<mjloggm ver="2.3"><GO type="41"/><UN n0="%53%48%49%41%4E" n1="%74%61%73%68" n2="%E3%82%A6%E3%83%AB%E3%83%88%E3%83%A9%E7%AB%8B%E7%9B%B4" n3="%58%50%45%52%49%41" dan="13,14,15,13" rate="1847,1997,1957,1851" sx="M,M,M,M"/><TAIKYOKU oya="0"/><INIT seed="0,0,0,5,4,112" ten="250,250,250,250" oya="0" hai0="49,82,68,10,115,70,2,48,109,89,51,7,99" hai1="81,39,120,135,40,30,106,124,94,47,118,105,127" hai2="131,125,37,97,16,85,9,64,63,5,32,110,14" hai3="8,73,107,129,31,93,36,133,67,29,56,43,101"/><T103/><D115/><U117/><E30/><V54/><F32/><W116/><G73/><T58/><D109/><U1/><E94/><V88/><F110/><W86/><G107/><N who="1" m="40970" /><E81/><V108/><F108/><W19/><G129/><T121/><D121/><U25/><E25/><V59/><F131/><W104/><G104/><T69/><D103/><U44/><E120/><V20/><F97/><W84/><G36/><T74/><D99/><U46/><E1/><V75/><F37/><W123/><G43/><T4/><D4/><U41/><E39/><V0/><F75/><W80/><G67/><T134/><D134/><U95/><E95/><V15/><F125/><N who="1" m="48201" /><E135/><V52/><F0/><W38/><G38/><T83/><D89/><U90/><E90/><V130/><F130/><W77/><G133/><T113/><D113/><U3/><E3/><V17/><F5/><W66/><G66/><T28/><D28/><U100/><E100/><V92/><AGARI ba="0,0" hai="9,14,15,16,17,20,52,54,59,63,64,85,88,92" machi="92" ten="20,12000,2" yaku="0,1,7,1,8,1,54,3" doraHai="112" who="2" fromWho="2" sc="250,-60,250,-30,250,120,250,-30" /><INIT seed="1,0,0,5,5,111" ten="190,220,370,220" oya="1" hai0="97,12,74,94,38,108,93,1,32,72,27,52,120" hai1="23,55,87,17,11,24,18,83,92,42,89,6,59" hai2="5,9,77,4,130,20,45,30,128,131,133,129,91" hai3="104,48,68,34,57,66,33,134,46,106,8,41,39"/><U103/><E42/><V35/><F128/><W65/><G65/><T116/><D116/><U25/><E103/><V102/><F77/><W16/><G134/><T119/><D119/><U14/><E83/><V112/><F35/><W98/><G33/><T62/><D38/><U56/><REACH who="1" step="1"/><E55/><REACH who="1" ten="190,210,370,220" step="2"/><V121/><F102/><W67/><G66/><T58/><D120/><U29/><E29/><V113/><F121/><W50/><G67/><T126/><D108/><U105/><E105/><V85/><F30/><W132/><G106/><T26/><D52/><U21/><AGARI ba="0,1" hai="6,11,14,17,18,21,23,24,25,56,59,87,89,92" machi="21" ten="30,11700,0" yaku="1,1,0,1,9,1,8,1,53,0" doraHai="111" doraHaiUra="96" who="1" fromWho="1" sc="190,-39,210,127,370,-39,220,-39" /><INIT seed="1,1,0,1,1,47" ten="151,337,331,181" oya="1" hai0="23,87,39,28,104,36,129,21,58,111,50,22,124" hai1="80,35,71,42,118,105,115,89,43,135,75,82,51" hai2="2,119,5,3,6,81,17,107,37,27,15,33,94" hai3="110,78,49,29,9,64,127,100,20,16,54,91,18"/><U108/><E35/><V98/><F107/><W12/><G127/><T83/><D104/><U4/><E105/><V55/><F119/><W34/><G34/><T72/><D124/><U125/><E71/><V85/><F37/><W14/><G78/><T44/><D72/><U97/><E125/><V67/><F67/><W63/><G100/><T126/><D111/><U73/><E118/><V48/><F3/><W8/><G110/><T13/><D129/><U0/><E108/><V95/><F2/><W62/><G91/><T57/><D13/><U93/><E4/><V92/><F98/><W60/><G29/><T1/><D1/><U77/><E0/><V114/><F114/><W52/><G54/><T99/><D99/><U79/><E115/><V86/><F27/><W109/><G109/><T90/><D28/><U38/><E38/><V101/><F101/><W31/><G31/><T65/><D58/><U121/><E121/><V112/><F33/><W132/><G132/><T30/><D30/><U116/><E116/><V10/><F112/><W88/><G88/><T123/><D123/><U74/><E135/><V68/><F68/><W56/><REACH who="3" step="1"/><G20/><REACH who="3" ten="151,337,331,171" step="2"/><T32/><D126/><U53/><REACH who="1" step="1"/><E75/><REACH who="1" ten="151,327,331,171" step="2"/><V133/><F133/><W70/><AGARI ba="1,2" hai="8,9,12,14,16,18,49,52,56,60,62,63,64,70" machi="70" ten="20,16000,3" yaku="1,1,2,1,0,1,7,1,9,1,52,1,54,2,53,0" doraHai="47" doraHaiUra="25" who="3" fromWho="3" sc="151,-41,327,-81,331,-41,171,183" /><INIT seed="2,0,0,3,3,5" ten="110,246,290,354" oya="2" hai0="48,55,95,121,127,119,41,24,114,62,118,125,36" hai1="40,22,80,74,33,11,85,43,8,9,12,75,117" hai2="47,27,94,59,7,134,102,65,79,3,122,68,86" hai3="104,72,50,76,46,103,42,69,77,2,17,32,113"/><V44/><F68/><W54/><G32/><T58/><D121/><U70/><E70/><V52/><F122/><W64/><G72/><T39/><D24/><U63/><E63/><V23/><F134/><W25/><G2/><T110/><D95/><U88/><E33/><V82/><F3/><W26/><G104/><T100/><D100/><U56/><E56/><V105/><F105/><W35/><G103/><T14/><D14/><U96/><E117/><N who="0" m="44553" /><D114/><U115/><E115/><V130/><F130/><W81/><G35/><T108/><D41/><U87/><E75/><V38/><F38/><N who="0" m="14378" /><D48/><U128/><E128/><V89/><F7/><W61/><G113/><T49/><D49/><U21/><E74/><V116/><F116/><W57/><G81/><T135/><D135/><U31/><E96/><V112/><F112/><W13/><G77/><T18/><D18/><N who="1" m="10439" /><E87/><V111/><F102/><W132/><G76/><T97/><D97/><U126/><E126/><AGARI ba="0,0" hai="55,58,62,108,110,125,126,127" m="14378,44553" machi="126" ten="40,8000,1" yaku="18,1,12,1,34,2" doraHai="5" who="0" fromWho="1" sc="110,80,246,-80,290,0,354,0" /><INIT seed="3,0,0,5,1,57" ten="190,166,290,354" oya="3" hai0="123,62,86,22,45,111,17,56,20,89,65,126,114" hai1="84,13,21,82,95,105,63,75,12,59,8,118,130" hai2="108,47,106,42,133,48,92,31,90,87,121,100,79" hai3="33,94,112,60,135,5,25,80,38,124,115,125,52"/><W2/><G38/><T98/><D123/><U101/><E105/><V71/><F121/><W127/><G2/><T69/><D126/><U50/><E75/><V26/><F133/><W35/><G5/><T117/><D111/><U97/><E130/><V36/><F108/><W78/><G94/><T66/><D22/><U3/><E118/><V34/><F79/><W23/><G135/><T40/><D114/><U96/><E96/><V41/><F41/><W11/><G11/><T122/><D98/><U73/><E73/><V116/><F116/><W44/><G44/><T1/><D1/><U7/><E50/><V85/><F100/><W120/><G120/><T19/><D19/><U132/><E132/><V103/><F103/><W4/><G4/><T88/><D122/><U18/><E3/><V74/><F74/><N who="3" m="43095" /><G112/><T43/><D89/><U91/><REACH who="1" step="1"/><E59/><REACH who="1" ten="190,156,290,354" step="2"/><V93/><F106/><W107/><G107/><T29/><D117/><U54/><E54/><V28/><F48/><W39/><G39/><T67/><D69/><U68/><E68/><V102/><F71/><W77/><G115/><T6/><D43/><U14/><E14/><V131/><F42/><W109/><G109/><T30/><D40/><U32/><E32/><V72/><F36/><W70/><G70/><T53/><D45/><U0/><E0/><V81/><F47/><W27/><G35/><T24/><D6/><U99/><E99/><N who="2" m="59751" /><F34/><W134/><G33/><T16/><D30/><U15/><E15/><V110/><F31/><W37/><G37/><T76/><D76/><U104/><E104/><V128/><F110/><RYUUKYOKU ba="0,1" sc="190,15,156,15,290,-15,354,-15" hai0="16,17,20,24,29,53,56,62,65,66,67,86,88" hai1="7,8,12,13,18,21,63,82,84,91,95,97,101" /><INIT seed="4,1,1,5,3,58" ten="205,171,275,339" oya="0" hai0="6,87,114,18,73,86,46,40,74,15,14,44,82" hai1="22,130,27,41,34,107,35,39,96,117,97,101,50" hai2="25,47,55,135,77,64,51,11,19,75,94,26,124" hai3="119,95,66,13,62,99,123,106,9,125,69,37,60"/><T59/><D114/><U29/><E130/><V89/><F75/><W88/><G37/><T56/><D6/><U72/><E117/><V49/><F77/><W45/><G119/><T67/><D18/><U103/><E72/><V30/><F124/><W84/><G125/><T105/><D67/><U21/><E39/><V28/><F135/><W3/><G3/><T115/><D115/><U20/><E35/><V10/><F64/><W57/><G45/><T23/><D23/><U17/><E50/><V133/><F51/><W126/><G126/><T52/><D105/><U104/><REACH who="1" step="1"/><E41/><REACH who="1" ten="205,161,275,339" step="2"/><V132/><F132/><W111/><G111/><T127/><D127/><U93/><E93/><V116/><F116/><W83/><G123/><T113/><D113/><U38/><E38/><V110/><F133/><W81/><G106/><T1/><D40/><U128/><E128/><V24/><F110/><W90/><G81/><T120/><D82/><U8/><E8/><V32/><F32/><W118/><G118/><T53/><D120/><U121/><E121/><V76/><F76/><W129/><G129/><T131/><D131/><U70/><E70/><V68/><F68/><W48/><G48/><T54/><D74/><U16/><AGARI ba="1,2" hai="16,17,20,21,22,27,29,34,96,97,101,103,104,107" machi="16" ten="30,7900,0" yaku="1,1,0,1,9,1,54,1,53,0" doraHai="58" doraHaiUra="91" who="1" fromWho="1" sc="205,-40,161,102,275,-21,339,-21" /><INIT seed="5,0,0,2,2,27" ten="165,263,254,318" oya="1" hai0="133,2,103,105,7,33,122,81,22,14,63,54,89" hai1="109,123,76,127,35,112,57,31,69,128,51,62,36" hai2="100,15,66,129,38,30,73,68,91,92,6,43,93" hai3="70,40,21,42,74,29,44,88,99,47,16,60,65"/><U106/><RYUUKYOKU type="yao9" ba="0,0" sc="165,0,263,0,254,0,318,0" hai1="31,35,36,51,57,62,69,76,106,109,112,123,127,128" /><INIT seed="5,1,0,4,3,65" ten="165,263,254,318" oya="1" hai0="101,90,109,27,22,133,104,20,80,128,29,68,92" hai1="93,6,100,85,43,64,86,53,60,119,91,55,50" hai2="115,66,11,7,32,28,120,36,34,15,75,8,23" hai3="77,112,58,127,95,97,107,87,25,3,57,88,124"/><U116/><E6/><V84/><F75/><W51/><G3/><T103/><D68/><U89/><E100/><V73/><F73/><W47/><G112/><T83/><D128/><U79/><E79/><V74/><F36/><W114/><G114/><T21/><D109/><U24/><E24/><N who="2" m="16415" /><F74/><W45/><G45/><T14/><D104/><U71/><E43/><V134/><F66/><W125/><G107/><T132/><D14/><U40/><E40/><V42/><F84/><W129/><G129/><T61/><D61/><U117/><REACH who="1" step="1"/><E50/><REACH who="1" ten="165,253,254,318" step="2"/><V18/><F42/><W76/><G25/><T16/><D103/><U96/><E96/><V19/><F115/><W78/><G97/><T131/><D101/><U12/><E12/><N who="2" m="7431" /><F120/><W108/><G108/><T0/><D131/><U26/><E26/><V38/><F38/><W72/><G72/><T56/><D27/><U52/><E52/><AGARI ba="1,1" hai="47,51,52,57,58,76,77,78,87,88,95,124,125,127" machi="52" ten="50,6400,0" yaku="18,1,54,2" doraHai="65" who="3" fromWho="1" sc="165,0,253,-67,254,0,318,77" /><INIT seed="6,0,0,3,5,112" ten="165,186,254,395" oya="2" hai0="87,11,46,6,110,22,108,125,129,66,52,90,101" hai1="118,57,51,4,78,117,119,74,50,96,54,26,113" hai2="49,89,56,14,77,131,15,44,121,59,82,114,79" hai3="81,29,115,106,61,91,120,32,45,69,16,109,37"/><V53/><F114/><W2/><G115/><T58/><D129/><U1/><E113/><V17/><F131/><W128/><G2/><T73/><D125/><U18/><E96/><V70/><F70/><W135/><G106/><T88/><D73/><U111/><E111/><V86/><F121/><W134/><G109/><T25/><D66/><U92/><E92/><V41/><F15/><W93/><G32/><T39/><D101/><U27/><E78/><V24/><F24/><W43/><G128/><T132/><D90/><U124/><E74/><V31/><F31/><W20/><G29/><T42/><D132/><U127/><E4/><V40/><F59/><W67/><G81/><T68/><D68/><U75/><E75/><V63/><REACH who="2" step="1"/><F41/><REACH who="2" ten="165,186,244,395" step="2"/><W126/><G120/><T47/><D110/><U30/><E30/><V55/><F55/><W100/><G126/><N who="1" m="48170" /><E1/><V95/><F95/><W97/><G100/><T13/><D108/><U133/><E133/><V19/><F19/><W116/><G116/><T123/><D123/><U105/><E105/><V65/><F65/><W76/><G135/><T34/><D42/><U72/><E72/><V85/><F85/><W122/><G122/><T7/><D7/><U38/><E38/><V35/><F35/><W94/><G93/><N who="0" m="54431" /><D34/><U64/><E64/><V33/><F33/><W103/><G103/><T99/><D39/><U8/><E51/><V3/><F3/><W107/><G107/><T71/><D71/><U10/><E18/><V62/><F62/><W21/><G134/><T12/><D12/><U84/><E84/><V83/><F83/><RYUUKYOKU ba="0,1" sc="165,-15,186,15,244,15,395,-15" hai1="8,10,26,27,50,54,57,117,118,119" hai2="14,17,40,44,49,53,56,63,77,79,82,86,89" /><INIT seed="6,1,1,3,1,89" ten="150,201,259,380" oya="2" hai0="134,34,86,104,93,12,100,55,70,6,64,28,23" hai1="7,49,118,91,54,121,68,74,105,122,71,2,82" hai2="56,77,30,50,60,80,66,35,11,81,51,14,102" hai3="65,25,123,8,40,108,113,119,128,73,125,36,29"/><V87/><F102/><W107/><RYUUKYOKU type="yao9" ba="1,1" sc="150,0,201,0,259,0,380,0" hai3="8,25,29,36,40,65,73,107,108,113,119,123,125,128" /><INIT seed="6,2,1,2,0,40" ten="150,201,259,380" oya="2" hai0="130,107,20,132,25,97,73,71,118,125,47,57,65" hai1="4,106,112,91,114,117,116,95,93,66,5,101,75" hai2="35,36,126,51,99,42,45,58,98,17,89,129,49" hai3="54,48,14,115,94,133,88,34,135,123,100,63,86"/><V38/><F35/><W46/><G34/><T23/><D132/><U79/><E66/><V27/><F126/><W119/><G119/><N who="1" m="45642" /><E5/><V83/><F129/><W43/><G123/><T21/><D118/><U69/><E4/><V16/><F38/><W7/><G100/><T70/><D73/><U120/><E69/><V102/><F36/><W41/><G63/><T53/><D130/><U76/><E75/><V19/><F27/><W13/><G7/><T28/><D71/><U127/><E106/><V0/><F0/><W105/><G105/><T39/><D70/><U84/><E127/><V134/><F134/><N who="3" m="51211" /><G115/><N who="1" m="44074" /><E120/><V96/><F102/><W18/><G13/><T61/><D125/><U15/><E15/><V124/><F124/><W55/><G41/><T56/><D107/><U109/><E109/><V52/><F83/><W92/><G92/><AGARI ba="2,1" hai="16,17,19,42,45,49,51,52,58,89,92,96,98,99" machi="92" ten="40,12000,1" yaku="8,1,52,1,54,2" doraHai="40" who="2" fromWho="3" sc="150,0,201,0,259,136,380,-126" /><INIT seed="6,3,0,2,3,29" ten="150,201,395,254" oya="2" hai0="119,87,0,15,30,80,121,68,117,34,100,43,4" hai1="19,130,42,59,9,23,44,8,27,118,38,95,69" hai2="133,48,7,53,46,129,36,26,88,28,73,131,91" hai3="107,51,71,122,25,64,76,18,37,74,120,5,14"/><V85/><F73/><W132/><G107/><T111/><D68/><U12/><E118/><V98/><F36/><W124/><G37/><T114/><D121/><U104/><E130/><V50/><F7/><W99/><G71/><T10/><D100/><U134/><E134/><V123/><F123/><W75/><G64/><T116/><D114/><U93/><E69/><V125/><F133/><W83/><G132/><T63/><D43/><U3/><E104/><V49/><F125/><W66/><G66/><T16/><D63/><U86/><E9/><V103/><F91/><W126/><G74/><T33/><D111/><U101/><E101/><V55/><F98/><W135/><G135/><T92/><D92/><U32/><E59/><V90/><F103/><W45/><G5/><T35/><D87/><U84/><E86/><V65/><F65/><W54/><G25/><N who="0" m="18639" /><D80/><U79/><E79/><V60/><F90/><W110/><G110/><T77/><D77/><U6/><REACH who="1" step="1"/><E84/><REACH who="1" ten="150,191,395,254" step="2"/><V20/><F129/><W127/><REACH who="3" step="1"/><G99/><REACH who="3" ten="150,191,395,244" step="2"/><T97/><D97/><U62/><E62/><V52/><F60/><W17/><G17/><T56/><D56/><U89/><E89/><V24/><F131/><W13/><G13/><T78/><D78/><U21/><E21/><AGARI ba="3,2" hai="14,18,21,45,51,54,75,76,83,120,122,124,126,127" machi="21" ten="40,5200,0" yaku="1,1,18,1,53,1" doraHai="29" doraHaiUra="11" who="3" fromWho="1" sc="150,0,191,-61,395,0,244,81" /><AGARI ba="3,0" hai="0,4,10,15,16,21,34,35,116,117,119" m="18639" machi="21" ten="30,16000,3" yaku="24,1,12,1,34,2,52,3,54,1" doraHai="29" who="0" fromWho="1" sc="150,160,130,-160,395,0,325,0" owari="310,-9.0,-30,-53.0,395,49.0,325,13.0" /></mjloggm>