<mjloggm ver="2.3"><GO type="169" lobby="0"/><UN n0="%E3%83%90%E3%83%AB%E3%81%B0%E3%82%8B" n1="%E6%9C%88%E9%95%B7%E7%9F%B3" n2="%EF%BC%88%E2%89%A7%E2%96%BD%E2%89%A6%EF%BC%89" n3="%E6%B0%97%E6%A5%BD%E3%81%AB%E6%89%93%E3%81%A4" dan="16,16,18,16" rate="2033.25,2111.10,2182.89,2176.93" sx="M,M,M,M"/><TAIKYOKU oya="0"/><INIT seed="0,0,0,4,3,8" ten="250,250,250,250" oya="0" hai0="64,1,85,11,102,24,128,41,98,92,15,7,113" hai1="34,5,130,91,38,52,118,104,107,33,125,117,58" hai2="83,32,131,133,22,2,49,68,93,90,79,57,50" hai3="126,6,78,73,66,70,44,88,97,71,82,129,100"/><T116/><D128/><U56/><E38/><V81/><F32/><W122/><G129/><T10/><D113/><U119/><E125/><V75/><F68/><W115/><G115/><T61/><D116/><U4/><E130/><V110/><F2/><W72/><G126/><T45/><D24/><U84/><E34/><V43/><F131/><W30/><G122/><T80/><D11/><U19/><E33/><V135/><F43/><W132/><G132/><N who="2" m="50761" /><F81/><W65/><G30/><T12/><D61/><U47/><E47/><V20/><F110/><W54/><G72/><T94/><D94/><U120/><E19/><V99/><F57/><W21/><G6/><T96/><D96/><U69/><E69/><V26/><F22/><W37/><G21/><T63/><D63/><U18/><E18/><AGARI ba="0,0" hai="18,20,26,49,50,75,79,83,90,93,99" m="50761" machi="18" ten="30,1000,0" yaku="20,1" doraHai="8" who="2" fromWho="1" sc="250,0,250,-10,250,10,250,0" /><INIT seed="1,0,0,1,1,16" ten="250,240,260,250" oya="1" hai0="37,110,90,78,33,103,28,34,60,75,31,19,96" hai1="22,69,101,11,112,81,71,89,20,95,72,18,63" hai2="124,126,6,64,0,3,113,4,116,7,104,68,27" hai3="23,122,102,107,41,21,24,115,32,98,106,111,100"/><U50/><E112/><V86/><F104/><W94/><G115/><T43/><D90/><U130/><E130/><V88/><F116/><W46/><G122/><T117/><D110/><U74/><E101/><V62/><F27/><W118/><G111/><T123/><D60/><U80/><E11/><V2/><REACH who="2" step="1"/><F113/><REACH who="2" ten="250,240,250,250" step="2"/><W17/><G118/><T61/><D117/><U83/><E50/><V56/><F56/><W133/><G32/><T109/><D34/><U77/><E69/><V47/><F47/><W26/><G133/><T1/><D33/><U45/><E45/><V127/><F127/><W58/><G58/><T52/><D123/><U121/><E121/><V67/><F67/><W79/><G107/><T40/><D109/><U99/><E71/><V92/><AGARI ba="0,1" hai="0,2,3,4,6,7,62,64,68,86,88,92,124,126" machi="92" ten="40,8000,1" yaku="1,1,0,1,54,1,53,1" doraHai="16" doraHaiUra="66" who="2" fromWho="2" sc="250,-20,240,-40,250,90,250,-20" /><INIT seed="2,0,0,0,5,26" ten="230,200,340,230" oya="2" hai0="113,36,80,94,16,93,59,100,22,20,9,63,118" hai1="111,15,28,124,130,47,71,76,3,116,44,69,114" hai2="127,78,96,67,115,57,98,95,128,66,85,21,2" hai3="120,126,35,39,17,121,64,18,12,52,133,43,88"/><V106/><F2/><W81/><G126/><T42/><D113/><U5/><E124/><V77/><F106/><W19/><G133/><T45/><D80/><U92/><E130/><V49/><F115/><W135/><G135/><T38/><D118/><U108/><E116/><V27/><F128/><W13/><G35/><T32/><D32/><U53/><E114/><V1/><F1/><W97/><G64/><T37/><D9/><U34/><E76/><V122/><F122/><W86/><G97/><T129/><D129/><U84/><E3/><V10/><F10/><W7/><G7/><T6/><D6/><U25/><E5/><V46/><F98/><W107/><G107/><T89/><D100/><U125/><E15/><V50/><F50/><W65/><G65/><N who="2" m="24585" /><F57/><W112/><G112/><T24/><D22/><U83/><E125/><V99/><F85/><W60/><G121/><T131/><D131/><U30/><E84/><V110/><F99/><W31/><G120/><T70/><D70/><U105/><E105/><V8/><F8/><W82/><G86/><T101/><D101/><U75/><E75/><V56/><F56/><W29/><G39/><T23/><D37/><U102/><E102/><N who="2" m="60703" /><F127/><W123/><G123/><T33/><D38/><U41/><E34/><V48/><F48/><W40/><G60/><T119/><D33/><U90/><E69/><V14/><F14/><N who="3" m="5739" /><G88/><T51/><D89/><U91/><E71/><V74/><F74/><W103/><G103/><T68/><D119/><U54/><E90/><V109/><F78/><W134/><G134/><T58/><D36/><RYUUKYOKU ba="0,0" sc="230,0,200,0,340,0,230,0" /><INIT seed="3,1,0,4,1,33" ten="230,200,340,230" oya="3" hai0="26,94,89,51,120,13,2,9,12,133,47,67,102" hai1="99,64,31,0,54,84,114,79,60,61,16,49,131" hai2="83,107,15,36,52,53,37,117,63,88,113,42,34" hai3="121,4,55,75,122,127,27,73,103,69,119,80,128"/><W68/><G119/><T123/><D133/><U97/><E114/><V78/><F107/><W57/><G103/><T59/><D26/><U126/><E126/><V29/><F113/><W108/><G127/><T104/><D102/><U11/><E131/><V72/><F117/><W35/><G128/><T58/><D104/><U39/><E39/><V98/><F34/><W50/><G108/><T38/><D38/><U129/><E31/><V44/><F29/><W46/><G4/><T116/><D116/><U20/><E129/><V91/><F37/><W43/><G35/><T5/><D13/><U105/><E105/><V1/><F1/><W101/><G101/><T17/><D67/><U87/><E61/><V135/><F135/><W71/><G27/><T130/><D123/><U134/><E134/><V112/><F112/><W8/><G8/><T7/><D120/><U95/><E99/><V74/><F74/><W18/><G18/><T32/><D32/><U3/><E11/><V118/><F118/><W40/><G75/><T14/><D2/><U19/><E79/><V81/><F15/><W109/><G109/><T86/><D130/><U77/><E77/><V56/><F98/><W82/><G40/><N who="0" m="25063" /><D5/><U30/><E30/><V10/><F10/><AGARI ba="1,0" hai="7,9,10,12,14,17,58,59,86,89,94" m="25063" machi="10" ten="30,1000,0" yaku="8,1" doraHai="33" who="0" fromWho="2" sc="230,13,200,0,340,-13,230,0" /><INIT seed="4,0,0,3,4,119" ten="243,200,327,230" oya="0" hai0="105,98,29,135,49,37,24,85,109,36,13,92,53" hai1="40,68,19,79,89,11,2,18,33,114,87,15,83" hai2="4,25,52,34,39,51,16,14,115,54,9,101,72" hai3="60,106,21,95,123,107,110,91,58,90,35,23,3"/><T41/><D41/><U17/><E68/><V55/><F72/><W5/><G35/><T30/><D135/><U93/><E33/><V82/><F39/><W8/><G110/><T99/><D109/><U50/><E2/><V120/><F120/><W61/><G123/><T42/><D42/><U130/><E130/><V20/><F115/><W28/><G61/><T0/><D0/><U80/><E114/><V56/><F101/><W116/><G116/><T124/><D124/><U104/><E104/><V126/><F126/><W118/><G118/><T27/><D13/><U122/><E122/><V73/><REACH who="2" step="1"/><F34/><REACH who="2" ten="243,200,317,230" step="2"/><W32/><G32/><T113/><D37/><U10/><E10/><V65/><F65/><W78/><G107/><T74/><D36/><U1/><E1/><V44/><F44/><W97/><G106/><T128/><D74/><U134/><E134/><V84/><F84/><W108/><G108/><T47/><D128/><U131/><E131/><V67/><F67/><W12/><G3/><T48/><D85/><U102/><E102/><V7/><F7/><W63/><G5/><T88/><D113/><U133/><E133/><V43/><F43/><W59/><G8/><T26/><D105/><U111/><E111/><V117/><F117/><W76/><G97/><T38/><D38/><U132/><E132/><V121/><F121/><W69/><G69/><T64/><D64/><U46/><REACH who="1" step="1"/><E80/><REACH who="1" ten="243,190,317,230" step="2"/><V31/><F31/><W103/><G103/><T129/><D129/><U125/><E125/><V77/><AGARI ba="0,2" hai="4,9,14,16,20,25,51,52,54,55,56,73,77,82" machi="77" ten="30,7900,0" yaku="1,1,0,1,54,2,53,0" doraHai="119" doraHaiUra="66" who="2" fromWho="2" sc="243,-39,190,-20,317,99,230,-20" /><INIT seed="5,0,0,5,2,59" ten="204,170,416,210" oya="1" hai0="135,21,42,11,85,113,103,121,5,116,130,46,84" hai1="51,117,12,97,41,69,0,54,60,82,39,37,125" hai2="13,99,6,8,102,105,32,108,119,22,129,66,77" hai3="3,15,20,14,88,18,86,73,67,68,16,48,120"/><U101/><E117/><V110/><F32/><W89/><G120/><T1/><D113/><U34/><E125/><V80/><F119/><W90/><G73/><T126/><D135/><U123/><E0/><V111/><F129/><W27/><G3/><T7/><D130/><U87/><E123/><V70/><F70/><W109/><G109/><T94/><D116/><U57/><E34/><V56/><F22/><W74/><G74/><T112/><D112/><U61/><E12/><V75/><F56/><W115/><G115/><T81/><D126/><U114/><E114/><V83/><F83/><W98/><G48/><T93/><D103/><U2/><E2/><V79/><F66/><W50/><G50/><T43/><D43/><U133/><E133/><V45/><F45/><W92/><G18/><T35/><D35/><U28/><E28/><V31/><F31/><W72/><G72/><T58/><D5/><U78/><E41/><V19/><F79/><W64/><G64/><T124/><D124/><U33/><E33/><V38/><F38/><W9/><G9/><T107/><D21/><U95/><REACH who="1" step="1"/><E69/><REACH who="1" ten="204,160,416,210" step="2"/><V127/><F127/><W100/><REACH who="3" step="1"/><G86/><REACH who="3" ten="204,160,416,200" step="2"/><T23/><D85/><U49/><E49/><V71/><F108/><W47/><G47/><T91/><D121/><U132/><E132/><V52/><F111/><W4/><G4/><T128/><D128/><U55/><E55/><V40/><F52/><W134/><G134/><T17/><D46/><U131/><E131/><V96/><F110/><W106/><G106/><T76/><D107/><U53/><E53/><V25/><F105/><RYUUKYOKU ba="0,2" sc="204,-15,160,15,416,-15,200,15" hai1="37,39,51,54,57,60,61,78,82,87,95,97,101" hai3="14,15,16,20,27,67,68,88,89,90,92,98,100" /><INIT seed="5,1,2,3,2,80" ten="189,175,401,215" oya="1" hai0="82,23,6,100,108,18,37,109,91,61,132,73,35" hai1="20,110,97,112,27,5,131,90,107,63,10,57,81" hai2="9,47,120,62,28,106,17,36,78,46,134,51,128" hai3="99,38,21,123,48,119,14,25,54,86,42,65,31"/><U55/><E131/><V3/><F106/><W76/><G123/><T104/><D35/><U111/><E112/><V59/><F120/><W105/><G119/><T96/><D37/><U33/><E33/><V92/><F128/><W60/><G38/><T69/><D6/><U50/><E50/><V85/><F134/><W135/><G135/><T77/><D132/><U114/><E114/><V49/><F36/><W70/><G42/><T71/><D91/><U118/><E118/><V130/><F28/><W11/><G105/><T129/><D129/><U53/><E53/><V34/><F34/><W40/><G40/><T15/><REACH who="0" step="1"/><D61/><REACH who="0" ten="179,175,401,215" step="2"/><U72/><E107/><V0/><F62/><W117/><G60/><T22/><D22/><U89/><E90/><V95/><F130/><W16/><G117/><T98/><D98/><U79/><E97/><V124/><F49/><W39/><G99/><T115/><D115/><U7/><E89/><V64/><F51/><W44/><G39/><T101/><D101/><U121/><E121/><V126/><F78/><W41/><G76/><T116/><D116/><U127/><E127/><V13/><F124/><W12/><G48/><T56/><D56/><U29/><REACH who="1" step="1"/><E5/><REACH who="1" ten="179,165,401,215" step="2"/><V66/><F126/><W125/><G125/><T8/><D8/><U74/><E74/><V19/><F9/><W58/><G11/><T30/><D30/><U88/><E88/><V93/><F19/><W2/><G16/><T83/><D83/><U102/><E102/><V45/><F17/><W52/><G31/><T68/><AGARI ba="1,4" hai="15,18,23,68,69,71,73,77,82,96,100,104,108,109" machi="68" ten="30,7900,0" yaku="1,1,0,1,53,2" doraHai="80" doraHaiUra="122" who="0" fromWho="0" sc="179,122,165,-40,401,-21,215,-21" /><INIT seed="6,0,0,4,3,60" ten="301,125,380,194" oya="2" hai0="95,109,14,3,72,73,74,119,8,88,2,91,68" hai1="129,81,17,121,78,117,70,31,20,122,134,118,101" hai2="12,124,85,32,126,93,83,125,11,10,41,58,4" hai3="132,112,114,49,66,6,29,53,99,90,19,36,1"/><V96/><F32/><W77/><G36/><T64/><D109/><U65/><E31/><V46/><F58/><W128/><G132/><T44/><D44/><U80/><E134/><V42/><F11/><N who="3" m="2511" /><G128/><T45/><D45/><U113/><E129/><V110/><F110/><W123/><G123/><N who="1" m="47114" /><E113/><N who="3" m="43626" /><G29/><T24/><D24/><N who="1" m="14351" /><E101/><N who="2" m="60559" /><F46/><N who="3" m="27831" /><G77/><AGARI ba="0,0" hai="4,10,12,41,42,77,83,85,124,125,126" m="60559" machi="77" ten="30,1500,0" yaku="18,1" doraHai="60" who="2" fromWho="3" sc="301,0,125,0,380,15,194,-15" /><INIT seed="6,1,0,3,5,6" ten="301,125,395,179" oya="2" hai0="21,34,111,134,27,104,90,71,68,129,83,79,97" hai1="19,86,29,58,66,65,11,10,92,44,24,89,121" hai2="102,120,5,39,81,55,50,135,67,47,125,99,7" hai3="60,107,18,70,122,49,96,110,42,124,52,48,73"/><V33/><F33/><W84/><G110/><T105/><D111/><U43/><E121/><V108/><F108/><W14/><G122/><T132/><D34/><U46/><E19/><V3/><F120/><W106/><G73/><T9/><D129/><U72/><E72/><V61/><F3/><W36/><G124/><T31/><D9/><N who="1" m="3083" /><E58/><V127/><F39/><W98/><G36/><T51/><D51/><N who="1" m="27039" /><E46/><V2/><F47/><N who="3" m="25719" /><G70/><T126/><D126/><U53/><E53/><V112/><F55/><W80/><G60/><T103/><D71/><U88/><E89/><V0/><F125/><W12/><G18/><T13/><D90/><U113/><E113/><V22/><F112/><W75/><G75/><T82/><D68/><U63/><E63/><V64/><F61/><W35/><G35/><T114/><D105/><U95/><E95/><V20/><F127/><W16/><G107/><T32/><D32/><U54/><E54/><V57/><F57/><N who="3" m="32911" /><G106/><T116/><D114/><U23/><AGARI ba="1,0" hai="23,24,29,65,66,86,88,92" m="27039,3083" machi="23" ten="30,8000,1" yaku="8,1,52,3,54,1" doraHai="6" who="1" fromWho="1" sc="301,-21,125,83,395,-41,179,-21" /><INIT seed="7,0,0,1,0,98" ten="280,208,354,158" oya="3" hai0="4,128,70,36,57,132,89,64,123,113,45,26,106" hai1="135,21,40,101,30,11,78,67,80,17,8,124,110" hai2="115,33,130,34,91,95,109,55,100,92,126,41,74" hai3="24,68,65,5,37,23,111,6,19,93,118,97,60"/><W87/><G118/><T16/><D128/><U104/><E124/><V3/><F3/><W66/><G111/><T125/><D132/><U82/><E135/><V9/><F74/><W0/><G37/><T88/><D125/><U25/><E110/><V53/><F109/><W75/><G75/><T85/><D113/><U10/><E67/><V7/><F115/><W120/><G120/><T62/><D4/><U32/><E40/><V51/><F130/><W27/><G66/><T134/><D123/><U83/><E104/><V20/><F34/><W79/><G0/><T38/><D45/><U15/><REACH who="1" step="1"/><E101/><REACH who="1" ten="280,198,354,158" step="2"/><V122/><F41/><W121/><G121/><T116/><D106/><U131/><E131/><V119/><F100/><N who="3" m="60463" /><G68/><T50/><D134/><U35/><E35/><V71/><F71/><W13/><G65/><T127/><D127/><U48/><E48/><V81/><F33/><W129/><G129/><T61/><D50/><U54/><E54/><V99/><F122/><W72/><G60/><T29/><D38/><U69/><E69/><V117/><F126/><W86/><G72/><AGARI ba="0,1" hai="8,10,11,15,17,21,25,30,32,72,78,80,82,83" machi="72" ten="40,1300,0" yaku="1,1,53,0" doraHai="98" doraHaiUra="52" who="1" fromWho="3" sc="280,0,198,23,354,0,158,-13" owari="280,8.0,221,-18.0,354,45.0,145,-35.0" /></mjloggm>