<mjloggm ver="2.3"><GO type="41"/><UN n0="%EF%BC%88%E2%89%A7%E2%96%BD%E2%89%A6%EF%BC%89" n1="%E3%83%A4%E3%83%A4%E3%83%A4" n2="%6A%69%6D%61%73%61%6E%31" n3="%61%6E%61%6C%76%61%62" dan="15,14,14,13" rate="1994,1947,1905,1850" sx="M,M,M,M"/><TAIKYOKU oya="0"/><INIT seed="0,0,0,3,0,90" ten="250,250,250,250" oya="0" hai0="74,18,76,122,50,67,52,9,131,20,77,58,98" hai1="104,31,86,25,75,41,95,79,8,23,46,48,2" hai2="73,34,7,70,66,84,91,85,55,108,32,14,54" hai3="26,128,10,94,89,97,19,105,38,114,24,121,5"/><T119/><D119/><U69/><E104/><V21/><F73/><W118/><G114/><T87/><D122/><U56/><E69/><V107/><F107/><W27/><G118/><T33/><D33/><U11/><E75/><V111/><F66/><W0/><G38/><T13/><D131/><U80/><E2/><V113/><F70/><W57/><G128/><T101/><D74/><U106/><E106/><V126/><F113/><W43/><G43/><T125/><D125/><U133/><E133/><V78/><F126/><W123/><G105/><T103/><D67/><U36/><E36/><V88/><F78/><N who="0" m="30314" /><D87/><N who="2" m="33354" /><F7/><W120/><G57/><T53/><D98/><U93/><E56/><V28/><F28/><W39/><REACH who="3" step="1"/><G39/><REACH who="3" ten="250,250,250,240" step="2"/><T92/><D53/><N who="2" m="19978" /><F14/><W49/><G49/><T116/><D116/><U15/><REACH who="1" step="1"/><E11/><REACH who="1" ten="250,240,250,240" step="2"/><V64/><F108/><W17/><AGARI ba="0,2" hai="0,5,10,17,19,24,26,27,89,94,97,120,121,123" machi="17" ten="40,8000,1" yaku="1,1,0,1,13,1,52,1,53,0" doraHai="90" doraHaiUra="61" who="3" fromWho="3" sc="250,-40,240,-20,250,-20,240,100" /><INIT seed="1,0,0,5,5,83" ten="210,220,230,340" oya="1" hai0="87,53,4,42,29,41,93,94,95,25,37,89,30" hai1="129,102,7,47,11,45,108,128,110,73,51,133,3" hai2="92,40,100,34,106,23,46,55,54,35,74,79,56" hai3="72,60,10,125,43,77,44,2,39,81,132,19,78"/><U88/><E73/><V86/><F74/><W131/><G78/><T59/><D4/><U120/><E102/><V121/><F121/><W67/><G132/><T105/><D105/><U126/><E120/><V21/><F106/><W17/><G131/><N who="1" m="50250" /><E133/><V127/><F127/><W12/><G125/><T82/><D37/><U66/><E66/><V115/><F115/><W1/><G19/><T75/><D75/><U18/><E126/><V31/><F34/><W0/><G2/><T8/><D8/><U15/><E88/><N who="2" m="53271" /><F79/><W107/><G107/><T134/><D134/><U65/><E65/><V50/><F100/><W91/><G91/><T9/><D9/><N who="1" m="6511" /><E51/><N who="2" m="27079" /><F35/><W49/><G49/><T63/><REACH who="0" step="1"/><D30/><REACH who="0" ten="200,220,230,340" step="2"/><U5/><E5/><V58/><F31/><W6/><G17/><T90/><D90/><U119/><E119/><V70/><F70/><AGARI ba="0,1" hai="0,1,6,10,12,39,43,44,60,67,70,72,77,81" machi="70" ten="30,1000,0" yaku="7,1" doraHai="83" who="3" fromWho="2" sc="200,0,220,0,230,-10,340,20" /><INIT seed="2,0,0,2,5,99" ten="200,220,220,360" oya="2" hai0="77,57,123,100,35,43,108,18,16,130,1,101,37" hai1="21,3,112,93,97,96,128,104,39,82,109,60,6" hai2="34,22,41,0,11,107,33,88,131,111,27,65,36" hai3="52,10,58,102,81,61,32,125,28,116,31,7,118"/><V69/><F131/><W119/><G32/><T122/><D35/><U70/><E39/><V19/><F107/><W94/><G125/><T78/><D1/><U17/><E128/><V132/><F132/><W49/><G81/><T68/><D68/><U106/><E112/><V64/><F111/><W66/><G94/><T13/><D130/><U20/><E109/><V38/><F69/><W87/><G87/><T24/><D108/><U26/><E82/><V84/><F34/><W47/><REACH who="3" step="1"/><G102/><REACH who="3" ten="200,220,220,350" step="2"/><N who="0" m="39531" /><D123/><U110/><E104/><V48/><F33/><W105/><G105/><T103/><D122/><U121/><E106/><V50/><F36/><W89/><G89/><T113/><D37/><U74/><E110/><V85/><F38/><W90/><G90/><T2/><D113/><U63/><E121/><V86/><F41/><W135/><G135/><T44/><D103/><U29/><E93/><N who="2" m="54407" /><F0/><AGARI ba="0,1" hai="0,7,10,28,31,47,49,52,58,61,66,116,118,119" machi="0" ten="40,8000,1" yaku="1,1,54,1,53,3" doraHai="99" doraHaiUra="114" who="3" fromWho="2" sc="200,0,220,0,220,-80,350,90" /><INIT seed="3,0,0,5,5,65" ten="200,220,140,440" oya="3" hai0="42,7,1,105,115,6,135,67,63,133,51,35,124" hai1="48,73,107,16,109,80,20,41,84,85,125,23,70" hai2="90,131,100,103,61,64,99,68,45,14,98,31,72" hai3="17,47,21,2,12,15,106,54,129,5,119,58,126"/><W46/><G119/><T8/><D105/><U10/><E73/><V56/><F72/><W95/><G106/><T118/><D118/><U53/><E107/><V110/><F110/><W59/><G126/><T27/><D124/><U77/><E109/><V93/><F131/><W92/><G129/><T112/><D7/><U75/><E125/><V87/><F31/><W34/><G34/><T49/><D42/><U71/><E75/><V96/><F14/><W9/><G2/><T102/><D102/><U117/><E41/><V69/><REACH who="2" step="1"/><F45/><REACH who="2" ten="200,220,130,440" step="2"/><N who="3" m="16907" /><G58/><T76/><D1/><U57/><E117/><V4/><F4/><W83/><G83/><T104/><D6/><U29/><E10/><V82/><F82/><W60/><AGARI ba="0,1" hai="5,9,12,15,17,21,54,59,60,92,95" m="16907" machi="60" ten="30,1500,0" yaku="8,1" doraHai="65" who="3" fromWho="3" sc="200,-5,220,-5,130,-5,440,25" /><INIT seed="3,1,0,0,3,16" ten="195,215,125,465" oya="3" hai0="110,66,14,124,133,96,89,71,128,45,48,74,51" hai1="94,33,103,126,67,26,129,63,30,95,131,40,21" hai2="116,13,75,29,113,73,87,127,60,112,65,119,91" hai3="104,130,105,92,27,37,11,72,79,82,68,81,70"/><W117/><G117/><N who="2" m="45129" /><F29/><W76/><G37/><T52/><D74/><N who="2" m="28170" /><F13/><W132/><G132/><T106/><D71/><U18/><E126/><V17/><F17/><W22/><G92/><N who="0" m="56335" /><D106/><U118/><E40/><V84/><F60/><W50/><G130/><N who="1" m="49674" /><E103/><V107/><F65/><W24/><G11/><T122/><D133/><U125/><E125/><V100/><F127/><W64/><G50/><T98/><D124/><U25/><E118/><V86/><F91/><W58/><G70/><AGARI ba="1,0" hai="18,21,25,26,30,33,63,67,70,94,95" m="49674" machi="70" ten="30,2000,0" yaku="19,1,52,1" doraHai="16" who="1" fromWho="3" sc="195,0,215,23,125,0,465,-23" /><INIT seed="4,0,0,0,5,21" ten="195,238,125,442" oya="0" hai0="131,91,59,89,78,105,37,15,123,48,2,28,120" hai1="79,104,68,128,86,43,45,51,113,42,17,61,101" hai2="24,75,6,39,130,12,98,57,33,54,18,41,69" hai3="7,72,99,13,111,132,121,85,80,108,124,67,115"/><T49/><D2/><U1/><E1/><V74/><F69/><W26/><G67/><T135/><D37/><U81/><E113/><V87/><F130/><W109/><G115/><T133/><D105/><U14/><E128/><V116/><F116/><W62/><G72/><T107/><D107/><U9/><E104/><V55/><F33/><W31/><G121/><T3/><D3/><U83/><E101/><V90/><F6/><W70/><G124/><T38/><D38/><U23/><E68/><V34/><F98/><W16/><G132/><T8/><D131/><U19/><E61/><V5/><F5/><W102/><G7/><T84/><D28/><U96/><E83/><V122/><F122/><W106/><G70/><T40/><D78/><U76/><E96/><V88/><F39/><W30/><G62/><T4/><D123/><U58/><E58/><V118/><F41/><W114/><G114/><T73/><D73/><U53/><REACH who="1" step="1"/><E79/><REACH who="1" ten="195,228,125,442" step="2"/><V71/><F71/><W95/><G111/><T92/><D120/><U11/><E11/><V0/><F0/><W77/><G106/><T64/><D135/><U60/><E60/><V46/><F118/><W63/><G63/><N who="0" m="38015" /><D133/><U126/><E126/><V32/><F57/><W36/><G36/><T65/><D65/><U56/><E56/><V44/><F74/><W27/><G109/><T35/><D8/><U66/><E66/><V100/><F75/><W127/><G108/><T20/><D91/><U125/><E125/><V134/><F88/><W50/><G127/><T82/><D89/><U119/><E119/><V110/><F90/><RYUUKYOKU ba="0,1" sc="195,-10,228,30,125,-10,442,-10" hai1="9,14,17,19,23,42,43,45,51,53,76,81,86" /><INIT seed="5,1,1,3,0,49" ten="185,258,115,432" oya="1" hai0="75,102,97,72,73,118,120,0,121,124,32,53,39" hai1="95,74,111,3,65,31,125,96,44,59,30,8,54" hai2="108,106,81,90,99,36,130,64,51,38,89,119,37" hai3="40,79,29,132,4,78,91,110,45,127,85,42,133"/><U109/><E74/><V134/><F119/><W128/><G110/><N who="1" m="41994" /><E65/><V5/><F108/><W16/><G29/><N who="1" m="10762" /><E44/><V62/><F130/><W23/><G4/><T46/><D118/><U112/><E125/><V58/><F134/><N who="3" m="51819" /><G127/><T9/><D124/><U80/><E80/><V117/><F117/><W27/><G128/><T104/><D32/><U60/><E112/><V57/><F5/><W17/><G17/><T43/><REACH who="0" step="1"/><D53/><REACH who="0" ten="175,258,115,432" step="2"/><U52/><E3/><V28/><F28/><W25/><G42/><T7/><AGARI ba="1,2" hai="0,7,9,39,43,46,72,73,75,97,102,104,120,121" machi="7" ten="40,8000,1" yaku="1,1,2,1,0,1,23,2,53,0" doraHai="49" doraHaiUra="55" who="0" fromWho="0" sc="175,103,258,-41,115,-21,432,-21" /><INIT seed="6,0,0,1,0,59" ten="278,217,94,411" oya="2" hai0="129,105,36,65,119,30,97,13,14,53,29,5,35" hai1="37,57,56,79,21,6,63,80,102,81,112,74,115" hai2="62,110,83,22,88,55,85,46,54,12,91,120,3" hai3="128,58,75,32,60,41,86,49,15,111,17,103,10"/><V34/><F120/><W90/><G111/><T94/><D36/><U107/><E37/><V131/><F34/><W122/><G122/><T113/><D105/><U25/><E6/><V99/><F3/><W48/><G75/><T132/><D35/><U50/><E107/><V123/><F123/><W78/><G32/><T98/><D132/><U20/><E102/><V72/><F72/><W76/><G128/><T95/><D129/><U31/><E21/><V82/><F131/><W108/><G108/><T100/><D119/><U109/><E81/><N who="2" m="49199" /><F110/><W40/><G103/><N who="0" m="60855" /><D113/><U118/><E109/><V134/><F134/><W51/><G76/><T121/><D121/><U116/><E56/><N who="2" m="35095" /><F12/><W101/><G101/><T1/><D1/><U47/><E50/><N who="2" m="29143" /><F22/><W43/><G78/><T64/><D14/><U106/><E47/><V11/><F11/><W133/><G133/><T28/><D53/><N who="1" m="34223" /><E106/><V96/><F82/><N who="3" m="49495" /><G43/><T8/><AGARI ba="0,0" hai="5,8,13,28,29,30,64,65,95,98,100" m="60855" machi="8" ten="30,1100,0" yaku="8,1" doraHai="59" who="0" fromWho="0" sc="278,11,217,-3,94,-5,411,-3" /><INIT seed="7,0,0,3,4,132" ten="289,214,89,408" oya="3" hai0="30,77,98,86,130,20,25,129,108,1,44,46,0" hai1="64,118,34,134,119,19,111,9,113,115,69,123,79" hai2="32,128,51,106,101,47,15,125,116,90,85,75,60" hai3="89,6,121,43,41,49,4,120,33,63,96,67,14"/><W59/><G33/><T36/><D108/><U57/><E79/><V93/><F32/><W131/><G131/><N who="0" m="50187" /><D98/><U31/><E57/><V3/><F3/><N who="0" m="1098" /><D36/><U70/><E64/><V28/><F128/><W50/><G43/><T72/><D72/><U48/><E48/><V11/><F28/><W56/><G121/><T2/><D2/><U91/><E91/><V95/><F60/><W27/><G120/><T82/><AGARI ba="0,0" hai="20,25,30,44,46,77,82,86" m="1098,50187" machi="82" ten="40,1500,0" yaku="19,1" doraHai="132" who="0" fromWho="0" sc="289,15,214,-4,89,-4,408,-7" owari="304,10.0,210,-19.0,85,-41.0,401,50.0" /></mjloggm>