<mjloggm ver="2.3"><GO type="169"/><UN n0="%E9%81%BF%E3%81%91%E3%82%8B%E3%83%81%E3%83%BC%E3%82%BA" n1="%E5%8E%9F%E5%AE%BF%E3%82%B8%E3%82%A7%E3%83%B3%E3%83%8C" n2="%EF%BC%88%E2%89%A7%E2%96%BD%E2%89%A6%EF%BC%89" n3="%E6%80%96%E3%81%8F%E3%81%AA%E3%81%84%E3%81%8A" dan="16,16,17,17" rate="2087,2118,2133,2157" sx="F,M,M,M"/><TAIKYOKU oya="0"/><INIT seed="0,0,0,0,2,115" ten="250,250,250,250" oya="0" hai0="89,9,11,135,101,45,116,28,105,65,12,55,64" hai1="19,124,48,104,127,25,46,68,103,0,20,41,23" hai2="43,66,76,18,126,79,15,26,62,80,8,100,122" hai3="86,132,31,21,32,121,84,30,75,58,113,67,54"/><T111/><D135/><U90/><E0/><V56/><F122/><W70/><G75/><T85/><D28/><U44/><E68/><V34/><F126/><W117/><G113/><T107/><D111/><U10/><E10/><V42/><F100/><W81/><G132/><T129/><D129/><U6/><E6/><V131/><F131/><W36/><G36/><T24/><D24/><U57/><E57/><V49/><F76/><W87/><G117/><T128/><D128/><U97/><E90/><V27/><F34/><W83/><G67/><T134/><D134/><U33/><E33/><V114/><F114/><W4/><G4/><T123/><D123/><U125/><E23/><V13/><F13/><W17/><G70/><T99/><D107/><U2/><E2/><V59/><F42/><W119/><G119/><T92/><D116/><U52/><E46/><V93/><F93/><W35/><G35/><T39/><D9/><U60/><E60/><V130/><F130/><W29/><G121/><T53/><D53/><AGARI ba="0,0" hai="19,20,25,41,44,48,52,53,97,103,104,124,125,127" machi="53" ten="40,2600,0" yaku="18,1,54,1" doraHai="115" who="1" fromWho="0" sc="250,-26,250,26,250,0,250,0" /><INIT seed="1,0,0,1,1,100" ten="224,276,250,250" oya="1" hai0="16,26,5,35,85,114,53,67,81,127,74,51,39" hai1="86,117,0,88,75,135,63,56,68,134,95,89,22" hai2="60,124,80,17,18,112,78,44,9,129,52,13,131" hai3="40,57,70,82,37,12,31,130,128,7,101,48,108"/><U42/><E68/><V10/><F124/><W76/><G70/><T132/><D39/><U54/><E75/><V90/><F112/><W33/><G108/><T27/><D114/><U25/><E0/><V73/><F90/><W96/><G37/><T45/><D127/><U6/><E6/><V92/><F92/><W20/><G33/><T126/><D126/><U58/><E42/><V23/><F44/><W109/><G109/><T28/><D132/><U119/><E58/><N who="2" m="34887" /><F18/><W19/><G31/><T41/><D74/><U91/><E89/><V110/><F110/><W97/><G7/><T122/><D122/><U133/><E91/><V98/><F98/><W4/><G4/><T64/><D5/><U87/><E86/><V116/><F116/><W3/><G3/><T105/><D105/><U104/><E104/><V72/><F73/><W24/><G97/><T107/><D107/><U123/><E123/><V120/><F120/><W36/><G36/><T15/><D41/><U29/><AGARI ba="0,0" hai="22,25,29,54,56,63,87,88,95,117,119,133,134,135" machi="29" ten="30,6000,0" yaku="0,1,20,1,54,1" doraHai="100" who="1" fromWho="1" sc="224,-20,276,60,250,-20,250,-20" /><INIT seed="1,1,0,3,3,92" ten="204,336,230,230" oya="1" hai0="104,15,95,35,108,33,80,110,107,119,105,34,74" hai1="60,16,26,83,65,3,116,31,23,89,38,126,58" hai2="75,85,86,118,6,22,117,43,69,79,115,28,11" hai3="62,77,45,134,73,82,19,133,7,68,102,124,94"/><U12/><E3/><V4/><F69/><W101/><G124/><T67/><D119/><U27/><E38/><V112/><F43/><W13/><G7/><T88/><D67/><U91/><E116/><V128/><F75/><W57/><G45/><T127/><D127/><U132/><E126/><V131/><F28/><W114/><G68/><T63/><D63/><U18/><E83/><V10/><F22/><W36/><G36/><T84/><D15/><U47/><E47/><V106/><REACH who="2" step="1"/><F79/><REACH who="2" ten="204,336,220,230" step="2"/><W46/><G77/><T113/><D113/><U56/><E132/><V52/><F52/><N who="3" m="34087" /><G73/><T72/><D72/><U51/><E31/><V32/><F32/><W78/><G114/><T53/><D74/><U25/><E56/><V9/><F9/><N who="3" m="6575" /><G46/><T24/><D35/><U14/><E51/><V54/><F54/><W120/><G120/><T44/><D34/><U121/><E121/><V29/><F29/><W90/><G133/><T96/><D33/><U30/><E30/><V1/><F1/><W5/><G134/><T55/><D55/><U76/><E76/><V59/><F59/><W97/><G78/><T99/><D53/><U129/><E129/><V8/><F8/><AGARI ba="1,1" hai="8,12,14,16,18,23,25,26,27,58,60,65,89,91" machi="8" ten="40,3900,0" yaku="8,1,54,1" doraHai="92" who="1" fromWho="2" sc="204,0,336,52,220,-42,230,0" /><INIT seed="1,2,0,3,3,125" ten="204,388,178,230" oya="1" hai0="58,16,81,24,119,25,132,74,50,72,134,111,7" hai1="57,21,70,48,92,38,60,80,108,91,39,121,33" hai2="43,123,63,87,8,11,112,84,45,2,109,76,127" hai3="131,93,49,42,73,18,118,26,83,61,62,120,54"/><U32/><E121/><V9/><F123/><W78/><G120/><T28/><D119/><U47/><E70/><V129/><F127/><W23/><G118/><T19/><D111/><U116/><E116/><V101/><F112/><W102/><G42/><T103/><D103/><U46/><E108/><V94/><F109/><W36/><G36/><T64/><D7/><U14/><E80/><V44/><F2/><W117/><G117/><T77/><D72/><U106/><E106/><V53/><F76/><W65/><G65/><T41/><D41/><U124/><E124/><V27/><F27/><W89/><G102/><T10/><D10/><U55/><E46/><V75/><F75/><W59/><G131/><T51/><D51/><U69/><E38/><V99/><F129/><W34/><G34/><T90/><D90/><U98/><E39/><V86/><REACH who="2" step="1"/><F43/><REACH who="2" ten="204,388,168,230" step="2"/><W40/><G40/><T85/><D74/><U13/><E13/><V3/><F3/><W96/><AGARI ba="2,1" hai="18,23,26,49,54,59,61,62,73,78,83,89,93,96" machi="96" ten="20,1500,0" yaku="0,1,7,1" doraHai="125" who="3" fromWho="3" sc="204,-6,388,-9,168,-6,230,31" /><INIT seed="2,0,0,3,0,101" ten="198,379,162,261" oya="2" hai0="103,90,54,125,57,7,41,52,131,133,117,63,81" hai1="1,2,36,23,113,71,126,55,83,73,33,35,65" hai2="47,114,92,69,45,31,0,74,84,68,19,39,49" hai3="12,130,123,119,80,116,112,62,95,132,5,20,87"/><V38/><F0/><W109/><G123/><T32/><D32/><U67/><E113/><V118/><F74/><W48/><G109/><T86/><D133/><U107/><E55/><V76/><F118/><W77/><G132/><T24/><D117/><U120/><E23/><V135/><F135/><W85/><G130/><T89/><D131/><U91/><E67/><V105/><F31/><W37/><G37/><T29/><D29/><U6/><E91/><V26/><F114/><W8/><G112/><T13/><D24/><U97/><E120/><V75/><F75/><W129/><G129/><T124/><D103/><N who="1" m="62959" /><E36/><V51/><F76/><W9/><G62/><T108/><D41/><U27/><E126/><N who="0" m="48745" /><D108/><U60/><E6/><V64/><F64/><W128/><G128/><T127/><N who="0" m="48753" /><T58/><DORA hai="99" /><D13/><U115/><E115/><V10/><F26/><W94/><G9/><T98/><D7/><U61/><E61/><V59/><F10/><W4/><G4/><T104/><D104/><U22/><E22/><V15/><F105/><W111/><G20/><T14/><D14/><U70/><E70/><V44/><F69/><W78/><G111/><T17/><D17/><U16/><E16/><V40/><F68/><W100/><G116/><T110/><D110/><U42/><E42/><V122/><F19/><W34/><G34/><N who="1" m="12810" /><E27/><V79/><F15/><W93/><G48/><N who="2" m="18505" /><F39/><W134/><G134/><T121/><D121/><U11/><E11/><V50/><F122/><W21/><G119/><T18/><D18/><U96/><E1/><V66/><N who="2" m="18513" /><V30/><DORA hai="53" /><F38/><RYUUKYOKU ba="0,0" sc="198,0,379,0,162,0,261,0" /><INIT seed="3,1,0,3,3,77" ten="198,379,162,261" oya="3" hai0="105,6,37,44,45,135,28,31,4,14,108,9,93" hai1="107,101,116,112,120,54,3,11,71,130,40,56,95" hai2="2,20,5,39,35,80,88,18,26,100,52,67,36" hai3="87,34,90,134,46,59,61,133,10,92,64,62,69"/><W113/><G113/><T70/><D105/><U22/><E71/><V12/><F67/><W8/><G34/><T106/><D106/><U30/><E120/><V103/><F36/><W7/><G46/><T68/><D108/><U114/><E116/><V47/><F2/><W38/><G38/><T119/><D119/><U16/><E30/><V118/><F118/><W17/><G17/><T83/><D93/><U74/><E107/><V43/><F35/><W129/><G129/><T82/><D37/><U117/><E117/><V96/><F96/><W55/><REACH who="3" step="1"/><G7/><REACH who="3" ten="198,379,162,251" step="2"/><T86/><D4/><U60/><E130/><V98/><F39/><W94/><G94/><T102/><D135/><AGARI ba="1,1" hai="8,10,55,59,61,62,64,69,87,90,92,133,134,135" machi="135" ten="40,3900,0" yaku="1,1,20,1,53,0" doraHai="77" doraHaiUra="1" who="3" fromWho="0" sc="198,-42,379,0,162,0,251,52" /><INIT seed="3,2,0,4,0,120" ten="156,379,162,303" oya="3" hai0="90,48,46,91,75,134,33,0,96,92,76,59,122" hai1="34,126,26,7,116,133,22,103,52,9,111,99,57" hai2="106,78,24,49,37,119,88,79,63,113,42,65,30" hai3="28,43,127,69,12,4,121,23,110,27,58,51,70"/><W3/><G121/><T5/><D33/><U25/><E116/><V62/><F106/><W47/><G127/><T89/><D122/><U39/><E39/><V109/><F37/><W115/><G115/><T86/><D134/><U13/><E126/><V67/><F119/><W74/><G74/><T1/><D59/><U124/><E124/><V128/><F128/><W83/><G3/><T107/><D5/><U50/><E133/><V114/><F42/><W132/><G132/><T20/><D20/><U61/><E34/><V66/><F49/><W93/><G110/><T38/><D38/><U19/><E111/><V73/><F109/><W17/><G4/><T32/><D32/><U8/><E8/><V129/><F129/><W102/><G83/><N who="0" m="45471" /><D1/><U95/><REACH who="1" step="1"/><E61/><REACH who="1" ten="156,369,162,303" step="2"/><V41/><F62/><W2/><G2/><AGARI ba="2,1" hai="2,7,9,13,19,22,25,26,50,52,57,95,99,103" machi="2" ten="30,7700,0" yaku="1,1,2,1,7,1,54,1,53,0" doraHai="120" doraHaiUra="131" who="1" fromWho="3" sc="156,0,369,93,162,0,303,-83" /><INIT seed="4,0,0,5,5,53" ten="156,462,162,220" oya="0" hai0="95,32,83,85,73,103,41,106,134,82,135,92,94" hai1="104,64,97,111,9,8,115,21,122,125,4,62,13" hai2="54,102,98,114,52,0,47,42,76,112,37,63,7" hai3="71,110,108,17,123,28,58,30,89,44,101,31,74"/><T33/><D41/><U99/><E122/><V80/><F63/><W68/><G74/><T100/><D33/><U84/><E115/><N who="2" m="44075" /><F7/><W45/><G101/><N who="0" m="38987" /><D32/><U75/><E75/><N who="2" m="43039" /><F0/><W46/><G89/><N who="0" m="51391" /><D106/><AGARI ba="0,0" hai="37,42,47,52,54,98,102,106" m="43039,44075" machi="106" ten="30,2000,0" yaku="15,1,54,1" doraHai="53" who="2" fromWho="0" sc="156,-20,462,0,162,20,220,0" /><INIT seed="5,0,0,2,0,84" ten="136,462,182,220" oya="1" hai0="60,34,99,87,57,39,7,52,16,108,89,1,3" hai1="125,5,123,4,50,0,131,98,109,15,104,38,2" hai2="73,27,128,116,80,122,83,121,46,106,78,6,41" hai3="30,19,134,63,26,53,8,68,56,54,31,79,135"/><U126/><E38/><V92/><F116/><W36/><G36/><T35/><D39/><U115/><E50/><V112/><F106/><W90/><G68/><T55/><D108/><U133/><E98/><V17/><F128/><W130/><G130/><T129/><D129/><U132/><E104/><V42/><F42/><W40/><G40/><T22/><D35/><U18/><E131/><V47/><F47/><W117/><G79/><T51/><D34/><U20/><E123/><V107/><F107/><W69/><G69/><T12/><D99/><U85/><E85/><V114/><F6/><N who="1" m="2665" /><E109/><V76/><F92/><W44/><G117/><T48/><D60/><U66/><E66/><V59/><F59/><W100/><G100/><T28/><D28/><U23/><E23/><N who="2" m="13807" /><F46/><W43/><G43/><T86/><D86/><U62/><E62/><V33/><F33/><W95/><G44/><N who="0" m="27655" /><D7/><U72/><E72/><N who="2" m="43015" /><F41/><W9/><G53/><T74/><D74/><U11/><E20/><V45/><F45/><W111/><G111/><T37/><D37/><U32/><E32/><V120/><F120/><W82/><G8/><T13/><D13/><U71/><E71/><V127/><F127/><N who="1" m="48649" /><E115/><N who="2" m="44075" /><F122/><W25/><G9/><T70/><D70/><U10/><E10/><V58/><F121/><W29/><G82/><T96/><D96/><U49/><E49/><V101/><F101/><W110/><G110/><T105/><D105/><U97/><E97/><V118/><F118/><W88/><G95/><AGARI ba="0,0" hai="1,3,12,16,22,51,55,57,87,89,95" m="27655" machi="95" ten="30,7700,0" yaku="25,1,52,1,54,2" doraHai="84" who="0" fromWho="3" sc="136,77,462,0,182,0,220,-77" /><INIT seed="6,0,0,5,4,16" ten="213,462,182,143" oya="2" hai0="34,20,79,107,111,29,6,23,101,76,55,15,90" hai1="11,78,10,8,92,103,25,28,64,17,36,82,44" hai2="59,135,99,113,105,120,35,80,50,114,67,89,66" hai3="102,127,108,38,19,115,18,37,9,61,73,96,40"/><V125/><F35/><W83/><G108/><T121/><D111/><U77/><E64/><V122/><F105/><W132/><G132/><T53/><D121/><U130/><E130/><V51/><F99/><W45/><G37/><T48/><D107/><U43/><E17/><V129/><F80/><W109/><G109/><T85/><D101/><U97/><REACH who="1" step="1"/><E82/><REACH who="1" ten="213,452,182,143" step="2"/><V86/><F129/><W54/><G127/><T100/><D29/><U72/><E72/><V47/><F125/><W126/><G126/><T33/><D33/><AGARI ba="0,1" hai="8,10,11,25,28,33,36,43,44,77,78,92,97,103" machi="33" ten="40,2600,0" yaku="1,1,53,1" doraHai="16" doraHaiUra="26" who="1" fromWho="0" sc="213,-26,452,36,182,0,143,0" /><INIT seed="7,0,0,4,0,90" ten="187,488,182,143" oya="3" hai0="11,107,6,65,4,120,1,131,53,60,103,127,121" hai1="23,111,99,25,32,96,109,29,71,125,68,57,15" hai2="113,114,13,80,110,85,76,28,105,35,62,8,130" hai3="135,42,87,17,132,104,100,14,55,67,30,134,75"/><W43/><G75/><T36/><D36/><U126/><E57/><V95/><F105/><W128/><G67/><T123/><D131/><U2/><E2/><V108/><F130/><W81/><G128/><T52/><D127/><N who="1" m="48651" /><E32/><V79/><F79/><N who="3" m="46527" /><G30/><T58/><D6/><U41/><E41/><V51/><F51/><W101/><G55/><T117/><D117/><U74/><E15/><V44/><F44/><W12/><G12/><T49/><D49/><U84/><E84/><V0/><F0/><W119/><G104/><T122/><D120/><U115/><E115/><N who="2" m="44043" /><F62/><W38/><G119/><T47/><D47/><U31/><E31/><V3/><F3/><W118/><G118/><T91/><D53/><U78/><E78/><V9/><F9/><N who="3" m="6351" /><G38/><T56/><D123/><U72/><E74/><V45/><F45/><W22/><G22/><T98/><D122/><U50/><E72/><N who="2" m="43015" /><F28/><W94/><G100/><T18/><D121/><U26/><E50/><V27/><F35/><W88/><G101/><T48/><D18/><U70/><E26/><V102/><F27/><W61/><G61/><T133/><D107/><U33/><E33/><V24/><F24/><W46/><G46/><T116/><D116/><U19/><E29/><V34/><F34/><W59/><G59/><T106/><D106/><U7/><E70/><V21/><F21/><W40/><G42/><T77/><D103/><U69/><E71/><V66/><F66/><W93/><G93/><N who="0" m="56639" /><D77/><U92/><E69/><V124/><F124/><W112/><G112/><T63/><D63/><U86/><E68/><V37/><F37/><RYUUKYOKU ba="0,0" sc="187,15,488,-15,182,-15,143,15" hai0="1,4,11,48,52,56,58,60,65,133" hai3="40,43,88,94,132,134,135" /><INIT seed="7,1,0,4,1,60" ten="202,473,167,158" oya="3" hai0="16,50,24,31,35,45,53,97,38,79,75,11,66" hai1="127,105,33,91,14,107,134,44,128,30,18,117,39" hai2="102,10,63,49,109,84,67,83,29,104,42,119,8" hai3="5,46,76,101,135,3,26,21,112,51,64,36,68"/><W23/><G36/><T70/><D38/><U94/><E117/><V85/><F109/><W71/><G135/><T126/><D126/><U95/><E127/><V122/><F119/><W129/><G112/><T131/><D131/><U0/><E0/><V54/><F122/><W120/><G120/><T73/><D79/><U133/><E128/><V90/><F42/><W74/><G129/><T7/><D16/><U25/><E94/><N who="2" m="54599" /><F104/><W130/><G101/><T115/><D115/><U78/><E78/><N who="2" m="46327" /><F102/><W34/><G130/><T132/><D132/><N who="1" m="50795" /><E44/><N who="2" m="27943" /><F29/><W103/><G103/><T124/><D124/><U121/><E39/><V22/><F22/><W32/><G21/><T106/><D11/><N who="1" m="6495" /><E121/><V9/><F9/><W57/><G3/><T125/><D125/><U15/><E15/><V61/><F61/><N who="3" m="37935" /><G76/><T81/><D81/><U92/><E92/><V48/><F48/><W118/><G118/><T17/><D106/><U110/><E110/><V116/><F116/><W59/><G74/><T43/><D73/><U100/><E100/><V80/><F80/><W28/><G46/><T41/><D75/><U40/><E40/><V27/><F27/><W56/><G51/><T88/><D50/><U89/><E89/><V12/><F12/><W86/><G86/><AGARI ba="1,0" hai="25,30,33,86,91,95,105,107" m="6495,50795" machi="86" ten="30,1000,0" yaku="20,1" doraHai="60" who="1" fromWho="3" sc="202,0,473,13,167,0,158,-13" owari="202,0.0,486,58.0,167,-23.0,145,-35.0" /></mjloggm>