<mjloggm ver="2.3"><GO type="41"/><UN n0="%E3%81%A7%E3%81%8B%E3%81%B0%E3%81%A4%E3%81%93%E3%81%A1%E3%82%83%E3%82%93" n1="%E3%81%BF%E3%82%85%E3%81%86" n2="%61%79%75%6D%69%78%E2%99%AA" n3="%E3%82%A6%E3%83%AB%E3%83%88%E3%83%A9%E7%AB%8B%E7%9B%B4" dan="14,13,13,15" rate="1856,1970,1881,1998" sx="M,M,M,M"/><TAIKYOKU oya="0"/><INIT seed="0,0,0,5,4,8" ten="250,250,250,250" oya="0" hai0="33,108,89,122,10,36,134,93,135,50,32,37,54" hai1="123,90,130,14,11,34,46,113,56,114,57,133,6" hai2="9,18,76,83,13,80,64,104,0,55,69,62,128" hai3="100,112,75,48,103,98,132,91,125,124,24,15,82"/><T66/><D122/><U42/><E123/><V38/><F128/><W131/><G112/><N who="1" m="43114" /><E130/><V121/><F121/><W79/><G131/><T111/><D66/><U126/><E126/><N who="3" m="48746" /><G24/><T81/><D81/><U86/><E34/><N who="0" m="13417" /><D10/><U94/><E133/><N who="0" m="50697" /><D93/><U29/><E29/><V72/><F104/><W22/><G132/><T88/><D54/><U67/><E67/><V85/><F55/><W61/><G61/><T52/><D37/><AGARI ba="0,0" hai="6,11,14,37,42,46,56,57,86,90,94" m="43114" machi="37" ten="30,2000,0" yaku="11,1,52,1" doraHai="8" who="1" fromWho="0" sc="250,-20,250,20,250,0,250,0" /><INIT seed="1,0,0,0,3,7" ten="230,270,250,250" oya="1" hai0="55,122,74,84,23,28,54,104,64,129,34,115,69" hai1="77,103,0,107,121,76,61,25,93,68,101,94,4" hai2="106,37,41,13,125,60,46,1,127,96,111,11,57" hai3="15,18,56,92,39,29,65,33,52,45,117,135,26"/><U70/><E121/><V91/><F111/><W112/><G112/><T80/><D104/><U82/><E107/><V79/><F1/><W16/><G117/><T90/><D115/><U86/><E25/><V105/><F79/><W32/><G135/><T78/><D129/><U67/><E70/><V50/><F91/><W102/><G65/><T31/><D122/><U109/><E109/><V133/><F133/><W10/><G33/><T98/><D34/><U19/><E77/><V66/><F96/><N who="3" m="59655" /><G32/><T63/><D98/><U126/><E19/><V12/><F13/><N who="3" m="7223" /><G39/><T14/><D31/><U99/><E126/><N who="2" m="48139" /><F37/><W49/><G26/><T5/><D28/><U108/><E108/><V47/><F46/><W42/><G29/><T8/><REACH who="0" step="1"/><D23/><REACH who="0" ten="220,270,250,250" step="2"/><U71/><E99/><V89/><F89/><W124/><G124/><T100/><D100/><U110/><E110/><V21/><F21/><N who="3" m="11487" /><G42/><T119/><D119/><U24/><E101/><V59/><F105/><W130/><G130/><T83/><AGARI ba="0,1" hai="5,8,14,54,55,63,64,69,74,78,80,83,84,90" machi="83" ten="20,8000,1" yaku="1,1,0,1,7,1,52,1,53,1" doraHai="7" doraHaiUra="6" who="0" fromWho="0" sc="220,90,270,-40,250,-20,250,-20" /><INIT seed="2,0,0,3,2,2" ten="310,230,230,230" oya="2" hai0="89,23,91,104,121,74,119,88,99,36,6,63,59" hai1="11,26,55,128,7,127,38,113,61,80,42,13,50" hai2="16,19,97,4,32,30,39,33,132,3,25,17,45" hai3="29,124,64,73,52,62,54,27,78,85,67,110,122"/><V103/><F39/><W48/><G73/><T58/><D121/><U111/><E113/><V114/><F114/><W84/><G122/><T44/><D119/><U65/><E127/><V5/><F45/><W125/><G110/><T71/><D74/><U57/><E111/><V31/><F132/><W116/><G116/><T70/><D58/><U81/><E26/><N who="2" m="18519" /><F103/><W22/><G54/><T1/><D23/><U9/><E128/><V131/><F97/><W118/><G118/><T95/><D104/><U133/><E133/><V102/><F102/><W40/><G40/><T66/><D36/><U68/><REACH who="1" step="1"/><E9/><REACH who="1" ten="310,220,230,230" step="2"/><V107/><F131/><W53/><G124/><T106/><D106/><U112/><E112/><V76/><F107/><W115/><G115/><T126/><D126/><U12/><E12/><V8/><F76/><W60/><G125/><T108/><D108/><U10/><E10/><N who="2" m="2335" /><F19/><W28/><G78/><T117/><D117/><U35/><E35/><V41/><F41/><W15/><G15/><AGARI ba="0,1" hai="5,8,15,16,17,25,31,33" m="2335,18519" machi="15" ten="30,24000,3" yaku="35,5,52,2,54,1" doraHai="2" who="2" fromWho="3" sc="310,0,220,0,230,250,230,-240" owari="310,11.0,220,-18.0,480,58.0,-10,-51.0" /></mjloggm>