<mjloggm ver="2.3"><GO type="169"/><UN n0="%E3%81%B2%E3%81%BD%E3%81%8D%E3%82%88%E3%81%97" n1="%E3%82%B9%E3%83%86%E3%83%AB%E3%82%B9%E3%83%87%E3%83%96" n2="%6D%61%63%6A%72" n3="%EF%BC%88%E2%89%A7%E2%96%BD%E2%89%A6%EF%BC%89" dan="17,16,16,16" rate="2157,2126,2070,2116" sx="M,M,F,M"/><TAIKYOKU oya="0"/><INIT seed="0,0,0,4,0,132" ten="250,250,250,250" oya="0" hai0="32,29,83,88,71,123,57,76,109,98,78,58,25" hai1="49,10,89,112,116,53,128,103,45,86,7,62,18" hai2="47,41,9,100,64,50,106,37,13,97,2,104,52" hai3="94,115,20,11,82,120,31,12,39,110,121,125,101"/><T40/><D71/><U102/><E116/><V119/><F119/><W55/><G39/><T67/><D123/><N who="3" m="47177" /><G115/><T28/><D109/><U80/><E128/><V19/><F64/><W0/><G110/><T36/><D29/><U56/><E112/><V70/><F70/><W63/><G0/><T68/><D78/><U107/><E107/><V77/><F77/><W118/><G82/><T44/><D68/><U111/><E111/><V84/><F2/><W87/><G20/><T60/><D58/><U131/><E131/><V4/><F84/><W42/><G42/><T133/><D133/><U38/><E38/><V6/><REACH who="2" step="1"/><F106/><REACH who="2" ten="250,250,240,250" step="2"/><W99/><G87/><T122/><D122/><U108/><E108/><V91/><F91/><W124/><G118/><T79/><REACH who="0" step="1"/><D83/><REACH who="0" ten="240,250,240,250" step="2"/><U135/><E135/><V21/><F21/><W73/><G31/><T126/><D126/><U24/><E80/><V61/><F61/><W114/><G114/><T16/><D16/><U26/><E18/><V65/><F65/><W81/><G81/><T34/><D34/><U130/><E62/><V85/><F85/><W96/><G124/><T51/><D51/><U72/><E49/><V90/><F90/><W35/><G125/><T33/><D33/><U1/><E89/><V127/><F127/><W46/><G35/><T17/><D17/><U92/><E130/><V27/><F27/><W59/><G63/><T23/><D23/><U95/><E26/><V14/><F14/><W69/><G69/><T75/><D75/><U93/><E72/><V66/><F66/><W48/><G73/><T8/><D8/><RYUUKYOKU ba="0,2" sc="240,15,250,-15,240,15,250,-15" hai0="25,28,32,36,40,44,57,60,67,76,79,88,98" hai2="4,6,9,13,19,37,41,47,50,52,97,100,104" /><INIT seed="0,1,2,0,0,89" ten="255,235,255,235" oya="0" hai0="61,101,7,111,70,130,133,20,43,129,99,97,76" hai1="88,112,10,11,73,5,55,18,21,115,63,106,103" hai2="59,8,120,98,122,95,3,60,2,49,58,82,109" hai3="119,68,65,66,72,50,67,52,0,40,29,114,6"/><T35/><D35/><U48/><E73/><V12/><F109/><W132/><G114/><N who="1" m="43562" /><E63/><V69/><F69/><W118/><G72/><T86/><D111/><U90/><E103/><V94/><F82/><W113/><G29/><T107/><D7/><U78/><E78/><V85/><F49/><W96/><G96/><T131/><D43/><U44/><E106/><V15/><F98/><W37/><G6/><T23/><D133/><U22/><E22/><V9/><F60/><N who="3" m="39975" /><G0/><T27/><D27/><N who="1" m="14775" /><E11/><V83/><F83/><W1/><G132/><T16/><D101/><U17/><E17/><V4/><F4/><W128/><G113/><T28/><D107/><U134/><E134/><V33/><F85/><W42/><G42/><T54/><D28/><U34/><E34/><AGARI ba="1,2" hai="2,3,8,9,12,15,33,34,58,59,94,95,120,122" machi="34" ten="25,6400,0" yaku="22,2,52,2" doraHai="89" who="2" fromWho="1" sc="255,0,235,-67,255,87,235,0" /><INIT seed="1,0,0,1,2,92" ten="255,168,342,235" oya="1" hai0="38,89,105,49,27,64,23,32,68,102,100,133,115" hai1="65,47,112,124,33,17,71,52,6,12,128,13,16" hai2="30,45,122,77,94,107,85,79,130,90,70,63,129" hai3="42,101,95,24,41,119,132,66,117,29,75,87,73"/><U5/><E112/><V106/><F30/><W91/><G132/><T1/><D38/><U88/><E33/><V25/><F25/><W81/><G66/><T111/><D1/><U108/><E128/><N who="2" m="49259" /><F45/><W48/><G48/><T113/><D111/><U8/><E124/><V74/><F122/><W62/><G62/><T125/><D32/><U39/><E108/><V97/><F63/><W31/><G41/><T61/><D133/><U53/><E71/><V43/><F43/><W21/><G42/><T2/><D49/><N who="1" m="28735" /><E39/><V14/><F14/><W22/><G22/><T0/><D0/><U4/><E65/><V99/><F70/><W96/><REACH who="3" step="1"/><G31/><REACH who="3" ten="255,168,342,225" step="2"/><N who="0" m="17919" /><D61/><U40/><E40/><V78/><F74/><AGARI ba="0,1" hai="21,24,29,73,74,75,81,87,91,95,96,101,117,119" machi="74" ten="40,5200,0" yaku="1,1,52,1,53,1" doraHai="92" doraHaiUra="19" who="3" fromWho="2" sc="255,0,168,0,342,-52,225,62" /><INIT seed="2,0,0,4,4,72" ten="255,168,290,287" oya="2" hai0="63,61,106,115,44,74,42,97,89,67,126,79,43" hai1="127,87,77,27,20,17,47,103,48,128,19,84,93" hai2="117,102,112,133,91,5,22,3,83,58,53,75,15" hai3="86,29,90,119,59,32,52,105,37,68,26,70,96"/><V4/><F112/><W101/><G37/><T109/><D115/><U45/><E127/><V38/><F117/><W131/><G131/><T57/><D126/><U100/><E128/><V24/><F38/><W92/><REACH who="3" step="1"/><G119/><REACH who="3" ten="255,168,290,277" step="2"/><T108/><D108/><U94/><E27/><V40/><F24/><W9/><G9/><T65/><D109/><U21/><REACH who="1" step="1"/><E48/><AGARI ba="0,1" hai="26,29,32,48,52,59,68,70,86,90,92,96,101,105" machi="48" ten="30,8000,1" yaku="1,1,7,1,54,1,53,2" doraHai="72" doraHaiUra="66" who="3" fromWho="1" sc="255,0,168,-80,290,0,277,90" /><INIT seed="3,0,0,0,4,46" ten="255,88,290,367" oya="3" hai0="107,14,38,93,7,72,31,99,90,110,87,126,75" hai1="54,92,95,67,48,108,10,4,52,106,25,47,78" hai2="82,56,42,104,39,124,66,32,86,73,12,15,91" hai3="85,18,59,128,6,24,40,35,71,43,113,116,3"/><W105/><G71/><T109/><D38/><U11/><E106/><V51/><F32/><W13/><G105/><T68/><D68/><U49/><E108/><N who="0" m="41577" /><D31/><U83/><E67/><V45/><F104/><W123/><G123/><T44/><D7/><U77/><E25/><V131/><F124/><W101/><G6/><T135/><D14/><N who="1" m="5447" /><E11/><V120/><F131/><W102/><G3/><T121/><D121/><U2/><E2/><V98/><F120/><W96/><G128/><T132/><D126/><U36/><E36/><V117/><F117/><W129/><G116/><T111/><D111/><U20/><E20/><V33/><F33/><W58/><G24/><T29/><D29/><U65/><E65/><V97/><F73/><N who="0" m="28234" /><D44/><N who="1" m="27655" /><E83/><V69/><F69/><W133/><G35/><T61/><D61/><U28/><E28/><V81/><F81/><W80/><G129/><T1/><D1/><U19/><E19/><V55/><F66/><W22/><G18/><T100/><AGARI ba="0,0" hai="87,90,93,99,100,107,132,135" m="28234,41577" machi="100" ten="40,5200,0" yaku="14,1,34,2" doraHai="46" who="0" fromWho="0" sc="255,52,88,-13,290,-13,367,-26" /><INIT seed="4,0,0,1,4,125" ten="307,75,277,341" oya="0" hai0="57,74,9,127,23,37,107,24,18,132,65,42,82" hai1="133,21,54,114,134,81,88,120,119,6,85,128,103" hai2="40,69,11,15,60,77,87,25,115,94,27,90,59" hai3="130,48,70,108,34,67,66,22,71,49,110,104,56"/><T44/><D107/><U75/><E120/><V89/><F69/><N who="3" m="26123" /><G34/><T96/><D127/><U76/><E119/><V45/><F115/><W2/><G22/><T62/><D132/><N who="1" m="50795" /><E6/><V46/><F89/><W100/><G2/><T80/><D74/><U36/><E36/><V8/><F77/><W16/><G16/><T12/><REACH who="0" step="1"/><D96/><REACH who="0" ten="297,75,277,341" step="2"/><U61/><E75/><V118/><F118/><W93/><G104/><T47/><D47/><U112/><E112/><V109/><F45/><W126/><G126/><T131/><D131/><U35/><E128/><V135/><F135/><W101/><G130/><T10/><D10/><U63/><E114/><V84/><F11/><W124/><G124/><T3/><D3/><U91/><E85/><V39/><F84/><W38/><G110/><T78/><D78/><U98/><E76/><V95/><F109/><W122/><G108/><T106/><D106/><U0/><E98/><V50/><F8/><W97/><G97/><T53/><D53/><U7/><E54/><V102/><F46/><W20/><G122/><T68/><D68/><U73/><E0/><V19/><F87/><W79/><G79/><T17/><AGARI ba="0,1" hai="9,12,17,18,23,24,37,42,44,57,62,65,80,82" machi="17" ten="20,3900,0" yaku="1,1,0,1,7,1,53,0" doraHai="125" doraHaiUra="33" who="0" fromWho="0" sc="297,49,75,-13,277,-13,341,-13" /><INIT seed="4,1,0,5,3,131" ten="346,62,264,328" oya="0" hai0="36,70,94,17,128,104,49,83,4,61,11,35,40" hai1="76,41,99,8,89,51,14,113,103,112,63,121,78" hai2="88,37,54,134,117,31,55,80,30,132,53,87,115" hai3="64,50,34,66,6,9,71,13,111,60,57,18,65"/><T68/><D104/><U119/><E121/><V7/><F37/><W118/><G118/><T84/><D35/><U48/><E119/><V19/><F117/><W59/><G34/><T120/><D36/><U129/><E129/><V122/><F122/><W110/><G71/><T56/><D120/><U33/><E33/><V102/><F115/><N who="1" m="44105" /><E89/><V69/><F69/><W1/><G50/><N who="1" m="18986" /><E63/><V96/><F19/><W67/><REACH who="3" step="1"/><G59/><REACH who="3" ten="346,62,264,318" step="2"/><T106/><D70/><U62/><E62/><V126/><F126/><W127/><G127/><T3/><D68/><U125/><E125/><V39/><F39/><W45/><G45/><T85/><D128/><U75/><E41/><V12/><F31/><W28/><G28/><T90/><D40/><U38/><E38/><V77/><F30/><W16/><G16/><T73/><D49/><U10/><E75/><V5/><F5/><W25/><G25/><T130/><D73/><U135/><E135/><V46/><F46/><W15/><G15/><T101/><D130/><U108/><E108/><V2/><F12/><W114/><G114/><T27/><D17/><N who="1" m="8391" /><E10/><AGARI ba="1,1" hai="1,6,9,10,13,18,57,60,64,65,66,67,110,111" machi="10" ten="40,1300,0" yaku="1,1,53,0" doraHai="131" doraHaiUra="26" who="3" fromWho="1" sc="346,0,62,-16,264,0,318,26" /><INIT seed="5,0,0,2,4,74" ten="346,46,264,344" oya="1" hai0="100,101,26,77,128,50,76,91,52,27,8,2,53" hai1="82,1,9,105,111,104,45,33,58,20,84,51,44" hai2="69,62,127,98,126,41,116,93,37,16,129,92,40" hai3="28,17,81,60,79,123,78,5,107,7,55,134,47"/><U109/><E33/><V38/><F116/><W54/><G107/><N who="1" m="41034" /><E20/><V66/><F129/><W24/><G123/><T57/><D128/><U22/><E22/><V118/><F118/><W122/><G122/><T121/><D121/><U119/><E119/><V23/><F40/><W125/><G28/><T87/><D2/><U6/><E58/><V30/><F30/><W112/><G55/><T10/><D53/><U4/><E4/><V113/><F113/><W72/><G112/><T46/><D57/><U73/><E51/><V29/><F29/><W132/><G60/><T89/><D89/><N who="1" m="51351" /><E73/><V56/><F69/><W95/><G5/><T97/><D10/><U106/><N who="1" m="41042" /><U90/><DORA hai="14" /><E90/><V85/><F41/><W15/><G7/><T75/><D8/><U94/><E94/><V120/><F120/><W11/><G95/><N who="0" m="58431" /><D75/><U99/><E99/><V0/><F0/><W96/><G96/><T31/><D101/><U36/><E36/><V86/><F38/><W70/><G70/><T13/><D13/><U114/><E114/><V21/><F37/><W25/><G54/><T108/><D27/><U35/><E35/><V103/><F23/><W49/><G25/><T71/><D71/><U135/><E135/><V61/><F92/><W133/><G24/><T83/><D26/><U88/><E88/><V80/><F93/><W68/><G68/><T63/><D31/><U42/><E42/><V12/><F98/><W124/><G49/><T67/><D91/><U102/><E102/><V48/><F103/><W59/><G59/><N who="0" m="37375" /><D76/><N who="3" m="29225" /><G47/><T18/><D18/><U3/><E3/><RYUUKYOKU ba="0,0" sc="346,10,46,10,264,-30,344,10" hai0="46,50,52,77,83,87,108" hai1="1,6,9,44,45,109,111" hai3="11,15,17,72,81,124,125,132,133,134" /><INIT seed="5,1,0,5,2,57" ten="356,56,234,354" oya="1" hai0="88,134,74,70,63,60,40,54,73,49,14,95,135" hai1="129,4,76,22,117,44,86,122,65,100,5,116,59" hai2="79,46,16,2,51,35,0,31,48,102,81,121,9" hai3="33,24,17,69,12,1,19,39,101,109,47,66,133"/><U106/><E122/><V28/><F121/><W10/><G109/><T18/><D40/><U64/><E129/><V62/><F102/><W89/><G133/><N who="0" m="50699" /><D70/><U110/><E110/><V98/><F98/><W56/><G69/><T38/><D38/><U32/><E32/><V123/><F123/><W50/><G1/><T13/><D49/><U45/><E106/><V83/><F35/><W111/><G111/><T125/><D54/><U25/><E100/><V58/><F2/><W113/><G113/><T36/><D36/><U53/><E117/><V21/><F9/><W82/><G101/><T103/><D103/><U91/><E76/><V11/><F11/><W20/><G33/><T97/><D125/><U29/><E116/><V96/><F0/><W3/><G3/><T52/><D52/><U23/><E23/><V132/><F96/><W85/><G39/><T126/><D126/><U93/><E45/><V43/><F48/><W61/><G50/><T75/><D14/><U77/><E77/><V71/><F71/><W131/><G131/><T114/><D114/><U34/><E34/><V127/><F127/><W55/><G47/><T26/><D26/><U72/><E72/><V42/><F42/><W37/><G37/><T115/><D115/><U120/><E120/><V104/><F132/><W124/><G124/><T112/><D112/><U15/><E44/><V130/><F130/><W128/><G128/><T118/><D118/><U68/><E68/><V67/><F104/><W30/><G24/><T94/><D94/><U27/><E15/><N who="2" m="9375" /><F79/><W7/><G20/><AGARI ba="1,0" hai="13,18,20,60,63,73,74,75,88,95,97" m="50699" machi="20" ten="40,8000,1" yaku="20,1,52,2,54,1" doraHai="57" who="0" fromWho="3" sc="356,83,56,0,234,0,354,-83" /><INIT seed="6,0,0,3,2,131" ten="439,56,234,271" oya="2" hai0="122,13,130,100,80,92,27,30,32,8,18,38,62" hai1="125,96,110,65,66,7,79,47,64,2,41,58,104" hai2="20,54,59,43,86,103,1,45,19,126,34,112,133" hai3="31,87,11,36,23,107,124,81,15,132,60,118,116"/><V24/><F112/><W78/><G36/><T28/><D130/><U35/><E110/><V10/><F126/><W109/><G109/><T117/><D38/><U121/><E35/><V127/><F127/><W42/><G124/><T75/><D122/><U33/><E33/><V57/><F103/><W71/><G107/><T53/><D75/><U97/><E125/><V21/><F34/><W39/><G39/><T70/><D70/><U73/><E121/><V46/><F1/><W56/><G71/><T108/><D108/><U82/><E58/><V17/><F10/><W77/><G42/><T114/><D114/><U0/><E104/><V50/><F133/><W115/><G115/><T9/><D9/><U55/><E55/><V67/><F67/><N who="3" m="39303" /><G132/><T6/><D80/><U63/><E63/><V84/><F57/><W88/><G118/><T90/><D100/><U91/><E91/><V44/><REACH who="2" step="1"/><F43/><REACH who="2" ten="439,56,224,271" step="2"/><W25/><G116/><T98/><D117/><U93/><E2/><V29/><F29/><W119/><G119/><T123/><D123/><U37/><REACH who="1" step="1"/><E93/><REACH who="1" ten="439,46,224,271" step="2"/><V128/><F128/><W95/><G95/><T69/><D69/><U85/><E85/><V101/><F101/><W16/><AGARI ba="0,2" hai="11,15,16,23,25,31,77,78,81,87,88" m="39303" machi="16" ten="30,4000,0" yaku="8,1,54,2" doraHai="131" who="3" fromWho="3" sc="439,-10,46,-10,224,-20,271,60" /><INIT seed="7,0,0,2,2,65" ten="429,36,204,331" oya="3" hai0="44,104,128,101,69,109,105,87,107,46,67,73,75" hai1="94,57,39,43,12,68,97,130,119,92,103,20,90" hai2="40,124,29,25,80,42,13,27,54,32,64,14,122" hai3="49,31,21,51,15,114,66,82,102,74,60,23,118"/><W35/><G118/><T0/><D0/><U133/><E133/><V135/><F124/><W70/><G114/><T99/><D109/><U111/><E130/><V115/><F115/><W100/><G35/><T132/><D46/><U18/><E119/><V47/><F122/><W117/><G117/><T4/><D4/><U41/><E111/><V96/><F135/><W22/><G31/><T95/><D132/><U9/><E39/><V131/><F64/><W48/><REACH who="3" step="1"/><G15/><REACH who="3" ten="429,36,204,321" step="2"/><T106/><D128/><U2/><E2/><V3/><F14/><W89/><G89/><T76/><D44/><U84/><E68/><V113/><F13/><W34/><G34/><T112/><D112/><U108/><E108/><V53/><F29/><W38/><G38/><T10/><D69/><U6/><E6/><V26/><F32/><W63/><G63/><T17/><D17/><U91/><E103/><V30/><F30/><W52/><G52/><T116/><D116/><U5/><E5/><V50/><F113/><W134/><G134/><T81/><D67/><U123/><E123/><V55/><F131/><W93/><G93/><T121/><D121/><U11/><E11/><V88/><F3/><W36/><G36/><T72/><D10/><U83/><E9/><V16/><F16/><W61/><G61/><T33/><D33/><U58/><E92/><AGARI ba="0,1" hai="72,73,75,76,81,87,92,95,99,101,104,105,106,107" machi="92" ten="50,12000,2" yaku="35,6" doraHai="65" who="0" fromWho="1" sc="429,130,36,-120,204,0,321,0" owari="559,66.0,-84,-58.0,204,-20.0,321,12.0" /></mjloggm>