<mjloggm ver="2.3"><GO type="169"/><UN n0="%E5%94%90%E6%8F%9A%E5%A4%A7%E5%A5%BD%E3%81%8D" n1="%78%72%63%35%32%34%32%38" n2="%E4%B8%B8%E5%8A%A9" n3="%EF%BC%88%E2%89%A7%E2%96%BD%E2%89%A6%EF%BC%89" dan="16,16,16,18" rate="2173,2106,2149,2224" sx="M,M,M,M"/><TAIKYOKU oya="0"/><INIT seed="0,0,0,0,2,31" ten="250,250,250,250" oya="0" hai0="49,34,109,12,93,15,122,119,116,40,81,26,71" hai1="57,45,74,121,129,63,53,60,35,97,92,86,42" hai2="0,134,80,39,23,1,5,120,77,102,100,85,84" hai3="94,83,30,111,13,133,20,75,69,25,36,64,123"/><T29/><D71/><U38/><E121/><V98/><F120/><W43/><G123/><T96/><D122/><U2/><E2/><V90/><F39/><W124/><G124/><T131/><D131/><U103/><E74/><V56/><F134/><W41/><G133/><T58/><D81/><U14/><E129/><V51/><F23/><W128/><G128/><T135/><D135/><U99/><E86/><V118/><F118/><W28/><G111/><T50/><D109/><U87/><E87/><V78/><F78/><W4/><G30/><T125/><D125/><U127/><E127/><V61/><F51/><W114/><G114/><T126/><D126/><U54/><E35/><V68/><F68/><W67/><G36/><T3/><D3/><U108/><E14/><V107/><F102/><W91/><G83/><T7/><D119/><U76/><E76/><V18/><F18/><W95/><G95/><T24/><D116/><U79/><E79/><V115/><F5/><W9/><G75/><T21/><D7/><U66/><E108/><V112/><F112/><W113/><G113/><T37/><D37/><U88/><REACH who="1" step="1"/><E63/><REACH who="1" ten="250,240,250,250" step="2"/><V16/><F115/><W17/><G4/><T132/><D132/><U65/><E65/><N who="3" m="25162" /><G69/><T27/><D34/><U106/><AGARI ba="0,1" hai="38,42,45,53,54,57,60,66,88,92,97,99,103,106" machi="106" ten="20,5200,0" yaku="1,1,0,1,7,1,54,1,53,0" doraHai="31" doraHaiUra="110" who="1" fromWho="1" sc="250,-26,240,62,250,-13,250,-13" /><INIT seed="1,0,0,4,4,90" ten="224,302,237,237" oya="1" hai0="113,21,123,115,28,129,15,71,109,8,95,12,107" hai1="104,14,81,2,52,75,54,91,87,1,77,134,70" hai2="30,13,18,3,122,106,114,85,22,124,32,108,7" hai3="6,51,84,46,110,100,93,42,118,65,94,49,74"/><U11/><E70/><V64/><F106/><W102/><G74/><T111/><D107/><U57/><E104/><V20/><F122/><W99/><G118/><T36/><D71/><U69/><E69/><V35/><F64/><W48/><G110/><N who="0" m="41995" /><D36/><U23/><E134/><V116/><F108/><W135/><G135/><T60/><D60/><U103/><E103/><V83/><F116/><W119/><G119/><T33/><D123/><U125/><E125/><V29/><F124/><W4/><G65/><T25/><D129/><U79/><E23/><V67/><F67/><W96/><G84/><T128/><D128/><U97/><E97/><V126/><F126/><W131/><G131/><T56/><D56/><U92/><E79/><V24/><F114/><N who="0" m="43530" /><D95/><U27/><E27/><N who="2" m="18527" /><F85/><W89/><G89/><T120/><D120/><U19/><REACH who="1" step="1"/><E54/><REACH who="1" ten="224,292,237,237" step="2"/><V63/><F22/><W5/><AGARI ba="0,1" hai="4,5,6,42,46,48,49,51,93,94,96,99,100,102" machi="5" ten="30,8000,1" yaku="0,1,9,1,8,1,52,2" doraHai="90" who="3" fromWho="3" sc="224,-20,292,-40,237,-20,237,90" /><INIT seed="2,0,0,3,0,95" ten="204,252,217,327" oya="2" hai0="102,47,90,52,7,85,76,49,25,104,113,65,106" hai1="100,132,22,35,50,38,131,120,58,96,48,18,127" hai2="63,17,57,98,81,66,130,3,118,4,29,45,124" hai3="30,40,41,86,111,67,61,99,73,84,107,43,11"/><V13/><F118/><W128/><G73/><T20/><D113/><U44/><E35/><V129/><F124/><W68/><G128/><N who="2" m="49257" /><F3/><W2/><G111/><T101/><D7/><U1/><E131/><V55/><F29/><W115/><G115/><T26/><D65/><U14/><E1/><V54/><F4/><W71/><G71/><T75/><D106/><U91/><E127/><V119/><F119/><W117/><G117/><T114/><D114/><U62/><E132/><V21/><F45/><W28/><G28/><T39/><D39/><U46/><E38/><V123/><F123/><W83/><G30/><T74/><D74/><U32/><E32/><V78/><F98/><W34/><G34/><T60/><D60/><U109/><E109/><V0/><F0/><W69/><G2/><T36/><D36/><U133/><E133/><V12/><F12/><W15/><G69/><T122/><D122/><U53/><E100/><V97/><F97/><W126/><G126/><T94/><D104/><U89/><E120/><V19/><F19/><W80/><G107/><T42/><D42/><N who="1" m="24599" /><E96/><V5/><F5/><N who="3" m="3567" /><G99/><T82/><REACH who="0" step="1"/><D26/><REACH who="0" ten="194,252,217,327" step="2"/><U59/><E59/><V112/><F112/><W77/><G43/><AGARI ba="0,1" hai="14,18,22,43,46,50,53,58,62,89,91" m="24599" machi="43" ten="30,1000,0" yaku="8,1" doraHai="95" who="1" fromWho="3" sc="194,0,252,20,217,0,327,-10" /><INIT seed="3,0,0,5,0,85" ten="194,272,217,317" oya="3" hai0="8,41,110,28,63,99,9,1,105,75,56,67,111" hai1="74,23,25,93,45,61,34,53,43,97,124,51,4" hai2="108,98,129,100,17,10,15,21,88,119,24,107,33" hai3="94,6,113,16,48,112,64,86,80,36,31,84,50"/><W87/><G36/><T44/><D75/><U76/><E34/><V103/><F119/><W83/><G6/><T79/><D79/><U11/><E124/><V133/><F108/><N who="0" m="41514" /><D28/><U71/><E76/><V49/><F129/><W39/><G39/><N who="0" m="21567" /><D1/><U128/><E74/><V135/><F33/><W5/><G5/><T68/><D68/><U20/><E128/><V101/><F49/><N who="3" m="19051" /><G31/><T22/><D22/><U29/><E23/><V18/><F107/><W46/><G46/><T73/><D73/><U131/><E131/><V14/><F24/><W125/><G125/><T59/><D56/><N who="1" m="34959" /><E71/><V122/><F122/><W104/><G104/><T62/><D63/><U66/><E4/><V52/><F52/><W118/><G118/><T54/><D54/><U126/><E66/><V130/><F130/><W55/><G55/><T60/><D62/><U2/><E2/><V40/><F40/><W127/><G127/><T65/><D67/><U27/><E126/><V132/><F103/><AGARI ba="0,0" hai="8,9,59,60,65,99,103,105" m="21567,41514" machi="103" ten="30,1000,0" yaku="14,1" doraHai="85" who="0" fromWho="2" sc="194,10,272,0,217,-10,317,0" /><INIT seed="4,0,0,4,3,83" ten="204,272,207,317" oya="0" hai0="14,93,126,103,6,104,127,47,67,55,131,119,80" hai1="57,85,48,82,56,18,96,44,113,100,59,91,114" hai2="45,112,5,49,101,7,77,98,123,122,61,118,16" hai3="19,73,124,23,95,62,128,108,40,97,129,42,12"/><T79/><D119/><U53/><REACH who="1" step="1"/><E18/><REACH who="1" ten="204,262,207,317" step="2"/><V121/><F118/><W133/><G19/><T24/><D127/><U13/><E13/><V28/><F28/><W17/><G17/><T38/><D126/><U4/><E4/><V30/><F30/><W87/><G12/><T134/><D6/><U107/><AGARI ba="0,1" hai="44,48,53,56,57,59,82,85,91,96,100,107,113,114" machi="107" ten="30,8000,1" yaku="21,2,0,1,52,1,53,1" doraHai="83" doraHaiUra="46" who="1" fromWho="1" sc="204,-40,262,90,207,-20,317,-20" /><INIT seed="5,0,0,0,4,83" ten="164,352,187,297" oya="1" hai0="100,49,95,33,79,87,133,126,96,90,88,110,109" hai1="93,81,42,124,11,20,31,5,80,12,131,41,86" hai2="58,101,50,37,24,53,62,46,36,132,66,27,45" hai3="98,134,34,38,23,120,65,97,84,94,128,18,44"/><U125/><E131/><V127/><F101/><W13/><G120/><T4/><D33/><U55/><E55/><N who="2" m="30167" /><F27/><W35/><G128/><T25/><D25/><N who="1" m="16807" /><E125/><V17/><F24/><W119/><G119/><T76/><D4/><U52/><E52/><N who="2" m="34119" /><F17/><W71/><G34/><T22/><D22/><U89/><E124/><V129/><F127/><W108/><G35/><T7/><D7/><U9/><E11/><V8/><F129/><W28/><G28/><T75/><D49/><U111/><E111/><N who="0" m="42505" /><D126/><U51/><E51/><N who="2" m="28911" /><F132/><W99/><G134/><T14/><D14/><U116/><E116/><V102/><F102/><W106/><G13/><T67/><D133/><U2/><E2/><V73/><F8/><W10/><G10/><T117/><D117/><U61/><E61/><V118/><F118/><W130/><G130/><T82/><D67/><U64/><E64/><V59/><F73/><W29/><G18/><T40/><D40/><AGARI ba="0,0" hai="5,9,12,40,41,42,80,81,86,89,93" m="16807" machi="40" ten="30,2900,0" yaku="8,1,52,1" doraHai="83" who="1" fromWho="0" sc="164,-29,352,29,187,0,297,0" /><INIT seed="5,1,0,0,4,59" ten="135,381,187,297" oya="1" hai0="122,86,18,68,89,95,97,124,72,73,121,84,85" hai1="56,65,41,50,34,25,82,19,88,115,131,116,64" hai2="129,51,96,43,6,108,92,118,14,94,67,91,1" hai3="24,55,3,15,93,99,112,107,2,125,4,63,23"/><U0/><E116/><V66/><F118/><W106/><G106/><T77/><D68/><U119/><E119/><V79/><F108/><W132/><G107/><T44/><D44/><U10/><E115/><V134/><F1/><W83/><G112/><T47/><D47/><U102/><E102/><V87/><F129/><W127/><G83/><N who="0" m="47215" /><D18/><U80/><E82/><N who="2" m="47583" /><F134/><W52/><G132/><T9/><D9/><U40/><E131/><V126/><F126/><N who="3" m="48139" /><G15/><T117/><D117/><U53/><E34/><V111/><F111/><W110/><G110/><T32/><D32/><U39/><E39/><V27/><F43/><N who="1" m="16457" /><E0/><V113/><F51/><W13/><G3/><T11/><D11/><U48/><E50/><V49/><F49/><W28/><G2/><T5/><D5/><U8/><E10/><N who="2" m="4439" /><F113/><W105/><G105/><T61/><D61/><U104/><E104/><V36/><F36/><W35/><G35/><T90/><D124/><U123/><E123/><N who="0" m="47113" /><D97/><U30/><E30/><V100/><F27/><W114/><G114/><T81/><AGARI ba="1,0" hai="72,73,81,85,86,89,90,95" m="47113,47215" machi="81" ten="30,4000,0" yaku="13,1,34,2" doraHai="59" who="0" fromWho="0" sc="135,43,381,-21,187,-11,297,-11" /><INIT seed="6,0,0,1,2,47" ten="178,360,176,286" oya="2" hai0="63,79,43,102,111,120,11,53,101,86,98,78,12" hai1="60,115,108,85,30,126,129,15,17,105,28,64,124" hai2="26,122,33,38,69,74,134,36,89,3,5,29,107" hai3="23,50,34,125,49,114,106,100,1,58,40,73,82"/><V81/><F122/><W94/><G34/><T45/><D120/><U35/><E108/><V119/><F119/><W99/><G1/><T8/><D111/><U19/><E105/><V25/><F134/><W97/><G125/><T91/><D8/><U128/><E115/><V57/><F57/><W62/><G114/><T135/><D135/><U104/><E104/><V70/><F26/><W84/><G40/><T51/><D63/><U13/><E85/><V87/><F107/><W80/><G73/><T92/><D102/><U39/><E39/><N who="2" m="14891" /><F87/><W77/><G82/><N who="0" m="49623" /><D43/><U130/><E60/><V118/><F89/><W117/><G117/><T20/><D20/><N who="1" m="11311" /><E64/><V93/><F93/><W9/><G9/><T46/><D46/><U90/><E90/><V133/><F133/><W0/><G0/><T66/><D66/><U14/><E14/><V16/><F118/><W7/><G7/><AGARI ba="0,0" hai="7,11,12,45,51,53,78,79,92,98,101" m="49623" machi="7" ten="30,2000,0" yaku="8,1,52,1" doraHai="47" who="0" fromWho="3" sc="178,20,360,0,176,0,286,-20" /><INIT seed="7,0,0,3,0,42" ten="198,360,176,266" oya="3" hai0="57,53,51,100,48,70,7,31,95,115,29,118,1" hai1="15,14,78,60,114,50,63,12,6,84,52,111,33" hai2="113,2,132,97,99,24,102,4,40,75,65,5,105" hai3="130,92,73,79,116,37,46,13,101,21,129,98,59"/><W135/><G116/><T10/><D70/><U89/><E111/><V58/><F113/><W20/><G135/><T55/><D118/><U93/><E114/><V66/><F132/><W103/><G103/><T76/><D115/><U81/><E33/><V28/><F75/><W8/><G59/><T108/><D108/><U67/><E67/><V82/><F40/><N who="3" m="22799" /><G79/><T120/><D120/><U41/><E41/><V22/><F82/><W106/><G106/><T128/><D128/><N who="3" m="49257" /><G73/><T123/><D123/><U36/><E36/><V86/><F86/><W80/><G80/><T64/><D64/><U43/><E43/><V0/><F66/><W17/><AGARI ba="0,0" hai="8,13,17,20,21,92,98,101" m="49257,22799" machi="17" ten="30,3000,0" yaku="19,1,52,1" doraHai="42" who="3" fromWho="3" sc="198,-10,360,-10,176,-10,266,30" /><INIT seed="7,1,0,4,3,65" ten="188,350,166,296" oya="3" hai0="37,126,103,75,3,112,58,48,98,96,101,16,52" hai1="4,26,27,24,56,118,129,77,47,36,104,50,29" hai2="55,39,123,125,62,30,120,17,13,89,41,35,85" hai3="32,108,90,81,102,84,59,67,88,6,8,93,31"/><W97/><G108/><T124/><D75/><U45/><E104/><V83/><F125/><N who="0" m="48234" /><D37/><U46/><E129/><V119/><F119/><W18/><G32/><T51/><D3/><U28/><E4/><V135/><F135/><W95/><G31/><N who="1" m="11850" /><E36/><V130/><F130/><W63/><G18/><T10/><D112/><U132/><E132/><V107/><F107/><W74/><G74/><T33/><D33/><U134/><E134/><V21/><F39/><W122/><G122/><T44/><D103/><U40/><E77/><V111/><F41/><W79/><REACH who="3" step="1"/><G95/><REACH who="3" ten="188,350,166,286" step="2"/><N who="0" m="58527" /><D16/><U61/><E118/><V15/><F111/><W133/><G133/><T78/><D10/><U20/><E20/><V116/><F116/><W128/><G128/><T72/><D72/><U19/><E19/><V14/><F30/><W82/><G82/><T105/><D105/><U34/><E34/><V23/><F35/><W100/><G100/><T80/><D80/><U5/><E5/><V66/><F55/><AGARI ba="1,1" hai="24,26,27,40,45,46,47,50,55,56,61" m="11850" machi="55" ten="30,1000,0" yaku="8,1" doraHai="65" who="1" fromWho="2" sc="188,0,350,23,166,-13,286,0" owari="188,-21.0,373,47.0,153,-35.0,286,9.0" /></mjloggm>