<mjloggm ver="2.3"><GO type="169" lobby="0"/><UN n0="%E3%83%8B%E3%82%B3%E3%82%BF%E3%83%9E" n1="%65%69%63%68%69%72%6F" n2="%6D%65%24%6F" n3="%EF%BC%88%E2%89%A7%E2%96%BD%E2%89%A6%EF%BC%89" dan="16,16,16,17" rate="2158.03,2060.78,2065.71,2191.97" sx="M,M,M,M"/><TAIKYOKU oya="0"/><INIT seed="0,0,0,2,4,102" ten="250,250,250,250" oya="0" hai0="62,93,6,63,28,121,69,23,54,40,33,13,77" hai1="78,24,56,85,83,38,41,126,68,129,101,74,7" hai2="81,98,47,2,108,94,34,124,59,55,131,133,82" hai3="53,125,103,127,97,100,50,26,132,60,11,106,123"/><T21/><D121/><U70/><E126/><N who="3" m="48138" /><G123/><T9/><D40/><U58/><E129/><V44/><F124/><W130/><G130/><T86/><D69/><U134/><E134/><V120/><F131/><W18/><G132/><T27/><D33/><U79/><E101/><V73/><F133/><W118/><G118/><T19/><D54/><U8/><E24/><V76/><F2/><W25/><G103/><T52/><D52/><U67/><E79/><V114/><F34/><W66/><G11/><T4/><D4/><U111/><E85/><V113/><F120/><W61/><G18/><T37/><D37/><U110/><E56/><V46/><F81/><W14/><G14/><T39/><D39/><U95/><E58/><V122/><F122/><W42/><G42/><T17/><D17/><U72/><E95/><V75/><F75/><W65/><G61/><T43/><D43/><U51/><E72/><V117/><F117/><W30/><G60/><T5/><D5/><U80/><E80/><V16/><F16/><W112/><G112/><T10/><D10/><U31/><E31/><V32/><F32/><N who="3" m="20559" /><G26/><N who="0" m="16463" /><D77/><U48/><E41/><V29/><F114/><W71/><G71/><N who="1" m="27178" /><E38/><V1/><F76/><W107/><G107/><T57/><D57/><AGARI ba="0,0" hai="50,53,57,65,66,97,100,106" m="20559,48138" machi="57" ten="30,2000,0" yaku="18,1,52,1" doraHai="102" who="3" fromWho="0" sc="250,-20,250,0,250,0,250,20" /><INIT seed="1,0,0,5,1,125" ten="230,250,250,270" oya="1" hai0="2,127,108,40,22,112,31,68,29,101,104,71,82" hai1="10,47,25,100,16,80,87,57,116,66,115,42,23" hai2="32,30,13,103,5,45,84,99,41,64,0,109,3" hai3="17,114,98,53,61,44,65,75,48,59,85,89,113"/><U18/><E116/><V69/><F109/><W39/><G75/><T93/><D104/><U63/><E115/><V79/><F13/><W78/><G78/><T133/><D2/><U83/><E100/><V73/><F84/><W106/><G39/><T126/><D40/><U24/><E87/><V135/><F135/><W117/><G117/><T77/><D108/><U102/><E102/><V121/><F121/><W122/><G122/><T74/><D112/><U38/><REACH who="1" step="1"/><E10/><REACH who="1" ten="230,240,250,270" step="2"/><V43/><F103/><W76/><G113/><T132/><D101/><U35/><E35/><V19/><F32/><W107/><G114/><T50/><D127/><U52/><E52/><V134/><F134/><W124/><G124/><T91/><D126/><U88/><E88/><V7/><F73/><W36/><G76/><T86/><D133/><U94/><E94/><V14/><F79/><W70/><G98/><T62/><D132/><U54/><E54/><V129/><F99/><W131/><G107/><T95/><D93/><U118/><E118/><V110/><F41/><N who="3" m="22567" /><G106/><T58/><D77/><U96/><E96/><V27/><F43/><W33/><G33/><T11/><D74/><U21/><AGARI ba="0,1" hai="16,18,21,23,24,25,38,42,47,57,63,66,80,83" machi="21" ten="30,12000,1" yaku="1,1,0,1,9,1,54,1,53,1" doraHai="125" doraHaiUra="55" who="1" fromWho="1" sc="230,-40,240,130,250,-40,270,-40" /><INIT seed="1,1,0,3,2,119" ten="190,370,210,230" oya="1" hai0="74,124,49,35,15,25,36,127,4,5,104,16,99" hai1="40,117,121,54,58,81,11,13,66,67,51,32,8" hai2="120,42,111,19,6,38,23,108,62,125,72,0,88" hai3="22,37,55,94,132,1,114,63,93,14,18,110,2"/><U106/><E121/><V130/><F72/><W26/><G114/><T64/><D74/><U103/><E117/><V115/><F115/><W80/><G37/><T135/><D36/><U75/><E32/><V96/><F120/><W123/><G123/><T68/><D49/><U69/><E69/><V44/><F125/><N who="0" m="48202" /><D135/><U34/><E34/><V89/><F130/><W39/><G39/><T46/><D46/><U78/><E40/><V33/><F33/><W101/><G132/><T84/><D84/><U87/><E8/><V109/><F96/><W41/><G41/><T31/><D64/><U12/><E12/><N who="2" m="9703" /><F62/><W97/><G2/><T107/><D68/><U29/><E75/><V79/><F79/><W57/><G1/><T45/><D45/><U65/><E29/><V52/><F52/><W82/><G110/><T102/><D107/><U133/><E133/><V122/><F122/><W3/><G3/><T112/><D112/><U92/><E106/><V27/><F27/><W10/><REACH who="3" step="1"/><G94/><REACH who="3" ten="190,370,210,220" step="2"/><T100/><D100/><U95/><REACH who="1" step="1"/><E103/><REACH who="1" ten="190,360,210,220" step="2"/><V128/><F128/><W85/><G85/><T56/><D102/><U47/><E47/><V71/><F0/><W70/><G70/><T83/><D104/><U73/><E73/><V126/><F71/><W17/><AGARI ba="1,2" hai="10,14,17,18,22,26,55,57,63,80,82,93,97,101" machi="17" ten="20,12000,2" yaku="1,1,0,1,7,1,8,1,53,2" doraHai="119" doraHaiUra="76" who="3" fromWho="3" sc="190,-31,360,-61,210,-31,220,143" /><INIT seed="2,0,0,5,2,4" ten="159,299,179,363" oya="2" hai0="47,5,24,57,126,115,59,48,75,135,113,8,100" hai1="116,10,19,39,127,90,63,85,30,6,134,22,97" hai2="77,102,83,27,44,101,104,88,120,7,50,54,92" hai3="46,56,89,17,25,16,133,118,129,11,79,43,107"/><V32/><F120/><W69/><G69/><T64/><D75/><U21/><E116/><V78/><F7/><W37/><G107/><T81/><D81/><U72/><E72/><V3/><F3/><W110/><G118/><T84/><D100/><U31/><E39/><V52/><F104/><W40/><G79/><N who="2" m="30217" /><F32/><W35/><G35/><T112/><D84/><U2/><E127/><V94/><F27/><W131/><G43/><T76/><D76/><U18/><E134/><V99/><F83/><W93/><G133/><T23/><D126/><U95/><E97/><N who="2" m="57479" /><F102/><W42/><G25/><T36/><D36/><U61/><E31/><V67/><F67/><W108/><G17/><T58/><D135/><U98/><E30/><V123/><F123/><W111/><G111/><T71/><D71/><U49/><E19/><V125/><F125/><W38/><G110/><T1/><D64/><U33/><E33/><V119/><F119/><W65/><G108/><T9/><D5/><U29/><E29/><V41/><AGARI ba="0,0" hai="41,44,50,52,54,94,99,101" m="57479,30217" machi="41" ten="30,6000,0" yaku="8,1,54,2" doraHai="4" who="2" fromWho="2" sc="159,-20,299,-20,179,60,363,-20" /><INIT seed="2,1,0,2,3,7" ten="139,279,239,343" oya="2" hai0="85,41,54,101,109,95,117,59,96,2,35,113,87" hai1="56,91,112,42,100,20,108,60,103,53,16,90,134" hai2="89,111,83,70,64,88,14,119,9,81,73,132,29" hai3="32,126,5,19,40,98,36,105,22,49,39,1,80"/><V15/><F119/><W79/><G32/><T82/><D35/><U125/><E112/><V48/><F132/><W128/><G128/><T120/><D2/><U34/><E34/><V30/><F70/><W3/><G126/><T27/><D113/><U57/><E125/><V10/><F48/><W114/><G114/><T4/><D120/><U68/><E68/><V75/><F64/><W86/><G49/><T44/><D4/><U94/><E108/><AGARI ba="1,0" hai="9,10,14,15,29,30,73,75,81,83,88,89,108,111" machi="108" ten="25,12000,1" yaku="22,2,52,2,54,1" doraHai="7" who="2" fromWho="1" sc="139,0,279,-123,239,123,343,0" /><INIT seed="2,2,0,1,3,39" ten="139,156,362,343" oya="2" hai0="78,53,35,6,83,30,14,117,120,43,28,99,128" hai1="38,68,9,44,116,17,18,89,45,51,21,87,60" hai2="42,58,115,33,106,110,88,118,75,50,8,81,134" hai3="127,24,47,95,86,1,56,112,102,63,135,90,71"/><V2/><F118/><W36/><G71/><T0/><D0/><U25/><E116/><V22/><F115/><W3/><G112/><T72/><D120/><U13/><E38/><V133/><F33/><W16/><G135/><N who="2" m="51721" /><F106/><W96/><G127/><T98/><D128/><U48/><E68/><V123/><F123/><W15/><G24/><T29/><D35/><U84/><E60/><V109/><F22/><W111/><G111/><N who="2" m="42505" /><F2/><W64/><G47/><T121/><D121/><U65/><E65/><V104/><F104/><W55/><G64/><T37/><D117/><U67/><E67/><V119/><F119/><W7/><G36/><T93/><D37/><U108/><E108/><V59/><F8/><W34/><G34/><T32/><D32/><U54/><REACH who="1" step="1"/><E89/><REACH who="1" ten="139,146,362,343" step="2"/><V41/><F88/><W107/><REACH who="3" step="1"/><G7/><REACH who="3" ten="139,146,362,333" step="2"/><T70/><D6/><U100/><E100/><V40/><F50/><W11/><AGARI ba="2,2" hai="1,3,11,15,16,55,56,63,86,90,95,96,102,107" machi="11" ten="20,12000,2" yaku="1,1,2,1,0,1,7,1,54,1,53,1" doraHai="39" doraHaiUra="94" who="3" fromWho="3" sc="139,-32,146,-32,362,-62,333,146" /><INIT seed="3,0,0,2,5,60" ten="107,114,300,479" oya="3" hai0="39,30,20,78,64,111,5,61,32,85,102,97,63" hai1="2,67,22,90,81,46,105,15,48,36,47,130,119" hai2="45,13,122,87,83,70,98,65,68,121,127,11,92" hai3="86,93,34,18,37,8,51,79,6,41,69,42,109"/><W96/><G69/><T89/><D39/><U104/><E2/><V58/><F127/><W14/><G34/><T135/><D32/><U40/><E130/><V71/><F45/><W27/><G37/><T124/><D124/><U80/><E119/><V134/><F134/><W23/><G109/><T1/><D63/><U99/><E105/><V125/><F125/><W9/><G9/><T75/><D5/><U77/><E67/><V107/><F107/><W123/><G123/><N who="2" m="47113" /><F92/><W114/><G114/><T16/><D30/><U44/><E104/><V76/><F98/><W94/><G51/><T108/><D1/><U0/><E0/><V120/><F120/><W110/><G110/><T12/><D78/><U126/><E126/><V100/><F100/><N who="3" m="60431" /><G94/><T55/><D75/><U132/><E132/><V29/><F29/><W66/><G66/><T91/><D135/><U19/><E99/><V3/><F3/><W103/><G103/><T4/><D102/><U74/><E36/><V24/><F24/><W116/><G116/><T21/><D97/><U31/><E31/><V131/><F131/><W73/><G73/><T17/><D64/><U112/><E112/><V113/><F113/><W25/><G25/><T117/><D111/><U129/><E129/><V84/><F65/><W38/><G38/><T72/><D108/><U53/><E40/><V33/><F33/><W128/><G128/><T106/><D117/><U101/><E101/><V52/><F71/><W56/><G56/><T7/><D106/><U43/><E43/><V88/><F68/><W57/><G57/><N who="0" m="35007" /><D72/><U49/><E53/><RYUUKYOKU ba="0,0" sc="107,-15,114,15,300,-15,479,15" hai1="15,19,22,44,46,47,48,49,74,77,80,81,90" hai3="6,8,14,18,23,27,41,42,79,86" /><INIT seed="3,1,0,4,1,96" ten="92,129,285,494" oya="3" hai0="121,127,76,40,86,49,53,128,25,23,63,90,100" hai1="8,80,85,124,37,32,24,35,87,92,111,118,30" hai2="65,57,123,88,59,89,98,51,99,39,3,95,19" hai3="106,119,120,125,56,131,114,82,0,47,116,112,129"/><W110/><G0/><T113/><D121/><U130/><E37/><V117/><F39/><W115/><G106/><T38/><D38/><U66/><E111/><V13/><F3/><W12/><G12/><T97/><D76/><U14/><E124/><V44/><F117/><N who="3" m="45131" /><G82/><T132/><D127/><U75/><E130/><N who="3" m="49674" /><G125/><T55/><D128/><U11/><E118/><V135/><F123/><W36/><G120/><T126/><D126/><U64/><E75/><V43/><F135/><W15/><G15/><T41/><D132/><U81/><E14/><V31/><F31/><W73/><G73/><T50/><D63/><U61/><E30/><V78/><F78/><W9/><G9/><T103/><D97/><U109/><E92/><N who="2" m="56583" /><F65/><W104/><G104/><T101/><D113/><U105/><E105/><V54/><F43/><N who="0" m="16458" /><D53/><U74/><E61/><V93/><F93/><W26/><G110/><T20/><D55/><U102/><E109/><V4/><F4/><W18/><G36/><T108/><D108/><U122/><E122/><V52/><F54/><W70/><G70/><T45/><D45/><U67/><E67/><V83/><F83/><W68/><G68/><T72/><D72/><U22/><E74/><V7/><F7/><W1/><G1/><T46/><D46/><U17/><E66/><V58/><F44/><W28/><G47/><T107/><D107/><U2/><E2/><V10/><AGARI ba="1,0" hai="10,13,19,51,52,57,58,59,89,95,99" m="56583" machi="10" ten="30,4000,0" yaku="8,1,54,2" doraHai="96" who="2" fromWho="2" sc="92,-11,129,-11,285,43,494,-21" /><INIT seed="4,0,0,1,0,125" ten="81,118,328,473" oya="0" hai0="97,19,129,20,14,46,92,42,117,83,0,93,1" hai1="106,114,94,8,40,77,24,132,101,63,54,65,67" hai2="126,13,61,73,70,59,32,57,51,60,23,16,118" hai3="119,82,81,98,10,130,122,71,49,104,72,64,43"/><T69/><D69/><U56/><E106/><V89/><F73/><W15/><G119/><T88/><D117/><U9/><E132/><V33/><F126/><W109/><G109/><T111/><D111/><U26/><E114/><V75/><F75/><W17/><G122/><T35/><D35/><U102/><E77/><V27/><F118/><W128/><G64/><N who="1" m="24650" /><E40/><V110/><F110/><W39/><G39/><T86/><D93/><U48/><E48/><V131/><F70/><W127/><G127/><T21/><D20/><U62/><E62/><V99/><F33/><W115/><G115/><T113/><D113/><U12/><E8/><V95/><F51/><W120/><G120/><T116/><D116/><U91/><E91/><V68/><F68/><W105/><G71/><T112/><D112/><U31/><E31/><V44/><F44/><N who="3" m="25759" /><G72/><T55/><D55/><U135/><E135/><V66/><F32/><W107/><G98/><T2/><D46/><U18/><E94/><V5/><F5/><W7/><G7/><T84/><D42/><U121/><E121/><V123/><F123/><W53/><G53/><T78/><REACH who="0" step="1"/><D97/><REACH who="0" ten="71,118,328,473" step="2"/><U87/><E87/><V45/><F99/><W76/><G107/><T133/><D133/><U58/><E58/><V6/><F59/><W38/><G104/><T25/><D25/><AGARI ba="0,1" hai="9,12,18,24,25,26,54,56,63,101,102" m="24650" machi="25" ten="30,1000,0" yaku="8,1" doraHai="125" who="1" fromWho="0" sc="71,-10,118,20,328,0,473,0" /><INIT seed="5,0,0,3,1,68" ten="61,138,328,473" oya="1" hai0="100,17,120,51,131,64,38,88,22,16,114,104,77" hai1="24,66,71,80,15,101,33,99,90,113,94,119,14" hai2="45,28,69,7,115,103,8,59,73,1,4,0,26" hai3="13,31,29,46,121,108,93,116,95,35,97,87,76"/><U109/><E119/><V55/><F69/><W102/><G108/><T18/><D120/><U43/><E109/><V23/><F73/><W89/><G121/><T106/><D131/><U54/><E113/><V112/><F45/><W70/><G70/><T91/><D114/><N who="2" m="43562" /><F103/><W41/><G35/><T5/><D5/><N who="2" m="2122" /><F55/><W67/><G67/><T44/><D64/><U78/><E43/><V61/><F59/><W47/><G116/><T117/><D117/><U84/><E33/><V2/><F61/><W96/><G13/><T81/><D22/><U30/><E54/><V85/><F85/><W62/><G62/><T98/><D106/><U6/><E6/><AGARI ba="0,0" hai="0,1,2,6,8,23,26,28" m="2122,43562" machi="6" ten="30,7700,0" yaku="15,1,11,1,34,2" doraHai="68" who="2" fromWho="1" sc="61,0,138,-77,328,77,473,0" /><INIT seed="6,0,0,0,1,35" ten="61,61,405,473" oya="2" hai0="56,13,16,30,41,132,131,63,14,33,89,19,58" hai1="135,24,36,79,10,0,75,26,133,68,60,83,9" hai2="38,115,53,67,5,87,43,95,59,85,119,61,120" hai3="42,17,49,11,7,34,114,86,62,25,109,134,77"/><V82/><F120/><W98/><G109/><T55/><D132/><N who="1" m="50763" /><E36/><V4/><F119/><W92/><G34/><T28/><D33/><U37/><E37/><V12/><F115/><W70/><G70/><T72/><D72/><U121/><E121/><V94/><F38/><W125/><G125/><T80/><D41/><U54/><E54/><V47/><F43/><W50/><G114/><T129/><D58/><U8/><E0/><V6/><F12/><N who="3" m="5247" /><G62/><T113/><D113/><U27/><E60/><V123/><F123/><W96/><G134/><T105/><D105/><U107/><E107/><V29/><F29/><W127/><G127/><T130/><D80/><U110/><E68/><V21/><F21/><N who="3" m="13487" /><G42/><T15/><D89/><U81/><E81/><V23/><F23/><W100/><G96/><T122/><D122/><U126/><E126/><V40/><F40/><W97/><G98/><T1/><D1/><U90/><E110/><V71/><F71/><W106/><G106/><T117/><D117/><U52/><E90/><N who="2" m="51511" /><F87/><W44/><G44/><T46/><D46/><U118/><E52/><V104/><F104/><W57/><G57/><T20/><D14/><U102/><E118/><V111/><F111/><W103/><G103/><AGARI ba="0,0" hai="8,9,10,24,26,27,75,79,83,102,103" m="50763" machi="103" ten="40,1300,0" yaku="20,1" doraHai="35" who="1" fromWho="3" sc="61,0,61,13,405,0,473,-13" /><INIT seed="7,0,0,4,3,71" ten="61,74,405,460" oya="3" hai0="94,24,59,42,110,128,120,21,69,92,17,122,81" hai1="47,97,135,30,112,49,2,48,67,18,126,66,34" hai2="121,26,101,129,79,111,104,25,50,4,83,102,107" hai3="108,99,113,1,29,89,62,3,96,90,134,44,86"/><W38/><G113/><T133/><D69/><U127/><E2/><V52/><F111/><W68/><G29/><T13/><D110/><U88/><E112/><V20/><F129/><W43/><G108/><T70/><D70/><U116/><E135/><V103/><F4/><W119/><G119/><T93/><D133/><U22/><E34/><V57/><F121/><W23/><G134/><T75/><D128/><U95/><E30/><V31/><REACH who="2" step="1"/><F26/><REACH who="2" ten="61,74,395,460" step="2"/><W9/><G1/><T19/><D42/><U77/><E116/><V118/><F118/><W0/><G3/><T105/><D105/><U82/><E126/><V85/><AGARI ba="0,1" hai="20,25,31,50,52,57,79,83,85,101,102,103,104,107" machi="85" ten="30,4000,0" yaku="1,1,0,1,54,1,53,0" doraHai="71" doraHaiUra="12" who="2" fromWho="2" sc="61,-10,74,-10,395,50,460,-20" owari="51,-45.0,64,-34.0,445,55.0,440,24.0" /></mjloggm>