<mjloggm ver="2.3"><GO type="41"/><UN n0="%68%61%6D%61%73%61%6D%61" n1="%EF%BC%88%E2%89%A7%E2%96%BD%E2%89%A6%EF%BC%89" n2="%E5%B0%8F%E6%B1%9F%E6%88%B8%E3%81%AE%E3%83%96%E3%83%A9%E3%83%94" n3="%73%61%6E%64%75%61%6E" dan="14,15,14,15" rate="1914,1985,1965,1979" sx="M,M,M,M"/><TAIKYOKU oya="0"/><INIT seed="0,0,0,4,4,105" ten="250,250,250,250" oya="0" hai0="121,20,30,69,29,54,79,57,22,18,43,42,0" hai1="11,4,26,63,96,74,95,36,98,39,81,87,40" hai2="97,45,56,32,24,59,52,1,44,125,129,73,133" hai3="19,10,48,112,119,58,127,102,62,65,114,76,135"/><T38/><D121/><U41/><E39/><V103/><F1/><W100/><G119/><T16/><D69/><U51/><E36/><V92/><F133/><W17/><G127/><T123/><D0/><U21/><E63/><V71/><F71/><W84/><G135/><T111/><D123/><U77/><E87/><V31/><F129/><W104/><G114/><T25/><D38/><U35/><E35/><V55/><F125/><W27/><G112/><T75/><D111/><U83/><E83/><V82/><F82/><N who="3" m="47175" /><G104/><T80/><D43/><U47/><E40/><V131/><F131/><W49/><G19/><T2/><D42/><U116/><E116/><V120/><F120/><W90/><G90/><T94/><D94/><U23/><E26/><V89/><F89/><W124/><G124/><T13/><D2/><U118/><E118/><V8/><F73/><W67/><G67/><T107/><D107/><U126/><E126/><V14/><F56/><W128/><G128/><T9/><D9/><U33/><E33/><V60/><REACH who="2" step="1"/><F55/><REACH who="2" ten="250,250,240,250" step="2"/><W101/><G10/><T72/><REACH who="0" step="1"/><D75/><REACH who="0" ten="240,250,240,250" step="2"/><U130/><E130/><V132/><F132/><W3/><G3/><T50/><AGARI ba="0,2" hai="13,16,18,20,22,25,29,30,50,54,57,72,79,80" machi="50" ten="20,18000,2" yaku="1,1,2,1,0,1,7,1,52,1,54,1,53,0" doraHai="105" doraHaiUra="113" who="0" fromWho="0" sc="240,200,250,-60,240,-60,250,-60" /><INIT seed="0,1,0,4,2,85" ten="440,190,180,190" oya="0" hai0="65,42,122,128,21,23,57,72,46,115,120,38,100" hai1="14,98,11,118,37,135,130,64,92,33,28,119,102" hai2="26,7,31,96,19,126,125,29,68,111,44,94,78" hai3="73,35,63,87,13,101,40,49,84,12,91,66,10"/><T103/><D72/><U108/><E37/><V107/><F68/><W80/><G35/><T53/><D115/><U34/><E135/><V8/><F78/><W22/><G101/><T131/><D100/><U117/><E130/><N who="0" m="49705" /><D103/><U89/><E108/><V81/><F81/><W104/><G104/><T86/><D86/><U18/><E64/><V99/><F44/><W47/><G73/><T69/><D23/><U76/><E76/><V58/><F58/><N who="3" m="37239" /><G10/><T129/><D21/><U77/><E77/><V90/><F111/><W60/><G60/><N who="0" m="40103" /><D129/><U62/><E62/><AGARI ba="1,0" hai="38,42,46,53,57,62,120,122" m="40103,49705" machi="62" ten="30,5800,0" yaku="19,1,34,2" doraHai="85" who="0" fromWho="1" sc="440,61,190,-61,180,0,190,0" /><INIT seed="0,2,0,2,3,52" ten="501,129,180,190" oya="0" hai0="19,17,43,89,128,84,117,37,81,45,129,94,135" hai1="12,127,104,58,60,9,123,69,1,8,97,76,62" hai2="108,102,110,64,80,55,103,109,33,73,6,22,74" hai3="75,100,111,3,57,115,99,27,0,113,105,16,88"/><T101/><D135/><U130/><E123/><V77/><F33/><W116/><G75/><T34/><D34/><U35/><E130/><N who="0" m="50281" /><D117/><U96/><E35/><V131/><F131/><W24/><G116/><T86/><D101/><U46/><E127/><V11/><F64/><W134/><G134/><T36/><D36/><U72/><E1/><V91/><F74/><W38/><G38/><T85/><D81/><U71/><E46/><V32/><F32/><W118/><G118/><T31/><D31/><U87/><E72/><V61/><F22/><W30/><G111/><T10/><D10/><U56/><E87/><AGARI ba="2,0" hai="17,19,37,43,45,84,85,86,87,89,94" m="50281" machi="87" ten="30,1500,0" yaku="19,1" doraHai="52" who="0" fromWho="1" sc="501,21,129,-21,180,0,190,0" /><INIT seed="0,3,0,4,0,66" ten="522,108,180,190" oya="0" hai0="124,118,73,32,3,18,54,112,119,31,106,62,88" hai1="29,41,101,38,134,86,47,37,104,84,17,128,68" hai2="40,12,90,135,64,100,103,114,36,4,11,111,131" hai3="50,26,125,91,93,65,123,19,48,2,80,72,13"/><T46/><D3/><U10/><E134/><V82/><F135/><W69/><G125/><T58/><D124/><U8/><E128/><V22/><F131/><W28/><G2/><T61/><D73/><U107/><E29/><V33/><F114/><W67/><G123/><T51/><D106/><U77/><E77/><V98/><F33/><W21/><G80/><T25/><D112/><U45/><E101/><V94/><F64/><W105/><G105/><T75/><D75/><U43/><E17/><V89/><F36/><W0/><G0/><T92/><D18/><U5/><E5/><V59/><F40/><W74/><G72/><T30/><D62/><U108/><E108/><V34/><F34/><W1/><G74/><T71/><D30/><U42/><E41/><V121/><F121/><W78/><G78/><T27/><D27/><U96/><E96/><V133/><F133/><W14/><G1/><T35/><D71/><AGARI ba="3,0" hai="8,10,37,38,42,43,45,47,68,71,84,86,104,107" machi="71" ten="25,6400,0" yaku="22,2,52,2" doraHai="66" who="1" fromWho="0" sc="522,-73,108,73,180,0,190,0" /><INIT seed="1,0,0,1,3,118" ten="449,181,180,190" oya="1" hai0="71,25,98,53,37,13,51,2,107,45,57,46,3" hai1="85,67,31,23,82,119,100,54,42,16,75,108,19" hai2="62,130,70,32,115,1,68,50,38,83,14,56,90" hai3="87,22,106,21,92,94,112,4,113,132,133,105,43"/><U121/><E119/><V124/><F32/><W65/><G4/><T39/><D71/><U9/><E75/><V52/><F1/><W48/><G65/><T117/><D117/><U91/><E121/><V114/><F83/><W20/><G43/><T135/><D135/><N who="3" m="51785" /><G48/><T28/><D13/><U128/><E128/><V96/><F14/><W55/><G55/><T103/><D46/><U63/><E108/><V64/><F96/><W41/><G41/><T73/><D73/><U129/><E129/><V0/><F0/><W33/><G87/><T104/><D104/><U69/><E42/><V72/><F72/><W18/><G18/><T74/><D74/><U44/><E100/><V80/><F130/><W79/><G79/><T11/><D11/><U76/><E76/><V7/><F7/><W101/><G33/><T40/><D37/><U86/><E86/><N who="2" m="50503" /><F38/><W10/><G10/><T5/><D5/><U125/><E9/><V6/><F6/><W131/><G131/><T102/><D102/><U12/><E19/><V120/><F124/><W30/><G30/><T81/><D81/><U29/><REACH who="1" step="1"/><E125/><REACH who="1" ten="449,171,180,190" step="2"/><V88/><F120/><W93/><G101/><T84/><D103/><U60/><E60/><V27/><F88/><W35/><G35/><T58/><D84/><U123/><E123/><V122/><F122/><W110/><G110/><T47/><D39/><U49/><AGARI ba="0,1" hai="12,16,23,29,31,44,49,54,63,67,69,82,85,91" machi="49" ten="30,6000,0" yaku="1,1,0,1,54,1,53,0" doraHai="118" doraHaiUra="89" who="1" fromWho="1" sc="449,-20,171,70,180,-20,190,-20" /><INIT seed="1,1,0,0,4,76" ten="429,241,160,170" oya="1" hai0="66,85,120,47,109,119,5,38,18,8,15,72,132" hai1="28,86,68,80,51,82,40,117,3,35,29,52,11" hai2="17,34,26,113,7,10,24,124,105,59,22,54,71" hai3="9,131,48,61,97,92,133,70,30,73,74,104,114"/><U130/><E117/><V57/><F71/><W33/><G114/><T103/><D72/><U123/><E123/><V106/><F113/><W12/><G133/><T99/><D119/><U14/><E68/><V27/><F124/><W1/><G131/><T2/><D120/><U129/><E3/><V121/><F121/><W25/><G48/><T94/><D132/><U128/><E40/><V79/><F79/><W126/><G126/><T69/><D85/><U45/><E35/><V116/><F116/><W108/><G108/><T16/><D66/><U65/><E65/><V23/><F34/><W89/><G1/><T83/><D83/><N who="1" m="31787" /><E86/><V37/><F37/><W101/><G61/><T49/><D69/><U0/><E0/><V32/><F32/><W125/><G125/><T107/><D38/><U87/><E87/><V4/><F54/><W91/><G70/><T100/><D109/><U21/><E21/><N who="2" m="7691" /><F17/><AGARI ba="1,0" hai="11,14,17,28,29,45,51,52,128,129,130" m="31787" machi="17" ten="30,12000,1" yaku="19,1,52,3,54,1" doraHai="76" who="1" fromWho="2" sc="429,0,241,123,160,-123,170,0" /><INIT seed="1,2,0,2,4,30" ten="429,364,37,170" oya="1" hai0="11,33,23,114,132,35,123,69,1,43,13,122,32" hai1="133,86,2,24,44,18,50,94,101,10,127,41,56" hai2="38,19,77,59,54,131,108,73,126,7,42,91,66" hai3="4,64,125,60,51,14,82,20,80,106,47,26,76"/><U96/><E133/><V17/><F91/><W92/><G106/><T49/><D69/><U107/><E127/><V85/><F85/><W113/><G125/><T5/><D132/><U37/><E2/><V83/><F126/><W93/><G113/><T57/><D114/><U46/><E56/><V128/><F66/><W71/><G4/><T78/><D78/><U9/><E24/><V22/><F108/><W72/><G14/><T40/><D57/><U34/><E34/><V130/><F7/><W25/><G26/><T129/><D49/><U88/><REACH who="1" step="1"/><E18/><REACH who="1" ten="429,354,37,170" step="2"/><V65/><F65/><W109/><G109/><T58/><D58/><U104/><E104/><V28/><F28/><W31/><G82/><T105/><D105/><U68/><E68/><V119/><F119/><W97/><G97/><T67/><D67/><U52/><AGARI ba="2,1" hai="9,10,37,41,44,46,50,52,86,88,94,96,101,107" machi="52" ten="20,18000,2" yaku="1,1,0,1,7,1,54,2,53,1" doraHai="30" doraHaiUra="70" who="1" fromWho="1" sc="429,-62,354,196,37,-62,170,-62" owari="367,17.0,550,65.0,-25,-53.0,108,-29.0" /></mjloggm>