<mjloggm ver="2.3"><GO type="169" lobby="0"/><UN n0="%E5%9D%82%E6%9C%AC%E7%9C%9F%E7%B6%BE" n1="%6D%65%24%6F" n2="%E6%A1%9C%E7%8C%AB" n3="%EF%BC%88%E2%89%A7%E2%96%BD%E2%89%A6%EF%BC%89" dan="16,16,16,18" rate="2070.50,2072.08,2069.50,2120.53" sx="F,M,F,M"/><TAIKYOKU oya="0"/><INIT seed="0,0,0,0,1,30" ten="250,250,250,250" oya="0" hai0="33,54,97,24,129,49,64,68,111,6,71,88,23" hai1="13,11,124,53,126,25,69,131,96,80,26,45,52" hai2="4,119,34,62,41,98,27,22,57,1,108,117,58" hai3="73,37,104,60,89,16,102,42,15,100,115,46,85"/><T32/><D6/><U121/><E121/><V78/><F41/><W40/><G115/><T83/><D129/><U107/><E131/><V77/><F108/><W95/><G73/><T118/><D118/><N who="2" m="45066" /><F98/><W134/><G134/><T63/><D71/><U55/><E69/><V59/><F62/><W87/><G104/><T76/><D111/><U109/><E109/><V92/><F92/><W7/><G42/><T14/><D14/><U106/><E45/><V50/><F50/><W5/><G60/><T43/><D43/><U132/><E132/><V35/><F4/><W2/><G5/><T128/><D128/><U61/><E61/><V82/><F1/><W18/><G18/><T84/><D97/><U123/><E123/><V93/><F93/><W75/><G75/><T125/><D76/><N who="2" m="29290" /><F82/><W21/><REACH who="3" step="1"/><G87/><REACH who="3" ten="250,250,250,240" step="2"/><T51/><D125/><U38/><E124/><V36/><F36/><W31/><G31/><AGARI ba="0,1" hai="22,27,31,34,35,57,58,59" m="29290,45066" machi="31" ten="30,3900,0" yaku="12,1,52,2" doraHai="30" who="2" fromWho="3" sc="250,0,250,0,250,49,240,-39" /><INIT seed="1,0,0,2,2,74" ten="250,250,299,201" oya="1" hai0="0,37,96,92,66,84,80,88,86,48,95,57,19" hai1="111,58,133,14,103,16,129,97,55,122,62,31,120" hai2="21,130,77,119,69,47,10,2,117,1,81,83,64" hai3="15,13,33,61,123,102,131,45,68,105,9,85,29"/><U101/><E133/><V70/><F130/><W38/><G123/><T34/><D37/><U73/><E129/><V89/><F21/><W5/><G131/><T22/><D34/><U30/><E73/><V40/><F89/><W27/><G85/><T90/><D0/><U26/><E111/><V12/><F64/><N who="3" m="40975" /><G45/><T108/><D108/><U110/><E110/><V60/><F60/><W11/><G38/><T118/><D118/><U124/><E124/><V46/><F12/><N who="3" m="5167" /><G11/><T106/><D106/><U98/><E120/><V35/><F35/><W42/><G42/><T107/><D107/><U135/><E122/><V121/><F121/><W23/><G23/><T65/><D48/><U72/><E72/><V49/><F49/><W63/><G63/><T17/><D57/><U79/><E79/><V126/><F126/><W18/><G18/><N who="0" m="6667" /><D22/><N who="1" m="15703" /><E31/><V134/><F10/><W132/><G132/><T6/><D6/><U109/><E109/><V39/><F134/><W20/><G20/><T41/><D41/><U94/><E135/><V59/><F59/><W52/><G52/><T56/><D56/><U125/><E125/><V115/><F40/><W54/><G54/><T114/><D114/><U32/><E32/><V8/><F8/><W116/><G116/><T93/><D93/><N who="1" m="58543" /><E16/><V76/><F39/><W25/><G25/><T50/><D50/><U91/><E14/><V127/><F127/><W71/><G71/><T113/><D113/><AGARI ba="0,0" hai="1,2,46,47,69,70,76,77,81,83,113,115,117,119" machi="113" ten="25,6400,0" yaku="22,2,52,2" doraHai="74" who="2" fromWho="0" sc="250,-64,250,0,299,64,201,0" /><INIT seed="2,0,0,0,1,38" ten="186,250,363,201" oya="2" hai0="70,4,104,135,55,108,58,69,67,131,26,44,30" hai1="134,81,121,31,78,128,125,100,59,14,47,107,116" hai2="28,122,2,32,105,25,94,66,11,46,111,118,56" hai3="6,49,82,79,34,57,124,36,7,113,101,88,129"/><V51/><F105/><W133/><G34/><T21/><D104/><U73/><E116/><V0/><F118/><W63/><G113/><T37/><D131/><U91/><E128/><V35/><F122/><W110/><G129/><T115/><D115/><U42/><E121/><V99/><F32/><W12/><G36/><T5/><D135/><U95/><E134/><V80/><F80/><W61/><G133/><T60/><D108/><U77/><E31/><V20/><F35/><W117/><G117/><T39/><D39/><U75/><E59/><V120/><F120/><W16/><G101/><T3/><D3/><U15/><E125/><V10/><F2/><W29/><G29/><T48/><D70/><U127/><E127/><V18/><F18/><W62/><G110/><T1/><D1/><U112/><E112/><V84/><F84/><N who="3" m="50199" /><G79/><T86/><D86/><U109/><E109/><V85/><F85/><W76/><G76/><T13/><D13/><U87/><E77/><V132/><F132/><W27/><G27/><T64/><D64/><U90/><E90/><V98/><F98/><W96/><G96/><T102/><D102/><U9/><E75/><V17/><F17/><W97/><G97/><T33/><D33/><U130/><E130/><V126/><F126/><W74/><G74/><T41/><AGARI ba="0,0" hai="4,5,21,26,30,37,41,44,48,55,58,60,67,69" machi="41" ten="30,7900,0" yaku="0,1,24,2,52,1" doraHai="38" who="0" fromWho="0" sc="186,79,250,-20,363,-39,201,-20" /><INIT seed="3,0,0,4,3,60" ten="265,230,324,181" oya="3" hai0="38,49,40,94,86,5,14,132,42,95,102,98,53" hai1="103,16,105,110,71,78,48,80,72,43,113,77,22" hai2="82,25,134,130,6,36,65,81,89,8,70,99,61" hai3="112,51,13,50,19,63,29,17,66,128,74,55,104"/><W96/><G112/><T101/><D38/><U106/><E113/><V1/><F36/><W26/><G74/><T28/><D28/><U15/><E71/><V30/><F134/><W23/><G128/><T3/><D3/><U31/><E31/><V34/><F130/><W129/><G129/><T126/><D126/><U84/><E110/><V46/><F46/><W107/><G19/><T35/><D35/><U21/><E21/><V11/><F11/><W115/><G115/><T91/><D132/><U33/><E33/><V0/><F0/><W88/><G104/><T69/><D69/><U122/><E122/><V75/><F75/><W39/><G39/><T97/><D5/><U116/><E116/><V10/><F10/><W123/><G123/><T45/><REACH who="0" step="1"/><D14/><REACH who="0" ten="255,230,324,181" step="2"/><U120/><E120/><V41/><F41/><W121/><G121/><T18/><D18/><U131/><E131/><V85/><REACH who="2" step="1"/><F99/><REACH who="2" ten="255,230,314,181" step="2"/><W90/><G96/><T64/><D64/><U24/><E43/><V114/><F114/><W117/><G66/><T93/><AGARI ba="0,2" hai="40,42,45,49,53,86,91,93,94,95,97,98,101,102" machi="93" ten="20,12000,2" yaku="1,1,0,1,7,1,9,1,8,1,53,1" doraHai="60" doraHaiUra="87" who="0" fromWho="0" sc="255,140,230,-30,314,-30,181,-60" /><INIT seed="4,0,0,2,4,38" ten="395,200,284,121" oya="0" hai0="106,71,125,53,44,102,16,66,123,124,109,28,91" hai1="21,74,100,95,3,46,127,0,62,60,107,27,26" hai2="98,12,134,1,129,72,110,15,92,104,90,83,84" hai3="51,33,85,59,87,54,29,103,96,13,128,69,76"/><T82/><D123/><U133/><E74/><V2/><F110/><W24/><G128/><T93/><D28/><U79/><E79/><N who="2" m="44519" /><F134/><W11/><G69/><T94/><D82/><U43/><E107/><V78/><F129/><W117/><G117/><T42/><D53/><U65/><E133/><V18/><F78/><W19/><REACH who="3" step="1"/><G76/><REACH who="3" ten="395,200,284,111" step="2"/><T126/><D109/><U31/><E127/><V73/><F73/><W8/><G8/><T52/><D71/><U81/><E0/><V132/><F132/><W120/><G120/><T48/><D126/><U9/><E9/><V99/><F1/><W116/><G116/><T37/><D125/><U55/><E3/><V75/><F2/><W4/><G4/><T5/><D5/><U36/><E81/><V10/><F75/><W45/><G45/><T56/><D124/><U47/><E27/><V111/><F111/><W108/><G108/><T105/><D44/><U101/><E47/><V30/><F12/><W118/><G118/><T58/><D58/><U119/><E119/><V88/><F15/><W49/><G49/><T77/><D56/><U80/><E80/><V131/><F10/><W114/><G114/><T115/><D48/><U113/><E113/><V39/><F131/><W86/><G86/><T41/><D115/><U63/><E65/><V20/><F84/><W50/><G50/><T6/><D66/><U68/><E68/><V34/><F39/><W23/><G23/><T130/><D37/><U61/><E61/><V64/><F20/><W57/><G57/><T121/><D121/><U7/><E21/><V67/><F64/><RYUUKYOKU ba="0,1" sc="395,-10,200,-10,284,-10,111,30" hai3="11,13,19,24,29,33,51,54,59,85,87,96,103" /><INIT seed="5,1,1,2,1,64" ten="385,190,274,141" oya="1" hai0="29,127,57,131,94,95,101,36,117,129,89,90,114" hai1="50,42,40,17,97,53,59,70,21,100,9,63,28" hai2="1,35,123,51,109,23,72,37,92,10,60,41,43" hai3="5,2,69,46,71,0,48,3,39,55,87,121,98"/><U20/><E9/><V25/><F123/><W103/><G121/><T67/><D36/><U56/><E28/><V6/><F35/><W49/><G39/><T76/><D29/><U115/><E115/><V15/><F72/><W107/><G5/><T99/><D114/><U38/><E70/><V102/><F109/><W122/><G122/><T61/><D117/><U104/><E38/><V116/><F116/><W4/><G4/><T14/><D76/><U24/><REACH who="1" step="1"/><E20/><REACH who="1" ten="385,180,274,141" step="2"/><V77/><F37/><W44/><REACH who="3" step="1"/><G87/><REACH who="3" ten="385,180,274,131" step="2"/><T85/><D85/><U113/><E113/><V126/><F6/><W93/><G93/><T11/><D94/><U124/><E124/><V31/><F92/><W119/><G119/><T112/><D127/><U83/><E83/><V108/><F126/><W125/><G125/><T80/><D112/><U134/><E134/><V30/><F108/><W32/><G32/><T82/><D80/><U105/><E105/><V18/><F1/><W133/><G133/><T79/><D82/><U54/><AGARI ba="1,3" hai="17,21,24,40,42,50,53,54,56,59,63,97,100,104" machi="54" ten="20,3900,0" yaku="1,1,0,1,7,1,53,0" doraHai="64" doraHaiUra="75" who="1" fromWho="1" sc="385,-14,180,72,274,-14,131,-14" /><INIT seed="5,2,0,5,0,126" ten="371,252,260,117" oya="1" hai0="89,40,134,13,4,129,12,7,71,72,44,5,53" hai1="125,86,59,16,76,34,92,91,50,133,55,38,15" hai2="80,115,95,11,96,121,93,49,69,114,88,100,118" hai3="63,36,83,24,42,45,97,75,109,30,25,119,112"/><U99/><E34/><V111/><F121/><W1/><G109/><T31/><D71/><U60/><E125/><V79/><F69/><W9/><G112/><N who="2" m="43049" /><F11/><W6/><G119/><T29/><D72/><U131/><E38/><V82/><F49/><W51/><G63/><T64/><D64/><U61/><E133/><V94/><F118/><W27/><G97/><T123/><D53/><U37/><E37/><V46/><F46/><W62/><G62/><T32/><D32/><U14/><E14/><V70/><F70/><W28/><REACH who="3" step="1"/><G51/><REACH who="3" ten="371,252,260,107" step="2"/><T128/><D134/><U8/><E60/><V2/><F111/><W78/><AGARI ba="2,1" hai="1,6,9,24,25,27,28,30,36,42,45,75,78,83" machi="78" ten="30,8000,1" yaku="1,1,2,1,0,1,25,2,53,0" doraHai="126" doraHaiUra="48" who="3" fromWho="3" sc="371,-22,252,-42,260,-22,107,96" /><INIT seed="6,0,0,4,5,104" ten="349,210,238,203" oya="2" hai0="6,69,66,7,118,23,64,37,127,3,51,40,134" hai1="82,43,55,62,45,10,81,47,84,48,131,102,13" hai2="34,120,52,85,31,76,11,15,68,132,99,126,97" hai3="106,24,116,65,8,19,130,67,123,87,12,100,114"/><V44/><F120/><W58/><G123/><T9/><D127/><U57/><E131/><V121/><F68/><W14/><G116/><T75/><D134/><U95/><E47/><V91/><F121/><W38/><G38/><T4/><D51/><U88/><E102/><V18/><F76/><W124/><G124/><T56/><D56/><U92/><E81/><N who="2" m="49583" /><F126/><W129/><G114/><T128/><D23/><U50/><E62/><V28/><F132/><W59/><G24/><T33/><D33/><U93/><E82/><V105/><F105/><W39/><G39/><T73/><D128/><N who="3" m="49257" /><G87/><T90/><D118/><U74/><E74/><V77/><F77/><W29/><G29/><N who="2" m="11337" /><F34/><W111/><G111/><T108/><D108/><U115/><E115/><V98/><F98/><N who="3" m="61719" /><G12/><T83/><D3/><U16/><AGARI ba="0,0" hai="10,13,16,43,45,48,50,55,57,84,88,92,93,95" machi="16" ten="20,8000,1" yaku="0,1,7,1,8,1,54,2" doraHai="104" who="1" fromWho="1" sc="349,-20,210,80,238,-40,203,-20" /><INIT seed="7,0,0,1,2,7" ten="329,290,198,183" oya="3" hai0="21,90,23,109,71,122,59,115,68,105,112,1,16" hai1="124,103,117,0,132,93,62,73,106,60,48,26,89" hai2="31,37,121,94,47,91,6,84,38,18,49,36,13" hai3="66,101,86,97,134,113,81,40,39,2,19,56,33"/><W110/><G33/><T123/><D105/><U80/><E117/><V126/><F31/><W42/><G113/><N who="0" m="43595" /><D1/><U96/><E124/><V14/><F126/><W111/><G134/><T100/><D100/><U107/><E132/><V78/><F78/><N who="3" m="46391" /><G2/><T11/><D109/><N who="3" m="41481" /><G39/><T45/><D45/><U65/><E0/><V98/><F121/><N who="0" m="46090" /><D90/><U22/><E48/><V79/><F18/><W129/><G19/><T4/><D59/><U10/><E65/><V9/><F14/><W70/><G70/><N who="0" m="26667" /><D4/><U74/><E106/><V99/><REACH who="2" step="1"/><F79/><REACH who="2" ten="329,290,188,183" step="2"/><W87/><G129/><T82/><D82/><U133/><E80/><V20/><F20/><W63/><G87/><T85/><D85/><U53/><E133/><V75/><F75/><W120/><G120/><T69/><D69/><U104/><E74/><V27/><F27/><W88/><G88/><T67/><D67/><U30/><E73/><V118/><F118/><W52/><G66/><T83/><D83/><U28/><E89/><V50/><F50/><W72/><G72/><T95/><D95/><AGARI ba="0,1" hai="40,42,52,56,63,95,97,101" m="41481,46391" machi="95" ten="30,2900,0" yaku="10,1,54,1" doraHai="7" who="3" fromWho="0" sc="329,-29,290,0,188,0,183,39" /><INIT seed="7,1,0,1,1,15" ten="300,290,188,222" oya="3" hai0="55,35,89,127,100,54,39,11,120,56,47,78,106" hai1="42,130,44,4,119,37,20,38,28,65,18,113,17" hai2="122,121,108,3,79,23,1,26,27,112,77,32,45" hai3="30,53,8,70,134,7,67,2,71,96,95,105,86"/><W9/><G134/><T16/><D120/><N who="2" m="46186" /><F32/><W51/><G30/><T76/><D35/><U126/><E38/><V91/><F108/><W33/><G33/><T92/><D106/><U64/><E4/><V110/><F110/><W66/><G105/><T25/><D100/><U21/><E126/><V12/><F45/><W129/><G129/><T102/><D102/><U114/><E130/><V88/><F12/><W69/><G86/><N who="0" m="52279" /><D39/><U84/><E84/><V24/><F112/><N who="1" m="43113" /><E119/><V128/><F128/><W75/><G75/><T118/><D118/><U94/><E94/><V97/><F23/><N who="1" m="8777" /><E28/><V124/><F124/><W60/><G95/><T132/><D127/><U50/><E37/><V10/><F10/><W135/><G8/><T5/><D132/><U133/><E133/><V49/><F49/><W40/><G135/><T22/><D5/><U116/><E116/><V19/><F19/><AGARI ba="1,0" hai="17,18,19,42,44,50,64,65" m="8777,43113" machi="19" ten="30,7700,0" yaku="15,1,52,3" doraHai="15" who="1" fromWho="2" sc="300,0,290,80,188,-80,222,0" owari="300,10.0,370,47.0,108,-39.0,222,-18.0" /></mjloggm>