<mjloggm ver="2.3"><GO type="169"/><UN n0="%EF%BC%88%E2%89%A7%E2%96%BD%E2%89%A6%EF%BC%89" n1="%E3%82%80%E3%83%BC%E3%82%80" n2="%E3%81%B2%E3%81%A3%E3%81%B4%E3%81%93%E3%82%93" n3="%E9%B7%B9%E3%82%88%E3%82%8A%EF%BC%A0%EF%BC%B3%EF%BC%A2" dan="18,16,16,16" rate="2171,2036,2072,2072" sx="M,M,M,M"/><TAIKYOKU oya="0"/><INIT seed="0,0,0,1,2,4" ten="250,250,250,250" oya="0" hai0="13,53,116,17,103,86,84,64,67,76,27,91,65" hai1="66,68,20,7,14,121,111,88,74,94,135,49,105" hai2="107,24,129,117,127,9,11,75,56,79,0,108,38" hai3="97,106,48,8,15,47,71,73,6,78,101,61,124"/><T120/><D120/><U82/><E121/><V131/><F38/><W18/><G124/><T31/><D116/><U89/><E105/><V44/><F107/><W10/><G73/><T21/><D103/><U35/><E35/><V87/><F0/><W22/><G78/><T100/><D100/><U113/><E113/><V52/><F75/><W60/><G71/><T62/><D76/><U126/><E135/><V114/><F44/><W119/><G119/><T123/><D123/><U43/><E111/><V83/><F117/><W133/><G133/><T102/><D102/><U109/><E109/><V54/><F108/><W29/><G29/><T115/><D115/><U39/><E39/><V16/><F114/><W46/><G46/><T30/><D30/><U132/><E68/><V51/><F54/><W134/><G134/><T118/><D118/><U69/><E69/><V25/><F127/><W33/><G33/><T34/><REACH who="0" step="1"/><D91/><REACH who="0" ten="240,250,250,250" step="2"/><U19/><E132/><V112/><F112/><W12/><REACH who="3" step="1"/><G22/><REACH who="3" ten="240,250,250,240" step="2"/><T37/><D37/><U45/><E126/><V96/><F79/><W130/><G130/><T110/><D110/><U125/><E125/><V95/><F129/><W85/><G85/><T59/><AGARI ba="0,2" hai="13,17,21,27,31,34,53,59,62,64,65,67,84,86" machi="59" ten="30,3000,0" yaku="1,1,0,1,53,0" doraHai="4" doraHaiUra="1" who="0" fromWho="0" sc="240,50,250,-10,250,-10,240,-10" /><INIT seed="0,1,0,5,5,114" ten="290,240,240,230" oya="0" hai0="130,69,132,57,21,64,133,120,62,24,80,9,48" hai1="108,22,105,8,131,99,52,83,18,28,112,87,118" hai2="110,100,25,128,6,109,116,119,1,115,61,103,29" hai3="97,63,45,3,27,94,16,54,107,0,124,75,95"/><T4/><D120/><U39/><E39/><V123/><F123/><W66/><G75/><T35/><D35/><U77/><E112/><V90/><F115/><W12/><G27/><T111/><D80/><U51/><E108/><N who="2" m="41579" /><F128/><W5/><G124/><T76/><D76/><U20/><E131/><V33/><F90/><W32/><G32/><T84/><D84/><U93/><E105/><V53/><F61/><W55/><G107/><T10/><D111/><U88/><E118/><N who="2" m="45099" /><F53/><W85/><G5/><T134/><D130/><U13/><E28/><V49/><F49/><W117/><G117/><T56/><D48/><U47/><AGARI ba="1,0" hai="8,13,18,20,22,47,51,52,77,83,87,88,93,99" machi="47" ten="20,8000,1" yaku="0,1,7,1,8,1,54,2" doraHai="114" who="1" fromWho="1" sc="290,-41,240,83,240,-21,230,-21" /><INIT seed="1,0,0,3,5,17" ten="249,323,219,209" oya="1" hai0="73,82,128,102,70,123,55,41,121,106,47,132,6" hai1="59,113,0,77,43,29,80,64,12,26,107,88,8" hai2="119,95,83,22,7,46,100,15,66,36,24,14,93" hai3="89,117,60,65,129,110,27,75,81,94,39,30,104"/><U25/><E113/><V57/><F119/><W74/><G104/><T67/><D6/><U79/><E107/><V118/><F118/><W98/><G110/><T62/><D128/><U131/><E0/><V63/><F83/><W32/><G129/><T31/><D132/><U5/><E131/><V108/><F7/><W76/><G39/><N who="0" m="21951" /><D31/><U71/><E43/><V109/><F46/><W114/><G117/><T87/><D87/><N who="1" m="50279" /><E71/><V10/><F36/><W130/><G130/><T16/><D106/><U115/><E115/><V99/><F10/><W92/><G92/><T96/><D102/><U69/><E69/><V90/><F108/><W133/><G133/><T13/><D96/><U91/><E91/><V45/><F45/><W37/><G37/><T49/><D82/><U51/><E29/><N who="2" m="17559" /><F109/><W61/><G114/><T68/><D73/><U20/><E79/><V101/><F101/><W52/><G75/><T97/><D70/><U126/><E77/><V72/><F72/><W105/><G105/><T103/><D103/><U28/><E5/><V38/><F38/><W116/><G116/><T4/><D4/><U19/><E28/><V1/><F1/><W35/><G32/><T122/><D122/><U21/><E8/><V9/><F9/><W11/><G11/><N who="0" m="6207" /><D97/><AGARI ba="0,0" hai="14,15,57,63,66,90,93,95,97,99,100" m="17559" machi="97" ten="30,3900,0" yaku="25,1,8,1,52,1" doraHai="17" who="2" fromWho="0" sc="249,-39,323,0,219,39,209,0" /><INIT seed="2,0,0,0,4,41" ten="210,323,258,209" oya="2" hai0="113,47,63,118,128,96,11,40,130,70,114,81,78" hai1="16,5,34,52,124,46,111,62,71,6,49,87,68" hai2="32,121,69,33,116,24,97,27,22,117,100,28,15" hai3="101,77,127,120,31,75,72,104,74,12,14,56,84"/><V50/><F121/><W102/><G120/><T17/><D96/><U112/><E34/><V66/><F15/><W86/><G31/><T20/><D11/><U131/><E112/><N who="0" m="43113" /><D17/><U9/><E111/><V23/><F50/><W65/><G127/><T21/><D81/><U25/><E124/><V82/><F82/><W54/><G65/><N who="0" m="41279" /><D78/><U119/><E119/><V79/><F79/><W123/><G123/><T59/><D118/><U26/><E87/><V73/><F73/><W30/><G30/><T103/><D103/><U42/><E71/><V90/><F90/><W91/><G102/><T110/><D110/><U53/><E68/><V4/><F4/><N who="1" m="1641" /><E131/><N who="0" m="50217" /><D59/><N who="1" m="35183" /><E42/><V2/><F2/><W0/><G0/><T13/><D13/><AGARI ba="0,0" hai="9,13,16,25,26,46,49,52" m="35183,1641" machi="13" ten="30,7700,0" yaku="8,1,52,1,54,2" doraHai="41" who="1" fromWho="0" sc="210,-77,323,77,258,0,209,0" /><INIT seed="3,0,0,5,0,117" ten="133,400,258,209" oya="3" hai0="63,114,62,54,99,89,10,90,130,126,120,112,37" hai1="16,82,58,51,42,2,66,110,113,19,129,44,118" hai2="0,39,70,28,55,123,128,100,73,34,20,133,108" hai3="75,49,72,93,88,134,122,52,84,102,125,69,59"/><W107/><G125/><T43/><D10/><U31/><E113/><N who="0" m="43625" /><D126/><U105/><E2/><V30/><F30/><W40/><G122/><T77/><D130/><U57/><E105/><V86/><F55/><W74/><G134/><T53/><D77/><U21/><E110/><V14/><F20/><W50/><G69/><T94/><D89/><U17/><E129/><V7/><F14/><W101/><REACH who="3" step="1"/><G107/><REACH who="3" ten="133,400,258,199" step="2"/><T67/><D120/><U35/><E118/><V45/><F123/><W60/><G60/><N who="0" m="23083" /><D67/><U46/><E66/><V119/><F70/><W41/><G41/><T26/><D26/><U12/><E42/><V78/><F119/><W116/><G116/><T6/><D6/><U9/><E35/><V1/><F7/><W83/><G83/><T18/><D18/><U131/><E82/><V36/><F34/><W106/><G106/><T29/><D29/><U64/><E64/><V25/><F28/><W13/><G13/><T96/><D43/><U127/><E127/><V98/><F0/><W85/><G85/><N who="0" m="52559" /><D37/><U76/><E31/><V56/><F39/><W27/><G27/><T23/><D99/><U65/><E65/><V104/><F98/><W38/><G38/><T68/><D96/><U80/><E19/><V79/><F36/><W61/><G61/><T71/><D68/><U132/><E131/><V87/><F128/><W32/><G32/><T92/><D71/><U135/><E17/><V111/><F1/><W4/><G4/><T109/><D109/><U3/><E3/><V91/><F111/><W24/><G24/><T121/><D121/><U5/><E5/><RYUUKYOKU ba="0,1" sc="133,-10,400,-10,258,-10,199,30" hai3="40,49,50,52,59,72,74,75,84,88,93,101,102" /><INIT seed="3,1,1,4,5,127" ten="123,390,248,229" oya="3" hai0="79,76,57,0,32,20,43,53,86,72,131,65,73" hai1="55,33,129,107,100,45,60,84,51,85,28,25,48" hai2="2,89,35,113,61,4,71,27,106,50,120,125,16" hai3="52,59,23,67,26,37,19,78,14,39,99,41,83"/><W36/><G99/><T1/><D32/><U64/><E51/><V134/><F50/><W130/><G67/><T34/><D34/><U115/><E115/><V112/><F89/><W111/><G111/><T75/><D43/><U44/><E44/><V62/><F62/><W69/><G69/><T128/><D65/><U104/><E104/><V126/><F61/><W93/><G93/><T82/><D20/><U58/><REACH who="1" step="1"/><E129/><REACH who="1" ten="123,380,248,229" step="2"/><N who="0" m="49737" /><D79/><U22/><E22/><V18/><F112/><W118/><G130/><T77/><D76/><U91/><E91/><V121/><F113/><W9/><G118/><T40/><D40/><U87/><E87/><V80/><F125/><W88/><G41/><T47/><D47/><U46/><E46/><V133/><F126/><W7/><G88/><T116/><D116/><U96/><AGARI ba="1,2" hai="25,28,33,45,48,55,58,60,64,84,85,96,100,107" machi="96" ten="30,2000,0" yaku="1,1,0,1,53,0" doraHai="127" doraHaiUra="132" who="1" fromWho="1" sc="123,-6,380,43,248,-6,229,-11" /><INIT seed="4,0,0,2,2,75" ten="117,423,242,218" oya="0" hai0="80,29,41,9,131,35,119,12,122,55,52,31,104" hai1="86,48,28,57,89,15,1,88,49,25,121,71,6" hai2="37,26,125,93,23,82,79,22,114,101,134,17,16" hai3="85,65,98,19,83,112,90,84,50,58,53,63,99"/><T117/><D122/><U135/><E71/><V43/><F114/><W47/><G112/><T51/><D104/><U5/><E135/><V106/><F134/><W78/><REACH who="3" step="1"/><G19/><REACH who="3" ten="117,423,242,208" step="2"/><N who="0" m="8591" /><D119/><U8/><E121/><V3/><F125/><W92/><AGARI ba="0,1" hai="47,50,53,58,63,65,78,83,84,85,90,92,98,99" machi="92" ten="20,8000,1" yaku="1,1,0,1,7,1,8,1,52,1,53,0" doraHai="75" doraHaiUra="116" who="3" fromWho="3" sc="117,-40,423,-20,242,-20,208,90" /><INIT seed="5,0,0,1,5,55" ten="77,403,222,298" oya="1" hai0="78,42,62,43,124,126,99,96,73,93,31,102,37" hai1="46,51,109,58,85,97,90,127,111,63,132,103,128" hai2="23,56,95,74,69,94,12,117,80,98,2,49,114" hai3="36,11,59,71,47,88,110,122,39,65,121,53,41"/><U131/><E132/><V25/><F69/><W24/><G24/><T7/><D31/><U26/><E127/><N who="0" m="48681" /><D7/><U119/><E119/><V81/><F117/><W0/><G88/><N who="0" m="55335" /><D37/><N who="3" m="14409" /><G11/><T89/><D62/><U45/><E26/><V77/><F2/><W130/><G110/><N who="1" m="41994" /><E90/><V115/><F81/><W1/><G130/><N who="1" m="49706" /><E51/><V61/><F49/><N who="3" m="31151" /><G1/><T108/><D108/><U129/><E85/><V20/><F23/><W86/><G86/><T48/><D48/><U10/><E10/><V82/><F82/><W133/><G0/><T40/><D89/><U75/><E75/><V22/><F20/><W135/><G47/><T50/><D78/><U91/><E91/><V4/><F22/><W60/><G41/><N who="0" m="10499" /><T29/><DORA hai="123" /><D73/><U106/><E129/><V30/><F25/><W35/><G35/><T27/><D27/><U15/><E15/><V32/><F12/><W87/><G87/><T28/><D50/><U54/><AGARI ba="0,0" hai="45,46,54,58,63,97,103,106" m="49706,41994" machi="54" ten="30,18000,2" yaku="10,1,19,1,52,4" doraHai="55,123" who="1" fromWho="1" sc="77,-60,403,180,222,-60,298,-60" /><INIT seed="5,1,0,3,4,0" ten="17,583,162,238" oya="1" hai0="127,35,6,58,48,102,99,7,12,101,68,114,30" hai1="122,132,89,97,65,49,46,133,54,13,10,113,38" hai2="134,120,11,14,135,75,26,79,91,131,98,15,28" hai3="22,103,123,2,81,25,5,47,36,124,95,93,27"/><U106/><E122/><V107/><F120/><W9/><G124/><T85/><D68/><U128/><E113/><V82/><F131/><W96/><G123/><T56/><D127/><U8/><E128/><V86/><F26/><W74/><G95/><N who="0" m="58623" /><D35/><U111/><E111/><V67/><F28/><W34/><G34/><T31/><D114/><U51/><E38/><V50/><F67/><W69/><G22/><T117/><D117/><U55/><E65/><V72/><F50/><W24/><G69/><T19/><D102/><N who="1" m="62799" /><E89/><V60/><F60/><W16/><G16/><T115/><D115/><U87/><E87/><V43/><F43/><N who="3" m="23015" /><G24/><T32/><D32/><U61/><E61/><V116/><F116/><W119/><G119/><T100/><D100/><U130/><E13/><V66/><F107/><W53/><G53/><N who="0" m="31783" /><D58/><N who="1" m="33103" /><E130/><V129/><F129/><W33/><G33/><T78/><D85/><U39/><E39/><V64/><F66/><W108/><G108/><T40/><D78/><AGARI ba="1,0" hai="2,5,9,25,27,74,78,81,93,96,103" m="23015" machi="78" ten="30,2000,0" yaku="25,1,52,1" doraHai="0" who="3" fromWho="0" sc="17,-23,583,0,162,0,238,23" owari="-6,-51.0,583,69.0,162,-24.0,261,6.0" /></mjloggm>