<mjloggm ver="2.3"><GO type="41"/><UN n0="%E3%81%86%E3%81%8D%E3%82%87%E3%81%86" n1="%73%61%6E%6B%61%6D%6F" n2="%E3%82%A6%E3%83%AB%E3%83%88%E3%83%A9%E7%AB%8B%E7%9B%B4" n3="%66%65" dan="14,14,15,14" rate="1877,1937,1980,1888" sx="M,M,M,M"/><TAIKYOKU oya="0"/><INIT seed="0,0,0,0,1,37" ten="250,250,250,250" oya="0" hai0="41,112,17,67,86,84,88,107,130,11,92,132,13" hai1="53,26,74,78,51,46,43,10,59,114,83,12,70" hai2="58,105,40,8,64,135,56,89,15,76,25,7,79" hai3="115,29,91,97,63,39,82,24,90,128,113,118,4"/><T31/><D112/><U44/><E114/><V72/><F105/><W55/><G39/><T9/><D107/><U32/><E70/><V85/><F135/><W2/><G118/><T20/><D132/><U102/><E102/><V87/><F72/><W19/><G128/><T98/><D130/><U1/><E1/><V28/><F64/><W108/><G113/><T23/><D67/><U120/><E120/><V34/><F58/><W57/><G115/><T106/><D106/><U101/><E101/><V22/><F56/><W5/><G2/><T81/><D31/><U127/><E127/><V14/><F34/><W69/><G69/><T33/><D33/><U111/><E111/><V30/><F30/><W42/><G108/><T75/><D75/><U77/><E77/><V116/><F116/><W0/><G0/><T65/><D65/><U96/><E96/><V60/><F60/><W36/><G91/><N who="0" m="55583" /><D84/><U52/><E32/><V62/><F62/><W99/><G97/><T131/><D131/><U117/><E117/><V49/><F15/><W119/><G119/><T129/><D129/><U66/><E26/><V110/><F110/><W126/><G126/><T21/><D11/><U133/><E133/><V68/><F68/><W45/><G82/><T38/><D38/><U27/><E27/><V35/><F35/><W100/><G29/><T50/><D9/><U3/><E3/><V48/><F85/><W6/><G100/><T103/><D103/><U122/><E122/><V104/><F104/><W73/><G73/><T109/><D109/><U61/><E46/><AGARI ba="0,0" hai="13,17,20,21,23,41,46,50,81,86,88" m="55583" machi="46" ten="30,5800,0" yaku="8,1,52,1,54,1" doraHai="37" who="0" fromWho="1" sc="250,58,250,-58,250,0,250,0" /><INIT seed="0,1,0,3,1,65" ten="308,192,250,250" oya="0" hai0="52,104,24,70,10,79,118,60,7,107,3,90,66" hai1="84,72,20,109,5,59,78,131,18,125,113,61,39" hai2="62,14,111,1,121,33,69,42,89,123,99,133,112" hai3="34,134,73,28,53,115,82,100,91,36,87,48,92"/><T132/><D118/><U128/><E39/><V44/><F14/><W57/><G115/><T15/><D132/><U101/><E5/><V37/><F89/><W83/><G36/><T95/><D79/><U31/><E72/><V71/><F99/><W50/><G134/><T135/><D135/><U85/><E109/><V21/><F21/><W41/><G34/><T127/><D127/><U8/><E113/><V49/><F33/><W86/><G73/><T94/><D94/><U124/><E101/><V102/><F102/><W117/><G117/><T2/><D24/><U96/><E96/><V122/><F1/><W17/><G28/><T13/><D3/><U119/><E119/><V64/><F133/><W45/><G100/><T67/><D67/><N who="1" m="39359" /><E8/><V81/><F81/><W6/><G6/><T23/><D23/><U129/><E31/><V75/><F75/><W88/><G17/><T54/><D104/><U38/><E38/><V80/><F80/><AGARI ba="1,0" hai="41,45,48,50,53,57,80,82,83,86,87,88,91,92" machi="80" ten="30,3900,0" yaku="7,1,8,1,54,1" doraHai="65" who="3" fromWho="2" sc="308,0,192,0,250,-42,250,42" /><INIT seed="1,0,0,4,3,27" ten="308,192,208,292" oya="1" hai0="71,25,124,19,57,29,15,94,105,63,62,80,52" hai1="24,17,127,134,76,37,66,47,40,119,65,44,50" hai2="113,33,89,129,45,79,92,82,102,1,112,123,13" hai3="77,122,22,46,133,8,69,106,43,107,20,12,90"/><U135/><E119/><V126/><F1/><W125/><G122/><T83/><D105/><U64/><E76/><V41/><F123/><W49/><G69/><T111/><D124/><U26/><E17/><V84/><F126/><W85/><G125/><T110/><D94/><U5/><E127/><V86/><F129/><W93/><G133/><N who="1" m="50698" /><E5/><V51/><F102/><W130/><G130/><T38/><D38/><U99/><E99/><V67/><F67/><N who="1" m="17153" /><U61/><DORA hai="91" /><E61/><V0/><F0/><W78/><G107/><T88/><D71/><U75/><E75/><V128/><F128/><W70/><G70/><T115/><D63/><U56/><E56/><V109/><F109/><N who="0" m="41482" /><D115/><U3/><E3/><V104/><F104/><W97/><G106/><T103/><D103/><U131/><E131/><V31/><REACH who="2" step="1"/><F13/><REACH who="2" ten="308,192,198,292" step="2"/><W21/><REACH who="3" step="1"/><G97/><REACH who="3" ten="308,192,198,282" step="2"/><T48/><D15/><U98/><E98/><V23/><F23/><W16/><AGARI ba="0,2" hai="8,12,16,20,21,22,43,46,49,77,78,85,90,93" machi="16" ten="30,12000,2" yaku="1,1,2,1,0,1,8,1,52,1,54,1,53,1" doraHai="27,91" doraHaiUra="36,116" who="3" fromWho="3" sc="308,-30,192,-60,198,-30,282,140" /><INIT seed="2,0,0,1,3,81" ten="278,132,168,422" oya="2" hai0="116,99,67,104,83,119,61,3,2,49,11,109,64" hai1="20,36,56,91,52,112,19,57,69,58,111,85,13" hai2="22,88,105,72,62,34,122,29,114,43,42,26,25" hai3="32,50,101,120,92,66,48,115,86,6,51,44,12"/><V135/><F105/><W54/><G120/><T75/><D109/><U93/><E112/><V134/><F72/><W89/><G32/><T130/><D130/><U94/><E111/><V127/><F122/><W31/><G115/><T59/><D64/><U33/><E33/><V74/><F74/><W117/><G117/><T80/><D75/><U70/><E36/><V98/><F62/><W78/><G66/><T90/><D80/><U46/><E70/><V123/><F123/><W0/><G0/><T53/><D11/><U40/><E69/><V65/><F65/><W38/><G38/><T97/><D97/><U79/><E79/><V77/><F77/><W128/><G128/><T125/><D125/><U4/><E4/><V103/><F103/><W131/><G131/><T37/><D37/><U126/><E126/><V84/><F98/><N who="3" m="59591" /><G31/><T71/><D104/><U15/><E40/><N who="2" m="15403" /><F127/><W124/><G78/><T108/><D108/><U102/><E46/><V118/><F118/><N who="0" m="45098" /><D99/><N who="1" m="59759" /><E13/><V14/><F14/><W121/><G121/><T96/><D96/><U10/><E10/><V47/><F47/><W129/><G129/><T27/><D27/><U35/><E35/><V82/><F114/><W110/><G110/><T132/><D132/><N who="2" m="50730" /><F26/><W55/><G124/><T5/><D5/><U63/><AGARI ba="0,0" hai="15,19,20,52,56,57,58,63,85,91,94" m="59759" machi="63" ten="30,4000,0" yaku="8,1,52,1,54,1" doraHai="81" who="1" fromWho="1" sc="278,-10,132,40,168,-20,422,-10" /><INIT seed="3,0,0,1,1,59" ten="268,172,148,412" oya="3" hai0="85,70,22,101,131,95,50,71,16,36,45,18,56" hai1="8,73,27,35,53,31,34,119,44,106,19,83,134" hai2="10,125,99,21,14,112,26,104,122,29,40,43,15" hai3="24,115,4,113,9,126,76,123,121,66,2,109,79"/><W7/><G126/><T87/><D131/><U129/><E106/><V118/><F104/><W20/><G66/><T102/><D36/><U86/><E73/><V100/><F118/><W117/><G117/><T80/><D56/><U52/><E119/><V74/><F74/><W42/><G42/><T48/><D95/><U63/><E35/><V120/><F99/><W116/><G116/><T82/><REACH who="0" step="1"/><D22/><REACH who="0" ten="258,172,148,412" step="2"/><U88/><E134/><V64/><F64/><W91/><G109/><T3/><D3/><U0/><E0/><V68/><F68/><W25/><G2/><T41/><D41/><U58/><E129/><V114/><F100/><W97/><G20/><T12/><D12/><U17/><E8/><V77/><F43/><W127/><G9/><T61/><D61/><U55/><REACH who="1" step="1"/><E44/><AGARI ba="0,1" hai="16,18,44,45,48,50,70,71,80,82,85,87,101,102" machi="44" ten="25,12000,2" yaku="1,1,22,2,54,1,53,2" doraHai="59" doraHaiUra="67" who="0" fromWho="1" sc="258,130,172,-120,148,0,412,0" /><INIT seed="4,0,0,4,5,126" ten="388,52,148,412" oya="0" hai0="0,104,77,100,59,97,7,63,4,112,31,85,90" hai1="66,25,28,46,35,41,135,17,18,124,68,81,65" hai2="88,82,105,21,106,32,2,115,121,6,134,23,99" hai3="64,86,24,33,94,14,91,22,75,45,42,107,20"/><T62/><D112/><U54/><E124/><V111/><F32/><W52/><G107/><N who="2" m="40969" /><F6/><W92/><G75/><T27/><D0/><U58/><E135/><V89/><F2/><W103/><G33/><T80/><D62/><U34/><E34/><V49/><F49/><N who="3" m="28719" /><G64/><T29/><D29/><U76/><E68/><V16/><F16/><N who="3" m="10263" /><G42/><T118/><D118/><U57/><E57/><V73/><F23/><W15/><G15/><T36/><D36/><U127/><E127/><V131/><F21/><W1/><G1/><T122/><D122/><U5/><E5/><V19/><F19/><N who="3" m="12383" /><G103/><T44/><D44/><U50/><E18/><V95/><F121/><W109/><G109/><T110/><D110/><U117/><E17/><V125/><F111/><W11/><G11/><T69/><D69/><U39/><REACH who="1" step="1"/><E117/><REACH who="1" ten="388,42,148,412" step="2"/><V13/><F125/><W108/><G108/><T9/><D31/><U130/><E130/><V133/><F13/><W93/><AGARI ba="0,1" hai="86,91,92,93,94" m="12383,10263,28719" machi="93" ten="30,4000,0" yaku="8,1,54,2" doraHai="126" who="3" fromWho="3" sc="388,-20,42,-10,148,-10,412,50" /><INIT seed="5,0,0,4,5,74" ten="368,32,138,462" oya="1" hai0="36,22,60,117,0,50,44,77,70,4,34,90,109" hai1="81,57,61,32,41,68,89,9,114,84,107,24,42" hai2="133,8,59,93,130,28,95,62,119,128,43,51,1" hai3="92,75,94,20,132,101,122,103,96,131,29,73,83"/><U16/><E107/><V113/><F28/><W52/><G122/><T98/><D34/><U25/><E114/><V111/><F8/><W3/><G3/><T49/><D117/><U30/><E68/><V129/><F1/><W56/><G132/><T12/><D109/><U54/><E25/><V100/><F100/><W63/><G131/><T46/><D36/><U45/><E45/><N who="2" m="26047" /><F93/><W104/><G104/><T15/><D0/><U88/><REACH who="1" step="1"/><E89/><REACH who="1" ten="368,22,138,462" step="2"/><V47/><F95/><W112/><G112/><T14/><D90/><U85/><E85/><V118/><F113/><W99/><G83/><T11/><D70/><U66/><E66/><N who="2" m="39263" /><F111/><W135/><G135/><T10/><D98/><U116/><E116/><N who="2" m="44587" /><F133/><W91/><G91/><T33/><D4/><U110/><E110/><V108/><F108/><W23/><G75/><T80/><D80/><U37/><E37/><V134/><F134/><W48/><G73/><T39/><D39/><U27/><E27/><V38/><F38/><W115/><G115/><T78/><D12/><AGARI ba="0,1" hai="9,12,16,24,30,32,41,42,54,57,61,81,84,88" machi="12" ten="40,7700,0" yaku="1,1,54,2,53,0" doraHai="74" doraHaiUra="97" who="1" fromWho="0" sc="368,-77,22,87,138,0,462,0" /><INIT seed="5,1,0,2,1,32" ten="291,109,138,462" oya="1" hai0="15,83,42,81,49,39,74,122,65,59,89,76,78" hai1="63,19,107,26,24,131,23,82,121,10,104,123,57" hai2="114,38,4,18,61,110,115,134,125,91,92,100,77" hai3="35,97,132,71,117,43,87,94,36,64,120,79,113"/><U124/><E82/><V127/><F38/><W28/><G120/><T128/><D122/><U93/><E131/><V31/><F61/><W25/><G117/><T45/><D128/><U58/><E124/><N who="2" m="47691" /><F18/><W3/><G113/><N who="2" m="43017" /><F31/><W102/><G3/><T20/><D89/><U37/><E37/><V8/><F8/><W73/><G132/><T130/><D130/><U55/><E10/><V13/><F13/><W52/><G43/><T34/><D34/><U99/><E121/><V0/><F4/><W47/><G36/><T85/><D20/><U9/><E9/><V22/><F22/><W70/><G64/><T95/><D95/><U105/><E123/><V101/><F0/><W109/><G109/><T6/><D6/><U14/><REACH who="1" step="1"/><E58/><REACH who="1" ten="291,99,138,462" step="2"/><V46/><F110/><W106/><G71/><T86/><D59/><U72/><E72/><V44/><F77/><W21/><G70/><T84/><D78/><U68/><E68/><V111/><F111/><W88/><G73/><T12/><D39/><U108/><E108/><V112/><N who="2" m="43025" /><V40/><DORA hai="7" /><F134/><W27/><G79/><T135/><D135/><U60/><E60/><V80/><F80/><W116/><G116/><T17/><D83/><U1/><E1/><V48/><F46/><W11/><G11/><T5/><D45/><U67/><E67/><V41/><F41/><W75/><G75/><T62/><D74/><U98/><E98/><AGARI ba="1,1" hai="40,44,48,91,92,98,100,101" m="43025,47691" machi="98" ten="40,5200,0" yaku="18,1,15,1,11,1" doraHai="32,7" who="2" fromWho="1" sc="291,0,99,-55,138,65,462,0" /><INIT seed="6,0,0,0,4,37" ten="291,44,203,462" oya="2" hai0="12,62,100,64,15,44,25,0,126,66,11,68,132" hai1="133,40,69,94,10,35,108,57,80,124,112,98,33" hai2="131,19,111,13,14,5,1,76,107,99,32,65,38" hai3="83,110,31,51,128,88,39,9,101,63,102,53,58"/><V50/><F111/><W105/><G110/><T87/><D0/><U42/><E108/><V114/><F114/><W71/><G128/><T125/><D66/><U119/><E119/><V45/><F131/><W17/><G39/><T129/><D129/><U52/><E69/><V113/><F113/><W61/><G71/><T34/><D132/><U97/><E112/><V4/><F32/><W46/><G105/><T48/><D87/><U78/><E133/><V55/><F1/><W24/><G63/><T104/><D11/><U56/><E124/><V59/><F76/><W95/><G83/><T127/><D48/><U73/><E10/><V3/><F3/><W7/><G7/><T74/><D44/><U26/><E35/><V67/><F107/><W16/><G9/><T43/><D43/><N who="1" m="16427" /><E33/><V86/><F38/><W120/><G120/><T30/><REACH who="0" step="1"/><D74/><REACH who="0" ten="281,44,203,462" step="2"/><U134/><E134/><V130/><F130/><W41/><G31/><T115/><D115/><U49/><E73/><V118/><F86/><N who="3" m="52631" /><G24/><T60/><D60/><U91/><E98/><AGARI ba="0,1" hai="12,15,25,30,34,62,64,68,98,100,104,125,126,127" machi="98" ten="40,8000,1" yaku="1,1,25,2,18,1,53,0" doraHai="37" doraHaiUra="79" who="0" fromWho="1" sc="281,90,44,-80,203,0,462,0" owari="371,17.0,-36,-54.0,203,-20.0,462,57.0" /></mjloggm>