<mjloggm ver="2.3"><GO type="169"/><UN n0="%E3%83%AD%E3%83%AA%E3%83%BC%E3%82%BF%E3%81%AA%E7%84%BC%E8%82%89" n1="%E5%8F%AF%E7%87%83%E6%80%A7%E9%AB%98%E5%9C%A7%E3%82%AC%E3%82%B9" n2="%E3%80%93%E6%9D%BE%E4%BA%95%EF%BC%A3%EF%BC%B3%E3%80%93" n3="%EF%BC%88%E2%89%A7%E2%96%BD%E2%89%A6%EF%BC%89" dan="18,17,17,18" rate="2213,2190,2158,2241" sx="M,M,M,M"/><TAIKYOKU oya="0"/><INIT seed="0,0,0,0,1,108" ten="250,250,250,250" oya="0" hai0="124,119,131,62,68,20,123,113,73,5,67,37,63" hai1="115,70,58,112,96,48,90,87,82,75,27,18,72" hai2="64,133,106,3,97,118,127,44,65,129,16,130,78" hai3="128,107,53,95,69,23,71,42,12,116,134,81,88"/><T38/><D73/><U0/><E0/><V2/><F118/><W7/><G107/><T30/><D5/><U84/><E70/><V59/><F78/><W135/><G116/><T34/><D20/><U101/><E18/><V14/><F133/><W66/><G42/><T105/><D105/><N who="1" m="63655" /><E27/><V52/><F106/><W26/><G81/><T122/><D30/><U21/><E21/><V77/><F77/><W31/><G53/><T100/><D34/><U29/><E29/><V104/><F127/><W45/><G45/><T120/><D100/><U60/><E48/><V93/><F104/><W8/><G128/><N who="2" m="49257" /><F44/><W15/><G15/><T91/><D131/><U54/><E84/><V98/><F2/><W11/><G11/><T1/><D119/><U50/><E50/><N who="2" m="31127" /><F3/><W25/><G25/><T114/><D1/><U110/><E110/><V33/><F33/><W22/><G22/><T35/><D35/><U13/><E13/><V41/><F41/><W103/><G135/><T85/><D124/><U17/><E17/><V132/><F132/><W4/><G134/><T51/><D51/><U43/><E43/><V39/><F39/><W57/><G4/><T109/><D63/><U79/><E75/><V49/><F49/><W24/><G24/><T111/><D37/><U6/><E6/><V47/><F47/><W74/><G74/><T80/><D38/><U94/><AGARI ba="0,0" hai="54,58,60,72,79,82,87,90,94,112,115" m="63655" machi="94" ten="30,4000,0" yaku="24,1,52,2" doraHai="108" who="1" fromWho="1" sc="250,-20,250,40,250,-10,250,-10" /><INIT seed="1,0,0,2,3,25" ten="230,290,240,240" oya="1" hai0="107,42,96,134,125,45,8,109,2,127,48,99,112" hai1="83,105,1,46,41,31,62,94,51,119,33,82,54" hai2="114,34,64,113,36,59,43,47,72,20,49,15,122" hai3="77,121,130,123,27,81,37,115,68,86,6,16,97"/><U80/><E105/><V23/><F34/><W21/><G115/><T90/><D112/><N who="2" m="43114" /><F72/><W74/><G130/><T89/><D134/><U61/><E119/><V65/><F122/><W120/><G68/><T28/><D109/><U95/><E1/><V38/><F15/><W55/><G37/><N who="2" m="14441" /><F20/><W12/><G97/><T63/><D99/><U22/><E33/><V70/><F70/><W57/><G74/><T131/><D96/><U92/><REACH who="1" step="1"/><E41/><REACH who="1" ten="230,280,240,240" step="2"/><V73/><F73/><W67/><G120/><T11/><D42/><U26/><AGARI ba="0,1" hai="22,26,31,46,51,54,61,62,80,82,83,92,94,95" machi="26" ten="40,24000,3" yaku="1,1,2,1,0,1,8,1,52,1,53,3" doraHai="25" doraHaiUra="78" who="1" fromWho="1" sc="230,-80,280,250,240,-80,240,-80" /><INIT seed="1,1,0,5,2,37" ten="150,530,160,160" oya="1" hai0="113,50,115,90,2,88,85,117,38,68,4,102,80" hai1="25,13,89,134,75,127,108,22,71,57,104,101,69" hai2="122,123,41,35,59,65,128,0,56,79,135,32,28" hai3="1,110,105,6,9,8,27,94,109,114,15,106,49"/><U23/><E75/><V100/><F0/><W67/><G67/><T92/><D38/><U45/><E101/><V84/><F135/><W55/><G94/><T132/><D68/><U81/><E104/><V83/><F100/><W33/><G114/><T47/><D117/><U39/><E89/><V129/><F65/><W118/><G118/><T14/><D2/><U97/><E97/><V36/><F59/><W74/><G74/><T58/><D58/><U52/><E81/><V29/><F56/><N who="3" m="32879" /><G27/><T43/><D102/><U112/><E112/><V120/><F28/><W31/><G31/><T3/><D3/><U72/><E25/><V7/><F7/><N who="3" m="3519" /><G33/><T98/><REACH who="0" step="1"/><D132/><REACH who="0" ten="140,530,160,160" step="2"/><U34/><E134/><V20/><F123/><W95/><G1/><T76/><D76/><U66/><E69/><V103/><F122/><W30/><G109/><T70/><D70/><U130/><E108/><V126/><F120/><W111/><G110/><T48/><D48/><U62/><E71/><V16/><F103/><W60/><G111/><T53/><D53/><U40/><E52/><V99/><F36/><W17/><G106/><T21/><D21/><U91/><E23/><V11/><F35/><W24/><G105/><T78/><D78/><U107/><E22/><V64/><F32/><W46/><G60/><T124/><D124/><U131/><E127/><V54/><F126/><W51/><G51/><T5/><D5/><U93/><E107/><V133/><F133/><W42/><G6/><T125/><D125/><U86/><E34/><V82/><F79/><W116/><G116/><T10/><AGARI ba="1,1" hai="4,10,14,43,47,50,80,85,88,90,92,98,113,115" machi="10" ten="30,8000,1" yaku="1,1,5,1,0,1,52,1,54,1,53,0" doraHai="37" doraHaiUra="73" who="0" fromWho="0" sc="140,93,530,-41,160,-21,160,-21" /><INIT seed="2,0,0,0,3,113" ten="233,489,139,139" oya="2" hai0="9,40,23,43,106,110,55,102,24,41,56,93,107" hai1="58,130,54,129,39,28,104,74,95,5,15,105,101" hai2="62,27,12,134,85,7,63,94,122,117,80,123,69" hai3="86,53,97,46,78,30,13,34,71,47,14,112,75"/><V4/><F134/><W45/><G71/><T108/><D9/><N who="1" m="4527" /><E74/><V72/><F72/><W73/><G112/><T135/><D135/><U91/><E39/><V22/><F117/><W131/><G131/><N who="1" m="50186" /><E28/><V116/><F116/><W89/><G53/><T127/><D127/><U83/><E83/><V0/><F0/><W36/><G36/><T51/><D93/><U79/><E79/><V20/><F69/><W124/><G124/><T18/><REACH who="0" step="1"/><D102/><REACH who="0" ten="223,489,139,139" step="2"/><U66/><E101/><V64/><F94/><W120/><G120/><T29/><D29/><U88/><E95/><V37/><F123/><W99/><G30/><T50/><D50/><N who="1" m="31063" /><E66/><V65/><F122/><W8/><G97/><T98/><D98/><U118/><E118/><V84/><F37/><W121/><G99/><T96/><D96/><U31/><E31/><V26/><F12/><W115/><G121/><T100/><D100/><U6/><E6/><V76/><F80/><W19/><G115/><T38/><D38/><U35/><E35/><V132/><F132/><W126/><G34/><T119/><D119/><U2/><E2/><V60/><REACH who="2" step="1"/><F63/><REACH who="2" ten="223,489,129,139" step="2"/><W111/><G126/><T33/><D33/><U44/><E105/><AGARI ba="0,2" hai="18,23,24,40,41,43,51,55,56,105,106,107,108,110" machi="105" ten="40,1300,0" yaku="1,1,53,0" doraHai="113" doraHaiUra="90" who="0" fromWho="1" sc="223,33,489,-13,129,0,139,0" /><INIT seed="3,0,0,2,0,1" ten="256,476,129,139" oya="3" hai0="79,125,46,57,29,123,55,25,135,81,86,127,71" hai1="76,14,0,93,8,115,26,111,9,33,122,32,105" hai2="3,47,130,2,37,6,7,95,94,63,77,131,100" hai3="24,108,113,60,90,35,133,44,87,65,11,54,109"/><W68/><G113/><T16/><D71/><U62/><E105/><V110/><F110/><N who="3" m="42603" /><G133/><T103/><D123/><U22/><E111/><V74/><F63/><W58/><G44/><T38/><D135/><U64/><E115/><V17/><F17/><W4/><G24/><T82/><D103/><U10/><E76/><V75/><F47/><W52/><G35/><T99/><D99/><U56/><E122/><V28/><F28/><W73/><G73/><N who="2" m="27657" /><F37/><W128/><G128/><N who="2" m="49193" /><F77/><W83/><G68/><T85/><D46/><U88/><E0/><AGARI ba="0,0" hai="0,4,11,52,54,58,60,65,83,87,90" m="42603" machi="0" ten="30,11600,0" yaku="14,1,10,1,52,1,54,1" doraHai="1" who="3" fromWho="1" sc="256,0,476,-116,129,0,139,116" /><INIT seed="3,1,0,5,5,63" ten="256,360,129,255" oya="3" hai0="11,22,28,97,99,76,88,131,120,20,111,106,90" hai1="47,54,49,8,116,122,36,112,33,124,98,10,109" hai2="50,42,85,14,21,92,19,3,12,1,118,102,135" hai3="53,41,129,23,107,46,73,39,96,57,4,35,87"/><W43/><G73/><T128/><D120/><U134/><E122/><V86/><F118/><W119/><G35/><T93/><D111/><U34/><E112/><V68/><F135/><W48/><G119/><T40/><D40/><U95/><E109/><V84/><F68/><W123/><G123/><T78/><D11/><U5/><E36/><V100/><F1/><W72/><G72/><T94/><D28/><U91/><E116/><V105/><F3/><W7/><G129/><T75/><D75/><U113/><E113/><V16/><F105/><AGARI ba="1,0" hai="20,22,76,78,88,90,93,94,97,99,105,106,128,131" machi="105" ten="25,3200,0" yaku="22,2,54,1" doraHai="63" who="0" fromWho="2" sc="256,35,360,0,129,-35,255,0" /><INIT seed="4,0,0,4,1,91" ten="291,360,94,255" oya="0" hai0="36,49,123,57,77,76,71,11,133,121,15,125,81" hai1="117,102,107,18,80,21,5,50,128,97,4,38,75" hai2="113,34,52,24,106,126,10,40,67,19,1,61,64" hai3="84,96,79,12,43,27,6,16,56,88,54,14,119"/><T85/><D71/><U44/><E38/><V8/><F106/><W118/><G43/><T116/><D36/><U9/><E117/><V98/><F113/><W103/><G79/><T127/><D133/><U78/><E128/><V130/><F130/><W31/><G6/><T60/><D116/><U20/><E18/><V70/><F40/><W37/><G37/><T122/><D49/><U22/><REACH who="1" step="1"/><E9/><REACH who="1" ten="291,350,94,255" step="2"/><V51/><F10/><W99/><G119/><T53/><REACH who="0" step="1"/><D77/><REACH who="0" ten="281,350,94,255" step="2"/><U89/><E89/><V86/><F8/><W65/><G88/><T111/><D111/><U63/><E63/><V129/><F61/><W48/><G118/><T92/><D92/><U30/><E30/><V100/><F129/><W68/><G31/><T135/><D135/><U120/><E120/><V13/><F70/><W87/><G68/><T101/><D101/><U35/><E35/><V41/><F34/><W17/><G103/><T69/><D69/><U39/><E39/><V104/><F100/><W0/><G17/><AGARI ba="0,2" hai="11,15,17,53,57,60,76,81,85,121,122,123,125,127" machi="17" ten="40,2000,0" yaku="1,1,53,0" doraHai="91" doraHaiUra="23" who="0" fromWho="3" sc="281,40,350,0,94,0,255,-20" /><INIT seed="4,1,0,1,5,11" ten="321,350,94,235" oya="0" hai0="133,79,135,81,42,66,3,57,35,131,6,85,40" hai1="124,68,64,16,27,55,18,50,95,59,70,36,88" hai2="13,73,65,108,119,112,74,54,116,92,76,106,61" hai3="22,122,72,45,83,125,51,69,63,25,103,10,15"/><T2/><D35/><U37/><E124/><V115/><F106/><W120/><G125/><T19/><D19/><U113/><E113/><N who="2" m="43595" /><F54/><W77/><G103/><T102/><D102/><U43/><E27/><V78/><F108/><W130/><G130/><T60/><D131/><U7/><E7/><V101/><F65/><W20/><G63/><T99/><D99/><N who="1" m="57831" /><E70/><V86/><F13/><W17/><G69/><T89/><D79/><N who="2" m="30250" /><F61/><W105/><G105/><T111/><D111/><U44/><E36/><V49/><F49/><W132/><G132/><N who="0" m="50763" /><D6/><U32/><E32/><V12/><F12/><W67/><G67/><T84/><D84/><U41/><E41/><AGARI ba="1,0" hai="2,3,40,41,42,57,60,66,81,85,89" m="50763" machi="41" ten="30,1500,0" yaku="20,1" doraHai="11" who="0" fromWho="1" sc="321,18,350,-18,94,0,235,0" /><INIT seed="4,2,0,4,2,9" ten="339,332,94,235" oya="0" hai0="39,107,38,66,43,102,57,36,127,128,124,70,82" hai1="101,80,91,90,94,93,12,129,31,111,45,4,11" hai2="58,123,133,79,47,68,64,81,15,3,17,28,1" hai3="87,19,85,125,131,50,60,29,56,119,24,109,69"/><T33/><D33/><U105/><E111/><V67/><F123/><W25/><G119/><T63/><D82/><U55/><E105/><V46/><F68/><W134/><G109/><T114/><D107/><U96/><E129/><V77/><F28/><W113/><G69/><T110/><D102/><U73/><E31/><V126/><F133/><W42/><G113/><T8/><D8/><U88/><E73/><V26/><F26/><W23/><G125/><N who="0" m="48203" /><D110/><U115/><E115/><V10/><F126/><W89/><G89/><T92/><D92/><N who="1" m="58503" /><E80/><V72/><F79/><W44/><G131/><T51/><D114/><U135/><E135/><V22/><F1/><W6/><G6/><T32/><D32/><U84/><E94/><V116/><F116/><W86/><G134/><T106/><D106/><U108/><E108/><V78/><F78/><W53/><REACH who="3" step="1"/><G87/><REACH who="3" ten="339,332,94,225" step="2"/><T75/><D75/><U95/><E84/><V54/><F67/><W98/><G98/><T41/><D128/><U65/><E65/><V52/><F64/><W61/><G61/><T74/><D74/><U132/><E132/><V37/><F37/><W62/><G62/><T121/><D121/><U30/><E30/><V112/><F112/><W34/><AGARI ba="2,1" hai="19,23,24,25,29,34,42,44,50,53,56,60,85,86" machi="34" ten="20,5200,0" yaku="1,1,0,1,7,1,53,1" doraHai="9" doraHaiUra="40" who="3" fromWho="3" sc="339,-28,332,-15,94,-15,225,68" /><INIT seed="5,0,0,2,5,127" ten="311,317,79,293" oya="1" hai0="39,10,0,58,17,45,61,88,89,84,13,109,82" hai1="14,99,55,42,23,20,18,103,9,118,37,69,76" hai2="52,44,135,121,72,105,124,101,50,62,48,115,132" hai3="19,128,97,2,26,30,96,43,5,28,64,116,15"/><U134/><E118/><V119/><F119/><W112/><G116/><T95/><D109/><U36/><E69/><V67/><F72/><W100/><G112/><T86/><D0/><U53/><E76/><V87/><F105/><W68/><G43/><T130/><D130/><U7/><E134/><V22/><F101/><W114/><G128/><T57/><D39/><U80/><E80/><V83/><F121/><W94/><G97/><T74/><D74/><U90/><E90/><V54/><F124/><W102/><G102/><T59/><REACH who="0" step="1"/><D45/><REACH who="0" ten="301,317,79,293" step="2"/><U35/><E36/><V41/><F135/><W111/><G2/><T25/><D25/><U131/><E131/><V123/><F132/><W11/><G111/><T133/><D133/><U98/><E37/><V21/><F123/><W75/><G75/><T33/><D33/><U3/><E35/><V63/><F115/><W125/><G114/><T93/><D93/><U56/><E3/><V106/><F106/><W38/><G38/><T91/><D91/><U92/><E92/><V85/><F44/><W60/><G125/><T32/><D32/><U113/><E113/><V8/><F83/><W73/><G73/><T79/><D79/><U77/><E77/><V34/><F34/><W71/><G26/><T49/><D49/><U27/><E27/><V126/><F126/><W4/><G94/><T110/><D110/><U47/><E47/><V66/><REACH who="2" step="1"/><F41/><REACH who="2" ten="301,317,69,293" step="2"/><W51/><G100/><T12/><D12/><U81/><E103/><V120/><F120/><W24/><G15/><T6/><D6/><N who="1" m="3383" /><E42/><V108/><F108/><W70/><G4/><RYUUKYOKU ba="0,2" sc="301,15,317,-15,69,15,293,-15" hai0="10,13,17,57,58,59,61,82,84,86,88,89,95" hai2="8,21,22,48,50,52,54,62,63,66,67,85,87" /><INIT seed="6,1,2,5,5,135" ten="316,302,84,278" oya="2" hai0="115,27,7,128,133,63,89,64,28,41,83,16,119" hai1="97,4,125,131,75,44,116,121,40,33,88,134,9" hai2="103,107,11,87,69,77,73,6,96,113,90,8,30" hai3="39,22,2,72,48,66,123,14,112,126,38,91,20"/><V57/><F69/><W85/><G2/><T53/><D7/><U62/><E116/><V13/><F113/><W106/><G106/><T61/><D115/><U71/><E33/><V92/><F30/><W17/><G72/><T105/><D105/><U130/><E75/><V18/><F57/><W24/><G123/><T132/><D119/><U55/><E121/><V15/><F73/><W76/><G76/><T5/><D5/><U47/><E134/><N who="0" m="51817" /><D41/><U54/><E47/><V45/><F45/><W100/><G100/><T94/><D83/><U46/><E46/><V108/><REACH who="2" step="1"/><F77/><REACH who="2" ten="316,302,74,278" step="2"/><W36/><G112/><T81/><D28/><U67/><E44/><V111/><AGARI ba="1,3" hai="6,8,11,13,15,18,87,90,92,96,103,107,108,111" machi="111" ten="30,6000,0" yaku="1,1,2,1,0,1,53,0" doraHai="135" doraHaiUra="114" who="2" fromWho="2" sc="316,-21,302,-21,74,93,278,-21" /><INIT seed="6,2,0,0,4,85" ten="295,281,167,257" oya="2" hai0="77,89,5,71,51,129,135,101,16,34,93,4,31" hai1="112,20,60,118,70,23,6,8,99,69,102,63,74" hai2="15,18,127,26,28,124,72,78,61,81,53,52,46" hai3="7,47,87,58,55,110,119,134,54,56,114,95,98"/><V106/><F106/><W113/><G119/><T92/><D71/><U126/><E118/><V104/><F104/><W91/><G110/><T131/><D135/><U121/><E74/><V2/><F2/><W13/><G134/><T19/><D77/><U120/><E126/><N who="2" m="48171" /><F61/><N who="1" m="23625" /><E112/><N who="3" m="43114" /><G98/><N who="0" m="59599" /><D34/><U79/><E79/><V29/><F46/><W10/><G47/><T21/><D31/><N who="2" m="11850" /><F26/><W32/><G32/><T45/><D129/><U96/><E70/><V80/><F81/><W115/><G115/><T17/><D21/><AGARI ba="2,0" hai="15,18,21,52,53,72,78,80" m="11850,48171" machi="21" ten="30,2900,0" yaku="18,1,54,1" doraHai="85" who="2" fromWho="0" sc="295,-35,281,0,167,35,257,0" /><INIT seed="6,3,0,5,0,1" ten="260,281,202,257" oya="2" hai0="19,69,121,117,114,6,119,54,92,110,38,44,77" hai1="106,79,115,9,14,112,53,47,55,50,51,82,123" hai2="18,135,7,84,66,63,72,59,96,120,8,76,89" hai3="125,100,113,118,10,83,12,0,45,27,4,97,35"/><V111/><F120/><W58/><G118/><T70/><D77/><U34/><E34/><V64/><F135/><W95/><G125/><T41/><D110/><U80/><E106/><V98/><F111/><W109/><G109/><T42/><D92/><U37/><E37/><V91/><F72/><W23/><G113/><N who="1" m="43594" /><E123/><V62/><F18/><N who="3" m="12791" /><G0/><T88/><D19/><N who="1" m="8655" /><E79/><V71/><F76/><W87/><G35/><T108/><D114/><U81/><E51/><V127/><F127/><W134/><G134/><T32/><D38/><U94/><E94/><V73/><F73/><W39/><G39/><T102/><D117/><U116/><E116/><V15/><REACH who="2" step="1"/><F84/><REACH who="2" ten="260,281,192,257" step="2"/><W28/><G28/><T43/><D121/><U61/><E61/><V90/><AGARI ba="3,1" hai="7,8,15,59,62,63,64,66,71,89,90,91,96,98" machi="90" ten="30,11700,0" yaku="1,1,2,1,0,1,52,1,53,0" doraHai="1" doraHaiUra="36" who="2" fromWho="2" sc="260,-42,281,-42,192,136,257,-42" /><INIT seed="6,4,0,4,5,65" ten="218,239,328,215" oya="2" hai0="70,17,57,127,109,61,74,110,49,111,105,126,124" hai1="112,108,118,102,51,7,58,3,50,81,71,39,67" hai2="82,20,28,77,92,76,86,79,30,101,122,48,56" hai3="114,4,54,123,99,32,88,25,47,38,55,72,46"/><V91/><F122/><W59/><G72/><T132/><D74/><U69/><E118/><V64/><F20/><W11/><G123/><T90/><D105/><U33/><E33/><V2/><F2/><W80/><G114/><T85/><D132/><U41/><E102/><V106/><F106/><W97/><G32/><T83/><D17/><U104/><E104/><V96/><F64/><W116/><G25/><T63/><D70/><N who="1" m="26635" /><E108/><V62/><F62/><N who="3" m="36215" /><G38/><T135/><D135/><U52/><E81/><V29/><F56/><W18/><G4/><T107/><D107/><U12/><E12/><V23/><F23/><W125/><G116/><T84/><D84/><U98/><E98/><N who="2" m="59591" /><F48/><N who="1" m="18473" /><E7/><V9/><F9/><W40/><G99/><AGARI ba="4,0" hai="28,29,30,76,77,79,82,86,91,96,99" m="59591" machi="99" ten="30,1500,0" yaku="8,1" doraHai="65" who="2" fromWho="3" sc="218,0,239,0,328,27,215,-27" /><INIT seed="6,5,0,3,1,15" ten="218,239,355,188" oya="2" hai0="133,63,129,7,25,94,68,111,79,17,84,103,62" hai1="61,12,108,47,35,115,41,85,132,106,124,128,51" hai2="2,105,107,74,123,83,31,30,45,32,101,93,48" hai3="46,0,64,14,118,36,13,70,80,87,39,81,113"/><V99/><F123/><W21/><G0/><T88/><D111/><U102/><E108/><V18/><F2/><W67/><G118/><T78/><D133/><U104/><E132/><V131/><F131/><W6/><G113/><T38/><D38/><U71/><E128/><V50/><F107/><W16/><G70/><T109/><D109/><U26/><E115/><V29/><F105/><W112/><G112/><T44/><D129/><U10/><E124/><V33/><F50/><W69/><G69/><T49/><D7/><U135/><E135/><V24/><F74/><W28/><G39/><T110/><D110/><U116/><E116/><V130/><F130/><W119/><G119/><T4/><D4/><U22/><E35/><V59/><F59/><W122/><G122/><T77/><D68/><U120/><E104/><V23/><REACH who="2" step="1"/><F83/><REACH who="2" ten="218,239,345,188" step="2"/><W5/><G81/><T42/><D103/><U37/><E106/><V89/><F89/><N who="3" m="51431" /><G36/><T43/><D43/><AGARI ba="5,1" hai="18,23,24,29,30,31,32,33,43,45,48,93,99,101" machi="43" ten="40,7700,0" yaku="1,1,52,1,53,1" doraHai="15" doraHaiUra="40" who="2" fromWho="0" sc="218,-92,239,0,345,102,188,0" /><INIT seed="6,6,0,4,4,54" ten="126,239,447,188" oya="2" hai0="83,77,47,66,105,46,17,70,6,63,28,112,41" hai1="5,129,35,56,86,13,71,122,94,75,79,52,114" hai2="1,10,102,61,51,101,135,93,127,96,124,19,67" hai3="3,7,84,65,12,95,115,90,23,98,24,33,110"/><V69/><F135/><W73/><G73/><T132/><D105/><U91/><E71/><V57/><F1/><W31/><G110/><T15/><D132/><U116/><E116/><V50/><F10/><N who="3" m="4191" /><G3/><T22/><D112/><U48/><E35/><V9/><F9/><W16/><G33/><T18/><D6/><U45/><E114/><V119/><F119/><W80/><G65/><T2/><D2/><U36/><E129/><V81/><F19/><W120/><G120/><T26/><D41/><U108/><E108/><V123/><F123/><W100/><G115/><T113/><D113/><U21/><E5/><V34/><F34/><W76/><G31/><T59/><D70/><U106/><E106/><V8/><F8/><W11/><G11/><T130/><D130/><U60/><E122/><V97/><F81/><W44/><G44/><T4/><D4/><U62/><E75/><V29/><F29/><W82/><G82/><T89/><D89/><AGARI ba="6,0" hai="16,23,24,76,80,84,89,90,95,98,100" m="4191" machi="89" ten="30,2000,0" yaku="8,1,54,1" doraHai="54" who="3" fromWho="0" sc="126,-38,239,0,447,0,188,38" /><INIT seed="7,0,0,1,0,134" ten="88,239,447,226" oya="3" hai0="97,15,68,102,132,112,127,81,123,82,30,12,116" hai1="118,52,122,64,80,63,6,58,33,96,117,19,53" hai2="111,55,11,18,119,27,85,115,133,45,108,56,103" hai3="84,90,94,41,114,28,66,42,113,72,100,1,44"/><W67/><G72/><T46/><D68/><U22/><E33/><V39/><F119/><N who="1" m="45577" /><E122/><V17/><F133/><W87/><G1/><T125/><D30/><U48/><E6/><V121/><F103/><W49/><G100/><T92/><D116/><U8/><E8/><V70/><F70/><W14/><G14/><N who="0" m="5163" /><D132/><U20/><E96/><V2/><F39/><W76/><G28/><T109/><D109/><U60/><E80/><N who="0" m="30825" /><D123/><U31/><E31/><V79/><F11/><W38/><G38/><T105/><D46/><N who="1" m="27671" /><E19/><V54/><F18/><W88/><G76/><T135/><D135/><U35/><E35/><V130/><F17/><W50/><G94/><T23/><D23/><U57/><AGARI ba="0,0" hai="20,22,53,57,58,60,63,64" m="27671,45577" machi="57" ten="30,2000,0" yaku="12,1,54,1" doraHai="134" who="1" fromWho="1" sc="88,-5,239,20,447,-5,226,-10" owari="83,-42.0,259,6.0,442,54.0,216,-18.0" /></mjloggm>