<mjloggm ver="2.3"><GO type="169"/><UN n0="%4C%49%47%48%54%53" n1="%EF%BC%88%E2%89%A7%E2%96%BD%E2%89%A6%EF%BC%89" n2="%E8%80%81%E9%A6%AC" n3="%E6%A1%9C%E4%BA%95%E3%82%A2%E3%82%BD%E3%82%B3" dan="16,18,16,16" rate="2081,2164,2116,2113" sx="M,M,M,M"/><TAIKYOKU oya="0"/><INIT seed="0,0,0,2,5,48" ten="250,250,250,250" oya="0" hai0="27,8,42,59,36,118,97,41,14,111,100,127,40" hai1="130,120,135,134,71,10,123,86,67,101,64,89,45" hai2="81,73,11,32,60,79,28,49,103,35,85,115,98" hai3="126,3,30,108,5,58,117,20,9,52,133,112,121"/><T22/><D118/><U70/><E10/><V44/><F115/><W94/><G117/><T106/><D127/><U54/><E101/><V57/><F73/><W95/><G112/><T92/><D36/><U80/><E130/><V62/><F11/><W50/><G126/><T99/><D111/><U66/><E89/><V77/><F77/><W122/><G108/><T104/><D99/><U132/><E86/><V114/><F114/><W38/><G38/><T7/><REACH who="0" step="1"/><D59/><REACH who="0" ten="240,250,250,250" step="2"/><U24/><E120/><N who="3" m="46186" /><G133/><T72/><D72/><U33/><E123/><V31/><F57/><W65/><G65/><T56/><D56/><U90/><E71/><V63/><F35/><W91/><G91/><T68/><D68/><U96/><E70/><V107/><REACH who="2" step="1"/><F32/><REACH who="2" ten="240,250,240,250" step="2"/><W74/><G74/><T131/><D131/><U39/><E33/><V61/><N who="2" m="15360" /><DORA hai="55" /><V88/><F88/><W0/><G0/><T84/><D84/><U110/><E90/><V29/><F29/><AGARI ba="0,2" hai="7,8,14,22,27,29,40,41,42,92,97,100,104,106" machi="29" ten="40,7700,0" yaku="1,1,53,2" doraHai="48,55" doraHaiUra="21,17" who="0" fromWho="2" sc="240,97,250,0,240,-77,250,0" /><INIT seed="0,1,0,0,4,92" ten="337,250,163,250" oya="0" hai0="3,10,35,121,34,58,51,120,83,4,50,53,80" hai1="73,99,42,30,24,61,117,93,22,18,7,23,87" hai2="2,79,129,15,1,67,126,118,124,38,54,48,43" hai3="69,102,119,75,131,110,5,116,77,44,135,123,122"/><T76/><D83/><U84/><E73/><V59/><F79/><W108/><G69/><T86/><REACH who="0" step="1"/><D50/><REACH who="0" ten="327,250,163,250" step="2"/><U12/><E117/><V62/><F118/><W31/><G116/><T105/><D105/><U101/><E42/><V91/><F129/><W8/><G131/><T97/><D97/><U21/><E7/><V32/><F126/><W14/><G5/><T65/><D65/><U96/><E96/><V45/><F124/><W64/><G64/><T55/><D55/><U72/><E72/><V128/><F128/><W56/><G75/><T27/><D27/><N who="1" m="16767" /><E61/><V47/><F32/><AGARI ba="1,1" hai="3,4,10,32,34,35,51,53,58,76,80,86,120,121" machi="32" ten="40,3900,0" yaku="1,1,53,1" doraHai="92" doraHaiUra="74" who="0" fromWho="2" sc="327,52,250,0,163,-42,250,0" /><INIT seed="0,2,0,1,3,25" ten="379,250,121,250" oya="0" hai0="113,98,53,85,9,2,94,30,63,69,99,105,1" hai1="7,125,45,23,5,124,54,31,79,43,41,81,8" hai2="28,3,119,6,0,106,4,100,107,67,82,116,83" hai3="42,134,91,48,110,37,133,120,50,114,55,20,19"/><T93/><D113/><U130/><E130/><V135/><F67/><W117/><G114/><T109/><D105/><U64/><E64/><V58/><F58/><W10/><G117/><T74/><D74/><U61/><E61/><V76/><F100/><W52/><G110/><T77/><D109/><U126/><E54/><V95/><F95/><W87/><G10/><T59/><D69/><U71/><E71/><V92/><F92/><W66/><G66/><T104/><D104/><U112/><E112/><V36/><F36/><W18/><G37/><T17/><D1/><N who="1" m="47" /><E7/><V16/><F135/><W84/><G20/><T70/><D70/><U65/><E65/><V40/><F40/><W111/><G111/><T97/><D2/><U62/><E62/><V121/><F121/><W46/><G42/><T57/><D57/><U75/><E45/><V35/><F82/><W128/><G46/><T22/><D9/><U72/><E75/><V127/><F83/><W15/><G15/><T101/><D94/><U38/><E38/><V80/><F80/><W68/><G68/><T115/><D115/><U47/><E47/><V14/><F76/><W56/><G56/><T51/><D63/><U13/><E13/><V118/><F107/><W24/><G91/><T131/><D93/><U33/><E33/><V90/><F106/><W102/><G102/><T103/><D103/><U108/><E108/><V27/><F90/><W32/><G32/><T89/><D89/><U21/><E21/><N who="2" m="11415" /><F127/><N who="1" m="32513" /><U123/><DORA hai="129" /><E123/><V73/><F73/><W12/><G120/><T132/><D131/><U60/><E60/><RYUUKYOKU ba="2,0" sc="379,-15,250,15,121,15,250,-15" hai1="23,31,41,43,72,79,81" hai2="0,3,4,6,27,28,35,116,118,119" /><INIT seed="1,3,0,0,3,111" ten="364,265,136,235" oya="1" hai0="113,128,100,103,71,50,47,45,40,96,32,55,107" hai1="77,125,22,115,106,20,126,121,62,21,66,120,68" hai2="53,119,51,132,46,43,60,64,109,15,14,67,30" hai3="93,34,7,90,130,95,24,11,38,97,42,122,108"/><U16/><E106/><V70/><F119/><W123/><G108/><T129/><D71/><U101/><E101/><V27/><F109/><W44/><G130/><N who="0" m="50283" /><D32/><U49/><E77/><V33/><F132/><W92/><G92/><T61/><D103/><U18/><E49/><V26/><F67/><W82/><G93/><T52/><D113/><U2/><E2/><V134/><F134/><W104/><G104/><T86/><D61/><U94/><E94/><V28/><REACH who="2" step="1"/><F43/><REACH who="2" ten="364,265,126,235" step="2"/><W79/><G34/><AGARI ba="3,1" hai="14,15,26,27,28,30,33,34,46,51,53,60,64,70" machi="34" ten="30,7700,0" yaku="1,1,2,1,7,1,9,1,53,0" doraHai="111" doraHaiUra="72" who="2" fromWho="3" sc="364,0,265,0,126,96,235,-86" /><INIT seed="2,0,0,3,5,112" ten="364,265,222,149" oya="2" hai0="28,133,118,43,59,33,129,58,63,108,83,36,115" hai1="8,39,44,7,86,127,82,116,114,9,71,27,85" hai2="10,88,26,122,95,31,99,132,50,121,42,134,3" hai3="32,66,55,105,123,67,70,130,57,1,103,77,65"/><V111/><F111/><W72/><G123/><T53/><D115/><U94/><E114/><V87/><F3/><W52/><G1/><T5/><D5/><U25/><E71/><V37/><F37/><W97/><G32/><T16/><D108/><U135/><E135/><N who="2" m="51755" /><F10/><W46/><G130/><T17/><D133/><U18/><E127/><V75/><F75/><W73/><G70/><T117/><D129/><U98/><E9/><V79/><F42/><W51/><REACH who="3" step="1"/><G77/><REACH who="3" ten="364,265,222,139" step="2"/><T22/><D33/><U54/><E7/><V124/><F124/><W6/><G6/><T23/><D28/><U69/><E69/><V100/><F79/><W29/><G29/><T2/><D2/><U104/><E18/><V125/><F125/><W102/><G102/><T15/><D16/><U93/><E27/><V61/><F61/><AGARI ba="0,1" hai="46,51,52,55,57,61,65,66,67,72,73,97,103,105" machi="61" ten="40,2600,0" yaku="1,1,54,1,53,0" doraHai="112" doraHaiUra="90" who="3" fromWho="2" sc="364,0,265,0,222,-26,139,36" /><INIT seed="3,0,0,5,3,88" ten="364,265,196,175" oya="3" hai0="26,89,52,131,80,72,67,50,48,69,49,128,79" hai1="20,22,116,57,105,97,46,117,60,42,81,124,113" hai2="104,17,111,27,134,19,4,93,107,7,77,86,82" hai3="32,56,78,123,9,43,84,95,24,28,45,65,90"/><W115/><G115/><T39/><D39/><N who="1" m="21855" /><E113/><V34/><F111/><W29/><G123/><T71/><D67/><N who="1" m="39311" /><E81/><V3/><F134/><W129/><G129/><N who="0" m="49739" /><D26/><U54/><E54/><V51/><F51/><N who="0" m="19530" /><D89/><U114/><E114/><V61/><F61/><W135/><G135/><T76/><D76/><U14/><E14/><V53/><F53/><W110/><G110/><T68/><D68/><U132/><E132/><V98/><F3/><W38/><G29/><T2/><D2/><U101/><E124/><V16/><F107/><W85/><G9/><T13/><D13/><U125/><E125/><V0/><F104/><W119/><G119/><AGARI ba="0,0" hai="20,22,97,101,105,116,117,119" m="39311,21855" machi="119" ten="30,1000,0" yaku="12,1" doraHai="88" who="1" fromWho="3" sc="364,0,265,10,196,0,175,-10" /><INIT seed="4,0,0,4,5,34" ten="364,275,196,165" oya="0" hai0="73,44,84,103,111,78,92,101,24,46,81,110,116" hai1="97,118,129,82,75,98,80,32,22,67,5,26,14" hai2="8,130,85,50,66,9,74,70,106,60,12,96,128" hai3="109,49,28,36,20,117,39,100,125,102,23,4,105"/><T127/><D24/><U120/><E120/><V87/><F74/><W52/><G109/><N who="0" m="41483" /><D44/><U31/><E118/><V55/><F106/><W6/><G117/><T63/><D63/><U76/><E129/><N who="2" m="49771" /><F96/><W3/><G125/><T131/><D46/><U62/><E82/><V16/><F9/><W90/><G90/><N who="0" m="53319" /><D131/><U37/><E37/><V91/><F91/><W13/><G13/><T17/><D17/><U93/><E93/><V107/><F107/><W43/><G105/><T94/><D116/><U134/><E134/><V61/><F61/><W35/><G49/><T29/><D29/><U86/><E75/><V89/><F89/><W83/><G83/><T124/><D94/><U33/><E33/><V112/><F112/><W19/><G35/><T45/><D45/><AGARI ba="0,0" hai="8,12,16,45,50,55,60,66,70,85,87" m="49771" machi="45" ten="30,2000,0" yaku="19,1,54,1" doraHai="34" who="2" fromWho="0" sc="364,-20,275,0,196,20,165,0" /><INIT seed="5,0,0,5,3,107" ten="344,275,216,165" oya="1" hai0="51,24,1,7,68,13,5,23,11,77,45,53,35" hai1="102,58,92,46,0,86,90,110,54,134,21,26,48" hai2="95,83,75,34,2,135,84,30,106,56,79,117,10" hai3="124,113,122,112,104,41,126,72,22,52,38,55,70"/><U97/><E134/><V109/><F109/><W114/><G104/><T98/><D68/><U18/><E0/><V15/><F117/><W131/><G70/><T94/><D35/><U111/><REACH who="1" step="1"/><E46/><REACH who="1" ten="344,265,216,165" step="2"/><V17/><F2/><W20/><G122/><T99/><D1/><U103/><E103/><V27/><F135/><W96/><G131/><T6/><D77/><U32/><E32/><V130/><F130/><W73/><G96/><T71/><D99/><U127/><E127/><N who="3" m="48682" /><G38/><T87/><D98/><U19/><E19/><V115/><F115/><W63/><G41/><T66/><D45/><U118/><E118/><V121/><F121/><W50/><G50/><T74/><D51/><U125/><E125/><V116/><F116/><W61/><G61/><T69/><D6/><U81/><AGARI ba="0,1" hai="18,21,26,48,54,58,81,86,90,92,97,102,110,111" machi="81" ten="30,3000,0" yaku="1,1,0,1,53,0" doraHai="107" doraHaiUra="37" who="1" fromWho="1" sc="344,-10,265,40,216,-10,165,-10" /><INIT seed="5,1,0,3,4,109" ten="334,305,206,155" oya="1" hai0="75,116,134,61,29,90,36,1,133,63,124,68,44" hai1="91,33,18,130,97,49,92,89,77,59,62,38,102" hai2="114,74,125,51,40,121,26,16,53,45,82,65,23" hai3="132,15,56,81,70,131,126,110,22,3,57,122,7"/><U103/><E38/><V72/><F121/><W95/><G70/><T52/><D75/><U119/><E33/><V21/><F125/><W46/><G110/><T117/><D1/><U118/><E130/><V12/><F65/><W34/><G122/><T30/><D90/><U104/><E77/><V47/><F114/><W60/><G126/><T105/><D105/><U35/><E35/><V115/><F115/><W86/><G131/><T69/><D124/><U67/><E91/><V28/><REACH who="2" step="1"/><F82/><REACH who="2" ten="334,305,196,155" step="2"/><W4/><G132/><T107/><D134/><U85/><E119/><V79/><F79/><W27/><G34/><T87/><D133/><U11/><E118/><V25/><F25/><W88/><G3/><T14/><D117/><U76/><E76/><V48/><AGARI ba="1,1" hai="12,16,21,23,26,28,40,45,47,48,51,53,72,74" machi="48" ten="20,5200,0" yaku="1,1,0,1,7,1,54,1,53,0" doraHai="109" doraHaiUra="127" who="2" fromWho="2" sc="334,-14,305,-27,196,65,155,-14" /><INIT seed="6,0,0,2,5,122" ten="320,278,261,141" oya="2" hai0="98,65,113,43,118,128,50,9,54,64,48,37,120" hai1="29,68,31,107,79,60,75,1,125,121,15,110,109" hai2="5,46,22,95,44,114,115,104,80,32,61,27,70" hai3="19,100,51,135,84,62,20,82,33,0,52,34,57"/><V130/><F104/><W85/><G0/><T78/><D120/><U112/><E107/><V16/><F130/><W108/><G135/><T56/><D128/><U25/><E121/><V94/><F5/><W63/><G100/><T101/><D37/><U10/><E125/><V7/><F7/><W129/><G129/><T14/><D118/><U117/><E117/><V24/><F80/><W11/><G11/><T58/><D78/><U41/><E31/><N who="2" m="19583" /><F61/><W96/><G96/><T124/><D124/><U36/><E15/><V71/><F95/><W67/><G63/><T69/><D69/><N who="2" m="26122" /><F94/><W134/><G134/><T127/><D127/><U87/><E60/><V66/><F66/><W30/><G30/><T77/><D77/><U17/><E68/><V23/><F23/><W119/><G119/><T42/><D42/><U49/><E41/><V126/><F126/><W39/><G39/><T99/><D99/><U13/><E36/><V45/><F45/><N who="3" m="27759" /><G34/><T111/><D98/><U35/><E1/><V55/><F55/><W12/><G33/><T76/><D54/><U93/><E93/><V105/><F105/><W88/><G84/><T81/><D64/><U18/><E87/><V8/><F8/><W59/><G59/><T103/><D56/><U132/><E132/><V3/><F3/><W89/><G89/><T123/><D58/><U40/><E35/><V4/><F4/><W73/><G73/><T91/><D9/><U26/><E10/><V83/><F83/><W106/><G106/><T28/><D123/><U90/><E75/><V131/><F131/><W47/><G47/><RYUUKYOKU ba="0,0" sc="320,-15,278,-15,261,15,141,15" hai2="16,22,24,44,46,114,115" hai3="12,19,20,57,62,67,82,85,88,108" /><INIT seed="6,1,0,3,5,117" ten="305,263,276,156" oya="2" hai0="15,107,93,133,6,18,47,101,10,70,116,98,40" hai1="80,32,14,73,48,132,77,21,82,85,7,38,106" hai2="35,130,5,0,56,57,92,124,20,46,55,105,62" hai3="1,30,4,67,45,13,88,2,131,103,61,113,78"/><V58/><F105/><W17/><G103/><T108/><D108/><U22/><E32/><V129/><F35/><W99/><G30/><T9/><D70/><U135/><E106/><V96/><F124/><W39/><G78/><T97/><D116/><U89/><E38/><V91/><F20/><W84/><G99/><T121/><D133/><N who="1" m="51275" /><E48/><N who="2" m="29079" /><F5/><W71/><G4/><T42/><D47/><U74/><E73/><V43/><F43/><W114/><G131/><N who="2" m="50185" /><F0/><W54/><G39/><T68/><D68/><U66/><E66/><AGARI ba="1,0" hai="56,57,58,62,66,91,92,96" m="50185,29079" machi="66" ten="30,1500,0" yaku="19,1" doraHai="117" who="2" fromWho="1" sc="305,0,263,-18,276,18,156,0" /><INIT seed="6,2,0,5,3,32" ten="305,245,294,156" oya="2" hai0="57,101,100,15,52,87,126,106,94,62,135,66,20" hai1="105,128,76,30,40,60,130,97,120,95,85,43,17" hai2="68,134,2,129,1,21,99,24,65,93,16,36,29" hai3="46,31,125,5,74,13,84,127,38,39,90,86,123"/><V25/><F36/><W54/><G74/><T102/><D106/><U67/><E30/><V73/><F73/><W48/><G123/><T71/><D126/><U114/><E120/><V69/><F134/><W131/><G31/><T3/><D135/><U104/><E17/><V92/><F129/><N who="1" m="49769" /><E114/><V44/><F44/><W58/><G131/><T116/><D116/><U50/><E76/><V96/><F68/><W35/><G35/><T6/><D3/><U56/><E85/><V89/><F65/><W118/><G118/><T61/><D20/><U119/><E119/><V28/><F69/><W108/><G108/><T113/><D113/><U124/><E124/><N who="3" m="47690" /><G46/><T80/><D94/><U27/><E27/><V7/><F7/><W122/><G84/><T0/><D0/><U11/><E11/><V10/><F10/><N who="3" m="4303" /><G122/><T111/><D111/><U70/><E70/><V63/><F28/><W83/><AGARI ba="2,0" hai="38,39,48,54,58,83,86,90" m="4303,47690" machi="83" ten="30,1100,0" yaku="18,1" doraHai="32" who="3" fromWho="3" sc="305,-5,245,-5,294,-7,156,17" /><INIT seed="7,0,0,3,0,122" ten="300,240,287,173" oya="3" hai0="84,131,81,79,130,31,126,83,92,32,102,58,59" hai1="49,82,86,45,48,15,21,73,24,28,71,135,76" hai2="61,26,65,128,96,114,0,91,133,5,119,37,62" hai3="29,101,50,99,54,56,115,116,120,118,13,39,57"/><W3/><G120/><T60/><D126/><U64/><E135/><V77/><F119/><W22/><G3/><T34/><D83/><U75/><E49/><V1/><F114/><W43/><G115/><T36/><D36/><U90/><E71/><V100/><F37/><W105/><G56/><T107/><D107/><U12/><E64/><V110/><F110/><W125/><G125/><T109/><D109/><U44/><E45/><V68/><F91/><W7/><G29/><T4/><D4/><U53/><REACH who="1" step="1"/><E75/><REACH who="1" ten="300,230,287,173" step="2"/><V25/><F133/><W19/><REACH who="3" step="1"/><G7/><REACH who="3" ten="300,230,287,163" step="2"/><T10/><D59/><U111/><E111/><V108/><F108/><W112/><G112/><T23/><D58/><U17/><E17/><V129/><F5/><W93/><G93/><AGARI ba="0,2" hai="12,15,21,24,28,44,48,53,73,76,82,86,90,93" machi="93" ten="30,3900,0" yaku="1,1,7,1,53,1" doraHai="122" doraHaiUra="16" who="1" fromWho="3" sc="300,0,230,59,287,0,163,-39" owari="300,40.0,289,9.0,287,-11.0,124,-38.0" /></mjloggm>