<mjloggm ver="2.3"><GO type="41"/><UN n0="%E5%8C%82%E5%AE%AE%E7%90%86%E6%BE%84" n1="%6B%6F%7A%61%6D%61" n2="%E3%82%A6%E3%83%AB%E3%83%88%E3%83%A9%E7%AB%8B%E7%9B%B4" n3="%E7%B5%B6%E6%9C%9B%E3%81%AB%E6%BA%80%E3%81%A1%E3%81%9F%E6%98%8E%E6%97%A5" dan="14,14,15,14" rate="2008,1905,2012,1916" sx="F,M,M,M"/><TAIKYOKU oya="0"/><INIT seed="0,0,0,2,2,86" ten="250,250,250,250" oya="0" hai0="52,131,12,116,38,57,6,105,96,55,61,3,9" hai1="73,99,134,56,35,20,65,62,46,82,94,90,123" hai2="130,119,42,126,93,36,133,83,76,53,58,39,77" hai3="113,63,81,0,118,72,103,50,92,34,64,78,41"/><T108/><D116/><U54/><E123/><V117/><F42/><W80/><G113/><T21/><D38/><U101/><E134/><V4/><F4/><W67/><G34/><T70/><D131/><U49/><E35/><V88/><F130/><W37/><G0/><T79/><D79/><U106/><E20/><V48/><F133/><W91/><G118/><N who="2" m="45065" /><F126/><W43/><G37/><N who="2" m="14409" /><F83/><W129/><G129/><T19/><D108/><U104/><E73/><V69/><F69/><W5/><G5/><T132/><D132/><U115/><E115/><V102/><F102/><W128/><G128/><T59/><D70/><U112/><E112/><V29/><F29/><W97/><G67/><T66/><REACH who="0" step="1"/><D59/><REACH who="0" step="2"/><U45/><E45/><V47/><F47/><W14/><G78/><T75/><D75/><U25/><REACH who="1" step="1"/><E25/><REACH who="1" step="2"/><V125/><F125/><W71/><G72/><T120/><D120/><U17/><E17/><V127/><F127/><W31/><G31/><T100/><AGARI ba="0,2" hai="3,6,9,12,19,21,52,55,57,61,66,96,100,105" machi="100" ten="30,6000,0" yaku="1,1,0,1,54,1,53,0" doraHai="86" doraHaiUra="22" who="0" fromWho="0" sc="240,80,240,-20,250,-20,250,-20" /><INIT seed="0,1,0,2,1,133" ten="320,220,230,230" oya="0" hai0="71,52,113,62,98,48,1,111,23,97,66,14,94" hai1="87,85,82,107,3,115,69,7,5,68,12,65,120" hai2="74,59,91,104,128,123,33,15,64,127,89,135,51" hai3="41,40,121,18,16,103,29,43,132,38,105,42,45"/><T110/><D1/><U67/><E120/><V17/><F123/><W36/><G121/><T2/><D2/><U112/><E3/><V130/><F33/><W8/><G132/><T50/><D50/><U31/><E31/><V124/><F104/><W125/><G29/><T100/><D113/><U118/><E107/><V24/><F24/><W84/><G125/><N who="2" m="48201" /><F74/><W35/><G35/><T56/><D98/><U55/><E55/><N who="2" m="32255" /><F64/><W78/><G103/><T108/><D23/><U75/><E75/><V58/><F58/><W21/><G105/><T86/><D14/><U109/><E12/><V9/><F135/><W54/><G8/><T10/><D10/><U102/><E102/><V81/><F81/><W25/><G18/><T80/><REACH who="0" step="1"/><D111/><REACH who="0" step="2"/><U70/><E109/><V44/><F44/><W72/><G45/><T22/><D22/><U32/><E32/><V134/><F134/><W0/><G21/><T11/><D11/><U106/><E118/><V37/><F37/><W49/><G38/><T46/><D46/><U99/><E115/><V77/><F77/><AGARI ba="1,1" hai="48,52,56,62,66,71,77,80,86,94,97,100,108,110" machi="77" ten="40,7700,0" yaku="1,1,54,1,53,1" doraHai="133" doraHaiUra="57" who="0" fromWho="2" sc="310,90,220,0,230,-80,230,0" /><INIT seed="0,2,0,2,2,13" ten="400,220,150,230" oya="0" hai0="88,4,7,131,55,38,89,114,99,24,5,73,32" hai1="58,40,119,81,105,57,111,42,8,14,104,86,22" hai2="87,56,134,91,93,75,11,130,33,18,29,82,31" hai3="27,35,129,45,84,118,54,43,16,23,34,3,60"/><T68/><D114/><U117/><E111/><V41/><F130/><W50/><G118/><T15/><D73/><U10/><E22/><V133/><F41/><W0/><G129/><T94/><D68/><U26/><E26/><V69/><F69/><W77/><G60/><T47/><D131/><U106/><E86/><V62/><F33/><W98/><G98/><T52/><D89/><U125/><E125/><V102/><F31/><W72/><G72/><T49/><D38/><U74/><E81/><V116/><F29/><W20/><G20/><T132/><D24/><U65/><E74/><V100/><F116/><N who="1" m="44617" /><E14/><N who="2" m="7519" /><F75/><W51/><G77/><T64/><D132/><N who="2" m="50794" /><F82/><W120/><G84/><T101/><D32/><U108/><E108/><V96/><F87/><W103/><G103/><T6/><D64/><AGARI ba="2,0" hai="56,62,64,91,93,96,100,102" m="50794,7519" machi="64" ten="30,2000,0" yaku="20,1,52,1" doraHai="13" who="2" fromWho="0" sc="400,-26,220,0,150,26,230,0" /><INIT seed="1,0,0,4,2,119" ten="374,220,176,230" oya="1" hai0="125,66,96,91,37,69,80,20,74,99,60,61,106" hai1="101,105,62,110,31,22,116,71,28,108,72,70,17" hai2="127,35,92,89,94,12,16,25,111,132,57,32,87" hai3="53,24,67,90,83,42,54,58,30,98,55,43,40"/><U103/><E72/><V63/><F127/><W33/><G67/><T48/><D37/><U82/><E116/><V49/><F132/><W36/><G36/><T1/><D1/><U95/><E105/><V11/><F111/><N who="1" m="42537" /><E82/><V131/><F131/><W19/><G19/><T38/><D38/><U18/><E62/><V114/><F114/><W46/><G46/><T9/><D66/><U104/><E104/><V78/><F78/><W29/><G29/><N who="1" m="11338" /><E95/><V27/><F49/><W44/><G44/><T107/><D48/><U115/><E115/><V102/><F35/><W4/><G4/><T50/><D80/><U128/><E128/><V121/><F32/><W123/><G98/><T112/><D50/><U13/><E18/><V23/><F94/><W34/><G34/><T122/><D74/><U76/><E76/><V124/><F102/><AGARI ba="0,0" hai="13,17,22,70,71,101,102,103" m="11338,42537" machi="102" ten="30,2900,0" yaku="14,1,10,1" doraHai="119" who="1" fromWho="2" sc="374,0,220,29,176,-29,230,0" /><INIT seed="1,1,0,4,0,112" ten="374,249,147,230" oya="1" hai0="79,66,86,85,32,116,43,132,55,35,24,96,54" hai1="77,101,63,15,56,120,41,50,5,57,16,135,10" hai2="113,74,37,131,73,48,84,90,27,30,72,34,25" hai3="122,21,123,75,20,93,14,107,94,51,23,53,95"/><U117/><E120/><V114/><F37/><W68/><G107/><T125/><D43/><U88/><E135/><V97/><F131/><W82/><G68/><T12/><D12/><U18/><E117/><V22/><F97/><W115/><G115/><T2/><D116/><U4/><E101/><V46/><F25/><W36/><G36/><T124/><D24/><U126/><E126/><V70/><F70/><W98/><G98/><T104/><D96/><U7/><E77/><V38/><F38/><W17/><G75/><T119/><D119/><U33/><E33/><V130/><F130/><W39/><G82/><T133/><D2/><U60/><E18/><V110/><F110/><W121/><REACH who="3" step="1"/><G39/><REACH who="3" step="2"/><T0/><D104/><U1/><E1/><V89/><F113/><W13/><G13/><T44/><D0/><U118/><E118/><V11/><F114/><W67/><G67/><T58/><D66/><U134/><E134/><V52/><F74/><W92/><N who="3" m="24064" /><DORA hai="9" /><W42/><G42/><T81/><D132/><U91/><E41/><V26/><F73/><W87/><G87/><T106/><D85/><U3/><E3/><V99/><F72/><W71/><G71/><T128/><D106/><U100/><E100/><V69/><F69/><W127/><G127/><T111/><D124/><U80/><E80/><V28/><F99/><W62/><G62/><N who="1" m="23594" /><E50/><V78/><F84/><W108/><G108/><T29/><D81/><U129/><E129/><V19/><F78/><W59/><AGARI ba="1,1" hai="14,17,20,21,23,51,53,59,121,122,123" m="24064" machi="59" ten="50,6400,0" yaku="1,1,0,1,52,1,53,0" doraHai="112,9" doraHaiUra="65,83" who="3" fromWho="3" sc="374,-17,249,-33,147,-17,220,77" /><INIT seed="2,0,0,0,2,57" ten="357,216,130,297" oya="2" hai0="59,72,79,83,1,98,84,78,75,109,90,5,116" hai1="38,99,80,123,61,16,82,60,48,66,12,81,131" hai2="96,8,41,103,55,97,26,24,128,107,108,63,22" hai3="112,93,100,92,111,11,35,37,53,64,77,65,127"/><V129/><F41/><W134/><G35/><T130/><D5/><U3/><E3/><V33/><F33/><W51/><G37/><T110/><D1/><U132/><E38/><V87/><F87/><W10/><G111/><N who="0" m="42507" /><D130/><N who="2" m="50282" /><F108/><W95/><G127/><T73/><D59/><U31/><E131/><V122/><F122/><W19/><G134/><T20/><D20/><U114/><E114/><V58/><F96/><W42/><G112/><T15/><D15/><U47/><E132/><V119/><F119/><W6/><G100/><T85/><D116/><U89/><E66/><V102/><F102/><W17/><G77/><N who="0" m="46191" /><D98/><U14/><E123/><V91/><F91/><W117/><G117/><T40/><D40/><U54/><E12/><V70/><F70/><W126/><G126/><T44/><D44/><U27/><E27/><N who="2" m="10283" /><F22/><W7/><G42/><T9/><D9/><AGARI ba="0,0" hai="8,9,55,58,63,97,103,107" m="10283,50282" machi="9" ten="30,2900,0" yaku="19,1,52,1" doraHai="57" who="2" fromWho="0" sc="357,-29,216,0,130,29,297,0" /><INIT seed="2,1,0,5,1,13" ten="328,216,159,297" oya="2" hai0="32,44,29,72,10,63,50,99,52,57,133,105,87" hai1="53,49,70,79,85,45,122,106,17,7,48,93,81" hai2="6,42,56,62,60,98,113,27,0,65,41,111,59" hai3="116,120,96,28,110,104,21,103,34,16,9,114,88"/><V109/><F6/><W107/><G116/><T131/><D72/><U4/><E106/><V19/><F0/><W77/><G120/><T74/><D74/><U119/><E119/><V71/><F98/><W100/><G110/><N who="2" m="41993" /><F113/><W68/><G68/><T130/><D133/><U47/><E122/><V90/><F90/><W22/><G77/><T89/><D29/><U135/><E70/><V43/><F27/><W58/><G114/><T37/><D37/><U55/><E135/><V112/><F112/><W33/><G9/><T121/><D121/><U35/><E35/><V91/><F91/><W15/><G58/><N who="2" m="22057" /><F19/><W54/><G54/><T1/><D32/><U126/><E126/><V86/><F86/><W31/><G31/><T134/><D134/><U12/><E93/><V26/><F26/><W82/><G22/><AGARI ba="1,0" hai="4,7,12,17,22,45,47,48,49,53,55,79,81,85" machi="22" ten="30,7700,0" yaku="7,1,9,1,8,1,52,1" doraHai="13" who="1" fromWho="3" sc="328,0,216,80,159,0,297,-80" /><INIT seed="3,0,0,1,5,70" ten="328,296,159,217" oya="3" hai0="106,124,131,129,96,34,84,22,94,48,8,26,104" hai1="109,132,89,108,60,95,61,80,19,74,12,128,35" hai2="38,43,127,62,4,71,135,55,107,68,125,133,33" hai3="110,36,1,2,25,49,6,134,58,83,39,9,122"/><W16/><G122/><T46/><D34/><U7/><E132/><N who="2" m="50763" /><F4/><W123/><G123/><T117/><D84/><U65/><E128/><N who="0" m="49225" /><D8/><U52/><E35/><V92/><F92/><W57/><G134/><T32/><D32/><U47/><E7/><V63/><F107/><W118/><G118/><T91/><D124/><N who="2" m="47690" /><F33/><W87/><G110/><T11/><D11/><U50/><E74/><V82/><F82/><W64/><G1/><T17/><D117/><U15/><E15/><V103/><F103/><W37/><G49/><T102/><D91/><U45/><E45/><N who="2" m="23799" /><F62/><W112/><G112/><T76/><D76/><U116/><E116/><V93/><F93/><W111/><G111/><T69/><D104/><U42/><E80/><V113/><F113/><W86/><G86/><T66/><D94/><U20/><E109/><V24/><F24/><W3/><G3/><T59/><D96/><U79/><E79/><V77/><F77/><W54/><G25/><T27/><D27/><U119/><E119/><V23/><F23/><W88/><G16/><T44/><D17/><U78/><E78/><V14/><F14/><W81/><G81/><T90/><D26/><U29/><E29/><V21/><F21/><W31/><G31/><T115/><D22/><U28/><E28/><V67/><F55/><W41/><G54/><N who="0" m="32199" /><D115/><U85/><E108/><V5/><F5/><W130/><G130/><T114/><D114/><U121/><E121/><V53/><F53/><W51/><REACH who="3" step="1"/><G64/><REACH who="3" step="2"/><T99/><D90/><U10/><E65/><V126/><N who="2" m="47698" /><V0/><DORA hai="30" /><F0/><W75/><G75/><RYUUKYOKU ba="0,1" sc="328,10,296,-30,159,10,207,10" hai0="44,46,66,69,99,102,106" hai2="63,67,68,71" hai3="2,6,9,36,37,39,41,51,57,58,83,87,88" /><INIT seed="3,1,1,1,4,20" ten="338,266,169,217" oya="3" hai0="8,117,90,64,130,70,62,94,112,102,129,54,38" hai1="97,63,21,25,119,50,76,81,110,36,71,131,4" hai2="85,60,14,115,80,37,118,15,11,61,82,78,128" hai3="7,123,41,42,134,133,108,122,84,48,10,100,9"/><W75/><G75/><T46/><D117/><U0/><E110/><V16/><F118/><W22/><G100/><T105/><D105/><U79/><E119/><V126/><F115/><W88/><G108/><T86/><D102/><U69/><E131/><N who="0" m="50185" /><D8/><U95/><E36/><V83/><F37/><W32/><G32/><T68/><D68/><U29/><E79/><V47/><F128/><W23/><G48/><N who="0" m="28951" /><D38/><U124/><E124/><V39/><F126/><W127/><G127/><T107/><D107/><U77/><E77/><V2/><F2/><W3/><G10/><T45/><D45/><U52/><E63/><V72/><F72/><W116/><G116/><T26/><D26/><U40/><E40/><V103/><F103/><W101/><G101/><T53/><D53/><U67/><E67/><V24/><F24/><W13/><G3/><T132/><D132/><N who="3" m="50793" /><G42/><T19/><D19/><U111/><E111/><V18/><F39/><W87/><G87/><T35/><D35/><U34/><E34/><V31/><F31/><W91/><G41/><T49/><D49/><U96/><E4/><V114/><F47/><W28/><G91/><T73/><D73/><N who="1" m="43151" /><E0/><V125/><F125/><W113/><G113/><AGARI ba="1,1" hai="62,64,70,86,90,94,112,113" m="28951,50185" machi="113" ten="30,1000,0" yaku="19,1" doraHai="20" who="0" fromWho="3" sc="338,23,266,0,169,0,217,-13" /><INIT seed="4,0,0,0,5,51" ten="361,266,169,204" oya="0" hai0="67,24,134,16,95,122,44,110,117,20,84,1,42" hai1="15,68,106,107,78,76,116,48,113,109,23,50,114" hai2="83,56,52,30,105,72,5,87,97,103,130,46,29" hai3="93,120,69,18,21,9,121,62,14,27,63,85,54"/><T60/><D117/><U25/><E109/><V38/><F130/><W104/><G104/><T124/><D110/><U58/><E116/><V41/><F5/><W3/><G3/><T86/><D124/><U31/><E68/><V118/><F72/><W4/><G69/><T39/><D134/><U64/><E15/><V71/><F71/><W132/><G132/><T77/><D77/><U125/><E125/><V19/><F19/><W2/><G2/><T73/><D73/><U35/><E35/><V115/><F115/><N who="1" m="44041" /><E50/><V79/><REACH who="2" step="1"/><F118/><REACH who="2" step="2"/><W96/><G120/><T12/><D122/><U111/><E111/><V81/><F81/><W6/><G121/><T10/><D1/><U108/><E108/><V57/><F57/><W74/><G74/><T94/><D94/><U129/><E129/><V32/><F32/><W61/><G4/><T82/><D95/><U92/><E92/><V135/><F135/><W128/><G128/><T126/><D82/><U99/><E107/><V75/><F75/><W26/><G85/><T102/><D126/><U37/><E99/><V33/><F33/><W55/><REACH who="3" step="1"/><G27/><REACH who="3" step="2"/><T28/><D102/><AGARI ba="0,2" hai="6,9,14,18,21,26,54,55,61,62,63,93,96,102" machi="102" ten="40,12000,2" yaku="1,1,2,1,8,1,52,2,53,1" doraHai="51" doraHaiUra="90" who="3" fromWho="0" sc="361,-120,266,0,159,0,194,140" /><INIT seed="5,0,0,2,0,124" ten="241,266,159,334" oya="1" hai0="7,25,82,32,57,44,1,96,45,64,97,116,122" hai1="24,119,4,20,111,131,104,100,28,23,43,92,17" hai2="126,49,93,21,26,13,98,69,108,60,2,95,31" hai3="75,15,73,58,72,128,62,135,70,38,94,129,34"/><U11/><E119/><V102/><F2/><W117/><G117/><T33/><D1/><U78/><E104/><V84/><F126/><W63/><G34/><T113/><D7/><U107/><E107/><V6/><F108/><W115/><G38/><T8/><D8/><U118/><E118/><V130/><F69/><W125/><G125/><T61/><D82/><U91/><E100/><V0/><F0/><W22/><G115/><T40/><D25/><U27/><E78/><V41/><F60/><W67/><G135/><T112/><D116/><U71/><E71/><V80/><F93/><W56/><G94/><T123/><D33/><U46/><E111/><V120/><F120/><N who="0" m="46122" /><D97/><U101/><E101/><V30/><F30/><W114/><G114/><N who="0" m="44139" /><D96/><U35/><E35/><V110/><F110/><W89/><G89/><T77/><D32/><U14/><E46/><N who="0" m="18025" /><D77/><U121/><E121/><V85/><F6/><W105/><G105/><T132/><D132/><U87/><E43/><AGARI ba="0,0" hai="40,43,57,61,64" m="18025,44139,46122" machi="43" ten="40,8000,1" yaku="13,1,15,1,34,2" doraHai="124" who="0" fromWho="1" sc="241,80,266,-80,159,0,334,0" /><INIT seed="6,0,0,4,5,133" ten="321,186,159,334" oya="2" hai0="17,69,98,67,31,3,104,35,107,72,123,83,125" hai1="103,134,100,110,92,96,20,42,48,41,9,23,21" hai2="86,116,65,122,126,47,40,39,58,99,90,18,87" hai3="82,62,0,43,76,80,101,71,37,29,135,1,105"/><V61/><F122/><W115/><G135/><T70/><D17/><U117/><E117/><V45/><F116/><W88/><G115/><T13/><D13/><U15/><E134/><V19/><F99/><N who="3" m="61631" /><G88/><T97/><D97/><U128/><E128/><V27/><F87/><W49/><G49/><T102/><D107/><U25/><E110/><V50/><F27/><W2/><G82/><T10/><D123/><U106/><E106/><V12/><F126/><W118/><G118/><T130/><D130/><U68/><E68/><V7/><F7/><W52/><G52/><T4/><D67/><U6/><E103/><V132/><F132/><W5/><G29/><T85/><D85/><U109/><E109/><V108/><F108/><W46/><G5/><T75/><D75/><U55/><REACH who="1" step="1"/><E25/><REACH who="1" step="2"/><V95/><REACH who="2" step="1"/><F12/><REACH who="2" step="2"/><W77/><G1/><T26/><D125/><U11/><E11/><V63/><F63/><W81/><G62/><T93/><D3/><U33/><E33/><V91/><F91/><W127/><G127/><T119/><D10/><U121/><E121/><V28/><F28/><W16/><G0/><T84/><D31/><U53/><E53/><AGARI ba="0,2" hai="18,19,39,40,45,47,50,53,58,61,65,86,90,95" machi="53" ten="30,2900,0" yaku="1,1,7,1,53,0" doraHai="133" doraHaiUra="32" who="2" fromWho="1" sc="321,0,176,-29,149,49,334,0" /><INIT seed="6,1,0,0,4,39" ten="321,147,198,334" oya="2" hai0="119,96,29,100,98,58,93,34,102,73,1,124,110" hai1="49,77,61,107,95,55,51,30,135,50,11,37,24" hai2="71,9,99,3,57,103,75,127,79,16,63,56,89" hai3="94,108,116,83,134,32,40,92,97,123,31,4,109"/><V72/><F71/><W69/><G116/><T66/><D110/><U43/><E107/><V35/><F35/><W67/><G123/><T132/><D73/><U54/><E135/><V36/><F57/><W90/><G4/><T13/><D1/><U120/><E120/><V85/><F36/><W65/><G134/><T105/><D132/><U18/><E77/><V74/><F127/><W46/><G83/><T10/><D119/><U68/><E95/><V38/><F38/><W62/><G67/><T115/><D115/><U87/><E87/><V88/><F79/><W41/><G92/><T27/><D124/><U23/><E68/><V53/><F3/><W21/><G32/><T59/><REACH who="0" step="1"/><D66/><REACH who="0" step="2"/><U7/><E61/><V121/><F121/><W106/><G106/><T70/><D70/><U113/><E113/><V44/><F75/><W122/><G122/><T6/><AGARI ba="1,1" hai="6,10,13,27,29,34,58,59,93,96,98,100,102,105" machi="6" ten="20,2700,0" yaku="1,1,0,1,7,1,53,0" doraHai="39" doraHaiUra="19" who="0" fromWho="0" sc="311,40,147,-8,198,-14,334,-8" /><INIT seed="7,0,0,5,3,133" ten="351,139,184,326" oya="3" hai0="77,56,53,36,13,31,17,1,9,134,42,37,120" hai1="44,3,66,82,69,105,55,128,23,62,46,68,86" hai2="123,118,61,35,130,49,27,132,74,7,92,114,93" hai3="129,48,99,2,67,98,16,85,101,4,84,90,106"/><W19/><G129/><T5/><D120/><U30/><E105/><V72/><F7/><W43/><G67/><T8/><D134/><U104/><E104/><V51/><F61/><W119/><G119/><T121/><D121/><U76/><E3/><V54/><F27/><W80/><G2/><T28/><D77/><U103/><E103/><V32/><F54/><W45/><G4/><T64/><D64/><U109/><E109/><V50/><F123/><W97/><G106/><T115/><D115/><U71/><E128/><V59/><F130/><W39/><G39/><T52/><D53/><U116/><E116/><V57/><F132/><W100/><G85/><T96/><D96/><U38/><E38/><V14/><F14/><W111/><G111/><T65/><D37/><U6/><E6/><V89/><F89/><W11/><G11/><T88/><D88/><U24/><E55/><V70/><F70/><W94/><G80/><T34/><D65/><U112/><E112/><V110/><F114/><W0/><G0/><T131/><D36/><U75/><E75/><V95/><F110/><W79/><G79/><T113/><D1/><U126/><E126/><V135/><F135/><W41/><G41/><T107/><D42/><U47/><E62/><V91/><F91/><W26/><G26/><N who="0" m="18711" /><D107/><U25/><E66/><V22/><F118/><W124/><G124/><T15/><D131/><U125/><E25/><V102/><F102/><AGARI ba="0,0" hai="16,19,43,45,48,84,90,94,97,98,99,100,101,102" machi="102" ten="40,3900,0" yaku="8,1,54,1" doraHai="133" who="3" fromWho="2" sc="351,0,139,0,184,-39,326,39" owari="351,15.0,139,-36.0,145,-25.0,365,46.0" /></mjloggm>