<mjloggm ver="2.3"><GO type="169" lobby="0"/><UN n0="%EF%BC%88%E2%89%A7%E2%96%BD%E2%89%A6%EF%BC%89" n1="%62%6C%75%65%2D%67" n2="%E9%81%8A%E8%B5%B0" n3="%E3%81%BE%E3%81%AA%E3%81%84%E3%81%9F%E3%82%88%E3%81%86%E3%81%98%E3%82%87" dan="17,16,17,17" rate="2139.47,2014.73,2160.32,2117.41" sx="M,M,F,M"/><TAIKYOKU oya="0"/><INIT seed="0,0,0,5,5,126" ten="250,250,250,250" oya="0" hai0="34,9,60,73,71,69,45,111,85,59,26,54,28" hai1="30,102,72,90,70,131,76,42,14,11,128,134,98" hai2="63,75,124,55,114,123,133,65,106,46,43,99,83" hai3="74,91,39,127,25,66,50,24,112,36,48,89,61"/><T12/><D73/><U118/><E118/><V2/><F123/><W32/><G32/><T64/><D111/><U49/><E70/><V19/><F114/><W51/><G61/><T121/><D121/><U122/><E122/><V38/><F124/><W92/><G66/><T13/><D13/><U87/><E30/><V8/><F55/><W47/><G127/><T10/><D10/><U56/><E134/><V80/><F133/><W113/><G47/><T68/><D85/><U18/><E76/><V35/><F35/><W101/><G101/><T119/><D45/><U81/><E72/><V132/><F132/><W6/><G74/><T21/><D119/><U20/><E20/><V27/><F27/><W105/><G92/><T5/><REACH who="0" step="1"/><D34/><REACH who="0" ten="240,250,250,250" step="2"/><U4/><E4/><V115/><F115/><W16/><G6/><T22/><D22/><U31/><E11/><V77/><F2/><W96/><G112/><T129/><D129/><U78/><E14/><V67/><F8/><W29/><G113/><T40/><D40/><U58/><E42/><V109/><F109/><W33/><G33/><T1/><D1/><U117/><E117/><V86/><F46/><W100/><G25/><T84/><D84/><U53/><E87/><V120/><F43/><W7/><G7/><T95/><D95/><U107/><E131/><V94/><F75/><W3/><G3/><T97/><D97/><U103/><E98/><V130/><F130/><W104/><G24/><T88/><D88/><U82/><E90/><V135/><F120/><W41/><G41/><T44/><D44/><U125/><E128/><RYUUKYOKU ba="0,1" sc="240,30,250,-10,250,-10,250,-10" hai0="5,9,12,21,26,28,54,59,60,64,68,69,71" /><INIT seed="0,1,1,1,2,7" ten="270,240,240,240" oya="0" hai0="74,113,83,104,112,127,96,88,117,120,30,132,39" hai1="36,18,43,103,10,3,49,130,111,37,108,110,24" hai2="40,81,26,102,48,101,119,47,21,28,19,72,131" hai3="85,92,95,68,44,94,126,122,84,13,89,12,121"/><T70/><RYUUKYOKU type="yao9" ba="1,1" sc="270,0,240,0,240,0,240,0" hai0="30,39,70,74,83,88,96,104,112,113,117,120,127,132" /><INIT seed="0,2,1,1,2,2" ten="270,240,240,240" oya="0" hai0="97,30,26,73,3,104,54,35,40,87,33,13,111" hai1="50,36,22,107,10,95,80,94,109,11,68,106,131" hai2="15,77,74,119,130,122,61,128,0,71,93,115,112" hai3="38,85,135,102,127,124,82,41,83,66,72,60,32"/><T4/><D73/><U51/><E36/><V58/><F71/><W79/><G32/><T52/><D3/><U125/><E68/><V110/><F0/><W16/><G102/><T132/><D35/><U63/><E109/><V12/><F122/><W18/><G38/><T37/><D111/><U9/><E125/><N who="3" m="48202" /><G41/><T19/><D132/><U14/><E131/><N who="2" m="50219" /><F110/><W1/><G1/><T96/><D104/><U120/><E120/><V108/><F108/><W101/><G101/><T67/><D67/><U98/><E80/><N who="2" m="45111" /><F93/><W103/><G103/><T100/><D100/><U27/><E63/><V99/><F99/><W105/><G105/><T43/><D37/><U91/><E94/><V17/><F119/><W53/><G135/><T86/><D96/><U7/><E107/><V48/><F48/><N who="1" m="18473" /><E106/><V55/><F15/><W90/><G53/><T117/><D97/><U56/><E56/><AGARI ba="2,1" hai="16,18,56,60,66,72,79,82,83,85,90" m="48202" machi="56" ten="30,2000,0" yaku="18,1,54,1" doraHai="2" who="3" fromWho="1" sc="270,0,240,-26,240,0,240,36" /><INIT seed="1,0,0,0,4,33" ten="270,214,240,276" oya="1" hai0="127,99,24,26,48,71,118,123,63,110,51,98,15" hai1="95,105,111,100,28,0,134,47,106,34,44,6,62" hai2="93,65,126,32,54,132,38,135,9,75,101,68,112" hai3="21,125,76,92,77,80,84,57,16,25,109,90,58"/><U122/><E122/><V124/><F32/><W70/><G109/><T94/><D123/><U97/><E111/><V85/><F75/><W103/><G70/><T52/><D118/><U131/><E134/><N who="2" m="51243" /><F112/><W79/><G125/><N who="2" m="48233" /><F38/><W17/><G17/><T104/><D127/><U91/><E131/><V116/><F116/><W121/><G121/><T83/><D110/><U10/><E106/><V40/><F40/><W18/><G18/><T13/><D104/><U23/><E34/><V117/><F117/><W86/><REACH who="3" step="1"/><G103/><REACH who="3" ten="270,214,240,266" step="2"/><T36/><D71/><U11/><E11/><V14/><F101/><W64/><G64/><T46/><D26/><U42/><E100/><V120/><F120/><W1/><G1/><T107/><D24/><U31/><E0/><V72/><F65/><W22/><G22/><T87/><D13/><U102/><E23/><V45/><F68/><W130/><G130/><T113/><D15/><U27/><E27/><V59/><F14/><W37/><G37/><T108/><D36/><U81/><E102/><V2/><F9/><W129/><G129/><T73/><D108/><U128/><E128/><V5/><F2/><W88/><AGARI ba="0,1" hai="16,21,25,57,58,76,77,79,80,84,86,88,90,92" machi="88" ten="30,12000,2" yaku="1,1,0,1,8,1,54,2,53,1" doraHai="33" doraHaiUra="20" who="3" fromWho="3" sc="270,-30,214,-60,240,-30,266,130" /><INIT seed="2,0,0,0,0,89" ten="240,154,210,396" oya="2" hai0="118,38,86,111,83,99,95,56,76,91,37,41,123" hai1="63,94,81,68,42,19,93,101,84,65,114,2,25" hai2="0,22,119,24,75,45,107,67,112,124,28,39,48" hai3="106,64,127,33,121,120,115,109,72,80,11,134,110"/><V9/><F119/><W20/><G33/><T8/><D123/><U53/><E114/><V78/><F112/><W70/><G64/><T108/><D118/><U69/><E2/><V122/><F122/><W13/><G115/><T16/><D56/><N who="1" m="37095" /><E101/><V96/><F124/><W116/><G20/><T51/><D51/><U135/><E42/><V3/><F39/><W100/><G13/><N who="0" m="7207" /><D41/><U77/><E69/><V62/><F78/><N who="3" m="44103" /><G11/><T90/><D76/><U71/><E71/><V27/><F75/><W17/><G70/><T74/><D74/><U55/><E68/><V54/><F9/><W105/><G17/><T50/><D50/><U102/><E102/><V98/><F107/><W103/><G116/><T4/><D4/><U113/><E113/><V52/><F67/><W131/><G127/><T7/><D7/><U128/><E128/><V92/><F98/><N who="3" m="61591" /><G131/><T40/><D40/><U85/><E55/><V46/><F46/><W6/><G6/><T1/><D1/><U29/><E53/><V88/><REACH who="2" step="1"/><F27/><REACH who="2" ten="240,154,200,396" step="2"/><W49/><G121/><T34/><D37/><U12/><E25/><V31/><F31/><W30/><G120/><T18/><D38/><U58/><E29/><V79/><F79/><W60/><G30/><T36/><D36/><U47/><E47/><V44/><F44/><W21/><G106/><T117/><D117/><U87/><E77/><V66/><F66/><W125/><G125/><T73/><D73/><U23/><E58/><AGARI ba="0,1" hai="0,3,22,24,28,45,48,52,54,58,62,88,92,96" machi="58" ten="40,12000,1" yaku="1,1,52,1,54,2,53,1" doraHai="89" doraHaiUra="43" who="2" fromWho="1" sc="240,0,154,-120,200,130,396,0" /><INIT seed="2,1,0,2,0,67" ten="240,34,330,396" oya="2" hai0="2,34,92,96,27,68,8,69,13,83,58,88,7" hai1="15,111,1,134,60,49,22,104,120,33,11,25,119" hai2="113,46,64,74,19,81,98,131,116,77,89,18,9" hai3="32,79,53,78,6,114,127,63,110,80,124,86,43"/><V95/><F116/><W30/><G43/><T41/><D41/><U38/><E38/><V128/><F113/><W103/><G103/><T112/><D112/><U31/><E104/><V0/><F64/><W75/><G114/><T42/><D42/><U118/><E49/><V115/><F115/><W61/><G6/><T84/><D58/><U85/><E85/><V71/><F46/><W100/><G100/><T16/><D27/><U36/><E60/><V129/><REACH who="2" step="1"/><F71/><REACH who="2" ten="240,34,320,396" step="2"/><W122/><G124/><T37/><D37/><U14/><E36/><V23/><F23/><W55/><G127/><T28/><D34/><U99/><E33/><V90/><F90/><W17/><G32/><T29/><D29/><U20/><E31/><V97/><F97/><W52/><G30/><T10/><D28/><U94/><E99/><V57/><F57/><W12/><G78/><AGARI ba="1,1" hai="2,7,8,10,13,16,68,69,78,83,84,88,92,96" machi="78" ten="30,8000,1" yaku="7,1,52,2,54,2" doraHai="67" who="0" fromWho="3" sc="240,93,34,0,320,0,396,-83" /><INIT seed="3,0,0,2,0,93" ten="333,34,320,313" oya="3" hai0="117,54,16,134,39,58,87,83,124,30,126,7,33" hai1="57,94,91,121,86,73,107,49,27,56,108,127,72" hai2="41,8,3,63,90,59,6,129,114,77,115,37,128" hai3="88,38,111,20,100,47,14,120,69,99,13,23,76"/><W104/><G120/><T46/><D7/><U110/><E121/><V10/><F10/><W101/><G69/><T2/><D2/><U119/><E107/><V42/><F90/><W112/><G112/><N who="2" m="43049" /><F77/><W24/><G76/><T34/><D117/><U4/><E119/><V43/><F3/><W102/><G104/><T66/><D66/><U62/><E127/><N who="0" m="48681" /><D30/><U133/><E133/><V40/><F8/><W75/><G75/><T85/><D85/><U130/><E130/><N who="2" m="50283" /><F6/><W18/><G111/><N who="1" m="42538" /><E4/><V44/><F42/><W92/><REACH who="3" step="1"/><G20/><REACH who="3" ten="333,34,320,303" step="2"/><T106/><D106/><U98/><E27/><V45/><F45/><W25/><G25/><T35/><D46/><U109/><E109/><V70/><F70/><W1/><G1/><T84/><D35/><U9/><E9/><V48/><F37/><W113/><G113/><T36/><D34/><U132/><E132/><V11/><F11/><W89/><G89/><T21/><D33/><U82/><E73/><V65/><AGARI ba="0,1" hai="40,41,43,44,48,59,63,65" m="50283,43049" machi="65" ten="30,4000,0" yaku="19,1,34,2" doraHai="93" who="2" fromWho="2" sc="333,-10,34,-10,320,50,303,-20" /><INIT seed="4,0,0,3,1,86" ten="323,24,370,283" oya="0" hai0="89,38,73,101,135,37,55,88,65,24,78,76,93" hai1="80,110,45,54,39,33,13,104,34,125,100,121,22" hai2="19,72,105,36,67,64,98,77,50,82,25,116,30" hai3="118,60,123,90,2,70,32,114,14,111,10,115,129"/><T17/><D135/><U62/><E110/><V58/><F36/><W35/><G2/><T29/><D65/><U12/><E121/><V15/><F116/><W134/><G111/><T21/><D38/><U53/><E125/><V99/><F50/><W0/><G118/><T61/><D37/><U8/><E100/><V113/><F113/><N who="3" m="43019" /><G0/><T71/><D71/><U44/><E104/><V49/><F49/><W7/><G129/><T26/><D73/><U46/><E39/><V5/><F5/><W11/><G134/><T41/><D41/><U52/><E80/><V79/><F79/><N who="0" m="30250" /><D26/><U51/><E51/><V120/><F120/><W9/><G123/><T117/><D29/><U108/><E108/><V57/><F67/><N who="3" m="41319" /><G32/><T48/><D61/><U106/><E106/><V130/><F130/><W112/><G35/><T75/><D75/><U59/><E34/><V87/><F72/><W92/><N who="3" m="43027" /><W122/><DORA hai="56" /><G122/><T69/><D69/><U132/><E33/><V31/><F64/><W20/><G20/><T3/><D3/><U97/><E97/><AGARI ba="0,0" hai="7,9,10,11,14,90,92,97" m="41319,43027" machi="97" ten="40,5200,0" yaku="15,1,52,2" doraHai="86,56" who="3" fromWho="1" sc="323,0,24,-52,370,0,283,52" owari="323,-8.0,-28,-53.0,370,47.0,335,14.0" /></mjloggm>