<mjloggm ver="2.3"><GO type="137"/><UN n0="%EF%BC%88%E2%89%A7%E2%96%BD%E2%89%A6%EF%BC%89" n1="%E9%88%8D" n2="%E3%82%86%E3%81%86%E3%81%95%E3%81%8F%EF%BC%92" n3="%E5%A4%8F%E3%81%AE%E3%81%82%E3%82%89%E3%81%97" dan="11,11,15,11" rate="1887,1657,1929,1732" sx="M,M,M,M"/><TAIKYOKU oya="0"/><INIT seed="0,0,0,5,3,23" ten="250,250,250,250" oya="0" hai0="86,54,63,26,18,29,68,44,93,70,69,65,123" hai1="21,57,33,96,4,30,122,62,120,98,31,71,1" hai2="127,85,14,111,73,59,110,112,37,48,42,58,7" hai3="52,75,125,15,88,38,126,41,129,25,8,3,19"/><T91/><D123/><U55/><E71/><V76/><F73/><W12/><G75/><T97/><D18/><U105/><E33/><V135/><F112/><W108/><G108/><N who="2" m="41513" /><F37/><W95/><G129/><T94/><D44/><U17/><E105/><V84/><F127/><N who="3" m="48651" /><G3/><T74/><D54/><U90/><E1/><V133/><F76/><W113/><G113/><T121/><D74/><U119/><E4/><V27/><F42/><W81/><G81/><T43/><D43/><U0/><E0/><V104/><F104/><W11/><G38/><T28/><D121/><U64/><E119/><V124/><F124/><W49/><G41/><T60/><D29/><U40/><E40/><V80/><F80/><W36/><G36/><T51/><D51/><U109/><E109/><V89/><F89/><W100/><G100/><T118/><D118/><U131/><E131/><V32/><F14/><W20/><G12/><T128/><D128/><U22/><E122/><V24/><F7/><W116/><G116/><T45/><D45/><U67/><E120/><V102/><F32/><W78/><G78/><T72/><D72/><U134/><E134/><N who="2" m="51211" /><F102/><W2/><G2/><T35/><REACH who="0" step="1"/><D63/><REACH who="0" step="2"/><U53/><E98/><V99/><F99/><N who="3" m="57831" /><G15/><T39/><D39/><U103/><E53/><N who="2" m="32039" /><F59/><AGARI ba="0,1" hai="8,11,19,20,25,49,52,59" m="57831,48651" machi="59" ten="30,7700,0" yaku="18,1,52,1,54,2" doraHai="23" who="3" fromWho="2" sc="240,0,250,0,250,-77,250,87" /><INIT seed="1,0,0,4,2,64" ten="240,250,173,337" oya="1" hai0="116,117,108,36,37,62,39,129,126,130,21,85,30" hai1="110,60,18,74,128,61,90,134,104,135,16,95,66" hai2="97,83,70,80,107,55,120,20,94,78,76,0,1" hai3="56,109,93,52,101,65,51,57,5,132,59,3,102"/><U44/><E74/><V72/><F120/><W88/><G109/><T50/><D85/><U31/><E104/><V2/><F55/><W14/><G132/><N who="1" m="50730" /><E31/><V103/><F20/><W105/><G105/><T43/><D30/><U15/><E44/><V8/><F94/><W131/><G3/><T113/><D21/><N who="1" m="11423" /><E110/><V29/><F29/><W127/><G127/><T42/><D108/><U124/><E124/><V63/><F8/><N who="3" m="4367" /><G131/><N who="0" m="50187" /><D126/><U4/><E4/><V27/><F27/><W73/><G73/><T118/><D113/><U41/><E41/><N who="0" m="15369" /><D50/><U123/><E123/><V19/><F19/><W91/><G65/><T10/><D10/><U13/><E128/><V98/><F98/><N who="3" m="57639" /><G91/><T100/><D100/><AGARI ba="0,0" hai="51,52,56,57,59,100,101,102" m="57639,4367" machi="100" ten="30,3900,0" yaku="8,1,54,2" doraHai="64" who="3" fromWho="0" sc="240,-39,250,0,173,0,337,39" /><INIT seed="2,0,0,5,0,59" ten="201,250,173,376" oya="2" hai0="60,34,10,8,0,46,97,55,71,82,70,109,11" hai1="68,127,45,54,19,94,91,12,122,39,29,67,38" hai2="125,119,28,80,75,14,133,84,95,106,130,74,66" hai3="105,57,99,83,30,87,58,62,23,1,17,73,93"/><V129/><F28/><W53/><G1/><T77/><D34/><U49/><E127/><V31/><F31/><W124/><G124/><T44/><D109/><U116/><E122/><V121/><F125/><W65/><G105/><T6/><D97/><U48/><E116/><V85/><F14/><W37/><G37/><T135/><D135/><U101/><E29/><V111/><F66/><W35/><G35/><T41/><D71/><U36/><E101/><V131/><F119/><W86/><G73/><N who="2" m="27657" /><F121/><W120/><G120/><T21/><D21/><U4/><E4/><V110/><F133/><W76/><G30/><T26/><D26/><U72/><E72/><V107/><F95/><W96/><G87/><N who="2" m="33353" /><F80/><W78/><G93/><T47/><D41/><U126/><E126/><V24/><F24/><N who="3" m="14447" /><G78/><T2/><D82/><U108/><E108/><AGARI ba="0,0" hai="106,107,108,110,111,129,130,131" m="33353,27657" machi="108" ten="40,18000,2" yaku="28,2,14,1,10,1,19,1,34,2" doraHai="59" who="2" fromWho="1" sc="201,0,250,-180,173,180,376,0" /><INIT seed="2,1,0,4,1,124" ten="201,70,353,376" oya="2" hai0="59,101,34,31,113,45,98,67,61,5,60,111,55" hai1="12,50,109,78,114,104,130,80,99,108,129,26,8" hai2="87,43,96,48,27,19,93,46,16,76,66,81,126" hai3="41,4,49,53,128,83,68,0,54,28,120,70,24"/><V11/><F126/><W40/><G120/><T103/><D113/><U2/><E26/><V32/><F66/><W116/><G116/><T112/><D112/><U58/><E2/><V72/><F72/><W13/><G0/><T25/><D111/><N who="1" m="42571" /><E50/><V122/><F122/><W44/><G4/><T15/><D45/><U95/><E58/><V57/><F57/><W85/><G13/><T52/><D61/><U97/><E114/><V102/><F32/><W105/><G105/><T90/><D90/><N who="1" m="55543" /><E12/><V119/><F119/><W62/><G128/><N who="1" m="49258" /><E8/><V1/><F27/><W30/><G24/><T100/><REACH who="0" step="1"/><D98/><REACH who="0" step="2"/><U118/><E118/><V79/><F79/><W42/><G70/><T56/><D56/><U38/><E38/><V63/><F63/><W71/><G68/><T14/><D14/><U37/><E37/><V51/><REACH who="2" step="1"/><F51/><REACH who="2" step="2"/><W10/><G71/><T132/><D132/><U39/><E39/><V77/><F77/><W6/><G62/><T94/><D94/><U74/><E99/><V35/><F35/><W117/><G117/><T73/><D73/><U121/><E121/><V17/><F17/><W89/><G6/><AGARI ba="1,2" hai="1,6,11,16,19,43,46,48,76,81,87,93,96,102" machi="6" ten="40,3900,0" yaku="1,1,54,1,53,0" doraHai="124" doraHaiUra="69" who="2" fromWho="3" sc="191,0,70,0,343,62,376,-42" /><INIT seed="2,2,0,5,0,17" ten="191,70,405,334" oya="2" hai0="72,32,38,120,95,114,7,0,9,100,115,53,34" hai1="107,71,99,37,55,22,83,30,81,44,132,66,62" hai2="58,48,75,11,59,123,124,128,79,40,43,31,16" hai3="39,63,42,36,97,125,87,18,65,90,98,119,104"/><V51/><F123/><W20/><G119/><T80/><D120/><U94/><E132/><V102/><F124/><W101/><G125/><T33/><D38/><U106/><E107/><V127/><F127/><W23/><G98/><T121/><D121/><U41/><E106/><V3/><F128/><W6/><G6/><T24/><D53/><U89/><E22/><V50/><F102/><W112/><G112/><T4/><D4/><U134/><E30/><V1/><F31/><W27/><G42/><T122/><D122/><U25/><E25/><V35/><F35/><W26/><G65/><T110/><D110/><U21/><E21/><V45/><F79/><W12/><G63/><T68/><D68/><U126/><E126/><V8/><F75/><W85/><G87/><T14/><D0/><U77/><E134/><V129/><F129/><W76/><G76/><N who="0" m="44039" /><D24/><U117/><E77/><V47/><F51/><W116/><G12/><T28/><D28/><U29/><E29/><V46/><F46/><W88/><G116/><T133/><D133/><U78/><E78/><V109/><F109/><W10/><G10/><T130/><D130/><U64/><E64/><V91/><F91/><W93/><REACH who="3" step="1"/><G90/><REACH who="3" step="2"/><T49/><D49/><U86/><E117/><V52/><F52/><W56/><G56/><T57/><D57/><U2/><E2/><V84/><F84/><W60/><G60/><T82/><D115/><U96/><E55/><V131/><F131/><W135/><G135/><T19/><D114/><U111/><E111/><V69/><F69/><W108/><G108/><T13/><D7/><RYUUKYOKU ba="2,1" sc="191,-30,70,10,405,10,324,10" hai1="37,41,44,62,66,71,81,83,86,89,94,96,99" hai2="1,3,8,11,16,40,43,45,47,48,50,58,59" hai3="18,20,23,26,27,36,39,85,88,93,97,101,104" /><INIT seed="2,3,1,1,0,109" ten="161,80,415,334" oya="2" hai0="10,17,35,118,71,81,44,24,92,41,77,28,25" hai1="22,50,104,2,38,33,130,59,31,74,135,54,69" hai2="103,128,65,32,14,127,86,23,48,19,57,115,11" hai3="39,76,93,9,60,132,120,82,70,47,122,61,67"/><V110/><F128/><W79/><G132/><T63/><D118/><U8/><E130/><V36/><F36/><W80/><G9/><T20/><D92/><U27/><E135/><V42/><F32/><W94/><G39/><T21/><D71/><U121/><E104/><V111/><F127/><W107/><G70/><T46/><D63/><U88/><E121/><V75/><F75/><W90/><G107/><T78/><D10/><U12/><E38/><V101/><F86/><W72/><G72/><T68/><D68/><U112/><E69/><V40/><F115/><W102/><G102/><N who="2" m="38921" /><F65/><W18/><G67/><T131/><D131/><U64/><E74/><V1/><F57/><W96/><G47/><T55/><D35/><U98/><E64/><V29/><F48/><W117/><G18/><T6/><D6/><U16/><E112/><V83/><F83/><W129/><G129/><T133/><D133/><U37/><E37/><V119/><F119/><W7/><G117/><T85/><D55/><U126/><E126/><V124/><F124/><W73/><G73/><T49/><REACH who="0" step="1"/><D46/><REACH who="0" step="2"/><U105/><E105/><V15/><F1/><W66/><G7/><T62/><D62/><U134/><E134/><V123/><F123/><W95/><G66/><T56/><D56/><U4/><E98/><V43/><F29/><W13/><G95/><T100/><D100/><U51/><REACH who="1" step="1"/><E88/><AGARI ba="3,2" hai="17,20,21,24,25,28,41,44,49,77,78,81,85,88" machi="88" ten="30,7700,0" yaku="1,1,7,1,8,1,54,1,53,0" doraHai="109" doraHaiUra="3" who="0" fromWho="1" sc="151,106,80,-86,415,0,334,0" owari="257,-14,-6,-51,415,52,334,13" /></mjloggm>