<mjloggm ver="2.3"><GO type="97"/><UN n0="%E4%B9%98%E9%A2%A8%E8%B8%8F%E6%B5%AA" n1="%E4%BF%BA%E3%82%82%E3%81%86%E3%83%80%E3%83%A1%E3%81%A0" n2="%73%61%62%61%6B%75" n3="%E3%82%A6%E3%83%AB%E3%83%88%E3%83%A9%E7%AB%8B%E7%9B%B4" dan="13,13,14,15" rate="1861,1921,1914,1936" sx="M,M,M,M"/><TAIKYOKU oya="0"/><INIT seed="0,0,0,1,0,36" ten="250,250,250,250" oya="0" hai0="92,20,134,61,7,106,68,67,3,111,22,44,104" hai1="30,123,77,108,64,34,78,69,25,17,76,4,27" hai2="101,21,19,82,74,90,99,131,54,51,0,62,24" hai3="26,122,100,11,72,46,81,28,32,58,55,57,112"/><T113/><D113/><U5/><E123/><V119/><F119/><W70/><G112/><T10/><D134/><U1/><E108/><V88/><F0/><W39/><G122/><T96/><D44/><U124/><E124/><V73/><F131/><W80/><G58/><T95/><D95/><U116/><E116/><V42/><F90/><W41/><G72/><T37/><D37/><U126/><E126/><V120/><F120/><W109/><G109/><T91/><REACH who="0" step="1"/><D111/><REACH who="0" ten="240,250,250,250" step="2"/><U79/><E1/><V12/><F12/><W103/><G80/><T38/><D38/><U59/><E25/><V102/><F73/><W50/><G81/><T117/><D117/><U86/><E27/><V23/><F23/><AGARI ba="0,1" hai="3,7,10,20,22,23,61,67,68,91,92,96,104,106" machi="23" ten="40,2000,0" yaku="1,1,53,0" doraHai="36" doraHaiUra="13" who="0" fromWho="2" sc="240,30,250,0,250,-20,250,0" /><INIT seed="0,1,0,5,3,21" ten="270,250,230,250" oya="0" hai0="8,57,88,25,18,2,135,128,96,24,95,1,50" hai1="109,17,70,79,112,132,20,46,5,92,62,10,113" hai2="36,72,121,41,22,118,100,123,55,30,15,48,42" hai3="33,7,68,59,64,125,39,14,61,11,49,27,69"/><T78/><D135/><U119/><E119/><V53/><F72/><W56/><G125/><T66/><D128/><U127/><E132/><V60/><F118/><W106/><G39/><T13/><D78/><U3/><E127/><V124/><F124/><W16/><G106/><T43/><D2/><U6/><E79/><V71/><F100/><W4/><G4/><T75/><D75/><U37/><E5/><V84/><F84/><W111/><G111/><T114/><D1/><U102/><E109/><V131/><F131/><W73/><G73/><T110/><D114/><U45/><E37/><V74/><F74/><W93/><G93/><T105/><D105/><U34/><E34/><V29/><F15/><W120/><G120/><T80/><D80/><U133/><E133/><V38/><F22/><W91/><G91/><T0/><D0/><U101/><E92/><V89/><F89/><W107/><G107/><T116/><D116/><U90/><E90/><V104/><F104/><W54/><REACH who="3" step="1"/><G7/><REACH who="3" ten="270,250,230,240" step="2"/><T31/><D110/><U58/><E101/><V51/><F71/><W98/><G98/><T82/><D82/><U83/><E70/><V117/><F117/><W19/><G19/><T52/><D31/><AGARI ba="1,1" hai="11,14,16,27,31,33,49,54,56,59,61,64,68,69" machi="31" ten="40,5200,0" yaku="1,1,52,1,54,1,53,0" doraHai="21" doraHaiUra="122" who="3" fromWho="0" sc="270,-55,250,0,230,0,240,65" /><INIT seed="1,0,0,4,0,89" ten="215,250,230,305" oya="1" hai0="15,122,99,18,75,33,88,25,81,29,32,31,14" hai1="16,24,109,114,30,111,79,51,107,0,11,37,83" hai2="126,93,124,116,84,62,100,17,57,96,119,54,39" hai3="47,110,133,56,97,74,38,48,127,22,60,113,12"/><U129/><E37/><V85/><F39/><W118/><G38/><T50/><D50/><U67/><E114/><V69/><F69/><W73/><G113/><T28/><D75/><U105/><E67/><V4/><F4/><W94/><G118/><T87/><D122/><U72/><E51/><V20/><F119/><W13/><G127/><N who="2" m="48681" /><F116/><W49/><G133/><T44/><D44/><U92/><E129/><V9/><F9/><W52/><G110/><N who="1" m="41994" /><E0/><V2/><F2/><W53/><G60/><T34/><REACH who="0" step="1"/><D99/><REACH who="0" ten="205,250,230,305" step="2"/><U123/><E123/><V55/><F55/><W135/><G135/><T101/><D101/><U76/><E76/><V19/><F20/><AGARI ba="0,1" hai="14,15,18,20,25,28,29,31,32,33,34,81,87,88" machi="20" ten="50,6400,0" yaku="1,1,54,1,53,1" doraHai="89" doraHaiUra="86" who="0" fromWho="2" sc="205,74,250,0,230,-64,305,0" /><INIT seed="2,0,0,1,5,106" ten="279,250,166,305" oya="2" hai0="104,6,27,72,119,50,52,98,85,29,14,128,43" hai1="11,62,77,88,12,63,82,79,39,31,126,109,92" hai2="99,90,35,110,24,87,67,64,19,107,7,94,135" hai3="4,23,33,120,48,101,5,105,65,100,47,78,115"/><V127/><F127/><W20/><G33/><T93/><D104/><U95/><E126/><V8/><F135/><W46/><G120/><T123/><D123/><U16/><E39/><V121/><F121/><W66/><G105/><T1/><D1/><U56/><E109/><V60/><F110/><W86/><G86/><T45/><D128/><U49/><E31/><V13/><F67/><W10/><G78/><T17/><D72/><U32/><E32/><V51/><F51/><W111/><G48/><T74/><D74/><U83/><E49/><V26/><F35/><W22/><G111/><T15/><D85/><U34/><E34/><V55/><F55/><W61/><G61/><T30/><D119/><U38/><E38/><V53/><F53/><W75/><G10/><N who="0" m="4439" /><D27/><U122/><E122/><V41/><F41/><W124/><G75/><T129/><D43/><U81/><E95/><V96/><F7/><N who="3" m="2635" /><G124/><T40/><D40/><U133/><E133/><V112/><F112/><W80/><G80/><T103/><D129/><U68/><E68/><V58/><F107/><W44/><G115/><T89/><D103/><AGARI ba="0,0" hai="20,22,23,44,46,47,65,66,100,101,103" m="2635" machi="103" ten="40,5200,0" yaku="28,2,8,1" doraHai="106" who="3" fromWho="0" sc="279,-52,250,0,166,0,305,52" /><INIT seed="3,0,0,3,2,97" ten="227,250,166,357" oya="3" hai0="56,6,50,121,40,102,64,125,2,12,110,33,81" hai1="104,66,114,57,21,16,133,43,53,18,44,37,83" hai2="58,60,93,77,67,123,108,95,14,42,15,107,99" hai3="19,31,45,130,34,134,65,11,124,38,118,62,51"/><W103/><G51/><T109/><D33/><U5/><E114/><V98/><F123/><W87/><G62/><T117/><D121/><U63/><E133/><V23/><F108/><W135/><G19/><T75/><D117/><U78/><E5/><V54/><F107/><W46/><G11/><N who="0" m="4215" /><D2/><U32/><E32/><V72/><F42/><W96/><G46/><N who="0" m="25927" /><D125/><U116/><E104/><V91/><F77/><W13/><G45/><T89/><D75/><U85/><E116/><V80/><F80/><W120/><G38/><T10/><D10/><U106/><E106/><V115/><F72/><W3/><G34/><T61/><D89/><U111/><E111/><N who="0" m="42505" /><D81/><U30/><E30/><V36/><F36/><W17/><G3/><T4/><D4/><U27/><E18/><V88/><F115/><W52/><G120/><T76/><D76/><U39/><E37/><V22/><F67/><W20/><G118/><T105/><D105/><U68/><REACH who="1" step="1"/><E53/><REACH who="1" ten="227,240,166,357" step="2"/><V131/><F131/><W126/><G52/><T92/><D92/><U1/><E1/><V7/><F7/><W113/><G113/><T8/><D8/><U94/><E94/><V55/><F55/><W73/><G134/><T119/><D119/><U128/><E128/><V112/><F112/><W90/><G135/><T59/><D59/><AGARI ba="0,1" hai="16,21,27,39,43,44,57,59,63,66,68,78,83,85" machi="59" ten="40,2600,0" yaku="1,1,54,1,53,0" doraHai="97" doraHaiUra="132" who="1" fromWho="0" sc="227,-26,240,36,166,0,357,0" owari="201,-20.0,276,8.0,166,-33.0,357,45.0" /></mjloggm>