<mjloggm ver="2.3"><GO type="41"/><UN n0="%E3%82%A6%E3%83%AB%E3%83%88%E3%83%A9%E7%AB%8B%E7%9B%B4" n1="%79%61%72%69" n2="%E2%99%AA%E3%83%A2%E3%83%8E%E3%82%AF%E3%83%AD" n3="%54%61%63%6B" dan="15,13,17,14" rate="1973,1808,2099,1859" sx="M,M,F,M"/><TAIKYOKU oya="0"/><INIT seed="0,0,0,0,2,53" ten="250,250,250,250" oya="0" hai0="5,81,51,56,30,132,134,7,25,99,11,128,121" hai1="131,32,15,61,106,122,10,112,64,13,41,60,96" hai2="98,87,62,33,129,52,19,47,36,105,46,29,35" hai3="113,16,102,21,125,83,119,127,42,9,58,45,94"/><T78/><D121/><U74/><E122/><V63/><F87/><W4/><G113/><T6/><D128/><U12/><E74/><V126/><F129/><W79/><G119/><T100/><D11/><U34/><E41/><V1/><F1/><W67/><G102/><T89/><D89/><U59/><E131/><V120/><F120/><W115/><G115/><T117/><D117/><U93/><E106/><V3/><F3/><W39/><G94/><T50/><D99/><U95/><E95/><V114/><F114/><W68/><G68/><T26/><D100/><U14/><E112/><V111/><F111/><W40/><G42/><T84/><D26/><U66/><E32/><V124/><F19/><W69/><G69/><T38/><D38/><U0/><E34/><N who="2" m="12811" /><F29/><W48/><G39/><T22/><REACH who="0" step="1"/><D56/><REACH who="0" step="2"/><N who="1" m="36871" /><E0/><V101/><F36/><W37/><G37/><T86/><D86/><U57/><E15/><V54/><F98/><W85/><G58/><T28/><D28/><U27/><E27/><V8/><F8/><W104/><G104/><T2/><D2/><U49/><E59/><N who="2" m="35175" /><F101/><W44/><G44/><T17/><D17/><U108/><E108/><V133/><F105/><W91/><G91/><T116/><D116/><U107/><E107/><V18/><F18/><W80/><G80/><T123/><D123/><U130/><E130/><V65/><F46/><W70/><G9/><T82/><D82/><U20/><E10/><V23/><F47/><W109/><G109/><T72/><D72/><U31/><E31/><V71/><F71/><W75/><G70/><T77/><D77/><RYUUKYOKU ba="0,1" sc="240,30,250,-10,250,-10,250,-10" hai0="5,6,7,22,25,30,50,51,78,81,84,132,134" /><INIT seed="0,1,1,5,2,96" ten="270,240,240,240" oya="0" hai0="17,95,116,33,54,23,109,104,110,59,20,128,127" hai1="22,69,53,91,120,58,21,31,129,71,77,63,2" hai2="89,28,49,119,56,130,38,3,47,124,30,117,79" hai3="122,12,32,42,81,19,16,132,107,6,41,111,18"/><T118/><D104/><U13/><E120/><V7/><F124/><W97/><G32/><T73/><D73/><U46/><E2/><V1/><F130/><W82/><G132/><T115/><D33/><U26/><E129/><V61/><F38/><W86/><G122/><T27/><D128/><U67/><E77/><V100/><F79/><W135/><G135/><T48/><D115/><U87/><E46/><V39/><F39/><W125/><G125/><T52/><D127/><U88/><E91/><V102/><F89/><W80/><G111/><N who="0" m="42507" /><D95/><U44/><E44/><V11/><F1/><W15/><G86/><T40/><D40/><U68/><E13/><N who="3" m="5194" /><G107/><T37/><D37/><U133/><E133/><V101/><F28/><W24/><G97/><T121/><D121/><U105/><E105/><V84/><F30/><W92/><G6/><T98/><D98/><U78/><E78/><V66/><REACH who="2" step="1"/><F84/><REACH who="2" step="2"/><W93/><G24/><N who="0" m="14351" /><D54/><AGARI ba="1,2" hai="3,7,11,47,49,54,56,61,66,100,101,102,117,119" machi="54" ten="40,8000,1" yaku="1,1,52,3,53,0" doraHai="96" doraHaiUra="131" who="2" fromWho="0" sc="270,-83,240,0,230,103,240,0" /><INIT seed="1,0,0,4,5,37" ten="187,240,333,240" oya="1" hai0="46,47,81,106,71,112,29,107,25,57,123,42,91" hai1="134,116,101,94,44,98,90,27,84,119,88,127,30" hai2="124,122,113,49,17,103,104,67,70,89,82,80,132" hai3="79,19,129,75,102,4,32,95,125,69,36,26,120"/><U15/><E127/><V73/><F122/><W86/><G125/><T21/><D71/><U105/><E134/><V108/><F124/><W34/><G129/><T51/><D123/><U14/><E44/><V58/><F70/><W52/><G120/><T100/><D112/><U60/><E60/><V130/><F73/><W135/><G135/><T115/><D115/><U61/><E61/><V33/><F33/><W38/><G4/><T92/><D57/><U35/><REACH who="1" step="1"/><E90/><REACH who="1" step="2"/><V121/><F89/><W0/><G69/><T48/><D81/><U7/><E7/><V110/><F132/><W40/><G79/><T20/><D100/><U22/><E22/><V6/><F6/><W3/><G102/><T28/><D20/><U59/><E59/><V111/><F113/><W78/><G78/><T56/><D56/><U126/><E126/><V133/><F133/><W12/><G34/><T39/><D39/><U131/><E131/><V63/><F121/><W24/><G36/><T62/><D62/><U43/><E43/><V10/><F130/><W117/><G40/><T13/><D47/><U72/><E72/><V93/><F49/><W54/><G38/><T5/><D51/><U18/><E18/><V45/><F45/><W31/><G19/><T68/><D68/><U9/><E9/><V53/><F10/><W16/><G75/><T87/><REACH who="0" step="1"/><D29/><REACH who="0" step="2"/><U96/><E96/><N who="2" m="61543" /><F82/><W65/><G31/><T8/><AGARI ba="0,2" hai="5,8,13,21,25,28,42,46,48,87,91,92,106,107" machi="8" ten="30,7900,0" yaku="1,1,0,1,52,1,53,1" doraHai="37" doraHaiUra="2" who="0" fromWho="0" sc="177,99,230,-39,333,-20,240,-20" /><INIT seed="2,0,0,0,4,120" ten="276,191,313,220" oya="2" hai0="51,113,114,53,87,109,73,96,36,77,44,9,90" hai1="104,42,32,2,118,13,122,65,21,98,43,83,16" hai2="108,30,80,126,58,66,124,99,129,27,26,70,50" hai3="48,75,41,89,123,57,132,106,14,60,20,100,28"/><V121/><F121/><W84/><G123/><T29/><D36/><U72/><E122/><V115/><F115/><W40/><G75/><T0/><D29/><U12/><E118/><V130/><F70/><W78/><G132/><T11/><D11/><U86/><E2/><V117/><F117/><W59/><G106/><T37/><D96/><U17/><E72/><V119/><F119/><W39/><G100/><T127/><D127/><N who="2" m="48682" /><F80/><W62/><G78/><T68/><D68/><U52/><E32/><N who="2" m="20567" /><F27/><W63/><G39/><T15/><D37/><U95/><E104/><V92/><F108/><W10/><G28/><T23/><D109/><U25/><E65/><V18/><F18/><N who="3" m="10327" /><G59/><T88/><D73/><U24/><E86/><V67/><F50/><W101/><G101/><T3/><D51/><U38/><E38/><V110/><F110/><W85/><G85/><T64/><D87/><U33/><E33/><V82/><F82/><W103/><G103/><T112/><D77/><U91/><E83/><V1/><F1/><W135/><G41/><N who="1" m="15370" /><E52/><V46/><F46/><W5/><G40/><T76/><D53/><U125/><E125/><V71/><F71/><W74/><G74/><T111/><D44/><U56/><E56/><V35/><F35/><W55/><G48/><T94/><D113/><U22/><AGARI ba="0,0" hai="12,13,16,17,21,22,24,25,91,95,98" m="15370" machi="22" ten="30,2000,0" yaku="8,1,54,1" doraHai="120" who="1" fromWho="1" sc="276,-5,191,20,313,-10,220,-5" /><INIT seed="3,0,0,2,0,34" ten="271,211,303,215" oya="3" hai0="6,45,1,32,123,95,39,134,23,5,124,101,109" hai1="26,51,75,60,22,85,70,92,54,117,98,21,69" hai2="42,91,50,61,87,121,62,97,41,132,18,135,31" hai3="133,40,25,94,46,30,106,57,63,8,67,125,27"/><W38/><G125/><T130/><D95/><U36/><E75/><V24/><F97/><W115/><G133/><N who="2" m="51273" /><F18/><W35/><G115/><T72/><D101/><U29/><E117/><V96/><F96/><W89/><G27/><T99/><D45/><U7/><E36/><V3/><F3/><W73/><G73/><T105/><D23/><U52/><E85/><V12/><F12/><W118/><G118/><T84/><D84/><U66/><E70/><V58/><F121/><W11/><REACH who="3" step="1"/><G106/><REACH who="3" step="2"/><T80/><D6/><U68/><E68/><V10/><F24/><W20/><G20/><T59/><D5/><U47/><E22/><V55/><F10/><W17/><G17/><T37/><D99/><AGARI ba="0,1" hai="8,11,25,30,35,38,40,46,57,63,67,89,94,99" machi="99" ten="30,2900,0" yaku="1,1,7,1,53,0" doraHai="34" doraHaiUra="111" who="3" fromWho="0" sc="271,-29,211,0,303,0,205,39" /><INIT seed="3,1,0,0,5,106" ten="242,211,303,244" oya="3" hai0="23,123,80,3,47,81,49,13,112,20,8,40,87" hai1="127,90,53,79,12,26,56,11,110,94,133,124,121" hai2="17,113,1,5,95,78,61,58,97,73,111,135,36" hai3="65,76,46,60,22,7,92,126,128,74,67,115,52"/><W117/><G117/><T100/><D123/><U75/><E121/><V83/><F113/><W31/><G128/><T122/><D122/><U118/><E110/><V131/><F36/><W101/><G126/><N who="1" m="48170" /><E133/><V77/><F111/><W38/><G7/><T50/><D112/><U55/><E26/><V114/><F114/><W102/><G115/><T48/><D3/><U16/><E118/><V18/><F135/><W15/><G92/><T105/><D105/><U91/><E94/><V88/><F131/><W71/><G65/><T104/><D100/><U86/><E86/><V10/><REACH who="2" step="1"/><F78/><REACH who="2" step="2"/><W85/><G38/><T129/><D129/><U72/><E79/><V19/><F19/><W125/><G125/><T44/><D104/><U39/><E39/><V69/><F69/><W6/><G31/><T70/><D70/><U99/><E99/><V25/><F25/><W134/><G134/><T45/><D81/><U24/><E24/><V93/><F93/><W98/><G98/><T29/><D29/><U59/><E59/><V32/><F32/><W66/><G71/><T35/><D35/><U33/><E33/><V109/><F109/><W21/><G6/><N who="0" m="3223" /><D40/><U116/><E116/><V2/><F2/><W130/><G130/><T42/><D42/><U132/><E132/><V82/><F82/><W28/><G76/><AGARI ba="1,1" hai="20,23,44,45,47,48,49,50,76,80,87" m="3223" machi="76" ten="30,1000,0" yaku="8,1" doraHai="106" who="0" fromWho="3" sc="242,23,211,0,293,0,244,-13" /><INIT seed="4,0,0,5,4,56" ten="265,211,293,231" oya="0" hai0="96,129,19,128,99,46,31,23,72,135,112,2,124" hai1="122,51,15,29,45,6,73,119,110,93,87,9,131" hai2="68,32,54,97,21,71,104,43,25,35,57,126,89" hai3="11,115,75,74,7,118,1,130,133,55,106,0,94"/><T92/><D2/><U53/><E73/><V65/><F43/><W78/><G106/><T34/><D72/><U39/><E122/><V5/><F5/><W116/><G115/><T101/><D112/><U107/><E110/><V79/><F79/><W85/><G133/><T123/><D123/><U36/><E107/><V76/><F76/><W26/><G26/><T69/><D69/><U48/><E131/><N who="0" m="50249" /><D31/><U134/><E119/><V14/><F14/><W44/><G130/><T4/><D34/><U24/><E134/><V3/><F3/><W70/><G70/><T100/><D4/><U38/><E93/><V42/><F42/><W10/><G94/><N who="0" m="58391" /><D135/><U114/><E87/><V60/><F126/><W8/><G7/><T63/><D46/><U120/><E120/><V12/><F71/><W117/><G85/><T16/><D124/><U13/><E114/><V83/><F12/><W121/><G74/><T17/><D63/><U49/><REACH who="1" step="1"/><E15/><AGARI ba="0,0" hai="15,16,17,19,23,92,99,101" m="58391,50249" machi="15" ten="30,2900,0" yaku="19,1,54,1" doraHai="56" who="0" fromWho="1" sc="265,29,211,-29,293,0,231,0" /><INIT seed="4,1,0,1,0,49" ten="294,182,293,231" oya="0" hai0="77,31,101,75,111,37,71,117,22,11,27,17,91" hai1="103,85,67,2,127,66,44,60,110,88,106,33,104" hai2="28,107,46,3,50,90,39,113,134,81,15,36,94" hai3="124,38,62,120,99,1,53,76,57,93,18,55,87"/><T42/><D71/><U108/><E33/><V25/><F3/><W54/><G38/><T20/><D117/><U131/><E2/><V51/><F107/><W16/><G1/><T45/><D111/><U126/><E131/><V105/><F105/><N who="1" m="40553" /><E103/><V123/><F123/><W43/><G43/><T21/><D101/><U98/><E98/><V58/><F134/><W122/><G124/><N who="1" m="47658" /><E44/><V79/><F113/><W129/><G129/><T84/><D77/><U97/><E97/><V7/><F79/><W5/><G5/><T41/><D75/><U130/><E130/><V116/><F7/><W9/><G9/><T12/><REACH who="0" step="1"/><D42/><REACH who="0" step="2"/><U14/><E14/><V118/><F15/><W19/><G120/><T10/><D10/><U48/><E48/><V121/><F121/><W69/><G69/><T29/><D29/><U100/><E100/><V6/><F50/><W92/><G122/><T47/><D47/><U125/><E125/><V114/><F46/><W0/><G76/><T86/><D86/><U61/><E61/><V73/><F118/><W89/><G0/><T96/><D96/><U72/><E72/><V32/><F116/><W8/><G8/><T135/><D135/><U109/><E60/><V65/><F51/><W40/><G40/><T80/><AGARI ba="1,1" hai="11,12,17,20,21,22,27,31,37,41,45,80,84,91" machi="80" ten="20,3900,0" yaku="1,1,0,1,7,1,53,0" doraHai="49" doraHaiUra="115" who="0" fromWho="0" sc="284,52,182,-14,293,-14,231,-14" /><INIT seed="4,2,0,2,0,51" ten="336,168,279,217" oya="0" hai0="78,103,31,39,80,21,6,13,123,71,35,94,112" hai1="67,66,2,86,101,45,54,11,28,134,72,117,102" hai2="48,55,107,79,75,133,40,76,97,38,46,33,73" hai3="30,50,113,108,130,104,65,109,49,17,98,105,128"/><T126/><D123/><U15/><E72/><V18/><F33/><W124/><G65/><T88/><D71/><U129/><E2/><V81/><F133/><W12/><G30/><T36/><D103/><U74/><E134/><V132/><F132/><W110/><G98/><T53/><D35/><U43/><E74/><V95/><F107/><N who="3" m="41035" /><G12/><T64/><D64/><N who="1" m="24619" /><E28/><V19/><F79/><W90/><G113/><T60/><D126/><U69/><E69/><V0/><F75/><W83/><G124/><T111/><D111/><U84/><E129/><N who="3" m="49770" /><G17/><T99/><D112/><U127/><E127/><V52/><F0/><W59/><G83/><T125/><D125/><U77/><E117/><V68/><F68/><W56/><G90/><T106/><D106/><U63/><E43/><V116/><F116/><W122/><G122/><T41/><D41/><U82/><E86/><V27/><F38/><W93/><G93/><T62/><D39/><U96/><E96/><V120/><F120/><W10/><G10/><N who="0" m="4311" /><D36/><U22/><E22/><V26/><F18/><W119/><G119/><T57/><D62/><U37/><E37/><V118/><F118/><W61/><G61/><T7/><D7/><N who="1" m="3583" /><E45/><V47/><F46/><W58/><AGARI ba="2,0" hai="49,50,56,58,59,108,109,110" m="49770,41035" machi="58" ten="50,6400,0" yaku="28,2,19,1" doraHai="51" who="3" fromWho="3" sc="336,-34,168,-18,279,-18,217,70" /><INIT seed="5,0,0,1,0,104" ten="302,150,261,287" oya="1" hai0="75,133,114,59,26,34,93,110,90,127,57,77,18" hai1="44,31,40,13,84,89,87,96,95,126,28,50,58" hai2="51,43,105,64,41,119,9,30,35,56,121,108,73" hai3="103,68,72,3,66,46,70,47,71,97,131,129,38"/><U91/><E126/><V16/><F108/><W85/><G85/><T100/><D100/><U45/><E58/><V29/><F119/><W134/><G3/><T113/><D110/><U116/><E116/><V39/><F39/><W101/><G134/><T4/><D4/><U37/><E96/><V115/><F105/><W5/><G5/><T11/><D133/><U1/><E1/><V78/><F121/><W107/><G47/><T123/><D123/><U21/><E37/><V20/><F9/><W33/><G103/><T14/><D127/><U67/><E67/><V130/><F35/><W32/><G66/><T106/><D106/><U80/><E45/><V98/><F130/><W25/><G25/><T94/><D59/><U17/><AGARI ba="0,0" hai="13,17,21,28,31,40,44,50,80,84,87,89,91,95" machi="17" ten="30,3000,0" yaku="0,1,8,1" doraHai="104" who="1" fromWho="1" sc="302,-10,150,30,261,-10,287,-10" /><INIT seed="5,1,0,2,5,56" ten="292,180,251,277" oya="1" hai0="50,25,32,102,101,103,111,126,99,27,105,84,54" hai1="112,67,26,109,128,121,40,118,130,135,42,113,88" hai2="69,98,127,87,133,65,23,63,78,34,83,96,72" hai3="100,24,43,134,48,46,57,64,22,7,33,47,17"/><U29/><E121/><V110/><F34/><W14/><G134/><T0/><D111/><U75/><E135/><V77/><F133/><W10/><G46/><T3/><D126/><U132/><E132/><V82/><F110/><W12/><G33/><T71/><D71/><U61/><E75/><V18/><REACH who="2" step="1"/><F127/><REACH who="2" step="2"/><W104/><G104/><T73/><D32/><N who="1" m="20535" /><E109/><V39/><F39/><W19/><G100/><T122/><D122/><U95/><E118/><V31/><F31/><N who="3" m="17815" /><G12/><AGARI ba="1,1" hai="12,18,23,63,65,69,72,77,78,82,83,87,96,98" machi="12" ten="30,3900,0" yaku="1,1,7,1,52,1,53,0" doraHai="56" doraHaiUra="89" who="2" fromWho="3" sc="292,0,180,0,241,52,277,-42" /><INIT seed="6,0,0,0,0,49" ten="292,180,293,235" oya="2" hai0="11,91,104,63,57,30,22,85,73,56,132,12,127" hai1="65,46,81,13,98,17,4,54,3,18,45,67,130" hai2="55,29,111,114,96,35,77,125,26,52,43,97,21" hai3="79,58,99,20,68,80,2,89,1,103,72,25,36"/><V24/><F114/><W32/><G36/><T92/><D73/><U76/><E130/><V37/><F77/><W113/><G113/><T126/><D104/><U115/><E115/><V131/><F131/><W27/><G68/><T51/><D132/><U112/><E112/><V120/><F120/><W134/><G134/><T105/><D105/><U66/><E3/><V88/><F125/><W122/><G122/><T44/><D22/><U60/><E98/><V95/><F111/><W59/><G32/><T75/><D30/><U83/><E4/><V69/><F69/><W82/><G27/><T84/><D84/><N who="1" m="48167" /><E83/><V34/><F97/><W108/><G108/><T128/><D75/><U14/><E60/><V48/><F37/><W5/><G80/><T62/><D128/><U116/><E116/><V117/><F117/><W129/><G89/><T41/><D62/><U135/><E135/><V109/><F109/><W15/><G2/><T7/><REACH who="0" step="1"/><D56/><REACH who="0" step="2"/><U74/><E74/><V50/><F43/><W39/><G59/><T40/><D40/><U64/><E64/><AGARI ba="0,1" hai="7,11,12,41,44,51,57,63,64,85,91,92,126,127" machi="64" ten="40,2600,0" yaku="1,1,53,1" doraHai="49" doraHaiUra="61" who="0" fromWho="1" sc="282,36,180,-26,293,0,235,0" /><INIT seed="7,0,0,4,2,73" ten="318,154,293,235" oya="3" hai0="49,41,69,18,68,1,99,42,2,135,6,74,92" hai1="106,66,58,44,120,33,134,87,77,124,80,116,122" hai2="31,48,128,102,53,112,97,64,101,75,129,103,108" hai3="11,29,32,93,104,59,55,79,43,98,17,23,85"/><W35/><G104/><T30/><D74/><U83/><E33/><V56/><F108/><W5/><G43/><T0/><D6/><U46/><E106/><V47/><F112/><W38/><G38/><T78/><D78/><N who="1" m="46487" /><E66/><V67/><F31/><W22/><G29/><T52/><D30/><U119/><E58/><V100/><F75/><W19/><G35/><T86/><D86/><N who="1" m="48495" /><E124/><V88/><N who="2" m="26112" /><DORA hai="84" /><V114/><F114/><W95/><G32/><T61/><D18/><N who="3" m="6665" /><G11/><T15/><D15/><U24/><E24/><V113/><F113/><W71/><G71/><T9/><D9/><U72/><E46/><V51/><F129/><W117/><G117/><N who="1" m="45130" /><E44/><V4/><F128/><W91/><G5/><T54/><D68/><U12/><E12/><V40/><F4/><W7/><G7/><T89/><D69/><U111/><E72/><V132/><F132/><W34/><G34/><T94/><D135/><U125/><E125/><V21/><F21/><W126/><G126/><T81/><D1/><U14/><E14/><V123/><F123/><N who="1" m="47145" /><E134/><V130/><F130/><W76/><G22/><T121/><D121/><U16/><E16/><V131/><F131/><W115/><G23/><T20/><D20/><U107/><E107/><V57/><F57/><W45/><G45/><N who="0" m="27695" /><D2/><U118/><N who="1" m="45138" /><U105/><DORA hai="37" /><E105/><V127/><F127/><W63/><G115/><T62/><D0/><U39/><E39/><V70/><F70/><W3/><G3/><T13/><D13/><U109/><AGARI ba="0,0" hai="109,111" m="47145,45138,48495,46487" machi="109" ten="50,8000,1" yaku="12,1,34,2,52,2" doraHai="73,84,37" who="1" fromWho="1" sc="318,-20,154,80,293,-20,235,-40" /><INIT seed="8,0,0,4,5,110" ten="298,234,273,195" oya="0" hai0="132,118,109,70,15,56,104,123,97,10,126,11,46" hai1="61,106,45,88,95,101,48,25,89,16,18,6,36" hai2="79,4,42,57,67,30,85,13,38,62,102,28,7" hai3="74,2,122,128,33,125,96,76,49,5,50,3,34"/><T14/><D70/><U82/><E36/><V78/><F102/><W53/><G128/><T54/><D118/><U94/><E6/><N who="2" m="2091" /><F38/><W116/><G116/><T37/><D123/><U26/><E82/><N who="2" m="47319" /><F42/><W75/><G122/><T99/><D126/><U108/><E101/><V39/><F39/><W127/><G5/><T93/><D132/><U131/><E106/><V83/><F13/><N who="0" m="4618" /><D104/><U19/><E108/><V111/><F111/><W115/><G76/><T60/><D109/><U12/><E131/><V1/><F1/><W20/><G20/><T81/><D37/><U22/><E61/><V64/><F64/><W29/><G96/><N who="0" m="36939" /><D81/><U92/><E12/><V68/><F68/><W113/><G53/><N who="0" m="33807" /><D93/><U63/><E63/><V84/><AGARI ba="0,0" hai="28,30,57,62,67,79,83,84" m="47319,2091" machi="84" ten="30,1100,0" yaku="8,1" doraHai="110" who="2" fromWho="2" sc="298,-5,234,-3,273,11,195,-3" /><INIT seed="9,0,0,3,4,30" ten="293,231,284,192" oya="1" hai0="50,92,67,47,70,52,24,81,40,18,10,41,20" hai1="39,29,97,54,7,83,35,49,94,0,114,128,33" hai2="22,124,127,53,100,103,86,16,4,66,26,135,13" hai3="87,19,73,71,31,112,80,11,8,75,48,132,72"/><U15/><E0/><V6/><F135/><W104/><G112/><T90/><D81/><U5/><E39/><V113/><F113/><W116/><G71/><T122/><D122/><U134/><E114/><V43/><F66/><W121/><G121/><T32/><D32/><U123/><E123/><V109/><F109/><W2/><G104/><T55/><D70/><U68/><E68/><V93/><F43/><N who="0" m="16458" /><D67/><U74/><E128/><V59/><F86/><W28/><G132/><T12/><D50/><U65/><E65/><V133/><F133/><W36/><G36/><T82/><D47/><U38/><E38/><V51/><F4/><W101/><G101/><T111/><D82/><U78/><E134/><V25/><F25/><W27/><G48/><T106/><D106/><U45/><E29/><V57/><F57/><W91/><G31/><N who="0" m="17799" /><D111/><U42/><E42/><V79/><F79/><W126/><G2/><T58/><D58/><U62/><E62/><V120/><F120/><W60/><G60/><T61/><D61/><U110/><E110/><V129/><F129/><W63/><G63/><T118/><D118/><U1/><E1/><V117/><F117/><W115/><G115/><T56/><D56/><U17/><E94/><V108/><F108/><W14/><G116/><T107/><D107/><U46/><E46/><V98/><REACH who="2" step="1"/><F103/><REACH who="2" step="2"/><W34/><REACH who="3" step="1"/><G126/><REACH who="3" step="2"/><T9/><D55/><U99/><E99/><V102/><F102/><W21/><AGARI ba="0,2" hai="8,11,14,19,21,27,28,34,72,73,75,80,87,91" machi="21" ten="30,7900,0" yaku="1,1,2,1,0,1,52,1,53,0" doraHai="30" doraHaiUra="119" who="3" fromWho="3" sc="293,-20,231,-39,274,-20,182,99" /><INIT seed="10,0,0,0,2,128" ten="273,192,254,281" oya="2" hai0="104,28,6,59,68,96,95,46,10,82,133,20,92" hai1="93,21,18,29,60,25,47,16,75,52,126,112,43" hai2="74,34,89,80,91,12,123,17,42,107,131,22,53" hai3="110,77,102,109,101,121,115,85,135,69,39,130,26"/><V23/><F34/><W3/><G77/><T44/><D68/><U36/><E75/><V134/><F123/><W120/><G26/><N who="0" m="16455" /><D104/><U127/><E112/><V63/><F107/><W86/><G69/><T45/><D82/><U117/><E117/><V1/><F1/><W83/><G3/><T56/><D95/><U122/><E122/><N who="3" m="47210" /><G39/><T24/><D24/><U99/><E127/><V129/><F42/><W19/><G19/><T11/><D133/><U76/><E76/><N who="2" m="44055" /><F23/><W98/><G135/><T31/><D31/><U119/><E119/><V37/><F37/><W55/><G55/><T15/><D10/><U88/><REACH who="1" step="1"/><E126/><REACH who="1" step="2"/><V106/><F134/><W0/><G115/><T111/><D111/><U33/><E33/><V79/><F79/><W81/><G110/><T105/><D105/><U100/><E100/><AGARI ba="0,1" hai="6,11,15,44,45,46,56,59,92,96,100" m="16455" machi="100" ten="30,1000,0" yaku="8,1" doraHai="128" who="0" fromWho="1" sc="273,20,182,-10,254,0,281,0" /><INIT seed="11,0,0,3,4,90" ten="293,172,254,281" oya="3" hai0="93,32,20,131,117,116,77,108,68,88,3,8,106" hai1="80,61,114,54,69,4,21,121,45,62,44,50,123" hai2="30,76,29,101,81,1,87,39,33,66,0,52,24" hai3="28,70,53,7,65,115,100,92,12,97,133,109,63"/><W104/><G115/><T79/><D106/><U11/><E80/><V94/><F39/><W13/><G133/><T46/><D32/><U103/><E103/><V19/><F66/><W67/><G109/><T126/><D108/><U85/><E85/><V55/><F30/><W112/><G112/><T124/><D68/><U60/><E21/><V47/><F19/><W2/><G28/><T134/><D134/><U27/><E27/><V129/><F129/><W82/><G82/><T73/><D131/><U17/><E17/><V125/><F125/><N who="0" m="48234" /><D46/><U18/><E18/><V72/><F47/><N who="1" m="17993" /><E11/><V34/><F34/><W130/><G130/><T78/><D20/><U57/><E4/><V42/><F42/><W127/><G127/><T14/><D3/><U95/><E95/><V38/><F38/><W51/><G67/><T99/><D73/><U132/><E114/><V83/><F1/><W86/><G2/><T25/><D25/><U31/><E31/><V26/><F24/><W35/><G35/><T56/><D56/><U135/><E69/><V22/><F0/><W5/><G5/><AGARI ba="0,0" hai="5,8,14,77,78,79,88,93,99,116,117" m="48234" machi="5" ten="30,3900,0" yaku="18,1,52,1,54,1" doraHai="90" who="0" fromWho="3" sc="293,39,172,0,254,0,281,-39" owari="332,44,172,-33,254,5,242,-16" /></mjloggm>