<mjloggm ver="2.3"><GO type="97"/><UN n0="%E3%81%A7%E3%82%93%E3%81%A7%E3%82%93%E2%99%AA" n1="%EF%BD%8F%EF%BD%8B%EF%BD%81%EF%BD%94" n2="%EF%BC%88%E2%89%A7%E2%96%BD%E2%89%A6%EF%BC%89" n3="%62%65%73%70%6F%6B%65" dan="13,14,17,13" rate="1873,1836,2109,1828" sx="M,M,M,M"/><TAIKYOKU oya="0"/><INIT seed="0,0,0,1,4,128" ten="250,250,250,250" oya="0" hai0="18,54,76,28,129,119,48,79,74,29,43,63,101" hai1="131,135,66,130,61,114,127,98,38,65,16,23,75" hai2="83,49,41,115,42,96,36,99,44,109,6,0,69" hai3="92,102,31,56,112,47,59,10,87,107,4,117,111"/><T82/><D119/><U86/><E75/><V20/><F69/><W70/><G112/><T95/><D129/><N who="1" m="49163" /><E38/><V108/><F115/><W68/><G117/><T73/><D43/><U100/><E114/><V7/><F20/><W60/><G111/><N who="2" m="42569" /><F83/><W89/><G31/><T52/><D18/><U78/><E127/><V103/><F0/><W2/><G47/><T34/><D63/><U94/><E86/><V120/><F120/><W21/><G21/><T25/><D28/><U134/><E78/><V27/><F27/><W90/><G59/><T12/><D12/><N who="1" m="9607" /><E66/><V133/><F99/><W14/><G2/><T105/><D105/><U51/><E51/><V40/><F36/><W72/><G72/><T88/><D101/><U17/><E17/><V80/><F80/><W71/><G90/><T97/><D48/><U22/><E22/><V85/><F85/><W26/><G26/><T124/><D124/><U67/><E67/><V91/><F91/><W45/><G45/><T93/><D95/><U8/><E8/><V30/><F30/><W13/><G13/><T35/><D35/><U62/><E62/><V32/><F32/><W64/><G107/><T55/><D55/><U126/><E126/><V121/><F121/><W81/><G102/><T15/><D15/><U125/><E125/><V3/><F3/><W113/><G113/><T53/><D53/><U24/><E24/><V106/><F49/><W37/><G37/><T11/><D11/><U77/><E77/><V84/><F44/><W33/><G33/><T46/><D46/><U123/><E123/><V104/><F104/><RYUUKYOKU ba="0,0" sc="250,10,250,10,250,-30,250,10" hai0="25,29,34,52,54,73,74,76,79,82,88,93,97" hai1="61,65,94,98,100,134,135" hai3="4,10,14,56,60,64,68,70,71,81,87,89,92" /><INIT seed="0,1,0,0,2,29" ten="260,260,220,260" oya="0" hai0="103,44,115,53,109,129,52,0,93,26,42,49,84" hai1="32,19,30,124,61,38,59,131,133,126,66,60,10" hai2="118,56,43,23,17,28,78,34,72,108,91,65,48" hai3="46,101,12,77,3,81,24,90,45,106,116,100,63"/><T127/><D115/><U117/><E38/><V57/><F118/><W87/><G116/><T4/><D127/><N who="1" m="48683" /><E117/><V18/><F108/><W55/><G3/><T122/><D122/><U119/><E119/><V99/><F72/><W98/><G24/><T9/><D129/><U25/><E131/><V69/><F69/><W88/><G101/><T68/><D68/><N who="1" m="42055" /><E19/><V15/><F78/><W82/><G12/><T135/><D135/><U6/><E133/><V70/><F70/><W40/><G46/><T105/><D105/><U80/><E80/><V123/><F123/><W13/><G13/><T107/><D109/><U47/><E47/><N who="2" m="25727" /><F28/><W54/><G63/><T7/><D107/><U110/><E110/><V96/><F65/><W97/><G97/><N who="2" m="37449" /><F34/><W79/><G79/><T5/><D103/><U102/><E102/><V50/><F91/><W92/><G90/><N who="0" m="53447" /><D0/><N who="1" m="327" /><E61/><V125/><F125/><W14/><G14/><N who="0" m="5415" /><D26/><U51/><E51/><V27/><F50/><W20/><G20/><AGARI ba="1,0" hai="15,17,18,20,23,27,56,57" m="37449,25727" machi="20" ten="30,1000,0" yaku="8,1" doraHai="29" who="2" fromWho="3" sc="260,0,260,0,220,13,260,-13" /><INIT seed="1,0,0,5,1,69" ten="260,260,233,247" oya="1" hai0="102,76,48,35,17,8,20,125,108,117,82,50,131" hai1="126,33,87,70,58,54,74,22,84,59,60,130,107" hai2="12,121,62,113,14,18,103,93,79,65,38,16,61" hai3="97,77,99,73,63,75,83,24,25,0,100,34,3"/><U96/><E74/><V119/><F121/><W23/><G63/><N who="2" m="24073" /><F38/><W29/><G75/><T15/><D117/><U90/><E33/><V11/><F119/><W135/><G135/><T46/><D35/><U101/><E126/><V111/><F111/><W51/><G51/><T56/><D108/><U124/><E124/><V28/><F113/><W122/><G122/><T118/><D118/><U41/><E130/><V104/><F104/><W37/><G37/><T114/><D114/><U110/><E110/><V92/><F65/><W95/><REACH who="3" step="1"/><G97/><REACH who="3" ten="260,260,233,237" step="2"/><T45/><D125/><U49/><E70/><V123/><F123/><W21/><G21/><T88/><D131/><U66/><E22/><N who="2" m="11543" /><F103/><W43/><G43/><T94/><D102/><U32/><E32/><V127/><F127/><W112/><G112/><T91/><D20/><U85/><REACH who="1" step="1"/><E41/><REACH who="1" ten="260,250,233,237" step="2"/><V106/><F28/><AGARI ba="0,2" hai="0,3,23,24,25,28,29,34,73,77,83,95,99,100" machi="28" ten="30,2000,0" yaku="1,1,7,1,53,0" doraHai="69" doraHaiUra="2" who="3" fromWho="2" sc="260,0,250,0,233,-20,237,40" /><INIT seed="2,0,0,0,1,89" ten="260,250,213,277" oya="2" hai0="24,134,42,60,84,101,38,8,99,86,30,28,70" hai1="9,2,15,27,95,85,117,41,65,40,4,120,55" hai2="75,14,34,114,103,67,123,23,56,79,113,47,72" hai3="5,49,6,71,66,26,1,133,68,125,69,111,7"/><V36/><F34/><W16/><G111/><T61/><D134/><U81/><E120/><V93/><F123/><W118/><G118/><T29/><D8/><U100/><E117/><V116/><F116/><W119/><G119/><T130/><D130/><U37/><E37/><V18/><F36/><W98/><G133/><T107/><D60/><U110/><E110/><V90/><F103/><W45/><G125/><T97/><D97/><U92/><E2/><V22/><F47/><W115/><G115/><T129/><D129/><U43/><E65/><V109/><F109/><W33/><G33/><T25/><D86/><U94/><E27/><V53/><F67/><W46/><G98/><T64/><D84/><U48/><E100/><V3/><F3/><W50/><G66/><T88/><D88/><N who="1" m="51247" /><E55/><V131/><F131/><W127/><G127/><T124/><D124/><U82/><E82/><N who="2" m="45415" /><F75/><W87/><G87/><T105/><D105/><U78/><E78/><V128/><F128/><W19/><G26/><T52/><D52/><U63/><E63/><N who="2" m="36239" /><F114/><W20/><G20/><T21/><D21/><U54/><E54/><V31/><F113/><W51/><G1/><T58/><D58/><U83/><E83/><V104/><F104/><W73/><G73/><T102/><D102/><U12/><E12/><V74/><F74/><W32/><G32/><T135/><D135/><U10/><E10/><N who="2" m="6487" /><F31/><W13/><G13/><T0/><D0/><U76/><E76/><V17/><F17/><AGARI ba="0,0" hai="5,6,7,16,17,19,45,46,49,50,51,68,69,71" machi="17" ten="50,8000,1" yaku="29,2,28,2,54,1" doraHai="89" who="3" fromWho="2" sc="260,0,250,0,213,-80,277,80" /><INIT seed="3,0,0,4,2,68" ten="260,250,133,357" oya="3" hai0="100,46,123,98,0,133,17,50,76,9,129,54,27" hai1="74,135,125,24,120,124,108,8,87,90,80,7,36" hai2="49,88,23,92,117,40,10,96,47,126,4,71,2" hai3="62,101,106,41,63,109,122,15,93,94,43,25,13"/><W95/><G122/><T113/><D123/><U60/><E36/><V61/><F117/><W75/><G75/><T105/><D129/><U81/><E60/><N who="3" m="23082" /><G106/><T127/><D76/><N who="1" m="44055" /><E24/><V121/><F121/><W42/><G109/><T20/><D133/><U58/><E58/><V30/><F126/><N who="1" m="48745" /><E8/><V3/><F3/><W53/><G25/><T32/><D127/><U91/><E7/><V107/><F107/><W111/><G111/><T128/><D128/><U21/><E21/><V118/><F118/><W85/><G53/><T22/><D32/><U119/><E108/><V55/><F71/><W70/><G70/><T66/><D66/><U97/><E119/><V26/><F61/><W18/><G18/><T34/><D34/><U14/><E14/><N who="3" m="5130" /><G85/><T11/><D113/><U45/><E45/><V103/><REACH who="2" step="1"/><F55/><REACH who="2" ten="260,250,123,357" step="2"/><W48/><G101/><AGARI ba="0,1" hai="2,4,10,23,26,30,40,47,49,88,92,96,101,103" machi="101" ten="40,5200,0" yaku="1,1,2,1,54,1,53,0" doraHai="68" doraHaiUra="67" who="2" fromWho="3" sc="260,0,250,0,123,62,357,-52" owari="260,6.0,250,-15.0,185,-31.0,305,40.0" /></mjloggm>