<mjloggm ver="2.3"><GO type="97"/><UN n0="%45%53%46%E9%BE%8D%E6%B5%B7" n1="%E6%AE%B2%E6%BB%85%E5%A4%A9%E4%BD%BF" n2="%EF%BC%88%E2%89%A7%E2%96%BD%E2%89%A6%EF%BC%89" n3="%67%61%72%75%63%69%61" dan="14,14,15,14" rate="1930,2000,1968,1946" sx="F,F,M,M"/><TAIKYOKU oya="0"/><INIT seed="0,0,0,4,2,89" ten="250,250,250,250" oya="0" hai0="124,91,64,28,57,12,22,32,14,63,2,60,112" hai1="97,54,59,34,88,118,7,115,18,105,107,49,84" hai2="90,133,9,43,53,72,20,101,77,130,123,1,36" hai3="74,23,33,100,98,117,78,116,58,50,55,45,38"/><T93/><D93/><BYE who="0" /><U82/><E118/><V21/><F123/><W76/><G33/><T8/><D8/><U104/><E34/><V5/><F133/><W37/><G74/><T71/><D71/><U113/><E7/><UN n0="%45%53%46%E9%BE%8D%E6%B5%B7" /><V129/><F101/><W3/><G3/><T39/><D2/><U44/><E18/><V128/><F53/><W4/><G4/><T134/><D134/><U25/><E25/><V26/><F90/><W75/><G38/><T125/><D39/><U110/><E110/><V66/><F66/><W92/><G75/><T61/><D91/><U15/><E15/><N who="0" m="5673" /><D32/><U119/><E119/><V24/><F21/><W6/><G6/><T51/><D112/><N who="1" m="43083" /><E59/><V127/><F20/><W120/><G120/><T122/><D122/><U13/><E13/><V132/><F132/><W102/><G117/><T131/><D131/><U46/><E46/><N who="2" m="23911" /><F127/><N who="0" m="48714" /><D51/><U31/><E31/><V95/><F95/><W70/><G116/><T109/><D109/><U30/><E30/><V114/><F114/><W10/><G70/><T99/><D99/><AGARI ba="0,0" hai="44,49,54,82,84,88,97,99,104,105,107" m="43083" machi="99" ten="40,2600,0" yaku="11,1,54,1" doraHai="89" who="1" fromWho="0" sc="250,-26,250,26,250,0,250,0" /><INIT seed="1,0,0,0,5,115" ten="224,276,250,250" oya="1" hai0="96,105,52,0,112,116,64,8,89,66,91,78,80" hai1="3,119,51,73,27,88,46,61,84,82,50,28,40" hai2="131,130,4,22,43,10,57,24,38,21,30,122,113" hai3="86,41,127,128,16,34,101,94,17,63,107,102,124"/><U26/><E3/><N who="2" m="287" /><F57/><W90/><G34/><T20/><D112/><U5/><E5/><V125/><F113/><W1/><G1/><T6/><D116/><U117/><E73/><V118/><F43/><W65/><G41/><T110/><D110/><U39/><E27/><N who="2" m="16751" /><F38/><W106/><G128/><N who="2" m="49193" /><F122/><W9/><G9/><T60/><D20/><U37/><E61/><V99/><F99/><W120/><G120/><T25/><D25/><U104/><E104/><N who="3" m="39978" /><G102/><T58/><D105/><U23/><REACH who="1" step="1"/><E39/><REACH who="1" ten="224,266,250,250" step="2"/><V121/><F121/><W76/><G101/><T111/><D111/><U135/><E135/><V55/><F118/><AGARI ba="0,1" hai="23,26,28,37,40,46,50,51,82,84,88,117,118,119" machi="118" ten="40,12000,1" yaku="1,1,52,3,54,1,53,0" doraHai="115" doraHaiUra="123" who="1" fromWho="2" sc="224,0,266,130,250,-120,250,0" /><INIT seed="1,1,0,5,1,47" ten="224,396,130,250" oya="1" hai0="96,9,37,66,29,78,50,85,99,102,55,92,115" hai1="27,5,53,8,49,36,86,83,58,74,133,31,108" hai2="21,61,111,135,90,76,39,33,116,131,40,67,118" hai3="34,54,87,77,4,104,10,1,124,126,70,62,18"/><U45/><E74/><V130/><F33/><W88/><G104/><T71/><D37/><U134/><E108/><V17/><F76/><W26/><G77/><T52/><D115/><U91/><E36/><V14/><F111/><W132/><G132/><T100/><D29/><U7/><E45/><V35/><F135/><N who="1" m="51721" /><E8/><V11/><F35/><AGARI ba="1,0" hai="5,7,27,31,35,49,53,58,83,86,91" m="51721" machi="35" ten="30,2900,0" yaku="20,1,52,1" doraHai="47" who="1" fromWho="2" sc="224,0,396,32,130,-32,250,0" /><INIT seed="1,2,0,5,4,45" ten="224,428,98,250" oya="1" hai0="88,104,43,25,110,122,2,34,109,37,92,113,60" hai1="108,132,134,82,93,76,131,71,30,69,74,66,3" hai2="70,26,114,106,19,15,119,68,80,32,83,107,55" hai3="10,112,49,39,46,8,64,85,116,40,72,31,125"/><U1/><E93/><V4/><F119/><W111/><G72/><T35/><D104/><U102/><E102/><V14/><F114/><W6/><G112/><T36/><D113/><U127/><E30/><V58/><F107/><W103/><G116/><T33/><D2/><N who="1" m="523" /><E127/><V52/><F106/><W24/><G125/><T27/><D122/><U0/><E0/><V9/><F70/><N who="1" m="26633" /><E66/><V47/><F68/><W23/><G111/><N who="0" m="42507" /><D60/><U98/><E98/><V81/><F47/><W7/><G103/><T97/><D43/><U5/><E5/><N who="3" m="1546" /><G39/><AGARI ba="2,0" hai="25,27,33,34,35,36,37,39,88,92,97" m="42507" machi="39" ten="40,2600,0" yaku="14,1,54,1" doraHai="45" who="0" fromWho="3" sc="224,32,428,0,98,0,250,-32" /><INIT seed="2,0,0,2,2,81" ten="256,428,98,218" oya="2" hai0="44,5,80,100,32,133,73,50,114,76,105,87,1" hai1="21,83,58,89,92,107,134,97,69,84,46,118,128" hai2="49,12,132,40,59,52,78,102,19,61,37,125,17" hai3="75,74,2,113,20,33,93,79,31,129,103,70,11"/><V38/><F132/><W130/><G70/><T108/><D133/><U94/><E69/><V67/><F125/><W122/><G33/><T41/><D114/><U23/><E118/><V112/><F112/><W26/><G113/><T48/><D32/><U91/><E128/><N who="3" m="49258" /><G122/><T104/><D108/><U62/><E107/><V43/><F102/><W110/><G79/><T77/><D77/><N who="1" m="46191" /><E46/><V45/><F78/><W35/><G110/><T116/><D116/><U10/><E10/><V0/><F0/><W66/><G66/><T15/><D1/><U119/><E134/><V9/><REACH who="2" step="1"/><F19/><REACH who="2" ten="256,428,88,218" step="2"/><W3/><G75/><T7/><D100/><U55/><E119/><V65/><F65/><W117/><G74/><T96/><D73/><U22/><E91/><V111/><F111/><W54/><G117/><T123/><D123/><U24/><E89/><V36/><AGARI ba="0,1" hai="9,12,17,36,37,38,40,43,45,49,52,59,61,67" machi="36" ten="30,6000,0" yaku="1,1,0,1,54,1,53,0" doraHai="81" doraHaiUra="106" who="2" fromWho="2" sc="256,-20,428,-20,88,70,218,-20" /><INIT seed="2,1,0,2,2,83" ten="236,408,158,198" oya="2" hai0="57,107,66,47,92,14,124,68,117,3,64,70,42" hai1="97,20,67,69,89,37,58,82,29,0,96,72,61" hai2="60,6,7,16,74,122,50,51,102,54,28,133,71" hai3="65,73,113,35,99,79,103,55,75,112,15,109,8"/><V115/><F122/><W101/><G35/><T78/><D107/><U104/><E0/><V59/><F115/><N who="3" m="44107" /><G65/><T81/><D3/><U32/><E37/><V90/><F74/><N who="3" m="28171" /><G55/><T95/><D117/><U45/><E45/><V91/><F133/><W53/><G79/><T106/><D106/><U111/><E111/><V108/><F108/><W87/><G109/><T10/><D124/><U43/><E43/><V36/><F36/><W21/><G21/><T25/><D25/><U131/><E89/><N who="2" m="33803" /><F71/><W120/><G120/><T33/><D33/><U125/><E131/><V93/><F28/><W118/><G118/><T11/><D70/><U84/><E82/><V98/><F16/><N who="3" m="8295" /><G99/><T135/><D11/><U85/><E104/><V30/><F30/><W1/><G1/><T52/><D68/><U2/><E61/><V46/><F51/><W88/><G53/><AGARI ba="1,0" hai="6,7,46,50,53,54,59,60,93,98,102" m="33803" machi="53" ten="30,1500,0" yaku="8,1" doraHai="83" who="2" fromWho="3" sc="236,0,408,0,158,18,198,-18" /><INIT seed="2,2,0,3,0,64" ten="236,408,176,180" oya="2" hai0="87,130,94,5,127,106,114,20,45,33,40,132,129" hai1="104,128,18,111,92,91,11,4,62,30,47,77,84" hai2="14,34,115,95,12,89,67,21,98,51,124,117,119" hai3="74,110,28,32,120,59,70,23,80,113,42,7,85"/><V100/><F34/><W101/><G32/><T125/><D33/><U58/><E104/><V50/><F115/><W107/><G74/><T6/><D106/><U121/><E30/><V126/><F67/><W25/><G120/><T81/><D94/><U99/><E121/><V65/><F65/><W13/><G113/><T122/><D20/><U60/><E111/><V39/><F39/><W108/><G70/><T35/><D35/><U86/><E47/><V52/><F100/><W83/><G42/><T16/><D16/><U17/><E128/><N who="0" m="49257" /><D122/><U2/><E62/><V27/><F50/><W103/><G107/><T116/><D116/><U31/><E31/><N who="2" m="17903" /><F117/><W78/><G83/><T57/><D57/><U102/><E77/><V29/><F29/><W76/><G76/><N who="0" m="46503" /><D114/><U54/><E102/><V112/><F112/><W41/><G59/><T61/><D61/><U19/><AGARI ba="2,0" hai="2,4,11,17,18,19,54,58,60,84,86,91,92,99" machi="19" ten="30,1100,0" yaku="0,1" doraHai="64" who="1" fromWho="1" sc="236,-5,408,17,176,-7,180,-5" /><INIT seed="3,0,0,3,2,20" ten="231,425,169,175" oya="3" hai0="9,50,93,87,12,70,16,8,61,25,91,69,95" hai1="129,15,127,111,124,97,119,59,118,107,67,105,14" hai2="132,42,60,92,128,35,74,10,103,114,33,102,34" hai3="19,94,45,77,79,22,55,80,72,37,11,113,83"/><W28/><G113/><T18/><D70/><U52/><E67/><V26/><F114/><W62/><G28/><T98/><D69/><U68/><E68/><V17/><F74/><W86/><G11/><T78/><D61/><N who="1" m="36071" /><E111/><V46/><F132/><W133/><G133/><T125/><D125/><N who="1" m="48203" /><E129/><V64/><F128/><W110/><G110/><T40/><D78/><U99/><E97/><V1/><F92/><W38/><G94/><T3/><D3/><U81/><E81/><V2/><F2/><W82/><G82/><T116/><D116/><U53/><E53/><V122/><F1/><W88/><G77/><T13/><D25/><U106/><E99/><V117/><F117/><AGARI ba="0,0" hai="14,15,105,106,107,117,118,119" m="48203,36071" machi="117" ten="40,5200,0" yaku="12,1,18,1,54,1" doraHai="20" who="1" fromWho="2" sc="231,0,425,52,169,-52,175,0" owari="231,3.0,477,57.0,117,-38.0,175,-22.0" /></mjloggm>