<mjloggm ver="2.3"><GO type="169"/><UN n0="%E5%94%90%E6%8F%9A%E5%A4%A7%E5%A5%BD%E3%81%8D" n1="%74%6F%72%69%30%36%31%32" n2="%E3%82%AF%E3%83%A9" n3="%EF%BC%88%E2%89%A7%E2%96%BD%E2%89%A6%EF%BC%89" dan="16,17,16,18" rate="2135,2123,2084,2247" sx="M,M,M,M"/><TAIKYOKU oya="0"/><INIT seed="0,0,0,1,5,15" ten="250,250,250,250" oya="0" hai0="2,19,86,108,42,28,49,97,92,61,84,99,91" hai1="39,85,53,0,43,126,95,88,62,131,60,104,68" hai2="128,47,27,4,18,1,58,40,94,14,135,54,81" hai3="121,80,51,98,45,134,71,24,25,52,73,119,120"/><T17/><D2/><U67/><E104/><V101/><F135/><W83/><G119/><T69/><D28/><U102/><E102/><V26/><F128/><W33/><G134/><T64/><D108/><U56/><E131/><V114/><F81/><W87/><G71/><T123/><D123/><N who="3" m="47177" /><G33/><T57/><D84/><U122/><E122/><V89/><F101/><W127/><G127/><T65/><D65/><U130/><E130/><V132/><F4/><W93/><G73/><T35/><D35/><U48/><E0/><V124/><F1/><W70/><G70/><T110/><D110/><U76/><E76/><V23/><F114/><W118/><G118/><T96/><D69/><U115/><E126/><V32/><F32/><W106/><G106/><T66/><D66/><U34/><E34/><V117/><F117/><W125/><G125/><T16/><D99/><U8/><E115/><V21/><F21/><W41/><G41/><T90/><D90/><U63/><E8/><V111/><F111/><W59/><G45/><AGARI ba="0,0" hai="16,17,19,42,45,49,57,61,64,86,91,92,96,97" machi="45" ten="40,12000,1" yaku="8,1,52,3,54,1" doraHai="15" who="0" fromWho="3" sc="250,120,250,0,250,0,250,-120" /><AGARI ba="0,0" hai="39,43,45,48,53,56,60,62,63,67,68,85,88,95" machi="45" ten="40,5200,0" yaku="24,2,54,1" doraHai="15" who="1" fromWho="3" sc="370,0,250,52,250,0,130,-52" /><INIT seed="0,1,0,5,5,113" ten="370,302,250,78" oya="0" hai0="126,20,135,39,76,93,34,97,78,119,66,18,51" hai1="1,46,99,10,57,131,75,83,128,12,45,86,112" hai2="2,115,98,74,88,58,90,89,17,37,116,96,9" hai3="60,48,24,52,67,124,121,77,41,6,30,70,32"/><T4/><D39/><U15/><E112/><V56/><F115/><W55/><G124/><T105/><D34/><U7/><E75/><V109/><F74/><W23/><G121/><T38/><D38/><U54/><E99/><N who="2" m="37931" /><F37/><W22/><G6/><T68/><D105/><U120/><E120/><V125/><F125/><W19/><G77/><T73/><D126/><U72/><E72/><V85/><F109/><W63/><G63/><T62/><D4/><U61/><E15/><N who="2" m="7407" /><F2/><W64/><G64/><T69/><D135/><U108/><E108/><V71/><F71/><W102/><G102/><T100/><D69/><U11/><E11/><V117/><F85/><W110/><G110/><T28/><D73/><U87/><E87/><V29/><F29/><W49/><G41/><T134/><D134/><U8/><E8/><V44/><F44/><W127/><G127/><T35/><D51/><U53/><E1/><V123/><F123/><W133/><G133/><T80/><D80/><U111/><E111/><V106/><F106/><W13/><REACH who="3" step="1"/><G32/><REACH who="3" ten="370,302,250,68" step="2"/><T130/><D35/><U103/><E103/><V3/><F3/><W95/><G95/><T16/><D93/><U122/><E122/><V31/><F31/><W114/><G114/><T84/><D100/><U104/><E104/><V50/><F90/><W107/><G107/><T132/><D28/><U0/><E0/><V14/><F88/><W94/><G94/><T91/><D132/><U82/><E7/><V5/><F89/><W101/><G101/><T43/><D91/><U47/><E61/><V129/><F5/><W79/><G79/><RYUUKYOKU ba="1,1" sc="370,-10,302,-10,250,-10,68,30" hai3="13,19,22,23,24,30,48,49,52,55,60,67,70" /><INIT seed="1,2,1,4,4,40" ten="360,292,240,98" oya="1" hai0="2,43,42,132,77,51,4,130,27,122,112,107,3" hai1="5,61,105,81,47,0,133,102,66,6,101,20,86" hai2="50,49,7,39,48,46,17,45,44,70,90,36,78" hai3="63,34,94,84,12,116,37,11,68,98,109,103,38"/><U73/><E73/><V123/><F78/><W59/><G116/><T41/><D107/><U89/><E133/><V18/><F123/><W117/><G117/><T76/><D112/><U79/><E79/><V120/><F120/><W19/><G109/><T35/><D122/><U129/><E129/><V87/><F70/><W28/><G68/><T9/><D130/><U62/><E0/><V95/><REACH who="2" step="1"/><F7/><REACH who="2" ten="360,292,230,98" step="2"/><W29/><G34/><T56/><D35/><U114/><E114/><V10/><F10/><W13/><G38/><AGARI ba="2,2" hai="17,18,36,38,39,44,45,46,48,49,50,87,90,95" machi="38" ten="50,8000,1" yaku="1,1,52,3,53,1" doraHai="40" doraHaiUra="85" who="2" fromWho="3" sc="360,0,292,0,230,106,98,-86" /><INIT seed="2,0,0,2,1,129" ten="360,292,336,12" oya="2" hai0="31,66,45,115,13,104,124,123,119,96,75,69,40" hai1="29,16,99,132,113,61,84,111,120,105,91,49,50" hai2="107,98,71,135,78,76,17,9,64,32,89,93,6" hai3="30,12,15,80,121,100,18,11,24,63,8,2,3"/><V51/><F32/><W77/><G100/><T47/><D115/><U44/><E113/><V21/><F107/><W86/><G63/><T133/><D123/><U0/><E0/><V94/><F71/><W88/><G121/><T10/><D75/><U97/><E120/><V7/><F64/><W102/><G102/><N who="0" m="62535" /><D31/><U118/><E29/><V26/><F94/><W106/><G106/><T62/><D124/><U92/><E118/><V27/><F135/><W28/><G77/><N who="2" m="29801" /><F26/><W25/><G30/><T1/><D13/><U33/><E111/><V134/><F134/><W38/><G38/><N who="0" m="21655" /><D47/><U68/><E33/><V22/><F22/><W42/><G42/><T81/><D81/><U20/><E132/><V52/><F9/><W125/><G125/><T79/><D79/><U126/><E126/><V82/><F82/><W56/><G56/><AGARI ba="0,0" hai="6,7,17,21,27,51,52,56,89,93,98" m="29801" machi="56" ten="30,2900,0" yaku="8,1,54,1" doraHai="129" who="2" fromWho="3" sc="360,0,292,0,336,29,12,-29" owari="360,16.0,292,-11.0,365,47.0,-17,-52.0" /></mjloggm>