<mjloggm ver="2.3"><GO type="131"/><UN n0="%E5%B9%B3%E5%92%8C%E3%83%80%E3%83%9E%E3%82%8B%E7%B3%BB%E9%9B%80%E5%A3%AB" n1="%EF%BC%88%E2%89%A7%E2%96%BD%E2%89%A6%EF%BC%89" n2="%EF%BC%88%E3%83%BB%E8%B0%B7%E3%83%BB%EF%BC%89" n3="%E5%80%89%E5%B1%B1%E6%B2%99%E8%80%B6" dan="15,15,11,15" rate="2049,1965,1856,2067" sx="F,M,M,F"/><TAIKYOKU oya="0"/><INIT seed="0,0,0,5,0,57" ten="250,250,250,250" oya="0" hai0="54,19,126,131,114,43,132,120,98,11,52,101,128" hai1="69,116,99,22,24,90,134,63,68,58,45,130,41" hai2="96,33,55,32,86,38,28,36,1,83,65,118,88" hai3="77,44,133,2,100,26,70,89,125,113,49,20,15"/><T78/><D120/><U82/><E116/><V17/><F118/><W34/><G2/><T48/><D114/><U107/><E134/><V67/><F1/><W37/><G113/><T30/><D132/><U9/><E130/><N who="0" m="49705" /><D78/><U62/><E9/><V7/><F7/><W53/><G133/><T42/><D30/><U6/><E6/><V79/><F38/><W50/><G37/><T72/><D72/><U104/><E104/><V29/><F36/><W75/><G100/><T23/><D11/><U87/><E107/><V122/><F122/><W40/><G125/><T85/><D85/><U103/><E103/><V108/><F108/><W35/><G70/><T106/><D126/><U71/><E99/><V14/><F33/><W95/><G15/><N who="0" m="9727" /><D54/><U10/><E10/><V117/><F117/><W56/><G77/><T91/><D91/><U119/><E119/><V81/><F55/><W76/><G76/><T110/><D110/><U61/><E22/><V102/><F32/><W121/><G121/><T112/><D112/><U3/><E3/><V135/><F135/><W109/><G75/><T127/><D127/><U123/><E123/><V105/><F29/><W111/><G111/><T18/><D18/><U97/><E97/><V124/><F28/><N who="3" m="17479" /><G109/><T64/><D64/><N who="1" m="38967" /><E24/><V5/><F124/><W84/><G34/><T39/><D39/><N who="1" m="21695" /><E90/><V80/><F5/><W73/><G35/><T92/><D106/><U115/><E115/><V46/><F46/><AGARI ba="0,0" hai="42,43,46,48,52,92,98,101" m="9727,49705" machi="46" ten="30,1500,0" yaku="19,1" doraHai="57" who="0" fromWho="2" sc="250,15,250,0,250,-15,250,0" /><INIT seed="0,1,0,3,0,47" ten="265,250,235,250" oya="0" hai0="25,1,87,21,74,85,51,37,44,8,127,38,100" hai1="93,22,129,126,88,81,131,41,28,80,77,99,15" hai2="82,78,92,29,5,9,125,53,109,12,115,103,35" hai3="89,34,52,50,54,49,134,83,107,76,4,7,60"/><T119/><D74/><U106/><E126/><V72/><F115/><W75/><G107/><T42/><D119/><U45/><E106/><V84/><F125/><W128/><G34/><T48/><D127/><U112/><E112/><V120/><F120/><W91/><G134/><T132/><D132/><U3/><E3/><V0/><F109/><W62/><G128/><N who="1" m="49226" /><E77/><V24/><F72/><W26/><G26/><T64/><D100/><U95/><E95/><V40/><F40/><W39/><G39/><T61/><D38/><N who="1" m="21687" /><E28/><V122/><F122/><W98/><G76/><T14/><D1/><U118/><E118/><V32/><F35/><W79/><G79/><T2/><D2/><U11/><E22/><V111/><F111/><W33/><G33/><T105/><D105/><U56/><E56/><V113/><F113/><W16/><G75/><T23/><D23/><U108/><E108/><V68/><F68/><W10/><G83/><T69/><D85/><U70/><E70/><V135/><F135/><W58/><G58/><T114/><D87/><U97/><E97/><V30/><F29/><W101/><G98/><T20/><D20/><U31/><E31/><V59/><F0/><W6/><G101/><T46/><D114/><U65/><E65/><V18/><F103/><W19/><G6/><AGARI ba="1,0" hai="6,11,15,80,81,88,93,99" m="21687,49226" machi="6" ten="30,1000,0" yaku="19,1" doraHai="47" who="1" fromWho="3" sc="265,0,250,13,235,0,250,-13" /><INIT seed="1,0,0,5,3,107" ten="265,263,235,237" oya="1" hai0="97,129,25,56,65,11,53,105,132,75,94,99,84" hai1="29,23,125,33,109,18,34,100,31,123,55,58,88" hai2="116,42,70,90,102,50,72,43,112,133,103,66,89" hai3="131,8,106,104,92,76,47,59,9,44,108,80,17"/><U73/><E123/><V36/><F116/><W91/><G108/><T52/><D105/><U39/><E39/><V12/><F133/><W5/><G131/><T113/><D113/><U96/><E125/><V54/><F112/><W49/><G17/><T81/><D132/><U7/><E109/><V118/><F118/><W95/><G59/><T101/><D75/><U77/><E7/><V86/><F72/><W110/><G110/><T122/><D129/><U127/><E127/><V128/><F128/><W3/><G8/><T19/><D99/><U46/><E46/><V57/><F70/><W16/><G16/><T124/><D124/><U135/><E135/><V60/><F89/><W119/><G119/><T35/><D35/><U24/><E88/><V78/><F78/><W14/><G3/><T13/><D25/><U32/><E77/><V71/><F12/><W37/><G37/><T85/><D122/><U0/><E0/><V62/><F60/><W28/><G28/><T83/><D65/><U79/><E79/><V121/><F121/><W48/><G47/><T22/><D11/><U45/><E73/><V67/><F66/><W93/><G91/><N who="0" m="51615" /><D56/><U69/><E45/><V82/><F43/><W10/><G10/><T63/><D63/><N who="1" m="36319" /><E69/><V1/><F1/><W115/><G115/><T2/><D2/><U15/><E15/><V64/><F67/><W41/><G49/><T6/><D6/><U40/><E40/><V51/><F50/><W68/><G68/><T27/><D13/><N who="1" m="9679" /><E31/><V134/><F134/><W120/><G120/><T4/><D4/><U61/><E61/><RYUUKYOKU ba="0,0" sc="265,0,263,0,235,0,237,0" hai0="19,22,27,52,53,81,85,94,97,101" hai1="24,29,32,33,34,96,100" hai2="36,42,51,54,57,62,64,71,82,86,90,102,103" hai3="5,9,14,41,44,48,76,80,92,93,95,104,106" /><INIT seed="1,1,0,2,0,90" ten="265,263,235,237" oya="1" hai0="67,107,84,88,21,52,78,128,61,132,112,11,24" hai1="48,125,93,87,129,113,25,58,72,13,135,66,130" hai2="59,55,14,54,96,83,76,3,73,98,53,105,15" hai3="119,82,99,110,2,74,133,60,31,7,46,26,111"/><U134/><E72/><V43/><F3/><W108/><G133/><N who="1" m="50698" /><E113/><V101/><F43/><W117/><G60/><T91/><D112/><U75/><E75/><V97/><F59/><W120/><G120/><T62/><D107/><U12/><E25/><V23/><F23/><W126/><G126/><T124/><D124/><U127/><E127/><V1/><F1/><W5/><G46/><T29/><D128/><N who="1" m="49259" /><E125/><V79/><F76/><N who="3" m="44311" /><G99/><T94/><D132/><U103/><E66/><V118/><F118/><N who="3" m="45067" /><G2/><T122/><D67/><U57/><E48/><V106/><REACH who="2" step="1"/><F96/><REACH who="2" ten="265,263,225,237" step="2"/><W121/><G121/><T33/><D122/><U42/><E42/><V39/><F39/><W36/><G36/><T109/><D33/><AGARI ba="1,1" hai="5,7,26,31,33,108,110,111" m="45067,44311" machi="33" ten="40,2600,0" yaku="14,1,12,1" doraHai="90" who="3" fromWho="0" sc="265,-29,263,0,225,0,237,39" /><INIT seed="2,0,0,1,4,97" ten="236,263,225,276" oya="2" hai0="68,24,121,18,104,59,116,29,42,80,20,14,66" hai1="114,127,113,4,9,64,84,133,61,13,111,126,54" hai2="34,88,95,51,39,81,107,74,45,50,46,19,135" hai3="76,56,33,8,93,79,89,17,128,53,87,102,25"/><V72/><F135/><W125/><G128/><T96/><D121/><U78/><E133/><V82/><F107/><W15/><G125/><N who="1" m="47626" /><E111/><V52/><F39/><W11/><G33/><T16/><D42/><U112/><E54/><V91/><F34/><W32/><G32/><N who="0" m="20519" /><D59/><N who="1" m="36927" /><E84/><V63/><F63/><W131/><G131/><T5/><D80/><U44/><E44/><V27/><F27/><W48/><G25/><T101/><D20/><U71/><E78/><V43/><F19/><W3/><G3/><T105/><D104/><U132/><E132/><V62/><F62/><W73/><G73/><T110/><D116/><U22/><E22/><V7/><F7/><W6/><G6/><T37/><D37/><U31/><E31/><V28/><F28/><W108/><G8/><N who="0" m="4367" /><D110/><U129/><E129/><V103/><F52/><W67/><G108/><T99/><D99/><U75/><E75/><V123/><F43/><W2/><G2/><T94/><D94/><U100/><E71/><V35/><F35/><W134/><G134/><T36/><D36/><U70/><E70/><V55/><F55/><W1/><G1/><T0/><D0/><U77/><E77/><V115/><F95/><W30/><G30/><T41/><D41/><U10/><E10/><V117/><F117/><W90/><G76/><T38/><D38/><U57/><E57/><V60/><F60/><AGARI ba="0,0" hai="16,18,60,66,68,96,101,105" m="4367,20519" machi="60" ten="30,2000,0" yaku="25,1,52,1" doraHai="97" who="0" fromWho="2" sc="236,20,263,0,225,-20,276,0" /><INIT seed="3,0,0,4,4,17" ten="256,263,205,276" oya="3" hai0="59,33,52,112,21,22,90,128,4,62,23,18,53" hai1="58,2,12,0,70,86,49,14,69,111,82,9,115" hai2="67,125,26,55,121,57,109,114,27,124,129,66,40" hai3="132,46,87,36,116,32,60,97,102,16,11,118,73"/><W94/><G73/><T41/><D33/><U56/><E115/><V101/><F101/><W50/><G32/><T15/><D128/><U8/><E49/><V44/><F114/><W45/><G132/><T19/><D112/><U92/><E92/><V85/><F85/><W91/><G36/><T117/><D117/><U130/><E86/><V110/><F27/><W54/><G60/><T133/><D133/><U123/><E82/><V28/><F28/><W95/><G116/><T30/><D30/><U13/><E13/><V29/><F26/><W104/><G118/><T20/><D41/><U65/><E65/><N who="2" m="24587" /><F29/><W35/><G35/><T96/><D4/><U135/><E135/><V61/><F129/><W71/><G71/><T39/><D39/><U64/><E64/><V24/><F24/><W81/><G46/><T99/><D53/><U88/><E130/><V7/><F7/><W131/><G131/><T98/><D90/><U1/><E88/><V80/><F80/><W6/><G6/><T126/><D126/><N who="2" m="48746" /><F121/><W106/><G106/><T77/><D77/><U51/><E123/><V127/><N who="2" m="48754" /><V63/><DORA hai="25" /><F61/><W38/><G104/><T47/><D47/><U120/><E120/><V68/><F68/><W5/><G5/><T75/><D75/><U37/><E0/><V43/><F43/><N who="3" m="22775" /><G81/><T93/><D93/><U122/><E122/><V48/><AGARI ba="0,0" hai="40,44,48,55,57,63,109,110" m="48754,24587" machi="48" ten="50,6400,0" yaku="18,1,34,2" doraHai="17,25" who="2" fromWho="2" sc="256,-16,263,-16,205,64,276,-32" /><INIT seed="4,0,0,5,3,73" ten="240,247,269,244" oya="0" hai0="54,16,12,13,65,33,43,49,100,74,30,62,14" hai1="111,91,106,7,70,63,67,108,115,133,64,11,112" hai2="68,27,98,1,15,103,116,8,85,28,66,10,99" hai3="118,39,129,61,59,6,75,37,58,89,134,41,105"/><T19/><D74/><U4/><E106/><V53/><F116/><W124/><G105/><T3/><D3/><U72/><E133/><V55/><F1/><W130/><G118/><T22/><D43/><U44/><E91/><V110/><F110/><W26/><G75/><T29/><D100/><U80/><E44/><V35/><F99/><W97/><G134/><T45/><D33/><U21/><E21/><V51/><F10/><W122/><G6/><T2/><D2/><N who="1" m="407" /><E7/><V50/><F66/><W36/><G122/><T60/><D14/><U86/><E67/><V82/><F68/><W0/><G0/><T123/><D123/><U56/><E86/><V78/><F51/><W117/><G117/><T71/><REACH who="0" step="1"/><D62/><REACH who="0" ten="230,247,269,244" step="2"/><U101/><E101/><V88/><F50/><W120/><G130/><T42/><D42/><U31/><E111/><V40/><F40/><W5/><G124/><T90/><D90/><U119/><E108/><V102/><F88/><W25/><G129/><T57/><D57/><N who="3" m="21513" /><G61/><T113/><D113/><U69/><E115/><V135/><F135/><W109/><G120/><T127/><D127/><U18/><E112/><V132/><F132/><W34/><G109/><T32/><D32/><U87/><E119/><V24/><F24/><N who="3" m="9323" /><G34/><T114/><D114/><U92/><E70/><V93/><F103/><W77/><G41/><T38/><D38/><U94/><E69/><V84/><F85/><W46/><G37/><T79/><D79/><N who="1" m="44135" /><E87/><V76/><F78/><W126/><G77/><T52/><D52/><U107/><E63/><V95/><F93/><W104/><G126/><RYUUKYOKU ba="0,1" sc="230,15,247,-15,269,15,244,-15" hai0="12,13,16,19,22,29,30,45,49,54,60,65,71" hai2="8,15,27,28,35,53,55,76,82,84,95,98,102" /><INIT seed="4,1,1,2,2,41" ten="245,232,284,229" oya="0" hai0="114,108,100,3,25,10,93,129,36,97,31,134,61" hai1="48,5,103,69,55,19,131,51,59,126,46,34,79" hai2="26,39,16,75,50,64,130,123,106,84,54,105,27" hai3="88,74,38,77,53,91,66,30,1,94,32,83,62"/><T96/><D36/><U47/><E34/><V72/><F123/><W135/><G1/><T2/><D108/><U6/><E69/><V92/><F39/><W101/><G38/><T112/><D129/><U28/><E131/><V67/><F130/><W56/><G135/><T132/><D96/><U117/><E117/><V109/><F109/><W52/><G101/><T85/><D85/><U21/><E126/><V81/><F92/><W63/><G91/><T60/><D10/><U12/><E103/><V0/><F0/><N who="0" m="42" /><D61/><N who="1" m="36095" /><E79/><V110/><F110/><W115/><G115/><N who="0" m="44075" /><D60/><U57/><E28/><V89/><F106/><W14/><G63/><T71/><D71/><U82/><E82/><V23/><F105/><W102/><G77/><T111/><D111/><U43/><E57/><V80/><F27/><W86/><G83/><T58/><D58/><U125/><E125/><V99/><F99/><W107/><G56/><T37/><D37/><U9/><E9/><V18/><F16/><W45/><G62/><T90/><D100/><U95/><E95/><V68/><F68/><W22/><G94/><T133/><D134/><U87/><E87/><V121/><F121/><W124/><G86/><T44/><D44/><N who="1" m="25631" /><E51/><V78/><F72/><W20/><G74/><T8/><D8/><N who="1" m="4111" /><E6/><V40/><F40/><W7/><G7/><T76/><D76/><U17/><E17/><V120/><F120/><W70/><G70/><T127/><D127/><U49/><E49/><V65/><F50/><W73/><G124/><T24/><D31/><U113/><E113/><V33/><F54/><W35/><G52/><RYUUKYOKU ba="1,1" sc="245,10,232,10,284,10,229,-30" hai0="24,25,90,93,97,132,133" hai1="19,21,46,47" hai2="18,23,26,33,64,65,67,75,78,80,81,84,89" /><INIT seed="4,2,1,4,1,66" ten="255,242,294,199" oya="0" hai0="102,103,70,54,119,129,94,90,131,64,42,17,19" hai1="10,93,53,121,15,96,0,2,127,78,108,83,72" hai2="13,117,34,89,65,52,35,57,21,38,130,16,3" hai3="61,32,69,30,58,73,43,97,114,33,59,128,31"/><T8/><D119/><U55/><E121/><V39/><F117/><W106/><G73/><T120/><D120/><U22/><E108/><V23/><F3/><W50/><G114/><T9/><D42/><U74/><E127/><V27/><F130/><N who="0" m="49674" /><D54/><U85/><E72/><V109/><F109/><W44/><G128/><T6/><D9/><U63/><E74/><V49/><F65/><N who="3" m="41135" /><G31/><T46/><D46/><U56/><E22/><V24/><F89/><W12/><G12/><N who="0" m="5143" /><D19/><U1/><E53/><V71/><F71/><W92/><G32/><T47/><D47/><U104/><E104/><V68/><F68/><W113/><G113/><T25/><D64/><U107/><E107/><V123/><F123/><W116/><G116/><T87/><D70/><U45/><E45/><V81/><F81/><W99/><G92/><T79/><D79/><U26/><E26/><V84/><F84/><W126/><G126/><T37/><D37/><U5/><E1/><V18/><REACH who="2" step="1"/><F27/><REACH who="2" ten="255,242,284,199" step="2"/><N who="3" m="18655" /><G99/><T91/><D91/><AGARI ba="2,2" hai="0,2,5,10,15,55,56,63,78,83,85,91,93,96" machi="91" ten="30,1000,0" yaku="7,1" doraHai="66" who="1" fromWho="0" sc="255,-16,242,36,284,0,199,0" /><INIT seed="5,0,0,4,1,87" ten="239,278,284,199" oya="1" hai0="116,19,10,135,73,102,111,48,122,25,27,51,49" hai1="8,71,93,65,39,79,66,52,67,38,5,60,113" hai2="125,20,1,76,75,83,12,14,84,13,41,105,56" hai3="120,42,40,9,59,16,69,134,54,109,68,33,91"/><U31/><E113/><V118/><F1/><W2/><G109/><T86/><D111/><U63/><E31/><V112/><F118/><W98/><G120/><T44/><D73/><U124/><E124/><V15/><F125/><W18/><G134/><T4/><D116/><U107/><E107/><V32/><F32/><W74/><G74/><T129/><D135/><U97/><E79/><V94/><F105/><W117/><G33/><T11/><D102/><U96/><E52/><V78/><F112/><W34/><G34/><T110/><D110/><U128/><E128/><V45/><F56/><W121/><G121/><T77/><D129/><U22/><E22/><V100/><F78/><W127/><G127/><T72/><D72/><U104/><E104/><V80/><F83/><W55/><G117/><T46/><D4/><U64/><E63/><V17/><F75/><W131/><G131/><T21/><D27/><U36/><REACH who="1" step="1"/><E93/><REACH who="1" ten="239,268,284,199" step="2"/><V37/><F94/><W101/><G54/><T92/><D122/><U35/><E35/><V62/><F62/><W89/><G55/><T57/><D92/><U123/><E123/><V119/><F119/><W29/><G29/><T85/><D77/><U95/><E95/><V82/><F80/><W88/><G98/><T0/><D21/><U81/><E81/><V3/><REACH who="2" step="1"/><F3/><AGARI ba="0,1" hai="3,5,8,36,38,39,60,64,65,66,67,71,96,97" machi="3" ten="50,4800,0" yaku="1,1,53,1" doraHai="87" doraHaiUra="7" who="1" fromWho="2" sc="239,0,268,58,284,-48,199,0" owari="239,4.0,326,42.0,236,-16.0,199,-30.0" /></mjloggm>