<mjloggm ver="2.3"><GO type="169" lobby="0"/><UN n0="%E3%81%BF%E3%82%8B%E3%81%AD%E3%81%93" n1="%E2%98%85%E3%83%86%E3%82%AF%E3%83%8E%E3%83%8F%E3%82%A6%E3%82%B9%E2%98%85" n2="%E3%83%9F%E3%83%A9%E3%82%AF%E3%83%AB%E3%81%8A%E3%81%98%E3%81%95%E3%82%93" n3="%EF%BC%88%E2%89%A7%E2%96%BD%E2%89%A6%EF%BC%89" dan="16,16,17,17" rate="2015.14,2024.48,2174.36,2191.69" sx="F,M,M,M"/><TAIKYOKU oya="0"/><INIT seed="0,0,0,5,5,18" ten="250,250,250,250" oya="0" hai0="32,65,120,101,68,15,78,134,107,114,71,104,64" hai1="17,91,40,103,44,100,26,111,121,73,25,36,61" hai2="33,37,89,98,1,77,45,125,57,117,122,102,0" hai3="12,67,13,62,66,123,20,108,16,56,74,99,90"/><T14/><D114/><U83/><E121/><V59/><F122/><W88/><G123/><T3/><D120/><U92/><E111/><V35/><F125/><W23/><G74/><T4/><D3/><U39/><E36/><V81/><F117/><W113/><G113/><T38/><D38/><U97/><E26/><V60/><F89/><N who="3" m="34411" /><G99/><T24/><D78/><U11/><E61/><V34/><F37/><W19/><G108/><T10/><D134/><U86/><E73/><V21/><F45/><W22/><G67/><T69/><D65/><U79/><E11/><AGARI ba="0,0" hai="11,12,13,16,19,20,22,23,56,62,66" m="34411" machi="11" ten="30,12000,2" yaku="8,1,52,3,54,2" doraHai="18" who="3" fromWho="1" sc="250,0,250,-120,250,0,250,120" /><INIT seed="1,0,0,0,1,18" ten="250,130,250,370" oya="1" hai0="45,63,94,87,110,48,132,26,123,77,70,104,118" hai1="29,12,67,117,60,54,62,19,46,76,41,10,30" hai2="42,86,122,130,57,17,31,133,97,33,1,6,99" hai3="2,7,65,16,88,73,78,9,43,105,34,5,14"/><U125/><E117/><V135/><F122/><W111/><G105/><T11/><D104/><U20/><E125/><V21/><F130/><W84/><G111/><T75/><D118/><U121/><E121/><V23/><F33/><W108/><G108/><T129/><D110/><U0/><E54/><V38/><F38/><W8/><G34/><T127/><D127/><U119/><E119/><V124/><F124/><W71/><G43/><T27/><D132/><N who="2" m="50762" /><F42/><W53/><G53/><T3/><D75/><U40/><E76/><V15/><F1/><W56/><G71/><T55/><D129/><U114/><E114/><V28/><F6/><W36/><G36/><T134/><D134/><U79/><E79/><V90/><F57/><W96/><G73/><T89/><D77/><U50/><E40/><V61/><F61/><N who="3" m="38055" /><G2/><T107/><D107/><U106/><E106/><V59/><F59/><W128/><G128/><T95/><D3/><U83/><E83/><N who="2" m="49503" /><F31/><N who="1" m="11785" /><E0/><V25/><AGARI ba="0,0" hai="15,17,21,23,25,28,97,99" m="49503,50762" machi="25" ten="30,4000,0" yaku="20,1,52,2" doraHai="18" who="2" fromWho="2" sc="250,-10,130,-20,250,40,370,-10" /><INIT seed="2,0,0,5,4,107" ten="240,110,290,360" oya="2" hai0="101,16,115,18,128,72,95,58,103,113,71,33,55" hai1="73,116,80,49,44,28,106,82,50,36,10,111,66" hai2="64,88,90,97,83,47,109,118,2,70,19,125,85" hai3="5,45,42,110,119,129,7,134,43,6,57,132,62"/><V78/><F118/><W94/><G129/><T3/><D33/><U21/><E116/><V93/><F2/><W12/><G119/><T40/><D3/><U96/><E36/><V60/><F125/><W0/><G0/><T102/><D128/><U52/><E66/><V51/><F109/><W13/><G110/><T25/><D71/><U38/><E38/><V81/><F19/><W122/><G94/><T61/><D40/><N who="3" m="15401" /><G45/><T131/><D131/><U34/><E34/><V124/><F124/><W121/><G57/><T74/><D95/><U27/><E111/><V108/><F108/><W87/><G87/><T48/><D61/><U127/><E127/><V11/><F11/><W39/><G62/><T53/><D53/><U20/><E10/><V98/><F98/><W99/><G99/><T1/><D1/><U41/><E20/><V126/><F126/><W63/><G63/><T59/><D58/><U114/><E114/><V105/><F105/><W31/><G31/><T76/><D76/><U77/><E82/><V4/><F4/><W67/><G67/><T9/><D18/><U104/><E96/><V46/><REACH who="2" step="1"/><F51/><REACH who="2" ten="240,110,280,360" step="2"/><W30/><G39/><T8/><D8/><U130/><REACH who="1" step="1"/><E130/><REACH who="1" ten="240,100,280,360" step="2"/><V69/><F69/><W135/><G30/><T26/><D9/><U91/><E91/><V54/><F54/><W56/><G135/><T17/><D55/><U65/><E65/><V68/><F68/><W117/><G134/><T89/><D48/><U32/><E32/><V14/><F14/><N who="3" m="5739" /><G132/><T86/><D115/><U123/><E123/><N who="3" m="47114" /><G117/><T100/><D113/><U84/><E84/><AGARI ba="0,2" hai="46,47,60,64,70,78,81,83,84,85,88,90,93,97" machi="84" ten="30,12000,1" yaku="1,1,6,1,7,1,54,1,53,1" doraHai="107" doraHaiUra="75" who="2" fromWho="1" sc="240,0,100,-120,280,140,360,0" owari="240,-16.0,-20,-52.0,420,52.0,360,16.0" /></mjloggm>