<mjloggm ver="2.3"><GO type="169"/><UN n0="%E6%9D%B1%E5%8D%97" n1="%E3%83%AD%E3%83%AA%E3%83%BC%E3%82%BF%E3%81%AA%E7%84%BC%E8%82%89" n2="%EF%BC%88%E2%89%A7%E2%96%BD%E2%89%A6%EF%BC%89" n3="%6B%6F%67%65%70%61%6E" dan="17,18,18,16" rate="2166,2250,2239,2100" sx="M,M,M,M"/><TAIKYOKU oya="0"/><INIT seed="0,0,0,0,4,32" ten="250,250,250,250" oya="0" hai0="48,110,119,40,8,111,6,65,105,50,63,25,102" hai1="129,43,76,13,34,77,24,55,10,133,81,26,83" hai2="73,62,47,106,7,121,75,11,5,20,107,18,131" hai3="130,134,72,58,127,42,1,135,97,89,103,22,21"/><T117/><D25/><U38/><E133/><V36/><F121/><W52/><G72/><T28/><D28/><U67/><E129/><V113/><F113/><W4/><G42/><T51/><D102/><U56/><E67/><V91/><F131/><W122/><G130/><T118/><D105/><U12/><E34/><V41/><F75/><W116/><G116/><T69/><REACH who="0" step="1"/><D40/><REACH who="0" ten="240,250,250,250" step="2"/><U17/><E43/><V128/><F41/><W100/><G103/><T49/><N who="0" m="12800" /><DORA hai="59" /><T37/><D37/><U126/><E38/><V99/><F36/><W0/><G100/><T123/><D123/><U29/><E24/><V98/><F107/><W46/><G122/><T70/><D70/><U95/><E26/><V54/><F106/><W86/><G135/><T85/><D85/><U3/><E29/><V64/><F128/><W74/><G86/><T87/><D87/><U104/><E104/><V78/><F73/><W14/><G74/><T109/><D109/><U35/><E35/><V68/><F68/><W60/><G134/><T71/><D71/><U90/><E13/><AGARI ba="0,1" hai="6,8,13,63,65,69,110,111,117,118,119" m="12800" machi="13" ten="60,5800,0" yaku="1,1,52,1,53,0" doraHai="32,59" doraHaiUra="27,124" who="0" fromWho="1" sc="240,68,250,-58,250,0,250,0" /><INIT seed="0,1,0,3,1,124" ten="308,192,250,250" oya="0" hai0="10,33,98,27,116,26,101,72,11,127,63,34,40" hai1="89,120,15,29,74,32,135,132,118,22,81,111,61" hai2="60,62,37,131,79,14,85,123,55,6,51,46,83" hai3="36,110,59,95,53,12,88,54,58,64,75,1,9"/><T71/><D72/><U13/><E118/><V47/><F123/><W0/><G36/><T84/><D40/><U96/><E120/><V108/><F108/><W44/><G75/><T114/><D114/><U97/><E111/><V20/><F131/><W80/><G80/><T17/><D84/><U30/><E32/><V69/><F69/><W126/><G64/><N who="0" m="41375" /><D127/><U117/><E117/><V76/><F76/><W92/><G44/><T52/><D34/><U130/><E61/><V35/><F35/><W134/><G110/><T3/><D3/><U113/><E113/><V49/><F37/><W21/><G21/><N who="0" m="13615" /><D52/><U102/><E102/><V65/><F65/><W5/><G126/><T121/><D121/><U4/><E4/><V87/><F87/><W119/><G119/><T57/><D57/><U42/><E42/><N who="2" m="24791" /><F20/><W24/><G1/><T125/><D125/><U43/><E43/><V41/><F41/><W91/><G0/><T38/><D38/><U112/><E22/><V94/><F94/><W45/><G95/><T66/><D66/><U16/><E112/><V18/><F18/><W8/><G92/><T99/><D99/><U68/><E16/><V82/><F82/><W133/><G5/><T93/><D116/><U104/><E68/><V77/><F77/><W56/><G56/><T48/><D48/><U106/><E74/><V73/><F73/><W39/><G39/><T70/><D70/><U78/><E81/><V67/><F67/><W129/><G45/><T2/><D2/><U23/><E78/><V115/><F115/><W86/><G58/><T103/><D103/><RYUUKYOKU ba="1,0" sc="308,15,192,-15,250,15,250,-15" hai0="10,11,27,33,93,98,101" hai2="6,14,47,51,55,60,62,79,83,85" /><INIT seed="0,2,0,3,5,41" ten="323,177,265,235" oya="0" hai0="95,125,47,65,58,55,20,104,96,109,107,33,89" hai1="12,31,72,127,56,101,16,11,76,60,91,21,61" hai2="1,114,105,57,111,103,102,94,130,68,4,86,14" hai3="13,99,116,115,80,90,25,81,77,28,119,22,49"/><T43/><D33/><U131/><E101/><V126/><F1/><W79/><G115/><T59/><D125/><U48/><E127/><V26/><F68/><W37/><G37/><T44/><D109/><U10/><E131/><V108/><F114/><W123/><G123/><T69/><D69/><U42/><E72/><V35/><F105/><W122/><G122/><T84/><D65/><U135/><E76/><V98/><F130/><W24/><G13/><T29/><D59/><U45/><E135/><V38/><F38/><W36/><G36/><T88/><D43/><U51/><E91/><V70/><F70/><W74/><G49/><N who="0" m="31087" /><D107/><U100/><E100/><V118/><F103/><W3/><G3/><T110/><D104/><U129/><E129/><V52/><F86/><W30/><G99/><T67/><D67/><U71/><E71/><V75/><F75/><W6/><G6/><T54/><D54/><N who="1" m="31839" /><E31/><N who="2" m="19959" /><F126/><W97/><G97/><T132/><D110/><U15/><E15/><V62/><F111/><W5/><G5/><T50/><D50/><U18/><E18/><V73/><F73/><W17/><G17/><T7/><D7/><U34/><E34/><V117/><F108/><W46/><G74/><T8/><D132/><U66/><E66/><V23/><F4/><W124/><G124/><T64/><D64/><U27/><E27/><V128/><F128/><W40/><G25/><N who="0" m="16551" /><D8/><AGARI ba="2,0" hai="8,10,11,12,16,21,42,45,48,60,61" m="31839" machi="8" ten="30,3900,0" yaku="8,1,52,1,54,1" doraHai="41" who="1" fromWho="0" sc="323,-45,177,45,265,0,235,0" /><INIT seed="1,0,0,4,5,128" ten="278,222,265,235" oya="1" hai0="13,116,78,91,29,51,65,134,118,131,113,119,117" hai1="57,35,114,4,10,28,124,21,58,85,62,52,47" hai2="80,40,5,72,95,93,60,103,34,81,14,97,50" hai3="19,30,53,86,48,132,126,77,18,105,11,25,89"/><U27/><E124/><V110/><F34/><W26/><G105/><T75/><D113/><U79/><E114/><V43/><F110/><W42/><G126/><T64/><D134/><U67/><E47/><V37/><F37/><W71/><G71/><T38/><D38/><U9/><E35/><V90/><F60/><W120/><G77/><T61/><D131/><U121/><E121/><V69/><F69/><W39/><G42/><N who="2" m="15913" /><F50/><W31/><G39/><T17/><D29/><U8/><E85/><N who="2" m="52431" /><F72/><W101/><G120/><T106/><D106/><U32/><E32/><V83/><F14/><W68/><G68/><T44/><D61/><U66/><E79/><V56/><F5/><W96/><G26/><T98/><D75/><U41/><E41/><V1/><F1/><W127/><G25/><T23/><D78/><U46/><E46/><V2/><F2/><W87/><G127/><T24/><D24/><U63/><REACH who="1" step="1"/><E4/><REACH who="1" ten="278,212,265,235" step="2"/><V125/><F125/><W59/><G87/><T33/><D119/><U55/><AGARI ba="0,1" hai="8,9,10,21,27,28,52,55,57,58,62,63,66,67" machi="55" ten="30,18000,2" yaku="1,1,2,1,0,1,9,1,8,1,54,1,53,0" doraHai="128" doraHaiUra="129" who="1" fromWho="1" sc="278,-60,212,190,265,-60,235,-60" /><INIT seed="1,1,0,2,0,27" ten="218,402,205,175" oya="1" hai0="94,3,76,19,92,53,98,99,81,121,2,112,128" hai1="49,13,33,125,87,116,34,86,70,93,132,61,50" hai2="56,101,127,42,113,41,111,11,38,102,0,20,6" hai3="107,9,68,40,29,48,65,59,115,58,39,78,10"/><U89/><E116/><V120/><F120/><W54/><G107/><T77/><D112/><U37/><E37/><V52/><F113/><W8/><G115/><T83/><D128/><U130/><E130/><V122/><F122/><W133/><G133/><T25/><D121/><U51/><E132/><V91/><F127/><W47/><G78/><T17/><D25/><U129/><E129/><V44/><F111/><W28/><G59/><T73/><D53/><U43/><E43/><V90/><F41/><W67/><G67/><T46/><D46/><U126/><E86/><V16/><F101/><W62/><AGARI ba="1,0" hai="8,9,10,28,29,39,40,47,48,54,58,62,65,68" machi="62" ten="30,8000,1" yaku="0,1,24,2,52,2" doraHai="27" who="3" fromWho="3" sc="218,-21,402,-41,205,-21,175,83" /><INIT seed="2,0,0,2,3,73" ten="197,361,184,258" oya="2" hai0="20,22,131,30,69,33,90,97,114,2,40,102,117" hai1="28,9,123,61,27,51,60,64,37,122,91,70,26" hai2="99,16,84,133,66,75,71,8,96,110,11,36,18" hai3="68,57,89,129,15,46,45,62,135,49,13,7,34"/><V76/><F36/><W105/><G34/><T100/><D114/><U130/><E37/><V74/><F133/><W65/><G105/><T121/><D121/><N who="1" m="46091" /><E130/><V108/><F71/><W82/><G129/><T6/><D69/><U103/><E103/><V35/><F66/><W31/><G31/><T120/><D22/><U32/><E26/><V67/><F67/><W132/><G68/><T47/><D90/><U3/><E60/><V52/><F35/><W115/><G115/><T116/><D20/><U134/><E134/><N who="3" m="51242" /><G7/><T44/><D131/><U42/><E91/><V83/><F52/><N who="3" m="29751" /><G45/><T41/><D120/><U19/><E42/><V95/><F95/><W92/><G82/><T78/><D30/><U43/><E43/><V127/><F127/><W79/><G79/><T59/><D78/><U107/><E107/><V0/><F0/><W14/><G14/><T126/><D2/><U80/><E80/><V77/><F83/><W101/><G101/><T12/><D12/><N who="1" m="7567" /><E3/><V5/><F5/><W54/><G54/><T50/><D6/><U81/><E81/><V58/><F58/><W10/><G10/><T29/><D59/><U63/><E70/><V128/><F128/><W112/><G112/><T25/><D126/><U98/><E64/><V88/><F88/><W53/><G65/><T24/><D33/><U94/><E51/><V38/><F38/><W106/><G106/><T39/><D29/><U86/><E28/><V93/><F93/><W21/><G21/><T125/><D125/><U85/><E32/><V113/><F113/><W124/><G124/><T56/><D39/><RYUUKYOKU ba="0,0" sc="197,-15,361,-15,184,15,258,15" hai2="8,11,16,18,74,75,76,77,84,96,99,108,110" hai3="13,15,53,57,62,89,92" /><INIT seed="2,1,0,0,4,32" ten="182,346,199,273" oya="2" hai0="27,131,108,133,102,3,39,35,49,54,4,125,111" hai1="30,43,18,38,116,6,127,69,101,7,68,112,57" hai2="20,134,1,10,56,42,80,92,91,89,37,66,94" hai3="130,129,117,106,0,75,46,83,15,109,71,74,105"/><V53/><F134/><W76/><G117/><T50/><D39/><U103/><E116/><V67/><F37/><W52/><G71/><T86/><D133/><U96/><E30/><V60/><F42/><W126/><G75/><T128/><D102/><U45/><E112/><V78/><F20/><W26/><G15/><T28/><D86/><U79/><E79/><V121/><F121/><W61/><G109/><N who="0" m="42059" /><D125/><U124/><E101/><V122/><F122/><W33/><G126/><N who="1" m="48170" /><E57/><V22/><F22/><W34/><G34/><T70/><D70/><N who="1" m="27243" /><E18/><V16/><F78/><W118/><G118/><T9/><D54/><U84/><E84/><N who="2" m="52263" /><F80/><W44/><G83/><T63/><D63/><U64/><E64/><V123/><F123/><W93/><G76/><T40/><D40/><U113/><E113/><V14/><F1/><W65/><G0/><T119/><D119/><U21/><E21/><V62/><F60/><W11/><G61/><T2/><D3/><U72/><E72/><V36/><F36/><W95/><G74/><T135/><D135/><U104/><AGARI ba="1,0" hai="6,7,38,43,45,96,103,104" m="27243,48170" machi="104" ten="30,1100,0" yaku="18,1" doraHai="32" who="1" fromWho="1" sc="182,-4,346,14,199,-6,273,-4" /><INIT seed="3,0,0,3,2,38" ten="178,360,193,269" oya="3" hai0="128,86,99,111,134,11,21,129,44,126,131,65,133" hai1="120,8,58,94,52,90,27,100,78,91,62,56,37" hai2="0,12,69,3,24,22,123,48,93,76,33,66,32" hai3="84,60,112,103,15,20,5,124,122,114,10,50,23"/><W98/><G122/><T102/><D65/><U68/><E37/><V73/><F123/><W74/><G74/><T107/><D21/><U87/><E68/><V26/><F69/><W55/><G124/><T19/><D19/><U96/><E120/><V121/><F66/><W83/><G60/><T116/><D11/><U135/><E135/><N who="0" m="51721" /><D116/><U130/><E130/><V70/><F70/><W39/><G39/><T18/><D18/><U108/><E108/><V40/><F121/><W28/><G28/><T17/><D17/><U80/><E27/><N who="2" m="10283" /><F32/><W119/><G119/><T97/><D44/><U47/><E47/><N who="2" m="25703" /><F33/><W67/><G67/><T63/><D63/><U4/><E56/><V43/><F73/><W89/><G114/><T118/><D118/><U79/><REACH who="1" step="1"/><E79/><REACH who="1" ten="178,350,193,269" step="2"/><V61/><F76/><W34/><G112/><T2/><D111/><U88/><E88/><V51/><F61/><W109/><G109/><T92/><D126/><U29/><E29/><V42/><F51/><W54/><G50/><T95/><D2/><AGARI ba="0,1" hai="2,4,8,52,58,62,78,80,87,90,91,94,96,100" machi="2" ten="30,3900,0" yaku="1,1,7,1,54,1,53,0" doraHai="38" doraHaiUra="36" who="1" fromWho="0" sc="178,-39,350,49,193,0,269,0" /><INIT seed="4,0,0,3,1,54" ten="139,399,193,269" oya="0" hai0="104,93,81,41,69,29,118,128,111,75,9,26,86" hai1="28,67,113,84,103,109,100,38,12,62,23,19,83" hai2="85,32,96,2,40,70,106,95,107,11,78,77,92" hai3="71,7,6,110,82,42,33,48,87,125,91,8,16"/><T130/><D69/><U47/><E113/><V129/><F32/><W57/><G110/><T27/><D104/><U60/><E109/><V49/><F70/><W121/><G71/><T37/><D111/><U112/><E112/><V52/><F129/><N who="0" m="49770" /><D118/><U17/><E38/><V72/><F72/><W45/><G33/><T14/><D41/><U46/><E28/><V101/><F107/><W64/><G125/><T34/><D37/><U94/><E19/><V135/><F135/><W132/><G132/><T134/><D134/><U15/><E15/><V58/><F40/><W59/><G121/><T31/><D93/><U51/><E47/><V56/><F106/><W98/><G64/><T88/><D75/><U79/><E94/><V65/><F11/><W97/><G7/><N who="0" m="3391" /><D26/><U120/><E120/><V0/><F0/><W133/><G133/><T22/><D31/><U53/><E62/><N who="2" m="38103" /><F2/><W13/><G6/><T119/><D119/><U21/><E21/><AGARI ba="0,0" hai="21,22,27,29,34,81,86,88" m="3391,49770" machi="21" ten="30,2900,0" yaku="19,1,54,1" doraHai="54" who="0" fromWho="1" sc="139,29,399,-29,193,0,269,0" /><INIT seed="4,1,0,1,1,33" ten="168,370,193,269" oya="0" hai0="9,25,73,74,56,28,26,119,75,24,48,128,131" hai1="133,94,100,99,15,107,78,120,83,90,65,2,117" hai2="135,60,4,77,116,76,17,66,44,91,134,46,49" hai3="16,102,29,51,59,101,38,42,96,86,71,122,79"/><T55/><D119/><U3/><E120/><V108/><F108/><W84/><G71/><T98/><D98/><U132/><E65/><V87/><F116/><W88/><G38/><T85/><D85/><N who="1" m="52559" /><E15/><V52/><F4/><W13/><G29/><T20/><REACH who="0" step="1"/><D9/><REACH who="0" ten="158,370,193,269" step="2"/><U118/><E117/><V22/><F135/><N who="1" m="51785" /><E118/><V14/><F134/><W105/><G86/><AGARI ba="1,1" hai="2,3,78,83,86,99,100,107" m="51785,52559" machi="86" ten="30,3900,0" yaku="20,1,52,2" doraHai="33" who="1" fromWho="3" sc="158,0,370,52,193,0,269,-42" /><INIT seed="5,0,0,5,3,50" ten="158,422,193,227" oya="1" hai0="91,20,31,108,135,112,133,0,40,132,115,134,52" hai1="67,58,72,7,55,111,70,28,43,119,122,80,49" hai2="105,113,83,22,63,47,48,110,4,86,120,118,18" hai3="17,61,62,21,57,32,54,41,38,106,89,93,9"/><U39/><E119/><V36/><F36/><W34/><G106/><T19/><D108/><U121/><E111/><V33/><F33/><W79/><G79/><T126/><D40/><U117/><E28/><V75/><F75/><W84/><G9/><T44/><D0/><U2/><E117/><V8/><F105/><W10/><G10/><T45/><D31/><U116/><E116/><V87/><F120/><W56/><G41/><T85/><D126/><U24/><E24/><V73/><F73/><W66/><REACH who="3" step="1"/><G38/><REACH who="3" ten="158,422,193,217" step="2"/><T124/><D124/><U88/><E43/><N who="2" m="24703" /><F8/><W130/><G130/><T3/><D3/><U100/><E39/><V29/><F118/><W30/><G30/><T128/><D128/><U104/><E122/><V6/><F29/><W26/><AGARI ba="0,1" hai="17,21,26,32,34,54,56,57,61,62,66,84,89,93" machi="26" ten="20,8000,1" yaku="1,1,0,1,7,1,52,1,53,1" doraHai="50" doraHaiUra="82" who="3" fromWho="3" sc="158,-20,422,-40,193,-20,217,90" /><INIT seed="6,0,0,2,4,114" ten="138,382,173,307" oya="2" hai0="0,59,113,98,82,3,78,71,4,81,32,15,109" hai1="35,56,52,48,121,124,96,16,110,1,92,65,123" hai2="90,118,21,44,20,79,116,133,69,27,24,84,6" hai3="126,103,91,105,45,129,19,67,86,42,131,8,2"/><V13/><F69/><W94/><G67/><T120/><D71/><U22/><E35/><V34/><F79/><W58/><G58/><T25/><D109/><U30/><E1/><V50/><F34/><W88/><G126/><T134/><D120/><N who="1" m="46155" /><E30/><V75/><F75/><W122/><G122/><T73/><D113/><U107/><E107/><V68/><F68/><W31/><G31/><T111/><D111/><U38/><E38/><V23/><F133/><W37/><G91/><T41/><D134/><U53/><E110/><V11/><F27/><W17/><G103/><T83/><D98/><U112/><E124/><V5/><F5/><N who="3" m="1079" /><G105/><T115/><D115/><U87/><E87/><V119/><F24/><W36/><G37/><T70/><D70/><U102/><E112/><V101/><F101/><W54/><G54/><T46/><D59/><U100/><E100/><V57/><F57/><W60/><G60/><T28/><D15/><N who="1" m="9503" /><E48/><V55/><REACH who="2" step="1"/><F20/><REACH who="2" ten="138,382,163,307" step="2"/><W40/><G131/><T66/><D66/><U29/><E29/><V33/><F33/><W74/><G74/><T99/><D73/><U39/><E65/><V125/><F125/><W18/><G129/><T130/><D78/><U95/><E56/><V51/><F51/><W7/><G7/><T77/><D77/><U76/><E39/><V132/><F132/><W64/><G64/><T128/><D128/><U14/><E76/><V135/><F135/><W93/><G36/><T62/><D130/><U104/><E14/><V106/><F106/><W49/><G49/><N who="0" m="26831" /><D4/><U10/><E104/><V89/><F89/><W85/><G45/><RYUUKYOKU ba="0,1" sc="138,-15,382,-15,163,15,307,15" hai2="6,11,13,21,23,44,50,55,84,90,116,118,119" hai3="17,18,19,40,42,85,86,88,93,94" /><INIT seed="6,1,1,4,2,91" ten="123,367,178,322" oya="2" hai0="105,21,130,77,118,22,101,56,97,32,135,6,28" hai1="62,17,107,42,68,41,79,7,111,103,84,64,29" hai2="128,82,114,66,26,120,72,19,92,81,131,3,54" hai3="80,50,53,55,4,108,43,134,106,27,86,65,132"/><V87/><F3/><W63/><G106/><T88/><D118/><U59/><E68/><V116/><F116/><W122/><G108/><T38/><D38/><U89/><E29/><V76/><F120/><W85/><G122/><T2/><D77/><U36/><E7/><V112/><F66/><W69/><G4/><T20/><D135/><N who="3" m="51753" /><G86/><T33/><D130/><N who="2" m="49706" /><F54/><W93/><G93/><T44/><D44/><U75/><E64/><V121/><F121/><W102/><G102/><T23/><D56/><U45/><E59/><V47/><F47/><N who="3" m="25983" /><G27/><T48/><D48/><U39/><E45/><V90/><F26/><W35/><G35/><T10/><D28/><U15/><E39/><V126/><F19/><W67/><G65/><T115/><D115/><N who="2" m="44074" /><F126/><W99/><G55/><T71/><D71/><U98/><E17/><V25/><F25/><W109/><G53/><T78/><D78/><U96/><E41/><V12/><F12/><W31/><G31/><T124/><D124/><U13/><E42/><V51/><F51/><W40/><G40/><T9/><N who="0" m="5632" /><DORA hai="46" /><T125/><D125/><U60/><E15/><V123/><F123/><W16/><G16/><T52/><D52/><U57/><E13/><V100/><F100/><W30/><G30/><T127/><D127/><U113/><E103/><V14/><F14/><W58/><G69/><T119/><D119/><U11/><E36/><V133/><F133/><W5/><G5/><T117/><D117/><U83/><E113/><V94/><AGARI ba="1,1" hai="72,76,81,82,87,90,92,94" m="44074,49706" machi="94" ten="40,18000,2" yaku="19,1,15,1,34,2,52,2" doraHai="91,46" who="2" fromWho="2" sc="123,-61,367,-61,178,193,322,-61" /><INIT seed="6,2,0,3,4,109" ten="62,306,371,261" oya="2" hai0="65,0,96,121,85,117,71,79,101,12,60,89,46" hai1="69,125,83,133,54,110,25,107,115,64,58,74,80" hai2="114,91,16,122,28,95,48,34,2,44,105,51,31" hai3="128,41,135,127,126,50,84,77,68,103,131,8,119"/><V98/><F2/><W106/><G68/><T5/><D121/><U81/><E110/><V61/><F34/><W42/><G8/><T49/><D117/><U19/><E107/><V39/><F39/><W73/><G119/><T22/><D0/><U6/><E6/><V123/><F105/><W36/><G36/><T72/><D72/><U90/><E74/><V97/><F97/><N who="3" m="61807" /><G73/><T24/><D79/><U118/><E118/><V27/><F51/><W112/><G50/><T43/><D12/><U87/><E69/><V14/><F61/><W37/><G37/><T1/><D5/><U30/><E64/><V94/><F48/><W108/><G108/><T86/><D89/><U47/><E47/><V23/><F44/><W32/><G32/><T59/><D71/><U13/><E133/><V57/><F57/><W53/><G53/><T33/><D33/><U134/><E134/><V129/><F122/><W70/><G70/><T7/><D7/><U10/><E125/><N who="3" m="47626" /><G135/><T124/><D1/><U17/><E17/><V20/><F20/><W21/><G21/><T38/><D38/><U40/><E40/><V130/><F23/><W15/><G42/><T3/><D3/><U52/><E115/><V88/><F114/><W35/><G41/><T120/><D120/><U100/><E100/><V113/><F113/><W67/><G112/><T9/><D124/><U29/><E54/><V11/><F123/><W116/><G67/><T75/><D75/><U18/><E18/><V66/><F66/><W111/><G116/><T93/><D9/><U82/><E25/><V4/><F27/><RYUUKYOKU ba="2,0" sc="62,15,306,15,371,-15,261,-15" hai0="22,24,43,46,49,59,60,65,85,86,93,96,101" hai1="10,13,19,29,30,52,58,80,81,82,83,87,90" /><INIT seed="7,3,0,2,4,126" ten="77,321,356,246" oya="3" hai0="28,7,23,32,53,90,20,66,41,64,79,44,2" hai1="100,43,92,103,107,9,49,51,83,40,91,93,36" hai2="48,121,33,30,52,22,104,8,115,98,75,109,31" hai3="50,24,85,111,114,102,129,62,16,81,34,1,117"/><W58/><G117/><T132/><D90/><U35/><E35/><V76/><F33/><W12/><G1/><T113/><D53/><U38/><E91/><V106/><F109/><W80/><G114/><T89/><D89/><U55/><E55/><V45/><F115/><W122/><G122/><T29/><D113/><U54/><E54/><V99/><F121/><W42/><G111/><T120/><D120/><U6/><E83/><V39/><F39/><N who="1" m="14889" /><E9/><V5/><F106/><W11/><G102/><N who="1" m="38954" /><E6/><V127/><F127/><W112/><G112/><T65/><D79/><U128/><E128/><V67/><F104/><W110/><G129/><T46/><D32/><U60/><E60/><V70/><F76/><W108/><G108/><T77/><D77/><U116/><E107/><V61/><F75/><W14/><G110/><T19/><D7/><U63/><E116/><V78/><F78/><W37/><G37/><T88/><D88/><U21/><E21/><V96/><REACH who="2" step="1"/><F22/><REACH who="2" ten="77,321,346,246" step="2"/><N who="3" m="13383" /><G34/><T134/><D23/><U118/><E118/><V84/><F84/><W57/><G85/><T86/><D86/><U95/><E63/><V25/><F25/><W119/><G119/><T94/><D94/><U123/><E123/><V56/><F56/><N who="3" m="21611" /><G62/><T15/><D20/><U71/><E71/><V18/><F18/><N who="3" m="8479" /><G14/><AGARI ba="3,1" hai="5,8,14,30,31,45,48,52,61,67,70,96,98,99" machi="14" ten="40,2600,0" yaku="1,1,54,1,53,0" doraHai="126" doraHaiUra="74" who="2" fromWho="3" sc="77,0,321,0,346,45,246,-35" owari="77,-42.0,321,12.0,391,49.0,211,-19.0" /></mjloggm>