<mjloggm ver="2.3"><GO type="137"/><UN n0="%E3%81%BD%E3%81%A1%E3%81%95%E3%82%93" n1="%EF%BC%88%E2%89%A7%E2%96%BD%E2%89%A6%EF%BC%89" n2="%EF%BC%8B%E7%B4%85%E8%91%89%EF%BC%8B" n3="%E3%82%AD%E3%83%A7%E3%82%A6%E3%82%B3" dan="11,12,14,13" rate="1735,1973,1777,1898" sx="M,M,M,F"/><TAIKYOKU oya="0"/><INIT seed="0,0,0,4,4,87" ten="250,250,250,250" oya="0" hai0="48,133,24,131,134,93,99,126,43,49,119,9,22" hai1="14,89,62,51,127,38,74,88,58,45,116,113,6" hai2="0,130,46,12,128,83,79,27,15,95,42,16,28" hai3="66,97,120,96,33,122,106,109,132,54,71,64,73"/><T100/><D119/><U102/><E116/><V40/><F95/><W86/><G33/><T17/><D126/><U124/><E113/><V25/><F0/><W135/><G73/><T19/><D131/><N who="2" m="50218" /><F12/><W34/><G34/><T123/><D123/><N who="3" m="47145" /><G86/><T78/><D43/><N who="2" m="16426" /><F46/><W39/><G54/><T115/><D115/><U117/><E117/><V80/><F80/><W91/><G39/><T36/><D36/><U125/><E38/><V76/><F76/><W7/><G7/><T59/><D78/><U129/><E129/><V92/><F92/><N who="3" m="56351" /><G71/><T44/><D59/><U72/><E102/><V98/><F98/><W31/><G31/><T104/><D104/><U18/><E6/><V85/><F28/><W41/><G41/><T30/><D9/><AGARI ba="0,0" hai="9,15,16,25,27,79,83,85" m="16426,50218" machi="9" ten="30,2000,0" yaku="19,1,54,1" doraHai="87" who="2" fromWho="0" sc="250,-20,250,0,250,20,250,0" /><INIT seed="1,0,0,5,2,44" ten="230,250,270,250" oya="1" hai0="56,59,96,14,3,43,132,72,34,89,7,46,123" hai1="95,88,1,120,39,100,51,133,33,119,130,50,28" hai2="105,109,71,2,86,108,19,70,9,110,74,85,22" hai3="115,37,107,31,35,111,121,81,80,36,18,0,83"/><U87/><E120/><V11/><F105/><W29/><G121/><T92/><D72/><U106/><E119/><V118/><F74/><W124/><G115/><T30/><D123/><U8/><E39/><V5/><F118/><W54/><G107/><T79/><D132/><U66/><E133/><V97/><F11/><W98/><G0/><T65/><D79/><U129/><E66/><V77/><F97/><W122/><G122/><T126/><D126/><U73/><E73/><V84/><REACH who="2" step="1"/><F77/><REACH who="2" step="2"/><W113/><G113/><T26/><D3/><U90/><E8/><V53/><F53/><W58/><G98/><T78/><D78/><U127/><E1/><V45/><F45/><W41/><G41/><T134/><D134/><U48/><E127/><V99/><F99/><W131/><G124/><T75/><D75/><U38/><E106/><V52/><F52/><W32/><G131/><N who="1" m="50186" /><E100/><V57/><F57/><W17/><G111/><T25/><D65/><U10/><E10/><V93/><F93/><W101/><G58/><T61/><D61/><U13/><E90/><V55/><F55/><W102/><G54/><T117/><D117/><U94/><E94/><V112/><F112/><W125/><G125/><T60/><D60/><U20/><E95/><V12/><AGARI ba="0,1" hai="2,5,9,12,19,22,70,71,84,85,86,108,109,110" machi="12" ten="40,5200,0" yaku="1,1,0,1,14,1,53,0" doraHai="44" doraHaiUra="114" who="2" fromWho="2" sc="230,-13,250,-26,260,62,250,-13" /><INIT seed="2,0,0,3,1,58" ten="217,224,322,237" oya="2" hai0="18,72,71,19,59,55,131,70,56,5,112,77,117" hai1="87,108,84,60,12,62,85,82,4,106,128,99,13" hai2="74,1,0,96,24,132,36,42,126,61,14,63,101" hai3="81,135,54,102,49,17,134,38,29,45,37,121,97"/><V43/><F74/><W34/><G121/><T79/><D112/><U123/><E123/><V118/><F118/><W103/><G34/><T57/><D117/><U89/><E128/><V94/><F36/><W113/><G29/><T48/><D72/><U100/><E108/><V33/><F33/><W65/><G113/><T80/><D131/><U51/><E51/><V47/><F0/><W109/><G81/><T73/><D5/><U114/><E114/><V30/><F1/><W26/><G109/><T78/><D73/><U52/><E4/><V64/><F64/><W44/><G65/><T11/><D11/><U91/><E85/><V15/><F126/><W7/><G7/><T40/><D80/><U16/><E52/><V31/><F132/><N who="3" m="50731" /><G97/><T46/><D55/><U93/><E12/><N who="2" m="4651" /><F24/><W92/><G92/><T130/><REACH who="0" step="1"/><D130/><REACH who="0" step="2"/><U3/><E3/><V20/><F20/><AGARI ba="0,1" hai="13,16,20,60,62,82,84,87,89,91,93,99,100,106" machi="20" ten="30,7700,0" yaku="7,1,52,2,54,1" doraHai="58" who="1" fromWho="2" sc="207,0,224,87,322,-77,237,0" /><INIT seed="3,0,0,0,0,1" ten="207,311,245,237" oya="3" hai0="90,105,8,30,102,75,48,68,89,25,81,19,28" hai1="96,113,92,31,94,78,46,73,76,61,115,107,64" hai2="106,34,84,117,104,111,116,56,82,4,66,36,114" hai3="0,10,59,108,62,80,49,3,129,67,27,5,112"/><W16/><G112/><N who="1" m="43082" /><E46/><V21/><F114/><W53/><G108/><T124/><D68/><U121/><E61/><V132/><F111/><W47/><G129/><T100/><D124/><U71/><E64/><V63/><F36/><W43/><G80/><T130/><D130/><U74/><E31/><V41/><F34/><W51/><G27/><T9/><D105/><U7/><E71/><V52/><F41/><W97/><G97/><T58/><D75/><N who="1" m="28683" /><E7/><V23/><F106/><W33/><G33/><T65/><D81/><U29/><E29/><V50/><F104/><W60/><G0/><T22/><D48/><U120/><E107/><V38/><F38/><W135/><G135/><T57/><D65/><U14/><E14/><V55/><F55/><W79/><G79/><N who="1" m="30250" /><E96/><V17/><F4/><W44/><G16/><T123/><D123/><AGARI ba="0,0" hai="92,94,120,121,123" m="30250,28683,43082" machi="123" ten="40,8000,1" yaku="28,2,34,2" doraHai="1" who="1" fromWho="0" sc="207,-80,311,80,245,0,237,0" /><INIT seed="4,0,0,5,5,106" ten="127,391,245,237" oya="0" hai0="127,30,65,88,98,104,50,45,121,63,120,1,42" hai1="116,100,27,5,86,101,90,95,26,72,87,113,132" hai2="80,82,39,111,125,32,33,79,28,40,67,53,68" hai3="55,17,49,61,129,74,107,24,102,13,103,117,59"/><T71/><D1/><U78/><E116/><V69/><F82/><W37/><G117/><T135/><D127/><U11/><E132/><V31/><F125/><W10/><G37/><T122/><D135/><U83/><E113/><V131/><F28/><W81/><G129/><T47/><D30/><U56/><E56/><V15/><F131/><W60/><G107/><T54/><D104/><U19/><E72/><N who="2" m="43111" /><F15/><W123/><G123/><T20/><D20/><N who="1" m="13599" /><E27/><N who="2" m="18559" /><F53/><W119/><G119/><T85/><D98/><U64/><E64/><V133/><F133/><W16/><G61/><T99/><D99/><U7/><E11/><V29/><F111/><W44/><G24/><T9/><D9/><U51/><E51/><V96/><F96/><W12/><G81/><T46/><D88/><N who="1" m="53655" /><E78/><V43/><F43/><N who="3" m="24735" /><G74/><T18/><D18/><U114/><E114/><V6/><F6/><AGARI ba="0,0" hai="5,6,7,83,87,90,100,101" m="53655,13599" machi="6" ten="30,2000,0" yaku="8,1,54,1" doraHai="106" who="1" fromWho="2" sc="127,0,391,20,245,-20,237,0" /><INIT seed="5,0,0,0,3,57" ten="127,411,225,237" oya="1" hai0="51,119,83,67,19,109,128,44,70,59,40,3,116" hai1="96,72,63,54,102,8,36,5,73,2,32,18,31" hai2="38,47,71,69,89,28,84,12,52,23,100,66,4" hai3="20,53,22,15,104,110,26,55,123,65,91,86,64"/><U117/><E117/><V68/><F100/><W21/><G104/><T48/><D3/><U101/><E36/><V49/><F38/><W56/><G123/><T134/><D83/><U30/><E102/><V81/><F28/><W14/><G110/><T37/><D19/><U35/><E35/><V76/><F76/><W79/><G79/><T107/><D107/><U131/><E131/><V39/><F39/><W25/><G91/><T90/><D90/><U10/><E10/><V98/><F98/><W24/><G86/><T121/><D109/><U105/><E18/><V126/><F126/><W122/><G122/><T82/><D82/><U11/><E11/><V111/><F111/><W7/><G7/><T92/><D121/><U34/><E34/><V17/><REACH who="2" step="1"/><F4/><REACH who="2" step="2"/><W27/><N who="3" m="6656" /><DORA hai="120" /><W58/><G65/><AGARI ba="0,1" hai="12,17,23,47,49,52,65,66,68,69,71,81,84,89" machi="65" ten="40,2600,0" yaku="1,1,54,1,53,0" doraHai="57,120" doraHaiUra="129,1" who="2" fromWho="3" sc="127,0,411,0,215,36,237,-26" /><INIT seed="6,0,0,1,5,87" ten="127,411,251,211" oya="2" hai0="82,101,39,3,23,85,50,33,95,89,19,121,111" hai1="109,126,56,31,48,44,134,5,108,79,59,52,51" hai2="99,106,97,24,2,129,36,60,73,88,125,42,4" hai3="27,84,57,100,63,69,22,77,11,53,116,83,13"/><V71/><F73/><W78/><G69/><T1/><D39/><U67/><E134/><V45/><F4/><N who="3" m="3303" /><G100/><T91/><D111/><U128/><E126/><V28/><F2/><W81/><G116/><T94/><D33/><U43/><E128/><V64/><F125/><W114/><G114/><T9/><D121/><U119/><E119/><V132/><F129/><W29/><G83/><T8/><D1/><U58/><E79/><AGARI ba="0,0" hai="22,27,29,53,57,63,77,78,79,81,84" m="3303" machi="79" ten="30,1000,0" yaku="8,1" doraHai="87" who="3" fromWho="1" sc="127,0,411,-10,251,0,211,10" /><INIT seed="7,0,0,5,4,29" ten="127,401,251,221" oya="3" hai0="118,50,101,31,99,30,35,106,18,42,62,134,78" hai1="135,132,95,125,52,56,44,96,76,122,126,28,124" hai2="38,127,71,14,107,88,2,123,5,19,33,36,1" hai3="74,13,55,82,130,102,129,116,84,51,21,121,80"/><W131/><G121/><T79/><D118/><U114/><E122/><V108/><F123/><W58/><G116/><T64/><D134/><N who="1" m="51243" /><E114/><V57/><F108/><W46/><G102/><T9/><D31/><U15/><E76/><V11/><F107/><W113/><G74/><T63/><D62/><N who="1" m="36103" /><E28/><V48/><F71/><W87/><G113/><T34/><D42/><U32/><E32/><V70/><F33/><W43/><G21/><T16/><D50/><U93/><E44/><V72/><F72/><W133/><G13/><T90/><D34/><U7/><E96/><V6/><F70/><W89/><G133/><T23/><D90/><U40/><E40/><V53/><F127/><W98/><G98/><T47/><D47/><U61/><E61/><V105/><F105/><W110/><G110/><T25/><D9/><AGARI ba="0,0" hai="7,9,15,93,95,124,125,126" m="36103,51243" machi="9" ten="40,5200,0" yaku="18,1,20,1,54,1" doraHai="29" who="1" fromWho="0" sc="127,-52,401,52,251,0,221,0" owari="75,-42,453,55,251,5,221,-18" /></mjloggm>