<mjloggm ver="2.3"><GO type="169" lobby="0"/><UN n0="%E6%B0%97%E6%A5%BD%E3%81%AB%E6%89%93%E3%81%A4" n1="%6E%65%6F%40%75%6E%69" n2="%EF%BC%88%E2%89%A7%E2%96%BD%E2%89%A6%EF%BC%89" n3="%E9%B7%B9%EF%BC%93" dan="16,17,17,16" rate="2154.83,2204.35,2158.30,2110.05" sx="M,M,M,M"/><TAIKYOKU oya="0"/><INIT seed="0,0,0,2,3,110" ten="250,250,250,250" oya="0" hai0="133,62,121,46,17,131,3,60,53,108,8,85,127" hai1="99,107,43,119,72,123,92,115,30,32,114,25,65" hai2="73,26,95,51,2,37,129,59,50,97,79,68,82" hai3="49,100,96,122,81,63,7,14,132,130,86,0,80"/><T10/><D121/><U18/><E123/><V67/><F37/><W120/><G122/><T20/><D108/><U44/><E119/><V76/><F2/><W12/><G132/><T124/><D133/><U54/><E72/><V101/><F129/><W34/><G34/><T84/><D131/><U112/><E65/><V83/><F68/><W16/><G130/><T21/><D46/><U13/><E54/><V56/><F26/><W103/><G0/><T77/><D3/><U19/><E13/><V126/><F126/><W104/><G103/><T48/><D53/><U47/><E107/><V87/><REACH who="2" step="1"/><F67/><REACH who="2" ten="250,250,240,250" step="2"/><W106/><G120/><T105/><D105/><U11/><E11/><V58/><AGARI ba="0,1" hai="50,51,56,58,59,73,76,79,82,83,87,95,97,101" machi="58" ten="30,4000,0" yaku="1,1,2,1,0,1,53,0" doraHai="110" doraHaiUra="64" who="2" fromWho="2" sc="250,-20,250,-10,240,50,250,-10" /><INIT seed="1,0,0,4,4,93" ten="230,240,290,240" oya="1" hai0="70,10,123,74,128,64,22,46,87,91,124,43,36" hai1="5,83,100,9,24,71,12,79,45,28,65,66,55" hai2="13,17,31,116,135,103,15,57,14,3,98,4,40" hai3="127,133,30,52,44,75,62,18,37,41,125,27,95"/><U113/><E113/><V88/><F116/><W112/><G112/><T126/><D128/><U19/><E71/><V33/><F135/><W61/><G133/><T80/><D123/><U97/><E5/><V50/><F3/><W72/><G18/><T11/><D74/><U60/><E45/><N who="2" m="25895" /><F33/><W48/><G95/><T115/><D115/><U76/><E55/><V42/><F42/><W120/><G120/><T38/><D38/><U107/><E60/><N who="3" m="23146" /><G37/><T81/><D70/><U78/><REACH who="1" step="1"/><E83/><REACH who="1" ten="230,230,290,240" step="2"/><V26/><F4/><W94/><G52/><T89/><D64/><U90/><E90/><V73/><F88/><W6/><G6/><T101/><D91/><U59/><E59/><V92/><F57/><W121/><G121/><T111/><D81/><U0/><E0/><V84/><F103/><W29/><G127/><T77/><D101/><U63/><E63/><V2/><F2/><W114/><G125/><T8/><D126/><U25/><E25/><V21/><F26/><W96/><G114/><T16/><D124/><U134/><E134/><V104/><F14/><W117/><G27/><T34/><D89/><U58/><E58/><V129/><F13/><W49/><G117/><T82/><D80/><U109/><E109/><V102/><F15/><W105/><G44/><T108/><D111/><U118/><E118/><V132/><F132/><W130/><G130/><T86/><D108/><U119/><E119/><V53/><F53/><W47/><G47/><T1/><D1/><U85/><E85/><V67/><F84/><W32/><G75/><T110/><D110/><U68/><E68/><RYUUKYOKU ba="0,1" sc="230,-10,230,30,290,-10,240,-10" hai1="9,12,19,24,28,65,66,76,78,79,97,100,107" /><INIT seed="1,1,1,4,1,34" ten="220,260,280,230" oya="1" hai0="84,58,93,9,44,103,54,107,2,125,50,77,4" hai1="59,29,120,56,67,70,15,100,90,3,131,11,123" hai2="14,132,98,86,31,39,79,25,127,16,13,119,47" hai3="118,41,80,95,66,42,64,37,74,94,85,22,75"/><U27/><E131/><V115/><F119/><W130/><G118/><T133/><D125/><U113/><E113/><V121/><F121/><W117/><G117/><T12/><D133/><U43/><E100/><V60/><F127/><W32/><G32/><T30/><D30/><U129/><E3/><V46/><F132/><W6/><G130/><T40/><D107/><U52/><E43/><V21/><F115/><W73/><G6/><T126/><D126/><U83/><E70/><V51/><F39/><W109/><G109/><T101/><D2/><U114/><E129/><V135/><F135/><W8/><G8/><T87/><D87/><U0/><E0/><V99/><F60/><W62/><G22/><T18/><D18/><U106/><E106/><V68/><F68/><W26/><G26/><T45/><D45/><N who="2" m="16906" /><F51/><W72/><G37/><T61/><REACH who="0" step="1"/><D93/><REACH who="0" ten="210,260,280,230" step="2"/><U76/><E114/><V105/><F105/><W23/><G73/><T111/><D111/><U20/><E123/><V7/><F7/><W124/><G75/><T35/><D35/><U128/><E120/><V91/><F31/><W78/><G72/><T97/><D97/><N who="2" m="36874" /><F79/><W55/><G74/><T89/><D89/><U88/><E90/><V19/><F19/><W102/><G124/><T65/><D65/><U33/><E67/><V63/><F91/><W116/><G64/><T28/><D28/><U53/><E29/><V96/><F96/><W104/><G66/><T110/><D110/><U82/><E76/><V92/><F86/><W10/><G85/><T38/><D38/><U112/><E112/><V122/><F122/><RYUUKYOKU ba="1,2" sc="210,30,260,-10,280,-10,230,-10" hai0="4,9,12,40,44,50,54,58,61,77,84,101,103" /><INIT seed="2,2,2,3,2,65" ten="240,250,270,220" oya="2" hai0="62,34,42,16,85,76,81,10,7,108,14,94,89" hai1="101,117,80,39,111,48,91,121,44,98,20,75,92" hai2="133,110,130,61,50,23,63,97,106,129,6,135,128" hai3="54,41,28,27,56,115,38,93,77,37,18,67,46"/><V9/><F23/><W36/><G115/><T103/><D108/><U66/><E111/><V29/><F29/><W74/><G18/><T31/><D103/><U78/><E117/><V127/><F110/><W59/><G67/><T15/><D42/><U132/><E66/><V55/><F97/><W126/><G126/><T68/><D31/><U116/><E116/><V122/><F106/><W72/><G59/><T105/><D105/><U52/><E39/><V64/><F122/><W45/><G93/><T47/><D34/><U32/><E32/><V13/><F127/><W83/><G74/><T87/><D47/><U118/><E118/><V95/><F95/><W86/><G72/><T100/><D100/><U70/><E70/><N who="2" m="42255" /><F63/><W131/><G131/><T2/><D62/><U125/><E125/><V25/><F25/><W3/><G3/><T99/><D2/><U11/><E20/><V49/><F49/><W107/><G107/><T5/><D68/><U26/><E26/><V134/><F130/><W114/><G114/><T104/><D104/><U84/><E11/><V113/><F113/><W60/><G45/><AGARI ba="2,2" hai="6,9,13,45,50,55,128,129,133,134,135" m="42255" machi="45" ten="30,2900,0" yaku="20,1,52,1" doraHai="65" who="2" fromWho="3" sc="240,0,250,0,270,55,220,-35" /><INIT seed="2,3,0,3,2,7" ten="240,250,325,185" oya="2" hai0="104,84,1,94,98,66,49,50,24,118,70,11,53" hai1="28,29,91,47,32,0,8,14,110,73,6,96,15" hai2="115,64,75,4,46,67,36,83,31,9,89,72,52" hai3="106,45,55,2,65,112,100,81,5,57,22,129,21"/><V30/><F115/><W95/><G129/><T61/><D118/><U114/><E73/><V88/><F36/><W82/><G112/><T17/><D24/><U133/><E114/><V135/><F135/><W58/><G106/><T79/><D104/><U68/><E68/><V97/><F75/><W62/><G45/><T43/><D43/><U26/><E133/><V123/><F123/><W69/><G69/><T125/><D125/><U127/><E29/><N who="2" m="10763" /><F72/><W74/><G2/><T78/><D84/><U16/><E127/><V107/><F107/><W44/><G44/><T121/><D121/><U25/><E47/><V59/><F46/><W13/><G74/><T3/><D3/><U18/><E91/><N who="2" m="34891" /><F83/><W113/><G113/><T99/><D1/><U42/><E96/><V130/><F97/><N who="3" m="59455" /><G82/><T19/><D99/><U41/><E26/><V87/><F87/><W124/><G81/><T56/><D78/><U12/><E42/><V117/><F117/><W109/><G124/><T93/><D79/><U71/><E41/><V77/><F77/><W38/><G38/><T63/><D93/><U108/><E71/><V23/><F130/><W39/><G39/><T92/><D94/><U27/><E27/><V103/><F103/><W105/><G105/><T85/><D85/><U126/><E126/><V90/><F90/><W122/><G122/><T40/><D92/><U76/><E76/><V101/><F101/><W10/><G109/><AGARI ba="3,0" hai="0,6,8,12,14,15,16,18,25,28,32,108,109,110" machi="109" ten="40,12000,2" yaku="14,1,34,3,52,1,54,1" doraHai="7" who="1" fromWho="3" sc="240,0,250,129,325,0,185,-129" /><INIT seed="3,0,0,3,4,68" ten="240,379,325,56" oya="3" hai0="57,3,128,13,24,0,22,41,112,102,89,48,71" hai1="25,18,79,1,88,84,97,78,87,34,85,62,38" hai2="132,66,27,37,63,51,70,19,43,124,98,80,29" hai3="130,21,113,96,115,31,2,105,28,6,55,121,35"/><W56/><G121/><T69/><D128/><U83/><E38/><V50/><F132/><W106/><G130/><T11/><D112/><U12/><E1/><V60/><F124/><W49/><G35/><T14/><D102/><U123/><E123/><V16/><F80/><W114/><G21/><T10/><D89/><U107/><E62/><V126/><F126/><W67/><G67/><T33/><D41/><U110/><E110/><V44/><F63/><W95/><G106/><T94/><D94/><U119/><E25/><V75/><F75/><W127/><G127/><T76/><D57/><U77/><E34/><V64/><F64/><W54/><G105/><T8/><D48/><U82/><E119/><V99/><F50/><W111/><G111/><T131/><D131/><U26/><E26/><V135/><F135/><W72/><G72/><T15/><D76/><U7/><E7/><V103/><F37/><W92/><G55/><T117/><D117/><U9/><E107/><N who="2" m="63991" /><F99/><W46/><G46/><T100/><D100/><U90/><E97/><V108/><F108/><W32/><G32/><AGARI ba="0,0" hai="16,19,27,29,32,43,44,51,60,66,70" m="63991" machi="32" ten="30,2000,0" yaku="25,1,54,1" doraHai="68" who="2" fromWho="3" sc="240,0,379,0,325,20,56,-20" /><INIT seed="4,0,0,5,3,49" ten="240,379,345,36" oya="0" hai0="102,116,107,25,121,5,114,77,103,13,69,129,33" hai1="97,110,35,72,2,18,134,94,82,66,87,92,101" hai2="115,111,86,80,65,131,74,79,95,120,57,9,85" hai3="23,16,12,124,75,93,91,59,104,83,62,70,61"/><T113/><D116/><U0/><E35/><V8/><F120/><W37/><G124/><T122/><D69/><U48/><E110/><V50/><F111/><W31/><G37/><T81/><D5/><U132/><E66/><V24/><F131/><W52/><G104/><T14/><D129/><U88/><E18/><V3/><F115/><N who="0" m="44042" /><D33/><U89/><E48/><V11/><F3/><W105/><G105/><T42/><D42/><U43/><E43/><V73/><F24/><W46/><G46/><T29/><D121/><U45/><E45/><V20/><F20/><W117/><G117/><T71/><D71/><U32/><E32/><V67/><F74/><W56/><G70/><T119/><D119/><U76/><REACH who="1" step="1"/><E101/><REACH who="1" ten="240,369,345,36" step="2"/><V53/><F73/><W126/><G126/><T36/><D122/><U99/><E99/><V28/><F28/><W123/><G123/><T6/><D36/><U133/><AGARI ba="0,1" hai="0,2,72,76,82,87,88,89,92,94,97,132,133,134" machi="133" ten="30,7900,0" yaku="1,1,0,1,20,1,54,1,53,0" doraHai="49" doraHaiUra="109" who="1" fromWho="1" sc="240,-39,369,89,345,-20,36,-20" /><INIT seed="5,0,0,2,0,80" ten="201,458,325,16" oya="1" hai0="22,103,58,53,112,74,77,9,70,21,2,122,90" hai1="91,120,35,4,104,1,84,18,48,128,39,131,62" hai2="134,78,41,99,57,33,101,26,50,126,81,105,23" hai3="133,7,123,8,3,129,66,5,27,15,11,130,13"/><U37/><E35/><V127/><F33/><W107/><G107/><T102/><D112/><U17/><E104/><V68/><F68/><W124/><G66/><T109/><D109/><U69/><E48/><V113/><F113/><W79/><G79/><T32/><D122/><U44/><E120/><V42/><F134/><W61/><G61/><T67/><D32/><U12/><E4/><V72/><F57/><W94/><G123/><T29/><D70/><U20/><E1/><V92/><F105/><W132/><G94/><T88/><D67/><N who="1" m="41207" /><E18/><N who="2" m="12663" /><F50/><W83/><G83/><T108/><D108/><U24/><E24/><V117/><F117/><W75/><G75/><T97/><D77/><U25/><E25/><V63/><F63/><W98/><G98/><T71/><D74/><U28/><E44/><V96/><F96/><W45/><G45/><T16/><D71/><U86/><E28/><V121/><F121/><W47/><G47/><T43/><D43/><U65/><E65/><V59/><F59/><W106/><G106/><T30/><D2/><U49/><E49/><V110/><F110/><W87/><G87/><N who="1" m="33322" /><E91/><N who="0" m="34857" /><D29/><U100/><E100/><N who="0" m="38441" /><D97/><U76/><E76/><V51/><F51/><W54/><G27/><T64/><D30/><U46/><E46/><V118/><F118/><W0/><REACH who="3" step="1"/><G54/><REACH who="3" ten="201,458,325,6" step="2"/><T52/><D64/><U55/><E55/><N who="0" m="21065" /><D58/><U6/><E39/><V14/><F78/><W119/><G119/><T125/><D125/><AGARI ba="0,1" hai="0,3,5,7,8,11,13,15,124,125,129,130,132,133" machi="125" ten="25,12000,2" yaku="1,1,22,2,34,3,53,0" doraHai="80" doraHaiUra="111" who="3" fromWho="0" sc="201,-120,458,0,325,0,6,130" /><INIT seed="6,0,0,3,5,11" ten="81,458,325,136" oya="2" hai0="12,79,100,5,87,114,93,52,117,64,70,36,94" hai1="38,73,56,4,128,101,127,55,134,60,119,130,116" hai2="37,17,102,62,72,30,24,78,109,125,14,76,80" hai3="26,105,51,16,50,81,57,21,110,90,113,97,13"/><V89/><F37/><W118/><G110/><T3/><D114/><U121/><E73/><V99/><F109/><W31/><G118/><T84/><D117/><U91/><E101/><V9/><F125/><W49/><G113/><T71/><D3/><U39/><E4/><V133/><F133/><W41/><G41/><T8/><D36/><U92/><E121/><V2/><F2/><W135/><G135/><T33/><D33/><U111/><E111/><V10/><F62/><W126/><G126/><T27/><D27/><U123/><E123/><V54/><F54/><W66/><G105/><T7/><D100/><U23/><E127/><V42/><F42/><W15/><G81/><T115/><D115/><U88/><E134/><V65/><F65/><W83/><G83/><T129/><D129/><N who="1" m="49771" /><E38/><V61/><F61/><N who="3" m="38191" /><G31/><T108/><D108/><U34/><E34/><V112/><F112/><W82/><G82/><T131/><D131/><U106/><E106/><V29/><F76/><W28/><G28/><T58/><D79/><U46/><E23/><V47/><F80/><W44/><G44/><T0/><D64/><U103/><E119/><V67/><F67/><W63/><G63/><N who="0" m="36295" /><D70/><U104/><E104/><V120/><F78/><W43/><G43/><T35/><D35/><U86/><E116/><V48/><F120/><W95/><AGARI ba="0,0" hai="13,15,16,21,26,49,50,51,90,95,97" m="38191" machi="95" ten="30,7900,0" yaku="8,1,52,2,54,1" doraHai="11" who="3" fromWho="3" sc="81,-20,458,-20,325,-39,136,79" /><INIT seed="7,0,0,4,1,90" ten="61,438,286,215" oya="3" hai0="37,130,33,47,129,5,54,75,16,58,125,29,17" hai1="25,92,45,31,103,119,107,116,111,65,10,86,97" hai2="101,48,122,55,67,41,1,57,32,40,106,114,93" hai3="131,100,7,118,39,85,27,9,91,133,35,59,74"/><W53/><G118/><N who="1" m="45098" /><E111/><V115/><F106/><W124/><G74/><T44/><D75/><U113/><E113/><N who="2" m="43019" /><F1/><W20/><G133/><T135/><D58/><U77/><E10/><V66/><F32/><W80/><G131/><T6/><D33/><N who="1" m="20719" /><E45/><V109/><F122/><W79/><G124/><T49/><D49/><U132/><E65/><N who="2" m="24587" /><F109/><W88/><G100/><T52/><D29/><U99/><E86/><V4/><F4/><W102/><G102/><T21/><D21/><U110/><E77/><V42/><F42/><W50/><G39/><T104/><D104/><U94/><E110/><V19/><F19/><W3/><REACH who="3" step="1"/><G35/><REACH who="3" ten="61,438,286,205" step="2"/><T123/><D37/><U30/><E132/><V68/><F68/><W105/><G105/><T22/><D135/><U84/><E107/><V70/><F70/><W89/><G89/><T56/><D56/><U134/><E134/><V34/><F34/><W127/><G127/><T76/><D125/><U28/><E99/><AGARI ba="0,1" hai="40,41,48,55,57,93,99,101" m="24587,43019" machi="99" ten="30,2000,0" yaku="15,1,52,1" doraHai="90" who="2" fromWho="1" sc="61,0,438,-20,286,30,205,0" owari="61,-44.0,418,51.0,316,12.0,205,-19.0" /></mjloggm>