<mjloggm ver="2.3"><GO type="41"/><UN n0="%E3%83%99%E3%83%AB%E3%82%92%E7%9B%97%E3%82%81%EF%BC%81" n1="%E3%82%A6%E3%83%AB%E3%83%88%E3%83%A9%E7%AB%8B%E7%9B%B4" n2="%E3%83%88%E3%82%B7%E3%83%AD%E3%83%BC" n3="%E3%83%9E%E3%83%83%E3%82%AD%E3%83%BC%2E" dan="14,15,13,15" rate="1909,2033,1833,1939" sx="M,M,M,F"/><TAIKYOKU oya="0"/><INIT seed="0,0,0,1,1,15" ten="250,250,250,250" oya="0" hai0="111,87,47,108,9,10,24,73,32,58,134,27,14" hai1="86,74,124,59,95,20,55,65,96,93,128,118,11" hai2="79,120,70,46,75,69,0,98,126,104,92,66,41" hai3="60,119,130,23,3,88,97,115,106,127,57,21,121"/><T40/><D73/><U129/><E74/><V6/><F92/><W83/><G3/><T67/><D134/><U82/><E65/><V90/><F90/><W101/><G119/><T63/><D87/><U116/><E20/><V30/><F120/><W102/><G115/><T18/><D10/><U42/><E42/><V99/><F99/><W38/><G38/><T91/><D91/><U31/><E31/><V62/><F126/><W43/><G127/><T122/><D122/><U61/><E11/><N who="2" m="2503" /><F30/><W33/><G121/><T135/><D135/><U112/><E112/><V54/><F54/><W72/><G43/><T80/><D80/><U77/><E124/><V29/><F29/><W4/><G33/><T44/><D32/><U113/><E113/><V2/><F62/><W110/><G110/><N who="0" m="42027" /><D44/><U39/><E39/><AGARI ba="0,0" hai="9,14,18,24,27,39,40,47,58,63,67" m="42027" machi="39" ten="30,5800,0" yaku="14,1,10,1,52,1" doraHai="15" who="0" fromWho="1" sc="250,58,250,-58,250,0,250,0" /><INIT seed="0,1,0,0,2,80" ten="308,192,250,250" oya="0" hai0="81,96,116,95,25,64,85,128,79,134,106,16,14" hai1="3,45,121,13,94,36,28,23,117,131,102,47,133" hai2="97,4,30,109,26,65,5,71,32,110,29,12,130" hai3="98,91,114,68,31,115,93,6,129,41,66,125,8"/><T92/><D116/><U9/><E3/><V69/><F65/><W62/><G125/><T104/><D25/><U72/><E72/><V54/><F97/><W48/><G129/><T122/><D122/><U20/><E121/><V44/><F130/><W90/><G90/><T73/><D128/><U74/><E117/><V103/><F103/><W127/><G31/><T61/><D134/><U57/><E74/><V89/><F30/><W78/><G78/><T83/><D83/><U56/><E133/><V40/><F12/><W53/><G41/><T101/><D95/><U111/><E111/><N who="2" m="42507" /><F54/><W124/><G124/><T108/><D108/><U37/><E131/><V43/><F89/><W70/><G70/><N who="2" m="26633" /><F43/><W100/><G100/><T58/><D73/><U49/><E28/><V76/><F76/><W0/><REACH who="3" step="1"/><G127/><REACH who="3" ten="308,192,250,240" step="2"/><T135/><REACH who="0" step="1"/><D135/><REACH who="0" ten="298,192,250,240" step="2"/><U21/><E94/><V51/><AGARI ba="1,2" hai="4,5,26,29,32,40,44,51" m="26633,42507" machi="51" ten="30,1100,0" yaku="14,1" doraHai="80" who="2" fromWho="2" sc="298,-6,192,-4,250,34,240,-4" /><INIT seed="1,0,0,2,4,0" ten="292,188,284,236" oya="1" hai0="24,76,35,99,2,40,15,131,96,51,86,54,121" hai1="134,16,37,115,69,14,9,77,109,124,100,94,27" hai2="126,22,20,106,34,56,59,102,6,114,53,48,38" hai3="32,1,132,111,52,39,122,74,68,90,117,88,123"/><U44/><E115/><V116/><F116/><W7/><G7/><T64/><D2/><U57/><E69/><V87/><F38/><W5/><G5/><T61/><D131/><U70/><E70/><V66/><F114/><W67/><G67/><T129/><D129/><U101/><E124/><V58/><F34/><W81/><G52/><T112/><D112/><U119/><E119/><V10/><F126/><W83/><G83/><T8/><D40/><U84/><E134/><V21/><F87/><W133/><G81/><T127/><D127/><U43/><E109/><V47/><F66/><W3/><G68/><T46/><D121/><U95/><E77/><V26/><F102/><W110/><G117/><T118/><D118/><U11/><E11/><V128/><F106/><W108/><G108/><T71/><D76/><U72/><E72/><V19/><REACH who="2" step="1"/><F128/><REACH who="2" ten="292,188,274,236" step="2"/><W18/><G32/><T55/><D35/><U25/><E100/><V73/><F73/><W104/><G74/><T49/><D64/><U12/><E101/><V130/><F130/><W75/><G75/><T78/><D86/><U105/><E105/><V50/><F50/><W120/><G120/><T45/><D51/><U4/><E84/><V85/><F85/><W28/><G104/><T31/><D49/><U93/><REACH who="1" step="1"/><E57/><REACH who="1" ten="292,178,274,236" step="2"/><V41/><F41/><W89/><G132/><T17/><D71/><U33/><E33/><V60/><F60/><W13/><G133/><T97/><D61/><U62/><E62/><V63/><F63/><W36/><G111/><T65/><D65/><U82/><E82/><V91/><F91/><RYUUKYOKU ba="0,2" sc="292,-15,178,15,274,15,236,-15" hai1="4,9,12,14,16,25,27,37,43,44,93,94,95" hai2="6,10,19,20,21,22,26,47,48,53,56,58,59" /><INIT seed="1,1,2,5,5,63" ten="277,193,289,221" oya="1" hai0="33,30,21,117,91,114,99,6,121,118,8,56,70" hai1="110,28,81,111,77,86,73,10,68,120,128,89,47" hai2="31,19,3,90,51,12,66,72,23,57,15,45,34" hai3="132,78,62,130,115,93,69,65,79,100,53,119,107"/><U109/><E68/><V24/><F3/><W127/><G115/><T11/><D70/><U37/><E120/><V1/><F1/><W48/><G107/><T113/><D91/><U58/><E128/><V76/><F72/><W13/><G130/><T64/><D99/><U106/><E106/><V2/><F2/><W102/><G132/><T55/><D55/><U104/><E104/><V83/><F76/><W135/><G135/><T85/><D85/><U49/><E28/><V60/><F83/><W54/><G119/><N who="0" m="45579" /><D64/><U32/><E32/><V7/><F7/><W35/><G35/><T71/><D56/><U67/><E10/><V4/><F4/><W0/><G0/><N who="0" m="71" /><D71/><U20/><E20/><V131/><F131/><W41/><G79/><T17/><D11/><U14/><E37/><V38/><F38/><W112/><G78/><T40/><D40/><N who="1" m="24807" /><E73/><V43/><REACH who="2" step="1"/><F90/><REACH who="2" ten="277,193,279,221" step="2"/><W46/><G100/><T108/><D121/><U82/><E82/><V80/><F80/><W36/><G102/><T50/><D114/><U26/><E89/><V124/><F124/><W122/><G112/><T87/><D113/><U126/><E126/><V61/><F61/><W44/><G127/><T75/><D75/><U18/><E109/><V59/><F59/><W96/><G122/><T42/><D108/><U25/><E110/><V116/><F116/><W84/><G62/><T98/><D50/><U134/><E111/><V74/><F74/><W125/><G125/><T5/><D5/><U22/><E134/><V123/><F123/><W29/><G48/><T105/><D105/><U9/><E9/><RYUUKYOKU ba="1,3" sc="277,-15,193,15,279,15,221,-15" hai1="14,18,22,25,26,58,67,77,81,86" hai2="12,15,19,23,24,31,34,43,45,51,57,60,66" /><INIT seed="1,2,3,3,3,75" ten="262,208,294,206" oya="1" hai0="77,64,87,89,21,81,52,24,3,126,129,96,106" hai1="67,101,82,108,10,118,134,127,74,122,38,30,12" hai2="0,6,46,114,97,35,50,49,39,102,48,68,109" hai3="95,17,32,94,98,69,54,80,26,86,135,130,84"/><U88/><E122/><V29/><F109/><W107/><G69/><T115/><D115/><U76/><E118/><V90/><F114/><W103/><G130/><T23/><D3/><U85/><E38/><V132/><F132/><W63/><G135/><T14/><D129/><U31/><E134/><V100/><F68/><W44/><G84/><T92/><D126/><U1/><E1/><V58/><F6/><W22/><G32/><T37/><D37/><U61/><E101/><V125/><F0/><W131/><G131/><T15/><D64/><U47/><E47/><V104/><F125/><W79/><REACH who="3" step="1"/><G44/><REACH who="3" ten="262,208,294,196" step="2"/><T124/><D124/><U28/><E127/><V8/><F46/><W41/><G41/><T83/><D83/><U27/><E108/><V34/><F35/><W116/><G116/><T78/><D106/><U2/><E2/><V128/><F104/><W19/><G19/><T62/><D23/><U112/><E112/><V11/><F128/><W72/><G72/><T33/><D33/><U45/><E45/><V4/><F58/><AGARI ba="2,4" hai="17,22,26,54,58,63,79,80,86,94,95,98,103,107" machi="58" ten="40,2600,0" yaku="1,1,52,1,53,0" doraHai="75" doraHaiUra="70" who="3" fromWho="2" sc="262,0,208,0,294,-32,196,72" /><INIT seed="2,0,0,3,4,35" ten="262,208,262,268" oya="2" hai0="46,64,37,99,98,0,90,32,8,12,68,124,9" hai1="41,120,34,104,103,38,77,16,95,11,52,53,40" hai2="72,3,59,135,132,39,54,51,128,14,44,91,26" hai3="127,74,33,61,130,119,58,96,17,5,4,84,29"/><V70/><F128/><W13/><G119/><T67/><D32/><U1/><E34/><V49/><F70/><W85/><G74/><T6/><D124/><U65/><E104/><V73/><F39/><W102/><G130/><T94/><D68/><U88/><E65/><V105/><F105/><W87/><G127/><T100/><D37/><U118/><E103/><V76/><F26/><W66/><G29/><T80/><D46/><U71/><E71/><V78/><F91/><W117/><G33/><T43/><D43/><N who="1" m="16459" /><E1/><V126/><F126/><W108/><G108/><T92/><REACH who="0" step="1"/><D80/><REACH who="0" ten="252,208,262,268" step="2"/><U60/><E38/><V45/><F45/><W63/><G117/><T79/><D79/><U56/><E118/><V131/><F78/><W121/><G121/><T97/><D97/><N who="1" m="57575" /><E120/><V23/><F131/><W125/><G125/><T47/><D47/><U19/><E77/><V110/><F76/><W114/><G96/><T55/><D55/><U24/><E53/><V106/><F54/><W133/><G133/><T62/><D62/><U36/><E36/><V111/><F135/><W48/><G63/><T20/><D20/><U115/><E115/><V81/><F132/><W86/><G114/><T57/><D57/><U18/><E11/><V27/><F111/><W10/><G58/><T116/><D116/><U42/><E42/><V31/><F59/><W82/><G61/><T21/><D21/><AGARI ba="0,1" hai="16,18,19,21,24,52,56,60" m="57575,16459" machi="21" ten="30,8000,1" yaku="25,1,8,1,54,3" doraHai="35" who="1" fromWho="0" sc="252,-80,208,90,262,0,268,0" /><INIT seed="3,0,0,5,3,48" ten="172,298,262,268" oya="3" hai0="38,17,65,111,26,66,85,78,93,44,33,39,117" hai1="99,13,45,49,122,76,3,18,105,8,35,56,0" hai2="135,9,107,54,43,126,61,11,121,37,64,14,83" hai3="116,118,82,21,10,132,1,114,86,120,98,34,91"/><W30/><G120/><T79/><D117/><U74/><E35/><V112/><F121/><W109/><G114/><T23/><D111/><U32/><E32/><V115/><F107/><W4/><G34/><T103/><D33/><U40/><E122/><V36/><F135/><W80/><G132/><T77/><D39/><U16/><E76/><V127/><F83/><W119/><G109/><T5/><D5/><U88/><E74/><V22/><F22/><W70/><G70/><T68/><D68/><U84/><E99/><V25/><F14/><W19/><G30/><T29/><D29/><U73/><E105/><V134/><F25/><W12/><REACH who="3" step="1"/><G98/><REACH who="3" ten="172,298,262,258" step="2"/><T87/><D87/><U101/><E73/><V129/><F134/><W52/><G52/><T75/><D75/><U133/><E133/><V42/><F129/><W95/><AGARI ba="0,1" hai="1,4,10,12,19,21,80,82,86,91,95,116,118,119" machi="95" ten="30,6000,0" yaku="1,1,0,1,53,1" doraHai="48" doraHaiUra="2" who="3" fromWho="3" sc="172,-20,298,-20,262,-20,258,70" /><INIT seed="3,1,0,1,2,98" ten="152,278,242,328" oya="3" hai0="33,119,24,18,5,13,92,135,93,64,25,8,89" hai1="39,9,1,104,38,118,62,107,106,124,81,85,100" hai2="70,20,7,56,105,67,80,77,22,6,131,132,96" hai3="94,36,3,134,63,15,2,51,90,72,113,117,30"/><W10/><G117/><T129/><D119/><U130/><E62/><V49/><F132/><W48/><G113/><T53/><D135/><U59/><E59/><V23/><F131/><W99/><G36/><T88/><D64/><U50/><E50/><V55/><F70/><W111/><G134/><T0/><D129/><U101/><E118/><V116/><F67/><W86/><G72/><T84/><D33/><U95/><E130/><V103/><REACH who="2" step="1"/><F116/><REACH who="2" ten="152,278,232,328" step="2"/><W17/><G111/><T127/><D127/><U74/><E124/><V31/><F31/><W83/><G30/><T57/><D0/><U68/><E68/><V128/><F128/><W66/><G3/><T35/><D35/><U97/><E1/><V4/><F4/><W126/><G2/><T79/><D5/><U34/><E34/><V42/><F42/><W54/><G126/><T73/><D73/><AGARI ba="1,1" hai="6,7,20,22,23,49,55,56,73,77,80,96,103,105" machi="73" ten="40,2600,0" yaku="1,1,52,1,53,0" doraHai="98" doraHaiUra="37" who="2" fromWho="0" sc="152,-29,278,0,232,39,328,0" /><INIT seed="4,0,0,5,4,68" ten="123,278,271,328" oya="0" hai0="45,114,134,21,79,11,85,42,36,112,125,126,55" hai1="32,38,105,57,24,18,8,82,101,89,104,119,65" hai2="23,111,80,63,62,132,30,51,87,13,110,33,91" hai3="116,58,37,4,118,64,66,53,25,6,95,107,100"/><T76/><D21/><U88/><E119/><V98/><F33/><W78/><G78/><T106/><D106/><U133/><E133/><V26/><F132/><W44/><G107/><T40/><D134/><U52/><E104/><V94/><F13/><W5/><G25/><T70/><D70/><U109/><E101/><V43/><F43/><W108/><G108/><T127/><D42/><U41/><E105/><V7/><F7/><W97/><G37/><T20/><D20/><U124/><E109/><V29/><F111/><W48/><REACH who="3" step="1"/><G44/><REACH who="3" ten="123,278,271,318" step="2"/><T90/><D55/><U130/><E38/><V2/><F110/><W15/><G15/><T113/><REACH who="0" step="1"/><D11/><REACH who="0" ten="113,278,271,318" step="2"/><U22/><E8/><V60/><F23/><W77/><G77/><T34/><D34/><U72/><E32/><V99/><F26/><W46/><G46/><T135/><D135/><U131/><E24/><V115/><F30/><W3/><G3/><T93/><AGARI ba="0,2" hai="36,40,45,76,79,85,90,93,112,113,114,125,126,127" machi="93" ten="40,12000,1" yaku="1,1,0,1,15,1,18,1,52,1,53,0" doraHai="68" doraHaiUra="49" who="0" fromWho="0" sc="113,140,278,-40,271,-40,318,-40" /><INIT seed="4,1,0,5,0,100" ten="253,238,231,278" oya="0" hai0="110,26,24,78,98,97,55,50,118,6,29,62,120" hai1="132,40,30,108,76,12,20,38,116,88,86,60,47" hai2="64,126,74,73,4,23,21,83,58,67,49,28,135" hai3="35,10,32,13,57,127,9,37,46,131,71,115,19"/><T133/><D120/><U22/><E116/><V87/><F4/><W15/><G71/><T129/><D118/><U39/><E108/><V107/><F135/><W93/><G115/><T69/><D6/><U27/><E132/><V79/><F126/><W128/><G127/><T54/><D133/><U7/><E76/><V111/><F111/><W105/><G105/><T91/><D78/><U70/><E39/><V52/><F107/><W96/><G57/><T63/><D110/><U121/><E121/><V16/><F28/><W81/><G81/><T2/><D2/><U43/><E43/><V0/><F0/><W56/><G56/><T92/><D129/><N who="3" m="49737" /><G46/><T1/><D1/><U34/><E12/><V114/><F23/><W14/><G37/><T75/><D75/><U3/><E3/><V125/><F114/><W53/><G53/><T25/><D69/><U51/><E7/><V48/><F125/><W102/><G15/><T42/><D29/><U124/><E124/><V101/><F101/><W36/><G36/><T84/><D42/><U17/><E38/><V109/><F109/><W119/><G119/><T68/><D68/><U8/><E70/><V117/><F117/><W112/><G112/><T77/><D77/><U123/><E123/><V95/><F74/><W33/><G33/><T65/><D65/><N who="2" m="25162" /><F73/><W61/><G61/><N who="0" m="23051" /><D50/><U66/><E60/><N who="2" m="35911" /><F95/><W106/><G106/><T41/><D41/><U130/><E130/><V122/><F122/><W44/><G35/><T134/><D134/><U45/><E34/><V31/><F31/><W82/><G32/><T85/><D92/><RYUUKYOKU ba="1,0" sc="253,-10,238,-10,231,30,278,-10" hai2="16,21,48,49,79,83,87" /><INIT seed="5,2,0,0,0,48" ten="243,228,261,268" oya="1" hai0="69,77,36,131,108,118,16,125,4,84,97,42,100" hai1="47,105,99,67,95,12,110,27,18,49,119,63,57" hai2="65,124,93,70,107,20,45,74,122,127,50,98,113" hai3="26,103,120,115,90,22,13,56,121,75,111,89,132"/><U60/><E105/><V62/><F122/><W38/><G111/><T21/><D108/><U17/><E110/><V133/><F74/><W71/><G71/><T64/><D118/><U51/><E119/><V54/><F107/><W46/><G75/><T2/><D131/><U68/><E27/><V129/><F129/><W7/><G103/><T37/><D125/><N who="2" m="48202" /><F133/><W15/><G115/><T66/><D4/><U86/><E86/><V117/><F117/><W9/><G15/><T79/><D2/><U94/><E94/><V112/><F20/><W35/><G35/><T28/><D28/><U80/><E80/><V53/><F53/><W88/><G132/><T109/><D109/><U24/><E24/><V32/><F32/><W114/><G114/><N who="2" m="44137" /><F93/><W8/><G8/><T83/><D42/><U58/><E63/><V78/><F78/><W81/><G120/><T40/><D40/><U92/><E92/><V101/><F101/><W102/><G121/><T76/><D76/><U104/><E104/><V82/><F82/><W130/><G102/><T3/><D79/><U85/><E85/><V123/><F98/><W43/><G130/><T106/><D97/><U0/><E95/><V135/><F123/><W96/><G96/><T55/><D100/><U91/><E91/><V11/><F11/><W6/><G81/><T52/><D106/><U39/><E99/><V29/><F29/><N who="3" m="17623" /><G6/><T33/><D33/><U72/><E72/><V5/><F5/><W1/><G1/><T134/><D83/><U19/><E0/><V116/><F116/><W126/><G126/><T128/><D134/><RYUUKYOKU ba="2,0" sc="243,-15,228,-15,261,15,268,15" hai2="45,50,54,62,65,70,135" hai3="7,9,13,38,43,46,56,88,89,90" /><INIT seed="6,3,0,2,4,91" ten="228,213,276,283" oya="2" hai0="25,128,81,127,65,27,28,123,35,32,60,113,107" hai1="104,129,101,97,59,76,10,84,17,7,73,61,39" hai2="125,108,23,79,77,51,69,9,12,54,1,16,11" hai3="43,94,19,99,48,122,47,53,118,40,20,87,132"/><V134/><F69/><W135/><G118/><T67/><D123/><U92/><E39/><V6/><F108/><W31/><G31/><T58/><D113/><U4/><E129/><V100/><F134/><N who="3" m="51243" /><G87/><T42/><D107/><U13/><E73/><V124/><F100/><N who="3" m="60535" /><G122/><T33/><D128/><U96/><E76/><V83/><F11/><W112/><G112/><T121/><D121/><U56/><E84/><V8/><F8/><W88/><G88/><T38/><D28/><U3/><E3/><V85/><REACH who="2" step="1"/><F79/><REACH who="2" ten="228,213,266,283" step="2"/><W55/><G40/><T102/><D42/><U98/><E104/><V22/><F22/><W71/><G71/><T66/><D102/><U120/><E120/><V45/><AGARI ba="3,1" hai="1,6,9,12,16,23,45,51,54,77,83,85,124,125" machi="45" ten="30,6000,0" yaku="1,1,0,1,54,1,53,0" doraHai="91" doraHaiUra="57" who="2" fromWho="2" sc="228,-23,213,-23,266,79,283,-23" /><INIT seed="6,4,0,0,4,81" ten="205,190,345,260" oya="2" hai0="82,53,135,134,20,105,125,124,29,54,34,47,62" hai1="6,38,39,24,4,21,70,32,36,59,102,67,2" hai2="87,64,78,66,5,61,93,33,112,57,3,48,15" hai3="118,73,45,44,28,77,56,23,84,114,131,37,50"/><V43/><F112/><W52/><G118/><T72/><D105/><U63/><E2/><V30/><F3/><W100/><G73/><T94/><D34/><U91/><E32/><V98/><F33/><W8/><G114/><T117/><D117/><U113/><E113/><V75/><F30/><W17/><G131/><T69/><D94/><U1/><E1/><V58/><F75/><W126/><G126/><N who="0" m="48747" /><D29/><U46/><E46/><N who="2" m="25695" /><F5/><W116/><G116/><T55/><D20/><U40/><E40/><V132/><F132/><N who="0" m="50730" /><D72/><U31/><E70/><V96/><F15/><W99/><G8/><T68/><D82/><U104/><E104/><V42/><F42/><W107/><G37/><T120/><D120/><U16/><E102/><V19/><F19/><W86/><G28/><T92/><D92/><U12/><REACH who="1" step="1"/><E91/><REACH who="1" ten="205,180,345,260" step="2"/><N who="2" m="53503" /><F78/><W108/><G77/><T7/><D7/><U51/><E51/><V13/><F13/><W22/><G50/><N who="0" m="28895" /><D69/><U109/><E109/><V76/><F76/><W123/><G100/><T18/><D18/><U41/><E41/><V90/><F90/><W127/><G107/><T0/><D0/><U65/><E65/><AGARI ba="4,1" hai="54,55,62,65,68" m="28895,50730,48747" machi="65" ten="30,7700,0" yaku="18,1,20,1,34,2" doraHai="81" who="0" fromWho="1" sc="205,99,180,-89,345,0,260,0" /><INIT seed="7,0,0,3,1,66" ten="304,91,345,260" oya="3" hai0="33,10,25,73,70,41,132,65,114,97,63,54,71" hai1="86,75,81,3,38,135,46,91,7,44,128,53,6" hai2="108,84,60,40,68,47,110,14,133,125,43,83,13" hai3="62,37,85,57,109,107,12,24,96,90,129,49,0"/><W52/><G0/><T21/><D73/><U32/><E32/><V87/><F133/><W30/><G37/><T39/><D33/><U5/><E128/><V112/><F112/><W8/><G129/><T58/><D132/><U122/><E122/><V123/><F125/><W134/><G134/><T102/><D114/><U101/><E101/><V29/><F123/><W113/><G113/><T56/><D10/><U50/><E135/><V31/><F68/><W34/><G109/><T100/><D41/><U119/><E119/><V116/><F116/><W28/><G28/><T11/><D11/><U42/><E75/><V76/><F60/><W19/><G107/><T95/><D39/><U74/><E74/><V94/><F47/><W126/><G96/><T48/><D102/><U98/><E98/><V130/><F130/><W118/><G118/><T82/><D82/><U99/><E99/><V20/><F94/><W59/><G126/><T22/><D22/><U4/><N who="1" m="1536" /><DORA hai="35" /><U105/><E105/><V111/><F87/><W104/><G104/><T72/><D72/><U89/><E89/><V2/><F2/><W103/><G103/><T36/><D36/><U127/><REACH who="1" step="1"/><E127/><REACH who="1" ten="304,81,345,260" step="2"/><V61/><F111/><W78/><G78/><T121/><D121/><U117/><E117/><V69/><F110/><W79/><G79/><T131/><D131/><U16/><E16/><AGARI ba="0,1" hai="16,21,25,48,54,56,58,63,65,70,71,95,97,100" machi="16" ten="30,7700,0" yaku="7,1,52,2,54,1" doraHai="66,35" who="0" fromWho="1" sc="304,87,81,-77,345,0,260,0" owari="391,49.0,4,-50.0,345,15.0,260,-14.0" /></mjloggm>