<mjloggm ver="2.3"><GO type="137"/><UN n0="%41%49%53%59%41" n1="%EF%BC%88%E2%89%A7%E2%96%BD%E2%89%A6%EF%BC%89" n2="%E3%82%B6%E3%83%83%E3%83%8F%E3%83%88%E3%83%AB%E3%83%86" n3="%6C%75%69%67%65" dan="11,11,11,12" rate="1485,1918,1548,1709" sx="M,M,F,M"/><TAIKYOKU oya="0"/><INIT seed="0,0,0,2,2,34" ten="250,250,250,250" oya="0" hai0="63,108,23,31,44,72,58,40,124,38,121,77,97" hai1="98,0,11,27,122,78,73,36,16,10,112,13,125" hai2="103,5,79,67,19,2,22,17,45,115,33,109,93" hai3="114,118,12,89,46,1,90,18,94,29,48,87,30"/><T24/><D121/><U8/><E122/><V43/><F33/><W133/><G114/><T42/><D124/><U37/><E112/><V52/><F109/><W92/><G118/><T57/><D108/><U83/><E125/><V116/><F115/><W50/><G133/><T39/><D97/><U99/><E27/><V6/><F116/><W88/><G1/><T20/><D72/><U66/><E66/><V120/><F120/><W56/><G56/><T113/><D77/><U101/><E98/><V85/><F67/><W126/><G126/><T14/><D113/><U131/><E131/><V53/><F53/><W95/><G46/><T70/><D14/><U41/><E41/><V107/><F107/><W110/><G110/><T60/><D20/><U4/><REACH who="1" step="1"/><E8/><REACH who="1" step="2"/><V76/><F43/><N who="0" m="16426" /><D24/><U21/><E21/><V9/><F22/><N who="3" m="11591" /><G87/><T91/><D23/><U119/><E119/><V123/><F123/><W117/><G117/><T3/><D3/><U32/><E32/><V105/><F105/><AGARI ba="0,1" hai="0,4,10,11,13,16,36,37,73,78,83,99,101,105" machi="105" ten="30,7700,0" yaku="1,1,7,1,52,1,54,1,53,0" doraHai="34" doraHaiUra="51" who="1" fromWho="2" sc="250,0,240,87,250,-77,250,0" /><INIT seed="1,0,0,3,4,75" ten="250,327,173,250" oya="1" hai0="124,33,82,132,116,1,55,15,19,110,96,64,60" hai1="98,25,70,10,24,41,68,71,66,42,129,84,3" hai2="106,73,108,97,93,56,57,90,102,40,44,54,78" hai3="51,39,85,58,32,86,65,115,20,62,117,91,49"/><U100/><E129/><V59/><F108/><W133/><G32/><T37/><D110/><U77/><E66/><V9/><F73/><W118/><G39/><T17/><D116/><U16/><E3/><V50/><F78/><W101/><G101/><T11/><D132/><U47/><E10/><V74/><F9/><W45/><G115/><T46/><D124/><U53/><E53/><V61/><REACH who="2" step="1"/><F74/><REACH who="2" step="2"/><W34/><G133/><T38/><D82/><U92/><E41/><V63/><F63/><W94/><G118/><T21/><D1/><U114/><E114/><V134/><F134/><W128/><G117/><T4/><D33/><U80/><REACH who="1" step="1"/><E16/><REACH who="1" step="2"/><V31/><F31/><W48/><G128/><T88/><D17/><U26/><E26/><V18/><F18/><W6/><G6/><T87/><D38/><AGARI ba="0,2" hai="24,25,38,42,47,68,70,71,77,80,84,92,98,100" machi="38" ten="40,7700,0" yaku="1,1,52,1,53,1" doraHai="75" doraHaiUra="72" who="1" fromWho="0" sc="250,-77,317,97,163,0,250,0" /><INIT seed="1,1,0,0,5,103" ten="173,414,163,250" oya="1" hai0="12,61,70,19,73,56,23,55,133,80,100,46,95" hai1="69,124,6,99,59,75,87,47,22,68,76,123,125" hai2="15,115,8,108,74,78,10,114,26,16,85,33,90" hai3="41,50,29,109,63,134,67,43,60,66,93,105,72"/><U98/><E123/><V28/><F108/><W53/><G109/><T45/><D133/><U91/><E6/><V82/><REACH who="2" step="1"/><F10/><REACH who="2" step="2"/><W88/><G134/><T49/><D73/><U126/><E75/><V118/><F118/><W113/><G72/><T31/><D80/><AGARI ba="1,1" hai="8,15,16,26,28,33,74,78,80,82,85,90,114,115" machi="80" ten="40,2600,0" yaku="1,1,54,1,53,0" doraHai="103" doraHaiUra="129" who="2" fromWho="0" sc="173,-29,414,0,153,39,250,0" /><INIT seed="2,0,0,0,1,63" ten="144,414,192,250" oya="2" hai0="26,85,20,94,88,96,95,12,81,33,4,65,87" hai1="104,89,102,3,134,115,128,112,100,66,14,113,110" hai2="82,1,92,24,44,58,9,64,131,6,46,56,62" hai3="27,5,10,17,41,54,122,126,71,52,97,7,109"/><V72/><F131/><W123/><G122/><T23/><D33/><U48/><E3/><V37/><F24/><W32/><G123/><T34/><D34/><U2/><E2/><V18/><F18/><W90/><G71/><T121/><D121/><U133/><E128/><V47/><F92/><W127/><G41/><T124/><D4/><U98/><E110/><V69/><REACH who="2" step="1"/><F37/><REACH who="2" step="2"/><W120/><G120/><T73/><D124/><N who="3" m="47657" /><G109/><T19/><D73/><U13/><E112/><V84/><F84/><W51/><G27/><T105/><D105/><U135/><E113/><V43/><F43/><W25/><G32/><T61/><D85/><U8/><E115/><V55/><F55/><N who="3" m="21035" /><G51/><T57/><REACH who="0" step="1"/><D96/><REACH who="0" step="2"/><U132/><E98/><V38/><F38/><W28/><G17/><AGARI ba="0,2" hai="12,17,19,20,23,26,57,61,65,81,87,88,94,95" machi="17" ten="30,12000,2" yaku="1,1,2,1,7,1,8,1,52,1,54,1,53,0" doraHai="63" doraHaiUra="29" who="0" fromWho="3" sc="134,140,414,0,182,0,250,-120" /><INIT seed="3,0,0,2,1,117" ten="274,414,182,130" oya="3" hai0="122,49,64,24,101,77,63,127,62,123,0,33,119" hai1="113,76,6,82,68,54,19,92,12,106,15,85,75" hai2="131,72,135,104,34,36,16,103,61,1,17,81,26" hai3="31,2,87,133,84,110,105,67,95,70,40,29,111"/><W69/><G105/><T38/><D119/><U52/><E113/><V89/><F131/><W120/><G2/><T43/><D0/><U98/><E68/><N who="3" m="26218" /><G67/><T10/><D101/><N who="1" m="60615" /><E106/><V48/><F36/><W130/><G130/><T83/><D10/><N who="1" m="4183" /><E75/><V90/><F135/><W28/><G40/><T42/><D33/><U93/><E93/><V126/><F1/><W60/><G60/><T99/><D24/><U58/><E58/><V88/><F126/><W41/><G41/><N who="0" m="15371" /><D99/><U21/><AGARI ba="0,0" hai="15,19,21,52,54,76,82,85" m="4183,60615" machi="21" ten="30,2000,0" yaku="8,1,54,1" doraHai="117" who="1" fromWho="1" sc="274,-5,414,20,182,-5,130,-10" /><INIT seed="4,0,0,4,0,99" ten="269,434,177,120" oya="0" hai0="34,94,97,10,93,80,19,128,121,113,114,49,31" hai1="92,120,22,4,20,12,100,62,77,122,101,59,66" hai2="85,129,134,133,18,109,9,11,13,55,53,115,88" hai3="27,118,69,3,21,58,61,23,0,125,67,70,48"/><T39/><D121/><U130/><E130/><V46/><F109/><W26/><G118/><T57/><D128/><U79/><E122/><V119/><F129/><W78/><G78/><N who="1" m="29706" /><E120/><V33/><F119/><W63/><G125/><T35/><D39/><U135/><E135/><N who="2" m="51723" /><F33/><N who="0" m="12298" /><D31/><U116/><E116/><V108/><F115/><N who="0" m="44042" /><D80/><U38/><E38/><V68/><F108/><W124/><G124/><T30/><D30/><U54/><E66/><V52/><F68/><W37/><G37/><T87/><D57/><U16/><E4/><V41/><F9/><W65/><G48/><T132/><D49/><U29/><E92/><N who="0" m="35433" /><D10/><U112/><E112/><V51/><F41/><W6/><G6/><T40/><D40/><U83/><E83/><AGARI ba="0,0" hai="11,13,18,46,51,52,53,55,83,85,88" m="51723" machi="83" ten="30,7700,0" yaku="25,1,20,1,54,2" doraHai="99" who="2" fromWho="1" sc="269,0,434,-77,177,77,120,0" /><INIT seed="5,0,0,1,2,91" ten="269,357,254,120" oya="1" hai0="120,50,11,49,66,124,48,94,23,109,113,104,65" hai1="116,10,43,95,89,88,135,26,107,15,40,85,47" hai2="27,118,68,127,129,54,45,108,2,38,98,86,92" hai3="83,67,60,80,59,53,125,72,100,126,29,39,117"/><U119/><E135/><V78/><F2/><W35/><G39/><T7/><D109/><U51/><E107/><V37/><F68/><W128/><G128/><T112/><D124/><U133/><E133/><V62/><F108/><W84/><G100/><T4/><D104/><U36/><E36/><V123/><F123/><W132/><G132/><T57/><D120/><U56/><E43/><V74/><F74/><W71/><G117/><T81/><D81/><U3/><E3/><V130/><F118/><W114/><G114/><N who="0" m="44139" /><D23/><U58/><E119/><V106/><F106/><W97/><G97/><T46/><D11/><U63/><E116/><V8/><F127/><W44/><G125/><T41/><D94/><N who="1" m="54543" /><E26/><V131/><F27/><W42/><G126/><T20/><D20/><U111/><E63/><V73/><F8/><W75/><G83/><T9/><D9/><U102/><E102/><V64/><F73/><W105/><G105/><T13/><D13/><U55/><E40/><V1/><F1/><W30/><G35/><T122/><D4/><N who="1" m="3527" /><E111/><V103/><F86/><AGARI ba="0,0" hai="47,51,55,56,58,86,89,95" m="3527,54543" machi="86" ten="30,11600,0" yaku="8,1,52,2,54,1" doraHai="91" who="1" fromWho="2" sc="269,0,357,116,254,-116,120,0" /><INIT seed="5,1,0,2,2,124" ten="269,473,138,120" oya="1" hai0="19,27,95,101,72,115,34,31,84,65,50,36,129" hai1="10,41,8,77,33,32,85,97,99,112,68,2,118" hai2="58,44,0,127,25,51,43,70,128,61,120,46,90" hai3="30,66,123,82,21,57,69,76,64,16,53,106,26"/><U83/><E118/><V80/><F0/><W9/><G106/><T130/><D36/><U98/><E68/><V104/><F104/><W55/><G123/><T4/><D72/><U67/><E112/><V39/><F25/><W116/><G116/><T133/><D65/><U42/><E67/><N who="2" m="41327" /><F90/><W47/><G69/><T79/><D50/><U49/><E2/><V13/><F80/><W81/><G76/><T74/><D4/><U24/><E33/><V105/><F105/><W108/><G108/><T35/><D115/><U91/><E32/><V94/><F94/><W54/><G47/><T23/><D74/><U78/><E24/><V60/><F13/><W126/><G126/><T38/><D38/><U22/><E22/><V62/><F127/><W75/><G75/><T63/><D133/><U7/><E7/><V92/><F92/><W87/><G87/><T88/><D79/><N who="1" m="30219" /><E49/><V71/><F128/><N who="0" m="49258" /><D63/><N who="2" m="24106" /><F120/><W28/><G28/><T29/><D101/><U12/><E12/><V121/><F71/><W117/><G117/><T131/><N who="0" m="49266" /><T111/><DORA hai="102" /><D111/><U56/><E91/><V119/><F121/><W110/><G110/><T100/><D100/><U86/><E85/><V40/><F119/><W15/><G64/><T37/><D37/><U89/><E86/><V48/><F48/><N who="3" m="30887" /><G66/><T96/><D84/><U3/><E89/><V134/><F134/><W59/><G59/><AGARI ba="1,0" hai="39,40,43,44,46,51,58,59" m="24106,41327" machi="59" ten="30,8000,1" yaku="35,5" doraHai="124,102" who="2" fromWho="3" sc="269,0,473,0,138,83,120,-83" /><INIT seed="6,0,0,5,0,128" ten="269,473,221,37" oya="2" hai0="9,116,58,90,109,107,27,79,33,70,74,47,45" hai1="104,42,119,134,135,120,125,61,111,59,51,0,8" hai2="10,112,106,102,118,85,81,37,67,93,12,95,92" hai3="121,133,7,5,53,127,88,82,130,73,34,23,105"/><V80/><F37/><W40/><G121/><T78/><D109/><U26/><E120/><V97/><F67/><W56/><G40/><T32/><D116/><U35/><E119/><V49/><F118/><W18/><G34/><T16/><D107/><U113/><E104/><V21/><F112/><W6/><G105/><T28/><D70/><U99/><E113/><V76/><F21/><W65/><G130/><T89/><D74/><U66/><E111/><V63/><F63/><W52/><G73/><T110/><D110/><U131/><E131/><V132/><F49/><W86/><G127/><T69/><D69/><U123/><E125/><V101/><F12/><W68/><G68/><T84/><D33/><U22/><E35/><V1/><F10/><W48/><G65/><T17/><D9/><U77/><E123/><V96/><F1/><W41/><G41/><T43/><D43/><U4/><E77/><N who="0" m="29193" /><D58/><U39/><E39/><V129/><F129/><W57/><G57/><T31/><D32/><U11/><E11/><V87/><F132/><N who="1" m="50729" /><E99/><V60/><F60/><W50/><G133/><T98/><D98/><U30/><E42/><V64/><F64/><W115/><G115/><T25/><D84/><U72/><E72/><N who="2" m="43015" /><F92/><W94/><G82/><T36/><D36/><U114/><E114/><V54/><F54/><W75/><G75/><T108/><D108/><U13/><E51/><V62/><F62/><W15/><G7/><T83/><D83/><U24/><E24/><N who="0" m="9289" /><D28/><U91/><E0/><V122/><F81/><W124/><G124/><T100/><D100/><U3/><E3/><RYUUKYOKU ba="0,0" sc="269,-15,473,15,221,-15,37,15" hai1="4,8,13,22,26,30,59,61,66,91" hai3="5,6,15,18,23,48,50,52,53,56,86,88,94" /><INIT seed="7,1,0,0,5,38" ten="254,488,206,52" oya="3" hai0="16,79,59,27,134,58,89,26,112,64,39,87,85" hai1="105,62,74,53,108,132,75,72,6,116,50,90,109" hai2="95,78,10,24,20,44,43,128,65,123,15,25,34" hai3="45,102,57,47,122,110,98,84,40,17,22,0,114"/><W66/><G114/><T96/><D134/><U11/><E105/><V120/><F128/><W67/><G122/><T68/><D112/><U37/><E37/><V88/><F78/><W113/><G113/><T51/><D39/><U28/><E132/><V126/><F65/><W48/><G0/><T49/><D68/><U80/><E116/><V92/><F34/><W56/><G110/><T63/><D59/><U81/><E28/><V21/><F126/><W118/><G118/><T76/><D96/><U101/><E101/><V100/><F100/><W111/><G111/><T99/><D99/><U4/><E62/><V3/><F3/><W60/><G84/><N who="0" m="32331" /><D89/><U91/><E72/><V42/><F44/><W125/><G125/><T41/><D41/><N who="2" m="15370" /><F88/><W55/><G98/><T33/><D33/><U2/><E11/><V35/><F15/><W54/><G102/><T18/><D58/><N who="3" m="22633" /><G17/><N who="0" m="6763" /><D63/><U12/><E2/><V32/><F10/><W77/><G77/><N who="0" m="29771" /><D64/><N who="3" m="24617" /><G22/><N who="2" m="8809" /><F32/><W124/><G124/><T29/><D29/><U94/><E109/><V93/><F35/><W8/><G8/><T19/><N who="0" m="6771" /><T5/><DORA hai="82" /><D5/><U127/><E108/><V46/><F46/><N who="3" m="25671" /><G60/><T106/><D106/><U133/><E127/><V23/><N who="2" m="8817" /><V1/><DORA hai="7" /><F1/><W83/><G83/><T70/><D70/><U36/><E81/><V71/><F71/><W73/><G73/><T129/><D129/><U115/><E75/><V119/><F119/><W97/><G97/><T103/><D103/><U13/><E74/><V69/><F69/><W86/><G86/><T107/><D107/><U117/><E80/><RYUUKYOKU ba="1,0" sc="254,10,488,-30,206,10,52,10" hai0="26,27,49,51" hai2="24,25,92,93,95,120,123" hai3="45,47,54,55" /><INIT seed="7,2,0,4,1,93" ten="264,458,216,62" oya="3" hai0="19,37,35,39,28,25,78,125,63,71,47,60,110" hai1="59,82,15,89,45,99,114,128,73,22,121,100,51" hai2="1,72,104,76,38,65,135,95,79,12,106,20,62" hai3="119,127,6,7,30,27,57,32,3,96,17,33,36"/><W5/><G36/><T102/><D125/><U116/><E121/><V122/><F38/><W120/><G120/><T69/><D110/><U97/><E116/><V44/><F1/><W130/><G119/><T64/><D102/><U48/><E128/><V84/><F44/><W8/><G130/><T66/><D78/><U134/><E114/><V105/><F135/><W58/><G127/><T80/><D19/><N who="1" m="10623" /><E134/><V34/><F34/><W16/><G96/><N who="1" m="36938" /><E73/><V126/><F126/><W112/><G112/><T40/><D80/><U113/><E113/><V103/><F122/><W131/><G131/><T74/><D74/><U77/><E100/><V129/><F129/><W18/><G57/><T9/><D9/><U13/><E77/><V10/><F20/><N who="3" m="15719" /><G58/><T31/><D31/><U42/><E59/><V109/><F109/><W52/><G52/><T46/><D35/><AGARI ba="2,0" hai="3,5,6,7,8,16,17,18,32,33,35" m="15719" machi="35" ten="30,18000,2" yaku="35,5,54,1" doraHai="93" who="3" fromWho="0" sc="264,-186,458,0,216,0,62,186" /><INIT seed="7,3,0,3,5,34" ten="78,458,216,248" oya="3" hai0="26,52,49,79,75,31,96,70,101,68,112,122,27" hai1="69,86,130,129,76,89,44,12,1,46,11,120,14" hai2="22,107,3,19,23,62,50,28,113,74,121,135,104" hai3="25,100,56,105,30,125,40,73,18,123,108,81,5"/><W42/><G123/><T98/><D122/><U126/><E69/><V106/><F121/><W54/><G5/><T36/><D36/><U99/><E120/><V2/><F113/><W51/><G125/><T115/><D75/><U90/><E126/><V43/><F28/><W13/><G100/><T92/><D79/><U8/><E1/><V58/><F74/><W4/><G4/><T33/><D26/><U94/><E76/><V32/><F135/><W82/><G105/><N who="0" m="63655" /><D98/><U134/><E134/><V39/><F39/><W16/><G73/><T64/><D92/><N who="1" m="54327" /><E130/><V83/><F83/><N who="3" m="31755" /><G108/><T124/><D124/><U127/><E129/><V0/><F32/><W110/><G110/><T84/><D84/><U87/><E87/><V77/><F77/><W97/><G97/><T38/><D38/><U118/><E127/><V133/><F133/><W24/><G30/><T67/><D33/><U63/><E118/><V59/><F19/><N who="3" m="7211" /><G13/><N who="1" m="5226" /><E63/><V88/><F88/><W41/><AGARI ba="3,0" hai="24,25,40,41,42,51,54,56" m="7211,31755" machi="41" ten="30,3000,0" yaku="8,1,54,1" doraHai="34" who="3" fromWho="3" sc="78,-13,458,-13,216,-13,248,39" /><INIT seed="7,4,0,1,5,33" ten="65,445,203,287" oya="3" hai0="54,100,70,2,55,71,51,82,131,58,87,79,96" hai1="105,46,73,7,134,126,72,34,122,39,21,63,48" hai2="35,74,94,78,129,103,53,13,8,16,128,61,49" hai3="121,45,93,9,80,102,18,41,89,104,12,119,127"/><W10/><G119/><T44/><D131/><U66/><E126/><V69/><F35/><W97/><G121/><T101/><D70/><U32/><E122/><V112/><F112/><W135/><G135/><T95/><D101/><U25/><E134/><V124/><F124/><W132/><G132/><T23/><D23/><U111/><E105/><V43/><F43/><W36/><G127/><T50/><D71/><U85/><E111/><V115/><F115/><W91/><G104/><T0/><AGARI ba="4,0" hai="0,2,44,50,51,54,55,58,79,82,87,95,96,100" machi="0" ten="30,4000,0" yaku="0,1,52,2" doraHai="33" who="0" fromWho="0" sc="65,52,445,-14,203,-14,287,-24" owari="117,-38,431,53,189,-21,263,6" /></mjloggm>