<mjloggm ver="2.3"><GO type="41"/><UN n0="%6B%65%79%E2%80%BB" n1="%E3%82%A6%E3%83%AB%E3%83%88%E3%83%A9%E7%AB%8B%E7%9B%B4" n2="%E6%A1%82%E3%83%92%E3%83%8A%E3%82%AE%E3%82%AF" n3="%4D%6F%76%65%55%70" dan="14,15,15,15" rate="1865,2015,2059,2042" sx="M,M,F,M"/><TAIKYOKU oya="0"/><INIT seed="0,0,0,0,1,46" ten="250,250,250,250" oya="0" hai0="1,27,92,82,74,113,87,76,24,37,32,124,31" hai1="103,42,128,118,17,114,19,22,35,55,135,107,126" hai2="40,18,8,88,65,54,67,120,134,23,36,64,59" hai3="10,83,2,90,105,39,48,112,49,13,77,121,0"/><T66/><D37/><U63/><E35/><V89/><F120/><W11/><G39/><T20/><D1/><U109/><E118/><V102/><F134/><W70/><G105/><T97/><D66/><U133/><E42/><V3/><F102/><W5/><G70/><T53/><D113/><U38/><E38/><V61/><F40/><W127/><G112/><T132/><D132/><N who="1" m="50763" /><E114/><V34/><F34/><W75/><G121/><T117/><D117/><U79/><E126/><V104/><F104/><W58/><G127/><T52/><D124/><U101/><E128/><V78/><F78/><W43/><G0/><T50/><D74/><U131/><E131/><V44/><F36/><W91/><G43/><T98/><D53/><U21/><E79/><V14/><F3/><W56/><G56/><T96/><D32/><U119/><E119/><V29/><F44/><W100/><G100/><N who="1" m="38474" /><E109/><V73/><F73/><W26/><G26/><AGARI ba="0,0" hai="8,14,18,23,26,29,54,59,61,64,65,67,88,89" machi="26" ten="40,2600,0" yaku="8,1,54,1" doraHai="46" who="2" fromWho="3" sc="250,0,250,0,250,26,250,-26" /><INIT seed="1,0,0,4,2,78" ten="250,250,276,224" oya="1" hai0="53,86,58,59,75,42,4,129,85,77,111,48,92" hai1="14,56,55,13,20,118,124,127,17,65,40,131,128" hai2="27,34,23,110,31,83,6,100,22,91,21,106,24" hai3="97,54,103,0,88,79,116,47,105,51,69,61,121"/><U108/><E40/><V81/><F110/><W46/><G121/><T99/><D111/><U26/><E65/><V66/><F6/><W36/><G0/><T112/><D42/><U95/><E108/><V114/><F114/><W87/><G79/><T135/><D112/><U2/><E95/><V45/><F45/><W122/><G122/><T33/><D4/><U102/><E102/><V67/><F27/><W29/><G29/><T130/><D33/><U104/><E104/><V7/><F7/><W125/><G125/><N who="1" m="48202" /><E2/><V71/><F91/><W96/><G96/><T82/><D59/><U3/><E3/><V132/><F132/><W101/><G101/><T117/><D135/><U119/><E55/><V94/><F94/><W11/><G116/><N who="1" m="44586" /><E56/><V63/><F66/><W10/><G36/><T98/><D117/><U84/><E84/><V73/><F73/><W74/><G74/><T16/><D99/><AGARI ba="0,0" hai="21,22,23,24,31,34,63,67,71,81,83,99,100,106" machi="99" ten="40,8000,1" yaku="25,2,52,2" doraHai="78" who="2" fromWho="0" sc="250,-80,250,0,276,80,224,0" /><INIT seed="2,0,0,3,3,51" ten="170,250,356,224" oya="2" hai0="26,80,2,112,82,50,132,25,14,84,63,69,54" hai1="128,86,115,72,110,79,97,129,120,119,3,125,68" hai2="40,117,85,52,100,58,61,38,16,12,124,9,116" hai3="1,74,103,44,96,94,90,101,48,39,104,46,7"/><V55/><F124/><W92/><G74/><T49/><D2/><U67/><E86/><V15/><F38/><W35/><G35/><T28/><D49/><U56/><E56/><V99/><F40/><W108/><G108/><T32/><D25/><U102/><E67/><V89/><F15/><W83/><G83/><T131/><D14/><U135/><E97/><V95/><REACH who="2" step="1"/><F55/><REACH who="2" ten="170,250,346,224" step="2"/><W24/><G39/><T31/><D54/><U73/><E129/><V8/><F8/><W105/><G24/><T81/><D26/><U4/><E4/><V88/><F88/><W53/><G7/><T123/><D131/><U98/><E79/><V36/><F36/><W43/><G43/><T75/><D123/><U109/><E109/><V33/><F33/><W47/><G53/><T18/><D32/><U0/><E0/><V93/><AGARI ba="0,1" hai="9,12,16,52,58,61,85,89,93,95,99,100,116,117" machi="93" ten="20,18000,2" yaku="1,1,0,1,7,1,52,1,54,2,53,0" doraHai="51" doraHaiUra="21" who="2" fromWho="2" sc="170,-60,250,-60,346,190,224,-60" /><INIT seed="2,1,0,1,0,126" ten="110,190,536,164" oya="2" hai0="41,103,84,99,57,90,114,25,47,119,46,52,75" hai1="59,97,40,21,32,64,94,9,60,127,5,79,92" hai2="106,51,100,4,129,34,24,58,62,83,93,42,78" hai3="68,63,30,130,121,20,44,2,76,35,95,122,96"/><V13/><F106/><W37/><G2/><T56/><D75/><U38/><E32/><V16/><F4/><W43/><G35/><T12/><D119/><U7/><E127/><V73/><F34/><W135/><G76/><T55/><D25/><U88/><E79/><V48/><F24/><W67/><G135/><T3/><D3/><U101/><E9/><V14/><F14/><W108/><G108/><T8/><D114/><U117/><E117/><V1/><F1/><W70/><G68/><T36/><D103/><U118/><E118/><V125/><F42/><W18/><G30/><T23/><D99/><U27/><E40/><V45/><F125/><W39/><G39/><T109/><D109/><U15/><E15/><V105/><F105/><W22/><G130/><T87/><D23/><U102/><E102/><V80/><F129/><W19/><G22/><T33/><D33/><U50/><E50/><N who="2" m="18987" /><F78/><W28/><G28/><T115/><D115/><U111/><E38/><V134/><F73/><W98/><G98/><T104/><D104/><U89/><E111/><V91/><F45/><W74/><G74/><T124/><D124/><U66/><E66/><N who="2" m="39255" /><F100/><W10/><G10/><T120/><D36/><U113/><E113/><V81/><F134/><W133/><G133/><T65/><D41/><U17/><REACH who="1" step="1"/><E101/><REACH who="1" ten="110,180,536,164" step="2"/><V85/><F13/><W132/><G132/><T77/><D77/><U26/><E26/><V11/><F11/><W54/><G43/><T29/><D8/><U72/><E72/><V123/><F123/><W69/><G122/><T82/><D120/><U86/><AGARI ba="1,1" hai="5,7,17,21,27,59,60,64,86,88,89,92,94,97" machi="86" ten="20,12000,2" yaku="1,1,5,1,0,1,7,1,8,1,54,1,53,1" doraHai="126" doraHaiUra="53" who="1" fromWho="1" sc="110,-31,180,133,536,-61,164,-31" /><INIT seed="3,0,0,3,1,112" ten="79,313,475,133" oya="3" hai0="9,88,113,26,34,11,3,58,68,124,7,43,69" hai1="51,28,63,40,19,60,81,120,115,127,132,39,30" hai2="67,49,48,131,85,123,106,99,5,77,105,96,50" hai3="114,47,57,32,129,92,56,117,119,91,15,75,54"/><W65/><G75/><T93/><D113/><U100/><E39/><V24/><F123/><W72/><G72/><T18/><D43/><U107/><E120/><V61/><F131/><W70/><G114/><T38/><D38/><U36/><E36/><V1/><F1/><W45/><G70/><T103/><D103/><U90/><E115/><V128/><F128/><W0/><G0/><T6/><D58/><U23/><E127/><V73/><F73/><W37/><G129/><T10/><D124/><U33/><E33/><V111/><F111/><W82/><G32/><T64/><D64/><U59/><E132/><V104/><F5/><W109/><G65/><T17/><D11/><U130/><E100/><V29/><F85/><W86/><G57/><T110/><D110/><U116/><E107/><V121/><F77/><W84/><G15/><T4/><D7/><U44/><E63/><V21/><REACH who="2" step="1"/><F121/><REACH who="2" ten="79,313,465,133" step="2"/><W42/><G109/><T134/><D4/><U14/><E130/><V79/><F79/><W87/><G86/><T52/><D6/><U78/><E78/><V89/><F89/><W22/><G87/><T80/><D88/><U13/><E90/><V102/><F102/><W74/><G74/><T101/><D101/><U8/><E81/><V94/><F94/><W76/><G82/><T20/><D80/><U35/><E35/><V46/><F46/><W31/><G47/><T108/><D34/><U16/><E44/><V126/><F126/><W125/><G125/><T62/><D108/><U97/><E97/><V2/><F2/><W133/><G76/><T55/><D3/><RYUUKYOKU ba="0,1" sc="79,-10,313,-10,465,30,133,-10" hai2="21,24,29,48,49,50,61,67,96,99,104,105,106" /><INIT seed="4,1,1,4,1,107" ten="69,303,495,123" oya="0" hai0="78,106,72,75,79,118,130,108,116,61,43,3,19" hai1="102,28,120,62,104,80,132,119,85,10,122,32,115" hai2="5,60,48,127,24,58,114,23,53,9,0,34,56" hai3="21,92,123,109,14,81,97,51,89,96,11,45,94"/><T16/><D3/><U46/><E28/><V68/><F114/><W105/><G109/><T129/><D106/><U74/><E32/><V55/><F127/><W103/><G123/><N who="1" m="47146" /><E10/><V27/><F34/><W101/><G81/><T15/><D43/><U82/><E46/><V4/><F4/><W77/><G77/><T25/><D15/><U52/><E52/><V65/><F23/><W86/><G21/><T6/><D61/><AGARI ba="1,1" hai="0,5,9,24,27,48,53,55,56,58,60,61,65,68" machi="61" ten="30,1000,0" yaku="7,1" doraHai="107" who="2" fromWho="0" sc="69,-13,303,0,495,23,123,0" /><INIT seed="5,0,0,1,2,41" ten="56,303,518,123" oya="1" hai0="118,73,116,78,114,43,122,64,22,109,135,38,46" hai1="52,120,106,49,100,126,107,103,7,50,40,44,84" hai2="14,93,96,5,119,128,68,8,6,82,24,132,79" hai3="85,133,53,74,102,98,92,66,2,13,45,113,61"/><U34/><E34/><V72/><F68/><W104/><G2/><T71/><D22/><U18/><E120/><V27/><F119/><W3/><G3/><T58/><D58/><U101/><E126/><V28/><F128/><W0/><G0/><T29/><D29/><U110/><E110/><V57/><F132/><W65/><G74/><T1/><D135/><U21/><E7/><V117/><F117/><W54/><G133/><T130/><D1/><U63/><E63/><V131/><F131/><W89/><G113/><T134/><D130/><U91/><E107/><V33/><F27/><W42/><G13/><T48/><D134/><U59/><E106/><V60/><F14/><W35/><G35/><T121/><D114/><U16/><E21/><V105/><F8/><W37/><REACH who="3" step="1"/><G66/><REACH who="3" ten="56,303,518,113" step="2"/><T19/><D118/><U32/><E32/><V99/><F33/><W15/><G15/><T108/><D116/><U31/><E31/><V23/><F105/><W112/><G112/><T76/><D108/><U55/><E40/><V62/><F28/><W51/><G51/><T30/><D48/><U80/><AGARI ba="0,1" hai="16,18,44,49,50,52,55,59,80,84,91,100,101,103" machi="80" ten="30,12000,1" yaku="0,1,8,1,52,1,54,2" doraHai="41" who="1" fromWho="1" sc="56,-40,303,130,518,-40,113,-40" /><INIT seed="5,1,0,5,5,76" ten="16,433,478,73" oya="1" hai0="37,116,27,66,127,59,70,16,13,129,108,103,82" hai1="81,134,25,21,110,84,90,68,94,100,117,43,24" hai2="28,122,51,95,54,60,109,91,49,135,87,9,86" hai3="120,48,132,36,130,80,111,73,53,124,79,2,118"/><U47/><E68/><V5/><F122/><W92/><RYUUKYOKU type="yao9" ba="1,0" sc="16,0,433,0,478,0,73,0" hai3="2,36,48,53,73,79,80,92,111,118,120,124,130,132" /><INIT seed="5,2,0,4,2,122" ten="16,433,478,73" oya="1" hai0="118,24,64,44,93,73,123,8,20,132,40,91,26" hai1="54,51,120,23,4,131,14,129,49,6,110,63,33" hai2="32,57,10,88,127,134,22,65,87,119,125,79,96" hai3="111,71,16,43,69,58,74,37,130,116,30,108,128"/><U85/><E33/><V97/><F32/><W61/><G74/><T39/><D73/><U106/><E106/><V77/><F119/><W31/><G116/><T56/><D118/><U3/><E120/><V29/><F10/><W62/><G16/><T55/><D123/><U75/><E75/><V124/><F134/><W76/><G76/><N who="2" m="29257" /><F22/><W107/><G107/><T42/><D132/><U92/><E3/><V72/><F29/><N who="3" m="10763" /><G37/><T126/><D64/><U15/><E110/><N who="3" m="42026" /><G43/><T114/><D42/><U102/><E23/><V117/><F72/><W98/><G98/><T28/><D8/><U84/><E92/><N who="2" m="54303" /><F117/><W11/><G11/><T17/><D17/><U38/><E38/><V35/><F35/><W94/><G94/><T50/><D26/><U9/><E9/><V104/><F104/><W115/><G115/><T27/><D24/><U80/><E80/><V25/><F25/><W46/><G46/><T60/><D114/><U2/><E2/><V112/><F112/><W41/><G41/><T86/><REACH who="0" step="1"/><D39/><REACH who="0" ten="6,433,478,73" step="2"/><U135/><E135/><V52/><F65/><W78/><G130/><T59/><D59/><U45/><E129/><V7/><F7/><N who="1" m="2601" /><E131/><V67/><F67/><W68/><G128/><T12/><D12/><U105/><E15/><V36/><F36/><W89/><G71/><T121/><D121/><U18/><E14/><V101/><F101/><W133/><G133/><T13/><D13/><U34/><E18/><V99/><F57/><W83/><G58/><T113/><D113/><U70/><E102/><V90/><F52/><W100/><G69/><T19/><D19/><RYUUKYOKU ba="2,1" sc="6,15,433,-15,478,15,73,-15" hai0="20,27,28,40,44,50,55,56,60,86,91,93,126" hai2="90,96,97,99,124,125,127" /><INIT seed="6,3,1,3,0,62" ten="21,418,493,58" oya="2" hai0="128,119,86,80,17,122,6,115,67,91,2,39,114" hai1="54,108,45,94,0,34,129,95,60,110,5,133,85" hai2="28,111,92,106,24,113,81,96,102,35,75,53,123" hai3="83,55,125,90,7,42,22,52,105,43,38,78,101"/><V3/><F123/><W9/><G125/><T118/><D39/><U11/><E34/><V50/><F111/><W69/><G69/><T130/><D17/><U70/><E129/><N who="0" m="49769" /><D122/><U40/><E133/><V109/><F109/><W104/><G38/><T89/><D6/><U1/><E94/><V64/><F3/><W27/><G104/><T30/><D30/><U20/><E1/><V72/><F113/><N who="0" m="43018" /><D2/><U23/><E108/><V88/><F81/><W71/><G105/><T79/><D67/><U13/><E110/><V4/><F64/><W103/><G71/><T121/><D121/><U100/><E0/><V12/><F12/><W56/><G7/><T46/><D46/><U127/><E127/><V16/><F16/><W47/><G47/><T8/><D8/><U59/><E70/><V29/><F4/><W57/><G9/><T18/><D18/><U93/><E93/><V36/><F28/><W44/><G44/><T10/><D10/><U58/><E58/><V76/><F36/><W15/><G57/><T61/><D61/><U49/><REACH who="1" step="1"/><E85/><REACH who="1" ten="21,408,493,58" step="2"/><V26/><F75/><W63/><G56/><T65/><D65/><U21/><E21/><V98/><F72/><W97/><G22/><T73/><D73/><U32/><E32/><V112/><F112/><W132/><G132/><T41/><D41/><U135/><E135/><V124/><F124/><W126/><G126/><T131/><D131/><U19/><E19/><V33/><F33/><W37/><G43/><T82/><D80/><U14/><E14/><V116/><F35/><W48/><G15/><T77/><D82/><RYUUKYOKU ba="3,2" sc="21,-10,408,30,493,-10,58,-10" hai1="5,11,13,20,23,40,45,49,54,59,60,95,100" /><INIT seed="7,4,2,4,5,105" ten="11,438,483,48" oya="3" hai0="131,53,71,134,113,132,36,16,100,8,20,119,22" hai1="43,117,11,13,5,14,39,108,90,31,106,115,47" hai2="122,56,118,25,96,38,127,7,104,107,26,97,12" hai3="32,3,103,27,78,49,80,6,94,102,67,33,62"/><W18/><G3/><T121/><D71/><U68/><E108/><V51/><F38/><W66/><G6/><T65/><D36/><U135/><E68/><V86/><F127/><W92/><G67/><T88/><D65/><U76/><E117/><V61/><F107/><W91/><G49/><T19/><D119/><U54/><E106/><V85/><F104/><W89/><G18/><T95/><D100/><U1/><E135/><V125/><F125/><W84/><G27/><N who="2" m="10249" /><F51/><W116/><G116/><T0/><D0/><U59/><E31/><V15/><F122/><W73/><G33/><T42/><D42/><U46/><E46/><V57/><F118/><W30/><G30/><T83/><D121/><U72/><E115/><V82/><F86/><W4/><G4/><T40/><D113/><U28/><E28/><V63/><F63/><W50/><G50/><T23/><D8/><U111/><E111/><V41/><F41/><W35/><G35/><T69/><D40/><U21/><E21/><V128/><F128/><W114/><G32/><T17/><D131/><U52/><E90/><N who="2" m="51511" /><F56/><W60/><G114/><T75/><D69/><U9/><E9/><N who="2" m="4159" /><F15/><N who="1" m="5641" /><E59/><V124/><F124/><W37/><G37/><T29/><D29/><U64/><E64/><AGARI ba="4,2" hai="57,61,64,96,97" m="4159,51511,10249" machi="64" ten="30,1000,0" yaku="8,1" doraHai="105" who="2" fromWho="1" sc="11,0,438,-22,483,42,48,0" owari="11,-49.0,416,22.0,525,62.0,48,-35.0" /></mjloggm>