<mjloggm ver="2.3"><GO type="169"/><UN n0="%55%4E%73%61%6E" n1="%E3%81%BE%E3%81%AA%E3%81%84%E3%81%9F%E3%82%88%E3%81%86%E3%81%98%E3%82%87" n2="%E3%83%81%E3%83%A3%E3%82%AA%E3%83%AA" n3="%EF%BC%88%E2%89%A7%E2%96%BD%E2%89%A6%EF%BC%89" dan="16,16,16,18" rate="2028,2094,2116,2205" sx="F,M,M,M"/><TAIKYOKU oya="0"/><INIT seed="0,0,0,3,4,68" ten="250,250,250,250" oya="0" hai0="54,81,106,71,92,2,28,90,102,41,74,101,121" hai1="95,131,119,80,87,128,130,9,26,30,69,39,85" hai2="8,66,23,132,110,99,18,77,19,64,15,113,82" hai3="97,10,52,123,59,44,83,86,98,126,76,62,125"/><T103/><D121/><U112/><E119/><V96/><F113/><W65/><G123/><T70/><D2/><U20/><E69/><V5/><F110/><W33/><G33/><T73/><D106/><U1/><E112/><V114/><F114/><W108/><G108/><T75/><D81/><U0/><E39/><V57/><F132/><W46/><G10/><T13/><D41/><U61/><E61/><V135/><F135/><W120/><G120/><T38/><D38/><U12/><E95/><V43/><F43/><W29/><G29/><T67/><D67/><U34/><E85/><V93/><F19/><W47/><REACH who="3" step="1"/><G65/><REACH who="3" ten="250,250,250,240" step="2"/><T55/><D28/><U115/><E34/><V14/><F66/><W104/><G104/><T134/><D134/><U48/><E115/><V79/><F64/><W49/><G49/><T111/><D111/><U51/><E48/><V6/><F8/><W78/><G78/><T124/><D70/><U17/><E51/><V53/><F79/><AGARI ba="0,1" hai="0,1,9,12,17,20,26,30,79,80,87,128,130,131" machi="79" ten="40,1300,0" yaku="19,1" doraHai="68" who="1" fromWho="2" sc="250,0,250,23,250,-13,240,0" /><INIT seed="1,0,0,0,3,16" ten="250,273,237,240" oya="1" hai0="89,135,95,49,75,98,51,70,96,62,42,55,5" hai1="100,47,65,93,97,21,110,131,38,29,32,56,8" hai2="116,79,9,81,33,73,48,19,90,130,53,28,30" hai3="1,68,99,45,13,36,54,133,85,69,107,129,118"/><U104/><E32/><V7/><F33/><W34/><G13/><T18/><D75/><U101/><E131/><V22/><F116/><W74/><G85/><T72/><D72/><U106/><E8/><V112/><F90/><W59/><G59/><T114/><D114/><U43/><E101/><V83/><F83/><W77/><G54/><T15/><D5/><U105/><E110/><V64/><F64/><W132/><G118/><T52/><D135/><U78/><E78/><V4/><F130/><W119/><G119/><T46/><D98/><U86/><E86/><V17/><F17/><W23/><G34/><T80/><D80/><U108/><E108/><V2/><F7/><W0/><G129/><T50/><D70/><N who="3" m="27241" /><G77/><T10/><D62/><N who="1" m="38087" /><E106/><V122/><F122/><W102/><G74/><T123/><REACH who="0" step="1"/><D123/><REACH who="0" ten="240,273,237,240" step="2"/><U40/><E97/><V91/><F112/><W14/><G133/><T31/><D31/><U115/><E29/><V120/><F120/><W92/><G132/><T117/><D117/><U109/><E115/><V127/><F127/><W88/><G107/><T126/><D126/><U58/><E105/><V128/><F128/><W124/><G124/><T25/><D25/><U60/><E60/><V113/><F113/><W3/><G102/><T57/><D57/><U35/><E100/><V66/><F73/><W6/><G6/><T82/><D82/><U67/><E104/><V125/><F81/><W11/><G99/><T84/><D84/><U103/><E103/><V20/><F125/><W87/><G87/><T94/><D94/><U12/><E109/><V26/><F4/><RYUUKYOKU ba="0,1" sc="240,30,273,-10,237,-10,240,-10" hai0="10,15,18,42,46,49,50,51,52,55,89,95,96" /><INIT seed="2,1,1,3,1,104" ten="270,263,227,230" oya="2" hai0="59,19,16,46,57,21,105,52,39,110,14,43,58" hai1="56,117,88,75,29,118,48,133,81,17,93,92,44" hai2="91,10,131,98,35,6,7,134,130,73,28,67,100" hai3="66,65,116,125,109,129,70,33,42,54,25,8,78"/><V128/><F73/><W102/><G116/><T0/><D0/><U15/><E29/><V120/><F120/><W71/><G102/><T135/><D135/><U5/><E133/><V123/><F123/><W127/><G78/><T31/><D110/><U4/><E92/><V95/><F134/><W89/><G89/><T96/><D31/><U126/><E126/><N who="3" m="48138" /><G8/><T22/><D96/><U101/><E101/><V51/><F67/><N who="3" m="25611" /><G25/><T84/><D84/><U38/><E4/><V83/><F83/><W32/><BYE who="2" /><G109/><T90/><D90/><U36/><E88/><V40/><F40/><W34/><G42/><T114/><D105/><U103/><E117/><V62/><F62/><W61/><G129/><T64/><D64/><U60/><E103/><V3/><F3/><W23/><G23/><T87/><D87/><U80/><E81/><V50/><F50/><W12/><G12/><T49/><D114/><U85/><E15/><AGARI ba="1,1" hai="14,15,16,19,21,22,39,43,46,49,52,57,58,59" machi="15" ten="30,7700,0" yaku="7,1,9,1,54,2" doraHai="104" who="0" fromWho="1" sc="270,90,263,-80,227,0,230,0" /><INIT seed="3,0,0,0,3,22" ten="360,183,227,230" oya="3" hai0="54,11,127,66,4,13,18,53,31,113,131,124,16" hai1="40,81,47,120,128,116,125,134,21,12,73,85,103" hai2="72,50,110,79,93,5,46,98,58,87,1,63,20" hai3="115,65,104,92,45,88,37,57,105,52,129,23,38"/><W101/><G115/><T80/><D113/><U17/><E120/><V60/><F60/><N who="3" m="38031" /><G38/><T118/><D118/><U133/><E73/><V10/><F10/><W126/><G37/><T0/><D131/><U130/><E103/><V70/><F70/><W56/><G105/><T89/><D31/><U27/><E116/><V71/><F71/><W2/><G2/><T15/><D66/><U3/><E3/><V8/><F8/><W55/><G104/><T84/><D0/><U9/><E125/><N who="0" m="48201" /><D4/><N who="1" m="3111" /><E47/><V48/><F48/><N who="3" m="28687" /><G129/><N who="1" m="49770" /><E40/><V86/><F86/><N who="3" m="52247" /><G126/><T100/><D100/><U14/><E14/><V75/><F75/><W30/><G101/><T117/><D117/><U91/><AGARI ba="0,0" hai="17,21,27,81,85,91,133,134" m="49770,3111" machi="91" ten="30,2000,0" yaku="19,1,52,1" doraHai="22" who="1" fromWho="1" sc="360,-5,183,20,227,-5,230,-10" /><INIT seed="4,0,0,2,5,47" ten="355,203,222,220" oya="0" hai0="131,106,26,91,104,58,107,88,109,60,86,72,115" hai1="114,56,23,6,82,24,2,79,27,67,39,69,66" hai2="14,81,36,20,134,99,74,129,4,10,22,75,18" hai3="44,40,35,37,135,31,77,54,17,130,94,76,64"/><T25/><D115/><U48/><E69/><V105/><F105/><W11/><G135/><T55/><D72/><U101/><E101/><V103/><F103/><W117/><G117/><T0/><D131/><U51/><E39/><V65/><F65/><W29/><G64/><T5/><D109/><U7/><E114/><V1/><F1/><W118/><G118/><T93/><REACH who="0" step="1"/><D91/><REACH who="0" ten="345,203,222,220" step="2"/><U123/><E123/><V45/><F45/><W116/><G44/><T12/><D12/><U95/><E2/><V70/><F70/><W122/><G116/><T63/><D63/><U9/><E56/><V49/><F49/><W71/><G122/><T87/><D87/><U102/><E48/><V43/><F43/><W16/><G40/><T78/><D78/><U41/><E51/><V119/><F119/><W110/><G76/><T125/><D125/><UN n2="%E3%83%81%E3%83%A3%E3%82%AA%E3%83%AA" /><U38/><E79/><V57/><F75/><W96/><G77/><T132/><D132/><U19/><E41/><V8/><F74/><W126/><G126/><T42/><D42/><U128/><E38/><V84/><F84/><W121/><G37/><T46/><D46/><U68/><E68/><V89/><F36/><W30/><G71/><T73/><D73/><U59/><E128/><V112/><F129/><W113/><G113/><T92/><D92/><U28/><E59/><V120/><F57/><W34/><G94/><T90/><D90/><U62/><E95/><V133/><F112/><W83/><G130/><T13/><D13/><U3/><E3/><V108/><F134/><W61/><G110/><T52/><D52/><U80/><E62/><RYUUKYOKU ba="0,1" sc="345,30,203,-10,222,-10,220,-10" hai0="0,5,25,26,55,58,60,86,88,93,104,106,107" /><INIT seed="4,1,1,1,3,14" ten="375,193,212,210" oya="0" hai0="131,125,78,51,27,58,55,103,62,124,37,100,70" hai1="24,50,104,63,7,1,88,109,101,30,48,33,85" hai2="118,79,56,2,16,127,76,59,117,65,71,26,73" hai3="57,20,120,82,75,44,52,12,96,97,123,15,22"/><T10/><D37/><U61/><E109/><V80/><F2/><W41/><G75/><T135/><D135/><U77/><E77/><V60/><F79/><W13/><G82/><T53/><D78/><U25/><E61/><V114/><F114/><W84/><G84/><T81/><D81/><U43/><E43/><V130/><F130/><W19/><G44/><T89/><D89/><U116/><E116/><N who="2" m="44651" /><F127/><N who="0" m="48714" /><D131/><U107/><E25/><V31/><F31/><W121/><G41/><T134/><D134/><U111/><E111/><V87/><F73/><W129/><G129/><T21/><D10/><U11/><E63/><V105/><F105/><W98/><G19/><N who="0" m="12735" /><D70/><U132/><E132/><V35/><F35/><W95/><G95/><T3/><D3/><U119/><E119/><V126/><F126/><W113/><G113/><T32/><D32/><U99/><E107/><V34/><F34/><W0/><G0/><T112/><D112/><U42/><E42/><V133/><F133/><W91/><G91/><T8/><D8/><U69/><E69/><V68/><F71/><W102/><G102/><T64/><D64/><U18/><E101/><V38/><F38/><W9/><G9/><T5/><D5/><U108/><E7/><V17/><F26/><W106/><G106/><T92/><D92/><U66/><E24/><V93/><F93/><W28/><G28/><T29/><D29/><U72/><E30/><V74/><F74/><W67/><G67/><T40/><D40/><U90/><E72/><V54/><F68/><W47/><G47/><AGARI ba="1,1" hai="47,51,53,55,58,62,100,103" m="12735,48714" machi="47" ten="30,2900,0" yaku="18,1,52,1" doraHai="14" who="0" fromWho="3" sc="375,42,193,0,212,0,210,-32" /><INIT seed="4,2,0,1,2,46" ten="417,193,212,178" oya="0" hai0="55,112,115,19,50,53,36,39,91,82,61,117,109" hai1="54,38,21,128,51,5,130,97,92,22,27,32,24" hai2="87,127,31,89,62,37,34,104,49,95,86,126,42" hai3="79,8,30,78,23,72,16,83,132,134,70,124,123"/><T33/><D117/><U13/><E38/><V58/><F37/><W98/><G70/><T63/><D33/><U90/><E5/><V133/><F104/><W1/><G123/><T101/><D101/><U28/><E13/><V41/><F34/><W81/><G124/><N who="2" m="47657" /><F31/><W118/><G118/><T93/><D82/><U20/><REACH who="1" step="1"/><E27/><REACH who="1" ten="417,183,212,178" step="2"/><V73/><F133/><W71/><G134/><T106/><D39/><U26/><E26/><V114/><F114/><W45/><G132/><T108/><D36/><U103/><E103/><V84/><F73/><W29/><G1/><T43/><D115/><U121/><E121/><V56/><F86/><W68/><G72/><T7/><D112/><U11/><E11/><V35/><F84/><W44/><G8/><T6/><D109/><U94/><E94/><V119/><F119/><W47/><G81/><T9/><D106/><U125/><E125/><V96/><F87/><N who="3" m="48631" /><G98/><T66/><D108/><U57/><AGARI ba="2,1" hai="20,21,22,24,28,32,51,54,57,90,92,97,128,130" machi="57" ten="30,4000,0" yaku="1,1,0,1,52,1,53,0" doraHai="46" doraHaiUra="116" who="1" fromWho="1" sc="417,-22,183,56,212,-12,178,-12" /><INIT seed="5,0,0,3,4,68" ten="395,239,200,166" oya="1" hai0="24,116,109,86,33,128,79,47,65,35,114,107,12" hai1="49,135,70,121,97,69,98,94,20,127,103,133,25" hai2="9,37,84,96,3,23,7,90,56,51,130,36,0" hai3="124,80,38,53,26,41,120,99,18,50,122,78,88"/><U43/><E121/><V134/><F0/><W75/><G124/><T42/><D116/><U87/><E127/><V29/><F96/><W54/><G26/><T39/><D109/><U27/><E87/><V21/><F134/><N who="1" m="51209" /><E97/><V28/><F130/><W82/><G18/><T44/><D128/><U115/><E115/><V45/><F56/><W85/><G99/><T62/><D107/><U13/><E43/><V40/><F23/><W32/><G32/><T102/><D86/><U14/><E49/><V108/><F108/><W72/><G72/><T2/><D102/><U46/><E46/><V92/><REACH who="2" step="1"/><F21/><REACH who="2" ten="395,239,190,166" step="2"/><W104/><G104/><T11/><D114/><U132/><E132/><V57/><F57/><W95/><G122/><T4/><D2/><U19/><E27/><V106/><F106/><W48/><G120/><T76/><D44/><U10/><E25/><V112/><F112/><W83/><G38/><AGARI ba="0,1" hai="3,7,9,28,29,36,37,38,40,45,51,84,90,92" machi="38" ten="40,8000,1" yaku="1,1,52,3,53,0" doraHai="68" doraHaiUra="123" who="2" fromWho="3" sc="395,0,239,0,190,90,166,-80" /><INIT seed="6,0,0,3,2,58" ten="395,239,280,86" oya="2" hai0="68,122,21,29,10,45,74,4,49,8,85,73,34" hai1="50,59,87,36,86,78,115,43,98,69,92,132,72" hai2="47,25,32,89,134,125,97,90,113,44,60,6,65" hai3="75,61,46,83,17,100,109,38,3,20,96,88,55"/><V18/><F113/><W66/><G3/><T117/><D122/><U101/><E69/><V52/><F134/><W2/><G2/><T93/><D34/><U5/><E115/><V13/><F65/><W31/><G109/><T63/><D117/><U121/><E132/><V81/><F90/><W107/><G31/><T62/><D68/><U131/><E131/><V120/><F120/><W111/><G111/><T23/><D74/><U106/><E121/><V79/><F6/><W71/><G75/><T54/><D73/><U91/><E5/><V11/><F125/><W135/><G135/><T129/><D129/><U33/><E33/><V53/><F53/><W26/><G55/><T119/><D119/><U126/><E126/><V116/><F116/><W28/><G28/><T70/><D70/><U9/><E9/><N who="0" m="3689" /><D4/><U94/><E36/><V27/><F79/><W80/><REACH who="3" step="1"/><G88/><REACH who="3" ten="395,239,280,76" step="2"/><N who="0" m="53391" /><D29/><U118/><E72/><V82/><F32/><W128/><G128/><T0/><D0/><U112/><E118/><V105/><F105/><W127/><G127/><T57/><D45/><U95/><E106/><V77/><F47/><W16/><G16/><T104/><D104/><U103/><E112/><V133/><F133/><W124/><G124/><T84/><D84/><U7/><E87/><N who="2" m="48559" /><F44/><W24/><G24/><T42/><D42/><AGARI ba="0,1" hai="17,20,26,38,42,46,61,66,71,80,83,96,100,107" machi="42" ten="40,5200,0" yaku="1,1,52,1,53,1" doraHai="58" doraHaiUra="19" who="3" fromWho="0" sc="395,-52,239,0,280,0,76,62" /><INIT seed="7,0,0,0,3,80" ten="343,239,280,138" oya="3" hai0="82,88,79,44,29,22,90,113,9,115,97,13,132" hai1="40,95,10,103,73,56,35,1,62,86,87,32,89" hai2="27,93,16,46,51,129,4,74,59,20,130,26,102" hai3="15,105,23,92,124,57,43,67,114,134,54,34,96"/><W75/><G75/><N who="0" m="43391" /><D97/><U24/><E73/><V3/><F74/><W85/><G34/><T106/><D106/><U100/><E40/><V8/><F59/><W53/><G114/><N who="0" m="43531" /><D132/><U39/><E39/><V31/><F102/><N who="3" m="60679" /><G105/><T2/><D2/><U38/><E38/><V112/><F112/><W42/><G134/><T98/><D98/><U133/><E133/><V127/><F127/><W64/><G124/><T107/><D107/><U50/><E50/><V109/><F93/><W123/><G123/><T6/><D44/><U17/><E1/><V118/><F109/><W47/><G47/><T104/><D104/><U55/><E10/><V77/><F118/><W117/><G117/><T48/><D48/><U71/><E71/><V69/><F69/><W119/><G119/><T30/><D30/><U58/><E58/><V116/><F116/><W5/><G85/><N who="1" m="32266" /><E32/><N who="2" m="20599" /><F46/><W94/><G94/><T37/><D37/><U36/><E35/><V61/><F51/><N who="3" m="30911" /><G54/><T52/><D52/><U7/><E36/><V101/><F3/><W121/><G121/><T66/><D66/><N who="3" m="25129" /><G5/><T0/><D0/><U18/><E7/><V41/><F4/><W108/><G108/><T125/><D125/><U120/><E120/><V63/><F41/><W12/><G23/><T110/><D110/><U25/><E100/><V33/><F101/><W111/><G111/><T128/><D128/><U131/><E131/><V45/><F129/><W126/><G126/><T83/><D83/><U19/><E103/><V78/><F130/><W28/><G28/><T14/><D29/><U72/><E72/><V60/><F33/><RYUUKYOKU ba="0,0" sc="343,10,239,10,280,-30,138,10" hai0="6,9,13,14,22,88,90" hai1="17,18,19,24,25,55,56,62,89,95" hai3="12,15,42,43" /><INIT seed="7,1,0,1,0,53" ten="353,249,250,148" oya="3" hai0="42,41,98,24,33,61,44,48,101,108,87,71,96" hai1="30,28,56,17,11,85,5,123,65,70,81,37,95" hai2="124,34,115,55,74,66,69,130,0,73,10,32,67" hai3="6,4,52,54,9,109,47,90,36,112,86,119,103"/><W3/><G119/><T8/><D108/><U43/><E123/><V7/><F67/><W19/><G109/><T121/><D121/><U133/><E70/><V104/><F55/><W82/><G112/><T45/><D8/><U27/><E133/><V49/><F49/><W16/><G103/><T93/><D87/><U132/><E132/><V135/><F135/><W114/><G114/><T21/><D33/><N who="2" m="12906" /><F115/><W78/><G4/><T128/><D128/><U84/><E37/><V35/><F35/><W125/><G125/><T63/><D96/><U12/><E43/><V64/><F64/><W38/><G38/><T83/><D83/><U118/><E118/><V116/><F116/><W79/><G36/><T76/><D76/><N who="3" m="29225" /><G3/><T102/><D71/><U106/><E106/><V25/><F104/><W57/><G6/><T99/><D44/><U127/><E127/><V131/><F124/><W14/><G47/><T60/><D42/><U97/><E81/><V51/><F25/><W89/><G19/><N who="0" m="12351" /><D99/><U62/><E5/><V18/><F18/><W23/><G9/><T92/><D92/><U68/><E68/><V80/><BYE who="1" /><F131/><W59/><G89/><AGARI ba="1,0" hai="41,45,48,60,61,63,89,93,98,101,102" m="12351" machi="89" ten="30,1000,0" yaku="8,1" doraHai="53" who="0" fromWho="3" sc="353,13,249,0,250,0,148,-13" owari="366,46.0,249,-15.0,250,5.0,135,-36.0" /></mjloggm>