<mjloggm ver="2.3"><GO type="41"/><UN n0="%E5%82%B5%E5%8B%99%E4%B8%8D%E5%B1%A5%E8%A1%8C" n1="%EF%BC%88%E2%89%A7%E2%96%BD%E2%89%A6%EF%BC%89" n2="%73%68%61%6F" n3="%E4%BD%99%E3%83%8E%E4%BB%8B%E3%83%BB" dan="14,15,14,15" rate="1848,1996,1860,1894" sx="M,M,M,M"/><TAIKYOKU oya="0"/><INIT seed="0,0,0,5,2,55" ten="250,250,250,250" oya="0" hai0="126,101,128,28,17,36,41,19,94,104,131,79,59" hai1="33,49,65,44,53,68,52,16,82,15,35,106,50" hai2="5,14,0,120,87,56,31,48,39,54,133,80,46" hai3="100,21,70,109,37,71,117,99,29,22,86,47,81"/><T76/><D104/><U88/><E106/><V92/><F0/><W111/><G117/><T124/><D41/><U130/><E130/><N who="0" m="49705" /><D28/><U112/><E112/><V64/><F133/><W115/><G115/><T91/><D101/><U11/><E68/><V51/><F39/><W3/><G3/><T132/><D132/><U78/><E65/><V4/><F64/><W84/><G37/><T97/><D36/><U27/><E27/><V113/><F113/><W125/><G47/><T121/><D121/><U61/><E61/><V25/><F92/><W30/><G125/><N who="0" m="48235" /><D59/><N who="1" m="33167" /><E78/><AGARI ba="0,0" hai="17,19,76,78,79,91,94,97" m="48235,49705" machi="78" ten="30,2900,0" yaku="19,1,18,1" doraHai="55" who="0" fromWho="1" sc="250,29,250,-29,250,0,250,0" /><INIT seed="0,1,0,5,0,57" ten="279,221,250,250" oya="0" hai0="98,99,13,62,22,87,124,71,67,31,109,48,85" hai1="56,91,33,47,34,16,64,104,55,73,120,25,122" hai2="39,95,32,134,70,115,40,35,127,28,30,80,97" hai3="53,4,116,84,86,75,82,20,100,61,5,89,92"/><T38/><D38/><U126/><E73/><V21/><F115/><W8/><G75/><T123/><D123/><U88/><E104/><V12/><F39/><W10/><G116/><T66/><D124/><U107/><E107/><V45/><F40/><W103/><G20/><T101/><D66/><U37/><E126/><V114/><F45/><W108/><G108/><T3/><D3/><U43/><E64/><V79/><F114/><W130/><G130/><T112/><D112/><U72/><E72/><V90/><F70/><W23/><G23/><T78/><D48/><U49/><E33/><V29/><F127/><W26/><G26/><T9/><D109/><U19/><E34/><V83/><F83/><W102/><G5/><T135/><D135/><U105/><E105/><V65/><F65/><W58/><G4/><T118/><D118/><U1/><E1/><V17/><REACH who="2" step="1"/><F134/><REACH who="2" ten="279,221,240,250" step="2"/><W76/><AGARI ba="1,1" hai="8,10,53,58,61,76,82,84,86,89,92,100,102,103" machi="76" ten="30,4000,0" yaku="0,1,8,1,52,1" doraHai="57" who="3" fromWho="3" sc="279,-21,221,-11,240,-11,250,53" /><INIT seed="1,0,0,2,5,84" ten="258,210,229,303" oya="1" hai0="85,71,106,10,54,120,2,42,27,48,17,23,83" hai1="99,86,18,89,68,59,111,31,78,69,116,22,67" hai2="126,13,92,123,105,124,56,35,49,12,113,125,77" hai3="28,109,134,94,117,73,60,41,3,132,4,46,8"/><U129/><E116/><V90/><F105/><W70/><G117/><T62/><D106/><U93/><E129/><V64/><F123/><W110/><G28/><T74/><D74/><U38/><E38/><V30/><F77/><W32/><G73/><T6/><D120/><U5/><E111/><N who="3" m="42506" /><G94/><T45/><D71/><U135/><E135/><N who="3" m="51754" /><G32/><T25/><D62/><N who="1" m="38367" /><E68/><V80/><F80/><W114/><G70/><T76/><D42/><U21/><E69/><V37/><F37/><N who="3" m="21807" /><G60/><T29/><D29/><U57/><E31/><V20/><F113/><AGARI ba="0,0" hai="3,4,8,113,114" m="21807,51754,42506" machi="113" ten="30,3900,0" yaku="14,1,20,1,23,1" doraHai="84" who="3" fromWho="2" sc="258,0,210,0,229,-39,303,39" /><INIT seed="2,0,0,3,4,13" ten="258,210,190,342" oya="2" hai0="130,115,48,116,58,27,84,63,71,74,57,11,65" hai1="103,61,25,64,102,79,16,23,2,90,19,133,110" hai2="38,35,29,129,118,120,122,1,62,52,101,24,127" hai3="107,92,28,94,76,98,3,34,111,91,67,112,126"/><V39/><F118/><W78/><G3/><T49/><D116/><U0/><E133/><V72/><F72/><W77/><G67/><T32/><D74/><U36/><E36/><V121/><F127/><W42/><G126/><T69/><D115/><U18/><E79/><V134/><F134/><W40/><G34/><T31/><D130/><U20/><E110/><V109/><F109/><W47/><G28/><T82/><D69/><U33/><E33/><V113/><F113/><W99/><G111/><T106/><D106/><U131/><E131/><V97/><F1/><W60/><G112/><T55/><D11/><U95/><E0/><V7/><F7/><W8/><G60/><T15/><D15/><N who="1" m="9343" /><E2/><V12/><F12/><W43/><G107/><T88/><D57/><N who="1" m="36911" /><E18/><V10/><F10/><W117/><G8/><T45/><D45/><U105/><E105/><V59/><REACH who="2" step="1"/><F129/><REACH who="2" ten="258,210,180,342" step="2"/><W85/><G117/><T96/><D96/><AGARI ba="0,1" hai="16,23,25,90,95,96,102,103" m="36911,9343" machi="96" ten="30,7700,0" yaku="8,1,52,2,54,1" doraHai="13" who="1" fromWho="0" sc="258,-77,210,87,180,0,342,0" /><INIT seed="3,0,0,4,1,82" ten="181,297,180,342" oya="3" hai0="116,81,133,31,117,120,67,3,77,89,87,92,69" hai1="134,80,22,106,85,119,130,97,107,78,1,15,104" hai2="55,38,63,114,86,132,113,4,100,40,72,64,90" hai3="96,54,93,125,0,23,105,66,16,8,46,32,74"/><W39/><G105/><T76/><D120/><U111/><E1/><V129/><F72/><W122/><G32/><T20/><D3/><U110/><E119/><V91/><F129/><W42/><G122/><T41/><D41/><U60/><E130/><V95/><F100/><W62/><G125/><T135/><D67/><U48/><E134/><N who="0" m="51209" /><D69/><U56/><E48/><V17/><F132/><W49/><G74/><T99/><D20/><U121/><E121/><V35/><F35/><W108/><G8/><T12/><D12/><U115/><E115/><V14/><F4/><W11/><G11/><T79/><D31/><U59/><E97/><V47/><F55/><W68/><G0/><T36/><D36/><U43/><E43/><V21/><REACH who="2" step="1"/><F91/><AGARI ba="0,0" hai="76,77,79,81,87,89,91,92,99,116,117" m="51209" machi="91" ten="30,7700,0" yaku="20,1,34,2,52,1" doraHai="82" who="0" fromWho="2" sc="181,77,297,0,180,-77,342,0" /><INIT seed="4,0,0,2,2,86" ten="258,297,103,342" oya="0" hai0="117,17,94,42,57,34,44,72,14,100,9,131,77" hai1="124,123,121,28,114,113,39,41,23,31,90,132,58" hai2="125,120,54,119,48,112,35,118,98,122,63,12,130" hai3="60,62,33,36,20,83,79,19,61,91,37,85,96"/><T55/><D117/><N who="2" m="44554" /><F35/><W1/><G33/><T46/><D34/><U66/><E132/><V59/><F98/><W116/><G1/><T73/><D131/><U70/><E124/><V7/><F7/><W38/><G116/><T82/><D73/><U4/><E4/><V84/><F84/><W26/><G96/><T67/><D67/><U115/><E70/><V126/><F12/><W49/><G49/><T2/><D2/><U30/><E23/><V68/><F112/><W99/><G99/><T6/><D94/><U5/><E5/><V56/><F68/><W71/><G79/><T93/><D93/><U32/><E32/><V106/><F130/><W87/><G87/><T95/><D100/><U78/><E78/><V51/><F106/><W103/><REACH who="3" step="1"/><G103/><REACH who="3" ten="258,297,103,332" step="2"/><T15/><D77/><U25/><E114/><V24/><F51/><W89/><G89/><T0/><D72/><U52/><E90/><V92/><F92/><W75/><G75/><T135/><D95/><U64/><E115/><V13/><F24/><W29/><G29/><T16/><D0/><U53/><E25/><V110/><F13/><W108/><G108/><T40/><D14/><U129/><E113/><V11/><F110/><W47/><G47/><T107/><D44/><N who="1" m="23615" /><E129/><V74/><F74/><W109/><G109/><T69/><D15/><U76/><E76/><V43/><F11/><W134/><G134/><T101/><D9/><U50/><E53/><N who="2" m="34191" /><F43/><W22/><G22/><T18/><D42/><U133/><E133/><V81/><F81/><W3/><G3/><T127/><D135/><U8/><E8/><RYUUKYOKU ba="0,1" sc="258,-30,297,10,103,10,332,10" hai1="28,30,31,50,52,58,64,66,121,123" hai2="48,54,59,120,122,125,126" hai3="19,20,26,36,37,38,60,61,62,71,83,85,91" /><INIT seed="5,1,1,0,4,86" ten="228,307,113,342" oya="1" hai0="52,121,114,19,61,74,14,13,21,55,93,6,132" hai1="104,66,90,26,50,3,111,44,27,25,95,108,31" hai2="85,40,53,7,106,118,84,63,36,15,73,68,35" hai3="101,43,59,82,47,65,8,78,120,103,16,105,0"/><U83/><E3/><V87/><F73/><W32/><G32/><T122/><D74/><U115/><E104/><V38/><F118/><W34/><G34/><T80/><D80/><U2/><E2/><V72/><F72/><W126/><G120/><T117/><D117/><U123/><E123/><N who="0" m="47113" /><D132/><U48/><E115/><V107/><F35/><W23/><G126/><T41/><D114/><U22/><E83/><V10/><F40/><W81/><G105/><T88/><D41/><N who="1" m="24591" /><E66/><V39/><REACH who="2" step="1"/><F53/><REACH who="2" ten="228,307,103,342" step="2"/><W29/><G43/><T98/><D61/><U45/><E111/><V113/><F113/><W11/><G78/><T12/><D6/><U99/><E108/><V79/><F79/><W62/><G0/><T33/><D33/><U54/><AGARI ba="1,2" hai="22,25,26,27,31,45,50,54,90,95,99" m="24591" machi="54" ten="30,3000,0" yaku="8,1,52,1" doraHai="86" who="1" fromWho="1" sc="228,-11,307,53,103,-11,342,-11" /><INIT seed="5,2,0,3,0,12" ten="217,360,92,331" oya="1" hai0="81,125,58,98,117,70,3,131,28,79,47,130,90" hai1="26,123,109,64,11,116,18,49,77,27,5,56,108" hai2="105,88,68,59,114,50,134,23,8,46,113,60,44" hai3="14,115,39,30,7,41,74,78,95,71,25,89,97"/><U53/><E123/><V36/><F134/><W132/><G71/><T124/><D70/><U126/><E116/><V106/><F68/><W24/><G132/><T38/><D3/><U33/><E126/><N who="0" m="48745" /><D47/><U128/><E128/><N who="0" m="49193" /><D38/><U100/><E100/><V94/><F44/><W51/><G39/><T101/><D58/><U96/><E96/><V118/><F36/><W29/><G7/><T133/><D28/><U103/><E103/><V22/><F8/><W6/><G6/><T73/><D117/><U82/><E64/><N who="2" m="38943" /><F118/><W32/><G41/><T37/><D37/><U107/><E107/><V40/><F23/><W93/><G51/><T9/><D9/><U17/><E33/><V85/><F22/><W87/><G32/><T92/><D101/><U121/><E121/><V48/><F50/><W129/><G129/><T42/><D42/><U69/><E69/><V102/><F102/><W84/><G30/><T66/><D66/><U0/><E26/><V16/><F106/><W110/><G29/><T62/><D62/><U122/><E122/><V63/><F105/><W72/><G25/><T35/><D35/><U15/><E27/><V21/><F63/><W86/><G24/><T13/><D13/><U2/><E2/><V20/><F20/><W76/><G14/><T91/><D91/><U65/><E65/><V104/><F104/><W111/><G78/><T112/><D112/><N who="2" m="43114" /><F21/><W120/><G115/><T45/><D45/><U19/><REACH who="1" step="1"/><E0/><REACH who="1" ten="217,350,92,331" step="2"/><V119/><F119/><W127/><G127/><T80/><D80/><U31/><E31/><V135/><F135/><AGARI ba="2,1" hai="73,79,81,90,92,98,133,135" m="49193,48745" machi="135" ten="40,12000,2" yaku="30,2,18,1,19,1,34,2" doraHai="12" who="0" fromWho="2" sc="217,136,350,0,92,-126,331,0" owari="353,45.0,350,15.0,-34,-53.0,331,-7.0" /></mjloggm>