<mjloggm ver="2.3"><GO type="97"/><UN n0="%EF%BC%88%E2%89%A7%E2%96%BD%E2%89%A6%EF%BC%89" n1="%E3%81%9D%E3%82%8C%E3%82%86%E3%81%91%E3%81%A1%E3%83%BC%E3%81%B4%E3%82%93" n2="%E8%A1%80%E5%A1%97%E3%82%89%E3%82%8C%E3%81%9F%E8%81%96%E5%A4%A9%E4%BD%BF" n3="%E8%83%83%E8%85%B8%E8%96%AC" dan="15,13,13,14" rate="2007,1896,1908,1922" sx="M,M,M,M"/><TAIKYOKU oya="0"/><INIT seed="0,0,0,2,4,2" ten="250,250,250,250" oya="0" hai0="32,123,26,46,3,30,133,100,97,15,62,116,12" hai1="92,119,71,57,17,90,121,99,22,21,75,87,91" hai2="70,127,104,11,61,131,24,4,43,110,68,13,37" hai3="20,38,109,60,81,84,128,115,72,35,67,5,88"/><T98/><D123/><U108/><E108/><V96/><F110/><W117/><G109/><T126/><D116/><U23/><E119/><V69/><F127/><W135/><G115/><T28/><D126/><U50/><E71/><V112/><F112/><W89/><G117/><T134/><D3/><U78/><E75/><V8/><F131/><W9/><G38/><T122/><D122/><U25/><E78/><V6/><F24/><W52/><G128/><T129/><D129/><U66/><E121/><V124/><F124/><W36/><G35/><T86/><D30/><U101/><E91/><V39/><F61/><W106/><G106/><T45/><D62/><U130/><E130/><V77/><F77/><W1/><G135/><N who="0" m="51723" /><D86/><U105/><E66/><V118/><F118/><W64/><G36/><T16/><D15/><U54/><AGARI ba="0,0" hai="17,21,22,23,25,50,54,57,87,90,92,99,101,105" machi="54" ten="30,1100,0" yaku="0,1" doraHai="2" who="1" fromWho="1" sc="250,-5,250,11,250,-3,250,-3" /><INIT seed="1,0,0,4,0,134" ten="245,261,247,247" oya="1" hai0="16,58,5,23,31,54,97,79,101,75,132,34,77" hai1="106,57,88,76,53,72,7,117,91,47,52,81,19" hai2="135,33,129,15,41,123,22,48,50,67,21,86,122" hai3="39,64,55,118,116,13,14,59,110,40,38,96,74"/><U24/><E106/><V98/><F33/><W45/><G74/><T69/><D69/><U9/><E117/><N who="3" m="45162" /><G96/><T99/><D132/><U12/><E47/><V82/><F135/><W100/><G100/><T119/><D119/><U56/><E56/><V60/><F129/><W115/><G13/><T104/><D75/><U126/><E126/><V87/><F98/><W35/><G14/><T28/><D5/><U108/><E53/><V80/><F15/><W42/><G35/><T90/><D34/><U20/><REACH who="1" step="1"/><E108/><REACH who="1" ten="245,251,247,247" step="2"/><V93/><F41/><N who="3" m="15979" /><G110/><T124/><D104/><U37/><E37/><N who="3" m="13834" /><G115/><T49/><D101/><U114/><E114/><V127/><F93/><W133/><G133/><T8/><D54/><U85/><E85/><V3/><F87/><W26/><G26/><T92/><D99/><U63/><AGARI ba="0,1" hai="7,9,12,19,20,24,52,57,63,72,76,81,88,91" machi="63" ten="20,18000,2" yaku="1,1,0,1,7,1,54,2,53,1" doraHai="134" doraHaiUra="105" who="1" fromWho="1" sc="245,-60,251,190,247,-60,247,-60" /><INIT seed="1,1,0,5,4,115" ten="185,441,187,187" oya="1" hai0="62,25,98,99,88,103,119,47,109,74,57,19,83" hai1="65,76,126,124,44,22,64,116,135,53,20,2,105" hai2="60,50,128,56,30,95,21,89,7,14,8,51,132" hai3="49,33,113,42,66,121,96,67,12,127,130,82,104"/><U107/><E2/><V106/><F106/><W40/><G113/><T100/><D119/><U37/><E135/><V91/><F132/><W10/><G121/><T3/><D3/><U69/><E76/><V72/><F72/><W45/><G33/><T54/><D109/><U87/><E87/><V71/><F71/><W52/><G130/><T15/><D74/><U131/><E131/><V129/><F129/><W61/><G127/><N who="1" m="48682" /><E116/><V110/><F128/><W6/><G104/><N who="1" m="40010" /><E69/><V133/><F133/><W117/><G117/><T78/><D78/><U59/><E44/><V93/><F110/><W118/><G118/><T85/><D47/><U28/><E37/><V86/><F21/><N who="1" m="8297" /><E28/><V68/><F30/><W26/><G26/><T0/><D25/><U18/><E18/><V31/><F31/><W5/><G5/><T70/><D0/><U75/><E75/><V81/><F68/><W41/><G82/><T90/><D70/><U11/><E11/><V79/><F79/><W55/><REACH who="3" step="1"/><G96/><REACH who="3" ten="185,441,187,177" step="2"/><T32/><D99/><U48/><AGARI ba="1,1" hai="48,53,59,64,65" m="8297,40010,48682" machi="48" ten="40,2100,0" yaku="18,1" doraHai="115" who="1" fromWho="1" sc="185,-8,441,34,187,-8,177,-8" /><INIT seed="1,2,0,5,4,70" ten="177,475,179,169" oya="1" hai0="63,59,22,28,29,20,72,7,84,57,16,133,114" hai1="31,45,42,85,80,90,13,71,41,5,60,124,48" hai2="46,82,125,18,97,49,93,116,62,66,21,8,87" hai3="75,94,121,83,1,38,44,35,129,81,92,25,123"/><U102/><E124/><V103/><F116/><W6/><G129/><T14/><D72/><U101/><E31/><N who="0" m="11849" /><D114/><U76/><E42/><V79/><F125/><W86/><G75/><T27/><D133/><U122/><E122/><V78/><F8/><W58/><G58/><T36/><D36/><U111/><E111/><V56/><F87/><W52/><G86/><T0/><D0/><U112/><E112/><V77/><F82/><W10/><G35/><T50/><D7/><U43/><E43/><V26/><REACH who="2" step="1"/><F79/><REACH who="2" ten="177,475,169,169" step="2"/><W109/><G109/><T95/><D84/><U69/><E76/><V105/><F105/><W99/><G123/><T107/><D107/><U110/><E110/><V134/><F134/><W64/><G121/><T118/><D118/><U34/><E80/><V74/><F74/><W55/><G83/><T4/><D95/><U68/><E85/><V39/><F39/><W33/><G81/><T11/><D11/><U106/><E106/><V130/><F130/><W120/><G94/><T88/><D4/><U17/><E5/><V47/><F47/><W65/><G120/><T113/><D113/><U54/><E45/><V119/><F119/><W89/><G44/><T126/><D126/><U23/><E41/><AGARI ba="2,1" hai="18,21,26,41,46,49,56,62,66,77,78,93,97,103" machi="41" ten="30,7700,0" yaku="1,1,7,1,8,1,53,1" doraHai="70" doraHaiUra="19" who="2" fromWho="1" sc="177,0,475,-83,169,93,169,0" /><INIT seed="2,0,0,3,5,105" ten="177,392,262,169" oya="2" hai0="99,8,25,87,48,10,102,17,38,121,50,13,103" hai1="54,58,65,134,122,35,131,36,123,96,6,114,117" hai2="44,78,97,100,127,51,22,30,126,85,106,135,3" hai3="43,124,110,31,49,77,1,81,4,57,11,61,46"/><V63/><F3/><W37/><G124/><N who="2" m="47657" /><F135/><W34/><G110/><T27/><D38/><U14/><E35/><V20/><F30/><W90/><G90/><T55/><D121/><N who="1" m="46091" /><E117/><V47/><F63/><W132/><G132/><T76/><D8/><N who="1" m="4375" /><E114/><V116/><F116/><W41/><G41/><T72/><D72/><U80/><E36/><V45/><F51/><W83/><G49/><T68/><D68/><U93/><E80/><AGARI ba="0,0" hai="20,22,44,45,47,78,80,85,97,100,106" m="47657" machi="80" ten="30,1500,0" yaku="18,1" doraHai="105" who="2" fromWho="1" sc="177,0,392,-15,262,15,169,0" /><INIT seed="2,1,0,4,1,51" ten="177,377,277,169" oya="2" hai0="46,93,123,3,16,89,135,82,99,97,122,62,109" hai1="24,53,68,120,60,32,39,91,8,28,49,52,9" hai2="18,127,88,56,63,77,80,118,130,75,40,111,78" hai3="50,116,112,54,20,10,58,128,14,57,76,35,67"/><V129/><F118/><W55/><G116/><T125/><D3/><U86/><E39/><V69/><F69/><W84/><G112/><T98/><D125/><U102/><E102/><V132/><F127/><W36/><G35/><T61/><D135/><U4/><E120/><V92/><F132/><W11/><G36/><T41/><D109/><U17/><E17/><V108/><F40/><W117/><G67/><T44/><D82/><U23/><E32/><V113/><F113/><W25/><G117/><T103/><D122/><U1/><E9/><V134/><F18/><W26/><G128/><N who="2" m="49257" /><F134/><W105/><G105/><T5/><D5/><U21/><E21/><V70/><F70/><W90/><G76/><T59/><D123/><U81/><REACH who="1" step="1"/><E49/><REACH who="1" ten="177,367,277,169" step="2"/><V37/><F37/><W95/><G20/><T104/><D103/><U22/><E22/><V48/><F48/><W43/><G43/><T27/><D41/><U85/><E85/><N who="2" m="52239" /><F78/><W87/><G87/><T107/><D16/><U110/><E110/><N who="2" m="42027" /><F63/><W38/><G38/><T29/><D62/><U101/><E101/><V73/><F56/><W96/><G96/><N who="0" m="57391" /><D59/><U6/><E6/><V45/><F45/><N who="0" m="17514" /><D61/><U42/><E42/><V133/><F133/><W100/><G100/><N who="0" m="62495" /><D107/><U94/><E94/><V124/><F124/><W13/><G95/><T106/><D106/><U47/><E47/><V33/><F33/><W126/><G126/><T65/><D98/><U131/><E131/><V0/><F0/><W19/><G50/><T119/><D97/><U12/><E12/><V7/><F7/><N who="3" m="3295" /><G14/><T31/><D119/><U30/><E30/><RYUUKYOKU ba="1,1" sc="177,-15,367,15,277,15,169,-15" hai1="1,4,8,23,24,28,52,53,60,68,81,86,91" hai2="73,75,77,80" /><INIT seed="2,2,1,3,0,54" ten="162,382,292,154" oya="2" hai0="111,27,105,51,77,118,61,126,55,24,63,94,82" hai1="7,127,53,123,113,17,104,89,78,48,21,81,96" hai2="134,90,57,12,15,26,23,84,92,83,97,56,108" hai3="101,49,19,30,1,91,132,14,74,117,65,4,121"/><V36/><F36/><W2/><G121/><T120/><D120/><U45/><E123/><V119/><F119/><W33/><G117/><T32/><D118/><U35/><E35/><V68/><F68/><W6/><G74/><T71/><D105/><U130/><E113/><V95/><F134/><W103/><G65/><T58/><D126/><U13/><E127/><V18/><F108/><W60/><G132/><T124/><D124/><U116/><E116/><V131/><F131/><W135/><G135/><T3/><D3/><N who="3" m="1033" /><G60/><T40/><D111/><U34/><E34/><V38/><F38/><W52/><G91/><T76/><D40/><U80/><E130/><V110/><F110/><W29/><G49/><T43/><D43/><U129/><E7/><N who="3" m="2602" /><G52/><T87/><D71/><U28/><E129/><V107/><F107/><W64/><G64/><T88/><D32/><U100/><E28/><N who="3" m="10858" /><G103/><T47/><D76/><U67/><E78/><V59/><REACH who="2" step="1"/><F95/><REACH who="2" ten="162,382,282,154" step="2"/><W22/><G101/><AGARI ba="2,2" hai="12,15,18,23,26,56,57,59,83,84,90,92,97,101" machi="101" ten="40,18000,2" yaku="1,1,2,1,8,1,52,3,53,0" doraHai="54" doraHaiUra="62" who="2" fromWho="3" sc="162,0,382,0,282,206,154,-186" owari="162,-24.0,382,18.0,488,59.0,-32,-53.0" /></mjloggm>