<mjloggm ver="2.3"><GO type="169" lobby="0"/><UN n0="%E5%9F%BA%E7%A4%8E%E8%AB%96" n1="%E4%B8%83%E3%83%84%E7%9B%AE%E7%8E%89" n2="%70%61%72%75%6F%31%31" n3="%EF%BC%88%E2%89%A7%E2%96%BD%E2%89%A6%EF%BC%89" dan="17,18,16,17" rate="2134.22,2221.26,2032.38,2153.94" sx="M,M,M,M"/><TAIKYOKU oya="0"/><INIT seed="0,0,0,2,0,2" ten="250,250,250,250" oya="0" hai0="49,31,29,99,20,32,42,55,67,62,28,73,112" hai1="43,85,79,97,76,92,66,114,77,51,80,101,89" hai2="8,70,57,47,68,82,131,78,132,121,98,11,95" hai3="48,125,117,59,50,14,109,7,122,26,53,16,119"/><T83/><D112/><U120/><E114/><V61/><F121/><W63/><G122/><T17/><D32/><U52/><E120/><V4/><F131/><W72/><G72/><T56/><D42/><U91/><E66/><V69/><F132/><W90/><G109/><T111/><D111/><U35/><E35/><V23/><F23/><N who="3" m="13671" /><G117/><T38/><D38/><U129/><E129/><V33/><F47/><W106/><G106/><T24/><D99/><U44/><E43/><V116/><F33/><W74/><G74/><T124/><D124/><U1/><E1/><V21/><F21/><W102/><G102/><AGARI ba="0,0" hai="44,51,52,76,77,79,80,85,89,91,92,97,101,102" machi="102" ten="40,2600,0" yaku="8,1,54,1" doraHai="2" who="1" fromWho="3" sc="250,0,250,26,250,0,250,-26" /><INIT seed="1,0,0,4,4,132" ten="250,276,250,224" oya="1" hai0="59,133,72,48,29,46,41,114,36,119,94,105,131" hai1="60,19,81,129,10,18,47,22,23,31,77,49,88" hai2="135,62,116,109,53,130,67,45,51,44,26,98,55" hai3="9,92,66,63,38,80,1,32,24,122,70,8,87"/><U16/><E129/><V2/><F2/><W11/><G122/><T93/><D105/><U120/><E120/><V57/><F98/><W28/><G38/><T104/><D119/><U65/><E77/><V95/><F95/><W125/><G125/><T25/><D114/><U64/><E10/><V71/><F26/><W39/><G39/><T82/><D104/><U34/><E34/><V75/><F75/><W112/><G112/><T108/><D131/><U37/><E37/><V79/><F79/><W30/><G30/><T121/><D121/><U0/><E0/><V73/><F73/><W17/><G92/><T126/><D126/><U90/><E31/><V134/><F116/><W76/><G11/><T15/><D15/><U111/><E111/><V96/><F96/><W100/><G100/><T103/><D103/><U78/><E78/><V3/><F3/><W43/><G43/><T106/><D106/><U89/><E81/><V6/><F6/><W123/><G123/><T97/><D108/><U101/><E101/><V86/><F86/><W128/><G128/><T91/><D94/><U61/><E61/><N who="2" m="40431" /><F109/><W4/><G17/><T21/><D133/><N who="2" m="50698" /><F130/><W50/><REACH who="3" step="1"/><G9/><REACH who="3" ten="250,276,250,214" step="2"/><T110/><D110/><U7/><E7/><V118/><F118/><W58/><G58/><AGARI ba="0,1" hai="44,45,51,53,55,57,58,62" m="50698,40431" machi="58" ten="30,3900,0" yaku="20,1,34,2" doraHai="132" who="2" fromWho="3" sc="250,0,276,0,250,49,214,-39" /><INIT seed="2,0,0,2,0,99" ten="250,276,299,175" oya="2" hai0="60,15,57,61,87,89,115,130,114,92,0,29,44" hai1="85,96,135,98,132,105,124,111,80,39,126,40,97" hai2="42,56,8,23,14,20,41,21,123,128,27,64,84" hai3="94,66,9,81,121,100,30,36,49,112,70,16,26"/><V53/><F123/><W50/><G121/><T45/><D0/><U55/><E39/><V101/><F128/><W83/><G36/><T131/><D29/><U65/><E65/><V76/><F64/><W31/><G112/><T18/><D57/><U13/><E40/><V11/><F27/><W52/><G66/><T5/><D5/><U129/><E129/><N who="0" m="49161" /><D61/><U91/><E55/><V107/><F107/><W72/><G70/><T48/><D60/><U119/><E13/><V93/><F76/><W79/><G50/><T77/><D77/><U33/><E33/><V3/><F3/><W67/><G67/><T125/><D125/><N who="1" m="48235" /><E119/><V69/><F69/><W95/><G31/><T51/><D51/><U68/><E68/><V74/><F74/><W118/><G118/><T43/><D45/><U1/><E1/><V108/><F108/><W62/><G62/><T133/><D133/><N who="1" m="51275" /><E105/><V22/><F41/><W58/><G30/><T12/><D12/><U127/><E127/><V134/><F42/><W120/><G9/><AGARI ba="0,0" hai="9,15,18,43,44,48,87,89,92,114,115" m="49161" machi="9" ten="30,1000,0" yaku="19,1" doraHai="99" who="0" fromWho="3" sc="250,10,276,0,299,0,175,-10" /><INIT seed="3,0,0,3,4,110" ten="260,276,299,165" oya="3" hai0="1,23,72,90,4,17,24,88,98,66,124,108,109" hai1="56,29,101,34,15,97,26,117,131,50,57,38,126" hai2="99,79,93,112,103,84,82,33,78,46,28,13,115" hai3="121,76,91,64,104,30,62,116,14,60,37,118,130"/><W16/><G121/><T125/><D72/><U40/><E38/><V83/><F46/><W42/><G104/><T54/><D66/><U0/><E0/><V39/><F39/><W21/><G130/><T59/><D4/><U27/><E131/><V52/><F13/><W89/><G76/><T77/><D77/><U123/><E123/><V18/><F18/><W31/><G37/><T53/><D1/><U7/><E126/><N who="0" m="48745" /><D54/><U20/><E117/><V71/><F71/><W129/><G129/><T106/><D106/><U102/><E40/><V43/><F43/><W105/><G105/><T9/><D9/><U134/><E134/><V85/><F52/><W113/><G42/><T67/><D67/><U63/><E50/><V70/><F70/><W3/><G3/><T86/><D98/><U73/><E73/><V22/><F22/><W92/><G62/><N who="0" m="36207" /><D90/><U51/><E51/><V94/><F94/><AGARI ba="0,0" hai="17,23,24,86,88,94,108,109" m="36207,48745" machi="94" ten="30,2000,0" yaku="18,1,54,1" doraHai="110" who="0" fromWho="2" sc="260,20,276,0,299,-20,165,0" /><INIT seed="4,0,0,2,1,116" ten="280,276,279,165" oya="0" hai0="73,4,108,114,63,99,135,17,14,11,134,35,132" hai1="15,19,33,110,53,62,12,71,118,84,56,126,104" hai2="13,39,74,3,28,22,120,115,111,72,69,24,107" hai3="121,38,8,9,43,81,16,112,129,7,127,23,6"/><T88/><D35/><U49/><E118/><V124/><RYUUKYOKU type="yao9" ba="0,0" sc="280,0,276,0,279,0,165,0" hai2="3,13,22,24,28,39,69,72,74,107,111,115,120,124" /><INIT seed="4,1,0,2,3,35" ten="280,276,279,165" oya="0" hai0="69,0,23,113,78,14,3,87,64,66,39,114,104" hai1="15,56,50,110,46,7,133,24,86,26,4,73,29" hai2="13,17,75,33,129,58,106,77,52,22,116,107,19" hai3="67,10,109,89,43,84,131,1,76,8,111,21,85"/><T71/><D104/><U38/><E73/><V74/><F33/><W5/><G131/><T125/><D39/><U82/><E110/><V135/><F129/><W48/><G67/><N who="0" m="25643" /><D78/><U18/><E38/><V55/><F135/><W80/><G21/><T51/><D87/><U9/><E56/><V101/><F116/><W41/><G10/><T108/><D51/><U44/><E133/><V36/><F36/><W120/><G120/><T37/><D37/><U95/><E95/><V93/><F93/><W92/><REACH who="3" step="1"/><G48/><REACH who="3" ten="280,276,279,155" step="2"/><T81/><D108/><AGARI ba="1,1" hai="1,5,8,41,43,76,80,84,85,89,92,108,109,111" machi="108" ten="40,5200,0" yaku="1,1,2,1,52,1,53,0" doraHai="35" doraHaiUra="59" who="3" fromWho="0" sc="280,-55,276,0,279,0,155,65" /><INIT seed="5,0,0,0,5,29" ten="225,276,279,220" oya="1" hai0="34,31,0,89,42,104,84,10,106,75,90,25,13" hai1="74,64,113,98,125,66,58,12,119,47,52,46,122" hai2="38,110,40,33,131,30,115,127,72,128,20,96,62" hai3="83,69,28,103,15,18,7,78,45,114,105,67,108"/><U61/><E122/><V19/><F110/><W51/><G108/><T129/><D75/><U59/><E119/><V36/><F72/><W39/><G114/><T109/><D109/><U37/><E74/><V120/><F120/><W11/><G39/><T48/><D129/><U55/><E113/><V53/><F115/><W22/><G103/><T91/><D0/><U133/><E133/><V44/><F127/><W9/><G105/><T35/><D84/><U63/><E125/><V118/><F118/><W101/><G101/><T1/><D1/><U2/><E2/><V94/><F38/><W132/><G132/><T99/><D99/><U60/><E98/><V70/><F70/><W21/><G28/><T56/><D35/><U116/><E12/><V71/><F71/><W50/><G67/><N who="1" m="25642" /><E116/><V123/><F123/><W107/><G69/><T43/><D106/><U92/><E92/><V134/><F134/><W23/><G107/><T88/><D104/><U3/><E3/><V126/><F126/><W97/><G97/><T111/><D111/><U27/><E27/><V14/><F33/><W8/><G7/><T95/><D95/><U4/><E4/><V117/><F117/><W130/><G130/><T121/><N who="0" m="22528" /><DORA hai="124" /><T16/><REACH who="0" step="1"/><D121/><REACH who="0" ten="215,276,279,220" step="2"/><U135/><E135/><V81/><F131/><W24/><G83/><T87/><D87/><U57/><E37/><V79/><F36/><W85/><G85/><T5/><D5/><U76/><E76/><V93/><F128/><W54/><G78/><T86/><D86/><U80/><E80/><V32/><F32/><W100/><G100/><RYUUKYOKU type="nm" ba="0,1" sc="215,-20,276,-40,279,80,220,-20" hai0="10,13,16,25,31,34,42,43,48,56" hai1="46,47,52,55,57,58,59,60,61,63" /><INIT seed="5,1,1,5,3,53" ten="195,236,359,200" oya="1" hai0="93,130,42,117,26,43,7,113,119,46,58,56,19" hai1="112,59,80,8,22,84,55,20,17,125,13,104,34" hai2="64,118,91,124,131,94,100,30,110,89,87,92,32" hai3="88,47,1,134,102,65,108,28,105,63,135,74,61"/><U51/><E104/><V121/><F110/><W11/><G74/><T95/><D7/><U2/><E34/><V126/><F121/><W35/><G108/><T57/><D117/><U29/><E112/><V98/><F118/><W37/><G63/><T107/><D107/><U81/><E125/><N who="2" m="48235" /><F64/><W128/><G128/><T50/><D119/><U27/><E2/><V127/><F127/><W101/><G88/><N who="2" m="33865" /><F131/><W9/><G1/><T69/><D69/><U60/><E84/><V5/><F5/><W132/><G47/><T40/><D113/><U24/><REACH who="1" step="1"/><E60/><REACH who="1" ten="195,226,359,200" step="2"/><V71/><F87/><W97/><G105/><T54/><D130/><U49/><E49/><V67/><F94/><W116/><G116/><T21/><AGARI ba="1,2" hai="19,21,26,40,42,43,46,50,54,56,57,58,93,95" machi="21" ten="40,8000,1" yaku="0,1,8,1,52,3" doraHai="53" who="0" fromWho="0" sc="195,103,226,-41,359,-21,200,-21" /><INIT seed="6,0,0,3,1,78" ten="298,185,338,179" oya="2" hai0="94,93,25,31,42,132,36,0,54,1,62,95,80" hai1="91,81,115,56,24,9,130,46,61,124,84,125,37" hai2="7,40,65,77,10,47,35,32,34,63,70,72,12" hai3="33,58,102,73,21,53,71,44,134,126,76,48,39"/><V23/><F23/><W135/><G33/><T14/><D132/><N who="3" m="50729" /><G126/><N who="1" m="48746" /><E115/><V68/><F68/><W64/><G102/><T13/><D36/><U108/><E130/><V15/><F15/><W50/><G39/><T27/><D42/><N who="1" m="22863" /><E108/><V2/><F12/><W98/><G98/><T17/><D14/><U87/><E24/><V89/><F89/><W3/><G3/><T103/><D1/><U52/><E87/><V100/><F100/><W67/><G71/><T110/><D0/><U51/><E9/><V22/><F22/><W104/><G104/><T16/><D110/><U121/><E121/><V109/><F109/><W82/><G21/><N who="0" m="15855" /><D25/><U114/><E114/><V4/><F4/><W30/><G30/><T118/><D118/><U129/><E129/><V20/><F20/><W83/><G83/><T120/><D120/><U79/><E79/><V128/><F128/><W97/><G97/><T119/><D119/><U43/><E43/><AGARI ba="0,0" hai="43,44,48,50,53,58,64,67,73,76,82" m="50729" machi="43" ten="30,2000,0" yaku="20,1,52,1" doraHai="78" who="3" fromWho="1" sc="298,0,185,-20,338,0,179,20" /><INIT seed="7,0,0,1,3,38" ten="298,165,338,199" oya="3" hai0="74,118,58,81,112,52,43,67,132,37,89,116,64" hai1="61,6,39,115,133,99,113,47,125,71,108,80,18" hai2="65,72,30,120,121,94,83,54,46,8,128,101,109" hai3="117,73,4,60,15,40,105,2,48,56,35,24,22"/><W5/><G73/><T134/><D89/><U26/><E108/><V50/><F109/><W25/><G105/><T12/><D12/><U29/><E6/><N who="3" m="2666" /><G35/><T62/><D81/><U66/><E125/><V87/><F128/><W28/><G117/><N who="0" m="45163" /><D74/><U82/><E133/><N who="0" m="51305" /><D112/><N who="1" m="43083" /><E18/><V131/><F131/><W95/><G2/><T122/><D122/><N who="2" m="47210" /><F65/><N who="3" m="39047" /><G95/><T34/><D34/><N who="1" m="20791" /><E99/><N who="2" m="59639" /><F72/><W102/><G102/><T107/><D107/><U10/><E10/><V19/><F30/><W77/><G77/><T3/><D3/><U91/><E91/><N who="2" m="51711" /><F19/><N who="3" m="10623" /><G28/><T13/><D13/><U124/><E124/><V100/><F100/><W97/><G97/><T32/><D32/><U90/><E90/><V96/><F96/><W79/><G79/><T17/><D17/><U111/><E111/><V20/><F20/><W11/><G11/><AGARI ba="0,0" hai="8,11,46,50,54" m="51711,59639,47210" machi="11" ten="30,1000,0" yaku="13,1" doraHai="38" who="2" fromWho="3" sc="298,0,165,0,338,10,199,-10" owari="298,10.0,165,-33.0,348,44.0,189,-21.0" /></mjloggm>