<mjloggm ver="2.3"><GO type="41"/><UN n0="%E3%82%BD%E3%82%A6%E3%83%AB%E3%81%B2%E3%81%A7" n1="%EF%BC%88%E2%89%A7%E2%96%BD%E2%89%A6%EF%BC%89" n2="%E3%81%9F%E3%81%A1%E3%81%AE" n3="%43%48%4F%57" dan="14,15,14,15" rate="1882,2070,1882,1896" sx="M,M,M,M"/><TAIKYOKU oya="0"/><INIT seed="0,0,0,3,5,77" ten="250,250,250,250" oya="0" hai0="121,16,73,29,21,117,116,6,92,36,86,62,10" hai1="93,53,22,123,46,87,127,67,8,48,104,41,110" hai2="106,120,37,23,31,35,3,40,84,65,66,75,89" hai3="78,103,0,124,100,5,80,18,135,57,134,128,24"/><T132/><D73/><U39/><E123/><V79/><F120/><W4/><G0/><T58/><D36/><U130/><E104/><V33/><F106/><W131/><G24/><T43/><D121/><U81/><E110/><V105/><F105/><W82/><G18/><T7/><D43/><U68/><E130/><N who="3" m="49706" /><G57/><T25/><D132/><N who="3" m="50729" /><G78/><T90/><D7/><N who="3" m="2633" /><G124/><T30/><D116/><U122/><E127/><V15/><F3/><W91/><G91/><T9/><D117/><U118/><E118/><V126/><F126/><W54/><G54/><N who="0" m="34135" /><D6/><U115/><E122/><V109/><F89/><W50/><G50/><T71/><D71/><U60/><E48/><V2/><F79/><W133/><N who="3" m="50737" /><W63/><DORA hai="59" /><G63/><T44/><D44/><U13/><E60/><V17/><F2/><W47/><G47/><T95/><D95/><U119/><E93/><V76/><F76/><W88/><G88/><T38/><D38/><U51/><E39/><V52/><F37/><W19/><G19/><T61/><D61/><U125/><E46/><V34/><F17/><W113/><G113/><T28/><AGARI ba="0,0" hai="9,10,16,21,25,28,29,30,86,90,92" m="34135" machi="28" ten="30,6000,0" yaku="8,1,52,1,54,1" doraHai="77,59" who="0" fromWho="0" sc="250,60,250,-20,250,-20,250,-20" /><INIT seed="0,1,0,4,1,118" ten="310,230,230,230" oya="0" hai0="124,13,1,99,27,112,59,107,74,50,58,46,38" hai1="114,96,12,14,126,2,131,7,110,113,78,19,21" hai2="37,5,24,35,83,115,17,33,104,71,119,95,49" hai3="28,51,91,132,4,69,0,97,60,122,105,128,70"/><T10/><D1/><U108/><E78/><V9/><F115/><N who="1" m="44041" /><E96/><V77/><F104/><W62/><G51/><T75/><D38/><U92/><E92/><V53/><F37/><W41/><G91/><T82/><D112/><U109/><E131/><V101/><F71/><W73/><G128/><T63/><D75/><U54/><E54/><V32/><F119/><W55/><G55/><T64/><D124/><U57/><E57/><V30/><F17/><W103/><G132/><T67/><D107/><U47/><E47/><V31/><F95/><W23/><G23/><T90/><D74/><U123/><E126/><V135/><F101/><W39/><G28/><T102/><D102/><U89/><E89/><V120/><F135/><W40/><G40/><T52/><D27/><N who="1" m="14783" /><E123/><V18/><F18/><W26/><G26/><T68/><D68/><N who="3" m="26217" /><G62/><T6/><D59/><U94/><E94/><V116/><F116/><W61/><G60/><T22/><D22/><U66/><E66/><V76/><F31/><W86/><G61/><T16/><D64/><U111/><N who="1" m="27648" /><DORA hai="20" /><U8/><AGARI ba="1,0" hai="2,7,8,12,14" m="27648,14783,44041" machi="8" ten="60,12000,2" yaku="4,1,11,1,14,1,34,2,52,1" doraHai="118,20" who="1" fromWho="1" sc="310,-61,230,123,230,-31,230,-31" /><INIT seed="1,0,0,3,1,16" ten="249,353,199,199" oya="1" hai0="29,11,116,45,65,125,71,7,83,17,64,95,40" hai1="97,26,21,8,126,96,6,107,35,123,90,77,54" hai2="42,32,111,101,89,119,127,114,28,117,80,86,0" hai3="49,85,87,135,1,102,88,56,133,98,55,10,58"/><U132/><E123/><V115/><F0/><W94/><G1/><T5/><D116/><N who="2" m="44618" /><F42/><W31/><G10/><T25/><D71/><U81/><E107/><V23/><F32/><W68/><G68/><T19/><D125/><U130/><E126/><V30/><F127/><W79/><G79/><T63/><D7/><U22/><E132/><N who="3" m="50762" /><G31/><N who="2" m="11817" /><F101/><W118/><G118/><T47/><D95/><U76/><E35/><V14/><F111/><W62/><G102/><T4/><D4/><U78/><E130/><V131/><F131/><W134/><N who="3" m="50770" /><W9/><DORA hai="105" /><G9/><T121/><D121/><U112/><E54/><AGARI ba="0,0" hai="49,54,55,56,58,62,85,87,88,94,98" m="50770" machi="54" ten="40,2600,0" yaku="20,1,54,1" doraHai="16,105" who="3" fromWho="1" sc="249,0,353,-26,199,0,199,26" /><INIT seed="2,0,0,1,2,72" ten="249,327,199,225" oya="2" hai0="66,0,54,110,49,132,11,121,48,109,44,55,108" hai1="102,43,125,68,27,75,21,115,26,100,63,41,95" hai2="50,36,45,33,81,92,113,40,22,71,99,135,134" hai3="47,117,3,17,104,122,35,103,58,70,42,37,52"/><V69/><F33/><W7/><G35/><T123/><D0/><U6/><E115/><V76/><F113/><W74/><G117/><T14/><D132/><N who="2" m="50730" /><F36/><W127/><G122/><T77/><D66/><U133/><E6/><V5/><F5/><W62/><G127/><T86/><D121/><U29/><E125/><V124/><F22/><W10/><G17/><T85/><D85/><U23/><E75/><N who="2" m="43167" /><F124/><W12/><G74/><T30/><D30/><U128/><E133/><V90/><AGARI ba="0,0" hai="40,45,50,69,71,90,92,99" m="43167,50730" machi="90" ten="30,3000,0" yaku="20,1,52,1" doraHai="72" who="2" fromWho="2" sc="249,-10,327,-10,199,30,225,-10" /><INIT seed="2,1,0,2,5,10" ten="239,317,229,215" oya="2" hai0="100,37,97,61,25,108,38,28,7,9,119,66,70" hai1="16,19,52,22,113,45,76,82,1,17,21,39,40" hai2="134,87,42,129,41,120,98,8,112,86,69,3,72" hai3="110,48,126,74,80,24,58,116,106,5,94,128,30"/><V122/><F112/><W64/><G106/><T79/><D79/><U11/><E113/><V54/><F69/><W36/><G36/><T55/><D119/><U132/><E132/><V99/><F134/><W103/><G116/><T115/><D55/><U6/><REACH who="1" step="1"/><E52/><REACH who="1" step="2"/><V96/><F54/><N who="3" m="32071" /><G64/><T114/><D115/><U118/><E118/><V47/><F129/><W71/><G128/><T111/><D114/><U34/><E34/><V46/><F72/><AGARI ba="1,1" hai="1,6,11,16,17,19,21,22,39,40,45,72,76,82" machi="72" ten="40,8000,1" yaku="1,1,25,2,54,1,53,1" doraHai="10" doraHaiUra="68" who="1" fromWho="2" sc="239,0,307,93,229,-83,215,0" /><INIT seed="3,0,0,1,2,107" ten="239,400,146,215" oya="3" hai0="117,48,106,113,44,124,119,109,88,72,37,59,133" hai1="27,101,118,103,56,97,33,38,60,43,89,31,74" hai2="16,34,5,0,79,11,14,4,95,58,84,78,91" hai3="42,45,65,130,8,30,92,22,41,121,73,93,131"/><W134/><G121/><T80/><D59/><U94/><E118/><V7/><F34/><W9/><G65/><T85/><D37/><U29/><E29/><V66/><F0/><W76/><G30/><T51/><D51/><U63/><E74/><V127/><F127/><W15/><G22/><T87/><D109/><U105/><E63/><AGARI ba="0,0" hai="4,5,7,11,14,16,58,63,66,78,79,84,91,95" machi="63" ten="40,2600,0" yaku="8,1,54,1" doraHai="107" who="2" fromWho="1" sc="239,0,400,-26,146,26,215,0" /><INIT seed="4,0,0,2,5,132" ten="239,374,172,215" oya="0" hai0="52,13,45,56,134,10,60,97,91,49,78,89,90" hai1="61,23,26,96,125,22,109,133,40,7,122,75,58" hai2="33,100,106,28,70,14,12,84,103,74,19,53,57" hai3="34,101,68,115,36,38,85,66,108,87,43,63,20"/><T16/><D134/><U3/><E122/><V55/><F74/><W42/><G34/><T9/><D78/><U31/><E109/><V4/><F70/><W51/><G101/><T117/><D117/><U15/><E133/><V94/><F106/><W69/><G20/><T72/><D72/><U81/><E3/><V124/><F124/><W95/><G95/><T80/><D10/><U110/><E125/><V29/><F33/><W25/><G25/><T37/><D37/><U5/><E110/><V1/><F1/><W27/><G27/><T131/><D131/><U93/><E40/><N who="3" m="15402" /><G87/><N who="0" m="50407" /><D97/><U126/><E126/><V111/><F111/><W88/><G85/><T92/><D92/><U129/><E129/><V79/><F4/><W73/><G88/><T50/><D50/><U118/><E118/><V127/><F127/><W113/><G73/><T59/><D59/><U104/><E104/><V119/><F119/><W17/><G17/><T0/><D0/><U11/><E81/><V48/><F14/><W107/><G107/><T65/><AGARI ba="0,0" hai="9,13,16,45,49,52,56,60,65,90,91" m="50407" machi="65" ten="30,11700,0" yaku="25,1,8,1,54,2" doraHai="132" who="0" fromWho="0" sc="239,117,374,-39,172,-39,215,-39" /><INIT seed="4,1,0,1,4,121" ten="356,335,133,176" oya="0" hai0="4,126,48,45,132,102,90,26,18,51,78,98,38" hai1="103,104,5,95,29,119,74,113,87,50,101,72,97" hai2="16,58,63,88,127,7,116,106,55,19,117,61,20" hai3="31,123,54,47,129,34,9,6,100,108,77,28,13"/><T99/><D38/><U107/><E29/><V10/><F106/><N who="1" m="40489" /><E5/><V133/><F133/><W8/><G123/><T59/><D132/><U37/><E50/><V122/><F122/><W134/><G100/><N who="1" m="38474" /><E37/><V17/><F127/><W33/><G77/><T41/><D126/><U15/><E15/><V110/><F20/><W60/><G60/><T14/><D78/><U2/><E2/><V89/><F63/><W66/><G66/><T44/><D59/><U70/><E70/><V46/><F46/><W135/><G54/><T130/><D130/><U105/><E119/><N who="2" m="45643" /><F110/><W62/><G62/><T64/><D64/><U92/><E113/><V73/><F73/><N who="1" m="28265" /><E87/><V1/><AGARI ba="1,0" hai="1,7,10,16,17,19,55,58,61,88,89" m="45643" machi="1" ten="30,4000,0" yaku="12,1,54,2" doraHai="121" who="2" fromWho="2" sc="356,-21,335,-11,133,43,176,-11" /><INIT seed="5,0,0,1,1,81" ten="335,324,176,165" oya="1" hai0="123,110,32,37,119,44,9,132,66,33,115,93,12" hai1="75,51,56,62,43,128,39,103,24,79,25,65,45" hai2="34,20,118,7,109,69,53,124,91,49,4,95,15" hai3="131,129,114,135,60,38,78,74,22,30,0,23,67"/><U116/><E116/><V35/><F109/><W27/><G38/><T36/><D119/><U113/><E113/><V130/><F118/><W98/><G0/><T72/><D110/><U57/><E128/><N who="3" m="49226" /><G98/><T92/><D72/><U121/><E121/><V125/><F69/><N who="3" m="42215" /><G114/><T42/><D115/><U120/><E120/><V99/><F130/><W87/><G74/><T28/><D132/><U73/><E103/><V97/><F97/><W101/><G101/><T8/><D66/><U108/><E108/><V61/><F61/><W127/><G135/><T104/><D104/><U68/><E57/><V117/><F117/><W2/><G2/><T111/><D111/><U59/><E59/><V55/><F7/><W126/><G22/><T102/><D28/><U41/><E75/><V112/><F112/><W29/><G30/><T100/><D12/><U77/><E41/><V17/><F4/><W133/><G133/><T82/><D82/><AGARI ba="0,0" hai="23,27,29,78,82,87,126,127" m="42215,49226" machi="82" ten="30,2000,0" yaku="19,1,52,1" doraHai="81" who="3" fromWho="0" sc="335,-20,324,0,176,0,165,20" /><INIT seed="6,0,0,2,1,63" ten="315,324,176,185" oya="2" hai0="114,97,61,22,34,18,95,83,86,53,88,119,8" hai1="4,103,128,115,69,1,25,52,80,48,92,26,41" hai2="76,96,44,75,89,79,116,77,82,13,123,36,31" hai3="72,62,65,57,21,32,29,11,59,28,130,108,110"/><V33/><F123/><W43/><G72/><T107/><D34/><U17/><E69/><V0/><F116/><W102/><G32/><T51/><D107/><U87/><E128/><V74/><F13/><W27/><G130/><T14/><D114/><U45/><E115/><V94/><F0/><W131/><G131/><T129/><D119/><U124/><E124/><V67/><F67/><W42/><G108/><T68/><D68/><U19/><E1/><V23/><F33/><W91/><G110/><T104/><D61/><U84/><E4/><V10/><F10/><W125/><G125/><T85/><D104/><U40/><E17/><V98/><F98/><W47/><G102/><T111/><D111/><U37/><E37/><V105/><F105/><W127/><G127/><T101/><D129/><U121/><E121/><V39/><F44/><W70/><G11/><T54/><D85/><N who="1" m="32843" /><E80/><V117/><F117/><W58/><G29/><T6/><D51/><U71/><E71/><V78/><REACH who="2" step="1"/><F75/><REACH who="2" step="2"/><W2/><G2/><AGARI ba="0,1" hai="2,6,8,14,18,22,53,54,83,86,88,95,97,101" machi="2" ten="30,2000,0" yaku="7,1,54,1" doraHai="63" who="0" fromWho="3" sc="315,30,324,0,166,0,185,-20" /><INIT seed="7,0,0,4,1,74" ten="345,324,166,165" oya="3" hai0="61,78,66,126,27,113,16,135,12,93,105,128,26" hai1="38,52,118,34,10,53,46,39,49,8,104,31,29" hai2="18,89,7,116,43,55,132,45,35,101,103,15,114" hai3="82,121,1,44,107,57,17,76,90,85,5,71,86"/><W127/><G107/><T130/><D105/><U64/><E118/><V4/><F35/><W106/><G106/><T79/><D113/><U3/><E104/><V75/><F116/><W24/><G71/><T120/><D120/><U124/><E124/><V68/><F75/><W119/><G121/><T37/><D37/><U109/><E109/><V88/><F68/><W117/><G1/><T81/><D81/><U77/><E3/><V102/><F132/><W129/><G5/><N who="2" m="2121" /><F114/><W100/><G100/><N who="2" m="25601" /><V14/><DORA hai="131" /><F43/><W41/><G129/><N who="0" m="49771" /><D93/><U112/><E112/><V123/><F123/><W36/><G127/><T40/><D40/><N who="1" m="24775" /><E34/><V122/><F122/><W23/><REACH who="3" step="1"/><G57/><REACH who="3" step="2"/><T58/><D126/><U73/><E39/><V133/><F133/><W60/><G60/><T72/><D135/><U59/><E38/><V47/><F55/><W111/><G111/><T0/><D0/><U83/><E53/><V108/><F108/><W97/><G97/><T20/><D72/><U30/><E64/><V42/><F42/><W50/><G50/><T94/><D94/><AGARI ba="0,1" hai="17,23,24,36,41,44,76,82,85,86,90,94,117,119" machi="94" ten="30,11600,0" yaku="1,1,7,1,52,1,53,1" doraHai="74,131" doraHaiUra="87,98" who="3" fromWho="0" sc="345,-116,324,0,166,0,155,126" /><INIT seed="7,1,0,2,0,101" ten="229,324,166,281" oya="3" hai0="107,65,62,118,36,73,32,119,110,8,51,97,20" hai1="129,95,40,133,85,104,35,56,44,126,71,18,13" hai2="43,68,81,14,37,41,75,5,127,12,120,106,111" hai3="67,26,16,24,123,19,87,83,90,58,69,7,94"/><W48/><G69/><T98/><D110/><U23/><E71/><V84/><F111/><W117/><G117/><T135/><D32/><U77/><E104/><V132/><F120/><W39/><G39/><T27/><D36/><U63/><E35/><V74/><F127/><W61/><G123/><T124/><D73/><U46/><E126/><V29/><F43/><W86/><G7/><T128/><D135/><U113/><E113/><V109/><F68/><W49/><G24/><T122/><D97/><U0/><E133/><V134/><F109/><W80/><G94/><T89/><D128/><U31/><E129/><V93/><F41/><W38/><G38/><T108/><D124/><U125/><E125/><V22/><F37/><W96/><G96/><T115/><D108/><U130/><E0/><V9/><F93/><W88/><G26/><T79/><D79/><U10/><E130/><V91/><F134/><W76/><G76/><T25/><D8/><U6/><E40/><V78/><F132/><W52/><G49/><T64/><D115/><U2/><E31/><V72/><F78/><W121/><G121/><T114/><D114/><U42/><E42/><V112/><F112/><W102/><G102/><T4/><D122/><U100/><E100/><V66/><F66/><W103/><G103/><T11/><D65/><U59/><E77/><V60/><F60/><W30/><G30/><T99/><D119/><U54/><E95/><V21/><F21/><W47/><AGARI ba="1,0" hai="16,19,47,48,52,58,61,67,80,83,86,87,88,90" machi="47" ten="20,18000,2" yaku="0,1,7,1,9,1,8,1,54,3" doraHai="101" who="3" fromWho="3" sc="229,-61,324,-61,166,-61,281,183" owari="168,-23.0,263,6.0,105,-39.0,464,56.0" /></mjloggm>