<mjloggm ver="2.3"><GO type="41" lobby="0"/><UN n0="%E2%98%86%E3%82%BF%E3%82%AA%E3%83%91%E3%82%A4%E3%83%91%E3%82%A4%E2%98%86" n1="%E3%82%A6%E3%83%AB%E3%83%88%E3%83%A9%E7%AB%8B%E7%9B%B4" n2="%61%6B%61%75%73%61%67%69" n3="%E3%82%AA%E3%82%AC%E3%83%8E%E3%83%AB%E3%83%BC%E3%83%88" dan="15,16,14,15" rate="2063.56,2049.32,1950.25,1937.75" sx="M,M,M,M"/><TAIKYOKU oya="0"/><INIT seed="0,0,0,5,3,119" ten="250,250,250,250" oya="0" hai0="13,102,45,76,66,98,24,86,60,84,7,124,127" hai1="130,3,104,29,25,43,61,6,92,55,94,16,30" hai2="62,69,0,11,106,27,74,42,47,14,22,79,51" hai3="93,100,8,33,58,68,78,65,120,128,56,95,131"/><T83/><D45/><U75/><E104/><V113/><F106/><W89/><G78/><T37/><D37/><U81/><E75/><V116/><F113/><W121/><G33/><T38/><D38/><U39/><E130/><N who="3" m="49706" /><G8/><T122/><D122/><N who="3" m="47209" /><G100/><T72/><D24/><U17/><E25/><V96/><F116/><W26/><G26/><T101/><D101/><U88/><E88/><V41/><F79/><W9/><G9/><T87/><D13/><U52/><E3/><V53/><F74/><W18/><G18/><T118/><D7/><U36/><E6/><V112/><F0/><W85/><G95/><T123/><D123/><U135/><E81/><V70/><F112/><W21/><G21/><T129/><D118/><U132/><E61/><AGARI ba="0,0" hai="56,58,61,65,68,85,89,93" m="47209,49706" machi="61" ten="30,8000,1" yaku="19,1,13,1,52,3" doraHai="119" who="3" fromWho="1" sc="250,0,250,-80,250,0,250,80" /><INIT seed="1,0,0,5,1,100" ten="250,170,250,330" oya="1" hai0="108,79,86,96,118,56,46,130,89,109,30,2,112" hai1="57,121,35,82,76,28,123,128,90,43,33,52,26" hai2="49,97,48,116,5,77,60,42,15,39,24,71,69" hai3="106,93,65,54,74,122,87,27,134,101,50,120,98"/><U1/><E1/><V47/><F116/><W124/><G124/><T85/><D112/><U18/><E128/><V64/><F69/><W62/><G134/><T32/><D2/><U75/><E35/><V34/><F77/><W29/><G74/><T38/><D118/><U135/><E135/><V70/><F71/><N who="3" m="42423" /><G87/><T103/><D130/><U4/><E4/><V80/><F80/><W21/><G93/><T44/><D79/><U115/><E115/><V20/><F34/><N who="3" m="20799" /><G54/><T6/><D6/><U61/><E43/><V11/><REACH who="2" step="1"/><F97/><REACH who="2" ten="250,170,240,330" step="2"/><W22/><G50/><T31/><D96/><U36/><E36/><V0/><F0/><W83/><G83/><T88/><D38/><U53/><E90/><V40/><F40/><W110/><G110/><T19/><D89/><U92/><E92/><V10/><F10/><W12/><G21/><T37/><D88/><U3/><E3/><V59/><F59/><W73/><G73/><T25/><D56/><U114/><E114/><V8/><F8/><W102/><G102/><T9/><D103/><U68/><E68/><V14/><F14/><W127/><G127/><T129/><D129/><U63/><E18/><AGARI ba="0,1" hai="5,11,15,18,20,24,39,42,47,48,49,60,64,70" machi="18" ten="30,2000,0" yaku="1,1,7,1,53,0" doraHai="100" doraHaiUra="132" who="2" fromWho="1" sc="250,0,170,-20,240,30,330,0" /><AGARI ba="0,0" hai="12,18,22,98,101,106,120,122" m="20799,42423" machi="18" ten="30,2000,0" yaku="25,1,52,1" doraHai="100" who="3" fromWho="1" sc="250,0,150,-20,270,0,330,20" /><INIT seed="2,0,0,0,3,68" ten="250,130,270,350" oya="2" hai0="42,35,13,103,111,106,102,70,56,32,18,28,86" hai1="119,98,5,62,11,127,126,29,81,58,38,33,88" hai2="72,71,80,78,99,21,31,9,59,107,105,95,94" hai3="36,67,61,16,110,7,22,46,23,117,51,39,116"/><V52/><F71/><W64/><G7/><T43/><D111/><U128/><E119/><V41/><F95/><W130/><G110/><T118/><D118/><N who="3" m="45673" /><G16/><T134/><D70/><U0/><E128/><V100/><F41/><N who="3" m="25039" /><G22/><T50/><D42/><U74/><E29/><V133/><F133/><W40/><G23/><T129/><D129/><U91/><E33/><V12/><F21/><W122/><G130/><T115/><D134/><U85/><E74/><V27/><F27/><W6/><G6/><T109/><D106/><U120/><E120/><V53/><F31/><W54/><G40/><T135/><D43/><U114/><E114/><V96/><F59/><N who="3" m="35063" /><G122/><T14/><D109/><U90/><E98/><V55/><REACH who="2" step="1"/><F99/><REACH who="2" ten="250,130,260,350" step="2"/><W10/><G10/><N who="0" m="6455" /><D28/><U8/><E8/><V17/><AGARI ba="0,1" hai="9,12,17,52,53,55,72,78,80,94,96,100,105,107" machi="17" ten="30,6000,0" yaku="1,1,0,1,54,1,53,0" doraHai="68" doraHaiUra="69" who="2" fromWho="2" sc="250,-20,130,-20,260,70,350,-20" /><INIT seed="2,1,0,0,0,78" ten="230,110,330,330" oya="2" hai0="110,56,111,9,79,114,43,89,60,92,96,101,58" hai1="76,105,4,64,66,16,18,102,117,6,93,95,47" hai2="73,129,54,26,124,97,133,81,112,2,120,119,118" hai3="25,23,123,20,72,94,1,131,122,108,82,107,30"/><V63/><F2/><W74/><G107/><T21/><D114/><U103/><E76/><V67/><F120/><W17/><G1/><T86/><D43/><U90/><E105/><V41/><F112/><W106/><G106/><T11/><D79/><U0/><E0/><V14/><F41/><W38/><G38/><T8/><D21/><U126/><E90/><V62/><F119/><W135/><G108/><N who="0" m="41515" /><D60/><U12/><E12/><V85/><F73/><W29/><G135/><T113/><D113/><U130/><E47/><V24/><F118/><W31/><G131/><T134/><D134/><U128/><REACH who="1" step="1"/><E117/><REACH who="1" ten="230,100,330,330" step="2"/><V40/><F133/><W33/><G123/><T70/><D70/><U32/><E32/><V52/><F129/><W132/><G122/><T13/><D13/><U116/><E116/><V22/><F14/><W53/><G132/><T71/><D71/><U125/><AGARI ba="1,1" hai="4,6,16,18,64,66,93,95,102,103,125,126,128,130" machi="125" ten="25,8000,1" yaku="1,1,0,1,22,2,54,1,53,0" doraHai="78" doraHaiUra="57" who="1" fromWho="1" sc="230,-21,100,93,330,-41,330,-21" /><INIT seed="3,0,0,4,0,64" ten="209,193,289,309" oya="3" hai0="78,8,98,117,38,63,125,131,31,10,95,71,106" hai1="86,12,113,104,100,91,53,77,109,1,87,9,84" hai2="57,108,128,99,23,114,11,24,88,116,6,127,40" hai3="73,62,34,59,134,7,105,44,69,135,61,93,48"/><W18/><G105/><T70/><D117/><U90/><E1/><V42/><F114/><W17/><G73/><T103/><D38/><U25/><E113/><V28/><F116/><W67/><G34/><T39/><D39/><U0/><E0/><V107/><F108/><W47/><G7/><T133/><D125/><U2/><E2/><V52/><F127/><W129/><G93/><T50/><D131/><U94/><E109/><V130/><F107/><W132/><G129/><N who="2" m="49769" /><F99/><W21/><G48/><T20/><D133/><U118/><E118/><V115/><F115/><W79/><G79/><T19/><D78/><U123/><E123/><V54/><F88/><W45/><REACH who="3" step="1"/><G21/><REACH who="3" ten="209,193,289,299" step="2"/><T72/><D72/><U43/><E104/><V101/><F23/><W81/><G81/><T83/><D83/><U126/><E126/><V3/><F6/><W55/><AGARI ba="0,1" hai="17,18,44,45,47,55,59,61,62,67,69,132,134,135" machi="55" ten="40,12000,1" yaku="1,1,0,1,20,1,52,1,53,0" doraHai="64" doraHaiUra="36" who="3" fromWho="3" sc="209,-40,193,-40,289,-40,299,130" /><INIT seed="3,1,0,3,5,115" ten="169,153,249,429" oya="3" hai0="54,1,26,114,103,46,22,100,7,29,113,112,79" hai1="105,82,53,23,128,12,2,87,18,20,127,49,69" hai2="50,45,86,24,0,66,62,48,42,63,94,84,25" hai3="89,76,61,40,119,71,75,8,56,32,55,80,125"/><W124/><G32/><T15/><D1/><U52/><E2/><V59/><F0/><W5/><G71/><T19/><D7/><U38/><E38/><V77/><F86/><W97/><G40/><T64/><D64/><U107/><E69/><V10/><F10/><W57/><G57/><T78/><D46/><U135/><E127/><N who="3" m="48714" /><G97/><T34/><REACH who="0" step="1"/><D54/><REACH who="0" ten="159,153,249,429" step="2"/><U37/><E53/><V58/><F45/><W109/><G109/><T102/><AGARI ba="1,1" hai="15,19,22,26,29,34,78,79,100,102,103,112,113,114" machi="102" ten="40,8000,1" yaku="1,1,2,1,0,1,11,1,53,0" doraHai="115" doraHaiUra="33" who="0" fromWho="0" sc="159,93,153,-21,249,-21,429,-41" /><INIT seed="4,0,0,4,1,122" ten="252,132,228,388" oya="0" hai0="109,77,14,45,69,127,112,22,95,63,47,129,43" hai1="60,51,126,50,11,88,48,23,25,65,4,40,123" hai2="80,56,135,74,117,71,1,131,54,18,35,42,99" hai3="87,94,66,37,67,79,19,111,113,84,91,134,105"/><T38/><D112/><U6/><E123/><V30/><F71/><W101/><G37/><T16/><D127/><U15/><E126/><V36/><F36/><W124/><G124/><T73/><D129/><U29/><E6/><V59/><F42/><W8/><G134/><T20/><D47/><U52/><E40/><V125/><F125/><W27/><G113/><T108/><D95/><U103/><E103/><V72/><F135/><W133/><G133/><T98/><D98/><U82/><E82/><V5/><F131/><W121/><G121/><T120/><D120/><U61/><E88/><V110/><F80/><W90/><G111/><N who="0" m="42571" /><D77/><U100/><E100/><V68/><F68/><W39/><G39/><T114/><D114/><U85/><E85/><V28/><F117/><W9/><G105/><T107/><D73/><U32/><E32/><V33/><F99/><W0/><G101/><T78/><D78/><U116/><E116/><V58/><F110/><W93/><G79/><T70/><D107/><U3/><E3/><V92/><F92/><W24/><G0/><T7/><D7/><U97/><E97/><V49/><F5/><W57/><G57/><T76/><D76/><U34/><E34/><V119/><F1/><W62/><G62/><T115/><D115/><U26/><E61/><V21/><F119/><W55/><G55/><T128/><D128/><U102/><E102/><V104/><F104/><W75/><G75/><T12/><D63/><U31/><E60/><V86/><F74/><W64/><G64/><T96/><D96/><U10/><E65/><V41/><F72/><RYUUKYOKU ba="0,0" sc="252,15,132,-15,228,-15,388,15" hai0="12,14,16,20,22,38,43,45,69,70" hai3="8,9,19,24,27,66,67,84,87,90,91,93,94" /><INIT seed="4,1,0,0,0,114" ten="267,117,213,403" oya="0" hai0="9,41,11,29,93,86,91,123,107,89,66,95,2" hai1="46,65,53,63,32,82,101,72,50,35,111,99,105" hai2="129,116,23,40,74,59,108,0,33,37,24,70,60" hai3="15,12,100,14,18,97,87,130,34,75,45,94,109"/><T38/><D107/><U25/><E111/><V118/><F108/><W6/><G109/><T133/><D123/><U83/><E72/><V30/><F129/><W36/><G130/><T56/><D133/><U121/><E121/><V126/><F126/><W62/><G34/><T104/><D104/><U115/><E115/><V77/><F70/><W3/><G3/><T7/><D29/><U20/><E35/><V79/><F0/><W47/><G75/><T49/><D11/><U76/><E76/><V106/><F106/><W67/><G36/><T16/><D38/><U81/><E81/><V58/><F33/><W68/><G87/><T28/><D28/><U4/><E4/><V10/><F10/><W61/><G61/><N who="0" m="38183" /><D2/><U69/><E20/><V17/><F59/><N who="3" m="37343" /><G6/><T98/><D7/><U132/><E132/><V102/><F102/><W55/><G68/><T42/><D49/><U13/><E13/><AGARI ba="1,0" hai="9,13,16,41,42,86,89,91,93,95,98" m="38183" machi="13" ten="30,2900,0" yaku="8,1,54,1" doraHai="114" who="0" fromWho="1" sc="267,32,117,-32,213,0,403,0" /><INIT seed="4,2,0,4,2,48" ten="299,85,213,403" oya="0" hai0="17,27,61,81,78,107,88,110,115,42,2,87,4" hai1="33,97,52,67,16,56,64,89,34,43,36,11,116" hai2="94,59,127,133,126,82,66,131,71,91,53,23,134" hai3="9,47,75,80,32,119,60,13,100,129,55,0,96"/><T21/><D115/><U45/><E116/><V49/><F82/><W92/><G32/><T120/><D120/><U95/><E34/><V79/><F79/><W63/><G129/><T18/><D110/><U85/><E33/><V22/><F131/><W124/><G124/><N who="2" m="47657" /><F66/><W10/><G119/><T68/><D107/><U24/><E85/><N who="2" m="52591" /><F71/><W123/><G123/><T132/><D132/><AGARI ba="2,0" hai="22,23,49,53,59,132,133,134" m="52591,47657" machi="132" ten="30,3900,0" yaku="20,1,18,1,52,1" doraHai="48" who="2" fromWho="0" sc="299,-45,85,0,213,45,403,0" /><INIT seed="5,0,0,5,1,95" ten="254,85,258,403" oya="1" hai0="86,9,83,4,22,90,124,12,73,109,51,69,127" hai1="1,96,44,71,68,66,97,33,77,30,131,29,24" hai2="122,125,132,80,39,27,116,62,23,64,55,70,16" hai3="13,100,134,88,75,31,32,91,2,57,11,60,38"/><U128/><E1/><V82/><F122/><W76/><G38/><T115/><D109/><U133/><E133/><V126/><F116/><W47/><G2/><T25/><D69/><U50/><E77/><V129/><F39/><W19/><G134/><T40/><D115/><U26/><E66/><V18/><F132/><W107/><G47/><T93/><D40/><U123/><E123/><V21/><F55/><W5/><G32/><T108/><D108/><U6/><E6/><V20/><F129/><W37/><G37/><T104/><D104/><U94/><E94/><V101/><F101/><W36/><G36/><T56/><D73/><U105/><E105/><V14/><REACH who="2" step="1"/><F23/><REACH who="2" ten="254,85,248,403" step="2"/><W110/><G100/><T10/><D127/><AGARI ba="0,1" hai="14,16,18,20,21,27,62,64,70,80,82,125,126,127" machi="127" ten="40,8000,1" yaku="1,1,2,1,18,1,54,1,53,0" doraHai="95" doraHaiUra="102" who="2" fromWho="0" sc="254,-80,85,0,248,90,403,0" /><INIT seed="6,0,0,1,4,80" ten="174,85,338,403" oya="2" hai0="90,112,39,41,106,64,10,125,18,71,11,43,78" hai1="1,130,19,17,96,40,4,3,135,118,89,38,44" hai2="34,63,13,49,53,83,107,75,88,29,128,102,72" hai3="23,120,74,21,58,100,98,35,76,129,110,79,54"/><V42/><F42/><W133/><G110/><T124/><D106/><U104/><E118/><V93/><F63/><W36/><G120/><T60/><D112/><U86/><E130/><V117/><F117/><W69/><G35/><T131/><D131/><U37/><E135/><V87/><F128/><W81/><G69/><T61/><D78/><U8/><E3/><V57/><F13/><W95/><G36/><T103/><D103/><U126/><E126/><N who="0" m="48745" /><D61/><U20/><E38/><V65/><F65/><W56/><G133/><T22/><D90/><U6/><E6/><V27/><F107/><W7/><G7/><T97/><D97/><U105/><E96/><V77/><REACH who="2" step="1"/><F102/><REACH who="2" ten="174,85,328,403" step="2"/><W47/><G129/><T127/><D127/><U85/><E105/><V46/><F46/><W84/><G47/><N who="0" m="23999" /><D43/><U119/><E104/><V73/><AGARI ba="0,1" hai="27,29,34,49,53,57,72,73,75,77,83,87,88,93" machi="73" ten="20,12000,1" yaku="1,1,0,1,7,1,52,1,54,1,53,0" doraHai="80" doraHaiUra="114" who="2" fromWho="2" sc="174,-40,85,-40,328,130,403,-40" /><INIT seed="6,1,0,3,2,82" ten="134,45,458,363" oya="2" hai0="40,26,48,22,57,115,107,17,110,118,105,11,16" hai1="20,50,99,90,86,130,7,35,47,30,56,114,71" hai2="2,58,127,70,133,27,15,54,97,123,112,6,45" hai3="46,53,106,64,69,83,85,41,65,124,113,89,109"/><V122/><F70/><W5/><G106/><T87/><D110/><U68/><E35/><V102/><F2/><W79/><G109/><T29/><D115/><U67/><E114/><V13/><F112/><W128/><G113/><T32/><D118/><U18/><E130/><V88/><F133/><W31/><G128/><T34/><D34/><U108/><E108/><V121/><F127/><W8/><G124/><T28/><D28/><U38/><E30/><V14/><F45/><W77/><G31/><T101/><D11/><U12/><E7/><V72/><F72/><W66/><G69/><T36/><D36/><U61/><E99/><V81/><F27/><W23/><G23/><T33/><D33/><U92/><REACH who="1" step="1"/><E38/><REACH who="1" ten="134,35,458,363" step="2"/><V126/><F126/><W75/><G75/><T117/><D32/><U60/><E60/><V94/><F6/><W135/><G135/><T9/><D29/><U103/><E103/><V100/><REACH who="2" step="1"/><F81/><REACH who="2" ten="134,35,448,363" step="2"/><W39/><G5/><T52/><D117/><U1/><E1/><V104/><F104/><W24/><G24/><T125/><D125/><U49/><E49/><AGARI ba="1,2" hai="13,14,15,49,54,58,88,94,97,100,102,121,122,123" machi="49" ten="50,4800,0" yaku="1,1,54,1,53,0" doraHai="82" doraHaiUra="132" who="2" fromWho="1" sc="134,0,35,-51,448,71,363,0" owari="134,-27.0,-16,-52.0,519,63.0,363,16.0" /></mjloggm>