<mjloggm ver="2.3"><GO type="169" lobby="0"/><UN n0="%EF%BC%88%E2%89%A7%E2%96%BD%E2%89%A6%EF%BC%89" n1="%E3%82%A2%E3%83%8B%E3%82%AA%E3%83%B3" n2="%E8%B6%85%E3%83%92%E3%83%A2%E3%83%AA%E3%83%AD" n3="%E7%8B%AC%E6%AD%A9" dan="18,17,16,17" rate="2198.17,2170.96,2092.68,2171.83" sx="M,F,F,M"/><TAIKYOKU oya="0"/><INIT seed="0,0,0,3,3,51" ten="250,250,250,250" oya="0" hai0="129,102,1,0,125,41,9,88,55,81,32,135,43" hai1="10,111,40,131,17,46,121,2,86,30,106,78,79" hai2="50,126,123,71,118,65,57,132,108,105,97,48,45" hai3="122,62,47,114,26,14,3,84,18,100,37,95,128"/><T76/><D32/><U104/><E121/><V73/><F73/><W77/><G3/><T85/><D129/><U119/><E119/><V64/><F105/><W21/><G128/><T75/><D125/><U92/><E131/><V101/><F123/><W53/><G114/><T89/><D135/><U93/><E111/><V28/><F132/><W22/><G37/><T61/><D102/><U29/><E17/><V27/><F126/><W134/><G134/><T90/><D75/><U5/><E104/><V49/><F108/><W127/><G127/><T99/><D99/><U58/><E58/><V98/><F118/><W31/><G122/><T15/><D1/><U34/><E106/><V82/><F82/><W74/><G74/><T60/><D0/><U59/><E59/><V124/><F124/><W112/><G112/><T69/><D69/><U42/><E34/><V4/><F4/><W120/><G120/><T44/><D55/><U91/><E93/><V70/><F70/><W25/><G77/><T35/><D35/><U20/><E40/><N who="0" m="15433" /><D44/><U33/><E33/><V133/><F133/><W116/><G116/><T103/><D103/><U16/><E79/><V67/><F45/><W96/><G84/><T52/><D52/><U7/><E78/><V110/><F110/><W12/><G62/><T54/><D54/><U94/><E94/><V11/><F71/><W117/><G117/><T19/><AGARI ba="0,0" hai="9,15,19,60,61,76,81,85,88,89,90" m="15433" machi="19" ten="30,3000,0" yaku="8,1,54,1" doraHai="51" who="0" fromWho="0" sc="250,30,250,-10,250,-10,250,-10" /><INIT seed="0,1,0,5,0,47" ten="280,240,240,240" oya="0" hai0="90,63,85,73,91,87,114,106,34,118,44,55,15" hai1="135,74,0,104,115,72,43,100,67,76,8,57,12" hai2="35,101,109,133,30,105,45,117,94,81,2,103,71" hai3="112,110,75,59,39,37,51,66,19,23,88,54,113"/><T17/><D118/><U97/><E135/><V96/><F2/><W41/><G75/><T89/><D34/><U28/><E115/><V122/><F122/><W20/><G110/><T31/><D114/><U121/><E121/><V92/><F109/><W108/><G108/><T62/><D73/><U120/><E120/><V18/><F133/><W46/><G39/><T78/><D31/><U80/><E0/><V48/><F71/><W25/><G66/><T32/><D32/><U40/><E28/><V98/><F117/><W128/><G128/><T52/><D106/><U26/><E26/><V60/><F60/><N who="0" m="23082" /><D78/><U10/><E57/><V84/><F18/><W7/><G7/><T29/><D29/><U134/><E67/><V21/><F35/><W86/><REACH who="3" step="1"/><G23/><REACH who="3" ten="280,240,240,230" step="2"/><N who="0" m="11711" /><D55/><U127/><E134/><V111/><F111/><W82/><AGARI ba="1,1" hai="19,20,25,37,41,46,51,54,59,82,86,88,112,113" machi="82" ten="20,8000,1" yaku="1,1,0,1,7,1,52,1,54,1,53,0" doraHai="47" doraHaiUra="132" who="3" fromWho="3" sc="280,-41,240,-21,240,-21,230,93" /><INIT seed="1,0,0,5,5,54" ten="239,219,219,323" oya="1" hai0="99,77,134,132,50,83,56,117,38,101,53,64,21" hai1="26,113,25,72,79,47,95,102,88,128,33,115,2" hai2="133,135,129,5,78,52,36,121,87,6,40,13,122" hai3="46,98,44,35,92,55,34,119,94,22,68,20,90"/><U43/><E2/><V108/><F40/><W11/><G68/><T27/><D38/><U4/><E4/><V30/><F36/><W73/><G73/><T110/><D64/><U111/><E128/><V19/><F78/><W100/><G119/><T63/><D117/><U80/><E102/><V93/><F87/><W123/><G123/><N who="2" m="47113" /><F93/><W74/><G74/><T48/><D110/><U0/><E0/><V109/><F30/><W97/><G11/><T130/><D130/><U14/><E14/><V96/><F96/><W103/><G55/><T69/><D69/><U37/><E111/><N who="2" m="42571" /><F52/><W124/><G90/><T3/><D3/><U24/><REACH who="1" step="1"/><E33/><REACH who="1" ten="239,209,219,323" step="2"/><V127/><F129/><W85/><G34/><T17/><D134/><N who="2" m="51210" /><F127/><W15/><G124/><T107/><REACH who="0" step="1"/><D132/><REACH who="0" ten="229,209,219,323" step="2"/><U58/><E58/><V41/><F41/><W29/><G103/><T131/><D131/><U9/><E9/><AGARI ba="0,2" hai="5,6,9,13,19" m="51210,42571,47113" machi="9" ten="40,8000,1" yaku="14,1,20,1,34,2" doraHai="54" who="2" fromWho="1" sc="229,0,209,-80,219,100,323,0" /><INIT seed="2,0,0,1,1,19" ten="229,129,319,323" oya="2" hai0="115,59,113,98,47,92,84,107,74,97,32,20,103" hai1="58,83,11,46,71,109,12,42,95,7,27,2,123" hai2="4,5,114,51,117,18,43,70,52,14,73,88,104" hai3="122,1,34,87,37,3,36,130,10,79,72,105,77"/><V31/><F114/><W111/><G87/><T128/><D32/><U22/><E71/><V23/><F70/><W50/><G50/><T93/><D74/><U41/><E109/><V78/><F104/><W0/><G10/><T63/><D128/><U89/><E123/><V65/><F65/><W64/><G64/><T126/><D126/><U26/><E83/><V67/><F67/><W39/><G122/><T120/><D120/><U13/><E58/><V29/><F117/><W132/><G34/><T82/><D47/><U62/><E62/><V16/><F43/><W106/><G111/><T94/><D98/><U45/><E27/><N who="2" m="14839" /><F78/><N who="3" m="29707" /><G130/><T101/><D101/><U121/><E121/><V61/><F61/><W69/><G69/><T44/><D44/><N who="1" m="17003" /><E12/><V119/><F73/><W99/><G99/><T40/><D40/><U35/><E2/><V110/><F119/><W56/><G72/><T85/><D82/><U68/><E35/><V80/><F110/><W112/><G56/><T28/><D115/><U75/><E68/><V91/><F51/><W15/><G15/><T90/><D113/><U124/><E75/><V9/><F52/><W76/><G112/><T38/><D38/><U86/><E124/><V127/><F127/><W108/><G108/><T60/><D60/><U131/><E131/><V8/><F80/><W118/><G118/><T102/><D102/><U116/><E116/><V133/><F133/><W134/><G76/><T54/><D85/><U30/><AGARI ba="0,0" hai="7,11,13,22,26,30,41,42,86,89,95" m="17003" machi="30" ten="30,2000,0" yaku="8,1,52,1" doraHai="19" who="1" fromWho="1" sc="229,-5,129,20,319,-10,323,-5" /><INIT seed="3,0,0,1,5,106" ten="224,149,309,318" oya="3" hai0="50,2,80,132,70,22,74,24,15,51,123,125,48" hai1="57,40,53,52,98,69,58,131,8,127,130,18,101" hai2="72,36,66,34,31,28,56,85,59,75,88,126,33" hai3="68,26,121,11,77,95,3,93,64,110,62,23,55"/><W38/><G121/><T89/><D2/><U43/><E127/><V37/><F85/><W105/><G105/><T49/><D123/><U113/><E113/><V94/><F94/><W120/><G120/><T79/><D70/><U109/><E109/><V107/><F107/><W60/><G38/><N who="2" m="14953" /><F88/><W21/><G110/><T91/><D125/><U103/><E69/><V54/><F54/><W92/><G77/><T133/><D15/><U83/><E83/><V86/><F86/><W63/><G55/><N who="1" m="21066" /><E98/><V108/><F66/><W65/><G68/><T1/><D1/><U99/><E18/><V128/><F128/><N who="1" m="49193" /><E8/><V7/><F7/><W46/><G46/><T6/><D6/><U102/><E99/><V81/><F81/><W13/><G3/><T82/><D51/><U97/><E97/><V134/><F134/><N who="0" m="51818" /><D82/><U47/><E47/><V96/><F96/><W17/><REACH who="3" step="1"/><G23/><REACH who="3" ten="224,149,309,308" step="2"/><T12/><D12/><U73/><E73/><N who="2" m="28235" /><F108/><W114/><G114/><T67/><D67/><U116/><E116/><V45/><F45/><W118/><G118/><T14/><D14/><U30/><E30/><AGARI ba="0,1" hai="11,13,17,21,26,30,60,62,63,64,65,92,93,95" machi="30" ten="40,3900,0" yaku="1,1,8,1,53,0" doraHai="106" doraHaiUra="29" who="3" fromWho="1" sc="224,0,149,-39,309,0,308,49" /><AGARI ba="0,0" hai="22,24,30,48,49,50,74,79,80,89,91" m="51818" machi="30" ten="30,2000,0" yaku="20,1,52,1" doraHai="106" who="0" fromWho="1" sc="224,20,110,-20,309,0,357,0" /><INIT seed="3,1,0,5,3,46" ten="244,90,309,357" oya="3" hai0="103,58,6,64,59,96,135,130,27,70,104,109,118" hai1="39,133,85,117,126,66,128,123,105,23,93,19,26" hai2="75,87,86,89,37,44,84,40,110,129,114,81,48" hai3="122,13,45,132,56,50,65,67,24,60,25,29,97"/><W28/><G122/><T106/><D106/><U54/><E123/><V17/><F114/><W31/><G132/><T35/><D118/><U125/><E105/><V49/><F110/><W99/><G67/><T18/><D109/><U88/><E39/><V113/><F113/><W15/><G15/><T20/><D135/><U121/><E133/><V76/><F129/><W22/><G13/><T71/><D130/><U79/><E117/><V82/><F75/><W1/><G1/><T77/><D77/><U3/><E3/><V47/><F47/><W36/><G36/><T107/><D107/><U53/><E121/><V100/><F100/><W131/><G131/><T11/><D35/><U78/><E128/><V43/><F43/><W0/><G0/><T92/><D104/><U57/><E66/><V101/><F101/><W111/><G111/><T120/><D120/><U124/><REACH who="1" step="1"/><E54/><REACH who="1" ten="244,80,309,357" step="2"/><V10/><F37/><W8/><G8/><T73/><D64/><U72/><E72/><V52/><F52/><N who="3" m="29775" /><G25/><T134/><D134/><U108/><E108/><V7/><F10/><W74/><G74/><T91/><D73/><U4/><E4/><V68/><F7/><W34/><G34/><T90/><D11/><U69/><E69/><V14/><F68/><W119/><G119/><T95/><D6/><U21/><E21/><V115/><F115/><W98/><AGARI ba="1,1" hai="22,24,28,29,31,56,60,65,97,98,99" m="29775" machi="98" ten="30,6000,0" yaku="8,1,52,1,54,1" doraHai="46" who="3" fromWho="3" sc="244,-21,80,-21,309,-21,357,73" /><INIT seed="3,2,0,4,1,134" ten="223,59,288,430" oya="3" hai0="125,33,16,119,34,128,98,99,40,91,35,54,42" hai1="3,72,107,64,21,0,52,85,19,50,135,31,70" hai2="89,46,84,104,118,62,15,60,58,88,66,120,92" hai3="74,61,77,100,12,133,69,130,37,25,30,109,9"/><W75/><G37/><T103/><D119/><U29/><E107/><V93/><F104/><W122/><G122/><T24/><D128/><U55/><E72/><V63/><F118/><W67/><G133/><T41/><D125/><U65/><E135/><V112/><F112/><W18/><G130/><T51/><D103/><U1/><E85/><V26/><F120/><W73/><G109/><T44/><REACH who="0" step="1"/><D91/><REACH who="0" ten="213,59,288,430" step="2"/><U111/><E111/><V11/><F89/><W86/><G100/><T129/><D129/><U105/><E105/><V4/><F93/><W59/><G86/><T101/><D101/><U20/><E70/><V95/><F95/><W132/><G132/><T96/><D96/><U5/><E5/><V124/><F124/><W43/><G69/><T7/><D7/><U10/><E10/><V90/><F90/><W17/><G77/><T113/><D113/><U78/><E78/><V48/><REACH who="2" step="1"/><F26/><REACH who="2" ten="213,59,278,430" step="2"/><W45/><G74/><T82/><D82/><U83/><E83/><V123/><F123/><W110/><G75/><T131/><D131/><U38/><E1/><V47/><F47/><W87/><G73/><T6/><D6/><U8/><E0/><V81/><F81/><W14/><G110/><T126/><D126/><U127/><E3/><V79/><F79/><W56/><G45/><T39/><D39/><U102/><E38/><V97/><F97/><W2/><G25/><T32/><N who="0" m="8192" /><DORA hai="121" /><T36/><D36/><U115/><E127/><V49/><F49/><W57/><G2/><T27/><D27/><U13/><E50/><V23/><F23/><AGARI ba="2,2" hai="16,23,24,40,41,42,44,51,54,98,99" m="8192" machi="23" ten="70,4500,0" yaku="1,1,54,1,53,0" doraHai="134,121" doraHaiUra="117,76" who="0" fromWho="2" sc="213,71,59,0,278,-51,430,0" /><INIT seed="4,0,0,3,5,90" ten="284,59,227,430" oya="0" hai0="88,48,4,120,64,35,11,7,77,126,18,108,119" hai1="38,102,12,49,133,134,55,101,9,65,124,1,106" hai2="0,86,14,105,54,17,31,2,110,68,56,66,19" hai3="129,27,52,69,85,109,91,62,15,29,34,114,127"/><T130/><D35/><U57/><E38/><V20/><F110/><W25/><G109/><T51/><D77/><U107/><E1/><V74/><F74/><W22/><G114/><T98/><D120/><U116/><E116/><V111/><F111/><W118/><G118/><T33/><D33/><U70/><E124/><V72/><F72/><W61/><G129/><T67/><D119/><U32/><E32/><V89/><F105/><W87/><G87/><T112/><D112/><U125/><E125/><V6/><F6/><N who="0" m="2090" /><D130/><U95/><E65/><N who="0" m="25161" /><D108/><U123/><E70/><V94/><F31/><W41/><G41/><T76/><D76/><U59/><E123/><V128/><F128/><W104/><G104/><T71/><D71/><U24/><E24/><V5/><F5/><W50/><G69/><T46/><D46/><U44/><E106/><V80/><F68/><W75/><G75/><T58/><D58/><U43/><E107/><V81/><F66/><W28/><G15/><N who="0" m="7551" /><D126/><U135/><E59/><V113/><F113/><W39/><G39/><T82/><D82/><U60/><E102/><V45/><F45/><W84/><G127/><T103/><D103/><U30/><E101/><V3/><REACH who="2" step="1"/><F19/><REACH who="2" ten="284,59,217,430" step="2"/><W117/><G117/><T131/><D131/><U115/><E115/><V92/><F92/><AGARI ba="0,1" hai="48,51,88,92,98" m="7551,25161,2090" machi="92" ten="30,5800,0" yaku="8,1,52,1,54,1" doraHai="90" who="0" fromWho="2" sc="284,68,59,0,217,-58,430,0" /><INIT seed="4,1,0,5,0,54" ten="352,59,159,430" oya="0" hai0="75,9,57,85,66,24,97,30,0,44,131,124,96" hai1="67,46,38,40,130,43,55,21,112,4,37,5,117" hai2="29,25,133,50,132,128,26,56,105,28,3,69,79" hai3="126,111,102,68,72,6,27,1,13,86,70,49,31"/><T92/><D75/><U63/><E117/><V74/><F69/><W39/><G39/><T83/><D124/><U114/><E21/><V94/><F105/><W87/><G72/><T81/><D131/><U116/><E55/><N who="2" m="31863" /><F3/><W119/><G1/><T12/><D0/><U110/><E116/><V71/><F71/><W15/><G68/><T95/><D44/><N who="1" m="23567" /><E4/><V76/><F128/><W52/><G70/><T33/><D95/><U109/><E5/><V59/><F59/><W106/><G111/><T2/><D2/><U35/><E35/><N who="2" m="20879" /><F94/><W125/><G119/><T19/><D92/><U10/><E10/><V121/><F74/><W73/><G73/><T107/><D107/><U88/><E88/><V20/><F121/><W48/><G126/><T98/><REACH who="0" step="1"/><D85/><REACH who="0" ten="342,59,159,430" step="2"/><U108/><E130/><V7/><F7/><W99/><G125/><T113/><D113/><N who="1" m="43627" /><E110/><V16/><F29/><W14/><G6/><T100/><D100/><U23/><E23/><V41/><F41/><W47/><G87/><T123/><D123/><U36/><E36/><V77/><F20/><W120/><G86/><T8/><D8/><U129/><E129/><V45/><F132/><W122/><G120/><T51/><D51/><U82/><E82/><V11/><F133/><W62/><G122/><T103/><D103/><U80/><E80/><V58/><F11/><W53/><G49/><T89/><D89/><U91/><E91/><V134/><F134/><W22/><G62/><AGARI ba="1,1" hai="9,12,19,24,30,33,57,62,66,81,83,96,97,98" machi="62" ten="40,3900,0" yaku="1,1,52,1,53,0" doraHai="54" doraHaiUra="135" who="0" fromWho="3" sc="342,52,59,0,159,0,430,-42" /><INIT seed="4,2,0,5,3,87" ten="394,59,159,388" oya="0" hai0="34,3,31,30,111,83,41,86,10,36,121,40,103" hai1="24,105,90,88,82,126,2,6,56,28,4,77,12" hai2="11,48,80,19,16,39,120,81,1,44,38,122,95" hai3="60,26,59,76,50,92,89,132,71,32,99,115,114"/><T107/><D121/><U119/><E105/><V102/><F120/><W9/><G132/><T108/><D103/><U75/><E119/><V51/><F122/><W100/><G76/><T29/><D107/><U7/><E126/><V64/><F1/><W116/><G116/><T8/><D34/><U68/><E68/><V106/><F106/><W110/><G110/><N who="0" m="42027" /><D36/><U79/><E2/><V5/><F38/><W133/><G133/><T23/><D23/><N who="1" m="15391" /><E75/><V127/><F39/><W124/><G9/><N who="0" m="3691" /><D3/><U93/><E12/><N who="2" m="5231" /><F64/><W113/><G124/><T42/><D31/><U96/><E56/><V27/><F51/><W58/><G50/><T13/><D13/><U67/><E67/><V17/><F27/><W65/><G32/><T94/><D94/><N who="1" m="56391" /><E82/><V70/><F70/><W18/><G100/><T66/><D66/><U43/><E43/><N who="2" m="24607" /><F127/><W85/><G99/><AGARI ba="2,0" hai="4,6,7,77,79,90,93,99" m="56391,15391" machi="99" ten="30,7700,0" yaku="8,1,52,2,54,1" doraHai="87" who="1" fromWho="3" sc="394,0,59,83,159,0,388,-83" /><AGARI ba="2,0" hai="16,17,19,80,81,95,99,102" m="24607,5231" machi="99" ten="30,2000,0" yaku="8,1,54,1" doraHai="87" who="2" fromWho="3" sc="394,0,142,0,159,20,305,-20" /><INIT seed="5,0,0,5,4,21" ten="394,142,179,285" oya="1" hai0="25,79,44,133,73,26,69,134,78,77,122,106,61" hai1="121,118,19,100,36,64,33,98,7,35,102,2,52" hai2="127,114,32,128,119,34,111,99,5,107,105,11,130" hai3="108,67,75,112,109,91,60,51,43,41,96,8,85"/><U12/><E36/><V4/><F111/><W81/><G75/><T86/><D73/><U39/><E39/><V55/><F119/><W126/><G112/><T66/><D106/><U62/><E118/><V87/><F114/><W125/><G8/><T113/><D122/><U88/><E121/><V74/><F74/><W53/><G96/><T17/><D113/><U54/><E35/><V57/><F127/><N who="3" m="48651" /><G43/><T9/><D44/><U59/><E33/><V38/><F38/><W13/><G13/><N who="0" m="7343" /><D86/><U129/><E129/><N who="2" m="49771" /><F105/><W80/><G41/><T135/><AGARI ba="0,0" hai="25,26,61,66,69,77,78,79,133,134,135" m="7343" machi="135" ten="40,5200,0" yaku="20,1,52,2" doraHai="21" who="0" fromWho="0" sc="394,52,142,-26,179,-13,285,-13" /><INIT seed="6,0,0,3,2,38" ten="446,116,166,272" oya="2" hai0="121,60,43,19,100,98,25,96,119,118,44,13,21" hai1="23,57,3,40,66,103,108,5,51,133,132,110,39" hai2="4,87,72,20,130,17,77,27,117,37,42,9,55" hai3="16,52,74,18,47,88,49,115,28,71,111,83,31"/><V29/><F117/><N who="0" m="44554" /><D121/><U68/><E23/><V89/><F130/><W90/><G71/><T134/><D134/><N who="1" m="51819" /><E103/><V120/><F120/><W95/><G111/><N who="1" m="42538" /><E5/><V114/><F114/><W50/><G115/><T105/><D60/><N who="1" m="40007" /><E3/><V46/><F72/><W58/><G74/><T86/><D86/><U73/><E73/><V67/><F77/><W102/><G83/><T75/><D75/><U122/><E122/><V97/><F97/><N who="3" m="57575" /><G90/><T109/><D98/><U129/><E129/><V2/><F17/><N who="3" m="6763" /><G102/><T45/><D109/><U24/><E24/><V8/><F8/><W7/><G7/><T76/><D76/><U10/><E10/><V78/><F78/><W112/><G112/><T34/><D100/><U14/><E14/><V36/><F89/><W64/><G64/><T48/><D96/><U116/><E116/><V11/><F67/><W12/><G12/><T91/><D91/><U113/><E113/><V128/><F128/><W0/><G0/><T94/><D105/><U135/><N who="1" m="51827" /><U125/><DORA hai="53" /><E125/><V85/><F11/><W65/><G65/><T101/><D101/><U30/><E30/><V6/><F6/><W59/><G31/><T99/><D99/><U61/><E39/><V80/><F36/><W104/><G28/><N who="0" m="19727" /><D94/><U54/><E40/><V81/><F81/><W92/><G104/><T1/><D1/><U56/><E56/><V33/><F33/><W126/><G126/><T22/><D22/><U41/><E41/><V84/><F80/><W32/><G32/><T106/><D106/><U79/><E79/><V82/><F82/><W123/><G123/><RYUUKYOKU ba="0,0" sc="446,10,116,10,166,10,272,-30" hai0="13,19,21,43,44,45,48" hai1="51,54,57,61" hai2="2,4,9,20,27,29,37,42,46,55,84,85,87" /><INIT seed="6,1,0,1,4,106" ten="456,126,176,242" oya="2" hai0="98,12,118,114,120,67,107,135,55,23,79,18,28" hai1="99,83,96,131,26,54,87,21,85,6,31,88,3" hai2="50,132,102,44,95,2,62,36,14,115,127,16,124" hai3="29,10,133,30,47,89,35,126,101,22,0,78,74"/><V56/><F2/><W66/><G35/><T125/><D120/><U32/><E131/><V84/><F36/><W116/><G116/><T117/><D67/><U60/><E32/><V17/><F115/><W71/><G133/><T51/><D114/><U37/><E37/><V11/><F132/><W8/><G101/><T123/><D135/><U91/><E6/><V7/><F124/><W58/><G71/><T80/><D28/><U57/><REACH who="1" step="1"/><E3/><REACH who="1" ten="456,116,176,242" step="2"/><V53/><F127/><W130/><G0/><T64/><D125/><U52/><E52/><N who="2" m="29767" /><F102/><W1/><G126/><T113/><D55/><U63/><E63/><V103/><F103/><W75/><G130/><T27/><D113/><U94/><AGARI ba="1,1" hai="21,26,31,54,57,60,83,85,87,88,91,94,96,99" machi="94" ten="20,8000,1" yaku="1,1,0,1,7,1,8,1,54,1,53,0" doraHai="106" doraHaiUra="41" who="1" fromWho="1" sc="456,-21,116,93,176,-41,242,-21" /><INIT seed="7,0,0,5,2,47" ten="435,209,135,221" oya="3" hai0="121,21,91,134,58,104,87,39,99,75,35,40,74" hai1="131,24,15,51,16,34,82,118,108,69,42,53,31" hai2="62,1,52,70,109,38,129,124,56,14,9,97,106" hai3="98,127,17,66,0,95,84,85,23,78,7,103,93"/><W65/><G127/><T28/><D35/><U102/><E108/><V89/><F124/><W27/><G0/><T125/><D134/><U133/><E69/><V77/><F129/><W41/><G7/><T61/><D121/><U44/><E131/><V135/><F135/><W130/><G130/><T132/><D39/><U43/><E133/><V13/><F109/><W8/><G8/><T92/><D40/><U12/><E102/><V86/><F38/><W60/><G41/><T30/><D30/><U96/><E96/><V120/><F120/><W19/><G66/><T119/><D119/><U48/><E118/><V112/><F112/><W76/><G19/><T81/><D81/><U36/><E82/><V55/><F70/><W88/><REACH who="3" step="1"/><G85/><REACH who="3" ten="435,209,135,211" step="2"/><N who="0" m="52335" /><D125/><U20/><E43/><V11/><F77/><W33/><G33/><T105/><D87/><U37/><E12/><V32/><F32/><W3/><G3/><T101/><D132/><U54/><E42/><V67/><F1/><W122/><G122/><T79/><D75/><U49/><E37/><V72/><F72/><W71/><AGARI ba="0,1" hai="17,23,27,60,65,71,76,78,84,88,93,95,98,103" machi="71" ten="20,7800,0" yaku="1,1,0,1,7,1,54,1,53,0" doraHai="47" doraHaiUra="128" who="3" fromWho="3" sc="435,-26,209,-26,135,-26,211,88" /><INIT seed="7,1,0,3,5,68" ten="409,183,109,299" oya="3" hai0="69,90,72,92,54,120,78,129,52,10,124,119,76" hai1="126,2,108,63,100,93,60,81,98,44,8,67,113" hai2="103,125,127,95,106,89,31,3,0,35,4,50,34" hai3="55,43,88,83,104,121,75,107,24,58,96,112,14"/><W64/><G121/><T114/><D72/><U49/><E108/><V15/><F103/><W28/><G112/><T97/><D69/><U110/><E110/><V130/><F106/><W115/><G115/><T48/><D119/><U18/><E113/><V20/><F50/><W16/><G64/><T117/><D117/><U32/><E32/><N who="2" m="12331" /><F89/><W128/><G128/><T40/><D124/><U1/><E126/><V118/><F95/><N who="3" m="56423" /><G107/><T85/><D129/><U122/><E122/><V39/><F39/><W82/><G104/><T65/><D65/><U45/><E81/><N who="3" m="30730" /><G75/><T26/><D120/><U99/><E98/><V53/><F53/><N who="0" m="20586" /><D114/><U47/><E49/><V101/><F101/><W56/><G43/><T7/><D97/><U133/><E67/><V131/><F118/><W25/><G28/><T79/><D40/><U74/><E74/><V105/><F105/><W62/><G58/><T102/><D102/><U77/><E77/><V87/><F87/><W41/><G41/><T11/><D48/><U57/><E57/><V27/><F130/><W91/><G91/><T80/><D76/><U9/><E100/><V23/><F131/><W70/><G70/><T42/><D78/><U66/><E66/><V116/><F116/><W33/><G33/><T73/><D42/><U5/><E99/><V51/><F51/><W13/><G13/><N who="0" m="5343" /><D26/><U30/><E93/><V36/><F36/><W61/><G61/><T29/><D29/><U37/><E60/><V109/><F109/><W12/><G12/><T71/><D71/><U84/><E63/><V17/><F0/><W22/><AGARI ba="1,0" hai="14,16,22,24,25,55,56,62" m="30730,56423" machi="22" ten="30,11700,0" yaku="5,1,8,1,54,2" doraHai="68" who="3" fromWho="3" sc="409,-40,183,-40,109,-40,299,120" owari="369,17.0,143,-26.0,69,-43.0,419,52.0" /></mjloggm>