<mjloggm ver="2.3"><GO type="41"/><UN n0="%E8%B5%A4%E5%9F%8E%E4%B8%89%E9%83%8E" n1="%E3%82%A6%E3%83%AB%E3%83%88%E3%83%A9%E7%AB%8B%E7%9B%B4" n2="%E9%9D%92%E3%83%99%E3%82%AC" n3="%E3%82%AF%E3%83%AD%E3%83%BC%E3%83%90%E3%83%BC%E5%A7%AB" dan="13,15,13,15" rate="1858,2018,2104,1984" sx="M,M,F,F"/><TAIKYOKU oya="0"/><INIT seed="0,0,0,0,0,24" ten="250,250,250,250" oya="0" hai0="67,16,56,53,20,90,52,22,122,134,95,126,7" hai1="40,112,82,124,21,131,84,74,75,50,113,132,33" hai2="18,31,4,86,66,36,70,32,12,87,37,17,108" hai3="45,77,49,43,3,127,125,121,123,29,15,128,38"/><T1/><D122/><N who="3" m="46601" /><G3/><T104/><D104/><U76/><E33/><V54/><F4/><W120/><G77/><T35/><D35/><U68/><E68/><V135/><F18/><W129/><G15/><T92/><D126/><N who="3" m="48137" /><G29/><T11/><D134/><U2/><E50/><V83/><F135/><W55/><G120/><T5/><D5/><U48/><E40/><V41/><F87/><W61/><G61/><T78/><D78/><U119/><E2/><V110/><F41/><W62/><G62/><T69/><D69/><U34/><E124/><V27/><F70/><W64/><G64/><T26/><D22/><U73/><E34/><V103/><F66/><W98/><G98/><T60/><REACH who="0" step="1"/><D95/><REACH who="0" ten="240,250,250,250" step="2"/><U59/><E132/><V100/><F32/><W47/><AGARI ba="0,1" hai="38,43,45,47,49,55,128,129" m="48137,46601" machi="47" ten="40,8000,1" yaku="13,1,18,1,34,2" doraHai="24" who="3" fromWho="3" sc="240,-40,250,-20,250,-20,250,90" /><INIT seed="1,0,0,1,2,115" ten="200,230,230,340" oya="1" hai0="78,92,108,91,18,51,105,65,62,42,134,59,130" hai1="45,2,46,104,121,1,64,125,58,93,82,86,57" hai2="23,127,24,54,98,71,52,37,96,43,48,66,50" hai3="94,103,25,97,101,33,79,10,20,114,13,60,56"/><U40/><E104/><V76/><F127/><W7/><G33/><T131/><D105/><U19/><E121/><V4/><F4/><W69/><G69/><T73/><D134/><U31/><E125/><V0/><F0/><W12/><G12/><T80/><D108/><U126/><E126/><V5/><F5/><W83/><G114/><T55/><D18/><U75/><E75/><V88/><F76/><W26/><G101/><T117/><D42/><U132/><E132/><V47/><F71/><W124/><G124/><T67/><D117/><U30/><E2/><V21/><F66/><W9/><G9/><T119/><D119/><U14/><E1/><V133/><F133/><W63/><G63/><T8/><D8/><U116/><E93/><N who="2" m="56359" /><F98/><W111/><G111/><T41/><D41/><U118/><E31/><N who="2" m="17807" /><F23/><W36/><G36/><T15/><D15/><U135/><E30/><V89/><F37/><W106/><G106/><T3/><D3/><U61/><E135/><V99/><F50/><W81/><G79/><T17/><D17/><U102/><E102/><V85/><F99/><W6/><G6/><T123/><D123/><U35/><E35/><V49/><F49/><W32/><G32/><T90/><D90/><U74/><E74/><V107/><F107/><W129/><G20/><T100/><D100/><U11/><E58/><V120/><F120/><W77/><G56/><T68/><D67/><U113/><E113/><V27/><F27/><W110/><G26/><T122/><D122/><U87/><E46/><V38/><F38/><W29/><G25/><T28/><D28/><RYUUKYOKU ba="0,0" sc="200,15,230,-15,230,15,340,-15" hai0="51,55,59,62,65,68,73,78,80,91,92,130,131" hai2="43,47,48,52,54,85,89" /><INIT seed="2,1,0,5,2,26" ten="215,215,245,325" oya="2" hai0="101,60,115,77,32,113,45,10,78,33,55,44,114" hai1="100,30,90,20,68,31,49,42,67,131,84,17,80" hai2="21,124,4,19,76,58,39,37,64,51,47,103,119" hai3="104,13,88,54,117,82,89,48,35,118,9,74,91"/><V123/><F119/><W86/><G35/><T127/><D127/><U2/><E2/><V25/><F123/><W134/><G104/><T52/><D10/><U62/><E131/><V105/><F124/><W15/><G74/><T83/><D101/><U125/><E125/><V16/><F4/><W40/><G40/><T79/><D83/><U93/><E42/><V12/><F76/><W5/><G134/><T81/><D81/><U34/><E34/><N who="0" m="13417" /><D60/><U96/><REACH who="1" step="1"/><E49/><REACH who="1" ten="215,205,245,325" step="2"/><V28/><F37/><W57/><G117/><T121/><D121/><U38/><E38/><V87/><F39/><W128/><G118/><T130/><D130/><U66/><E66/><V70/><F64/><W106/><G128/><T59/><D59/><U92/><E92/><V72/><F58/><W102/><G106/><T6/><D6/><U112/><E112/><V133/><F105/><W126/><G126/><T43/><D43/><U99/><E99/><V53/><F70/><W108/><G5/><T0/><D0/><U97/><E97/><V24/><F47/><AGARI ba="1,1" hai="44,45,47,52,55,77,78,79,113,114,115" m="13417" machi="47" ten="40,5200,0" yaku="28,2,54,1" doraHai="26" who="0" fromWho="2" sc="215,65,205,0,245,-55,325,0" /><INIT seed="3,0,0,3,1,79" ten="280,205,190,325" oya="3" hai0="114,32,22,14,21,85,110,62,83,117,23,101,125" hai1="120,4,107,52,74,69,44,15,25,99,38,123,122" hai2="46,10,59,56,9,98,24,5,87,27,71,130,50" hai3="118,135,55,63,78,73,131,58,81,53,37,43,111"/><W41/><G118/><T75/><D117/><U7/><E69/><V76/><F71/><W54/><G135/><T6/><D110/><U65/><E65/><V89/><F130/><W66/><G131/><T91/><D32/><U134/><E134/><V115/><F115/><W29/><G111/><T80/><D114/><U106/><E38/><V100/><F76/><W19/><G37/><T13/><D125/><U128/><E128/><V35/><F35/><W77/><G29/><T108/><D108/><U116/><E74/><V97/><F10/><W92/><G78/><T33/><D33/><U61/><E116/><V124/><F124/><W119/><G119/><T113/><D113/><U72/><E72/><V121/><F121/><W17/><G17/><T34/><D34/><U31/><E15/><V48/><F48/><W49/><G49/><T127/><D127/><U18/><E18/><V84/><F84/><W20/><REACH who="3" step="1"/><G92/><REACH who="3" ten="280,205,190,315" step="2"/><T40/><D62/><U96/><E4/><V126/><F5/><W93/><G93/><T109/><D6/><U64/><E7/><V94/><F126/><W82/><G82/><T2/><D109/><U60/><E122/><V0/><F94/><W95/><G95/><T3/><D101/><U26/><E31/><V103/><F100/><W68/><G68/><T104/><D104/><U102/><E102/><V57/><F103/><W8/><G8/><T86/><D75/><U47/><E120/><V112/><F112/><W70/><G70/><T12/><D40/><U51/><E123/><V133/><F133/><W88/><G88/><AGARI ba="0,1" hai="2,3,12,13,14,21,22,23,80,83,85,86,88,91" machi="88" ten="40,8000,1" yaku="9,1,52,2,54,1" doraHai="79" who="0" fromWho="3" sc="280,90,205,0,190,0,315,-80" /><INIT seed="4,0,0,1,3,71" ten="370,205,190,235" oya="0" hai0="33,87,113,21,57,13,9,14,86,93,128,85,72" hai1="69,101,66,5,37,43,107,32,106,98,47,58,119" hai2="131,92,103,6,20,120,54,130,22,40,89,26,100" hai3="83,39,27,118,2,94,35,114,51,123,112,30,109"/><T102/><D72/><U79/><E119/><V15/><F120/><W52/><G118/><T31/><D33/><U77/><E106/><V8/><F40/><W42/><G2/><T88/><D113/><N who="3" m="43625" /><G123/><T0/><D0/><U50/><E5/><V73/><F73/><W82/><G109/><T115/><D115/><U96/><E96/><V41/><F41/><W7/><G7/><T99/><D128/><U61/><E32/><V68/><F68/><W95/><G95/><T64/><D64/><U19/><E19/><V62/><F130/><W16/><G94/><T80/><D57/><U3/><E3/><V97/><F131/><W11/><G11/><T125/><D125/><U34/><E34/><V36/><F36/><W18/><G82/><T48/><D48/><U132/><E132/><V75/><F75/><W17/><G83/><T104/><D104/><U60/><E60/><V84/><F84/><W76/><G76/><T74/><D74/><U63/><E63/><V12/><F12/><N who="0" m="4714" /><D9/><U44/><E44/><V67/><F67/><W56/><G42/><T122/><D122/><U29/><REACH who="1" step="1"/><E29/><REACH who="1" ten="370,195,190,235" step="2"/><V129/><F129/><W38/><AGARI ba="0,1" hai="16,17,18,27,30,35,38,39,51,52,56" m="43625" machi="38" ten="40,8000,1" yaku="15,1,52,2,54,2" doraHai="71" who="3" fromWho="3" sc="370,-40,195,-20,190,-20,235,90" /><INIT seed="5,0,0,1,4,11" ten="330,175,170,325" oya="1" hai0="4,71,46,134,42,74,60,35,124,56,128,58,48" hai1="90,14,1,54,17,61,66,16,28,25,18,40,112" hai2="55,8,122,57,43,109,135,76,102,125,91,68,81" hai3="64,62,86,73,15,126,104,121,44,116,22,10,34"/><U9/><E1/><V20/><F68/><W96/><G121/><T53/><D74/><U106/><E106/><V67/><F109/><W39/><G34/><T26/><D124/><U105/><E105/><V72/><F122/><W80/><G73/><T13/><D128/><U49/><E40/><V99/><F125/><W95/><G104/><T123/><D123/><U88/><E112/><V133/><F67/><W89/><G126/><T45/><D134/><N who="2" m="51210" /><F43/><W65/><G39/><T85/><D35/><U63/><E28/><V24/><F91/><N who="1" m="34857" /><E66/><V130/><F130/><W113/><G113/><T5/><D26/><U3/><E3/><V84/><F8/><W119/><G44/><T110/><D110/><U37/><E37/><V38/><F38/><W97/><G64/><T79/><D71/><U129/><E129/><V115/><F115/><W36/><G36/><T32/><D32/><U29/><E29/><N who="2" m="17543" /><F72/><W92/><G65/><T69/><D69/><U31/><E31/><V21/><F21/><W78/><G22/><T51/><D60/><N who="1" m="23115" /><E25/><V108/><F108/><W82/><G62/><T50/><D50/><U19/><E19/><V59/><F55/><W114/><G114/><T107/><D107/><AGARI ba="0,0" hai="57,59,76,81,84,99,102,107" m="17543,51210" machi="107" ten="30,1000,0" yaku="20,1" doraHai="11" who="2" fromWho="0" sc="330,-10,175,0,170,10,325,0" /><INIT seed="6,0,0,4,0,37" ten="320,175,180,325" oya="2" hai0="45,3,43,87,115,131,62,0,24,89,114,20,48" hai1="116,124,101,120,58,56,100,4,78,86,41,133,91" hai2="130,66,122,44,21,96,23,117,94,81,74,85,34" hai3="12,84,22,28,42,60,35,52,135,17,92,77,111"/><V82/><F34/><W118/><G111/><T88/><D131/><U98/><E116/><V15/><F117/><W103/><G118/><T7/><D7/><U13/><E120/><V83/><F122/><W55/><G135/><T2/><D62/><U125/><E133/><V6/><F74/><W106/><G106/><T36/><D36/><U132/><E132/><V119/><F119/><W70/><G42/><T110/><D110/><U1/><E1/><V63/><F130/><W10/><G35/><T38/><D38/><U121/><E121/><V65/><F85/><W73/><G73/><T69/><D69/><U123/><E123/><V105/><F105/><W14/><G70/><T33/><D33/><U27/><E27/><V11/><F44/><W104/><G104/><T107/><D107/><U90/><E41/><V49/><F49/><W113/><G113/><N who="0" m="43019" /><D87/><U30/><E98/><V29/><F29/><AGARI ba="0,0" hai="0,2,3,20,24,29,43,45,48,88,89" m="43019" machi="29" ten="40,5200,0" yaku="15,1,52,1,54,1" doraHai="37" who="0" fromWho="2" sc="320,52,175,0,180,-52,325,0" /><INIT seed="7,0,0,3,2,42" ten="372,175,128,325" oya="3" hai0="105,103,5,120,48,68,75,89,60,58,11,33,15" hai1="17,85,14,104,66,91,16,79,1,7,130,3,83" hai2="27,49,26,126,50,134,8,54,107,37,127,117,57" hai3="119,122,6,108,98,109,125,128,93,86,110,22,97"/><W63/><G6/><T55/><D33/><U10/><E104/><V28/><F107/><W25/><G119/><T133/><D75/><U40/><E130/><V84/><F37/><W65/><G122/><T44/><D120/><U70/><E70/><V114/><F117/><W52/><G128/><T43/><D105/><U95/><E66/><V81/><F114/><W0/><G0/><T59/><D103/><U13/><E3/><V76/><F134/><W4/><G4/><T35/><D35/><U96/><E1/><V92/><F8/><W90/><G125/><T113/><D113/><U45/><REACH who="1" step="1"/><E14/><REACH who="1" ten="372,165,128,325" step="2"/><V47/><F92/><W78/><G65/><T102/><D68/><U31/><E31/><V29/><F127/><W32/><G32/><T24/><D24/><N who="2" m="9258" /><F126/><W87/><G25/><T34/><D34/><U23/><E23/><V72/><F72/><W56/><G22/><T71/><D71/><U41/><E41/><AGARI ba="0,1" hai="28,29,41,47,49,50,54,57,76,81,84" m="9258" machi="41" ten="30,2000,0" yaku="8,1,52,1" doraHai="42" who="2" fromWho="1" sc="372,0,165,-20,128,30,325,0" owari="372,46.0,145,-35.0,158,-24.0,325,13.0" /></mjloggm>