<mjloggm ver="2.3"><GO type="41"/><UN n0="%E3%81%9F%E3%81%93%E3%81%95%E3%81%97" n1="%EF%BC%88%E2%89%A7%E2%96%BD%E2%89%A6%EF%BC%89" n2="%E3%81%B8%E3%81%AA%E3%81%B8%E3%81%AA%40%E7%8C%AB" n3="%49%47%41" dan="13,15,14,14" rate="1865,2058,1909,1842" sx="M,M,M,M"/><TAIKYOKU oya="0"/><INIT seed="0,0,0,3,0,121" ten="250,250,250,250" oya="0" hai0="77,119,93,127,62,114,100,73,69,79,18,87,64" hai1="95,107,117,113,28,44,49,11,2,12,31,1,106" hai2="4,92,36,37,60,98,133,3,25,88,46,7,39" hai3="57,132,45,125,32,105,55,47,91,116,10,108,109"/><T43/><D119/><U110/><E117/><V6/><F133/><W78/><G116/><T85/><D114/><U20/><E113/><V104/><F104/><W42/><G105/><T102/><D43/><U118/><E118/><V82/><F3/><W135/><G32/><T111/><D127/><U115/><E115/><V9/><F9/><W61/><G78/><T65/><D18/><U5/><E107/><V70/><F25/><W122/><G10/><T59/><D73/><U38/><E106/><V130/><F130/><W94/><G125/><T0/><D0/><U21/><E38/><V34/><F34/><W15/><G15/><T84/><D93/><U41/><E110/><N who="3" m="42602" /><G122/><T54/><D111/><U17/><E1/><V86/><F70/><W83/><G83/><T128/><D128/><U90/><E21/><V81/><F82/><W35/><G35/><T53/><D69/><U67/><E67/><N who="0" m="25673" /><D54/><U26/><REACH who="1" step="1"/><E2/><REACH who="1" step="2"/><V22/><F22/><W40/><G91/><T63/><D63/><U103/><E103/><AGARI ba="0,1" hai="53,59,62,77,79,84,85,87,100,102,103" m="25673" machi="103" ten="30,1500,0" yaku="8,1" doraHai="121" who="0" fromWho="1" sc="250,25,240,-15,250,0,250,0" /><INIT seed="0,1,0,1,4,24" ten="275,225,250,250" oya="0" hai0="80,43,18,90,36,58,14,97,83,63,89,9,76" hai1="107,45,127,49,134,27,19,119,48,103,69,3,64" hai2="79,16,132,106,38,101,116,108,121,74,30,1,15" hai3="6,34,99,5,50,44,75,28,42,35,114,60,32"/><T88/><D36/><U66/><E119/><V81/><F121/><W109/><G75/><T111/><D43/><U112/><E3/><V98/><F116/><W65/><G109/><T131/><D131/><U93/><E107/><V96/><F1/><W25/><G114/><T117/><D117/><U133/><E112/><V100/><F38/><W77/><G77/><T95/><D111/><U130/><E130/><V85/><F108/><W41/><G41/><T39/><D39/><U4/><E4/><V115/><F115/><W82/><G82/><N who="0" m="31275" /><D76/><U91/><E103/><V67/><F67/><AGARI ba="1,0" hai="9,14,18,58,63,67,88,89,90,95,97" m="31275" machi="67" ten="30,2900,0" yaku="8,1,54,1" doraHai="24" who="0" fromWho="2" sc="275,32,225,0,250,-32,250,0" /><INIT seed="0,2,0,2,3,111" ten="307,225,218,250" oya="0" hai0="42,1,120,112,32,87,5,129,102,125,38,35,11" hai1="10,77,114,90,78,116,17,9,53,22,27,96,65" hai2="58,115,74,19,99,6,21,61,95,76,40,121,31" hai3="2,36,63,97,3,75,25,30,84,34,49,118,82"/><T83/><D112/><U126/><E116/><V60/><F121/><W133/><G118/><T124/><D120/><U108/><E108/><V20/><F6/><W29/><G29/><T62/><D129/><U122/><E122/><V56/><F40/><W0/><G36/><T12/><D12/><U98/><E126/><N who="0" m="48745" /><D102/><U85/><E65/><V93/><F76/><N who="1" m="29289" /><E53/><V48/><F74/><W37/><G75/><T16/><D16/><N who="1" m="12743" /><E114/><V134/><F134/><W81/><G37/><T70/><D87/><U69/><E69/><V13/><F115/><W4/><G97/><N who="1" m="37482" /><E17/><V117/><F117/><W92/><G63/><T55/><D83/><AGARI ba="2,0" hai="9,10,83,85,90" m="37482,12743,29289" machi="83" ten="30,2000,0" yaku="8,1,54,1" doraHai="111" who="1" fromWho="0" sc="307,-26,225,26,218,0,250,0" /><INIT seed="1,0,0,3,5,89" ten="281,251,218,250" oya="1" hai0="62,38,57,65,83,23,81,56,17,102,101,86,116" hai1="80,92,36,77,51,11,18,60,76,19,8,42,9" hai2="118,45,66,22,68,26,67,27,37,105,114,52,50" hai3="126,94,87,64,61,98,5,48,70,35,58,108,95"/><U109/><E109/><V15/><F105/><W82/><G35/><T97/><D116/><U16/><E36/><V103/><F103/><W73/><G108/><T74/><D38/><U115/><E115/><V10/><F118/><W4/><G73/><T40/><D40/><U31/><E31/><V93/><F114/><W90/><G126/><T6/><D6/><U121/><E121/><V75/><F75/><W34/><G34/><T20/><D74/><U53/><E80/><V46/><F68/><W69/><G69/><T134/><D134/><U120/><E120/><V104/><F104/><W1/><G1/><T130/><D130/><U2/><E2/><V25/><F45/><W113/><G113/><T129/><D129/><U99/><E60/><V106/><F37/><W131/><G131/><T112/><D112/><U21/><E21/><V100/><F22/><W0/><G0/><T3/><D3/><U135/><E42/><V71/><F71/><W132/><G132/><T49/><D23/><U59/><E135/><V29/><F29/><W54/><REACH who="3" step="1"/><G95/><REACH who="3" step="2"/><T119/><D119/><U72/><REACH who="1" step="1"/><E72/><REACH who="1" step="2"/><V28/><F28/><W96/><G96/><T78/><D83/><U88/><AGARI ba="0,2" hai="8,9,11,16,18,19,51,53,59,76,77,88,92,99" machi="88" ten="30,18000,2" yaku="1,1,2,1,0,1,8,1,52,1,54,2,53,0" doraHai="89" doraHaiUra="32" who="1" fromWho="1" sc="281,-60,241,200,218,-60,240,-60" /><INIT seed="1,1,0,5,2,76" ten="221,441,158,180" oya="1" hai0="32,61,77,57,40,10,19,52,74,95,29,94,70" hai1="89,50,56,110,44,38,121,119,122,65,42,101,41" hai2="79,82,4,47,43,134,128,104,72,102,55,49,69" hai3="87,105,39,67,97,111,12,27,34,99,90,83,45"/><U123/><E101/><V103/><F128/><W54/><G67/><T75/><D40/><N who="1" m="24839" /><E89/><V22/><F134/><W30/><G111/><T17/><D70/><U81/><E81/><V115/><F115/><W59/><G105/><T37/><D37/><U96/><E96/><V93/><F104/><W66/><G12/><T23/><D32/><U112/><E119/><V25/><F69/><W80/><G80/><T5/><D29/><U132/><E112/><V88/><F4/><W133/><G133/><T100/><D100/><U113/><E113/><V24/><F43/><N who="1" m="16393" /><E132/><V64/><F64/><W71/><G39/><T120/><D120/><U127/><E38/><V8/><F8/><W107/><G107/><T92/><D77/><U6/><E6/><V31/><REACH who="2" step="1"/><F24/><REACH who="2" step="2"/><W124/><G71/><T33/><D33/><U62/><E110/><V118/><F118/><W35/><G66/><T129/><D129/><U48/><E127/><V135/><F135/><W53/><G124/><T73/><REACH who="0" step="1"/><D23/><REACH who="0" step="2"/><U11/><E123/><V85/><AGARI ba="1,2" hai="22,25,31,47,49,55,72,79,82,85,88,93,102,103" machi="85" ten="20,8000,1" yaku="1,1,0,1,7,1,52,1,54,1,53,0" doraHai="76" doraHaiUra="9" who="2" fromWho="2" sc="211,-21,441,-41,148,103,180,-21" /><INIT seed="2,0,0,5,3,120" ten="190,400,251,159" oya="2" hai0="116,64,3,49,78,99,36,85,32,124,106,88,7" hai1="63,110,97,17,55,12,9,27,60,121,75,43,10" hai2="42,79,26,114,23,86,53,102,40,87,14,96,37" hai3="100,8,47,61,29,20,18,2,69,76,50,82,30"/><V115/><F14/><W89/><G100/><T16/><D36/><U133/><E75/><V125/><F125/><W1/><G89/><T112/><D112/><U22/><E121/><V31/><F37/><W35/><G35/><T25/><D124/><U6/><E133/><V103/><F53/><W11/><G61/><N who="1" m="23626" /><E43/><V134/><F134/><W54/><G69/><T45/><D64/><U59/><E97/><V39/><F39/><W104/><G104/><T91/><D116/><U72/><E72/><V41/><F79/><W118/><G118/><T130/><D130/><U51/><E110/><V70/><F70/><W5/><G2/><T74/><D74/><U21/><E6/><V81/><F81/><W68/><G11/><T111/><D111/><U119/><E119/><V129/><F129/><W13/><REACH who="3" step="1"/><G68/><REACH who="3" step="2"/><T19/><D78/><U46/><E9/><V107/><REACH who="2" step="1"/><F103/><REACH who="2" step="2"/><W95/><G95/><T94/><D106/><U135/><E135/><V33/><F33/><W123/><G123/><T57/><D32/><U28/><E10/><V77/><F77/><W113/><G113/><AGARI ba="0,2" hai="23,26,31,40,41,42,86,87,96,102,107,113,114,115" machi="113" ten="40,2000,0" yaku="1,1,53,0" doraHai="120" doraHaiUra="117" who="2" fromWho="3" sc="190,0,400,0,241,40,149,-20" /><INIT seed="2,1,0,3,5,30" ten="190,400,281,129" oya="2" hai0="23,52,2,92,90,86,132,69,87,98,115,80,29" hai1="47,72,84,66,77,33,96,65,106,79,126,75,58" hai2="114,127,42,83,7,19,59,1,32,134,14,135,6" hai3="100,85,39,124,103,121,57,70,11,17,56,88,48"/><V67/><F114/><W20/><G39/><T38/><D115/><U5/><E5/><V71/><F83/><W95/><G70/><T45/><D69/><U18/><E126/><V107/><F71/><W27/><G124/><T54/><D2/><U108/><E108/><V37/><F107/><W133/><G133/><N who="2" m="50697" /><F127/><W31/><G121/><T63/><D132/><U28/><E106/><V74/><F74/><W109/><G109/><T62/><D38/><U119/><E75/><V8/><F42/><W104/><G104/><T3/><D3/><U36/><E72/><V43/><F43/><W117/><G117/><T24/><D86/><U41/><E41/><V40/><F40/><W112/><G112/><T64/><D45/><U97/><E47/><V49/><F37/><W34/><G11/><T113/><D113/><U102/><E36/><V78/><F78/><W0/><G0/><T93/><D93/><U105/><E79/><V53/><F67/><W130/><G57/><T131/><D131/><U120/><E65/><V123/><F123/><W35/><G130/><T21/><D21/><U118/><E66/><V46/><F59/><W15/><G35/><T68/><REACH who="0" step="1"/><D62/><REACH who="0" step="2"/><U4/><E119/><V99/><F1/><W51/><REACH who="3" step="1"/><G48/><REACH who="3" step="2"/><T94/><D94/><N who="1" m="58647" /><E118/><V91/><F32/><W125/><G125/><T116/><D116/><U122/><E33/><V111/><F111/><W89/><G89/><AGARI ba="1,2" hai="23,24,29,52,54,63,64,68,80,87,89,90,92,98" machi="89" ten="30,3900,0" yaku="1,1,7,1,54,1,53,0" doraHai="30" doraHaiUra="10" who="0" fromWho="3" sc="180,62,400,0,281,0,119,-42" /><INIT seed="3,0,0,5,2,133" ten="242,400,281,77" oya="3" hai0="36,80,51,65,12,77,124,60,17,14,104,9,67" hai1="52,23,58,97,71,11,114,15,4,111,134,95,25" hai2="128,20,122,93,86,38,129,90,117,132,55,107,1" hai3="49,121,84,81,69,22,27,6,37,28,73,47,79"/><W63/><G37/><T53/><D36/><U70/><E114/><V118/><F38/><W10/><G121/><T61/><D104/><U45/><E134/><V131/><F107/><W2/><G63/><T35/><D35/><U74/><E74/><V102/><F1/><W54/><REACH who="3" step="1"/><G69/><REACH who="3" step="2"/><T50/><D50/><U57/><E71/><V32/><F122/><W127/><G127/><T82/><D124/><U42/><E70/><V66/><F132/><W94/><G94/><T88/><D51/><N who="1" m="28783" /><E42/><V85/><F93/><W135/><G135/><T59/><D59/><U21/><E58/><V5/><F129/><W100/><G100/><T115/><D115/><U29/><E57/><V78/><F102/><W108/><G108/><T7/><D77/><U83/><E95/><V89/><F78/><W33/><G33/><T99/><D88/><U39/><E39/><V96/><F32/><W62/><G62/><T26/><D53/><U18/><E111/><V91/><F55/><W92/><G92/><T98/><D9/><U116/><E11/><V119/><F90/><W106/><G106/><T30/><D7/><U13/><E4/><V126/><F5/><W24/><G24/><T113/><D26/><U31/><E25/><V46/><F89/><W105/><G105/><T43/><D113/><U101/><E101/><V72/><F91/><W0/><G0/><T40/><D30/><U44/><E31/><V16/><F128/><W64/><G64/><T76/><D76/><U56/><E29/><V125/><F66/><W130/><G130/><T87/><D17/><U123/><E18/><RYUUKYOKU ba="0,1" sc="242,15,400,-15,281,-15,67,15" hai0="12,14,40,43,60,61,65,67,80,82,87,98,99" hai3="2,6,10,22,27,28,47,49,54,73,79,81,84" /><INIT seed="3,1,1,4,2,71" ten="257,385,266,82" oya="3" hai0="45,49,41,116,13,59,117,17,53,89,85,67,99" hai1="38,101,22,27,28,81,8,124,2,55,115,118,11" hai2="21,10,40,19,90,36,58,24,119,0,127,69,20" hai3="3,18,114,74,54,57,35,76,62,113,56,68,87"/><W33/><G74/><T42/><D99/><U97/><E115/><V83/><F119/><W61/><G68/><T50/><D117/><U93/><E118/><V25/><F127/><W37/><G3/><T102/><D116/><U100/><E124/><V66/><F69/><W84/><G18/><T70/><D102/><N who="1" m="60719" /><E2/><V5/><F66/><W120/><G76/><T104/><D104/><U110/><E110/><V9/><F58/><W79/><G79/><T12/><D70/><U128/><E128/><V43/><F10/><N who="1" m="3625" /><E38/><V75/><F36/><W47/><G37/><T82/><D67/><U98/><E98/><V34/><F34/><W77/><G77/><T112/><D112/><U94/><E94/><V44/><F75/><W111/><G54/><N who="0" m="29999" /><D13/><U4/><E4/><V52/><F83/><W78/><G78/><T6/><D6/><U48/><E81/><V106/><F106/><W91/><G47/><AGARI ba="1,1" hai="22,27,28,47,48,55,100,101" m="3625,60719" machi="47" ten="30,1000,0" yaku="8,1" doraHai="71" who="1" fromWho="3" sc="257,0,385,23,266,0,82,-13" /><INIT seed="4,0,0,5,4,55" ten="257,408,266,69" oya="0" hai0="40,75,74,113,33,73,66,11,65,90,130,39,108" hai1="116,115,110,98,79,56,126,84,64,134,68,69,31" hai2="41,27,25,94,1,17,119,114,122,100,37,13,82" hai3="61,133,124,131,83,112,104,127,12,44,129,48,51"/><T96/><D33/><U20/><E116/><V117/><F122/><W2/><G2/><T45/><D113/><U77/><E115/><V29/><F1/><W28/><G112/><T71/><D130/><N who="3" m="49673" /><G104/><T92/><D108/><U57/><E110/><V18/><F114/><W4/><G28/><T128/><D128/><U30/><E31/><V7/><F7/><W101/><G101/><T53/><D71/><U16/><E30/><V89/><F100/><W70/><G83/><T26/><D26/><U97/><E64/><V86/><F41/><W19/><G4/><T102/><D102/><U125/><E134/><V93/><F37/><W36/><G19/><T47/><D11/><U32/><E32/><V52/><F117/><W10/><G10/><T35/><D35/><U50/><E84/><V106/><F119/><W0/><G12/><T123/><D123/><U42/><E42/><V3/><F106/><W118/><G0/><T78/><D47/><U15/><E50/><V8/><F3/><W121/><G118/><T21/><D21/><U87/><E87/><V81/><F18/><W22/><G22/><T5/><D5/><U107/><E107/><V49/><F82/><W24/><G24/><T46/><D78/><U38/><E38/><V54/><F54/><W91/><G91/><T88/><D90/><U76/><E69/><V9/><F9/><W105/><G105/><T109/><D109/><U103/><E68/><V62/><F29/><W58/><G70/><T132/><D132/><U99/><E103/><V43/><F27/><W135/><G121/><T63/><D63/><RYUUKYOKU ba="0,0" sc="257,15,408,15,266,-15,69,-15" hai0="39,40,45,46,53,65,66,73,74,75,88,92,96" hai1="15,16,20,56,57,76,77,79,97,98,99,125,126" /><INIT seed="4,1,0,3,3,10" ten="272,423,251,54" oya="0" hai0="17,46,61,93,94,59,42,28,48,73,74,80,103" hai1="45,24,25,27,87,50,52,12,90,13,16,124,83" hai2="99,55,29,96,40,107,19,0,98,34,51,62,53" hai3="129,86,78,43,125,132,14,79,82,77,111,84,89"/><T3/><D3/><U63/><E124/><V123/><F123/><W8/><G111/><T2/><D2/><U65/><REACH who="1" step="1"/><E16/><REACH who="1" step="2"/><V72/><F19/><N who="3" m="8647" /><G125/><T15/><D28/><U117/><E117/><V21/><F29/><W60/><G129/><T115/><D115/><U134/><E134/><V114/><F114/><W4/><G132/><T67/><D74/><U131/><E131/><V105/><F72/><W64/><G4/><T68/><D73/><U97/><E97/><V110/><F96/><W23/><G43/><T57/><D103/><U104/><E104/><V26/><F105/><W91/><G23/><T130/><D130/><U127/><E127/><V5/><F98/><W92/><G60/><T47/><D80/><U35/><E35/><V128/><F99/><W85/><G64/><T100/><D100/><U101/><E101/><V11/><F107/><W9/><G9/><T102/><D102/><U112/><E112/><V7/><F128/><W54/><G54/><T69/><D94/><AGARI ba="1,1" hai="77,78,79,82,84,85,86,89,91,92,94" m="8647" machi="94" ten="30,2000,0" yaku="8,1,52,1" doraHai="10" who="3" fromWho="0" sc="272,-23,413,0,251,0,54,33" /><INIT seed="5,0,0,1,4,127" ten="249,413,251,87" oya="1" hai0="28,101,121,23,68,132,116,130,55,87,102,107,1" hai1="131,98,105,111,73,86,49,39,52,125,13,64,83" hai2="78,134,79,57,35,70,90,77,11,16,128,76,114" hai3="67,40,66,25,84,96,37,45,88,7,65,21,92"/><U15/><E39/><V17/><F70/><W8/><G65/><T80/><D116/><U89/><E125/><V69/><F35/><W103/><G21/><T82/><D132/><U42/><E111/><V115/><F69/><W94/><REACH who="3" step="1"/><G25/><REACH who="3" step="2"/><T24/><D1/><AGARI ba="0,1" hai="1,7,8,37,40,45,66,67,84,88,92,94,96,103" machi="1" ten="30,12000,2" yaku="1,1,2,1,7,1,54,1,53,2" doraHai="127" doraHaiUra="61" who="3" fromWho="0" sc="249,-120,413,0,251,0,77,130" /><INIT seed="6,0,0,2,4,94" ten="129,413,251,207" oya="2" hai0="135,106,76,10,58,111,21,91,55,99,101,102,20" hai1="96,30,88,119,68,84,70,129,7,103,43,97,105" hai2="14,0,42,31,6,122,29,77,73,82,57,85,117" hai3="26,25,24,128,11,18,87,41,19,39,114,123,40"/><V75/><F117/><W104/><G123/><T69/><D111/><U62/><E129/><V48/><F0/><W121/><G121/><T65/><D135/><U89/><E119/><V115/><F115/><W51/><G104/><T9/><D76/><U1/><E43/><V4/><F4/><W83/><G128/><T80/><D102/><U133/><E133/><V38/><F38/><W61/><G39/><T45/><D45/><U124/><E124/><V16/><F6/><W44/><G114/><T74/><D69/><U78/><E30/><V17/><F122/><W131/><G61/><T27/><D65/><U2/><E62/><V15/><F75/><W109/><G109/><T113/><D113/><U118/><E118/><V22/><F73/><W8/><G40/><T110/><D110/><U53/><E53/><N who="2" m="31911" /><F42/><W37/><G37/><T79/><D10/><AGARI ba="0,0" hai="10,14,15,16,17,22,29,31,77,82,85" m="31911" machi="10" ten="30,2900,0" yaku="8,1,54,1" doraHai="94" who="2" fromWho="0" sc="129,-29,413,0,251,29,207,0" /><INIT seed="6,1,0,4,4,64" ten="100,413,280,207" oya="2" hai0="0,48,20,135,117,118,97,4,119,102,22,25,72" hai1="120,46,27,112,77,1,110,106,124,57,73,58,84" hai2="13,55,113,134,19,128,130,85,15,125,6,52,79" hai3="71,129,32,50,111,66,88,2,28,14,91,16,17"/><V92/><F125/><W30/><G2/><T81/><D48/><U5/><E106/><V123/><F134/><W96/><G111/><T60/><D60/><U38/><E110/><V65/><F123/><W31/><G32/><T68/><D68/><U105/><E105/><V40/><F65/><W26/><G129/><N who="2" m="49769" /><F40/><W133/><G133/><T69/><D69/><U75/><E124/><V54/><F113/><W76/><G76/><T74/><D135/><U127/><E112/><V104/><F104/><W62/><G50/><T39/><D39/><U42/><E127/><V93/><F6/><W109/><G109/><T45/><D45/><U47/><E120/><V101/><F101/><W34/><G17/><T89/><D89/><U114/><E46/><V87/><F79/><W103/><G91/><T82/><D25/><U56/><E114/><V108/><F108/><W78/><G78/><T63/><D63/><U7/><E5/><V70/><F70/><W67/><G67/><T99/><D102/><U41/><E77/><V51/><F51/><W10/><REACH who="3" step="1"/><G88/><REACH who="3" step="2"/><T122/><D0/><U83/><E1/><V86/><F19/><W9/><G9/><T36/><D4/><U3/><E7/><V37/><F37/><W24/><G24/><T107/><D36/><U80/><E38/><V33/><F33/><W121/><G121/><T100/><D122/><U94/><E3/><V18/><F18/><W49/><G49/><T23/><D99/><U90/><E27/><V43/><F43/><W11/><G11/><T98/><D98/><U115/><E41/><V8/><F8/><RYUUKYOKU ba="1,1" sc="100,10,413,-30,280,10,197,10" hai0="20,22,23,72,74,81,82,97,100,107,117,118,119" hai2="13,15,52,54,55,85,86,87,92,93" hai3="10,14,16,26,28,30,31,34,62,66,71,96,103" /><INIT seed="6,2,1,0,1,121" ten="110,383,290,207" oya="2" hai0="21,16,104,8,32,9,12,24,80,101,20,54,62" hai1="114,42,2,11,67,77,23,74,132,60,4,14,117" hai2="103,53,102,111,22,10,48,1,18,43,52,6,45" hai3="83,131,78,27,123,59,38,105,96,50,64,49,7"/><V91/><F111/><W63/><G38/><T39/><D39/><U56/><E117/><V66/><F66/><W122/><G7/><T28/><D80/><U124/><E114/><V98/><F91/><W86/><G131/><T35/><D104/><U3/><E124/><V90/><F90/><W99/><G122/><T29/><D101/><U34/><E34/><N who="0" m="12841" /><D62/><U58/><E42/><V25/><REACH who="2" step="1"/><F103/><REACH who="2" step="2"/><W26/><G123/><T13/><D54/><U128/><E60/><V120/><F120/><W94/><G105/><AGARI ba="2,2" hai="1,6,10,18,22,25,43,45,48,52,53,98,102,105" machi="105" ten="30,11600,0" yaku="1,1,7,1,54,1,53,1" doraHai="121" doraHaiUra="19" who="2" fromWho="3" sc="110,0,383,0,280,142,207,-122" /><INIT seed="6,3,0,4,4,16" ten="110,383,422,85" oya="2" hai0="41,70,56,21,102,27,59,10,69,7,62,53,64" hai1="94,78,116,9,132,31,106,42,2,58,60,131,88" hai2="18,37,47,128,123,0,63,55,107,71,25,134,86" hai3="101,30,99,79,35,118,50,130,45,96,112,23,129"/><V93/><F107/><W83/><G35/><T34/><D34/><U39/><E116/><V12/><F0/><W54/><G118/><T36/><D102/><U20/><E106/><V11/><F123/><W74/><G112/><T103/><D103/><U113/><E113/><V49/><F128/><N who="3" m="49259" /><G101/><T3/><D36/><U84/><E132/><V29/><F134/><W109/><G109/><T15/><D41/><U46/><E131/><V90/><F37/><W44/><G44/><T66/><D3/><U1/><E78/><V28/><REACH who="2" step="1"/><F25/><AGARI ba="3,0" hai="23,25,30,45,50,54,74,79,83,96,99" m="49259" machi="25" ten="30,2000,0" yaku="19,1,52,1" doraHai="16" who="3" fromWho="2" sc="110,0,383,0,422,-29,85,29" /><INIT seed="7,0,0,1,3,27" ten="110,383,393,114" oya="3" hai0="28,83,77,109,56,14,7,119,90,113,88,9,50" hai1="80,82,107,116,100,13,17,106,132,12,55,130,89" hai2="23,67,114,69,61,2,34,57,123,70,20,134,99" hai3="63,94,122,103,105,36,58,98,6,128,112,0,25"/><W5/><G122/><T39/><D119/><U16/><E116/><V22/><F34/><W41/><G36/><T102/><D109/><U47/><E132/><V118/><F134/><W117/><G41/><T35/><D39/><U32/><E32/><V4/><F118/><W60/><G117/><T43/><D113/><U78/><E130/><V19/><F114/><W42/><G112/><T79/><D102/><U135/><E135/><V44/><F44/><W76/><G42/><T26/><D79/><U92/><E106/><V21/><F123/><W8/><G76/><T133/><D133/><U11/><E107/><V3/><F99/><W29/><G6/><T84/><REACH who="0" step="1"/><D56/><REACH who="0" step="2"/><U127/><E100/><V124/><F57/><W126/><G128/><T115/><D115/><U108/><E108/><V96/><F69/><W125/><G105/><T86/><D86/><N who="1" m="52279" /><E78/><V46/><F70/><W75/><G75/><T97/><D97/><U52/><E127/><N who="3" m="48650" /><G58/><T38/><D38/><U85/><E85/><V131/><F96/><W101/><G101/><T87/><D87/><U72/><E72/><V37/><F124/><W65/><G65/><T59/><D59/><U1/><E47/><AGARI ba="0,1" hai="7,9,14,26,28,35,43,47,50,77,83,84,88,90" machi="47" ten="40,12000,2" yaku="1,1,25,2,52,1,54,1,53,1" doraHai="27" doraHaiUra="40" who="0" fromWho="1" sc="100,130,383,-120,393,0,114,0" owari="230,-17.0,263,6.0,393,50.0,114,-39.0" /></mjloggm>