<mjloggm ver="2.3"><GO type="169"/><UN n0="%53%48%49%53%55%4B%45" n1="%E3%82%A2%E3%82%B9%E3%82%BF%E3%83%8A" n2="%E3%81%A7%E3%81%93%E3%81%98" n3="%EF%BC%88%E2%89%A7%E2%96%BD%E2%89%A6%EF%BC%89" dan="16,16,16,16" rate="2023,2066,2093,2066" sx="M,M,M,M"/><TAIKYOKU oya="0"/><INIT seed="0,0,0,0,2,33" ten="250,250,250,250" oya="0" hai0="115,127,41,93,98,46,88,37,79,18,1,35,43" hai1="45,89,71,7,121,49,80,24,106,112,66,40,95" hai2="47,107,109,114,120,4,126,105,11,73,90,72,132" hai3="50,104,36,42,60,22,59,111,20,5,26,63,97"/><T54/><D115/><U29/><E112/><V122/><F114/><W91/><G111/><T52/><D35/><U69/><E106/><V124/><F47/><N who="3" m="25975" /><G36/><T118/><D118/><U17/><E121/><N who="2" m="46699" /><F11/><W31/><G104/><N who="2" m="40009" /><F4/><W68/><G68/><T87/><D127/><N who="2" m="48682" /><F109/><W61/><G5/><T21/><D43/><U15/><E40/><V85/><F132/><W110/><G110/><T48/><D37/><U62/><E7/><V67/><F67/><N who="3" m="39327" /><G20/><T113/><D113/><U16/><E66/><V28/><F28/><W116/><G116/><T32/><D32/><U96/><E29/><V102/><F102/><W13/><G13/><N who="0" m="9423" /><D1/><U103/><E15/><V76/><F76/><W135/><G135/><T123/><D123/><U77/><E77/><V56/><F56/><W70/><G70/><T94/><D79/><U25/><E69/><V86/><F90/><AGARI ba="0,0" hai="41,46,48,52,54,87,88,90,93,94,98" m="9423" machi="90" ten="30,5800,0" yaku="8,1,54,2" doraHai="33" who="0" fromWho="2" sc="250,58,250,0,250,-58,250,0" /><INIT seed="0,1,0,4,2,48" ten="308,250,192,250" oya="0" hai0="119,25,117,127,40,22,129,87,126,85,132,33,134" hai1="109,115,67,17,135,41,93,79,43,53,60,107,124" hai2="16,58,103,15,7,112,54,101,113,56,42,84,6" hai3="8,0,26,81,91,105,90,89,11,51,82,111,123"/><T110/><D33/><U4/><E107/><V99/><F42/><W10/><G105/><T80/><D40/><U27/><E115/><V38/><F38/><W96/><G0/><T45/><D45/><U97/><E109/><V37/><F37/><W62/><G123/><T88/><D110/><U83/><E124/><N who="0" m="47657" /><D87/><U118/><E118/><N who="0" m="45065" /><D129/><U31/><E17/><AGARI ba="1,0" hai="17,22,25,80,85,88,132,134" m="45065,47657" machi="17" ten="30,2900,0" yaku="18,1,54,1" doraHai="48" who="0" fromWho="1" sc="308,32,250,-32,192,0,250,0" /><INIT seed="0,2,0,0,0,8" ten="340,218,192,250" oya="0" hai0="32,109,12,58,77,128,39,57,30,27,28,21,9" hai1="102,68,48,133,116,79,106,53,4,34,92,14,95" hai2="24,118,125,6,19,85,62,87,75,3,115,114,119" hai3="74,69,103,5,35,52,88,67,90,61,29,112,47"/><T51/><D39/><U80/><E116/><N who="2" m="44587" /><F75/><W108/><G112/><N who="2" m="43049" /><F62/><W2/><G74/><T54/><D30/><U76/><E34/><V81/><F81/><W59/><G108/><T104/><D109/><U45/><E68/><V110/><F110/><W97/><G47/><T43/><D43/><U50/><E106/><V31/><F85/><W42/><G42/><T129/><D104/><U130/><E130/><N who="0" m="50281" /><D77/><U134/><E79/><V55/><F55/><W23/><G2/><T82/><D82/><U22/><E102/><V41/><F87/><W25/><G23/><T124/><D21/><U126/><E126/><V38/><F41/><W121/><G5/><N who="0" m="3119" /><D58/><U49/><E133/><V72/><F38/><W18/><G18/><T11/><D11/><U93/><E134/><V37/><F37/><W122/><G122/><T123/><D124/><U15/><E22/><N who="2" m="15767" /><F72/><W10/><G121/><AGARI ba="2,0" hai="27,28,32,51,54,57,121,123" m="3119,50281" machi="121" ten="30,2900,0" yaku="19,1,52,1" doraHai="8" who="0" fromWho="3" sc="340,35,218,0,192,0,250,-35" /><INIT seed="0,3,0,3,5,42" ten="375,218,192,215" oya="0" hai0="17,106,74,85,90,65,88,124,24,59,96,109,123" hai1="9,3,93,57,12,92,116,7,55,125,87,130,40" hai2="83,118,119,103,6,8,117,41,62,107,26,35,82" hai3="95,2,47,51,52,73,108,76,43,133,64,110,68"/><T114/><D123/><U120/><E120/><V60/><F41/><W75/><G133/><T66/><D114/><U72/><E116/><V49/><F49/><W126/><G126/><T56/><D74/><U105/><E72/><V122/><F122/><W50/><G2/><T129/><D124/><U27/><E105/><V46/><F46/><N who="3" m="25951" /><G76/><T25/><D129/><U33/><E125/><V10/><F103/><W1/><G1/><T16/><D106/><U71/><E71/><V11/><F107/><W99/><G64/><N who="0" m="24683" /><D109/><N who="3" m="42089" /><G68/><T38/><D38/><U69/><E69/><V19/><F6/><W86/><G86/><T100/><D100/><AGARI ba="3,0" hai="47,51,52,73,75,95,99,100" m="42089,25951" machi="100" ten="30,7700,0" yaku="14,1,52,2,54,1" doraHai="42" who="3" fromWho="0" sc="375,-86,218,0,192,0,215,86" /><INIT seed="1,0,0,5,4,7" ten="289,218,192,301" oya="1" hai0="82,31,44,109,130,100,23,18,20,24,119,42,3" hai1="10,114,85,120,93,115,90,53,41,64,99,12,60" hai2="65,84,36,6,27,116,38,103,131,2,89,83,92" hai3="19,14,128,55,66,86,107,25,52,72,26,1,113"/><U70/><E120/><V97/><F116/><W135/><G72/><T125/><D119/><U91/><E53/><V123/><F123/><W69/><G1/><T16/><D3/><U87/><E41/><V94/><F131/><W101/><G113/><T9/><D130/><U33/><E33/><V117/><F117/><W32/><G128/><T134/><D100/><U127/><E127/><V104/><F65/><W118/><G118/><T106/><D106/><U121/><E121/><V0/><F27/><W102/><G135/><T21/><D125/><U111/><E111/><V22/><F22/><N who="0" m="8810" /><D134/><U13/><E13/><V79/><F94/><W73/><G73/><T77/><D109/><U45/><E45/><V37/><REACH who="2" step="1"/><F6/><REACH who="2" ten="289,218,182,301" step="2"/><W15/><G26/><T46/><D31/><U11/><E99/><AGARI ba="0,1" hai="0,2,36,37,38,79,83,84,89,92,97,99,103,104" machi="99" ten="40,5200,0" yaku="1,1,2,1,53,1" doraHai="7" doraHaiUra="80" who="2" fromWho="1" sc="289,0,218,-52,182,62,301,0" /><INIT seed="2,0,0,0,5,65" ten="289,166,244,301" oya="2" hai0="54,58,90,2,134,83,67,11,97,18,25,61,87" hai1="22,114,76,6,62,31,49,56,100,26,116,19,104" hai2="129,41,122,121,46,0,23,77,89,88,42,101,127" hai3="69,93,84,47,112,12,57,73,108,21,60,8,118"/><V32/><F32/><W71/><G73/><T7/><D134/><U15/><E116/><V85/><F0/><W48/><G118/><T9/><D97/><U99/><E114/><V74/><F127/><W53/><G112/><T40/><D40/><U96/><E76/><V59/><F129/><W45/><G108/><T3/><D25/><U63/><E6/><V92/><F59/><W13/><G21/><T125/><D125/><U4/><E4/><V105/><F23/><W30/><G30/><T126/><D126/><U44/><E56/><V34/><F34/><W119/><G119/><T94/><D18/><U124/><E99/><N who="2" m="61631" /><F89/><W39/><G39/><T29/><D29/><U27/><E124/><V102/><F102/><W110/><G110/><T52/><D9/><U115/><E115/><V10/><F10/><W70/><G8/><T72/><REACH who="0" step="1"/><D3/><REACH who="0" ten="279,166,244,301" step="2"/><U16/><E27/><V17/><F17/><W103/><G103/><T106/><D106/><U5/><E5/><V75/><F42/><W86/><G47/><T133/><D133/><U123/><E123/><V43/><F46/><W81/><G45/><T1/><D1/><U78/><E19/><V109/><F109/><W132/><G132/><T66/><D66/><U135/><E135/><V37/><F43/><W33/><G33/><T35/><D35/><U64/><E64/><V120/><F41/><W107/><G107/><T130/><D130/><U111/><E111/><V113/><F113/><W79/><REACH who="3" step="1"/><G48/><REACH who="3" ten="279,166,244,291" step="2"/><T91/><D91/><AGARI ba="0,2" hai="12,13,53,57,60,69,70,71,79,81,84,86,91,93" machi="91" ten="40,8000,1" yaku="1,1,2,1,52,3,53,0" doraHai="65" doraHaiUra="98" who="3" fromWho="0" sc="279,-80,166,0,244,0,291,100" /><INIT seed="3,0,0,5,0,55" ten="199,166,244,391" oya="3" hai0="80,1,60,99,37,26,48,82,59,69,74,81,132" hai1="33,110,18,106,13,28,89,4,119,103,84,72,36" hai2="126,25,61,12,53,75,30,17,115,31,21,14,114" hai3="19,56,66,90,118,47,34,22,15,10,102,42,57"/><W107/><G34/><T88/><D37/><U116/><E72/><V123/><F75/><W9/><G118/><N who="1" m="45098" /><E36/><V41/><F41/><W8/><G66/><T44/><D1/><U91/><E110/><V2/><F53/><W128/><G128/><T131/><D69/><U43/><E4/><V105/><F61/><W100/><G90/><T58/><D74/><U68/><E68/><V27/><F105/><W135/><G135/><T124/><D131/><U98/><E43/><V77/><F77/><W79/><G79/><T6/><D132/><U109/><E109/><V117/><F117/><W94/><G107/><T130/><D130/><U76/><E28/><N who="2" m="10795" /><F126/><W62/><G62/><T125/><D125/><U16/><E33/><V29/><F2/><W120/><G120/><T113/><D124/><U87/><E76/><V39/><F39/><W129/><G129/><T7/><D113/><N who="2" m="43018" /><F123/><W95/><G42/><N who="0" m="24599" /><D60/><U111/><E111/><V40/><F40/><W108/><G108/><T127/><D127/><U63/><E63/><V133/><F133/><W86/><G47/><T121/><D121/><U101/><E101/><N who="3" m="39018" /><G86/><N who="1" m="32810" /><E18/><V50/><F50/><W112/><G112/><T83/><D83/><U71/><E71/><V97/><F97/><W54/><G54/><T85/><D82/><U93/><E106/><V35/><AGARI ba="0,0" hai="12,14,17,21,25,27,29,35" m="43018,10795" machi="35" ten="30,2000,0" yaku="34,2" doraHai="55" who="2" fromWho="2" sc="199,-5,166,-5,244,20,391,-10" /><INIT seed="4,0,0,3,3,106" ten="194,161,264,381" oya="0" hai0="8,118,79,64,125,44,46,40,16,101,126,96,86" hai1="57,2,72,84,11,76,97,93,134,78,111,128,25" hai2="130,83,47,77,104,62,69,29,56,135,71,7,38" hai3="58,81,34,127,114,121,95,119,75,51,120,43,80"/><T85/><D118/><U48/><E111/><V5/><F104/><W50/><G34/><T15/><D64/><U55/><E128/><V14/><F130/><W20/><G114/><T60/><D60/><U26/><E134/><V123/><F123/><N who="3" m="47179" /><G127/><N who="0" m="48651" /><D79/><U105/><E105/><V116/><F116/><W0/><G0/><T82/><D82/><U1/><E84/><N who="0" m="32361" /><D40/><U35/><E35/><V12/><F135/><W9/><G43/><T133/><D133/><U112/><E112/><V102/><F69/><W53/><G119/><T70/><D70/><U99/><E93/><AGARI ba="0,0" hai="8,15,16,44,46,93,96,101" m="32361,48651" machi="93" ten="30,2900,0" yaku="18,1,54,1" doraHai="106" who="0" fromWho="1" sc="194,29,161,-29,264,0,381,0" /><INIT seed="4,1,0,3,1,103" ten="223,132,264,381" oya="0" hai0="126,89,2,66,90,37,115,77,71,128,28,120,10" hai1="125,100,124,107,39,27,111,52,74,13,62,75,87" hai2="69,0,118,72,25,14,121,12,82,43,22,96,51" hai3="85,92,18,94,20,108,5,57,33,67,76,130,68"/><T15/><D120/><U32/><E39/><V84/><F121/><W11/><G33/><T112/><D37/><U95/><E111/><V19/><F0/><W4/><G68/><T134/><D2/><U119/><E119/><V64/><F72/><W81/><G130/><T24/><D128/><U93/><E13/><V123/><F123/><W63/><G108/><T109/><D109/><U34/><E27/><V135/><F118/><W80/><G80/><T50/><D77/><U21/><E21/><V101/><F135/><W59/><G59/><T97/><D71/><U47/><E87/><V65/><F69/><W131/><G131/><T30/><D66/><N who="2" m="25706" /><F101/><W114/><G114/><N who="0" m="43563" /><D134/><U9/><E100/><V102/><F102/><W132/><G132/><T91/><D126/><U45/><E9/><V31/><F96/><W54/><G67/><T53/><D24/><U110/><E110/><V23/><F43/><W38/><G38/><T117/><D97/><U79/><E79/><N who="2" m="46175" /><F51/><W17/><G17/><N who="0" m="8439" /><D117/><U8/><E62/><V129/><F129/><W3/><G4/><T86/><D86/><U73/><E124/><V105/><F12/><AGARI ba="1,0" hai="3,5,11,12,18,20,54,57,63,76,81,85,92,94" machi="12" ten="30,1000,0" yaku="7,1" doraHai="103" who="3" fromWho="2" sc="223,0,132,0,264,-13,381,13" /><INIT seed="5,0,0,1,4,96" ten="223,132,251,394" oya="1" hai0="60,73,114,5,46,86,111,84,66,44,131,103,48" hai1="27,90,109,34,119,15,8,115,19,77,116,113,93" hai2="50,52,21,122,16,127,0,17,81,12,97,1,106" hai3="118,56,26,18,132,108,47,38,63,24,107,130,36"/><U64/><E64/><V62/><F122/><W2/><G108/><T51/><D111/><U95/><E109/><V10/><F127/><W67/><G2/><T125/><D73/><U25/><E77/><V11/><F62/><W121/><G121/><T23/><D125/><U3/><E3/><V89/><F81/><W30/><G107/><T59/><D114/><N who="1" m="43531" /><E93/><V72/><F72/><W54/><G118/><N who="1" m="45098" /><E34/><V33/><F33/><W101/><G67/><T14/><D131/><U42/><E42/><V57/><F10/><W65/><G130/><T4/><D103/><U110/><E110/><V71/><F71/><W13/><G101/><T43/><D23/><U112/><N who="1" m="43539" /><U55/><DORA hai="29" /><E55/><V83/><F106/><W92/><G54/><T20/><D20/><U126/><E126/><V61/><F50/><W70/><G70/><T69/><D69/><U78/><E78/><V28/><F28/><W134/><G30/><T100/><D43/><U53/><E53/><V82/><F1/><W98/><G92/><T123/><D48/><U45/><E45/><V85/><F0/><W39/><G47/><T87/><D51/><U102/><E102/><V99/><F82/><W79/><G79/><T91/><D100/><U117/><N who="1" m="45106" /><U129/><DORA hai="31" /><E129/><V94/><F83/><W75/><G75/><T128/><D128/><U133/><E133/><N who="3" m="51306" /><G98/><AGARI ba="0,0" hai="8,15,19,25,27,90,95,98" m="45106,43539" machi="98" ten="60,2900,0" yaku="15,1" doraHai="96,29,31" who="1" fromWho="3" sc="223,0,132,29,251,0,394,-29" /><INIT seed="5,1,0,1,4,35" ten="223,161,251,365" oya="1" hai0="27,135,93,56,106,12,108,47,63,126,5,94,4" hai1="73,37,28,53,115,78,48,96,59,100,40,70,66" hai2="16,8,80,20,30,134,42,122,64,41,86,18,71" hai3="72,3,105,107,90,7,24,119,34,6,67,103,57"/><U85/><E73/><V79/><F122/><W87/><G72/><T36/><D106/><U23/><E115/><V29/><F134/><W82/><G119/><T52/><D135/><U102/><E96/><V89/><F71/><W39/><G39/><T1/><D108/><U125/><E125/><V104/><F104/><W32/><G32/><T77/><D126/><U54/><E78/><V132/><F64/><W68/><G57/><T110/><D110/><U65/><E85/><V26/><F132/><W127/><G127/><T45/><D1/><U22/><E37/><V124/><F124/><W123/><G123/><T44/><D36/><U60/><E70/><V75/><F8/><W74/><G74/><T43/><D43/><U33/><E40/><V9/><F41/><W38/><G3/><T81/><D27/><N who="1" m="16503" /><E33/><V97/><F42/><W62/><G38/><T99/><D12/><U131/><E131/><V83/><F97/><N who="3" m="61679" /><G107/><T76/><D94/><U10/><E10/><V84/><F75/><W120/><G120/><T58/><D58/><N who="1" m="33063" /><E23/><V25/><F9/><W98/><G98/><T15/><D77/><U117/><E117/><V50/><REACH who="2" step="1"/><F50/><REACH who="2" ten="223,161,241,365" step="2"/><W130/><G130/><T118/><D118/><U13/><E66/><V49/><F49/><W46/><G46/><T61/><D45/><U21/><E65/><V129/><F129/><W17/><G67/><T69/><D47/><U19/><AGARI ba="1,1" hai="13,19,21,54,59,60,100,102" m="33063,16503" machi="19" ten="30,1500,0" yaku="8,1" doraHai="35" who="1" fromWho="1" sc="223,-6,161,28,241,-6,365,-6" /><INIT seed="5,2,0,5,3,27" ten="217,189,235,359" oya="1" hai0="115,116,22,72,107,82,89,50,9,53,56,110,61" hai1="100,11,99,84,13,130,12,29,34,124,46,69,76" hai2="122,102,33,98,25,119,57,87,81,131,85,129,79" hai3="37,108,35,128,121,95,2,49,134,42,47,45,18"/><U26/><E69/><V40/><F119/><W32/><G2/><T101/><D116/><U126/><E130/><N who="2" m="49675" /><F122/><W23/><G121/><T105/><D110/><U83/><E46/><V96/><F40/><W20/><G108/><T58/><D115/><U135/><E135/><V67/><F87/><W132/><G128/><T17/><D9/><U54/><E54/><V120/><F120/><W51/><G95/><T111/><D111/><U73/><E73/><V66/><F57/><W24/><G37/><T94/><D72/><U92/><REACH who="1" step="1"/><E11/><REACH who="1" ten="217,179,235,359" step="2"/><V55/><F55/><W125/><G134/><T52/><D101/><U118/><E118/><V70/><F70/><W48/><G132/><T117/><D117/><U59/><E59/><V106/><F98/><W8/><G8/><T7/><D7/><U123/><E123/><V71/><F71/><W28/><G125/><AGARI ba="2,1" hai="12,13,26,29,34,76,83,84,92,99,100,124,125,126" machi="125" ten="40,7700,0" yaku="1,1,18,1,52,1,53,0" doraHai="27" doraHaiUra="104" who="1" fromWho="3" sc="217,0,179,93,235,0,359,-83" /><INIT seed="5,3,0,1,4,81" ten="217,272,235,276" oya="1" hai0="63,108,36,126,53,15,26,9,130,58,122,91,118" hai1="104,12,5,123,49,82,85,131,107,88,105,59,13" hai2="111,116,34,66,119,4,101,115,120,3,52,27,84" hai3="51,38,40,61,2,103,7,57,17,128,67,83,55"/><U78/><E131/><V127/><F66/><W32/><G32/><T50/><D118/><U114/><E123/><V68/><F68/><W56/><G128/><T113/><D108/><U19/><E114/><V64/><F64/><W22/><G103/><T70/><D130/><U20/><E5/><V6/><F101/><W41/><G38/><T129/><D129/><U60/><E49/><V14/><F111/><W90/><G7/><T0/><D0/><U42/><E42/><V37/><F37/><W117/><G2/><T93/><D70/><U134/><E134/><V47/><F120/><W75/><G117/><T96/><D122/><U97/><E12/><V23/><F127/><W39/><G39/><T31/><D36/><U89/><REACH who="1" step="1"/><E97/><REACH who="1" ten="217,262,235,276" step="2"/><V100/><F115/><W10/><G41/><T48/><D113/><U35/><E35/><V132/><F132/><W21/><G40/><T124/><D126/><U77/><E77/><V28/><F6/><W65/><G61/><T98/><D124/><U133/><E133/><V29/><F116/><W24/><G24/><T16/><REACH who="0" step="1"/><D98/><REACH who="0" ten="207,262,235,276" step="2"/><U43/><E43/><V45/><F119/><W86/><G51/><T125/><D125/><U46/><E46/><V106/><F45/><W79/><G57/><T11/><D11/><U109/><E109/><V25/><F47/><W112/><G10/><T69/><D69/><U135/><E135/><V102/><F3/><W8/><G8/><T71/><D71/><U99/><E99/><V87/><F4/><W18/><G112/><T74/><D74/><U30/><E30/><V121/><F121/><RYUUKYOKU ba="3,2" sc="207,15,262,15,235,-15,276,-15" hai0="9,15,16,26,31,48,50,53,58,63,91,93,96" hai1="13,19,20,59,60,78,82,85,88,89,104,105,107" /><INIT seed="5,4,2,3,0,127" ten="222,277,220,261" oya="1" hai0="33,25,135,86,9,1,92,3,68,125,106,35,110" hai1="16,82,23,17,32,130,126,26,8,132,129,108,115" hai2="74,67,44,41,76,70,0,4,112,47,131,99,62" hai3="53,52,117,94,49,58,84,134,19,105,45,107,71"/><U114/><E82/><V6/><F112/><N who="1" m="43049" /><E126/><V57/><F99/><W116/><G71/><T48/><D125/><U14/><E108/><V93/><F93/><W123/><G123/><T121/><D110/><U90/><E90/><V27/><F27/><W113/><G134/><T85/><D106/><U65/><E65/><V29/><F29/><W13/><G113/><T133/><D68/><U102/><E102/><V20/><F20/><N who="3" m="11375" /><G94/><T77/><D121/><U54/><E54/><V109/><F109/><W111/><G84/><T60/><D60/><U66/><E66/><V122/><F122/><W83/><G83/><T37/><D37/><U69/><E69/><V36/><F47/><W59/><G45/><T21/><D77/><U46/><E46/><V24/><F24/><W91/><G91/><T78/><D78/><U51/><E51/><V97/><F97/><W2/><G111/><T5/><D1/><U50/><E50/><V104/><F104/><W87/><G87/><N who="0" m="33291" /><D48/><U61/><E61/><V128/><F57/><W81/><G81/><T43/><D43/><U98/><E98/><V79/><F74/><W95/><G2/><T22/><D92/><U119/><E119/><N who="3" m="45642" /><G95/><T89/><D89/><U12/><E132/><N who="0" m="50761" /><D21/><N who="1" m="13615" /><E32/><V40/><F40/><W96/><G96/><T120/><D120/><U75/><E75/><V103/><F103/><W72/><G72/><T56/><D56/><U80/><E80/><V34/><F34/><W100/><G100/><T10/><D10/><U42/><E42/><V11/><F0/><W30/><G58/><T28/><AGARI ba="4,2" hai="3,5,9,22,25,28,33,35" m="50761,33291" machi="28" ten="30,1100,0" yaku="20,1" doraHai="127" who="0" fromWho="0" sc="222,43,277,-9,220,-7,261,-7" /><INIT seed="6,0,0,2,3,109" ten="265,268,213,254" oya="2" hai0="118,32,126,81,79,91,53,47,67,76,95,110,102" hai1="111,65,69,48,122,5,63,30,87,108,3,131,8" hai2="135,0,39,57,55,54,89,116,43,2,44,72,94" hai3="97,115,6,85,45,50,100,82,101,27,128,24,7"/><V62/><F116/><W14/><G128/><T23/><D110/><U33/><E131/><V96/><F72/><W49/><G115/><T22/><D32/><U134/><E134/><V93/><F135/><W59/><G59/><T70/><D118/><U28/><E122/><V51/><REACH who="2" step="1"/><F94/><REACH who="2" ten="265,268,203,254" step="2"/><N who="3" m="58423" /><G101/><T86/><D102/><U40/><E108/><V125/><F125/><W1/><G1/><T42/><D126/><U20/><E3/><V21/><F21/><W104/><G104/><T71/><D22/><U121/><E20/><V9/><F9/><N who="3" m="4407" /><G7/><T60/><D23/><U13/><E5/><V127/><F127/><W31/><G31/><T75/><D53/><U61/><E30/><V35/><F35/><W106/><G106/><T36/><REACH who="0" step="1"/><D76/><REACH who="0" ten="255,268,203,254" step="2"/><U119/><E111/><V105/><F105/><W90/><G24/><T15/><D15/><U107/><E13/><V117/><F117/><W74/><G27/><T99/><D99/><U19/><E119/><V84/><F84/><W38/><G74/><T11/><D11/><U56/><E8/><V26/><F26/><W129/><G129/><T130/><D130/><U66/><E107/><V25/><F25/><W120/><G120/><T46/><D46/><AGARI ba="0,2" hai="0,2,39,43,44,46,51,54,55,57,62,89,93,96" machi="46" ten="30,5800,0" yaku="1,1,7,1,53,1" doraHai="109" doraHaiUra="58" who="2" fromWho="0" sc="255,-58,268,0,203,78,254,0" /><INIT seed="6,1,0,2,5,43" ten="197,268,281,254" oya="2" hai0="112,110,69,98,128,68,100,80,44,63,9,31,67" hai1="129,104,8,16,12,48,88,47,90,55,76,27,86" hai2="51,79,46,96,81,83,113,91,102,58,111,124,33" hai3="131,75,72,57,28,3,65,14,125,118,121,74,6"/><V61/><F33/><W25/><G121/><T114/><D110/><U26/><E104/><V116/><F116/><W97/><G118/><T2/><D128/><U123/><E129/><V99/><F111/><W21/><G131/><T132/><D132/><U89/><E123/><V82/><F113/><N who="0" m="43626" /><D31/><U126/><E126/><V85/><F124/><W11/><G125/><T101/><D68/><U64/><E64/><V15/><F15/><W18/><G97/><N who="2" m="37449" /><F102/><W60/><REACH who="3" step="1"/><G72/><REACH who="3" ten="197,268,281,244" step="2"/><T62/><D98/><U119/><E119/><V109/><F109/><W77/><G77/><T0/><D101/><U66/><E66/><N who="2" m="39223" /><F79/><W17/><G17/><T24/><D100/><U35/><E35/><AGARI ba="1,1" hai="3,6,11,14,18,21,25,28,35,57,60,65,74,75" machi="35" ten="30,8000,1" yaku="1,1,7,1,24,2,53,1" doraHai="43" doraHaiUra="34" who="3" fromWho="1" sc="197,0,268,-83,281,0,244,93" /><INIT seed="7,0,0,1,2,108" ten="197,185,281,337" oya="3" hai0="17,9,94,60,100,64,99,91,116,41,105,2,134" hai1="114,131,46,113,51,62,66,10,49,117,29,89,125" hai2="133,58,93,1,6,96,23,44,24,38,34,14,74" hai3="115,76,97,103,33,119,92,90,124,81,8,11,0"/><W86/><G119/><T42/><D116/><U18/><E125/><V43/><F133/><W122/><G122/><T98/><D134/><U31/><E117/><V40/><F40/><W57/><G33/><T95/><D105/><U85/><E131/><V47/><F47/><W39/><G39/><T82/><D82/><U132/><E132/><V54/><F74/><W37/><G37/><T53/><D53/><U101/><E101/><V75/><F75/><W28/><G28/><T56/><REACH who="0" step="1"/><D17/><REACH who="0" ten="187,185,281,337" step="2"/><U129/><E129/><V111/><F111/><W30/><G81/><T107/><D107/><U13/><E31/><V127/><F127/><W67/><G30/><T25/><D25/><U45/><E29/><V73/><F24/><W83/><G124/><T48/><D48/><U102/><E51/><V104/><F104/><W36/><G83/><T68/><D68/><U110/><E110/><V27/><F27/><W126/><G36/><T7/><AGARI ba="0,1" hai="2,7,9,41,42,56,60,64,91,94,95,98,99,100" machi="7" ten="30,4000,0" yaku="1,1,0,1,53,1" doraHai="108" doraHaiUra="59" who="0" fromWho="0" sc="187,50,185,-10,281,-10,337,-20" owari="237,-16.0,175,-32.0,271,7.0,317,41.0" /></mjloggm>