<mjloggm ver="2.3"><GO type="97"/><UN n0="%E5%B9%B3%E5%92%8C%E3%83%8F%E3%82%A4%E3%83%84" n1="%E5%88%9D%E4%BB%A3%E3%81%9F%E3%81%A3%E3%81%A1%E3%82%83%E3%82%93" n2="%E3%81%B5%E3%81%98%E9%80%9A" n3="%EF%BC%88%E2%89%A7%E2%96%BD%E2%89%A6%EF%BC%89" dan="15,13,14,14" rate="2011,1842,1949,2022" sx="M,M,M,M"/><TAIKYOKU oya="0"/><INIT seed="0,0,0,1,3,128" ten="250,250,250,250" oya="0" hai0="77,101,10,79,36,103,19,26,124,24,39,66,126" hai1="90,2,11,14,12,99,32,118,122,6,85,81,59" hai2="47,50,74,123,57,38,31,125,9,129,113,96,91" hai3="5,89,34,52,67,27,127,0,18,25,92,68,114"/><T46/><D66/><U131/><E122/><V7/><F113/><W21/><G114/><T110/><D46/><U48/><E32/><V62/><F74/><W95/><G127/><N who="0" m="48683" /><D110/><U28/><E118/><V54/><F125/><W13/><G68/><T53/><D53/><U134/><E131/><V55/><F123/><W105/><G105/><T58/><D58/><U100/><E28/><V116/><F129/><W87/><G67/><T3/><D19/><U82/><E134/><V60/><F116/><W117/><G117/><T49/><D49/><U84/><E59/><V61/><F31/><N who="3" m="19823" /><G27/><N who="0" m="10283" /><D10/><U111/><E48/><V63/><F96/><W43/><G43/><T35/><D3/><U56/><E111/><V8/><F91/><W107/><G52/><N who="2" m="20009" /><F7/><W80/><G107/><T108/><D35/><U33/><E56/><V75/><F75/><W119/><G119/><T135/><D108/><U16/><E33/><V51/><F9/><AGARI ba="0,0" hai="0,5,9,13,18,21,80,87,89,92,95" m="19823" machi="9" ten="30,1000,0" yaku="24,1" doraHai="128" who="3" fromWho="2" sc="250,0,250,0,250,-10,250,10" /><INIT seed="1,0,0,2,5,95" ten="250,250,240,260" oya="1" hai0="88,26,29,119,77,55,81,113,37,17,33,75,121" hai1="13,68,135,18,122,85,56,120,105,12,27,84,10" hai2="102,38,49,40,65,130,8,60,98,14,125,109,79" hai3="112,25,34,86,99,66,5,104,1,7,48,123,133"/><U78/><E105/><V51/><F109/><W21/><G112/><T50/><D119/><U23/><E68/><V16/><F130/><W76/><G123/><T41/><D121/><U101/><E135/><V89/><F125/><W100/><G133/><T63/><D113/><U30/><E101/><V64/><F79/><W90/><G34/><T71/><D37/><U110/><E110/><V131/><F131/><W62/><G48/><T128/><D128/><U111/><E111/><V73/><F73/><W35/><G76/><T118/><D118/><U4/><E78/><V103/><F38/><W115/><G115/><T92/><D41/><U116/><E116/><V20/><F40/><W0/><G0/><T28/><D28/><U44/><E44/><V94/><F60/><W87/><G1/><T74/><D74/><U132/><E132/><V11/><F51/><W19/><G86/><T6/><D6/><U127/><E127/><V42/><F49/><W39/><G35/><T9/><D63/><U47/><E122/><V24/><F42/><W117/><G39/><T59/><D71/><U83/><E120/><V22/><F22/><W134/><G134/><T2/><D2/><U52/><E47/><V61/><F61/><W72/><G72/><T43/><D43/><U54/><E83/><V46/><F46/><W3/><G3/><T69/><D69/><U96/><E96/><V31/><F8/><W57/><REACH who="3" step="1"/><G117/><REACH who="3" step="2"/><T15/><D75/><U36/><E36/><V32/><F32/><W70/><G70/><T80/><D77/><U45/><E45/><V97/><F97/><AGARI ba="0,1" hai="9,15,17,26,29,33,50,55,59,80,81,88,92,97" machi="97" ten="30,7700,0" yaku="6,1,7,1,52,1,54,1" doraHai="95" who="0" fromWho="2" sc="250,87,250,0,240,-77,250,0" /><INIT seed="2,0,0,2,1,26" ten="337,250,163,250" oya="2" hai0="17,34,91,70,64,69,67,2,60,99,36,101,28" hai1="51,85,88,56,10,134,6,24,43,106,23,76,52" hai2="112,20,129,79,3,84,77,98,128,74,31,46,35" hai3="95,119,13,97,58,107,16,133,103,105,90,7,135"/><V121/><F3/><W57/><G119/><T127/><D2/><U93/><E106/><N who="3" m="40458" /><G103/><T80/><D36/><U81/><E134/><N who="3" m="51210" /><G7/><T124/><D101/><U94/><E43/><V48/><F35/><W38/><G38/><T116/><D116/><U55/><E76/><V89/><F121/><W122/><G122/><T50/><D50/><U78/><E78/><V22/><F112/><W109/><G109/><T68/><D67/><U40/><E40/><N who="2" m="24647" /><F74/><W61/><G61/><T131/><D131/><N who="2" m="50250" /><F98/><W1/><G1/><T44/><D99/><U25/><E24/><N who="2" m="16775" /><F22/><AGARI ba="0,0" hai="13,16,22,57,58,90,95,97" m="51210,40458" machi="22" ten="30,2000,0" yaku="20,1,54,1" doraHai="26" who="3" fromWho="2" sc="337,0,250,0,163,-20,250,20" /><INIT seed="3,0,0,5,1,86" ten="337,250,143,270" oya="3" hai0="68,74,114,29,53,35,103,72,48,131,123,7,8" hai1="100,127,57,106,116,104,9,113,122,108,124,90,21" hai2="49,50,14,52,85,120,62,93,112,102,129,0,15" hai3="78,31,58,67,11,38,118,24,75,71,59,44,73"/><W134/><G71/><T42/><D123/><U47/><E122/><V121/><F112/><W34/><G134/><T65/><D114/><U109/><E113/><V32/><F120/><W80/><G118/><T83/><D131/><U28/><E9/><V70/><F121/><W25/><G73/><T88/><D103/><U10/><E10/><V87/><F32/><W27/><G11/><T37/><D35/><U66/><E47/><V16/><F0/><W4/><G4/><T60/><D29/><U1/><E1/><V26/><F129/><W39/><G39/><T95/><D83/><U61/><E116/><V107/><F107/><W92/><G92/><T110/><D110/><N who="1" m="42603" /><E100/><V40/><F40/><W133/><G133/><T18/><D18/><U96/><E96/><V63/><F70/><W20/><G67/><T43/><D43/><U45/><E45/><V105/><F105/><W126/><G126/><N who="1" m="48170" /><E90/><N who="2" m="53455" /><F102/><W132/><G132/><T97/><D37/><U12/><E12/><N who="2" m="4651" /><F87/><W115/><G115/><T17/><D74/><U46/><E46/><N who="2" m="27703" /><F50/><W3/><G3/><T125/><D48/><U89/><E89/><V91/><F91/><W101/><G101/><T51/><D88/><U98/><E98/><V41/><F41/><W69/><G38/><T13/><D125/><U30/><E30/><V84/><F84/><W94/><G31/><T22/><D72/><U56/><E57/><V79/><F79/><W99/><G59/><T36/><D68/><U128/><E128/><V19/><F26/><AGARI ba="0,0" hai="21,26,28,56,61,66,104,106" m="48170,42603" machi="26" ten="30,2000,0" yaku="14,1,18,1" doraHai="86" who="1" fromWho="2" sc="337,0,250,20,143,-20,270,0" owari="337,44,270,7,123,-38,270,-13" /></mjloggm>