<mjloggm ver="2.3"><GO type="41"/><UN n0="%E3%82%A6%E3%83%AB%E3%83%88%E3%83%A9%E7%AB%8B%E7%9B%B4" n1="%E3%81%B8%E3%81%9F%E3%82%8C%E3%81%AA%E3%83%8D%E3%82%BA%E3%83%9F" n2="%E3%83%AD%E3%83%AA%E3%81%A7%E3%81%99%EF%BC%81" n3="%76%69%73%6F%62%61%6D%62" dan="15,13,14,15" rate="1992,1854,1911,1996" sx="M,M,M,F"/><TAIKYOKU oya="0"/><INIT seed="0,0,0,3,4,21" ten="250,250,250,250" oya="0" hai0="75,37,93,95,99,119,55,35,64,83,94,62,65" hai1="134,78,38,14,122,57,11,117,17,61,45,104,124" hai2="40,13,34,47,50,30,43,77,52,84,113,101,2" hai3="0,128,100,96,121,112,123,20,41,109,67,54,130"/><T32/><D37/><U125/><E122/><N who="3" m="46602" /><G0/><T39/><D39/><U89/><E117/><V27/><F113/><W92/><G41/><T29/><D119/><U129/><E104/><V4/><F2/><W133/><G112/><T18/><D99/><U110/><E78/><V68/><F68/><W10/><G10/><T5/><D5/><U24/><E38/><V19/><F101/><W72/><G72/><T127/><D83/><U6/><E45/><V9/><F4/><W22/><G67/><N who="0" m="25675" /><D29/><U1/><E110/><V66/><F66/><W88/><G109/><T131/><D75/><U53/><E134/><V76/><F76/><W15/><G133/><T60/><D55/><U79/><E79/><V49/><F49/><W74/><G74/><T126/><D18/><U48/><E129/><N who="3" m="49770" /><G54/><T81/><D131/><U108/><E108/><V71/><REACH who="2" step="1"/><F71/><REACH who="2" ten="250,250,240,250" step="2"/><W69/><G69/><T12/><D60/><U3/><E61/><V90/><F90/><W118/><G118/><T58/><D62/><U107/><E89/><V132/><F132/><W80/><G100/><T63/><D63/><U103/><E103/><V106/><F106/><W111/><G111/><T85/><D58/><U51/><E107/><V114/><F114/><W91/><G91/><T116/><D116/><U115/><E48/><V120/><F120/><W23/><G80/><AGARI ba="0,1" hai="9,13,19,27,30,34,40,43,47,50,52,77,80,84" machi="80" ten="40,5200,0" yaku="1,1,52,1,54,1,53,0" doraHai="21" doraHaiUra="102" who="2" fromWho="3" sc="250,0,250,0,240,62,250,-52" /><INIT seed="1,0,0,4,0,24" ten="250,250,302,198" oya="1" hai0="57,84,108,48,14,85,114,39,16,35,70,122,83" hai1="133,10,25,30,49,50,80,89,20,47,135,8,88" hai2="90,13,121,62,113,15,59,52,78,107,110,76,95" hai3="9,60,3,112,102,42,82,117,5,7,120,33,101"/><U65/><E65/><V124/><F121/><W71/><G120/><T100/><D39/><U132/><E80/><V51/><F113/><W68/><G112/><T97/><D70/><U103/><E103/><V73/><F107/><W56/><G117/><T104/><D114/><U44/><E44/><V11/><F110/><W129/><G129/><T115/><D35/><U64/><E64/><V12/><F124/><W91/><G7/><T131/><D108/><U55/><REACH who="1" step="1"/><E50/><REACH who="1" ten="250,240,302,198" step="2"/><V106/><F51/><W28/><G101/><T45/><D115/><U119/><E119/><V23/><F106/><W96/><G102/><T2/><D122/><U105/><E105/><V19/><F73/><W69/><G82/><T125/><D104/><U38/><E38/><V79/><F11/><AGARI ba="0,1" hai="8,10,11,20,25,30,47,49,55,88,89,132,133,135" machi="11" ten="40,12000,1" yaku="1,1,20,1,52,1,54,1,53,0" doraHai="24" doraHaiUra="109" who="1" fromWho="2" sc="250,0,240,130,302,-120,198,0" /><INIT seed="1,1,0,3,3,121" ten="250,370,182,198" oya="1" hai0="41,36,107,78,17,119,21,111,72,28,24,51,40" hai1="123,97,12,22,19,1,2,61,101,35,45,113,120" hai2="76,104,95,10,80,32,86,122,42,54,60,47,115" hai3="125,25,39,79,27,85,38,130,23,59,70,26,43"/><U34/><E113/><V37/><F122/><W16/><G70/><T56/><D107/><U67/><E45/><V55/><F104/><W103/><G125/><T69/><D69/><U89/><E123/><V33/><F115/><W100/><G130/><T84/><D72/><U108/><E108/><V118/><F118/><W75/><G75/><T87/><D36/><U18/><E120/><V91/><F10/><W116/><G116/><T131/><D119/><U30/><E89/><V58/><REACH who="2" step="1"/><F55/><REACH who="2" ten="250,370,172,198" step="2"/><W57/><G43/><T66/><D41/><U15/><E35/><V31/><F31/><W5/><G5/><T99/><D40/><U132/><E132/><V82/><F82/><N who="3" m="47327" /><G39/><T83/><D28/><U49/><E30/><V128/><F128/><W50/><G38/><T11/><D11/><U109/><E49/><V124/><F124/><W6/><G6/><T92/><D131/><U63/><E34/><V20/><F20/><W8/><G8/><T73/><D51/><U102/><E63/><V4/><F4/><W13/><G50/><T135/><D135/><U53/><E1/><V48/><F48/><W7/><G7/><T112/><D112/><U90/><E2/><V98/><AGARI ba="1,1" hai="32,33,37,42,47,54,58,60,76,80,86,91,95,98" machi="98" ten="20,2700,0" yaku="1,1,0,1,7,1,53,0" doraHai="121" doraHaiUra="62" who="2" fromWho="2" sc="250,-8,370,-14,172,40,198,-8" /><INIT seed="2,0,0,0,0,120" ten="242,356,212,190" oya="2" hai0="115,74,30,5,40,34,43,111,129,59,113,89,108" hai1="85,23,100,121,88,132,135,56,26,131,123,51,78" hai2="16,82,25,49,90,4,36,75,33,1,93,9,83" hai3="32,46,20,57,91,60,106,29,87,44,94,80,107"/><V28/><F36/><W39/><G32/><T53/><D5/><U0/><E100/><V55/><F75/><W68/><G68/><T112/><D74/><U103/><E103/><V47/><F16/><W105/><G39/><T128/><D89/><U10/><E78/><V70/><REACH who="2" step="1"/><F70/><REACH who="2" ten="242,356,202,190" step="2"/><W37/><G37/><T77/><D30/><U15/><E131/><N who="0" m="50249" /><D34/><U21/><E121/><V63/><F63/><W13/><G29/><T86/><D86/><AGARI ba="0,1" hai="1,4,9,25,28,33,47,49,55,82,83,86,90,93" machi="86" ten="30,5800,0" yaku="1,1,7,1,53,1" doraHai="120" doraHaiUra="41" who="2" fromWho="0" sc="242,-58,356,0,202,68,190,0" /><INIT seed="2,1,0,2,4,117" ten="184,356,270,190" oya="2" hai0="120,28,42,27,60,29,3,83,74,62,110,51,67" hai1="45,127,20,85,64,58,121,55,17,25,18,43,103" hai2="71,131,70,86,68,9,49,38,69,39,47,111,97" hai3="34,66,72,115,134,77,7,114,1,91,46,16,76"/><V24/><F97/><W52/><G34/><T89/><D3/><U82/><E127/><V135/><F135/><W22/><G134/><T14/><D110/><U37/><E121/><V94/><F9/><W98/><G66/><T88/><D120/><U31/><E103/><V93/><F111/><W50/><G1/><T59/><D74/><U118/><E118/><V133/><F133/><W63/><G7/><T5/><D62/><U75/><E75/><V21/><F131/><W109/><G109/><T23/><D29/><U84/><E64/><V129/><F129/><W33/><G33/><T2/><D2/><U123/><E123/><V130/><F130/><W116/><G116/><T73/><D73/><U92/><E92/><V15/><F15/><N who="3" m="9503" /><G72/><T32/><D83/><U78/><REACH who="1" step="1"/><E85/><REACH who="1" ten="184,346,270,190" step="2"/><V53/><N who="2" m="17920" /><DORA hai="41" /><V113/><F113/><W119/><G119/><T87/><D87/><U124/><E124/><V122/><F122/><W99/><G114/><T10/><D32/><U12/><E12/><V57/><F86/><W65/><G115/><T35/><D35/><U112/><E112/><V102/><F94/><N who="3" m="56671" /><G99/><T19/><D5/><U6/><E6/><V56/><F102/><W96/><G96/><T80/><D80/><U54/><E54/><V11/><F93/><W126/><G126/><T90/><D42/><U104/><E104/><V13/><F39/><W95/><G95/><T105/><D105/><U30/><E30/><V81/><F38/><W61/><G65/><T128/><D128/><U108/><E108/><V8/><F13/><W36/><G52/><N who="0" m="32159" /><D67/><U0/><E0/><RYUUKYOKU ba="1,1" sc="184,15,346,15,270,-15,190,-15" hai0="10,14,19,23,27,28,60,88,89,90" hai1="17,18,20,25,31,37,43,45,55,58,78,82,84" /><INIT seed="3,2,1,3,5,17" ten="199,361,255,175" oya="3" hai0="53,27,64,58,112,109,45,82,1,110,68,72,9" hai1="98,16,62,119,95,129,135,40,31,59,100,15,30" hai2="132,6,69,10,5,85,47,88,78,71,111,122,125" hai3="104,105,94,130,0,83,74,115,128,113,26,126,24"/><W28/><G0/><T44/><D112/><U37/><E129/><N who="3" m="49770" /><G126/><T18/><D64/><U93/><E135/><V11/><F111/><N who="0" m="42506" /><D68/><U33/><E119/><V70/><F125/><W55/><G55/><T127/><D127/><U134/><E134/><V22/><F132/><W102/><G94/><T3/><D27/><N who="3" m="10281" /><G28/><T77/><D18/><U133/><E33/><V80/><F122/><W103/><G74/><T60/><D9/><U51/><E37/><V48/><F22/><W107/><G83/><T54/><D54/><U35/><E35/><V57/><F57/><W36/><G36/><T114/><D114/><AGARI ba="2,1" hai="102,103,104,105,107,113,114,115" m="10281,49770" machi="114" ten="40,7700,0" yaku="28,2,19,1" doraHai="17" who="3" fromWho="0" sc="199,-83,361,0,255,0,175,93" /><INIT seed="3,3,0,1,5,83" ten="116,361,255,268" oya="3" hai0="121,127,118,90,35,64,3,58,120,85,112,9,133" hai1="13,111,62,100,47,116,54,84,101,96,49,98,23" hai2="130,79,33,110,70,102,119,134,22,52,88,60,82" hai3="86,66,2,51,40,129,117,128,39,46,80,41,59"/><W48/><G117/><T108/><D35/><U55/><E111/><V27/><F119/><W1/><G40/><T71/><D71/><U69/><E69/><V93/><F110/><W103/><G103/><T114/><D108/><U73/><E116/><V125/><F33/><W113/><G113/><N who="0" m="43627" /><D118/><U20/><E73/><V94/><F125/><W42/><G42/><T16/><D127/><U38/><E38/><V132/><F70/><W8/><G66/><T135/><D58/><N who="1" m="35167" /><E101/><V34/><F34/><W14/><G59/><T87/><D64/><U4/><E100/><V12/><F12/><W45/><G39/><T37/><D37/><U57/><E47/><V36/><F36/><W67/><G67/><T61/><D61/><U32/><E32/><V68/><F68/><W107/><G107/><T76/><D76/><U65/><E65/><V105/><F105/><W5/><G46/><T75/><D75/><U10/><E84/><N who="0" m="32329" /><D90/><U89/><E98/><V56/><F88/><W109/><G109/><T6/><D16/><U72/><E72/><V63/><F63/><W131/><G48/><T122/><AGARI ba="3,0" hai="3,6,9,120,121,122,133,135" m="32329,43627" machi="122" ten="40,8000,1" yaku="11,1,52,3" doraHai="83" who="0" fromWho="0" sc="116,89,361,-23,255,-23,268,-43" /><INIT seed="4,0,0,0,4,85" ten="205,338,232,225" oya="0" hai0="91,20,11,53,88,76,29,98,1,75,37,42,133" hai1="116,109,83,119,130,65,50,31,87,104,9,120,54" hai2="41,52,25,77,67,78,131,46,103,106,122,4,33" hai3="27,2,36,74,129,14,13,117,72,101,134,124,12"/><T40/><D37/><U63/><E109/><V81/><F122/><W132/><G117/><T68/><D68/><U61/><E120/><V92/><F131/><W44/><G2/><T34/><D34/><U79/><E104/><V47/><F106/><W3/><G3/><T86/><D75/><U113/><E130/><V66/><F4/><W107/><G129/><T126/><D1/><U23/><E113/><V28/><F78/><W115/><G115/><T24/><D133/><N who="3" m="51305" /><G124/><T57/><D126/><U99/><E99/><V15/><F15/><W95/><G107/><T0/><D0/><U30/><E9/><V38/><F92/><W43/><G27/><T73/><D73/><U90/><E79/><V80/><F103/><W55/><G55/><T84/><D11/><U128/><E128/><V121/><F121/><W105/><G105/><T123/><D123/><U51/><E51/><V69/><F69/><W39/><G36/><T64/><D64/><U111/><E111/><V71/><F71/><W18/><G18/><T59/><D98/><AGARI ba="0,0" hai="12,13,14,39,43,44,72,74,95,98,101" m="51305" machi="98" ten="30,1000,0" yaku="20,1" doraHai="85" who="3" fromWho="0" sc="205,-10,338,0,232,0,225,10" /><INIT seed="5,0,0,1,4,127" ten="195,338,232,235" oya="1" hai0="11,50,15,117,79,92,121,78,55,44,107,96,53" hai1="48,14,63,35,27,45,52,57,124,98,113,97,76" hai2="102,56,71,106,29,54,20,9,91,37,1,101,108" hai3="22,65,67,93,0,10,12,34,28,84,81,120,100"/><U33/><E113/><V4/><F108/><W47/><G120/><T90/><D107/><U6/><E124/><V95/><F71/><W118/><G0/><T7/><D117/><U39/><E76/><V123/><F123/><W115/><G115/><T109/><D109/><U8/><E39/><V25/><F37/><W130/><G34/><T62/><D121/><U85/><E35/><V83/><F83/><W60/><G47/><T125/><D125/><U94/><E33/><V77/><F77/><W82/><G118/><T32/><D32/><U19/><E27/><V3/><F3/><W2/><G2/><T89/><D62/><U122/><E122/><V105/><F105/><W68/><G65/><T75/><D75/><U110/><E110/><V23/><F23/><W46/><G46/><T51/><REACH who="0" step="1"/><D90/><REACH who="0" ten="185,338,232,235" step="2"/><N who="1" m="53583" /><E6/><V86/><F106/><W128/><G60/><AGARI ba="0,1" hai="1,4,9,20,25,29,54,56,60,86,91,95,101,102" machi="60" ten="30,1000,0" yaku="7,1" doraHai="127" who="2" fromWho="3" sc="185,0,338,0,232,20,235,-10" /><INIT seed="6,0,0,4,1,133" ten="185,338,252,225" oya="2" hai0="111,12,92,121,29,35,71,50,15,103,1,49,119" hai1="22,9,59,79,73,69,74,41,39,128,42,114,19" hai2="40,95,67,132,23,104,2,96,94,21,5,56,112" hai3="66,90,11,110,86,93,54,130,7,10,36,30,118"/><V14/><F132/><W77/><G110/><T58/><D71/><U113/><E69/><V24/><F2/><W68/><G118/><T91/><D1/><U57/><E9/><N who="2" m="4399" /><F104/><W72/><G36/><T126/><D111/><U80/><E128/><V81/><F112/><N who="1" m="43113" /><E73/><V75/><F75/><W28/><G77/><T102/><D121/><U61/><E39/><V99/><F40/><N who="1" m="15465" /><E61/><N who="2" m="38311" /><F81/><W51/><G72/><T38/><D38/><U55/><E55/><V131/><F131/><W115/><G115/><T0/><D0/><U63/><E63/><V60/><F60/><W70/><G66/><T34/><D119/><U37/><E37/><V122/><F122/><W88/><G54/><T123/><D123/><U43/><N who="1" m="15473" /><U120/><DORA hai="106" /><E120/><V134/><F134/><W27/><G68/><T62/><D62/><U107/><E107/><V47/><F47/><W3/><G70/><T78/><D58/><U109/><E109/><V52/><F52/><W82/><G51/><T85/><D50/><U44/><E44/><V48/><F48/><W25/><G11/><T76/><D49/><U105/><E105/><V16/><F23/><W18/><G10/><T6/><D34/><U8/><E8/><V84/><F84/><W97/><G86/><T117/><D35/><U4/><E4/><V124/><F124/><W87/><G7/><T20/><D126/><U129/><E129/><V101/><F101/><N who="0" m="38410" /><D117/><U89/><E89/><V65/><F65/><W135/><G135/><T100/><N who="0" m="38418" /><T17/><DORA hai="26" /><D29/><N who="3" m="11369" /><G130/><T127/><D127/><U116/><E116/><V46/><F46/><RYUUKYOKU ba="0,0" sc="185,10,338,10,252,10,225,-30" hai0="6,12,15,17,20,76,78,85,91,92" hai1="19,22,57,59,74,79,80" hai2="16,21,24,94,95,96,99" /><INIT seed="6,1,0,3,4,103" ten="195,348,262,195" oya="2" hai0="55,72,134,32,63,16,97,88,57,79,15,35,49" hai1="67,73,121,98,53,92,39,86,43,42,33,124,52" hai2="59,27,91,18,14,62,131,34,117,7,101,44,61" hai3="109,119,99,68,70,1,4,46,22,10,118,128,115"/><V85/><F117/><W129/><G109/><T3/><D3/><U40/><E124/><V56/><F131/><N who="3" m="50251" /><G115/><T8/><D134/><U69/><E73/><V36/><F101/><W123/><G123/><T76/><D72/><U132/><E33/><V127/><F127/><W106/><G46/><T130/><D130/><U112/><E112/><V58/><F36/><W5/><G5/><T105/><D35/><U95/><E121/><V78/><F78/><W54/><G54/><T84/><D32/><U47/><E132/><V9/><F44/><W94/><G22/><T31/><D31/><U17/><E86/><V133/><F133/><W96/><G94/><T83/><D105/><U2/><E2/><V113/><F113/><W38/><G38/><T23/><D97/><N who="3" m="37449" /><G106/><T120/><D120/><U126/><E126/><V108/><F108/><W12/><G1/><T87/><D87/><U114/><E114/><V41/><F41/><W77/><G77/><T29/><D63/><U80/><E47/><V110/><F110/><W75/><G75/><T26/><AGARI ba="1,0" hai="8,15,16,23,26,29,49,55,57,76,79,83,84,88" machi="26" ten="30,7900,0" yaku="0,1,8,1,54,2" doraHai="103" who="0" fromWho="0" sc="195,82,348,-21,262,-40,195,-21" /><INIT seed="7,0,0,1,1,60" ten="277,327,222,174" oya="3" hai0="44,25,98,52,15,69,122,30,70,131,31,74,81" hai1="130,39,36,2,68,90,8,114,72,64,96,104,135" hai2="106,21,76,118,87,65,14,61,63,82,29,5,88" hai3="123,78,22,6,75,105,11,84,3,107,28,42,12"/><W7/><G123/><T24/><D122/><U46/><E114/><V95/><F118/><W111/><G111/><T112/><D131/><U120/><E120/><V80/><F106/><W127/><G127/><T32/><D81/><U54/><E135/><V100/><F100/><W13/><G75/><T38/><D74/><U109/><E109/><V83/><F63/><W73/><G73/><T19/><D98/><U134/><E130/><V0/><F0/><W71/><G71/><T128/><D128/><U1/><E134/><V45/><F45/><W41/><G107/><T113/><D38/><U89/><E72/><V67/><F61/><W27/><G105/><T79/><D79/><U40/><E36/><V35/><F35/><W108/><G108/><T23/><D69/><U56/><E8/><V51/><F51/><W66/><G3/><T126/><D70/><U37/><E37/><V26/><F76/><W92/><G66/><T125/><D52/><U33/><E64/><V77/><F77/><W4/><G12/><T18/><D44/><U17/><E33/><V93/><F93/><W58/><G58/><T9/><D19/><U124/><E124/><AGARI ba="0,0" hai="9,15,18,23,24,25,30,31,32,112,113,124,125,126" machi="124" ten="40,8000,1" yaku="18,1,34,3" doraHai="60" who="0" fromWho="1" sc="277,80,327,-80,222,0,174,0" owari="357,46.0,247,5.0,222,-18.0,174,-33.0" /></mjloggm>