<mjloggm ver="2.3"><GO type="41"/><UN n0="%66%63%64" n1="%47%77%69%6E%6F%4D%69%69" n2="%63%61%7A%61%69%6E" n3="%E3%82%A6%E3%83%AB%E3%83%88%E3%83%A9%E7%AB%8B%E7%9B%B4" dan="14,14,15,15" rate="1860,1955,2000,2019" sx="M,F,M,M"/><TAIKYOKU oya="0"/><INIT seed="0,0,0,4,5,12" ten="250,250,250,250" oya="0" hai0="105,45,82,46,38,3,54,100,71,41,59,28,44" hai1="128,108,51,74,72,33,127,40,132,83,104,96,39" hai2="111,35,130,36,119,116,29,107,58,99,94,9,64" hai3="24,85,112,98,87,61,11,47,57,13,62,114,106"/><T75/><D3/><U50/><E33/><V118/><F9/><W52/><G112/><T95/><D105/><U37/><E108/><V55/><F36/><W63/><G114/><T135/><D135/><U25/><E127/><V125/><F64/><W124/><G124/><T31/><D71/><U91/><E72/><V15/><F15/><W21/><G47/><T92/><D38/><U6/><E51/><V22/><F35/><W126/><G126/><T101/><D41/><U23/><E39/><V26/><F125/><W60/><G98/><T67/><D67/><U117/><E50/><N who="2" m="31095" /><F107/><W123/><G106/><T93/><D75/><U69/><E74/><V89/><F130/><W90/><G123/><T42/><D42/><U1/><E40/><V18/><F111/><W68/><G68/><T27/><D82/><U113/><E69/><V0/><F0/><W129/><G129/><T97/><D97/><U134/><E96/><V5/><F5/><N who="3" m="3311" /><G90/><T131/><D131/><U133/><E91/><V84/><F99/><W76/><G76/><T17/><D17/><AGARI ba="0,0" hai="17,18,22,26,29,84,89,94,116,118,119" m="31095" machi="17" ten="30,3900,0" yaku="12,1,52,2" doraHai="12" who="2" fromWho="0" sc="250,-39,250,0,250,39,250,0" /><AGARI ba="0,0" hai="17,21,24,52,57,60,61,62,63,85,87" m="3311" machi="17" ten="30,3900,0" yaku="8,1,52,1,54,1" doraHai="12" who="3" fromWho="0" sc="211,-39,250,0,289,0,250,39" /><INIT seed="1,0,0,5,1,96" ten="172,250,289,289" oya="1" hai0="109,135,87,54,69,104,125,59,62,25,48,10,33" hai1="43,20,117,88,123,68,76,63,100,71,6,23,97" hai2="31,45,46,9,90,78,84,13,15,93,29,79,82" hai3="64,3,92,49,14,35,41,57,80,113,38,116,101"/><U102/><E123/><V58/><F58/><W30/><G3/><T107/><D109/><U28/><E117/><V11/><F93/><W118/><G113/><T51/><D125/><U7/><E76/><V115/><F115/><W85/><G38/><T40/><D135/><U111/><E43/><V72/><F72/><W103/><G92/><T0/><D69/><N who="1" m="26699" /><E88/><V132/><F132/><W122/><G35/><T5/><D87/><U52/><E28/><V94/><F94/><W130/><G122/><T73/><D73/><U47/><E111/><V16/><F79/><N who="3" m="46239" /><G130/><T55/><D40/><U37/><E97/><V26/><F78/><W32/><G32/><T134/><D134/><U75/><E75/><V105/><F105/><W89/><G89/><T50/><D55/><U24/><E24/><V4/><REACH who="2" step="1"/><F31/><REACH who="2" ten="172,250,279,289" step="2"/><W133/><G30/><T83/><D83/><U8/><E47/><V95/><F95/><W39/><G133/><T99/><D107/><U120/><E120/><V124/><F124/><W119/><G119/><T36/><D104/><U74/><E74/><V44/><F44/><N who="3" m="25743" /><G118/><T12/><D99/><U34/><E37/><V2/><F2/><W56/><G39/><T121/><D36/><U67/><E67/><V114/><F114/><W108/><G116/><T128/><D121/><U70/><E63/><V61/><F61/><N who="3" m="37927" /><G108/><T98/><D98/><U22/><E70/><V19/><F19/><W91/><G57/><T21/><D0/><U110/><E110/><V131/><F131/><W1/><G1/><T65/><D128/><U126/><E126/><V112/><F112/><RYUUKYOKU ba="0,1" sc="172,-10,250,-10,279,30,289,-10" hai2="4,9,11,13,15,16,26,29,45,46,82,84,90" /><INIT seed="2,1,1,4,4,110" ten="162,240,309,279" oya="2" hai0="117,7,59,87,73,113,99,69,81,62,100,47,72" hai1="63,11,54,90,101,66,70,115,119,124,1,126,58" hai2="95,21,38,135,109,46,49,97,44,64,8,19,96" hai3="132,112,55,83,45,34,134,80,128,78,65,60,17"/><V25/><F8/><W4/><G34/><T129/><D129/><U106/><E106/><V77/><F77/><W86/><G128/><T53/><D117/><U5/><E119/><V37/><F135/><N who="3" m="51755" /><G4/><T68/><D7/><U56/><E101/><V52/><F109/><W36/><G17/><T103/><D103/><U111/><E111/><V35/><F35/><W18/><G18/><T6/><D6/><U108/><E108/><V29/><F19/><W26/><G26/><T48/><D69/><U116/><E116/><V114/><F114/><W121/><G121/><T31/><D113/><U120/><E120/><V32/><F32/><W122/><G122/><T23/><D68/><U67/><E70/><V10/><F10/><W33/><G33/><T118/><D118/><U125/><E11/><V89/><F64/><W28/><G28/><T74/><D31/><U22/><E5/><V30/><F30/><W88/><G112/><T92/><D23/><U84/><E1/><V24/><F24/><W50/><G36/><T76/><REACH who="0" step="1"/><D73/><REACH who="0" ten="152,240,309,279" step="2"/><U0/><E22/><V39/><REACH who="2" step="1"/><F46/><REACH who="2" ten="152,240,299,279" step="2"/><W27/><G27/><T133/><D133/><U41/><E125/><V130/><F130/><W98/><G45/><T43/><AGARI ba="1,3" hai="43,47,48,53,59,62,72,74,76,81,87,92,99,100" machi="43" ten="20,5200,0" yaku="1,1,0,1,7,1,53,1" doraHai="110" doraHaiUra="42" who="0" fromWho="0" sc="152,85,240,-14,299,-27,279,-14" /><INIT seed="3,0,0,4,4,37" ten="237,226,272,265" oya="3" hai0="28,61,90,94,100,53,62,63,128,55,133,12,42" hai1="115,76,102,112,35,7,50,47,65,57,74,18,13" hai2="111,51,52,56,0,24,45,81,68,19,38,34,15" hai3="6,9,125,40,26,73,67,33,79,107,99,29,131"/><W109/><G125/><T59/><D133/><U120/><E120/><V2/><F81/><W84/><G131/><T58/><D128/><U91/><E35/><V98/><F98/><W46/><G67/><T124/><D124/><U95/><E7/><V103/><F103/><W4/><G4/><T36/><D100/><U48/><E76/><V17/><F68/><W66/><G66/><T119/><D119/><U106/><E106/><V43/><F111/><W121/><G121/><T72/><D72/><U108/><E102/><V113/><F113/><W49/><G109/><T69/><D28/><U10/><E74/><V126/><F126/><W75/><G99/><T39/><D12/><U93/><E108/><V117/><F117/><W122/><G107/><T96/><D69/><U97/><E95/><V116/><F116/><W118/><G122/><T110/><D110/><U87/><E87/><V20/><REACH who="2" step="1"/><F34/><REACH who="2" ten="237,226,262,265" step="2"/><W31/><G118/><T14/><D96/><U123/><E123/><V71/><F71/><W114/><G114/><T105/><D105/><U135/><E112/><V130/><F130/><W41/><G75/><T11/><D94/><U134/><E115/><V132/><F132/><W30/><G73/><T5/><D90/><U8/><E135/><V70/><F70/><W104/><G104/><T16/><D5/><U22/><E134/><V54/><F54/><W82/><REACH who="3" step="1"/><G41/><REACH who="3" ten="237,226,262,255" step="2"/><T85/><D42/><N who="1" m="24695" /><E65/><V127/><F127/><W78/><G78/><T23/><D55/><AGARI ba="0,2" hai="8,10,13,18,22,50,55,57,91,93,97" m="24695" machi="55" ten="30,2000,0" yaku="8,1,52,1" doraHai="37" who="1" fromWho="0" sc="237,-20,226,40,262,0,255,0" /><INIT seed="4,0,0,1,1,36" ten="217,266,262,255" oya="0" hai0="64,111,9,61,103,18,85,31,134,83,63,29,8" hai1="104,24,59,70,119,90,76,49,128,20,14,88,55" hai2="44,16,39,72,65,81,126,38,48,10,3,120,46" hai3="45,6,50,84,82,11,21,92,114,71,33,30,43"/><T40/><D111/><U7/><E70/><V4/><F120/><W56/><G71/><T99/><D134/><U53/><E104/><V77/><F126/><W95/><G33/><T123/><D123/><U107/><E107/><V35/><F35/><W115/><G115/><T15/><D9/><N who="1" m="4415" /><E76/><V94/><F65/><W132/><G132/><T101/><D40/><U47/><E128/><V54/><F94/><W89/><G114/><T0/><D0/><U91/><E119/><V51/><REACH who="2" step="1"/><F16/><REACH who="2" ten="217,266,252,255" step="2"/><W32/><G32/><T1/><D1/><U102/><E55/><AGARI ba="0,1" hai="3,4,10,38,39,44,46,48,51,54,55,72,77,81" machi="55" ten="30,7700,0" yaku="1,1,2,1,7,1,9,1,53,0" doraHai="36" doraHaiUra="100" who="2" fromWho="1" sc="217,0,266,-77,252,87,255,0" /><INIT seed="5,0,0,4,0,101" ten="217,189,339,255" oya="1" hai0="40,69,36,113,117,43,0,78,132,27,126,107,106" hai1="119,121,17,48,57,96,88,111,68,80,1,41,65" hai2="6,51,45,93,54,12,115,66,58,7,120,10,131" hai3="11,63,16,123,5,76,133,62,23,84,98,50,64"/><U103/><E121/><V8/><F120/><W18/><G123/><T116/><D0/><U31/><E1/><V97/><F131/><W100/><G133/><T55/><D132/><U130/><E130/><V71/><F71/><W114/><G114/><T33/><D113/><U24/><E119/><V99/><F115/><W108/><G108/><T21/><D69/><U112/><E112/><V83/><F83/><W44/><G84/><T128/><D128/><U95/><E68/><V61/><REACH who="2" step="1"/><F93/><REACH who="2" ten="217,189,329,255" step="2"/><W127/><G127/><T49/><D117/><U82/><E111/><V14/><AGARI ba="0,1" hai="6,7,8,10,12,14,45,51,54,58,61,66,97,99" machi="14" ten="20,12000,2" yaku="1,1,2,1,0,1,7,1,9,1,8,1,53,1" doraHai="101" doraHaiUra="52" who="2" fromWho="2" sc="217,-30,189,-60,329,130,255,-30" /><INIT seed="6,0,0,0,5,122" ten="187,129,459,225" oya="2" hai0="34,67,107,43,46,64,93,109,77,83,82,58,120" hai1="116,81,74,30,72,121,19,123,53,45,91,66,95" hai2="98,75,12,135,5,17,89,88,96,6,22,52,32" hai3="76,56,3,87,15,104,47,0,68,29,108,130,79"/><V48/><F32/><W26/><G56/><T27/><D120/><U134/><E134/><V103/><F75/><W100/><G47/><T119/><D107/><U33/><E33/><V31/><F31/><W102/><G15/><T28/><D119/><U92/><E121/><V84/><F103/><W128/><G87/><T11/><D109/><U9/><E116/><V23/><F23/><W63/><G63/><T69/><D69/><U111/><E111/><V106/><F106/><W118/><G68/><T54/><D11/><U127/><E123/><V62/><F62/><W18/><G118/><T36/><D93/><U86/><E127/><V65/><F65/><W124/><G29/><T78/><D83/><U73/><E30/><V13/><F135/><W40/><G40/><T97/><D97/><N who="2" m="37482" /><F13/><W101/><G104/><T24/><D24/><U105/><E105/><V94/><F89/><W117/><G117/><T50/><REACH who="0" step="1"/><D78/><REACH who="0" ten="177,129,459,225" step="2"/><U8/><E66/><V126/><F126/><W55/><G124/><T51/><D51/><N who="1" m="28911" /><E9/><V132/><F132/><W90/><G79/><T42/><D42/><U57/><E57/><AGARI ba="0,1" hai="5,6,12,17,22,48,52,57,84,88,94" m="37482" machi="57" ten="30,11600,0" yaku="25,1,8,1,54,2" doraHai="122" who="2" fromWho="1" sc="177,0,129,-116,459,126,225,0" /><INIT seed="6,1,0,1,0,45" ten="177,13,585,225" oya="2" hai0="14,84,56,13,126,115,102,88,69,114,28,125,15" hai1="63,99,12,67,38,107,127,90,112,2,40,9,105" hai2="24,72,119,100,124,74,113,30,53,109,129,70,5" hai3="36,77,75,65,83,18,111,116,33,8,91,78,86"/><V26/><F119/><W21/><G33/><T98/><D69/><U57/><E2/><V128/><F100/><W50/><G36/><T46/><D28/><U23/><E112/><N who="0" m="43049" /><D56/><U10/><E127/><N who="0" m="48649" /><D46/><U110/><E110/><V59/><F70/><W89/><G116/><T123/><D123/><U7/><E107/><V51/><F124/><W39/><G39/><T87/><D102/><U117/><E117/><V34/><F26/><W134/><G65/><T64/><D64/><U52/><E10/><V11/><F109/><W130/><G111/><T85/><D98/><U16/><E105/><V19/><F19/><W31/><G31/><T73/><D73/><U60/><E38/><V6/><F113/><W66/><G75/><T27/><D27/><N who="1" m="14823" /><E40/><V132/><F74/><W37/><G66/><T29/><D29/><U96/><E67/><V42/><F42/><W25/><G25/><T1/><D1/><U133/><E133/><V131/><F132/><W58/><G134/><T104/><D104/><U81/><E63/><V71/><F71/><W44/><G37/><T0/><D0/><U41/><E41/><V79/><F30/><W49/><G58/><T3/><D3/><U55/><E55/><V76/><F34/><W17/><G44/><T135/><D135/><U22/><E22/><V95/><F24/><W54/><G54/><T94/><AGARI ba="1,0" hai="13,14,15,84,85,87,88,94" m="48649,43049" machi="94" ten="40,5200,0" yaku="15,1,18,1,54,1" doraHai="45" who="0" fromWho="0" sc="177,55,13,-14,585,-27,225,-14" owari="232,3.0,-1,-50.0,558,66.0,211,-19.0" /></mjloggm>