<mjloggm ver="2.3"><GO type="41"/><UN n0="%6B%6E%6A%31%30%35%30" n1="%E3%82%A6%E3%83%AB%E3%83%88%E3%83%A9%E7%AB%8B%E7%9B%B4" n2="%68%6F%6E%67%69%69%39%30" n3="%E5%A4%8F%E3%81%AF%E8%8A%B1%E7%81%AB" dan="15,15,14,14" rate="2065,1969,1956,1911" sx="M,M,M,M"/><TAIKYOKU oya="0"/><INIT seed="0,0,0,3,4,79" ten="250,250,250,250" oya="0" hai0="71,85,75,13,95,110,83,18,26,67,73,121,17" hai1="42,60,124,68,20,22,84,98,56,82,97,24,100" hai2="129,50,118,119,96,88,34,61,45,37,10,19,78" hai3="29,30,40,25,41,55,104,131,81,101,51,66,103"/><T133/><D121/><U105/><E124/><V80/><F37/><W46/><G131/><T87/><D133/><U32/><E42/><V89/><F34/><W14/><G66/><T130/><D130/><U113/><E113/><V16/><F129/><W23/><G30/><T58/><D71/><U36/><E36/><V114/><F114/><W117/><G117/><N who="2" m="44553" /><F61/><W99/><G103/><T126/><D126/><U47/><E47/><V106/><F106/><W4/><G4/><T135/><D135/><U39/><E39/><V112/><F112/><W74/><G14/><T111/><D26/><U57/><E97/><V49/><F49/><W69/><G69/><T91/><D58/><U53/><E68/><V86/><F96/><W11/><G11/><T59/><D59/><U9/><E32/><V6/><F6/><W52/><G41/><T77/><D67/><U44/><E44/><V108/><F108/><N who="0" m="41514" /><D18/><N who="2" m="6698" /><F10/><AGARI ba="0,0" hai="10,13,17,73,75,77,83,85,87,91,95" m="41514" machi="10" ten="30,5800,0" yaku="14,1,10,1,52,1" doraHai="79" who="0" fromWho="2" sc="250,58,250,0,250,-58,250,0" /><INIT seed="0,1,0,3,3,85" ten="308,250,192,250" oya="0" hai0="18,116,96,63,55,124,118,29,102,68,13,20,83" hai1="95,110,12,60,23,133,7,6,98,59,76,8,17" hai2="122,79,50,127,40,109,22,28,80,119,77,1,41" hai3="52,113,25,89,114,10,64,45,91,104,53,33,135"/><T3/><D3/><U11/><E133/><V15/><F122/><W115/><G104/><T92/><D124/><U42/><E110/><V82/><F1/><W101/><G101/><T24/><D83/><N who="2" m="31786" /><F109/><W54/><G135/><T44/><D44/><U73/><E42/><N who="2" m="16491" /><F127/><W32/><G64/><T61/><D55/><U121/><E121/><V108/><F108/><W75/><G75/><T125/><D125/><U74/><E76/><V0/><F0/><W67/><G67/><T5/><D5/><U94/><E94/><V4/><F119/><W57/><G45/><T84/><D84/><U16/><E73/><V70/><F70/><W111/><G111/><T88/><D102/><U72/><E72/><V87/><F50/><W49/><G10/><T9/><REACH who="0" step="1"/><D68/><REACH who="0" ten="298,250,192,250" step="2"/><U78/><E74/><V27/><F87/><W47/><G54/><T132/><D132/><U120/><E120/><V90/><F4/><W81/><G81/><T46/><D46/><U56/><E78/><N who="2" m="29707" /><F15/><W62/><REACH who="3" step="1"/><G25/><REACH who="3" ten="298,250,192,240" step="2"/><T14/><D14/><U129/><E12/><V21/><F27/><W2/><G2/><T99/><D99/><U66/><E98/><V123/><F123/><W130/><G130/><T51/><D51/><U86/><E129/><V48/><F48/><W97/><G97/><T39/><D39/><U37/><E37/><V35/><F35/><AGARI ba="1,2" hai="32,33,35,47,49,52,53,57,62,89,91,113,114,115" machi="35" ten="50,8000,1" yaku="1,1,52,2,54,1,53,0" doraHai="85" doraHaiUra="93" who="3" fromWho="2" sc="298,0,250,0,192,-83,240,103" /><INIT seed="1,0,0,0,4,45" ten="298,250,109,343" oya="1" hai0="12,48,19,118,58,50,14,130,114,40,80,4,43" hai1="103,105,87,20,100,29,101,76,8,95,74,84,34" hai2="16,21,35,32,111,38,66,26,89,113,81,78,88" hai3="59,31,3,13,107,28,92,98,128,104,10,99,97"/><U127/><E34/><V135/><F111/><W112/><G112/><T54/><D114/><U110/><E8/><V134/><F38/><W39/><G39/><T124/><D118/><U117/><E20/><V1/><F1/><W70/><G70/><T25/><D25/><U126/><E29/><V85/><F66/><W41/><G3/><T91/><D4/><U62/><E62/><V133/><REACH who="2" step="1"/><F113/><REACH who="2" ten="298,250,99,343" step="2"/><W96/><G104/><T86/><D130/><U125/><E117/><V17/><F17/><W82/><G128/><T106/><D124/><U63/><E105/><V55/><F55/><W122/><G107/><T7/><D106/><U9/><E110/><V71/><F71/><W0/><G0/><T90/><D7/><U116/><E116/><V60/><F60/><W46/><G31/><T18/><D54/><U5/><E63/><V24/><F24/><W75/><G28/><T131/><D131/><U57/><E5/><V120/><F120/><W64/><G122/><T109/><D109/><U42/><E125/><V27/><F27/><W61/><G64/><T67/><D67/><U30/><E30/><V94/><F94/><W23/><G92/><T37/><D37/><U65/><E95/><V47/><F47/><W22/><G46/><T11/><D58/><U83/><E57/><V132/><N who="2" m="34304" /><DORA hai="36" /><V44/><F44/><W69/><G59/><T2/><D2/><U15/><E65/><V102/><F102/><W93/><G61/><T56/><D56/><U79/><E127/><V6/><F6/><W121/><G69/><T119/><D119/><U33/><E126/><RYUUKYOKU ba="0,1" sc="298,-10,250,-10,99,30,343,-10" hai2="16,21,26,32,35,78,81,85,88,89" /><INIT seed="2,1,1,3,5,31" ten="288,240,129,333" oya="2" hai0="21,103,102,115,25,48,125,38,120,79,8,130,128" hai1="97,9,47,44,73,37,118,126,114,17,88,5,50" hai2="101,43,40,112,94,98,0,108,100,35,91,74,80" hai3="46,27,34,61,16,33,107,45,68,119,131,124,117"/><V86/><F0/><W18/><G107/><T58/><D38/><U11/><E118/><V110/><F35/><W39/><G39/><T3/><D115/><U109/><E73/><V51/><F51/><W90/><G68/><T2/><D120/><U53/><E114/><V72/><F40/><W89/><G61/><T76/><D8/><U113/><E113/><V36/><F43/><W93/><G93/><T83/><D58/><U7/><E126/><V84/><F36/><W81/><G81/><T29/><D48/><U4/><E109/><N who="2" m="42091" /><F112/><W104/><G104/><T134/><D76/><U59/><E37/><V52/><F52/><W92/><G92/><T60/><D60/><U135/><E135/><V32/><F32/><W129/><G27/><T67/><D125/><AGARI ba="1,1" hai="16,18,33,34,45,46,89,90,117,119,124,125,129,131" machi="125" ten="25,8000,1" yaku="22,2,52,2,54,1" doraHai="31" who="3" fromWho="0" sc="288,-83,240,0,129,0,333,93" /><INIT seed="3,0,0,1,1,126" ten="205,240,129,426" oya="3" hai0="94,5,17,131,61,52,32,22,122,129,121,107,120" hai1="20,62,15,4,63,103,10,115,114,112,53,42,37" hai2="85,78,55,48,75,66,1,119,106,97,110,133,31" hai3="83,29,25,80,57,36,26,7,124,50,77,6,116"/><W40/><G36/><T84/><D107/><U125/><E125/><V101/><F119/><W54/><G116/><T123/><D32/><U93/><E42/><V12/><F1/><W95/><G26/><T90/><D5/><U88/><E103/><V73/><F110/><W87/><G40/><T111/><D111/><U41/><E41/><V18/><F133/><W89/><G83/><T47/><N who="0" m="31232" /><DORA hai="104" /><T72/><D72/><U130/><E37/><V96/><F66/><W58/><G58/><T134/><D134/><U99/><E53/><V33/><F97/><W44/><G57/><T64/><D52/><U100/><E130/><N who="0" m="49673" /><D47/><U74/><E74/><V38/><F38/><W46/><G44/><T69/><D17/><U34/><E34/><V27/><F85/><W60/><G124/><T45/><D45/><U91/><E63/><V67/><F78/><W113/><G60/><T102/><D102/><U92/><E62/><V19/><F67/><W49/><G46/><T71/><D22/><U28/><E100/><V79/><F79/><W98/><G54/><T39/><D39/><U16/><E28/><V70/><F70/><AGARI ba="0,0" hai="61,64,69,70,71,84,90,94" m="49673,31232" machi="70" ten="60,8000,1" yaku="19,1,52,3" doraHai="126,104" who="0" fromWho="2" sc="205,80,240,0,129,-80,426,0" /><INIT seed="4,0,0,0,0,51" ten="285,240,49,426" oya="0" hai0="40,30,97,57,121,77,35,134,76,114,1,36,29" hai1="26,100,60,24,126,85,101,19,20,92,109,52,66" hai2="33,119,71,83,118,129,87,50,91,99,63,67,82" hai3="75,55,113,56,48,112,13,4,23,78,27,108,135"/><T17/><D121/><U37/><E37/><V69/><F33/><W125/><G108/><T105/><D1/><U14/><E109/><V80/><F99/><W104/><G104/><T64/><D134/><U120/><E120/><V32/><F32/><W18/><G125/><T3/><D3/><U59/><E126/><V45/><F129/><W8/><G75/><T11/><D114/><U128/><E128/><V62/><F87/><W94/><G78/><T96/><D36/><U54/><E101/><V127/><F127/><W122/><G122/><T95/><D40/><U86/><E86/><V39/><F39/><W131/><G131/><T123/><D123/><U116/><E116/><N who="2" m="44587" /><F91/><W22/><G22/><T111/><D111/><U44/><E44/><V133/><F133/><W65/><G135/><T42/><D42/><U130/><E130/><V15/><F15/><W31/><G94/><T47/><D47/><U90/><E100/><V93/><F93/><W74/><G74/><T10/><D95/><U107/><E107/><V79/><F79/><W2/><G65/><T28/><D35/><U117/><E117/><V16/><F16/><W41/><G2/><T84/><D105/><U46/><E46/><V72/><F72/><W21/><G4/><T38/><D38/><U102/><E102/><V115/><F115/><W132/><G132/><T89/><D76/><U25/><AGARI ba="0,0" hai="14,19,20,24,25,26,52,54,59,60,66,85,90,92" machi="25" ten="30,8000,1" yaku="0,1,8,1,52,2,54,1" doraHai="51" who="1" fromWho="1" sc="285,-40,240,80,49,-20,426,-20" /><INIT seed="5,0,0,3,3,9" ten="245,320,29,406" oya="1" hai0="29,130,22,10,49,20,71,73,13,133,101,59,122" hai1="7,79,68,113,97,72,70,15,128,75,24,99,114" hai2="94,95,63,23,21,42,35,67,121,110,18,28,81" hai3="8,106,66,50,45,32,65,61,44,98,17,11,116"/><U77/><E24/><V119/><F110/><W1/><G32/><T92/><D71/><U54/><E54/><V58/><F121/><W3/><G116/><T109/><D122/><U89/><E7/><V118/><F118/><W52/><G106/><T105/><D109/><U39/><E39/><V5/><F119/><W131/><G98/><T100/><D59/><U36/><E36/><V84/><F35/><W83/><G131/><T64/><D49/><U6/><E6/><V115/><F115/><W12/><G66/><T57/><D57/><U47/><E47/><V30/><F5/><W123/><G123/><T78/><D130/><U96/><E89/><V27/><F30/><W127/><G8/><T117/><D64/><U33/><E33/><V31/><F42/><W80/><G45/><T19/><D10/><U48/><E48/><V111/><F111/><W108/><G108/><T51/><D29/><U91/><E91/><V37/><F37/><W120/><G120/><T93/><D51/><U82/><E128/><V135/><F135/><W53/><G53/><T56/><D133/><U90/><E90/><N who="2" m="51471" /><F31/><W0/><REACH who="3" step="1"/><G127/><REACH who="3" ten="245,320,29,396" step="2"/><T132/><D117/><U112/><E70/><AGARI ba="0,1" hai="0,1,3,11,12,17,44,50,52,61,65,70,80,83" machi="70" ten="40,8000,1" yaku="1,1,2,1,52,1,54,1,53,0" doraHai="9" doraHaiUra="2" who="3" fromWho="1" sc="245,0,320,-80,29,0,396,90" /><INIT seed="6,0,0,5,0,101" ten="245,240,29,486" oya="2" hai0="20,87,130,103,14,65,68,115,28,81,1,58,78" hai1="133,46,102,55,82,77,95,33,24,108,106,44,48" hai2="15,63,109,83,10,6,110,104,60,47,98,74,116" hai3="67,40,85,131,3,54,128,13,121,75,26,23,36"/><V25/><F116/><W100/><G75/><T34/><D1/><U37/><E108/><N who="2" m="41579" /><F25/><W91/><G3/><T111/><D111/><U97/><E133/><V72/><F47/><W76/><G76/><T129/><D68/><U93/><E33/><V38/><F38/><W114/><G67/><T27/><D115/><U22/><E37/><V7/><F7/><W80/><G13/><T8/><D103/><U99/><E46/><V9/><F9/><W64/><G64/><T70/><D70/><U45/><E45/><V112/><F112/><W0/><G0/><T127/><D127/><U61/><E61/><N who="2" m="23627" /><F83/><W134/><G40/><T12/><D65/><U56/><E44/><V107/><F98/><W50/><G36/><T123/><D58/><U59/><E59/><V125/><F125/><W66/><G66/><T124/><D124/><U16/><E97/><V73/><AGARI ba="0,0" hai="6,10,15,72,73,74,104,107" m="23627,41579" machi="73" ten="40,7800,0" yaku="10,1,52,2" doraHai="101" who="2" fromWho="2" sc="245,-26,240,-26,29,78,486,-26" /><INIT seed="6,1,0,0,1,16" ten="219,214,107,460" oya="2" hai0="66,101,68,105,87,55,38,98,108,24,27,49,133" hai1="94,71,47,99,106,22,30,131,125,43,95,118,82" hai2="58,20,134,9,3,111,48,45,2,119,29,83,103" hai3="10,92,104,17,122,113,60,37,42,109,72,96,50"/><V89/><F119/><W81/><G104/><T110/><D38/><U40/><E71/><V52/><F134/><W6/><G37/><T46/><D133/><U21/><E106/><V32/><F32/><W115/><G109/><T36/><D36/><U62/><E118/><V126/><F126/><W18/><G60/><T74/><D74/><U25/><E125/><V56/><F111/><W63/><G63/><T123/><D123/><U75/><E75/><V0/><F103/><W100/><G42/><N who="1" m="15914" /><E47/><V86/><REACH who="2" step="1"/><F9/><REACH who="2" ten="219,214,97,460" step="2"/><W64/><G10/><T76/><D110/><U130/><E130/><V4/><F4/><W85/><G6/><T93/><D108/><U79/><E131/><V31/><F31/><W41/><G122/><T53/><D101/><U54/><E30/><V112/><F112/><W116/><G116/><T69/><D105/><U97/><E97/><V39/><F39/><W59/><G96/><T135/><D98/><U5/><E5/><V77/><F77/><W129/><G100/><T51/><D76/><U35/><E99/><V44/><F44/><W13/><G129/><T80/><D46/><U124/><E124/><V121/><F121/><W102/><G102/><T107/><D135/><U73/><E35/><V12/><F12/><W15/><G13/><T70/><D107/><U14/><E14/><V65/><F65/><W78/><G15/><T7/><D66/><U23/><E25/><AGARI ba="1,1" hai="0,2,3,20,25,29,45,48,52,56,58,83,86,89" machi="25" ten="40,7700,0" yaku="1,1,52,1,54,1,53,0" doraHai="16" doraHaiUra="114" who="2" fromWho="1" sc="219,0,214,-80,97,90,460,0" /><INIT seed="6,2,0,2,4,54" ten="219,134,187,460" oya="2" hai0="50,44,113,23,21,40,70,38,48,51,65,100,102" hai1="20,31,92,104,36,42,32,22,112,7,60,8,109" hai2="122,27,75,84,17,13,56,59,131,58,24,68,98" hai3="64,45,101,86,41,29,126,108,105,133,72,0,15"/><V80/><F122/><W115/><G72/><T28/><D113/><U57/><E104/><V78/><F68/><W99/><G0/><T76/><D76/><U1/><E112/><V74/><F131/><W34/><G108/><T63/><D23/><U79/><E109/><V26/><REACH who="2" step="1"/><F98/><REACH who="2" ten="219,134,177,460" step="2"/><W114/><G114/><T66/><D70/><U16/><E31/><V30/><F30/><W43/><G29/><T91/><D28/><U71/><E32/><V10/><AGARI ba="2,1" hai="10,13,17,24,26,27,56,58,59,74,75,78,80,84" machi="10" ten="30,18000,2" yaku="1,1,0,1,52,3,53,1" doraHai="54" doraHaiUra="11" who="2" fromWho="2" sc="219,-62,134,-62,177,196,460,-62" /><INIT seed="6,3,0,3,0,127" ten="157,72,373,398" oya="2" hai0="125,76,57,35,58,91,24,42,45,109,112,85,110" hai1="134,20,19,77,39,47,14,86,46,71,103,27,117" hai2="129,3,133,41,40,128,115,65,131,105,32,55,11" hai3="51,83,111,44,23,84,95,118,90,102,53,30,98"/><V62/><F105/><W50/><G111/><T2/><D125/><U101/><E71/><V60/><F32/><W68/><G68/><T0/><D76/><U25/><E117/><V108/><F3/><W59/><G118/><T29/><D112/><U124/><E124/><V82/><F11/><W36/><G36/><T72/><D72/><U4/><E134/><V26/><F26/><N who="3" m="16735" /><G50/><T73/><D73/><U122/><E122/><V48/><F82/><W81/><G44/><T12/><D12/><U114/><E114/><V113/><F133/><W6/><G6/><T1/><D58/><U70/><E70/><N who="2" m="42279" /><F62/><W61/><G61/><T34/><D57/><U8/><E39/><V66/><F66/><W52/><G53/><T87/><D34/><U38/><E38/><V17/><F17/><W80/><AGARI ba="3,0" hai="51,52,59,80,81,83,84,90,95,98,102" m="16735" machi="80" ten="30,2000,0" yaku="8,1,54,1" doraHai="127" who="3" fromWho="3" sc="157,-8,72,-8,373,-13,398,29" /><INIT seed="7,0,0,5,1,64" ten="149,64,360,427" oya="3" hai0="66,76,120,39,46,118,124,25,53,54,91,78,27" hai1="71,90,12,123,113,106,49,65,73,63,11,75,34" hai2="94,33,108,59,2,0,41,119,100,26,77,83,87" hai3="40,8,42,98,28,52,31,37,5,18,130,32,30"/><W112/><G32/><T133/><D120/><U44/><E123/><V15/><F108/><W134/><G37/><T126/><D118/><U14/><E113/><V48/><F119/><W109/><G109/><T117/><D117/><U10/><E34/><V68/><F68/><W132/><G112/><T7/><D7/><U88/><E106/><V38/><F38/><W57/><G18/><T110/><D110/><U67/><E67/><V95/><F0/><W69/><G69/><T128/><D66/><U93/><E90/><V105/><F2/><W115/><G98/><T131/><D91/><U29/><E29/><V107/><F107/><W19/><G19/><T17/><D17/><U116/><E116/><V55/><F41/><W4/><G130/><N who="0" m="49707" /><D39/><U85/><E12/><V24/><F105/><W74/><G74/><T92/><D92/><U101/><E101/><V62/><F33/><W97/><G5/><T122/><D122/><U99/><E99/><V36/><F36/><W47/><G97/><T103/><D103/><U51/><E11/><V45/><F15/><W58/><G115/><T86/><D86/><U43/><REACH who="1" step="1"/><E51/><REACH who="1" ten="149,54,360,427" step="2"/><V1/><F1/><W6/><G8/><T21/><D21/><U50/><E50/><V72/><F72/><W56/><G4/><AGARI ba="0,1" hai="4,10,14,43,44,49,63,65,71,73,75,85,88,93" machi="4" ten="30,7700,0" yaku="1,1,7,1,52,1,54,1,53,0" doraHai="64" doraHaiUra="13" who="1" fromWho="3" sc="149,0,54,87,360,0,427,-77" owari="149,-25.0,141,-36.0,360,46.0,350,15.0" /></mjloggm>