<mjloggm ver="2.3"><GO type="41"/><UN n0="%48%7A%6B" n1="%73%73%73%73%69" n2="%E3%82%B9%E3%83%86%E3%83%AB%E3%82%B9%E3%83%87%E3%83%96" n3="%EF%BC%88%E2%89%A7%E2%96%BD%E2%89%A6%EF%BC%89" dan="13,14,14,14" rate="1853,1902,2014,2056" sx="M,M,M,M"/><TAIKYOKU oya="0"/><INIT seed="0,0,0,1,0,132" ten="250,250,250,250" oya="0" hai0="54,36,129,52,92,75,130,0,82,123,2,134,120" hai1="93,61,97,15,81,45,114,11,34,78,27,55,113" hai2="12,111,70,33,39,74,83,1,31,107,122,44,21" hai3="26,30,84,126,42,106,90,50,7,35,4,77,41"/><T125/><D134/><U109/><E34/><V131/><RYUUKYOKU type="yao9" ba="0,0" sc="250,0,250,0,250,0,250,0" hai2="1,12,21,31,33,39,44,70,74,83,107,111,122,131" /><INIT seed="0,1,0,4,4,18" ten="250,250,250,250" oya="0" hai0="105,73,2,68,29,41,3,114,126,134,40,64,131" hai1="62,7,1,130,78,122,86,98,22,59,93,111,108" hai2="109,97,106,135,121,60,100,52,129,79,132,48,12" hai3="84,76,82,39,66,72,118,90,5,9,101,119,6"/><T61/><D114/><U80/><E122/><V77/><F121/><W54/><G39/><T89/><D73/><U33/><E33/><V25/><F109/><N who="1" m="42057" /><E1/><V56/><F129/><W53/><G101/><T38/><D131/><U4/><E130/><V91/><F91/><W17/><G66/><T74/><D74/><U127/><E127/><V31/><F12/><W112/><G112/><T23/><D126/><U45/><E45/><V35/><REACH who="2" step="1"/><F60/><REACH who="2" step="2"/><W128/><G128/><T49/><D89/><U16/><E62/><V58/><F58/><W11/><G118/><T57/><D2/><U47/><E59/><V120/><F120/><W81/><G119/><T34/><D3/><U116/><E47/><V20/><F20/><W26/><G9/><T96/><D23/><U24/><E116/><V67/><F67/><W30/><G5/><T8/><D64/><U87/><E87/><V13/><F13/><W123/><G123/><T50/><D8/><U71/><E71/><V37/><F37/><W32/><G6/><T14/><D14/><U10/><E10/><V103/><F103/><AGARI ba="1,1" hai="4,7,16,22,24,78,80,86,93,98,103" m="42057" machi="103" ten="30,3900,0" yaku="14,1,52,1,54,1" doraHai="18" who="1" fromWho="2" sc="250,0,250,52,240,-42,250,0" /><INIT seed="1,0,0,5,5,87" ten="250,302,198,250" oya="1" hai0="120,22,24,62,77,107,34,40,110,133,106,76,74" hai1="17,113,44,131,42,53,134,15,125,83,84,69,19" hai2="31,79,27,51,21,122,129,46,58,55,102,30,130" hai3="7,95,90,112,121,43,128,13,59,2,92,91,123"/><U60/><E113/><V101/><F122/><W105/><G105/><T127/><D120/><U111/><E131/><N who="2" m="50187" /><F79/><W66/><G112/><T71/><D127/><U28/><E125/><V6/><F6/><W45/><G123/><T37/><D110/><U126/><E126/><V9/><F9/><N who="3" m="4287" /><G2/><T18/><D34/><U117/><E117/><V39/><F30/><W86/><G121/><T38/><D133/><U10/><E134/><V61/><F39/><W11/><G128/><T80/><D38/><U63/><E28/><V94/><F94/><N who="3" m="35883" /><G11/><T118/><D76/><U115/><E115/><V85/><F85/><W50/><G86/><T33/><D118/><U65/><E111/><V20/><F20/><W93/><N who="3" m="35891" /><W48/><DORA hai="68" /><G48/><T100/><D33/><U132/><E132/><V29/><F29/><W26/><G26/><T5/><D5/><U1/><E15/><V16/><F31/><W47/><G47/><T67/><REACH who="0" step="1"/><D100/><REACH who="0" step="2"/><U104/><E1/><V25/><F102/><W57/><G66/><T98/><D98/><U108/><E65/><N who="2" m="39095" /><F101/><W8/><G8/><T41/><D41/><U49/><E10/><V0/><F0/><W56/><AGARI ba="0,1" hai="43,45,50,56,57,59,90,91" m="35891,4287" machi="56" ten="40,5200,0" yaku="8,1,52,2" doraHai="87,68" who="3" fromWho="3" sc="240,-13,302,-26,198,-13,250,62" /><INIT seed="2,0,0,2,4,103" ten="227,276,185,312" oya="2" hai0="102,93,83,32,68,62,0,9,45,128,119,129,91" hai1="20,24,97,54,70,96,23,21,115,113,47,120,111" hai2="134,76,56,126,110,31,112,66,63,30,22,114,33" hai3="3,100,101,59,17,81,90,89,104,121,74,57,37"/><V61/><F76/><W14/><G121/><T29/><D32/><U60/><E120/><V26/><F126/><W117/><G117/><T10/><D29/><U132/><E111/><V11/><F134/><W95/><G3/><T125/><D125/><U84/><E132/><V6/><F110/><W130/><G37/><T5/><D119/><U123/><E123/><V13/><F31/><W124/><G124/><T38/><D10/><U109/><E70/><V28/><F28/><W71/><G71/><T39/><D102/><N who="3" m="39529" /><G104/><T135/><D135/><U72/><E72/><V105/><F105/><W19/><G130/><N who="0" m="50283" /><D83/><U51/><E109/><V4/><F4/><W50/><G74/><T48/><D68/><U2/><E2/><V44/><F63/><W15/><G81/><T73/><D62/><U25/><E115/><V55/><REACH who="2" step="1"/><F33/><REACH who="2" step="2"/><W1/><G17/><T40/><D73/><U58/><E24/><V8/><F8/><W80/><G19/><T99/><AGARI ba="0,1" hai="0,5,9,38,39,40,45,48,91,93,99" m="50283" machi="99" ten="30,1100,0" yaku="19,1" doraHai="103" who="0" fromWho="0" sc="227,21,276,-3,175,-5,312,-3" /><INIT seed="3,0,0,4,3,77" ten="248,273,170,309" oya="3" hai0="83,36,81,46,38,92,127,68,15,96,37,52,105" hai1="66,21,55,8,90,78,97,33,122,39,113,93,44" hai2="10,9,107,116,57,72,51,23,58,22,59,131,16" hai3="115,31,61,99,129,17,103,49,3,120,18,124,28"/><W25/><G120/><T4/><D68/><U60/><E33/><V79/><F107/><W95/><G115/><T48/><D105/><U101/><E122/><V89/><F116/><W56/><G3/><T50/><D127/><U132/><E113/><V108/><F108/><W76/><G124/><T62/><D62/><U63/><E8/><N who="2" m="3179" /><F72/><W34/><G129/><T121/><D15/><U29/><E132/><V88/><F131/><W84/><G49/><T69/><D4/><U12/><E39/><V7/><F7/><W27/><G84/><T11/><D11/><U119/><E66/><V126/><F79/><W43/><G43/><T24/><D24/><U13/><E119/><V53/><F126/><W87/><G87/><T0/><D0/><U125/><E78/><V64/><F23/><W91/><G103/><T133/><D133/><U1/><E1/><V110/><F110/><W128/><G76/><T2/><D2/><U42/><E12/><N who="2" m="9479" /><F64/><W19/><G128/><T117/><D69/><U85/><E125/><V35/><F35/><W118/><G118/><T32/><D32/><U14/><E14/><V30/><F30/><N who="3" m="11307" /><G34/><T45/><D117/><U70/><E29/><V135/><F135/><W112/><G112/><T5/><D5/><U104/><E70/><V100/><F100/><W73/><G73/><T65/><D121/><U75/><E101/><V67/><F67/><AGARI ba="0,0" hai="17,18,19,25,27,56,61,67,91,95,99" m="11307" machi="67" ten="30,1500,0" yaku="8,1" doraHai="77" who="3" fromWho="2" sc="248,0,273,0,170,-15,309,15" /><INIT seed="3,1,0,4,3,95" ten="248,273,155,324" oya="3" hai0="18,45,108,11,38,96,21,33,101,124,100,41,34" hai1="60,91,77,70,122,76,20,129,66,134,99,85,79" hai2="81,3,61,127,16,135,54,104,98,94,80,132,73" hai3="7,105,10,106,69,52,119,84,116,4,130,25,68"/><W31/><G130/><T86/><D101/><U92/><E129/><V36/><F3/><N who="3" m="287" /><G52/><T50/><D108/><U40/><E122/><V17/><F36/><W131/><G84/><T133/><D133/><N who="2" m="51274" /><F104/><N who="3" m="40043" /><G7/><T35/><D124/><U9/><E134/><V111/><F111/><W43/><G43/><T118/><D118/><N who="3" m="45097" /><G131/><T78/><D50/><U5/><E20/><V102/><F127/><W39/><G39/><T32/><D11/><U59/><E40/><V117/><F117/><W112/><G112/><T110/><D110/><U74/><E59/><N who="2" m="35063" /><F73/><W6/><G6/><T55/><D55/><U23/><E23/><V67/><F67/><W88/><G88/><T47/><D47/><U37/><E37/><V82/><AGARI ba="1,0" hai="16,17,80,81,82,94,98,102" m="35063,51274" machi="82" ten="30,4000,0" yaku="20,1,52,1,54,1" doraHai="95" who="2" fromWho="2" sc="248,-11,273,-11,155,43,324,-21" /><INIT seed="4,0,0,5,3,120" ten="237,262,198,303" oya="0" hai0="95,74,93,49,56,63,3,77,76,54,85,6,53" hai1="68,8,18,20,114,71,16,88,112,36,0,102,65" hai2="84,26,64,73,133,90,61,119,122,41,14,80,46" hai3="62,17,2,132,92,106,109,72,127,87,89,57,4"/><T9/><D74/><U33/><E36/><V22/><F122/><W69/><G106/><T81/><REACH who="0" step="1"/><D76/><REACH who="0" step="2"/><U129/><E33/><V35/><F73/><W28/><G72/><T104/><D104/><U12/><E129/><V7/><F119/><W126/><G126/><T130/><D130/><U116/><E116/><V32/><F32/><W96/><G127/><T134/><D134/><U118/><E118/><V58/><F35/><W97/><G132/><T98/><D98/><U86/><E0/><V83/><F133/><W108/><G97/><T125/><D125/><U59/><E102/><V131/><F131/><W43/><G96/><T34/><D34/><U60/><E8/><V11/><F84/><W21/><G87/><T24/><D24/><U124/><E124/><V66/><F90/><W82/><G89/><T50/><D50/><U91/><E91/><V38/><REACH who="2" step="1"/><F66/><REACH who="2" step="2"/><W70/><G109/><T135/><D135/><U111/><E111/><V100/><F100/><W78/><G108/><T117/><D117/><U45/><E88/><V115/><F115/><N who="1" m="44073" /><E86/><V37/><F37/><W15/><G78/><T10/><D10/><U39/><E39/><V107/><F107/><W31/><G82/><T1/><D1/><U44/><E68/><V42/><F42/><W101/><G43/><T128/><D128/><U13/><E71/><V23/><F23/><W51/><G70/><T27/><D27/><U79/><E79/><V105/><F105/><W52/><G69/><T121/><D121/><U99/><E99/><V29/><AGARI ba="0,2" hai="7,11,14,22,26,29,38,41,46,58,61,64,80,83" machi="29" ten="20,2700,0" yaku="1,1,0,1,7,1,53,0" doraHai="120" doraHaiUra="123" who="2" fromWho="2" sc="227,-13,262,-7,188,47,303,-7" /><INIT seed="5,0,0,4,0,44" ten="214,255,235,296" oya="1" hai0="33,45,62,86,19,11,90,39,7,18,89,132,102" hai1="2,80,104,57,81,119,85,54,98,105,10,20,29" hai2="133,111,64,69,41,114,116,13,28,56,115,61,12" hai3="107,76,74,92,77,135,35,94,103,124,5,75,22"/><U99/><E119/><V131/><F116/><W26/><G35/><T38/><D33/><U95/><E2/><V65/><F28/><W47/><G5/><T83/><D132/><U17/><E29/><V37/><F13/><W49/><G135/><T23/><D39/><U100/><E105/><V8/><F133/><W52/><G124/><T40/><D102/><U42/><E42/><V60/><F111/><W1/><G1/><T43/><D43/><U87/><E104/><V122/><F12/><W72/><G107/><T91/><D62/><N who="1" m="36151" /><E10/><V46/><F8/><W16/><REACH who="3" step="1"/><G103/><REACH who="3" step="2"/><T9/><D7/><U120/><E99/><V48/><F122/><W73/><N who="3" m="18944" /><DORA hai="30" /><W70/><G70/><T71/><D71/><U128/><E120/><V51/><F131/><W59/><G59/><T125/><D125/><U0/><E128/><V55/><F37/><W109/><G109/><T58/><D58/><AGARI ba="0,1" hai="41,46,48,51,55,56,58,60,61,64,65,69,114,115" machi="58" ten="40,8000,1" yaku="34,3,52,2" doraHai="44,30" who="2" fromWho="0" sc="214,-80,255,0,235,90,286,0" /><INIT seed="6,0,0,4,5,132" ten="134,255,325,286" oya="2" hai0="28,75,14,23,62,5,108,86,74,76,96,63,51" hai1="49,78,34,93,79,37,118,103,81,114,22,84,77" hai2="123,10,33,100,21,91,29,80,122,97,127,135,26" hai3="110,1,52,44,35,53,66,55,38,116,102,61,59"/><V64/><F135/><W7/><G35/><T48/><D108/><U87/><E37/><V57/><F10/><W129/><G110/><T3/><D3/><U50/><E34/><V18/><F127/><W117/><G102/><T2/><D2/><U94/><E118/><N who="3" m="45674" /><G7/><T131/><D74/><U15/><E15/><V39/><F39/><W101/><G101/><T119/><D75/><U41/><E41/><V24/><F64/><W98/><G98/><T54/><D131/><U71/><E71/><V30/><F57/><N who="3" m="37167" /><G1/><T67/><D119/><U134/><E134/><V70/><F70/><W72/><G72/><T46/><D96/><U130/><E49/><V9/><F100/><W124/><G124/><T89/><D51/><U109/><E50/><V25/><F97/><W0/><G0/><T16/><D76/><N who="1" m="29291" /><E22/><N who="2" m="15575" /><F91/><W12/><G12/><T58/><D28/><U111/><E109/><V105/><F80/><W6/><G6/><T65/><D5/><U43/><E43/><V31/><F105/><W126/><G126/><T112/><D86/><N who="1" m="48447" /><E111/><V32/><F9/><W47/><G129/><T4/><D4/><U60/><E60/><V17/><F21/><W56/><G38/><T95/><D95/><N who="1" m="36363" /><E103/><V69/><F69/><W125/><G125/><T113/><REACH who="0" step="1"/><D89/><REACH who="0" step="2"/><U73/><E73/><V11/><F31/><W128/><G128/><T133/><D133/><U121/><E130/><V107/><F30/><W20/><G44/><T99/><D99/><U13/><E13/><V90/><F33/><W40/><G47/><T45/><D45/><U19/><E19/><V27/><F32/><RYUUKYOKU ba="0,1" sc="124,30,255,-10,325,-10,286,-10" hai0="14,16,23,46,48,54,58,62,63,65,67,112,113" /><INIT seed="7,1,1,4,3,82" ten="154,245,315,276" oya="3" hai0="85,64,103,22,121,31,69,101,102,93,51,71,5" hai1="66,128,119,129,33,14,49,15,131,18,46,91,88" hai2="65,37,77,11,21,54,127,80,107,23,32,12,43" hai3="134,105,124,0,76,114,67,111,52,6,108,95,110"/><W55/><G105/><T9/><D121/><U79/><E33/><V24/><F107/><W83/><G114/><T1/><D69/><U81/><E66/><V116/><F116/><W38/><G134/><T63/><D93/><U19/><E119/><V72/><F65/><W48/><G124/><T41/><D41/><U70/><E70/><V75/><F127/><W30/><G38/><T94/><D51/><U126/><E126/><V74/><F32/><W10/><G67/><T29/><D22/><U99/><E99/><V132/><F132/><W39/><G39/><T56/><D71/><U26/><E26/><V86/><F54/><N who="3" m="20523" /><G30/><T7/><D7/><U13/><E46/><V44/><REACH who="2" step="1"/><F24/><REACH who="2" step="2"/><W16/><G111/><T92/><REACH who="0" step="1"/><D92/><REACH who="0" step="2"/><U8/><E8/><V97/><F97/><W89/><G110/><T4/><D4/><AGARI ba="1,3" hai="4,11,12,21,23,37,43,44,72,74,75,77,80,86" machi="4" ten="40,2600,0" yaku="1,1,52,1,53,0" doraHai="82" doraHaiUra="25" who="2" fromWho="0" sc="144,-29,245,0,305,59,276,0" owari="115,-38,245,-15,364,45,276,8" /></mjloggm>