<mjloggm ver="2.3"><GO type="41"/><UN n0="%E3%83%A2%E3%82%AE%E3%82%B9" n1="%E3%82%A6%E3%83%AB%E3%83%88%E3%83%A9%E7%AB%8B%E7%9B%B4" n2="%E6%B1%9A%E3%81%84%E7%A7%91%E5%AD%A6%E5%BF%8D%E8%80%85" n3="%6E%69%77%61" dan="13,15,14,13" rate="1845,2012,1975,1857" sx="M,M,M,M"/><TAIKYOKU oya="0"/><INIT seed="0,0,0,5,5,25" ten="250,250,250,250" oya="0" hai0="61,60,66,105,43,67,81,134,47,10,116,52,123" hai1="14,36,16,51,70,30,13,23,90,76,121,124,71" hai2="79,92,82,2,87,128,89,91,63,75,101,18,24" hai3="96,106,131,46,104,33,35,135,12,38,65,34,108"/><T0/><D105/><U55/><E36/><V115/><F2/><W28/><G108/><T4/><D123/><U94/><E121/><V86/><F115/><W73/><G12/><T130/><D116/><U3/><E3/><V74/><F128/><W112/><G112/><T125/><D130/><U77/><E124/><V20/><F101/><W11/><G11/><T99/><D125/><U72/><E72/><V114/><F114/><W93/><G73/><T27/><D134/><U29/><E70/><V100/><F100/><W58/><G135/><T6/><D6/><U109/><E71/><V95/><REACH who="2" step="1"/><F63/><REACH who="2" ten="250,250,240,250" step="2"/><W120/><G131/><T53/><D61/><U19/><E109/><V37/><F37/><W111/><G111/><T64/><D60/><U69/><E69/><V45/><F45/><W78/><G120/><T42/><D47/><N who="1" m="28159" /><E76/><V56/><F56/><W59/><G78/><T54/><D99/><AGARI ba="0,1" hai="18,20,24,74,75,79,82,86,87,89,91,92,95,99" machi="99" ten="30,2000,0" yaku="1,1,7,1,53,0" doraHai="25" doraHaiUra="62" who="2" fromWho="0" sc="250,-20,250,0,240,30,250,0" /><INIT seed="1,0,0,3,1,53" ten="230,250,270,250" oya="1" hai0="18,48,25,103,22,129,127,66,96,51,110,84,104" hai1="30,87,133,56,80,17,106,45,32,47,65,116,113" hai2="4,15,26,24,126,10,79,27,124,88,2,117,9" hai3="81,3,62,6,63,12,31,34,70,39,99,107,86"/><U78/><E106/><V69/><F69/><W109/><G109/><T108/><D129/><U57/><E116/><V36/><F36/><W68/><G39/><T29/><D127/><N who="2" m="48682" /><F79/><W118/><G118/><T5/><D5/><U44/><E133/><V121/><F88/><W1/><G6/><T23/><D66/><U122/><E122/><V93/><F93/><W52/><G12/><T134/><D134/><U128/><E128/><V46/><F46/><W60/><G52/><T49/><REACH who="0" step="1"/><D84/><REACH who="0" ten="220,250,270,250" step="2"/><U131/><E131/><V42/><F117/><W59/><G70/><T76/><D76/><U132/><E132/><V72/><F72/><W19/><G68/><T115/><D115/><U89/><E113/><V135/><F135/><W37/><G1/><T77/><D77/><U105/><E78/><V50/><F121/><W0/><G0/><T64/><D64/><U123/><E123/><V98/><F2/><W55/><G3/><T54/><D54/><U33/><E65/><V85/><F85/><W71/><G71/><T43/><D43/><U101/><E105/><V125/><F125/><W21/><G107/><T20/><D20/><U114/><E114/><V7/><F42/><W83/><G86/><T100/><D100/><U119/><E101/><V28/><F4/><W13/><G34/><T16/><D16/><U90/><E119/><V38/><F7/><W58/><G55/><T91/><D91/><N who="1" m="34827" /><E17/><V82/><F9/><W94/><G31/><T41/><D41/><U97/><E30/><V11/><F28/><W8/><G8/><T95/><D95/><U120/><E33/><RYUUKYOKU ba="0,1" sc="220,30,250,-10,270,-10,250,-10" hai0="18,22,23,25,29,48,49,51,96,103,104,108,110" /><INIT seed="2,1,1,4,2,107" ten="250,240,260,240" oya="2" hai0="82,59,83,52,28,68,88,46,80,30,103,53,65" hai1="9,106,44,105,41,74,51,104,37,108,132,114,111" hai2="47,20,45,130,48,66,35,54,95,73,77,70,60" hai3="119,133,64,8,22,91,24,19,75,26,92,100,21"/><V13/><F35/><W126/><G119/><T36/><D68/><U42/><E114/><V110/><F130/><W0/><G133/><T63/><D103/><U94/><E132/><V1/><F1/><W58/><G100/><T89/><D36/><U113/><E113/><V57/><F110/><N who="1" m="42025" /><E94/><V18/><REACH who="2" step="1"/><F95/><REACH who="2" ten="250,240,250,240" step="2"/><W123/><G123/><T99/><D46/><U97/><E104/><V131/><F131/><W124/><G0/><T117/><D117/><U10/><E105/><V96/><F96/><W29/><G92/><T69/><D99/><U81/><E106/><V17/><F17/><W12/><G91/><N who="0" m="34891" /><D69/><U87/><E97/><V101/><F101/><W79/><G79/><T128/><D128/><U134/><E134/><V67/><F67/><W2/><G64/><T55/><AGARI ba="1,2" hai="28,30,52,53,55,59,63,65,80,82,83" m="34891" machi="55" ten="40,5200,0" yaku="8,1,54,2" doraHai="107" who="0" fromWho="0" sc="250,75,240,-14,250,-27,240,-14" /><INIT seed="3,0,0,0,3,3" ten="325,226,223,226" oya="3" hai0="56,27,122,4,52,59,75,22,15,113,76,92,120" hai1="118,72,65,53,34,104,91,119,64,90,8,134,77" hai2="97,11,10,78,124,48,80,6,46,61,29,123,131" hai3="74,85,100,89,57,101,14,55,112,19,87,39,115"/><W128/><G39/><T129/><D113/><U54/><E104/><V26/><F131/><W73/><G128/><T126/><D129/><U40/><E34/><V114/><F114/><W62/><G115/><T108/><D126/><U2/><E40/><V110/><F110/><W17/><G112/><T99/><D108/><U44/><E44/><V32/><F124/><W102/><G87/><T42/><D42/><U33/><E33/><V30/><F30/><W25/><G25/><T68/><D68/><U98/><E98/><V43/><F123/><W0/><G0/><T88/><D75/><U23/><E23/><V38/><F97/><W35/><G35/><T49/><D76/><U60/><E2/><V12/><F61/><W130/><G130/><T7/><D15/><U71/><E8/><V28/><F28/><W5/><G19/><T20/><D20/><U96/><E96/><V31/><F31/><W116/><G116/><T37/><D37/><U95/><E95/><V106/><F106/><W67/><G67/><T83/><D83/><U107/><E107/><V13/><F38/><W79/><G79/><T51/><D120/><U132/><E60/><V105/><F105/><W45/><G45/><T86/><D86/><U58/><E58/><V41/><F41/><W63/><G63/><T125/><D125/><U94/><E94/><V84/><F11/><N who="3" m="4463" /><G17/><N who="0" m="12751" /><D122/><U121/><E121/><V117/><F117/><W109/><G109/><T81/><D81/><U69/><REACH who="1" step="1"/><E77/><REACH who="1" ten="325,216,223,226" step="2"/><V93/><F93/><W66/><G66/><T18/><D56/><U24/><E24/><V21/><F32/><RYUUKYOKU ba="0,1" sc="325,-30,216,10,223,10,226,10" hai1="53,54,64,65,69,71,72,90,91,118,119,132,134" hai2="6,10,12,13,21,26,29,43,46,48,78,80,84" hai3="55,57,62,73,74,85,89,100,101,102" /><INIT seed="3,1,1,4,1,96" ten="295,226,233,236" oya="3" hai0="17,101,133,20,30,4,90,9,3,67,50,42,36" hai1="117,118,77,58,135,16,43,33,69,72,38,57,103" hai2="45,80,18,78,26,12,125,15,19,23,85,37,54" hai3="93,34,109,112,92,102,11,28,6,47,86,68,52"/><W82/><G68/><T39/><D133/><U61/><E33/><V32/><F125/><W97/><G112/><T29/><D67/><N who="1" m="41199" /><E77/><V132/><F132/><W129/><G129/><T5/><D50/><U128/><E72/><V115/><F115/><W35/><G109/><T7/><D42/><U75/><E75/><V122/><F122/><W2/><G28/><N who="0" m="10859" /><D36/><U56/><E135/><V24/><F32/><W134/><G134/><T48/><D48/><U126/><E126/><V31/><F31/><W25/><G25/><T81/><D39/><U131/><E16/><N who="2" m="10631" /><F37/><W1/><G1/><T41/><D101/><U63/><E103/><V116/><F116/><N who="1" m="44649" /><E63/><V104/><F104/><W95/><G35/><T87/><D41/><U98/><E98/><V99/><F99/><W127/><G34/><T79/><D79/><U106/><E106/><V108/><F18/><W94/><G127/><T65/><D65/><U114/><E114/><V130/><F19/><W21/><G21/><T27/><D3/><U84/><E84/><V74/><F74/><W62/><G62/><T110/><D110/><U10/><E10/><V14/><F108/><W22/><G22/><T71/><D71/><U121/><E121/><V70/><F70/><W0/><G0/><T51/><D9/><U89/><E89/><V91/><F91/><N who="3" m="51671" /><G47/><AGARI ba="1,1" hai="38,43,47,56,57,58,128,131" m="44649,41199" machi="47" ten="40,5200,0" yaku="12,1,34,2" doraHai="96" who="1" fromWho="3" sc="295,0,226,65,233,0,236,-55" /><INIT seed="4,0,0,2,4,102" ten="295,291,233,181" oya="0" hai0="26,90,100,45,20,35,71,66,27,72,89,36,62" hai1="48,117,46,118,101,7,120,12,24,65,68,82,60" hai2="56,80,75,99,109,114,54,69,116,85,127,34,38" hai3="126,105,128,94,108,97,64,115,129,125,3,51,30"/><T134/><D72/><U135/><E120/><V41/><F69/><W124/><G64/><T133/><D35/><U37/><E135/><N who="0" m="51721" /><D27/><U130/><E130/><N who="3" m="50282" /><G30/><T88/><D100/><U79/><E101/><V113/><F109/><W50/><G3/><T92/><D45/><U95/><E95/><V28/><F75/><W5/><G5/><T8/><D8/><N who="1" m="4127" /><E37/><V25/><F127/><W111/><G115/><N who="2" m="44041" /><F116/><W73/><G73/><T53/><D53/><U52/><E24/><V132/><F132/><W13/><G13/><T106/><D106/><U32/><E32/><V63/><F99/><W121/><G121/><T4/><D4/><U83/><E52/><N who="2" m="34183" /><F38/><W10/><G10/><T93/><D36/><U87/><E82/><V47/><F41/><W58/><G58/><T23/><D23/><U57/><E57/><V81/><F85/><W76/><G76/><T22/><D22/><U74/><E74/><V86/><F86/><W17/><G17/><AGARI ba="0,0" hai="17,20,26,62,66,71,88,89,90,92,93" m="51721" machi="17" ten="30,2900,0" yaku="20,1,54,1" doraHai="102" who="0" fromWho="3" sc="295,29,291,0,233,0,181,-29" /><INIT seed="4,1,0,1,2,0" ten="324,291,233,152" oya="0" hai0="88,100,93,92,105,95,89,102,135,77,2,123,22" hai1="90,114,126,17,27,130,70,46,57,131,25,34,8" hai2="87,42,29,117,73,65,20,15,64,37,51,122,39" hai3="120,68,16,24,78,6,1,82,14,118,3,11,4"/><T45/><D2/><U83/><E70/><V124/><F73/><W97/><G68/><T69/><D69/><U33/><E46/><V56/><F122/><W48/><G120/><T129/><D123/><U71/><E71/><V74/><F74/><W111/><G111/><T12/><D135/><U58/><E83/><V18/><F124/><W7/><G118/><T86/><D129/><U133/><E90/><V113/><F113/><W23/><G97/><T98/><D45/><U54/><E54/><V21/><F117/><W121/><G121/><T10/><D22/><U30/><E58/><V103/><F103/><W59/><G48/><T85/><D12/><N who="1" m="7303" /><E57/><V67/><F87/><W106/><G106/><T47/><D47/><U81/><E81/><V32/><F32/><W44/><G44/><T50/><D10/><U63/><E63/><V36/><F42/><W13/><G59/><T125/><D50/><U62/><E62/><V52/><REACH who="2" step="1"/><F29/><REACH who="2" ten="324,291,223,152" step="2"/><N who="3" m="17567" /><G78/><T38/><D125/><U61/><E126/><V41/><F41/><W119/><G82/><T72/><D38/><U104/><E130/><V101/><F101/><W112/><G112/><T127/><D127/><U49/><E131/><V116/><F116/><W43/><G43/><T99/><D72/><U94/><E114/><V53/><F53/><W109/><G109/><T9/><D9/><AGARI ba="1,1" hai="9,15,18,20,21,36,37,39,51,52,56,64,65,67" machi="9" ten="50,3200,0" yaku="1,1,54,1,53,0" doraHai="0" doraHaiUra="96" who="2" fromWho="0" sc="324,-35,291,0,223,45,152,0" /><INIT seed="5,0,0,5,0,107" ten="289,291,268,152" oya="1" hai0="98,110,14,111,40,95,118,33,126,106,46,116,131" hai1="66,18,79,112,60,87,73,31,56,119,61,103,91" hai2="62,121,6,49,47,36,101,22,122,25,37,80,109" hai3="129,43,127,3,132,100,41,104,63,13,55,4,12"/><U53/><E119/><V57/><F109/><W75/><G132/><T134/><D134/><U21/><E112/><V15/><F101/><W19/><G129/><T90/><D131/><U70/><E31/><V44/><F6/><W68/><G127/><T72/><D33/><U120/><E103/><V54/><F15/><W135/><G75/><T102/><D14/><U113/><E113/><V16/><F80/><W48/><G3/><T74/><D46/><U71/><E120/><V20/><F20/><W82/><G82/><T34/><D40/><U69/><E79/><V123/><REACH who="2" step="1"/><F47/><REACH who="2" ten="289,291,258,152" step="2"/><N who="3" m="28063" /><G135/><T84/><D34/><U83/><E73/><N who="0" m="28265" /><D126/><U85/><E85/><V45/><F45/><W1/><G1/><T76/><D76/><U105/><E105/><V67/><AGARI ba="0,1" hai="16,22,25,36,37,44,49,54,57,62,67,121,122,123" machi="67" ten="30,7900,0" yaku="1,1,0,1,54,1,53,1" doraHai="107" doraHaiUra="52" who="2" fromWho="2" sc="289,-20,291,-39,258,89,152,-20" /><INIT seed="6,0,0,3,1,6" ten="269,252,347,132" oya="2" hai0="12,37,121,80,102,132,53,25,105,11,112,16,39" hai1="74,70,85,111,77,66,30,126,89,107,82,69,91" hai2="63,97,93,26,48,96,130,95,46,84,125,24,57" hai3="59,78,47,27,116,133,52,73,67,15,49,90,88"/><V76/><F130/><W124/><G116/><T79/><D121/><U3/><E3/><V4/><F125/><W50/><G124/><T31/><D132/><U71/><E126/><V65/><F4/><W14/><G133/><T43/><D112/><U13/><E111/><V128/><F128/><W28/><G78/><T129/><D129/><U2/><E2/><V114/><F114/><W98/><G73/><T103/><D43/><U45/><E107/><V1/><F1/><W58/><G67/><T62/><D105/><U40/><E30/><V134/><F134/><W101/><G59/><T60/><D37/><U117/><E117/><V10/><F10/><W127/><G127/><T42/><D42/><U68/><N who="1" m="17920" /><DORA hai="34" /><U36/><E66/><V81/><F95/><W54/><G101/><T20/><D39/><U35/><E35/><V64/><F64/><W41/><G41/><T122/><D122/><U7/><E74/><V104/><F104/><W75/><G75/><T120/><D120/><U56/><E56/><V17/><F17/><W23/><G98/><N who="2" m="37993" /><F93/><W22/><G22/><T94/><D94/><U131/><REACH who="1" step="1"/><E131/><REACH who="1" ten="269,242,347,132" step="2"/><V18/><F65/><W55/><G55/><T109/><D109/><U8/><AGARI ba="0,1" hai="7,8,13,36,40,45,77,82,85,89,91" m="17920" machi="8" ten="60,8000,1" yaku="1,1,2,1,0,1,52,1,53,1" doraHai="6,34" doraHaiUra="61,9" who="1" fromWho="1" sc="269,-20,242,90,347,-40,132,-20" /><INIT seed="7,0,0,0,1,59" ten="249,332,307,112" oya="3" hai0="5,3,28,126,82,34,105,25,26,95,114,46,33" hai1="24,9,64,135,113,54,131,17,77,19,101,48,88" hai2="108,72,32,63,92,52,8,83,0,86,65,79,85" hai3="111,133,16,129,70,51,134,40,31,39,103,132,99"/><W57/><G70/><T62/><D126/><U96/><E131/><V45/><F108/><W41/><G39/><T38/><D114/><U49/><E113/><V93/><F32/><W84/><G129/><T20/><D105/><U128/><E77/><V119/><F119/><W21/><G31/><T87/><D95/><N who="1" m="58527" /><E64/><V66/><F72/><W97/><G84/><T30/><D3/><U23/><E135/><V118/><F118/><W112/><G112/><T35/><D5/><U123/><E123/><V67/><F85/><W110/><G57/><T100/><D100/><U122/><E122/><V60/><F0/><W109/><G51/><T55/><D38/><U1/><E1/><V130/><F130/><W104/><REACH who="3" step="1"/><G97/><REACH who="3" ten="249,332,307,102" step="2"/><T90/><D46/><U36/><E36/><V11/><F45/><W10/><G10/><N who="2" m="3625" /><F52/><W98/><G98/><T74/><D74/><U61/><E128/><V18/><F18/><W50/><G50/><T6/><D55/><U58/><E17/><V12/><F12/><AGARI ba="0,1" hai="12,16,21,40,41,99,103,104,109,110,111,132,133,134" machi="12" ten="50,12000,1" yaku="1,1,10,1,20,1,54,1,53,0" doraHai="59" doraHaiUra="73" who="3" fromWho="2" sc="249,0,332,0,307,-120,102,130" /><INIT seed="7,1,0,2,2,91" ten="249,332,187,232" oya="3" hai0="1,52,124,84,89,129,48,103,61,121,85,90,43" hai1="5,107,26,119,95,71,127,35,114,6,2,0,87" hai2="108,33,78,59,21,106,39,14,125,28,98,27,19" hai3="64,117,34,3,18,99,110,92,51,45,32,42,112"/><W31/><G117/><T15/><D1/><U40/><E71/><V80/><F108/><W9/><G110/><T100/><D121/><U115/><E107/><V13/><F39/><W77/><G112/><N who="1" m="43050" /><E127/><V105/><F125/><W65/><G77/><T57/><D124/><U79/><E40/><V122/><F122/><W81/><G81/><T109/><D109/><U69/><E69/><V134/><F134/><W17/><G31/><T116/><D116/><U62/><E62/><V83/><F59/><W72/><G72/><T102/><D129/><U96/><E119/><V47/><F47/><W74/><G74/><T24/><D24/><U94/><E94/><V66/><F66/><W75/><G75/><T16/><D43/><U93/><E93/><V38/><F38/><W76/><G76/><T86/><D61/><U88/><E26/><V130/><F130/><W41/><G41/><T120/><D120/><U20/><E20/><AGARI ba="1,0" hai="15,16,20,48,52,57,84,85,86,89,90,100,102,103" machi="20" ten="40,5200,0" yaku="8,1,54,2" doraHai="91" who="0" fromWho="1" sc="249,55,332,-55,187,0,232,0" owari="304,40.0,277,8.0,187,-31.0,232,-17.0" /></mjloggm>