<mjloggm ver="2.3"><GO type="169" lobby="0"/><UN n0="%EF%BC%88%E2%89%A7%E2%96%BD%E2%89%A6%EF%BC%89" n1="%E3%81%AF%E3%82%89%E3%81%BA%E3%81%93%E3%83%AA%E3%82%B0%E3%83%AB" n2="%E3%81%8B%E3%81%92%E3%81%8D%E3%82%85%E3%81%86" n3="%73%70%6F%69%6C%65%64" dan="17,16,16,17" rate="2190.52,2038.65,2089.31,2119.99" sx="M,F,M,F"/><TAIKYOKU oya="0"/><INIT seed="0,0,0,1,0,3" ten="250,250,250,250" oya="0" hai0="21,129,107,121,16,8,45,103,55,60,4,118,0" hai1="125,105,2,17,71,12,32,10,123,130,56,111,109" hai2="82,70,84,101,51,133,7,110,35,19,66,34,73" hai3="106,104,48,14,67,13,89,46,43,30,65,97,83"/><T87/><D121/><U50/><E71/><V93/><F133/><W23/><G104/><T29/><D118/><U42/><E105/><V58/><F110/><N who="1" m="41993" /><E123/><V116/><F116/><W92/><G106/><T25/><D129/><U77/><E130/><V99/><F70/><W38/><G38/><T78/><D103/><U117/><E117/><V61/><F73/><W59/><G83/><T76/><D107/><U96/><E32/><V79/><F51/><W86/><G86/><T134/><D134/><U15/><E77/><V68/><F68/><W115/><G115/><T24/><D87/><U49/><E125/><V126/><F126/><W81/><G81/><T132/><D132/><U18/><E2/><V39/><F39/><W31/><G59/><T20/><REACH who="0" step="1"/><D60/><REACH who="0" ten="240,250,250,250" step="2"/><U80/><E96/><V91/><F84/><W54/><G97/><T94/><D94/><U37/><E80/><V113/><F82/><W85/><G92/><T90/><D90/><U9/><E56/><V22/><F91/><W102/><G89/><T69/><D69/><U41/><E41/><V75/><F101/><W44/><G102/><T1/><D1/><U112/><E112/><V124/><F113/><W36/><G85/><T74/><D74/><U119/><E119/><V40/><F75/><W33/><G43/><T6/><D6/><U127/><E127/><V72/><F7/><W114/><G114/><T95/><D95/><U63/><E63/><V98/><F40/><W128/><G128/><T5/><D5/><U122/><E122/><V88/><F61/><W11/><G46/><AGARI ba="0,1" hai="9,10,12,15,17,18,37,42,46,49,50" m="41993" machi="46" ten="30,1000,0" yaku="14,1" doraHai="3" who="1" fromWho="3" sc="240,0,250,20,250,0,250,-10" /><INIT seed="1,0,0,2,4,51" ten="240,270,250,240" oya="1" hai0="117,4,28,84,48,88,15,36,41,24,61,98,1" hai1="133,128,66,50,87,21,99,56,102,68,32,103,106" hai2="49,31,60,7,114,100,104,43,5,35,55,54,124" hai3="115,121,19,85,22,33,135,17,52,11,67,134,10"/><U34/><E103/><V63/><F114/><W23/><G67/><T9/><D117/><U20/><E133/><N who="3" m="50698" /><G115/><T83/><D36/><U97/><E97/><V82/><F124/><W30/><G85/><T91/><D61/><N who="2" m="23626" /><F104/><W110/><G110/><T86/><D98/><U73/><E73/><V90/><F35/><W39/><G39/><T27/><D1/><U74/><E74/><V70/><F100/><W13/><G121/><T58/><D28/><U57/><E68/><V47/><F31/><W26/><G52/><N who="2" m="20009" /><F70/><W123/><G123/><T72/><D72/><U16/><E34/><V59/><F59/><W81/><G81/><N who="0" m="49167" /><D58/><U95/><E56/><V29/><F29/><W125/><G125/><T101/><D101/><U0/><E32/><V69/><F69/><W80/><G80/><T131/><D83/><U120/><E120/><V3/><F3/><W79/><G79/><T119/><D119/><U111/><E0/><V126/><F126/><W2/><G2/><T14/><D91/><U6/><E102/><V93/><F82/><W107/><G107/><T75/><D75/><U129/><E106/><V12/><F12/><AGARI ba="0,0" hai="10,11,12,13,17,19,22,23,26,30,33" m="50698" machi="12" ten="30,3900,0" yaku="20,1,34,2" doraHai="51" who="3" fromWho="2" sc="240,0,270,0,250,-39,240,39" /><INIT seed="2,0,0,2,2,41" ten="240,270,211,279" oya="2" hai0="5,118,127,108,65,70,54,68,0,120,9,6,67" hai1="43,103,87,15,100,61,71,99,33,94,10,50,17" hai2="89,66,73,115,24,80,76,84,52,56,129,107,34" hai3="64,96,58,133,29,112,57,31,60,135,74,79,109"/><V91/><F115/><W82/><G112/><T1/><D54/><U45/><E33/><V78/><F129/><W132/><G109/><T86/><D86/><U32/><E32/><V98/><F66/><W105/><REACH who="3" step="1"/><G57/><REACH who="3" ten="240,270,211,269" step="2"/><T28/><D108/><U104/><E71/><V123/><F123/><W95/><G95/><T131/><D120/><U101/><E104/><V81/><F107/><W30/><G30/><T124/><D28/><U18/><E94/><V90/><F34/><W113/><G113/><T47/><D131/><U97/><E100/><AGARI ba="0,1" hai="29,31,58,60,64,74,79,82,96,100,105,132,133,135" machi="100" ten="40,5200,0" yaku="1,1,20,1,53,1" doraHai="41" doraHaiUra="75" who="3" fromWho="1" sc="240,0,270,-52,211,0,269,62" /><INIT seed="3,0,0,4,0,99" ten="240,218,211,331" oya="3" hai0="12,84,41,29,73,83,66,6,3,74,129,89,23" hai1="90,77,24,61,115,124,9,26,69,114,55,45,17" hai2="0,22,72,21,110,117,54,101,86,116,50,122,38" hai3="111,35,68,19,131,92,16,34,135,51,127,11,102"/><W120/><G120/><T79/><D129/><U4/><E124/><V112/><F38/><W2/><G68/><T27/><D3/><U18/><E77/><V7/><F72/><W87/><G131/><T10/><D66/><U93/><E114/><V132/><F112/><W13/><G127/><T97/><D41/><U106/><E106/><V70/><F70/><W78/><G135/><T103/><REACH who="0" step="1"/><D89/><REACH who="0" ten="230,218,211,331" step="2"/><U37/><E90/><V88/><F0/><W128/><G128/><T8/><D8/><U133/><E9/><V30/><F122/><W95/><G2/><T82/><D82/><U20/><E133/><V52/><F132/><W108/><G11/><T67/><D67/><U43/><E43/><V28/><F110/><W65/><G111/><T109/><D109/><U56/><E115/><V64/><F64/><W32/><G65/><T121/><D121/><U96/><E69/><V130/><F130/><W33/><G108/><T94/><AGARI ba="0,1" hai="6,10,12,23,27,29,73,74,79,83,84,94,97,103" machi="94" ten="20,8000,1" yaku="1,1,0,1,7,1,52,1,53,1" doraHai="99" doraHaiUra="5" who="0" fromWho="0" sc="230,90,218,-20,211,-20,331,-40" /><INIT seed="4,0,0,4,1,52" ten="320,198,191,291" oya="0" hai0="69,120,46,22,109,43,11,96,35,36,53,16,28" hai1="63,23,21,80,75,125,135,123,77,13,131,128,7" hai2="74,15,4,121,112,14,2,104,18,79,86,55,71" hai3="67,95,38,115,91,33,47,89,99,83,0,110,24"/><T61/><D120/><U39/><E39/><V78/><F121/><W98/><G0/><T45/><D109/><U5/><E123/><V122/><F122/><W49/><G38/><T10/><D28/><U26/><E135/><V101/><F71/><W58/><G110/><T12/><D35/><U41/><E41/><V19/><F2/><W114/><G33/><T44/><D96/><U106/><E106/><V105/><F55/><W65/><G24/><T93/><D93/><U54/><E125/><V119/><F4/><N who="1" m="1609" /><E13/><V129/><F86/><N who="3" m="50399" /><G99/><T1/><D69/><U126/><E26/><V56/><F74/><W31/><G31/><T34/><D34/><U64/><E54/><V108/><F108/><W117/><G117/><T59/><REACH who="0" step="1"/><D1/><REACH who="0" ten="310,198,191,291" step="2"/><U76/><E126/><V113/><F105/><W81/><G98/><T87/><D87/><U42/><E75/><V68/><F104/><W132/><G95/><T6/><D6/><U90/><E128/><V57/><F68/><W40/><G132/><T30/><D30/><U51/><E131/><V17/><F129/><W100/><G81/><T102/><D102/><U8/><E80/><V32/><F32/><W9/><G100/><T111/><D111/><U73/><E73/><V130/><F130/><W85/><G85/><T60/><D60/><U118/><E63/><V97/><F97/><W133/><G133/><T70/><D70/><U88/><E118/><V48/><F101/><W25/><G115/><T107/><D107/><U3/><E3/><V94/><F113/><W66/><G114/><T116/><D116/><U29/><E29/><RYUUKYOKU ba="0,1" sc="310,30,198,-10,191,-10,291,-10" hai0="10,11,12,16,22,36,43,44,45,46,53,59,61" /><INIT seed="4,1,1,0,5,116" ten="340,188,181,281" oya="0" hai0="90,122,25,3,13,131,101,68,45,85,9,67,94" hai1="57,129,125,33,19,126,12,24,66,4,107,79,61" hai2="44,112,69,18,5,50,0,135,95,55,65,58,77" hai3="87,35,96,64,113,110,92,81,132,73,83,29,11"/><T103/><D3/><U59/><E107/><V118/><F77/><W54/><G110/><T114/><D122/><U86/><E4/><V7/><F118/><W51/><G132/><T2/><D2/><U124/><E129/><V93/><F135/><W60/><G113/><T37/><D131/><U71/><E79/><V130/><F112/><W48/><G73/><T14/><D114/><U134/><E134/><V104/><F104/><W34/><G11/><T21/><D68/><U46/><E86/><V75/><F75/><W70/><G29/><N who="0" m="17583" /><D37/><U53/><E24/><V62/><F130/><W117/><G117/><T63/><D45/><U108/><E33/><V31/><F31/><W41/><G41/><T38/><D38/><U102/><E102/><N who="0" m="38921" /><D9/><N who="1" m="6543" /><E108/><V43/><F18/><W20/><G35/><T99/><D67/><U40/><E53/><V78/><F78/><W109/><G34/><T36/><D36/><AGARI ba="1,1" hai="36,40,46,57,59,61,66,71,124,125,126" m="6543" machi="36" ten="30,1000,0" yaku="18,1" doraHai="116" who="1" fromWho="0" sc="340,-13,188,23,181,0,281,0" /><INIT seed="5,0,0,2,4,0" ten="327,211,181,281" oya="1" hai0="87,128,82,122,19,37,52,26,56,28,32,8,42" hai1="118,72,48,46,64,120,68,123,23,125,79,83,67" hai2="7,134,14,109,63,81,116,124,65,12,117,133,78" hai3="18,115,96,50,104,84,11,129,101,88,77,69,59"/><U22/><E118/><N who="2" m="45675" /><F81/><W126/><G69/><T39/><D42/><U58/><E68/><V16/><F78/><W92/><G115/><T121/><D128/><U55/><E125/><V31/><F63/><W110/><G110/><T132/><D132/><N who="2" m="50794" /><F65/><W94/><G129/><T114/><D114/><U44/><E64/><V10/><F31/><W90/><G126/><T47/><D47/><U43/><E67/><V41/><F41/><W34/><G34/><T17/><D39/><U85/><E72/><V9/><F124/><W97/><G77/><N who="0" m="46543" /><D37/><U70/><E70/><V98/><F98/><W25/><G97/><T93/><D93/><U107/><E107/><V62/><F62/><W27/><G104/><T38/><D38/><U130/><E130/><V112/><F112/><W95/><G95/><T105/><D105/><U60/><REACH who="1" step="1"/><E46/><REACH who="1" ten="327,201,181,281" step="2"/><V40/><F40/><W2/><G59/><T111/><D56/><U106/><E106/><V80/><F80/><W100/><G100/><T135/><D135/><U86/><E86/><V45/><F45/><W108/><G101/><T91/><D111/><AGARI ba="0,1" hai="7,9,10,12,14,16,109,111" m="50794,45675" machi="111" ten="30,8000,1" yaku="20,1,34,2,52,1,54,1" doraHai="0" who="2" fromWho="0" sc="327,-80,201,0,181,90,281,0" /><INIT seed="6,0,0,0,2,0" ten="247,201,271,281" oya="2" hai0="79,59,122,42,104,112,31,119,120,98,133,65,97" hai1="125,26,123,128,44,41,11,85,39,111,38,86,67" hai2="48,91,114,25,2,117,90,23,135,53,87,124,32" hai3="101,24,71,81,6,127,15,46,134,64,45,107,40"/><V28/><F117/><W7/><G107/><T57/><D119/><U19/><E111/><V17/><F124/><W62/><G101/><T109/><D109/><U88/><E125/><V50/><F135/><W93/><G127/><T108/><D108/><U33/><E123/><V63/><F114/><W20/><G134/><T30/><D133/><U70/><E128/><V56/><F2/><W22/><G93/><T80/><D42/><U54/><E54/><V100/><F100/><W5/><G81/><T16/><D112/><U51/><E85/><V129/><F129/><W60/><G60/><N who="0" m="38031" /><D104/><U110/><E110/><V61/><F50/><W34/><G15/><T77/><D122/><U12/><E67/><V95/><REACH who="2" step="1"/><F90/><REACH who="2" ten="247,201,261,281" step="2"/><W131/><G131/><T76/><D120/><U106/><E106/><V66/><F66/><W73/><G73/><T89/><D89/><U55/><E39/><V105/><F105/><W102/><G102/><T52/><D80/><U13/><E38/><V115/><F115/><W14/><G64/><T74/><D74/><U99/><E51/><V92/><F92/><W1/><G1/><T18/><D98/><U96/><E99/><V84/><F84/><W37/><G37/><T126/><D97/><U78/><E96/><V3/><F3/><W8/><G62/><N who="0" m="36199" /><D126/><U35/><E88/><V58/><F58/><W4/><G71/><T75/><D75/><U36/><E70/><V132/><F132/><W130/><G130/><T72/><D72/><U94/><E94/><V113/><F113/><W83/><G83/><T21/><D21/><U43/><E36/><RYUUKYOKU ba="0,1" sc="247,15,201,-15,261,15,281,-15" hai0="16,18,30,31,76,77,79" hai2="17,23,25,28,32,48,53,56,61,63,87,91,95" /><INIT seed="6,1,1,1,5,98" ten="262,186,276,266" oya="2" hai0="108,21,89,57,45,101,66,75,7,9,87,30,100" hai1="56,97,40,85,6,10,104,120,25,23,35,78,73" hai2="3,38,132,83,131,107,133,114,112,13,90,105,125" hai3="18,96,17,48,31,117,74,62,8,70,39,14,110"/><V102/><F3/><W128/><G39/><T19/><D75/><U12/><E120/><V127/><F38/><W79/><G117/><T77/><D77/><U69/><E69/><V130/><F13/><W22/><G31/><T64/><D108/><U67/><E35/><V118/><F118/><W20/><G110/><T72/><D72/><U49/><E73/><V103/><F83/><W34/><G34/><T80/><D30/><U91/><E78/><V55/><F55/><W86/><G74/><T41/><D9/><U29/><E40/><V111/><REACH who="2" step="1"/><F90/><REACH who="2" ten="262,186,266,266" step="2"/><W24/><G14/><N who="0" m="9463" /><D7/><U84/><E91/><V27/><F27/><W126/><G24/><T16/><D66/><U59/><E67/><V32/><F32/><W135/><G79/><T115/><D64/><U52/><REACH who="1" step="1"/><E59/><REACH who="1" ten="262,176,266,266" step="2"/><V92/><F92/><W71/><G71/><T113/><D57/><U81/><E81/><V0/><F0/><W50/><G70/><T95/><D80/><U109/><E109/><AGARI ba="1,3" hai="102,103,105,107,109,111,112,114,125,127,130,131,132,133" machi="109" ten="25,24000,3" yaku="1,1,22,2,34,3,52,2,53,0" doraHai="98" doraHaiUra="42" who="2" fromWho="1" sc="262,0,176,-243,266,273,266,0" owari="262,-14.0,-67,-57.0,539,64.0,266,7.0" /></mjloggm>