<mjloggm ver="2.3"><GO type="97"/><UN n0="%EF%BC%88%E2%89%A7%E2%96%BD%E2%89%A6%EF%BC%89" n1="%E3%83%84%E3%82%AB%E3%83%B3%E3%83%9D%E3%83%97" n2="%47%6C%61%64%69%75%73%2B" n3="%75%6A%75%6C" dan="15,15,13,14" rate="2029,1938,1843,1868" sx="M,M,M,M"/><TAIKYOKU oya="0"/><INIT seed="0,0,0,5,0,12" ten="250,250,250,250" oya="0" hai0="0,41,93,84,114,89,85,56,71,5,24,16,110" hai1="59,33,132,75,79,53,83,78,95,129,29,68,72" hai2="96,50,104,61,55,31,18,19,49,22,91,81,14" hai3="30,103,52,7,9,105,8,34,111,47,98,119,70"/><T100/><D71/><U66/><E29/><V80/><F104/><W121/><G121/><T67/><D114/><U122/><E33/><V87/><F96/><W62/><G119/><T77/><D110/><U97/><E66/><V134/><F134/><W3/><G111/><T51/><D0/><U108/><E68/><V54/><F61/><W107/><G9/><T38/><D38/><U99/><E108/><V10/><F31/><W86/><G86/><T124/><D5/><U113/><E122/><V37/><F37/><W76/><G76/><T4/><D4/><U21/><E21/><V106/><F106/><W112/><G112/><T40/><D124/><U35/><E35/><V48/><REACH who="2" step="1"/><F81/><REACH who="2" step="2"/><W127/><G127/><T133/><D133/><U101/><E97/><V23/><F23/><W58/><G107/><T126/><D126/><U73/><E83/><V15/><AGARI ba="0,1" hai="10,14,15,18,19,22,48,49,50,54,55,80,87,91" machi="15" ten="30,8000,1" yaku="1,1,0,1,8,1,52,2,53,0" doraHai="12" doraHaiUra="28" who="2" fromWho="2" sc="250,-40,250,-20,240,90,250,-20" /><INIT seed="1,0,0,3,3,40" ten="210,230,330,230" oya="1" hai0="124,115,17,44,121,111,33,47,123,1,91,127,69" hai1="85,126,43,103,16,14,39,54,67,99,87,134,53" hai2="52,74,110,131,10,116,125,78,97,106,104,79,83" hai3="25,41,56,22,75,94,80,58,7,84,48,57,132"/><U93/><E126/><N who="0" m="48169" /><D115/><U34/><E34/><V29/><F125/><W101/><G7/><T88/><D111/><U20/><E134/><V60/><F110/><W95/><G75/><T23/><D33/><U118/><E118/><V68/><F116/><W66/><G132/><T24/><D69/><U122/><E122/><N who="0" m="46601" /><D1/><U11/><E67/><V102/><F131/><W61/><G41/><T82/><D82/><U112/><E112/><V86/><F29/><N who="3" m="17591" /><G48/><T28/><D28/><U32/><E32/><V100/><F10/><W0/><G0/><T98/><D88/><N who="1" m="53407" /><E43/><V9/><F9/><W4/><G4/><T76/><D76/><U133/><E39/><V8/><F8/><W64/><G64/><T51/><D51/><U49/><E133/><V45/><F68/><W5/><G5/><T55/><D55/><N who="1" m="21003" /><E85/><V3/><F3/><W46/><G46/><T90/><D90/><U81/><E81/><V135/><F135/><W15/><G15/><T73/><D73/><U35/><E35/><V113/><F113/><W21/><G21/><T2/><D2/><U18/><E49/><V42/><F42/><W31/><G31/><T38/><D38/><U108/><E108/><V70/><F70/><W62/><G62/><T50/><D50/><U65/><E65/><V96/><F74/><W71/><G71/><T109/><D109/><U6/><E20/><V26/><F106/><W130/><G130/><T107/><D107/><U37/><E37/><V27/><F104/><W12/><G12/><T13/><D13/><U36/><E36/><V89/><F78/><N who="3" m="46103" /><G94/><AGARI ba="0,0" hai="17,23,24,44,47,91,94,98" m="46601,48169" machi="94" ten="30,7700,0" yaku="18,1,13,1,52,2" doraHai="40" who="0" fromWho="3" sc="210,77,230,0,330,0,230,-77" /><AGARI ba="0,0" hai="6,11,14,16,18,94,99,103" m="21003,53407" machi="94" ten="30,5800,0" yaku="8,1,54,2" doraHai="40" who="1" fromWho="3" sc="287,0,230,58,330,0,153,-58" /><INIT seed="1,1,0,0,5,65" ten="287,288,330,95" oya="1" hai0="103,93,79,99,5,4,82,94,92,33,104,114,47" hai1="91,112,107,66,101,109,18,28,135,118,100,8,20" hai2="44,41,61,63,6,98,96,122,110,21,46,68,126" hai3="42,80,51,35,133,52,36,62,105,129,16,120,121"/><U30/><E112/><V132/><F122/><W58/><G105/><T84/><D114/><U116/><E107/><V111/><F126/><W31/><G133/><T15/><D33/><U124/><E135/><V13/><F132/><W48/><G129/><T10/><REACH who="0" step="1"/><D47/><REACH who="0" step="2"/><U34/><E124/><V128/><F46/><W69/><G80/><T7/><AGARI ba="1,1" hai="4,5,7,10,15,79,82,84,92,93,94,99,103,104" machi="7" ten="30,4000,0" yaku="1,1,2,1,0,1,53,0" doraHai="65" doraHaiUra="130" who="0" fromWho="0" sc="277,53,288,-21,330,-11,95,-11" /><INIT seed="2,0,0,4,2,34" ten="330,267,319,84" oya="2" hai0="135,69,103,115,13,46,116,72,125,62,35,60,83" hai1="99,86,106,79,3,67,87,8,131,44,110,78,114" hai2="38,89,40,97,132,96,64,22,26,71,28,52,121" hai3="9,128,6,104,19,123,17,119,66,25,77,2,15"/><V84/><F121/><W4/><G104/><T82/><D115/><U18/><E114/><V94/><F132/><W113/><G66/><T16/><D35/><U73/><E67/><V51/><F38/><W29/><G77/><T47/><D135/><U127/><E44/><N who="0" m="16937" /><D69/><U118/><E18/><V81/><F40/><W55/><G113/><T100/><D72/><U80/><E8/><V59/><F64/><W41/><G41/><T92/><D125/><U133/><E133/><V42/><F42/><W31/><G119/><T0/><D0/><U98/><E127/><V20/><F71/><W70/><G70/><T58/><D116/><U48/><E48/><V27/><REACH who="2" step="1"/><F81/><REACH who="2" step="2"/><N who="0" m="30730" /><D92/><U108/><E80/><V65/><F65/><W134/><G123/><T12/><D12/><U33/><E118/><V14/><F14/><W122/><G122/><T10/><D62/><U75/><E33/><V107/><F107/><W101/><G134/><T21/><D10/><U61/><E61/><V85/><F85/><W5/><G128/><T102/><D60/><U95/><E106/><V76/><F76/><W57/><G101/><T32/><D32/><U126/><E126/><V37/><F37/><W130/><G130/><T120/><D120/><U56/><E131/><V24/><F24/><W112/><G112/><T54/><D103/><U88/><E75/><V105/><F105/><W63/><REACH who="3" step="1"/><G2/><REACH who="3" step="2"/><T74/><D74/><U90/><E73/><V117/><F117/><W11/><G11/><T111/><D102/><U50/><E79/><V43/><F43/><W124/><G124/><T23/><D100/><RYUUKYOKU ba="0,2" sc="330,-15,267,-15,309,15,74,15" hai2="20,22,26,27,28,51,52,59,84,89,94,96,97" hai3="4,5,6,9,15,17,19,25,29,31,55,57,63" /><INIT seed="2,1,2,0,3,66" ten="315,252,324,89" oya="2" hai0="23,65,86,25,78,93,33,118,27,69,107,91,40" hai1="110,54,119,94,121,95,127,31,111,125,71,85,22" hai2="8,120,117,88,7,128,24,61,124,68,98,131,74" hai3="62,109,11,83,81,17,37,29,135,9,1,3,106"/><V73/><F120/><W70/><G37/><T14/><D107/><U26/><E119/><V46/><F117/><W101/><G29/><T123/><D118/><U113/><E113/><V19/><F46/><W114/><G114/><T102/><D123/><U64/><E54/><V122/><F122/><W20/><G109/><N who="1" m="41482" /><E121/><V67/><F124/><N who="1" m="47689" /><E85/><V12/><F24/><W82/><G135/><T4/><D27/><U63/><AGARI ba="1,2" hai="22,26,31,63,64,71,94,95" m="47689,41482" machi="63" ten="40,5200,0" yaku="14,1,18,1,52,1" doraHai="66" who="1" fromWho="1" sc="315,-14,252,75,324,-27,89,-14" /><INIT seed="3,0,0,4,5,60" ten="301,327,297,75" oya="3" hai0="24,59,132,71,63,106,70,112,133,39,100,25,123" hai1="53,83,134,4,38,113,74,128,119,98,97,118,101" hai2="13,0,81,14,99,104,6,84,88,9,80,8,26" hai3="17,19,127,91,122,105,64,67,57,15,37,86,3"/><W34/><G105/><T96/><D123/><U129/><E38/><V55/><F26/><N who="0" m="10346" /><D39/><U16/><E4/><V41/><F41/><W40/><G34/><T120/><D120/><U82/><E113/><V131/><F131/><N who="1" m="50249" /><E134/><N who="0" m="51817" /><D112/><U125/><E125/><V46/><F14/><W30/><G122/><T43/><D43/><U73/><E16/><V12/><F12/><W92/><G3/><T75/><D75/><N who="1" m="28683" /><E53/><AGARI ba="0,0" hai="53,59,63,70,71,96,100,106" m="51817,10346" machi="53" ten="30,1000,0" yaku="20,1" doraHai="60" who="0" fromWho="1" sc="301,10,327,-10,297,0,75,0" owari="311,11.0,317,41.0,297,-10.0,75,-42.0" /></mjloggm>