<mjloggm ver="2.3"><GO type="41"/><UN n0="%50%50%37" n1="%73%75%74%65%6C%61" n2="%EF%BC%88%E2%89%A7%E2%96%BD%E2%89%A6%EF%BC%89" n3="%2E%37%7A" dan="13,13,15,14" rate="1852,1869,1975,1915" sx="M,F,M,M"/><TAIKYOKU oya="0"/><INIT seed="0,0,0,0,2,87" ten="250,250,250,250" oya="0" hai0="128,26,114,40,117,59,0,85,100,98,69,11,130" hai1="18,47,76,78,13,20,91,101,106,37,124,66,56" hai2="89,93,116,29,39,64,94,42,54,84,104,45,28" hai3="134,36,80,32,25,49,81,83,6,24,34,70,65"/><T131/><D114/><U108/><E108/><V135/><F104/><W21/><G36/><T92/><D117/><U72/><E72/><V12/><F116/><W5/><G134/><T133/><D133/><U112/><E124/><V127/><F135/><W115/><G115/><T14/><D69/><U52/><E101/><V125/><F64/><W8/><G65/><T105/><D0/><U44/><E37/><V16/><F54/><W121/><G70/><T107/><D40/><U67/><E106/><V68/><F68/><W103/><G103/><T79/><D26/><U95/><E47/><V48/><F39/><W7/><G8/><T30/><D59/><U77/><E112/><V132/><F132/><W96/><G96/><T82/><REACH who="0" step="1"/><D30/><REACH who="0" ten="240,250,250,250" step="2"/><N who="2" m="11882" /><F127/><W50/><G121/><T3/><D3/><U23/><E44/><V58/><F58/><W35/><REACH who="3" step="1"/><G21/><REACH who="3" ten="240,250,250,240" step="2"/><T22/><D22/><U9/><E23/><N who="2" m="11655" /><F125/><W99/><G99/><T15/><D15/><U120/><E20/><V57/><F57/><W10/><G10/><T33/><D33/><U60/><REACH who="1" step="1"/><E120/><REACH who="1" ten="240,240,250,240" step="2"/><V43/><F43/><W41/><G41/><T97/><D97/><AGARI ba="0,3" hai="9,13,18,52,56,60,66,67,76,77,78,91,95,97" machi="97" ten="40,8000,1" yaku="1,1,2,1,8,1,52,1,54,1,53,0" doraHai="87" doraHaiUra="17" who="1" fromWho="0" sc="240,-80,240,110,250,0,240,0" /><INIT seed="1,0,0,0,3,122" ten="160,350,250,240" oya="1" hai0="37,116,12,111,67,6,38,99,102,83,5,52,0" hai1="129,19,60,8,73,88,134,82,29,128,46,103,25" hai2="90,50,118,105,53,107,76,89,43,36,44,17,79" hai3="11,71,61,30,92,59,3,28,56,95,85,2,123"/><U42/><E134/><V35/><F118/><W62/><G123/><T7/><D116/><U93/><E73/><V68/><F68/><W132/><G11/><T100/><D0/><U10/><E60/><V84/><F35/><W130/><G85/><T18/><D67/><U54/><E19/><V119/><F119/><W81/><G81/><T1/><D1/><U27/><E54/><V26/><F107/><W20/><G20/><T87/><D111/><U125/><E82/><V131/><F105/><W133/><REACH who="3" step="1"/><G71/><REACH who="3" ten="160,350,250,230" step="2"/><T127/><D87/><U21/><E128/><AGARI ba="0,1" hai="2,3,28,30,56,59,61,62,92,95,128,130,132,133" machi="128" ten="25,12000,2" yaku="1,1,2,1,22,2,53,2" doraHai="122" doraHaiUra="58" who="3" fromWho="1" sc="160,0,350,-120,250,0,230,130" /><INIT seed="2,0,0,5,2,69" ten="160,230,250,360" oya="2" hai0="34,89,114,64,12,41,111,123,20,79,99,86,28" hai1="128,44,90,16,61,27,65,92,122,117,21,110,0" hai2="19,57,33,107,52,66,80,113,91,82,87,3,68" hai3="134,58,9,46,51,101,23,115,39,98,125,132,78"/><V127/><F113/><W56/><G125/><T104/><D114/><U106/><E117/><V50/><F127/><W63/><G115/><T130/><D123/><U85/><E106/><V75/><F107/><W7/><G78/><T38/><D79/><U73/><E110/><V26/><F3/><W81/><G81/><T36/><D34/><U124/><E128/><V83/><F75/><W121/><G23/><T129/><D111/><U55/><E73/><V126/><F126/><W93/><G121/><T43/><D64/><U103/><E0/><V18/><F33/><W100/><G101/><T135/><D135/><N who="3" m="51753" /><G39/><N who="0" m="14891" /><D99/><U10/><E122/><V109/><F109/><W6/><G63/><T40/><D104/><U42/><E124/><V131/><F131/><N who="0" m="50186" /><D28/><U13/><E103/><V37/><F37/><W71/><G71/><T17/><D43/><U76/><E76/><V102/><F102/><W31/><G31/><T118/><D118/><U108/><E42/><V96/><F96/><W77/><G77/><T112/><D112/><U32/><E44/><V97/><F97/><W60/><G100/><T2/><D2/><U14/><E32/><V72/><F72/><W94/><G46/><T35/><D35/><U29/><E108/><V119/><F119/><W49/><G98/><T48/><D48/><U133/><E133/><V105/><F105/><W1/><G49/><T45/><D45/><U53/><REACH who="1" step="1"/><E13/><REACH who="1" ten="160,220,250,360" step="2"/><V25/><F25/><W74/><G1/><T5/><D5/><U84/><E84/><V67/><F26/><W88/><G6/><T47/><D47/><U22/><E22/><RYUUKYOKU ba="0,1" sc="160,15,220,15,250,-15,360,-15" hai0="12,17,20,40,41,86,89" hai1="10,14,16,21,27,29,53,55,61,65,85,90,92" /><INIT seed="3,1,1,4,0,44" ten="175,235,235,345" oya="3" hai0="27,64,72,67,98,135,16,26,88,78,50,91,127" hai1="108,10,80,81,29,100,82,18,131,68,122,4,31" hai2="49,6,103,99,87,75,39,125,111,60,106,73,56" hai3="114,14,23,120,21,9,57,133,13,130,129,134,33"/><W65/><G65/><T58/><D135/><N who="3" m="51721" /><G57/><T48/><D72/><U52/><E131/><N who="3" m="50186" /><G120/><T71/><D78/><U109/><E108/><V42/><F111/><W83/><G83/><T5/><D71/><U89/><E68/><V95/><F39/><W115/><G33/><T28/><D5/><U74/><E74/><V36/><F36/><W123/><G123/><T93/><D28/><U94/><E122/><V132/><F132/><W107/><G107/><T92/><D58/><U66/><E100/><V61/><F106/><W121/><G121/><T55/><D55/><U53/><E66/><V47/><F61/><W1/><G1/><T51/><D127/><U11/><E109/><V119/><F125/><W54/><G54/><N who="1" m="21098" /><E18/><V117/><F73/><W69/><G69/><T76/><D76/><U62/><E62/><V12/><F75/><W8/><G114/><T0/><D0/><U128/><E128/><V104/><F104/><W59/><G59/><T41/><D41/><U35/><E35/><V2/><F2/><W17/><G115/><T124/><D124/><U96/><E4/><AGARI ba="1,1" hai="4,8,9,13,14,17,21,23" m="50186,51721" machi="4" ten="30,11600,0" yaku="20,1,19,1,34,2" doraHai="44" who="3" fromWho="1" sc="175,0,235,-119,235,0,345,129" /><INIT seed="3,2,0,1,2,121" ten="175,116,235,474" oya="3" hai0="108,75,112,13,52,36,132,124,130,33,91,17,37" hai1="44,90,38,78,111,50,6,68,102,115,4,77,28" hai2="70,93,65,30,98,131,81,85,20,29,11,25,61" hai3="21,123,18,26,59,64,117,53,135,2,88,12,24"/><W110/><G123/><T49/><D91/><U1/><E115/><V97/><F131/><W86/><G2/><T27/><D49/><U118/><E68/><V34/><F11/><W15/><G117/><T22/><D52/><U96/><E118/><V87/><F87/><W31/><G135/><T55/><D55/><U95/><E38/><V16/><F93/><W23/><G64/><T113/><D75/><U58/><E1/><V42/><F42/><W41/><G110/><T0/><D0/><U8/><E111/><V35/><F35/><W54/><G41/><T56/><D56/><U129/><E129/><V116/><F116/><W66/><G66/><T39/><D130/><U128/><E128/><V69/><F69/><W107/><G107/><T62/><D62/><U133/><E133/><V79/><REACH who="2" step="1"/><F30/><REACH who="2" ten="175,116,225,474" step="2"/><W114/><G31/><T126/><D33/><U83/><E28/><V134/><F134/><W32/><G32/><T45/><D132/><U92/><E8/><V10/><F10/><W60/><G23/><T106/><D22/><U94/><E94/><V3/><F3/><W63/><G86/><T99/><D113/><U57/><E57/><V67/><F67/><W14/><G59/><T9/><D9/><U43/><E58/><V104/><F104/><W120/><G114/><T46/><D106/><U82/><E82/><V103/><F103/><W5/><G21/><T47/><D112/><U71/><E71/><V122/><F122/><W7/><G120/><T72/><D108/><U119/><E83/><V100/><F100/><W125/><G7/><N who="1" m="2602" /><E119/><V40/><F40/><RYUUKYOKU ba="2,1" sc="175,-15,116,15,225,15,474,-15" hai1="43,44,50,77,78,90,92,95,96,102" hai2="16,20,25,29,34,61,65,70,79,81,85,97,98" /><INIT seed="4,3,1,1,4,92" ten="160,131,240,459" oya="0" hai0="69,73,108,12,28,4,115,65,25,58,47,123,55" hai1="59,99,52,98,19,18,33,113,34,121,39,74,54" hai2="107,64,37,63,111,93,84,95,62,89,22,97,76" hai3="53,127,102,114,117,133,31,120,41,14,100,109,126"/><T118/><D118/><U79/><E121/><V36/><F111/><W87/><G120/><T44/><D123/><U71/><E39/><V23/><F107/><W1/><G117/><T91/><D108/><U67/><E71/><V43/><F43/><W132/><G1/><T40/><D73/><U3/><E3/><V72/><F72/><W129/><G109/><T103/><D103/><U35/><E79/><V8/><F8/><W32/><G114/><T88/><D115/><U83/><E83/><N who="2" m="47207" /><F37/><W21/><G41/><T96/><D69/><U119/><E74/><V70/><F70/><W10/><G32/><T101/><D65/><U27/><E119/><V16/><F36/><W61/><G87/><T80/><D4/><U38/><E38/><V6/><F6/><W7/><G53/><N who="1" m="20586" /><E27/><N who="2" m="14791" /><F64/><W24/><G126/><T128/><D12/><U17/><E113/><V77/><F77/><W125/><G127/><T124/><D124/><U30/><E67/><V49/><F49/><W106/><G125/><T110/><D110/><U122/><E122/><V2/><F2/><W60/><G106/><T131/><D40/><U0/><E0/><V68/><F68/><W112/><G112/><T82/><D55/><U94/><E30/><V130/><F130/><N who="0" m="49706" /><D58/><U9/><E59/><V116/><F116/><W56/><G129/><T81/><D44/><U48/><E48/><V66/><F66/><W11/><G56/><T75/><D47/><U85/><E9/><V105/><F105/><W134/><G11/><T42/><D75/><U26/><E26/><V135/><F62/><AGARI ba="3,1" hai="7,10,14,21,24,31,60,61,62,100,102,132,133,134" machi="62" ten="40,1300,0" yaku="20,1" doraHai="92" who="3" fromWho="2" sc="160,0,131,0,240,-22,459,32" /><INIT seed="5,0,0,4,0,27" ten="160,131,218,491" oya="1" hai0="97,65,26,66,89,67,74,108,51,126,60,19,7" hai1="54,48,112,21,30,58,115,64,105,40,111,38,93" hai2="82,129,99,24,83,124,76,46,77,70,5,116,10" hai3="33,28,132,68,73,49,106,62,34,53,11,56,87"/><U88/><E105/><V114/><F116/><W12/><G73/><T50/><D108/><U55/><E111/><V20/><F70/><W85/><G106/><T78/><D126/><U42/><E38/><V44/><F124/><W16/><G34/><T96/><D7/><U101/><E101/><V121/><F121/><W80/><G132/><T117/><D117/><U9/><E9/><V37/><F129/><W120/><G120/><T59/><D78/><U69/><E55/><V15/><F114/><N who="1" m="43561" /><E64/><V25/><F37/><W17/><G17/><T113/><D74/><U61/><E61/><V13/><F99/><N who="0" m="37962" /><D89/><U36/><E36/><V4/><REACH who="2" step="1"/><F20/><REACH who="2" ten="160,131,208,491" step="2"/><W135/><G68/><T14/><D113/><U125/><E69/><V6/><F6/><W45/><G135/><T118/><D118/><U90/><E125/><V63/><F63/><W35/><G62/><T131/><D131/><U109/><E109/><V133/><F133/><W134/><G134/><T128/><D128/><U32/><E32/><V75/><F75/><W29/><G33/><T8/><D60/><U1/><E1/><V86/><F86/><W84/><G35/><T43/><D67/><U123/><E123/><V91/><F91/><W110/><G110/><T95/><D66/><U81/><E90/><V130/><F130/><W94/><G84/><T3/><D3/><U127/><E127/><V122/><F122/><W92/><G85/><T102/><D65/><U103/><E103/><V41/><F41/><W71/><G87/><T22/><D43/><U2/><E2/><V39/><F39/><W31/><G71/><RYUUKYOKU ba="0,1" sc="160,-10,131,-10,208,30,491,-10" hai2="4,5,10,13,15,24,25,44,46,76,77,82,83" /><INIT seed="6,1,1,1,0,135" ten="150,121,238,481" oya="2" hai0="60,33,3,23,59,113,25,101,79,21,24,54,84" hai1="77,91,53,116,75,2,134,88,66,35,85,37,32" hai2="22,40,11,100,112,81,30,132,52,131,68,126,70" hai3="98,120,20,73,17,109,102,27,74,62,105,42,130"/><V114/><F132/><W111/><G120/><T115/><D3/><U47/><E134/><V18/><F131/><W71/><G42/><T83/><D101/><U121/><E116/><V57/><F40/><W8/><G8/><T49/><D33/><U28/><E2/><V63/><F100/><W5/><G5/><T16/><REACH who="0" step="1"/><D60/><REACH who="0" ten="140,121,238,481" step="2"/><U15/><E121/><V29/><F63/><W6/><G102/><T7/><D7/><U46/><E35/><V72/><F112/><W108/><G62/><T41/><D41/><U14/><E32/><V80/><F114/><W56/><G6/><T103/><D103/><U90/><E75/><V127/><F72/><W128/><G73/><T26/><D26/><U61/><E37/><V76/><F70/><W124/><G74/><T43/><D43/><U69/><E28/><AGARI ba="1,2" hai="16,21,23,24,25,28,49,54,59,79,83,84,113,115" machi="28" ten="40,2600,0" yaku="1,1,54,1,53,0" doraHai="135" doraHaiUra="1" who="0" fromWho="1" sc="140,49,121,-29,238,0,481,0" /><INIT seed="7,0,0,0,0,59" ten="189,92,238,481" oya="3" hai0="80,39,78,121,126,25,98,110,72,63,2,38,134" hai1="41,129,7,122,65,120,34,27,33,124,40,84,60" hai2="42,10,31,116,44,35,75,48,69,71,101,29,91" hai3="92,83,24,4,30,13,133,3,49,90,43,128,8"/><W61/><G83/><T0/><D110/><U51/><E129/><V15/><F116/><W37/><G37/><T16/><D121/><U88/><E124/><V47/><F75/><W45/><G133/><T22/><D134/><U82/><E122/><V1/><F1/><W113/><G128/><T20/><D126/><U21/><E7/><N who="2" m="3551" /><F35/><W94/><G113/><T99/><D39/><U11/><E11/><V23/><F71/><W89/><G3/><T55/><D38/><U70/><E120/><V28/><F91/><W117/><G90/><T9/><D9/><U85/><E34/><V46/><F69/><W106/><G106/><T104/><D104/><U130/><E33/><V109/><F109/><W52/><G89/><T131/><D131/><U76/><E130/><V18/><F101/><W125/><G117/><T64/><D55/><U73/><E51/><V58/><F58/><N who="3" m="35015" /><G125/><T14/><D2/><U79/><E73/><V132/><F132/><W56/><G56/><T103/><D103/><U5/><E5/><V93/><F93/><W26/><G30/><T87/><D0/><U6/><E6/><V32/><F32/><W105/><G105/><T111/><D72/><U119/><E76/><V17/><F31/><W68/><G68/><T67/><D111/><U54/><E119/><V81/><F29/><W50/><G49/><T53/><D67/><U100/><E100/><V96/><F48/><W102/><G50/><T115/><D64/><U108/><E108/><V127/><F127/><W95/><G94/><T36/><D36/><U107/><E107/><V112/><F44/><RYUUKYOKU ba="0,0" sc="189,0,92,0,238,0,481,0" owari="189,-21.0,92,-41.0,238,4.0,481,58.0" /></mjloggm>