<mjloggm ver="2.3"><GO type="41"/><UN n0="%E5%8C%82%E5%AE%AE%E7%90%86%E6%BE%84" n1="%EF%BC%88%E2%89%A7%E2%96%BD%E2%89%A6%EF%BC%89" n2="%62%75%6D%70%2D%6B" n3="%E3%81%A1%E3%82%85%E3%82%8A%E3%81%A1%E3%82%85%E3%81%82" dan="15,15,13,13" rate="2024,2007,1839,1836" sx="F,M,M,F"/><TAIKYOKU oya="0"/><INIT seed="0,0,0,2,4,31" ten="250,250,250,250" oya="0" hai0="75,8,121,115,97,23,25,95,46,54,18,65,45" hai1="30,16,38,20,105,102,6,90,98,13,78,47,32" hai2="19,77,37,7,1,36,74,9,84,87,68,39,132" hai3="34,127,43,64,93,11,41,33,82,123,94,124,117"/><T107/><D121/><U118/><E118/><V134/><F19/><W4/><G117/><T53/><D107/><U21/><E78/><V48/><F48/><W100/><G123/><T28/><D75/><U113/><E113/><V130/><F87/><W10/><G64/><T79/><D79/><U50/><E38/><V86/><F84/><W17/><G82/><T125/><D125/><N who="3" m="48201" /><G17/><T91/><D65/><U22/><E6/><V101/><F86/><W56/><G56/><T112/><D112/><U29/><E90/><V15/><F101/><W57/><G57/><T42/><D115/><U60/><E60/><V69/><F130/><W96/><G94/><T116/><D116/><U26/><REACH who="1" step="1"/><E30/><REACH who="1" ten="250,240,250,250" step="2"/><V35/><F77/><W85/><G85/><T83/><D83/><U66/><E66/><V131/><F74/><W0/><G11/><T49/><D46/><U52/><AGARI ba="0,1" hai="13,16,20,21,22,26,29,32,47,50,52,98,102,105" machi="52" ten="20,12000,2" yaku="1,1,0,1,7,1,52,1,54,2,53,0" doraHai="31" doraHaiUra="61" who="1" fromWho="1" sc="250,-60,240,130,250,-30,250,-30" /><INIT seed="1,0,0,5,2,0" ten="190,370,220,220" oya="1" hai0="124,80,8,7,97,104,25,35,72,44,45,11,55" hai1="64,54,107,13,135,77,84,109,47,78,46,52,94" hai2="21,50,132,57,108,42,69,119,16,61,71,111,70" hai3="115,26,12,87,102,66,76,121,20,101,86,103,1"/><U90/><E107/><V133/><F119/><W17/><G121/><T81/><D124/><U33/><E33/><V63/><F21/><W32/><G115/><T38/><D55/><U49/><E135/><V99/><F99/><W110/><G110/><T134/><D134/><N who="2" m="51818" /><F16/><W29/><G1/><T36/><D25/><U28/><E28/><V60/><F42/><W2/><G2/><T95/><D95/><U19/><E109/><N who="2" m="42059" /><F50/><W5/><G76/><T62/><D62/><U98/><E64/><AGARI ba="0,0" hai="57,60,61,63,64,69,70,71" m="42059,51818" machi="64" ten="40,8000,1" yaku="20,1,14,1,34,2" doraHai="0" who="2" fromWho="1" sc="190,0,370,-80,220,80,220,0" /><INIT seed="2,0,0,3,1,99" ten="190,290,300,220" oya="2" hai0="92,62,43,84,67,42,80,131,102,33,13,104,126" hai1="111,130,29,31,100,89,134,76,60,78,73,9,101" hai2="72,51,61,74,18,70,77,109,26,63,85,65,97" hai3="6,59,57,96,86,106,44,64,39,69,125,128,90"/><V54/><F63/><W95/><G128/><T37/><D33/><U45/><E45/><V127/><F127/><W8/><G125/><T110/><D37/><U98/><E130/><V47/><F85/><W108/><G108/><T30/><D30/><N who="1" m="11275" /><E73/><V0/><F0/><W75/><G75/><T58/><D110/><U79/><E134/><V123/><F123/><W19/><G19/><T91/><D104/><U3/><E3/><V103/><F109/><W25/><G25/><T35/><D35/><U48/><E111/><V1/><F1/><W115/><G115/><T71/><D71/><U11/><E48/><V107/><F77/><W32/><G32/><T135/><D135/><U34/><E34/><V20/><AGARI ba="0,0" hai="18,20,26,47,51,54,61,65,70,72,74,97,103,107" machi="20" ten="30,3000,0" yaku="0,1,52,1" doraHai="99" who="2" fromWho="2" sc="190,-10,290,-10,300,30,220,-10" /><INIT seed="2,1,0,3,2,71" ten="180,280,330,210" oya="2" hai0="11,89,81,109,26,17,0,74,123,135,66,125,106" hai1="41,12,1,49,55,120,73,50,114,93,53,8,16" hai2="113,86,44,80,19,83,112,128,110,10,5,132,88" hai3="40,2,62,14,60,91,115,21,90,58,102,27,84"/><V65/><F65/><W87/><G2/><T31/><D123/><U119/><E114/><V101/><F132/><W104/><G115/><T7/><D125/><U130/><E119/><V64/><F64/><W105/><G102/><T108/><D106/><U76/><E130/><V77/><F101/><W97/><G97/><T54/><D135/><U15/><E120/><V57/><F57/><W43/><G105/><T107/><D107/><U63/><E1/><V92/><F83/><N who="3" m="49439" /><G104/><T124/><D124/><U59/><E73/><V3/><F19/><N who="3" m="12735" /><G14/><T69/><D54/><U38/><E76/><V99/><F110/><W133/><G133/><T33/><D17/><U45/><E93/><V70/><F70/><W82/><G60/><N who="0" m="40135" /><D89/><U25/><E25/><V118/><F118/><W111/><G111/><N who="0" m="42571" /><D81/><U68/><E68/><V95/><F92/><W51/><G51/><T121/><D121/><U94/><E94/><V24/><F24/><W96/><G96/><T116/><D74/><U28/><E28/><V36/><F128/><W13/><G13/><T9/><D9/><U75/><E75/><V52/><F113/><W131/><G131/><T117/><AGARI ba="1,0" hai="0,7,11,26,31,33,116,117" m="42571,40135" machi="117" ten="30,2000,0" yaku="14,1,23,1" doraHai="71" who="0" fromWho="0" sc="180,23,280,-6,330,-11,210,-6" /><INIT seed="3,0,0,4,0,135" ten="203,274,319,204" oya="3" hai0="83,61,120,124,84,2,11,102,12,116,100,131,106" hai1="67,75,36,27,42,125,108,78,114,41,48,19,109" hai2="85,30,81,25,89,77,33,104,46,80,13,5,4" hai3="35,65,20,92,119,9,90,53,50,58,93,54,69"/><W82/><G119/><T130/><D2/><U127/><E114/><V15/><F104/><W91/><G35/><T134/><D134/><U107/><E107/><V59/><F59/><N who="3" m="33207" /><G69/><T115/><D120/><U123/><E123/><V111/><F111/><N who="1" m="42569" /><E36/><V63/><F63/><N who="3" m="38135" /><G82/><T34/><D34/><U70/><E70/><V101/><F101/><W39/><G39/><T8/><D116/><U98/><E67/><V122/><F122/><W44/><G9/><T129/><D106/><U60/><E60/><V79/><F89/><N who="3" m="33803" /><G20/><T73/><D73/><U29/><E98/><V132/><F132/><W22/><G22/><T56/><D115/><U105/><E105/><V57/><F57/><W68/><G68/><T133/><D133/><U47/><E41/><V97/><F97/><W126/><G126/><N who="1" m="48138" /><E75/><V103/><F103/><W37/><G37/><T49/><D102/><U121/><E121/><V96/><F96/><W32/><G32/><T71/><D100/><U28/><E78/><V87/><F46/><W66/><G66/><N who="0" m="41423" /><D124/><U40/><E42/><V99/><F99/><W14/><G14/><AGARI ba="0,0" hai="4,5,13,14,15,25,30,33,77,79,80,81,85,87" machi="14" ten="40,1300,0" yaku="9,1" doraHai="135" who="2" fromWho="3" sc="203,0,274,0,319,13,204,-13" /><INIT seed="4,0,0,1,5,29" ten="203,274,332,191" oya="0" hai0="28,22,129,134,132,125,7,118,123,109,32,88,91" hai1="121,114,113,5,70,39,103,130,126,46,53,87,40" hai2="81,75,97,74,13,6,69,51,52,45,115,15,120" hai3="60,116,83,117,107,18,33,71,65,12,55,77,94"/><T89/><D123/><U20/><E70/><V64/><F120/><W68/><G107/><T48/><D118/><U108/><E121/><V119/><F119/><W102/><G71/><T54/><D125/><U133/><E108/><V27/><F64/><W9/><G55/><T36/><D7/><U100/><E126/><V76/><F69/><W43/><G43/><T95/><D36/><U110/><E110/><V47/><F97/><W82/><G82/><T124/><D124/><U62/><E133/><N who="0" m="51305" /><D109/><U127/><E127/><V78/><F27/><W112/><G112/><N who="1" m="43114" /><E130/><V38/><F115/><W106/><G106/><T16/><D129/><U67/><E5/><V26/><F26/><W56/><G68/><T50/><D95/><U4/><E4/><V111/><F111/><W63/><G116/><T35/><D28/><U44/><E67/><V14/><F38/><W31/><G117/><T99/><D99/><U58/><E46/><V96/><F96/><W122/><G122/><T79/><D79/><U86/><E20/><V30/><F30/><W72/><G31/><T37/><D37/><U11/><E11/><V105/><F105/><W8/><G102/><AGARI ba="0,0" hai="39,40,44,53,58,62,86,87,100,102,103" m="43114" machi="102" ten="30,2000,0" yaku="15,1,11,1" doraHai="29" who="1" fromWho="3" sc="203,0,274,20,332,0,191,-20" /><INIT seed="5,0,0,1,0,132" ten="203,294,332,171" oya="1" hai0="111,7,112,81,63,77,126,29,129,76,134,114,113" hai1="97,26,30,21,34,2,13,65,17,9,75,62,123" hai2="8,127,119,25,72,15,6,128,86,39,96,52,51" hai3="50,99,95,36,125,80,84,32,71,66,22,38,3"/><U102/><E123/><V49/><F39/><W82/><G32/><T28/><D7/><U46/><E75/><V85/><F72/><W24/><G3/><T100/><D111/><U16/><E46/><V135/><F119/><W92/><G71/><T83/><D63/><U41/><E41/><V5/><F135/><W59/><G92/><T54/><D134/><U11/><E2/><V1/><F1/><W98/><G98/><T57/><D100/><U70/><REACH who="1" step="1"/><E17/><REACH who="1" ten="203,284,332,171" step="2"/><V94/><F128/><W64/><G38/><T68/><D129/><U88/><E88/><V31/><F5/><W103/><G36/><T104/><D112/><U117/><E117/><V47/><F51/><W45/><G50/><T10/><D113/><U48/><E48/><V69/><F47/><W108/><G45/><T74/><D114/><U42/><E42/><V12/><F49/><W116/><G116/><T133/><D74/><U115/><E115/><V27/><F31/><W35/><G108/><T118/><D29/><U121/><E121/><V107/><F6/><W105/><G103/><T20/><D28/><U78/><E78/><V90/><F90/><W67/><G35/><T56/><D77/><U58/><E58/><V44/><F44/><W61/><G59/><T4/><D76/><U55/><E55/><V53/><F52/><W93/><G61/><T130/><D56/><U120/><E120/><V110/><F53/><W89/><G89/><T43/><D57/><U37/><E37/><V14/><F110/><W131/><G131/><T23/><D130/><U109/><E109/><V73/><F73/><RYUUKYOKU ba="0,1" sc="203,-10,284,30,332,-10,171,-10" hai1="9,11,13,16,21,26,30,34,62,65,70,97,102" /><INIT seed="5,1,1,1,4,86" ten="193,314,322,161" oya="1" hai0="82,73,10,92,123,99,51,31,77,81,25,59,42" hai1="127,120,53,7,50,52,37,70,9,117,63,125,132" hai2="88,35,36,45,27,58,79,41,22,75,110,74,133" hai3="105,107,47,29,40,19,97,3,20,18,83,91,102"/><U12/><E120/><V46/><F35/><W54/><G3/><T122/><D10/><U48/><E117/><V24/><F133/><W121/><G121/><N who="0" m="46091" /><D82/><U129/><E37/><V78/><F110/><W135/><G135/><T90/><D59/><U17/><E132/><V126/><F126/><N who="1" m="48137" /><E129/><V84/><F58/><W71/><G71/><T113/><D113/><U124/><E124/><V72/><F46/><W108/><G108/><T33/><D51/><N who="1" m="19499" /><E7/><V23/><F23/><W85/><G54/><T57/><D57/><U8/><E9/><V100/><F100/><W26/><REACH who="3" step="1"/><G107/><REACH who="3" ten="193,314,322,151" step="2"/><T87/><D42/><U115/><E115/><V66/><F66/><AGARI ba="1,2" hai="8,12,17,52,53,63,66,70" m="19499,48137" machi="66" ten="30,2900,0" yaku="18,1,54,1" doraHai="86" who="1" fromWho="2" sc="193,0,314,52,322,-32,151,0" /><INIT seed="5,2,0,2,0,88" ten="193,366,290,151" oya="1" hai0="121,9,32,42,95,134,18,44,14,87,77,4,59" hai1="72,3,131,53,98,26,120,75,96,23,132,119,83" hai2="97,25,81,106,94,10,108,54,49,27,82,67,58" hai3="24,99,12,64,112,55,110,41,80,125,40,126,11"/><U15/><E3/><V61/><F106/><W20/><G110/><T8/><D32/><U37/><E37/><V123/><F108/><W105/><G112/><T33/><D33/><U5/><E120/><V35/><F123/><W103/><G64/><T70/><D70/><U79/><E119/><V17/><F35/><W101/><G101/><T116/><D116/><U86/><E132/><V85/><F82/><W29/><G80/><T0/><D134/><U30/><E131/><V2/><F2/><W7/><REACH who="3" step="1"/><G55/><REACH who="3" ten="193,366,290,141" step="2"/><T100/><D121/><U21/><E53/><V19/><F67/><W51/><G51/><N who="0" m="27031" /><D100/><U47/><E75/><V56/><F49/><W135/><G135/><T57/><D77/><U43/><E72/><V113/><F113/><W90/><G90/><T16/><D59/><U48/><E23/><V63/><F58/><W130/><G130/><T62/><D57/><U76/><E79/><V111/><F61/><W115/><G115/><T93/><D62/><U118/><E118/><V46/><F111/><W22/><G22/><T84/><D9/><AGARI ba="2,1" hai="5,9,15,21,26,30,43,47,48,76,83,86,96,98" machi="9" ten="40,7700,0" yaku="25,2,8,1" doraHai="88" who="1" fromWho="0" sc="193,-83,366,93,290,0,141,0" /><INIT seed="5,3,0,0,5,30" ten="110,459,290,141" oya="1" hai0="9,92,100,47,38,48,52,123,120,15,79,104,53" hai1="130,128,35,134,112,102,73,18,78,86,3,12,77" hai2="80,31,90,10,70,72,111,40,69,89,81,63,127" hai3="101,97,62,1,50,17,65,45,113,2,8,75,133"/><U110/><E3/><V22/><F111/><W105/><G75/><T61/><D104/><U68/><E110/><V46/><F10/><W29/><G113/><T115/><D79/><U74/><E68/><V121/><F121/><N who="0" m="46666" /><D115/><U83/><E112/><V126/><F22/><W125/><G125/><T122/><N who="0" m="46674" /><T24/><DORA hai="91" /><D24/><U129/><E134/><V99/><F31/><W16/><G133/><T39/><D61/><U21/><E102/><V43/><F99/><W58/><G29/><T34/><D34/><U37/><E37/><V5/><F63/><W0/><REACH who="3" step="1"/><G8/><REACH who="3" ten="110,459,290,131" step="2"/><T60/><D60/><U106/><E74/><V117/><F72/><W56/><G56/><T131/><D131/><U103/><E73/><V23/><F127/><W20/><G20/><T51/><D9/><U96/><E35/><V59/><F126/><W132/><G132/><T67/><D67/><U57/><E57/><V95/><F23/><W135/><G135/><T4/><D4/><U116/><E130/><V7/><F59/><W109/><G109/><T119/><D119/><U26/><E116/><V64/><F117/><W55/><AGARI ba="3,1" hai="0,1,2,16,17,45,50,55,58,62,65,97,101,105" machi="55" ten="30,4000,0" yaku="1,1,0,1,54,1,53,0" doraHai="30,91" doraHaiUra="71,124" who="3" fromWho="3" sc="110,-13,459,-23,290,-13,131,59" /><INIT seed="6,0,0,2,4,53" ten="97,436,277,190" oya="2" hai0="132,61,16,38,126,13,3,104,135,21,68,123,51" hai1="110,82,17,111,0,91,52,12,74,100,124,86,112" hai2="10,14,78,43,5,26,72,125,80,37,117,7,122" hai3="34,60,79,89,57,30,116,114,11,109,66,2,54"/><V18/><F122/><W113/><G116/><T46/><D123/><U25/><E0/><V105/><F117/><W40/><G109/><T41/><D104/><U36/><E36/><V31/><F105/><W15/><G2/><T4/><D126/><U107/><E124/><V92/><F125/><W6/><G79/><T127/><D127/><U97/><E112/><N who="3" m="43114" /><G34/><T87/><D38/><U23/><E74/><V94/><F5/><W39/><G30/><T55/><D68/><U1/><E1/><V102/><F18/><W45/><G89/><T76/><D3/><U44/><REACH who="1" step="1"/><E12/><REACH who="1" ten="97,426,277,190" step="2"/><V35/><REACH who="2" step="1"/><F102/><REACH who="2" ten="97,426,267,190" step="2"/><W70/><G70/><T133/><D133/><U8/><E8/><V85/><F85/><W134/><G134/><T98/><D87/><U33/><E33/><V115/><F115/><W130/><G130/><T64/><D132/><U27/><E27/><V56/><F56/><W119/><G119/><T90/><D135/><U129/><E129/><V128/><F128/><W65/><AGARI ba="0,2" hai="6,11,15,39,40,45,54,57,60,65,66" m="43114" machi="65" ten="30,4000,0" yaku="15,1,11,1,52,1" doraHai="53" who="3" fromWho="3" sc="97,-10,426,-10,267,-20,190,60" /><INIT seed="7,0,0,5,1,92" ten="87,416,247,250" oya="3" hai0="23,129,96,6,69,88,89,117,124,52,133,5,11" hai1="3,46,83,63,43,44,121,73,132,67,116,113,29" hai2="70,68,118,18,31,114,90,110,126,105,100,106,135" hai3="97,10,81,103,55,109,9,75,122,79,111,108,87"/><W49/><G122/><T30/><D124/><U27/><E121/><V1/><F1/><W25/><G25/><T50/><D129/><U119/><E113/><V37/><F126/><W134/><G134/><T2/><D133/><U131/><E3/><V128/><F37/><W36/><G36/><T4/><D117/><N who="1" m="45131" /><E131/><V45/><F118/><W38/><G38/><T60/><D69/><N who="1" m="42239" /><E132/><V40/><F31/><W13/><G75/><T93/><D60/><U66/><E66/><V91/><F114/><W130/><G130/><T57/><D30/><U101/><E101/><V51/><F135/><W64/><G13/><T41/><D41/><U39/><E46/><V59/><F128/><W33/><G64/><T28/><D28/><U61/><E61/><V7/><F7/><W12/><G12/><T62/><D62/><U22/><E83/><V72/><F72/><AGARI ba="0,0" hai="22,27,29,39,43,44,72,73" m="42239,45131" machi="72" ten="30,1000,0" yaku="12,1" doraHai="92" who="1" fromWho="2" sc="87,0,416,10,247,-10,250,0" owari="87,-41.0,426,52.0,237,-16.0,250,5.0" /></mjloggm>