<mjloggm ver="2.3"><GO type="41"/><UN n0="%73%68%69%6E%6F%21%21" n1="%73%6D%74%31%32%30%30%30" n2="%E3%82%A6%E3%83%AB%E3%83%88%E3%83%A9%E7%AB%8B%E7%9B%B4" n3="%E3%81%8F%E3%81%BE%43%EF%BD%9E" dan="14,14,15,14" rate="1951,1849,2008,1907" sx="M,F,M,M"/><TAIKYOKU oya="0"/><INIT seed="0,0,0,3,4,41" ten="250,250,250,250" oya="0" hai0="109,112,53,114,104,85,57,55,48,23,118,86,0" hai1="69,10,17,135,81,80,110,98,16,82,129,51,64" hai2="130,67,72,133,8,126,74,15,50,59,49,73,71" hai3="123,6,96,44,99,127,37,107,1,100,87,46,11"/><T128/><D0/><U78/><E78/><V106/><F106/><W3/><G3/><T132/><D104/><U32/><E110/><V124/><F71/><W89/><G37/><T63/><D118/><U65/><E129/><V66/><F59/><W19/><G127/><N who="2" m="48681" /><F130/><W54/><G123/><T60/><D128/><U24/><E135/><V2/><F2/><W94/><G54/><T116/><D116/><U42/><E98/><V29/><F29/><W101/><REACH who="3" step="1"/><G19/><REACH who="3" ten="250,250,250,240" step="2"/><T131/><D131/><U22/><E17/><N who="2" m="8423" /><F133/><W21/><G21/><T39/><D39/><U7/><E16/><V12/><F12/><W56/><G56/><T4/><D132/><U14/><E22/><V13/><F13/><W119/><G119/><T83/><D23/><U90/><E69/><V111/><F111/><W77/><G77/><T36/><D109/><U93/><E32/><V108/><F108/><W92/><AGARI ba="0,1" hai="1,6,11,44,46,87,89,92,94,96,99,100,101,107" machi="92" ten="20,8000,1" yaku="1,1,0,1,7,1,52,2,53,0" doraHai="41" doraHaiUra="113" who="3" fromWho="3" sc="250,-40,250,-20,250,-20,240,90" /><INIT seed="1,0,0,2,3,13" ten="210,230,230,330" oya="1" hai0="48,123,70,60,119,6,52,71,114,29,36,25,20" hai1="90,83,120,115,58,73,113,75,98,135,85,86,1" hai2="35,118,3,92,50,103,100,96,74,47,122,18,7" hai3="97,34,11,19,116,134,40,82,43,91,61,125,79"/><U56/><E1/><V80/><F35/><W78/><G34/><T51/><D119/><U2/><E2/><V128/><F122/><W21/><G116/><T81/><D114/><U14/><E14/><V111/><F118/><W46/><G134/><T10/><D36/><U31/><E31/><V129/><F7/><W109/><G125/><T76/><D123/><U44/><E44/><V4/><F4/><W133/><G133/><T121/><D51/><U12/><E12/><V16/><F3/><W67/><G11/><T55/><D121/><U124/><E120/><V41/><F103/><W26/><G46/><T69/><D60/><U54/><E135/><V23/><F23/><W57/><G109/><T37/><D37/><U24/><E24/><V9/><F9/><W102/><G91/><T94/><D94/><U87/><E98/><V104/><F104/><W110/><G110/><T132/><D132/><U42/><E42/><V17/><F111/><W93/><REACH who="3" step="1"/><G79/><REACH who="3" ten="210,230,230,320" step="2"/><T64/><D10/><U30/><E124/><V38/><REACH who="2" step="1"/><F38/><REACH who="2" ten="210,230,220,320" step="2"/><W107/><G107/><T105/><D105/><U117/><E117/><V88/><F88/><W130/><G130/><T77/><D77/><AGARI ba="0,2" hai="16,17,18,41,47,50,74,77,80,92,96,100,128,129" machi="77" ten="40,8000,1" yaku="1,1,52,3,54,1,53,0" doraHai="13" doraHaiUra="32" who="2" fromWho="0" sc="210,-80,230,0,220,100,320,0" /><INIT seed="2,0,0,1,1,62" ten="130,230,320,320" oya="2" hai0="25,75,27,74,52,85,41,103,134,106,109,114,8" hai1="82,21,14,24,92,66,96,31,68,133,81,102,107" hai2="116,16,7,112,60,43,95,34,55,37,48,73,29" hai3="99,83,76,79,94,36,104,13,98,51,57,130,6"/><V91/><F116/><W0/><G36/><T10/><D114/><U125/><E125/><V19/><F73/><W67/><G0/><T129/><D129/><U86/><E133/><V123/><F123/><W28/><G130/><T23/><D134/><U32/><E14/><V22/><F112/><W58/><G28/><T124/><D124/><U30/><E30/><V54/><F7/><W49/><G104/><T131/><D131/><U127/><E127/><V4/><F4/><W64/><G6/><T11/><D109/><U84/><E21/><V42/><F34/><W15/><REACH who="3" step="1"/><G94/><REACH who="3" ten="130,230,320,310" step="2"/><T69/><D106/><U47/><E92/><V93/><F37/><W77/><G77/><T35/><D35/><U117/><E31/><V20/><F29/><W18/><G18/><T101/><D75/><U70/><E107/><V63/><F91/><W39/><G39/><T12/><D74/><U61/><E117/><V5/><F5/><W50/><G50/><AGARI ba="0,1" hai="16,19,20,22,42,43,48,50,54,55,60,63,93,95" machi="50" ten="25,9600,0" yaku="22,2,8,1,54,1" doraHai="62" who="2" fromWho="3" sc="130,0,230,0,320,106,310,-96" /><INIT seed="2,1,0,5,1,45" ten="130,230,426,214" oya="2" hai0="94,10,100,21,74,87,40,6,105,133,119,31,135" hai1="67,63,17,108,113,32,70,29,20,102,12,41,76" hai2="106,68,4,79,46,121,5,84,14,61,60,120,34" hai3="126,8,0,59,123,97,13,86,125,134,64,73,132"/><V77/><F46/><W98/><G73/><T103/><D74/><U36/><E76/><V107/><F14/><W2/><G64/><T115/><D119/><U22/><E102/><V26/><F26/><W53/><G123/><T124/><D115/><U96/><E96/><N who="3" m="36970" /><G86/><T129/><D105/><U51/><E20/><V49/><F84/><W101/><G101/><T44/><D124/><N who="3" m="47721" /><G13/><N who="0" m="5335" /><D129/><U3/><E12/><V1/><F34/><W99/><N who="3" m="36978" /><W50/><DORA hai="75" /><G8/><T80/><D21/><U88/><E67/><V43/><F43/><W18/><G18/><T35/><D35/><U131/><E41/><V90/><F90/><W7/><G7/><T69/><D69/><U57/><E88/><V89/><F89/><W48/><G50/><N who="0" m="26887" /><D31/><U83/><E22/><V33/><F33/><W55/><G55/><T16/><D16/><U122/><E17/><V27/><F27/><W85/><G85/><T65/><D65/><U91/><E29/><V58/><F68/><W92/><G92/><T114/><D114/><U11/><E70/><V82/><F49/><W9/><G9/><T93/><D103/><U78/><E113/><V116/><F120/><W109/><G109/><T23/><D23/><U62/><E108/><V30/><F121/><W28/><G28/><T110/><D110/><U81/><E122/><V37/><F30/><W38/><G38/><T15/><D100/><U39/><E36/><V112/><F37/><W24/><G24/><T95/><D15/><U104/><E39/><V118/><F112/><W66/><G66/><T54/><D54/><U52/><E52/><RYUUKYOKU ba="1,0" sc="130,15,230,-15,426,-15,214,15" hai0="80,87,93,94,95,133,135" hai3="0,2,48,53,59,132,134" /><INIT seed="3,2,0,3,5,13" ten="145,215,411,229" oya="3" hai0="94,43,17,85,86,69,78,1,2,87,111,109,59" hai1="129,40,121,76,104,3,28,108,16,120,7,132,64" hai2="38,32,61,33,62,99,10,15,125,79,29,54,115" hai3="30,37,12,128,5,60,63,53,8,91,56,89,124"/><W24/><G37/><T93/><D78/><U110/><E40/><V52/><F38/><W55/><G128/><T135/><D69/><U6/><E64/><V126/><F79/><W65/><G124/><T116/><D116/><U48/><E48/><V75/><F75/><W68/><REACH who="3" step="1"/><G55/><REACH who="3" ten="145,215,411,219" step="2"/><T14/><D135/><U114/><E129/><V57/><F54/><W42/><G42/><T73/><D43/><U34/><E132/><V83/><F125/><W39/><G39/><T102/><D73/><U4/><E120/><V97/><F126/><W113/><G113/><T44/><D44/><U80/><E121/><V105/><F115/><W11/><G11/><T118/><D118/><U131/><E114/><V117/><F117/><W35/><AGARI ba="2,1" hai="5,8,12,24,30,35,53,56,60,63,65,68,89,91" machi="35" ten="20,3900,0" yaku="1,1,0,1,7,1,53,0" doraHai="13" doraHaiUra="41" who="3" fromWho="3" sc="145,-15,215,-15,411,-15,219,55" /><INIT seed="3,3,0,0,1,69" ten="130,200,396,274" oya="3" hai0="41,131,14,74,43,46,84,64,42,54,96,59,34" hai1="72,4,101,27,50,44,130,97,119,1,78,68,82" hai2="48,33,103,73,56,16,121,53,112,39,2,21,37" hai3="66,99,71,38,95,117,32,108,125,22,30,89,105"/><W122/><G122/><T26/><D74/><U92/><E130/><V13/><F73/><W106/><G117/><T23/><D131/><U55/><E119/><V128/><F112/><W120/><G120/><T86/><D64/><U104/><E68/><V91/><F33/><W63/><G125/><T88/><D34/><U100/><E27/><V124/><F2/><W61/><G32/><T90/><D46/><U114/><E114/><V135/><F128/><W70/><G108/><T36/><D36/><U107/><E4/><V17/><F121/><W85/><G38/><T3/><D3/><U11/><E11/><V79/><F79/><W126/><G126/><T58/><D14/><U81/><E1/><V133/><F103/><W5/><G5/><T98/><D23/><U80/><E92/><V8/><F91/><N who="0" m="34858" /><D26/><U116/><E116/><V31/><F31/><W123/><G123/><T127/><D127/><U12/><E12/><N who="2" m="9351" /><F124/><W20/><G30/><T102/><D102/><U51/><E51/><V24/><F24/><W83/><G105/><T67/><D67/><U47/><E47/><V19/><F19/><W10/><G106/><T18/><D18/><U49/><E49/><V115/><F115/><W45/><G71/><T28/><D28/><U6/><E6/><V76/><F76/><W57/><G10/><T15/><D15/><U118/><E118/><V111/><F111/><W110/><G110/><T35/><D35/><U75/><E75/><V9/><F9/><W129/><G129/><T0/><D0/><U60/><E104/><V94/><F39/><W87/><G70/><RYUUKYOKU ba="3,0" sc="130,0,200,0,396,0,274,0" /><INIT seed="4,4,0,2,0,57" ten="130,200,396,274" oya="0" hai0="13,114,59,110,73,65,86,113,102,100,106,48,56" hai1="105,80,107,94,78,71,91,54,77,79,116,63,103" hai2="122,28,129,115,75,125,104,85,3,64,20,8,81" hai3="128,67,93,52,130,135,37,4,53,22,111,7,82"/><T12/><D73/><U51/><E116/><V32/><F104/><N who="1" m="40009" /><E71/><V16/><F75/><W14/><G111/><T19/><D110/><U47/><E63/><V58/><F115/><N who="0" m="44042" /><D86/><N who="1" m="50631" /><E54/><V69/><F125/><W40/><G82/><T38/><D38/><U42/><E51/><V55/><F129/><W118/><G118/><T127/><D127/><U50/><E50/><V84/><F64/><W70/><G37/><T120/><D120/><U6/><E47/><V34/><F69/><W46/><G40/><T97/><D102/><U131/><E42/><V74/><F34/><W9/><G135/><T132/><D132/><U26/><E26/><V66/><F66/><W29/><G46/><T17/><D48/><U43/><E43/><V117/><F122/><W87/><G130/><T1/><D1/><U5/><E131/><V124/><F117/><W95/><G128/><T11/><D65/><U134/><E134/><V15/><F124/><W133/><G133/><T35/><D35/><U101/><E5/><N who="2" m="1087" /><F55/><W33/><G7/><T21/><AGARI ba="4,0" hai="11,12,13,17,19,21,56,59,97,100,106" m="44042" machi="21" ten="30,1500,0" yaku="15,1" doraHai="57" who="0" fromWho="0" sc="130,27,200,-9,396,-9,274,-9" /><INIT seed="4,5,0,2,2,55" ten="157,191,387,265" oya="0" hai0="27,58,6,47,110,96,102,108,87,90,65,48,73" hai1="51,97,63,77,43,9,33,132,54,74,1,111,117" hai2="34,28,3,29,83,133,23,105,31,121,32,115,61" hai3="25,36,120,5,4,35,11,71,123,126,88,100,92"/><T116/><D73/><U94/><E33/><V106/><F121/><N who="3" m="46667" /><G71/><T82/><D116/><U24/><E63/><V69/><F133/><W56/><G36/><T22/><D6/><U107/><E54/><V72/><F23/><W122/><G126/><T7/><D7/><U40/><E51/><V104/><F3/><W76/><G76/><T50/><D47/><U84/><E24/><V130/><F130/><W68/><G68/><T57/><D65/><U52/><E84/><V80/><F115/><W112/><G112/><T64/><D64/><U95/><E94/><V75/><F61/><W128/><G128/><T93/><D50/><U2/><E95/><V131/><F69/><W60/><G100/><T16/><D48/><U79/><E74/><N who="2" m="28203" /><F131/><W12/><G25/><T114/><D114/><U21/><E43/><V37/><F37/><W125/><G35/><AGARI ba="5,0" hai="28,29,31,32,34,35,80,83,104,105,106" m="28203" machi="35" ten="40,2600,0" yaku="28,2" doraHai="55" who="2" fromWho="3" sc="157,0,191,0,387,41,265,-41" /><INIT seed="5,0,0,3,0,22" ten="157,191,428,224" oya="1" hai0="65,72,4,126,36,50,18,86,34,37,95,31,103" hai1="125,56,130,74,132,117,15,80,17,104,82,78,79" hai2="48,66,52,90,101,19,30,63,118,2,28,59,116" hai3="123,81,127,131,10,39,43,102,54,91,1,24,64"/><U128/><E117/><V73/><F2/><W13/><G123/><T14/><D72/><U83/><E56/><V112/><F73/><W40/><G1/><T99/><D4/><U108/><E104/><V75/><F75/><W6/><G131/><T53/><D126/><U58/><E58/><V113/><F101/><W94/><G127/><T115/><D115/><N who="2" m="44106" /><F19/><W25/><G64/><T51/><D65/><U8/><E125/><V120/><F120/><W70/><G54/><T41/><D41/><N who="3" m="15945" /><G39/><T100/><D100/><U124/><E124/><V0/><F0/><W3/><G70/><T106/><D51/><U98/><E98/><V42/><F42/><W11/><G3/><T93/><D93/><U129/><E132/><V122/><F122/><W121/><G121/><T38/><D86/><U35/><E35/><V26/><F90/><W47/><G47/><T135/><D135/><U32/><E32/><N who="2" m="20503" /><F30/><W69/><G69/><AGARI ba="0,0" hai="48,52,59,63,66,69,116,118" m="20503,44106" machi="69" ten="30,7700,0" yaku="15,1,11,1,52,1,54,1" doraHai="22" who="2" fromWho="3" sc="157,0,191,0,428,77,224,-77" /><INIT seed="6,0,0,1,0,43" ten="157,191,505,147" oya="2" hai0="56,102,23,61,113,59,41,125,50,99,106,12,120" hai1="28,133,129,75,101,68,47,53,121,88,117,57,54" hai2="111,26,131,80,18,109,78,123,65,70,29,48,8" hai3="49,22,24,108,91,118,0,17,122,73,67,126,51"/><V4/><F65/><W104/><G122/><T40/><D120/><U135/><E57/><V62/><F70/><W36/><G108/><T92/><D125/><U9/><E9/><V82/><F62/><W74/><G118/><T94/><D113/><U87/><E101/><V46/><F18/><W84/><G36/><T6/><D106/><U130/><E87/><V112/><F112/><W72/><G126/><T110/><D110/><U90/><E28/><V21/><F123/><W107/><G0/><T19/><D6/><U3/><E121/><V97/><F97/><W7/><G7/><T85/><D56/><U31/><E31/><V114/><F114/><W116/><G116/><T128/><D128/><U11/><E11/><V1/><F82/><W30/><G30/><T52/><D61/><U105/><E117/><V10/><F10/><W25/><G25/><T81/><D94/><U20/><E20/><V39/><F131/><W115/><G51/><T14/><D14/><U71/><E105/><V58/><F58/><W34/><G67/><T55/><D55/><U98/><E98/><V63/><F63/><W44/><G34/><T42/><D42/><U37/><E37/><V69/><F69/><W89/><G115/><T103/><D103/><U33/><E33/><V83/><F83/><W86/><G91/><AGARI ba="0,0" hai="12,19,23,40,41,50,52,59,81,85,91,92,99,102" machi="91" ten="30,3900,0" yaku="7,1,8,1,54,1" doraHai="43" who="0" fromWho="3" sc="157,39,191,0,505,0,147,-39" /><INIT seed="7,0,0,5,2,52" ten="196,191,505,108" oya="3" hai0="25,31,58,91,34,46,38,37,45,76,11,49,44" hai1="7,47,82,2,32,83,26,63,68,106,30,18,108" hai2="114,69,0,9,107,39,13,117,22,109,29,40,121" hai3="89,110,41,97,43,131,51,72,127,21,57,130,94"/><W65/><G72/><T79/><D11/><U17/><E106/><V123/><F29/><W80/><G127/><T116/><D116/><U24/><E47/><V4/><F22/><W119/><G119/><T134/><D134/><U92/><E92/><V105/><F13/><W128/><G110/><T95/><D38/><U124/><E124/><V59/><F117/><W48/><G80/><T66/><D37/><U100/><E100/><V88/><F69/><W5/><G5/><T62/><REACH who="0" step="1"/><D49/><REACH who="0" ten="186,191,505,108" step="2"/><N who="3" m="19017" /><G21/><T99/><AGARI ba="0,1" hai="25,31,34,44,45,46,58,62,66,76,79,91,95,99" machi="99" ten="30,4000,0" yaku="1,1,0,1,52,1,53,0" doraHai="52" doraHaiUra="96" who="0" fromWho="0" sc="186,50,191,-10,505,-10,108,-20" owari="236,4.0,181,-22.0,495,59.0,88,-41.0" /></mjloggm>