<mjloggm ver="2.3"><GO type="169" lobby="0"/><UN n0="%4E%41%4B%37" n1="%E2%99%AA%E3%83%A2%E3%83%8E%E3%82%AF%E3%83%AD" n2="%EF%BC%88%E2%89%A7%E2%96%BD%E2%89%A6%EF%BC%89" n3="%E5%A4%A7%E7%8E%89%E5%B0%86" dan="16,18,17,17" rate="2074,2222,2117,2178" sx="M,F,M,M"/><TAIKYOKU oya="0"/><INIT seed="0,0,0,3,0,132" ten="250,250,250,250" oya="0" hai0="21,25,16,105,125,122,121,4,79,11,110,28,75" hai1="71,98,47,53,34,39,1,50,30,58,12,72,44" hai2="111,29,95,103,133,10,131,82,40,0,31,89,42" hai3="35,84,126,97,70,88,59,115,46,109,41,2,8"/><T69/><D105/><U43/><E1/><V9/><F133/><W85/><G115/><T6/><D69/><U76/><E71/><V77/><F131/><W108/><G70/><T113/><D113/><U93/><E12/><V101/><F111/><N who="3" m="42571" /><G35/><T94/><D110/><U67/><E72/><V27/><F0/><W17/><G59/><T13/><D75/><U56/><E76/><V87/><F42/><W102/><G126/><T37/><D37/><U22/><E34/><V62/><F40/><W135/><G135/><T24/><D94/><U128/><E128/><V92/><F62/><W123/><G123/><N who="0" m="47115" /><D79/><U107/><E107/><V60/><F60/><W78/><G78/><T116/><D116/><U36/><E36/><V32/><F31/><W117/><G117/><T129/><D129/><U100/><REACH who="1" step="1"/><E67/><REACH who="1" ten="250,240,250,250" step="2"/><V73/><F73/><W96/><G2/><T99/><D99/><U45/><E45/><V80/><F77/><W104/><G97/><T54/><D54/><U18/><E18/><V127/><F32/><W7/><G17/><N who="0" m="12335" /><D125/><U33/><E33/><AGARI ba="0,1" hai="4,6,11,13,16,25,28,33" m="12335,47115" machi="33" ten="30,5800,0" yaku="34,2,54,1" doraHai="132" who="0" fromWho="1" sc="250,68,240,-58,250,0,250,0" /><INIT seed="0,1,0,4,2,74" ten="318,182,250,250" oya="0" hai0="107,46,122,40,92,91,79,23,4,34,56,3,37" hai1="45,6,8,118,57,78,9,98,73,7,82,19,93" hai2="108,131,65,18,43,66,36,52,134,50,62,31,116" hai3="21,60,99,39,38,85,83,111,101,33,112,15,68"/><T70/><D122/><U47/><E118/><V1/><F1/><W49/><G33/><T30/><D107/><U84/><E19/><V80/><F116/><W110/><G112/><T2/><D70/><U113/><E113/><V124/><F31/><W27/><G15/><T55/><D34/><U61/><E73/><V88/><F124/><W87/><G49/><T125/><D125/><U127/><E127/><V102/><F108/><N who="3" m="41515" /><G60/><T129/><D129/><U22/><E22/><V96/><F131/><W97/><G68/><T51/><D4/><U133/><E133/><V48/><F134/><W95/><G99/><T14/><D3/><U89/><E7/><V58/><F36/><N who="3" m="13867" /><G83/><T12/><D2/><U11/><REACH who="1" step="1"/><E6/><REACH who="1" ten="318,172,250,250" step="2"/><V104/><F18/><AGARI ba="1,1" hai="18,21,27,85,87,95,97,101" m="13867,41515" machi="18" ten="30,1000,0" yaku="14,1" doraHai="74" who="3" fromWho="2" sc="318,0,172,0,250,-13,250,23" /><INIT seed="1,0,0,4,4,88" ten="318,172,237,273" oya="1" hai0="41,47,32,14,26,12,135,83,36,31,132,101,90" hai1="111,1,50,67,85,84,123,62,52,51,131,73,98" hai2="100,16,4,15,133,7,17,116,39,33,124,81,56" hai3="106,87,54,60,76,96,55,28,115,77,65,99,105"/><U20/><E123/><V121/><F39/><W27/><G115/><T45/><D101/><U6/><E73/><V29/><F121/><W72/><G72/><T3/><D3/><U48/><E131/><V11/><F116/><W35/><G105/><T0/><D0/><U68/><E111/><V82/><F124/><W42/><G42/><T79/><D90/><U104/><E20/><V128/><F128/><W58/><G77/><T91/><D91/><U75/><E75/><V24/><F133/><N who="0" m="51274" /><D47/><U40/><E40/><V19/><F100/><W134/><G134/><T118/><D118/><U21/><E21/><V113/><F113/><W13/><G13/><T57/><D57/><U38/><E38/><V127/><F127/><W80/><G106/><T69/><D69/><U74/><E74/><AGARI ba="0,0" hai="12,14,26,31,32,36,41,45,74,79,83" m="51274" machi="74" ten="30,1000,0" yaku="20,1" doraHai="88" who="0" fromWho="1" sc="318,10,172,-10,237,0,273,0" /><INIT seed="2,0,0,4,4,92" ten="328,162,237,273" oya="2" hai0="96,11,1,50,8,112,47,55,22,94,16,75,100" hai1="67,36,87,132,44,120,79,93,63,121,78,17,45" hai2="57,111,135,85,60,130,65,84,104,43,83,48,3" hai3="105,73,58,82,56,61,74,90,6,107,89,9,27"/><V29/><F3/><W4/><G27/><T86/><D75/><U54/><E132/><V32/><F135/><W116/><G61/><T31/><D112/><U46/><E36/><V59/><F130/><W52/><G9/><T41/><D31/><U37/><E37/><V122/><F122/><N who="1" m="47209" /><E54/><V26/><F111/><W133/><G133/><T53/><D86/><U23/><E87/><V66/><F104/><W68/><G82/><T103/><D103/><U98/><E23/><V42/><F85/><W128/><G128/><T10/><D1/><U101/><E17/><V127/><F127/><W123/><G123/><T88/><D100/><U80/><E80/><V64/><F48/><W110/><G110/><T7/><D7/><U5/><E5/><V108/><F108/><W14/><G14/><AGARI ba="0,0" hai="8,10,11,14,16,22,41,47,50,53,55,88,94,96" machi="14" ten="40,8000,1" yaku="8,1,52,1,54,2" doraHai="92" who="0" fromWho="3" sc="328,80,162,0,237,0,273,-80" /><INIT seed="3,0,0,4,1,93" ten="408,162,237,193" oya="3" hai0="5,0,14,50,98,49,28,123,54,79,97,56,12" hai1="86,129,75,23,87,99,112,59,94,46,116,132,102" hai2="32,31,130,133,17,108,22,58,95,70,55,41,67" hai3="39,122,53,18,74,57,20,105,38,66,7,15,47"/><W36/><G122/><T114/><D123/><U101/><E112/><V84/><F133/><W10/><G74/><T77/><D28/><U128/><E75/><V135/><F135/><W72/><G72/><T91/><D0/><U118/><E132/><V30/><F130/><N who="1" m="50281" /><E46/><V125/><F125/><W71/><G105/><T3/><D3/><U68/><E68/><V24/><F108/><W26/><G71/><T80/><D114/><U60/><E23/><V109/><F109/><W19/><G66/><T16/><D5/><U83/><E83/><V115/><F115/><W69/><G69/><T89/><D50/><U4/><E4/><V1/><F1/><W104/><G104/><T96/><D12/><U85/><E102/><V6/><F6/><W11/><G47/><T25/><D25/><U29/><E29/><V33/><F41/><W124/><G124/><T35/><D35/><U64/><AGARI ba="0,0" hai="59,60,64,85,86,87,94,99,101,116,118" m="50281" machi="64" ten="40,2700,0" yaku="19,1,52,1" doraHai="93" who="1" fromWho="1" sc="408,-7,162,27,237,-7,193,-13" /><INIT seed="4,0,0,3,5,58" ten="401,189,230,180" oya="0" hai0="135,18,42,11,107,46,106,23,118,68,98,26,28" hai1="36,63,83,115,99,27,16,110,37,94,131,65,124" hai2="53,126,104,52,17,8,120,66,74,59,132,34,116" hai3="87,129,0,54,48,56,101,105,7,55,81,121,72"/><T93/><D118/><U127/><E110/><V102/><F120/><W108/><G108/><T29/><D135/><U92/><E131/><V103/><F74/><W111/><G111/><T2/><D68/><U20/><E83/><V25/><F132/><W96/><G129/><T69/><D69/><U97/><E115/><V91/><F116/><W38/><G38/><T90/><D29/><U82/><E82/><V114/><F114/><W78/><G121/><T5/><REACH who="0" step="1"/><D28/><REACH who="0" ten="391,189,230,180" step="2"/><U122/><E122/><V1/><F126/><W130/><G130/><T70/><D70/><U119/><E119/><V31/><F31/><W133/><G133/><T117/><D117/><U85/><E127/><V30/><F30/><W86/><G72/><T21/><D21/><U35/><E124/><V43/><F34/><W88/><G78/><T13/><D13/><U84/><E35/><V45/><F1/><W61/><G0/><T109/><D109/><U112/><E112/><V67/><F25/><W12/><G12/><T51/><AGARI ba="0,1" hai="2,5,11,18,23,26,42,46,51,90,93,98,106,107" machi="51" ten="20,7800,0" yaku="1,1,0,1,7,1,53,1" doraHai="58" doraHaiUra="33" who="0" fromWho="0" sc="391,88,189,-26,230,-26,180,-26" /><INIT seed="4,1,0,3,3,128" ten="479,163,204,154" oya="0" hai0="12,0,134,40,80,123,61,67,124,100,99,18,21" hai1="39,42,87,65,1,29,74,36,75,116,103,107,62" hai2="14,108,105,104,68,129,95,22,16,3,15,102,9" hai3="77,57,51,72,56,34,85,120,82,122,37,84,19"/><T59/><D123/><N who="3" m="47145" /><G37/><T24/><D0/><U28/><E1/><V110/><F129/><W32/><G19/><T52/><D124/><U125/><E116/><V135/><F3/><W55/><G57/><T88/><D40/><U101/><E87/><AGARI ba="1,0" hai="32,34,51,55,56,72,77,82,84,85,87" m="47145" machi="87" ten="30,1000,0" yaku="13,1" doraHai="128" who="3" fromWho="1" sc="479,0,163,-13,204,0,154,13" /><INIT seed="5,0,0,2,5,57" ten="479,150,204,167" oya="1" hai0="14,26,51,100,24,77,70,104,65,121,31,44,87" hai1="115,29,109,68,42,83,30,4,40,117,11,88,45" hai2="125,41,112,122,107,66,8,97,23,2,3,128,116" hai3="73,52,36,110,58,12,69,78,55,35,132,98,126"/><U130/><E117/><V34/><F122/><W67/><G110/><T79/><D121/><U91/><E115/><V135/><F116/><W43/><G35/><T95/><D104/><U49/><E130/><V20/><F34/><W64/><G98/><T90/><D100/><U96/><E109/><V81/><F97/><W105/><G105/><T7/><D70/><U9/><E68/><V123/><F107/><W28/><G28/><N who="1" m="10858" /><E4/><V111/><F3/><W6/><G78/><T82/><D65/><U133/><E133/><V32/><F66/><W61/><G73/><T18/><D7/><U103/><E40/><V56/><F41/><W47/><G132/><T62/><D31/><U15/><E83/><V118/><F81/><W17/><G6/><T0/><D82/><U1/><E1/><V13/><F2/><W38/><G126/><T131/><D131/><U48/><E48/><V71/><F71/><W27/><G27/><T74/><D51/><U54/><E42/><V39/><F128/><W92/><G92/><T134/><D95/><N who="1" m="58783" /><E15/><V124/><F13/><W113/><G38/><T21/><D14/><U53/><E53/><V60/><F125/><W108/><G113/><T129/><D129/><U94/><E91/><V102/><F124/><W127/><G127/><T120/><D0/><U114/><E114/><V76/><F135/><W86/><G108/><T10/><D90/><U59/><E45/><V63/><F111/><W72/><G72/><T37/><D74/><U50/><E50/><V84/><F112/><W5/><G5/><T101/><D134/><U22/><E22/><RYUUKYOKU ba="0,0" sc="479,-10,150,30,204,-10,167,-10" hai1="9,11,49,54,59,88,94" /><INIT seed="5,1,0,0,4,124" ten="469,180,194,157" oya="1" hai0="1,26,95,72,76,117,128,92,97,55,111,100,113" hai1="24,84,10,61,115,82,7,68,105,54,42,134,78" hai2="104,94,29,135,109,123,4,112,67,40,17,121,126" hai3="86,57,88,18,81,99,37,39,132,98,66,32,131"/><U69/><E105/><V71/><F104/><W20/><G32/><T107/><D113/><U25/><E115/><V106/><F106/><W6/><G132/><T90/><D111/><U125/><E125/><V36/><F112/><W58/><G6/><T8/><D117/><U79/><E134/><V93/><F135/><W35/><G35/><T52/><D72/><U102/><E102/><V62/><F109/><W11/><G11/><T83/><D26/><U89/><E42/><V80/><F126/><W91/><G131/><T12/><D128/><U50/><E69/><V74/><F29/><W38/><G66/><T28/><D28/><U120/><E120/><V49/><F36/><W130/><G130/><T60/><D1/><U27/><E61/><V2/><F17/><W33/><G33/><T46/><D60/><U41/><E41/><V70/><F70/><W31/><G31/><T48/><D55/><U51/><E68/><V19/><F19/><W15/><REACH who="3" step="1"/><G91/><REACH who="3" ten="469,180,194,147" step="2"/><T122/><D90/><U64/><E64/><V85/><F4/><W73/><G73/><T101/><D8/><U133/><E133/><V59/><F74/><W23/><G23/><T53/><D122/><U9/><E9/><V47/><F123/><W22/><G22/><T30/><D30/><U13/><REACH who="1" step="1"/><E50/><REACH who="1" ten="469,170,194,147" step="2"/><N who="2" m="26983" /><F121/><W21/><G21/><T118/><D48/><U5/><E5/><V96/><F49/><W65/><G65/><T44/><D101/><U77/><E77/><V0/><F71/><W56/><AGARI ba="1,2" hai="15,18,20,37,38,39,56,57,58,81,86,88,98,99" machi="56" ten="40,5200,0" yaku="1,1,0,1,54,1,53,0" doraHai="124" doraHaiUra="34" who="3" fromWho="3" sc="469,-14,170,-27,194,-14,147,75" /><INIT seed="6,0,0,4,4,134" ten="455,143,180,222" oya="2" hai0="37,91,44,21,64,106,89,118,96,123,75,16,101" hai1="135,122,81,84,69,1,12,121,27,32,131,100,8" hai2="50,33,39,41,35,62,26,24,58,70,110,11,20" hai3="94,60,48,28,124,79,95,67,132,129,125,92,4"/><V7/><F39/><W25/><G132/><T14/><D123/><N who="1" m="47115" /><E135/><V99/><F110/><W102/><G102/><T111/><D111/><U85/><E131/><V2/><F70/><W34/><G129/><T17/><D75/><U72/><E1/><V130/><F130/><W3/><G79/><T29/><D29/><N who="1" m="19519" /><E69/><V113/><F26/><W73/><G73/><T46/><D64/><U112/><E112/><V109/><F113/><W56/><REACH who="3" step="1"/><G48/><REACH who="3" ten="455,143,180,212" step="2"/><T78/><D78/><N who="1" m="44231" /><E100/><V65/><F109/><W0/><G0/><T86/><D37/><U98/><E98/><V114/><F99/><W104/><G104/><T87/><D118/><U83/><E83/><V120/><F114/><W49/><G49/><T97/><D97/><U57/><E57/><V115/><F120/><W82/><G82/><T6/><D96/><U13/><E13/><V133/><F115/><W54/><G54/><T59/><D101/><U119/><E119/><V5/><F133/><W10/><AGARI ba="0,1" hai="3,4,10,25,28,34,56,60,67,92,94,95,124,125" machi="10" ten="30,7900,0" yaku="1,1,0,1,52,2,53,0" doraHai="134" doraHaiUra="36" who="3" fromWho="3" sc="455,-20,143,-20,180,-39,212,89" /><INIT seed="7,0,0,0,3,51" ten="435,123,141,301" oya="3" hai0="118,68,2,57,10,29,108,132,61,119,117,39,98" hai1="125,8,74,101,82,96,97,86,49,40,129,36,70" hai2="7,21,16,52,79,43,62,60,75,37,115,5,106" hai3="31,72,103,123,41,33,64,76,50,122,20,69,47"/><W102/><G33/><T113/><D108/><U126/><E70/><V92/><F106/><W73/><G122/><T58/><D39/><U91/><E36/><V134/><F134/><W78/><G123/><T127/><D132/><U35/><E35/><V55/><F115/><W1/><G1/><T120/><D120/><U89/><E74/><V42/><F75/><W94/><G73/><T131/><D113/><U111/><E111/><V124/><F124/><N who="1" m="47721" /><E8/><V26/><F79/><W77/><G72/><T34/><D29/><U45/><E129/><V30/><F37/><W54/><G41/><N who="2" m="15369" /><F30/><W114/><G114/><T28/><D58/><U22/><E22/><V9/><F92/><W25/><REACH who="3" step="1"/><G94/><REACH who="3" ten="435,123,141,291" step="2"/><T32/><D32/><U59/><E59/><N who="2" m="34943" /><F9/><W65/><G65/><T66/><D2/><U23/><E23/><V100/><F100/><W63/><AGARI ba="0,1" hai="20,25,31,47,50,54,63,64,69,76,77,78,102,103" machi="63" ten="30,6000,0" yaku="1,1,0,1,52,1,53,0" doraHai="51" doraHaiUra="93" who="3" fromWho="3" sc="435,-20,123,-20,141,-20,291,70" /><INIT seed="7,1,0,3,4,126" ten="415,103,121,361" oya="3" hai0="37,29,104,26,92,12,127,35,27,93,103,20,42" hai1="71,113,83,118,102,51,76,30,54,3,59,116,19" hai2="112,22,38,0,28,61,94,45,43,90,48,98,134" hai3="34,135,128,129,89,125,123,100,32,47,124,120,56"/><W23/><G100/><T121/><D121/><N who="3" m="46665" /><G47/><T73/><D73/><U86/><E113/><V87/><F0/><W95/><G56/><T70/><D70/><U50/><E71/><V69/><F134/><W36/><G36/><T46/><D127/><N who="3" m="48713" /><G23/><T2/><D2/><U49/><E3/><V41/><F112/><W40/><G40/><T91/><D12/><U18/><E102/><V24/><F38/><W7/><G7/><T68/><D68/><U82/><E82/><N who="2" m="49527" /><F69/><W13/><G13/><T10/><D10/><U115/><E115/><V77/><F61/><W109/><G109/><T130/><D130/><N who="3" m="50281" /><G135/><T17/><REACH who="0" step="1"/><D91/><REACH who="0" ten="405,103,121,361" step="2"/><U64/><E64/><V4/><F4/><W21/><G21/><T122/><D122/><U63/><REACH who="1" step="1"/><E30/><REACH who="1" ten="405,93,121,361" step="2"/><V25/><F28/><W110/><G110/><T57/><D57/><U105/><E105/><V99/><F45/><W6/><G6/><T39/><D39/><U14/><E14/><V16/><F25/><W106/><G106/><T80/><D80/><U84/><E84/><AGARI ba="1,2" hai="32,34,84,89,95" m="50281,48713,46665" machi="84" ten="40,12000,1" yaku="18,1,19,1,52,3" doraHai="126" who="3" fromWho="1" sc="405,0,93,-123,121,0,361,143" owari="405,21.0,-30,-53.0,121,-28.0,504,60.0" /></mjloggm>