<mjloggm ver="2.3"><GO type="169" lobby="0"/><UN n0="%E3%83%8F%E3%82%B4%E2%98%85%E6%B2%B3%E7%AB%A5" n1="%E3%83%8B%E3%82%B3%E3%82%BF%E3%83%9E" n2="%79%6A%6D" n3="%EF%BC%88%E2%89%A7%E2%96%BD%E2%89%A6%EF%BC%89" dan="16,16,16,17" rate="2178.78,2091.60,2001.08,2188.92" sx="M,M,F,M"/><TAIKYOKU oya="0"/><INIT seed="0,0,0,4,4,62" ten="250,250,250,250" oya="0" hai0="101,45,53,123,126,6,131,96,61,81,41,72,63" hai1="24,75,39,71,52,23,13,40,94,95,27,91,58" hai2="115,4,37,89,111,135,51,33,134,76,130,100,67" hai3="50,88,79,107,90,25,5,69,60,15,86,42,20"/><T2/><D123/><U98/><E75/><V43/><F115/><W108/><G107/><T8/><D131/><U133/><E71/><V55/><F33/><W121/><G121/><T59/><D126/><U11/><E133/><V97/><F130/><W77/><G108/><T22/><D22/><U124/><E124/><V19/><F111/><W87/><G69/><T125/><D125/><U103/><E40/><V16/><F4/><W70/><G70/><T85/><D63/><N who="1" m="36295" /><E23/><V102/><F76/><N who="3" m="29259" /><G60/><T34/><D34/><U3/><E3/><V120/><F120/><W30/><G50/><T29/><D29/><U128/><E39/><V114/><F114/><W28/><G28/><T64/><D72/><U21/><E21/><V38/><F38/><W49/><G49/><T46/><D41/><U122/><E122/><V110/><F37/><W48/><G48/><T80/><D53/><U99/><E128/><V83/><F43/><W44/><G44/><T92/><REACH who="0" step="1"/><D80/><REACH who="0" ten="240,250,250,250" step="2"/><U66/><E66/><V132/><F67/><W9/><G42/><T118/><D118/><U54/><E54/><V35/><F35/><W73/><G73/><T127/><D127/><U106/><E106/><V78/><F110/><W104/><G104/><T105/><D105/><U0/><E0/><V56/><F83/><W65/><G65/><T93/><D93/><U31/><E31/><V109/><F109/><W17/><G30/><T12/><D12/><U129/><E129/><V112/><F112/><W117/><G117/><T18/><D18/><AGARI ba="0,1" hai="11,13,18,24,27,91,94,95,98,99,103" m="36295" machi="18" ten="30,2000,0" yaku="8,1,54,1" doraHai="62" who="1" fromWho="0" sc="240,-20,250,30,250,0,250,0" /><INIT seed="1,0,0,4,3,126" ten="220,280,250,250" oya="1" hai0="10,88,67,13,18,43,94,124,61,79,3,49,72" hai1="63,78,86,69,20,25,27,33,54,133,125,60,0" hai2="56,57,105,17,31,92,127,123,53,41,2,21,104" hai3="128,35,16,65,134,47,7,101,11,76,83,58,130"/><U45/><E0/><V9/><F123/><W82/><G35/><T70/><D124/><U29/><E125/><V75/><F127/><W44/><G101/><T95/><D3/><U38/><E69/><V71/><F75/><W36/><G134/><T1/><D1/><U103/><E103/><V99/><F71/><W74/><G82/><T107/><D107/><U64/><E64/><V40/><F105/><W131/><G16/><T80/><D95/><U89/><E78/><V24/><F104/><W4/><G36/><T96/><D49/><U116/><E116/><V110/><F110/><W129/><G129/><T87/><REACH who="0" step="1"/><D43/><REACH who="0" ten="210,280,250,250" step="2"/><U39/><E39/><V37/><F37/><W106/><G106/><T115/><D115/><U84/><E38/><V66/><F2/><N who="3" m="407" /><G7/><T121/><D121/><U19/><E133/><V109/><F40/><W114/><G114/><T46/><D46/><U59/><E45/><V111/><F41/><W23/><G23/><T97/><AGARI ba="0,1" hai="10,13,18,61,67,70,72,79,80,87,88,94,96,97" machi="97" ten="30,4000,0" yaku="1,1,0,1,54,1,53,0" doraHai="126" doraHaiUra="68" who="0" fromWho="0" sc="210,50,280,-20,250,-10,250,-10" /><INIT seed="2,0,0,5,1,101" ten="260,260,240,240" oya="2" hai0="51,8,4,50,49,2,34,120,105,21,10,23,104" hai1="13,113,73,131,100,56,63,76,89,103,119,117,36" hai2="28,77,115,18,134,68,128,93,66,116,106,107,11" hai3="67,25,40,42,86,88,19,43,41,102,5,79,46"/><V61/><F115/><W31/><G5/><T110/><D34/><U3/><E36/><V1/><F116/><W90/><G102/><T12/><D120/><U32/><E3/><V26/><F77/><W38/><G67/><T74/><D74/><U39/><E39/><V69/><F69/><W135/><G135/><T53/><D110/><U64/><E32/><V132/><F128/><W127/><G127/><T14/><D53/><U17/><E131/><V37/><F37/><W123/><G19/><T45/><D45/><U47/><E47/><V91/><F18/><W30/><G123/><T98/><D98/><U52/><E113/><V80/><F80/><W92/><G79/><T29/><D29/><U118/><E89/><V60/><F60/><W99/><REACH who="3" step="1"/><G25/><REACH who="3" ten="260,260,240,230" step="2"/><T0/><D4/><U94/><E64/><V126/><F126/><W109/><G109/><T114/><D49/><U59/><E76/><V62/><F134/><W48/><G48/><T33/><D33/><U96/><E73/><V20/><F132/><W27/><G27/><T58/><D58/><U129/><E59/><V97/><REACH who="2" step="1"/><F61/><REACH who="2" ten="260,260,230,230" step="2"/><W133/><G133/><T87/><D114/><U57/><E129/><V84/><F84/><AGARI ba="0,2" hai="0,2,8,10,12,14,21,23,50,51,84,87,104,105" machi="84" ten="25,6400,0" yaku="22,2,52,2" doraHai="101" who="0" fromWho="2" sc="260,84,260,0,230,-64,230,0" /><INIT seed="3,0,0,5,1,122" ten="344,260,166,230" oya="3" hai0="78,56,53,110,112,54,69,25,47,45,77,20,39" hai1="1,33,85,41,117,24,0,82,65,36,75,7,35" hai2="16,90,99,119,5,128,106,62,114,98,10,13,76" hai3="60,101,61,4,131,124,94,23,81,127,12,31,27"/><W38/><G38/><T28/><D69/><U87/><E75/><V86/><F114/><W115/><G115/><T55/><D112/><U59/><E87/><V109/><F119/><W11/><G131/><T22/><D110/><U100/><E100/><V43/><F128/><W37/><G37/><T129/><D129/><U80/><E82/><V70/><F106/><W26/><G81/><T44/><D39/><U108/><E108/><V19/><F43/><W15/><G15/><T111/><D111/><U105/><E105/><V71/><F109/><W68/><G27/><T9/><D9/><U30/><E33/><V123/><F76/><W63/><REACH who="3" step="1"/><G68/><REACH who="3" ten="344,260,166,220" step="2"/><T116/><D116/><U34/><E24/><V79/><F123/><W58/><G58/><T64/><D56/><U92/><E80/><V18/><F79/><W88/><G88/><T97/><D78/><U17/><E59/><V132/><F71/><W8/><G8/><T73/><D77/><U51/><E36/><V83/><REACH who="2" step="1"/><F132/><REACH who="2" ten="344,260,156,220" step="2"/><W42/><G42/><T118/><D118/><U21/><E41/><V46/><F46/><W2/><G2/><T91/><D47/><U135/><E0/><V121/><F121/><W40/><G40/><T32/><D45/><U104/><E1/><V52/><F52/><W102/><G102/><T96/><D44/><U95/><E135/><V84/><F84/><W49/><G49/><T6/><D73/><U93/><E51/><V89/><F89/><W134/><G134/><T66/><D54/><U103/><E85/><V29/><F29/><W113/><G113/><T130/><D53/><RYUUKYOKU ba="0,2" sc="344,-15,260,-15,156,15,220,15" hai2="5,10,13,16,18,19,62,70,83,86,90,98,99" hai3="4,11,12,23,26,31,60,61,63,94,101,124,127" /><INIT seed="3,1,2,1,0,131" ten="329,245,171,235" oya="3" hai0="12,133,103,111,35,0,102,120,64,50,76,62,34" hai1="126,119,45,4,15,32,7,106,134,114,19,17,129" hai2="97,63,38,27,73,107,122,65,130,6,22,127,69" hai3="55,54,49,113,43,23,94,93,74,1,81,18,96"/><W84/><G113/><T71/><D0/><U112/><E106/><V90/><F73/><W59/><G1/><T47/><D120/><U25/><E45/><V67/><F38/><W8/><G74/><T88/><D76/><U16/><E129/><V118/><F130/><W56/><G8/><T26/><D111/><U123/><E123/><V95/><F122/><W135/><G135/><T51/><D51/><U108/><E108/><V37/><F118/><W3/><G43/><T42/><D133/><U85/><E85/><V30/><F37/><W115/><G3/><T20/><D12/><U41/><E41/><V10/><F127/><W78/><G96/><T83/><D35/><U46/><E46/><V28/><F67/><W104/><G104/><T39/><D34/><U52/><E52/><V2/><REACH who="2" step="1"/><F107/><REACH who="2" ten="329,245,161,235" step="2"/><W72/><G72/><T36/><D36/><U87/><E126/><V132/><F132/><W91/><G115/><T40/><D39/><U121/><E119/><V125/><F125/><W9/><G78/><T75/><D75/><U109/><E121/><V60/><F60/><N who="3" m="35863" /><G9/><T89/><D40/><U33/><E134/><V116/><F116/><W66/><G66/><T57/><D71/><U58/><E114/><V48/><F48/><W5/><G5/><T128/><D128/><U79/><E7/><V86/><F86/><W117/><G117/><T44/><D50/><U98/><E4/><V53/><F53/><W21/><G18/><AGARI ba="1,3" hai="2,6,10,18,22,27,28,30,63,65,69,90,95,97" machi="18" ten="30,2000,0" yaku="1,1,7,1,53,0" doraHai="131" doraHaiUra="101" who="2" fromWho="3" sc="329,0,245,0,161,53,235,-23" /><INIT seed="4,0,0,0,1,129" ten="329,245,214,212" oya="0" hai0="127,11,8,67,72,114,63,40,71,74,25,126,6" hai1="98,28,87,82,61,24,81,42,52,89,46,135,29" hai2="9,39,123,17,43,30,95,27,21,94,0,84,108" hai3="59,68,116,105,128,90,7,31,4,50,26,78,65"/><T49/><D25/><U44/><E98/><V64/><F123/><W60/><G116/><T80/><D114/><U76/><E42/><V18/><F108/><W125/><G125/><N who="0" m="47627" /><D80/><U32/><E29/><V34/><F64/><W48/><G105/><T122/><D122/><U121/><E121/><V35/><F39/><W33/><G128/><T109/><D109/><U22/><E32/><V131/><F43/><W38/><G38/><T120/><D120/><U88/><E135/><V5/><F131/><W77/><G90/><N who="1" m="34922" /><E81/><V117/><F117/><W55/><REACH who="3" step="1"/><G48/><REACH who="3" ten="329,245,214,202" step="2"/><T112/><D112/><U19/><E28/><V107/><F107/><W113/><G113/><T16/><D49/><U47/><E61/><V75/><F30/><W124/><G124/><T66/><D63/><U56/><E56/><V58/><F58/><W100/><G100/><T13/><D71/><U41/><E41/><V73/><F84/><W99/><G99/><T20/><D40/><U12/><E24/><V1/><F73/><N who="0" m="28266" /><D11/><U101/><E101/><V132/><F9/><W62/><G62/><T79/><D79/><AGARI ba="0,1" hai="4,7,26,31,33,50,55,59,60,65,68,77,78,79" machi="79" ten="40,1300,0" yaku="1,1,53,0" doraHai="129" doraHaiUra="103" who="3" fromWho="0" sc="329,-13,245,0,214,0,202,23" /><INIT seed="5,0,0,1,2,70" ten="316,245,214,225" oya="1" hai0="132,61,74,39,133,1,57,33,98,18,105,101,73" hai1="0,91,6,23,17,113,27,45,83,40,89,24,58" hai2="13,47,65,126,81,119,76,87,79,75,125,20,46" hai3="36,8,44,93,41,99,77,62,131,122,16,63,123"/><U7/><E113/><V67/><F119/><W102/><G77/><T68/><D1/><U71/><E71/><V54/><F13/><W117/><G117/><T19/><D68/><U38/><E0/><V21/><F87/><W104/><G131/><T129/><D33/><U134/><E134/><N who="0" m="51817" /><D129/><U103/><E103/><V97/><F97/><W135/><G104/><T100/><D100/><U28/><E58/><V48/><F81/><W37/><G37/><T3/><D3/><U56/><E56/><V42/><F75/><N who="0" m="28682" /><D39/><U35/><REACH who="1" step="1"/><E83/><REACH who="1" ten="316,235,214,225" step="2"/><V10/><F125/><W72/><G135/><T25/><D25/><U53/><E53/><AGARI ba="0,1" hai="18,19,53,57,61,98,101,105" m="28682,51817" machi="53" ten="30,1000,0" yaku="20,1" doraHai="70" who="0" fromWho="1" sc="316,20,235,-10,214,0,225,0" /><INIT seed="6,0,0,0,2,70" ten="336,225,214,225" oya="2" hai0="124,14,122,71,79,114,7,32,85,26,83,48,13" hai1="47,126,38,127,125,5,52,117,15,94,74,10,19" hai2="95,72,87,35,58,80,108,37,132,113,119,61,130" hai3="49,51,41,22,73,8,24,31,90,78,123,104,93"/><V81/><F119/><W53/><G123/><T4/><D122/><U89/><E74/><V133/><F35/><W75/><G104/><T86/><D71/><U129/><E117/><V0/><F0/><W45/><G8/><T98/><D114/><U69/><E69/><V30/><F113/><W107/><G107/><T16/><D124/><U101/><E101/><V67/><F130/><W77/><G75/><T100/><D13/><U34/><E34/><V111/><F30/><W118/><G73/><T17/><D48/><N who="1" m="28703" /><E129/><V96/><F72/><W135/><G135/><N who="2" m="51785" /><F37/><W39/><G118/><T121/><D121/><U128/><E128/><V43/><F43/><W115/><G115/><T40/><D40/><U18/><E38/><V36/><F36/><W68/><G68/><T120/><D120/><U102/><E102/><N who="2" m="60703" /><F81/><W23/><G39/><T84/><D32/><U64/><E64/><V63/><F63/><W29/><G29/><T6/><D26/><U103/><E103/><V1/><F1/><W25/><G25/><T28/><D28/><U116/><E116/><V33/><F33/><W60/><G60/><T59/><D59/><U2/><E2/><V21/><F21/><W11/><G23/><T88/><D88/><AGARI ba="0,0" hai="58,61,67,80,87,88,108,111" m="60703,51785" machi="88" ten="30,2900,0" yaku="20,1,54,1" doraHai="70" who="2" fromWho="0" sc="336,-29,225,0,214,29,225,0" /><INIT seed="6,1,0,1,0,22" ten="307,225,243,225" oya="2" hai0="131,93,128,111,103,31,42,95,105,46,100,132,18" hai1="123,112,126,87,73,1,92,32,69,14,76,35,75" hai2="127,44,91,98,101,45,117,65,104,102,130,70,133" hai3="56,68,30,17,34,135,74,122,29,124,116,43,27"/><V11/><F117/><W72/><G68/><T120/><D120/><U50/><E1/><V13/><F130/><N who="0" m="49706" /><D111/><U78/><E69/><V15/><F127/><W10/><G30/><T110/><D110/><U86/><E123/><V28/><F133/><W33/><G33/><T107/><D132/><U88/><E126/><V96/><F91/><W49/><G116/><T119/><D119/><U0/><E0/><V47/><F28/><W40/><G122/><T21/><D31/><U82/><E112/><V63/><REACH who="2" step="1"/><F11/><REACH who="2" ten="307,225,233,225" step="2"/><W8/><G8/><T97/><D103/><U52/><E78/><V118/><F118/><W37/><G10/><T25/><D107/><AGARI ba="1,1" hai="13,15,44,45,47,63,65,70,96,98,101,102,104,107" machi="107" ten="40,3900,0" yaku="1,1,9,1,53,0" doraHai="22" doraHaiUra="16" who="2" fromWho="0" sc="307,-42,225,0,233,52,225,0" /><INIT seed="6,2,0,2,5,34" ten="265,225,285,225" oya="2" hai0="111,43,29,6,14,26,104,58,62,23,57,39,47" hai1="115,31,96,53,119,79,45,107,71,84,59,40,10" hai2="37,82,61,124,27,126,9,74,41,52,133,68,49" hai3="89,122,50,70,88,2,5,132,3,125,36,18,76"/><V22/><F133/><W77/><G36/><T66/><D111/><U85/><E71/><V108/><F9/><W67/><G122/><T100/><D6/><U80/><E119/><V90/><F108/><W33/><G33/><T110/><D110/><U87/><E31/><N who="2" m="17911" /><F37/><W73/><G70/><T95/><D104/><U42/><E45/><N who="2" m="27695" /><F41/><W118/><G118/><T12/><REACH who="0" step="1"/><D58/><REACH who="0" ten="255,225,285,225" step="2"/><U8/><E107/><V72/><F68/><W81/><G5/><T7/><D7/><U94/><E115/><V114/><F114/><W35/><G132/><T64/><D64/><U48/><E42/><V55/><F55/><W92/><G67/><T44/><D44/><U11/><REACH who="1" step="1"/><E40/><REACH who="1" ten="255,215,285,225" step="2"/><V113/><F113/><W83/><G2/><T0/><D0/><U54/><E54/><V38/><F124/><W123/><G3/><T25/><D25/><U32/><E32/><V121/><F126/><W91/><G125/><T16/><D16/><U112/><E112/><V28/><F28/><W127/><G127/><T69/><D69/><U116/><E116/><V86/><F121/><W19/><G123/><T17/><D17/><U24/><E24/><V20/><F38/><W60/><G35/><T51/><D51/><U106/><E106/><V63/><F61/><W128/><G60/><T4/><D4/><U21/><E21/><V15/><F63/><W93/><G50/><T117/><D117/><U75/><E75/><V102/><F72/><N who="3" m="43175" /><G19/><T1/><D1/><U98/><E98/><AGARI ba="2,2" hai="12,14,23,26,29,39,43,47,57,62,66,95,98,100" machi="98" ten="40,8000,1" yaku="1,1,25,2,53,1" doraHai="34" doraHaiUra="99" who="0" fromWho="1" sc="255,106,215,-86,285,0,225,0" /><INIT seed="7,0,0,1,5,18" ten="361,129,285,225" oya="3" hai0="44,2,66,104,126,102,110,88,70,78,54,9,97" hai1="68,60,16,74,134,73,40,131,117,46,94,48,30" hai2="111,109,122,105,80,108,71,100,42,77,56,107,27" hai3="93,32,55,12,43,5,51,7,83,29,36,99,121"/><W4/><G121/><T45/><D110/><U125/><E117/><V58/><F71/><W50/><G36/><T19/><D78/><U20/><E134/><V25/><F122/><W6/><G32/><T85/><D126/><U22/><E125/><V37/><F37/><W11/><G29/><T89/><D89/><U132/><E132/><V101/><F42/><W91/><G43/><T112/><D112/><U118/><E118/><V76/><F109/><W34/><G34/><T75/><D75/><U8/><E8/><V26/><F26/><W35/><G35/><T82/><D54/><U31/><E131/><V52/><REACH who="2" step="1"/><F80/><REACH who="2" ten="361,129,275,225" step="2"/><W62/><REACH who="3" step="1"/><G83/><REACH who="3" ten="361,129,275,215" step="2"/><T116/><D116/><U64/><E31/><V57/><F57/><AGARI ba="0,2" hai="4,5,6,7,11,12,50,51,55,57,62,91,93,99" machi="57" ten="40,12000,1" yaku="1,1,2,1,8,1,53,2" doraHai="18" doraHaiUra="47" who="3" fromWho="2" sc="361,0,129,0,275,-120,215,140" /><INIT seed="7,1,0,5,0,31" ten="361,129,155,355" oya="3" hai0="121,131,108,74,103,78,119,24,91,130,50,95,5" hai1="39,61,98,20,3,112,4,40,100,42,68,43,12" hai2="64,34,77,113,51,128,63,114,27,76,92,83,105" hai3="30,134,44,36,13,33,7,35,49,11,38,111,54"/><W8/><G134/><T65/><D108/><U116/><E39/><V109/><F105/><W102/><G111/><T97/><D119/><U72/><E72/><V99/><F109/><W86/><G102/><T15/><D121/><U6/><E116/><V94/><F128/><N who="0" m="49194" /><D65/><U104/><E3/><V59/><F51/><W17/><G86/><T88/><D24/><U21/><E112/><N who="2" m="43115" /><F83/><W69/><G69/><T26/><D26/><U37/><E37/><V60/><F60/><W2/><REACH who="3" step="1"/><G30/><REACH who="3" ten="361,129,155,345" step="2"/><T115/><D115/><U89/><E89/><V75/><F75/><W101/><G101/><T62/><D62/><U10/><REACH who="1" step="1"/><E6/><REACH who="1" ten="361,119,155,345" step="2"/><V0/><F99/><W25/><G25/><T118/><D118/><U29/><E29/><V135/><F27/><W122/><G122/><T55/><D74/><U93/><E93/><V56/><F94/><W16/><G16/><T110/><D110/><U46/><E46/><V106/><F92/><W67/><G67/><AGARI ba="1,2" hai="4,10,12,20,21,40,42,43,61,67,68,98,100,104" machi="67" ten="40,1300,0" yaku="1,1,53,0" doraHai="31" doraHaiUra="28" who="1" fromWho="3" sc="361,0,119,36,155,0,345,-16" owari="361,45.0,155,-24.0,155,-34.0,329,13.0" /></mjloggm>