<mjloggm ver="2.3"><GO type="193"/><UN n0="%E3%81%AE%E3%81%B3%E5%B7%A5%E6%88%BF" n1="%E6%9E%97%E6%AA%8E%E4%BC%9A%E9%95%B7" n2="%E3%82%A6%E3%83%AB%E3%83%88%E3%83%A9%E7%AB%8B%E7%9B%B4" n3="%4C%61%77%6E" dan="12,7,15,11" rate="1833,1668,1947,1657" sx="M,F,M,M"/><TAIKYOKU oya="0"/><INIT seed="0,0,0,1,3,42" ten="250,250,250,250" oya="0" hai0="4,65,82,44,25,62,102,15,98,50,53,55,13" hai1="22,71,38,45,135,78,113,60,19,79,18,30,64" hai2="91,66,61,72,16,95,103,37,117,67,54,80,5" hai3="87,88,85,123,84,7,120,8,134,83,124,20,68"/><T12/><D82/><U1/><E135/><V23/><F117/><W52/><G68/><T33/><D33/><U118/><E1/><V77/><F37/><W36/><G36/><T26/><D55/><U3/><E3/><V10/><F103/><W105/><G105/><T127/><D127/><U116/><E113/><V93/><F54/><W96/><G134/><T28/><D28/><U57/><E45/><V122/><F122/><N who="3" m="46635" /><G124/><T128/><D128/><U40/><E38/><V70/><F67/><W46/><G96/><T73/><D73/><U58/><E40/><V48/><F48/><N who="3" m="28695" /><G20/><T76/><D76/><U112/><E112/><V119/><F119/><W100/><G100/><T89/><D89/><U2/><E2/><AGARI ba="0,0" hai="2,7,8,83,84,85,87,88" m="28695,46635" machi="2" ten="30,7700,0" yaku="13,1,52,1,54,2" doraHai="42" who="3" fromWho="1" sc="250,0,250,-77,250,0,250,77" /><INIT seed="1,0,0,0,3,36" ten="250,173,250,327" oya="1" hai0="72,77,135,110,75,87,125,82,53,18,94,70,105" hai1="55,76,2,112,42,61,45,74,12,131,118,134,23" hai2="22,27,41,78,99,85,10,88,6,38,96,98,5" hai3="57,50,71,68,95,1,60,86,79,107,128,62,116"/><U9/><E23/><V89/><F78/><W51/><G107/><T108/><D135/><U129/><E12/><V4/><F10/><W91/><G128/><T28/><D70/><U25/><E9/><V7/><N who="2" m="1536" /><DORA hai="58" /><V111/><F111/><W122/><G1/><T80/><D28/><U21/><E25/><V43/><F38/><W84/><G122/><T83/><D125/><U81/><E21/><V92/><REACH who="2" step="1"/><F89/><REACH who="2" ten="250,173,240,327" step="2"/><W56/><G79/><T40/><D77/><U44/><E2/><V33/><F33/><W64/><G91/><T3/><D3/><U120/><E129/><V67/><F67/><W114/><G116/><T73/><D105/><U103/><E131/><V63/><F63/><W90/><G90/><T97/><D53/><U130/><E130/><V15/><F15/><W65/><REACH who="3" step="1"/><G95/><REACH who="3" ten="250,173,240,317" step="2"/><T32/><D32/><U35/><E35/><V127/><F127/><W24/><G24/><T93/><D93/><U49/><E120/><V37/><F37/><W34/><G34/><T39/><D39/><U16/><E118/><V69/><F69/><W104/><G104/><T101/><D110/><U52/><E134/><V31/><AGARI ba="0,2" hai="22,27,31,41,43,85,88,92,96,98,99" m="1536" machi="31" ten="50,12000,2" yaku="1,1,0,1,8,1,52,2,54,1,53,1" doraHai="36,58" doraHaiUra="17,113" who="2" fromWho="2" sc="250,-30,173,-60,240,140,317,-30" /><INIT seed="2,0,0,0,2,22" ten="220,113,380,287" oya="2" hai0="131,97,76,12,113,109,133,78,54,28,122,81,18" hai1="16,15,105,94,84,71,25,68,36,17,10,58,34" hai2="80,82,89,32,29,102,13,63,65,23,75,112,59" hai3="43,119,31,116,95,93,83,77,5,60,70,90,56"/><V19/><F112/><W45/><G70/><T27/><D133/><U20/><E105/><V114/><F114/><W86/><G31/><T57/><D131/><U99/><E34/><V30/><F75/><W87/><G119/><T41/><D109/><U47/><E84/><V103/><F32/><W69/><G69/><T104/><D104/><U37/><E37/><V118/><F118/><W74/><G5/><T7/><D7/><U55/><E47/><V2/><F2/><W132/><G132/><T42/><D78/><U38/><E36/><V125/><F125/><W126/><G126/><T100/><D122/><U107/><E107/><V127/><F127/><W53/><G116/><T3/><D3/><U50/><REACH who="1" step="1"/><E38/><REACH who="1" ten="220,103,380,287" step="2"/><V134/><F134/><W14/><G74/><T52/><D113/><U120/><E120/><V46/><F46/><W1/><G1/><T108/><D108/><U121/><E121/><V49/><F49/><W35/><G35/><T33/><D97/><U11/><E11/><V9/><F82/><W66/><G66/><T129/><D129/><U40/><E40/><V64/><F64/><W128/><G128/><T48/><D54/><U101/><AGARI ba="0,1" hai="10,15,16,17,20,25,50,55,58,68,71,94,99,101" machi="101" ten="20,8000,1" yaku="1,1,0,1,7,1,52,1,54,1,53,0" doraHai="22" doraHaiUra="72" who="1" fromWho="1" sc="220,-20,103,90,380,-40,287,-20" /><INIT seed="3,0,0,2,1,37" ten="200,193,340,267" oya="3" hai0="17,90,119,68,118,62,11,36,127,88,21,94,69" hai1="93,53,75,16,5,102,131,84,87,72,58,115,98" hai2="38,9,18,60,55,105,67,23,24,128,121,44,19" hai3="57,28,27,110,20,106,50,81,125,12,0,22,78"/><W35/><G106/><T80/><D127/><U49/><E5/><V63/><F105/><W76/><G0/><T30/><D30/><U74/><E115/><V14/><F121/><W113/><G125/><T34/><D34/><U3/><E3/><V124/><F124/><W46/><G113/><T29/><D29/><U117/><E117/><V66/><F128/><W130/><G110/><T123/><D123/><U25/><REACH who="1" step="1"/><E131/><REACH who="1" ten="200,183,340,267" step="2"/><V77/><F38/><W114/><G130/><T4/><D36/><U126/><E126/><V32/><F32/><W70/><G114/><T1/><D119/><U31/><E31/><V95/><F19/><W97/><G70/><T104/><D118/><U48/><E48/><V71/><F18/><W85/><G97/><T120/><D120/><U82/><E82/><V6/><F6/><W83/><G57/><T26/><D62/><U96/><E96/><V41/><F63/><W54/><REACH who="3" step="1"/><G12/><REACH who="3" ten="200,183,340,257" step="2"/><T13/><D104/><U59/><E59/><N who="2" m="34943" /><F14/><W86/><AGARI ba="0,2" hai="20,22,27,28,35,46,50,54,76,78,81,83,85,86" machi="86" ten="20,7800,0" yaku="1,1,0,1,7,1,9,1,53,0" doraHai="37" doraHaiUra="122" who="3" fromWho="3" sc="200,-26,183,-26,340,-26,257,98" owari="174,-23.0,157,-34.0,314,11.0,355,46.0" /></mjloggm>