<mjloggm ver="2.3"><GO type="41"/><UN n0="%E3%82%AC%E3%82%B7%E3%82%BB%E3%82%B7%E3%82%B4" n1="%E3%82%A6%E3%83%AB%E3%83%88%E3%83%A9%E7%AB%8B%E7%9B%B4" n2="%79%6F%6E%65%7A%6F%39" n3="%53%70%75%67" dan="15,15,14,14" rate="1994,2003,2019,1875" sx="M,M,M,M"/><TAIKYOKU oya="0"/><INIT seed="0,0,0,3,4,39" ten="250,250,250,250" oya="0" hai0="36,66,41,128,20,96,125,3,56,69,37,16,104" hai1="28,65,71,68,31,85,2,132,114,60,72,42,74" hai2="92,21,51,123,22,82,101,38,80,93,81,5,62" hai3="44,40,4,115,111,79,86,122,87,27,18,112,103"/><T97/><D3/><U7/><E132/><V133/><F133/><W29/><G87/><T117/><D117/><U129/><E129/><V126/><F38/><W119/><G119/><T9/><D125/><U12/><E114/><V59/><F126/><W135/><G103/><T88/><D128/><U45/><E68/><V127/><F127/><W108/><G135/><T48/><D9/><U109/><E2/><V53/><F5/><W46/><G18/><T58/><D104/><U113/><E113/><V35/><F35/><W24/><G46/><N who="0" m="25679" /><D37/><U102/><E109/><V118/><F123/><W61/><G4/><T70/><D36/><U30/><E102/><V84/><F118/><W105/><G122/><T77/><D77/><U90/><E12/><V94/><F101/><W19/><G105/><T6/><D6/><U130/><E7/><V1/><F1/><W120/><G120/><T121/><D70/><U78/><E130/><V23/><F84/><W64/><G115/><T57/><D69/><U98/><E98/><V83/><N who="2" m="20992" /><DORA hai="63" /><V131/><REACH who="2" step="1"/><F131/><REACH who="2" ten="250,250,240,250" step="2"/><W34/><G112/><T50/><D121/><U25/><E78/><V17/><F17/><W10/><G79/><T95/><D97/><U67/><E85/><V107/><F107/><W106/><G86/><T89/><D89/><U14/><E90/><V33/><F33/><W134/><G106/><T76/><D76/><U99/><E99/><V54/><F54/><W100/><G134/><T52/><D66/><U26/><E65/><V116/><F116/><W75/><G100/><T49/><D52/><U47/><E67/><RYUUKYOKU ba="0,1" sc="250,15,250,-15,240,15,250,-15" hai0="16,20,49,50,56,57,58,88,95,96" hai2="21,22,23,51,53,59,62,92,93,94" /><INIT seed="0,1,1,4,4,8" ten="265,235,255,235" oya="0" hai0="20,89,78,21,38,67,133,88,76,128,7,108,66" hai1="129,51,59,52,17,63,5,121,130,3,131,2,23" hai2="4,1,46,29,90,70,39,105,119,55,99,50,115" hai3="111,62,0,10,15,14,47,126,116,11,117,120,110"/><T65/><D38/><U25/><E121/><V18/><F115/><W40/><G62/><T68/><D68/><U107/><E107/><V49/><F70/><W58/><G47/><T56/><D133/><U103/><E103/><V44/><F119/><W69/><G58/><T26/><D128/><U85/><E5/><V22/><F39/><W134/><G40/><T92/><D7/><U102/><E102/><V132/><F132/><W80/><G69/><T19/><D108/><U30/><E85/><V71/><F71/><W125/><G80/><T28/><D56/><U81/><E81/><V72/><F72/><W106/><G106/><T118/><D118/><U32/><REACH who="1" step="1"/><E63/><REACH who="1" ten="265,225,255,235" step="2"/><V83/><F105/><W101/><G134/><T112/><D112/><U41/><E41/><V96/><F4/><W37/><G101/><T86/><REACH who="0" step="1"/><D89/><REACH who="0" ten="255,225,255,235" step="2"/><U24/><AGARI ba="1,3" hai="2,3,17,23,24,25,30,32,51,52,59,129,130,131" machi="24" ten="40,8000,1" yaku="1,1,0,1,19,1,54,1,53,0" doraHai="8" doraHaiUra="104" who="1" fromWho="1" sc="255,-41,225,113,255,-21,235,-21" /><INIT seed="1,0,0,2,0,42" ten="214,338,234,214" oya="1" hai0="63,7,52,87,111,29,22,37,84,105,46,55,110" hai1="45,134,99,130,76,49,94,23,97,18,92,117,73" hai2="2,129,115,62,0,126,9,30,74,103,77,43,91" hai3="14,132,15,95,51,47,79,56,131,133,53,119,82"/><U1/><E1/><V17/><F43/><W8/><G95/><T121/><D105/><U102/><E117/><V81/><F126/><W109/><G131/><T61/><D7/><U70/><E70/><V114/><F129/><W40/><G109/><N who="0" m="41483" /><D22/><U10/><E130/><V113/><F103/><W36/><G119/><T21/><D21/><U26/><E134/><V67/><F30/><W4/><REACH who="3" step="1"/><G15/><REACH who="3" ten="214,338,234,204" step="2"/><T12/><D12/><U124/><E124/><V116/><F116/><W104/><G104/><T107/><D107/><U100/><E10/><V98/><F2/><W50/><G50/><N who="0" m="28759" /><D37/><U58/><E94/><N who="2" m="56671" /><F0/><W90/><G90/><T118/><D118/><U85/><E102/><V44/><F9/><W35/><G35/><T57/><D29/><U96/><E100/><V72/><F115/><W31/><G31/><T38/><D38/><U65/><E92/><V80/><F114/><W64/><G64/><T60/><D121/><U83/><E65/><V25/><F67/><W19/><G19/><T28/><D28/><U71/><E97/><V24/><F17/><W32/><G32/><T34/><D34/><U54/><E99/><V33/><F33/><W78/><G78/><T75/><D75/><AGARI ba="0,1" hai="4,8,14,36,40,47,51,53,56,75,79,82,132,133" machi="75" ten="40,2600,0" yaku="1,1,52,1,53,0" doraHai="42" doraHaiUra="125" who="3" fromWho="0" sc="214,-26,338,0,234,0,204,36" /><INIT seed="2,0,0,3,3,39" ten="188,338,234,240" oya="2" hai0="66,130,133,16,52,31,135,124,46,80,75,89,3" hai1="64,92,67,51,37,43,125,23,22,131,106,27,1" hai2="91,119,73,109,35,38,26,120,108,33,87,78,60" hai3="70,42,5,117,63,97,83,103,82,96,110,45,59"/><V19/><F119/><W95/><G97/><T55/><D3/><U6/><E106/><V29/><F120/><W79/><G70/><T115/><D31/><U129/><E37/><V41/><F60/><W99/><G117/><T114/><D66/><U81/><E125/><V18/><F35/><W13/><G79/><T93/><D80/><U90/><E81/><V25/><F78/><W84/><G84/><T128/><D75/><U127/><E127/><V132/><F73/><W107/><G13/><T7/><D7/><U122/><E122/><V44/><F132/><N who="0" m="50762" /><D46/><N who="1" m="26079" /><E6/><V56/><F56/><W57/><G5/><T105/><D105/><U32/><E32/><V68/><F26/><W34/><G59/><T88/><D124/><U2/><E2/><V24/><F24/><W4/><G4/><T94/><D16/><N who="1" m="12743" /><E23/><V104/><F68/><W85/><G34/><T11/><D11/><U113/><E113/><N who="0" m="43017" /><D94/><U62/><E1/><V40/><F104/><W21/><G83/><T111/><D111/><N who="2" m="42570" /><F41/><W76/><G110/><T0/><D0/><U69/><E67/><V54/><F54/><N who="0" m="20522" /><D93/><AGARI ba="0,0" hai="18,19,25,29,33,38,40,44,87,91,93" m="42570" machi="93" ten="30,5800,0" yaku="14,1,10,1,52,1" doraHai="39" who="2" fromWho="0" sc="188,-58,338,0,234,58,240,0" /><INIT seed="2,1,0,4,1,108" ten="130,338,292,240" oya="2" hai0="88,91,0,115,60,120,39,45,31,35,83,69,78" hai1="32,107,76,75,28,26,121,109,103,22,40,42,87" hai2="131,117,65,34,129,68,7,104,71,21,8,101,58" hai3="99,51,118,53,14,4,89,36,80,98,20,18,86"/><V27/><F117/><W1/><G36/><T114/><D0/><U55/><E109/><V67/><F58/><W132/><G118/><T130/><D120/><U64/><E121/><V6/><F21/><W24/><G132/><T61/><D130/><N who="2" m="49674" /><F104/><W112/><G112/><T30/><D35/><U15/><E75/><V44/><F101/><W135/><G135/><T93/><D69/><N who="2" m="26698" /><F44/><W81/><G81/><T48/><D39/><U49/><E64/><N who="2" m="24651" /><F8/><W16/><G4/><N who="2" m="1577" /><F27/><W119/><G119/><T12/><D12/><U77/><E32/><AGARI ba="1,0" hai="32,34" m="1577,24651,26698,49674" machi="32" ten="40,7700,0" yaku="28,2,19,1" doraHai="108" who="2" fromWho="1" sc="130,0,338,-80,292,80,240,0" /><INIT seed="2,2,0,1,5,125" ten="130,258,372,240" oya="2" hai0="121,106,35,36,16,84,88,104,73,128,5,89,54" hai1="108,114,42,43,77,118,115,29,117,62,71,34,45" hai2="59,105,63,110,91,133,14,119,80,53,69,37,6" hai3="67,33,100,20,61,26,81,7,17,101,65,25,96"/><V66/><F119/><N who="1" m="45577" /><E77/><V0/><F133/><W72/><G100/><T132/><D36/><U116/><N who="1" m="45585" /><U130/><DORA hai="39" /><E29/><V83/><F105/><W51/><G67/><T22/><D35/><U109/><E34/><V58/><F0/><W107/><G51/><T38/><D5/><U52/><E130/><V76/><F110/><N who="1" m="42601" /><E45/><V49/><F91/><W57/><G7/><T1/><D128/><U9/><E9/><V113/><F113/><N who="1" m="43017" /><E71/><V123/><F69/><W79/><G33/><T41/><D1/><U78/><E78/><V82/><F37/><W85/><G72/><T30/><D73/><U129/><E129/><V24/><F24/><AGARI ba="2,0" hai="17,20,24,25,26,57,61,65,79,81,85,96,101,107" machi="24" ten="30,1000,0" yaku="7,1" doraHai="125,39" who="3" fromWho="2" sc="130,0,258,0,372,-16,240,16" /><INIT seed="3,0,0,4,1,120" ten="130,258,356,256" oya="3" hai0="65,30,122,4,96,132,12,25,46,51,127,118,31" hai1="68,105,117,67,9,50,111,66,87,70,64,78,21" hai2="73,17,91,121,3,76,109,85,58,54,102,113,13" hai3="53,100,110,71,101,69,135,55,57,56,75,5,80"/><W115/><G5/><T125/><D118/><U35/><E9/><V116/><F3/><W112/><G80/><T74/><D74/><U19/><E35/><V40/><F116/><W129/><G135/><T22/><D65/><U92/><E105/><V14/><F113/><W133/><G133/><T23/><D122/><U28/><E28/><V33/><F121/><W130/><G75/><T131/><D132/><U124/><E117/><V103/><F33/><W48/><G48/><T82/><D82/><U107/><E107/><V119/><F40/><W104/><G104/><T59/><D59/><U128/><E128/><V134/><F119/><W98/><G98/><T126/><D96/><U90/><E124/><V8/><F73/><W72/><G72/><T94/><D94/><U24/><E78/><V79/><F134/><W81/><G81/><T99/><D99/><U0/><E0/><V97/><F14/><W77/><G77/><T106/><D106/><U47/><E111/><AGARI ba="0,0" hai="53,55,56,57,69,71,100,101,110,111,112,115,129,130" machi="111" ten="25,9600,0" yaku="22,2,52,2" doraHai="120" who="3" fromWho="1" sc="130,0,258,-96,356,0,256,96" /><INIT seed="3,1,0,4,2,25" ten="130,162,356,352" oya="3" hai0="100,70,40,41,48,93,97,67,123,31,95,81,53" hai1="52,94,38,111,116,61,15,119,96,80,104,26,36" hai2="69,59,85,0,71,7,10,73,20,76,16,101,50" hai3="124,99,30,132,79,102,118,62,17,12,18,35,113"/><W107/><G35/><T46/><D123/><U22/><E104/><V110/><F101/><W106/><G79/><T55/><D70/><U51/><E61/><V72/><F110/><W109/><G118/><N who="1" m="45098" /><E15/><V66/><F85/><W2/><G113/><T74/><D67/><U4/><E80/><V21/><F21/><W63/><G2/><T32/><D74/><U77/><E77/><V88/><F76/><W84/><G84/><T82/><D93/><U92/><E4/><V87/><F73/><W56/><G12/><T128/><D128/><U3/><E3/><V83/><F72/><W121/><G121/><T103/><D103/><N who="1" m="60807" /><E94/><V44/><F59/><W33/><G102/><T130/><D130/><U1/><E1/><V49/><F66/><W54/><G56/><T68/><D68/><U47/><E111/><V65/><F65/><W114/><G109/><T125/><D125/><U120/><E120/><V28/><F28/><AGARI ba="1,0" hai="22,26,28,36,38,47,51,52" m="60807,45098" machi="28" ten="30,3900,0" yaku="12,1,52,1,54,1" doraHai="25" who="1" fromWho="2" sc="130,0,162,42,356,-42,352,0" /><INIT seed="4,0,0,3,3,18" ten="130,204,314,352" oya="0" hai0="28,92,106,109,77,4,10,3,26,25,53,57,44" hai1="90,39,48,102,49,46,16,50,120,98,37,36,119" hai2="82,67,116,31,125,9,85,99,87,24,71,126,5" hai3="83,97,8,43,33,7,34,52,56,12,117,112,75"/><T63/><D106/><U65/><E120/><V111/><F116/><W22/><G43/><T89/><D77/><U6/><E119/><V135/><F111/><W105/><G117/><T58/><D109/><U94/><E6/><V122/><F122/><W0/><G112/><T2/><D2/><U110/><E110/><V68/><F135/><W32/><G32/><T54/><D44/><U13/><E65/><V27/><F99/><W114/><G114/><T30/><D28/><U51/><N who="1" m="12800" /><DORA hai="118" /><U19/><E46/><V115/><F115/><W17/><G83/><T101/><D101/><U134/><E134/><V100/><F100/><W121/><G75/><T23/><D26/><U62/><E62/><N who="2" m="40055" /><F71/><W21/><G121/><T1/><D1/><U29/><E29/><V70/><F70/><W131/><G131/><T108/><D108/><U45/><E45/><V66/><F66/><W42/><G42/><T95/><D89/><U20/><E102/><V76/><F87/><W60/><G97/><T128/><D128/><U81/><E81/><V127/><F31/><W104/><G105/><T59/><REACH who="0" step="1"/><D63/><REACH who="0" ten="120,204,314,352" step="2"/><U47/><E47/><V91/><F91/><W61/><G104/><T86/><D86/><U93/><E90/><V129/><F129/><W78/><G60/><T132/><D132/><U133/><E133/><V74/><F85/><W96/><G96/><T107/><D107/><U130/><E98/><V11/><F11/><W123/><G123/><T80/><D80/><U14/><REACH who="1" step="1"/><E130/><REACH who="1" ten="120,194,314,352" step="2"/><V113/><F113/><W79/><G79/><T69/><D69/><U84/><E84/><RYUUKYOKU ba="0,2" sc="120,10,194,10,314,10,352,-30" hai0="3,4,10,23,25,30,53,54,57,58,59,92,95" hai1="13,14,16,19,20,36,37,39,93,94" hai2="5,9,24,27,74,76,82,125,126,127" /><INIT seed="4,1,2,5,5,35" ten="130,204,324,322" oya="0" hai0="11,70,119,33,125,133,121,134,112,77,51,12,76" hai1="91,45,40,8,22,0,28,67,79,7,27,41,24" hai2="73,30,34,3,39,97,4,93,57,126,124,101,129" hai3="47,56,132,122,95,19,89,82,107,72,59,48,6"/><T135/><D70/><U118/><E118/><V10/><F73/><W29/><G107/><T65/><D65/><U96/><E67/><V68/><F39/><W75/><G29/><T71/><D33/><U120/><E120/><V115/><F115/><W92/><G95/><T131/><D71/><U113/><E113/><V83/><F68/><W74/><G82/><T63/><D121/><U2/><E79/><V94/><F129/><W66/><G66/><T20/><D112/><U50/><E27/><N who="2" m="18783" /><F83/><W32/><G32/><T54/><D63/><U64/><E64/><V25/><F25/><W80/><G80/><T116/><D125/><N who="2" m="48234" /><F57/><W111/><G111/><T9/><D131/><U53/><E41/><V104/><AGARI ba="1,2" hai="3,4,10,93,94,97,101,104" m="48234,18783" machi="104" ten="30,2000,0" yaku="18,1,52,1" doraHai="35" who="2" fromWho="2" sc="130,-11,204,-6,324,43,322,-6" /><INIT seed="5,0,0,3,0,105" ten="119,198,367,316" oya="1" hai0="22,48,63,34,3,4,120,61,84,93,117,68,44" hai1="1,66,101,46,118,6,64,106,36,50,11,75,5" hai2="19,40,100,65,16,10,37,67,107,20,41,103,45" hai3="52,70,129,78,97,123,9,23,31,24,111,90,49"/><U91/><E118/><V47/><F107/><W130/><G70/><T2/><D34/><U60/><E6/><V95/><F10/><W135/><G123/><T131/><D117/><U26/><E66/><V39/><F95/><W124/><G111/><T77/><D131/><U13/><E36/><V42/><F42/><W81/><G124/><T109/><D109/><U113/><E1/><V53/><F53/><W104/><G9/><T30/><D68/><U116/><E113/><V57/><F57/><W32/><G32/><T59/><D120/><U73/><E116/><V74/><F20/><W92/><G104/><T121/><D121/><U7/><E7/><V99/><REACH who="2" step="1"/><F99/><REACH who="2" ten="119,198,357,316" step="2"/><W58/><REACH who="3" step="1"/><G135/><REACH who="3" ten="119,198,357,306" step="2"/><T115/><D115/><U15/><E11/><V83/><F83/><W79/><G79/><T108/><D108/><U134/><E134/><V132/><F132/><W102/><G102/><T86/><D4/><U54/><E5/><V27/><F27/><W69/><G69/><T96/><D2/><U88/><E26/><V112/><F112/><W87/><AGARI ba="0,2" hai="23,24,31,49,52,58,78,81,87,90,92,97,129,130" machi="87" ten="30,7900,0" yaku="1,1,0,1,54,1,53,1" doraHai="105" doraHaiUra="51" who="3" fromWho="3" sc="119,-20,198,-39,357,-20,306,99" /><INIT seed="6,0,0,1,4,79" ten="99,159,337,405" oya="2" hai0="40,7,53,88,71,85,49,51,26,48,131,111,41" hai1="43,97,101,64,29,116,42,91,56,135,8,13,78" hai2="34,72,60,81,30,128,120,119,21,58,46,95,107" hai3="47,11,55,61,122,104,33,17,99,38,50,112,39"/><V20/><F119/><W82/><G33/><T52/><D131/><U75/><E116/><V63/><F128/><W66/><G122/><T73/><D73/><U10/><E135/><V16/><F120/><W0/><G112/><T70/><D111/><U98/><E29/><V62/><F107/><W124/><G124/><T94/><D7/><U24/><E24/><N who="2" m="16647" /><F34/><W54/><G54/><T118/><D118/><U44/><E78/><V117/><F117/><W96/><G96/><T2/><D2/><U109/><E75/><V132/><F132/><W1/><G1/><T108/><D108/><U76/><E109/><V65/><F72/><W32/><G32/><T93/><D26/><U121/><E76/><V103/><F46/><W100/><G0/><T105/><D105/><U77/><E77/><V80/><F103/><W67/><G67/><T106/><D106/><U36/><E36/><V125/><F125/><W127/><G127/><T90/><D51/><U23/><E44/><V84/><F95/><W89/><G39/><T59/><D85/><U126/><E126/><V129/><F129/><W87/><G38/><T12/><REACH who="0" step="1"/><D59/><REACH who="0" ten="89,159,337,405" step="2"/><U19/><E56/><V74/><F74/><W5/><G50/><T69/><D69/><U83/><E121/><V115/><F115/><W130/><G47/><T14/><AGARI ba="0,1" hai="12,14,40,41,48,49,52,53,70,71,88,90,93,94" machi="14" ten="25,12000,2" yaku="1,1,0,1,22,2,54,2,53,0" doraHai="79" doraHaiUra="4" who="0" fromWho="0" sc="89,130,159,-30,337,-60,405,-30" /><INIT seed="7,0,0,5,1,111" ten="219,129,277,375" oya="3" hai0="32,81,124,48,49,50,125,126,62,0,35,101,83" hai1="112,18,43,56,120,121,131,78,82,55,58,23,28" hai2="87,57,17,26,29,9,66,123,86,100,88,44,53" hai3="16,119,15,71,103,105,107,85,63,80,129,61,74"/><W7/><G71/><T133/><D0/><U109/><E28/><V10/><F123/><W45/><G7/><T99/><D62/><U75/><E109/><V90/><F100/><W127/><G74/><T97/><D133/><U19/><E131/><V33/><F66/><W39/><G129/><T91/><D91/><U14/><E43/><V98/><F44/><W60/><G103/><T13/><D13/><U95/><E121/><V25/><F33/><N who="0" m="12874" /><D101/><U118/><E120/><V130/><F130/><W122/><G122/><T72/><D72/><U67/><E118/><V34/><F34/><W8/><G61/><T84/><D84/><U20/><E67/><V102/><F29/><W3/><G85/><T24/><D24/><U113/><E95/><V76/><F76/><W2/><G60/><T135/><D135/><U46/><E46/><V116/><F116/><W41/><G3/><T93/><D93/><U42/><E42/><V110/><F110/><W59/><G63/><T79/><D79/><U11/><E11/><V89/><F102/><W40/><G15/><T5/><D5/><U31/><E31/><V114/><F98/><AGARI ba="0,0" hai="48,49,50,81,83,97,98,99,124,125,126" m="12874" machi="98" ten="40,5200,0" yaku="28,2,18,1" doraHai="111" who="0" fromWho="2" sc="219,52,129,0,277,-52,375,0" owari="271,7.0,129,-37.0,225,-17.0,375,47.0" /></mjloggm>