<mjloggm ver="2.3"><GO type="137"/><UN n0="%2A%E3%83%8B%E3%82%A2%2A" n1="%E3%82%AF%E3%83%AC%E3%82%B4%E3%83%AA%E3%83%BC%32" n2="%EF%BC%88%E2%89%A7%E2%96%BD%E2%89%A6%EF%BC%89" n3="%62%69%6F%66%72%61%6E%6B" dan="11,11,12,10" rate="1587,1565,1969,1717" sx="M,M,M,M"/><TAIKYOKU oya="0"/><INIT seed="0,0,0,5,0,50" ten="250,250,250,250" oya="0" hai0="46,102,114,110,80,135,65,0,87,108,84,64,107" hai1="90,74,95,48,133,12,3,40,66,43,4,93,111" hai2="70,54,26,34,106,100,35,134,45,99,69,23,128" hai3="116,118,17,129,60,123,22,6,117,31,81,101,130"/><T131/><D0/><U47/><E111/><N who="0" m="42537" /><D46/><U57/><E133/><V38/><F134/><W41/><G41/><T105/><D135/><U98/><E74/><V94/><F128/><N who="3" m="49259" /><G6/><T1/><D1/><U29/><E29/><V21/><F21/><W113/><G101/><T120/><D131/><U112/><E112/><V30/><F106/><N who="0" m="40458" /><D114/><U20/><E3/><V122/><F122/><W5/><G113/><T33/><D33/><U104/><E104/><V14/><F35/><W18/><G5/><T13/><D13/><U88/><E66/><N who="0" m="25705" /><D102/><U42/><E57/><V119/><F38/><W49/><G60/><T86/><D80/><U76/><E76/><V77/><F77/><W27/><G81/><T89/><D89/><U121/><E121/><AGARI ba="0,0" hai="84,86,87,120,121" m="25705,40458,42537" machi="121" ten="40,12000,1" yaku="28,2,14,1,10,1" doraHai="50" who="0" fromWho="1" sc="250,120,250,-120,250,0,250,0" /><INIT seed="0,1,0,3,2,113" ten="370,130,250,250" oya="0" hai0="106,103,17,62,34,24,11,49,73,41,126,55,72" hai1="22,135,104,38,85,56,70,110,83,66,32,107,9" hai2="6,134,91,133,97,37,69,63,53,51,79,4,114" hai3="31,99,131,47,13,57,87,27,116,80,101,65,43"/><T16/><D126/><U60/><E110/><V94/><F37/><W28/><G116/><T50/><D73/><U119/><E135/><N who="2" m="51723" /><F114/><W26/><G13/><N who="0" m="7231" /><D106/><U98/><E119/><V88/><F79/><W115/><G115/><T132/><D34/><U33/><E38/><V39/><F39/><W8/><G131/><T5/><D5/><N who="2" m="2154" /><F91/><W15/><G87/><T46/><D72/><U42/><E42/><V111/><F111/><W129/><G129/><T3/><D3/><U117/><E117/><V127/><F127/><W35/><G80/><T71/><D71/><U124/><E124/><V120/><F120/><W109/><G65/><T0/><D103/><U1/><E1/><V30/><F30/><W10/><G57/><N who="0" m="35135" /><D0/><U14/><E22/><V128/><F128/><W23/><G15/><T2/><D2/><U12/><E70/><V61/><F69/><W121/><G121/><T58/><D132/><U122/><E122/><V48/><F48/><W84/><G84/><T76/><D76/><U20/><E20/><V44/><AGARI ba="1,0" hai="44,51,53,61,63,88,94,97" m="2154,51723" machi="44" ten="30,2000,0" yaku="20,1,54,1" doraHai="113" who="2" fromWho="2" sc="370,-11,130,-6,250,23,250,-6" /><INIT seed="1,0,0,3,5,106" ten="359,124,273,244" oya="1" hai0="118,1,79,122,74,37,98,4,3,39,96,121,46" hai1="72,131,70,73,91,99,62,84,71,86,83,18,10" hai2="31,55,14,123,32,49,0,6,8,69,5,88,67" hai3="29,25,42,130,125,60,21,115,75,11,68,100,2"/><U101/><E131/><V77/><F123/><N who="0" m="47114" /><D118/><U116/><E116/><V124/><F124/><W30/><G115/><T38/><D46/><U97/><E62/><V13/><F77/><W87/><G130/><T134/><D4/><U133/><E133/><V76/><F76/><W94/><G125/><T47/><D47/><U85/><E18/><V27/><F6/><W78/><G87/><T20/><D20/><U63/><E63/><V35/><F35/><W36/><G94/><T126/><D134/><U9/><E83/><V117/><F117/><W53/><G100/><T92/><D126/><U19/><E19/><V61/><REACH who="2" step="1"/><F88/><REACH who="2" step="2"/><W132/><G132/><T119/><D119/><U129/><E129/><V7/><F7/><W128/><G128/><T45/><D79/><U22/><E91/><V112/><F112/><W56/><G78/><T44/><D39/><U43/><E22/><V28/><F28/><W50/><G30/><T54/><D38/><U51/><E43/><V16/><F16/><W23/><G2/><T80/><D37/><U12/><E12/><V93/><F93/><W89/><G11/><N who="1" m="4106" /><E51/><V113/><F113/><W127/><G21/><T17/><D3/><U103/><E70/><V33/><F33/><W104/><G89/><T90/><D1/><U82/><E71/><V41/><F41/><W111/><G68/><T57/><D92/><U95/><E95/><V102/><F102/><N who="1" m="38921" /><E82/><V107/><F107/><W58/><G42/><T48/><D90/><U114/><E114/><V34/><F34/><W24/><G36/><T120/><D120/><U110/><E110/><RYUUKYOKU ba="0,1" sc="359,-15,124,15,263,15,244,-15" hai1="72,73,84,85,86,97,99" hai2="0,5,8,13,14,27,31,32,49,55,61,67,69" /><INIT seed="1,1,1,3,3,117" ten="344,139,278,229" oya="1" hai0="8,5,77,100,21,58,98,42,32,16,50,23,90" hai1="87,125,24,22,115,83,94,49,111,80,88,56,72" hai2="96,86,114,34,39,71,81,79,41,95,20,0,103" hai3="89,29,4,53,46,48,65,130,3,7,119,135,12"/><U38/><E115/><V76/><F114/><W75/><G119/><T63/><D32/><U92/><E38/><V31/><F71/><W110/><G110/><T26/><D77/><U19/><E111/><V78/><F0/><W33/><G135/><T112/><D112/><U59/><E125/><V106/><F34/><W36/><G130/><T121/><D23/><U82/><E72/><V107/><F39/><W67/><G75/><T70/><D70/><U54/><REACH who="1" step="1"/><E59/><REACH who="1" step="2"/><V61/><F76/><W55/><G36/><T10/><D58/><U133/><E133/><V52/><F79/><W18/><G3/><T47/><D5/><U64/><E64/><V73/><F78/><W124/><G124/><T57/><D90/><U122/><E122/><V9/><F73/><W131/><G131/><T74/><D74/><U1/><E1/><V14/><F103/><W25/><G89/><T85/><D121/><U116/><E116/><V123/><F123/><W99/><G67/><T109/><D109/><U101/><E101/><V120/><F120/><W126/><G126/><T132/><D132/><U66/><E66/><V128/><F128/><W43/><G65/><T93/><D85/><U30/><E30/><V13/><F86/><W51/><G99/><T6/><D6/><U129/><E129/><V108/><F31/><W91/><G91/><T15/><D15/><U118/><E118/><V102/><F14/><W68/><G68/><T69/><D69/><U2/><E2/><V17/><F13/><W84/><G4/><T27/><D27/><U11/><E11/><V45/><F9/><RYUUKYOKU ba="1,2" sc="344,15,129,15,278,-15,229,-15" hai0="8,10,16,21,26,42,47,50,57,63,93,98,100" hai1="19,22,24,49,54,56,80,82,83,87,88,92,94" /><INIT seed="1,2,2,5,5,16" ten="359,144,263,214" oya="1" hai0="21,72,83,84,39,131,35,121,13,115,98,96,92" hai1="38,4,106,6,80,59,130,100,124,95,24,26,5" hai2="93,19,125,17,41,31,10,111,120,22,91,127,129" hai3="43,102,27,75,71,132,44,34,94,0,107,8,25"/><U74/><E38/><V33/><F120/><W12/><G132/><T113/><D39/><U66/><E74/><V60/><F129/><W29/><G75/><T69/><D35/><U112/><E130/><V122/><F122/><W110/><G110/><T90/><D69/><U11/><E112/><V70/><F111/><W117/><G71/><T42/><D42/><U30/><E106/><V52/><F41/><W123/><G123/><T50/><D50/><U87/><E30/><V108/><F108/><W36/><G0/><T128/><D121/><U46/><E46/><V58/><F70/><W37/><G117/><T1/><D21/><U9/><E100/><V114/><F114/><N who="0" m="43530" /><D13/><U57/><E95/><V103/><F103/><W65/><G65/><T2/><D1/><U78/><E66/><V119/><F119/><W49/><G25/><N who="1" m="9834" /><E124/><N who="2" m="47691" /><F33/><W67/><G67/><T28/><D2/><U47/><E47/><V55/><F55/><W109/><G109/><T89/><D28/><U48/><E48/><V99/><F10/><AGARI ba="2,2" hai="4,5,6,9,10,11,57,59,78,80,87" m="9834" machi="10" ten="30,1500,0" yaku="8,1" doraHai="16" who="1" fromWho="2" sc="359,0,144,41,263,-21,214,0" /><INIT seed="1,3,0,3,0,95" ten="359,185,242,214" oya="1" hai0="31,129,18,81,106,107,1,44,48,75,24,89,121" hai1="127,105,97,135,13,69,3,108,67,22,117,82,54" hai2="47,11,79,10,50,83,0,28,115,96,15,29,126" hai3="56,38,60,61,30,17,116,36,7,94,109,72,27"/><U84/><E117/><V68/><F126/><W73/><G109/><T100/><D1/><U12/><E127/><V41/><F115/><W125/><G7/><T5/><D5/><U40/><E108/><V66/><F0/><W64/><G116/><T23/><D129/><U124/><E124/><V4/><F10/><W102/><G125/><T113/><D107/><U42/><E3/><V132/><F132/><W34/><G17/><T101/><D113/><U55/><E135/><V45/><F45/><W123/><G123/><T131/><D131/><U21/><E105/><V6/><F6/><W46/><G46/><T20/><D106/><U90/><E69/><V78/><F78/><W65/><G73/><T104/><D104/><U118/><E118/><V99/><F66/><W76/><G76/><T35/><D35/><U32/><E32/><V98/><REACH who="2" step="1"/><F68/><REACH who="2" step="2"/><W33/><G33/><T85/><D121/><U59/><E67/><V103/><F103/><W80/><G72/><AGARI ba="3,1" hai="4,11,15,28,29,41,47,50,72,79,83,96,98,99" machi="72" ten="40,8000,1" yaku="1,1,52,3,53,0" doraHai="95" doraHaiUra="120" who="2" fromWho="3" sc="359,0,185,0,232,99,214,-89" /><INIT seed="2,0,0,2,0,53" ten="359,185,331,125" oya="2" hai0="97,9,135,28,104,98,86,96,11,95,24,61,39" hai1="106,113,12,21,32,102,59,20,49,134,70,122,52" hai2="48,57,133,22,73,58,116,117,93,45,31,132,114" hai3="46,79,16,13,63,38,125,40,47,75,27,82,26"/><V128/><F73/><W94/><G125/><T111/><D39/><U85/><E113/><V43/><F114/><W18/><G47/><T29/><D104/><U105/><E122/><V108/><F108/><W112/><G112/><T6/><D135/><N who="2" m="51786" /><F128/><W1/><G94/><T100/><D111/><U42/><E134/><V76/><F76/><W71/><G1/><T77/><D61/><U64/><E32/><V69/><F69/><W119/><G119/><N who="2" m="45641" /><F93/><W68/><G63/><T110/><D110/><U103/><E85/><V81/><F81/><W44/><G44/><T78/><D28/><U88/><E88/><V130/><F130/><W50/><G18/><T55/><D11/><U80/><E80/><V30/><F22/><W0/><G0/><T101/><D55/><U51/><E70/><V83/><F83/><W10/><REACH who="3" step="1"/><G38/><REACH who="3" step="2"/><T15/><D95/><U60/><E42/><V87/><F87/><W3/><G3/><T124/><D29/><AGARI ba="0,1" hai="29,30,31,43,45,48,57,58" m="45641,51786" machi="29" ten="30,5800,0" yaku="20,1,52,2" doraHai="53" who="2" fromWho="0" sc="359,-58,185,0,331,68,115,0" /><INIT seed="2,1,0,2,3,90" ten="301,185,399,115" oya="2" hai0="98,79,80,44,81,14,77,68,23,103,58,116,37" hai1="51,123,34,70,61,124,20,12,32,11,106,56,19" hai2="74,88,27,86,66,35,47,48,112,45,38,102,13" hai3="99,9,108,121,17,0,10,105,95,67,7,43,97"/><V63/><F112/><W8/><G121/><T94/><D68/><U134/><E123/><V65/><F74/><W96/><G108/><T118/><D37/><U84/><E106/><V82/><F38/><W133/><G133/><T42/><D58/><U115/><E115/><V52/><F102/><W71/><G105/><T15/><D42/><U64/><E134/><V24/><F45/><W91/><G43/><T104/><D44/><U6/><E84/><V129/><F129/><W50/><G50/><T78/><D23/><U85/><E85/><V28/><F27/><W31/><G31/><T4/><D15/><U1/><REACH who="1" step="1"/><E124/><REACH who="1" step="2"/><V119/><F119/><N who="0" m="45610" /><D104/><U73/><E73/><V60/><REACH who="2" step="1"/><F13/><REACH who="2" step="2"/><W128/><G128/><T75/><D14/><U59/><E59/><V55/><F55/><AGARI ba="1,2" hai="1,6,11,12,19,20,32,34,51,55,56,61,64,70" machi="55" ten="40,1300,0" yaku="1,1,53,0" doraHai="90" doraHaiUra="89" who="1" fromWho="2" sc="301,0,175,36,389,-16,115,0" /><INIT seed="3,0,0,1,4,22" ten="301,211,373,115" oya="3" hai0="98,89,112,116,85,49,67,1,117,110,45,114,35" hai1="87,125,108,11,113,47,96,8,83,124,102,31,120" hai2="94,71,121,69,60,50,30,38,106,6,132,24,107" hai3="105,28,92,134,126,40,63,54,41,19,104,70,76"/><W133/><G76/><T29/><D1/><U65/><E120/><V13/><F121/><W27/><G19/><T122/><D35/><U44/><E113/><N who="0" m="43625" /><D29/><U25/><E108/><V7/><F132/><N who="3" m="50795" /><G92/><T88/><D67/><U103/><E65/><V74/><F94/><W68/><G126/><N who="1" m="48746" /><E96/><V73/><F13/><W23/><G63/><T64/><D64/><U4/><E4/><V48/><F60/><W127/><G54/><N who="0" m="29999" /><D110/><U129/><E129/><V20/><F30/><W55/><G127/><T131/><D131/><U36/><E36/><V9/><F38/><W53/><G53/><T3/><D3/><U93/><E93/><V58/><F106/><N who="3" m="41067" /><G55/><T118/><D122/><U75/><E75/><V39/><F107/><W32/><G32/><T109/><D109/><U61/><E61/><V26/><F74/><W101/><G101/><N who="1" m="38410" /><E87/><V33/><F73/><W72/><G72/><T59/><D59/><U18/><E83/><V119/><F58/><W52/><G52/><T100/><D85/><U95/><E95/><AGARI ba="0,0" hai="88,89,95,98,100,116,117,118" m="29999,43625" machi="95" ten="40,2600,0" yaku="11,1,54,1" doraHai="22" who="0" fromWho="1" sc="301,26,211,-26,373,0,115,0" /><INIT seed="4,0,0,5,5,35" ten="327,185,373,115" oya="0" hai0="10,110,59,84,106,30,0,60,1,115,124,135,85" hai1="122,81,113,37,129,21,133,24,9,29,82,104,103" hai2="102,132,4,39,62,63,123,66,86,13,33,88,72" hai3="116,51,25,107,128,80,50,64,31,91,87,19,108"/><T47/><D106/><U3/><E103/><V55/><F123/><W130/><G116/><T71/><D115/><U44/><E122/><V28/><F72/><W83/><G108/><T42/><D71/><U114/><E129/><N who="3" m="49770" /><G107/><T98/><D124/><U95/><E95/><V73/><F73/><W121/><G19/><T23/><D135/><U17/><E133/><V127/><F132/><W99/><G64/><T56/><D110/><U119/><E119/><V36/><F127/><W93/><G99/><T94/><D85/><U49/><E104/><V90/><F28/><W14/><G14/><T22/><D10/><U52/><E37/><V15/><F33/><N who="3" m="20719" /><G121/><T57/><D60/><U40/><E40/><V97/><F63/><W48/><AGARI ba="0,0" hai="48,50,51,80,83,87,91,93" m="20719,49770" machi="48" ten="30,1100,0" yaku="19,1" doraHai="35" who="3" fromWho="3" sc="327,-5,185,-3,373,-3,115,11" /><INIT seed="5,0,0,2,0,129" ten="322,182,370,126" oya="1" hai0="107,5,26,2,119,103,56,80,68,78,4,122,63" hai1="42,22,126,117,33,51,84,86,49,14,69,32,70" hai2="24,116,123,105,118,55,64,104,82,93,83,29,61" hai3="87,36,106,128,6,101,15,108,71,113,135,125,43"/><U0/><E0/><V62/><F123/><W90/><G90/><T81/><D68/><N who="1" m="26219" /><E117/><V130/><F130/><W19/><G43/><T60/><D122/><U100/><E42/><V35/><F55/><W12/><G87/><N who="1" m="33322" /><E100/><V95/><F24/><W120/><G101/><T10/><D119/><U8/><E8/><V65/><F29/><W23/><G23/><T124/><D5/><U133/><E22/><V66/><F66/><W110/><G19/><T92/><D124/><U75/><E126/><V17/><F17/><W57/><G57/><T132/><D132/><U46/><E133/><V77/><REACH who="2" step="1"/><F35/><REACH who="2" step="2"/><N who="1" m="13385" /><E14/><V37/><F37/><W102/><G15/><T121/><D26/><U73/><E46/><V34/><F34/><W97/><G12/><T67/><D121/><U41/><E41/><V27/><F27/><W53/><G53/><T85/><D67/><U7/><E7/><V94/><F94/><W48/><G135/><T74/><D81/><U127/><E127/><V20/><F20/><W111/><G125/><T40/><D40/><U59/><E59/><V134/><F134/><W25/><G120/><T45/><D56/><U58/><E58/><V31/><F31/><W52/><G128/><T99/><D45/><U114/><E114/><V72/><F72/><AGARI ba="0,1" hai="49,51,72,73,75" m="13385,33322,26219" machi="72" ten="40,3900,0" yaku="28,2" doraHai="129" who="1" fromWho="2" sc="322,0,182,49,360,-39,126,0" /><INIT seed="5,1,0,3,4,43" ten="322,231,321,126" oya="1" hai0="83,61,35,26,47,33,3,4,39,37,97,41,99" hai1="79,42,55,127,120,31,90,2,91,124,14,40,118" hai2="123,44,86,13,122,17,51,65,80,1,114,102,6" hai3="110,105,15,71,58,60,100,106,25,84,8,24,128"/><U72/><E120/><V108/><F108/><W10/><G110/><T111/><D39/><U94/><E118/><V76/><F114/><W82/><G71/><T133/><D111/><U67/><E2/><V45/><F102/><W0/><G128/><T132/><D61/><U134/><E67/><V69/><F123/><W30/><G100/><T115/><D83/><U56/><E31/><V129/><F122/><W81/><G0/><T27/><D3/><U21/><E21/><V18/><F129/><W75/><G75/><T63/><D4/><U64/><E64/><V101/><F101/><W52/><G81/><T29/><D63/><U5/><E5/><V19/><F1/><W87/><G106/><T112/><D29/><U50/><E14/><V46/><F69/><W74/><G105/><T54/><D37/><U126/><E94/><V98/><F98/><W32/><G74/><T53/><D41/><N who="1" m="15979" /><E134/><V57/><F65/><W59/><G59/><T92/><D92/><U135/><E135/><V85/><F85/><W62/><G62/><T23/><D23/><U16/><E16/><V117/><F117/><W7/><G24/><T96/><D96/><U48/><E48/><V119/><F119/><W130/><G130/><T28/><D28/><U78/><E78/><V125/><F125/><W73/><REACH who="3" step="1"/><G10/><REACH who="3" step="2"/><T49/><D49/><U107/><E107/><V131/><F131/><W68/><G68/><T22/><D22/><U103/><E103/><V12/><F6/><W38/><G38/><T95/><D95/><U34/><E34/><V109/><F109/><W20/><G20/><RYUUKYOKU ba="1,1" sc="322,0,231,0,321,0,116,0" hai0="26,27,33,35,47,53,54,97,99,112,115,132,133" hai1="50,55,56,72,79,90,91,124,126,127" hai2="12,13,17,18,19,44,45,46,51,57,76,80,86" hai3="7,8,15,25,30,32,52,58,60,73,82,84,87" /><INIT seed="5,2,1,4,5,35" ten="322,231,321,116" oya="1" hai0="34,98,101,58,91,135,2,130,76,120,95,38,23" hai1="74,81,71,9,59,7,80,83,54,3,11,0,29" hai2="12,64,133,118,117,52,134,60,132,25,16,42,111" hai3="49,51,69,63,30,61,19,84,20,124,79,75,50"/><U28/><E71/><N who="2" m="42375" /><F111/><W21/><G124/><T116/><D38/><U128/><E74/><V33/><F42/><W105/><G105/><T85/><D34/><U26/><E128/><V115/><F115/><W88/><G75/><T109/><D120/><U55/><E55/><V113/><F113/><W36/><G36/><T97/><D116/><U6/><REACH who="1" step="1"/><E26/><REACH who="1" step="2"/><V18/><F52/><W114/><G69/><T8/><D130/><U48/><AGARI ba="2,2" hai="0,3,6,7,9,11,28,29,48,54,59,80,81,83" machi="48" ten="30,18000,2" yaku="1,1,2,1,0,1,9,1,52,2,53,0" doraHai="35" doraHaiUra="39" who="1" fromWho="1" sc="322,-62,221,206,321,-62,116,-62" /><INIT seed="5,3,0,1,0,135" ten="260,427,259,54" oya="1" hai0="80,106,113,129,53,5,62,36,110,51,60,48,43" hai1="123,7,118,128,112,65,127,33,103,8,119,24,28" hai2="82,126,91,89,121,55,54,29,18,84,16,105,72" hai3="50,117,19,52,109,114,67,134,1,56,13,14,0"/><U32/><E103/><V93/><F121/><W104/><G109/><T46/><D106/><U61/><E65/><V20/><F105/><W97/><G114/><T131/><D5/><U125/><E61/><V49/><F126/><N who="1" m="48137" /><E112/><V107/><F107/><W99/><G134/><T39/><D80/><U17/><E123/><V90/><F72/><W120/><G120/><T71/><D110/><U86/><E86/><N who="2" m="52407" /><F91/><W45/><G117/><N who="1" m="44554" /><E128/><V64/><F64/><W73/><G73/><T108/><D113/><U70/><E70/><V79/><F79/><W6/><G104/><T15/><D15/><N who="1" m="5535" /><E17/><V12/><F18/><W11/><G0/><T59/><D108/><U40/><E40/><V68/><F68/><W81/><G81/><T124/><D124/><U27/><E27/><N who="2" m="16615" /><F49/><W38/><G38/><T2/><D2/><U44/><E44/><V25/><F25/><W4/><G1/><T85/><D85/><U41/><E41/><V88/><F90/><W76/><G76/><T34/><D34/><AGARI ba="3,0" hai="24,28,32,33,34" m="5535,44554,48137" machi="34" ten="30,18000,2" yaku="18,1,34,2,52,3" doraHai="135" who="1" fromWho="0" sc="260,-189,427,189,259,0,54,0" /><INIT seed="5,4,0,2,3,33" ten="71,616,259,54" oya="1" hai0="92,0,114,39,28,135,13,124,100,30,57,72,50" hai1="77,5,16,44,122,35,117,15,42,125,63,17,36" hai2="93,131,101,103,29,32,78,90,132,54,23,108,80" hai3="119,56,123,51,48,120,106,116,115,27,8,95,107"/><U1/><E122/><N who="3" m="46634" /><G8/><T133/><D72/><U46/><E117/><N who="3" m="45130" /><G95/><T84/><D39/><U126/><E125/><V88/><F32/><W3/><G27/><T26/><D0/><U118/><E126/><V2/><F2/><W49/><G3/><T41/><D124/><U45/><E118/><V66/><F66/><W25/><G25/><T82/><D114/><U20/><E35/><V121/><F121/><W34/><G34/><T64/><D135/><U38/><E77/><V55/><F132/><W43/><G43/><T62/><D133/><U102/><E102/><V86/><F131/><W113/><G56/><T6/><D26/><U134/><E134/><V75/><F90/><W81/><G81/><T11/><D100/><U110/><E110/><V98/><F108/><W61/><G61/><T68/><D92/><U127/><E127/><V73/><F73/><W47/><G47/><T111/><D68/><U130/><E63/><V21/><F103/><W128/><G128/><T4/><D4/><U87/><E130/><V85/><F29/><W79/><G79/><T74/><D74/><U105/><E87/><V59/><F86/><W10/><G10/><T19/><D19/><U12/><E105/><AGARI ba="4,0" hai="48,49,51,105,106,107,113,115" m="45130,46634" machi="105" ten="40,5200,0" yaku="28,2,12,1" doraHai="33" who="3" fromWho="1" sc="71,0,616,-64,259,0,54,64" /><INIT seed="6,0,0,5,1,40" ten="71,552,259,118" oya="2" hai0="41,69,42,5,12,105,85,39,134,15,56,109,33" hai1="13,0,8,94,67,25,4,81,118,87,66,74,122" hai2="135,121,38,23,119,71,43,24,46,108,92,77,36" hai3="16,62,47,101,48,84,113,127,72,10,19,59,114"/><V11/><F121/><W76/><G72/><T102/><D33/><U9/><E122/><V18/><F119/><W78/><G127/><T17/><D69/><U51/><E118/><V14/><F135/><W61/><G101/><T32/><D32/><U63/><E74/><V28/><F108/><W104/><G104/><T2/><D2/><U45/><E25/><V65/><F77/><N who="3" m="29803" /><G10/><T89/><D134/><U82/><E94/><V83/><F83/><W64/><G84/><T93/><D39/><U91/><E82/><V70/><F38/><W103/><G103/><T132/><D109/><U128/><E128/><V58/><REACH who="2" step="1"/><F92/><REACH who="2" step="2"/><W99/><G64/><T75/><D132/><U6/><E63/><AGARI ba="0,1" hai="11,14,18,23,24,28,36,43,46,58,63,65,70,71" machi="63" ten="40,7700,0" yaku="1,1,2,1,52,1,53,0" doraHai="40" doraHaiUra="3" who="2" fromWho="1" sc="71,0,552,-77,249,87,118,0" /><INIT seed="6,1,0,5,0,36" ten="71,475,336,118" oya="2" hai0="25,43,69,16,90,85,34,76,6,74,48,1,65" hai1="44,95,14,5,45,82,60,81,111,114,98,3,57" hai2="18,73,106,37,77,88,115,119,62,2,46,92,100" hai3="110,38,10,40,12,58,4,78,71,19,20,67,104"/><V102/><F2/><W99/><G110/><T55/><D1/><U59/><E111/><V122/><F122/><W121/><G121/><T83/><D6/><U32/><E32/><V135/><F119/><W133/><G133/><T103/><D69/><U75/><E75/><V64/><F135/><W128/><G128/><T41/><D65/><N who="1" m="39055" /><E3/><V116/><F116/><W109/><G109/><T22/><D103/><N who="1" m="60895" /><E114/><V123/><F123/><W8/><G78/><T134/><D34/><U35/><E35/><V120/><F120/><W132/><G132/><T97/><D97/><U107/><E107/><V56/><F115/><W52/><G71/><T61/><D61/><U47/><E59/><V23/><F106/><W0/><G38/><T130/><D130/><U129/><E129/><V30/><F73/><W21/><G40/><T27/><D27/><U68/><E68/><V131/><F131/><W51/><REACH who="3" step="1"/><G67/><REACH who="3" step="2"/><T24/><D134/><U13/><E5/><V9/><F37/><W124/><G124/><T15/><D76/><U54/><E54/><V86/><F77/><W94/><G94/><T33/><D74/><U112/><E112/><V50/><F30/><W89/><G89/><T80/><D33/><U96/><E96/><V70/><F70/><W11/><G11/><T17/><D83/><AGARI ba="1,1" hai="13,14,44,45,47,81,82,83" m="60895,39055" machi="83" ten="30,1000,0" yaku="8,1" doraHai="36" who="1" fromWho="0" sc="71,-13,475,23,336,0,108,0" /><INIT seed="7,0,0,0,1,10" ten="58,498,336,108" oya="3" hai0="92,124,68,66,85,34,104,50,32,109,36,17,7" hai1="97,127,98,107,82,125,23,33,18,57,64,91,20" hai2="69,58,43,60,93,130,67,134,61,76,54,42,73" hai3="118,86,56,110,89,81,8,52,96,49,55,47,135"/><W95/><G118/><T35/><D124/><N who="1" m="47691" /><E33/><V46/><F73/><W94/><G135/><T63/><D109/><U2/><E2/><V114/><F93/><W100/><G110/><T133/><D50/><U74/><E74/><V19/><F19/><W25/><G25/><T11/><D17/><U120/><E120/><V129/><F76/><W112/><G112/><T78/><D92/><U1/><E1/><V84/><F84/><W4/><G94/><T40/><D133/><U62/><E107/><V83/><F83/><W126/><G126/><T59/><D59/><U45/><E45/><V41/><F134/><W22/><G22/><N who="1" m="8234" /><E18/><V21/><F21/><W80/><G80/><T88/><D88/><U24/><E24/><V128/><F114/><W115/><G115/><T30/><D85/><AGARI ba="0,0" hai="57,62,64,82,85,91,97,98" m="8234,47691" machi="85" ten="30,1000,0" yaku="18,1" doraHai="10" who="1" fromWho="0" sc="58,-10,498,10,336,0,108,0" owari="48,-45,508,60,336,14,108,-29" /></mjloggm>