<mjloggm ver="2.3"><GO type="41"/><UN n0="%E3%81%A7%E3%81%93%E3%81%98" n1="%EF%BC%88%E2%89%A7%E2%96%BD%E2%89%A6%EF%BC%89" n2="%E4%BF%AE%E7%BE%85%E5%BC%8F" n3="%E6%9A%B4%E7%89%8C%E4%B9%99%E5%A5%B3" dan="17,18,13,14" rate="2133,2192,2068,2055" sx="M,M,M,M"/><TAIKYOKU oya="0"/><INIT seed="0,0,0,4,0,58" ten="250,250,250,250" oya="0" hai0="36,96,104,16,105,6,24,111,86,108,127,20,101" hai1="15,39,64,42,13,48,97,14,52,51,28,103,46" hai2="93,50,121,21,67,59,71,61,4,118,95,5,43" hai3="68,132,114,47,34,65,38,25,63,100,126,89,30"/><T135/><D36/><U102/><E28/><V7/><F121/><W123/><G123/><T77/><D127/><U107/><E64/><V120/><F120/><W106/><G114/><T125/><D125/><U45/><E103/><V131/><F131/><W41/><G89/><T92/><D6/><U110/><REACH who="1" step="1"/><E110/><REACH who="1" ten="250,240,250,250" step="2"/><N who="0" m="42025" /><D135/><U79/><E79/><V87/><F118/><W35/><G126/><T70/><D70/><U9/><E9/><V133/><F71/><W73/><G35/><T122/><D122/><U98/><E98/><V117/><F117/><W26/><G26/><T49/><D49/><AGARI ba="0,1" hai="13,14,15,39,42,45,46,48,49,51,52,97,102,107" machi="49" ten="40,2600,0" yaku="1,1,54,1,53,0" doraHai="58" doraHaiUra="0" who="1" fromWho="0" sc="250,-26,240,36,250,0,250,0" /><INIT seed="1,0,0,3,4,14" ten="224,276,250,250" oya="1" hai0="85,53,123,124,11,13,12,69,60,102,63,47,114" hai1="10,115,116,28,41,68,119,57,100,8,5,45,125" hai2="29,30,4,71,118,36,104,79,61,35,98,96,52" hai3="15,128,108,117,6,112,39,89,48,92,44,83,38"/><U22/><E68/><V31/><F36/><W126/><G112/><T78/><D114/><U135/><E115/><V130/><F118/><W58/><G117/><T77/><D124/><U93/><E125/><V67/><F130/><W74/><G126/><T62/><D123/><U81/><E135/><V91/><F79/><W127/><G127/><T1/><D1/><U24/><E57/><V43/><F43/><W21/><G128/><T97/><D69/><U109/><E109/><V121/><F121/><W50/><G108/><T37/><D85/><U105/><E105/><V82/><F4/><W106/><G106/><T120/><D120/><U40/><E81/><V76/><F96/><W86/><G58/><T16/><D13/><U17/><E28/><V75/><F91/><W54/><G50/><N who="0" m="28895" /><D37/><U129/><E129/><V23/><F23/><W70/><G70/><T80/><D80/><U19/><E5/><V73/><F75/><W134/><G134/><T55/><D55/><U7/><E7/><V122/><F122/><W107/><G107/><T101/><D101/><U95/><E100/><N who="2" m="62487" /><F52/><W34/><G34/><T3/><D3/><U66/><E66/><V131/><F131/><W113/><G113/><T56/><D56/><U18/><E45/><V42/><F42/><W46/><G46/><T84/><D84/><U27/><E18/><V99/><F99/><W90/><G74/><T133/><D133/><U2/><E2/><V110/><F110/><W0/><G0/><T87/><D87/><U33/><E33/><V72/><F72/><W20/><G6/><T9/><D9/><RYUUKYOKU ba="0,0" sc="224,10,276,10,250,10,250,-30" hai0="11,12,16,60,62,63,77,78,97,102" hai1="8,10,17,19,22,24,27,40,41,93,95,116,119" hai2="29,30,31,35,61,67,71,73,76,82" /><INIT seed="1,1,0,1,1,34" ten="234,286,260,220" oya="1" hai0="101,96,40,92,72,99,85,65,118,90,126,104,67" hai1="56,22,3,55,1,112,10,77,33,98,50,37,39" hai2="89,133,130,41,70,76,49,115,93,79,132,119,42" hai3="29,18,82,44,9,16,31,103,13,17,111,63,27"/><U108/><E33/><V58/><F119/><W28/><G103/><T19/><D118/><U117/><E117/><V114/><F70/><W71/><G111/><T83/><D126/><U60/><E112/><N who="2" m="43051" /><F58/><W127/><G127/><T102/><D40/><N who="2" m="15466" /><F49/><W52/><G82/><T26/><D72/><U123/><E123/><V43/><F130/><W69/><G27/><T121/><D121/><U134/><E108/><V54/><F54/><W73/><G73/><T95/><REACH who="0" step="1"/><D104/><REACH who="0" ten="224,286,260,220" step="2"/><U81/><E134/><N who="2" m="51819" /><F43/><W113/><G113/><T97/><D97/><AGARI ba="1,1" hai="76,79,89,93,97" m="51819,15466,43051" machi="97" ten="30,2000,0" yaku="11,1,20,1" doraHai="34" who="2" fromWho="0" sc="224,-23,286,0,260,33,220,0" /><INIT seed="2,0,0,3,5,127" ten="201,286,293,220" oya="2" hai0="128,22,27,87,62,123,134,8,48,111,46,52,10" hai1="38,32,64,99,133,102,88,12,73,124,81,118,106" hai2="16,33,53,67,18,125,57,72,70,31,130,76,112" hai3="84,63,65,113,9,29,6,74,109,108,5,90,36"/><V97/><F112/><W126/><G74/><T115/><D115/><U98/><E118/><V59/><F125/><W13/><G113/><T93/><D123/><U42/><E32/><V77/><F70/><W96/><G126/><T25/><D111/><N who="3" m="42569" /><G36/><T83/><D134/><U92/><E124/><V85/><F72/><W66/><G29/><T119/><D119/><U3/><E3/><V23/><F33/><W11/><G96/><T20/><D93/><U19/><E64/><V0/><F0/><N who="3" m="167" /><G63/><T121/><D121/><U61/><E61/><V132/><F67/><W55/><G55/><T35/><D62/><U44/><E133/><V41/><F132/><W49/><G49/><T105/><D105/><U78/><E19/><V75/><F41/><W34/><G34/><T68/><D35/><U69/><REACH who="1" step="1"/><E12/><REACH who="1" ten="201,276,293,220" step="2"/><V28/><F18/><W50/><G50/><T56/><D48/><U7/><E7/><V58/><F31/><W43/><G43/><T80/><D68/><AGARI ba="0,1" hai="38,42,44,68,69,73,78,81,88,92,98,99,102,106" machi="68" ten="40,5200,0" yaku="1,1,54,1,53,1" doraHai="127" doraHaiUra="71" who="1" fromWho="0" sc="201,-52,276,62,293,0,220,0" /><INIT seed="3,0,0,2,4,45" ten="149,338,293,220" oya="3" hai0="5,96,9,85,86,132,48,40,37,35,84,43,12" hai1="101,21,135,91,78,79,68,100,27,36,114,94,60" hai2="57,51,54,107,108,1,28,131,118,117,30,38,87" hai3="66,110,112,88,29,34,23,64,134,58,62,125,81"/><W3/><G112/><T59/><D35/><U98/><E36/><V90/><F107/><W52/><G3/><T20/><D132/><U103/><E135/><V8/><F38/><W93/><G134/><T116/><D116/><U6/><E114/><V104/><F104/><W97/><G34/><T0/><D37/><U89/><E6/><V16/><F131/><W61/><G125/><T123/><D123/><U120/><E120/><V13/><F108/><W7/><G7/><T4/><D96/><U130/><E130/><V10/><F1/><W105/><G110/><T74/><D74/><U41/><E41/><V119/><REACH who="2" step="1"/><F10/><REACH who="2" ten="149,338,283,220" step="2"/><W17/><G105/><T102/><D0/><U14/><E103/><V18/><F18/><W128/><G128/><T80/><D102/><U11/><E101/><V126/><F126/><W49/><G29/><T44/><D80/><AGARI ba="0,1" hai="8,13,16,28,30,51,54,57,80,87,90,117,118,119" machi="80" ten="40,8000,1" yaku="1,1,52,1,54,1,53,1" doraHai="45" doraHaiUra="83" who="2" fromWho="0" sc="149,-80,338,0,283,90,220,0" /><INIT seed="4,0,0,0,2,16" ten="69,338,373,220" oya="0" hai0="112,34,97,47,118,51,13,45,6,50,73,4,111" hai1="76,41,5,132,18,134,84,133,106,99,81,109,14" hai2="52,0,78,17,20,62,86,125,90,80,46,79,32" hai3="27,115,129,59,93,63,40,102,21,94,33,103,117"/><T22/><D118/><U57/><E109/><V24/><F0/><W83/><G117/><T71/><D73/><U72/><E41/><V104/><F104/><W74/><G33/><T23/><D34/><U68/><E68/><V15/><F125/><W135/><G115/><T11/><D71/><U37/><E37/><V29/><F62/><W53/><G40/><T100/><D112/><U19/><E57/><V58/><F58/><W116/><G116/><T95/><D111/><U54/><E54/><V101/><F101/><W67/><G135/><T85/><D85/><U96/><E72/><V25/><F24/><W122/><G129/><T126/><D4/><U66/><E66/><V30/><F29/><N who="3" m="17647" /><G74/><T108/><D126/><U77/><E77/><V114/><F114/><W44/><G83/><T26/><D108/><U31/><E31/><V82/><F82/><W88/><G122/><T69/><D69/><U39/><E39/><V113/><F113/><W35/><G35/><T124/><D124/><U65/><E65/><V28/><F28/><W130/><G130/><T87/><D87/><U56/><E56/><V60/><F60/><W120/><G120/><T61/><D61/><U36/><E36/><V2/><F2/><W89/><G94/><T127/><D127/><U128/><E128/><V12/><F32/><W98/><G103/><T105/><D105/><U123/><E123/><V1/><F1/><W48/><AGARI ba="0,0" hai="44,48,53,59,63,67,88,89,93,98,102" m="17647" machi="48" ten="30,7900,0" yaku="25,1,8,1,52,1,54,1" doraHai="16" who="3" fromWho="3" sc="69,-39,338,-20,373,-20,220,79" /><INIT seed="5,0,0,1,5,43" ten="30,318,353,299" oya="1" hai0="42,61,2,23,95,49,57,34,117,72,97,107,54" hai1="108,41,103,50,116,52,69,68,86,119,16,6,112" hai2="40,85,65,8,35,13,38,10,105,4,81,71,39" hai3="75,22,1,111,32,67,100,36,7,70,26,96,60"/><U130/><E6/><V104/><F35/><W87/><G111/><T135/><D117/><U66/><E103/><V19/><F39/><W20/><G75/><T77/><D34/><U17/><E108/><V31/><F31/><N who="3" m="19575" /><G87/><T15/><D2/><U118/><E130/><V92/><F92/><W44/><G7/><T28/><D107/><U14/><E112/><V128/><F128/><W127/><G127/><T56/><D135/><U102/><E102/><V113/><F113/><W18/><G18/><T74/><D77/><U59/><E41/><V79/><F65/><W94/><G94/><T109/><D109/><U58/><E86/><V106/><F71/><W63/><G63/><T27/><D15/><U125/><E125/><V120/><F120/><W126/><G126/><T82/><D82/><U90/><E90/><V64/><F64/><W99/><G99/><T30/><D30/><U21/><REACH who="1" step="1"/><E17/><REACH who="1" ten="30,308,353,299" step="2"/><V93/><F19/><W88/><G88/><T53/><REACH who="0" step="1"/><D42/><REACH who="0" ten="20,308,353,299" step="2"/><U45/><E45/><V47/><F40/><N who="3" m="22535" /><G1/><T129/><D129/><U114/><E114/><V12/><F47/><W101/><G101/><AGARI ba="0,2" hai="23,27,28,49,53,54,56,57,61,72,74,95,97,101" machi="101" ten="30,2000,0" yaku="1,1,7,1,53,0" doraHai="43" doraHaiUra="29" who="0" fromWho="3" sc="20,40,308,0,353,0,299,-20" /><INIT seed="6,0,0,3,1,99" ten="60,308,353,279" oya="2" hai0="32,123,63,28,33,91,130,11,83,128,29,57,62" hai1="119,30,90,58,112,8,82,70,126,86,100,3,4" hai2="31,21,105,35,96,17,6,44,45,97,108,74,95" hai3="110,94,132,53,7,65,34,38,52,111,36,109,0"/><V116/><F116/><W87/><G34/><T16/><D123/><U54/><E119/><V134/><F108/><W23/><G132/><T48/><D48/><U89/><E70/><V120/><F74/><W14/><G65/><T61/><D57/><U56/><E100/><V5/><F120/><W66/><G66/><T85/><D32/><U106/><E106/><V47/><F105/><W84/><G0/><T40/><D40/><U73/><E73/><V68/><F68/><W113/><G113/><T12/><REACH who="0" step="1"/><D33/><REACH who="0" ten="50,308,353,279" step="2"/><U42/><E42/><V129/><F35/><W25/><G36/><T121/><D121/><U39/><E39/><V124/><F134/><W9/><G38/><T10/><D10/><U103/><E8/><V69/><F69/><W43/><G43/><T2/><D2/><U67/><E56/><V88/><F47/><W118/><G118/><T72/><D72/><U81/><E58/><V77/><F45/><W115/><G115/><T101/><D101/><U98/><E103/><V50/><F44/><W20/><G20/><T102/><D102/><U79/><E3/><V59/><F21/><W15/><G15/><T80/><D80/><U64/><E81/><V127/><F59/><W22/><G22/><T75/><D75/><U60/><E82/><V125/><F50/><W131/><G131/><AGARI ba="0,1" hai="11,12,16,28,29,61,62,63,83,85,91,128,130,131" machi="131" ten="40,5200,0" yaku="1,1,19,1,54,1,53,0" doraHai="99" doraHaiUra="114" who="0" fromWho="3" sc="50,62,308,0,353,0,279,-52" /><INIT seed="7,0,0,4,3,55" ten="112,308,353,227" oya="3" hai0="43,127,122,133,64,42,80,17,27,3,65,22,70" hai1="89,18,73,25,104,56,0,82,132,84,8,62,60" hai2="116,113,134,48,111,98,107,47,21,59,91,4,88" hai3="29,1,71,2,126,53,7,121,49,114,123,6,30"/><W40/><G71/><T76/><D122/><U108/><E104/><V128/><F111/><W101/><G40/><T52/><D3/><U112/><E108/><V125/><F116/><W44/><G101/><T66/><D70/><U41/><E112/><V96/><F113/><W85/><G114/><T34/><D127/><U9/><E132/><V97/><F134/><W19/><G126/><T129/><D34/><U24/><E73/><V45/><F125/><W135/><G135/><T28/><D129/><U15/><E41/><V61/><F4/><W10/><G19/><T16/><D133/><U117/><E117/><V92/><F107/><W67/><G67/><T12/><D17/><U95/><E62/><V105/><F105/><W94/><G94/><T39/><D39/><U86/><E0/><V57/><F21/><W5/><G85/><T54/><D43/><U23/><E8/><V50/><F61/><W77/><G77/><T26/><D42/><U33/><E33/><V110/><F110/><W32/><G7/><T118/><D118/><U87/><E82/><V37/><F37/><W130/><G130/><T13/><D13/><U106/><E106/><V72/><F72/><W83/><G83/><T58/><D28/><N who="3" m="10857" /><G32/><T103/><D103/><U100/><E100/><V119/><F92/><W51/><G51/><N who="2" m="19497" /><F119/><W120/><G120/><T124/><D124/><U69/><E69/><V78/><F78/><W14/><G14/><T93/><D93/><U11/><E11/><V81/><F81/><W20/><G20/><T99/><D99/><N who="1" m="57839" /><E9/><V75/><F75/><W31/><G31/><RYUUKYOKU ba="0,0" sc="112,-15,308,15,353,-15,227,15" hai1="15,18,23,24,25,56,60,84,86,87" hai3="1,2,5,6,10,44,49,53,121,123" /><INIT seed="7,1,0,5,4,54" ten="97,323,338,242" oya="3" hai0="132,117,12,52,68,9,14,90,64,13,121,119,126" hai1="84,28,62,41,48,107,101,17,49,124,97,82,60" hai2="58,61,88,71,113,42,59,85,69,21,30,27,79" hai3="26,45,23,77,95,51,75,3,76,73,100,7,128"/><W33/><G33/><T67/><D121/><U83/><E124/><V134/><F113/><W0/><G128/><T93/><D126/><U36/><E36/><V122/><F134/><W112/><G112/><T86/><D132/><U56/><E28/><V47/><F71/><W34/><G34/><T116/><D68/><U115/><E115/><V31/><F69/><W5/><G73/><T65/><REACH who="0" step="1"/><D9/><REACH who="0" ten="87,323,338,242" step="2"/><U38/><E38/><V135/><F122/><W50/><G75/><T102/><D102/><U46/><E17/><V44/><F135/><W131/><G131/><T11/><D11/><U111/><E111/><V6/><F31/><W118/><G118/><T129/><D129/><U105/><E105/><V91/><F6/><N who="3" m="2059" /><G0/><T108/><D108/><U80/><E84/><V10/><F10/><W114/><G3/><T40/><D40/><U94/><E107/><V74/><F42/><W127/><G114/><T53/><AGARI ba="1,1" hai="12,13,14,52,53,64,65,67,86,90,93,116,117,119" machi="53" ten="40,8000,1" yaku="1,1,0,1,29,2,54,1,53,0" doraHai="54" doraHaiUra="15" who="0" fromWho="0" sc="87,93,323,-21,338,-21,242,-41" owari="180,-32.0,302,10.0,317,42.0,201,-20.0" /></mjloggm>