<mjloggm ver="2.3"><GO type="41"/><UN n0="%75%6A%75%6C" n1="%E3%82%A6%E3%83%AB%E3%83%88%E3%83%A9%E7%AB%8B%E7%9B%B4" n2="%E3%82%A8%E3%83%AA%E3%82%A2%EF%BC%95%EF%BC%91" n3="%5A%28%EF%BD%80%D0%94%C2%B4%5A%EF%BC%89" dan="13,15,13,14" rate="1827,1979,1834,1915" sx="M,M,M,M"/><TAIKYOKU oya="0"/><INIT seed="0,0,0,0,0,101" ten="250,250,250,250" oya="0" hai0="91,13,26,76,77,9,105,67,85,6,124,20,69" hai1="125,118,50,38,75,55,99,135,24,65,62,54,92" hai2="126,103,113,28,117,60,102,30,25,10,93,61,68" hai3="121,129,104,110,73,27,127,41,134,5,88,47,108"/><T90/><D105/><U115/><E75/><V82/><F113/><W100/><G127/><T111/><D69/><U122/><E118/><V133/><F10/><W120/><G134/><T97/><D124/><U42/><E24/><V116/><F82/><W94/><G129/><T79/><D67/><U48/><E92/><V70/><F126/><W83/><G5/><T0/><D111/><N who="3" m="42537" /><G27/><T59/><D0/><U14/><E99/><V81/><F81/><W106/><G100/><N who="2" m="38441" /><F93/><W78/><G88/><N who="0" m="33835" /><D97/><U44/><E14/><V114/><F25/><W72/><G94/><T66/><D66/><U40/><E125/><V84/><F84/><W51/><G72/><T8/><D59/><N who="1" m="33223" /><E135/><V36/><F114/><W2/><G2/><T1/><D1/><U21/><E21/><V16/><F36/><W89/><G89/><T96/><D96/><U86/><E86/><V33/><F16/><W52/><G41/><N who="1" m="15978" /><E115/><V19/><F19/><W29/><G29/><N who="2" m="11369" /><F33/><W128/><G128/><T37/><D8/><U107/><E122/><AGARI ba="0,0" hai="47,51,52,73,78,83,104,106,120,121,122" m="42537" machi="122" ten="30,8000,1" yaku="13,1,14,1,52,2,54,1" doraHai="101" who="3" fromWho="1" sc="250,0,250,-80,250,0,250,80" /><INIT seed="1,0,0,0,5,17" ten="250,170,250,330" oya="1" hai0="118,93,51,75,59,85,99,6,39,97,55,46,89" hai1="132,60,69,33,120,123,111,122,70,30,129,20,84" hai2="27,48,49,1,22,45,54,10,92,36,40,96,41" hai3="34,82,61,110,131,115,4,47,24,128,121,100,117"/><U73/><E73/><V2/><F10/><W58/><G121/><T88/><D75/><U14/><E129/><N who="3" m="49738" /><G115/><T94/><D118/><U16/><E132/><V80/><F80/><W105/><G117/><T81/><D6/><U64/><E111/><V130/><F130/><W13/><G110/><T125/><D125/><U116/><E116/><V101/><F41/><W72/><G47/><T87/><D39/><U126/><E126/><V31/><F49/><W12/><G100/><T78/><REACH who="0" step="1"/><D85/><REACH who="0" ten="240,170,250,330" step="2"/><U68/><REACH who="1" step="1"/><E84/><REACH who="1" ten="240,160,250,330" step="2"/><V35/><REACH who="2" step="1"/><F35/><REACH who="2" ten="240,160,240,330" step="2"/><W71/><G34/><T109/><D109/><U67/><E67/><V18/><F18/><W3/><G4/><T57/><AGARI ba="0,3" hai="46,51,55,57,59,78,81,87,88,89,93,94,97,99" machi="57" ten="30,8000,1" yaku="1,1,0,1,9,1,8,1,54,1,53,0" doraHai="17" doraHaiUra="7" who="0" fromWho="0" sc="240,110,160,-40,240,-20,330,-20" /><INIT seed="2,0,0,3,1,73" ten="350,120,220,310" oya="2" hai0="114,67,58,77,62,65,19,56,135,39,59,16,34" hai1="118,45,43,6,26,103,66,17,76,99,11,15,113" hai2="122,29,23,2,13,48,0,46,12,119,4,126,97" hai3="1,130,33,54,71,20,51,79,78,7,95,100,121"/><V88/><F122/><W36/><G121/><T125/><D34/><U35/><E113/><V106/><F119/><W94/><G33/><T123/><D123/><U98/><E66/><V111/><F106/><W101/><G71/><T14/><D114/><U47/><E118/><V52/><F111/><W53/><G36/><T84/><D39/><U90/><E90/><V80/><F126/><W110/><G7/><T63/><D125/><U24/><E35/><V91/><F0/><W18/><G1/><T81/><D135/><U132/><E132/><V87/><F2/><W25/><G110/><T32/><D32/><U124/><E124/><V42/><F4/><W117/><G117/><T115/><D115/><U105/><E99/><V83/><F97/><W8/><G8/><T64/><D19/><U129/><E129/><V30/><F23/><AGARI ba="0,0" hai="14,16,23,56,58,59,62,63,64,65,67,77,81,84" machi="23" ten="40,5200,0" yaku="8,1,52,1,54,1" doraHai="73" who="0" fromWho="2" sc="350,52,120,0,220,-52,310,0" /><INIT seed="3,0,0,5,4,101" ten="402,120,168,310" oya="3" hai0="22,99,108,89,87,92,11,14,64,0,24,111,107" hai1="28,26,85,128,23,67,20,81,3,94,134,120,106" hai2="57,115,105,79,16,66,109,130,122,17,62,132,12" hai3="59,32,47,116,93,61,78,69,41,77,54,110,49"/><W135/><G116/><T4/><D64/><U97/><E3/><V34/><F34/><W53/><G32/><T82/><D0/><U27/><E134/><V7/><F115/><W112/><G112/><T35/><D35/><U121/><E128/><V117/><F117/><W39/><G135/><T103/><REACH who="0" step="1"/><D82/><REACH who="0" ten="392,120,168,310" step="2"/><U114/><E67/><V113/><F132/><W65/><G110/><T60/><D60/><U129/><E114/><V58/><F113/><W44/><REACH who="3" step="1"/><G93/><REACH who="3" ten="392,120,168,300" step="2"/><T55/><D55/><U29/><E94/><V100/><F109/><W125/><G125/><T74/><D74/><U71/><E129/><V45/><F130/><W75/><G75/><T56/><D56/><U126/><E126/><V104/><F58/><W91/><G91/><T124/><D124/><U84/><E71/><V5/><F79/><W118/><G118/><T31/><AGARI ba="0,2" hai="4,11,14,22,24,31,87,89,92,99,103,107,108,111" machi="31" ten="30,7900,0" yaku="1,1,0,1,52,1,53,1" doraHai="101" doraHaiUra="83" who="0" fromWho="0" sc="392,99,120,-20,168,-20,300,-39" /><INIT seed="4,0,0,4,3,108" ten="491,100,148,261" oya="0" hai0="110,15,9,50,37,111,134,58,120,42,4,26,64" hai1="61,123,73,27,56,17,89,118,77,55,112,0,62" hai2="131,109,92,94,41,132,69,13,84,40,31,8,122" hai3="74,16,44,70,21,5,7,25,83,128,63,18,129"/><T95/><D37/><U46/><E0/><V29/><F69/><W54/><G18/><T19/><D120/><U48/><E77/><V34/><F122/><W35/><G35/><T45/><D134/><U57/><E73/><V2/><F109/><W6/><G70/><T38/><D95/><U30/><E123/><V71/><F34/><W113/><G113/><T76/><D76/><U125/><E30/><V121/><F71/><W28/><G28/><T130/><D130/><N who="3" m="50281" /><G63/><T23/><D38/><U60/><E118/><V126/><F121/><W86/><G74/><T1/><D64/><U99/><E125/><V66/><F2/><W85/><G83/><T53/><D53/><U105/><E105/><V39/><F66/><W100/><G100/><T117/><D58/><U80/><E112/><V119/><F119/><W102/><G102/><T114/><D117/><U79/><E79/><V78/><F78/><W87/><G54/><T107/><D107/><U68/><E68/><V52/><F52/><W32/><G32/><T82/><D82/><U116/><E116/><V106/><F106/><W75/><G75/><T97/><D97/><U103/><E103/><V127/><F131/><W43/><G44/><T98/><D98/><U14/><E27/><V67/><F67/><W11/><G43/><T51/><D51/><U96/><E96/><V101/><F39/><W10/><AGARI ba="0,0" hai="5,6,7,10,11,16,21,25,85,86,87" m="50281" machi="10" ten="40,2700,0" yaku="19,1,54,1" doraHai="108" who="3" fromWho="3" sc="491,-13,100,-7,148,-7,261,27" /><INIT seed="5,0,0,3,3,95" ten="478,93,141,288" oya="1" hai0="10,3,59,23,70,40,58,41,21,116,118,9,68" hai1="1,56,92,53,4,127,51,120,94,24,98,6,46" hai2="100,85,57,111,130,109,28,14,34,91,73,102,105" hai3="31,82,79,114,20,5,43,52,122,71,45,32,36"/><U66/><E127/><V89/><F28/><W126/><G122/><T26/><REACH who="0" step="1"/><D26/><REACH who="0" ten="468,93,141,288" step="2"/><U124/><E124/><V37/><F111/><W113/><G126/><T25/><D25/><U61/><E120/><V87/><F109/><W96/><G114/><T7/><D7/><U19/><E1/><AGARI ba="0,1" hai="1,3,9,10,21,23,40,41,58,59,68,70,116,118" machi="1" ten="25,6400,0" yaku="21,2,22,2,53,0" doraHai="95" doraHaiUra="30" who="0" fromWho="1" sc="468,74,93,-64,141,0,288,0" /><INIT seed="6,0,0,4,2,95" ten="542,29,141,288" oya="2" hai0="93,51,37,106,131,24,45,32,132,94,118,16,15" hai1="13,82,73,83,10,41,78,9,4,122,46,35,110" hai2="19,61,29,20,108,30,6,89,12,22,86,120,11" hai3="116,2,68,98,40,75,47,69,62,48,87,84,104"/><V135/><F120/><W26/><G116/><T76/><D106/><U109/><E122/><V72/><F72/><W23/><G75/><T96/><D37/><U67/><E67/><V21/><F61/><W8/><G2/><T117/><D76/><U39/><E83/><V42/><F42/><W55/><G8/><T80/><D80/><U114/><E35/><V102/><F135/><W43/><G43/><T3/><D3/><U90/><E90/><V34/><F108/><W125/><G125/><T101/><D132/><U70/><E70/><V91/><F102/><W103/><G40/><T92/><D131/><U59/><E59/><V54/><F54/><W100/><G100/><T88/><D45/><U85/><E114/><V133/><F133/><W7/><G7/><T129/><D51/><U111/><E85/><V25/><F30/><W107/><G107/><T17/><D129/><U128/><E128/><V18/><F89/><W123/><G123/><T77/><D77/><U58/><E58/><V119/><F119/><N who="0" m="45578" /><D101/><U99/><REACH who="1" step="1"/><E10/><REACH who="1" ten="542,19,141,288" step="2"/><V14/><REACH who="2" step="1"/><F6/><REACH who="2" ten="542,19,131,288" step="2"/><W71/><G103/><T44/><D88/><U74/><E74/><V49/><F49/><W56/><G48/><T64/><D64/><U115/><E115/><V130/><F130/><W121/><G121/><T112/><D112/><U127/><E127/><V52/><F52/><W36/><G55/><T97/><D44/><U5/><E5/><V113/><F113/><W28/><G47/><T66/><D66/><U134/><E134/><V31/><F31/><W126/><G28/><N who="0" m="19463" /><D15/><U33/><E33/><V0/><F0/><RYUUKYOKU ba="0,2" sc="542,10,19,10,131,10,288,-30" hai0="16,17,92,93,94,96,97" hai1="4,9,13,39,41,46,73,78,82,99,109,110,111" hai2="11,12,14,18,19,20,21,22,25,29,34,86,91" /><INIT seed="6,1,2,5,3,4" ten="552,29,141,258" oya="2" hai0="44,62,84,53,72,54,124,92,40,127,87,93,81" hai1="114,3,1,28,48,39,11,101,126,19,64,7,100" hai2="85,6,50,58,34,111,97,14,98,115,132,41,129" hai3="55,38,70,56,49,59,123,79,17,135,122,109,73"/><V103/><F34/><W78/><G109/><T71/><D71/><U0/><E39/><V96/><F111/><W134/><G70/><T77/><D62/><U63/><E126/><N who="0" m="48169" /><D93/><U30/><E114/><V102/><F115/><W33/><G38/><N who="0" m="21527" /><D72/><U29/><E48/><V75/><F75/><W25/><G59/><T128/><D128/><U43/><E43/><V120/><F132/><N who="3" m="50731" /><G33/><T52/><D92/><U131/><E131/><V99/><F120/><N who="3" m="46123" /><G73/><T76/><D87/><U65/><E19/><V42/><F129/><W119/><G119/><T133/><D133/><U21/><E21/><AGARI ba="1,2" hai="17,21,25,49,55,56,78,79" m="46123,50731" machi="21" ten="30,1000,0" yaku="20,1" doraHai="4" who="3" fromWho="1" sc="552,0,29,-13,141,0,258,33" /><INIT seed="7,0,0,0,5,13" ten="552,16,141,291" oya="3" hai0="35,47,97,69,29,111,83,121,107,89,93,90,34" hai1="117,86,19,21,123,127,72,135,44,55,106,32,25" hai2="15,92,124,104,48,84,131,112,73,98,74,118,82" hai3="43,75,65,125,18,3,8,40,77,2,16,79,64"/><W71/><G125/><T87/><D69/><U94/><E72/><V20/><F124/><W42/><G75/><T23/><D121/><U51/><E106/><V91/><F118/><W101/><G101/><T99/><D111/><U78/><E127/><V24/><F112/><W30/><G71/><T22/><D47/><U67/><E135/><V133/><F131/><W62/><G30/><T66/><D66/><N who="3" m="25705" /><G62/><T70/><D70/><U46/><E117/><V10/><F133/><W11/><G79/><T61/><D61/><U129/><E129/><V76/><F48/><W4/><G77/><T85/><D107/><U5/><E123/><V37/><F37/><W132/><G132/><T28/><D93/><U119/><E119/><V96/><F74/><W103/><G103/><T58/><D58/><U63/><E32/><V27/><F27/><W6/><G11/><T105/><D105/><U116/><E116/><V88/><F91/><W0/><G8/><T52/><D52/><U14/><E67/><V12/><F12/><W134/><G134/><T100/><D100/><U41/><E63/><V59/><F59/><W9/><G9/><T26/><D83/><U128/><E128/><V56/><F56/><W95/><G95/><T60/><D60/><U17/><E5/><AGARI ba="0,0" hai="0,2,3,4,5,6,16,18,40,42,43" m="25705" machi="5" ten="40,12000,1" yaku="28,2,52,2,54,1" doraHai="13" who="3" fromWho="1" sc="552,0,16,-120,141,0,291,120" owari="552,65.0,-104,-60.0,141,-26.0,411,21.0" /></mjloggm>