<mjloggm ver="2.3"><GO type="169" lobby="0"/><UN n0="%E5%A4%A7%E7%8E%89%E5%B0%86" n1="%EF%BC%88%E2%89%A7%E2%96%BD%E2%89%A6%EF%BC%89" n2="%41%53%41%50%49%4E" n3="%E3%82%82%E3%81%A3%E3%81%97%E3%83%BC" dan="18,17,18,16" rate="2237.13,2186.41,2263.69,2075.96" sx="M,M,M,M"/><TAIKYOKU oya="0"/><INIT seed="0,0,0,5,3,103" ten="250,250,250,250" oya="0" hai0="5,86,79,19,78,61,42,22,2,11,46,52,102" hai1="129,98,108,51,115,89,29,1,101,75,104,18,0" hai2="57,62,9,69,123,95,84,49,83,119,110,87,65" hai3="39,135,24,107,44,37,122,40,118,97,132,127,80"/><T58/><D102/><U31/><E129/><V81/><F123/><W72/><G118/><T88/><D42/><U114/><E75/><V15/><F119/><W117/><G117/><T27/><REACH who="0" step="1"/><D46/><REACH who="0" ten="240,250,250,250" step="2"/><U105/><E115/><V26/><F110/><W47/><G47/><T73/><D73/><U113/><E114/><V45/><F45/><W64/><G72/><T91/><D91/><U13/><E113/><V8/><F69/><W76/><G44/><T4/><D4/><U20/><E108/><V124/><F57/><W131/><G40/><T90/><D90/><U17/><E89/><V43/><F43/><W66/><G39/><T21/><D21/><U77/><E20/><V35/><F35/><W32/><G37/><T3/><D3/><U12/><E1/><V41/><F41/><W111/><G32/><T63/><D63/><U16/><E0/><V68/><F62/><W128/><G111/><T33/><D33/><U60/><E60/><V85/><F49/><W130/><G130/><T133/><D133/><U126/><E51/><V23/><F23/><W10/><G131/><T53/><D53/><U71/><E71/><V100/><F68/><W6/><G128/><T125/><D125/><U112/><E126/><V121/><F124/><W92/><G127/><T59/><D59/><U36/><E36/><V94/><F100/><W70/><G70/><T28/><D28/><N who="1" m="10827" /><E112/><V38/><F38/><W54/><G135/><T116/><D116/><U93/><E77/><V106/><F8/><W74/><G10/><T99/><D99/><U67/><E67/><V48/><F9/><RYUUKYOKU ba="0,1" sc="240,15,250,15,250,-15,250,-15" hai0="2,5,11,19,22,27,52,58,61,78,79,86,88" hai1="12,13,16,17,18,93,98,101,104,105" /><INIT seed="0,1,1,1,4,128" ten="255,265,235,235" oya="0" hai0="46,59,53,96,117,20,64,32,102,124,111,48,127" hai1="114,110,42,123,75,15,86,116,50,77,56,94,73" hai2="7,0,79,81,13,43,33,22,93,120,63,52,25" hai3="60,28,130,101,16,119,90,72,69,61,76,17,3"/><T80/><D32/><U118/><E123/><V133/><F120/><W41/><G3/><T23/><D117/><U88/><E114/><V14/><F33/><W108/><G119/><T125/><D80/><U12/><E110/><V131/><F131/><W19/><G108/><T103/><D111/><U121/><E121/><V21/><F133/><W24/><G130/><T31/><D31/><U97/><E73/><V49/><F43/><W37/><G101/><T65/><D102/><U1/><E1/><V122/><F122/><W84/><G69/><T39/><D39/><U18/><E75/><V98/><F63/><W36/><G76/><T29/><D46/><N who="1" m="25943" /><E118/><V104/><F104/><W134/><G72/><T106/><REACH who="0" step="1"/><D29/><REACH who="0" ten="245,265,235,235" step="2"/><U11/><E116/><V74/><F81/><W135/><G36/><T92/><D92/><U58/><E15/><V55/><F13/><W10/><G37/><T35/><D35/><U109/><E109/><V6/><F14/><W100/><G100/><T68/><D68/><U27/><E27/><V113/><F25/><W87/><G10/><T57/><D57/><U62/><E62/><V95/><F0/><W5/><G24/><T83/><D83/><AGARI ba="1,2" hai="11,12,18,56,58,77,83,86,88,94,97" m="25943" machi="83" ten="30,2000,0" yaku="8,1,54,1" doraHai="128" who="1" fromWho="0" sc="245,-23,265,43,235,0,235,0" /><INIT seed="1,0,0,3,1,9" ten="222,308,235,235" oya="1" hai0="12,78,13,118,90,92,46,56,126,100,63,33,111" hai1="1,134,19,120,14,28,61,30,71,73,83,86,55" hai2="123,127,122,6,23,32,11,15,62,66,87,74,49" hai3="117,53,26,69,91,88,18,131,60,47,52,98,110"/><U3/><E73/><V75/><F32/><W130/><G110/><T72/><D118/><U10/><E120/><V64/><F127/><W99/><G117/><T57/><D33/><U8/><E134/><V104/><F104/><W112/><G112/><T5/><D111/><U101/><E101/><V97/><F97/><N who="3" m="36875" /><G69/><T84/><D100/><U27/><E10/><V41/><F64/><W121/><G121/><T96/><D5/><U106/><E106/><V31/><F87/><W119/><G119/><T116/><D72/><U58/><E71/><V93/><F93/><W102/><G102/><T105/><D105/><U95/><E95/><V43/><F74/><W108/><G108/><T125/><D116/><U54/><E54/><N who="3" m="21098" /><G60/><T36/><D36/><U113/><E113/><V59/><F75/><W65/><G65/><N who="0" m="39143" /><D57/><U80/><E80/><V40/><REACH who="2" step="1"/><F49/><REACH who="2" ten="222,308,225,235" step="2"/><W39/><G39/><T70/><D125/><U81/><E81/><V79/><F79/><W21/><G47/><T76/><D126/><U135/><E135/><V2/><F2/><W67/><G67/><T34/><D34/><U114/><E114/><V129/><F129/><AGARI ba="0,1" hai="18,21,26,88,91,129,130,131" m="21098,36875" machi="129" ten="30,3900,0" yaku="19,1,54,2" doraHai="9" who="3" fromWho="2" sc="222,0,308,0,225,-39,235,49" /><INIT seed="2,0,0,1,1,13" ten="222,308,186,284" oya="2" hai0="22,82,119,132,41,11,47,54,85,134,97,128,23" hai1="104,36,127,29,27,26,109,60,39,120,78,108,59" hai2="98,51,16,32,79,112,56,5,73,58,48,66,67" hai3="31,6,0,80,37,70,34,83,91,7,53,44,74"/><V124/><F32/><W45/><G70/><T94/><D54/><N who="1" m="33911" /><E104/><V18/><F112/><W121/><G121/><T86/><D128/><U110/><E120/><V99/><F124/><W19/><G80/><T111/><D111/><U46/><E127/><V30/><F30/><W100/><G100/><T89/><D119/><U50/><E78/><V14/><F79/><W21/><G0/><T35/><D35/><N who="1" m="20919" /><E27/><V10/><F73/><W87/><G74/><T52/><D11/><U65/><E65/><N who="2" m="24587" /><F56/><W81/><G81/><T133/><D52/><AGARI ba="0,0" hai="36,39,46,50,52,108,109,110" m="20919,33911" machi="52" ten="30,2000,0" yaku="14,1,54,1" doraHai="13" who="1" fromWho="0" sc="222,-20,308,20,186,0,284,0" /><INIT seed="3,0,0,1,3,111" ten="202,328,186,284" oya="3" hai0="95,50,9,96,118,36,68,117,7,3,122,10,86" hai1="134,109,100,123,31,52,5,103,101,59,6,22,25" hai2="98,4,39,29,87,30,132,35,84,24,85,102,121" hai3="28,93,126,67,64,54,60,79,107,90,88,47,57"/><W82/><G107/><T16/><D36/><U1/><E123/><V34/><F39/><W40/><G126/><T97/><D122/><U61/><E109/><V63/><F121/><W11/><G28/><T12/><D68/><U62/><E134/><V37/><F37/><W130/><G130/><T119/><REACH who="0" step="1"/><D50/><REACH who="0" ten="192,328,186,284" step="2"/><N who="1" m="31127" /><E1/><V120/><F120/><W78/><G11/><T21/><D21/><U19/><E31/><V56/><F132/><W74/><G78/><T0/><D0/><U32/><E32/><V8/><F34/><W114/><G114/><T133/><D133/><U108/><E108/><V69/><F69/><W116/><G116/><T26/><D26/><U71/><E71/><V75/><F30/><W131/><G131/><T43/><D43/><U89/><E61/><V44/><F24/><W77/><G77/><T45/><D45/><U125/><E62/><V42/><F29/><W129/><G129/><T51/><D51/><U110/><E125/><V94/><F35/><W53/><G40/><T38/><D38/><U127/><E127/><V92/><F44/><W128/><G128/><T15/><D15/><U70/><E70/><V27/><F27/><W72/><G72/><T91/><AGARI ba="0,1" hai="3,7,9,10,12,16,86,91,95,96,97,117,118,119" machi="91" ten="40,5200,0" yaku="1,1,0,1,54,1,53,0" doraHai="111" doraHaiUra="105" who="0" fromWho="0" sc="192,62,328,-13,186,-13,284,-26" /><INIT seed="4,0,0,3,4,85" ten="254,315,173,258" oya="0" hai0="1,31,88,90,14,111,98,115,128,10,71,124,39" hai1="96,17,130,99,44,76,67,22,100,13,23,43,3" hai2="42,78,35,38,80,104,103,93,41,118,64,110,107" hai3="113,86,40,79,87,56,134,119,49,133,9,132,66"/><T53/><D39/><U61/><E3/><V19/><F110/><W6/><G119/><T60/><D1/><U112/><E76/><V4/><F118/><W21/><G113/><T81/><D115/><U74/><E74/><V8/><F35/><W34/><G34/><T11/><D111/><U57/><E112/><V125/><F125/><W30/><G79/><T70/><D124/><U15/><E130/><V54/><F19/><W120/><G120/><T7/><D128/><U117/><E117/><V2/><F64/><W122/><G122/><T65/><D31/><U50/><E100/><V12/><F12/><N who="3" m="5175" /><G40/><T84/><D53/><U58/><E58/><V16/><F16/><AGARI ba="0,0" hai="13,15,16,17,22,23,43,44,50,57,61,67,96,99" machi="16" ten="40,5200,0" yaku="9,1,8,1,54,1" doraHai="85" who="1" fromWho="2" sc="254,0,315,52,173,-52,258,0" /><INIT seed="5,0,0,1,4,65" ten="254,367,121,258" oya="1" hai0="98,33,45,80,97,49,3,41,96,124,48,113,34" hai1="110,93,70,90,53,40,56,50,121,32,2,101,118" hai2="9,42,63,0,13,64,28,92,107,77,55,123,94" hai3="25,57,23,108,89,17,71,62,35,60,115,95,24"/><U54/><E2/><V105/><F123/><W128/><G108/><T21/><D3/><U66/><E32/><V59/><F0/><W109/><G109/><T14/><D113/><U132/><E121/><V91/><F77/><W83/><G128/><T117/><D117/><U29/><E29/><V99/><F28/><W87/><G115/><T69/><D124/><U72/><E72/><V10/><F42/><W104/><G104/><T126/><D126/><U102/><E118/><V38/><F38/><W86/><G71/><T79/><D69/><U119/><E70/><V67/><F67/><W75/><G75/><T120/><D120/><U47/><E66/><V7/><F10/><W26/><G62/><T58/><D58/><U19/><E54/><V116/><F116/><W100/><G35/><T73/><D49/><U6/><E6/><V103/><REACH who="2" step="1"/><F64/><REACH who="2" ten="254,367,111,258" step="2"/><N who="3" m="38927" /><G100/><T1/><D1/><U46/><E101/><V8/><F8/><W78/><AGARI ba="0,1" hai="17,23,24,25,26,78,83,86,87,89,95" m="38927" machi="78" ten="30,1100,0" yaku="8,1" doraHai="65" who="3" fromWho="3" sc="254,-3,367,-5,111,-3,258,21" /><INIT seed="6,0,0,5,0,59" ten="251,362,108,279" oya="2" hai0="36,118,112,26,75,90,54,39,11,120,1,100,7" hai1="37,126,134,113,28,76,109,68,18,60,40,84,74" hai2="96,24,19,111,70,80,110,41,101,93,38,106,88" hai3="102,50,25,31,95,123,129,99,78,66,69,61,91"/><V29/><F70/><W17/><G123/><T22/><D120/><U135/><E109/><V128/><F128/><W10/><G129/><T73/><D100/><U115/><E74/><V27/><F19/><W121/><G121/><T42/><D112/><N who="1" m="43083" /><E28/><V133/><F133/><W63/><G78/><T107/><D107/><U67/><E126/><V62/><F80/><W92/><G50/><T58/><D118/><U46/><E18/><V85/><F62/><W15/><G66/><T104/><D104/><U79/><E84/><V53/><F53/><W0/><G0/><T65/><D65/><U103/><E103/><V16/><F16/><W5/><G5/><T21/><D21/><U4/><E4/><V132/><F132/><AGARI ba="0,0" hai="37,40,46,60,67,68,76,79,132,134,135" m="43083" machi="132" ten="30,3900,0" yaku="20,1,15,1,52,1" doraHai="59" who="1" fromWho="2" sc="251,0,362,39,108,-39,279,0" /><INIT seed="7,0,0,0,4,110" ten="251,401,69,279" oya="3" hai0="135,69,43,53,5,83,54,68,64,13,4,23,15" hai1="30,71,16,133,40,8,18,37,81,26,17,66,102" hai2="73,28,107,29,22,129,39,116,0,21,60,94,56" hai3="41,76,99,88,36,61,100,86,59,44,1,90,127"/><W79/><G1/><T126/><D126/><U96/><E133/><V33/><F94/><W52/><G127/><T114/><D135/><U122/><E122/><V32/><F56/><W93/><REACH who="3" step="1"/><G90/><REACH who="3" ten="251,401,69,269" step="2"/><T131/><D131/><U42/><E37/><V38/><F60/><W74/><G74/><T55/><D43/><U104/><E8/><V115/><F73/><W63/><G63/><T82/><D64/><U101/><E101/><V85/><F85/><W3/><G3/><T98/><D98/><U123/><E123/><V119/><F0/><W103/><G103/><T48/><D55/><U113/><E102/><V27/><F27/><W50/><G50/><T117/><D48/><U92/><E96/><V111/><F111/><W10/><G10/><T118/><D23/><U95/><E40/><V130/><REACH who="2" step="1"/><F107/><AGARI ba="0,1" hai="36,41,44,52,59,61,76,79,86,88,93,99,100,107" machi="107" ten="30,11600,0" yaku="1,1,7,1,54,2,53,0" doraHai="110" doraHaiUra="78" who="3" fromWho="2" sc="251,0,401,0,69,-116,269,126" owari="251,-15.0,401,50.0,-47,-55.0,395,20.0" /></mjloggm>