<mjloggm ver="2.3"><GO type="41"/><UN n0="%4B%4B%4B%49%49%49" n1="%E3%81%AB%E3%81%8F%E5%90%9B" n2="%EF%BC%88%E2%89%A7%E2%96%BD%E2%89%A6%EF%BC%89" n3="%E3%81%AD%E3%81%B5%E3%81%87%E3%82%8B%E3%81%B4%E3%81%A8%E3%83%BC" dan="14,14,14,14" rate="1935,1940,2066,1872" sx="M,M,M,M"/><TAIKYOKU oya="0"/><INIT seed="0,0,0,2,1,120" ten="250,250,250,250" oya="0" hai0="77,45,36,40,42,1,85,58,16,90,71,127,31" hai1="34,19,73,132,27,94,5,21,119,6,105,72,30" hai2="20,88,122,81,68,74,67,18,126,23,107,32,4" hai3="97,82,70,43,17,103,99,98,93,0,39,114,129"/><T83/><D71/><U113/><E105/><V128/><F122/><W96/><G114/><T7/><D127/><U53/><E113/><V33/><F107/><W112/><G112/><T29/><D40/><U26/><E119/><V56/><F126/><W133/><G0/><T110/><D58/><U134/><E94/><V130/><F68/><W9/><G70/><T91/><D91/><U100/><E100/><V104/><F104/><W60/><G60/><T121/><D121/><U64/><E64/><V116/><F116/><W78/><G133/><N who="1" m="51306" /><E53/><V89/><F4/><AGARI ba="0,0" hai="4,5,6,19,21,26,27,30,34,72,73" m="51306" machi="4" ten="30,1000,0" yaku="20,1" doraHai="120" who="1" fromWho="2" sc="250,0,250,10,250,-10,250,0" /><INIT seed="1,0,0,1,2,72" ten="250,260,240,250" oya="1" hai0="83,92,101,68,46,81,27,53,113,35,88,55,70" hai1="106,57,112,56,30,100,45,75,1,84,15,17,126" hai2="85,80,129,6,2,26,44,125,128,33,12,20,4" hai3="127,32,122,29,90,54,59,117,9,109,104,118,108"/><U105/><E75/><V48/><F125/><W10/><G104/><T19/><D113/><U87/><E1/><V124/><F124/><W133/><G127/><T3/><D3/><U86/><E112/><V49/><F2/><W14/><G90/><T37/><D101/><U43/><E30/><N who="2" m="17735" /><F33/><W66/><G66/><T82/><D37/><U99/><E106/><V78/><F49/><W96/><G96/><T63/><D35/><U134/><E134/><V98/><F98/><W131/><G122/><T132/><D132/><U79/><E126/><V23/><F23/><W116/><G133/><T51/><D27/><U41/><E79/><V102/><F102/><W24/><G131/><N who="2" m="50249" /><F12/><W95/><G95/><T67/><D19/><U120/><E120/><V18/><F18/><W58/><G10/><T107/><D107/><U16/><E43/><AGARI ba="0,0" hai="4,6,43,44,48,78,80,85" m="50249,17735" machi="43" ten="30,2000,0" yaku="19,1,52,1" doraHai="72" who="2" fromWho="1" sc="250,0,260,-20,240,20,250,0" /><INIT seed="2,0,0,3,0,74" ten="250,240,260,250" oya="2" hai0="7,10,117,44,97,39,79,20,67,14,59,32,80" hai1="128,2,107,135,19,30,28,23,54,132,125,78,55" hai2="81,116,33,103,58,68,62,47,31,69,18,63,24" hai3="131,37,60,46,25,119,70,92,22,121,129,34,41"/><V27/><F116/><W89/><G121/><T50/><D39/><U95/><E107/><V12/><F103/><W17/><G119/><T111/><D117/><U127/><E2/><V72/><F27/><W99/><REACH who="3" step="1"/><G34/><REACH who="3" step="2"/><T109/><D32/><U48/><E132/><V102/><F69/><W0/><G0/><T115/><D115/><U38/><E135/><V21/><F68/><W114/><G114/><T73/><D97/><U86/><E125/><V94/><F47/><W52/><G52/><T66/><D20/><U120/><E55/><V65/><F63/><W133/><G133/><T101/><D101/><U9/><E54/><V96/><F72/><W123/><G123/><T90/><D67/><AGARI ba="0,1" hai="17,22,25,37,41,46,60,67,70,89,92,99,129,131" machi="67" ten="40,1300,0" yaku="1,1,53,0" doraHai="74" doraHaiUra="3" who="3" fromWho="0" sc="250,-13,240,0,260,0,240,23" /><INIT seed="3,0,0,1,2,1" ten="237,240,260,263" oya="3" hai0="115,122,95,78,17,120,119,21,93,48,126,31,98" hai1="9,10,39,103,45,117,121,56,91,34,62,106,128" hai2="94,130,134,27,81,8,65,37,85,61,53,123,60" hai3="25,12,92,107,18,3,90,15,11,50,87,80,20"/><W73/><G107/><T68/><D119/><U30/><E121/><V109/><F123/><W110/><G110/><T41/><D68/><U129/><E117/><V55/><F37/><W22/><G3/><T97/><D115/><U77/><E77/><V72/><F109/><W127/><G127/><T79/><D126/><U42/><E91/><V54/><F134/><W124/><G124/><T83/><D31/><U47/><E47/><V67/><F130/><N who="1" m="50281" /><E106/><V114/><F114/><W28/><G50/><T69/><D69/><U36/><E36/><V7/><F72/><W52/><G52/><T131/><D41/><U108/><E103/><V32/><F94/><W5/><REACH who="3" step="1"/><G73/><REACH who="3" step="2"/><T38/><D48/><U104/><E104/><V46/><F46/><W63/><G63/><T13/><D38/><U70/><E108/><V105/><F105/><W14/><G14/><T112/><D112/><U4/><E39/><V43/><F43/><W40/><G40/><T51/><D51/><U76/><E42/><V74/><F74/><W125/><G125/><T66/><D120/><U49/><E49/><V116/><F61/><W132/><G132/><T96/><D131/><U35/><E62/><V82/><F60/><W100/><G100/><T23/><D122/><U16/><E45/><V99/><F116/><W26/><G26/><T101/><D101/><U71/><E70/><V64/><F27/><W111/><G111/><T24/><D24/><U113/><E71/><V118/><F54/><W102/><G102/><T6/><D13/><U88/><E113/><V57/><F53/><W84/><G84/><RYUUKYOKU ba="0,1" sc="237,-10,240,-10,260,-10,253,30" hai3="5,11,12,15,18,20,22,25,28,80,87,90,92" /><INIT seed="3,1,1,0,1,96" ten="227,230,250,283" oya="3" hai0="17,25,85,102,79,38,129,68,78,46,107,7,42" hai1="24,37,117,74,32,34,73,123,10,30,126,48,116" hai2="19,67,1,131,98,100,113,124,81,83,6,57,109" hai3="105,28,52,58,13,27,106,12,45,94,33,115,26"/><W86/><G115/><T88/><D129/><U63/><E37/><V112/><F131/><W72/><G72/><T99/><D68/><U62/><E123/><V77/><F124/><W70/><G70/><T2/><D2/><U133/><E48/><V8/><F109/><W128/><G128/><T59/><D7/><U40/><E40/><V104/><F19/><W71/><G71/><T9/><D59/><U65/><E10/><V118/><F118/><N who="1" m="45673" /><E34/><V134/><F134/><W31/><G45/><T97/><D97/><U36/><E36/><V122/><F122/><W47/><G47/><T80/><D9/><U43/><E43/><V66/><F83/><W60/><G106/><T41/><D41/><U84/><E133/><V130/><F130/><W114/><G105/><T4/><D4/><U89/><E126/><V76/><F76/><W132/><G114/><T15/><REACH who="0" step="1"/><D25/><REACH who="0" step="2"/><U87/><E24/><V75/><F113/><W23/><REACH who="3" step="1"/><G132/><REACH who="3" step="2"/><T120/><D120/><U91/><E65/><V127/><F112/><W35/><G35/><T29/><D29/><U5/><E30/><V93/><F127/><W69/><G69/><T20/><AGARI ba="1,3" hai="15,17,20,38,42,46,78,79,80,85,88,99,102,107" machi="20" ten="20,8000,1" yaku="1,1,0,1,7,1,52,1,54,1,53,0" doraHai="96" doraHaiUra="125" who="0" fromWho="0" sc="217,113,230,-21,250,-21,273,-41" /><INIT seed="4,0,0,5,4,88" ten="330,209,229,232" oya="0" hai0="79,47,22,92,105,2,77,36,95,115,97,110,129" hai1="48,118,119,80,100,107,73,30,39,122,5,27,51" hai2="24,19,3,99,58,86,102,35,44,132,113,20,66" hai3="112,28,16,56,109,74,82,106,87,111,37,103,23"/><T71/><D71/><U41/><E122/><V64/><F132/><W98/><G37/><T57/><D2/><U65/><E65/><V125/><F113/><W9/><G112/><T7/><D115/><U25/><E5/><V83/><F125/><W26/><G74/><T78/><D7/><U1/><E1/><V4/><F35/><W38/><G38/><T40/><D129/><U15/><E15/><V55/><F44/><W85/><G56/><T49/><D110/><U121/><E121/><V135/><F135/><W14/><REACH who="3" step="1"/><G87/><REACH who="3" step="2"/><T127/><D127/><U53/><E39/><V61/><F3/><W94/><G94/><N who="0" m="35883" /><D36/><U21/><E73/><V46/><F46/><W29/><G29/><T96/><D105/><U8/><E30/><V120/><F120/><W54/><G54/><T12/><D57/><U0/><E107/><V116/><F58/><W6/><G6/><T62/><D62/><U84/><E119/><V126/><F4/><W131/><G131/><T114/><D114/><U89/><E84/><V32/><F116/><W34/><G34/><T108/><D108/><U91/><E118/><V10/><F126/><W72/><G72/><T67/><D67/><U43/><E53/><V123/><F55/><W134/><G134/><T130/><D130/><U31/><E31/><V13/><F32/><W117/><G117/><T50/><D50/><U75/><E48/><V124/><F61/><W69/><G69/><T33/><D33/><U63/><E51/><V17/><F124/><W128/><G128/><T104/><D104/><U59/><E63/><V76/><F123/><RYUUKYOKU ba="0,1" sc="330,10,209,-30,229,10,222,10" hai0="12,22,40,47,49,77,78,79,96,97" hai2="10,13,17,19,20,24,64,66,76,83,86,99,102" hai3="9,14,16,23,26,28,82,85,98,103,106,109,111" /><INIT seed="4,1,1,1,3,113" ten="340,179,239,232" oya="0" hai0="18,133,88,95,66,71,12,129,96,93,135,74,117" hai1="122,76,34,28,86,98,83,3,114,23,11,92,19" hai2="112,59,115,58,89,16,46,124,13,111,118,53,80" hai3="20,107,54,123,10,104,102,119,64,21,127,44,15"/><T94/><D71/><U78/><E122/><V56/><F111/><W43/><G123/><T0/><D0/><U128/><E128/><V45/><F124/><W4/><G127/><T24/><D66/><U87/><E114/><N who="2" m="43563" /><F118/><W36/><G119/><T79/><D117/><U63/><E63/><V40/><F53/><W52/><G64/><T132/><D24/><U7/><E28/><V105/><F105/><W41/><G41/><T73/><D129/><U109/><E109/><V8/><F40/><W77/><G77/><T26/><D26/><U17/><E34/><V55/><F55/><W33/><G33/><T9/><D79/><U131/><E131/><V126/><F126/><W70/><G70/><T125/><D125/><U106/><E106/><V82/><F89/><W14/><G104/><T57/><D57/><U25/><E86/><V67/><F67/><W116/><G116/><T130/><D130/><U30/><REACH who="1" step="1"/><E78/><REACH who="1" step="2"/><V50/><F50/><W110/><G110/><T62/><D62/><U121/><E121/><V84/><F84/><W61/><G61/><T120/><D120/><U101/><AGARI ba="1,2" hai="3,7,11,17,19,23,25,30,76,83,87,92,98,101" machi="101" ten="20,5200,0" yaku="1,1,0,1,7,1,53,1" doraHai="113" doraHaiUra="35" who="1" fromWho="1" sc="340,-27,169,75,239,-14,232,-14" /><INIT seed="5,0,0,2,2,93" ten="313,244,225,218" oya="1" hai0="61,67,110,8,104,76,47,36,124,69,34,123,37" hai1="58,71,31,65,120,11,99,42,116,40,46,103,72" hai2="3,45,80,128,79,14,6,96,15,127,97,33,111" hai3="88,24,78,10,109,57,38,51,87,1,17,59,50"/><U25/><E120/><V27/><F111/><W84/><G38/><T121/><D110/><U118/><E72/><V48/><F128/><W89/><G109/><T95/><D124/><U132/><E11/><N who="2" m="4471" /><F33/><W30/><G78/><T55/><D34/><N who="1" m="20847" /><E58/><V63/><F3/><W98/><G1/><T66/><D104/><N who="1" m="63615" /><E132/><V107/><F107/><W114/><G30/><T53/><D8/><U70/><E42/><N who="2" m="24631" /><F127/><W26/><G114/><T12/><D95/><U54/><E54/><N who="0" m="20489" /><D12/><U29/><E29/><V85/><F63/><W122/><G10/><T23/><D23/><U108/><E108/><V112/><F112/><W18/><G122/><N who="0" m="46603" /><D76/><U21/><E21/><V94/><F27/><W131/><G131/><T91/><D91/><U56/><E56/><V2/><F2/><W92/><G92/><T119/><D119/><N who="1" m="45611" /><E65/><N who="0" m="24585" /><D47/><U43/><E43/><V130/><F130/><W49/><G49/><T102/><D102/><U115/><E115/><V77/><F79/><W44/><G44/><T113/><D113/><U28/><E28/><V73/><F73/><W32/><G32/><T133/><D133/><U135/><E135/><V86/><F15/><W16/><G18/><T52/><D69/><U74/><E74/><V82/><F94/><W5/><G5/><T100/><D100/><U90/><E90/><V60/><F60/><W126/><G126/><T134/><D134/><U7/><E7/><V83/><F86/><W64/><G64/><T13/><D13/><U75/><E75/><V22/><F22/><W19/><G19/><T39/><D36/><AGARI ba="0,0" hai="36,40,46,70,71" m="45611,63615,20847" machi="36" ten="30,2900,0" yaku="23,1,52,1" doraHai="93" who="1" fromWho="0" sc="313,-29,244,29,225,0,218,0" /><INIT seed="5,1,0,3,5,74" ten="284,273,225,218" oya="1" hai0="123,116,131,129,43,97,52,41,108,63,70,50,23" hai1="40,78,119,106,114,132,134,18,128,22,109,79,93" hai2="135,127,72,8,64,100,115,44,31,94,56,26,118" hai3="62,32,20,55,15,71,101,95,17,59,117,125,39"/><U77/><E106/><V57/><F115/><W36/><G117/><T120/><D116/><U121/><E119/><V11/><F118/><W19/><G32/><T1/><D1/><U7/><E121/><N who="0" m="46665" /><D23/><U104/><E114/><V6/><F135/><N who="1" m="51753" /><E104/><V110/><F110/><W90/><G101/><T29/><D108/><U67/><E128/><N who="0" m="49225" /><D29/><U133/><E109/><V82/><F127/><W86/><G125/><T102/><D102/><U12/><E67/><V91/><F44/><W0/><G0/><T124/><D124/><U130/><E130/><V89/><F100/><W25/><REACH who="3" step="1"/><G71/><REACH who="3" step="2"/><T126/><D126/><U81/><E133/><V28/><F6/><W80/><G80/><T37/><D37/><U13/><E81/><V66/><F82/><W2/><G2/><T96/><D70/><U51/><E7/><V38/><F38/><W42/><G42/><N who="0" m="15883" /><D63/><U35/><E40/><V58/><F94/><W111/><G111/><T83/><D83/><U47/><E35/><V113/><F113/><W103/><G103/><T75/><D75/><U61/><E61/><V112/><F72/><W34/><G34/><T69/><D69/><U92/><E47/><AGARI ba="1,1" hai="47,50,52,96,97" m="15883,49225,46665" machi="47" ten="30,3900,0" yaku="13,1,19,1,54,1" doraHai="74" who="0" fromWho="1" sc="284,52,273,-42,225,0,208,0" /><INIT seed="6,0,0,2,5,49" ten="336,231,225,208" oya="2" hai0="131,83,38,10,114,21,2,121,3,36,20,61,106" hai1="107,28,80,17,30,45,87,33,117,97,16,50,32" hai2="11,55,37,69,123,103,75,5,124,76,42,95,18" hai3="110,129,132,8,77,59,29,73,57,118,78,122,128"/><V93/><F123/><W56/><G122/><T74/><D121/><U120/><E120/><RYUUKYOKU type="kaze4" ba="0,0" sc="336,0,231,0,225,0,208,0" /><INIT seed="6,1,0,5,1,31" ten="336,231,225,208" oya="2" hai0="78,19,120,3,100,55,1,34,135,123,11,133,82" hai1="134,32,56,33,90,16,29,79,72,94,101,86,113" hai2="97,103,45,25,74,18,69,0,112,6,77,14,80" hai3="95,22,20,130,41,39,114,73,116,7,88,42,48"/><V63/><F112/><W108/><G116/><T99/><D55/><U30/><E113/><V40/><F25/><W91/><G114/><T128/><D128/><U122/><E101/><V47/><F6/><W129/><G39/><T17/><D34/><U93/><E93/><V15/><F0/><N who="0" m="74" /><D100/><U35/><E56/><V110/><F110/><W89/><G108/><T53/><D53/><U52/><E52/><V50/><F45/><W44/><G42/><T27/><D99/><U81/><E134/><N who="0" m="51209" /><D11/><U119/><E119/><V125/><F125/><W61/><G73/><T117/><D117/><U13/><REACH who="1" step="1"/><E122/><REACH who="1" step="2"/><N who="0" m="46633" /><D27/><U76/><E76/><V58/><F77/><W64/><G95/><T126/><D126/><U75/><E75/><AGARI ba="1,1" hai="17,19,75,78,82" m="46633,51209,74" machi="75" ten="40,1300,0" yaku="20,1" doraHai="31" who="0" fromWho="1" sc="336,26,221,-16,225,0,208,0" /><INIT seed="7,0,0,5,4,90" ten="362,205,225,208" oya="3" hai0="21,124,103,74,82,129,110,83,85,133,56,13,40" hai1="117,51,5,125,2,134,70,111,106,126,62,96,101" hai2="46,22,71,92,132,64,29,58,78,53,20,119,127" hai3="43,94,12,33,80,112,19,135,6,57,59,23,54"/><W7/><G33/><T35/><D35/><U69/><E117/><V10/><F119/><W108/><G112/><T109/><D74/><U102/><E111/><V116/><F116/><W48/><G135/><T120/><D120/><U8/><E134/><V95/><F71/><W73/><G108/><T93/><D133/><U0/><E0/><V115/><F115/><W88/><G43/><T76/><D40/><U91/><E102/><V39/><F39/><W38/><G38/><T1/><D1/><U44/><E62/><V63/><F132/><W123/><G123/><T34/><D34/><U81/><E81/><V98/><F127/><N who="1" m="48649" /><E91/><V121/><F121/><W31/><G31/><T17/><D83/><U130/><E130/><V89/><F29/><W66/><G80/><T107/><D107/><U18/><E18/><V36/><F36/><W114/><G73/><T67/><D129/><U61/><E61/><V50/><F78/><W122/><G122/><T16/><D17/><U49/><E49/><V9/><F95/><W25/><G25/><T79/><D79/><U105/><E105/><V131/><F131/><W60/><G114/><T27/><D27/><U113/><E113/><V3/><F3/><W52/><G66/><T86/><D124/><U77/><E77/><V55/><F64/><W4/><G4/><T99/><D85/><AGARI ba="0,0" hai="6,7,12,19,23,48,52,54,57,59,60,85,88,94" machi="85" ten="30,18000,2" yaku="7,1,25,2,8,1,52,1,54,2" doraHai="90" who="3" fromWho="0" sc="362,-180,205,0,225,0,208,180" owari="182,-32,205,-19,225,3,388,48" /></mjloggm>