<mjloggm ver="2.3"><GO type="169"/><UN n0="%E7%88%86%E7%89%8C%E3%82%A6%E3%82%B7%E3%82%B8%E3%83%9E%E3%81%8F%E3%82%93" n1="%E3%81%99%E3%81%9F%E3%83%BC%E3%82%89%E3%81%84%E3%81%A8%E3%81%B3%E3%83%BC" n2="%EF%BC%88%E2%89%A7%E2%96%BD%E2%89%A6%EF%BC%89" n3="%6B%6F%68%73%68%69" dan="18,16,17,16" rate="2164,2064,2151,2110" sx="M,F,M,M"/><TAIKYOKU oya="0"/><INIT seed="0,0,0,3,3,99" ten="250,250,250,250" oya="0" hai0="91,39,5,20,70,1,29,113,129,75,89,125,126" hai1="98,133,81,132,49,79,40,80,72,127,47,54,28" hai2="110,69,116,45,18,114,130,63,46,134,41,82,51" hai3="119,118,13,52,32,115,77,6,19,21,90,48,2"/><T16/><D113/><U88/><E127/><N who="0" m="48649" /><D129/><U84/><E28/><V12/><F114/><W60/><G115/><T8/><D70/><U15/><E40/><V10/><F130/><W94/><G77/><T44/><D75/><U35/><E35/><V92/><F134/><W100/><G32/><T86/><D29/><U106/><REACH who="1" step="1"/><E15/><REACH who="1" ten="250,240,250,250" step="2"/><V71/><F12/><W14/><G14/><N who="0" m="9239" /><D86/><U58/><E58/><V96/><F71/><W123/><G119/><T65/><D65/><U17/><E17/><V38/><F18/><W85/><G19/><T67/><D67/><U7/><E7/><V122/><F69/><W34/><G6/><T135/><D135/><U64/><E64/><V22/><F116/><W103/><G118/><T128/><D128/><U33/><E33/><V30/><F30/><W50/><G34/><T117/><D117/><U111/><E111/><V56/><F110/><W59/><G85/><T24/><D24/><U87/><E87/><V0/><F56/><W68/><G59/><T101/><D44/><U31/><E31/><V43/><F46/><W104/><G68/><T37/><D37/><U120/><E120/><V25/><F45/><W124/><G123/><T3/><D39/><U57/><E57/><V26/><F122/><W112/><G124/><T102/><D3/><U78/><E78/><V74/><F38/><W76/><G2/><T36/><D36/><U108/><E108/><V4/><F0/><W121/><G76/><T42/><D42/><N who="2" m="15882" /><F26/><W83/><G121/><T23/><D23/><U55/><E55/><V62/><F25/><W11/><G112/><RYUUKYOKU ba="0,1" sc="250,15,240,15,250,-15,250,-15" hai0="1,5,8,89,91,101,102" hai1="47,49,54,72,79,80,81,84,88,98,106,132,133" /><INIT seed="0,1,1,4,1,126" ten="265,255,235,235" oya="0" hai0="76,106,123,112,79,100,63,80,96,111,69,68,99" hai1="10,119,66,64,31,86,133,67,129,91,37,57,75" hai2="52,128,124,46,36,25,87,115,20,2,8,85,127" hai3="7,56,30,55,26,32,58,81,42,122,116,11,9"/><T130/><D112/><U70/><E75/><V62/><F115/><W48/><G116/><T125/><D123/><U117/><E119/><V121/><F121/><W54/><G122/><T61/><D125/><N who="2" m="48202" /><F36/><W47/><G81/><T40/><D40/><U51/><E117/><V1/><F8/><W27/><G27/><T109/><D80/><U95/><E37/><V28/><F128/><W60/><REACH who="3" step="1"/><G7/><REACH who="3" ten="265,255,235,225" step="2"/><T17/><D130/><U53/><E129/><V90/><F85/><W92/><G92/><T83/><D83/><U89/><E95/><N who="2" m="54751" /><F62/><AGARI ba="1,2" hai="9,11,26,30,32,42,47,48,54,55,56,58,60,62" machi="62" ten="30,7700,0" yaku="1,1,7,1,9,1,53,1" doraHai="126" doraHaiUra="23" who="3" fromWho="2" sc="265,0,255,0,235,-80,225,100" /><INIT seed="1,0,0,2,2,35" ten="265,255,155,325" oya="1" hai0="134,90,46,17,102,131,23,25,105,87,89,69,92" hai1="121,118,45,100,49,116,128,4,68,114,55,112,19" hai2="129,54,98,58,83,108,120,106,71,122,96,32,109" hai3="76,74,127,11,115,27,40,101,66,113,61,80,6"/><U86/><E100/><N who="2" m="62727" /><F71/><W65/><G101/><T84/><D131/><U34/><E34/><V103/><F32/><W97/><G97/><T111/><D111/><N who="2" m="42570" /><F58/><W50/><G27/><T43/><D134/><U67/><E86/><V52/><F129/><W42/><G127/><T91/><D69/><U1/><E128/><V53/><F83/><W60/><G50/><N who="0" m="26975" /><D105/><AGARI ba="0,0" hai="52,53,54,98,103,105,120,122" m="42570,62727" machi="105" ten="30,2000,0" yaku="14,1,54,1" doraHai="35" who="2" fromWho="0" sc="265,-20,255,0,155,20,325,0" /><INIT seed="2,0,0,3,2,93" ten="245,255,175,325" oya="2" hai0="116,40,3,48,117,8,38,95,94,14,62,77,51" hai1="2,59,53,41,37,134,82,33,119,100,52,91,85" hai2="107,88,39,131,90,70,75,7,69,55,118,81,4" hai3="86,133,54,32,26,44,89,74,1,110,49,109,130"/><V127/><F118/><N who="0" m="45674" /><D3/><U20/><E33/><V99/><F39/><W132/><G74/><T123/><D123/><U60/><E119/><V76/><F131/><W79/><G79/><T23/><D77/><U78/><E134/><N who="3" m="51818" /><G1/><T71/><D38/><U46/><E2/><V98/><F127/><W19/><G130/><T126/><D23/><U83/><E100/><V72/><F55/><W80/><G32/><T108/><D108/><N who="3" m="41577" /><G26/><T22/><D126/><U28/><E20/><V18/><F76/><W121/><G19/><N who="0" m="8647" /><D22/><U27/><E27/><V34/><F34/><W50/><G50/><N who="0" m="18987" /><D40/><U35/><E35/><V16/><F81/><W15/><G15/><T30/><D30/><U17/><E28/><V43/><F107/><W97/><G121/><T122/><D122/><U67/><REACH who="1" step="1"/><E17/><REACH who="1" ten="245,245,175,325" step="2"/><V9/><REACH who="2" step="1"/><F43/><REACH who="2" ten="245,245,165,325" step="2"/><W84/><G80/><T114/><D114/><U105/><E105/><V31/><F31/><W21/><G21/><T10/><D10/><AGARI ba="0,2" hai="4,7,9,10,16,18,69,70,72,75,88,90,98,99" machi="10" ten="25,18000,2" yaku="1,1,22,2,52,2,54,2,53,0" doraHai="93" doraHaiUra="58" who="2" fromWho="0" sc="245,-180,245,0,165,200,325,0" /><INIT seed="2,1,0,3,3,71" ten="65,245,365,325" oya="2" hai0="126,38,44,113,27,128,62,52,41,102,94,122,22" hai1="17,120,121,60,31,79,64,0,110,1,83,103,3" hai2="6,47,77,118,8,5,61,127,129,80,107,73,87" hai3="81,85,42,132,68,37,91,133,114,48,59,75,40"/><V58/><F118/><W90/><G68/><T131/><D113/><U82/><E103/><V86/><F107/><W18/><G114/><T119/><D122/><U57/><E31/><V105/><F105/><W95/><G75/><T32/><D32/><U112/><E112/><V50/><F129/><N who="0" m="49738" /><D119/><U7/><E7/><V78/><F127/><W55/><G18/><N who="0" m="12759" /><D126/><U74/><E110/><V14/><F5/><W16/><G16/><T21/><D21/><U108/><E108/><V89/><F73/><W23/><G23/><T45/><D62/><U115/><E17/><V135/><F87/><W84/><REACH who="3" step="1"/><G37/><REACH who="3" ten="65,245,365,315" step="2"/><T106/><D106/><U99/><E115/><V29/><F29/><W65/><G65/><T130/><N who="0" m="49746" /><T123/><DORA hai="101" /><D123/><U88/><E121/><V51/><F8/><W93/><G93/><T116/><D116/><U34/><E120/><V30/><F30/><W56/><G56/><T10/><D10/><U12/><E34/><V26/><F58/><W134/><AGARI ba="1,1" hai="40,42,48,55,59,81,84,85,90,91,95,132,133,134" machi="134" ten="30,4000,0" yaku="1,1,0,1,20,1,53,0" doraHai="71,101" doraHaiUra="104,33" who="3" fromWho="3" sc="65,-11,245,-11,365,-21,315,53" /><INIT seed="3,0,0,1,2,102" ten="54,234,344,368" oya="3" hai0="105,13,81,12,68,75,86,23,34,122,36,72,126" hai1="47,31,2,17,92,26,8,15,9,119,63,123,48" hai2="29,135,44,22,82,85,110,4,107,16,69,124,129" hai3="125,56,106,94,130,87,46,42,103,20,121,39,98"/><W11/><G121/><T104/><D34/><U100/><E123/><V120/><F69/><W50/><G125/><T71/><D122/><U118/><E63/><V133/><F120/><W114/><G114/><T5/><D23/><U61/><E61/><V41/><F124/><W80/><G130/><T32/><D126/><U95/><E100/><V3/><F29/><W49/><G11/><T88/><D32/><U10/><E92/><V116/><F116/><N who="1" m="44585" /><E95/><V60/><F60/><W57/><G20/><T66/><D36/><U112/><E112/><V64/><F64/><W19/><G19/><T90/><D81/><U65/><E65/><V7/><F129/><W97/><G50/><T28/><D66/><U33/><E2/><V132/><F3/><W53/><G57/><T35/><D35/><U25/><E26/><N who="2" m="14663" /><F110/><W27/><G27/><T96/><D96/><U59/><E59/><V55/><F55/><AGARI ba="0,0" hai="8,9,10,15,17,25,31,33,47,48,55" m="44585" machi="55" ten="30,1000,0" yaku="12,1" doraHai="102" who="1" fromWho="2" sc="54,0,234,10,344,-10,368,0" /><INIT seed="4,0,0,2,2,27" ten="54,244,334,368" oya="0" hai0="99,13,107,38,121,122,16,0,60,85,88,77,12" hai1="31,49,44,72,2,33,55,39,28,90,117,54,64" hai2="119,106,41,102,3,74,94,40,124,43,69,7,87" hai3="126,113,37,108,73,51,112,105,63,56,96,36,46"/><T11/><D38/><U103/><E117/><V84/><F74/><W97/><G73/><T20/><D0/><U26/><E72/><V17/><F119/><W101/><G108/><T81/><D60/><U129/><E2/><V67/><F124/><W35/><G35/><T68/><D68/><U131/><E64/><V125/><F125/><W18/><G97/><T91/><D77/><U19/><E103/><V127/><F127/><W114/><G18/><T111/><D111/><U23/><E39/><V42/><F106/><W120/><G120/><T76/><D76/><U52/><E90/><V22/><F41/><N who="3" m="25039" /><G126/><T53/><D53/><AGARI ba="0,0" hai="36,37,53,56,63,96,101,105,112,113,114" m="25039" machi="53" ten="30,1000,0" yaku="15,1" doraHai="27" who="3" fromWho="0" sc="54,-10,244,0,334,0,368,10" /><INIT seed="5,0,0,0,5,76" ten="44,244,334,378" oya="1" hai0="37,104,53,135,56,88,129,124,40,10,87,123,13" hai1="91,71,77,105,38,112,106,12,74,70,101,21,96" hai2="44,54,72,6,30,117,0,79,8,64,4,14,92" hai3="25,31,67,128,69,110,90,107,11,45,122,3,119"/><U121/><E121/><V126/><F117/><W95/><G122/><T86/><D123/><U9/><E38/><V49/><F126/><W32/><G110/><T58/><D124/><U47/><E105/><V23/><F64/><W5/><G107/><T7/><D104/><U28/><E112/><V103/><F0/><W84/><G119/><T2/><D135/><U22/><E47/><V66/><F66/><W62/><G128/><T130/><D37/><U65/><E91/><V94/><F4/><W75/><G45/><T134/><D40/><U18/><E28/><V43/><F54/><W33/><G75/><T132/><D2/><U16/><E9/><V60/><F60/><W63/><G63/><T59/><D53/><U15/><E65/><V35/><F35/><AGARI ba="0,0" hai="3,5,11,25,31,32,33,35,62,67,69,84,90,95" machi="35" ten="30,1000,0" yaku="7,1" doraHai="76" who="3" fromWho="2" sc="44,0,244,0,334,-10,378,10" /><INIT seed="6,0,0,3,0,45" ten="44,244,324,388" oya="2" hai0="106,67,53,12,34,6,95,90,39,58,107,14,94" hai1="88,10,7,62,49,123,78,70,27,64,96,61,55" hai2="33,38,23,73,52,19,9,114,13,51,135,56,59" hai3="115,17,79,74,131,101,31,35,24,40,124,112,87"/><V16/><F73/><W113/><G124/><T119/><D34/><U54/><E123/><V42/><F135/><W130/><G101/><T111/><D111/><U63/><E78/><V1/><F33/><W93/><G40/><T66/><D39/><U28/><E55/><N who="2" m="31871" /><F1/><W104/><G104/><T11/><D119/><U129/><E129/><V81/><F38/><W29/><G17/><T77/><D77/><U30/><E30/><V85/><F42/><W46/><G46/><T8/><D58/><U21/><E10/><V0/><F0/><W15/><G15/><T22/><D22/><U76/><E76/><N who="2" m="46247" /><F114/><W117/><G117/><T4/><REACH who="0" step="1"/><D53/><REACH who="0" ten="34,244,324,388" step="2"/><U68/><E70/><V2/><F2/><W99/><G130/><T91/><AGARI ba="0,1" hai="4,6,8,11,12,14,66,67,90,91,94,95,106,107" machi="91" ten="25,8000,1" yaku="1,1,2,1,0,1,22,2,53,0" doraHai="45" doraHaiUra="41" who="0" fromWho="0" sc="34,90,244,-20,324,-40,388,-20" /><INIT seed="7,0,0,3,5,40" ten="124,224,284,368" oya="3" hai0="41,84,49,36,107,117,126,76,53,19,125,44,39" hai1="1,20,70,5,23,89,105,87,12,118,129,59,74" hai2="57,29,50,127,0,6,110,10,98,73,35,102,112" hai3="124,63,46,101,47,85,104,52,11,72,55,128,71"/><W51/><G72/><T17/><D117/><U111/><E74/><V4/><F110/><W106/><G85/><T122/><D107/><U121/><E105/><V3/><F73/><W96/><G106/><T93/><D122/><U81/><E70/><V66/><F127/><N who="0" m="48650" /><D76/><U91/><E129/><V56/><F112/><W78/><G78/><T134/><D134/><U26/><E1/><V16/><F66/><W31/><G124/><T92/><D84/><U64/><E111/><V79/><F79/><W86/><G86/><T60/><D92/><U83/><E121/><V77/><F77/><W108/><G108/><T38/><D93/><U45/><E118/><V2/><F98/><W32/><G128/><T119/><D119/><U37/><E83/><V68/><F102/><W34/><G11/><T58/><D19/><U30/><E89/><V8/><F68/><W18/><G18/><T135/><D17/><U15/><E20/><V113/><F113/><W80/><G80/><T21/><D21/><U103/><E103/><V24/><F0/><W100/><G31/><T90/><D90/><U61/><E5/><V115/><F115/><W42/><G100/><T99/><D99/><U97/><E97/><V75/><F75/><W27/><G96/><T109/><D135/><U9/><E9/><V14/><F50/><W65/><G51/><N who="0" m="27023" /><D109/><U132/><E132/><V131/><F131/><W13/><G101/><T22/><D22/><AGARI ba="0,0" hai="2,3,4,6,8,10,14,16,22,24,29,35,56,57" machi="22" ten="30,8000,1" yaku="7,1,9,1,24,2,54,1" doraHai="40" who="2" fromWho="0" sc="124,-80,224,0,284,80,368,0" owari="44,-46.0,224,-18.0,364,16.0,368,48.0" /></mjloggm>