<mjloggm ver="2.3"><GO type="169"/><UN n0="%E3%82%82%E3%81%A3%E3%81%97%E3%83%BC" n1="%EF%BC%88%E2%89%A7%E2%96%BD%E2%89%A6%EF%BC%89" n2="%E2%98%85%E3%82%86%E3%83%BC%E2%98%86" n3="%7A%6B%75%72%74" dan="16,18,17,17" rate="2019,2239,2151,2174" sx="M,M,M,M"/><TAIKYOKU oya="0"/><INIT seed="0,0,0,4,4,102" ten="250,250,250,250" oya="0" hai0="56,70,15,0,75,127,23,119,7,29,11,32,114" hai1="92,46,4,132,10,42,93,124,39,91,66,64,53" hai2="62,87,6,12,57,69,48,101,26,1,79,76,98" hai3="125,52,104,68,111,44,131,47,55,5,106,19,84"/><T117/><D70/><U121/><E121/><V40/><F1/><W2/><G68/><T60/><D75/><U21/><E124/><V37/><F26/><W82/><G125/><T61/><D114/><U120/><E120/><V50/><F37/><W34/><G34/><T28/><D127/><U109/><E109/><V38/><F38/><W118/><G118/><T115/><D115/><U113/><E132/><V81/><F69/><W89/><G111/><T13/><D61/><U107/><E107/><V83/><F6/><W100/><G131/><T94/><D94/><U18/><E53/><V20/><F12/><N who="0" m="4682" /><D60/><U43/><E93/><V14/><F14/><W135/><G135/><T112/><D56/><U54/><E54/><V9/><F20/><W86/><G100/><T27/><D112/><U25/><E42/><V110/><F9/><W17/><G82/><T123/><D123/><U33/><E33/><V80/><F110/><W90/><G5/><T16/><D32/><U3/><REACH who="1" step="1"/><E113/><REACH who="1" ten="250,240,250,250" step="2"/><V74/><F40/><W103/><G103/><T88/><D119/><U96/><AGARI ba="0,1" hai="3,4,10,18,21,25,39,43,46,64,66,91,92,96" machi="96" ten="20,8000,1" yaku="1,1,2,1,0,1,7,1,53,1" doraHai="102" doraHaiUra="22" who="1" fromWho="1" sc="250,-40,240,90,250,-20,250,-20" /><INIT seed="1,0,0,4,3,80" ten="210,330,230,230" oya="1" hai0="50,131,34,37,51,127,112,41,106,115,53,111,24" hai1="18,92,134,97,54,0,126,39,102,122,63,23,81" hai2="62,16,89,79,76,105,64,69,10,49,33,5,73" hai3="42,114,132,11,71,117,70,30,55,57,46,124,119"/><U103/><E39/><V82/><F105/><W113/><G30/><T9/><D106/><U31/><E0/><V108/><F33/><W48/><G11/><T29/><D111/><U83/><E122/><V65/><F108/><W100/><G100/><T47/><D127/><U88/><E134/><V107/><F107/><W93/><G93/><T110/><D110/><U35/><E126/><V67/><F79/><W125/><G132/><T58/><D131/><U52/><E31/><V28/><F28/><W78/><G78/><T26/><D26/><N who="1" m="14711" /><E35/><V13/><F49/><W109/><G109/><T17/><D37/><U36/><E36/><V43/><F43/><W77/><G77/><T4/><D17/><U22/><E22/><V44/><F44/><W25/><G25/><T104/><D104/><U91/><E54/><V96/><F96/><W27/><G27/><T86/><D86/><N who="1" m="50655" /><E81/><V130/><F130/><W12/><G12/><AGARI ba="0,0" hai="4,9,12,24,29,34,41,47,50,51,53,58,112,115" machi="12" ten="30,1000,0" yaku="7,1" doraHai="80" who="0" fromWho="3" sc="210,10,330,0,230,0,230,-10" /><INIT seed="2,0,0,1,3,99" ten="220,330,230,220" oya="2" hai0="43,32,97,81,100,18,38,17,78,95,90,125,47" hai1="123,55,67,27,85,30,7,104,103,75,16,105,19" hai2="62,45,74,44,8,83,20,15,3,122,96,21,86" hai3="121,34,39,40,26,92,69,12,88,110,59,31,41"/><V50/><F74/><W10/><G69/><T9/><D32/><U102/><E75/><V82/><F122/><W111/><G121/><T57/><D125/><U52/><E123/><V23/><F3/><W98/><G59/><T134/><D134/><U126/><E126/><V13/><F62/><W72/><G72/><T133/><D133/><U71/><E71/><V25/><F25/><W1/><G1/><T127/><D127/><U53/><E67/><V56/><F96/><W42/><REACH who="3" step="1"/><G39/><REACH who="3" ten="220,330,230,210" step="2"/><T114/><D57/><U36/><E36/><V119/><F56/><W46/><G46/><T37/><D37/><U91/><E7/><AGARI ba="0,1" hai="7,10,12,26,31,34,40,41,42,88,92,98,110,111" machi="7" ten="40,2600,0" yaku="1,1,54,1,53,0" doraHai="99" doraHaiUra="106" who="3" fromWho="1" sc="220,0,330,-26,230,0,210,36" /><INIT seed="3,0,0,2,5,100" ten="220,304,230,246" oya="3" hai0="108,74,42,52,37,77,10,113,104,33,61,2,12" hai1="55,122,123,71,44,58,117,31,19,69,97,70,67" hai2="114,80,30,57,95,3,101,45,41,26,16,11,73" hai3="46,50,63,96,110,72,81,28,124,85,83,112,109"/><W60/><G112/><T23/><D108/><N who="3" m="41577" /><G124/><T65/><D113/><U126/><E126/><V18/><F114/><W27/><G72/><T13/><D33/><U99/><E117/><V90/><F57/><W111/><N who="3" m="41585" /><W132/><DORA hai="75" /><G132/><T20/><D74/><U54/><E31/><V128/><F128/><W59/><G96/><T4/><D37/><U25/><E25/><V43/><F101/><W106/><G106/><T51/><D42/><U135/><E19/><V17/><F73/><W133/><G133/><T1/><D104/><U107/><E107/><V93/><F80/><N who="3" m="30795" /><G85/><T68/><D77/><U9/><E99/><V47/><F90/><W15/><G15/><T119/><D119/><U131/><E97/><V127/><F127/><W38/><G38/><T66/><D13/><U48/><E135/><V56/><F95/><W8/><G8/><T40/><D2/><U125/><E9/><V36/><F93/><W105/><G105/><T79/><D1/><U22/><E125/><V134/><F134/><W5/><G5/><T62/><D4/><U6/><E6/><V78/><F78/><W89/><G89/><T35/><D79/><U34/><E131/><V86/><F86/><W29/><G59/><T24/><D10/><U21/><E58/><V39/><F56/><W116/><G116/><T115/><D115/><U7/><E70/><V88/><F88/><W94/><G94/><T76/><D76/><U92/><E71/><V121/><F3/><W118/><G118/><T102/><D68/><U64/><E69/><V84/><F11/><W32/><G29/><RYUUKYOKU ba="0,0" sc="220,-10,304,-10,230,-10,246,30" hai3="27,28,32,46,50,60,63" /><INIT seed="3,1,0,0,5,112" ten="210,294,220,276" oya="3" hai0="69,60,10,22,130,27,21,74,42,96,101,135,120" hai1="87,114,107,110,122,111,67,125,30,20,89,31,23" hai2="98,102,36,104,55,118,49,65,17,123,108,94,0" hai3="103,9,16,57,11,58,79,119,15,93,45,7,90"/><W95/><G119/><T91/><D120/><U61/><E122/><V133/><F123/><W33/><G33/><T116/><D74/><U39/><E107/><V129/><F36/><W109/><G109/><N who="1" m="41482" /><E39/><V68/><F108/><W82/><G45/><T134/><D116/><U81/><E125/><V46/><F0/><W47/><G47/><T97/><D130/><U78/><E78/><V70/><F118/><W24/><G103/><T3/><D42/><U76/><E76/><V115/><F115/><W13/><G24/><T88/><D3/><U37/><E37/><V56/><F129/><W43/><G43/><T8/><D101/><U73/><E73/><V19/><F104/><W63/><G90/><T18/><D27/><U126/><E126/><V92/><F92/><W40/><G40/><T12/><D60/><U100/><E100/><V80/><F80/><W14/><G14/><T53/><D12/><U64/><E64/><V44/><F65/><W32/><G32/><T84/><D84/><U1/><E1/><V52/><F102/><W29/><G29/><N who="1" m="10762" /><E114/><V54/><F98/><W128/><G128/><T2/><D2/><U35/><E35/><V127/><F127/><W26/><G26/><T121/><D121/><U41/><E41/><V50/><F46/><W5/><G5/><T25/><D25/><U4/><E4/><V34/><F34/><W38/><G38/><T72/><D72/><U71/><AGARI ba="1,0" hai="20,23,61,67,71,81,87,89" m="10762,41482" machi="71" ten="30,1100,0" yaku="14,1" doraHai="112" who="1" fromWho="1" sc="210,-4,294,14,220,-4,276,-6" /><INIT seed="4,0,0,3,0,62" ten="206,308,216,270" oya="0" hai0="102,130,77,31,129,75,84,73,10,93,23,127,85" hai1="91,125,115,52,103,96,109,104,70,21,100,37,1" hai2="11,9,92,34,30,126,7,3,74,25,64,41,121" hai3="59,88,81,87,32,69,120,135,22,0,12,83,71"/><T118/><D118/><U123/><E70/><V29/><F74/><N who="0" m="28170" /><D10/><U117/><E37/><V90/><F121/><W56/><G0/><T89/><D23/><U38/><E38/><V111/><F126/><W68/><G32/><T79/><D31/><U15/><E1/><V35/><F111/><W26/><G120/><T72/><N who="0" m="28178" /><T46/><DORA hai="39" /><D46/><U24/><E109/><V116/><F116/><W110/><G110/><T108/><D108/><U63/><E125/><V17/><F11/><W20/><G135/><T119/><D127/><U42/><E117/><V113/><F113/><W13/><G83/><N who="0" m="49343" /><D119/><U44/><E115/><V8/><F8/><W67/><G22/><T55/><D55/><U48/><E15/><V101/><F101/><W2/><G2/><T40/><D40/><U105/><E103/><V16/><F41/><W112/><G112/><T54/><D54/><U19/><E123/><V107/><F107/><W6/><G6/><T99/><D84/><U124/><E124/><V57/><F57/><W53/><G59/><T51/><D51/><U50/><E63/><V133/><F64/><W18/><REACH who="3" step="1"/><G67/><REACH who="3" ten="206,308,216,260" step="2"/><T28/><D28/><U45/><E21/><V132/><F132/><W47/><G47/><T98/><D98/><U43/><E45/><V36/><F133/><W60/><AGARI ba="0,1" hai="12,13,18,20,26,53,56,60,68,69,71,81,87,88" machi="60" ten="30,12000,2" yaku="1,1,0,1,54,1,53,3" doraHai="62,39" doraHaiUra="114,66" who="3" fromWho="3" sc="206,-60,308,-30,216,-30,260,130" /><INIT seed="5,0,0,2,3,106" ten="146,278,186,390" oya="1" hai0="115,108,4,111,34,88,42,13,76,117,114,53,81" hai1="28,116,124,100,6,69,32,55,40,95,29,41,62" hai2="119,80,15,122,104,130,43,5,99,23,78,112,77" hai3="26,49,2,21,127,47,33,133,126,46,105,94,86"/><U57/><E69/><V9/><F122/><W25/><G105/><T16/><D34/><U128/><E128/><V73/><F130/><W96/><G2/><T109/><D4/><U93/><E124/><N who="3" m="47658" /><G86/><N who="0" m="50255" /><D117/><U37/><E37/><V50/><F119/><W20/><G133/><T60/><D42/><N who="1" m="16491" /><E32/><V51/><F112/><N who="0" m="43050" /><D76/><U91/><E116/><V98/><F78/><W17/><G33/><T12/><D12/><U19/><E6/><V129/><F129/><W38/><G49/><T58/><D111/><U113/><E113/><V102/><F43/><W14/><G38/><T66/><D66/><U61/><E61/><V97/><F51/><W123/><G123/><T8/><AGARI ba="0,0" hai="8,13,16,53,58,60,108,109" m="43050,50255" machi="8" ten="30,4000,0" yaku="15,1,54,2" doraHai="106" who="0" fromWho="0" sc="146,40,278,-20,186,-10,390,-10" /><INIT seed="6,0,0,1,1,53" ten="186,258,176,380" oya="2" hai0="59,31,35,36,87,96,34,73,18,10,97,51,83" hai1="129,2,93,127,43,58,42,72,130,104,14,128,65" hai2="132,9,102,8,44,131,63,54,33,40,11,107,20" hai3="113,24,50,49,109,66,126,117,46,67,41,52,29"/><V133/><F33/><N who="0" m="12298" /><D73/><U86/><E104/><V79/><F79/><W116/><G109/><T119/><D36/><U38/><E2/><V21/><F131/><W57/><G29/><T56/><D31/><U99/><E72/><V112/><F112/><W98/><G24/><T110/><D110/><U71/><E71/><V19/><F102/><W17/><G17/><T26/><D26/><U94/><E127/><V68/><F107/><W45/><G98/><T4/><D18/><U69/><E69/><V28/><F28/><W118/><G126/><T7/><D51/><U32/><E32/><V106/><F106/><W91/><G91/><T95/><D95/><N who="1" m="36363" /><E99/><N who="0" m="37961" /><D87/><U121/><E38/><V134/><F19/><W22/><G22/><T47/><D47/><U103/><E86/><V0/><F0/><W70/><G113/><T88/><D10/><U5/><E121/><V74/><F74/><W61/><G70/><T1/><D1/><U23/><E103/><V25/><F25/><W77/><G77/><T90/><D83/><U6/><E23/><V62/><F68/><W111/><G111/><T75/><D75/><U60/><E14/><V92/><F92/><W30/><G30/><T12/><D12/><U27/><E27/><V115/><F115/><W37/><G37/><T81/><D81/><U85/><E85/><V39/><REACH who="2" step="1"/><F63/><REACH who="2" ten="186,258,166,380" step="2"/><W3/><G3/><T120/><D120/><U84/><E84/><V55/><F55/><AGARI ba="0,1" hai="41,45,46,49,50,52,55,57,61,66,67,116,117,118" machi="55" ten="40,8000,1" yaku="34,3,52,1,54,1" doraHai="53" who="3" fromWho="2" sc="186,0,258,0,166,-80,380,90" /><INIT seed="7,0,0,2,5,21" ten="186,258,86,470" oya="3" hai0="41,98,49,3,11,64,32,89,18,27,46,0,57" hai1="2,93,124,65,54,30,82,24,59,100,110,114,111" hai2="75,19,84,91,128,39,33,76,90,43,20,23,119" hai3="45,80,92,105,104,103,14,28,125,61,86,37,35"/><W97/><G125/><T69/><D69/><U78/><E2/><V52/><F33/><W71/><G14/><T50/><D11/><U4/><E4/><V116/><F75/><W120/><G120/><T51/><D64/><U31/><E31/><V101/><F101/><W132/><G132/><T81/><D57/><U79/><E79/><V12/><F128/><W130/><G130/><T88/><D89/><U127/><E114/><V134/><F134/><W121/><G121/><T1/><D18/><U107/><E107/><V131/><F131/><W55/><G37/><T10/><D10/><U118/><E118/><V85/><F76/><W63/><G63/><T106/><D106/><U56/><E65/><V67/><F67/><W15/><G15/><T16/><D32/><U66/><E66/><V129/><F129/><W73/><G71/><T48/><D0/><U44/><E59/><V83/><F39/><W53/><G53/><T42/><D42/><U68/><E54/><V109/><F43/><W95/><G73/><T135/><D135/><U22/><E68/><V8/><F109/><W36/><G36/><T115/><D115/><U133/><E110/><V70/><F70/><W72/><G55/><T123/><D123/><U62/><E111/><V117/><F52/><W7/><G7/><T6/><D6/><U77/><E133/><V94/><F94/><W99/><G95/><N who="0" m="56679" /><D3/><U26/><E124/><V40/><REACH who="2" step="1"/><F40/><REACH who="2" ten="186,258,76,470" step="2"/><W47/><G105/><T74/><D41/><U5/><E93/><V60/><F60/><W38/><G61/><T102/><D102/><U122/><E62/><RYUUKYOKU ba="0,1" sc="186,-10,258,-10,76,30,470,-10" hai2="8,12,19,20,23,83,84,85,90,91,116,117,119" owari="176,-22.0,248,5.0,106,-39.0,470,56.0" /></mjloggm>