<mjloggm ver="2.3"><GO type="41"/><UN n0="%49%47%41" n1="%E3%83%99%E3%83%AB%E3%82%BC%E3%83%90%E3%83%96" n2="%E3%82%AA%E3%82%AB%E3%83%AB%E3%83%88" n3="%EF%BC%88%E2%89%A7%E2%96%BD%E2%89%A6%EF%BC%89" dan="14,14,14,15" rate="1827,1908,1989,2072" sx="M,M,M,M"/><TAIKYOKU oya="0"/><INIT seed="0,0,0,1,3,88" ten="250,250,250,250" oya="0" hai0="124,58,101,109,105,54,76,13,110,92,11,38,75" hai1="48,129,85,21,34,32,65,71,2,84,94,29,123" hai2="6,28,47,111,40,44,14,133,51,107,12,55,20" hai3="64,98,93,99,103,132,46,23,96,86,104,72,79"/><T57/><D38/><U10/><E123/><V121/><F121/><W18/><G64/><T45/><D105/><U33/><E71/><V19/><F107/><W37/><G132/><T120/><D120/><U80/><E65/><V135/><F111/><N who="0" m="42506" /><D124/><U68/><E68/><V8/><REACH who="2" step="1"/><F28/><REACH who="2" step="2"/><W62/><G104/><T53/><D76/><U60/><E29/><V30/><F30/><W7/><G103/><T100/><D75/><U35/><E129/><V117/><F117/><W131/><G72/><T122/><D122/><U114/><E114/><V41/><F41/><W63/><G131/><T59/><D101/><U26/><E2/><V78/><F78/><W108/><G79/><T97/><D45/><U89/><E60/><V5/><F5/><AGARI ba="0,1" hai="5,11,13,53,54,57,58,59,92,97,100" m="42506" machi="5" ten="30,5800,0" yaku="14,1,10,1,52,1" doraHai="88" who="0" fromWho="2" sc="250,68,250,0,240,-58,250,0" /><INIT seed="0,1,0,2,4,37" ten="318,250,182,250" oya="0" hai0="128,29,78,59,103,76,107,47,9,23,70,63,42" hai1="117,40,13,48,91,14,75,120,33,25,27,112,133" hai2="134,119,97,30,111,104,51,56,94,74,67,6,72" hai3="130,98,24,90,7,15,45,52,89,55,3,121,64"/><T108/><D70/><U36/><E36/><V2/><F111/><W81/><G3/><T35/><D35/><U109/><E120/><V101/><F134/><W69/><G121/><T26/><D9/><U54/><E117/><V22/><F119/><W11/><G130/><T1/><D1/><U118/><E118/><V79/><F79/><W93/><G24/><T28/><D28/><U32/><E75/><V62/><F104/><W43/><G69/><T96/><D108/><U8/><E109/><V66/><F66/><W5/><G64/><T57/><D57/><U39/><E39/><V20/><F20/><W132/><G5/><T110/><D128/><U10/><E133/><V34/><F34/><W0/><G0/><T125/><D125/><U12/><E54/><V53/><F2/><W116/><G116/><T127/><D127/><U31/><E91/><V122/><F6/><W41/><G132/><T58/><D58/><U71/><E71/><V50/><F122/><W73/><G73/><T135/><D135/><U129/><E129/><V124/><F124/><W46/><G46/><T18/><D18/><U38/><E38/><V106/><F106/><W84/><G45/><T87/><D87/><U77/><E77/><V19/><F30/><W113/><G113/><T115/><D115/><U88/><E88/><V65/><F65/><W100/><G100/><T131/><D131/><U80/><E112/><V123/><F123/><W68/><G68/><T126/><D126/><U114/><E114/><V95/><F101/><W17/><G7/><T105/><D110/><U16/><E33/><RYUUKYOKU ba="1,0" sc="318,-10,250,-10,182,-10,250,30" hai3="11,15,17,41,43,52,55,81,84,89,90,93,98" /><INIT seed="1,2,0,5,1,39" ten="308,240,172,280" oya="1" hai0="79,37,99,21,33,134,88,41,56,103,44,4,77" hai1="2,16,131,126,80,121,94,111,53,43,12,86,84" hai2="22,46,30,133,69,116,74,117,58,124,48,98,127" hai3="81,24,120,112,71,135,108,70,115,60,104,3,15"/><U47/><E121/><V64/><F74/><W95/><G3/><T31/><D33/><U92/><E2/><V62/><F98/><W42/><G104/><T72/><D4/><U83/><E126/><N who="2" m="48171" /><F30/><W65/><G120/><T11/><D11/><N who="1" m="6175" /><E131/><V51/><F22/><W128/><G128/><T52/><D72/><U85/><E111/><V113/><F113/><W18/><G108/><T23/><D134/><U76/><E53/><N who="2" m="32063" /><F133/><W34/><G135/><T36/><D36/><U59/><E59/><V13/><F13/><W101/><G112/><T119/><D119/><U82/><E76/><V109/><F109/><W100/><G115/><T35/><D35/><U32/><E32/><V57/><F69/><W123/><G70/><T125/><D125/><U14/><E14/><V54/><AGARI ba="2,0" hai="46,48,54,57,62,64,116,117" m="32063,48171" machi="54" ten="30,4000,0" yaku="18,1,34,2" doraHai="39" who="2" fromWho="2" sc="308,-12,240,-22,172,46,280,-12" /><INIT seed="2,0,0,0,2,16" ten="296,218,218,268" oya="2" hai0="121,114,3,43,78,131,71,51,35,50,20,36,75" hai1="92,128,27,66,54,69,59,118,13,88,94,11,107" hai2="46,61,82,135,101,127,30,129,38,39,103,41,99" hai3="104,134,5,132,12,18,42,113,89,74,55,57,58"/><V67/><F135/><N who="3" m="51755" /><G104/><T7/><D35/><U70/><E107/><V106/><F129/><W112/><G74/><T9/><D71/><U25/><E118/><V111/><F127/><W105/><G105/><T19/><D131/><U32/><E128/><V23/><F103/><W102/><G102/><T37/><D121/><U77/><E77/><V125/><F125/><W40/><G89/><T44/><D36/><U91/><E32/><V33/><F111/><W10/><G5/><T87/><D87/><N who="1" m="52255" /><E69/><N who="2" m="42223" /><F82/><W2/><G57/><T98/><D98/><N who="1" m="57695" /><E70/><V8/><F8/><W0/><G0/><T133/><D133/><U62/><E66/><V17/><F17/><AGARI ba="0,0" hai="11,13,17,25,27,54,59,62" m="57695,52255" machi="17" ten="30,2000,0" yaku="8,1,54,1" doraHai="16" who="1" fromWho="2" sc="296,0,218,20,218,-20,268,0" /><INIT seed="3,0,0,0,4,3" ten="296,238,198,268" oya="3" hai0="83,50,133,69,111,16,120,52,62,116,38,92,56" hai1="7,53,88,45,97,24,49,125,104,81,126,47,91" hai2="34,100,33,5,94,122,51,99,82,115,72,46,71" hai3="76,13,123,86,113,26,109,105,20,101,132,67,48"/><W28/><G123/><T117/><D120/><U65/><E65/><V35/><F122/><W6/><G113/><T9/><D38/><U1/><E24/><V119/><F115/><W106/><G132/><T84/><D133/><U66/><E66/><V55/><F119/><W95/><G109/><T21/><D111/><U22/><E22/><V64/><F5/><W19/><G67/><T42/><D9/><N who="1" m="2287" /><E81/><V61/><F82/><W60/><G60/><T112/><D112/><U87/><E87/><V96/><F72/><W23/><G48/><T44/><D92/><U18/><E18/><V27/><REACH who="2" step="1"/><F99/><REACH who="2" step="2"/><W74/><G74/><T25/><REACH who="0" step="1"/><D69/><REACH who="0" step="2"/><U37/><E37/><V78/><F78/><AGARI ba="0,2" hai="16,21,25,42,44,50,52,56,62,78,83,84,116,117" machi="78" ten="30,8000,1" yaku="1,1,2,1,7,1,54,2,53,0" doraHai="3" doraHaiUra="118" who="0" fromWho="2" sc="286,100,238,0,188,-80,268,0" /><INIT seed="4,0,0,0,0,22" ten="386,238,108,268" oya="0" hai0="97,124,45,49,115,114,6,96,76,104,60,54,48" hai1="7,79,8,94,125,86,24,120,11,110,84,21,68" hai2="17,95,58,16,127,89,46,2,25,101,62,42,19" hai3="119,93,59,9,57,56,14,74,13,117,106,78,4"/><T23/><D76/><U41/><E68/><V28/><F2/><W31/><G106/><T63/><D6/><U1/><E110/><V111/><F111/><W123/><G123/><T135/><D135/><U3/><E120/><V107/><F127/><W105/><G105/><T72/><D72/><U92/><E125/><V37/><F107/><W82/><G31/><T47/><D124/><U131/><E131/><V134/><F134/><W20/><G20/><T67/><D23/><U32/><E32/><V128/><F128/><W18/><G93/><T99/><D104/><U71/><E71/><V81/><F81/><W5/><G18/><T33/><D33/><U132/><E41/><V69/><F69/><W102/><G102/><T39/><D39/><U133/><E21/><V51/><F37/><W75/><REACH who="3" step="1"/><G74/><REACH who="3" step="2"/><T30/><D30/><U73/><E73/><V36/><F101/><W91/><G91/><T129/><D129/><U52/><E79/><V80/><F80/><W122/><G122/><T103/><D103/><U38/><E7/><V44/><F89/><W118/><G118/><T61/><D67/><U112/><E38/><V66/><F95/><W121/><G121/><T26/><D26/><U64/><E24/><V100/><F100/><W83/><G83/><T29/><D29/><U10/><E10/><AGARI ba="0,1" hai="4,5,9,10,13,14,56,57,59,75,78,82,117,119" machi="10" ten="40,2600,0" yaku="1,1,9,1,53,0" doraHai="22" doraHaiUra="27" who="3" fromWho="1" sc="386,0,238,-26,108,0,258,36" /><INIT seed="5,0,0,3,1,50" ten="386,212,108,294" oya="1" hai0="10,101,94,75,55,87,79,18,40,48,93,97,74" hai1="69,34,109,39,30,103,42,0,71,25,15,66,108" hai2="62,5,26,57,11,58,77,17,124,22,19,44,116" hai3="125,8,88,47,135,46,131,3,91,41,80,117,45"/><U56/><E56/><V126/><F116/><W105/><G105/><T67/><D67/><U99/><E15/><V100/><F77/><W68/><G68/><T102/><D40/><U16/><E16/><V106/><F19/><W127/><G117/><T29/><D79/><U24/><E24/><V14/><F44/><W37/><G135/><T63/><D63/><N who="1" m="40159" /><E0/><V13/><F13/><W82/><G131/><T123/><D123/><U4/><E4/><V53/><REACH who="2" step="1"/><F58/><REACH who="2" step="2"/><W81/><G45/><T115/><D18/><U121/><E71/><V134/><F134/><W122/><G46/><T96/><D29/><U89/><E39/><V61/><F61/><W32/><G37/><T65/><D10/><U27/><E42/><V72/><F72/><W76/><G41/><T28/><D75/><U12/><E12/><V36/><F36/><W133/><G8/><T43/><D74/><U90/><E25/><V70/><F70/><W113/><G47/><T23/><D28/><U83/><E121/><V73/><F73/><W51/><G122/><T31/><D31/><U49/><E49/><V128/><F128/><W64/><G51/><T104/><D48/><U59/><E59/><V95/><F95/><W129/><G133/><T9/><D93/><N who="1" m="58863" /><E83/><V38/><F38/><W130/><G81/><T60/><D43/><U119/><E119/><V110/><F110/><AGARI ba="0,1" hai="27,30,34,89,90,108,109,110" m="58863,40159" machi="110" ten="30,1500,0" yaku="10,1" doraHai="50" who="1" fromWho="2" sc="386,0,212,25,98,-15,294,0" /><INIT seed="5,1,0,1,0,25" ten="386,237,83,294" oya="1" hai0="53,31,78,58,1,33,60,71,79,14,68,62,72" hai1="99,125,73,52,90,19,55,45,112,61,113,18,108" hai2="76,89,77,104,120,11,8,93,111,47,96,46,133" hai3="129,12,49,37,92,110,135,102,3,24,21,101,95"/><U123/><E73/><V50/><F111/><W98/><G110/><T127/><D1/><U97/><E108/><V117/><F117/><W66/><G37/><T106/><D106/><U87/><E123/><V85/><F120/><W94/><G3/><T29/><D127/><U30/><E125/><V130/><F130/><W5/><G129/><T51/><D14/><U54/><E45/><V116/><F116/><W34/><G135/><T69/><D33/><U56/><E30/><V27/><F133/><W36/><G36/><T118/><D118/><U6/><E6/><V109/><F109/><W115/><G115/><N who="1" m="44106" /><E61/><V63/><F104/><W107/><G34/><T91/><D91/><U42/><E42/><V20/><F47/><W84/><G66/><T75/><D62/><U41/><E41/><V57/><F85/><W4/><G84/><T74/><REACH who="0" step="1"/><D60/><REACH who="0" step="2"/><U114/><E114/><V2/><F2/><W22/><G107/><T119/><D119/><U124/><E124/><V121/><F121/><W132/><G12/><T26/><D26/><U38/><E56/><V126/><F126/><W44/><G24/><T80/><D80/><N who="1" m="49511" /><E38/><V64/><F77/><AGARI ba="1,1" hai="29,31,51,53,58,68,69,71,72,74,75,77,78,79" machi="77" ten="50,6400,0" yaku="1,1,52,2,53,0" doraHai="25" doraHaiUra="82" who="0" fromWho="2" sc="376,77,237,0,83,-67,294,0" /><INIT seed="6,0,0,4,2,110" ten="453,237,16,294" oya="2" hai0="116,96,98,43,50,10,103,60,33,95,117,54,72" hai1="70,41,57,12,19,40,45,39,69,131,92,64,115" hai2="85,56,120,86,9,7,111,61,73,78,127,27,114" hai3="75,6,108,47,22,36,122,107,35,68,123,82,125"/><V106/><F120/><W135/><RYUUKYOKU type="yao9" ba="0,0" sc="453,0,237,0,16,0,294,0" hai3="6,22,35,36,47,68,75,82,107,108,122,123,125,135" /><INIT seed="6,1,0,5,5,19" ten="453,237,16,294" oya="2" hai0="48,26,93,90,29,95,115,105,28,34,135,114,126" hai1="122,52,120,1,110,91,125,89,102,75,111,109,88" hai2="58,37,71,32,62,100,87,43,67,128,33,74,20" hai3="27,12,24,10,30,99,47,50,68,70,5,127,38"/><V64/><F74/><W23/><G127/><T78/><D105/><U51/><E1/><V133/><F133/><W45/><G38/><T132/><D126/><U118/><E125/><V107/><F128/><W40/><G47/><T0/><D78/><U108/><E75/><V21/><F87/><W79/><G99/><T97/><D0/><U17/><N who="1" m="28160" /><DORA hai="41" /><U16/><E102/><V69/><F107/><W25/><G25/><N who="0" m="18703" /><D48/><U31/><E31/><V46/><F100/><W11/><G11/><T113/><D95/><U39/><E39/><V18/><F21/><AGARI ba="1,0" hai="21,26,29,90,93,97,113,114,115,132,135" m="18703" machi="21" ten="30,2000,0" yaku="15,1,52,1" doraHai="19,41" who="0" fromWho="2" sc="453,23,237,0,16,-23,294,0" owari="476,58.0,237,-16.0,-7,-51.0,294,9.0" /></mjloggm>