<mjloggm ver="2.3"><GO type="97"/><UN n0="%E5%88%9D%E4%BB%A3%E3%81%9F%E3%81%A3%E3%81%A1%E3%82%83%E3%82%93" n1="%54%65%6E%48%6F%75%6F%75" n2="%4B%69%72%69%74%6F" n3="%EF%BC%88%E2%89%A7%E2%96%BD%E2%89%A6%EF%BC%89" dan="13,14,13,14" rate="1845,1926,1940,2017" sx="M,M,M,M"/><TAIKYOKU oya="0"/><INIT seed="0,0,0,2,3,135" ten="250,250,250,250" oya="0" hai0="44,17,97,52,59,0,110,42,118,107,100,111,115" hai1="3,84,119,35,106,20,67,32,80,43,128,54,31" hai2="79,7,70,93,6,112,66,120,40,127,30,4,69" hai3="88,72,76,45,74,48,64,96,124,24,8,104,37"/><T82/><D0/><U26/><E119/><V38/><F120/><W101/><G37/><T27/><D118/><U108/><E108/><N who="0" m="41513" /><D115/><U23/><E106/><V117/><F117/><W19/><G64/><T29/><D17/><U130/><E3/><V51/><F38/><W56/><G56/><T95/><D82/><U18/><E43/><V92/><F30/><W75/><G8/><T63/><D107/><U85/><E54/><V134/><F66/><W16/><G76/><T60/><D60/><U50/><E50/><V58/><F79/><W90/><G124/><T113/><D113/><U81/><E67/><V131/><F131/><W22/><REACH who="3" step="1"/><G19/><REACH who="3" step="2"/><T133/><D133/><U13/><E18/><V77/><F127/><W103/><G103/><T129/><D129/><U9/><E9/><V83/><F134/><W87/><G87/><T14/><D14/><U98/><E13/><V49/><F112/><W28/><G28/><T125/><D125/><U34/><E31/><V61/><F61/><W102/><BYE who="2" /><G102/><T12/><D12/><U86/><E130/><V132/><F132/><W89/><G89/><T53/><D53/><AGARI ba="0,1" hai="16,22,24,45,48,53,72,74,75,88,90,96,101,104" machi="53" ten="40,5200,0" yaku="1,1,54,2,53,0" doraHai="135" doraHaiUra="65" who="3" fromWho="0" sc="250,-52,250,0,250,0,240,62" /><UN n2="%4B%69%72%69%74%6F" /><INIT seed="1,0,0,4,5,105" ten="198,250,250,302" oya="1" hai0="59,15,100,40,112,68,23,7,44,93,78,16,91" hai1="66,135,92,83,62,128,50,85,70,87,107,10,4" hai2="25,119,38,55,89,8,80,6,109,102,116,2,131" hai3="90,0,46,26,133,12,19,41,54,106,79,110,30"/><U11/><E107/><V115/><F38/><W76/><G106/><T134/><D68/><U17/><E135/><V43/><F43/><W21/><G0/><T42/><D134/><U5/><E128/><V3/><F115/><W103/><G133/><T108/><D112/><U64/><E64/><V122/><F122/><W35/><G110/><T18/><D78/><U98/><E50/><V31/><F2/><W86/><G103/><T99/><D108/><U132/><E132/><V77/><F109/><W104/><G54/><T117/><D7/><U37/><E37/><V57/><F102/><W61/><G61/><T65/><D117/><U39/><E39/><V13/><F89/><W28/><G28/><T67/><D42/><U56/><E70/><V81/><F131/><W53/><G53/><T75/><D75/><U113/><E113/><V49/><F3/><W32/><G32/><T34/><D34/><U88/><E87/><V27/><F81/><W60/><G104/><T73/><D73/><U22/><E4/><V52/><F55/><W33/><G33/><T121/><D121/><U24/><REACH who="1" step="1"/><E5/><REACH who="1" step="2"/><V118/><REACH who="2" step="1"/><F31/><REACH who="2" step="2"/><W124/><G30/><T48/><D100/><AGARI ba="0,2" hai="10,11,17,22,24,56,62,66,83,85,88,92,98,100" machi="100" ten="30,12000,1" yaku="1,1,2,1,7,1,8,1,54,1,53,0" doraHai="105" doraHaiUra="130" who="1" fromWho="0" sc="198,-120,240,140,240,0,302,0" /><INIT seed="1,1,0,2,5,101" ten="78,380,240,302" oya="1" hai0="127,77,22,68,18,72,133,61,121,95,123,109,40" hai1="34,73,83,88,27,23,24,8,42,51,5,132,67" hai2="37,45,31,84,124,80,118,76,32,104,94,54,10" hai3="59,87,13,19,116,125,75,91,35,11,93,120,29"/><U134/><E34/><V86/><F118/><W43/><G120/><T110/><D40/><U128/><E128/><V53/><F124/><W92/><G75/><T96/><D61/><U63/><E73/><V114/><F114/><W81/><G125/><T64/><D68/><U38/><E38/><V57/><F104/><W66/><G116/><T106/><D127/><U65/><E42/><V119/><F119/><W60/><G43/><T130/><D64/><U74/><E51/><V48/><F10/><W103/><G103/><N who="0" m="62823" /><D22/><U70/><E67/><V28/><F32/><W117/><G117/><T99/><D18/><U89/><E74/><V78/><F37/><W131/><G131/><T46/><D46/><U17/><E27/><V62/><F94/><N who="3" m="36459" /><G35/><T79/><D95/><U112/><E112/><V111/><F111/><N who="0" m="42506" /><D99/><U105/><E105/><V20/><F20/><W41/><G41/><T122/><D133/><N who="1" m="51307" /><E83/><AGARI ba="1,0" hai="28,31,45,48,53,54,57,62,76,78,80,83,84,86" machi="83" ten="40,2600,0" yaku="9,1,8,1" doraHai="101" who="2" fromWho="1" sc="78,0,380,-29,240,29,302,0" /><INIT seed="2,0,0,2,3,116" ten="78,351,269,302" oya="2" hai0="46,23,112,16,41,33,128,115,98,21,53,110,10" hai1="50,73,2,70,63,12,91,109,105,132,67,108,3" hai2="131,15,92,30,38,7,69,18,26,65,68,35,24" hai3="48,40,123,42,122,28,90,125,117,47,55,127,86"/><V97/><F38/><W126/><G28/><T96/><D53/><U121/><E73/><V93/><F131/><W94/><G117/><T100/><D128/><U61/><E105/><V82/><F82/><W25/><G25/><T62/><D33/><U54/><E121/><AGARI ba="0,0" hai="40,42,47,48,55,86,90,94,121,122,123,125,126,127" machi="121" ten="50,8000,1" yaku="18,1,52,3" doraHai="116" who="3" fromWho="1" sc="78,0,351,-80,269,0,302,80" /><INIT seed="3,0,0,1,4,121" ten="78,271,269,382" oya="3" hai0="69,75,132,62,98,1,111,28,70,100,67,102,18" hai1="25,47,94,74,126,13,99,3,135,106,51,89,133" hai2="50,9,36,82,85,101,21,27,57,124,131,39,109" hai3="40,45,71,58,86,55,108,54,65,81,103,22,76"/><W117/><G117/><T128/><D18/><U7/><E126/><V26/><F124/><W14/><G103/><T41/><D132/><N who="1" m="50763" /><E106/><V87/><F109/><W29/><G108/><T120/><D102/><U37/><E37/><V4/><F101/><W96/><G96/><T118/><D120/><U35/><E74/><V123/><F123/><W44/><G71/><T31/><D118/><U46/><E3/><V48/><F131/><W129/><G129/><T119/><D119/><U68/><E68/><V12/><F27/><N who="3" m="16631" /><G65/><T56/><D128/><U2/><E2/><V24/><F24/><W88/><G58/><T38/><D111/><U11/><E51/><N who="2" m="19499" /><F39/><W105/><G105/><T97/><D75/><U134/><N who="1" m="50771" /><U43/><DORA hai="33" /><E43/><V114/><F36/><W127/><G40/><T42/><D98/><U125/><E125/><V116/><F114/><W90/><G127/><T112/><D42/><U19/><E35/><V92/><F116/><W16/><G44/><N who="0" m="23607" /><D112/><U66/><E66/><V53/><F92/><W23/><G45/><N who="1" m="16906" /><E25/><V0/><F82/><W17/><G81/><T91/><D91/><U49/><E49/><N who="2" m="30895" /><F0/><W59/><G90/><T78/><D78/><U20/><E20/><V52/><F52/><W104/><G55/><T83/><D83/><U15/><E15/><V30/><AGARI ba="0,0" hai="4,9,12,21,26,30,85,87" m="30895,19499" machi="30" ten="30,1100,0" yaku="8,1" doraHai="121,33" who="2" fromWho="2" sc="78,-3,271,-3,269,11,382,-5" owari="75,-42,268,-13,280,8,377,47" /></mjloggm>