<mjloggm ver="2.3"><GO type="97"/><UN n0="%E6%A5%B5%E6%A5%BD%E9%B3%A5" n1="%EF%BC%88%E2%89%A7%E2%96%BD%E2%89%A6%EF%BC%89" n2="%E6%AF%9B%E7%8E%89%E3%83%9E%E3%83%95%E3%83%A9%E3%83%BC" n3="%E8%8C%82%E5%8E%9F%E6%9C%80%E5%BC%B7" dan="14,15,14,13" rate="2000,2004,1882,1856" sx="M,F,M,M"/><TAIKYOKU oya="0"/><INIT seed="0,0,0,2,1,66" ten="250,250,250,250" oya="0" hai0="9,101,56,30,124,18,45,52,57,83,108,119,98" hai1="121,117,104,25,23,77,79,106,31,63,40,26,21" hai2="6,92,42,55,7,50,127,1,126,53,11,89,96" hai3="111,123,38,74,19,2,84,32,118,61,129,86,73"/><T70/><D119/><U102/><E117/><V27/><F27/><W29/><G29/><T24/><D70/><U130/><E121/><V13/><F1/><W97/><G97/><T82/><D124/><N who="2" m="47658" /><F6/><W135/><G19/><T28/><D108/><U37/><E130/><V36/><F36/><W14/><G14/><N who="0" m="7503" /><D45/><AGARI ba="0,0" hai="7,11,13,42,45,50,53,55,89,92,96" m="47658" machi="45" ten="30,1000,0" yaku="18,1" doraHai="66" who="2" fromWho="0" sc="250,-10,250,0,250,10,250,0" /><INIT seed="1,0,0,4,3,66" ten="240,250,260,250" oya="1" hai0="58,56,29,65,51,38,76,131,52,22,4,104,69" hai1="57,28,49,40,87,5,43,10,33,78,123,103,126" hai2="106,128,20,83,81,112,121,62,55,118,77,27,80" hai3="9,34,18,70,115,72,84,13,11,89,98,85,113"/><U99/><E123/><V39/><F121/><W32/><G72/><T48/><D104/><U105/><E126/><V60/><F118/><W14/><G98/><T47/><D76/><U54/><E33/><V119/><F119/><W2/><G2/><T117/><D4/><U31/><E31/><V35/><F39/><W0/><G0/><T45/><D22/><U30/><E30/><V44/><F128/><W111/><G111/><T41/><D29/><U26/><E26/><V71/><F106/><W94/><G94/><T93/><D93/><U86/><E28/><V37/><F35/><W125/><G125/><T79/><D79/><U19/><E19/><V6/><F6/><W59/><G59/><N who="0" m="22571" /><D117/><U100/><E100/><V36/><F77/><W130/><G130/><T101/><D101/><U1/><REACH who="1" step="1"/><E86/><REACH who="1" ten="240,240,260,250" step="2"/><V75/><F75/><W68/><G18/><T21/><D131/><U92/><E92/><V108/><F112/><W50/><G50/><T88/><D48/><U74/><E74/><V109/><F27/><W134/><G134/><T42/><D51/><U53/><E53/><V64/><F55/><W107/><G107/><T61/><D52/><U15/><E15/><V46/><F36/><W114/><G114/><T3/><D3/><U110/><E110/><V102/><F37/><W135/><G135/><T23/><D42/><U7/><E7/><V132/><F102/><W16/><G16/><T63/><D41/><U96/><E96/><V124/><F132/><W95/><G95/><T24/><D38/><U67/><E67/><N who="2" m="41447" /><F124/><W25/><G25/><T17/><D65/><RYUUKYOKU ba="0,1" sc="240,-15,240,15,260,-15,250,15" hai1="1,5,10,40,43,49,54,57,78,87,99,103,105" hai3="9,11,13,14,32,34,68,70,84,85,89,113,115" /><INIT seed="1,1,1,2,2,14" ten="225,255,245,265" oya="1" hai0="66,72,119,8,79,32,39,26,21,52,9,1,106" hai1="77,132,103,91,10,127,48,62,131,87,45,56,43" hai2="22,16,68,53,6,55,35,65,75,47,101,67,121" hai3="96,117,126,129,38,124,113,50,18,135,17,59,19"/><U74/><E127/><V31/><F121/><W15/><G38/><T71/><D106/><U23/><E132/><V29/><F75/><W5/><G117/><T120/><D39/><U85/><E131/><V128/><F128/><W51/><G113/><T7/><D119/><U95/><E103/><V12/><F101/><W99/><G135/><T93/><D120/><U90/><E10/><N who="2" m="4183" /><F68/><W102/><G129/><T73/><D32/><U24/><E74/><V86/><F35/><W58/><G15/><T92/><D8/><U108/><E77/><V123/><F86/><N who="1" m="32777" /><E95/><V104/><F104/><W109/><G5/><T2/><D2/><U54/><E108/><V25/><F123/><W112/><G112/><T28/><D52/><N who="2" m="20042" /><F47/><W89/><G109/><T60/><REACH who="0" step="1"/><D73/><REACH who="0" ten="215,255,245,265" step="2"/><U110/><E110/><V40/><F40/><W100/><G126/><T4/><D4/><U80/><E80/><AGARI ba="1,2" hai="1,7,9,21,26,28,60,66,71,72,79,80,92,93" machi="80" ten="40,1300,0" yaku="1,1,53,0" doraHai="14" doraHaiUra="49" who="0" fromWho="1" sc="215,36,255,-16,245,0,265,0" /><INIT seed="2,0,0,5,2,44" ten="251,239,245,265" oya="2" hai0="38,70,18,99,65,12,23,30,55,63,122,20,6" hai1="53,96,119,7,58,132,50,64,112,97,87,68,49" hai2="92,131,134,35,133,46,102,130,125,123,116,127,107" hai3="66,59,94,10,5,115,27,135,16,111,47,72,1"/><V40/><F123/><W85/><G72/><T77/><D122/><U29/><E119/><V120/><F120/><W104/><G104/><T22/><D38/><U21/><E112/><V105/><F35/><W79/><G115/><T34/><D77/><U31/><E132/><N who="2" m="50795" /><F92/><W32/><G135/><T14/><D6/><U24/><E7/><V109/><F116/><W108/><G32/><T117/><D117/><U128/><E128/><N who="2" m="49195" /><F109/><N who="3" m="42059" /><G66/><T61/><D14/><U98/><E87/><V121/><F121/><W9/><G59/><T78/><D12/><U86/><E86/><V3/><F3/><W126/><G94/><T4/><D34/><U67/><E68/><V11/><F11/><W89/><G79/><T124/><D70/><U71/><E71/><V26/><F26/><W93/><G47/><T48/><D78/><U19/><REACH who="1" step="1"/><E50/><REACH who="1" ten="251,229,245,265" step="2"/><N who="2" m="26951" /><F102/><W56/><G27/><T54/><D30/><AGARI ba="0,1" hai="19,21,24,29,30,31,49,53,58,64,67,96,97,98" machi="30" ten="40,12000,2" yaku="1,1,8,1,52,1,53,3" doraHai="44" doraHaiUra="25" who="1" fromWho="0" sc="251,-120,229,130,245,0,265,0" /><INIT seed="3,0,0,0,1,96" ten="131,359,245,265" oya="3" hai0="102,116,59,89,34,48,27,47,50,88,69,37,100" hai1="1,71,101,114,117,32,112,73,70,84,30,85,43" hai2="76,9,132,122,74,28,20,86,49,80,23,130,83" hai3="58,65,42,93,21,78,33,94,15,53,14,131,118"/><W133/><G118/><T10/><D69/><U18/><E73/><V26/><F122/><W125/><G33/><T19/><D116/><U77/><E117/><V39/><F130/><W31/><G133/><T45/><D37/><U120/><E120/><V95/><F132/><W4/><G131/><T110/><D59/><U126/><E1/><V67/><F39/><W81/><G125/><T123/><D123/><U29/><E126/><V64/><F95/><W135/><G135/><T57/><D57/><U16/><E43/><V111/><F111/><W66/><G42/><T104/><D34/><U91/><E32/><V124/><F124/><W115/><G115/><T99/><D99/><U87/><E77/><V56/><F9/><W79/><G79/><T128/><D128/><U13/><E114/><V103/><F20/><W51/><G15/><T75/><D10/><U61/><E112/><V119/><F80/><W121/><G121/><T8/><D8/><N who="1" m="6183" /><E71/><V0/><F74/><W17/><G31/><N who="1" m="11786" /><E70/><V38/><F0/><W105/><G105/><T5/><D75/><U52/><E18/><V63/><F119/><W127/><G4/><T60/><D5/><U109/><E91/><V54/><F38/><W108/><G108/><T46/><D110/><U106/><E109/><V22/><F22/><W55/><G127/><T3/><D3/><U24/><E106/><V107/><F63/><N who="3" m="36303" /><G78/><T36/><D36/><U113/><E113/><V35/><F35/><W129/><G129/><T25/><D60/><U98/><E61/><V82/><F82/><W40/><G40/><T92/><D104/><RYUUKYOKU ba="0,0" sc="131,-10,359,-10,245,30,265,-10" hai2="23,26,28,49,54,56,64,67,76,83,86,103,107" owari="121,-38.0,349,44.0,275,8.0,255,-14.0" /></mjloggm>