<mjloggm ver="2.3"><GO type="169" lobby="0"/><UN n0="%EF%BC%88%E2%89%A7%E2%96%BD%E2%89%A6%EF%BC%89" n1="%E4%BA%9B%E6%B8%A1%E3%82%92%E8%B6%85%E3%81%88%E3%82%8B%E8%80%85" n2="%E3%83%9E%E3%83%84%E3%82%B6%E3%82%AD" n3="%E5%B7%A3%E4%BD%9C%E3%82%8A%E3%83%89%E3%83%A9%E3%82%B4%E3%83%B3" dan="19,16,16,16" rate="2278.29,2114.74,2177.90,2064.99" sx="M,F,M,M"/><TAIKYOKU oya="0"/><INIT seed="0,0,0,5,3,7" ten="250,250,250,250" oya="0" hai0="64,84,26,125,40,127,130,68,88,118,80,3,135" hai1="63,67,79,92,132,70,44,1,0,4,90,74,41" hai2="77,99,60,71,32,31,10,102,133,8,11,30,59" hai3="69,119,110,124,104,72,114,65,76,36,128,86,91"/><T113/><D113/><U42/><E132/><V37/><F71/><W43/><RYUUKYOKU type="yao9" ba="0,0" sc="250,0,250,0,250,0,250,0" hai3="36,43,65,69,72,76,86,91,104,110,114,119,124,128" /><INIT seed="0,1,0,2,4,72" ten="250,250,250,250" oya="0" hai0="134,14,97,107,44,93,112,102,10,99,78,111,113" hai1="38,36,77,115,120,1,35,11,90,20,82,53,61" hai2="55,47,117,50,123,68,4,51,48,42,104,62,8" hai3="132,12,56,9,94,106,40,127,130,33,60,17,101"/><T76/><D44/><U91/><E35/><V125/><F123/><W124/><G132/><T92/><D134/><U75/><E120/><V32/><F32/><W110/><G110/><T7/><D111/><U80/><E115/><V105/><F125/><N who="3" m="48203" /><G130/><T30/><D30/><U6/><E20/><V24/><F24/><W65/><G33/><T0/><D107/><U27/><E27/><V100/><F117/><W54/><G40/><T59/><D0/><U103/><E103/><V64/><F100/><W34/><G34/><T131/><D131/><U69/><E53/><V45/><REACH who="2" step="1"/><F50/><REACH who="2" ten="250,250,240,250" step="2"/><W25/><G25/><T129/><D129/><U71/><E38/><V5/><F5/><W52/><G106/><T43/><D113/><U23/><E36/><V83/><F83/><W114/><G114/><T88/><D112/><U118/><E82/><V119/><F119/><W89/><G101/><T16/><D43/><U74/><E118/><V13/><AGARI ba="1,1" hai="4,8,13,42,45,47,48,51,55,62,64,68,104,105" machi="13" ten="20,2700,0" yaku="1,1,0,1,7,1,53,0" doraHai="72" doraHaiUra="29" who="2" fromWho="2" sc="250,-14,250,-8,240,40,250,-8" /><INIT seed="1,0,0,5,2,97" ten="236,242,280,242" oya="1" hai0="47,77,29,135,13,49,132,34,116,99,80,98,40" hai1="65,36,37,53,71,18,87,50,61,23,1,27,115" hai2="45,55,117,0,78,72,48,20,39,46,124,52,112" hai3="105,21,11,101,8,103,68,126,32,9,95,19,121"/><U131/><E115/><V28/><F0/><W106/><G121/><T7/><D116/><U125/><E1/><V60/><F117/><W70/><G32/><T14/><D34/><U110/><E125/><V76/><F124/><W62/><G126/><T129/><D29/><U92/><E131/><V90/><F72/><W127/><G127/><T16/><D129/><U88/><REACH who="1" step="1"/><E110/><REACH who="1" ten="236,232,280,242" step="2"/><V113/><F113/><W12/><G62/><T89/><D132/><U100/><E100/><V54/><F60/><W43/><G43/><T69/><D135/><U130/><E130/><V22/><F112/><W2/><G2/><T38/><D40/><U51/><E51/><V15/><F48/><W26/><G103/><T58/><D49/><U94/><E94/><V111/><F111/><W82/><G82/><T104/><D38/><U17/><E17/><V96/><F39/><W122/><G122/><T133/><D16/><U91/><E91/><V134/><F134/><W41/><G41/><T30/><D89/><U4/><E4/><V118/><F118/><W102/><G101/><T119/><D7/><U31/><E31/><V86/><F28/><W81/><G81/><T109/><D30/><U66/><E66/><V59/><F90/><W64/><G64/><T75/><D80/><U5/><E5/><V73/><F78/><W93/><G95/><T3/><D133/><U24/><E24/><V85/><F76/><W123/><G123/><T6/><D77/><U79/><E79/><V114/><F114/><W56/><G26/><T44/><D3/><U33/><E33/><V74/><F74/><RYUUKYOKU ba="0,1" sc="236,-10,232,30,280,-10,242,-10" hai1="18,23,27,36,37,50,53,61,65,71,87,88,92" /><INIT seed="1,1,1,5,4,103" ten="226,262,270,232" oya="1" hai0="123,25,1,39,76,32,69,46,127,122,52,89,79" hai1="47,84,109,56,74,132,75,55,82,90,121,131,73" hai2="93,92,99,102,130,125,67,107,45,54,20,83,30" hai3="58,61,110,9,86,118,128,64,60,72,115,28,41"/><U68/><E121/><N who="0" m="46089" /><D69/><U12/><E68/><V33/><F125/><W6/><G118/><T57/><D127/><U7/><E132/><V36/><F130/><W88/><G115/><T53/><D1/><U108/><E131/><V81/><F33/><W27/><G128/><T94/><D25/><U5/><E47/><V120/><F67/><W19/><G72/><T44/><D32/><U38/><E38/><V77/><F83/><W42/><G110/><N who="1" m="42602" /><E12/><V85/><F120/><W24/><G61/><AGARI ba="1,1" hai="5,7,55,56,61,73,74,75,82,84,90" m="42602" machi="61" ten="40,3900,0" yaku="14,1,10,1" doraHai="103" who="1" fromWho="3" sc="226,0,262,52,270,0,232,-42" /><INIT seed="1,2,0,5,0,87" ten="226,314,270,190" oya="1" hai0="88,18,71,40,112,54,116,114,128,1,13,62,22" hai1="43,103,36,19,57,52,42,31,49,99,14,47,84" hai2="12,85,41,77,75,104,8,72,78,135,95,70,10" hai3="113,25,16,0,29,66,58,100,110,129,102,53,127"/><U121/><E121/><V119/><F70/><W51/><G113/><T106/><D106/><U96/><E31/><V94/><F104/><W98/><G110/><T60/><D1/><U50/><E103/><V45/><F119/><W107/><G129/><T34/><D34/><U4/><E4/><V6/><F135/><W5/><G127/><T109/><D116/><U126/><E126/><V76/><F10/><W101/><G66/><T117/><D117/><U21/><E36/><V130/><F130/><W28/><G28/><T86/><D128/><U63/><E84/><V64/><F64/><W20/><REACH who="3" step="1"/><G29/><REACH who="3" ten="226,314,270,180" step="2"/><T134/><D109/><U59/><E42/><V74/><REACH who="2" step="1"/><F85/><REACH who="2" ten="226,314,260,180" step="2"/><W132/><G132/><T38/><D86/><U115/><E115/><V69/><F69/><W46/><G46/><T105/><D71/><U26/><REACH who="1" step="1"/><E26/><REACH who="1" ten="226,304,260,180" step="2"/><V48/><AGARI ba="2,3" hai="6,8,12,41,45,48,72,74,75,76,77,78,94,95" machi="48" ten="40,2700,0" yaku="1,1,0,1,53,0" doraHai="87" doraHaiUra="15" who="2" fromWho="2" sc="226,-9,304,-15,260,63,180,-9" /><INIT seed="2,0,0,0,1,123" ten="217,289,323,171" oya="2" hai0="17,28,87,112,104,35,135,71,11,44,51,61,110" hai1="59,49,9,48,133,96,130,111,56,53,21,128,69" hai2="83,16,122,93,27,132,117,116,92,86,76,101,94" hai3="99,134,20,64,63,80,75,23,18,60,38,41,46"/><V37/><F37/><W8/><G134/><T57/><D71/><U98/><E69/><V34/><F122/><W36/><G36/><T33/><D104/><U97/><E133/><V4/><F132/><W105/><G8/><T131/><D112/><U107/><E107/><V114/><F114/><W58/><G63/><T73/><D73/><U124/><E124/><V106/><F4/><W121/><G121/><T89/><D131/><N who="1" m="50219" /><E9/><V125/><F125/><W85/><G75/><T24/><D135/><U90/><E90/><V67/><F67/><W1/><G1/><T5/><D17/><U120/><E120/><V50/><F50/><N who="1" m="19561" /><E21/><V32/><F101/><W45/><G45/><T6/><D11/><U74/><E74/><V22/><REACH who="2" step="1"/><F106/><REACH who="2" ten="217,289,313,171" step="2"/><W12/><G105/><T100/><D5/><U29/><E53/><V40/><F40/><W109/><G41/><T13/><D6/><U77/><E98/><V39/><F39/><W68/><G99/><T127/><D127/><U84/><E97/><V66/><F66/><W82/><G38/><T108/><D100/><U88/><E96/><V79/><F79/><W19/><G64/><T43/><D43/><U78/><E78/><V72/><F72/><W14/><G46/><T15/><D51/><U118/><E77/><V7/><F7/><W47/><G47/><T10/><D44/><U95/><E118/><AGARI ba="0,1" hai="16,22,27,32,34,76,83,86,92,93,94,116,117,118" machi="118" ten="40,12000,1" yaku="1,1,54,1,53,3" doraHai="123" doraHaiUra="91" who="2" fromWho="1" sc="217,0,289,-120,313,130,171,0" /><INIT seed="2,1,0,5,4,40" ten="217,169,443,171" oya="2" hai0="24,103,118,20,65,123,17,21,107,97,121,111,109" hai1="50,94,134,0,60,33,3,15,84,63,9,31,56" hai2="8,57,91,83,43,104,98,70,87,13,1,122,95" hai3="59,62,46,75,26,18,69,42,92,73,100,90,110"/><V76/><F70/><W119/><G119/><T48/><D118/><U120/><E134/><V6/><F122/><W124/><G69/><T117/><D117/><U102/><E120/><V132/><F132/><W16/><G110/><N who="0" m="41995" /><D65/><U34/><E50/><V129/><F129/><W108/><G100/><T64/><D64/><U68/><E68/><V44/><F57/><W106/><G106/><T135/><D135/><U77/><E77/><V66/><F66/><W38/><G108/><T14/><D48/><U45/><E45/><V125/><F125/><W80/><G124/><T49/><D49/><U79/><E79/><V47/><F43/><W96/><G80/><T54/><D54/><U116/><E116/><V52/><F52/><W37/><G37/><T115/><D115/><U105/><E105/><V126/><F126/><W127/><G127/><T67/><D67/><U74/><E74/><N who="2" m="43415" /><F1/><W39/><G39/><T22/><D22/><U5/><E63/><V36/><F36/><W82/><G82/><T89/><D89/><U28/><E34/><V55/><F55/><N who="3" m="34175" /><G18/><AGARI ba="1,0" hai="14,17,18,20,21,24,97,103,107,121,123" m="41995" machi="18" ten="30,1000,0" yaku="14,1" doraHai="40" who="0" fromWho="3" sc="217,13,169,0,443,0,171,-13" /><INIT seed="3,0,0,3,1,94" ten="230,169,443,158" oya="3" hai0="135,119,105,116,99,112,80,58,134,87,75,95,30" hai1="69,104,115,19,93,106,109,22,50,53,78,89,101" hai2="52,117,90,29,92,130,128,12,111,85,83,126,44" hai3="86,7,6,100,27,10,41,122,21,70,48,4,118"/><W5/><G70/><T20/><D30/><U49/><E115/><V129/><F117/><N who="0" m="45130" /><D20/><U9/><E69/><V3/><F3/><W62/><G118/><T2/><D58/><U14/><E109/><V1/><F1/><W51/><G122/><T31/><D31/><U88/><E78/><V108/><F111/><W63/><G100/><N who="0" m="62623" /><D2/><U97/><E49/><N who="2" m="28711" /><F29/><W72/><G72/><T73/><D112/><U82/><E82/><V96/><F108/><W59/><G86/><T57/><D57/><N who="1" m="32951" /><E106/><V47/><F12/><W124/><G124/><T32/><D95/><U66/><E104/><V36/><F126/><W81/><G81/><T60/><D32/><U35/><E35/><V84/><F83/><W39/><G10/><T54/><D54/><U74/><E74/><N who="0" m="28169" /><D60/><U0/><E66/><V46/><F46/><W67/><G63/><T13/><D13/><N who="1" m="9583" /><E0/><V16/><F16/><AGARI ba="0,0" hai="9,14,16,88,89,93,97,101" m="9583,32951" machi="16" ten="30,7700,0" yaku="8,1,52,1,54,2" doraHai="94" who="1" fromWho="2" sc="230,0,169,77,443,-77,158,0" /><INIT seed="4,0,0,2,0,28" ten="230,246,366,158" oya="0" hai0="27,7,89,51,123,4,17,49,118,106,33,107,66" hai1="1,113,58,57,44,102,18,82,68,64,91,14,115" hai2="34,90,112,85,48,63,36,76,70,12,31,16,97" hai3="125,129,56,121,11,24,69,55,124,0,40,39,84"/><T26/><D123/><U111/><E111/><V43/><F36/><W46/><G24/><T73/><D66/><U60/><E1/><V29/><F34/><W109/><G109/><T35/><D17/><U10/><E102/><V92/><F112/><N who="1" m="43081" /><E44/><N who="2" m="25631" /><F70/><W30/><G30/><T116/><D89/><U114/><N who="1" m="43089" /><U32/><DORA hai="5" /><E32/><V120/><F63/><W67/><G129/><T3/><D3/><U25/><E25/><V77/><F120/><W87/><G121/><T8/><D73/><U74/><E91/><V50/><F50/><N who="3" m="30839" /><G84/><T133/><REACH who="0" step="1"/><D8/><REACH who="0" ten="220,246,366,158" step="2"/><U88/><E88/><V22/><F76/><AGARI ba="0,1" hai="10,14,18,57,58,60,64,68,74,76,82" m="43089" machi="76" ten="40,5200,0" yaku="15,1,11,1,52,1" doraHai="28,5" who="1" fromWho="2" sc="220,0,246,62,366,-52,158,0" /><INIT seed="5,0,0,0,4,66" ten="220,308,314,158" oya="1" hai0="127,81,89,8,16,125,69,59,0,110,68,135,88" hai1="54,47,114,56,12,65,42,64,120,118,37,19,83" hai2="9,44,128,74,33,49,36,27,104,94,134,92,20" hai3="107,51,41,24,99,73,102,34,55,109,116,21,123"/><U4/><E120/><V2/><F36/><W95/><G123/><T75/><D110/><U72/><E118/><V35/><F74/><W30/><G109/><T115/><D115/><U71/><E71/><N who="0" m="27209" /><D59/><U58/><E114/><V131/><F104/><W32/><G116/><T1/><D75/><U7/><E72/><V100/><F134/><W25/><G73/><T98/><D98/><U96/><E83/><V77/><F77/><W13/><G41/><T22/><D135/><U61/><E96/><N who="2" m="59399" /><F94/><W106/><G13/><N who="0" m="9487" /><D8/><U57/><E57/><V15/><F2/><N who="0" m="1130" /><D81/><U6/><REACH who="1" step="1"/><E58/><REACH who="1" ten="220,298,314,158" step="2"/><V111/><F111/><W3/><G99/><T60/><D60/><U93/><E93/><V45/><F45/><N who="3" m="28143" /><G95/><T53/><D53/><U90/><E90/><V50/><F44/><W105/><G107/><T103/><D103/><U46/><E46/><V82/><F82/><W48/><G102/><T133/><D133/><U121/><E121/><V62/><F62/><W101/><G106/><T97/><D97/><U130/><E130/><V119/><F131/><W85/><G101/><T31/><D89/><U52/><E52/><V108/><F128/><W14/><G105/><T112/><D88/><U23/><AGARI ba="0,1" hai="4,6,7,12,19,23,37,42,47,54,56,61,64,65" machi="23" ten="30,6000,0" yaku="1,1,0,1,53,1" doraHai="66" doraHaiUra="43" who="1" fromWho="1" sc="220,-20,298,70,314,-20,158,-20" /><INIT seed="5,1,0,4,2,6" ten="200,368,294,138" oya="1" hai0="125,82,83,122,78,41,112,133,65,67,18,115,130" hai1="11,113,76,66,124,52,132,73,4,5,103,69,86" hai2="55,131,36,105,28,123,104,33,95,91,27,70,71" hai3="92,29,89,77,17,31,114,57,25,56,60,12,90"/><U106/><E73/><V94/><F123/><W81/><G114/><N who="0" m="43563" /><D122/><U75/><E113/><V0/><F0/><W85/><G90/><T102/><D133/><U50/><E75/><V134/><F36/><W79/><G79/><T47/><D130/><U23/><E124/><V98/><F131/><W116/><G116/><T118/><D125/><U32/><E32/><V64/><F134/><W34/><G60/><T49/><D118/><U14/><E106/><V48/><F64/><N who="0" m="24650" /><D78/><U54/><E103/><V59/><REACH who="2" step="1"/><F95/><REACH who="2" ten="200,368,284,138" step="2"/><W80/><G31/><T117/><D117/><U44/><E66/><V24/><F24/><W93/><G93/><T97/><D18/><U107/><E132/><V53/><F53/><W45/><G92/><AGARI ba="1,1" hai="41,47,49,82,83,92,97,102" m="24650,43563" machi="92" ten="30,1000,0" yaku="15,1" doraHai="6" who="0" fromWho="3" sc="200,23,368,0,284,0,138,-13" /><INIT seed="6,0,0,3,1,120" ten="223,368,284,125" oya="2" hai0="83,43,114,36,68,31,53,66,133,60,22,85,135" hai1="77,75,30,54,2,117,115,29,121,11,62,28,14" hai2="73,15,41,38,9,91,16,72,64,1,111,6,17" hai3="37,35,104,130,70,48,105,50,79,18,95,61,69"/><V24/><F17/><W23/><G130/><T51/><D31/><U110/><E110/><V113/><F111/><W27/><G37/><T127/><D22/><U131/><E2/><V78/><F113/><W112/><G112/><T129/><D114/><U59/><E115/><V39/><F64/><W102/><G79/><T118/><D118/><U92/><E117/><V116/><F116/><W19/><G35/><T4/><D4/><U63/><E131/><V32/><F41/><W52/><G61/><T71/><D129/><U55/><E75/><V93/><F39/><W88/><G102/><T13/><D13/><U96/><E77/><V100/><F100/><W99/><G19/><T65/><D127/><U128/><E128/><V25/><F38/><W5/><G5/><T47/><D85/><U122/><E62/><V109/><F109/><W101/><G50/><T98/><D98/><U46/><E46/><V89/><F78/><W3/><G3/><T67/><D83/><U74/><E74/><V82/><F82/><W0/><G0/><T34/><D34/><U132/><E132/><N who="0" m="50761" /><D71/><U21/><E21/><N who="2" m="11423" /><F24/><W7/><G7/><T58/><AGARI ba="0,0" hai="36,43,47,51,53,58,60,65,66,67,68" m="50761" machi="58" ten="30,7900,0" yaku="24,1,20,1,34,2" doraHai="120" who="0" fromWho="0" sc="223,79,368,-20,284,-39,125,-20" /><INIT seed="7,0,0,4,3,55" ten="302,348,245,105" oya="3" hai0="58,124,66,126,61,39,50,99,34,95,9,52,97" hai1="125,41,92,21,44,18,48,67,40,72,119,116,90" hai2="113,94,93,17,86,71,104,111,5,22,122,89,42" hai3="30,53,103,0,20,64,102,2,3,105,4,85,73"/><W131/><G131/><T16/><D34/><U98/><E72/><V87/><F104/><W14/><G73/><T133/><D39/><U135/><E135/><V101/><F71/><W65/><G105/><T75/><D75/><U62/><E125/><N who="0" m="48233" /><D133/><U19/><E41/><V49/><F111/><W1/><N who="3" m="0" /><DORA hai="96" /><W112/><G112/><T38/><D38/><U106/><E106/><V13/><F113/><W35/><G53/><T68/><D95/><U130/><E130/><V57/><F122/><W78/><G35/><T79/><D79/><U84/><E84/><V80/><F5/><W107/><G107/><T63/><D63/><U51/><E51/><V54/><F42/><W110/><G110/><T129/><D129/><U109/><E109/><V43/><F43/><W28/><G4/><T24/><D24/><U70/><E21/><V36/><F36/><W134/><G134/><T114/><D114/><U74/><E74/><V77/><REACH who="2" step="1"/><F101/><REACH who="2" ten="302,348,235,105" step="2"/><N who="3" m="38411" /><G20/><T117/><D117/><AGARI ba="0,1" hai="18,19,40,44,48,62,67,70,90,92,98,116,117,119" machi="117" ten="40,1300,0" yaku="12,1" doraHai="55,96" who="1" fromWho="0" sc="302,-13,348,23,235,0,105,0" owari="289,9.0,371,46.0,235,-16.0,105,-39.0" /></mjloggm>