<mjloggm ver="2.3"><GO type="169" lobby="0"/><UN n0="%EF%BC%88%E2%89%A7%E2%96%BD%E2%89%A6%EF%BC%89" n1="%E3%81%AA%E3%81%BE%E3%81%AF%E3%81%92%E3%83%AA%E3%83%BC%E3%83%81%E2%98%86" n2="%E3%81%93%E3%81%BE%E3%81%A3%E3%81%95%E3%82%93" n3="%4E%41%4B%37" dan="18,17,17,16" rate="2184.04,2113.57,2179.26,2069.84" sx="M,M,M,M"/><TAIKYOKU oya="0"/><INIT seed="0,0,0,4,2,19" ten="250,250,250,250" oya="0" hai0="102,91,81,18,107,104,51,0,69,65,5,73,86" hai1="114,72,68,118,87,46,1,28,4,119,62,13,94" hai2="3,125,130,97,101,43,17,35,109,66,80,85,123" hai3="100,24,99,50,47,37,38,7,25,58,39,29,54"/><T70/><D0/><U11/><E72/><V53/><F123/><W9/><G47/><T129/><D5/><U67/><E114/><V2/><F43/><W16/><G7/><T71/><D129/><U31/><E46/><V61/><F35/><W98/><G9/><T79/><D65/><U52/><E1/><V120/><F53/><W121/><G121/><T105/><D51/><U15/><E15/><V131/><F120/><W74/><G74/><T55/><D55/><U40/><E40/><V63/><F63/><W103/><G103/><T111/><D111/><U77/><E52/><V26/><F109/><W30/><G100/><T89/><D102/><U60/><E60/><V27/><F27/><W93/><G93/><T108/><D108/><U115/><E115/><V95/><F125/><W135/><G135/><T6/><D6/><U90/><E77/><V83/><F83/><W48/><G48/><T96/><D96/><U8/><E8/><V133/><F133/><W21/><REACH who="3" step="1"/><G30/><REACH who="3" ten="250,250,250,240" step="2"/><T134/><D134/><U10/><E10/><V34/><F131/><W45/><G45/><T106/><N who="0" m="26624" /><DORA hai="14" /><T56/><D73/><U33/><E31/><V32/><F130/><W128/><G128/><T84/><D84/><U42/><E87/><V12/><F2/><W44/><G44/><T112/><D112/><U127/><E4/><V126/><F3/><W82/><G82/><T49/><D49/><U92/><E42/><V41/><F41/><W88/><G88/><N who="0" m="33867" /><D18/><U76/><E90/><V20/><F17/><W110/><G110/><T122/><D122/><U132/><E132/><RYUUKYOKU ba="0,1" sc="250,15,250,-15,250,-15,240,15" hai0="56,69,70,71,79,81,86" hai3="16,21,24,25,29,37,38,39,50,54,58,98,99" /><INIT seed="0,1,1,5,2,96" ten="265,235,235,255" oya="0" hai0="110,58,50,68,80,62,1,109,30,54,66,21,41" hai1="48,70,27,13,36,120,14,53,117,84,44,115,95" hai2="77,5,132,98,134,90,131,76,57,105,64,10,73" hai3="56,113,49,17,112,97,22,79,3,125,101,26,67"/><T124/><D1/><U92/><E120/><V25/><F25/><W37/><G3/><T122/><D122/><U51/><E117/><V0/><F131/><W63/><G37/><T86/><D124/><U52/><E36/><V129/><F129/><W4/><G125/><T11/><D11/><U128/><E128/><V45/><F45/><W71/><G4/><T119/><D119/><U28/><E70/><V133/><F73/><W16/><G79/><T12/><D41/><U75/><E75/><V94/><F105/><W59/><G17/><T42/><D42/><U43/><E115/><V65/><F65/><W126/><G126/><T89/><REACH who="0" step="1"/><D30/><REACH who="0" ten="255,235,235,255" step="2"/><U55/><E43/><V93/><F10/><W46/><G113/><T102/><D102/><U29/><E29/><V114/><F0/><W24/><G112/><T85/><D85/><U116/><E116/><V39/><F114/><W23/><G49/><T121/><D121/><U18/><E48/><V72/><F39/><W106/><REACH who="3" step="1"/><G46/><REACH who="3" ten="255,235,235,245" step="2"/><T104/><D104/><U9/><E44/><V38/><F38/><W69/><G69/><T83/><D83/><U99/><E51/><V91/><F72/><W87/><G87/><T81/><D81/><U82/><E84/><N who="2" m="52423" /><F5/><W35/><G35/><T40/><D40/><U103/><E28/><V127/><F127/><W19/><AGARI ba="1,3" hai="16,19,22,23,24,26,56,59,63,67,71,97,101,106" machi="19" ten="20,12000,2" yaku="1,1,0,1,7,1,9,1,52,1,54,1,53,0" doraHai="96" doraHaiUra="107" who="3" fromWho="3" sc="255,-61,235,-31,235,-31,245,153" /><INIT seed="1,0,0,0,5,88" ten="194,204,204,398" oya="1" hai0="108,49,9,122,8,119,96,129,90,25,54,47,69" hai1="30,132,20,81,51,126,115,19,27,36,7,68,118" hai2="66,3,97,133,76,79,56,58,29,105,83,127,62" hai3="98,89,95,107,72,14,22,121,100,0,112,120,82"/><U37/><E118/><V65/><F3/><W24/><G0/><T38/><D119/><U15/><E115/><V134/><F127/><W55/><G112/><T42/><D69/><U128/><E68/><V13/><F13/><W116/><G116/><T99/><D122/><U123/><E123/><V10/><F10/><W2/><G2/><T106/><D129/><U5/><E128/><V103/><F29/><W23/><G14/><T113/><D113/><U124/><E81/><V78/><F83/><W91/><G55/><T63/><D108/><U73/><E73/><V52/><REACH who="2" step="1"/><F66/><REACH who="2" ten="194,204,194,398" step="2"/><W17/><G23/><T111/><D8/><U75/><E124/><V46/><F46/><W86/><REACH who="3" step="1"/><G91/><REACH who="3" ten="194,204,194,388" step="2"/><T31/><D90/><U6/><E126/><V131/><F131/><W104/><G104/><T45/><D106/><U16/><E15/><V74/><F74/><W67/><G67/><T26/><D9/><U59/><E20/><V80/><F80/><W125/><G125/><T84/><D26/><U41/><E27/><V92/><F92/><W61/><G61/><AGARI ba="0,2" hai="52,56,58,61,62,65,76,78,79,97,103,105,133,134" machi="61" ten="40,2600,0" yaku="1,1,54,1,53,0" doraHai="88" doraHaiUra="114" who="2" fromWho="3" sc="194,0,204,0,194,46,388,-26" /><INIT seed="2,0,0,1,1,119" ten="194,204,240,362" oya="2" hai0="101,33,84,41,112,64,116,128,18,82,121,78,35" hai1="16,109,107,47,68,72,135,65,97,127,30,71,115" hai2="80,5,120,59,125,102,58,8,113,43,6,95,11" hai3="90,53,93,24,22,56,31,100,124,61,106,130,38"/><V0/><F113/><W57/><G38/><T3/><D116/><U104/><E115/><V1/><F125/><W99/><G124/><T25/><D112/><U117/><E117/><V17/><F43/><W44/><G130/><T13/><D3/><U94/><E72/><V23/><F80/><W49/><REACH who="3" step="1"/><G61/><REACH who="3" ten="194,204,240,352" step="2"/><T34/><D128/><U108/><E127/><V67/><F120/><W110/><G110/><T40/><D121/><U48/><E108/><V92/><F102/><W114/><G114/><T15/><D101/><U75/><E109/><V134/><F134/><W79/><G79/><T126/><D126/><U9/><E135/><V87/><F67/><W89/><G89/><T122/><D64/><U10/><E65/><V123/><F123/><W73/><G73/><T32/><D122/><U105/><E75/><V91/><REACH who="2" step="1"/><F95/><REACH who="2" ten="194,204,230,352" step="2"/><W46/><G46/><T21/><D82/><U26/><E94/><V14/><AGARI ba="0,2" hai="0,1,5,6,8,11,14,17,23,58,59,87,91,92" machi="14" ten="20,12000,1" yaku="1,1,2,1,0,1,7,1,9,1,53,0" doraHai="119" doraHaiUra="133" who="2" fromWho="2" sc="194,-40,204,-40,230,140,352,-40" /><INIT seed="2,1,0,3,5,27" ten="154,164,370,312" oya="2" hai0="123,103,12,100,132,115,25,127,109,74,30,129,49" hai1="135,10,90,46,68,84,117,119,24,43,7,64,105" hai2="50,107,77,32,29,57,125,58,85,54,99,8,28" hai3="108,133,122,37,19,110,61,33,51,101,44,14,41"/><V22/><F32/><W39/><G122/><T13/><D123/><U48/><E105/><V81/><F125/><W98/><G33/><T83/><D127/><U75/><E75/><V102/><F22/><W1/><G1/><T87/><D115/><U126/><E126/><V96/><F8/><W71/><G133/><T92/><D132/><U69/><E135/><V95/><REACH who="2" step="1"/><F57/><REACH who="2" ten="154,164,360,312" step="2"/><W9/><G71/><T23/><D23/><U97/><E69/><V40/><F40/><W2/><G41/><T76/><D12/><U72/><E43/><V56/><F56/><W6/><G14/><T3/><D13/><U116/><E10/><V134/><F134/><W63/><G9/><T128/><D3/><U131/><E68/><V65/><F65/><W78/><G2/><T114/><D114/><U0/><E64/><V55/><F55/><W52/><G52/><T35/><D35/><U45/><E0/><V4/><F4/><W60/><G6/><T93/><D128/><U79/><E7/><V82/><F82/><W86/><G19/><T91/><D129/><U73/><E116/><V88/><AGARI ba="1,1" hai="28,29,50,54,58,77,81,85,88,95,96,99,102,107" machi="88" ten="20,18000,2" yaku="1,1,0,1,7,1,52,2,54,1,53,0" doraHai="27" doraHaiUra="21" who="2" fromWho="2" sc="154,-61,164,-61,360,193,312,-61" /><INIT seed="2,2,0,0,3,132" ten="93,103,553,251" oya="2" hai0="83,15,74,44,59,16,20,64,97,80,38,6,128" hai1="105,45,124,84,43,26,117,108,73,107,135,103,131" hai2="121,123,82,40,22,60,12,96,49,129,5,51,127" hai3="112,10,79,100,46,24,91,47,62,17,55,115,119"/><V25/><F60/><W71/><G119/><T94/><D128/><U109/><E73/><V122/><F82/><W2/><G79/><T53/><D74/><U110/><E117/><V88/><F129/><W72/><G72/><T101/><D6/><U93/><E131/><V102/><F40/><W18/><G100/><T98/><D38/><N who="1" m="21751" /><E135/><V21/><F88/><W7/><G91/><T75/><D75/><U120/><E120/><V133/><F133/><W118/><G118/><T70/><D70/><U114/><E114/><V31/><F22/><W111/><G71/><T32/><D32/><U87/><E26/><V99/><F99/><W130/><G130/><T29/><D29/><U76/><E124/><V66/><F66/><W48/><G62/><N who="0" m="37983" /><D98/><N who="1" m="59855" /><E76/><V28/><F28/><W52/><G115/><T35/><D35/><U65/><E65/><V4/><F4/><W27/><G112/><T95/><D95/><U57/><E57/><V11/><REACH who="2" step="1"/><F127/><REACH who="2" ten="93,103,543,251" step="2"/><W0/><G7/><T106/><D106/><AGARI ba="2,1" hai="84,87,105,106,107,108,109,110" m="59855,21751" machi="106" ten="40,1300,0" yaku="14,1" doraHai="132" who="1" fromWho="0" sc="93,-19,103,29,543,0,251,0" /><AGARI ba="2,0" hai="5,11,12,21,25,31,49,51,96,102,106,121,122,123" machi="106" ten="40,3900,0" yaku="1,1,2,1,53,0" doraHai="132" doraHaiUra="61" who="2" fromWho="0" sc="74,-39,132,0,543,39,251,0" /><INIT seed="2,3,0,0,4,4" ten="35,132,582,251" oya="2" hai0="111,8,67,12,46,103,21,49,24,38,86,23,135" hai1="110,101,106,1,128,79,55,69,134,93,9,99,112" hai2="122,123,131,51,68,62,59,65,16,63,92,35,132" hai3="2,95,130,22,27,11,5,113,3,83,47,125,36"/><V7/><F35/><W66/><G130/><T115/><D115/><U57/><E112/><V78/><F78/><W117/><G117/><T124/><D124/><U18/><E69/><V28/><F28/><W31/><G113/><T30/><D135/><U48/><E128/><V52/><F7/><W60/><G125/><T121/><D121/><U87/><E134/><V80/><F80/><W84/><G95/><T73/><D73/><U45/><E110/><V104/><F104/><W97/><G97/><T77/><D111/><U108/><E108/><V118/><F132/><W41/><G3/><T81/><D38/><U109/><E109/><V37/><F131/><W40/><G40/><N who="0" m="24775" /><D67/><U29/><E29/><V14/><F37/><W102/><G102/><T42/><D42/><U6/><E18/><V34/><F34/><W10/><G2/><T44/><D44/><U72/><E72/><V98/><F63/><W50/><G5/><N who="0" m="3087" /><D103/><U127/><E127/><V116/><F123/><W20/><G20/><AGARI ba="3,0" hai="20,21,23,24,30,77,81,86" m="3087,24775" machi="20" ten="30,3900,0" yaku="25,1,8,1,52,1" doraHai="4" who="0" fromWho="3" sc="35,48,132,0,582,0,251,-48" /><INIT seed="3,0,0,0,2,117" ten="83,132,582,203" oya="3" hai0="30,46,83,36,94,10,37,43,55,13,16,102,74" hai1="95,44,75,65,23,8,88,42,111,33,121,77,40" hai2="124,109,98,57,9,45,114,4,126,127,82,31,32" hai3="63,100,101,0,78,69,129,24,64,104,71,56,128"/><W96/><G0/><T72/><D36/><U91/><E33/><V1/><F114/><W54/><G78/><T60/><D30/><U15/><E121/><V105/><F109/><W66/><G101/><T86/><D102/><U29/><E111/><V3/><F3/><W122/><G24/><T123/><D94/><U49/><E65/><N who="3" m="25194" /><G122/><T131/><D131/><AGARI ba="0,0" hai="54,56,63,69,71,96,100,104,128,129,131" m="25194" machi="131" ten="30,1500,0" yaku="19,1" doraHai="117" who="3" fromWho="0" sc="83,-15,132,0,582,0,203,15" /><INIT seed="3,1,0,5,2,93" ten="68,132,582,218" oya="3" hai0="81,122,51,47,103,59,30,119,90,56,37,105,2" hai1="68,113,84,88,48,44,4,7,12,57,8,62,40" hai2="52,46,39,22,69,24,9,99,102,123,6,10,115" hai3="97,21,11,98,135,127,73,86,23,58,14,114,65"/><W125/><G114/><T17/><D122/><U20/><E68/><V64/><F39/><W45/><G73/><T49/><D2/><U34/><E34/><V1/><F10/><W53/><G135/><T101/><D119/><U109/><E109/><V129/><F115/><W134/><G134/><T100/><D105/><U77/><E20/><N who="3" m="7754" /><G86/><T79/><D30/><U133/><E77/><V29/><F123/><W67/><G45/><T83/><D37/><U5/><E133/><V71/><F64/><N who="3" m="24651" /><G127/><T15/><D90/><U117/><E117/><V82/><F82/><W118/><G118/><T33/><D33/><U60/><E113/><V78/><F78/><W55/><G125/><T130/><D130/><U0/><E0/><V16/><F29/><W3/><G3/><T19/><D15/><U87/><E87/><V132/><F129/><W50/><G55/><N who="0" m="31871" /><D79/><U96/><E84/><V131/><F131/><W106/><G106/><T111/><D111/><U27/><E27/><V85/><F85/><W35/><G35/><T80/><D59/><U112/><E112/><V74/><F74/><W92/><G92/><T126/><D126/><U72/><E72/><V28/><F28/><W13/><G13/><T61/><D17/><AGARI ba="1,0" hai="11,14,17,50,53,58,97,98" m="24651,7754" machi="17" ten="30,5800,0" yaku="8,1,52,2" doraHai="93" who="3" fromWho="0" sc="68,-61,132,0,582,0,218,61" /><INIT seed="3,2,0,0,2,50" ten="7,132,582,279" oya="3" hai0="21,88,42,49,24,53,115,131,99,19,63,38,41" hai1="45,55,116,112,34,47,33,10,95,111,134,133,67" hai2="122,9,66,58,82,46,59,4,25,75,106,40,39" hai3="78,135,101,16,3,27,22,65,108,70,103,60,117"/><W20/><G117/><T61/><D115/><U5/><E112/><V84/><F106/><W73/><G3/><T72/><D72/><U74/><E74/><V94/><F122/><W36/><G36/><T93/><D131/><U35/><E111/><V68/><F25/><W15/><G135/><T118/><D118/><U119/><E67/><V29/><F29/><W6/><G108/><T37/><D37/><U11/><E95/><V86/><F86/><W76/><G6/><T110/><D110/><U104/><E104/><V80/><F80/><W90/><G90/><T126/><D126/><U31/><E31/><V17/><F17/><W51/><G51/><T87/><D38/><U97/><E97/><V79/><F94/><W83/><REACH who="3" step="1"/><G78/><REACH who="3" ten="7,132,582,269" step="2"/><T62/><D99/><U52/><E35/><V54/><F39/><W123/><G123/><T28/><D28/><AGARI ba="2,1" hai="15,16,20,22,27,28,60,65,70,73,76,83,101,103" machi="28" ten="30,5800,0" yaku="1,1,7,1,54,1,53,0" doraHai="50" doraHaiUra="128" who="3" fromWho="0" sc="7,-64,132,0,582,0,269,74" owari="-57,-56.0,132,-27.0,582,69.0,343,14.0" /></mjloggm>