<mjloggm ver="2.3"><GO type="169"/><UN n0="%48%6F%6E%65%6B%6B%6F%5F" n1="%EF%BC%88%E2%89%A7%E2%96%BD%E2%89%A6%EF%BC%89" n2="%6F%28%3E%E3%83%AD%3C%2A%29%6F" n3="%E3%81%A6%E3%82%93%E3%81%BD%E3%81%84%E3%82%93%E3%81%A8" dan="17,16,16,16" rate="2122,2057,2106,2052" sx="M,M,F,F"/><TAIKYOKU oya="0"/><INIT seed="0,0,0,0,1,116" ten="250,250,250,250" oya="0" hai0="0,70,6,17,92,41,127,20,82,38,56,30,42" hai1="58,123,130,104,77,5,73,126,106,96,133,67,115" hai2="84,22,48,53,109,72,43,28,25,120,78,74,112" hai3="131,61,113,7,32,108,9,83,90,105,71,19,2"/><T26/><BYE who="1" /><D127/><U35/><E35/><V16/><F112/><W49/><G113/><T45/><D70/><U75/><E75/><V98/><F109/><W21/><G108/><T91/><D82/><U129/><E129/><V46/><F120/><W99/><G32/><T4/><D0/><U132/><E132/><V1/><F1/><W18/><G131/><T119/><D119/><U12/><E12/><V65/><F65/><W54/><G105/><T39/><D56/><U95/><E95/><V52/><F98/><W23/><G71/><T125/><D125/><U68/><E68/><V3/><F3/><W128/><G128/><T122/><D122/><U33/><E33/><V102/><F102/><W97/><G61/><T14/><D41/><U86/><E86/><V76/><F74/><UN n1="%EF%BC%88%E2%89%A7%E2%96%BD%E2%89%A6%EF%BC%89" /><W94/><G83/><T134/><D39/><U135/><E73/><V31/><F72/><W11/><G99/><T69/><D69/><U64/><E96/><V117/><F117/><W29/><G11/><T124/><D124/><U80/><E126/><V79/><F84/><W24/><REACH who="3" step="1"/><G23/><REACH who="3" ten="250,250,250,240" step="2"/><N who="0" m="15711" /><D134/><U110/><E135/><V101/><F101/><W34/><G34/><T60/><D60/><U15/><E133/><V47/><F43/><W10/><G10/><T111/><D111/><U118/><E110/><V62/><F62/><W36/><G36/><T66/><D38/><U50/><E118/><V87/><F87/><W59/><AGARI ba="0,1" hai="2,7,9,18,19,21,24,29,49,54,59,90,94,97" machi="59" ten="20,2700,0" yaku="1,1,0,1,7,1,53,0" doraHai="116" doraHaiUra="37" who="3" fromWho="3" sc="250,-13,250,-7,250,-7,240,37" /><INIT seed="1,0,0,4,2,71" ten="237,243,243,277" oya="1" hai0="11,85,86,23,56,3,70,125,20,95,104,102,53" hai1="69,38,135,25,120,81,110,88,96,47,118,75,108" hai2="51,83,73,15,117,2,24,49,42,90,55,93,94" hai3="10,61,34,98,132,21,109,33,41,58,18,13,35"/><U16/><E69/><V27/><F2/><W126/><G109/><N who="1" m="42090" /><E120/><V67/><F67/><W39/><G132/><T52/><D70/><U107/><E118/><V111/><F117/><W87/><G126/><T119/><D119/><U28/><E135/><V57/><F111/><W26/><G98/><N who="0" m="59743" /><D104/><U72/><E107/><V79/><F15/><W60/><G87/><N who="0" m="33291" /><D3/><U50/><E81/><V64/><F94/><W116/><G116/><T36/><D36/><U19/><E38/><V99/><F64/><W5/><REACH who="3" step="1"/><G58/><REACH who="3" ten="237,243,243,267" step="2"/><T63/><D125/><U123/><E123/><V40/><F57/><W82/><G82/><T31/><D11/><U30/><E75/><V43/><F73/><W32/><N who="3" m="8192" /><DORA hai="17" /><W65/><G65/><N who="0" m="39143" /><D31/><U59/><E72/><V115/><F83/><W74/><G74/><T134/><D134/><U129/><E30/><V101/><F99/><W80/><G80/><T103/><D103/><U114/><E59/><V44/><F101/><W130/><G130/><T62/><D62/><U29/><E129/><V112/><F112/><W66/><G66/><T89/><D89/><U8/><E29/><V4/><F115/><W12/><G12/><T105/><D105/><U6/><E114/><V0/><F90/><W121/><G121/><T92/><D92/><N who="1" m="56327" /><E28/><V7/><F93/><W133/><G133/><T48/><D48/><U127/><E127/><V131/><F51/><W113/><G113/><T54/><AGARI ba="0,1" hai="20,23,52,53,54" m="39143,33291,59743" machi="54" ten="30,7900,0" yaku="8,1,52,2,54,1" doraHai="71,17" who="0" fromWho="0" sc="237,89,243,-39,243,-20,267,-20" /><INIT seed="2,0,0,0,4,135" ten="326,204,223,247" oya="2" hai0="92,72,62,34,30,0,31,87,27,66,54,90,117" hai1="36,99,80,18,100,98,86,110,42,131,73,32,1" hai2="53,28,112,84,6,108,118,95,109,103,126,101,111" hai3="81,21,12,74,79,11,25,37,97,115,129,119,13"/><V49/><F112/><W39/><G119/><T45/><D72/><U8/><E32/><V127/><F118/><W128/><G115/><T102/><D117/><U85/><E131/><N who="3" m="50250" /><G97/><T107/><D0/><U68/><E68/><V23/><F6/><N who="3" m="3191" /><G13/><T26/><D107/><U55/><E110/><V67/><F67/><W47/><G47/><T83/><D54/><U10/><E55/><V116/><F116/><W78/><G78/><T61/><D45/><N who="1" m="23751" /><E99/><N who="2" m="59647" /><F84/><W122/><G122/><T48/><D102/><U56/><E85/><V7/><F7/><W20/><G20/><T63/><D83/><U64/><E86/><V43/><F103/><W114/><G114/><T76/><D76/><N who="1" m="44047" /><E98/><V89/><F89/><W134/><G134/><T60/><D48/><U52/><E100/><V69/><F69/><W51/><G51/><T17/><D17/><AGARI ba="0,0" hai="17,21,25,37,39,74,79,81" m="3191,50250" machi="17" ten="30,1000,0" yaku="19,1" doraHai="135" who="3" fromWho="0" sc="326,-10,204,0,223,0,247,10" /><INIT seed="3,0,0,5,0,121" ten="316,204,223,257" oya="3" hai0="112,25,47,102,53,0,40,16,58,113,86,19,96" hai1="128,48,24,8,50,97,84,82,83,117,28,134,105" hai2="99,1,7,125,22,135,32,68,130,64,38,129,54" hai3="88,131,127,57,63,62,26,33,122,27,20,104,4"/><W23/><G122/><T91/><D0/><U3/><E134/><V34/><F38/><W110/><G104/><T78/><D78/><U2/><E128/><N who="2" m="49259" /><F54/><W120/><G120/><T14/><D25/><U46/><E117/><V69/><F99/><W56/><G131/><T71/><D71/><U85/><E105/><V49/><F49/><W119/><G119/><T31/><D31/><U92/><E8/><N who="2" m="2159" /><F125/><W101/><G101/><T29/><D29/><U103/><E84/><V51/><F51/><W89/><G33/><N who="2" m="12905" /><F64/><W124/><REACH who="3" step="1"/><G4/><REACH who="3" ten="316,204,223,247" step="2"/><T133/><D102/><U70/><E70/><V36/><F135/><W81/><G81/><T75/><D133/><U11/><E82/><V9/><F69/><W60/><G60/><N who="0" m="35919" /><D113/><U126/><E126/><V90/><F68/><W18/><G18/><T72/><D112/><U76/><E11/><V100/><F9/><W37/><G37/><N who="0" m="21903" /><D19/><U132/><E132/><V12/><F36/><W5/><G5/><T77/><D16/><U114/><E114/><V87/><F100/><W111/><AGARI ba="0,1" hai="20,23,26,27,56,57,62,63,88,89,110,111,124,127" machi="111" ten="25,18000,2" yaku="1,1,0,1,22,2,52,2,54,1,53,0" doraHai="121" doraHaiUra="6" who="3" fromWho="3" sc="316,-60,204,-60,223,-60,247,190" /><INIT seed="3,1,0,0,2,69" ten="256,144,163,437" oya="3" hai0="42,58,62,6,30,35,26,56,52,119,34,131,48" hai1="125,23,38,106,135,72,53,129,80,33,65,107,43" hai2="51,28,39,4,81,91,83,57,122,115,120,41,104" hai3="134,13,126,109,92,5,37,12,103,94,0,123,31"/><W98/><G123/><N who="2" m="47145" /><F104/><W19/><G134/><T73/><D119/><U113/><E33/><V74/><F115/><W17/><G126/><T22/><D73/><U100/><E113/><V105/><F105/><W110/><G31/><T133/><D133/><U96/><E125/><V40/><F4/><W16/><G94/><T55/><D131/><U3/><E135/><V87/><F28/><W118/><G118/><T78/><D78/><U63/><E129/><V61/><F51/><W8/><G37/><T101/><D101/><U95/><E3/><V18/><F18/><W71/><G71/><T25/><D25/><U9/><E9/><V7/><F7/><W88/><G103/><T45/><REACH who="0" step="1"/><D6/><REACH who="0" ten="246,144,163,437" step="2"/><U102/><E102/><V68/><F74/><W89/><G89/><T67/><D67/><U116/><E116/><V60/><F68/><W27/><G27/><T132/><D132/><U130/><E130/><V2/><F91/><W47/><G109/><T82/><D82/><U75/><E80/><V70/><F81/><W44/><G110/><T77/><D77/><U76/><E76/><V108/><F108/><W64/><G64/><T46/><D46/><N who="1" m="23927" /><E65/><V90/><F83/><W10/><G47/><T112/><D112/><U114/><E114/><V59/><F90/><W29/><G44/><T20/><D20/><U21/><E75/><V128/><F70/><W32/><G8/><T66/><D66/><U86/><E72/><V121/><F128/><W117/><G117/><T124/><D124/><U93/><E23/><V14/><F121/><W49/><G5/><T111/><D111/><RYUUKYOKU ba="1,1" sc="246,30,144,-10,163,-10,437,-10" hai0="22,26,30,34,35,42,45,48,52,55,56,58,62" /><INIT seed="4,2,1,4,5,49" ten="276,134,153,427" oya="0" hai0="92,15,41,23,102,99,116,91,71,96,42,26,64" hai1="11,81,60,61,77,22,89,18,134,35,88,4,47" hai2="113,44,110,105,55,130,127,48,106,129,24,123,33" hai3="131,5,34,117,101,121,21,29,3,115,120,109,95"/><T86/><D116/><U76/><E35/><V63/><F123/><N who="3" m="47179" /><G109/><T72/><D72/><U82/><E134/><V40/><F110/><W104/><G115/><T8/><D64/><U56/><E47/><V74/><F74/><W133/><G131/><N who="2" m="50185" /><F113/><W97/><G34/><T43/><D71/><U75/><E4/><V111/><F127/><W51/><G51/><T90/><D102/><U1/><E11/><V58/><F111/><W52/><G104/><N who="2" m="40041" /><F24/><N who="3" m="16527" /><G133/><T32/><D32/><AGARI ba="2,1" hai="32,33,40,44,48,55,58,63" m="40041,50185" machi="32" ten="30,2000,0" yaku="19,1,52,1" doraHai="49" who="2" fromWho="0" sc="276,-26,134,0,153,36,427,0" /><INIT seed="5,0,0,1,0,109" ten="250,134,189,427" oya="1" hai0="112,65,30,135,69,126,104,130,5,36,35,25,12" hai1="111,121,13,92,8,103,41,123,91,45,31,116,38" hai2="26,50,133,34,3,86,105,58,75,49,7,67,122" hai3="18,74,119,87,118,28,106,114,99,76,98,39,44"/><U131/><E116/><N who="3" m="44586" /><G114/><T43/><D112/><U80/><E111/><V100/><F75/><W23/><G28/><T29/><D126/><U96/><E31/><V117/><F117/><W83/><G74/><T94/><D30/><U124/><E131/><V64/><F122/><W95/><G106/><T129/><D135/><U63/><E124/><V33/><F86/><W71/><G71/><T21/><D104/><U0/><E0/><V14/><F14/><N who="3" m="9687" /><G95/><T82/><D94/><U19/><REACH who="1" step="1"/><E63/><REACH who="1" ten="250,124,189,427" step="2"/><V66/><F3/><W113/><G113/><T52/><D129/><U77/><E77/><V53/><F34/><W72/><G72/><T60/><D130/><U24/><E24/><V47/><F26/><W107/><G107/><T134/><D25/><U102/><E102/><V17/><F33/><W2/><G2/><T37/><D29/><U59/><E59/><V16/><F100/><W78/><G78/><T128/><D35/><U89/><E89/><V62/><F105/><W46/><G46/><T20/><D128/><U40/><E40/><AGARI ba="0,1" hai="39,40,44,76,83,87,98,99" m="9687,44586" machi="40" ten="30,1000,0" yaku="12,1" doraHai="109" who="3" fromWho="1" sc="250,0,124,-10,189,0,427,20" /><INIT seed="6,0,0,5,4,51" ten="250,114,189,447" oya="2" hai0="42,123,104,127,129,31,101,66,59,102,53,117,25" hai1="60,112,5,134,97,61,44,37,3,23,56,130,135" hai2="30,91,69,48,125,93,26,20,95,128,41,67,6" hai3="14,115,86,64,76,118,21,9,34,92,109,63,120"/><V52/><F125/><W79/><G34/><T50/><D123/><U111/><E111/><V29/><F6/><W81/><G109/><T10/><D127/><U80/><E112/><V74/><F74/><W116/><G120/><T121/><D121/><U68/><E130/><V119/><F128/><W1/><G1/><T85/><D129/><U19/><E68/><V105/><F105/><W114/><G21/><N who="0" m="15791" /><D104/><U126/><E126/><V46/><F119/><W8/><G92/><T99/><D117/><U122/><E122/><V89/><F67/><W43/><G43/><T82/><D99/><U40/><E80/><V4/><F4/><N who="3" m="3335" /><G9/><T32/><D32/><U13/><E3/><V12/><F12/><W98/><G98/><T16/><D66/><U78/><E5/><V133/><F133/><W72/><G72/><T33/><D42/><U75/><E97/><N who="2" m="57519" /><F69/><N who="3" m="42143" /><G76/><N who="0" m="46279" /><D33/><U108/><E108/><V88/><F91/><W83/><G118/><T11/><D11/><U84/><E75/><V0/><F0/><W132/><G132/><T58/><D58/><U94/><E78/><V77/><F77/><N who="3" m="46383" /><G116/><T36/><D36/><U107/><E107/><V2/><F2/><W55/><G79/><T110/><D110/><U28/><E28/><N who="2" m="17479" /><F41/><W22/><G115/><T18/><D10/><U15/><E13/><V113/><F113/><W65/><G114/><T47/><D102/><U124/><E124/><V106/><F106/><W131/><G131/><T73/><D101/><U62/><REACH who="1" step="1"/><E56/><REACH who="1" ten="250,104,189,447" step="2"/><V71/><F71/><W54/><G22/><T7/><D59/><U35/><E35/><V17/><F17/><RYUUKYOKU ba="0,1" sc="250,-15,104,15,189,15,447,-15" hai1="15,19,23,37,40,44,60,61,62,84,94,134,135" hai2="29,30,46,48,52,88,95" /><INIT seed="6,1,1,0,2,114" ten="235,119,204,432" oya="2" hai0="71,121,62,135,52,65,53,96,33,6,50,5,106" hai1="95,16,66,124,27,77,67,112,21,127,51,88,18" hai2="26,83,126,38,90,24,123,99,4,87,45,17,68" hai3="1,91,56,113,74,128,125,0,110,97,63,35,39"/><V134/><F68/><W23/><G110/><T40/><D121/><U120/><E120/><V49/><F123/><W19/><G35/><T57/><D33/><U105/><E105/><V94/><F38/><W69/><G69/><T8/><D135/><U10/><E77/><V43/><F126/><N who="1" m="48169" /><E112/><V44/><F134/><W46/><G74/><T131/><D131/><U98/><E51/><N who="2" m="27039" /><F4/><W70/><G70/><T37/><D53/><U31/><E10/><V20/><F26/><N who="3" m="14719" /><G113/><T48/><D48/><U29/><E18/><V25/><F25/><W58/><G58/><T60/><D60/><U119/><E119/><V117/><F117/><W3/><G125/><T89/><D8/><U30/><AGARI ba="1,1" hai="16,21,27,29,30,31,66,67,88,95,98" m="48169" machi="30" ten="30,4000,0" yaku="18,1,54,2" doraHai="114" who="1" fromWho="1" sc="235,-11,119,53,204,-21,432,-11" /><INIT seed="7,0,0,1,4,101" ten="224,172,183,421" oya="3" hai0="133,35,90,124,58,114,107,7,19,24,95,70,9" hai1="18,97,50,77,34,20,54,48,31,69,44,78,88" hai2="93,16,134,55,112,36,25,73,59,29,121,99,119" hai3="15,106,21,38,66,62,52,41,91,94,76,118,127"/><W85/><G52/><T128/><D70/><U83/><E69/><V47/><F73/><W11/><G106/><T98/><D107/><U96/><E34/><V129/><F119/><W87/><G21/><T81/><D124/><U33/><E33/><V12/><F112/><W104/><G104/><T74/><D114/><U72/><E31/><V132/><F121/><W51/><G38/><T63/><D133/><N who="2" m="51306" /><F129/><W3/><G3/><T65/><D128/><U13/><E78/><V28/><F47/><W32/><G76/><T84/><D74/><U120/><E120/><V103/><F36/><W6/><G32/><T110/><D110/><U126/><E126/><V27/><F29/><W105/><G118/><T0/><D35/><U64/><E64/><V10/><F28/><W57/><G66/><T125/><D125/><U45/><REACH who="1" step="1"/><E88/><REACH who="1" ten="224,162,183,421" step="2"/><V23/><F23/><W109/><G91/><T111/><D111/><U79/><E79/><V2/><F2/><W113/><G109/><T61/><D0/><U8/><E8/><V75/><F75/><W49/><G11/><T135/><D9/><U42/><AGARI ba="0,1" hai="13,18,20,42,44,45,48,50,54,72,77,83,96,97" machi="42" ten="20,5200,0" yaku="1,1,0,1,7,1,53,1" doraHai="101" doraHaiUra="37" who="1" fromWho="1" sc="224,-13,162,62,183,-13,421,-26" owari="211,-19.0,224,2.0,170,-33.0,395,50.0" /></mjloggm>