<mjloggm ver="2.3"><GO type="169" lobby="0"/><UN n0="%E3%82%86%E3%82%86" n1="%E3%83%A4%E3%82%AD%E3%83%B3" n2="%EF%BC%88%E2%89%A7%E2%96%BD%E2%89%A6%EF%BC%89" n3="%E3%81%82%E3%81%84%E3%81%82%E3%81%8A%E3%81%84" dan="16,17,19,16" rate="2091.01,2155.55,2282.26,2012.81" sx="M,M,M,M"/><TAIKYOKU oya="0"/><INIT seed="0,0,0,5,4,119" ten="250,250,250,250" oya="0" hai0="131,46,1,55,0,116,31,90,57,20,112,10,107" hai1="118,126,134,26,56,67,108,24,128,12,97,6,104" hai2="125,117,91,60,133,135,48,74,72,4,8,110,23" hai3="82,100,89,79,81,65,37,17,52,113,63,2,50"/><T22/><D116/><U58/><E118/><V129/><F117/><W15/><G2/><T27/><D112/><U73/><E73/><V62/><F110/><W38/><G100/><T106/><D131/><U44/><E104/><V64/><F125/><W92/><G113/><T87/><D46/><U122/><E97/><V3/><F129/><W36/><G79/><T85/><D10/><U39/><E128/><V94/><F48/><W21/><G63/><N who="2" m="24105" /><F23/><W115/><G65/><T93/><D22/><U98/><E67/><V42/><F42/><W120/><G115/><T83/><D1/><U99/><E12/><V86/><F64/><W47/><REACH who="3" step="1"/><G120/><REACH who="3" ten="250,250,250,240" step="2"/><T40/><D0/><U124/><E122/><V35/><F135/><W18/><G18/><T45/><D107/><U95/><E134/><V132/><F133/><W11/><G11/><T71/><D106/><U16/><E16/><V32/><F132/><W33/><G33/><T103/><D103/><U66/><E66/><V19/><F19/><W41/><G41/><T28/><D71/><U7/><E124/><V68/><F68/><W127/><G127/><T75/><D31/><U69/><E126/><V53/><F53/><W51/><G51/><T30/><D30/><U96/><E108/><V88/><F91/><W84/><AGARI ba="0,1" hai="15,17,21,36,37,38,47,50,52,81,82,84,89,92" machi="84" ten="30,7900,0" yaku="1,1,0,1,54,1,53,1" doraHai="119" doraHaiUra="9" who="3" fromWho="3" sc="250,-39,250,-20,250,-20,240,89" /><INIT seed="1,0,0,5,3,91" ten="211,230,230,329" oya="1" hai0="119,86,112,111,69,2,35,68,115,121,72,116,98" hai1="25,62,126,83,45,44,89,47,61,8,102,94,128" hai2="40,1,27,13,14,82,38,105,67,32,26,10,100" hai3="63,104,7,78,73,92,96,12,120,90,64,133,99"/><U52/><E126/><V57/><F1/><W125/><G120/><T84/><D35/><U48/><E128/><V95/><F105/><W106/><G125/><T11/><D72/><U21/><E8/><V30/><F27/><W33/><G33/><T80/><D2/><U114/><E102/><V127/><F127/><W42/><G42/><T50/><D11/><U87/><E114/><V107/><F107/><W23/><G133/><T34/><D34/><U129/><E129/><V76/><F40/><W74/><G78/><T75/><D75/><U18/><E83/><V6/><F38/><W22/><G7/><T135/><D135/><U65/><REACH who="1" step="1"/><E62/><REACH who="1" ten="211,220,230,329" step="2"/><V41/><F10/><W88/><G63/><T134/><D134/><U46/><E46/><V103/><F100/><W43/><G104/><T37/><D80/><U108/><E108/><V58/><F103/><W56/><G106/><T31/><D111/><U110/><E110/><V5/><F82/><W20/><G12/><T19/><D115/><U54/><E54/><V93/><F13/><W77/><G43/><T39/><D112/><U9/><E9/><V122/><F14/><W79/><G64/><T85/><D119/><U71/><AGARI ba="0,1" hai="18,21,25,44,45,47,48,52,61,65,71,87,89,94" machi="71" ten="20,12000,1" yaku="1,1,0,1,7,1,52,1,54,1,53,0" doraHai="91" doraHaiUra="113" who="1" fromWho="1" sc="211,-40,220,130,230,-40,329,-40" /><INIT seed="1,1,0,2,2,80" ten="171,350,190,289" oya="1" hai0="38,22,70,130,128,35,111,21,0,84,56,76,53" hai1="72,20,93,95,43,131,51,15,98,117,41,54,78" hai2="71,135,109,108,4,16,49,39,60,124,61,19,100" hai3="81,14,126,7,110,57,86,68,50,66,42,92,88"/><U73/><E117/><V67/><F39/><W94/><G110/><N who="2" m="42601" /><F135/><W1/><G1/><T116/><D116/><U5/><E131/><V2/><F124/><W48/><G126/><T123/><D111/><U23/><E73/><V105/><F61/><N who="3" m="38191" /><G68/><T24/><D38/><U29/><E72/><V34/><F34/><W44/><G48/><T132/><D0/><U36/><E36/><V97/><F49/><W25/><G25/><T119/><D119/><U62/><E62/><V113/><F113/><W120/><G120/><T87/><D76/><U6/><E78/><V40/><F40/><W134/><G134/><T107/><D107/><U26/><E95/><V127/><F127/><W114/><G114/><T33/><D70/><U121/><E121/><V30/><F30/><W27/><G27/><T74/><D74/><U69/><E69/><V103/><F100/><W91/><G91/><T82/><D123/><U125/><E125/><V89/><F89/><W12/><G12/><T96/><D132/><U32/><E43/><V31/><F31/><W55/><G42/><T90/><D35/><U8/><E41/><V47/><F47/><W133/><G133/><T11/><D33/><U99/><E32/><V59/><F71/><W83/><G83/><T64/><D130/><U58/><E93/><V118/><F118/><W10/><AGARI ba="1,0" hai="7,10,14,44,50,55,81,86,88,92,94" m="38191" machi="10" ten="30,4000,0" yaku="8,1,52,1,54,1" doraHai="80" who="3" fromWho="3" sc="171,-11,350,-21,190,-11,289,43" /><INIT seed="2,0,0,2,5,121" ten="160,329,179,332" oya="2" hai0="40,111,120,16,24,12,61,22,6,115,2,11,101" hai1="134,49,60,71,39,131,30,58,14,7,38,98,127" hai2="5,75,92,87,104,21,78,83,129,95,67,27,34" hai3="108,128,97,73,63,76,132,91,56,55,130,32,84"/><V81/><F104/><W65/><G32/><T110/><D120/><U28/><E71/><V46/><F129/><N who="3" m="49771" /><G97/><T105/><D115/><U93/><E131/><V117/><F117/><W37/><G37/><T43/><D61/><U20/><E49/><V123/><F123/><W74/><G76/><T109/><D101/><U59/><E127/><V77/><F34/><W48/><G132/><T29/><D105/><U118/><E118/><V33/><F33/><AGARI ba="0,0" hai="2,6,11,12,16,22,24,29,33,40,43,109,110,111" machi="33" ten="40,12000,2" yaku="24,2,14,1,52,3,54,1" doraHai="121" who="0" fromWho="2" sc="160,120,329,0,179,-120,332,0" /><INIT seed="3,0,0,5,1,101" ten="280,329,59,332" oya="3" hai0="41,36,93,58,104,42,94,126,76,106,107,26,7" hai1="2,8,132,38,130,134,50,78,13,1,64,30,75" hai2="61,48,55,103,116,62,127,66,43,60,53,68,98" hai3="51,5,33,77,6,84,29,18,102,83,12,73,70"/><W85/><G70/><T97/><D76/><U100/><E38/><V0/><F0/><W86/><G102/><T120/><D120/><U4/><E64/><V131/><F116/><W37/><G37/><T15/><D36/><U11/><E100/><V128/><F127/><W49/><G29/><T17/><D126/><U115/><E115/><V46/><F98/><W112/><G33/><T135/><D7/><U88/><E78/><V113/><F103/><W133/><G112/><T89/><D26/><U91/><E75/><V121/><F121/><W21/><G133/><N who="1" m="51306" /><E130/><N who="2" m="49707" /><F113/><W24/><REACH who="3" step="1"/><G5/><REACH who="3" ten="280,329,59,322" step="2"/><T20/><D135/><U108/><E30/><V111/><F111/><W23/><G23/><T9/><D20/><U63/><E4/><V117/><F117/><W80/><G80/><T59/><REACH who="0" step="1"/><D93/><REACH who="0" ten="270,329,59,322" step="2"/><U82/><E108/><V124/><F124/><W45/><G45/><T39/><D39/><U56/><E82/><V27/><F27/><W71/><G71/><T110/><D110/><U96/><E11/><AGARI ba="0,2" hai="6,11,12,18,21,24,49,51,73,77,83,84,85,86" machi="11" ten="40,3900,0" yaku="1,1,53,1" doraHai="101" doraHaiUra="19" who="3" fromWho="1" sc="270,0,329,-39,59,0,322,59" /><INIT seed="3,1,0,5,3,10" ten="270,290,59,381" oya="3" hai0="77,57,101,64,81,61,109,0,15,78,43,85,23" hai1="133,22,19,120,99,122,102,6,129,17,73,131,86" hai2="89,100,48,107,76,130,8,11,69,114,90,119,52" hai3="124,12,112,39,27,63,104,72,118,9,75,53,13"/><W113/><G104/><T41/><D0/><U30/><E73/><V93/><F119/><W31/><G118/><T134/><D109/><U51/><E133/><V47/><F114/><W117/><G117/><T18/><D134/><U49/><E86/><V80/><F130/><N who="1" m="49673" /><E6/><V24/><F69/><W4/><G39/><T103/><D78/><U59/><E30/><V58/><F107/><W123/><G72/><T45/><REACH who="0" step="1"/><D43/><REACH who="0" ten="260,290,59,381" step="2"/><U20/><E120/><V97/><F24/><W111/><G123/><T70/><D70/><U127/><E122/><V28/><F28/><W135/><G27/><T40/><D40/><U37/><E127/><V16/><F47/><W106/><G31/><T126/><D126/><U82/><E59/><V87/><REACH who="2" step="1"/><F8/><REACH who="2" ten="260,290,49,381" step="2"/><W68/><G9/><T14/><D14/><AGARI ba="1,2" hai="11,14,16,48,52,58,76,80,87,89,90,93,97,100" machi="14" ten="40,12000,2" yaku="1,1,2,1,8,1,52,1,54,2,53,0" doraHai="10" doraHaiUra="108" who="2" fromWho="0" sc="260,-123,290,0,49,143,381,0" /><INIT seed="4,0,0,4,2,70" ten="137,290,192,381" oya="0" hai0="118,58,81,59,129,30,130,18,19,123,56,112,99" hai1="32,91,40,9,23,82,0,51,69,49,114,36,73" hai2="98,102,48,25,110,37,1,124,133,64,122,95,96" hai3="87,85,74,45,12,14,111,89,38,76,93,83,26"/><T50/><D123/><U90/><E32/><V17/><F1/><W97/><G111/><T34/><D118/><U92/><E69/><V103/><F122/><W67/><G67/><T60/><D112/><U106/><E106/><V109/><F37/><W127/><G127/><T116/><D116/><U78/><E23/><V80/><F124/><W53/><G26/><T13/><D81/><U31/><E31/><V15/><F133/><W6/><G6/><T29/><D99/><U11/><E11/><V44/><F64/><W66/><G66/><T131/><D50/><U8/><E8/><V3/><F3/><W5/><G5/><T52/><D19/><U62/><E62/><V79/><F25/><W16/><G12/><T61/><D34/><U121/><E121/><V113/><F113/><W41/><G53/><N who="0" m="33807" /><D59/><U55/><E114/><V120/><F120/><W107/><G107/><T2/><D2/><U33/><E33/><V117/><F117/><W108/><G108/><T132/><D132/><U43/><E43/><V28/><F28/><W119/><G119/><T65/><D65/><U75/><E75/><N who="2" m="43135" /><F17/><W47/><G45/><T94/><D94/><U54/><E54/><N who="2" m="29959" /><F15/><W100/><G100/><T57/><D58/><N who="1" m="33135" /><E51/><V86/><F110/><W39/><G39/><T46/><D46/><N who="1" m="23815" /><E92/><N who="2" m="58631" /><F109/><W21/><AGARI ba="0,0" hai="14,16,21,38,41,47,74,76,83,85,87,89,93,97" machi="21" ten="20,5200,0" yaku="0,1,7,1,52,1,54,1" doraHai="70" who="3" fromWho="3" sc="137,-26,290,-13,192,-13,381,52" /><INIT seed="5,0,0,3,0,13" ten="111,277,179,433" oya="1" hai0="54,91,30,37,1,106,118,9,4,86,123,122,93" hai1="49,102,71,130,66,84,17,58,20,32,132,7,15" hai2="42,98,25,113,74,45,27,79,24,41,26,51,115" hai3="124,133,127,97,40,117,16,83,34,103,65,14,50"/><U36/><E36/><V18/><F98/><W78/><G34/><T108/><D118/><U87/><E32/><V46/><F79/><W72/><G65/><T70/><D108/><U85/><E132/><V109/><F74/><W135/><G117/><T95/><D106/><U10/><E130/><V28/><F109/><W59/><G59/><T63/><D37/><U101/><E71/><V43/><F18/><W60/><G60/><T61/><D30/><U92/><E92/><V131/><F131/><W126/><G40/><T11/><D11/><U119/><E119/><V2/><F2/><W67/><G67/><T52/><D70/><U48/><E66/><V69/><F69/><W96/><G50/><N who="1" m="19562" /><E58/><V134/><F134/><N who="3" m="51211" /><G103/><T129/><D129/><U3/><E3/><V57/><F57/><W38/><G38/><T128/><D128/><U82/><E82/><V112/><F51/><W76/><G78/><T116/><D116/><U35/><E35/><AGARI ba="0,0" hai="24,25,26,27,28,35,41,42,43,45,46,112,113,115" machi="35" ten="50,8000,1" yaku="29,2,15,1,11,1" doraHai="13" who="2" fromWho="1" sc="111,0,277,-80,179,80,433,0" /><INIT seed="6,0,0,2,1,9" ten="111,197,259,433" oya="2" hai0="11,55,26,45,130,66,28,39,82,91,126,16,10" hai1="44,112,40,53,87,24,123,71,52,76,22,59,18" hai2="54,62,29,120,95,48,19,94,20,64,33,124,117" hai3="105,60,15,122,101,98,35,5,4,86,111,31,90"/><V107/><F107/><W17/><G111/><T61/><D130/><U47/><E71/><V56/><F120/><W114/><G122/><T93/><D126/><U63/><E123/><V73/><F73/><W32/><G114/><T99/><D82/><N who="1" m="47559" /><E112/><V80/><F80/><W36/><G36/><T13/><D39/><U14/><E40/><V41/><F117/><W106/><G106/><T134/><D134/><U118/><E118/><V42/><F124/><W78/><G78/><T58/><D45/><N who="1" m="17483" /><E24/><V46/><F33/><W127/><G127/><T89/><D66/><AGARI ba="0,0" hai="14,18,22,52,53,59,63,66" m="17483,47559" machi="66" ten="30,3900,0" yaku="8,1,52,1,54,1" doraHai="9" who="1" fromWho="0" sc="111,-39,197,39,259,0,433,0" /><INIT seed="7,0,0,4,3,8" ten="72,236,259,433" oya="3" hai0="51,88,77,75,100,72,23,69,98,56,80,104,31" hai1="48,5,87,54,41,52,122,28,85,111,83,91,27" hai2="19,16,133,36,44,24,39,76,94,4,57,25,64" hai3="84,0,1,20,9,114,3,38,90,42,74,49,81"/><W78/><G114/><T17/><D69/><U55/><E111/><V121/><F121/><W22/><G38/><T101/><D31/><U93/><E122/><V45/><F133/><W73/><G73/><T29/><D29/><U62/><E5/><V135/><F135/><W10/><G10/><T89/><D56/><U61/><E41/><V21/><F76/><W97/><G97/><T99/><D51/><U71/><E48/><V12/><F39/><W53/><G42/><T108/><D17/><U82/><E71/><V132/><F36/><W116/><G116/><T125/><D23/><N who="1" m="15487" /><E83/><V110/><F132/><W67/><G67/><T134/><D134/><U58/><E58/><V37/><F110/><W92/><REACH who="3" step="1"/><G9/><REACH who="3" ten="72,236,259,423" step="2"/><T50/><D108/><U96/><E87/><V34/><F37/><W32/><G32/><T95/><D50/><U18/><E18/><V60/><F34/><W65/><G65/><T131/><D125/><U6/><E6/><V26/><F4/><W113/><G113/><T102/><D131/><U14/><E14/><V35/><F35/><W15/><G15/><T40/><D40/><U86/><E86/><V105/><F19/><W115/><G115/><T79/><D102/><AGARI ba="0,1" hai="52,54,55,61,62,82,85,91,93,96,102" m="15487" machi="102" ten="30,2000,0" yaku="8,1,54,1" doraHai="8" who="1" fromWho="0" sc="72,-20,236,30,259,0,423,0" owari="52,-45.0,266,7.0,259,-14.0,423,52.0" /></mjloggm>