<mjloggm ver="2.3"><GO type="193"/><UN n0="%6E%69%6B%6F%6E%69%6B%6F" n1="%EF%BC%88%E2%89%A7%E2%96%BD%E2%89%A6%EF%BC%89" n2="%73%65%74%61" n3="%E2%98%86%E2%98%85%E2%98%86%E2%98%85" dan="12,11,11,12" rate="1650,1888,1534,1711" sx="M,M,M,M"/><TAIKYOKU oya="0"/><INIT seed="0,0,0,5,4,9" ten="250,250,250,250" oya="0" hai0="135,26,59,6,103,65,24,101,35,120,51,74,127" hai1="102,13,25,109,30,7,50,67,39,86,41,107,73" hai2="126,37,131,98,117,96,118,104,66,132,54,100,23" hai3="76,49,31,55,75,16,22,79,85,97,111,108,47"/><T91/><D74/><U119/><E73/><V60/><F37/><W44/><G31/><T123/><D127/><U14/><E119/><N who="2" m="45579" /><F96/><W17/><G75/><T10/><D135/><U71/><E109/><N who="3" m="42058" /><G97/><T57/><D35/><N who="1" m="20943" /><E39/><V105/><F54/><W95/><G44/><T63/><D51/><U106/><E106/><N who="2" m="63767" /><F23/><W115/><G115/><T128/><D128/><U61/><E7/><V110/><F110/><W92/><G17/><T48/><D91/><U116/><E116/><V45/><F45/><W3/><G3/><T99/><D48/><U78/><E50/><V130/><F126/><W43/><G43/><T40/><D40/><U69/><E41/><V1/><F132/><W88/><G95/><T113/><D113/><U20/><E20/><V56/><F1/><W53/><G53/><T12/><D57/><U77/><E71/><N who="2" m="42439" /><F104/><W21/><G21/><T34/><D34/><U2/><E2/><V4/><F105/><W42/><G42/><T62/><D63/><U114/><E114/><V15/><F56/><W11/><G11/><AGARI ba="0,0" hai="4,11,15,130,131" m="42439,63767,45579" machi="11" ten="30,2000,0" yaku="12,1,52,1" doraHai="9" who="2" fromWho="3" sc="250,0,250,0,250,20,250,-20" /><INIT seed="1,0,0,1,2,27" ten="250,250,270,230" oya="1" hai0="134,75,55,91,97,85,129,2,49,108,77,112,7" hai1="76,111,29,44,35,116,88,3,40,52,6,86,132" hai2="87,128,20,98,30,53,23,123,38,110,39,122,41" hai3="26,12,62,24,50,120,16,104,124,17,109,66,94"/><U92/><E116/><V78/><F110/><W4/><G104/><T118/><D7/><U22/><E111/><V64/><F128/><W11/><G109/><T101/><D2/><U60/><E132/><V31/><F53/><W119/><G119/><T74/><D108/><U42/><E35/><V67/><F41/><N who="1" m="15977" /><E3/><V102/><F98/><W82/><G124/><T28/><D118/><U68/><E6/><V61/><F61/><W133/><G120/><T113/><D129/><U131/><E68/><V83/><F102/><W46/><G133/><T33/><D134/><U99/><E131/><V106/><F87/><W14/><G94/><T100/><D101/><U1/><E1/><V121/><F106/><W37/><G37/><N who="2" m="13833" /><F78/><W135/><G135/><T36/><D36/><U21/><E29/><N who="2" m="10763" /><F83/><W58/><G82/><T79/><D77/><U73/><E73/><V69/><F69/><W57/><G57/><T34/><D79/><U95/><E76/><V54/><F54/><W107/><G107/><T71/><D71/><U105/><E105/><V117/><F117/><W126/><G126/><T93/><D33/><U13/><E60/><V115/><F115/><W65/><G65/><AGARI ba="0,0" hai="20,23,64,65,67,121,122,123" m="10763,13833" machi="65" ten="40,8000,1" yaku="28,2,52,3" doraHai="27" who="2" fromWho="3" sc="250,0,250,0,270,80,230,-80" /><INIT seed="2,0,0,2,5,72" ten="250,250,350,150" oya="2" hai0="16,12,27,29,113,3,64,45,124,129,117,70,76" hai1="92,6,55,93,123,130,122,15,49,65,73,127,106" hai2="67,28,134,95,50,63,38,77,126,60,57,83,56" hai3="7,116,37,132,107,9,42,74,135,58,87,80,99"/><V119/><F119/><W30/><G116/><T110/><D117/><U68/><E106/><V33/><F134/><W62/><G74/><T40/><D113/><U112/><E112/><V96/><F126/><W2/><G30/><T36/><D124/><U0/><E127/><V78/><F38/><W115/><G115/><T111/><D129/><U71/><E130/><V103/><F83/><W18/><G107/><T4/><D12/><U91/><E0/><V90/><F50/><W22/><G99/><T81/><D16/><U128/><E128/><V133/><F133/><N who="3" m="51275" /><G37/><T104/><D104/><U1/><E1/><V79/><F33/><W102/><G42/><T85/><D64/><U41/><E73/><V19/><F28/><W10/><G102/><T20/><D70/><N who="1" m="26667" /><E41/><V69/><F69/><W43/><G43/><T97/><D97/><U75/><E75/><V52/><REACH who="2" step="1"/><F19/><REACH who="2" step="2"/><W46/><G7/><T86/><D4/><U105/><E6/><V121/><F121/><W54/><G46/><T82/><REACH who="0" step="1"/><D3/><REACH who="0" step="2"/><U8/><E123/><V53/><F53/><W100/><G2/><T120/><D120/><U66/><E122/><V109/><F109/><W89/><G54/><T48/><D48/><U125/><E55/><V51/><F51/><W26/><G62/><T39/><D39/><U61/><E49/><V114/><F114/><W17/><G17/><T131/><D131/><U13/><E125/><V25/><F25/><W24/><G24/><T31/><D31/><U32/><E61/><V14/><F14/><W44/><G26/><T88/><AGARI ba="0,2" hai="20,27,29,36,40,45,76,81,82,85,86,88,110,111" machi="88" ten="30,7900,0" yaku="1,1,0,1,52,1,54,1,53,0" doraHai="72" doraHaiUra="118" who="0" fromWho="0" sc="240,99,250,-20,340,-39,150,-20" /><INIT seed="3,0,0,0,2,7" ten="339,230,301,130" oya="3" hai0="47,38,12,35,21,51,88,97,86,87,75,33,90" hai1="16,122,92,124,25,132,74,46,22,32,130,109,62" hai2="15,59,114,77,127,83,39,106,40,108,2,30,66" hai3="118,96,89,71,111,4,31,81,104,36,115,113,79"/><W94/><G118/><T34/><D75/><U133/><E122/><V68/><F2/><W93/><G71/><T45/><D38/><U98/><E74/><V6/><F114/><N who="3" m="43531" /><G36/><T78/><D78/><U37/><E109/><V129/><F106/><W120/><G31/><T44/><D97/><U123/><E123/><V67/><F108/><W99/><G4/><T58/><D12/><U56/><E32/><V19/><F127/><W60/><G60/><T105/><D105/><U64/><E124/><V73/><F129/><W70/><G70/><T3/><D21/><U107/><E107/><V18/><F30/><W101/><G111/><T69/><D69/><U100/><REACH who="1" step="1"/><E130/><REACH who="1" step="2"/><V121/><F121/><W112/><N who="3" m="43539" /><W103/><DORA hai="135" /><G120/><T80/><D3/><U54/><E54/><V52/><F67/><W134/><G134/><T82/><D58/><U76/><E76/><V55/><F55/><AGARI ba="0,1" hai="33,34,35,44,45,47,51,55,80,82,86,87,88,90" machi="55" ten="40,2600,0" yaku="9,1,54,1" doraHai="7,135" who="0" fromWho="2" sc="339,36,220,0,301,-26,130,0" owari="375,47,220,-18,275,8,130,-37" /></mjloggm>