<mjloggm ver="2.3"><GO type="41"/><UN n0="%77%61%68%61%40" n1="%E3%82%82%E3%81%88%E3%81%A3%E3%81%8F%E3%81%99" n2="%E3%82%A6%E3%83%AB%E3%83%88%E3%83%A9%E7%AB%8B%E7%9B%B4" n3="%56%61%6C%6B%79%72%6A%61" dan="13,15,15,13" rate="1949,2028,1938,1835" sx="M,M,M,F"/><TAIKYOKU oya="0"/><INIT seed="0,0,0,0,4,100" ten="250,250,250,250" oya="0" hai0="111,32,16,28,135,87,117,48,56,49,105,43,1" hai1="61,57,37,24,64,3,78,123,22,30,107,82,69" hai2="133,35,34,88,15,126,47,2,121,102,112,59,36" hai3="41,108,67,104,23,95,97,25,130,98,125,96,73"/><T116/><D1/><U106/><E123/><V115/><F59/><W39/><G73/><T46/><D135/><U66/><E66/><V52/><F102/><W44/><G108/><T7/><D7/><U124/><E124/><V92/><F47/><W122/><G125/><T9/><D111/><U110/><E110/><V83/><F92/><W84/><G130/><T33/><D33/><N who="1" m="20679" /><E57/><V132/><F83/><W31/><G67/><T119/><D105/><N who="1" m="39947" /><E22/><V60/><F15/><W29/><G122/><T128/><D128/><U103/><E103/><V134/><F134/><W53/><G53/><T8/><D16/><U91/><E91/><V19/><F19/><W75/><G75/><T50/><D87/><U40/><E3/><V109/><F88/><W113/><G104/><T127/><D127/><U101/><E101/><V10/><F126/><W12/><G31/><T93/><D93/><U42/><E42/><V58/><F121/><W21/><G84/><T5/><D56/><U70/><E40/><V120/><F58/><W20/><G95/><T81/><D81/><U0/><E0/><V74/><F2/><W68/><G68/><T26/><REACH who="0" step="1"/><D5/><REACH who="0" ten="240,250,250,250" step="2"/><U17/><E17/><V79/><F120/><W55/><G29/><T65/><D65/><U80/><E80/><V13/><F132/><W89/><G98/><T4/><D4/><U54/><E54/><V94/><F133/><W14/><G55/><T114/><D114/><U18/><E18/><V45/><F115/><W77/><G113/><T86/><D86/><N who="1" m="48471" /><E70/><V90/><F109/><W6/><G6/><T63/><D63/><RYUUKYOKU ba="0,1" sc="240,15,250,15,250,-15,250,-15" hai0="8,9,26,28,32,43,46,48,49,50,116,117,119" hai1="37,61,64,69" /><INIT seed="0,1,1,5,0,30" ten="255,265,235,235" oya="0" hai0="37,70,84,33,59,21,87,0,118,54,14,89,60" hai1="32,133,127,82,65,104,88,56,131,8,10,23,2" hai2="42,19,85,119,50,18,17,49,108,135,116,7,53" hai3="29,93,40,78,20,98,107,109,66,55,64,100,102"/><T41/><D0/><U75/><E104/><V101/><F7/><W123/><G109/><T90/><D118/><N who="2" m="45098" /><F108/><W71/><G78/><T26/><D70/><U62/><E2/><V106/><F101/><W69/><G40/><T99/><D14/><U110/><E110/><V72/><F72/><W34/><G20/><T39/><D41/><U61/><E133/><V1/><F106/><W130/><G130/><T105/><D105/><U28/><E131/><V86/><F1/><W6/><G6/><T35/><D37/><U94/><E127/><V3/><F3/><W121/><G55/><T16/><D39/><U91/><E23/><V112/><F112/><W74/><G74/><T52/><D54/><U4/><E62/><V51/><F42/><W97/><G64/><T129/><D129/><U125/><E125/><V43/><F43/><W134/><G134/><T58/><D58/><U47/><E47/><V24/><F135/><W44/><G44/><T92/><D84/><N who="2" m="32362" /><F53/><W126/><G126/><T76/><D76/><N who="1" m="44319" /><E4/><V81/><F24/><N who="3" m="18727" /><G71/><T128/><D128/><U115/><E115/><V11/><F81/><AGARI ba="1,1" hai="16,21,26,33,35,52,59,60,81,87,89,90,92,99" machi="81" ten="30,18000,2" yaku="7,1,25,2,52,2,54,2" doraHai="30" who="0" fromWho="2" sc="255,193,265,0,235,-183,235,0" /><INIT seed="0,2,0,5,3,19" ten="448,265,52,235" oya="0" hai0="66,18,112,128,46,37,4,64,41,85,104,81,54" hai1="5,50,132,91,131,130,16,30,8,82,65,26,113" hai2="117,108,10,125,45,39,119,35,135,98,88,56,9" hai3="95,13,118,11,86,114,42,68,34,75,7,70,23"/><T49/><D104/><U24/><E65/><V63/><F35/><W52/><G75/><T96/><D112/><U93/><E82/><V43/><F125/><W123/><G34/><T51/><D128/><U120/><E50/><V83/><F108/><W122/><G114/><T90/><D96/><U53/><E53/><V6/><F135/><W87/><G42/><T110/><D110/><U109/><E113/><V67/><F9/><W124/><G124/><T73/><D73/><U44/><E44/><V97/><F83/><W101/><G118/><T33/><D33/><U47/><E47/><V25/><F25/><W48/><G87/><T79/><D90/><U126/><E91/><V61/><F61/><W105/><G105/><T71/><D51/><U12/><E93/><V76/><F76/><W84/><G84/><T21/><D4/><U133/><E126/><V92/><REACH who="2" step="1"/><F98/><REACH who="2" ten="448,265,42,235" step="2"/><W121/><G121/><T40/><D71/><U57/><E109/><V58/><F58/><W31/><G123/><T74/><D74/><U28/><E57/><V100/><F100/><W27/><G122/><T3/><D37/><U69/><E69/><V72/><F72/><W115/><G115/><T0/><D66/><U36/><E36/><V94/><F94/><W60/><G60/><T99/><D99/><U89/><E89/><V107/><F107/><W22/><G101/><T14/><D64/><U29/><E120/><V59/><F59/><N who="3" m="33159" /><G95/><T62/><D62/><U106/><E106/><V111/><F111/><W77/><G77/><T2/><AGARI ba="2,1" hai="0,2,3,14,18,21,40,41,46,49,54,79,81,85" machi="2" ten="30,3000,0" yaku="0,1,52,1" doraHai="19" who="0" fromWho="0" sc="448,46,265,-12,42,-12,235,-12" /><INIT seed="0,3,0,3,4,116" ten="494,253,30,223" oya="0" hai0="58,28,45,74,10,124,126,100,77,35,37,118,64" hai1="75,15,70,134,86,97,84,88,107,40,112,104,123" hai2="33,117,93,96,80,65,29,76,92,95,81,83,131" hai3="56,94,133,6,132,8,122,43,30,16,20,51,1"/><T18/><D118/><U13/><E70/><V24/><F65/><W3/><G3/><T69/><D18/><U66/><E66/><V54/><F54/><W119/><G119/><T113/><D10/><U127/><E40/><V5/><F5/><W61/><G30/><T31/><D58/><U72/><E15/><V106/><F24/><W130/><G130/><T63/><D113/><U34/><E34/><V19/><F29/><W44/><G94/><N who="2" m="36457" /><F19/><W17/><G122/><T57/><D57/><U41/><E41/><V91/><F33/><W68/><G68/><T36/><D28/><U11/><E13/><V82/><F117/><W129/><G129/><T49/><D49/><U85/><E11/><V102/><F131/><W14/><REACH who="3" step="1"/><G17/><REACH who="3" ten="494,253,30,213" step="2"/><T59/><D69/><U9/><E123/><V71/><F71/><W67/><AGARI ba="3,1" hai="1,6,8,14,16,20,43,44,51,56,61,67,132,133" machi="67" ten="30,8000,1" yaku="1,1,2,1,0,1,54,1,53,1" doraHai="116" doraHaiUra="12" who="3" fromWho="3" sc="494,-43,253,-23,30,-23,213,99" /><INIT seed="1,0,0,0,5,44" ten="451,230,7,312" oya="1" hai0="50,46,88,125,8,6,98,14,19,121,10,38,86" hai1="74,72,62,0,130,13,66,41,7,95,52,65,26" hai2="77,48,16,107,57,45,58,92,70,36,64,100,17" hai3="132,25,134,37,28,12,63,99,27,96,97,80,85"/><U42/><E0/><V93/><F107/><W69/><G37/><T33/><D33/><U22/><E130/><V54/><F77/><W49/><G12/><N who="0" m="5143" /><D38/><U43/><E74/><V101/><F70/><W118/><G118/><T109/><D109/><U60/><E72/><V84/><F36/><W30/><G69/><T116/><D116/><U55/><E95/><N who="2" m="36427" /><F84/><W94/><G94/><N who="0" m="56647" /><D125/><U102/><E102/><N who="2" m="39531" /><F58/><W78/><G63/><AGARI ba="0,0" hai="16,17,45,48,54,57,63,64" m="39531,36427" machi="63" ten="30,3900,0" yaku="8,1,52,1,54,1" doraHai="44" who="2" fromWho="3" sc="451,0,230,0,7,39,312,-39" /><INIT seed="2,0,0,2,4,8" ten="451,230,46,273" oya="2" hai0="128,59,0,11,97,104,35,77,26,52,23,39,4" hai1="53,7,78,47,125,99,29,106,21,111,91,34,43" hai2="12,79,131,36,101,42,14,93,92,73,76,50,116" hai3="84,44,102,113,90,132,71,109,49,17,28,60,114"/><V98/><F36/><W123/><G123/><T63/><D39/><U127/><E34/><V22/><F116/><W108/><G102/><T88/><D128/><U70/><E70/><V75/><F131/><W40/><G28/><T30/><D77/><N who="2" m="29770" /><F75/><W105/><G105/><T124/><D124/><N who="1" m="47691" /><E78/><V118/><F73/><W56/><G17/><T100/><REACH who="0" step="1"/><D88/><REACH who="0" ten="441,230,46,273" step="2"/><U133/><E133/><V95/><F118/><W3/><G132/><T6/><D6/><U80/><E111/><N who="3" m="42570" /><G3/><T9/><D9/><U121/><E7/><V16/><F98/><W94/><G71/><T120/><D120/><U61/><E121/><V48/><F101/><W130/><G130/><T115/><D115/><U86/><E99/><V129/><F129/><W41/><G114/><T25/><D25/><N who="1" m="16559" /><E106/><V119/><F119/><W82/><G113/><T5/><D5/><U103/><E103/><V66/><F66/><N who="3" m="39175" /><G40/><T46/><D46/><U89/><E89/><V32/><F32/><AGARI ba="0,1" hai="0,4,11,23,26,30,32,35,52,59,63,97,100,104" machi="32" ten="40,2600,0" yaku="1,1,54,1,53,0" doraHai="8" doraHaiUra="72" who="0" fromWho="2" sc="441,36,230,0,46,-26,273,0" /><INIT seed="3,0,0,4,0,81" ten="477,230,20,273" oya="3" hai0="105,115,120,82,56,112,114,64,22,76,60,77,48" hai1="130,62,119,45,111,38,88,31,87,0,12,26,17" hai2="78,25,21,91,37,54,44,6,5,125,23,134,116" hai3="34,80,29,99,13,68,70,28,51,135,103,49,127"/><W132/><G13/><T117/><D105/><U121/><E121/><V75/><F116/><W93/><G127/><T1/><D1/><U72/><E72/><V97/><F125/><W113/><G113/><T129/><D117/><U106/><E106/><V50/><F134/><N who="3" m="51243" /><G80/><T102/><D120/><U2/><E119/><V16/><F37/><W109/><G34/><T27/><D129/><U79/><E79/><V11/><F78/><W122/><G122/><T40/><D102/><U123/><E123/><V100/><F75/><W14/><G14/><T46/><REACH who="0" step="1"/><D82/><REACH who="0" ten="467,230,20,273" step="2"/><U94/><E130/><V4/><F100/><W3/><G3/><T74/><D74/><U58/><E111/><V90/><F97/><W9/><G109/><T24/><D24/><U89/><E26/><V8/><REACH who="2" step="1"/><F21/><REACH who="2" ten="467,230,10,273" step="2"/><W98/><G99/><T128/><D128/><U85/><E0/><V20/><F20/><W42/><G103/><T63/><D63/><U41/><E2/><V53/><F53/><W131/><G131/><T66/><D66/><U83/><E31/><AGARI ba="0,2" hai="22,27,31,40,46,48,56,60,64,76,77,112,114,115" machi="31" ten="40,2600,0" yaku="1,1,11,1,53,0" doraHai="81" doraHaiUra="71" who="0" fromWho="1" sc="467,46,230,-26,10,0,273,0" /><INIT seed="4,0,0,1,0,36" ten="513,204,10,273" oya="0" hai0="117,46,74,84,37,71,106,2,14,11,61,19,35" hai1="31,40,124,39,105,93,111,109,90,112,44,10,99" hai2="81,127,41,94,18,126,62,103,123,135,77,104,82" hai3="100,15,34,58,43,12,89,42,133,32,88,97,72"/><T29/><D106/><U52/><E105/><V122/><F62/><W115/><G72/><T56/><D71/><U113/><E31/><V33/><F18/><W86/><G115/><N who="1" m="44106" /><E10/><V80/><F33/><W27/><G58/><T76/><D117/><U50/><E124/><N who="2" m="47659" /><F104/><W53/><G53/><T21/><D84/><U118/><E118/><V59/><F59/><AGARI ba="0,0" hai="39,40,44,50,52,59,90,93,99,109,111" m="44106" machi="59" ten="30,7700,0" yaku="15,1,11,1,52,1,54,1" doraHai="36" who="1" fromWho="2" sc="513,0,204,77,10,-77,273,0" owari="513,62.0,281,8.0,-67,-57.0,273,-13.0" /></mjloggm>