<mjloggm ver="2.3"><GO type="169" lobby="0"/><UN n0="%EF%BC%88%E2%89%A7%E2%96%BD%E2%89%A6%EF%BC%89" n1="%E3%81%BE%E3%81%AA%E3%81%84%E3%81%9F%E3%82%88%E3%81%86%E3%81%98%E3%82%87" n2="%E3%83%9E%E3%83%84%E3%82%B6%E3%82%AD" n3="%E9%96%A2%E7%99%BD%E5%A4%B1%E8%84%9A" dan="19,16,16,16" rate="2227.10,2093.06,2094.93,2107.37" sx="M,M,M,M"/><TAIKYOKU oya="0"/><INIT seed="0,0,0,1,5,101" ten="250,250,250,250" oya="0" hai0="57,105,36,64,91,65,81,102,132,0,42,115,1" hai1="75,32,86,54,111,45,133,83,53,49,96,90,7" hai2="2,92,98,104,70,114,125,10,37,84,124,13,22" hai3="77,51,61,88,127,43,34,126,11,116,119,107,130"/><T47/><D115/><U17/><E32/><V76/><F37/><W14/><G34/><T58/><D132/><U135/><E7/><V35/><F35/><W131/><G77/><T20/><D20/><U44/><E111/><V94/><F70/><W24/><G24/><T8/><D58/><U39/><E75/><V79/><F22/><W28/><G28/><T69/><D69/><U110/><E110/><V134/><F2/><W56/><G107/><T121/><D121/><U97/><E17/><V16/><F134/><N who="1" m="51209" /><E53/><V27/><F27/><W122/><G88/><T85/><D57/><U73/><E73/><V50/><F50/><W23/><G23/><T67/><REACH who="0" step="1"/><D8/><REACH who="0" ten="240,250,250,250" step="2"/><U12/><E12/><V4/><F114/><W31/><G122/><T41/><D41/><AGARI ba="0,1" hai="39,41,44,45,49,54,83,86,90,96,97" m="51209" machi="41" ten="30,1000,0" yaku="20,1" doraHai="101" who="1" fromWho="0" sc="240,-10,250,20,250,0,250,0" /><INIT seed="1,0,0,4,1,21" ten="230,270,250,250" oya="1" hai0="125,71,44,60,10,33,134,99,105,11,85,117,12" hai1="18,106,19,52,41,135,31,16,63,15,122,54,91" hai2="1,110,40,26,43,128,7,95,53,0,45,51,55" hai3="57,130,77,104,82,35,59,75,80,9,129,74,78"/><U37/><E122/><V109/><F128/><W39/><G9/><T86/><D117/><U64/><E106/><V56/><F95/><W103/><G39/><T90/><D125/><U116/><E116/><V42/><F7/><W118/><G35/><T121/><D121/><U100/><E100/><V34/><F1/><W65/><G118/><T131/><D134/><U83/><E135/><V81/><F81/><N who="3" m="31339" /><G65/><T58/><D131/><N who="3" m="50185" /><G59/><T76/><D71/><U127/><E127/><V133/><F0/><W49/><G49/><T112/><D33/><U48/><E37/><V38/><F133/><W4/><G4/><T120/><D120/><U107/><E15/><V123/><F123/><W50/><G57/><T61/><D58/><N who="1" m="36983" /><E31/><V124/><F124/><W132/><G50/><T67/><D67/><U88/><E107/><V3/><F3/><W2/><G2/><T92/><D105/><U66/><E66/><V8/><F8/><W25/><G25/><T119/><D10/><U24/><E24/><V108/><F26/><W20/><G20/><T113/><D119/><U97/><E41/><N who="2" m="22711" /><F34/><W46/><G46/><T47/><D47/><U30/><E30/><V96/><F55/><W115/><G115/><N who="0" m="44107" /><D44/><U94/><E48/><V6/><F6/><W72/><G132/><T126/><D126/><U62/><E62/><N who="0" m="24169" /><D76/><N who="3" m="29289" /><G104/><T32/><D32/><U70/><E70/><V73/><F108/><W79/><N who="3" m="29297" /><W111/><DORA hai="114" /><G111/><T101/><D12/><U17/><N who="1" m="4096" /><DORA hai="102" /><U28/><E28/><V93/><F110/><W69/><G69/><T14/><D14/><U5/><E5/><RYUUKYOKU ba="0,0" sc="230,-15,270,15,250,-15,250,15" hai1="52,54,83,88,91,94,97" hai3="72,74,75,103" /><INIT seed="1,1,0,3,1,118" ten="215,285,235,265" oya="1" hai0="90,81,109,88,24,16,95,107,1,42,11,52,13" hai1="111,116,119,54,125,132,110,64,3,97,122,67,135" hai2="53,37,82,62,23,133,15,117,100,33,6,10,55" hai3="92,108,104,126,19,8,105,45,128,7,14,48,69"/><U41/><E3/><V68/><F33/><W71/><G108/><N who="1" m="41514" /><E97/><V134/><F117/><N who="1" m="45129" /><E125/><V75/><F37/><W22/><G126/><T17/><D107/><U91/><E91/><V65/><F100/><W72/><G128/><T103/><D109/><U86/><E86/><V32/><F32/><W96/><G72/><T29/><D1/><U51/><E41/><V84/><F23/><W59/><G59/><T39/><D42/><U9/><E9/><V77/><REACH who="2" step="1"/><F75/><REACH who="2" ten="215,285,225,265" step="2"/><W129/><G129/><T112/><D103/><U36/><E36/><V31/><F31/><W46/><G105/><T66/><D39/><U2/><E135/><AGARI ba="1,1" hai="6,10,15,53,55,62,65,68,77,82,84,133,134,135" machi="135" ten="40,2600,0" yaku="1,1,20,1,53,0" doraHai="118" doraHaiUra="21" who="2" fromWho="1" sc="215,0,285,-29,225,39,265,0" /><INIT seed="2,0,0,2,5,26" ten="215,256,264,265" oya="2" hai0="115,104,37,7,116,109,60,67,85,40,52,78,89" hai1="84,117,2,30,17,59,98,58,134,22,126,92,69" hai2="42,33,4,88,12,23,77,15,48,53,50,31,54" hai3="96,121,99,130,51,0,24,82,1,90,66,14,25"/><V120/><F120/><W114/><G121/><T83/><D115/><U102/><E117/><V118/><F118/><W43/><G114/><T44/><D116/><U106/><E2/><V64/><F33/><W112/><G112/><T105/><D109/><U62/><E134/><V72/><F42/><W28/><G130/><T127/><D127/><U10/><E10/><V103/><F103/><W79/><G14/><T93/><D7/><U87/><E126/><V68/><F68/><W20/><G66/><T76/><D76/><U122/><E122/><V8/><F64/><W108/><G108/><T73/><REACH who="0" step="1"/><D52/><REACH who="0" ten="205,256,264,265" step="2"/><N who="2" m="20074" /><F77/><W29/><G1/><T107/><D107/><U75/><E106/><V16/><F72/><W18/><G0/><T70/><AGARI ba="0,1" hai="37,40,44,60,67,70,73,78,83,85,89,93,104,105" machi="70" ten="20,2700,0" yaku="1,1,0,1,7,1,53,0" doraHai="26" doraHaiUra="128" who="0" fromWho="0" sc="205,37,256,-7,264,-13,265,-7" /><INIT seed="3,0,0,3,4,112" ten="242,249,251,258" oya="3" hai0="67,77,33,60,23,66,21,127,93,22,74,10,78" hai1="99,125,109,69,124,117,65,72,47,92,57,118,113" hai2="4,98,63,18,68,45,111,114,80,64,41,107,103" hai3="28,13,102,131,52,101,119,25,8,34,0,9,36"/><W87/><G36/><T89/><D33/><U84/><E72/><V49/><F111/><W100/><G131/><T135/><D135/><U26/><E113/><V88/><F114/><W55/><G119/><N who="1" m="45578" /><E69/><V105/><F4/><W58/><G87/><T51/><D127/><U91/><E109/><V95/><REACH who="2" step="1"/><F18/><REACH who="2" ten="242,249,241,258" step="2"/><W76/><G0/><T31/><D31/><U48/><E124/><V50/><F50/><W53/><G76/><T38/><D77/><U12/><E125/><V32/><F32/><W20/><G34/><T56/><D51/><U129/><E129/><V62/><F62/><N who="3" m="36167" /><G9/><T61/><D10/><U19/><E19/><AGARI ba="0,1" hai="8,13,19,20,25,28,53,55,100,101,102" m="36167" machi="19" ten="30,2900,0" yaku="8,1,54,1" doraHai="112" who="3" fromWho="1" sc="242,0,249,-29,241,0,258,39" /><INIT seed="3,1,0,1,2,119" ten="242,220,241,297" oya="3" hai0="13,113,105,78,63,84,33,89,88,108,9,16,42" hai1="69,98,76,19,94,102,0,44,121,15,124,134,30" hai2="132,107,43,104,64,26,52,20,53,4,17,49,59" hai3="35,21,54,122,38,2,48,31,101,1,87,24,37"/><W95/><G122/><T11/><D105/><U27/><E0/><V55/><F132/><W40/><G35/><T93/><D33/><U130/><E134/><V128/><F128/><W114/><G114/><T92/><D113/><U111/><E69/><V45/><REACH who="2" step="1"/><F4/><REACH who="2" ten="242,220,231,297" step="2"/><W57/><G1/><T70/><D108/><U32/><E130/><V118/><F118/><W46/><G2/><T66/><D78/><U73/><E111/><V18/><F18/><W100/><G38/><T75/><D75/><U34/><E76/><V80/><F80/><W112/><G112/><T58/><D42/><U99/><E73/><V62/><AGARI ba="1,1" hai="17,20,26,43,45,49,52,53,55,59,62,64,104,107" machi="62" ten="30,4000,0" yaku="1,1,0,1,54,1,53,0" doraHai="119" doraHaiUra="133" who="2" fromWho="2" sc="242,-11,220,-11,231,53,297,-21" /><INIT seed="4,0,0,5,4,135" ten="231,209,284,276" oya="0" hai0="10,17,89,113,38,45,65,98,25,91,68,124,119" hai1="134,48,114,100,1,57,29,60,110,9,117,28,105" hai2="63,21,23,7,73,90,2,82,102,127,97,84,13" hai3="83,121,67,61,32,101,31,118,106,74,59,130,69"/><T22/><D119/><U51/><E110/><V131/><F2/><W44/><G118/><T122/><D122/><U116/><E100/><V95/><F131/><W8/><G59/><T6/><D113/><U26/><E105/><V128/><F128/><W34/><G8/><T62/><D98/><U27/><E57/><V64/><F73/><W50/><G130/><T93/><D124/><U71/><E60/><V0/><F0/><W125/><G121/><T80/><D80/><U92/><E92/><V123/><F123/><W99/><G125/><T20/><D93/><U54/><E54/><V4/><F127/><W53/><REACH who="3" step="1"/><G31/><REACH who="3" ten="231,209,284,266" step="2"/><T42/><REACH who="0" step="1"/><D22/><REACH who="0" ten="221,209,284,266" step="2"/><U79/><E117/><V11/><F23/><W126/><G126/><T120/><D120/><U115/><E116/><V52/><F21/><W72/><G72/><T49/><D49/><U37/><E51/><V58/><F4/><W15/><G15/><AGARI ba="0,2" hai="6,10,15,17,20,25,38,42,45,62,65,68,89,91" machi="15" ten="30,2900,0" yaku="1,1,7,1,53,0" doraHai="135" doraHaiUra="33" who="0" fromWho="3" sc="221,49,209,0,284,0,266,-29" /><INIT seed="4,1,0,1,3,74" ten="270,209,284,237" oya="0" hai0="38,76,83,109,114,48,69,82,77,16,41,122,103" hai1="106,13,90,66,132,107,89,126,46,31,9,99,84" hai2="60,18,91,33,118,42,111,12,96,129,51,124,11" hai3="80,78,131,88,64,70,95,23,116,81,10,98,71"/><T108/><D122/><U22/><E132/><V4/><F33/><W113/><G116/><T72/><D114/><U134/><E134/><V120/><F120/><W58/><G113/><T62/><D38/><U45/><E66/><V65/><F111/><N who="0" m="42570" /><D103/><U73/><E73/><V57/><F124/><W54/><G131/><T127/><D127/><U105/><E126/><V130/><F118/><W97/><G81/><N who="0" m="30731" /><D72/><U135/><E135/><V121/><F121/><W0/><G64/><N who="0" m="41111" /><D16/><U85/><E31/><V100/><F91/><W34/><G34/><T27/><D27/><U2/><E90/><V25/><F25/><W1/><G98/><T24/><D24/><U14/><E89/><V15/><F18/><W35/><G35/><T117/><D117/><U29/><E29/><V20/><F20/><W56/><G23/><T125/><D125/><U6/><E22/><V30/><F30/><W115/><G115/><T39/><D39/><U53/><E99/><V40/><F15/><W55/><G10/><T28/><D28/><U5/><E9/><V21/><F21/><W44/><G1/><T61/><D61/><U87/><E2/><V94/><F51/><W68/><G0/><T7/><D7/><N who="1" m="2571" /><E53/><V123/><F123/><W67/><G67/><T19/><D19/><U47/><AGARI ba="1,0" hai="13,14,45,46,47,84,85,87,105,106,107" m="2571" machi="47" ten="40,8000,1" yaku="29,2,28,2" doraHai="74" who="1" fromWho="1" sc="270,-41,209,83,284,-21,237,-21" /><INIT seed="5,0,0,4,1,38" ten="229,292,263,216" oya="1" hai0="9,91,68,96,65,31,87,117,29,94,61,28,41" hai1="25,70,122,125,54,101,19,85,72,126,82,23,69" hai2="119,79,32,42,18,80,47,92,44,110,123,60,121" hai3="62,132,59,67,26,124,89,58,13,112,109,35,24"/><U20/><E72/><V128/><F110/><W77/><G109/><T73/><D117/><U5/><E122/><V33/><F119/><W81/><G112/><T100/><D73/><U114/><E5/><V118/><F118/><W45/><G124/><N who="1" m="47722" /><E101/><V90/><F47/><W1/><G132/><T105/><REACH who="0" step="1"/><D9/><REACH who="0" ten="219,292,263,216" step="2"/><U10/><E10/><V76/><F123/><W30/><G1/><T88/><D88/><N who="1" m="51255" /><E114/><V107/><F121/><W12/><G89/><T34/><D34/><U15/><E54/><V106/><F90/><W116/><G116/><T98/><D98/><U104/><E104/><V102/><F106/><W133/><G133/><T46/><D46/><U39/><E20/><V108/><F107/><W97/><G45/><T115/><D115/><U22/><E22/><V37/><F44/><W120/><G120/><T48/><D48/><U56/><E39/><V0/><F37/><W130/><G97/><T95/><D95/><U40/><E23/><V50/><F92/><W74/><G130/><T6/><D6/><U16/><E19/><V66/><F18/><W53/><G26/><T64/><D64/><U4/><E16/><V14/><F128/><W129/><G129/><T8/><D8/><U111/><E4/><V7/><F7/><W93/><G93/><T84/><D84/><U127/><E25/><V63/><F33/><W43/><G43/><AGARI ba="0,1" hai="28,29,31,41,43,61,65,68,87,91,94,96,100,105" machi="43" ten="40,12000,2" yaku="1,1,52,2,53,3" doraHai="38" doraHaiUra="27" who="0" fromWho="3" sc="219,130,292,0,263,0,216,-120" /><INIT seed="6,0,0,5,2,22" ten="349,292,263,96" oya="2" hai0="37,30,68,72,34,74,3,96,35,10,46,31,119" hai1="42,126,50,1,41,64,78,0,56,125,84,61,87" hai2="16,17,122,63,57,120,9,44,32,73,18,90,107" hai3="129,103,25,75,91,135,62,15,121,108,8,86,28"/><V118/><F107/><W114/><G75/><N who="0" m="28715" /><D31/><U85/><E78/><V104/><F118/><W131/><G121/><T70/><D119/><U105/><E105/><V12/><F104/><W65/><G108/><T111/><D96/><U115/><E115/><V82/><F32/><N who="0" m="12330" /><D30/><U58/><E50/><V13/><F44/><W123/><G123/><T26/><D26/><U55/><E55/><V99/><F73/><W79/><G79/><T23/><D23/><U88/><E88/><V132/><F132/><W76/><G76/><T52/><D52/><U39/><E39/><V102/><F102/><W66/><G135/><T127/><D127/><N who="1" m="48651" /><E58/><V69/><F69/><W11/><G103/><T36/><D111/><U109/><E109/><V93/><F82/><N who="3" m="49623" /><G65/><T53/><D53/><U113/><E113/><V48/><F48/><W81/><G81/><T21/><D46/><U130/><E130/><N who="3" m="49674" /><G15/><T83/><D83/><U6/><E0/><V2/><F2/><W77/><G77/><T38/><D68/><U110/><E110/><V106/><F106/><W45/><G45/><T98/><D70/><U128/><E128/><V101/><F90/><W20/><G114/><T67/><D67/><U24/><E1/><V14/><REACH who="2" step="1"/><F9/><REACH who="2" ten="349,292,253,96" step="2"/><W117/><G117/><T19/><D10/><U94/><E41/><V89/><F89/><W112/><G112/><T60/><D3/><U47/><E42/><V59/><F59/><AGARI ba="0,1" hai="8,11,20,25,28,59,62,66" m="49674,49623" machi="59" ten="30,2000,0" yaku="19,1,52,1" doraHai="22" who="3" fromWho="2" sc="349,0,292,0,253,-20,96,30" /><INIT seed="7,0,0,4,5,62" ten="349,292,233,126" oya="3" hai0="8,43,110,109,122,126,73,40,111,61,96,48,131" hai1="103,30,45,12,6,0,90,102,56,14,4,59,27" hai2="57,74,32,130,15,125,17,36,41,98,104,65,67" hai3="88,11,112,118,35,38,128,51,20,49,42,89,80"/><W135/><G35/><T123/><D73/><U121/><E121/><N who="0" m="46089" /><D8/><U71/><E71/><V29/><F74/><W25/><G118/><T79/><D96/><U93/><E45/><V66/><F130/><W10/><G128/><T54/><D79/><U34/><E93/><V107/><F125/><W127/><G127/><T19/><D19/><U52/><E90/><V92/><F57/><W23/><G112/><T116/><D131/><U129/><E129/><V84/><F84/><W55/><G135/><T2/><D2/><U75/><E75/><V60/><F60/><W94/><G38/><T46/><D126/><U16/><E56/><V18/><F41/><N who="0" m="15946" /><D61/><U99/><E99/><V81/><F36/><W21/><G25/><T117/><AGARI ba="0,0" hai="46,48,54,109,110,111,116,117" m="15946,46089" machi="117" ten="40,2700,0" yaku="34,2" doraHai="62" who="0" fromWho="0" sc="349,27,292,-7,233,-7,126,-13" owari="376,47.0,285,9.0,226,-17.0,113,-39.0" /></mjloggm>