<mjloggm ver="2.3"><GO type="169"/><UN n0="%EF%BC%88%E2%89%A7%E2%96%BD%E2%89%A6%EF%BC%89" n1="%E3%83%87%E3%82%B8%E3%82%BF%E3%83%AB%E4%BB%99%E4%BA%BA" n2="%E6%9C%AC%E7%89%A9%E5%A5%B3%E5%AD%90%E9%AB%98%E7%94%9F" n3="%E6%AF%94%E5%98%89%E7%A7%80%E4%BB%81" dan="17,16,16,16" rate="2201,2133,2088,2078" sx="M,F,F,M"/><TAIKYOKU oya="0"/><INIT seed="0,0,0,0,0,5" ten="250,250,250,250" oya="0" hai0="113,132,64,129,61,34,60,66,74,58,8,114,78" hai1="71,93,16,17,48,130,81,101,115,94,15,23,27" hai2="59,67,40,25,20,107,53,120,98,76,103,86,122" hai3="97,87,9,18,116,105,30,3,90,117,31,135,57"/><T118/><D34/><U108/><E71/><V100/><F40/><W72/><G72/><T79/><D118/><U37/><E37/><V121/><F103/><W47/><G135/><T84/><D132/><U96/><E115/><V134/><F134/><W33/><G47/><T12/><D74/><U43/><E130/><V63/><F76/><W10/><G3/><T52/><D129/><U44/><E108/><V42/><F86/><W38/><G38/><T39/><D39/><U68/><E68/><V73/><F73/><W104/><G57/><T55/><D84/><U21/><REACH who="1" step="1"/><E81/><REACH who="1" ten="250,240,250,250" step="2"/><V29/><F42/><W89/><G117/><T28/><D114/><U119/><E119/><V125/><F125/><W124/><G116/><T7/><D113/><U128/><E128/><V32/><F32/><W65/><G124/><T13/><D28/><U62/><E62/><V51/><REACH who="2" step="1"/><F121/><REACH who="2" ten="250,240,240,250" step="2"/><W19/><G33/><T24/><D61/><U85/><E85/><V69/><AGARI ba="0,2" hai="20,25,29,51,53,59,63,67,69,98,100,107,120,122" machi="69" ten="20,8000,1" yaku="1,1,2,1,0,1,7,1,53,1" doraHai="5" doraHaiUra="92" who="2" fromWho="2" sc="250,-40,240,-20,240,100,250,-20" /><INIT seed="1,0,0,2,5,90" ten="210,220,340,230" oya="1" hai0="81,7,55,53,79,18,115,16,48,38,103,73,33" hai1="118,97,58,96,40,69,108,101,93,43,94,41,130" hai2="117,37,98,72,9,30,25,119,82,116,65,76,34" hai3="123,84,71,52,11,109,95,127,8,56,36,61,124"/><U15/><E69/><V104/><F9/><W3/><G109/><T23/><D115/><U135/><E118/><V111/><F111/><W50/><G123/><T134/><D38/><U66/><E108/><V47/><F65/><N who="3" m="41391" /><G36/><T45/><D33/><U68/><E68/><V67/><F67/><W91/><G3/><T10/><D134/><U54/><E135/><V92/><F119/><W5/><G5/><T28/><D103/><N who="1" m="60815" /><E130/><V122/><F122/><W129/><G129/><T99/><D99/><U14/><E66/><V87/><F37/><W6/><G6/><T88/><D88/><U77/><E77/><V75/><F104/><W89/><G89/><T13/><D28/><U100/><E100/><V22/><F75/><W2/><G2/><T59/><REACH who="0" step="1"/><D23/><REACH who="0" ten="200,220,340,230" step="2"/><U35/><E35/><V46/><F34/><W70/><G70/><T19/><D19/><U26/><E26/><V17/><F30/><W132/><G132/><T131/><D131/><U0/><E0/><V63/><F117/><W126/><AGARI ba="0,1" hai="8,11,50,52,56,84,91,95,124,126,127" m="41391" machi="126" ten="30,4000,0" yaku="18,1,52,1,54,1" doraHai="90" who="3" fromWho="3" sc="200,-10,220,-20,340,-10,230,50" /><INIT seed="2,0,0,5,1,43" ten="190,200,330,280" oya="2" hai0="27,1,17,8,34,109,0,124,9,94,64,89,33" hai1="38,61,40,87,53,45,135,16,133,7,130,76,30" hai2="91,25,132,90,19,117,48,6,49,21,66,73,112" hai3="85,102,123,115,127,80,70,74,81,114,121,68,58"/><V116/><F112/><N who="3" m="43051" /><G58/><T54/><D124/><U24/><E7/><V110/><F73/><W62/><G127/><T107/><D107/><U122/><E122/><N who="3" m="46602" /><G62/><T23/><D109/><U131/><E76/><V11/><F110/><W129/><G129/><N who="1" m="49162" /><E87/><V60/><F132/><N who="1" m="50761" /><E30/><V14/><F117/><W86/><G102/><T101/><D101/><U63/><E53/><V88/><REACH who="2" step="1"/><F116/><REACH who="2" ten="190,200,320,280" step="2"/><W20/><G74/><T37/><D0/><U134/><E134/><V35/><F35/><W51/><G81/><T119/><D1/><U126/><E126/><V57/><AGARI ba="0,1" hai="6,11,14,19,21,25,48,49,57,60,66,88,90,91" machi="57" ten="30,11700,0" yaku="1,1,0,1,8,1,54,1,53,0" doraHai="43" doraHaiUra="118" who="2" fromWho="2" sc="190,-39,200,-39,320,127,280,-39" /><INIT seed="2,1,0,0,4,34" ten="151,161,447,241" oya="2" hai0="15,89,86,13,26,73,103,7,38,78,135,130,60" hai1="82,30,24,132,2,40,53,70,21,107,92,125,55" hai2="122,62,105,80,113,118,49,114,104,79,128,124,96" hai3="120,48,52,112,91,64,77,33,29,133,23,57,27"/><V129/><F62/><W8/><G120/><T3/><D38/><U17/><E107/><N who="2" m="41035" /><F49/><W67/><G112/><N who="2" m="43113" /><F122/><W39/><G133/><T119/><D130/><N who="2" m="50282" /><F96/><W76/><G39/><T65/><D60/><U25/><E132/><V58/><F58/><W46/><G33/><T43/><D135/><U71/><E71/><V88/><F124/><W45/><G8/><T90/><D65/><U10/><E70/><V5/><F5/><W41/><G46/><T102/><D7/><U9/><E125/><V28/><F28/><W101/><G67/><T31/><D31/><U94/><E40/><V20/><F20/><W0/><G64/><T116/><D43/><U32/><E53/><V44/><F44/><W42/><G45/><T54/><D54/><U83/><E55/><V63/><F63/><W1/><G42/><T123/><D123/><U99/><E99/><V4/><F4/><W59/><G41/><T98/><D98/><U19/><E30/><V75/><F88/><W51/><G91/><T127/><D90/><U22/><E32/><V100/><F100/><W85/><G101/><T6/><D103/><U37/><E37/><V109/><F109/><W47/><G47/><T68/><D102/><U134/><E134/><V14/><F14/><W11/><G59/><T108/><D127/><U121/><E121/><V111/><F111/><W18/><G48/><T61/><D108/><U36/><E36/><V106/><N who="2" m="41043" /><V115/><N who="2" m="43121" /><DORA hai="50" /><V84/><DORA hai="74" /><F118/><W35/><G35/><T81/><D119/><U117/><E117/><V87/><AGARI ba="1,0" hai="75,79,80,84,87" m="50282,43121,41043" machi="87" ten="60,12000,1" yaku="19,1,34,2,52,1" doraHai="34,50,74" who="2" fromWho="2" sc="151,-41,161,-41,447,123,241,-41" /><INIT seed="2,2,0,2,4,127" ten="110,120,570,200" oya="2" hai0="20,35,5,135,81,108,87,37,118,7,101,39,62" hai1="38,99,119,64,43,129,124,116,85,50,16,29,25" hai2="130,78,61,102,21,14,74,93,30,63,117,68,79" hai3="89,19,12,105,3,112,134,90,47,59,28,60,34"/><V6/><F74/><W91/><G105/><T51/><D35/><U115/><E115/><V132/><F132/><W109/><G3/><T110/><D135/><U100/><E38/><V103/><F30/><W70/><G134/><T54/><D62/><U126/><E64/><V46/><F46/><W88/><G70/><T36/><D20/><U133/><E85/><V17/><F6/><W72/><G72/><T80/><D101/><U40/><E133/><V23/><F14/><W52/><G112/><T76/><D81/><U131/><E16/><V104/><F17/><W48/><G109/><N who="0" m="42091" /><D118/><N who="1" m="45099" /><E50/><V1/><F1/><W15/><N who="3" m="22528" /><DORA hai="49" /><W10/><G15/><T75/><D75/><U123/><E43/><V114/><F93/><W113/><G113/><T82/><D82/><U8/><E40/><V56/><F104/><W57/><REACH who="3" step="1"/><G60/><REACH who="3" ten="110,120,570,190" step="2"/><T41/><D80/><U121/><E121/><V67/><F114/><W33/><G33/><T22/><D87/><U58/><E123/><V4/><F63/><W42/><G42/><T107/><D41/><U27/><E126/><V69/><F61/><W106/><G106/><T86/><D107/><U53/><E124/><V97/><F117/><W65/><G65/><T94/><D94/><U9/><E100/><V32/><F67/><W13/><G13/><T11/><D86/><U95/><E95/><V122/><F102/><W31/><G31/><T77/><D76/><U111/><E29/><V92/><F79/><W26/><AGARI ba="2,1" hai="10,12,19,26,28,34,47,48,52,57,59" m="22528" machi="26" ten="40,8000,1" yaku="1,1,0,1,52,1,54,2,53,0" doraHai="127,49" doraHaiUra="128,96" who="3" fromWho="3" sc="110,-22,120,-22,570,-42,190,96" /><INIT seed="3,0,0,3,4,41" ten="88,98,528,286" oya="3" hai0="89,68,134,114,39,28,93,101,31,24,117,62,102" hai1="17,98,115,100,26,14,130,111,29,18,6,20,92" hai2="99,82,75,7,21,15,95,88,56,10,108,8,80" hai3="129,35,16,4,83,57,59,113,23,55,44,19,48"/><W85/><G113/><T84/><D117/><U106/><E115/><V13/><F108/><W123/><G35/><T27/><D114/><U76/><E111/><V127/><F127/><W43/><G123/><T2/><D2/><U22/><E130/><V58/><F21/><W112/><G112/><T53/><D39/><U97/><E76/><V120/><F120/><W32/><G32/><T61/><D134/><U128/><E128/><V96/><F75/><W60/><G129/><T25/><D68/><U34/><E6/><N who="2" m="3223" /><F99/><W33/><G33/><T124/><D124/><U54/><E54/><V133/><F133/><W30/><G4/><T42/><D42/><U91/><E18/><V122/><F122/><W74/><G74/><T63/><REACH who="0" step="1"/><D53/><REACH who="0" ten="78,98,528,286" step="2"/><U3/><E3/><V73/><F73/><W65/><G65/><T67/><D67/><U46/><E34/><V103/><F103/><AGARI ba="0,1" hai="24,25,27,28,31,61,62,63,84,89,93,101,102,103" machi="103" ten="40,2600,0" yaku="1,1,8,1,53,0" doraHai="41" doraHaiUra="104" who="0" fromWho="2" sc="78,36,98,0,528,-26,286,0" /><INIT seed="4,0,0,3,5,96" ten="114,98,502,286" oya="0" hai0="126,94,80,109,92,99,4,36,81,107,38,58,86" hai1="31,5,8,90,44,119,66,108,134,127,68,14,91" hai2="73,129,77,59,121,64,106,6,76,95,111,21,29" hai3="71,131,135,79,88,16,105,37,100,101,3,65,98"/><T85/><D126/><U49/><E127/><V39/><F106/><W70/><G37/><T33/><D33/><U113/><E119/><V52/><F39/><W41/><G3/><T22/><D107/><U116/><E116/><V9/><F64/><W78/><G41/><T50/><D109/><U30/><E108/><V83/><F77/><W34/><G34/><T40/><D4/><U87/><E134/><V74/><F74/><W125/><G135/><T53/><D38/><U120/><E120/><V27/><F129/><W115/><G125/><T110/><D110/><U130/><E113/><V25/><F25/><W17/><G115/><T0/><D0/><U104/><E104/><V35/><F95/><W1/><G1/><T63/><D36/><U72/><E72/><V89/><F89/><W56/><G131/><T10/><D10/><U19/><E130/><V47/><F47/><W45/><G105/><T42/><D22/><U97/><E66/><V133/><F133/><W51/><G71/><T122/><D122/><U69/><E68/><V84/><F111/><W62/><G70/><T123/><D123/><U13/><E69/><V20/><F73/><W93/><G79/><N who="0" m="46239" /><D63/><U55/><E97/><V112/><F121/><W23/><G78/><N who="0" m="46391" /><D92/><U124/><E124/><V67/><F112/><W24/><G17/><T61/><D61/><U60/><E60/><N who="2" m="35943" /><F67/><W15/><G24/><T128/><D128/><U28/><REACH who="1" step="1"/><E87/><REACH who="1" ten="114,88,502,286" step="2"/><V7/><F84/><W2/><G62/><T117/><D117/><U103/><E103/><AGARI ba="0,1" hai="40,42,50,53,58,94,99,103" m="46391,46239" machi="103" ten="30,2900,0" yaku="8,1,52,1" doraHai="96" who="0" fromWho="1" sc="114,39,88,-29,502,0,286,0" /><INIT seed="4,1,0,0,4,48" ten="153,59,502,286" oya="0" hai0="123,69,88,68,110,27,63,60,93,115,124,135,16" hai1="28,26,77,11,83,85,126,129,39,117,13,55,84" hai2="0,22,58,61,120,81,41,21,57,128,64,86,101" hai3="23,130,99,40,103,34,8,108,46,121,35,133,134"/><T36/><D36/><U37/><E117/><V73/><F73/><W116/><G108/><T31/><D123/><U107/><E129/><V6/><F128/><W102/><G130/><T75/><D75/><U72/><E107/><V114/><F114/><W42/><G116/><T80/><D115/><U79/><E126/><V76/><F101/><W51/><G121/><T87/><D124/><U65/><E65/><V119/><F119/><W12/><G23/><N who="0" m="15871" /><D68/><U29/><E39/><V33/><F33/><W98/><G42/><T104/><D104/><U5/><E37/><V70/><F41/><W50/><G50/><T95/><D69/><U96/><E96/><V47/><F47/><W59/><G99/><T106/><D106/><U54/><E29/><V118/><F118/><W20/><G20/><T82/><D135/><N who="3" m="51721" /><G59/><T122/><D122/><U92/><E72/><V4/><F70/><W131/><G131/><T67/><D110/><U2/><E2/><V127/><F127/><W49/><G49/><T1/><D1/><U18/><E5/><V113/><F6/><N who="3" m="3095" /><G103/><T24/><D67/><U32/><REACH who="1" step="1"/><E92/><AGARI ba="1,0" hai="34,35,40,46,51,92,98,102" m="3095,51721" machi="92" ten="30,1000,0" yaku="20,1" doraHai="48" who="3" fromWho="1" sc="153,0,59,-13,502,0,286,13" /><INIT seed="5,0,0,1,2,31" ten="153,46,502,299" oya="1" hai0="30,76,89,98,37,25,72,70,81,49,45,109,19" hai1="86,7,73,33,44,0,105,118,59,29,27,58,66" hai2="84,32,56,68,83,64,55,26,79,67,4,114,88" hai3="17,22,8,130,120,42,65,2,101,123,92,94,18"/><U124/><E73/><V108/><F108/><W117/><G117/><T1/><D1/><U54/><E118/><V34/><F114/><W21/><G130/><T125/><D37/><U60/><E124/><V71/><F26/><W127/><G127/><T80/><D125/><U122/><E122/><V91/><F4/><W131/><G131/><T5/><D70/><U112/><E112/><V69/><F79/><W12/><G65/><T40/><D5/><U61/><E105/><V62/><REACH who="2" step="1"/><F91/><REACH who="2" ten="153,46,492,299" step="2"/><W52/><G123/><T132/><D89/><U6/><E0/><V15/><F15/><W103/><G120/><T100/><D25/><U41/><REACH who="1" step="1"/><E86/><REACH who="1" ten="153,36,492,299" step="2"/><V13/><F13/><W35/><G12/><T99/><D72/><U128/><E128/><V75/><F75/><W85/><G85/><T77/><D109/><U96/><E96/><V57/><F57/><W82/><G2/><T36/><D99/><U135/><E135/><V23/><F23/><W63/><G22/><T43/><D132/><U107/><E107/><V126/><F126/><W10/><G21/><T11/><D98/><U9/><E9/><V129/><F129/><W16/><G10/><T38/><D11/><U90/><E90/><V111/><F111/><W46/><G8/><T121/><D121/><U28/><E28/><V113/><F113/><W97/><G97/><T3/><D30/><U133/><E133/><V24/><F24/><W102/><G102/><T106/><D3/><U95/><E95/><V116/><F116/><W134/><G103/><T50/><D100/><U47/><E47/><V74/><F74/><RYUUKYOKU ba="0,2" sc="153,-15,36,15,492,15,299,-15" hai1="6,7,27,29,33,41,44,54,58,59,60,61,66" hai2="32,34,55,56,62,64,67,68,69,71,83,84,88" /><INIT seed="5,1,2,1,5,122" ten="138,51,507,284" oya="1" hai0="5,46,87,95,72,68,9,100,36,114,126,93,62" hai1="69,127,63,91,113,39,0,59,28,86,32,78,58" hai2="22,101,13,133,76,25,47,110,94,31,48,99,81" hai3="21,77,65,117,128,131,1,106,37,55,102,18,29"/><U66/><E39/><V120/><F110/><W51/><G37/><T98/><D72/><U45/><E0/><V129/><F120/><W116/><G1/><T71/><D126/><U33/><E127/><V109/><F109/><W16/><G77/><T135/><D135/><U19/><E78/><V92/><F133/><W112/><G65/><T56/><D114/><U15/><E45/><V61/><F61/><W2/><G2/><T89/><D46/><U125/><E125/><V23/><F129/><N who="3" m="49739" /><G112/><T7/><D36/><U38/><E38/><V73/><F13/><W118/><G102/><T17/><D71/><U64/><E113/><V14/><F14/><W121/><G106/><T43/><D43/><U88/><E91/><V53/><F23/><W105/><G105/><AGARI ba="1,2" hai="22,25,31,47,48,53,73,76,81,92,94,99,101,105" machi="105" ten="30,1000,0" yaku="7,1" doraHai="122" who="2" fromWho="3" sc="138,0,51,0,507,33,284,-13" /><INIT seed="6,0,0,3,5,12" ten="138,51,540,271" oya="2" hai0="43,112,84,116,121,97,3,78,124,2,130,96,125" hai1="59,36,34,73,98,81,126,128,11,129,24,4,82" hai2="134,133,88,122,40,91,28,119,8,53,20,127,132" hai3="107,22,66,93,111,110,9,35,72,13,95,105,75"/><V42/><F119/><W38/><G35/><T27/><D112/><U114/><E114/><V135/><F135/><W120/><G38/><T76/><D116/><U18/><E36/><V87/><F122/><W68/><G120/><T115/><D115/><U109/><E109/><V80/><F127/><N who="0" m="48714" /><D121/><U49/><E126/><V37/><F37/><W55/><G22/><T89/><D43/><U90/><E73/><V21/><F53/><W47/><G66/><T123/><D130/><U7/><E34/><V29/><F8/><W23/><G68/><T15/><D27/><U101/><E90/><V117/><F117/><W32/><G23/><N who="2" m="8777" /><F91/><W104/><G32/><T108/><D123/><U103/><E24/><V94/><F80/><W48/><G75/><T86/><D108/><U51/><E11/><V46/><F46/><W19/><G72/><T85/><D15/><U64/><E64/><V26/><F26/><W14/><G111/><T79/><D89/><U63/><E63/><V39/><F39/><W31/><G110/><T17/><D2/><U113/><E113/><V33/><F33/><W44/><G31/><AGARI ba="0,0" hai="28,29,31,40,42,87,88,94,132,133,134" m="8777" machi="31" ten="40,3900,0" yaku="20,1,54,1" doraHai="12" who="2" fromWho="3" sc="138,0,51,0,540,39,271,-39" /><INIT seed="6,1,0,2,5,106" ten="138,51,579,232" oya="2" hai0="91,48,87,101,68,85,32,127,31,77,36,129,81" hai1="97,122,92,23,43,51,90,76,69,34,119,38,109" hai2="121,72,65,60,64,100,37,1,86,14,126,114,105" hai3="57,131,133,28,75,78,39,108,110,70,7,13,130"/><V89/><F72/><W132/><G70/><T47/><D68/><U27/><E34/><V42/><F1/><W102/><G39/><T44/><D129/><N who="3" m="49161" /><G57/><T123/><D123/><U22/><E122/><V21/><F100/><W63/><G63/><T107/><D127/><U8/><E69/><V66/><F105/><W20/><G102/><T0/><D0/><U9/><E38/><V125/><F60/><W62/><G62/><T73/><D36/><U88/><E119/><V10/><F42/><W33/><G78/><T116/><D85/><U67/><E67/><V96/><F96/><W24/><G75/><T6/><D6/><U94/><E76/><V103/><F103/><W55/><G55/><T80/><D116/><U104/><E104/><V19/><F37/><W25/><G13/><T29/><D44/><U46/><E109/><N who="3" m="42090" /><G7/><T84/><D84/><U82/><E82/><V59/><F14/><W113/><G113/><T99/><D48/><U128/><E128/><V50/><F86/><W18/><AGARI ba="1,0" hai="18,20,24,25,28,33,132,133" m="42090,49161" machi="18" ten="40,5200,0" yaku="19,1,34,2" doraHai="106" who="3" fromWho="3" sc="138,-14,51,-14,579,-27,232,55" /><INIT seed="7,0,0,1,2,114" ten="124,37,552,287" oya="3" hai0="118,47,87,99,86,129,20,88,113,84,53,35,122" hai1="92,57,96,64,125,18,95,58,2,21,10,93,72" hai2="24,85,15,133,105,94,36,48,66,91,128,13,74" hai3="61,51,103,60,29,115,65,75,111,37,30,23,46"/><W68/><G75/><T107/><D35/><U16/><E72/><V45/><F91/><W4/><G115/><T38/><D113/><U8/><E125/><V44/><F94/><W108/><G37/><T81/><D122/><U134/><E134/><V6/><F85/><W39/><G39/><T26/><D129/><U50/><E96/><V78/><F48/><W112/><G112/><T41/><D118/><U71/><E71/><V73/><F45/><W40/><G4/><T33/><D33/><U0/><E64/><V69/><F44/><W42/><G42/><T9/><D9/><U98/><E98/><V124/><F66/><W120/><G120/><T102/><D53/><U101/><E101/><V31/><F6/><W12/><G61/><T131/><D131/><U117/><E50/><V28/><F105/><W7/><G103/><T97/><D97/><U123/><E123/><V56/><F36/><W126/><G126/><T83/><D83/><U49/><E49/><V135/><F69/><W132/><G132/><T55/><D55/><U77/><E77/><V27/><F124/><W62/><G62/><T11/><D11/><U17/><E21/><V130/><F78/><W67/><G67/><T43/><D43/><U70/><E70/><V14/><F14/><W90/><G90/><T121/><D121/><U106/><E106/><V82/><F82/><W104/><G104/><T19/><AGARI ba="0,0" hai="19,20,26,38,41,47,81,84,86,87,88,99,102,107" machi="19" ten="20,2700,0" yaku="0,1,7,1,54,1" doraHai="114" who="0" fromWho="0" sc="124,27,37,-7,552,-7,287,-13" owari="151,-25.0,30,-47.0,545,65.0,274,7.0" /></mjloggm>