<mjloggm ver="2.3"><GO type="41"/><UN n0="%E5%B3%B6%E8%99%8E" n1="%6B%6B%6B%2E" n2="%E3%82%A6%E3%83%AB%E3%83%88%E3%83%A9%E7%AB%8B%E7%9B%B4" n3="%E3%81%86%E3%81%8D%E3%82%87%E3%81%86" dan="15,13,15,13" rate="1948,1856,1973,1862" sx="M,M,M,M"/><TAIKYOKU oya="0"/><INIT seed="0,0,0,2,4,62" ten="250,250,250,250" oya="0" hai0="92,43,64,79,111,52,56,126,38,34,81,90,85" hai1="109,5,63,47,32,14,123,88,48,6,120,76,7" hai2="55,67,89,99,42,117,127,26,86,58,115,12,91" hai3="82,23,122,121,39,11,0,37,93,33,19,73,78"/><T132/><D126/><U84/><E32/><V31/><F115/><W44/><G33/><T74/><D34/><U98/><E109/><V72/><F72/><W87/><G44/><T77/><D132/><U8/><E63/><V40/><F127/><W94/><G94/><T83/><D111/><U51/><E123/><V4/><F99/><W107/><G107/><T22/><D43/><N who="1" m="24703" /><E120/><N who="3" m="46186" /><G11/><T16/><D38/><U24/><E24/><V69/><F89/><N who="3" m="53439" /><G0/><T41/><D41/><U106/><E51/><V71/><F71/><W124/><G124/><T130/><D130/><U18/><E106/><V131/><F131/><W100/><G100/><T133/><D133/><U50/><E50/><V17/><F42/><W108/><G108/><T60/><D79/><U119/><E119/><V15/><F40/><W59/><G59/><T118/><D118/><U1/><E1/><V104/><F104/><W75/><G73/><T97/><D74/><U2/><E2/><V65/><F69/><W135/><G135/><T61/><D83/><N who="1" m="47207" /><E18/><V10/><F117/><W128/><G128/><T80/><D80/><U49/><E49/><V28/><F58/><W125/><G125/><T134/><D134/><U3/><E3/><V66/><F55/><W53/><G53/><T105/><D105/><U21/><E21/><N who="2" m="11431" /><F26/><AGARI ba="0,0" hai="19,23,26,37,39,75,78,82" m="53439,46186" machi="26" ten="30,1000,0" yaku="13,1" doraHai="62" who="3" fromWho="2" sc="250,0,250,0,250,-10,250,10" /><INIT seed="1,0,0,4,0,84" ten="250,250,240,260" oya="1" hai0="56,128,53,63,110,99,66,41,74,123,3,101,102" hai1="49,4,8,33,75,19,17,18,98,115,72,79,78" hai2="126,113,89,23,91,65,69,96,105,6,9,28,100" hai3="135,0,61,94,15,14,85,1,129,131,60,92,87"/><U29/><E115/><V31/><F113/><W7/><REACH who="3" step="1"/><G7/><REACH who="3" ten="250,250,240,250" step="2"/><T57/><D123/><U122/><E122/><V13/><F126/><W32/><G32/><T25/><D110/><U133/><E33/><V21/><F21/><W118/><G118/><T117/><D117/><U44/><E133/><AGARI ba="0,1" hai="0,1,14,15,60,61,85,87,92,94,129,131,133,135" machi="133" ten="25,6400,0" yaku="21,2,22,2,53,0" doraHai="84" doraHaiUra="51" who="3" fromWho="1" sc="250,0,250,-64,240,0,250,74" /><INIT seed="2,0,0,4,4,109" ten="250,186,240,324" oya="2" hai0="42,129,30,85,50,2,44,20,39,21,92,115,79" hai1="12,122,33,41,46,135,98,110,11,125,65,36,134" hai2="31,56,57,52,75,54,48,5,68,7,25,77,60" hai3="72,55,29,8,10,78,16,19,111,89,97,59,116"/><V73/><F68/><W130/><G116/><T64/><D2/><U67/><E110/><V87/><F87/><W124/><G111/><T17/><D129/><U53/><E33/><V9/><F77/><W121/><G121/><T61/><D115/><U123/><E98/><V69/><F69/><W32/><G130/><T62/><D39/><U23/><E23/><V83/><F83/><W3/><G3/><T34/><D34/><U66/><E12/><V15/><REACH who="2" step="1"/><F5/><REACH who="2" ten="250,186,230,324" step="2"/><W47/><G78/><T107/><D79/><U4/><E4/><V108/><F108/><W14/><G72/><T27/><D107/><U81/><E81/><V49/><F49/><W118/><G118/><T71/><D71/><U99/><E99/><V28/><F28/><W91/><G29/><T76/><D64/><U113/><E113/><V24/><F24/><W112/><G97/><T114/><D114/><U94/><E94/><V82/><F82/><W132/><G112/><T84/><D76/><U40/><E11/><V88/><F88/><W106/><G91/><N who="0" m="53351" /><D85/><U131/><E131/><V86/><F86/><W18/><G89/><T26/><AGARI ba="0,1" hai="17,20,21,26,27,30,42,44,50,61,62" m="53351" machi="26" ten="30,1100,0" yaku="8,1" doraHai="109" who="0" fromWho="0" sc="250,21,186,-3,230,-5,324,-3" /><INIT seed="3,0,0,5,5,6" ten="271,183,225,321" oya="3" hai0="87,110,98,46,116,69,60,133,24,95,62,86,117" hai1="118,115,56,72,127,40,37,71,27,113,41,84,70" hai2="0,65,80,44,125,25,103,104,42,21,108,14,13" hai3="9,28,91,49,51,3,126,114,15,123,53,50,99"/><W75/><G123/><T58/><D110/><U8/><E72/><V31/><F0/><W85/><G114/><T82/><D133/><U83/><E118/><V57/><F108/><W134/><G3/><T129/><D129/><U2/><E127/><V106/><F125/><W7/><G126/><T23/><D117/><U54/><E27/><V1/><F1/><W64/><G75/><T22/><D116/><U63/><E113/><V74/><F104/><W88/><G64/><T5/><D69/><U4/><E115/><V111/><F111/><W48/><G28/><T66/><D46/><U97/><E97/><V39/><F106/><W10/><G134/><T38/><D38/><U101/><E101/><V78/><F103/><W47/><G99/><T67/><D5/><U73/><E73/><V12/><F57/><W36/><G36/><T112/><D112/><U19/><E19/><V92/><F92/><N who="3" m="54287" /><G91/><T26/><D82/><U131/><E131/><V94/><F94/><W33/><G33/><T100/><D23/><U93/><E93/><V122/><F65/><W79/><G79/><T102/><D26/><U124/><E124/><V90/><F90/><W43/><G43/><T105/><D105/><U119/><E119/><V107/><F107/><W61/><G61/><T76/><D102/><U29/><E29/><V59/><F122/><W81/><G81/><T34/><D34/><U121/><E121/><V55/><F80/><W109/><G109/><T32/><D32/><U68/><REACH who="1" step="1"/><E37/><REACH who="1" ten="271,173,225,321" step="2"/><V130/><F130/><W30/><G30/><N who="0" m="17687" /><D76/><AGARI ba="0,1" hai="2,4,8,40,41,54,56,63,68,70,71,76,83,84" machi="76" ten="40,2600,0" yaku="1,1,52,1,53,0" doraHai="6" doraHaiUra="16" who="1" fromWho="0" sc="271,-26,173,36,225,0,321,0" /><INIT seed="4,0,0,4,1,20" ten="245,209,225,321" oya="0" hai0="25,61,120,18,15,109,126,24,99,103,72,73,135" hai1="52,119,8,23,122,33,12,75,59,117,2,9,71" hai2="95,27,86,85,110,129,28,22,81,82,69,100,37" hai3="51,102,133,134,58,131,113,121,132,56,3,26,19"/><T63/><D120/><U84/><E75/><V46/><F69/><W34/><G3/><T48/><D135/><U14/><E71/><V118/><F110/><W111/><G111/><T38/><D109/><U101/><E122/><V128/><F118/><W108/><G108/><T89/><D38/><U36/><E36/><V0/><F0/><W29/><G121/><T90/><D126/><U21/><E101/><V116/><F116/><W10/><G102/><T60/><D73/><U64/><E84/><V6/><F6/><W107/><G107/><T16/><D72/><U62/><E64/><V124/><F124/><W125/><G125/><T50/><D103/><U13/><E33/><V105/><F105/><W88/><G131/><N who="2" m="50249" /><F86/><W66/><G113/><T47/><D50/><U31/><E2/><V106/><F106/><W57/><G88/><N who="0" m="33899" /><D99/><U5/><E31/><V70/><F70/><W32/><G32/><T94/><D94/><U54/><E54/><V96/><F85/><W87/><G87/><T93/><D93/><U76/><E76/><V123/><F123/><W30/><G30/><T67/><D67/><U130/><E130/><V97/><F97/><W53/><G66/><T65/><D65/><U78/><E78/><V91/><F100/><W11/><REACH who="3" step="1"/><G19/><REACH who="3" ten="245,209,225,311" step="2"/><N who="0" m="7211" /><D15/><N who="1" m="5707" /><E9/><AGARI ba="0,1" hai="9,10,11,26,29,34,51,53,56,57,58,132,133,134" machi="9" ten="40,8000,1" yaku="1,1,20,1,52,1,53,1" doraHai="20" doraHaiUra="45" who="3" fromWho="1" sc="245,0,209,-80,225,0,311,90" /><INIT seed="5,0,0,5,4,95" ten="245,129,225,401" oya="1" hai0="46,104,84,79,31,14,107,78,113,70,37,47,56" hai1="45,106,119,43,109,8,60,134,21,112,115,12,97" hai2="20,67,68,40,111,2,69,19,33,54,7,36,88" hai3="75,102,123,82,127,23,55,24,16,61,81,51,18"/><U5/><E119/><V1/><F40/><W101/><G123/><T135/><D70/><U27/><E109/><V125/><F67/><W25/><G61/><T76/><D113/><N who="1" m="43595" /><E60/><V48/><F36/><W17/><G75/><T44/><D37/><N who="1" m="21743" /><E134/><V87/><F33/><W66/><G66/><T38/><D38/><U89/><E106/><V86/><F111/><W34/><G127/><T13/><D135/><U72/><E72/><V105/><F105/><N who="0" m="40522" /><D84/><U65/><E65/><V4/><F87/><W99/><G34/><T90/><D90/><U80/><E80/><V91/><F125/><W108/><G108/><T93/><D93/><N who="1" m="56495" /><E27/><V3/><F68/><W49/><G17/><T39/><D39/><U120/><E21/><V71/><F71/><W77/><G23/><T10/><D56/><U50/><E50/><V100/><F69/><W22/><G22/><T35/><D10/><U98/><E120/><V96/><F19/><W63/><G63/><T92/><D92/><U130/><E130/><V73/><F20/><W11/><G11/><T74/><D74/><U126/><E126/><V29/><F73/><W59/><G59/><T129/><D129/><U132/><E132/><V103/><F48/><W15/><G51/><T64/><D64/><U62/><E62/><V122/><F122/><W41/><G49/><T42/><D42/><U30/><E30/><V58/><F29/><W124/><G41/><T32/><D31/><U52/><E52/><V133/><F54/><W83/><G55/><T9/><D9/><U94/><E94/><N who="2" m="56391" /><F133/><W28/><G124/><T114/><D114/><RYUUKYOKU ba="0,0" sc="245,15,129,15,225,-15,401,-15" hai0="13,14,32,35,44,46,47,76,78,79" hai1="5,8,12,98" /><INIT seed="5,1,0,1,4,86" ten="260,144,210,386" oya="1" hai0="115,5,122,1,12,61,41,106,114,63,91,58,47" hai1="62,54,32,20,124,70,64,99,76,129,79,27,120" hai2="117,69,71,33,72,90,44,16,104,130,113,108,96" hai3="97,66,127,53,135,14,13,0,24,37,28,68,3"/><U123/><E124/><V89/><F44/><W50/><G37/><T11/><D106/><U111/><E129/><V100/><F33/><W55/><G127/><T126/><D126/><U19/><E32/><V92/><F117/><W74/><G74/><T82/><D122/><U67/><E67/><V118/><F118/><W98/><G66/><T48/><D1/><U78/><E111/><V34/><F34/><W103/><G103/><T52/><D114/><U77/><N who="1" m="19968" /><DORA hai="51" /><U15/><E99/><V31/><F31/><W4/><G50/><T101/><D115/><U23/><REACH who="1" step="1"/><E54/><REACH who="1" ten="260,134,210,386" step="2"/><V9/><F108/><W102/><G97/><T45/><D101/><U59/><E59/><V25/><F130/><W85/><G102/><T49/><REACH who="0" step="1"/><D58/><REACH who="0" ten="250,134,210,386" step="2"/><U57/><E57/><V7/><F113/><W18/><G68/><T81/><D81/><U95/><E95/><V6/><F71/><W134/><G134/><T73/><D73/><U40/><E40/><V132/><F69/><W56/><G135/><T84/><AGARI ba="1,2" hai="5,11,12,41,45,47,48,49,52,61,63,82,84,91" machi="84" ten="30,12000,2" yaku="1,1,0,1,8,1,52,2,54,1,53,0" doraHai="86,51" doraHaiUra="119,125" who="0" fromWho="0" sc="250,143,134,-61,210,-31,386,-31" /><INIT seed="6,0,0,0,0,96" ten="393,73,179,355" oya="2" hai0="49,89,15,108,21,42,94,34,41,12,27,43,64" hai1="80,123,91,105,78,20,110,120,102,87,3,70,101" hai2="106,39,66,103,109,92,28,53,13,71,135,63,85" hai3="51,60,38,117,40,1,83,58,115,121,59,126,47"/><V122/><F39/><W52/><G1/><T118/><D108/><U54/><E70/><V81/><F122/><N who="1" m="46633" /><E3/><V29/><F109/><W14/><G121/><T99/><D34/><U131/><E54/><V111/><F135/><W88/><G117/><T124/><D118/><U8/><E8/><V55/><F106/><W9/><G126/><T50/><D124/><U95/><E20/><V18/><F111/><W0/><G0/><T93/><D64/><U44/><E44/><V22/><F28/><W61/><G115/><T76/><D76/><U30/><E30/><V79/><REACH who="2" step="1"/><F29/><REACH who="2" ten="393,73,169,355" step="2"/><W65/><G38/><T75/><D75/><N who="1" m="43103" /><E110/><V4/><F4/><N who="3" m="3367" /><G83/><T10/><D94/><U19/><E19/><V134/><F134/><W104/><G104/><T25/><D25/><U46/><E46/><V26/><F26/><W116/><G116/><T129/><D129/><U6/><E6/><V77/><F77/><W73/><G73/><T35/><D35/><U37/><E37/><V72/><F72/><W36/><G36/><T2/><D2/><U23/><E131/><V132/><F132/><W114/><G114/><T130/><D130/><U119/><E119/><V98/><AGARI ba="0,1" hai="13,18,22,53,55,63,66,71,79,81,85,92,98,103" machi="98" ten="30,6000,0" yaku="1,1,0,1,52,1,53,0" doraHai="96" doraHaiUra="86" who="2" fromWho="2" sc="393,-20,73,-20,169,70,355,-20" /><INIT seed="6,1,0,1,2,107" ten="373,53,239,335" oya="2" hai0="118,46,31,19,45,77,123,27,28,128,85,95,116" hai1="112,98,54,91,57,58,84,36,1,38,49,22,71" hai2="64,73,106,119,37,117,30,105,69,2,133,39,18" hai3="10,17,20,86,127,11,29,121,16,5,68,63,15"/><V42/><F18/><W48/><G121/><T23/><D123/><U47/><E1/><V24/><F24/><W35/><G127/><T126/><D126/><U72/><E112/><V50/><F30/><W9/><G48/><T0/><D0/><U40/><E22/><V67/><F50/><W99/><G86/><T6/><D6/><U87/><E98/><V13/><F13/><N who="3" m="7215" /><G99/><T104/><D104/><U124/><E124/><V53/><F53/><W115/><G63/><T3/><D3/><U88/><E71/><V55/><F2/><N who="3" m="311" /><G68/><T122/><D122/><U62/><E72/><V75/><F55/><W113/><G35/><T66/><D128/><U131/><E131/><V111/><F69/><W103/><G103/><T4/><D4/><U134/><E134/><V44/><F133/><W74/><G74/><T26/><D66/><U52/><E38/><V97/><F97/><W33/><G33/><T32/><D77/><U110/><E110/><V120/><F120/><W92/><G92/><T93/><D85/><U129/><E129/><V43/><REACH who="2" step="1"/><F44/><REACH who="2" ten="373,53,229,335" step="2"/><W70/><G70/><T78/><D32/><U65/><E36/><V135/><F135/><W34/><G34/><T132/><D132/><U59/><E40/><V125/><F125/><W14/><G29/><T108/><D108/><AGARI ba="1,1" hai="37,39,42,43,64,67,73,75,105,106,108,111,117,119" machi="108" ten="25,18000,2" yaku="1,1,22,2,52,2,53,2" doraHai="107" doraHaiUra="61" who="2" fromWho="0" sc="373,-183,53,0,229,193,335,0" /><INIT seed="6,2,0,0,4,20" ten="190,53,422,335" oya="2" hai0="135,59,90,24,92,54,72,37,131,103,124,127,43" hai1="39,85,62,87,45,73,14,56,51,81,130,97,132" hai2="21,102,112,126,9,41,3,106,86,25,6,75,125" hai3="60,8,118,18,19,67,36,7,28,84,15,40,121"/><V61/><F75/><W30/><G118/><T4/><D72/><U114/><E132/><V83/><F41/><W82/><G121/><T33/><D37/><U55/><E130/><V98/><F61/><W129/><G129/><T99/><D131/><U13/><E114/><V93/><F106/><W109/><G109/><T100/><D43/><U44/><E73/><V50/><F50/><W38/><G40/><T107/><D4/><U104/><E104/><V35/><F35/><W12/><G7/><T63/><D135/><U42/><E97/><V116/><F116/><W117/><G117/><T113/><D113/><U29/><E29/><V95/><F95/><W77/><G38/><T91/><D91/><U80/><E39/><V78/><REACH who="2" step="1"/><F112/><REACH who="2" ten="190,53,412,335" step="2"/><W27/><G36/><T47/><D47/><U101/><E45/><V53/><F53/><W128/><G128/><T31/><REACH who="0" step="1"/><D107/><REACH who="0" ten="180,53,412,335" step="2"/><U10/><E101/><AGARI ba="2,2" hai="24,31,33,54,59,63,90,92,99,100,101,103,124,127" machi="101" ten="40,8000,1" yaku="1,1,2,1,52,1,53,1" doraHai="20" doraHaiUra="89" who="0" fromWho="1" sc="180,106,53,-86,412,0,335,0" owari="286,-11.0,-33,-53.0,412,50.0,335,14.0" /></mjloggm>