<mjloggm ver="2.3"><GO type="169" lobby="0"/><UN n0="%E3%80%9D%73%68%69%6E" n1="%E3%81%98%E3%82%83%E3%82%80%E2%99%AD" n2="%E6%A1%9C%E7%8C%AB" n3="%EF%BC%88%E2%89%A7%E2%96%BD%E2%89%A6%EF%BC%89" dan="18,16,16,18" rate="2168.80,2053.24,2038.32,2190.66" sx="M,M,F,M"/><TAIKYOKU oya="0"/><INIT seed="0,0,0,4,5,56" ten="250,250,250,250" oya="0" hai0="60,11,86,133,85,58,107,48,25,117,102,89,37" hai1="67,32,76,77,135,5,28,90,78,97,124,62,47" hai2="66,91,63,95,34,31,8,21,94,111,75,29,98" hai3="36,65,1,68,74,15,72,119,113,50,69,6,64"/><T127/><D37/><U14/><E124/><V52/><F75/><W44/><G1/><T73/><D117/><U24/><E135/><V9/><F34/><W71/><G119/><T46/><D73/><U96/><E47/><V101/><F111/><W57/><G74/><T82/><D127/><U105/><E90/><V83/><F83/><W123/><G72/><T43/><D133/><U131/><E131/><V126/><F126/><W16/><G6/><T23/><D11/><U99/><E14/><V109/><F109/><W49/><G113/><T20/><D86/><U17/><E17/><V7/><F21/><W120/><G15/><T106/><D102/><N who="1" m="62663" /><E5/><V40/><F40/><N who="3" m="22535" /><G16/><T18/><REACH who="0" step="1"/><D20/><REACH who="0" ten="240,250,250,250" step="2"/><U45/><E97/><V84/><F9/><W132/><G132/><T121/><D121/><N who="3" m="46665" /><G65/><AGARI ba="0,1" hai="18,23,25,43,46,48,58,60,65,82,85,89,106,107" machi="65" ten="30,12000,1" yaku="1,1,7,1,52,1,53,2" doraHai="56" doraHaiUra="100" who="0" fromWho="3" sc="240,130,250,0,250,0,250,-120" /><INIT seed="0,1,0,5,4,61" ten="370,250,250,130" oya="0" hai0="91,67,69,75,71,113,30,117,18,132,89,13,100" hai1="79,51,74,39,33,42,125,49,119,0,120,73,87" hai2="133,81,2,115,128,59,37,54,1,56,32,111,88" hai3="70,17,90,3,122,123,77,82,26,9,129,94,101"/><T19/><D117/><U62/><E119/><V8/><F115/><W36/><G36/><T134/><D113/><U27/><E120/><N who="3" m="46122" /><G129/><T80/><D100/><U99/><E0/><V85/><F32/><W127/><G127/><T4/><D30/><U40/><E125/><V130/><F37/><W66/><G101/><T55/><D55/><U64/><E99/><V104/><F104/><W68/><G3/><T31/><D31/><U5/><E5/><V20/><F111/><W116/><G116/><T50/><D50/><U86/><E40/><V28/><F133/><N who="0" m="51306" /><D4/><U65/><E39/><V118/><F59/><W14/><G26/><T76/><D71/><U83/><E74/><V124/><F8/><W108/><G108/><T121/><D121/><U15/><E42/><V92/><F81/><W105/><G105/><T22/><D19/><U126/><E126/><V16/><F28/><W38/><G38/><T44/><D44/><U112/><E112/><V7/><F7/><W25/><G70/><T48/><D48/><U29/><E51/><N who="2" m="30815" /><F118/><W57/><G68/><T6/><D6/><U103/><E49/><V135/><F135/><W12/><G57/><T95/><D95/><U109/><E109/><V53/><F53/><W102/><G102/><T93/><D93/><U58/><E103/><V21/><F124/><W96/><G17/><T47/><D47/><U97/><E29/><V114/><F114/><W45/><G45/><T10/><D10/><U60/><E33/><V84/><F16/><W78/><G9/><T131/><D131/><U110/><E110/><V43/><F130/><RYUUKYOKU ba="1,0" sc="370,30,250,-10,250,-10,130,-10" hai0="13,18,22,67,69,75,76,80,89,91" /><INIT seed="0,2,0,1,3,93" ten="400,240,240,120" oya="0" hai0="56,45,94,122,107,54,124,126,108,11,131,87,83" hai1="50,128,28,80,102,20,46,39,72,75,112,106,21" hai2="25,26,38,13,33,64,120,10,4,66,77,57,84" hai3="15,103,73,5,116,111,70,134,65,114,36,8,74"/><T61/><D122/><U24/><E128/><V9/><F120/><W81/><G116/><T71/><D107/><U99/><E39/><V22/><F38/><W118/><G114/><T59/><D131/><U125/><E112/><V133/><F133/><W90/><G118/><T92/><D71/><U130/><E125/><N who="0" m="48233" /><D108/><U78/><E130/><V42/><F42/><W76/><G111/><T62/><D11/><U47/><E75/><V37/><F37/><W123/><G123/><T1/><D45/><U32/><REACH who="1" step="1"/><E46/><REACH who="1" ten="400,230,240,120" step="2"/><V48/><F33/><W101/><G36/><T100/><D1/><U14/><E14/><V27/><F13/><W105/><G73/><T109/><D109/><U35/><E35/><V86/><F4/><W18/><G134/><T135/><D135/><U82/><E82/><V19/><F26/><W113/><G113/><T95/><D83/><U12/><E12/><V30/><F25/><W127/><G127/><T2/><D2/><U43/><AGARI ba="2,1" hai="20,21,24,28,32,43,47,50,72,78,80,99,102,106" machi="43" ten="20,5200,0" yaku="1,1,0,1,7,1,52,1,53,0" doraHai="93" doraHaiUra="129" who="1" fromWho="1" sc="400,-28,230,68,240,-15,120,-15" /><INIT seed="1,0,0,2,2,75" ten="372,298,225,105" oya="1" hai0="121,23,16,133,73,110,24,8,6,12,34,43,94" hai1="99,101,26,124,84,40,128,2,91,115,83,97,95" hai2="47,98,14,108,111,60,116,100,76,3,78,66,30" hai3="107,127,7,67,46,77,29,37,81,32,131,44,70"/><U64/><E2/><V33/><F3/><W74/><G131/><T21/><D73/><U25/><E115/><V126/><F14/><W118/><G118/><T92/><D34/><U1/><E1/><V93/><F116/><W89/><G127/><T114/><D114/><U103/><E124/><V119/><F119/><W10/><G107/><T122/><D133/><U0/><E0/><V129/><F126/><W71/><G37/><T13/><D43/><U120/><E120/><N who="0" m="46185" /><D110/><N who="2" m="42026" /><F47/><W112/><G112/><T56/><D56/><U117/><E117/><V39/><F39/><W51/><G46/><T61/><D61/><U88/><E128/><V41/><F41/><W134/><G134/><T18/><AGARI ba="0,0" hai="6,8,12,13,16,18,21,23,24,92,94" m="46185" machi="18" ten="30,2000,0" yaku="13,1,54,1" doraHai="75" who="0" fromWho="0" sc="372,20,298,-10,225,-5,105,-5" /><INIT seed="2,0,0,0,4,105" ten="392,288,220,100" oya="2" hai0="25,4,111,129,100,27,83,92,124,37,18,96,118" hai1="56,109,59,30,42,107,54,134,0,132,102,43,121" hai2="40,82,79,98,19,1,44,22,17,110,123,8,115" hai3="62,117,76,86,60,113,50,77,16,58,66,11,114"/><V73/><F123/><W122/><G117/><T74/><D37/><U126/><E0/><V14/><F115/><N who="3" m="44043" /><G122/><T128/><D118/><U69/><E121/><V49/><F110/><W20/><G11/><T45/><D124/><U120/><E120/><V52/><F98/><W7/><G7/><T21/><D111/><U23/><E109/><V10/><F1/><W38/><G38/><T116/><D116/><U47/><E126/><V89/><F89/><W29/><G29/><T51/><D4/><U91/><E69/><V2/><F2/><W55/><G86/><T94/><D94/><U135/><E91/><V87/><F73/><W95/><G95/><T80/><D27/><N who="1" m="16767" /><E47/><V24/><F10/><W93/><G93/><T104/><D104/><U130/><E130/><V26/><F26/><N who="3" m="14599" /><G62/><T63/><D63/><N who="1" m="36247" /><E59/><AGARI ba="0,0" hai="50,55,58,59,60,66,76,77" m="14599,44043" machi="59" ten="30,2000,0" yaku="11,1,54,1" doraHai="105" who="3" fromWho="1" sc="392,0,288,-20,220,0,100,20" /><INIT seed="3,0,0,2,3,79" ten="392,268,220,120" oya="3" hai0="19,78,47,11,27,128,36,123,44,23,68,112,91" hai1="69,61,133,3,70,115,64,72,54,59,87,32,86" hai2="111,50,52,113,109,14,118,104,56,0,49,114,51" hai3="21,85,75,13,10,57,5,121,29,93,30,39,120"/><W65/><G39/><T84/><D68/><U25/><E115/><N who="2" m="44043" /><F0/><W71/><G75/><T130/><D123/><U9/><E133/><V108/><F14/><W82/><G71/><T4/><D78/><U28/><E72/><V7/><F7/><W122/><G93/><N who="0" m="54503" /><D36/><U125/><E125/><V81/><F104/><W67/><G57/><T127/><D127/><U76/><E76/><V95/><F95/><W96/><G96/><T134/><D134/><U135/><E135/><V107/><F107/><W60/><G60/><T100/><D100/><U41/><E41/><V26/><F26/><W62/><G21/><T83/><D83/><U16/><E70/><V106/><F106/><W63/><G63/><T22/><D22/><U42/><E42/><V31/><F31/><W74/><G74/><T116/><D116/><U24/><E3/><V58/><F81/><W129/><G129/><N who="0" m="49771" /><D112/><U94/><E94/><V103/><F103/><W101/><G101/><T126/><D126/><U40/><E40/><V102/><F102/><W45/><G45/><T66/><D66/><U8/><E8/><V18/><F18/><W6/><G6/><T48/><D48/><N who="2" m="18538" /><F118/><W12/><G121/><T20/><D20/><N who="1" m="13319" /><E9/><V55/><F55/><W37/><G122/><T73/><D73/><U90/><E32/><V132/><F132/><W124/><G120/><T53/><D53/><U110/><E28/><N who="3" m="10858" /><G124/><T35/><D35/><U92/><E54/><V98/><F98/><W34/><G34/><T97/><D97/><U2/><E2/><AGARI ba="0,0" hai="2,4,11,19,23,27,44,47" m="49771,54503" machi="2" ten="30,1000,0" yaku="19,1" doraHai="79" who="0" fromWho="1" sc="392,10,268,-10,220,0,120,0" /><INIT seed="4,0,0,0,1,8" ten="402,258,220,120" oya="0" hai0="23,21,126,79,13,54,105,123,58,93,75,109,94" hai1="11,112,40,36,127,27,18,41,86,53,33,39,100" hai2="69,96,116,60,62,55,47,87,121,81,134,46,111" hai3="15,78,103,90,95,80,6,48,9,29,64,1,5"/><T119/><D105/><U115/><E127/><V70/><F111/><W17/><G103/><T14/><D119/><U28/><E100/><V16/><F121/><W108/><G108/><T25/><D123/><U7/><E18/><V51/><F96/><W42/><G64/><T32/><D32/><U128/><E128/><V130/><F130/><W12/><G29/><T37/><D37/><N who="1" m="14411" /><E53/><V85/><F134/><W52/><G42/><T106/><D106/><U122/><E86/><V114/><F114/><N who="1" m="43561" /><E122/><V56/><F116/><W118/><G118/><T72/><D126/><U3/><AGARI ba="0,0" hai="3,7,11,27,28,33,40,41" m="43561,14411" machi="3" ten="30,2000,0" yaku="15,1,11,1" doraHai="8" who="1" fromWho="1" sc="402,-10,258,20,220,-5,120,-5" /><INIT seed="5,0,0,5,1,135" ten="392,278,215,115" oya="1" hai0="54,122,72,39,83,85,125,5,27,14,99,132,60" hai1="119,116,86,64,101,66,57,117,129,92,20,81,121" hai2="31,25,37,73,8,51,2,134,9,126,34,71,113" hai3="45,61,97,127,48,33,1,35,59,58,50,75,68"/><U108/><E121/><V65/><F51/><W29/><G75/><T120/><D132/><U123/><E123/><N who="0" m="47145" /><D72/><U130/><E108/><V24/><F24/><W118/><G118/><T63/><D39/><U47/><E47/><V109/><F9/><W16/><G1/><T95/><D27/><U49/><E20/><V93/><F93/><W70/><G29/><T88/><D54/><N who="1" m="31951" /><E101/><V21/><F21/><W30/><G30/><T41/><D41/><U17/><E17/><V91/><F91/><W53/><G97/><T7/><D63/><U32/><E92/><V19/><F19/><W10/><G10/><N who="0" m="4431" /><D60/><U105/><E105/><V133/><F109/><W78/><G16/><T90/><D7/><U107/><E32/><V6/><F37/><W3/><G3/><T128/><D128/><N who="1" m="49259" /><E107/><V42/><F42/><W67/><G61/><T80/><D80/><U96/><E96/><V12/><F2/><W40/><G40/><T0/><D0/><U98/><E98/><V106/><F106/><W36/><G36/><T13/><D13/><U102/><E102/><V55/><F12/><W100/><G100/><T38/><D38/><U82/><E82/><V11/><F34/><W4/><G53/><T104/><D104/><U15/><E15/><V87/><F55/><W23/><G35/><T76/><D90/><AGARI ba="0,0" hai="64,66,81,86,90,116,117,119" m="49259,31951" machi="90" ten="40,2000,0" yaku="19,1" doraHai="135" who="1" fromWho="0" sc="392,-20,278,20,215,0,115,0" /><INIT seed="5,1,0,5,2,65" ten="372,298,215,115" oya="1" hai0="8,132,22,70,81,98,109,96,34,6,47,85,106" hai1="12,83,23,69,120,61,32,79,26,131,9,125,123" hai2="44,62,91,102,82,7,42,17,105,108,133,64,84" hai3="54,18,110,60,38,40,29,74,115,51,92,33,88"/><U21/><E131/><V35/><F108/><W80/><G110/><T114/><D34/><U46/><E125/><V25/><F7/><W2/><G2/><T4/><D109/><U127/><E127/><V50/><F133/><W119/><G119/><T89/><D132/><U36/><E32/><V94/><F105/><W122/><G122/><T87/><D70/><U101/><E101/><V67/><F35/><W28/><G115/><T63/><D63/><U134/><E134/><V56/><F67/><W129/><G129/><T58/><D58/><U0/><E0/><V117/><F117/><W73/><G33/><T103/><D114/><U55/><E26/><V97/><F25/><W111/><G111/><T59/><D59/><U86/><E36/><V53/><F17/><W52/><G38/><T14/><D98/><U71/><E120/><V95/><F95/><W90/><G80/><T112/><D112/><U24/><E24/><V13/><F13/><W113/><G113/><T31/><D47/><U77/><E77/><V68/><REACH who="2" step="1"/><F42/><REACH who="2" ten="372,298,205,115" step="2"/><W126/><G126/><T121/><D14/><U41/><E41/><V30/><F30/><W15/><G40/><T72/><D31/><N who="3" m="11849" /><G92/><T1/><D106/><U57/><E123/><V20/><F20/><W75/><G18/><T130/><D22/><U128/><E128/><V107/><F107/><W118/><G15/><T49/><D1/><U16/><E23/><V124/><F124/><W10/><G118/><T11/><D130/><U93/><E93/><V3/><F3/><W76/><G10/><T78/><D121/><U5/><E21/><RYUUKYOKU ba="1,1" sc="372,-10,298,-10,205,30,115,-10" hai2="44,50,53,56,62,64,68,82,84,91,94,97,102" /><INIT seed="6,2,1,0,1,56" ten="362,288,235,105" oya="2" hai0="91,44,5,115,84,50,90,73,133,22,69,49,116" hai1="119,17,20,19,128,37,100,6,16,131,78,9,127" hai2="132,10,51,68,26,97,23,105,70,96,58,52,94" hai3="123,33,108,61,1,31,0,107,55,47,120,102,77"/><V92/><F132/><W113/><G108/><T36/><D73/><U64/><E119/><V25/><F105/><W34/><G77/><T99/><D69/><U124/><E37/><V130/><F130/><N who="1" m="49705" /><E78/><V72/><F72/><W114/><G102/><T42/><D116/><U74/><E74/><V59/><F10/><W48/><G107/><T38/><D133/><U28/><E64/><V29/><F58/><W118/><G118/><T54/><D5/><U122/><E122/><N who="3" m="46634" /><G31/><T7/><D7/><U98/><E98/><V76/><F76/><W11/><G11/><T13/><D115/><N who="3" m="44041" /><G61/><T80/><D22/><U32/><E32/><AGARI ba="2,1" hai="0,1,32,33,34,47,48,55" m="44041,46634" machi="32" ten="40,2600,0" yaku="15,1,11,1" doraHai="56" who="3" fromWho="1" sc="362,0,288,-32,235,0,105,42" /><INIT seed="7,0,0,0,1,51" ten="362,256,235,147" oya="3" hai0="46,62,88,13,63,20,47,95,135,106,29,16,87" hai1="121,74,118,42,102,101,52,72,71,26,18,107,45" hai2="43,108,66,96,119,1,115,44,56,10,70,8,27" hai3="89,59,126,80,48,2,6,9,111,28,54,58,129"/><W93/><G129/><T34/><D106/><U103/><E121/><V99/><F108/><W36/><G36/><T61/><D135/><U19/><E71/><V98/><F119/><W86/><G111/><T15/><D34/><U21/><E107/><V100/><F70/><W30/><G126/><T132/><D29/><U125/><E125/><V84/><F100/><W75/><REACH who="3" step="1"/><G59/><REACH who="3" ten="362,256,235,137" step="2"/><T122/><D122/><U14/><E118/><V113/><F115/><W116/><G116/><T67/><D132/><U109/><E109/><V97/><F113/><W133/><G133/><T134/><D134/><U35/><E35/><V3/><F56/><W55/><G55/><T127/><D127/><U78/><E52/><V17/><F66/><W81/><G81/><T11/><D67/><U7/><E42/><V124/><F124/><W37/><G37/><T73/><D47/><U114/><E45/><V77/><F44/><W76/><AGARI ba="0,1" hai="2,6,9,28,30,48,54,58,75,76,80,86,89,93" machi="76" ten="30,6000,0" yaku="1,1,0,1,52,1,53,0" doraHai="51" doraHaiUra="40" who="3" fromWho="3" sc="362,-20,256,-20,235,-20,137,70" /><INIT seed="7,1,0,1,1,23" ten="342,236,215,207" oya="3" hai0="13,126,45,1,97,130,87,116,21,31,48,81,15" hai1="118,85,62,43,63,106,127,39,110,112,80,37,52" hai2="84,3,128,107,38,96,83,121,95,42,68,53,2" hai3="132,50,135,7,94,58,36,86,16,10,20,82,70"/><W19/><G36/><T123/><D1/><U73/><E110/><V67/><F107/><W72/><G70/><T99/><D116/><U115/><E118/><V0/><F121/><W101/><G72/><T61/><D61/><U59/><E127/><V6/><F53/><N who="3" m="32055" /><G101/><T4/><D48/><N who="1" m="31111" /><E106/><V24/><F128/><W8/><G94/><T79/><D87/><U91/><E73/><V92/><F6/><W35/><G35/><T93/><D21/><U26/><E26/><V108/><F108/><W78/><G7/><T125/><D4/><U111/><E111/><V89/><F68/><W88/><G78/><T14/><D79/><U17/><E39/><V40/><F67/><W22/><G22/><T133/><D133/><N who="3" m="51273" /><G19/><T44/><D125/><U25/><E37/><V27/><F38/><W66/><G66/><T124/><D126/><U11/><E11/><V119/><F119/><W47/><G47/><T33/><D44/><U49/><E17/><V69/><F69/><W71/><G71/><T32/><D45/><U18/><E18/><V76/><REACH who="2" step="1"/><F92/><REACH who="2" ten="342,236,205,207" step="2"/><W134/><N who="3" m="51281" /><W122/><DORA hai="65" /><G122/><T120/><D123/><U54/><E54/><V12/><F12/><AGARI ba="1,1" hai="8,10,12,16,20,82,86,88" m="51281,32055" machi="12" ten="40,7700,0" yaku="20,1,54,2" doraHai="23,65" who="3" fromWho="2" sc="342,0,236,0,205,-80,207,90" /><INIT seed="7,2,0,4,2,44" ten="342,236,125,297" oya="3" hai0="11,23,46,59,18,45,130,121,98,74,131,40,128" hai1="77,81,133,35,79,134,88,9,76,41,78,101,97" hai2="115,90,8,26,132,122,52,75,42,16,116,30,51" hai3="32,65,112,123,22,50,113,92,104,62,114,55,17"/><W103/><G32/><T15/><D121/><U120/><E35/><V111/><F75/><W119/><G104/><T57/><D74/><N who="1" m="43159" /><E9/><V69/><F122/><W107/><G107/><T47/><D40/><U73/><E41/><V20/><F69/><N who="3" m="42167" /><G123/><T80/><D80/><N who="1" m="45103" /><E120/><V84/><F111/><W89/><G103/><T1/><D98/><U61/><E61/><V118/><F132/><N who="1" m="50793" /><E88/><V49/><F115/><W71/><G71/><T19/><D1/><U24/><E24/><AGARI ba="2,0" hai="11,15,18,19,23,24,45,46,47,57,59,128,130,131" machi="24" ten="50,1600,0" yaku="19,1" doraHai="44" who="0" fromWho="1" sc="342,22,236,-22,125,0,297,0" owari="364,46.0,214,-19.0,125,-37.0,297,10.0" /></mjloggm>