<mjloggm ver="2.3"><GO type="41"/><UN n0="%E3%82%A6%E3%83%AB%E3%83%88%E3%83%A9%E7%AB%8B%E7%9B%B4" n1="%E5%BD%AC" n2="%53%75%73%75%6D%75" n3="%E6%9D%B1%E9%9B%B2%E7%9A%90%E6%9C%88" dan="15,14,13,15" rate="2023,1905,1819,2005" sx="M,M,M,F"/><TAIKYOKU oya="0"/><INIT seed="0,0,0,2,5,85" ten="250,250,250,250" oya="0" hai0="124,74,19,115,98,80,3,87,47,11,0,44,50" hai1="8,103,38,132,21,83,119,5,15,49,36,75,125" hai2="43,94,116,101,33,68,67,71,112,51,10,100,18" hai3="13,63,130,128,79,24,108,72,27,35,93,111,64"/><T104/><D74/><U114/><E119/><V121/><F116/><W25/><G35/><T126/><D115/><U70/><E114/><V110/><F112/><W58/><G13/><N who="0" m="7615" /><D44/><U134/><E70/><V4/><F121/><W20/><G20/><T105/><D98/><U123/><E123/><V23/><F33/><W14/><G14/><T118/><D118/><U40/><E125/><N who="0" m="48233" /><D3/><U73/><E103/><V78/><F68/><W45/><G45/><T97/><D97/><U66/><E66/><V55/><F43/><W22/><G22/><T133/><D0/><U62/><E62/><V28/><F28/><W7/><G7/><T61/><D61/><U99/><E99/><V122/><F122/><W39/><G39/><T29/><D29/><U12/><E38/><V90/><F78/><W84/><G72/><T59/><D59/><U117/><E36/><V48/><F48/><W41/><G41/><N who="0" m="24943" /><D133/><U69/><E73/><V102/><F67/><W96/><G79/><AGARI ba="0,0" hai="79,80,87,104,105" m="24943,48233,7615" machi="79" ten="30,1500,0" yaku="18,1" doraHai="85" who="0" fromWho="3" sc="250,15,250,0,250,0,250,-15" /><INIT seed="0,1,0,5,1,46" ten="265,250,250,235" oya="0" hai0="92,117,94,21,28,112,107,7,18,125,13,58,69" hai1="96,99,11,37,27,129,130,50,85,97,15,73,89" hai2="78,64,44,33,34,30,62,72,66,65,20,38,70" hai3="71,121,63,116,45,22,132,59,68,0,102,9,76"/><T48/><D69/><U75/><E37/><V133/><F20/><W114/><G116/><T134/><D107/><U36/><E36/><V120/><F65/><W8/><G114/><T131/><D117/><U41/><E27/><V43/><F120/><W51/><G121/><T95/><D112/><U98/><N who="1" m="24576" /><DORA hai="3" /><U110/><E110/><V113/><F113/><W32/><G32/><T42/><D125/><U24/><E24/><N who="2" m="18631" /><F133/><W135/><G76/><T4/><D134/><N who="3" m="51241" /><G102/><T19/><D28/><U106/><E106/><V61/><F34/><W115/><G22/><N who="0" m="11599" /><D131/><N who="1" m="50187" /><E89/><V77/><F77/><W103/><G9/><T6/><D42/><U105/><E85/><V14/><F14/><W91/><G103/><T40/><D40/><U5/><E105/><V17/><F17/><W101/><G91/><T55/><D95/><U87/><E87/><V118/><F118/><W54/><G101/><T90/><D90/><U127/><E127/><V79/><F79/><W80/><G80/><T84/><D84/><U108/><E108/><V81/><F64/><N who="3" m="39039" /><G115/><T83/><D83/><U25/><E25/><AGARI ba="1,0" hai="4,6,7,19,21,25,48,55,58,92,94" m="11599" machi="25" ten="30,12000,1" yaku="8,1,52,4" doraHai="46,3" who="0" fromWho="1" sc="265,123,250,-123,250,0,235,0" /><INIT seed="0,2,0,0,4,104" ten="388,127,250,235" oya="0" hai0="106,70,86,16,107,7,75,13,95,74,85,118,69" hai1="81,42,2,111,96,77,67,91,133,46,43,56,108" hai2="52,94,41,97,6,37,1,132,51,121,23,120,38" hai3="48,66,129,114,73,5,88,79,112,11,35,8,78"/><T21/><D118/><U119/><E119/><V63/><F41/><W122/><G35/><T110/><D7/><U60/><E2/><V76/><F38/><W71/><G129/><T72/><D110/><N who="1" m="42027" /><E133/><V54/><F37/><W125/><G78/><T101/><D107/><U80/><E46/><V109/><F132/><W103/><G103/><T131/><D131/><U116/><E116/><V115/><F109/><W89/><G125/><T59/><D59/><U123/><E123/><V134/><F134/><W34/><G34/><T10/><D10/><U128/><E128/><V14/><F1/><W47/><G66/><T39/><D39/><U44/><E44/><V31/><F115/><W113/><G71/><T53/><D53/><U58/><E58/><V22/><F76/><W49/><G122/><T102/><D106/><U19/><E19/><V124/><F124/><W20/><G20/><T28/><D28/><U40/><E77/><V84/><F84/><W87/><G87/><T90/><REACH who="0" step="1"/><D85/><REACH who="0" ten="378,127,250,235" step="2"/><U32/><E56/><N who="2" m="35223" /><F121/><W4/><G4/><T24/><D24/><U135/><E135/><V30/><F120/><W100/><G8/><T0/><D0/><U105/><E105/><V29/><F6/><W36/><G36/><T26/><D26/><U126/><E126/><V65/><F14/><W45/><G11/><T57/><D57/><U12/><E12/><V127/><F127/><W55/><G5/><T93/><D93/><U27/><E27/><V68/><F68/><AGARI ba="2,1" hai="13,16,21,68,69,70,72,74,75,86,90,95,101,102" machi="68" ten="50,12000,1" yaku="1,1,52,3,54,1,53,0" doraHai="104" doraHaiUra="62" who="0" fromWho="2" sc="378,136,127,0,250,-126,235,0" /><INIT seed="0,3,0,1,2,93" ten="514,127,124,235" oya="0" hai0="61,89,129,99,125,23,121,73,122,72,49,123,22" hai1="51,128,124,79,50,106,114,81,19,40,20,18,120" hai2="100,69,70,88,29,83,75,62,31,63,44,10,94" hai3="21,92,27,86,85,68,25,112,30,134,113,58,57"/><T8/><D125/><U39/><E124/><V48/><F100/><W65/><G68/><T5/><D129/><U59/><E120/><V47/><F10/><W77/><G134/><T53/><D61/><U82/><E128/><V43/><F69/><W45/><G45/><T38/><D38/><U15/><E114/><V32/><F70/><W34/><G85/><T96/><D73/><U91/><E106/><V4/><F4/><W133/><G133/><T102/><D72/><U26/><E59/><V98/><F47/><W56/><G65/><T135/><D135/><U111/><E111/><V35/><F35/><W28/><REACH who="3" step="1"/><G92/><REACH who="3" ten="514,127,124,225" step="2"/><N who="0" m="56335" /><D121/><U24/><E39/><V132/><F132/><W12/><G12/><N who="0" m="5135" /><D122/><U2/><E2/><V110/><F110/><W41/><G41/><T54/><D123/><U0/><E40/><V80/><F43/><W131/><G131/><T107/><D107/><U36/><E0/><V67/><F94/><W87/><G87/><T130/><D130/><U104/><E36/><V71/><F75/><W52/><G52/><T16/><D54/><U3/><E3/><V116/><F67/><W97/><G97/><T66/><D66/><U78/><E104/><V103/><F98/><W7/><G7/><T46/><D99/><U95/><E95/><V13/><F71/><W33/><G33/><T9/><D102/><U74/><E74/><V6/><F6/><W101/><G101/><T37/><D37/><U90/><E15/><AGARI ba="3,1" hai="9,15,16,22,23,46,49,53" m="5135,56335" machi="15" ten="30,5800,0" yaku="8,1,52,1,54,1" doraHai="93" who="0" fromWho="1" sc="514,77,127,-67,124,0,225,0" /><INIT seed="0,4,0,2,0,126" ten="591,60,124,225" oya="0" hai0="90,121,77,55,25,66,106,69,116,61,62,97,71" hai1="51,54,7,43,35,123,105,39,101,102,127,38,93" hai2="81,40,19,80,135,118,76,125,2,48,83,95,0" hai3="14,99,70,124,30,52,131,96,53,41,115,98,91"/><T27/><D121/><U24/><E123/><V23/><F125/><W47/><G124/><T16/><D116/><U79/><E127/><V56/><F118/><W21/><G70/><T67/><D77/><U22/><E105/><V92/><F135/><W59/><G115/><T20/><D55/><U33/><E7/><V129/><F76/><W29/><G91/><T119/><D119/><U26/><E79/><V130/><F40/><W133/><G133/><T13/><D90/><U110/><E110/><V63/><F48/><N who="3" m="26735" /><G53/><T37/><REACH who="0" step="1"/><D37/><REACH who="0" ten="581,60,124,225" step="2"/><U100/><E54/><V32/><F32/><W72/><G72/><T5/><D5/><U45/><E39/><V94/><F56/><W18/><G131/><N who="2" m="50185" /><F63/><AGARI ba="4,1" hai="14,18,21,29,30,52,59,63,96,98,99" m="26735" machi="63" ten="30,2000,0" yaku="8,1,54,1" doraHai="126" who="3" fromWho="2" sc="581,0,60,0,124,-32,225,42" /><INIT seed="1,0,0,3,5,29" ten="581,60,92,267" oya="1" hai0="101,36,133,52,8,38,65,20,19,58,62,76,68" hai1="4,115,49,11,56,72,23,109,129,71,92,51,120" hai2="37,126,117,103,67,32,128,69,39,111,21,119,123" hai3="131,127,27,34,28,102,57,61,80,104,66,77,46"/><U108/><E115/><V31/><F123/><W53/><G127/><T75/><D133/><U1/><E120/><V16/><F126/><W112/><G112/><T79/><D101/><U121/><E121/><V55/><F128/><W12/><G131/><T59/><D68/><U22/><E129/><V99/><F67/><W40/><G12/><T30/><D38/><U135/><E71/><V116/><F69/><W50/><G102/><T70/><D36/><U42/><E135/><V47/><F111/><N who="1" m="42569" /><E72/><V45/><F39/><W14/><G14/><N who="0" m="7623" /><D75/><U85/><E42/><V9/><F9/><W91/><G91/><T132/><D132/><U41/><E41/><V110/><F110/><W24/><G24/><N who="0" m="16647" /><D70/><U13/><E1/><V97/><F37/><W134/><G134/><T15/><D15/><U3/><E3/><V78/><F78/><W105/><G40/><T106/><D106/><U81/><E92/><V88/><F55/><W5/><G5/><T83/><D83/><U26/><E56/><V54/><F54/><W95/><G95/><T113/><D113/><U48/><E26/><V74/><F74/><AGARI ba="0,0" hai="27,28,34,46,50,53,57,61,66,74,77,80,104,105" machi="74" ten="30,2000,0" yaku="7,1,52,1" doraHai="29" who="3" fromWho="2" sc="581,0,60,0,92,-20,267,20" /><INIT seed="2,0,0,2,1,39" ten="581,60,72,287" oya="2" hai0="10,93,127,64,135,43,34,78,67,25,3,9,57" hai1="126,131,134,13,107,20,69,99,120,51,17,53,38" hai2="71,65,5,29,28,11,4,47,122,104,118,83,86" hai3="1,62,90,85,77,81,82,15,8,18,56,121,124"/><V105/><F118/><W79/><G124/><T101/><D3/><U95/><E126/><V50/><F122/><W52/><G121/><T40/><D34/><U114/><E120/><V119/><F119/><W14/><G1/><T88/><D127/><U24/><E114/><V74/><F74/><W87/><REACH who="3" step="1"/><G14/><REACH who="3" ten="581,60,72,277" step="2"/><T35/><D135/><U91/><E134/><V33/><F4/><W66/><G66/><T58/><D67/><U103/><E131/><V123/><F123/><W7/><G7/><T75/><D64/><U0/><E0/><V106/><F65/><W44/><G44/><T31/><D58/><U117/><E117/><V6/><F6/><W61/><G61/><T49/><D57/><U46/><E69/><V68/><F68/><W54/><G54/><T48/><D48/><U94/><E38/><V112/><F71/><W128/><G128/><T109/><D49/><U125/><E125/><V80/><F112/><W89/><AGARI ba="0,1" hai="8,15,18,52,56,62,77,79,81,82,85,87,89,90" machi="89" ten="20,12000,2" yaku="1,1,0,1,7,1,9,1,8,1,54,1,53,0" doraHai="39" doraHaiUra="22" who="3" fromWho="3" sc="581,-30,60,-30,72,-60,277,130" /><INIT seed="3,0,0,0,4,132" ten="551,30,12,407" oya="3" hai0="21,125,107,80,34,30,1,99,100,10,54,41,42" hai1="9,36,89,70,51,12,74,112,73,117,85,3,120" hai2="26,103,72,45,130,5,50,135,23,94,61,52,95" hai3="124,66,128,121,40,113,109,69,71,75,96,7,49"/><W32/><G7/><T91/><D34/><U59/><E120/><V97/><F135/><W19/><G96/><T101/><D125/><U57/><E112/><V84/><F72/><W118/><G19/><T119/><D119/><U20/><E70/><V4/><F130/><W15/><G15/><T77/><D101/><U68/><E68/><V29/><F61/><W86/><G86/><T123/><D123/><U24/><E36/><V37/><F37/><W114/><G49/><T98/><D98/><U82/><E3/><V62/><F62/><W11/><G11/><T110/><D91/><AGARI ba="0,0" hai="4,5,23,26,29,45,50,52,84,91,94,95,97,103" machi="91" ten="40,2600,0" yaku="8,1,54,1" doraHai="132" who="2" fromWho="0" sc="551,-26,30,0,12,26,407,0" /><INIT seed="4,0,0,0,3,122" ten="525,30,38,407" oya="0" hai0="60,83,106,87,18,1,9,128,27,8,104,58,82" hai1="10,102,13,77,89,111,43,70,112,23,47,14,11" hai2="90,35,69,118,37,133,38,113,100,124,119,28,109" hai3="81,51,26,42,134,15,75,3,105,67,99,64,45"/><T93/><D128/><U5/><E70/><V25/><F109/><W57/><G3/><T86/><D1/><U76/><E111/><V103/><F90/><W95/><G105/><T7/><D7/><U33/><E33/><V12/><F12/><W66/><G26/><T30/><D93/><U129/><E129/><V36/><F124/><W107/><G107/><T80/><D104/><U65/><E65/><V117/><F133/><W68/><G68/><T39/><D39/><U96/><E112/><V21/><F21/><W116/><G116/><T131/><D106/><U73/><E23/><V108/><F108/><W125/><G125/><T123/><D123/><U49/><E89/><V130/><F130/><W34/><G34/><T40/><D40/><U54/><E43/><V101/><REACH who="2" step="1"/><F69/><REACH who="2" ten="525,30,28,407" step="2"/><W2/><G15/><T110/><D110/><U50/><E14/><V61/><F61/><W46/><G134/><T0/><D0/><U121/><E13/><V19/><F19/><W29/><G2/><T48/><D131/><U88/><E88/><V20/><F20/><W53/><G29/><T41/><D30/><U126/><E126/><V55/><F55/><W6/><G6/><T132/><D132/><U4/><E54/><V56/><F56/><W127/><G127/><T114/><D18/><U52/><E52/><V24/><F24/><W78/><G42/><T97/><D27/><U63/><E4/><V120/><F120/><W91/><AGARI ba="0,1" hai="45,46,51,53,57,64,66,67,75,78,81,91,95,99" machi="91" ten="30,1100,0" yaku="0,1" doraHai="122" who="3" fromWho="3" sc="525,-5,30,-3,28,-3,407,21" /><INIT seed="5,0,0,4,1,46" ten="520,27,25,428" oya="1" hai0="103,32,98,9,85,39,65,14,131,27,127,74,68" hai1="11,135,73,13,7,99,47,114,54,28,83,63,30" hai2="56,18,80,35,64,94,49,33,132,105,126,24,17" hai3="3,93,134,41,76,125,38,19,118,4,12,130,20"/><U69/><E114/><V120/><F105/><W95/><G134/><T75/><D39/><U128/><E135/><V108/><F132/><W84/><G130/><T66/><D131/><U111/><E128/><V55/><F120/><W119/><G41/><T102/><D127/><U53/><E111/><V62/><F108/><W81/><G38/><T92/><D103/><U109/><E109/><V21/><F126/><W77/><G77/><T44/><D75/><U61/><E99/><V110/><F110/><W22/><G22/><T40/><D74/><U91/><E69/><V107/><F107/><W88/><G76/><T67/><D85/><N who="1" m="50623" /><E73/><V72/><F94/><W104/><G104/><T70/><D32/><U89/><E89/><V5/><F5/><W123/><G123/><T43/><D27/><U58/><E47/><V0/><F0/><W122/><G122/><T52/><D70/><U115/><E115/><V59/><F72/><W112/><G112/><T42/><D68/><U48/><E54/><V97/><F97/><W113/><G125/><T23/><D23/><U71/><E71/><V86/><REACH who="2" step="1"/><F17/><REACH who="2" ten="520,27,15,428" step="2"/><W78/><G113/><T36/><D36/><U60/><AGARI ba="0,1" hai="7,11,13,28,30,48,53,58,60,61,63" m="50623" machi="60" ten="30,3000,0" yaku="8,1,52,1" doraHai="46" who="1" fromWho="1" sc="520,-10,27,40,15,-10,428,-10" /><INIT seed="5,1,0,4,2,87" ten="510,67,5,418" oya="1" hai0="130,67,27,102,93,88,113,44,105,127,101,65,35" hai1="129,6,115,128,69,112,3,58,74,4,122,116,131" hai2="66,52,94,100,99,77,1,64,114,97,31,123,111" hai3="110,14,25,62,20,7,73,22,103,121,26,85,117"/><U60/><E116/><V119/><F123/><W48/><G73/><T75/><D75/><U40/><E122/><V51/><F119/><W18/><G121/><T16/><D105/><U83/><E40/><V63/><F111/><W54/><G110/><T33/><D35/><U126/><E69/><V37/><F37/><W32/><G62/><T96/><D33/><U39/><E39/><V0/><F77/><W81/><G103/><T92/><D127/><U57/><E126/><V72/><F72/><W8/><G32/><T9/><D130/><U2/><E74/><V24/><F114/><N who="1" m="43561" /><E83/><V42/><F42/><W120/><G120/><T43/><D113/><U49/><E49/><V68/><F64/><W12/><G20/><N who="0" m="13703" /><D9/><N who="1" m="2199" /><E60/><V13/><F13/><W55/><G55/><T46/><D102/><U45/><E45/><N who="0" m="17513" /><D43/><U47/><E47/><V78/><F78/><W118/><G118/><T29/><D29/><U61/><E61/><V79/><F79/><W107/><G107/><T134/><D101/><U104/><E104/><V59/><F97/><W108/><G108/><T109/><D109/><U91/><E128/><V38/><F38/><W132/><G132/><T133/><D93/><U76/><E76/><V124/><F124/><W28/><G28/><T125/><D125/><U11/><E129/><V90/><F100/><W36/><G36/><T82/><D82/><U80/><E131/><V84/><F99/><W95/><G95/><T19/><D67/><U98/><E98/><V135/><F135/><N who="0" m="51722" /><D65/><U10/><E80/><V50/><F50/><W86/><G117/><T23/><D96/><RYUUKYOKU ba="1,0" sc="510,-10,67,-10,5,30,418,-10" hai2="0,1,24,31,51,52,59,63,66,68,84,90,94" /><INIT seed="6,2,0,1,5,32" ten="500,57,35,408" oya="2" hai0="24,102,132,103,113,79,41,44,38,65,45,100,93" hai1="8,119,53,123,20,118,6,52,10,1,129,47,105" hai2="35,89,50,27,94,54,42,11,87,78,34,33,74" hai3="68,95,84,108,121,73,106,135,64,30,91,126,124"/><V7/><F42/><W80/><G108/><T69/><D132/><U56/><E129/><V134/><F134/><W117/><G135/><T9/><D113/><U60/><E105/><V26/><F78/><W133/><G133/><T4/><D65/><U62/><E123/><V2/><REACH who="2" step="1"/><F74/><REACH who="2" ten="500,57,25,408" step="2"/><W57/><G73/><T12/><D79/><U63/><E119/><V31/><F31/><W14/><G30/><T98/><D41/><U46/><E118/><V71/><F71/><W0/><G68/><T67/><D69/><U37/><E37/><V83/><F83/><W75/><G80/><T28/><D38/><U112/><E112/><V29/><F29/><W61/><G75/><T110/><D28/><U72/><E72/><V90/><F90/><W76/><G76/><T96/><D102/><U101/><E101/><V17/><F17/><W116/><G117/><T85/><D100/><U51/><E53/><V40/><F40/><W39/><G39/><T88/><D103/><U99/><E99/><V92/><F92/><W59/><G106/><T66/><D98/><U18/><REACH who="1" step="1"/><E8/><REACH who="1" ten="500,47,25,408" step="2"/><V120/><F120/><W114/><G121/><T21/><D96/><U111/><E111/><V13/><F13/><AGARI ba="2,2" hai="1,6,10,13,18,20,46,47,51,52,56,60,62,63" machi="13" ten="40,5200,0" yaku="1,1,52,1,54,1,53,0" doraHai="32" doraHaiUra="70" who="1" fromWho="2" sc="500,0,47,78,25,-58,408,0" owari="500,59.0,125,-27.0,-33,-53.0,408,21.0" /></mjloggm>