<mjloggm ver="2.3"><GO type="41"/><UN n0="%61%6E%6E%75%64%6F%6E" n1="%E3%81%8A%E3%81%A3%E3%81%95%E3%82%93%45%58" n2="%62%69%67%6C%69%70" n3="%E3%82%A6%E3%83%AB%E3%83%88%E3%83%A9%E7%AB%8B%E7%9B%B4" dan="14,13,16,15" rate="1852,1814,2055,1963" sx="M,M,M,M"/><TAIKYOKU oya="0"/><INIT seed="0,0,0,5,3,118" ten="250,250,250,250" oya="0" hai0="77,109,131,80,4,54,57,60,70,28,27,46,111" hai1="30,108,31,122,125,101,37,121,49,95,100,17,120" hai2="2,73,15,22,58,96,16,29,43,9,71,83,87" hai3="36,5,89,33,6,1,82,24,97,69,21,7,104"/><T45/><D4/><U12/><E37/><V127/><F71/><W90/><G36/><T3/><D3/><U119/><E119/><V133/><F73/><W134/><G89/><T67/><D131/><U48/><E108/><N who="0" m="41545" /><D70/><U99/><E125/><V55/><F127/><W10/><G7/><T112/><D112/><U93/><E31/><V116/><F133/><W135/><G6/><T85/><D67/><U11/><E30/><V41/><F96/><AGARI ba="0,0" hai="11,12,17,48,49,93,95,96,99,100,101,120,121,122" machi="96" ten="40,8000,1" yaku="9,1,52,3" doraHai="118" who="1" fromWho="2" sc="250,0,250,80,250,-80,250,0" /><INIT seed="1,0,0,1,0,31" ten="250,330,170,250" oya="1" hai0="123,17,104,90,40,93,91,38,2,12,112,23,92" hai1="65,124,35,126,89,8,0,69,37,30,109,115,43" hai2="74,78,130,94,111,71,62,72,134,14,117,36,85" hai3="113,63,9,84,101,83,58,33,118,96,32,119,11"/><U97/><E115/><V116/><F14/><W73/><G73/><N who="2" m="28265" /><F62/><W108/><G113/><T53/><D104/><U54/><E37/><V127/><F71/><W21/><G21/><T121/><D112/><U133/><E43/><V1/><F1/><W129/><G96/><T50/><D2/><U76/><E76/><V131/><F36/><W57/><G101/><T49/><D38/><U103/><E69/><V15/><F15/><W18/><G18/><T68/><D68/><U135/><E89/><N who="2" m="53551" /><F78/><W45/><G45/><T56/><D40/><U48/><E65/><V3/><F3/><W75/><G75/><T13/><D12/><U114/><E114/><V59/><F59/><W67/><G58/><T105/><D105/><U82/><E109/><V47/><F47/><W42/><G108/><T24/><D24/><U20/><E0/><V86/><F86/><W100/><G42/><T4/><D4/><U34/><E8/><V52/><F52/><W99/><G11/><T77/><D77/><U106/><E20/><V81/><F81/><W28/><G9/><T60/><D60/><U61/><E82/><V29/><F29/><W22/><G84/><N who="0" m="52295" /><D49/><U125/><E61/><V110/><F110/><W5/><G83/><T107/><D107/><U88/><E48/><V39/><F39/><W98/><G63/><T10/><D10/><U55/><E30/><V79/><F79/><W6/><G6/><T102/><D102/><U44/><E44/><V19/><F19/><W41/><G5/><T128/><D13/><U46/><E46/><V87/><F111/><W64/><G41/><RYUUKYOKU ba="0,0" sc="250,0,330,0,170,0,250,0" /><INIT seed="2,1,0,4,5,70" ten="250,330,170,250" oya="2" hai0="31,52,79,67,104,108,2,3,98,21,84,130,100" hai1="53,57,97,75,54,77,13,9,112,81,93,117,89" hai2="87,74,73,20,30,18,110,5,119,95,131,118,107" hai3="22,82,50,34,55,37,116,132,134,111,33,69,17"/><V59/><F107/><W47/><G69/><T127/><D127/><U91/><E112/><V113/><F30/><W120/><G120/><T23/><D130/><U1/><E117/><V29/><F29/><W92/><G116/><T72/><D72/><U56/><E1/><V32/><F32/><W76/><G92/><T58/><D67/><U8/><E13/><V126/><F5/><W25/><G34/><T0/><D108/><U64/><E91/><N who="2" m="53759" /><F59/><W39/><G111/><T99/><D99/><U42/><E42/><V86/><F20/><W19/><G19/><T7/><D7/><U103/><E103/><V63/><F18/><W38/><REACH who="3" step="1"/><G33/><REACH who="3" ten="250,330,170,240" step="2"/><T123/><D123/><U133/><E133/><V51/><F110/><W124/><G124/><T12/><D31/><U83/><E83/><V24/><F126/><W85/><AGARI ba="1,1" hai="17,22,25,37,38,39,47,50,55,76,82,85,132,134" machi="85" ten="40,8000,1" yaku="1,1,0,1,52,3,53,0" doraHai="70" doraHaiUra="11" who="3" fromWho="3" sc="250,-21,330,-21,170,-41,240,93" /><INIT seed="3,0,0,0,2,48" ten="229,309,129,333" oya="3" hai0="45,55,83,24,128,19,15,127,61,53,9,134,7" hai1="121,50,96,71,95,20,116,8,131,69,130,2,98" hai2="119,62,104,46,117,112,101,57,54,18,35,103,67" hai3="60,29,90,23,34,40,89,32,47,102,68,72,39"/><W27/><G72/><T75/><D134/><U22/><E50/><V76/><F35/><W91/><G102/><T28/><D128/><N who="1" m="49195" /><E95/><V73/><F112/><W37/><G37/><T1/><D127/><U109/><E109/><V87/><F18/><W124/><G124/><T0/><D0/><U77/><E77/><V108/><F108/><W100/><G100/><T79/><D61/><U135/><E2/><V38/><F73/><W125/><G125/><T80/><D45/><U33/><E8/><V81/><F101/><W92/><G92/><T51/><D51/><U14/><E14/><V16/><F103/><W3/><G3/><T26/><D83/><U85/><E85/><V78/><F104/><W17/><G32/><N who="0" m="20487" /><D26/><U41/><E33/><V129/><F76/><W44/><G44/><T115/><D115/><U6/><E41/><V106/><F106/><W97/><G97/><N who="1" m="37482" /><E6/><V123/><F129/><W21/><G34/><T111/><D111/><U11/><E11/><V64/><F64/><W113/><G113/><T43/><D43/><U59/><E59/><V110/><F110/><W56/><G56/><T99/><D99/><U58/><E58/><V5/><F5/><W118/><G27/><T88/><D88/><U82/><E82/><V132/><F81/><W105/><G90/><T122/><D122/><U30/><E30/><V74/><F123/><W133/><G91/><T86/><D86/><U70/><E121/><V4/><F78/><W120/><G89/><T66/><D66/><U49/><E49/><V25/><F67/><W13/><G120/><T12/><D12/><RYUUKYOKU ba="0,0" sc="229,30,309,-10,129,-10,333,-10" hai0="1,7,9,15,19,53,55,75,79,80" /><INIT seed="4,1,0,0,0,34" ten="259,299,119,323" oya="0" hai0="109,68,85,23,61,132,128,60,10,86,126,28,19" hai1="77,87,4,14,100,13,48,18,81,80,44,64,6" hai2="131,29,130,88,5,133,63,58,46,124,65,134,135" hai3="36,54,89,27,69,72,35,98,42,3,74,49,93"/><T9/><D126/><U82/><E100/><V38/><F88/><W99/><G69/><T123/><D123/><U94/><E64/><V76/><F5/><W40/><G27/><T51/><D128/><N who="2" m="49194" /><F29/><W16/><G35/><T50/><D132/><U83/><E94/><V120/><F76/><W53/><G49/><T115/><D109/><U103/><E103/><V70/><F120/><W8/><G8/><T20/><D115/><U90/><E77/><V0/><F0/><W91/><G36/><T106/><D68/><U95/><E14/><V75/><F75/><W84/><G16/><T30/><D19/><U25/><E25/><V66/><F124/><W73/><G73/><T112/><D112/><U26/><E26/><V104/><F104/><AGARI ba="1,0" hai="9,10,20,23,28,30,50,51,60,61,85,86,104,106" machi="104" ten="25,2400,0" yaku="22,2" doraHai="34" who="0" fromWho="2" sc="259,27,299,0,119,-27,323,0" /><INIT seed="4,2,0,5,0,39" ten="286,299,92,323" oya="0" hai0="51,86,57,117,80,44,95,92,21,26,84,108,59" hai1="97,122,70,43,109,112,58,85,52,47,46,120,78" hai2="64,133,127,23,56,50,38,28,9,121,101,126,33" hai3="31,74,68,110,116,93,76,0,25,45,34,77,79"/><T54/><D117/><U124/><E97/><V32/><F101/><W83/><G116/><T8/><D8/><U7/><E7/><V27/><F50/><W2/><G68/><T98/><D108/><U94/><E78/><V115/><F56/><W30/><G110/><T35/><D35/><N who="2" m="13386" /><F64/><W6/><G30/><N who="0" m="17743" /><D95/><U119/><E109/><V71/><F38/><W128/><G128/><T63/><D80/><U14/><E119/><V96/><F96/><W18/><G0/><T100/><D59/><U4/><E70/><V10/><F71/><W11/><G93/><T49/><D49/><U89/><E47/><V123/><F115/><W67/><G67/><AGARI ba="2,0" hai="44,51,54,57,63,67,84,86,92,98,100" m="17743" machi="67" ten="30,2900,0" yaku="25,1,8,1" doraHai="39" who="0" fromWho="3" sc="286,35,299,0,92,0,323,-35" /><INIT seed="4,3,0,1,5,17" ten="321,299,92,288" oya="0" hai0="89,45,92,30,4,10,20,125,121,14,127,81,122" hai1="100,38,79,50,86,22,37,80,34,11,105,130,24" hai2="53,68,66,49,44,99,95,27,109,84,55,106,1" hai3="77,67,72,56,114,6,35,97,59,123,8,108,13"/><T51/><D81/><U39/><E130/><V28/><F1/><W104/><G108/><T110/><D110/><U78/><E34/><V124/><F124/><N who="0" m="47690" /><D30/><U76/><E105/><V36/><F36/><W41/><G35/><T135/><D135/><U25/><E100/><V52/><F109/><W134/><G77/><T74/><D74/><U57/><E25/><V23/><F106/><W63/><G72/><T101/><D101/><U26/><E26/><V83/><F66/><W117/><G117/><T111/><D111/><U118/><E11/><V47/><F68/><W42/><G134/><T9/><D9/><U19/><E118/><V62/><F62/><W87/><G123/><T21/><D122/><U18/><E18/><V58/><F58/><W71/><G71/><T15/><D15/><U60/><REACH who="1" step="1"/><E50/><REACH who="1" ten="321,289,92,288" step="2"/><V48/><F48/><W98/><G8/><T131/><D121/><U3/><E3/><V133/><F49/><W16/><G16/><T94/><D131/><U119/><E119/><V107/><F107/><W93/><G104/><T91/><D94/><U90/><E90/><N who="0" m="34313" /><D92/><U126/><E126/><V112/><F133/><W54/><G93/><T69/><D69/><U2/><E2/><V31/><F95/><W103/><G103/><T85/><D85/><U132/><E132/><V96/><F84/><W88/><G87/><T65/><D65/><AGARI ba="3,1" hai="19,22,24,37,38,39,57,60,65,76,78,79,80,86" machi="65" ten="40,8000,1" yaku="1,1,52,1,53,3" doraHai="17" doraHaiUra="73" who="1" fromWho="0" sc="321,-89,289,99,92,0,288,0" /><INIT seed="5,0,0,2,0,31" ten="232,388,92,288" oya="1" hai0="21,132,115,52,97,41,17,91,77,68,123,98,56" hai1="24,54,23,59,127,89,71,25,20,87,133,130,47" hai2="42,4,45,125,78,29,26,69,119,90,38,63,40" hai3="51,96,129,82,88,134,100,109,67,13,112,101,0"/><U120/><E120/><V28/><F125/><W83/><G0/><T66/><D115/><U48/><E127/><V110/><F110/><W55/><G109/><T122/><D132/><U22/><E133/><V6/><F119/><W33/><G134/><T64/><D77/><U126/><E126/><V62/><F78/><W124/><G124/><T73/><D73/><U131/><E71/><V74/><F74/><W10/><G67/><N who="0" m="25643" /><D41/><U49/><E47/><V5/><F90/><W94/><G33/><T35/><D91/><U61/><E87/><V70/><F26/><W80/><G112/><T14/><D35/><U39/><E89/><V93/><F5/><W19/><REACH who="3" step="1"/><G129/><REACH who="3" ten="232,388,92,278" step="2"/><N who="1" m="49162" /><E39/><V105/><F38/><W92/><G92/><T86/><D68/><U2/><E2/><V18/><F93/><W53/><G53/><T37/><D37/><U117/><E117/><V57/><F105/><W65/><G65/><T75/><D75/><U99/><E99/><V84/><F84/><W114/><G114/><T113/><D86/><U58/><E61/><V81/><F62/><W8/><G8/><T7/><D113/><U11/><E11/><V79/><F63/><W3/><G3/><T118/><D118/><U43/><E43/><V128/><F42/><W9/><G9/><N who="0" m="4415" /><D123/><U107/><E107/><V104/><F40/><W103/><G103/><T34/><D34/><U95/><E95/><V108/><F104/><W111/><G111/><T1/><D122/><U15/><E15/><V50/><F108/><W76/><G76/><T85/><D85/><U102/><E102/><V46/><F70/><RYUUKYOKU ba="0,1" sc="232,-15,388,15,92,-15,278,15" hai1="20,22,23,24,25,48,49,54,58,59" hai3="10,13,19,51,55,80,82,83,88,94,96,100,101" /><INIT seed="5,1,1,4,4,97" ten="217,403,77,293" oya="1" hai0="108,83,61,107,106,100,96,76,2,67,110,48,93" hai1="63,86,13,111,52,24,118,6,42,3,78,75,72" hai2="36,70,60,59,120,99,49,125,104,5,29,105,38" hai3="33,133,25,17,129,57,123,32,11,124,15,88,62"/><U43/><E118/><V71/><F125/><W55/><G123/><T131/><D2/><U39/><E3/><V84/><F120/><W7/><G124/><T87/><D48/><U127/><E39/><V85/><F29/><W80/><G129/><T21/><D21/><U119/><E127/><V22/><F99/><W77/><G133/><T14/><D14/><U134/><E119/><V94/><F94/><W89/><G32/><T51/><D51/><U101/><E72/><V16/><F49/><W79/><G79/><T47/><D47/><U27/><E75/><V92/><F92/><W9/><G33/><T103/><D131/><U20/><E101/><N who="0" m="38985" /><D61/><U54/><E111/><N who="0" m="42537" /><D67/><U116/><E134/><V82/><F82/><W68/><G68/><T114/><D114/><U102/><E102/><AGARI ba="1,1" hai="76,83,87,93,96,102,106,107" m="42537,38985" machi="102" ten="30,12000,2" yaku="34,2,52,4" doraHai="97" who="0" fromWho="1" sc="217,133,403,-123,77,0,293,0" /><INIT seed="6,0,0,5,2,96" ten="350,280,77,293" oya="2" hai0="43,13,30,95,41,103,16,112,119,110,23,58,25" hai1="92,50,87,134,40,54,15,99,129,18,27,47,73" hai2="75,83,93,46,106,44,71,100,32,70,38,135,82" hai3="118,61,101,127,0,45,67,63,81,122,62,49,107"/><V120/><F135/><W69/><G0/><T130/><D110/><U6/><E129/><V2/><F120/><W126/><G122/><T7/><D130/><U113/><E134/><V132/><F132/><W21/><G118/><T121/><D121/><U86/><E113/><V115/><F115/><W42/><G81/><T90/><D112/><U36/><E73/><V97/><F2/><W124/><G21/><T33/><D119/><U65/><E6/><V133/><F32/><W125/><N who="3" m="32256" /><DORA hai="72" /><W79/><G79/><T109/><D109/><U76/><E65/><V128/><F128/><W80/><G80/><T66/><D7/><U9/><E27/><V19/><F19/><W68/><G107/><T64/><D103/><U105/><E105/><V31/><F31/><W88/><G101/><T98/><REACH who="0" step="1"/><D58/><REACH who="0" ten="340,280,77,293" step="2"/><U116/><E116/><V26/><F133/><W131/><G131/><T4/><D4/><U102/><REACH who="1" step="1"/><E76/><REACH who="1" ten="340,270,77,293" step="2"/><V85/><F71/><N who="3" m="27211" /><G88/><T89/><D89/><U37/><E37/><V91/><F38/><W60/><N who="3" m="15872" /><DORA hai="53" /><W10/><G10/><T14/><D14/><U111/><E111/><V55/><F70/><W1/><G1/><T59/><D59/><AGARI ba="0,2" hai="9,15,18,36,40,47,50,54,59,86,87,92,99,102" machi="59" ten="30,8000,1" yaku="1,1,7,1,52,2,53,1" doraHai="96,72,53" doraHaiUra="51,29,74" who="1" fromWho="0" sc="340,-80,270,100,77,0,293,0" /><INIT seed="7,0,0,1,2,85" ten="260,370,77,293" oya="3" hai0="22,14,12,110,1,94,46,49,126,5,92,117,96" hai1="133,68,25,6,61,100,95,80,89,10,13,41,65" hai2="27,33,45,19,114,16,130,59,101,64,70,43,34" hai3="121,0,67,128,107,93,66,62,123,18,112,29,118"/><W57/><G107/><T15/><D110/><U11/><E133/><V79/><F130/><W42/><G0/><T132/><D132/><U48/><E100/><V97/><F114/><W2/><G2/><T28/><D126/><U104/><E80/><V20/><F79/><W30/><G118/><T127/><D117/><U109/><E109/><V99/><F70/><W83/><G123/><T111/><D111/><U54/><E104/><V51/><F97/><W55/><G121/><T129/><D129/><U17/><E41/><V116/><F116/><W36/><G128/><T124/><D124/><U35/><E25/><V3/><F3/><W122/><G122/><T39/><D39/><U21/><E35/><V23/><F59/><W40/><G112/><T91/><D1/><U78/><E6/><V47/><F64/><N who="3" m="24619" /><G36/><T102/><D127/><U105/><E78/><V125/><F47/><W69/><G69/><T73/><D73/><U53/><E105/><V77/><F77/><W4/><G4/><T24/><D5/><U74/><E53/><V9/><F9/><W98/><G18/><T31/><D31/><N who="3" m="11785" /><G83/><T52/><REACH who="0" step="1"/><D12/><REACH who="0" ten="250,370,77,293" step="2"/><U26/><E74/><V75/><F75/><W60/><G60/><T113/><D113/><U56/><E13/><V8/><F125/><W81/><G81/><T84/><AGARI ba="0,1" hai="14,15,22,24,28,46,49,52,84,91,92,94,96,102" machi="84" ten="20,12000,2" yaku="1,1,0,1,7,1,8,1,52,1,54,1,53,1" doraHai="85" doraHaiUra="44" who="0" fromWho="0" sc="250,130,370,-30,77,-30,293,-60" owari="380,48.0,340,14.0,47,-45.0,233,-17.0" /></mjloggm>