<mjloggm ver="2.3"><GO type="33"/><UN n0="%E3%82%8D%E3%81%8F%E3%81%95%E3%82%93" n1="%EF%BC%88%E2%89%A7%E2%96%BD%E2%89%A6%EF%BC%89" n2="%E3%83%92%E3%83%A1" n3="%E6%9C%88%E5%B2%A1%E6%B4%A5%E5%8D%97" dan="14,15,14,14" rate="1913,2004,1916,1860" sx="M,F,M,F"/><TAIKYOKU oya="0"/><INIT seed="0,0,0,0,4,117" ten="250,250,250,250" oya="0" hai0="110,50,128,51,123,98,11,86,97,43,132,28,84" hai1="113,39,7,101,48,20,114,90,10,73,91,9,53" hai2="63,131,133,93,56,126,35,120,77,46,134,81,68" hai3="17,3,52,55,87,42,58,69,30,15,36,67,95"/><T18/><D123/><U80/><E39/><V122/><F68/><W49/><G3/><T135/><D28/><U71/><E71/><V129/><F35/><W16/><G30/><T118/><D118/><U24/><E101/><V31/><F31/><W2/><G2/><T23/><D11/><N who="1" m="4107" /><E7/><V44/><F93/><W54/><G17/><T82/><D128/><N who="2" m="49226" /><F126/><W127/><G127/><T32/><D32/><U25/><E73/><N who="2" m="43183" /><F44/><N who="3" m="23623" /><G67/><T62/><D62/><U5/><E5/><V70/><F46/><W78/><G78/><N who="0" m="46167" /><D110/><U115/><E80/><V116/><F70/><W45/><G45/><N who="0" m="25919" /><D86/><U26/><E20/><V102/><F102/><W74/><G74/><T107/><D51/><U61/><E61/><V29/><F29/><W96/><G96/><T130/><D130/><U57/><AGARI ba="0,0" hai="24,25,26,48,53,57,90,91,113,114,115" m="4107" machi="57" ten="40,1500,0" yaku="11,1" doraHai="117" who="1" fromWho="1" sc="250,-7,250,15,250,-4,250,-4" /><INIT seed="1,0,0,2,5,104" ten="243,265,246,246" oya="1" hai0="133,73,130,35,38,2,4,92,5,54,75,109,66" hai1="16,57,93,20,85,115,112,84,101,83,45,44,87" hai2="128,117,64,97,39,59,1,23,129,88,86,134,99" hai3="119,29,6,52,60,63,80,18,116,8,25,48,110"/><U58/><E83/><V47/><F1/><N who="3" m="79" /><G18/><T53/><D38/><U51/><E115/><V76/><F117/><N who="3" m="45131" /><G80/><T26/><D66/><U3/><E3/><V111/><F76/><W15/><G15/><T14/><D2/><U0/><E0/><V31/><F134/><W11/><G11/><T67/><D133/><U95/><E112/><V36/><F111/><W77/><G77/><T81/><D109/><U96/><E95/><N who="2" m="54679" /><F64/><W21/><G110/><T102/><D67/><U72/><E72/><V30/><F59/><AGARI ba="0,0" hai="21,25,29,48,52,59,60,63" m="45131,79" machi="59" ten="30,2000,0" yaku="12,1,54,1" doraHai="104" who="3" fromWho="2" sc="243,0,265,0,246,-20,246,20" /><INIT seed="2,0,0,1,2,83" ten="243,265,226,266" oya="2" hai0="44,29,24,55,21,116,108,119,14,46,135,120,41" hai1="84,109,93,43,92,22,34,94,8,79,81,49,26" hai2="65,132,25,118,126,16,5,11,107,67,80,98,54" hai3="74,12,102,87,27,4,112,40,53,134,38,6,129"/><V77/><F118/><N who="0" m="45098" /><D120/><U63/><E34/><V88/><F132/><W57/><G74/><T62/><D135/><U50/><E109/><V7/><F126/><W73/><G134/><T104/><D104/><U115/><E115/><V70/><F70/><W30/><G73/><T39/><D108/><U48/><E8/><V128/><F128/><W82/><G129/><T18/><D62/><U42/><REACH who="1" step="1"/><E63/><REACH who="1" ten="243,255,226,266" step="2"/><V96/><F11/><W99/><G112/><T113/><D113/><U19/><AGARI ba="0,1" hai="19,22,26,42,43,48,49,50,79,81,84,92,93,94" machi="19" ten="30,8000,1" yaku="1,1,2,1,0,1,8,1,52,1,53,0" doraHai="83" doraHaiUra="10" who="1" fromWho="1" sc="243,-20,255,90,226,-40,266,-20" /><INIT seed="3,0,0,5,4,62" ten="223,345,186,246" oya="3" hai0="2,129,76,123,59,43,37,91,134,83,68,19,30" hai1="125,81,122,88,10,4,92,18,3,79,99,8,101" hai2="20,89,70,126,128,42,47,87,63,67,17,45,41" hai3="9,57,124,75,5,108,96,95,55,22,29,131,23"/><W58/><G75/><T13/><D123/><U38/><E122/><V21/><F128/><W114/><G114/><T46/><D129/><U106/><E38/><V72/><F72/><W28/><G131/><T90/><D68/><U60/><E125/><V85/><F126/><W11/><G124/><T109/><D2/><U132/><E132/><V133/><F133/><W26/><G108/><T115/><D134/><U120/><E120/><V24/><F20/><W53/><G5/><T54/><D30/><U50/><E60/><V93/><F93/><W69/><G69/><T35/><D35/><U15/><E50/><V102/><F102/><W127/><G127/><T34/><D34/><U66/><E66/><V32/><F32/><W104/><G104/><T97/><D97/><U1/><E1/><V74/><F89/><W135/><G135/><T118/><D118/><U116/><E116/><V84/><F74/><W44/><G44/><T52/><D109/><U65/><E65/><V48/><REACH who="2" step="1"/><F85/><REACH who="2" ten="223,345,176,246" step="2"/><W36/><G95/><T105/><D115/><U6/><E92/><V0/><F0/><W107/><G23/><T33/><D91/><U117/><E88/><V27/><F27/><W77/><G22/><T40/><D90/><U25/><E101/><V12/><F12/><W119/><G26/><T110/><D105/><U121/><E25/><V100/><F100/><W14/><G14/><T64/><D110/><U94/><E15/><V51/><AGARI ba="0,1" hai="17,21,24,41,42,45,47,48,51,63,67,70,84,87" machi="51" ten="20,8000,1" yaku="1,1,0,1,7,1,9,1,52,1,53,0" doraHai="62" doraHaiUra="49" who="2" fromWho="2" sc="223,-20,345,-20,176,90,246,-40" owari="203,-30.0,325,42.0,266,7.0,206,-19.0" /></mjloggm>