<mjloggm ver="2.3"><GO type="169" lobby="0"/><UN n0="%EF%BC%88%E2%89%A7%E2%96%BD%E2%89%A6%EF%BC%89" n1="%4E%4F%42%55%53%48%49" n2="%66%69%63%6B%6C%65" n3="%E3%83%9A%E3%83%81%E3%83%A7%E3%83%BC%E3%83%AA%E3%83%B3%E3%83%81%E3%83%BC" dan="18,16,16,16" rate="2256.60,2100.88,2053.67,2046.78" sx="M,M,M,M"/><TAIKYOKU oya="0"/><INIT seed="0,0,0,2,5,34" ten="250,250,250,250" oya="0" hai0="98,2,18,109,96,59,23,89,129,121,101,86,82" hai1="28,16,53,36,0,32,115,125,123,29,62,56,42" hai2="131,114,46,64,19,8,61,17,50,10,94,83,108" hai3="119,73,95,52,128,107,20,24,135,111,7,48,13"/><T21/><D121/><U110/><E123/><V39/><F114/><W15/><G107/><T11/><D129/><U106/><E115/><V122/><F122/><W88/><G119/><T103/><D109/><U130/><E106/><V84/><F39/><W58/><G73/><T116/><D116/><U30/><E110/><V67/><F108/><W3/><G111/><T49/><D101/><U40/><E130/><V26/><F94/><W104/><G104/><T35/><D35/><U51/><E32/><V47/><F131/><W77/><G77/><T133/><D133/><U127/><E0/><V69/><F67/><W79/><G79/><T70/><D70/><U41/><E36/><V117/><F117/><W81/><G81/><T5/><D18/><U93/><E93/><V126/><F126/><N who="1" m="48137" /><E16/><V66/><F69/><W1/><G135/><T76/><D98/><U90/><E90/><V74/><F19/><N who="3" m="10367" /><G128/><T54/><REACH who="0" step="1"/><D89/><REACH who="0" ten="240,250,250,250" step="2"/><U75/><E75/><V14/><F17/><W6/><G6/><T102/><D102/><U63/><AGARI ba="0,1" hai="28,29,30,40,41,42,51,53,56,62,63" m="48137" machi="63" ten="40,1500,0" yaku="18,1" doraHai="34" who="1" fromWho="1" sc="240,-7,250,25,250,-4,250,-4" /><INIT seed="1,0,0,0,2,36" ten="233,275,246,246" oya="1" hai0="51,33,3,72,114,126,31,129,59,112,77,125,107" hai1="11,79,133,46,101,115,45,61,135,39,62,96,21" hai2="18,69,57,103,118,82,55,68,0,63,128,84,1" hai3="83,99,47,113,13,7,98,66,52,30,94,134,92"/><U12/><E115/><N who="0" m="44073" /><D107/><U70/><E79/><V87/><F118/><W132/><G113/><T117/><D117/><U24/><E70/><V89/><F103/><W67/><G30/><T122/><D59/><U48/><E39/><V50/><F128/><W110/><G83/><T53/><D53/><U88/><E46/><V73/><F73/><W65/><G110/><T102/><D51/><U76/><E76/><V14/><F87/><W91/><G13/><T4/><D102/><U123/><E123/><V130/><F130/><W95/><G7/><T27/><D129/><U37/><E37/><V127/><F127/><N who="0" m="48650" /><D77/><U26/><E62/><V23/><F69/><W5/><G5/><T6/><D72/><U124/><E61/><V15/><F68/><W10/><G10/><N who="0" m="2335" /><D6/><U75/><E75/><V49/><F49/><N who="3" m="28735" /><G91/><T28/><D28/><U100/><E124/><V93/><F50/><W58/><G58/><T19/><D19/><U131/><E101/><V106/><F18/><W35/><G35/><T34/><D122/><U74/><E100/><V81/><F57/><W120/><G120/><T108/><D108/><U85/><E74/><V20/><F106/><W40/><G40/><T104/><D104/><U25/><E131/><V43/><F43/><W64/><G64/><T38/><D38/><U60/><E60/><V90/><F90/><W119/><G119/><T121/><D121/><U116/><E116/><V16/><F89/><W80/><G80/><T56/><D56/><U8/><E96/><V17/><F82/><W54/><G54/><T97/><D97/><U78/><E88/><RYUUKYOKU ba="0,0" sc="233,15,275,-15,246,-15,246,15" hai0="27,31,33,34" hai3="65,66,67,92,94,95,98,99,132,134" /><INIT seed="2,1,0,2,2,12" ten="248,260,231,261" oya="2" hai0="37,23,90,132,120,124,107,96,98,29,5,10,71" hai1="22,32,61,69,46,93,106,11,89,16,54,48,68" hai2="49,78,103,81,21,135,45,4,97,56,87,114,109" hai3="88,84,99,129,8,130,74,39,122,24,62,134,13"/><V60/><F114/><W95/><G74/><T105/><D37/><U115/><E106/><V57/><F135/><W117/><G39/><T55/><D71/><U100/><E32/><V77/><F4/><W47/><G122/><T85/><D120/><U6/><E100/><V118/><F118/><W126/><G117/><T50/><D132/><U9/><E115/><V76/><F109/><W110/><G110/><T43/><D43/><U80/><E80/><V83/><F21/><W63/><G47/><T75/><D75/><U28/><E28/><V2/><F2/><W127/><G24/><N who="0" m="16543" /><D107/><U17/><E61/><N who="3" m="23050" /><G84/><T25/><D105/><U18/><E69/><V82/><F60/><W79/><G79/><T112/><D112/><U119/><E68/><V59/><F87/><W116/><G116/><T111/><D111/><U52/><E54/><V33/><F33/><W92/><G92/><N who="0" m="54351" /><D25/><N who="1" m="14535" /><E119/><V14/><F14/><W91/><G134/><T0/><D0/><U65/><E65/><V7/><F7/><N who="3" m="3231" /><G91/><T125/><D5/><U38/><E38/><V51/><REACH who="2" step="1"/><F45/><REACH who="2" ten="248,260,221,261" step="2"/><W121/><G121/><T131/><D10/><N who="1" m="3595" /><E6/><V34/><F34/><W30/><G30/><T73/><D73/><U41/><E41/><V26/><F26/><W36/><G99/><AGARI ba="1,1" hai="17,18,46,48,52,89,93,99" m="3595,14535" machi="99" ten="30,12000,2" yaku="8,1,52,3,54,2" doraHai="12" who="1" fromWho="3" sc="248,0,260,133,221,0,261,-123" /><INIT seed="3,0,0,5,0,124" ten="248,393,221,138" oya="3" hai0="134,11,92,109,81,21,36,9,66,99,85,130,20" hai1="17,89,52,125,58,10,120,87,95,26,5,57,84" hai2="30,2,51,34,115,86,56,135,78,15,41,8,33" hai3="103,7,71,40,61,22,116,110,74,1,32,38,111"/><W123/><G32/><T45/><D109/><N who="3" m="41481" /><G123/><T6/><D134/><U37/><E37/><V60/><F115/><W4/><G116/><T118/><D118/><U13/><E120/><V0/><F135/><W54/><G74/><T100/><D66/><U23/><E125/><V67/><F33/><W24/><G1/><T117/><D117/><U59/><REACH who="1" step="1"/><E87/><REACH who="1" ten="248,383,221,138" step="2"/><V39/><F86/><W31/><G38/><T46/><D85/><U80/><E80/><V121/><F39/><W73/><G73/><T88/><D81/><U127/><E127/><V3/><F121/><W75/><G75/><T129/><D36/><U70/><E70/><V47/><F78/><W97/><G71/><T93/><D100/><U91/><E91/><V77/><F77/><W79/><G79/><T65/><D88/><U104/><E104/><V83/><F83/><W108/><G108/><T114/><D114/><U29/><E29/><V64/><F30/><W133/><G133/><T63/><D99/><U119/><E119/><V27/><F34/><W113/><G113/><T101/><D101/><U98/><E98/><V94/><F94/><N who="3" m="58807" /><G40/><T128/><D92/><U18/><E18/><V12/><F41/><W106/><G106/><T43/><D93/><U42/><E42/><V102/><F102/><W19/><G19/><T69/><D43/><U107/><E107/><V14/><F8/><N who="0" m="3146" /><D6/><U53/><AGARI ba="0,1" hai="5,10,13,17,23,26,52,53,57,58,59,84,89,95" machi="53" ten="30,12000,2" yaku="1,1,0,1,8,1,54,1,53,2" doraHai="124" doraHaiUra="49" who="1" fromWho="1" sc="248,-30,383,130,221,-30,138,-60" /><INIT seed="4,0,0,2,2,3" ten="218,513,191,78" oya="0" hai0="117,134,100,7,17,18,2,54,112,69,36,26,37" hai1="119,33,91,102,50,15,0,5,88,20,56,120,90" hai2="39,135,123,14,29,97,94,19,13,41,47,93,62" hai3="106,76,52,75,48,74,122,40,86,57,25,130,61"/><T58/><D117/><U84/><E33/><V99/><F123/><W110/><G106/><T77/><D69/><U43/><E120/><V101/><F135/><W115/><G110/><T72/><D134/><U95/><E119/><V129/><F129/><W10/><G130/><T73/><D100/><U103/><E0/><V23/><F29/><W55/><G40/><T31/><D112/><U51/><E43/><V9/><F62/><W6/><G25/><T98/><D98/><U65/><E65/><V59/><F59/><W1/><G115/><T49/><D37/><U79/><E79/><V8/><REACH who="2" step="1"/><F14/><REACH who="2" ten="218,513,181,78" step="2"/><W30/><G30/><T34/><D31/><U67/><E67/><V78/><F78/><W24/><G122/><T71/><D77/><U85/><E56/><V12/><F12/><W82/><REACH who="3" step="1"/><G24/><REACH who="3" ten="218,513,181,68" step="2"/><T81/><D26/><U21/><E51/><V11/><F11/><W121/><G121/><T44/><D49/><U27/><E50/><V80/><F80/><W104/><G104/><T46/><D81/><U32/><E27/><V127/><F127/><W68/><G68/><T42/><D71/><U107/><E107/><V89/><AGARI ba="0,2" hai="8,9,13,19,23,39,41,47,89,93,94,97,99,101" machi="89" ten="20,8000,1" yaku="1,1,0,1,7,1,53,2" doraHai="3" doraHaiUra="92" who="2" fromWho="2" sc="218,-40,513,-20,181,100,68,-20" /><INIT seed="5,0,0,3,0,29" ten="178,493,281,48" oya="1" hai0="122,73,33,105,11,4,54,127,69,74,36,8,78" hai1="39,88,130,95,48,99,32,38,21,104,63,98,75" hai2="94,15,129,132,31,50,37,24,1,103,77,120,108" hai3="125,114,49,56,113,16,27,128,28,82,124,19,118"/><U3/><E75/><V100/><F37/><W58/><G82/><T10/><D36/><U6/><E130/><V61/><F1/><W109/><G109/><T60/><D105/><U115/><E115/><N who="3" m="44042" /><G128/><T26/><D4/><U12/><E32/><V9/><F108/><W42/><G118/><T59/><D122/><U45/><E3/><V40/><F129/><W30/><G42/><T55/><D127/><N who="3" m="48713" /><G49/><T47/><D69/><U121/><E121/><V5/><F50/><W66/><G66/><T106/><D106/><U81/><E81/><V85/><F40/><W51/><G51/><T83/><D73/><U112/><E112/><V0/><F120/><W91/><G91/><T7/><D47/><U64/><E99/><V68/><F68/><W35/><G30/><T13/><D55/><U70/><E104/><V65/><F31/><W18/><AGARI ba="0,0" hai="16,18,19,27,28,35,56,58" m="48713,44042" machi="18" ten="40,8000,1" yaku="15,1,18,1,52,1,54,1" doraHai="29" who="3" fromWho="3" sc="178,-20,493,-40,281,-20,48,80" /><INIT seed="6,0,0,3,2,43" ten="158,453,261,128" oya="2" hai0="101,3,57,107,66,7,75,60,12,63,92,49,115" hai1="46,96,20,50,1,119,17,133,21,114,37,87,134" hai2="95,2,28,15,88,86,82,26,118,58,121,23,8" hai3="130,5,74,67,81,102,39,52,103,44,19,16,13"/><V110/><F118/><W89/><G130/><T109/><D109/><U85/><E1/><V64/><F121/><W79/><G67/><T14/><D107/><U32/><E32/><V35/><F110/><W31/><G31/><T48/><D75/><U4/><E4/><V93/><F64/><W77/><G77/><T33/><D33/><U73/><E73/><V54/><F2/><W129/><G129/><T29/><D29/><U100/><E119/><V112/><F35/><W126/><G126/><T108/><D108/><U72/><E72/><V127/><F112/><W122/><G122/><T59/><D115/><U124/><E37/><V128/><F128/><W120/><G120/><T27/><D27/><U53/><E124/><V76/><F76/><W6/><G89/><T78/><D78/><U111/><E111/><V83/><F83/><W65/><G65/><N who="0" m="39055" /><D3/><U135/><E114/><V51/><REACH who="2" step="1"/><F127/><REACH who="2" ten="158,453,251,128" step="2"/><W34/><G34/><T90/><D66/><U40/><E134/><V11/><F11/><N who="3" m="6207" /><G81/><T25/><D7/><AGARI ba="0,1" hai="7,8,15,23,26,28,51,54,58,82,86,88,93,95" machi="7" ten="30,11600,0" yaku="1,1,7,1,8,1,54,1,53,0" doraHai="43" doraHaiUra="123" who="2" fromWho="0" sc="158,-116,453,0,251,126,128,0" /><INIT seed="6,1,0,0,2,43" ten="42,453,377,128" oya="2" hai0="10,6,66,40,107,84,15,74,109,50,79,16,19" hai1="135,119,127,133,46,70,52,5,76,118,89,61,68" hai2="93,2,34,123,82,36,122,9,108,69,67,21,97" hai3="29,0,3,102,98,22,99,65,37,56,63,92,25"/><V14/><F34/><W132/><G132/><N who="1" m="50762" /><E5/><V86/><F36/><W53/><G37/><T12/><D109/><U30/><E76/><V134/><F108/><W126/><G126/><T110/><D110/><U35/><E30/><V96/><F134/><W106/><REACH who="3" step="1"/><G53/><REACH who="3" ten="42,453,377,118" step="2"/><T101/><D66/><U18/><E127/><V87/><F67/><W81/><G81/><N who="0" m="47167" /><D74/><U78/><E52/><V42/><F82/><W33/><G33/><T124/><D124/><U64/><E35/><V77/><F123/><W115/><G115/><T51/><D107/><U100/><E64/><V128/><F122/><W114/><G114/><T49/><D101/><AGARI ba="1,1" hai="0,3,22,25,29,56,63,65,92,98,99,101,102,106" machi="101" ten="30,12000,2" yaku="1,1,7,1,25,2,53,2" doraHai="43" doraHaiUra="32" who="3" fromWho="0" sc="42,-123,453,0,377,0,118,133" owari="-81,-58.0,453,55.0,377,18.0,251,-15.0" /></mjloggm>