<mjloggm ver="2.3"><GO type="41"/><UN n0="%E3%82%8C%E3%81%83%E3%82%89" n1="%EF%BC%88%E2%89%A7%E2%96%BD%E2%89%A6%EF%BC%89" n2="%E3%83%97%E3%83%AD%E3%82%B8%E3%83%A3%E3%83%B3%E6%B0%8F" n3="%E3%83%A1%E3%82%BF%E3%82%AA" dan="15,13,14,14" rate="1999,2009,1959,1916" sx="F,M,M,M"/><TAIKYOKU oya="0"/><INIT seed="0,0,0,4,1,66" ten="250,250,250,250" oya="0" hai0="91,99,79,112,22,103,81,45,71,106,90,118,124" hai1="70,31,87,94,23,6,135,74,1,35,80,60,34" hai2="93,98,100,64,33,0,131,76,55,92,115,133,2" hai3="29,21,110,50,32,73,132,17,18,101,19,14,36"/><T11/><D112/><U39/><E135/><V63/><F115/><W68/><G36/><T43/><D118/><U62/><E39/><V134/><F131/><W65/><G73/><T121/><D121/><U88/><E23/><V61/><F33/><W104/><G132/><N who="2" m="50793" /><F76/><W120/><G120/><T125/><D11/><U26/><E35/><V114/><F114/><W123/><G123/><T119/><D119/><U130/><E130/><V67/><F93/><W12/><G50/><T38/><D22/><U59/><E70/><N who="2" m="42255" /><F55/><W72/><G72/><T44/><D44/><U20/><E34/><V96/><F98/><N who="3" m="61495" /><G12/><T24/><D24/><U40/><E40/><V116/><F116/><W95/><G95/><T54/><D54/><U52/><E74/><V9/><F9/><W46/><G46/><T16/><D45/><U97/><E1/><V85/><F85/><W109/><G21/><T127/><D38/><U128/><E6/><V41/><F41/><W51/><G51/><T3/><D43/><U10/><E10/><V107/><F92/><W111/><G14/><T57/><D3/><U5/><E5/><V30/><F30/><W102/><G102/><T42/><D42/><U84/><E128/><V86/><F86/><N who="1" m="32809" /><E80/><V113/><F113/><W15/><G15/><T89/><D81/><U28/><E28/><V83/><F83/><W13/><G13/><T56/><D127/><U49/><AGARI ba="0,0" hai="20,26,31,49,52,59,60,62,88,94,97" m="32809" machi="49" ten="30,4000,0" yaku="8,1,54,2" doraHai="66" who="1" fromWho="1" sc="250,-20,250,40,250,-10,250,-10" /><INIT seed="1,0,0,4,0,32" ten="230,290,240,240" oya="1" hai0="107,13,36,129,1,84,74,95,22,2,87,12,96" hai1="78,59,135,132,79,6,117,60,100,125,37,10,43" hai2="30,28,81,111,113,128,127,52,56,42,24,97,48" hai3="130,55,8,39,35,98,88,19,29,120,11,63,57"/><U14/><E117/><V105/><F113/><W33/><G120/><T62/><D74/><U110/><E100/><V118/><F118/><W108/><G39/><T0/><D36/><U49/><E37/><V38/><F111/><W119/><G119/><T73/><D73/><U101/><E101/><V93/><F105/><W86/><G108/><T50/><D107/><U26/><E26/><V80/><F127/><W64/><G130/><T66/><D129/><U131/><E131/><V21/><F128/><W51/><G98/><T70/><D50/><U114/><E114/><V112/><F112/><W7/><G29/><T116/><D116/><U31/><E31/><V85/><F30/><W3/><G19/><T91/><REACH who="0" step="1"/><D22/><REACH who="0" step="2"/><U102/><E110/><V92/><F38/><W17/><G33/><T124/><D124/><U89/><E125/><V45/><F21/><W15/><G35/><T23/><D23/><U106/><E106/><V41/><F48/><W18/><G3/><T121/><D121/><U82/><E135/><V69/><F28/><W61/><G11/><T133/><D133/><U115/><E132/><V25/><F25/><W20/><G20/><T122/><D122/><U40/><E49/><V103/><F24/><W75/><G75/><T90/><D90/><U72/><E72/><V94/><F103/><W65/><G51/><T123/><D123/><U126/><E115/><V47/><F42/><N who="1" m="15913" /><E102/><V58/><F41/><W5/><G63/><T67/><D67/><N who="1" m="39327" /><E126/><V54/><F47/><W134/><G134/><T104/><D104/><U34/><E34/><V4/><F45/><RYUUKYOKU ba="0,1" sc="220,15,290,15,240,-15,240,-15" hai0="0,1,2,12,13,62,66,70,84,87,91,95,96" hai1="6,10,14,78,79,82,89" /><INIT seed="1,1,1,0,0,31" ten="235,305,225,225" oya="1" hai0="111,132,26,44,116,49,126,76,33,97,21,60,10" hai1="117,4,120,55,71,61,1,88,75,62,79,118,14" hai2="85,40,77,93,5,121,101,20,34,109,46,81,99" hai3="119,87,69,32,72,95,59,134,8,98,25,104,50"/><U12/><E120/><V3/><F34/><W114/><G114/><T113/><D116/><U28/><E28/><V13/><F121/><W16/><G119/><T6/><D113/><U36/><E36/><V133/><F133/><W129/><G134/><T115/><D132/><U125/><E125/><V83/><F109/><W29/><G69/><T135/><D111/><U78/><E1/><V67/><F67/><W106/><G72/><T130/><D126/><U41/><E41/><V11/><F3/><W0/><G129/><T86/><D130/><U131/><E71/><V19/><F83/><W17/><G87/><T37/><D37/><U7/><E131/><V92/><F93/><W105/><G0/><T100/><D135/><U123/><E123/><V48/><F19/><W74/><G74/><T43/><D115/><U68/><E68/><V91/><REACH who="2" step="1"/><F20/><REACH who="2" step="2"/><W102/><REACH who="3" step="1"/><G8/><REACH who="3" step="2"/><T53/><D10/><U35/><E118/><V30/><F30/><W23/><G23/><T84/><D21/><U47/><E117/><V52/><F52/><AGARI ba="1,3" hai="16,17,25,29,32,50,52,59,95,98,102,104,105,106" machi="52" ten="40,8000,1" yaku="1,1,52,1,54,2,53,0" doraHai="31" doraHaiUra="18" who="3" fromWho="2" sc="235,0,305,0,215,-83,215,113" /><INIT seed="2,0,0,3,2,125" ten="235,305,132,328" oya="2" hai0="39,76,96,36,118,95,97,121,106,93,54,9,134" hai1="45,83,101,4,49,87,115,12,20,62,90,128,14" hai2="79,35,131,24,92,56,52,73,77,51,30,68,26" hai3="133,25,71,114,72,109,127,126,23,47,98,102,0"/><V69/><F26/><W65/><G0/><T129/><D121/><U61/><E115/><V59/><F56/><W22/><G114/><T40/><D134/><U5/><E128/><V117/><F117/><W46/><G72/><T44/><D106/><U130/><E130/><V100/><F131/><W2/><G2/><T19/><D76/><U57/><E101/><V17/><F17/><W8/><G8/><T31/><D31/><U82/><E82/><V89/><F100/><W32/><G133/><T16/><D129/><U108/><E108/><V43/><F43/><W81/><G109/><T34/><D34/><U7/><E20/><V116/><F116/><W42/><G81/><T132/><D132/><U3/><E3/><V70/><REACH who="2" step="1"/><F73/><REACH who="2" step="2"/><W10/><G42/><T103/><D40/><N who="1" m="24743" /><E62/><V33/><F33/><W13/><G32/><T41/><D103/><U123/><E123/><V112/><F112/><W64/><G71/><T58/><D41/><U74/><E74/><V88/><F88/><W78/><G47/><T1/><D44/><U11/><E11/><V29/><F29/><W18/><G46/><T60/><D9/><U113/><E113/><V94/><F94/><W38/><G10/><T28/><D28/><U135/><E135/><V21/><F21/><W50/><G22/><T107/><D118/><U84/><E61/><V27/><F27/><W85/><G25/><T15/><D60/><U66/><E57/><V6/><F6/><W122/><G122/><T119/><D58/><U105/><E4/><V99/><AGARI ba="0,1" hai="24,30,35,51,52,59,68,69,70,77,79,89,92,99" machi="99" ten="30,6000,0" yaku="1,1,0,1,54,1,53,0" doraHai="125" doraHaiUra="120" who="2" fromWho="2" sc="235,-20,305,-20,122,70,328,-20" /><INIT seed="2,1,0,3,3,27" ten="215,285,192,308" oya="2" hai0="64,78,33,73,83,5,57,93,69,70,18,75,45" hai1="122,35,121,20,130,37,55,40,28,128,30,74,85" hai2="76,77,120,86,61,23,109,39,34,84,119,67,132" hai3="100,15,7,19,125,88,135,106,38,6,80,126,21"/><V12/><F39/><W63/><G38/><T25/><D75/><U107/><E74/><V118/><F120/><N who="1" m="46185" /><E107/><V131/><F34/><W60/><G135/><T114/><D114/><U47/><E35/><V26/><F12/><W99/><G7/><T110/><D110/><U134/><E134/><V123/><F132/><W31/><G6/><T43/><D5/><U101/><E101/><V94/><F123/><W89/><G31/><N who="1" m="11818" /><E20/><V68/><F131/><N who="1" m="50217" /><E55/><V92/><F86/><AGARI ba="1,0" hai="37,40,47,85,86" m="50217,11818,46185" machi="86" ten="40,8000,1" yaku="13,1,19,1,52,3" doraHai="27" who="1" fromWho="2" sc="215,0,285,83,192,-83,308,0" /><INIT seed="3,0,0,5,1,90" ten="215,368,109,308" oya="3" hai0="113,129,60,28,98,106,95,101,65,117,33,38,100" hai1="63,9,88,56,85,50,45,128,62,93,114,43,120" hai2="69,0,39,112,111,61,70,73,115,78,10,34,23" hai3="66,27,126,123,130,79,47,24,97,5,26,125,87"/><W74/><G123/><T110/><D117/><U104/><E120/><V46/><F34/><W72/><G130/><T25/><D129/><U59/><E128/><V41/><F111/><W133/><G133/><T18/><D110/><U109/><E109/><V16/><F112/><W84/><G5/><T135/><D135/><U53/><E114/><V30/><F30/><W103/><G66/><T57/><D113/><U7/><E104/><V75/><F73/><W40/><G79/><T29/><D38/><U86/><E86/><V116/><F116/><W71/><G71/><T122/><D122/><U42/><E42/><V3/><F115/><W22/><G22/><T77/><D77/><U124/><E124/><N who="3" m="47722" /><G74/><T82/><D82/><U20/><E20/><V11/><F10/><W2/><G2/><T80/><D80/><U31/><E31/><V81/><F61/><W99/><G72/><T6/><D6/><U36/><REACH who="1" step="1"/><E56/><REACH who="1" step="2"/><V96/><F96/><N who="3" m="36939" /><G103/><T19/><D106/><U76/><E76/><V12/><REACH who="2" step="1"/><F0/><AGARI ba="0,1" hai="0,7,9,36,43,45,50,53,59,62,63,85,88,93" machi="0" ten="30,7700,0" yaku="1,1,7,1,52,1,54,1,53,0" doraHai="90" doraHaiUra="94" who="1" fromWho="2" sc="215,0,358,87,109,-77,308,0" /><INIT seed="4,0,0,2,5,82" ten="215,445,32,308" oya="0" hai0="58,52,27,87,59,68,63,42,16,133,20,11,91" hai1="89,115,77,4,25,0,80,56,100,13,1,74,86" hai2="6,101,45,132,92,104,93,75,2,7,90,14,48" hai3="44,21,64,97,65,107,126,102,55,106,84,26,109"/><T111/><D133/><U130/><E130/><V28/><F2/><W117/><G109/><T134/><D134/><U119/><E119/><V36/><F36/><W127/><G117/><T62/><D111/><U78/><E115/><V70/><F70/><W24/><G107/><T61/><D68/><U50/><E100/><V30/><F132/><W46/><G84/><T31/><D42/><U67/><E25/><V18/><F75/><W39/><G26/><N who="0" m="16839" /><D59/><U108/><E108/><V57/><F57/><W17/><G39/><T118/><D118/><U3/><E74/><V113/><F113/><W51/><REACH who="3" step="1"/><G44/><REACH who="3" step="2"/><T47/><D47/><U98/><E86/><V112/><F104/><W105/><G105/><T94/><D27/><U37/><E98/><N who="2" m="59599" /><F112/><W114/><G114/><T76/><D76/><U88/><E37/><V103/><F45/><W95/><G95/><T32/><D32/><U79/><E77/><V54/><F92/><W81/><G81/><T49/><D63/><U99/><E78/><V41/><F41/><W10/><G10/><T53/><D53/><U124/><E79/><V38/><F54/><W96/><G96/><T12/><AGARI ba="0,1" hai="11,12,16,49,52,58,61,62,87,91,94" m="16839" machi="12" ten="30,11700,0" yaku="8,1,52,1,54,2" doraHai="82" who="0" fromWho="0" sc="215,127,445,-39,32,-39,298,-39" owari="342,14,406,51,-7,-51,259,-14" /></mjloggm>