<mjloggm ver="2.3"><GO type="41"/><UN n0="%E3%82%82%E3%81%A3%E3%81%97%E3%83%BC" n1="%E7%A9%BA%E5%B1%85" n2="%E3%82%A6%E3%83%AB%E3%83%88%E3%83%A9%E7%AB%8B%E7%9B%B4" n3="%4E%61%4E" dan="15,15,15,13" rate="2001,1966,2003,1997" sx="M,M,M,M"/><TAIKYOKU oya="0"/><INIT seed="0,0,0,3,5,134" ten="250,250,250,250" oya="0" hai0="10,64,133,62,12,14,16,46,78,38,70,4,48" hai1="28,18,13,50,99,66,92,21,33,15,105,131,1" hai2="53,115,73,120,11,88,49,77,26,7,27,135,61" hai3="41,93,29,39,95,5,126,132,47,84,57,19,55"/><T129/><D133/><U114/><E105/><V54/><F120/><W107/><G132/><T2/><D129/><U101/><E131/><V85/><F115/><W44/><G107/><T52/><D78/><U94/><E114/><V109/><F135/><W72/><G72/><T67/><D67/><U89/><E1/><V42/><F73/><W97/><G29/><T45/><D38/><U58/><E33/><V125/><F77/><W82/><G5/><T9/><REACH who="0" step="1"/><D2/><REACH who="0" ten="240,250,250,250" step="2"/><U79/><E79/><V56/><F42/><W74/><G41/><T81/><D81/><U86/><E28/><V22/><F109/><W40/><G39/><T122/><D122/><U87/><E87/><V31/><F26/><W36/><G74/><T75/><D75/><U63/><E50/><V113/><F113/><W127/><G40/><T100/><D100/><U71/><E71/><V60/><F53/><W111/><G111/><T59/><AGARI ba="0,1" hai="4,9,10,12,14,16,45,46,48,52,59,62,64,70" machi="59" ten="20,12000,1" yaku="1,1,0,1,7,1,54,2,53,0" doraHai="134" doraHaiUra="108" who="0" fromWho="0" sc="240,130,250,-40,250,-40,250,-40" /><INIT seed="0,1,0,4,0,134" ten="370,210,210,210" oya="0" hai0="39,56,68,19,4,122,130,3,133,77,6,113,42" hai1="18,67,117,23,21,100,34,72,61,103,37,125,73" hai2="129,55,91,22,2,132,124,8,84,109,108,32,123" hai3="114,107,96,83,106,17,126,111,93,10,29,95,89"/><T13/><D113/><U66/><E18/><V131/><F32/><W74/><G114/><T14/><D122/><U49/><E61/><V28/><F55/><W31/><G111/><N who="2" m="42569" /><F91/><W51/><G74/><T118/><D118/><U127/><E49/><V82/><F84/><W115/><G115/><T9/><D68/><U64/><E34/><V59/><F82/><W63/><G63/><T1/><D133/><U88/><E88/><V71/><F59/><W75/><G75/><N who="1" m="28746" /><E37/><V69/><F132/><W70/><G83/><T53/><D130/><N who="2" m="49674" /><F123/><W16/><G89/><T35/><D35/><U38/><E38/><V97/><F97/><W11/><G96/><T40/><D39/><U26/><E26/><N who="2" m="16471" /><F69/><W116/><G70/><T80/><D3/><U90/><E90/><V7/><F71/><W135/><G135/><T105/><D1/><U20/><E117/><V121/><F121/><W120/><G120/><T112/><D112/><U43/><E43/><V52/><F52/><W87/><G87/><T62/><D42/><U12/><E12/><V65/><F65/><W99/><G116/><T0/><D0/><U54/><E54/><V46/><F46/><W30/><G99/><T86/><D40/><U119/><E119/><V60/><F60/><W57/><G57/><T24/><D14/><U25/><E25/><V79/><F79/><W36/><G36/><T5/><D24/><U85/><E85/><V94/><F94/><W110/><G93/><T98/><D98/><U76/><E76/><V47/><F47/><W48/><G95/><T45/><D45/><U92/><E92/><RYUUKYOKU ba="1,0" sc="370,10,210,10,210,10,210,-30" hai0="4,5,6,9,13,19,53,56,62,77,80,86,105" hai1="20,21,23,64,66,67,100,103,125,127" hai2="2,7,8,124" /><INIT seed="0,2,0,1,1,38" ten="380,220,220,180" oya="0" hai0="64,93,58,100,85,20,76,92,15,39,113,126,131" hai1="1,74,34,103,105,72,56,0,102,9,41,7,108" hai2="44,40,69,47,110,78,121,135,29,42,91,59,51" hai3="52,117,115,62,73,114,127,130,65,10,89,3,107"/><T134/><D113/><U16/><E108/><V30/><F69/><W94/><G117/><T118/><D118/><U96/><E103/><V22/><F121/><W88/><G107/><T123/><D123/><U104/><E105/><V24/><F110/><W60/><G73/><T14/><D39/><U55/><E34/><V116/><F116/><W99/><G130/><T57/><D131/><U66/><E1/><V63/><F78/><W18/><G127/><T90/><D126/><U50/><E66/><V101/><F101/><W95/><G3/><T54/><D134/><U81/><E81/><V67/><F135/><W19/><G115/><T2/><D2/><U111/><E111/><V87/><F30/><W49/><G10/><T48/><D76/><U112/><E112/><V120/><F120/><W43/><G43/><N who="2" m="16425" /><F51/><W79/><G79/><T68/><D68/><U129/><E129/><V8/><F8/><W83/><G83/><AGARI ba="2,0" hai="22,24,29,44,47,59,63,67,83,87,91" m="16425" machi="83" ten="30,7700,0" yaku="8,1,52,3" doraHai="38" who="2" fromWho="3" sc="380,0,220,0,220,83,180,-83" /><INIT seed="1,0,0,4,0,87" ten="380,220,303,97" oya="1" hai0="26,11,82,42,99,62,27,70,44,79,14,18,102" hai1="20,96,78,35,66,75,59,19,83,113,112,95,109" hai2="50,38,57,125,1,123,8,76,124,29,53,6,67" hai3="97,73,135,92,34,15,33,46,23,106,43,25,64"/><U21/><E35/><V13/><F38/><W2/><G73/><T127/><D127/><N who="2" m="48714" /><F123/><W52/><G106/><T36/><D70/><U116/><E116/><V49/><F67/><W24/><G2/><T55/><D62/><U65/><E109/><V86/><F29/><W28/><G135/><T126/><D126/><U103/><E21/><V111/><F111/><W4/><G64/><T118/><D55/><U16/><E19/><V61/><F1/><W71/><G71/><T134/><D134/><U108/><E108/><V81/><AGARI ba="0,0" hai="6,8,13,49,50,53,57,61,76,81,86" m="48714" machi="81" ten="30,1100,0" yaku="18,1" doraHai="87" who="2" fromWho="2" sc="380,-3,220,-5,303,11,97,-3" /><INIT seed="2,0,0,1,0,6" ten="377,215,314,94" oya="2" hai0="24,81,51,63,8,88,0,114,5,14,45,9,103" hai1="34,68,118,60,77,57,33,10,13,135,129,126,93" hai2="47,4,30,37,107,22,78,109,113,31,58,11,49" hai3="121,53,111,100,65,66,40,12,131,52,86,19,108"/><V80/><F107/><W119/><G121/><T116/><D114/><U87/><E68/><V72/><F113/><W41/><G119/><T61/><D116/><U133/><E118/><V102/><F102/><W3/><G3/><T134/><D134/><N who="1" m="51211" /><E129/><V43/><F109/><N who="3" m="42059" /><G100/><T25/><D103/><U89/><E77/><V42/><F22/><W26/><G26/><T35/><D35/><U44/><E44/><V16/><F16/><W38/><G86/><N who="0" m="50255" /><D25/><U117/><E117/><V90/><F90/><W128/><G12/><N who="0" m="5135" /><D24/><U125/><E34/><V74/><F74/><W28/><G28/><T85/><D0/><U83/><E33/><V79/><F79/><W97/><G97/><T18/><D85/><U123/><E83/><V71/><F71/><W101/><G19/><T21/><D21/><U50/><E50/><V91/><F91/><W75/><G75/><T112/><D112/><U124/><E123/><V17/><F17/><W120/><G101/><T96/><D96/><U95/><E95/><V98/><F98/><W92/><G92/><T122/><D122/><U104/><E104/><V115/><F115/><W46/><G120/><T62/><D63/><U69/><E69/><V55/><REACH who="2" step="1"/><F43/><AGARI ba="0,0" hai="9,14,18,43,45,51,61,62" m="5135,50255" machi="43" ten="30,7700,0" yaku="8,1,52,2,54,1" doraHai="6" who="0" fromWho="2" sc="377,77,215,0,314,-77,94,0" /><INIT seed="3,0,0,0,5,49" ten="454,215,237,94" oya="3" hai0="118,107,34,36,101,32,105,125,22,9,122,116,80" hai1="91,13,55,12,62,126,0,38,124,109,129,130,85" hai2="110,77,71,114,48,15,104,66,25,134,132,37,20" hai3="24,72,39,100,106,8,52,65,33,27,67,31,17"/><W59/><G39/><T79/><D36/><U102/><E0/><V43/><F37/><W5/><G72/><T95/><D9/><U10/><E102/><V44/><F104/><W64/><G100/><T92/><D22/><U83/><E38/><V78/><F114/><W14/><G106/><T29/><D29/><U6/><E13/><V123/><F15/><W115/><G115/><T42/><D42/><U4/><E6/><V70/><F123/><W41/><G41/><T76/><D125/><N who="1" m="48235" /><E109/><V46/><F46/><W2/><G27/><T119/><D122/><U113/><E113/><V50/><F50/><W127/><G127/><T87/><D34/><U120/><E120/><V45/><F45/><W53/><REACH who="3" step="1"/><G59/><AGARI ba="0,0" hai="4,10,12,55,59,62,83,85,91,129,130" m="48235" machi="59" ten="30,2000,0" yaku="18,1,52,1" doraHai="49" who="1" fromWho="3" sc="454,0,215,20,237,0,94,-20" /><INIT seed="4,0,0,1,0,83" ten="454,235,237,74" oya="0" hai0="22,24,48,3,75,64,31,134,16,36,90,104,130" hai1="33,128,131,23,17,61,98,4,9,18,49,80,43" hai2="88,106,101,125,60,57,13,99,124,94,82,97,47" hai3="91,67,119,111,5,30,12,92,14,29,38,114,84"/><T1/><D36/><U37/><E33/><V127/><F47/><W118/><G111/><T133/><D75/><U81/><E37/><V53/><F13/><W66/><G38/><T95/><D104/><U70/><E98/><V56/><F82/><N who="1" m="31849" /><E61/><V8/><F8/><W107/><G107/><T54/><D64/><U55/><E70/><V77/><F77/><W63/><G114/><T129/><D31/><U121/><E43/><V44/><F44/><W58/><G67/><T7/><D7/><U135/><E121/><V45/><F45/><W11/><REACH who="3" step="1"/><G12/><REACH who="3" ten="454,235,237,64" step="2"/><T21/><D3/><N who="1" m="159" /><E135/><N who="0" m="51721" /><D1/><U46/><E23/><V68/><F53/><W6/><G6/><T86/><D22/><U103/><E103/><V117/><F117/><AGARI ba="0,1" hai="5,11,14,29,30,58,63,66,84,91,92,117,118,119" machi="117" ten="40,5200,0" yaku="1,1,52,1,53,1" doraHai="83" doraHaiUra="62" who="3" fromWho="2" sc="454,0,235,0,237,-52,64,62" /><INIT seed="5,0,0,4,3,64" ten="454,235,185,126" oya="1" hai0="131,27,127,97,80,0,38,87,13,3,66,29,128" hai1="132,20,93,1,135,86,9,19,101,60,94,122,75" hai2="63,73,104,49,74,39,11,108,12,57,92,55,42" hai3="67,115,58,72,123,90,133,69,116,4,99,129,35"/><U43/><E75/><V102/><F104/><W51/><G4/><T134/><D38/><U34/><E34/><V37/><F108/><W7/><G7/><T85/><D127/><U61/><E122/><V77/><F77/><W124/><G99/><T10/><D134/><N who="1" m="51243" /><E43/><V25/><F74/><W68/><G67/><T120/><D97/><N who="1" m="59567" /><E1/><V81/><F73/><W65/><G65/><T8/><D120/><U16/><E9/><V96/><F81/><W121/><G90/><T79/><D66/><U98/><E86/><V6/><F42/><W53/><G123/><T112/><D87/><U59/><E59/><V47/><F39/><W46/><G58/><T48/><D8/><U109/><E109/><V50/><F37/><W41/><G41/><T88/><D79/><U33/><E33/><V83/><F83/><W26/><G46/><T106/><D3/><U89/><E19/><V71/><F47/><W126/><G124/><T2/><D2/><U111/><E111/><V95/><F95/><W36/><G126/><T91/><D0/><U45/><E45/><V70/><REACH who="2" step="1"/><F25/><AGARI ba="0,0" hai="16,20,25,60,61,89,94,98" m="59567,51243" machi="25" ten="30,2900,0" yaku="20,1,54,1" doraHai="64" who="1" fromWho="2" sc="454,0,235,29,185,-29,126,0" /><INIT seed="5,1,0,4,3,66" ten="454,264,156,126" oya="1" hai0="96,11,71,115,103,62,113,51,124,39,49,14,46" hai1="108,88,41,133,9,106,45,23,44,8,130,12,112" hai2="25,68,54,2,42,84,22,89,19,7,69,38,24" hai3="47,37,33,90,105,92,127,101,50,57,114,119,56"/><U122/><E122/><V26/><F42/><W83/><G33/><T13/><D124/><U43/><E106/><V28/><F38/><W76/><G114/><N who="0" m="43531" /><D39/><U40/><E112/><V70/><F7/><W86/><G127/><T15/><D11/><U102/><E102/><V109/><F2/><W1/><G1/><T81/><D81/><U18/><E130/><V129/><F129/><W27/><G27/><T111/><D111/><U3/><E133/><V78/><F78/><W110/><G110/><T5/><D5/><U16/><E3/><V72/><F72/><W52/><G119/><T4/><D4/><U59/><E59/><V79/><F79/><W107/><G37/><T125/><D125/><U21/><E108/><V74/><F74/><W58/><REACH who="3" step="1"/><G101/><REACH who="3" ten="454,264,156,116" step="2"/><T99/><D103/><U32/><E32/><V123/><F109/><W128/><G128/><T67/><D49/><U118/><E118/><V77/><F123/><W65/><G65/><T126/><D126/><U30/><E30/><V10/><F77/><W53/><G53/><AGARI ba="1,1" hai="13,14,15,46,51,53,62,67,71,96,99" m="43531" machi="53" ten="30,2000,0" yaku="15,1,52,1" doraHai="66" who="0" fromWho="3" sc="454,33,264,0,156,0,116,-23" /><INIT seed="6,0,0,3,4,50" ten="487,264,156,93" oya="2" hai0="37,118,116,10,132,17,131,55,9,126,77,1,123" hai1="14,127,82,60,83,115,30,71,112,38,121,63,74" hai2="117,124,49,36,104,72,11,16,45,46,64,107,34" hai3="4,128,29,28,88,73,114,66,134,33,125,27,94"/><V113/><F72/><W3/><G73/><T76/><D123/><U54/><E121/><V48/><F34/><W52/><G66/><T24/><D37/><U130/><E130/><V35/><F35/><W44/><G128/><T103/><D131/><U93/><E127/><V25/><F117/><W108/><G108/><T15/><D132/><U68/><E93/><V84/><F36/><W19/><G29/><T78/><D126/><U26/><E14/><V0/><F124/><W12/><G125/><T41/><D41/><U97/><E97/><V101/><F64/><W59/><G44/><T106/><D106/><U58/><E38/><V65/><F65/><W81/><G81/><N who="1" m="30730" /><E74/><V95/><F113/><N who="1" m="43593" /><E63/><V98/><F84/><N who="3" m="52487" /><G114/><T111/><D111/><U43/><E43/><V23/><F0/><W86/><G86/><T31/><D1/><U99/><E99/><V40/><REACH who="2" step="1"/><F11/><REACH who="2" ten="487,264,146,93" step="2"/><N who="3" m="2463" /><G134/><T8/><D8/><U75/><E75/><V122/><F122/><W109/><G109/><T22/><D9/><U42/><E71/><V20/><F20/><N who="3" m="11367" /><G59/><T119/><D119/><U70/><E68/><V102/><F102/><W91/><G91/><T80/><D103/><U85/><E70/><V51/><F51/><W5/><G5/><T47/><D118/><U67/><E85/><V79/><F79/><W129/><G129/><T21/><D116/><U32/><E67/><V53/><AGARI ba="0,1" hai="16,23,25,40,45,46,48,49,53,95,98,101,104,107" machi="53" ten="20,12000,1" yaku="1,1,0,1,7,1,52,1,54,1,53,0" doraHai="50" doraHaiUra="6" who="2" fromWho="2" sc="487,-40,264,-40,146,130,93,-40" /><INIT seed="6,1,0,0,4,57" ten="447,224,276,53" oya="2" hai0="131,50,111,12,71,110,83,42,11,89,95,65,8" hai1="9,80,38,112,40,98,41,126,4,6,104,49,14" hai2="35,58,74,133,13,77,101,105,134,90,47,46,64" hai3="27,10,128,79,76,114,22,23,81,120,108,119,18"/><V7/><F35/><W85/><G108/><T129/><D83/><U2/><E112/><V39/><F77/><W87/><G119/><T94/><D71/><U61/><E126/><V96/><F74/><W0/><G120/><T68/><D68/><U53/><E38/><V122/><F122/><W107/><G128/><N who="0" m="49227" /><D65/><U84/><E6/><V73/><F73/><W63/><G107/><T55/><D42/><U118/><E118/><V67/><F67/><W34/><G114/><T20/><D20/><U62/><E2/><V99/><F47/><W66/><G34/><T45/><D8/><U93/><E104/><V106/><F46/><W88/><G85/><N who="0" m="52527" /><D95/><U17/><E4/><AGARI ba="1,0" hai="4,11,12,45,50,55,110,111" m="52527,49227" machi="4" ten="30,1000,0" yaku="19,1" doraHai="57" who="0" fromWho="1" sc="447,13,224,-13,276,0,53,0" /><INIT seed="7,0,0,5,0,65" ten="460,211,276,53" oya="3" hai0="132,56,23,97,14,42,104,17,82,8,127,22,92" hai1="13,100,35,28,2,114,34,57,73,93,95,91,87" hai2="126,96,86,4,40,7,49,107,122,66,36,85,129" hai3="130,112,26,101,70,116,58,108,90,81,134,72,61"/><W6/><G116/><T63/><D104/><U1/><E73/><V75/><F36/><W103/><G112/><T128/><D127/><U38/><E114/><V76/><F75/><W53/><G130/><T52/><D128/><U44/><E57/><V59/><F129/><W117/><G117/><T102/><D132/><U120/><E120/><V133/><F133/><W98/><G134/><T110/><D110/><U50/><E38/><V99/><F107/><W20/><G108/><T64/><D42/><U84/><E100/><N who="3" m="38474" /><G6/><T78/><D64/><U55/><E28/><V106/><F106/><W77/><G72/><AGARI ba="0,0" hai="8,14,17,22,23,52,56,63,72,78,82,92,97,102" machi="72" ten="30,2000,0" yaku="7,1,54,1" doraHai="65" who="0" fromWho="3" sc="460,20,211,0,276,0,53,-20" owari="480,58.0,211,-19.0,276,8.0,33,-47.0" /></mjloggm>