<mjloggm ver="2.3"><GO type="41"/><UN n0="%EF%BC%88%E2%89%A7%E2%96%BD%E2%89%A6%EF%BC%89" n1="%E6%BC%AB%E5%96%AB%E3%81%AE%E5%BA%97%E5%93%A1" n2="%E3%83%86%E3%83%AC%E3%83%86%E3%83%AC%E5%9D%8A%E4%B8%BB" n3="%E3%81%AA%E3%81%86%E3%82%8D%E3%81%86" dan="15,13,13,13" rate="2018,2028,1833,1823" sx="M,M,M,M"/><TAIKYOKU oya="0"/><INIT seed="0,0,0,1,2,94" ten="250,250,250,250" oya="0" hai0="15,65,118,38,75,33,71,122,43,95,104,87,5" hai1="36,123,53,68,61,25,91,27,132,22,2,67,127" hai2="57,60,85,106,14,77,105,101,112,17,18,55,74" hai3="12,29,62,10,90,115,130,82,32,35,7,108,28"/><T50/><D75/><U70/><E123/><V30/><F112/><W13/><G115/><T100/><D33/><U114/><E114/><V86/><F74/><W120/><G120/><T24/><D118/><U79/><E2/><V40/><F40/><W88/><G130/><T21/><D122/><U116/><E116/><V103/><F106/><W81/><G62/><T92/><D38/><U78/><E36/><V96/><F103/><W83/><G108/><T66/><D104/><U3/><E3/><V46/><F46/><W134/><G134/><T23/><D71/><U126/><E132/><V109/><F109/><W107/><G107/><T102/><D87/><U133/><E133/><V16/><F30/><W113/><G113/><T42/><D15/><U9/><E68/><V73/><REACH who="2" step="1"/><F14/><REACH who="2" ten="250,250,240,250" step="2"/><W4/><G81/><AGARI ba="0,1" hai="16,17,18,55,57,60,73,77,81,85,86,96,101,105" machi="81" ten="40,8000,1" yaku="1,1,2,1,52,1,54,1,53,0" doraHai="94" doraHaiUra="110" who="2" fromWho="3" sc="250,0,250,0,240,90,250,-80" /><INIT seed="1,0,0,4,5,93" ten="250,250,330,170" oya="1" hai0="51,65,55,71,17,113,58,98,100,82,133,57,44" hai1="69,16,77,88,54,22,114,52,37,102,7,50,24" hai2="8,49,11,83,45,96,67,127,85,120,21,35,5" hai3="41,13,63,80,103,68,130,123,118,32,126,135,9"/><U28/><E37/><V117/><F117/><W104/><G80/><T122/><D122/><U73/><E69/><V14/><F120/><W119/><G41/><T72/><D113/><U36/><E36/><V87/><F127/><W26/><G123/><T34/><D34/><U4/><E114/><V106/><F35/><W60/><G60/><T46/><D133/><U25/><E102/><V18/><F67/><W124/><G13/><T128/><D128/><U89/><E77/><V62/><F62/><W97/><G9/><T23/><D71/><U79/><E79/><V115/><F115/><W42/><G42/><T110/><D110/><U15/><E73/><V40/><F11/><W43/><G43/><T86/><D72/><U31/><E24/><V81/><F106/><W59/><G59/><T3/><D3/><U134/><E134/><V108/><F108/><W53/><G53/><N who="1" m="20586" /><E50/><V29/><F29/><N who="1" m="11337" /><E25/><V33/><F33/><W76/><G76/><N who="0" m="46407" /><D58/><U30/><E30/><V1/><F1/><W20/><G32/><T109/><D109/><U6/><AGARI ba="0,0" hai="4,6,7,15,16,22,88,89" m="11337,20586" machi="6" ten="30,11700,0" yaku="8,1,54,3" doraHai="93" who="1" fromWho="1" sc="250,-39,250,117,330,-39,170,-39" /><INIT seed="1,1,0,3,1,50" ten="211,367,291,131" oya="1" hai0="92,4,111,40,113,44,110,96,21,54,103,99,107" hai1="80,22,72,1,84,116,15,127,69,86,17,126,43" hai2="63,25,30,61,49,65,51,100,23,67,42,78,121" hai3="134,7,20,58,35,91,109,60,135,130,129,89,16"/><U11/><E69/><V27/><F121/><W13/><G35/><T26/><D113/><U106/><E106/><V62/><F78/><W6/><G109/><N who="0" m="41483" /><D4/><N who="3" m="1577" /><G89/><N who="0" m="55311" /><D40/><U122/><E122/><V59/><F100/><W48/><G91/><T56/><D44/><U74/><E116/><V66/><F42/><W24/><G48/><N who="2" m="18505" /><F30/><N who="3" m="17671" /><G60/><N who="2" m="23145" /><F23/><N who="3" m="11663" /><G58/><T98/><D56/><U31/><E43/><V46/><N who="2" m="23153" /><V39/><DORA hai="128" /><F39/><W77/><G77/><T131/><D99/><U125/><E1/><V87/><F59/><W12/><G12/><T3/><D3/><U104/><E104/><V68/><F68/><W124/><G124/><T119/><D107/><U0/><E0/><V90/><F46/><W85/><G85/><N who="1" m="32874" /><E80/><AGARI ba="1,0" hai="25,27,65,66,67,80,87,90" m="23153,18505" machi="80" ten="40,1300,0" yaku="8,1" doraHai="50,128" who="2" fromWho="1" sc="211,0,367,-16,291,16,131,0" /><INIT seed="2,0,0,2,3,123" ten="211,351,307,131" oya="2" hai0="61,28,2,24,104,75,30,36,73,42,43,4,74" hai1="3,68,38,69,14,106,120,83,124,118,41,27,108" hai2="48,33,20,32,117,93,77,39,114,119,18,31,89" hai3="128,59,90,45,57,7,80,72,121,81,58,96,87"/><V107/><F39/><W60/><G7/><T47/><D104/><U52/><E3/><V122/><F122/><W23/><G121/><T53/><D42/><U109/><E106/><V130/><F130/><W85/><G72/><T129/><D129/><U110/><E120/><V51/><F107/><W49/><G96/><T134/><D134/><U70/><E118/><V55/><F114/><W46/><G128/><T63/><D53/><U12/><E124/><V97/><F31/><W16/><G60/><T115/><D115/><U11/><E27/><V6/><F6/><W102/><G102/><T86/><D86/><U62/><E83/><V76/><F51/><W13/><REACH who="3" step="1"/><G49/><REACH who="3" ten="211,351,307,121" step="2"/><T111/><D73/><U133/><E133/><V64/><F119/><W25/><G25/><T9/><D74/><U44/><E11/><V35/><F117/><W50/><G50/><T125/><D75/><U17/><E17/><V94/><F64/><W101/><G101/><T40/><D24/><U88/><E88/><AGARI ba="0,1" hai="13,16,23,45,46,57,58,59,80,81,85,87,88,90" machi="88" ten="40,8000,1" yaku="1,1,9,1,8,1,54,2,53,0" doraHai="123" doraHaiUra="37" who="3" fromWho="1" sc="211,0,351,-80,307,0,121,90" /><INIT seed="3,0,0,4,4,79" ten="211,271,307,211" oya="3" hai0="42,37,16,22,98,64,69,65,84,112,32,3,40" hai1="94,96,108,123,85,71,111,5,45,132,78,90,14" hai2="59,49,125,81,131,54,95,21,83,124,24,62,29" hai3="55,127,102,58,27,47,50,113,119,86,75,87,73"/><W70/><G102/><T60/><D32/><U36/><E71/><V120/><F131/><W80/><G113/><T18/><D112/><U97/><E123/><V133/><F120/><W12/><G70/><T72/><D72/><U130/><E130/><V67/><F133/><W103/><G103/><T99/><D3/><U25/><E132/><V46/><REACH who="2" step="1"/><F95/><REACH who="2" ten="211,271,297,211" step="2"/><W9/><G119/><T30/><D69/><U28/><E94/><V51/><F51/><W121/><G121/><T93/><D93/><U105/><E105/><V31/><F31/><W101/><G127/><AGARI ba="0,1" hai="21,24,29,46,49,54,59,62,67,81,83,124,125,127" machi="127" ten="40,8000,1" yaku="1,1,18,1,52,2,53,1" doraHai="79" doraHaiUra="17" who="2" fromWho="3" sc="211,0,271,0,297,90,211,-80" /><INIT seed="4,0,0,5,1,9" ten="211,271,387,131" oya="0" hai0="77,76,103,97,117,91,106,69,119,50,72,70,13" hai1="126,8,59,71,46,74,108,115,29,7,60,127,20" hai2="109,114,84,98,1,42,21,25,26,129,64,104,61" hai3="4,12,47,92,130,0,120,14,88,51,27,40,57"/><T53/><D119/><U5/><E74/><V49/><F1/><W67/><G120/><T62/><D117/><U31/><E108/><V75/><F75/><W16/><G130/><T101/><D101/><U35/><E71/><V22/><F104/><W111/><G111/><T118/><D118/><U124/><E35/><V105/><F114/><W102/><G102/><T10/><D91/><U86/><E115/><V54/><F129/><W55/><G67/><T128/><D128/><U82/><E46/><V28/><F105/><W107/><G107/><T34/><D34/><U85/><E85/><V45/><F98/><N who="3" m="57607" /><G4/><N who="1" m="1610" /><E20/><V96/><F96/><W18/><G0/><T134/><D134/><U6/><E59/><V87/><F109/><W73/><G73/><T52/><D72/><U3/><E60/><V132/><F42/><W23/><G18/><T112/><D112/><U24/><E24/><V131/><F131/><W80/><G80/><T63/><D70/><U93/><E93/><V48/><F48/><AGARI ba="0,0" hai="12,14,16,23,27,40,47,48,51,55,57" m="57607" machi="48" ten="30,8000,1" yaku="8,1,52,2,54,2" doraHai="9" who="3" fromWho="2" sc="211,0,271,0,387,-80,131,80" /><INIT seed="5,0,0,5,0,94" ten="211,271,307,211" oya="1" hai0="30,76,45,49,129,33,60,50,120,19,12,39,114" hai1="67,58,31,29,117,95,113,108,92,14,107,16,6" hai2="116,47,100,43,88,102,0,15,77,72,37,104,134" hai3="48,27,24,32,105,125,8,91,40,20,87,78,62"/><U28/><E117/><V35/><F134/><W101/><G32/><T52/><D129/><U109/><E107/><V81/><F116/><W23/><G8/><T66/><D120/><U103/><E6/><V1/><F15/><W119/><G62/><T26/><D114/><U64/><E113/><V18/><F18/><W51/><G78/><T93/><D76/><U2/><E2/><N who="2" m="1131" /><F88/><W106/><G91/><T115/><D115/><U133/><E133/><V86/><F86/><W65/><G87/><T7/><D7/><U61/><E64/><V71/><F102/><W123/><G101/><T68/><D39/><U25/><E25/><V53/><F53/><W97/><G65/><T98/><D50/><U118/><E118/><V111/><F111/><N who="1" m="42569" /><E103/><V41/><F41/><W122/><G40/><T44/><D44/><U38/><E38/><V127/><F127/><W36/><G36/><T80/><D80/><U21/><AGARI ba="0,0" hai="14,16,21,28,29,31,58,61,67,92,95" m="42569" machi="21" ten="30,3000,0" yaku="10,1,54,1" doraHai="94" who="1" fromWho="1" sc="211,-10,271,30,307,-10,211,-10" /><INIT seed="5,1,0,1,5,17" ten="201,301,297,201" oya="1" hai0="81,29,27,61,132,0,111,41,28,46,7,124,112" hai1="14,79,98,48,56,2,110,51,91,34,75,6,20" hai2="133,109,47,4,86,115,19,65,74,80,71,5,25" hai3="128,42,122,26,8,66,73,100,104,107,67,131,97"/><U77/><E34/><V85/><F109/><W130/><G42/><T95/><D111/><U123/><E110/><V103/><F133/><W21/><G73/><T1/><D132/><U116/><E123/><V129/><F74/><W69/><G122/><T125/><D112/><U120/><E120/><V37/><F115/><W30/><G8/><N who="0" m="2151" /><D1/><U113/><E113/><V87/><F129/><W45/><G45/><T102/><D61/><U22/><E116/><V99/><F71/><W92/><G69/><T58/><D58/><U31/><E75/><V24/><F37/><W127/><G127/><N who="0" m="48715" /><D81/><U23/><E31/><V121/><F121/><W3/><G3/><T9/><D9/><N who="1" m="4407" /><E2/><V18/><F47/><W11/><G11/><T33/><D29/><U50/><E56/><V105/><F65/><AGARI ba="1,0" hai="21,26,30,65,66,67,92,97,100,104,107,128,130,131" machi="65" ten="40,2600,0" yaku="19,1,52,1" doraHai="17" who="3" fromWho="2" sc="201,0,301,0,297,-29,201,29" /><INIT seed="6,0,0,5,5,80" ten="201,301,268,230" oya="2" hai0="33,109,25,117,70,34,83,61,64,56,123,122,127" hai1="26,68,131,74,50,107,42,23,111,82,134,59,101" hai2="53,30,37,18,79,10,86,84,51,110,125,4,88" hai3="87,28,13,120,44,119,38,95,72,21,113,36,39"/><V6/><F37/><W62/><G72/><T116/><D109/><U52/><E111/><V85/><F110/><W47/><G120/><N who="0" m="46123" /><D25/><U78/><E68/><V97/><F125/><W48/><G62/><N who="0" m="40215" /><D83/><U99/><E131/><V96/><F30/><W3/><G3/><T65/><D33/><U40/><REACH who="1" step="1"/><E134/><REACH who="1" ten="201,291,268,230" step="2"/><V31/><F79/><W98/><G119/><N who="0" m="45643" /><D34/><U104/><E104/><V16/><F31/><AGARI ba="0,1" hai="23,26,31,40,42,50,52,59,74,78,82,99,101,107" machi="31" ten="30,7700,0" yaku="1,1,7,1,54,1,53,1" doraHai="80" doraHaiUra="22" who="1" fromWho="2" sc="201,0,291,87,268,-77,230,0" /><INIT seed="7,0,0,5,2,43" ten="201,378,191,230" oya="3" hai0="57,81,24,62,125,113,133,103,11,99,98,28,2" hai1="114,26,21,123,80,3,95,130,20,51,33,134,22" hai2="52,119,25,55,90,111,87,53,45,41,68,128,124" hai3="116,58,120,64,15,56,40,127,73,30,38,35,29"/><W69/><G73/><T16/><D133/><U48/><E123/><V6/><F119/><W121/><G15/><N who="0" m="7295" /><D2/><U132/><E3/><V9/><F111/><W77/><G77/><T110/><D110/><U10/><E114/><V36/><F128/><W105/><G105/><T27/><D125/><U46/><E130/><V97/><F124/><W129/><G30/><T14/><D113/><U118/><E118/><V0/><F68/><W79/><G29/><T32/><D32/><U74/><E10/><V39/><F25/><N who="0" m="9802" /><D28/><U106/><E106/><V67/><F67/><W109/><G35/><T107/><D107/><U17/><E33/><V47/><F97/><W102/><G116/><T49/><D103/><U112/><E112/><V126/><F126/><W75/><G102/><T65/><D81/><U71/><E71/><V100/><F100/><W63/><G127/><T13/><D49/><U135/><E95/><V66/><F66/><W94/><G94/><T42/><D42/><N who="1" m="24663" /><E51/><V88/><REACH who="2" step="1"/><F87/><REACH who="2" ten="201,378,181,230" step="2"/><W54/><G129/><T34/><D34/><U7/><E7/><V4/><F4/><W72/><G109/><T122/><D122/><U89/><E74/><V92/><F92/><W83/><G75/><T117/><D117/><U86/><AGARI ba="0,1" hai="17,20,21,22,26,80,86,89,132,134,135" m="24663" machi="86" ten="40,2700,0" yaku="20,1,52,1" doraHai="43" who="1" fromWho="1" sc="201,-7,378,37,181,-7,230,-13" owari="194,-21.0,415,52.0,174,-33.0,217,2.0" /></mjloggm>