<mjloggm ver="2.3"><GO type="169" lobby="0"/><UN n0="%E3%82%A4%E3%82%BA%E3%83%9F%E3%83%B3" n1="%68%69%67%68%31%35%31%35" n2="%E5%A5%88%E8%90%BD%E3%81%AE%E7%8E%8B" n3="%EF%BC%88%E2%89%A7%E2%96%BD%E2%89%A6%EF%BC%89" dan="16,16,17,17" rate="2067.60,2092.70,2148.10,2193.15" sx="M,M,M,M"/><TAIKYOKU oya="0"/><INIT seed="0,0,0,5,5,88" ten="250,250,250,250" oya="0" hai0="132,25,28,86,57,20,96,121,84,6,120,77,7" hai1="89,24,100,59,34,48,123,92,35,10,56,87,76" hai2="16,49,30,19,33,124,90,11,27,67,93,73,108" hai3="52,38,21,111,32,75,80,128,98,62,131,46,63"/><T122/><D132/><U103/><E123/><V68/><F73/><W64/><G32/><T83/><D86/><U60/><E76/><V44/><F108/><W72/><G111/><T29/><D29/><U66/><E10/><V107/><F107/><W119/><G119/><T105/><REACH who="0" step="1"/><D57/><REACH who="0" ten="240,250,250,250" step="2"/><U117/><E56/><V0/><F30/><W116/><G72/><T94/><D94/><U78/><E59/><V9/><F93/><W109/><G75/><T17/><D17/><U45/><E87/><V5/><F16/><W3/><G109/><T39/><D39/><U81/><E92/><V2/><F19/><W106/><G38/><T4/><D4/><U41/><E117/><V43/><F5/><W65/><G116/><T125/><D125/><U61/><E35/><V129/><F33/><W99/><G106/><T127/><D127/><U104/><E34/><V12/><F124/><W14/><G128/><T102/><AGARI ba="0,1" hai="6,7,20,25,28,77,83,84,96,102,105,120,121,122" machi="102" ten="40,3900,0" yaku="1,1,0,1,53,0" doraHai="88" doraHaiUra="15" who="0" fromWho="0" sc="240,49,250,-13,250,-13,250,-13" /><INIT seed="0,1,0,5,0,43" ten="289,237,237,237" oya="0" hai0="93,55,79,114,21,86,7,80,129,38,90,34,96" hai1="57,54,112,132,109,120,13,69,89,125,22,10,45" hai2="123,11,58,32,83,9,35,24,0,77,23,68,99" hai3="108,41,134,42,111,95,97,113,115,37,40,72,29"/><T121/><D34/><U59/><E120/><V107/><F68/><W84/><G72/><T106/><D38/><U48/><E69/><V26/><F58/><W92/><G29/><T82/><D7/><U101/><E109/><N who="3" m="42058" /><G134/><T27/><D121/><U52/><E132/><V102/><F123/><W104/><G37/><T131/><D114/><N who="3" m="43529" /><G84/><T33/><D33/><U133/><E112/><V3/><F35/><W70/><G70/><T67/><D67/><U16/><E133/><V94/><F107/><W17/><G17/><T71/><D71/><U39/><E125/><V103/><F32/><W50/><G50/><T46/><D106/><U85/><E39/><V8/><F3/><W49/><G49/><N who="0" m="29111" /><D129/><U65/><E101/><AGARI ba="1,0" hai="40,41,42,92,95,97,101,104" m="43529,42058" machi="101" ten="40,1300,0" yaku="14,1" doraHai="43" who="3" fromWho="1" sc="289,0,237,-16,237,0,237,16" /><INIT seed="1,0,0,4,4,67" ten="289,221,237,253" oya="1" hai0="29,14,96,59,70,100,28,33,58,108,50,11,80" hai1="17,116,135,42,81,2,30,104,72,65,74,37,122" hai2="132,47,110,128,125,23,49,18,86,109,6,89,32" hai3="43,16,124,130,48,38,92,78,41,61,3,93,24"/><U127/><E116/><V95/><F32/><W22/><G3/><T76/><D70/><U62/><E122/><V54/><F128/><W69/><G130/><T87/><D33/><U106/><E2/><V19/><F132/><W123/><G123/><T114/><D114/><U53/><E135/><V51/><F125/><W40/><G124/><T52/><D58/><U20/><E127/><V88/><F6/><W101/><G38/><T21/><D21/><U90/><E30/><V71/><F71/><W66/><G101/><T97/><D108/><N who="2" m="41578" /><F23/><W45/><REACH who="3" step="1"/><G78/><REACH who="3" ten="289,221,237,243" step="2"/><T118/><D118/><U36/><E37/><V115/><F115/><W79/><G79/><T91/><D76/><U0/><E36/><V112/><F112/><W103/><G103/><T73/><D73/><U113/><E0/><V46/><F89/><W117/><G117/><T68/><D100/><U134/><E90/><V119/><F119/><W35/><G35/><T8/><D91/><U82/><E74/><V99/><F99/><W133/><G133/><T4/><D97/><U15/><E72/><V44/><F51/><W12/><G12/><T131/><D96/><U31/><E15/><V5/><F49/><W84/><G84/><T77/><D131/><U121/><E113/><V120/><F120/><W34/><G34/><T56/><D14/><U107/><E121/><V83/><F88/><W94/><AGARI ba="0,1" hai="16,22,24,40,41,43,45,48,61,66,69,92,93,94" machi="94" ten="30,7900,0" yaku="1,1,0,1,52,1,54,1,53,0" doraHai="67" doraHaiUra="10" who="3" fromWho="3" sc="289,-20,221,-39,237,-20,243,89" /><INIT seed="2,0,0,3,1,107" ten="269,182,217,332" oya="2" hai0="77,85,7,17,52,23,55,63,81,11,92,61,57" hai1="71,96,49,129,4,135,14,6,12,68,35,32,26" hai2="74,130,39,134,33,97,88,66,75,106,93,27,25" hai3="42,1,69,3,40,37,112,2,67,76,80,15,104"/><V13/><F39/><W43/><G104/><T48/><D92/><U83/><E129/><V105/><F130/><W125/><G125/><T47/><D7/><U103/><E135/><V111/><F134/><W119/><G119/><T132/><D11/><U38/><E38/><V19/><F66/><W5/><G112/><T30/><D30/><U44/><E83/><V60/><F60/><W54/><G37/><T127/><D127/><U28/><E35/><V94/><F33/><W53/><G67/><T31/><D31/><U24/><E26/><V41/><F41/><W86/><G69/><T118/><D118/><U62/><E14/><V108/><F105/><W128/><G128/><T122/><D132/><U126/><E126/><V101/><F106/><W59/><G59/><T51/><REACH who="0" step="1"/><D122/><REACH who="0" ten="259,182,217,332" step="2"/><U56/><E6/><V10/><F108/><W109/><G109/><T34/><D34/><U131/><E4/><V21/><F111/><W20/><G5/><T65/><D65/><U46/><E32/><V110/><F110/><W45/><G2/><T58/><D58/><U73/><E56/><V0/><F0/><W8/><G3/><T91/><D91/><U100/><E28/><V133/><F133/><W9/><G1/><T64/><D64/><U98/><E131/><V117/><F117/><W120/><G120/><T16/><D16/><U36/><E100/><V102/><F102/><W123/><G123/><T70/><D70/><U18/><E103/><V79/><F10/><N who="3" m="4203" /><G45/><T82/><D82/><U87/><E46/><V50/><F101/><W114/><G114/><T95/><D95/><RYUUKYOKU ba="0,1" sc="259,15,182,-15,217,-15,332,15" hai0="17,23,47,48,51,52,55,57,61,63,77,81,85" hai3="15,20,40,42,43,53,54,76,80,86" /><INIT seed="3,1,1,4,2,32" ten="274,167,202,347" oya="3" hai0="1,61,31,16,57,121,98,52,11,7,112,39,59" hai1="73,116,51,48,33,70,34,94,58,62,119,44,22" hai2="27,108,117,134,38,97,129,46,4,104,99,9,81" hai3="135,128,133,49,66,55,21,26,93,89,114,115,132"/><W111/><G66/><T45/><D31/><U83/><E70/><V5/><F117/><N who="1" m="45129" /><E94/><V90/><F27/><W130/><G111/><T28/><D28/><U43/><E22/><V105/><F46/><N who="3" m="28087" /><G89/><T113/><D121/><U24/><E24/><V42/><F42/><W88/><G21/><T120/><D120/><U122/><E122/><V18/><F90/><W68/><G26/><T71/><D71/><U72/><E51/><V78/><F108/><W54/><G54/><T40/><D59/><U53/><E83/><V76/><F81/><W13/><G13/><T35/><D35/><AGARI ba="1,1" hai="33,34,35,43,44,48,53,58,62,72,73" m="45129" machi="35" ten="30,1000,0" yaku="12,1" doraHai="32" who="1" fromWho="0" sc="274,-13,167,23,202,0,347,0" /><INIT seed="4,0,0,5,5,11" ten="261,190,202,347" oya="0" hai0="47,115,95,80,60,64,40,77,106,12,29,117,42" hai1="54,131,10,62,92,107,98,85,89,100,76,5,132" hai2="1,130,99,105,90,33,116,21,15,57,124,18,69" hai3="25,43,94,59,108,123,74,78,87,38,14,26,84"/><T104/><D117/><U2/><E131/><V65/><F130/><W4/><G108/><T63/><D29/><U91/><E132/><V73/><F73/><W102/><G74/><T119/><D119/><U129/><E129/><V75/><F75/><W101/><G123/><T52/><D95/><U86/><E76/><V128/><F128/><W46/><G78/><T70/><D115/><U37/><E37/><V50/><F1/><W16/><G4/><T44/><D106/><U17/><E17/><V53/><F33/><W51/><G59/><T111/><D104/><U97/><E62/><V32/><F32/><W35/><G38/><T48/><D111/><U135/><E135/><V36/><F36/><W45/><G45/><T109/><D109/><U88/><REACH who="1" step="1"/><E54/><REACH who="1" ten="261,180,202,347" step="2"/><V118/><F53/><W125/><G16/><T71/><D63/><U23/><E23/><V20/><F20/><W68/><G35/><T72/><D42/><U113/><E113/><V79/><F21/><W121/><G43/><T127/><D60/><U81/><E81/><V93/><F18/><W3/><G121/><T41/><D41/><U58/><E58/><V49/><F57/><W56/><G56/><T9/><D64/><U8/><E8/><V83/><F65/><W28/><G28/><T112/><D112/><U61/><E61/><V66/><F66/><W126/><G46/><T24/><D24/><U120/><E120/><V19/><F118/><W31/><G26/><T133/><D133/><U103/><AGARI ba="0,1" hai="2,5,10,85,86,88,89,91,92,97,98,100,103,107" machi="103" ten="30,7900,0" yaku="1,1,0,1,54,1,53,1" doraHai="11" doraHaiUra="34" who="1" fromWho="1" sc="261,-39,180,89,202,-20,347,-20" /><INIT seed="5,0,0,2,5,13" ten="222,269,182,327" oya="1" hai0="72,53,12,70,101,22,71,86,6,51,67,110,5" hai1="46,42,93,108,4,26,7,14,120,123,83,80,59" hai2="68,48,37,39,105,3,81,63,25,58,89,47,109" hai3="117,104,31,66,112,45,17,95,133,50,52,38,129"/><U100/><E108/><V77/><F105/><W0/><G0/><T91/><D72/><U99/><E59/><V64/><F3/><W57/><G104/><T92/><D101/><U126/><E126/><V23/><F89/><W114/><G117/><T134/><D110/><U44/><E26/><V127/><F68/><W30/><G133/><T135/><D70/><U118/><E118/><V102/><F102/><W115/><G129/><T18/><D67/><U82/><E46/><V10/><F10/><W62/><G95/><T43/><D43/><U16/><E120/><V78/><F78/><W75/><G75/><T132/><REACH who="0" step="1"/><D71/><REACH who="0" ten="212,269,182,327" step="2"/><U21/><REACH who="1" step="1"/><E123/><REACH who="1" ten="212,259,182,327" step="2"/><V121/><F121/><W84/><G114/><T96/><D96/><U56/><E56/><AGARI ba="0,2" hai="5,6,12,18,22,51,53,56,86,91,92,132,134,135" machi="56" ten="40,8000,1" yaku="1,1,25,2,20,1,52,1,53,0" doraHai="13" doraHaiUra="69" who="0" fromWho="1" sc="212,100,259,-80,182,0,327,0" /><INIT seed="6,0,0,2,3,33" ten="312,179,182,327" oya="2" hai0="42,118,18,55,8,34,35,17,69,126,19,56,15" hai1="5,130,68,65,66,58,117,98,93,76,61,84,16" hai2="99,43,24,31,46,52,23,53,79,47,88,54,20" hai3="70,100,48,78,132,4,0,104,44,26,71,2,28"/><V94/><F79/><W124/><G78/><T120/><D69/><U7/><E117/><V83/><F83/><W111/><G111/><T67/><D118/><U30/><E130/><V72/><F72/><W62/><G124/><T39/><D126/><U60/><E30/><V59/><F59/><W112/><G112/><T115/><D67/><U45/><E45/><V122/><F122/><W129/><G129/><T105/><D105/><U12/><E84/><V128/><F128/><W86/><G86/><T91/><D120/><U14/><E76/><V11/><F11/><W50/><G4/><T41/><D39/><U121/><E121/><V113/><F113/><W13/><G13/><T9/><D115/><U32/><E32/><V89/><F89/><W92/><G71/><T37/><D34/><U77/><E77/><V87/><F87/><W109/><G70/><T123/><D35/><U131/><E131/><V108/><F108/><W101/><G101/><T80/><D37/><U116/><E116/><V135/><F135/><W29/><G100/><T95/><D80/><U36/><E36/><V103/><F103/><W74/><G74/><T49/><D123/><U127/><E127/><V3/><F3/><N who="3" m="1067" /><G109/><T38/><D38/><U6/><REACH who="1" step="1"/><E16/><REACH who="1" ten="312,169,182,327" step="2"/><N who="0" m="6249" /><D9/><U73/><E73/><V125/><F125/><W97/><G29/><T22/><D8/><U102/><AGARI ba="0,1" hai="5,6,7,12,14,58,60,61,65,66,68,93,98,102" machi="102" ten="30,2000,0" yaku="1,1,0,1,53,0" doraHai="33" doraHaiUra="27" who="1" fromWho="1" sc="312,-5,169,30,182,-10,327,-5" /><INIT seed="7,0,0,1,1,66" ten="307,199,172,322" oya="3" hai0="61,0,74,73,64,104,60,15,113,103,131,12,80" hai1="49,45,111,25,121,43,107,22,77,35,30,65,53" hai2="9,132,118,28,59,109,23,17,34,85,42,52,89" hai3="47,7,41,38,126,56,128,16,44,129,10,96,83"/><W3/><G126/><T81/><D0/><U19/><E121/><V40/><F109/><W86/><G47/><T99/><D131/><N who="3" m="50249" /><G96/><T101/><D99/><U32/><E111/><V120/><F118/><W125/><G125/><T114/><D64/><U48/><E107/><AGARI ba="0,0" hai="12,15,60,61,73,74,80,81,101,103,104,107,113,114" machi="107" ten="25,1600,0" yaku="22,2" doraHai="66" who="0" fromWho="1" sc="307,16,199,-16,172,0,322,0" owari="323,43.0,183,-22.0,172,-33.0,322,12.0" /></mjloggm>