<mjloggm ver="2.3"><GO type="41"/><UN n0="%28%E3%81%BE%C2%B4%CF%89%EF%BD%80%E3%81%AA%29%E3%83%9F" n1="%E3%81%AB%E3%81%8F%E5%90%9B" n2="%EF%BC%88%E2%89%A7%E2%96%BD%E2%89%A6%EF%BC%89" n3="%44%52%4F%50" dan="14,14,15,14" rate="1928,1933,2070,2002" sx="F,M,M,M"/><TAIKYOKU oya="0"/><INIT seed="0,0,0,0,4,52" ten="250,250,250,250" oya="0" hai0="128,109,131,97,72,50,15,96,114,78,94,99,85" hai1="70,123,34,26,11,42,31,10,93,49,125,47,98" hai2="19,91,112,75,39,63,36,115,53,55,83,104,122" hai3="117,116,80,56,118,13,1,35,62,65,124,130,119"/><T69/><D69/><U64/><E123/><V8/><F122/><W95/><G119/><T25/><D25/><U129/><E125/><V74/><F104/><W46/><G1/><T17/><D114/><U120/><E129/><N who="0" m="49737" /><D109/><U61/><REACH who="1" step="1"/><E120/><REACH who="1" step="2"/><V9/><F115/><W44/><G124/><T23/><D72/><U24/><E24/><V4/><F75/><W48/><G130/><T0/><D0/><U133/><E133/><V32/><F74/><W22/><G118/><T20/><D78/><U106/><E106/><V7/><F112/><W27/><G117/><T121/><D121/><U3/><E3/><V126/><F126/><W86/><G116/><T73/><D73/><U6/><E6/><V67/><F4/><W100/><G27/><T135/><D135/><U21/><E21/><V101/><F7/><W79/><G22/><T76/><D23/><U90/><AGARI ba="0,1" hai="10,11,26,31,34,42,47,49,61,64,70,90,93,98" machi="90" ten="20,5200,0" yaku="1,1,0,1,7,1,53,1" doraHai="52" doraHaiUra="84" who="1" fromWho="1" sc="250,-26,240,62,250,-13,250,-13" /><INIT seed="1,0,0,2,5,112" ten="224,302,237,237" oya="1" hai0="73,9,51,49,81,97,102,63,60,113,35,132,23" hai1="105,11,7,126,30,65,92,115,36,109,19,99,133" hai2="12,61,1,118,43,41,22,91,5,37,44,89,21" hai3="75,50,67,129,104,57,123,2,45,38,90,116,53"/><U69/><E115/><V64/><F41/><W15/><G123/><T101/><D35/><U8/><E36/><V98/><F118/><W127/><G116/><T119/><D113/><U84/><E105/><V34/><F34/><W72/><G2/><T42/><D119/><U71/><E133/><V95/><F1/><W10/><G104/><T120/><D120/><U125/><E109/><V26/><F91/><W96/><G127/><N who="1" m="48650" /><E30/><V122/><F122/><W56/><G129/><T18/><D132/><U82/><E65/><V80/><F80/><W24/><G24/><T52/><D9/><N who="1" m="3659" /><E7/><V131/><F131/><W27/><G27/><T103/><D97/><U88/><E19/><V0/><F0/><W106/><G38/><T83/><D73/><U107/><E107/><V39/><F39/><W117/><G117/><T134/><D134/><U124/><N who="1" m="48658" /><U93/><DORA hai="110" /><E93/><V20/><F5/><W16/><G57/><N who="0" m="32911" /><D81/><U85/><E85/><V79/><F37/><W86/><G67/><T55/><D83/><U46/><E46/><V128/><F44/><W28/><G45/><N who="0" m="28143" /><D42/><U32/><E32/><V77/><F43/><W31/><G72/><T78/><D78/><AGARI ba="0,0" hai="69,71,78,82,84,88,92,99" m="3659,48658" machi="78" ten="40,3900,0" yaku="18,1,54,1" doraHai="112,110" who="1" fromWho="0" sc="224,-39,302,39,237,0,237,0" /><INIT seed="1,1,0,2,3,15" ten="185,341,237,237" oya="1" hai0="28,20,86,2,90,102,81,27,95,79,106,83,129" hai1="63,22,99,48,52,55,68,58,74,122,111,9,93" hai2="88,115,56,60,49,54,36,85,120,12,84,66,71" hai3="44,50,37,46,105,1,132,76,16,61,51,3,112"/><U69/><E74/><V0/><F120/><W32/><G112/><T128/><D2/><U94/><E122/><V130/><F115/><W125/><G37/><T119/><D119/><U39/><E111/><V43/><F130/><N who="0" m="50282" /><D79/><U23/><E39/><V75/><F75/><W14/><G32/><T31/><D31/><U96/><E9/><V104/><F0/><W121/><G121/><T118/><D118/><U100/><E68/><V47/><F104/><W134/><G105/><T26/><D26/><U64/><REACH who="1" step="1"/><E55/><REACH who="1" step="2"/><V45/><F45/><W30/><G46/><T133/><D133/><U57/><E57/><V89/><REACH who="2" step="1"/><F12/><REACH who="2" step="2"/><W113/><G44/><T91/><D106/><U101/><AGARI ba="1,2" hai="22,23,48,52,58,63,64,69,93,94,96,99,100,101" machi="101" ten="20,12000,1" yaku="1,1,0,1,7,1,9,1,54,1,53,0" doraHai="15" doraHaiUra="11" who="1" fromWho="1" sc="185,-41,331,143,227,-41,237,-41" /><INIT seed="1,2,0,1,0,53" ten="144,474,186,196" oya="1" hai0="111,101,0,86,73,76,25,41,133,29,113,27,119" hai1="77,36,125,66,24,89,106,5,30,28,64,52,55" hai2="114,37,46,54,96,22,108,79,67,4,109,18,105" hai3="33,90,35,91,115,32,92,1,61,98,127,60,58"/><U132/><E106/><V20/><F114/><W124/><G115/><T82/><D113/><U80/><E36/><V6/><F79/><W19/><G1/><T103/><D119/><U42/><E42/><N who="2" m="22863" /><F67/><W7/><G7/><N who="2" m="2601" /><F54/><W62/><G19/><T72/><D0/><U15/><E89/><V112/><F112/><W116/><G116/><T2/><D2/><U128/><E128/><V104/><F96/><W75/><G75/><T17/><D76/><U131/><E131/><V110/><F22/><W121/><G121/><T97/><D97/><U34/><E132/><V47/><F47/><W59/><REACH who="3" step="1"/><G91/><REACH who="3" step="2"/><T9/><D133/><U12/><E30/><V93/><F93/><W118/><G118/><T50/><D29/><U71/><E28/><V57/><F110/><W49/><G49/><T120/><D111/><U39/><E5/><V99/><F109/><W130/><G130/><T84/><D120/><U122/><E122/><V135/><F108/><W14/><G14/><T48/><D17/><U65/><E39/><V83/><F135/><W23/><G23/><T38/><D38/><U126/><E34/><V117/><F117/><W45/><G45/><T95/><D72/><N who="1" m="43047" /><E24/><V13/><F20/><W88/><G88/><T74/><D27/><U10/><E15/><V3/><F13/><W11/><G11/><T21/><D25/><U63/><E12/><V100/><F3/><W69/><G69/><T134/><D134/><U102/><E10/><V16/><F18/><W51/><G51/><T70/><D9/><U26/><E26/><V8/><F16/><W68/><G68/><RYUUKYOKU ba="2,1" sc="144,-10,474,-10,186,-10,186,30" hai3="32,33,35,58,59,60,61,62,90,92,98,124,127" /><INIT seed="2,3,1,1,4,115" ten="134,464,176,216" oya="2" hai0="65,82,89,131,128,76,14,118,25,17,7,110,41" hai1="123,108,83,109,67,13,36,133,77,6,106,51,28" hai2="42,21,125,90,134,24,43,45,60,93,80,107,68" hai3="33,52,1,34,27,12,46,124,59,84,98,92,132"/><V105/><F125/><W122/><G122/><T78/><D110/><N who="1" m="42603" /><E36/><V81/><F134/><W48/><G1/><T19/><D41/><U57/><E133/><V0/><F0/><W40/><G132/><T71/><D7/><U101/><E28/><V66/><F81/><W9/><G124/><T127/><D127/><U18/><E6/><V63/><F80/><W64/><G64/><T126/><D126/><U69/><E69/><V26/><F63/><W20/><G84/><T74/><D118/><U112/><E112/><V102/><F102/><W4/><G98/><T104/><D104/><U3/><E3/><V100/><F100/><W88/><G88/><T85/><D25/><U111/><E123/><V95/><F24/><W54/><G54/><T39/><D39/><U16/><E111/><V15/><F43/><W117/><G92/><T130/><D74/><N who="1" m="43447" /><E13/><V53/><F15/><W119/><G34/><T50/><D19/><U30/><E30/><V55/><F107/><W103/><G33/><T96/><D71/><U129/><E129/><V38/><F105/><W22/><G22/><T58/><D128/><U135/><E135/><V91/><F93/><W37/><G103/><T75/><D130/><U47/><E106/><V61/><F61/><W8/><G8/><T73/><D131/><U23/><E101/><V31/><REACH who="2" step="1"/><F90/><REACH who="2" step="2"/><W32/><REACH who="3" step="1"/><G32/><REACH who="3" step="2"/><T56/><D89/><U11/><E11/><V70/><F70/><W72/><G72/><T113/><D75/><U44/><E67/><V87/><AGARI ba="3,3" hai="21,26,31,38,42,45,53,55,60,66,68,87,91,95" machi="87" ten="20,3900,0" yaku="1,1,0,1,7,1,53,0" doraHai="115" doraHaiUra="94" who="2" fromWho="2" sc="134,-16,464,-16,166,78,206,-16" /><INIT seed="2,4,0,3,2,8" ten="118,448,244,190" oya="2" hai0="78,59,29,134,79,123,66,70,97,130,63,39,116" hai1="47,122,104,111,114,25,118,50,91,100,38,4,92" hai2="52,117,14,36,127,35,125,18,85,3,107,94,41" hai3="98,75,1,48,56,71,106,43,128,131,9,80,32"/><V28/><F3/><W37/><G32/><T44/><D123/><U26/><E122/><V74/><F107/><W132/><G71/><T120/><D120/><U86/><E118/><V65/><F74/><W27/><G27/><T19/><D116/><U53/><E114/><V54/><F65/><W34/><G34/><T72/><D29/><U23/><E111/><V129/><F117/><W40/><G37/><T7/><D134/><U62/><E104/><V5/><F5/><W124/><G80/><T58/><D130/><U2/><E100/><V20/><F129/><W96/><G98/><T110/><D110/><U60/><E2/><V84/><F36/><W57/><G96/><T83/><D78/><U126/><E4/><V73/><F41/><W49/><G1/><T0/><D19/><U15/><E126/><N who="2" m="48139" /><F73/><W89/><G75/><T46/><D97/><U17/><E38/><V112/><F112/><W102/><G43/><N who="0" m="22655" /><D46/><U30/><REACH who="1" step="1"/><E26/><REACH who="1" step="2"/><N who="2" m="18839" /><F94/><W101/><G124/><T51/><D51/><U45/><E45/><V103/><F103/><W67/><G49/><T82/><D82/><U68/><E68/><V99/><F99/><W133/><G48/><T12/><D0/><U87/><E87/><AGARI ba="4,1" hai="14,18,20,52,54,84,85,87" m="18839,48139" machi="87" ten="30,5800,0" yaku="18,1,52,1,54,1" doraHai="8" who="2" fromWho="1" sc="118,0,438,-70,244,80,190,0" /><INIT seed="2,5,0,1,4,88" ten="118,368,324,190" oya="2" hai0="57,29,117,6,40,128,124,133,66,59,106,110,69" hai1="98,99,12,71,26,132,107,32,86,55,27,102,115" hai2="5,125,10,96,28,74,8,11,9,2,3,20,50" hai3="75,31,77,36,100,17,105,134,92,54,87,79,46"/><V103/><F74/><W113/><G77/><T67/><D106/><U90/><E115/><V76/><F76/><W43/><G31/><T118/><D6/><U85/><E132/><V34/><F125/><W48/><G134/><T83/><D83/><U52/><E71/><V135/><F135/><W16/><G113/><T30/><D30/><U120/><E120/><V91/><F50/><W35/><G35/><T89/><D89/><U104/><E12/><N who="2" m="5135" /><F91/><W80/><G105/><T18/><D29/><U23/><E90/><V61/><F96/><W47/><REACH who="3" step="1"/><G87/><REACH who="3" step="2"/><T25/><D133/><U51/><E32/><V15/><F61/><W129/><G129/><T112/><D128/><U123/><E123/><V14/><F103/><W94/><G94/><T64/><D112/><U56/><E102/><V82/><F82/><W127/><G127/><T39/><D124/><U1/><E85/><V68/><F34/><W37/><G37/><T63/><D39/><U119/><E86/><V73/><F73/><W0/><G0/><N who="2" m="41" /><F68/><W116/><G116/><T126/><D63/><U122/><E122/><V4/><F28/><W24/><G24/><T58/><D25/><U97/><E27/><V130/><F130/><W65/><G65/><T42/><D69/><U60/><E119/><N who="0" m="45577" /><D126/><U7/><E107/><V41/><F41/><N who="0" m="15978" /><D18/><AGARI ba="5,1" hai="4,9,10,11,14,15,18,20" m="41,5135" machi="18" ten="30,12000,1" yaku="35,5" doraHai="88" who="2" fromWho="0" sc="118,-135,368,0,324,145,180,0" owari="-17,-52.0,368,17.0,469,57.0,180,-22.0" /></mjloggm>