<mjloggm ver="2.3"><GO type="41"/><UN n0="%EF%BC%88%E2%89%A7%E2%96%BD%E2%89%A6%EF%BC%89" n1="%E3%82%A8%E3%82%A4%E3%83%92%E3%83%AC" n2="%E9%BA%BB%E9%9B%80%E5%A4%A7%E5%A5%BD%E3%81%8D%E5%A8%98" n3="%E5%80%89%E5%B1%B1%E6%B2%99%E8%80%B6" dan="15,14,13,15" rate="2016,1914,1867,2123" sx="M,M,F,F"/><TAIKYOKU oya="0"/><INIT seed="0,0,0,0,4,10" ten="250,250,250,250" oya="0" hai0="12,66,6,26,40,5,27,94,64,47,102,90,91" hai1="60,9,108,110,46,32,22,115,68,67,51,87,114" hai2="105,121,76,134,117,98,1,106,50,24,111,79,88" hai3="23,75,61,30,28,55,78,11,107,95,122,92,41"/><T84/><D102/><U70/><E32/><V131/><F121/><W74/><G107/><T43/><D47/><U57/><E22/><V2/><F111/><N who="1" m="42537" /><E9/><V127/><F127/><W130/><G41/><T124/><D84/><U44/><E87/><V35/><F134/><W69/><G130/><T119/><D94/><U96/><E96/><V37/><F37/><W85/><G55/><T128/><D119/><U73/><E73/><V135/><F131/><W133/><G11/><T103/><D103/><U49/><E46/><V15/><F135/><W34/><G34/><T17/><D17/><U72/><E72/><V81/><F117/><W112/><G23/><T77/><D128/><U39/><E39/><V54/><F106/><W48/><G92/><T129/><D129/><U19/><E19/><V82/><F105/><W29/><G95/><T120/><D120/><U16/><E16/><V7/><F98/><W33/><G33/><T31/><D124/><U59/><E59/><V4/><F35/><W63/><G122/><T132/><D132/><U93/><E93/><V101/><F101/><W42/><G133/><T58/><D58/><U71/><E51/><V45/><F50/><W86/><G48/><T21/><D21/><U53/><AGARI ba="0,0" hai="44,49,53,57,60,67,68,70,71,114,115" m="42537" machi="53" ten="40,5200,0" yaku="14,1,34,2" doraHai="10" who="1" fromWho="1" sc="250,-26,250,52,250,-13,250,-13" /><INIT seed="1,0,0,2,4,133" ten="224,302,237,237" oya="1" hai0="115,4,59,107,97,69,108,111,121,9,23,3,24" hai1="49,54,42,8,16,57,65,73,90,101,113,85,34" hai2="125,33,35,112,26,104,19,83,66,14,50,41,127" hai3="71,61,12,88,120,45,96,106,93,68,60,95,7"/><U82/><E113/><V124/><F104/><W67/><G120/><T103/><D115/><U62/><E34/><V126/><F112/><W6/><G106/><T58/><D69/><U131/><E131/><V51/><F66/><W119/><G119/><T17/><REACH who="0" step="1"/><D121/><REACH who="0" ten="214,302,237,237" step="2"/><U39/><E73/><V132/><F127/><W46/><G68/><T27/><D27/><U98/><E39/><V79/><F132/><W122/><G71/><T129/><D129/><U77/><E42/><V134/><F134/><W0/><G122/><T30/><D30/><U28/><E28/><N who="2" m="19607" /><F41/><W123/><G123/><T20/><D20/><U21/><E8/><N who="2" m="6599" /><F35/><W89/><G0/><T70/><D70/><U84/><E98/><V74/><AGARI ba="0,1" hai="50,51,74,79,83,124,125,126" m="6599,19607" machi="74" ten="30,7900,0" yaku="18,1,52,3" doraHai="133" who="2" fromWho="2" sc="214,-20,302,-39,237,89,237,-20" /><INIT seed="2,0,0,3,4,7" ten="194,263,326,217" oya="2" hai0="1,97,43,22,52,111,70,36,68,8,27,101,15" hai1="122,95,49,32,64,57,109,126,17,107,47,104,71" hai2="61,37,53,23,115,78,134,118,87,39,106,0,81" hai3="79,98,102,40,56,72,85,135,59,89,34,19,90"/><V112/><F118/><W3/><G34/><T38/><D1/><U11/><E32/><V129/><F106/><N who="3" m="63831" /><G40/><T65/><D111/><U88/><E109/><V31/><F0/><W130/><G3/><T54/><D68/><U117/><E117/><V28/><F134/><W20/><G59/><T83/><D70/><U5/><E126/><V100/><F129/><W13/><G56/><T12/><D65/><U108/><E122/><V132/><F132/><W66/><G66/><T99/><D83/><U4/><E71/><V24/><F31/><W105/><G105/><T60/><D60/><N who="1" m="37903" /><E104/><V42/><F61/><W123/><G90/><T103/><D43/><N who="1" m="24831" /><E107/><V119/><F100/><W26/><G123/><T50/><D50/><U16/><E108/><V93/><F119/><W76/><G72/><T128/><D128/><U14/><E4/><V114/><F42/><W48/><G48/><T9/><D27/><U30/><E30/><V110/><F110/><W6/><G135/><T69/><D69/><U51/><E51/><V82/><F53/><W10/><G130/><T94/><D22/><U127/><E127/><V131/><F131/><W73/><G73/><T120/><D120/><U113/><E113/><V2/><F2/><W45/><G45/><T92/><AGARI ba="0,0" hai="8,9,12,15,36,38,52,54,92,94,97,99,101,103" machi="92" ten="25,12000,2" yaku="0,1,22,2,52,2,54,1" doraHai="7" who="0" fromWho="0" sc="194,120,263,-30,326,-60,217,-30" /><INIT seed="3,0,0,3,2,45" ten="314,233,266,187" oya="3" hai0="28,26,135,86,37,11,35,107,1,121,117,3,103" hai1="7,108,71,83,14,100,54,64,110,77,44,66,8" hai2="91,72,32,40,115,55,114,58,30,90,124,120,76" hai3="13,68,60,34,109,113,53,127,43,61,38,74,25"/><W133/><G74/><T0/><D121/><U111/><E71/><V39/><F124/><W19/><G113/><T126/><D117/><U50/><REACH who="1" step="1"/><E100/><REACH who="1" ten="314,223,266,187" step="2"/><V125/><F120/><W129/><G68/><T22/><D103/><U31/><E31/><V27/><F125/><W134/><G127/><T81/><D126/><U89/><E89/><V93/><F91/><W17/><G133/><T51/><D135/><U70/><E70/><V56/><F114/><W12/><G134/><T62/><D28/><U102/><E102/><V23/><F115/><W95/><G129/><T79/><D79/><U106/><E106/><V128/><F128/><W5/><G109/><T33/><D107/><U57/><E57/><V42/><F58/><W73/><G17/><T97/><D62/><U49/><E49/><V122/><F122/><W116/><G60/><T59/><D51/><U48/><E48/><V94/><F39/><W132/><G19/><T130/><D37/><U20/><E20/><V123/><F23/><W82/><G61/><T80/><D59/><U105/><E105/><V75/><F123/><W104/><G104/><T2/><D130/><U63/><E63/><V18/><F76/><W118/><G38/><T21/><D22/><U6/><E6/><V9/><F30/><W101/><G132/><T47/><D21/><U112/><E112/><V65/><F90/><W88/><G88/><T131/><D131/><U69/><E69/><V92/><F56/><W29/><G118/><T119/><D119/><U41/><E41/><V10/><F42/><W84/><G116/><T52/><D47/><RYUUKYOKU ba="0,1" sc="314,-10,223,30,266,-10,187,-10" hai1="7,8,14,44,50,54,64,66,77,83,108,110,111" /><INIT seed="4,1,1,1,1,92" ten="304,253,256,177" oya="0" hai0="59,19,82,21,37,96,127,35,17,117,106,109,5" hai1="67,2,90,42,110,71,94,50,3,14,115,11,20" hai2="12,46,69,70,30,32,118,128,105,134,79,78,98" hai3="65,52,9,25,112,100,89,74,34,54,28,119,101"/><T135/><D37/><U88/><E110/><V62/><F128/><W63/><G119/><T31/><D117/><U84/><E115/><V16/><F118/><W114/><G74/><T80/><D109/><U6/><E71/><V51/><F134/><W29/><G9/><T27/><D135/><U81/><E67/><V44/><F44/><W91/><G65/><T7/><D127/><U22/><E3/><V45/><F45/><W125/><G25/><T60/><D106/><U39/><E39/><V97/><F105/><W129/><G63/><T113/><D113/><U36/><E36/><V116/><F116/><W85/><G85/><T124/><D124/><U64/><E64/><V72/><F62/><W15/><G15/><T132/><D132/><U43/><E2/><V1/><F1/><W61/><G61/><T93/><D5/><U38/><E38/><V103/><F103/><W26/><G26/><T99/><D7/><U130/><E130/><V23/><F72/><W41/><G125/><T57/><D59/><U77/><E90/><V131/><F131/><W56/><G56/><T40/><D40/><U86/><E43/><N who="2" m="25055" /><F32/><W102/><G102/><N who="0" m="60687" /><D35/><U0/><E0/><V75/><F75/><W53/><G34/><T87/><D80/><U104/><E104/><V76/><F30/><N who="3" m="11883" /><G129/><T123/><D82/><U66/><E66/><V8/><F8/><W13/><G114/><T107/><D123/><U95/><E95/><V122/><F122/><W48/><G112/><T58/><D60/><U126/><E126/><V49/><F49/><W133/><G48/><T120/><D120/><RYUUKYOKU ba="1,1" sc="304,-15,253,15,256,15,177,-15" hai1="6,11,14,20,22,42,50,77,81,84,86,88,94" hai2="12,16,23,69,70,76,78,79,97,98" /><INIT seed="5,2,1,1,4,70" ten="289,268,271,162" oya="1" hai0="121,34,112,52,135,95,109,3,16,110,77,114,9" hai1="0,118,120,53,122,24,79,78,32,102,7,8,58" hai2="130,15,106,113,132,134,12,129,76,55,1,65,25" hai3="98,116,10,93,5,48,22,28,104,86,19,67,6"/><U89/><E118/><V4/><F106/><W88/><G116/><T26/><D77/><U85/><E102/><V100/><F100/><W90/><G67/><T54/><D121/><U57/><E120/><V91/><F76/><W20/><G104/><T51/><D135/><N who="2" m="51754" /><F65/><W101/><G28/><N who="0" m="19735" /><D95/><U94/><E122/><V2/><F91/><N who="3" m="34859" /><G86/><T36/><D36/><U60/><E32/><V133/><F133/><W50/><G20/><T117/><D117/><U126/><E24/><V71/><F71/><W99/><G99/><T18/><D18/><U59/><E126/><V39/><F39/><W21/><G21/><T38/><D38/><U83/><REACH who="1" step="1"/><E79/><REACH who="1" ten="289,258,271,162" step="2"/><V74/><F25/><W41/><G101/><T64/><D110/><U56/><E56/><V131/><F113/><W31/><G31/><T72/><D109/><U127/><E127/><V108/><F108/><W43/><G98/><AGARI ba="2,2" hai="0,7,8,53,57,58,59,60,78,83,85,89,94,98" machi="98" ten="30,2900,0" yaku="1,1,7,1,53,0" doraHai="70" doraHaiUra="69" who="1" fromWho="3" sc="289,0,258,55,271,0,162,-35" /><INIT seed="5,3,0,0,5,106" ten="289,313,271,127" oya="1" hai0="77,109,64,75,62,45,99,53,9,41,113,35,42" hai1="60,102,78,84,39,44,5,111,116,103,18,85,105" hai2="80,127,3,92,29,37,49,8,115,43,130,134,15" hai3="34,104,13,73,46,10,117,101,31,98,118,54,121"/><U124/><E116/><V72/><F3/><W110/><G121/><T71/><D35/><U82/><E5/><V126/><F37/><W16/><G110/><T112/><D109/><U66/><E111/><V100/><F134/><W6/><G34/><T7/><D99/><U88/><E105/><V32/><F130/><W132/><G31/><T38/><D42/><U89/><E78/><N who="2" m="44103" /><F29/><W122/><G122/><T108/><D108/><U30/><E30/><V128/><F32/><W24/><G132/><T94/><D94/><U93/><E124/><N who="2" m="47659" /><F128/><W28/><G6/><T107/><D107/><U59/><REACH who="1" step="1"/><E18/><REACH who="1" ten="289,303,271,127" step="2"/><N who="2" m="8551" /><F115/><W76/><G28/><T96/><D113/><U133/><E133/><V33/><F33/><W36/><G117/><T2/><D112/><U56/><E56/><V131/><F131/><W87/><G118/><T68/><D71/><U52/><E52/><V125/><F125/><W58/><G54/><T114/><D114/><U61/><E61/><V83/><F43/><AGARI ba="3,1" hai="39,43,44,59,60,66,82,84,85,88,89,93,102,103" machi="43" ten="40,3900,0" yaku="1,1,54,1,53,0" doraHai="106" doraHaiUra="19" who="1" fromWho="2" sc="289,0,303,58,271,-48,127,0" /><INIT seed="5,4,0,4,1,121" ten="289,361,223,127" oya="1" hai0="23,64,43,72,1,24,83,86,110,21,63,68,101" hai1="118,33,17,125,45,44,95,128,57,20,99,134,61" hai2="116,52,4,78,124,79,133,51,117,8,48,18,13" hai3="74,69,32,130,84,38,12,30,36,111,56,96,89"/><U60/><E33/><V15/><F133/><W107/><G69/><T103/><D1/><U112/><E134/><V70/><F70/><W54/><G74/><T105/><D72/><U50/><E118/><V102/><F124/><W92/><G130/><T11/><D43/><U62/><E125/><V93/><F117/><W28/><G107/><T6/><D105/><U55/><E112/><V131/><F116/><W129/><G129/><T49/><D49/><U120/><E128/><V65/><F65/><W135/><G135/><T0/><D110/><U7/><E7/><V126/><F126/><W26/><G111/><T16/><REACH who="0" step="1"/><D23/><REACH who="0" ten="279,361,223,127" step="2"/><U39/><E39/><V14/><F48/><W34/><G36/><T25/><D25/><N who="1" m="14479" /><E120/><V58/><F131/><W66/><G38/><T80/><D80/><U122/><E122/><V27/><F27/><W100/><G26/><T109/><D109/><U88/><AGARI ba="4,1" hai="44,45,50,55,57,60,61,62,88,95,99" m="14479" machi="88" ten="30,3000,0" yaku="8,1,54,1" doraHai="121" who="1" fromWho="1" sc="279,-14,361,52,223,-14,127,-14" /><INIT seed="5,5,0,2,3,130" ten="265,413,209,113" oya="1" hai0="49,117,82,8,21,31,87,50,116,111,6,112,105" hai1="0,42,55,38,121,32,77,1,74,17,73,57,45" hai2="22,89,29,65,18,84,19,40,51,10,48,26,2" hai3="97,122,23,134,76,3,88,99,107,80,61,20,12"/><U83/><E32/><V58/><F2/><W93/><G3/><T81/><D105/><U25/><E74/><V94/><F10/><W11/><G122/><T9/><D111/><U79/><E79/><V128/><F128/><W85/><G134/><T35/><D35/><U101/><E101/><V124/><F124/><W106/><G106/><T91/><D112/><U72/><E72/><V64/><F51/><W118/><G118/><T30/><D21/><U131/><E121/><V113/><F113/><W43/><G43/><T119/><D81/><U68/><E68/><V92/><F94/><W56/><G99/><T46/><D49/><U96/><E96/><V63/><F65/><W135/><G107/><T36/><D36/><U52/><E55/><V133/><F133/><W126/><G126/><T110/><D110/><U47/><E47/><AGARI ba="5,0" hai="18,19,22,26,29,40,47,48,58,63,64,84,89,92" machi="47" ten="40,1300,0" yaku="8,1" doraHai="130" who="2" fromWho="1" sc="265,0,413,-28,209,28,113,0" /><INIT seed="6,0,0,0,5,129" ten="265,385,237,113" oya="2" hai0="79,39,48,89,33,84,18,41,42,31,16,53,36" hai1="54,23,49,99,133,4,115,52,20,88,123,47,34" hai2="40,104,130,97,101,55,82,7,35,72,70,63,8" hai3="62,6,11,127,21,12,26,116,28,37,43,51,59"/><V61/><F35/><W107/><G116/><T57/><D36/><U135/><E34/><V32/><F32/><W108/><G108/><T102/><D39/><U92/><E115/><V73/><F40/><N who="0" m="15466" /><D33/><U30/><E123/><V113/><F113/><W81/><G107/><T87/><D31/><U25/><E4/><V71/><F130/><W119/><G119/><T67/><D102/><U69/><E69/><V5/><F5/><W98/><G37/><T114/><D114/><U83/><E20/><V15/><F55/><W134/><G134/><N who="1" m="51210" /><E54/><V78/><REACH who="2" step="1"/><F73/><REACH who="2" ten="265,385,227,113" step="2"/><W100/><G6/><T121/><D121/><U0/><E0/><V103/><F103/><W65/><G100/><T58/><D67/><U117/><E117/><V90/><F90/><W29/><G65/><T14/><D89/><U68/><E68/><AGARI ba="0,1" hai="7,8,15,61,63,68,70,71,72,78,82,97,101,104" machi="68" ten="40,3900,0" yaku="1,1,53,1" doraHai="129" doraHaiUra="10" who="2" fromWho="1" sc="265,0,385,-39,227,49,113,0" /><INIT seed="6,1,0,5,0,130" ten="265,346,276,113" oya="2" hai0="90,91,20,39,106,40,7,26,100,122,61,103,95" hai1="128,118,67,109,10,133,19,43,35,32,111,24,38" hai2="74,59,58,93,107,34,127,117,87,12,18,13,37" hai3="46,97,6,88,83,89,11,29,105,30,113,4,0"/><V3/><F117/><W79/><G113/><T51/><D122/><U72/><E72/><V52/><F74/><W86/><G6/><T75/><D75/><U82/><E82/><V98/><F107/><W126/><G126/><T57/><D39/><U5/><E118/><V96/><F37/><W132/><G132/><T56/><D7/><U36/><E133/><V77/><F34/><W45/><G89/><N who="0" m="33803" /><D106/><U64/><E19/><V84/><F3/><W94/><REACH who="3" step="1"/><G105/><REACH who="3" ten="265,346,276,103" step="2"/><T60/><D103/><U71/><E5/><V125/><F77/><W135/><G135/><T8/><D100/><U115/><E115/><V41/><F127/><W22/><G22/><T63/><D95/><U80/><E32/><V50/><F125/><W73/><G73/><T14/><D20/><U62/><E35/><V129/><F93/><W112/><G112/><T21/><D21/><U9/><E80/><V28/><F28/><AGARI ba="1,1" hai="0,4,11,28,29,30,45,46,79,83,86,88,94,97" machi="28" ten="40,8000,1" yaku="1,1,54,1,53,2" doraHai="130" doraHaiUra="42" who="3" fromWho="2" sc="265,0,346,0,276,-83,103,93" /><INIT seed="7,0,0,4,5,29" ten="265,346,193,196" oya="3" hai0="56,50,24,2,115,120,54,12,32,109,65,126,83" hai1="112,57,108,89,61,90,31,79,128,76,48,27,47" hai2="133,49,38,75,58,77,135,101,92,67,43,15,21" hai3="94,8,63,91,44,95,6,13,105,69,22,122,86"/><W46/><G105/><T129/><D2/><U0/><E0/><V98/><F38/><W16/><G122/><T28/><D120/><U68/><E68/><V60/><F75/><W96/><G63/><T14/><D109/><U20/><E112/><V4/><F77/><N who="1" m="29769" /><E128/><V72/><F72/><W103/><REACH who="3" step="1"/><G69/><REACH who="3" ten="265,346,193,186" step="2"/><T30/><D129/><U23/><E108/><V123/><F123/><W104/><G104/><T85/><D115/><U26/><E61/><V17/><F4/><W97/><G97/><T36/><D126/><U33/><E57/><V124/><REACH who="2" step="1"/><F124/><REACH who="2" ten="265,346,183,186" step="2"/><W81/><G81/><T87/><D83/><U82/><E82/><V5/><F5/><W114/><G114/><T1/><D87/><U106/><E106/><V73/><F73/><W134/><G134/><T130/><D85/><U7/><E7/><V59/><F59/><W51/><G51/><T55/><D50/><U53/><E48/><V41/><F41/><W121/><G121/><T117/><D56/><U102/><E47/><AGARI ba="0,2" hai="15,17,21,43,47,49,58,60,67,92,98,101,133,135" machi="47" ten="40,1300,0" yaku="1,1,53,0" doraHai="29" doraHaiUra="70" who="2" fromWho="1" sc="265,0,346,-13,183,33,186,0" owari="265,7.0,333,42.0,216,-18.0,186,-31.0" /></mjloggm>