<mjloggm ver="2.3"><GO type="137"/><UN n0="%64%61%72%69%64%61%72%69" n1="%41%62%59%73%53" n2="%69%63%68%69%74%61" n3="%EF%BC%88%E2%89%A7%E2%96%BD%E2%89%A6%EF%BC%89" dan="10,11,12,11" rate="1497,1557,1764,1924" sx="M,M,M,M"/><TAIKYOKU oya="0"/><INIT seed="0,0,0,4,2,26" ten="250,250,250,250" oya="0" hai0="74,4,54,122,13,128,121,39,67,127,125,100,17" hai1="19,75,87,2,27,68,61,12,58,82,5,1,22" hai2="79,124,98,134,57,123,95,24,33,40,6,11,42" hai3="64,112,129,96,114,73,43,120,65,7,105,51,101"/><T85/><D74/><U31/><E75/><V53/><F123/><W109/><G73/><T110/><D39/><U20/><E68/><V21/><F33/><W102/><G120/><T133/><D85/><U59/><E59/><V25/><F124/><N who="0" m="47690" /><D100/><U45/><E45/><V62/><F79/><W47/><G109/><T132/><D110/><U104/><E104/><V49/><F134/><W50/><G129/><T91/><D91/><U15/><E5/><V23/><F21/><W35/><G35/><T115/><D4/><U37/><E37/><V116/><F116/><W106/><G7/><T44/><D115/><U3/><E61/><V36/><F36/><W46/><REACH who="3" step="1"/><G96/><REACH who="3" step="2"/><T111/><D111/><U103/><E58/><V63/><F57/><W77/><G77/><T90/><D90/><U81/><E103/><V41/><F98/><W83/><G83/><T48/><D128/><U97/><E97/><V66/><F6/><W76/><G76/><T118/><D118/><U30/><E87/><V126/><F126/><W32/><G32/><T10/><D67/><U130/><E130/><V55/><F66/><W99/><G99/><T56/><D44/><U28/><E82/><V92/><F95/><W69/><G69/><T108/><D108/><U84/><REACH who="1" step="1"/><E15/><REACH who="1" step="2"/><V14/><F14/><W113/><G113/><T0/><D0/><U78/><AGARI ba="0,2" hai="1,2,3,12,19,20,22,27,28,30,31,78,81,84" machi="78" ten="30,16000,3" yaku="1,1,2,1,0,1,52,3,53,2" doraHai="26" doraHaiUra="16" who="1" fromWho="1" sc="250,-80,240,180,250,-40,240,-40" /><INIT seed="1,0,0,5,5,94" ten="170,420,210,200" oya="1" hai0="133,0,114,50,76,128,56,16,15,58,110,101,9" hai1="30,34,98,21,91,12,92,57,26,90,53,130,102" hai2="108,75,14,46,29,39,117,119,66,88,61,87,73" hai3="31,120,64,10,126,99,54,135,32,63,93,44,45"/><U25/><E130/><V22/><F108/><W100/><G120/><T118/><D114/><U27/><E12/><V48/><F39/><W38/><G135/><T20/><D118/><U121/><E121/><V111/><F111/><W67/><G126/><T109/><D0/><U5/><E5/><V40/><F75/><W78/><G78/><T51/><D133/><U17/><REACH who="1" step="1"/><E25/><REACH who="1" step="2"/><V24/><F14/><W65/><G10/><T105/><D128/><U8/><E8/><V122/><F122/><W116/><G116/><T104/><D9/><U84/><E84/><V86/><F86/><W55/><G64/><T107/><D110/><U52/><E52/><V81/><REACH who="2" step="1"/><F73/><REACH who="2" step="2"/><W33/><G67/><T132/><D109/><U62/><AGARI ba="0,2" hai="17,21,26,27,30,34,53,57,62,90,91,92,98,102" machi="62" ten="20,12000,1" yaku="1,1,0,1,7,1,52,1,53,1" doraHai="94" doraHaiUra="96" who="1" fromWho="1" sc="170,-40,410,140,200,-40,200,-40" /><INIT seed="1,1,0,3,1,94" ten="130,550,160,160" oya="1" hai0="115,18,100,80,74,10,37,5,128,39,33,30,111" hai1="82,42,129,127,29,72,36,0,40,85,44,117,70" hai2="122,75,48,78,131,17,34,112,24,120,47,35,62" hai3="21,13,46,93,89,41,105,16,55,96,28,65,56"/><U8/><E117/><V123/><F75/><W121/><G105/><T92/><D115/><U97/><E127/><V59/><F78/><W71/><G121/><T23/><D111/><U95/><E129/><V88/><F112/><W91/><G28/><T69/><D128/><U133/><E133/><V106/><F106/><W110/><G110/><T32/><D69/><U51/><E70/><V87/><F131/><W11/><G71/><T49/><D33/><U73/><E29/><V20/><F47/><W118/><G118/><T125/><D125/><U90/><E0/><V45/><F45/><W109/><G109/><T81/><D49/><U98/><E8/><V119/><F48/><N who="3" m="26703" /><G65/><T86/><D74/><U15/><E15/><V83/><REACH who="2" step="1"/><F119/><REACH who="2" step="2"/><W107/><G107/><T84/><D100/><U124/><E124/><V50/><F50/><N who="3" m="30839" /><G11/><T101/><D101/><AGARI ba="1,1" hai="13,16,21,89,91,93,96,101" m="30839,26703" machi="101" ten="30,3900,0" yaku="8,1,52,1,54,1" doraHai="94" who="3" fromWho="0" sc="130,-42,550,0,150,0,160,52" /><INIT seed="2,0,0,0,0,55" ten="88,550,150,212" oya="2" hai0="28,29,54,33,19,88,0,59,130,133,15,24,7" hai1="83,44,17,26,6,98,30,80,113,125,86,71,131" hai2="48,122,107,12,91,95,52,116,127,34,45,61,56" hai3="49,81,21,65,41,66,63,35,8,31,23,135,50"/><V22/><F116/><W120/><G120/><T108/><D133/><U68/><E113/><V43/><F122/><W77/><G135/><T101/><D130/><U129/><E125/><V76/><F107/><W18/><G35/><T102/><D108/><U84/><E98/><V40/><F34/><W5/><G31/><T39/><D39/><U38/><E38/><V25/><F76/><W1/><G41/><T134/><D134/><U53/><E44/><V70/><F12/><W100/><G100/><T90/><D102/><U85/><E53/><V62/><F70/><N who="1" m="26665" /><E6/><V132/><F132/><W112/><G112/><T37/><D29/><U97/><E97/><N who="2" m="57599" /><F127/><W13/><G23/><T79/><D79/><U99/><E99/><V106/><F106/><W94/><G94/><T3/><D37/><U111/><E111/><V57/><F57/><W87/><REACH who="3" step="1"/><G66/><REACH who="3" step="2"/><T128/><D101/><U72/><E72/><V32/><F32/><W105/><G105/><T73/><D128/><N who="1" m="49227" /><E17/><N who="2" m="12495" /><F62/><W27/><G27/><T16/><D19/><U47/><E47/><V58/><F58/><AGARI ba="0,1" hai="1,5,8,13,18,21,49,50,58,63,65,77,81,87" machi="58" ten="30,8000,1" yaku="1,1,7,1,52,1,53,2" doraHai="55" doraHaiUra="46" who="3" fromWho="2" sc="88,0,550,0,150,-80,202,90" /><INIT seed="3,0,0,3,0,53" ten="88,550,70,292" oya="3" hai0="17,54,124,133,41,31,129,107,71,76,66,55,21" hai1="39,79,27,57,29,101,88,58,30,60,67,33,109" hai2="15,116,23,2,63,112,7,14,19,59,6,68,47" hai3="56,18,74,80,75,9,115,3,123,37,104,94,22"/><W52/><G104/><T50/><D133/><U26/><E109/><V13/><F68/><W61/><G123/><T113/><D129/><U73/><E39/><V84/><F47/><W103/><G115/><T95/><D124/><U28/><E73/><V127/><F84/><W118/><G118/><T12/><D107/><U42/><E79/><V119/><F63/><W5/><G37/><T131/><D131/><U93/><E101/><V62/><F112/><W130/><G130/><T90/><D76/><U83/><E83/><V114/><F114/><W97/><REACH who="3" step="1"/><G80/><REACH who="3" step="2"/><T69/><D113/><U117/><E117/><V121/><F121/><W86/><G86/><T44/><D31/><U45/><E42/><V134/><F127/><W96/><G96/><T35/><D35/><U51/><E45/><V122/><F122/><W64/><G64/><T87/><D66/><U25/><E33/><V36/><F36/><W111/><G111/><T40/><D40/><U98/><REACH who="1" step="1"/><E51/><REACH who="1" step="2"/><V108/><F108/><W100/><G100/><T0/><D0/><U34/><E34/><V102/><F102/><W92/><G92/><T10/><D10/><U38/><E38/><V125/><F125/><W46/><G46/><T85/><D85/><U126/><E126/><V135/><F119/><W65/><G65/><T89/><D89/><U24/><N who="1" m="6656" /><DORA hai="70" /><U120/><E120/><V105/><F116/><W11/><G11/><T20/><D44/><U132/><E132/><V82/><F134/><W78/><G78/><T110/><D41/><U91/><E91/><V48/><F135/><W43/><G43/><RYUUKYOKU ba="0,2" sc="88,-15,540,15,70,-15,282,15" hai1="28,29,30,57,58,60,67,88,93,98" hai3="3,5,9,18,22,52,56,61,74,75,94,97,103" /><INIT seed="3,1,2,5,0,132" ten="73,555,55,297" oya="3" hai0="49,37,32,99,55,106,19,63,27,53,74,103,70" hai1="24,105,14,112,0,107,85,66,20,108,48,6,122" hai2="10,127,96,13,28,7,59,62,109,21,23,102,34" hai3="44,64,77,93,120,87,135,95,91,56,38,114,30"/><W89/><G120/><T29/><D37/><U133/><E122/><V42/><F109/><W92/><G114/><T101/><D74/><U111/><E112/><V67/><F42/><W118/><G135/><T134/><D134/><U5/><E133/><V124/><F34/><W116/><G30/><T117/><D103/><U76/><E66/><V88/><F88/><N who="3" m="33867" /><G38/><T31/><D31/><N who="1" m="17799" /><E48/><V65/><F65/><W36/><G36/><T104/><D104/><N who="1" m="40011" /><E0/><V60/><F60/><N who="3" m="37895" /><G118/><T4/><D117/><U39/><E39/><V25/><REACH who="2" step="1"/><F23/><REACH who="2" step="2"/><W35/><G116/><T71/><D71/><U73/><E73/><V52/><F52/><W121/><G121/><T113/><D113/><U18/><E76/><V8/><F8/><W41/><G35/><T126/><D53/><U131/><E131/><V15/><F15/><W51/><G77/><T43/><D55/><U86/><E86/><AGARI ba="1,3" hai="41,44,51,86,87,92,93,95" m="37895,33867" machi="86" ten="30,2900,0" yaku="8,1,54,1" doraHai="132" who="3" fromWho="1" sc="73,0,555,-32,45,0,297,62" /><INIT seed="3,2,0,4,4,24" ten="73,523,45,359" oya="3" hai0="99,107,54,117,98,9,88,126,103,12,87,76,106" hai1="5,124,19,80,28,60,79,109,30,101,48,93,73" hai2="61,85,90,131,46,45,127,89,81,17,8,23,105" hai3="51,11,40,34,67,35,72,123,97,114,20,1,49"/><W6/><G123/><T83/><D117/><U66/><E124/><V84/><F127/><W63/><G114/><T100/><D126/><U102/><E109/><V74/><F74/><W122/><G122/><T39/><D39/><U38/><E38/><V43/><F105/><W119/><G119/><T133/><D133/><U36/><E36/><V4/><F131/><W22/><G72/><T42/><D42/><U59/><E48/><V65/><F43/><W56/><G97/><T44/><D44/><U58/><E58/><V75/><F75/><W52/><G40/><T113/><D113/><U41/><E41/><V135/><F135/><W10/><G10/><T108/><D108/><U68/><E5/><V7/><F7/><W26/><G49/><T31/><D76/><U16/><E68/><V64/><F64/><W116/><G116/><T112/><D112/><U2/><E2/><V70/><F8/><W110/><G110/><T3/><D3/><U14/><E93/><V86/><F4/><W78/><G78/><T32/><D32/><U120/><E120/><V18/><F85/><W132/><G132/><T95/><D95/><U121/><E121/><V57/><F70/><W13/><G1/><T71/><D71/><U27/><E27/><V21/><F18/><N who="3" m="12567" /><G22/><T91/><D91/><U134/><E134/><V25/><REACH who="2" step="1"/><F23/><REACH who="2" step="2"/><W111/><G111/><T77/><D77/><U15/><E73/><V94/><AGARI ba="2,1" hai="17,21,25,45,46,57,61,65,81,84,86,89,90,94" machi="94" ten="20,8000,1" yaku="1,1,2,1,0,1,7,1,8,1,53,0" doraHai="24" doraHaiUra="118" who="2" fromWho="2" sc="73,-22,523,-22,35,96,359,-42" /><INIT seed="4,0,0,3,2,24" ten="51,501,131,317" oya="0" hai0="79,64,116,99,106,44,39,25,13,88,48,92,107" hai1="59,125,101,103,128,72,131,40,93,122,84,71,115" hai2="42,102,31,112,87,38,127,55,81,17,43,130,111" hai3="29,76,37,95,133,53,113,5,60,35,119,91,83"/><T66/><D116/><U15/><E122/><V69/><F111/><W80/><G119/><T63/><D39/><U50/><E71/><V36/><F69/><W28/><G37/><T100/><D13/><U1/><E1/><V118/><F118/><W6/><G133/><T104/><D25/><U109/><E109/><V4/><F102/><N who="1" m="38921" /><E72/><V19/><F4/><N who="3" m="1643" /><G35/><T16/><D79/><U23/><E115/><V21/><F112/><W45/><G113/><T78/><D16/><N who="1" m="10655" /><E40/><V3/><F3/><W85/><G80/><T9/><D9/><U74/><E74/><V89/><F127/><W123/><G123/><T30/><D30/><N who="3" m="11881" /><G45/><T12/><D12/><U134/><E134/><V54/><F130/><N who="1" m="49705" /><E93/><V47/><F38/><W20/><G20/><T121/><D121/><U132/><E84/><V75/><F75/><W10/><G10/><T62/><D78/><U135/><E125/><V73/><F73/><W51/><G60/><T52/><REACH who="0" step="1"/><D100/><REACH who="0" step="2"/><U105/><E105/><V67/><F36/><W108/><G108/><T26/><D26/><U117/><E117/><V27/><F19/><W58/><G76/><T65/><AGARI ba="0,1" hai="44,48,52,62,63,64,65,66,88,92,99,104,106,107" machi="65" ten="40,12000,1" yaku="1,1,0,1,54,2,53,0" doraHai="24" doraHaiUra="2" who="0" fromWho="0" sc="41,130,501,-40,131,-40,317,-40" /><INIT seed="4,1,0,5,1,78" ten="171,461,91,277" oya="0" hai0="48,0,105,74,42,87,115,13,114,120,107,73,8" hai1="21,6,12,50,16,122,26,110,1,58,30,86,47" hai2="130,121,51,93,90,5,76,118,65,119,67,32,60" hai3="123,112,117,109,98,92,38,10,83,56,132,124,64"/><T80/><D120/><U49/><E122/><V77/><F121/><W81/><G109/><T101/><D0/><U2/><E110/><V39/><F39/><W46/><G123/><T104/><D101/><U133/><E133/><V3/><F32/><W22/><G117/><T116/><D116/><N who="2" m="44586" /><F130/><W59/><G132/><T52/><D42/><U66/><E86/><V70/><F65/><W23/><G124/><T27/><D27/><U85/><E85/><V126/><F126/><W18/><G112/><T125/><D125/><U29/><E2/><V41/><F3/><W57/><G64/><T72/><D13/><U14/><E1/><V68/><F5/><W61/><G61/><T34/><D8/><N who="1" m="4119" /><E66/><V94/><F94/><W36/><G46/><T71/><D71/><U106/><E106/><V43/><F68/><W69/><G69/><T102/><D34/><U33/><E33/><V25/><F25/><N who="3" m="14551" /><G36/><T19/><D19/><U28/><E58/><N who="3" m="14850" /><W127/><DORA hai="99" /><G38/><T84/><D52/><N who="1" m="29759" /><E50/><V15/><F15/><W31/><G127/><T96/><D48/><U129/><E129/><V4/><F4/><W11/><G31/><N who="1" m="7938" /><U100/><DORA hai="44" /><E100/><V62/><F62/><W97/><G23/><T35/><D35/><U113/><E113/><N who="0" m="43017" /><D87/><U103/><E103/><V7/><F7/><W128/><G128/><T17/><D17/><U111/><E111/><V108/><F108/><W135/><G135/><T91/><AGARI ba="1,0" hai="72,73,74,80,84,91,96,102,104,105,107" m="43017" machi="91" ten="40,12000,1" yaku="15,1,34,2,52,2" doraHai="78,99,44" who="0" fromWho="0" sc="171,123,461,-41,91,-41,277,-41" /><INIT seed="4,2,0,1,3,65" ten="294,420,50,236" oya="0" hai0="119,47,132,133,105,20,87,80,96,92,21,121,102" hai1="9,62,134,48,7,58,107,68,41,56,127,35,34" hai2="33,38,77,4,28,74,42,60,36,88,117,114,126" hai3="19,44,89,31,11,108,14,104,83,54,8,10,76"/><T45/><D121/><U81/><E107/><V64/><F126/><W25/><G108/><T111/><D119/><U32/><E127/><V135/><F117/><W26/><G104/><T5/><D111/><U1/><E134/><N who="0" m="51817" /><D105/><U131/><E131/><V110/><F135/><W53/><G89/><N who="0" m="51431" /><D5/><U118/><E118/><V112/><F110/><W97/><G97/><T85/><D85/><U46/><REACH who="1" step="1"/><E81/><REACH who="1" step="2"/><V37/><F114/><W100/><G100/><T101/><D101/><U63/><E63/><V106/><F60/><W91/><G91/><T52/><D47/><U39/><E39/><V115/><F106/><W130/><G130/><T43/><D43/><U0/><E0/><V67/><F42/><W29/><G44/><T124/><D124/><U84/><E84/><V24/><F112/><W61/><G61/><T79/><D79/><U13/><E13/><V2/><F115/><W22/><G83/><T30/><D30/><N who="3" m="11273" /><G76/><T122/><D122/><U82/><E82/><N who="2" m="45367" /><F2/><W98/><G98/><T27/><D27/><AGARI ba="2,1" hai="8,10,11,14,19,22,25,26,27,53,54" m="11273" machi="27" ten="30,1000,0" yaku="8,1" doraHai="65" who="3" fromWho="0" sc="294,-16,410,0,50,0,236,26" /><INIT seed="5,0,0,0,5,112" ten="278,410,50,262" oya="1" hai0="69,58,66,109,26,116,63,7,115,122,4,2,21" hai1="19,106,12,133,75,0,62,111,135,128,76,25,44" hai2="93,85,23,129,46,82,22,74,103,73,92,101,47" hai3="15,114,83,53,29,61,57,8,40,99,102,98,59"/><U107/><E62/><V81/><REACH who="2" step="1"/><F85/><REACH who="2" step="2"/><W56/><G114/><T14/><D115/><U65/><E0/><V20/><F20/><W118/><G118/><T96/><D116/><U28/><E111/><V11/><F11/><W9/><G9/><T105/><D109/><U104/><E128/><AGARI ba="0,1" hai="22,23,46,47,73,74,81,82,92,93,101,103,128,129" machi="128" ten="25,12000,2" yaku="21,2,22,2,53,2" doraHai="112" doraHaiUra="127" who="2" fromWho="1" sc="278,0,410,-120,40,130,262,0" /><INIT seed="6,0,0,3,2,39" ten="278,290,170,262" oya="2" hai0="103,62,52,125,53,72,104,60,87,81,100,82,77" hai1="110,59,134,102,20,89,55,30,109,85,92,16,58" hai2="76,3,124,64,106,23,86,133,63,67,57,68,118" hai3="12,5,80,19,132,119,128,131,7,127,38,34,94"/><V47/><F106/><W51/><G119/><T35/><D125/><U15/><E134/><V96/><F3/><W44/><G38/><T4/><D35/><U43/><E110/><V74/><F74/><W105/><G105/><T115/><D115/><U121/><E109/><V65/><F118/><W48/><G132/><T50/><D4/><U117/><E117/><V98/><F133/><W1/><G127/><T91/><D104/><U18/><E121/><V95/><F124/><W28/><G1/><T22/><D22/><U126/><E126/><V29/><F47/><W73/><G94/><T120/><D120/><U101/><E43/><V0/><F0/><W99/><G99/><N who="2" m="37929" /><F68/><W6/><G28/><T70/><D70/><U78/><E78/><V112/><F112/><W21/><G34/><T25/><D25/><U37/><E37/><V9/><F9/><W46/><G46/><T66/><D53/><U36/><E36/><V88/><F76/><N who="3" m="44047" /><G44/><T116/><D116/><U90/><E58/><V61/><F61/><W122/><G122/><T26/><D26/><AGARI ba="0,0" hai="23,26,29,57,63,64,65,67,86,88,95" m="37929" machi="26" ten="30,2900,0" yaku="8,1,54,1" doraHai="39" who="2" fromWho="0" sc="278,-29,290,0,170,29,262,0" /><INIT seed="6,1,0,3,0,29" ten="249,290,199,262" oya="2" hai0="51,119,71,7,5,80,103,67,9,26,31,14,20" hai1="56,116,30,6,12,104,110,134,13,113,61,73,132" hai2="27,76,59,130,88,108,8,3,101,19,52,89,75" hai3="35,48,32,47,53,117,120,41,11,125,63,86,85"/><V90/><F130/><W127/><G120/><T118/><D71/><U99/><E73/><V93/><F108/><W55/><G117/><T22/><D51/><U129/><E113/><V69/><F69/><W78/><G11/><T68/><D68/><U1/><E116/><N who="0" m="44585" /><D67/><N who="1" m="39335" /><E110/><V24/><F3/><W42/><G63/><T87/><D103/><N who="1" m="62591" /><E30/><V10/><F75/><W33/><G78/><T79/><D7/><U62/><E62/><N who="2" m="36199" /><F76/><W23/><G23/><AGARI ba="1,0" hai="5,9,14,20,22,23,26,31,79,80,87" m="44585" machi="23" ten="30,1000,0" yaku="12,1" doraHai="29" who="0" fromWho="3" sc="249,13,290,0,199,0,262,-13" /><INIT seed="7,0,0,4,2,5" ten="262,290,199,249" oya="3" hai0="40,123,47,126,88,109,9,52,81,55,6,12,71" hai1="66,118,57,132,108,120,59,2,16,77,25,56,78" hai2="27,8,28,35,84,119,3,49,20,39,13,38,82" hai3="90,30,94,99,68,125,22,124,15,42,87,92,36"/><W122/><G68/><T86/><D109/><U18/><E120/><V0/><F119/><W67/><G67/><T105/><D126/><N who="3" m="48745" /><G122/><T24/><D105/><U10/><E108/><V43/><F0/><W54/><G54/><T93/><D71/><U74/><E118/><V106/><F106/><W62/><G62/><T75/><D24/><U127/><E127/><V29/><F29/><W128/><G128/><T89/><D75/><U53/><E132/><V61/><F61/><W48/><G36/><T33/><D33/><U80/><E2/><V11/><F3/><W44/><G30/><T58/><D123/><U31/><E66/><V103/><F103/><N who="3" m="60903" /><G22/><T116/><D58/><U91/><E10/><V63/><F63/><W107/><G107/><T21/><D21/><N who="1" m="15791" /><E74/><V76/><F35/><W51/><G48/><N who="0" m="26727" /><D116/><U23/><E91/><V117/><F117/><W37/><G37/><T83/><D83/><U113/><E113/><V121/><F121/><W100/><G100/><T135/><D135/><U129/><E129/><V97/><F97/><AGARI ba="0,0" hai="6,9,12,52,55,81,86,88,89,93,97" m="26727" machi="97" ten="30,7700,0" yaku="8,1,52,1,54,2" doraHai="5" who="0" fromWho="2" sc="262,77,290,0,199,-77,249,0" owari="339,44,290,9,122,-38,249,-15" /></mjloggm>