<mjloggm ver="2.3"><GO type="169"/><UN n0="%EF%BC%88%E2%89%A7%E2%96%BD%E2%89%A6%EF%BC%89" n1="%E3%81%9F%E3%81%98%E3%81%BE%E3%81%AA%E3%81%BF" n2="%E3%81%94%E3%81%98%E3%82%83%E3%82%8B" n3="%E5%8F%A4%E6%B8%85%E6%B0%B4%E5%87%9B" dan="18,16,16,17" rate="2192,2112,2141,2135" sx="M,F,M,F"/><TAIKYOKU oya="0"/><INIT seed="0,0,0,3,2,69" ten="250,250,250,250" oya="0" hai0="86,96,68,15,34,65,122,81,44,112,45,54,104" hai1="111,94,53,40,78,14,131,19,55,27,60,46,21" hai2="35,5,123,4,105,29,107,121,117,26,98,132,8" hai3="108,83,72,77,100,48,24,28,119,11,0,38,52"/><T22/><D34/><U88/><E78/><V66/><F132/><W103/><G119/><T1/><D1/><U118/><E118/><V62/><F117/><W109/><G38/><T82/><D122/><U95/><E131/><V43/><F43/><W49/><G49/><T6/><D112/><U7/><E111/><N who="3" m="42570" /><G11/><N who="0" m="4599" /><D68/><U75/><E75/><V129/><F129/><W128/><G0/><T89/><D104/><N who="2" m="40010" /><F98/><W116/><G116/><T2/><D2/><U20/><E60/><V101/><F101/><W97/><G97/><T36/><D36/><U124/><E95/><V9/><F9/><W51/><G51/><N who="0" m="29031" /><D65/><U84/><E124/><V73/><F4/><W93/><G93/><N who="0" m="56367" /><D45/><U71/><E71/><N who="2" m="42455" /><F73/><W126/><G126/><T47/><D47/><U135/><E135/><V130/><F130/><W39/><G39/><T114/><D114/><U57/><E7/><V67/><F67/><W23/><G128/><T13/><D86/><U16/><REACH who="1" step="1"/><E57/><AGARI ba="0,0" hai="23,24,28,48,52,57,72,77,83,100,103" m="42570" machi="57" ten="30,2000,0" yaku="14,1,54,1" doraHai="69" who="3" fromWho="1" sc="250,0,250,-20,250,0,250,20" /><INIT seed="1,0,0,0,4,69" ten="250,230,250,270" oya="1" hai0="22,31,98,121,117,79,108,58,40,68,59,27,35" hai1="24,100,103,5,6,25,120,115,96,93,86,52,73" hai2="112,95,50,38,104,116,12,2,107,122,57,82,89" hai3="20,55,4,114,1,113,132,53,71,0,118,92,124"/><U37/><E73/><V10/><F116/><W127/><G71/><T54/><D117/><U9/><E120/><V49/><F122/><W77/><G118/><T133/><D68/><U18/><E115/><N who="3" m="44042" /><G77/><T45/><D121/><U74/><E74/><V135/><F2/><N who="3" m="1131" /><G92/><T29/><D79/><U70/><E70/><V56/><F95/><W46/><G46/><T36/><D133/><U32/><E37/><V128/><F135/><W88/><G132/><T15/><D108/><U8/><E32/><V48/><F38/><W111/><G111/><T13/><D98/><U131/><E131/><V23/><F128/><W119/><G119/><T66/><D66/><U7/><E86/><V26/><F112/><W60/><G60/><T109/><D109/><U106/><E103/><V99/><F107/><W62/><G62/><T126/><D126/><N who="3" m="48169" /><G4/><T84/><D84/><U16/><E106/><V102/><F104/><W130/><G130/><T97/><D97/><U80/><E80/><V105/><F105/><W75/><G75/><T85/><D85/><U30/><E93/><N who="2" m="56751" /><F82/><W64/><G64/><T87/><D87/><U42/><E96/><V123/><F102/><W33/><G33/><T43/><D43/><U34/><E42/><V28/><F123/><W17/><G88/><T14/><D54/><N who="3" m="20489" /><G17/><AGARI ba="0,0" hai="10,12,17,23,26,28,48,49,50,56,57" m="56751" machi="17" ten="30,1000,0" yaku="8,1" doraHai="69" who="2" fromWho="3" sc="250,0,230,0,250,10,270,-10" /><INIT seed="2,0,0,3,0,105" ten="250,230,260,260" oya="2" hai0="65,8,3,15,18,128,9,108,132,96,56,76,118" hai1="48,17,109,1,47,59,81,32,7,11,24,63,75" hai2="71,58,4,124,135,23,120,60,107,6,25,95,88" hai3="46,92,79,91,133,20,83,77,54,41,123,35,74"/><V55/><F107/><W62/><G133/><T44/><D132/><U73/><E109/><V28/><F135/><W121/><G35/><T14/><D3/><U89/><E81/><V122/><F124/><W98/><G79/><T57/><D108/><U12/><E89/><V53/><F71/><W99/><G99/><T125/><D125/><U30/><E48/><V100/><F100/><W64/><G20/><T27/><D118/><U21/><REACH who="1" step="1"/><E47/><REACH who="1" ten="250,220,260,260" step="2"/><V78/><F78/><W33/><G33/><T131/><D76/><U51/><E51/><V117/><F117/><W97/><G97/><T86/><D96/><U52/><AGARI ba="0,1" hai="1,7,11,12,17,21,24,30,32,52,59,63,73,75" machi="52" ten="20,16000,3" yaku="1,1,0,1,7,1,24,2,52,2,54,1,53,0" doraHai="105" doraHaiUra="84" who="1" fromWho="1" sc="250,-40,220,170,260,-80,260,-40" /><INIT seed="3,0,0,4,2,135" ten="210,390,180,220" oya="3" hai0="102,67,27,18,83,22,76,73,37,38,11,64,123" hai1="14,109,3,20,66,17,58,121,19,28,125,82,116" hai2="119,101,33,81,131,26,95,72,65,61,42,7,74" hai3="24,68,134,52,48,49,9,117,132,13,47,34,100"/><W130/><G68/><T54/><D123/><U2/><E121/><V118/><F7/><W89/><G117/><T133/><D133/><U10/><E109/><V35/><F42/><W92/><G100/><T1/><D102/><U93/><E28/><V98/><F131/><W70/><G70/><T0/><D54/><U127/><E116/><V23/><F119/><W55/><G130/><T59/><D59/><U91/><E82/><V12/><F12/><W43/><G43/><T124/><D11/><U56/><E66/><V103/><F103/><W90/><G24/><T87/><D67/><U108/><E108/><V46/><F46/><W21/><G21/><T8/><D64/><U15/><E2/><V60/><F60/><W45/><G34/><T99/><D1/><U40/><E40/><V106/><F106/><W111/><G90/><T80/><D37/><U126/><E3/><V29/><F118/><W104/><G104/><T113/><D38/><U41/><E41/><V71/><REACH who="2" step="1"/><F81/><REACH who="2" ten="210,390,170,220" step="2"/><W110/><G132/><T25/><D83/><U84/><AGARI ba="0,1" hai="10,14,15,17,19,20,56,58,84,91,93,125,126,127" machi="84" ten="30,8000,1" yaku="0,1,18,1,52,3" doraHai="135" who="1" fromWho="1" sc="210,-20,390,90,170,-20,220,-40" /><INIT seed="4,0,0,2,1,112" ten="190,480,150,180" oya="0" hai0="128,72,77,16,59,15,27,49,110,64,60,88,134" hai1="52,86,104,70,2,1,55,12,34,20,82,65,43" hai2="76,113,46,120,89,69,13,102,0,97,40,83,111" hai3="127,53,54,106,19,90,92,71,107,29,42,48,51"/><T24/><D134/><U81/><E34/><V129/><F0/><W58/><G71/><T50/><D128/><U47/><E104/><V109/><F69/><W3/><G3/><T135/><D135/><U5/><E81/><V123/><F13/><W17/><G42/><T103/><D110/><N who="2" m="41994" /><F46/><W41/><G41/><T18/><D103/><U87/><E87/><N who="2" m="48615" /><F40/><W126/><G29/><T85/><D77/><U98/><E98/><V121/><F129/><W8/><G8/><N who="0" m="6247" /><D72/><U115/><E65/><V37/><F37/><W94/><G90/><T21/><D27/><U7/><E70/><V62/><F62/><W93/><G93/><AGARI ba="0,0" hai="18,21,24,49,50,59,60,64,85,88,93" m="6247" machi="93" ten="30,5800,0" yaku="8,1,54,2" doraHai="112" who="0" fromWho="3" sc="190,58,480,0,150,0,180,-58" /><INIT seed="4,1,0,0,3,73" ten="248,480,150,122" oya="0" hai0="1,80,89,127,0,10,65,41,94,5,47,81,108" hai1="34,16,104,95,117,62,8,77,78,90,39,109,129" hai2="13,122,7,29,134,93,128,70,87,113,105,50,126" hai3="58,82,9,64,26,60,121,2,116,68,120,32,52"/><T21/><D0/><U91/><E34/><V102/><F122/><W98/><G116/><T31/><D127/><U88/><E39/><V86/><F126/><W19/><G98/><T97/><D108/><U106/><E117/><V56/><F70/><W67/><G67/><T111/><D111/><U3/><E109/><V100/><F105/><W15/><G2/><T66/><D31/><U133/><E3/><V38/><F38/><W114/><G114/><T46/><D21/><U55/><E129/><V36/><F36/><W49/><REACH who="3" step="1"/><G82/><REACH who="3" ten="248,480,150,112" step="2"/><T17/><D80/><U84/><E104/><V132/><F113/><W54/><G54/><T125/><D81/><U85/><E106/><V40/><F128/><W130/><G130/><T27/><D66/><U51/><E55/><V119/><F119/><W24/><G24/><T30/><D27/><U115/><E115/><V28/><F134/><W83/><G83/><T76/><D65/><U6/><E133/><V44/><F132/><W35/><G35/><T107/><D97/><U18/><E95/><V124/><F124/><W103/><G103/><T23/><D94/><U63/><E84/><N who="2" m="32299" /><F93/><W53/><G53/><T110/><D107/><U42/><E85/><V74/><F102/><W33/><G33/><T96/><D125/><U131/><E131/><V123/><F100/><W20/><G20/><T71/><D23/><U12/><E8/><N who="2" m="4255" /><F74/><W135/><G135/><T61/><D110/><U43/><E43/><V101/><F101/><W75/><G75/><T92/><D41/><U118/><E42/><V4/><F40/><W45/><G45/><RYUUKYOKU ba="1,1" sc="248,-10,480,-10,150,-10,112,30" hai3="9,15,19,26,32,49,52,58,60,64,68,120,121" /><INIT seed="5,2,1,4,4,123" ten="238,470,140,142" oya="1" hai0="118,6,41,76,77,49,111,112,52,10,83,125,28" hai1="3,105,16,69,25,72,135,120,70,63,62,64,84" hai2="44,53,56,132,51,71,87,91,100,35,108,48,101" hai3="121,50,88,4,124,34,89,8,78,99,67,92,133"/><U116/><E72/><V55/><F71/><W115/><G121/><T110/><D118/><U7/><E105/><V98/><F132/><W21/><G34/><T66/><D28/><U131/><E116/><V80/><F35/><W14/><G133/><T1/><D66/><U74/><E74/><V5/><F5/><W30/><G124/><T127/><D112/><U42/><E42/><V40/><F108/><N who="0" m="41514" /><D41/><U45/><E84/><V86/><F98/><W130/><G115/><T103/><D83/><U0/><E64/><V119/><F119/><W109/><G109/><T20/><D20/><U33/><E135/><V26/><F26/><W68/><G67/><T23/><D23/><U104/><E25/><V79/><REACH who="2" step="1"/><F40/><REACH who="2" ten="238,470,130,142" step="2"/><W12/><G68/><T39/><D6/><U117/><E69/><V13/><F13/><W75/><G14/><T47/><D127/><U102/><E7/><V114/><F114/><W94/><G130/><T134/><D125/><U22/><E70/><V38/><F38/><W93/><G99/><T113/><D39/><U36/><E36/><V9/><F9/><W96/><G96/><T2/><D134/><U24/><E24/><V15/><F15/><W29/><G4/><T58/><D113/><U11/><E11/><V81/><AGARI ba="2,2" hai="44,48,51,53,55,56,79,80,81,86,87,91,100,101" machi="81" ten="20,5200,0" yaku="1,1,0,1,7,1,8,1,53,0" doraHai="123" doraHaiUra="126" who="2" fromWho="2" sc="238,-15,470,-28,130,78,142,-15" /><INIT seed="6,0,0,3,2,28" ten="223,442,208,127" oya="2" hai0="81,24,74,98,22,43,106,15,10,57,6,62,73" hai1="130,58,115,90,91,23,118,68,100,41,127,102,30" hai2="85,121,63,116,36,80,29,8,44,59,35,67,76" hai3="48,34,97,75,9,11,112,78,82,45,61,86,53"/><V56/><F116/><W89/><G97/><T49/><D106/><U17/><E68/><V117/><F117/><W40/><G112/><T32/><D32/><U132/><E41/><V12/><F121/><W99/><G11/><T87/><D98/><U105/><E30/><V135/><F135/><W109/><G109/><T54/><D43/><U133/><E105/><V107/><F107/><W92/><G9/><T4/><D4/><U27/><E115/><V110/><F110/><W123/><G123/><T84/><D84/><U25/><E23/><V55/><F36/><W26/><G75/><T120/><D120/><U128/><E17/><V108/><F108/><W79/><G79/><N who="0" m="46527" /><D74/><U69/><E118/><V13/><F44/><W111/><G111/><T71/><D71/><U129/><E129/><V113/><F113/><W52/><REACH who="3" step="1"/><G61/><REACH who="3" ten="223,442,208,117" step="2"/><T5/><D73/><U21/><E132/><V119/><F119/><W33/><G33/><T94/><D62/><U0/><E133/><V47/><F8/><W2/><G2/><T20/><D5/><U3/><E0/><V134/><F134/><W37/><G37/><T101/><D22/><U95/><E21/><V125/><F35/><W64/><G64/><T96/><D20/><U114/><E3/><V72/><F72/><W70/><G70/><T122/><D122/><U42/><E69/><V131/><F67/><W39/><G39/><T1/><D1/><U7/><E114/><V31/><F63/><W93/><G93/><T46/><D94/><U88/><E95/><V38/><F38/><W104/><G104/><T126/><D96/><RYUUKYOKU ba="0,1" sc="223,-10,442,-10,208,-10,117,30" hai3="26,34,40,45,48,52,53,78,82,86,89,92,99" /><INIT seed="7,1,1,4,2,37" ten="213,432,198,147" oya="3" hai0="32,46,84,29,79,60,12,49,108,92,5,21,86" hai1="61,133,38,52,56,82,54,68,75,14,65,8,80" hai2="111,58,122,15,41,55,109,118,102,44,69,124,126" hai3="89,43,23,11,30,125,13,78,91,18,97,64,114"/><W90/><BYE who="1" /><G114/><T2/><D2/><U62/><E62/><N who="2" m="36191" /><F69/><UN n1="%E3%81%9F%E3%81%98%E3%81%BE%E3%81%AA%E3%81%BF" /><W50/><G125/><N who="2" m="48233" /><F118/><W76/><G64/><T95/><D32/><U83/><E38/><N who="2" m="21559" /><F122/><W3/><G97/><T1/><D108/><U131/><E75/><V117/><F117/><W120/><G120/><T66/><D86/><U112/><E112/><V130/><F130/><W71/><G71/><T33/><D84/><U94/><E94/><V105/><F15/><W113/><G113/><T72/><D72/><U31/><E133/><V100/><F105/><W77/><G3/><T85/><D1/><U106/><E54/><V107/><F107/><W48/><REACH who="3" step="1"/><G43/><REACH who="3" ten="213,432,198,137" step="2"/><T28/><D66/><U73/><E65/><V96/><F96/><W17/><G17/><T51/><D29/><U27/><E68/><V119/><F119/><W127/><G127/><T123/><D28/><U87/><E131/><V25/><F25/><AGARI ba="1,2" hai="11,13,18,23,25,30,48,50,76,77,78,89,90,91" machi="25" ten="40,3900,0" yaku="1,1,8,1,53,0" doraHai="37" doraHaiUra="103" who="3" fromWho="2" sc="213,0,432,0,198,-42,137,62" /><INIT seed="7,2,0,2,4,102" ten="213,432,156,199" oya="3" hai0="35,108,118,80,54,50,6,73,104,31,23,93,34" hai1="95,33,79,132,135,61,96,60,119,78,43,85,67" hai2="11,52,28,77,5,22,100,125,81,38,0,64,62" hai3="131,103,15,2,65,91,87,83,57,8,25,98,12"/><W47/><G131/><T44/><D118/><U110/><E33/><V99/><F125/><W21/><G2/><T51/><D104/><U24/><E43/><V30/><F38/><W46/><G65/><T74/><D6/><U17/><E110/><V105/><F22/><W16/><G57/><T106/><D80/><U68/><E61/><V82/><F82/><W3/><G3/><T126/><D44/><U9/><E85/><V56/><REACH who="2" step="1"/><F64/><REACH who="2" ten="213,432,146,199" step="2"/><W27/><G15/><T97/><D23/><U10/><E96/><V40/><F40/><W113/><G113/><T7/><D126/><U117/><E60/><V115/><F115/><W20/><G20/><T13/><D35/><U129/><E17/><V32/><F32/><W120/><G120/><T121/><D34/><U41/><E95/><V90/><F90/><W123/><G123/><T36/><D93/><U101/><E10/><V112/><F112/><W49/><G49/><T58/><D51/><U89/><E101/><V109/><F109/><W26/><REACH who="3" step="1"/><G21/><REACH who="3" ten="213,432,146,189" step="2"/><T127/><D50/><U4/><E67/><V114/><F114/><W111/><G111/><T66/><D108/><U86/><E129/><V18/><F18/><W37/><G37/><T53/><D36/><U55/><E119/><V122/><F122/><W75/><G75/><AGARI ba="2,2" hai="0,5,11,28,30,52,56,62,75,77,81,99,100,105" machi="75" ten="30,7700,0" yaku="1,1,7,1,52,1,54,1,53,0" doraHai="102" doraHaiUra="133" who="2" fromWho="3" sc="213,0,432,0,146,103,189,-83" owari="213,-19.0,432,53.0,249,5.0,106,-39.0" /></mjloggm>