<mjloggm ver="2.3"><GO type="169"/><UN n0="%EF%BC%88%E2%89%A7%E2%96%BD%E2%89%A6%EF%BC%89" n1="%E9%9C%A7%E3%81%AE%E6%B5%AE%E8%88%9F" n2="%E5%BD%BC%E6%96%B9%E6%B5%81%E3%81%97" n3="%E3%82%84%E3%82%93%E3%82%8F%E3%82%8A" dan="16,17,16,16" rate="2035,2239,2105,2071" sx="M,M,M,M"/><TAIKYOKU oya="0"/><INIT seed="0,0,0,5,0,16" ten="250,250,250,250" oya="0" hai0="126,97,23,121,70,45,60,68,79,51,107,133,80" hai1="93,5,131,115,98,94,24,103,105,3,17,78,101" hai2="81,73,110,36,90,33,18,61,67,38,40,22,120" hai3="50,69,47,46,53,15,112,108,55,9,104,29,87"/><T128/><D121/><U32/><E131/><V41/><F120/><W59/><G69/><T64/><D128/><U114/><E78/><V124/><F124/><W8/><G104/><T19/><D126/><U129/><E129/><V57/><F110/><W63/><G108/><T14/><D133/><U123/><E123/><V96/><F33/><W48/><G112/><N who="1" m="43050" /><E103/><V37/><F73/><W13/><G87/><T54/><D70/><U85/><E85/><V77/><F77/><W43/><REACH who="3" step="1"/><G29/><REACH who="3" ten="250,250,250,240" step="2"/><T1/><D1/><U135/><E105/><V31/><F31/><W83/><G83/><T89/><D107/><U91/><E3/><V35/><F96/><W116/><G116/><T21/><D97/><U113/><E98/><V100/><F81/><W12/><AGARI ba="0,1" hai="8,9,12,13,15,43,46,47,48,50,53,55,59,63" machi="12" ten="30,4000,0" yaku="1,1,0,1,8,1,53,0" doraHai="16" doraHaiUra="117" who="3" fromWho="3" sc="250,-20,250,-10,250,-10,240,50" /><INIT seed="1,0,0,5,2,67" ten="230,240,240,290" oya="1" hai0="62,12,101,94,112,105,23,109,58,127,5,53,22" hai1="80,77,108,134,47,83,28,41,89,15,98,96,42" hai2="107,103,4,121,99,93,114,48,66,116,45,120,124" hai3="129,119,29,110,21,68,8,32,33,50,0,36,92"/><U135/><E28/><V115/><F4/><W49/><G36/><T84/><D112/><N who="2" m="43050" /><F66/><W26/><G119/><T60/><D127/><U57/><E57/><V35/><F35/><W44/><G50/><T97/><D109/><U95/><E108/><V37/><F37/><W24/><G110/><T102/><D102/><U70/><E70/><V16/><F116/><W88/><G68/><T65/><D105/><U18/><E98/><V130/><F130/><W113/><G129/><T69/><REACH who="0" step="1"/><D84/><REACH who="0" ten="220,240,240,290" step="2"/><U39/><E135/><V7/><F107/><W52/><G113/><T56/><D56/><U118/><E134/><V91/><F124/><W1/><G1/><T79/><D79/><U82/><E118/><V14/><F103/><W30/><G0/><T17/><D17/><U81/><E77/><V31/><F7/><W25/><G32/><T133/><D133/><U20/><N who="1" m="20992" /><DORA hai="51" /><U61/><REACH who="1" step="1"/><E42/><REACH who="1" ten="220,230,240,290" step="2"/><N who="2" m="24631" /><F31/><W27/><G33/><T11/><AGARI ba="0,2" hai="5,11,12,22,23,53,58,60,62,65,69,94,97,101" machi="11" ten="30,7900,0" yaku="1,1,0,1,52,2,53,0" doraHai="67,51" doraHaiUra="85,131" who="0" fromWho="0" sc="220,99,230,-39,240,-20,290,-20" /><INIT seed="2,0,0,5,0,99" ten="319,191,220,270" oya="2" hai0="70,58,97,116,56,2,24,109,59,46,12,135,80" hai1="27,96,119,90,18,125,120,9,19,71,68,129,42" hai2="108,7,36,47,91,69,98,122,43,1,103,53,126" hai3="112,35,20,123,15,4,104,0,113,65,86,49,34"/><V37/><F122/><W78/><G104/><T117/><D2/><U25/><E119/><N who="0" m="45641" /><D70/><U132/><E120/><V26/><F126/><W31/><G123/><T110/><D135/><U50/><E125/><V32/><F108/><W115/><G65/><T118/><D118/><U94/><E132/><V77/><F77/><W130/><G49/><T48/><D24/><U22/><E129/><V72/><F72/><W114/><G114/><T67/><D80/><U121/><E121/><V100/><F37/><W23/><G86/><T82/><D82/><U40/><E9/><V93/><F69/><W128/><G78/><T45/><D12/><U54/><E71/><V16/><F53/><W106/><G106/><T11/><D11/><U55/><E68/><V76/><F76/><W73/><G73/><T52/><D97/><U57/><REACH who="1" step="1"/><E54/><REACH who="1" ten="319,181,220,270" step="2"/><V41/><F43/><W92/><G130/><T38/><D67/><U6/><E6/><V5/><F7/><W131/><G131/><T85/><D85/><U21/><AGARI ba="0,1" hai="18,19,21,22,25,27,40,42,50,55,57,90,94,96" machi="21" ten="30,7900,0" yaku="1,1,0,1,9,1,8,1,53,0" doraHai="99" doraHaiUra="83" who="1" fromWho="1" sc="319,-20,181,89,220,-39,270,-20" /><INIT seed="3,0,0,2,4,86" ten="299,270,181,250" oya="3" hai0="23,95,22,122,50,115,118,5,48,85,2,92,45" hai1="127,41,36,128,56,54,34,59,132,74,131,94,97" hai2="10,13,24,102,35,114,129,112,105,8,100,58,37" hai3="89,107,42,9,78,90,1,80,119,63,14,19,43"/><W18/><G107/><T126/><D122/><U121/><E121/><V68/><F68/><W113/><G113/><T47/><D118/><U60/><E34/><V20/><F37/><W133/><G119/><T120/><D120/><U21/><E74/><V93/><F129/><N who="1" m="49737" /><E132/><V99/><F35/><W15/><G133/><T111/><D115/><U44/><E21/><V75/><F75/><W28/><G1/><T26/><D2/><U70/><E127/><V103/><F112/><W110/><G28/><T116/><D5/><U77/><E77/><V96/><F103/><W52/><G110/><T134/><D111/><U0/><E0/><V30/><F114/><W33/><G33/><T55/><D116/><U104/><E104/><V4/><F4/><W83/><G42/><N who="0" m="24631" /><D126/><U123/><E123/><V106/><F13/><W101/><G101/><T31/><D134/><U46/><E46/><V38/><F38/><W16/><G43/><T49/><D49/><U6/><E6/><V39/><F39/><W135/><G135/><T69/><D69/><U72/><E72/><V12/><F12/><N who="3" m="4651" /><G9/><T130/><D130/><U124/><E124/><V62/><REACH who="2" step="1"/><F105/><REACH who="2" ten="299,270,171,250" step="2"/><W32/><G32/><T98/><D22/><U40/><E70/><V76/><F76/><W88/><G78/><T82/><D23/><U61/><E36/><V17/><F17/><W125/><G125/><T64/><D31/><U11/><E11/><V57/><F57/><AGARI ba="0,1" hai="16,18,19,52,57,63,80,83,88,89,90" m="4651" machi="57" ten="40,18000,2" yaku="8,1,52,3,54,3" doraHai="86" who="3" fromWho="2" sc="299,0,270,0,171,-180,250,190" owari="299,10.0,270,-13.0,-9,-51.0,440,54.0" /></mjloggm>