<mjloggm ver="2.3"><GO type="97"/><UN n0="%E3%83%9B%E3%83%BC%E3%83%A0%E3%83%A9%E3%83%B3%E7%8E%8B" n1="%E6%9D%BE%E7%BE%BD%E7%9B%AE" n2="%EF%BC%88%E2%89%A7%E2%96%BD%E2%89%A6%EF%BC%89" n3="%44%E3%82%82%E3%82%93" dan="14,13,15,14" rate="1926,1843,2036,1983" sx="M,M,M,M"/><TAIKYOKU oya="0"/><INIT seed="0,0,0,2,0,75" ten="250,250,250,250" oya="0" hai0="18,4,62,36,15,123,2,61,63,29,21,103,40" hai1="110,102,16,92,13,114,50,111,14,34,90,88,130" hai2="51,64,11,31,94,26,69,23,37,127,95,9,41" hai3="28,33,121,25,46,104,79,135,80,101,89,115,132"/><T55/><D123/><U47/><E34/><V60/><F127/><W126/><G115/><T109/><D103/><U52/><E114/><V10/><REACH who="2" step="1"/><F51/><REACH who="2" step="2"/><W6/><G126/><T76/><D36/><U57/><E130/><V117/><F117/><W87/><G121/><T48/><D109/><N who="1" m="41483" /><E102/><V78/><F78/><W45/><G79/><T122/><D76/><U44/><E13/><V17/><F17/><W85/><G101/><T108/><D108/><U5/><E5/><V98/><F98/><W0/><G6/><T124/><D122/><U66/><E66/><V112/><F112/><W96/><G96/><T35/><D124/><U81/><E81/><V107/><F107/><W58/><G80/><T129/><D129/><U54/><E54/><V116/><F116/><W99/><G104/><T133/><D133/><U12/><E12/><V71/><F71/><W8/><G135/><T27/><D40/><U105/><E105/><V125/><F125/><W86/><G99/><T113/><D113/><U91/><E92/><V74/><F74/><W131/><G132/><T119/><D119/><U106/><E106/><V100/><F100/><W24/><G131/><T84/><D84/><U30/><E30/><V77/><F77/><W56/><G86/><T1/><REACH who="0" step="1"/><D4/><REACH who="0" step="2"/><U19/><E19/><V67/><F67/><W97/><G87/><T59/><AGARI ba="0,2" hai="1,2,15,18,21,27,29,35,48,55,59,61,62,63" machi="59" ten="30,6000,0" yaku="1,1,2,1,0,1,53,0" doraHai="75" doraHaiUra="70" who="0" fromWho="0" sc="240,80,250,-20,240,-20,250,-20" /><INIT seed="0,1,0,2,0,116" ten="320,230,220,230" oya="0" hai0="13,8,92,113,29,52,91,63,5,20,47,111,84" hai1="0,88,79,21,69,12,131,103,4,130,49,65,38" hai2="16,3,64,118,106,133,87,117,108,25,39,94,124" hai3="55,135,6,1,54,122,2,70,114,58,93,89,30"/><T26/><D113/><U10/><E38/><V19/><F106/><W123/><G70/><T127/><D127/><U107/><E79/><V82/><F124/><W97/><G114/><T132/><D132/><U78/><E78/><V110/><F3/><N who="3" m="1035" /><G6/><T40/><D111/><N who="2" m="42538" /><F39/><W36/><G36/><T73/><D73/><U76/><E76/><N who="2" m="46535" /><F133/><W7/><G7/><T23/><D23/><U33/><E33/><V22/><F64/><W17/><G135/><T86/><D40/><U129/><E49/><V37/><F37/><W74/><G30/><T41/><D41/><U45/><E45/><V60/><F60/><N who="3" m="35927" /><G74/><T100/><D100/><U62/><E0/><V112/><F112/><W44/><G17/><N who="2" m="6729" /><F94/><W104/><G104/><T11/><D11/><U75/><E107/><V101/><F101/><W35/><G35/><T119/><D119/><N who="2" m="45578" /><F22/><W102/><G102/><T109/><D109/><U32/><E103/><V90/><F25/><W28/><G28/><T66/><D66/><U42/><E32/><V31/><F31/><W99/><G97/><N who="0" m="57503" /><D47/><U43/><E21/><V71/><F71/><W77/><G77/><T105/><D105/><U72/><E69/><V128/><F90/><W27/><G27/><T96/><D96/><U68/><E88/><V15/><F15/><W61/><G44/><T85/><D85/><U134/><E134/><V125/><F125/><W67/><G67/><T121/><D86/><U56/><E68/><V9/><F9/><W120/><G61/><T81/><D84/><U48/><E72/><V34/><F34/><W126/><G126/><T18/><D8/><RYUUKYOKU ba="1,0" sc="320,-15,230,-15,220,15,230,15" hai2="128" hai3="55,89,93,99,120,122,123" /><INIT seed="1,2,0,4,0,123" ten="305,215,235,245" oya="1" hai0="121,113,83,84,21,51,46,96,95,69,109,60,134" hai1="42,102,36,131,58,108,106,103,86,12,30,19,118" hai2="70,124,63,85,10,39,135,34,24,90,31,82,67" hai3="97,23,8,29,47,27,77,107,89,20,40,74,1"/><U127/><E118/><V76/><F135/><W3/><G23/><T66/><D113/><U88/><E131/><V117/><F117/><W59/><G59/><T15/><D121/><U48/><E36/><V110/><F124/><W94/><G107/><T128/><D134/><U130/><E130/><V64/><F39/><W81/><REACH who="3" step="1"/><G8/><REACH who="3" step="2"/><T54/><D128/><U5/><E127/><V6/><F67/><W25/><G25/><T57/><D69/><U26/><E106/><V44/><F44/><W99/><G99/><T17/><D96/><U92/><E58/><V16/><F24/><W101/><G101/><T37/><D37/><AGARI ba="2,1" hai="1,3,20,27,29,37,40,47,74,77,81,89,94,97" machi="37" ten="30,2000,0" yaku="1,1,7,1,53,0" doraHai="123" doraHaiUra="53" who="3" fromWho="0" sc="305,-26,215,0,235,0,235,36" /><INIT seed="2,0,0,4,2,62" ten="279,215,235,271" oya="2" hai0="41,97,94,79,87,73,37,14,22,55,82,69,30" hai1="43,27,58,111,91,103,90,67,4,42,19,51,63" hai2="135,83,72,45,7,127,116,129,89,106,92,44,46" hai3="120,25,117,23,68,77,24,124,126,17,102,13,28"/><V31/><F116/><W47/><G120/><T107/><D69/><U130/><E111/><V60/><F106/><W10/><G77/><T36/><D55/><U53/><E130/><V76/><F135/><W132/><G68/><T39/><D41/><U98/><E4/><V2/><F129/><W74/><G74/><T119/><D119/><U12/><E27/><V122/><F122/><W1/><G102/><T71/><D71/><U11/><E43/><V5/><F127/><N who="3" m="48683" /><G47/><T104/><D30/><U6/><E42/><V34/><F2/><W70/><G70/><T32/><D32/><U52/><E53/><V93/><F93/><W85/><G85/><T113/><D113/><U50/><E6/><V48/><F48/><W78/><G78/><T110/><D110/><U133/><E133/><V115/><F60/><W35/><G117/><T109/><D109/><U100/><E50/><V57/><F57/><W118/><G118/><T84/><D84/><U33/><E33/><V56/><F56/><W123/><G123/><T20/><D14/><U15/><E12/><V65/><F115/><W131/><G131/><T38/><N who="0" m="9728" /><DORA hai="105" /><T40/><D40/><U81/><E81/><V8/><F34/><W125/><G125/><T21/><REACH who="0" step="1"/><D87/><REACH who="0" step="2"/><U128/><E128/><V121/><F121/><W59/><G132/><T80/><D80/><U16/><E19/><V66/><F31/><N who="3" m="17823" /><G1/><T18/><D18/><U29/><E29/><V26/><F83/><W95/><G95/><T64/><D64/><N who="2" m="24682" /><F92/><W101/><G101/><AGARI ba="0,1" hai="20,21,22,73,79,82,94,97,101,104,107" m="9728" machi="101" ten="70,8000,1" yaku="1,1,52,1,53,1" doraHai="62,105" doraHaiUra="75,108" who="0" fromWho="3" sc="269,90,215,0,235,0,271,-80" /><INIT seed="3,0,0,4,2,20" ten="359,215,235,191" oya="3" hai0="4,47,2,85,0,134,14,109,55,91,13,38,37" hai1="78,94,53,33,110,35,31,41,51,107,52,34,71" hai2="50,124,73,112,54,114,123,105,117,74,57,103,17" hai3="19,87,12,122,72,69,92,61,115,21,46,135,24"/><W106/><G72/><T67/><D67/><U6/><E71/><V8/><F117/><W10/><G106/><T81/><D134/><U39/><E107/><V32/><F32/><W49/><G122/><T80/><D80/><U75/><E110/><V70/><F70/><W59/><G69/><T77/><D109/><U7/><E94/><V60/><F123/><W66/><G115/><T118/><D118/><U101/><E101/><V130/><F124/><W96/><G87/><T15/><D77/><U119/><E119/><V48/><F130/><W99/><G92/><T113/><D113/><U16/><E16/><V1/><F114/><W18/><REACH who="3" step="1"/><G135/><REACH who="3" step="2"/><T58/><D85/><U62/><E75/><V22/><F112/><W56/><G56/><T79/><D58/><U111/><E111/><V104/><F74/><W120/><G120/><T26/><D81/><U133/><E133/><V86/><F86/><W83/><G83/><T84/><D84/><U68/><E68/><V45/><F73/><W76/><G76/><T40/><D79/><U63/><E78/><V90/><F105/><W9/><G9/><T23/><D47/><U42/><E39/><V116/><F116/><W65/><G65/><T43/><D38/><U132/><E132/><V126/><F45/><W128/><G128/><T44/><D37/><U25/><E53/><AGARI ba="0,1" hai="10,12,18,19,21,24,46,49,53,59,61,66,96,99" machi="53" ten="30,12000,1" yaku="1,1,7,1,8,1,52,1,53,1" doraHai="20" doraHaiUra="5" who="3" fromWho="1" sc="359,0,215,-120,235,0,181,130" /><INIT seed="3,1,0,0,3,18" ten="359,95,235,311" oya="3" hai0="23,5,133,54,44,71,55,93,47,89,61,1,29" hai1="32,134,121,122,2,35,126,80,26,4,83,96,60" hai2="84,132,100,16,79,33,13,109,90,41,73,113,59" hai3="6,87,127,30,31,58,101,69,77,107,115,129,19"/><W98/><G69/><T75/><D75/><U7/><E60/><V67/><F113/><W0/><G115/><T104/><D104/><U10/><E96/><V78/><F33/><N who="1" m="12873" /><E83/><V105/><F109/><W45/><G129/><T103/><D103/><U20/><E80/><V14/><F132/><W3/><G3/><T24/><D133/><U97/><E97/><V48/><F73/><W112/><G112/><T42/><D5/><U119/><E134/><V125/><F105/><W76/><G6/><T82/><D82/><U95/><E95/><V56/><F100/><W11/><G0/><T120/><D120/><U70/><E70/><V40/><F67/><W46/><G87/><N who="0" m="52415" /><D1/><U51/><E51/><V108/><F48/><W135/><G135/><T85/><D85/><U81/><E81/><V9/><F84/><W27/><G76/><T111/><D111/><U92/><E92/><V94/><F108/><W66/><G77/><T57/><D71/><U53/><E53/><N who="0" m="19977" /><D42/><U36/><E36/><V99/><F59/><W17/><G58/><T22/><D22/><U68/><E68/><V86/><F56/><W38/><G66/><AGARI ba="1,0" hai="23,24,29,44,47,57,61,66" m="19977,52415" machi="66" ten="30,2000,0" yaku="8,1,52,1" doraHai="18" who="0" fromWho="3" sc="359,23,95,0,235,0,311,-23" owari="382,47.0,95,-40.0,235,-16.0,288,9.0" /></mjloggm>