<mjloggm ver="2.3"><GO type="41"/><UN n0="%EF%BC%88%E2%89%A7%E2%96%BD%E2%89%A6%EF%BC%89" n1="%51%2D%31%30" n2="%E6%9D%B1%E9%A2%A8%E6%9D%B1" n3="%6E%6F%72%69%6F%33" dan="17,14,14,13" rate="2225,1928,1909,1855" sx="M,M,M,M"/><TAIKYOKU oya="0"/><INIT seed="0,0,0,0,2,28" ten="250,250,250,250" oya="0" hai0="111,30,78,96,41,67,83,26,133,60,94,25,47" hai1="127,106,62,39,29,125,23,13,80,9,20,100,68" hai2="36,82,61,52,11,101,16,110,86,38,121,42,134" hai3="46,115,123,92,17,18,88,97,33,128,114,75,58"/><T55/><D133/><U50/><E39/><V98/><F121/><W6/><G75/><T126/><D55/><U35/><E106/><V107/><F134/><W91/><G123/><T21/><D126/><N who="1" m="48139" /><E100/><V51/><F110/><W73/><G73/><T7/><D7/><U44/><E80/><V76/><F61/><W130/><G6/><T32/><D111/><U112/><E112/><V69/><F69/><W2/><G2/><T22/><D26/><N who="1" m="18871" /><E68/><V104/><F42/><W1/><G46/><T27/><D27/><U70/><E70/><V45/><REACH who="2" step="1"/><F107/><REACH who="2" ten="250,250,240,250" step="2"/><W40/><G40/><T87/><D60/><U89/><E62/><V124/><F124/><W59/><G114/><T65/><D65/><U24/><E89/><V81/><F81/><W93/><G115/><T49/><REACH who="0" step="1"/><D67/><REACH who="0" ten="240,250,240,250" step="2"/><U15/><E24/><V99/><F99/><W108/><G108/><T3/><D3/><U120/><E120/><V71/><F71/><W53/><G1/><T90/><AGARI ba="0,2" hai="21,22,25,30,32,41,47,49,78,83,87,90,94,96" machi="90" ten="20,7800,0" yaku="1,1,0,1,7,1,52,1,53,0" doraHai="28" doraHaiUra="132" who="0" fromWho="0" sc="240,98,250,-26,240,-26,250,-26" /><INIT seed="0,1,0,4,3,73" ten="338,224,214,224" oya="0" hai0="54,30,131,26,38,87,68,20,32,119,117,35,134" hai1="9,64,135,105,22,118,46,79,51,31,129,13,41" hai2="125,72,48,59,57,115,24,110,21,90,121,113,78" hai3="98,127,25,114,39,88,108,97,12,43,56,23,84"/><T52/><D38/><U123/><E123/><V107/><F121/><W76/><G114/><T15/><D68/><U58/><E118/><V17/><F107/><W122/><G122/><T104/><D104/><U96/><E129/><V92/><F110/><W63/><G108/><T29/><D131/><U102/><E135/><V69/><F69/><W106/><G106/><T1/><D1/><U65/><E58/><V109/><F125/><W62/><G43/><T82/><D134/><U86/><E31/><V28/><F109/><W44/><G44/><T74/><D74/><U111/><E111/><V89/><F89/><W99/><G39/><T71/><D71/><U70/><E22/><V0/><F0/><W45/><G45/><T19/><D30/><U36/><E36/><V42/><F28/><W3/><G3/><T116/><REACH who="0" step="1"/><D35/><REACH who="0" ten="328,224,214,224" step="2"/><U34/><E34/><V80/><F113/><W124/><G124/><T132/><D132/><U8/><E70/><V60/><F115/><W83/><G127/><T81/><D81/><U75/><E75/><V55/><F42/><W94/><G62/><T10/><D10/><U16/><E9/><V85/><REACH who="2" step="1"/><F60/><REACH who="2" ten="328,224,204,224" step="2"/><W133/><G133/><T53/><D53/><U40/><REACH who="1" step="1"/><E40/><REACH who="1" ten="328,214,204,224" step="2"/><V66/><F66/><W130/><G130/><T37/><D37/><U11/><E11/><V103/><F103/><W67/><G67/><T100/><D100/><U128/><E128/><V95/><F95/><W4/><G94/><T47/><D47/><AGARI ba="1,3" hai="17,21,24,47,48,55,57,59,72,78,80,85,90,92" machi="47" ten="30,7700,0" yaku="1,1,7,1,52,1,53,1" doraHai="73" doraHaiUra="14" who="2" fromWho="0" sc="328,-80,214,0,204,110,224,0" /><INIT seed="1,0,0,5,2,97" ten="248,214,314,224" oya="1" hai0="53,86,124,107,134,118,66,100,84,49,15,29,42" hai1="17,103,34,30,38,67,82,112,27,108,133,79,25" hai2="39,36,65,110,2,40,1,7,32,106,33,117,94" hai3="62,24,59,21,46,6,92,91,4,43,111,76,52"/><U77/><E112/><V135/><F117/><W122/><G122/><T10/><D118/><U58/><E133/><V119/><F119/><W80/><G111/><T64/><D134/><U20/><E38/><V23/><F135/><W93/><G92/><T68/><D124/><U102/><E108/><V70/><F106/><W120/><G120/><T126/><D126/><U131/><E131/><V101/><F110/><W129/><G129/><T63/><D66/><U31/><E17/><V22/><F65/><W50/><G80/><T12/><D42/><U37/><E37/><V5/><F40/><W123/><G76/><T69/><D69/><U125/><E125/><V18/><F94/><W88/><G91/><T109/><D29/><U44/><E79/><V55/><F18/><N who="3" m="12343" /><G123/><T11/><D11/><U132/><E132/><V104/><F70/><W73/><G73/><T128/><D128/><U48/><E67/><V71/><F71/><W9/><G9/><T60/><D60/><U26/><E58/><V14/><F104/><W41/><G43/><T83/><D10/><U115/><E115/><V105/><F105/><W98/><AGARI ba="0,0" hai="4,6,41,46,50,52,59,62,88,93,98" m="12343" machi="98" ten="30,7900,0" yaku="25,1,8,1,54,2" doraHai="97" who="3" fromWho="3" sc="248,-20,214,-39,314,-20,224,79" /><INIT seed="2,0,0,2,4,87" ten="228,175,294,303" oya="2" hai0="28,7,11,10,40,107,96,18,90,15,4,16,59" hai1="41,128,13,119,45,70,8,89,101,83,123,27,81" hai2="71,54,102,55,47,127,77,115,29,134,91,35,56" hai3="60,94,82,62,44,105,50,114,84,57,6,51,37"/><V124/><F115/><W64/><G105/><T32/><D40/><U66/><E119/><V24/><F71/><W43/><G114/><T1/><D59/><U9/><E101/><V112/><F112/><W85/><G85/><T25/><REACH who="0" step="1"/><D107/><REACH who="0" ten="218,175,294,303" step="2"/><U129/><E123/><V34/><F56/><W93/><G37/><T121/><D121/><U68/><E68/><V39/><F39/><W36/><G36/><T74/><D74/><U126/><E70/><V31/><F134/><W118/><G118/><T116/><D116/><U80/><E126/><V92/><F47/><N who="3" m="25983" /><G6/><T49/><D49/><U38/><E66/><V2/><F124/><W63/><G60/><T30/><D30/><U5/><E38/><V73/><F127/><W42/><G63/><T76/><D76/><AGARI ba="0,1" hai="42,44,51,57,62,64,76,82,84,93,94" m="25983" machi="76" ten="30,1000,0" yaku="8,1" doraHai="87" who="3" fromWho="0" sc="218,-10,175,0,294,0,303,20" /><INIT seed="3,0,0,3,2,61" ten="208,175,294,323" oya="3" hai0="127,6,72,107,19,120,45,113,30,71,5,34,108" hai1="33,7,11,91,65,100,106,15,48,12,118,82,16" hai2="92,102,70,56,93,90,20,101,87,24,57,84,60" hai3="55,39,126,44,53,94,36,35,64,105,62,130,88"/><W75/><G105/><T111/><D72/><U29/><E118/><V51/><F70/><W122/><G75/><T123/><D107/><U26/><E106/><V14/><F14/><W21/><G122/><N who="0" m="46635" /><D45/><U76/><E100/><V85/><F51/><W117/><G35/><T83/><D83/><U77/><E91/><N who="2" m="53351" /><F87/><W98/><G117/><T42/><D42/><U25/><E25/><V2/><F2/><W54/><G130/><T114/><D71/><U69/><E69/><V63/><F63/><W23/><G126/><T81/><D81/><U133/><E65/><N who="2" m="39047" /><F57/><W89/><G39/><T86/><D86/><U131/><E131/><V32/><F32/><W58/><REACH who="3" step="1"/><G89/><REACH who="3" ten="208,175,294,313" step="2"/><T132/><D127/><U119/><E119/><V80/><F80/><W103/><G103/><T124/><D124/><U109/><E82/><V50/><F50/><W135/><G135/><T97/><D132/><U9/><E133/><V18/><AGARI ba="0,1" hai="18,20,24,85,90,93,101,102" m="39047,53351" machi="18" ten="30,2000,0" yaku="8,1,52,1" doraHai="61" who="2" fromWho="2" sc="208,-5,175,-5,294,30,313,-10" /><INIT seed="4,0,0,4,0,132" ten="203,170,324,303" oya="0" hai0="31,26,38,4,39,124,33,19,83,57,16,119,102" hai1="9,59,106,114,109,7,65,129,23,96,70,44,116" hai2="36,98,76,95,32,128,131,61,110,43,64,2,62" hai3="27,50,51,126,40,67,21,56,34,105,108,82,134"/><T123/><D123/><U89/><E116/><V79/><F110/><W11/><G34/><T107/><D119/><U122/><E109/><V92/><F32/><W75/><G108/><T72/><D4/><U74/><E122/><V73/><F2/><W103/><G134/><T113/><D113/><U121/><E121/><V18/><F62/><W5/><G103/><T88/><D124/><U71/><E74/><V10/><F73/><W86/><G105/><T120/><D120/><U130/><E114/><V13/><F95/><W115/><G75/><T8/><D57/><U6/><E44/><N who="2" m="23655" /><F92/><W42/><G126/><T90/><D102/><U53/><E23/><V15/><F15/><N who="3" m="5615" /><G115/><T78/><D107/><U58/><E89/><V87/><F87/><W47/><G67/><T48/><D48/><U49/><E96/><V46/><F46/><N who="3" m="25927" /><G56/><T24/><D39/><U97/><E7/><V69/><F98/><W135/><G135/><T41/><D41/><U25/><E97/><V28/><F28/><W12/><G12/><T104/><D38/><U112/><E106/><V55/><F64/><W94/><G94/><T54/><D104/><U3/><E112/><V111/><F111/><W66/><G66/><T20/><REACH who="0" step="1"/><D54/><REACH who="0" ten="193,170,324,303" step="2"/><U80/><E53/><V60/><F55/><W0/><G51/><T14/><AGARI ba="0,1" hai="8,14,16,19,20,24,26,31,33,72,78,83,88,90" machi="14" ten="30,12000,1" yaku="1,1,2,1,0,1,54,2,53,0" doraHai="132" doraHaiUra="35" who="0" fromWho="0" sc="193,130,170,-40,324,-40,303,-40" /><INIT seed="4,1,0,2,1,37" ten="323,130,284,263" oya="0" hai0="19,0,132,15,104,58,59,54,68,6,63,28,122" hai1="30,57,43,40,45,125,10,64,110,5,77,62,60" hai2="88,129,9,121,128,95,47,117,50,133,65,22,107" hai3="53,114,78,51,36,116,7,81,130,69,32,134,26"/><T13/><D122/><U12/><E110/><V70/><F121/><W34/><G116/><T89/><D104/><U2/><E125/><V118/><F107/><W102/><G102/><T98/><D68/><U94/><E2/><V42/><F9/><W124/><G7/><T33/><D132/><U35/><E77/><V61/><F133/><W46/><G134/><T31/><D0/><U39/><E35/><V72/><F22/><W115/><G124/><T14/><D6/><U87/><E30/><V106/><F72/><W49/><G69/><T82/><D33/><U8/><E8/><V92/><F106/><W56/><G36/><T23/><D59/><U75/><E75/><V17/><F17/><W100/><G100/><T119/><D119/><N who="2" m="45578" /><F95/><W71/><G71/><T55/><D55/><U127/><E127/><V1/><F1/><W66/><G66/><T111/><D111/><U85/><E62/><V113/><F113/><N who="3" m="43019" /><G26/><N who="0" m="14719" /><D82/><U123/><E123/><V44/><F44/><W11/><G11/><T27/><D27/><U105/><E105/><V4/><F4/><W3/><G3/><T21/><D21/><U25/><E25/><V99/><AGARI ba="1,0" hai="42,47,50,61,65,70,88,92,99,128,129" m="45578" machi="99" ten="30,4000,0" yaku="12,1,52,1,54,1" doraHai="37" who="2" fromWho="2" sc="323,-21,130,-11,284,43,263,-11" /><INIT seed="5,0,0,5,3,98" ten="302,119,327,252" oya="1" hai0="22,120,42,56,0,106,125,107,53,61,51,14,29" hai1="37,73,101,16,78,109,5,82,50,67,68,86,92" hai2="54,30,18,43,13,1,74,33,126,58,60,6,122" hai3="64,113,69,75,21,10,49,110,12,35,123,76,48"/><U124/><E37/><V90/><F122/><W72/><G123/><T59/><D0/><U9/><E68/><V104/><F74/><W119/><G110/><T52/><D120/><U28/><E28/><V102/><F126/><W127/><G35/><T118/><D118/><U79/><E67/><V39/><F6/><W80/><G127/><T27/><D125/><U71/><E124/><V84/><F1/><W44/><G119/><T70/><D70/><U112/><E71/><V103/><F104/><W81/><G113/><T8/><REACH who="0" step="1"/><D42/><REACH who="0" ten="292,119,327,252" step="2"/><U88/><E112/><V89/><F43/><W132/><G69/><T38/><D38/><U55/><E109/><V99/><F39/><W121/><G121/><T94/><D94/><U133/><E133/><V128/><F128/><W11/><G132/><T100/><D100/><U130/><E130/><V24/><F99/><W17/><G44/><T20/><D20/><U116/><E116/><V23/><REACH who="2" step="1"/><F90/><REACH who="2" ten="292,119,317,252" step="2"/><W4/><G11/><T32/><D32/><U25/><E101/><V36/><F36/><W135/><G135/><T46/><D46/><N who="1" m="28119" /><E73/><V63/><F63/><W117/><G117/><T105/><D105/><U66/><E66/><V7/><F7/><AGARI ba="0,2" hai="7,8,14,22,27,29,51,52,53,56,59,61,106,107" machi="7" ten="30,3900,0" yaku="1,1,7,1,54,1,53,0" doraHai="98" doraHaiUra="93" who="0" fromWho="2" sc="292,59,119,0,317,-39,252,0" /><INIT seed="6,0,0,1,5,85" ten="351,119,278,252" oya="2" hai0="93,7,132,128,37,20,108,62,26,18,101,46,107" hai1="116,103,39,16,91,23,36,81,45,21,88,97,129" hai2="42,110,69,83,9,59,47,50,68,11,115,48,130" hai3="56,27,75,24,57,111,94,33,126,86,77,10,99"/><V72/><F115/><W40/><G75/><T55/><D107/><U80/><E116/><V73/><F69/><W58/><G111/><T74/><D74/><U41/><E129/><V127/><F68/><W82/><G33/><T53/><D108/><U114/><E114/><V28/><F110/><W13/><G126/><T113/><D128/><U65/><E65/><V131/><F127/><W98/><G99/><N who="0" m="59631" /><D37/><U125/><E125/><V3/><F28/><W22/><G40/><T95/><D132/><U2/><E2/><V100/><F100/><W96/><G96/><T118/><D118/><U92/><E39/><V134/><F134/><W61/><G61/><T14/><D46/><U66/><E66/><V64/><F64/><W122/><G122/><T135/><D62/><U133/><E133/><V112/><F112/><W32/><G32/><T6/><D113/><U34/><E34/><V52/><F73/><W104/><G104/><T87/><D26/><N who="3" m="9769" /><G22/><N who="1" m="8202" /><E36/><V119/><F119/><W84/><G84/><T89/><D135/><U63/><E63/><V51/><F51/><W70/><G70/><T54/><AGARI ba="0,0" hai="6,7,14,18,20,53,54,55,87,89,95" m="59631" machi="54" ten="30,2000,0" yaku="8,1,52,1" doraHai="85" who="0" fromWho="0" sc="351,20,119,-5,278,-10,252,-5" /><INIT seed="7,0,0,2,3,28" ten="371,114,268,247" oya="3" hai0="114,81,47,98,63,131,90,59,125,112,30,101,88" hai1="109,21,104,44,108,35,58,89,73,106,5,72,91" hai2="67,57,75,41,2,38,53,120,82,119,14,110,70" hai3="92,77,66,68,83,129,62,135,78,6,0,19,1"/><W132/><G77/><T134/><D134/><U31/><E5/><V116/><F110/><W117/><G117/><T32/><D125/><U12/><E44/><V46/><F120/><W80/><G83/><T111/><D131/><U23/><E12/><V25/><F2/><W16/><G129/><T115/><D111/><U107/><E31/><V9/><F25/><W36/><G36/><T126/><D47/><U50/><E107/><V105/><F105/><W69/><G69/><T128/><D126/><U61/><E50/><N who="2" m="30903" /><F82/><W29/><G29/><T56/><D81/><U97/><E58/><N who="0" m="22057" /><D63/><U54/><E54/><V76/><F76/><W71/><G71/><T3/><D3/><U93/><E93/><V84/><F84/><W102/><G6/><T94/><D128/><U100/><E100/><V130/><F130/><W8/><G1/><T85/><D85/><U52/><E52/><V99/><F99/><N who="3" m="59751" /><G8/><T113/><D113/><U34/><REACH who="1" step="1"/><E61/><REACH who="1" ten="371,104,268,247" step="2"/><V64/><F116/><W48/><G48/><T127/><D127/><U18/><E18/><V45/><F67/><W65/><G65/><T87/><D30/><U55/><E55/><V86/><F46/><W27/><G0/><T10/><D114/><U42/><E42/><V24/><F64/><W17/><G27/><T95/><D115/><U26/><E26/><V11/><F24/><W39/><G39/><T37/><D37/><U20/><E20/><V15/><F119/><W7/><G7/><T60/><D112/><U51/><E51/><V74/><F38/><W13/><G13/><T79/><D60/><U118/><E118/><RYUUKYOKU ba="0,1" sc="371,-15,104,15,268,-15,247,15" hai1="21,23,34,35,72,73,89,91,97,104,106,108,109" hai3="16,17,19,62,66,68,78,80,132,135" /><INIT seed="7,1,1,2,4,61" ten="356,119,253,262" oya="3" hai0="16,125,87,24,120,124,14,55,18,57,112,114,119" hai1="54,118,116,39,78,30,86,67,115,97,69,96,28" hai2="95,99,132,80,13,71,2,60,22,3,19,129,15" hai3="26,9,90,12,94,84,32,51,73,100,83,25,29"/><W105/><G105/><T108/><D108/><U130/><E39/><V111/><F111/><W110/><G110/><T76/><D119/><U133/><E133/><V117/><F117/><W59/><G26/><T66/><D66/><U131/><E115/><N who="0" m="44073" /><D120/><U98/><E54/><V0/><F132/><W91/><G100/><T77/><D24/><U10/><E10/><V1/><F1/><W64/><G73/><T6/><D6/><U72/><E72/><V38/><F38/><W43/><G43/><T31/><D31/><U44/><E44/><V106/><F106/><W63/><G51/><N who="0" m="30975" /><D16/><U123/><E123/><V53/><F129/><N who="1" m="49161" /><E78/><N who="0" m="30313" /><D87/><U102/><E102/><V36/><F36/><W40/><G40/><T104/><D104/><U92/><E92/><V101/><F71/><W103/><G103/><T46/><D46/><U33/><E86/><V37/><F37/><W49/><G49/><T41/><D41/><U135/><E135/><V62/><F53/><W93/><REACH who="3" step="1"/><G90/><REACH who="3" ten="356,119,253,252" step="2"/><T122/><D122/><U5/><E33/><V48/><F48/><W34/><G34/><T58/><D58/><U45/><E45/><V50/><F50/><W109/><G109/><T65/><D65/><U20/><E20/><AGARI ba="1,2" hai="14,18,20,124,125" m="30313,30975,44073" machi="20" ten="30,2000,0" yaku="15,1,11,1" doraHai="61" who="0" fromWho="1" sc="356,43,119,-23,253,0,252,0" owari="399,50.0,96,-40.0,253,5.0,252,-15.0" /></mjloggm>