<mjloggm ver="2.3"><GO type="41"/><UN n0="%72%6F%75%74%65%72%41" n1="%E6%83%91%E6%98%9F%E6%B3%A8" n2="%E3%82%A6%E3%83%AB%E3%83%88%E3%83%A9%E7%AB%8B%E7%9B%B4" n3="%E9%9B%80%E6%AD%B4%33%E5%B9%B4" dan="13,14,15,14" rate="1804,1851,2020,1983" sx="M,M,M,M"/><TAIKYOKU oya="0"/><INIT seed="0,0,0,0,4,87" ten="250,250,250,250" oya="0" hai0="90,92,98,33,9,106,16,88,81,21,20,1,107" hai1="97,67,80,113,130,7,22,18,50,70,82,2,89" hai2="77,132,53,117,23,134,37,17,111,27,84,43,94" hai3="78,126,41,71,123,56,135,57,28,74,116,65,39"/><T8/><D33/><U52/><E113/><V29/><F43/><W125/><G28/><T45/><D1/><U59/><E130/><V75/><F37/><W44/><G78/><T112/><D112/><U11/><E67/><V51/><F75/><W99/><G74/><T30/><D107/><U12/><REACH who="1" step="1"/><E70/><REACH who="1" ten="250,240,250,250" step="2"/><V47/><F117/><W108/><G116/><T101/><D106/><U122/><E122/><V124/><F124/><W25/><G65/><T91/><D81/><U64/><E64/><V0/><F132/><W58/><G71/><T62/><D62/><U102/><E102/><V46/><F134/><W35/><G135/><T42/><D30/><U131/><E131/><V83/><F111/><W76/><G108/><T26/><REACH who="0" step="1"/><D21/><REACH who="0" ten="240,240,250,250" step="2"/><U93/><AGARI ba="0,2" hai="2,7,11,12,18,22,50,52,59,80,82,89,93,97" machi="93" ten="30,8000,1" yaku="1,1,0,1,52,1,54,1,53,1" doraHai="87" doraHaiUra="19" who="1" fromWho="1" sc="240,-40,240,100,250,-20,250,-20" /><INIT seed="1,0,0,5,0,82" ten="200,340,230,230" oya="1" hai0="103,99,93,55,107,26,68,98,113,57,46,72,35" hai1="85,8,65,49,19,115,64,41,56,51,118,134,45" hai2="23,71,5,4,80,0,132,11,129,117,48,36,52" hai3="27,121,91,83,88,10,126,87,22,13,79,123,110"/><U97/><E115/><V122/><F36/><W24/><G110/><T78/><D113/><U92/><E118/><V116/><F71/><W90/><G126/><T14/><D68/><U135/><E135/><V130/><F122/><W101/><G101/><T31/><D46/><U7/><E134/><V42/><F42/><W54/><G54/><T73/><D14/><U100/><E19/><V114/><F132/><W94/><G94/><T108/><D108/><U16/><E16/><V33/><F33/><W102/><G102/><T2/><D2/><U70/><E70/><V96/><F114/><W18/><REACH who="3" step="1"/><G27/><REACH who="3" ten="200,340,230,220" step="2"/><T109/><D109/><U1/><E100/><V59/><F116/><W53/><G53/><T74/><D99/><U81/><E92/><V128/><F117/><W12/><G12/><T133/><D133/><U40/><E1/><V86/><F96/><W75/><G75/><T124/><D124/><U37/><E97/><V3/><F3/><W66/><G66/><T25/><D25/><U32/><E64/><V67/><F67/><W44/><G44/><T20/><D35/><U15/><E65/><V9/><F0/><W76/><G76/><T30/><D78/><U6/><E45/><V120/><F120/><W131/><G131/><T62/><REACH who="0" step="1"/><D93/><REACH who="0" ten="190,340,230,220" step="2"/><U58/><E32/><V34/><F34/><W28/><AGARI ba="0,2" hai="10,13,18,22,24,28,79,83,87,88,90,91,121,123" machi="28" ten="30,7900,0" yaku="1,1,0,1,52,1,54,1,53,0" doraHai="82" doraHaiUra="127" who="3" fromWho="3" sc="190,-20,340,-39,230,-20,220,99" /><INIT seed="2,0,0,2,0,16" ten="170,301,210,319" oya="2" hai0="39,9,123,93,5,11,21,95,45,79,8,109,58" hai1="117,50,10,100,41,55,18,97,73,77,49,0,48" hai2="57,98,134,120,104,118,69,15,113,106,65,76,86" hai3="35,26,92,14,111,12,43,128,83,59,119,132,32"/><V87/><F69/><W31/><G119/><T130/><D123/><U85/><E117/><V22/><F120/><W75/><G43/><T47/><D130/><U63/><E73/><V81/><F118/><W70/><G70/><T46/><D39/><U112/><E112/><V62/><F113/><W82/><G128/><T29/><D109/><U53/><E41/><V107/><F134/><W64/><G111/><T110/><D110/><U7/><E63/><V68/><F68/><W80/><G75/><T96/><D79/><U88/><E77/><V33/><F33/><W54/><G64/><T94/><D58/><U28/><E28/><V126/><F126/><W116/><G116/><T52/><D96/><U37/><E37/><V19/><REACH who="2" step="1"/><F87/><REACH who="2" ten="170,301,200,319" step="2"/><W40/><G35/><T72/><D72/><U114/><E114/><V34/><F34/><W25/><G132/><T90/><D90/><U42/><E42/><V56/><F56/><W67/><G40/><T133/><D133/><U24/><E85/><V131/><F131/><W20/><G67/><T60/><D5/><U91/><E88/><V122/><F122/><W89/><G32/><T99/><D99/><AGARI ba="0,1" hai="15,19,22,57,62,65,76,81,86,98,99,104,106,107" machi="99" ten="40,3900,0" yaku="1,1,52,1,53,0" doraHai="16" doraHaiUra="23" who="2" fromWho="0" sc="170,-39,301,0,200,49,319,0" /><INIT seed="2,1,0,2,0,23" ten="131,301,249,319" oya="2" hai0="122,100,5,130,19,62,108,0,18,31,104,135,133" hai1="3,6,54,60,65,129,89,8,63,82,43,2,61" hai2="98,127,124,94,30,131,42,91,26,39,103,56,114" hai3="10,13,132,12,107,74,7,47,116,84,115,72,27"/><V111/><F42/><W51/><G107/><T55/><D100/><U79/><E43/><V121/><F39/><W21/><G116/><T58/><D104/><U113/><E129/><V15/><F121/><W20/><G132/><T69/><D122/><U16/><E113/><V85/><F114/><W64/><G115/><T59/><D130/><U1/><E89/><V93/><F131/><W52/><G64/><T4/><D69/><U102/><E102/><V67/><F15/><W48/><G84/><T77/><D31/><U36/><E36/><V90/><F111/><W25/><G51/><T75/><D108/><U73/><E65/><V106/><F56/><W88/><G88/><T105/><D105/><U32/><E32/><V37/><F67/><W123/><G13/><T80/><D59/><U97/><E97/><V118/><F37/><W92/><G92/><T109/><D109/><U71/><E71/><V87/><REACH who="2" step="1"/><F118/><REACH who="2" ten="131,301,239,319" step="2"/><W119/><G119/><T86/><D135/><U41/><E41/><V81/><F81/><W112/><G112/><T9/><D133/><U28/><E54/><V11/><F11/><W95/><G123/><T45/><D5/><U120/><E120/><V33/><AGARI ba="1,1" hai="26,30,33,85,87,90,91,93,94,98,103,106,124,127" machi="33" ten="30,11700,0" yaku="1,1,0,1,9,1,52,1,53,0" doraHai="23" doraHaiUra="53" who="2" fromWho="2" sc="131,-40,301,-40,239,130,319,-40" /><INIT seed="2,2,0,5,1,123" ten="91,261,369,279" oya="2" hai0="1,80,83,129,16,126,46,20,10,106,118,125,25" hai1="28,5,81,9,42,115,133,104,6,51,54,112,113" hai2="39,40,84,38,59,75,3,130,52,33,62,120,94" hai3="121,45,49,8,29,68,2,74,0,131,98,67,79"/><V19/><F33/><W64/><G121/><T86/><D106/><U111/><E104/><V77/><F120/><W101/><G131/><T87/><D118/><U132/><E42/><V7/><F130/><W92/><G29/><T55/><D129/><U73/><E28/><V56/><F75/><W43/><G68/><T103/><D103/><U91/><E5/><V116/><F116/><W11/><G0/><T134/><D134/><N who="1" m="51819" /><E91/><V12/><F40/><W30/><G30/><T32/><D32/><U60/><E60/><V22/><F7/><W114/><G114/><T57/><D1/><N who="1" m="207" /><E81/><V122/><F122/><W95/><G95/><T70/><D70/><U76/><E76/><V117/><F117/><W27/><G2/><T128/><D10/><U26/><E26/><V90/><F77/><W71/><G27/><T124/><D128/><U31/><E31/><V135/><F135/><W36/><G8/><T53/><D83/><U109/><E73/><V37/><F3/><W93/><G79/><T61/><D80/><U18/><E18/><V69/><F69/><W47/><G71/><T14/><D25/><U4/><E4/><V15/><F15/><W78/><G78/><T48/><AGARI ba="2,0" hai="14,16,20,46,48,53,55,57,61,86,87,124,125,126" machi="48" ten="40,5200,0" yaku="0,1,18,1,54,1" doraHai="123" who="0" fromWho="0" sc="91,58,261,-15,369,-28,279,-15" /><INIT seed="3,0,0,3,5,26" ten="149,246,341,264" oya="3" hai0="59,55,79,106,36,34,68,52,123,110,91,107,3" hai1="2,130,24,27,126,12,44,119,114,40,111,84,81" hai2="58,115,117,39,63,9,85,77,13,76,35,128,99" hai3="7,104,129,47,127,66,14,71,22,46,32,64,21"/><W87/><G104/><T67/><D123/><U102/><E2/><V108/><F39/><W18/><G32/><T0/><D110/><U121/><E114/><V125/><F117/><W31/><G127/><T131/><D79/><U98/><E121/><V1/><F1/><W116/><G116/><T19/><D131/><U30/><E119/><V83/><F115/><W50/><G129/><T92/><D3/><U95/><E130/><V113/><F113/><W41/><G71/><T15/><D0/><U94/><E126/><V133/><F125/><W74/><G74/><T42/><D34/><U43/><E111/><V96/><F108/><W100/><G100/><T86/><D55/><U51/><E12/><V97/><F35/><W88/><G7/><T70/><D67/><U75/><E75/><V135/><F128/><W8/><G46/><T73/><D73/><U124/><E124/><V33/><F33/><W49/><G49/><T105/><D42/><N who="1" m="24983" /><E24/><V60/><F76/><W38/><G38/><T69/><D36/><U16/><E95/><V118/><F118/><W120/><G120/><T54/><REACH who="0" step="1"/><D59/><REACH who="0" ten="139,246,341,264" step="2"/><U62/><E43/><V29/><F58/><W72/><G72/><T56/><D56/><U101/><E40/><V122/><F122/><W11/><G66/><T37/><D37/><U90/><E62/><V61/><F61/><W57/><G57/><T5/><D5/><U20/><E102/><V65/><F63/><W78/><G64/><T28/><D28/><AGARI ba="0,1" hai="16,20,27,28,30,81,84,90,94,98,101" m="24983" machi="28" ten="30,7700,0" yaku="8,1,52,2,54,1" doraHai="26" who="1" fromWho="0" sc="139,-77,246,87,341,0,264,0" /><INIT seed="4,0,0,2,5,67" ten="62,333,341,264" oya="0" hai0="5,43,69,108,112,126,26,85,13,19,131,22,74" hai1="73,57,79,75,103,25,21,60,91,49,48,86,102" hai2="124,27,97,7,9,50,76,18,84,72,42,52,113" hai3="87,83,118,82,105,6,35,78,41,59,99,24,44"/><T63/><D74/><U56/><E79/><V81/><F124/><W129/><G118/><T117/><D117/><U94/><E75/><V54/><F113/><W92/><G129/><T45/><D112/><U34/><E73/><V0/><F84/><W46/><G105/><T130/><D126/><U53/><E34/><V2/><F2/><W111/><G111/><T61/><D108/><U93/><E93/><V16/><F97/><W51/><G83/><T90/><D5/><U14/><E14/><V10/><F10/><W95/><G59/><T32/><D32/><U58/><E49/><V77/><F77/><W122/><G122/><T15/><D130/><U30/><REACH who="1" step="1"/><E58/><REACH who="1" ten="62,323,341,264" step="2"/><V100/><F27/><W101/><G35/><T17/><D131/><U65/><AGARI ba="0,1" hai="21,25,30,48,53,56,57,60,65,86,91,94,102,103" machi="65" ten="20,8000,1" yaku="1,1,2,1,0,1,7,1,8,1,53,0" doraHai="67" doraHaiUra="134" who="1" fromWho="1" sc="62,-40,323,90,341,-20,264,-20" /><INIT seed="5,0,0,5,4,99" ten="22,413,321,244" oya="1" hai0="80,119,72,10,126,47,68,123,48,122,56,51,40" hai1="21,61,114,59,16,31,15,117,120,57,96,42,113" hai2="118,46,74,63,53,128,93,84,102,78,2,27,81" hai3="37,115,90,89,116,98,79,29,87,7,124,111,25"/><U108/><E120/><V35/><F118/><W73/><G37/><T39/><D119/><U4/><E117/><V11/><F128/><W49/><G116/><T133/><D68/><U1/><E108/><V18/><F63/><W105/><G111/><T41/><D72/><U24/><E42/><V71/><F71/><W34/><G7/><T28/><D28/><U109/><E109/><V30/><F53/><W69/><G115/><N who="1" m="44042" /><E4/><V76/><F76/><W5/><G5/><T23/><D80/><U131/><E1/><V104/><F46/><W3/><G3/><T50/><D133/><U129/><E96/><V60/><F60/><W45/><G69/><T52/><D10/><N who="1" m="6263" /><E59/><V121/><F121/><N who="0" m="46090" /><D23/><U22/><E22/><V55/><F2/><W66/><G98/><T125/><D41/><U106/><E106/><V112/><F104/><W43/><G105/><T77/><D77/><U85/><E85/><V82/><F74/><W135/><G73/><T19/><D19/><U38/><E38/><V127/><F18/><W36/><G79/><T14/><D14/><U13/><E13/><V44/><F78/><W64/><G87/><T110/><D110/><U97/><E97/><V95/><F84/><W88/><G135/><T67/><D67/><AGARI ba="0,0" hai="21,24,31,57,61,67,129,131" m="6263,44042" machi="67" ten="30,2900,0" yaku="15,1,54,1" doraHai="99" who="1" fromWho="0" sc="22,-29,413,29,321,0,244,0" owari="-7,-51.0,442,55.0,321,12.0,244,-16.0" /></mjloggm>