<mjloggm ver="2.3"><GO type="41"/><UN n0="%EF%BC%88%E2%89%A7%E2%96%BD%E2%89%A6%EF%BC%89" n1="%6D%69%6E%74%69%61" n2="%E5%85%89%E5%92%B2" n3="%E3%82%B9%E3%82%B1%E3%83%AB%E3%83%88%E3%83%B3%54" dan="13,13,16,14" rate="2024,1815,1992,2016" sx="M,M,M,M"/><TAIKYOKU oya="0"/><INIT seed="0,0,0,1,0,47" ten="250,250,250,250" oya="0" hai0="95,123,118,45,53,8,19,134,81,92,40,131,65" hai1="94,93,74,39,52,98,7,80,54,83,102,32,24" hai2="4,88,0,25,31,61,82,119,91,79,132,105,101" hai3="133,50,114,124,76,35,36,38,58,127,107,85,2"/><T97/><D123/><U71/><E71/><V128/><F119/><W89/><G114/><T41/><D118/><U13/><E39/><V22/><F132/><W109/><G2/><T55/><D134/><U86/><E74/><V51/><F128/><W34/><G133/><T126/><D131/><U115/><E115/><V59/><F51/><W28/><G107/><T135/><D135/><U60/><E54/><V121/><F121/><W69/><G69/><T84/><D126/><N who="3" m="48169" /><G76/><N who="0" m="46119" /><D65/><U113/><E113/><V48/><F48/><W46/><G58/><T104/><D104/><U90/><E24/><V15/><F0/><W130/><G109/><T33/><D33/><N who="3" m="12297" /><G28/><T1/><D1/><U96/><E32/><V29/><F29/><W120/><G120/><T6/><D6/><U14/><E86/><N who="2" m="48479" /><F101/><W23/><G23/><T100/><D95/><U73/><E73/><V75/><F105/><W16/><G16/><T111/><D111/><U117/><E117/><V57/><F75/><W30/><G30/><T78/><D78/><U3/><E3/><V110/><F110/><W10/><G10/><T125/><D125/><U64/><E64/><N who="2" m="38959" /><F59/><W44/><G130/><T11/><D45/><U18/><E7/><V5/><F5/><W17/><G46/><T66/><D66/><U67/><E67/><V129/><F129/><W27/><G17/><T49/><D19/><U87/><E18/><V72/><F72/><W77/><G77/><T21/><D40/><U63/><E87/><V68/><F68/><W103/><G38/><T26/><D41/><U42/><E42/><V43/><F43/><RYUUKYOKU ba="0,0" sc="250,-10,250,-10,250,30,250,-10" hai2="4,15,22,25,31,88,91" /><INIT seed="1,1,0,0,4,77" ten="240,240,280,240" oya="1" hai0="65,74,79,111,31,11,25,26,66,116,107,112,106" hai1="15,95,73,119,52,88,21,57,41,93,2,124,19" hai2="127,132,85,16,3,12,134,81,80,23,98,40,34" hai3="32,133,35,33,128,61,56,42,8,67,92,4,126"/><U84/><E119/><V118/><F34/><W58/><G133/><N who="2" m="51305" /><F3/><W90/><G128/><T135/><D116/><U62/><E124/><V1/><F1/><W43/><G126/><T36/><D112/><U101/><E73/><V104/><F127/><W18/><G18/><T89/><D135/><U83/><E2/><V117/><F85/><W24/><G24/><T123/><D111/><U96/><E41/><V6/><F40/><W99/><REACH who="3" step="1"/><G58/><REACH who="3" step="2"/><T70/><D26/><U63/><REACH who="1" step="1"/><E63/><REACH who="1" step="2"/><V47/><F118/><W5/><G5/><T49/><D123/><U30/><E30/><V20/><F6/><W37/><G37/><T121/><D31/><U59/><E59/><V82/><F47/><W29/><G29/><T22/><D36/><U44/><E44/><V94/><F117/><W97/><G97/><T10/><D121/><U17/><E17/><V54/><F104/><AGARI ba="1,2" hai="15,19,21,52,57,62,83,84,88,93,95,96,101,104" machi="104" ten="30,18000,2" yaku="1,1,7,1,52,1,54,2,53,1" doraHai="77" doraHaiUra="100" who="1" fromWho="2" sc="240,0,230,203,280,-183,230,0" /><INIT seed="1,2,0,2,1,123" ten="240,433,97,230" oya="1" hai0="12,38,78,28,103,47,66,6,31,117,109,85,24" hai1="14,115,48,82,51,100,133,19,130,69,58,86,37" hai2="11,120,126,75,114,34,7,106,35,118,93,25,50" hai3="97,107,30,49,77,95,105,15,57,65,125,4,98"/><U9/><E37/><V116/><F106/><W113/><G113/><T112/><D112/><U33/><E115/><V56/><F120/><W135/><G135/><T68/><D117/><U55/><E69/><V110/><F75/><W88/><G125/><T131/><D131/><U46/><E33/><V111/><F114/><W13/><G77/><T74/><D74/><U1/><E1/><N who="2" m="495" /><F93/><W127/><G127/><T10/><D103/><U67/><E130/><V54/><F126/><W3/><G30/><T63/><D38/><U132/><E67/><V16/><F56/><W42/><G3/><T41/><D41/><U27/><E27/><V80/><F54/><W81/><G81/><T92/><D47/><U43/><REACH who="1" step="1"/><E100/><REACH who="1" step="2"/><V26/><F50/><W128/><G128/><T64/><D68/><U124/><E124/><V72/><F72/><W121/><G65/><T22/><D64/><U134/><E134/><V17/><F80/><W94/><G121/><T84/><D66/><U108/><E108/><N who="2" m="41515" /><F26/><W122/><G122/><T87/><D109/><U5/><E5/><V90/><F90/><AGARI ba="2,1" hai="9,14,19,43,46,48,51,55,58,82,86,90,132,133" machi="90" ten="40,7700,0" yaku="1,1,53,2" doraHai="123" doraHaiUra="129" who="1" fromWho="2" sc="240,0,423,93,97,-83,230,0" /><INIT seed="1,3,0,1,2,69" ten="240,516,14,230" oya="1" hai0="1,53,57,8,47,103,17,98,42,90,132,94,9" hai1="73,122,55,54,21,68,111,40,48,119,39,133,66" hai2="116,96,0,75,72,62,52,11,85,26,41,63,19" hai3="91,64,25,104,27,35,128,107,102,16,33,28,109"/><U86/><E73/><V124/><F116/><W51/><G109/><T129/><D129/><U61/><E21/><V20/><F41/><W13/><G128/><T36/><D132/><U134/><E86/><V92/><F124/><W71/><G102/><T82/><D1/><U81/><E81/><V59/><F85/><W126/><G126/><T100/><D82/><U79/><E79/><V87/><F87/><W112/><G112/><T24/><D24/><U32/><E32/><V44/><F44/><W88/><G71/><T10/><REACH who="0" step="1"/><D17/><REACH who="0" step="2"/><U101/><E133/><V5/><REACH who="2" step="1"/><F63/><AGARI ba="3,1" hai="8,9,10,36,42,47,53,57,63,90,94,98,100,103" machi="63" ten="40,5200,0" yaku="1,1,2,1,52,1,53,0" doraHai="69" doraHaiUra="15" who="0" fromWho="2" sc="230,71,516,0,14,-61,230,0" owari="301,10,516,62,-47,-55,230,-17" /></mjloggm>