<mjloggm ver="2.3"><GO type="137"/><UN n0="%E3%81%AE%E3%82%88%E3%81%86%E3%81%AA%E3%82%82%E3%81%AE" n1="%E3%83%B4%E3%82%A1%E3%82%A4%E3%82%B9%E3%83%AA%E3%83%83%E3%82%BF%E3%83%BC" n2="%4B%4F%4B%55%4F%48" n3="%EF%BC%88%E2%89%A7%E2%96%BD%E2%89%A6%EF%BC%89" dan="12,12,12,11" rate="1762,1557,1565,1932" sx="M,M,M,M"/><TAIKYOKU oya="0"/><INIT seed="0,0,0,4,0,31" ten="250,250,250,250" oya="0" hai0="94,5,119,128,98,133,38,21,65,86,22,81,62" hai1="82,105,23,42,24,4,43,75,135,124,78,107,45" hai2="10,30,127,39,36,117,87,121,123,8,71,69,129" hai3="9,93,26,114,29,47,118,56,18,79,44,13,50"/><T91/><D119/><U1/><E124/><V46/><F87/><W112/><G118/><T32/><D38/><U116/><E135/><V12/><F117/><W83/><G93/><T53/><D133/><U35/><E116/><V34/><F30/><W28/><G56/><N who="0" m="37063" /><D32/><U122/><E35/><V126/><F12/><W20/><G29/><T6/><D53/><U57/><E122/><V95/><F46/><W41/><REACH who="3" step="1"/><G47/><REACH who="3" step="2"/><T27/><D128/><U37/><E57/><V66/><F95/><W17/><G17/><N who="0" m="12719" /><D22/><U16/><REACH who="1" step="1"/><E43/><REACH who="1" step="2"/><V7/><F129/><W108/><G108/><T54/><D54/><U104/><E104/><V131/><F131/><W48/><G48/><T73/><D73/><AGARI ba="0,2" hai="9,13,18,20,26,28,41,44,50,73,79,83,112,114" machi="73" ten="30,3900,0" yaku="1,1,7,1,53,1" doraHai="31" doraHaiUra="74" who="3" fromWho="0" sc="250,-39,240,0,250,0,240,59" /><INIT seed="1,0,0,1,1,65" ten="211,240,250,299" oya="1" hai0="90,125,63,55,81,52,131,15,46,74,67,97,123" hai1="40,23,79,99,10,51,35,93,78,86,107,31,49" hai2="117,124,57,96,88,38,20,103,21,84,119,129,108" hai3="80,59,102,24,60,133,72,101,87,77,89,54,22"/><U112/><E112/><V104/><F38/><W18/><REACH who="3" step="1"/><G133/><REACH who="3" step="2"/><T53/><D123/><U116/><E107/><V94/><F117/><W100/><G100/><T135/><D135/><U43/><E116/><V30/><F108/><W58/><G58/><N who="0" m="37367" /><D125/><U42/><E35/><V126/><F119/><W19/><G19/><T11/><D74/><U95/><E86/><V41/><F129/><W91/><G91/><T66/><D131/><U128/><E128/><V127/><F57/><W106/><G106/><T92/><D66/><U14/><E31/><V76/><F76/><W34/><G34/><T111/><D111/><U83/><E23/><V50/><F30/><W118/><G118/><T61/><D81/><AGARI ba="0,1" hai="18,22,24,54,59,60,72,77,80,81,87,89,101,102" machi="81" ten="30,3900,0" yaku="21,2,7,1,53,0" doraHai="65" doraHaiUra="70" who="3" fromWho="0" sc="211,-39,240,0,250,0,289,49" /><INIT seed="2,0,0,0,1,109" ten="172,240,250,338" oya="2" hai0="90,0,69,9,4,116,101,45,44,89,127,2,34" hai1="128,132,13,123,12,20,42,76,74,110,135,31,84" hai2="18,118,91,55,80,134,124,49,5,56,122,37,82" hai3="35,97,67,133,78,130,102,6,3,29,52,16,92"/><V8/><F37/><W117/><G117/><T19/><D34/><U108/><E123/><V33/><F118/><W98/><G133/><N who="1" m="51274" /><E74/><V28/><F134/><W53/><G130/><T119/><D127/><U39/><E39/><V46/><F122/><W103/><G78/><T17/><D69/><U38/><E38/><V65/><F18/><W57/><G35/><T106/><D106/><U51/><E128/><V75/><F124/><W113/><G113/><T59/><D59/><U30/><E20/><V72/><F28/><N who="1" m="10793" /><E42/><V15/><F33/><W85/><G29/><T40/><D40/><U41/><E51/><V23/><F23/><W63/><G85/><T79/><D79/><U107/><E84/><V81/><F91/><W88/><G16/><T129/><D129/><U47/><E107/><V25/><F25/><W48/><G98/><T62/><D62/><U1/><E76/><V60/><AGARI ba="0,0" hai="5,8,15,46,49,55,56,60,65,72,75,80,81,82" machi="60" ten="30,1500,0" yaku="0,1" doraHai="109" who="2" fromWho="2" sc="172,-5,240,-5,250,15,338,-5" /><INIT seed="2,1,0,1,5,82" ten="167,235,265,333" oya="2" hai0="35,103,116,42,28,53,58,33,5,70,59,105,34" hai1="51,100,119,6,46,3,130,2,65,55,90,133,41" hai2="135,92,110,13,131,57,4,112,40,1,73,134,30" hai3="99,25,88,87,10,86,24,114,50,74,124,60,18"/><V79/><F30/><W7/><G74/><T109/><D70/><U12/><E119/><V56/><F112/><W98/><G114/><T14/><D42/><U11/><E130/><V21/><F131/><W45/><G124/><T84/><D28/><U111/><E133/><N who="2" m="50699" /><F110/><W77/><G77/><T16/><D116/><U93/><E111/><V96/><F40/><N who="3" m="24871" /><G60/><T75/><D75/><U31/><E100/><N who="2" m="60423" /><F21/><N who="3" m="13367" /><G25/><T29/><D5/><U22/><E65/><V71/><F71/><W32/><G32/><T54/><D29/><U122/><E122/><V26/><F26/><W97/><G88/><T91/><D109/><U128/><E128/><V62/><F13/><AGARI ba="1,0" hai="7,10,13,86,87,97,98,99" m="13367,24871" machi="13" ten="30,3900,0" yaku="8,1,52,2" doraHai="82" who="3" fromWho="2" sc="167,0,235,0,265,-42,333,42" /><INIT seed="3,0,0,5,5,57" ten="167,235,223,375" oya="3" hai0="55,94,27,130,84,109,78,74,91,122,43,79,61" hai1="124,8,12,117,63,33,77,14,95,67,111,13,41" hai2="107,5,125,92,36,38,128,83,123,98,108,54,85" hai3="20,47,86,135,28,70,50,90,6,69,18,88,37"/><W133/><G37/><T82/><D122/><U87/><E111/><V72/><F108/><W68/><G28/><T49/><D109/><U32/><E117/><V17/><F123/><W76/><G6/><T58/><D130/><U35/><E124/><V56/><F128/><W9/><G9/><T21/><D74/><U52/><E41/><V22/><F72/><W25/><G76/><T113/><D113/><U0/><E0/><V127/><F107/><W105/><G105/><T99/><D43/><U73/><E73/><V66/><F66/><W97/><G97/><T81/><D81/><U115/><E115/><V19/><F5/><W45/><G90/><T65/><D99/><U39/><E39/><V101/><F36/><W121/><G121/><T64/><D64/><U114/><E114/><V7/><F7/><W100/><G100/><T104/><D104/><U110/><E110/><V1/><F1/><W59/><G59/><N who="0" m="37055" /><D82/><U102/><E102/><V80/><F80/><N who="3" m="49223" /><G50/><T129/><D129/><U46/><E77/><N who="2" m="46319" /><F38/><W34/><G34/><T42/><D42/><U112/><E112/><V89/><F101/><W29/><G29/><AGARI ba="0,0" hai="21,27,29,49,55,58,78,79,84,91,94" m="37055" machi="29" ten="30,2000,0" yaku="8,1,52,1" doraHai="57" who="0" fromWho="3" sc="167,20,235,0,223,0,375,-20" /><INIT seed="4,0,0,1,0,83" ten="187,235,223,355" oya="0" hai0="93,91,51,33,102,99,78,127,48,79,118,47,35" hai1="26,34,45,123,25,98,66,82,29,108,69,112,132" hai2="96,31,62,115,86,8,122,101,58,68,36,11,40" hai3="100,24,2,110,44,94,20,37,43,85,13,10,125"/><T21/><D118/><U63/><E108/><V129/><F122/><W42/><G110/><T116/><D116/><U7/><E123/><V16/><F115/><W119/><G119/><T131/><D131/><U135/><E132/><V130/><F36/><W74/><G74/><T23/><D127/><U4/><E135/><V65/><F40/><W64/><G125/><T117/><D117/><U55/><E26/><V111/><F31/><N who="3" m="17799" /><G37/><T89/><D35/><U30/><E112/><V77/><F111/><W53/><G2/><T107/><D33/><U17/><E30/><V38/><F68/><W50/><G64/><T61/><D61/><U106/><E82/><N who="2" m="47439" /><F38/><W92/><G92/><N who="0" m="56719" /><D107/><U71/><E17/><V28/><F16/><N who="3" m="8247" /><G100/><T134/><D134/><U18/><E18/><V76/><F28/><W60/><G60/><T52/><D51/><U133/><E133/><V121/><F76/><N who="0" m="29226" /><D102/><N who="1" m="62807" /><E69/><V105/><F121/><W81/><G94/><T57/><D47/><U32/><E32/><V128/><AGARI ba="0,0" hai="8,11,58,62,65,96,101,105,128,129,130" m="47439" machi="128" ten="30,2000,0" yaku="19,1,52,1" doraHai="83" who="2" fromWho="2" sc="187,-10,235,-5,223,20,355,-5" /><INIT seed="5,0,0,1,4,51" ten="177,230,243,350" oya="1" hai0="58,5,29,22,17,75,11,68,27,67,122,78,64" hai1="3,7,135,86,87,83,108,97,39,33,35,120,70" hai2="99,85,57,62,42,127,113,88,47,13,123,24,103" hai3="118,6,94,74,0,126,71,65,109,36,32,129,98"/><U115/><E120/><V40/><F123/><W66/><RYUUKYOKU type="yao9" ba="0,0" sc="177,0,230,0,243,0,350,0" hai3="0,6,32,36,65,66,71,74,94,98,109,118,126,129" /><INIT seed="5,1,0,3,5,30" ten="177,230,243,350" oya="1" hai0="48,109,121,96,93,38,62,133,63,129,11,24,106" hai1="6,13,39,35,115,84,74,51,20,27,36,44,28" hai2="67,132,102,71,1,53,43,107,104,34,10,12,29" hai3="103,9,111,114,86,33,55,18,112,42,127,14,117"/><U0/><E74/><V49/><F1/><W99/><G111/><T95/><D109/><U3/><E115/><N who="3" m="44074" /><G127/><T123/><D38/><U68/><E68/><V23/><F23/><W66/><G117/><T118/><D118/><U134/><E134/><V80/><F80/><W17/><G33/><T128/><D106/><U100/><E100/><V37/><F43/><W110/><G110/><T79/><D79/><U15/><E36/><V77/><F77/><W81/><G42/><T60/><D11/><U31/><E39/><V47/><F37/><W101/><G66/><T22/><D48/><U64/><E64/><V91/><F91/><N who="3" m="51663" /><G55/><T21/><D24/><U135/><E84/><V59/><F132/><W46/><G46/><T88/><D95/><U90/><E135/><V7/><F47/><W116/><G116/><T70/><D70/><U78/><E90/><V82/><F82/><W19/><G103/><T72/><D72/><U73/><E3/><V57/><F102/><W65/><G65/><T98/><D133/><U4/><E4/><V40/><F40/><W85/><G85/><T26/><D22/><U69/><E69/><V5/><F5/><W87/><G87/><T105/><D105/><AGARI ba="1,0" hai="9,14,17,18,19,99,101,105" m="51663,44074" machi="105" ten="30,1000,0" yaku="15,1" doraHai="30" who="3" fromWho="0" sc="177,-13,230,0,243,0,350,13" /><INIT seed="6,0,0,3,0,134" ten="164,230,243,363" oya="2" hai0="23,16,47,4,119,40,74,54,97,107,37,52,83" hai1="48,123,80,100,124,62,105,112,92,0,95,41,135" hai2="64,9,110,59,19,30,72,125,45,87,102,65,67" hai3="115,96,66,28,127,61,104,111,34,6,113,93,133"/><V35/><F72/><W114/><G111/><T103/><D4/><U130/><E0/><V116/><F116/><W36/><G133/><T20/><D119/><U84/><E112/><V10/><F35/><W58/><G127/><T63/><D63/><U120/><E135/><V7/><F30/><W26/><G36/><T50/><D37/><U128/><E62/><V68/><F68/><W12/><G104/><T76/><REACH who="0" step="1"/><D23/><REACH who="0" step="2"/><U98/><E41/><V132/><F110/><W27/><G6/><T56/><D56/><U22/><E22/><V39/><F132/><W53/><G66/><T32/><D32/><U38/><E38/><V43/><F67/><W55/><G61/><T2/><D2/><U89/><E48/><V13/><F64/><W15/><G58/><T108/><D108/><U8/><E8/><V126/><F59/><W29/><G114/><T18/><D18/><U73/><E73/><V49/><F65/><W121/><G115/><T71/><D71/><U46/><E46/><V78/><F49/><W122/><G113/><T75/><D75/><U21/><E21/><V94/><F7/><W33/><G34/><T129/><D129/><N who="1" m="49771" /><E124/><N who="2" m="47723" /><F9/><W44/><G33/><T81/><D81/><U77/><E77/><V70/><F78/><W11/><G11/><T5/><D5/><U24/><E24/><AGARI ba="0,1" hai="16,20,24,40,47,50,52,54,74,76,83,97,103,107" machi="24" ten="30,8000,1" yaku="1,1,7,1,54,2,53,1" doraHai="134" doraHaiUra="17" who="0" fromWho="1" sc="154,90,230,-80,243,0,363,0" /><INIT seed="7,0,0,4,3,92" ten="244,150,243,363" oya="3" hai0="11,97,74,40,78,84,62,33,90,126,60,59,46" hai1="25,63,123,88,110,29,129,105,1,71,132,118,7" hai2="79,99,121,115,38,135,130,131,48,12,119,9,96" hai3="85,89,69,125,127,82,0,54,3,31,109,45,70"/><W2/><G31/><T93/><D33/><U10/><E123/><V39/><F79/><W87/><G109/><T94/><D126/><N who="3" m="48137" /><G87/><T65/><D62/><U51/><E110/><V44/><F121/><W64/><G64/><T68/><D11/><U18/><E105/><V55/><F135/><W57/><G45/><T22/><D22/><U20/><E118/><V4/><F119/><W116/><G116/><T114/><D114/><U5/><E129/><N who="2" m="49163" /><F115/><W56/><G56/><T128/><D128/><U66/><E132/><V67/><F67/><W32/><G32/><T26/><D26/><U43/><E7/><V102/><F102/><W13/><G13/><T108/><D78/><U27/><E43/><V8/><F9/><W36/><G36/><AGARI ba="0,0" hai="4,8,12,36,38,39,44,48,55,96,99" m="49163" machi="36" ten="30,3900,0" yaku="19,1,52,2" doraHai="92" who="2" fromWho="3" sc="244,0,150,0,243,39,363,-39" owari="244,-16,150,-35,282,8,324,43" /></mjloggm>