<mjloggm ver="2.3"><GO type="137"/><UN n0="%E6%98%9F%E9%87%8E%E3%83%9F%E3%83%A4%E3%82%B3" n1="%66%75%79%6F%75" n2="%EF%BC%88%E2%89%A7%E2%96%BD%E2%89%A6%EF%BC%89" n3="%E5%A4%A9%E9%87%8E%E4%BF%A1%E8%80%85" dan="11,13,12,12" rate="2026,1720,1996,1936" sx="F,F,M,M"/><TAIKYOKU oya="0"/><INIT seed="0,0,0,2,1,135" ten="250,250,250,250" oya="0" hai0="24,20,63,82,126,122,105,32,1,45,22,74,48" hai1="110,5,89,17,120,6,36,15,70,125,86,41,29" hai2="106,83,101,12,0,40,117,8,109,134,4,90,54" hai3="27,3,76,116,84,35,62,96,99,28,19,75,52"/><T77/><D122/><U130/><E120/><V9/><F134/><W33/><G116/><T34/><D105/><U111/><E130/><V129/><F129/><W131/><G131/><T59/><D1/><U30/><E70/><V42/><F117/><W133/><G133/><T31/><D126/><U115/><E115/><V47/><F109/><N who="1" m="41481" /><E36/><V100/><F54/><W107/><G107/><T68/><D68/><U69/><E69/><V97/><F101/><W37/><G37/><T53/><REACH who="0" step="1"/><D34/><REACH who="0" step="2"/><U58/><E125/><V66/><F106/><W67/><G35/><T39/><D39/><U16/><E41/><AGARI ba="0,1" hai="20,22,24,31,32,41,45,48,53,59,63,74,77,82" machi="41" ten="30,5800,0" yaku="1,1,7,1,53,1" doraHai="135" doraHaiUra="43" who="0" fromWho="1" sc="240,68,250,-58,250,0,250,0" /><INIT seed="0,1,0,3,3,116" ten="308,192,250,250" oya="0" hai0="76,122,41,127,96,119,27,111,12,93,37,40,56" hai1="29,4,115,110,82,15,97,108,31,91,38,36,54" hai2="123,45,124,52,1,13,44,68,53,77,6,113,130" hai3="59,71,99,67,83,62,17,18,66,24,105,20,34"/><T133/><D119/><U51/><E115/><V61/><F113/><W100/><G67/><T26/><D122/><U48/><E4/><V118/><F118/><W3/><G3/><T19/><D127/><U55/><E15/><V95/><F123/><W42/><G42/><N who="0" m="16491" /><D37/><N who="1" m="14443" /><E91/><V106/><F1/><W21/><G83/><T47/><D133/><U107/><E107/><V117/><F117/><W50/><G50/><N who="1" m="18986" /><E82/><V64/><F106/><W57/><REACH who="3" step="1"/><G34/><REACH who="3" step="2"/><T84/><D111/><N who="1" m="42539" /><E97/><V89/><F124/><W85/><G85/><T135/><D84/><U72/><E72/><V73/><F73/><W92/><G92/><T30/><D93/><U121/><E121/><V8/><F95/><W16/><G16/><T43/><D19/><U88/><E88/><V9/><F89/><W86/><G86/><T109/><D43/><U78/><E78/><V81/><F77/><W65/><G65/><T120/><D76/><U39/><N who="1" m="14451" /><U32/><DORA hai="25" /><E32/><V74/><F81/><W23/><G23/><T128/><D96/><U63/><E63/><V101/><F61/><W126/><G126/><T2/><D2/><U102/><E102/><V112/><F101/><W70/><G70/><T98/><D98/><U60/><E60/><V134/><F68/><W58/><G58/><T132/><D56/><U28/><AGARI ba="1,1" hai="28,29,31,54,55" m="42539,18986,14451" machi="28" ten="50,12000,2" yaku="28,2,14,1,52,3" doraHai="116,25" who="1" fromWho="1" sc="308,-61,192,133,250,-31,240,-31" /><INIT seed="1,0,0,0,5,32" ten="247,325,219,209" oya="1" hai0="108,81,42,5,93,123,33,97,116,49,1,88,120" hai1="124,67,119,26,132,40,105,110,126,89,24,135,83" hai2="17,75,72,56,77,43,66,107,13,6,55,39,65" hai3="117,98,86,91,27,111,76,45,53,4,106,74,121"/><U51/><E119/><V23/><F107/><W29/><G121/><N who="0" m="46667" /><D116/><U125/><E105/><V100/><F100/><W41/><G117/><T16/><D33/><U3/><E3/><V134/><F134/><N who="1" m="51241" /><E110/><V30/><F30/><W94/><G111/><T112/><D112/><U109/><E109/><V122/><F122/><W34/><G53/><T63/><D108/><U7/><E7/><V50/><F6/><W38/><G106/><T104/><D104/><U46/><E67/><V82/><REACH who="2" step="1"/><F75/><REACH who="2" step="2"/><W114/><G114/><T2/><D5/><U129/><E129/><V96/><F96/><W25/><G98/><T35/><D35/><U102/><E102/><V85/><F85/><AGARI ba="0,1" hai="24,26,40,46,51,83,85,89,124,125,126" m="51241" machi="85" ten="40,3900,0" yaku="18,1,20,1" doraHai="32" who="1" fromWho="2" sc="247,0,325,49,209,-39,209,0" /><INIT seed="1,1,0,4,2,31" ten="247,374,170,209" oya="1" hai0="112,56,10,85,107,41,20,83,91,66,23,40,88" hai1="47,37,30,126,4,97,128,53,63,125,135,51,84" hai2="68,123,62,52,13,58,81,26,82,60,15,111,8" hai3="100,108,106,44,117,49,45,103,124,122,73,110,130"/><U101/><E135/><V129/><F123/><W18/><G18/><T132/><D112/><U78/><E128/><V3/><F129/><W2/><G2/><T29/><D132/><U116/><E116/><V21/><F111/><W43/><G45/><T1/><D107/><U5/><E30/><V118/><F118/><W70/><G70/><T119/><D119/><U74/><E74/><V39/><F39/><W24/><G130/><T80/><D1/><U96/><E78/><V102/><F102/><W35/><G122/><T90/><D10/><U34/><E34/><V14/><F68/><W59/><G73/><T131/><D131/><U54/><E84/><V32/><F32/><W57/><G124/><N who="1" m="47722" /><E101/><N who="3" m="38986" /><G106/><T16/><D29/><U19/><E19/><V86/><F62/><W38/><G117/><T12/><D23/><U133/><E133/><V120/><F120/><W72/><G72/><T77/><REACH who="0" step="1"/><D83/><REACH who="0" step="2"/><U121/><E121/><V17/><REACH who="2" step="1"/><F86/><REACH who="2" step="2"/><W134/><G134/><T7/><D7/><AGARI ba="1,2" hai="3,7,8,13,14,15,17,21,26,52,58,60,81,82" machi="7" ten="40,8000,1" yaku="1,1,2,1,54,1,53,1" doraHai="31" doraHaiUra="55" who="2" fromWho="0" sc="237,-83,374,0,160,103,209,0" /><INIT seed="2,0,0,5,3,134" ten="154,374,263,209" oya="2" hai0="1,73,13,15,51,43,16,82,7,67,132,81,108" hai1="10,130,46,80,131,3,61,88,133,58,103,70,102" hai2="47,92,107,121,64,128,109,112,99,127,54,110,4" hai3="29,41,113,2,30,35,53,0,6,38,68,79,101"/><V119/><F119/><W98/><G113/><T117/><D132/><U56/><E133/><V32/><F112/><W8/><G53/><T96/><D117/><U100/><E70/><V31/><F121/><W104/><G30/><T89/><D67/><U34/><E34/><V44/><F107/><W75/><G68/><T135/><D135/><U83/><E61/><V94/><F128/><N who="1" m="49193" /><E46/><N who="2" m="17451" /><F4/><W93/><G93/><T18/><D73/><U84/><E3/><V87/><F64/><W114/><G114/><T33/><D81/><N who="1" m="49167" /><E10/><V21/><F32/><W118/><G118/><T28/><D96/><U74/><E74/><V116/><F116/><W90/><G29/><T36/><D43/><U14/><E14/><V129/><F129/><W125/><G90/><T111/><D89/><U78/><E78/><V120/><F120/><W105/><G105/><T12/><D36/><U17/><E17/><N who="0" m="6761" /><D51/><U9/><E9/><V69/><F69/><W95/><G35/><T122/><D122/><U49/><E49/><V76/><F99/><W48/><G48/><T60/><D60/><U22/><E22/><V52/><F21/><W5/><G38/><T55/><D55/><N who="2" m="21034" /><F31/><W124/><G41/><T66/><D66/><U115/><E115/><V50/><F50/><W19/><G104/><T42/><D42/><U65/><E65/><V27/><F76/><W126/><G79/><T37/><D37/><U85/><E85/><V106/><F87/><W25/><G75/><T86/><D86/><U123/><E123/><V23/><F106/><W40/><G40/><T39/><D39/><U11/><E11/><RYUUKYOKU ba="0,0" sc="154,-10,374,30,263,-10,209,-10" hai1="56,58,80,83,100,102,103" /><INIT seed="3,1,0,1,3,109" ten="144,404,253,199" oya="3" hai0="85,91,120,101,75,57,23,12,3,103,44,128,98" hai1="25,27,100,13,49,21,52,131,36,97,77,130,53" hai2="51,14,90,115,121,76,64,95,68,41,89,66,83" hai3="18,47,11,63,71,26,4,69,110,105,16,19,20"/><W119/><G119/><T43/><D120/><U126/><E36/><V28/><F121/><W65/><G105/><T60/><D3/><U32/><E126/><V94/><F115/><W31/><G110/><T1/><D128/><N who="1" m="49195" /><E77/><V118/><F118/><W73/><G73/><T29/><D1/><U0/><E0/><V125/><F125/><W117/><G117/><T35/><D35/><U10/><E32/><V123/><F123/><W92/><G11/><T50/><D75/><U99/><E100/><V82/><F28/><W2/><G2/><T72/><D72/><U96/><E49/><V104/><F104/><W113/><G4/><T114/><D114/><U129/><N who="1" m="49203" /><U61/><DORA hai="24" /><E61/><V48/><F14/><W17/><G113/><T107/><D101/><U8/><E21/><V81/><F76/><W38/><G71/><T122/><D122/><U56/><E56/><V108/><F108/><W33/><G47/><T116/><D116/><U70/><E70/><V62/><F41/><W78/><G78/><T79/><D79/><U93/><E93/><N who="2" m="35339" /><F68/><W133/><G133/><T37/><D37/><U15/><E15/><V58/><F64/><W6/><G38/><T7/><D12/><U5/><E5/><V42/><F42/><W102/><G6/><T135/><D7/><U124/><E124/><V80/><F90/><W34/><N who="3" m="4608" /><DORA hai="106" /><W46/><REACH who="3" step="1"/><G46/><REACH who="3" step="2"/><T134/><D134/><U59/><E59/><V111/><F111/><W30/><G30/><T74/><D135/><U87/><E13/><V86/><AGARI ba="1,1" hai="48,51,58,62,66,80,81,82,83,86,89" m="35339" machi="86" ten="30,1100,0" yaku="8,1" doraHai="109,24,106" who="2" fromWho="2" sc="144,-4,404,-4,253,24,189,-6" /><INIT seed="4,0,0,2,3,3" ten="140,400,277,183" oya="0" hai0="125,90,108,82,113,77,46,24,74,6,41,59,15" hai1="54,133,106,134,68,8,84,57,119,27,126,1,16" hai2="23,104,102,71,40,117,19,115,124,28,127,34,44" hai3="67,101,39,9,72,81,17,36,79,12,135,103,76"/><T109/><D113/><U32/><E119/><V60/><F115/><W38/><G135/><N who="1" m="51722" /><E106/><V118/><F19/><W53/><G79/><T131/><D131/><U31/><E68/><V37/><F23/><W2/><G2/><T56/><D125/><N who="2" m="48202" /><F102/><W66/><REACH who="3" step="1"/><G53/><REACH who="3" step="2"/><T42/><D24/><U105/><E126/><V95/><F118/><W111/><G111/><N who="0" m="42571" /><D42/><U13/><E1/><V99/><F117/><W55/><G55/><T93/><D15/><U10/><E105/><V47/><F104/><W49/><G49/><N who="0" m="26831" /><D6/><U20/><E84/><AGARI ba="0,1" hai="56,59,74,77,82,84,90,93" m="26831,42571" machi="84" ten="30,1500,0" yaku="10,1" doraHai="3" who="0" fromWho="1" sc="140,25,400,-15,277,0,173,0" /><INIT seed="4,1,0,1,2,20" ten="165,385,277,173" oya="0" hai0="45,36,15,6,0,79,12,101,115,18,30,17,61" hai1="104,95,129,4,1,51,84,56,38,103,92,127,43" hai2="34,3,93,91,126,64,60,123,73,39,67,27,99" hai3="132,44,108,7,114,19,72,121,57,33,97,46,133"/><T106/><D115/><U119/><E119/><V77/><F123/><W88/><G121/><T89/><D79/><U35/><E129/><V13/><F126/><W11/><G114/><T69/><D30/><U28/><E127/><V37/><F3/><W86/><G72/><T62/><D0/><U14/><E104/><V118/><F118/><W41/><G108/><T70/><D106/><U107/><E107/><V76/><F13/><W117/><G97/><T23/><D101/><U25/><E38/><V111/><F111/><W9/><G117/><T113/><D113/><U81/><E1/><V135/><F135/><W96/><G96/><T48/><D36/><U130/><E130/><V49/><F49/><W122/><G122/><T65/><D6/><U131/><E131/><V80/><F77/><W110/><G110/><T109/><D89/><U31/><E103/><V52/><F67/><W68/><G68/><T5/><D5/><U63/><E51/><V125/><F125/><W16/><G7/><T83/><D83/><U50/><E50/><V10/><F10/><N who="3" m="3595" /><G57/><T85/><D109/><U26/><E43/><V128/><F128/><W102/><G41/><N who="0" m="24623" /><D85/><U66/><E14/><N who="0" m="5161" /><D23/><U59/><E59/><V134/><F39/><W71/><G102/><T105/><D105/><U47/><E47/><N who="3" m="17962" /><G33/><T78/><D78/><U90/><E4/><V54/><F37/><W8/><N who="3" m="3603" /><W112/><DORA hai="21" /><G112/><T40/><D40/><U124/><E124/><V100/><F100/><W116/><G116/><T42/><D42/><U120/><E120/><V74/><F76/><W29/><G29/><RYUUKYOKU ba="1,0" sc="165,15,385,15,277,-15,173,-15" hai0="17,18,61,62,65,69,70" hai1="25,26,28,31,35,56,63,66,81,84,90,92,95" /><INIT seed="4,2,0,3,0,80" ten="180,400,262,158" oya="0" hai0="132,67,55,108,49,40,7,52,2,71,53,110,34" hai1="46,35,36,42,107,10,23,127,116,118,9,105,25" hai2="112,133,57,96,44,93,77,129,76,5,98,6,117" hai3="56,11,113,85,135,50,3,97,124,21,92,103,86"/><T15/><D34/><U70/><E127/><V54/><F133/><W123/><G123/><T63/><D2/><U72/><E72/><V45/><F129/><W121/><G121/><T19/><D7/><N who="2" m="2570" /><F112/><W12/><G3/><T28/><D28/><U120/><E120/><V111/><F111/><N who="0" m="42538" /><D19/><U14/><E70/><V104/><F104/><W114/><G135/><T101/><D132/><U109/><E109/><V8/><F8/><W115/><G124/><T26/><D26/><U59/><E107/><V48/><F117/><W32/><G21/><T4/><D15/><U90/><E105/><V64/><F98/><W18/><G32/><T39/><D4/><U73/><E73/><V41/><F64/><W106/><G106/><T91/><D101/><U61/><E35/><V33/><F33/><W122/><G122/><T47/><D91/><U102/><E102/><N who="2" m="60687" /><F44/><AGARI ba="2,0" hai="39,40,44,47,49,52,53,55,63,67,71" m="42538" machi="44" ten="30,11600,0" yaku="10,1,34,2,54,1" doraHai="80" who="0" fromWho="2" sc="180,122,400,0,262,-122,158,0" /><INIT seed="4,3,0,4,2,84" ten="302,400,140,158" oya="0" hai0="79,63,116,0,56,103,89,120,1,30,55,73,67" hai1="128,35,132,62,8,133,105,64,94,9,29,81,115" hai2="15,70,123,85,100,57,93,27,38,18,20,87,80" hai3="134,72,135,108,98,45,54,33,92,117,11,119,130"/><T77/><D116/><U125/><E105/><V28/><F123/><W66/><G72/><T71/><D120/><U43/><E128/><V12/><F70/><W95/><G33/><T127/><D103/><U16/><E125/><V109/><F38/><W5/><G66/><T61/><D127/><U131/><E131/><V104/><F109/><W74/><G74/><T111/><D111/><U90/><E115/><V34/><F104/><W88/><G130/><T51/><D30/><U91/><E35/><V17/><F57/><W99/><G108/><T75/><D89/><U121/><E121/><V53/><F53/><W52/><G117/><T4/><D61/><U49/><E29/><V24/><F17/><W21/><G119/><T126/><D126/><U47/><E81/><V22/><F34/><W2/><G21/><T113/><D113/><U41/><E94/><V40/><F40/><W13/><G2/><T112/><D112/><U42/><E9/><V48/><F48/><W7/><G7/><T69/><D69/><U102/><E102/><V107/><F107/><W106/><G106/><T58/><D71/><U60/><E64/><V129/><F129/><W122/><G122/><T36/><D36/><U97/><E97/><N who="2" m="59439" /><F87/><W25/><G25/><T6/><D73/><U78/><E78/><AGARI ba="3,0" hai="12,15,18,20,22,24,27,28,78,80,85" m="59439" machi="78" ten="30,1000,0" yaku="8,1" doraHai="84" who="2" fromWho="1" sc="302,0,400,-19,140,19,158,0" /><INIT seed="5,0,0,4,1,129" ten="302,381,159,158" oya="1" hai0="51,104,31,1,34,52,20,17,9,111,61,114,133" hai1="81,3,39,26,107,118,8,68,55,43,2,90,91" hai2="15,11,71,97,28,84,87,101,85,30,79,99,70" hai3="27,96,32,122,24,35,29,66,112,0,108,82,10"/><U5/><E118/><V106/><F79/><W67/><G122/><T40/><D111/><U57/><E107/><V47/><F47/><W92/><G112/><T105/><D114/><U65/><E68/><V76/><F76/><W95/><G108/><T21/><D133/><U124/><E124/><V16/><REACH who="2" step="1"/><F97/><REACH who="2" step="2"/><W19/><G96/><T22/><D104/><U37/><E37/><V50/><F50/><W54/><G82/><T33/><D51/><U77/><E39/><V74/><F74/><W98/><G95/><T23/><D105/><U73/><E73/><V42/><F42/><W7/><G92/><T44/><D44/><U89/><E43/><V109/><F109/><W103/><G98/><T41/><D41/><U134/><E134/><V115/><F115/><W126/><G126/><T117/><D40/><U113/><E113/><V110/><F110/><W58/><G103/><T125/><D125/><U116/><E116/><V130/><F130/><W6/><G6/><T128/><D117/><U48/><E77/><V72/><F72/><W63/><REACH who="3" step="1"/><G19/><REACH who="3" step="2"/><T75/><D17/><U36/><E81/><V12/><F12/><W59/><G59/><T45/><D128/><U46/><E57/><V127/><F127/><W13/><G13/><T4/><D75/><U119/><E119/><V131/><F131/><W102/><G102/><T78/><D1/><U120/><E2/><V64/><F64/><W69/><G69/><AGARI ba="0,2" hai="11,15,16,28,30,69,70,71,84,85,87,99,101,106" machi="69" ten="40,5200,0" yaku="1,1,54,1,53,1" doraHai="129" doraHaiUra="100" who="2" fromWho="3" sc="302,0,381,0,149,72,148,-52" /><INIT seed="6,0,0,5,3,32" ten="302,381,221,96" oya="2" hai0="52,89,103,112,47,35,9,74,1,21,119,12,104" hai1="57,20,2,83,120,46,13,113,118,31,19,88,67" hai2="36,38,65,77,116,27,62,24,70,84,8,54,128" hai3="56,109,10,5,45,11,105,78,15,111,121,91,93"/><V23/><F116/><W114/><G121/><T135/><D35/><U7/><E118/><V22/><F128/><W75/><G105/><T39/><D119/><U102/><E120/><V37/><F54/><W101/><G114/><T134/><D112/><U40/><E113/><V131/><F131/><W55/><G111/><T100/><D74/><U73/><E102/><V99/><F99/><W129/><G109/><T50/><D104/><U18/><E7/><V98/><F98/><W17/><G129/><T117/><D117/><U123/><E123/><V115/><F115/><W60/><G78/><T122/><D122/><U26/><E2/><V43/><F43/><W130/><G130/><T59/><D21/><U14/><E14/><V61/><F61/><W76/><G76/><T63/><D39/><U34/><E34/><V28/><F8/><W92/><G75/><T79/><D89/><U41/><E13/><V94/><F77/><W48/><G101/><T25/><D79/><U133/><E133/><N who="0" m="50697" /><D25/><U33/><E33/><V126/><F126/><W6/><G91/><T3/><D103/><U29/><E29/><V127/><F127/><W71/><G71/><T44/><D100/><U125/><E125/><V95/><REACH who="2" step="1"/><F84/><REACH who="2" step="2"/><W124/><G124/><T80/><D63/><N who="1" m="38383" /><E41/><V107/><F107/><W42/><G10/><T53/><D53/><U51/><E73/><V72/><F72/><W68/><G68/><T49/><D9/><U64/><E64/><V82/><F82/><W86/><G86/><AGARI ba="0,1" hai="18,19,20,26,31,40,46,51,83,86,88" m="38383" machi="86" ten="30,2000,0" yaku="8,1,54,1" doraHai="32" who="1" fromWho="3" sc="302,0,381,30,211,0,96,-20" /><INIT seed="7,0,0,0,2,38" ten="302,411,211,76" oya="3" hai0="52,5,48,123,37,66,90,0,99,14,42,33,96" hai1="120,114,135,13,89,65,60,31,61,112,59,77,49" hai2="129,104,10,58,131,21,24,116,11,1,78,88,20" hai3="3,84,19,103,125,9,23,12,57,91,55,41,16"/><W27/><G3/><T115/><D123/><U113/><E120/><V63/><F116/><W94/><G125/><T108/><D108/><U79/><E135/><V82/><F104/><W6/><G103/><T36/><D33/><U134/><E134/><V81/><F88/><W117/><G117/><T127/><D127/><U71/><E49/><V40/><F40/><W105/><G105/><T122/><D122/><U132/><E132/><V62/><F1/><W109/><G109/><T102/><D0/><U64/><E31/><N who="2" m="17799" /><F21/><W53/><G53/><T54/><D90/><U80/><E13/><V51/><F51/><W107/><G107/><T29/><D29/><U26/><E26/><V73/><F81/><W4/><REACH who="3" step="1"/><G41/><REACH who="3" step="2"/><T92/><D42/><U2/><E2/><V74/><F129/><W25/><G25/><T98/><D54/><U95/><E80/><V68/><F131/><W121/><G121/><T45/><D115/><U106/><E106/><V111/><F82/><W75/><G75/><T46/><D66/><U39/><E114/><V85/><F111/><W18/><G18/><T76/><D52/><U67/><E67/><N who="2" m="41079" /><F74/><W93/><G93/><T34/><D92/><U7/><E95/><V50/><F73/><W110/><G110/><T126/><D126/><U32/><E65/><V15/><F15/><W72/><G72/><T119/><D14/><U8/><E113/><V86/><F78/><W43/><G43/><T47/><D76/><U30/><E79/><V44/><F58/><W28/><G28/><T101/><D119/><U100/><E112/><V69/><F69/><RYUUKYOKU ba="0,1" sc="302,-10,411,-10,211,-10,66,30" hai3="4,6,9,12,16,19,23,27,55,57,84,91,94" /><INIT seed="7,1,1,4,2,16" ten="292,401,201,96" oya="3" hai0="63,6,74,114,112,105,25,78,89,94,8,55,80" hai1="29,5,129,0,47,98,76,73,95,27,50,12,91" hai2="11,28,108,97,70,132,83,101,22,87,88,44,43" hai3="110,62,60,81,82,84,79,7,121,116,111,10,85"/><W57/><G121/><T38/><D38/><U61/><E129/><V123/><F108/><W69/><G116/><T46/><D25/><U102/><E0/><V45/><F123/><W96/><G69/><T36/><D36/><U133/><E133/><V92/><F132/><W49/><G49/><T26/><D26/><U24/><E73/><V107/><F70/><W13/><G96/><N who="0" m="57423" /><D63/><U37/><E76/><V58/><F11/><W40/><G111/><T35/><D35/><U52/><E29/><V14/><F107/><W1/><G110/><T75/><D46/><U17/><E5/><V104/><F104/><W113/><G113/><N who="0" m="43627" /><D55/><U34/><E34/><V125/><F125/><W23/><G40/><T51/><D51/><U122/><E122/><V3/><F3/><W2/><G2/><N who="0" m="87" /><D105/><U59/><E37/><V33/><F43/><W118/><G118/><T126/><D126/><U93/><E93/><V119/><F119/><W54/><G1/><T115/><N who="0" m="43635" /><T53/><DORA hai="109" /><D53/><N who="1" m="34031" /><E102/><V131/><F33/><W72/><G72/><AGARI ba="1,1" hai="72,74,75,78,80" m="87,43635,57423" machi="72" ten="40,12000,2" yaku="15,1,11,1,52,4" doraHai="16,109" who="0" fromWho="3" sc="292,133,401,0,201,0,96,-123" owari="425,53,401,20,201,-20,-27,-53" /></mjloggm>