<mjloggm ver="2.3"><GO type="41"/><UN n0="%E7%89%B9%E4%B8%8A%E3%81%B8%E3%81%AE%E9%81%93" n1="%E3%82%A6%E3%83%AB%E3%83%88%E3%83%A9%E7%AB%8B%E7%9B%B4" n2="%67%65%70%70%65%72%6B" n3="%E3%83%AD%E3%83%B3%E3%81%A1%E3%82%83%E3%82%93" dan="14,15,13,16" rate="2044,1995,1955,2071" sx="M,M,M,M"/><TAIKYOKU oya="0"/><INIT seed="0,0,0,2,1,45" ten="250,250,250,250" oya="0" hai0="104,117,6,85,103,56,12,78,121,57,37,31,114" hai1="93,77,40,2,128,47,74,119,66,133,27,42,9" hai2="59,89,75,134,60,43,15,0,68,70,29,76,4" hai3="21,3,132,90,65,72,109,98,80,46,53,127,28"/><T84/><D121/><U52/><E119/><V34/><F134/><W106/><G3/><T19/><D117/><U30/><E133/><V16/><F0/><W35/><G65/><T55/><D37/><U81/><E128/><V112/><F4/><W58/><G132/><T131/><D114/><U100/><E66/><V13/><F112/><W62/><G35/><T8/><D131/><U23/><E100/><V54/><F76/><W96/><G46/><T33/><D57/><U48/><REACH who="1" step="1"/><E93/><REACH who="1" ten="250,240,250,250" step="2"/><V10/><F70/><W14/><G106/><T69/><D104/><U73/><E73/><V86/><F68/><W5/><G72/><T39/><D103/><U87/><E87/><V38/><F75/><W108/><G96/><T124/><D69/><U88/><E88/><V120/><F86/><W111/><G98/><T116/><D116/><U25/><E25/><V113/><F89/><W82/><G90/><T126/><D78/><U122/><E122/><V1/><F120/><W51/><G127/><N who="0" m="48683" /><D6/><AGARI ba="0,1" hai="2,6,9,23,27,30,40,42,47,48,52,74,77,81" machi="6" ten="40,5200,0" yaku="1,1,52,1,54,1,53,0" doraHai="45" doraHaiUra="67" who="1" fromWho="0" sc="250,-52,240,62,250,0,250,0" /><INIT seed="1,0,0,2,0,84" ten="198,302,250,250" oya="1" hai0="17,109,64,86,41,30,27,36,48,28,88,69,116" hai1="43,5,10,20,83,33,111,110,4,22,123,134,37" hai2="112,9,76,103,56,90,7,81,66,68,91,40,49" hai3="92,72,25,51,85,100,46,52,44,26,14,125,63"/><U82/><E43/><V21/><F68/><W13/><G72/><T47/><D116/><U127/><E37/><V104/><F103/><W24/><G125/><T80/><D109/><N who="1" m="41483" /><E33/><V1/><F104/><W101/><G63/><T67/><D36/><U6/><E123/><V128/><F21/><N who="1" m="8297" /><E127/><V106/><F128/><W114/><G114/><T120/><D120/><U95/><E10/><V73/><F106/><W53/><G85/><N who="0" m="50215" /><D69/><U96/><E134/><V38/><F112/><W65/><G65/><N who="0" m="25163" /><D17/><U98/><E95/><V42/><F38/><W79/><G92/><T124/><D124/><U12/><E12/><N who="3" m="4714" /><G79/><T93/><D27/><U74/><E74/><V71/><F71/><W78/><G78/><T102/><D86/><U15/><E15/><V70/><F70/><W32/><G32/><T35/><D35/><U87/><E87/><V59/><F59/><W55/><G51/><T54/><D41/><U77/><E77/><V99/><F99/><AGARI ba="0,0" hai="28,30,47,48,54,93,99,102" m="25163,50215" machi="99" ten="30,3900,0" yaku="8,1,52,1,54,1" doraHai="84" who="0" fromWho="2" sc="198,39,302,0,250,-39,250,0" /><AGARI ba="0,0" hai="4,5,6,82,83,96,98,99" m="8297,41483" machi="99" ten="40,12000,1" yaku="28,2,14,1,10,1" doraHai="84" who="1" fromWho="2" sc="237,0,302,120,211,-120,250,0" /><INIT seed="1,1,0,4,1,40" ten="237,422,91,250" oya="1" hai0="84,105,94,78,62,129,16,76,39,111,85,21,9" hai1="18,14,4,100,113,50,60,27,96,89,67,69,88" hai2="45,83,30,101,31,34,70,82,26,46,25,122,64" hai3="43,0,47,28,104,59,75,56,68,134,53,36,38"/><U65/><E113/><V23/><F122/><W109/><G104/><T13/><D105/><U29/><E67/><V72/><F101/><W120/><G0/><T119/><D119/><U49/><E4/><V86/><F72/><W121/><G75/><T48/><D39/><U33/><E50/><V74/><F74/><W10/><G28/><T126/><D129/><U54/><E14/><V90/><REACH who="2" step="1"/><F83/><REACH who="2" ten="237,422,81,250" step="2"/><W102/><G102/><T123/><D123/><U11/><E11/><V115/><F115/><W17/><G121/><T98/><D126/><U12/><E12/><V130/><F130/><W127/><G120/><T116/><D116/><U118/><E118/><V77/><F77/><W71/><G127/><T132/><D76/><U107/><E18/><V5/><F5/><W87/><G17/><T41/><D78/><U97/><E97/><V79/><F79/><W131/><G10/><T91/><D9/><U22/><E22/><V114/><F114/><W117/><G131/><T51/><D98/><U58/><AGARI ba="1,1" hai="27,29,33,49,54,58,60,65,69,88,89,96,100,107" machi="58" ten="20,12000,1" yaku="0,1,7,1,25,2,54,1" doraHai="40" who="1" fromWho="1" sc="237,-41,422,133,81,-41,250,-41" /><INIT seed="1,2,0,4,3,35" ten="196,555,40,209" oya="1" hai0="118,59,115,127,18,30,26,91,121,122,9,20,85" hai1="4,51,111,42,75,77,38,58,47,132,113,102,79" hai2="48,2,98,81,8,52,90,5,105,62,10,23,135" hai3="16,32,21,53,13,60,29,69,76,27,24,57,54"/><U64/><E113/><V100/><F135/><W88/><G69/><T0/><D115/><U93/><E132/><V125/><F62/><W110/><G110/><T70/><D70/><U128/><E128/><V6/><F125/><W101/><G101/><T1/><D118/><U44/><E111/><V28/><F23/><W37/><G37/><T46/><D127/><U106/><E106/><V92/><F28/><W99/><G76/><T83/><D46/><U49/><E75/><V95/><F81/><W36/><G36/><T78/><D78/><U25/><E38/><V94/><F105/><W3/><G54/><T82/><D82/><U15/><E25/><V43/><F100/><W107/><G107/><T117/><D117/><U14/><E58/><V63/><F63/><W40/><G13/><N who="0" m="7471" /><D59/><U41/><E64/><V119/><F43/><W129/><G40/><T39/><D39/><U108/><E108/><V56/><F119/><W34/><G34/><T87/><D87/><U68/><E68/><V130/><F130/><W72/><G72/><T50/><D50/><U96/><E4/><V86/><REACH who="2" step="1"/><F98/><REACH who="2" ten="196,555,30,209" step="2"/><W55/><G129/><T84/><D85/><U104/><E104/><V17/><F17/><W31/><G31/><T45/><D45/><U22/><E79/><V65/><F65/><W103/><G103/><T126/><D126/><U97/><E77/><V114/><F114/><W66/><G66/><T133/><D133/><U80/><E80/><V112/><F112/><W89/><G99/><T120/><AGARI ba="2,1" hai="0,1,20,26,30,83,84,91,120,121,122" m="7471" machi="120" ten="30,4000,0" yaku="13,1,52,2" doraHai="35" who="0" fromWho="0" sc="196,56,555,-22,30,-12,209,-12" /><INIT seed="2,0,0,0,2,104" ten="252,533,18,197" oya="2" hai0="57,119,9,16,54,11,81,19,97,41,118,127,122" hai1="89,98,48,112,65,78,14,95,120,124,40,116,114" hai2="30,38,27,39,34,91,69,33,121,2,130,35,99" hai3="79,133,49,80,6,28,131,10,68,92,76,3,70"/><V100/><F91/><W106/><G92/><T13/><D122/><U108/><E116/><N who="0" m="44585" /><D127/><U63/><E78/><V36/><F121/><W17/><G79/><T85/><D41/><U115/><E124/><V1/><F130/><W56/><G28/><T64/><D64/><U31/><E120/><V111/><F111/><W66/><G17/><N who="0" m="8367" /><D97/><U29/><E108/><V84/><F84/><W86/><G106/><T96/><D96/><U26/><E14/><V5/><F69/><W50/><G131/><T22/><D11/><U53/><E40/><V20/><F20/><W62/><G133/><T46/><D46/><U129/><E129/><V102/><F5/><W0/><G0/><T12/><D19/><U8/><E8/><V125/><F125/><W44/><G50/><T58/><D54/><AGARI ba="0,0" hai="3,6,10,44,49,54,56,62,66,68,70,76,80,86" machi="54" ten="30,1000,0" yaku="7,1" doraHai="104" who="3" fromWho="0" sc="252,-10,533,0,18,0,197,10" /><INIT seed="3,0,0,3,0,40" ten="242,533,18,207" oya="3" hai0="1,67,29,94,5,25,17,9,56,133,102,117,104" hai1="107,122,74,126,30,37,103,22,98,82,131,75,109" hai2="34,73,97,32,21,120,62,23,110,92,72,81,36" hai3="16,51,96,42,93,54,46,33,111,86,3,35,112"/><W65/><G3/><T52/><D117/><U41/><E22/><V20/><F36/><W48/><G112/><T108/><D133/><U0/><E30/><V55/><F110/><W80/><G111/><T28/><D108/><U123/><E109/><V69/><F120/><W89/><G65/><T113/><D104/><U39/><E39/><V115/><F115/><W64/><G64/><T106/><D106/><U31/><E31/><V19/><F19/><W10/><G10/><T95/><D67/><U8/><E126/><V4/><F4/><W71/><G71/><T125/><D125/><U15/><E15/><V26/><F26/><W129/><G16/><T60/><D113/><U47/><E131/><V90/><F69/><W85/><G85/><T45/><D17/><U43/><E43/><V57/><REACH who="2" step="1"/><F81/><REACH who="2" ten="242,533,8,207" step="2"/><W79/><REACH who="3" step="1"/><G129/><REACH who="3" ten="242,533,8,197" step="2"/><T116/><D116/><U50/><E8/><V101/><F101/><W49/><G49/><N who="0" m="28719" /><D102/><U6/><E50/><V128/><F128/><W130/><G130/><T135/><D135/><U68/><E68/><V2/><F2/><W124/><G124/><T83/><D1/><U84/><E0/><V58/><F58/><AGARI ba="0,2" hai="33,35,42,46,48,51,54,58,79,80,86,89,93,96" machi="58" ten="30,5800,0" yaku="1,1,7,1,52,1,53,0" doraHai="40" doraHaiUra="132" who="3" fromWho="2" sc="242,0,533,0,8,-58,197,78" owari="242,-16.0,533,63.0,-50,-55.0,275,8.0" /></mjloggm>