<mjloggm ver="2.3"><GO type="41"/><UN n0="%63%31%6B" n1="%E3%81%82%E3%81%84%E3%81%BF" n2="%E3%82%A6%E3%83%AB%E3%83%88%E3%83%A9%E7%AB%8B%E7%9B%B4" n3="%73%68%69%6E%6B%61%77%61" dan="13,16,15,15" rate="1930,1990,1974,2059" sx="F,F,M,M"/><TAIKYOKU oya="0"/><INIT seed="0,0,0,2,5,31" ten="250,250,250,250" oya="0" hai0="58,24,10,33,110,107,94,32,96,2,75,131,18" hai1="106,77,83,123,115,90,70,130,95,52,122,134,118" hai2="81,111,91,67,100,113,127,37,60,25,114,49,133" hai3="132,87,63,124,120,11,7,13,66,61,12,98,119"/><T59/><D75/><U21/><E70/><V29/><F37/><W72/><G119/><T26/><D107/><U125/><E106/><V135/><F91/><W50/><G72/><T22/><D131/><U99/><E118/><V44/><F81/><W74/><G74/><T103/><D24/><U93/><E130/><V57/><F100/><W80/><G120/><T85/><D110/><U40/><E40/><V86/><F86/><W128/><G124/><T6/><REACH who="0" step="1"/><D85/><REACH who="0" ten="240,250,250,250" step="2"/><U121/><E123/><V112/><F111/><W129/><G87/><T102/><D102/><U46/><E122/><V82/><F127/><W27/><G27/><T48/><D48/><U117/><E125/><V4/><F112/><W41/><G50/><T1/><D1/><U89/><E115/><V16/><F113/><W34/><G129/><T69/><D69/><U126/><E126/><V19/><F114/><W105/><G128/><T97/><D97/><U28/><E99/><V71/><F71/><W65/><G105/><T109/><D109/><U73/><E73/><V38/><F49/><W108/><G98/><T39/><D39/><U56/><E121/><V15/><F38/><W30/><G108/><T35/><AGARI ba="0,1" hai="2,6,10,18,22,26,32,33,35,58,59,94,96,103" machi="35" ten="30,18000,2" yaku="1,1,0,1,52,3,53,1" doraHai="31" doraHaiUra="3" who="0" fromWho="0" sc="240,190,250,-60,250,-60,250,-60" /><INIT seed="0,1,0,4,2,99" ten="430,190,190,190" oya="0" hai0="27,115,11,83,68,41,131,38,119,33,125,67,10" hai1="95,15,73,123,92,102,96,48,2,30,122,6,127" hai2="58,14,60,70,104,120,26,0,56,111,65,86,64" hai3="29,78,66,35,72,94,97,42,89,84,21,112,12"/><T76/><D115/><U54/><E73/><V20/><F0/><W106/><G112/><T109/><D119/><U18/><E127/><V55/><F120/><W62/><G42/><T32/><D125/><U108/><E30/><V132/><F70/><W53/><G35/><T101/><D68/><U59/><E108/><V71/><F71/><W57/><G72/><T103/><D67/><U81/><E81/><V98/><F111/><W129/><G129/><T91/><D109/><U22/><REACH who="1" step="1"/><E95/><REACH who="1" ten="430,180,190,190" step="2"/><V126/><F126/><W130/><G130/><T36/><D83/><U77/><E77/><V110/><F110/><W51/><G78/><T113/><D113/><U40/><E40/><V133/><F104/><W107/><G106/><T46/><D131/><U82/><E82/><V61/><F132/><W88/><G29/><T135/><D135/><U116/><E116/><V39/><F133/><W114/><G114/><T28/><D28/><U34/><E34/><V19/><F39/><W74/><G74/><T43/><D76/><U75/><E75/><V47/><F64/><W100/><G66/><T87/><D91/><U7/><E7/><V118/><F118/><W85/><G89/><T128/><D128/><U23/><E23/><V9/><F65/><W69/><G69/><T49/><D87/><U63/><E63/><V5/><F86/><N who="3" m="52503" /><G62/><N who="2" m="24169" /><F58/><W52/><G53/><T37/><D37/><U93/><E93/><V1/><F56/><W17/><AGARI ba="1,1" hai="12,17,21,51,52,57,84,85,97,100,107" m="52503" machi="17" ten="30,7900,0" yaku="25,1,52,1,54,2" doraHai="99" who="3" fromWho="3" sc="430,-40,180,-21,190,-21,190,92" /><INIT seed="1,0,0,5,5,128" ten="390,159,169,282" oya="1" hai0="77,87,109,78,126,37,10,65,81,95,7,131,103" hai1="82,20,119,57,46,47,53,50,116,91,23,30,110" hai2="130,93,66,21,113,72,41,34,106,40,14,124,83" hai3="51,121,67,86,62,133,132,108,19,55,127,117,100"/><U115/><E115/><V84/><F34/><W2/><G121/><T27/><D131/><U120/><E120/><V33/><F33/><W112/><G112/><T79/><D65/><U8/><E8/><V54/><F106/><W3/><G100/><T98/><D37/><U6/><E6/><V45/><F130/><W35/><G35/><T94/><D27/><U71/><E71/><V99/><F72/><W135/><G108/><T73/><D7/><U11/><E11/><V58/><F124/><W104/><G104/><N who="0" m="63607" /><D10/><U16/><E110/><V90/><F113/><W111/><G111/><T1/><D1/><U15/><E116/><V75/><F75/><W70/><G117/><T59/><D59/><U0/><E0/><V26/><F14/><W13/><G86/><T31/><D31/><U18/><E30/><V80/><F80/><W105/><G105/><T29/><D29/><U24/><E119/><V22/><F66/><W63/><G63/><T5/><D5/><U74/><E74/><V61/><F45/><N who="3" m="28143" /><G127/><T52/><D126/><U56/><E47/><V114/><F21/><AGARI ba="0,0" hai="2,3,13,19,21,62,67,70,132,133,135" m="28143" machi="21" ten="30,7700,0" yaku="20,1,52,3" doraHai="128" who="3" fromWho="2" sc="390,0,159,0,169,-77,282,77" /><INIT seed="2,0,0,3,3,41" ten="390,159,92,359" oya="2" hai0="109,101,118,128,127,120,123,104,5,26,53,46,115" hai1="8,52,131,48,43,91,66,108,100,70,86,30,64" hai2="31,45,1,24,90,19,102,122,116,2,11,59,60" hai3="37,88,126,12,96,105,73,47,99,121,110,7,36"/><V69/><F69/><W125/><G121/><T34/><D53/><U27/><E108/><V15/><F122/><W14/><G73/><T97/><D5/><U23/><E100/><V78/><F78/><W50/><G110/><T83/><D83/><U76/><E76/><V129/><F102/><W32/><G32/><T6/><D6/><U22/><E70/><V61/><F116/><W79/><G79/><T38/><D46/><U3/><E43/><V113/><F113/><W72/><G72/><T29/><D26/><U84/><E84/><V57/><F129/><W25/><G25/><T75/><D29/><U10/><E23/><V112/><F112/><W40/><G105/><T54/><D54/><U134/><E134/><V107/><F107/><W77/><G77/><T44/><D44/><N who="1" m="27655" /><E3/><V80/><F1/><W111/><G111/><T106/><D97/><U119/><E131/><V93/><F80/><W82/><G99/><T13/><D13/><U56/><E56/><N who="2" m="21579" /><F2/><W81/><G81/><T17/><D101/><U87/><E119/><V35/><F35/><W92/><G82/><T58/><D106/><U20/><E20/><N who="2" m="15751" /><F45/><W4/><G4/><T62/><D123/><U71/><E66/><V130/><F130/><W33/><G7/><T85/><D85/><AGARI ba="0,0" hai="11,15,19,60,61,85,90,93" m="15751,21579" machi="85" ten="30,1500,0" yaku="8,1" doraHai="41" who="2" fromWho="0" sc="390,-15,159,0,92,15,359,0" /><INIT seed="2,1,0,4,3,46" ten="375,159,107,359" oya="2" hai0="85,75,76,117,55,12,29,112,91,7,123,1,90" hai1="110,35,120,88,65,32,104,95,22,94,2,108,127" hai2="59,82,121,66,9,97,113,99,81,21,25,92,58" hai3="3,26,11,86,0,47,57,126,45,20,13,63,111"/><V52/><F121/><W87/><G111/><N who="1" m="42538" /><E2/><V49/><F113/><W119/><G119/><T44/><D29/><U28/><E104/><V43/><F43/><W102/><G126/><T36/><D112/><U42/><E65/><V124/><F124/><W125/><G125/><T16/><D123/><U18/><E120/><V67/><F99/><W72/><G72/><T39/><D91/><U27/><E95/><V17/><F9/><W115/><G102/><T4/><D90/><U74/><E74/><V19/><F19/><W135/><G135/><T106/><D106/><U60/><E60/><N who="2" m="38167" /><F67/><W133/><G133/><T93/><D93/><U134/><E134/><V64/><F64/><W100/><G100/><AGARI ba="1,0" hai="17,21,25,49,52,59,81,82,92,97,100" m="38167" machi="100" ten="30,5800,0" yaku="8,1,52,1,54,1" doraHai="46" who="2" fromWho="3" sc="375,0,159,0,107,61,359,-61" /><INIT seed="2,2,0,5,5,106" ten="375,159,168,298" oya="2" hai0="95,100,50,111,42,107,90,120,48,69,108,78,8" hai1="128,91,131,61,114,68,121,9,37,11,35,30,127" hai2="21,92,57,129,16,24,41,96,14,34,29,97,123" hai3="7,112,133,47,99,71,79,110,45,119,94,44,43"/><V135/><F123/><W27/><G110/><N who="0" m="42027" /><D69/><U74/><E37/><V82/><F129/><W102/><G71/><T58/><D8/><U2/><E114/><V52/><F135/><W1/><G133/><T126/><D120/><U81/><E91/><V12/><F41/><W55/><G119/><T0/><D0/><U39/><E11/><V124/><F124/><W84/><G112/><T22/><D22/><U10/><E10/><V38/><F38/><W4/><G1/><T51/><D78/><N who="1" m="44247" /><E39/><V33/><F82/><N who="3" m="47199" /><G43/><T17/><D42/><U118/><E118/><V105/><F105/><W85/><G85/><T5/><D5/><N who="3" m="2121" /><G27/><T65/><D17/><U20/><E127/><V109/><F109/><W77/><G77/><T88/><D107/><U116/><E116/><V117/><F117/><W25/><G25/><T53/><D65/><U3/><E35/><V28/><F33/><W63/><G63/><N who="0" m="36303" /><D126/><U73/><E68/><V76/><F76/><W86/><G86/><T66/><D66/><U134/><E134/><V59/><F34/><W103/><G103/><T13/><D13/><N who="2" m="5226" /><F97/><AGARI ba="2,0" hai="48,50,51,88,90,95,97,100" m="36303,42027" machi="97" ten="30,2000,0" yaku="14,1,54,1" doraHai="106" who="0" fromWho="2" sc="375,26,159,0,168,-26,298,0" /><INIT seed="3,0,0,1,5,24" ten="401,159,142,298" oya="3" hai0="80,9,100,118,125,117,26,8,20,89,129,34,27" hai1="132,99,130,15,109,6,88,102,56,94,69,92,29" hai2="28,79,66,59,93,35,42,54,104,101,36,116,73" hai3="30,68,45,50,98,134,19,120,82,49,39,64,2"/><W41/><G120/><T61/><D100/><U126/><E69/><V106/><F116/><W14/><G2/><T67/><D80/><U91/><E109/><V40/><F79/><W47/><G134/><T71/><D89/><U13/><E130/><V95/><F73/><W113/><G113/><T31/><D129/><U131/><E126/><V53/><F66/><W51/><G68/><T108/><D108/><U135/><E131/><V127/><F59/><W7/><G64/><T76/><D125/><U128/><E102/><V75/><F101/><W48/><G7/><T10/><REACH who="0" step="1"/><D76/><REACH who="0" ten="391,159,142,298" step="2"/><U11/><E128/><V77/><F77/><W32/><G82/><T133/><D133/><U37/><E88/><V85/><F127/><W1/><G45/><T83/><D83/><U111/><E91/><V122/><F104/><W3/><G98/><T107/><D107/><U18/><E99/><V114/><F106/><W97/><G97/><T112/><D112/><U123/><E94/><V60/><F95/><W121/><G121/><T90/><D90/><U86/><E92/><V65/><F93/><W17/><G17/><AGARI ba="0,1" hai="8,9,10,17,20,26,27,31,34,61,67,71,117,118" machi="17" ten="40,8000,1" yaku="1,1,52,1,53,2" doraHai="24" doraHaiUra="21" who="0" fromWho="3" sc="391,90,159,0,142,0,298,-80" /><INIT seed="4,0,0,1,5,44" ten="481,159,142,218" oya="0" hai0="108,12,65,78,75,117,28,35,0,105,50,37,84" hai1="60,10,43,83,45,30,17,120,82,16,54,134,49" hai2="52,91,2,118,115,72,113,130,97,24,3,9,42" hai3="32,59,69,34,93,110,41,133,71,81,74,55,116"/><T121/><D117/><U33/><E134/><V99/><F72/><W14/><G110/><T77/><D121/><U109/><E109/><V104/><F42/><W15/><G116/><T38/><D12/><U102/><E120/><V85/><F118/><W73/><G41/><T57/><D108/><U94/><E30/><V88/><F24/><W18/><G81/><N who="1" m="30730" /><E10/><V11/><F52/><W26/><G55/><T21/><D84/><U53/><E33/><V101/><F85/><W129/><G26/><T124/><D57/><N who="1" m="34871" /><E53/><V89/><F130/><W95/><G59/><T1/><D21/><U68/><E68/><V122/><F122/><W98/><G129/><T20/><D20/><U29/><E29/><V23/><F23/><W76/><G76/><T22/><D22/><U39/><E39/><V125/><F99/><AGARI ba="0,0" hai="16,17,43,45,49,94,99,102" m="34871,30730" machi="99" ten="30,3900,0" yaku="8,1,52,1,54,1" doraHai="44" who="1" fromWho="2" sc="481,0,159,39,142,-39,218,0" /><INIT seed="5,0,0,2,2,31" ten="481,198,103,218" oya="1" hai0="2,32,51,26,57,21,13,87,0,86,45,9,28" hai1="4,105,15,94,117,90,5,102,93,79,25,30,124" hai2="27,81,23,10,53,59,132,131,3,109,114,74,107" hai3="44,65,91,99,122,46,127,22,11,125,41,97,20"/><U70/><E70/><V112/><F107/><W37/><G122/><T36/><D36/><U68/><E68/><V58/><F109/><W56/><G44/><T50/><D0/><U84/><E105/><V92/><F131/><W34/><G34/><T12/><D12/><U38/><E38/><V116/><F116/><W73/><G73/><T40/><D57/><N who="2" m="21514" /><F53/><W119/><G119/><T98/><D51/><U118/><E124/><N who="3" m="47690" /><G11/><T129/><D98/><N who="3" m="37385" /><G91/><T113/><D129/><U66/><E90/><V83/><F92/><W42/><G42/><T78/><D78/><U54/><E94/><V64/><F64/><W16/><G16/><T130/><D113/><N who="2" m="43626" /><F74/><W108/><G108/><T128/><D86/><U135/><E84/><V100/><F100/><W85/><G85/><T29/><D29/><U33/><E30/><V17/><F10/><W55/><G65/><T95/><D95/><U60/><E93/><V1/><F83/><W61/><AGARI ba="0,0" hai="20,22,37,41,46,55,56,61" m="37385,47690" machi="61" ten="30,1100,0" yaku="18,1" doraHai="31" who="3" fromWho="3" sc="481,-3,198,-5,103,-3,218,11" /><INIT seed="6,0,0,3,4,105" ten="478,193,100,229" oya="2" hai0="14,102,110,57,84,67,24,40,80,7,107,91,76" hai1="60,101,135,116,43,6,93,68,65,44,99,128,111" hai2="25,98,12,112,27,70,106,120,121,38,103,132,94" hai3="19,2,96,21,117,81,31,41,73,8,75,95,89"/><V86/><F38/><W10/><G117/><T16/><D40/><U47/><E111/><V36/><F36/><W50/><G31/><T1/><D57/><U20/><E116/><V18/><F70/><W69/><G69/><T97/><D67/><U58/><E135/><V26/><F132/><W129/><G129/><T22/><D110/><U83/><E6/><V63/><F63/><W131/><G131/><T11/><REACH who="0" step="1"/><D76/><REACH who="0" ten="468,193,100,229" step="2"/><U28/><E128/><V15/><F112/><W115/><G41/><T30/><D30/><U33/><E28/><V87/><F106/><W74/><G115/><T109/><D109/><U62/><E43/><V39/><F39/><W34/><G50/><T100/><D100/><U66/><E101/><V113/><F113/><W133/><G133/><T55/><D55/><U119/><E68/><V29/><F29/><W126/><G126/><T35/><D35/><U42/><E42/><V3/><F3/><AGARI ba="0,1" hai="1,3,7,11,14,16,22,24,80,84,91,97,102,107" machi="3" ten="40,2600,0" yaku="1,1,54,1,53,0" doraHai="105" doraHaiUra="64" who="0" fromWho="2" sc="468,36,193,0,100,-26,229,0" /><INIT seed="7,0,0,3,1,119" ten="504,193,74,229" oya="3" hai0="22,110,112,49,14,57,24,19,61,40,9,39,126" hai1="69,131,77,21,96,0,121,118,73,15,80,33,25" hai2="28,114,76,66,48,65,123,5,111,6,62,93,120" hai3="12,55,4,54,101,51,37,59,81,134,83,92,46"/><W91/><G134/><T127/><D110/><U27/><E0/><V82/><F111/><W8/><G101/><T50/><D39/><U79/><E69/><V85/><F28/><W128/><G128/><T10/><D10/><U64/><E64/><V87/><F114/><W102/><G102/><T71/><D71/><U78/><E80/><V60/><F48/><W94/><G94/><T13/><D13/><U42/><E42/><V38/><F93/><W135/><G135/><T125/><D40/><U31/><E73/><V95/><F95/><W103/><G103/><T20/><D20/><U108/><E96/><V116/><F76/><W100/><G100/><T23/><D23/><U74/><E74/><V84/><F84/><W44/><G37/><T117/><D117/><U30/><E15/><V63/><F63/><N who="3" m="36343" /><G44/><T56/><D56/><U72/><E72/><V113/><F116/><W7/><G7/><N who="0" m="3391" /><D112/><U97/><E108/><V34/><F38/><W75/><G75/><T130/><D130/><U122/><E131/><V88/><F113/><W11/><G11/><T2/><D2/><U41/><E33/><V36/><F36/><W70/><G70/><T104/><D104/><U90/><E118/><V105/><F88/><W47/><G47/><T29/><D19/><U1/><E90/><V99/><F34/><W58/><G58/><T124/><D124/><U17/><E17/><V86/><F105/><W18/><G18/><T129/><D129/><U68/><E68/><V52/><F123/><W45/><G45/><T133/><D133/><U53/><E122/><V35/><F120/><RYUUKYOKU ba="0,0" sc="504,15,193,-15,74,-15,229,15" hai0="22,24,29,49,50,57,61,125,126,127" hai3="4,8,12,46,51,55,81,83,91,92" /><INIT seed="7,1,0,0,4,123" ten="519,178,59,244" oya="3" hai0="132,62,61,69,95,31,124,99,88,44,58,93,46" hai1="54,118,49,101,105,77,17,8,119,65,29,134,18" hai2="60,133,13,87,108,33,0,37,131,71,122,4,115" hai3="117,70,42,35,36,67,52,96,91,81,85,102,104"/><W90/><G117/><T59/><D124/><U40/><E29/><V53/><F53/><W135/><G135/><T73/><D73/><U14/><E134/><V19/><F60/><N who="0" m="23146" /><D31/><U116/><E40/><V75/><F87/><W127/><G127/><T11/><D11/><U38/><E38/><V26/><F19/><W106/><G67/><T32/><D32/><U30/><E77/><V82/><F82/><W16/><G70/><T12/><D12/><U72/><E72/><V74/><F13/><W128/><G128/><T79/><D79/><U110/><E30/><V112/><F26/><W113/><G113/><T78/><D78/><U21/><E65/><V45/><F45/><N who="0" m="17514" /><D132/><U6/><E105/><V24/><F24/><W76/><G36/><T56/><D95/><U28/><E101/><V20/><F20/><W98/><G42/><T103/><D69/><U121/><E28/><V47/><F47/><W2/><G2/><T1/><D1/><U55/><E121/><V89/><F75/><W114/><G35/><T63/><N who="0" m="23154" /><T97/><DORA hai="23" /><D97/><U66/><E66/><V109/><F89/><AGARI ba="1,0" hai="56,58,59,88,89,93,99,103" m="17514,23154" machi="89" ten="40,2600,0" yaku="8,1,54,1" doraHai="123,23" who="0" fromWho="2" sc="519,29,178,0,59,-29,244,0" owari="548,65.0,178,-22.0,30,-47.0,244,4.0" /></mjloggm>