<mjloggm ver="2.3"><GO type="41"/><UN n0="%E3%83%8F%E3%83%94%E3%83%8A%E5%90%8D%E6%8E%9B%E4%B8%81" n1="%EF%BC%88%E2%89%A7%E2%96%BD%E2%89%A6%EF%BC%89" n2="%41%EF%BD%B4%2D%37%31%31" n3="%73%65%61%72%69%61%6C" dan="13,13,15,14" rate="2099,2047,1990,1891" sx="M,M,M,M"/><TAIKYOKU oya="0"/><INIT seed="0,0,0,5,3,59" ten="250,250,250,250" oya="0" hai0="69,56,24,22,127,104,131,40,19,89,130,76,103" hai1="12,66,82,53,62,65,50,1,63,125,39,74,95" hai2="80,98,49,67,132,15,2,51,13,112,94,119,11" hai3="64,113,36,30,117,102,118,75,111,26,0,134,48"/><T97/><D69/><U44/><E1/><V72/><F112/><W37/><G113/><T4/><D4/><U85/><E125/><V43/><F132/><W121/><G121/><T105/><D40/><U114/><E114/><V34/><F34/><W115/><G115/><T129/><D127/><U5/><E39/><V93/><F119/><W106/><G75/><T90/><D76/><N who="1" m="46279" /><E74/><V58/><F2/><W57/><G111/><T87/><D104/><U81/><E81/><V122/><F122/><W109/><G134/><T70/><D70/><U42/><E95/><V110/><F110/><W123/><G37/><T77/><D77/><U107/><E107/><V135/><F135/><W128/><G0/><T35/><D87/><U124/><E124/><V52/><F15/><W17/><G36/><T25/><REACH who="0" step="1"/><D56/><REACH who="0" step="2"/><N who="1" m="35087" /><E63/><V92/><F43/><W79/><G106/><T18/><D18/><U23/><E23/><V99/><F99/><W68/><G117/><T61/><D61/><U28/><E28/><AGARI ba="0,1" hai="19,22,24,25,28,35,89,90,97,103,105,129,130,131" machi="28" ten="40,3900,0" yaku="1,1,19,1,53,0" doraHai="59" doraHaiUra="91" who="0" fromWho="1" sc="240,49,250,-39,250,0,250,0" /><INIT seed="0,1,0,0,5,92" ten="289,211,250,250" oya="0" hai0="88,78,9,38,132,5,97,14,16,33,20,87,19" hai1="112,58,102,79,12,4,56,18,45,72,133,21,15" hai2="28,1,3,113,81,93,82,47,111,70,117,60,31" hai3="105,25,123,57,35,44,74,54,23,6,106,69,99"/><T30/><D38/><U91/><E133/><V65/><F113/><W122/><G69/><T103/><D132/><U114/><E102/><V73/><F111/><W32/><G74/><T17/><D78/><U98/><E45/><V100/><F117/><W101/><G6/><T53/><D53/><U89/><E72/><V36/><F3/><W116/><G44/><T42/><D42/><U104/><E79/><V29/><F1/><W125/><G125/><T2/><D2/><U134/><E134/><V84/><F73/><W115/><G115/><N who="1" m="44074" /><E104/><V61/><F61/><N who="3" m="36023" /><G116/><T63/><D63/><U131/><E131/><V67/><F67/><W124/><G124/><T0/><D33/><U66/><E66/><V43/><REACH who="2" step="1"/><F84/><REACH who="2" step="2"/><W64/><G64/><T51/><D51/><U68/><E68/><V120/><F120/><N who="3" m="46123" /><G106/><T41/><D0/><U135/><E135/><V130/><F130/><W37/><G37/><T62/><D62/><U77/><E56/><V24/><F24/><W34/><G34/><T90/><D87/><U49/><E58/><V83/><F83/><W108/><G108/><T121/><D121/><U40/><E49/><V80/><F80/><W128/><G128/><T7/><D20/><U76/><E21/><V85/><F85/><W10/><G10/><T13/><D9/><U86/><E86/><V52/><F52/><W55/><G55/><T95/><D41/><U26/><E40/><V39/><F39/><W27/><G27/><T126/><D126/><U50/><E50/><V96/><AGARI ba="1,1" hai="28,29,31,36,43,47,60,65,70,81,82,93,96,100" machi="96" ten="30,4000,0" yaku="1,1,0,1,52,1,53,0" doraHai="92" doraHaiUra="46" who="2" fromWho="2" sc="289,-21,211,-11,240,53,250,-11" /><INIT seed="1,0,0,1,3,131" ten="268,200,293,239" oya="1" hai0="67,36,80,72,92,38,101,54,45,73,6,20,17" hai1="100,57,25,37,102,79,50,75,135,119,3,120,128" hai2="107,83,26,85,7,49,27,35,4,1,34,115,104" hai3="60,71,11,133,109,66,39,44,117,12,70,68,94"/><U132/><E120/><V87/><F49/><W123/><G109/><T9/><D67/><U127/><E37/><V16/><F83/><W76/><G123/><T31/><D31/><U32/><E3/><V29/><F29/><W86/><G117/><T40/><D54/><N who="1" m="31959" /><E119/><V126/><F1/><W88/><G76/><T105/><D105/><U8/><E8/><V130/><F16/><W114/><G114/><T95/><D38/><U108/><E128/><V46/><F46/><W24/><G24/><T77/><D72/><U106/><E106/><V53/><F53/><W65/><G65/><T113/><D101/><U116/><E116/><V74/><F130/><W5/><G133/><N who="1" m="51274" /><E108/><V15/><F15/><W48/><REACH who="3" step="1"/><G39/><REACH who="3" step="2"/><T81/><D36/><U78/><E127/><V96/><F126/><W14/><G14/><T18/><D77/><N who="1" m="29195" /><E75/><V0/><F74/><W125/><G125/><T91/><D73/><U33/><E25/><V118/><F0/><W52/><AGARI ba="0,1" hai="5,11,12,44,48,52,60,66,68,70,71,86,88,94" machi="52" ten="20,12000,2" yaku="1,1,0,1,7,1,54,2,53,1" doraHai="131" doraHaiUra="82" who="3" fromWho="3" sc="268,-30,200,-60,293,-30,229,130" /><INIT seed="2,0,0,1,3,95" ten="238,140,263,359" oya="2" hai0="5,0,119,89,104,70,41,6,90,92,73,31,14" hai1="133,72,8,123,17,66,75,68,9,12,16,39,130" hai2="76,30,94,81,51,37,134,56,88,40,42,21,13" hai3="34,102,98,82,80,101,110,114,29,91,86,43,54"/><V96/><F134/><W126/><G43/><T131/><D104/><U47/><E133/><V3/><F3/><W19/><G126/><T135/><D73/><U2/><E130/><V111/><F111/><W129/><G34/><T28/><D135/><U67/><E123/><V78/><F37/><W79/><G29/><T100/><D131/><U44/><E2/><V106/><F106/><N who="3" m="63799" /><G129/><T99/><D119/><U124/><E124/><V18/><F30/><N who="0" m="11306" /><D70/><U55/><E39/><V58/><F78/><N who="3" m="46359" /><G54/><T61/><D0/><U27/><E55/><V77/><F77/><W36/><G19/><T83/><D41/><N who="2" m="15978" /><F51/><W65/><G65/><T26/><D61/><U20/><E68/><V53/><F53/><W109/><G36/><T108/><D108/><N who="3" m="41577" /><G114/><T117/><D117/><U116/><E116/><V132/><F132/><W57/><G57/><T46/><D46/><U10/><E47/><V74/><F74/><N who="3" m="43383" /><G102/><T118/><D118/><U11/><E44/><V62/><F62/><W50/><G50/><T15/><D26/><U23/><E72/><V49/><F49/><W105/><G105/><T127/><D127/><U112/><E75/><V52/><F52/><W4/><G4/><N who="0" m="1643" /><D83/><U38/><E112/><V71/><F71/><W84/><G84/><T97/><D100/><U33/><E38/><V45/><F45/><W107/><G107/><T48/><D48/><U25/><E33/><V125/><F125/><W60/><G60/><T121/><D15/><U122/><E122/><V59/><F76/><W24/><G24/><T115/><D121/><U87/><E87/><V7/><F7/><AGARI ba="0,0" hai="7,8,9,10,11,12,16,17,20,23,25,27,66,67" machi="7" ten="40,8000,1" yaku="6,1,9,1,8,1,54,1" doraHai="95" who="1" fromWho="2" sc="238,0,140,80,263,-80,359,0" /><INIT seed="3,0,0,4,3,12" ten="238,220,183,359" oya="3" hai0="128,85,27,49,64,83,89,37,114,88,74,75,71" hai1="91,24,3,31,104,40,56,38,7,77,108,34,95" hai2="67,57,51,92,41,109,2,26,125,15,1,50,130" hai3="55,87,29,103,112,80,78,124,25,100,42,11,44"/><W129/><G112/><T126/><D37/><U123/><E123/><V93/><F109/><W54/><G129/><T13/><D114/><U111/><E104/><V127/><F15/><W131/><G131/><T76/><D128/><U48/><E77/><V107/><F130/><W16/><G124/><N who="2" m="47689" /><F26/><W46/><G29/><T18/><D126/><U53/><E3/><N who="2" m="1035" /><F41/><W17/><G11/><T28/><D49/><N who="2" m="18442" /><F107/><W70/><G70/><T23/><D64/><U58/><E7/><V118/><F118/><W117/><G117/><T132/><D71/><U121/><E121/><V10/><F10/><W113/><G113/><T72/><REACH who="0" step="1"/><D132/><REACH who="0" step="2"/><U135/><E135/><V102/><F102/><N who="3" m="38955" /><G42/><T110/><D110/><N who="1" m="42027" /><E40/><V52/><F67/><W73/><G73/><T32/><AGARI ba="0,1" hai="13,18,23,27,28,32,72,74,75,76,83,85,88,89" machi="32" ten="30,7900,0" yaku="1,1,0,1,52,1,54,1,53,0" doraHai="12" doraHaiUra="4" who="0" fromWho="0" sc="228,89,220,-20,183,-20,359,-39" /><INIT seed="4,0,0,2,3,50" ten="317,200,163,320" oya="0" hai0="122,86,1,7,23,84,41,115,52,118,83,101,24" hai1="19,43,38,10,105,95,111,117,93,97,119,36,44" hai2="39,131,113,68,25,81,121,124,63,107,55,14,100" hai3="78,40,128,6,125,60,98,66,65,116,92,109,75"/><T58/><D122/><U77/><E111/><V56/><F121/><W5/><G116/><T20/><D118/><U99/><E77/><V22/><F131/><W47/><G128/><T135/><D115/><U27/><E105/><V51/><F113/><W37/><G109/><T59/><D135/><U87/><E87/><V96/><F124/><W130/><G130/><T53/><D1/><U13/><E27/><V94/><F39/><W11/><G125/><T132/><D132/><U45/><E13/><V88/><F14/><W114/><G114/><T62/><D7/><U61/><E61/><V133/><F133/><W64/><G78/><N who="0" m="46199" /><D41/><U18/><REACH who="1" step="1"/><E43/><REACH who="1" step="2"/><V26/><F22/><N who="0" m="8234" /><D24/><U0/><E0/><V127/><F127/><W91/><G75/><T48/><D86/><U35/><E35/><V33/><F33/><W16/><G60/><T4/><D4/><U32/><E32/><V76/><F63/><W42/><G42/><T69/><D69/><U85/><E85/><N who="2" m="52495" /><F68/><W67/><G40/><T29/><D29/><U17/><E17/><V129/><F129/><W80/><G98/><T123/><D123/><U21/><E21/><V106/><F107/><W82/><G5/><T108/><D108/><U70/><E70/><V79/><F79/><W49/><G6/><T46/><D101/><U102/><E102/><V28/><F28/><W103/><G37/><T71/><D71/><U134/><E134/><V89/><F89/><W110/><G103/><T2/><D2/><U72/><E72/><AGARI ba="0,1" hai="25,26,51,55,56,72,76,81,96,100,106" m="52495" machi="72" ten="30,3900,0" yaku="24,1,52,1,54,1" doraHai="50" who="2" fromWho="1" sc="317,0,190,-39,163,49,320,0" /><INIT seed="5,0,0,4,2,114" ten="317,151,212,320" oya="1" hai0="39,125,32,13,31,47,11,105,95,103,71,93,34" hai1="20,127,46,96,87,74,12,123,85,117,126,50,113" hai2="132,83,7,80,4,14,89,94,118,22,84,104,110" hai3="21,18,86,55,2,70,62,0,129,35,45,82,101"/><U30/><E74/><V72/><F110/><W122/><G122/><T19/><D71/><U78/><E123/><V73/><F104/><W111/><G111/><T133/><D125/><N who="1" m="47627" /><E113/><V27/><F132/><W28/><G129/><T63/><D133/><U64/><E64/><V42/><F42/><W24/><G101/><T16/><D105/><U54/><E96/><V112/><F112/><W6/><G70/><T17/><D63/><U92/><E92/><V119/><F73/><W116/><G116/><T109/><D109/><U61/><E61/><V69/><F69/><W68/><G68/><T52/><D39/><U121/><E121/><V134/><F134/><W51/><G62/><T108/><D108/><U1/><E1/><V79/><F83/><W48/><G48/><N who="0" m="28703" /><D34/><U81/><E85/><V59/><F59/><W99/><G6/><N who="0" m="3319" /><D32/><U26/><E12/><V100/><F100/><W53/><G2/><T23/><D23/><BYE who="0" /><UN n0="%E3%83%8F%E3%83%94%E3%83%8A%E5%90%8D%E6%8E%9B%E4%B8%81" /><U120/><E120/><V106/><F106/><W41/><G0/><T67/><D31/><U65/><E65/><V124/><F124/><W43/><G43/><T130/><D67/><U66/><E66/><V77/><F77/><W38/><G38/><T40/><D130/><U36/><E36/><V37/><F37/><W131/><G131/><T76/><D76/><U115/><E115/><V5/><REACH who="2" step="1"/><F14/><REACH who="2" step="2"/><W29/><G41/><T15/><D40/><U88/><E78/><V58/><F58/><W10/><G82/><T97/><D15/><U98/><E117/><V9/><F9/><W60/><G10/><T91/><D103/><U3/><E3/><RYUUKYOKU ba="0,1" sc="317,10,151,10,202,10,320,-30" hai0="16,17,19,91,93,95,97" hai1="20,26,30,46,50,54,81,87,88,98" hai2="4,5,7,22,27,72,79,80,84,89,94,118,119" /><INIT seed="5,1,1,5,1,86" ten="327,161,212,290" oya="1" hai0="35,73,44,69,90,49,116,8,46,27,56,103,78" hai1="40,111,17,125,75,60,29,105,100,94,50,24,119" hai2="72,51,76,130,135,41,129,104,98,6,18,22,121" hai3="31,37,16,34,102,23,67,128,108,87,80,30,83"/><U118/><E75/><V9/><F121/><W106/><G128/><N who="2" m="49257" /><F135/><W122/><G122/><T126/><D69/><U107/><E125/><V13/><F76/><W88/><G108/><T63/><D126/><U82/><E111/><V7/><F72/><W65/><G37/><T62/><D116/><U61/><E119/><V134/><F134/><W5/><G5/><T96/><D8/><U89/><E118/><V101/><F22/><W84/><G106/><T99/><D73/><U59/><E107/><V97/><F97/><W45/><G102/><T2/><D2/><U113/><E105/><V85/><F85/><W123/><G123/><T28/><D78/><U58/><E113/><V0/><F0/><W70/><G45/><AGARI ba="1,1" hai="6,7,9,13,18,41,45,51,98,101,104" m="49257" machi="45" ten="30,1000,0" yaku="19,1" doraHai="86" who="2" fromWho="3" sc="327,0,161,0,212,23,290,-13" /><INIT seed="6,0,0,0,2,82" ten="327,161,235,277" oya="2" hai0="58,118,34,1,81,106,111,46,116,73,76,125,49" hai1="112,43,124,83,86,30,123,132,97,119,63,10,14" hai2="59,84,7,27,72,79,52,107,61,100,131,54,96" hai3="74,42,133,48,77,67,113,134,129,127,31,120,9"/><V36/><F36/><W8/><G31/><T109/><D1/><U65/><E119/><N who="0" m="45609" /><D34/><U3/><E132/><V88/><F131/><W99/><G67/><T29/><D125/><U45/><E124/><V19/><F7/><W24/><G127/><T33/><D106/><U15/><E123/><V11/><F79/><W37/><G24/><N who="0" m="18599" /><D58/><U13/><E112/><V39/><F39/><W5/><G37/><T32/><D32/><U101/><E30/><V6/><F72/><W75/><G120/><T40/><AGARI ba="0,0" hai="40,46,49,73,76,81,109,111" m="18599,45609" machi="40" ten="30,1100,0" yaku="12,1" doraHai="82" who="0" fromWho="0" sc="327,11,161,-3,235,-5,277,-3" /><INIT seed="7,0,0,4,2,20" ten="338,158,230,274" oya="3" hai0="33,115,84,42,83,78,116,133,131,21,107,4,59" hai1="132,135,97,64,30,44,109,6,15,57,18,130,23" hai2="24,104,55,103,65,98,45,79,39,88,38,108,101" hai3="66,12,62,111,125,120,68,5,71,60,92,14,119"/><W28/><G119/><T40/><D116/><U54/><E109/><V127/><F108/><W48/><G111/><T134/><D33/><U87/><E130/><V91/><F127/><W129/><G120/><T46/><D131/><U67/><E6/><V113/><F113/><W58/><G129/><T77/><D115/><U13/><E13/><V2/><F2/><W37/><G37/><T34/><D34/><U95/><E87/><V27/><F65/><W47/><G28/><T100/><D4/><U49/><E30/><V69/><F69/><W41/><G71/><T50/><D59/><U31/><E31/><V86/><F79/><W75/><G75/><T1/><D1/><U85/><E44/><V61/><F103/><W29/><G125/><T32/><D32/><U25/><E15/><V90/><F86/><W74/><G74/><T36/><D21/><U73/><E73/><V110/><F110/><W112/><G112/><T118/><D118/><U70/><E85/><V124/><F124/><W16/><G29/><T123/><D123/><U128/><E128/><V26/><REACH who="2" step="1"/><F61/><REACH who="2" step="2"/><N who="3" m="38199" /><G68/><T94/><D77/><U121/><E121/><V51/><AGARI ba="0,1" hai="24,26,27,38,39,45,51,55,88,90,91,98,101,104" machi="51" ten="40,12000,2" yaku="1,1,0,1,52,3,54,1,53,0" doraHai="20" doraHaiUra="80" who="2" fromWho="2" sc="338,-30,158,-30,220,130,274,-60" owari="308,11,128,-37,350,45,214,-19" /></mjloggm>