<mjloggm ver="2.3"><GO type="41"/><UN n0="%EF%BC%88%E2%89%A7%E2%96%BD%E2%89%A6%EF%BC%89" n1="%E3%81%AE%E3%82%93%E3%81%AE%E3%82%93%E3%80%82" n2="%E3%82%8A%E3%82%93%E3%81%94%E3%81%95%E3%82%93%E9%9D%A9%E5%91%BD" n3="%68%6F%73%69%67%61%6D%69" dan="13,15,14,14" rate="2031,1993,1945,1930" sx="M,M,M,M"/><TAIKYOKU oya="0"/><INIT seed="0,0,0,3,4,62" ten="250,250,250,250" oya="0" hai0="127,101,112,106,57,20,85,103,94,25,72,129,74" hai1="12,90,87,10,130,33,84,95,0,126,88,5,132" hai2="67,113,18,65,19,70,28,11,63,97,98,6,89" hai3="46,56,7,108,80,14,36,43,122,110,107,81,9"/><T47/><D112/><U37/><E37/><V131/><F113/><W64/><G107/><T53/><D106/><U52/><E33/><V2/><F131/><W120/><G80/><T8/><D129/><U111/><E111/><N who="3" m="42538" /><G81/><T3/><D127/><U109/><E130/><V58/><F28/><W82/><G82/><T76/><D76/><U115/><E109/><V26/><F97/><W17/><G7/><T40/><D3/><U100/><E115/><V15/><F2/><W38/><G38/><T61/><D8/><U96/><E132/><V50/><F50/><W77/><G77/><T41/><D74/><U49/><E126/><V35/><F35/><W45/><G45/><T134/><D72/><U44/><E0/><V105/><F105/><W51/><G36/><T92/><D134/><U123/><E123/><N who="3" m="47146" /><G56/><T30/><D41/><U42/><E42/><V1/><F1/><W75/><G75/><T16/><D94/><U91/><AGARI ba="0,0" hai="5,10,12,44,49,52,84,87,88,90,91,95,96,100" machi="91" ten="30,7900,0" yaku="0,1,8,1,54,2" doraHai="62" who="1" fromWho="1" sc="250,-39,250,79,250,-20,250,-20" /><INIT seed="1,0,0,4,4,66" ten="211,329,230,230" oya="1" hai0="11,24,10,67,124,7,20,43,100,40,118,74,90" hai1="109,15,17,99,97,106,37,16,79,14,42,60,92" hai2="45,131,13,62,49,19,104,114,70,130,4,105,21" hai3="47,129,44,28,50,30,8,87,35,102,57,23,81"/><U115/><E115/><V122/><F122/><W80/><G129/><N who="2" m="49161" /><F4/><W134/><G134/><T64/><D118/><U33/><E33/><V36/><F36/><W135/><G135/><T128/><D74/><U86/><E106/><V98/><F114/><W73/><G102/><T1/><D128/><U61/><E37/><V126/><F98/><N who="1" m="37385" /><E42/><N who="2" m="24759" /><F126/><W31/><G35/><T63/><D124/><U26/><E109/><V127/><F127/><W88/><G8/><T91/><D100/><U77/><E26/><V51/><F51/><W48/><G23/><T2/><D20/><N who="1" m="11287" /><E92/><V9/><F9/><W93/><G73/><T41/><D41/><U107/><E107/><V0/><F0/><W125/><G125/><T58/><D24/><U94/><E94/><V82/><F82/><W113/><G113/><T55/><D40/><U3/><E3/><V111/><F111/><W27/><G27/><T69/><D43/><U78/><E86/><V85/><F85/><W29/><G80/><T119/><D119/><U75/><E75/><V117/><F117/><W25/><G81/><T76/><D76/><U108/><E108/><V120/><F120/><W12/><G25/><T34/><D34/><U38/><E38/><V95/><F95/><W39/><G93/><T116/><D116/><U96/><E96/><V32/><F32/><W46/><G39/><T71/><D1/><U112/><E112/><V110/><F110/><W83/><G31/><T123/><D123/><U59/><E59/><V132/><F132/><W54/><G57/><T52/><D58/><U53/><E53/><N who="0" m="20553" /><D11/><AGARI ba="0,0" hai="11,15,17,60,61,77,78,79" m="11287,37385" machi="11" ten="30,2900,0" yaku="8,1,54,1" doraHai="66" who="1" fromWho="0" sc="211,-29,329,29,230,0,230,0" /><INIT seed="1,1,0,2,2,97" ten="182,358,230,230" oya="1" hai0="40,70,60,2,106,18,69,107,72,88,92,38,14" hai1="129,47,59,83,71,7,85,64,133,53,24,33,48" hai2="63,30,112,91,54,4,10,102,98,87,35,58,36" hai3="62,111,13,49,55,5,8,131,75,0,77,51,100"/><U41/><E129/><V27/><F36/><W121/><G131/><T113/><D113/><U82/><E133/><V134/><F112/><W90/><G121/><T105/><D72/><U115/><E115/><V32/><F134/><W78/><G111/><T126/><D2/><U67/><E7/><V1/><F35/><W23/><G62/><T135/><D135/><U74/><E74/><V89/><REACH who="2" step="1"/><F87/><REACH who="2" step="2"/><W9/><G75/><T101/><D126/><U52/><E85/><V39/><F39/><W108/><G108/><T86/><D60/><U28/><E71/><V81/><F81/><W68/><G68/><T21/><REACH who="0" step="1"/><D101/><REACH who="0" step="2"/><U44/><E48/><V123/><F123/><W50/><G49/><T125/><D125/><U119/><E119/><V66/><F66/><W120/><G50/><T114/><D114/><U104/><E67/><V43/><F43/><W117/><G100/><T130/><D130/><U22/><E64/><V84/><F84/><W61/><G51/><T118/><D118/><U122/><E122/><V34/><F34/><W3/><G117/><T46/><AGARI ba="1,2" hai="14,18,21,38,40,46,69,70,86,88,92,105,106,107" machi="46" ten="40,8000,1" yaku="1,1,0,1,54,1,53,1" doraHai="97" doraHaiUra="80" who="0" fromWho="0" sc="172,103,358,-41,220,-21,230,-21" /><INIT seed="2,0,0,3,0,126" ten="275,317,199,209" oya="2" hai0="122,24,29,71,41,10,77,125,45,9,111,131,104" hai1="23,105,113,73,109,53,118,87,28,108,0,49,103" hai2="35,16,92,63,72,6,107,22,34,132,36,58,42" hai3="96,76,120,119,99,101,83,37,124,2,52,50,38"/><V14/><F72/><W123/><G124/><T94/><D122/><U40/><E118/><V20/><F107/><W5/><G119/><T80/><D125/><U106/><E113/><V85/><F132/><W30/><G96/><T88/><D104/><U15/><E0/><V84/><F6/><W31/><G123/><T43/><D71/><U134/><E73/><V68/><F68/><W67/><G120/><T46/><D111/><N who="1" m="42571" /><E40/><V127/><F127/><W110/><G110/><T57/><D57/><N who="1" m="32943" /><E134/><V56/><F42/><W89/><G67/><T12/><D43/><U112/><E112/><V74/><F74/><W18/><G89/><T114/><D114/><U1/><E1/><V102/><F36/><W48/><G48/><T59/><D59/><N who="2" m="22570" /><F35/><W133/><G133/><T54/><D41/><U3/><E3/><V21/><F63/><W78/><G2/><T39/><D39/><U69/><E69/><V66/><F66/><W32/><G37/><T98/><D54/><U44/><E106/><V93/><F34/><W75/><G32/><T27/><D46/><U61/><E61/><V81/><F102/><W62/><G38/><T82/><D45/><U8/><E44/><V90/><F84/><W86/><G62/><T117/><D117/><U33/><E87/><V51/><F51/><W65/><G86/><T129/><D98/><N who="1" m="61687" /><E33/><V13/><F13/><W97/><G50/><T11/><D12/><U60/><E60/><V100/><F100/><W130/><G101/><T64/><D64/><U25/><E15/><V116/><F116/><W115/><G65/><T128/><D27/><RYUUKYOKU ba="0,0" sc="275,-15,317,15,199,15,209,-15" hai1="8,23,25,28" hai2="14,16,20,21,22,81,85,90,92,93" /><INIT seed="2,1,0,4,5,81" ten="260,332,214,194" oya="2" hai0="113,61,117,79,107,23,22,57,91,2,118,59,27" hai1="132,119,80,66,19,130,28,109,58,42,44,38,63" hai2="128,83,10,82,133,123,60,86,110,74,0,13,92" hai3="103,6,1,62,126,16,94,48,96,101,49,9,5"/><V69/><F123/><W76/><G126/><T135/><D113/><U89/><E119/><N who="0" m="45577" /><D135/><U24/><E130/><V105/><F0/><W7/><G103/><T87/><D107/><U134/><E109/><V120/><F120/><W50/><G76/><T93/><D2/><U40/><E40/><V121/><F121/><W90/><G62/><T33/><D79/><U108/><E19/><V124/><F128/><W21/><REACH who="3" step="1"/><G101/><REACH who="3" step="2"/><T18/><D61/><U36/><E108/><V71/><F60/><W67/><G67/><T15/><D33/><U77/><E77/><V56/><F124/><W68/><G68/><T116/><D116/><U32/><E134/><V104/><F133/><W102/><G102/><T64/><D64/><U52/><E132/><V65/><F71/><W129/><G129/><T54/><D54/><U47/><E66/><V8/><F65/><W75/><G75/><T106/><D106/><U70/><E70/><V125/><F74/><W45/><G45/><T85/><D59/><U88/><E80/><V26/><F56/><W100/><G100/><T4/><D57/><U122/><E122/><V84/><F110/><W35/><G35/><T29/><D4/><U41/><AGARI ba="1,1" hai="24,28,32,36,38,41,42,44,47,52,58,63,88,89" machi="41" ten="30,7900,0" yaku="0,1,9,1,54,2" doraHai="81" who="1" fromWho="1" sc="260,-21,332,92,214,-40,184,-21" /><INIT seed="3,0,0,4,0,80" ten="239,424,174,163" oya="3" hai0="26,11,14,23,37,38,88,42,69,76,15,132,70" hai1="5,32,90,45,44,4,112,2,127,105,85,86,134" hai2="120,78,122,135,36,64,47,7,75,19,95,98,8" hai3="0,118,124,87,126,82,100,107,10,31,56,91,3"/><W121/><G121/><T43/><D76/><U128/><E32/><V29/><F64/><W93/><G118/><T123/><D123/><U117/><E105/><V131/><F135/><W99/><G31/><T6/><D132/><U18/><E134/><V84/><F29/><W12/><G56/><T74/><D74/><U71/><E71/><V73/><F131/><W34/><G34/><T52/><D70/><U67/><E67/><V57/><F57/><W133/><G133/><T22/><D69/><U20/><E112/><V116/><F116/><W130/><G130/><T77/><D77/><U65/><E65/><V68/><F68/><W94/><G94/><T21/><D26/><N who="1" m="14615" /><E2/><V113/><F113/><W16/><REACH who="3" step="1"/><G93/><REACH who="3" step="2"/><T103/><D103/><U104/><E128/><V92/><F95/><W106/><G106/><T41/><D37/><U39/><E39/><V54/><F92/><W61/><G61/><T119/><D38/><U125/><E104/><V79/><F36/><W27/><G27/><T83/><D119/><U25/><E117/><V58/><F58/><W55/><G55/><T40/><D52/><U35/><E25/><V50/><F54/><W97/><G97/><T63/><D63/><U1/><E35/><V129/><F98/><W102/><G102/><T110/><D40/><U62/><E62/><V49/><F129/><W51/><G51/><T111/><D41/><U17/><E44/><V72/><F47/><W13/><G13/><N who="0" m="5367" /><D42/><U101/><E45/><V30/><F50/><W96/><G96/><T9/><D43/><U24/><E24/><V81/><F49/><RYUUKYOKU ba="0,1" sc="239,-10,424,-10,174,-10,153,30" hai3="0,3,10,12,16,82,87,91,99,100,107,124,126" /><INIT seed="3,1,1,1,4,108" ten="229,414,164,183" oya="3" hai0="79,48,77,84,36,42,103,114,107,97,1,78,16" hai1="57,61,60,46,44,30,128,80,69,68,81,96,111" hai2="40,124,95,12,75,98,45,19,115,132,28,65,53" hai3="121,125,102,33,54,110,63,59,127,8,119,27,18"/><W35/><G121/><T89/><D1/><U5/><E5/><V133/><F75/><W52/><G119/><T55/><D114/><U15/><E15/><V23/><F65/><W20/><G102/><T32/><D32/><U76/><E30/><V134/><F28/><W88/><G110/><T130/><D130/><U70/><E111/><V51/><F124/><N who="3" m="47691" /><G8/><T37/><D42/><U104/><E128/><V13/><F12/><W10/><G10/><T7/><D7/><U67/><E61/><V24/><F13/><W123/><G123/><T72/><D72/><U58/><E58/><V11/><F11/><W82/><G54/><T50/><D16/><U38/><E38/><V106/><F106/><W41/><G41/><T122/><D122/><U131/><E131/><V118/><F118/><W22/><G22/><T83/><REACH who="0" step="1"/><D48/><REACH who="0" step="2"/><U73/><E73/><V113/><REACH who="2" step="1"/><F40/><REACH who="2" step="2"/><W25/><G25/><T34/><D34/><U100/><E104/><V43/><F43/><W31/><G31/><T92/><D92/><U116/><E116/><V71/><F71/><W85/><AGARI ba="1,3" hai="18,20,27,33,35,52,59,63,82,85,88" m="47691" machi="85" ten="30,6000,0" yaku="18,1,54,2" doraHai="108" who="3" fromWho="3" sc="219,-21,414,-21,154,-21,183,93" /><INIT seed="3,2,0,5,0,115" ten="198,393,133,276" oya="3" hai0="63,109,103,19,35,98,123,22,66,28,6,41,5" hai1="54,7,100,34,75,33,70,68,90,101,16,112,97" hai2="78,122,130,50,102,99,106,104,83,30,127,40,108" hai3="76,14,74,18,117,60,39,24,118,12,94,95,119"/><W124/><G39/><T4/><D123/><U51/><E112/><V85/><F122/><W23/><G124/><T43/><D109/><U25/><E75/><V113/><F108/><W132/><G132/><T0/><D0/><U26/><E7/><V67/><F113/><W72/><G72/><T120/><D120/><U125/><E125/><V59/><F30/><W44/><G44/><T84/><D84/><U121/><E121/><V93/><F127/><W71/><G74/><T1/><D1/><U131/><E131/><V52/><F130/><W47/><G47/><T110/><D110/><U49/><E90/><V46/><REACH who="2" step="1"/><F67/><REACH who="2" step="2"/><W77/><G119/><T36/><D28/><U79/><E34/><V105/><F105/><W32/><G32/><T11/><D35/><U126/><E33/><V2/><F2/><W87/><G118/><T56/><D36/><AGARI ba="2,1" hai="36,40,46,50,52,59,78,83,85,93,99,102,104,106" machi="36" ten="30,3900,0" yaku="1,1,7,1,54,1,53,0" doraHai="115" doraHaiUra="3" who="2" fromWho="0" sc="198,-45,393,0,123,55,276,0" /><INIT seed="4,0,0,4,0,12" ten="153,393,178,276" oya="0" hai0="89,61,1,113,84,56,132,83,10,78,106,94,47" hai1="110,7,26,24,109,43,71,92,39,79,48,31,87" hai2="73,102,32,37,42,128,125,11,131,95,55,74,75" hai3="116,40,62,135,107,18,86,80,68,93,121,63,111"/><T17/><D132/><U15/><E71/><V70/><F70/><W14/><G135/><T105/><D113/><U127/><E39/><V91/><F32/><W9/><G111/><N who="1" m="42506" /><E92/><V69/><F69/><W101/><G116/><T5/><D47/><N who="1" m="25727" /><E31/><V119/><F11/><W114/><G114/><T6/><D6/><U0/><E0/><V58/><F42/><W45/><G121/><T21/><D56/><U72/><E72/><V53/><F37/><W60/><G107/><T81/><D61/><U108/><E127/><V33/><F33/><W3/><G3/><T34/><D34/><U103/><E103/><V122/><F122/><W88/><G68/><T124/><D124/><U64/><E64/><V19/><F102/><W52/><G101/><T46/><D46/><U98/><E98/><N who="2" m="57727" /><F119/><W115/><G115/><T41/><D41/><U123/><E123/><V28/><F28/><W59/><REACH who="3" step="1"/><G93/><REACH who="3" step="2"/><T27/><REACH who="0" step="1"/><D81/><REACH who="0" step="2"/><N who="1" m="47551" /><E108/><V96/><F125/><W117/><G117/><T25/><D25/><U54/><E26/><V22/><F75/><AGARI ba="0,2" hai="1,5,10,17,21,27,75,78,83,84,89,94,105,106" machi="75" ten="30,5800,0" yaku="1,1,7,1,52,1,53,0" doraHai="12" doraHaiUra="8" who="0" fromWho="2" sc="143,78,393,0,178,-58,266,0" /><INIT seed="4,1,0,5,3,128" ten="221,393,120,266" oya="0" hai0="117,85,44,121,103,30,31,40,26,20,106,41,8" hai1="118,58,112,23,126,100,89,104,19,135,65,74,61" hai2="32,129,29,81,77,120,67,88,9,34,123,6,105" hai3="124,52,7,25,53,102,83,73,50,12,5,91,18"/><T3/><D121/><U43/><E118/><V49/><F105/><W10/><G124/><T56/><D117/><U130/><E74/><V14/><F129/><W11/><G102/><T96/><D31/><U76/><E130/><V51/><F67/><W48/><G25/><T15/><D3/><U122/><E122/><V16/><F123/><W84/><G73/><T132/><D132/><U46/><E135/><V24/><F120/><W113/><G113/><T78/><D56/><U95/><E126/><V35/><F6/><W116/><G116/><T127/><D127/><U63/><E112/><V4/><F4/><W55/><REACH who="3" step="1"/><G18/><REACH who="3" step="2"/><T13/><D26/><U54/><E100/><V27/><F24/><W59/><G59/><T36/><D103/><U108/><E58/><V42/><F42/><W39/><G39/><T45/><D36/><U17/><E43/><V80/><F88/><W72/><G72/><T70/><D40/><U62/><E89/><V86/><REACH who="2" step="1"/><F80/><REACH who="2" step="2"/><W93/><G93/><T101/><D41/><U114/><E95/><V131/><F131/><W22/><G22/><AGARI ba="1,2" hai="9,14,16,22,27,29,32,34,35,49,51,77,81,86" machi="22" ten="40,2600,0" yaku="1,1,54,1,53,0" doraHai="128" doraHaiUra="0" who="2" fromWho="3" sc="221,0,393,0,110,49,256,-29" /><INIT seed="5,0,0,1,4,37" ten="221,393,159,227" oya="1" hai0="61,17,133,99,84,15,120,78,32,34,27,81,123" hai1="112,60,14,48,50,9,115,4,66,69,80,6,100" hai2="107,90,43,41,109,45,8,42,23,134,128,19,33" hai3="47,82,13,2,63,51,38,74,117,49,1,21,30"/><U73/><E100/><V125/><F109/><W59/><G117/><T77/><D133/><U67/><E67/><V94/><F134/><W72/><G38/><T62/><D99/><U36/><E36/><V52/><F107/><W116/><G116/><T11/><D77/><N who="1" m="44079" /><E4/><V127/><F33/><N who="0" m="12906" /><D27/><U119/><E119/><V88/><F8/><W46/><G72/><T89/><D78/><U7/><E7/><V57/><F45/><W83/><G83/><T3/><D3/><U131/><E131/><V18/><F128/><W12/><G12/><T56/><D56/><U29/><E29/><V96/><F90/><W97/><G97/><T105/><D105/><U28/><E28/><V85/><F19/><W93/><G93/><T40/><D40/><U58/><E69/><V86/><F127/><W110/><G110/><T114/><D114/><AGARI ba="0,0" hai="6,9,14,48,50,58,60,66,112,114,115" m="44079" machi="114" ten="30,1500,0" yaku="15,1" doraHai="37" who="1" fromWho="0" sc="221,-15,393,15,159,0,227,0" /><INIT seed="5,1,0,0,3,31" ten="206,408,159,227" oya="1" hai0="114,107,43,54,49,75,56,127,26,29,85,78,57" hai1="6,116,3,73,39,88,84,53,130,0,35,9,95" hai2="7,102,119,30,67,99,104,55,115,94,100,132,51" hai3="18,125,5,41,124,59,87,109,126,122,120,20,110"/><U27/><E116/><V76/><F119/><W113/><G41/><T42/><D107/><U133/><E39/><V28/><F115/><W64/><G87/><T25/><D114/><U96/><E73/><V135/><F76/><W97/><G113/><T34/><D127/><U21/><E133/><N who="2" m="51275" /><F7/><W14/><G97/><T77/><D75/><U46/><E35/><V48/><F67/><W72/><G72/><T22/><D57/><U24/><E130/><V74/><F74/><W98/><G98/><T62/><D85/><U101/><E3/><V36/><F36/><W106/><G106/><T1/><D1/><U90/><E90/><N who="2" m="55767" /><F104/><W121/><G59/><T79/><REACH who="0" step="1"/><D49/><REACH who="0" step="2"/><N who="2" m="19018" /><F55/><W83/><G64/><T37/><D37/><U15/><E53/><V128/><F128/><W103/><G103/><AGARI ba="1,1" hai="28,30,100,102,103" m="19018,55767,51275" machi="103" ten="30,1000,0" yaku="20,1" doraHai="31" who="2" fromWho="3" sc="196,0,408,0,159,23,227,-13" /><INIT seed="6,0,0,1,1,41" ten="196,408,182,214" oya="2" hai0="89,5,43,133,108,46,22,34,115,63,86,92,122" hai1="99,129,24,96,23,58,126,105,49,42,84,9,70" hai2="118,113,74,124,44,109,69,127,62,50,64,134,66" hai3="102,12,94,83,82,67,16,18,100,104,68,10,95"/><V87/><F74/><W52/><G104/><T130/><D122/><U90/><E70/><V27/><F27/><W120/><G120/><T38/><D108/><U116/><E116/><V2/><F2/><W75/><G68/><T3/><D34/><U128/><E126/><N who="2" m="48171" /><F118/><W29/><G67/><T25/><D133/><U60/><E9/><V39/><F66/><W77/><G29/><T97/><D130/><N who="1" m="50283" /><E105/><V117/><F117/><W85/><G95/><T88/><D115/><U106/><E106/><V125/><N who="2" m="48179" /><V37/><DORA hai="33" /><F109/><W14/><G94/><T71/><D63/><U19/><E49/><V57/><F87/><W6/><G6/><T55/><D55/><N who="1" m="33887" /><E42/><N who="2" m="24855" /><F134/><W26/><G26/><T93/><D71/><U51/><E51/><V112/><F69/><W45/><G75/><T28/><REACH who="0" step="1"/><D5/><REACH who="0" step="2"/><U80/><AGARI ba="0,1" hai="19,23,24,80,84,90,96,99" m="33887,50283" machi="80" ten="30,1100,0" yaku="19,1" doraHai="41,33" who="1" fromWho="1" sc="186,-3,408,21,182,-5,214,-3" /><INIT seed="7,0,0,1,1,105" ten="183,429,177,211" oya="3" hai0="64,106,5,122,68,135,44,39,108,47,87,59,53" hai1="102,82,60,18,85,1,46,134,127,80,55,11,94" hai2="19,78,7,125,8,112,126,117,16,110,38,37,81" hai3="29,124,32,121,26,76,9,133,70,109,83,2,27"/><W62/><G121/><T23/><D106/><U113/><E113/><V69/><F117/><W73/><G124/><N who="2" m="47721" /><F69/><W43/><G133/><T17/><D122/><U116/><E55/><V131/><F131/><W54/><G109/><T111/><D135/><U21/><E46/><N who="0" m="17449" /><D5/><U63/><E60/><V123/><F110/><N who="0" m="42026" /><D23/><U67/><E18/><N who="2" m="6699" /><F123/><W10/><G43/><T65/><D87/><U104/><E85/><N who="2" m="48311" /><F112/><W107/><G107/><T51/><D17/><U101/><E94/><V100/><F100/><W50/><G2/><AGARI ba="0,0" hai="2,7,8,37,38" m="48311,6699,47721" machi="2" ten="30,2000,0" yaku="18,1,54,1" doraHai="105" who="2" fromWho="3" sc="183,0,429,0,177,20,211,-20" owari="183,-32,429,53,197,0,191,-21" /></mjloggm>