<mjloggm ver="2.3"><GO type="169" lobby="0"/><UN n0="%E6%AD%A6%E5%A3%AB%E6%B2%A2%E7%A7%80%E8%A1%8C" n1="%E3%82%82%E3%81%97%E3%83%A9%E3%82%B9%E3%81%A7" n2="%EF%BC%88%E2%89%A7%E2%96%BD%E2%89%A6%EF%BC%89" n3="%E3%82%AA%E3%82%BA%E3%82%B0%E3%83%AB%E3%83%BC%E3%83%97" dan="17,16,17,16" rate="2141.16,2055.71,2137.17,2123.26" sx="M,M,M,M"/><TAIKYOKU oya="0"/><INIT seed="0,0,0,5,0,42" ten="250,250,250,250" oya="0" hai0="38,46,113,12,114,32,0,81,78,82,5,94,83" hai1="73,106,33,35,108,77,112,14,71,75,63,116,86" hai2="49,118,17,130,90,19,6,134,54,58,41,72,115" hai3="50,121,29,37,52,125,123,59,31,111,48,79,122"/><T26/><D78/><U67/><E86/><V21/><F72/><W25/><G37/><T11/><D94/><U8/><E116/><V34/><F115/><W53/><G79/><T61/><D61/><U92/><E106/><V57/><F34/><W76/><G76/><T96/><D96/><U107/><E107/><V110/><F110/><W56/><G125/><T102/><D102/><U74/><E108/><V129/><F118/><W126/><G126/><T98/><D98/><U7/><E92/><V133/><F6/><W64/><G111/><T23/><D32/><U39/><E39/><V4/><F4/><W20/><G64/><T51/><D38/><U99/><E99/><V68/><F68/><W93/><G93/><T28/><REACH who="0" step="1"/><D0/><REACH who="0" ten="240,250,250,250" step="2"/><U69/><E77/><V16/><F130/><W103/><G103/><T101/><D101/><U2/><E2/><V135/><F129/><W40/><G40/><AGARI ba="0,1" hai="5,11,12,23,26,28,40,46,51,81,82,83,113,114" machi="40" ten="40,3900,0" yaku="1,1,52,1,53,0" doraHai="42" doraHaiUra="97" who="0" fromWho="3" sc="240,49,250,0,250,0,250,-39" /><INIT seed="0,1,0,4,1,27" ten="289,250,250,211" oya="0" hai0="55,80,126,58,135,29,19,52,42,10,14,6,116" hai1="23,51,101,94,54,70,39,35,129,18,71,100,17" hai2="83,123,87,47,2,16,107,24,57,64,20,45,15" hai3="86,121,41,133,128,48,106,22,85,81,30,37,95"/><T93/><D116/><U119/><E35/><V99/><F2/><W59/><G106/><T7/><D135/><U102/><E39/><V122/><F122/><W26/><G133/><T112/><D112/><U68/><E129/><V4/><F123/><W125/><G128/><T69/><D69/><U77/><E77/><N who="2" m="46575" /><F99/><W118/><G121/><T111/><D111/><U53/><E119/><V84/><F84/><W120/><G118/><T79/><D126/><U92/><E51/><V61/><F107/><W98/><G125/><T115/><D115/><U97/><E97/><V76/><F76/><W88/><G120/><T127/><D127/><U40/><E40/><V50/><F50/><W90/><G37/><T1/><D42/><U56/><E56/><V82/><F82/><W49/><G41/><T11/><D93/><N who="1" m="35947" /><E23/><N who="2" m="11679" /><F4/><W72/><G72/><T96/><D96/><U75/><E75/><V33/><F33/><W108/><G108/><T74/><D7/><U91/><E91/><V60/><F61/><W66/><G98/><T0/><D0/><U109/><E109/><V28/><AGARI ba="1,0" hai="20,24,28,45,47,57,60,64" m="11679,46575" machi="28" ten="30,4000,0" yaku="8,1,52,1,54,1" doraHai="27" who="2" fromWho="2" sc="289,-21,250,-11,250,43,211,-11" /><INIT seed="1,0,0,4,0,114" ten="268,239,293,200" oya="1" hai0="83,98,14,22,120,73,8,43,20,31,1,85,2" hai1="57,133,102,50,122,106,128,71,107,53,69,134,66" hai2="94,100,0,25,9,47,54,105,5,45,92,58,24" hai3="38,35,125,44,40,65,27,72,3,131,59,123,60"/><U103/><E103/><V23/><F105/><W52/><G123/><T111/><D120/><U17/><E122/><V109/><F109/><W4/><G72/><T48/><D111/><U13/><E128/><V10/><F10/><W84/><G131/><T132/><D73/><U119/><E119/><V127/><F127/><W74/><G74/><T15/><D132/><N who="1" m="50795" /><E66/><V7/><F7/><W135/><G125/><T130/><D130/><U49/><E50/><V33/><F33/><W6/><G135/><T36/><D36/><U79/><E79/><V78/><F78/><W86/><G3/><T39/><D39/><U124/><E124/><V97/><F92/><W113/><G113/><T112/><D112/><U118/><E118/><V110/><F24/><W87/><G27/><N who="0" m="16871" /><D2/><U96/><E106/><V129/><F129/><W116/><G35/><T63/><D1/><U28/><E28/><V26/><F26/><W30/><G30/><T101/><D22/><AGARI ba="0,0" hai="13,17,22,49,53,57,69,71,96,102,107" m="50795" machi="22" ten="30,1500,0" yaku="20,1" doraHai="114" who="1" fromWho="0" sc="268,-15,239,15,293,0,200,0" /><INIT seed="1,1,0,0,0,111" ten="253,254,293,200" oya="1" hai0="7,38,3,90,121,49,134,0,25,99,47,69,4" hai1="19,128,104,85,53,27,81,22,36,28,109,56,78" hai2="33,60,2,45,23,122,86,41,6,117,57,79,129" hai3="75,14,87,55,31,52,16,96,95,54,21,88,40"/><U51/><E104/><V131/><F33/><W72/><G40/><T43/><D121/><U26/><E36/><V106/><F106/><W77/><G31/><T42/><D134/><U5/><E109/><V113/><F113/><W17/><G77/><T24/><D69/><U133/><E128/><N who="2" m="49227" /><F117/><W124/><G124/><T94/><D3/><U39/><E39/><V130/><F122/><W103/><REACH who="3" step="1"/><G17/><REACH who="3" ten="253,254,293,190" step="2"/><T15/><D0/><U102/><E5/><N who="0" m="2121" /><D38/><U73/><E133/><V20/><F130/><W10/><G10/><T48/><D15/><U68/><E19/><V82/><F6/><W91/><G91/><T34/><D34/><U74/><E28/><V127/><F127/><W93/><AGARI ba="1,1" hai="14,16,21,52,54,55,72,75,87,88,93,95,96,103" machi="93" ten="30,8000,1" yaku="1,1,0,1,54,3,53,0" doraHai="111" doraHaiUra="100" who="3" fromWho="3" sc="253,-21,254,-41,293,-21,190,93" /><INIT seed="2,0,0,3,2,129" ten="232,213,272,283" oya="2" hai0="72,119,134,65,7,55,100,82,43,122,96,120,8" hai1="39,33,121,16,69,62,48,56,4,88,127,45,28" hai2="93,9,87,41,77,98,59,85,35,86,126,1,17" hai3="57,19,12,99,109,94,104,23,30,111,84,107,80"/><V31/><F126/><W18/><G30/><T53/><D119/><U130/><E4/><V110/><F110/><N who="3" m="41995" /><G19/><T101/><D65/><U78/><E78/><V26/><F41/><W113/><G57/><T116/><D116/><U22/><E127/><V63/><F77/><N who="3" m="46095" /><G113/><T115/><D115/><U105/><E105/><V51/><F51/><W131/><G131/><T117/><D117/><U34/><E130/><V92/><F98/><W124/><G124/><T91/><D43/><U2/><E2/><V112/><F112/><W29/><G29/><T58/><D134/><U83/><E28/><V118/><F118/><W60/><G60/><T32/><D32/><U47/><E69/><V108/><F108/><W5/><G5/><T11/><D120/><U3/><E121/><V27/><F1/><W102/><AGARI ba="0,0" hai="12,18,23,94,99,102,104,107" m="46095,41995" machi="102" ten="30,1100,0" yaku="14,1" doraHai="129" who="3" fromWho="3" sc="232,-3,213,-3,272,-5,283,11" /><INIT seed="3,0,0,5,5,25" ten="229,210,267,294" oya="3" hai0="19,24,40,98,6,116,64,126,48,54,87,34,99" hai1="30,21,35,105,135,78,103,115,52,89,29,120,95" hai2="112,36,113,37,125,13,61,80,132,106,93,22,0" hai3="70,4,79,58,102,75,56,60,88,108,67,110,3"/><W23/><G102/><T1/><D116/><U101/><E35/><V62/><F0/><W31/><G3/><T39/><D126/><U100/><E105/><V118/><F106/><W86/><G4/><T73/><D73/><U74/><E115/><V134/><F118/><W104/><G79/><T122/><D122/><U85/><E120/><V53/><F80/><W8/><G75/><T45/><D64/><U114/><E114/><N who="2" m="44139" /><F93/><N who="3" m="54423" /><G8/><T123/><D123/><U10/><E135/><N who="2" m="51755" /><F125/><W68/><G70/><T18/><D87/><U69/><E69/><V119/><F119/><W131/><G131/><T77/><D77/><U111/><E111/><N who="3" m="42538" /><G104/><T32/><D6/><U9/><E74/><V55/><F13/><W15/><G15/><T82/><D1/><U57/><E78/><V97/><F97/><W66/><G66/><T50/><D82/><U27/><REACH who="1" step="1"/><E29/><REACH who="1" ten="229,200,267,294" step="2"/><V12/><F62/><AGARI ba="0,1" hai="9,10,21,27,30,52,57,62,85,89,95,100,101,103" machi="62" ten="40,12000,2" yaku="1,1,2,1,8,1,52,1,54,1,53,2" doraHai="25" doraHaiUra="5" who="1" fromWho="2" sc="229,0,200,130,267,-120,294,0" /><INIT seed="4,0,0,0,4,100" ten="229,330,147,294" oya="0" hai0="50,56,12,66,18,71,17,103,0,81,55,62,86" hai1="73,131,3,85,58,79,44,15,4,6,135,25,83" hai2="76,61,87,38,113,116,1,90,46,22,39,30,88" hai3="92,129,40,48,19,96,31,54,53,82,97,68,117"/><T126/><D126/><U104/><E3/><V72/><F113/><W47/><G68/><T45/><D0/><U134/><E131/><V127/><F1/><W114/><G129/><T89/><D103/><U21/><E104/><V102/><F127/><W11/><G114/><T16/><REACH who="0" step="1"/><D71/><REACH who="0" ten="219,330,147,294" step="2"/><U33/><E134/><V13/><F102/><W43/><G117/><T20/><AGARI ba="0,1" hai="12,16,17,18,20,45,50,55,56,62,66,81,86,89" machi="20" ten="20,18000,2" yaku="1,1,2,1,0,1,7,1,8,1,54,1,53,0" doraHai="100" doraHaiUra="115" who="0" fromWho="0" sc="219,190,330,-60,147,-60,294,-60" /><INIT seed="4,1,0,2,0,50" ten="409,270,87,234" oya="0" hai0="87,36,63,46,132,77,135,122,70,85,42,40,15" hai1="78,61,21,33,43,7,12,106,56,98,29,14,134" hai2="6,117,67,88,18,8,81,127,4,44,28,133,112" hai3="114,97,113,75,104,73,16,49,90,116,2,22,110"/><T30/><D122/><U60/><E33/><V126/><F117/><W115/><G2/><T38/><D30/><U94/><E106/><V95/><F112/><W82/><G116/><T45/><D15/><U24/><E134/><N who="0" m="51241" /><D77/><U13/><E78/><V130/><F133/><W37/><G37/><N who="0" m="14443" /><D87/><U57/><E43/><N who="0" m="16425" /><D85/><U131/><E7/><V80/><F130/><W10/><G10/><T103/><D103/><U19/><E131/><V74/><F74/><W111/><G49/><T59/><D70/><U31/><E31/><V109/><F28/><W105/><G22/><T89/><D89/><N who="1" m="55631" /><E29/><V72/><F72/><N who="3" m="27723" /><G16/><T11/><D11/><U69/><E69/><V23/><F8/><W5/><G5/><T54/><AGARI ba="1,0" hai="45,46,54,59,63" m="16425,14443,51241" machi="54" ten="40,12000,1" yaku="20,1,34,2,52,1" doraHai="50" who="0" fromWho="0" sc="409,123,270,-41,87,-41,234,-41" /><INIT seed="4,2,0,1,0,71" ten="532,229,46,193" oya="0" hai0="89,10,45,49,41,0,93,119,36,110,105,125,123" hai1="29,43,115,90,118,61,27,56,100,74,68,70,72" hai2="16,6,99,134,44,20,12,87,104,127,37,85,5" hai3="121,30,86,24,66,88,114,23,60,81,54,80,4"/><T57/><D123/><U92/><E100/><V96/><F134/><W2/><G121/><T103/><D119/><U50/><E118/><V35/><F127/><W112/><G2/><T55/><D125/><U19/><E19/><V109/><F35/><W75/><G4/><T51/><D110/><U18/><E18/><V116/><F116/><W62/><G54/><T101/><D105/><U25/><E25/><V77/><F109/><W91/><G75/><T94/><D94/><U34/><E115/><N who="3" m="44074" /><G66/><T82/><D82/><N who="3" m="31849" /><G86/><T31/><D31/><U33/><E33/><V11/><F77/><W28/><G28/><T65/><D65/><U14/><E14/><V113/><F113/><W84/><G84/><T133/><D133/><U64/><E74/><V38/><F104/><W47/><G47/><T1/><D51/><U32/><E72/><V40/><F5/><W63/><AGARI ba="2,0" hai="23,24,30,60,62,63,88,91" m="31849,44074" machi="63" ten="40,2700,0" yaku="15,1,54,1" doraHai="71" who="3" fromWho="3" sc="532,-15,229,-9,46,-9,193,33" /><INIT seed="5,0,0,3,0,125" ten="517,220,37,226" oya="1" hai0="25,117,64,18,24,123,44,68,78,55,87,32,3" hai1="82,22,134,126,35,105,108,21,110,93,6,76,60" hai2="57,90,33,59,92,45,34,41,121,100,79,118,1" hai3="129,69,107,70,120,109,102,103,99,28,40,128,119"/><U9/><E105/><V74/><F121/><W15/><G120/><T39/><D123/><U26/><E35/><V101/><F118/><W85/><G119/><T50/><D117/><U115/><E126/><V13/><F1/><W116/><G116/><T58/><D3/><U27/><E134/><V8/><F74/><W130/><G109/><T48/><D32/><U54/><E93/><V113/><F79/><W96/><G40/><T38/><D68/><N who="3" m="26217" /><G28/><T132/><D132/><U2/><E60/><V0/><F0/><W29/><G29/><T7/><D7/><U122/><E54/><V12/><F113/><W75/><G15/><T36/><D18/><U71/><E115/><V133/><F133/><W49/><G49/><T11/><D11/><U127/><E71/><V106/><F106/><N who="3" m="63815" /><G85/><T20/><D20/><N who="1" m="7787" /><E122/><V42/><F8/><W17/><G17/><T16/><D16/><U52/><E52/><V23/><F23/><W19/><G19/><T77/><D64/><U46/><E46/><V10/><F10/><W114/><G75/><T67/><D67/><U112/><E112/><AGARI ba="0,0" hai="99,103,107,112,114,128,129,130" m="63815,26217" machi="112" ten="40,8000,1" yaku="19,1,23,1,52,3" doraHai="125" who="3" fromWho="1" sc="517,0,220,-80,37,0,226,80" /><INIT seed="6,0,0,1,5,130" ten="517,140,37,306" oya="2" hai0="102,70,101,59,80,112,77,122,109,11,75,79,44" hai1="119,66,1,5,52,74,0,3,110,135,56,31,28" hai2="12,85,94,118,68,91,72,73,42,2,37,78,13" hai3="81,23,33,111,88,113,84,63,133,71,98,30,132"/><V45/><F118/><W6/><G33/><T106/><D122/><U93/><E5/><V53/><F68/><W21/><G111/><T34/><D109/><U32/><E74/><V43/><F43/><W89/><G6/><T121/><D70/><U54/><E119/><V116/><F116/><W48/><G30/><T36/><D121/><U55/><E110/><V95/><F2/><W26/><G48/><T22/><D112/><U125/><E32/><V131/><F131/><W86/><G98/><T47/><D34/><U51/><E125/><V20/><F78/><W58/><G71/><T19/><D79/><U4/><E4/><V115/><F115/><W15/><G15/><T76/><D76/><U69/><E69/><V99/><F53/><W128/><G128/><T24/><D106/><U65/><E51/><V108/><F108/><W87/><G113/><T18/><D59/><U114/><E56/><V46/><F46/><W92/><G86/><T126/><D126/><U96/><E114/><V103/><REACH who="2" step="1"/><F12/><REACH who="2" ten="517,140,27,306" step="2"/><W38/><G38/><T134/><D47/><U83/><E0/><V16/><AGARI ba="0,1" hai="13,16,20,37,42,45,72,73,85,91,94,95,99,103" machi="16" ten="30,11700,0" yaku="1,1,2,1,0,1,54,1,53,0" doraHai="130" doraHaiUra="49" who="2" fromWho="2" sc="517,-39,140,-39,27,127,306,-39" /><INIT seed="6,1,0,0,1,119" ten="478,101,154,267" oya="2" hai0="68,79,97,17,71,60,77,19,51,42,84,29,53" hai1="95,94,3,33,108,58,13,88,93,26,86,80,27" hai2="110,20,98,8,101,22,2,129,103,118,7,131,35" hai3="69,125,96,124,112,74,57,120,81,65,59,64,135"/><V0/><F118/><W18/><G96/><T123/><D123/><U111/><E3/><V104/><F110/><W41/><G18/><T109/><D109/><U128/><E128/><N who="2" m="49227" /><F0/><W76/><G41/><T37/><D29/><U115/><E115/><V39/><F35/><W44/><G44/><N who="0" m="23631" /><D97/><U106/><E106/><V38/><F103/><W1/><G1/><T43/><D43/><U16/><E58/><N who="3" m="22026" /><G112/><T107/><D107/><U100/><E100/><V90/><F90/><W87/><G74/><T126/><D60/><U61/><E61/><V46/><F46/><W45/><G45/><N who="0" m="27887" /><D68/><U5/><E5/><V85/><F85/><W14/><G14/><T49/><D71/><U10/><REACH who="1" step="1"/><E26/><REACH who="1" ten="478,91,154,267" step="2"/><V132/><F132/><W82/><G135/><T55/><D77/><U12/><E12/><V4/><F7/><W133/><G133/><T62/><D79/><U31/><AGARI ba="1,1" hai="10,13,16,27,31,33,80,86,88,93,94,95,108,111" machi="31" ten="30,7900,0" yaku="1,1,0,1,54,2,53,0" doraHai="119" doraHaiUra="66" who="1" fromWho="1" sc="478,-21,91,92,154,-40,267,-21" /><INIT seed="7,0,0,1,5,7" ten="457,183,114,246" oya="3" hai0="9,91,116,6,97,10,49,12,32,25,63,119,100" hai1="2,44,26,135,78,76,34,40,86,127,121,64,68" hai2="82,59,77,43,28,108,73,22,126,131,53,23,111" hai3="103,60,71,130,75,69,57,62,36,50,1,0,90"/><W39/><G103/><T42/><D91/><U70/><E121/><V72/><F126/><W15/><G90/><T33/><D63/><U112/><E2/><V109/><F131/><W89/><G89/><T99/><D99/><U52/><E52/><V79/><F43/><W3/><G75/><T123/><D123/><U45/><E127/><V102/><F102/><W65/><G130/><T94/><D10/><U133/><E112/><V11/><F28/><W84/><G84/><T13/><D13/><U61/><E70/><V16/><F77/><N who="1" m="29801" /><E86/><V96/><F96/><W125/><G125/><T17/><D6/><U118/><E118/><V58/><F73/><W21/><G50/><T8/><D8/><U95/><E95/><V24/><F23/><W29/><G29/><T19/><D19/><U47/><E26/><V101/><F101/><W85/><G85/><T104/><D104/><U4/><E4/><V31/><REACH who="2" step="1"/><F53/><REACH who="2" ten="457,183,104,246" step="2"/><W20/><G20/><T41/><D119/><U113/><E34/><V81/><F81/><W106/><G21/><N who="0" m="13487" /><D116/><U80/><E80/><V66/><F66/><W88/><G106/><T122/><D33/><U134/><E113/><V132/><F132/><W93/><G71/><T14/><D32/><U67/><E67/><V48/><F48/><AGARI ba="0,1" hai="40,44,45,47,48,61,64,68,133,134,135" m="29801" machi="48" ten="30,1000,0" yaku="20,1" doraHai="7" who="1" fromWho="2" sc="457,0,183,20,104,-10,246,0" owari="457,56.0,203,-20.0,94,-41.0,246,5.0" /></mjloggm>