<mjloggm ver="2.3"><GO type="169"/><UN n0="%E3%82%B2%E3%83%AB%E3%83%8B%E3%82%AB" n1="%EF%BC%88%E2%89%A7%E2%96%BD%E2%89%A6%EF%BC%89" n2="%E6%94%AF%E5%80%89%E6%9B%9C%E5%AD%90" n3="%E6%9C%88%E9%95%B7%E7%9F%B3" dan="17,18,16,17" rate="2190,2200,2022,2122" sx="M,M,F,M"/><TAIKYOKU oya="0"/><INIT seed="0,0,0,4,1,32" ten="250,250,250,250" oya="0" hai0="115,51,120,60,20,117,69,37,24,17,44,74,92" hai1="10,76,45,89,97,33,95,68,100,63,26,131,72" hai2="102,109,56,55,70,3,128,65,58,9,118,11,49" hai3="14,110,85,67,106,133,78,61,71,75,42,66,46"/><T25/><D120/><U64/><E131/><V83/><F128/><W16/><G106/><T127/><D117/><U62/><E45/><V29/><F118/><W53/><G133/><T48/><D115/><U123/><E123/><V39/><F39/><W23/><G110/><T8/><D74/><U87/><E10/><V38/><F38/><W6/><G66/><T93/><D37/><U22/><E33/><V94/><F70/><W31/><G53/><T30/><D127/><U103/><E63/><N who="2" m="38135" /><F3/><W101/><G101/><T35/><D8/><U34/><E34/><V21/><F83/><W111/><G111/><T5/><D5/><U129/><E129/><V54/><F54/><W125/><G125/><T107/><D107/><U126/><E126/><V134/><F134/><W121/><G121/><T0/><D0/><U19/><E72/><V84/><F109/><W28/><G75/><T105/><D105/><U124/><E124/><V112/><F112/><W13/><G6/><T114/><D114/><U43/><E43/><V59/><F59/><W132/><G132/><T4/><D4/><U91/><REACH who="1" step="1"/><E76/><REACH who="1" ten="250,240,250,250" step="2"/><V27/><F9/><W135/><G78/><T73/><D73/><U113/><E113/><V40/><F11/><W86/><G135/><T96/><D44/><U15/><E15/><V7/><F40/><W130/><G13/><T52/><D35/><U79/><E79/><V82/><F7/><W18/><G130/><T99/><D25/><U88/><E88/><N who="2" m="51223" /><F102/><W119/><G119/><T81/><D24/><U98/><E98/><V77/><F77/><W47/><G42/><RYUUKYOKU ba="0,1" sc="250,-15,240,15,250,15,250,-15" hai1="19,22,26,62,64,68,87,89,91,95,97,100,103" hai2="21,27,29,49,55,56,94" /><INIT seed="1,1,1,0,1,43" ten="235,255,265,235" oya="1" hai0="68,134,16,112,22,55,72,110,6,119,12,2,58" hai1="11,104,19,101,129,84,122,14,45,91,78,32,130" hai2="118,42,99,113,132,67,76,20,74,5,52,82,1" hai3="31,48,108,34,97,37,0,89,102,62,39,73,98"/><U29/><E122/><V56/><F118/><W83/><G0/><T109/><D119/><U49/><E78/><V90/><F67/><W10/><G108/><N who="0" m="41579" /><D112/><U135/><E135/><V7/><F132/><W121/><G121/><T33/><D134/><U94/><E32/><V86/><F113/><W123/><G123/><T131/><D33/><U85/><E29/><V116/><F116/><W70/><G10/><N who="0" m="2391" /><D68/><U30/><E30/><V64/><F1/><W95/><G48/><N who="0" m="31079" /><D131/><N who="1" m="50187" /><E104/><V9/><F9/><W3/><G3/><T106/><D106/><U92/><E101/><V127/><F5/><W66/><G73/><AGARI ba="1,1" hai="12,16,22,72,73" m="31079,2391,41579" machi="73" ten="30,2000,0" yaku="14,1,54,1" doraHai="43" who="0" fromWho="3" sc="235,33,255,0,265,0,235,-23" /><INIT seed="2,0,0,0,0,24" ten="268,255,265,212" oya="2" hai0="41,34,60,133,37,73,88,95,55,110,1,26,103" hai1="127,70,63,51,8,23,78,74,117,27,3,128,131" hai2="80,50,76,102,38,62,92,100,49,123,32,40,84" hai3="39,112,85,45,57,6,108,126,121,44,29,30,28"/><V107/><F107/><W47/><G121/><T124/><D73/><U46/><E117/><V93/><F123/><W11/><G112/><T101/><D1/><U81/><E127/><V96/><F32/><W120/><G126/><T56/><D124/><U36/><E70/><V54/><F38/><W67/><G120/><T105/><D110/><U15/><E63/><V12/><F12/><N who="3" m="5239" /><G108/><T59/><D133/><U33/><E33/><V109/><F109/><W116/><G116/><T98/><D37/><U89/><E89/><V99/><REACH who="2" step="1"/><F40/><REACH who="2" ten="268,255,255,212" step="2"/><W71/><G39/><T97/><D41/><U79/><E36/><V18/><F18/><W118/><G118/><T0/><D34/><U2/><E131/><V135/><F135/><W5/><G71/><T125/><D125/><U90/><E128/><V31/><F31/><W130/><G130/><T115/><D105/><U22/><E2/><V82/><F82/><W114/><G114/><T66/><D0/><U77/><E3/><V129/><F129/><W119/><G119/><T134/><D115/><U61/><E15/><V68/><F68/><W87/><G5/><T16/><D134/><U19/><E81/><V43/><F43/><W14/><G14/><T4/><D4/><U111/><E19/><V106/><F106/><W65/><G65/><T10/><D26/><U94/><E27/><V20/><F20/><W83/><G83/><T72/><D16/><U48/><E23/><V86/><F86/><W113/><G113/><T53/><D10/><U42/><E8/><V21/><F21/><W91/><G91/><T122/><D88/><RYUUKYOKU ba="0,1" sc="268,-15,255,-15,255,15,212,15" hai2="49,50,54,62,76,80,84,92,93,96,99,100,102" hai3="28,29,30,44,45,47,57,67,85,87" /><INIT seed="2,1,1,3,3,81" ten="253,240,270,227" oya="2" hai0="75,5,91,108,115,94,122,131,38,89,34,61,69" hai1="29,112,103,40,101,18,6,45,41,63,50,117,56" hai2="72,21,73,12,95,54,68,84,114,123,25,97,7" hai3="86,102,105,52,10,31,13,0,80,98,110,27,129"/><V17/><F123/><W88/><G129/><T55/><D122/><U33/><E117/><V120/><F120/><W106/><G110/><T78/><D38/><U62/><E112/><V49/><F68/><W46/><G0/><T4/><D115/><U36/><E6/><V87/><F114/><W135/><G135/><T126/><D34/><U79/><E33/><V71/><F71/><W43/><G106/><T16/><D108/><U124/><E29/><V57/><F73/><W85/><G85/><N who="2" m="32841" /><F72/><W132/><G132/><T83/><D69/><U15/><E36/><V127/><F127/><W111/><G111/><T133/><D126/><U92/><E124/><V130/><F130/><W93/><G105/><T51/><D131/><U109/><E109/><V20/><F7/><N who="3" m="3295" /><G43/><T60/><D133/><U32/><E32/><V128/><F128/><W67/><G67/><T22/><D5/><U39/><E39/><V99/><F95/><W11/><G11/><T24/><D4/><U42/><E92/><V76/><F76/><W3/><G3/><T26/><D94/><U48/><E79/><V100/><F100/><W104/><G104/><T35/><D75/><U90/><E103/><V74/><F74/><W116/><G116/><T77/><D35/><U23/><E101/><V107/><F107/><W44/><G52/><T37/><D55/><N who="1" m="31847" /><E90/><V1/><F1/><W14/><G14/><T134/><D37/><U58/><E63/><V53/><F53/><AGARI ba="1,1" hai="15,18,23,40,41,42,45,50,53,58,62" m="31847" machi="53" ten="30,1000,0" yaku="8,1" doraHai="81" who="1" fromWho="2" sc="253,0,240,23,270,-13,227,0" /><INIT seed="3,0,0,5,0,93" ten="253,263,257,227" oya="3" hai0="27,35,98,29,50,119,84,124,63,70,112,97,60" hai1="41,108,128,127,33,131,45,79,15,52,77,95,125" hai2="23,99,135,134,49,38,68,21,56,48,72,28,129" hai3="34,16,92,55,122,130,105,132,81,80,39,101,32"/><W14/><G122/><T94/><D119/><U54/><E33/><V69/><F38/><W118/><G118/><T91/><D124/><N who="1" m="47691" /><E15/><V46/><F72/><W61/><G39/><T78/><D112/><U126/><E126/><V86/><F129/><N who="1" m="49737" /><E108/><V66/><F86/><W90/><G132/><N who="2" m="50729" /><F28/><W2/><G2/><T8/><D78/><N who="1" m="29707" /><E95/><V120/><F120/><W19/><G130/><T40/><D8/><U133/><E133/><V76/><F76/><W73/><G34/><T89/><D70/><U100/><E100/><V57/><F68/><W117/><G32/><T114/><D114/><U20/><E20/><V116/><F69/><W123/><G117/><T43/><D43/><U17/><E17/><V13/><F13/><W37/><G37/><AGARI ba="0,0" hai="37,41,45,52,54" m="29707,49737,47691" machi="37" ten="30,3900,0" yaku="18,1,19,1,54,1" doraHai="93" who="1" fromWho="3" sc="253,0,263,39,257,0,227,-39" /><INIT seed="4,0,0,5,5,34" ten="253,302,257,188" oya="0" hai0="22,2,67,5,86,123,99,46,24,13,117,51,20" hai1="132,12,98,7,76,48,58,120,14,66,75,125,77" hai2="59,68,70,109,17,115,50,105,108,89,97,62,102" hai3="21,55,84,36,74,88,39,9,71,131,69,130,42"/><T32/><D117/><U65/><E120/><V26/><F115/><W40/><G74/><T100/><D123/><U15/><E125/><V53/><F89/><W124/><G21/><T56/><D32/><U101/><E132/><V18/><F70/><N who="3" m="26635" /><G9/><T19/><D86/><U6/><E75/><V104/><F104/><W103/><G103/><T116/><D116/><U30/><E30/><V119/><F119/><W31/><G31/><T135/><D2/><U94/><E48/><V27/><F27/><W134/><G134/><T4/><D135/><U121/><E58/><V122/><F122/><W91/><G124/><T25/><D67/><N who="1" m="25611" /><E121/><V81/><F68/><W73/><G73/><T54/><D56/><U96/><E98/><V37/><F97/><W0/><G0/><T45/><D45/><U83/><E83/><V49/><F81/><W118/><G118/><T133/><D133/><U110/><E110/><V127/><F108/><W128/><G55/><T33/><D33/><U63/><E63/><V41/><F109/><W107/><G107/><T113/><D113/><U72/><E72/><V85/><F127/><W28/><G28/><N who="0" m="17415" /><D25/><U60/><E60/><V44/><F26/><W43/><G84/><T95/><AGARI ba="0,0" hai="4,5,13,19,22,46,51,54,95,99,100" m="17415" machi="95" ten="30,1500,0" yaku="8,1" doraHai="34" who="0" fromWho="0" sc="253,15,302,-5,257,-5,188,-5" /><INIT seed="4,1,0,0,2,93" ten="268,297,252,183" oya="0" hai0="130,12,85,11,21,67,81,33,102,86,73,49,41" hai1="50,64,15,65,47,57,114,105,26,66,121,22,42" hai2="127,58,89,68,103,74,107,61,3,34,119,113,71" hai3="51,118,91,83,45,95,48,16,84,98,78,108,52"/><T19/><D33/><U88/><E105/><V80/><F34/><W125/><G125/><T46/><D73/><U44/><E121/><V32/><F32/><W132/><G132/><T77/><D102/><U62/><E114/><V123/><F3/><W90/><G118/><T31/><D130/><U128/><E128/><V38/><F38/><W43/><G108/><T82/><D67/><U53/><E15/><V23/><F123/><W99/><G16/><T111/><D111/><U40/><E88/><V72/><F107/><W117/><G117/><T97/><D97/><N who="3" m="36873" /><G95/><T124/><D124/><U0/><E0/><V100/><F68/><W7/><G7/><T9/><REACH who="0" step="1"/><D31/><REACH who="0" ten="258,297,252,183" step="2"/><U60/><E66/><V75/><F127/><W2/><G2/><T20/><D20/><U30/><E65/><V110/><F119/><W8/><G8/><T134/><D134/><U37/><E64/><V116/><F116/><W6/><G6/><T87/><D87/><U112/><REACH who="1" step="1"/><E112/><REACH who="1" ten="258,287,252,183" step="2"/><V1/><F113/><W122/><G122/><T94/><D94/><U109/><E109/><V115/><F110/><W39/><G39/><AGARI ba="1,2" hai="22,26,30,37,39,40,42,44,47,50,53,57,60,62" machi="39" ten="30,3900,0" yaku="1,1,7,1,9,1,53,0" doraHai="93" doraHaiUra="10" who="1" fromWho="3" sc="258,0,287,62,252,0,183,-42" /><INIT seed="5,0,0,1,2,69" ten="258,349,252,141" oya="1" hai0="7,105,132,55,91,24,6,49,0,100,65,86,71" hai1="106,3,59,123,27,94,70,73,99,60,43,83,42" hai2="62,47,68,98,103,53,90,133,52,56,38,76,31" hai3="97,57,34,30,112,18,15,25,29,35,1,54,87"/><U125/><E3/><V9/><F68/><W122/><G122/><T130/><D130/><U96/><E70/><V129/><F129/><W50/><G112/><T108/><D108/><U8/><E123/><V32/><F133/><W28/><G1/><T109/><D109/><U72/><E125/><V46/><F76/><W63/><G97/><T85/><D132/><U113/><E113/><V107/><F9/><W127/><G127/><T16/><D105/><U21/><E8/><V39/><F90/><W51/><G35/><T121/><D100/><U93/><E106/><V115/><F115/><W134/><G134/><T45/><D121/><U48/><E83/><V124/><F124/><W33/><G33/><T10/><D6/><U23/><E48/><V13/><F13/><W58/><G87/><T111/><D111/><U104/><E104/><V5/><F5/><W37/><G37/><T40/><D40/><U135/><E135/><V118/><F118/><W17/><G17/><T4/><D4/><U128/><E128/><V14/><F14/><W26/><G26/><T74/><D74/><U110/><E110/><V117/><F117/><W131/><G131/><T120/><D120/><U126/><E126/><V88/><F88/><W66/><REACH who="3" step="1"/><G51/><REACH who="3" ten="258,349,252,131" step="2"/><T12/><D0/><U119/><E99/><V77/><F38/><W81/><G81/><N who="0" m="49583" /><D86/><U75/><E75/><V78/><F39/><W64/><G64/><T44/><D24/><U36/><E27/><N who="2" m="18559" /><F78/><W82/><G82/><T79/><D79/><U61/><E73/><V114/><F77/><W2/><G2/><T20/><D49/><RYUUKYOKU ba="0,1" sc="258,-10,349,-10,252,-10,131,30" hai3="15,18,25,28,29,30,34,50,54,57,58,63,66" /><INIT seed="6,1,1,5,5,101" ten="248,339,242,161" oya="2" hai0="73,121,116,129,58,56,45,48,12,126,42,98,74" hai1="71,124,62,14,77,76,125,50,43,134,114,85,119" hai2="25,51,91,100,95,131,120,103,97,23,9,19,34" hai3="94,84,133,37,61,39,41,49,20,64,75,130,57"/><V65/><F120/><W60/><G75/><T66/><D121/><U13/><E119/><V80/><F131/><W127/><G20/><T115/><D129/><U63/><E114/><V10/><F34/><W108/><G84/><T111/><D111/><U33/><E33/><V28/><F65/><N who="3" m="39055" /><G94/><T83/><D115/><U117/><E134/><V96/><F80/><W135/><G130/><T70/><D70/><U8/><E71/><V67/><F103/><W88/><G108/><T15/><D126/><N who="1" m="48747" /><E117/><V1/><F100/><W17/><G88/><T68/><D68/><U72/><E14/><V122/><F1/><W132/><G17/><T110/><D110/><U31/><E31/><V92/><F122/><W104/><G104/><T47/><D12/><U106/><E106/><V29/><F29/><W90/><G90/><T44/><D15/><U93/><E72/><V81/><F28/><W6/><G6/><T109/><D74/><U0/><E0/><V99/><F9/><W21/><G21/><T22/><D22/><U18/><E93/><V35/><F10/><W79/><G79/><N who="1" m="30282" /><E85/><N who="2" m="50607" /><F35/><W2/><G2/><T112/><D109/><U55/><E43/><V52/><F92/><W40/><G127/><T36/><D116/><U113/><E113/><V102/><F67/><W24/><G24/><T53/><D66/><U87/><E87/><V16/><F19/><W86/><G86/><T107/><D112/><U38/><E38/><N who="3" m="14346" /><G49/><T3/><D48/><U78/><E78/><V105/><F105/><W26/><G26/><T118/><D3/><U123/><E123/><V4/><F4/><RYUUKYOKU ba="1,1" sc="248,-30,339,10,242,10,161,10" hai1="8,13,18,50,55,62,63" hai2="16,23,25,51,52,95,96,97,99,102" hai3="40,41,61,64,132,133,135" /><INIT seed="6,2,1,1,5,64" ten="218,349,252,171" oya="2" hai0="2,88,25,57,84,82,70,132,120,69,43,51,86" hai1="121,28,126,63,110,47,35,3,73,135,9,30,114" hai2="89,33,108,77,66,59,101,125,12,4,5,91,0" hai3="17,41,44,36,10,105,133,117,95,106,18,65,119"/><V52/><F33/><W67/><G133/><T46/><D120/><U104/><RYUUKYOKU type="yao9" ba="2,1" sc="218,0,349,0,252,0,171,0" hai1="3,9,28,30,35,47,63,73,104,110,114,121,126,135" /><INIT seed="6,3,1,2,0,124" ten="218,349,252,171" oya="2" hai0="44,64,88,98,61,81,1,122,70,126,99,18,75" hai1="129,9,106,42,29,45,111,22,108,50,14,92,20" hai2="86,69,105,8,67,3,135,96,54,68,130,19,7" hai3="56,90,66,132,34,33,23,16,101,6,12,120,62"/><V48/><F135/><W10/><G120/><T15/><D122/><U25/><E106/><V27/><F86/><W94/><G132/><T38/><D1/><U5/><E129/><V24/><F130/><W41/><G101/><T40/><D126/><U72/><E72/><V104/><F96/><W31/><G31/><T78/><REACH who="0" step="1"/><D88/><REACH who="0" ten="208,349,252,171" step="2"/><U116/><E116/><V127/><F3/><W47/><G90/><T121/><D121/><U0/><E0/><V60/><F127/><W109/><G109/><T49/><D49/><U103/><E103/><V79/><F48/><W36/><REACH who="3" step="1"/><G94/><REACH who="3" ten="208,349,252,161" step="2"/><T63/><D63/><U134/><E92/><V65/><F60/><W26/><AGARI ba="3,3" hai="6,10,12,16,23,26,33,34,36,41,47,56,62,66" machi="26" ten="20,8000,1" yaku="1,1,2,1,0,1,7,1,54,1,53,0" doraHai="124" doraHaiUra="112" who="3" fromWho="3" sc="208,-23,349,-23,252,-43,161,119" /><INIT seed="7,0,0,5,1,39" ten="185,326,209,280" oya="3" hai0="4,88,94,134,113,83,74,117,60,40,12,68,30" hai1="98,18,86,35,15,21,72,102,36,109,0,76,37" hai2="85,47,38,43,114,52,105,1,26,99,44,17,49" hai3="112,53,22,79,50,130,65,34,31,77,128,28,111"/><W13/><G34/><T58/><D117/><U92/><E109/><V121/><F1/><W3/><G3/><T67/><D68/><U93/><E0/><V32/><F121/><W64/><G111/><T24/><D134/><U107/><E35/><V89/><F114/><W124/><G124/><T71/><D71/><U42/><E42/><V63/><F63/><W51/><G112/><T133/><D133/><U8/><E92/><V108/><F108/><W9/><G51/><T78/><D113/><U69/><E8/><V73/><F73/><W132/><G132/><T100/><D100/><U48/><E48/><N who="2" m="26655" /><F105/><W95/><G95/><T97/><D40/><U103/><E103/><V87/><F38/><W118/><G118/><T101/><D4/><U129/><E129/><N who="3" m="49770" /><G22/><T41/><D41/><U46/><E46/><V125/><F32/><W75/><G75/><T110/><D110/><U20/><E20/><N who="2" m="13583" /><F125/><W14/><G14/><T59/><D12/><U90/><E69/><V91/><F99/><W5/><G79/><T62/><D101/><U82/><AGARI ba="0,0" hai="15,18,21,36,37,72,76,82,86,90,93,98,102,107" machi="82" ten="30,4000,0" yaku="0,1,24,2" doraHai="39" who="1" fromWho="1" sc="185,-10,326,40,209,-10,280,-20" owari="175,-32.0,366,46.0,199,-20.0,260,6.0" /></mjloggm>