<mjloggm ver="2.3"><GO type="169" lobby="0"/><UN n0="%EF%BC%88%E2%89%A7%E2%96%BD%E2%89%A6%EF%BC%89" n1="%E2%98%85%E3%83%86%E3%82%AF%E3%83%8E%E3%83%8F%E3%82%A6%E3%82%B9%E2%98%85" n2="%E3%83%9E%E3%83%84%E3%82%B6%E3%82%AD" n3="%4C%61%73%6B%26%59%75" dan="17,16,16,16" rate="2119.16,2076.44,2062.43,2106.66" sx="M,M,M,M"/><TAIKYOKU oya="0"/><INIT seed="0,0,0,4,1,18" ten="250,250,250,250" oya="0" hai0="83,62,61,112,14,87,54,107,124,30,66,79,11" hai1="63,127,12,134,103,52,55,113,125,80,70,40,51" hai2="105,88,71,29,72,33,68,6,2,22,106,74,82" hai3="90,99,48,100,0,19,67,118,69,60,53,76,38"/><T121/><D112/><U116/><E103/><V65/><F33/><W73/><G118/><T10/><D121/><U102/><E102/><V45/><F45/><W28/><G0/><T132/><D124/><N who="1" m="47691" /><E80/><V93/><F2/><W86/><G38/><T108/><D132/><U17/><E116/><V56/><F6/><W21/><G28/><T7/><D107/><U49/><E134/><V130/><F130/><W98/><G73/><T115/><D115/><U26/><E26/><V57/><F71/><W43/><G76/><T114/><D114/><U34/><E34/><V111/><F111/><W89/><G43/><T95/><D108/><U91/><E91/><V39/><F39/><W47/><G86/><T84/><D30/><U46/><E113/><V37/><F37/><W110/><G110/><T133/><D133/><U77/><E77/><V16/><F29/><W97/><REACH who="3" step="1"/><G100/><REACH who="3" ten="250,250,250,240" step="2"/><T128/><D79/><U9/><E40/><V41/><F41/><W36/><G36/><T23/><D84/><U123/><E123/><V122/><F72/><W92/><G92/><T32/><D95/><U13/><E51/><V4/><F74/><W81/><G81/><T31/><D87/><U129/><E129/><V109/><F82/><W27/><AGARI ba="0,1" hai="19,21,27,47,48,53,60,67,69,89,90,97,98,99" machi="27" ten="30,4000,0" yaku="1,1,0,1,52,1,53,0" doraHai="18" doraHaiUra="117" who="3" fromWho="3" sc="250,-20,250,-10,250,-10,240,50" /><INIT seed="1,0,0,5,2,5" ten="230,240,240,290" oya="1" hai0="126,74,44,84,11,97,96,81,73,114,83,9,56" hai1="128,10,51,127,53,119,31,57,72,30,78,6,82" hai2="123,102,59,37,125,58,43,54,117,3,107,131,108" hai3="89,12,50,25,129,134,105,109,94,36,60,0,40"/><U27/><E119/><V76/><F123/><W47/><G0/><T118/><D118/><U41/><E128/><V120/><F131/><W16/><G129/><T15/><D114/><U48/><E127/><V103/><F76/><W104/><G109/><T79/><D126/><U35/><E31/><V86/><F37/><W70/><G25/><T116/><D116/><U112/><E112/><V93/><F43/><W75/><G75/><T34/><D34/><U121/><E121/><V132/><F3/><W85/><G36/><T122/><D122/><U7/><E7/><V130/><F130/><W21/><REACH who="3" step="1"/><G134/><REACH who="3" ten="230,240,240,280" step="2"/><T61/><D73/><U39/><E39/><V13/><F132/><W26/><G26/><T23/><D74/><U65/><E65/><AGARI ba="0,1" hai="12,16,21,40,47,50,60,65,70,85,89,94,104,105" machi="65" ten="40,2600,0" yaku="1,1,54,1,53,0" doraHai="5" doraHaiUra="28" who="3" fromWho="1" sc="230,0,240,-26,240,0,280,36" /><INIT seed="2,0,0,4,5,114" ten="230,214,240,316" oya="2" hai0="122,108,117,97,42,61,133,129,131,2,22,60,109" hai1="64,48,134,70,130,105,35,56,3,112,32,96,100" hai2="91,27,62,67,63,81,1,71,51,77,37,25,19" hai3="95,89,73,17,44,53,116,34,54,11,26,110,49"/><V14/><F37/><W103/><G73/><T113/><D2/><U0/><E112/><V30/><F1/><W118/><G103/><T111/><D113/><U15/><E134/><V79/><F91/><W123/><G123/><T99/><D122/><U4/><E130/><N who="0" m="49673" /><D133/><U78/><E15/><V21/><F27/><W126/><G110/><T10/><D10/><U90/><E90/><V94/><F94/><W75/><G75/><T8/><D8/><U57/><E57/><V127/><F127/><W65/><G65/><T93/><D42/><U101/><E4/><V33/><F63/><N who="0" m="24138" /><D117/><U87/><E70/><V41/><REACH who="2" step="1"/><F81/><REACH who="2" ten="230,214,230,316" step="2"/><W121/><G121/><T135/><D135/><U29/><E3/><V9/><F9/><W119/><G126/><T84/><D22/><U55/><E0/><V5/><F5/><W28/><G11/><T40/><D93/><U12/><E32/><V132/><F132/><W98/><REACH who="3" step="1"/><G17/><REACH who="3" ten="230,214,230,306" step="2"/><T86/><D109/><U20/><E100/><V85/><F85/><W31/><G31/><T59/><D111/><U6/><E29/><V69/><F69/><W16/><G16/><T50/><D108/><U106/><E101/><V47/><AGARI ba="0,2" hai="14,19,21,25,30,33,41,47,51,62,67,71,77,79" machi="47" ten="30,6000,0" yaku="1,1,0,1,53,1" doraHai="114" doraHaiUra="18" who="2" fromWho="2" sc="230,-20,214,-20,230,80,306,-20" /><INIT seed="2,1,0,4,1,63" ten="210,194,310,286" oya="2" hai0="42,33,133,27,54,132,113,115,20,121,15,43,66" hai1="12,95,117,13,69,77,34,24,11,22,109,87,103" hai2="89,53,122,105,64,123,90,1,60,38,8,98,67" hai3="29,102,75,44,18,32,104,125,99,82,14,106,72"/><V45/><F89/><W68/><G106/><T79/><D33/><U93/><E117/><V36/><F53/><W120/><G120/><N who="2" m="46121" /><F90/><W84/><G68/><T52/><D121/><U91/><E34/><V114/><F114/><N who="0" m="43530" /><D15/><U19/><E69/><N who="2" m="42119" /><F45/><W10/><G125/><T57/><D79/><U101/><E13/><V85/><F85/><W37/><G29/><T134/><D27/><U50/><E109/><V92/><F92/><W118/><G32/><T73/><D20/><U135/><E77/><V58/><F58/><W0/><G118/><T97/><D97/><U116/><E116/><V88/><F88/><W2/><G75/><T130/><D73/><U111/><E111/><V31/><F31/><W62/><G72/><T65/><D130/><U26/><E95/><V128/><F128/><W112/><G112/><T74/><D74/><U41/><E26/><V55/><F55/><N who="0" m="21034" /><D57/><U124/><E124/><V59/><F59/><W9/><G62/><T107/><D107/><U131/><E131/><V21/><F21/><W71/><G71/><T30/><D30/><U119/><E119/><V80/><F98/><W25/><G99/><T6/><D6/><U108/><E108/><V100/><F105/><W129/><G104/><T86/><D86/><U61/><E87/><V39/><F1/><W35/><G84/><T127/><D127/><U51/><E91/><V81/><F100/><W3/><G102/><T23/><D23/><U46/><E22/><V47/><F8/><W40/><G129/><T5/><D5/><N who="1" m="3183" /><E103/><V126/><F126/><W49/><G0/><T28/><D28/><RYUUKYOKU ba="1,0" sc="210,30,194,-10,310,-10,286,-10" hai0="42,43,65,66,132,133,134" /><INIT seed="3,2,0,1,1,6" ten="240,184,300,276" oya="3" hai0="124,31,82,83,111,92,123,3,77,59,89,112,79" hai1="1,128,90,9,73,39,45,38,0,96,101,50,55" hai2="110,116,36,66,130,64,23,56,69,80,40,105,62" hai3="68,103,134,12,113,121,35,11,98,26,94,16,102"/><W76/><G113/><T60/><D123/><U53/><E73/><V117/><F105/><W125/><G121/><T8/><D112/><U115/><E115/><V107/><F107/><W48/><G68/><T119/><D119/><U17/><E128/><V118/><F80/><N who="0" m="30762" /><D124/><U4/><E1/><V46/><F23/><N who="3" m="13671" /><G35/><T133/><D3/><U29/><E29/><V87/><F87/><W88/><G125/><T65/><D133/><U61/><E90/><V58/><F130/><W74/><G74/><T57/><D31/><U78/><E78/><V21/><F21/><W18/><G134/><T86/><D111/><U52/><E17/><V75/><F75/><W22/><G76/><N who="0" m="29259" /><D59/><N who="2" m="22570" /><F66/><W41/><G22/><T108/><D108/><AGARI ba="2,0" hai="36,40,46,62,64,69,108,110,116,117,118" m="22570" machi="108" ten="40,2600,0" yaku="34,2" doraHai="6" who="2" fromWho="0" sc="240,-32,184,0,300,32,276,0" /><INIT seed="4,0,0,5,3,112" ten="208,184,332,276" oya="0" hai0="105,29,54,80,21,81,8,45,16,40,72,78,18" hai1="107,95,109,132,86,4,91,88,60,101,70,30,94" hai2="115,5,42,66,74,26,24,35,108,85,0,27,55" hai3="133,135,90,100,10,19,32,23,102,2,126,127,104"/><T76/><D105/><U87/><E109/><V58/><F74/><W93/><G32/><T3/><D54/><U113/><E132/><N who="3" m="50762" /><G10/><T68/><D68/><U98/><E4/><V65/><F108/><W57/><G2/><T129/><D129/><U64/><REACH who="1" step="1"/><E30/><REACH who="1" ten="208,174,332,276" step="2"/><V83/><F5/><W96/><G126/><T44/><D29/><U121/><E121/><V118/><F115/><AGARI ba="0,1" hai="60,64,70,86,87,88,91,94,95,98,101,107,113,115" machi="115" ten="40,8000,1" yaku="1,1,9,1,54,1,53,1" doraHai="112" doraHaiUra="97" who="1" fromWho="2" sc="208,0,174,90,332,-80,276,0" /><INIT seed="5,0,0,5,0,67" ten="208,264,252,276" oya="1" hai0="94,13,108,24,11,56,53,98,100,28,82,133,80" hai1="103,134,76,90,111,85,6,126,1,40,88,96,55" hai2="119,127,34,49,17,69,59,118,104,2,124,10,91" hai3="22,16,83,38,9,26,20,29,7,120,60,8,89"/><U65/><E126/><V36/><F34/><W52/><G120/><T113/><D133/><U121/><E121/><V66/><F36/><W110/><G38/><T115/><D108/><U27/><E134/><V61/><F104/><W39/><G39/><T116/><D116/><U132/><E132/><V64/><F91/><W4/><G110/><T102/><D102/><U68/><E68/><V78/><F78/><W70/><G83/><T87/><D87/><U84/><E65/><V43/><F66/><W123/><G70/><T72/><D72/><U45/><E55/><N who="2" m="32239" /><F43/><W25/><G89/><T117/><D117/><U14/><E1/><V33/><F33/><W37/><G37/><T42/><D42/><U19/><E6/><N who="3" m="2090" /><G123/><T75/><D75/><U47/><E111/><V46/><F46/><W92/><G92/><T12/><D82/><U63/><E45/><V73/><F73/><W112/><G112/><T31/><D80/><U3/><E76/><V30/><F2/><W95/><G95/><T54/><D115/><U58/><E3/><V23/><F118/><W62/><G62/><N who="0" m="36111" /><D113/><U79/><E79/><V131/><F119/><W44/><G60/><T32/><D54/><U128/><E63/><V77/><F77/><W0/><G0/><T125/><D125/><U50/><E40/><V74/><F74/><W21/><G22/><N who="0" m="15383" /><D11/><U114/><E114/><V105/><F10/><W107/><G107/><T129/><D129/><U135/><E128/><V101/><F131/><W81/><G81/><T122/><D122/><U35/><E135/><V57/><F124/><W130/><G130/><RYUUKYOKU ba="0,0" sc="208,15,264,-15,252,-15,276,15" hai0="12,13,31,32,94,98,100" hai3="8,9,16,20,21,25,26,29,44,52" /><INIT seed="6,1,0,3,4,82" ten="223,249,237,291" oya="2" hai0="100,22,70,127,19,28,99,66,56,10,81,35,7" hai1="60,102,20,68,87,111,80,65,39,76,75,120,53" hai2="116,6,129,9,40,106,83,121,124,32,109,103,3" hai3="2,135,113,59,34,1,133,50,46,85,96,38,47"/><V108/><F121/><W49/><G34/><T79/><D127/><U64/><E111/><N who="2" m="42571" /><F116/><W12/><G113/><T67/><D56/><U123/><E39/><V17/><F32/><W30/><G30/><T97/><D70/><U74/><E65/><N who="0" m="24585" /><D100/><U61/><E102/><V16/><F124/><W44/><G38/><T11/><D35/><U23/><E61/><V132/><F40/><W93/><G12/><N who="0" m="5215" /><D11/><U88/><E53/><V43/><F43/><W58/><G96/><T90/><D79/><U126/><E126/><V13/><F129/><W94/><G46/><T18/><D28/><U21/><REACH who="1" step="1"/><E74/><REACH who="1" ten="223,239,237,291" step="2"/><V131/><F103/><W45/><G45/><T77/><D99/><U86/><E86/><AGARI ba="1,1" hai="1,2,44,47,49,50,58,59,85,86,93,94,133,135" machi="86" ten="25,6400,0" yaku="22,2,52,2" doraHai="82" who="3" fromWho="1" sc="223,0,239,-67,237,0,291,77" /><INIT seed="7,0,0,1,5,91" ten="223,172,237,368" oya="3" hai0="38,15,31,107,11,1,126,112,36,131,95,132,21" hai1="19,75,72,81,84,99,29,118,3,57,86,43,41" hai2="108,120,67,130,97,76,69,27,52,2,78,80,44" hai3="93,96,133,106,6,40,8,55,33,13,48,117,94"/><W65/><G117/><T71/><D71/><U116/><E3/><V101/><F2/><W45/><G33/><T18/><D107/><U62/><E29/><V54/><F108/><W5/><G133/><T82/><D132/><U128/><E128/><V61/><F76/><W51/><G65/><T98/><D131/><U104/><E19/><V111/><F111/><W46/><REACH who="3" step="1"/><G5/><REACH who="3" ten="223,172,237,358" step="2"/><T88/><D126/><U85/><E118/><V105/><F67/><W129/><G129/><T122/><D122/><U14/><E116/><V20/><F120/><W16/><G16/><T74/><D18/><U125/><E125/><V70/><F130/><W49/><G49/><T24/><D36/><U10/><E81/><V4/><F80/><W68/><G68/><T56/><D38/><U92/><E104/><V83/><F105/><W109/><G109/><T35/><D35/><U135/><E135/><V77/><F69/><W59/><G59/><T50/><D56/><U124/><E124/><V7/><F70/><W115/><G115/><T89/><D50/><U63/><E72/><V32/><F7/><W134/><G134/><T53/><D112/><U110/><E110/><V34/><F4/><W90/><G90/><T100/><D74/><U17/><E75/><V47/><F83/><W66/><G66/><T37/><D37/><U25/><E25/><V127/><F27/><W42/><G42/><T26/><D82/><U9/><E9/><V39/><F39/><W22/><G22/><T103/><D26/><U0/><E0/><V121/><F127/><W28/><G28/><T102/><D1/><RYUUKYOKU ba="0,1" sc="223,-10,172,-10,237,-10,358,30" hai3="6,8,13,40,45,46,48,51,55,93,94,96,106" owari="213,-19.0,162,-34.0,227,3.0,398,50.0" /></mjloggm>