<mjloggm ver="2.3"><GO type="41"/><UN n0="%E3%82%A6%E3%83%AB%E3%83%88%E3%83%A9%E7%AB%8B%E7%9B%B4" n1="%EF%BC%A5%EF%BC%AC%EF%BC%AD%EF%BC%AF" n2="%E6%88%A6%E5%8A%9B%E5%A4%96%E3%83%9D%E3%83%BC%E3%82%AF%E2%99%82" n3="%73%65%69%74%65%6E%68%6F" dan="15,14,14,13" rate="1961,1936,2024,1949" sx="M,M,M,M"/><TAIKYOKU oya="0"/><INIT seed="0,0,0,2,2,88" ten="250,250,250,250" oya="0" hai0="13,77,15,59,38,84,35,76,70,45,40,10,123" hai1="89,53,43,91,128,131,0,24,11,5,116,36,32" hai2="94,9,2,25,7,29,119,41,110,33,112,61,79" hai3="52,101,21,14,42,67,135,85,57,68,20,90,3"/><T54/><D35/><U49/><E116/><V125/><F110/><W18/><G3/><T56/><D123/><U37/><E32/><V117/><F112/><W30/><G42/><T81/><D70/><U134/><E24/><V12/><F41/><W104/><G101/><T103/><D103/><U93/><E134/><V124/><F61/><W74/><G104/><T73/><D56/><N who="1" m="32815" /><E89/><V16/><F94/><W69/><G67/><T122/><D122/><U126/><E43/><V111/><F79/><W129/><G74/><T118/><D118/><N who="2" m="45066" /><F111/><W31/><G129/><N who="1" m="49738" /><E126/><V19/><F19/><W58/><G135/><T50/><D77/><U97/><AGARI ba="0,0" hai="0,5,11,36,37,91,93,97" m="49738,32815" machi="97" ten="30,2000,0" yaku="19,1,52,1" doraHai="88" who="1" fromWho="1" sc="250,-10,250,20,250,-5,250,-5" /><INIT seed="1,0,0,1,4,55" ten="240,270,245,245" oya="1" hai0="65,76,79,45,18,130,126,69,122,115,109,5,98" hai1="73,82,28,29,39,105,134,42,91,36,0,71,100" hai2="34,67,26,17,123,101,10,120,86,132,35,54,80" hai3="119,111,106,9,40,31,27,84,13,124,25,56,19"/><U103/><E91/><V64/><F132/><W52/><G106/><T96/><D5/><U60/><E134/><V51/><F101/><W4/><G40/><T117/><D45/><U99/><E103/><V59/><F35/><W70/><G70/><T95/><D65/><U22/><E22/><V11/><F11/><W92/><G119/><T116/><D18/><U68/><E29/><V7/><F67/><W14/><G111/><T63/><D63/><U66/><E71/><V12/><F64/><W3/><G3/><T78/><D69/><U85/><E28/><V43/><F43/><W8/><G124/><T83/><D115/><U38/><E85/><V97/><F97/><W2/><G2/><T62/><D62/><U37/><E0/><V108/><F108/><W112/><G31/><T94/><D109/><U90/><E90/><V6/><F7/><W88/><G112/><T21/><D21/><U125/><E125/><V23/><REACH who="2" step="1"/><F34/><REACH who="2" ten="240,270,235,245" step="2"/><W44/><REACH who="3" step="1"/><G44/><REACH who="3" ten="240,270,235,235" step="2"/><T104/><D126/><U129/><E36/><V72/><F72/><W133/><G133/><T61/><D117/><U89/><E42/><V49/><F49/><AGARI ba="0,2" hai="4,8,9,13,14,19,25,27,49,52,56,84,88,92" machi="49" ten="30,12000,2" yaku="1,1,7,1,8,1,52,1,54,2,53,0" doraHai="55" doraHaiUra="110" who="3" fromWho="2" sc="240,0,270,0,235,-120,235,140" /><INIT seed="2,0,0,1,1,59" ten="240,270,115,375" oya="2" hai0="40,125,112,122,28,57,120,106,51,114,83,39,63" hai1="9,21,22,113,104,116,92,98,132,84,20,85,58" hai2="97,64,23,6,45,78,117,95,101,43,82,35,52" hai3="118,81,99,94,135,16,108,109,93,60,17,26,71"/><V73/><F35/><W50/><G81/><T12/><D83/><U15/><E104/><V18/><F117/><W103/><G50/><T25/><D12/><U86/><E116/><V130/><F130/><W14/><G26/><T29/><D25/><U74/><E113/><N who="0" m="43625" /><D29/><U79/><E132/><V87/><F6/><W8/><G135/><T49/><D28/><U67/><E74/><V0/><F0/><W37/><G37/><T48/><D106/><U4/><E79/><V102/><F64/><W19/><G118/><T2/><D2/><U100/><E67/><V133/><F133/><W96/><G71/><T111/><D111/><N who="3" m="42569" /><G60/><T11/><D11/><U61/><E58/><V54/><F102/><AGARI ba="0,0" hai="8,14,16,17,19,93,94,96,99,102,103" m="42569" machi="102" ten="30,2000,0" yaku="14,1,54,1" doraHai="59" who="3" fromWho="2" sc="240,0,270,0,115,-20,375,20" /><INIT seed="3,0,0,1,4,32" ten="240,270,95,395" oya="3" hai0="120,84,73,112,97,18,85,98,61,60,74,50,62" hai1="6,128,86,69,103,39,79,135,129,40,1,37,8" hai2="2,104,64,11,3,113,26,31,78,121,71,110,4" hai3="59,19,9,44,93,17,35,131,75,63,12,118,99"/><W55/><G35/><T95/><D95/><U107/><E69/><V134/><F104/><W67/><G75/><T90/><D90/><U106/><E86/><V47/><F113/><W46/><G118/><T70/><D70/><U76/><E135/><V81/><F134/><W22/><G67/><T68/><D68/><U94/><E94/><V92/><F92/><W87/><G87/><T14/><D62/><U15/><E15/><V130/><F130/><N who="1" m="50281" /><E107/><V25/><F110/><W10/><G10/><T29/><D14/><U114/><E114/><V7/><F121/><W16/><G19/><T41/><D112/><U51/><E51/><V109/><F109/><W13/><REACH who="3" step="1"/><G131/><REACH who="3" ten="240,270,95,385" step="2"/><T126/><D85/><U21/><E21/><V66/><F64/><W43/><G43/><T119/><D84/><U77/><E40/><V52/><F66/><W102/><AGARI ba="0,1" hai="9,12,13,16,17,22,44,46,55,59,63,93,99,102" machi="102" ten="20,12000,1" yaku="1,1,0,1,7,1,8,1,54,1,53,0" doraHai="32" doraHaiUra="111" who="3" fromWho="3" sc="240,-40,270,-40,95,-40,385,130" /><INIT seed="3,1,0,3,1,39" ten="200,230,55,515" oya="3" hai0="34,98,38,51,11,6,72,85,12,95,52,125,58" hai1="62,42,117,80,122,130,26,120,61,7,53,24,104" hai2="93,88,81,60,129,2,17,128,56,20,101,25,73" hai3="106,114,48,46,89,86,87,118,4,90,21,32,97"/><W109/><G32/><T132/><D72/><U63/><E104/><V115/><F2/><W65/><G106/><T76/><D34/><U77/><E130/><V112/><F101/><W105/><G65/><T113/><D113/><U45/><E7/><V22/><F20/><W100/><G114/><T68/><D68/><U123/><E117/><V47/><F47/><W35/><G35/><T5/><D38/><U124/><E124/><V133/><F133/><W31/><G4/><T59/><D125/><U135/><E135/><V55/><F81/><W75/><G75/><T127/><D127/><U91/><E91/><V9/><F9/><W1/><G1/><T70/><D70/><U103/><E103/><V102/><F102/><W49/><G118/><T92/><D132/><U64/><E64/><V74/><F115/><W57/><G21/><T36/><D36/><U84/><REACH who="1" step="1"/><E53/><REACH who="1" ten="200,220,55,515" step="2"/><V119/><F112/><W50/><G100/><N who="0" m="60487" /><D6/><U29/><E29/><V16/><F119/><W19/><G31/><T69/><D69/><U28/><E28/><V67/><F67/><W66/><G105/><T41/><D95/><U13/><E13/><V134/><F134/><W79/><G66/><T40/><D76/><U30/><E30/><V27/><F17/><W14/><G79/><T71/><D71/><U107/><E107/><V94/><F25/><W96/><G19/><T37/><D37/><AGARI ba="1,1" hai="24,26,37,42,45,61,62,63,77,80,84,120,122,123" machi="37" ten="50,3200,0" yaku="1,1,52,1,53,0" doraHai="39" doraHaiUra="15" who="1" fromWho="0" sc="200,-35,220,45,55,0,515,0" /><INIT seed="4,0,0,4,4,67" ten="165,265,55,515" oya="0" hai0="26,124,37,132,74,99,73,128,100,111,5,10,79" hai1="42,63,76,53,101,119,82,127,109,18,56,126,16" hai2="118,9,35,49,86,90,70,85,38,105,66,72,23" hai3="24,95,6,2,13,55,80,83,103,52,30,71,87"/><T1/><D111/><U75/><E109/><V120/><F120/><W110/><G2/><T98/><D124/><N who="1" m="47659" /><E119/><V135/><F118/><W107/><G55/><T89/><D128/><U28/><E28/><V40/><F38/><W108/><G52/><T17/><D132/><U102/><E42/><V115/><F72/><W116/><G116/><T114/><D114/><U93/><E93/><V19/><F35/><W36/><G95/><T123/><D123/><U78/><E78/><V64/><F105/><W134/><G36/><T62/><D37/><U27/><E27/><V131/><F131/><W32/><G134/><T117/><D117/><U7/><E7/><V46/><F66/><W45/><G83/><T50/><D79/><U20/><E20/><V113/><F9/><W133/><G133/><T21/><D50/><U44/><E44/><V68/><F64/><W33/><G108/><T29/><D62/><U81/><E82/><V57/><F57/><W84/><G45/><T47/><D47/><U65/><E65/><V41/><F41/><W15/><G33/><T60/><D60/><U69/><E69/><N who="2" m="26731" /><F90/><W96/><G71/><T22/><D89/><U129/><E129/><V0/><F0/><W51/><G110/><T61/><D61/><U14/><E14/><N who="2" m="9719" /><F135/><W25/><G24/><N who="0" m="14383" /><D99/><U97/><E97/><V54/><F40/><W94/><G107/><N who="0" m="63895" /><D74/><U43/><E43/><V77/><F77/><N who="3" m="46095" /><G96/><T122/><D73/><U11/><E11/><V112/><AGARI ba="0,0" hai="46,49,54,85,86,112,113,115" m="9719,26731" machi="112" ten="40,8000,1" yaku="15,1,52,3" doraHai="67" who="2" fromWho="2" sc="165,-40,265,-20,55,80,515,-20" /><INIT seed="5,0,0,4,0,73" ten="125,245,135,495" oya="1" hai0="70,64,99,11,38,32,92,12,119,4,121,104,113" hai1="117,105,132,115,55,2,52,5,94,25,74,33,6" hai2="60,85,31,9,66,17,23,54,87,88,100,57,102" hai3="122,37,18,46,30,109,44,110,82,24,53,14,84"/><U123/><E105/><V51/><F31/><W93/><G122/><T67/><D121/><U80/><E123/><V116/><F85/><W62/><G93/><T103/><D119/><U112/><E117/><V134/><F9/><W114/><G37/><T130/><D38/><U58/><E94/><V63/><F63/><W128/><G62/><T127/><D127/><U81/><E132/><V97/><F97/><W79/><G114/><N who="1" m="43562" /><E74/><V65/><F65/><W40/><G128/><T125/><D113/><U72/><E33/><V129/><F129/><W118/><G44/><T48/><D125/><U95/><E25/><V45/><F134/><W56/><G56/><T86/><D130/><U69/><E69/><V124/><F124/><W13/><G118/><T61/><D67/><U26/><E26/><V16/><F116/><W98/><G24/><T15/><D92/><U28/><E28/><V59/><F59/><W29/><G30/><T106/><D86/><U91/><E72/><V3/><F3/><W77/><G29/><T96/><D32/><U34/><E34/><V133/><F133/><W8/><G14/><T107/><D99/><N who="1" m="57855" /><E55/><V50/><F51/><W36/><G53/><T108/><D48/><N who="1" m="30983" /><E2/><V68/><F68/><W7/><G98/><T126/><D126/><U35/><E35/><V0/><F0/><W135/><G135/><T27/><D27/><U90/><E90/><V43/><F54/><W76/><G7/><AGARI ba="0,0" hai="5,6,7,80,81" m="30983,57855,43562" machi="7" ten="30,2900,0" yaku="15,1,54,1" doraHai="73" who="1" fromWho="3" sc="125,0,245,29,135,0,495,-29" /><INIT seed="5,1,0,2,5,3" ten="125,274,135,466" oya="1" hai0="125,116,20,17,106,32,46,89,100,69,97,35,60" hai1="33,132,45,84,83,5,16,41,13,93,47,54,48" hai2="86,91,120,63,28,24,56,105,50,128,130,58,7" hai3="79,98,112,92,65,68,115,15,8,39,6,11,19"/><U94/><E33/><V52/><F105/><W76/><G39/><T81/><D116/><U134/><E134/><V44/><F120/><W59/><G68/><T72/><D125/><U36/><E132/><V119/><F119/><W80/><G65/><T71/><D71/><U0/><E0/><V107/><F107/><W122/><G59/><T87/><D60/><U133/><E5/><V53/><F58/><W104/><G104/><T42/><D69/><U102/><E102/><V40/><F40/><W43/><G43/><T118/><D118/><U111/><E111/><V77/><F77/><W62/><G62/><T51/><D20/><U90/><REACH who="1" step="1"/><E133/><REACH who="1" ten="125,264,135,466" step="2"/><V66/><F7/><W34/><G34/><T103/><D103/><U78/><E78/><V64/><F130/><W109/><G109/><T95/><D17/><U73/><E73/><V110/><F128/><W124/><G79/><AGARI ba="1,1" hai="32,35,42,46,51,72,79,81,87,89,95,97,100,106" machi="79" ten="40,2600,0" yaku="24,2" doraHai="3" who="0" fromWho="3" sc="125,39,264,0,135,0,466,-29" /><INIT seed="6,0,0,1,1,14" ten="164,264,135,437" oya="2" hai0="27,110,132,89,131,44,55,64,128,82,12,76,18" hai1="96,83,19,4,17,123,7,100,13,130,108,75,47" hai2="72,127,50,2,52,48,119,69,80,61,65,51,87" hai3="120,71,58,74,62,40,104,78,60,25,94,107,22"/><V43/><F2/><W59/><G78/><T32/><D110/><U77/><E108/><V11/><F72/><W36/><G71/><T85/><D64/><U97/><E130/><V79/><F119/><W112/><G74/><T101/><D101/><U67/><E123/><V56/><F127/><W99/><G40/><T95/><D132/><U28/><E28/><V92/><F11/><W109/><G36/><T88/><D27/><U103/><E67/><V105/><F105/><W35/><G35/><T45/><D32/><U102/><E47/><V10/><F10/><W53/><G109/><T134/><D134/><U86/><E75/><V126/><F126/><W9/><G9/><T84/><D76/><U117/><E117/><V54/><F92/><W33/><G33/><T125/><D125/><U121/><E121/><V20/><F20/><W98/><G98/><N who="1" m="37994" /><E13/><V39/><REACH who="2" step="1"/><F54/><REACH who="2" ten="164,264,125,437" step="2"/><W31/><G120/><T106/><D106/><U73/><E73/><V113/><F113/><W21/><G112/><T29/><D55/><U30/><E30/><V38/><F38/><W16/><G22/><N who="0" m="11591" /><D29/><U66/><E66/><V122/><F122/><W63/><G31/><T90/><D128/><U135/><E135/><V57/><F57/><W111/><G111/><T37/><D37/><U68/><E68/><V81/><F81/><W114/><G114/><T41/><D131/><U46/><E46/><AGARI ba="0,1" hai="39,43,46,48,50,51,52,56,61,65,69,79,80,87" machi="46" ten="40,12000,1" yaku="1,1,24,2,54,1,53,0" doraHai="14" doraHaiUra="3" who="2" fromWho="1" sc="164,0,264,-120,125,130,437,0" /><INIT seed="6,1,0,5,1,17" ten="164,144,255,437" oya="2" hai0="126,27,104,57,91,67,68,24,111,38,49,46,40" hai1="31,72,50,62,55,61,134,125,65,121,79,22,108" hai2="114,105,7,99,74,39,16,87,94,127,25,34,71" hai3="21,97,81,69,135,52,77,13,122,129,120,20,133"/><V37/><F71/><W1/><G1/><T5/><D104/><U63/><E121/><V82/><F114/><W58/><G69/><T85/><D111/><U15/><E108/><V93/><F127/><W118/><G97/><T28/><D5/><U48/><E125/><V36/><F74/><N who="3" m="43191" /><G118/><T73/><D73/><U14/><E72/><V116/><F116/><W98/><G98/><T132/><D126/><U70/><E79/><V119/><F119/><W115/><G115/><T59/><D27/><N who="1" m="16887" /><E70/><V3/><F34/><W10/><G129/><T102/><D102/><U103/><E103/><V100/><F7/><N who="3" m="3295" /><G122/><T6/><D6/><U26/><E134/><N who="3" m="51210" /><G120/><T128/><D128/><U84/><E65/><V83/><F3/><W23/><G23/><T131/><D131/><U112/><E26/><V88/><REACH who="2" step="1"/><F105/><REACH who="2" ten="164,144,245,437" step="2"/><W12/><G12/><N who="1" m="4650" /><E112/><V44/><F44/><W130/><G130/><T35/><D132/><U47/><E84/><V123/><F123/><W60/><AGARI ba="1,1" hai="20,21,52,58,60" m="51210,3295,43191" machi="60" ten="30,7900,0" yaku="20,1,52,2,54,1" doraHai="17" who="3" fromWho="3" sc="164,-21,144,-21,245,-40,437,92" /><INIT seed="7,0,0,0,0,41" ten="143,123,205,529" oya="3" hai0="71,96,135,75,10,97,32,59,128,126,131,70,13" hai1="40,23,91,50,24,45,100,22,3,62,72,68,125" hai2="108,134,132,104,0,124,17,89,5,30,129,105,11" hai3="16,31,20,119,48,43,14,87,117,98,44,101,69"/><W42/><G69/><N who="0" m="26123" /><D32/><U53/><E3/><V127/><F108/><W26/><G87/><T111/><D75/><U79/><E125/><N who="2" m="48203" /><F30/><W6/><G6/><T86/><D126/><U99/><E91/><V73/><F73/><W122/><G43/><T8/><D111/><U85/><E72/><V83/><F17/><W121/><G119/><T54/><D86/><U61/><E68/><V116/><F116/><W34/><REACH who="3" step="1"/><G117/><REACH who="3" ten="143,123,205,519" step="2"/><T51/><D97/><U88/><E79/><V115/><F5/><W49/><G49/><T57/><D96/><U123/><E123/><V114/><F114/><W82/><G82/><T130/><D51/><U9/><E40/><V35/><F83/><W60/><G60/><N who="1" m="23146" /><E24/><V102/><F115/><W55/><G55/><T76/><D54/><U29/><E29/><V25/><F25/><W4/><G4/><T36/><D13/><U84/><E9/><N who="0" m="3689" /><D36/><U110/><E110/><V107/><F11/><W133/><G133/><T1/><D1/><U37/><E37/><V80/><F0/><W21/><G21/><N who="1" m="7690" /><E100/><V113/><F102/><W19/><G19/><T95/><D135/><U7/><E7/><V90/><F113/><W112/><G112/><T63/><D63/><U109/><E109/><V103/><F103/><W46/><G46/><T106/><D128/><U78/><E78/><V12/><F134/><W18/><G18/><T120/><D76/><U27/><E27/><V47/><F47/><W93/><AGARI ba="0,1" hai="14,16,20,26,31,34,42,44,48,93,98,101,121,122" machi="93" ten="20,18000,2" yaku="1,1,0,1,7,1,52,1,54,1,53,1" doraHai="41" doraHaiUra="38" who="3" fromWho="3" sc="143,-60,123,-60,205,-60,519,190" owari="83,-32.0,63,-44.0,145,-5.0,709,81.0" /></mjloggm>