<mjloggm ver="2.3"><GO type="41"/><UN n0="%E9%9B%80%E9%AC%BC%E6%AA%B8%E6%AA%AC" n1="%EF%BC%88%E2%89%A7%E2%96%BD%E2%89%A6%EF%BC%89" n2="%E3%82%A8%E3%83%AB%E3%83%87%E3%82%A3%E3%82%AA%E3%82%B9" n3="%E8%A5%BF%E5%9E%A3%E8%AA%A0%E4%B8%80" dan="13,15,13,16" rate="1949,1999,1874,2025" sx="M,M,M,M"/><TAIKYOKU oya="0"/><INIT seed="0,0,0,4,4,126" ten="250,250,250,250" oya="0" hai0="23,105,59,45,21,82,34,131,77,0,24,39,101" hai1="122,108,61,16,18,118,107,132,8,65,98,60,48" hai2="9,92,91,117,88,79,54,99,31,35,64,135,109" hai3="25,128,85,40,6,124,120,90,115,53,4,119,74"/><T75/><D131/><U47/><E122/><V103/><F117/><W112/><G124/><T32/><D0/><U134/><E118/><V11/><F135/><N who="1" m="51753" /><E108/><V76/><F35/><W17/><G119/><T72/><D72/><U93/><E107/><V22/><F64/><W89/><G74/><T3/><D3/><U5/><E5/><V44/><F109/><W15/><G120/><T129/><D129/><U14/><E18/><V97/><F54/><W33/><G128/><T36/><D59/><U106/><E106/><V58/><F58/><W43/><G33/><T130/><D130/><U63/><E65/><V41/><F31/><W78/><G115/><T37/><D45/><U26/><E26/><V104/><F22/><W102/><G25/><T7/><D7/><N who="3" m="2601" /><G112/><T83/><D83/><U10/><E10/><V111/><F111/><W133/><G133/><T125/><D23/><U28/><E28/><V57/><F11/><W38/><G38/><T27/><D27/><U30/><E30/><V66/><F9/><W12/><G12/><T114/><D114/><U20/><E8/><V13/><F13/><W67/><G15/><T87/><D75/><U86/><E86/><V113/><F113/><W100/><G85/><T46/><D125/><U62/><N who="1" m="15872" /><DORA hai="110" /><U29/><E29/><V127/><F127/><W42/><G17/><T84/><D84/><U19/><E19/><V123/><F123/><W121/><G121/><T56/><D34/><U52/><E98/><V51/><F91/><N who="3" m="34827" /><G67/><T50/><D32/><U70/><E93/><V94/><F92/><W1/><G1/><RYUUKYOKU ba="0,0" sc="250,-15,250,15,250,15,250,-15" hai1="14,16,20,47,48,52,70" hai2="41,44,51,57,66,76,79,88,94,97,99,103,104" /><INIT seed="1,1,0,4,4,98" ten="235,265,265,235" oya="1" hai0="86,126,64,15,70,120,89,92,102,125,34,66,83" hai1="135,95,112,42,50,51,69,74,96,58,111,109,113" hai2="121,133,18,49,87,105,108,122,2,81,119,11,33" hai3="16,6,57,75,103,62,59,78,65,55,61,8,32"/><U52/><E74/><V53/><F119/><W12/><G32/><T106/><D34/><U38/><E135/><V17/><F33/><W29/><G29/><T115/><D115/><U47/><E69/><V80/><F105/><W131/><G131/><T82/><D15/><U93/><E93/><V97/><F97/><W67/><G55/><T118/><D70/><U130/><E130/><V72/><F133/><W39/><G39/><T129/><D64/><U7/><E7/><V90/><F18/><W63/><G63/><T24/><D66/><U76/><E76/><V88/><F108/><N who="1" m="41545" /><E38/><V21/><F11/><W37/><G37/><T77/><D24/><U46/><E46/><V56/><F2/><W91/><G75/><N who="0" m="43327" /><D129/><U44/><E44/><V127/><F127/><N who="0" m="48650" /><D118/><U101/><AGARI ba="1,0" hai="42,47,50,51,52,58,95,96,101,112,113" m="41545" machi="101" ten="30,11700,0" yaku="14,1,10,1,52,1,54,1" doraHai="98" who="1" fromWho="1" sc="235,-40,265,120,265,-40,235,-40" /><INIT seed="1,2,0,1,5,130" ten="195,385,225,195" oya="1" hai0="64,50,69,68,95,108,72,126,32,34,79,5,70" hai1="100,123,132,90,101,120,16,4,119,0,65,37,81" hai2="97,51,63,13,105,47,82,88,92,116,125,28,35" hai3="135,3,38,85,106,78,115,54,102,7,131,12,117"/><U14/><E37/><V36/><F116/><W55/><G117/><T76/><D95/><U87/><E65/><V10/><F36/><W20/><G115/><T103/><D64/><U133/><E119/><V134/><F125/><W44/><G131/><T77/><D103/><U33/><E33/><V43/><F105/><W98/><G3/><T29/><D72/><U31/><E31/><V121/><F121/><W89/><G78/><T66/><D66/><U42/><E42/><V23/><F35/><W113/><G113/><T83/><D126/><U17/><E0/><V53/><F82/><W109/><G109/><T18/><D83/><U58/><E58/><N who="2" m="35279" /><F134/><N who="1" m="51817" /><E4/><N who="2" m="3271" /><F23/><W49/><G135/><T9/><D108/><U21/><E17/><V39/><F39/><W73/><G38/><T80/><D18/><U27/><E27/><V99/><F28/><W24/><G7/><T8/><D80/><U75/><E75/><V62/><F62/><W6/><G73/><T41/><D32/><U128/><E128/><V45/><F45/><W86/><G6/><T26/><D5/><U84/><E84/><AGARI ba="2,0" hai="43,47,51,84,88,92,97,99" m="3271,35279" machi="84" ten="30,2000,0" yaku="8,1,54,1" doraHai="130" who="2" fromWho="1" sc="195,0,385,-26,225,26,195,0" /><INIT seed="2,0,0,1,3,42" ten="195,359,251,195" oya="2" hai0="100,37,70,59,24,6,41,32,119,82,111,11,49" hai1="9,88,106,98,19,48,30,71,64,31,84,2,8" hai2="127,20,36,21,65,46,135,28,25,117,34,57,80" hai3="120,105,73,53,78,116,128,114,79,50,27,61,77"/><V35/><F117/><W3/><G116/><T54/><D70/><U62/><E2/><V72/><F135/><W126/><G120/><T97/><D119/><U14/><E8/><V103/><F103/><W122/><G122/><T76/><D111/><U45/><E98/><V15/><F127/><W5/><G126/><T13/><D32/><U134/><E106/><V112/><F112/><W87/><G105/><T118/><D118/><U123/><E134/><V85/><F72/><W12/><G114/><T1/><D24/><U69/><E69/><V95/><F95/><W7/><G128/><T91/><D91/><U101/><E101/><V107/><F107/><W89/><G3/><T92/><D41/><U86/><E86/><V0/><F0/><W18/><G27/><T63/><D37/><U109/><E109/><V40/><F15/><W4/><G61/><T132/><D132/><U55/><E123/><V93/><F35/><W68/><G68/><T83/><D83/><AGARI ba="0,0" hai="9,14,19,30,31,45,48,55,62,64,71,83,84,88" machi="83" ten="30,8000,1" yaku="7,1,25,2,52,1,54,1" doraHai="42" who="1" fromWho="0" sc="195,-80,359,80,251,0,195,0" /><INIT seed="3,0,0,3,0,121" ten="115,439,251,195" oya="3" hai0="107,103,3,49,32,52,40,56,13,31,104,96,9" hai1="113,50,43,82,55,23,71,100,114,73,14,1,109" hai2="99,25,41,18,39,10,119,102,111,17,42,48,26" hai3="24,37,85,74,115,132,120,21,70,117,133,66,44"/><W22/><G120/><T112/><D3/><U81/><E71/><V68/><F119/><W20/><G74/><T67/><D112/><U128/><E1/><V58/><F68/><W76/><G117/><T51/><D32/><U108/><E100/><V54/><F39/><W62/><G115/><T0/><D0/><U65/><E128/><V125/><F125/><W87/><G24/><T86/><D31/><U124/><E124/><V106/><F111/><N who="1" m="42569" /><E65/><V90/><F90/><W89/><G76/><T105/><D86/><U61/><E61/><V118/><F118/><W4/><G4/><T126/><D126/><U30/><E43/><V93/><F106/><W123/><G123/><T15/><D15/><U75/><E114/><V60/><F10/><W134/><REACH who="3" step="1"/><G89/><REACH who="3" ten="115,439,251,185" step="2"/><T11/><D104/><U78/><E113/><V72/><F72/><W80/><G80/><T64/><D105/><U69/><E81/><V5/><F5/><W127/><G127/><T12/><D107/><U63/><E75/><V116/><F116/><W88/><G88/><T34/><D103/><U84/><E73/><V33/><F25/><W19/><G19/><N who="2" m="7177" /><F26/><W36/><G36/><T122/><D122/><U131/><E82/><V53/><F33/><W8/><G8/><T6/><D34/><U110/><E110/><V16/><N who="2" m="7185" /><V29/><DORA hai="101" /><F29/><W79/><G79/><T47/><REACH who="0" step="1"/><D96/><REACH who="0" ten="105,439,251,185" step="2"/><U57/><E78/><V91/><F102/><W94/><G94/><T95/><D95/><U27/><E84/><V35/><F35/><W83/><G83/><T130/><D130/><U38/><E131/><RYUUKYOKU ba="0,2" sc="105,10,439,-30,251,10,185,10" hai0="6,9,11,12,13,40,47,49,51,52,56,64,67" hai2="41,42,48,53,54,58,60,91,93,99" hai3="20,21,22,37,44,62,66,70,85,87,132,133,134" /><INIT seed="3,1,2,3,3,77" ten="115,409,261,195" oya="3" hai0="134,58,57,127,87,119,9,118,62,60,94,105,12" hai1="18,48,53,47,39,44,122,45,13,69,42,89,88" hai2="73,86,5,33,131,20,17,70,36,31,25,10,110" hai3="74,129,97,75,40,71,64,84,130,59,61,121,104"/><W135/><G121/><T114/><D105/><U124/><E122/><V11/><F73/><W133/><G40/><T117/><D134/><N who="3" m="51209" /><G71/><T80/><D127/><U132/><E69/><V50/><F36/><W54/><G54/><T90/><D114/><U101/><E124/><V35/><F70/><W24/><G24/><T123/><D123/><U6/><E132/><V37/><F37/><W93/><G104/><T8/><D117/><U65/><E65/><V23/><F50/><W98/><G84/><T66/><D119/><U92/><E6/><V109/><F86/><W21/><G21/><T29/><D118/><U51/><E101/><V68/><F68/><W107/><G107/><T1/><D29/><U0/><E0/><N who="2" m="295" /><F11/><W76/><G76/><T56/><D1/><U34/><E34/><N who="2" m="12811" /><F131/><N who="3" m="50187" /><G98/><T78/><D9/><U27/><E27/><AGARI ba="1,2" hai="17,20,23,25,27,31,109,110" m="12811,295" machi="27" ten="30,2000,0" yaku="34,2" doraHai="77" who="2" fromWho="1" sc="115,0,409,-23,261,43,195,0" /><INIT seed="4,0,0,0,5,51" ten="115,386,304,195" oya="0" hai0="67,76,127,133,107,29,65,69,121,59,85,119,74" hai1="126,115,5,66,35,18,99,63,122,1,71,111,15" hai2="86,56,19,117,82,124,3,38,40,132,87,4,129" hai3="116,7,120,21,44,70,10,134,43,26,34,73,93"/><T101/><D119/><U128/><E122/><V98/><F117/><W114/><G120/><T94/><D121/><U62/><E111/><V97/><F3/><W27/><G116/><T39/><D39/><U131/><E35/><V20/><F4/><W68/><G134/><T49/><D69/><U135/><E135/><V41/><F124/><W22/><G73/><T64/><D133/><U102/><E126/><V36/><F132/><W58/><G114/><T48/><D127/><U100/><E115/><V53/><F38/><W75/><G75/><T104/><D74/><U110/><E110/><V106/><F129/><N who="1" m="49737" /><E63/><N who="2" m="36239" /><F106/><W0/><G34/><T92/><D29/><U52/><E99/><N who="2" m="37899" /><F36/><W113/><G113/><T84/><D101/><U23/><E5/><V91/><F87/><W13/><G0/><T16/><D67/><U6/><E6/><V11/><F11/><W112/><G70/><T78/><REACH who="0" step="1"/><D59/><REACH who="0" ten="105,386,304,195" step="2"/><N who="1" m="35175" /><E1/><V8/><F8/><W81/><G68/><T80/><D80/><U46/><E66/><V72/><F72/><W60/><G81/><T103/><D103/><U61/><E71/><V12/><AGARI ba="0,1" hai="12,19,20,40,41,82,86,91" m="37899,36239" machi="12" ten="30,2000,0" yaku="8,1,52,1" doraHai="51" who="2" fromWho="2" sc="105,-10,386,-5,304,30,195,-5" /><INIT seed="5,0,0,5,5,97" ten="95,381,334,190" oya="1" hai0="125,106,62,57,26,102,108,67,120,2,134,127,96" hai1="1,119,66,8,15,69,51,73,113,77,5,24,42" hai2="25,21,76,105,111,61,33,43,58,29,107,133,90" hai3="12,130,4,6,114,128,20,59,82,78,132,126,53"/><U17/><E119/><V31/><F111/><W35/><G35/><T131/><D108/><U123/><E123/><V45/><F76/><W39/><G39/><T36/><D2/><U7/><E113/><V81/><F133/><W109/><G109/><T28/><D36/><U100/><E69/><V55/><F81/><W103/><G114/><T10/><D10/><U40/><E66/><V19/><F90/><W48/><G132/><T3/><D3/><U104/><E73/><V68/><F68/><W56/><G126/><T50/><D134/><U18/><E77/><V14/><REACH who="2" step="1"/><F29/><REACH who="2" ten="95,381,324,190" step="2"/><W32/><G78/><T117/><D117/><U86/><E86/><V92/><F92/><W85/><G82/><T9/><D125/><U63/><E104/><V44/><F44/><W94/><G85/><T54/><D127/><U95/><E95/><V101/><F101/><W110/><G110/><T115/><D115/><U121/><E100/><V41/><F41/><W91/><G103/><T37/><D120/><U74/><E121/><V11/><F11/><W65/><G94/><T30/><D9/><U87/><E40/><V93/><F93/><W64/><G91/><T16/><D131/><U88/><E42/><V34/><F34/><W60/><G32/><T118/><D118/><U13/><E8/><V75/><F75/><W124/><G124/><T122/><D122/><U129/><E74/><V83/><F83/><W70/><G130/><T98/><D37/><AGARI ba="0,1" hai="14,19,21,25,31,33,37,43,45,55,58,61,105,107" machi="37" ten="30,2000,0" yaku="1,1,7,1,53,0" doraHai="97" doraHaiUra="72" who="2" fromWho="0" sc="95,-20,381,0,324,30,190,0" /><INIT seed="6,0,0,0,4,133" ten="75,381,354,190" oya="2" hai0="9,128,88,74,108,129,21,103,1,65,17,51,114" hai1="73,102,126,69,110,75,90,85,47,84,131,35,0" hai2="63,80,50,132,6,31,123,38,58,34,39,67,53" hai3="62,27,112,78,66,7,93,12,91,119,96,30,24"/><V14/><F123/><W3/><G119/><T83/><D108/><U68/><E0/><V44/><F132/><W79/><G112/><T20/><D103/><U122/><E35/><V64/><F34/><W52/><G3/><T33/><D33/><U11/><E11/><V15/><F31/><W99/><G96/><T77/><D65/><U113/><E113/><V115/><F115/><W76/><G30/><T72/><D72/><U5/><E5/><V46/><F6/><W109/><G109/><T70/><D70/><U135/><E135/><V56/><F80/><W8/><REACH who="3" step="1"/><G66/><REACH who="3" ten="75,381,354,180" step="2"/><N who="2" m="25129" /><F14/><W71/><G71/><T37/><D114/><U13/><E122/><V124/><F15/><W118/><G118/><T127/><D1/><U60/><E110/><V117/><F117/><W19/><G19/><T4/><D17/><U29/><E68/><V100/><F39/><W97/><G97/><T16/><D37/><U116/><E69/><V98/><F38/><W59/><AGARI ba="0,1" hai="7,8,12,24,27,52,59,62,76,78,79,91,93,99" machi="59" ten="30,7900,0" yaku="1,1,0,1,8,1,54,1,53,0" doraHai="133" doraHaiUra="43" who="3" fromWho="3" sc="75,-20,381,-20,354,-39,180,89" /><INIT seed="7,0,0,3,4,112" ten="55,361,315,269" oya="3" hai0="67,3,126,130,64,87,97,94,21,86,54,63,44" hai1="36,46,52,31,75,119,69,85,109,76,39,71,28" hai2="53,19,131,33,62,98,82,55,34,60,1,113,42" hai3="88,122,93,92,38,7,103,74,100,68,23,99,108"/><W16/><G68/><T118/><D3/><U18/><E109/><V79/><F1/><W45/><G122/><T57/><D21/><U129/><E39/><V24/><F113/><W9/><G108/><T15/><D15/><U114/><E75/><V4/><F4/><W25/><G74/><T47/><D97/><U125/><E114/><V40/><F98/><W107/><G107/><T29/><D29/><U56/><E71/><V81/><F19/><W117/><G117/><T70/><D94/><U121/><E69/><V123/><F24/><W124/><G124/><T51/><D87/><U120/><E119/><V78/><REACH who="2" step="1"/><F131/><REACH who="2" ten="55,361,305,269" step="2"/><W6/><G93/><T37/><D86/><U8/><E129/><V89/><F89/><W110/><G110/><T41/><D130/><U101/><E121/><AGARI ba="0,1" hai="33,34,40,42,53,55,60,62,78,79,81,82,121,123" machi="121" ten="25,3200,0" yaku="1,1,22,2,53,0" doraHai="112" doraHaiUra="11" who="2" fromWho="1" sc="55,0,361,-32,305,42,269,0" owari="55,-44.0,329,13.0,347,44.0,269,-13.0" /></mjloggm>