<mjloggm ver="2.3"><GO type="169" lobby="0"/><UN n0="%E6%AF%94%E5%98%89%E7%A7%80%E4%BB%81" n1="%61%6D%61%6A%69%73%68%69" n2="%EF%BC%88%E2%89%A7%E2%96%BD%E2%89%A6%EF%BC%89" n3="%6D%65%24%6F" dan="18,16,19,17" rate="2220.24,2116.27,2230.24,2150.07" sx="M,M,M,M"/><TAIKYOKU oya="0"/><INIT seed="0,0,0,5,2,46" ten="250,250,250,250" oya="0" hai0="128,102,83,26,97,30,123,55,88,103,53,134,8" hai1="80,67,1,39,36,78,95,35,40,101,133,45,107" hai2="82,121,41,109,93,120,77,84,124,12,81,27,85" hai3="68,115,5,13,44,122,125,135,3,34,24,31,119"/><T108/><D123/><U17/><E133/><V106/><F124/><W57/><G122/><T105/><D134/><U21/><E1/><V117/><F106/><W2/><G135/><T56/><D128/><U98/><E35/><V9/><F117/><W6/><G119/><T111/><D103/><U66/><E107/><V70/><F109/><N who="0" m="42058" /><D8/><U118/><E36/><V22/><F70/><W47/><G68/><T100/><D100/><U132/><E132/><V43/><F93/><W4/><G125/><T130/><D130/><U113/><E113/><V59/><F59/><W0/><G115/><T15/><D15/><U131/><E131/><V86/><F121/><W126/><G126/><T92/><D83/><N who="2" m="31754" /><F120/><W60/><REACH who="3" step="1"/><G13/><REACH who="3" ten="250,250,250,240" step="2"/><T32/><D56/><U74/><E118/><V63/><F77/><W129/><G129/><T94/><D105/><U99/><E98/><AGARI ba="0,1" hai="26,30,32,53,55,88,92,94,97,98,102" m="42058" machi="98" ten="30,5800,0" yaku="14,1,10,1,54,1" doraHai="46" who="0" fromWho="1" sc="250,68,250,-58,250,0,240,0" /><INIT seed="0,1,0,4,2,19" ten="318,192,250,240" oya="0" hai0="109,135,75,88,4,115,37,47,130,40,32,26,20" hai1="116,106,125,85,3,102,107,99,33,133,103,68,126" hai2="25,67,14,128,22,72,58,120,39,17,15,38,59" hai3="78,16,113,18,124,117,129,111,49,91,46,93,48"/><T81/><D115/><U44/><E3/><V71/><F120/><W61/><G113/><T2/><D32/><U10/><E116/><V57/><F72/><W21/><G117/><T41/><D41/><U105/><E33/><V6/><F128/><W54/><G129/><T95/><D130/><U87/><E68/><V35/><F6/><W118/><G118/><T42/><D42/><U53/><E10/><V73/><F73/><W27/><G124/><N who="1" m="47722" /><E53/><V89/><F89/><W94/><G78/><N who="0" m="44255" /><D135/><U31/><E31/><V29/><REACH who="2" step="1"/><F15/><REACH who="2" ten="318,192,240,240" step="2"/><W101/><G111/><T112/><D109/><U97/><E133/><V74/><F74/><W76/><G76/><T121/><D121/><U104/><E44/><V8/><F8/><W100/><G93/><AGARI ba="1,1" hai="85,87,93,97,99,102,103,104,105,106,107" m="47722" machi="93" ten="40,5200,0" yaku="18,1,34,2" doraHai="19" who="1" fromWho="3" sc="318,0,192,65,240,0,240,-55" /><INIT seed="1,0,0,0,5,40" ten="318,257,240,185" oya="1" hai0="78,30,73,3,32,90,67,38,62,89,93,110,59" hai1="80,53,82,118,28,56,130,111,100,135,17,119,113" hai2="88,71,85,42,129,81,99,36,33,63,103,52,25" hai3="57,120,94,92,21,126,1,76,64,5,2,106,16"/><U77/><E113/><V29/><F129/><W69/><G120/><T35/><D3/><U133/><E130/><V65/><F52/><W4/><G106/><T55/><D38/><U87/><E28/><V60/><F60/><W86/><G69/><T116/><D116/><N who="1" m="44587" /><E17/><V134/><F134/><N who="1" m="51209" /><E100/><V27/><F27/><W105/><G105/><T125/><D110/><U115/><E115/><V98/><REACH who="2" step="1"/><F103/><REACH who="2" ten="318,257,230,185" step="2"/><W9/><G126/><T23/><D125/><U54/><E111/><V117/><F117/><W50/><G64/><T39/><D67/><U123/><E123/><V6/><F6/><W124/><G124/><T13/><D55/><U14/><E56/><V49/><F49/><W96/><G50/><T58/><D58/><U26/><E26/><V112/><F112/><W97/><G57/><T7/><D59/><U128/><E128/><V101/><F101/><W109/><G109/><T83/><D7/><U15/><E53/><V41/><F41/><W107/><G4/><T19/><D62/><U132/><E54/><V48/><F48/><W11/><G5/><T114/><D114/><U24/><E24/><V12/><F12/><W102/><G2/><T8/><D39/><U51/><E51/><V95/><F95/><W75/><G1/><T44/><D44/><AGARI ba="0,1" hai="25,29,33,36,42,44,63,65,71,81,85,88,98,99" machi="44" ten="40,8000,1" yaku="1,1,52,1,54,1,53,1" doraHai="40" doraHaiUra="79" who="2" fromWho="0" sc="318,-80,257,0,230,90,185,0" /><INIT seed="2,0,0,3,3,119" ten="238,257,320,185" oya="2" hai0="2,77,88,72,129,1,110,28,99,111,95,106,70" hai1="64,8,105,117,17,12,7,34,107,112,100,115,116" hai2="59,38,127,11,73,101,57,54,31,16,40,135,66" hai3="133,51,121,9,35,75,114,122,42,21,15,48,130"/><V32/><F73/><W76/><G35/><T86/><D70/><U102/><E64/><V53/><F101/><W22/><G133/><T36/><D36/><U61/><E61/><V89/><F135/><W60/><G114/><T46/><D46/><U24/><E100/><V134/><F134/><W71/><G76/><T125/><D28/><N who="1" m="19719" /><E102/><V44/><F127/><W103/><G75/><T113/><D125/><U104/><E104/><V94/><F66/><W3/><G103/><N who="0" m="62847" /><D113/><N who="1" m="43595" /><E107/><V96/><F31/><W63/><G3/><T26/><D26/><U83/><E83/><V56/><REACH who="2" step="1"/><F32/><REACH who="2" ten="238,257,310,185" step="2"/><W37/><G130/><T50/><D129/><U25/><E105/><V6/><F6/><W29/><G29/><T49/><D72/><U10/><E25/><V18/><F18/><W33/><G33/><T62/><D111/><U55/><E7/><V131/><F131/><W58/><G71/><T27/><D110/><U43/><E17/><V0/><F0/><W98/><G15/><AGARI ba="0,1" hai="11,15,16,38,40,44,53,54,56,57,59,89,94,96" machi="15" ten="40,3900,0" yaku="1,1,54,1,53,0" doraHai="119" doraHaiUra="79" who="2" fromWho="3" sc="238,0,257,0,310,49,185,-39" /><INIT seed="2,1,0,3,0,61" ten="238,257,359,146" oya="2" hai0="122,53,1,52,112,18,123,40,107,38,81,41,37" hai1="86,29,88,35,121,106,75,109,48,76,128,85,87" hai2="6,93,126,83,64,115,45,130,58,134,2,20,49" hai3="100,63,71,90,55,135,8,124,57,84,73,96,91"/><V24/><F115/><W4/><G73/><T101/><D1/><U119/><E119/><V14/><F134/><W98/><G135/><T82/><D18/><U21/><E121/><V133/><F133/><W105/><G124/><T59/><D101/><U39/><E39/><V74/><F126/><W125/><G125/><T110/><D107/><U32/><E106/><V56/><F130/><W131/><G131/><T7/><D7/><U77/><E109/><V22/><F2/><W36/><G36/><T5/><D5/><U94/><E75/><V80/><F74/><W127/><G127/><T113/><REACH who="0" step="1"/><D59/><REACH who="0" ten="228,257,359,146" step="2"/><U120/><E128/><V102/><F56/><W46/><G71/><T10/><D10/><U68/><E68/><V69/><F69/><W44/><G98/><T50/><D50/><U12/><E48/><V78/><F6/><W25/><G25/><T33/><D33/><U65/><E35/><V66/><F24/><W95/><REACH who="3" step="1"/><G91/><REACH who="3" ten="228,257,359,136" step="2"/><T118/><D118/><U0/><E88/><V3/><F102/><W27/><G27/><T19/><D19/><U26/><E26/><V79/><F58/><W62/><G62/><T104/><D104/><U23/><E32/><V34/><F34/><W15/><AGARI ba="1,2" hai="4,8,15,44,46,55,57,63,84,90,95,96,100,105" machi="15" ten="20,2700,0" yaku="1,1,0,1,7,1,53,0" doraHai="61" doraHaiUra="67" who="3" fromWho="3" sc="228,-8,257,-8,359,-14,136,50" /><INIT seed="3,0,0,0,1,54" ten="220,249,345,186" oya="3" hai0="20,31,91,102,128,109,58,83,81,111,10,75,115" hai1="61,118,87,56,47,64,119,4,100,18,5,52,27" hai2="103,65,126,35,3,67,101,93,133,23,57,44,15" hai3="90,40,132,19,77,88,11,59,117,29,95,76,131"/><W122/><G122/><T106/><D128/><U30/><E100/><V66/><F3/><W45/><G117/><N who="1" m="44554" /><E18/><N who="2" m="10719" /><F35/><W41/><G131/><T43/><D115/><U82/><E47/><V32/><F32/><W17/><G29/><T60/><D43/><N who="3" m="16457" /><G132/><T123/><D123/><U110/><E110/><V92/><F133/><W63/><G45/><T34/><D34/><N who="1" m="20831" /><E64/><V124/><F44/><W46/><G46/><T36/><D36/><U53/><E53/><V21/><F103/><W22/><G11/><T25/><D10/><U62/><E62/><N who="2" m="38095" /><F101/><W127/><G127/><T80/><D75/><U78/><AGARI ba="0,0" hai="4,5,52,56,61,78,82,87" m="20831,44554" machi="78" ten="30,4000,0" yaku="12,1,52,1,54,1" doraHai="54" who="1" fromWho="1" sc="220,-10,249,40,345,-10,186,-20" /><INIT seed="4,0,0,4,0,130" ten="210,289,335,166" oya="0" hai0="102,84,57,64,122,59,30,118,85,16,4,119,124" hai1="23,69,62,17,53,65,44,39,90,79,105,70,34" hai2="58,38,121,104,110,103,98,29,81,47,14,6,3" hai3="55,116,7,114,101,36,97,91,48,43,92,129,68"/><T126/><D122/><U61/><E34/><V112/><F121/><W107/><G129/><T128/><D128/><U63/><E105/><V60/><F112/><W106/><G116/><T120/><D120/><U0/><E0/><V131/><F3/><W89/><G68/><T132/><D30/><U83/><E90/><V12/><F131/><W99/><G114/><T31/><D31/><U11/><E11/><V77/><F110/><W52/><G7/><T1/><D1/><U66/><E61/><V27/><F6/><W2/><G2/><T8/><D4/><U75/><E53/><V37/><F37/><W78/><G78/><T10/><D102/><U18/><E23/><V82/><F82/><W87/><G107/><T33/><D33/><U93/><E93/><V35/><F47/><W50/><G36/><T5/><D5/><U56/><E56/><V51/><F51/><W13/><G13/><T100/><D100/><U76/><E76/><V49/><F49/><W46/><REACH who="3" step="1"/><G50/><REACH who="3" ten="210,289,335,156" step="2"/><T95/><D119/><U135/><E39/><V113/><F38/><W25/><G25/><T111/><D118/><U32/><E70/><V125/><F113/><W9/><G9/><T74/><D8/><U40/><E69/><V117/><F117/><W54/><G54/><T123/><D10/><U21/><E79/><V134/><F12/><W109/><G109/><T71/><D111/><U88/><E66/><N who="2" m="39191" /><F14/><W20/><G20/><T72/><D123/><U86/><E21/><V73/><F125/><W24/><G24/><T67/><D71/><U133/><E65/><V96/><F27/><RYUUKYOKU ba="0,1" sc="210,-10,289,-10,335,-10,156,30" hai3="43,46,48,52,55,87,89,91,92,97,99,101,106" /><INIT seed="5,1,1,5,1,73" ten="200,279,325,186" oya="1" hai0="46,23,122,118,94,7,92,64,21,67,54,110,134" hai1="119,27,129,65,115,96,66,2,55,74,124,31,20" hai2="15,37,99,29,24,57,121,56,105,9,108,5,53" hai3="52,90,39,75,71,35,86,133,127,117,130,61,80"/><U14/><E119/><V123/><F37/><W44/><G117/><T126/><D118/><U101/><E2/><V111/><F105/><W42/><G35/><T0/><D110/><U102/><E129/><V43/><F43/><W85/><G130/><T78/><D122/><U82/><E124/><V112/><F99/><W83/><G127/><T10/><D134/><U41/><E41/><V131/><F131/><W12/><G75/><T34/><D34/><U49/><E14/><V69/><F69/><W116/><G133/><T114/><D114/><U113/><E74/><V103/><F103/><W63/><G116/><T47/><D126/><U25/><E82/><V104/><F104/><W84/><G84/><T45/><D54/><U38/><E38/><V77/><F112/><N who="1" m="43081" /><E27/><V70/><F70/><W88/><G71/><T48/><D48/><U109/><E109/><V16/><F111/><W4/><REACH who="3" step="1"/><G52/><REACH who="3" ten="200,279,325,176" step="2"/><T89/><D67/><N who="1" m="25611" /><E96/><V30/><F108/><W62/><G62/><T125/><D64/><U17/><E31/><V8/><F30/><W68/><G68/><T28/><D28/><U76/><E76/><V95/><F77/><W81/><G81/><T132/><D125/><U93/><E93/><V91/><F121/><W51/><G51/><T87/><D132/><U120/><E120/><V50/><F123/><W72/><G72/><T79/><D94/><U3/><E55/><V32/><F53/><W1/><G1/><T11/><D79/><U107/><E49/><V135/><F50/><W6/><G6/><N who="0" m="1351" /><D78/><U36/><E3/><N who="2" m="63" /><F135/><W97/><G97/><T98/><D98/><RYUUKYOKU ba="1,2" sc="200,10,279,-30,325,10,176,10" hai0="7,11,21,23,45,46,47,87,89,92" hai2="9,15,16,24,29,32,56,57,91,95" hai3="4,12,39,42,44,61,63,80,83,85,86,88,90" /><INIT seed="6,2,2,1,5,87" ten="210,249,335,186" oya="2" hai0="115,80,4,117,23,28,35,29,15,90,102,41,123" hai1="97,78,44,66,25,72,3,39,96,71,114,77,22" hai2="118,54,105,53,7,58,30,33,100,129,126,135,1" hai3="50,79,18,46,82,107,81,121,109,120,34,75,131"/><V74/><F74/><W108/><G107/><T73/><D123/><U0/><E114/><V69/><F118/><W5/><G34/><T76/><D35/><U93/><E71/><V116/><F69/><W112/><G112/><T43/><D117/><U104/><E66/><V11/><F116/><W94/><G131/><T9/><D115/><U12/><E12/><V103/><F129/><W32/><G32/><T55/><D102/><U10/><E104/><V98/><F103/><W133/><G133/><T106/><D106/><U62/><E62/><V6/><F6/><W124/><G124/><T13/><D55/><U57/><E57/><V42/><F42/><W86/><G94/><T8/><D90/><U19/><E96/><V122/><F135/><W49/><G5/><T125/><D125/><U128/><E128/><V21/><F126/><W65/><G65/><T56/><D56/><U40/><E72/><V101/><F101/><W88/><G18/><T36/><D36/><U83/><E10/><V59/><F59/><W2/><G2/><T95/><D95/><U26/><E26/><N who="2" m="18647" /><F58/><W20/><G20/><T89/><D23/><U52/><E93/><V84/><F21/><W27/><G27/><T37/><D37/><U91/><E22/><V111/><F111/><W85/><G75/><T60/><D29/><U45/><E25/><V14/><F122/><N who="3" m="47211" /><G49/><T31/><D28/><U127/><E39/><V132/><F1/><W61/><G61/><T48/><D31/><U70/><E70/><V24/><F24/><W134/><G134/><T51/><D60/><U92/><E127/><RYUUKYOKU ba="2,2" sc="210,-10,249,-10,335,-10,186,30" hai3="46,50,79,81,82,85,86,88,108,109" /><INIT seed="7,3,2,5,2,14" ten="200,239,325,216" oya="3" hai0="84,96,131,134,93,92,64,48,107,59,120,23,26" hai1="73,69,56,4,78,104,31,20,129,52,122,126,61" hai2="91,90,80,110,25,51,19,66,125,89,53,97,45" hai3="39,44,37,5,109,11,3,28,22,72,102,82,58"/><W33/><G102/><N who="0" m="60687" /><D107/><U36/><E122/><V119/><F110/><W0/><G109/><T132/><D120/><U103/><E36/><V112/><F125/><W98/><G98/><T41/><D131/><U35/><E20/><N who="2" m="13471" /><F112/><W127/><G127/><T123/><D123/><U99/><E4/><V21/><F119/><W49/><G33/><T65/><D134/><U95/><E95/><N who="2" m="56559" /><F66/><N who="0" m="25706" /><D132/><U12/><E126/><V130/><F130/><W77/><G3/><T85/><D92/><U54/><E69/><V121/><F121/><W8/><G8/><T105/><D105/><U27/><E129/><V60/><F80/><W55/><REACH who="3" step="1"/><G44/><REACH who="3" ten="200,239,325,206" step="2"/><N who="0" m="25615" /><D59/><U9/><E56/><N who="2" m="34831" /><F21/><W75/><G75/><T46/><D46/><U70/><E35/><V30/><F45/><W79/><G79/><T106/><D106/><U116/><E78/><V88/><F90/><W47/><G47/><T40/><D40/><U74/><E104/><V68/><F91/><W2/><G2/><T87/><D87/><U29/><E73/><V128/><F88/><W32/><G32/><T34/><D34/><U10/><E74/><V113/><F128/><W6/><G6/><T115/><D115/><U86/><E99/><V135/><F135/><W67/><G67/><T16/><AGARI ba="3,3" hai="16,23,26,84,85" m="25615,25706,60687" machi="16" ten="30,4000,0" yaku="8,1,52,1,54,1" doraHai="14" who="0" fromWho="0" sc="200,79,239,-13,325,-13,206,-23" owari="279,8.0,226,-17.0,312,41.0,183,-32.0" /></mjloggm>