<mjloggm ver="2.3"><GO type="41"/><UN n0="%EF%BC%88%E2%89%A7%E2%96%BD%E2%89%A6%EF%BC%89" n1="%6E%61%6F%6E%6F%72%69" n2="%E3%82%8F%E3%81%9B%E3%82%8A%E3%82%93%EF%BC%A0%E2%99%AA" n3="%E5%A4%9A%E9%9D%A2%E4%BD%93" dan="15,15,14,15" rate="2061,2019,1950,2018" sx="M,M,M,M"/><TAIKYOKU oya="0"/><INIT seed="0,0,0,1,1,26" ten="250,250,250,250" oya="0" hai0="25,87,100,119,61,56,36,30,22,40,101,95,115" hai1="33,6,65,97,51,108,73,0,39,118,66,120,96" hai2="105,133,71,78,69,24,117,130,9,132,134,116,52" hai3="17,60,126,85,64,47,70,128,112,82,2,7,90"/><T15/><D115/><U111/><E118/><N who="2" m="45675" /><F24/><W98/><G112/><T77/><D119/><U28/><E120/><V67/><F9/><W104/><G128/><T45/><D15/><U35/><E73/><V83/><F105/><W37/><G126/><T107/><D107/><U135/><E39/><V72/><F130/><W84/><G84/><T43/><D43/><U89/><E135/><N who="2" m="34563" /><V106/><DORA hai="55" /><F106/><W81/><G17/><T21/><D21/><U76/><E76/><V46/><F67/><N who="1" m="25609" /><E0/><V34/><F34/><W3/><G7/><T49/><D36/><U29/><E6/><V110/><F110/><N who="1" m="42025" /><E35/><V103/><F103/><W127/><G3/><T125/><D125/><U94/><E33/><V131/><F131/><W79/><G127/><T54/><REACH who="0" step="1"/><D95/><REACH who="0" step="2"/><N who="1" m="56431" /><E51/><AGARI ba="0,1" hai="46,51,52,69,71,72,78,83" m="34563,45675" machi="51" ten="50,6400,0" yaku="12,1,20,1,54,1" doraHai="26,55" who="2" fromWho="1" sc="240,0,250,-64,250,74,250,0" /><INIT seed="1,0,0,4,0,82" ten="240,186,324,250" oya="1" hai0="50,135,66,88,114,37,95,105,133,53,58,57,27" hai1="49,91,99,75,113,124,103,101,60,126,120,108,89" hai2="31,7,43,59,17,24,118,131,55,38,61,42,14" hai3="41,39,109,129,4,77,9,122,11,51,18,3,33"/><U54/><E113/><V25/><F131/><W23/><G122/><T5/><D114/><U69/><E120/><V112/><F112/><W90/><G39/><T6/><D105/><U35/><E35/><V70/><F70/><W36/><G36/><T28/><D37/><U86/><E75/><V84/><F118/><W13/><G77/><T44/><D5/><U125/><E69/><V8/><F38/><W21/><G33/><N who="0" m="20639" /><D6/><U87/><E60/><V30/><F84/><N who="1" m="32297" /><E108/><V34/><REACH who="2" step="1"/><F7/><REACH who="2" step="2"/><W106/><G129/><T32/><D135/><U68/><E68/><V71/><F71/><W119/><G119/><T45/><D133/><U19/><E19/><V2/><F2/><W20/><G109/><T85/><D85/><U121/><E121/><V1/><F1/><W123/><G123/><T111/><D111/><U134/><E134/><V80/><F80/><W96/><G106/><T110/><D110/><U93/><E103/><V52/><F52/><W26/><G41/><T76/><D53/><U132/><E132/><V22/><AGARI ba="0,1" hai="8,14,17,22,24,25,30,31,34,42,43,55,59,61" machi="22" ten="20,2700,0" yaku="1,1,0,1,7,1,53,0" doraHai="82" doraHaiUra="127" who="2" fromWho="2" sc="240,-7,186,-13,314,37,250,-7" /><INIT seed="2,0,0,1,1,66" ten="233,173,351,243" oya="2" hai0="102,56,111,91,125,37,21,117,36,118,67,39,55" hai1="84,16,31,11,131,34,79,50,120,57,40,10,134" hai2="104,69,23,127,42,99,43,72,115,15,58,122,109" hai3="103,110,114,129,3,90,48,63,78,68,71,94,135"/><V124/><F72/><W101/><G3/><T7/><D7/><U88/><E131/><V22/><F115/><W92/><G78/><T61/><D21/><N who="2" m="7690" /><F15/><W9/><G129/><T26/><D26/><U83/><E134/><V32/><F32/><W30/><G30/><T70/><D91/><U86/><E120/><V0/><F0/><W12/><G135/><T112/><D102/><U121/><E121/><V65/><F58/><W33/><G33/><T8/><D8/><U126/><E126/><N who="2" m="48171" /><F122/><W6/><G63/><N who="0" m="40319" /><D125/><U13/><E34/><V98/><F109/><W105/><G105/><T29/><D29/><U19/><E31/><V18/><F18/><N who="1" m="6697" /><E13/><V1/><F1/><W108/><G48/><N who="0" m="30823" /><D112/><U52/><E40/><N who="2" m="15403" /><F104/><W62/><G114/><T47/><D111/><U2/><E2/><V27/><F27/><W73/><G110/><T89/><D36/><U28/><E28/><V24/><F24/><W107/><G107/><T14/><D39/><U5/><E5/><V46/><F46/><W81/><G108/><T77/><D47/><U17/><N who="1" m="6705" /><U59/><DORA hai="41" /><E59/><V53/><F53/><W64/><G73/><T119/><D14/><U35/><E35/><V93/><F93/><AGARI ba="0,0" hai="10,11,50,52,57,79,83,84,86,88,93" m="6705" machi="93" ten="30,7700,0" yaku="8,1,54,3" doraHai="66,41" who="1" fromWho="2" sc="233,0,173,77,351,-77,243,0" /><INIT seed="3,0,0,5,2,13" ten="233,250,274,243" oya="3" hai0="134,109,10,34,8,26,39,20,48,84,100,118,92" hai1="95,120,25,45,135,68,56,61,113,127,97,83,3" hai2="65,70,7,52,66,123,53,67,6,88,51,15,117" hai3="4,91,69,55,62,129,124,22,121,93,60,5,122"/><W77/><G77/><T1/><D118/><U38/><E113/><V58/><F123/><W114/><G114/><T37/><D39/><U73/><E120/><V96/><F70/><W79/><G79/><T24/><D37/><U75/><E68/><V31/><F31/><W115/><G115/><T32/><D134/><U47/><E3/><V90/><F117/><W16/><G69/><T110/><D48/><U82/><E135/><V41/><F41/><W28/><G28/><N who="0" m="17415" /><D84/><U0/><E0/><V30/><F30/><W33/><G33/><N who="0" m="12907" /><D92/><U81/><E127/><V54/><F15/><N who="3" m="9503" /><G124/><T107/><D100/><U63/><E25/><V112/><F112/><W12/><G129/><T50/><D50/><U86/><E38/><V40/><F40/><W78/><G78/><T59/><D59/><U99/><E73/><V71/><F71/><W87/><G122/><T29/><D107/><U57/><E75/><V103/><F51/><W17/><G121/><T126/><D126/><U46/><E86/><V132/><F58/><N who="1" m="22633" /><E95/><N who="2" m="58783" /><F132/><W9/><G55/><N who="2" m="14081" /><V64/><DORA hai="18" /><F66/><W85/><G87/><T131/><D131/><U128/><E128/><V11/><F11/><N who="0" m="4138" /><D1/><U80/><N who="1" m="20992" /><DORA hai="19" /><U119/><E119/><V101/><F101/><W125/><G125/><T94/><D94/><U105/><E105/><V104/><F104/><W116/><G116/><T108/><D108/><U106/><E106/><V14/><F67/><W36/><G36/><T43/><D43/><U35/><E35/><AGARI ba="0,0" hai="26,29,35,109,110" m="4138,12907,17415" machi="35" ten="30,7700,0" yaku="34,2,52,2" doraHai="13,18,19" who="0" fromWho="1" sc="233,77,250,-77,274,0,243,0" /><INIT seed="4,0,0,5,5,30" ten="310,173,274,243" oya="0" hai0="113,34,54,77,98,109,17,70,91,95,2,69,64" hai1="40,20,120,10,16,73,44,129,24,1,15,90,33" hai2="130,106,21,65,12,13,7,47,41,123,88,96,131" hai3="103,59,28,79,39,29,68,101,43,53,46,121,27"/><T37/><D2/><U45/><E120/><V22/><F65/><W60/><G121/><T92/><D37/><U72/><E129/><V94/><F123/><W19/><G79/><T67/><D113/><U86/><E45/><V50/><F106/><W126/><G126/><T119/><D119/><U48/><E1/><V74/><F74/><W128/><G128/><T124/><D109/><U18/><REACH who="1" step="1"/><E33/><REACH who="1" step="2"/><V3/><F131/><W61/><G28/><T118/><D34/><U115/><E115/><V108/><F130/><W71/><G19/><T63/><D17/><U26/><E26/><V58/><F108/><W6/><G6/><T112/><D112/><U8/><E8/><V85/><F3/><W102/><REACH who="3" step="1"/><G61/><REACH who="3" step="2"/><T78/><D63/><U5/><E5/><V4/><F7/><W32/><AGARI ba="0,2" hai="27,29,32,39,43,46,53,59,60,68,71,101,102,103" machi="32" ten="30,7900,0" yaku="1,1,2,1,0,1,52,1,53,0" doraHai="30" doraHaiUra="82" who="3" fromWho="3" sc="310,-39,163,-20,274,-20,233,99" /><INIT seed="5,0,0,2,0,6" ten="271,143,254,332" oya="1" hai0="131,84,124,129,109,130,68,26,67,86,19,48,83" hai1="7,38,134,117,135,75,100,27,94,69,5,61,76" hai2="88,122,23,116,56,15,74,32,78,128,43,113,54" hai3="47,91,70,102,123,31,18,11,60,93,39,120,29"/><U24/><E117/><V110/><F32/><W79/><G102/><T8/><D109/><U53/><E38/><V115/><F110/><W49/><G39/><T57/><D124/><U21/><E75/><V96/><F116/><W64/><G79/><T105/><D105/><U73/><E73/><V58/><F122/><W66/><G66/><T81/><D68/><U98/><E76/><V12/><F43/><W4/><G18/><T107/><D107/><U71/><E71/><V20/><F128/><W132/><G132/><N who="1" m="50730" /><E27/><V30/><F74/><W72/><G72/><T41/><D41/><U34/><E34/><V65/><F78/><W99/><G120/><T10/><D26/><U59/><E69/><V51/><F65/><W106/><G106/><T126/><D126/><U90/><E100/><V112/><F58/><W104/><G104/><T28/><D28/><AGARI ba="0,0" hai="5,7,21,24,28,53,59,61,90,94,98" m="50730" machi="28" ten="30,1500,0" yaku="20,1" doraHai="6" who="1" fromWho="0" sc="271,-15,143,15,254,0,332,0" /><INIT seed="5,1,0,4,5,12" ten="256,158,254,332" oya="1" hai0="125,5,43,20,42,52,90,3,101,110,86,50,117" hai1="33,35,29,0,66,22,70,28,118,96,9,48,77" hai2="129,128,2,40,127,38,59,19,95,31,97,81,56" hai3="62,26,102,126,100,99,57,72,94,120,89,18,131"/><U71/><E77/><V88/><F2/><W79/><G120/><T36/><D110/><U45/><E118/><V8/><F127/><W73/><G126/><T1/><D125/><U67/><E96/><V92/><F31/><W30/><G131/><N who="2" m="50249" /><F81/><W49/><G49/><T13/><D117/><U74/><E74/><V134/><F134/><W32/><G73/><T76/><D36/><U114/><E114/><V69/><F69/><W122/><G122/><T54/><D1/><U133/><E133/><V113/><F113/><W83/><G18/><N who="0" m="10319" /><D3/><U58/><E0/><V111/><F111/><W115/><G115/><T106/><D106/><U107/><E107/><V87/><F38/><W34/><G32/><T10/><D101/><U27/><E9/><V6/><F40/><N who="0" m="15402" /><D5/><U82/><E82/><V55/><F6/><W135/><G135/><T61/><D10/><U65/><E58/><V123/><F123/><W11/><G11/><T39/><D39/><U68/><REACH who="1" step="1"/><E29/><REACH who="1" step="2"/><V84/><F8/><W119/><G119/><T53/><D76/><U108/><E108/><V60/><F59/><W16/><G30/><T132/><D132/><U112/><E112/><V17/><F87/><W80/><G80/><N who="0" m="49479" /><D61/><U4/><E4/><V116/><F116/><W23/><G34/><T25/><D25/><U85/><E85/><V124/><F124/><W91/><G91/><AGARI ba="1,1" hai="17,19,55,56,60,84,88,91,92,95,97" m="50249" machi="91" ten="30,7700,0" yaku="19,1,52,2,54,1" doraHai="12" who="2" fromWho="3" sc="256,0,148,0,254,90,332,-80" /><INIT seed="6,0,0,1,0,118" ten="256,148,344,252" oya="2" hai0="42,113,47,109,101,105,114,65,70,34,51,89,31" hai1="135,46,58,67,66,98,3,5,45,35,63,97,62" hai2="1,56,64,78,84,24,80,116,41,40,19,127,59" hai3="60,76,13,94,0,90,4,14,17,21,110,108,30"/><V124/><F1/><W107/><G107/><T81/><D109/><U133/><E5/><V102/><F102/><W61/><G0/><T91/><D81/><U55/><E3/><V88/><F116/><W50/><G76/><T74/><D74/><U99/><E35/><V11/><F78/><W22/><G110/><T39/><D51/><U12/><E12/><N who="2" m="7583" /><F24/><N who="3" m="16663" /><G108/><T87/><D31/><U77/><E77/><V111/><F111/><W52/><G13/><T126/><D34/><U106/><E106/><V95/><F95/><W26/><G26/><T57/><D70/><U16/><E16/><V32/><F32/><W18/><G18/><T86/><D101/><U92/><E92/><V23/><F23/><W53/><G4/><T132/><D105/><U100/><E100/><V120/><F120/><W83/><G83/><T82/><D126/><N who="2" m="48170" /><F64/><N who="1" m="24617" /><E55/><N who="3" m="21066" /><G50/><T9/><D9/><U96/><N who="1" m="25088" /><DORA hai="117" /><U115/><E58/><AGARI ba="0,0" hai="40,41,56,58,59,80,84,88" m="48170,7583" machi="58" ten="30,2900,0" yaku="18,1,54,1" doraHai="118,117" who="2" fromWho="1" sc="256,0,148,-29,344,29,252,0" /><INIT seed="6,1,0,1,1,112" ten="256,119,373,252" oya="2" hai0="44,98,46,58,80,87,48,107,3,22,133,83,67" hai1="40,33,68,70,75,74,129,121,91,4,16,14,79" hai2="81,19,65,110,89,6,111,7,99,47,95,26,93" hai3="61,8,9,62,97,29,35,50,28,56,54,120,72"/><V34/><F34/><W85/><G72/><T94/><D3/><U130/><E79/><V86/><F65/><W55/><G120/><T71/><D133/><U59/><E40/><V114/><F114/><W25/><G29/><T122/><D122/><U124/><E4/><V106/><F106/><W131/><G131/><N who="1" m="50186" /><E121/><V101/><F47/><W13/><G97/><T109/><D109/><N who="2" m="41482" /><F81/><W52/><G8/><T132/><D132/><U113/><E33/><V127/><F127/><W77/><G77/><T96/><D107/><U32/><E113/><V11/><F11/><W5/><G62/><N who="0" m="38359" /><D71/><N who="1" m="27179" /><E124/><V128/><F128/><W45/><REACH who="3" step="1"/><G85/><REACH who="3" step="2"/><T104/><D87/><U117/><E32/><V31/><F19/><W88/><G88/><T37/><D98/><U78/><E78/><V57/><F31/><W84/><G84/><T21/><D96/><U1/><E91/><V53/><F26/><W20/><G20/><T125/><D21/><N who="1" m="11415" /><E1/><V10/><F10/><W118/><G118/><T18/><D125/><U27/><E27/><V115/><F115/><W100/><G100/><T126/><D126/><U116/><E59/><V64/><F64/><AGARI ba="1,1" hai="5,9,13,25,28,35,45,50,52,54,55,56,61,64" machi="64" ten="30,3900,0" yaku="1,1,7,1,54,1,53,0" doraHai="112" doraHaiUra="90" who="3" fromWho="2" sc="256,0,119,0,373,-42,242,52" /><INIT seed="7,0,0,3,0,56" ten="256,119,331,294" oya="3" hai0="26,119,92,135,36,47,78,15,0,32,33,5,13" hai1="20,112,134,113,69,131,98,10,35,50,116,54,105" hai2="43,12,14,130,115,101,25,44,17,77,3,100,7" hai3="21,2,133,52,30,29,4,132,51,90,75,27,24"/><W65/><G75/><T84/><D119/><U96/><E105/><V39/><F130/><W85/><G65/><T16/><D135/><N who="3" m="51785" /><G4/><T57/><D36/><U41/><E134/><V128/><F77/><W55/><G2/><T80/><D47/><U76/><E76/><V118/><F128/><W73/><G73/><T64/><D0/><U94/><E131/><V66/><F118/><W31/><G51/><T97/><D5/><U11/><E116/><V40/><F40/><W123/><G123/><T22/><D33/><U82/><E82/><V48/><F115/><N who="1" m="44105" /><E41/><V114/><F114/><W68/><G68/><T91/><REACH who="0" step="1"/><D32/><REACH who="0" step="2"/><U104/><E35/><V95/><F7/><W62/><G62/><AGARI ba="0,1" hai="13,15,16,22,26,57,62,64,78,80,84,91,92,97" machi="62" ten="40,12000,2" yaku="1,1,2,1,8,1,52,1,54,1,53,1" doraHai="56" doraHaiUra="81" who="0" fromWho="3" sc="246,130,119,0,331,0,294,-120" owari="376,48.0,119,-38.0,331,13.0,174,-23.0" /></mjloggm>