<mjloggm ver="2.3"><GO type="41"/><UN n0="%6A%6F%68%75%6B%75" n1="%E5%A4%A7%E5%BE%80%E7%94%9F" n2="%E5%B8%B8%E7%A3%90%E7%B7%9A%E7%89%B9%E5%88%A5%E5%BF%AB%E9%80%9F" n3="%E3%82%A6%E3%83%AB%E3%83%88%E3%83%A9%E7%AB%8B%E7%9B%B4" dan="14,15,15,14" rate="1978,1943,2126,1937" sx="M,F,M,M"/><TAIKYOKU oya="0"/><INIT seed="0,0,0,2,4,6" ten="250,250,250,250" oya="0" hai0="17,54,10,85,16,98,13,20,75,23,59,112,127" hai1="3,12,114,78,131,25,83,116,53,28,40,55,19" hai2="52,84,120,35,105,130,60,128,44,51,118,7,31" hai3="68,32,69,123,72,110,66,88,126,82,102,122,47"/><T65/><D75/><U36/><E116/><V91/><F120/><N who="3" m="46123" /><G102/><T49/><D112/><U77/><E114/><V0/><F118/><W29/><G126/><T64/><D127/><U113/><E113/><V61/><F105/><W104/><G104/><T18/><D98/><U21/><E3/><V101/><F101/><W67/><G29/><T119/><D119/><U97/><E97/><V81/><F31/><W45/><G32/><T26/><D85/><U132/><E131/><N who="2" m="50219" /><F35/><W50/><G45/><T11/><D11/><AGARI ba="0,0" hai="0,7,11,44,51,52,60,61,81,84,91" m="50219" machi="11" ten="30,3900,0" yaku="19,1,52,1,54,1" doraHai="6" who="2" fromWho="0" sc="250,-39,250,0,250,39,250,0" /><INIT seed="1,0,0,3,3,88" ten="211,250,289,250" oya="1" hai0="7,93,114,23,121,13,6,36,10,95,24,78,65" hai1="102,66,12,48,122,38,101,47,39,63,9,99,125" hai2="87,120,25,98,133,75,46,134,1,53,18,135,106" hai3="55,131,51,43,37,92,35,52,5,16,11,41,62"/><U61/><E122/><V56/><F120/><W20/><G35/><T71/><D121/><U3/><E3/><V30/><F75/><W8/><G37/><T111/><D114/><U49/><E125/><V28/><F1/><W128/><G128/><T90/><D111/><U15/><E38/><V91/><F46/><W100/><G131/><T0/><D36/><U112/><E39/><V29/><F98/><N who="3" m="59463" /><G62/><T76/><D71/><U82/><E82/><V85/><F106/><W68/><G68/><T126/><D65/><U83/><E83/><V130/><F130/><W44/><G55/><T123/><D123/><U45/><E112/><V86/><F18/><W119/><G119/><T33/><D126/><U58/><E63/><N who="2" m="36239" /><F25/><N who="3" m="14471" /><G5/><T77/><D33/><U32/><E32/><V26/><F26/><W115/><G115/><T129/><D129/><U127/><E127/><V113/><F113/><W94/><G94/><AGARI ba="0,0" hai="28,29,30,85,86,87,91,94,133,134,135" m="36239" machi="94" ten="40,2600,0" yaku="20,1,52,1" doraHai="88" who="2" fromWho="3" sc="211,0,250,0,289,26,250,-26" /><INIT seed="2,0,0,4,0,39" ten="211,250,315,224" oya="2" hai0="19,135,35,128,61,103,12,99,124,49,109,52,47" hai1="83,18,68,58,110,62,78,94,23,22,114,41,6" hai2="93,55,130,53,111,129,59,24,1,27,43,15,31" hai3="108,70,102,65,5,40,32,44,80,119,17,56,42"/><V3/><F111/><W95/><G70/><T115/><D109/><U132/><E110/><V75/><F75/><W8/><G119/><T51/><D124/><U16/><E114/><V104/><F104/><W26/><G108/><T76/><D135/><U122/><E68/><V85/><F15/><W112/><G112/><T45/><D128/><N who="2" m="49258" /><F24/><W113/><G113/><T64/><D115/><U13/><E6/><V60/><F55/><W82/><G32/><T90/><D76/><U63/><E132/><V67/><F67/><W29/><G29/><T89/><D35/><U28/><E28/><V72/><F72/><W37/><G17/><T117/><D117/><U54/><E94/><V48/><F85/><W10/><G26/><T0/><D0/><U20/><E20/><N who="2" m="15847" /><F93/><W98/><G8/><T134/><D134/><U33/><E33/><V4/><F4/><W125/><G125/><T34/><D34/><U96/><E122/><V107/><F107/><W38/><G10/><N who="0" m="6551" /><D103/><U92/><E23/><V123/><F123/><W116/><G5/><T87/><D87/><U21/><E21/><V133/><F133/><W7/><G7/><T86/><D86/><U57/><E22/><V97/><F97/><W14/><G14/><T2/><D99/><U121/><E96/><V91/><F91/><W66/><G116/><T9/><D2/><U88/><E121/><V77/><F77/><W120/><G120/><T36/><D36/><U105/><E105/><V71/><F71/><W73/><G73/><T30/><D89/><U106/><E106/><V131/><F131/><W79/><G79/><RYUUKYOKU ba="0,0" sc="211,-10,250,-10,315,30,224,-10" hai2="1,3,43,48,53,59,60" /><INIT seed="2,1,0,0,3,46" ten="201,240,345,214" oya="2" hai0="37,31,101,3,99,105,60,56,67,52,8,94,96" hai1="15,100,48,24,40,29,103,54,66,59,124,86,35" hai2="107,33,2,7,39,45,69,82,50,42,14,23,9" hai3="112,34,44,77,32,65,129,80,64,6,4,41,130"/><V132/><F69/><W78/><G44/><T92/><D37/><U13/><E124/><V91/><F107/><W57/><G57/><T121/><D121/><U16/><E40/><V85/><F132/><W126/><G80/><T5/><D31/><U128/><E128/><V127/><F127/><W81/><G81/><T19/><D19/><U17/><E13/><V62/><F62/><W106/><G41/><T134/><D134/><U110/><E110/><V113/><F113/><W47/><G47/><T12/><D3/><U75/><E75/><V70/><F70/><W18/><G126/><T104/><REACH who="0" step="1"/><D67/><REACH who="0" ten="191,240,345,214" step="2"/><U22/><E66/><V58/><F2/><W53/><G18/><T49/><D49/><U111/><E17/><V83/><F39/><W20/><G112/><T0/><D0/><U88/><REACH who="1" step="1"/><E111/><REACH who="1" ten="191,230,345,214" step="2"/><V97/><F7/><W115/><G115/><T87/><D87/><U61/><E61/><V43/><F85/><W27/><G130/><T25/><D25/><U133/><E133/><V93/><F97/><W109/><G129/><T30/><D30/><U84/><E84/><V51/><F14/><W123/><G109/><T120/><D120/><U36/><E36/><V76/><F9/><W131/><G131/><T95/><D95/><AGARI ba="1,2" hai="15,16,22,24,29,35,48,54,59,86,88,95,100,103" machi="95" ten="30,12000,2" yaku="1,1,7,1,25,2,52,1,54,2,53,0" doraHai="46" doraHaiUra="38" who="1" fromWho="0" sc="191,-123,230,143,345,0,214,0" /><INIT seed="3,0,0,5,0,70" ten="68,373,345,214" oya="3" hai0="116,46,29,86,92,88,64,16,36,35,19,81,3" hai1="8,11,73,106,85,109,23,105,127,124,119,37,121" hai2="104,93,95,130,17,84,108,87,111,62,48,4,102" hai3="14,53,74,27,68,2,118,79,133,72,18,101,56"/><W44/><G118/><T39/><D116/><U12/><E119/><V59/><F4/><W69/><G2/><T78/><D3/><U83/><E121/><V24/><F104/><W131/><G69/><T49/><D64/><U110/><E73/><V31/><F17/><W45/><G68/><T57/><D57/><U115/><E115/><V113/><F48/><W76/><G74/><T10/><D35/><U65/><E65/><N who="2" m="39135" /><F113/><W6/><G72/><T117/><D117/><U22/><E37/><V100/><F130/><W125/><G131/><T91/><D29/><U75/><E75/><V32/><F95/><W134/><G101/><N who="2" m="39017" /><F93/><W66/><G66/><T96/><D78/><N who="3" m="29737" /><G27/><T77/><D77/><N who="1" m="46319" /><E106/><V42/><F42/><W103/><G103/><T41/><REACH who="0" step="1"/><D19/><REACH who="0" ten="58,373,345,214" step="2"/><U9/><E105/><V107/><F107/><W30/><G30/><T5/><D5/><U61/><E127/><V1/><F1/><W123/><G125/><T50/><D50/><U55/><E124/><V38/><F38/><W129/><G129/><T40/><D40/><U13/><E61/><V58/><F58/><W52/><G6/><T80/><D80/><U15/><E55/><N who="3" m="21066" /><G56/><T122/><D122/><U63/><E63/><V43/><F43/><W89/><G123/><T94/><D94/><U90/><E8/><V97/><F32/><W33/><G33/><T132/><D132/><N who="3" m="50793" /><G89/><T60/><D60/><U34/><E90/><V112/><F112/><W47/><G18/><T7/><D7/><U135/><E135/><V54/><F31/><W99/><G99/><T120/><D120/><U98/><E98/><RYUUKYOKU ba="0,1" sc="58,15,373,-15,345,-15,214,15" hai0="10,16,36,39,41,46,49,81,86,88,91,92,96" hai3="14,44,45,47" /><INIT seed="3,1,1,2,3,47" ten="73,358,330,229" oya="3" hai0="100,33,69,40,39,51,21,30,92,57,111,36,121" hai1="25,18,24,23,2,1,37,107,123,66,106,91,117" hai2="8,132,82,35,76,38,90,59,75,115,49,93,26" hai3="31,43,102,113,110,41,73,67,126,96,103,86,7"/><W64/><G73/><T101/><D111/><U50/><E37/><V77/><F38/><W80/><G113/><T98/><D121/><U127/><E123/><V70/><F70/><W108/><G7/><T19/><D69/><U60/><E127/><V94/><F115/><W135/><G126/><T84/><D33/><U72/><E72/><V34/><F132/><W32/><G32/><T15/><D30/><U42/><E117/><V27/><F77/><W88/><G31/><T46/><D101/><U134/><E134/><V85/><F35/><W124/><G124/><T125/><D125/><U5/><E1/><V28/><F26/><W89/><G135/><T17/><D84/><U128/><E24/><V71/><F71/><W109/><G89/><T120/><D120/><U6/><E128/><V48/><F59/><W65/><G102/><T9/><REACH who="0" step="1"/><D57/><REACH who="0" ten="63,358,330,229" step="2"/><N who="1" m="37135" /><E107/><AGARI ba="1,2" hai="41,43,64,65,67,80,86,88,96,103,107,108,109,110" machi="107" ten="50,9600,0" yaku="14,1,10,1,54,1" doraHai="47" who="3" fromWho="1" sc="63,0,358,-99,330,0,229,119" /><INIT seed="3,2,0,0,5,52" ten="63,259,330,348" oya="3" hai0="104,83,87,32,4,18,96,95,125,14,64,30,65" hai1="5,33,110,12,81,57,116,60,133,90,76,26,97" hai2="82,92,130,11,28,88,10,79,121,70,128,120,25" hai3="80,105,27,100,46,40,77,123,50,45,31,74,42"/><W99/><G123/><N who="2" m="47177" /><F70/><W94/><G105/><T21/><D125/><U85/><E110/><V124/><F124/><W106/><G106/><T86/><D104/><U37/><E37/><V56/><F56/><W78/><G74/><T66/><D83/><U127/><E127/><V44/><F44/><W98/><G80/><T108/><D108/><U69/><E69/><V119/><F119/><W0/><G0/><T115/><D115/><U129/><E133/><V54/><F54/><W75/><G75/><T6/><D32/><U49/><E129/><N who="2" m="49771" /><F82/><W114/><G114/><T135/><D30/><U7/><E116/><V117/><F79/><W63/><G63/><T113/><D113/><U118/><E118/><V35/><F117/><W102/><G78/><T109/><D135/><U126/><E126/><V107/><F107/><W3/><G77/><T1/><D1/><U103/><E76/><V131/><N who="2" m="49779" /><V8/><DORA hai="34" /><F11/><W71/><G71/><T53/><D53/><U132/><E33/><V22/><F35/><W20/><G45/><T51/><D51/><U84/><E132/><V23/><F23/><W16/><G42/><T24/><D109/><U17/><E49/><V41/><F41/><W89/><G50/><T55/><D55/><U73/><E73/><V112/><F112/><W9/><G46/><T61/><D61/><U101/><E60/><V15/><F15/><N who="3" m="7279" /><G40/><T93/><D93/><U122/><E81/><V111/><F111/><W19/><G94/><T39/><D39/><U2/><E122/><V67/><F67/><W43/><G43/><T134/><D134/><RYUUKYOKU ba="2,0" sc="63,-10,259,-10,330,30,348,-10" hai2="8,10,22,25,28,88,92" /><INIT seed="4,3,0,2,4,64" ten="53,249,360,338" oya="0" hai0="133,30,35,77,27,78,52,111,79,51,62,40,6" hai1="109,108,54,112,15,73,19,105,28,116,85,53,82" hai2="124,122,43,23,57,36,129,107,87,49,60,80,94" hai3="115,16,33,8,2,120,17,125,66,84,103,45,99"/><T88/><D111/><U46/><E116/><V104/><F122/><W50/><G33/><T14/><D133/><U7/><E105/><V76/><F36/><W41/><G120/><T58/><D6/><U63/><E28/><V91/><F124/><W71/><G125/><T38/><D14/><U26/><E26/><V131/><F23/><W34/><G34/><T9/><D9/><U132/><E73/><V29/><F29/><W128/><G128/><N who="2" m="49225" /><F49/><W121/><G121/><T127/><D127/><U118/><E54/><N who="2" m="33847" /><F43/><W42/><G42/><T65/><D88/><U0/><E19/><V135/><F135/><W20/><G20/><T123/><D123/><U83/><E85/><AGARI ba="3,0" hai="76,80,85,87,91,94,104,107" m="33847,49225" machi="85" ten="30,1000,0" yaku="19,1" doraHai="64" who="2" fromWho="1" sc="53,0,249,-19,360,19,338,0" /><INIT seed="5,0,0,5,1,33" ten="53,230,379,338" oya="1" hai0="79,121,54,8,11,84,90,53,92,34,91,31,47" hai1="134,72,85,50,49,15,133,101,63,10,45,4,130" hai2="41,127,86,68,131,126,16,109,66,135,113,75,65" hai3="18,13,12,48,27,87,56,64,36,1,118,14,110"/><U22/><E72/><V7/><F75/><W38/><G110/><T59/><D121/><U51/><E130/><V52/><F109/><W60/><G118/><T111/><D111/><U77/><E101/><V99/><F131/><W108/><G108/><T76/><D34/><U20/><E63/><V57/><F41/><W32/><G38/><T88/><D31/><U21/><E45/><V46/><F46/><W73/><G73/><T106/><D106/><U112/><E112/><V123/><F123/><W97/><G36/><T105/><D105/><U122/><E122/><V98/><F113/><W62/><G97/><N who="2" m="36873" /><F68/><W9/><G62/><T102/><D102/><U117/><E117/><V39/><F39/><W35/><G48/><T42/><D54/><U74/><E74/><V83/><F7/><W82/><G18/><T95/><D91/><U23/><E23/><V104/><F104/><W70/><G70/><T103/><D103/><U114/><E114/><V19/><F135/><N who="1" m="51721" /><E85/><V40/><F40/><W93/><G32/><T96/><D79/><AGARI ba="0,0" hai="4,10,15,20,21,22,49,50,51,77,79" m="51721" machi="79" ten="40,2000,0" yaku="20,1" doraHai="33" who="1" fromWho="0" sc="53,-20,230,20,379,0,338,0" /><INIT seed="5,1,0,0,5,12" ten="33,250,379,338" oya="1" hai0="121,18,132,88,96,10,36,93,111,21,8,110,53" hai1="47,2,128,27,1,67,44,35,39,102,83,58,7" hai2="42,25,31,120,48,104,66,94,62,80,54,84,101" hai3="99,112,20,11,82,97,29,100,9,75,57,69,32"/><U131/><E102/><V40/><F104/><W119/><G119/><T76/><D132/><U124/><E124/><V22/><F120/><W91/><G112/><T17/><D36/><U103/><E103/><V127/><F127/><W115/><G115/><T24/><D121/><U87/><E39/><V77/><F94/><W74/><G32/><T113/><D113/><U13/><E7/><V55/><F101/><W109/><G69/><T114/><D114/><U64/><E13/><V50/><F62/><W73/><G109/><T123/><D111/><U52/><E35/><V86/><F66/><N who="1" m="25129" /><E27/><V16/><F31/><W61/><G29/><T122/><D110/><U70/><E70/><V63/><F63/><W38/><G38/><T118/><D118/><U78/><E44/><N who="2" m="27975" /><F86/><N who="3" m="50647" /><G100/><T19/><D123/><U0/><E47/><AGARI ba="1,0" hai="16,22,25,40,42,47,48,55,77,80,84" m="27975" machi="47" ten="30,3900,0" yaku="8,1,52,1,54,1" doraHai="12" who="2" fromWho="1" sc="33,0,250,-42,379,42,338,0" /><INIT seed="6,0,0,0,3,94" ten="33,208,421,338" oya="2" hai0="103,56,3,44,81,20,2,119,62,118,52,6,124" hai1="72,7,74,106,49,51,68,80,55,26,63,33,91" hai2="18,132,107,32,115,100,47,42,11,84,89,67,76" hai3="90,82,131,128,36,104,21,37,78,130,28,31,117"/><V64/><F32/><W71/><G117/><T59/><D124/><U8/><E106/><V65/><F76/><W53/><G71/><T88/><D103/><U38/><E38/><V14/><F132/><W113/><G28/><T35/><D35/><U15/><E72/><V108/><F108/><W86/><G31/><T57/><D44/><U77/><E33/><V5/><F115/><W92/><G21/><T10/><D3/><U9/><E26/><V98/><F5/><W39/><G104/><T60/><D20/><U73/><E73/><V24/><F24/><W48/><G113/><T109/><D109/><U133/><E133/><V75/><F75/><W96/><G48/><T16/><D16/><U0/><E91/><V112/><F112/><W61/><G61/><T135/><D135/><U46/><E51/><V127/><F127/><W101/><REACH who="3" step="1"/><G53/><REACH who="3" ten="33,208,421,328" step="2"/><T93/><D81/><U27/><E63/><V110/><F110/><W22/><G22/><T54/><REACH who="0" step="1"/><D59/><REACH who="0" ten="23,208,421,328" step="2"/><U4/><E68/><V79/><F11/><W40/><G40/><T85/><AGARI ba="0,2" hai="2,6,10,52,54,56,57,60,62,85,88,93,118,119" machi="85" ten="30,12000,2" yaku="1,1,2,1,0,1,9,1,54,2,53,0" doraHai="94" doraHaiUra="121" who="0" fromWho="0" sc="23,140,208,-30,421,-60,328,-30" /><INIT seed="7,0,0,0,1,44" ten="163,178,361,298" oya="3" hai0="62,67,13,40,99,11,71,125,57,16,47,134,84" hai1="120,27,17,81,72,34,55,64,88,83,54,3,14" hai2="26,135,129,21,69,10,50,56,95,80,18,76,5" hai3="131,37,130,119,19,41,2,45,107,49,123,111,59"/><W94/><G107/><T98/><D125/><U70/><E120/><V91/><F69/><W85/><G2/><T106/><D134/><U87/><E3/><V89/><F135/><W15/><G123/><T66/><D106/><U104/><E104/><V9/><F129/><W33/><G33/><T128/><D128/><N who="3" m="49193" /><G119/><T12/><D67/><U132/><E132/><V124/><F124/><W93/><G111/><T51/><D84/><N who="1" m="50191" /><E72/><V114/><F114/><W73/><G73/><T28/><D28/><U79/><E34/><V42/><F5/><W53/><G85/><T24/><D24/><U43/><E70/><V23/><F76/><W101/><G101/><T100/><D100/><U29/><E64/><V92/><F89/><W109/><G109/><T8/><REACH who="0" step="1"/><D71/><REACH who="0" ten="153,178,361,298" step="2"/><U86/><E29/><V96/><F96/><W74/><G74/><T116/><D116/><U39/><E27/><V133/><F26/><W121/><G121/><T75/><D75/><U117/><E117/><V60/><F133/><W110/><G110/><T31/><D31/><U78/><E87/><V108/><F108/><W103/><G103/><T35/><D35/><U68/><E68/><V126/><F126/><W102/><G102/><T4/><AGARI ba="0,1" hai="4,8,11,12,13,16,40,47,51,57,62,66,98,99" machi="4" ten="20,12000,2" yaku="1,1,0,1,7,1,8,1,52,1,54,1,53,0" doraHai="44" doraHaiUra="20" who="0" fromWho="0" sc="153,130,178,-30,361,-30,298,-60" owari="283,8.0,148,-35.0,331,43.0,238,-16.0" /></mjloggm>