<mjloggm ver="2.3"><GO type="41"/><UN n0="%E3%81%8A%E8%8C%B6%E3%81%A9%E3%81%86%E3%81%9E%5F%E4%B8%94%7E" n1="%E5%B0%8F%E8%80%B3" n2="%E6%88%91%E8%BC%A9%E3%81%AF%E3%82%AB%E3%83%A2%E3%81%A7%E3%81%82%E3%82%8B" n3="%EF%BC%88%E2%89%A7%E2%96%BD%E2%89%A6%EF%BC%89" dan="13,13,13,13" rate="1906,1819,1901,2058" sx="M,M,F,M"/><TAIKYOKU oya="0"/><INIT seed="0,0,0,1,5,10" ten="250,250,250,250" oya="0" hai0="52,59,106,8,71,115,56,107,69,64,103,72,39" hai1="0,50,44,105,112,36,121,104,55,61,131,48,66" hai2="28,124,31,20,126,113,37,11,117,133,92,19,98" hai3="95,17,114,135,60,7,22,54,74,68,33,129,4"/><T42/><D72/><U93/><E121/><V120/><F37/><W58/><G114/><T24/><D115/><U47/><E131/><V2/><F113/><W32/><G74/><T90/><D64/><U116/><E116/><V5/><F120/><W38/><G129/><T77/><D77/><U15/><E0/><V132/><F92/><W67/><G135/><N who="2" m="51785" /><F98/><W70/><G38/><T110/><D24/><U100/><E112/><V79/><F79/><W99/><G4/><T109/><D90/><U111/><E111/><N who="0" m="42505" /><D59/><U12/><E36/><V41/><F41/><W91/><G7/><T62/><D103/><U3/><E3/><V96/><F96/><W18/><G18/><T88/><D88/><U43/><E104/><N who="0" m="39977" /><D8/><U134/><E105/><V35/><F35/><W13/><REACH who="3" step="1"/><G70/><REACH who="3" step="2"/><T53/><D39/><U40/><E134/><V81/><F117/><W128/><G128/><T85/><D42/><U34/><E43/><V21/><F81/><W14/><G14/><T108/><D108/><U123/><E123/><V102/><F102/><W89/><G89/><T118/><D118/><U130/><E130/><V122/><F122/><W29/><G29/><N who="2" m="11337" /><F21/><W26/><G26/><AGARI ba="0,1" hai="2,5,11,19,20,26,124,126" m="11337,51785" machi="26" ten="30,3900,0" yaku="20,1,34,2" doraHai="10" who="2" fromWho="3" sc="250,0,250,0,250,49,240,-39" /><INIT seed="1,0,0,4,4,28" ten="250,250,299,201" oya="1" hai0="55,65,11,126,15,90,18,42,31,59,5,73,44" hai1="0,16,88,82,68,29,9,85,25,95,10,36,24" hai2="86,120,37,64,51,133,127,84,12,17,60,81,128" hai3="135,53,32,87,19,45,129,113,54,108,112,119,92"/><U107/><E36/><V78/><F37/><W41/><G19/><T63/><D73/><U39/><E68/><V3/><F120/><W14/><G14/><T109/><D109/><U134/><E39/><V106/><F3/><W33/><G87/><T43/><D126/><U70/><E70/><V50/><F106/><W102/><G92/><T30/><D42/><U48/><E107/><V77/><F127/><W114/><G102/><T20/><D90/><U116/><E116/><V67/><F128/><W27/><G119/><T72/><D72/><U100/><E134/><V132/><F132/><W76/><G76/><T22/><D22/><N who="1" m="15511" /><E48/><N who="2" m="18475" /><F60/><W101/><G101/><T7/><D7/><U35/><E35/><N who="3" m="13386" /><G27/><T66/><D66/><N who="2" m="25130" /><F133/><W61/><G135/><T75/><D75/><U111/><E111/><V47/><F47/><W104/><G104/><T110/><D110/><U4/><E0/><V23/><F86/><W117/><G108/><T40/><D40/><U79/><E100/><V58/><F58/><N who="3" m="35023" /><G117/><T94/><D94/><U1/><E1/><V121/><F121/><W98/><G129/><T71/><D43/><U6/><E79/><AGARI ba="0,0" hai="12,17,23,77,78,79,81,84" m="25130,18475" machi="79" ten="30,1000,0" yaku="8,1" doraHai="28" who="2" fromWho="1" sc="250,0,250,-10,299,10,201,0" /><INIT seed="2,0,0,5,4,126" ten="250,240,309,201" oya="2" hai0="112,17,81,91,42,83,63,128,25,85,92,34,82" hai1="72,1,71,61,45,41,113,106,37,87,132,52,76" hai2="111,117,13,57,28,18,130,47,124,14,35,32,125" hai3="96,11,33,104,127,68,62,3,46,70,66,90,48"/><V55/><F117/><W20/><G33/><T5/><D112/><U65/><E113/><V129/><F111/><W0/><G70/><T7/><D42/><U23/><E106/><V75/><F75/><W19/><G127/><N who="2" m="48713" /><F47/><W43/><G11/><T12/><D34/><N who="2" m="12842" /><F28/><W97/><G97/><T74/><D25/><U73/><E1/><V135/><F135/><W60/><G60/><T10/><D74/><U49/><E132/><V105/><F105/><W44/><G44/><T99/><D63/><U93/><E23/><N who="2" m="11727" /><F14/><W88/><G104/><T69/><D69/><U122/><E122/><V67/><F67/><W50/><G0/><T80/><REACH who="0" step="1"/><D128/><REACH who="0" step="2"/><U131/><E131/><V120/><F120/><W21/><G68/><T110/><D110/><U4/><E71/><V38/><F38/><W53/><G43/><T114/><D114/><U29/><E41/><V59/><F59/><W109/><G109/><T78/><AGARI ba="0,1" hai="5,7,10,12,17,78,80,81,82,83,85,91,92,99" machi="78" ten="30,7900,0" yaku="1,1,0,1,8,1,53,1" doraHai="126" doraHaiUra="86" who="0" fromWho="0" sc="240,89,240,-20,309,-39,201,-20" /><INIT seed="3,0,0,4,4,90" ten="329,220,270,181" oya="3" hai0="51,64,74,89,112,40,13,0,26,91,82,132,107" hai1="75,31,66,128,98,111,6,11,56,65,60,43,27" hai2="127,52,77,3,47,88,78,116,39,36,122,102,37" hai3="130,55,118,30,123,21,95,92,79,67,50,24,103"/><W117/><G123/><T100/><D0/><U70/><E75/><V94/><F3/><W97/><G130/><T28/><D112/><U108/><E128/><V38/><F116/><W58/><G79/><T34/><D132/><U80/><E43/><V93/><F127/><W35/><G35/><T44/><D13/><U104/><E80/><V96/><F122/><W48/><G67/><T59/><D74/><U85/><E85/><V62/><F39/><W133/><G133/><T19/><D19/><U126/><E126/><V2/><F2/><W134/><G134/><T76/><D76/><U119/><E119/><V114/><F114/><W23/><G23/><T63/><REACH who="0" step="1"/><D82/><REACH who="0" step="2"/><U45/><E6/><V7/><F7/><W113/><G113/><T135/><D135/><U46/><E31/><V20/><F20/><W18/><G18/><T8/><D8/><U29/><E11/><V12/><F12/><W54/><REACH who="3" step="1"/><G92/><REACH who="3" step="2"/><T110/><D110/><U115/><E111/><V124/><F124/><W53/><G53/><T71/><D71/><U106/><E70/><V4/><F4/><W81/><G81/><T121/><D121/><U1/><E115/><V10/><F10/><W72/><G72/><T69/><D69/><U5/><E108/><V68/><F68/><W16/><G16/><T84/><D84/><U41/><E5/><V73/><F73/><W15/><G15/><T33/><D33/><U17/><E17/><V120/><F120/><W57/><AGARI ba="0,2" hai="21,24,30,48,50,54,55,57,58,95,97,103,117,118" machi="57" ten="20,12000,1" yaku="1,1,0,1,7,1,9,1,52,1,53,0" doraHai="90" doraHaiUra="83" who="3" fromWho="3" sc="319,-40,220,-40,270,-40,171,140" /><INIT seed="3,1,0,3,5,60" ten="279,180,230,311" oya="3" hai0="94,104,17,55,39,16,81,23,91,48,131,99,45" hai1="42,1,22,87,125,97,30,76,80,84,15,65,134" hai2="106,37,7,36,129,33,75,90,103,73,62,44,49" hai3="38,89,79,66,82,123,119,31,122,128,18,110,58"/><W13/><G119/><T112/><D104/><U96/><E1/><V101/><F33/><W24/><G38/><T92/><D131/><U108/><E125/><V56/><F129/><W93/><G128/><T115/><D81/><U85/><E134/><V120/><F120/><W105/><G105/><T68/><D39/><U77/><E108/><V69/><F69/><W61/><G110/><T67/><D94/><U95/><E42/><V127/><F127/><W8/><G82/><T114/><D23/><U121/><E121/><V116/><F116/><W63/><G79/><T118/><D118/><U126/><E126/><V102/><F90/><W28/><G63/><AGARI ba="1,0" hai="16,17,45,48,55,63,67,68,91,92,99,112,114,115" machi="63" ten="40,5200,0" yaku="11,1,52,1,54,1" doraHai="60" who="0" fromWho="3" sc="279,55,180,0,230,0,311,-55" /><INIT seed="4,0,0,0,3,135" ten="334,180,230,256" oya="0" hai0="20,124,63,81,128,103,79,67,83,121,110,94,18" hai1="16,49,52,59,51,71,21,57,53,56,85,82,127" hai2="60,75,34,102,4,105,68,40,116,109,55,7,22" hai3="114,122,43,10,8,19,90,50,107,25,120,104,45"/><T134/><D121/><N who="3" m="46697" /><G114/><T129/><D134/><U66/><E71/><V12/><F75/><W115/><G115/><T84/><D110/><U91/><E127/><V42/><F34/><W126/><G90/><T26/><D103/><U54/><REACH who="1" step="1"/><E66/><REACH who="1" step="2"/><V5/><F68/><W130/><G126/><T11/><D124/><U74/><E74/><V64/><F64/><W73/><G73/><T106/><D106/><U17/><E17/><V100/><F105/><W69/><G69/><T65/><D65/><U98/><E98/><V78/><F116/><W62/><G107/><T70/><D94/><U39/><E39/><V125/><F125/><W93/><G104/><T0/><D81/><U37/><E37/><V72/><F72/><W29/><G19/><T92/><D92/><U117/><E117/><V14/><F109/><W3/><G93/><T28/><D28/><U132/><E132/><V32/><F102/><W95/><G95/><T123/><D123/><U33/><E33/><V88/><F32/><W119/><G119/><T96/><D96/><U87/><E87/><V1/><F100/><W9/><G29/><T97/><D97/><U111/><E111/><V6/><F4/><W89/><G3/><T2/><REACH who="0" step="1"/><D11/><REACH who="0" step="2"/><U15/><AGARI ba="0,2" hai="15,16,21,49,51,52,53,54,56,57,59,82,85,91" machi="15" ten="30,8000,1" yaku="1,1,0,1,8,1,54,2,53,0" doraHai="135" doraHaiUra="131" who="1" fromWho="1" sc="324,-40,170,100,230,-20,256,-20" /><INIT seed="5,0,0,4,3,31" ten="284,270,210,236" oya="1" hai0="123,105,51,129,81,8,40,135,30,50,68,114,76" hai1="97,6,84,37,7,42,48,52,20,89,101,75,46" hai2="56,124,100,11,33,98,91,55,19,4,9,66,17" hai3="106,127,95,92,59,77,65,83,90,5,128,112,110"/><U125/><E75/><V99/><F124/><W63/><G110/><T2/><D105/><U12/><E125/><V67/><F33/><W73/><G127/><T130/><D68/><U80/><E20/><V82/><F11/><W44/><G106/><T64/><D64/><U70/><E12/><N who="2" m="5159" /><F100/><W60/><G128/><N who="0" m="49259" /><D114/><U103/><E70/><V120/><F120/><W87/><G112/><T69/><D69/><U108/><E108/><V115/><F115/><W0/><G44/><N who="0" m="25863" /><D123/><U34/><E34/><V79/><F79/><W96/><G63/><T41/><D30/><U29/><E29/><V117/><F117/><W72/><REACH who="3" step="1"/><G95/><REACH who="3" step="2"/><T22/><D41/><U107/><REACH who="1" step="1"/><E103/><REACH who="1" step="2"/><V21/><F21/><W113/><G113/><T85/><D22/><U58/><AGARI ba="0,2" hai="6,7,37,42,46,48,52,58,80,84,89,97,101,107" machi="58" ten="20,12000,1" yaku="1,1,2,1,0,1,7,1,54,1,53,0" doraHai="31" doraHaiUra="26" who="1" fromWho="1" sc="284,-40,260,140,210,-40,226,-40" /><INIT seed="5,1,0,4,4,124" ten="244,400,170,186" oya="1" hai0="95,97,68,7,31,56,117,123,110,48,71,116,52" hai1="50,6,36,122,40,38,15,9,32,34,75,88,96" hai2="29,99,46,135,98,33,89,35,118,24,66,127,111" hai3="21,93,55,80,72,126,8,114,91,4,12,51,121"/><U59/><E122/><V101/><F118/><W73/><G121/><T133/><D110/><U69/><E75/><V120/><F111/><W113/><G126/><T42/><D123/><U86/><E69/><V102/><F127/><W128/><G21/><T94/><D7/><U47/><E36/><V61/><F120/><W125/><G125/><T108/><D108/><U28/><E96/><V70/><F135/><W58/><G128/><T67/><D133/><U79/><E79/><V25/><F89/><W62/><G62/><T115/><D31/><U10/><E28/><V16/><F46/><W2/><G2/><T90/><D115/><N who="3" m="44041" /><G80/><T100/><D67/><U23/><E23/><V112/><F112/><W53/><G53/><T103/><D42/><U13/><E59/><V74/><F74/><W41/><G41/><T105/><D105/><U45/><E38/><V27/><F35/><W119/><G119/><T26/><D26/><U44/><E34/><V85/><F85/><AGARI ba="1,0" hai="4,8,12,51,55,58,72,73,85,91,93" m="44041" machi="85" ten="30,1000,0" yaku="15,1" doraHai="124" who="3" fromWho="2" sc="244,0,400,0,170,-13,186,13" /><INIT seed="6,0,0,2,4,56" ten="244,400,157,199" oya="2" hai0="46,58,21,49,113,2,55,85,107,31,106,98,12" hai1="45,4,57,70,3,125,87,27,48,52,121,88,16" hai2="26,90,22,20,105,76,18,118,81,14,25,101,41" hai3="133,11,131,19,94,40,92,54,29,74,64,116,43"/><V33/><F118/><W111/><G116/><T71/><D2/><U128/><E121/><V103/><F41/><W108/><G74/><T78/><D113/><U7/><E70/><V39/><F39/><W119/><G119/><T109/><D71/><U13/><E128/><V51/><F33/><W86/><G131/><T135/><D135/><U91/><E91/><V35/><F35/><W28/><G133/><T66/><D109/><U110/><E125/><V83/><F51/><W5/><G64/><T32/><D32/><U38/><E27/><V10/><F105/><W100/><G111/><T102/><D78/><U23/><E3/><V1/><F1/><W130/><G130/><T72/><D72/><U120/><E120/><V62/><F62/><W123/><G123/><T8/><D85/><U42/><E110/><V84/><F83/><AGARI ba="0,0" hai="4,7,13,16,23,38,42,45,48,52,57,83,87,88" machi="83" ten="30,7700,0" yaku="7,1,54,3" doraHai="56" who="1" fromWho="2" sc="244,0,400,77,157,-77,199,0" /><INIT seed="7,0,0,2,5,116" ten="244,477,80,199" oya="3" hai0="42,15,58,69,56,54,134,132,103,114,36,111,76" hai1="120,99,104,113,11,18,0,108,43,118,89,59,48" hai2="23,17,46,101,51,121,72,97,22,5,8,50,135" hai3="57,84,92,38,90,117,16,94,82,39,13,47,1"/><W130/><G117/><T2/><D2/><U66/><E118/><V110/><F72/><W80/><G130/><T60/><D76/><U75/><E108/><V37/><F110/><W33/><G1/><T68/><D103/><U24/><E75/><V10/><F135/><N who="0" m="51754" /><D15/><U6/><E104/><V100/><F37/><W52/><G33/><T83/><D83/><U98/><E66/><V27/><F5/><W112/><G112/><T122/><D111/><U20/><E113/><V115/><F115/><W55/><G82/><T9/><D9/><U128/><E128/><V77/><F77/><W62/><G39/><T12/><D12/><U124/><E99/><V67/><F67/><W102/><G102/><T96/><D96/><U14/><E0/><V25/><F97/><W127/><G127/><T71/><D114/><U79/><E124/><V106/><F46/><W32/><G32/><T35/><D35/><U131/><E79/><V95/><F17/><W107/><G107/><T86/><D86/><U87/><E98/><V29/><F106/><W3/><G3/><T21/><D21/><U91/><E89/><V31/><REACH who="2" step="1"/><F95/><REACH who="2" step="2"/><W125/><G125/><T53/><D36/><U61/><E18/><V40/><F40/><W88/><G38/><T73/><D73/><U65/><E6/><V4/><F4/><W28/><G47/><T109/><D42/><U44/><E43/><V119/><F119/><W41/><G41/><T123/><D109/><U63/><E131/><V34/><F34/><W64/><G64/><T93/><D93/><N who="3" m="35945" /><G16/><T129/><D129/><U19/><E19/><RYUUKYOKU ba="0,1" sc="244,15,477,-15,70,15,199,-15" hai0="53,54,56,58,60,68,69,71,122,123" hai2="8,10,22,23,25,27,29,31,50,51,100,101,121" owari="259,6,472,57,85,-41,184,-22" /></mjloggm>