<mjloggm ver="2.3"><GO type="169" lobby="0"/><UN n0="%E3%81%B9%E3%81%A3%E3%81%93%E3%83%BC%E2%99%AA" n1="%E5%9F%BA%E7%A4%8E%E8%AB%96" n2="%E3%81%93%E3%81%BE%E3%81%A3%E3%81%95%E3%82%93" n3="%EF%BC%88%E2%89%A7%E2%96%BD%E2%89%A6%EF%BC%89" dan="17,17,17,18" rate="2151.59,2112.85,2187.36,2177.64" sx="F,M,M,F"/><TAIKYOKU oya="0"/><INIT seed="0,0,0,0,4,74" ten="250,250,250,250" oya="0" hai0="9,131,76,32,41,40,25,77,117,36,19,56,1" hai1="111,72,95,124,67,15,98,54,112,101,49,84,68" hai2="130,39,134,28,129,13,43,89,46,14,10,71,96" hai3="16,110,104,118,12,6,97,103,94,51,100,79,7"/><T22/><D117/><U42/><E72/><V73/><F71/><W121/><G118/><T4/><D131/><U31/><E111/><V63/><F14/><W133/><G110/><T29/><D56/><U3/><E3/><V116/><F116/><W5/><G133/><T86/><D86/><U83/><E124/><V0/><F0/><W48/><G121/><T44/><REACH who="0" step="1"/><D41/><REACH who="0" ten="240,250,250,250" step="2"/><U109/><E109/><V114/><F73/><W92/><G79/><T23/><D23/><U108/><E108/><V107/><F134/><W99/><G104/><T82/><D82/><U37/><E83/><V2/><F107/><W50/><G50/><T135/><D135/><U8/><E49/><V69/><F130/><W17/><REACH who="3" step="1"/><G17/><REACH who="3" ten="240,250,250,240" step="2"/><T119/><D119/><U102/><E37/><V57/><F39/><W59/><G59/><T65/><D65/><U80/><E67/><V106/><F57/><W66/><G66/><T85/><D85/><U61/><E84/><V122/><F129/><W127/><G127/><T35/><D35/><U53/><E61/><V93/><F63/><W123/><G123/><T75/><D75/><U90/><E68/><V81/><F69/><W126/><G126/><T120/><D120/><U11/><E42/><V47/><F43/><W105/><G105/><T20/><D20/><AGARI ba="0,2" hai="5,6,7,12,16,20,48,51,92,94,97,99,100,103" machi="20" ten="40,8000,1" yaku="1,1,9,1,8,1,54,1,53,0" doraHai="74" doraHaiUra="113" who="3" fromWho="0" sc="240,-80,250,0,250,0,240,100" /><INIT seed="1,0,0,5,0,95" ten="160,250,250,340" oya="1" hai0="124,97,36,123,77,127,130,63,106,114,35,13,111" hai1="68,125,8,135,134,110,64,99,30,32,100,87,33" hai2="1,104,2,37,105,88,38,69,55,28,56,96,119" hai3="46,118,41,126,83,73,103,29,20,116,51,115,17"/><U108/><E125/><V31/><F69/><W9/><G115/><T67/><D36/><U49/><E49/><V15/><F119/><N who="3" m="45611" /><G126/><N who="0" m="48171" /><D114/><U54/><E54/><V72/><F72/><W53/><G103/><N who="0" m="62831" /><D35/><N who="1" m="13387" /><E30/><V11/><F31/><W112/><G112/><T94/><D123/><U10/><E87/><V50/><F28/><W52/><G9/><N who="1" m="3690" /><E64/><V43/><F105/><W21/><G29/><T93/><D77/><U61/><E61/><V78/><F78/><N who="3" m="44495" /><G21/><T79/><D79/><U65/><E65/><V81/><F104/><W66/><G66/><T5/><D67/><U34/><E34/><V131/><F37/><W109/><G109/><N who="1" m="42090" /><E68/><V19/><F38/><W76/><G76/><T24/><D63/><U98/><E100/><V23/><F55/><W58/><G58/><T101/><D111/><U121/><E121/><V48/><F56/><W122/><G122/><T90/><D101/><U47/><E47/><V14/><F50/><W4/><G4/><T71/><D5/><U18/><E18/><V107/><F48/><W6/><G6/><T62/><D62/><U16/><E16/><V92/><F19/><W91/><G91/><T75/><D71/><U128/><E128/><V3/><F131/><W44/><G46/><T132/><D90/><U40/><E40/><V113/><F43/><W39/><G51/><T60/><D60/><U70/><E70/><V42/><F42/><W82/><G82/><T22/><D75/><U86/><E86/><V74/><F74/><W129/><G129/><T102/><D130/><U80/><E80/><V89/><F113/><W59/><G59/><RYUUKYOKU ba="0,0" sc="160,-15,250,15,250,-15,340,15" hai1="98,99,134,135" hai3="17,20,39,41,44,52,53" /><INIT seed="1,1,0,0,2,37" ten="145,265,235,355" oya="1" hai0="85,59,111,75,58,72,54,3,64,16,112,25,18" hai1="50,88,19,1,84,96,107,53,115,125,4,127,79" hai2="121,134,113,116,101,31,132,68,24,48,69,56,92" hai3="87,27,52,8,9,63,43,33,42,76,23,30,49"/><U80/><E115/><V35/><F116/><W126/><G126/><T97/><D3/><U110/><E110/><V104/><F104/><W98/><G33/><T129/><D111/><U44/><E19/><V45/><F56/><N who="3" m="35207" /><G98/><T100/><D112/><U12/><E1/><V47/><F47/><N who="3" m="25847" /><G43/><T91/><D75/><U20/><E20/><V99/><F113/><W11/><G76/><T74/><D97/><U124/><E107/><V102/><F102/><W66/><G87/><T38/><D100/><U135/><E135/><N who="2" m="51755" /><F121/><W5/><G66/><T28/><D38/><U17/><E17/><V65/><F65/><W94/><G94/><T6/><D74/><U86/><E96/><V106/><F106/><W36/><G36/><T82/><D72/><U2/><E2/><V61/><F101/><W133/><G133/><T93/><D93/><U128/><E128/><V123/><F92/><W15/><AGARI ba="1,0" hai="5,8,9,11,15,23,27,30" m="25847,35207" machi="15" ten="30,4000,0" yaku="8,1,52,1,54,1" doraHai="37" who="3" fromWho="3" sc="145,-11,265,-21,235,-11,355,43" /><INIT seed="2,0,0,3,4,130" ten="134,244,224,398" oya="2" hai0="105,37,25,14,125,70,72,65,64,102,22,48,59" hai1="84,86,92,10,76,113,63,50,81,36,30,108,12" hai2="123,99,8,16,111,2,56,66,112,28,20,53,106" hai3="33,95,69,15,109,88,110,116,107,4,82,24,129"/><V38/><F38/><W122/><G107/><T58/><D37/><U61/><E36/><V0/><F123/><W45/><G122/><T96/><D72/><U42/><E113/><V132/><F112/><W23/><G69/><T60/><D125/><U115/><E108/><N who="3" m="41578" /><G129/><T54/><D14/><U133/><E30/><V74/><F74/><W128/><G128/><T35/><D64/><U6/><E115/><V5/><F66/><W121/><G121/><T9/><D9/><U17/><E133/><V46/><F28/><W124/><G45/><T68/><REACH who="0" step="1"/><D35/><REACH who="0" ten="124,244,224,398" step="2"/><U117/><E10/><V41/><F111/><W119/><G124/><T103/><D103/><U49/><E12/><V90/><F0/><W18/><G33/><T1/><D1/><U67/><E67/><V104/><F2/><W83/><G119/><T31/><AGARI ba="0,1" hai="22,25,31,48,54,58,59,60,65,68,70,96,102,105" machi="31" ten="20,5200,0" yaku="1,1,0,1,7,1,53,1" doraHai="130" doraHaiUra="101" who="0" fromWho="0" sc="124,62,244,-13,224,-26,398,-13" /><INIT seed="3,0,0,3,2,3" ten="186,231,198,385" oya="3" hai0="55,130,79,118,51,87,12,129,107,31,85,67,95" hai1="133,37,60,27,11,111,17,96,10,114,41,61,102" hai2="4,105,91,132,63,16,124,115,75,36,72,99,69" hai3="23,56,25,117,35,131,94,83,2,33,53,134,21"/><W32/><G117/><T80/><D118/><U92/><E114/><V7/><F36/><W126/><G126/><T18/><D107/><U68/><E111/><V116/><F116/><W6/><G134/><T122/><D122/><U90/><E133/><V34/><F132/><W20/><G131/><N who="0" m="50187" /><D67/><U100/><E37/><V28/><F115/><W98/><G83/><T121/><D31/><U82/><E41/><V43/><F43/><W135/><G135/><T22/><D121/><U64/><E61/><V14/><F91/><W86/><G86/><N who="0" m="48415" /><D95/><U62/><E62/><V104/><F104/><W54/><G25/><T0/><D0/><U24/><E24/><N who="2" m="18695" /><F75/><W66/><G66/><T40/><D40/><U89/><E82/><V108/><F72/><W97/><G94/><T101/><D101/><U38/><E38/><V39/><F39/><W113/><G113/><T65/><D65/><U106/><E100/><N who="2" m="62623" /><F124/><W44/><G54/><T47/><AGARI ba="0,0" hai="12,18,22,47,51,55,85,87" m="48415,50187" machi="47" ten="30,1100,0" yaku="19,1" doraHai="3" who="0" fromWho="0" sc="186,11,231,-3,198,-3,385,-5" /><INIT seed="4,0,0,5,0,20" ten="197,228,195,380" oya="0" hai0="112,30,31,49,114,72,103,80,53,15,127,106,10" hai1="0,25,45,58,52,129,47,115,68,19,97,21,36" hai2="32,28,101,123,59,78,117,14,44,65,121,105,7" hai3="76,24,33,66,132,100,96,130,90,122,26,38,12"/><T98/><D127/><U61/><E0/><V70/><F59/><W95/><G38/><T69/><D69/><U74/><E74/><V23/><F117/><W93/><G122/><T102/><D102/><U124/><E124/><V86/><F44/><W63/><G33/><T39/><D39/><U118/><E118/><V55/><F55/><W109/><G109/><T41/><D41/><U104/><E36/><V3/><F86/><W108/><G108/><T81/><D72/><U84/><E129/><V119/><F78/><W91/><G132/><T37/><D37/><U40/><E40/><V51/><F51/><W64/><G76/><T85/><D81/><U87/><E68/><V50/><F50/><W18/><G130/><T2/><D2/><U107/><E115/><N who="0" m="44073" /><D15/><U27/><E27/><N who="3" m="10282" /><G63/><T1/><D1/><U131/><E131/><V75/><F119/><W9/><G100/><T54/><D10/><U133/><E133/><V8/><F75/><W29/><G29/><N who="0" m="10763" /><D49/><U17/><E104/><V125/><F125/><W34/><G34/><T60/><D60/><U35/><E35/><V57/><F70/><W6/><G6/><T113/><N who="0" m="44081" /><T99/><DORA hai="88" /><D99/><AGARI ba="0,0" hai="9,12,18,64,66,90,91,93,95,96,99" m="10282" machi="99" ten="30,12000,2" yaku="8,1,52,5" doraHai="20,88" who="3" fromWho="0" sc="197,-120,228,0,195,0,380,120" /><INIT seed="5,0,0,2,0,0" ten="77,228,195,500" oya="1" hai0="23,89,9,19,88,93,109,82,72,36,65,46,42" hai1="127,45,107,97,7,68,134,104,133,11,111,16,71" hai2="60,99,123,79,78,14,61,80,85,21,31,40,22" hai3="39,108,74,73,12,62,120,102,64,91,43,119,1"/><U116/><E116/><V110/><F110/><W4/><G1/><T47/><D109/><U135/><E127/><V28/><F123/><W95/><G120/><T29/><D29/><N who="2" m="11338" /><F40/><W106/><G119/><T32/><D32/><U18/><E111/><V2/><F2/><W27/><G108/><T121/><D121/><U75/><E75/><V115/><F115/><W17/><G106/><N who="1" m="40490" /><E45/><V81/><F99/><W101/><G74/><T49/><D65/><U53/><E97/><V122/><F122/><W5/><G73/><T8/><D72/><U55/><E55/><V112/><F112/><W26/><G43/><T83/><D89/><U94/><E53/><V69/><F69/><N who="1" m="26697" /><E94/><V52/><F14/><AGARI ba="0,0" hai="7,11,14,16,18,133,134,135" m="26697,40490" machi="14" ten="40,7700,0" yaku="20,1,52,1,54,1" doraHai="0" who="1" fromWho="2" sc="77,0,228,77,195,-77,500,0" /><INIT seed="5,1,0,4,5,78" ten="77,305,118,500" oya="1" hai0="129,67,60,118,68,54,23,112,34,35,87,9,32" hai1="133,22,95,29,97,4,40,131,43,16,21,56,3" hai2="69,134,102,91,51,63,44,66,71,62,128,57,104" hai3="13,49,99,103,121,132,90,127,41,6,27,36,81"/><U48/><E133/><V106/><F102/><W14/><G121/><T79/><D118/><U55/><E131/><V96/><F96/><W24/><G127/><T5/><D129/><U86/><E3/><V116/><F128/><W58/><G36/><T70/><D23/><U126/><E4/><V17/><F116/><W31/><G132/><T117/><D117/><U130/><E130/><V30/><F134/><W94/><G31/><T25/><D112/><U64/><E64/><V76/><F91/><W77/><G90/><T11/><D68/><U42/><E126/><V65/><F30/><W75/><G14/><T45/><D25/><N who="1" m="16567" /><E86/><V84/><F17/><W10/><REACH who="3" step="1"/><G58/><REACH who="3" ten="77,305,118,490" step="2"/><T135/><D135/><U114/><E114/><V89/><F57/><W93/><G93/><T2/><D2/><U80/><E80/><V108/><F108/><W39/><G39/><T83/><D5/><U47/><E56/><V12/><F12/><W59/><G59/><T72/><D72/><U0/><E0/><V46/><F66/><W110/><G110/><T1/><D1/><U82/><E82/><V18/><F65/><W85/><G85/><T61/><D61/><U105/><E105/><V115/><F63/><W74/><G74/><T38/><D38/><U124/><E124/><V92/><F62/><W109/><G109/><T8/><REACH who="0" step="1"/><D32/><REACH who="0" ten="67,305,118,490" step="2"/><U88/><E21/><V113/><F113/><W33/><G33/><T53/><D53/><U52/><E16/><V19/><F18/><W122/><G122/><T100/><D100/><U111/><E111/><V119/><F19/><W26/><G26/><RYUUKYOKU ba="1,2" sc="67,10,305,10,118,-30,490,10" hai0="8,9,11,34,35,45,54,60,67,70,79,83,87" hai1="40,42,43,47,48,52,55,88,95,97" hai3="6,10,13,24,27,41,49,75,77,81,94,99,103" /><INIT seed="5,2,2,5,0,2" ten="77,315,88,500" oya="1" hai0="86,95,23,87,115,41,135,0,109,102,29,9,30" hai1="24,110,64,59,45,104,28,82,27,52,61,112,97" hai2="48,96,94,31,90,121,81,72,66,6,88,1,127" hai3="8,68,128,79,18,14,130,83,20,16,53,7,19"/><U21/><E112/><V101/><F121/><W85/><G68/><T106/><D115/><U114/><E114/><V111/><F111/><W11/><G11/><T26/><D109/><U133/><E110/><V69/><F31/><W71/><G71/><T75/><D75/><U131/><E131/><N who="3" m="50218" /><G53/><T80/><D135/><U84/><E133/><V118/><F118/><W67/><G67/><T125/><D125/><U98/><E104/><V91/><F127/><W32/><G32/><T13/><D106/><U62/><E27/><AGARI ba="2,2" hai="7,8,14,16,18,19,20,27,79,83,85" m="50218" machi="27" ten="30,3900,0" yaku="19,1,52,1,54,1" doraHai="2" who="3" fromWho="1" sc="77,0,315,-45,88,0,500,65" /><INIT seed="6,0,0,0,0,53" ten="77,270,88,565" oya="2" hai0="92,94,15,35,81,2,70,36,133,121,39,45,67" hai1="77,126,29,91,13,56,83,17,85,99,73,59,8" hai2="41,134,127,28,40,60,88,3,107,131,93,44,30" hai3="65,101,1,84,50,132,16,31,75,95,135,62,124"/><V113/><F107/><W82/><G1/><T25/><D2/><U48/><E126/><V128/><F3/><W105/><G105/><T69/><D121/><U49/><E29/><V76/><F76/><W117/><G31/><N who="2" m="11817" /><F113/><W98/><G124/><T52/><D35/><U78/><E99/><N who="2" m="57767" /><F127/><W111/><G75/><T10/><D70/><U114/><E114/><V12/><F134/><W87/><G117/><T106/><D133/><U86/><E73/><V64/><F44/><W110/><G135/><T4/><D36/><U129/><E129/><N who="2" m="49739" /><F12/><W68/><G132/><T11/><D106/><U32/><E32/><V108/><F108/><W122/><G122/><T9/><D45/><U5/><E77/><V112/><F112/><W34/><G34/><T102/><D4/><U100/><E5/><V27/><F27/><W58/><G111/><T79/><D25/><U37/><E78/><V123/><F123/><W7/><G110/><T18/><D79/><U54/><E85/><V0/><F0/><W125/><G125/><T33/><D33/><U116/><E116/><V90/><F90/><W47/><G84/><T46/><D15/><U118/><E118/><V115/><F115/><W55/><G7/><T20/><D102/><U57/><E100/><V66/><F66/><W14/><G14/><T63/><D81/><U96/><E96/><V74/><F74/><W89/><G47/><T43/><D52/><U24/><E54/><V19/><F19/><W42/><G42/><T6/><D6/><U97/><E24/><V109/><F109/><W103/><G16/><T71/><D71/><AGARI ba="0,0" hai="40,41,60,64,71" m="49739,57767,11817" machi="71" ten="30,5800,0" yaku="6,1,19,1,54,1" doraHai="53" who="2" fromWho="0" sc="77,-58,270,0,88,58,565,0" /><INIT seed="6,1,0,1,5,82" ten="19,270,146,565" oya="2" hai0="51,80,106,24,20,123,76,63,34,104,22,27,100" hai1="46,119,91,4,23,59,44,92,71,30,109,95,41" hai2="45,65,26,25,134,15,89,81,135,103,43,36,6" hai3="1,94,56,122,125,49,66,5,19,112,72,87,98"/><V126/><F126/><W132/><G72/><T78/><D123/><U121/><E71/><V69/><F103/><W133/><G125/><T102/><D34/><U128/><E109/><V86/><F15/><W62/><G122/><T68/><D51/><U73/><E119/><V108/><F6/><W9/><G112/><T50/><D50/><U32/><E73/><V70/><F108/><W129/><G129/><T85/><D68/><U93/><E32/><V120/><F120/><W28/><G28/><T37/><D63/><U101/><E128/><V75/><F70/><W99/><G19/><T10/><D10/><U3/><E3/><V39/><F39/><W88/><G49/><T74/><D74/><U12/><E41/><V116/><F116/><W0/><G0/><T96/><D37/><U79/><E121/><V35/><F75/><W90/><G90/><T57/><D57/><U83/><E79/><V13/><F13/><W47/><G47/><T52/><D52/><U64/><E101/><V18/><F18/><W67/><G67/><T53/><D53/><U107/><E107/><V16/><F16/><W60/><G60/><T11/><D11/><U131/><E131/><V114/><F114/><W124/><G124/><T54/><D54/><U17/><E30/><N who="2" m="19919" /><F26/><W48/><G48/><T118/><D118/><U7/><E7/><V77/><F89/><W2/><G1/><T61/><D61/><N who="1" m="37951" /><E4/><V55/><F55/><W8/><G8/><T38/><D38/><U29/><E29/><V130/><F130/><W110/><G110/><T84/><D96/><U31/><E31/><RYUUKYOKU ba="1,0" sc="19,0,270,0,146,0,565,0" hai0="20,22,24,27,76,78,80,84,85,100,102,104,106" hai1="12,17,23,44,46,83,91,92,93,95" hai2="36,43,45,65,69,77,81,86,134,135" hai3="2,5,9,56,62,66,87,88,94,98,99,132,133" /><INIT seed="6,2,0,3,5,54" ten="19,270,146,565" oya="2" hai0="63,82,11,19,108,14,13,73,74,37,1,45,21" hai1="44,135,120,95,126,5,71,64,89,65,111,67,116" hai2="29,100,60,130,99,92,17,76,88,96,110,55,0" hai3="47,36,86,31,23,124,41,72,77,39,102,68,134"/><V112/><F0/><W3/><G3/><T32/><D108/><U52/><E116/><V97/><F110/><W114/><G68/><T98/><D32/><U22/><E111/><V69/><F130/><W38/><G72/><T106/><D1/><U10/><E135/><V75/><F112/><W133/><G102/><T18/><D82/><U81/><E126/><V87/><F29/><W49/><G114/><T121/><D121/><U101/><E71/><V33/><F33/><W28/><G124/><T105/><D63/><U129/><E129/><V8/><F69/><W7/><G7/><T24/><D24/><U85/><E22/><V123/><F123/><W4/><G4/><T117/><D117/><U70/><E70/><V56/><F76/><W35/><G23/><T93/><D74/><U79/><E101/><V30/><F75/><W94/><G77/><T127/><D73/><U20/><E20/><V15/><REACH who="2" step="1"/><F30/><REACH who="2" ten="19,270,136,565" step="2"/><W48/><G35/><T104/><D127/><U58/><E120/><V113/><F113/><W50/><G28/><T62/><D62/><U59/><E79/><V6/><F6/><W91/><G31/><T80/><D80/><AGARI ba="2,1" hai="8,15,17,55,56,60,80,87,88,92,96,97,99,100" machi="80" ten="30,18000,2" yaku="1,1,7,1,8,1,52,1,54,1,53,1" doraHai="54" doraHaiUra="51" who="2" fromWho="0" sc="19,-186,270,0,136,196,565,0" owari="-167,-67.0,270,-13.0,332,13.0,565,67.0" /></mjloggm>