<mjloggm ver="2.3"><GO type="41"/><UN n0="%E3%83%A1%E3%82%A4%E3%83%89%E5%A4%A9%E4%BD%BF%E9%95%B7" n1="%E3%82%A6%E3%83%AB%E3%83%88%E3%83%A9%E7%AB%8B%E7%9B%B4" n2="%46%69%6E%65" n3="%E3%83%97%E3%83%AD%E3%82%B8%E3%83%A3%E3%83%B3%E6%B0%8F" dan="15,15,13,14" rate="2011,2013,1995,1979" sx="M,M,M,M"/><TAIKYOKU oya="0"/><INIT seed="0,0,0,3,5,44" ten="250,250,250,250" oya="0" hai0="22,35,9,74,95,134,121,10,38,115,100,23,57" hai1="89,34,81,83,29,113,102,50,116,39,8,28,21" hai2="118,33,24,76,49,5,62,37,16,70,55,78,48" hai3="96,26,84,32,20,127,66,53,92,43,36,41,72"/><T56/><D121/><U101/><E39/><V111/><F37/><W117/><G32/><T79/><D38/><U18/><E34/><V106/><F106/><W59/><G72/><T123/><D35/><U93/><E8/><V67/><F118/><W65/><G117/><T17/><D123/><U86/><E113/><V30/><F5/><W7/><G7/><T27/><D134/><U87/><E116/><V40/><F111/><W75/><G75/><T124/><D124/><U51/><E93/><V13/><F40/><W125/><G84/><T103/><D79/><U131/><E131/><V77/><REACH who="2" step="1"/><F55/><REACH who="2" step="2"/><W6/><G6/><T15/><D115/><U25/><E29/><V3/><F3/><W68/><G43/><T73/><D73/><U99/><E28/><V104/><F104/><W135/><G41/><T119/><D74/><U107/><REACH who="1" step="1"/><E102/><REACH who="1" step="2"/><V97/><F97/><W63/><G96/><T1/><D103/><U132/><E132/><V4/><F4/><W98/><G135/><T126/><D119/><U88/><AGARI ba="0,2" hai="18,21,25,50,51,81,83,86,87,88,89,99,101,107" machi="88" ten="20,16000,3" yaku="1,1,0,1,7,1,9,1,52,2,54,1,53,2" doraHai="44" doraHaiUra="46" who="1" fromWho="1" sc="250,-80,240,180,240,-40,250,-40" /><INIT seed="1,0,0,4,5,37" ten="170,420,200,210" oya="1" hai0="72,111,9,61,116,60,38,129,27,62,21,120,41" hai1="130,100,15,76,0,52,56,90,93,121,29,124,98" hai2="87,40,114,131,96,133,81,35,33,30,6,103,53" hai3="55,135,46,36,42,107,125,4,113,71,69,101,18"/><U8/><E0/><V88/><F114/><W77/><G113/><T99/><D72/><U3/><E3/><V86/><F133/><W5/><G125/><T83/><D116/><U126/><E121/><V106/><F131/><W13/><G135/><T57/><D120/><U25/><E76/><V73/><F6/><W54/><G77/><T112/><D83/><U48/><E130/><V91/><F73/><W23/><G55/><T10/><D112/><U14/><E100/><V92/><F30/><W67/><G54/><T44/><D99/><U66/><E66/><V43/><REACH who="2" step="1"/><F53/><REACH who="2" step="2"/><W68/><G5/><T128/><D129/><U47/><E124/><V39/><F39/><W123/><G4/><T119/><D128/><U132/><E132/><V24/><F24/><W58/><G123/><T85/><D119/><U2/><E126/><V95/><F95/><W94/><G94/><T70/><D38/><U115/><E115/><V102/><F102/><W45/><G101/><T108/><D27/><U31/><E25/><V20/><F20/><W105/><G36/><T82/><D21/><U34/><E31/><V110/><F110/><W1/><G107/><T89/><D111/><U64/><E29/><V49/><F49/><W26/><G105/><T7/><D108/><U65/><E48/><V75/><F75/><W97/><G26/><T22/><D22/><U28/><E28/><V109/><F109/><W12/><G1/><T104/><D7/><U79/><E2/><V59/><F59/><W50/><G58/><T118/><D57/><U51/><E56/><V74/><F74/><RYUUKYOKU ba="0,1" sc="170,-10,420,-10,190,30,210,-10" hai2="33,35,40,43,81,86,87,88,91,92,96,103,106" /><INIT seed="2,1,1,2,1,71" ten="160,410,220,200" oya="2" hai0="100,80,93,60,65,117,62,22,103,34,23,10,50" hai1="106,45,12,116,74,30,26,59,2,81,32,52,121" hai2="125,128,14,48,114,49,43,111,88,63,36,41,105" hai3="129,21,99,73,29,118,83,3,5,70,28,108,95"/><V98/><F114/><W66/><G108/><T15/><D34/><U126/><E116/><V18/><F111/><W25/><G118/><T102/><D50/><U134/><E2/><V124/><F128/><W8/><G129/><T132/><D62/><U89/><E106/><V94/><F105/><W57/><G70/><T67/><D132/><U79/><E134/><V123/><F123/><W120/><G120/><T87/><D67/><U27/><E126/><N who="2" m="48747" /><F63/><W104/><G104/><T69/><D93/><U31/><E89/><V64/><F64/><W51/><G73/><T77/><REACH who="0" step="1"/><D117/><REACH who="0" step="2"/><U68/><E68/><V61/><F61/><W20/><G51/><N who="2" m="19529" /><F36/><W47/><G95/><T24/><D24/><U38/><E27/><V84/><F98/><W1/><G99/><T56/><D56/><U17/><E26/><V0/><F0/><W11/><G3/><T130/><D130/><U135/><E38/><V127/><N who="2" m="48755" /><V72/><DORA hai="122" /><F72/><W9/><G1/><T101/><N who="0" m="26112" /><DORA hai="46" /><T76/><D76/><U131/><E74/><V112/><F112/><W110/><G25/><T115/><D115/><U107/><E131/><V39/><F39/><W55/><G66/><T42/><D42/><U54/><E121/><V7/><F7/><AGARI ba="1,2" hai="7,10,15,22,23,60,65,69,77,80,87" m="26112" machi="7" ten="50,6400,0" yaku="1,1,53,2" doraHai="71,122,46" doraHaiUra="4,75,53" who="0" fromWho="2" sc="150,87,410,0,220,-67,200,0" /><INIT seed="3,0,0,3,3,5" ten="237,410,153,200" oya="3" hai0="117,58,134,100,48,118,57,111,92,88,125,70,75" hai1="93,135,16,21,60,105,123,102,94,51,103,36,55" hai2="22,127,9,31,109,20,26,130,11,90,126,40,62" hai3="4,12,18,69,120,98,63,86,96,107,68,119,13"/><W44/><G119/><T78/><D70/><U24/><E36/><V43/><F62/><W124/><G120/><T81/><D111/><U10/><E123/><V76/><F76/><W28/><G124/><N who="2" m="47657" /><F90/><W121/><G121/><T91/><D125/><U71/><E60/><V106/><F106/><W17/><G4/><T82/><D134/><U79/><E71/><V77/><F77/><W89/><G28/><T85/><D48/><U53/><E79/><V112/><F112/><W65/><G69/><T2/><D2/><U7/><E135/><V39/><F39/><W3/><G3/><T61/><D58/><U114/><E114/><V74/><F74/><W25/><G25/><T41/><D41/><U97/><E103/><V14/><F43/><W66/><G65/><T38/><D38/><U6/><E53/><V47/><F47/><W54/><G107/><T23/><D100/><U35/><E35/><V30/><F40/><W87/><G86/><T37/><D37/><U128/><E94/><V46/><F46/><W122/><G122/><T113/><D113/><U19/><E105/><V67/><F67/><W115/><G115/><T80/><D80/><U132/><E55/><V83/><F83/><N who="3" m="49407" /><G18/><T50/><D75/><U116/><E97/><N who="3" m="37482" /><G17/><T59/><D61/><U84/><E84/><V15/><F109/><W95/><G95/><T1/><D92/><U33/><E93/><V110/><F110/><W104/><G104/><T34/><D50/><U99/><E51/><V64/><F64/><W8/><G8/><N who="2" m="3145" /><F130/><W133/><G133/><T32/><D85/><U0/><E132/><RYUUKYOKU ba="0,0" sc="237,-15,410,-15,153,15,200,15" hai2="14,15,20,22,26,30,31" hai3="12,13,44,54,63,66,68" /><INIT seed="3,1,0,2,1,18" ten="222,395,168,215" oya="3" hai0="67,113,28,7,61,66,126,1,46,132,16,111,80" hai1="133,40,59,79,20,51,49,93,95,109,89,74,83" hai2="78,65,50,8,100,47,82,121,94,56,10,60,90" hai3="117,39,75,116,32,9,92,122,107,108,53,105,101"/><W37/><G122/><T104/><D113/><U123/><E123/><V114/><F114/><W12/><G32/><T27/><D104/><U124/><E124/><V84/><F100/><W129/><G75/><T30/><D126/><U24/><E133/><V135/><F135/><W52/><G92/><T134/><D46/><U69/><E69/><V23/><F121/><W34/><G34/><T5/><D111/><U97/><E109/><V127/><F127/><W98/><G108/><T73/><D73/><U85/><E40/><V71/><F71/><W13/><G129/><T115/><D67/><U112/><E59/><V68/><F68/><W0/><G0/><T31/><D80/><U62/><E62/><V57/><F57/><W118/><G105/><T43/><D43/><U103/><E112/><V11/><F23/><W86/><G86/><T130/><D1/><U17/><AGARI ba="1,0" hai="17,20,24,49,51,74,79,83,85,89,93,95,97,103" machi="17" ten="20,2700,0" yaku="0,1,7,1,52,1" doraHai="18" who="1" fromWho="1" sc="222,-8,395,30,168,-8,215,-14" /><INIT seed="4,0,0,2,3,80" ten="214,425,160,201" oya="0" hai0="111,103,130,85,8,133,7,108,5,11,106,61,135" hai1="54,23,69,119,112,44,124,109,1,84,40,121,65" hai2="110,52,41,50,118,98,81,83,12,43,113,72,10" hai3="49,74,129,25,99,59,122,2,46,77,58,92,89"/><T42/><D42/><U4/><E109/><N who="0" m="42057" /><D61/><U116/><E23/><V97/><F110/><W34/><G122/><T90/><D103/><U115/><E4/><N who="0" m="1609" /><D106/><U60/><E1/><V3/><F3/><W71/><G129/><T126/><D130/><U47/><E121/><V57/><F118/><W45/><G46/><T9/><D126/><U95/><E124/><V79/><F113/><N who="1" m="43593" /><E54/><V78/><F43/><W114/><G114/><T96/><D96/><U38/><E44/><V62/><F62/><W0/><G71/><T104/><D104/><U117/><E95/><AGARI ba="0,0" hai="8,9,11,85,90,95,133,135" m="1609,42057" machi="95" ten="40,3900,0" yaku="10,1,52,1" doraHai="80" who="0" fromWho="1" sc="214,39,425,-39,160,0,201,0" /><INIT seed="4,1,0,5,4,12" ten="253,386,160,201" oya="0" hai0="77,96,49,100,103,131,11,66,36,56,133,6,4" hai1="94,89,95,59,129,91,32,98,88,13,115,53,72" hai2="85,74,57,47,33,43,10,109,55,107,17,126,118" hai3="61,63,97,16,120,111,24,37,112,119,44,128,52"/><T38/><D77/><U30/><E72/><V65/><F74/><W28/><G111/><T51/><D133/><U58/><E32/><V105/><F109/><W26/><G119/><T39/><D6/><U90/><E30/><V27/><F65/><W41/><G97/><T22/><D103/><U60/><E129/><V110/><F118/><W80/><G80/><T134/><D134/><U130/><E130/><V1/><F110/><W34/><G128/><T20/><D131/><U71/><E71/><V14/><F1/><W50/><G120/><T127/><D127/><U64/><E115/><V45/><F126/><W78/><G78/><T114/><D51/><N who="1" m="31039" /><E13/><V5/><F47/><W113/><G112/><T7/><D7/><U121/><E121/><V108/><F108/><W117/><G117/><T3/><D49/><U102/><E102/><V23/><F33/><W15/><G26/><T135/><D135/><U81/><E81/><V21/><F23/><W42/><G42/><T87/><D114/><U19/><E19/><V99/><F85/><AGARI ba="1,0" hai="59,60,64,85,88,89,90,91,94,95,98" m="31039" machi="85" ten="30,2000,0" yaku="8,1,54,1" doraHai="12" who="1" fromWho="2" sc="253,0,386,23,160,-23,201,0" /><INIT seed="5,0,0,5,4,103" ten="253,409,137,201" oya="1" hai0="2,3,91,19,97,79,18,96,4,82,43,128,92" hai1="60,13,71,41,42,69,111,34,20,49,12,28,99" hai2="109,44,110,100,113,38,15,37,83,57,75,94,26" hai3="21,112,95,73,87,14,135,81,35,8,40,46,106"/><U66/><E71/><V51/><F57/><W68/><G68/><T50/><D3/><U107/><E111/><V76/><F109/><W54/><G54/><T133/><D133/><U134/><E134/><V72/><F72/><W45/><G35/><T5/><D2/><U118/><E118/><V22/><F110/><W114/><G135/><T70/><D70/><U108/><E20/><V58/><F58/><W25/><G73/><T127/><D127/><U90/><E90/><V122/><F122/><W7/><G95/><T123/><D97/><U77/><E77/><V74/><F74/><W132/><G132/><T10/><D123/><U101/><E108/><V116/><F116/><W31/><G106/><T24/><D24/><N who="1" m="18695" /><E41/><V63/><F63/><W53/><G53/><T48/><D43/><U105/><E105/><V78/><F78/><W93/><G93/><T129/><D79/><U55/><E42/><V124/><F124/><W16/><G31/><T131/><D82/><U11/><E11/><V86/><F15/><W80/><G81/><T102/><D102/><U59/><AGARI ba="0,0" hai="12,13,49,55,59,60,66,69,99,101,107" m="18695" machi="59" ten="30,3000,0" yaku="25,1,52,1" doraHai="103" who="1" fromWho="1" sc="253,-10,409,30,137,-10,201,-10" /><INIT seed="5,1,0,1,3,105" ten="243,439,127,191" oya="1" hai0="83,23,0,134,24,6,98,107,58,133,91,64,32" hai1="116,16,43,75,100,62,73,13,127,39,35,34,132" hai2="110,95,122,72,40,117,11,37,74,31,5,126,101" hai3="113,97,78,108,12,48,103,109,90,96,2,129,33"/><U19/><E116/><V50/><F50/><W45/><G2/><T104/><D32/><U86/><E43/><V71/><F95/><W88/><G33/><T10/><D83/><U106/><E39/><V111/><F117/><W7/><G113/><T8/><D8/><U38/><E38/><V52/><F52/><N who="3" m="29711" /><G129/><T29/><D91/><N who="3" m="34857" /><G109/><N who="2" m="41481" /><F101/><W89/><G108/><T59/><D98/><U84/><E100/><V130/><F122/><W77/><N who="3" m="34865" /><W9/><DORA hai="18" /><G103/><T42/><D42/><U25/><E106/><N who="0" m="40489" /><D64/><U56/><E35/><V102/><F102/><W44/><G44/><T63/><D63/><U114/><E62/><V124/><F130/><W120/><G120/><T36/><D36/><U26/><E34/><V49/><F49/><W128/><G128/><T28/><D28/><U94/><E114/><V55/><F31/><W87/><G87/><T79/><D79/><AGARI ba="1,0" hai="7,9,12,77,78,79,96,97" m="34865,29711" machi="79" ten="30,3900,0" yaku="8,1,54,2" doraHai="105,18" who="3" fromWho="0" sc="243,-42,439,0,127,0,191,42" /><INIT seed="6,0,0,5,3,11" ten="201,439,127,233" oya="2" hai0="129,89,54,110,2,37,115,26,124,19,83,70,100" hai1="63,99,5,92,109,96,73,117,28,55,67,48,52" hai2="132,93,7,34,20,33,68,13,66,8,29,58,9" hai3="0,51,36,81,114,59,106,3,6,119,35,128,43"/><V56/><F68/><W53/><G36/><T65/><D26/><U80/><E109/><V46/><F132/><W107/><G35/><T122/><D37/><U57/><E117/><V38/><F38/><W86/><G43/><T60/><D110/><U79/><E5/><V39/><F39/><W116/><G119/><T69/><D122/><U42/><E28/><V90/><F46/><W12/><G116/><T23/><D100/><U88/><E96/><V32/><F66/><W98/><G128/><T134/><D2/><U10/><E10/><V97/><REACH who="2" step="1"/><F9/><REACH who="2" step="2"/><W21/><G59/><T41/><D70/><U71/><E42/><V74/><F74/><W49/><G3/><T40/><D40/><U130/><E130/><V64/><F64/><W135/><G0/><T75/><D41/><U133/><E133/><V121/><F121/><W102/><G135/><T126/><D134/><U125/><E71/><V95/><F95/><W18/><G107/><T104/><D104/><U94/><E94/><V17/><F17/><W4/><G106/><T31/><D75/><U24/><E67/><V112/><F112/><W50/><G114/><T91/><D115/><U101/><E92/><V123/><F123/><W82/><G81/><T72/><D83/><U62/><E80/><V78/><F78/><W25/><G25/><AGARI ba="0,1" hai="7,8,13,20,25,29,32,33,34,56,58,90,93,97" machi="25" ten="40,3900,0" yaku="1,1,52,1,53,0" doraHai="11" doraHaiUra="111" who="2" fromWho="3" sc="201,0,439,0,117,49,233,-39" /><INIT seed="6,1,0,0,4,44" ten="201,439,166,194" oya="2" hai0="129,27,36,31,48,18,101,107,87,84,90,21,26" hai1="29,19,10,131,121,86,125,22,47,68,128,2,118" hai2="109,67,97,30,110,94,108,111,81,40,65,63,80" hai3="130,106,3,61,79,98,123,73,71,4,83,74,60"/><V112/><N who="2" m="27648" /><DORA hai="14" /><V114/><F30/><W54/><G54/><T100/><D36/><U117/><E68/><V9/><F40/><W103/><G61/><T23/><D107/><U32/><E121/><V12/><F81/><W135/><G135/><T28/><D87/><U115/><E32/><V45/><F80/><W41/><G41/><T92/><D129/><U69/><E69/><V113/><F45/><W38/><G123/><T72/><D72/><U7/><E29/><V25/><F25/><W132/><G132/><T5/><D5/><U122/><E122/><V13/><F63/><W70/><G130/><T102/><D31/><U8/><E128/><V39/><F39/><W11/><G38/><T35/><D35/><U49/><E131/><V82/><F82/><W93/><G93/><T62/><D62/><U34/><E34/><V76/><F76/><W104/><G60/><T51/><AGARI ba="1,0" hai="18,21,23,26,27,28,48,51,84,90,92,100,101,102" machi="51" ten="30,8000,1" yaku="0,1,8,1,52,3" doraHai="44,14" who="0" fromWho="0" sc="201,83,439,-21,166,-41,194,-21" /><INIT seed="7,0,0,0,2,63" ten="284,418,125,173" oya="3" hai0="120,35,32,53,29,5,96,56,115,101,54,50,76" hai1="123,133,109,60,79,130,41,125,104,9,24,107,52" hai2="132,8,10,18,17,6,27,122,131,61,117,48,67" hai3="11,26,31,38,45,93,7,100,98,106,97,49,95"/><W89/><G38/><T59/><D120/><U114/><E79/><V33/><F122/><W23/><G106/><T113/><D76/><U25/><E41/><V16/><F117/><W74/><G74/><T36/><D36/><U127/><E9/><V110/><F48/><W88/><G100/><T68/><D68/><U71/><E52/><V19/><F61/><W4/><REACH who="3" step="1"/><G11/><REACH who="3" step="2"/><N who="2" m="4137" /><F67/><W51/><G51/><T129/><D50/><U21/><E104/><V103/><F103/><W112/><G112/><T65/><D101/><U20/><E107/><V111/><F131/><W128/><G128/><T42/><D129/><U94/><E130/><V126/><F126/><W47/><G47/><T44/><D44/><U87/><E114/><V64/><F64/><W69/><G69/><T86/><D65/><U0/><E71/><V80/><F80/><W1/><G1/><T119/><D115/><U2/><E2/><V134/><F6/><W105/><G105/><T37/><D5/><U43/><E0/><V39/><F39/><W116/><G116/><T102/><D37/><U3/><E3/><V57/><F57/><W12/><G12/><T82/><D59/><U58/><E58/><V83/><F83/><W90/><G90/><T46/><D56/><U70/><E70/><V22/><F33/><W85/><G85/><T72/><D35/><U14/><E87/><V34/><F34/><W91/><G91/><T73/><D32/><U13/><E123/><V135/><AGARI ba="0,1" hai="16,17,18,19,22,27,110,111,132,134,135" m="4137" machi="135" ten="40,8000,1" yaku="20,1,34,2,54,1" doraHai="63" who="2" fromWho="2" sc="284,-20,418,-20,125,90,163,-40" owari="264,6,398,50,215,-18,123,-38" /></mjloggm>