<mjloggm ver="2.3"><GO type="97"/><UN n0="%EF%BC%88%E2%89%A7%E2%96%BD%E2%89%A6%EF%BC%89" n1="%59%61%6D%69%74%75%6B%69" n2="%E3%82%84%E3%82%8B%E3%81%AC%E3%81%93%E3%81%A3%E3%81%93" n3="%E3%83%80%E3%83%8B%E5%B7%9D%E3%83%BB%E3%83%A8%E3%82%B4%E3%83%AC" dan="15,14,13,14" rate="1991,1952,1881,1899" sx="M,M,F,M"/><TAIKYOKU oya="0"/><INIT seed="0,0,0,2,4,112" ten="250,250,250,250" oya="0" hai0="20,57,12,126,79,9,6,38,132,65,77,114,135" hai1="11,48,91,54,103,108,73,88,43,96,7,127,74" hai2="18,24,98,115,118,62,123,134,50,104,72,22,25" hai3="105,64,102,44,116,68,33,97,107,85,39,4,26"/><T99/><D38/><U121/><E121/><V66/><F123/><W40/><G107/><T28/><D114/><U117/><E117/><V58/><F115/><W0/><G85/><T82/><D126/><U125/><E108/><V86/><F134/><N who="0" m="51242" /><D99/><U130/><E43/><V42/><F72/><N who="1" m="27753" /><E130/><V19/><F118/><W87/><G87/><N who="0" m="48591" /><D79/><U92/><E54/><V14/><F104/><W119/><G0/><T84/><D84/><U63/><E63/><V81/><F98/><W90/><G90/><N who="1" m="34346" /><E48/><V47/><REACH who="2" step="1"/><F19/><REACH who="2" ten="250,250,240,250" step="2"/><W71/><G4/><T23/><D28/><U8/><E7/><V120/><F120/><W41/><G41/><T89/><D89/><AGARI ba="0,1" hai="14,18,22,24,25,42,47,50,58,62,66,81,86,89" machi="89" ten="30,7700,0" yaku="1,1,7,1,8,1,53,1" doraHai="112" doraHaiUra="78" who="2" fromWho="0" sc="250,-77,250,0,240,87,250,0" /><INIT seed="1,0,0,2,5,23" ten="173,250,327,250" oya="1" hai0="121,28,102,17,14,48,25,3,108,83,95,130,128" hai1="2,62,76,123,54,110,37,70,99,60,126,12,56" hai2="22,114,120,7,15,53,18,43,101,106,26,112,86" hai3="72,31,30,32,80,38,27,63,55,21,1,44,20"/><U97/><E123/><V118/><F120/><W79/><G1/><T124/><D121/><U129/><E2/><V89/><F118/><W0/><G0/><T131/><D3/><U4/><E37/><V111/><F111/><W61/><G31/><T104/><D108/><U109/><E129/><V105/><F43/><W100/><G100/><T13/><D124/><U68/><E76/><V16/><F7/><W92/><G92/><T49/><D104/><U91/><E126/><V87/><F87/><W11/><G11/><N who="0" m="6335" /><D83/><U39/><E39/><V127/><F127/><W41/><REACH who="3" step="1"/><G55/><REACH who="3" ten="173,250,327,240" step="2"/><T73/><D73/><U24/><E110/><V19/><F53/><W65/><G65/><T6/><D95/><U96/><E109/><V52/><F52/><W133/><G133/><T45/><D102/><U88/><E70/><V75/><F101/><W59/><G59/><T94/><D94/><U40/><E68/><V98/><F15/><W117/><G117/><T58/><D58/><U42/><E12/><V9/><F9/><W33/><G33/><N who="0" m="20623" /><D45/><U35/><E54/><V8/><F8/><AGARI ba="0,1" hai="6,8,14,48,49,128,130,131" m="20623,6335" machi="8" ten="30,2000,0" yaku="19,1,52,1" doraHai="23" who="0" fromWho="2" sc="173,30,250,0,327,-20,240,0" /><INIT seed="2,0,0,1,2,20" ten="203,250,307,240" oya="2" hai0="128,59,72,118,82,114,21,121,119,36,117,18,86" hai1="53,8,133,100,112,29,79,103,54,60,76,89,73" hai2="111,25,110,115,83,126,48,130,5,55,105,135,30" hai3="31,66,43,94,77,10,9,108,42,6,85,67,15"/><V87/><F105/><W69/><G108/><N who="2" m="41513" /><F115/><W50/><G31/><T91/><D114/><U98/><E112/><V92/><F126/><W12/><G69/><T58/><D121/><U102/><E133/><V7/><F130/><W134/><G134/><T34/><D128/><U16/><E73/><V107/><F107/><W109/><G109/><T56/><D34/><U13/><E29/><V125/><F125/><W71/><G71/><T84/><D36/><U0/><E0/><V90/><F135/><W24/><G24/><T39/><D39/><U38/><E38/><V120/><F83/><N who="3" m="47343" /><G94/><T3/><D3/><U49/><E60/><V116/><F116/><W17/><G50/><T122/><D122/><U37/><E37/><V45/><F120/><W101/><G101/><T27/><REACH who="0" step="1"/><D86/><REACH who="0" ten="193,250,307,240" step="2"/><U62/><E62/><V64/><F64/><AGARI ba="0,1" hai="6,9,10,12,15,17,42,43,64,66,67" m="47343" machi="64" ten="30,1000,0" yaku="8,1" doraHai="20" who="3" fromWho="2" sc="193,0,250,0,307,-10,240,20" /><INIT seed="3,0,0,2,3,104" ten="193,250,297,260" oya="3" hai0="84,28,21,72,87,14,5,34,122,42,119,47,55" hai1="4,43,77,99,16,98,29,36,27,75,71,12,10" hai2="78,50,65,106,93,118,32,96,91,39,102,128,80" hai3="117,63,51,125,124,105,1,23,54,60,11,6,86"/><W8/><G117/><T59/><D119/><U131/><E71/><V61/><F32/><W85/><G105/><T134/><D122/><U69/><E131/><V41/><F39/><W132/><G132/><T120/><D120/><U38/><E69/><V31/><F31/><W45/><G8/><T52/><D134/><U3/><E38/><V88/><F118/><W95/><G23/><T116/><D116/><U111/><E111/><V76/><F128/><W18/><G18/><T94/><D72/><U7/><E7/><V33/><F33/><W79/><G86/><T57/><D34/><U97/><E43/><V127/><F127/><N who="3" m="48715" /><G79/><T115/><D115/><U22/><E36/><V62/><F65/><W133/><G133/><T110/><D110/><U92/><E77/><V26/><F26/><W130/><G130/><T19/><D28/><U66/><E66/><V107/><F107/><W126/><N who="3" m="48723" /><W114/><DORA hai="44" /><G114/><T70/><D70/><U2/><E2/><V74/><F78/><W108/><G108/><T46/><D5/><U48/><E48/><V113/><F113/><W20/><G20/><T121/><D121/><U56/><E56/><N who="0" m="21577" /><D42/><U68/><E68/><V90/><REACH who="2" step="1"/><F106/><REACH who="2" ten="193,250,287,260" step="2"/><W64/><G64/><T37/><D37/><U83/><E75/><V73/><F73/><W35/><G35/><T53/><D94/><U40/><E92/><V123/><F123/><W82/><G82/><T13/><D13/><U58/><E83/><V109/><F109/><W81/><G81/><T49/><D47/><AGARI ba="0,1" hai="41,47,50,61,62,74,76,80,88,90,91,93,96,102" machi="47" ten="40,8000,1" yaku="1,1,52,2,54,1,53,0" doraHai="104,44" doraHaiUra="129,25" who="2" fromWho="0" sc="193,-80,250,0,287,90,260,0" owari="113,-39.0,250,-15.0,377,48.0,260,6.0" /></mjloggm>