<mjloggm ver="2.3"><GO type="169" lobby="0"/><UN n0="%6B%65%72%6F%62%6F%75" n1="%74%6A%2D%6D%69%63%72%6F" n2="%EF%BC%88%E2%89%A7%E2%96%BD%E2%89%A6%EF%BC%89" n3="%E5%AF%9B%E3%83%94%E3%82%A8%E3%83%AD" dan="16,16,18,16" rate="2146.69,2055.23,2116.23,2076.54" sx="M,M,M,M"/><TAIKYOKU oya="0"/><INIT seed="0,0,0,4,2,31" ten="250,250,250,250" oya="0" hai0="45,127,21,42,48,103,77,132,92,91,40,105,118" hai1="46,65,12,62,2,81,28,60,95,99,8,34,133" hai2="25,90,116,88,9,57,64,23,44,124,7,5,52" hai3="18,121,125,19,119,87,69,126,3,58,111,98,0"/><T10/><D118/><U55/><E2/><V17/><F116/><W67/><G69/><T22/><D132/><U120/><E120/><V33/><F33/><W117/><G121/><T112/><D112/><U100/><E133/><V50/><F124/><N who="3" m="47723" /><G111/><T106/><D127/><U113/><E113/><V30/><F30/><W63/><G98/><T14/><D77/><U32/><E81/><V36/><F36/><W84/><G84/><T114/><D114/><U26/><E46/><V102/><F102/><W94/><G94/><T59/><D106/><U1/><E1/><N who="3" m="586" /><G87/><T72/><D72/><U101/><E101/><V47/><F47/><W104/><G104/><T86/><D59/><U89/><E100/><V70/><F70/><W56/><G56/><T20/><D105/><U75/><E75/><V85/><F9/><W93/><G93/><T83/><D103/><U43/><E43/><V128/><F128/><W108/><G108/><T41/><REACH who="0" step="1"/><D92/><REACH who="0" ten="240,250,250,250" step="2"/><U123/><E123/><V130/><F130/><W16/><AGARI ba="0,1" hai="16,18,19,58,63,67,117,119" m="586,47723" machi="16" ten="40,2700,0" yaku="18,1,54,1" doraHai="31" who="3" fromWho="3" sc="240,-13,250,-7,250,-7,250,37" /><INIT seed="1,0,0,1,2,74" ten="227,243,243,287" oya="1" hai0="7,25,11,15,10,104,105,77,128,119,37,27,18" hai1="118,73,42,78,100,117,135,50,79,69,89,9,124" hai2="20,121,4,91,63,109,52,36,97,23,34,82,133" hai3="62,66,44,32,43,125,88,114,127,28,70,75,64"/><U131/><E69/><V3/><F36/><W38/><G75/><T134/><D119/><U2/><E135/><V108/><F34/><W113/><G66/><T16/><D134/><U14/><E2/><V80/><F121/><W83/><G28/><T40/><D128/><U39/><E39/><V102/><F133/><W132/><G32/><T96/><D77/><U0/><E0/><V93/><F3/><W111/><G132/><T6/><D37/><U65/><E65/><V122/><F4/><W59/><G70/><T35/><D40/><U1/><E1/><V41/><F41/><W17/><G17/><T57/><D57/><U49/><E73/><V30/><F122/><W51/><G38/><T22/><D96/><U123/><E123/><V115/><F115/><W5/><G5/><N who="0" m="1547" /><D105/><U55/><E100/><V110/><F30/><W98/><G111/><T126/><D104/><U54/><E131/><V33/><F33/><W31/><G31/><N who="0" m="19967" /><D126/><N who="3" m="48137" /><G98/><T19/><D19/><N who="1" m="8655" /><E124/><V76/><F102/><W90/><G90/><T129/><D129/><U130/><E130/><V94/><F97/><W120/><G120/><T26/><D26/><U29/><E29/><V72/><F91/><W87/><AGARI ba="0,0" hai="43,44,51,59,62,64,83,87,88,113,114" m="48137" machi="87" ten="30,2000,0" yaku="18,1,54,1" doraHai="74" who="3" fromWho="3" sc="227,-5,243,-10,243,-5,287,20" /><INIT seed="2,0,0,2,3,27" ten="222,233,238,307" oya="2" hai0="16,72,111,97,12,65,7,90,36,105,66,0,118" hai1="78,82,113,122,6,57,86,116,38,15,102,81,132" hai2="117,30,51,10,98,52,32,39,123,56,63,133,77" hai3="73,55,64,67,110,29,21,14,129,45,1,62,88"/><V42/><F123/><W106/><G1/><T18/><D72/><U101/><E38/><V54/><F117/><W126/><G73/><T60/><D36/><U31/><E116/><V93/><F133/><W48/><G106/><T107/><D118/><U79/><E132/><V120/><F120/><W44/><G110/><T47/><D47/><U119/><E119/><V22/><F32/><W87/><G126/><T11/><D111/><U9/><E122/><V20/><F77/><W37/><G129/><T125/><D125/><U23/><E57/><V124/><F124/><W84/><G84/><T68/><D66/><U33/><E33/><V74/><F74/><W135/><G135/><T49/><D49/><U91/><E113/><V109/><F109/><W59/><G37/><T112/><D112/><U96/><E81/><V103/><F10/><W100/><G100/><N who="1" m="38506" /><E96/><V89/><F103/><W95/><G45/><T131/><D131/><U25/><AGARI ba="0,0" hai="6,9,15,23,25,31,78,79,82,86,91" m="38506" machi="25" ten="30,2000,0" yaku="8,1,52,1" doraHai="27" who="1" fromWho="1" sc="222,-5,233,20,238,-10,307,-5" /><INIT seed="3,0,0,1,1,127" ten="217,253,228,302" oya="3" hai0="0,112,51,87,69,14,90,53,2,44,52,125,32" hai1="50,109,21,23,48,120,57,135,35,67,17,29,81" hai2="28,45,79,106,43,111,26,98,116,39,10,15,122" hai3="58,126,83,36,34,19,121,96,59,47,92,108,24"/><W55/><G121/><T76/><D125/><U88/><E35/><V7/><F116/><W77/><G126/><T134/><D32/><U105/><E105/><V107/><F122/><W8/><G108/><T85/><D69/><U9/><E120/><V60/><F111/><W101/><G34/><T99/><D112/><U63/><E109/><V93/><F60/><W20/><G8/><T68/><D68/><U18/><E135/><V80/><F26/><W13/><G24/><T130/><D130/><U103/><E103/><V100/><REACH who="2" step="1"/><F28/><REACH who="2" ten="217,253,218,302" step="2"/><W12/><G12/><T4/><D14/><U61/><E29/><V95/><F95/><W38/><G92/><T128/><D128/><U25/><E63/><V62/><F62/><W49/><G13/><T91/><D134/><U104/><E104/><V3/><F3/><W22/><G83/><T27/><D27/><N who="1" m="14767" /><E9/><V78/><F78/><W5/><G77/><T30/><D76/><U132/><E132/><V70/><F70/><W74/><G74/><AGARI ba="0,1" hai="7,10,15,39,43,45,74,79,80,93,98,100,106,107" machi="74" ten="30,2000,0" yaku="1,1,7,1,53,0" doraHai="127" doraHaiUra="54" who="2" fromWho="3" sc="217,0,253,0,218,30,302,-20" /><INIT seed="4,0,0,2,4,1" ten="217,253,248,282" oya="0" hai0="64,20,132,134,56,14,16,59,27,54,34,105,41" hai1="62,13,106,57,77,61,93,73,84,120,122,112,28" hai2="60,58,70,128,25,49,7,18,108,95,102,78,81" hai3="97,12,53,98,119,129,32,22,24,110,50,133,36"/><T99/><D41/><U2/><E106/><V125/><F108/><W126/><G36/><T116/><D116/><U89/><E2/><V40/><F70/><W65/><G119/><T103/><D64/><U94/><E112/><V52/><F125/><W31/><G110/><T8/><D34/><U46/><E28/><V45/><F128/><W35/><G126/><T127/><D127/><U17/><E46/><V115/><F115/><W5/><G129/><T101/><D101/><U11/><E62/><V69/><F69/><W66/><G133/><N who="0" m="51307" /><D54/><U96/><E73/><V44/><F44/><N who="3" m="27847" /><G32/><T26/><D26/><U39/><E39/><V82/><F78/><W48/><G35/><T19/><AGARI ba="0,0" hai="8,14,16,19,20,27,56,59,99,103,105" m="51307" machi="19" ten="30,3000,0" yaku="20,1,54,1" doraHai="1" who="0" fromWho="0" sc="217,30,253,-10,248,-10,282,-10" /><INIT seed="4,1,0,5,3,108" ten="247,243,238,272" oya="0" hai0="122,13,55,25,78,69,53,12,36,124,76,132,83" hai1="43,110,65,60,54,3,9,22,4,87,38,58,118" hai2="63,0,106,72,48,109,133,111,70,81,1,104,95" hai3="82,45,73,24,74,75,56,16,47,68,44,11,52"/><T59/><D122/><U89/><E118/><V84/><F133/><W34/><G68/><T46/><D69/><U35/><E35/><V51/><F95/><W135/><G135/><T121/><D132/><U107/><E107/><V102/><F84/><W123/><G123/><T10/><D121/><U80/><E110/><V5/><F5/><W8/><G82/><T37/><D124/><U77/><E77/><V101/><F70/><W67/><G67/><T28/><D46/><U2/><E22/><V91/><F91/><W61/><REACH who="3" step="1"/><G16/><REACH who="3" ten="247,243,238,262" step="2"/><T130/><D83/><U7/><E65/><V114/><F81/><W105/><G105/><T96/><D130/><U21/><E80/><V19/><F19/><W113/><G113/><T20/><D36/><U117/><E117/><V116/><F116/><W128/><G128/><T103/><D37/><U17/><E38/><V42/><F114/><W31/><AGARI ba="1,1" hai="8,11,24,31,34,44,45,47,52,56,61,73,74,75" machi="31" ten="40,5200,0" yaku="1,1,0,1,54,1,53,0" doraHai="108" doraHaiUra="125" who="3" fromWho="3" sc="247,-27,243,-14,238,-14,262,65" /><INIT seed="5,0,0,1,1,49" ten="220,229,224,327" oya="1" hai0="66,39,115,102,8,41,132,17,27,73,88,111,15" hai1="105,42,64,54,69,103,1,65,30,94,40,59,112" hai2="68,23,98,99,43,129,4,33,117,124,82,63,93" hai3="29,50,52,44,37,121,100,107,62,110,83,108,72"/><U67/><E1/><V55/><F33/><W34/><G121/><T18/><D111/><U74/><E74/><V7/><F117/><W134/><G134/><T126/><D132/><U22/><E105/><V14/><F124/><W10/><G37/><T58/><D126/><U125/><E69/><V71/><F129/><W45/><G45/><T89/><D115/><U96/><E125/><V128/><F128/><W31/><G10/><T85/><D73/><U24/><REACH who="1" step="1"/><E112/><REACH who="1" ten="220,219,224,327" step="2"/><V53/><F71/><W11/><G72/><T5/><D102/><U97/><E97/><V135/><F98/><W61/><G107/><T90/><D85/><U70/><E70/><V79/><F68/><W0/><G0/><T81/><D90/><U46/><E46/><V119/><F99/><W9/><G44/><T122/><D89/><U48/><AGARI ba="0,1" hai="22,24,30,40,42,48,54,59,64,65,67,94,96,103" machi="48" ten="30,12000,1" yaku="1,1,0,1,8,1,52,1,53,1" doraHai="49" doraHaiUra="20" who="1" fromWho="1" sc="220,-40,219,130,224,-40,327,-40" /><INIT seed="5,1,0,0,0,125" ten="180,349,184,287" oya="1" hai0="99,134,132,89,109,4,69,121,95,14,116,103,27" hai1="120,90,15,114,22,49,122,113,93,61,133,112,47" hai2="85,92,108,20,12,7,102,26,9,38,63,33,18" hai3="96,40,31,97,91,60,78,35,131,2,101,82,39"/><U37/><E37/><V16/><F38/><W28/><G2/><T30/><D116/><U74/><E74/><V13/><F108/><W25/><G31/><T71/><D109/><U100/><E100/><V117/><F117/><W75/><G60/><T62/><D121/><U64/><E133/><N who="0" m="51305" /><D62/><U58/><E15/><V1/><F63/><W126/><G126/><T29/><D103/><U123/><E22/><V128/><F102/><W51/><G51/><T34/><D30/><U119/><E119/><V67/><F67/><W53/><G53/><T68/><D4/><U130/><E93/><V127/><F127/><W36/><G40/><T110/><D110/><U52/><E90/><V77/><F77/><W98/><G131/><AGARI ba="1,0" hai="47,49,52,58,61,64,112,113,114,120,122,123,130,131" machi="131" ten="50,18000,2" yaku="15,1,34,3,52,2,54,1" doraHai="125" who="1" fromWho="3" sc="180,0,349,183,184,0,287,-183" /><INIT seed="5,2,0,1,4,51" ten="180,532,184,104" oya="1" hai0="9,5,80,92,22,2,133,45,125,25,35,102,135" hai1="114,128,107,60,30,13,29,19,86,74,130,93,40" hai2="16,69,7,46,14,109,106,103,59,81,83,82,68" hai3="89,1,77,131,28,85,47,97,72,21,117,95,12"/><U124/><E107/><V39/><F109/><W11/><G1/><T70/><D70/><U50/><E74/><V15/><F7/><W96/><G117/><T116/><D116/><U57/><E114/><V118/><F118/><W44/><G131/><T134/><D125/><U115/><E115/><V108/><F108/><W94/><G72/><T53/><D80/><U52/><E124/><V63/><F14/><W91/><G77/><T41/><D35/><U78/><E128/><V55/><F103/><W76/><G76/><T71/><D71/><U61/><E130/><V33/><F33/><W73/><G73/><T122/><D122/><U126/><E126/><V43/><REACH who="2" step="1"/><F106/><REACH who="2" ten="180,532,174,104" step="2"/><W84/><G47/><T129/><D129/><U100/><E100/><V79/><F79/><W104/><G44/><T17/><D102/><U23/><E78/><V67/><F67/><W54/><G104/><T112/><D112/><U10/><E10/><AGARI ba="2,1" hai="10,15,16,39,43,46,55,59,63,68,69,81,82,83" machi="10" ten="40,5200,0" yaku="1,1,52,1,54,1,53,0" doraHai="51" doraHaiUra="75" who="2" fromWho="1" sc="180,0,532,-58,174,68,104,0" /><INIT seed="6,0,0,4,0,103" ten="180,474,242,104" oya="2" hai0="9,104,114,79,1,16,54,53,28,76,128,121,27" hai1="60,31,67,4,22,40,95,97,41,93,24,20,50" hai2="105,126,78,117,83,49,101,19,73,68,48,116,64" hai3="18,59,15,62,123,90,44,99,88,74,56,0,120"/><V55/><F126/><W118/><G0/><T132/><D121/><U127/><E4/><V14/><F49/><W85/><G74/><T10/><D128/><U109/><E109/><V96/><F64/><W87/><G118/><T61/><D132/><U45/><E127/><V47/><REACH who="2" step="1"/><F68/><REACH who="2" ten="180,474,232,104" step="2"/><W91/><G120/><T125/><D125/><U8/><E50/><V129/><F129/><W11/><G123/><T102/><D114/><U80/><E67/><V69/><F69/><W134/><G134/><T82/><D61/><U119/><E60/><V17/><F17/><W21/><G62/><T113/><D113/><U23/><E119/><V2/><F2/><W75/><G18/><T25/><D1/><U3/><E3/><V71/><F71/><W5/><G5/><T26/><D16/><U65/><E65/><V34/><F34/><W33/><G33/><T106/><D28/><U108/><E31/><V12/><F12/><W107/><G15/><T110/><D110/><U122/><E108/><V135/><F135/><W131/><G131/><T58/><D58/><U29/><E122/><V35/><F35/><W13/><G13/><T38/><D38/><U32/><E29/><V30/><F30/><W130/><G56/><T77/><D102/><U84/><E32/><V133/><F133/><W66/><G59/><T39/><D39/><U94/><E40/><V124/><F124/><W111/><G130/><T52/><D82/><U46/><E80/><V89/><F89/><W100/><G91/><T81/><D81/><U36/><E36/><V37/><F37/><W63/><G111/><RYUUKYOKU ba="0,1" sc="180,15,474,-15,232,15,104,-15" hai0="9,10,25,26,27,52,53,54,76,77,79,104,106" hai2="14,19,47,48,55,73,78,83,96,101,105,116,117" /><INIT seed="6,1,1,4,1,31" ten="195,459,247,89" oya="2" hai0="125,97,23,68,13,78,8,15,66,50,133,47,58" hai1="49,18,107,62,73,104,126,55,52,57,36,44,134" hai2="38,16,17,106,120,42,131,29,43,41,118,89,116" hai3="99,86,24,27,135,45,91,130,53,109,64,81,30"/><V2/><F106/><W108/><G130/><T121/><D68/><U54/><E73/><V33/><F2/><W96/><G135/><T112/><D121/><U34/><E134/><V84/><F120/><W12/><G64/><T14/><D133/><U51/><E34/><V103/><F103/><W80/><G12/><T20/><D125/><U113/><E126/><V56/><F38/><W1/><G1/><T63/><D112/><U132/><E132/><V9/><F131/><W37/><G37/><T117/><D117/><U115/><E18/><V59/><F118/><W71/><G71/><T77/><D97/><U90/><E90/><V61/><F116/><W123/><G123/><T129/><D129/><U22/><E22/><N who="0" m="8233" /><D8/><U5/><E5/><V102/><F102/><W46/><G91/><T39/><D39/><U82/><E82/><V119/><F119/><W4/><G86/><T127/><D127/><U25/><E36/><V85/><F85/><W98/><G98/><T79/><D79/><U48/><E104/><V0/><F0/><W94/><G94/><T65/><D65/><N who="1" m="39119" /><E107/><V10/><F10/><W28/><REACH who="3" step="1"/><G53/><AGARI ba="1,1" hai="13,14,15,47,50,53,58,63,66,77,78" m="8233" machi="53" ten="30,1000,0" yaku="8,1" doraHai="31" who="0" fromWho="3" sc="195,23,459,0,247,0,89,-13" /><INIT seed="7,0,0,4,2,94" ten="218,459,247,76" oya="3" hai0="59,124,32,71,87,98,18,109,56,93,47,116,33" hai1="99,9,125,16,72,134,106,62,128,25,123,31,1" hai2="111,108,129,83,121,51,104,35,13,127,41,8,44" hai3="42,15,90,4,10,88,0,107,126,110,135,131,115"/><W89/><G107/><T55/><D71/><U20/><E72/><V61/><F121/><W23/><G115/><T6/><D116/><U14/><E123/><V67/><F35/><W28/><G126/><T82/><D109/><U102/><E125/><V43/><F127/><W103/><G110/><T114/><D124/><U22/><E128/><V70/><F129/><W64/><G131/><T48/><D6/><U118/><E134/><V92/><F104/><W74/><G135/><T21/><D114/><U120/><E120/><V81/><F41/><W77/><G103/><T26/><D32/><U100/><E100/><V54/><F92/><W97/><G64/><T63/><D33/><U50/><E118/><V132/><F132/><W78/><G42/><T75/><D75/><U91/><E91/><V65/><F65/><W69/><G69/><T66/><D59/><U29/><E50/><V119/><F119/><W117/><G117/><T17/><D82/><U105/><E105/><V52/><F108/><W53/><G53/><T30/><D87/><U37/><E62/><V95/><F54/><W60/><G60/><T133/><D133/><U5/><E37/><N who="2" m="21615" /><F111/><W34/><G34/><T3/><D3/><U12/><E1/><V36/><F36/><W80/><G77/><T7/><D7/><U68/><E68/><V39/><F39/><W27/><REACH who="3" step="1"/><G0/><REACH who="3" ten="218,459,247,66" step="2"/><T11/><D11/><U112/><E112/><V101/><F70/><W45/><G45/><T79/><D79/><U58/><E106/><V96/><F8/><W49/><G49/><T2/><D2/><U76/><E76/><RYUUKYOKU ba="0,1" sc="218,15,459,-15,247,-15,66,15" hai0="17,18,21,26,30,47,48,55,56,63,66,93,98" hai3="4,10,15,23,27,28,74,78,80,88,89,90,97" /><INIT seed="7,1,1,5,5,114" ten="233,444,232,81" oya="3" hai0="91,62,41,58,97,101,66,37,73,120,103,63,38" hai1="4,87,134,105,26,75,130,99,12,88,35,67,110" hai2="94,5,128,59,129,131,55,89,40,20,60,42,24" hai3="45,9,17,43,64,50,65,1,33,32,74,80,95"/><W78/><G95/><T108/><D120/><U135/><E87/><N who="2" m="52543" /><F5/><W96/><G96/><T90/><D73/><U109/><E12/><V28/><AGARI ba="1,1" hai="20,24,28,40,42,55,59,60,128,129,131" m="52543" machi="28" ten="30,1100,0" yaku="19,1" doraHai="114" who="2" fromWho="2" sc="233,-4,444,-4,232,24,81,-6" owari="229,-17.0,440,53.0,256,6.0,75,-42.0" /></mjloggm>