<mjloggm ver="2.3"><GO type="41"/><UN n0="%E3%83%80%E3%82%B7%E3%83%AB%E3%83%90" n1="%4D%49%2D%4B%4F" n2="%E3%82%A6%E3%83%AB%E3%83%88%E3%83%A9%E7%AB%8B%E7%9B%B4" n3="%E3%81%9B%E3%82%93%E3%81%9F%E3%82%93" dan="13,13,15,14" rate="1857,1890,1938,1832" sx="M,M,M,F"/><TAIKYOKU oya="0"/><INIT seed="0,0,0,4,5,124" ten="250,250,250,250" oya="0" hai0="16,65,89,69,29,94,26,59,73,38,102,77,15" hai1="21,11,4,100,115,103,7,41,125,74,82,36,27" hai2="75,22,50,104,84,13,46,54,5,91,10,119,131" hai3="101,6,28,17,76,95,62,71,3,32,44,122,135"/><T110/><D69/><U90/><E125/><V63/><F75/><W68/><G76/><T109/><D38/><U52/><E4/><V25/><F104/><W2/><G32/><T33/><D102/><U53/><E115/><V88/><F119/><W118/><G118/><T58/><D65/><U35/><E35/><V123/><F123/><W98/><G28/><T14/><D14/><U24/><E24/><V120/><F120/><W8/><G2/><T40/><D40/><U67/><E67/><V47/><F63/><W113/><G113/><T45/><D45/><U116/><E103/><V96/><F96/><W37/><G122/><T97/><D77/><U128/><E100/><V106/><F106/><W85/><G135/><T0/><D0/><U86/><E74/><V129/><F47/><W121/><G121/><T81/><D81/><U9/><E9/><V93/><REACH who="2" step="1"/><F91/><REACH who="2" ten="250,250,240,250" step="2"/><W48/><G85/><T132/><D73/><U130/><E116/><V70/><F70/><W51/><G62/><T126/><D126/><U39/><E41/><V79/><F79/><W60/><G60/><T61/><D61/><U57/><E39/><V64/><F64/><W112/><G37/><T111/><REACH who="0" step="1"/><D132/><REACH who="0" ten="240,250,240,250" step="2"/><U1/><E36/><V55/><F55/><W99/><G68/><T34/><D34/><U92/><E82/><V42/><F42/><W66/><G71/><T80/><D80/><U31/><REACH who="1" step="1"/><E53/><REACH who="1" ten="240,240,240,250" step="2"/><V19/><AGARI ba="0,3" hai="5,10,13,19,22,25,46,50,54,84,88,93,129,131" machi="19" ten="30,8000,1" yaku="1,1,0,1,52,2,54,1,53,0" doraHai="124" doraHaiUra="133" who="2" fromWho="2" sc="240,-40,240,-20,240,110,250,-20" /><INIT seed="1,0,0,4,5,79" ten="200,220,350,230" oya="1" hai0="77,41,5,73,67,94,70,33,31,25,86,55,13" hai1="61,90,124,75,123,16,36,54,83,24,112,108,126" hai2="93,30,15,132,122,26,101,48,85,129,43,58,100" hai3="76,78,125,21,116,71,20,51,109,49,128,104,11"/><U10/><E123/><V4/><F129/><W17/><G104/><T9/><D73/><U106/><E106/><V103/><F132/><W59/><G71/><T52/><D41/><U102/><E102/><V3/><F3/><W14/><G128/><T18/><D70/><U118/><E36/><V57/><F122/><W45/><G109/><T65/><D67/><U89/><E118/><V68/><F68/><W60/><G125/><N who="1" m="48234" /><E112/><V35/><F35/><W97/><G116/><T12/><D65/><U64/><E54/><V50/><F50/><N who="3" m="18955" /><G45/><T91/><REACH who="0" step="1"/><D77/><REACH who="0" ten="190,220,350,230" step="2"/><N who="3" m="29801" /><G97/><T27/><D27/><U6/><E24/><V88/><F26/><W1/><G1/><T53/><D53/><AGARI ba="0,1" hai="11,14,17,20,21,53,59,60" m="29801,18955" machi="53" ten="30,1000,0" yaku="8,1" doraHai="79" who="3" fromWho="0" sc="190,-10,220,0,350,0,230,20" /><INIT seed="2,0,0,1,0,7" ten="180,220,350,250" oya="2" hai0="101,76,92,124,79,108,78,47,31,112,5,23,73" hai1="17,37,123,3,42,98,120,60,131,56,106,40,29" hai2="58,91,49,24,22,43,114,82,48,61,33,122,1" hai3="115,2,113,110,30,21,4,96,69,64,126,127,94"/><V35/><F1/><W125/><G110/><T132/><D112/><N who="3" m="43081" /><G69/><T85/><D73/><U97/><E3/><V116/><F35/><W102/><G64/><T20/><D108/><U129/><E29/><V38/><F33/><W71/><G71/><T16/><D132/><U54/><E17/><V66/><F38/><W130/><G130/><N who="1" m="49674" /><E106/><V86/><F122/><N who="1" m="46633" /><E37/><V121/><F121/><W59/><G59/><T62/><D124/><U117/><E117/><V15/><F116/><W118/><G118/><T26/><D47/><U57/><E57/><V36/><F114/><W34/><G34/><T84/><D5/><U18/><E18/><V63/><F36/><W14/><G2/><T52/><D101/><U128/><N who="1" m="49682" /><U105/><DORA hai="41" /><E105/><V9/><F43/><AGARI ba="0,0" hai="40,42,43,54,56,60,97,98" m="46633,49682" machi="43" ten="50,3200,0" yaku="19,1,13,1" doraHai="7,41" who="1" fromWho="2" sc="180,0,220,32,350,-32,250,0" /><INIT seed="3,0,0,0,5,11" ten="180,252,318,250" oya="3" hai0="65,44,108,118,60,81,24,26,25,94,116,30,112" hai1="106,35,48,5,70,47,20,71,15,98,3,36,132" hai2="88,130,66,27,59,120,113,72,50,54,131,78,91" hai3="109,84,22,10,51,13,86,53,90,126,82,7,4"/><W125/><G109/><T134/><D108/><U28/><E35/><V17/><F113/><W73/><G73/><T61/><D134/><U128/><E36/><V16/><F66/><W89/><G22/><T8/><D112/><U135/><E3/><V69/><F69/><W110/><G110/><T123/><D123/><U43/><E128/><N who="2" m="49195" /><F120/><W46/><REACH who="3" step="1"/><G4/><REACH who="3" ten="180,252,318,240" step="2"/><T38/><D118/><U111/><E5/><V133/><F133/><W127/><G127/><T79/><D116/><U33/><E20/><N who="2" m="13703" /><F17/><W115/><G115/><T31/><D30/><U80/><E111/><V56/><F56/><W77/><G77/><T117/><D79/><U87/><E70/><V76/><F76/><W0/><G0/><T107/><D31/><U103/><E71/><V23/><F23/><W85/><G85/><T1/><D117/><U105/><E132/><V37/><F78/><W92/><AGARI ba="0,1" hai="7,10,13,46,51,53,82,84,86,89,90,92,125,126" machi="92" ten="30,6000,0" yaku="1,1,0,1,52,1,53,0" doraHai="11" doraHaiUra="75" who="3" fromWho="3" sc="180,-20,252,-20,318,-20,240,70" /><INIT seed="3,1,0,0,3,122" ten="160,232,298,310" oya="3" hai0="113,135,52,116,3,38,90,85,5,120,134,6,81" hai1="8,18,129,29,128,24,63,92,36,56,51,48,109" hai2="73,89,111,25,39,130,100,74,84,50,23,123,30" hai3="125,15,108,78,60,58,67,93,40,1,11,71,70"/><W9/><G78/><T44/><D3/><U131/><E36/><V42/><F39/><W115/><G115/><T117/><D120/><U79/><E79/><V62/><F100/><W35/><G40/><T59/><D38/><U57/><E92/><V31/><F123/><W13/><G35/><T110/><D44/><U2/><E2/><V107/><F107/><W64/><G1/><T126/><D113/><U103/><E103/><V43/><F130/><W82/><G82/><T34/><D34/><U46/><E8/><V86/><F62/><W76/><G76/><T124/><D110/><U19/><E51/><V83/><F50/><W69/><G125/><N who="0" m="48235" /><D6/><U112/><E112/><V114/><F114/><W17/><G93/><T105/><D5/><U119/><E119/><V16/><F74/><W127/><G108/><T41/><D41/><N who="2" m="15370" /><F73/><W12/><G127/><T77/><D77/><U14/><E109/><V28/><F111/><W102/><G102/><T94/><D81/><U33/><E63/><V47/><F47/><W0/><G0/><T4/><D105/><U61/><E61/><V98/><F83/><W53/><REACH who="3" step="1"/><G13/><REACH who="3" ten="160,232,298,300" step="2"/><T49/><D4/><AGARI ba="1,1" hai="4,9,11,12,15,17,53,58,60,64,67,69,70,71" machi="4" ten="40,3900,0" yaku="1,1,2,1,53,0" doraHai="122" doraHaiUra="45" who="3" fromWho="0" sc="160,-42,232,0,298,0,300,52" /><INIT seed="3,2,0,1,3,26" ten="118,232,298,352" oya="3" hai0="53,9,96,118,87,72,22,114,27,11,73,94,116" hai1="61,90,41,17,32,56,82,34,21,60,70,10,126" hai2="19,134,48,120,49,81,43,75,103,123,67,78,14" hai3="58,88,1,35,99,80,101,39,44,50,33,68,86"/><W36/><G1/><T57/><D114/><U133/><E126/><V24/><F67/><W92/><G68/><T54/><D73/><U63/><E133/><V65/><F134/><W127/><G127/><T76/><D72/><U15/><E70/><V107/><F65/><W129/><G129/><T84/><D54/><U71/><E71/><V42/><F103/><W20/><G39/><T4/><D11/><U62/><E41/><N who="2" m="15371" /><F107/><W83/><G36/><T119/><D76/><U23/><E34/><V106/><F106/><W132/><G132/><T102/><D9/><U69/><E69/><V95/><F95/><W18/><G58/><T52/><D4/><U7/><E32/><V47/><F24/><W40/><REACH who="3" step="1"/><G83/><REACH who="3" ten="118,232,298,342" step="2"/><T121/><D121/><N who="2" m="46666" /><F47/><W38/><G38/><T93/><D57/><U46/><E56/><V5/><F5/><W51/><G51/><T108/><D119/><U8/><E46/><V91/><F48/><W109/><G109/><T74/><D108/><U55/><E82/><V104/><F49/><W77/><G77/><T130/><D130/><U131/><E131/><V135/><F135/><W45/><G45/><T128/><D128/><U105/><E7/><V0/><F0/><W89/><G89/><T6/><D118/><U124/><E90/><V59/><F91/><W112/><G112/><T12/><D6/><U25/><E124/><V98/><F59/><W64/><G64/><T30/><D116/><U113/><E113/><V125/><F125/><W100/><G100/><T3/><D102/><U16/><E105/><V2/><F104/><W31/><G31/><RYUUKYOKU ba="2,1" sc="118,-15,232,15,298,-15,342,15" hai1="8,10,15,16,17,21,23,25,55,60,61,62,63" hai3="18,20,33,35,40,44,50,80,86,88,92,99,101" /><INIT seed="3,3,1,1,4,113" ten="103,247,283,357" oya="3" hai0="3,66,99,119,101,116,40,105,96,7,51,83,63" hai1="45,71,92,104,19,133,56,93,33,39,122,112,67" hai2="121,27,32,70,79,111,60,75,4,107,52,61,94" hai3="103,128,36,123,50,89,46,127,57,132,115,97,13"/><W18/><G115/><T47/><D3/><U14/><E112/><V85/><F107/><W26/><G123/><T10/><D7/><U23/><E104/><V86/><F75/><W90/><G128/><T88/><D10/><U118/><E71/><V42/><F32/><W114/><G132/><T108/><D108/><U91/><E33/><V5/><F70/><W6/><G127/><T15/><D15/><U16/><E122/><V98/><F42/><W77/><G77/><T80/><D80/><U73/><E73/><V41/><F41/><W95/><G114/><T29/><D29/><U11/><E133/><V124/><F124/><W69/><G69/><T106/><D83/><U76/><E76/><V35/><F35/><W120/><G120/><T31/><D31/><U102/><E45/><V55/><F27/><W134/><G134/><T72/><D72/><U64/><E39/><V110/><F121/><W82/><G82/><T58/><D88/><U21/><E11/><V37/><F37/><W25/><G36/><T24/><D24/><N who="3" m="9321" /><G57/><T129/><REACH who="0" step="1"/><D129/><REACH who="0" ten="93,247,283,357" step="2"/><U126/><E91/><V9/><F111/><W22/><G6/><T34/><D34/><U117/><E126/><V65/><F110/><W68/><G68/><T17/><D17/><U1/><E1/><V43/><F4/><W12/><G13/><T20/><D20/><U84/><E14/><V54/><F5/><W87/><G12/><T49/><D49/><U125/><E125/><V100/><F9/><W2/><G2/><T130/><D130/><U74/><E74/><V28/><F28/><W59/><G18/><RYUUKYOKU ba="3,2" sc="93,30,247,-10,283,-10,357,-10" hai0="40,47,51,58,63,66,96,99,101,105,106,116,119" /><INIT seed="4,4,2,2,0,55" ten="123,237,273,347" oya="0" hai0="2,78,0,104,129,124,119,105,111,83,32,72,65" hai1="88,18,128,108,10,121,95,135,80,81,40,51,130" hai2="56,92,99,23,122,73,112,123,19,24,115,38,60" hai3="49,33,13,69,86,11,131,16,29,87,64,36,3"/><T103/><D119/><U1/><E121/><V5/><F38/><W109/><G109/><T76/><D111/><U41/><E108/><V120/><F73/><W61/><G36/><T113/><D113/><N who="2" m="43594" /><F5/><W67/><G64/><T52/><D129/><N who="1" m="49771" /><E135/><V20/><F20/><W12/><G131/><T14/><D124/><U46/><E41/><V53/><F123/><W62/><G3/><T42/><D32/><U21/><E1/><V54/><F54/><W94/><G33/><T50/><D42/><U66/><E10/><V58/><F58/><W71/><G29/><T90/><D65/><U101/><E66/><V63/><F63/><W27/><G27/><T79/><D72/><U30/><E101/><AGARI ba="4,2" hai="19,23,24,53,56,60,92,99,101,120,122" m="43594" machi="101" ten="30,2000,0" yaku="15,1,52,1" doraHai="55" who="2" fromWho="1" sc="123,0,237,-32,273,52,347,0" /><INIT seed="5,0,0,5,1,38" ten="123,205,325,347" oya="1" hai0="68,80,57,83,4,39,61,103,123,28,3,96,21" hai1="18,104,62,59,1,94,105,116,134,125,46,64,51" hai2="106,58,32,109,22,52,67,132,95,77,97,74,5" hai3="30,42,49,70,69,111,81,112,6,37,56,29,47"/><U102/><E116/><V99/><F32/><W13/><G112/><T24/><D123/><U85/><E1/><V90/><F109/><W8/><G111/><T114/><D114/><U82/><E125/><V31/><F132/><W76/><G56/><T75/><D68/><U101/><E134/><V84/><F67/><W121/><G121/><T9/><D39/><U113/><E113/><V25/><F106/><W0/><G37/><T133/><D75/><U15/><E104/><V122/><F122/><W118/><G118/><T87/><D87/><U126/><E94/><V10/><F77/><W79/><G76/><T108/><D133/><U55/><E105/><V73/><F73/><W17/><G69/><T66/><REACH who="0" step="1"/><D108/><REACH who="0" ten="113,205,325,347" step="2"/><U27/><E126/><V45/><F74/><W127/><G70/><T60/><D60/><U65/><E65/><V110/><F110/><W43/><G127/><T50/><D50/><U129/><E129/><V41/><F84/><W12/><G49/><T86/><D86/><U128/><E128/><V53/><F99/><W131/><G131/><T124/><D124/><U20/><REACH who="1" step="1"/><E27/><REACH who="1" ten="113,195,325,347" step="2"/><V117/><F117/><W54/><G0/><T63/><D63/><U2/><E2/><V91/><F25/><W36/><G79/><AGARI ba="0,2" hai="15,18,20,46,51,55,59,62,64,79,82,85,101,102" machi="79" ten="30,11600,0" yaku="1,1,7,1,8,1,53,1" doraHai="38" doraHaiUra="11" who="1" fromWho="3" sc="113,0,195,136,325,0,347,-116" /><INIT seed="5,1,0,2,2,25" ten="113,331,325,231" oya="1" hai0="131,101,106,59,19,32,23,116,17,132,9,110,65" hai1="12,34,55,78,90,84,48,49,28,112,118,15,98" hai2="6,52,13,75,66,51,8,42,30,83,77,61,35" hai3="3,108,127,62,124,63,26,0,102,87,73,76,1"/><U41/><E118/><V53/><F42/><W4/><G108/><T85/><D110/><U134/><E112/><V119/><F119/><W133/><G133/><T20/><D132/><U14/><E134/><V64/><F35/><W11/><G73/><T103/><D131/><U115/><E115/><V81/><F81/><N who="3" m="47527" /><G102/><T122/><D116/><U94/><E41/><V126/><F126/><N who="3" m="48171" /><G26/><T24/><D122/><U43/><E43/><V91/><F91/><W105/><G105/><T71/><D9/><U58/><E34/><V45/><F30/><W130/><G130/><T111/><D111/><U128/><E28/><V107/><F107/><W38/><G38/><T10/><D10/><U117/><E117/><V92/><F92/><W36/><G36/><T109/><D109/><U33/><E33/><V99/><F99/><W44/><G44/><T60/><D85/><U68/><E68/><V113/><F113/><W27/><G27/><T97/><D103/><U72/><E72/><V95/><F95/><W93/><G93/><T18/><REACH who="0" step="1"/><D59/><REACH who="0" ten="103,331,325,231" step="2"/><U46/><E128/><V79/><F75/><W82/><G82/><T7/><D7/><U40/><E78/><N who="2" m="29707" /><F83/><W50/><G50/><T47/><D47/><U88/><E90/><V114/><F114/><W31/><G31/><AGARI ba="1,1" hai="17,18,19,20,23,24,31,32,60,65,71,97,101,106" machi="31" ten="40,8000,1" yaku="1,1,25,2,52,1,53,1" doraHai="25" doraHaiUra="100" who="0" fromWho="3" sc="103,93,331,0,325,0,231,-83" /><INIT seed="6,0,0,3,5,117" ten="196,331,325,148" oya="2" hai0="41,78,1,100,118,61,132,88,94,51,2,116,62" hai1="119,108,103,0,47,98,14,66,95,39,102,114,17" hai2="93,107,127,10,48,97,18,105,60,84,90,32,85" hai3="5,106,55,63,112,7,69,4,77,30,131,76,65"/><V57/><F32/><W110/><G110/><T135/><D78/><U70/><E0/><V26/><F127/><W45/><G106/><T80/><D80/><U111/><E119/><N who="0" m="45609" /><D100/><U68/><E103/><V3/><F105/><W25/><G131/><T101/><D101/><U44/><E44/><V16/><F107/><W64/><G65/><T67/><D62/><U133/><E114/><V29/><F48/><W73/><G112/><T37/><D51/><U72/><E72/><V52/><F29/><W96/><G73/><T125/><D41/><U20/><E133/><N who="0" m="51273" /><D37/><U82/><E82/><V49/><F49/><W38/><G55/><T126/><D67/><U75/><E75/><V58/><F58/><W19/><G45/><T34/><D61/><U99/><E99/><V89/><F89/><W9/><G38/><T123/><D123/><U74/><E74/><V27/><F3/><N who="0" m="1034" /><D34/><U124/><E124/><V6/><F85/><AGARI ba="0,0" hai="85,88,94,125,126" m="1034,51273,45609" machi="85" ten="40,5200,0" yaku="12,1,20,1,54,1" doraHai="117" who="0" fromWho="2" sc="196,52,331,0,325,-52,148,0" /><INIT seed="7,0,0,3,2,32" ten="248,331,273,148" oya="3" hai0="31,15,66,49,100,58,39,127,114,57,111,63,133" hai1="64,83,124,115,18,121,45,116,132,46,17,109,90" hai2="62,103,4,73,123,87,12,71,41,113,118,8,120" hai3="81,129,97,21,110,43,13,65,44,119,40,35,135"/><W91/><G119/><T80/><D111/><U84/><E109/><V55/><F73/><W102/><G35/><T11/><D39/><U33/><E116/><V69/><F118/><W61/><G129/><T86/><D114/><U98/><E33/><V26/><F41/><W85/><G135/><T128/><D133/><U19/><E132/><V20/><F103/><W131/><G131/><T54/><D127/><U105/><E124/><V48/><F113/><W24/><G13/><T36/><D128/><U94/><E105/><V125/><F125/><W78/><G110/><T88/><D36/><U10/><E115/><V16/><F87/><W37/><G43/><T93/><D31/><U22/><E64/><V107/><F107/><W38/><G97/><T101/><REACH who="0" step="1"/><D93/><REACH who="0" ten="238,331,273,148" step="2"/><U7/><E121/><V56/><REACH who="2" step="1"/><F62/><REACH who="2" ten="238,331,263,148" step="2"/><W104/><G104/><T70/><D70/><AGARI ba="0,2" hai="4,8,12,16,20,26,48,55,56,69,70,71,120,123" machi="70" ten="40,5200,0" yaku="1,1,2,1,54,1,53,0" doraHai="32" doraHaiUra="82" who="2" fromWho="0" sc="238,-52,331,0,263,72,148,0" owari="186,-21.0,331,13.0,335,43.0,148,-35.0" /></mjloggm>