<mjloggm ver="2.3"><GO type="169" lobby="0"/><UN n0="%E3%82%82%E3%81%A3%E3%81%97%E3%83%BC" n1="%EF%BC%88%E2%89%A7%E2%96%BD%E2%89%A6%EF%BC%89" n2="%E5%A4%A9%E5%9F%8E%E5%B0%8F%E6%AC%A1%E9%83%8E" n3="%61%6B%69%6E%61%72%69%30" dan="17,17,16,17" rate="2163.30,2144.23,2065.25,2152.15" sx="M,M,M,F"/><TAIKYOKU oya="0"/><INIT seed="0,0,0,4,2,63" ten="250,250,250,250" oya="0" hai0="104,111,132,1,22,119,109,90,26,92,54,114,71" hai1="18,64,74,115,101,47,120,113,112,98,134,73,117" hai2="9,60,17,31,72,52,41,23,83,28,122,66,106" hai3="103,69,36,95,25,116,82,70,100,62,88,19,123"/><T126/><D104/><U96/><E120/><V102/><F122/><W87/><G36/><T99/><D1/><U44/><E117/><V125/><F41/><W91/><G123/><T84/><D119/><U57/><E134/><V67/><F106/><W75/><G116/><T48/><D114/><U77/><E18/><V86/><F72/><N who="1" m="27753" /><E77/><N who="2" m="46447" /><F125/><W46/><G75/><T129/><D129/><U76/><E76/><V56/><F102/><W59/><G46/><N who="1" m="17450" /><E101/><V33/><F33/><W80/><G70/><T135/><D126/><U110/><E110/><N who="0" m="41993" /><D71/><U14/><E14/><N who="2" m="9655" /><F9/><W130/><G69/><T34/><D99/><N who="1" m="37931" /><E57/><V35/><F35/><W121/><G121/><T89/><D89/><U53/><E53/><V51/><F51/><W61/><G130/><T29/><D34/><U58/><E58/><AGARI ba="0,0" hai="22,26,29,48,54,58,84,90,92,132,135" m="41993" machi="58" ten="30,2900,0" yaku="14,1,10,1" doraHai="63" who="0" fromWho="1" sc="250,29,250,-29,250,0,250,0" /><INIT seed="0,1,0,1,0,76" ten="279,221,250,250" oya="0" hai0="66,105,122,12,25,129,133,121,94,109,29,73,7" hai1="52,77,102,125,107,50,104,22,47,20,14,16,99" hai2="6,132,92,116,78,117,44,2,30,8,33,43,128" hai3="42,1,75,113,120,98,61,55,60,32,83,13,72"/><T74/><D105/><U82/><E125/><V106/><F106/><W54/><G1/><T65/><D133/><U21/><REACH who="1" step="1"/><E107/><REACH who="1" ten="279,211,250,250" step="2"/><V101/><F132/><W51/><G120/><T4/><D129/><U135/><E135/><V53/><F128/><W26/><G113/><T91/><D109/><U23/><E23/><V111/><F111/><W64/><G32/><T95/><D122/><U110/><E110/><V35/><F33/><W84/><G72/><AGARI ba="1,1" hai="14,16,20,21,22,47,50,52,72,77,82,99,102,104" machi="72" ten="30,12000,2" yaku="1,1,7,1,52,1,54,2,53,1" doraHai="76" doraHaiUra="15" who="1" fromWho="3" sc="279,0,211,133,250,0,250,-123" /><INIT seed="1,0,0,0,0,45" ten="279,344,250,127" oya="1" hai0="130,79,100,119,101,83,134,99,107,28,23,118,109" hai1="76,29,70,46,58,110,68,62,86,108,88,35,129" hai2="123,41,17,14,25,105,126,51,84,30,32,98,103" hai3="60,77,92,42,114,69,0,52,27,44,112,3,97"/><U20/><E35/><V15/><F126/><W127/><G77/><T19/><D109/><N who="1" m="42091" /><E76/><V82/><F123/><W135/><G127/><T21/><D134/><U33/><E33/><V50/><F41/><W133/><G27/><T16/><D130/><U2/><E2/><V66/><F66/><W81/><G81/><T57/><D28/><U5/><E5/><V54/><F54/><W61/><G3/><T93/><D57/><U26/><E46/><V73/><F73/><W72/><G72/><T65/><D65/><U113/><E113/><N who="3" m="43626" /><G0/><T59/><D59/><U36/><E36/><V131/><F131/><W75/><G75/><T24/><D101/><U71/><E129/><V6/><F6/><W63/><G69/><T78/><D107/><U120/><E120/><V49/><REACH who="2" step="1"/><F17/><REACH who="2" ten="279,344,240,127" step="2"/><W85/><G42/><T106/><D119/><U39/><E39/><V116/><F116/><W53/><G53/><T37/><D37/><U95/><E70/><V18/><F18/><W13/><G52/><AGARI ba="0,1" hai="20,26,29,52,58,62,68,71,86,88,95" m="42091" machi="52" ten="30,11600,0" yaku="14,1,10,1,54,2" doraHai="45" who="1" fromWho="3" sc="279,0,344,126,240,0,127,-116" /><INIT seed="1,1,0,1,2,46" ten="279,470,240,11" oya="1" hai0="68,52,134,83,64,54,65,20,74,4,120,125,30" hai1="27,23,121,73,129,101,132,61,86,81,80,12,87" hai2="118,28,29,5,79,18,0,111,105,76,8,77,116" hai3="34,107,21,70,47,31,99,119,36,113,26,130,126"/><U131/><E121/><V114/><F105/><W25/><G113/><T1/><D120/><U33/><E132/><V133/><F133/><W48/><G119/><T39/><D39/><U16/><E101/><V97/><F114/><W78/><G126/><T53/><D134/><U94/><E61/><V90/><F111/><W98/><G130/><N who="1" m="49674" /><E94/><V63/><F18/><W19/><G70/><T43/><D43/><U38/><E38/><V135/><F135/><W127/><G127/><T41/><D41/><U17/><E33/><V62/><F62/><W128/><G128/><T37/><D37/><U93/><E93/><V42/><F42/><W11/><G36/><T123/><D123/><U14/><E73/><V51/><F63/><W104/><G78/><T60/><D125/><U49/><E49/><V84/><F51/><W66/><G66/><T92/><D65/><U89/><E17/><V112/><F112/><W3/><G107/><T106/><D106/><U57/><E57/><V9/><F118/><W15/><G104/><T91/><D74/><U110/><E110/><V10/><F116/><W103/><G103/><T50/><D92/><U67/><E67/><V82/><REACH who="2" step="1"/><F97/><REACH who="2" ten="279,470,230,11" step="2"/><W95/><G95/><T108/><D108/><U24/><E24/><V117/><F117/><W69/><G69/><T22/><D68/><U56/><E27/><V35/><F35/><W2/><G26/><T75/><D60/><U6/><E16/><V115/><F115/><W58/><G58/><T124/><D124/><U44/><E56/><V71/><F71/><W100/><G100/><T55/><D64/><RYUUKYOKU ba="1,1" sc="279,-10,470,-10,230,30,11,-10" hai2="0,5,8,9,10,28,29,76,77,79,82,84,90" /><INIT seed="2,2,1,2,2,103" ten="269,460,260,1" oya="2" hai0="118,56,112,84,43,93,87,79,82,109,66,123,16" hai1="32,37,5,85,62,6,75,51,46,60,89,39,67" hai2="15,110,18,4,65,74,117,72,121,34,44,3,41" hai3="11,64,53,10,107,9,33,126,106,68,12,86,92"/><V2/><F121/><W102/><G33/><T108/><D123/><U88/><E75/><V95/><F117/><W58/><G68/><T22/><D112/><U135/><E32/><V77/><F34/><W1/><G1/><T134/><D134/><U29/><E29/><V128/><F65/><W113/><G64/><T81/><D118/><U131/><E131/><V23/><F128/><W129/><G129/><T20/><D93/><U21/><E21/><V30/><F30/><W50/><G113/><T111/><D43/><U133/><E67/><V90/><F110/><W130/><G130/><T28/><D28/><U49/><E46/><V40/><F40/><W127/><G12/><N who="0" m="9223" /><D22/><U91/><E91/><V94/><F94/><W8/><N who="3" m="2048" /><DORA hai="105" /><W48/><G48/><T25/><D25/><U99/><E99/><V98/><F4/><W132/><G132/><T116/><D116/><U54/><E54/><V52/><F52/><W0/><G0/><T63/><D82/><U114/><E114/><V26/><F26/><W36/><G36/><T42/><D42/><U100/><E39/><V80/><F72/><AGARI ba="2,1" hai="56,63,66,72,79,81,84,87,108,109,111" m="9223" machi="72" ten="30,3900,0" yaku="14,1,52,1,54,1" doraHai="103,105" who="0" fromWho="2" sc="269,55,460,0,260,-45,1,0" /><INIT seed="3,0,0,2,2,117" ten="324,460,215,1" oya="3" hai0="0,110,14,67,116,52,132,97,65,122,1,81,115" hai1="11,101,127,119,13,102,42,20,128,121,129,62,93" hai2="114,76,10,12,56,79,83,7,48,40,73,113,17" hai3="109,108,123,66,55,15,47,98,26,39,16,29,43"/><W72/><G72/><T120/><D116/><U96/><E119/><V78/><F113/><W77/><G66/><T124/><D115/><U133/><E42/><V34/><F114/><W9/><G77/><T82/><D97/><U86/><E86/><V99/><F34/><W58/><G98/><T130/><D14/><U25/><E102/><V18/><F99/><W68/><G68/><T85/><D85/><U106/><E93/><V95/><F95/><W24/><G123/><T54/><D110/><N who="3" m="42601" /><G29/><T61/><D132/><U60/><E121/><V100/><F78/><W6/><G6/><T70/><D70/><U38/><E133/><V134/><F79/><W107/><G107/><T112/><D112/><U8/><E96/><V90/><F134/><W118/><G118/><T3/><D3/><U103/><E106/><V59/><F100/><W41/><G41/><T104/><D104/><U80/><E103/><V37/><F90/><W28/><G28/><T131/><D61/><AGARI ba="0,0" hai="9,15,16,24,26,39,43,47,55,58,61" m="42601" machi="61" ten="30,5800,0" yaku="14,1,10,1,54,1" doraHai="117" who="3" fromWho="0" sc="324,-58,460,0,215,0,1,58" /><INIT seed="3,1,0,4,0,7" ten="266,460,215,59" oya="3" hai0="131,123,12,60,27,118,67,99,6,126,89,40,122" hai1="111,112,90,52,41,20,134,92,95,66,79,116,87" hai2="32,30,135,80,16,68,24,88,117,104,13,4,76" hai3="105,103,43,110,120,82,72,58,10,65,45,15,1"/><W124/><G120/><T39/><D118/><U81/><E112/><V0/><F117/><W54/><G1/><T57/><D131/><U9/><E116/><V86/><F104/><W8/><G124/><T14/><D126/><U84/><E134/><V78/><F68/><W114/><G114/><T21/><D40/><U69/><E111/><V11/><REACH who="2" step="1"/><F135/><REACH who="2" ten="266,460,205,59" step="2"/><W22/><G110/><T33/><D123/><U106/><E106/><V77/><F77/><W46/><G105/><T98/><D122/><U3/><E69/><V102/><F102/><W29/><G103/><T51/><D89/><U119/><E90/><V129/><F129/><W26/><G65/><T53/><D67/><U115/><E66/><V108/><F108/><W133/><G133/><T125/><D125/><U109/><E115/><V19/><F19/><W74/><G74/><T91/><D91/><U37/><E109/><V42/><F42/><W85/><G72/><T62/><D53/><U83/><E52/><V44/><F44/><N who="3" m="17003" /><G43/><T5/><D57/><U17/><E41/><V2/><F2/><W25/><G25/><T113/><D113/><U73/><E3/><V100/><F100/><W130/><G130/><T59/><D27/><U96/><E73/><V71/><F71/><W121/><G121/><T63/><D59/><U70/><E70/><V36/><F36/><W47/><N who="3" m="17011" /><W31/><DORA hai="38" /><G31/><T61/><D39/><U35/><E37/><V34/><F34/><W55/><G15/><T64/><D14/><U18/><E119/><V49/><F49/><N who="3" m="31055" /><G55/><T48/><D12/><U128/><E128/><RYUUKYOKU ba="1,1" sc="266,-15,460,-15,205,15,59,15" hai2="0,4,11,13,16,24,30,32,76,78,80,86,88" hai3="8,10,22,26,29,82,85" /><INIT seed="3,2,1,2,0,51" ten="251,445,220,74" oya="3" hai0="113,33,31,16,81,91,38,120,2,70,28,99,92" hai1="14,83,30,75,128,100,89,18,96,54,82,93,22" hai2="62,127,24,104,34,114,9,132,73,5,86,61,115" hai3="4,59,135,118,77,53,90,11,123,44,46,134,97"/><W60/><G118/><T37/><D120/><U12/><E128/><V39/><F73/><W124/><G123/><T21/><D70/><U29/><E75/><V88/><F104/><W76/><G124/><T19/><D2/><U133/><E133/><N who="3" m="50698" /><G97/><T1/><D1/><U52/><E12/><V64/><F132/><W25/><G25/><T84/><D113/><U57/><E100/><V32/><F127/><W109/><G90/><T15/><D19/><U72/><E72/><V40/><F114/><W108/><G46/><T98/><D98/><U67/><E29/><V58/><F24/><W65/><G44/><T112/><D112/><U107/><E30/><V35/><F115/><W69/><G11/><T103/><D31/><U80/><E107/><V119/><F119/><W13/><G13/><T6/><D6/><U71/><E71/><V26/><F26/><W8/><G8/><T36/><D28/><U101/><E101/><V116/><F116/><W42/><G42/><T130/><D130/><U102/><E102/><V74/><F9/><W3/><G4/><T129/><D129/><U79/><E79/><N who="3" m="30282" /><G3/><T56/><REACH who="0" step="1"/><D56/><REACH who="0" ten="241,445,220,74" step="2"/><U94/><E57/><V85/><F58/><W95/><G95/><T43/><D43/><U121/><E94/><V50/><F40/><W17/><G17/><T0/><D0/><U105/><E105/><V111/><F5/><W45/><G45/><T49/><D49/><AGARI ba="2,2" hai="49,53,59,60,65,69,108,109" m="30282,50698" machi="49" ten="30,2900,0" yaku="20,1,52,1" doraHai="51" who="3" fromWho="0" sc="241,-35,445,0,220,0,74,55" /><INIT seed="3,3,0,2,1,69" ten="206,445,220,129" oya="3" hai0="87,16,83,102,119,11,24,95,74,40,28,2,101" hai1="43,135,106,1,65,49,29,18,117,39,71,53,62" hai2="9,36,57,59,12,75,19,88,58,7,30,115,14" hai3="54,103,129,3,126,15,90,113,116,41,17,5,121"/><W22/><G121/><T93/><D74/><U132/><E1/><V79/><F115/><W61/><G113/><T120/><D120/><U21/><E106/><V105/><F105/><W123/><G116/><T92/><D119/><U97/><E29/><V122/><F122/><W107/><G123/><T134/><D134/><N who="1" m="51243" /><E97/><V26/><F79/><W73/><G73/><T52/><D40/><U42/><E117/><V25/><F75/><W37/><G126/><T98/><D102/><U46/><E39/><V125/><F125/><W118/><G118/><T81/><D52/><U72/><E72/><V50/><F36/><W48/><G129/><T45/><D45/><U94/><E94/><V82/><F50/><W6/><G61/><T68/><D68/><U111/><E111/><V27/><F30/><W47/><G3/><T20/><D81/><U96/><E96/><V8/><REACH who="2" step="1"/><F58/><REACH who="2" ten="206,445,210,129" step="2"/><W56/><REACH who="3" step="1"/><G90/><REACH who="3" ten="206,445,210,119" step="2"/><N who="0" m="51583" /><D2/><U0/><E0/><V34/><F34/><W63/><G63/><T64/><D64/><U66/><E66/><V127/><F127/><W38/><G38/><T76/><D76/><U33/><E33/><V67/><F67/><W23/><G23/><N who="0" m="15391" /><D11/><U10/><E10/><V99/><F99/><AGARI ba="3,2" hai="5,6,15,17,22,37,41,47,48,54,56,99,103,107" machi="99" ten="40,7700,0" yaku="1,1,52,1,53,1" doraHai="69" doraHaiUra="44" who="3" fromWho="2" sc="206,0,445,0,210,-86,119,106" /><INIT seed="3,4,0,1,4,80" ten="206,445,124,225" oya="3" hai0="24,101,18,126,3,44,63,48,106,85,5,2,0" hai1="115,90,120,95,69,118,66,135,78,111,36,105,110" hai2="98,103,39,87,4,84,7,94,12,113,47,11,54" hai3="133,51,83,67,10,102,74,26,77,109,100,50,8"/><W60/><G133/><T1/><D126/><U53/><E105/><V122/><F113/><W49/><G109/><N who="1" m="41482" /><E115/><V129/><F129/><W104/><G26/><T68/><D101/><U45/><E120/><V6/><F122/><W14/><G104/><T79/><D106/><U58/><E135/><V91/><F103/><W20/><G20/><T37/><D37/><U123/><E123/><V46/><F39/><W108/><G10/><T61/><D68/><U75/><E118/><V127/><F127/><W16/><REACH who="3" step="1"/><G108/><REACH who="3" ten="206,445,124,215" step="2"/><T99/><D24/><U65/><E69/><AGARI ba="4,1" hai="8,14,16,49,50,51,60,67,69,74,77,83,100,102" machi="69" ten="40,12000,1" yaku="1,1,2,1,54,1,53,1" doraHai="80" doraHaiUra="76" who="3" fromWho="1" sc="206,0,445,-132,124,0,215,142" /><INIT seed="3,5,0,4,0,39" ten="206,313,124,357" oya="3" hai0="17,66,128,21,129,9,69,116,95,111,92,32,24" hai1="101,106,94,57,43,122,75,133,2,38,42,62,109" hai2="18,52,1,14,56,107,26,28,11,41,58,30,44" hai3="87,89,46,132,29,54,82,34,15,123,103,3,80"/><W100/><G3/><T40/><D116/><U126/><E75/><V124/><F107/><W91/><G123/><T135/><D111/><U50/><E122/><V60/><F124/><W104/><G132/><T59/><D69/><U99/><E38/><V85/><F1/><W16/><G104/><T61/><D135/><U119/><E133/><V115/><F115/><W71/><G71/><T8/><D32/><U113/><E113/><V72/><F72/><W23/><G29/><T90/><D40/><N who="1" m="15403" /><E2/><V108/><F108/><W114/><G34/><T121/><D121/><U47/><E109/><V131/><F131/><N who="0" m="50250" /><D95/><U102/><E106/><V86/><F58/><W36/><G36/><T20/><D21/><U84/><E119/><V25/><F30/><W120/><G114/><T88/><D90/><N who="1" m="53575" /><E99/><AGARI ba="5,0" hai="8,9,17,20,24,59,61,66,88,92,99" m="50250" machi="99" ten="30,2000,0" yaku="19,1,54,1" doraHai="39" who="0" fromWho="1" sc="206,35,313,-35,124,0,357,0" /><INIT seed="4,0,0,5,5,73" ten="241,278,124,357" oya="0" hai0="121,101,46,62,97,47,29,92,43,38,93,35,76" hai1="116,119,10,20,53,77,131,44,78,70,60,71,86" hai2="8,98,31,11,15,123,32,105,33,52,58,30,134" hai3="99,107,74,89,111,19,120,1,14,118,113,122,94"/><T23/><D121/><N who="3" m="46697" /><G118/><T26/><D47/><U84/><E131/><V22/><F123/><W82/><G1/><T39/><D39/><U49/><E119/><V40/><F40/><W5/><G111/><T41/><D41/><N who="1" m="24719" /><E71/><V6/><F134/><W79/><G113/><T7/><D7/><U88/><E70/><V106/><F98/><W4/><G107/><T80/><D62/><U110/><E110/><V127/><F127/><W63/><G63/><T2/><D2/><U45/><E116/><V51/><F22/><AGARI ba="0,0" hai="4,5,14,19,22,74,79,82,89,94,99" m="46697" machi="22" ten="30,2000,0" yaku="13,1,52,1" doraHai="73" who="3" fromWho="2" sc="241,0,278,0,124,-20,357,20" /><INIT seed="5,0,0,0,1,22" ten="241,278,104,377" oya="1" hai0="18,29,90,100,74,58,53,105,27,76,8,37,15" hai1="82,60,48,108,89,98,11,23,2,41,9,40,31" hai2="44,20,110,126,56,109,135,112,28,102,118,101,14" hai3="116,111,66,93,65,49,99,73,68,47,4,19,7"/><U63/><E108/><V87/><F118/><W88/><G111/><T69/><D69/><U39/><E39/><V52/><F110/><W24/><G73/><T30/><D37/><U54/><E2/><V86/><F109/><W128/><G68/><T3/><D3/><U104/><E104/><V84/><F135/><W25/><G116/><T95/><D105/><U113/><E113/><V34/><F126/><W21/><G24/><T55/><D100/><U46/><E63/><V1/><F1/><W115/><G115/><T130/><D130/><U123/><E123/><V117/><F117/><W61/><G128/><T79/><D74/><U92/><E82/><V106/><F106/><W78/><G78/><T57/><D57/><N who="1" m="34871" /><E41/><V85/><F112/><W125/><G125/><T127/><D127/><U72/><E72/><V80/><F34/><W124/><G124/><T35/><D30/><U120/><E120/><V129/><F129/><W5/><G61/><T42/><D42/><AGARI ba="0,0" hai="4,5,7,19,21,25,42,47,49,65,66,88,93,99" machi="42" ten="40,5200,0" yaku="8,1,52,1,54,1" doraHai="22" who="3" fromWho="0" sc="241,-52,278,0,104,0,377,52" /><INIT seed="6,0,0,0,2,19" ten="189,278,104,429" oya="2" hai0="17,11,5,88,29,52,114,112,36,128,63,80,79" hai1="15,7,113,108,42,101,46,45,111,30,13,0,69" hai2="96,118,54,49,24,56,78,40,102,12,77,41,133" hai3="82,4,14,3,72,22,94,131,59,76,60,64,55"/><V48/><F118/><W89/><G131/><T99/><D36/><U57/><E69/><V135/><F12/><W9/><G22/><T67/><D29/><U6/><E113/><N who="0" m="43625" /><D128/><U44/><E42/><N who="2" m="16491" /><F48/><W87/><G3/><N who="0" m="447" /><D17/><U104/><E0/><V129/><F129/><W117/><G117/><T34/><D34/><U37/><E37/><V62/><F62/><W32/><G32/><T70/><D52/><U83/><E13/><V124/><F24/><W95/><G55/><T110/><D110/><U2/><E15/><V35/><F35/><W47/><G47/><T39/><D39/><U98/><E2/><V74/><F74/><W8/><G8/><T18/><D18/><U81/><E111/><V85/><F85/><W93/><AGARI ba="0,0" hai="4,9,14,59,60,64,72,76,82,87,89,93,94,95" machi="93" ten="20,1500,0" yaku="0,1,7,1" doraHai="19" who="3" fromWho="3" sc="189,-4,278,-4,104,-7,429,15" /><INIT seed="7,0,0,1,0,47" ten="185,274,97,444" oya="3" hai0="121,106,11,54,59,10,87,129,1,107,37,134,109" hai1="95,75,23,92,53,127,74,26,125,122,56,28,48" hai2="91,100,52,34,96,101,69,7,33,8,40,24,115" hai3="73,119,103,63,98,27,29,97,130,42,57,25,82"/><W128/><G119/><T72/><D72/><N who="1" m="27691" /><E122/><V105/><F115/><W71/><G42/><T16/><D37/><U36/><E36/><V2/><F40/><W49/><G71/><T108/><D121/><U22/><E22/><V35/><F100/><W133/><G49/><T76/><D134/><U60/><E60/><V113/><F113/><W78/><G133/><T126/><D126/><AGARI ba="0,0" hai="23,26,28,48,53,56,92,95,125,126,127" m="27691" machi="126" ten="30,2000,0" yaku="18,1,52,1" doraHai="47" who="1" fromWho="0" sc="185,-20,274,20,97,0,444,0" owari="165,-23.0,294,9.0,97,-40.0,444,54.0" /></mjloggm>