<mjloggm ver="2.3"><GO type="41"/><UN n0="%EF%BC%88%E2%89%A7%E2%96%BD%E2%89%A6%EF%BC%89" n1="%65%61%73%74%73%65%61" n2="%E3%82%AF%E3%82%B9%E3%83%8E%E3%82%AD" n3="%E3%83%97%E3%82%A4%E3%83%97%E3%82%A4" dan="15,13,13,14" rate="2063,1885,1925,1819" sx="M,M,M,M"/><TAIKYOKU oya="0"/><INIT seed="0,0,0,4,4,3" ten="250,250,250,250" oya="0" hai0="134,33,108,36,19,35,66,49,78,15,45,91,1" hai1="131,13,96,55,46,119,6,29,101,48,132,42,102" hai2="63,83,20,18,117,123,53,84,81,93,115,5,58" hai3="129,61,24,130,112,50,54,14,0,98,99,41,65"/><T90/><D134/><U86/><E119/><V69/><F115/><W88/><G112/><T110/><D1/><U133/><E131/><N who="3" m="50186" /><G0/><T52/><D66/><U28/><E86/><V75/><F123/><W30/><G41/><T39/><D78/><U109/><E109/><N who="0" m="42089" /><D91/><U135/><E42/><V72/><F117/><W57/><G14/><T122/><D122/><U56/><E46/><V77/><F69/><N who="3" m="42159" /><G88/><T7/><D90/><U60/><E48/><V27/><F5/><W68/><G68/><T2/><D2/><U120/><E120/><V37/><F37/><N who="0" m="14410" /><D19/><U113/><E113/><V89/><REACH who="2" step="1"/><F81/><REACH who="2" step="2"/><W74/><G74/><AGARI ba="0,1" hai="18,20,27,53,58,63,72,74,75,77,83,84,89,93" machi="74" ten="30,3900,0" yaku="1,1,2,1,7,1,53,0" doraHai="3" doraHaiUra="118" who="2" fromWho="3" sc="250,0,250,0,240,49,250,-39" /><INIT seed="1,0,0,2,4,43" ten="250,250,289,211" oya="1" hai0="74,4,45,59,54,12,130,58,14,107,122,55,17" hai1="28,41,126,128,102,36,0,80,56,18,115,2,108" hai2="71,40,92,96,68,117,64,1,57,61,75,24,132" hai3="84,47,112,124,98,9,129,72,77,120,30,19,109"/><U104/><E115/><V66/><F75/><W91/><G112/><T79/><D107/><U101/><E126/><V123/><F117/><W39/><G124/><T78/><D130/><U111/><E128/><V22/><F1/><W53/><G129/><T87/><D122/><U60/><E28/><V34/><F123/><W37/><G120/><T27/><D74/><U52/><E80/><V97/><F132/><W21/><G109/><N who="1" m="42058" /><E18/><V99/><F34/><W67/><G67/><T29/><D4/><U93/><E104/><V13/><F13/><W127/><G127/><T33/><D14/><U73/><E73/><V121/><F121/><W26/><G98/><T134/><D134/><U76/><E76/><V48/><F68/><W69/><G69/><T23/><D87/><U70/><E70/><V110/><F110/><W116/><G116/><T90/><D90/><U20/><E20/><V133/><F133/><W100/><G100/><N who="1" m="38506" /><E93/><V125/><F125/><W51/><G77/><T32/><D32/><U88/><E88/><N who="2" m="55303" /><F71/><W11/><G72/><T50/><REACH who="0" step="1"/><D59/><REACH who="0" step="2"/><U38/><E38/><V118/><F118/><W82/><REACH who="3" step="1"/><G9/><REACH who="3" step="2"/><T46/><D46/><AGARI ba="0,2" hai="0,2,36,41,46,52,56,60" m="38506,42058" machi="46" ten="30,11600,0" yaku="14,1,10,1,52,1,54,1" doraHai="43" who="1" fromWho="0" sc="240,-116,250,136,289,0,201,0" /><INIT seed="1,1,0,1,3,126" ten="124,386,289,201" oya="1" hai0="86,127,103,92,68,18,100,14,50,108,99,71,96" hai1="28,5,47,106,66,64,111,82,34,128,20,135,70" hai2="109,112,132,58,7,54,124,130,89,8,78,57,42" hai3="6,43,35,62,87,49,115,97,4,102,91,56,110"/><U85/><E106/><V46/><F109/><W31/><G110/><T98/><D108/><U29/><E34/><V77/><F124/><W16/><G115/><T40/><D127/><U74/><E70/><V48/><F132/><W12/><G35/><T30/><D30/><U1/><E74/><V107/><F107/><W44/><G31/><N who="1" m="11850" /><E1/><V125/><F125/><W67/><G97/><T27/><D27/><U90/><E111/><V118/><F118/><W51/><G102/><T129/><D129/><U81/><E128/><V80/><F130/><W117/><G117/><T121/><D121/><U33/><E33/><V11/><F112/><W134/><G134/><T55/><D40/><U131/><E131/><V25/><F58/><W38/><G38/><T84/><D71/><U60/><E135/><V52/><F25/><W93/><REACH who="3" step="1"/><G51/><REACH who="3" step="2"/><T113/><D113/><U2/><E2/><V15/><F48/><W72/><G72/><T37/><D37/><U3/><E3/><V76/><F78/><W133/><G133/><T122/><D122/><U123/><E123/><V94/><F77/><W83/><G83/><T17/><D98/><U59/><E81/><V63/><F80/><W45/><G45/><T19/><D96/><U41/><E47/><V21/><F46/><W10/><AGARI ba="1,1" hai="4,6,10,12,16,43,44,49,56,62,67,87,91,93" machi="10" ten="20,8000,1" yaku="1,1,0,1,7,1,8,1,54,1,53,0" doraHai="126" doraHaiUra="65" who="3" fromWho="3" sc="124,-21,386,-41,289,-21,191,93" /><INIT seed="2,0,0,2,2,119" ten="103,345,268,284" oya="2" hai0="80,104,62,38,64,130,122,120,9,34,107,128,85" hai1="6,44,4,77,91,94,65,14,52,134,99,45,86" hai2="73,70,42,106,48,56,12,93,117,71,46,24,115" hai3="105,27,123,10,18,95,29,61,53,97,67,127,54"/><V112/><F106/><N who="0" m="40490" /><D38/><U68/><E134/><V79/><F117/><W87/><G105/><T72/><D9/><U131/><E131/><N who="0" m="50217" /><D34/><U31/><E68/><V1/><F1/><W0/><G127/><T32/><D32/><U23/><E65/><V17/><F71/><W19/><G18/><T49/><D49/><U39/><E39/><V108/><F70/><W33/><G19/><T89/><D72/><U101/><E77/><V110/><F24/><W60/><G61/><T74/><D74/><U121/><E121/><N who="0" m="46697" /><D64/><U103/><E44/><V82/><F46/><W84/><G10/><T129/><N who="0" m="50225" /><T58/><DORA hai="5" /><D62/><U102/><E14/><V11/><F48/><W13/><G33/><T50/><D50/><N who="1" m="28751" /><E99/><V75/><F12/><W76/><G13/><T96/><D58/><U63/><E63/><V30/><F75/><W22/><G60/><T43/><D43/><U40/><E40/><V2/><F56/><W15/><G123/><T113/><D113/><U98/><E98/><AGARI ba="0,0" hai="80,85,89,96,98" m="46697,50225,40490" machi="98" ten="50,12000,2" yaku="19,1,34,2,52,3" doraHai="119,5" who="0" fromWho="1" sc="103,120,345,-120,268,0,284,0" /><INIT seed="3,0,0,5,5,43" ten="223,225,268,284" oya="3" hai0="114,4,68,71,8,33,10,48,133,16,67,99,39" hai1="3,84,101,111,90,103,36,66,112,50,135,9,107" hai2="83,23,116,64,38,57,56,20,12,27,79,62,129" hai3="26,88,72,59,15,19,69,35,108,34,104,125,134"/><W78/><G69/><T120/><D120/><U31/><E36/><V13/><F116/><W132/><G104/><T25/><D39/><U95/><E107/><V44/><F129/><W41/><G125/><T105/><D114/><U47/><E112/><V7/><F23/><W5/><G5/><T82/><D133/><N who="3" m="51305" /><G41/><T94/><D105/><U60/><E3/><V18/><F56/><W55/><G108/><T89/><D67/><U24/><E111/><V53/><F7/><W85/><G78/><T130/><D130/><U2/><E9/><V102/><F102/><W124/><G72/><T76/><D48/><U123/><E2/><V65/><F65/><W63/><G26/><T113/><D113/><U0/><E0/><V54/><F54/><W106/><G124/><T22/><D33/><U86/><E86/><N who="2" m="48511" /><F38/><W30/><G30/><T40/><D40/><U96/><E84/><V131/><F131/><W11/><G106/><T1/><REACH who="0" step="1"/><D8/><REACH who="0" step="2"/><U61/><E135/><V49/><AGARI ba="0,1" hai="12,13,18,20,27,44,49,53,57,62,64" m="48511" machi="49" ten="30,2000,0" yaku="8,1,52,1" doraHai="43" who="2" fromWho="2" sc="213,-5,225,-5,268,30,284,-10" /><INIT seed="4,0,0,1,3,27" ten="208,220,298,274" oya="0" hai0="89,131,9,96,57,52,67,119,90,110,105,4,8" hai1="114,51,124,14,6,25,53,75,47,54,5,133,99" hai2="127,24,112,123,91,129,44,50,68,120,73,49,10" hai3="109,121,100,33,3,135,63,106,1,77,85,103,95"/><T92/><D119/><U28/><E75/><V122/><F68/><W17/><G109/><T36/><D36/><U37/><E37/><V18/><F73/><W64/><G106/><T66/><D131/><U128/><E128/><V35/><F129/><W30/><G135/><T104/><D110/><U42/><E133/><V2/><F112/><W116/><G116/><T81/><D105/><U59/><E124/><V65/><F127/><W71/><G121/><T93/><D81/><U126/><E126/><V45/><F65/><N who="0" m="24586" /><D4/><U38/><E114/><V79/><F79/><W72/><G17/><T48/><D104/><U107/><E14/><V13/><F2/><W134/><G72/><T11/><D11/><U78/><E78/><V41/><F91/><W12/><G134/><T88/><D90/><U132/><E132/><V56/><F56/><W40/><G40/><T58/><D57/><U21/><E107/><V55/><F35/><W113/><G113/><T26/><D26/><U80/><E80/><V115/><F24/><W61/><G3/><T101/><D101/><U102/><E54/><V125/><F125/><W130/><G1/><T111/><D111/><U98/><E102/><V74/><F115/><W32/><G130/><T31/><D31/><U82/><E82/><V94/><F74/><W108/><G108/><T7/><D7/><U0/><E0/><V19/><F94/><W23/><G103/><T20/><D20/><U117/><E117/><V97/><F19/><W22/><G100/><T84/><AGARI ba="0,0" hai="8,9,48,52,58,84,88,89,92,93,96" m="24586" machi="84" ten="30,6000,0" yaku="8,1,54,2" doraHai="27" who="0" fromWho="0" sc="208,60,220,-20,298,-20,274,-20" /><INIT seed="4,1,0,0,1,14" ten="268,200,278,254" oya="0" hai0="52,82,133,98,62,44,12,99,50,78,55,45,81" hai1="89,48,63,3,10,86,75,32,127,128,21,71,125" hai2="67,4,25,106,17,39,0,84,111,56,121,126,122" hai3="22,35,105,49,79,123,59,53,43,24,72,109,26"/><T94/><D133/><U113/><E75/><V60/><F39/><W31/><G105/><T118/><D118/><U108/><E32/><V34/><F106/><W1/><G109/><T46/><D12/><U97/><E108/><V51/><F111/><W8/><G123/><T11/><D11/><U27/><E128/><V107/><F107/><W131/><G131/><T91/><D99/><U37/><E37/><V36/><F36/><W66/><G72/><T73/><REACH who="0" step="1"/><D82/><REACH who="0" step="2"/><U92/><E113/><V76/><F121/><W16/><G8/><T101/><D101/><U42/><E3/><V110/><F0/><W7/><G1/><T29/><D29/><U80/><E10/><V74/><F122/><W135/><G31/><T69/><D69/><U103/><E71/><V13/><F110/><W5/><G5/><T6/><D6/><U19/><E63/><V83/><F60/><W119/><G7/><T100/><D100/><U33/><E33/><V116/><F34/><W2/><G119/><T58/><AGARI ba="1,1" hai="44,45,46,50,52,55,58,62,73,78,81,91,94,98" machi="58" ten="30,11700,0" yaku="1,1,0,1,54,1,53,1" doraHai="14" doraHaiUra="93" who="0" fromWho="0" sc="258,130,200,-40,278,-40,254,-40" /><INIT seed="4,2,0,4,2,123" ten="388,160,238,214" oya="0" hai0="133,125,32,118,73,8,70,113,95,78,0,84,127" hai1="111,31,18,43,38,5,20,72,42,19,60,101,75" hai2="62,128,15,100,48,57,36,85,2,41,14,105,22" hai3="59,96,109,135,50,40,131,11,24,1,119,68,23"/><T88/><D70/><U71/><E5/><V132/><F2/><W47/><G109/><T37/><D32/><U65/><E111/><V108/><F108/><W33/><G119/><T52/><D37/><U134/><E134/><V87/><F36/><W99/><G135/><T121/><D133/><U89/><E75/><V106/><F132/><W126/><G68/><T83/><D121/><U13/><E72/><V63/><F128/><W82/><G33/><T58/><D118/><U9/><E38/><V91/><F57/><W30/><G131/><T55/><D113/><U110/><E110/><V28/><F48/><W17/><G126/><N who="0" m="48139" /><D58/><U116/><E116/><V16/><F28/><W66/><G82/><T64/><D64/><U102/><E31/><V4/><F100/><W76/><G76/><T104/><D104/><U49/><E89/><V103/><F91/><W25/><G1/><T61/><D61/><U12/><E43/><V94/><F63/><N who="3" m="38271" /><G24/><T92/><D92/><U122/><REACH who="1" step="1"/><E122/><REACH who="1" step="2"/><V129/><F4/><AGARI ba="2,1" hai="0,4,8,52,55,73,78,83,84,88,95" m="48139" machi="4" ten="30,5800,0" yaku="18,1,54,2" doraHai="123" who="0" fromWho="2" sc="388,74,150,0,238,-64,214,0" /><INIT seed="4,3,0,4,0,91" ten="462,150,174,214" oya="0" hai0="111,105,20,89,133,107,3,110,17,42,96,71,31" hai1="108,60,128,119,97,43,87,129,58,30,28,29,94" hai2="125,22,49,51,70,79,127,9,6,25,4,0,7" hai3="95,72,47,118,88,65,117,45,130,21,134,78,113"/><T85/><D3/><U83/><E119/><V74/><F70/><W135/><G65/><T90/><D71/><U37/><E108/><N who="0" m="41513" /><D133/><N who="3" m="50697" /><G21/><T114/><D114/><U35/><E43/><V62/><F74/><W59/><G113/><T75/><D75/><U11/><E37/><V92/><F79/><W123/><G123/><T24/><D42/><U13/><E35/><V64/><F127/><W77/><G130/><T109/><D109/><U102/><E129/><V46/><F125/><W61/><G118/><T48/><D48/><U69/><E69/><V57/><F49/><W23/><G23/><T131/><D131/><U56/><E128/><V44/><F44/><N who="3" m="16971" /><G117/><T14/><D14/><U98/><E98/><V76/><F76/><W115/><G72/><T112/><D112/><U81/><E60/><V50/><F51/><W100/><G115/><T126/><D126/><U39/><E39/><V106/><F106/><W19/><G100/><N who="0" m="62599" /><D107/><U104/><E104/><V18/><F50/><W68/><G68/><T124/><D124/><U73/><E73/><V33/><F33/><W63/><G61/><T10/><D20/><U99/><E99/><V1/><F46/><W132/><G132/><T12/><D31/><U16/><E83/><V101/><F0/><W122/><G63/><T121/><D121/><U67/><REACH who="1" step="1"/><E67/><REACH who="1" step="2"/><V82/><F64/><W2/><G122/><T36/><D36/><U66/><E66/><V116/><F116/><W93/><G95/><T80/><D80/><U40/><E40/><V15/><F92/><W54/><G93/><T84/><D84/><U41/><E41/><RYUUKYOKU ba="3,1" sc="462,-10,140,30,174,-10,214,-10" hai1="11,13,16,28,29,30,56,58,81,87,94,97,102" /><INIT seed="5,4,1,3,1,102" ten="452,170,164,204" oya="1" hai0="107,129,16,98,63,8,134,56,121,115,135,127,12" hai1="91,48,55,21,62,25,80,103,36,110,14,9,66" hai2="64,7,94,122,51,101,59,70,123,50,117,113,54" hai3="99,76,77,68,133,120,124,108,44,118,75,72,81"/><U90/><E36/><V39/><F117/><W126/><G68/><T116/><D116/><U85/><E103/><V86/><F39/><W10/><G118/><T42/><D121/><U37/><E37/><V4/><F113/><W6/><G120/><T73/><D73/><U29/><E110/><V53/><F70/><W18/><G18/><T114/><D42/><U131/><E131/><V95/><F64/><W60/><G60/><T132/><D127/><N who="3" m="48681" /><G108/><T112/><D129/><U24/><E66/><V49/><F86/><W43/><G133/><T109/><D109/><U35/><E35/><V32/><F32/><W52/><G99/><T111/><D111/><U38/><E38/><V83/><F83/><W28/><G28/><T89/><D107/><U82/><E62/><V128/><F128/><W23/><G23/><T69/><D69/><U93/><E25/><V96/><F51/><N who="3" m="28775" /><G43/><T5/><D5/><N who="1" m="3375" /><E91/><V105/><F105/><W26/><G26/><T79/><D79/><N who="3" m="30281" /><G81/><T67/><D89/><U106/><E106/><V78/><F78/><W100/><G100/><T88/><D88/><U104/><E104/><V0/><F101/><W30/><G30/><T40/><D40/><U119/><E119/><V27/><F27/><W2/><AGARI ba="4,1" hai="2,6,10,72,75" m="30281,28775,48681" machi="2" ten="30,2000,0" yaku="18,1,54,1" doraHai="102" who="3" fromWho="3" sc="452,-9,170,-14,164,-9,204,42" /><INIT seed="6,0,0,2,1,121" ten="443,156,155,246" oya="2" hai0="4,75,41,94,17,72,92,19,106,102,95,80,76" hai1="8,101,71,62,23,131,9,89,66,123,43,130,88" hai2="46,24,111,68,47,85,97,77,70,119,38,126,31" hai3="55,104,34,91,28,98,114,84,65,20,21,67,32"/><V87/><F119/><W25/><G34/><T103/><D75/><U112/><E112/><V3/><F3/><W37/><G114/><T30/><D30/><U128/><E43/><V127/><F38/><W27/><G37/><T61/><D41/><U18/><E101/><V81/><F97/><W63/><G21/><T40/><D40/><U124/><E124/><N who="2" m="47659" /><F87/><W56/><G98/><T42/><D42/><U86/><E123/><V7/><F7/><W115/><G115/><T74/><D74/><U107/><E107/><V6/><F6/><W120/><G120/><T82/><D82/><U11/><REACH who="1" step="1"/><E86/><REACH who="1" step="2"/><V133/><F133/><W100/><G104/><T52/><D103/><U129/><N who="1" m="33280" /><DORA hai="57" /><U0/><E0/><V73/><F73/><W134/><G100/><T10/><D102/><U5/><E5/><V93/><F93/><W39/><G134/><T64/><D106/><U78/><E78/><V117/><F117/><W110/><G110/><T14/><D76/><U48/><E48/><V50/><F111/><W29/><G39/><T118/><D72/><U58/><E58/><V51/><F50/><W99/><G99/><T45/><D118/><U16/><E16/><V96/><F96/><W135/><G135/><T60/><D17/><U69/><E69/><N who="2" m="26731" /><F51/><W125/><G125/><T33/><D4/><U49/><E49/><V53/><F53/><W26/><G55/><T1/><D52/><U132/><E132/><V12/><F12/><AGARI ba="0,1" hai="8,9,11,12,18,23,62,66,71,88,89" m="33280" machi="12" ten="70,8000,1" yaku="1,1,19,1,52,1,54,1,53,0" doraHai="121,57" doraHaiUra="36,83" who="1" fromWho="2" sc="443,0,146,90,155,-80,246,0" /><INIT seed="7,0,0,0,2,63" ten="443,236,75,246" oya="3" hai0="80,82,46,2,112,34,59,76,109,103,29,40,77" hai1="31,1,135,129,111,52,8,42,72,67,57,78,81" hai2="30,92,32,45,90,23,121,4,70,49,64,84,119" hai3="122,120,91,5,98,22,39,65,14,86,131,15,17"/><W73/><G39/><T79/><D109/><U71/><E111/><V124/><F119/><W56/><G73/><T0/><D103/><U115/><E115/><V96/><F32/><W61/><G131/><T66/><D112/><U114/><E114/><V117/><F4/><W6/><G98/><T10/><D34/><U51/><E129/><V28/><F23/><W54/><G54/><T102/><D102/><U18/><E135/><V62/><F28/><W87/><G14/><T19/><D29/><U68/><E31/><V44/><F30/><W26/><G26/><T133/><D133/><U16/><E71/><V88/><F96/><W127/><G127/><T27/><D0/><U43/><E18/><V100/><F121/><W25/><G25/><T118/><D118/><U38/><E1/><V128/><F128/><W125/><G125/><T37/><D2/><U105/><E105/><V50/><F117/><W69/><G69/><T95/><D95/><U106/><E106/><V108/><F108/><W89/><G120/><T99/><D99/><U36/><E38/><V93/><F124/><W35/><G35/><T126/><D126/><U33/><E33/><V13/><F13/><W101/><G101/><T11/><D27/><U9/><E43/><V55/><F100/><W20/><G22/><T41/><D40/><U123/><E16/><V12/><F12/><W97/><G122/><T58/><D41/><U60/><E123/><V132/><F132/><W116/><G116/><T75/><D37/><U74/><E74/><V113/><F113/><W53/><G97/><T104/><D75/><RYUUKYOKU ba="0,0" sc="443,-10,236,30,75,-10,246,-10" hai1="8,9,36,42,51,52,57,60,67,68,72,78,81" owari="433,52.0,266,7.0,65,-43.0,236,-16.0" /></mjloggm>