<mjloggm ver="2.3"><GO type="169" lobby="0"/><UN n0="%E3%82%82%E3%81%97%E3%83%A9%E3%82%B9%E3%81%A7" n1="%EF%BC%88%E2%89%A7%E2%96%BD%E2%89%A6%EF%BC%89" n2="%6D%69%6E%32%30%30%32" n3="%E3%83%92%E3%82%B2%E3%83%AD%E3%83%B3%E3%82%B0" dan="17,17,16,17" rate="2117.98,2167.01,2036.25,2092.83" sx="M,M,F,M"/><TAIKYOKU oya="0"/><INIT seed="0,0,0,3,4,107" ten="250,250,250,250" oya="0" hai0="59,87,43,31,41,120,4,42,84,67,52,133,86" hai1="131,30,47,28,7,57,116,105,134,71,29,8,121" hai2="36,0,55,54,60,89,24,53,15,10,11,27,122" hai3="56,23,32,69,62,95,130,97,14,82,33,79,3"/><T81/><D133/><U20/><E71/><V18/><F36/><W5/><G3/><T127/><D120/><U21/><E105/><V1/><F122/><W80/><G69/><T61/><D127/><U126/><E121/><V125/><F125/><W115/><G115/><T16/><D31/><U74/><E74/><V2/><F60/><W98/><G130/><T22/><D4/><U108/><E116/><V132/><F132/><W50/><G50/><T25/><REACH who="0" step="1"/><D67/><REACH who="0" ten="240,250,250,250" step="2"/><U109/><E126/><V72/><F2/><W112/><G112/><T103/><D103/><U6/><E7/><V12/><F1/><W96/><G5/><T101/><D101/><U34/><E6/><V68/><F0/><W73/><G33/><T37/><D37/><U106/><E29/><V19/><F68/><W17/><G32/><T92/><D92/><U118/><E30/><V114/><F114/><W58/><G82/><AGARI ba="0,1" hai="16,22,25,41,42,43,52,59,61,81,82,84,86,87" machi="82" ten="40,12000,1" yaku="1,1,8,1,54,2,53,0" doraHai="107" doraHaiUra="65" who="0" fromWho="3" sc="240,130,250,0,250,0,250,-120" /><INIT seed="0,1,0,3,5,70" ten="370,250,250,130" oya="0" hai0="1,97,81,68,21,91,84,47,75,102,39,111,9" hai1="46,54,20,4,28,82,99,119,133,112,65,11,7" hai2="67,130,6,16,52,57,108,8,3,93,0,25,78" hai3="106,36,127,61,32,14,27,88,123,44,104,96,34"/><T53/><D68/><U120/><E119/><V41/><F108/><W73/><G73/><T45/><D111/><U74/><E120/><V79/><F130/><W60/><G123/><T56/><D75/><U13/><E112/><V18/><F3/><W10/><G127/><T66/><D66/><U77/><E65/><V101/><F67/><W85/><G106/><T116/><D116/><U58/><E133/><V121/><F41/><W95/><G104/><T43/><D47/><U117/><E117/><V15/><F121/><W62/><G27/><T83/><D21/><U23/><E4/><V5/><F5/><W22/><G22/><T63/><D9/><U59/><E28/><V125/><F125/><W30/><G30/><T64/><D83/><U26/><E26/><V90/><F101/><W87/><G34/><T110/><D64/><U132/><E132/><V114/><F114/><W31/><G31/><T17/><D17/><N who="2" m="6762" /><F25/><W80/><G32/><T38/><D110/><U49/><E58/><V40/><F40/><W48/><G36/><T86/><D86/><U50/><REACH who="1" step="1"/><E99/><REACH who="1" ten="370,240,250,130" step="2"/><N who="2" m="57783" /><F0/><W2/><G2/><T128/><D1/><U103/><E103/><V35/><F35/><W71/><G71/><T29/><D29/><U118/><E118/><V115/><F115/><W69/><G69/><T92/><D128/><U131/><E131/><V100/><F100/><W98/><G98/><T122/><D122/><U134/><E134/><V105/><F105/><W12/><G96/><T51/><AGARI ba="1,1" hai="38,39,43,45,51,53,56,63,81,84,91,92,97,102" machi="51" ten="20,7800,0" yaku="0,1,7,1,52,2" doraHai="70" who="0" fromWho="0" sc="370,91,240,-27,250,-27,130,-27" /><INIT seed="0,2,0,3,0,80" ten="461,213,223,103" oya="0" hai0="126,47,2,111,31,22,90,13,69,28,26,39,123" hai1="99,37,21,63,132,94,97,11,3,29,117,41,5" hai2="40,51,113,84,75,56,62,16,112,88,134,133,73" hai3="20,68,0,85,89,54,93,44,107,119,106,116,10"/><T79/><D2/><U125/><E117/><V35/><F35/><W14/><G68/><T45/><D123/><U60/><E132/><N who="2" m="50795" /><F51/><W25/><G0/><T23/><D69/><U30/><E125/><V50/><F50/><W131/><G131/><T32/><D126/><U129/><E129/><V104/><F104/><W66/><G66/><T38/><D79/><U105/><E105/><V82/><F40/><W65/><G65/><T101/><D101/><U124/><E99/><V109/><F109/><W92/><G107/><T59/><D59/><U74/><E74/><N who="2" m="28171" /><F16/><N who="3" m="12423" /><G106/><T96/><D111/><U46/><E124/><V122/><F122/><W102/><G119/><T103/><D103/><U87/><E30/><V53/><AGARI ba="2,0" hai="53,56,62,82,84,88,112,113" m="28171,50795" machi="53" ten="30,4000,0" yaku="20,1,52,1,54,1" doraHai="80" who="2" fromWho="2" sc="461,-22,213,-12,223,46,103,-12" /><INIT seed="1,0,0,5,1,58" ten="439,201,269,91" oya="1" hai0="60,126,125,55,18,21,124,61,48,8,116,43,86" hai1="111,3,30,5,62,79,123,41,67,93,22,49,88" hai2="113,4,101,90,110,82,72,109,75,76,28,95,29" hai3="120,92,6,16,50,97,9,57,56,47,12,71,51"/><U87/><E123/><V104/><F4/><W121/><G71/><T133/><D116/><U36/><E36/><V52/><F113/><W106/><G106/><T19/><D133/><U31/><E111/><N who="2" m="42507" /><F75/><W84/><G84/><T46/><D8/><U118/><E118/><V23/><F23/><W112/><G112/><T70/><D70/><U102/><E79/><V24/><F24/><W17/><G121/><T0/><D0/><U115/><E115/><V1/><F1/><W15/><G120/><T7/><D7/><U54/><E41/><V107/><F52/><N who="3" m="29791" /><G51/><T100/><D100/><U45/><E102/><V42/><F42/><W81/><G81/><T39/><D86/><U128/><E128/><V44/><F44/><W129/><G129/><T117/><D117/><U2/><E5/><V27/><F101/><N who="3" m="60583" /><G6/><T53/><D53/><U14/><E3/><V108/><F108/><W98/><G98/><T10/><D10/><AGARI ba="0,0" hai="9,10,12,15,16,17,56,57" m="60583,29791" machi="10" ten="30,3900,0" yaku="8,1,54,2" doraHai="58" who="3" fromWho="0" sc="439,-39,201,0,269,0,91,39" /><INIT seed="2,0,0,4,5,1" ten="400,201,269,130" oya="2" hai0="134,23,12,120,89,46,30,6,73,62,76,123,38" hai1="43,71,96,86,28,44,118,11,125,81,117,3,66" hai2="90,129,68,48,52,7,95,130,14,2,106,26,88" hai3="16,74,87,82,36,54,69,111,107,109,57,80,4"/><V98/><F68/><W49/><G69/><T41/><D134/><U124/><E28/><V29/><F2/><W37/><G107/><T135/><D135/><U9/><E96/><V25/><F106/><W47/><G74/><T17/><D62/><N who="1" m="40407" /><E11/><N who="2" m="4479" /><F29/><W99/><G99/><T97/><D30/><U35/><E35/><V0/><F0/><W102/><G102/><T19/><D19/><U121/><E121/><V56/><F90/><W77/><G82/><T110/><D89/><N who="1" m="51407" /><E9/><V116/><F116/><W60/><G4/><T131/><D97/><U21/><E21/><V58/><F58/><W126/><G126/><N who="1" m="48746" /><E3/><V103/><F103/><W32/><G32/><T5/><D131/><AGARI ba="0,0" hai="25,26,48,52,56,88,95,98,129,130,131" m="4479" machi="131" ten="30,11600,0" yaku="19,1,52,1,54,2" doraHai="1" who="2" fromWho="0" sc="400,-116,201,0,269,116,130,0" /><INIT seed="2,1,0,1,3,40" ten="284,201,385,130" oya="2" hai0="30,14,34,29,5,107,42,59,43,113,120,70,25" hai1="123,62,41,60,9,133,86,75,32,112,108,47,130" hai2="82,55,97,1,118,4,26,56,45,10,37,13,67" hai3="94,23,126,101,102,105,90,81,111,15,49,122,85"/><V117/><F67/><W33/><G122/><T63/><D70/><U46/><E75/><V16/><F26/><W35/><G111/><T48/><D107/><U8/><E32/><V128/><F128/><W20/><G126/><T98/><D113/><U12/><E112/><V114/><F114/><W50/><G105/><T24/><D98/><U3/><E3/><V132/><F132/><W22/><G15/><T19/><D5/><N who="1" m="3087" /><E133/><V91/><F97/><W66/><G66/><T100/><D100/><U115/><E115/><V51/><F37/><W54/><G50/><T121/><D43/><U38/><E38/><V17/><F56/><W84/><G102/><T119/><D119/><U127/><E9/><N who="2" m="6191" /><F17/><W79/><REACH who="3" step="1"/><G101/><REACH who="3" ten="284,201,385,120" step="2"/><T92/><D120/><U73/><E123/><V129/><F129/><W36/><G36/><T71/><D121/><U61/><E127/><V88/><F118/><W89/><G89/><T96/><D48/><U58/><E130/><V18/><F91/><W109/><G109/><T57/><D25/><U134/><E108/><V135/><F88/><W39/><G39/><T106/><D24/><U80/><E134/><V68/><F135/><W7/><G7/><T11/><D106/><U104/><E104/><V76/><F4/><W6/><G6/><T131/><D131/><U21/><E61/><V78/><F117/><W64/><G64/><T83/><D63/><U44/><E62/><V65/><F65/><W69/><G69/><T28/><D14/><U72/><E60/><V95/><F68/><W77/><G77/><T52/><D71/><U99/><E99/><RYUUKYOKU ba="1,1" sc="284,-10,201,-10,385,-10,120,30" hai3="20,22,23,33,35,49,54,79,81,84,85,90,94" /><INIT seed="3,2,1,4,2,90" ten="274,191,375,150" oya="3" hai0="94,9,89,32,50,122,0,130,114,121,35,8,99" hai1="39,133,47,21,97,70,65,63,62,15,115,88,28" hai2="71,60,58,135,6,18,131,11,43,132,81,103,83" hai3="29,31,53,38,110,42,106,108,27,126,48,52,116"/><W123/><G123/><T84/><D130/><U86/><E115/><V59/><F131/><W118/><G106/><T127/><D114/><U4/><E133/><N who="2" m="51275" /><F43/><W129/><G129/><T40/><D127/><U23/><E39/><V25/><F103/><W100/><G100/><T36/><D36/><U33/><E33/><V117/><F71/><W101/><G101/><T30/><D122/><U16/><E4/><V45/><F45/><N who="3" m="23767" /><G126/><T75/><D75/><U22/><E47/><V109/><F59/><N who="3" m="33159" /><G53/><T111/><D121/><U85/><E28/><N who="3" m="10826" /><G27/><T82/><D30/><U78/><E78/><V124/><F25/><W26/><G26/><T125/><D125/><U98/><E85/><V24/><F24/><W80/><G80/><T76/><D32/><U96/><REACH who="1" step="1"/><E63/><REACH who="1" ten="274,181,375,150" step="2"/><V87/><F60/><W55/><G55/><T95/><D35/><U69/><E69/><V73/><F87/><W5/><G5/><T91/><D76/><U56/><E56/><V17/><F58/><W57/><G57/><T2/><D84/><U7/><E7/><V68/><F6/><W119/><G118/><T92/><D0/><U74/><E74/><V120/><F73/><W46/><G119/><T37/><D2/><U93/><AGARI ba="2,2" hai="15,16,21,22,23,62,65,70,86,88,93,96,97,98" machi="93" ten="30,8000,1" yaku="1,1,0,1,52,1,54,2,53,0" doraHai="90" doraHaiUra="79" who="1" fromWho="1" sc="274,-22,181,106,375,-22,150,-42" /><INIT seed="4,0,0,5,2,81" ten="252,287,353,108" oya="0" hai0="103,39,94,65,37,118,1,57,83,107,30,64,31" hai1="117,122,67,96,128,49,108,50,75,102,61,112,55" hai2="99,44,7,97,98,10,95,92,56,70,120,59,22" hai3="11,48,115,73,76,100,9,111,84,77,12,15,26"/><T13/><D1/><U133/><E112/><V41/><F70/><W74/><G111/><T116/><D107/><U25/><E117/><V33/><F33/><W79/><G115/><T29/><D13/><U126/><E75/><V23/><F120/><W4/><G100/><T2/><D2/><U28/><E122/><V5/><F41/><W119/><G119/><T78/><D116/><U51/><E108/><V24/><F44/><W89/><G26/><T113/><D118/><U42/><E42/><V32/><F32/><W80/><REACH who="3" step="1"/><G48/><REACH who="3" ten="252,287,353,98" step="2"/><T129/><D113/><U86/><E49/><V134/><F24/><W52/><G52/><T135/><D39/><U69/><E55/><V121/><F121/><W66/><G66/><T106/><D37/><U27/><E50/><V19/><F134/><W93/><G93/><T87/><D135/><U17/><E51/><V43/><F95/><W105/><G105/><T114/><D114/><U45/><E27/><V47/><F92/><W123/><G123/><T132/><D132/><U72/><E25/><V40/><F43/><W60/><G60/><T46/><D106/><U58/><E61/><V124/><F40/><W16/><AGARI ba="0,1" hai="4,9,11,12,15,16,73,74,76,77,79,80,84,89" machi="16" ten="30,7900,0" yaku="1,1,0,1,52,1,54,1,53,0" doraHai="81" doraHaiUra="109" who="3" fromWho="3" sc="252,-39,287,-20,353,-20,98,89" /><INIT seed="5,0,0,3,0,107" ten="213,267,333,187" oya="1" hai0="20,125,109,134,123,11,67,54,41,30,80,70,50" hai1="106,97,113,72,122,65,135,73,42,0,79,5,89" hai2="121,93,1,127,34,77,44,87,21,75,28,49,76" hai3="60,63,4,57,82,3,18,39,25,94,100,96,53"/><U23/><E23/><V45/><F121/><W62/><G39/><T10/><D109/><U68/><E89/><V116/><F116/><W59/><G3/><T48/><D123/><U56/><E56/><V40/><F34/><W114/><G4/><T120/><D120/><U32/><E122/><V83/><F1/><W15/><G114/><T91/><D134/><U103/><E135/><V71/><F71/><W101/><G82/><T37/><D125/><U26/><E42/><V29/><F127/><W133/><G133/><T110/><D110/><U92/><E92/><V98/><F77/><W86/><G86/><T111/><D111/><U84/><E84/><V36/><F87/><W78/><G78/><T43/><D91/><U22/><E79/><V61/><F61/><W24/><G101/><T118/><D80/><U102/><E102/><V105/><F21/><W17/><G17/><T124/><D118/><U99/><E99/><V51/><F105/><W58/><REACH who="3" step="1"/><G53/><REACH who="3" ten="213,267,333,177" step="2"/><T13/><D124/><U38/><E113/><V19/><F19/><W7/><G7/><T52/><D37/><U64/><E38/><V47/><F36/><W69/><G69/><T35/><D70/><U112/><E68/><V115/><F115/><W27/><G27/><T14/><D54/><U74/><E112/><V119/><F119/><W8/><AGARI ba="0,1" hai="8,15,18,24,25,57,58,59,60,62,63,94,96,100" machi="8" ten="30,4000,0" yaku="1,1,0,1,8,1,53,0" doraHai="107" doraHaiUra="46" who="3" fromWho="3" sc="213,-10,267,-20,333,-10,177,50" /><INIT seed="6,0,0,3,2,68" ten="203,247,323,227" oya="2" hai0="61,75,50,116,121,11,2,33,106,133,118,24,1" hai1="5,34,110,59,98,39,130,10,90,14,28,8,40" hai2="120,135,12,88,49,72,92,108,127,91,0,42,113" hai3="94,56,22,52,134,43,128,77,15,105,23,125,63"/><V119/><F0/><W80/><G105/><T73/><D50/><U126/><E110/><V100/><F120/><W55/><G125/><T29/><D121/><U46/><E126/><V48/><F119/><N who="0" m="45610" /><D61/><U32/><E130/><V93/><F72/><N who="0" m="27722" /><D133/><U54/><E28/><V67/><F49/><W89/><G128/><T87/><D87/><U57/><E57/><V45/><F48/><W76/><G134/><T81/><D81/><U18/><E98/><V124/><F135/><W21/><G43/><T83/><D83/><U71/><E71/><V53/><F42/><W3/><G3/><N who="0" m="1035" /><D11/><U62/><E90/><V78/><F88/><W13/><G55/><T114/><D114/><U97/><E97/><V47/><F91/><W51/><G51/><T96/><D96/><U79/><E79/><N who="3" m="30282" /><G80/><T20/><D20/><U37/><E8/><V25/><F53/><W41/><G41/><T117/><N who="0" m="45618" /><T64/><DORA hai="131" /><D64/><U9/><E9/><V44/><F67/><W95/><G95/><T123/><D123/><U107/><E40/><V27/><F93/><W132/><G132/><T82/><D82/><U103/><E10/><V30/><F92/><W7/><G7/><T109/><D109/><U112/><E5/><V111/><F108/><W66/><G66/><T36/><D106/><U60/><E107/><V6/><F111/><W99/><AGARI ba="0,0" hai="13,15,21,22,23,52,56,63,89,94,99" m="30282" machi="99" ten="30,2000,0" yaku="8,1,54,1" doraHai="68,131" who="3" fromWho="3" sc="203,-5,247,-5,323,-10,227,20" /><INIT seed="7,0,0,5,4,114" ten="198,242,313,247" oya="3" hai0="22,62,134,116,120,100,63,60,44,10,94,88,92" hai1="13,34,129,41,30,7,71,95,33,130,108,21,65" hai2="117,118,98,46,80,112,127,82,36,4,83,73,39" hai3="111,79,122,81,50,124,104,38,66,115,74,48,135"/><W84/><G104/><T2/><D120/><U121/><E41/><V105/><F112/><W28/><G122/><T5/><D134/><U119/><E108/><V69/><F73/><W51/><G115/><T1/><D1/><U76/><E76/><V19/><F69/><W106/><G38/><T3/><D3/><U40/><E40/><V107/><F4/><W55/><G106/><T52/><D100/><U96/><E119/><V14/><F127/><W11/><G135/><T70/><D94/><U26/><E65/><V109/><F109/><W23/><G111/><T0/><D0/><U97/><E71/><V25/><F25/><N who="3" m="16447" /><G74/><T89/><D89/><N who="1" m="55407" /><E97/><V113/><F113/><W133/><G124/><T67/><D22/><U54/><E54/><V45/><F98/><W91/><G66/><T99/><REACH who="0" step="1"/><D116/><REACH who="0" ten="188,242,313,247" step="2"/><U29/><E121/><V16/><F107/><W86/><G133/><T68/><D68/><U102/><E21/><V17/><F105/><W77/><G11/><T37/><D37/><U132/><E132/><V72/><F39/><W131/><G79/><T58/><D58/><U90/><E90/><V6/><F36/><W43/><G43/><T110/><D110/><U27/><E102/><V123/><F118/><W64/><G77/><T128/><D128/><U85/><E130/><V24/><F117/><W103/><G131/><T56/><D56/><U9/><E129/><V87/><F123/><W49/><G103/><T59/><D59/><U125/><E125/><V31/><F46/><W15/><G91/><T75/><D75/><U12/><E34/><V57/><F72/><RYUUKYOKU ba="0,1" sc="188,30,242,-10,313,-10,247,-10" hai0="2,5,10,44,52,60,62,63,67,70,88,92,99" owari="218,-28.0,232,-17.0,313,41.0,237,4.0" /></mjloggm>