<mjloggm ver="2.3"><GO type="169" lobby="0"/><UN n0="%E3%81%BE%E3%82%86%E3%81%BE%E3%82%86%37%37" n1="%E9%89%84%E9%A2%A8%E5%B0%91%E5%A5%B3" n2="%E9%8A%80%E9%81%8A%E7%A7%81%E4%BA%BA" n3="%EF%BC%88%E2%89%A7%E2%96%BD%E2%89%A6%EF%BC%89" dan="18,16,16,18" rate="2151.88,2128.36,2097.94,2262.72" sx="F,F,M,M"/><TAIKYOKU oya="0"/><INIT seed="0,0,0,2,3,81" ten="250,250,250,250" oya="0" hai0="72,130,77,42,127,100,63,90,14,121,8,82,24" hai1="46,129,88,67,20,66,80,57,124,133,50,71,61" hai2="41,0,29,36,135,76,10,69,1,131,37,17,15" hai3="51,44,38,117,94,49,32,55,93,119,109,45,31"/><T125/><D121/><U86/><E133/><V79/><F135/><W23/><G32/><T114/><D114/><U106/><E106/><V19/><F69/><W132/><G38/><T74/><D130/><U120/><E120/><V18/><F131/><W3/><G3/><T40/><D74/><U113/><E129/><V118/><F118/><W33/><G33/><T56/><D24/><U59/><E113/><V78/><F29/><W28/><G132/><T89/><D100/><U64/><E124/><N who="0" m="47689" /><D42/><U6/><E6/><V70/><F70/><W34/><G34/><T101/><D40/><N who="1" m="24903" /><E71/><V84/><F37/><W58/><G119/><T123/><D101/><U111/><E111/><V12/><F19/><W97/><G109/><T122/><D122/><U26/><E61/><V134/><F134/><W75/><G117/><T60/><D123/><U2/><E2/><V95/><F41/><W105/><G75/><T104/><D104/><U9/><E9/><V115/><F36/><W47/><G105/><T48/><D63/><U92/><E92/><V83/><F95/><W27/><G94/><T35/><D48/><U98/><E98/><V7/><F115/><W25/><G51/><T21/><D35/><U13/><E13/><V16/><REACH who="2" step="1"/><F0/><REACH who="2" ten="250,250,240,250" step="2"/><W52/><G93/><T128/><D128/><U54/><E54/><V110/><F110/><W43/><G55/><T62/><D14/><AGARI ba="0,1" hai="1,7,10,12,14,15,16,17,18,76,78,79,83,84" machi="14" ten="40,5200,0" yaku="1,1,52,1,54,1,53,0" doraHai="81" doraHaiUra="102" who="2" fromWho="0" sc="250,-52,250,0,240,62,250,0" /><INIT seed="1,0,0,1,3,104" ten="198,250,302,250" oya="1" hai0="37,22,52,31,121,78,110,124,60,36,98,54,45" hai1="66,47,30,11,25,21,82,101,57,61,71,85,40" hai2="106,32,19,14,83,100,18,72,129,38,1,64,108" hai3="87,59,90,89,102,91,97,69,73,95,125,35,114"/><U135/><E135/><V80/><F1/><W122/><G69/><T23/><D124/><U88/><E101/><V103/><F32/><W131/><G35/><T105/><D110/><U51/><E71/><V44/><F108/><W29/><G122/><T120/><D78/><U6/><E11/><V33/><F33/><W63/><G114/><T127/><D127/><U81/><E6/><V58/><F129/><W28/><G125/><T128/><D128/><U17/><REACH who="1" step="1"/><E30/><REACH who="1" ten="198,240,302,250" step="2"/><V116/><F103/><W74/><G131/><T92/><D31/><U107/><E107/><V4/><F100/><W15/><G29/><T10/><D105/><U26/><E26/><V13/><F106/><W86/><G28/><T5/><D10/><U112/><E112/><V2/><F4/><W93/><G15/><T50/><D5/><U133/><E133/><V99/><F14/><W96/><G102/><N who="0" m="60743" /><D22/><U118/><E118/><V123/><F13/><W130/><G130/><T94/><D23/><U65/><E65/><V115/><F64/><W77/><G97/><T41/><D120/><U9/><E9/><V0/><F99/><W56/><G96/><T48/><D121/><U46/><E46/><V117/><F44/><W55/><G56/><T27/><D45/><U24/><E24/><V43/><F58/><W12/><G12/><T67/><D27/><U126/><E126/><V113/><F123/><W76/><G90/><T8/><D8/><U109/><E109/><V79/><F115/><W132/><G132/><T16/><D67/><U20/><E20/><V75/><F113/><W111/><G111/><RYUUKYOKU ba="0,1" sc="198,-15,240,15,302,-15,250,15" hai1="17,21,25,40,47,51,57,61,66,81,82,85,88" hai3="55,59,63,73,74,76,77,86,87,89,91,93,95" /><INIT seed="1,1,1,0,1,111" ten="183,255,287,265" oya="1" hai0="52,23,105,24,2,21,112,101,61,84,42,43,83" hai1="109,104,124,103,32,89,91,76,69,79,31,85,121" hai2="8,63,97,131,13,14,127,15,6,67,22,34,35" hai3="93,75,53,49,26,50,19,1,114,51,118,0,58"/><U9/><E121/><V28/><F127/><W120/><G75/><T40/><D2/><U11/><E124/><V54/><F54/><W108/><G114/><T135/><D135/><U3/><E69/><V90/><F131/><W134/><G120/><T100/><D112/><U70/><E70/><V115/><F115/><W126/><G108/><T4/><D4/><U27/><E109/><V44/><F44/><W95/><G134/><T81/><D105/><U98/><E91/><V47/><F47/><W102/><G126/><T86/><D61/><U88/><E89/><V119/><F119/><W64/><G118/><T117/><D117/><U33/><E32/><V107/><F107/><W25/><G64/><T17/><D52/><U38/><E38/><V48/><F48/><N who="3" m="31015" /><G1/><T10/><D10/><U30/><E30/><V60/><F34/><W72/><G0/><T94/><D94/><N who="3" m="35849" /><G72/><T18/><REACH who="0" step="1"/><D42/><REACH who="0" ten="173,255,287,265" step="2"/><U66/><E66/><V7/><F7/><W41/><G41/><T133/><D133/><U37/><E9/><V46/><F8/><W5/><G5/><T59/><D59/><U36/><E11/><V132/><F6/><W92/><G92/><T71/><D71/><U99/><E3/><V125/><F132/><W39/><G102/><T123/><D123/><U65/><E65/><V113/><F67/><W29/><G29/><T122/><D122/><U56/><E56/><V55/><F28/><W16/><G39/><N who="1" m="14922" /><E99/><V80/><F125/><W62/><G62/><T116/><D116/><U87/><E103/><V68/><F68/><W78/><G49/><T73/><D73/><RYUUKYOKU ba="1,2" sc="173,30,255,-10,287,-10,265,-10" hai0="17,18,21,23,24,40,43,81,83,84,86,100,101" /><INIT seed="2,2,2,3,4,76" ten="203,245,277,255" oya="2" hai0="15,27,66,114,3,63,22,33,24,14,73,69,32" hai1="81,52,21,56,18,29,23,120,50,40,77,90,94" hai2="74,55,100,39,42,54,108,53,135,58,44,61,51" hai3="71,97,12,118,92,38,10,60,47,30,112,28,113"/><V80/><F100/><N who="3" m="60455" /><G118/><T41/><D3/><U26/><E120/><V16/><F135/><W130/><G130/><T43/><D114/><N who="3" m="44137" /><G38/><T35/><D73/><U87/><E40/><V123/><F123/><W122/><G122/><T72/><D72/><U78/><REACH who="1" step="1"/><E94/><REACH who="1" ten="203,235,277,255" step="2"/><V65/><F108/><W115/><G115/><T57/><D69/><U6/><E6/><V119/><F119/><W121/><G121/><T20/><D43/><U127/><E127/><V101/><F101/><W37/><G37/><T19/><REACH who="0" step="1"/><D41/><REACH who="0" ten="193,235,277,255" step="2"/><U48/><E48/><V132/><F39/><W2/><G71/><T98/><D98/><U110/><E110/><V46/><F42/><W103/><G60/><T117/><D117/><U31/><E31/><AGARI ba="2,4" hai="14,15,19,20,22,24,27,31,32,33,35,57,63,66" machi="31" ten="40,1300,0" yaku="1,1,53,0" doraHai="76" doraHaiUra="96" who="0" fromWho="1" sc="193,59,235,-19,277,0,255,0" /><INIT seed="3,0,0,1,3,2" ten="252,216,277,255" oya="3" hai0="121,11,113,63,38,66,97,14,10,89,106,44,27" hai1="59,45,24,100,21,103,29,0,71,35,57,15,82" hai2="19,41,61,42,118,67,98,85,126,22,105,20,78" hai3="62,43,1,46,51,74,96,102,69,65,123,23,125"/><W99/><G123/><T6/><D121/><U17/><E71/><V70/><F118/><W34/><G74/><T47/><D113/><U84/><E0/><V108/><F108/><W28/><G125/><T88/><D27/><U134/><E134/><V132/><F132/><W49/><G1/><T112/><D112/><U36/><E36/><V50/><F126/><W81/><G81/><T107/><D11/><U80/><E80/><V72/><F72/><W3/><G3/><T90/><D38/><U95/><E45/><V122/><F122/><W120/><G120/><T68/><REACH who="0" step="1"/><D97/><REACH who="0" ten="242,216,277,255" step="2"/><U16/><E17/><V93/><F98/><W109/><G99/><T101/><D101/><U115/><E115/><V76/><F19/><W130/><G96/><T33/><D33/><U4/><E103/><V131/><F20/><W40/><G102/><T58/><D58/><U56/><E100/><V111/><F22/><W116/><G34/><T53/><D53/><U30/><E95/><V25/><F93/><W60/><G69/><T64/><D64/><U13/><E35/><V5/><F67/><W94/><G65/><T91/><N who="0" m="23040" /><DORA hai="54" /><T114/><D114/><U39/><E39/><V26/><F70/><W119/><G119/><T75/><D75/><U48/><E24/><V133/><F26/><W124/><G94/><T83/><D83/><U127/><E127/><V117/><F25/><N who="3" m="16447" /><G124/><T110/><D110/><U104/><E21/><V79/><F111/><W92/><G116/><T8/><D8/><U73/><E73/><V7/><F117/><W86/><G109/><T135/><D135/><RYUUKYOKU ba="0,1" sc="242,30,216,-10,277,-10,255,-10" hai0="6,10,14,44,47,63,66,68,106,107" /><INIT seed="4,1,1,1,4,11" ten="272,206,267,245" oya="0" hai0="25,16,3,107,132,38,110,75,88,130,57,119,10" hai1="131,64,134,69,78,21,47,101,61,126,5,55,84" hai2="86,15,23,105,60,45,9,104,35,106,33,30,73" hai3="91,100,102,20,93,41,31,28,48,37,125,62,65"/><T90/><D119/><U124/><E101/><V109/><F73/><W19/><G37/><T24/><D75/><U94/><E134/><V51/><F109/><W80/><G125/><N who="1" m="48234" /><E131/><V111/><F111/><W82/><G41/><T14/><D38/><U97/><E5/><V103/><F103/><N who="3" m="39467" /><G48/><T121/><D121/><U133/><E133/><V76/><F60/><W123/><G123/><T122/><D122/><U49/><E97/><V40/><F23/><W27/><G62/><T96/><D132/><U36/><E36/><V71/><F71/><W32/><G65/><T58/><D110/><U99/><E99/><V108/><F108/><W89/><G32/><T52/><D107/><U115/><E21/><V13/><F30/><N who="3" m="11307" /><G91/><N who="0" m="34859" /><D3/><U129/><E129/><V56/><F33/><W79/><G79/><T87/><D130/><U74/><E74/><V117/><F35/><W66/><G66/><T46/><D96/><AGARI ba="1,1" hai="19,20,27,80,82,89,93,96" m="11307,39467" machi="96" ten="30,1000,0" yaku="8,1" doraHai="11" who="3" fromWho="0" sc="272,-13,206,0,267,0,245,23" /><INIT seed="5,0,0,4,3,64" ten="259,206,267,268" oya="1" hai0="50,71,41,105,39,76,1,37,99,128,4,40,51" hai1="63,100,30,77,23,70,84,98,104,43,13,33,55" hai2="26,53,38,36,119,27,124,68,48,49,109,5,74" hai3="0,131,115,92,121,125,31,78,72,101,25,135,42"/><U80/><E43/><N who="0" m="16457" /><D99/><U3/><E3/><V123/><F74/><W95/><G0/><T16/><D4/><U45/><E45/><V56/><F109/><W62/><G101/><T97/><D105/><U110/><E110/><V20/><F119/><W93/><G78/><T127/><D97/><U132/><E132/><V86/><F123/><W83/><G83/><T9/><D1/><U15/><E23/><V47/><F124/><W61/><G72/><T91/><D76/><U107/><E104/><V8/><F68/><W79/><G79/><T130/><D91/><U114/><E55/><V46/><F86/><W85/><G85/><T117/><D16/><U17/><E17/><V35/><F35/><W44/><G31/><T22/><D22/><U82/><E82/><V34/><F34/><W58/><G25/><T89/><D9/><U66/><E114/><V18/><F27/><AGARI ba="0,0" hai="13,15,27,30,33,63,66,70,77,80,84,98,100,107" machi="27" ten="40,7700,0" yaku="25,2,52,1" doraHai="64" who="1" fromWho="2" sc="259,0,206,77,267,-77,268,0" /><INIT seed="5,1,0,3,1,30" ten="259,283,190,268" oya="1" hai0="5,69,44,53,8,45,24,121,118,0,62,104,93" hai1="82,67,7,43,133,20,85,92,117,79,130,21,126" hai2="71,1,76,111,66,100,131,51,48,57,65,99,37" hai3="103,113,4,52,84,88,33,125,61,107,22,6,114"/><U42/><E117/><V122/><F37/><W78/><G78/><T115/><D118/><U36/><E36/><V3/><F111/><W34/><G125/><T10/><D104/><U50/><E126/><V46/><F122/><W128/><G22/><N who="1" m="8810" /><E130/><V18/><F131/><W129/><G129/><T14/><D115/><N who="3" m="44041" /><G128/><T127/><D121/><U135/><E7/><N who="3" m="2602" /><G103/><T49/><D5/><U59/><E92/><V11/><F76/><W26/><G26/><T119/><D24/><U132/><E50/><V47/><F71/><W23/><G23/><T35/><D49/><U116/><E116/><V108/><F108/><W112/><G107/><T19/><D93/><U16/><E16/><V74/><F74/><W123/><G123/><T25/><D19/><U83/><E82/><V2/><F18/><W73/><G73/><T124/><D25/><U89/><E79/><V134/><F11/><W40/><G40/><T38/><D10/><U9/><E9/><V41/><F57/><N who="3" m="34983" /><G112/><T68/><D8/><U55/><E55/><V15/><F100/><W102/><G102/><T98/><D119/><U31/><E31/><V13/><F41/><W60/><G60/><AGARI ba="1,0" hai="42,43,59,60,67,83,85,89,132,133,135" m="8810" machi="60" ten="40,2000,0" yaku="20,1" doraHai="30" who="1" fromWho="3" sc="259,0,283,23,190,0,268,-23" /><INIT seed="5,2,0,1,1,11" ten="259,306,190,245" oya="1" hai0="102,32,49,59,27,130,72,112,41,133,22,105,62" hai1="2,109,80,15,38,123,31,115,107,52,86,71,28" hai2="101,19,37,66,54,53,74,84,10,78,135,69,23" hai3="95,46,1,65,16,76,21,129,93,79,6,64,33"/><U20/><E2/><V40/><F74/><W57/><G33/><T18/><D72/><U128/><E123/><V56/><F69/><W114/><G114/><T87/><D133/><U118/><E118/><V103/><F135/><W68/><G68/><T58/><D130/><U81/><E71/><V48/><F66/><N who="3" m="25707" /><G1/><T17/><D62/><U119/><E119/><V50/><F10/><W0/><G0/><T94/><D32/><U42/><E107/><V99/><F37/><W92/><G6/><T88/><D112/><U70/><E70/><V96/><F40/><W14/><G129/><T97/><REACH who="0" step="1"/><D17/><REACH who="0" ten="249,306,190,245" step="2"/><U120/><E128/><V113/><F113/><W73/><G73/><T127/><D127/><U55/><E115/><V51/><F19/><W85/><G46/><AGARI ba="2,1" hai="18,22,27,41,46,49,58,59,87,88,94,97,102,105" machi="46" ten="40,5200,0" yaku="1,1,54,1,53,1" doraHai="11" doraHaiUra="39" who="0" fromWho="3" sc="249,68,306,0,190,0,245,-58" /><INIT seed="6,0,0,3,2,21" ten="317,306,190,187" oya="2" hai0="91,30,33,52,44,110,85,8,9,100,5,36,13" hai1="14,58,95,88,72,34,109,81,59,2,128,6,125" hai2="123,60,27,104,89,78,135,80,119,37,18,43,121" hai3="134,48,87,64,127,32,113,107,23,129,68,98,106"/><V51/><F37/><W62/><G127/><T55/><D110/><U73/><E109/><V120/><F119/><W86/><G134/><T130/><D130/><U122/><E2/><V76/><F135/><W111/><G111/><T112/><D112/><U131/><E125/><V15/><F104/><W40/><G32/><T25/><D100/><U67/><E34/><V103/><F103/><W66/><G66/><T38/><D9/><N who="1" m="4407" /><E122/><V22/><F60/><W29/><G113/><T118/><D118/><U20/><E20/><V105/><F105/><W28/><G129/><N who="1" m="49738" /><E81/><V3/><F3/><W79/><G107/><T54/><REACH who="0" step="1"/><D44/><REACH who="0" ten="307,306,190,187" step="2"/><U82/><E82/><AGARI ba="0,1" hai="5,8,13,25,30,33,36,38,52,54,55,82,85,91" machi="82" ten="40,8000,1" yaku="1,1,2,1,52,1,54,1,53,0" doraHai="21" doraHaiUra="94" who="0" fromWho="1" sc="307,90,306,-80,190,0,187,0" /><INIT seed="7,0,0,1,2,117" ten="397,226,190,187" oya="3" hai0="102,44,132,66,85,28,22,47,92,99,82,91,9" hai1="49,63,46,13,53,128,57,131,81,90,56,1,107" hai2="35,87,21,130,31,0,19,61,14,27,95,86,29" hai3="45,125,88,121,84,124,38,42,26,103,126,59,134"/><W6/><G134/><T68/><D132/><U24/><E1/><V60/><F0/><W127/><N who="3" m="31744" /><DORA hai="32" /><W58/><G103/><T111/><D111/><U110/><E110/><V4/><F4/><W77/><G121/><T62/><D9/><U80/><E107/><V133/><F133/><W50/><G77/><T48/><D48/><U119/><E119/><V55/><F130/><N who="1" m="49705" /><E13/><V18/><F31/><W78/><G78/><T74/><D74/><U116/><E116/><V36/><F36/><W41/><G6/><T3/><D3/><U122/><E122/><V93/><F19/><W135/><G135/><T100/><REACH who="0" step="1"/><D102/><REACH who="0" ten="387,226,190,187" step="2"/><U115/><E49/><V94/><F61/><W120/><G120/><T2/><D2/><U5/><E63/><V129/><F129/><W23/><G38/><T67/><D67/><U72/><E72/><V54/><F60/><W96/><G41/><T51/><D51/><U123/><E123/><V112/><F112/><W83/><REACH who="3" step="1"/><G96/><REACH who="3" ten="387,226,190,177" step="2"/><T70/><D70/><U43/><E43/><V101/><F101/><W52/><G52/><T8/><D8/><U30/><E53/><V97/><F97/><W106/><G106/><T105/><D105/><U20/><E115/><V114/><F114/><W16/><AGARI ba="0,2" hai="16,23,26,42,45,50,58,59,83,84,88" m="31744" machi="16" ten="60,18000,2" yaku="1,1,0,1,18,1,54,2,53,2" doraHai="117,32" doraHaiUra="76,17" who="3" fromWho="3" sc="387,-60,226,-60,190,-60,177,200" owari="327,13.0,166,-23.0,130,-37.0,377,47.0" /></mjloggm>