<mjloggm ver="2.3"><GO type="41"/><UN n0="%4D%72%2E%49%63%65" n1="%EF%BC%88%E2%89%A7%E2%96%BD%E2%89%A6%EF%BC%89" n2="%E3%81%8B%E3%81%9A%E3%81%95%EF%BD%8E" n3="%7A%69%69%6E%6B" dan="14,13,13,13" rate="2042,1915,1893,1849" sx="M,M,M,M"/><TAIKYOKU oya="0"/><INIT seed="0,0,0,1,3,98" ten="250,250,250,250" oya="0" hai0="78,85,29,8,90,6,35,95,34,16,111,119,129" hai1="9,132,125,86,49,23,15,97,38,62,116,76,42" hai2="93,121,126,11,33,19,31,50,104,79,87,82,56" hai3="88,12,123,122,103,2,73,69,0,37,89,25,55"/><T67/><D119/><U92/><E116/><V84/><F121/><W52/><G12/><T124/><D124/><U106/><E132/><V46/><F104/><W71/><G73/><T68/><D129/><U114/><E125/><V112/><F112/><W5/><G5/><T61/><D111/><U131/><E114/><V18/><F126/><W1/><G25/><T26/><D35/><U91/><E131/><V70/><F70/><N who="3" m="26635" /><G103/><T24/><D78/><U20/><E38/><V59/><F31/><W48/><G48/><T47/><D24/><U80/><E62/><V28/><F28/><W27/><G27/><T60/><D60/><U66/><E66/><V99/><F33/><W64/><G64/><T36/><D36/><U43/><E106/><V133/><F133/><W22/><G22/><T65/><D65/><U105/><E105/><V134/><F87/><W7/><G7/><T72/><D72/><U14/><E14/><N who="2" m="7519" /><F19/><W57/><G57/><T45/><D16/><N who="1" m="8303" /><E42/><N who="2" m="24919" /><F134/><W21/><G21/><T109/><D109/><U58/><E43/><V10/><F10/><W74/><G74/><T113/><D113/><U102/><E76/><V17/><F17/><W115/><G115/><T53/><D53/><AGARI ba="0,0" hai="20,23,49,53,58,80,86,91,92,97,102" m="8303" machi="53" ten="30,3900,0" yaku="8,1,52,1,54,1" doraHai="98" who="1" fromWho="0" sc="250,-39,250,39,250,0,250,0" /><INIT seed="1,0,0,5,5,87" ten="211,289,250,250" oya="1" hai0="133,76,47,26,62,116,108,7,71,95,6,36,131" hai1="28,72,96,34,93,25,74,115,37,15,79,68,57" hai2="107,82,43,4,103,31,52,46,23,135,40,2,75" hai3="53,80,112,19,78,106,9,86,119,125,58,65,83"/><U32/><E115/><V50/><F135/><W66/><G112/><T121/><D116/><U89/><E68/><V12/><F2/><W56/><G106/><T20/><D133/><U81/><E37/><V51/><F103/><W128/><G119/><T123/><D108/><U42/><E42/><V41/><F107/><W77/><G125/><T113/><D113/><U117/><E117/><V60/><F75/><W70/><G70/><T17/><D131/><U14/><E72/><V67/><F31/><W69/><G69/><T118/><D118/><U5/><E34/><V3/><F3/><W120/><G120/><T30/><D76/><U61/><REACH who="1" step="1"/><E5/><REACH who="1" step="2"/><V127/><F127/><W92/><G128/><T130/><D130/><U59/><E59/><N who="2" m="37279" /><F4/><W129/><G129/><T44/><D36/><U10/><E10/><V64/><F64/><AGARI ba="0,1" hai="14,15,25,28,32,57,61,64,74,79,81,89,93,96" machi="64" ten="30,5800,0" yaku="1,1,7,1,52,1,53,0" doraHai="87" doraHaiUra="111" who="1" fromWho="2" sc="211,0,279,68,250,-58,250,0" /><INIT seed="1,1,0,5,4,129" ten="211,347,192,250" oya="1" hai0="35,5,52,27,91,48,9,17,118,86,94,57,124" hai1="109,60,88,82,114,72,18,97,6,28,115,10,43" hai2="51,40,84,135,92,74,1,30,116,58,98,11,44" hai3="123,107,103,62,55,12,112,66,22,93,108,21,102"/><U78/><E109/><V19/><F116/><W101/><G108/><T126/><D118/><U23/><E28/><V13/><F74/><W41/><G112/><T4/><D4/><U64/><E43/><V45/><F30/><W105/><G123/><T79/><D79/><U122/><E122/><V69/><F69/><W75/><G41/><T39/><D39/><U50/><E50/><V119/><F119/><W31/><G75/><T87/><D87/><U29/><E29/><V26/><F84/><W2/><G2/><T89/><D89/><U24/><E97/><V132/><F26/><W125/><G125/><T32/><D126/><U130/><E130/><V90/><F1/><W83/><G83/><T76/><D124/><U70/><REACH who="1" step="1"/><E88/><REACH who="1" step="2"/><V77/><F77/><W54/><G31/><T37/><D76/><U15/><AGARI ba="1,1" hai="6,10,15,18,23,24,60,64,70,72,78,82,114,115" machi="15" ten="20,7800,0" yaku="1,1,2,1,0,1,7,1,53,0" doraHai="129" doraHaiUra="81" who="1" fromWho="1" sc="211,-27,337,91,192,-27,250,-27" /><INIT seed="1,2,0,2,5,108" ten="184,428,165,223" oya="1" hai0="24,42,6,113,41,127,107,38,79,117,66,45,130" hai1="63,11,85,129,64,59,110,120,100,73,95,32,87" hai2="44,109,54,133,29,28,16,48,84,125,9,119,68" hai3="105,112,118,51,77,49,69,20,123,36,76,34,12"/><U128/><E32/><V86/><F109/><W30/><G123/><T78/><D117/><U132/><E110/><V111/><F111/><W43/><G105/><T7/><D107/><U104/><E120/><V15/><F68/><W101/><G101/><T83/><D66/><U114/><E132/><V23/><F119/><W96/><G96/><T99/><D99/><N who="1" m="61471" /><E73/><V103/><F133/><W55/><G118/><T74/><D24/><U81/><E81/><V61/><F125/><W31/><G69/><T8/><D127/><U116/><E116/><V5/><F103/><W57/><G34/><T75/><D130/><N who="1" m="50283" /><E11/><V26/><F61/><W126/><G126/><T90/><D90/><N who="1" m="53711" /><E87/><AGARI ba="2,0" hai="5,9,15,16,23,26,28,29,44,48,54,84,86,87" machi="87" ten="40,2600,0" yaku="8,1,54,1" doraHai="108" who="2" fromWho="1" sc="184,0,428,-32,165,32,223,0" /><INIT seed="2,0,0,1,3,55" ten="184,396,197,223" oya="2" hai0="110,23,4,82,121,126,74,101,129,14,58,115,119" hai1="38,45,16,102,51,32,69,88,96,57,133,71,97" hai2="84,86,125,48,134,127,60,105,18,135,107,22,15" hai3="30,8,29,42,17,24,77,0,25,90,11,91,39"/><V62/><F48/><W95/><G42/><T94/><D121/><U75/><E32/><V27/><F15/><W6/><G39/><T116/><D115/><U54/><E75/><V93/><F93/><W131/><G131/><T44/><D110/><U70/><E133/><N who="2" m="50699" /><F84/><W20/><G77/><T85/><D129/><U53/><E38/><V65/><F86/><W123/><G95/><T13/><D126/><N who="2" m="48138" /><F62/><W113/><G113/><T9/><D74/><U36/><E36/><V114/><F114/><W5/><G123/><T46/><D101/><U63/><E102/><V68/><AGARI ba="0,0" hai="18,22,27,60,65,68,105,107" m="48138,50699" machi="68" ten="30,3000,0" yaku="20,1,18,1" doraHai="55" who="2" fromWho="2" sc="184,-10,396,-10,197,30,223,-10" /><INIT seed="2,1,0,2,4,11" ten="174,386,227,213" oya="2" hai0="68,125,99,111,52,104,79,119,70,128,53,82,93" hai1="56,69,105,16,36,121,15,12,8,122,9,50,46" hai2="87,31,18,89,88,35,118,78,91,63,41,101,130" hai3="34,116,60,17,58,124,133,22,135,66,59,47,62"/><V49/><F118/><W42/><G34/><T100/><D119/><U103/><E69/><V54/><F130/><W29/><G116/><T102/><D111/><U85/><E36/><V129/><F129/><W123/><G29/><T94/><D128/><U26/><E26/><V30/><F35/><W61/><G123/><N who="1" m="47114" /><E85/><V25/><F101/><W3/><G3/><T127/><D104/><U115/><E115/><V19/><F63/><N who="3" m="24139" /><G17/><N who="2" m="6153" /><F41/><W4/><G22/><T120/><D120/><U7/><E56/><N who="2" m="32847" /><F25/><W44/><G4/><T64/><D99/><N who="1" m="61695" /><E50/><V84/><F78/><W43/><G124/><T55/><D55/><U134/><E134/><N who="3" m="51210" /><G66/><T77/><D82/><U6/><E6/><V114/><F114/><W113/><G113/><T2/><D2/><U1/><E46/><V40/><F40/><W92/><N who="3" m="24147" /><W108/><DORA hai="80" /><G108/><T33/><REACH who="0" step="1"/><D33/><REACH who="0" step="2"/><U51/><E51/><V23/><F23/><W20/><G20/><T13/><D13/><AGARI ba="1,1" hai="1,7,8,9,12,13,15,16" m="61695,47114" machi="13" ten="30,8000,1" yaku="13,1,52,3,54,1" doraHai="11,80" who="1" fromWho="0" sc="164,-83,386,93,227,0,213,0" /><INIT seed="3,0,0,3,5,25" ten="81,479,227,213" oya="3" hai0="40,50,112,17,124,13,121,86,72,103,60,122,131" hai1="123,26,119,105,133,71,134,5,135,84,68,130,99" hai2="132,89,62,41,101,33,1,93,0,94,111,77,108" hai3="63,114,129,69,57,58,49,7,116,45,64,51,109"/><W28/><G7/><T61/><D72/><U75/><E123/><V100/><F77/><W67/><G116/><T118/><D118/><U14/><E119/><V81/><F41/><W8/><G8/><T22/><D112/><U20/><E75/><V44/><F44/><W42/><G114/><T79/><D124/><U55/><E130/><V11/><F62/><N who="3" m="40087" /><G129/><T24/><D131/><U12/><E5/><V10/><F33/><W6/><G6/><T37/><D37/><U104/><E84/><V31/><F81/><W29/><G109/><T92/><D121/><U18/><E55/><V34/><F34/><W36/><G58/><T38/><D38/><U56/><E56/><V65/><F65/><W32/><G32/><T127/><D127/><U95/><E71/><V113/><F113/><W4/><G4/><T125/><D125/><U27/><E68/><V87/><F87/><W74/><G74/><T16/><D122/><U82/><E82/><V96/><F96/><W126/><G126/><T106/><D106/><N who="1" m="41067" /><E26/><V3/><F3/><W115/><G115/><T73/><D73/><U97/><E97/><V91/><F132/><W52/><G49/><T46/><D79/><U39/><E39/><V83/><REACH who="2" step="1"/><F83/><REACH who="2" step="2"/><W90/><G90/><AGARI ba="0,1" hai="12,14,18,20,27,90,95,99,133,134,135" m="41067" machi="90" ten="40,1300,0" yaku="20,1" doraHai="25" who="1" fromWho="3" sc="81,0,479,23,217,0,213,-13" /><INIT seed="4,0,0,1,0,89" ten="81,502,217,200" oya="0" hai0="26,92,78,115,79,72,68,129,132,94,110,43,45" hai1="17,66,36,97,51,81,40,12,128,63,121,57,24" hai2="29,46,7,118,27,69,52,71,101,35,122,38,130" hai3="100,49,50,107,23,16,44,99,4,85,13,126,33"/><T14/><D68/><U65/><E121/><V3/><F122/><W103/><G33/><T93/><D72/><U111/><E111/><V1/><F130/><W96/><G126/><T30/><D110/><U106/><E128/><V131/><F131/><W87/><G49/><T42/><D129/><U82/><E36/><V56/><F101/><W25/><G4/><T113/><D132/><U64/><E24/><V116/><F46/><W0/><G25/><T125/><D125/><U104/><E106/><V109/><F38/><W2/><G2/><T90/><D14/><U127/><E127/><V74/><F74/><W102/><G0/><N who="2" m="73" /><F7/><W75/><G75/><T22/><D90/><U28/><E28/><V21/><F109/><W112/><G112/><N who="0" m="43083" /><D45/><N who="1" m="26023" /><E104/><V11/><F11/><W124/><G124/><T62/><D62/><U134/><E134/><V114/><F35/><W47/><G47/><T84/><D84/><N who="3" m="32329" /><G107/><T34/><D34/><U83/><E97/><V61/><F114/><W37/><G37/><T70/><D70/><U8/><AGARI ba="0,0" hai="8,12,17,57,63,64,65,66,81,82,83" m="26023" machi="8" ten="30,1100,0" yaku="8,1" doraHai="89" who="1" fromWho="1" sc="81,-5,502,11,217,-3,200,-3" /><INIT seed="5,0,0,4,4,86" ten="76,513,214,197" oya="1" hai0="111,112,8,67,34,3,74,75,35,20,66,128,47" hai1="46,53,84,14,108,7,9,29,42,77,59,5,91" hai2="24,109,132,103,25,78,37,41,56,26,61,60,68" hai3="104,110,76,131,33,124,93,10,23,63,101,0,16"/><U82/><E108/><V102/><F109/><W123/><G110/><T89/><D111/><RYUUKYOKU type="kaze4" ba="0,0" sc="76,0,513,0,214,0,197,0" /><INIT seed="5,1,0,3,2,49" ten="76,513,214,197" oya="1" hai0="34,19,31,91,78,123,124,21,121,30,51,57,53" hai1="7,118,4,9,135,65,33,46,28,73,103,80,18" hai2="108,104,61,43,11,89,20,27,45,39,66,37,117" hai3="130,76,60,22,74,0,41,36,122,16,101,38,134"/><U2/><E118/><V77/><F108/><W62/><G122/><T13/><D124/><U56/><E135/><V112/><F117/><W109/><G134/><T119/><D119/><U93/><E33/><V75/><F11/><W55/><G109/><T129/><D129/><U42/><E28/><V14/><F14/><W99/><G130/><T52/><D78/><U59/><E4/><V94/><F104/><W90/><G0/><T131/><D131/><U70/><E70/><V69/><F77/><W96/><G41/><T24/><D31/><U98/><E65/><V115/><F75/><W35/><G35/><T64/><D64/><U106/><E106/><V83/><F83/><W44/><G76/><T15/><D15/><U114/><E114/><N who="2" m="43563" /><F45/><W50/><G74/><T116/><D116/><U63/><E80/><V26/><F43/><W54/><G90/><T100/><D100/><U113/><E73/><V133/><F133/><W107/><G99/><T85/><REACH who="0" step="1"/><D53/><REACH who="0" step="2"/><N who="1" m="34191" /><E103/><V5/><F5/><W92/><G107/><T82/><AGARI ba="1,1" hai="13,19,21,24,30,34,51,52,57,82,85,91,121,123" machi="82" ten="30,8000,1" yaku="1,1,0,1,52,1,54,1,53,1" doraHai="49" doraHaiUra="81" who="0" fromWho="0" sc="66,93,513,-41,214,-21,197,-21" /><INIT seed="6,0,0,1,1,132" ten="159,472,193,176" oya="2" hai0="70,108,36,38,67,72,103,95,53,12,115,126,46" hai1="0,77,22,98,20,73,32,92,21,119,40,121,135" hai2="104,109,65,44,122,113,31,19,94,26,1,66,35" hai3="4,76,8,86,51,110,61,83,58,69,3,42,116"/><V57/><F113/><W134/><G116/><T125/><D115/><U7/><E119/><V13/><F122/><W28/><G134/><T50/><D72/><U18/><E135/><V41/><F104/><W71/><G110/><T24/><D108/><U75/><E121/><V129/><F109/><W85/><G28/><T106/><D106/><U114/><E114/><V62/><F1/><W128/><G128/><T30/><D12/><U68/><E32/><V52/><F94/><W64/><G85/><T54/><D103/><U27/><E68/><V17/><F129/><W16/><G16/><T100/><D100/><U82/><E73/><V90/><F90/><W59/><G71/><T131/><D95/><U25/><E40/><V123/><F123/><W29/><G29/><T56/><D131/><U93/><E27/><V120/><F120/><W102/><G102/><T63/><D30/><U43/><E43/><V91/><F91/><W88/><G76/><T87/><D87/><U45/><E45/><V127/><F127/><N who="0" m="48650" /><D24/><U14/><E0/><V34/><F34/><W23/><G23/><T10/><D10/><U37/><E7/><V89/><F89/><W49/><G42/><T105/><D105/><U111/><E111/><V124/><F124/><W117/><G117/><T80/><D80/><U5/><E5/><V81/><F81/><W47/><G47/><T9/><D9/><U97/><E82/><V84/><F84/><W33/><G33/><T133/><D133/><U130/><E130/><V6/><F6/><W96/><G96/><T78/><D78/><U48/><E77/><RYUUKYOKU ba="0,0" sc="159,15,472,-15,193,-15,176,15" hai0="36,38,46,50,53,54,56,63,67,70" hai3="3,4,8,49,51,58,59,61,64,69,83,86,88" /><INIT seed="7,1,0,0,5,80" ten="174,457,178,191" oya="3" hai0="108,112,125,126,61,5,76,68,105,86,120,52,6" hai1="37,4,127,41,98,29,74,71,84,128,18,99,131" hai2="110,64,23,81,78,57,7,101,90,132,36,19,102" hai3="24,51,72,15,47,21,82,119,134,10,96,45,91"/><W122/><G122/><T95/><D120/><U79/><E74/><V38/><F110/><W42/><G119/><T58/><D108/><U123/><E123/><V53/><F7/><W73/><G134/><T43/><D105/><U50/><E71/><V113/><F113/><W13/><G13/><T107/><D107/><U116/><E116/><V2/><F2/><W121/><G121/><T87/><D43/><U55/><E29/><V133/><F64/><W65/><G65/><T109/><D109/><U27/><E4/><V26/><F90/><W92/><G82/><N who="0" m="47431" /><D112/><U31/><E127/><N who="0" m="48649" /><D68/><U48/><E55/><V40/><F40/><W63/><G63/><T59/><D59/><U94/><E27/><V17/><F17/><W106/><G106/><T135/><D135/><N who="2" m="51786" /><F38/><W39/><G39/><T0/><D0/><U25/><E98/><V35/><F35/><W32/><G32/><T75/><D75/><U89/><E94/><V97/><F97/><W12/><G12/><T115/><D115/><U49/><E84/><N who="2" m="48183" /><F36/><W11/><G11/><T16/><D16/><U3/><E48/><AGARI ba="1,0" hai="19,23,26,48,53,57,101,102" m="48183,51786" machi="48" ten="30,2000,0" yaku="20,1,52,1" doraHai="80" who="2" fromWho="1" sc="174,0,457,-23,178,23,191,0" owari="174,-33,434,54,201,0,191,-21" /></mjloggm>