<mjloggm ver="2.3"><GO type="41"/><UN n0="%E3%83%81%E3%83%A3%E3%82%A4%E3%82%B8" n1="%6E%6D%69%6E%65" n2="%74%6F%72%69%30%36%31%32" n3="%E3%82%A6%E3%83%AB%E3%83%88%E3%83%A9%E7%AB%8B%E7%9B%B4" dan="13,13,16,15" rate="1871,1822,2084,2022" sx="M,M,M,M"/><TAIKYOKU oya="0"/><INIT seed="0,0,0,0,1,93" ten="250,250,250,250" oya="0" hai0="17,71,118,124,64,26,10,48,107,7,43,60,56" hai1="130,74,85,110,90,3,24,20,117,11,5,123,121" hai2="33,1,103,52,111,115,15,126,112,132,96,95,75" hai3="53,127,8,23,41,105,69,80,83,40,4,84,35"/><T81/><D118/><U28/><E74/><V59/><F1/><W109/><G35/><T73/><D107/><U99/><E117/><V120/><F120/><W108/><G69/><T19/><D124/><U102/><E130/><V38/><F38/><W94/><G105/><T104/><D104/><U116/><E116/><V34/><F126/><W0/><G127/><T21/><D73/><U61/><E110/><N who="3" m="42602" /><G23/><T12/><D81/><U65/><E85/><V131/><F131/><W25/><G25/><T31/><D71/><U70/><E90/><V29/><F132/><W97/><G53/><T82/><D82/><N who="3" m="31273" /><G84/><T101/><D101/><AGARI ba="0,0" hai="0,4,8,40,41,94,97,101" m="31273,42602" machi="101" ten="30,2000,0" yaku="14,1,52,1" doraHai="93" who="3" fromWho="0" sc="250,-20,250,0,250,0,250,20" /><INIT seed="1,0,0,4,3,40" ten="230,250,250,270" oya="1" hai0="45,108,58,66,53,90,35,39,92,109,50,86,2" hai1="127,56,126,18,57,25,67,49,112,29,76,123,46" hai2="4,71,26,16,13,54,98,42,107,24,48,118,62" hai3="77,41,44,91,102,5,43,133,110,73,15,80,37"/><U134/><E76/><V63/><F118/><W33/><G33/><T34/><D2/><U12/><E123/><V3/><F3/><W117/><G117/><T75/><D75/><U95/><E112/><V38/><F4/><W61/><G102/><T79/><D79/><U83/><E83/><V55/><F107/><W97/><G133/><T89/><D89/><U111/><E67/><V121/><F98/><W101/><G91/><T30/><D30/><U128/><E134/><V7/><F7/><W114/><G114/><T23/><D23/><U106/><E106/><V1/><F1/><W10/><G110/><N who="0" m="42603" /><D39/><U100/><E111/><V131/><F38/><W8/><G8/><T113/><D113/><U64/><E64/><V105/><F105/><W9/><G9/><T124/><D124/><N who="1" m="47659" /><E128/><V78/><F131/><W28/><G28/><T88/><D90/><U99/><E18/><V22/><F78/><W0/><G61/><AGARI ba="0,0" hai="34,35,45,50,53,58,61,66,86,88,92" m="42603" machi="61" ten="30,3900,0" yaku="14,1,52,1,54,1" doraHai="40" who="0" fromWho="3" sc="230,39,250,0,250,0,270,-39" /><INIT seed="2,0,0,4,3,42" ten="269,250,250,231" oya="2" hai0="133,132,68,113,60,16,41,4,114,66,123,116,103" hai1="54,81,31,15,35,130,75,64,7,101,9,87,95" hai2="124,110,57,5,51,48,85,78,98,105,61,28,96" hai3="26,53,3,77,46,27,6,97,125,127,108,17,62"/><V63/><F124/><W107/><G77/><T32/><D103/><U131/><E75/><V69/><F69/><W55/><G6/><T134/><D32/><U80/><E64/><V99/><F105/><W59/><G3/><T89/><D4/><U111/><E111/><V1/><F110/><W126/><G108/><T24/><D89/><U20/><E35/><V37/><F37/><W18/><G97/><T118/><D123/><U56/><E31/><V71/><F28/><W91/><G91/><T40/><D24/><N who="3" m="9257" /><G107/><T52/><D16/><N who="3" m="6249" /><G46/><T109/><D52/><AGARI ba="0,0" hai="52,53,55,59,62,125,126,127" m="6249,9257" machi="52" ten="40,5200,0" yaku="18,1,54,2" doraHai="42" who="3" fromWho="0" sc="269,-52,250,0,250,0,231,52" /><INIT seed="3,0,0,5,5,118" ten="217,250,250,283" oya="3" hai0="107,79,105,103,74,96,42,123,100,9,69,117,76" hai1="64,97,115,131,113,5,110,122,52,30,65,132,41" hai2="135,23,66,22,25,106,14,133,43,40,91,7,63" hai3="2,134,126,27,93,92,21,1,58,57,36,32,6"/><W101/><G36/><T62/><D42/><U24/><E5/><V44/><F106/><W67/><G32/><T108/><D117/><U78/><E78/><V39/><F43/><W116/><G116/><T72/><D9/><U94/><E94/><V38/><F38/><W73/><G73/><T128/><D69/><U70/><E97/><V34/><F34/><W127/><G134/><T47/><D62/><U13/><E13/><V86/><F14/><W85/><G85/><T33/><D47/><U119/><E119/><V54/><F54/><W11/><G2/><T12/><D12/><U19/><E24/><V10/><F10/><W17/><G93/><T71/><D71/><U0/><E19/><V81/><F7/><W80/><G80/><T84/><D33/><U55/><E30/><V15/><F15/><W28/><G17/><T99/><D84/><U102/><E102/><V49/><F39/><W31/><G31/><T50/><D50/><U120/><E0/><V121/><F121/><N who="1" m="46697" /><E132/><N who="2" m="50763" /><F25/><W89/><G89/><T111/><D123/><U114/><E131/><AGARI ba="0,0" hai="72,74,76,79,96,99,100,103,105,107,108,111,128,131" machi="131" ten="25,8000,1" yaku="22,2,34,3" doraHai="118" who="0" fromWho="1" sc="217,80,250,-80,250,0,283,0" /><INIT seed="4,0,0,0,1,37" ten="297,170,250,283" oya="0" hai0="60,133,128,11,91,112,44,126,59,57,6,45,120" hai1="94,32,49,132,125,99,2,111,10,103,28,76,67" hai2="89,43,95,86,8,3,114,105,75,87,25,83,27" hai3="22,135,127,65,31,124,41,0,131,82,101,56,24"/><T104/><D112/><U84/><E125/><N who="3" m="48202" /><G0/><T35/><D126/><U73/><E132/><V68/><F105/><W80/><G101/><T100/><D133/><U64/><E111/><V113/><F75/><W71/><G71/><T109/><D35/><U69/><E73/><V26/><F68/><W122/><G122/><T123/><D109/><U29/><E69/><V97/><F87/><W38/><G131/><T23/><D128/><U61/><E32/><V7/><REACH who="2" step="1"/><F43/><REACH who="2" ten="297,170,240,283" step="2"/><W40/><G135/><T52/><D104/><U85/><E85/><V107/><F107/><W20/><G80/><T21/><D123/><U130/><E130/><V47/><F47/><W118/><G82/><T63/><D120/><U62/><E84/><V66/><F66/><W134/><G134/><T34/><D45/><U39/><E67/><V54/><F54/><W78/><G118/><T74/><D44/><U90/><E64/><V106/><F106/><W4/><G65/><T129/><D52/><U108/><E108/><V70/><F70/><W48/><G56/><T50/><D74/><U42/><E42/><N who="3" m="16490" /><G38/><T119/><D59/><U55/><E39/><V17/><F17/><W72/><G4/><T96/><D57/><U5/><E55/><V58/><F58/><W33/><G48/><T53/><D6/><U102/><E49/><V36/><F36/><W93/><G93/><T19/><D50/><U46/><E94/><V92/><F92/><W12/><G72/><T15/><D129/><U30/><E5/><V79/><AGARI ba="0,1" hai="3,7,8,25,26,27,79,83,86,89,95,97,113,114" machi="79" ten="30,2000,0" yaku="1,1,0,1,53,0" doraHai="37" doraHaiUra="116" who="2" fromWho="2" sc="297,-10,170,-5,240,30,283,-5" /><INIT seed="5,0,0,4,0,98" ten="287,165,270,278" oya="1" hai0="4,3,2,86,25,124,69,100,133,29,28,93,6" hai1="134,117,90,39,72,40,114,61,22,1,78,18,17" hai2="37,126,44,120,77,45,130,26,83,106,67,125,14" hai3="46,55,115,59,5,35,128,48,66,127,8,13,51"/><U76/><E117/><V112/><F120/><W80/><G35/><T99/><D69/><U79/><E134/><V30/><F130/><W38/><G128/><T88/><D133/><U116/><E116/><V135/><F135/><W7/><G127/><T58/><D124/><N who="2" m="47722" /><F37/><W82/><G115/><T121/><D121/><U105/><E114/><V53/><F106/><W131/><G131/><T101/><D3/><U71/><E1/><V50/><F67/><W41/><G7/><N who="0" m="2603" /><D2/><U103/><E39/><V52/><F14/><W118/><G118/><T54/><D99/><U119/><E119/><V36/><F36/><W15/><G15/><T20/><D29/><U27/><E40/><N who="2" m="24839" /><F45/><W73/><G73/><T0/><D0/><U9/><E72/><N who="2" m="43431" /><F112/><W91/><G66/><T34/><D34/><AGARI ba="0,0" hai="26,30,34,52,53" m="43431,24839,47722" machi="34" ten="30,2000,0" yaku="18,1,54,1" doraHai="98" who="2" fromWho="0" sc="287,-20,165,0,270,20,278,0" /><INIT seed="6,0,0,0,5,65" ten="267,165,290,278" oya="2" hai0="134,107,23,6,54,130,78,81,129,103,133,85,89" hai1="24,92,108,40,121,11,119,49,87,3,0,117,56" hai2="41,110,122,4,32,9,2,48,72,127,51,102,59" hai3="83,105,33,125,1,28,26,15,123,55,43,66,132"/><V80/><F122/><W97/><G123/><T10/><D23/><U38/><E121/><V82/><F32/><W104/><G125/><T45/><D54/><U57/><E38/><V69/><F127/><W68/><G132/><N who="0" m="50795" /><D45/><U52/><E108/><V21/><F69/><W36/><G15/><T111/><D111/><U113/><E113/><V88/><F102/><N who="3" m="62543" /><G55/><T131/><D10/><U62/><E40/><V112/><F110/><W124/><G83/><T58/><D58/><U13/><E119/><V42/><F112/><W95/><G95/><T61/><D61/><U44/><E117/><V30/><F59/><W29/><G29/><T46/><D6/><U5/><E24/><V115/><F115/><W64/><G64/><T27/><D27/><U96/><E87/><V135/><F135/><W90/><G124/><T20/><D20/><U47/><E0/><V67/><F67/><W25/><G25/><T31/><D46/><U106/><E106/><V39/><F21/><W118/><G105/><T79/><D31/><U128/><E128/><N who="0" m="32769" /><T93/><DORA hai="37" /><D107/><U63/><E3/><V12/><F2/><W70/><G118/><T114/><D114/><U18/><E49/><N who="2" m="19019" /><F30/><W99/><G1/><T120/><D120/><U75/><E5/><V35/><F35/><W109/><G109/><T73/><D73/><U98/><E75/><V8/><F39/><W14/><G66/><T53/><D53/><U71/><E71/><N who="3" m="27178" /><G14/><T50/><D50/><U22/><E11/><V19/><F9/><W17/><G36/><T101/><D101/><N who="1" m="60551" /><E98/><AGARI ba="0,0" hai="78,79,81,85,89,93,98,103" m="32769,50795" machi="98" ten="50,8000,1" yaku="20,1,19,1,34,2" doraHai="65,37" who="0" fromWho="1" sc="267,80,165,-80,290,0,278,0" /><INIT seed="7,0,0,2,4,113" ten="347,85,290,278" oya="3" hai0="72,112,9,57,35,44,122,41,53,85,56,54,59" hai1="129,118,47,88,15,8,83,66,52,70,12,38,111" hai2="119,43,126,98,102,84,7,5,89,93,6,50,123" hai3="25,92,79,17,45,86,131,33,104,16,65,28,42"/><W103/><G131/><T21/><D72/><U75/><E111/><V91/><F123/><W46/><G65/><T67/><D35/><U10/><E129/><V68/><F68/><W51/><G104/><T49/><D122/><U29/><E70/><V121/><F121/><W19/><G103/><T73/><D73/><U32/><E66/><V132/><F126/><W101/><G101/><T124/><D124/><U71/><E71/><V105/><F132/><W58/><G58/><T87/><D9/><U80/><E32/><V100/><F105/><W69/><G69/><T106/><D106/><U90/><E29/><V95/><REACH who="2" step="1"/><F119/><REACH who="2" ten="347,85,280,278" step="2"/><W81/><G92/><T60/><D112/><U115/><E115/><V26/><F26/><W23/><REACH who="3" step="1"/><G46/><AGARI ba="0,1" hai="5,6,7,43,46,50,84,89,91,93,95,98,100,102" machi="46" ten="40,2600,0" yaku="1,1,8,1,53,0" doraHai="113" doraHaiUra="63" who="2" fromWho="3" sc="347,0,85,0,280,36,278,-26" owari="347,44.0,85,-41.0,316,12.0,252,-15.0" /></mjloggm>