<mjloggm ver="2.3"><GO type="225"/><UN n0="%32%2D%31%30" n1="%E3%81%A7%E3%81%93%E3%81%98" n2="%EF%BC%88%E2%89%A7%E2%96%BD%E2%89%A6%EF%BC%89" n3="%E3%82%B4%E3%83%9F%E3%82%AF%E3%82%BA%E4%B8%83%E6%AE%B5" dan="16,16,16,16" rate="2022,2110,2041,2121" sx="M,M,M,F"/><TAIKYOKU oya="0"/><INIT seed="0,0,0,3,0,95" ten="250,250,250,250" oya="0" hai0="17,49,92,68,47,113,130,104,75,34,93,114,71" hai1="126,58,36,132,46,115,123,21,69,45,103,38,7" hai2="50,73,52,53,77,86,51,5,128,90,44,12,122" hai3="120,88,62,63,28,31,102,112,72,43,116,67,110"/><T41/><D104/><U129/><E7/><V80/><F122/><W3/><G112/><T60/><D75/><U30/><E103/><V83/><F128/><W0/><G116/><T56/><D34/><U78/><E78/><V76/><F90/><W27/><G72/><T91/><D130/><U118/><E129/><V105/><F105/><W106/><G120/><T48/><D17/><U119/><E123/><V16/><F5/><W8/><G110/><T74/><D74/><U79/><E79/><V25/><F25/><W108/><G43/><T57/><D91/><U124/><E30/><V81/><F80/><W89/><G108/><T109/><D109/><U87/><E87/><V13/><REACH who="2" step="1"/><F16/><REACH who="2" ten="250,250,240,250" step="2"/><W26/><G26/><T55/><D114/><U9/><E115/><V135/><F135/><W19/><G19/><T134/><D134/><U117/><E132/><V37/><F37/><N who="1" m="14441" /><E9/><V121/><F121/><W29/><G27/><T96/><D113/><U23/><E69/><V42/><F42/><W22/><G8/><T24/><D24/><U39/><E39/><V133/><F133/><W66/><G106/><T111/><D111/><U65/><E23/><V100/><F100/><W1/><G102/><T18/><D71/><U107/><E107/><V97/><F97/><W59/><G22/><T94/><D96/><U10/><E10/><V14/><F14/><W127/><G127/><N who="1" m="48682" /><E21/><V125/><F125/><W35/><G35/><T54/><D68/><U11/><E11/><V2/><F2/><W32/><G32/><T64/><D18/><U20/><E20/><V85/><F85/><RYUUKYOKU ba="0,1" sc="250,0,250,0,240,0,250,0" hai0="41,47,48,49,54,55,56,57,60,64,92,93,94" hai1="45,46,58,65,117,118,119" hai2="12,13,44,50,51,52,53,73,76,77,81,83,86" hai3="0,1,3,28,29,31,59,62,63,66,67,88,89" /><INIT seed="0,1,1,5,3,47" ten="250,250,240,250" oya="0" hai0="48,111,110,4,52,22,131,134,101,121,27,9,63" hai1="18,1,85,86,88,92,96,118,109,117,112,0,11" hai2="76,81,116,36,106,62,66,93,94,114,49,99,82" hai3="35,45,60,124,95,122,21,57,78,84,40,126,30"/><T133/><D121/><U61/><E109/><N who="0" m="41481" /><D101/><U104/><E112/><V28/><F36/><W69/><G69/><T80/><D63/><U67/><E104/><V23/><F114/><W44/><G35/><T19/><D80/><U105/><E105/><V24/><F116/><W108/><G122/><T59/><D131/><U37/><E37/><V89/><F106/><W54/><G108/><T65/><D65/><U13/><E117/><V103/><F76/><W2/><G2/><AGARI ba="1,1" hai="2,4,9,19,22,27,48,52,59,133,134" m="41481" machi="2" ten="30,11600,0" yaku="14,1,10,1,52,1,54,1" doraHai="47" who="0" fromWho="3" sc="250,129,250,0,240,0,250,-119" /><INIT seed="0,2,0,4,0,117" ten="379,250,240,131" oya="0" hai0="11,123,38,15,1,58,0,4,67,124,83,41,74" hai1="70,17,43,87,61,39,32,101,45,76,125,13,44" hai2="7,121,59,21,20,22,126,10,91,71,131,128,49" hai3="95,120,56,64,132,60,27,40,107,5,80,114,51"/><T103/><D123/><U52/><E32/><V116/><F71/><W102/><G114/><T118/><D118/><U79/><E125/><V28/><F116/><W90/><G107/><T3/><D103/><U135/><E135/><V62/><F126/><W2/><G132/><T105/><D105/><U127/><E127/><V92/><F49/><W97/><G2/><T47/><D124/><U68/><E101/><V111/><F28/><W42/><G5/><T106/><D106/><U30/><E30/><V19/><F19/><W69/><G27/><T129/><D15/><U130/><E130/><V55/><F111/><W134/><G134/><T88/><D129/><U31/><E31/><V26/><F26/><W37/><G37/><T66/><D66/><U25/><E25/><V82/><F82/><W119/><G119/><T14/><D14/><U96/><E96/><V85/><F121/><W65/><G120/><T50/><D50/><U6/><E6/><V72/><F72/><W108/><G108/><T100/><D100/><U99/><E99/><V57/><F57/><W75/><G75/><T23/><D23/><U12/><E12/><V36/><F36/><W89/><G102/><T24/><D24/><U29/><E29/><V8/><F8/><W33/><G33/><T77/><REACH who="0" step="1"/><D88/><REACH who="0" ten="369,250,240,131" step="2"/><U109/><E109/><V93/><F131/><W54/><G65/><T112/><D112/><U35/><E35/><V115/><F128/><W98/><G98/><T16/><D16/><U73/><E17/><V86/><F115/><W113/><G113/><T9/><D9/><U18/><E18/><RYUUKYOKU ba="2,1" sc="369,15,250,-15,240,-15,131,15" hai0="0,1,3,4,11,38,41,47,58,67,74,77,83" hai3="40,42,51,54,56,60,64,69,80,89,90,95,97" /><INIT seed="0,3,1,5,5,9" ten="384,235,225,146" oya="0" hai0="79,133,77,61,41,88,57,117,58,94,10,72,90" hai1="48,115,87,111,56,120,114,12,39,62,53,52,69" hai2="23,75,17,132,91,83,49,121,104,70,95,92,54" hai3="96,3,130,101,107,24,100,135,112,109,124,110,32"/><T71/><D117/><U30/><E30/><V81/><F70/><W42/><G112/><N who="1" m="43050" /><E87/><N who="2" m="52351" /><F104/><W1/><G42/><T93/><D71/><U59/><E120/><V108/><F75/><W46/><G46/><T63/><D10/><U105/><E105/><V131/><F108/><N who="3" m="41579" /><G101/><T99/><D133/><U43/><E111/><V6/><F6/><W82/><G135/><T27/><D27/><U113/><E12/><N who="2" m="9639" /><F131/><W89/><G130/><T65/><D72/><U122/><N who="1" m="43058" /><U25/><DORA hai="84" /><E25/><V33/><F33/><W13/><G124/><T21/><D21/><U44/><E69/><V18/><F121/><W134/><G134/><T20/><D20/><U67/><E122/><V11/><F95/><W37/><G37/><T76/><D94/><U116/><E53/><V38/><F38/><W14/><G24/><T51/><D93/><U128/><E128/><V19/><F132/><W16/><G32/><T28/><D28/><U103/><E103/><V22/><F11/><N who="3" m="6207" /><G14/><T86/><D99/><U40/><E40/><V64/><F19/><W126/><G126/><T60/><D41/><U55/><E55/><V85/><F18/><W2/><G2/><T102/><D102/><U29/><E29/><V7/><F22/><W47/><G47/><T74/><D74/><U98/><E116/><V50/><F7/><W118/><G118/><T31/><D31/><U106/><E106/><V4/><F4/><W5/><G5/><T8/><D86/><AGARI ba="3,1" hai="1,3,82,86,89,96,100,107" m="6207,41579" machi="86" ten="30,7700,0" yaku="14,1,52,2,54,1" doraHai="9,84" who="3" fromWho="0" sc="384,-86,235,0,225,0,146,96" /><INIT seed="1,0,0,5,4,43" ten="298,235,225,242" oya="1" hai0="125,38,122,119,133,66,62,48,27,47,118,108,103" hai1="91,37,11,25,40,52,9,1,77,3,121,60,34" hai2="112,22,15,2,57,116,71,0,86,35,58,99,26" hai3="111,88,94,101,65,107,128,61,102,41,8,42,109"/><U97/><E121/><V95/><F71/><W70/><G128/><T18/><D38/><U68/><E77/><V135/><F116/><W69/><G69/><T46/><D122/><U17/><E68/><V126/><F126/><W55/><G8/><T23/><D125/><U20/><E34/><V127/><F127/><W16/><G55/><T13/><D108/><N who="3" m="41545" /><G107/><T6/><D133/><U98/><E3/><V113/><F35/><W7/><G7/><T4/><D103/><N who="3" m="39433" /><G16/><T92/><D92/><N who="1" m="56479" /><E98/><AGARI ba="0,0" hai="41,42,61,65,70,88,94,98" m="39433,41545" machi="98" ten="30,2000,0" yaku="14,1,54,1" doraHai="43" who="3" fromWho="1" sc="298,0,235,-20,225,0,242,20" /><INIT seed="2,0,0,3,1,17" ten="298,215,225,262" oya="2" hai0="89,64,93,19,110,37,49,70,119,4,78,53,38" hai1="52,128,27,133,35,15,112,2,116,95,101,71,30" hai2="87,97,92,11,134,26,24,107,7,125,90,29,14" hai3="86,99,31,109,79,16,69,56,39,9,32,66,6"/><V50/><F134/><W42/><G69/><T118/><D4/><U22/><E112/><V83/><F125/><W61/><G109/><T135/><D78/><U84/><E116/><N who="0" m="44585" /><D110/><U5/><E133/><V76/><F107/><W115/><G115/><T59/><D135/><U43/><E71/><V113/><F113/><W123/><G123/><T57/><D70/><U73/><E73/><V126/><F126/><W122/><G122/><T120/><D120/><U18/><E128/><V21/><F26/><W81/><G99/><N who="0" m="57775" /><D19/><U45/><E101/><V72/><REACH who="2" step="1"/><F50/><REACH who="2" ten="298,215,215,262" step="2"/><W98/><G39/><T106/><D106/><U130/><E130/><V105/><F105/><W41/><G61/><AGARI ba="0,1" hai="37,38,49,53,57,59,61,64" m="57775,44585" machi="61" ten="30,1000,0" yaku="12,1" doraHai="17" who="0" fromWho="3" sc="298,20,215,0,215,0,262,-10" /><INIT seed="3,0,0,3,5,100" ten="318,215,215,252" oya="3" hai0="64,59,49,33,103,79,116,88,51,62,37,21,81" hai1="43,110,112,86,20,82,121,42,14,94,38,54,120" hai2="119,7,24,73,11,13,78,18,40,15,118,48,5" hai3="32,135,29,8,52,67,12,72,71,115,91,77,56"/><W132/><G115/><T80/><D33/><U3/><E112/><V107/><F107/><W123/><G123/><T58/><D37/><U83/><E3/><V101/><F101/><W96/><G71/><T50/><D116/><N who="2" m="44586" /><F48/><W95/><G67/><T90/><D103/><U53/><E110/><V126/><F40/><N who="1" m="15401" /><E38/><V17/><F78/><W87/><G72/><T114/><D114/><U35/><E35/><V106/><F106/><W108/><G108/><T45/><D59/><U22/><E94/><V84/><F84/><W55/><G29/><T93/><D21/><N who="1" m="8299" /><E14/><V4/><F73/><W60/><G32/><T74/><D80/><N who="1" m="30763" /><E86/><V133/><F24/><W36/><G36/><T46/><REACH who="0" step="1"/><D90/><REACH who="0" ten="308,215,215,252" step="2"/><U26/><E26/><V99/><F133/><N who="3" m="51275" /><G77/><T98/><AGARI ba="0,1" hai="45,46,49,50,51,58,62,64,74,79,81,88,93,98" machi="98" ten="30,4000,0" yaku="1,1,0,1,54,1,53,0" doraHai="100" doraHaiUra="124" who="0" fromWho="0" sc="308,50,215,-10,215,-10,252,-20" owari="358,45.0,205,-19.0,205,-29.0,232,3.0" /></mjloggm>