<mjloggm ver="2.3"><GO type="41"/><UN n0="%E5%A4%A7%E8%B0%B7%E9%9B%85%E6%81%B5" n1="%4D%61%6E%7A%6F" n2="%E3%82%A6%E3%83%AB%E3%83%88%E3%83%A9%E7%AB%8B%E7%9B%B4" n3="%6D%6F%2D%62%69" dan="14,13,15,13" rate="1951,1869,1965,1859" sx="F,M,M,F"/><TAIKYOKU oya="0"/><INIT seed="0,0,0,1,1,7" ten="250,250,250,250" oya="0" hai0="110,18,65,23,112,83,126,86,55,76,31,46,17" hai1="2,28,45,67,79,22,35,68,125,30,99,10,60" hai2="89,128,106,73,104,39,1,77,75,97,102,69,130" hai3="5,15,4,115,116,72,71,103,105,135,40,27,87"/><T32/><D112/><U42/><E125/><V62/><F62/><W33/><G115/><T117/><D117/><U3/><E3/><V47/><F69/><W14/><G116/><T122/><D122/><U129/><E129/><N who="2" m="49771" /><F47/><W54/><G40/><T107/><D107/><U132/><E132/><V91/><F39/><W58/><G135/><T93/><D126/><U50/><E99/><V109/><F1/><W85/><G103/><T19/><D110/><U21/><E79/><V37/><F37/><W95/><G105/><T118/><D118/><U74/><E35/><V114/><F114/><W51/><G72/><N who="2" m="27721" /><F104/><W84/><G71/><T20/><D65/><U9/><E74/><V12/><F12/><W53/><G33/><T101/><D32/><U8/><REACH who="1" step="1"/><E2/><REACH who="1" ten="250,240,250,250" step="2"/><V94/><F77/><W36/><G36/><T124/><D124/><U63/><E63/><V81/><F109/><W16/><G51/><N who="0" m="29175" /><D31/><AGARI ba="0,1" hai="8,9,10,21,22,28,30,31,42,45,50,60,67,68" machi="31" ten="40,12000,2" yaku="1,1,52,3,53,3" doraHai="7" doraHaiUra="24" who="1" fromWho="0" sc="250,-120,240,130,250,0,250,0" /><INIT seed="1,0,0,5,0,45" ten="130,370,250,250" oya="1" hai0="20,134,82,18,51,11,81,76,89,87,116,109,50" hai1="114,5,63,30,43,127,57,59,25,119,128,90,60" hai2="107,102,79,58,80,70,61,4,77,9,126,93,53" hai3="71,2,78,129,52,48,35,15,69,125,39,100,73"/><U85/><E119/><V36/><F70/><W74/><G35/><T21/><D116/><U56/><E114/><V115/><F107/><W75/><G39/><T55/><D109/><U130/><E127/><V24/><F115/><W72/><G2/><T19/><D134/><U54/><E5/><V13/><F36/><W135/><G135/><T0/><D0/><U98/><E43/><V47/><F126/><W22/><G125/><T7/><D7/><U84/><E98/><V64/><F24/><W1/><G1/><T40/><D11/><U121/><E121/><V95/><F102/><W37/><G37/><T27/><D40/><U91/><E54/><V99/><F99/><W44/><G100/><T8/><D55/><U120/><E120/><V123/><F123/><W6/><G129/><N who="1" m="49770" /><E30/><V124/><F124/><W113/><G113/><T49/><D8/><U101/><E25/><V26/><F26/><W103/><G103/><T14/><REACH who="0" step="1"/><D82/><REACH who="0" ten="120,370,250,250" step="2"/><U68/><E101/><V66/><F80/><W29/><G6/><T104/><D104/><U34/><E68/><V17/><F4/><W131/><G131/><T106/><D106/><U94/><E34/><V46/><F93/><AGARI ba="0,1" hai="56,57,59,60,63,84,85,90,91,93,94" m="49770" machi="93" ten="30,1500,0" yaku="19,1" doraHai="45" who="1" fromWho="2" sc="120,0,370,25,250,-15,250,0" /><INIT seed="1,1,0,4,5,85" ten="120,395,235,250" oya="1" hai0="41,29,57,23,103,107,78,59,40,65,98,13,80" hai1="63,134,46,123,60,73,82,56,111,25,8,52,7" hai2="27,68,108,39,48,99,17,95,1,132,76,6,45" hai3="120,119,133,47,87,90,91,106,131,102,72,135,20"/><U24/><E123/><V30/><F39/><W38/><G120/><T94/><D107/><U110/><E134/><N who="3" m="51210" /><G20/><T121/><D121/><U3/><E46/><V81/><F68/><W51/><G38/><T105/><D105/><U28/><E28/><V14/><F132/><W67/><G67/><T16/><D29/><U129/><E63/><V0/><F108/><N who="1" m="41513" /><E129/><V43/><F1/><W127/><G131/><T19/><D19/><U50/><E50/><V34/><F0/><W122/><G122/><T4/><D4/><U11/><E11/><V84/><F17/><W37/><G37/><T125/><D125/><U126/><E126/><V86/><F86/><W112/><G127/><T109/><D109/><U61/><E61/><V74/><F74/><W124/><G124/><T31/><D31/><U15/><E3/><V114/><F114/><W62/><G72/><T44/><D65/><U2/><E2/><V89/><F14/><W33/><G62/><T79/><D79/><AGARI ba="1,0" hai="7,8,15,24,25,52,56,60,73,79,82" m="41513" machi="79" ten="30,5800,0" yaku="14,1,10,1,54,1" doraHai="85" who="1" fromWho="0" sc="120,-61,395,61,235,0,250,0" /><INIT seed="1,2,0,0,3,15" ten="59,456,235,250" oya="1" hai0="117,30,9,50,33,113,108,19,101,25,20,103,62" hai1="66,71,115,16,85,111,81,40,118,41,64,21,87" hai2="18,43,98,22,2,112,130,63,1,82,27,29,67" hai3="69,80,7,60,35,10,17,128,56,135,28,65,74"/><U57/><E118/><V106/><F112/><W120/><G120/><T31/><D117/><U78/><E115/><V36/><F130/><W123/><G123/><T92/><D113/><U4/><E111/><V34/><F43/><N who="1" m="16457" /><E71/><V75/><F36/><W73/><G128/><T121/><D121/><U83/><E4/><V131/><F131/><W99/><G99/><T109/><D9/><U91/><E57/><V122/><F122/><W72/><G56/><T90/><D62/><U48/><E48/><V77/><F22/><W107/><G135/><T49/><D31/><U38/><E38/><V51/><F51/><N who="0" m="19466" /><D33/><U6/><E6/><V5/><F5/><W88/><G107/><T59/><D59/><U102/><E102/><N who="0" m="38921" /><D109/><U94/><E94/><V89/><F18/><W23/><G35/><T68/><D68/><U119/><E119/><V61/><F61/><W3/><G28/><T129/><D129/><U24/><AGARI ba="2,0" hai="16,21,24,64,66,78,81,83,85,87,91" m="16457" machi="24" ten="30,6000,0" yaku="8,1,52,1,54,1" doraHai="15" who="1" fromWho="1" sc="59,-22,456,66,235,-22,250,-22" /><INIT seed="1,3,0,2,0,81" ten="37,522,213,228" oya="1" hai0="70,120,131,2,108,33,7,27,92,83,11,58,17" hai1="18,76,66,117,53,104,12,67,55,107,62,22,31" hai2="109,59,101,8,68,114,93,88,20,123,41,132,130" hai3="111,0,29,15,60,100,77,135,51,75,24,127,74"/><U16/><E117/><V44/><F68/><W25/><G0/><T133/><D70/><U89/><E31/><V99/><F123/><W46/><G135/><T57/><D120/><U63/><E76/><V34/><F34/><W56/><G100/><T116/><D116/><U129/><E129/><V48/><F130/><W103/><G103/><T79/><D131/><U1/><E1/><V105/><F132/><W106/><G106/><T42/><D42/><U73/><E73/><V47/><F114/><W61/><G15/><T69/><D69/><U102/><E102/><V126/><F126/><W5/><G5/><T124/><D124/><U121/><E121/><V113/><F113/><W26/><G127/><T19/><D108/><U98/><E104/><V38/><F109/><W122/><G122/><T125/><D125/><U43/><E43/><V37/><F8/><W14/><G14/><T82/><D133/><U95/><E107/><V65/><F20/><W36/><G36/><T32/><D92/><U9/><E63/><V4/><F4/><W84/><G111/><T86/><D82/><U23/><E67/><V39/><F65/><N who="3" m="39047" /><G61/><T110/><D110/><U52/><E18/><N who="0" m="6665" /><D32/><U3/><REACH who="1" step="1"/><E3/><REACH who="1" ten="37,512,213,228" step="2"/><V78/><F78/><W87/><G74/><T85/><D33/><U80/><E80/><V49/><F105/><W128/><G75/><N who="0" m="43519" /><D27/><U134/><E134/><V21/><F101/><W90/><G77/><T10/><D10/><U54/><N who="1" m="13824" /><DORA hai="91" /><U115/><E115/><V35/><F35/><W40/><G128/><T64/><D64/><U94/><E94/><V45/><F21/><RYUUKYOKU ba="3,1" sc="37,10,512,10,213,10,228,-30" hai0="2,7,11,57,58,85,86" hai1="9,12,16,22,23,62,66,89,95,98" hai2="37,38,39,41,44,45,47,48,49,59,88,93,99" /><INIT seed="1,4,1,2,1,30" ten="47,522,223,198" oya="1" hai0="107,42,9,29,51,83,116,4,129,114,98,10,118" hai1="89,70,112,40,59,87,6,62,21,110,48,109,0" hai2="38,16,85,81,24,39,50,77,18,64,27,82,97" hai3="55,119,113,128,102,34,56,86,68,67,99,19,135"/><U63/><E112/><V91/><F39/><W80/><G113/><T93/><D129/><U61/><E70/><V76/><F38/><W104/><G128/><T125/><D125/><U84/><E21/><V58/><F97/><W131/><G131/><T44/><D107/><U13/><E0/><V14/><F64/><W25/><G135/><T79/><D114/><U54/><E40/><V57/><F91/><W36/><G36/><T7/><D29/><U106/><E106/><V75/><F50/><W122/><G122/><T88/><D118/><U45/><E45/><V117/><F117/><W69/><G119/><T120/><D120/><U121/><E121/><V73/><F85/><W66/><G67/><T5/><REACH who="0" step="1"/><D116/><REACH who="0" ten="37,522,223,198" step="2"/><U132/><E132/><V72/><F72/><AGARI ba="4,2" hai="4,5,7,9,10,42,44,51,72,79,83,88,93,98" machi="72" ten="40,5200,0" yaku="1,1,2,1,54,1,53,0" doraHai="30" doraHaiUra="65" who="0" fromWho="2" sc="37,84,522,0,223,-64,198,0" /><INIT seed="2,0,0,4,2,107" ten="121,522,159,198" oya="2" hai0="101,109,129,38,46,30,99,90,29,24,111,92,8" hai1="53,63,126,3,93,52,133,95,125,118,10,110,121" hai2="96,13,79,86,44,105,16,11,40,89,67,103,112" hai3="45,55,120,23,77,66,41,117,115,135,73,2,35"/><V21/><F112/><W43/><G117/><T114/><D114/><U5/><E118/><V127/><F127/><N who="1" m="48649" /><E121/><V108/><F108/><N who="0" m="41546" /><D129/><U81/><E110/><V64/><F79/><W20/><G115/><T14/><D38/><U51/><E133/><V34/><F34/><W39/><G35/><N who="0" m="20903" /><D30/><U68/><E81/><V74/><F21/><W61/><G135/><T32/><D32/><U71/><E53/><V26/><F26/><W116/><G116/><T18/><D46/><N who="1" m="27767" /><E63/><V76/><F44/><W134/><G43/><T50/><D50/><U57/><E57/><V88/><F40/><W100/><G134/><T37/><D37/><U60/><E60/><V54/><F54/><W59/><G120/><T102/><AGARI ba="0,0" hai="8,14,18,90,92,99,101,102" m="20903,41546" machi="102" ten="30,1100,0" yaku="14,1" doraHai="107" who="0" fromWho="0" sc="121,11,522,-3,159,-5,198,-3" /><INIT seed="3,0,0,5,1,32" ten="132,519,154,195" oya="3" hai0="5,7,10,105,79,71,77,108,67,76,93,33,40" hai1="84,78,58,121,92,12,116,36,104,42,20,95,119" hai2="129,11,61,4,31,96,65,9,127,66,37,22,63" hai3="103,6,34,57,38,113,25,8,26,16,55,35,23"/><W88/><G38/><T21/><D108/><U122/><E104/><V102/><F37/><W2/><G113/><T46/><D105/><U118/><E36/><V114/><F114/><W54/><G103/><T112/><D112/><U70/><E42/><V83/><F127/><W74/><G74/><T86/><D33/><U62/><E70/><V100/><F129/><W50/><G55/><T94/><D71/><U0/><E0/><V117/><F117/><W44/><G44/><T87/><D67/><N who="2" m="25610" /><F83/><W47/><G47/><T97/><D21/><U41/><E41/><V45/><F45/><W13/><G26/><T125/><D125/><U53/><E92/><N who="0" m="35433" /><D97/><U80/><E95/><V69/><F69/><W17/><G88/><T107/><D107/><U29/><REACH who="1" step="1"/><E12/><REACH who="1" ten="132,509,154,195" step="2"/><V1/><F1/><W59/><REACH who="3" step="1"/><G57/><REACH who="3" ten="132,509,154,185" step="2"/><T64/><D64/><U99/><E99/><V3/><F96/><W89/><G89/><T132/><D46/><U72/><E72/><V82/><F102/><W90/><G90/><T101/><D101/><U120/><E120/><V39/><F100/><W110/><G110/><T135/><D79/><U52/><E52/><V131/><F39/><W98/><G98/><T128/><D77/><U19/><E19/><V60/><F82/><W28/><G28/><T81/><D40/><U18/><E18/><V109/><F109/><W115/><G115/><T126/><D76/><U130/><E130/><V68/><F131/><W14/><G14/><T85/><D128/><U134/><E134/><V73/><F73/><W24/><G24/><AGARI ba="0,2" hai="20,24,29,53,58,62,78,80,84,116,118,119,121,122" machi="24" ten="40,5200,0" yaku="1,1,12,1,53,1" doraHai="32" doraHaiUra="75" who="1" fromWho="3" sc="132,0,509,72,154,0,185,-52" /><INIT seed="4,0,0,2,2,99" ten="132,581,154,133" oya="0" hai0="31,129,4,122,13,19,96,101,1,109,24,40,62" hai1="110,35,95,45,70,77,55,50,117,127,64,29,135" hai2="87,92,83,36,65,111,48,104,21,116,126,14,114" hai3="72,16,68,131,91,37,23,11,7,125,133,80,89"/><T34/><D122/><U10/><E117/><V107/><F36/><W75/><G68/><T8/><D129/><U124/><E110/><V3/><F3/><W130/><G37/><T9/><D109/><U81/><E135/><V51/><F14/><W120/><G120/><T61/><REACH who="0" step="1"/><D40/><REACH who="0" ten="122,581,154,133" step="2"/><U52/><E55/><V33/><F111/><W26/><G133/><T85/><D85/><N who="1" m="48303" /><E10/><V57/><F65/><W88/><G125/><N who="1" m="48202" /><E95/><AGARI ba="0,1" hai="1,4,8,9,13,19,24,31,34,61,62,95,96,101" machi="95" ten="30,5800,0" yaku="1,1,7,1,52,1,53,0" doraHai="99" doraHaiUra="41" who="0" fromWho="1" sc="122,68,581,-58,154,0,133,0" /><INIT seed="4,1,0,4,0,23" ten="190,523,154,133" oya="0" hai0="122,50,61,47,112,123,118,129,29,83,94,15,91" hai1="65,133,58,102,5,105,93,86,4,1,19,63,84" hai2="96,13,104,116,131,56,21,90,101,99,35,33,6" hai3="107,45,72,70,80,100,41,92,8,7,130,113,53"/><T46/><D118/><U54/><E133/><V77/><F116/><W81/><G53/><T42/><D112/><U103/><E105/><V62/><F131/><W30/><G113/><T66/><D129/><U97/><E1/><V31/><F77/><W39/><G92/><T126/><D126/><U117/><E117/><V119/><F119/><W78/><G81/><T125/><D125/><U16/><E103/><V106/><F6/><N who="1" m="2665" /><E65/><V69/><F69/><W48/><G48/><T3/><D3/><U121/><E121/><V44/><F44/><W18/><G18/><AGARI ba="1,0" hai="16,18,19,54,58,63,84,86,93,97,102" m="2665" machi="18" ten="30,2000,0" yaku="8,1,54,1" doraHai="23" who="1" fromWho="3" sc="190,0,523,23,154,0,133,-23" /><INIT seed="5,0,0,3,5,8" ten="190,546,154,110" oya="1" hai0="42,95,35,106,65,99,73,41,33,7,94,50,97" hai1="77,4,0,78,3,75,104,87,110,82,119,49,59" hai2="32,27,55,115,117,69,128,47,98,91,116,103,1" hai3="111,84,100,131,101,127,23,34,61,15,20,109,56"/><U62/><E119/><V13/><F55/><W112/><G34/><T81/><D65/><U90/><E104/><V76/><F91/><W121/><G121/><T83/><D7/><U107/><E107/><V135/><F76/><N who="1" m="29289" /><E0/><V17/><F47/><W45/><G45/><T120/><D106/><U74/><E74/><V96/><F98/><W126/><G84/><T52/><D73/><U57/><E75/><V2/><F96/><W6/><G131/><T46/><D120/><U44/><E3/><N who="2" m="1035" /><F103/><W16/><G6/><T24/><D24/><U89/><E110/><V9/><F69/><W28/><G112/><T67/><D67/><N who="1" m="39375" /><E4/><V60/><F60/><W68/><G68/><T19/><D35/><U129/><E59/><V71/><F71/><W53/><G101/><N who="0" m="60599" /><D33/><U80/><E129/><V79/><F128/><W102/><G102/><N who="0" m="60799" /><D19/><U133/><E133/><V39/><F39/><W130/><G100/><T70/><D70/><U122/><E122/><V14/><F79/><W86/><G130/><T29/><D29/><U22/><E22/><N who="2" m="11567" /><F135/><W92/><G111/><T72/><D72/><U11/><E11/><V43/><F115/><W30/><G109/><T113/><D113/><U40/><E90/><V124/><F116/><W5/><G5/><T31/><D31/><U93/><AGARI ba="0,0" hai="40,44,49,80,82,87,89,93" m="39375,29289" machi="93" ten="30,1500,0" yaku="8,1" doraHai="8" who="1" fromWho="1" sc="190,-5,546,15,154,-5,110,-5" /><INIT seed="5,1,0,1,0,124" ten="185,561,149,105" oya="1" hai0="63,77,90,78,45,52,18,100,58,22,23,38,74" hai1="79,97,126,30,27,117,9,96,2,82,48,66,34" hai2="28,59,32,83,60,64,53,91,107,55,76,123,47" hai3="8,11,42,15,94,118,86,92,31,104,12,10,116"/><U72/><E126/><V101/><F123/><W125/><G125/><T103/><D74/><U21/><E117/><N who="3" m="45162" /><G104/><T69/><D69/><U5/><E66/><V37/><F101/><N who="0" m="38986" /><D38/><U61/><E61/><V14/><F107/><W33/><G42/><T111/><D111/><U88/><E48/><N who="2" m="28831" /><F37/><W1/><G86/><T3/><D3/><U112/><E112/><V7/><F32/><W113/><G113/><T85/><D45/><U129/><E129/><V93/><F28/><W128/><G128/><T70/><D70/><U50/><E50/><V109/><F109/><W26/><G94/><N who="0" m="54607" /><D23/><U127/><E127/><V130/><F130/><W99/><G99/><T84/><D84/><U36/><E36/><V105/><F14/><AGARI ba="1,0" hai="14,18,22,52,58,63,77,78" m="54607,38986" machi="14" ten="30,2000,0" yaku="8,1,54,1" doraHai="124" who="0" fromWho="2" sc="185,23,561,0,149,-23,105,0" /><INIT seed="6,0,0,3,2,18" ten="208,561,126,105" oya="2" hai0="13,57,48,68,121,110,60,11,101,46,49,44,34" hai1="119,107,132,135,112,62,63,99,108,126,58,93,16" hai2="95,89,0,127,29,109,67,134,9,56,125,82,79" hai3="86,23,19,59,130,83,32,10,117,111,5,80,35"/><V42/><F29/><W2/><G111/><T71/><D121/><U123/><E123/><V47/><F56/><W41/><G117/><T27/><D110/><U33/><E119/><V8/><F67/><W105/><G105/><T90/><D101/><U28/><E108/><V102/><F102/><W66/><G130/><T122/><D122/><U7/><E7/><V30/><F30/><W45/><G83/><T65/><D27/><N who="1" m="18591" /><E107/><V74/><F109/><W133/><G66/><T96/><D34/><U81/><E81/><V76/><F76/><W64/><G133/><N who="1" m="51274" /><E126/><N who="2" m="48139" /><F134/><W21/><G19/><N who="0" m="8639" /><D71/><U128/><E112/><V92/><F0/><W17/><G17/><T97/><D68/><U20/><E128/><V51/><F95/><W78/><G32/><T73/><D73/><U70/><E58/><V14/><F14/><W77/><G78/><T104/><D104/><U36/><E70/><V3/><F3/><W52/><G35/><T115/><D115/><U124/><E36/><V24/><F24/><W40/><G64/><T75/><D75/><U84/><E84/><AGARI ba="0,0" hai="8,9,42,47,51,74,79,82,84,89,92" m="48139" machi="84" ten="30,1500,0" yaku="18,1" doraHai="18" who="2" fromWho="1" sc="208,0,561,-15,126,15,105,0" /><INIT seed="6,1,0,1,4,75" ten="208,546,141,105" oya="2" hai0="65,39,69,96,126,124,81,32,114,12,84,26,30" hai1="10,22,119,21,108,122,17,100,79,6,113,134,133" hai2="37,67,107,118,20,104,1,123,68,48,54,76,98" hai3="86,82,101,130,91,15,7,8,43,121,24,53,35"/><V129/><F1/><W78/><G121/><T41/><D114/><U127/><E100/><V3/><F3/><W66/><G66/><T31/><D96/><U19/><E79/><V51/><F123/><W29/><G101/><T11/><D65/><U63/><E63/><N who="2" m="40063" /><F104/><W95/><G130/><T83/><D69/><U64/><E64/><V47/><F98/><W16/><G53/><T56/><D56/><U74/><E74/><V60/><F107/><W0/><G43/><T72/><D72/><U62/><E62/><V45/><F76/><W109/><G109/><T93/><D93/><U4/><E122/><V77/><F77/><W97/><G0/><T13/><D30/><U5/><E108/><V33/><F33/><W55/><G55/><T71/><D71/><U125/><E113/><V44/><F20/><N who="1" m="7785" /><E119/><V128/><F118/><W58/><G58/><T9/><D41/><U103/><E10/><N who="0" m="3593" /><D39/><U94/><E103/><V117/><F117/><W57/><REACH who="3" step="1"/><G57/><REACH who="3" ten="208,546,141,95" step="2"/><T92/><D92/><U50/><E94/><V38/><F60/><W70/><G70/><T14/><D84/><U80/><E50/><N who="2" m="18987" /><F54/><W52/><G52/><T18/><D18/><AGARI ba="1,1" hai="7,8,15,16,18,24,29,35,78,82,86,91,95,97" machi="18" ten="40,8000,1" yaku="1,1,52,1,54,1,53,1" doraHai="75" doraHaiUra="23" who="3" fromWho="0" sc="208,-83,546,0,141,0,95,93" /><INIT seed="7,0,0,3,3,56" ten="125,546,141,188" oya="3" hai0="19,29,36,10,114,49,3,0,135,67,111,118,69" hai1="88,58,92,21,113,25,65,43,27,131,53,119,120" hai2="24,82,104,2,95,30,62,83,7,124,128,100,109" hai3="130,117,74,108,98,54,123,15,73,46,93,59,115"/><W126/><G117/><T28/><D118/><U106/><E119/><V91/><F109/><W64/><G123/><T50/><D36/><U107/><E120/><V4/><F124/><W39/><G126/><T38/><D38/><U76/><E113/><V55/><F128/><W26/><G115/><T99/><D99/><U122/><E122/><V71/><F2/><N who="0" m="554" /><D67/><U8/><E131/><V105/><F105/><W75/><G64/><T9/><D69/><U52/><E76/><V132/><F132/><W86/><G86/><T112/><D50/><U90/><E43/><V129/><F129/><W35/><G15/><N who="0" m="7663" /><D111/><U5/><E107/><V77/><F71/><W89/><G130/><T116/><D49/><U110/><E106/><V85/><F104/><W66/><G66/><T84/><D84/><N who="1" m="52231" /><E110/><V79/><F100/><W31/><G108/><T97/><D97/><U16/><E90/><V72/><F79/><W94/><G93/><T41/><D41/><U133/><E133/><V103/><F95/><W96/><G98/><T23/><D116/><U80/><E80/><V51/><F51/><W17/><G39/><T125/><D135/><U102/><E102/><V134/><F134/><W127/><G46/><T37/><D37/><U32/><E32/><V87/><F72/><W121/><G127/><T63/><D63/><N who="1" m="38135" /><E27/><V12/><F103/><W45/><G121/><T33/><D125/><U18/><E5/><V78/><F91/><W34/><G45/><T44/><D44/><U6/><E6/><V48/><F4/><W20/><G73/><T1/><N who="0" m="562" /><T13/><DORA hai="14" /><D112/><RYUUKYOKU ba="0,0" sc="125,-10,546,30,141,-10,188,-10" hai1="8,16,18,21,25,52,53" owari="115,-38.0,576,67.0,131,-27.0,178,-2.0" /></mjloggm>