<mjloggm ver="2.3"><GO type="41"/><UN n0="%E3%82%A6%E3%83%AB%E3%83%88%E3%83%A9%E7%AB%8B%E7%9B%B4" n1="%74%61%6B%61%68%69%72%61" n2="%E9%B0%BB%E5%B1%8B%E7%AB%9C%E7%8E%8B" n3="%E5%AE%89%E5%B2%A1%E3%81%95%E3%82%93" dan="15,14,15,14" rate="2028,1972,1957,1887" sx="M,M,M,M"/><TAIKYOKU oya="0"/><INIT seed="0,0,0,4,2,84" ten="250,250,250,250" oya="0" hai0="111,54,69,70,44,41,73,107,14,92,31,90,23" hai1="133,103,108,71,110,33,74,25,100,7,17,8,1" hai2="119,66,24,126,106,79,85,51,53,57,34,47,10" hai3="72,21,121,36,11,132,131,118,32,120,81,61,64"/><T105/><D73/><U80/><E71/><V114/><F106/><W104/><G118/><T52/><D105/><U67/><E67/><V96/><F114/><W91/><G104/><T88/><D107/><U89/><E133/><V124/><F119/><W125/><G36/><T9/><D69/><U128/><E128/><V35/><F10/><W15/><G131/><T45/><D70/><U3/><E3/><V102/><F24/><W59/><G132/><T75/><D75/><U62/><E62/><V94/><F79/><W56/><G32/><T55/><D111/><N who="1" m="42539" /><E17/><V113/><F113/><W86/><G72/><T97/><D31/><N who="1" m="19695" /><E74/><V101/><F85/><AGARI ba="0,0" hai="1,7,8,80,85,89,100,103" m="19695,42539" machi="85" ten="30,2000,0" yaku="14,1,52,1" doraHai="84" who="1" fromWho="2" sc="250,0,250,20,250,-20,250,0" /><INIT seed="1,0,0,0,1,2" ten="250,270,230,250" oya="1" hai0="62,72,7,36,16,89,18,10,4,13,56,45,128" hai1="105,23,32,133,115,108,63,88,74,80,19,79,41" hai2="26,97,29,58,33,101,110,54,94,61,121,42,21" hai3="0,38,47,70,116,27,68,104,132,34,95,37,8"/><U49/><E115/><V106/><F121/><W60/><G104/><T78/><D128/><U39/><E32/><V64/><F110/><W22/><G132/><T135/><D135/><U9/><E133/><V51/><F42/><W102/><G34/><T14/><D78/><U122/><E122/><V77/><F77/><W123/><G123/><T69/><D72/><U91/><E105/><V12/><F12/><W126/><G126/><T127/><D69/><U113/><E113/><V52/><F54/><W81/><G116/><T40/><D89/><U117/><E117/><V44/><REACH who="2" step="1"/><F33/><REACH who="2" ten="250,270,220,250" step="2"/><W3/><G0/><T28/><D127/><U119/><E108/><V43/><F43/><W82/><G3/><T118/><D118/><U25/><E119/><V59/><F59/><W99/><G68/><T24/><D56/><U15/><E39/><V124/><F124/><W84/><G70/><T75/><D75/><U125/><E125/><V73/><F73/><W107/><G38/><T83/><D62/><U76/><E76/><V65/><F65/><W96/><G37/><T53/><D53/><U111/><E111/><V109/><F109/><W129/><G129/><T6/><D36/><U93/><E63/><V11/><F11/><W92/><G8/><N who="0" m="6183" /><D40/><U86/><E74/><V20/><F20/><W66/><G66/><T90/><D45/><N who="1" m="25775" /><E93/><AGARI ba="0,1" hai="21,26,29,44,51,52,58,61,64,93,94,97,101,106" machi="93" ten="40,5200,0" yaku="1,1,54,1,53,1" doraHai="2" doraHaiUra="48" who="2" fromWho="1" sc="250,0,270,-52,220,62,250,0" /><INIT seed="2,0,0,2,3,128" ten="250,218,282,250" oya="2" hai0="95,134,82,30,26,91,22,42,74,132,25,133,43" hai1="28,32,86,45,107,59,14,75,85,93,90,69,3" hai2="61,99,131,125,110,122,38,46,27,68,87,65,80" hai3="63,11,100,13,47,121,21,16,118,123,18,7,49"/><V31/><F122/><W88/><G118/><T41/><D82/><U23/><E69/><V36/><F131/><W130/><G130/><T112/><D74/><U105/><E75/><V17/><F125/><W39/><G39/><T108/><D108/><U83/><E3/><V19/><F99/><W48/><G100/><T119/><D119/><U6/><E32/><V60/><F110/><W64/><G18/><T106/><D106/><U40/><E59/><V78/><F60/><W55/><G48/><T8/><D8/><U111/><E111/><V102/><F102/><W57/><REACH who="3" step="1"/><G88/><REACH who="3" ten="250,218,282,240" step="2"/><T89/><D112/><U115/><E115/><V66/><F66/><W9/><G9/><T12/><D12/><AGARI ba="0,1" hai="7,11,12,13,16,21,47,49,55,57,63,64,121,123" machi="12" ten="30,3900,0" yaku="1,1,7,1,54,1,53,0" doraHai="128" doraHaiUra="96" who="3" fromWho="0" sc="250,-39,218,0,282,0,240,49" /><INIT seed="3,0,0,4,5,42" ten="211,218,282,289" oya="3" hai0="48,52,117,47,106,114,0,73,61,60,93,9,134" hai1="135,82,130,68,21,132,75,38,91,62,128,64,54" hai2="99,14,69,123,10,74,18,12,131,17,122,120,16" hai3="70,79,50,28,65,53,85,103,57,124,4,63,44"/><W72/><G72/><T20/><D106/><U96/><E21/><V108/><F74/><W19/><G124/><T11/><D73/><U127/><E96/><V56/><F69/><W119/><G119/><T39/><D117/><U107/><E107/><V34/><F34/><W90/><G103/><T6/><D114/><U40/><E91/><V67/><F99/><W77/><G28/><T27/><D134/><N who="1" m="51243" /><E82/><V100/><F100/><W30/><G30/><T95/><D39/><U86/><E86/><V66/><F56/><W113/><G113/><T45/><D45/><N who="1" m="23703" /><E75/><V41/><F41/><W29/><G29/><T49/><D9/><U55/><E127/><V81/><F81/><W8/><G70/><T78/><D78/><U2/><E2/><V76/><F76/><W71/><G71/><T31/><D95/><U80/><E80/><V46/><F10/><W104/><G104/><T43/><D93/><U15/><E15/><V110/><F18/><W94/><G19/><T84/><D84/><U109/><E109/><V37/><F122/><W22/><G22/><T88/><D88/><U111/><E111/><V89/><F89/><W92/><G94/><T116/><D116/><U125/><E125/><V129/><F37/><W58/><G58/><T102/><D102/><U25/><E25/><V83/><F83/><W105/><G105/><T97/><D97/><U5/><E5/><V115/><F115/><W24/><G24/><T59/><AGARI ba="0,0" hai="0,6,11,20,27,31,43,47,48,49,52,59,60,61" machi="59" ten="20,5200,0" yaku="0,1,7,1,52,1,54,1" doraHai="42" who="0" fromWho="0" sc="211,52,218,-13,282,-13,289,-26" /><INIT seed="4,0,0,1,1,20" ten="263,205,269,263" oya="0" hai0="59,49,72,106,18,4,10,41,37,21,36,15,79" hai1="68,30,114,91,98,125,33,118,19,107,27,51,87" hai2="75,117,80,97,88,22,109,113,62,56,63,50,128" hai3="40,1,94,46,12,48,135,92,52,85,104,127,9"/><T39/><D106/><U89/><E118/><V111/><F117/><W133/><G104/><T61/><D79/><U134/><E125/><V96/><F128/><W90/><G127/><T32/><D72/><U60/><E134/><N who="3" m="51210" /><G1/><T76/><D76/><U54/><E114/><V115/><F50/><W17/><G40/><T110/><D32/><U34/><E33/><V119/><F119/><W74/><G74/><T64/><D110/><U84/><E19/><V131/><F75/><W126/><G126/><T73/><D73/><U24/><E24/><V47/><F47/><W66/><G66/><T83/><D83/><AGARI ba="0,0" hai="9,12,17,46,48,52,83,85,90,92,94" m="51210" machi="83" ten="30,3900,0" yaku="25,1,20,1,54,1" doraHai="20" who="3" fromWho="0" sc="263,-39,205,0,269,0,263,39" /><INIT seed="5,0,0,3,0,5" ten="224,205,269,302" oya="1" hai0="130,117,81,62,82,127,94,85,34,26,45,111,75" hai1="109,78,55,41,77,61,20,52,38,39,73,22,35" hai2="101,16,56,42,10,115,0,23,64,11,103,123,50" hai3="51,95,118,32,108,27,66,68,129,121,2,89,126"/><U43/><E35/><V91/><F123/><W86/><G121/><T120/><D120/><U71/><E61/><N who="2" m="37927" /><F0/><W97/><G108/><T48/><D111/><U46/><E109/><V28/><F28/><W107/><G2/><T1/><D1/><U15/><E71/><V60/><F60/><W19/><G118/><T134/><D117/><U133/><E73/><V80/><F115/><W30/><G51/><T4/><D127/><U87/><E87/><N who="2" m="50663" /><F50/><W58/><G126/><T67/><D130/><U6/><E133/><V40/><F40/><W98/><G58/><T102/><D75/><U105/><E105/><V100/><F42/><W13/><G68/><T88/><D4/><U7/><REACH who="1" step="1"/><E15/><AGARI ba="0,0" hai="10,11,15,16,23,100,101,103" m="50663,37927" machi="15" ten="30,7700,0" yaku="8,1,52,2,54,1" doraHai="5" who="2" fromWho="1" sc="224,0,205,-77,269,77,302,0" /><INIT seed="6,0,0,5,2,3" ten="224,128,346,302" oya="2" hai0="97,9,74,58,42,105,47,73,69,81,120,62,61" hai1="131,99,121,68,21,115,102,129,84,75,41,60,133" hai2="91,12,7,46,78,8,57,25,72,0,93,36,48" hai3="40,103,87,33,77,118,109,56,2,108,67,38,15"/><V17/><F72/><W6/><G118/><T22/><D120/><U98/><E41/><V119/><F78/><W53/><G2/><T35/><D35/><U65/><E75/><V37/><F119/><W11/><G33/><T70/><D61/><U82/><E133/><V113/><F25/><W114/><G67/><T132/><D132/><U116/><E116/><V39/><F113/><W104/><G114/><T76/><D74/><U64/><E115/><V19/><F57/><W130/><G130/><T122/><D122/><U20/><E121/><V44/><F44/><W16/><G38/><T59/><D59/><U100/><E84/><V101/><F101/><W95/><BYE who="1" /><G40/><T5/><D22/><U18/><E18/><V66/><F66/><W30/><G30/><T128/><D128/><U24/><E24/><V14/><F0/><W29/><G29/><T94/><D105/><U43/><E43/><V79/><F79/><W28/><G28/><T49/><D94/><U45/><E45/><V107/><F107/><W88/><G108/><T86/><D97/><U4/><E4/><V112/><F112/><W134/><G134/><T10/><D10/><U71/><E71/><V127/><F127/><W92/><G109/><T126/><D73/><U13/><E13/><V51/><F14/><N who="3" m="5495" /><G77/><T90/><D90/><U110/><E110/><V89/><F89/><W111/><G103/><T106/><D106/><U63/><E63/><V55/><REACH who="2" step="1"/><F48/><REACH who="2" ten="224,128,336,302" step="2"/><N who="3" m="30759" /><G104/><T96/><D126/><U80/><E80/><V27/><F27/><W31/><G111/><T52/><D70/><U54/><E54/><RYUUKYOKU ba="0,1" sc="224,-10,128,-10,336,30,302,-10" hai2="7,8,12,17,19,36,37,39,46,51,55,91,93" /><INIT seed="6,1,1,4,3,19" ten="214,118,366,292" oya="2" hai0="62,98,125,129,48,63,0,33,95,78,3,60,123" hai1="56,25,135,128,116,111,1,76,83,12,66,96,87" hai2="50,79,4,77,17,44,103,26,45,38,120,55,14" hai3="23,121,67,134,37,58,21,2,18,5,46,74,8"/><V131/><F120/><W24/><G121/><T114/><D123/><U115/><E115/><V86/><F131/><W118/><G118/><T122/><D122/><U91/><E91/><V41/><F103/><W105/><G105/><T106/><D114/><U16/><E16/><V51/><F38/><W113/><G113/><T132/><D106/><U80/><E80/><V49/><F49/><W130/><G74/><T53/><D33/><U133/><E133/><V6/><F26/><W34/><G134/><T73/><D132/><U59/><E59/><V29/><F29/><W40/><G130/><T42/><D129/><U15/><E15/><V35/><F35/><W94/><G34/><T52/><D125/><U71/><E71/><V126/><F126/><W69/><G69/><T84/><D73/><U30/><E30/><V89/><F89/><W54/><G94/><T119/><D119/><U93/><E93/><V39/><F86/><W57/><G67/><T108/><D108/><U72/><E72/><V117/><F39/><W127/><G54/><T43/><D3/><U7/><E7/><N who="2" m="2603" /><F117/><W101/><G101/><T11/><D11/><AGARI ba="1,1" hai="11,14,17,41,44,45,50,51,55,77,79" m="2603" machi="11" ten="30,1500,0" yaku="8,1" doraHai="19" who="2" fromWho="0" sc="214,-18,118,0,366,28,292,0" /><INIT seed="6,2,0,5,3,118" ten="196,118,394,292" oya="2" hai0="48,17,13,31,116,2,66,60,43,63,134,117,78" hai1="104,127,24,42,96,97,11,112,68,15,18,20,12" hai2="39,14,62,123,30,6,5,46,113,61,44,88,105" hai3="4,126,111,85,9,28,115,98,33,71,124,75,80"/><V25/><F105/><W122/><G111/><T55/><D2/><U7/><E7/><V38/><F113/><W1/><G71/><T106/><D106/><U47/><E47/><V128/><F128/><W81/><G75/><T26/><D134/><U29/><E29/><V21/><F14/><W74/><G74/><T120/><D117/><U131/><E131/><V73/><F73/><W125/><G98/><T76/><D116/><U59/><E59/><V132/><F30/><W19/><G81/><T64/><D43/><U102/><E102/><V94/><F21/><W51/><G51/><T49/><D26/><U27/><E27/><V36/><F25/><N who="3" m="18575" /><G85/><T35/><D31/><U100/><E100/><V40/><F40/><W10/><G80/><T72/><D35/><U83/><E83/><V87/><F132/><W16/><G115/><T50/><D72/><U45/><E45/><V133/><F133/><W82/><G82/><T65/><D55/><U130/><E130/><V129/><F129/><W86/><G86/><T69/><D69/><U91/><E91/><V109/><F109/><W93/><G93/><T110/><D110/><U90/><E90/><V3/><F61/><W79/><G79/><T52/><D120/><U135/><E135/><V114/><F123/><W95/><G95/><T8/><D60/><U89/><E89/><V23/><F62/><W108/><G108/><T103/><REACH who="0" step="1"/><D103/><REACH who="0" ten="186,118,394,292" step="2"/><U67/><E67/><V22/><F114/><W32/><G32/><T121/><D121/><U99/><E99/><V70/><F70/><W84/><G122/><T34/><D34/><RYUUKYOKU ba="2,1" sc="186,30,118,-10,394,-10,292,-10" hai0="8,13,17,48,49,50,52,63,64,65,66,76,78" /><INIT seed="7,3,1,3,2,4" ten="216,108,384,282" oya="3" hai0="23,52,56,15,37,69,98,14,83,99,58,74,32" hai1="5,6,93,60,21,3,54,124,62,135,16,66,121" hai2="97,71,28,89,51,53,122,76,116,100,94,84,0" hai3="131,17,113,73,85,125,117,41,46,134,11,13,67"/><W80/><G73/><T126/><D32/><U75/><E75/><V44/><F0/><W110/><G117/><T29/><D69/><U87/><E87/><V92/><F71/><W81/><G113/><T130/><D37/><U114/><E114/><V133/><F116/><W86/><G125/><T102/><D126/><U101/><E101/><V18/><F28/><W88/><G131/><T120/><D130/><U115/><E115/><V31/><F31/><W57/><G134/><T77/><D120/><U43/><E43/><V96/><F133/><W47/><G110/><T65/><D65/><U20/><E20/><V123/><F18/><W9/><G67/><T108/><D58/><U34/><E34/><V49/><F49/><N who="3" m="26831" /><G57/><T12/><D108/><U128/><E128/><V107/><F107/><W33/><G47/><T132/><D132/><U91/><E91/><V36/><F36/><W119/><G33/><T127/><D127/><U68/><E68/><V48/><F48/><W2/><G2/><T22/><D29/><U24/><E24/><V90/><F76/><N who="3" m="46215" /><G119/><T129/><D129/><U63/><E63/><V40/><F40/><W10/><AGARI ba="3,1" hai="9,10,11,13,17,81,86,88" m="46215,26831" machi="10" ten="30,12000,1" yaku="8,1,52,3,54,1" doraHai="4" who="3" fromWho="3" sc="216,-43,108,-43,384,-43,282,139" owari="173,-23.0,65,-43.0,341,14.0,421,52.0" /></mjloggm>