<mjloggm ver="2.3"><GO type="169"/><UN n0="%E5%94%AF%E4%B8%98%E6%A9%98%E8%91%89" n1="%EF%BC%88%E2%89%A7%E2%96%BD%E2%89%A6%EF%BC%89" n2="%E3%81%B2%E3%81%BD%E3%81%8D%E3%82%88%E3%81%97" n3="%E5%9B%9B%E6%AE%B5" dan="16,18,17,16" rate="2079,2177,2130,2095" sx="F,M,M,M"/><TAIKYOKU oya="0"/><INIT seed="0,0,0,3,2,130" ten="250,250,250,250" oya="0" hai0="113,114,108,94,22,55,121,129,9,80,76,27,133" hai1="104,10,116,17,23,106,103,71,102,119,99,110,31" hai2="34,72,82,41,30,19,70,16,88,66,48,126,24" hai3="107,61,73,6,95,89,39,11,63,36,62,59,123"/><T69/><D121/><U37/><E110/><V52/><F126/><W18/><G107/><T67/><D129/><U13/><E37/><V93/><F41/><W46/><G73/><T7/><D69/><U91/><E71/><V87/><F70/><W33/><G33/><T65/><D113/><U75/><E75/><V124/><F124/><W28/><G28/><T96/><D55/><U8/><E91/><V12/><F66/><W105/><G105/><T79/><D114/><U118/><REACH who="1" step="1"/><E31/><REACH who="1" ten="250,240,250,250" step="2"/><V81/><F72/><W68/><G68/><T134/><D108/><U100/><E100/><V51/><F51/><W50/><G123/><T4/><D79/><U125/><E125/><V3/><F3/><W38/><G39/><T92/><D76/><U122/><E122/><V74/><F74/><W64/><G38/><T45/><D80/><U14/><E14/><V120/><F120/><W29/><G36/><T135/><D45/><U78/><E78/><V25/><F25/><W97/><G29/><N who="0" m="17655" /><D94/><U132/><E132/><V98/><F12/><N who="3" m="7455" /><G6/><N who="0" m="2091" /><D9/><U57/><E57/><V86/><F82/><W101/><G101/><AGARI ba="0,1" hai="65,67,92,96,101,133,134,135" m="2091,17655" machi="101" ten="30,11600,0" yaku="20,1,52,3" doraHai="130" who="0" fromWho="3" sc="250,126,240,0,250,0,250,-116" /><INIT seed="0,1,0,3,5,49" ten="376,240,250,134" oya="0" hai0="57,18,33,121,70,47,1,123,82,63,12,91,27" hai1="125,55,111,6,129,21,72,53,24,115,133,78,80" hai2="31,42,103,65,14,60,71,45,128,50,52,107,26" hai3="92,32,77,8,102,131,101,5,85,69,4,98,64"/><T19/><D1/><U41/><E111/><V88/><F128/><W81/><G131/><T110/><D70/><U61/><E129/><V34/><F14/><W74/><G32/><T23/><D110/><U116/><E116/><V86/><F103/><W10/><G74/><T39/><D39/><U28/><E133/><V16/><F107/><W135/><G135/><T132/><D132/><U15/><E125/><V96/><F96/><W73/><G73/><T134/><D134/><U79/><E115/><V126/><F126/><W30/><G30/><T40/><D40/><U20/><E41/><V51/><F16/><W3/><G102/><T94/><D47/><U54/><E78/><V46/><F51/><W113/><G113/><T38/><D82/><U0/><E0/><V29/><F29/><W44/><G44/><T99/><D38/><U109/><E109/><V93/><F42/><W100/><G100/><T43/><D43/><U114/><E114/><V127/><F127/><W76/><G76/><T75/><D75/><U11/><REACH who="1" step="1"/><E21/><REACH who="1" ten="376,230,250,134" step="2"/><V84/><F84/><W89/><G77/><T2/><D2/><U48/><E48/><V95/><REACH who="2" step="1"/><F46/><REACH who="2" ten="376,230,240,134" step="2"/><W117/><G3/><T97/><D33/><U119/><E119/><V124/><F124/><W35/><G117/><T25/><D123/><U67/><E67/><V130/><F130/><W83/><G35/><T68/><D121/><U87/><E87/><V13/><F13/><W106/><G64/><T66/><D12/><U105/><E105/><V56/><F56/><AGARI ba="1,2" hai="6,11,15,20,24,28,53,54,55,56,61,72,79,80" machi="56" ten="40,8000,1" yaku="1,1,52,3,53,1" doraHai="49" doraHaiUra="9" who="1" fromWho="2" sc="376,0,230,103,240,-83,134,0" /><INIT seed="1,0,0,5,4,79" ten="376,333,157,134" oya="1" hai0="42,74,82,92,44,68,124,47,23,84,50,108,81" hai1="98,122,127,18,20,13,59,71,26,58,27,87,22" hai2="38,131,17,91,9,106,96,95,119,112,11,64,24" hai3="30,132,54,111,10,90,103,85,72,41,125,93,69"/><U15/><E122/><V88/><F119/><W104/><G69/><T0/><D0/><U75/><E71/><V55/><F131/><W129/><G41/><T33/><D33/><U76/><E75/><V34/><F112/><W12/><G30/><T118/><D68/><U123/><E123/><V56/><F38/><W77/><G54/><T32/><D32/><U134/><E134/><V45/><F106/><W28/><G28/><T128/><D74/><U6/><E98/><V73/><F73/><W36/><G36/><T19/><D118/><U53/><E127/><V62/><F91/><W120/><G120/><T130/><D47/><U107/><E107/><V86/><F86/><W99/><G129/><N who="0" m="49771" /><D108/><U63/><E6/><V48/><REACH who="2" step="1"/><F34/><REACH who="2" ten="376,333,147,134" step="2"/><W133/><G111/><T57/><D124/><U116/><E116/><V60/><F60/><W94/><G125/><T115/><D115/><U51/><E87/><V8/><F8/><W14/><G104/><T109/><D109/><U83/><E76/><V80/><F80/><N who="3" m="45095" /><G10/><T78/><D78/><U126/><E126/><V16/><F16/><W4/><G4/><T5/><D5/><U31/><REACH who="1" step="1"/><E83/><REACH who="1" ten="376,323,147,134" step="2"/><V110/><F110/><W25/><G133/><T7/><D7/><U70/><E70/><V100/><F100/><W21/><G132/><T102/><D102/><U1/><E1/><V101/><F101/><W49/><G103/><T114/><D114/><U117/><E117/><V113/><F113/><W3/><G3/><T121/><D84/><U67/><AGARI ba="0,2" hai="13,15,18,20,22,26,27,31,51,53,58,59,63,67" machi="67" ten="20,7800,0" yaku="1,1,0,1,7,1,8,1,53,0" doraHai="79" doraHaiUra="40" who="1" fromWho="1" sc="376,-26,323,98,147,-26,134,-26" /><INIT seed="1,1,0,0,2,14" ten="350,421,121,108" oya="1" hai0="15,10,27,4,119,3,8,73,45,60,133,75,32" hai1="96,33,86,41,30,115,34,91,89,46,105,83,111" hai2="53,17,16,118,102,49,82,58,1,56,131,63,80" hai3="55,90,51,18,113,23,67,2,79,50,76,24,85"/><U35/><E115/><V93/><F131/><W101/><G2/><T39/><D119/><U9/><E111/><V66/><F1/><W112/><G101/><T95/><D133/><U42/><E42/><V128/><F128/><W5/><G5/><T19/><D39/><U11/><E30/><V6/><F6/><W88/><G67/><T110/><D110/><U20/><E20/><V52/><F118/><W48/><G55/><T59/><D45/><U69/><E69/><V25/><F66/><W104/><G104/><T134/><D134/><U62/><E62/><V7/><F7/><W108/><G108/><T64/><D32/><U121/><E121/><V132/><F132/><W47/><G47/><T0/><D0/><U74/><E74/><V114/><F114/><W21/><G21/><T40/><D40/><U61/><E61/><V70/><F70/><W117/><G117/><T44/><D44/><U36/><REACH who="1" step="1"/><E89/><REACH who="1" ten="350,411,121,108" step="2"/><V29/><F29/><W97/><G113/><T123/><D123/><U26/><E26/><V99/><F25/><W78/><G112/><T103/><D27/><U129/><E129/><V38/><F38/><W54/><G90/><T125/><D75/><U94/><E94/><V37/><F37/><W127/><G88/><T72/><D72/><U100/><AGARI ba="1,1" hai="9,11,33,34,35,36,41,46,83,86,91,96,100,105" machi="100" ten="40,7800,0" yaku="1,1,0,1,53,1" doraHai="14" doraHaiUra="84" who="1" fromWho="1" sc="350,-27,411,91,121,-27,108,-27" /><INIT seed="1,2,0,0,2,108" ten="323,502,94,81" oya="1" hai0="47,30,126,13,71,82,103,0,94,18,111,113,38" hai1="64,6,10,29,95,120,31,65,51,123,34,35,127" hai2="75,114,121,100,119,69,23,80,56,67,122,21,61" hai3="115,16,24,112,73,26,1,135,62,93,58,101,133"/><U59/><E127/><V2/><F119/><W57/><G73/><T32/><D0/><U9/><E6/><V49/><F2/><W98/><G1/><T36/><D71/><U97/><E97/><V3/><F3/><W132/><G58/><T87/><D103/><U7/><E7/><V55/><F100/><W14/><G26/><T109/><D94/><U105/><E95/><V106/><F106/><W86/><G86/><T131/><D30/><U88/><E51/><V77/><REACH who="2" step="1"/><F114/><REACH who="2" ten="323,502,84,81" step="2"/><W125/><G125/><T81/><D113/><U74/><E105/><V124/><F124/><W117/><G117/><T43/><D126/><U118/><E118/><V128/><F128/><W50/><G24/><T96/><D131/><U107/><E107/><V5/><F5/><W25/><G25/><T40/><D111/><U79/><E123/><AGARI ba="2,1" hai="21,23,49,55,56,61,67,69,75,77,80,121,122,123" machi="123" ten="40,1300,0" yaku="1,1,53,0" doraHai="108" doraHaiUra="91" who="2" fromWho="1" sc="323,0,502,-19,84,29,81,0" /><INIT seed="2,0,0,1,1,99" ten="323,483,113,81" oya="2" hai0="31,66,43,57,0,128,127,58,1,23,78,125,88" hai1="4,102,120,39,123,9,6,95,18,126,63,10,108" hai2="49,132,68,38,65,106,75,35,109,77,84,41,19" hai3="45,37,33,74,103,101,110,83,56,85,81,124,22"/><V24/><F132/><W80/><G33/><T28/><D78/><U134/><E39/><V76/><F38/><W104/><G104/><T44/><D128/><U48/><E134/><V92/><F75/><W90/><G74/><T121/><D121/><N who="1" m="46667" /><E108/><V130/><F106/><W79/><G110/><T133/><D133/><U69/><E48/><V42/><F109/><W119/><G119/><T25/><D31/><U96/><E126/><V116/><F65/><W87/><G83/><T5/><D127/><U131/><E131/><V7/><F68/><W8/><G124/><T20/><D5/><N who="1" m="2155" /><E18/><V91/><F130/><W129/><G129/><T55/><D1/><U93/><E93/><V26/><F116/><W114/><G114/><T86/><D0/><U34/><E34/><V100/><F7/><W21/><G8/><T11/><D11/><U135/><E135/><V67/><F67/><AGARI ba="0,0" hai="9,10,63,67,69,95,96,102" m="2155,46667" machi="67" ten="30,2000,0" yaku="13,1,52,1" doraHai="99" who="1" fromWho="2" sc="323,0,483,20,113,-20,81,0" /><INIT seed="3,0,0,5,2,11" ten="323,503,93,81" oya="3" hai0="90,64,76,123,24,101,63,73,72,113,6,105,33" hai1="23,128,30,1,127,25,107,27,70,82,40,7,20" hai2="15,87,135,98,50,109,77,62,32,102,119,36,133" hai3="120,68,69,89,48,129,9,99,108,37,47,80,104"/><W121/><G37/><T97/><D123/><U35/><E107/><V131/><F36/><W112/><G112/><T22/><D113/><U51/><E70/><V8/><F32/><W55/><G129/><T115/><D115/><U81/><E128/><V75/><F75/><W14/><G108/><T39/><D39/><U132/><E35/><V106/><F131/><W61/><G104/><T74/><D90/><U54/><E132/><N who="2" m="50763" /><F109/><W96/><G96/><T118/><D6/><U93/><E40/><V71/><F50/><W46/><G46/><T3/><D22/><U31/><E127/><V122/><F119/><W17/><G99/><T88/><D88/><U78/><E93/><V130/><F130/><W83/><G83/><N who="0" m="45447" /><D3/><U13/><E1/><V95/><F122/><N who="3" m="47211" /><G61/><T134/><D134/><U26/><E26/><V58/><F71/><W59/><G59/><T41/><D41/><U66/><E78/><V4/><F106/><W117/><G117/><T110/><D110/><U0/><E0/><V79/><F87/><AGARI ba="0,0" hai="9,14,17,47,48,55,68,69,80,87,89" m="47211" machi="87" ten="30,2900,0" yaku="25,1,52,1" doraHai="11" who="3" fromWho="2" sc="323,0,503,0,93,-29,81,29" /><INIT seed="3,1,0,4,1,102" ten="323,503,64,110" oya="3" hai0="37,84,21,53,108,62,15,76,111,75,4,43,56" hai1="107,29,120,122,35,39,88,127,65,80,90,44,94" hai2="48,42,58,36,24,118,23,51,32,7,124,14,55" hai3="134,63,46,103,83,125,18,16,110,10,117,77,132"/><W89/><G117/><T109/><D75/><U79/><E65/><V17/><F118/><W91/><G125/><T73/><D73/><U93/><E127/><V8/><F124/><W20/><G110/><T97/><D97/><U69/><E69/><V52/><F36/><W60/><G103/><T26/><D37/><U11/><E11/><V45/><REACH who="2" step="1"/><F32/><REACH who="2" ten="323,503,54,110" step="2"/><W49/><G134/><T86/><D108/><U72/><E35/><V34/><F34/><W87/><G132/><T95/><D111/><U28/><E120/><V105/><F105/><W101/><G101/><T130/><D109/><U38/><E107/><V41/><AGARI ba="1,1" hai="7,8,14,17,23,24,41,42,45,48,51,52,55,58" machi="41" ten="30,8000,1" yaku="1,1,0,1,8,1,54,1,53,1" doraHai="102" doraHaiUra="9" who="2" fromWho="2" sc="323,-21,503,-21,54,93,110,-41" /><INIT seed="4,0,0,2,0,114" ten="302,482,147,69" oya="0" hai0="44,39,72,46,43,21,63,60,91,64,34,97,105" hai1="124,126,10,31,27,123,15,132,65,11,66,16,120" hai2="125,33,117,37,7,4,79,53,52,76,130,78,131" hai3="5,28,58,94,26,133,122,45,49,85,29,32,70"/><T9/><D34/><N who="1" m="20863" /><E132/><V96/><F33/><W48/><G70/><T73/><D63/><U80/><E80/><V113/><F37/><W55/><G122/><N who="1" m="46634" /><E65/><V106/><F113/><W36/><G36/><T87/><D46/><U17/><E66/><V110/><F110/><W128/><G128/><N who="2" m="49193" /><F125/><N who="1" m="48233" /><E10/><V100/><F117/><W112/><G133/><T6/><D21/><U14/><E14/><V22/><F22/><W99/><G112/><T67/><D67/><U95/><E95/><V82/><F82/><W59/><G85/><T51/><D39/><U12/><E12/><V30/><F30/><W61/><G29/><T38/><D38/><U3/><E3/><V62/><F62/><W19/><G49/><T74/><D105/><U86/><E86/><V24/><F24/><W101/><G61/><T83/><D97/><U25/><E25/><V108/><F108/><W81/><G81/><T134/><D134/><U57/><E57/><V84/><F84/><W88/><G101/><T8/><REACH who="0" step="1"/><D6/><AGARI ba="0,0" hai="6,11,15,16,17" m="48233,46634,20863" machi="6" ten="30,7700,0" yaku="18,1,34,2,54,1" doraHai="114" who="1" fromWho="0" sc="302,-77,482,77,147,0,69,0" /><AGARI ba="0,0" hai="4,6,7,52,53,76,78,79,96,100,106" m="49193" machi="6" ten="30,2000,0" yaku="19,1,54,1" doraHai="114" who="2" fromWho="0" sc="225,-20,559,0,147,20,69,0" /><INIT seed="5,0,0,5,3,93" ten="205,559,167,69" oya="1" hai0="69,102,46,97,57,125,111,110,32,56,38,96,25" hai1="115,68,85,8,108,53,130,33,83,3,20,70,86" hai2="64,88,78,22,114,104,61,62,15,127,43,134,9" hai3="133,28,113,66,27,4,98,54,76,29,120,51,119"/><U99/><E33/><V117/><F117/><W116/><G120/><T23/><D69/><U24/><E85/><V72/><F127/><W92/><G66/><T106/><D32/><U109/><E115/><V129/><F104/><W19/><G113/><T39/><D125/><U34/><E34/><V95/><F114/><W105/><G105/><T123/><D123/><U77/><E130/><V71/><F129/><W12/><G133/><T126/><D126/><U36/><E36/><V87/><F134/><W48/><G76/><T103/><D106/><U18/><E53/><V40/><F22/><W84/><G4/><T100/><D100/><U5/><E99/><V128/><F128/><W121/><G84/><T11/><D23/><U10/><E10/><V59/><F72/><W47/><G51/><T41/><D41/><U26/><E26/><V30/><F30/><W75/><G75/><T49/><D49/><U1/><E3/><V82/><F62/><W90/><G121/><T42/><D42/><U58/><E58/><V7/><REACH who="2" step="1"/><F71/><REACH who="2" ten="205,559,157,69" step="2"/><W16/><G29/><T132/><D132/><U94/><E68/><V67/><F67/><W89/><G28/><T37/><D11/><U63/><E70/><V6/><F6/><W31/><G31/><T81/><D111/><U52/><E109/><V21/><F21/><N who="3" m="13735" /><G119/><T35/><D110/><U122/><E108/><V124/><F124/><W107/><G107/><T13/><D35/><U60/><E5/><V55/><F55/><W118/><G90/><T79/><D79/><U2/><E122/><V80/><F80/><W74/><G74/><RYUUKYOKU ba="0,1" sc="205,-15,559,-15,157,15,69,15" hai2="7,9,15,40,43,59,61,64,78,82,87,88,95" hai3="12,19,47,48,54,89,92,98,116,118" /><INIT seed="6,1,1,1,1,12" ten="190,544,172,84" oya="2" hai0="82,37,130,13,124,77,92,62,100,54,3,120,58" hai1="127,15,26,110,40,43,104,46,55,22,90,102,80" hai2="117,41,119,6,74,83,59,129,39,115,9,125,66" hai3="47,135,101,56,7,103,73,48,44,65,36,34,114"/><V91/><F125/><W87/><G73/><T18/><D3/><U28/><E110/><V111/><F111/><W45/><G34/><T134/><D37/><U78/><E127/><V63/><F91/><W31/><G31/><T84/><D124/><U85/><E104/><V122/><F122/><W133/><G7/><T97/><D120/><U0/><E0/><N who="2" m="199" /><F129/><W27/><G27/><T30/><D30/><U5/><E102/><V79/><F115/><W113/><G87/><T60/><D130/><U71/><E71/><V4/><F4/><W16/><G36/><T76/><D134/><N who="3" m="51209" /><G101/><T25/><D25/><U33/><E90/><V20/><F20/><W75/><G75/><T42/><D42/><U108/><E108/><V112/><F112/><N who="3" m="43115" /><G103/><T53/><D77/><U89/><E78/><V68/><F68/><W95/><G95/><T52/><D62/><U32/><E32/><V107/><F107/><W57/><G16/><T116/><D116/><U106/><E106/><V38/><F38/><W49/><G65/><T132/><D132/><U88/><E33/><V64/><F66/><W121/><G121/><T99/><D99/><U50/><E89/><V93/><F93/><W69/><G69/><T109/><D109/><U94/><E94/><V35/><F35/><W23/><G23/><AGARI ba="1,1" hai="13,18,23,52,53,54,58,60,76,82,84,92,97,100" machi="23" ten="30,7700,0" yaku="7,1,8,1,52,1,54,1" doraHai="12" who="0" fromWho="3" sc="190,90,544,0,172,0,84,-80" /><INIT seed="7,0,0,2,3,100" ten="280,544,172,4" oya="3" hai0="71,44,32,79,5,123,135,99,75,73,4,61,42" hai1="94,111,62,91,45,117,16,116,88,30,120,43,20" hai2="46,34,6,104,133,39,114,109,96,14,130,103,54" hai3="70,128,108,92,49,74,29,110,98,127,122,107,59"/><W106/><G70/><T78/><D32/><U51/><E120/><V118/><F109/><N who="3" m="42091" /><G122/><T24/><D24/><U81/><E30/><V1/><F114/><W95/><G29/><T56/><D71/><U119/><E111/><V58/><F130/><W93/><G128/><T19/><D19/><U64/><E81/><V90/><F133/><W40/><G127/><T134/><D123/><U7/><E94/><N who="3" m="36458" /><G74/><T22/><D75/><U131/><E7/><V26/><F118/><W55/><G40/><T3/><D73/><U9/><E9/><V2/><F34/><W50/><G49/><T28/><D42/><U65/><E131/><V17/><F39/><W25/><G25/><T10/><D28/><U47/><E47/><V36/><F36/><W84/><G84/><T66/><D44/><U37/><E37/><V105/><F26/><W12/><G12/><T76/><D135/><U102/><E117/><V31/><F31/><W82/><G82/><T57/><D61/><U89/><E62/><V23/><F46/><W85/><G85/><T124/><D124/><U69/><E69/><V11/><F2/><W41/><G41/><T60/><D60/><U38/><E38/><V126/><F126/><W115/><G115/><T125/><D3/><U101/><E119/><V53/><F58/><W48/><G48/><T77/><D57/><U113/><E116/><V87/><F87/><W86/><G86/><T97/><D56/><U132/><E132/><V121/><F121/><W72/><G72/><T129/><D134/><U67/><E113/><V27/><F14/><AGARI ba="0,0" hai="14,16,20,43,45,51,64,65,67,88,89,91,101,102" machi="14" ten="40,5200,0" yaku="8,1,54,2" doraHai="100" who="1" fromWho="2" sc="280,0,544,52,172,-52,4,0" owari="280,8.0,596,70.0,120,-28.0,4,-50.0" /></mjloggm>