<mjloggm ver="2.3"><GO type="41" lobby="0"/><UN n0="%78%E4%B8%89%E5%9C%8B%E5%81%A5%E6%AC%A1%E9%83%8E%78" n1="%E3%82%A6%E3%83%AB%E3%83%88%E3%83%A9%E7%AB%8B%E7%9B%B4" n2="%6D%61%73%61%39%35%30%31" n3="%E8%B5%A4%E9%BE%8D%E2%98%86" dan="15,16,14,14" rate="1977.08,2072.82,1924.06,1899.53" sx="M,M,M,F"/><TAIKYOKU oya="0"/><INIT seed="0,0,0,4,0,86" ten="250,250,250,250" oya="0" hai0="67,4,103,19,15,29,21,35,68,9,58,27,78" hai1="25,126,8,34,61,75,134,131,88,104,114,82,3" hai2="13,74,63,107,18,76,66,55,127,87,64,115,41" hai3="1,98,22,101,91,122,38,112,43,125,95,129,54"/><T33/><D68/><U84/><E114/><V12/><F41/><W90/><G112/><T135/><D78/><U117/><E117/><V53/><F107/><W113/><G113/><T50/><D103/><U57/><E104/><V94/><F74/><W111/><G1/><T105/><D105/><U77/><E126/><V40/><F40/><W80/><G129/><T81/><D81/><U97/><E97/><V70/><F66/><W62/><G125/><T92/><D92/><U7/><E131/><V110/><F127/><W16/><G122/><T118/><D118/><U60/><E134/><V121/><F13/><W10/><G10/><T124/><D124/><U85/><E75/><V109/><F115/><W44/><G80/><T37/><D37/><U47/><E47/><V39/><F76/><W26/><REACH who="3" step="1"/><G111/><REACH who="3" ten="250,250,250,240" step="2"/><N who="2" m="42505" /><F39/><W42/><G42/><T106/><D135/><U73/><E73/><V36/><F36/><W99/><G99/><T31/><D106/><U128/><E128/><V100/><F121/><W56/><AGARI ba="0,1" hai="16,22,26,38,43,44,54,56,62,90,91,95,98,101" machi="56" ten="30,8000,1" yaku="1,1,0,1,52,2,54,1,53,0" doraHai="86" doraHaiUra="120" who="3" fromWho="3" sc="250,-40,250,-20,250,-20,240,90" /><INIT seed="1,0,0,0,2,35" ten="210,230,230,330" oya="1" hai0="27,104,71,8,1,121,67,10,44,97,79,127,58" hai1="103,2,42,95,92,99,34,51,73,122,65,17,89" hai2="131,96,18,100,134,120,15,9,75,91,29,48,25" hai3="74,12,59,90,113,14,39,0,53,109,124,54,36"/><U50/><E73/><V37/><F37/><W22/><G74/><T112/><D71/><U118/><E34/><V77/><F131/><W19/><G113/><T63/><D112/><U20/><E122/><V85/><F134/><W32/><G32/><T80/><D127/><U21/><E118/><V38/><F38/><W62/><G124/><T57/><D121/><U66/><E2/><V78/><F120/><W125/><G125/><T135/><D135/><U101/><E89/><V68/><F68/><W133/><G133/><T61/><D44/><U40/><E17/><V72/><F75/><W111/><G0/><T81/><D27/><U110/><E110/><N who="3" m="41994" /><G14/><T116/><D116/><U3/><E3/><V60/><F60/><W94/><G54/><T52/><D1/><U55/><E55/><V49/><F96/><AGARI ba="0,0" hai="12,19,22,36,39,53,59,62,90,94,96" m="41994" machi="96" ten="30,1000,0" yaku="14,1" doraHai="35" who="3" fromWho="2" sc="210,0,230,0,230,-10,330,10" /><AGARI ba="0,0" hai="20,21,40,42,50,51,65,66,92,95,96,99,101,103" machi="96" ten="25,4800,0" yaku="22,2,8,1" doraHai="35" who="1" fromWho="2" sc="210,0,230,48,220,-48,340,0" /><INIT seed="1,1,0,1,2,17" ten="210,278,172,340" oya="1" hai0="128,9,77,64,24,126,84,82,90,109,118,106,46" hai1="29,38,2,1,87,115,55,13,41,20,26,61,31" hai2="37,4,89,12,63,97,116,21,27,86,98,111,135" hai3="42,108,59,28,74,36,6,71,30,92,93,39,62"/><U43/><E115/><V102/><F37/><W76/><G108/><T134/><D118/><U75/><E75/><V60/><F116/><W80/><G71/><T35/><D106/><U129/><E129/><V73/><F73/><W22/><G6/><T16/><D128/><U7/><E2/><V44/><F135/><W110/><G110/><T114/><D114/><U70/><E1/><V10/><F44/><W117/><G117/><T107/><D109/><U94/><E38/><V127/><F111/><W67/><G39/><T40/><D107/><U23/><E70/><V79/><F79/><W133/><G133/><T18/><D64/><U0/><E0/><V57/><F63/><W11/><G11/><T81/><D134/><U45/><E7/><V130/><F102/><W51/><G36/><T5/><D126/><U69/><E69/><V85/><F85/><N who="3" m="48263" /><G22/><N who="1" m="8234" /><E26/><V65/><F127/><W96/><G74/><T112/><D112/><U125/><E125/><V104/><F104/><W34/><G34/><T121/><D24/><U3/><E3/><V50/><F50/><W124/><G124/><T72/><D35/><U123/><E123/><V66/><F66/><W52/><G67/><T49/><D121/><U101/><E13/><AGARI ba="1,0" hai="5,9,13,16,18,40,46,49,72,77,81,82,84,90" machi="13" ten="30,2000,0" yaku="7,1,54,1" doraHai="17" who="0" fromWho="1" sc="210,23,278,-23,172,0,340,0" /><INIT seed="2,0,0,4,4,33" ten="233,255,172,340" oya="2" hai0="70,112,104,111,97,119,99,74,110,89,50,18,39" hai1="94,69,91,76,7,108,101,103,25,38,53,41,17" hai2="32,3,44,40,5,51,67,29,61,36,34,106,49" hai3="78,59,131,57,82,128,24,28,100,22,102,16,115"/><V58/><F106/><W124/><G124/><T133/><D74/><U87/><E69/><V31/><F5/><W15/><G115/><T130/><D39/><U120/><E120/><V93/><F3/><W117/><G117/><T114/><D70/><U95/><E108/><N who="0" m="41513" /><D50/><U84/><E41/><V62/><F34/><W90/><G90/><T23/><D133/><U1/><E38/><V132/><F32/><W105/><G105/><T64/><D64/><U19/><E53/><N who="2" m="33999" /><F93/><W109/><G109/><T56/><D56/><N who="3" m="21577" /><G78/><T121/><D130/><N who="3" m="49705" /><G82/><T9/><D121/><U14/><E76/><V134/><F31/><W88/><G88/><T6/><D119/><U81/><E91/><V83/><F29/><W27/><G27/><N who="0" m="14839" /><D89/><U54/><E81/><V107/><F83/><W71/><G71/><T4/><D4/><U60/><E7/><V125/><F107/><W35/><AGARI ba="0,0" hai="15,16,22,24,28,35,100,102" m="49705,21577" machi="35" ten="30,2000,0" yaku="19,1,54,1" doraHai="33" who="3" fromWho="3" sc="233,-5,255,-5,172,-10,340,20" /><INIT seed="3,0,0,3,5,76" ten="228,250,162,360" oya="3" hai0="38,64,36,92,13,78,42,43,95,29,106,89,131" hai1="7,11,70,84,109,112,127,22,117,130,51,26,55" hai2="93,74,132,72,50,110,100,91,99,111,2,41,94" hai3="87,32,52,82,17,14,31,1,108,118,35,125,122"/><W102/><G122/><T34/><D106/><U54/><E70/><V128/><F2/><W101/><G118/><T20/><D34/><U124/><E117/><V5/><F50/><W10/><G1/><T67/><D131/><U58/><E112/><V12/><F41/><W119/><G119/><T9/><D78/><U60/><E130/><V98/><F12/><W113/><G113/><T104/><D104/><U19/><E109/><N who="2" m="41483" /><F5/><W33/><G108/><T18/><D38/><U44/><REACH who="1" step="1"/><E84/><REACH who="1" ten="228,240,162,360" step="2"/><N who="2" m="52455" /><F128/><W3/><G125/><T16/><D36/><U6/><E6/><V88/><F132/><W57/><G3/><AGARI ba="0,1" hai="3,7,11,19,22,26,44,51,54,55,58,60,124,127" machi="3" ten="40,2600,0" yaku="1,1,53,1" doraHai="76" doraHaiUra="15" who="1" fromWho="3" sc="228,0,240,36,162,0,360,-26" /><INIT seed="4,0,0,3,5,11" ten="228,276,162,334" oya="0" hai0="67,80,20,39,17,92,120,125,25,107,1,105,2" hai1="108,117,135,113,111,100,66,51,93,127,85,40,38" hai2="102,55,79,18,31,27,52,41,91,5,104,114,14" hai3="126,121,16,118,63,12,24,124,128,50,62,30,74"/><T103/><D120/><U43/><E117/><V9/><F79/><W110/><G74/><T47/><D125/><N who="3" m="48233" /><G121/><T45/><D67/><U87/><E127/><V7/><F104/><W94/><G118/><T131/><D131/><U6/><E38/><V53/><F102/><W65/><G128/><T21/><D80/><U70/><E43/><V60/><F41/><W72/><G72/><T71/><D71/><U122/><E122/><V116/><F114/><W15/><G110/><T95/><D25/><U37/><E37/><V59/><F116/><W48/><G94/><T81/><D81/><U42/><E113/><V98/><F5/><W34/><G63/><T77/><D39/><U68/><E42/><V73/><F31/><W123/><G123/><T134/><D17/><U13/><E40/><V23/><REACH who="2" step="1"/><F73/><REACH who="2" ten="228,276,152,334" step="2"/><W49/><G16/><T89/><D77/><U8/><E6/><V130/><F130/><W26/><G26/><T129/><D129/><U64/><E108/><V35/><F35/><W88/><G88/><T36/><D36/><U46/><E111/><V75/><F75/><W82/><G82/><T3/><D103/><U106/><E100/><V28/><F28/><W86/><G86/><T99/><D89/><U44/><E87/><V112/><F112/><W76/><G76/><T96/><D1/><U58/><E85/><V54/><F54/><W83/><G83/><T29/><D29/><U0/><E0/><V10/><F10/><W132/><G132/><AGARI ba="0,1" hai="2,3,20,21,45,47,92,95,96,99,105,107,132,134" machi="132" ten="25,2400,0" yaku="22,2" doraHai="11" who="0" fromWho="3" sc="228,34,276,0,152,0,334,-24" /><INIT seed="4,1,0,5,3,77" ten="262,276,152,310" oya="0" hai0="114,76,5,10,25,115,90,110,53,74,119,65,106" hai1="7,105,37,64,91,70,117,36,127,62,58,11,13" hai2="87,107,41,103,55,96,69,75,71,97,130,126,12" hai3="1,8,39,27,94,111,63,108,3,84,20,43,123"/><T2/><D119/><U129/><E117/><V95/><F41/><W23/><G123/><T16/><D106/><U124/><E105/><V54/><F75/><W56/><G43/><T42/><D42/><U32/><E32/><V6/><F130/><W109/><G39/><T89/><D65/><U24/><E129/><V80/><F71/><W60/><G8/><T28/><D53/><U14/><E24/><V101/><F69/><W17/><G23/><N who="0" m="13543" /><D28/><U104/><E104/><V93/><F107/><W15/><G27/><T98/><D98/><U131/><E131/><V102/><F102/><W72/><G72/><T92/><D92/><U0/><E70/><V51/><F51/><W85/><G63/><T120/><D120/><U133/><E37/><V49/><F49/><W122/><G122/><T50/><D50/><U116/><E36/><V21/><F126/><W59/><G59/><T135/><D135/><U112/><E116/><V83/><F87/><W100/><G85/><T113/><D110/><U9/><E133/><V57/><F57/><W52/><REACH who="3" step="1"/><G84/><REACH who="3" ten="262,276,152,300" step="2"/><T86/><D86/><U118/><E118/><V19/><REACH who="2" step="1"/><F6/><REACH who="2" ten="262,276,142,300" step="2"/><W88/><G88/><N who="0" m="33899" /><D74/><U33/><E124/><V30/><F30/><W26/><G26/><T73/><D73/><U132/><E127/><V67/><F67/><W46/><G46/><T47/><D76/><U44/><E64/><V128/><F128/><W4/><G4/><T45/><AGARI ba="1,2" hai="2,5,10,45,47,113,114,115" m="33899,13543" machi="45" ten="40,7800,0" yaku="15,1,54,2" doraHai="77" who="0" fromWho="0" sc="262,101,276,-27,142,-27,300,-27" /><INIT seed="4,2,0,5,0,3" ten="363,249,115,273" oya="0" hai0="118,4,13,46,55,83,21,58,34,7,35,109,44" hai1="125,111,105,102,33,25,86,8,119,39,37,19,67" hai2="134,106,74,49,93,131,110,117,75,41,81,59,79" hai3="128,115,114,76,0,50,70,89,130,5,72,113,73"/><T71/><D118/><U84/><E111/><V54/><F106/><W27/><G70/><T16/><D71/><U85/><E119/><V99/><F110/><W15/><G0/><T126/><D109/><U28/><E125/><V12/><F134/><W100/><G100/><T48/><D126/><U26/><E67/><V112/><F131/><N who="3" m="50219" /><G27/><T14/><D83/><U97/><E19/><V124/><F112/><W63/><G63/><T80/><D80/><U61/><E61/><V121/><F117/><W62/><G62/><T120/><D120/><U30/><REACH who="1" step="1"/><E8/><REACH who="1" ten="363,239,115,273" step="2"/><V94/><F124/><W23/><G50/><T53/><D44/><U22/><AGARI ba="2,1" hai="22,25,26,28,30,33,37,39,84,85,86,97,102,105" machi="22" ten="30,4000,0" yaku="1,1,2,1,0,1,53,0" doraHai="3" doraHaiUra="104" who="1" fromWho="1" sc="363,-22,239,56,115,-12,273,-12" /><INIT seed="5,0,0,5,3,46" ten="341,295,103,261" oya="1" hai0="128,4,81,101,132,109,35,44,57,72,75,47,19" hai1="0,105,103,66,113,8,20,42,134,67,124,10,117" hai2="63,21,36,78,108,50,95,30,38,26,6,84,17" hai3="65,12,82,80,85,45,64,60,100,131,25,43,99"/><U18/><E117/><V59/><F6/><W31/><G131/><T49/><D109/><U123/><E123/><V135/><F108/><W83/><G12/><T5/><D128/><U120/><E120/><V29/><F135/><W125/><G125/><T54/><D35/><U53/><E134/><V74/><F74/><W34/><G85/><T106/><D132/><U93/><E124/><V127/><F127/><W71/><G65/><T86/><D19/><U37/><E105/><V104/><F104/><N who="3" m="63519" /><G80/><T24/><D24/><U61/><E113/><V91/><F38/><AGARI ba="0,0" hai="25,31,34,38,43,45,60,64,71,82,83" m="63519" machi="38" ten="30,1000,0" yaku="25,1" doraHai="46" who="3" fromWho="2" sc="341,0,295,0,103,-10,261,10" /><INIT seed="6,0,0,5,5,110" ten="341,295,93,271" oya="2" hai0="125,81,51,88,128,93,19,45,122,61,1,124,66" hai1="83,41,107,49,0,56,97,134,104,91,65,84,58" hai2="35,24,121,86,27,20,71,7,32,79,129,37,11" hai3="34,115,8,132,5,101,75,36,130,95,109,12,63"/><V108/><F71/><W126/><G75/><T17/><D122/><U31/><E0/><N who="2" m="487" /><F86/><W43/><G34/><N who="2" m="12841" /><F79/><W14/><G132/><T78/><D1/><U74/><E134/><V131/><F37/><W120/><G109/><T112/><D128/><N who="2" m="49226" /><F121/><W76/><G120/><T68/><D112/><U94/><E74/><V73/><F73/><W23/><G130/><T105/><D105/><U6/><E107/><V96/><F96/><W98/><G76/><T77/><D51/><U135/><E135/><V64/><F64/><W123/><G123/><T70/><D45/><U60/><E104/><V114/><F108/><W111/><G111/><T9/><D70/><U85/><E85/><V89/><F89/><W13/><G36/><T30/><D78/><U57/><E49/><V2/><F2/><W46/><G46/><T67/><D66/><U82/><E41/><V102/><F102/><W39/><G39/><T72/><D88/><U47/><E47/><V92/><F92/><W15/><G95/><T106/><D93/><U38/><E38/><V44/><F44/><W118/><G98/><T103/><D103/><U90/><E83/><V59/><F59/><W26/><G101/><T99/><D99/><U127/><E57/><V53/><F53/><W54/><G54/><T18/><D106/><U16/><E58/><V62/><F62/><W100/><G63/><T3/><D30/><U55/><E31/><N who="2" m="17799" /><F27/><W4/><G26/><T42/><D42/><U40/><E40/><V80/><F80/><W116/><G43/><T119/><D119/><U117/><E117/><V22/><F22/><RYUUKYOKU ba="0,0" sc="341,15,295,-15,93,15,271,-15" hai0="3,9,17,18,19,61,67,68,72,77,81,124,125" hai2="114" /><INIT seed="6,1,0,5,2,21" ten="356,280,108,256" oya="2" hai0="107,109,89,30,12,76,122,62,97,19,121,79,120" hai1="28,91,44,102,5,131,90,61,27,93,125,70,92" hai2="54,52,119,81,2,16,103,105,88,13,72,74,80" hai3="112,123,31,29,42,87,45,35,66,36,60,115,68"/><V59/><F2/><W67/><G123/><T23/><D109/><U56/><E125/><V49/><F119/><W94/><G67/><T41/><D41/><U18/><E131/><V101/><F105/><W85/><G31/><T65/><D30/><U6/><E70/><V100/><F54/><W26/><REACH who="3" step="1"/><G94/><REACH who="3" ten="356,280,108,246" step="2"/><T38/><D107/><U96/><E102/><V77/><F72/><W34/><G34/><T50/><D65/><U111/><E111/><V47/><F81/><W71/><G71/><T1/><D122/><U104/><E104/><V7/><F7/><W116/><G116/><T128/><D121/><U25/><E6/><V106/><F106/><W22/><G22/><T8/><D120/><U10/><E5/><V69/><F69/><W55/><G55/><T127/><D23/><U82/><E28/><V114/><F114/><AGARI ba="1,1" hai="26,29,35,36,42,45,60,66,68,85,87,112,114,115" machi="114" ten="40,8000,1" yaku="1,1,15,1,11,1,52,1,53,0" doraHai="21" doraHaiUra="86" who="3" fromWho="2" sc="356,0,280,0,108,-83,246,93" /><INIT seed="7,0,0,2,4,48" ten="356,280,25,339" oya="3" hai0="57,54,91,125,129,77,12,67,13,51,96,74,31" hai1="93,34,81,79,86,103,62,22,52,15,116,26,105" hai2="127,32,89,121,70,97,4,49,85,56,111,135,134" hai3="11,2,61,28,29,63,5,119,16,107,33,104,84"/><W41/><G119/><T87/><D129/><U106/><E116/><V25/><F56/><W78/><G41/><T46/><D125/><U108/><E108/><V100/><F49/><W120/><G120/><T3/><D3/><U98/><E34/><V66/><F111/><W88/><G78/><T7/><D74/><U37/><E37/><V20/><F20/><W112/><G112/><T76/><D31/><U94/><E15/><N who="0" m="5705" /><D96/><U124/><E124/><V115/><F4/><W38/><G38/><T123/><D7/><U113/><E113/><V6/><F89/><W128/><G128/><T42/><D123/><U117/><E117/><V71/><F85/><W45/><G45/><T53/><D67/><U75/><E105/><V101/><F6/><W118/><G118/><T8/><D8/><U92/><E75/><V82/><F101/><W43/><G43/><T58/><D42/><U110/><E110/><V55/><F82/><W39/><G39/><T80/><D46/><U24/><REACH who="1" step="1"/><E22/><REACH who="1" ten="356,270,25,339" step="2"/><V19/><F127/><W133/><G107/><T72/><D72/><U21/><E21/><V109/><F121/><W50/><G104/><T114/><D114/><U59/><AGARI ba="0,1" hai="24,26,52,59,62,79,81,86,92,93,94,98,103,106" machi="59" ten="30,7900,0" yaku="1,1,0,1,52,1,54,1,53,0" doraHai="48" doraHaiUra="132" who="1" fromWho="1" sc="356,-20,270,89,25,-20,339,-39" owari="336,14.0,359,45.0,5,-49.0,300,-10.0" /></mjloggm>