<mjloggm ver="2.3"><GO type="41"/><UN n0="%E3%82%A6%E3%83%AB%E3%83%88%E3%83%A9%E7%AB%8B%E7%9B%B4" n1="%28%27%CE%B5%27%6F%29" n2="%E3%81%8F%E3%82%8C%E3%81%99%E3%82%93" n3="%EF%BC%A1%EF%BC%A3%EF%BC%AF%EF%BC%AE%EF%BC%B9" dan="15,15,13,15" rate="1992,1984,1876,1988" sx="M,M,M,M"/><TAIKYOKU oya="0"/><INIT seed="0,0,0,2,5,41" ten="250,250,250,250" oya="0" hai0="9,64,0,17,103,102,76,1,73,58,30,83,124" hai1="78,24,45,115,99,111,67,34,48,110,26,108,15" hai2="21,86,107,52,118,74,96,60,84,71,77,131,116" hai3="22,44,128,23,88,75,28,29,117,47,98,72,130"/><T106/><D124/><U36/><E36/><V42/><F131/><W79/><G79/><T61/><D30/><U134/><E134/><V40/><F21/><W126/><G98/><T14/><REACH who="0" step="1"/><D106/><REACH who="0" step="2"/><U121/><E111/><V132/><F107/><W66/><G126/><T6/><D6/><U50/><E110/><V87/><F132/><W51/><G117/><T127/><D127/><U56/><E108/><V57/><F71/><W120/><G66/><T104/><D104/><U46/><E67/><V114/><F114/><W123/><G51/><T97/><D97/><U16/><E99/><V3/><F96/><W55/><G55/><T53/><D53/><U4/><E115/><V43/><F118/><W27/><G27/><T112/><D112/><U129/><E26/><V92/><F116/><W62/><G62/><T119/><D119/><U109/><E24/><V122/><F122/><W133/><G133/><T81/><D81/><U37/><E121/><V39/><F92/><W7/><G7/><T49/><D49/><U68/><E68/><V13/><F39/><W10/><G10/><T32/><D32/><U94/><E34/><V89/><F43/><W18/><G18/><T90/><D90/><AGARI ba="0,1" hai="22,23,28,29,44,47,72,75,88,90,120,123,128,130" machi="90" ten="25,8000,1" yaku="22,2,52,2,54,1" doraHai="41" who="3" fromWho="0" sc="240,-80,250,0,250,0,250,90" /><INIT seed="1,0,0,4,3,69" ten="160,250,250,340" oya="1" hai0="74,29,118,90,12,100,2,117,21,41,28,109,8" hai1="78,116,7,15,48,31,75,97,68,16,121,86,25" hai2="83,112,99,73,60,130,1,10,127,131,120,124,5" hai3="0,50,26,65,38,72,22,46,135,39,62,95,52"/><U51/><E121/><V119/><F60/><W44/><G0/><T11/><D100/><U56/><E116/><V61/><F61/><W23/><G72/><T81/><D41/><U93/><E68/><V128/><F99/><W91/><G44/><T3/><D74/><U103/><E7/><V89/><F119/><W4/><G4/><T87/><D90/><U88/><E75/><V133/><F89/><W18/><G22/><T114/><D87/><U58/><E78/><N who="2" m="44495" /><F120/><W67/><G67/><T82/><D81/><N who="1" m="49231" /><E25/><V17/><F17/><W9/><G135/><T57/><D82/><U107/><E107/><V6/><F6/><W98/><G9/><T66/><D57/><AGARI ba="0,0" hai="18,23,26,38,39,46,50,52,57,62,65,91,95,98" machi="57" ten="30,7700,0" yaku="7,1,52,2,54,1" doraHai="69" who="3" fromWho="0" sc="160,-77,250,0,250,0,340,77" /><INIT seed="2,0,0,3,5,122" ten="83,250,250,417" oya="2" hai0="111,1,14,97,33,125,90,28,18,10,7,48,91" hai1="52,99,53,112,50,98,72,45,84,36,27,83,0" hai2="58,108,60,26,128,62,13,118,102,89,105,40,29" hai3="17,21,78,106,132,23,70,124,68,73,119,130,46"/><V44/><F118/><W20/><G119/><T115/><D48/><U79/><E112/><V12/><F128/><W59/><G130/><T93/><D91/><U107/><E0/><V39/><F108/><W3/><G106/><T85/><D115/><U6/><E6/><V41/><F41/><W30/><G3/><T16/><D125/><U57/><E72/><V65/><F105/><W25/><G124/><T19/><D85/><U9/><E9/><V103/><F89/><W63/><G132/><T66/><D66/><U47/><E107/><V74/><F74/><W104/><G104/><T77/><D77/><U4/><E4/><V126/><F126/><W114/><G114/><T76/><D76/><U116/><E116/><V109/><F109/><W22/><G46/><T75/><D75/><U81/><E81/><V56/><F103/><W61/><G61/><T38/><D38/><U2/><E2/><V101/><F102/><W131/><G131/><T24/><REACH who="0" step="1"/><D111/><REACH who="0" step="2"/><U11/><E36/><V42/><F101/><W117/><G78/><T71/><D71/><U129/><E129/><V121/><F39/><W113/><G73/><T34/><D34/><U94/><E50/><V69/><F69/><W54/><G113/><T135/><D135/><U37/><E84/><V15/><F121/><W96/><G117/><T100/><D100/><U123/><E79/><V35/><REACH who="2" step="1"/><F44/><REACH who="2" step="2"/><W43/><G70/><T31/><D31/><U5/><E47/><V92/><F92/><W82/><G68/><T64/><D64/><AGARI ba="0,2" hai="12,13,15,26,29,35,40,42,56,58,60,62,64,65" machi="64" ten="40,3900,0" yaku="1,1,9,1,53,0" doraHai="122" doraHaiUra="127" who="2" fromWho="0" sc="73,-39,250,0,240,59,417,0" /><INIT seed="2,1,0,0,0,131" ten="34,250,299,417" oya="2" hai0="34,109,8,92,16,81,23,12,1,35,102,21,10" hai1="9,91,128,44,132,2,24,19,45,99,84,5,89" hai2="79,62,83,124,101,20,107,58,42,114,43,96,60" hai3="11,39,22,76,25,52,127,65,61,113,108,134,68"/><V126/><F114/><W75/><G113/><T33/><D81/><U28/><E128/><V30/><F30/><W111/><G39/><T121/><D92/><U69/><E69/><V63/><F20/><N who="0" m="7754" /><D102/><U86/><E19/><V104/><F58/><W117/><G75/><T3/><D121/><U120/><E120/><V57/><F57/><W77/><G76/><T93/><D93/><U29/><E99/><V82/><F96/><W0/><G77/><T54/><D54/><U59/><E59/><V41/><F101/><W129/><G52/><T94/><D94/><U14/><E2/><N who="0" m="521" /><D109/><U87/><E87/><V67/><F79/><W51/><G129/><T100/><D100/><U47/><E47/><V31/><F31/><W7/><G108/><T123/><D123/><U103/><E103/><V26/><F26/><W17/><G111/><T49/><D49/><U133/><E24/><V112/><F112/><W53/><G53/><T116/><D116/><U18/><E18/><V85/><F67/><W37/><G117/><T78/><D78/><U71/><E71/><V4/><F4/><W36/><G51/><T119/><D119/><U56/><E56/><V106/><F85/><W46/><G37/><T97/><D97/><U55/><E5/><V98/><F98/><W72/><G36/><T66/><D66/><U105/><E105/><V125/><AGARI ba="1,0" hai="41,42,43,60,62,63,82,83,104,106,107,124,125,126" machi="125" ten="50,48000,5" yakuman="40" doraHai="131" who="2" fromWho="2" sc="34,-161,250,-161,299,483,417,-161" owari="-127,-63,89,-31,782,88,256,6" /></mjloggm>