<mjloggm ver="2.3"><GO type="169"/><UN n0="%EF%BC%88%E2%89%A7%E2%96%BD%E2%89%A6%EF%BC%89" n1="%E7%9F%B3%E5%B1%8B" n2="%EF%BC%AD%EF%BD%92%EF%BC%8E%E4%BA%9C%E7%A9%BA%E9%96%93" n3="%4B%E3%80%82" dan="18,17,16,17" rate="2208,2181,2064,2200" sx="M,M,M,M"/><TAIKYOKU oya="0"/><INIT seed="0,0,0,3,1,71" ten="250,250,250,250" oya="0" hai0="132,44,108,34,88,22,83,26,29,66,19,72,59" hai1="100,120,65,52,36,2,10,126,49,67,58,8,123" hai2="98,91,135,61,117,75,9,38,55,25,48,63,33" hai3="32,124,64,102,128,15,0,56,60,81,17,13,106"/><T131/><D132/><U82/><E100/><V40/><F75/><W51/><G0/><T31/><D131/><U35/><E35/><V20/><F135/><W101/><G32/><T129/><D129/><U80/><E126/><V4/><F33/><W14/><G128/><T69/><D69/><U105/><E105/><V16/><F117/><W70/><G124/><T112/><D112/><U73/><E73/><V6/><F6/><W1/><G1/><T95/><D108/><U21/><E21/><V133/><F133/><W134/><G134/><T116/><D116/><U74/><E74/><V23/><F23/><W103/><G81/><T85/><D44/><U30/><E30/><V93/><F38/><W113/><G113/><T27/><D72/><U37/><E2/><V110/><F40/><W45/><G70/><T7/><D7/><U41/><E41/><V114/><F110/><W46/><G106/><T86/><D31/><U53/><E49/><V24/><F24/><W87/><G87/><T12/><D27/><U121/><E121/><V28/><F28/><W96/><G96/><T125/><D125/><U18/><E58/><N who="2" m="33127" /><F114/><W94/><G94/><T89/><REACH who="0" step="1"/><D59/><REACH who="0" ten="240,250,250,250" step="2"/><U109/><E109/><V127/><F127/><W90/><G46/><T119/><D119/><U111/><E111/><V3/><F3/><W76/><G45/><T42/><D42/><U107/><E107/><V39/><F39/><W57/><G57/><T50/><D50/><U68/><E68/><V5/><F4/><W122/><G51/><T130/><D130/><U92/><E18/><N who="2" m="12439" /><F5/><W115/><G17/><RYUUKYOKU ba="0,1" sc="240,10,250,10,250,10,250,-30" hai0="12,19,22,26,29,34,66,83,85,86,88,89,95" hai1="8,10,36,37,52,53,65,67,80,82,92,120,123" hai2="9,16,61,63,91,93,98" /><INIT seed="0,1,1,0,3,29" ten="250,260,260,220" oya="0" hai0="56,10,121,51,69,16,74,102,60,62,101,25,55" hai1="83,125,19,21,9,88,123,23,108,100,117,26,47" hai2="98,32,114,80,79,112,73,94,0,30,12,104,120" hai3="65,13,93,134,103,66,24,15,129,63,106,130,110"/><T99/><D74/><U71/><E117/><V11/><F0/><W28/><G110/><T95/><D121/><U118/><E118/><V89/><F120/><W87/><G134/><T39/><D39/><U109/><E71/><V53/><F53/><W113/><G113/><T81/><D81/><U135/><E123/><V17/><F30/><W72/><G72/><T64/><D60/><U40/><E135/><V127/><F127/><W48/><G48/><T41/><D41/><U90/><E125/><V43/><F43/><W18/><G87/><T4/><D4/><U54/><E54/><V6/><F6/><W36/><G36/><T128/><D128/><U97/><E23/><V70/><F70/><W115/><G115/><T14/><REACH who="0" step="1"/><D25/><REACH who="0" ten="240,260,260,220" step="2"/><U78/><E83/><V107/><F112/><W20/><G130/><T57/><D57/><U96/><E26/><V131/><F114/><W105/><G129/><T86/><D86/><U59/><E59/><V84/><F131/><W44/><G63/><T37/><D37/><U132/><E40/><V50/><F50/><W31/><G24/><T75/><D75/><U35/><E132/><V45/><F45/><W34/><G44/><T82/><D82/><U116/><E47/><V7/><F7/><W42/><G42/><T91/><AGARI ba="1,2" hai="10,14,16,51,55,56,62,64,69,91,95,99,101,102" machi="91" ten="20,7800,0" yaku="1,1,0,1,7,1,54,1,53,0" doraHai="29" doraHaiUra="27" who="0" fromWho="0" sc="240,101,260,-27,260,-27,220,-27" /><INIT seed="0,2,0,0,4,83" ten="341,233,233,193" oya="0" hai0="110,135,36,17,103,114,134,0,49,99,72,124,106" hai1="61,101,109,70,9,123,90,44,107,45,111,56,105" hai2="108,47,78,63,38,133,112,16,5,46,120,88,23" hai3="54,48,126,79,100,34,96,71,73,81,13,84,75"/><T32/><RYUUKYOKU type="yao9" ba="2,0" sc="341,0,233,0,233,0,193,0" hai0="0,17,32,36,49,72,99,103,106,110,114,124,134,135" /><INIT seed="0,3,0,5,5,36" ten="341,233,233,193" oya="0" hai0="25,41,97,68,38,126,4,118,32,12,27,111,30" hai1="55,79,9,78,134,91,59,60,113,31,24,22,82" hai2="114,80,57,124,83,67,99,17,6,132,103,18,108" hai3="44,128,40,96,62,106,131,39,85,105,86,61,107"/><T29/><D118/><U72/><E134/><V119/><F132/><W37/><G37/><T75/><D126/><U50/><E113/><V34/><F124/><W7/><G7/><T81/><D97/><U100/><E100/><V28/><F114/><W49/><G96/><T89/><D111/><U87/><E72/><V120/><F108/><W74/><G74/><T51/><D51/><U125/><E125/><V133/><F120/><W130/><REACH who="3" step="1"/><G49/><REACH who="3" ten="341,233,233,183" step="2"/><T11/><D75/><U15/><E50/><V94/><F133/><W112/><G112/><T65/><D38/><U101/><E101/><V26/><F6/><AGARI ba="3,1" hai="6,9,15,22,24,31,55,59,60,78,79,82,87,91" machi="6" ten="30,2000,0" yaku="7,1,8,1" doraHai="36" who="1" fromWho="2" sc="341,0,233,39,233,-29,183,0" /><INIT seed="1,0,0,4,5,90" ten="341,272,204,183" oya="1" hai0="34,12,51,116,31,71,52,86,44,11,92,89,79" hai1="106,81,101,18,74,49,118,53,123,117,36,2,20" hai2="8,3,103,99,23,130,17,55,129,13,47,121,61" hai3="42,84,100,78,30,19,109,15,104,127,119,95,83"/><U94/><E36/><V5/><F121/><W82/><G109/><T28/><D116/><U27/><E123/><V22/><F22/><W107/><G119/><T40/><D71/><U120/><E120/><V14/><F3/><W7/><G127/><T68/><D68/><U102/><E106/><V59/><REACH who="2" step="1"/><F47/><REACH who="2" ten="341,272,194,183" step="2"/><W1/><G1/><T133/><D34/><U98/><E2/><V57/><F57/><W65/><G30/><T54/><D133/><U77/><E102/><V64/><F64/><W114/><G65/><T50/><D79/><U9/><E9/><V131/><F131/><W33/><G100/><T21/><D21/><U91/><E101/><V113/><F113/><W105/><G114/><T45/><D40/><U63/><E63/><V87/><F87/><W115/><G115/><T126/><REACH who="0" step="1"/><D126/><REACH who="0" ten="331,272,194,183" step="2"/><U66/><REACH who="1" step="1"/><E66/><REACH who="1" ten="331,262,194,183" step="2"/><V134/><F134/><W111/><G42/><T62/><D62/><U135/><E135/><V67/><F67/><W80/><G78/><T88/><D88/><U124/><E124/><V108/><F108/><W35/><G111/><T29/><D29/><U4/><E4/><AGARI ba="0,3" hai="4,11,12,28,31,44,45,50,51,52,54,86,89,92" machi="4" ten="30,16000,3" yaku="1,1,7,1,9,1,8,1,52,1,54,1,53,2" doraHai="90" doraHaiUra="24" who="0" fromWho="1" sc="331,190,262,-160,194,0,183,0" /><INIT seed="2,0,0,5,3,132" ten="521,102,194,183" oya="2" hai0="27,112,106,33,65,130,38,47,51,22,68,7,11" hai1="35,54,17,81,9,49,42,18,34,43,10,87,63" hai2="127,107,89,119,135,56,37,91,80,126,52,25,118" hai3="85,131,111,16,110,19,109,73,61,1,24,26,102"/><V8/><F37/><W100/><G73/><T78/><D106/><U114/><E114/><V40/><F40/><N who="1" m="15401" /><E63/><V14/><F107/><W117/><G117/><T104/><D33/><U6/><E35/><V32/><F135/><W29/><G1/><T31/><D104/><U133/><E133/><V64/><F64/><W94/><G131/><T79/><D38/><U12/><E34/><V3/><F3/><W115/><G115/><T20/><D20/><U103/><E10/><V44/><F44/><W90/><G61/><T46/><D46/><N who="1" m="27959" /><E103/><N who="3" m="39466" /><G26/><T98/><D27/><U83/><E83/><V128/><F128/><W45/><G45/><T72/><D47/><U74/><E74/><V82/><F25/><W57/><G57/><T120/><D72/><U123/><E123/><V41/><F41/><W66/><G66/><T84/><D65/><U116/><E116/><V0/><F32/><AGARI ba="0,0" hai="16,19,24,29,32,85,90,94,109,110,111" m="39466" machi="32" ten="30,2000,0" yaku="14,1,54,1" doraHai="132" who="3" fromWho="2" sc="521,0,102,0,194,-20,183,20" /><INIT seed="3,0,0,2,2,22" ten="521,102,174,203" oya="3" hai0="11,99,118,94,46,88,129,80,50,96,111,30,49" hai1="40,92,16,12,3,69,62,27,117,101,114,2,56" hai2="7,44,32,130,42,106,67,43,123,93,76,39,37" hai3="113,116,103,125,17,0,65,112,6,18,86,5,77"/><W13/><G116/><T133/><D118/><U95/><E114/><V90/><F123/><W84/><G125/><T127/><D127/><U21/><E69/><V110/><F106/><W51/><G103/><T8/><D133/><U25/><E117/><V60/><F76/><W81/><G65/><T72/><D129/><U124/><E124/><V83/><F83/><W107/><G107/><T61/><D72/><U63/><E40/><V68/><F7/><W52/><G0/><T98/><D80/><U73/><E73/><V79/><F79/><W97/><G97/><N who="0" m="57543" /><D30/><U109/><E109/><V100/><F110/><W23/><G86/><T35/><D35/><U126/><E126/><V31/><F130/><W120/><G120/><T47/><D61/><N who="1" m="23051" /><E3/><V33/><F100/><W66/><G66/><T74/><D74/><U14/><E2/><V15/><F31/><W135/><G135/><T70/><D70/><U91/><E56/><V78/><F78/><W58/><G113/><T29/><D111/><U122/><E122/><V119/><F119/><W45/><G112/><T48/><D29/><U4/><E101/><V71/><F71/><W55/><REACH who="3" step="1"/><G18/><REACH who="3" ten="521,102,174,193" step="2"/><T19/><D19/><N who="1" m="10471" /><E4/><V108/><F108/><W10/><G10/><AGARI ba="0,1" hai="8,10,11,46,47,48,49,50,96,98,99" m="57543" machi="10" ten="30,2000,0" yaku="8,1,54,1" doraHai="22" who="0" fromWho="3" sc="521,30,102,0,174,0,193,-20" /><INIT seed="4,0,0,5,0,20" ten="551,102,174,173" oya="0" hai0="36,49,52,110,1,9,96,26,50,32,38,130,124" hai1="71,42,135,3,121,35,120,58,85,6,34,31,19" hai2="133,17,118,103,82,2,33,134,59,5,67,22,8" hai3="111,128,69,23,126,129,4,15,51,62,113,48,78"/><T37/><D130/><U0/><E71/><V125/><F103/><W46/><G111/><T84/><D110/><U12/><E42/><V88/><F118/><W122/><G122/><N who="1" m="47210" /><E58/><V63/><F33/><N who="1" m="12297" /><E85/><V11/><F11/><W13/><G78/><T64/><D50/><U87/><E87/><N who="2" m="50295" /><F125/><W10/><G126/><T116/><D64/><U112/><E31/><V74/><F74/><W75/><G75/><T80/><D38/><U65/><E65/><V45/><F45/><W95/><G69/><T107/><D37/><U79/><E79/><V108/><F108/><W99/><G62/><T41/><D36/><U89/><E89/><V98/><F98/><W57/><G129/><T102/><D96/><U39/><E39/><V29/><F67/><W106/><G106/><T115/><D107/><U86/><E86/><V43/><F59/><W61/><G128/><T66/><D84/><U76/><E76/><V97/><F43/><W28/><G46/><T24/><D41/><U94/><E94/><V105/><F63/><W70/><G70/><T16/><D66/><U131/><E131/><V100/><F105/><W53/><G99/><T25/><D49/><U77/><E77/><V132/><F97/><W81/><G95/><T60/><D60/><U30/><E30/><V56/><F100/><W117/><G28/><T72/><D72/><U40/><E40/><V27/><F56/><W83/><G61/><T7/><D102/><U21/><E0/><V14/><F29/><W18/><G57/><T104/><D104/><U90/><E90/><V119/><F2/><W109/><G109/><RYUUKYOKU ba="0,0" sc="551,-10,102,-10,174,30,173,-10" hai2="5,8,14,17,22,27,119,132,133,134" /><INIT seed="5,1,0,3,5,42" ten="541,92,204,163" oya="1" hai0="57,109,49,36,71,117,116,124,73,103,66,26,34" hai1="123,70,126,53,118,47,43,121,19,68,76,16,127" hai2="92,28,72,75,91,131,105,135,64,3,50,84,104" hai3="7,65,2,6,1,77,44,95,134,13,14,18,130"/><U101/><E118/><V17/><F3/><W86/><G134/><T21/><D34/><U74/><E101/><V119/><F119/><W102/><G130/><T10/><D73/><U12/><E53/><V87/><F28/><W80/><G65/><T11/><D36/><N who="1" m="21991" /><E76/><V9/><F64/><W97/><G2/><T82/><D103/><U106/><E106/><V27/><F105/><W15/><G1/><T39/><D117/><U40/><E74/><V35/><F104/><W31/><G31/><T69/><D116/><U46/><E70/><V61/><F72/><W24/><G44/><T113/><D69/><U67/><E67/><V132/><F75/><W32/><G32/><T98/><D71/><U81/><E81/><V112/><F84/><W60/><G60/><T30/><D82/><U125/><E68/><V23/><F131/><W100/><G100/><T38/><D66/><U93/><E93/><V99/><F61/><W122/><G122/><N who="1" m="46602" /><E12/><N who="3" m="4714" /><G24/><T45/><D26/><U29/><E29/><V63/><F27/><W115/><G7/><T114/><D30/><U20/><E20/><V108/><F23/><N who="3" m="11743" /><G6/><T41/><D21/><U111/><E111/><V83/><F108/><W79/><G79/><T22/><D22/><U5/><E5/><V48/><F35/><W107/><G107/><T88/><D109/><U4/><E4/><V56/><F132/><W59/><G59/><T94/><D57/><U0/><E0/><V85/><F135/><W25/><G25/><T54/><D54/><U96/><E96/><V133/><F133/><W52/><G52/><T90/><D94/><RYUUKYOKU ba="1,0" sc="541,-15,92,15,204,-15,163,15" hai1="16,19,40,46,125,126,127" hai3="77,80,86,95,97,102,115" /><INIT seed="5,2,0,1,0,23" ten="526,107,189,178" oya="1" hai0="25,124,41,55,87,51,109,123,61,84,58,27,122" hai1="28,128,9,35,54,38,32,92,13,88,106,80,37" hai2="34,8,3,50,77,104,101,67,117,79,93,69,53" hai3="95,33,60,39,76,47,100,1,86,46,98,7,49"/><U0/><E0/><V71/><F117/><W16/><G33/><T2/><D2/><U40/><E106/><V89/><F34/><W29/><G29/><T18/><D124/><U70/><E70/><V64/><F104/><W20/><G1/><T73/><D73/><U19/><E80/><V102/><F3/><W4/><G39/><T110/><D18/><U52/><E128/><V48/><F8/><W83/><G60/><T131/><D131/><U72/><E72/><V66/><F53/><N who="3" m="29879" /><G47/><N who="0" m="26095" /><D84/><U36/><E40/><V85/><F69/><W11/><G11/><T97/><D87/><U107/><E107/><V56/><F71/><W31/><G31/><T44/><D97/><U57/><E28/><V10/><F10/><W42/><G42/><T82/><D44/><U26/><E26/><AGARI ba="2,0" hai="4,7,16,20,26,76,83,86,95,98,100" m="29879" machi="26" ten="30,3900,0" yaku="8,1,52,1,54,1" doraHai="23" who="3" fromWho="1" sc="526,0,107,-45,189,0,178,45" /><INIT seed="6,0,0,2,1,55" ten="526,62,189,223" oya="2" hai0="57,25,93,129,39,31,122,4,58,125,134,68,135" hai1="2,54,12,64,133,106,65,95,118,85,132,83,66" hai2="44,105,119,35,50,82,79,76,94,61,91,115,37" hai3="20,117,5,60,34,98,13,127,45,51,110,123,30"/><V42/><F35/><W92/><G123/><T86/><D68/><U16/><E118/><V103/><F119/><W130/><G117/><T62/><D39/><U90/><E106/><V70/><F115/><W9/><G110/><T124/><D4/><U32/><E2/><V56/><F105/><W107/><G130/><T29/><D29/><U1/><E1/><V96/><F82/><W108/><G108/><T41/><D41/><U72/><E32/><V112/><F103/><W15/><G127/><N who="0" m="48715" /><D129/><U47/><E72/><V97/><F97/><W111/><G111/><T36/><D36/><U77/><E77/><V0/><F112/><W59/><G107/><T109/><D122/><U113/><E113/><V69/><F0/><W87/><G34/><T53/><D58/><U128/><E128/><V46/><F70/><W10/><G30/><T104/><D104/><U22/><E83/><V3/><F3/><W27/><G87/><T81/><D93/><U73/><E73/><V78/><F69/><W6/><G27/><T74/><D74/><U89/><E89/><V71/><F71/><W24/><G24/><T19/><D109/><U75/><E75/><V23/><F23/><W48/><G20/><N who="0" m="13471" /><D31/><U17/><E17/><V38/><REACH who="2" step="1"/><F46/><REACH who="2" ten="526,62,179,223" step="2"/><W33/><G33/><T120/><D120/><U7/><REACH who="1" step="1"/><E7/><REACH who="1" ten="526,52,179,223" step="2"/><V18/><F18/><W14/><G6/><T11/><D81/><U131/><E131/><V100/><F100/><N who="3" m="60487" /><G5/><T21/><D21/><U43/><E43/><V99/><F99/><W26/><G45/><T52/><D86/><U126/><E126/><V40/><F40/><RYUUKYOKU ba="0,2" sc="526,-15,52,15,179,15,223,-15" hai1="12,16,22,47,54,64,65,66,85,90,95,132,133" hai2="37,38,42,44,50,56,61,76,78,79,91,94,96" /><INIT seed="6,1,2,3,5,65" ten="511,67,194,208" oya="2" hai0="97,120,79,58,82,0,81,61,23,109,85,87,123" hai1="73,118,98,60,126,96,100,54,99,119,12,133,63" hai2="75,30,42,104,59,9,112,35,3,51,115,45,25" hai3="24,7,127,38,116,2,68,106,29,92,47,77,27"/><V19/><F104/><W57/><G116/><T89/><D0/><U55/><E73/><V26/><F75/><W129/><G106/><T64/><D109/><U117/><E100/><V46/><F46/><W44/><G68/><T17/><D97/><U78/><E78/><V28/><F59/><W121/><G121/><T52/><D64/><U103/><E103/><V132/><F132/><W1/><G77/><T102/><D102/><U83/><E83/><V41/><F41/><W39/><G92/><T74/><D74/><U91/><E133/><V40/><F42/><W50/><G57/><T95/><D95/><U67/><E67/><V16/><F9/><W13/><G13/><AGARI ba="1,2" hai="13,17,23,52,58,61,79,81,82,85,87,89,120,123" machi="13" ten="30,2000,0" yaku="7,1,54,1" doraHai="65" who="0" fromWho="3" sc="511,43,67,0,194,0,208,-23" /><INIT seed="7,0,0,0,1,14" ten="554,67,194,185" oya="3" hai0="24,59,4,5,95,51,120,50,27,23,53,84,105" hai1="132,133,11,49,122,106,111,38,21,90,25,44,6" hai2="35,102,119,129,91,109,39,76,110,12,1,62,33" hai3="87,45,40,61,13,125,32,48,22,115,113,52,65"/><W66/><G32/><T103/><D120/><U107/><E111/><V3/><F62/><W20/><G125/><T54/><D105/><U127/><E122/><V8/><F39/><W116/><G116/><T93/><D103/><U98/><E38/><V82/><F102/><W96/><G96/><T0/><D0/><U31/><E127/><V70/><F70/><W56/><G87/><T63/><D63/><U7/><E6/><N who="0" m="2665" /><D27/><U26/><E26/><V101/><F101/><W80/><G80/><T135/><D135/><U73/><E73/><V57/><F91/><W108/><G108/><T67/><D67/><U134/><E98/><V74/><F119/><W58/><G66/><T46/><D84/><U69/><E69/><V104/><F104/><W83/><G83/><T34/><D34/><U121/><E121/><V128/><F57/><W118/><G118/><T77/><D77/><U78/><E78/><V2/><F35/><W112/><REACH who="3" step="1"/><G13/><REACH who="3" ten="554,67,194,175" step="2"/><T131/><D95/><U36/><E36/><AGARI ba="0,1" hai="20,22,36,40,45,48,52,56,58,61,65,112,113,115" machi="36" ten="40,12000,1" yaku="1,1,2,1,15,1,54,1,53,0" doraHai="14" doraHaiUra="117" who="3" fromWho="1" sc="554,0,67,-120,194,0,175,130" owari="554,65.0,-53,-55.0,194,-21.0,305,11.0" /></mjloggm>