<mjloggm ver="2.3"><GO type="169"/><UN n0="%E3%82%A2%E3%82%B9%E3%82%BF%E3%83%8A" n1="%EF%BC%88%E2%89%A7%E2%96%BD%E2%89%A6%EF%BC%89" n2="%E2%86%91%E3%81%93%E3%81%AE%E4%BA%BA%E5%A4%89%E6%85%8B" n3="%61%6C%75%63%61%72%64" dan="16,16,17,17" rate="2051,2047,2112,2110" sx="M,M,M,M"/><TAIKYOKU oya="0"/><INIT seed="0,0,0,4,3,21" ten="250,250,250,250" oya="0" hai0="64,28,31,125,96,108,130,112,1,87,95,57,61" hai1="115,16,53,126,58,116,33,97,40,60,42,13,119" hai2="46,103,39,65,11,121,10,88,9,105,117,66,67" hai3="101,102,85,73,81,90,129,5,78,2,69,0,32"/><T47/><D112/><U7/><E115/><V6/><F121/><W15/><G69/><T27/><D1/><U59/><E126/><V84/><F117/><W104/><G32/><T120/><D120/><U56/><E33/><V18/><F105/><W72/><G129/><T114/><D114/><U34/><E34/><V4/><F103/><W48/><G73/><T62/><D125/><U12/><E116/><V100/><F100/><W74/><G74/><T17/><D130/><U127/><E127/><V30/><F30/><W20/><G102/><T8/><D108/><U99/><E7/><V135/><F135/><W79/><G48/><T14/><D47/><U118/><E118/><V26/><F46/><W36/><G36/><T50/><D50/><U77/><E77/><V23/><REACH who="2" step="1"/><F39/><REACH who="2" ten="250,250,240,250" step="2"/><W22/><G101/><T83/><D31/><U19/><E119/><V93/><AGARI ba="0,1" hai="4,6,9,10,11,18,23,26,65,66,67,84,88,93" machi="93" ten="30,12000,2" yaku="1,1,2,1,0,1,8,1,52,1,54,1,53,0" doraHai="21" doraHaiUra="124" who="2" fromWho="2" sc="250,-60,250,-30,240,130,250,-30" /><INIT seed="1,0,0,0,0,16" ten="190,220,370,220" oya="1" hai0="63,133,130,49,75,107,79,35,78,113,99,39,115" hai1="104,76,53,129,91,27,114,20,65,80,6,98,106" hai2="11,59,86,62,95,10,111,117,58,124,7,33,68" hai3="125,109,84,74,126,108,134,121,38,88,77,127,22"/><U96/><E114/><V102/><F33/><W51/><G38/><T123/><D63/><U83/><E129/><V120/><F120/><W105/><G121/><T135/><D49/><U43/><E65/><V14/><F117/><W64/><G64/><T32/><D123/><U85/><E43/><V48/><F124/><W112/><G112/><N who="0" m="43083" /><D39/><U46/><E6/><V9/><F68/><W55/><G105/><T82/><D79/><U103/><E98/><N who="2" m="59743" /><F111/><N who="3" m="42571" /><G134/><N who="0" m="51211" /><D130/><U31/><E106/><V72/><F72/><W128/><G128/><T17/><D17/><U44/><REACH who="1" step="1"/><E53/><REACH who="1" ten="190,210,370,220" step="2"/><V132/><F132/><W47/><G126/><T24/><D107/><U29/><E29/><V71/><F7/><W8/><G127/><T56/><D99/><U100/><E100/><V45/><F71/><W3/><G125/><T93/><D35/><U21/><E21/><V69/><F69/><W118/><G22/><T90/><D32/><U73/><AGARI ba="0,1" hai="20,27,31,44,46,73,76,80,83,85,91,96,103,104" machi="73" ten="20,7800,0" yaku="1,1,0,1,7,1,52,1,53,0" doraHai="16" doraHaiUra="36" who="1" fromWho="1" sc="190,-26,210,88,370,-26,220,-26" /><INIT seed="1,1,0,3,1,63" ten="164,298,344,194" oya="1" hai0="52,12,28,11,62,47,24,53,73,110,106,92,83" hai1="19,45,80,64,93,95,16,87,26,36,20,114,48" hai2="98,132,104,113,5,126,8,10,13,55,89,99,85" hai3="58,33,29,115,120,43,25,122,2,68,46,60,125"/><U123/><E36/><V97/><F126/><W76/><G115/><T84/><D106/><U119/><E119/><V50/><F132/><W71/><G125/><T128/><D128/><U86/><E123/><V70/><F70/><W23/><G2/><T127/><D127/><U94/><E114/><V34/><F34/><W100/><G76/><T49/><D110/><U116/><E116/><V6/><F113/><W82/><G82/><T124/><D124/><U107/><E107/><V59/><F104/><W21/><G100/><T15/><D73/><U51/><E64/><V96/><F96/><W42/><G68/><T105/><D105/><U7/><E7/><N who="2" m="2571" /><F13/><W66/><G71/><T88/><D11/><U27/><E45/><V54/><F55/><W108/><G42/><T3/><D3/><U90/><REACH who="1" step="1"/><E87/><REACH who="1" ten="164,288,344,194" step="2"/><V72/><F72/><W129/><G122/><T4/><D4/><U44/><E44/><V30/><F30/><W22/><G120/><T38/><D38/><U17/><E17/><V91/><F85/><W0/><G29/><T61/><D83/><U109/><E109/><V67/><F67/><W74/><G66/><T37/><D37/><U130/><E130/><V14/><F14/><W65/><G108/><T56/><REACH who="0" step="1"/><D62/><REACH who="0" ten="154,288,344,194" step="2"/><U18/><E18/><V135/><F135/><W102/><G60/><T41/><D41/><U35/><E35/><AGARI ba="1,2" hai="12,15,24,28,35,47,49,52,53,56,61,84,88,92" machi="35" ten="30,7700,0" yaku="1,1,7,1,54,2,53,0" doraHai="63" doraHaiUra="101" who="0" fromWho="1" sc="154,100,288,-80,344,0,194,0" /><INIT seed="2,0,0,2,5,53" ten="254,208,344,194" oya="2" hai0="125,9,90,8,126,132,3,101,112,80,1,121,15" hai1="86,66,37,99,118,22,120,50,2,81,32,39,103" hai2="56,19,34,61,14,43,77,128,68,47,131,96,26" hai3="87,16,57,0,48,122,18,12,92,104,27,42,116"/><V76/><F68/><W67/><G0/><N who="0" m="75" /><D112/><U62/><E118/><V30/><F96/><W98/><G104/><T82/><D101/><U129/><E2/><V21/><F128/><W64/><G116/><T10/><D121/><U6/><E6/><V102/><F102/><N who="3" m="60743" /><G122/><T105/><D105/><U91/><E129/><V75/><F75/><W114/><G114/><T97/><D132/><U70/><E120/><V130/><F130/><W93/><G42/><T127/><D15/><U94/><E32/><V54/><REACH who="2" step="1"/><F131/><REACH who="2" ten="254,208,334,194" step="2"/><W41/><G87/><T115/><D115/><U71/><E71/><V72/><F72/><W23/><G93/><AGARI ba="0,1" hai="8,9,10,80,82,90,93,97,125,126,127" m="75" machi="93" ten="40,1300,0" yaku="18,1" doraHai="53" who="0" fromWho="3" sc="254,23,208,0,334,0,194,-13" /><INIT seed="3,0,0,3,4,35" ten="277,208,334,181" oya="3" hai0="89,80,108,86,16,53,124,49,125,23,1,8,88" hai1="133,126,131,135,91,14,109,20,129,104,26,98,64" hai2="27,78,94,58,6,47,25,37,39,72,45,68,62" hai3="9,2,106,30,127,42,63,95,87,73,99,92,116"/><W112/><G116/><T120/><D120/><U121/><E121/><V56/><F68/><W130/><G73/><T17/><D108/><U34/><E109/><V101/><F6/><W132/><G112/><T105/><D105/><U83/><E64/><V43/><F78/><W118/><G118/><T12/><D89/><U113/><E113/><V11/><F11/><W55/><G42/><T111/><D111/><U85/><E14/><V13/><F13/><W71/><G30/><T100/><D100/><N who="1" m="62487" /><E34/><V4/><F4/><W90/><G106/><T82/><D82/><U33/><E33/><V96/><F72/><W65/><G132/><N who="1" m="50762" /><E126/><V28/><F27/><W44/><G127/><T36/><D36/><U84/><E84/><V10/><F10/><W76/><G76/><T107/><D107/><U69/><E69/><V134/><F134/><W67/><G67/><T59/><REACH who="0" step="1"/><D1/><REACH who="0" ten="267,208,334,181" step="2"/><U0/><E0/><V75/><F39/><W3/><G2/><T41/><D41/><U77/><E91/><V5/><F43/><W93/><G3/><T38/><D38/><U74/><E74/><V81/><F37/><W123/><G123/><T18/><D18/><AGARI ba="0,1" hai="18,20,26,77,83,85,129,131" m="50762,62487" machi="18" ten="30,1000,0" yaku="20,1" doraHai="35" who="1" fromWho="0" sc="267,-10,208,20,334,0,181,0" /><INIT seed="4,0,0,1,0,99" ten="257,228,334,181" oya="0" hai0="125,54,43,38,131,74,4,122,41,19,82,15,22" hai1="56,63,85,100,111,101,57,118,47,78,109,52,119" hai2="50,76,45,88,64,0,72,80,40,17,69,37,44" hai3="5,70,73,25,29,58,7,133,97,51,77,46,28"/><T95/><D122/><U59/><E119/><V132/><F132/><W75/><G70/><T49/><D38/><U12/><E118/><V121/><F121/><W18/><G133/><T89/><D125/><U84/><E111/><V83/><F69/><W130/><G130/><T60/><D131/><U39/><E109/><V48/><F64/><W129/><G129/><T34/><D34/><U9/><E39/><V62/><F62/><W103/><G58/><N who="1" m="22634" /><E47/><V92/><F83/><W116/><G116/><T21/><D4/><N who="3" m="1609" /><G77/><T32/><D32/><U114/><E114/><V1/><F17/><W14/><G75/><T71/><D22/><U2/><E2/><V102/><F37/><W3/><G25/><T61/><D82/><N who="1" m="47191" /><E85/><V108/><F108/><W93/><G73/><T96/><D74/><U16/><AGARI ba="0,0" hai="9,12,16,52,59,63,100,101" m="47191,22634" machi="16" ten="30,8000,1" yaku="8,1,52,2,54,2" doraHai="99" who="1" fromWho="1" sc="257,-40,228,80,334,-20,181,-20" /><INIT seed="5,0,0,5,2,130" ten="217,308,314,161" oya="1" hai0="128,109,63,7,20,104,18,83,87,52,30,95,35" hai1="106,14,42,132,13,5,67,2,27,76,6,43,41" hai2="123,23,31,3,122,39,25,53,24,110,44,125,92" hai3="93,124,11,66,28,61,62,38,84,8,26,89,56"/><U116/><E106/><V86/><F3/><W54/><G38/><T119/><D104/><U21/><E116/><V45/><F110/><W118/><G124/><T114/><D119/><U47/><E2/><V17/><F125/><W1/><G118/><T77/><D109/><U107/><E107/><V29/><F17/><W10/><G1/><T103/><D128/><U68/><E47/><V108/><F108/><W96/><G84/><T48/><D7/><U90/><E76/><V98/><F86/><W117/><G117/><T57/><D114/><U101/><E101/><V55/><F39/><W113/><G113/><T81/><D35/><U75/><E75/><V79/><F79/><W126/><G126/><T100/><D30/><U78/><E78/><V19/><F19/><W99/><G99/><T131/><D131/><U127/><E127/><V49/><F53/><W82/><G82/><T65/><D95/><U112/><E90/><V9/><F9/><W72/><G72/><T115/><D83/><U0/><E0/><V33/><REACH who="2" step="1"/><F45/><REACH who="2" ten="217,308,304,161" step="2"/><W36/><G36/><T64/><D115/><U85/><E85/><V121/><F121/><W60/><REACH who="3" step="1"/><G54/><REACH who="3" ten="217,308,304,151" step="2"/><T69/><REACH who="0" step="1"/><D64/><REACH who="0" ten="207,308,304,151" step="2"/><U129/><E67/><V37/><F37/><W46/><G46/><T50/><D50/><U135/><E129/><V59/><F59/><W73/><G73/><T102/><D102/><AGARI ba="0,3" hai="23,24,25,29,31,33,44,49,55,92,98,102,122,123" machi="102" ten="30,2000,0" yaku="1,1,7,1,53,0" doraHai="130" doraHaiUra="71" who="2" fromWho="0" sc="207,-20,308,0,304,50,151,0" /><INIT seed="6,0,0,3,5,33" ten="187,308,354,151" oya="2" hai0="14,126,69,52,46,88,109,99,123,112,15,36,59" hai1="18,34,53,92,72,94,22,23,108,82,102,86,113" hai2="74,4,54,96,5,105,91,85,19,78,93,43,65" hai3="135,2,50,8,24,9,21,37,125,6,75,67,119"/><V32/><F32/><W87/><G37/><T130/><D109/><U77/><E108/><V31/><F31/><W35/><G75/><T56/><D123/><U49/><E34/><V107/><F65/><W68/><G119/><T66/><D126/><U12/><E113/><V81/><F43/><W111/><G125/><T90/><D112/><U40/><E40/><V110/><F110/><W63/><G111/><T118/><D118/><U89/><E102/><N who="2" m="62663" /><F107/><W101/><G135/><T129/><D69/><U114/><E114/><V128/><F128/><N who="0" m="49258" /><D66/><U79/><E79/><V124/><F124/><W47/><G35/><T30/><D30/><U103/><E103/><V70/><F70/><W60/><G101/><T122/><D122/><U0/><E0/><V117/><F117/><W1/><G87/><T73/><D73/><U134/><E134/><V80/><F80/><W132/><G132/><T84/><D99/><U104/><E104/><V20/><F54/><W7/><G67/><T3/><D3/><U127/><E127/><V95/><F95/><W38/><G68/><T57/><D36/><U27/><E94/><V39/><F39/><W51/><G38/><T10/><D10/><U116/><E116/><V13/><AGARI ba="0,0" hai="4,5,13,19,20,74,78,81,85,91,93" m="62663" machi="13" ten="30,1500,0" yaku="24,1" doraHai="33" who="2" fromWho="2" sc="187,-5,308,-5,354,15,151,-5" /><INIT seed="6,1,0,5,3,91" ten="182,303,369,146" oya="2" hai0="48,62,7,5,41,63,3,33,105,70,127,84,102" hai1="131,15,13,14,107,71,67,0,28,76,113,36,25" hai2="59,46,16,18,17,98,8,109,112,120,22,89,44" hai3="35,116,61,97,19,114,20,104,51,11,9,69,58"/><V4/><F120/><W56/><G35/><T81/><D33/><U38/><E0/><V49/><F112/><W1/><G116/><T73/><D73/><U50/><E113/><V43/><F109/><W27/><G114/><T55/><D41/><U39/><E107/><V52/><F22/><W110/><G110/><T119/><D119/><U90/><E131/><V100/><F89/><W126/><G126/><T96/><D127/><U72/><E50/><V30/><F30/><W26/><G26/><T103/><D103/><U129/><E129/><V88/><F88/><W79/><G79/><T122/><D122/><U121/><E121/><V94/><REACH who="2" step="1"/><F43/><REACH who="2" ten="182,303,359,146" step="2"/><W37/><G20/><T124/><D124/><U83/><E90/><V115/><F115/><W80/><G97/><T128/><D96/><U82/><E82/><V21/><F21/><W133/><G80/><T111/><D81/><U77/><E77/><V60/><F60/><W85/><G61/><T64/><D63/><U74/><E74/><V45/><F45/><W29/><G85/><T65/><D84/><U93/><E76/><V99/><F99/><W23/><G29/><T118/><D62/><N who="1" m="40439" /><E83/><V47/><F47/><W24/><G23/><T6/><D111/><U2/><E72/><V86/><F86/><W34/><G34/><T12/><D128/><U66/><E28/><V134/><F134/><W31/><G133/><T130/><D130/><U75/><E75/><V101/><F101/><W95/><G31/><T54/><D102/><U53/><E25/><V42/><F42/><W68/><G27/><T108/><D108/><RYUUKYOKU ba="1,1" sc="182,-10,303,-10,359,30,146,-10" hai2="4,8,16,17,18,44,46,49,52,59,94,98,100" /><INIT seed="6,2,1,3,5,89" ten="172,293,389,136" oya="2" hai0="94,35,98,97,65,123,122,92,47,61,68,44,121" hai1="45,53,115,125,3,111,91,109,11,28,133,100,76" hai2="41,106,4,50,132,18,79,84,63,36,54,70,117" hai3="93,30,114,38,29,22,71,90,42,7,39,129,14"/><V112/><F106/><W124/><G71/><T86/><D86/><U103/><E76/><V99/><F99/><W20/><G129/><T96/><REACH who="0" step="1"/><D35/><REACH who="0" ten="162,293,389,136" step="2"/><U59/><E111/><V17/><F84/><W51/><G124/><T23/><D23/><U9/><E109/><V5/><F117/><W135/><G22/><T46/><AGARI ba="2,2" hai="44,46,47,61,65,68,92,94,96,97,98,121,122,123" machi="46" ten="40,16000,3" yaku="1,1,0,1,29,2,52,2,53,3" doraHai="89" doraHaiUra="40" who="0" fromWho="0" sc="162,186,293,-42,389,-82,136,-42" /><INIT seed="7,0,0,4,4,25" ten="348,251,307,94" oya="3" hai0="105,43,129,46,132,108,107,71,82,58,81,33,30" hai1="3,50,115,9,11,116,118,26,75,122,70,117,55" hai2="19,125,34,78,27,99,14,123,41,42,111,5,93" hai3="77,67,126,13,72,18,113,84,40,22,66,1,0"/><W124/><G72/><T24/><D108/><U38/><E122/><V112/><F111/><W68/><G40/><T127/><D71/><U49/><E38/><V16/><F112/><W100/><G100/><T73/><D132/><U109/><E109/><V47/><F123/><W76/><G113/><T106/><D127/><N who="3" m="48681" /><G68/><T28/><D129/><U6/><E115/><V128/><F128/><W96/><G96/><T103/><D103/><U65/><E75/><V36/><F125/><W64/><G84/><T63/><D30/><U52/><E9/><V59/><F41/><W91/><G91/><T32/><D32/><U134/><E134/><V133/><F133/><W90/><G90/><T101/><D101/><U88/><E26/><V8/><F78/><AGARI ba="0,0" hai="0,1,13,18,22,64,66,67,76,77,78" m="48681" machi="78" ten="30,1500,0" yaku="18,1" doraHai="25" who="3" fromWho="2" sc="348,0,251,0,307,-15,94,15" /><INIT seed="7,1,0,3,4,119" ten="348,251,292,109" oya="3" hai0="55,56,109,126,76,23,35,88,96,12,135,51,83" hai1="114,3,53,27,69,112,0,95,6,9,32,7,108" hai2="8,41,127,117,43,5,42,98,37,44,121,64,29" hai3="111,33,116,87,99,103,66,74,50,10,60,73,22"/><W63/><G33/><T105/><D35/><U101/><E69/><V94/><F117/><W72/><G116/><T131/><D109/><U15/><E101/><V82/><F127/><W49/><G111/><T115/><D126/><U58/><E95/><V52/><F64/><W133/><G133/><T134/><D131/><U107/><E107/><V11/><F29/><W118/><G118/><T24/><D115/><N who="1" m="44075" /><E108/><V61/><F82/><W18/><G10/><N who="2" m="3625" /><F121/><W45/><G87/><T67/><D12/><U20/><E58/><N who="2" m="35015" /><F37/><W129/><G129/><T62/><D134/><U130/><E53/><V104/><F104/><W122/><G122/><T84/><D135/><U19/><E130/><V36/><F36/><W39/><G39/><T46/><D105/><U40/><E40/><V38/><F38/><W120/><G120/><T65/><D96/><U47/><E47/><V14/><F44/><W26/><G66/><N who="0" m="39239" /><D76/><U57/><E57/><V31/><F31/><AGARI ba="1,0" hai="23,24,31,46,51,55,65,67,83,84,88" m="39239" machi="31" ten="30,2000,0" yaku="8,1,54,1" doraHai="119" who="0" fromWho="2" sc="348,23,251,0,292,-23,109,0" owari="371,47.0,251,-15.0,269,7.0,109,-39.0" /></mjloggm>