<mjloggm ver="2.3"><GO type="41"/><UN n0="%E6%98%B4" n1="%E5%85%89%E5%A4%AA%E9%83%8E%2D%42" n2="%EF%BC%88%E2%89%A7%E2%96%BD%E2%89%A6%EF%BC%89" n3="%E3%82%AF%E3%83%89" dan="13,13,15,14" rate="1858,1865,1993,1962" sx="M,M,F,M"/><TAIKYOKU oya="0"/><INIT seed="0,0,0,0,4,45" ten="250,250,250,250" oya="0" hai0="109,101,126,127,70,54,81,11,61,64,90,114,1" hai1="30,27,49,10,120,4,100,14,56,98,78,55,0" hai2="77,94,92,117,102,106,80,51,41,57,52,25,20" hai3="31,74,103,79,23,132,12,72,6,44,2,95,86"/><T73/><D114/><U67/><E120/><V125/><F117/><W69/><G69/><T84/><D73/><U63/><E78/><V62/><F125/><N who="0" m="47626" /><D101/><U113/><E113/><V75/><F106/><W16/><G132/><T15/><D1/><U122/><E0/><V89/><F102/><W71/><G71/><T133/><D133/><U24/><E122/><V88/><F94/><W17/><G31/><T99/><D109/><U18/><E4/><V123/><F123/><W3/><G3/><T59/><D99/><U13/><E13/><V36/><F36/><W9/><G103/><T83/><D90/><U93/><REACH who="1" step="1"/><E30/><REACH who="1" ten="250,240,250,250" step="2"/><V129/><F129/><W22/><G79/><T112/><D112/><U46/><AGARI ba="0,1" hai="10,14,18,24,27,46,49,55,56,63,67,93,98,100" machi="46" ten="20,12000,2" yaku="1,1,2,1,0,1,7,1,8,1,52,1,53,0" doraHai="45" doraHaiUra="111" who="1" fromWho="1" sc="250,-60,240,130,250,-30,250,-30" /><INIT seed="1,0,0,2,4,46" ten="190,370,220,220" oya="1" hai0="67,79,38,113,131,125,73,10,123,17,32,2,81" hai1="41,105,53,27,45,61,55,58,16,114,119,69,127" hai2="106,18,70,117,124,71,89,77,128,8,107,134,99" hai3="98,91,23,82,24,49,63,83,9,115,60,90,97"/><U56/><E105/><N who="2" m="39947" /><F8/><W26/><G115/><T92/><D32/><U33/><E114/><V40/><F18/><W94/><G9/><T132/><D38/><U0/><E0/><V31/><F31/><W78/><G78/><T47/><D113/><U93/><E119/><V135/><F40/><W116/><G116/><T1/><D123/><U28/><E127/><V100/><F117/><W110/><G110/><T30/><D125/><U75/><E75/><V35/><F35/><W68/><G68/><T101/><D67/><U126/><E126/><V85/><F124/><W122/><G122/><T4/><D30/><U37/><E93/><N who="2" m="58479" /><F128/><W64/><G64/><T120/><D131/><U72/><E72/><V65/><F65/><W54/><G54/><T111/><D120/><U86/><E69/><V34/><F34/><W5/><G5/><T51/><D1/><U66/><E86/><V102/><F102/><W43/><G43/><T118/><D118/><U57/><E16/><V112/><F112/><W11/><G11/><T3/><D3/><U39/><E39/><V36/><F36/><W88/><G24/><T103/><D2/><U59/><AGARI ba="0,0" hai="27,28,33,37,41,45,53,55,56,57,58,59,61,66" machi="59" ten="30,1500,0" yaku="0,1" doraHai="46" who="1" fromWho="1" sc="190,-5,370,15,220,-5,220,-5" /><INIT seed="1,1,0,0,3,42" ten="185,385,215,215" oya="1" hai0="61,3,105,9,83,7,63,34,49,93,20,35,30" hai1="46,43,11,17,32,121,53,99,54,26,48,74,36" hai2="100,67,90,40,47,125,78,103,55,89,33,5,120" hai3="106,18,52,28,96,0,37,19,69,41,13,124,129"/><U12/><E74/><V59/><F120/><W133/><G0/><T108/><D105/><U118/><E121/><V39/><F33/><W92/><G106/><T25/><D108/><U110/><E110/><V113/><F113/><W57/><G69/><T51/><D35/><U60/><E118/><V10/><F78/><W132/><G129/><T56/><D83/><U101/><E36/><V130/><F130/><W80/><G124/><T94/><D34/><U111/><E111/><V73/><F125/><W6/><G28/><T15/><D3/><U29/><REACH who="1" step="1"/><E60/><REACH who="1" ten="185,375,215,215" step="2"/><N who="0" m="23113" /><D49/><U27/><E27/><V4/><F73/><W14/><G37/><T1/><D1/><U86/><E86/><V116/><F116/><W87/><G87/><T44/><D56/><U85/><E85/><V8/><F59/><W16/><G57/><T66/><D66/><U135/><E135/><V21/><F67/><W50/><G133/><T127/><D127/><U134/><E134/><V82/><F39/><W107/><G132/><T131/><D131/><U95/><AGARI ba="1,1" hai="11,12,17,26,29,32,43,46,48,53,54,95,99,101" machi="95" ten="20,7800,0" yaku="1,1,0,1,7,1,52,1,53,0" doraHai="42" doraHaiUra="117" who="1" fromWho="1" sc="185,-27,375,91,215,-27,215,-27" /><INIT seed="1,2,0,2,3,68" ten="158,466,188,188" oya="1" hai0="41,47,111,126,71,4,9,3,19,51,72,134,104" hai1="119,26,120,8,82,13,22,122,25,42,91,98,69" hai2="16,49,96,80,102,89,132,39,100,103,74,90,15" hai3="31,99,63,58,17,44,36,88,40,86,37,14,66"/><U79/><E69/><V30/><F132/><W21/><G99/><T34/><D71/><U59/><E26/><V107/><F39/><W62/><G63/><T65/><D104/><U87/><E42/><V28/><F107/><W48/><G31/><N who="2" m="11817" /><F74/><W125/><G125/><T76/><D72/><U133/><E133/><V123/><F123/><W83/><AGARI ba="2,0" hai="14,17,21,36,37,40,44,48,58,62,66,83,86,88" machi="83" ten="20,8000,1" yaku="0,1,7,1,52,2,54,1" doraHai="68" who="3" fromWho="3" sc="158,-22,466,-42,188,-22,188,86" /><INIT seed="2,0,0,3,3,102" ten="136,424,166,274" oya="2" hai0="8,2,24,110,66,79,0,27,89,45,42,94,80" hai1="32,28,97,116,21,1,115,60,98,114,123,26,88" hai2="113,67,65,100,81,90,131,53,25,124,104,15,3" hai3="111,125,64,35,117,128,87,96,31,33,84,14,134"/><V37/><F37/><W48/><G117/><T73/><D0/><U122/><E60/><V55/><F3/><W69/><G125/><T103/><D66/><N who="2" m="25098" /><F104/><W13/><G128/><T29/><D103/><U4/><E88/><V91/><F100/><W70/><G64/><T19/><D29/><U41/><E41/><V93/><F131/><W16/><G96/><T119/><D119/><U68/><E68/><V129/><F129/><W46/><G46/><T50/><D110/><U75/><E75/><V130/><F130/><W44/><G44/><T121/><D121/><N who="1" m="46091" /><E98/><N who="2" m="57655" /><F113/><N who="1" m="43017" /><E97/><V59/><F124/><W43/><G43/><T95/><D95/><U11/><E116/><V108/><F108/><W22/><G111/><T38/><D50/><U107/><E107/><V85/><F25/><W6/><G48/><T17/><D27/><U63/><E63/><N who="2" m="36335" /><F15/><W72/><G14/><T56/><D24/><U126/><E126/><V132/><F132/><W82/><G13/><T101/><D101/><U52/><E52/><AGARI ba="0,0" hai="52,55,81,85,91" m="36335,57655,25098" machi="52" ten="30,2900,0" yaku="8,1,54,1" doraHai="102" who="2" fromWho="1" sc="136,0,424,-29,166,29,274,0" /><INIT seed="2,1,0,3,3,83" ten="136,395,195,274" oya="2" hai0="100,55,132,98,89,4,54,61,47,74,80,46,19" hai1="135,65,72,75,8,73,70,63,105,51,94,44,85" hai2="20,39,122,9,40,97,82,59,71,30,76,96,53" hai3="111,33,32,49,117,87,121,0,52,6,81,114,124"/><V91/><F122/><W127/><G121/><T36/><D132/><U11/><E105/><V99/><F71/><W15/><G117/><T5/><D74/><U1/><E135/><V38/><F91/><N who="3" m="51695" /><G0/><T93/><D36/><U12/><E1/><V116/><F116/><W134/><G114/><T24/><D55/><U78/><E12/><V86/><F9/><N who="3" m="4535" /><G111/><T129/><D129/><U92/><E92/><V84/><F40/><W67/><G67/><T16/><D80/><U18/><E18/><N who="0" m="6697" /><D100/><U17/><E17/><V68/><F68/><W50/><G134/><T103/><D103/><U13/><E13/><V113/><F113/><W130/><G130/><T119/><D24/><U7/><E7/><N who="0" m="2633" /><D119/><U57/><E70/><V27/><REACH who="2" step="1"/><F86/><REACH who="2" ten="136,395,185,274" step="2"/><W128/><G128/><T10/><D10/><U104/><E8/><V112/><F112/><W120/><G120/><T34/><D34/><U28/><E11/><V107/><F107/><W77/><G32/><T42/><D42/><U37/><E104/><V95/><F95/><W21/><G33/><T90/><D90/><U118/><E94/><V108/><F108/><W43/><G43/><T58/><AGARI ba="1,1" hai="46,47,54,58,61,89,93,98" m="2633,6697" machi="58" ten="30,2000,0" yaku="8,1,54,1" doraHai="83" who="0" fromWho="0" sc="136,33,395,-6,185,-11,274,-6" /><INIT seed="3,0,0,1,0,43" ten="169,389,174,268" oya="3" hai0="13,56,98,105,87,61,108,55,78,49,6,50,11" hai1="23,118,65,3,121,75,48,73,76,36,69,88,96" hai2="125,132,91,45,112,33,30,44,123,12,60,5,93" hai3="110,124,4,126,32,104,39,41,27,131,1,19,58"/><W134/><G104/><T68/><D108/><U53/><E36/><V100/><F112/><W52/><G110/><T117/><D117/><U62/><E3/><V25/><F132/><W20/><G134/><T129/><D129/><U85/><E121/><V57/><F125/><W74/><G74/><T72/><D72/><U92/><E118/><V18/><F123/><W115/><G115/><T63/><D78/><U47/><E76/><V37/><F5/><W71/><G71/><T77/><D105/><U103/><REACH who="1" step="1"/><E23/><REACH who="1" ten="169,379,174,268" step="2"/><N who="2" m="15679" /><F37/><W7/><G20/><T15/><D98/><U130/><E130/><V46/><F33/><W35/><G39/><T42/><D68/><U109/><E109/><V28/><F28/><W81/><G35/><T97/><D97/><U54/><E54/><N who="2" m="33847" /><F100/><W67/><G32/><T21/><D21/><U82/><AGARI ba="0,1" hai="47,48,53,62,65,69,73,75,82,85,88,92,96,103" machi="82" ten="20,8000,1" yaku="1,1,0,1,7,1,52,1,54,1,53,0" doraHai="43" doraHaiUra="31" who="1" fromWho="1" sc="169,-20,379,90,174,-20,268,-40" /><INIT seed="4,0,0,5,0,107" ten="149,469,154,228" oya="0" hai0="126,104,111,24,60,134,98,81,100,87,114,119,108" hai1="123,66,117,84,57,103,42,99,110,76,90,59,51" hai2="41,129,3,19,36,12,55,101,52,92,102,31,79" hai3="93,94,82,61,120,71,6,9,67,34,131,4,32"/><T70/><D119/><U77/><E123/><V125/><F3/><W7/><G120/><T49/><D114/><U122/><E122/><V80/><F129/><W30/><G131/><T115/><D115/><U47/><E117/><V25/><F125/><W18/><G30/><T89/><D126/><U83/><E110/><V78/><F36/><W86/><G94/><T75/><D24/><U50/><E59/><V85/><F41/><W26/><G93/><T44/><D44/><U16/><E99/><N who="2" m="59623" /><F102/><W0/><G34/><T135/><D49/><U38/><E103/><V54/><F31/><W5/><G32/><T124/><D60/><N who="1" m="38159" /><E38/><V128/><F128/><W33/><G33/><T11/><D70/><U88/><E77/><N who="2" m="46223" /><F25/><W28/><G28/><T56/><D56/><U130/><E130/><V29/><F29/><W2/><G26/><T14/><D75/><U23/><E51/><V37/><F37/><W73/><G2/><T46/><D46/><U68/><E68/><V62/><F62/><W105/><G0/><T127/><D127/><U17/><E17/><V22/><AGARI ba="0,0" hai="12,19,22,52,54,55,78,79" m="46223,59623" machi="22" ten="30,2000,0" yaku="8,1,54,1" doraHai="107" who="2" fromWho="2" sc="149,-10,469,-5,154,20,228,-5" /><INIT seed="5,0,0,2,1,57" ten="139,464,174,223" oya="1" hai0="3,51,96,111,75,131,117,0,108,61,5,59,76" hai1="101,68,20,44,118,9,65,69,50,64,134,35,55" hai2="94,4,27,73,105,14,42,126,109,95,26,63,102" hai3="22,92,128,123,28,62,107,43,116,21,98,133,58"/><U80/><E35/><V72/><F109/><W11/><G123/><T127/><D117/><U110/><E110/><V29/><F126/><W48/><G116/><T37/><D37/><U33/><E33/><V86/><F105/><W114/><G107/><T104/><D127/><U15/><E118/><V60/><F42/><W91/><G114/><T70/><D59/><U77/><E134/><V31/><F102/><W115/><G115/><T119/><D51/><U78/><E101/><V89/><F4/><W54/><G128/><T7/><D7/><U130/><E130/><V87/><F89/><W36/><G36/><T124/><D131/><U24/><E68/><V135/><REACH who="2" step="1"/><F14/><REACH who="2" ten="139,464,164,223" step="2"/><W12/><G133/><AGARI ba="0,1" hai="26,27,29,31,60,63,72,73,86,87,94,95,133,135" machi="133" ten="25,12000,2" yaku="1,1,2,1,22,2,52,2,53,0" doraHai="57" doraHaiUra="45" who="2" fromWho="3" sc="139,0,464,0,164,130,223,-120" /><INIT seed="6,0,0,1,3,1" ten="139,464,294,103" oya="2" hai0="94,34,80,76,17,12,108,106,66,124,71,99,37" hai1="55,75,4,18,60,87,104,16,113,89,40,68,112" hai2="26,117,8,39,23,2,78,100,33,19,38,83,109" hai3="81,35,5,91,48,24,131,47,36,84,82,10,90"/><V27/><F117/><W120/><G120/><T3/><D34/><U59/><E75/><V46/><F109/><W28/><G36/><T107/><D3/><U49/><E104/><V30/><F100/><W62/><G131/><T63/><D37/><U125/><E125/><V52/><F2/><W42/><G62/><T93/><D93/><U0/><E0/><V13/><F46/><W79/><REACH who="3" step="1"/><G82/><REACH who="3" ten="139,464,294,93" step="2"/><T88/><D124/><U86/><E49/><V7/><REACH who="2" step="1"/><F52/><REACH who="2" ten="139,464,284,93" step="2"/><W130/><G130/><T135/><D108/><U127/><E55/><V57/><F57/><W61/><G61/><T29/><D135/><U70/><E59/><V102/><F102/><W110/><G110/><T126/><D126/><U43/><E60/><V56/><F56/><W85/><G85/><AGARI ba="0,2" hai="7,8,13,19,23,26,27,30,33,38,39,78,83,85" machi="85" ten="30,5800,0" yaku="1,1,7,1,52,1,53,0" doraHai="1" doraHaiUra="118" who="2" fromWho="3" sc="139,0,464,0,284,78,93,-58" /><INIT seed="6,1,0,5,2,47" ten="139,464,362,35" oya="2" hai0="95,84,52,112,21,122,60,73,80,31,28,99,43" hai1="61,77,74,101,34,38,113,90,92,18,19,27,129" hai2="30,36,98,49,110,135,100,64,22,56,106,111,58" hai3="127,24,66,109,132,5,67,3,131,123,102,126,76"/><V44/><F135/><W59/><G123/><T125/><D73/><U54/><E38/><V105/><F36/><W75/><G132/><T17/><D122/><U71/><E129/><V9/><F106/><W15/><G131/><T119/><D43/><U79/><E74/><V68/><F68/><W11/><G109/><N who="2" m="41481" /><F9/><W6/><G102/><T1/><D1/><U65/><E101/><V88/><F64/><W94/><G94/><T16/><D17/><U83/><E113/><V62/><F62/><W72/><G76/><N who="0" m="46087" /><D112/><U115/><E115/><V78/><F78/><W8/><G24/><N who="0" m="14375" /><D119/><U133/><E133/><V63/><F63/><N who="3" m="38271" /><G67/><T40/><D40/><U85/><E65/><V42/><F88/><W39/><G39/><T7/><D7/><U25/><E71/><V87/><F87/><W41/><G41/><T70/><D125/><AGARI ba="1,0" hai="3,5,6,8,11,15,72,75,125,126,127" m="38271" machi="125" ten="30,1000,0" yaku="18,1" doraHai="47" who="3" fromWho="0" sc="139,-13,464,0,362,0,35,13" /><INIT seed="7,0,0,5,0,50" ten="126,464,362,48" oya="3" hai0="54,82,98,122,68,44,18,55,85,46,70,42,63" hai1="103,91,71,102,6,21,75,93,45,9,114,99,89" hai2="121,128,33,118,129,110,67,49,100,37,124,41,10" hai3="58,1,113,64,119,40,105,116,80,7,120,15,135"/><W36/><G120/><T134/><D134/><U13/><E71/><V12/><F118/><W127/><G135/><T130/><D122/><U5/><E75/><V78/><F121/><W95/><G105/><T24/><D130/><N who="2" m="50282" /><F124/><W59/><G127/><T92/><D46/><U53/><E114/><V35/><F41/><W52/><G113/><T29/><D18/><U73/><E73/><V112/><F37/><W48/><G1/><T4/><D4/><U104/><E21/><V17/><F112/><W69/><G80/><T43/><D68/><U66/><E66/><V108/><F67/><W126/><G95/><T28/><D70/><U0/><E0/><V25/><F100/><W2/><G2/><T3/><D3/><U74/><E74/><V47/><F78/><W84/><G84/><T132/><D132/><U20/><E20/><N who="2" m="13455" /><F49/><W38/><G126/><T90/><D63/><U72/><E72/><V76/><F47/><N who="3" m="25703" /><G15/><T131/><D29/><U94/><E13/><V27/><F76/><W51/><G7/><T88/><D131/><U115/><E5/><N who="2" m="3151" /><F27/><W79/><G79/><T111/><D111/><AGARI ba="0,0" hai="33,35,108,110,111" m="3151,13455,50282" machi="111" ten="30,3900,0" yaku="19,1,34,2" doraHai="50" who="2" fromWho="0" sc="126,-39,464,0,362,39,48,0" owari="87,-31.0,464,56.0,401,20.0,48,-45.0" /></mjloggm>