<mjloggm ver="2.3"><GO type="137"/><UN n0="%2A%53%48%49%52%4F%2A" n1="%31%33%39%63%6D" n2="%61%6D%61%67%61%73%61%79" n3="%EF%BC%88%E2%89%A7%E2%96%BD%E2%89%A6%EF%BC%89" dan="10,10,12,11" rate="1566,1505,1770,1862" sx="M,F,M,M"/><TAIKYOKU oya="0"/><INIT seed="0,0,0,3,4,24" ten="250,250,250,250" oya="0" hai0="16,25,72,132,125,106,64,30,47,102,130,57,18" hai1="65,58,99,133,111,112,129,40,126,86,17,1,101" hai2="27,122,21,48,103,135,5,23,29,71,118,79,2" hai3="22,117,15,80,84,94,42,73,10,85,119,13,37"/><T11/><D72/><U28/><E1/><V51/><F122/><W53/><G73/><T26/><D106/><U127/><E40/><V77/><F71/><W59/><G37/><T128/><D125/><N who="1" m="47627" /><E17/><N who="0" m="6761" /><D132/><U98/><E65/><V3/><F27/><N who="0" m="10250" /><D102/><U113/><E58/><V45/><F45/><W61/><G42/><T38/><D11/><U6/><E101/><V92/><F92/><W9/><G119/><T39/><D47/><U123/><E6/><V87/><F87/><W91/><G117/><T12/><D12/><N who="3" m="4681" /><G22/><T110/><D110/><U63/><E86/><V81/><F81/><W120/><G120/><T20/><D20/><U82/><E82/><V32/><F32/><W104/><G104/><T68/><D30/><U55/><E55/><V90/><F90/><AGARI ba="0,0" hai="9,10,53,59,61,80,84,85,90,91,94" m="4681" machi="90" ten="30,1000,0" yaku="8,1" doraHai="24" who="3" fromWho="2" sc="250,0,250,0,250,-10,250,10" /><INIT seed="1,0,0,5,2,63" ten="250,250,240,260" oya="1" hai0="8,55,57,89,2,104,73,82,13,72,81,53,70" hai1="90,62,74,9,122,11,43,60,125,88,133,98,49" hai2="29,12,15,41,116,76,128,80,3,32,44,71,58" hai3="31,48,93,34,101,36,113,24,51,61,132,50,119"/><U124/><E122/><V59/><F116/><W42/><G113/><T84/><D104/><U27/><E27/><V19/><F128/><W21/><G132/><T7/><D70/><U135/><E74/><V103/><F3/><W6/><G119/><T69/><D69/><U99/><E49/><V1/><F1/><W100/><G6/><T37/><D37/><U10/><REACH who="1" step="1"/><E10/><REACH who="1" step="2"/><V38/><F71/><W120/><G120/><T131/><D131/><U92/><E92/><V66/><F103/><W16/><G93/><T117/><D117/><U118/><E118/><V91/><F32/><W97/><G61/><T77/><D73/><U126/><E126/><V45/><F38/><W26/><REACH who="3" step="1"/><G97/><REACH who="3" step="2"/><T115/><D115/><U83/><E83/><V109/><F80/><W46/><AGARI ba="0,2" hai="16,21,24,26,31,34,36,42,46,48,50,51,100,101" machi="46" ten="30,12000,2" yaku="1,1,2,1,0,1,54,1,53,2" doraHai="63" doraHaiUra="22" who="3" fromWho="3" sc="250,-30,240,-60,240,-30,250,140" /><INIT seed="2,0,0,5,5,33" ten="220,180,210,390" oya="2" hai0="116,115,23,128,95,111,42,110,60,51,7,106,48" hai1="8,16,9,80,91,131,104,14,56,90,112,75,78" hai2="130,57,123,98,6,126,17,119,30,74,127,66,2" hai3="85,19,94,108,13,118,3,12,20,103,39,1,69"/><V135/><F123/><W99/><G118/><T49/><D106/><U4/><E104/><V54/><F119/><W0/><G108/><N who="0" m="41515" /><D116/><U79/><E112/><V134/><F74/><W89/><G39/><T41/><D95/><U109/><E109/><V67/><F98/><W61/><G13/><T35/><D35/><U55/><E131/><V38/><F30/><W15/><G15/><T71/><D115/><U25/><E79/><V81/><F81/><W73/><G73/><T107/><D107/><U76/><E76/><V32/><F32/><W18/><G18/><T59/><D7/><U87/><E75/><V100/><F100/><W102/><REACH who="3" step="1"/><G99/><REACH who="3" step="2"/><T27/><D23/><U122/><E122/><V58/><F38/><W101/><G101/><T31/><D128/><U121/><E121/><V93/><F130/><W65/><AGARI ba="0,1" hai="0,1,3,12,19,20,61,65,69,85,89,94,102,103" machi="65" ten="40,8000,1" yaku="1,1,0,1,52,3,53,0" doraHai="33" doraHaiUra="29" who="3" fromWho="3" sc="220,-20,180,-20,210,-40,380,90" /><INIT seed="3,0,0,1,5,53" ten="200,160,170,470" oya="3" hai0="64,38,68,109,31,33,98,52,77,26,114,87,105" hai1="35,40,123,106,45,72,104,62,130,54,120,79,89" hai2="97,7,47,131,9,70,67,127,69,56,132,58,76" hai3="19,115,32,21,85,116,1,57,36,133,83,129,24"/><W39/><G116/><T12/><D109/><U44/><E89/><V17/><F127/><W100/><G115/><T95/><D114/><U78/><E54/><V113/><F113/><W29/><G133/><T80/><D38/><U30/><E130/><V99/><F131/><W93/><G129/><T48/><D12/><U110/><E110/><V63/><F132/><W28/><G1/><T102/><D95/><U86/><E86/><V90/><F76/><W51/><G100/><T84/><D84/><U111/><E111/><V11/><F17/><W41/><G93/><T134/><D134/><U107/><E79/><V14/><F11/><W71/><G71/><T6/><D6/><U5/><E5/><V13/><F13/><W27/><G19/><T122/><D122/><U34/><E30/><V82/><F47/><W73/><G73/><T43/><D43/><U42/><E62/><V49/><F49/><W96/><G96/><T60/><REACH who="0" step="1"/><D48/><REACH who="0" step="2"/><U15/><E15/><V37/><F37/><W3/><G3/><T4/><D4/><U126/><E126/><V10/><F14/><W128/><G128/><T16/><D16/><U20/><E20/><V94/><F94/><W88/><REACH who="3" step="1"/><G41/><REACH who="3" step="2"/><T75/><D75/><U61/><E123/><V117/><F117/><W91/><G91/><T119/><D119/><U81/><E120/><V46/><F69/><W118/><G118/><T50/><D50/><U18/><E42/><V103/><F70/><W112/><G112/><T22/><D22/><U55/><E18/><V23/><F23/><W0/><G0/><T59/><D59/><RYUUKYOKU ba="0,2" sc="190,15,160,-15,170,-15,460,15" hai0="26,31,33,52,60,64,68,77,80,87,98,102,105" hai3="21,24,27,28,29,32,36,39,51,57,83,85,88" /><INIT seed="3,1,2,0,0,58" ten="205,145,155,475" oya="3" hai0="53,3,90,15,84,100,9,54,124,116,96,80,62" hai1="1,81,5,28,75,120,45,4,65,33,68,19,91" hai2="82,35,59,57,102,107,66,134,103,71,88,121,87" hai3="26,133,135,51,89,41,104,67,16,125,97,98,110"/><W36/><G125/><T43/><D124/><U44/><E120/><V47/><F121/><W48/><G110/><T130/><D116/><U105/><E91/><V50/><F134/><N who="3" m="51211" /><G104/><T14/><D3/><U31/><E19/><V111/><F111/><W52/><G67/><T119/><D119/><U129/><E45/><V13/><F35/><W70/><G70/><T40/><D130/><U39/><E129/><V109/><F109/><W27/><G27/><T64/><D15/><U55/><E55/><V99/><F103/><W25/><G25/><T78/><D54/><U34/><E5/><V46/><F71/><W56/><G36/><T95/><D53/><U24/><E81/><V0/><F0/><W2/><G2/><T60/><D60/><N who="1" m="39975" /><E75/><V69/><F69/><W77/><G77/><T12/><D12/><U29/><E29/><V86/><F86/><W10/><G89/><T132/><D132/><U18/><E18/><V21/><F66/><W8/><G8/><T115/><D115/><U94/><E94/><V118/><F118/><W112/><G112/><T79/><D79/><U123/><E123/><V122/><F122/><W22/><G10/><T49/><D49/><U76/><E76/><V93/><F107/><W85/><G85/><T61/><D64/><U73/><E73/><V113/><F113/><W92/><G92/><T131/><D131/><U127/><E127/><V6/><F47/><AGARI ba="1,2" hai="16,22,26,41,47,48,51,52,56,97,98" m="51211" machi="47" ten="30,5800,0" yaku="20,1,54,2" doraHai="58" who="3" fromWho="2" sc="205,0,145,0,155,-61,475,81" /><INIT seed="3,2,0,0,4,24" ten="205,145,94,556" oya="3" hai0="13,95,21,104,78,52,83,77,134,5,12,82,17" hai1="0,11,88,20,118,81,129,123,97,35,79,27,125" hai2="19,75,62,69,49,37,99,127,71,36,33,108,103" hai3="58,116,28,54,45,96,8,30,111,70,29,112,7"/><W60/><G116/><T56/><D134/><U130/><E123/><V38/><F108/><W40/><G112/><T89/><D104/><U46/><E46/><V92/><F127/><W135/><G135/><T87/><D5/><U41/><E41/><V44/><F75/><W133/><G133/><T57/><D57/><U94/><E35/><V72/><F72/><W91/><G111/><T22/><D82/><U107/><E125/><V43/><F62/><W110/><G110/><T55/><D55/><U115/><E107/><V122/><F122/><W124/><G124/><T67/><D67/><U31/><E115/><V66/><F33/><W16/><G70/><T34/><D34/><U51/><E51/><V86/><F66/><W65/><G65/><T32/><D32/><U3/><E118/><V25/><F86/><W1/><G16/><T64/><D64/><U26/><E3/><V101/><F25/><W132/><G132/><T9/><D9/><U105/><E105/><V14/><REACH who="2" step="1"/><F103/><REACH who="2" step="2"/><W114/><G114/><T113/><D113/><U85/><E27/><V15/><F15/><W48/><G96/><T98/><D98/><U131/><E131/><V80/><F80/><W42/><REACH who="3" step="1"/><G91/><REACH who="3" step="2"/><T10/><D89/><U117/><E117/><V119/><F119/><W61/><G61/><T6/><D77/><U4/><AGARI ba="2,2" hai="0,4,11,20,26,31,79,81,85,88,94,97,129,130" machi="4" ten="30,4000,0" yaku="0,1,52,1,54,1" doraHai="24" who="1" fromWho="1" sc="205,-12,145,66,84,-12,546,-22" /><INIT seed="4,0,0,0,2,16" ten="193,211,72,524" oya="0" hai0="85,104,88,74,70,92,12,28,108,113,53,15,44" hai1="77,48,7,119,64,9,86,68,65,2,31,20,21" hai2="56,14,73,120,98,60,102,97,100,95,69,91,76" hai3="49,26,61,112,1,18,79,22,115,59,101,134,42"/><T58/><D74/><U123/><E123/><V51/><F69/><W30/><G1/><T84/><D70/><U6/><E119/><V133/><F120/><W109/><G109/><T37/><D108/><U116/><E116/><V32/><F133/><W4/><G134/><T5/><D104/><U29/><E86/><V94/><F32/><W39/><G39/><T82/><D113/><N who="3" m="43593" /><G101/><T62/><D28/><U96/><E77/><V128/><F128/><W11/><G79/><T3/><D3/><U36/><E96/><V47/><F14/><N who="3" m="5479" /><G18/><T103/><D103/><U34/><E36/><V83/><F91/><W46/><G59/><T130/><D130/><U99/><E68/><V23/><F23/><N who="1" m="8777" /><E99/><V57/><REACH who="2" step="1"/><F60/><AGARI ba="0,0" hai="22,26,30,42,46,49,60,61" m="5479,43593" machi="60" ten="30,2000,0" yaku="15,1,52,1" doraHai="16" who="3" fromWho="2" sc="193,0,211,0,72,-20,524,20" /><INIT seed="5,0,0,3,3,59" ten="193,211,52,544" oya="1" hai0="75,6,122,45,83,82,29,41,73,117,119,33,37" hai1="28,23,17,106,71,27,100,67,32,12,24,90,19" hai2="4,42,79,113,5,16,49,107,130,14,105,38,112" hai3="66,57,51,31,78,86,95,68,109,22,48,36,133"/><U124/><E106/><N who="2" m="40459" /><F38/><W80/><G36/><T2/><D122/><U126/><E100/><V46/><F79/><W110/><G109/><T30/><D33/><U1/><E90/><V118/><F118/><W7/><G110/><T18/><D18/><N who="1" m="12407" /><E71/><V53/><F130/><W72/><G133/><T15/><D37/><U134/><E67/><V20/><F53/><W127/><G127/><N who="1" m="48682" /><E134/><V11/><F11/><W34/><G34/><T44/><D41/><U8/><E1/><V111/><F111/><W116/><G116/><T125/><D125/><U89/><E89/><V85/><F85/><W101/><G86/><T76/><D2/><U77/><E77/><V56/><F56/><W135/><G57/><T131/><D131/><U10/><E12/><V104/><N who="2" m="40467" /><V9/><DORA hai="69" /><F9/><AGARI ba="0,0" hai="8,9,10,17,19,27,28,32" m="48682,12407" machi="9" ten="30,5800,0" yaku="18,1,34,2" doraHai="59,69" who="1" fromWho="2" sc="193,0,211,58,52,-58,544,0" owari="193,-21,269,7,-6,-51,544,65" /></mjloggm>