<mjloggm ver="2.3"><GO type="41"/><UN n0="%E9%AD%94%E7%8E%8B%E3%81%93%E3%81%A3%E3%81%BA%E3%81%B1%E3%82%93" n1="%E3%82%B5%E3%83%BC%E3%82%BB%E3%83%B3" n2="%E6%A5%B5%E6%9D%B1%E3%83%AC%E3%83%BC%E3%83%80%E3%83%BC" n3="%E3%82%A6%E3%83%AB%E3%83%88%E3%83%A9%E7%AB%8B%E7%9B%B4" dan="14,13,14,15" rate="1926,1882,1826,1972" sx="M,M,M,M"/><TAIKYOKU oya="0"/><INIT seed="0,0,0,1,3,42" ten="250,250,250,250" oya="0" hai0="107,85,89,106,6,53,112,109,115,3,127,83,95" hai1="35,133,12,59,88,132,70,113,65,130,50,17,100" hai2="10,54,67,124,2,102,63,31,69,38,82,80,39" hai3="93,44,43,86,123,30,81,48,92,125,122,21,57"/><T68/><D68/><U29/><E35/><V128/><F124/><W46/><G125/><T9/><D127/><U91/><E70/><V118/><F118/><W94/><G122/><T74/><D109/><U58/><E130/><V62/><F128/><W110/><G110/><T134/><BYE who="3" /><D134/><N who="1" m="51819" /><E29/><V99/><F62/><W96/><G96/><T114/><REACH who="0" step="1"/><D53/><REACH who="0" ten="240,250,250,250" step="2"/><N who="1" m="32055" /><E113/><V5/><F31/><W61/><G61/><T77/><AGARI ba="0,1" hai="3,6,9,74,77,83,85,89,95,106,107,112,114,115" machi="77" ten="40,3900,0" yaku="1,1,0,1,53,0" doraHai="42" doraHaiUra="23" who="0" fromWho="0" sc="240,49,250,-13,250,-13,250,-13" /><UN n3="%E3%82%A6%E3%83%AB%E3%83%88%E3%83%A9%E7%AB%8B%E7%9B%B4" /><INIT seed="0,1,0,4,0,76" ten="289,237,237,237" oya="0" hai0="92,63,34,48,51,19,50,122,15,107,30,33,3" hai1="132,77,88,36,86,17,52,80,32,59,112,75,134" hai2="55,104,10,117,56,91,40,114,47,119,82,25,35" hai3="102,90,5,129,116,23,7,38,8,74,42,65,94"/><T126/><D107/><U83/><E32/><V37/><F114/><W68/><G74/><T113/><D113/><U4/><E36/><V57/><F104/><W111/><G116/><N who="2" m="44617" /><F10/><W84/><G7/><T1/><D122/><U115/><E4/><V16/><F55/><W45/><G102/><T89/><D126/><U96/><E96/><V135/><F135/><N who="1" m="51753" /><E17/><V110/><F110/><W28/><G111/><T6/><D6/><U127/><E127/><V98/><F98/><W43/><G43/><T79/><D79/><U101/><E101/><V66/><F66/><W125/><G125/><T69/><D69/><U123/><E123/><V41/><F41/><W99/><G129/><T26/><D63/><AGARI ba="1,0" hai="52,59,63,75,77,80,83,86,88,112,115" m="51753" machi="63" ten="30,8000,1" yaku="20,1,52,2,54,2" doraHai="76" who="1" fromWho="0" sc="289,-83,237,83,237,0,237,0" /><INIT seed="1,0,0,3,3,115" ten="206,320,237,237" oya="1" hai0="50,28,33,52,132,123,31,134,111,96,11,118,126" hai1="37,75,110,77,60,100,15,105,46,85,69,22,62" hai2="104,2,58,94,114,59,51,23,1,73,133,44,120" hai3="117,8,43,48,4,90,19,9,29,42,27,3,119"/><U71/><E110/><V128/><F104/><W24/><G90/><T135/><D111/><U32/><E75/><V106/><F73/><W17/><G48/><T101/><D123/><U70/><E32/><V63/><F106/><W14/><G43/><T130/><D130/><U26/><E105/><V79/><F114/><W108/><G42/><T116/><D126/><U6/><E100/><V81/><F128/><W103/><G103/><T41/><D41/><U86/><E6/><V40/><F133/><W74/><G74/><T55/><D11/><U39/><E15/><V34/><F34/><N who="3" m="20775" /><G108/><T124/><D124/><U113/><E113/><V92/><F120/><W61/><G61/><T56/><D55/><U21/><E26/><V78/><F1/><W66/><G66/><T20/><D33/><U5/><E5/><V7/><F2/><W72/><G72/><T127/><D127/><U53/><E77/><N who="2" m="29195" /><F7/><N who="3" m="3359" /><G27/><N who="0" m="16487" /><D31/><U84/><E46/><V122/><F122/><W131/><G131/><T64/><D64/><U107/><E53/><V36/><F36/><N who="1" m="13897" /><E107/><AGARI ba="0,0" hai="50,52,56,96,101,107,116,118,132,134,135" m="16487" machi="107" ten="30,7700,0" yaku="20,1,52,2,54,1" doraHai="115" who="0" fromWho="1" sc="206,77,320,-77,237,0,237,0" /><INIT seed="2,0,0,4,0,85" ten="283,243,237,237" oya="2" hai0="99,78,88,117,97,95,87,38,10,36,84,125,60" hai1="59,9,53,80,73,110,104,12,30,49,66,52,5" hai2="129,22,86,40,51,67,92,35,109,6,65,31,108" hai3="81,50,98,91,64,127,76,56,23,114,71,21,55"/><V135/><F35/><W128/><G114/><T111/><D117/><U46/><E110/><N who="2" m="42603" /><F135/><W43/><G127/><T28/><D111/><U63/><E104/><V90/><F129/><W44/><G128/><T11/><D125/><U131/><E131/><V106/><F106/><W8/><G8/><T47/><D28/><U119/><E119/><V120/><F120/><W115/><G115/><T27/><D27/><U45/><E30/><V112/><F112/><W32/><G32/><T93/><D60/><U101/><E101/><V89/><F6/><W4/><G4/><T68/><D68/><U19/><E46/><N who="2" m="26055" /><F31/><W57/><G57/><T133/><D47/><U54/><E5/><V107/><F107/><W7/><G7/><T118/><D118/><U16/><REACH who="1" step="1"/><E19/><REACH who="1" ten="283,233,237,237" step="2"/><V2/><F2/><W15/><G44/><T62/><D133/><U79/><AGARI ba="0,1" hai="9,12,16,45,49,52,53,54,59,63,66,73,79,80" machi="79" ten="30,8000,1" yaku="1,1,2,1,0,1,54,2,53,0" doraHai="85" doraHaiUra="70" who="1" fromWho="1" sc="283,-20,233,90,237,-40,237,-20" /><INIT seed="3,0,0,4,0,30" ten="263,323,197,217" oya="3" hai0="12,67,27,100,56,55,14,11,37,65,95,32,131" hai1="114,96,48,101,39,74,62,21,19,115,99,105,5" hai2="53,36,60,132,103,121,70,43,85,63,17,76,23" hai3="44,57,10,38,88,40,8,24,64,71,89,18,110"/><W135/><G135/><T7/><D37/><U109/><E39/><V108/><F108/><W41/><G110/><T66/><D131/><U116/><E74/><V31/><F132/><W9/><G71/><T130/><D130/><U72/><E109/><V49/><F121/><W98/><G41/><T117/><D117/><U73/><E72/><V86/><F103/><W6/><G6/><T29/><D100/><U82/><E73/><V87/><F31/><W42/><G42/><T28/><D28/><U16/><E116/><V26/><F70/><W118/><G118/><T122/><D122/><U127/><E127/><V15/><F76/><W58/><G64/><T123/><D123/><U69/><E82/><V133/><F133/><W13/><G24/><T35/><D95/><U120/><E120/><V119/><F119/><W51/><G38/><T113/><D113/><U106/><E5/><V34/><F34/><W50/><G98/><T84/><D84/><U125/><E48/><V91/><F36/><W0/><G0/><T52/><D55/><U129/><E129/><V111/><F43/><W61/><G61/><N who="2" m="23625" /><F26/><W134/><G134/><T68/><D68/><U54/><E69/><V59/><F111/><W128/><G128/><T107/><D107/><U104/><E104/><V20/><F20/><N who="3" m="11343" /><G51/><T94/><D35/><U90/><E62/><V79/><F79/><W126/><G126/><T75/><D75/><U93/><E125/><V83/><AGARI ba="0,0" hai="15,17,23,49,53,59,83,85,86,87,91" m="23625" machi="83" ten="30,1100,0" yaku="8,1" doraHai="30" who="2" fromWho="2" sc="263,-3,323,-3,197,11,217,-5" /><INIT seed="4,0,0,1,0,128" ten="260,320,208,212" oya="0" hai0="88,4,110,68,103,84,115,118,49,77,14,111,67" hai1="12,80,85,63,25,129,29,99,43,47,1,104,46" hai2="89,45,98,51,6,108,96,117,60,112,97,17,121" hai3="122,19,10,131,132,81,64,123,40,124,30,66,33"/><T69/><D118/><U32/><E129/><V41/><F121/><N who="3" m="46091" /><G40/><T24/><D115/><U105/><E1/><V106/><F117/><W34/><G66/><T70/><D103/><U5/><E63/><V22/><F112/><W3/><G64/><T90/><D24/><U116/><E116/><V125/><F108/><N who="0" m="41514" /><D67/><U44/><E99/><V119/><F119/><W126/><G81/><N who="0" m="47151" /><D49/><U82/><E82/><V39/><F125/><N who="3" m="48235" /><G131/><T75/><D75/><U109/><E109/><V15/><F106/><W7/><G30/><T18/><D4/><U11/><REACH who="1" step="1"/><E43/><REACH who="1" ten="260,310,208,212" step="2"/><V61/><F61/><W21/><G132/><T87/><D87/><U83/><E83/><V71/><F60/><W130/><G130/><T102/><D102/><U28/><E28/><V53/><F71/><W127/><G127/><T9/><AGARI ba="0,1" hai="9,14,18,68,69,70,88,90" m="47151,41514" machi="9" ten="40,3900,0" yaku="10,1,54,1" doraHai="128" who="0" fromWho="0" sc="260,49,310,-13,208,-13,212,-13" /><INIT seed="4,1,0,5,0,92" ten="309,297,195,199" oya="0" hai0="59,133,124,131,98,38,67,51,135,121,79,64,83" hai1="32,40,97,93,86,56,73,68,43,81,62,110,1" hai2="113,105,129,47,74,7,71,70,95,36,132,46,23" hai3="99,54,87,42,112,14,69,15,76,9,106,115,60"/><T3/><D121/><U57/><E68/><V123/><F74/><W10/><G42/><T108/><D108/><U24/><E73/><V89/><F105/><W103/><G87/><T19/><D38/><U26/><E1/><V53/><F123/><W84/><G84/><T2/><D124/><U21/><E110/><V117/><F113/><W107/><G76/><T72/><D131/><U119/><E32/><V22/><F132/><N who="0" m="50762" /><D19/><N who="1" m="12351" /><E119/><V100/><F129/><W91/><G91/><T75/><D75/><U55/><E57/><V13/><F117/><W4/><G106/><T102/><D51/><U28/><E28/><V27/><F100/><W45/><G45/><T94/><D59/><U25/><E43/><V49/><F36/><W12/><G54/><T34/><D34/><U48/><E48/><V122/><F122/><W65/><REACH who="3" step="1"/><G9/><REACH who="3" ten="309,297,195,189" step="2"/><T130/><D130/><U88/><E40/><V16/><F47/><W77/><G77/><AGARI ba="1,1" hai="25,26,55,56,62,77,81,86,88,93,97" m="12351" machi="77" ten="30,7700,0" yaku="25,1,8,1,52,1,54,1" doraHai="92" who="1" fromWho="3" sc="309,0,297,90,195,0,189,-80" /><INIT seed="5,0,0,3,0,20" ten="309,387,195,109" oya="1" hai0="71,74,84,121,19,127,90,69,15,40,8,1,72" hai1="13,77,75,54,23,41,120,100,116,105,126,51,95" hai2="45,93,9,27,99,79,24,119,12,89,133,111,49" hai3="42,31,85,56,78,43,110,61,135,2,73,4,60"/><U86/><E120/><V33/><F119/><W18/><G73/><T125/><D121/><U50/><E116/><V102/><F111/><W57/><G4/><T58/><D40/><U94/><E105/><V38/><F38/><W130/><G2/><T52/><D1/><U63/><E75/><V118/><F118/><W70/><G31/><T46/><D46/><U122/><E122/><V107/><F33/><W96/><G96/><T29/><D29/><U103/><E126/><N who="0" m="48137" /><D74/><U44/><E63/><V76/><F133/><W53/><G85/><T108/><D108/><U30/><E77/><N who="2" m="29771" /><F102/><N who="1" m="38953" /><E86/><V112/><F112/><W0/><G78/><T37/><D37/><U80/><E80/><V128/><F107/><W47/><G0/><T106/><D106/><U39/><E39/><V131/><F131/><W22/><G110/><T65/><D65/><U6/><E6/><N who="2" m="3127" /><F128/><W17/><G130/><T92/><D72/><U68/><E68/><V81/><F81/><W10/><G70/><T117/><D117/><U101/><E13/><V82/><F82/><W114/><G135/><T5/><D5/><U11/><E11/><V83/><F83/><W87/><G114/><T104/><D104/><U25/><N who="1" m="38961" /><U59/><AGARI ba="0,0" hai="23,25,30,41,44,50,51,54,59,94,95" m="38961" machi="59" ten="30,6000,0" yaku="4,1,8,1,52,1" doraHai="20" who="1" fromWho="1" sc="309,-20,387,60,195,-20,109,-20" /><INIT seed="5,1,0,0,1,88" ten="289,447,175,89" oya="1" hai0="8,49,113,72,107,51,130,114,25,116,67,62,95" hai1="64,31,120,78,58,27,21,42,23,124,60,85,13" hai2="125,73,19,106,5,91,39,20,28,63,65,100,128" hai3="110,97,1,3,98,112,45,101,37,74,94,59,43"/><U7/><E120/><V123/><F39/><W102/><G74/><T89/><D107/><U66/><E124/><V109/><F123/><W29/><G110/><T115/><D72/><U11/><E42/><V44/><F73/><W104/><G112/><T103/><D116/><U92/><E23/><V99/><F109/><W24/><REACH who="3" step="1"/><G59/><REACH who="3" ten="289,447,175,79" step="2"/><N who="0" m="37343" /><D130/><U47/><E47/><V126/><F128/><W10/><G10/><T48/><D8/><U135/><E135/><V46/><F126/><W35/><AGARI ba="1,1" hai="1,3,24,29,35,37,43,45,94,97,98,101,102,104" machi="35" ten="20,5200,0" yaku="1,1,0,1,7,1,52,1,53,0" doraHai="88" doraHaiUra="4" who="3" fromWho="3" sc="289,-14,447,-27,175,-14,79,65" /><INIT seed="6,0,0,0,0,58" ten="275,420,161,144" oya="2" hai0="85,3,42,68,61,108,52,25,116,130,79,36,34" hai1="69,73,1,41,135,129,53,114,75,103,105,18,102" hai2="0,72,111,31,22,112,12,93,83,80,128,78,70" hai3="92,44,46,37,96,63,23,97,87,19,126,131,122"/><V7/><F70/><W29/><G122/><T6/><D116/><U134/><E69/><V91/><F112/><W10/><G126/><T45/><D108/><U47/><E1/><V119/><F119/><W82/><G97/><T86/><D79/><U30/><E114/><V66/><F128/><W123/><G37/><T124/><D124/><U77/><E129/><V21/><F0/><W40/><G40/><T43/><D43/><U118/><E118/><V71/><F71/><W107/><G107/><T51/><D130/><U54/><E30/><V110/><F66/><W65/><G10/><N who="0" m="2399" /><D25/><U115/><E115/><V11/><F80/><W49/><G49/><T28/><D28/><U125/><E125/><V2/><F2/><W60/><G29/><T32/><D86/><U81/><E75/><V94/><F94/><W117/><G117/><T90/><D90/><U20/><E103/><V16/><F7/><W17/><G123/><T95/><D95/><U27/><E102/><V56/><F56/><W100/><G131/><T104/><D85/><U35/><E35/><V24/><REACH who="2" step="1"/><F22/><REACH who="2" ten="275,420,151,144" step="2"/><W101/><G65/><N who="0" m="41007" /><D104/><U76/><E105/><V38/><F38/><W127/><G127/><T109/><D109/><U26/><E81/><V121/><F121/><W133/><G23/><T39/><D39/><N who="1" m="21951" /><E73/><V13/><F13/><W8/><G82/><T4/><D4/><U57/><E57/><AGARI ba="0,1" hai="32,34,36,42,45,51,52,57" m="41007,2399" machi="57" ten="30,3900,0" yaku="24,1,52,1,54,1" doraHai="58" who="0" fromWho="1" sc="275,49,420,-39,151,0,144,0" /><INIT seed="7,0,0,0,3,11" ten="324,381,151,144" oya="3" hai0="84,16,106,101,112,111,10,82,92,44,94,48,78" hai1="12,98,114,43,21,117,96,40,62,59,41,83,80" hai2="124,77,64,56,85,116,60,27,88,127,65,3,68" hai3="37,93,24,58,63,108,110,90,8,69,36,23,67"/><W109/><G8/><T103/><D112/><U132/><E114/><V135/><F116/><W7/><G7/><T29/><D29/><U20/><E117/><V70/><F3/><W79/><G79/><T128/><D128/><U38/><E132/><V115/><F115/><W126/><G69/><T47/><D106/><U18/><E20/><V134/><F77/><W86/><REACH who="3" step="1"/><G126/><REACH who="3" ten="324,381,151,134" step="2"/><N who="2" m="48169" /><F27/><W75/><G75/><T99/><D10/><U129/><E38/><V13/><F13/><W113/><G113/><T46/><D78/><U107/><E129/><V35/><F35/><W34/><G34/><T72/><D72/><U9/><E9/><V32/><F32/><W45/><G45/><T1/><D47/><U17/><E17/><AGARI ba="0,1" hai="17,23,24,36,37,58,63,67,86,90,93,108,109,110" machi="17" ten="40,3900,0" yaku="1,1,10,1,53,0" doraHai="11" doraHaiUra="25" who="3" fromWho="1" sc="324,0,381,-39,151,0,134,49" /><INIT seed="7,1,0,4,4,49" ten="324,342,151,183" oya="3" hai0="85,46,110,107,51,1,90,65,93,26,40,33,80" hai1="56,81,70,36,108,113,82,104,71,5,102,64,55" hai2="7,15,0,106,117,94,67,69,118,27,89,38,99" hai3="52,11,121,25,21,22,47,86,17,54,53,79,133"/><W24/><G121/><T12/><D107/><U128/><E108/><V78/><F38/><W88/><G79/><T28/><D1/><U2/><E128/><V122/><F0/><W124/><G11/><T72/><D110/><U129/><E113/><V19/><F122/><W98/><G98/><T115/><D115/><U62/><E36/><V57/><F69/><W95/><G124/><T42/><D65/><N who="1" m="39111" /><E70/><V92/><F106/><W18/><G133/><T91/><D12/><U125/><E71/><V109/><F109/><W100/><G100/><T6/><D6/><U68/><E104/><V30/><F7/><W134/><G134/><T126/><D126/><U48/><E2/><V97/><F78/><W123/><G123/><T120/><D120/><U10/><E68/><V59/><F118/><W3/><G3/><T43/><REACH who="0" step="1"/><D72/><REACH who="0" ten="314,342,151,183" step="2"/><U13/><E129/><V73/><F73/><W114/><G114/><T116/><D116/><U83/><E125/><V132/><F117/><W4/><G4/><T20/><D20/><U96/><E64/><V35/><F132/><W63/><G63/><T58/><D58/><N who="1" m="33127" /><E102/><V34/><F34/><W119/><G119/><T16/><D16/><U29/><E29/><V61/><F59/><W135/><G135/><T75/><D75/><U112/><E112/><V8/><F94/><W66/><G66/><T39/><D39/><U32/><E32/><V50/><F50/><AGARI ba="1,1" hai="17,18,21,22,24,25,47,50,52,53,54,86,88,95" machi="50" ten="40,18000,2" yaku="9,1,8,1,52,3,54,2" doraHai="49" who="3" fromWho="2" sc="314,0,342,0,151,-183,183,193" owari="314,-9.0,342,14.0,-32,-53.0,376,48.0" /></mjloggm>