<mjloggm ver="2.3"><GO type="41" lobby="0"/><UN n0="%E3%81%93%E3%83%BC%E3%81%9F%E3%82%93" n1="%59%48%56%48" n2="%6F%66%77%65%69" n3="%E3%82%A6%E3%83%AB%E3%83%88%E3%83%A9%E7%AB%8B%E7%9B%B4" dan="14,15,13,16" rate="1941.62,2035.81,1846.63,2037.01" sx="M,F,M,M"/><TAIKYOKU oya="0"/><INIT seed="0,0,0,0,2,124" ten="250,250,250,250" oya="0" hai0="29,8,112,66,17,116,127,87,53,82,115,106,85" hai1="90,1,58,96,97,132,98,10,131,2,38,15,42" hai2="108,30,123,117,67,12,113,76,72,47,60,44,99" hai3="114,70,33,104,111,86,23,110,40,64,103,80,105"/><T52/><D116/><U43/><E132/><V27/><F113/><W36/><G33/><T26/><D106/><U6/><E90/><V14/><F123/><W16/><G114/><T102/><D102/><U84/><E84/><V49/><F117/><W109/><G103/><T91/><D127/><U79/><E79/><V22/><F76/><W63/><G40/><T107/><D107/><U119/><E119/><V51/><F72/><W95/><G95/><T0/><D66/><U59/><E131/><V24/><F108/><W39/><G104/><T94/><D115/><U69/><E69/><V122/><F122/><W74/><G74/><T34/><D112/><U46/><E43/><V135/><F27/><W11/><G11/><T129/><D129/><U3/><AGARI ba="0,0" hai="1,2,3,6,10,15,38,42,46,58,59,96,97,98" machi="3" ten="40,1500,0" yaku="0,1" doraHai="124" who="1" fromWho="1" sc="250,-7,250,15,250,-4,250,-4" /><INIT seed="1,0,0,1,4,66" ten="243,265,246,246" oya="1" hai0="111,48,14,23,109,95,67,58,123,36,110,64,76" hai1="104,133,106,11,33,35,9,42,8,59,73,74,132" hai2="125,99,81,121,12,3,84,39,97,5,38,17,120" hai3="105,44,45,71,112,124,53,78,27,61,65,26,55"/><U54/><E42/><V60/><F125/><W1/><G105/><N who="1" m="40554" /><E59/><V46/><F38/><W52/><G1/><T113/><D113/><U80/><E80/><V63/><F39/><W117/><G112/><T79/><D36/><U90/><E90/><V98/><F3/><W19/><G117/><T69/><D123/><U49/><E49/><V47/><F5/><W13/><G124/><T22/><D95/><U89/><E89/><V107/><F107/><W77/><G27/><T127/><D127/><U115/><E54/><V88/><F120/><W126/><G26/><T29/><D29/><U32/><E115/><V122/><F122/><W116/><G116/><T15/><D48/><U100/><E100/><V86/><F86/><W18/><G126/><T101/><D101/><U128/><E128/><V20/><F121/><W51/><G19/><T30/><D30/><U108/><E108/><V134/><F134/><AGARI ba="0,0" hai="8,9,11,32,33,35,73,74,132,133,134" m="40554" machi="134" ten="40,7700,0" yaku="28,2,20,1" doraHai="66" who="1" fromWho="2" sc="243,0,265,77,246,-77,246,0" /><INIT seed="1,1,0,5,5,106" ten="243,342,169,246" oya="1" hai0="114,26,52,72,13,73,91,135,17,27,60,127,80" hai1="48,81,84,92,0,102,105,4,93,134,104,86,89" hai2="32,37,29,6,133,56,122,62,8,69,131,111,74" hai3="38,100,118,18,10,25,58,85,3,24,15,35,120"/><U46/><E0/><V57/><F56/><W47/><G120/><T21/><D114/><U87/><E4/><V117/><F57/><W9/><G118/><T65/><D135/><U43/><E134/><V33/><F29/><W110/><G35/><T16/><D127/><U34/><E34/><V75/><F8/><W20/><G110/><T23/><D13/><U11/><E11/><V1/><F6/><W41/><G100/><T5/><D5/><U51/><E51/><V59/><F59/><W128/><G128/><T95/><D80/><U103/><E104/><V2/><F62/><W130/><G130/><T107/><D107/><U19/><E19/><V78/><F78/><W49/><G3/><T50/><D60/><U12/><E12/><V22/><F22/><W124/><G124/><T108/><D65/><U70/><E70/><V129/><F129/><W123/><G123/><T7/><D7/><U90/><REACH who="1" step="1"/><E105/><REACH who="1" ten="243,332,169,246" step="2"/><V125/><F2/><W54/><G10/><T113/><D113/><U96/><E96/><V76/><F32/><W45/><G9/><T109/><D108/><U82/><E82/><V121/><F33/><W30/><G30/><T97/><D109/><U53/><E53/><V68/><F1/><W42/><G15/><T83/><D83/><U39/><E39/><V61/><F37/><W14/><G14/><T71/><D71/><U36/><E36/><V132/><F111/><W79/><G25/><T28/><D28/><U126/><E126/><V64/><F125/><W63/><G38/><T101/><D101/><U112/><E112/><V115/><F115/><RYUUKYOKU ba="1,1" sc="243,15,332,15,169,-15,246,-15" hai0="16,17,21,23,26,27,50,52,72,73,91,95,97" hai1="43,46,48,81,84,86,87,89,90,92,93,102,103" /><INIT seed="1,2,1,3,1,58" ten="258,347,154,231" oya="1" hai0="9,83,22,110,63,23,114,78,71,31,107,89,28" hai1="47,104,49,97,30,134,16,56,95,73,21,135,44" hai2="13,11,39,111,55,79,125,77,32,27,118,92,88" hai3="41,17,126,59,106,34,50,87,109,120,98,72,52"/><U108/><E73/><V67/><F39/><W14/><G72/><T18/><D114/><U70/><E104/><V80/><F118/><W61/><G34/><T117/><D117/><U82/><E30/><V51/><F125/><W26/><G120/><T42/><D107/><U19/><E70/><V65/><F111/><W48/><G126/><T101/><D101/><U133/><E82/><V85/><F32/><W102/><G109/><T75/><D110/><U2/><E2/><V119/><F27/><W131/><G131/><T86/><D42/><U132/><E108/><V25/><F25/><W53/><G26/><T36/><D36/><U29/><E29/><V74/><F77/><W93/><G41/><T130/><D130/><U20/><E56/><V123/><F123/><W124/><G124/><T127/><D127/><U12/><E132/><V100/><F100/><W40/><G40/><T90/><D31/><U91/><REACH who="1" step="1"/><E49/><REACH who="1" ten="258,337,154,231" step="2"/><V54/><F119/><W115/><G115/><T43/><D28/><U94/><E94/><V68/><F68/><W3/><G3/><T66/><D43/><U37/><E37/><V60/><F51/><W121/><G121/><T57/><D71/><U64/><E64/><V46/><F67/><W113/><G113/><T128/><D128/><U105/><E105/><V96/><F74/><W62/><G50/><T103/><D103/><U1/><E1/><V76/><F65/><W6/><G53/><T38/><D38/><U35/><E35/><V8/><F55/><W0/><G52/><T15/><D75/><U5/><E5/><V122/><F54/><RYUUKYOKU ba="2,2" sc="258,15,337,15,154,-15,231,-15" hai0="9,15,18,22,23,57,63,66,78,83,86,89,90" hai1="12,16,19,20,21,44,47,91,95,97,133,134,135" /><INIT seed="1,3,2,0,2,33" ten="273,352,139,216" oya="1" hai0="20,88,108,69,73,9,1,77,72,111,54,2,28" hai1="125,121,4,105,81,64,109,22,27,78,21,91,124" hai2="97,85,23,60,84,120,29,107,51,58,8,7,12" hai3="53,30,49,56,31,67,17,41,45,68,99,25,102"/><U117/><E117/><V94/><F120/><W5/><G5/><T63/><D9/><U57/><E121/><V93/><F107/><W38/><G17/><T80/><D73/><U14/><E105/><V65/><F51/><W16/><G25/><T42/><D42/><U123/><E123/><V126/><F93/><W39/><G39/><T82/><D28/><U36/><E36/><V128/><F128/><W118/><G118/><T129/><D20/><U24/><E91/><V50/><F50/><W32/><G32/><T71/><D129/><U26/><E109/><N who="0" m="42057" /><D54/><U98/><E98/><V6/><F6/><W18/><G31/><T86/><D63/><N who="1" m="37999" /><E4/><V100/><F126/><N who="1" m="48745" /><E14/><V62/><F62/><N who="3" m="40055" /><G30/><T0/><AGARI ba="3,2" hai="0,1,2,69,71,72,77,80,82,86,88" m="42057" machi="0" ten="40,8000,1" yaku="14,1,52,3,54,1" doraHai="33" who="0" fromWho="0" sc="273,109,352,-43,139,-23,216,-23" /><INIT seed="2,0,0,2,3,34" ten="382,309,116,193" oya="2" hai0="38,127,103,85,83,11,122,68,53,132,20,16,130" hai1="27,113,98,102,108,115,106,89,36,61,86,4,124" hai2="25,128,52,24,49,21,121,45,118,88,7,110,18" hai3="55,54,10,12,43,76,64,90,50,75,81,109,84"/><V134/><F118/><W60/><G109/><T37/><D122/><U70/><E36/><V23/><F121/><W66/><G66/><T62/><D130/><U51/><E108/><V116/><F116/><W82/><G43/><T29/><D29/><U99/><E124/><V95/><F110/><W77/><G90/><T117/><D117/><U59/><E98/><V0/><F128/><W26/><G26/><T79/><D127/><U57/><E4/><V67/><F67/><W114/><G114/><T33/><D33/><U135/><E135/><V65/><F65/><W9/><G50/><T97/><D68/><U3/><E3/><V104/><F104/><W17/><G10/><T13/><D132/><U35/><E51/><V44/><F134/><W131/><REACH who="3" step="1"/><G131/><REACH who="3" ten="382,309,116,183" step="2"/><T71/><D71/><AGARI ba="0,1" hai="9,12,17,54,55,60,64,71,75,76,77,81,82,84" machi="71" ten="30,3900,0" yaku="1,1,2,1,7,1,53,0" doraHai="34" doraHaiUra="120" who="3" fromWho="0" sc="382,-39,309,0,116,0,183,49" /><INIT seed="3,0,0,3,2,35" ten="343,309,116,232" oya="3" hai0="106,117,93,120,83,81,26,118,71,121,130,3,32" hai1="41,17,103,46,40,80,69,56,24,44,58,75,1" hai2="129,88,72,109,60,135,73,42,62,100,48,15,36" hai3="22,28,79,29,110,2,50,127,82,13,12,33,0"/><W45/><G33/><T101/><D71/><U68/><E103/><V126/><F36/><W8/><G127/><T128/><D32/><U98/><E98/><V65/><F126/><W37/><G37/><T84/><D3/><U94/><E94/><V96/><F129/><N who="0" m="49770" /><D26/><U76/><E1/><V52/><F135/><W85/><G110/><T38/><D106/><U47/><E17/><V108/><F42/><W27/><G29/><T89/><D101/><U104/><E24/><V23/><F100/><W19/><REACH who="3" step="1"/><G13/><REACH who="3" ten="343,309,116,222" step="2"/><T95/><D38/><U92/><E40/><AGARI ba="0,1" hai="0,2,8,12,19,22,27,28,40,45,50,79,82,85" machi="40" ten="30,12000,1" yaku="1,1,2,1,7,1,52,2,53,0" doraHai="35" doraHaiUra="133" who="3" fromWho="1" sc="343,0,309,-120,116,0,222,130" /><INIT seed="3,1,0,2,1,101" ten="343,189,116,352" oya="3" hai0="13,29,67,86,57,5,84,41,96,64,122,112,33" hai1="90,37,108,24,62,91,58,38,81,61,80,47,28" hai2="106,128,18,43,49,30,69,114,23,116,9,60,87" hai3="52,111,71,95,135,6,70,66,25,117,109,129,119"/><W4/><G95/><T102/><D122/><U31/><E108/><N who="3" m="41546" /><G25/><T133/><D112/><U113/><E58/><V35/><F114/><W8/><G66/><T36/><D133/><U44/><E113/><V55/><F116/><W118/><G135/><T110/><D110/><U53/><E24/><V121/><F121/><W46/><G129/><T72/><D72/><U115/><E115/><V82/><F128/><W21/><G21/><T51/><D36/><U14/><E14/><V68/><F43/><W20/><G20/><T100/><D100/><U79/><E53/><V126/><F126/><W130/><G130/><T3/><D3/><U19/><E19/><V2/><F2/><W45/><G8/><T105/><D33/><U39/><E38/><V78/><F9/><W132/><G132/><T56/><D29/><U107/><REACH who="1" step="1"/><E79/><REACH who="1" ten="343,179,116,352" step="2"/><V54/><F30/><W32/><G52/><T22/><D67/><U12/><E12/><V77/><F35/><W131/><G131/><T85/><D64/><U94/><E94/><V125/><F77/><W34/><G34/><T63/><D5/><N who="3" m="2153" /><G32/><T27/><D27/><U40/><E40/><V103/><F55/><W127/><G127/><T92/><D92/><U89/><E89/><V26/><F125/><W65/><G65/><T59/><D63/><U74/><E74/><V88/><F60/><W99/><G99/><T10/><D10/><U97/><E97/><V93/><F78/><W17/><G17/><N who="0" m="10543" /><D41/><U11/><E11/><V48/><F93/><W7/><N who="3" m="2161" /><W123/><DORA hai="83" /><G123/><T98/><D98/><U42/><E42/><RYUUKYOKU ba="1,1" sc="343,10,179,10,116,-30,352,10" hai0="51,56,57,59,84,85,86,96,102,105" hai1="28,31,37,39,44,47,61,62,80,81,90,91,107" hai3="45,46,70,71,117,118,119" /><INIT seed="3,2,1,1,5,130" ten="353,189,86,362" oya="3" hai0="44,12,27,60,107,47,95,88,33,79,75,129,133" hai1="115,51,84,126,56,39,67,68,80,53,92,97,41" hai2="100,42,21,34,134,59,114,31,8,76,4,82,120" hai3="109,49,19,55,26,131,43,71,112,46,93,24,108"/><W105/><G105/><T125/><D107/><U90/><E115/><V10/><F120/><W104/><G104/><T11/><D129/><U69/><E126/><V3/><F114/><W7/><G112/><T98/><D125/><U22/><E22/><V13/><F100/><W132/><G71/><T14/><D60/><U65/><E68/><V28/><F42/><W89/><G131/><T83/><D14/><U54/><E69/><V2/><F59/><W119/><G119/><T63/><D63/><U32/><E32/><V87/><F87/><W62/><G7/><T111/><D111/><N who="3" m="42569" /><G19/><T36/><D36/><U101/><E39/><V45/><F45/><W117/><G117/><T38/><D38/><U15/><E41/><V86/><F86/><N who="3" m="52407" /><G132/><T23/><D33/><U58/><REACH who="1" step="1"/><E15/><REACH who="1" ten="353,179,86,362" step="2"/><V72/><F72/><W118/><G118/><T123/><D123/><U113/><E113/><V74/><F74/><W6/><G26/><T17/><REACH who="0" step="1"/><D133/><REACH who="0" ten="343,179,86,362" step="2"/><U9/><E9/><V70/><F134/><W94/><G24/><T124/><D124/><U78/><E78/><V1/><F76/><W61/><G61/><AGARI ba="2,3" hai="51,53,54,56,58,61,65,67,80,84,90,92,97,101" machi="61" ten="30,3900,0" yaku="1,1,7,1,8,1,53,0" doraHai="130" doraHaiUra="40" who="1" fromWho="3" sc="343,0,179,75,86,0,362,-45" /><INIT seed="4,0,0,0,4,127" ten="343,254,86,317" oya="0" hai0="60,132,49,79,35,116,19,125,9,73,64,85,77" hai1="45,17,29,121,48,27,24,67,96,133,8,98,44" hai2="105,100,56,52,33,107,99,65,2,42,57,36,126" hai3="58,68,55,32,93,86,30,63,51,129,43,102,41"/><T97/><D116/><U21/><E121/><V7/><F33/><W109/><G109/><T87/><D35/><U39/><E133/><V108/><F108/><W80/><G30/><T1/><D132/><U22/><E67/><V34/><F34/><W50/><G32/><T113/><D125/><U71/><E71/><V84/><F126/><W75/><G75/><T25/><D73/><U119/><E119/><V37/><F42/><W6/><G6/><T54/><D1/><U14/><E39/><V115/><F105/><W83/><G83/><T13/><D25/><U38/><E38/><V72/><F72/><W101/><G68/><T128/><D97/><U5/><REACH who="1" step="1"/><E45/><REACH who="1" ten="343,244,86,317" step="2"/><V62/><F115/><W20/><G43/><AGARI ba="0,1" hai="5,8,14,17,21,22,24,27,29,43,44,48,96,98" machi="43" ten="30,7700,0" yaku="1,1,2,1,7,1,8,1,53,0" doraHai="127" doraHaiUra="134" who="1" fromWho="3" sc="343,0,244,87,86,0,317,-77" /><INIT seed="5,0,0,2,1,64" ten="343,331,86,240" oya="1" hai0="69,125,93,63,105,118,114,100,57,16,115,112,97" hai1="38,92,28,84,106,126,91,56,10,29,24,134,79" hai2="18,48,110,58,122,49,37,74,33,61,68,15,34" hai3="8,43,39,95,30,26,88,77,70,101,46,133,25"/><U94/><E38/><V75/><F37/><W66/><G133/><T65/><D118/><U5/><E106/><V22/><F110/><W89/><G101/><T128/><D128/><U111/><E134/><V1/><F1/><W120/><G120/><T98/><D125/><U130/><E130/><V19/><F122/><W72/><G26/><T87/><D87/><U119/><E119/><V17/><F22/><W127/><G127/><T67/><D67/><U36/><E36/><V85/><F15/><W121/><G121/><T117/><D117/><U71/><E71/><V123/><F85/><W103/><G103/><T83/><D83/><U42/><E42/><V80/><F80/><W55/><G55/><T47/><D47/><U82/><E126/><V60/><F123/><W23/><G77/><T40/><D40/><U62/><E111/><V135/><F135/><W54/><G72/><T104/><D98/><U108/><E108/><V129/><F58/><W116/><G116/><T102/><D102/><U45/><E45/><V2/><F2/><W12/><G54/><T0/><D0/><U81/><E81/><V35/><F129/><W107/><G107/><T41/><D41/><U3/><E24/><V31/><F31/><W113/><G113/><T52/><D16/><U51/><E51/><AGARI ba="0,0" hai="51,52,57,63,65,69,93,97,100,104,105,112,114,115" machi="51" ten="40,5200,0" yaku="15,1,52,1,54,1" doraHai="64" who="0" fromWho="1" sc="343,52,331,-52,86,0,240,0" /><INIT seed="6,0,0,2,3,90" ten="395,279,86,240" oya="2" hai0="102,94,84,120,58,25,6,59,47,122,31,129,119" hai1="40,14,26,55,85,99,35,0,16,69,97,110,87" hai2="116,61,17,83,134,100,82,36,54,70,71,43,79" hai3="117,11,80,12,113,130,92,109,68,86,72,41,111"/><V89/><F116/><W88/><G68/><T65/><D119/><U81/><E110/><V50/><F134/><W60/><G117/><T20/><D129/><U96/><E69/><V19/><F100/><W118/><G118/><T56/><D65/><U66/><E66/><V73/><F36/><W38/><G130/><T10/><D47/><U127/><E0/><V2/><F2/><W29/><G113/><T74/><D74/><U37/><E127/><V33/><F33/><W44/><G29/><T24/><D24/><U121/><E121/><V52/><F43/><W32/><G32/><T22/><D22/><U135/><E135/><V126/><F126/><W42/><G60/><T67/><D67/><U114/><E114/><V128/><F128/><W57/><G57/><T103/><D103/><U124/><E124/><V115/><F115/><W104/><G104/><T125/><D125/><U15/><E15/><V8/><F61/><W3/><G42/><T39/><D39/><U133/><E133/><V106/><F106/><W34/><G34/><T77/><D77/><U23/><E55/><V93/><F82/><W62/><G62/><T51/><D51/><U76/><E40/><V78/><F78/><W27/><G27/><T46/><D46/><U4/><E37/><V53/><F50/><W91/><G3/><T108/><D108/><U48/><E48/><V131/><F131/><W9/><G9/><T28/><D28/><U63/><E63/><V105/><F105/><W45/><G45/><T112/><D112/><U123/><E123/><V107/><F107/><W75/><G111/><RYUUKYOKU ba="0,0" sc="395,0,279,0,86,0,240,0" /><INIT seed="7,1,0,2,5,28" ten="395,279,86,240" oya="3" hai0="81,45,7,114,128,0,107,54,22,71,89,58,93" hai1="49,1,64,13,3,37,34,119,120,59,121,76,67" hai2="35,101,83,73,44,62,123,65,110,91,51,135,122" hai3="78,50,75,5,106,15,118,47,109,61,117,26,74"/><W31/><G106/><T19/><D107/><U36/><E13/><V96/><F91/><W4/><G109/><T55/><D71/><U2/><E76/><V8/><F96/><W80/><G75/><T79/><D128/><U115/><E49/><V40/><F101/><W102/><G102/><T57/><D45/><U70/><E59/><V104/><F83/><W20/><G61/><T43/><D43/><U42/><E42/><V27/><F27/><W113/><G113/><T112/><D7/><U69/><E3/><V16/><F16/><W9/><REACH who="3" step="1"/><G5/><REACH who="3" ten="395,279,86,230" step="2"/><T77/><D114/><U125/><E115/><V48/><F62/><W108/><G108/><T53/><D112/><U134/><E119/><V99/><F73/><W88/><G88/><T94/><D89/><U130/><E130/><V33/><F104/><W68/><G68/><T84/><D79/><U52/><E69/><V129/><F110/><W63/><G63/><T126/><D126/><U23/><E70/><V98/><F129/><W56/><G56/><N who="0" m="21611" /><D0/><U46/><E125/><V30/><F44/><W92/><G92/><T100/><D100/><U60/><E46/><V12/><F123/><W105/><G105/><T124/><D124/><U18/><E60/><V11/><F122/><W86/><G86/><T14/><AGARI ba="1,1" hai="14,19,22,53,54,55,77,81,84,93,94" m="21611" machi="14" ten="30,1100,0" yaku="8,1" doraHai="28" who="0" fromWho="0" sc="395,24,279,-4,86,-4,230,-6" owari="419,52.0,275,8.0,82,-42.0,224,-18.0" /></mjloggm>