<mjloggm ver="2.3"><GO type="41"/><UN n0="%E3%82%A6%E3%83%AB%E3%83%88%E3%83%A9%E7%AB%8B%E7%9B%B4" n1="%E3%82%B5%E3%83%BC%E3%82%BB%E3%83%B3" n2="%E8%99%9A%E5%83%8F" n3="%6B%65%6E%34%39" dan="15,14,14,14" rate="2014,1907,1883,1887" sx="M,M,M,M"/><TAIKYOKU oya="0"/><INIT seed="0,0,0,1,0,38" ten="250,250,250,250" oya="0" hai0="87,120,25,83,0,62,66,91,15,109,54,123,85" hai1="55,41,134,74,96,131,52,128,114,60,57,78,130" hai2="50,65,3,61,53,100,13,7,17,113,117,79,88" hai3="28,48,29,73,132,93,82,133,64,90,80,86,63"/><T14/><D0/><U49/><E96/><V111/><F113/><W42/><G73/><T56/><D120/><U47/><E74/><V51/><F3/><W81/><G63/><T97/><D123/><U2/><E2/><V75/><F7/><W18/><G18/><T39/><D39/><U40/><E78/><V67/><F100/><W103/><G103/><T44/><D109/><U127/><E114/><V45/><F111/><W71/><G64/><T20/><D87/><U122/><E122/><V11/><F117/><W36/><G71/><T22/><D22/><U30/><E30/><V125/><F125/><W69/><G48/><N who="0" m="28935" /><D97/><U19/><E19/><AGARI ba="0,0" hai="14,15,19,20,25,56,62,66,83,85,91" m="28935" machi="19" ten="30,1500,0" yaku="8,1" doraHai="38" who="0" fromWho="1" sc="250,15,250,-15,250,0,250,0" /><INIT seed="0,1,0,3,2,129" ten="265,235,250,250" oya="0" hai0="8,109,81,10,49,13,6,120,74,83,92,118,133" hai1="93,59,117,25,61,66,2,1,12,53,115,56,62" hai2="40,63,121,34,111,35,89,90,9,29,45,110,68" hai3="101,5,41,105,14,123,39,102,128,108,64,132,3"/><T54/><D120/><U85/><E117/><V124/><F121/><W48/><G108/><T17/><D118/><U32/><E115/><V104/><F104/><W55/><G128/><T43/><D109/><U130/><E130/><V0/><F34/><W114/><G3/><T52/><D43/><U134/><E12/><V22/><F89/><W18/><G5/><T75/><D75/><U65/><E53/><V116/><F116/><W79/><G114/><T86/><D74/><U33/><E134/><V60/><F63/><W125/><G79/><T20/><D133/><U67/><E67/><V77/><F90/><W28/><G28/><T126/><D126/><U131/><E131/><V51/><F22/><W71/><G125/><T107/><D107/><U99/><E85/><V42/><F124/><W94/><G105/><T58/><D54/><U24/><E93/><V11/><F42/><W98/><G123/><T19/><D10/><U127/><E127/><V47/><F11/><W44/><G132/><T122/><D122/><U87/><E87/><V80/><F45/><W72/><G72/><T96/><D19/><U15/><E15/><V119/><F119/><W36/><G64/><T91/><REACH who="0" step="1"/><D96/><AGARI ba="1,0" hai="1,2,24,25,32,33,56,59,61,62,65,66,96,99" machi="96" ten="25,1600,0" yaku="22,2" doraHai="129" who="1" fromWho="0" sc="265,-19,235,19,250,0,250,0" /><INIT seed="1,0,0,2,5,110" ten="246,254,250,250" oya="1" hai0="53,36,34,56,119,29,19,55,24,25,2,94,74" hai1="84,27,114,75,13,67,48,121,106,61,69,0,63" hai2="28,95,18,41,78,134,115,3,11,22,87,129,81" hai3="17,9,102,39,93,123,99,40,21,92,128,90,105"/><U52/><E75/><V4/><F134/><W51/><G128/><T125/><D2/><U130/><E0/><V122/><F122/><W133/><G133/><T64/><D74/><U62/><E114/><V100/><F129/><W97/><G39/><T85/><D36/><U23/><E130/><V104/><F41/><W72/><G9/><T126/><D119/><U10/><E121/><V7/><F7/><W124/><G124/><N who="0" m="47723" /><D64/><U91/><E106/><V38/><F38/><W76/><G123/><T54/><D94/><U70/><E70/><V30/><F115/><W20/><G105/><T8/><D85/><U31/><E10/><V66/><F66/><W26/><G76/><T45/><D45/><U103/><E103/><V83/><F83/><W32/><G32/><T111/><D111/><U57/><REACH who="1" step="1"/><E13/><REACH who="1" ten="246,244,250,250" step="2"/><V59/><F104/><W37/><G72/><T16/><D8/><U47/><E47/><V113/><F113/><W73/><G73/><T120/><D120/><U79/><E79/><V132/><F132/><W12/><G37/><T80/><D56/><U1/><E1/><V14/><F59/><W89/><G102/><T6/><D25/><U60/><E60/><V49/><F49/><W15/><G51/><T35/><D24/><U88/><E88/><V65/><F65/><W33/><G33/><T58/><D34/><U86/><E86/><V82/><F78/><W96/><G96/><T127/><D35/><U5/><E5/><V117/><F100/><W118/><G118/><T109/><D127/><U50/><E50/><V116/><F116/><W107/><G107/><RYUUKYOKU ba="0,1" sc="246,-10,244,30,250,-10,250,-10" hai1="23,27,31,48,52,57,61,62,63,67,69,84,91" /><INIT seed="1,1,1,4,0,70" ten="236,274,240,240" oya="1" hai0="74,91,123,26,0,31,43,92,9,130,3,30,124" hai1="27,131,97,114,133,28,42,61,107,120,52,33,128" hai2="36,5,88,34,105,103,48,106,55,81,86,118,60" hai3="18,32,104,19,89,112,10,64,116,12,134,62,39"/><U77/><E120/><V45/><F34/><W1/><G112/><T4/><D123/><U72/><E114/><V25/><F118/><W38/><G1/><T78/><D124/><U100/><E133/><V110/><F110/><W80/><G104/><T108/><D108/><U122/><E122/><V127/><F127/><W11/><G32/><T71/><D71/><U44/><E77/><V98/><F5/><W79/><G89/><T23/><D130/><U113/><E113/><V129/><F25/><W82/><G134/><T66/><D66/><U54/><E72/><V16/><F129/><N who="1" m="49737" /><E61/><V85/><F85/><W109/><G109/><T126/><D126/><U68/><E68/><V14/><F60/><W37/><G79/><T6/><D78/><U57/><E57/><V115/><F115/><W13/><REACH who="3" step="1"/><G116/><REACH who="3" ten="236,274,240,230" step="2"/><T65/><D91/><U101/><E100/><V135/><F135/><W46/><G46/><T20/><D92/><U76/><E76/><V111/><F111/><W51/><G51/><AGARI ba="1,2" hai="27,28,33,42,44,51,52,54,97,101,107" m="49737" machi="51" ten="30,2900,0" yaku="19,1,54,1" doraHai="70" who="1" fromWho="3" sc="236,0,274,52,240,0,230,-32" /><INIT seed="1,2,0,0,3,90" ten="236,326,240,198" oya="1" hai0="89,5,39,65,88,73,0,23,53,57,35,132,59" hai1="6,111,84,134,48,131,70,10,86,38,14,95,98" hai2="4,54,13,20,36,52,100,128,45,83,19,50,8" hai3="113,133,103,110,25,75,29,33,58,63,77,129,11"/><U32/><E38/><V116/><F36/><W107/><G113/><T34/><D39/><U127/><E70/><V55/><F116/><W71/><G110/><T119/><D73/><U16/><E111/><V46/><F128/><W17/><G71/><T101/><D119/><U115/><E131/><V120/><F120/><W61/><G133/><T121/><D132/><U114/><E32/><V28/><F28/><W1/><G129/><T106/><D121/><U15/><E134/><V94/><F83/><W82/><G103/><T78/><D78/><U72/><E72/><V85/><F46/><W12/><G107/><T47/><D47/><U92/><E115/><V118/><F118/><W87/><G75/><T93/><D35/><U130/><E130/><V9/><F9/><W44/><G44/><T67/><D34/><U96/><E114/><V112/><F112/><W97/><G97/><N who="1" m="37482" /><E48/><V30/><F30/><W102/><G102/><T109/><D109/><U104/><E104/><V91/><REACH who="2" step="1"/><F100/><REACH who="2" ten="236,326,230,198" step="2"/><W105/><G105/><T37/><D37/><U124/><E124/><V3/><AGARI ba="2,1" hai="3,4,8,13,19,20,45,50,52,54,55,85,91,94" machi="3" ten="20,12000,2" yaku="1,1,2,1,0,1,7,1,52,1,54,1,53,1" doraHai="90" doraHaiUra="2" who="2" fromWho="2" sc="236,-32,326,-62,230,136,198,-32" /><INIT seed="2,0,0,0,3,6" ten="204,264,366,166" oya="2" hai0="39,134,52,130,108,129,100,135,132,42,96,13,29" hai1="92,43,2,77,54,62,3,31,103,120,17,85,128" hai2="99,47,25,30,56,72,119,46,88,102,34,113,98" hai3="114,12,76,81,118,59,61,55,93,74,35,122,41"/><V14/><F119/><W89/><G122/><T105/><D42/><U40/><E120/><V83/><F72/><W124/><G124/><T121/><D39/><U21/><E128/><N who="0" m="49257" /><D121/><U84/><E31/><V87/><F113/><W0/><G0/><T19/><D29/><U65/><E3/><V18/><F56/><W58/><G114/><T26/><D26/><U37/><E54/><V69/><F69/><W82/><G35/><T90/><D52/><U44/><E2/><V101/><F98/><W133/><G133/><T66/><D66/><U5/><E5/><V63/><F63/><W49/><G41/><T15/><D15/><U110/><E110/><V78/><F78/><W75/><G118/><T111/><D90/><U9/><E40/><V91/><F91/><W117/><G117/><T115/><D115/><U28/><E28/><V131/><F101/><W23/><G76/><T71/><D71/><U70/><E77/><V125/><F125/><W109/><G109/><N who="0" m="42059" /><D13/><U79/><E79/><V107/><F131/><W97/><G75/><T51/><D51/><U4/><E103/><V24/><F24/><W16/><G74/><T116/><D19/><U33/><E92/><V7/><F7/><W38/><REACH who="3" step="1"/><G38/><REACH who="3" ten="204,264,366,156" step="2"/><T95/><D116/><U112/><E33/><V32/><REACH who="2" step="1"/><F34/><REACH who="2" ten="204,264,356,156" step="2"/><W94/><G94/><AGARI ba="0,2" hai="94,95,96,100,105,132,134,135" m="42059,49257" machi="94" ten="40,8000,1" yaku="20,1,19,1,14,1,34,2" doraHai="6" who="0" fromWho="3" sc="204,100,264,0,356,0,156,-80" /><INIT seed="3,0,0,3,3,104" ten="304,264,356,76" oya="3" hai0="54,6,7,85,124,115,107,91,62,23,127,97,32" hai1="20,65,125,130,109,106,41,67,42,56,18,25,47" hai2="129,46,116,133,84,1,98,70,100,28,120,44,99" hai3="73,29,19,81,64,16,119,38,72,80,76,105,2"/><W27/><G119/><T114/><D32/><U117/><E117/><V24/><F120/><W74/><G38/><T108/><D54/><U96/><E130/><V10/><F116/><W36/><G36/><T51/><D51/><U4/><E125/><N who="0" m="48201" /><D62/><U101/><E109/><V59/><F99/><W8/><G105/><T3/><D23/><U21/><E4/><V55/><F70/><W35/><G64/><T66/><D66/><U13/><E56/><V78/><F129/><W94/><G94/><T128/><D128/><U31/><E42/><V5/><F133/><W93/><G93/><T68/><D68/><U61/><E61/><V102/><F84/><W49/><G49/><T110/><D3/><U71/><E71/><V58/><F78/><W14/><G81/><N who="0" m="49583" /><D7/><U132/><E132/><V134/><F58/><W12/><G2/><T34/><D6/><U92/><E106/><V82/><F82/><W40/><G40/><T95/><D34/><U118/><E118/><V57/><F57/><W88/><G88/><N who="0" m="55527" /><D107/><U103/><REACH who="1" step="1"/><E101/><REACH who="1" ten="304,254,356,76" step="2"/><V30/><F102/><W22/><AGARI ba="0,1" hai="8,12,14,16,19,22,27,29,35,72,73,74,76,80" machi="22" ten="20,18000,2" yaku="0,1,7,1,52,3,54,1" doraHai="104" who="3" fromWho="3" sc="304,-60,254,-60,356,-60,76,190" /><INIT seed="3,1,0,5,3,56" ten="244,194,296,266" oya="3" hai0="99,68,39,126,118,4,72,11,120,66,73,45,36" hai1="7,92,20,110,103,47,109,114,35,16,5,26,51" hai2="74,117,33,127,95,132,115,43,134,40,131,102,41" hai3="17,79,37,53,116,52,107,63,97,0,84,12,96"/><W93/><G116/><T78/><D120/><U98/><E114/><V3/><F74/><W104/><G37/><T133/><D118/><U28/><E110/><V130/><F117/><W64/><G0/><T31/><D31/><U106/><E106/><V124/><F33/><W67/><G107/><T128/><D99/><U101/><E109/><V125/><F3/><W38/><G38/><T34/><D34/><U122/><E122/><V61/><F61/><W50/><G67/><T80/><D39/><U83/><E103/><V70/><F70/><W81/><G104/><T108/><D108/><U13/><REACH who="1" step="1"/><E83/><REACH who="1" ten="244,184,296,266" step="2"/><V112/><F102/><W65/><G93/><T1/><D80/><U121/><E121/><V29/><F95/><W82/><G82/><T113/><D113/><N who="2" m="43594" /><F29/><W10/><G53/><AGARI ba="1,1" hai="5,7,13,16,20,26,28,35,47,51,53,92,98,101" machi="53" ten="30,7700,0" yaku="1,1,7,1,54,1,53,1" doraHai="56" doraHaiUra="9" who="1" fromWho="3" sc="244,0,184,90,296,0,266,-80" /><INIT seed="4,0,0,4,2,47" ten="244,274,296,186" oya="0" hai0="105,25,30,57,55,54,89,9,69,72,134,109,122" hai1="127,93,13,24,50,116,99,8,53,110,103,10,78" hai2="128,131,2,125,73,85,33,32,76,130,117,5,21" hai3="96,19,106,70,64,16,63,36,1,62,27,29,51"/><T132/><D69/><U15/><E116/><V118/><F73/><W71/><G36/><T91/><D122/><U124/><E110/><V6/><F76/><W40/><G1/><T92/><D105/><U39/><E39/><V95/><F2/><W74/><G74/><T104/><D104/><U35/><E78/><V115/><F85/><W100/><G62/><T52/><D72/><U101/><E103/><V86/><F86/><W108/><G71/><T44/><D109/><U45/><E35/><N who="2" m="13387" /><F95/><W121/><G108/><T126/><D9/><N who="1" m="3691" /><E24/><V43/><F43/><W22/><G121/><T41/><D25/><U80/><E80/><V88/><F88/><N who="0" m="33866" /><D30/><U68/><E68/><V94/><F94/><W123/><REACH who="3" step="1"/><G123/><REACH who="3" ten="244,274,296,176" step="2"/><T48/><D126/><AGARI ba="0,1" hai="13,15,45,50,53,93,99,101,124,126,127" m="3691" machi="126" ten="30,2000,0" yaku="18,1,52,1" doraHai="47" who="1" fromWho="0" sc="244,-20,274,30,296,0,176,0" /><INIT seed="5,0,0,1,0,57" ten="224,304,296,176" oya="1" hai0="62,52,130,95,55,132,77,70,78,45,17,119,87" hai1="47,8,51,64,93,82,60,117,108,85,6,109,48" hai2="10,53,120,30,134,96,0,126,58,19,59,40,113" hai3="35,32,74,36,4,37,1,112,28,128,73,71,42"/><U69/><E117/><V24/><F120/><W13/><G128/><T25/><D119/><U38/><E93/><V105/><F40/><W124/><G124/><T18/><D130/><U90/><E38/><V80/><F126/><W15/><G112/><T118/><D118/><U26/><E26/><V21/><F134/><W2/><G4/><T66/><D132/><U72/><E72/><N who="3" m="27754" /><G42/><T104/><D104/><U127/><E127/><V103/><F80/><W39/><G28/><T11/><D55/><U65/><E65/><V91/><F113/><W41/><G41/><T16/><D11/><U79/><E90/><V5/><F91/><W3/><G71/><T61/><D95/><U46/><E51/><V122/><F122/><W34/><AGARI ba="0,0" hai="1,2,3,13,15,32,34,35,36,37,39" m="27754" machi="34" ten="50,12000,2" yaku="29,2,28,2,26,2" doraHai="57" who="3" fromWho="3" sc="224,-30,304,-60,296,-30,176,120" /><INIT seed="6,0,0,3,2,25" ten="194,244,266,296" oya="2" hai0="30,31,18,87,125,67,126,110,105,92,47,15,54" hai1="117,65,35,106,3,27,113,61,2,33,96,81,55" hai2="77,60,103,46,36,6,111,104,17,19,41,0,73" hai3="84,109,42,76,112,74,32,134,39,118,29,14,4"/><V89/><F111/><W122/><G122/><T13/><D105/><U68/><E117/><V21/><F89/><W49/><G118/><T107/><D107/><U102/><E113/><V120/><F120/><W98/><G109/><T131/><D110/><U34/><E55/><V130/><F130/><W10/><G134/><T129/><D67/><U133/><E133/><V82/><F60/><W83/><G74/><T80/><D92/><U52/><E81/><V43/><F43/><W62/><G62/><T95/><D95/><U86/><E86/><V119/><F119/><W123/><G123/><T1/><D1/><N who="1" m="11" /><E52/><V85/><F85/><W78/><G39/><T5/><D54/><U48/><E48/><V91/><F91/><W12/><G12/><T116/><D47/><U40/><E40/><V38/><F36/><W72/><G72/><T59/><D59/><U75/><E75/><V9/><F21/><W57/><G98/><AGARI ba="0,0" hai="0,6,9,17,19,38,41,46,73,77,82,98,103,104" machi="98" ten="40,3900,0" yaku="25,2" doraHai="25" who="2" fromWho="3" sc="194,0,244,0,266,39,296,-39" /><INIT seed="6,1,0,4,0,70" ten="194,244,305,257" oya="2" hai0="58,42,112,134,79,135,105,55,40,15,89,6,4" hai1="28,3,53,59,24,51,73,124,81,84,60,66,78" hai2="91,22,97,41,52,10,35,80,117,74,82,65,5" hai3="126,23,7,68,90,108,56,37,32,103,92,16,118"/><V96/><F35/><W19/><G118/><T62/><D105/><U102/><E124/><V8/><F117/><W46/><G68/><T88/><D79/><U104/><E3/><V107/><F65/><W36/><G32/><T87/><D112/><U113/><E113/><V38/><F22/><W27/><G7/><T11/><D6/><U94/><E104/><V25/><F25/><W75/><G46/><T2/><D2/><U45/><E102/><V122/><F80/><W34/><G34/><T77/><D77/><U133/><E133/><V31/><F31/><W119/><G75/><T39/><D89/><U85/><REACH who="1" step="1"/><E94/><REACH who="1" ten="194,234,305,257" step="2"/><V69/><F107/><W123/><G103/><T12/><D135/><U130/><E130/><V101/><F101/><W44/><G126/><T63/><D134/><U125/><E125/><V115/><F115/><W99/><G108/><T20/><D62/><U114/><E114/><V26/><F122/><W121/><G119/><T86/><D63/><U61/><E61/><V76/><F69/><W110/><G110/><T47/><D4/><U33/><AGARI ba="1,1" hai="24,28,33,45,51,53,59,60,66,73,78,81,84,85" machi="33" ten="20,2700,0" yaku="1,1,0,1,7,1,53,0" doraHai="70" doraHaiUra="18" who="1" fromWho="1" sc="194,-8,234,40,305,-14,257,-8" /><INIT seed="7,0,0,5,0,58" ten="186,274,291,249" oya="3" hai0="29,96,31,113,90,11,83,50,131,84,63,101,66" hai1="135,119,32,60,44,105,35,27,28,6,88,91,42" hai2="20,128,48,12,46,10,85,49,15,56,57,116,1" hai3="14,37,13,7,98,115,51,38,127,72,76,19,133"/><W112/><G133/><T45/><D131/><U108/><E135/><V132/><F1/><W121/><G121/><T65/><D11/><U125/><E35/><V122/><F128/><W70/><G70/><T86/><D86/><U118/><E108/><V92/><F116/><N who="1" m="44585" /><E105/><V16/><F48/><W73/><G127/><T53/><D113/><N who="3" m="43593" /><G76/><T34/><D34/><U89/><E6/><V2/><F2/><W61/><G51/><T0/><D0/><U36/><E125/><V47/><F122/><W68/><G98/><T71/><REACH who="0" step="1"/><D65/><REACH who="0" ten="176,274,291,249" step="2"/><U43/><E43/><N who="2" m="24799" /><F132/><W110/><G110/><T114/><D114/><U75/><E75/><N who="3" m="28746" /><G7/><T102/><D102/><U124/><E124/><V21/><F47/><W107/><G107/><AGARI ba="0,1" hai="29,31,45,50,53,63,66,71,83,84,90,96,101,107" machi="107" ten="30,7700,0" yaku="1,1,7,1,52,1,53,1" doraHai="58" doraHaiUra="67" who="0" fromWho="3" sc="176,87,274,0,291,0,249,-77" /><INIT seed="8,0,0,1,5,72" ten="263,274,291,172" oya="0" hai0="127,10,62,104,67,105,41,109,117,12,53,26,110" hai1="45,1,17,7,135,9,65,120,38,123,113,71,3" hai2="19,30,24,126,107,59,124,44,88,49,130,63,0" hai3="122,68,87,15,32,86,96,75,34,73,11,27,112"/><T39/><D117/><U69/><E3/><V50/><F0/><W52/><G68/><T81/><D41/><U64/><E113/><V58/><F107/><W83/><G87/><T128/><D39/><U119/><E17/><V115/><F130/><W40/><G112/><T77/><D53/><U97/><E64/><V92/><F115/><W78/><G40/><T60/><D26/><U21/><E21/><V85/><F19/><W129/><G129/><T116/><D116/><U101/><E119/><V57/><F44/><W4/><G122/><T42/><D42/><N who="1" m="22743" /><E135/><V31/><F31/><W90/><G34/><T33/><D33/><U37/><E37/><V102/><F102/><W48/><G90/><T98/><D128/><U46/><E46/><V99/><F85/><W47/><REACH who="3" step="1"/><G96/><REACH who="3" ten="263,274,291,162" step="2"/><T121/><D121/><N who="1" m="46667" /><E65/><V23/><F63/><N who="0" m="24106" /><D67/><U84/><E84/><V106/><F106/><AGARI ba="0,1" hai="1,7,9,69,71,97,101,106" m="46667,22743" machi="106" ten="30,1000,0" yaku="23,1" doraHai="72" who="1" fromWho="2" sc="263,0,274,20,291,-10,162,0" /><INIT seed="9,0,0,3,4,89" ten="263,294,281,162" oya="1" hai0="108,69,119,15,24,94,101,73,107,83,42,52,37" hai1="75,64,126,34,61,130,4,68,104,3,48,125,62" hai2="123,0,105,80,18,131,113,40,97,14,134,133,25" hai3="56,29,96,103,98,55,106,11,23,13,76,44,38"/><U35/><E104/><V99/><F123/><W21/><G76/><T57/><D108/><U117/><E62/><V116/><F0/><W28/><G96/><N who="0" m="59543" /><D107/><U129/><E117/><V84/><F116/><W115/><G115/><T93/><D69/><U46/><E75/><V12/><F113/><W118/><G118/><T26/><D37/><U63/><E61/><V30/><F40/><W70/><G70/><T19/><D73/><U87/><E87/><V124/><F131/><N who="1" m="50185" /><E4/><V135/><F124/><N who="1" m="47721" /><E3/><V132/><F132/><W43/><G29/><T1/><D1/><U120/><E120/><V92/><F105/><W8/><G8/><N who="0" m="6631" /><D119/><U39/><E39/><V27/><F30/><W65/><G65/><T71/><D71/><U2/><E2/><V49/><F49/><W100/><G100/><T10/><D83/><U53/><AGARI ba="0,0" hai="34,35,46,48,53,63,64,68" m="47721,50185" machi="53" ten="30,3000,0" yaku="19,1,18,1" doraHai="89" who="1" fromWho="1" sc="263,-10,294,30,281,-10,162,-10" owari="253,-15.0,324,43.0,271,7.0,152,-35.0" /></mjloggm>