<mjloggm ver="2.3"><GO type="169"/><UN n0="%E6%AF%94%E5%98%89%E7%A7%80%E4%BB%81" n1="%E3%83%9D%E3%83%81%E3%83%A7%E3%83%A0%E3%82%AD%E3%83%B3%E2%98%85" n2="%EF%BC%88%E2%89%A7%E2%96%BD%E2%89%A6%EF%BC%89" n3="%E3%81%9A%E3%81%97" dan="16,16,18,16" rate="2090,2144,2235,2067" sx="M,M,M,F"/><TAIKYOKU oya="0"/><INIT seed="0,0,0,4,4,13" ten="250,250,250,250" oya="0" hai0="121,3,21,47,87,16,90,89,51,52,31,99,75" hai1="88,38,107,93,15,94,60,42,37,117,67,74,134" hai2="97,76,4,18,11,130,59,132,70,24,110,78,34" hai3="61,116,17,72,9,127,26,85,105,63,86,29,135"/><T120/><D75/><U102/><E117/><V65/><F70/><W123/><G72/><T50/><D3/><U57/><E74/><V125/><F125/><W2/><G127/><T103/><D31/><U14/><E134/><V41/><F41/><W111/><G105/><T113/><D113/><U82/><E107/><V119/><F119/><W69/><G135/><T80/><D51/><U92/><E102/><V12/><F132/><W128/><G116/><T77/><D121/><U35/><E35/><V95/><F110/><W133/><G111/><T43/><D43/><U10/><E42/><V96/><F130/><W83/><G85/><T84/><D84/><U19/><REACH who="1" step="1"/><E14/><REACH who="1" ten="250,240,250,250" step="2"/><V101/><F34/><N who="3" m="20791" /><G133/><T114/><D120/><U23/><E23/><V44/><F12/><W122/><G123/><T20/><D20/><U73/><E73/><V115/><F101/><W118/><G122/><T126/><D126/><U49/><E49/><V27/><F115/><W33/><G33/><T46/><D114/><U30/><E30/><V54/><F11/><W71/><G9/><T39/><D39/><U28/><E28/><V64/><F27/><W104/><G104/><T129/><D129/><U112/><E112/><V8/><F24/><W106/><G106/><T100/><D100/><U22/><E22/><V58/><F8/><W45/><G128/><T40/><D40/><U62/><E62/><V1/><F1/><W91/><G2/><T6/><D103/><U53/><E53/><V25/><F54/><W56/><G118/><T79/><D52/><U0/><E0/><V48/><F48/><RYUUKYOKU ba="0,1" sc="250,-10,240,30,250,-10,250,-10" hai1="10,15,19,37,38,57,60,67,82,88,92,93,94" /><INIT seed="1,1,1,1,0,110" ten="240,270,240,240" oya="1" hai0="7,79,14,9,88,64,6,4,24,83,28,17,85" hai1="108,73,72,78,52,100,10,69,62,8,37,124,128" hai2="101,105,89,80,87,119,29,3,81,95,104,53,41" hai3="121,134,47,82,26,113,84,40,0,97,54,126,46"/><U116/><E116/><V13/><F3/><W22/><G121/><T63/><D79/><U131/><E37/><V133/><F119/><W42/><G0/><T30/><REACH who="0" step="1"/><D24/><REACH who="0" ten="230,270,240,240" step="2"/><U115/><E78/><V11/><F133/><W36/><G134/><T44/><D44/><U50/><E124/><V106/><F106/><W18/><G47/><T93/><D93/><U130/><E108/><V75/><F105/><W34/><G126/><T1/><D1/><U114/><E100/><V86/><F95/><W16/><G36/><T60/><D60/><U125/><E125/><V55/><F101/><W21/><G34/><T109/><D109/><U23/><E62/><V90/><F104/><W135/><G135/><T43/><D43/><U103/><E103/><V112/><F41/><W92/><G46/><T76/><D76/><U45/><E69/><AGARI ba="1,2" hai="4,6,7,9,14,17,28,30,63,64,69,83,85,88" machi="69" ten="40,5200,0" yaku="1,1,54,1,53,1" doraHai="110" doraHaiUra="56" who="0" fromWho="1" sc="230,75,270,-55,240,0,240,0" /><INIT seed="2,0,0,2,3,74" ten="305,215,240,240" oya="2" hai0="90,133,135,113,41,39,20,68,126,99,6,32,105" hai1="97,78,26,134,100,0,117,53,48,4,80,75,66" hai2="124,69,81,83,101,106,36,17,13,23,44,9,45" hai3="112,35,43,107,127,59,42,120,52,18,104,56,125"/><V7/><F124/><N who="3" m="47691" /><G35/><T128/><D126/><U21/><E117/><V87/><F69/><W72/><G120/><T51/><D32/><U85/><E134/><V16/><F36/><W79/><G112/><T54/><D113/><U40/><E66/><V62/><F62/><N who="3" m="36103" /><G59/><T70/><D6/><U116/><E116/><V96/><F81/><N who="3" m="45287" /><G18/><T49/><D70/><U86/><E4/><V1/><REACH who="2" step="1"/><F17/><REACH who="2" ten="305,215,230,240" step="2"/><W103/><G107/><T92/><D68/><U37/><E37/><V64/><F64/><W65/><G65/><T2/><D105/><U47/><E0/><V71/><F71/><W77/><G77/><AGARI ba="0,1" hai="1,7,9,13,16,23,44,45,77,83,87,96,101,106" machi="77" ten="30,12000,1" yaku="1,1,7,1,52,1,54,1,53,1" doraHai="74" doraHaiUra="3" who="2" fromWho="3" sc="305,0,215,0,230,130,240,-120" /><INIT seed="2,1,0,1,3,118" ten="305,215,360,120" oya="2" hai0="28,131,20,21,36,62,65,86,83,84,98,14,12" hai1="26,74,111,129,27,42,43,70,35,29,88,79,105" hai2="112,113,9,126,69,66,121,103,10,25,11,68,34" hai3="44,97,106,72,104,117,91,56,63,46,110,23,100"/><V109/><F103/><W16/><G117/><T24/><D36/><U50/><E111/><V19/><F126/><W2/><G2/><T3/><D3/><U47/><E105/><V127/><F127/><W57/><G110/><T89/><D131/><U64/><E129/><V53/><F109/><W130/><G130/><T119/><D119/><U61/><E74/><V45/><F66/><W59/><G104/><T115/><D115/><U30/><E79/><V51/><F121/><W49/><G72/><T132/><D132/><U102/><E102/><V116/><F116/><W77/><G77/><T87/><D21/><U37/><E37/><V40/><F40/><W76/><G76/><T125/><D125/><U93/><E43/><V108/><F108/><W101/><G63/><T92/><REACH who="0" step="1"/><D83/><REACH who="0" ten="295,215,360,120" step="2"/><U4/><E35/><V82/><F82/><W18/><G106/><T15/><D15/><U107/><E27/><V0/><F0/><W58/><G18/><T96/><D96/><U124/><E107/><V73/><F34/><W48/><N who="3" m="14336" /><DORA hai="55" /><W75/><G75/><T90/><D90/><U32/><E124/><V85/><F73/><W17/><G17/><T31/><D31/><U5/><REACH who="1" step="1"/><E30/><REACH who="1" ten="295,205,360,120" step="2"/><V38/><F112/><W54/><G101/><T52/><D52/><U135/><E135/><V67/><F53/><N who="3" m="29831" /><G100/><T99/><D99/><AGARI ba="1,2" hai="4,5,26,29,32,42,47,50,61,64,70,88,93,99" machi="99" ten="30,3900,0" yaku="1,1,7,1,54,1,53,0" doraHai="118,55" doraHaiUra="81,80" who="1" fromWho="0" sc="295,-42,205,62,360,0,120,0" /><INIT seed="3,0,0,3,5,135" ten="253,267,360,120" oya="3" hai0="64,58,65,70,127,67,32,43,76,120,90,122,30" hai1="0,45,74,44,128,15,88,102,129,29,71,59,81" hai2="11,31,47,54,28,106,61,60,132,113,125,115,35" hai3="100,36,119,21,95,73,117,7,108,14,84,68,99"/><W62/><G36/><T8/><D76/><U75/><E71/><V85/><F106/><W17/><G73/><T13/><D70/><U41/><E0/><V134/><F85/><W38/><G38/><T103/><D103/><U130/><E102/><V105/><F105/><W112/><G112/><T133/><D133/><N who="2" m="51306" /><F11/><W9/><G108/><T83/><D43/><U22/><E59/><V118/><F118/><W123/><G123/><T53/><D32/><U98/><E29/><N who="2" m="11339" /><F35/><W116/><G84/><T49/><D30/><U33/><E33/><V69/><F69/><W101/><G101/><T1/><D1/><U3/><E3/><V23/><F23/><W93/><G93/><T24/><D24/><U48/><E44/><V124/><F47/><W87/><G87/><T51/><D83/><U126/><E81/><V12/><F12/><W40/><G40/><T4/><D90/><U91/><E15/><V107/><F107/><W10/><REACH who="3" step="1"/><G7/><REACH who="3" ten="253,267,360,110" step="2"/><T37/><D37/><U52/><E41/><V63/><F54/><W50/><G50/><T78/><D51/><U18/><E75/><V42/><F42/><W25/><G25/><T46/><D122/><U109/><E74/><V110/><F110/><W96/><G96/><T56/><D120/><U97/><E109/><V104/><F104/><W20/><G20/><T72/><D72/><U19/><E48/><V77/><F77/><W26/><G26/><T79/><D79/><U121/><E121/><V66/><F66/><AGARI ba="0,1" hai="9,10,14,17,21,62,66,68,95,99,100,116,117,119" machi="66" ten="40,2000,0" yaku="1,1,53,0" doraHai="135" doraHaiUra="2" who="3" fromWho="2" sc="253,0,267,0,360,-20,110,30" /><INIT seed="3,1,0,3,1,91" ten="253,267,340,140" oya="3" hai0="39,66,76,108,11,51,93,70,61,9,116,121,68" hai1="33,94,5,13,52,15,127,50,125,19,124,36,8" hai2="112,2,113,48,119,92,82,20,22,42,96,18,17" hai3="88,132,134,40,101,84,72,73,34,131,85,46,135"/><W109/><G34/><T38/><D121/><U95/><E36/><V3/><F119/><W10/><G131/><T30/><D116/><U128/><E33/><V1/><F82/><W65/><G65/><T67/><D76/><U98/><E98/><V23/><F42/><W90/><G10/><T100/><D30/><U49/><E128/><V37/><F48/><W56/><G56/><T86/><D51/><U58/><E49/><V71/><F71/><W81/><G101/><T103/><D108/><U77/><E77/><V32/><F37/><N who="3" m="21775" /><G109/><T29/><D29/><U16/><E5/><V64/><F64/><W62/><G62/><T104/><D61/><U45/><E45/><V59/><F59/><W114/><G114/><T21/><D21/><AGARI ba="1,0" hai="8,13,15,16,19,21,50,52,58,94,95,124,125,127" machi="21" ten="40,8000,1" yaku="18,1,52,2,54,2" doraHai="91" who="1" fromWho="0" sc="253,-83,267,83,340,0,140,0" /><INIT seed="4,0,0,1,0,47" ten="170,350,340,140" oya="0" hai0="0,61,15,43,132,52,75,40,105,87,124,5,103" hai1="126,112,88,48,89,26,69,44,74,10,115,65,120" hai2="18,54,19,127,58,27,135,93,107,111,133,21,24" hai3="14,76,22,85,37,117,109,98,63,62,16,6,130"/><T80/><D0/><U116/><E74/><V83/><F107/><W72/><G117/><T78/><D132/><N who="2" m="50762" /><F127/><W17/><G37/><T49/><D124/><U30/><E126/><V121/><F121/><W3/><G72/><T46/><D75/><U122/><E116/><V33/><F83/><N who="3" m="47335" /><G3/><T1/><D1/><U97/><E69/><V70/><F70/><W90/><G109/><T41/><D105/><U125/><E125/><V31/><F93/><N who="3" m="56631" /><G6/><T64/><D103/><U82/><E65/><V25/><F111/><W42/><G130/><T71/><REACH who="0" step="1"/><D52/><REACH who="0" ten="160,350,340,140" step="2"/><U12/><E122/><V20/><F54/><W67/><G67/><T102/><D102/><U86/><E120/><V55/><F55/><W28/><G42/><T134/><D134/><U77/><E115/><V99/><F58/><W91/><G63/><T81/><D81/><U104/><E112/><V34/><F99/><W66/><G62/><T131/><D131/><U92/><E104/><V36/><F33/><W95/><G66/><T32/><D32/><U94/><E97/><V128/><F128/><W110/><G110/><T2/><D2/><U9/><E94/><V101/><F101/><W35/><G35/><T106/><D106/><U73/><E89/><V59/><F59/><W96/><G95/><T7/><D7/><U38/><E92/><V57/><F57/><W123/><G123/><T45/><D45/><U50/><E88/><V53/><F53/><W119/><G91/><T39/><D39/><AGARI ba="0,1" hai="18,19,20,21,24,25,27,31,34,36,39" m="50762" machi="39" ten="30,1000,0" yaku="20,1" doraHai="47" who="2" fromWho="0" sc="160,-10,350,0,340,20,140,0" /><INIT seed="5,0,0,1,0,43" ten="150,350,360,140" oya="1" hai0="60,135,116,119,125,21,73,27,87,13,6,44,30" hai1="71,68,114,118,126,101,3,40,56,12,127,52,74" hai2="37,132,78,50,9,111,113,91,51,94,75,76,42" hai3="46,131,124,54,17,23,24,22,0,11,102,19,58"/><U45/><E3/><V47/><F111/><W2/><G131/><T89/><D73/><U97/><E74/><V92/><F132/><W99/><G124/><N who="1" m="47658" /><E114/><V39/><F113/><W18/><G11/><T35/><D125/><U81/><E81/><V59/><F39/><W33/><G19/><T83/><D135/><U32/><E32/><V4/><F92/><W26/><G33/><T133/><D133/><U115/><E12/><N who="2" m="5159" /><F37/><W14/><G14/><T100/><D100/><U77/><E77/><V66/><F75/><W106/><REACH who="3" step="1"/><G46/><REACH who="3" ten="150,350,360,130" step="2"/><T120/><D44/><U36/><E115/><V117/><F47/><W82/><G82/><T90/><D119/><U128/><E128/><V65/><F117/><W130/><G130/><T121/><D116/><U55/><E118/><V20/><F20/><W96/><G96/><T110/><D35/><U122/><E122/><V86/><F42/><W108/><G108/><T10/><D110/><U34/><E34/><V85/><F85/><W88/><G88/><T25/><D25/><U57/><E97/><V105/><F86/><W49/><AGARI ba="0,1" hai="0,2,17,18,22,23,24,26,49,54,58,99,102,106" machi="49" ten="20,8000,1" yaku="1,1,0,1,7,1,9,1,53,1" doraHai="43" doraHaiUra="53" who="3" fromWho="3" sc="150,-20,350,-40,360,-20,130,90" /><INIT seed="6,0,0,4,0,120" ten="130,310,340,220" oya="2" hai0="10,0,132,6,50,94,42,40,134,135,128,4,103" hai1="85,37,26,78,131,59,33,35,96,18,62,106,5" hai2="90,92,56,38,55,73,58,14,122,107,66,115,30" hai3="71,16,9,28,82,34,112,17,114,8,95,129,7"/><V86/><F73/><W46/><G71/><T70/><D70/><U77/><E37/><V65/><F107/><W57/><G129/><T123/><D123/><U63/><E131/><V1/><F1/><W20/><G46/><T25/><D128/><U117/><E117/><V101/><F38/><W75/><G95/><T126/><D126/><U121/><E121/><V74/><F74/><W24/><G57/><T15/><D25/><U102/><E5/><V32/><F32/><W41/><G41/><T118/><D118/><U119/><E119/><V99/><F30/><W110/><G110/><T45/><D6/><U89/><E63/><V39/><F39/><W52/><G52/><T97/><REACH who="0" step="1"/><D42/><REACH who="0" ten="120,310,340,220" step="2"/><U68/><E68/><V36/><F122/><W93/><G7/><T3/><AGARI ba="0,1" hai="0,3,4,10,15,40,45,50,94,97,103,132,134,135" machi="3" ten="40,8000,1" yaku="1,1,2,1,0,1,20,1,53,1" doraHai="120" doraHaiUra="47" who="0" fromWho="0" sc="120,90,310,-20,340,-40,220,-20" /><INIT seed="7,0,0,3,0,64" ten="210,290,300,200" oya="3" hai0="76,46,42,107,1,75,74,98,36,127,31,24,4" hai1="7,52,105,11,35,21,89,131,34,14,16,0,37" hai2="15,92,54,103,61,62,79,58,44,33,29,59,30" hai3="48,3,93,26,110,100,129,71,53,124,99,134,17"/><W45/><G110/><T32/><D76/><U133/><E131/><V83/><F33/><W109/><G109/><T91/><D91/><U120/><E120/><V106/><F106/><W27/><G129/><T94/><D94/><U135/><E105/><V47/><F15/><W18/><G134/><N who="1" m="51210" /><E37/><V25/><F103/><W43/><G3/><T126/><D126/><U114/><E114/><V51/><F92/><W85/><G124/><T102/><REACH who="0" step="1"/><D127/><REACH who="0" ten="200,290,300,200" step="2"/><U117/><E117/><V87/><F79/><W81/><G71/><T63/><D63/><U65/><E65/><V115/><F61/><W104/><G104/><T40/><D40/><U80/><E52/><V88/><F54/><W101/><G101/><T10/><AGARI ba="0,1" hai="1,4,10,24,31,32,36,42,46,74,75,98,102,107" machi="10" ten="30,8000,1" yaku="1,1,0,1,33,3,53,0" doraHai="64" doraHaiUra="9" who="0" fromWho="0" sc="200,90,290,-20,300,-20,200,-40" /><INIT seed="8,0,0,4,4,116" ten="290,270,280,160" oya="0" hai0="73,82,81,3,37,86,132,128,93,94,109,44,122" hai1="89,30,16,78,56,115,110,53,6,99,33,19,60" hai2="43,46,104,80,108,133,50,68,57,107,113,23,20" hai3="129,90,13,121,12,124,130,97,105,21,83,120,76"/><T79/><D122/><N who="3" m="47209" /><G124/><T64/><D3/><U0/><E110/><V54/><F68/><W38/><G38/><T52/><D109/><U66/><E78/><V72/><F108/><W14/><G21/><T7/><D7/><U31/><E115/><V71/><F71/><W4/><G4/><T119/><D119/><U25/><E0/><V100/><F113/><W131/><G90/><T70/><D132/><U51/><E6/><V40/><F133/><W118/><G118/><T126/><D126/><U9/><E9/><V63/><F20/><W59/><G59/><T74/><D128/><U69/><E30/><V103/><F23/><W95/><G105/><T39/><D39/><U101/><REACH who="1" step="1"/><E89/><REACH who="1" ten="290,260,280,160" step="2"/><V88/><F88/><N who="3" m="55527" /><G131/><T45/><D79/><U106/><AGARI ba="0,1" hai="16,19,25,31,33,51,53,56,60,66,69,99,101,106" machi="106" ten="20,12000,2" yaku="1,1,0,1,7,1,25,2,54,1,53,0" doraHai="116" doraHaiUra="84" who="1" fromWho="1" sc="290,-60,260,130,280,-30,160,-30" owari="230,-17.0,390,49.0,250,5.0,130,-37.0" /></mjloggm>