<mjloggm ver="2.3"><GO type="41"/><UN n0="%E3%81%9F%E3%81%A3%E3%81%9F%E3%81%A3%E3%81%9F" n1="%E3%82%A6%E3%83%AB%E3%83%88%E3%83%A9%E7%AB%8B%E7%9B%B4" n2="%EF%BC%88%C2%B4%EF%BC%BE%EF%BD%9E%EF%BC%BE%60%EF%BC%89" n3="%E5%8F%A4%E6%89%8B%E6%A2%A8%E8%8A%B1%EF%BD%9E%E2%98%86" dan="14,15,13,14" rate="1874,2034,1916,1859" sx="M,M,M,M"/><TAIKYOKU oya="0"/><INIT seed="0,0,0,1,2,7" ten="250,250,250,250" oya="0" hai0="66,126,90,36,84,125,53,86,16,106,133,111,39" hai1="124,59,21,63,121,71,134,130,76,112,119,82,55" hai2="108,65,89,79,12,25,98,46,19,87,73,101,96" hai3="61,45,81,23,3,100,123,60,93,29,122,110,47"/><T58/><D106/><U17/><E119/><V128/><F108/><W38/><G110/><T118/><D111/><U80/><E121/><N who="3" m="46090" /><G3/><T43/><D118/><U103/><E71/><V15/><F128/><W37/><G81/><T26/><D133/><U33/><E33/><V131/><F131/><W62/><G100/><T9/><D66/><U27/><E134/><V10/><F65/><W127/><G93/><T50/><D26/><U40/><E130/><V78/><F73/><W0/><G0/><T70/><D70/><U32/><E32/><V52/><F25/><N who="3" m="16575" /><G127/><N who="0" m="48651" /><D43/><U129/><E129/><V75/><F75/><W14/><G14/><N who="0" m="7247" /><D86/><U54/><E40/><V35/><F15/><W57/><G57/><T104/><D104/><U56/><E124/><V94/><F35/><W5/><G5/><T13/><D13/><U95/><E59/><V34/><F34/><W85/><G85/><T97/><D97/><N who="2" m="37482" /><F101/><W68/><G68/><T49/><D49/><AGARI ba="0,0" hai="10,12,19,46,49,52,78,79,87,89,94" m="37482" machi="49" ten="30,3900,0" yaku="8,1,52,1,54,1" doraHai="7" who="2" fromWho="0" sc="250,-39,250,0,250,39,250,0" /><INIT seed="1,0,0,2,3,116" ten="211,250,289,250" oya="1" hai0="95,19,91,129,38,131,65,62,46,72,109,133,63" hai1="83,97,43,23,90,6,48,37,102,45,52,121,40" hai2="127,108,79,7,96,101,5,123,84,47,89,10,130" hai3="3,135,20,74,32,73,67,85,11,125,82,68,28"/><U61/><E37/><V117/><F117/><W87/><G32/><T17/><D72/><U124/><E124/><V60/><F79/><W27/><G125/><T110/><D38/><U14/><E121/><V54/><F127/><W118/><G118/><T30/><D30/><U115/><E115/><V66/><F108/><W80/><G135/><T56/><D46/><U34/><E34/><V104/><F130/><W92/><G68/><T100/><D100/><U31/><E61/><V29/><F123/><W71/><G71/><T88/><D63/><U22/><E22/><V78/><F78/><W8/><G67/><T119/><D133/><U58/><E45/><V86/><F29/><W128/><G128/><N who="0" m="49227" /><D119/><U39/><E39/><V12/><F7/><W105/><G105/><T93/><D93/><U25/><E6/><V4/><F4/><W59/><G59/><T26/><D26/><U94/><E14/><V51/><REACH who="2" step="1"/><F89/><REACH who="2" ten="211,250,279,250" step="2"/><W134/><G28/><T53/><D91/><U106/><REACH who="1" step="1"/><E83/><REACH who="1" ten="211,240,279,250" step="2"/><V2/><F2/><W81/><G80/><T44/><D109/><U64/><E64/><V77/><F77/><W35/><G81/><T112/><D110/><U114/><E114/><V33/><F33/><W75/><G82/><T111/><D111/><U126/><E126/><V0/><F0/><W41/><G134/><T1/><D1/><U120/><E120/><V36/><F36/><W70/><G3/><T15/><D112/><U16/><E16/><V21/><F21/><W13/><G35/><T50/><D15/><U57/><E57/><AGARI ba="0,2" hai="5,10,12,47,51,54,57,60,66,84,86,96,101,104" machi="57" ten="30,2000,0" yaku="1,1,7,1,53,0" doraHai="116" doraHaiUra="18" who="2" fromWho="1" sc="211,0,240,-20,279,40,250,0" /><INIT seed="2,0,0,4,2,62" ten="211,220,319,250" oya="2" hai0="55,93,89,76,47,30,46,6,96,21,7,70,108" hai1="58,4,84,123,128,11,22,40,120,45,0,126,1" hai2="42,67,34,32,39,68,130,95,57,113,44,33,86" hai3="122,74,20,9,29,104,71,14,133,48,8,18,63"/><V3/><F113/><W117/><G117/><T43/><D70/><U61/><E126/><V35/><F57/><W31/><G122/><T66/><D76/><U125/><E125/><V134/><F134/><W10/><G74/><T94/><D108/><U5/><E128/><V13/><F13/><W60/><G104/><T38/><D30/><U65/><E22/><V59/><F59/><W118/><G118/><T75/><D75/><U27/><E27/><V12/><F12/><W106/><G106/><T54/><D21/><U135/><E135/><V83/><F95/><W81/><G133/><T92/><D93/><U129/><E84/><V132/><F132/><W53/><G81/><T24/><D24/><U79/><E79/><V77/><N who="2" m="8704" /><DORA hai="69" /><V85/><F130/><W78/><G78/><T36/><D96/><U100/><E100/><V115/><F85/><W16/><G18/><T119/><D89/><U64/><E129/><V114/><REACH who="2" step="1"/><F3/><REACH who="2" ten="211,220,309,250" step="2"/><W80/><G14/><T17/><D119/><U91/><E120/><V90/><F90/><W56/><G56/><T52/><D17/><U99/><E123/><V127/><F127/><W49/><G71/><T37/><D43/><U82/><E91/><V110/><F110/><W101/><G101/><T109/><D109/><U88/><E88/><V107/><F107/><W112/><G112/><T2/><D2/><U15/><E1/><V50/><F50/><W26/><G26/><T25/><D25/><U28/><E0/><V23/><F23/><W103/><G20/><T116/><D116/><U105/><E105/><V111/><F111/><RYUUKYOKU ba="0,1" sc="211,-10,220,-10,309,30,250,-10" hai2="39,42,44,67,68,77,83,86,114,115" /><INIT seed="2,1,1,1,0,87" ten="201,210,339,240" oya="2" hai0="30,54,50,55,64,20,109,63,118,113,41,133,131" hai1="112,42,74,119,47,98,114,22,65,38,134,48,4" hai2="51,17,57,77,84,126,0,27,86,33,9,1,67" hai3="8,76,6,132,78,26,128,102,37,21,56,91,85"/><V73/><F73/><W16/><G37/><T58/><D30/><U116/><E74/><V72/><F72/><W62/><G132/><T46/><D20/><U68/><E22/><V101/><F101/><W69/><G69/><T100/><D100/><U25/><E25/><V92/><F86/><W15/><G128/><T5/><D5/><U81/><E98/><V70/><F70/><W104/><G104/><T95/><D95/><U103/><E4/><V2/><F126/><W39/><G39/><T80/><D80/><U111/><E81/><V10/><F77/><W66/><REACH who="3" step="1"/><G102/><REACH who="3" ten="201,210,339,230" step="2"/><T125/><D133/><U35/><E103/><V83/><F1/><W108/><G108/><T40/><D109/><U45/><E134/><V11/><F0/><W107/><G107/><T71/><D131/><U129/><E111/><V99/><F2/><W32/><G32/><T7/><D118/><U110/><E35/><V13/><F33/><W49/><G49/><T36/><D125/><U34/><E34/><V89/><F51/><W117/><G117/><T59/><D113/><U28/><E110/><V79/><F27/><W135/><G135/><T96/><D96/><U14/><E129/><V124/><REACH who="2" step="1"/><F124/><REACH who="2" ten="201,210,329,230" step="2"/><W106/><G106/><T3/><D3/><U31/><E119/><V12/><F12/><W105/><G105/><T53/><D7/><U120/><E116/><V115/><F115/><W123/><G123/><T97/><D97/><U88/><E14/><V90/><F90/><W122/><G122/><T43/><D36/><N who="1" m="21703" /><E88/><V61/><AGARI ba="1,3" hai="9,10,11,13,17,57,61,67,79,83,84,89,92,99" machi="61" ten="30,11700,0" yaku="1,1,0,1,8,1,52,1,53,0" doraHai="87" doraHaiUra="18" who="2" fromWho="2" sc="201,-40,210,-40,329,150,230,-40" /><INIT seed="2,2,0,2,5,82" ten="161,170,479,190" oya="2" hai0="94,31,35,96,112,58,88,12,14,19,65,123,108" hai1="3,79,63,7,36,61,103,50,114,64,52,46,133" hai2="6,80,44,2,76,85,109,17,53,0,43,73,95" hai3="70,72,21,121,91,83,129,101,120,10,42,45,1"/><V68/><F68/><W78/><G129/><T132/><D123/><U118/><E118/><V62/><F109/><W25/><G101/><T49/><D112/><U122/><E114/><V29/><F29/><W104/><G104/><T90/><D108/><U5/><E122/><V81/><F95/><W127/><G127/><T32/><D132/><U51/><E133/><V86/><F17/><W74/><G70/><T84/><D31/><U37/><E5/><V87/><F2/><W38/><G72/><T126/><D126/><U99/><E7/><V93/><F93/><W23/><G91/><T59/><D59/><U47/><E3/><V54/><F62/><W89/><G89/><T20/><D65/><U30/><E79/><V97/><F97/><W77/><G77/><T9/><D58/><U130/><E30/><V66/><F66/><W71/><G71/><T16/><D49/><U105/><E130/><V40/><F40/><W117/><G117/><T15/><D15/><U22/><E22/><N who="3" m="8202" /><G25/><T4/><D4/><AGARI ba="2,0" hai="1,4,10,38,42,45,74,78,83,120,121" m="8202" machi="4" ten="30,1000,0" yaku="25,1" doraHai="82" who="3" fromWho="0" sc="161,-16,170,0,479,0,190,16" /><INIT seed="3,0,0,5,0,98" ten="145,170,479,206" oya="3" hai0="54,125,100,65,25,132,62,66,91,52,47,74,57" hai1="31,128,76,24,9,40,130,92,133,88,29,42,105" hai2="95,106,114,102,99,80,14,68,72,127,73,78,94" hai3="67,1,0,7,19,115,113,111,129,126,32,103,93"/><W118/><G118/><T122/><D122/><U18/><E105/><V97/><F68/><W123/><G123/><T55/><D74/><U48/><E76/><V45/><F45/><W6/><G32/><T59/><D91/><U77/><E77/><V117/><F14/><W53/><G111/><T11/><D25/><U12/><E133/><V81/><F117/><W2/><G129/><N who="1" m="49770" /><E48/><V71/><F71/><W96/><G126/><T119/><D119/><U116/><E116/><V107/><F114/><W28/><G28/><N who="1" m="10826" /><E24/><V41/><F41/><W43/><G43/><T63/><D132/><U75/><E75/><V49/><F49/><W131/><G131/><T38/><D125/><U30/><N who="1" m="10834" /><U90/><DORA hai="61" /><E90/><N who="2" m="55511" /><F127/><W112/><G53/><N who="0" m="34095" /><D11/><U34/><E34/><V15/><F15/><W69/><REACH who="3" step="1"/><G19/><REACH who="3" ten="145,170,479,196" step="2"/><T124/><D124/><U84/><AGARI ba="0,1" hai="9,12,18,40,42,84,88,92" m="10834,49770" machi="84" ten="40,2700,0" yaku="19,1,54,1" doraHai="98,61" who="1" fromWho="1" sc="145,-7,170,37,479,-7,196,-13" /><INIT seed="4,0,0,0,1,23" ten="138,207,472,183" oya="0" hai0="1,102,78,2,47,128,115,36,120,45,39,29,80" hai1="109,25,31,118,6,70,34,22,77,18,64,114,58" hai2="103,86,124,94,107,100,87,130,16,44,11,108,40" hai3="123,72,13,110,69,26,55,51,33,133,30,10,99"/><T65/><D120/><U61/><E118/><V75/><F108/><W38/><G110/><T17/><D115/><U113/><E109/><V7/><F75/><W66/><G66/><T21/><D128/><U106/><E77/><V91/><F130/><W98/><G69/><T67/><D102/><U101/><E6/><V0/><F124/><W129/><G38/><T41/><D29/><U68/><E68/><V81/><F107/><W90/><G129/><T19/><D80/><U117/><E58/><V24/><F81/><W56/><G123/><T89/><D89/><U28/><E117/><V119/><F87/><W112/><G112/><N who="1" m="43114" /><E34/><V53/><F119/><W132/><G72/><T52/><D21/><U37/><E37/><V20/><F53/><W88/><G98/><AGARI ba="0,0" hai="18,22,25,28,31,61,64,70,98,101,106" m="43114" machi="98" ten="30,3900,0" yaku="15,1,11,1,52,1" doraHai="23" who="1" fromWho="3" sc="138,0,207,39,472,0,183,-39" /><INIT seed="5,0,0,0,2,35" ten="138,246,472,144" oya="1" hai0="59,18,60,83,34,52,85,33,93,117,74,26,134" hai1="22,61,92,82,124,12,97,57,29,68,80,54,104" hai2="101,103,75,94,91,127,47,65,62,125,7,48,37" hai3="71,10,76,79,107,28,99,0,24,23,32,113,86"/><U119/><E104/><V66/><F75/><W131/><G113/><T81/><D134/><U8/><E68/><N who="2" m="42039" /><F37/><W55/><G131/><T25/><D117/><U70/><E70/><V115/><F7/><W123/><G123/><T17/><D74/><U100/><E124/><N who="2" m="47691" /><F66/><W21/><G71/><T135/><D135/><U84/><E119/><V114/><F114/><W109/><G109/><T118/><D118/><U128/><E128/><V98/><F115/><W5/><G55/><AGARI ba="0,0" hai="47,48,55,91,94,98,101,103" m="47691,42039" machi="55" ten="30,1000,0" yaku="18,1" doraHai="35" who="2" fromWho="3" sc="138,0,246,0,472,10,144,-10" /><INIT seed="6,0,0,0,0,48" ten="138,246,482,134" oya="2" hai0="10,131,52,93,103,50,42,66,135,21,27,77,71" hai1="47,109,23,58,130,18,100,84,88,67,82,13,73" hai2="83,70,56,24,26,64,68,111,60,87,79,107,113" hai3="55,122,80,40,61,129,75,101,3,54,132,105,29"/><V38/><F107/><W125/><G122/><T19/><D135/><U94/><E109/><V110/><F38/><W20/><G132/><T44/><D131/><U37/><E130/><V16/><F113/><W118/><G118/><T15/><D77/><U31/><E31/><V41/><F41/><W5/><G129/><T69/><D66/><U14/><E47/><V11/><F26/><W117/><G117/><T115/><D115/><U36/><E36/><V124/><F124/><W0/><G125/><T65/><D65/><U45/><E45/><V116/><F116/><W102/><G105/><T99/><REACH who="0" step="1"/><D42/><REACH who="0" ten="128,246,482,134" step="2"/><U8/><E67/><V7/><F110/><W28/><G40/><T33/><D33/><U133/><E133/><V98/><F111/><W43/><G43/><T17/><AGARI ba="0,1" hai="10,15,17,19,21,27,44,50,52,69,71,93,99,103" machi="17" ten="20,12000,2" yaku="1,1,0,1,7,1,52,1,54,1,53,1" doraHai="48" doraHaiUra="51" who="0" fromWho="0" sc="128,130,246,-30,482,-60,134,-30" /><INIT seed="7,0,0,0,2,38" ten="258,216,422,104" oya="3" hai0="95,55,14,48,51,67,96,111,30,93,6,46,62" hai1="114,34,33,28,132,53,119,122,0,5,27,52,42" hai2="49,135,107,117,32,25,65,78,24,116,15,13,1" hai3="134,115,41,3,77,130,126,45,124,72,59,71,56"/><W37/><G3/><T85/><D111/><U73/><E122/><V100/><F1/><W4/><G4/><T61/><D30/><U26/><E73/><V101/><F78/><W87/><G72/><T16/><D6/><U133/><E5/><V81/><F81/><N who="3" m="47535" /><G115/><T21/><D67/><U123/><E0/><V60/><F49/><W47/><G134/><N who="1" m="51818" /><E123/><V103/><F135/><W129/><G71/><T98/><D85/><U2/><E2/><V18/><F107/><W50/><G56/><T57/><D96/><U131/><E114/><V40/><F40/><N who="3" m="22671" /><G59/><T86/><D86/><U43/><E119/><V75/><F75/><W90/><G90/><N who="0" m="55607" /><D95/><U36/><E36/><V35/><F100/><W82/><G82/><T88/><D88/><U92/><E92/><V10/><F60/><W84/><G84/><T31/><D31/><N who="1" m="19703" /><E131/><AGARI ba="0,0" hai="41,47,50,124,126,129,130,131" m="22671,47535" machi="131" ten="30,5800,0" yaku="19,1,52,2" doraHai="38" who="3" fromWho="1" sc="258,0,216,-58,422,0,104,58" /><INIT seed="7,1,0,1,4,119" ten="258,158,422,162" oya="3" hai0="35,59,12,127,87,56,133,108,92,82,95,91,13" hai1="77,102,106,75,83,76,99,5,68,29,58,81,131" hai2="16,115,1,130,74,33,80,135,26,21,53,101,78" hai3="107,94,67,105,96,20,79,126,60,22,3,111,10"/><W43/><G111/><T4/><D108/><U24/><E131/><V32/><F32/><W8/><BYE who="2" /><G126/><T116/><D116/><U112/><E112/><V124/><F124/><W7/><G8/><UN n2="%EF%BC%88%C2%B4%EF%BC%BE%EF%BD%9E%EF%BC%BE%60%EF%BC%89" /><T15/><D127/><U71/><E58/><V72/><F74/><W47/><G79/><T109/><D109/><U9/><E81/><V55/><F55/><W54/><BYE who="2" /><G54/><T14/><D35/><N who="1" m="20903" /><E77/><V88/><F88/><W37/><G107/><T25/><D133/><UN n2="%EF%BC%88%C2%B4%EF%BC%BE%EF%BD%9E%EF%BC%BE%60%EF%BC%89" /><U6/><E6/><V100/><F1/><AGARI ba="1,0" hai="1,5,9,68,71,75,76,83,99,102,106" m="20903" machi="1" ten="30,2000,0" yaku="33,2" doraHai="119" who="1" fromWho="2" sc="258,0,158,23,422,-23,162,0" owari="258,6.0,181,-22.0,399,50.0,162,-34.0" /></mjloggm>