<mjloggm ver="2.3"><GO type="41"/><UN n0="%EF%BC%88%E2%89%A7%E2%96%BD%E2%89%A6%EF%BC%89" n1="%E3%81%84%E3%82%8B%E3%81%8B%E3%81%A1%E3%82%83%E3%82%93" n2="%E3%81%9F%E3%81%93%E3%81%95%E3%81%97" n3="%E6%A5%B5%E6%9D%B1%E3%83%AC%E3%83%BC%E3%83%80%E3%83%BC" dan="13,13,13,14" rate="2070,1805,1858,1852" sx="M,F,M,M"/><TAIKYOKU oya="0"/><INIT seed="0,0,0,0,5,65" ten="250,250,250,250" oya="0" hai0="84,86,96,122,129,42,47,9,63,43,74,126,2" hai1="28,39,72,85,44,109,108,94,123,3,26,113,49" hai2="10,58,52,92,125,36,53,82,80,89,37,54,131" hai3="61,50,98,38,66,105,73,87,34,111,18,78,95"/><T33/><D122/><U75/><E123/><V134/><F134/><W135/><G105/><T16/><D74/><U127/><E127/><V79/><F125/><W83/><G111/><T69/><D126/><U110/><E3/><V22/><F131/><W101/><G135/><T55/><D33/><U7/><E7/><V91/><F10/><W132/><G132/><T46/><D129/><U13/><E39/><V76/><F37/><W114/><G114/><T71/><D2/><U119/><E119/><V106/><F36/><W104/><G38/><T70/><D96/><U81/><E113/><V32/><F32/><W25/><G50/><T67/><D55/><U117/><E117/><V41/><F106/><W24/><G18/><T5/><D5/><U120/><E120/><V40/><F54/><W31/><G24/><T14/><D43/><U21/><E94/><V35/><F35/><W59/><G104/><T64/><D64/><U15/><E72/><V6/><F92/><W11/><G11/><T29/><D29/><U77/><REACH who="1" step="1"/><E75/><REACH who="1" step="2"/><V1/><F1/><W97/><G97/><T118/><D118/><U19/><E19/><V99/><F6/><W48/><G73/><T27/><D16/><U102/><E102/><V23/><F99/><W112/><G112/><T17/><D17/><U45/><E45/><V124/><F124/><W51/><AGARI ba="0,1" hai="25,31,34,48,51,59,61,66,78,83,87,95,98,101" machi="51" ten="30,1100,0" yaku="0,1" doraHai="65" who="3" fromWho="3" sc="250,-5,240,-3,250,-3,250,21" /><INIT seed="1,0,0,1,5,11" ten="245,237,247,271" oya="1" hai0="42,84,118,34,87,85,126,133,65,22,82,21,41" hai1="108,20,5,28,134,3,4,135,50,40,38,105,15" hai2="94,86,106,91,17,131,75,92,8,35,0,63,23" hai3="81,122,33,125,69,77,49,129,117,111,100,58,32"/><U102/><E105/><V53/><F106/><W24/><G122/><T130/><D34/><U74/><E38/><V80/><F75/><W56/><G117/><T10/><D118/><U79/><E102/><V72/><F72/><W13/><G111/><T39/><D133/><N who="1" m="50699" /><E3/><V83/><F35/><W113/><G113/><T29/><D130/><U90/><E108/><V121/><F121/><W73/><G69/><T93/><D126/><U120/><E120/><V115/><F131/><W30/><G129/><T46/><D41/><U44/><E90/><V16/><F115/><W112/><G112/><T124/><D124/><U51/><E50/><V57/><F0/><W54/><G125/><T48/><D65/><U99/><E99/><V1/><F1/><W101/><G33/><T2/><D39/><U127/><E127/><V119/><F119/><W26/><G26/><N who="0" m="16591" /><D2/><U96/><E96/><V128/><F128/><W107/><G107/><T104/><D104/><U62/><E62/><V55/><F55/><W116/><G116/><T6/><D82/><N who="1" m="45431" /><E28/><V12/><F80/><W19/><REACH who="3" step="1"/><G58/><REACH who="3" step="2"/><T52/><D93/><U64/><E64/><V61/><F61/><W43/><G43/><T95/><D95/><U103/><E103/><V68/><REACH who="2" step="1"/><F68/><REACH who="2" step="2"/><W45/><G45/><T47/><D46/><U59/><E59/><V78/><F78/><W37/><G37/><T66/><D42/><U18/><AGARI ba="0,2" hai="4,5,15,18,20,40,44,51" m="45431,50699" machi="18" ten="30,3000,0" yaku="20,1,52,1" doraHai="11" who="1" fromWho="1" sc="245,-10,237,50,237,-10,261,-10" /><INIT seed="1,1,0,0,1,69" ten="235,287,227,251" oya="1" hai0="79,100,103,26,94,64,22,101,41,72,1,44,60" hai1="42,65,131,111,13,87,98,63,85,39,30,25,24" hai2="96,121,8,106,66,2,132,19,18,40,84,89,33" hai3="17,77,32,122,97,126,23,56,104,15,129,102,57"/><U29/><E131/><V54/><F121/><W125/><G122/><T80/><D1/><U5/><E111/><V67/><F33/><W21/><G129/><T52/><D94/><U93/><E39/><V58/><F40/><W31/><G32/><T110/><D110/><U50/><E42/><V86/><F132/><W90/><G77/><T91/><D91/><U130/><E130/><V107/><F2/><W123/><G123/><T14/><D14/><U43/><E43/><V124/><F124/><N who="3" m="47723" /><G90/><T135/><D135/><U92/><E92/><V113/><F113/><W10/><G10/><T134/><D134/><U49/><E49/><V3/><F3/><W127/><N who="3" m="47731" /><W120/><DORA hai="109" /><G120/><T55/><D64/><U68/><E50/><V99/><F89/><W35/><G35/><T16/><REACH who="0" step="1"/><D60/><REACH who="0" step="2"/><U133/><E133/><V7/><F54/><W61/><G61/><T76/><D76/><U53/><E13/><V47/><F47/><W83/><G83/><T38/><AGARI ba="1,1" hai="16,22,26,38,41,44,52,55,72,79,80,100,101,103" machi="38" ten="30,12000,2" yaku="1,1,0,1,52,1,54,2,53,1" doraHai="69,109" doraHaiUra="105,95" who="0" fromWho="0" sc="225,133,287,-61,227,-31,251,-31" /><INIT seed="2,0,0,2,3,106" ten="358,226,196,220" oya="2" hai0="74,90,29,88,17,73,124,30,10,25,76,95,114" hai1="36,112,96,18,134,70,61,86,58,14,135,97,44" hai2="47,126,120,89,125,28,102,21,57,81,129,127,77" hai3="62,9,80,41,2,40,5,31,60,94,75,13,50"/><V23/><F120/><W16/><G31/><T26/><D114/><U39/><E70/><V4/><F4/><W118/><G118/><T122/><D122/><U78/><E112/><V1/><F1/><W67/><G62/><T123/><D123/><U82/><E44/><V52/><F102/><W0/><G0/><T48/><D124/><U66/><E39/><V108/><F47/><W7/><G7/><T98/><D76/><U131/><E131/><V53/><F129/><W54/><G94/><T83/><D48/><U116/><E36/><V33/><F108/><W27/><G27/><T121/><D121/><U20/><REACH who="1" step="1"/><E116/><REACH who="1" step="2"/><V45/><F45/><W15/><G41/><T110/><D110/><U59/><E59/><V35/><F57/><W107/><G40/><T49/><D30/><U104/><E104/><V111/><F111/><W6/><G107/><T37/><D29/><U92/><E92/><V69/><F69/><W79/><G67/><T55/><D95/><U72/><E72/><N who="2" m="43175" /><F28/><W64/><G64/><T132/><D37/><U19/><E19/><V91/><F35/><W130/><G130/><T128/><D128/><U43/><E43/><V84/><F33/><W119/><G119/><T101/><D74/><U51/><E51/><V11/><F84/><W85/><G60/><T12/><D49/><U56/><E56/><V68/><F68/><W133/><G85/><T103/><D73/><U113/><E113/><V65/><F65/><W24/><G16/><T42/><D17/><U8/><E8/><V99/><F11/><W22/><G9/><T32/><D10/><RYUUKYOKU ba="0,1" sc="358,-10,216,30,196,-10,220,-10" hai1="14,18,20,58,61,66,78,82,86,96,97,134,135" /><INIT seed="3,1,1,1,4,106" ten="348,246,186,210" oya="3" hai0="102,72,22,94,35,10,9,96,27,79,123,14,126" hai1="119,120,122,24,11,110,65,74,25,12,129,69,17" hai2="87,53,109,76,128,116,58,34,18,39,47,59,0" hai3="16,26,8,44,81,105,49,6,40,46,4,23,90"/><W55/><G105/><T100/><D123/><U71/><E119/><V130/><F116/><W63/><G63/><T38/><D126/><U37/><E37/><V112/><F112/><W92/><G8/><T1/><D38/><U89/><E110/><V7/><F109/><W91/><G81/><T2/><D35/><U107/><E129/><V124/><F124/><W20/><G20/><T70/><D70/><U117/><E107/><V28/><F18/><W93/><G93/><T125/><D125/><U135/><E117/><V108/><F108/><W84/><G91/><T111/><D111/><U95/><E135/><V62/><F58/><W42/><G55/><T121/><D121/><U114/><E114/><V52/><F0/><W133/><G133/><T30/><D102/><U31/><E120/><V66/><F7/><W56/><G56/><T29/><D29/><U86/><E122/><V132/><F132/><W73/><G73/><T68/><D68/><U64/><E69/><V57/><F76/><W15/><G26/><T99/><D10/><U118/><E71/><N who="2" m="42455" /><F87/><W103/><G103/><T33/><D99/><U85/><E25/><N who="2" m="18703" /><F39/><AGARI ba="1,1" hai="4,6,15,16,23,39,40,42,44,46,49,84,90,92" machi="39" ten="30,2900,0" yaku="7,1,54,1" doraHai="106" who="3" fromWho="2" sc="348,0,246,0,186,-32,210,42" /><INIT seed="3,2,0,0,3,5" ten="348,246,154,252" oya="3" hai0="127,25,15,69,62,133,84,82,132,47,130,71,105" hai1="65,35,2,119,39,64,85,53,80,17,66,44,22" hai2="42,107,96,86,7,19,40,97,72,11,103,106,37" hai3="12,118,52,76,63,6,70,89,33,28,101,16,57"/><W46/><G118/><T116/><D116/><U111/><E111/><V100/><F72/><W68/><G6/><T34/><D105/><U14/><E35/><V104/><F104/><W79/><G79/><T108/><D108/><U112/><E2/><V61/><F37/><W78/><G76/><T121/><D121/><U45/><E112/><V122/><F122/><W31/><G31/><N who="0" m="19823" /><D127/><U98/><E119/><V128/><F128/><W32/><G32/><T56/><D47/><U134/><E134/><N who="0" m="51817" /><D15/><U113/><E113/><V49/><F49/><W20/><G101/><T0/><D0/><U115/><E115/><V51/><F51/><W4/><G4/><T3/><D3/><U123/><E123/><V129/><F129/><W92/><G78/><N who="0" m="46167" /><D130/><U95/><E39/><V88/><F19/><W41/><G28/><T91/><D91/><U30/><E30/><V50/><F61/><W36/><G33/><T75/><D75/><U29/><E29/><V102/><F102/><W60/><G60/><T58/><D58/><U90/><REACH who="1" step="1"/><E53/><AGARI ba="2,0" hai="53,56,62,69,71" m="46167,51817,19823" machi="53" ten="30,1000,0" yaku="20,1" doraHai="5" who="0" fromWho="1" sc="348,16,246,-16,154,0,252,0" /><INIT seed="4,0,0,1,5,53" ten="364,230,154,252" oya="0" hai0="109,58,72,121,123,43,31,37,80,127,129,39,79" hai1="78,46,95,20,106,12,73,35,96,18,22,122,64" hai2="119,89,27,102,6,26,94,60,38,86,87,132,124" hai3="1,32,3,110,76,108,16,15,0,51,133,19,67"/><T36/><D129/><U48/><E122/><V130/><F130/><W125/><G67/><T65/><D127/><U71/><E106/><V97/><F124/><W2/><G76/><T9/><D109/><N who="3" m="42089" /><G51/><T4/><D31/><U118/><E35/><V40/><F132/><W68/><G68/><T42/><D42/><U115/><E115/><V92/><F119/><W107/><G107/><T111/><D111/><U44/><E118/><V116/><F116/><W104/><G104/><T99/><D99/><U8/><E71/><V91/><F6/><W62/><G62/><T63/><REACH who="0" step="1"/><D43/><REACH who="0" step="2"/><U59/><E73/><V103/><F40/><W131/><G125/><T57/><D57/><U17/><E78/><V74/><F74/><W24/><G133/><T135/><D135/><U45/><E22/><V100/><F38/><W52/><G131/><T21/><D21/><U93/><E96/><V61/><F97/><W50/><G32/><T81/><D81/><U10/><E10/><V98/><F98/><W14/><G1/><AGARI ba="0,1" hai="1,4,9,36,37,39,58,63,65,72,79,80,121,123" machi="1" ten="40,7700,0" yaku="1,1,52,1,53,1" doraHai="53" doraHaiUra="56" who="0" fromWho="3" sc="354,87,230,0,154,0,252,-77" /><INIT seed="4,1,0,1,0,85" ten="441,230,154,175" oya="0" hai0="115,13,125,131,93,12,2,121,113,106,132,117,49" hai1="119,88,73,67,55,30,10,22,69,102,105,34,116" hai2="20,5,108,44,57,112,100,91,94,26,14,15,133" hai3="33,104,98,4,40,110,39,77,47,16,53,31,63"/><T38/><RYUUKYOKU type="yao9" ba="1,0" sc="441,0,230,0,154,0,175,0" hai0="2,12,13,38,49,93,106,113,115,117,121,125,131,132" /><INIT seed="4,2,0,3,0,13" ten="441,230,154,175" oya="0" hai0="53,26,18,62,52,100,11,25,67,109,10,35,101" hai1="82,97,22,87,1,83,74,17,135,118,0,86,91" hai2="102,89,36,134,51,80,16,50,98,21,58,27,108" hai3="93,33,124,111,7,107,64,68,110,4,112,123,57"/><T96/><D109/><U15/><E118/><V114/><F108/><W66/><G123/><T42/><D42/><U71/><E71/><V5/><F36/><W95/><G107/><T122/><D122/><U65/><E74/><V49/><F134/><W54/><G112/><T69/><D101/><U76/><E65/><V32/><F114/><W133/><G57/><T79/><D79/><U113/><E113/><V56/><F5/><W72/><G72/><T19/><D10/><U30/><E135/><V46/><F32/><W104/><G104/><N who="0" m="63495" /><D11/><U14/><E97/><V34/><F34/><W119/><G54/><N who="0" m="21099" /><D25/><U77/><E30/><AGARI ba="2,0" hai="18,19,26,30,35,62,67,69" m="21099,63495" machi="30" ten="30,11600,0" yaku="25,1,52,2,54,1" doraHai="13" who="0" fromWho="1" sc="441,122,230,-122,154,0,175,0" /><INIT seed="4,3,0,1,3,87" ten="563,108,154,175" oya="0" hai0="99,84,73,79,90,71,10,116,93,119,36,59,33" hai1="125,74,16,86,67,0,57,96,49,31,128,1,20" hai2="126,26,135,70,34,22,92,100,35,15,39,42,62" hai3="91,7,37,97,107,30,76,64,21,81,19,12,44"/><T78/><D71/><U56/><E125/><V41/><F126/><W25/><G7/><T29/><D36/><U54/><E128/><V110/><F110/><W66/><G37/><T13/><D73/><U83/><E74/><V18/><F135/><W38/><G38/><T72/><D72/><U120/><E120/><V5/><F39/><W46/><G46/><T85/><D119/><U75/><E75/><V132/><F132/><W98/><G98/><T14/><D116/><U45/><E31/><V130/><F130/><W17/><G17/><N who="0" m="8375" /><D33/><U77/><E96/><V133/><F133/><W68/><G68/><T28/><D14/><U113/><E113/><V47/><F47/><W104/><G104/><T63/><D84/><U11/><E11/><V6/><F100/><W52/><G107/><T65/><D78/><U48/><E67/><V118/><F118/><W82/><G76/><T124/><D124/><U53/><REACH who="1" step="1"/><E45/><REACH who="1" step="2"/><V8/><F8/><N who="3" m="6535" /><G64/><T55/><D65/><U121/><E121/><V129/><F129/><W109/><G66/><T40/><D28/><U24/><AGARI ba="3,1" hai="0,1,16,20,24,48,49,53,54,56,57,77,83,86" machi="24" ten="20,8000,1" yaku="1,1,0,1,7,1,9,1,54,1,53,0" doraHai="87" doraHaiUra="9" who="1" fromWho="1" sc="563,-43,98,99,154,-23,175,-23" /><INIT seed="5,0,0,1,3,90" ten="520,197,131,152" oya="1" hai0="57,79,29,113,75,110,31,26,129,78,47,111,135" hai1="100,55,51,56,106,4,36,35,123,39,72,131,88" hai2="24,2,81,61,95,118,67,34,115,83,28,44,22" hai3="102,12,45,122,58,103,19,33,114,40,66,53,16"/><U97/><E123/><V105/><F118/><W109/><G109/><T3/><D3/><U1/><E131/><V84/><F105/><W104/><G122/><T120/><D120/><U82/><E35/><V37/><F2/><W13/><G114/><T8/><D113/><U132/><E132/><V76/><F115/><W85/><G104/><T50/><D135/><U62/><E1/><V107/><F107/><W68/><G68/><T5/><D129/><U64/><E4/><V59/><F34/><W65/><G33/><T94/><D75/><U80/><E72/><V60/><F60/><N who="3" m="35919" /><G85/><T101/><D111/><U133/><E133/><V6/><F6/><W25/><G25/><T38/><D38/><U42/><E42/><V125/><F125/><W127/><G127/><T74/><D74/><U23/><E23/><V14/><F14/><N who="3" m="5739" /><G40/><T48/><D26/><U117/><E117/><V21/><F81/><W86/><G86/><T112/><D112/><U77/><E80/><V46/><F22/><W9/><G45/><T0/><D110/><U54/><E54/><V63/><F63/><W99/><G9/><T119/><D8/><U10/><E10/><V134/><F134/><W7/><G7/><T126/><D5/><U93/><E77/><V70/><F70/><W52/><G52/><T49/><D79/><U15/><E15/><V89/><REACH who="2" step="1"/><F37/><REACH who="2" step="2"/><W73/><G73/><AGARI ba="0,1" hai="21,24,28,44,46,59,61,67,73,76,83,84,89,95" machi="73" ten="30,7700,0" yaku="1,1,2,1,7,1,52,1,53,0" doraHai="90" doraHaiUra="96" who="2" fromWho="3" sc="520,0,197,0,121,87,152,-77" /><INIT seed="6,0,0,3,1,63" ten="520,197,208,75" oya="2" hai0="34,93,7,35,106,76,4,40,129,66,102,52,36" hai1="55,122,92,51,116,32,6,117,20,68,47,14,90" hai2="28,109,126,88,46,85,69,71,105,30,113,8,9" hai3="44,84,96,112,62,114,17,53,131,11,25,97,57"/><V135/><F105/><W133/><G133/><T118/><D118/><U60/><E122/><V24/><F135/><W127/><G131/><T12/><D129/><U89/><E32/><V59/><F113/><N who="3" m="43627" /><G127/><T75/><D106/><U38/><E89/><V3/><F126/><W81/><G44/><T111/><D111/><U18/><E6/><V39/><F109/><W103/><G103/><T134/><D102/><U119/><E38/><V125/><F125/><W23/><G11/><T50/><D134/><U58/><E68/><V123/><F123/><W67/><G53/><T48/><D52/><U42/><REACH who="1" step="1"/><E117/><REACH who="1" step="2"/><V87/><F59/><W98/><G97/><AGARI ba="0,1" hai="14,18,20,42,47,51,55,58,60,90,92,97,116,119" machi="97" ten="30,3900,0" yaku="1,1,2,1,7,1,53,0" doraHai="63" doraHaiUra="78" who="1" fromWho="3" sc="520,0,187,49,208,0,75,-39" /><INIT seed="7,0,0,1,3,84" ten="520,236,208,36" oya="3" hai0="127,74,105,118,67,13,48,49,66,83,58,100,106" hai1="43,19,15,10,69,39,124,2,133,94,99,129,56" hai2="5,30,22,11,63,0,9,32,110,115,7,91,18" hai3="34,6,112,51,98,41,79,114,97,101,1,72,4"/><W117/><G117/><T55/><D118/><U38/><E129/><V70/><F70/><W93/><G34/><T104/><D127/><U44/><E133/><V61/><F110/><W86/><G72/><T53/><D100/><U111/><E111/><V26/><F63/><W47/><G98/><T17/><D83/><U54/><E69/><V109/><F61/><W85/><G1/><T24/><D24/><U126/><E2/><N who="2" m="183" /><F109/><W132/><G132/><T68/><D74/><U60/><REACH who="1" step="1"/><E39/><REACH who="1" step="2"/><V12/><F115/><N who="3" m="44075" /><G86/><T92/><D68/><U59/><E59/><V16/><F91/><AGARI ba="0,1" hai="10,15,19,38,43,44,54,56,60,91,94,99,124,126" machi="91" ten="40,2600,0" yaku="1,1,52,1,53,0" doraHai="84" doraHaiUra="116" who="1" fromWho="2" sc="520,0,226,36,208,-26,36,0" owari="520,62,262,6,182,-22,36,-46" /></mjloggm>