<mjloggm ver="2.3"><GO type="169"/><UN n0="%E9%A3%9B%E6%9C%AB%E6%AD%A6%E5%BF%97" n1="%EF%BC%88%E2%89%A7%E2%96%BD%E2%89%A6%EF%BC%89" n2="%E7%8B%AC%E6%AD%A9" n3="%E9%9B%B7%E5%90%8C" dan="16,18,16,16" rate="2093,2254,2096,2089" sx="M,M,M,M"/><TAIKYOKU oya="0"/><INIT seed="0,0,0,0,4,13" ten="250,250,250,250" oya="0" hai0="109,59,55,135,51,6,92,123,4,21,117,34,5" hai1="28,101,103,132,25,108,57,78,134,83,97,0,3" hai2="113,82,72,102,53,52,85,31,87,88,81,69,91" hai3="62,118,27,80,96,29,24,110,106,48,35,89,30"/><T70/><D123/><U100/><E97/><V66/><F72/><W126/><G126/><T36/><D117/><U44/><E44/><V128/><F113/><W77/><G110/><T131/><D34/><U112/><E57/><V18/><F128/><W40/><G118/><T9/><D109/><U10/><E112/><V1/><F1/><W104/><G62/><T26/><D131/><U22/><E108/><V8/><F31/><W50/><G89/><T20/><D70/><U121/><E121/><V43/><F43/><W73/><G40/><T64/><D36/><U76/><E76/><V32/><F32/><W41/><G41/><T56/><D135/><N who="1" m="51755" /><E10/><V39/><F39/><W90/><G106/><T107/><D107/><U47/><E47/><V54/><F102/><W124/><G124/><T122/><D122/><U61/><E61/><V133/><F133/><W63/><G63/><N who="0" m="38015" /><D9/><U37/><E37/><V58/><F69/><W119/><G119/><T12/><D92/><U65/><E65/><V75/><F75/><AGARI ba="0,0" hai="0,3,22,25,28,75,78,83,100,101,103" m="51755" machi="75" ten="30,1000,0" yaku="20,1" doraHai="13" who="1" fromWho="2" sc="250,0,250,10,250,-10,250,0" /><INIT seed="1,0,0,0,1,125" ten="250,260,240,250" oya="1" hai0="86,31,34,84,110,18,46,21,58,44,62,15,119" hai1="49,81,115,41,120,113,59,25,39,105,10,51,52" hai2="2,65,90,128,76,30,60,78,116,26,131,12,123" hai3="20,106,82,22,79,126,40,47,83,93,24,57,103"/><U124/><E105/><V100/><F123/><W97/><G126/><T68/><D68/><U77/><E124/><V121/><F121/><W91/><G57/><T66/><D119/><U127/><E127/><V54/><F116/><W50/><G24/><T5/><D110/><U45/><E120/><V48/><F2/><W36/><G36/><T107/><D107/><U7/><E25/><V80/><F100/><W6/><G6/><T71/><D34/><U96/><E96/><V42/><F42/><W118/><G118/><T67/><D31/><U133/><E133/><V74/><F12/><W88/><G83/><T101/><D101/><U122/><E122/><V135/><F90/><W0/><G0/><T1/><D1/><U112/><E39/><V130/><F135/><W35/><G35/><T129/><D5/><U75/><REACH who="1" step="1"/><E115/><REACH who="1" ten="250,250,240,250" step="2"/><V11/><F11/><W95/><G106/><T70/><D129/><U72/><E72/><V63/><F76/><W55/><G79/><T56/><D86/><U9/><E9/><V102/><F102/><W64/><G103/><T132/><D84/><U28/><E28/><V53/><F48/><W14/><G50/><T37/><D37/><U69/><E69/><N who="2" m="42151" /><F63/><W134/><G134/><T17/><D132/><U94/><E94/><V89/><F89/><W43/><G91/><T23/><D62/><U8/><E8/><V117/><F117/><W99/><G93/><T108/><D108/><U85/><E85/><V3/><F3/><AGARI ba="0,1" hai="3,7,10,41,45,49,51,52,59,75,77,81,112,113" machi="3" ten="30,5800,0" yaku="1,1,7,1,54,1,53,0" doraHai="125" doraHaiUra="87" who="1" fromWho="2" sc="250,0,250,68,240,-58,250,0" /><INIT seed="1,1,0,4,1,26" ten="250,318,182,250" oya="1" hai0="41,73,60,113,24,106,54,15,128,22,87,33,5" hai1="89,16,90,120,77,98,118,63,9,71,28,30,74" hai2="51,97,25,80,109,68,34,64,99,2,121,21,130" hai3="95,3,76,61,72,117,4,6,67,102,47,0,111"/><U75/><E120/><V69/><F121/><W103/><G111/><T134/><D113/><U23/><E118/><V11/><F109/><W7/><G117/><T132/><D73/><U42/><E75/><V107/><F130/><W32/><G32/><T119/><D119/><U53/><E74/><V125/><F125/><W12/><G12/><T1/><D106/><U29/><E77/><V88/><F34/><W66/><G47/><T40/><D87/><U10/><E42/><V105/><F51/><W56/><G67/><T133/><D128/><U116/><E116/><V14/><F2/><W19/><G19/><T36/><D33/><U135/><E135/><V104/><F64/><W18/><G18/><T96/><D96/><U43/><E43/><V20/><F20/><W17/><G17/><T92/><D92/><N who="1" m="56599" /><E89/><V38/><F38/><W58/><G95/><T101/><D36/><U79/><E79/><V108/><F108/><W65/><G76/><T112/><D101/><N who="3" m="38409" /><G72/><T45/><D112/><U82/><E82/><V55/><F69/><W62/><G66/><T124/><D1/><N who="3" m="585" /><G65/><T57/><D124/><U129/><E129/><V27/><F68/><W81/><G81/><T70/><D70/><U131/><E71/><V127/><F127/><W44/><G44/><T84/><D84/><U83/><E83/><V50/><F80/><W93/><G93/><T46/><D41/><U115/><E131/><V122/><F122/><W39/><G39/><T126/><D126/><U31/><E115/><V35/><F107/><W52/><G58/><T48/><D45/><U13/><E31/><RYUUKYOKU ba="1,0" sc="250,-15,318,15,182,-15,250,15" hai1="9,10,13,16,23,28,29,30,53,63" hai3="4,6,7,52,56,61,62" /><INIT seed="1,2,0,0,1,112" ten="235,333,167,265" oya="1" hai0="105,35,109,79,123,16,18,63,40,4,11,76,126" hai1="5,39,24,46,89,2,102,86,106,61,52,129,74" hai2="58,34,90,57,111,60,9,97,127,135,107,104,19" hai3="114,134,20,110,83,54,36,66,33,119,124,43,22"/><U78/><E129/><V67/><F111/><W37/><G83/><T21/><D105/><U131/><E131/><V49/><F135/><W27/><G134/><T56/><D109/><U55/><E24/><V28/><F127/><W51/><G110/><T8/><D126/><U13/><E13/><V120/><F120/><W108/><G108/><T71/><D71/><U72/><E72/><V95/><F28/><W132/><G37/><T68/><D68/><U1/><E1/><V59/><F34/><W96/><G96/><T117/><D35/><U91/><E61/><V32/><F32/><W47/><G132/><T130/><D117/><U93/><E89/><V80/><F107/><W101/><G101/><T128/><D40/><N who="1" m="22815" /><E102/><V64/><F104/><W6/><G27/><N who="0" m="14759" /><D130/><U81/><E106/><V118/><F118/><W116/><G33/><T23/><D123/><U38/><E38/><V62/><F80/><W45/><G36/><T87/><D128/><U85/><E86/><V115/><F115/><W82/><G114/><T3/><D87/><U77/><E77/><N who="0" m="29769" /><D4/><U92/><E92/><V133/><F133/><W0/><G6/><T84/><D84/><U26/><E26/><V69/><F49/><W98/><G124/><T50/><D3/><U44/><E44/><V73/><F73/><W17/><G0/><T65/><D50/><U29/><E29/><V103/><F103/><W113/><G51/><T42/><D42/><U14/><E14/><AGARI ba="2,0" hai="8,11,14,18,23,56,63,65" m="29769,14759" machi="14" ten="30,2000,0" yaku="8,1,54,1" doraHai="112" who="0" fromWho="1" sc="235,26,333,-26,167,0,265,0" /><INIT seed="2,0,0,3,0,88" ten="261,307,167,265" oya="2" hai0="100,53,80,122,55,135,45,112,115,102,107,103,20" hai1="6,125,129,119,4,11,98,2,83,132,72,95,0" hai2="69,13,84,43,111,81,110,33,22,57,7,116,61" hai3="65,92,23,134,114,35,90,59,32,128,60,123,133"/><V38/><F33/><W97/><G123/><T17/><D122/><U15/><E119/><V85/><F116/><W16/><G128/><T77/><D135/><N who="3" m="51721" /><G114/><T87/><D107/><U101/><E129/><V117/><F117/><W26/><AGARI ba="0,0" hai="16,23,26,32,35,59,60,65,90,92,97" m="51721" machi="26" ten="30,4000,0" yaku="20,1,52,1,54,1" doraHai="88" who="3" fromWho="3" sc="261,-10,307,-10,167,-20,265,40" /><INIT seed="3,0,0,0,4,81" ten="251,297,147,305" oya="3" hai0="56,68,50,82,64,63,16,76,12,43,19,65,18" hai1="59,26,73,61,54,112,124,27,36,67,62,0,58" hai2="9,129,95,40,111,130,37,127,89,107,31,24,53" hai3="5,117,60,10,99,115,132,52,96,109,21,66,101"/><W106/><G117/><T133/><D133/><U44/><E112/><V87/><F107/><W75/><G132/><T92/><D92/><U78/><E0/><V20/><F127/><W90/><G75/><T86/><D68/><U71/><E124/><V7/><F53/><W46/><G115/><T113/><D113/><U55/><E73/><V8/><F111/><W30/><G109/><T125/><D125/><U134/><E78/><V2/><F40/><W84/><G99/><T6/><D65/><U45/><E134/><V15/><REACH who="2" step="1"/><F37/><REACH who="2" ten="251,297,137,305" step="2"/><W72/><G52/><T122/><D43/><N who="1" m="22631" /><E27/><V98/><F98/><W70/><G106/><T103/><D122/><U97/><E97/><V83/><F83/><W85/><G96/><T3/><D103/><U14/><E26/><V79/><F79/><W91/><G101/><T34/><D34/><U29/><E54/><V49/><F49/><W128/><G66/><T17/><D50/><U32/><E55/><V121/><F121/><W48/><G48/><T118/><D118/><U135/><E67/><V13/><F13/><W116/><G116/><T33/><D33/><U105/><E14/><V94/><F94/><W88/><G91/><T4/><D3/><U22/><E105/><V38/><F38/><W123/><G90/><T108/><D108/><U74/><E135/><V120/><F120/><W102/><G88/><T11/><AGARI ba="0,1" hai="4,6,11,12,16,17,18,19,56,63,64,76,82,86" machi="11" ten="30,7900,0" yaku="0,1,8,1,52,1,54,1" doraHai="81" who="0" fromWho="0" sc="251,89,297,-20,137,-20,305,-39" /><INIT seed="4,0,0,3,0,11" ten="340,277,117,266" oya="0" hai0="14,108,127,38,124,47,99,58,85,36,74,43,46" hai1="129,35,54,37,105,39,19,119,121,22,132,100,69" hai2="123,68,66,102,101,71,65,50,18,96,104,110,52" hai3="21,23,109,57,78,135,133,42,128,111,2,73,33"/><T5/><D74/><U31/><E69/><V26/><F123/><W34/><G42/><T44/><D99/><U118/><E121/><V126/><F110/><N who="3" m="41995" /><G57/><T75/><D75/><U67/><E67/><V59/><F126/><N who="0" m="48170" /><D108/><U15/><E100/><V63/><F101/><W125/><G125/><T90/><D58/><U134/><E105/><V16/><REACH who="2" step="1"/><F26/><REACH who="2" ten="340,277,107,266" step="2"/><W91/><G135/><T72/><D43/><U30/><E134/><V17/><F17/><W84/><G133/><T122/><D122/><U48/><E19/><V40/><F40/><W7/><G7/><T89/><D72/><U45/><E132/><V51/><F51/><W92/><G73/><T8/><D90/><U115/><E39/><V80/><F80/><AGARI ba="0,1" hai="5,8,14,36,38,44,46,47,80,85,89" m="48170" machi="80" ten="30,2900,0" yaku="18,1,52,1" doraHai="11" who="0" fromWho="2" sc="340,39,277,0,107,-29,266,0" /><INIT seed="4,1,0,4,1,126" ten="379,277,78,266" oya="0" hai0="30,35,113,93,84,64,57,11,36,82,65,27,77" hai1="0,118,50,68,6,17,74,18,7,108,72,61,66" hai2="41,12,73,20,75,135,21,129,45,43,104,38,119" hai3="130,128,2,34,133,114,8,39,78,54,79,47,127"/><T28/><D36/><U52/><E108/><V23/><F104/><W91/><G127/><T132/><D132/><U86/><E118/><V3/><F135/><W109/><G133/><T15/><D113/><U110/><E110/><V48/><F119/><W89/><G109/><T25/><D93/><U32/><E32/><V96/><F3/><W112/><G34/><T62/><D65/><U100/><E100/><V14/><F96/><W94/><G89/><T71/><D71/><U58/><E86/><V26/><F26/><N who="0" m="9738" /><D35/><U90/><E90/><V117/><F117/><W105/><G105/><T87/><D87/><U103/><E103/><V131/><F41/><N who="3" m="22975" /><G54/><T85/><D85/><U106/><E106/><V42/><F38/><W115/><G8/><T49/><D49/><U51/><E51/><V99/><F99/><N who="3" m="57823" /><G2/><T40/><D40/><N who="2" m="15402" /><F48/><W134/><G134/><T1/><D1/><U95/><E0/><V10/><F45/><W102/><G102/><T59/><D59/><U116/><E58/><V19/><F10/><W22/><G22/><T121/><D121/><U55/><E50/><V97/><F97/><W13/><G13/><N who="2" m="5225" /><F19/><AGARI ba="1,0" hai="11,15,19,28,30,57,62,64,77,82,84" m="9738" machi="19" ten="30,1500,0" yaku="8,1" doraHai="126" who="0" fromWho="2" sc="379,18,277,0,78,-18,266,0" /><INIT seed="4,2,0,0,5,15" ten="397,277,60,266" oya="0" hai0="20,58,73,75,19,102,2,118,52,69,39,98,25" hai1="123,108,13,93,116,110,70,122,127,50,71,59,45" hai2="42,34,124,8,91,120,85,125,106,115,62,61,0" hai3="36,74,84,38,17,109,64,3,16,90,47,132,6"/><T99/><D118/><U56/><E116/><V53/><F34/><W89/><G109/><N who="1" m="42090" /><E13/><V41/><F106/><W30/><G30/><T63/><D2/><U119/><E93/><V14/><F0/><W117/><G117/><T28/><D39/><U121/><E119/><V68/><F120/><W49/><G74/><T87/><D69/><N who="1" m="26123" /><E127/><N who="2" m="48715" /><F115/><W48/><G64/><T92/><D99/><U60/><E60/><N who="2" m="23147" /><F68/><W97/><G3/><T33/><D87/><U18/><E18/><N who="3" m="7274" /><G36/><T22/><D33/><U103/><E103/><V65/><F65/><W21/><G38/><T94/><D94/><U113/><E113/><V43/><F53/><AGARI ba="2,0" hai="45,50,53,56,59,121,122,123" m="26123,42090" machi="53" ten="40,2600,0" yaku="34,2" doraHai="15" who="1" fromWho="2" sc="397,0,277,32,60,-32,266,0" /><INIT seed="5,0,0,0,2,81" ten="397,309,28,266" oya="1" hai0="65,78,95,73,55,49,35,93,11,75,129,32,71" hai1="59,22,9,43,103,53,98,44,124,113,120,86,69" hai2="26,105,48,106,50,111,19,116,108,97,41,67,77" hai3="52,114,12,112,74,100,8,109,80,47,27,110,115"/><U56/><E69/><V64/><F77/><N who="3" m="44087" /><G100/><T101/><D129/><U23/><E120/><V2/><F2/><W117/><G27/><T62/><D78/><U102/><E9/><V42/><F26/><W3/><G3/><T61/><D101/><U45/><E124/><V72/><F97/><W135/><G135/><T94/><D11/><U89/><E113/><V29/><F19/><N who="3" m="8583" /><G117/><T34/><REACH who="0" step="1"/><D62/><REACH who="0" ten="387,309,28,266" step="2"/><U58/><E103/><V37/><F72/><W4/><G4/><T122/><D122/><U132/><E132/><V46/><F116/><W10/><G10/><T36/><D36/><U7/><E7/><V131/><F131/><W130/><G130/><T84/><D84/><U54/><E102/><V20/><F37/><W96/><G96/><T18/><D18/><U1/><E98/><V123/><F123/><W76/><G76/><T63/><D63/><U17/><E17/><V66/><F29/><W90/><G90/><T119/><D119/><U92/><E1/><V87/><F20/><W104/><G104/><T24/><D24/><U0/><E0/><V15/><F15/><W82/><G112/><T60/><D60/><U128/><E128/><V83/><F106/><W25/><G115/><T28/><D28/><U127/><E23/><V99/><F99/><W79/><G25/><T16/><D16/><U6/><E22/><V118/><F105/><W40/><G114/><T68/><D68/><U5/><E6/><V57/><F118/><W13/><G79/><T125/><D125/><U14/><E127/><V39/><F39/><W51/><G13/><T121/><D121/><RYUUKYOKU ba="0,1" sc="387,30,309,-10,28,-10,266,-10" hai0="32,34,35,49,55,61,65,71,73,75,93,94,95" /><INIT seed="6,1,1,2,0,120" ten="417,299,18,256" oya="2" hai0="5,72,132,127,75,46,86,40,31,114,111,110,92" hai1="41,43,44,124,19,53,91,133,84,62,13,23,81" hai2="61,65,107,130,11,63,57,102,48,51,83,115,116" hai3="12,25,2,8,122,54,15,117,7,105,101,100,39"/><V14/><F116/><W9/><G117/><T131/><D31/><U50/><E133/><V18/><F130/><W79/><G122/><T58/><D58/><N who="1" m="35151" /><E124/><V121/><F121/><W17/><G39/><T1/><D127/><U93/><E81/><V118/><F118/><W106/><G79/><T126/><D126/><U88/><E91/><V95/><F115/><W97/><G25/><T24/><D114/><U21/><E43/><V94/><F107/><W45/><G2/><T90/><D24/><U26/><E26/><V113/><F113/><W123/><G123/><T4/><D132/><U69/><E69/><V66/><F83/><W125/><G125/><T74/><D131/><U77/><E77/><V109/><F109/><W73/><G73/><T10/><REACH who="0" step="1"/><D5/><REACH who="0" ten="407,299,18,256" step="2"/><U60/><E60/><V35/><F35/><W56/><G45/><T89/><D89/><U76/><E76/><V47/><F102/><W129/><G129/><T78/><D78/><U67/><E67/><V80/><F80/><W85/><G85/><T96/><D96/><U68/><E68/><V108/><F108/><W134/><G134/><T98/><D98/><U42/><E84/><V34/><F34/><W49/><REACH who="3" step="1"/><G101/><REACH who="3" ten="407,299,18,246" step="2"/><T3/><D3/><U55/><E44/><V16/><F18/><W71/><G71/><T135/><D135/><U87/><E19/><V119/><F119/><W27/><G27/><T104/><D104/><AGARI ba="1,3" hai="7,8,9,12,15,17,49,54,56,97,100,104,105,106" machi="104" ten="30,2000,0" yaku="1,1,7,1,53,0" doraHai="120" doraHaiUra="112" who="3" fromWho="0" sc="407,-23,299,0,18,0,246,53" /><INIT seed="7,0,0,4,3,56" ten="384,299,18,299" oya="3" hai0="19,91,72,62,40,48,105,109,75,122,130,96,2" hai1="22,77,131,52,11,7,32,50,134,79,12,108,135" hai2="34,35,123,132,70,128,129,23,46,39,73,33,68" hai3="76,4,101,85,115,24,121,89,80,6,53,66,55"/><W87/><G121/><T127/><D109/><U90/><E108/><V43/><F23/><W71/><G115/><T118/><D118/><U74/><E32/><V103/><F103/><W38/><G38/><T125/><D2/><U117/><E131/><V78/><F123/><W97/><G24/><T120/><D130/><U0/><E117/><V26/><F132/><N who="1" m="50729" /><E90/><V113/><F113/><W60/><G4/><T5/><D5/><U124/><E124/><N who="0" m="47689" /><D19/><N who="1" m="10599" /><E74/><V14/><F14/><W16/><G6/><T44/><D122/><U100/><E100/><V17/><F17/><W15/><G89/><T10/><D10/><U28/><E28/><V9/><F9/><W98/><G87/><T37/><D37/><U61/><E61/><V1/><F1/><W133/><G133/><T30/><D30/><U82/><E82/><V20/><F20/><W116/><G116/><T47/><D47/><AGARI ba="0,0" hai="0,7,11,47,50,52,77,79" m="10599,50729" machi="47" ten="30,2000,0" yaku="20,1,54,1" doraHai="56" who="1" fromWho="0" sc="384,-20,299,20,18,0,299,0" owari="364,46.0,319,12.0,18,-48.0,299,-10.0" /></mjloggm>