<mjloggm ver="2.3"><GO type="41"/><UN n0="%E3%82%BD%E3%82%B1%E3%83%83%E3%83%88" n1="%EF%BC%88%E2%89%A7%E2%96%BD%E2%89%A6%EF%BC%89" n2="%6B%2D%74%61%6B%61%74%6F" n3="%E7%A5%9E%E3%81%AE%E3%83%89%E3%82%A2%E3%82%92" dan="14,13,15,13" rate="1814,2047,1957,1956" sx="M,M,M,M"/><TAIKYOKU oya="0"/><INIT seed="0,0,0,3,1,38" ten="250,250,250,250" oya="0" hai0="89,91,92,9,48,1,11,34,119,76,87,53,61" hai1="99,95,112,108,69,27,101,14,4,40,26,128,79" hai2="18,62,12,115,131,31,105,135,41,25,97,42,120" hai3="70,66,58,118,20,45,56,29,68,33,3,59,22"/><T51/><D119/><U44/><E108/><V133/><F115/><W74/><G118/><T60/><D34/><U98/><E128/><V15/><F120/><W124/><G3/><T113/><D76/><U126/><E126/><V23/><F131/><W107/><G107/><T104/><D104/><U43/><E112/><V52/><F97/><W129/><G129/><T13/><D1/><U67/><E79/><V90/><F90/><W125/><G33/><T50/><D113/><U106/><E69/><N who="3" m="26730" /><G74/><T82/><D53/><U75/><E75/><V36/><F36/><W94/><G94/><T55/><D55/><U65/><E106/><V123/><F105/><W134/><G29/><T114/><D114/><U83/><E83/><V8/><F12/><W37/><G134/><N who="2" m="51209" /><F123/><W21/><G37/><T110/><D110/><U17/><E99/><V2/><F2/><W10/><G10/><N who="0" m="3595" /><D13/><U64/><E4/><V24/><F24/><N who="1" m="9257" /><E44/><V103/><F103/><W7/><G45/><T32/><D32/><U100/><E100/><V39/><F39/><W19/><G7/><T132/><D132/><U85/><E85/><AGARI ba="0,0" hai="48,50,51,60,61,82,85,87,89,91,92" m="3595" machi="85" ten="30,1500,0" yaku="8,1" doraHai="38" who="0" fromWho="1" sc="250,15,250,-15,250,0,250,0" /><INIT seed="0,1,0,2,1,126" ten="265,235,250,250" oya="0" hai0="52,6,66,89,101,4,15,30,120,38,121,35,60" hai1="58,22,2,13,117,99,44,74,103,108,29,125,129" hai2="3,96,81,31,91,111,49,17,119,69,88,83,97" hai3="43,12,51,71,84,40,9,0,7,102,37,93,68"/><T62/><D38/><U94/><E2/><V19/><F69/><W23/><G37/><T67/><D101/><U76/><E117/><V11/><F3/><W87/><G71/><T132/><D132/><U79/><E125/><V36/><F36/><W50/><G68/><T53/><D30/><U48/><E108/><V86/><F119/><W134/><G134/><T47/><D15/><U123/><E123/><V105/><F105/><W33/><G33/><T56/><D89/><U64/><E74/><V8/><F111/><W78/><G23/><T46/><REACH who="0" step="1"/><D56/><REACH who="0" step="2"/><U77/><E13/><V75/><F31/><W85/><G0/><T65/><D65/><U27/><E76/><V116/><F116/><W72/><G78/><T34/><AGARI ba="1,1" hai="4,6,34,35,46,47,52,53,60,62,66,67,120,121" machi="34" ten="25,12000,1" yaku="1,1,0,1,22,2,54,1,53,0" doraHai="126" doraHaiUra="80" who="0" fromWho="0" sc="255,133,235,-41,250,-41,250,-41" /><INIT seed="0,2,0,1,4,17" ten="388,194,209,209" oya="0" hai0="131,121,32,18,54,50,130,27,125,107,22,119,69" hai1="45,68,63,16,30,35,48,117,106,13,43,81,6" hai2="56,115,87,78,90,70,126,99,34,120,100,44,112" hai3="92,105,55,19,96,134,132,82,79,66,93,123,75"/><T25/><D119/><U88/><E117/><V127/><F70/><W14/><G66/><T40/><D121/><U84/><E106/><N who="2" m="63775" /><F56/><W77/><G123/><T11/><D107/><U51/><E6/><V102/><F44/><W49/><G79/><T21/><D125/><N who="2" m="47626" /><F34/><W129/><G105/><T94/><D69/><U38/><E68/><V80/><F120/><W20/><G129/><N who="0" m="49163" /><D40/><U15/><E63/><V28/><F102/><W12/><G14/><N who="0" m="7519" /><D94/><U0/><E13/><V73/><F28/><W37/><G37/><T91/><D91/><U29/><E0/><V60/><F60/><W111/><G111/><T5/><D5/><U1/><E1/><V124/><N who="2" m="47634" /><V4/><DORA hai="58" /><F4/><W72/><G72/><T9/><D9/><U65/><E65/><V114/><F90/><W24/><G12/><T76/><D76/><U3/><E3/><V61/><F61/><W2/><G2/><T26/><D32/><U128/><E128/><V67/><F67/><W83/><G83/><T62/><D62/><U108/><E108/><V98/><F98/><W57/><REACH who="3" step="1"/><G93/><REACH who="3" step="2"/><T113/><D113/><U135/><E81/><V23/><F23/><N who="0" m="8714" /><D27/><U104/><E35/><V31/><F31/><W86/><G86/><AGARI ba="2,1" hai="73,78,80,86,87,112,114,115" m="47634,63775" machi="86" ten="50,6400,0" yaku="18,1,34,2" doraHai="17,58" who="2" fromWho="3" sc="388,0,194,0,209,80,199,-70" /><INIT seed="1,0,0,1,5,109" ten="388,194,289,129" oya="1" hai0="18,6,38,1,91,121,27,54,83,105,53,99,132" hai1="13,73,26,24,5,46,9,116,31,87,80,119,76" hai2="28,70,71,128,47,110,81,111,52,0,115,85,90" hai3="61,12,120,2,68,117,108,113,20,55,7,43,50"/><U39/><E87/><V135/><F0/><W112/><G2/><T107/><D121/><U10/><E10/><V40/><F28/><W3/><G120/><T33/><D38/><U123/><E123/><V82/><F135/><W8/><G43/><T122/><D132/><U88/><E88/><N who="2" m="51247" /><F128/><W89/><G108/><N who="2" m="41513" /><F90/><W44/><G117/><T101/><D1/><U51/><E39/><N who="2" m="21919" /><F82/><W96/><G68/><N who="2" m="26153" /><F52/><W130/><G130/><T58/><D53/><U63/><E63/><V45/><F45/><W94/><G61/><T125/><D6/><U134/><E134/><V48/><F48/><W126/><G126/><T67/><D125/><U56/><E56/><V131/><F131/><W104/><REACH who="3" step="1"/><G104/><REACH who="3" step="2"/><T129/><D105/><U127/><E127/><V32/><F32/><W11/><G11/><T114/><D107/><U133/><E133/><V77/><F77/><W78/><G78/><T34/><D33/><U15/><E76/><V17/><F17/><AGARI ba="0,1" hai="3,7,8,12,17,20,44,50,55,89,94,96,112,113" machi="17" ten="40,5200,0" yaku="1,1,52,2,53,0" doraHai="109" doraHaiUra="69" who="3" fromWho="2" sc="388,0,194,0,289,-52,119,62" /><INIT seed="2,0,0,4,0,60" ten="388,194,237,181" oya="2" hai0="118,132,16,127,103,39,21,3,113,64,63,95,109" hai1="9,5,105,130,82,53,46,106,116,49,0,100,28" hai2="93,91,85,71,101,77,51,98,17,99,19,79,12" hai3="120,110,81,52,1,62,74,61,65,27,23,43,89"/><V37/><F37/><W92/><G120/><T83/><D113/><U42/><E116/><V34/><F71/><W38/><G110/><T111/><D3/><U124/><E130/><V133/><F34/><W112/><G1/><T48/><D39/><U90/><E124/><V68/><F68/><W108/><G108/><N who="0" m="41547" /><D132/><U57/><E28/><V80/><F133/><W128/><G128/><T123/><D127/><U2/><E2/><V32/><F32/><W59/><G112/><T96/><D118/><U30/><E30/><V36/><F36/><W40/><G38/><T114/><D114/><U135/><E135/><V86/><F51/><W6/><G6/><T31/><D83/><U11/><E11/><V26/><F26/><W75/><G75/><T129/><D48/><U66/><E66/><V54/><F54/><W72/><G74/><T70/><D129/><U13/><E0/><V67/><F67/><W115/><G115/><T29/><D123/><U122/><E122/><V20/><F19/><N who="3" m="12799" /><G81/><T4/><D4/><U107/><E100/><V84/><REACH who="2" step="1"/><F79/><REACH who="2" step="2"/><W58/><G72/><T78/><D78/><U69/><E69/><V15/><F15/><AGARI ba="0,1" hai="15,16,21,29,31,63,64,70,95,96,103" m="41547" machi="15" ten="30,3900,0" yaku="14,1,52,1,54,1" doraHai="60" who="0" fromWho="2" sc="388,49,194,0,227,-39,181,0" /><INIT seed="3,0,0,1,0,122" ten="437,194,188,181" oya="3" hai0="102,115,27,119,6,95,55,123,62,42,99,126,45" hai1="11,46,76,73,87,134,113,56,39,133,53,35,98" hai2="125,7,2,37,124,72,5,51,94,86,10,96,13" hai3="114,30,44,135,121,68,18,129,28,34,131,14,117"/><W67/><G121/><T104/><D123/><U92/><E35/><V25/><F37/><W24/><G114/><T21/><D115/><U65/><E11/><V23/><F72/><W83/><G117/><T78/><D126/><N who="2" m="48746" /><F86/><W130/><G44/><T111/><D119/><U84/><E65/><V38/><F38/><W3/><G83/><T15/><D78/><U1/><E1/><V50/><F2/><W40/><G40/><T59/><D111/><U63/><E113/><V41/><F5/><W90/><G3/><T118/><D118/><U17/><E17/><N who="2" m="12527" /><F41/><W66/><G135/><N who="1" m="51722" /><E46/><V110/><F110/><W52/><G30/><T105/><D15/><U89/><E39/><V54/><F54/><W71/><G90/><AGARI ba="0,0" hai="7,10,13,50,51,90,94,96" m="12527,48746" machi="90" ten="30,1000,0" yaku="18,1" doraHai="122" who="2" fromWho="3" sc="437,0,194,0,188,10,181,-10" /><INIT seed="4,0,0,3,5,87" ten="437,194,198,171" oya="0" hai0="41,67,8,122,56,71,6,130,100,70,76,51,22" hai1="116,43,96,57,27,131,44,31,84,7,33,58,106" hai2="117,26,39,81,95,125,128,66,13,2,102,123,105" hai3="98,46,88,37,24,61,5,10,15,14,124,127,82"/><T97/><D122/><U111/><E116/><V118/><F66/><W77/><G24/><T47/><D130/><U64/><E111/><V78/><F39/><W16/><G61/><T62/><D76/><U112/><E131/><V69/><F26/><W126/><G37/><T36/><D22/><U129/><E129/><V73/><F69/><W90/><G46/><T55/><D100/><U11/><E112/><V119/><F13/><W85/><G98/><T121/><D121/><U109/><E109/><V42/><F42/><W63/><G63/><T86/><D97/><U40/><E84/><V19/><F19/><W132/><G132/><T38/><D86/><U68/><E68/><V1/><F128/><W120/><G120/><T93/><D93/><U133/><E133/><V49/><F123/><W17/><G5/><T29/><D29/><U104/><E64/><V3/><F49/><W9/><AGARI ba="0,0" hai="9,10,14,15,16,17,77,82,85,88,90,124,126,127" machi="9" ten="30,12000,2" yaku="0,1,9,1,18,1,52,2,54,2" doraHai="87" who="3" fromWho="3" sc="437,-60,194,-30,198,-30,171,120" /><INIT seed="5,0,0,0,4,43" ten="377,164,168,291" oya="1" hai0="60,76,119,7,46,125,73,26,75,38,62,8,130" hai1="2,80,49,39,94,31,48,81,22,11,92,109,101" hai2="35,58,117,103,57,135,30,127,12,55,129,33,67" hai3="66,6,132,88,25,50,110,40,128,1,65,41,90"/><U32/><E32/><V71/><F117/><W15/><G110/><T85/><D119/><U54/><E109/><V19/><F127/><W106/><G106/><T120/><D130/><U89/><E39/><V124/><F124/><W47/><G1/><T27/><D125/><U87/><E2/><V13/><F129/><W99/><G128/><T37/><D120/><U20/><E11/><V115/><F135/><W91/><G132/><T53/><D37/><U51/><E54/><V113/><F103/><W78/><G25/><T4/><D4/><U34/><E34/><N who="2" m="12811" /><F30/><W44/><G78/><T82/><D85/><U61/><E61/><N who="2" m="38319" /><F19/><W79/><G79/><T122/><D73/><U42/><E42/><N who="3" m="16490" /><G99/><T0/><D38/><U96/><REACH who="1" step="1"/><E31/><REACH who="1" step="2"/><V24/><F71/><W69/><G69/><T116/><D0/><U72/><E72/><V102/><F24/><W14/><G6/><T97/><D26/><U93/><E93/><V134/><F134/><W59/><G66/><T98/><D27/><U123/><E123/><V84/><F13/><N who="3" m="4619" /><G65/><T3/><D3/><U17/><E17/><V18/><F12/><W105/><G105/><T10/><D75/><U63/><E63/><V83/><F18/><W112/><G112/><T131/><D60/><U121/><E121/><V29/><F29/><W133/><G133/><T36/><D62/><U28/><E28/><V95/><F115/><W23/><G23/><AGARI ba="0,1" hai="20,22,23,48,49,51,80,81,87,89,92,94,96,101" machi="23" ten="40,3900,0" yaku="1,1,8,1,53,0" doraHai="43" doraHaiUra="126" who="1" fromWho="3" sc="377,0,154,49,168,0,291,-39" /><INIT seed="5,1,0,1,1,113" ten="377,203,168,252" oya="1" hai0="54,5,104,79,77,132,81,64,103,110,38,24,89" hai1="111,106,62,71,39,101,82,41,108,87,27,7,118" hai2="40,25,85,67,88,117,66,128,96,20,114,91,50" hai3="48,129,100,44,95,90,9,84,32,126,75,130,65"/><U125/><E7/><V58/><F128/><W49/><G32/><T115/><D110/><N who="1" m="42027" /><E125/><V70/><F117/><W47/><G75/><T120/><D132/><U17/><E118/><V23/><F114/><W53/><G126/><T119/><D120/><U78/><E39/><V94/><F70/><W36/><G36/><T42/><D38/><U102/><E41/><V51/><F23/><W131/><G65/><T112/><D42/><U97/><E102/><V59/><F59/><W0/><G100/><T30/><D64/><N who="2" m="24618" /><F58/><W46/><G53/><T45/><D5/><AGARI ba="1,0" hai="0,5,9,44,46,47,48,49,84,90,95,129,130,131" machi="5" ten="50,1600,0" yaku="19,1" doraHai="113" who="3" fromWho="0" sc="377,-19,203,0,168,0,252,19" /><INIT seed="6,0,0,2,3,56" ten="358,203,168,271" oya="2" hai0="98,45,62,31,60,68,109,82,19,32,121,104,40" hai1="111,15,21,43,35,79,81,89,126,26,133,59,36" hai2="122,107,96,76,94,106,3,95,102,50,99,78,33" hai3="47,105,16,57,118,29,73,116,53,12,130,74,65"/><V61/><F3/><W67/><G105/><T9/><D109/><U131/><E131/><V55/><F33/><W84/><G130/><T7/><D121/><U117/><E117/><V52/><F122/><W120/><G120/><T69/><D69/><U58/><E35/><V100/><F50/><W90/><G29/><T80/><D19/><U0/><E111/><V77/><REACH who="2" step="1"/><F61/><REACH who="2" step="2"/><W5/><G118/><T86/><D60/><U71/><E0/><V93/><AGARI ba="0,1" hai="52,55,76,77,78,93,94,95,96,99,100,102,106,107" machi="93" ten="30,12000,1" yaku="1,1,2,1,0,1,9,1,54,1,53,0" doraHai="56" doraHaiUra="129" who="2" fromWho="2" sc="358,-40,203,-40,158,130,271,-40" /><INIT seed="6,1,0,4,4,68" ten="318,163,288,231" oya="2" hai0="55,12,123,60,37,79,118,87,34,65,50,56,116" hai1="98,0,93,19,54,29,1,80,38,24,23,3,86" hai2="67,107,126,35,110,5,121,32,59,9,128,40,109" hai3="17,104,102,16,105,63,14,101,114,89,120,92,42"/><V76/><F121/><W33/><G120/><T58/><D34/><U112/><E112/><V46/><F107/><W71/><G33/><T43/><D79/><U64/><E64/><V75/><F126/><W28/><G28/><T27/><D87/><U57/><E38/><N who="2" m="21783" /><F128/><W21/><G114/><T10/><D123/><U134/><E134/><V111/><F67/><W62/><G71/><T49/><D27/><U99/><E29/><V97/><F97/><W82/><G42/><T103/><D103/><N who="3" m="39433" /><G82/><T94/><D94/><U13/><E24/><V22/><F22/><N who="3" m="11543" /><G104/><T36/><D12/><U25/><E25/><V106/><F59/><W2/><G2/><T26/><D10/><U127/><E127/><V45/><F45/><W77/><G77/><T95/><D95/><U39/><E39/><N who="0" m="14921" /><D26/><U135/><E135/><V53/><F53/><W131/><G131/><T96/><D96/><U130/><E130/><V117/><F106/><W100/><N who="3" m="39441" /><W113/><DORA hai="6" /><G113/><T83/><D83/><U48/><REACH who="1" step="1"/><E80/><REACH who="1" step="2"/><N who="2" m="45087" /><F117/><W47/><G105/><T8/><D116/><U122/><E122/><V90/><F90/><AGARI ba="1,1" hai="0,1,3,13,19,23,48,54,57,86,90,93,98,99" machi="90" ten="40,8000,1" yaku="1,1,25,2,53,1" doraHai="68,6" doraHaiUra="119,51" who="1" fromWho="2" sc="318,0,153,93,288,-83,231,0" /><INIT seed="7,0,0,2,1,53" ten="318,246,205,231" oya="3" hai0="133,38,13,59,40,62,104,134,114,27,124,81,111" hai1="118,69,99,90,77,130,91,30,36,4,46,23,48" hai2="109,8,103,71,101,87,41,98,96,51,89,94,56" hai3="58,2,43,39,74,18,26,47,126,125,37,16,50"/><W64/><G74/><T116/><D111/><U12/><E36/><V1/><F71/><W68/><G2/><T97/><D116/><U42/><E118/><V9/><F109/><W120/><G120/><T28/><D124/><N who="3" m="47721" /><G26/><T117/><D117/><U83/><E69/><V10/><F1/><W132/><G132/><N who="0" m="50795" /><D114/><U33/><E33/><V29/><F29/><W22/><G68/><T123/><D123/><U20/><E130/><V0/><F0/><W6/><G6/><T84/><D13/><U63/><E63/><V54/><F41/><W76/><G76/><T93/><D104/><U55/><E42/><V7/><F7/><W45/><G22/><T5/><D5/><U92/><E90/><V79/><REACH who="2" step="1"/><F79/><REACH who="2" step="2"/><W32/><G32/><T66/><D28/><U85/><E30/><V112/><F112/><W65/><G39/><T57/><D38/><U73/><E4/><V70/><F70/><W86/><G37/><T129/><D40/><U17/><E77/><V131/><F131/><W106/><G106/><T82/><D129/><U75/><E17/><V11/><N who="2" m="2560" /><DORA hai="88" /><V44/><F44/><W34/><G47/><T121/><D121/><U72/><E46/><V119/><F119/><W108/><G108/><T3/><D3/><U113/><E113/><V102/><AGARI ba="0,1" hai="51,54,56,87,89,94,96,98,101,102,103" m="2560" machi="102" ten="50,8000,1" yaku="1,1,0,1,8,1,52,2,53,0" doraHai="53,88" doraHaiUra="110,135" who="2" fromWho="2" sc="318,-20,246,-20,195,90,231,-40" /><INIT seed="8,0,0,2,4,87" ten="298,226,285,191" oya="0" hai0="75,102,93,104,37,41,24,47,135,78,15,36,4" hai1="32,129,86,122,54,14,43,113,112,130,132,125,110" hai2="121,5,62,28,133,52,94,45,124,126,72,59,51" hai3="17,76,116,19,27,101,30,127,109,48,35,1,134"/><T16/><D135/><U34/><E43/><V98/><F72/><W105/><G109/><T12/><D104/><U21/><E54/><V80/><F133/><W119/><G76/><T55/><D4/><U68/><E68/><V74/><F121/><W0/><G48/><T9/><D12/><U71/><E71/><V2/><F28/><W22/><G134/><T91/><D102/><U73/><E73/><V39/><F39/><W49/><G49/><T99/><D24/><U66/><E66/><V64/><F5/><W90/><G101/><T88/><D36/><U61/><E61/><V83/><F2/><N who="3" m="1131" /><G105/><T58/><D75/><U107/><E107/><V67/><F64/><W18/><G127/><N who="2" m="48681" /><F74/><W3/><N who="3" m="1139" /><W57/><DORA hai="128" /><G57/><T70/><D70/><U85/><E125/><V95/><F95/><W53/><G53/><T82/><D82/><U11/><E132/><V81/><F81/><W131/><G90/><AGARI ba="0,0" hai="45,51,52,59,62,67,80,83,90,94,98" m="48681" machi="90" ten="30,3900,0" yaku="18,1,52,1,54,1" doraHai="87,128" who="2" fromWho="3" sc="298,0,226,0,285,39,191,-39" owari="298,10,226,-17,324,42,152,-35" /></mjloggm>