<mjloggm ver="2.3"><GO type="41"/><UN n0="%E3%81%8B%E3%81%9A%E3%81%BF" n1="%69%63%65%62%6F%78" n2="%6B%75%6B%65%6B%65%6B%65" n3="%EF%BC%88%E2%89%A7%E2%96%BD%E2%89%A6%EF%BC%89" dan="14,15,13,15" rate="1910,1967,1878,1994" sx="F,M,M,M"/><TAIKYOKU oya="0"/><INIT seed="0,0,0,1,2,91" ten="250,250,250,250" oya="0" hai0="61,70,67,16,36,45,25,121,23,35,90,41,88" hai1="7,26,135,117,18,89,76,42,37,71,3,28,93" hai2="77,59,57,19,108,120,122,1,92,43,11,63,14" hai3="79,40,102,115,124,0,101,64,87,94,30,105,69"/><T128/><D121/><U29/><E117/><V68/><F68/><W27/><G115/><T24/><D128/><U96/><E71/><V53/><F108/><W10/><G124/><T86/><D35/><U49/><E37/><V97/><F1/><W129/><G129/><T48/><D86/><U78/><E135/><V55/><F77/><W65/><G105/><T119/><D119/><U22/><E3/><V13/><F13/><W103/><G40/><T80/><D80/><U39/><E39/><V51/><REACH who="2" step="1"/><F43/><REACH who="2" ten="250,250,240,250" step="2"/><W62/><G69/><T32/><D36/><U4/><E78/><V83/><F83/><W21/><G0/><T15/><REACH who="0" step="1"/><D32/><REACH who="0" ten="240,250,240,250" step="2"/><U60/><E76/><V9/><F9/><W73/><G10/><T17/><D17/><U31/><E18/><V123/><F123/><W47/><G79/><T133/><D133/><U114/><E114/><V130/><F130/><W12/><G73/><T127/><D127/><U126/><E126/><V113/><F113/><W74/><G74/><T132/><D132/><U38/><E31/><V20/><F20/><W2/><G21/><T81/><D81/><U111/><E29/><V50/><F50/><W5/><G30/><T110/><D110/><U125/><E125/><V109/><F109/><W107/><G5/><T44/><D44/><U33/><E111/><V131/><F131/><W99/><G47/><T34/><D34/><U118/><E118/><V85/><F85/><W104/><G87/><T116/><D116/><U8/><E33/><V98/><F98/><W46/><G99/><T66/><D66/><U95/><E96/><RYUUKYOKU ba="0,2" sc="240,15,250,-15,240,15,250,-15" hai0="15,16,23,24,25,41,45,48,61,67,70,88,90" hai2="11,14,19,51,53,55,57,59,63,92,97,120,122" /><INIT seed="0,1,2,2,3,57" ten="255,235,255,235" oya="0" hai0="42,108,44,101,110,35,30,70,23,32,119,1,37" hai1="106,102,69,96,131,82,132,27,52,85,92,84,62" hai2="41,14,118,64,45,24,43,116,16,111,77,95,81" hai3="28,128,67,114,104,36,53,58,8,121,123,76,49"/><T72/><D119/><N who="2" m="45610" /><F95/><W66/><G114/><T65/><D72/><U0/><E0/><V107/><F107/><W38/><G104/><T21/><D101/><U40/><E40/><V88/><F24/><W98/><G128/><T134/><D1/><U105/><E131/><V61/><F45/><W13/><G98/><T29/><D134/><U124/><E132/><V56/><F111/><N who="0" m="42538" /><D70/><U9/><E124/><V3/><F3/><W100/><G100/><T6/><D65/><N who="3" m="24585" /><G28/><N who="0" m="10859" /><D6/><U99/><E69/><V51/><F51/><W18/><G76/><T63/><D63/><U2/><E106/><V39/><F39/><W127/><G127/><T129/><D129/><U71/><E71/><V55/><F64/><W130/><G130/><T17/><D21/><U60/><E2/><V34/><F34/><W122/><AGARI ba="1,2" hai="8,13,18,36,38,49,53,58,121,122,123" m="24585" machi="122" ten="40,1500,0" yaku="13,1" doraHai="57" who="3" fromWho="3" sc="255,-8,235,-5,255,-5,235,38" /><INIT seed="1,0,0,2,4,86" ten="247,230,250,273" oya="1" hai0="101,5,82,34,112,93,43,50,32,83,36,77,135" hai1="10,37,84,47,49,109,13,42,51,57,88,59,14" hai2="92,74,87,41,33,130,115,90,80,121,123,29,105" hai3="119,12,21,106,26,127,97,120,102,129,58,100,91"/><U75/><E75/><V25/><F105/><W18/><G120/><T23/><D112/><U19/><E109/><V38/><F115/><W45/><G119/><T76/><D135/><U48/><REACH who="1" step="1"/><E14/><REACH who="1" ten="247,220,250,273" step="2"/><V0/><F123/><W16/><G127/><T46/><D36/><U68/><E68/><V128/><F121/><W61/><G129/><T67/><D34/><U9/><E9/><V133/><F128/><W62/><G102/><T73/><D32/><U114/><E114/><V24/><F130/><W40/><G58/><T15/><D101/><U95/><AGARI ba="0,1" hai="10,13,19,37,42,47,48,49,51,57,59,84,88,95" machi="95" ten="30,11700,0" yaku="1,1,0,1,52,1,54,1,53,0" doraHai="86" doraHaiUra="116" who="1" fromWho="1" sc="247,-39,220,127,250,-39,273,-39" /><INIT seed="1,1,0,0,2,61" ten="208,347,211,234" oya="1" hai0="19,128,74,31,67,46,93,32,5,24,28,23,10" hai1="68,75,111,8,107,94,100,71,59,113,110,4,117" hai2="16,26,120,102,125,29,57,115,104,25,118,14,83" hai3="11,34,69,45,12,96,91,90,82,86,98,129,85"/><U3/><E117/><V50/><F118/><W124/><G124/><T92/><D74/><U87/><E113/><V53/><F120/><W27/><G129/><T60/><D128/><U133/><E75/><V22/><F125/><W130/><G130/><T47/><D28/><U123/><E123/><V77/><F115/><W41/><G69/><T42/><D46/><U135/><E59/><V39/><F39/><W13/><G27/><T88/><D92/><U36/><E36/><V70/><F70/><W114/><G34/><T33/><D5/><U55/><E55/><V109/><F109/><N who="1" m="41481" /><E87/><V95/><F104/><W64/><G114/><T17/><D10/><U20/><E94/><V30/><F26/><W101/><G101/><T121/><D121/><U73/><E73/><V18/><F95/><W99/><G64/><T15/><D47/><U58/><E58/><V97/><F97/><W131/><G131/><T63/><D42/><U84/><E84/><N who="2" m="48239" /><F102/><W37/><REACH who="3" step="1"/><G11/><AGARI ba="1,0" hai="11,14,16,18,22,25,29,30,50,53,57" m="48239" machi="11" ten="30,2000,0" yaku="8,1,54,1" doraHai="61" who="2" fromWho="3" sc="208,0,347,0,211,23,234,-23" /><INIT seed="2,0,0,3,1,16" ten="208,347,234,211" oya="2" hai0="64,63,4,124,96,98,91,28,23,30,41,45,33" hai1="76,83,87,48,18,73,81,105,129,36,39,109,19" hai2="10,88,85,77,25,74,70,130,115,97,51,132,114" hai3="21,134,15,27,31,95,113,117,5,3,9,75,61"/><V89/><F70/><W40/><G117/><T93/><D124/><U125/><E125/><V112/><F74/><W102/><G75/><T1/><D33/><U66/><E105/><V32/><F77/><W2/><G113/><T44/><D1/><U99/><E99/><V106/><F130/><W86/><G134/><T11/><D98/><U100/><E100/><V84/><F132/><W107/><G107/><T108/><D108/><U62/><E109/><V90/><F10/><W128/><G128/><T82/><D82/><U54/><E39/><V116/><F116/><W59/><G40/><T0/><D41/><U50/><E36/><V121/><F121/><W26/><G26/><T37/><D37/><U92/><E92/><V49/><F51/><W119/><G119/><T101/><D30/><U57/><E129/><V126/><F126/><W72/><G72/><T68/><REACH who="0" step="1"/><D101/><REACH who="0" ten="198,347,234,211" step="2"/><U12/><E83/><V110/><F110/><W133/><G133/><T71/><D71/><U6/><E73/><V34/><F34/><W80/><G102/><T24/><AGARI ba="0,1" hai="0,4,11,23,24,28,44,45,63,64,68,91,93,96" machi="24" ten="30,4000,0" yaku="1,1,0,1,52,1,53,0" doraHai="16" doraHaiUra="122" who="0" fromWho="0" sc="198,50,347,-10,234,-20,211,-10" /><INIT seed="3,0,0,5,4,88" ten="248,337,214,201" oya="3" hai0="27,130,61,107,56,74,40,81,94,132,86,42,66" hai1="12,35,71,23,79,38,90,11,7,110,104,52,126" hai2="83,39,97,116,135,54,51,72,9,30,131,134,36" hai3="63,22,100,80,101,37,103,47,84,92,91,59,82"/><W78/><G22/><T133/><D130/><U70/><E38/><V69/><F116/><W73/><G37/><T123/><D107/><U14/><E104/><V99/><F69/><W5/><G5/><T46/><D123/><U115/><E35/><V28/><F83/><N who="3" m="45519" /><G59/><T108/><D108/><U8/><E115/><V50/><F9/><W95/><G63/><T45/><D27/><U4/><E110/><V49/><F72/><W64/><G47/><T3/><D3/><U26/><E79/><V127/><F51/><W41/><G41/><T96/><D74/><U17/><E126/><V121/><F127/><W112/><G64/><T16/><D133/><U6/><E6/><V62/><F62/><W19/><G19/><T122/><D132/><U87/><REACH who="1" step="1"/><E52/><REACH who="1" ten="248,327,214,201" step="2"/><V2/><F54/><W60/><G60/><T68/><D122/><U57/><E57/><V105/><F105/><W21/><G112/><T0/><D68/><U120/><E120/><V102/><F121/><W75/><G21/><T24/><D0/><U129/><E129/><V32/><F131/><W117/><G117/><T43/><D40/><U20/><E20/><V10/><F2/><W58/><G58/><T18/><D43/><U119/><E119/><V13/><F32/><W89/><G75/><T25/><D42/><U128/><E128/><V124/><F124/><W125/><G125/><T67/><D66/><U76/><E76/><V44/><F135/><W48/><G48/><T114/><D114/><U77/><E77/><V98/><F49/><W111/><G111/><T118/><D118/><U109/><E109/><RYUUKYOKU ba="0,1" sc="248,-15,327,15,214,-15,201,15" hai1="4,7,8,11,12,14,17,23,26,70,71,87,90" hai3="80,82,84,89,91,92,95,100,101,103" /><INIT seed="3,1,1,4,3,20" ten="233,342,199,216" oya="3" hai0="64,135,38,1,12,18,37,96,109,122,19,59,63" hai1="117,43,88,127,21,130,27,131,36,58,24,67,98" hai2="89,66,68,102,134,56,129,8,6,42,125,4,65" hai3="33,52,72,17,85,126,71,118,69,40,120,75,82"/><W46/><G120/><T23/><D122/><U51/><E117/><V11/><F102/><W55/><G118/><T81/><D109/><U103/><E36/><V70/><F56/><W121/><G33/><T50/><D1/><U84/><E127/><V108/><F42/><W94/><G121/><T54/><D135/><U26/><E43/><V128/><F89/><W86/><G126/><T99/><D81/><N who="1" m="49167" /><E67/><V53/><F53/><W123/><G123/><T57/><D38/><U110/><E110/><V2/><F125/><W113/><G113/><T31/><D37/><U132/><E132/><V29/><F108/><W28/><G40/><T104/><D104/><N who="1" m="63607" /><E58/><V87/><F29/><W115/><G115/><T114/><D114/><U95/><E51/><V61/><F134/><W80/><G94/><T107/><D107/><U100/><E100/><V9/><F87/><W7/><G28/><T77/><D77/><U15/><E95/><V35/><F35/><W101/><G101/><T116/><D116/><U112/><E112/><V90/><F90/><W97/><G7/><T14/><D31/><N who="1" m="17807" /><E15/><V91/><F91/><W79/><G79/><T62/><D63/><U73/><E73/><V133/><F133/><W45/><REACH who="3" step="1"/><G17/><REACH who="3" ten="233,342,199,206" step="2"/><T0/><REACH who="0" step="1"/><D0/><REACH who="0" ten="223,342,199,206" step="2"/><U111/><E111/><V105/><F105/><W13/><G13/><T3/><D3/><U22/><E22/><AGARI ba="1,3" hai="12,14,18,19,22,23,50,54,57,59,62,64,96,99" machi="22" ten="30,7700,0" yaku="1,1,7,1,9,1,8,1,53,0" doraHai="20" doraHaiUra="124" who="0" fromWho="1" sc="223,110,342,-80,199,0,206,0" /><INIT seed="4,0,0,5,0,121" ten="333,262,199,206" oya="0" hai0="126,105,12,46,122,29,37,15,96,80,43,93,106" hai1="116,55,119,53,82,18,109,79,40,102,47,132,22" hai2="23,30,21,134,42,68,90,41,94,81,27,57,120" hai3="31,99,112,58,74,62,125,52,95,63,111,32,4"/><T67/><D122/><U92/><E132/><V118/><F120/><W16/><G74/><T17/><D126/><U34/><E34/><V87/><F68/><W129/><G125/><T59/><D80/><U131/><E131/><V48/><F134/><W54/><G111/><T3/><D3/><U51/><E109/><V2/><F2/><W49/><G129/><T69/><D69/><U127/><E127/><V0/><F0/><W108/><G108/><T44/><D44/><U107/><E107/><V89/><F118/><W100/><G112/><T123/><D123/><U10/><E10/><V85/><F21/><W104/><G4/><T114/><D15/><U75/><E119/><V25/><F25/><W24/><G104/><T60/><D29/><U36/><E116/><V56/><F48/><W14/><REACH who="3" step="1"/><G54/><REACH who="3" ten="333,262,199,196" step="2"/><T91/><REACH who="0" step="1"/><D114/><REACH who="0" ten="323,262,199,196" step="2"/><U64/><E75/><V86/><F42/><W130/><G130/><T61/><D61/><U66/><E40/><V7/><F41/><W38/><G38/><T128/><D128/><U101/><E36/><V84/><F81/><W9/><AGARI ba="0,2" hai="9,14,16,24,31,32,49,52,58,62,63,95,99,100" machi="9" ten="20,12000,2" yaku="1,1,0,1,7,1,54,2,53,1" doraHai="121" doraHaiUra="8" who="3" fromWho="3" sc="323,-60,262,-30,199,-30,196,140" /><INIT seed="5,0,0,4,4,17" ten="263,232,169,336" oya="1" hai0="91,134,81,55,113,43,39,90,13,101,15,4,32" hai1="104,97,135,116,50,52,1,22,9,56,41,121,131" hai2="63,57,58,33,125,119,24,100,76,38,25,87,130" hai3="128,84,89,11,115,72,73,51,117,93,95,62,70"/><U36/><E121/><V122/><F38/><W29/><G117/><T83/><D134/><U67/><E116/><V10/><F33/><W124/><G115/><T75/><D113/><U126/><E135/><V44/><F100/><W26/><G128/><T40/><D32/><U46/><E131/><V123/><F63/><W96/><G124/><T110/><D110/><U54/><E126/><V109/><F76/><W49/><G11/><T61/><D75/><U66/><E104/><V7/><F10/><W107/><G107/><T35/><D35/><U2/><E97/><V111/><F44/><W8/><G8/><T27/><D101/><U114/><E114/><V16/><F7/><W77/><G70/><T98/><D27/><U53/><E22/><V68/><F87/><W118/><G118/><T82/><D98/><U34/><E34/><V88/><F119/><W23/><G62/><T129/><D39/><U5/><REACH who="1" step="1"/><E2/><REACH who="1" ten="263,222,169,336" step="2"/><V28/><F125/><W65/><G96/><T14/><D129/><U20/><E20/><V69/><F130/><W103/><G23/><T108/><D108/><U112/><E112/><V132/><F132/><W94/><G29/><T127/><D127/><U102/><E102/><V64/><F28/><W21/><G103/><T106/><D106/><U30/><E30/><V78/><F123/><W74/><G21/><T59/><D4/><U48/><E48/><V19/><F122/><W6/><G51/><T79/><D79/><U45/><E45/><V42/><F78/><W99/><G77/><T86/><D86/><U0/><E0/><V31/><F111/><RYUUKYOKU ba="0,1" sc="263,15,222,15,169,-15,336,-15" hai0="13,14,15,40,43,55,59,61,81,82,83,90,91" hai1="1,5,9,36,41,46,50,52,53,54,56,66,67" /><INIT seed="5,1,1,4,4,85" ten="278,237,154,321" oya="1" hai0="133,77,114,91,41,115,38,82,19,37,131,118,9" hai1="59,80,129,1,89,76,27,21,55,73,40,117,111" hai2="8,23,102,123,109,52,93,6,48,99,22,10,25" hai3="43,68,78,66,42,61,45,32,12,3,130,5,33"/><U100/><E117/><V98/><F109/><W35/><G130/><T26/><D118/><U135/><E1/><V97/><F123/><W62/><G3/><T64/><D133/><U108/><E129/><V7/><F99/><W121/><G121/><T70/><D131/><U90/><E100/><V29/><F22/><W2/><G2/><T116/><D116/><U125/><E40/><V34/><F34/><W94/><G78/><T58/><D70/><U127/><E135/><V72/><F72/><W120/><G120/><T31/><D77/><U84/><E73/><V54/><F8/><W28/><G28/><T105/><D41/><U86/><E86/><V112/><F112/><N who="0" m="43050" /><D105/><U39/><E39/><N who="0" m="14857" /><D9/><U134/><E134/><V11/><F10/><W13/><G42/><T95/><D19/><N who="1" m="12735" /><E55/><V79/><F79/><W119/><G119/><T128/><D82/><U50/><E50/><V65/><F48/><W14/><G61/><N who="0" m="37943" /><D128/><U63/><E63/><V20/><F7/><W132/><G132/><T101/><D101/><U46/><E59/><V103/><F6/><W53/><G5/><T81/><D81/><U51/><E51/><V126/><F103/><W36/><G94/><T49/><D49/><U92/><E46/><V16/><F102/><W44/><G44/><T57/><D57/><U69/><E69/><V4/><F4/><W0/><G0/><T110/><D110/><N who="1" m="42027" /><E76/><V122/><F122/><W113/><G113/><T30/><D26/><U56/><E56/><V17/><F25/><W71/><G71/><T104/><D104/><U106/><E106/><V75/><F75/><RYUUKYOKU ba="1,1" sc="278,10,237,10,154,-30,321,10" hai0="30,31,91,95" hai1="80,84,89,90,92,125,127" hai3="12,13,14,32,33,35,36,43,45,53,62,66,68" /><INIT seed="5,2,1,5,3,27" ten="288,247,124,331" oya="1" hai0="111,94,87,4,125,30,1,123,110,21,16,50,48" hai1="56,101,26,93,3,83,62,13,31,37,109,35,74" hai2="120,67,107,40,100,96,20,19,46,117,65,105,114" hai3="25,85,86,131,24,70,89,42,106,134,39,0,97"/><U5/><E37/><V2/><F117/><W10/><G70/><T113/><D123/><U17/><E109/><V69/><F120/><W92/><G134/><T54/><D113/><U72/><E101/><V127/><F69/><W7/><G131/><T9/><D125/><U132/><E93/><V88/><F2/><W43/><G43/><T73/><D73/><U14/><E132/><V53/><F107/><W11/><G11/><T44/><D50/><U79/><E74/><V28/><F53/><W81/><G106/><T84/><D94/><U119/><E119/><V32/><F127/><W59/><G85/><T82/><D87/><U61/><E17/><V41/><F41/><W45/><REACH who="3" step="1"/><G59/><REACH who="3" ten="288,247,124,321" step="2"/><T126/><D126/><U38/><E56/><V99/><F114/><W78/><AGARI ba="2,2" hai="0,7,10,24,25,39,42,45,78,81,86,89,92,97" machi="78" ten="20,5200,0" yaku="1,1,2,1,0,1,7,1,53,0" doraHai="27" doraHaiUra="47" who="3" fromWho="3" sc="288,-15,247,-28,124,-15,321,78" /><INIT seed="6,0,0,1,1,30" ten="273,219,109,399" oya="2" hai0="128,19,90,135,98,44,133,115,88,60,21,129,27" hai1="38,91,114,125,131,29,109,56,8,84,45,13,93" hai2="80,6,28,55,35,25,69,66,52,11,48,92,1" hai3="47,7,111,64,2,32,82,97,61,94,122,100,120"/><V68/><F66/><W103/><G111/><T130/><D44/><U74/><E109/><V31/><F31/><W73/><G32/><T40/><D115/><U126/><E114/><V42/><F42/><W81/><G103/><T58/><D40/><U85/><E74/><V0/><F0/><W116/><G116/><T83/><D83/><U118/><E118/><V79/><F92/><W108/><G108/><T104/><D104/><U124/><E56/><V86/><REACH who="2" step="1"/><F55/><REACH who="2" ten="273,219,99,399" step="2"/><W75/><G120/><T16/><D98/><N who="1" m="57663" /><E29/><V57/><AGARI ba="0,1" hai="1,6,11,25,28,35,48,52,57,68,69,79,80,86" machi="57" ten="20,18000,2" yaku="1,1,0,1,7,1,52,1,54,1,53,1" doraHai="30" doraHaiUra="50" who="2" fromWho="2" sc="273,-60,219,-60,99,190,399,-60" /><INIT seed="6,1,0,4,2,68" ten="213,159,289,339" oya="2" hai0="108,24,90,95,70,93,36,9,3,42,78,118,132" hai1="17,133,91,52,84,44,31,112,16,114,34,76,92" hai2="13,101,18,25,96,134,126,61,125,22,86,49,89" hai3="99,60,20,19,77,124,87,111,37,127,103,116,113"/><V85/><F134/><W33/><G116/><T74/><D118/><U81/><E133/><V72/><F72/><W4/><G111/><T8/><D108/><U109/><E109/><V35/><F35/><W66/><G33/><T15/><D132/><U129/><E129/><V58/><F49/><W2/><G113/><T117/><D70/><U59/><E44/><V79/><F79/><W48/><G37/><T105/><D117/><U98/><E31/><V28/><F89/><W106/><G48/><T55/><D105/><U7/><E7/><V43/><F43/><W10/><G87/><T45/><D3/><U82/><E34/><V64/><F18/><W135/><G77/><T130/><D130/><U88/><E114/><V46/><F46/><W119/><G119/><T80/><D24/><U54/><E112/><V104/><REACH who="2" step="1"/><F13/><REACH who="2" ten="213,159,279,339" step="2"/><W67/><G135/><T94/><D15/><U75/><REACH who="1" step="1"/><E54/><REACH who="1" ten="213,149,279,339" step="2"/><V14/><F14/><W63/><G2/><T53/><REACH who="0" step="1"/><D90/><REACH who="0" ten="203,149,279,339" step="2"/><U102/><E102/><V21/><F21/><W65/><G20/><T51/><D51/><AGARI ba="1,3" hai="16,17,51,52,59,75,76,81,82,84,88,91,92,98" machi="51" ten="30,12000,2" yaku="1,1,7,1,54,3,53,2" doraHai="68" doraHaiUra="12" who="1" fromWho="0" sc="203,-123,149,153,279,0,339,0" /><INIT seed="7,0,0,4,0,135" ten="80,302,279,339" oya="3" hai0="61,128,54,111,47,74,60,33,106,88,101,64,21" hai1="62,76,93,40,124,71,130,58,31,25,86,92,30" hai2="32,125,26,46,134,119,127,6,1,85,20,39,118" hai3="49,44,45,83,70,113,41,0,50,69,37,121,82"/><W80/><G121/><T34/><D111/><U29/><E40/><N who="2" m="22815" /><F85/><W59/><G113/><T95/><D128/><U23/><E130/><V103/><F103/><W48/><G0/><T9/><D74/><U10/><E10/><N who="2" m="2383" /><F134/><W38/><G59/><T28/><D106/><U13/><E71/><N who="3" m="27146" /><G41/><T14/><D101/><U16/><E124/><N who="2" m="47691" /><F32/><W35/><G35/><T91/><D33/><U27/><E76/><V5/><F5/><W123/><G123/><T98/><D34/><U8/><E86/><V90/><F90/><W78/><G78/><T57/><D47/><AGARI ba="0,0" hai="37,38,44,45,47,48,49,50,80,82,83" m="27146" machi="47" ten="40,3900,0" yaku="28,2" doraHai="135" who="3" fromWho="0" sc="80,-39,302,0,279,0,339,39" owari="41,-46.0,302,10.0,279,-12.0,378,48.0" /></mjloggm>