<mjloggm ver="2.3"><GO type="9"/><UN n0="%EF%BC%88%E2%89%A7%E2%96%BD%E2%89%A6%EF%BC%89" n1="%6E%61%2D%63%68%61%6E" n2="%E7%B4%AB%E8%8B%91%E3%80%82" n3="%E3%83%92%E3%83%9D%E3%83%9D%E3%82%BF%E3%83%9E%E3%82%B9" dan="8,9,7,11" rate="1791,1792,1623,1699" sx="M,M,M,M"/><TAIKYOKU oya="0"/><INIT seed="0,0,0,2,5,54" ten="250,250,250,250" oya="0" hai0="1,83,39,101,115,12,129,27,21,125,123,74,9" hai1="69,93,92,18,90,57,85,86,75,71,2,19,128" hai2="52,38,108,55,116,29,131,70,26,133,117,111,91" hai3="36,109,53,25,64,132,97,99,114,45,50,96,122"/><T78/><D123/><U135/><E2/><V28/><F70/><W88/><G114/><T51/><D115/><U68/><E75/><V15/><F133/><W104/><G122/><T17/><D39/><U34/><E34/><V49/><F131/><W130/><G132/><T40/><D129/><U105/><E105/><V79/><F38/><W76/><G130/><T37/><D125/><U16/><E135/><V32/><F29/><W30/><G76/><T62/><D101/><U118/><E128/><V60/><F79/><W110/><G36/><T106/><D106/><U56/><E118/><N who="2" m="45675" /><F15/><W42/><G64/><T127/><D127/><U80/><REACH who="1" step="1"/><E93/><REACH who="1" step="2"/><V61/><F91/><AGARI ba="0,1" hai="16,18,19,56,57,68,69,71,80,85,86,90,91,92" machi="91" ten="50,8000,1" yaku="1,1,2,1,52,2,54,1,53,0" doraHai="54" doraHaiUra="10" who="1" fromWho="2" sc="250,0,240,90,250,-80,250,0" /><INIT seed="1,0,0,3,0,27" ten="250,330,170,250" oya="1" hai0="123,112,16,82,49,81,56,118,116,127,70,97,9" hai1="126,104,41,91,124,32,43,0,105,120,30,44,24" hai2="133,31,5,115,46,57,122,52,26,121,85,92,132" hai3="96,50,66,109,53,76,17,86,106,110,22,58,6"/><U77/><E120/><V83/><F115/><W129/><G129/><T84/><D70/><U114/><E0/><V13/><F122/><W117/><G117/><T101/><D123/><U134/><E114/><V8/><F121/><W37/><G37/><T80/><D112/><U36/><E43/><V79/><F92/><W135/><G135/><T63/><D127/><N who="1" m="48683" /><E134/><V67/><F132/><W21/><G6/><T51/><D84/><U34/><E34/><V74/><F133/><W42/><G106/><T10/><D118/><U95/><E77/><V18/><F46/><N who="3" m="25943" /><G96/><AGARI ba="0,0" hai="24,30,32,36,41,44,91,95,96,104,105" m="48683" machi="96" ten="30,2900,0" yaku="18,1,52,1" doraHai="27" who="1" fromWho="3" sc="250,0,330,29,170,0,250,-29" /><INIT seed="1,1,0,2,3,60" ten="250,359,170,221" oya="1" hai0="119,105,77,94,86,71,24,56,22,33,59,82,38" hai1="112,123,100,85,74,41,43,135,57,51,129,118,98" hai2="78,126,124,26,29,132,122,87,36,19,5,69,55" hai3="27,23,12,61,1,58,66,52,128,44,102,35,134"/><U28/><E74/><V93/><F122/><W103/><G1/><T68/><D119/><U53/><E118/><V120/><F120/><W63/><G128/><T17/><D105/><U114/><E123/><V109/><F109/><W40/><G134/><T9/><D38/><U30/><E129/><V96/><F132/><W25/><G35/><T64/><D33/><U20/><E135/><V95/><F69/><W0/><G0/><T76/><D77/><U81/><E28/><V111/><F36/><W54/><G12/><N who="0" m="7311" /><D71/><U89/><E30/><V75/><F75/><W46/><G46/><T10/><D10/><U104/><E20/><V83/><F111/><W3/><G3/><T106/><D106/><U47/><REACH who="1" step="1"/><E43/><REACH who="1" step="2"/><V101/><F5/><W62/><G23/><T90/><D68/><U32/><E32/><V130/><F130/><W97/><G25/><T21/><D24/><U45/><E45/><V11/><F11/><W72/><G27/><T125/><D125/><N who="2" m="48234" /><F19/><W113/><G72/><T6/><D21/><U49/><AGARI ba="1,1" hai="41,47,49,51,53,57,81,85,89,98,100,104,112,114" machi="49" ten="20,12000,1" yaku="1,1,0,1,7,1,53,2" doraHai="60" doraHaiUra="110" who="1" fromWho="1" sc="250,-41,349,133,170,-41,221,-41" /><INIT seed="1,2,0,2,4,55" ten="209,482,129,180" oya="1" hai0="124,14,83,82,44,28,72,90,81,58,125,63,13" hai1="127,6,33,11,16,35,36,75,9,53,66,78,29" hai2="4,7,97,131,19,3,79,23,107,47,87,89,26" hai3="62,93,84,39,60,135,21,64,111,119,54,99,43"/><U80/><E36/><V130/><F3/><W108/><G119/><T15/><D72/><U31/><E66/><V128/><F107/><W32/><G32/><T71/><D71/><U59/><E127/><V18/><F97/><W2/><G2/><T98/><D28/><U22/><E9/><V41/><F79/><W68/><G84/><T86/><D44/><U38/><E38/><V88/><F89/><W56/><G21/><T52/><REACH who="0" step="1"/><D98/><REACH who="0" step="2"/><U49/><E31/><V30/><F4/><W57/><G99/><T8/><D8/><U76/><E29/><V85/><F7/><W45/><G93/><AGARI ba="2,1" hai="13,14,15,52,58,63,81,82,83,86,90,93,124,125" machi="93" ten="40,5200,0" yaku="1,1,52,1,54,1,53,0" doraHai="55" doraHaiUra="103" who="0" fromWho="3" sc="199,68,482,0,129,0,180,-58" /><INIT seed="2,0,0,0,4,22" ten="267,482,129,122" oya="2" hai0="85,57,59,112,109,40,35,5,46,114,2,90,69" hai1="102,128,37,101,104,130,47,113,68,73,108,94,111" hai2="125,54,106,14,55,53,93,116,126,48,127,124,76" hai3="3,131,122,121,15,1,123,51,115,84,100,75,70"/><V32/><N who="2" m="32256" /><DORA hai="45" /><V7/><F32/><W0/><G115/><T50/><D69/><U74/><E68/><V78/><F116/><W10/><G70/><T82/><D109/><N who="1" m="42059" /><E37/><V107/><F93/><W41/><G131/><N who="1" m="50218" /><E47/><V20/><F7/><W12/><G100/><N who="1" m="38506" /><E104/><N who="2" m="39979" /><F14/><W67/><G67/><T9/><REACH who="0" step="1"/><D35/><REACH who="0" step="2"/><U120/><E113/><AGARI ba="0,1" hai="2,5,9,40,46,50,57,59,82,85,90,112,113,114" machi="113" ten="40,5200,0" yaku="1,1,2,1,52,1,53,0" doraHai="22,45" doraHaiUra="71,118" who="0" fromWho="1" sc="257,62,482,-52,129,0,122,0" /><INIT seed="3,0,0,0,3,48" ten="319,430,129,122" oya="3" hai0="130,98,121,103,34,102,90,28,46,128,132,72,54" hai1="15,25,50,58,0,21,93,88,42,91,76,77,111" hai2="52,24,64,79,8,99,11,37,120,38,85,18,43" hai3="55,29,27,124,65,108,12,100,115,116,97,109,63"/><W118/><G115/><T89/><D72/><U62/><E0/><V101/><F120/><W44/><G12/><T131/><D121/><U69/><E69/><V6/><F38/><W135/><G97/><T41/><D132/><U134/><E111/><N who="3" m="42570" /><G100/><N who="0" m="38443" /><D98/><U20/><E42/><V117/><F117/><N who="3" m="45163" /><G135/><T122/><D122/><U87/><E134/><V83/><F37/><W26/><G29/><T94/><D94/><U106/><E106/><V16/><F43/><W105/><G105/><T75/><D75/><U33/><E33/><V112/><F112/><W51/><G124/><T74/><D74/><U82/><E50/><V23/><F64/><W73/><G73/><T36/><D54/><N who="1" m="34135" /><E21/><V9/><F6/><W81/><G81/><T57/><D57/><AGARI ba="0,0" hai="26,27,44,51,55,57,63,65" m="45163,42570" machi="57" ten="30,5800,0" yaku="14,1,10,1,52,1" doraHai="48" who="3" fromWho="0" sc="319,-58,430,0,129,0,122,58" /><INIT seed="3,1,0,4,2,119" ten="261,430,129,180" oya="3" hai0="80,104,58,51,77,106,2,97,16,44,78,37,73" hai1="86,46,99,132,57,28,123,122,135,66,47,68,130" hai2="0,15,1,101,7,25,109,8,38,98,111,114,95" hai3="108,49,67,18,69,76,90,126,134,41,42,94,26"/><W93/><G69/><T9/><D78/><U30/><E68/><V89/><F114/><W5/><G67/><T29/><D29/><U50/><E99/><V75/><F38/><W45/><G5/><T127/><D127/><U85/><E66/><V33/><F75/><W13/><G126/><T81/><D37/><U24/><E57/><V103/><F33/><W110/><G76/><T115/><D115/><U23/><E130/><V48/><F48/><W70/><G70/><T116/><D116/><U3/><E3/><V117/><F117/><W59/><G26/><T4/><D80/><U131/><E131/><V129/><F129/><W112/><G112/><T107/><D58/><U22/><E50/><V87/><F25/><AGARI ba="1,0" hai="22,23,24,25,28,30,46,47,85,86,122,123,132,135" machi="25" ten="25,6400,0" yaku="22,2,52,2" doraHai="119" who="1" fromWho="2" sc="261,0,430,67,129,-67,180,0" /><INIT seed="4,0,0,3,4,124" ten="261,497,62,180" oya="0" hai0="48,64,75,84,111,133,135,33,1,20,16,76,0" hai1="72,83,21,99,92,81,96,82,29,52,103,65,49" hai2="125,110,93,123,113,119,17,78,69,59,9,112,86" hai3="88,129,10,38,18,107,90,85,58,15,66,127,128"/><T60/><D75/><U24/><E65/><V23/><F123/><W117/><G38/><T12/><D33/><U122/><E72/><V67/><F110/><W26/><G117/><T120/><D120/><U61/><E61/><V47/><F119/><W40/><G40/><T121/><D121/><U13/><E122/><V37/><F125/><W105/><G127/><T28/><D28/><U63/><E63/><V50/><F69/><W101/><G66/><T39/><D39/><U25/><E13/><V131/><F37/><W4/><G58/><N who="0" m="36887" /><D111/><U73/><E99/><V22/><F9/><W3/><G26/><T95/><D48/><U94/><E94/><V62/><F131/><N who="3" m="50251" /><G101/><T87/><D76/><U43/><E43/><V106/><F106/><N who="3" m="40459" /><G85/><N who="0" m="32843" /><D135/><U42/><E42/><V45/><F45/><W35/><G35/><T80/><D133/><U30/><E73/><V71/><F22/><AGARI ba="0,0" hai="3,4,10,15,18,22,88,90" m="40459,50251" machi="22" ten="30,8000,1" yaku="19,1,52,3,54,1" doraHai="124" who="3" fromWho="2" sc="261,0,497,0,62,-80,180,80" owari="261,6,497,60,-18,-52,260,-14" /></mjloggm>