<mjloggm ver="2.3"><GO type="41" lobby="0"/><UN n0="%E3%82%A6%E3%83%AB%E3%83%88%E3%83%A9%E7%AB%8B%E7%9B%B4" n1="%E3%82%AA%E3%83%AA%E3%82%A8%E3%83%B3%E3%83%88%47%4D%54" n2="%E3%82%AC%E3%82%A4%E3%83%B3%E3%81%8F%E3%82%93" n3="%E7%9F%B3%E7%82%AD%E5%B0%8F%E5%83%A7" dan="16,14,13,15" rate="2025.64,1880.87,1871.30,2025.33" sx="M,M,M,M"/><TAIKYOKU oya="0"/><INIT seed="0,0,0,4,3,9" ten="250,250,250,250" oya="0" hai0="97,13,23,17,107,3,1,25,55,58,83,59,26" hai1="68,62,11,80,91,134,50,98,44,18,64,111,106" hai2="88,116,10,54,114,4,37,56,31,16,79,81,39" hai3="47,49,104,57,105,73,36,118,2,93,12,69,40"/><T15/><D3/><U51/><E111/><V129/><F114/><W45/><G2/><T71/><D1/><U34/><E34/><V8/><F37/><W38/><G73/><T125/><D71/><U28/><E28/><V131/><F39/><W117/><G69/><T100/><D125/><U108/><E108/><V96/><F116/><W115/><G115/><T32/><D32/><U84/><E134/><V20/><F31/><W124/><G124/><T19/><D83/><U0/><E0/><V65/><F65/><W86/><G57/><T72/><D72/><U128/><E128/><N who="2" m="49227" /><F4/><W21/><G117/><T110/><D110/><U94/><E106/><V14/><F96/><W6/><G118/><T130/><D130/><U77/><REACH who="1" step="1"/><E44/><REACH who="1" ten="250,240,250,250" step="2"/><V43/><F43/><N who="3" m="24767" /><G105/><T102/><D97/><U70/><E70/><V109/><F109/><W78/><G104/><T101/><D107/><U42/><E42/><V89/><F79/><W120/><G120/><T24/><REACH who="0" step="1"/><D55/><REACH who="0" ten="240,240,250,250" step="2"/><U46/><E46/><V95/><F81/><W92/><G47/><T90/><D90/><N who="2" m="34922" /><F95/><W30/><G93/><T22/><AGARI ba="0,2" hai="13,15,17,19,22,23,24,25,26,58,59,100,101,102" machi="22" ten="30,18000,2" yaku="1,1,0,1,9,1,8,1,52,2,53,0" doraHai="9" doraHaiUra="41" who="0" fromWho="0" sc="240,200,240,-60,250,-60,250,-60" /><INIT seed="0,1,0,4,3,63" ten="440,180,190,190" oya="0" hai0="41,94,60,89,24,62,85,48,19,129,32,122,31" hai1="2,119,66,57,16,98,124,43,111,130,18,102,117" hai2="106,14,103,76,8,67,81,11,6,22,23,4,38" hai3="26,126,97,55,87,84,33,77,83,91,109,30,82"/><T90/><D122/><U100/><E2/><V80/><F38/><W45/><G126/><T34/><D34/><U132/><E43/><V101/><F106/><W133/><G133/><T7/><D129/><U115/><E130/><V128/><F128/><W134/><G134/><T21/><D7/><U68/><E132/><V108/><F108/><W75/><G109/><T93/><D48/><U73/><E111/><V61/><F103/><W17/><G17/><T12/><REACH who="0" step="1"/><D41/><REACH who="0" ten="430,180,190,190" step="2"/><U72/><E124/><V13/><F101/><W104/><G104/><T118/><D118/><U29/><E102/><V107/><F107/><W46/><G55/><T74/><D74/><U36/><E73/><V125/><F125/><W0/><G75/><T49/><D49/><U27/><E72/><V113/><F113/><W116/><G116/><T50/><D50/><U95/><E115/><V64/><F61/><W28/><G0/><T35/><D35/><U114/><E114/><V39/><F39/><W5/><G5/><T112/><D112/><U96/><E36/><V52/><F76/><W25/><G97/><AGARI ba="1,1" hai="12,19,21,24,31,32,60,62,85,89,90,93,94,97" machi="97" ten="30,2900,0" yaku="1,1,7,1,53,0" doraHai="63" doraHaiUra="123" who="0" fromWho="3" sc="430,42,180,0,190,0,190,-32" /><INIT seed="0,2,0,5,0,119" ten="472,180,190,158" oya="0" hai0="6,63,122,35,19,2,121,116,114,123,85,14,23" hai1="104,17,59,86,128,134,24,110,77,45,93,129,53" hai2="55,95,101,98,78,13,29,21,52,82,112,97,118" hai3="40,80,27,41,120,68,113,135,62,100,15,46,57"/><T131/><D116/><U133/><E104/><V111/><F118/><W69/><G113/><T81/><D35/><U28/><E45/><V8/><F112/><W0/><G0/><T91/><D114/><U1/><E1/><V108/><F98/><W115/><G115/><T5/><D2/><U66/><E66/><V88/><F29/><W132/><G100/><T30/><D30/><U76/><E17/><V127/><F127/><W25/><G80/><T92/><D131/><N who="1" m="50251" /><E110/><N who="2" m="42027" /><F21/><W83/><G83/><T125/><D125/><U90/><E77/><V84/><F101/><W43/><G15/><T39/><D39/><U36/><E76/><V74/><F74/><W51/><G25/><T67/><REACH who="0" step="1"/><D81/><REACH who="0" ten="462,180,190,158" step="2"/><U117/><E117/><V18/><AGARI ba="2,1" hai="8,13,18,52,55,78,82,84,88,95,97" m="42027" machi="18" ten="30,4000,0" yaku="14,1,54,2" doraHai="119" who="2" fromWho="2" sc="462,-22,180,-12,190,56,158,-12" /><INIT seed="1,0,0,4,4,42" ten="440,168,246,146" oya="1" hai0="62,58,101,95,83,130,100,66,71,31,113,38,55" hai1="28,27,82,46,59,32,16,124,107,54,25,96,80" hai2="1,6,87,60,127,110,72,76,102,3,112,34,81" hai3="67,7,18,125,11,24,57,122,17,52,77,118,94"/><U135/><E135/><V40/><F34/><W85/><G122/><T49/><D113/><U134/><E134/><V4/><F112/><W99/><G118/><T22/><D38/><U48/><E124/><V36/><F127/><W109/><G125/><T123/><D123/><U103/><REACH who="1" step="1"/><E59/><REACH who="1" ten="440,158,246,146" step="2"/><V19/><F110/><W97/><G109/><T98/><D130/><U132/><E132/><V131/><F131/><W43/><G67/><T121/><D121/><U78/><E78/><V9/><F76/><W29/><G77/><T2/><D71/><U8/><E8/><V23/><F9/><W91/><G43/><T35/><D58/><U128/><E128/><V104/><F40/><W26/><G11/><T117/><D117/><U108/><E108/><V5/><F3/><W133/><G133/><T88/><D2/><U114/><E114/><V63/><F1/><W111/><G111/><T84/><D66/><U33/><E33/><V41/><F41/><W44/><G57/><T93/><D35/><U10/><E10/><V129/><F129/><W37/><G7/><T51/><D55/><U14/><E14/><V12/><F36/><W92/><G37/><T79/><D79/><U86/><E86/><V20/><F72/><W68/><G85/><T64/><D64/><U105/><E105/><V56/><F56/><W126/><G126/><T74/><D74/><U61/><E61/><V106/><F106/><W0/><G0/><T119/><D62/><U116/><E116/><V70/><F70/><W53/><G68/><T120/><D119/><U73/><E73/><V115/><F115/><RYUUKYOKU ba="0,1" sc="440,-10,158,30,246,-10,146,-10" hai1="16,25,27,28,32,46,48,54,80,82,96,103,107" /><INIT seed="1,1,1,0,3,39" ten="430,188,236,136" oya="1" hai0="24,54,119,65,28,125,9,30,5,53,10,60,1" hai1="40,63,31,120,59,110,7,94,15,12,73,0,3" hai2="33,19,96,85,20,83,32,8,81,70,86,34,122" hai3="121,27,89,13,42,2,132,55,74,98,128,67,80"/><U75/><E120/><V91/><F70/><W18/><G2/><T79/><D119/><U116/><E116/><V84/><F122/><W114/><G114/><T62/><D125/><U61/><E31/><V108/><F108/><W87/><G121/><T6/><D79/><U38/><E38/><V52/><F8/><W103/><G128/><T99/><D99/><U104/><E94/><V4/><F4/><W124/><G124/><T41/><D41/><U48/><E7/><V107/><F107/><W22/><G132/><T23/><D30/><U77/><E77/><V130/><F130/><W109/><G109/><T101/><D101/><U127/><E127/><V134/><F134/><W29/><G74/><T36/><D36/><U115/><E110/><V135/><F135/><W106/><G67/><T49/><D49/><U82/><E48/><V14/><F52/><W112/><G112/><T58/><D62/><U35/><E115/><V123/><F123/><W100/><G100/><T117/><D117/><U118/><E118/><V11/><F11/><W45/><G55/><T76/><REACH who="0" step="1"/><D76/><REACH who="0" ten="420,188,236,136" step="2"/><U111/><E111/><V69/><REACH who="2" step="1"/><F69/><REACH who="2" ten="420,188,226,136" step="2"/><W51/><REACH who="3" step="1"/><G29/><REACH who="3" ten="420,188,226,126" step="2"/><T43/><D43/><U133/><E40/><V56/><F56/><W66/><G66/><T113/><D113/><U71/><E59/><V16/><F16/><W17/><G17/><T26/><D26/><AGARI ba="1,4" hai="13,18,22,26,27,42,45,51,80,87,89,98,103,106" machi="26" ten="40,5200,0" yaku="1,1,52,1,53,1" doraHai="39" doraHaiUra="44" who="3" fromWho="0" sc="420,-55,188,0,226,0,126,95" /><INIT seed="2,0,0,2,0,123" ten="365,188,226,221" oya="2" hai0="71,97,14,72,46,31,76,93,41,33,121,96,64" hai1="49,35,118,74,2,15,99,82,114,77,111,52,133" hai2="90,101,54,1,25,124,78,48,12,3,105,89,18" hai3="61,122,38,103,126,51,23,100,127,134,135,85,30"/><V86/><F124/><N who="3" m="47659" /><G122/><T20/><D121/><U69/><E69/><V116/><F116/><W58/><G38/><T22/><D33/><U75/><E118/><V8/><F105/><W16/><G30/><T27/><D71/><U37/><E37/><V73/><F73/><W5/><G5/><T44/><D64/><U128/><E35/><V19/><F101/><W42/><G85/><T83/><D97/><U36/><E36/><V94/><F1/><W7/><G7/><T10/><D41/><U29/><E29/><V66/><F3/><W13/><G51/><T81/><D20/><U80/><E2/><V125/><F125/><W28/><G28/><T4/><D81/><U112/><E99/><V56/><F78/><W57/><G42/><T115/><D115/><U107/><E107/><V9/><F90/><AGARI ba="0,0" hai="4,10,14,22,27,31,44,46,72,76,83,90,93,96" machi="90" ten="30,1000,0" yaku="7,1" doraHai="123" who="0" fromWho="2" sc="365,10,188,0,226,-10,221,0" /><INIT seed="3,0,0,1,0,62" ten="375,188,216,221" oya="3" hai0="24,51,74,42,114,53,129,33,56,91,111,22,3" hai1="94,66,57,61,16,101,52,132,78,6,98,31,72" hai2="35,12,32,106,17,84,63,37,46,86,67,13,73" hai3="14,26,88,36,39,49,83,122,28,126,113,120,107"/><W41/><G113/><T90/><D33/><U44/><E132/><V133/><F106/><W82/><G107/><T23/><D74/><U80/><E6/><V119/><F73/><W15/><G126/><T96/><D3/><U104/><E104/><V121/><F12/><W10/><G49/><T21/><D111/><U76/><E76/><V18/><F119/><W102/><G102/><T116/><D116/><U118/><E118/><V97/><F133/><W48/><G48/><T71/><D71/><U110/><E110/><V59/><F121/><W68/><G68/><T79/><D79/><U55/><E31/><V108/><F108/><W123/><G41/><T130/><D114/><U92/><E44/><V100/><F18/><W2/><G2/><T58/><D42/><U5/><E94/><V70/><F70/><W47/><G47/><T99/><D56/><U4/><REACH who="1" step="1"/><E16/><REACH who="1" ten="375,178,216,221" step="2"/><V20/><F46/><W69/><G120/><T125/><D24/><U127/><E127/><V135/><F37/><W1/><G122/><T50/><D125/><U19/><E19/><V7/><F135/><W60/><G123/><T0/><D0/><U134/><E134/><V25/><F7/><W64/><G1/><T43/><D43/><U87/><E87/><N who="2" m="33323" /><F13/><W54/><G15/><T95/><D95/><U29/><E29/><V45/><F45/><W103/><G39/><T34/><D99/><U81/><E81/><V30/><F30/><W85/><G82/><T105/><D96/><U117/><E117/><V93/><F17/><N who="3" m="8407" /><G36/><T115/><D105/><U40/><E40/><V27/><F25/><RYUUKYOKU ba="0,1" sc="375,-15,178,15,216,15,221,-15" hai1="4,5,52,55,57,61,66,72,78,80,92,98,101" hai2="20,27,32,35,59,63,67,93,97,100" /><INIT seed="4,1,1,0,2,133" ten="360,193,231,206" oya="0" hai0="106,54,37,27,20,124,62,51,135,120,79,81,68" hai1="22,24,114,130,94,125,49,110,95,56,13,100,119" hai2="87,18,90,78,104,116,47,6,105,44,63,35,112" hai3="97,42,101,73,9,58,122,8,70,86,132,12,34"/><T21/><D21/><U52/><BYE who="0" /><E119/><V113/><F116/><W93/><G132/><T26/><D26/><U92/><E110/><UN n0="%E3%82%A6%E3%83%AB%E3%83%88%E3%83%A9%E7%AB%8B%E7%9B%B4" /><V91/><F35/><W80/><G122/><T65/><D106/><N who="2" m="41066" /><F6/><W89/><G70/><T4/><D120/><U127/><E13/><V134/><F18/><W85/><G73/><T59/><D135/><U72/><E72/><V57/><F134/><W14/><G34/><T39/><D4/><U103/><E130/><V82/><F44/><W1/><G1/><T32/><D32/><U45/><E45/><V128/><F47/><W76/><G42/><T7/><D7/><U98/><E98/><V15/><F15/><N who="3" m="5675" /><G58/><T2/><D2/><U30/><REACH who="1" step="1"/><E114/><REACH who="1" ten="360,183,231,206" step="2"/><N who="2" m="44139" /><F128/><W131/><G131/><T3/><D3/><U99/><E99/><V88/><F57/><W23/><G23/><T16/><D39/><U5/><E5/><V38/><F38/><W117/><G117/><T126/><REACH who="0" step="1"/><D37/><REACH who="0" ten="350,183,231,206" step="2"/><U25/><E25/><V75/><F63/><W77/><G8/><T129/><D129/><U43/><E43/><V109/><F109/><W0/><G9/><T17/><D17/><U111/><E111/><V19/><F19/><W61/><G0/><T11/><D11/><U118/><E118/><V71/><F71/><W10/><G10/><T28/><D28/><U48/><E48/><V121/><F121/><W33/><G33/><T115/><D115/><U60/><E60/><V96/><F96/><W31/><G61/><T66/><D66/><U53/><E53/><V55/><F55/><W69/><G69/><T67/><D67/><U74/><E74/><AGARI ba="1,3" hai="74,75,78,82,87,88,90,91" m="44139,41066" machi="74" ten="40,8000,1" yaku="6,1,15,1,34,2,54,1" doraHai="133" who="2" fromWho="1" sc="350,0,183,-83,231,113,206,0" /><AGARI ba="1,0" hai="16,20,27,51,54,59,62,65,68,74,79,81,124,126" machi="74" ten="40,18000,2" yaku="1,1,6,1,52,2,54,1,53,1" doraHai="133" doraHaiUra="64" who="0" fromWho="1" sc="350,180,100,-180,344,0,206,0" owari="530,63.0,-80,-58.0,344,14.0,206,-19.0" /></mjloggm>