<mjloggm ver="2.3"><GO type="41"/><UN n0="%E7%A7%8B%E5%BA%AD%E8%A3%A1%E9%A6%99" n1="%E3%82%A6%E3%83%AB%E3%83%88%E3%83%A9%E7%AB%8B%E7%9B%B4" n2="%EF%BC%8A%EF%BC%8A%EF%BC%8A%EF%BC%8A%EF%BC%8A%EF%BC%8A%EF%BC%8A%EF%BC%8A" n3="%E3%82%BF%E3%82%B3%E7%84%BC%E3%81%8D" dan="13,15,15,13" rate="1848,1963,2053,1805" sx="F,M,M,M"/><TAIKYOKU oya="0"/><INIT seed="0,0,0,1,4,43" ten="250,250,250,250" oya="0" hai0="41,69,55,50,71,89,84,76,124,128,127,51,88" hai1="6,30,75,101,49,3,132,103,129,34,33,46,63" hai2="70,97,122,95,59,37,82,80,121,104,68,24,74" hai3="28,53,20,48,109,40,73,62,26,91,111,56,7"/><T11/><D128/><U134/><E75/><V0/><F0/><W106/><G73/><T79/><D41/><U72/><E72/><V29/><F104/><W93/><G106/><T107/><D107/><U5/><E63/><V18/><F37/><W86/><G7/><N who="1" m="2570" /><E30/><V45/><F18/><W130/><G130/><T9/><D55/><U52/><E3/><V38/><F59/><W32/><G32/><N who="1" m="12394" /><E129/><V67/><F67/><W116/><G116/><T66/><D66/><U65/><E65/><V77/><F82/><W1/><G1/><T17/><D84/><U123/><E123/><V131/><F131/><W64/><REACH who="3" step="1"/><G40/><REACH who="3" ten="250,250,250,240" step="2"/><T19/><AGARI ba="0,1" hai="9,11,17,19,50,51,69,71,76,79,88,89,124,127" machi="19" ten="25,9600,0" yaku="0,1,22,2,54,1" doraHai="43" who="0" fromWho="0" sc="250,106,250,-32,250,-32,240,-32" /><INIT seed="0,1,0,3,5,33" ten="356,218,218,208" oya="0" hai0="10,112,26,61,36,64,74,35,1,117,95,100,43" hai1="23,99,129,52,38,60,12,14,130,86,131,85,55" hai2="20,41,69,45,3,124,59,30,116,102,121,51,57" hai3="91,15,87,5,122,42,106,73,9,66,40,8,77"/><T96/><D112/><U72/><E72/><V58/><F121/><W98/><G122/><T71/><D117/><U16/><E38/><V31/><F69/><W6/><G66/><T82/><D43/><U101/><E14/><V123/><F123/><W103/><G77/><T109/><D36/><U125/><E125/><V94/><F124/><W7/><G73/><T80/><D74/><U11/><E23/><V75/><F75/><W111/><G111/><T133/><D133/><U44/><E55/><V27/><F3/><W4/><REACH who="3" step="1"/><G9/><REACH who="3" ten="356,218,218,198" step="2"/><T128/><D109/><U19/><E130/><V65/><F65/><W2/><G2/><T13/><D1/><U34/><E129/><V79/><F79/><W28/><G28/><T115/><D128/><U48/><E131/><V49/><F30/><W37/><G37/><T70/><D71/><U90/><E34/><V24/><F116/><W93/><AGARI ba="1,1" hai="4,5,6,7,8,15,40,42,87,91,93,98,103,106" machi="93" ten="30,2000,0" yaku="1,1,0,1,53,0" doraHai="33" doraHaiUra="18" who="3" fromWho="3" sc="356,-11,218,-6,218,-6,198,33" /><INIT seed="1,0,0,1,0,21" ten="345,212,212,231" oya="1" hai0="91,2,45,114,60,122,65,108,101,72,123,69,43" hai1="90,34,62,19,93,76,35,116,0,12,106,58,113" hai2="46,48,110,115,96,120,49,37,53,133,129,40,61" hai3="63,118,134,88,71,104,87,67,11,111,44,3,97"/><U29/><E106/><V8/><F120/><N who="0" m="46122" /><D114/><U57/><E116/><V7/><F110/><W70/><G111/><T23/><D108/><U124/><E0/><V41/><F115/><W132/><G44/><T81/><D2/><U50/><E113/><V89/><F129/><W16/><G118/><T77/><D101/><U31/><E124/><V92/><F133/><N who="3" m="51307" /><G3/><T51/><D91/><U32/><E76/><V130/><F130/><W80/><G104/><T47/><D47/><U22/><E50/><V66/><F37/><W68/><G97/><T85/><D23/><U103/><E103/><V94/><F94/><W127/><G127/><T74/><AGARI ba="0,0" hai="43,45,51,60,65,69,72,74,77,81,85" m="46122" machi="74" ten="30,1100,0" yaku="13,1" doraHai="21" who="0" fromWho="0" sc="345,11,212,-5,212,-3,231,-3" /><INIT seed="2,0,0,3,2,92" ten="356,207,209,228" oya="2" hai0="8,78,28,5,66,94,104,27,41,15,47,71,48" hai1="4,70,21,39,83,117,2,32,65,115,122,54,81" hai2="29,110,18,98,127,116,17,3,128,62,64,111,126" hai3="79,74,9,35,120,42,121,108,131,130,133,10,82"/><V22/><F116/><W60/><G35/><T73/><D104/><U97/><E83/><V24/><F3/><W0/><G60/><T112/><D112/><U68/><E117/><V53/><F53/><W125/><G42/><T43/><D78/><U72/><E21/><V89/><F128/><N who="3" m="49195" /><G108/><N who="2" m="41513" /><F89/><W86/><G74/><T106/><D73/><U84/><E54/><V87/><F87/><W36/><G36/><T134/><D106/><U45/><E84/><V19/><F98/><W34/><G34/><T76/><D76/><U88/><E65/><V13/><F62/><W50/><G50/><T6/><D66/><U113/><E32/><N who="2" m="20519" /><F64/><W61/><G61/><T118/><D71/><U55/><E55/><V23/><F18/><W75/><G0/><T49/><D118/><U96/><E70/><V7/><F7/><W40/><G40/><T119/><D119/><U1/><E68/><V56/><F56/><W33/><G33/><T91/><D5/><U31/><E1/><V77/><F77/><W80/><G80/><T100/><D41/><N who="1" m="22719" /><E113/><V135/><F135/><W124/><G133/><T101/><D134/><U14/><E115/><V129/><F129/><W11/><G75/><T85/><D49/><U99/><E72/><V52/><F52/><W57/><G57/><T37/><D37/><U109/><E2/><V103/><F103/><W20/><G20/><AGARI ba="0,0" hai="6,8,15,20,27,28,43,47,48,85,91,94,100,101" machi="20" ten="30,2000,0" yaku="7,1,8,1" doraHai="92" who="0" fromWho="3" sc="356,20,207,0,209,0,228,-20" /><INIT seed="3,0,0,5,4,120" ten="376,207,209,208" oya="3" hai0="35,73,128,113,64,101,84,68,44,20,71,29,88" hai1="87,97,54,5,103,130,25,118,72,121,6,27,76" hai2="26,0,52,13,82,24,105,69,1,22,111,115,110" hai3="80,33,107,89,43,94,60,125,77,91,102,28,41"/><W10/><G125/><T134/><D73/><U99/><E121/><V11/><F105/><W95/><G10/><T40/><D113/><U126/><E72/><V83/><F69/><W34/><G60/><T74/><D74/><U114/><E114/><V100/><F100/><W14/><G14/><T123/><D123/><U108/><E126/><V117/><F115/><W93/><G28/><T31/><D35/><N who="3" m="13321" /><G77/><T42/><D101/><U47/><E103/><V67/><F67/><W78/><G78/><T18/><D134/><U45/><E76/><V85/><F117/><W65/><G107/><T15/><D128/><U124/><E124/><V48/><F0/><W131/><G102/><T36/><D42/><N who="3" m="15881" /><G65/><T112/><D112/><U116/><E130/><V122/><F1/><W59/><G59/><T127/><D127/><U75/><E75/><V16/><F122/><W3/><G131/><T51/><D36/><U9/><E9/><V32/><F32/><W135/><G3/><T70/><D64/><U66/><E66/><V53/><F53/><W63/><G63/><T12/><D15/><U17/><E54/><V19/><F24/><W106/><G106/><T104/><D104/><U57/><E57/><V129/><F129/><W4/><G4/><T90/><D31/><U132/><E116/><V30/><F30/><W2/><G2/><T8/><D29/><U21/><E5/><V49/><F48/><W50/><G50/><T133/><D51/><U96/><E6/><V46/><F83/><W37/><G37/><T56/><D56/><U39/><E118/><V55/><F55/><RYUUKYOKU ba="0,0" sc="376,-10,207,-10,209,30,208,-10" hai2="11,13,16,19,22,26,46,49,52,82,85,110,111" /><INIT seed="4,1,0,0,5,42" ten="366,197,239,198" oya="0" hai0="55,53,121,66,12,29,87,67,25,40,100,126,48" hai1="3,58,30,8,24,60,57,104,123,7,39,49,101" hai2="45,103,59,52,130,109,92,81,62,64,76,27,11" hai3="91,124,19,9,95,46,5,119,99,133,106,22,2"/><T35/><D121/><U6/><E39/><V16/><F109/><W110/><G119/><T84/><D40/><U74/><E74/><V56/><F130/><W115/><G110/><T131/><D131/><U20/><E123/><V63/><F103/><W50/><G115/><T93/><D126/><U31/><E7/><V112/><F112/><W10/><G133/><T13/><D84/><U69/><E69/><V89/><F81/><W21/><G124/><T108/><D108/><U83/><E83/><V33/><F76/><W107/><G10/><T51/><D67/><U117/><E117/><V120/><F120/><W72/><G72/><T111/><D66/><U85/><E85/><V86/><F33/><W28/><G28/><T47/><D111/><U125/><E125/><V73/><F73/><W4/><G5/><T114/><D114/><U129/><E129/><V43/><F11/><W41/><G22/><T78/><D100/><U82/><E82/><V75/><F75/><W113/><G113/><T105/><D105/><U65/><E31/><V135/><F135/><W68/><G68/><T116/><D116/><U79/><E79/><V14/><F27/><AGARI ba="1,0" hai="2,4,9,19,21,27,41,46,50,91,95,99,106,107" machi="27" ten="30,2000,0" yaku="7,1,52,1" doraHai="42" who="3" fromWho="2" sc="366,0,197,0,239,-23,198,23" /><INIT seed="5,0,0,1,3,126" ten="366,197,216,221" oya="1" hai0="51,112,109,36,99,46,93,74,64,81,22,7,76" hai1="100,73,50,77,0,121,97,94,108,82,131,38,13" hai2="2,4,16,119,84,53,90,72,92,67,114,87,122" hai3="70,12,105,54,135,62,71,79,48,102,15,29,101"/><U59/><E38/><V133/><F119/><W34/><G79/><T130/><D109/><U37/><E37/><V98/><F122/><W103/><G135/><T61/><D36/><U23/><E0/><V44/><F72/><W24/><G105/><T30/><D7/><U107/><E121/><V89/><F133/><W21/><G62/><T83/><D112/><U63/><E108/><V33/><F67/><W115/><G115/><T17/><D30/><U45/><E23/><V10/><F33/><W86/><G86/><T26/><D76/><U14/><E14/><V47/><F114/><W127/><G127/><T65/><D130/><U35/><E13/><V80/><F53/><W123/><G123/><T25/><D26/><U60/><E35/><V40/><F40/><W32/><G32/><T8/><D74/><U129/><E107/><V95/><REACH who="2" step="1"/><F16/><REACH who="2" ten="366,197,206,221" step="2"/><W91/><G34/><T118/><D65/><U69/><E69/><V11/><F11/><W113/><G113/><T132/><D8/><U39/><E39/><V5/><F5/><W116/><G116/><T20/><D118/><U75/><E75/><V31/><F31/><W96/><G71/><T128/><D132/><U19/><E19/><V78/><AGARI ba="0,1" hai="2,4,10,44,47,78,80,84,87,89,90,92,95,98" machi="78" ten="20,8000,1" yaku="1,1,0,1,7,1,53,2" doraHai="126" doraHaiUra="85" who="2" fromWho="2" sc="366,-20,197,-40,206,90,221,-20" /><INIT seed="6,0,0,5,4,91" ten="346,157,296,201" oya="2" hai0="41,61,132,52,53,116,93,111,57,15,50,62,14" hai1="33,35,96,46,85,13,70,98,94,129,134,105,20" hai2="83,78,100,84,125,131,51,97,19,71,34,28,133" hai3="40,59,66,25,21,26,37,126,117,32,104,92,69"/><V120/><F120/><W108/><G108/><T130/><D111/><U9/><E70/><V106/><F71/><W60/><G117/><T38/><D116/><U30/><E105/><V3/><F3/><W24/><G126/><T89/><D130/><U29/><E129/><V54/><F131/><W114/><G104/><T113/><D113/><U102/><E134/><V87/><F133/><W75/><G75/><T49/><D38/><U103/><E85/><V107/><F125/><W64/><G32/><T88/><D132/><U109/><E109/><V128/><F128/><W65/><G114/><T122/><D122/><U73/><E73/><V10/><F28/><W67/><G69/><T79/><D79/><U90/><E30/><V118/><F34/><W124/><G124/><T95/><D57/><U56/><E33/><V80/><F118/><W11/><G11/><T121/><D121/><U48/><E35/><V7/><F19/><W17/><G40/><AGARI ba="0,0" hai="14,15,40,41,49,50,52,53,61,62,88,89,93,95" machi="40" ten="25,12000,2" yaku="22,2,8,1,52,2,54,2" doraHai="91" who="0" fromWho="3" sc="346,120,157,0,296,0,201,-120" /><INIT seed="7,0,0,1,4,74" ten="466,157,296,81" oya="3" hai0="31,24,27,85,73,103,41,43,122,97,131,1,120" hai1="118,35,75,50,78,72,80,0,36,54,55,130,17" hai2="112,18,34,117,100,25,19,95,96,11,128,53,8" hai3="45,81,84,127,90,135,20,2,64,91,63,125,67"/><W99/><G2/><T129/><D73/><U28/><E28/><V14/><F117/><W37/><G135/><T115/><D1/><U47/><E35/><V60/><F128/><W92/><G20/><T44/><D85/><U133/><E130/><N who="0" m="49673" /><D115/><U119/><E133/><V82/><F112/><W94/><G81/><T48/><D43/><U110/><E110/><V56/><F34/><W57/><REACH who="3" step="1"/><G67/><REACH who="3" ten="466,157,296,71" step="2"/><T116/><D116/><U114/><E114/><V107/><F82/><W121/><G121/><T65/><D65/><U6/><E119/><V134/><F134/><W108/><G108/><T102/><D122/><U77/><E118/><V66/><F66/><W30/><G30/><T89/><D31/><U3/><E3/><V29/><F29/><W58/><G58/><T9/><D120/><U7/><E0/><V32/><F32/><W70/><G70/><T39/><D39/><U49/><E36/><V124/><F8/><W105/><G105/><T86/><D9/><U5/><E80/><V93/><F107/><W109/><G109/><T61/><D24/><U33/><E33/><V88/><F25/><W21/><G21/><T16/><D27/><U26/><E75/><V71/><F71/><W87/><G87/><T12/><D86/><U40/><E72/><V42/><F11/><W104/><G104/><T79/><D97/><U4/><N who="1" m="1536" /><DORA hai="132" /><U52/><E50/><V51/><F51/><W23/><G23/><AGARI ba="0,1" hai="17,23,26,40,47,49,52,54,55,77,78" m="1536" machi="23" ten="60,8000,1" yaku="8,1,52,2,54,1" doraHai="74,132" who="1" fromWho="3" sc="466,0,157,90,296,0,71,-80" owari="466,56.0,247,-15.0,296,10.0,-9,-51.0" /></mjloggm>