<mjloggm ver="2.3"><GO type="41"/><UN n0="%E3%83%99%E3%83%AB%E3%82%AF" n1="%EF%BC%A5%EF%BC%AC%EF%BC%AD%EF%BC%AF" n2="%EF%BC%88%E2%89%A7%E2%96%BD%E2%89%A6%EF%BC%89" n3="%31%34%74%68" dan="15,14,14,14" rate="2052,1944,2036,1879" sx="M,M,M,M"/><TAIKYOKU oya="0"/><INIT seed="0,0,0,1,3,76" ten="250,250,250,250" oya="0" hai0="70,74,26,57,135,116,62,93,42,52,84,88,113" hai1="103,30,17,4,34,122,95,40,5,41,31,19,51" hai2="132,50,39,120,114,35,128,9,46,27,92,12,87" hai3="7,131,53,44,63,58,102,22,130,125,78,118,73"/><T127/><D116/><U47/><E122/><V11/><F120/><W24/><G118/><T21/><D113/><U109/><E34/><V90/><F114/><W64/><G125/><T99/><D127/><U129/><E129/><V13/><F128/><W60/><G102/><T119/><D135/><U55/><E109/><V134/><F39/><W33/><G33/><T98/><D74/><U97/><E19/><V108/><F108/><W81/><G7/><N who="1" m="2634" /><E17/><V133/><F35/><W45/><G130/><T38/><D119/><U77/><E77/><V0/><F27/><W8/><G8/><N who="2" m="3145" /><F0/><W107/><G107/><T94/><D70/><U61/><E61/><V91/><F90/><W25/><G131/><T10/><D10/><U124/><E124/><V28/><F28/><AGARI ba="0,0" hai="28,30,31,40,41,47,51,55,95,97,103" m="2634" machi="28" ten="30,1000,0" yaku="8,1" doraHai="76" who="1" fromWho="2" sc="250,0,250,10,250,-10,250,0" /><INIT seed="1,0,0,2,0,133" ten="250,260,240,250" oya="1" hai0="24,124,94,11,103,45,132,12,34,121,104,31,72" hai1="85,113,60,73,41,30,127,123,43,5,22,39,33" hai2="25,32,109,26,93,96,83,102,14,67,114,91,115" hai3="105,63,38,49,28,21,62,120,0,8,131,82,100"/><U68/><E123/><V18/><F109/><W1/><G120/><T106/><D121/><U36/><E33/><V126/><F126/><W80/><G38/><T66/><D72/><U3/><E127/><V112/><F67/><W88/><G131/><T92/><D132/><U46/><E113/><V74/><F32/><W20/><G49/><T17/><D124/><U118/><E118/><V128/><F128/><W98/><G20/><T76/><D76/><U51/><E73/><V122/><F122/><W65/><G80/><T77/><D77/><U108/><E108/><V87/><REACH who="2" step="1"/><F74/><REACH who="2" step="2"/><W40/><G65/><T89/><D66/><U10/><E68/><V110/><F110/><W117/><G117/><T125/><D125/><U16/><E60/><V95/><F95/><W27/><G63/><T44/><D94/><U58/><E85/><V35/><F35/><W86/><G62/><T59/><D106/><U29/><E58/><V19/><F19/><W55/><G105/><T107/><D59/><U79/><E36/><V111/><F111/><W75/><G75/><T84/><REACH who="0" step="1"/><D107/><REACH who="0" step="2"/><U7/><E39/><V78/><F78/><W23/><G82/><T53/><D53/><U13/><E79/><V69/><F69/><W90/><G55/><T70/><D70/><U48/><E5/><V4/><F4/><W130/><G130/><T37/><D37/><U71/><E71/><V54/><F54/><W9/><G40/><T135/><D135/><U119/><E119/><V64/><F64/><W15/><G28/><T50/><D50/><U97/><E48/><V81/><F81/><RYUUKYOKU ba="0,2" sc="240,15,260,-15,230,15,250,-15" hai0="11,12,17,24,31,34,44,45,84,89,92,103,104" hai2="14,18,25,26,83,87,91,93,96,102,112,114,115" /><INIT seed="2,1,2,5,3,132" ten="255,245,245,235" oya="2" hai0="63,55,104,124,92,78,103,58,15,43,70,61,47" hai1="131,40,31,73,27,16,1,10,69,51,33,14,2" hai2="80,93,34,64,122,130,90,37,53,107,105,119,29" hai3="84,108,50,101,38,56,22,41,49,23,60,77,113"/><V123/><F119/><W28/><G113/><T76/><D104/><U95/><E69/><V68/><F37/><W57/><G108/><T4/><D124/><U97/><E131/><V21/><F130/><W17/><G28/><T134/><D134/><U121/><E121/><V11/><F34/><W35/><G35/><T72/><D72/><U48/><E73/><V98/><F123/><W25/><G38/><T52/><D70/><U9/><E40/><V114/><F122/><W125/><G125/><T115/><D115/><U62/><E62/><V20/><F68/><W94/><G56/><N who="0" m="34951" /><D47/><U83/><E83/><V82/><F64/><W81/><G41/><T32/><D43/><U5/><E1/><V127/><F127/><W7/><G7/><T46/><D46/><U102/><AGARI ba="1,2" hai="2,5,9,10,14,16,27,31,33,48,51,95,97,102" machi="102" ten="20,2700,0" yaku="0,1,7,1,54,1" doraHai="132" who="1" fromWho="1" sc="255,-8,245,50,245,-14,235,-8" /><INIT seed="3,0,0,5,4,36" ten="247,295,231,227" oya="3" hai0="42,8,108,63,93,44,10,122,129,35,67,126,114" hai1="43,82,73,91,81,0,69,77,89,30,105,125,29" hai2="49,51,61,23,113,107,106,50,72,18,28,128,54" hai3="123,39,24,40,13,21,5,84,20,99,37,25,100"/><W83/><G123/><T79/><D122/><U115/><E115/><V96/><F128/><W98/><G5/><T71/><D35/><U1/><E125/><V97/><F113/><W103/><G13/><T132/><D114/><U109/><E105/><V120/><F120/><W116/><G116/><T38/><D126/><U124/><E124/><V85/><F72/><W95/><G83/><T45/><D129/><U80/><E69/><V78/><F107/><W17/><G84/><T19/><D108/><U48/><E109/><V52/><F28/><W41/><G17/><T33/><D33/><U112/><E112/><V75/><F75/><W53/><G53/><N who="2" m="20585" /><F61/><W2/><REACH who="3" step="1"/><G95/><REACH who="3" step="2"/><T15/><D132/><U59/><E81/><N who="2" m="47287" /><F106/><W26/><G26/><AGARI ba="0,1" hai="18,23,26,49,50,51,96,97" m="47287,20585" machi="26" ten="30,2000,0" yaku="8,1,54,1" doraHai="36" who="2" fromWho="3" sc="247,0,295,0,231,30,217,-20" /><INIT seed="4,0,0,2,1,43" ten="247,295,261,197" oya="0" hai0="48,122,82,112,52,35,44,34,117,10,120,89,115" hai1="31,93,114,121,16,56,91,0,130,118,135,58,21" hai2="45,32,55,20,22,95,18,39,113,27,75,54,97" hai3="109,24,50,12,81,17,78,134,60,15,111,30,6"/><T131/><D117/><U119/><E0/><V124/><F75/><W126/><G134/><T28/><D10/><U11/><E135/><V61/><F113/><N who="0" m="43594" /><D131/><U128/><E121/><N who="0" m="46697" /><D28/><U86/><E114/><V116/><F116/><N who="1" m="44585" /><E11/><V133/><F124/><W29/><G126/><T79/><D89/><U129/><E31/><V71/><F133/><W25/><G6/><T110/><D110/><U13/><AGARI ba="0,0" hai="13,16,21,56,58,86,91,93,128,129,130" m="44585" machi="13" ten="40,2700,0" yaku="19,1,54,1" doraHai="43" who="1" fromWho="1" sc="247,-13,295,27,261,-7,197,-7" /><INIT seed="5,0,0,5,5,25" ten="234,322,254,190" oya="1" hai0="1,23,103,16,61,43,77,105,7,12,113,95,62" hai1="91,52,72,69,68,112,70,118,28,21,102,6,5" hai2="32,98,128,109,35,123,53,60,71,90,49,9,117" hai3="44,135,94,66,18,8,75,13,10,116,0,63,79"/><U111/><E118/><V41/><F117/><W78/><G116/><T119/><D119/><RYUUKYOKU type="kaze4" ba="0,0" sc="234,0,322,0,254,0,190,0" /><INIT seed="5,1,0,5,3,22" ten="234,322,254,190" oya="1" hai0="90,85,116,6,134,13,16,50,88,104,87,108,74" hai1="29,123,19,122,125,115,133,18,56,105,130,23,63" hai2="72,70,26,67,52,131,36,111,17,107,38,80,76" hai3="2,114,8,118,42,79,20,99,127,132,81,117,44"/><U24/><E105/><V103/><F111/><W30/><G114/><T39/><D39/><U78/><E115/><V53/><F131/><W35/><G35/><T101/><D74/><U83/><E130/><V92/><F107/><W33/><G33/><T27/><D108/><U82/><E133/><V37/><F70/><W96/><G132/><T77/><D134/><U102/><E125/><V110/><F67/><W51/><G127/><T60/><D116/><U28/><E102/><V14/><F110/><W7/><G118/><T93/><D104/><U54/><E29/><V5/><F5/><W97/><G117/><T34/><D34/><U68/><E68/><V1/><F1/><W121/><G121/><T129/><D129/><U89/><E89/><V73/><F73/><W32/><G32/><T43/><D77/><U55/><E83/><V98/><REACH who="2" step="1"/><F26/><REACH who="2" step="2"/><W41/><G2/><T62/><D6/><U31/><E123/><V3/><F3/><W124/><G124/><T0/><D0/><U59/><E122/><V12/><F12/><W11/><G7/><T135/><D135/><U86/><E31/><V9/><AGARI ba="1,1" hai="9,14,17,36,37,38,52,53,72,76,80,92,98,103" machi="9" ten="30,7900,0" yaku="1,1,0,1,54,1,53,1" doraHai="22" doraHaiUra="91" who="2" fromWho="2" sc="234,-21,322,-40,244,92,190,-21" /><INIT seed="6,0,0,5,4,85" ten="213,282,336,169" oya="2" hai0="68,80,126,104,39,49,35,38,106,72,48,60,132" hai1="43,54,108,94,13,89,6,42,135,63,93,86,19" hai2="67,122,40,88,3,110,41,116,105,129,8,24,97" hai3="56,100,1,20,111,17,25,58,70,55,95,120,92"/><V7/><F122/><W29/><G120/><T5/><D35/><U50/><E108/><V133/><F116/><W18/><G111/><T23/><D5/><U9/><E135/><V127/><F110/><W36/><G36/><T57/><D132/><U15/><E63/><V119/><F119/><W102/><G70/><T16/><D68/><U28/><E28/><V121/><F121/><W96/><G1/><T123/><D123/><U34/><E34/><V114/><F133/><W112/><G112/><T125/><D80/><U30/><E30/><V0/><F129/><W113/><G113/><T53/><D72/><U91/><E15/><V74/><F0/><W77/><G77/><T107/><D39/><U27/><E27/><V130/><F74/><W81/><G81/><T118/><D38/><U73/><E73/><V79/><F105/><W65/><G65/><T90/><D90/><U45/><E6/><V71/><F71/><W128/><G128/><T32/><D32/><U117/><E117/><V46/><F3/><W11/><G11/><T83/><D83/><U51/><E50/><V69/><F69/><W78/><G78/><T131/><D131/><U4/><E4/><V98/><F130/><W124/><G124/><N who="0" m="47723" /><D118/><U22/><E9/><V62/><F114/><W31/><G31/><T115/><D115/><U26/><E26/><AGARI ba="0,0" hai="16,23,26,48,49,53,57,60,104,106,107" m="47723" machi="26" ten="40,2600,0" yaku="18,1,54,1" doraHai="85" who="0" fromWho="1" sc="213,26,282,-26,336,0,169,0" /><INIT seed="7,0,0,1,3,22" ten="239,256,336,169" oya="3" hai0="24,66,93,64,87,33,37,51,48,74,32,122,35" hai1="113,59,82,81,3,62,128,85,21,133,54,4,23" hai2="121,99,36,96,135,102,56,55,52,10,79,43,18" hai3="47,105,6,71,119,8,125,19,30,127,69,132,9"/><W13/><G105/><T49/><D37/><U111/><E111/><V100/><F135/><W25/><G47/><T112/><D122/><U26/><E133/><V92/><F121/><W118/><G132/><T98/><D74/><U131/><E113/><V123/><F123/><W11/><G71/><T89/><D112/><U45/><E3/><V16/><F79/><W31/><G69/><T65/><REACH who="0" step="1"/><D98/><REACH who="0" step="2"/><U46/><E4/><V38/><F96/><W57/><G57/><T40/><D40/><U76/><E81/><V95/><F99/><W90/><G90/><T75/><D75/><U91/><E76/><V53/><F43/><W60/><G60/><T130/><D130/><N who="1" m="49707" /><E21/><V129/><F129/><W68/><G68/><T1/><D1/><U58/><E58/><V61/><F56/><W103/><G103/><T116/><D116/><N who="3" m="44585" /><G6/><T2/><D2/><U27/><E23/><V17/><F102/><W20/><G31/><AGARI ba="0,1" hai="24,31,32,33,35,48,49,51,64,65,66,87,89,93" machi="31" ten="40,5200,0" yaku="1,1,52,1,53,1" doraHai="22" doraHaiUra="86" who="0" fromWho="3" sc="229,62,256,0,336,0,169,-52" owari="291,9.0,256,-14.0,336,43.0,117,-38.0" /></mjloggm>