<mjloggm ver="2.3"><GO type="41"/><UN n0="%E3%81%84%E3%81%AE%E3%81%BE%E3%81%A3%E3%81%8F" n1="%E3%82%A6%E3%83%AB%E3%83%88%E3%83%A9%E7%AB%8B%E7%9B%B4" n2="%E3%8D%8D%E3%8C%B6%E3%8D%91%E3%8C%AB" n3="%E3%81%8B%E3%81%96%E3%81%BF%E3%82%93" dan="14,15,13,13" rate="1895,2013,1880,1980" sx="M,M,M,M"/><TAIKYOKU oya="0"/><INIT seed="0,0,0,2,4,46" ten="250,250,250,250" oya="0" hai0="22,65,133,21,25,37,10,87,118,89,13,130,16" hai1="27,102,56,62,23,67,101,95,6,18,110,63,93" hai2="86,114,119,47,68,41,81,32,57,82,77,48,120" hai3="24,131,58,54,3,19,79,99,96,132,12,75,80"/><T26/><D118/><U135/><E135/><V49/><F32/><W124/><G124/><T115/><D133/><U125/><E125/><V45/><F114/><W0/><G131/><T92/><D115/><U73/><E73/><V20/><F120/><W69/><G132/><T83/><D130/><U31/><E110/><V7/><F68/><W60/><G69/><T61/><D37/><U30/><E6/><V2/><F119/><W126/><G126/><T5/><D83/><U28/><E63/><V72/><F57/><W35/><G35/><T117/><D117/><U53/><E67/><V84/><F20/><W104/><G104/><T40/><D40/><U108/><E108/><V43/><F81/><W42/><G42/><T71/><D22/><U8/><E8/><AGARI ba="0,0" hai="2,7,8,41,43,45,47,48,49,72,77,82,84,86" machi="8" ten="40,5200,0" yaku="9,1,52,2" doraHai="46" who="2" fromWho="1" sc="250,0,250,-52,250,52,250,0" /><INIT seed="1,0,0,4,2,14" ten="250,198,302,250" oya="1" hai0="31,25,43,99,12,30,49,24,121,16,58,3,57" hai1="93,22,66,73,92,79,91,69,54,63,52,95,117" hai2="118,89,48,106,128,126,11,6,36,74,23,98,94" hai3="51,114,33,104,0,59,27,134,103,62,64,122,9"/><U96/><E79/><V90/><F36/><W107/><G122/><T60/><D3/><U13/><E73/><V105/><F118/><W108/><G114/><T28/><D121/><U125/><E125/><V4/><F74/><W18/><G134/><T41/><D49/><U76/><E76/><V81/><F126/><W40/><G108/><T86/><D58/><U34/><E34/><V77/><F128/><W85/><G85/><T112/><D112/><U111/><E111/><V84/><F48/><W80/><G80/><T47/><D47/><U39/><E39/><V46/><F46/><W15/><G0/><T109/><D109/><U72/><E72/><V55/><F55/><W1/><G1/><T75/><D75/><U35/><E35/><V127/><F127/><W78/><G78/><T42/><D86/><U45/><E117/><V129/><F129/><W5/><G33/><T19/><D99/><U87/><E45/><V65/><F65/><W83/><G83/><T20/><D19/><U82/><REACH who="1" step="1"/><E96/><REACH who="1" ten="250,188,302,250" step="2"/><V38/><F38/><W110/><G110/><T32/><D32/><U2/><E2/><V71/><F71/><W7/><G107/><T133/><D133/><U8/><E8/><V123/><F123/><W131/><G104/><T37/><D37/><U56/><E56/><V10/><F105/><W53/><G131/><T132/><D132/><U29/><E29/><V68/><F68/><W113/><G113/><T44/><D44/><U115/><E115/><V101/><F23/><W61/><G59/><T124/><D124/><U97/><E97/><V21/><F21/><RYUUKYOKU ba="0,1" sc="250,15,188,15,302,-15,250,-15" hai0="12,16,20,24,25,28,30,31,41,42,43,57,60" hai1="13,22,52,54,63,66,69,82,87,91,92,93,95" /><INIT seed="1,1,1,4,0,32" ten="265,203,287,235" oya="1" hai0="0,1,33,78,91,105,69,75,134,124,98,102,104" hai1="39,72,96,87,9,88,16,36,58,80,131,103,57" hai2="71,28,107,76,120,118,83,94,26,59,119,61,129" hai3="74,130,14,54,108,13,85,24,110,65,38,95,42"/><U52/><E131/><V84/><F120/><W48/><G74/><T126/><D134/><U92/><E58/><V114/><F114/><W122/><G24/><T111/><D111/><U101/><E101/><V17/><F129/><W56/><G130/><T45/><D33/><U132/><E132/><V23/><F71/><W121/><G95/><T37/><D105/><U79/><E9/><V60/><F107/><W50/><G85/><T47/><D69/><U8/><E8/><V117/><F59/><W123/><G13/><T73/><D73/><U99/><E16/><V41/><F41/><W135/><G14/><T70/><D70/><U115/><E115/><V106/><F106/><W11/><G11/><T62/><D62/><U100/><E100/><V112/><F112/><W64/><G135/><T25/><D25/><U51/><E96/><V82/><F82/><AGARI ba="1,1" hai="36,39,51,52,57,72,79,80,82,87,88,92,99,103" machi="82" ten="30,5800,0" yaku="7,1,54,2" doraHai="32" who="1" fromWho="2" sc="265,0,203,71,287,-61,235,0" /><INIT seed="1,2,0,2,5,98" ten="265,274,226,235" oya="1" hai0="107,46,77,60,49,3,100,89,42,54,10,108,9" hai1="110,105,114,67,34,52,133,37,63,99,43,112,134" hai2="92,56,86,94,90,88,35,6,76,24,8,74,30" hai3="40,17,130,69,16,28,39,14,96,11,15,68,41"/><U84/><E34/><V72/><F76/><W12/><G96/><T122/><D122/><U59/><E84/><V22/><F35/><W50/><G39/><T4/><D108/><U124/><E99/><V111/><F111/><W0/><G50/><T78/><D89/><U31/><E105/><V128/><F128/><W65/><G130/><T115/><D115/><U79/><E79/><V127/><F127/><W45/><G45/><T33/><D33/><U95/><E95/><V5/><F56/><W27/><G0/><T62/><D107/><U103/><E103/><V81/><F81/><W61/><G27/><T80/><D100/><U21/><E21/><V58/><F58/><W55/><G28/><T83/><D10/><U132/><E31/><V57/><F57/><W129/><G129/><T87/><REACH who="0" step="1"/><D42/><REACH who="0" ten="255,274,226,235" step="2"/><N who="3" m="16489" /><G55/><T118/><D118/><U2/><E110/><V75/><REACH who="2" step="1"/><F8/><REACH who="2" ten="255,274,216,235" step="2"/><W119/><G11/><T47/><D47/><N who="1" m="24047" /><E124/><V51/><F51/><W19/><G119/><T93/><D93/><U26/><E114/><V101/><F101/><W38/><G38/><T97/><D97/><AGARI ba="2,2" hai="5,6,22,24,30,72,74,75,86,88,90,92,94,97" machi="97" ten="40,2600,0" yaku="1,1,54,1,53,0" doraHai="98" doraHaiUra="36" who="2" fromWho="0" sc="255,-32,274,0,216,52,235,0" /><INIT seed="2,0,0,4,5,71" ten="223,274,268,235" oya="2" hai0="34,93,76,114,46,13,104,113,28,107,12,97,40" hai1="53,48,68,100,85,81,73,2,69,119,67,74,98" hai2="8,77,105,110,88,111,60,36,75,112,27,94,91" hai3="14,10,131,50,123,61,51,96,15,109,1,82,7"/><V122/><F122/><W26/><G123/><T72/><D28/><U64/><E2/><V121/><F121/><W30/><G109/><N who="2" m="41481" /><F112/><W29/><G131/><T16/><D34/><U55/><E48/><V86/><F8/><N who="3" m="2159" /><G61/><T33/><D33/><U127/><E100/><V124/><F27/><W56/><G82/><T3/><D3/><U63/><E81/><N who="2" m="45247" /><F60/><W70/><G56/><T18/><D76/><U84/><E63/><V39/><F105/><W4/><G96/><T59/><D72/><U134/><E98/><N who="2" m="57671" /><F124/><W125/><G125/><T78/><D107/><U20/><E127/><V35/><F35/><N who="3" m="20919" /><G70/><T108/><D104/><U31/><E31/><V135/><F135/><W92/><G51/><T66/><D108/><U22/><E134/><V115/><F115/><W118/><G50/><N who="0" m="26951" /><D114/><U0/><E0/><V5/><F5/><W79/><G30/><T32/><D32/><U52/><REACH who="1" step="1"/><E55/><REACH who="1" ten="223,264,268,235" step="2"/><V132/><F132/><W65/><G65/><T62/><D113/><U19/><E19/><V6/><F6/><W95/><G4/><T90/><D18/><U42/><E42/><V130/><F130/><W45/><G45/><T37/><D16/><U117/><AGARI ba="0,1" hai="20,22,52,53,64,67,68,69,73,74,84,85,117,119" machi="117" ten="25,8000,1" yaku="1,1,0,1,22,2,54,1,53,0" doraHai="71" doraHaiUra="89" who="1" fromWho="1" sc="223,-20,264,90,268,-40,235,-20" /><INIT seed="3,0,0,5,0,32" ten="203,354,228,215" oya="3" hai0="58,57,113,82,11,71,47,3,102,67,10,127,77" hai1="121,37,39,96,55,44,26,129,22,133,6,118,64" hai2="107,124,68,125,114,33,116,109,111,43,132,53,80" hai3="29,83,60,81,21,46,122,76,98,130,92,63,42"/><W54/><G122/><T86/><D71/><U117/><E121/><V88/><F33/><W19/><G130/><T126/><D113/><U16/><E129/><V41/><F68/><W17/><G29/><T95/><D3/><U48/><E133/><V65/><F65/><W31/><G31/><T119/><D119/><N who="1" m="45579" /><E64/><V2/><F2/><W15/><G19/><T93/><D47/><U97/><E6/><V104/><F53/><W94/><G94/><T61/><D58/><U70/><E70/><V38/><F38/><AGARI ba="0,0" hai="16,22,26,37,38,39,44,48,55,96,97" m="45579" machi="38" ten="30,2000,0" yaku="12,1,54,1" doraHai="32" who="1" fromWho="2" sc="203,0,354,20,228,-20,215,0" /><INIT seed="4,0,0,5,5,6" ten="203,374,208,215" oya="0" hai0="26,78,51,114,38,81,55,27,18,103,129,132,116" hai1="58,122,62,92,97,73,104,75,32,79,30,112,102" hai2="22,68,59,98,119,21,95,115,39,56,25,113,105" hai3="35,67,31,125,1,96,110,19,47,7,94,74,63"/><T29/><D38/><U3/><E3/><V9/><F68/><W108/><G74/><T14/><D116/><U77/><E30/><V126/><F39/><W66/><G47/><T71/><D71/><U89/><E32/><V135/><F105/><W111/><G63/><T28/><D132/><U41/><E41/><V15/><F119/><W60/><G60/><T120/><D120/><U10/><E122/><V70/><F70/><W87/><G87/><T12/><D129/><U5/><E58/><V69/><F69/><W76/><G76/><N who="1" m="29258" /><E10/><V24/><F135/><W54/><G54/><T42/><D42/><U4/><E62/><V45/><F126/><W49/><G49/><T16/><D103/><U130/><E4/><V64/><F45/><W48/><G125/><T123/><D123/><U100/><E5/><V44/><F44/><W53/><G35/><T2/><D2/><U84/><E130/><V118/><F118/><W57/><G31/><T52/><D78/><U106/><E112/><N who="2" m="43083" /><F64/><W20/><G1/><T50/><REACH who="0" step="1"/><D81/><REACH who="0" ten="193,374,208,215" step="2"/><N who="1" m="49295" /><E102/><N who="2" m="60767" /><F59/><W17/><G7/><T82/><D82/><U101/><E101/><V23/><F56/><W131/><G131/><T91/><D91/><U61/><E61/><V11/><F15/><W127/><G127/><T65/><D65/><U88/><E100/><V37/><F37/><W109/><G67/><T34/><D34/><U133/><E133/><V99/><F99/><W72/><G72/><AGARI ba="0,1" hai="72,73,75,88,92,97,104,106" m="49295,29258" machi="72" ten="30,12000,2" yaku="35,5,54,1" doraHai="6" who="1" fromWho="3" sc="193,0,374,130,208,0,215,-120" /><INIT seed="5,0,0,5,1,50" ten="193,504,208,95" oya="1" hai0="134,8,126,94,71,120,133,34,32,26,43,0,97" hai1="121,76,100,23,72,25,37,64,90,86,31,20,4" hai2="115,17,82,69,118,74,39,80,68,19,116,46,130" hai3="48,109,49,88,117,57,81,99,55,67,114,53,12"/><U44/><E121/><V101/><F130/><W83/><G117/><T123/><D71/><U52/><E4/><V58/><F101/><W2/><G2/><T112/><D43/><U89/><E64/><V28/><F28/><W110/><G12/><T102/><D0/><U3/><E3/><V22/><F39/><W59/><G114/><T125/><D8/><U1/><E1/><V135/><F135/><N who="0" m="51722" /><D26/><U92/><E100/><V128/><F128/><W33/><G33/><T106/><D32/><U10/><E10/><V54/><F46/><W73/><G73/><T95/><D34/><U35/><E37/><V98/><F98/><W60/><G110/><T42/><D42/><U79/><E72/><V9/><F115/><W96/><G109/><T129/><D112/><U56/><E44/><V51/><F116/><W6/><G6/><T105/><D129/><U70/><E70/><V87/><F74/><W104/><G104/><N who="0" m="40043" /><D95/><N who="1" m="54711" /><E35/><V132/><F132/><W124/><G124/><AGARI ba="0,0" hai="94,97,102,120,123,124,125,126" m="40043,51722" machi="124" ten="40,8000,1" yaku="18,1,20,1,34,2" doraHai="50" who="0" fromWho="3" sc="193,80,504,0,208,0,95,-80" /><BYE who="3" /><INIT seed="6,0,0,3,3,33" ten="273,504,208,15" oya="2" hai0="97,56,7,39,115,86,83,45,29,58,116,98,120" hai1="93,49,88,23,5,27,37,101,80,9,84,75,91" hai2="8,96,46,122,2,129,78,31,81,70,82,131,52" hai3="134,66,41,123,109,32,92,17,3,35,69,64,51"/><V71/><F122/><W61/><G61/><T79/><D120/><U127/><E37/><V119/><F119/><W100/><G100/><T55/><D116/><U99/><E127/><V76/><F31/><W68/><G68/><T53/><D115/><U107/><E49/><N who="2" m="28727" /><F96/><W1/><G1/><T73/><D29/><U114/><E114/><V40/><F40/><W121/><G121/><T21/><D39/><U89/><E75/><V20/><F20/><W10/><G10/><T36/><D21/><U22/><E22/><V72/><F71/><W77/><G77/><N who="2" m="29801" /><F72/><W63/><G63/><T6/><D73/><U57/><E57/><N who="0" m="22121" /><D36/><U43/><E43/><V60/><F60/><W18/><G18/><T132/><D132/><U30/><E107/><V50/><F50/><W118/><G118/><T67/><D67/><U28/><E28/><V102/><F102/><W106/><G106/><T62/><D98/><U104/><E104/><V108/><F70/><W42/><G42/><T16/><D97/><U48/><E48/><V128/><F108/><W105/><G105/><T19/><D45/><U124/><E124/><V13/><F13/><AGARI ba="0,0" hai="5,9,13,23,27,30,80,84,88,89,91,93,99,101" machi="13" ten="30,3900,0" yaku="7,1,8,1,54,1" doraHai="33" who="1" fromWho="2" sc="273,0,504,39,208,-39,15,0" /><INIT seed="7,0,0,4,3,126" ten="273,543,169,15" oya="3" hai0="117,61,35,131,74,85,18,28,130,83,78,29,0" hai1="37,10,69,94,32,3,34,27,96,23,45,8,120" hai2="21,112,25,121,116,58,113,123,103,1,65,119,59" hai3="75,115,122,134,11,76,88,97,64,26,57,114,82"/><W36/><G36/><T91/><D0/><U84/><E84/><V5/><F103/><W44/><G44/><T2/><D2/><U102/><E69/><V30/><F65/><W124/><G124/><T104/><D117/><N who="2" m="45130" /><F59/><W92/><G92/><T86/><D104/><U99/><E120/><N who="2" m="46155" /><F58/><W60/><G60/><T52/><D74/><U128/><E128/><N who="0" m="49193" /><D35/><U93/><E45/><V51/><F51/><W98/><G98/><T49/><D61/><U80/><E80/><V38/><F38/><W132/><G132/><T42/><D18/><U129/><E37/><V24/><F24/><W67/><G67/><T118/><D42/><U81/><E81/><V19/><F19/><W40/><G40/><T31/><D118/><U62/><E129/><V107/><F107/><W70/><G70/><T53/><D49/><U90/><E62/><V89/><F89/><W135/><G135/><T20/><D20/><U100/><E90/><V16/><F30/><W127/><G127/><T101/><D101/><U95/><E95/><AGARI ba="0,0" hai="28,29,31,52,53,78,83,85,86,91,95" m="49193" machi="95" ten="30,8000,1" yaku="19,1,52,3,54,1" doraHai="126" who="0" fromWho="1" sc="273,80,543,-80,169,0,15,0" owari="353,15.0,463,56.0,169,-23.0,15,-48.0" /></mjloggm>