<mjloggm ver="2.3"><GO type="41"/><UN n0="%EF%BC%88%E2%89%A7%E2%96%BD%E2%89%A6%EF%BC%89" n1="%E5%B8%8C%E6%9C%9B%E3%81%AB%E6%BA%80%E3%81%A1%E3%81%9F%E6%98%A8%E6%97%A5" n2="%E3%81%AA%E3%81%BE%E3%81%AF%E3%81%92%E3%83%AA%E3%83%BC%E3%83%81%E2%98%86" n3="%E3%82%B9%E3%82%B1%E3%83%AB%E3%83%88%E3%83%B3%54" dan="15,15,14,15" rate="2041,1963,1970,2000" sx="M,M,M,M"/><TAIKYOKU oya="0"/><INIT seed="0,0,0,3,0,48" ten="250,250,250,250" oya="0" hai0="90,35,87,100,113,46,66,71,0,22,130,77,110" hai1="2,107,133,37,52,10,53,9,58,92,5,17,19" hai2="85,56,50,112,128,18,78,63,67,28,123,81,105" hai3="74,106,103,24,97,8,135,7,57,129,119,55,82"/><T86/><D35/><U120/><E107/><V134/><F123/><W132/><G119/><T12/><D113/><U36/><E120/><V101/><F112/><W1/><G129/><T122/><D0/><U61/><E133/><N who="3" m="51274" /><G24/><T43/><D122/><U23/><E10/><V4/><F134/><W51/><G82/><T116/><D116/><U75/><E75/><AGARI ba="0,0" hai="1,7,8,51,55,57,74,75,97,103,106" m="51274" machi="75" ten="30,2000,0" yaku="20,1,52,1" doraHai="48" who="3" fromWho="1" sc="250,0,250,-20,250,0,250,20" /><INIT seed="1,0,0,1,1,13" ten="250,230,250,270" oya="1" hai0="107,31,34,3,56,69,6,113,51,77,120,14,20" hai1="27,4,22,128,32,92,18,73,66,0,43,105,102" hai2="116,115,44,63,65,40,122,55,58,52,30,121,81" hai3="68,76,39,29,12,7,131,64,89,57,78,48,24"/><U75/><E105/><V88/><F116/><W41/><G131/><T35/><D107/><U126/><E128/><V28/><F115/><W17/><G7/><T134/><D69/><U108/><E126/><V47/><F122/><W72/><G72/><T82/><D113/><U25/><E43/><V1/><F1/><W98/><G68/><T19/><D120/><U110/><E66/><V26/><F121/><W79/><G39/><T15/><D134/><U16/><E4/><V91/><F40/><W5/><G5/><T85/><D15/><U95/><E0/><V8/><F8/><W70/><G70/><T129/><D129/><U59/><E59/><V62/><F65/><W94/><G41/><T11/><REACH who="0" step="1"/><D31/><REACH who="0" ten="240,230,250,270" step="2"/><U97/><E95/><V135/><F135/><W119/><G119/><T130/><D130/><U61/><E61/><V118/><F118/><W106/><G106/><T112/><D112/><U74/><E32/><V42/><F62/><W21/><G64/><T71/><D71/><U46/><E46/><V133/><F133/><W49/><REACH who="3" step="1"/><G57/><REACH who="3" ten="240,230,250,260" step="2"/><T2/><D2/><U132/><E132/><V38/><F38/><W80/><G80/><T114/><D114/><U67/><E67/><V86/><F81/><W99/><G99/><T23/><D23/><AGARI ba="0,2" hai="16,18,22,23,25,27,73,74,75,92,97,102,108,110" machi="23" ten="50,12000,1" yaku="9,1,52,2,54,1" doraHai="13" who="1" fromWho="0" sc="240,-120,230,140,250,0,260,0" /><AGARI ba="0,0" hai="12,17,21,23,24,29,48,49,76,78,79,89,94,98" machi="23" ten="40,5200,0" yaku="1,1,8,1,52,1,53,0" doraHai="13" doraHaiUra="111" who="3" fromWho="0" sc="120,-52,370,0,250,0,260,52" /><INIT seed="1,1,0,5,0,92" ten="68,370,250,312" oya="1" hai0="39,113,99,69,119,13,90,108,9,23,105,47,32" hai1="27,110,65,132,98,82,66,22,54,124,36,19,64" hai2="76,129,87,31,28,63,70,46,135,71,18,102,107" hai3="134,83,52,12,96,43,41,57,106,45,85,80,42"/><U68/><E36/><V30/><F135/><W35/><G35/><T8/><D113/><U51/><E68/><V20/><F129/><W118/><G134/><T11/><D119/><U79/><E132/><V50/><F63/><W6/><G118/><T33/><D108/><U37/><E37/><V84/><F107/><W61/><G45/><T100/><D69/><U40/><E40/><V29/><F102/><W62/><G62/><T74/><D74/><U14/><E124/><V59/><F59/><W78/><G83/><T55/><D90/><U103/><E110/><V72/><F72/><W67/><G106/><T130/><D130/><U1/><E1/><V60/><F76/><W25/><G25/><T26/><D13/><U81/><E14/><V122/><F122/><W17/><G6/><T120/><D120/><U48/><E48/><V114/><F114/><W75/><G75/><T34/><D34/><U4/><E4/><V58/><F31/><W125/><G125/><T111/><D111/><U128/><E128/><V10/><F10/><W38/><G38/><T56/><D47/><U21/><E21/><V44/><F44/><W49/><G67/><T93/><D105/><U131/><E131/><V7/><F71/><W94/><G61/><T86/><D39/><U115/><E115/><V133/><F7/><W101/><G43/><T126/><D126/><U97/><E103/><V112/><F70/><W117/><G117/><T0/><D0/><U88/><E79/><V95/><F133/><W15/><G15/><T73/><D33/><U91/><E91/><N who="2" m="53735" /><F112/><W121/><G121/><RYUUKYOKU ba="1,0" sc="68,-10,370,-10,250,-10,312,30" hai3="12,17,41,42,49,52,57,78,80,85,94,96,101" /><INIT seed="2,2,0,5,3,133" ten="58,360,240,342" oya="2" hai0="52,129,18,1,59,127,70,95,73,88,120,54,12" hai1="104,69,30,86,98,135,105,50,85,29,107,40,5" hai2="38,111,100,27,125,93,2,123,22,99,115,55,89" hai3="78,96,108,79,63,83,80,103,116,32,60,81,16"/><V24/><F123/><W117/><G32/><T41/><D120/><U46/><E69/><V10/><F115/><W58/><G108/><T114/><D1/><U57/><E135/><V48/><F38/><W112/><G112/><T113/><D73/><U67/><E5/><V26/><F111/><W76/><G16/><T94/><D70/><U126/><E126/><V44/><F125/><W87/><G87/><T132/><D127/><U118/><E118/><V13/><F2/><W102/><G58/><T75/><D75/><U15/><E15/><V91/><REACH who="2" step="1"/><F22/><REACH who="2" ten="58,360,230,342" step="2"/><W72/><G72/><T31/><D132/><U134/><E134/><V101/><F101/><N who="3" m="38411" /><G96/><N who="0" m="57415" /><D114/><U37/><E98/><V53/><F53/><W36/><G36/><T3/><D113/><U17/><E105/><V51/><F51/><W19/><G19/><AGARI ba="2,1" hai="10,13,19,24,26,27,44,48,55,89,91,93,99,100" machi="19" ten="40,3900,0" yaku="1,1,8,1,53,0" doraHai="133" doraHaiUra="77" who="2" fromWho="3" sc="58,0,360,0,230,55,342,-45" /><INIT seed="2,3,0,2,4,40" ten="58,360,285,297" oya="2" hai0="76,85,115,69,28,104,15,44,112,65,131,37,88" hai1="117,4,96,100,41,119,36,33,7,124,16,43,19" hai2="64,58,34,56,1,134,116,118,126,128,59,21,121" hai3="91,74,52,57,84,83,35,9,122,94,81,129,17"/><V68/><F121/><W135/><G122/><T71/><D131/><U10/><E33/><V49/><F34/><W107/><G107/><T123/><D104/><U105/><E124/><V130/><F1/><W75/><G35/><T108/><D123/><U23/><E19/><V120/><F120/><W109/><G129/><N who="2" m="49769" /><F21/><W77/><G109/><T103/><D103/><U29/><E29/><V20/><F20/><W111/><G111/><T26/><D108/><U67/><E67/><V53/><F126/><W51/><G135/><T87/><D76/><U99/><E99/><V79/><F79/><W25/><G25/><T70/><D65/><U47/><E41/><V66/><F134/><W95/><REACH who="3" step="1"/><G75/><REACH who="3" ten="58,360,285,287" step="2"/><T46/><D37/><U2/><E4/><V73/><F73/><W97/><G97/><T132/><D132/><U42/><E42/><V127/><F127/><W62/><G62/><T32/><D85/><U80/><E80/><V24/><F24/><AGARI ba="3,1" hai="2,7,10,16,23,24,36,43,47,96,100,105,117,119" machi="24" ten="30,3900,0" yaku="7,1,52,1,54,1" doraHai="40" who="1" fromWho="2" sc="58,0,360,58,285,-48,287,0" /><INIT seed="3,0,0,3,2,31" ten="58,418,237,287" oya="3" hai0="69,30,19,78,4,27,98,16,52,3,72,71,111" hai1="42,61,119,34,107,18,49,33,93,65,92,102,38" hai2="123,32,0,8,47,10,45,135,87,40,6,50,14" hai3="101,2,90,62,44,41,68,82,12,35,85,127,58"/><W9/><G127/><T55/><D111/><U24/><E38/><V25/><F123/><W59/><G2/><T96/><D72/><U129/><E107/><V57/><F135/><W36/><G101/><T20/><D78/><U60/><E60/><V70/><F70/><W56/><G68/><T125/><D125/><U17/><E129/><V22/><F87/><W114/><G114/><T21/><D30/><U67/><E67/><V106/><F106/><W13/><G35/><T133/><D133/><U39/><E39/><V130/><F130/><W97/><G97/><T77/><D77/><U108/><E108/><V46/><F57/><W1/><REACH who="3" step="1"/><G62/><REACH who="3" ten="58,418,237,277" step="2"/><T121/><D121/><U126/><E126/><V117/><F32/><W23/><G23/><T11/><D69/><U132/><E34/><V81/><F117/><W120/><G120/><T122/><D71/><U128/><E33/><V134/><F134/><W29/><G29/><T109/><D122/><U53/><E132/><V76/><F0/><W100/><G100/><T131/><D109/><U54/><E102/><V110/><F110/><W43/><G43/><T112/><D131/><U91/><E42/><V64/><F40/><W99/><G99/><T104/><D112/><U84/><E61/><V73/><F22/><W80/><G80/><T48/><D104/><U7/><E119/><V28/><F81/><W103/><G103/><T75/><D98/><U79/><E128/><V26/><F28/><W113/><G113/><T115/><D96/><U66/><E93/><V5/><F10/><W88/><G88/><T118/><D115/><RYUUKYOKU ba="0,1" sc="58,-10,418,-10,237,-10,277,30" hai3="1,9,12,13,36,41,44,56,58,59,82,85,90" /><INIT seed="3,1,1,5,1,129" ten="48,408,227,307" oya="3" hai0="59,89,14,76,35,71,88,4,55,86,43,42,100" hai1="16,9,105,96,44,26,112,60,58,7,17,102,110" hai2="64,95,41,39,33,46,81,73,118,36,133,37,119" hai3="68,25,19,11,121,90,20,99,79,23,5,80,6"/><W109/><G121/><T53/><D35/><U131/><E112/><V124/><F95/><W47/><G68/><T57/><D71/><U122/><E122/><V94/><F94/><W51/><G109/><T31/><D100/><U134/><E131/><V50/><F33/><W103/><G90/><N who="0" m="34923" /><D31/><U69/><E110/><V128/><F128/><W82/><G23/><T38/><D38/><U63/><E69/><V15/><F15/><W132/><G132/><T22/><D76/><U65/><E134/><V116/><F133/><W108/><G108/><T10/><D86/><U66/><E44/><V130/><F130/><W135/><G135/><T48/><D22/><U1/><E63/><AGARI ba="1,1" hai="4,10,14,42,43,48,53,55,57,59,63" m="34923" machi="63" ten="30,2000,0" yaku="8,1,54,1" doraHai="129" who="0" fromWho="1" sc="48,33,408,-23,227,0,307,0" /><INIT seed="4,0,0,5,0,74" ten="81,385,227,307" oya="0" hai0="71,78,41,135,70,38,81,134,95,42,43,49,104" hai1="86,44,66,85,117,0,111,105,18,3,93,106,100" hai2="82,123,9,108,97,48,69,92,129,8,10,57,103" hai3="130,33,29,17,125,21,124,76,46,28,36,39,98"/><T37/><D104/><U118/><E111/><V59/><F123/><W90/><G130/><T26/><D26/><U80/><E66/><V72/><F108/><W35/><G98/><T32/><D32/><N who="3" m="12361" /><G90/><T16/><D95/><U52/><E18/><V67/><F129/><W68/><G68/><N who="0" m="26155" /><D16/><U15/><E15/><V61/><REACH who="2" step="1"/><F48/><REACH who="2" ten="81,385,217,307" step="2"/><W22/><G39/><N who="0" m="14859" /><D81/><U102/><E80/><V7/><F7/><W109/><G36/><T84/><D78/><AGARI ba="0,1" hai="8,9,10,57,59,61,67,69,72,78,82,92,97,103" machi="78" ten="40,8000,1" yaku="1,1,52,1,53,2" doraHai="74" doraHaiUra="55" who="2" fromWho="0" sc="81,-80,385,0,217,90,307,0" /><INIT seed="5,0,0,3,1,42" ten="1,385,307,307" oya="1" hai0="116,12,72,13,87,33,112,117,78,74,43,110,49" hai1="50,129,94,93,85,47,84,40,73,120,89,82,130" hai2="70,53,122,69,28,51,14,6,0,9,88,62,108" hai3="58,132,79,2,90,46,24,41,80,21,8,77,11"/><U66/><E120/><V1/><F122/><W38/><G132/><T102/><D33/><U107/><E107/><V19/><F108/><W25/><G25/><T54/><D110/><U125/><E125/><V119/><F119/><W68/><G68/><T95/><D112/><U103/><E73/><V92/><F28/><W7/><G11/><T65/><D65/><U34/><E34/><V126/><F126/><W71/><G71/><T56/><D43/><U81/><E66/><V48/><F48/><W60/><G90/><T45/><D116/><U5/><E5/><V52/><F53/><W109/><G109/><T121/><D117/><U114/><E114/><V106/><F106/><W17/><REACH who="3" step="1"/><G80/><REACH who="3" ten="1,385,307,297" step="2"/><N who="0" m="47511" /><D72/><U123/><E123/><V101/><F101/><W111/><G111/><T30/><D74/><U27/><E27/><V18/><F1/><W105/><G105/><T83/><D121/><U99/><E94/><V64/><F70/><W131/><G131/><T16/><D30/><U32/><E32/><V115/><F115/><W22/><G22/><N who="0" m="11527" /><D83/><U113/><E113/><V4/><F0/><W23/><G23/><T26/><D26/><U55/><E129/><V67/><F67/><AGARI ba="0,1" hai="2,7,8,17,21,24,38,41,46,58,60,67,77,79" machi="67" ten="30,7700,0" yaku="1,1,7,1,52,1,53,1" doraHai="42" doraHaiUra="3" who="3" fromWho="2" sc="1,0,385,0,307,-77,297,87" /><INIT seed="6,0,0,2,3,63" ten="1,385,230,384" oya="2" hai0="5,111,73,101,34,21,94,42,130,77,10,26,45" hai1="29,7,99,8,82,131,103,87,83,104,31,108,50" hai2="114,133,61,62,109,71,66,95,121,54,102,13,14" hai3="38,64,18,48,110,16,11,106,35,40,134,85,20"/><V115/><F121/><W135/><G110/><T117/><D111/><U120/><E108/><V65/><F109/><W118/><G35/><T100/><D117/><U125/><E120/><V30/><F30/><W47/><G118/><T25/><D130/><U107/><E131/><V122/><F122/><W27/><G106/><T22/><D34/><U57/><E107/><V84/><F54/><W12/><G85/><T17/><D94/><U123/><E123/><V78/><F133/><N who="3" m="50699" /><G64/><N who="2" m="24681" /><F71/><W9/><G9/><T1/><D77/><U23/><E125/><V41/><F41/><W112/><G112/><N who="2" m="43049" /><F102/><W81/><G81/><T15/><D73/><U28/><E82/><N who="2" m="47191" /><F95/><W52/><G52/><T58/><D58/><U44/><E57/><V46/><F46/><W89/><G89/><T75/><D75/><U59/><E59/><V93/><F93/><W72/><G72/><T97/><D97/><U98/><E98/><V0/><F0/><W24/><G24/><T68/><D68/><U4/><E44/><V43/><F43/><W74/><G74/><T32/><D32/><U49/><E99/><V51/><F51/><AGARI ba="0,0" hai="11,12,16,18,20,27,38,40,47,48,51" m="50699" machi="51" ten="30,2000,0" yaku="20,1,54,1" doraHai="63" who="3" fromWho="2" sc="1,0,385,0,230,-20,384,20" /><INIT seed="7,0,0,2,1,17" ten="1,385,210,404" oya="3" hai0="1,84,10,135,27,68,78,59,88,125,24,60,40" hai1="20,123,118,43,107,23,112,124,87,46,13,47,31" hai2="91,114,26,36,95,61,11,21,53,71,76,97,32" hai3="133,7,42,14,117,29,109,73,44,122,72,30,15"/><W28/><G122/><T104/><D40/><U103/><E123/><V25/><F36/><W37/><G117/><T121/><D59/><U106/><E118/><V5/><F114/><W34/><G34/><T51/><D51/><U57/><E112/><V18/><F76/><W12/><G133/><T134/><D60/><U65/><E124/><V58/><F71/><W100/><G7/><T126/><D78/><U35/><E35/><V83/><F83/><W92/><REACH who="3" step="1"/><G109/><REACH who="3" ten="1,385,210,394" step="2"/><T49/><D49/><U102/><E107/><V56/><F56/><W82/><G82/><T127/><D126/><U96/><E103/><V120/><F120/><W2/><G2/><T63/><D127/><U90/><E65/><V98/><F32/><W115/><G115/><T79/><D125/><U66/><E66/><V89/><F26/><W111/><G111/><T130/><D121/><U50/><E57/><V8/><REACH who="2" step="1"/><F5/><REACH who="2" ten="1,385,200,394" step="2"/><W119/><G119/><T75/><D27/><U52/><E46/><V39/><F39/><W80/><G80/><T113/><D24/><U132/><E132/><V16/><F16/><W74/><G74/><T19/><D19/><U81/><E47/><V128/><F128/><W108/><G108/><T4/><D130/><U116/><E116/><V94/><AGARI ba="0,2" hai="8,11,18,21,25,53,58,61,89,91,94,95,97,98" machi="94" ten="30,16000,3" yaku="1,1,0,1,9,1,25,2,8,1,52,1,53,2" doraHai="17" doraHaiUra="93" who="2" fromWho="2" sc="1,-40,385,-40,200,180,394,-80" owari="-39,-54.0,345,15.0,380,48.0,314,-9.0" /></mjloggm>