<mjloggm ver="2.3"><GO type="97"/><UN n0="%E8%B7%AF%E5%9C%B0%E8%A3%8F%E3%81%AE%E3%81%B2%E3%81%BE%E3%82%8F%E3%82%8A" n1="%EF%BC%88%E2%89%A7%E2%96%BD%E2%89%A6%EF%BC%89" n2="%E3%82%AB%E3%83%A0%E3%83%86%E3%83%BC%E3%83%97" n3="%E8%97%8F%E5%BF%83" dan="14,13,15,14" rate="1978,2032,1977,1958" sx="M,M,M,M"/><TAIKYOKU oya="0"/><INIT seed="0,0,0,2,0,114" ten="250,250,250,250" oya="0" hai0="74,52,118,113,18,130,82,92,36,132,3,96,41" hai1="45,35,9,22,68,12,73,11,134,80,116,64,59" hai2="7,77,102,135,108,81,117,27,0,58,133,72,125" hai3="100,76,123,54,63,8,40,20,131,32,66,48,91"/><T30/><D113/><U109/><E35/><V85/><F125/><W95/><G123/><T119/><D3/><U70/><E134/><N who="2" m="51211" /><F108/><W90/><G131/><T49/><D132/><U121/><E121/><V106/><F0/><W79/><G32/><T71/><D71/><U107/><E107/><V15/><F27/><W86/><G8/><T1/><D1/><U50/><E109/><V57/><F72/><W127/><G127/><T110/><D110/><U93/><E70/><V120/><F120/><W24/><G40/><T23/><D30/><U67/><E68/><V126/><F126/><W105/><G105/><T25/><D130/><U13/><E73/><V5/><F102/><W39/><G39/><T129/><D129/><U97/><E80/><V69/><F106/><W83/><G100/><T62/><D41/><U31/><E12/><V38/><F38/><W4/><G4/><N who="2" m="1609" /><F69/><W87/><G66/><T26/><D26/><U16/><E67/><V33/><F33/><W56/><REACH who="3" step="1"/><G63/><REACH who="3" step="2"/><T43/><D43/><U88/><E64/><V111/><F111/><W99/><G99/><T61/><D36/><U65/><E65/><V55/><F58/><W124/><G124/><T29/><D62/><U89/><E59/><V2/><F2/><W17/><AGARI ba="0,1" hai="17,20,24,48,54,56,76,79,83,86,87,90,91,95" machi="17" ten="20,5200,0" yaku="1,1,0,1,7,1,8,1,53,0" doraHai="114" doraHaiUra="128" who="3" fromWho="3" sc="250,-26,250,-13,250,-13,240,62" /><INIT seed="1,0,0,3,3,102" ten="224,237,237,302" oya="1" hai0="83,125,37,12,132,20,80,36,75,8,48,10,62" hai1="6,13,121,111,106,79,109,114,25,58,92,131,45" hai2="42,87,2,3,129,57,55,44,110,126,128,127,49" hai3="23,94,116,124,60,100,9,50,135,69,81,90,118"/><U56/><E121/><V108/><F87/><W39/><G39/><T82/><D75/><U115/><E131/><N who="2" m="50251" /><F3/><W30/><G9/><T88/><D132/><U96/><E79/><V113/><F2/><W77/><G135/><T21/><D125/><N who="2" m="47626" /><F113/><N who="1" m="43017" /><E45/><V99/><F99/><W107/><G50/><AGARI ba="0,0" hai="42,44,49,50,55,57,108,110" m="47626,50251" machi="50" ten="30,7700,0" yaku="19,1,18,1,34,2" doraHai="102" who="2" fromWho="3" sc="224,0,237,0,237,77,302,-77" /><INIT seed="2,0,0,5,0,102" ten="224,237,314,225" oya="2" hai0="17,82,0,124,119,85,117,35,104,103,44,115,76" hai1="92,40,70,113,52,114,131,24,71,106,21,107,29" hai2="84,30,105,80,64,18,23,7,127,42,22,95,51" hai3="88,69,129,126,98,5,109,31,3,121,59,110,123"/><V26/><F127/><W50/><G69/><T130/><D0/><U118/><E118/><N who="0" m="45065" /><D124/><U72/><E72/><V78/><F64/><W128/><G31/><T43/><D115/><U79/><E79/><V81/><F7/><W120/><G5/><T19/><D35/><U89/><E131/><N who="3" m="50250" /><G3/><T77/><D77/><U58/><E40/><V47/><F105/><N who="1" m="39945" /><E114/><V53/><F95/><N who="3" m="56679" /><G50/><N who="0" m="26911" /><D130/><U112/><E113/><V122/><F81/><W134/><G59/><T90/><D76/><U32/><E112/><V6/><F6/><W49/><G49/><T9/><D9/><U66/><E32/><V135/><F122/><N who="3" m="31235" /><W111/><DORA hai="14" /><G126/><T38/><D38/><U86/><E29/><V10/><F10/><W55/><G55/><T65/><D65/><U57/><E66/><V12/><F135/><AGARI ba="0,0" hai="109,110,111,134,135" m="31235,56679,50250" machi="135" ten="60,8000,1" yaku="14,1,19,1,34,2,54,1" doraHai="102,14" who="3" fromWho="2" sc="224,0,237,0,314,-80,225,80" /><INIT seed="3,0,0,0,2,51" ten="224,237,234,305" oya="3" hai0="128,5,95,130,60,68,9,37,11,119,56,106,98" hai1="100,26,134,82,27,78,133,125,15,65,64,66,90" hai2="97,7,44,89,107,115,124,81,6,58,93,8,23" hai3="112,129,83,117,17,10,57,113,108,91,99,46,101"/><W126/><G117/><T2/><D68/><U123/><E123/><V47/><F115/><W21/><G129/><N who="0" m="49771" /><D11/><U59/><E125/><V24/><F124/><W38/><G126/><T87/><D119/><U18/><E100/><V77/><F107/><W55/><G10/><T49/><D49/><U114/><E59/><V80/><F58/><W122/><G122/><T52/><D37/><U103/><E90/><V36/><F36/><W74/><G74/><T88/><D106/><U16/><E103/><V71/><F71/><W84/><G108/><T67/><D67/><U22/><E114/><V109/><F109/><W63/><G46/><N who="2" m="17449" /><F8/><W132/><G132/><N who="1" m="50794" /><E18/><N who="2" m="12407" /><F77/><W1/><G1/><T76/><D76/><U73/><AGARI ba="0,0" hai="15,16,22,26,27,64,65,66,73,78,82" m="50794" machi="73" ten="30,2000,0" yaku="20,1,54,1" doraHai="51" who="1" fromWho="1" sc="224,-5,237,20,234,-5,305,-10" /><INIT seed="4,0,0,4,2,16" ten="219,257,229,295" oya="0" hai0="102,54,46,40,134,90,133,31,73,34,112,57,59" hai1="129,122,132,127,98,35,106,103,113,81,99,37,30" hai2="6,33,120,79,20,72,41,12,52,119,118,63,117" hai3="65,9,17,93,107,64,26,10,56,36,110,121,88"/><T109/><D109/><U42/><E122/><V25/><F120/><W130/><G36/><T97/><D112/><U101/><E132/><N who="0" m="50793" /><D73/><U75/><E129/><V131/><F131/><W100/><G107/><N who="0" m="63951" /><D54/><U39/><E113/><V51/><F79/><W76/><G76/><T125/><D125/><U83/><E127/><V27/><F72/><W84/><G100/><T108/><D108/><U94/><E75/><V45/><F33/><W0/><G0/><T62/><D62/><U128/><E128/><V86/><F86/><W115/><G115/><T70/><D70/><U124/><E124/><V55/><F6/><W85/><G121/><T69/><D69/><U96/><E96/><V67/><F12/><W28/><G28/><T77/><D77/><U71/><E71/><N who="2" m="42495" /><F27/><W123/><G123/><T11/><D11/><N who="3" m="4105" /><G84/><T32/><D90/><U92/><E106/><V80/><F80/><W49/><G130/><T29/><D29/><AGARI ba="0,0" hai="20,25,29,41,45,51,52,55,117,118,119" m="42495" machi="29" ten="30,3900,0" yaku="12,1,52,1,54,1" doraHai="16" who="2" fromWho="0" sc="219,-39,257,0,229,39,295,0" /><INIT seed="5,0,0,4,0,84" ten="180,257,268,295" oya="1" hai0="92,72,130,49,67,65,94,124,100,27,14,123,26" hai1="23,77,133,96,115,78,64,68,97,34,33,37,95" hai2="11,121,79,15,83,118,35,109,19,122,89,3,0" hai3="103,81,71,91,101,126,46,32,106,28,88,102,127"/><U6/><E37/><V41/><F109/><W119/><G71/><T132/><D123/><U93/><E133/><V1/><F118/><W111/><G46/><T38/><D132/><U54/><E115/><V90/><F35/><W80/><G111/><T7/><D38/><U13/><E68/><V4/><F41/><W51/><G51/><T31/><D72/><U57/><E64/><V105/><F105/><W74/><G28/><T17/><D7/><U61/><E34/><V42/><F42/><W18/><G18/><T87/><D130/><U53/><E33/><V85/><REACH who="2" step="1"/><F4/><REACH who="2" step="2"/><W52/><G32/><T108/><D108/><U47/><E6/><V24/><F24/><N who="0" m="9258" /><D31/><U62/><E13/><V66/><F66/><N who="0" m="25098" /><D124/><N who="3" m="47657" /><G119/><T73/><D73/><U135/><E135/><V60/><F60/><W25/><G106/><T134/><D134/><U129/><E62/><V69/><F69/><W40/><G40/><T10/><D100/><U5/><E61/><V43/><F43/><W117/><G74/><T82/><D49/><U21/><E5/><V99/><F99/><W30/><G117/><T20/><D20/><U8/><E21/><V29/><F29/><W36/><G36/><T70/><D70/><U44/><E23/><V9/><F9/><W120/><G120/><AGARI ba="0,1" hai="0,1,3,11,15,19,79,83,85,89,90,120,121,122" machi="120" ten="50,6400,0" yaku="1,1,52,2,53,0" doraHai="84" doraHaiUra="112" who="2" fromWho="3" sc="180,0,257,0,258,74,295,-64" owari="180,-32,257,6,332,43,231,-17" /></mjloggm>