<mjloggm ver="2.3"><GO type="169"/><UN n0="%61%6C%66%73%70%72%33%32" n1="%E5%BD%B1%E5%8D%83%E4%BB%A3" n2="%EF%BC%88%E2%89%A7%E2%96%BD%E2%89%A6%EF%BC%89" n3="%E3%81%8F%E3%82%89%E3%81%8F%E3%82%89" dan="16,17,18,16" rate="2076,2146,2191,2099" sx="M,F,M,M"/><TAIKYOKU oya="0"/><INIT seed="0,0,0,4,5,134" ten="250,250,250,250" oya="0" hai0="120,22,133,128,94,118,89,25,40,52,114,127,86" hai1="93,38,97,19,116,57,32,36,115,8,35,44,53" hai2="82,102,100,18,110,74,96,122,49,17,15,0,47" hai3="63,42,28,21,98,10,34,24,30,91,33,129,60"/><T117/><D114/><U113/><E116/><V87/><F122/><W75/><G75/><T55/><D120/><U6/><E19/><V9/><F110/><W5/><G42/><T67/><D133/><U12/><E44/><V69/><F69/><W125/><G129/><T112/><D112/><N who="1" m="43083" /><E93/><V29/><F29/><W62/><G21/><T103/><D128/><U92/><E57/><V124/><F74/><W66/><G91/><T11/><D40/><U1/><E53/><N who="2" m="29887" /><F0/><W16/><G98/><N who="0" m="59863" /><D117/><U39/><E1/><V85/><F85/><W95/><G95/><N who="0" m="54711" /><D118/><U70/><E70/><V130/><F130/><W61/><G33/><T101/><D101/><AGARI ba="0,0" hai="6,8,12,32,35,36,38,39,92,97,101" m="43083" machi="101" ten="40,1300,0" yaku="11,1" doraHai="134" who="1" fromWho="0" sc="250,-13,250,13,250,0,250,0" /><INIT seed="1,0,0,4,1,116" ten="237,263,250,250" oya="1" hai0="60,7,75,0,41,89,105,91,134,44,133,68,5" hai1="62,120,63,88,21,53,80,79,100,93,94,72,85" hai2="23,57,67,56,42,29,122,47,55,73,30,8,9" hai3="66,1,132,114,69,58,76,77,3,64,10,90,131"/><U121/><E21/><V12/><F73/><W84/><G114/><T126/><D75/><U125/><E125/><V128/><F128/><W26/><G131/><T127/><D105/><U28/><E28/><V109/><F109/><W108/><G69/><T34/><D34/><U81/><E53/><V31/><F67/><W96/><G96/><T112/><D112/><U11/><E11/><V52/><F122/><N who="1" m="47209" /><E63/><N who="2" m="36231" /><F47/><W117/><G117/><T37/><D60/><U92/><E62/><N who="2" m="36159" /><F42/><W124/><G108/><T48/><D37/><U40/><E40/><V98/><F98/><AGARI ba="0,0" hai="72,79,80,81,85,88,92,93,94,98,100" m="47209" machi="98" ten="30,18000,2" yaku="34,2,52,3,54,1" doraHai="116" who="1" fromWho="2" sc="237,0,263,180,250,-180,250,0" /><INIT seed="1,1,0,4,5,71" ten="237,443,70,250" oya="1" hai0="22,4,76,123,14,124,0,101,134,83,69,128,98" hai1="72,104,121,18,38,29,81,103,3,87,47,32,110" hai2="97,115,88,120,43,109,77,61,119,24,17,44,93" hai3="53,135,54,125,48,94,112,25,50,55,13,57,64"/><U75/><E121/><V21/><F120/><W33/><G112/><T12/><D123/><U30/><E3/><V1/><F115/><W111/><G125/><T41/><D124/><U132/><E132/><V58/><F119/><W102/><G135/><T59/><D69/><U99/><E110/><V105/><F109/><W15/><G111/><T79/><D134/><U49/><E38/><V126/><F1/><W35/><G64/><T116/><D0/><U113/><E113/><V91/><F126/><W37/><G37/><T7/><D116/><U74/><E18/><V129/><F129/><W60/><G55/><T96/><D41/><U36/><E36/><V16/><F77/><W108/><G108/><T117/><D117/><U90/><REACH who="1" step="1"/><E32/><REACH who="1" ten="237,433,70,250" step="2"/><V84/><F17/><W46/><G35/><T34/><D34/><U114/><E114/><V23/><F21/><W62/><G33/><T131/><D22/><U106/><E106/><V5/><F105/><W51/><G102/><T26/><D101/><U107/><E107/><V8/><F5/><W42/><G42/><AGARI ba="1,1" hai="29,30,42,47,49,72,74,75,81,87,90,99,103,104" machi="42" ten="40,7700,0" yaku="1,1,53,2" doraHai="71" doraHaiUra="27" who="1" fromWho="3" sc="237,0,433,90,70,0,250,-80" /><INIT seed="1,2,0,3,2,89" ten="237,523,70,170" oya="1" hai0="48,114,91,1,10,21,88,99,26,135,132,131,29" hai1="51,0,82,60,121,87,36,122,47,19,37,17,46" hai2="57,53,45,75,86,22,110,15,41,98,62,7,13" hai3="65,119,5,134,63,120,104,129,94,115,59,81,97"/><U93/><E0/><V25/><F75/><W34/><G34/><T43/><D114/><U102/><E60/><V73/><F73/><W79/><G115/><T50/><D131/><U8/><E8/><V11/><F110/><W128/><G120/><T27/><D26/><U103/><E82/><V9/><F86/><W117/><G104/><T44/><D50/><U105/><E87/><V61/><F98/><W3/><G134/><N who="0" m="51243" /><D99/><U32/><E105/><V124/><F124/><W109/><G109/><T111/><D111/><U42/><E51/><V72/><F72/><N who="3" m="43239" /><G5/><AGARI ba="2,0" hai="1,5,10,21,27,29,43,44,48,88,91" m="51243" machi="5" ten="30,2000,0" yaku="20,1,54,1" doraHai="89" who="0" fromWho="3" sc="237,26,523,0,70,0,170,-26" /><INIT seed="2,0,0,4,0,131" ten="263,523,70,144" oya="2" hai0="112,109,2,117,69,111,6,38,49,63,56,89,13" hai1="14,81,124,127,24,8,51,1,31,95,93,16,59" hai2="100,113,9,99,104,101,86,64,73,119,72,39,77" hai3="116,28,115,54,43,133,103,3,55,114,78,29,17"/><V67/><F39/><W47/><G3/><T74/><D38/><U33/><E1/><V45/><F45/><W90/><G103/><T120/><D112/><N who="3" m="43049" /><G78/><T10/><D120/><U36/><E36/><V65/><F113/><W68/><G68/><T118/><D74/><U80/><E59/><V42/><F42/><W7/><G7/><T97/><D69/><U102/><E51/><V41/><F41/><W25/><G116/><N who="0" m="44651" /><D49/><U40/><E40/><V105/><F119/><W134/><G90/><T87/><D97/><N who="1" m="59695" /><E95/><V50/><F50/><N who="3" m="27007" /><G17/><T0/><D0/><U44/><E44/><V75/><F9/><W30/><G25/><T94/><D2/><U126/><AGARI ba="0,0" hai="8,14,16,24,31,33,80,81,124,126,127" m="59695" machi="126" ten="30,2000,0" yaku="18,1,54,1" doraHai="131" who="1" fromWho="1" sc="263,-5,523,20,70,-10,144,-5" /><INIT seed="3,0,0,2,2,93" ten="258,543,60,139" oya="3" hai0="135,94,71,65,19,39,42,73,11,110,31,128,29" hai1="20,74,99,84,133,132,59,45,33,47,113,8,10" hai2="90,88,87,102,91,53,83,41,105,1,46,44,23" hai3="43,108,49,36,104,61,129,5,100,62,21,30,125"/><W24/><G5/><T79/><D128/><U80/><E74/><V66/><F1/><W6/><G6/><T55/><D79/><U106/><E33/><V112/><F112/><W69/><G129/><T98/><D73/><U48/><E20/><V70/><F53/><W13/><G125/><T111/><D135/><N who="1" m="51787" /><E59/><V121/><F121/><W134/><G108/><N who="0" m="41515" /><D42/><N who="1" m="24631" /><E47/><V120/><F120/><W60/><G134/><T68/><D39/><U109/><E109/><V101/><F23/><W115/><G13/><N who="0" m="7615" /><D55/><U63/><E63/><V16/><F46/><W32/><G36/><T123/><D65/><U17/><E113/><V103/><F105/><W15/><G115/><T28/><D123/><U4/><E17/><V40/><F16/><N who="3" m="10399" /><G43/><T116/><D116/><U126/><E126/><V85/><F44/><W124/><G49/><T76/><D76/><N who="1" m="46087" /><E4/><V37/><F37/><W34/><G124/><T92/><D94/><U54/><E54/><V81/><REACH who="2" step="1"/><F91/><AGARI ba="0,0" hai="28,29,31,68,71,91,92,98" m="7615,41515" machi="91" ten="30,2000,0" yaku="14,1,52,1" doraHai="93" who="0" fromWho="2" sc="258,20,543,0,60,-20,139,0" /><INIT seed="4,0,0,1,3,109" ten="278,543,40,139" oya="0" hai0="66,90,27,45,28,106,97,56,16,4,98,69,10" hai1="122,68,132,49,76,67,52,128,85,21,64,2,1" hai2="18,41,20,47,77,58,62,124,92,65,115,91,110" hai3="133,129,131,5,134,86,25,34,0,30,50,135,42"/><T48/><D69/><U59/><E122/><V74/><F110/><W37/><G37/><T103/><D97/><U80/><E132/><V84/><F124/><W35/><G86/><T126/><D126/><U104/><E104/><V112/><F77/><W13/><G42/><T55/><D90/><U73/><E128/><N who="3" m="49226" /><G50/><T31/><D66/><N who="1" m="25131" /><E2/><V36/><REACH who="2" step="1"/><F74/><REACH who="2" ten="278,543,30,139" step="2"/><W121/><G121/><T95/><D106/><U96/><E73/><V82/><F82/><W87/><G87/><T105/><D105/><U8/><E68/><V107/><F107/><W40/><G40/><T44/><D95/><U89/><E1/><V78/><F78/><W63/><G63/><T23/><D98/><U113/><E96/><V53/><F53/><W14/><G35/><T17/><D55/><U101/><E76/><V57/><F57/><W123/><G123/><T117/><D56/><U24/><E52/><V12/><AGARI ba="0,1" hai="12,18,20,36,41,47,58,62,65,84,91,92,112,115" machi="12" ten="30,8000,1" yaku="1,1,0,1,52,2,53,1" doraHai="109" doraHaiUra="15" who="2" fromWho="2" sc="278,-40,543,-20,30,90,139,-20" /><INIT seed="5,0,0,0,5,123" ten="238,523,120,119" oya="1" hai0="107,10,104,43,56,96,101,110,12,49,44,60,102" hai1="27,54,21,85,5,90,112,121,95,18,117,65,99" hai2="37,28,1,76,126,34,8,129,78,61,17,118,62" hai3="81,31,103,75,71,33,57,55,20,6,19,39,127"/><U32/><E121/><V38/><F118/><W116/><G116/><T42/><D110/><U109/><E117/><V122/><F122/><W70/><G39/><T64/><D102/><U46/><E112/><V111/><F111/><W105/><G6/><T108/><D108/><U114/><E109/><V135/><F135/><W79/><G127/><T69/><D69/><U91/><E32/><V47/><F126/><W100/><G31/><T66/><D66/><U63/><E114/><V7/><F129/><W84/><G33/><T26/><D26/><U0/><E0/><V52/><F17/><W59/><G59/><T128/><D128/><U87/><E5/><V51/><F38/><W36/><G36/><T86/><D86/><U130/><E130/><V119/><F37/><W120/><G120/><T11/><D11/><U115/><E115/><V97/><F97/><W98/><G103/><T3/><D3/><U134/><E134/><V15/><F119/><W30/><G30/><T14/><D14/><U113/><E113/><V40/><F15/><W82/><G19/><T88/><D107/><U93/><E99/><V125/><F125/><W13/><G13/><T4/><D88/><U58/><E46/><V68/><F68/><W131/><G20/><T92/><D104/><U72/><E72/><V89/><F89/><N who="3" m="51343" /><G131/><T73/><D73/><U48/><E65/><V45/><F47/><W2/><G2/><T23/><D23/><U132/><E132/><V53/><F40/><AGARI ba="0,0" hai="4,10,12,40,42,43,44,49,56,60,64,92,96,101" machi="40" ten="30,2000,0" yaku="7,1,8,1" doraHai="123" who="0" fromWho="2" sc="238,20,523,0,120,-20,119,0" /><INIT seed="6,0,0,0,3,90" ten="258,523,100,119" oya="2" hai0="89,135,113,21,78,15,126,120,80,124,82,27,105" hai1="2,77,14,56,13,25,106,24,6,128,69,102,98" hai2="19,104,83,71,112,45,4,134,50,118,18,68,34" hai3="5,58,115,107,1,51,117,95,66,125,127,75,119"/><V114/><F118/><W43/><G107/><T64/><D120/><U97/><E69/><N who="2" m="26699" /><F34/><W67/><G75/><T41/><D105/><U36/><E36/><V59/><F104/><W72/><G72/><T87/><D41/><U130/><E77/><V30/><F30/><W11/><G115/><N who="2" m="44073" /><F134/><W91/><G117/><T63/><D135/><U60/><E98/><V88/><F59/><W122/><G119/><T79/><D113/><U70/><E70/><V103/><F103/><W85/><G122/><T28/><D15/><N who="1" m="5643" /><E6/><V65/><F65/><W9/><G9/><T74/><D79/><U123/><E2/><V16/><F4/><W12/><G1/><T32/><D32/><U8/><E8/><V52/><F19/><W101/><G101/><T38/><D38/><U121/><E121/><V96/><F96/><W22/><G22/><T49/><D64/><N who="1" m="38919" /><E123/><V110/><F110/><W20/><G20/><T62/><D21/><U3/><E3/><V39/><F39/><W33/><G33/><T35/><D35/><U76/><E106/><V99/><F99/><W7/><G7/><T93/><D28/><U40/><E97/><V108/><F108/><W84/><G67/><T37/><D37/><U0/><E102/><V17/><F17/><W116/><G66/><T131/><D74/><U42/><E0/><V53/><F53/><N who="3" m="32063" /><G116/><T44/><D78/><U109/><E76/><V86/><AGARI ba="0,0" hai="16,18,45,50,52,83,86,88" m="44073,26699" machi="86" ten="40,12000,1" yaku="15,1,54,3" doraHai="90" who="2" fromWho="2" sc="258,-40,523,-40,100,120,119,-40" /><INIT seed="6,1,0,4,1,37" ten="218,483,220,79" oya="2" hai0="92,122,69,0,119,106,10,134,77,114,26,39,121" hai1="56,101,42,17,33,40,7,28,65,19,4,78,35" hai2="86,91,5,102,79,18,131,125,2,34,132,23,81" hai3="97,67,87,110,123,51,3,62,57,49,90,25,24"/><V8/><F131/><W105/><G3/><T118/><D69/><U84/><E101/><V82/><F132/><W95/><G123/><T115/><D39/><U68/><E28/><V59/><F125/><W135/><G135/><T22/><D106/><U99/><E68/><V44/><F34/><W108/><G108/><T30/><D134/><U52/><E65/><V103/><F59/><W38/><G38/><T64/><D92/><U14/><E99/><V75/><REACH who="2" step="1"/><F44/><REACH who="2" ten="218,483,210,79" step="2"/><W63/><G110/><T55/><D122/><U130/><E33/><V21/><F21/><W41/><G105/><T112/><D121/><U61/><E35/><V100/><F100/><W124/><G124/><T120/><D120/><U98/><E130/><V88/><F88/><W53/><G63/><T45/><D115/><U48/><E78/><V83/><F83/><W32/><G32/><T113/><D77/><U72/><E56/><V31/><F31/><W54/><G67/><T93/><D64/><U109/><E61/><V76/><F76/><W73/><G73/><T11/><D113/><U9/><E72/><V13/><AGARI ba="1,1" hai="2,5,8,13,18,23,75,79,81,82,86,91,102,103" machi="13" ten="20,3900,0" yaku="1,1,0,1,7,1,53,0" doraHai="37" doraHaiUra="71" who="2" fromWho="2" sc="218,-14,483,-14,210,52,79,-14" /><INIT seed="6,2,0,2,1,102" ten="204,469,262,65" oya="2" hai0="106,122,23,66,34,48,91,100,92,51,31,15,20" hai1="129,13,88,110,115,120,84,58,81,44,109,124,103" hai2="96,47,113,123,50,104,3,6,36,127,42,89,75" hai3="105,59,14,71,38,135,22,99,69,77,125,37,107"/><V29/><F123/><W32/><G99/><T33/><D122/><U128/><E120/><V85/><F75/><W27/><G77/><T61/><D100/><U82/><E124/><V2/><F127/><W49/><G125/><T28/><D106/><U9/><E103/><V94/><F113/><W64/><G14/><T1/><D1/><U118/><E118/><V41/><F29/><W93/><G93/><T90/><D92/><U45/><E115/><V67/><F67/><W73/><G73/><T7/><D7/><N who="1" m="3263" /><E81/><V65/><F65/><W86/><G86/><T83/><D83/><U0/><E0/><V126/><F126/><W55/><G64/><T98/><D15/><U10/><E10/><V35/><F35/><W18/><G32/><T8/><D8/><U131/><E58/><V5/><F104/><W133/><G71/><T25/><D66/><U63/><E63/><V116/><F116/><W16/><G18/><T62/><D25/><U87/><E87/><V30/><F30/><W53/><G69/><T72/><D72/><U57/><E57/><V39/><F2/><W117/><G117/><T134/><D98/><U24/><E24/><V56/><F3/><W80/><G80/><T70/><D70/><U4/><E4/><V52/><F96/><W130/><G38/><T101/><D101/><U79/><E79/><V108/><F108/><AGARI ba="2,0" hai="44,45,82,84,88,108,109,110,128,129,131" m="3263" machi="108" ten="40,2600,0" yaku="19,1,54,1" doraHai="102" who="1" fromWho="2" sc="204,0,469,32,262,-32,65,0" /><INIT seed="7,0,0,4,1,71" ten="204,501,230,65" oya="3" hai0="39,50,99,127,16,82,43,97,10,47,108,41,116" hai1="101,15,44,83,29,17,74,105,66,11,21,72,59" hai2="115,18,0,35,2,132,23,34,124,112,122,24,129" hai3="12,121,6,61,95,36,113,52,126,1,133,40,68"/><W7/><G121/><T120/><D108/><U46/><E74/><V28/><F122/><W31/><G31/><T55/><D120/><U134/><E105/><V64/><F132/><W22/><G133/><T91/><D116/><U30/><E72/><V5/><F129/><W93/><G126/><T81/><D127/><U37/><E101/><V107/><F107/><W87/><G1/><N who="2" m="617" /><F124/><W84/><G113/><N who="2" m="43593" /><F5/><N who="3" m="1547" /><G40/><N who="0" m="15435" /><D39/><U63/><E46/><V51/><F64/><W111/><G36/><T119/><D119/><U9/><E21/><N who="2" m="15375" /><F51/><W98/><G111/><T106/><D106/><U96/><E59/><V4/><F4/><W53/><G68/><T88/><D91/><U131/><E83/><V14/><AGARI ba="0,0" hai="14,18,23,34,35" m="15375,43593,617" machi="14" ten="30,4000,0" yaku="15,1,34,2" doraHai="71" who="2" fromWho="2" sc="204,-10,501,-10,230,40,65,-20" owari="194,-21.0,491,59.0,270,7.0,45,-45.0" /></mjloggm>