<mjloggm ver="2.3"><GO type="41"/><UN n0="%EF%BC%88%E2%89%A7%E2%96%BD%E2%89%A6%EF%BC%89" n1="%6E%2D%63%68%65%72%72%79" n2="%72%61%69%6F%33%36%37" n3="%79%75%6B%69%31%31%32%32" dan="15,14,13,15" rate="2005,1908,1911,1930" sx="M,F,M,M"/><TAIKYOKU oya="0"/><INIT seed="0,0,0,5,4,33" ten="250,250,250,250" oya="0" hai0="32,59,82,56,28,22,75,113,34,90,49,70,60" hai1="5,17,16,67,40,44,93,84,52,63,96,21,86" hai2="23,104,66,7,9,11,15,125,109,98,101,88,122" hai3="134,0,30,81,91,108,118,53,39,18,35,29,43"/><T55/><D113/><U74/><E74/><V116/><F109/><W68/><G108/><T10/><D70/><U130/><E130/><V117/><F125/><W83/><G68/><T126/><D126/><U47/><E5/><V64/><F122/><W120/><G118/><N who="2" m="45673" /><F23/><W27/><G120/><T20/><D10/><U4/><E4/><N who="2" m="3495" /><F88/><W79/><G53/><T128/><D128/><U8/><E8/><V12/><AGARI ba="0,0" hai="7,11,12,64,66,98,101,104" m="3495,45673" machi="12" ten="30,1100,0" yaku="12,1" doraHai="33" who="2" fromWho="2" sc="250,-5,250,-3,250,11,250,-3" /><INIT seed="1,0,0,3,1,117" ten="245,247,261,247" oya="1" hai0="70,90,95,113,79,13,134,120,33,129,133,97,28" hai1="8,61,92,48,34,124,93,111,69,116,123,4,131" hai2="35,74,6,96,54,45,87,91,25,56,109,55,51" hai3="64,71,18,112,103,24,75,105,65,26,118,98,23"/><U46/><E116/><V86/><F74/><W47/><G112/><T135/><D113/><U44/><E34/><V81/><F109/><W125/><G75/><T50/><D129/><U67/><E123/><V19/><F6/><W27/><G118/><T66/><D79/><U115/><E115/><V110/><F110/><W99/><G125/><T104/><D104/><U52/><E111/><V29/><F19/><W94/><G65/><T72/><D72/><U38/><E131/><V130/><F130/><W100/><G64/><T101/><D50/><U132/><E132/><V57/><F96/><W16/><G71/><T58/><D70/><U68/><E69/><V126/><F126/><W102/><G47/><T21/><D33/><U17/><E17/><V108/><F108/><W32/><G32/><T119/><D119/><U2/><REACH who="1" step="1"/><E124/><REACH who="1" ten="245,237,261,247" step="2"/><V30/><F35/><W73/><G18/><N who="0" m="10447" /><D28/><U22/><E22/><V106/><F30/><W84/><G16/><T20/><D20/><U128/><E128/><V39/><F29/><W41/><G23/><T5/><D5/><U63/><E63/><V76/><F25/><W15/><G27/><T1/><D120/><U82/><E82/><V83/><F39/><W31/><G26/><T80/><D135/><U42/><AGARI ba="0,1" hai="2,4,8,38,42,44,46,48,52,61,67,68,92,93" machi="42" ten="30,11700,0" yaku="1,1,0,1,54,1,53,1" doraHai="117" doraHaiUra="36" who="1" fromWho="1" sc="245,-39,237,127,261,-39,247,-39" /><INIT seed="1,1,0,2,3,107" ten="206,364,222,208" oya="1" hai0="24,116,120,37,58,128,29,14,64,131,0,2,125" hai1="36,85,90,88,11,83,4,84,100,50,12,101,43" hai2="135,27,34,42,69,89,44,118,56,127,75,57,25" hai3="93,98,13,16,81,132,91,126,1,71,122,109,55"/><U17/><E36/><V117/><F69/><W96/><G1/><N who="0" m="619" /><D37/><U78/><E78/><V134/><F34/><W62/><G122/><T73/><D73/><U72/><E72/><V94/><F75/><W112/><G112/><T47/><D47/><U97/><E97/><V10/><F127/><W48/><G126/><T123/><D125/><U41/><E4/><V80/><F80/><W74/><G98/><T86/><D86/><U19/><E17/><V23/><F10/><W21/><G71/><T3/><D3/><U66/><E66/><V130/><F130/><N who="0" m="49706" /><D58/><U76/><E76/><V106/><F106/><W105/><G62/><T115/><D64/><U46/><REACH who="1" step="1"/><E43/><REACH who="1" ten="206,354,222,208" step="2"/><V99/><F118/><W6/><G96/><T77/><D77/><U60/><E60/><V79/><F117/><W108/><G74/><T68/><D116/><U40/><E40/><V51/><F79/><W33/><G48/><T121/><D115/><U22/><E22/><V61/><F61/><W8/><G21/><N who="0" m="15503" /><D68/><U124/><E124/><V5/><F23/><W28/><G55/><T49/><D49/><U45/><E45/><V92/><F51/><W9/><G105/><T104/><D104/><U31/><E31/><V7/><F44/><W32/><G28/><T67/><D67/><U39/><E39/><V119/><F119/><W20/><G20/><T102/><D102/><U59/><E59/><V129/><F99/><W70/><G70/><T15/><AGARI ba="1,1" hai="14,15,120,121,123" m="15503,49706,619" machi="15" ten="40,8000,1" yaku="13,1,19,1,34,2" doraHai="107" who="0" fromWho="0" sc="206,93,354,-41,222,-21,208,-21" /><INIT seed="2,0,0,3,3,121" ten="299,313,201,187" oya="2" hai0="3,117,73,17,34,112,55,25,27,105,5,119,31" hai1="130,66,59,33,7,22,13,76,26,15,78,79,102" hai2="111,99,41,114,118,2,93,77,12,71,1,51,107" hai3="35,44,75,28,116,126,92,36,48,110,108,18,98"/><V131/><F114/><W21/><G116/><N who="0" m="44619" /><D73/><U135/><E33/><V4/><F118/><W64/><G75/><T49/><D105/><U38/><E38/><V89/><F71/><W134/><G36/><T60/><D60/><N who="1" m="38175" /><E130/><V61/><F131/><W91/><G64/><T94/><D94/><U81/><E135/><V54/><F107/><W46/><G134/><T100/><D100/><U39/><E39/><V95/><F77/><W85/><G126/><T9/><D55/><U32/><E32/><V72/><F72/><W113/><G113/><T74/><D49/><U19/><E102/><V115/><F115/><W128/><G128/><T24/><D74/><U101/><E101/><V69/><F69/><W14/><G98/><T70/><D70/><U68/><E68/><V129/><F129/><W20/><G35/><T106/><D106/><U67/><E67/><V0/><F61/><W29/><G46/><T88/><D88/><U87/><E7/><V57/><F4/><W132/><G132/><T40/><D40/><U109/><E15/><V80/><F41/><W56/><G44/><T103/><D103/><U16/><E79/><V82/><F12/><W123/><G123/><T124/><D124/><U11/><E78/><V37/><F37/><W23/><G29/><T45/><D112/><U50/><E50/><V133/><F133/><W30/><G30/><T104/><D104/><U96/><E96/><N who="2" m="57391" /><F1/><W62/><G28/><T122/><D122/><U10/><E76/><V83/><F0/><W52/><G62/><T86/><D3/><U65/><E65/><V53/><F2/><RYUUKYOKU ba="0,0" sc="299,-10,313,-10,201,-10,187,30" hai3="14,18,20,21,23,48,52,56,85,91,92,108,110" /><INIT seed="3,1,0,4,1,21" ten="289,303,191,217" oya="3" hai0="13,52,124,30,55,2,36,117,91,131,14,89,29" hai1="12,63,69,114,5,81,90,116,51,121,62,28,35" hai2="71,129,66,23,76,87,120,97,26,60,84,22,68" hai3="59,119,130,10,47,3,74,112,127,113,27,79,103"/><W8/><G119/><T135/><D117/><U133/><E116/><V50/><F120/><W64/><G103/><T73/><D2/><U38/><E121/><V134/><F129/><W0/><G130/><T88/><D131/><U33/><E114/><V19/><F134/><W39/><G10/><T49/><D135/><U110/><E38/><V17/><F71/><W118/><G118/><T95/><D124/><U18/><E5/><V48/><F97/><W1/><G127/><T96/><D73/><U31/><E35/><V54/><F48/><W122/><G122/><T105/><D105/><U123/><E123/><V82/><F76/><W7/><G113/><T53/><D36/><U108/><E51/><V93/><F93/><W92/><G112/><T83/><D49/><U80/><E31/><N who="0" m="11785" /><D83/><N who="1" m="31819" /><E90/><AGARI ba="1,0" hai="13,14,52,53,55,88,89,90,91,95,96" m="11785" machi="90" ten="30,3900,0" yaku="8,1,54,2" doraHai="21" who="0" fromWho="1" sc="289,42,303,-42,191,0,217,0" /><INIT seed="4,0,0,1,4,0" ten="331,261,191,217" oya="0" hai0="127,86,64,71,33,119,29,73,75,62,106,8,10" hai1="116,82,109,122,124,76,134,61,74,98,12,117,60" hai2="130,132,89,59,23,28,120,55,5,36,96,14,54" hai3="125,51,95,128,70,135,123,118,4,48,40,66,87"/><T103/><D86/><U104/><E109/><V114/><F114/><W52/><G118/><T65/><D119/><U24/><E122/><V46/><F120/><W85/><G123/><T9/><D127/><U2/><E2/><V108/><F108/><W93/><G125/><T72/><D65/><U50/><E124/><V6/><F130/><W47/><G128/><T30/><REACH who="0" step="1"/><D33/><REACH who="0" ten="321,261,191,217" step="2"/><U88/><E116/><V41/><F132/><W94/><G135/><T101/><D101/><U92/><E117/><V27/><F55/><W15/><G66/><T77/><D77/><U97/><E134/><V69/><F96/><AGARI ba="0,1" hai="8,9,10,29,30,62,64,71,72,73,75,96,103,106" machi="96" ten="50,2400,0" yaku="1,1,53,0" doraHai="0" doraHaiUra="81" who="0" fromWho="2" sc="321,34,261,0,191,-24,217,0" /><INIT seed="4,1,0,4,5,50" ten="355,261,167,217" oya="0" hai0="8,9,78,71,112,70,63,108,92,26,12,3,24" hai1="103,129,52,100,22,46,124,93,87,122,14,131,21" hai2="106,7,126,88,119,53,90,30,118,27,56,69,16" hai3="62,34,41,77,132,74,72,91,10,127,125,114,35"/><T104/><D104/><U29/><E122/><V17/><F106/><W99/><G41/><T2/><D112/><U123/><E123/><V11/><F69/><W81/><G114/><T1/><D108/><U107/><E124/><V5/><F126/><W128/><G127/><T20/><D78/><U61/><E107/><V36/><F36/><W42/><G125/><T19/><D92/><U31/><E22/><V18/><F7/><W85/><G42/><T43/><D43/><U110/><E110/><V39/><F39/><W73/><G35/><T38/><D38/><U51/><E61/><V68/><F68/><W83/><G34/><T96/><D96/><N who="1" m="59407" /><E103/><V37/><F37/><W121/><G121/><T133/><D70/><U57/><E87/><V109/><F109/><W15/><G99/><T79/><D79/><U134/><E134/><V86/><F86/><W45/><G45/><T89/><D89/><U66/><E66/><V113/><F113/><W135/><G62/><T84/><D84/><U115/><E46/><V4/><F4/><W105/><G105/><T44/><D44/><U47/><E47/><V25/><F27/><N who="0" m="10282" /><D63/><U60/><E60/><V13/><F119/><W23/><G135/><T97/><D133/><U65/><E65/><V33/><REACH who="2" step="1"/><F118/><REACH who="2" ten="355,261,157,217" step="2"/><W40/><G132/><T82/><D71/><U80/><E115/><V55/><F55/><W54/><G85/><T64/><D64/><U120/><E120/><V28/><F28/><W6/><G74/><T95/><D82/><U48/><E80/><V94/><F94/><W75/><G81/><T76/><D76/><RYUUKYOKU ba="1,1" sc="355,15,261,-15,157,15,217,-15" hai0="1,2,3,8,9,12,19,20,95,97" hai2="5,11,13,16,17,18,25,30,33,53,56,88,90" /><INIT seed="4,2,1,4,1,101" ten="370,246,172,202" oya="0" hai0="26,39,12,47,121,122,34,35,85,79,116,44,63" hai1="43,6,104,9,82,77,103,102,13,93,67,15,130" hai2="127,55,111,29,64,97,11,48,50,18,46,20,27" hai3="3,68,71,4,69,90,21,110,107,92,8,14,28"/><T38/><D63/><U53/><E130/><V105/><F111/><W125/><G110/><T128/><D12/><U31/><E93/><V52/><F127/><W114/><G125/><T129/><D26/><U37/><E67/><V7/><F64/><W22/><G114/><T106/><D85/><N who="1" m="48335" /><E104/><V83/><F83/><W56/><G22/><T109/><D109/><U84/><E37/><N who="0" m="13833" /><D79/><U17/><E43/><V88/><F29/><W73/><G73/><T113/><D116/><U89/><E31/><V78/><F78/><W123/><G123/><N who="0" m="47115" /><D106/><U62/><E89/><V124/><F124/><W118/><G118/><T58/><D58/><N who="1" m="35151" /><E84/><V135/><F135/><W40/><G40/><T94/><D94/><U80/><E80/><V86/><F105/><W95/><G107/><T96/><D96/><U57/><E57/><V23/><F23/><AGARI ba="2,1" hai="6,9,13,15,17,23,102,103" m="35151,48335" machi="23" ten="30,1000,0" yaku="8,1" doraHai="101" who="1" fromWho="2" sc="370,0,246,26,172,-16,202,0" /><INIT seed="5,0,0,5,3,1" ten="370,272,156,202" oya="1" hai0="126,116,47,102,11,15,2,48,24,9,18,10,21" hai1="34,110,80,41,81,39,94,132,60,62,14,40,113" hai2="128,123,50,105,17,135,89,23,122,49,36,125,29" hai3="87,44,32,33,120,78,79,31,133,46,71,134,68"/><U75/><E34/><V7/><F36/><W55/><G87/><T74/><D116/><U27/><E113/><V83/><F128/><W112/><G31/><T37/><D74/><U72/><E72/><V88/><F135/><W25/><G25/><T114/><D114/><U106/><E106/><V111/><F111/><W103/><G103/><T127/><D102/><U90/><E27/><V35/><F125/><N who="0" m="47626" /><D2/><U119/><E119/><V56/><F105/><W96/><G96/><T59/><D59/><U8/><E132/><V107/><F107/><W20/><G55/><N who="0" m="30111" /><D37/><U58/><E75/><V91/><F35/><W85/><G85/><T93/><D93/><U65/><E62/><V5/><F29/><AGARI ba="0,0" hai="9,10,11,15,18,21,24,29" m="30111,47626" machi="29" ten="30,1000,0" yaku="18,1" doraHai="1" who="0" fromWho="2" sc="370,10,272,0,156,-10,202,0" /><INIT seed="6,0,0,4,2,16" ten="380,272,146,202" oya="2" hai0="123,52,77,38,12,63,53,61,90,14,93,88,18" hai1="51,58,50,49,96,31,2,84,134,74,115,94,80" hai2="85,46,22,111,17,13,122,43,98,116,91,72,30" hai3="11,33,36,127,101,86,82,78,113,59,28,45,29"/><V64/><F122/><W118/><G118/><T100/><D38/><U15/><E2/><V81/><F116/><W62/><G113/><T35/><D123/><U57/><E115/><V126/><F126/><W65/><G127/><T19/><D77/><U104/><E134/><V25/><F111/><W76/><G101/><T20/><D35/><U117/><E74/><V83/><F64/><W112/><G112/><T4/><D4/><U44/><E44/><V1/><F1/><W68/><G33/><T135/><D135/><U23/><E104/><V109/><F109/><W102/><G102/><T7/><D7/><U121/><E121/><V97/><F81/><W71/><G71/><T67/><D100/><N who="1" m="60439" /><E117/><V130/><F130/><W41/><G78/><T27/><D27/><N who="1" m="16895" /><E15/><V92/><F72/><W131/><G131/><T73/><D73/><U39/><E39/><V5/><F5/><W79/><G79/><AGARI ba="0,0" hai="49,50,51,57,58,79,80,84" m="16895,60439" machi="79" ten="30,2000,0" yaku="8,1,52,1" doraHai="16" who="1" fromWho="3" sc="380,0,272,20,146,0,202,-20" /><INIT seed="7,0,0,2,4,95" ten="380,292,146,182" oya="3" hai0="53,74,129,115,50,68,133,66,72,100,90,75,57" hai1="134,99,51,25,110,73,3,131,124,106,135,13,80" hai2="24,35,11,37,49,109,29,7,32,33,61,116,48" hai3="0,36,58,122,85,130,38,41,118,89,10,126,16"/><W67/><G122/><T96/><D133/><N who="1" m="50699" /><E131/><V31/><F37/><W84/><G130/><T120/><D120/><U44/><E124/><V98/><F116/><W30/><G126/><T94/><D129/><U97/><E110/><V82/><F109/><W119/><G38/><T23/><D115/><U43/><E3/><V132/><F132/><W1/><G1/><T107/><D23/><U55/><E106/><V83/><F61/><W62/><G85/><T101/><D107/><U45/><E25/><V21/><F31/><W103/><G30/><T65/><D68/><U12/><E12/><V59/><F59/><W114/><G103/><T76/><D76/><N who="1" m="44047" /><E13/><V4/><F4/><W42/><G42/><T112/><D112/><U111/><E111/><V17/><F82/><W63/><G63/><T2/><D2/><U54/><E54/><V34/><F83/><W91/><G114/><T20/><D66/><U93/><E93/><V105/><N who="2" m="8704" /><DORA hai="121" /><V77/><F77/><W52/><G67/><T18/><D65/><U5/><E5/><V71/><F71/><W22/><G91/><T128/><D128/><U6/><E6/><V28/><F29/><W102/><G102/><T19/><D19/><U69/><E69/><V127/><F127/><W27/><G10/><T123/><D123/><U8/><E8/><V39/><F39/><AGARI ba="0,0" hai="39,43,44,45,51,55,97,99" m="44047,50699" machi="39" ten="30,3900,0" yaku="20,1,52,2" doraHai="95,121" who="1" fromWho="2" sc="380,0,292,39,146,-39,182,0" owari="380,48.0,331,13.0,107,-39.0,182,-22.0" /></mjloggm>