<mjloggm ver="2.3"><GO type="41"/><UN n0="%E3%82%A6%E3%83%AB%E3%83%88%E3%83%A9%E7%AB%8B%E7%9B%B4" n1="%4E%4E%4E%6F%4E%61%6D%65" n2="%E3%83%81%E3%83%A3%E3%82%A4%E3%82%B8" n3="%6B%75%70%65%72" dan="15,14,13,13" rate="2020,1827,1879,1852" sx="M,M,M,M"/><TAIKYOKU oya="0"/><INIT seed="0,0,0,0,1,37" ten="250,250,250,250" oya="0" hai0="131,83,133,2,25,94,0,24,130,70,8,6,57" hai1="86,71,33,115,113,34,96,46,110,128,117,51,111" hai2="68,102,44,59,72,26,54,84,98,63,67,78,11" hai3="62,134,18,100,87,48,38,116,135,65,39,91,12"/><T108/><D70/><U75/><E75/><V99/><F72/><W50/><G100/><T79/><D94/><U81/><E71/><V92/><F11/><W35/><G35/><T89/><D89/><U60/><E60/><V118/><F118/><W64/><G116/><T5/><D57/><U3/><E3/><V56/><F68/><W132/><G64/><T120/><D83/><U93/><E117/><V53/><F98/><W14/><G39/><T15/><D79/><N who="1" m="46399" /><E128/><N who="0" m="49193" /><D133/><U52/><E96/><V30/><F44/><W31/><G38/><T69/><D69/><U109/><E93/><V41/><F56/><N who="3" m="37063" /><G31/><T32/><D120/><U66/><E66/><V88/><F41/><W4/><G4/><N who="0" m="1643" /><D108/><N who="1" m="27651" /><U10/><DORA hai="122" /><E10/><V129/><F78/><W16/><G91/><T23/><D2/><U80/><E80/><V27/><F27/><W1/><G1/><T17/><D0/><U21/><E21/><N who="2" m="15695" /><F129/><W90/><G87/><T74/><D74/><U97/><E97/><V82/><AGARI ba="0,0" hai="53,54,59,63,67,82,84,88,92,99,102" m="15695" machi="82" ten="30,4000,0" yaku="25,1,8,1,54,1" doraHai="37,122" who="2" fromWho="2" sc="250,-20,250,-10,250,40,250,-10" /><INIT seed="1,0,0,4,5,3" ten="230,240,290,240" oya="1" hai0="117,92,45,96,112,133,89,80,91,94,30,40,105" hai1="0,132,107,135,115,57,127,2,88,72,65,76,87" hai2="77,19,5,28,41,35,59,93,84,51,121,13,63" hai3="15,61,46,98,66,10,120,9,124,25,109,44,54"/><U34/><E107/><V48/><F121/><W108/><G120/><T6/><D117/><U11/><E115/><V67/><F35/><W95/><G25/><T50/><D105/><U32/><E127/><V75/><F75/><W36/><G124/><T122/><D122/><U70/><E70/><V29/><F5/><N who="3" m="3503" /><G36/><T83/><D112/><U113/><E113/><V106/><F106/><W38/><G54/><T62/><D133/><N who="1" m="51275" /><E76/><V73/><F73/><W42/><G10/><T79/><D30/><N who="2" m="11882" /><F41/><W114/><G38/><T104/><D104/><U82/><E72/><V71/><F71/><N who="3" m="42447" /><G114/><T12/><D62/><N who="1" m="38095" /><E2/><V85/><F85/><W55/><G42/><T31/><D79/><U37/><E37/><V20/><F93/><W26/><G55/><T27/><D92/><U125/><E125/><V97/><F97/><W22/><G95/><T100/><D83/><AGARI ba="0,0" hai="13,19,20,48,51,59,63,67,77,83,84" m="11882" machi="83" ten="30,1000,0" yaku="8,1" doraHai="3" who="2" fromWho="0" sc="230,-10,240,0,290,10,240,0" /><INIT seed="2,0,0,4,1,92" ten="220,240,300,240" oya="2" hai0="83,40,121,132,3,55,78,57,67,84,47,0,86" hai1="27,59,114,68,79,95,19,28,16,118,80,66,69" hai2="37,98,14,70,33,38,117,32,104,107,90,43,129" hai3="54,134,24,21,89,48,61,12,65,97,4,113,130"/><V63/><F117/><W29/><G113/><T123/><D132/><U73/><E118/><V64/><F14/><W82/><G134/><T127/><D127/><U49/><E114/><V7/><F90/><W135/><G135/><T102/><D67/><U105/><E105/><V36/><F43/><W71/><G130/><T34/><D34/><U85/><E69/><V81/><F129/><W10/><G82/><T23/><D3/><U35/><E68/><V50/><F50/><W30/><G30/><T124/><D0/><U2/><E2/><V99/><F7/><W62/><G62/><T94/><D124/><U26/><E26/><V76/><F81/><W100/><G89/><T18/><D47/><U111/><E111/><V103/><REACH who="2" step="1"/><F76/><REACH who="2" ten="220,240,290,240" step="2"/><W96/><G100/><AGARI ba="0,1" hai="32,33,36,37,38,63,64,70,98,99,100,103,104,107" machi="100" ten="40,24000,3" yaku="1,1,2,1,9,1,33,3,52,2,53,0" doraHai="92" doraHaiUra="52" who="2" fromWho="3" sc="220,0,240,0,290,250,240,-240" /><INIT seed="2,1,0,0,5,85" ten="220,240,540,0" oya="2" hai0="133,106,120,32,90,19,49,61,0,112,2,69,59" hai1="1,14,27,116,98,25,114,82,89,108,123,46,127" hai2="118,28,23,38,29,75,10,80,122,121,45,125,86" hai3="4,79,66,8,12,101,53,94,130,3,11,126,103"/><V99/><F118/><W129/><G79/><T33/><D112/><U24/><E116/><V119/><F119/><W18/><G126/><T63/><D120/><U57/><E1/><V58/><F125/><W134/><G134/><T77/><D77/><U22/><E123/><V74/><F10/><W83/><G66/><T52/><D106/><U7/><E114/><V47/><F58/><W128/><G83/><T110/><D133/><U20/><E127/><V91/><F38/><W36/><G36/><T100/><D100/><U135/><E135/><V17/><F74/><W96/><G53/><T43/><D43/><U30/><E108/><V111/><F75/><W76/><G76/><T16/><D110/><U107/><E46/><N who="2" m="17419" /><F111/><W55/><G55/><T15/><D2/><U68/><E68/><V72/><F72/><W37/><G37/><T71/><D0/><U70/><E70/><V81/><F121/><W87/><G87/><T51/><D33/><U34/><E107/><V113/><F122/><W93/><G93/><T84/><D32/><U95/><E82/><N who="2" m="49623" /><F99/><W48/><G48/><N who="0" m="31111" /><D71/><U104/><E104/><V40/><F40/><W26/><G26/><N who="1" m="10346" /><E34/><V117/><F117/><W124/><G124/><T60/><D69/><U131/><E57/><V105/><F105/><W109/><G109/><T13/><D51/><U64/><E64/><V67/><F67/><W44/><G44/><T92/><D49/><U35/><E35/><V5/><F113/><W115/><G115/><T31/><D31/><N who="2" m="11850" /><F5/><W6/><G6/><T62/><N who="0" m="15872" /><DORA hai="54" /><T50/><D50/><U39/><E7/><RYUUKYOKU ba="1,0" sc="220,10,240,-30,540,10,0,10" hai0="13,15,16,19,84,90,92" hai2="17,23,80,81" hai3="3,4,8,11,12,18,94,96,101,103,128,129,130" /><INIT seed="2,2,0,0,2,73" ten="230,210,550,10" oya="2" hai0="78,122,27,35,51,48,76,30,105,61,135,53,86" hai1="131,94,127,52,58,22,41,128,20,74,6,18,55" hai2="50,60,77,42,90,85,97,21,101,130,10,80,98" hai3="46,75,3,66,84,110,59,23,134,115,114,40,44"/><V33/><F33/><W91/><G3/><T12/><D105/><U67/><E74/><V37/><F37/><W113/><G75/><T9/><D122/><U29/><E127/><V49/><F130/><N who="1" m="49705" /><E41/><V118/><F118/><W34/><G34/><T106/><D106/><U64/><E6/><V116/><F116/><W129/><G129/><T82/><D135/><U132/><E132/><V93/><F42/><W104/><G104/><T71/><D76/><U88/><E29/><V103/><F60/><N who="3" m="38175" /><G134/><T124/><D124/><U92/><E20/><V121/><F121/><W133/><G133/><T83/><D83/><U87/><E94/><N who="2" m="56535" /><F103/><W89/><G110/><T43/><D43/><U7/><E7/><V62/><F62/><W17/><G46/><T81/><D81/><U107/><E107/><V69/><F69/><W100/><G100/><T38/><D38/><U68/><E68/><V109/><F109/><W54/><G54/><N who="1" m="20522" /><E58/><V47/><F47/><W8/><G8/><T25/><D25/><AGARI ba="2,0" hai="18,22,25,64,67,87,88,92" m="20522,49705" machi="25" ten="30,3900,0" yaku="19,1,54,2" doraHai="73" who="1" fromWho="0" sc="230,-45,210,45,550,0,10,0" /><INIT seed="3,0,0,2,3,94" ten="185,255,550,10" oya="3" hai0="101,8,97,15,134,68,72,2,51,61,11,34,21" hai1="31,5,75,81,6,52,98,10,104,115,83,90,54" hai2="102,131,25,63,12,20,58,17,91,71,23,92,4" hai3="32,100,30,16,37,114,85,57,24,88,80,14,33"/><W110/><G37/><T65/><D72/><U135/><E135/><V44/><F71/><W121/><G114/><T82/><D82/><U87/><E115/><V122/><F131/><W45/><G121/><T47/><D134/><U103/><E31/><V18/><F122/><W26/><G110/><T36/><D36/><U111/><E111/><V0/><F102/><W42/><G26/><T128/><D128/><U55/><REACH who="1" step="1"/><E10/><REACH who="1" ten="185,245,550,10" step="2"/><V60/><F0/><W56/><G100/><T109/><D109/><U129/><E129/><V126/><F126/><W112/><G112/><T77/><D34/><U64/><E64/><V50/><F4/><W124/><G124/><T3/><D11/><U95/><E95/><V28/><F28/><W1/><G33/><T41/><D77/><AGARI ba="0,1" hai="5,6,52,54,55,75,77,81,83,87,90,98,103,104" machi="77" ten="40,5200,0" yaku="1,1,52,1,54,1,53,0" doraHai="94" doraHaiUra="70" who="1" fromWho="0" sc="185,-52,245,62,550,0,10,0" /><INIT seed="4,0,0,3,2,71" ten="133,307,550,10" oya="0" hai0="62,0,92,73,129,24,39,67,10,82,95,80,113" hai1="68,59,55,42,56,37,81,40,93,74,38,86,60" hai2="104,94,49,34,108,112,100,121,75,23,97,106,13" hai3="54,72,133,53,47,41,89,87,98,22,78,29,5"/><T124/><D82/><U101/><E74/><V132/><F34/><W3/><G3/><T123/><D92/><U125/><E101/><V33/><F33/><W122/><G5/><N who="0" m="1319" /><D95/><U126/><E93/><V12/><F75/><W135/><G122/><T99/><D99/><U91/><E68/><V107/><F121/><W11/><G72/><T19/><D19/><U36/><REACH who="1" step="1"/><E59/><REACH who="1" ten="133,297,550,10" step="2"/><V45/><F94/><N who="3" m="56655" /><G11/><T105/><D123/><U102/><E102/><V1/><F100/><W28/><G78/><N who="0" m="44111" /><D105/><U111/><E111/><V50/><F104/><W85/><G85/><T77/><D77/><U31/><E31/><N who="3" m="11850" /><G87/><T25/><D25/><U134/><E134/><N who="3" m="51210" /><G22/><T70/><D24/><U27/><E27/><V30/><F23/><W44/><G44/><T6/><D6/><U35/><E35/><V119/><F45/><W16/><G16/><T21/><D21/><U52/><E52/><V32/><F132/><W90/><G90/><T63/><D63/><U64/><E64/><V26/><F106/><W114/><G114/><T127/><D113/><U66/><E66/><V8/><F112/><W116/><G116/><T61/><D61/><U17/><E17/><V118/><F107/><W14/><G14/><T20/><D20/><U109/><E109/><V103/><F119/><W51/><AGARI ba="0,1" hai="41,47,51,53,54" m="51210,11850,56655" machi="51" ten="30,1100,0" yaku="20,1" doraHai="71" who="3" fromWho="3" sc="133,-5,297,-3,550,-3,10,21" /><INIT seed="5,0,0,5,0,49" ten="128,294,547,31" oya="1" hai0="91,126,35,102,124,60,98,70,78,111,1,64,5" hai1="96,38,66,77,23,27,53,76,113,79,19,132,63" hai2="3,131,86,119,72,88,21,8,89,128,62,29,65" hai3="44,81,73,43,83,107,112,22,50,34,120,9,123"/><U59/><E38/><V0/><F72/><W74/><G107/><T42/><D111/><U2/><E132/><V105/><F119/><W114/><G34/><T97/><D78/><U30/><E2/><V109/><F105/><W125/><G125/><N who="0" m="48235" /><D42/><U11/><E113/><N who="3" m="43626" /><G9/><N who="0" m="2223" /><D35/><U45/><E45/><V39/><F89/><W58/><G22/><T71/><D102/><U69/><E96/><N who="0" m="36969" /><D91/><U103/><E103/><V41/><F62/><W99/><G99/><T33/><D33/><U24/><E11/><V36/><F65/><W133/><G133/><T28/><D28/><U16/><REACH who="1" step="1"/><E27/><REACH who="1" ten="128,284,547,31" step="2"/><N who="2" m="16623" /><F8/><W90/><G120/><T51/><D71/><U110/><E110/><V116/><F109/><W121/><G123/><T20/><D70/><U17/><E17/><V122/><F116/><W6/><G121/><T48/><D20/><U46/><E46/><N who="2" m="23847" /><F122/><W92/><G6/><T135/><D135/><U94/><E94/><N who="2" m="54551" /><F39/><W32/><G92/><T95/><D95/><U68/><E68/><V7/><F7/><W87/><G44/><T26/><D26/><U101/><E101/><V134/><F134/><W14/><G74/><T15/><D15/><U52/><E52/><V129/><AGARI ba="0,1" hai="0,3,128,129,131" m="54551,23847,16623" machi="129" ten="30,2000,0" yaku="19,1,54,1" doraHai="49" who="2" fromWho="2" sc="128,-5,284,-10,547,30,31,-5" /><INIT seed="6,0,0,4,2,15" ten="123,274,577,26" oya="2" hai0="72,28,22,38,44,12,41,104,5,114,13,33,107" hai1="21,88,78,35,99,129,2,59,130,85,76,31,53" hai2="16,83,115,24,77,63,11,92,69,124,131,46,134" hai3="126,18,117,26,40,10,66,0,74,9,94,1,121"/><V23/><F124/><W119/><G117/><T57/><D33/><U42/><E2/><V89/><F134/><W105/><G119/><T70/><D70/><U58/><E35/><V81/><F131/><N who="1" m="50185" /><E99/><V43/><F69/><W19/><G105/><T95/><D114/><U87/><E42/><V62/><F115/><W6/><G74/><T86/><D72/><U133/><E133/><V60/><F11/><W68/><G68/><T80/><D95/><N who="1" m="54671" /><E87/><V116/><F77/><N who="1" m="29801" /><E53/><V101/><F101/><W20/><G94/><T100/><D86/><U54/><E54/><V48/><F116/><W56/><G40/><T109/><D80/><U7/><E7/><V3/><F3/><N who="3" m="1099" /><G66/><T135/><D135/><U52/><E52/><V39/><F39/><W36/><G36/><T97/><D41/><U55/><E55/><V25/><F25/><AGARI ba="0,0" hai="21,25,31,58,59" m="29801,54671,50185" machi="25" ten="30,2000,0" yaku="19,1,54,1" doraHai="15" who="1" fromWho="2" sc="123,0,274,20,577,-20,26,0" /><INIT seed="7,0,0,3,3,67" ten="123,294,557,26" oya="3" hai0="13,51,135,23,121,104,56,106,55,34,25,64,74" hai1="91,59,120,100,31,28,12,53,81,78,41,38,0" hai2="90,18,75,3,42,69,101,84,105,82,46,60,114" hai3="73,26,117,109,92,102,44,87,118,115,63,40,4"/><W2/><G73/><T110/><D121/><U95/><E0/><V103/><F3/><W108/><G115/><T76/><D110/><N who="3" m="42601" /><G2/><T37/><D37/><U30/><E120/><V48/><F75/><W107/><G4/><T65/><D135/><U27/><E100/><V113/><F105/><W7/><G7/><T131/><D131/><U20/><E41/><V50/><F18/><W88/><G26/><T8/><D34/><U47/><E47/><V79/><F50/><N who="3" m="26887" /><G63/><T66/><D74/><U128/><E128/><V43/><F79/><W16/><G16/><N who="0" m="8231" /><D106/><U61/><E12/><V36/><F42/><W32/><G32/><T6/><D104/><U22/><E38/><V85/><F36/><W68/><G107/><T125/><D125/><U14/><E14/><V119/><F43/><W29/><G102/><T116/><D116/><N who="3" m="44649" /><G29/><N who="0" m="17599" /><D76/><U24/><E22/><V15/><F103/><W33/><G33/><T35/><D35/><U83/><E27/><V52/><F101/><W126/><G126/><T71/><D6/><U10/><E10/><V77/><F119/><W127/><G127/><T133/><D133/><U96/><E78/><V45/><F15/><W122/><G122/><T124/><D124/><U98/><E98/><V86/><F45/><W97/><G97/><T58/><D58/><U39/><E39/><V89/><F77/><W130/><G130/><T99/><D99/><U5/><E5/><V129/><F129/><W57/><G57/><T49/><D49/><U134/><E134/><V112/><F90/><W1/><G1/><T9/><D9/><U111/><E111/><RYUUKYOKU ba="0,0" sc="123,0,294,0,557,0,26,0" hai0="51,55,56,64,65,66,71" hai1="20,24,28,30,31,53,59,61,81,83,91,95,96" hai2="46,48,52,60,69,82,84,85,86,89,112,113,114" hai3="68,87,88,92" /><INIT seed="7,1,0,2,0,9" ten="123,294,557,26" oya="3" hai0="119,49,13,10,89,123,110,66,59,18,94,0,87" hai1="21,133,17,113,75,98,1,112,50,57,124,31,111" hai2="131,7,128,61,81,125,105,106,39,43,51,58,15" hai3="78,52,114,72,117,22,2,44,64,130,46,28,109"/><W126/><G117/><T45/><D110/><U5/><E75/><V88/><F125/><W82/><G109/><T60/><D119/><U91/><E111/><V55/><F39/><W11/><G126/><T107/><D107/><U69/><E69/><V104/><F7/><W32/><G32/><T120/><D0/><U79/><E79/><V67/><F15/><W102/><G64/><T33/><D33/><U12/><E124/><V29/><F43/><AGARI ba="1,0" hai="10,13,18,43,45,49,59,60,66,87,89,94,120,123" machi="43" ten="30,2000,0" yaku="7,1,52,1" doraHai="9" who="0" fromWho="2" sc="123,23,294,0,557,-23,26,0" owari="146,-25.0,294,9.0,534,63.0,26,-47.0" /></mjloggm>