<mjloggm ver="2.3"><GO type="169"/><UN n0="%E3%81%99%E3%81%9F%E3%83%BC%E3%82%89%E3%81%84%E3%81%A8%E3%81%B3%E3%83%BC" n1="%EF%BC%88%E2%89%A7%E2%96%BD%E2%89%A6%EF%BC%89" n2="%E3%81%AE%E3%81%A9%E3%81%A3%E3%81%A1%2E" n3="%E7%99%BD%E9%AB%AA%E7%8C%AB" dan="16,17,17,16" rate="2065,2150,2079,2008" sx="F,M,F,F"/><TAIKYOKU oya="0"/><INIT seed="0,0,0,2,1,3" ten="250,250,250,250" oya="0" hai0="78,12,130,100,121,131,134,15,8,123,84,108,98" hai1="55,82,29,17,60,35,58,132,127,71,93,18,34" hai2="76,52,38,85,44,47,106,57,43,59,6,97,128" hai3="133,33,10,50,90,103,27,113,119,69,112,13,115"/><T109/><D78/><U14/><E132/><V118/><F118/><W117/><G69/><T116/><D84/><U61/><E127/><V70/><F70/><W2/><G103/><T68/><D68/><U92/><E82/><V77/><F128/><N who="0" m="49194" /><D116/><N who="3" m="44617" /><G90/><T53/><D53/><U42/><E42/><V46/><F57/><W56/><G56/><T80/><D80/><U66/><E18/><V111/><F111/><N who="0" m="42570" /><D134/><U26/><REACH who="1" step="1"/><E35/><REACH who="1" ten="250,240,250,250" step="2"/><V32/><F32/><W36/><G133/><T54/><D54/><U120/><E120/><N who="0" m="46153" /><D8/><AGARI ba="0,1" hai="8,14,17,26,29,34,55,58,60,61,66,71,92,93" machi="8" ten="30,2000,0" yaku="1,1,7,1,53,0" doraHai="3" doraHaiUra="126" who="1" fromWho="0" sc="250,-20,240,30,250,0,250,0" /><INIT seed="1,0,0,3,0,34" ten="230,270,250,250" oya="1" hai0="109,12,38,103,17,37,23,65,57,131,0,80,71" hai1="32,121,47,5,76,75,14,13,120,9,116,83,56" hai2="132,115,104,126,117,29,33,1,20,22,26,49,111" hai3="30,55,82,4,39,114,84,106,6,134,31,73,107"/><U81/><E116/><V122/><F49/><W100/><G39/><T35/><D131/><U64/><E32/><V94/><F94/><W72/><G114/><T15/><D109/><U70/><E70/><V90/><F90/><W25/><G134/><T62/><D35/><U69/><E69/><V41/><F41/><W27/><G100/><T43/><D103/><U60/><E47/><V87/><F87/><W68/><G68/><T59/><D0/><U124/><E124/><V79/><F79/><W127/><G127/><T85/><D37/><U78/><REACH who="1" step="1"/><E14/><REACH who="1" ten="230,260,250,250" step="2"/><V95/><F126/><W52/><G27/><T40/><D15/><U96/><E96/><V77/><F33/><W66/><G25/><T7/><D12/><U3/><E3/><V118/><F1/><W113/><G113/><T18/><D71/><U89/><E89/><V135/><F26/><W11/><G11/><T48/><D38/><U36/><E36/><V99/><F115/><W123/><G123/><T45/><D45/><U128/><E128/><V10/><F99/><W110/><G30/><T21/><D59/><U51/><E51/><V101/><F29/><W74/><G31/><T92/><D48/><U108/><E108/><V91/><F111/><W16/><G110/><T88/><D88/><U93/><E93/><V53/><F91/><W2/><G2/><T67/><D92/><U46/><E46/><V86/><F95/><W133/><G107/><T8/><D57/><U44/><E44/><V63/><F104/><W119/><G106/><T19/><D8/><U54/><E54/><V61/><F10/><RYUUKYOKU ba="0,1" sc="230,-10,260,30,250,-10,250,-10" hai1="5,9,13,56,60,64,75,76,78,81,83,120,121" /><INIT seed="1,1,1,2,3,58" ten="220,290,240,240" oya="1" hai0="21,89,79,110,0,87,86,131,18,81,69,25,90" hai1="17,127,3,122,33,11,104,129,88,112,124,1,19" hai2="134,121,111,57,44,6,46,123,100,50,24,41,107" hai3="12,9,39,77,54,120,26,105,27,5,47,117,66"/><U8/><E104/><V51/><F134/><W74/><G105/><T96/><D131/><U106/><E106/><V91/><F111/><W76/><G120/><T125/><D110/><U128/><E122/><V70/><F70/><W113/><G113/><T2/><D125/><N who="1" m="48203" /><E33/><V115/><F115/><W32/><G117/><T60/><D96/><U80/><E112/><V94/><F100/><W92/><G32/><T84/><D79/><U73/><E73/><V103/><F103/><W98/><G74/><T135/><D135/><U49/><E49/><V48/><F107/><W36/><G77/><T30/><D30/><U14/><E88/><V71/><F71/><W82/><G76/><T64/><D86/><U119/><E80/><AGARI ba="1,1" hai="0,2,18,21,25,60,64,69,80,81,84,87,89,90" machi="80" ten="30,3900,0" yaku="7,1,9,1,52,1" doraHai="58" who="0" fromWho="1" sc="220,52,290,-42,240,0,240,0" /><INIT seed="2,0,0,2,1,10" ten="272,248,240,240" oya="2" hai0="133,69,67,3,79,101,6,127,56,83,25,52,80" hai1="57,15,118,54,35,78,13,44,135,108,124,113,122" hai2="53,43,89,2,8,58,128,129,126,38,23,115,40" hai3="85,20,100,32,90,9,106,29,116,47,98,87,97"/><V4/><F115/><W66/><G116/><T11/><D127/><U77/><E35/><V49/><F126/><W105/><G32/><T0/><D133/><U109/><E124/><V24/><F89/><W95/><G47/><T112/><D112/><U92/><E118/><V107/><F107/><W62/><G106/><T96/><D3/><U134/><E122/><V81/><F81/><W114/><G114/><T37/><D37/><U76/><E44/><V5/><F5/><W132/><G132/><N who="1" m="50730" /><E92/><V117/><F117/><W104/><G104/><T72/><D83/><U60/><E113/><V130/><REACH who="2" step="1"/><F38/><REACH who="2" ten="272,248,230,240" step="2"/><W28/><G105/><T19/><D80/><U65/><E65/><V36/><F36/><W99/><G66/><T111/><D67/><U22/><E22/><V55/><F55/><W51/><G20/><T27/><D52/><U61/><E61/><V30/><AGARI ba="0,1" hai="2,4,8,23,24,30,40,43,49,53,58,128,129,130" machi="30" ten="30,11700,0" yaku="1,1,0,1,19,1,53,1" doraHai="10" doraHaiUra="18" who="2" fromWho="2" sc="272,-39,248,-39,230,127,240,-39" /><INIT seed="2,1,0,2,3,3" ten="233,209,357,201" oya="2" hai0="47,35,96,76,15,16,2,58,111,67,23,108,135" hai1="65,52,122,19,83,31,38,114,75,90,21,77,128" hai2="4,36,12,61,123,132,10,51,25,107,81,112,102" hai3="70,133,33,62,63,116,117,50,24,32,73,37,92"/><V26/><F123/><W42/><G73/><T43/><D35/><U64/><E38/><V13/><F36/><W121/><G121/><T97/><D135/><U104/><E122/><V131/><F112/><W44/><G133/><T101/><D76/><U45/><E104/><V41/><F132/><W14/><G32/><T129/><D129/><U127/><E114/><V7/><F131/><W46/><G92/><T89/><D2/><U99/><E127/><V40/><F107/><W18/><G116/><T9/><D89/><U80/><E128/><V56/><F102/><W59/><G33/><T53/><D67/><U11/><E31/><V49/><F81/><W86/><G24/><N who="2" m="9321" /><F49/><W55/><G117/><T109/><D101/><U6/><E83/><V87/><F87/><W22/><G86/><T84/><D84/><U130/><E130/><V113/><F113/><W115/><G115/><T8/><D47/><U134/><E134/><V66/><F51/><W126/><G126/><T94/><D43/><N who="2" m="16458" /><F13/><W106/><G106/><T17/><D94/><U0/><E90/><V78/><F78/><W5/><G70/><T60/><D23/><U20/><E99/><V125/><F125/><W30/><G46/><T124/><D124/><U34/><E34/><V69/><F69/><W103/><G30/><T118/><D118/><U57/><E45/><V110/><F110/><W54/><G37/><T93/><D93/><U100/><E100/><V48/><F48/><N who="3" m="31207" /><G103/><T88/><D88/><U79/><E79/><V119/><F119/><W1/><G42/><T29/><D29/><U68/><E68/><RYUUKYOKU ba="1,0" sc="233,10,209,-30,357,10,201,10" hai0="8,9,15,16,17,53,58,60,96,97,108,109,111" hai2="4,7,10,12,56,61,66" hai3="1,5,14,18,22,44,50,54,62,63" /><INIT seed="2,2,0,4,5,119" ten="243,179,367,211" oya="2" hai0="1,128,51,116,88,74,84,50,65,20,56,0,37" hai1="57,91,112,62,3,130,67,17,101,79,100,19,16" hai2="129,53,59,81,43,109,104,55,87,117,69,70,132" hai3="48,89,78,85,105,113,94,40,90,47,107,123,41"/><V8/><F117/><W7/><G123/><T11/><D74/><U131/><E112/><V64/><F104/><W13/><G113/><T68/><D37/><U24/><E79/><V31/><F31/><W124/><G124/><T80/><D116/><U60/><E3/><V54/><F132/><W49/><G78/><T135/><D135/><U108/><E108/><V45/><F8/><W21/><G89/><T33/><D33/><U121/><E121/><V96/><F96/><W114/><G114/><T39/><D39/><U29/><E91/><V93/><F93/><W73/><G73/><T6/><D1/><U15/><E15/><V18/><F18/><W103/><G103/><T71/><D128/><N who="1" m="49195" /><E62/><N who="2" m="37983" /><F87/><W122/><G107/><T10/><D10/><U118/><E118/><V25/><F81/><W99/><G85/><T28/><D71/><N who="2" m="27146" /><F25/><W34/><G105/><T125/><D68/><U2/><E2/><V23/><F23/><AGARI ba="2,0" hai="16,17,19,23,24,29,57,60,67,100,101" m="49195" machi="23" ten="30,2000,0" yaku="19,1,54,1" doraHai="119" who="1" fromWho="2" sc="243,0,179,26,367,-26,211,0" /><INIT seed="3,0,0,2,0,14" ten="243,205,341,211" oya="3" hai0="65,50,80,61,13,28,115,3,11,52,42,111,66" hai1="112,99,126,53,56,57,29,5,19,64,117,79,100" hai2="23,129,40,121,90,18,63,88,82,109,131,62,30" hai3="44,114,97,83,67,6,37,2,94,34,68,74,31"/><W39/><G114/><T17/><D115/><U103/><E112/><V81/><F30/><W49/><G68/><T128/><D111/><U96/><E126/><V92/><F40/><W15/><G2/><T127/><D128/><N who="2" m="49226" /><F109/><W41/><G67/><T122/><D122/><U43/><E117/><V9/><F9/><N who="3" m="4535" /><G74/><T132/><D132/><U95/><E79/><V76/><F121/><W91/><G34/><T75/><D127/><U27/><E43/><V12/><F90/><W36/><G37/><T71/><D66/><U125/><E125/><V133/><F133/><W135/><G31/><T20/><D42/><U45/><E5/><V110/><F110/><W38/><G135/><T25/><D3/><U77/><E77/><V1/><F1/><W8/><G8/><T24/><D75/><U21/><E64/><V85/><F81/><W87/><G36/><T107/><D80/><U33/><E33/><V98/><AGARI ba="0,0" hai="12,18,23,62,63,76,82,85,88,92,98" m="49226" machi="98" ten="30,4000,0" yaku="19,1,52,1,54,1" doraHai="14" who="2" fromWho="2" sc="243,-10,205,-10,341,40,211,-20" /><INIT seed="4,0,0,2,5,93" ten="233,195,381,191" oya="0" hai0="21,7,103,11,131,58,9,94,120,134,76,4,83" hai1="0,63,12,97,132,54,124,16,50,88,90,18,14" hai2="117,89,51,91,106,49,105,115,20,60,61,107,15" hai3="8,122,77,98,130,118,87,101,42,114,128,70,66"/><T22/><D120/><U78/><E0/><V53/><F117/><W69/><G118/><T102/><D134/><U73/><E132/><V64/><F115/><W48/><G114/><T45/><D131/><N who="3" m="50217" /><G122/><T96/><D45/><N who="1" m="27983" /><E73/><V3/><F3/><W108/><G108/><T5/><D58/><U35/><E35/><V126/><F126/><W26/><G8/><T68/><D68/><U71/><E71/><V95/><F91/><N who="1" m="34857" /><E124/><V2/><F2/><W27/><G69/><T1/><D103/><U116/><E116/><V28/><F51/><W129/><G48/><T34/><D34/><U57/><E78/><V40/><F40/><W67/><G42/><T37/><D37/><U30/><E30/><V44/><F64/><N who="3" m="24619" /><G70/><T24/><D1/><U13/><E97/><V17/><REACH who="2" step="1"/><F28/><REACH who="2" ten="233,195,371,191" step="2"/><W72/><G129/><T111/><D111/><U104/><E104/><V84/><AGARI ba="0,1" hai="15,17,20,44,49,53,60,61,84,89,95,105,106,107" machi="84" ten="30,4000,0" yaku="1,1,2,1,0,1,53,0" doraHai="93" doraHaiUra="39" who="2" fromWho="2" sc="233,-20,195,-10,371,50,191,-10" /><INIT seed="5,0,0,4,2,1" ten="213,185,421,181" oya="1" hai0="30,129,124,37,0,36,44,121,59,51,90,5,133" hai1="110,96,113,50,95,109,20,53,111,73,19,105,42" hai2="58,103,86,4,25,127,98,87,18,56,39,67,94" hai3="131,23,12,43,21,47,13,33,91,75,16,114,41"/><U79/><E105/><V66/><F39/><W29/><G131/><T26/><D129/><U128/><E128/><V119/><F119/><W24/><G114/><T55/><D133/><U135/><E135/><V97/><F127/><W92/><G75/><T10/><D124/><U104/><E104/><V52/><F56/><W100/><G100/><T74/><D74/><U88/><E113/><V71/><F71/><W54/><G33/><T85/><D121/><U7/><E42/><V57/><F57/><W3/><G3/><T31/><D44/><N who="1" m="27847" /><E79/><V60/><F97/><N who="3" m="57503" /><G12/><T134/><D134/><U116/><E73/><V108/><F108/><W63/><G63/><T8/><D31/><U15/><E116/><V65/><F4/><AGARI ba="0,0" hai="4,7,15,19,20,88,95,96,109,110,111" m="27847" machi="4" ten="30,11600,0" yaku="10,1,52,2,54,1" doraHai="1" who="1" fromWho="2" sc="213,0,185,116,421,-116,181,0" /><INIT seed="5,1,0,3,0,108" ten="213,301,305,181" oya="1" hai0="98,22,82,95,80,115,121,45,14,29,109,113,56" hai1="50,28,79,30,100,13,76,69,124,126,59,114,43" hai2="60,42,62,89,48,131,19,102,40,103,130,97,90" hai3="18,129,74,65,112,34,132,38,35,104,71,24,27"/><U68/><E100/><V11/><F11/><W127/><RYUUKYOKU type="yao9" ba="1,0" sc="213,0,301,0,305,0,181,0" hai3="18,24,27,34,35,38,65,71,74,104,112,127,129,132" /><INIT seed="5,2,0,4,2,90" ten="213,301,305,181" oya="1" hai0="126,32,71,37,105,38,100,123,93,60,41,104,101" hai1="107,69,85,65,117,81,94,40,53,18,127,50,74" hai2="26,82,68,77,66,24,118,121,8,33,36,61,52" hai3="42,43,5,56,114,25,129,21,99,45,132,109,27"/><U47/><E107/><V12/><F121/><W97/><G109/><T110/><D110/><U116/><E127/><V44/><F118/><W73/><G73/><T51/><D126/><U119/><E74/><V84/><F33/><W15/><G132/><T130/><D32/><U72/><E72/><V58/><F36/><W29/><G114/><T115/><D115/><U87/><E18/><V135/><F135/><W113/><G113/><T131/><D123/><U86/><E81/><V1/><F1/><W89/><G129/><T75/><D75/><U96/><E53/><V17/><REACH who="2" step="1"/><F44/><REACH who="2" ten="213,301,295,181" step="2"/><W30/><G45/><T48/><D38/><U28/><E28/><V2/><F2/><W98/><G29/><T14/><D37/><U59/><E69/><V124/><F124/><W46/><G46/><T4/><D71/><U16/><E59/><V64/><F64/><W6/><G56/><T67/><D67/><U91/><E65/><V63/><AGARI ba="2,1" hai="8,12,17,24,26,52,58,61,63,66,68,77,82,84" machi="63" ten="20,5200,0" yaku="1,1,0,1,7,1,54,1,53,0" doraHai="90" doraHaiUra="0" who="2" fromWho="2" sc="213,-15,301,-28,295,68,181,-15" /><INIT seed="6,0,0,3,2,1" ten="198,273,363,166" oya="2" hai0="107,89,14,9,5,28,66,63,19,13,123,90,86" hai1="57,7,53,62,133,104,92,2,56,69,43,111,18" hai2="36,101,20,73,59,103,70,65,38,64,87,55,74" hai3="96,132,109,88,91,3,52,102,32,11,29,105,117"/><V45/><F87/><W119/><G109/><T12/><D123/><U121/><E104/><V75/><F70/><W49/><G132/><T120/><D120/><U40/><E121/><V131/><F131/><W128/><G128/><T46/><D107/><U6/><E69/><V116/><F116/><W51/><G49/><T95/><D28/><U98/><E111/><V47/><F20/><W21/><G32/><T115/><D115/><U130/><E133/><V48/><F59/><W15/><G3/><T126/><D126/><U34/><E34/><V68/><F68/><W16/><G29/><T82/><D46/><N who="2" m="17418" /><F55/><W71/><G71/><T129/><D129/><U39/><E130/><V54/><F54/><W72/><G72/><T84/><D19/><U108/><E108/><V127/><F48/><W0/><G0/><T83/><D95/><U93/><E39/><N who="2" m="14891" /><F127/><W22/><G21/><T77/><D77/><U80/><E2/><V113/><F113/><W42/><G42/><N who="1" m="15914" /><E80/><V122/><F122/><W100/><G22/><T60/><D66/><AGARI ba="0,0" hai="64,65,66,73,74,75,101,103" m="14891,17418" machi="66" ten="40,3900,0" yaku="28,2" doraHai="1" who="2" fromWho="0" sc="198,-39,273,0,363,39,166,0" /><INIT seed="6,1,0,1,2,21" ten="159,273,402,166" oya="2" hai0="68,107,86,102,97,69,15,116,73,4,129,71,1" hai1="65,84,22,35,34,99,28,48,0,62,23,112,49" hai2="14,66,100,88,31,26,37,95,39,103,5,52,63" hai3="46,32,101,135,76,54,40,17,127,12,24,10,75"/><V114/><F114/><W51/><G135/><T16/><D73/><U9/><E112/><V67/><F39/><W113/><G113/><T47/><D129/><U108/><E108/><V2/><F37/><W25/><G127/><T111/><D111/><U121/><E121/><V44/><F2/><W29/><G101/><T128/><D128/><U117/><E117/><V20/><F5/><W80/><G32/><T132/><D132/><U90/><E35/><V7/><F7/><W58/><REACH who="3" step="1"/><G29/><REACH who="3" ten="159,273,402,156" step="2"/><T56/><D116/><U81/><E34/><V19/><F103/><W105/><G105/><T13/><D102/><U98/><E28/><V123/><F100/><W11/><G11/><T55/><D107/><U118/><E9/><V122/><F122/><W130/><G130/><T59/><D1/><U91/><E0/><V109/><F123/><W89/><G89/><T70/><D4/><U18/><E118/><V110/><F110/><W124/><G124/><T50/><D97/><U45/><E91/><V87/><F109/><W134/><G134/><T119/><D119/><U61/><E98/><V93/><F93/><W126/><G126/><T57/><N who="0" m="17408" /><DORA hai="96" /><T106/><D106/><U33/><E90/><V115/><F115/><W83/><G83/><T42/><D86/><U78/><E84/><V3/><F3/><W85/><G85/><T36/><REACH who="0" step="1"/><D15/><REACH who="0" ten="149,273,402,156" step="2"/><U125/><E99/><V94/><F14/><W74/><G74/><T79/><D79/><U41/><E78/><V133/><F87/><W8/><G8/><AGARI ba="1,2" hai="8,13,16,36,42,47,50,55,56,57,59" m="17408" machi="8" ten="70,12000,2" yaku="1,1,54,1,53,4" doraHai="21,96" doraHaiUra="82,64" who="0" fromWho="3" sc="149,143,273,0,402,0,156,-123" /><INIT seed="7,0,0,3,0,19" ten="292,273,402,33" oya="3" hai0="108,25,76,43,49,63,130,4,71,42,29,109,107" hai1="15,14,73,22,3,60,97,89,80,52,125,12,36" hai2="68,129,66,126,85,8,10,90,121,55,41,57,38" hai3="24,70,0,135,92,134,124,122,81,27,35,115,101"/><W39/><G122/><T50/><D107/><U46/><E3/><V86/><F129/><W77/><G70/><T133/><D4/><U58/><E125/><V56/><F56/><W127/><G0/><T102/><D130/><U128/><E128/><V114/><F114/><W132/><G39/><T95/><D76/><U47/><E36/><V1/><F126/><N who="3" m="48171" /><G35/><T64/><D133/><N who="3" m="34049" /><W118/><DORA hai="59" /><G118/><T79/><D79/><U87/><E73/><V67/><F68/><W82/><G115/><T117/><D117/><U96/><REACH who="1" step="1"/><E22/><REACH who="1" ten="292,263,402,33" step="2"/><V99/><F38/><W112/><G112/><T5/><D71/><U11/><E11/><V9/><F9/><W51/><G51/><T111/><D50/><U53/><E53/><V40/><F10/><W20/><G77/><T116/><D49/><U6/><E6/><V31/><F8/><W44/><G44/><AGARI ba="0,1" hai="12,14,15,44,46,47,52,58,60,80,87,89,96,97" machi="44" ten="40,8000,1" yaku="1,1,8,1,52,1,54,1,53,1" doraHai="19,59" doraHaiUra="54,16" who="1" fromWho="3" sc="292,0,263,90,402,0,33,-80" owari="292,-11.0,353,15.0,402,51.0,-47,-55.0" /></mjloggm>