<mjloggm ver="2.3"><GO type="169" lobby="0"/><UN n0="%E2%98%86%E3%82%82%E3%81%B5%E3%82%82%E3%81%B5%E2%98%86" n1="%E2%99%AA%E3%83%A2%E3%83%8E%E3%82%AF%E3%83%AD" n2="%61%6D%61%6A%69%73%68%69" n3="%EF%BC%88%E2%89%A7%E2%96%BD%E2%89%A6%EF%BC%89" dan="16,18,16,18" rate="2056.54,2207.74,2153.13,2183.92" sx="M,F,M,M"/><TAIKYOKU oya="0"/><INIT seed="0,0,0,2,4,76" ten="250,250,250,250" oya="0" hai0="40,111,80,120,39,27,43,113,91,62,98,67,69" hai1="51,135,117,35,71,89,29,104,42,132,110,103,82" hai2="21,47,86,70,73,64,14,34,100,74,19,95,11" hai3="41,112,85,87,13,37,49,22,81,123,2,46,114"/><T9/><D113/><U20/><E117/><V50/><F34/><W84/><G2/><T105/><D120/><U36/><E71/><V101/><F70/><W55/><G123/><T128/><D128/><U26/><E36/><V65/><F73/><W96/><G96/><T12/><D111/><U88/><E110/><V122/><F74/><W63/><G63/><T5/><D39/><U79/><E35/><V106/><F106/><W124/><G124/><T4/><D4/><U94/><E104/><V125/><F125/><W48/><G37/><T115/><D115/><U72/><E103/><V93/><F101/><W32/><G32/><T108/><D108/><U17/><E29/><V116/><F116/><W59/><G114/><T97/><D105/><U133/><E94/><N who="2" m="35851" /><F100/><W119/><G119/><T99/><REACH who="0" step="1"/><D27/><REACH who="0" ten="240,250,250,250" step="2"/><U53/><REACH who="1" step="1"/><E42/><REACH who="1" ten="240,240,250,250" step="2"/><N who="2" m="24951" /><F122/><W92/><G112/><T3/><D3/><U134/><N who="1" m="33792" /><DORA hai="45" /><U61/><E61/><V24/><F86/><AGARI ba="0,2" hai="5,9,12,40,43,62,67,69,80,86,91,97,98,99" machi="86" ten="40,7700,0" yaku="1,1,52,1,53,1" doraHai="76,45" doraHaiUra="0,30" who="0" fromWho="2" sc="240,97,240,0,250,-77,250,0" /><INIT seed="0,1,0,4,2,28" ten="337,240,173,250" oya="0" hai0="50,133,15,126,51,0,84,19,23,12,89,35,20" hai1="72,101,75,22,70,124,94,117,21,48,111,109,33" hai2="123,17,10,107,18,2,85,26,102,92,71,58,39" hai3="42,43,135,81,54,14,86,91,122,37,67,106,103"/><T55/><D0/><U68/><E117/><V41/><F71/><W57/><G122/><T79/><D133/><U49/><E94/><V69/><F69/><W83/><G135/><T24/><D126/><U3/><E101/><V63/><F107/><W96/><G37/><T11/><D35/><U60/><E3/><V9/><F39/><W61/><G14/><N who="0" m="7647" /><D79/><U13/><E13/><N who="0" m="5193" /><D55/><U100/><E124/><V4/><F41/><W129/><G129/><T110/><D110/><U36/><E36/><V45/><F45/><W40/><REACH who="3" step="1"/><G67/><REACH who="3" ten="337,240,173,240" step="2"/><T47/><D20/><U53/><E22/><V80/><F123/><W97/><G97/><T87/><D23/><U56/><E21/><V82/><F10/><W93/><AGARI ba="1,1" hai="40,42,43,54,57,61,81,83,86,91,93,96,103,106" machi="93" ten="30,2000,0" yaku="1,1,0,1,53,0" doraHai="28" doraHaiUra="131" who="3" fromWho="3" sc="337,-11,240,-6,173,-6,240,33" /><INIT seed="1,0,0,2,0,5" ten="326,234,167,273" oya="1" hai0="93,8,33,90,96,31,61,17,44,76,103,97,130" hai1="29,109,50,53,36,110,25,69,126,14,39,79,75" hai2="125,117,3,80,23,35,27,114,68,127,32,116,20" hai3="94,128,11,22,91,112,65,13,63,34,70,105,72"/><U62/><E126/><N who="2" m="48139" /><F68/><W122/><G105/><T64/><D130/><U18/><E79/><V132/><F80/><W95/><G34/><N who="2" m="12841" /><F114/><W129/><G72/><T16/><D76/><U12/><E75/><V107/><F107/><W0/><G112/><T24/><D44/><U48/><E69/><V88/><F88/><W104/><G104/><T73/><D73/><U43/><E43/><V57/><F57/><W78/><G78/><T15/><D17/><U87/><E87/><V55/><F55/><W60/><G60/><T59/><REACH who="0" step="1"/><D103/><REACH who="0" ten="316,234,167,273" step="2"/><U49/><E18/><N who="2" m="12695" /><F132/><W40/><G91/><T102/><D102/><U120/><E110/><V123/><F123/><W6/><G122/><T37/><D37/><U58/><E109/><V71/><F71/><W131/><G40/><T51/><D51/><U133/><E133/><V30/><F3/><W41/><G41/><T89/><D89/><U1/><E1/><V108/><F108/><W77/><G77/><T26/><D26/><AGARI ba="0,1" hai="23,26,30,116,117" m="12695,12841,48139" machi="26" ten="30,3900,0" yaku="18,1,34,2" doraHai="5" who="2" fromWho="0" sc="316,-39,234,0,167,49,273,0" /><INIT seed="2,0,0,3,0,34" ten="277,234,216,273" oya="2" hai0="62,83,129,77,79,48,68,20,80,85,55,11,38" hai1="19,93,61,7,132,21,71,89,116,126,124,74,65" hai2="123,98,128,67,90,117,88,41,94,49,69,99,30" hai3="46,4,108,135,114,125,133,3,17,130,37,127,18"/><V120/><F117/><W106/><G106/><T51/><D38/><U44/><E116/><V95/><F128/><W9/><G37/><T33/><D33/><U32/><E32/><V111/><F111/><W101/><G101/><T24/><D129/><U66/><E74/><V43/><F30/><W82/><G46/><T35/><D35/><U104/><E104/><V60/><REACH who="2" step="1"/><F49/><REACH who="2" ten="277,234,206,273" step="2"/><W1/><G130/><T112/><D51/><U109/><E109/><V84/><F84/><W50/><G108/><T115/><D48/><U72/><E72/><V78/><F78/><W131/><G50/><T25/><D85/><U96/><E126/><N who="3" m="48138" /><G131/><T134/><D79/><U59/><E124/><V8/><F8/><W58/><G9/><T107/><D77/><U23/><E132/><V29/><F29/><W2/><G133/><T45/><D11/><U92/><E23/><V27/><F27/><W119/><G135/><T5/><D20/><U10/><E10/><V22/><F22/><W57/><G119/><T6/><D25/><U113/><E21/><V97/><F97/><W53/><G114/><T81/><D24/><U42/><E113/><V75/><F75/><W122/><G122/><AGARI ba="0,1" hai="41,43,60,67,69,88,90,94,95,98,99,120,122,123" machi="122" ten="40,7700,0" yaku="1,1,9,1,54,1,53,0" doraHai="34" doraHaiUra="0" who="2" fromWho="3" sc="277,0,234,0,206,87,273,-77" /><INIT seed="2,1,0,2,1,95" ten="277,234,293,196" oya="2" hai0="15,128,116,77,62,45,88,24,28,8,11,102,25" hai1="86,64,61,57,107,71,121,117,5,22,89,27,122" hai2="113,109,91,60,65,111,70,1,50,72,83,110,40" hai3="53,23,119,79,33,41,87,55,93,7,6,82,39"/><V80/><F1/><W129/><G33/><T120/><D120/><N who="1" m="46187" /><E117/><V101/><F101/><W19/><G119/><T48/><D116/><U63/><E5/><V30/><F113/><W73/><G129/><T125/><D128/><U58/><E107/><V126/><F126/><W18/><G39/><T12/><D125/><U114/><E63/><V99/><F30/><W32/><G32/><T43/><D77/><U127/><E114/><V10/><F72/><W56/><G41/><T75/><D75/><U49/><E49/><V66/><F66/><W98/><G73/><T103/><D62/><U67/><E67/><V31/><F31/><W74/><G74/><T131/><D131/><U52/><E52/><N who="3" m="20042" /><G56/><T20/><D25/><U9/><E9/><V124/><F10/><W104/><G104/><T105/><D105/><U84/><E127/><V130/><F130/><W13/><G19/><T34/><D34/><U90/><E58/><V81/><F124/><W42/><G42/><T47/><D47/><U36/><E36/><V29/><F29/><W78/><G79/><T44/><D44/><U108/><E57/><V37/><F37/><W97/><G93/><T38/><D38/><U118/><E118/><V100/><F40/><W133/><G133/><T3/><D3/><U46/><E46/><V68/><F68/><W94/><G94/><T2/><D2/><U69/><E69/><V123/><F123/><W134/><G134/><T76/><D11/><U35/><E35/><V112/><F112/><W106/><G106/><T26/><D8/><U115/><E115/><V132/><F132/><RYUUKYOKU ba="1,0" sc="277,-10,234,-10,293,-10,196,30" hai3="6,7,13,18,23,78,82,87,97,98" /><INIT seed="3,2,0,2,1,93" ten="267,224,283,226" oya="3" hai0="17,84,98,117,30,68,70,49,125,115,129,34,44" hai1="59,29,40,89,131,22,65,102,57,26,24,105,109" hai2="15,25,73,19,103,135,123,9,23,113,33,56,43" hai3="107,91,37,64,39,51,76,58,99,11,118,74,61"/><W101/><G118/><T63/><D117/><U75/><E75/><V83/><F113/><W85/><G11/><T90/><D129/><U96/><E109/><V122/><F43/><W45/><G76/><T66/><D125/><U128/><E40/><V42/><F42/><W6/><G6/><T54/><D115/><U86/><E26/><V67/><F135/><W47/><G74/><T132/><D132/><U38/><E38/><V79/><F33/><W18/><G18/><T92/><D30/><U87/><E87/><V119/><F119/><W72/><G72/><T5/><D34/><U95/><REACH who="1" step="1"/><E65/><REACH who="1" ten="267,214,283,226" step="2"/><V100/><F123/><W94/><REACH who="3" step="1"/><G45/><REACH who="3" ten="267,214,283,216" step="2"/><T0/><D44/><U88/><E88/><V127/><F127/><W134/><G134/><T55/><D90/><U46/><E46/><V116/><F116/><W14/><G14/><T62/><D0/><U110/><E110/><V2/><F2/><W16/><G16/><T36/><D17/><U48/><E48/><V50/><F50/><W10/><G10/><T104/><D49/><U12/><E12/><V120/><F122/><W32/><G32/><T53/><D5/><U133/><E133/><V4/><F120/><W112/><G112/><T111/><D111/><U124/><E124/><V126/><F126/><W60/><G60/><T81/><D63/><U8/><E8/><V97/><F9/><W28/><G28/><T106/><D62/><U35/><E35/><V41/><F15/><W7/><G7/><T121/><D121/><U1/><E1/><V77/><F4/><W80/><G80/><T108/><D81/><RYUUKYOKU ba="2,2" sc="267,-15,214,15,283,-15,216,15" hai1="22,24,29,57,59,86,89,95,96,102,105,128,131" hai3="37,39,47,51,58,61,64,85,91,94,99,101,107" /><INIT seed="3,3,2,2,4,52" ten="252,229,268,231" oya="3" hai0="55,53,111,123,127,68,19,64,118,37,9,40,67" hai1="80,56,7,0,71,62,17,132,57,116,114,82,61" hai2="46,89,134,25,103,15,84,122,117,131,87,32,77" hai3="31,125,34,130,11,44,104,70,110,63,59,54,120"/><W73/><G120/><T29/><D123/><U50/><E114/><V58/><F117/><W38/><G73/><T115/><D118/><U13/><E71/><V18/><F103/><W126/><G104/><T86/><D29/><U33/><E33/><V92/><F134/><W133/><G133/><T39/><D86/><U12/><E0/><V113/><F113/><W30/><G130/><T43/><D19/><U96/><E132/><V5/><F131/><W21/><G34/><T41/><D9/><N who="1" m="4159" /><E50/><V1/><F46/><W47/><G70/><T3/><D3/><U135/><E96/><V28/><F122/><W100/><G100/><T128/><D115/><U14/><E116/><V76/><F84/><W83/><G83/><N who="1" m="31786" /><E135/><V20/><F1/><W26/><G38/><N who="0" m="14347" /><D128/><U60/><E14/><V79/><F5/><W2/><G31/><T65/><D111/><U109/><E109/><V91/><F89/><W27/><G110/><T75/><D75/><U48/><E48/><V90/><F91/><W74/><G74/><T99/><D99/><U108/><E108/><V129/><F129/><W45/><REACH who="3" step="1"/><G27/><REACH who="3" ten="252,229,268,221" step="2"/><T78/><D78/><U16/><E17/><V36/><F36/><W112/><G112/><T121/><D121/><U72/><E72/><V10/><F32/><W105/><G105/><T35/><D35/><U97/><E97/><V22/><F10/><AGARI ba="3,3" hai="10,13,16,56,57,60,61,62" m="31786,4159" machi="10" ten="30,7700,0" yaku="8,1,52,2,54,1" doraHai="52" who="1" fromWho="2" sc="252,0,229,116,268,-86,221,0" /><INIT seed="4,0,0,1,5,75" ten="252,345,182,221" oya="0" hai0="68,55,102,117,26,10,90,7,92,42,129,81,74" hai1="83,98,50,126,120,57,40,61,24,134,116,118,41" hai2="51,63,53,44,13,47,107,86,80,73,72,21,114" hai3="48,54,85,105,94,91,133,49,34,33,67,99,95"/><T1/><D117/><U89/><E120/><V115/><F107/><W71/><G105/><T59/><D68/><U125/><E134/><V12/><F63/><W88/><G133/><T18/><D129/><U0/><E0/><V70/><F70/><W25/><G25/><T3/><D3/><U122/><E122/><V5/><F44/><W112/><G112/><T84/><D42/><N who="1" m="16491" /><E50/><V78/><F12/><W131/><G131/><T130/><D130/><U16/><E83/><V106/><F106/><W79/><G49/><T4/><D4/><U119/><E89/><V39/><F39/><W127/><G127/><N who="1" m="48650" /><E98/><V104/><F104/><W110/><G110/><T52/><D59/><U128/><E128/><V135/><F135/><W103/><G71/><T22/><REACH who="0" step="1"/><D102/><REACH who="0" ten="242,345,182,221" step="2"/><U87/><E57/><V121/><F121/><W9/><G103/><T14/><D14/><U6/><E6/><V109/><F109/><W43/><G43/><T58/><D58/><U77/><E116/><V100/><F100/><W27/><G48/><T19/><D19/><U66/><E16/><N who="2" m="10383" /><F5/><W76/><G27/><T2/><D2/><U17/><E24/><V123/><F123/><W101/><G101/><T28/><D28/><U111/><E111/><V65/><F65/><W64/><G64/><T37/><D37/><U45/><E45/><V30/><F30/><W29/><G29/><T124/><D124/><U23/><E66/><V15/><F15/><W132/><G67/><T46/><D46/><U20/><E119/><V96/><F96/><N who="3" m="57415" /><G132/><T97/><D97/><U31/><E118/><V36/><F36/><RYUUKYOKU ba="0,1" sc="242,15,345,-15,182,15,221,-15" hai0="1,7,10,18,22,26,52,55,74,81,84,90,92" hai2="47,51,53,72,73,78,80,86,114,115" /><INIT seed="4,1,1,2,5,72" ten="257,330,197,206" oya="0" hai0="127,78,103,22,80,123,124,113,9,81,125,53,112" hai1="56,102,109,14,94,99,95,68,117,92,20,16,45" hai2="32,7,2,98,93,52,83,33,66,108,105,11,23" hai3="65,101,55,131,25,54,50,13,116,47,90,58,8"/><T85/><D123/><U35/><E68/><V0/><F0/><W118/><G131/><T27/><D103/><U60/><E109/><V36/><F105/><W18/><G101/><T48/><D9/><U57/><E117/><V74/><F108/><W19/><G65/><T30/><REACH who="0" step="1"/><D80/><REACH who="0" ten="247,330,197,206" step="2"/><U71/><E102/><V70/><F33/><W86/><G118/><T17/><D17/><U5/><E35/><V130/><F32/><W111/><G116/><T1/><D1/><U6/><E16/><V115/><F130/><W77/><G19/><T24/><D24/><U62/><E14/><V44/><F23/><W40/><G25/><T119/><D119/><U69/><E20/><V67/><F115/><W49/><G111/><T34/><D34/><U31/><E6/><V89/><F70/><W73/><G18/><T133/><D133/><U10/><E5/><V100/><F100/><W87/><G13/><T120/><D120/><U97/><E10/><V4/><F7/><W64/><G8/><T51/><D51/><U59/><E69/><V29/><F36/><W12/><G12/><T129/><D129/><U121/><E71/><V26/><F26/><W63/><G49/><T104/><D104/><U43/><E121/><V135/><F135/><W82/><G73/><T110/><D110/><U96/><E31/><V38/><F29/><W132/><G132/><T128/><D128/><U28/><E28/><V39/><F39/><AGARI ba="1,2" hai="39,43,45,56,57,59,60,62,92,94,95,96,97,99" machi="39" ten="50,3200,0" yaku="29,2" doraHai="72" who="1" fromWho="2" sc="247,0,330,55,197,-35,206,0" /><INIT seed="5,0,0,0,0,2" ten="247,385,162,206" oya="1" hai0="14,3,32,1,46,77,11,86,71,113,34,26,19" hai1="110,90,50,75,83,101,57,102,24,117,96,87,25" hai2="62,39,51,115,37,16,13,105,133,132,85,18,58" hai3="119,130,104,123,91,9,100,29,103,20,131,52,118"/><U69/><E69/><V81/><F105/><W0/><G123/><T66/><D66/><U54/><E117/><N who="3" m="44554" /><G91/><T126/><D71/><U8/><E110/><V59/><F115/><W98/><G103/><T89/><D113/><U35/><E35/><V30/><F30/><W38/><G38/><T128/><D77/><U99/><E75/><V49/><F81/><W60/><G20/><T28/><D128/><N who="3" m="49193" /><G29/><T41/><D126/><U82/><E82/><V124/><F124/><W15/><G0/><T78/><D78/><U127/><E127/><V31/><F31/><W84/><G84/><T79/><D79/><U22/><E22/><V43/><F85/><W36/><G36/><T72/><D72/><U92/><REACH who="1" step="1"/><E8/><REACH who="1" ten="247,375,162,206" step="2"/><V111/><F111/><W114/><G114/><T45/><D34/><U56/><E56/><V44/><F44/><W120/><G120/><T88/><D46/><U53/><E53/><V63/><REACH who="2" step="1"/><F43/><REACH who="2" ten="247,375,152,206" step="2"/><W10/><G15/><AGARI ba="0,2" hai="13,15,16,18,37,39,49,51,58,59,62,63,132,133" machi="15" ten="25,8000,1" yaku="1,1,2,1,22,2,54,1,53,0" doraHai="2" doraHaiUra="125" who="2" fromWho="3" sc="247,0,375,0,152,100,206,-80" /><INIT seed="6,0,0,1,5,20" ten="247,375,252,126" oya="2" hai0="8,124,43,90,69,5,19,17,133,126,121,70,99" hai1="67,45,91,104,9,41,11,130,95,108,94,53,26" hai2="0,15,46,89,81,134,37,25,50,28,92,127,87" hai3="86,30,7,78,55,66,18,31,82,129,118,72,74"/><V83/><F0/><W116/><G118/><T21/><D121/><U60/><E104/><V80/><F134/><W120/><G116/><T122/><D122/><U59/><E108/><V38/><F127/><N who="0" m="48682" /><D133/><U79/><E130/><V115/><F115/><W123/><G129/><T51/><D43/><U12/><E79/><V110/><F110/><W93/><G7/><T24/><D51/><U76/><E76/><V27/><F15/><W106/><G106/><T71/><D99/><U47/><E95/><V64/><F64/><W48/><G66/><T56/><D56/><U4/><E41/><V84/><F84/><W58/><G123/><T39/><D39/><U62/><E26/><V36/><REACH who="2" step="1"/><F28/><REACH who="2" ten="247,375,242,126" step="2"/><W32/><G120/><T125/><D125/><U98/><E11/><V44/><F44/><W112/><G112/><T132/><D132/><U2/><E2/><V117/><F117/><W23/><G31/><N who="0" m="17807" /><D90/><U131/><E131/><V97/><F97/><W102/><G30/><T88/><D88/><U75/><E75/><V33/><F33/><W128/><G32/><T107/><D107/><U16/><E4/><V68/><F68/><AGARI ba="0,1" hai="9,12,16,45,47,53,59,60,62,67,68,91,94,98" machi="68" ten="30,2000,0" yaku="7,1,54,1" doraHai="20" who="1" fromWho="2" sc="247,0,375,30,242,-20,126,0" /><INIT seed="7,0,0,5,0,70" ten="247,405,222,126" oya="3" hai0="51,11,107,3,49,105,2,14,88,91,99,40,8" hai1="21,118,26,39,0,52,94,63,84,102,28,24,61" hai2="12,100,5,27,81,122,56,1,33,87,43,97,67" hai3="71,31,113,80,15,104,89,60,115,73,117,131,68"/><W45/><G117/><T126/><D40/><U75/><E75/><V32/><F1/><W59/><G104/><T6/><D126/><U66/><E0/><V116/><F116/><W123/><G123/><T30/><D30/><U106/><E106/><V36/><F122/><W42/><G31/><T50/><D2/><U85/><E39/><V65/><F27/><W77/><G131/><T29/><D29/><U35/><E118/><V78/><F56/><W17/><G89/><T7/><REACH who="0" step="1"/><D107/><REACH who="0" ten="237,405,222,126" step="2"/><U58/><E28/><V124/><F124/><W109/><G109/><T37/><D37/><U93/><E35/><V10/><F36/><W76/><G76/><T16/><D16/><U44/><E26/><V133/><F133/><W13/><G13/><T46/><D46/><U64/><E44/><V119/><F119/><W18/><G18/><T62/><D62/><U130/><E130/><V25/><F25/><W112/><G17/><T128/><D128/><U74/><E24/><V48/><F33/><W95/><G15/><T134/><D134/><U129/><E129/><V92/><F32/><W19/><G19/><T34/><D34/><U111/><E111/><V86/><F86/><W90/><G45/><AGARI ba="0,1" hai="5,10,12,43,45,48,65,67,78,81,87,92,97,100" machi="45" ten="40,5200,0" yaku="25,2,8,1" doraHai="70" who="2" fromWho="3" sc="237,0,405,0,222,62,126,-52" owari="237,-16.0,405,51.0,284,8.0,74,-43.0" /></mjloggm>