<mjloggm ver="2.3"><GO type="169" lobby="0"/><UN n0="%6B%6F%68%73%68%69" n1="%6B%6F%67%65%70%61%6E" n2="%EF%BC%A0%E6%A3%AE" n3="%EF%BC%88%E2%89%A7%E2%96%BD%E2%89%A6%EF%BC%89" dan="17,17,17,17" rate="2130,2183,2084,2147" sx="M,M,F,M"/><TAIKYOKU oya="0"/><INIT seed="0,0,0,5,5,125" ten="250,250,250,250" oya="0" hai0="84,107,34,78,45,64,87,61,85,6,18,102,74" hai1="52,43,96,60,65,92,7,118,36,134,111,76,132" hai2="22,126,33,69,112,89,116,15,19,42,57,23,121" hai3="66,70,75,50,99,72,124,59,28,3,26,11,88"/><T0/><D34/><U20/><E118/><V79/><F116/><W29/><G124/><T80/><D0/><U62/><E76/><V41/><F126/><W63/><G3/><T105/><D6/><U37/><E7/><V24/><F33/><W30/><G11/><T109/><D45/><U104/><E104/><V4/><F69/><W10/><G10/><T16/><D109/><U31/><E111/><V67/><F112/><W93/><REACH who="3" step="1"/><G26/><REACH who="3" ten="250,250,250,240" step="2"/><T98/><REACH who="0" step="1"/><D107/><REACH who="0" ten="240,250,250,240" step="2"/><U9/><E134/><V39/><F121/><W110/><G110/><T5/><D5/><U47/><E132/><V113/><F4/><W27/><G27/><T32/><D32/><U82/><E47/><V86/><F24/><W97/><G97/><T1/><D1/><U53/><E96/><V127/><F127/><W40/><G40/><T135/><D135/><U120/><E43/><V51/><F42/><W54/><AGARI ba="0,2" hai="28,29,30,50,54,59,63,66,70,72,75,88,93,99" machi="54" ten="30,4000,0" yaku="1,1,0,1,54,1,53,0" doraHai="125" doraHaiUra="17" who="3" fromWho="3" sc="240,-20,250,-10,250,-10,240,60" /><INIT seed="1,0,0,4,1,78" ten="220,240,240,300" oya="1" hai0="61,84,15,132,109,129,106,126,81,117,45,7,73" hai1="38,8,80,25,51,39,96,10,29,17,102,113,50" hai2="47,66,22,18,101,118,119,1,97,54,63,26,91" hai3="9,56,41,52,89,11,135,95,110,30,68,122,105"/><U65/><E113/><V42/><F1/><W93/><G105/><T6/><D117/><U128/><E128/><V115/><F115/><W14/><G68/><T74/><D106/><U70/><E39/><V58/><F66/><W92/><G122/><T20/><D129/><U67/><E38/><V32/><F32/><W134/><G110/><T103/><D109/><U85/><E51/><V130/><F130/><W28/><G41/><T69/><D103/><U60/><E67/><V111/><F111/><W33/><G89/><T64/><D126/><U53/><E96/><V16/><F18/><N who="3" m="8543" /><G9/><T79/><D132/><N who="3" m="50729" /><G33/><T112/><D45/><U46/><E102/><V133/><F133/><W37/><G37/><T114/><D7/><U71/><E71/><V24/><F24/><W90/><G90/><T116/><D116/><U124/><E124/><V3/><F3/><W13/><G13/><T94/><D112/><U120/><E120/><V125/><F125/><W0/><G0/><T82/><D114/><U77/><REACH who="1" step="1"/><E17/><REACH who="1" ten="220,230,240,300" step="2"/><V27/><F101/><W43/><G43/><T44/><D69/><U100/><E100/><V48/><F27/><W55/><G55/><T76/><D64/><U75/><E75/><V23/><F22/><AGARI ba="0,1" hai="8,10,22,25,29,46,50,53,60,65,70,77,80,85" machi="22" ten="30,5800,0" yaku="1,1,7,1,52,1,53,0" doraHai="78" doraHaiUra="12" who="1" fromWho="2" sc="220,0,230,68,240,-58,300,0" /><INIT seed="1,1,0,1,5,107" ten="220,298,182,300" oya="1" hai0="113,70,11,44,76,4,35,111,32,64,98,14,124" hai1="127,69,96,84,51,29,7,30,128,105,33,83,99" hai2="25,103,57,78,41,17,34,6,22,115,74,46,60" hai3="42,43,67,133,56,110,104,15,13,36,8,50,26"/><U85/><E69/><V89/><F34/><W49/><G104/><T65/><D113/><U19/><E7/><V95/><F103/><W87/><G36/><T16/><D124/><U53/><E33/><V5/><F115/><W48/><G133/><T47/><D111/><U82/><E127/><V92/><F92/><W130/><G110/><T80/><D35/><U88/><E128/><V40/><F40/><N who="3" m="15403" /><G130/><T125/><D125/><U120/><E120/><V86/><F78/><W106/><G106/><T58/><D32/><U39/><E39/><V45/><F45/><W75/><G75/><T23/><D70/><U116/><E116/><V117/><F74/><W66/><G26/><T2/><D98/><N who="1" m="37419" /><E19/><V94/><F94/><W1/><G1/><T132/><D132/><U71/><E71/><V79/><F79/><W21/><G56/><T9/><D9/><U134/><E105/><V109/><F109/><W28/><G87/><T129/><D129/><U10/><E10/><V12/><F25/><N who="3" m="16431" /><G15/><T72/><REACH who="0" step="1"/><D65/><REACH who="0" ten="210,298,182,300" step="2"/><U126/><E126/><V131/><F131/><W55/><G55/><T118/><D118/><U3/><E134/><V73/><F117/><W91/><G91/><T59/><D59/><N who="1" m="33215" /><E3/><V123/><F123/><W62/><G67/><T90/><D90/><AGARI ba="1,1" hai="29,30,82,83,84,85,88,90" m="33215,37419" machi="90" ten="30,2900,0" yaku="8,1,54,1" doraHai="107" who="1" fromWho="0" sc="210,-32,298,42,182,0,300,0" /><INIT seed="1,2,0,2,5,10" ten="178,340,182,300" oya="1" hai0="20,83,123,53,9,91,47,112,58,54,67,69,56" hai1="100,104,80,61,46,97,114,89,48,108,11,55,51" hai2="73,42,117,39,18,111,88,43,71,81,13,107,65" hai3="122,23,95,2,30,76,37,78,127,124,134,24,68"/><U128/><E114/><V21/><F117/><W85/><G122/><T35/><D112/><U27/><E128/><V26/><F107/><W74/><G74/><T22/><D35/><U106/><E108/><V82/><F111/><W96/><G134/><T66/><D123/><U5/><E106/><V0/><F0/><W101/><G37/><T132/><D132/><U6/><E61/><V36/><F36/><W25/><G68/><T135/><D135/><U17/><E51/><V62/><F39/><W44/><G44/><T4/><D69/><U33/><E33/><V109/><F109/><W72/><G72/><T77/><D47/><U7/><E27/><V40/><F73/><W41/><G41/><T98/><D77/><U105/><E105/><V110/><F110/><W31/><G2/><T120/><D120/><U79/><E79/><V130/><F130/><W126/><REACH who="3" step="1"/><G85/><REACH who="3" ten="178,340,182,290" step="2"/><N who="0" m="50623" /><D67/><U93/><E80/><V8/><REACH who="2" step="1"/><F88/><REACH who="2" ten="178,340,172,290" step="2"/><W12/><G12/><N who="0" m="5159" /><D98/><U32/><E97/><V29/><AGARI ba="2,2" hai="8,13,18,21,26,29,40,42,43,62,65,71,81,82" machi="29" ten="30,4000,0" yaku="1,1,0,1,52,1,53,0" doraHai="10" doraHaiUra="102" who="2" fromWho="2" sc="178,-12,340,-22,172,66,290,-12" /><INIT seed="2,0,0,4,5,38" ten="166,318,238,278" oya="2" hai0="51,39,77,97,70,124,5,13,130,112,36,49,125" hai1="3,16,60,105,2,113,25,29,64,84,75,79,108" hai2="17,65,118,134,74,117,52,126,122,61,48,121,69" hai3="40,55,135,101,14,9,24,20,10,42,88,47,127"/><V120/><F74/><W7/><G127/><T26/><D77/><U96/><E113/><V66/><F17/><W109/><G101/><T0/><D112/><U59/><E84/><V30/><F30/><N who="3" m="17671" /><G109/><T22/><D70/><N who="1" m="42247" /><E16/><V98/><F98/><W82/><G9/><T92/><D0/><U72/><E59/><N who="2" m="33159" /><F126/><N who="0" m="48746" /><D130/><U119/><E108/><V58/><F134/><W115/><G135/><T45/><D36/><U33/><E119/><N who="2" m="45579" /><F65/><W4/><G4/><T83/><D83/><N who="1" m="45543" /><E75/><V86/><F86/><N who="3" m="50263" /><G115/><T41/><D5/><U94/><E94/><V104/><F104/><W80/><G80/><T44/><D13/><U87/><E87/><V23/><F23/><W15/><G15/><T114/><D114/><U53/><E2/><V27/><F27/><W76/><G76/><T91/><D45/><U132/><E3/><V43/><F43/><W50/><AGARI ba="0,0" hai="7,10,14,40,42,47,50,55" m="50263,17671" machi="50" ten="30,7900,0" yaku="8,1,52,2,54,1" doraHai="38" who="3" fromWho="3" sc="166,-20,318,-20,238,-39,278,79" /><INIT seed="3,0,0,2,1,2" ten="146,298,199,357" oya="3" hai0="92,67,11,130,115,101,37,70,50,128,83,114,0" hai1="80,21,3,6,49,29,97,98,106,85,81,19,89" hai2="131,117,9,38,53,4,76,79,99,39,110,132,107" hai3="108,121,123,86,17,72,56,40,78,109,134,84,35"/><W74/><G35/><T116/><D37/><U7/><E3/><V14/><F117/><W135/><G40/><T91/><D116/><U102/><E29/><V59/><F110/><N who="3" m="42603" /><G56/><T104/><D104/><U31/><E31/><V42/><F132/><N who="3" m="50731" /><G17/><T13/><D0/><U12/><E98/><V8/><F131/><N who="0" m="50218" /><D101/><U129/><E129/><V122/><F122/><N who="3" m="46603" /><G78/><T58/><D58/><U113/><E113/><V60/><F42/><W96/><G96/><T57/><D57/><U111/><E111/><V63/><F76/><W93/><G93/><T43/><D92/><U82/><REACH who="1" step="1"/><E49/><REACH who="1" ten="146,288,199,357" step="2"/><V23/><F99/><W33/><G33/><T64/><D50/><U22/><E22/><V24/><F23/><W44/><G44/><T125/><D115/><U88/><E88/><V66/><F39/><W45/><G45/><T87/><D114/><U118/><E118/><V32/><F38/><W100/><G100/><T65/><D91/><U120/><E120/><V68/><F32/><W55/><G55/><T1/><D1/><U126/><E126/><V112/><F112/><W133/><G133/><T62/><D125/><U90/><E90/><V77/><F77/><W51/><G51/><T18/><D43/><U48/><E48/><V26/><F79/><W46/><G46/><T61/><D67/><U52/><E52/><V127/><F53/><W105/><G105/><T5/><D65/><U95/><AGARI ba="0,1" hai="6,7,12,19,21,80,81,82,85,89,95,97,102,106" machi="95" ten="30,7900,0" yaku="1,1,0,1,52,2,53,0" doraHai="2" doraHaiUra="54" who="1" fromWho="1" sc="146,-20,288,89,199,-20,357,-39" /><INIT seed="4,0,0,5,0,87" ten="126,377,179,318" oya="0" hai0="46,58,4,5,37,92,74,116,128,0,130,15,34" hai1="23,71,45,49,61,122,32,84,38,7,115,120,69" hai2="56,97,35,72,51,54,123,85,64,89,21,131,18" hai3="86,42,96,30,19,90,78,44,118,102,114,135,40"/><T47/><D116/><U16/><E32/><V53/><F72/><W113/><G118/><T50/><D0/><U134/><E38/><V109/><F35/><W29/><G78/><T107/><D34/><U108/><E108/><V2/><F2/><W6/><G6/><T24/><D107/><U98/><E134/><V106/><F109/><W82/><G19/><T132/><D74/><U11/><E115/><N who="3" m="44042" /><G135/><T41/><D132/><U60/><E98/><V117/><F117/><W111/><G111/><T91/><D24/><U133/><E133/><V83/><F123/><W14/><G14/><T22/><D58/><U13/><E71/><V127/><F127/><W66/><G66/><T95/><D95/><U112/><E112/><V77/><F64/><W36/><G42/><T1/><D1/><U93/><E69/><V126/><F126/><W88/><G90/><T59/><D59/><U65/><E65/><V25/><F131/><N who="0" m="50218" /><D22/><U10/><E122/><V80/><F106/><AGARI ba="0,0" hai="29,30,36,40,44,82,86,88,96,102,106" m="44042" machi="106" ten="30,3900,0" yaku="15,1,52,1,54,1" doraHai="87" who="3" fromWho="2" sc="126,0,377,0,179,-39,318,39" /><INIT seed="5,0,0,0,2,26" ten="126,377,140,357" oya="1" hai0="47,31,77,76,74,96,66,82,132,42,59,54,9" hai1="115,127,11,78,104,87,64,71,1,63,15,93,114" hai2="99,35,5,4,22,109,49,108,69,19,103,118,117" hai3="133,79,75,91,95,121,51,6,126,83,70,32,113"/><U21/><E104/><V65/><F49/><W43/><G121/><T34/><D132/><U119/><E119/><V23/><F65/><W67/><G113/><T28/><D34/><U86/><E127/><V130/><F69/><W112/><G112/><N who="1" m="43050" /><E1/><V2/><F99/><W107/><G107/><T84/><D66/><U17/><E78/><V46/><F103/><W134/><G126/><T55/><D9/><U97/><E11/><N who="2" m="2455" /><F46/><W122/><G122/><T56/><D96/><U116/><E116/><N who="2" m="44651" /><F130/><W120/><G120/><T44/><D74/><U10/><E10/><V48/><F48/><W36/><G51/><T29/><D77/><U111/><E111/><N who="2" m="42571" /><F5/><W124/><G6/><T50/><D42/><U100/><AGARI ba="0,0" hai="15,17,21,63,64,71,86,87,93,97,100" m="43050" machi="100" ten="30,1500,0" yaku="15,1" doraHai="26" who="1" fromWho="1" sc="126,-5,377,15,140,-5,357,-5" /><INIT seed="5,1,0,5,1,41" ten="121,392,135,352" oya="1" hai0="127,121,38,81,75,51,107,104,101,91,20,56,3" hai1="80,88,93,33,45,118,30,15,49,84,87,48,106" hai2="109,98,5,100,2,40,95,72,114,112,89,77,14" hai3="19,53,119,13,59,47,90,99,34,65,82,22,31"/><U37/><E118/><V17/><F109/><W21/><G119/><T123/><D3/><U24/><E106/><N who="2" m="63767" /><F40/><W64/><G34/><T39/><D127/><U92/><E37/><V110/><F110/><W10/><G31/><T27/><D101/><U63/><E63/><V55/><F55/><W102/><G102/><T128/><D128/><U23/><E49/><V11/><F77/><W94/><G82/><T46/><D56/><U66/><E66/><N who="3" m="25706" /><G47/><T117/><D117/><U126/><E126/><V69/><F72/><W85/><G99/><T7/><D7/><U70/><E70/><V57/><F57/><W103/><G103/><T131/><D131/><U115/><E115/><N who="2" m="44075" /><F69/><W35/><G35/><T54/><D38/><U134/><E87/><N who="2" m="52671" /><F17/><W122/><G122/><N who="0" m="46603" /><D39/><U16/><E134/><V29/><F29/><W52/><G53/><AGARI ba="1,0" hai="15,16,23,24,30,33,45,48,53,80,84,88,92,93" machi="53" ten="30,11600,0" yaku="7,1,52,1,54,2" doraHai="41" who="1" fromWho="3" sc="121,0,392,119,135,0,352,-119" /><INIT seed="5,2,0,1,0,123" ten="121,511,135,233" oya="1" hai0="124,60,47,45,51,65,6,81,7,121,9,107,20" hai1="33,78,53,67,89,36,116,8,48,22,131,86,128" hai2="105,21,74,127,31,27,108,119,0,4,95,117,72" hai3="134,19,50,132,66,91,59,52,43,15,94,70,101"/><U58/><E116/><V29/><F105/><W102/><G43/><T13/><D107/><U30/><E33/><V2/><F95/><W57/><G70/><T75/><D121/><U73/><E36/><V46/><F46/><W68/><G68/><T14/><D124/><U38/><E38/><V103/><F127/><W12/><G66/><T133/><D133/><N who="3" m="51305" /><G59/><T25/><D75/><U62/><E8/><N who="2" m="2055" /><F103/><N who="3" m="39435" /><G19/><T16/><D81/><U110/><E30/><N who="2" m="17775" /><F72/><W39/><G39/><T32/><D32/><U44/><E22/><V54/><F74/><W118/><G118/><N who="2" m="45065" /><F54/><W64/><G64/><T3/><D7/><U82/><E73/><V83/><F83/><W42/><G42/><T92/><D92/><U41/><E41/><V23/><F2/><W129/><G129/><N who="1" m="49738" /><E78/><V130/><F130/><W93/><G93/><T24/><D3/><U80/><E82/><V111/><F23/><W98/><AGARI ba="2,0" hai="12,15,50,52,57,91,94,98" m="39435,51305" machi="98" ten="30,2000,0" yaku="20,1,54,1" doraHai="123" who="3" fromWho="3" sc="121,-7,511,-12,135,-7,233,26" /><INIT seed="6,0,0,4,2,113" ten="114,499,128,259" oya="2" hai0="124,122,8,96,92,83,46,101,131,85,91,9,5" hai1="65,86,10,74,119,38,71,25,17,47,129,63,13" hai2="75,87,43,56,115,135,20,50,84,14,58,53,0" hai3="68,121,60,51,55,23,98,27,62,34,37,40,16"/><V125/><F75/><W69/><G121/><T64/><D122/><U3/><E74/><V28/><F115/><W97/><G34/><T94/><D124/><U90/><E119/><V117/><F117/><W32/><G32/><T93/><D131/><U107/><E107/><V118/><F118/><W79/><G37/><T59/><D46/><U88/><E129/><V21/><F135/><W104/><G40/><T1/><D9/><U100/><E100/><V4/><F0/><W130/><G130/><T2/><D2/><U49/><E38/><V52/><F43/><W106/><G106/><T36/><D36/><U39/><E39/><V116/><F125/><W77/><G69/><T103/><D64/><U73/><E25/><N who="2" m="16423" /><F116/><W44/><G68/><T33/><D33/><U61/><E73/><V80/><F80/><W76/><G104/><T99/><REACH who="0" step="1"/><D59/><REACH who="0" ten="104,499,128,259" step="2"/><U133/><E3/><V35/><F35/><W66/><G66/><T127/><D127/><U132/><E132/><V45/><F45/><W22/><G22/><T11/><D11/><U42/><E133/><V89/><F21/><W112/><G112/><T110/><D110/><U134/><E134/><V70/><F70/><W111/><G111/><T24/><D24/><U109/><E109/><V6/><F58/><W29/><G29/><T15/><D15/><U128/><E128/><V31/><F14/><W95/><G27/><T41/><D41/><U26/><E26/><V120/><F31/><W19/><G23/><T102/><AGARI ba="0,1" hai="1,5,8,83,85,91,92,93,94,96,99,101,102,103" machi="102" ten="30,2000,0" yaku="1,1,0,1,53,0" doraHai="113" doraHaiUra="108" who="0" fromWho="0" sc="104,30,499,-5,128,-10,259,-5" /><INIT seed="7,0,0,2,0,118" ten="134,494,118,254" oya="3" hai0="89,117,52,51,18,131,85,43,120,77,96,2,46" hai1="24,12,92,97,111,121,100,32,109,64,87,41,6" hai2="123,75,126,71,79,125,22,72,127,106,48,68,31" hai3="16,91,82,133,9,25,13,19,74,0,93,61,11"/><W78/><G133/><T54/><D117/><U28/><E121/><V83/><F106/><W81/><G81/><T104/><D120/><U23/><E41/><V50/><F72/><W99/><G0/><T20/><D2/><U110/><E64/><V70/><REACH who="2" step="1"/><F123/><REACH who="2" ten="134,494,108,254" step="2"/><W63/><G25/><AGARI ba="0,1" hai="22,25,31,48,50,68,70,71,75,79,83,125,126,127" machi="25" ten="50,6400,0" yaku="1,1,2,1,18,1,53,0" doraHai="118" doraHaiUra="58" who="2" fromWho="3" sc="134,0,494,0,108,74,254,-64" owari="134,-37.0,494,60.0,182,-22.0,190,-1.0" /></mjloggm>