<mjloggm ver="2.3"><GO type="169"/><UN n0="%61%6B%69%6E%61%72%69%30" n1="%EF%BC%88%E2%89%A7%E2%96%BD%E2%89%A6%EF%BC%89" n2="%E3%82%A2%E3%82%B9%E3%82%BF%E3%83%8A" n3="%E3%81%B5%E3%81%8B%E3%81%BF" dan="16,16,16,17" rate="2096,2084,2058,2135" sx="F,M,M,F"/><TAIKYOKU oya="0"/><INIT seed="0,0,0,5,0,23" ten="250,250,250,250" oya="0" hai0="103,51,94,119,126,84,98,92,61,25,101,9,40" hai1="50,75,90,38,86,7,95,89,10,121,96,111,63" hai2="58,0,108,2,104,37,81,74,29,6,83,15,118" hai3="1,117,4,41,35,69,32,80,52,87,76,31,22"/><T115/><D119/><U20/><E121/><V36/><F118/><W19/><G117/><T46/><D115/><U130/><E38/><V71/><F71/><W127/><G69/><T78/><D126/><U21/><E130/><V128/><F128/><W124/><G41/><T26/><D61/><U132/><E75/><V116/><F104/><W18/><G31/><T85/><D9/><U106/><E111/><V91/><F74/><W88/><G1/><T24/><D78/><U34/><E34/><V72/><F72/><W109/><G4/><T70/><D70/><U8/><E132/><V43/><F36/><W5/><G5/><T107/><D107/><U56/><E50/><V49/><F0/><W100/><G100/><T27/><N who="0" m="6144" /><DORA hai="113" /><T45/><D45/><U30/><E30/><V57/><F37/><W82/><G109/><T44/><D44/><U79/><E79/><V47/><F2/><W123/><G22/><N who="1" m="8810" /><E106/><V67/><F108/><W77/><G123/><T28/><D28/><U48/><E7/><V13/><F116/><W11/><G11/><T125/><D125/><N who="3" m="48201" /><G76/><T16/><D16/><N who="3" m="6185" /><G52/><T120/><D120/><U14/><E63/><V73/><F73/><AGARI ba="0,0" hai="32,35,73,77,80,82,87,88" m="6185,48201" machi="73" ten="30,3900,0" yaku="18,1,54,2" doraHai="23,113" who="3" fromWho="2" sc="250,0,250,0,250,-39,250,39" /><INIT seed="1,0,0,4,2,10" ten="250,250,211,289" oya="1" hai0="75,35,34,68,26,32,29,131,7,92,62,133,37" hai1="100,96,106,56,91,112,52,80,67,79,120,42,103" hai2="30,109,111,128,105,122,124,126,102,82,65,104,89" hai3="25,38,87,22,121,13,51,19,2,16,74,119,14"/><U108/><E120/><V83/><F65/><W93/><G38/><T53/><D75/><U117/><E112/><V90/><F30/><N who="3" m="17719" /><G74/><T84/><D133/><U39/><E117/><V132/><F102/><W33/><G33/><T24/><D131/><U107/><E108/><V77/><F132/><W50/><G2/><T44/><D7/><U59/><E67/><V23/><F23/><N who="3" m="11663" /><G121/><T99/><D68/><U4/><E4/><V43/><F43/><W63/><G63/><T5/><D5/><U118/><E118/><V135/><F135/><W85/><G119/><T49/><D37/><U95/><E39/><V72/><F122/><W0/><G0/><T17/><D62/><U64/><E42/><V15/><F15/><W57/><G57/><T73/><D73/><U1/><E1/><V8/><F8/><N who="3" m="6599" /><G93/><T123/><D123/><U41/><E107/><V78/><REACH who="2" step="1"/><F72/><REACH who="2" ten="250,250,201,289" step="2"/><W129/><G129/><AGARI ba="0,1" hai="77,78,82,83,89,90,104,105,109,111,124,126,128,129" machi="129" ten="25,16000,3" yaku="1,1,2,1,22,2,34,3,53,2" doraHai="10" doraHaiUra="134" who="2" fromWho="3" sc="250,0,250,0,201,170,289,-160" /><INIT seed="2,0,0,0,5,6" ten="250,250,371,129" oya="2" hai0="99,129,80,109,58,41,100,115,60,45,116,74,11" hai1="96,86,13,23,107,28,128,46,75,17,119,31,87" hai2="120,44,78,91,56,9,8,0,76,134,37,14,38" hai3="53,97,24,61,117,3,32,85,77,70,55,4,123"/><V49/><F120/><W130/><G117/><T64/><D115/><U19/><E119/><V62/><F134/><W12/><G123/><T52/><D116/><U124/><E75/><V98/><F38/><W50/><G3/><T135/><D135/><U111/><E128/><V112/><F37/><W126/><G130/><T68/><D129/><U35/><E35/><V57/><F112/><W89/><G126/><T36/><D109/><U69/><E69/><V30/><F30/><W132/><G132/><T127/><D127/><U104/><E111/><V73/><F0/><W5/><G32/><T93/><D11/><N who="2" m="4170" /><F14/><W88/><G24/><T54/><D74/><U90/><E13/><V122/><F122/><W133/><G12/><T81/><REACH who="0" step="1"/><D54/><REACH who="0" ten="240,250,371,129" step="2"/><U21/><E124/><V72/><F72/><W94/><G55/><T82/><D82/><U92/><E23/><V83/><F73/><W71/><G133/><T16/><D16/><U79/><E21/><V18/><F18/><W33/><G33/><T26/><D26/><U47/><E17/><V34/><F34/><W103/><G4/><T7/><D7/><U29/><E19/><V102/><F83/><N who="3" m="47343" /><G5/><T25/><D25/><U42/><E28/><V65/><F102/><W118/><G118/><T105/><D105/><U63/><E107/><V110/><F110/><W10/><G10/><T1/><D1/><U20/><E104/><V113/><F113/><W22/><G22/><T43/><D43/><U15/><E31/><V39/><F39/><W59/><G103/><T27/><D27/><U108/><E108/><V95/><F44/><RYUUKYOKU ba="0,1" sc="240,15,250,-15,371,15,129,-15" hai0="36,41,45,52,58,60,64,68,80,81,93,99,100" hai2="49,56,57,62,65,76,78,91,95,98" /><INIT seed="2,1,1,1,4,92" ten="255,235,386,114" oya="2" hai0="56,115,49,78,10,60,61,22,90,14,76,111,37" hai1="88,36,127,33,52,118,79,104,94,0,2,83,126" hai2="63,100,20,77,129,96,95,124,120,34,135,51,93" hai3="23,82,73,132,121,53,74,98,103,28,89,13,109"/><V5/><F120/><W35/><G121/><T31/><D37/><U97/><E36/><V71/><F34/><W6/><G109/><T27/><D115/><U57/><E33/><V70/><F129/><W58/><G35/><T86/><D111/><U133/><E104/><V41/><F124/><N who="1" m="47657" /><E133/><V46/><F135/><W7/><G132/><T123/><D123/><U26/><E26/><V101/><F5/><W87/><G73/><T81/><D49/><N who="1" m="30863" /><E118/><V119/><F119/><W108/><G74/><AGARI ba="1,1" hai="0,2,74,79,83,88,94,97" m="30863,47657" machi="74" ten="30,7700,0" yaku="18,1,52,1,54,2" doraHai="92" who="1" fromWho="3" sc="255,0,235,90,386,0,114,-80" /><INIT seed="3,0,0,4,2,14" ten="255,325,386,34" oya="3" hai0="108,131,12,38,69,112,58,88,11,89,62,57,104" hai1="59,115,9,110,99,107,55,73,60,109,111,47,114" hai2="54,97,94,20,4,126,70,19,76,86,106,42,35" hai3="3,53,0,46,129,7,85,98,10,40,101,74,26"/><W61/><G129/><T44/><D131/><U96/><E73/><V120/><F35/><W125/><G125/><T23/><D104/><U124/><E124/><V18/><F126/><W41/><G74/><T48/><D112/><U29/><E29/><V37/><F70/><W49/><G0/><T93/><D108/><U66/><E9/><V2/><F120/><W81/><G61/><T130/><D130/><U8/><E8/><V45/><F106/><W27/><G40/><T65/><D23/><U100/><E99/><V133/><F133/><W56/><G98/><T134/><D38/><U6/><E6/><V13/><F54/><W90/><REACH who="3" step="1"/><G101/><REACH who="3" ten="255,325,386,24" step="2"/><T82/><D134/><U105/><E115/><V22/><F2/><W15/><G15/><T113/><D113/><U16/><E114/><V68/><F13/><W43/><G43/><T87/><D12/><U123/><E111/><V92/><F4/><W64/><G64/><T80/><D65/><U103/><E66/><V128/><F128/><W135/><G135/><T132/><D62/><U127/><E110/><V25/><F97/><W17/><G17/><T102/><D132/><U39/><E109/><V24/><F68/><W118/><G118/><T32/><D69/><U5/><E127/><V63/><F63/><W34/><G34/><T1/><D32/><U91/><E5/><V21/><F22/><W36/><AGARI ba="0,1" hai="3,7,10,26,27,36,41,46,49,53,56,81,85,90" machi="36" ten="20,7800,0" yaku="1,1,0,1,7,1,53,1" doraHai="14" doraHaiUra="33" who="3" fromWho="3" sc="255,-26,325,-26,386,-26,24,88" /><INIT seed="3,1,0,1,3,108" ten="229,299,360,112" oya="3" hai0="29,26,56,87,48,78,74,133,118,46,20,31,103" hai1="76,122,15,28,130,109,63,17,91,14,61,10,88" hai2="114,96,36,72,58,75,116,127,42,41,5,21,121" hai3="82,99,97,101,113,12,54,102,11,81,106,67,49"/><W6/><G67/><T35/><D118/><U33/><E122/><V9/><F116/><W24/><G24/><T120/><D120/><U80/><E109/><V39/><F121/><W47/><REACH who="3" step="1"/><G113/><REACH who="3" ten="229,299,360,102" step="2"/><T64/><D64/><U62/><E130/><V107/><F114/><W98/><G98/><T123/><D26/><U22/><E33/><V105/><F96/><W89/><G89/><T84/><D35/><U132/><E132/><V25/><F25/><W115/><G115/><T79/><D133/><U134/><E134/><V40/><F127/><W69/><G69/><T51/><D123/><U128/><E128/><V57/><F5/><W45/><G45/><T60/><D46/><U43/><E28/><V124/><F124/><W16/><G16/><T135/><D135/><U7/><REACH who="1" step="1"/><E43/><REACH who="1" ten="229,289,360,102" step="2"/><V66/><F41/><W131/><G131/><T71/><D29/><U90/><E90/><V3/><F42/><W30/><G30/><T104/><D31/><U111/><E111/><V83/><F40/><W110/><G110/><T34/><D34/><U73/><AGARI ba="1,2" hai="7,10,14,15,17,22,61,62,63,73,76,80,88,91" machi="73" ten="30,4000,0" yaku="1,1,0,1,54,1,53,0" doraHai="108" doraHaiUra="126" who="1" fromWho="1" sc="229,-11,289,63,360,-11,102,-21" /><INIT seed="4,0,0,5,4,8" ten="218,352,349,81" oya="0" hai0="24,16,105,40,1,46,39,82,23,116,77,134,96" hai1="55,28,91,83,118,31,133,3,107,110,22,35,41" hai2="93,119,129,7,108,26,65,111,94,78,5,2,4" hai3="32,73,19,112,75,48,62,44,60,97,102,72,51"/><T86/><D116/><U109/><E107/><V84/><F119/><W125/><G112/><T115/><D115/><U89/><E118/><V117/><F117/><W13/><G32/><T47/><D1/><U58/><E35/><V114/><F2/><W45/><G125/><T17/><D134/><U99/><E3/><V106/><F106/><W76/><G76/><T12/><D47/><U132/><E41/><V54/><F114/><W100/><G45/><T59/><D59/><U127/><E127/><V121/><F121/><W6/><G6/><T68/><D68/><U61/><E83/><V52/><F65/><W92/><G102/><T122/><D122/><U135/><E99/><V79/><F129/><W131/><G131/><T85/><D105/><U50/><E61/><V66/><F66/><W11/><REACH who="3" step="1"/><G51/><REACH who="3" ten="218,352,349,71" step="2"/><T67/><D96/><U69/><E135/><V10/><F4/><W20/><G20/><T113/><D113/><U74/><E22/><V14/><F10/><W0/><G0/><T27/><D67/><U53/><E133/><V95/><F79/><W25/><G25/><T80/><D17/><U34/><E132/><V64/><F78/><AGARI ba="0,1" hai="12,16,23,24,27,39,40,46,77,78,80,82,85,86" machi="78" ten="30,11600,0" yaku="7,1,9,1,52,1,54,1" doraHai="8" who="0" fromWho="2" sc="218,126,352,0,349,-116,71,0" /><INIT seed="4,1,0,5,4,5" ten="344,352,233,71" oya="0" hai0="83,93,117,98,72,120,105,84,91,34,64,36,103" hai1="69,127,48,63,26,7,78,11,30,134,53,8,100" hai2="51,58,40,97,32,90,52,70,126,114,99,71,27" hai3="132,16,9,92,129,123,115,23,88,43,12,45,131"/><T33/><D117/><U108/><E108/><V31/><F114/><W22/><G115/><T29/><D120/><U112/><E112/><V85/><F126/><W17/><G132/><T0/><D36/><U38/><E38/><V41/><F71/><W77/><G77/><N who="0" m="44455" /><D64/><U55/><E134/><V119/><F70/><W133/><G133/><T75/><D75/><U4/><E127/><V80/><F119/><W6/><G123/><T82/><D82/><U14/><E78/><V87/><F41/><W57/><G57/><T19/><D29/><U46/><E100/><V62/><F40/><W60/><G60/><T111/><D111/><U56/><E69/><V135/><F135/><W102/><G102/><T113/><D113/><U20/><E11/><V54/><REACH who="2" step="1"/><F87/><REACH who="2" ten="344,352,223,71" step="2"/><N who="3" m="52255" /><G22/><T89/><D34/><U101/><E20/><V116/><F116/><W106/><G23/><T39/><D33/><U2/><E30/><V1/><F1/><W104/><G104/><T25/><D0/><U61/><E2/><V130/><F130/><N who="3" m="49675" /><G106/><T21/><D39/><AGARI ba="1,1" hai="6,9,12,16,17,39,43,45" m="49675,52255" machi="39" ten="30,7700,0" yaku="19,1,52,1,54,2" doraHai="5" who="3" fromWho="0" sc="344,-80,352,0,223,0,71,90" /><INIT seed="5,0,0,3,1,52" ten="264,352,223,161" oya="1" hai0="72,14,9,98,94,124,59,92,26,58,41,95,53" hai1="49,17,16,97,75,32,84,116,40,25,87,56,65" hai2="66,127,6,37,85,123,63,28,89,126,22,74,80" hai3="100,101,47,4,113,111,3,134,36,120,38,69,57"/><U64/><E75/><V35/><F123/><W128/><G120/><T102/><D72/><U48/><E116/><V77/><F37/><W135/><G3/><T107/><D124/><N who="2" m="47658" /><F6/><W129/><G4/><T42/><D26/><U39/><E39/><N who="3" m="14890" /><G100/><T119/><D119/><U2/><E2/><V118/><F118/><W73/><G73/><T0/><D0/><U61/><E32/><V46/><F46/><W55/><G101/><T93/><D107/><U15/><E97/><V50/><F50/><N who="1" m="19561" /><E40/><N who="0" m="15465" /><D53/><N who="1" m="33935" /><E17/><AGARI ba="0,0" hai="9,14,17,58,59,92,93,94,95,98,102" m="15465" machi="17" ten="30,3900,0" yaku="8,1,52,2" doraHai="52" who="0" fromWho="1" sc="264,39,352,-39,223,0,161,0" /><INIT seed="6,0,0,3,2,61" ten="303,313,223,161" oya="2" hai0="53,30,67,131,105,78,135,22,107,37,58,47,26" hai1="2,3,36,50,128,28,74,126,95,134,116,76,114" hai2="29,83,25,120,106,64,62,79,42,96,86,6,19" hai3="52,7,68,87,21,13,72,85,48,104,12,81,122"/><V111/><F120/><W132/><G122/><T17/><D135/><U66/><E36/><V102/><F6/><W5/><G104/><T41/><D131/><U34/><E74/><V16/><F42/><W45/><G132/><T8/><D78/><U44/><E76/><V88/><F79/><W115/><G72/><T113/><D113/><U101/><E34/><N who="2" m="20783" /><F111/><W99/><G115/><T127/><D127/><U89/><E126/><V97/><F97/><W63/><G99/><T57/><D8/><U108/><E108/><V100/><F100/><W60/><G87/><T77/><D77/><U35/><E101/><V56/><F56/><W27/><G68/><T32/><D67/><U43/><E43/><V40/><F40/><W75/><G75/><T33/><D58/><U93/><E114/><V110/><F110/><W38/><G38/><T14/><D32/><U91/><E35/><V82/><F82/><W55/><G85/><T71/><D71/><U70/><E70/><N who="2" m="42263" /><F19/><N who="3" m="12735" /><G81/><T46/><D46/><U24/><E134/><V94/><F83/><W130/><G130/><T69/><D69/><U124/><E128/><V112/><F112/><W49/><G5/><T0/><D0/><U59/><E124/><V4/><F4/><W125/><G125/><T119/><D119/><U80/><E116/><V84/><F84/><W123/><G123/><T11/><D33/><U23/><E80/><V31/><F16/><W51/><G7/><T118/><D118/><U103/><E2/><V54/><F31/><W39/><G39/><T65/><D65/><U129/><E3/><V10/><F10/><RYUUKYOKU ba="0,0" sc="303,15,313,-15,223,15,161,-15" hai0="11,14,17,22,26,30,37,41,47,53,57,105,107" hai2="54,86,88,94,96,102,106" /><INIT seed="6,1,0,1,5,99" ten="318,298,238,146" oya="2" hai0="131,123,84,39,70,10,12,37,40,130,120,18,103" hai1="106,28,25,76,109,88,112,9,7,31,101,36,83" hai2="65,132,107,56,61,85,26,80,24,68,50,129,23" hai3="116,32,90,64,2,27,133,8,43,111,110,66,11"/><V119/><F119/><W72/><G116/><T93/><D70/><U128/><E109/><V0/><F0/><W95/><G72/><T97/><D84/><U118/><E118/><V92/><F107/><W14/><G133/><T48/><D48/><U59/><E36/><N who="0" m="13897" /><D40/><U108/><E108/><V69/><F132/><W34/><G43/><T73/><D73/><U134/><E134/><V102/><F129/><AGARI ba="1,0" hai="10,12,18,93,97,103,120,123,129,130,131" m="13897" machi="129" ten="30,2000,0" yaku="19,1,52,1" doraHai="99" who="0" fromWho="2" sc="318,23,298,0,238,-23,146,0" /><INIT seed="7,0,0,3,5,50" ten="341,298,215,146" oya="3" hai0="28,77,58,116,82,107,31,22,124,85,75,72,29" hai1="113,99,120,48,112,3,1,0,21,38,86,5,80" hai2="96,36,118,46,19,56,121,81,65,34,88,2,30" hai3="39,98,123,94,35,62,105,49,8,133,90,68,9"/><W100/><G123/><T61/><D116/><U130/><E38/><V33/><F118/><W16/><G39/><T110/><D110/><U135/><E120/><V74/><F121/><W101/><G133/><T92/><D107/><U53/><E135/><V45/><F2/><W127/><G127/><T64/><D124/><U91/><E130/><V78/><F36/><W132/><G132/><T76/><D92/><U131/><E131/><V134/><F134/><W44/><G35/><T11/><D11/><U93/><E21/><V71/><F71/><W73/><G73/><T7/><D7/><U17/><E17/><V26/><F34/><W97/><G101/><T20/><D85/><U69/><E69/><V128/><F128/><W66/><REACH who="3" step="1"/><G16/><REACH who="3" ten="341,298,215,136" step="2"/><T52/><D75/><U122/><E122/><V32/><F32/><W10/><G10/><T15/><D72/><U24/><E5/><V42/><F19/><W129/><G129/><T111/><D29/><U104/><E24/><V119/><F30/><W84/><G84/><T114/><D28/><U83/><E86/><V117/><F26/><W18/><G18/><T23/><D31/><U57/><REACH who="1" step="1"/><E104/><REACH who="1" ten="341,288,215,136" step="2"/><V125/><F33/><W109/><G109/><T6/><D111/><U70/><E70/><V126/><F119/><W55/><AGARI ba="0,2" hai="8,9,44,49,55,62,66,68,90,94,97,98,100,105" machi="55" ten="20,7800,0" yaku="1,1,0,1,7,1,52,1,53,0" doraHai="50" doraHaiUra="14" who="3" fromWho="3" sc="341,-26,288,-26,215,-26,136,98" /><INIT seed="7,1,0,0,2,60" ten="315,262,189,234" oya="3" hai0="127,64,37,132,76,93,41,112,123,122,35,19,118" hai1="85,45,124,8,50,32,43,99,101,79,10,98,53" hai2="87,11,106,57,26,75,134,73,66,117,67,103,36" hai3="15,18,116,29,13,23,12,16,92,34,100,86,83"/><W40/><G116/><T9/><D118/><U33/><E124/><V14/><F117/><W56/><G34/><T17/><D35/><U114/><E114/><V39/><F106/><W95/><G40/><T119/><D119/><U130/><E130/><V28/><F103/><W55/><G29/><T51/><D37/><U2/><E33/><V96/><F96/><N who="1" m="36905" /><E32/><V126/><F126/><W44/><G100/><T77/><D132/><U7/><E7/><V63/><F134/><W80/><G44/><T94/><D112/><U89/><E2/><V108/><F108/><W1/><G1/><T133/><D133/><U70/><E70/><V128/><F128/><W81/><G86/><T38/><D38/><U69/><E69/><V5/><F36/><W104/><G104/><T24/><D127/><U131/><E79/><V102/><F39/><W72/><G72/><T59/><D77/><U107/><E101/><V31/><F102/><W84/><G84/><T46/><D76/><U54/><E107/><V22/><F31/><W47/><G47/><T74/><D74/><U68/><E68/><V115/><F115/><W3/><G3/><T78/><D78/><U91/><E91/><V21/><F21/><N who="3" m="11399" /><G13/><N who="0" m="7343" /><D93/><N who="1" m="54447" /><E131/><V105/><F105/><W120/><G120/><T110/><D94/><U113/><E113/><V48/><F87/><W0/><G0/><T52/><D110/><U49/><E43/><V6/><F6/><W58/><G58/><AGARI ba="1,0" hai="8,10,45,49,50,53,54,58" m="54447,36905" machi="58" ten="30,1000,0" yaku="8,1" doraHai="60" who="1" fromWho="3" sc="315,0,262,13,189,0,234,-13" owari="315,41.0,275,8.0,189,-31.0,221,-18.0" /></mjloggm>