<mjloggm ver="2.3"><GO type="41"/><UN n0="%66%65" n1="%E3%82%A6%E3%83%AB%E3%83%88%E3%83%A9%E7%AB%8B%E7%9B%B4" n2="%E6%B1%90%E8%8F%AF%E5%88%9D%E6%B5%81%E4%B9%83" n3="%E3%82%B4%E3%83%B3%E3%82%B3" dan="15,15,14,13" rate="1958,1980,1942,1884" sx="M,M,M,M"/><TAIKYOKU oya="0"/><INIT seed="0,0,0,3,5,132" ten="250,250,250,250" oya="0" hai0="89,120,124,109,37,55,119,61,131,16,90,2,77" hai1="111,134,103,122,18,32,31,10,34,97,46,54,98" hai2="91,20,3,100,88,93,107,99,104,21,14,82,25" hai3="94,59,79,43,78,4,44,56,30,11,84,9,12"/><T1/><D120/><U17/><E134/><V51/><F3/><W22/><G79/><T113/><D113/><U81/><E31/><V7/><F51/><N who="3" m="27039" /><G11/><T40/><D119/><U86/><E32/><V96/><F107/><W36/><G94/><T126/><D131/><U121/><E34/><V69/><F69/><W80/><G36/><T13/><D109/><U39/><E111/><V48/><F48/><W117/><G117/><T129/><D77/><U92/><E18/><V28/><F82/><W87/><G87/><T67/><D129/><U53/><E98/><V45/><F45/><W110/><G110/><T74/><D74/><U27/><E39/><V15/><F15/><W102/><G102/><T106/><D106/><U8/><E8/><V0/><F0/><N who="0" m="106" /><D55/><U71/><E54/><V128/><F128/><W101/><G101/><T70/><D40/><U114/><E122/><V5/><F91/><W72/><G72/><T133/><D37/><U130/><E130/><V60/><F60/><W38/><G38/><T57/><D70/><U29/><E71/><V52/><F52/><W125/><G125/><N who="0" m="48235" /><D133/><U50/><E121/><V108/><REACH who="2" step="1"/><F108/><REACH who="2" ten="250,250,240,250" step="2"/><W62/><G62/><T33/><D33/><U19/><E53/><V63/><F63/><W105/><G105/><T127/><N who="0" m="48243" /><T83/><DORA hai="85" /><D83/><U24/><E81/><V116/><F116/><W76/><G76/><T65/><D67/><U41/><E41/><V66/><F66/><W95/><G95/><T115/><D115/><U42/><E92/><V49/><F49/><W23/><G80/><T6/><D6/><RYUUKYOKU ba="0,1" sc="250,15,250,-15,240,15,250,-15" hai0="13,16,57,61,65,89,90" hai2="5,7,14,20,21,25,28,88,93,96,99,100,104" /><INIT seed="0,1,1,3,3,54" ten="265,235,255,235" oya="0" hai0="111,39,31,48,116,91,112,11,89,65,32,13,123" hai1="90,93,106,69,36,24,66,4,133,100,18,3,92" hai2="57,105,128,88,15,75,23,86,61,131,50,82,19" hai3="46,77,12,20,71,101,132,103,96,8,76,102,60"/><T80/><D112/><U43/><E106/><V126/><F105/><W98/><G132/><T49/><D39/><U104/><E4/><V25/><F126/><W99/><G71/><T58/><D123/><U95/><E3/><V44/><F75/><W129/><G129/><N who="2" m="49737" /><F50/><W124/><G124/><T79/><D116/><U47/><E133/><V70/><F70/><W7/><G46/><T125/><D125/><U130/><E130/><V38/><F44/><W22/><G60/><N who="0" m="38039" /><D32/><U10/><E66/><N who="2" m="39215" /><F38/><W53/><G53/><T135/><D111/><U1/><E69/><V27/><AGARI ba="1,1" hai="15,19,23,25,27,82,86,88" m="39215,49737" machi="27" ten="30,4000,0" yaku="19,1,52,1,54,1" doraHai="54" who="2" fromWho="2" sc="265,-21,235,-11,255,53,235,-11" /><INIT seed="1,0,0,4,5,64" ten="244,224,308,224" oya="1" hai0="103,54,92,55,31,52,95,106,129,113,10,38,21" hai1="11,42,85,44,83,87,125,82,25,94,63,81,47" hai2="3,75,0,26,34,130,32,119,14,104,110,107,132" hai3="126,122,120,13,97,72,30,128,69,66,88,108,7"/><U36/><E125/><V46/><F119/><W86/><G72/><T61/><D38/><U16/><E36/><V79/><F110/><W117/><G126/><T99/><D113/><U5/><E42/><V118/><F132/><W112/><G112/><T12/><D129/><U102/><E5/><V127/><F130/><W93/><G128/><T74/><D74/><U80/><N who="1" m="20992" /><DORA hai="57" /><U123/><E123/><V51/><F14/><W65/><G30/><T40/><D40/><U19/><E102/><V101/><F26/><W24/><G24/><N who="0" m="16783" /><D106/><U4/><E4/><V8/><F8/><W68/><G7/><N who="0" m="3167" /><D92/><U58/><E11/><V2/><F79/><W115/><G13/><T111/><D111/><U53/><E87/><V98/><F98/><W96/><G115/><T133/><D133/><U84/><E84/><V62/><F3/><W6/><G6/><T131/><D131/><U27/><E27/><V29/><F2/><W89/><G108/><T76/><D76/><U71/><E71/><V49/><F118/><W59/><G117/><T37/><D37/><U48/><E25/><V78/><F78/><W134/><G134/><T105/><D105/><U77/><E77/><V17/><F0/><W50/><G97/><T15/><D15/><U1/><E1/><V73/><F107/><W18/><G122/><T35/><D35/><U116/><E116/><V56/><F34/><W45/><G120/><T39/><D39/><U22/><E85/><V124/><F73/><W9/><G96/><T20/><D20/><U70/><E22/><V121/><F75/><W67/><G86/><RYUUKYOKU ba="0,0" sc="244,30,224,-10,308,-10,224,-10" hai0="52,54,55,61,95,99,103" /><INIT seed="2,1,0,5,1,51" ten="274,214,298,214" oya="2" hai0="69,8,86,56,100,28,23,59,103,101,13,84,87" hai1="38,22,113,108,102,45,85,48,55,127,132,110,106" hai2="19,111,14,25,2,35,133,131,80,18,62,93,121" hai3="92,0,90,53,104,88,64,126,65,37,54,124,123"/><V118/><F118/><W74/><G74/><T77/><D69/><U61/><E102/><V128/><F121/><W24/><G104/><T125/><D125/><N who="3" m="48233" /><G0/><T5/><D77/><U83/><E106/><V31/><F2/><W17/><G123/><T39/><D39/><U11/><E127/><V112/><F112/><W91/><G37/><T49/><D49/><U129/><E113/><V117/><F117/><W122/><G122/><T76/><D76/><U120/><E120/><V115/><F115/><W43/><G43/><T36/><D36/><U32/><E32/><V71/><F133/><W29/><G17/><T79/><D79/><U4/><E38/><V134/><F134/><W47/><G47/><T16/><D28/><U95/><E132/><V20/><F111/><W15/><G15/><AGARI ba="1,0" hai="5,8,13,15,16,23,56,59,84,86,87,100,101,103" machi="15" ten="40,2600,0" yaku="8,1,54,1" doraHai="51" who="0" fromWho="3" sc="274,29,214,0,298,0,214,-29" /><INIT seed="3,0,0,3,5,49" ten="303,214,298,185" oya="3" hai0="13,79,88,50,52,119,62,99,110,2,24,41,73" hai1="63,46,100,31,89,117,124,58,59,19,123,101,37" hai2="135,95,94,18,122,103,96,53,8,26,75,98,71" hai3="36,6,109,86,20,48,116,69,1,78,12,105,87"/><W45/><G116/><T74/><D2/><U126/><E123/><V57/><F122/><W125/><G105/><T23/><D119/><U65/><E31/><V29/><F71/><W3/><G69/><T128/><D110/><U129/><E117/><V76/><F135/><W32/><G32/><T21/><D79/><U81/><E100/><V27/><F76/><W93/><G36/><T70/><D70/><U28/><E101/><V72/><F8/><W132/><G132/><T83/><D128/><U92/><E81/><V33/><F18/><W47/><G47/><T0/><D0/><U34/><E28/><V97/><F26/><W77/><G109/><T127/><D127/><U115/><E34/><V114/><F114/><W16/><G125/><T38/><D38/><U42/><E115/><V61/><REACH who="2" step="1"/><F97/><REACH who="2" ten="303,214,288,185" step="2"/><W85/><G78/><T14/><D74/><U30/><E126/><V107/><F107/><W106/><G106/><T9/><D9/><U51/><E124/><V102/><AGARI ba="0,1" hai="27,29,33,53,57,61,72,75,94,95,96,98,102,103" machi="102" ten="20,8000,1" yaku="1,1,0,1,7,1,9,1,52,1,53,0" doraHai="49" doraHaiUra="44" who="2" fromWho="2" sc="303,-20,214,-20,288,90,185,-40" /><INIT seed="4,0,0,0,0,89" ten="283,194,378,145" oya="0" hai0="21,98,82,110,69,53,41,57,121,29,79,123,72" hai1="58,113,66,90,31,84,83,116,95,47,97,112,96" hai2="42,108,92,51,80,106,14,105,27,85,48,101,17" hai3="38,99,118,36,74,135,13,111,46,10,5,49,33"/><T125/><D69/><U45/><E31/><V40/><F108/><W44/><G33/><T127/><D41/><N who="2" m="15978" /><F105/><W100/><G111/><T70/><D70/><U107/><E116/><V4/><F106/><W119/><G74/><T50/><D110/><U3/><E3/><V65/><F65/><W43/><G135/><T55/><D53/><U12/><E107/><V24/><F4/><W102/><G102/><T122/><D29/><U77/><E97/><N who="2" m="59559" /><F24/><W114/><G114/><N who="1" m="44138" /><E12/><V75/><F27/><W61/><G61/><AGARI ba="0,0" hai="45,47,58,61,66,77,83,84,90,95,96" m="44138" machi="61" ten="30,3900,0" yaku="15,1,11,1,52,1" doraHai="89" who="1" fromWho="3" sc="283,0,194,39,378,0,145,-39" /><INIT seed="5,0,0,1,4,96" ten="283,233,378,106" oya="1" hai0="134,79,119,38,97,98,90,84,53,80,18,28,115" hai1="30,82,107,39,41,2,126,130,37,60,26,92,5" hai2="34,57,112,116,63,56,113,127,3,89,24,11,68" hai3="100,7,129,62,17,21,32,9,120,88,10,78,86"/><U33/><E92/><V0/><F116/><W50/><G120/><T22/><D119/><U42/><E42/><V128/><F128/><W121/><G121/><T54/><D38/><U49/><E49/><V27/><F127/><W29/><G129/><T59/><D134/><U51/><E51/><V117/><F117/><W14/><G78/><T70/><D70/><U25/><E130/><V69/><F11/><W132/><G132/><T67/><D115/><U36/><E126/><V4/><F4/><W104/><G62/><T75/><D28/><U44/><E26/><V45/><F63/><W47/><G32/><T23/><D22/><U99/><E60/><V81/><F89/><W66/><G66/><T73/><D67/><U83/><E83/><V48/><F48/><W72/><G72/><T118/><D118/><U123/><E123/><V15/><F15/><W125/><G125/><T20/><D23/><U64/><E64/><V122/><F122/><W76/><G76/><T103/><D59/><U109/><E82/><V87/><F81/><W106/><G10/><T110/><D110/><U31/><E31/><V6/><F6/><W40/><G29/><T77/><D77/><U95/><E109/><V55/><F87/><W105/><G100/><T108/><D108/><U85/><E85/><V46/><F34/><W93/><G106/><N who="0" m="63855" /><D73/><U58/><E58/><V111/><F111/><W135/><REACH who="3" step="1"/><G135/><REACH who="3" ten="283,233,378,96" step="2"/><T101/><D75/><U8/><E107/><V16/><F113/><W43/><G43/><T74/><D74/><U19/><E19/><V65/><F65/><W124/><G124/><RYUUKYOKU ba="0,1" sc="283,-15,233,15,378,-15,96,15" hai1="2,5,8,25,30,33,36,37,39,41,44,95,99" hai3="7,9,14,17,21,40,47,50,86,88,93,104,105" /><INIT seed="5,1,1,4,2,115" ten="268,248,363,111" oya="1" hai0="49,65,1,102,35,61,69,125,80,32,37,89,36" hai1="116,97,110,99,98,39,63,101,11,54,33,7,5" hai2="131,60,81,13,103,4,43,124,30,34,16,42,51" hai3="2,111,27,132,94,21,85,120,25,12,112,68,122"/><U64/><E39/><V76/><F131/><W41/><G68/><T75/><D125/><U106/><E7/><V29/><F124/><W119/><G2/><T117/><D49/><U62/><E110/><V107/><F4/><W26/><G111/><T95/><D102/><U48/><E62/><V45/><F60/><W31/><G41/><T20/><D20/><U133/><E133/><V40/><F103/><W126/><G126/><T55/><D55/><U58/><E33/><N who="0" m="12873" /><D89/><U38/><E38/><N who="0" m="14953" /><D95/><U14/><REACH who="1" step="1"/><E116/><REACH who="1" ten="268,238,363,111" step="2"/><V52/><F34/><W88/><G132/><T67/><D65/><U10/><E10/><V18/><F40/><W135/><G119/><T0/><D117/><U57/><AGARI ba="1,2" hai="5,11,14,48,54,57,58,63,64,97,98,99,101,106" machi="57" ten="20,3900,0" yaku="1,1,0,1,7,1,53,0" doraHai="115" doraHaiUra="114" who="1" fromWho="1" sc="268,-14,238,62,363,-14,111,-14" /><INIT seed="5,2,0,2,5,56" ten="254,300,349,97" oya="1" hai0="77,128,99,0,81,22,110,54,85,76,91,7,131" hai1="103,123,66,109,49,35,83,38,17,78,57,114,61" hai2="89,130,107,108,133,106,32,67,112,16,68,47,15" hai3="71,30,48,74,4,95,5,42,97,25,119,98,120"/><U90/><E123/><V44/><F108/><W14/><G74/><T26/><D110/><U75/><E109/><V13/><F32/><W94/><G71/><T96/><D7/><U20/><E38/><V19/><F133/><W82/><G120/><T2/><D54/><U93/><E35/><V116/><F130/><W124/><G124/><T11/><D11/><U59/><E103/><V127/><F116/><W10/><G119/><T135/><D135/><U118/><E118/><V121/><F121/><W12/><G82/><T64/><D64/><U87/><E114/><V62/><F112/><W126/><G126/><T115/><D115/><U88/><E90/><V100/><F89/><W65/><G65/><T33/><D33/><U102/><E102/><V53/><F127/><W31/><G42/><T129/><D129/><U132/><E132/><V125/><F125/><W6/><G48/><T45/><D45/><U52/><E75/><V92/><F92/><N who="3" m="35371" /><G25/><T122/><D122/><U36/><E36/><V40/><F53/><W23/><G23/><T29/><D29/><N who="3" m="10761" /><G10/><T113/><D113/><U105/><E105/><V8/><F47/><W58/><G58/><T73/><D73/><U41/><E41/><V72/><F100/><W9/><G9/><T37/><D37/><U39/><E39/><V28/><F72/><W27/><G27/><T60/><D60/><U24/><E83/><V111/><F111/><W117/><G117/><T3/><D3/><U1/><E1/><V34/><F34/><W101/><G101/><T86/><D86/><U69/><E69/><V63/><F68/><RYUUKYOKU ba="2,0" sc="254,-15,300,15,349,-15,97,15" hai1="17,20,24,49,52,57,59,61,66,78,87,88,93" hai3="4,5,6,12,14,97,98" /><INIT seed="5,3,0,3,1,103" ten="239,315,334,112" oya="1" hai0="56,101,84,81,75,59,23,47,22,105,126,6,29" hai1="119,38,63,46,40,28,117,27,7,37,93,18,82" hai2="76,24,26,65,106,125,79,19,25,21,55,69,41" hai3="123,127,50,96,61,51,77,52,132,8,10,31,80"/><U130/><E38/><V32/><F125/><W60/><G123/><T5/><D75/><U67/><E130/><V89/><F41/><W68/><G127/><T42/><D126/><U113/><E113/><V15/><F32/><W78/><G68/><T112/><D112/><U14/><E7/><V62/><F106/><W100/><G132/><T83/><D101/><U36/><E36/><V44/><F44/><W72/><G31/><T95/><D95/><U128/><E128/><V39/><F39/><W16/><G51/><T114/><D114/><U98/><E82/><V134/><F134/><W17/><G78/><T34/><D47/><U35/><E93/><V85/><REACH who="2" step="1"/><F55/><REACH who="2" ten="239,315,324,112" step="2"/><W70/><G70/><T71/><D71/><U9/><E98/><V45/><F45/><W54/><G54/><T90/><D42/><U88/><E88/><V64/><F64/><W43/><G43/><T49/><D90/><U86/><E86/><V13/><F13/><W129/><G129/><T0/><D84/><U92/><E92/><AGARI ba="3,1" hai="15,19,21,24,25,26,62,65,69,76,79,85,89,92" machi="92" ten="40,5200,0" yaku="1,1,53,2" doraHai="103" doraHaiUra="74" who="2" fromWho="1" sc="239,0,315,-61,324,71,112,0" /><INIT seed="6,0,0,1,3,116" ten="239,254,395,112" oya="2" hai0="135,60,27,95,11,58,90,73,5,123,24,105,125" hai1="0,103,94,97,91,106,45,134,68,99,9,53,48" hai2="89,51,47,3,104,1,76,6,18,46,12,25,86" hai3="10,78,41,72,22,111,23,118,87,112,131,71,55"/><V92/><F104/><W102/><G118/><T31/><D105/><U44/><E68/><V36/><F36/><W29/><G71/><T101/><D73/><U67/><E67/><V39/><F39/><W107/><G111/><T126/><D135/><U85/><E134/><V52/><F76/><W61/><G41/><T30/><D101/><U40/><E0/><V127/><F127/><N who="0" m="48650" /><D90/><U16/><E106/><V49/><F25/><N who="0" m="9802" /><D95/><U74/><E74/><V65/><F65/><W82/><G29/><N who="0" m="10763" /><D58/><U93/><E85/><V32/><F32/><W110/><G110/><T26/><D60/><U132/><E132/><V70/><F6/><W83/><G61/><T124/><N who="0" m="48658" /><T133/><DORA hai="42" /><D133/><U66/><E66/><V109/><F70/><W2/><G55/><T100/><D100/><U54/><REACH who="1" step="1"/><E44/><REACH who="1" ten="239,244,395,112" step="2"/><V64/><F64/><W98/><G2/><N who="0" m="439" /><D26/><U43/><E43/><V17/><F109/><W115/><G107/><T120/><AGARI ba="0,1" hai="120,123" m="439,10763,9802,48658" machi="120" ten="50,8000,1" yaku="18,1,34,2,52,2" doraHai="116,42" who="0" fromWho="0" sc="239,90,244,-20,395,-40,112,-20" /><INIT seed="7,0,0,5,2,126" ten="329,224,355,92" oya="3" hai0="116,36,61,113,66,106,123,29,79,35,93,85,49" hai1="71,95,87,110,75,72,60,25,58,132,1,44,124" hai2="62,78,111,101,48,134,89,76,90,133,107,33,81" hai3="40,8,19,52,129,42,32,135,121,30,16,38,99"/><W5/><G121/><T12/><D106/><U70/><E1/><V122/><F33/><W103/><G135/><N who="2" m="51721" /><F122/><W22/><G129/><T45/><D123/><U97/><E132/><V69/><F111/><W21/><G38/><T114/><D116/><U34/><E124/><V55/><F101/><W65/><G65/><T24/><D36/><U64/><E87/><N who="2" m="50415" /><F107/><W77/><G77/><T47/><D12/><U91/><E110/><V53/><F90/><W74/><G74/><T23/><D35/><U109/><E109/><V105/><F105/><W130/><G130/><T4/><D4/><U127/><E127/><V104/><F104/><W118/><G118/><T28/><D28/><U108/><E108/><V119/><F119/><W54/><G32/><T117/><D117/><U3/><E3/><V84/><F84/><W39/><G39/><T86/><D79/><N who="2" m="30250" /><F48/><W18/><G30/><T59/><D47/><U20/><E34/><V57/><F69/><W92/><G5/><T102/><D85/><U41/><E75/><V131/><F131/><W46/><G8/><T73/><D73/><U6/><E72/><V120/><F120/><W56/><G46/><T13/><D13/><U15/><E15/><V88/><F88/><N who="3" m="55687" /><G54/><AGARI ba="0,0" hai="53,54,55,57,62" m="30250,50415,51721" machi="54" ten="30,1000,0" yaku="20,1" doraHai="126" who="2" fromWho="3" sc="329,0,224,0,355,10,92,-10" owari="329,13.0,224,-18.0,365,47.0,82,-42.0" /></mjloggm>