<mjloggm ver="2.3"><GO type="97"/><UN n0="%2A%E3%81%B2%E3%82%88%E3%81%93%2A" n1="%EF%BC%88%E2%89%A7%E2%96%BD%E2%89%A6%EF%BC%89" n2="%E3%81%AE%E3%81%A9%E9%A3%B4%EF%BC%A5%EF%BC%B8" n3="%E5%8B%9D%E4%B9%9F" dan="13,15,14,13" rate="1892,1983,1946,1908" sx="F,M,M,M"/><TAIKYOKU oya="0"/><INIT seed="0,0,0,1,5,105" ten="250,250,250,250" oya="0" hai0="73,111,117,94,10,75,128,115,129,114,9,96,87" hai1="83,20,79,38,30,135,47,48,123,91,14,106,126" hai2="53,29,2,108,134,3,60,12,59,16,118,89,104" hai3="85,90,32,119,28,63,19,76,8,100,68,56,25"/><T78/><D117/><U22/><E123/><V97/><F118/><W18/><G119/><T88/><D10/><U121/><E121/><V64/><F134/><W45/><G68/><T26/><D26/><U127/><E38/><V132/><F29/><W95/><G100/><N who="0" m="60439" /><D78/><U61/><E106/><V39/><F39/><W15/><G76/><T81/><D9/><U17/><E135/><V82/><F132/><W51/><G51/><T49/><D49/><U6/><E6/><V66/><F3/><W112/><G112/><N who="0" m="43051" /><D111/><U107/><E107/><V4/><F2/><W33/><G45/><T7/><D7/><U120/><E120/><V65/><F4/><W71/><G71/><T57/><D57/><U52/><E61/><V1/><F108/><W37/><G37/><T77/><D77/><U5/><E5/><V67/><F1/><W131/><G131/><AGARI ba="0,0" hai="73,75,81,87,88,128,129,131" m="43051,60439" machi="131" ten="30,18000,2" yaku="19,1,34,2,52,2,54,1" doraHai="105" who="0" fromWho="3" sc="250,180,250,0,250,0,250,-180" /><INIT seed="0,1,0,0,2,75" ten="430,250,250,70" oya="0" hai0="91,107,61,85,58,134,129,38,33,101,69,57,95" hai1="32,96,25,62,36,54,41,3,40,60,103,99,115" hai2="55,87,88,5,127,42,10,80,76,104,52,24,7" hai3="100,65,106,22,123,56,16,23,110,44,35,63,27"/><T30/><D38/><U132/><E115/><V15/><F104/><W81/><G123/><T82/><D134/><U114/><E114/><V20/><F127/><W17/><G110/><T34/><D129/><U67/><E132/><V94/><F7/><W73/><G35/><T46/><D46/><U125/><E125/><V13/><F13/><W47/><G73/><T93/><D33/><U117/><E3/><V37/><F37/><W133/><G133/><T97/><D58/><U43/><E117/><V121/><F42/><W86/><G100/><T59/><D57/><U118/><E118/><V113/><F113/><W112/><G106/><T9/><D59/><U14/><E36/><V119/><F121/><W66/><G66/><N who="0" m="41167" /><D9/><U128/><E128/><V109/><F109/><W39/><G39/><T49/><D49/><U28/><E14/><V92/><F92/><W111/><G111/><T105/><D105/><U116/><E116/><V72/><F119/><W70/><G70/><T89/><D91/><U11/><E11/><V78/><F78/><N who="3" m="46391" /><G112/><T31/><D31/><AGARI ba="1,0" hai="5,10,15,20,24,31,52,55,72,76,80,87,88,94" machi="31" ten="30,7700,0" yaku="7,1,52,1,54,2" doraHai="75" who="2" fromWho="0" sc="430,-80,250,0,250,80,70,0" /><INIT seed="1,0,0,5,4,116" ten="350,250,330,70" oya="1" hai0="51,70,12,29,91,46,74,126,111,94,38,125,109" hai1="122,0,56,133,84,9,26,120,89,6,15,3,1" hai2="5,110,37,68,50,112,115,13,92,67,64,83,106" hai3="71,24,34,53,20,18,76,134,40,114,130,62,58"/><U32/><E133/><V101/><F37/><W11/><G114/><N who="2" m="43561" /><F106/><W10/><G134/><T7/><D70/><U23/><E56/><V88/><F101/><W90/><G130/><T4/><D74/><U127/><E127/><N who="0" m="48649" /><D38/><U61/><E61/><V107/><F107/><W131/><G71/><T75/><D29/><U27/><E32/><V119/><F119/><W117/><G117/><T17/><D75/><U42/><E42/><V124/><F83/><W128/><G34/><T28/><D28/><U97/><E97/><V123/><F124/><W47/><G76/><T59/><D59/><U54/><E54/><V31/><F31/><W104/><G104/><T135/><D135/><U49/><E49/><V35/><F35/><W81/><G81/><T25/><D25/><U52/><E52/><V132/><F132/><W98/><G128/><T55/><D17/><U105/><E105/><V69/><F50/><N who="3" m="26983" /><G131/><T41/><D41/><U129/><E129/><V108/><F69/><W118/><G118/><T87/><D12/><U30/><REACH who="1" step="1"/><E27/><REACH who="1" ten="350,240,330,70" step="2"/><V60/><F67/><W44/><G44/><T63/><D63/><U103/><E103/><V95/><F60/><W93/><AGARI ba="0,1" hai="10,11,18,20,24,53,58,62,90,93,98" m="26983" machi="93" ten="30,2000,0" yaku="25,1,8,1" doraHai="116" who="3" fromWho="3" sc="350,-5,240,-10,330,-5,70,30" /><INIT seed="2,0,0,3,2,7" ten="345,230,325,100" oya="2" hai0="67,130,24,50,118,8,129,40,117,15,18,65,72" hai1="56,41,132,135,103,70,74,106,116,83,91,98,27" hai2="99,94,2,22,17,131,89,5,39,60,59,29,46" hai3="105,54,19,23,61,97,58,113,43,108,53,81,90"/><V111/><F131/><W122/><G113/><T4/><D72/><U62/><E70/><V85/><F111/><W126/><G122/><T134/><D134/><N who="1" m="51243" /><E116/><N who="0" m="44649" /><D50/><U10/><E41/><V30/><F5/><W37/><G126/><T77/><D77/><N who="1" m="44471" /><E91/><V51/><F2/><W13/><G108/><T82/><D82/><U16/><E27/><V21/><F21/><W42/><G37/><T127/><D40/><N who="3" m="15401" /><G105/><T35/><D127/><U115/><E115/><V3/><F3/><W86/><G97/><T38/><D38/><U125/><E125/><V123/><F123/><W12/><G12/><N who="0" m="5127" /><D24/><U119/><E119/><V49/><F39/><W9/><G9/><N who="0" m="6511" /><D35/><U80/><E80/><V79/><F46/><W45/><G45/><T95/><D95/><U88/><E88/><N who="2" m="55751" /><F79/><W71/><G71/><T124/><D124/><U112/><E112/><V48/><F85/><W69/><G69/><T34/><D34/><U107/><E107/><V31/><F89/><W96/><G96/><T14/><D14/><N who="1" m="7255" /><E62/><V102/><F102/><W66/><AGARI ba="0,0" hai="13,19,23,53,54,58,61,66,81,86,90" m="15401" machi="66" ten="30,1100,0" yaku="8,1" doraHai="7" who="3" fromWho="3" sc="345,-3,230,-3,325,-5,100,11" /><INIT seed="3,0,0,2,2,134" ten="342,227,320,111" oya="3" hai0="116,87,85,46,105,10,98,69,108,65,86,120,88" hai1="33,62,36,5,119,47,76,31,23,109,128,72,26" hai2="58,104,79,100,67,95,73,38,35,68,117,118,70" hai3="102,42,81,115,126,78,40,133,93,34,66,83,32"/><W63/><G115/><T27/><D116/><U111/><E119/><V49/><F117/><W90/><G133/><T59/><D69/><U20/><E128/><V89/><F118/><W2/><G2/><T28/><D120/><U107/><E107/><V64/><F38/><W8/><G8/><T80/><D108/><N who="1" m="41547" /><E5/><V44/><F35/><W16/><G102/><T19/><D46/><U29/><E29/><V30/><F30/><W7/><G7/><T24/><D105/><U135/><E135/><V121/><F121/><W56/><G34/><T43/><D43/><N who="3" m="16425" /><G32/><T130/><D130/><U113/><E113/><V1/><F1/><W129/><G129/><T92/><D28/><U82/><E62/><V12/><F104/><W50/><G126/><T124/><D124/><U39/><E47/><V57/><F100/><W15/><G78/><N who="0" m="46231" /><D10/><U11/><E11/><V17/><F73/><W114/><G50/><T41/><D41/><U77/><E77/><V132/><F79/><W131/><G131/><T125/><D125/><U3/><E3/><V0/><F0/><W9/><G114/><T60/><D19/><U22/><AGARI ba="0,0" hai="20,22,23,26,31,33,36,39,72,76,82" m="41547" machi="22" ten="30,1100,0" yaku="14,1" doraHai="134" who="1" fromWho="1" sc="342,-3,227,11,320,-3,111,-5" owari="339,43.0,238,-16.0,317,12.0,106,-39.0" /></mjloggm>