<mjloggm ver="2.3"><GO type="41"/><UN n0="%47%59%50" n1="%E3%82%B2%E3%83%BC%E3%83%86" n2="%EF%BC%88%E2%89%A7%E2%96%BD%E2%89%A6%EF%BC%89" n3="%43%61%6E%61%6C%2B" dan="13,16,13,13" rate="1856,2052,1949,1849" sx="F,M,M,M"/><TAIKYOKU oya="0"/><INIT seed="0,0,0,3,2,26" ten="250,250,250,250" oya="0" hai0="111,118,90,54,53,75,104,123,87,114,83,58,132" hai1="21,89,28,128,40,56,29,57,92,74,22,6,46" hai2="122,116,131,69,1,110,4,25,5,7,30,2,80" hai3="8,35,27,61,11,68,31,47,41,10,94,121,44"/><T127/><D104/><U38/><E74/><V55/><F69/><W101/><G121/><T102/><D75/><U103/><E103/><V49/><F122/><W117/><G117/><T76/><D102/><U63/><E128/><V109/><F131/><W42/><G68/><T93/><D118/><U126/><E6/><V130/><F130/><W98/><REACH who="3" step="1"/><G61/><REACH who="3" step="2"/><T124/><D123/><U65/><E126/><N who="0" m="48169" /><D114/><U119/><E119/><V73/><F116/><W17/><G17/><T16/><D132/><U125/><E125/><V33/><F73/><W62/><G62/><T96/><D111/><N who="2" m="42506" /><F80/><W14/><G14/><T0/><D0/><U105/><E63/><V66/><F66/><W88/><G88/><T24/><D58/><AGARI ba="0,1" hai="1,2,4,5,7,25,30,33,49,55,58" m="42506" machi="58" ten="30,2000,0" yaku="14,1,52,1" doraHai="26" who="2" fromWho="0" sc="250,-20,250,0,250,30,240,0" /><INIT seed="1,0,0,2,4,49" ten="230,250,280,240" oya="1" hai0="105,29,80,20,89,97,31,62,48,35,102,64,112" hai1="116,32,63,52,10,115,114,106,55,60,21,6,53" hai2="126,3,57,82,37,46,7,65,43,127,4,50,27" hai3="30,131,79,0,77,66,8,78,24,61,125,135,16"/><U133/><E32/><V129/><F3/><W118/><G118/><T130/><D112/><U56/><E116/><V68/><F129/><W25/><G131/><T99/><D130/><U120/><E120/><V14/><F27/><W104/><G104/><T15/><D35/><U73/><E73/><V39/><F82/><W100/><G100/><T92/><D80/><U76/><E106/><V75/><F75/><W9/><G135/><T47/><D20/><U103/><E103/><V121/><F121/><W2/><G125/><N who="2" m="47625" /><F14/><W119/><G119/><T54/><REACH who="0" step="1"/><D15/><REACH who="0" step="2"/><N who="1" m="5591" /><E133/><V81/><F81/><W18/><G79/><T69/><AGARI ba="0,1" hai="29,31,47,48,54,62,64,69,89,92,97,99,102,105" machi="69" ten="20,8000,1" yaku="1,1,0,1,7,1,52,1,53,1" doraHai="49" doraHaiUra="86" who="0" fromWho="0" sc="220,90,250,-40,280,-20,240,-20" /><INIT seed="2,0,0,0,3,81" ten="310,210,260,220" oya="2" hai0="79,27,41,10,75,91,130,107,112,34,115,126,96" hai1="76,117,72,1,98,17,111,66,125,134,25,65,59" hai2="42,13,61,9,60,105,12,99,82,129,89,15,28" hai3="122,22,63,11,85,55,128,33,47,95,57,73,88"/><V102/><F129/><W14/><G33/><T110/><D130/><U4/><E111/><V100/><F100/><W74/><G128/><T133/><D110/><U5/><E117/><V31/><F42/><W56/><G122/><T97/><D41/><U84/><E72/><V45/><F45/><W118/><G118/><T113/><D10/><U104/><E134/><V109/><F109/><W16/><G47/><T19/><D133/><U8/><E5/><V77/><F89/><W83/><G83/><T50/><D50/><U29/><E125/><V121/><F9/><W2/><G2/><T103/><D19/><U135/><E135/><V38/><F38/><W68/><G68/><T123/><D27/><U94/><E104/><V131/><F131/><W23/><G23/><T37/><D34/><U24/><E17/><V132/><F121/><W108/><G108/><T101/><D37/><U86/><E76/><V87/><REACH who="2" step="1"/><F132/><REACH who="2" step="2"/><W0/><G0/><T39/><D91/><U26/><E29/><AGARI ba="0,1" hai="12,13,15,28,29,31,60,61,77,82,87,99,102,105" machi="29" ten="40,7700,0" yaku="1,1,2,1,52,1,53,0" doraHai="81" doraHaiUra="36" who="2" fromWho="1" sc="310,0,210,-77,250,87,220,0" /><INIT seed="2,1,0,5,2,14" ten="310,133,337,220" oya="2" hai0="110,96,90,123,5,45,33,37,64,38,35,98,2" hai1="82,100,25,43,87,24,128,69,95,130,12,65,74" hai2="71,52,105,93,17,134,86,117,81,20,47,9,3" hai3="107,115,32,54,80,51,6,129,40,103,0,78,133"/><V1/><F117/><W92/><G32/><T109/><D123/><U63/><E43/><V7/><F105/><W68/><G68/><T42/><D64/><U79/><E12/><V135/><F71/><W16/><G107/><T31/><D38/><U89/><REACH who="1" step="1"/><E100/><REACH who="1" step="2"/><V27/><F1/><W21/><G103/><T75/><D109/><U122/><E122/><V28/><F28/><W97/><G40/><T83/><D110/><U67/><E67/><V11/><F11/><W36/><G0/><T120/><D31/><U26/><AGARI ba="1,1" hai="24,25,26,63,65,69,74,79,82,87,89,95,128,130" machi="26" ten="30,2000,0" yaku="1,1,0,1,53,0" doraHai="14" doraHaiUra="46" who="1" fromWho="1" sc="310,-6,123,33,337,-11,220,-6" /><INIT seed="3,0,0,3,4,124" ten="304,156,326,214" oya="3" hai0="21,109,46,118,52,135,25,112,80,83,28,37,49" hai1="110,4,126,128,10,98,106,45,0,108,35,133,62" hai2="95,107,111,132,55,68,113,97,115,82,86,34,75" hai3="116,58,2,85,105,42,72,93,8,61,99,127,78"/><W101/><G116/><T43/><D118/><U39/><E126/><V5/><F34/><W120/><G127/><T41/><D112/><N who="2" m="43082" /><F55/><W130/><G120/><T70/><D135/><U53/><E133/><V69/><F5/><W31/><G42/><T87/><D70/><U96/><E96/><V66/><F66/><W7/><G31/><T12/><D37/><U38/><E35/><V32/><F32/><W74/><G78/><T91/><D109/><N who="1" m="42091" /><E39/><V89/><F68/><W59/><G105/><T51/><D80/><U67/><E53/><V64/><F64/><W1/><G85/><T3/><D3/><U40/><E62/><V77/><F69/><W60/><G1/><T29/><D51/><U20/><E20/><V117/><F132/><W81/><G81/><T18/><REACH who="0" step="1"/><D29/><REACH who="0" step="2"/><U119/><E119/><V65/><F117/><W22/><G2/><T114/><D114/><U121/><E121/><V104/><F111/><W125/><G74/><T24/><D24/><U13/><E13/><V11/><F75/><W102/><G72/><T123/><D123/><U36/><E36/><V63/><F82/><W23/><G61/><T57/><D57/><U92/><E38/><V30/><F63/><W100/><G60/><T134/><D134/><U54/><E0/><V26/><F30/><W88/><G125/><T129/><D129/><U71/><E128/><V79/><F26/><W14/><REACH who="3" step="1"/><G130/><REACH who="3" step="2"/><T16/><D16/><U94/><E71/><V47/><F65/><W76/><G76/><T131/><D131/><U103/><E67/><V33/><F79/><W9/><G9/><AGARI ba="0,2" hai="9,12,18,21,25,28,41,43,46,49,52,83,87,91" machi="9" ten="30,16000,3" yaku="1,1,6,1,7,1,25,2,8,1,54,1,53,1" doraHai="124" doraHaiUra="50" who="0" fromWho="3" sc="294,180,156,0,326,0,204,-160" /><INIT seed="4,0,0,4,3,94" ten="474,156,326,44" oya="0" hai0="115,110,121,66,20,83,37,47,96,6,113,92,135" hai1="76,131,98,100,53,130,116,80,49,93,60,33,40" hai2="15,67,109,86,24,43,123,127,87,90,117,75,12" hai3="70,25,27,89,36,39,46,99,17,88,107,79,65"/><T134/><D6/><U10/><E116/><V54/><F123/><W26/><G79/><T56/><D121/><U9/><E33/><V108/><F75/><W132/><G132/><N who="0" m="50731" /><D83/><U106/><E106/><V38/><F117/><W118/><G118/><T84/><D84/><N who="1" m="48135" /><E60/><V97/><F127/><W126/><G126/><T16/><D47/><N who="1" m="27839" /><E40/><V23/><F109/><W13/><G70/><T82/><D37/><U11/><E131/><V114/><F108/><W104/><G65/><T77/><D82/><U119/><E119/><V95/><F114/><W45/><G27/><N who="0" m="14727" /><D77/><U120/><E120/><V30/><F67/><W42/><G13/><N who="2" m="5193" /><F38/><W3/><G17/><T103/><D110/><U4/><E130/><V48/><F43/><W18/><G18/><T73/><D73/><U105/><E105/><V28/><F28/><W52/><G42/><T112/><D115/><U51/><E51/><V62/><F62/><AGARI ba="0,0" hai="56,62,66,92,96,103,112,113" m="14727,50731" machi="62" ten="30,5800,0" yaku="20,1,52,1,54,1" doraHai="94" who="0" fromWho="2" sc="474,58,156,0,326,-58,44,0" /><INIT seed="4,1,0,1,5,119" ten="532,156,268,44" oya="0" hai0="103,77,19,72,82,45,24,130,80,8,86,76,109" hai1="117,31,52,124,28,131,104,96,87,67,40,48,116" hai2="20,21,99,118,97,120,107,2,41,89,68,14,25" hai3="36,29,38,4,16,129,1,22,43,37,56,92,70"/><T15/><D130/><U53/><E131/><V10/><F120/><W123/><G70/><T27/><D109/><U133/><E133/><V135/><F118/><W122/><G29/><T26/><D103/><U3/><E3/><V125/><F2/><W75/><G75/><T17/><D72/><U113/><E124/><V85/><F68/><W98/><G56/><T54/><D45/><U57/><E117/><V134/><F125/><W42/><G4/><T62/><D80/><U100/><E116/><V111/><F111/><W61/><G1/><T88/><D19/><U12/><E40/><V114/><F41/><W5/><G5/><T35/><D35/><U47/><E67/><V74/><F74/><W9/><G9/><T6/><D6/><U115/><E87/><V44/><F44/><W127/><G127/><T11/><D11/><U101/><E12/><V30/><F114/><N who="1" m="43529" /><E101/><N who="2" m="62895" /><F99/><W128/><G61/><AGARI ba="1,0" hai="28,31,47,48,52,53,57,61,96,100,104" m="43529" machi="61" ten="30,3900,0" yaku="15,1,11,1,54,1" doraHai="119" who="1" fromWho="3" sc="532,0,156,42,268,0,44,-42" /><INIT seed="5,0,0,5,2,88" ten="532,198,268,2" oya="1" hai0="20,73,33,27,109,0,42,75,57,86,100,78,55" hai1="63,11,12,84,17,70,68,80,39,126,108,30,104" hai2="60,32,52,49,28,44,118,101,127,1,77,99,113" hai3="14,21,98,102,130,123,90,5,6,93,2,128,91"/><U51/><E126/><V79/><F1/><W89/><G123/><T3/><D0/><U106/><E39/><V72/><F118/><W40/><G40/><T24/><D33/><U133/><E133/><V50/><F127/><W9/><G5/><T132/><D3/><U25/><E108/><V10/><F113/><W87/><G21/><T111/><D109/><U71/><E63/><V81/><F77/><W131/><G2/><T18/><D132/><U110/><E51/><V22/><F32/><W29/><G29/><T23/><D111/><U67/><E67/><V64/><F10/><W120/><G120/><T54/><D42/><U47/><E47/><V116/><F116/><W36/><G36/><T35/><D100/><U26/><E110/><V125/><F125/><W74/><G74/><T41/><D35/><U13/><E12/><V112/><F112/><W59/><G59/><T121/><D41/><U4/><E4/><V85/><F49/><W135/><G135/><T45/><D121/><U65/><E65/><V16/><F72/><W107/><AGARI ba="0,0" hai="6,9,14,87,89,90,91,93,98,102,107,128,130,131" machi="107" ten="30,4000,0" yaku="0,1,19,1,52,1" doraHai="88" who="3" fromWho="3" sc="532,-10,198,-20,268,-10,2,40" /><INIT seed="6,0,0,4,3,90" ten="522,178,258,42" oya="2" hai0="21,37,94,77,110,66,36,62,115,45,72,48,41" hai1="122,134,51,58,20,53,25,46,126,59,23,11,13" hai2="135,44,64,0,103,102,84,91,73,81,71,74,68" hai3="123,14,96,124,116,17,82,1,12,19,132,85,54"/><V5/><F135/><W69/><G123/><T108/><D110/><U117/><E117/><V121/><F121/><W128/><G1/><T75/><D115/><U49/><E134/><V29/><F29/><W4/><G69/><T107/><D108/><U47/><E126/><V61/><F71/><W26/><G116/><T9/><D107/><U55/><E122/><V83/><F44/><W125/><G96/><T7/><D21/><U118/><E118/><V39/><F39/><W10/><G128/><T79/><D75/><U131/><E131/><V88/><F73/><W119/><G119/><T57/><D94/><U99/><E99/><V87/><F74/><W86/><G132/><T31/><D31/><U22/><REACH who="1" step="1"/><E25/><REACH who="1" step="2"/><V65/><F103/><W80/><G26/><T3/><REACH who="0" step="1"/><D72/><REACH who="0" step="2"/><U109/><E109/><V38/><F102/><W35/><G125/><T78/><AGARI ba="0,2" hai="3,7,9,36,37,41,45,48,57,62,66,77,78,79" machi="78" ten="30,4000,0" yaku="1,1,2,1,0,1,53,0" doraHai="90" doraHaiUra="101" who="0" fromWho="0" sc="512,60,168,-10,258,-20,42,-10" /><INIT seed="7,0,0,3,3,52" ten="572,158,238,32" oya="3" hai0="53,40,54,50,100,7,33,47,129,78,84,10,81" hai1="2,9,114,44,107,117,83,63,3,43,102,74,28" hai2="121,131,18,95,116,82,15,64,48,1,57,55,8" hai3="6,101,21,76,58,105,118,32,16,22,135,96,130"/><W27/><G118/><T65/><D33/><U12/><E114/><V120/><F116/><W91/><G76/><T123/><D129/><U90/><E117/><V70/><F131/><W103/><G130/><T19/><D123/><N who="2" m="47178" /><F1/><W25/><G135/><T68/><D100/><U109/><E63/><N who="2" m="40223" /><F95/><W26/><G6/><T99/><D99/><U126/><E90/><V87/><F87/><W98/><G32/><T93/><D93/><U106/><E28/><V11/><F82/><W30/><G91/><T23/><D65/><U132/><E126/><V45/><F45/><W35/><G58/><T36/><D68/><U71/><E12/><V20/><AGARI ba="0,0" hai="8,11,15,18,20,48,55,57" m="40223,47178" machi="20" ten="30,2000,0" yaku="13,1,52,1" doraHai="52" who="2" fromWho="2" sc="572,-5,158,-5,238,20,32,-10" owari="567,67,153,-25,258,6,22,-48" /></mjloggm>