<mjloggm ver="2.3"><GO type="169"/><UN n0="%EF%BC%88%E2%89%A7%E2%96%BD%E2%89%A6%EF%BC%89" n1="%E6%94%B9%E6%82%9B%E4%B8%80%E5%8F%B7" n2="%EF%BC%A6%EF%BC%B8%E9%9B%80%E5%A3%AB" n3="%E8%B6%85%E4%BA%BA%EF%BC%AD" dan="18,17,17,17" rate="2249,2208,2133,2137" sx="M,M,M,M"/><TAIKYOKU oya="0"/><INIT seed="0,0,0,2,1,22" ten="250,250,250,250" oya="0" hai0="30,116,27,109,112,21,31,26,69,127,90,54,13" hai1="15,93,111,51,80,62,95,121,83,81,67,29,0" hai2="113,3,7,77,33,94,118,131,103,46,61,55,14" hai3="123,18,124,64,47,88,19,133,128,100,2,87,9"/><T12/><D116/><U84/><E0/><V24/><F113/><W102/><G133/><T114/><D69/><U72/><E121/><V110/><F118/><W43/><G64/><T101/><D101/><U132/><E132/><V63/><F3/><W60/><G60/><T86/><D127/><U4/><E111/><V122/><F110/><W35/><G35/><T1/><D1/><U20/><E72/><V115/><F77/><W134/><G134/><T36/><D36/><U135/><E135/><V48/><F131/><W89/><G89/><T74/><D74/><U104/><E104/><V59/><F61/><W96/><G128/><T85/><D109/><U71/><E84/><V117/><F115/><W42/><G102/><T98/><D54/><U70/><E70/><V130/><F103/><W17/><G123/><T119/><D119/><U82/><N who="1" m="20480" /><DORA hai="52" /><U44/><E4/><V92/><F122/><W37/><G43/><T75/><D75/><U125/><E125/><V16/><F7/><W50/><G124/><T25/><D21/><U107/><E107/><V49/><F130/><W34/><G34/><T105/><D105/><U58/><E71/><V53/><F117/><W8/><G37/><T28/><D112/><U79/><E79/><V38/><F38/><W106/><REACH who="3" step="1"/><G2/><REACH who="3" ten="250,250,250,240" step="2"/><T57/><D114/><U32/><E32/><V68/><F63/><W23/><G23/><T120/><D120/><U5/><E20/><V41/><F41/><W129/><G129/><T91/><D91/><U108/><E108/><V65/><F33/><W97/><G97/><T66/><D98/><RYUUKYOKU ba="0,1" sc="250,-10,250,-10,250,-10,240,30" hai3="8,9,17,18,19,42,47,50,87,88,96,100,106" /><INIT seed="1,1,1,1,5,59" ten="240,240,240,270" oya="1" hai0="66,7,85,125,19,53,22,28,35,15,65,108,61" hai1="55,62,97,135,58,76,93,88,118,129,71,132,106" hai2="121,131,116,104,127,54,63,72,6,36,52,90,114" hai3="39,43,27,57,83,60,16,47,78,11,130,49,40"/><U38/><E118/><V100/><F116/><W80/><G130/><T107/><D107/><U92/><E106/><V86/><F121/><W20/><G39/><T112/><D112/><U5/><E38/><V51/><F72/><W64/><G43/><T79/><D125/><U96/><E129/><V26/><F36/><W81/><REACH who="3" step="1"/><G11/><REACH who="3" ten="240,240,240,260" step="2"/><T17/><D108/><U111/><E111/><V44/><F131/><W25/><G25/><N who="0" m="16439" /><D35/><U1/><E135/><V117/><F117/><W102/><G102/><T103/><D103/><U18/><E132/><V48/><F100/><W73/><AGARI ba="1,2" hai="16,20,27,40,47,49,57,60,64,73,78,80,81,83" machi="73" ten="20,8000,1" yaku="1,1,0,1,7,1,52,1,54,1,53,0" doraHai="59" doraHaiUra="95" who="3" fromWho="3" sc="240,-21,240,-41,240,-21,260,103" /><INIT seed="2,0,0,5,2,86" ten="219,199,219,363" oya="2" hai0="115,112,55,120,98,29,100,63,111,9,28,90,117" hai1="95,128,46,123,129,47,6,135,70,79,4,41,34" hai2="58,82,22,25,76,83,18,87,14,97,92,78,71" hai3="73,17,32,20,26,101,45,35,57,134,53,113,85"/><V108/><F71/><W65/><G73/><T89/><D120/><U44/><E70/><V7/><F108/><W119/><G119/><T110/><D117/><U77/><E34/><V56/><F7/><N who="1" m="2601" /><E41/><V66/><F25/><W0/><G0/><T64/><D9/><U60/><E60/><V39/><F66/><W40/><G65/><T91/><D55/><U132/><E95/><V8/><F8/><W126/><G101/><T122/><D122/><U2/><E2/><V106/><F106/><W99/><G99/><T104/><D112/><U5/><N who="1" m="2609" /><U62/><DORA hai="105" /><E62/><V3/><F39/><W42/><G42/><T61/><D61/><U52/><E52/><V59/><F3/><W84/><G113/><T1/><D1/><U133/><E123/><V50/><F50/><W36/><G53/><T96/><D96/><U15/><E15/><V109/><F109/><N who="0" m="41482" /><D115/><U121/><E121/><V24/><F14/><W31/><G57/><AGARI ba="0,0" hai="28,29,57,63,64,89,90,91,98,100,104" m="41482" machi="57" ten="30,7700,0" yaku="14,1,52,3" doraHai="86,105" who="0" fromWho="3" sc="219,77,199,0,219,0,363,-77" /><INIT seed="3,0,0,4,5,133" ten="296,199,219,286" oya="3" hai0="9,48,86,72,0,117,116,23,89,76,113,22,95" hai1="81,84,4,98,17,125,126,69,68,106,99,94,123" hai2="71,80,32,44,26,87,55,111,16,93,54,19,12" hai3="119,67,122,64,79,121,101,50,13,34,124,88,61"/><W10/><G119/><T74/><D113/><U18/><E123/><V27/><F71/><W51/><G34/><T45/><D116/><U38/><E38/><V39/><F111/><W35/><G35/><T115/><D115/><U60/><E106/><V105/><F105/><W92/><G101/><T47/><D47/><U118/><E118/><V52/><F93/><W120/><G79/><T59/><D59/><U114/><E114/><V83/><F32/><W73/><G73/><T6/><D117/><U20/><E4/><V104/><F104/><W33/><G33/><T85/><D85/><U70/><E60/><V135/><F135/><W65/><G61/><T66/><D66/><U36/><E36/><V8/><F83/><W31/><G31/><T1/><D1/><U107/><E107/><V56/><F56/><W57/><G57/><T103/><D103/><U134/><E134/><V3/><F3/><W132/><G124/><N who="1" m="47722" /><E94/><V77/><REACH who="2" step="1"/><F19/><REACH who="2" ten="296,199,209,286" step="2"/><N who="1" m="7177" /><E20/><V5/><F5/><W112/><G132/><T91/><D22/><U128/><E128/><V96/><F96/><W40/><G112/><T62/><D23/><U90/><AGARI ba="0,1" hai="68,69,70,81,84,90,98,99" m="7177,47722" machi="90" ten="40,8000,1" yaku="18,1,52,3" doraHai="133" who="1" fromWho="1" sc="296,-20,199,90,209,-20,286,-40" /><INIT seed="4,0,0,0,3,77" ten="276,289,189,246" oya="0" hai0="62,29,101,30,44,87,45,19,73,123,107,43,80" hai1="32,6,85,112,102,78,20,59,121,14,129,54,33" hai2="40,49,127,7,109,125,135,114,46,126,93,128,92" hai3="10,97,103,130,104,55,95,100,17,117,42,113,65"/><T53/><D73/><U124/><E121/><V88/><F109/><W122/><G117/><T41/><D123/><U36/><E36/><V86/><F114/><W21/><G122/><T48/><D107/><U116/><E116/><V18/><F7/><W9/><G113/><T98/><D62/><U84/><E112/><V90/><F128/><W5/><G130/><T76/><D19/><U83/><E129/><V110/><F110/><W71/><G42/><T4/><D4/><U70/><E70/><V8/><F135/><W108/><G108/><T58/><D58/><U37/><E37/><V61/><F61/><W38/><G38/><T96/><D53/><U22/><E124/><V23/><F8/><W94/><G55/><T13/><D13/><U1/><E1/><V63/><F63/><W12/><G65/><T89/><D76/><U131/><E131/><V50/><F50/><W2/><G71/><T133/><D133/><U64/><E64/><V74/><F74/><W39/><G39/><T47/><D47/><U75/><E102/><V115/><F115/><W119/><G119/><T25/><D101/><U31/><E22/><V120/><F120/><W34/><G34/><N who="0" m="20783" /><D30/><U27/><E6/><V66/><F66/><W56/><G56/><T91/><D91/><U24/><E14/><N who="2" m="9687" /><F90/><W79/><G79/><T51/><D89/><U3/><E3/><V72/><F72/><W132/><G132/><T16/><D16/><N who="1" m="12295" /><E33/><V82/><AGARI ba="0,0" hai="40,46,49,82,86,88,92,93,125,126,127" m="9687" machi="82" ten="30,4000,0" yaku="18,1,52,1,54,1" doraHai="77" who="2" fromWho="2" sc="276,-20,289,-10,189,40,246,-10" /><INIT seed="5,0,0,1,4,42" ten="256,279,229,236" oya="1" hai0="103,12,66,11,46,84,72,91,30,36,38,118,52" hai1="80,85,14,33,102,63,86,0,45,124,26,97,96" hai2="40,98,29,134,15,117,131,90,109,19,104,7,8" hai3="32,16,9,54,67,88,37,24,82,68,61,71,83"/><U107/><E124/><V108/><F117/><W126/><G126/><T129/><D72/><U116/><E116/><V23/><F29/><W75/><G37/><T77/><D118/><U112/><E112/><V49/><F134/><W99/><G71/><T64/><D129/><U74/><E0/><V56/><F131/><W123/><G123/><T122/><D122/><U20/><E96/><V106/><F90/><W47/><G75/><T133/><D133/><U65/><E14/><V121/><F121/><W113/><G113/><T39/><D77/><U81/><E45/><V1/><F98/><W18/><G9/><T130/><D30/><U119/><E119/><V43/><F43/><W127/><G127/><T48/><D103/><U28/><E20/><V34/><F34/><W128/><G128/><T101/><D101/><U21/><E21/><V87/><F87/><W50/><G32/><T41/><D41/><U110/><E110/><V4/><F40/><W105/><G24/><T55/><D55/><U111/><E111/><V10/><F108/><W135/><G135/><T120/><D120/><U93/><E74/><V44/><F109/><W17/><REACH who="3" step="1"/><G105/><REACH who="3" ten="256,279,229,226" step="2"/><T95/><REACH who="0" step="1"/><D130/><REACH who="0" ten="246,279,229,226" step="2"/><U69/><E107/><V70/><F106/><W132/><G132/><T60/><D60/><U25/><E63/><V59/><F104/><W53/><G53/><T115/><D115/><U100/><E28/><V114/><F114/><W76/><G76/><T89/><D89/><U35/><E102/><V78/><F78/><W3/><G3/><T73/><D73/><U58/><E100/><V2/><F70/><RYUUKYOKU ba="0,2" sc="246,10,279,-30,229,10,226,10" hai0="11,12,36,38,39,46,48,52,64,66,84,91,95" hai2="1,2,4,7,8,10,15,19,23,44,49,56,59" hai3="16,17,18,47,50,54,61,67,68,82,83,88,99" /><INIT seed="6,1,2,3,3,45" ten="256,249,239,236" oya="2" hai0="118,82,77,131,20,26,4,83,63,108,55,103,22" hai1="7,59,47,46,74,106,40,9,94,80,10,16,17" hai2="133,90,124,52,107,115,42,61,114,24,125,11,130" hai3="28,33,93,41,0,66,21,43,134,69,112,58,111"/><V123/><F107/><W110/><G33/><T84/><D108/><U79/><E106/><V132/><F123/><W14/><G0/><T76/><D118/><U53/><E94/><V72/><F72/><W68/><G68/><T3/><D103/><U85/><E74/><V126/><F42/><N who="3" m="15883" /><G69/><T62/><D131/><U88/><E79/><V18/><F130/><W95/><G111/><T27/><D3/><U5/><E10/><V56/><F90/><W91/><G110/><T54/><D4/><U73/><E73/><V35/><F35/><W100/><G134/><N who="2" m="51817" /><F11/><W104/><G104/><T1/><D1/><U129/><E129/><V15/><F15/><W13/><G112/><T34/><D34/><U64/><E64/><V49/><F61/><N who="3" m="38199" /><G100/><T12/><D12/><N who="3" m="4713" /><G91/><T119/><D119/><U117/><E117/><V29/><F29/><W30/><G30/><T70/><D70/><U44/><E40/><V122/><F122/><W19/><G28/><T99/><D99/><U6/><E9/><V86/><F86/><AGARI ba="1,2" hai="20,22,26,27,54,55,62,63,76,77,82,83,84,86" machi="86" ten="25,3200,0" yaku="22,2,8,1" doraHai="45" who="0" fromWho="2" sc="256,55,249,0,239,-35,236,0" /><INIT seed="7,0,0,2,1,29" ten="311,249,204,236" oya="3" hai0="92,42,107,115,94,124,3,123,78,91,86,79,82" hai1="39,129,16,27,22,102,96,58,64,43,108,1,15" hai2="36,106,127,85,38,18,59,119,114,51,116,50,101" hai3="35,100,30,14,55,95,60,68,111,69,71,93,65"/><W63/><G111/><T33/><D33/><U83/><E108/><V57/><F106/><W20/><G55/><T13/><D3/><U54/><E1/><V118/><F101/><W61/><G65/><T89/><D107/><U48/><E129/><V67/><F85/><W128/><G128/><T97/><D124/><U26/><E64/><V126/><F18/><W12/><G100/><N who="0" m="60455" /><D115/><U130/><E130/><V117/><F117/><W7/><G14/><T2/><D2/><U134/><E134/><V19/><F19/><W70/><N who="3" m="17408" /><DORA hai="45" /><W84/><G84/><N who="0" m="52583" /><D123/><U104/><REACH who="1" step="1"/><E83/><REACH who="1" ten="311,239,204,236" step="2"/><V112/><F116/><W11/><REACH who="3" step="1"/><G20/><REACH who="3" ten="311,239,204,226" step="2"/><T125/><D125/><U120/><E120/><V77/><F77/><W41/><G41/><T99/><D42/><U66/><E66/><AGARI ba="0,2" hai="36,38,50,51,57,59,66,67,112,114,118,119,126,127" machi="66" ten="25,12000,2" yaku="22,2,34,3,52,2" doraHai="29,45" who="2" fromWho="1" sc="311,0,239,-120,204,140,226,0" owari="311,11.0,119,-38.0,344,44.0,226,-17.0" /></mjloggm>