<mjloggm ver="2.3"><GO type="169" lobby="0"/><UN n0="%EF%BC%88%E2%89%A7%E2%96%BD%E2%89%A6%EF%BC%89" n1="%E8%B6%85%E3%83%92%E3%83%A2%E3%83%AA%E3%83%AD" n2="%E3%82%8A%E3%81%A8%E3%82%8B%E3%80%82%E3%80%82" n3="%4E%65%6B%6F%73%6B%79" dan="17,17,16,16" rate="2151.88,2211.60,2119.90,2086.57" sx="M,F,M,M"/><TAIKYOKU oya="0"/><INIT seed="0,0,0,4,3,79" ten="250,250,250,250" oya="0" hai0="103,42,110,87,119,78,130,57,97,4,58,62,18" hai1="115,102,16,12,3,101,60,9,74,89,68,112,99" hai2="72,20,123,40,38,98,52,88,39,48,106,24,44" hai3="126,86,27,129,1,30,118,6,13,7,121,51,104"/><T83/><D119/><U21/><E74/><V26/><F123/><W111/><G104/><T92/><D130/><U22/><E68/><V90/><F72/><W43/><G111/><T77/><D110/><U55/><E60/><V64/><F64/><W134/><G118/><T120/><D120/><U70/><E70/><V116/><F116/><W11/><G129/><T73/><D4/><U67/><E67/><V76/><F76/><W125/><G121/><T124/><D124/><U113/><E55/><V117/><F117/><W33/><G134/><T31/><D31/><U2/><E101/><V84/><F26/><W25/><G86/><T69/><D69/><U10/><E89/><V23/><F23/><N who="1" m="8713" /><E10/><V82/><F106/><AGARI ba="0,0" hai="2,3,9,12,16,99,102,106,112,113,115" m="8713" machi="106" ten="30,2000,0" yaku="11,1,54,1" doraHai="79" who="1" fromWho="2" sc="250,0,250,20,250,-20,250,0" /><INIT seed="1,0,0,2,0,130" ten="250,270,230,250" oya="1" hai0="82,120,127,48,28,65,55,121,27,61,119,102,98" hai1="81,47,19,30,75,95,122,42,114,110,91,37,16" hai2="70,41,116,90,103,29,45,123,101,115,35,17,85" hai3="89,38,79,94,113,133,7,105,117,15,132,135,77"/><U11/><E114/><V49/><F116/><W52/><G113/><T67/><D119/><U8/><E122/><V109/><F123/><W36/><G117/><T44/><D127/><U68/><E68/><V2/><F115/><W74/><G105/><T39/><D39/><N who="3" m="14889" /><G74/><T92/><D82/><U25/><E110/><V72/><F72/><W53/><G7/><T106/><D67/><U46/><E46/><V10/><F70/><W4/><G15/><T3/><D3/><U13/><E81/><V87/><F87/><N who="3" m="52543" /><G4/><T96/><D96/><U73/><E19/><V1/><F1/><W129/><G129/><T54/><D54/><AGARI ba="0,0" hai="52,53,54,77,79,132,133,135" m="52543,14889" machi="54" ten="40,8000,1" yaku="20,1,52,3,54,1" doraHai="130" who="3" fromWho="0" sc="250,-80,270,0,230,0,250,80" /><INIT seed="2,0,0,0,5,93" ten="170,270,230,330" oya="2" hai0="28,85,16,121,74,125,124,33,69,105,131,114,24" hai1="60,47,19,109,84,21,66,132,20,54,31,86,75" hai2="67,46,118,88,126,72,10,12,89,52,122,14,35" hai3="62,116,117,0,76,130,111,25,73,65,71,91,34"/><V135/><F118/><N who="3" m="45675" /><G91/><N who="2" m="34889" /><F35/><W37/><G37/><T38/><D38/><U43/><E75/><V128/><F72/><W18/><G18/><T134/><D74/><U30/><E109/><V97/><F122/><W119/><G119/><T94/><D105/><U27/><E54/><V49/><F128/><W4/><G130/><T108/><D131/><U120/><E132/><V1/><F1/><W63/><G63/><T61/><D134/><U41/><E120/><V64/><F135/><W106/><G111/><T3/><D3/><U15/><E31/><V79/><F126/><N who="0" m="48746" /><D121/><U59/><REACH who="1" step="1"/><E43/><REACH who="1" ten="170,260,230,330" step="2"/><V23/><F67/><W113/><G73/><T58/><D108/><U87/><E87/><V133/><F64/><W92/><G65/><N who="0" m="39095" /><D85/><U53/><E53/><V5/><F133/><W2/><G71/><T50/><D69/><U82/><E82/><V96/><F79/><W44/><G76/><T57/><D114/><U103/><E103/><V11/><F23/><W7/><G113/><T100/><D100/><U42/><E42/><V29/><F29/><W6/><G34/><T127/><D127/><U110/><E110/><V101/><F101/><W13/><G2/><T51/><D33/><U115/><E115/><V22/><F22/><W9/><G0/><T83/><D28/><U68/><E68/><V98/><F98/><W17/><G106/><T81/><D81/><U26/><E26/><V39/><F39/><AGARI ba="0,1" hai="15,19,20,21,27,30,39,41,47,59,60,66,84,86" machi="39" ten="30,2000,0" yaku="1,1,7,1,53,0" doraHai="93" doraHaiUra="123" who="1" fromWho="2" sc="170,0,260,30,230,-20,330,0" /><INIT seed="3,0,0,0,1,27" ten="170,290,210,330" oya="3" hai0="130,85,60,118,43,98,61,128,124,125,121,107,30" hai1="28,47,5,52,95,14,44,12,67,123,6,88,22" hai2="99,26,0,57,45,119,53,7,77,31,91,25,63" hai3="74,101,120,87,122,116,71,73,38,10,106,21,20"/><W41/><G116/><T129/><D121/><U135/><E123/><V2/><F119/><W35/><G71/><T65/><D118/><U50/><E135/><V132/><F132/><W62/><G35/><T69/><D43/><U23/><E67/><V59/><F77/><W134/><G134/><T40/><D40/><U92/><E92/><V54/><F45/><W93/><G106/><T110/><D110/><U103/><E103/><V3/><F7/><N who="1" m="2569" /><E44/><V96/><F91/><W36/><G62/><N who="0" m="40119" /><D85/><N who="1" m="52623" /><E23/><V48/><REACH who="2" step="1"/><F26/><AGARI ba="0,0" hai="12,14,22,26,28,47,50,52" m="52623,2569" machi="26" ten="30,7700,0" yaku="8,1,52,1,54,2" doraHai="27" who="1" fromWho="2" sc="170,0,290,77,210,-77,330,0" /><INIT seed="4,0,0,4,4,18" ten="170,367,133,330" oya="0" hai0="129,59,91,121,122,62,84,112,3,76,35,63,97" hai1="109,54,29,93,86,128,118,27,2,11,90,73,130" hai2="23,68,77,107,79,43,92,41,21,15,34,39,70" hai3="115,131,26,124,42,74,32,94,134,7,22,80,67"/><T125/><D3/><U88/><E118/><V111/><F107/><W44/><G32/><T104/><D35/><U89/><E73/><V101/><F34/><W52/><G67/><T72/><D112/><U36/><E36/><V116/><F111/><W126/><G115/><T114/><D114/><U133/><E109/><V78/><F116/><W4/><G42/><T106/><D129/><N who="1" m="49771" /><E54/><V24/><F39/><W8/><G94/><T45/><D45/><U47/><E47/><V132/><F132/><W51/><G134/><T110/><D106/><U46/><E46/><V53/><F53/><W57/><G44/><T31/><D31/><U13/><E2/><V99/><F70/><W64/><G64/><T120/><D110/><U108/><E133/><V135/><F68/><W49/><G49/><T33/><D33/><N who="1" m="20671" /><E108/><V58/><F58/><W55/><G55/><T69/><D59/><U20/><E20/><N who="2" m="7755" /><F135/><W83/><G131/><T61/><D69/><U87/><E93/><V75/><F75/><W14/><G74/><T65/><D65/><U127/><E127/><N who="3" m="48682" /><G4/><AGARI ba="0,0" hai="4,11,13,86,87,88,89,90" m="20671,49771" machi="4" ten="30,2000,0" yaku="19,1,54,1" doraHai="18" who="1" fromWho="3" sc="170,0,367,20,133,0,330,-20" /><INIT seed="5,0,0,0,4,103" ten="170,387,133,310" oya="1" hai0="29,14,10,132,58,1,7,104,21,89,125,60,34" hai1="17,53,8,134,130,62,70,79,37,50,78,107,67" hai2="23,41,85,113,32,106,92,22,110,76,83,133,121" hai3="5,54,87,101,68,16,66,6,88,114,57,117,123"/><U4/><E130/><V71/><F32/><W77/><G123/><T46/><D104/><U80/><E134/><V56/><F121/><W129/><G129/><T3/><D132/><U15/><E107/><V98/><F71/><W45/><G114/><T25/><D125/><U116/><E116/><V120/><F120/><W111/><G111/><T33/><D46/><U86/><E37/><V9/><F110/><W84/><G68/><T0/><D89/><U28/><E28/><V127/><F113/><W97/><G66/><T135/><D135/><U72/><E4/><V105/><F133/><W99/><G45/><T108/><D108/><U81/><E81/><V126/><F41/><W19/><G77/><T112/><D112/><U30/><E30/><V109/><F109/><W38/><G38/><T118/><D118/><U119/><E119/><V96/><F9/><W115/><G115/><T91/><D91/><U65/><E65/><V69/><F69/><W26/><G117/><T122/><REACH who="0" step="1"/><D122/><REACH who="0" ten="160,387,133,310" step="2"/><U44/><E79/><V11/><F106/><W24/><G88/><T48/><D48/><U39/><E39/><V94/><F105/><W20/><G101/><T63/><D63/><U61/><E61/><V36/><F36/><W82/><G82/><T31/><D31/><U100/><E100/><N who="2" m="60423" /><F127/><W131/><G131/><T18/><D18/><U124/><E124/><V12/><F126/><W51/><G19/><T42/><D42/><U128/><E128/><V40/><F40/><W52/><G16/><T35/><D35/><U49/><E49/><V64/><F76/><W93/><G51/><RYUUKYOKU ba="0,1" sc="160,15,387,15,133,-15,310,-15" hai0="0,1,3,7,10,14,21,25,29,33,34,58,60" hai1="8,15,17,44,50,53,62,67,70,72,78,80,86" /><INIT seed="5,1,1,4,2,62" ten="175,402,118,295" oya="1" hai0="127,1,56,17,115,52,82,101,66,8,69,24,94" hai1="41,84,125,123,103,3,72,90,51,100,75,65,7" hai2="131,80,102,53,26,78,129,22,109,45,6,37,42" hai3="71,110,33,124,118,5,128,0,132,67,63,83,93"/><U32/><E32/><V55/><F109/><W64/><G110/><T106/><D106/><U12/><E3/><V135/><F102/><W133/><G33/><T27/><D127/><U61/><E125/><V46/><F6/><W47/><G124/><T97/><D115/><U25/><E123/><V21/><F135/><W10/><G128/><N who="2" m="49225" /><F46/><W60/><G93/><T28/><D69/><U30/><E75/><N who="2" m="43103" /><F21/><W40/><G83/><T108/><D108/><U116/><E72/><V23/><F22/><W29/><G29/><AGARI ba="1,1" hai="23,26,29,37,42,45,53,55" m="43103,49225" machi="29" ten="30,1000,0" yaku="19,1" doraHai="62" who="2" fromWho="3" sc="175,0,402,0,118,23,295,-13" /><INIT seed="6,0,0,0,5,124" ten="175,402,141,282" oya="2" hai0="128,108,81,9,33,54,118,44,122,57,83,125,120" hai1="38,25,69,28,79,35,110,3,92,77,90,126,127" hai2="48,97,53,46,37,80,61,102,88,73,113,47,43" hai3="123,56,131,29,87,36,67,104,0,15,17,106,52"/><V133/><F113/><W20/><G0/><T41/><D33/><U93/><E110/><V42/><F133/><W86/><G36/><T129/><D108/><U100/><E69/><V30/><F30/><W107/><G123/><N who="0" m="47147" /><D125/><N who="1" m="47627" /><E38/><V62/><F53/><W72/><G72/><T27/><D27/><U109/><E109/><V112/><F112/><W49/><G29/><T24/><D24/><U96/><E3/><V134/><F134/><W7/><G7/><T50/><D9/><U59/><E59/><V84/><REACH who="2" step="1"/><F73/><REACH who="2" ten="175,402,131,282" step="2"/><W40/><G40/><T130/><D118/><U1/><E1/><V68/><F68/><W115/><G115/><T45/><D45/><U21/><E35/><V18/><F18/><W105/><G67/><T63/><AGARI ba="0,1" hai="41,44,50,54,57,63,81,83,128,129,130" m="47147" machi="63" ten="40,8000,1" yaku="19,1,52,3" doraHai="124" who="0" fromWho="0" sc="175,90,402,-20,131,-40,282,-20" /><INIT seed="7,0,0,4,1,64" ten="265,382,91,262" oya="3" hai0="122,12,93,30,103,132,110,35,27,96,6,41,90" hai1="58,20,125,102,47,115,44,123,133,104,26,25,67" hai2="107,108,8,114,19,92,89,48,112,57,128,75,33" hai3="29,22,101,135,28,111,73,72,82,118,1,109,18"/><W80/><G1/><T68/><D122/><U51/><E123/><V56/><F107/><W43/><G43/><T121/><D121/><U113/><E125/><V4/><F75/><N who="3" m="28747" /><G101/><T94/><D110/><N who="3" m="41993" /><G118/><T52/><D41/><U131/><E131/><V0/><F33/><W98/><G98/><T78/><D78/><U134/><E26/><V95/><F128/><W31/><G135/><N who="1" m="51722" /><E102/><V13/><F108/><W34/><G34/><T24/><D132/><U23/><E104/><V130/><F130/><W55/><G55/><T42/><D42/><N who="1" m="24983" /><E47/><V50/><F0/><W69/><G69/><T61/><D68/><U77/><E77/><V46/><F46/><W21/><G18/><T76/><D35/><U7/><E7/><V91/><F4/><W2/><G2/><T71/><D71/><U14/><E67/><V129/><F129/><W106/><G106/><T70/><D70/><U9/><E58/><V45/><F45/><W63/><G63/><T65/><D65/><U38/><E38/><V15/><REACH who="2" step="1"/><F8/><REACH who="2" ten="265,382,81,262" step="2"/><W49/><G49/><T120/><D120/><U116/><E9/><V66/><F66/><W10/><G10/><T60/><D6/><U85/><E116/><V3/><F3/><W74/><G74/><T54/><D61/><U126/><E23/><AGARI ba="0,1" hai="21,22,23,28,29,31,80,82" m="41993,28747" machi="23" ten="40,7700,0" yaku="28,2,10,1" doraHai="64" who="3" fromWho="1" sc="265,0,382,-77,81,0,262,87" owari="265,-13.0,305,11.0,81,-42.0,349,44.0" /></mjloggm>