<mjloggm ver="2.3"><GO type="41"/><UN n0="%E3%81%88%E3%82%8A%E3%82%93" n1="%6E%6E%6E" n2="%E3%82%A6%E3%83%AB%E3%83%88%E3%83%A9%E7%AB%8B%E7%9B%B4" n3="%E3%83%A4%E3%82%AD%E3%83%B3" dan="14,14,15,16" rate="1911,1872,1966,2055" sx="F,M,M,M"/><TAIKYOKU oya="0"/><INIT seed="0,0,0,0,1,33" ten="250,250,250,250" oya="0" hai0="135,94,6,63,62,116,25,75,66,52,130,13,23" hai1="19,95,111,41,83,47,22,122,44,59,1,32,40" hai2="120,67,53,89,125,55,117,127,15,93,60,129,17" hai3="126,28,29,26,85,118,3,18,31,86,100,133,107"/><T98/><D116/><U119/><E122/><V103/><F103/><W72/><G72/><T56/><D75/><U79/><E119/><V92/><F120/><W70/><G118/><T82/><D135/><U50/><E32/><V68/><F129/><W7/><G70/><T104/><D130/><U106/><E106/><V11/><F117/><W48/><G126/><N who="2" m="48137" /><F93/><W49/><G133/><T124/><D124/><U9/><E111/><V74/><F74/><W91/><G107/><T54/><D104/><U90/><E59/><V113/><F113/><W20/><G100/><T134/><D134/><U101/><E101/><V12/><F12/><W65/><G65/><T57/><D82/><U87/><E9/><V97/><AGARI ba="0,0" hai="11,15,17,53,55,60,67,68,89,92,97" m="48137" machi="97" ten="30,1100,0" yaku="18,1" doraHai="33" who="2" fromWho="2" sc="250,-5,250,-3,250,11,250,-3" /><INIT seed="1,0,0,0,5,49" ten="245,247,261,247" oya="1" hai0="94,29,50,128,37,111,33,47,11,17,108,4,6" hai1="19,119,9,59,44,54,45,35,73,134,75,86,63" hai2="105,58,76,28,66,5,132,79,84,107,133,99,100" hai3="69,24,131,120,18,113,83,46,126,85,10,93,16"/><U65/><E119/><V92/><F28/><W57/><G69/><T110/><D37/><U68/><E35/><V34/><F5/><W12/><G120/><T7/><D128/><U80/><E134/><N who="2" m="51819" /><F66/><W97/><G113/><T116/><D116/><U61/><E73/><V56/><F34/><W60/><G126/><T71/><D71/><U130/><E75/><V48/><F56/><W22/><G131/><T1/><D94/><U104/><E104/><N who="2" m="40011" /><F58/><W36/><G36/><T14/><D50/><U109/><E109/><V70/><F70/><W103/><G46/><T32/><D47/><U51/><E130/><V78/><F48/><W81/><REACH who="3" step="1"/><G85/><AGARI ba="0,0" hai="76,78,79,84,85,92,99,100" m="40011,51819" machi="85" ten="40,5200,0" yaku="20,1,34,2" doraHai="49" who="2" fromWho="3" sc="245,0,247,0,261,52,247,-52" /><INIT seed="2,0,0,3,1,64" ten="245,247,313,195" oya="2" hai0="37,87,70,72,92,117,74,124,85,19,61,51,97" hai1="16,48,53,57,129,123,63,115,5,3,84,103,91" hai2="62,125,116,38,102,120,76,111,42,121,23,10,7" hai3="44,46,69,28,45,60,71,54,58,88,130,67,135"/><V134/><F102/><W31/><G135/><T21/><D37/><U47/><E115/><V50/><F50/><W15/><G130/><T131/><D131/><U90/><E129/><V112/><F23/><W99/><G15/><T4/><D117/><U118/><E123/><V17/><F17/><W119/><G119/><T82/><D4/><U35/><E35/><V96/><F96/><W107/><G107/><T122/><D122/><U81/><E118/><V0/><F62/><W100/><G100/><T133/><D133/><U73/><E73/><V6/><F6/><W52/><G54/><T95/><D124/><U94/><E103/><V13/><F13/><W93/><REACH who="3" step="1"/><G69/><REACH who="3" ten="245,247,313,185" step="2"/><T56/><D70/><U89/><E3/><V49/><F120/><W127/><G127/><T77/><D74/><U41/><E94/><V40/><F40/><W36/><G36/><T66/><D95/><U108/><E53/><V106/><F42/><W59/><G59/><T128/><D128/><U104/><E57/><V24/><F121/><W2/><G2/><T105/><D105/><U1/><E104/><V26/><F106/><W39/><G39/><T12/><REACH who="0" step="1"/><D51/><AGARI ba="0,1" hai="28,31,44,45,46,51,52,58,60,67,71,88,93,99" machi="51" ten="40,8000,1" yaku="1,1,52,1,54,2,53,0" doraHai="64" doraHaiUra="14" who="3" fromWho="0" sc="245,-80,247,0,313,0,185,90" /><INIT seed="3,0,0,4,3,124" ten="165,247,313,275" oya="3" hai0="7,115,69,95,54,49,3,59,98,93,57,19,110" hai1="36,44,85,102,119,129,128,71,82,81,127,78,47" hai2="133,68,73,12,134,13,17,26,99,70,113,126,66" hai3="80,62,65,46,89,74,94,135,131,118,22,11,33"/><W84/><G33/><T117/><D69/><U45/><E71/><N who="2" m="27179" /><F66/><W52/><G118/><T40/><D117/><U41/><E119/><V107/><F73/><W31/><G74/><T43/><D115/><U87/><E102/><N who="2" m="62943" /><F113/><W63/><G135/><N who="2" m="51721" /><F126/><W111/><G111/><T88/><D110/><U51/><E127/><V90/><F90/><W4/><G65/><T10/><D19/><U122/><E122/><V77/><F77/><W101/><G101/><T1/><D1/><U72/><E72/><V123/><F123/><W114/><G114/><T61/><REACH who="0" step="1"/><D95/><REACH who="0" ten="155,247,313,275" step="2"/><U34/><E34/><V130/><F26/><W21/><G94/><T42/><D42/><U109/><E109/><V15/><F17/><W28/><G31/><T32/><D32/><U86/><E36/><V2/><F2/><W24/><G22/><T92/><D92/><U108/><E108/><V60/><F15/><W100/><G21/><T76/><D76/><N who="1" m="46247" /><E86/><V53/><F13/><W116/><G24/><T67/><AGARI ba="0,1" hai="3,7,10,40,43,49,54,57,59,61,67,88,93,98" machi="67" ten="20,5200,0" yaku="1,1,0,1,7,1,54,1,53,0" doraHai="124" doraHaiUra="30" who="0" fromWho="0" sc="155,62,247,-13,313,-13,275,-26" /><INIT seed="4,0,0,1,2,66" ten="217,234,300,249" oya="0" hai0="126,132,119,79,9,54,80,57,133,112,55,68,67" hai1="97,87,113,58,86,101,15,70,118,44,75,48,23" hai2="46,53,94,120,131,33,127,74,1,31,13,12,129" hai3="61,96,82,20,72,65,14,36,110,4,50,38,69"/><T109/><D119/><U111/><E118/><V0/><F94/><W114/><G110/><T47/><D109/><U26/><E111/><V19/><F53/><W91/><G114/><T90/><D112/><U27/><E75/><V84/><F46/><W24/><G72/><N who="0" m="43111" /><D126/><U39/><E39/><V71/><F84/><W125/><G125/><T92/><D9/><U45/><E113/><V121/><F74/><W128/><G4/><T10/><D10/><U21/><E15/><V77/><F77/><W78/><G14/><N who="2" m="5737" /><F19/><W134/><G78/><T60/><D47/><U17/><E17/><V95/><F95/><W5/><G50/><T81/><D57/><U104/><E58/><V115/><F115/><W51/><G51/><T25/><D25/><U18/><E48/><V22/><F22/><W49/><G38/><T41/><D41/><U63/><E18/><V124/><F124/><W103/><G49/><T130/><D81/><U42/><E42/><V76/><F127/><W11/><G82/><T102/><D102/><U89/><E101/><V35/><F76/><W99/><G103/><T32/><D32/><N who="2" m="12362" /><F31/><W135/><G91/><T43/><D43/><U59/><E89/><V73/><F73/><W64/><G61/><T105/><D105/><U88/><E63/><V2/><F71/><W123/><G69/><T30/><D30/><U100/><E104/><V6/><F6/><W98/><G5/><T56/><D68/><U93/><E70/><V122/><AGARI ba="0,0" hai="0,1,2,120,121,122,129,131" m="12362,5737" machi="122" ten="50,8000,1" yaku="28,2,34,2" doraHai="66" who="2" fromWho="2" sc="217,-40,234,-20,300,80,249,-20" /><INIT seed="5,0,0,4,2,75" ten="177,214,380,229" oya="1" hai0="30,66,128,58,120,98,54,0,48,130,38,1,82" hai1="127,126,40,103,118,78,14,134,101,87,104,22,105" hai2="35,116,20,92,57,68,108,52,85,131,25,77,72" hai3="115,111,88,19,36,39,84,28,51,122,86,102,76"/><U89/><E40/><V99/><F35/><W16/><G111/><T125/><D38/><U21/><E118/><V29/><F68/><W117/><G122/><T80/><D120/><U43/><E43/><V97/><F108/><W42/><G102/><N who="1" m="38922" /><E134/><V46/><F72/><W27/><G39/><T15/><D98/><N who="2" m="37386" /><F131/><N who="0" m="50218" /><D30/><U9/><E78/><V81/><F116/><W71/><G71/><T67/><D15/><U94/><E104/><V119/><F119/><W79/><G36/><T11/><D125/><N who="1" m="47627" /><E105/><V114/><F114/><W83/><G115/><T55/><D55/><U18/><AGARI ba="0,0" hai="9,14,18,21,22,87,89,94" m="47627,38922" machi="18" ten="30,1500,0" yaku="18,1" doraHai="75" who="1" fromWho="1" sc="177,-5,214,15,380,-5,229,-5" /><INIT seed="5,1,0,5,0,130" ten="172,229,375,224" oya="1" hai0="20,12,122,111,5,26,43,85,46,120,93,110,69" hai1="58,131,4,21,86,18,82,96,78,42,68,47,67" hai2="28,19,104,27,2,74,30,88,39,118,63,99,40" hai3="126,33,127,119,56,23,15,52,32,76,17,53,22"/><U109/><E68/><V49/><F39/><W59/><G119/><T102/><D93/><U1/><E131/><V41/><F74/><W64/><G76/><T80/><D102/><U134/><E109/><V45/><F2/><W98/><G98/><T106/><D106/><U65/><E96/><V123/><F123/><N who="0" m="47146" /><D69/><U84/><E84/><V103/><F118/><W77/><G77/><N who="0" m="46223" /><D26/><U117/><E117/><V128/><F128/><W92/><G92/><T101/><D101/><U60/><E134/><V13/><F63/><W81/><G81/><T73/><D73/><U36/><E4/><V125/><F125/><N who="3" m="47627" /><G64/><T50/><D20/><N who="3" m="7721" /><G17/><T11/><AGARI ba="1,0" hai="5,11,12,43,46,50,110,111" m="46223,47146" machi="11" ten="30,2000,0" yaku="25,1,13,1" doraHai="130" who="0" fromWho="0" sc="172,23,229,-11,375,-6,224,-6" /><INIT seed="6,0,0,3,3,18" ten="195,218,369,218" oya="2" hai0="81,94,129,53,39,113,115,122,78,58,57,45,26" hai1="64,28,49,6,99,130,15,29,2,10,27,121,111" hai2="21,82,125,30,51,124,12,75,42,118,128,34,72" hai3="38,119,33,126,47,80,8,90,103,109,4,96,110"/><V60/><F118/><W83/><G119/><T36/><D122/><U16/><E111/><V22/><F75/><W44/><G126/><N who="2" m="48745" /><F128/><W116/><G116/><T68/><D68/><U100/><E130/><V105/><F105/><W120/><G120/><T24/><D129/><U67/><E121/><V117/><F117/><W48/><G33/><T132/><D132/><U13/><E49/><V35/><F12/><W0/><G38/><N who="0" m="14379" /><D94/><N who="1" m="58487" /><E2/><V88/><F60/><W86/><G83/><T31/><D45/><U79/><E79/><N who="2" m="44391" /><F88/><W62/><G62/><T37/><D37/><U77/><E77/><V3/><F3/><W61/><G61/><T14/><D14/><U65/><E27/><N who="0" m="10281" /><D31/><U52/><E52/><V43/><F30/><W107/><G47/><T127/><D53/><AGARI ba="0,0" hai="0,4,8,44,48,53,80,86,90,96,103,107,109,110" machi="53" ten="30,1000,0" yaku="7,1" doraHai="18" who="3" fromWho="0" sc="195,-10,218,0,369,0,218,10" /><INIT seed="7,0,0,2,5,133" ten="185,218,369,228" oya="3" hai0="16,64,66,129,75,115,118,12,3,11,33,99,84" hai1="73,110,53,76,117,38,125,2,48,52,57,37,18" hai2="1,35,80,6,10,121,56,78,74,24,102,15,127" hai3="30,28,4,65,31,21,130,131,17,92,71,59,88"/><W90/><G4/><T132/><D75/><U23/><E110/><V22/><F127/><W119/><G71/><T39/><D118/><U44/><E117/><V5/><F121/><W51/><G119/><T113/><D39/><U70/><E2/><V95/><F6/><W100/><G100/><T20/><D132/><U123/><E123/><V55/><F95/><W58/><G65/><T9/><D33/><U8/><E8/><N who="0" m="3145" /><D3/><U68/><E68/><V42/><F42/><W43/><G43/><T19/><D129/><N who="3" m="49161" /><G51/><T114/><D19/><U36/><E125/><V7/><F102/><W105/><G105/><T50/><D50/><U29/><E70/><V13/><F5/><W54/><G54/><T79/><D99/><U135/><E135/><V41/><F41/><W61/><G61/><T63/><D63/><U128/><E128/><V109/><F109/><W62/><G62/><T34/><D34/><U112/><E36/><V98/><F35/><W32/><G32/><T89/><D79/><U0/><E0/><V14/><F55/><W60/><G60/><T83/><AGARI ba="0,0" hai="12,16,20,64,66,83,84,89,113,114,115" m="3145" machi="83" ten="40,5200,0" yaku="15,1,11,1,54,1" doraHai="133" who="0" fromWho="0" sc="185,52,218,-13,369,-13,228,-26" owari="237,4.0,205,-19.0,356,45.0,202,-30.0" /></mjloggm>