<mjloggm ver="2.3"><GO type="41"/><UN n0="%41%50%52%49%4C%32%32" n1="%2E%37%7A" n2="%4D%72%2E%E3%82%AA%E3%83%BC%E3%82%B7%E3%83%A3%E3%83%B3" n3="%EF%BC%88%E2%89%A7%E2%96%BD%E2%89%A6%EF%BC%89" dan="14,14,13,15" rate="1865,1896,1819,1995" sx="M,M,M,M"/><TAIKYOKU oya="0"/><INIT seed="0,0,0,0,5,41" ten="250,250,250,250" oya="0" hai0="38,32,57,113,30,82,45,3,105,35,111,93,129" hai1="47,102,90,16,89,130,51,96,110,119,109,128,133" hai2="21,78,39,67,108,106,100,75,43,86,61,118,44" hai3="33,15,56,79,14,88,55,54,68,34,48,94,49"/><T42/><D105/><U19/><E119/><V127/><F127/><W101/><G68/><T23/><D113/><U73/><E73/><V123/><F123/><W59/><G101/><T46/><D3/><U91/><E133/><V95/><F106/><W29/><G79/><T81/><D129/><N who="1" m="49771" /><E96/><V92/><F108/><N who="1" m="41577" /><E102/><V11/><F75/><W72/><G72/><T4/><D111/><U87/><E87/><V116/><F100/><W9/><G29/><T40/><D93/><U121/><E121/><V58/><F11/><W120/><G120/><T97/><D97/><U31/><E31/><V117/><F21/><W53/><G53/><AGARI ba="0,0" hai="16,19,47,51,53,89,90,91" m="41577,49771" machi="53" ten="40,8000,1" yaku="19,1,14,1,52,1,54,1" doraHai="41" who="1" fromWho="3" sc="250,0,250,80,250,0,250,-80" /><INIT seed="1,0,0,1,5,100" ten="250,330,250,170" oya="1" hai0="120,95,11,5,65,87,12,135,74,130,37,79,22" hai1="63,126,102,51,98,3,66,48,101,6,57,113,80" hai2="116,25,91,13,7,8,103,47,111,30,128,83,92" hai3="58,33,134,73,76,122,94,0,115,41,61,49,17"/><U108/><E113/><V81/><F116/><W118/><G115/><T125/><D37/><U107/><E102/><V4/><F111/><W64/><G122/><T62/><D74/><U97/><E97/><V105/><F128/><W18/><G118/><T60/><D130/><U67/><E108/><V10/><F47/><W86/><G0/><T121/><D135/><U20/><E126/><V29/><F29/><W56/><G134/><T21/><D60/><U45/><E6/><V46/><F46/><W133/><G133/><T44/><D44/><U59/><E3/><V72/><F72/><W34/><G73/><T52/><D125/><U117/><E117/><V14/><F105/><W32/><G41/><T104/><D65/><U35/><E35/><V106/><F106/><W112/><G112/><T9/><D9/><U85/><E20/><V42/><F103/><W2/><G2/><T131/><D131/><U27/><E27/><V36/><F36/><W16/><G94/><T90/><D79/><U53/><E59/><V89/><F42/><W19/><N who="3" m="4608" /><DORA hai="23" /><W129/><G129/><T99/><D22/><U54/><E51/><V88/><REACH who="2" step="1"/><F92/><REACH who="2" ten="250,330,240,170" step="2"/><W78/><REACH who="3" step="1"/><G86/><REACH who="3" ten="250,330,240,160" step="2"/><T93/><D87/><U75/><REACH who="1" step="1"/><E75/><REACH who="1" ten="250,320,240,160" step="2"/><V40/><F40/><W15/><G15/><T39/><D12/><U132/><E132/><V110/><F110/><W127/><G127/><T55/><D104/><U124/><E124/><V71/><F71/><W50/><G50/><T26/><D39/><U119/><E119/><V82/><F82/><W1/><G1/><T69/><D69/><U84/><E84/><RYUUKYOKU ba="0,3" sc="250,-30,320,10,240,10,160,10" hai1="45,48,53,54,57,63,66,67,80,85,98,101,107" hai2="4,7,8,10,13,14,25,30,81,83,88,89,91" hai3="32,33,34,49,56,58,61,64,76,78" /><INIT seed="1,1,3,5,4,3" ten="220,330,250,170" oya="1" hai0="24,110,61,15,56,64,134,6,71,62,11,114,8" hai1="115,93,22,39,130,54,68,109,100,88,129,60,92" hai2="13,66,98,94,80,89,21,111,113,99,123,50,2" hai3="45,12,85,55,97,87,0,104,9,31,90,48,95"/><U43/><E115/><V128/><F2/><W26/><G0/><T18/><D114/><U37/><E100/><V131/><F123/><W63/><G63/><T112/><D110/><U23/><E109/><V107/><F113/><W28/><G104/><T74/><D74/><U127/><E93/><V5/><F66/><W34/><REACH who="3" step="1"/><G28/><REACH who="3" ten="220,330,250,160" step="2"/><T44/><D112/><U121/><E121/><V16/><F107/><W101/><G101/><T119/><D62/><U65/><E60/><V86/><F111/><W73/><G73/><T59/><D119/><U135/><E129/><N who="2" m="49739" /><F5/><AGARI ba="1,4" hai="5,9,12,26,31,34,45,48,55,85,87,90,95,97" machi="5" ten="30,3900,0" yaku="1,1,7,1,52,1,53,0" doraHai="3" doraHaiUra="58" who="3" fromWho="2" sc="220,0,330,0,250,-42,160,82" /><INIT seed="2,0,0,5,5,23" ten="220,330,208,242" oya="2" hai0="118,111,112,74,6,85,120,72,7,91,81,19,59" hai1="103,67,26,113,58,46,128,114,37,124,57,28,47" hai2="104,21,135,61,12,75,123,92,132,73,8,65,1" hai3="14,79,98,63,49,78,108,66,131,42,41,88,89"/><V30/><F123/><W134/><G134/><N who="2" m="51241" /><F104/><W18/><G131/><T77/><D112/><U9/><E128/><V60/><F1/><W107/><G108/><T24/><D120/><U16/><E114/><V82/><F92/><N who="3" m="56583" /><G107/><T10/><D111/><U69/><E103/><V54/><F54/><W71/><G71/><T110/><D118/><U129/><E129/><V130/><F130/><W29/><G29/><T84/><D110/><U15/><E113/><V116/><F116/><W45/><G41/><T20/><D59/><U102/><E69/><N who="2" m="42151" /><F82/><W109/><G109/><T50/><D50/><U93/><E93/><V53/><F53/><W97/><G66/><T43/><D43/><U40/><E67/><V127/><F61/><W106/><G63/><T64/><D64/><U119/><E40/><V22/><F22/><N who="3" m="11607" /><G106/><T39/><D39/><U133/><E119/><V105/><F105/><W99/><G99/><T90/><D74/><U126/><E37/><V51/><F51/><W5/><G97/><T2/><D72/><U34/><E133/><V95/><F95/><W94/><G94/><T76/><REACH who="0" step="1"/><D7/><REACH who="0" ten="210,330,208,242" step="2"/><U38/><E38/><V48/><F48/><W31/><G5/><T100/><D100/><U62/><E102/><V4/><F127/><W0/><G49/><T56/><D56/><U27/><E58/><V86/><F86/><W83/><G42/><T25/><D25/><AGARI ba="0,1" hai="4,8,12,21,25,30,73,75" m="42151,51241" machi="25" ten="30,2900,0" yaku="20,1,52,1" doraHai="23" who="2" fromWho="0" sc="210,-29,330,0,208,39,242,0" /><INIT seed="2,1,0,3,1,108" ten="181,330,247,242" oya="2" hai0="92,26,15,125,80,120,119,45,106,65,50,1,112" hai1="126,69,39,49,131,71,18,95,86,48,103,0,2" hai2="38,113,78,68,70,73,30,122,93,97,35,27,74" hai3="6,23,52,60,114,82,33,81,63,118,46,24,102"/><V67/><F122/><W117/><G33/><T55/><D106/><U28/><E39/><V76/><F38/><W9/><G102/><T62/><D1/><U29/><E18/><V89/><F74/><W8/><G118/><T32/><D80/><N who="3" m="30825" /><G117/><T123/><D15/><U72/><E86/><V7/><F7/><W17/><G114/><T94/><D125/><U116/><E103/><V56/><F73/><W107/><G107/><T115/><D119/><U47/><E116/><V22/><F35/><W134/><G134/><T11/><D11/><N who="3" m="4169" /><G6/><T54/><D120/><U127/><E72/><V101/><F70/><W99/><G99/><T77/><D123/><U84/><E84/><V109/><F109/><W58/><G46/><T36/><D77/><U130/><E47/><V14/><F68/><W3/><G3/><T44/><D32/><U43/><E127/><V40/><F40/><W31/><G31/><T61/><D36/><U37/><E126/><V4/><F101/><W16/><G17/><T13/><D26/><U25/><E37/><V111/><F111/><W104/><G104/><T53/><D13/><U133/><E25/><V90/><F113/><N who="0" m="43594" /><D65/><U124/><E124/><V135/><F135/><W10/><N who="3" m="4177" /><W57/><DORA hai="83" /><G57/><T12/><D12/><U5/><E133/><V85/><F14/><W41/><G41/><T128/><D44/><U21/><E0/><V96/><F4/><W100/><G100/><T66/><D45/><U132/><E5/><V34/><F34/><W79/><G79/><N who="2" m="30249" /><F89/><W88/><G88/><T129/><D66/><U51/><E2/><RYUUKYOKU ba="1,0" sc="181,-15,330,-15,247,15,242,15" hai2="22,27,30,56,67,85,90,93,96,97" hai3="16,23,24,52,58,60,63" /><INIT seed="2,2,0,5,3,89" ten="166,315,262,257" oya="2" hai0="114,125,19,78,58,53,40,51,16,36,49,27,92" hai1="0,81,25,111,10,5,54,63,117,85,41,55,7" hai2="119,61,52,129,33,15,35,6,95,69,67,30,100" hai3="97,103,121,132,76,113,83,34,77,18,22,82,115"/><V118/><F129/><W79/><G34/><T84/><D114/><N who="3" m="43529" /><G121/><T133/><D36/><U1/><E117/><V12/><F119/><W126/><G126/><T70/><D70/><U96/><E41/><V47/><F35/><W75/><G132/><T28/><D125/><U91/><E111/><V124/><F124/><W112/><N who="3" m="43537" /><W9/><DORA hai="106" /><G9/><T48/><D133/><U50/><E5/><V107/><F107/><N who="3" m="63983" /><G83/><T13/><D40/><U11/><E10/><V127/><F127/><W68/><G68/><T134/><D134/><U87/><E11/><V130/><F130/><W23/><G23/><N who="0" m="13799" /><D28/><U98/><E7/><V131/><F131/><W135/><G135/><T38/><D38/><U116/><E0/><V72/><F72/><W44/><G44/><T80/><D92/><U90/><E1/><V59/><F69/><W37/><G37/><T88/><D78/><U123/><E123/><V66/><F30/><W4/><G4/><T14/><D14/><AGARI ba="2,0" hai="14,18,22,75,76,77,79,82" m="63983,43537" machi="14" ten="40,2600,0" yaku="11,1,52,1" doraHai="89,106" who="3" fromWho="0" sc="166,-32,315,0,262,0,257,32" /><INIT seed="3,0,0,5,5,17" ten="134,315,262,289" oya="3" hai0="117,92,88,128,115,97,121,26,124,20,43,5,94" hai1="46,76,8,81,113,39,80,68,40,109,21,77,48" hai2="11,37,111,29,114,55,74,63,16,75,7,125,122" hai3="67,95,0,53,3,72,25,112,33,99,56,87,66"/><W134/><G72/><T2/><D121/><U71/><E113/><V4/><F114/><W116/><G112/><T36/><D117/><U47/><E109/><V120/><F37/><W135/><G116/><T45/><D124/><U89/><E89/><V12/><F29/><N who="3" m="19631" /><G87/><T110/><D110/><U131/><E131/><V19/><F75/><W126/><G126/><T84/><D128/><U65/><E8/><V106/><F106/><W42/><G42/><T90/><D115/><U82/><E76/><V44/><F74/><W27/><G27/><T85/><D5/><U31/><E77/><V58/><F44/><W54/><G67/><T107/><D2/><N who="3" m="553" /><G56/><T24/><REACH who="0" step="1"/><D20/><REACH who="0" ten="124,315,262,289" step="2"/><U50/><E21/><N who="2" m="11399" /><F111/><W28/><G135/><T13/><D13/><U78/><E78/><V15/><F125/><W100/><G134/><T32/><D32/><U35/><E35/><V61/><F4/><W104/><G28/><T123/><D123/><N who="2" m="47146" /><F7/><W22/><G22/><T103/><AGARI ba="0,1" hai="24,26,36,43,45,84,85,88,90,92,94,97,103,107" machi="103" ten="30,7900,0" yaku="1,1,0,1,9,1,54,1,53,0" doraHai="17" doraHaiUra="62" who="0" fromWho="0" sc="124,89,315,-20,262,-20,289,-39" /><INIT seed="4,0,0,2,0,129" ten="213,295,242,250" oya="0" hai0="45,49,48,132,102,23,59,97,119,68,47,67,14" hai1="88,28,16,82,99,46,20,123,74,54,42,58,8" hai2="64,124,76,85,110,75,72,122,56,121,103,89,21" hai3="111,9,63,86,19,70,133,10,108,117,100,31,35"/><T134/><D119/><U37/><E28/><V78/><F110/><W50/><G117/><T3/><D3/><U17/><E8/><V2/><F2/><W104/><G86/><T101/><D68/><U113/><E123/><V51/><F21/><W127/><G127/><T7/><D67/><U61/><E113/><V5/><F5/><W27/><G50/><T34/><D34/><U83/><E74/><V65/><F124/><W39/><G39/><T92/><D102/><U105/><E17/><V0/><F0/><W12/><G9/><T22/><D59/><U69/><E69/><V24/><F24/><W128/><G128/><T4/><D48/><U91/><E105/><V98/><F51/><W29/><G29/><T32/><D45/><U87/><E99/><V40/><F40/><W96/><G133/><N who="0" m="51307" /><D32/><U1/><E1/><V81/><F56/><W60/><G60/><T13/><D13/><U41/><E41/><V114/><F114/><W66/><AGARI ba="0,0" hai="10,12,19,27,31,35,63,66,70,96,100,104,108,111" machi="66" ten="30,4000,0" yaku="0,1,25,2" doraHai="129" who="3" fromWho="3" sc="213,-20,295,-10,242,-10,250,40" /><INIT seed="5,0,0,2,0,96" ten="193,285,232,290" oya="1" hai0="118,11,70,18,131,76,31,79,77,24,62,111,41" hai1="92,85,27,61,0,110,43,7,89,105,93,107,120" hai2="16,38,1,90,65,14,95,130,75,68,35,72,51" hai3="122,99,59,80,48,25,2,66,47,128,115,102,78"/><U64/><E43/><V69/><F1/><W49/><G122/><T50/><D111/><U124/><E120/><V100/><F35/><W83/><G2/><T97/><D118/><U9/><E110/><V82/><F38/><W19/><G128/><T29/><D131/><U28/><E124/><V133/><F69/><W125/><G125/><T98/><D62/><U54/><E93/><V104/><F51/><W45/><G115/><T113/><D70/><U8/><E9/><V56/><F68/><W10/><G47/><T109/><D109/><U126/><E54/><V135/><F104/><W46/><G46/><T87/><D87/><U88/><E89/><V21/><F65/><W32/><G32/><T121/><D113/><U106/><E126/><V6/><F56/><W20/><G10/><T52/><D41/><U53/><E53/><V33/><F33/><W119/><G119/><T22/><D121/><U60/><REACH who="1" step="1"/><E64/><REACH who="1" ten="193,275,232,290" step="2"/><V57/><F130/><W86/><G66/><T112/><D112/><U42/><E42/><V108/><F108/><W114/><G114/><T134/><D11/><U74/><E74/><V13/><F75/><W103/><G80/><T30/><REACH who="0" step="1"/><D134/><REACH who="0" ten="183,275,232,290" step="2"/><U12/><E12/><V37/><F72/><W17/><G49/><T123/><D123/><U23/><AGARI ba="0,2" hai="0,7,8,23,27,28,60,61,85,88,92,105,106,107" machi="23" ten="30,6000,0" yaku="1,1,0,1,54,1,53,0" doraHai="96" doraHaiUra="117" who="1" fromWho="1" sc="183,-20,275,80,232,-20,290,-20" /><INIT seed="5,1,0,5,4,42" ten="163,355,212,270" oya="1" hai0="46,87,77,18,6,7,74,106,135,57,111,95,82" hai1="112,23,105,120,76,98,66,108,92,36,81,94,116" hai2="60,5,78,110,35,16,1,91,22,86,84,58,3" hai3="69,79,43,50,9,75,124,68,56,71,15,24,39"/><U80/><E36/><V83/><F110/><W99/><G124/><T48/><D111/><U52/><E66/><V28/><F35/><W47/><G24/><T115/><D106/><U19/><E108/><V118/><F118/><W40/><G99/><T45/><D115/><U103/><E116/><V126/><F126/><W109/><G109/><T54/><D135/><U102/><E112/><V100/><F3/><W132/><G132/><T130/><D130/><U67/><E67/><V33/><F33/><W97/><G97/><T121/><D121/><U113/><E113/><V31/><F100/><W38/><G56/><T123/><D123/><U63/><E120/><V89/><F1/><W72/><G79/><T44/><D74/><U127/><E127/><V93/><F78/><W114/><G114/><T14/><REACH who="0" step="1"/><D95/><REACH who="0" ten="153,355,212,270" step="2"/><U90/><E105/><V32/><F32/><W125/><G125/><T2/><D2/><U133/><E94/><V53/><REACH who="2" step="1"/><F5/><REACH who="2" ten="153,355,202,270" step="2"/><W131/><G131/><T4/><D4/><U61/><E133/><V122/><F122/><W8/><G75/><T129/><D129/><U134/><E134/><V21/><F21/><AGARI ba="1,2" hai="6,7,14,18,21,44,45,46,48,54,57,77,82,87" machi="21" ten="40,8000,1" yaku="1,1,8,1,52,3,53,0" doraHai="42" doraHaiUra="65" who="0" fromWho="2" sc="153,103,355,0,202,-83,270,0" /><INIT seed="6,0,0,3,2,108" ten="256,355,119,270" oya="2" hai0="135,96,86,11,75,110,80,63,60,36,78,9,90" hai1="103,62,65,33,38,58,66,100,114,55,79,126,121" hai2="12,85,91,14,6,83,4,113,31,88,50,1,30" hai3="23,53,15,54,98,67,48,64,92,27,25,119,32"/><V56/><F113/><W74/><G74/><T47/><D110/><U128/><E114/><V40/><F1/><W122/><G122/><T0/><D135/><U131/><E121/><V70/><F70/><W95/><G119/><T28/><D96/><U87/><E38/><V102/><F102/><N who="1" m="38953" /><E33/><V44/><F56/><W82/><G82/><T133/><D28/><N who="2" m="10794" /><F91/><N who="3" m="55583" /><G95/><T2/><D133/><U129/><E126/><V22/><F22/><W51/><G32/><T37/><D0/><U125/><E125/><V93/><F83/><AGARI ba="0,0" hai="55,58,62,65,66,79,83,87,128,129,131" m="38953" machi="83" ten="40,1300,0" yaku="19,1" doraHai="108" who="1" fromWho="2" sc="256,0,355,13,119,-13,270,0" /><INIT seed="7,0,0,5,2,111" ten="256,368,106,270" oya="3" hai0="2,89,67,121,9,72,14,108,132,6,65,80,11" hai1="95,92,104,29,118,75,130,53,17,32,96,51,20" hai2="101,0,134,42,61,1,85,119,35,83,78,15,117" hai3="8,56,49,105,98,22,33,27,46,37,109,39,116"/><W45/><G116/><T24/><D108/><U38/><E38/><V19/><F35/><W86/><G109/><T59/><D121/><U113/><E75/><V91/><F119/><W4/><G33/><T76/><D132/><U106/><E118/><V21/><F134/><W112/><G112/><T43/><D24/><U44/><E113/><V54/><F42/><W26/><G56/><T36/><D89/><U41/><E29/><V31/><F31/><W97/><G86/><T69/><D59/><U70/><E32/><V3/><F117/><W30/><G26/><T66/><D69/><U52/><E70/><V18/><F101/><W102/><G97/><T87/><D87/><U34/><E34/><V74/><F61/><W127/><G127/><T55/><D55/><U84/><E53/><V82/><F54/><W126/><G126/><T120/><D120/><U107/><E51/><V129/><F129/><W73/><G73/><T12/><D9/><U115/><E52/><V28/><F28/><W58/><G58/><T62/><D62/><U133/><E84/><V88/><F91/><W60/><G60/><T50/><D50/><U94/><E115/><V16/><AGARI ba="0,0" hai="0,1,3,15,16,18,19,21,74,78,82,83,85,88" machi="16" ten="40,5200,0" yaku="0,1,54,2" doraHai="111" who="2" fromWho="2" sc="256,-13,368,-13,106,52,270,-26" owari="243,-16.0,355,46.0,158,-34.0,244,4.0" /></mjloggm>