<mjloggm ver="2.3"><GO type="169" lobby="0"/><UN n0="%E3%82%A4%E3%82%BA%E3%83%9F%E3%83%B3" n1="%E3%81%A1%E3%81%8F%E3%81%8D" n2="%EF%BC%88%E2%89%A7%E2%96%BD%E2%89%A6%EF%BC%89" n3="%E7%8B%AC%E6%AD%A9" dan="16,18,17,17" rate="2066.79,2215.66,2193.61,2178.35" sx="M,M,M,M"/><TAIKYOKU oya="0"/><INIT seed="0,0,0,4,4,88" ten="250,250,250,250" oya="0" hai0="96,92,106,65,16,77,104,58,111,78,69,110,8" hai1="53,97,95,49,29,129,76,64,74,46,116,39,63" hai2="114,10,37,120,122,42,50,73,25,130,57,43,126" hai3="56,24,71,123,54,62,23,14,79,6,60,118,21"/><T22/><D69/><U0/><E116/><V101/><F73/><W103/><G118/><T125/><D8/><U7/><E129/><V2/><F37/><W68/><G79/><N who="0" m="30219" /><D125/><U40/><E29/><V20/><F114/><W45/><G123/><T12/><D58/><N who="1" m="33071" /><E76/><V91/><F126/><W85/><G45/><T15/><D15/><U28/><E28/><V117/><F117/><W1/><G1/><T98/><D65/><U102/><E7/><V112/><F130/><W13/><G6/><T3/><D3/><U30/><E30/><V89/><F112/><W109/><G56/><T59/><D59/><U4/><E4/><V124/><F124/><W82/><G54/><T99/><D92/><U52/><E52/><N who="2" m="31895" /><F2/><W113/><G113/><T115/><D115/><U38/><E0/><V100/><F10/><W72/><G71/><T19/><D19/><U26/><E38/><V34/><F34/><W17/><G68/><T55/><D55/><U94/><E74/><V47/><F122/><W33/><G72/><T86/><D86/><U135/><E64/><V48/><F120/><W107/><G33/><T44/><D44/><U93/><E63/><V51/><F43/><W70/><G70/><T84/><D84/><U132/><E26/><V35/><F35/><W32/><G32/><T127/><D127/><U81/><E81/><V121/><F121/><W83/><G85/><T27/><D27/><U61/><E61/><V133/><F42/><W41/><G41/><T18/><D18/><U131/><E131/><V66/><F66/><W119/><G62/><T80/><D80/><RYUUKYOKU ba="0,0" sc="250,15,250,15,250,-15,250,-15" hai0="12,16,22,96,98,99,104,106,110,111" hai1="39,40,46,93,94,95,97,102,132,135" /><INIT seed="0,1,0,3,0,51" ten="265,265,235,235" oya="0" hai0="62,63,32,80,24,33,40,99,37,21,102,15,131" hai1="134,11,115,114,120,108,2,103,58,36,22,68,125" hai2="1,67,50,118,49,107,29,96,86,76,0,83,84" hai3="7,111,52,43,104,38,100,73,71,113,127,3,6"/><T88/><D131/><U34/><RYUUKYOKU type="yao9" ba="1,0" sc="265,0,265,0,235,0,235,0" hai1="2,11,22,34,36,58,68,103,108,114,115,120,125,134" /><INIT seed="0,2,0,2,1,117" ten="265,265,235,235" oya="0" hai0="75,111,127,121,87,101,25,85,129,114,116,123,110" hai1="106,49,65,67,95,89,104,133,10,103,120,130,69" hai2="68,19,125,31,102,77,128,53,18,93,44,26,5" hai3="4,113,22,0,92,84,34,2,118,17,100,39,42"/><T62/><D62/><U48/><E103/><V9/><F68/><W12/><G113/><T99/><D75/><U97/><E120/><N who="0" m="46153" /><D25/><U37/><E37/><V56/><F77/><W27/><G118/><T60/><D60/><U78/><E78/><V58/><F125/><W96/><G84/><N who="0" m="32331" /><D116/><U15/><E67/><V35/><F26/><W24/><G24/><T50/><D50/><U55/><E49/><V105/><F31/><N who="3" m="19839" /><G2/><T30/><D30/><U57/><E65/><V45/><F35/><W107/><G39/><T3/><D3/><U119/><E69/><V23/><F58/><W40/><G107/><N who="0" m="63935" /><D114/><U7/><E119/><V71/><F71/><W131/><G42/><T88/><D127/><U63/><E63/><V52/><F56/><W108/><G40/><T38/><D38/><U94/><E48/><V33/><F33/><W82/><G0/><T80/><D129/><U8/><E57/><V74/><F128/><W115/><G131/><T135/><D135/><U1/><E55/><V51/><F74/><W61/><G115/><T126/><D126/><U36/><E36/><V124/><F124/><W98/><G4/><T70/><D70/><U46/><E46/><V86/><F45/><W132/><G132/><T81/><D88/><N who="1" m="55495" /><E133/><V122/><F122/><W54/><G54/><T20/><D20/><U14/><E130/><V16/><F44/><W6/><G61/><T79/><D79/><U91/><E91/><V11/><F53/><W21/><G21/><T47/><D47/><U90/><E90/><V109/><F52/><W13/><G22/><T112/><D112/><RYUUKYOKU ba="2,0" sc="265,30,265,-10,235,-10,235,-10" hai0="80,81,110,111" /><INIT seed="0,3,0,2,1,105" ten="295,255,225,225" oya="0" hai0="30,40,79,41,54,73,28,1,24,110,80,124,32" hai1="120,16,111,7,92,51,94,85,83,93,26,129,45" hai2="63,23,42,18,90,117,64,88,115,36,99,50,133" hai3="82,86,91,78,29,125,20,106,128,56,12,103,44"/><T46/><D28/><U37/><E120/><V123/><F123/><W53/><G128/><T70/><D70/><U121/><E121/><V84/><F115/><W112/><G112/><T39/><D41/><U4/><E37/><V55/><F117/><W31/><G125/><T13/><D13/><U108/><E129/><V100/><F133/><W116/><G116/><T49/><D124/><U8/><E111/><V5/><F5/><W25/><G44/><T65/><D65/><U22/><E108/><V38/><F38/><W62/><G12/><T3/><REACH who="0" step="1"/><D110/><REACH who="0" ten="285,255,225,225" step="2"/><U71/><E71/><V109/><F109/><W113/><G113/><T118/><D118/><U59/><E8/><V97/><F42/><W119/><G119/><T96/><D96/><U21/><E22/><V122/><F99/><W48/><G29/><T104/><D104/><U135/><E135/><V61/><F64/><W98/><G106/><T57/><AGARI ba="3,1" hai="1,3,24,30,32,39,40,46,49,54,57,73,79,80" machi="57" ten="20,7800,0" yaku="1,1,0,1,7,1,52,1,53,0" doraHai="105" doraHaiUra="58" who="0" fromWho="0" sc="285,97,255,-29,225,-29,225,-29" /><INIT seed="0,4,0,1,2,54" ten="382,226,196,196" oya="0" hai0="66,119,94,90,102,45,117,23,120,67,55,126,21" hai1="127,82,38,58,71,98,63,8,20,115,101,69,75" hai2="51,128,47,57,80,70,104,59,124,48,41,86,33" hai3="118,31,42,6,72,29,25,84,34,92,109,15,56"/><T88/><D120/><U18/><E38/><V68/><F104/><W13/><G72/><T4/><D4/><U3/><E127/><V50/><F33/><W43/><G118/><T10/><D10/><U125/><E125/><V123/><F124/><W130/><G130/><T24/><D126/><U129/><E129/><V99/><F128/><W64/><G109/><T1/><D1/><U11/><E115/><V108/><F123/><W100/><G31/><T106/><D106/><U89/><E69/><V116/><F116/><W87/><G87/><T60/><D21/><U2/><E71/><V36/><F108/><W53/><G64/><T95/><D102/><U93/><E2/><V113/><F113/><W97/><G84/><N who="0" m="52487" /><D119/><U5/><E11/><V121/><F121/><W16/><G6/><T32/><D32/><U76/><E101/><V62/><F99/><W103/><G103/><T74/><D74/><U73/><E82/><V107/><F107/><W27/><G27/><T19/><D117/><U7/><E76/><V114/><F114/><W22/><REACH who="3" step="1"/><G13/><REACH who="3" ten="382,226,196,186" step="2"/><T12/><D12/><U78/><E7/><V0/><F0/><W46/><G46/><T61/><D45/><U30/><E30/><V91/><REACH who="2" step="1"/><F57/><REACH who="2" ten="382,226,186,186" step="2"/><W134/><G134/><T122/><D122/><U40/><E58/><V26/><F26/><W81/><G81/><T135/><D135/><U39/><E3/><V35/><F35/><W110/><G110/><T79/><D24/><U28/><E5/><V37/><F37/><W96/><G96/><T49/><D67/><AGARI ba="4,2" hai="36,41,47,48,50,51,59,62,67,68,70,80,86,91" machi="67" ten="40,8000,1" yaku="1,1,52,1,53,2" doraHai="54" doraHaiUra="65" who="2" fromWho="0" sc="382,-92,226,0,186,112,186,0" /><INIT seed="1,0,0,1,1,1" ten="290,226,298,186" oya="1" hai0="7,12,116,100,34,59,11,40,6,29,113,86,104" hai1="24,74,20,2,96,39,108,98,14,92,45,61,47" hai2="110,0,79,38,51,52,95,115,126,85,49,75,27" hai3="53,90,9,19,125,23,103,64,82,107,87,118,3"/><U57/><E74/><V48/><F38/><W28/><G118/><T46/><D116/><U70/><E2/><V44/><F115/><W84/><G125/><T62/><D113/><U78/><E70/><V63/><F126/><W72/><G72/><T135/><D135/><U22/><E78/><V112/><F112/><W55/><G64/><T99/><D86/><U102/><E108/><V114/><F114/><W130/><G130/><T60/><D60/><U97/><E39/><V18/><F0/><W43/><G43/><T73/><D73/><U4/><E45/><V50/><F110/><W77/><G28/><T117/><D29/><N who="1" m="17543" /><E47/><V80/><F63/><W133/><G133/><T21/><D21/><U123/><E123/><V68/><F68/><W109/><G109/><T41/><D34/><U101/><E101/><V54/><F75/><W83/><G103/><T17/><D117/><U111/><E111/><V37/><F37/><W26/><REACH who="3" step="1"/><G107/><REACH who="3" ten="290,226,298,176" step="2"/><T105/><D104/><U35/><E35/><V119/><F119/><W67/><G67/><T120/><D41/><U30/><E30/><V36/><F36/><W71/><G71/><T76/><D120/><U94/><E102/><V16/><F54/><W56/><G56/><T93/><D105/><U131/><E131/><V31/><REACH who="2" step="1"/><F95/><REACH who="2" ten="290,226,288,176" step="2"/><W122/><G122/><T121/><D121/><U58/><E94/><V124/><F124/><W32/><G32/><AGARI ba="0,2" hai="16,18,27,31,32,44,48,49,50,51,52,79,80,85" machi="32" ten="40,8000,1" yaku="1,1,54,2,53,1" doraHai="1" doraHaiUra="81" who="2" fromWho="3" sc="290,0,226,0,288,100,176,-80" /><INIT seed="2,0,0,3,3,25" ten="290,226,388,96" oya="2" hai0="99,31,74,24,44,75,51,6,52,125,32,92,49" hai1="86,70,46,14,34,63,4,41,118,122,12,65,30" hai2="16,22,26,102,77,107,28,93,120,83,27,20,81" hai3="67,130,85,37,98,42,10,60,43,47,127,82,105"/><V21/><F120/><W54/><G130/><T106/><D106/><U87/><E118/><V112/><F112/><W0/><G127/><T58/><D6/><U123/><E34/><V111/><F107/><W48/><G105/><T121/><D121/><N who="1" m="46091" /><E30/><N who="2" m="17751" /><F111/><W104/><G104/><T97/><D125/><U7/><E4/><V18/><F77/><W80/><G98/><T15/><D15/><N who="1" m="5675" /><E7/><V115/><F115/><W132/><G132/><T88/><D99/><U78/><E78/><V72/><F72/><W9/><G0/><T117/><D117/><U3/><E3/><V108/><F108/><W76/><G82/><N who="2" m="31241" /><F21/><W90/><G76/><T79/><D79/><U69/><E69/><V38/><F38/><AGARI ba="0,0" hai="38,41,46,63,65,70,86,87" m="5675,46091" machi="38" ten="30,1000,0" yaku="13,1" doraHai="25" who="1" fromWho="2" sc="290,0,226,10,388,-10,96,0" /><INIT seed="3,0,0,2,2,65" ten="290,236,378,96" oya="3" hai0="67,101,96,82,107,13,30,132,51,91,17,44,127" hai1="42,74,88,72,106,98,8,16,56,116,7,92,36" hai2="129,59,100,84,10,37,40,81,48,77,9,75,12" hai3="134,21,20,97,26,45,70,54,85,15,126,95,3"/><W35/><G3/><T66/><D132/><U62/><E116/><V58/><F129/><W4/><G134/><T78/><D30/><U18/><E106/><V103/><F75/><W24/><G126/><T63/><D91/><U38/><E72/><V46/><F10/><W32/><G85/><T123/><D123/><U41/><E74/><V118/><F118/><W53/><G4/><T111/><D111/><U1/><E38/><V19/><F37/><W99/><G95/><T104/><D107/><U128/><E128/><V90/><F90/><W43/><G15/><T0/><D0/><U93/><E93/><V87/><F87/><W57/><G57/><AGARI ba="0,0" hai="9,12,19,40,46,48,57,58,59,77,81,84,100,103" machi="57" ten="40,1300,0" yaku="8,1" doraHai="65" who="2" fromWho="3" sc="290,0,236,0,378,13,96,-13" /><INIT seed="4,0,0,5,2,83" ten="290,236,391,83" oya="0" hai0="129,53,25,65,11,21,75,115,36,5,59,32,122" hai1="95,15,90,7,81,93,110,106,98,133,1,105,22" hai2="60,107,127,84,9,16,23,128,71,118,49,123,38" hai3="35,134,66,20,97,29,42,33,45,117,112,104,132"/><T69/><D32/><U70/><E70/><V96/><F38/><W3/><G3/><T31/><D36/><U120/><E110/><V18/><F123/><W6/><G6/><T30/><D75/><U116/><E120/><V100/><F118/><W2/><G2/><T67/><D122/><U62/><E116/><V61/><F71/><W87/><G117/><T79/><D79/><U86/><E133/><N who="3" m="51306" /><G66/><T12/><D129/><U101/><E1/><V78/><F127/><W121/><G121/><T114/><D31/><U51/><E62/><V63/><F128/><W111/><G111/><T126/><D126/><U52/><E81/><V27/><F49/><W37/><G112/><N who="0" m="43051" /><D69/><U119/><E119/><V125/><F125/><W131/><G131/><T54/><D53/><U88/><E101/><V113/><F113/><W26/><G87/><T47/><D47/><U39/><E39/><V55/><F55/><W124/><G124/><T19/><D5/><U48/><E48/><AGARI ba="0,0" hai="11,12,19,21,25,30,48,54,59,65,67" m="43051" machi="48" ten="30,1500,0" yaku="15,1" doraHai="83" who="0" fromWho="1" sc="290,15,236,-15,391,0,83,0" /><INIT seed="4,1,0,2,5,106" ten="305,221,391,83" oya="0" hai0="73,55,17,38,49,60,84,98,33,81,119,11,75" hai1="40,41,57,125,107,105,58,128,97,8,14,83,118" hai2="27,16,86,37,4,32,1,69,35,109,61,127,87" hai3="28,53,74,64,122,123,12,111,68,0,91,9,25"/><T48/><D33/><U80/><E118/><V46/><F109/><W51/><G111/><T102/><D38/><U67/><E128/><V95/><F127/><W93/><G0/><T88/><D60/><N who="1" m="38287" /><E107/><V110/><F110/><W114/><G114/><T79/><D119/><U120/><E105/><V72/><F72/><W20/><G74/><T135/><D135/><U96/><E120/><V133/><F133/><W99/><G68/><T13/><D79/><U19/><E125/><V62/><F69/><W23/><G64/><T100/><D49/><U54/><E83/><V3/><F37/><W104/><G104/><N who="0" m="63511" /><D102/><U5/><E80/><V29/><F32/><W52/><G23/><T132/><D132/><U78/><E78/><V50/><F1/><W26/><G26/><T2/><D2/><U18/><E97/><V7/><F62/><W59/><REACH who="3" step="1"/><G53/><REACH who="3" ten="305,221,391,73" step="2"/><T121/><D121/><U30/><E54/><V94/><F3/><W108/><G108/><T21/><D21/><U66/><E66/><V42/><F27/><W92/><G92/><T65/><D65/><U56/><E8/><V126/><F95/><W45/><G45/><AGARI ba="1,1" hai="11,13,17,45,48,55,73,75,81,84,88" m="63511" machi="45" ten="30,11600,0" yaku="25,1,52,2,54,1" doraHai="106" who="0" fromWho="3" sc="305,129,221,0,391,0,73,-119" owari="434,54.0,221,-18.0,391,19.0,-46,-55.0" /></mjloggm>