<mjloggm ver="2.3"><GO type="169"/><UN n0="%EF%BC%88%E2%89%A7%E2%96%BD%E2%89%A6%EF%BC%89" n1="%E3%81%A8%E3%83%BC%E3%82%84%E3%82%93" n2="%E3%82%AA%E3%82%BA%E3%82%B0%E3%83%AB%E3%83%BC%E3%83%97" n3="%E3%81%AF%E3%81%90%E3%82%8C%E3%83%9F%E3%83%B3%E3%83%88" dan="18,17,16,16" rate="2246,2101,2088,2028" sx="M,M,M,F"/><TAIKYOKU oya="0"/><INIT seed="0,0,0,4,2,4" ten="250,250,250,250" oya="0" hai0="60,76,80,3,43,25,95,10,120,110,49,101,86" hai1="17,97,15,6,42,68,72,28,88,57,104,74,122" hai2="44,64,71,66,9,69,30,0,87,105,90,35,20" hai3="62,56,11,94,1,61,16,8,75,55,47,135,37"/><T106/><D120/><U59/><E59/><V36/><F105/><W23/><G75/><T133/><D106/><U73/><E68/><V99/><F99/><W91/><G135/><T7/><D133/><U67/><E122/><V51/><F36/><W14/><G1/><T2/><D110/><U77/><E42/><V18/><F35/><W128/><G128/><T19/><D3/><U89/><E28/><V126/><F30/><W50/><G37/><T52/><D43/><U124/><E6/><V40/><F126/><W38/><G38/><T82/><D60/><N who="3" m="23145" /><G47/><T24/><D80/><U79/><E57/><V108/><F108/><W70/><G70/><T13/><D95/><U29/><E29/><V130/><F130/><W12/><G12/><T121/><D101/><N who="1" m="62511" /><E17/><V39/><F39/><W123/><G123/><T113/><D121/><U131/><E15/><V118/><F118/><W58/><G56/><T22/><D113/><U65/><E65/><V103/><F71/><W41/><G41/><T92/><D92/><U32/><E32/><V102/><F69/><W78/><G78/><N who="1" m="29706" /><E67/><V100/><F0/><W54/><G54/><T111/><D111/><U114/><E114/><V112/><F112/><W116/><G116/><T48/><D48/><U127/><E131/><V85/><F66/><W96/><AGARI ba="0,0" hai="8,11,14,16,23,50,55,58,91,94,96" m="23145" machi="96" ten="30,7900,0" yaku="8,1,52,2,54,1" doraHai="4" who="3" fromWho="3" sc="250,-39,250,-20,250,-20,250,79" /><INIT seed="1,0,0,0,5,4" ten="211,230,230,329" oya="1" hai0="29,28,123,35,116,122,40,84,125,62,103,27,91" hai1="74,45,56,46,75,132,55,110,120,15,105,18,114" hai2="53,71,1,2,129,78,90,77,101,21,0,99,23" hai3="54,58,19,115,42,94,6,14,32,82,20,64,126"/><U131/><E114/><V134/><F71/><W76/><G32/><T30/><D116/><U44/><E120/><N who="0" m="46121" /><D125/><U87/><E105/><V17/><F134/><W108/><G126/><T47/><D62/><U89/><E131/><V88/><F129/><W68/><G115/><T49/><D103/><U107/><E107/><V22/><F53/><W81/><G108/><T69/><D69/><U60/><E132/><V92/><F17/><W11/><G42/><T111/><D111/><U10/><REACH who="1" step="1"/><E110/><REACH who="1" ten="211,220,230,329" step="2"/><V102/><REACH who="2" step="1"/><F102/><REACH who="2" ten="211,220,220,329" step="2"/><W86/><G76/><AGARI ba="0,2" hai="0,1,2,21,22,23,76,77,78,88,90,92,99,101" machi="76" ten="50,6400,0" yaku="1,1,2,1,54,1,53,0" doraHai="4" doraHaiUra="61" who="2" fromWho="3" sc="211,0,220,0,220,84,329,-64" /><INIT seed="2,0,0,4,2,110" ten="211,220,304,265" oya="2" hai0="134,43,63,18,83,34,64,92,61,8,91,67,101" hai1="100,108,17,123,46,35,106,15,30,26,24,107,127" hai2="65,49,11,81,57,51,114,50,116,121,93,22,73" hai3="31,66,47,94,58,109,23,9,39,132,76,82,42"/><V32/><F121/><W59/><G109/><T13/><D34/><U60/><E108/><V129/><F32/><W115/><G132/><T12/><D134/><U87/><E123/><V111/><F116/><W53/><G9/><T62/><D43/><U3/><E3/><V33/><F111/><W16/><G31/><T97/><REACH who="0" step="1"/><D12/><REACH who="0" ten="201,220,304,265" step="2"/><U104/><E127/><V84/><F33/><W4/><G42/><T68/><D68/><U131/><E35/><V48/><F129/><W105/><G39/><T119/><D119/><U117/><E15/><V7/><F7/><W122/><G122/><T54/><D54/><U25/><E117/><V124/><F65/><W29/><G53/><T78/><D78/><U86/><E131/><V130/><F124/><W80/><G76/><T77/><D77/><U10/><E30/><V120/><F130/><W72/><G29/><T14/><D14/><U21/><E10/><V0/><F120/><W71/><G71/><T19/><D19/><U125/><E17/><V28/><F11/><W41/><G16/><T20/><D20/><U118/><E21/><V133/><F22/><W1/><G23/><T96/><D96/><U56/><E118/><V98/><F28/><W45/><G41/><T75/><D75/><U113/><E125/><V69/><F73/><W79/><G72/><T90/><D90/><U102/><E102/><V70/><F69/><W112/><G79/><T85/><AGARI ba="0,1" hai="8,13,18,61,62,63,64,67,83,85,91,92,97,101" machi="85" ten="30,7900,0" yaku="1,1,0,1,8,1,53,1" doraHai="110" doraHaiUra="99" who="0" fromWho="0" sc="201,89,220,-20,304,-39,265,-20" /><INIT seed="3,0,0,4,1,65" ten="290,200,265,245" oya="3" hai0="67,41,27,66,135,118,92,91,64,85,57,3,19" hai1="63,120,132,4,78,37,79,60,70,15,26,43,22" hai2="34,98,106,9,55,28,123,51,97,80,75,134,2" hai3="47,86,122,126,14,113,133,119,94,54,62,117,121"/><W45/><G113/><T82/><D3/><U44/><E132/><V71/><F134/><W13/><G133/><T68/><D68/><U88/><E120/><V32/><F123/><W116/><G126/><T29/><D118/><U128/><E128/><V124/><F98/><W38/><G122/><T73/><D135/><U53/><E15/><V99/><F124/><W112/><G121/><T93/><D41/><U81/><E4/><V20/><F99/><W48/><G112/><T50/><D19/><U18/><E60/><V69/><F20/><W89/><REACH who="3" step="1"/><G62/><REACH who="3" ten="290,200,265,235" step="2"/><T87/><D73/><U129/><E129/><V84/><F75/><W0/><G0/><T130/><D130/><U131/><E131/><V5/><F2/><W108/><G108/><T16/><D66/><U105/><E105/><V7/><F106/><W109/><G109/><T1/><D67/><U114/><E114/><V95/><F32/><W30/><G30/><T23/><D1/><U21/><E78/><V12/><F28/><W90/><G90/><N who="0" m="51511" /><D29/><U36/><E88/><V83/><F34/><W46/><G46/><T40/><D64/><U35/><E35/><V52/><F83/><W24/><G24/><T31/><D31/><U42/><E26/><V25/><F25/><W107/><G107/><T101/><D57/><U100/><E37/><V49/><F80/><W110/><G110/><T33/><D33/><U103/><E44/><V127/><F127/><W104/><G104/><T10/><D27/><U74/><E81/><V76/><F76/><W11/><G11/><T77/><D10/><U6/><E36/><RYUUKYOKU ba="0,1" sc="290,-10,200,-10,265,-10,235,30" hai3="13,14,38,45,47,48,54,86,89,94,116,117,119" /><INIT seed="3,1,1,5,4,125" ten="280,190,255,265" oya="3" hai0="76,64,91,100,37,82,46,63,49,62,54,52,48" hai1="84,38,6,21,43,108,28,31,120,72,83,40,111" hai2="99,56,15,27,57,8,127,103,68,10,11,0,85" hai3="110,79,70,32,123,119,96,126,133,87,67,14,115"/><W107/><RYUUKYOKU type="yao9" ba="1,1" sc="280,0,190,0,255,0,265,0" hai3="14,32,67,70,79,87,96,107,110,115,119,123,126,133" /><INIT seed="3,2,1,0,2,114" ten="280,190,255,265" oya="3" hai0="87,1,78,120,123,25,69,44,39,72,109,48,41" hai1="104,13,90,3,29,37,23,16,28,133,46,110,40" hai2="15,11,20,94,71,73,130,128,65,77,105,68,122" hai3="62,58,125,117,31,21,106,36,53,124,79,5,115"/><W45/><G115/><T4/><D109/><U6/><E110/><V119/><F105/><W134/><G106/><T18/><D87/><U135/><E104/><V97/><F122/><W101/><G101/><T19/><D48/><U118/><E90/><V10/><F20/><W42/><G5/><T74/><D69/><U99/><E99/><V7/><F77/><W8/><G8/><N who="0" m="2063" /><D72/><U12/><E3/><V43/><F73/><W132/><G79/><T75/><D75/><U85/><E85/><V54/><F11/><W24/><REACH who="3" step="1"/><G117/><REACH who="3" ten="280,190,255,255" step="2"/><T9/><D9/><N who="1" m="4151" /><E118/><V96/><F119/><W84/><G84/><T0/><D0/><U82/><E82/><V57/><F7/><W52/><G52/><T17/><D25/><U95/><E95/><V27/><F10/><W100/><G100/><T51/><D78/><U34/><E34/><V30/><F94/><W64/><G64/><T88/><D74/><U86/><E86/><V93/><F65/><W113/><G113/><T102/><D102/><U2/><E2/><V26/><F93/><W63/><G63/><T49/><D88/><U108/><E108/><V50/><F54/><W67/><G67/><T66/><D66/><U112/><E112/><V76/><F68/><W121/><G121/><T111/><D111/><U91/><E91/><V60/><F71/><W56/><G56/><T92/><D92/><U83/><E83/><V61/><F76/><W129/><G129/><T116/><D116/><U127/><E127/><AGARI ba="2,2" hai="21,24,31,36,42,45,53,58,62,124,125,127,132,134" machi="127" ten="40,7700,0" yaku="1,1,18,1,53,1" doraHai="114" doraHaiUra="38" who="3" fromWho="1" sc="280,0,190,-83,255,0,255,103" /><INIT seed="3,3,0,5,4,28" ten="280,107,255,358" oya="3" hai0="23,12,35,121,8,41,7,120,56,44,64,124,34" hai1="3,106,62,30,82,97,25,73,48,122,75,116,10" hai2="86,123,16,74,5,67,39,22,100,60,117,81,9" hai3="65,63,40,27,107,104,42,133,14,17,96,112,135"/><W119/><G112/><T36/><D124/><U78/><E122/><V51/><F123/><W4/><G119/><T47/><D47/><U38/><E38/><V88/><F117/><W105/><G4/><T79/><D79/><U57/><E116/><V109/><F39/><W6/><G6/><T110/><D110/><U130/><E130/><V52/><F109/><W71/><G96/><T94/><D94/><U11/><E3/><V53/><F74/><W66/><G66/><T85/><D85/><U72/><E48/><V129/><F100/><W92/><G92/><T93/><D93/><U61/><E97/><V0/><F129/><W20/><REACH who="3" step="1"/><G27/><REACH who="3" ten="280,107,255,348" step="2"/><T108/><D108/><U101/><E101/><V91/><F67/><W46/><G46/><T90/><D121/><U84/><E106/><V2/><F2/><W31/><G31/><T103/><D120/><U89/><E25/><V118/><F118/><W26/><G26/><T102/><D103/><U1/><E30/><V37/><F0/><W33/><G33/><T15/><D102/><U69/><E1/><V59/><F5/><W125/><G125/><T18/><D64/><U70/><E69/><V68/><F68/><W114/><G114/><T134/><D34/><U98/><E70/><V24/><F24/><W83/><G83/><T58/><D35/><U43/><E57/><V80/><F59/><W87/><G87/><T131/><D131/><U99/><E98/><V132/><F80/><W32/><G32/><T127/><D127/><U76/><E99/><V19/><F81/><W55/><G55/><T45/><D45/><RYUUKYOKU ba="3,1" sc="280,-10,107,-10,255,-10,348,30" hai3="14,17,20,40,42,63,65,71,104,105,107,133,135" /><INIT seed="3,4,1,3,0,72" ten="270,97,245,378" oya="3" hai0="31,57,50,74,10,135,48,20,38,111,34,130,91" hai1="70,125,3,97,115,80,100,93,6,117,4,15,124" hai2="54,134,65,101,22,133,21,29,14,59,35,96,26" hai3="1,40,79,27,68,113,8,5,104,51,46,52,99"/><W69/><G113/><T11/><D38/><U87/><E70/><V58/><F65/><W44/><G27/><N who="0" m="16871" /><D34/><U61/><E115/><V49/><F59/><W25/><G25/><T55/><D74/><U128/><E3/><V77/><F14/><W88/><G79/><T76/><D130/><U60/><E117/><V83/><F134/><W18/><G18/><T53/><D135/><U75/><E75/><V120/><F120/><W73/><G73/><T28/><D28/><U131/><E15/><V98/><F98/><W64/><G64/><T132/><D132/><U114/><E61/><V102/><F102/><W86/><G99/><T62/><D111/><U105/><E60/><V106/><REACH who="2" step="1"/><F133/><REACH who="2" ten="270,97,235,378" step="2"/><W37/><G104/><T90/><D62/><U78/><E114/><V126/><F126/><N who="1" m="48745" /><E105/><V112/><F112/><W89/><REACH who="3" step="1"/><G89/><REACH who="3" ten="270,97,235,368" step="2"/><N who="0" m="33803" /><D76/><U9/><E6/><V2/><F2/><W82/><AGARI ba="4,3" hai="1,5,8,37,40,44,46,51,52,68,69,82,86,88" machi="82" ten="20,12000,1" yaku="1,1,0,1,7,1,54,2,53,0" doraHai="72" doraHaiUra="116" who="3" fromWho="3" sc="270,-44,97,-44,235,-44,368,162" /><INIT seed="3,5,0,2,0,134" ten="226,53,191,530" oya="3" hai0="41,61,5,110,32,3,38,29,14,95,114,119,63" hai1="59,51,8,104,88,23,130,10,55,124,85,37,45" hai2="84,76,122,96,121,57,6,53,111,7,102,120,54" hai3="9,36,101,123,116,99,70,91,67,17,28,77,133"/><W49/><G116/><T105/><D105/><U34/><E34/><V24/><F111/><W83/><G123/><T92/><D119/><U12/><E104/><V78/><F24/><W21/><G36/><T60/><D3/><U125/><E130/><V26/><F26/><W0/><G133/><T97/><D110/><U72/><E72/><V1/><F84/><W126/><G126/><N who="1" m="48746" /><E23/><V11/><F7/><W35/><G91/><T65/><D65/><U115/><E115/><V43/><F43/><W90/><G90/><T73/><D32/><U106/><E106/><N who="2" m="63815" /><F54/><W94/><G49/><AGARI ba="5,0" hai="1,6,11,49,53,57,76,78,120,121,122" m="63815" machi="49" ten="30,1000,0" yaku="13,1" doraHai="134" who="2" fromWho="3" sc="226,0,53,0,191,25,530,-25" /><INIT seed="4,0,0,5,4,120" ten="226,53,216,505" oya="0" hai0="10,45,48,112,114,76,122,50,24,23,91,64,87" hai1="101,17,4,89,11,35,7,63,110,82,79,68,1" hai2="100,27,109,77,22,113,104,47,49,97,16,92,108" hai3="3,38,31,118,62,36,80,15,8,9,71,13,0"/><T99/><D122/><U34/><E17/><V54/><F113/><N who="0" m="43626" /><D64/><U117/><E117/><V40/><F77/><W111/><G118/><T133/><D133/><U43/><E89/><V21/><F104/><W78/><G111/><T116/><D116/><U74/><E101/><V107/><F107/><W132/><G132/><T51/><D10/><U93/><E93/><V53/><F53/><W41/><G31/><N who="0" m="17823" /><D99/><U70/><E7/><V61/><REACH who="2" step="1"/><F22/><REACH who="2" ten="226,53,206,505" step="2"/><W102/><G78/><T130/><D76/><U46/><E110/><V29/><F29/><W86/><G3/><T56/><D130/><U124/><E124/><V57/><AGARI ba="0,1" hai="16,21,27,40,47,49,54,57,61,92,97,100,108,109" machi="57" ten="30,8000,1" yaku="1,1,0,1,52,2,54,1,53,0" doraHai="120" doraHaiUra="106" who="2" fromWho="2" sc="226,-40,53,-20,206,90,505,-20" /><INIT seed="5,0,0,4,2,112" ten="186,33,296,485" oya="1" hai0="124,10,9,89,118,78,55,66,36,5,101,8,82" hai1="17,132,23,79,119,135,19,126,120,27,6,103,50" hai2="53,93,115,0,16,84,74,52,109,86,12,106,85" hai3="64,67,68,3,76,45,42,98,96,38,22,15,41"/><U69/><E69/><V90/><F0/><W32/><G3/><T59/><D36/><U14/><E79/><V26/><F74/><W30/><G41/><T24/><D124/><U134/><E103/><V116/><F106/><W2/><G2/><T113/><D113/><U92/><E92/><V129/><F109/><W122/><G122/><T102/><D5/><U51/><E120/><V77/><F115/><W60/><G67/><T111/><D111/><U94/><E126/><V21/><F129/><W99/><G76/><T57/><D118/><U18/><E94/><V37/><F37/><W110/><G110/><T100/><D66/><U123/><E123/><V43/><F116/><W127/><G127/><T28/><D89/><U83/><E83/><N who="2" m="47215" /><F43/><W47/><G47/><T121/><D121/><U48/><E119/><V40/><F40/><W35/><G30/><T81/><D55/><N who="2" m="21066" /><F86/><W75/><G75/><T70/><D70/><U88/><E88/><V73/><F73/><W105/><G105/><T95/><D95/><U72/><E72/><V4/><F4/><W125/><G125/><T130/><D130/><U20/><E27/><AGARI ba="0,0" hai="12,16,21,26,27,85,90,93" m="21066,47215" machi="27" ten="30,3900,0" yaku="8,1,54,2" doraHai="112" who="2" fromWho="1" sc="186,0,33,-39,296,39,485,0" owari="186,-21.0,-6,-51.0,335,14.0,485,58.0" /></mjloggm>