<mjloggm ver="2.3"><GO type="41"/><UN n0="%61%72%6F%6E%31%32%33%34" n1="%EF%BC%88%E2%89%A7%E2%96%BD%E2%89%A6%EF%BC%89" n2="%4E%4F%52%4F" n3="%E6%B2%BC%E7%94%B0" dan="14,15,14,15" rate="1899,1957,1839,1948" sx="F,M,M,M"/><TAIKYOKU oya="0"/><INIT seed="0,0,0,0,2,117" ten="250,250,250,250" oya="0" hai0="26,106,20,11,130,97,86,114,75,64,67,33,53" hai1="100,28,66,27,99,93,47,29,22,129,65,79,38" hai2="95,14,133,7,44,111,90,72,119,57,126,5,54" hai3="85,105,19,46,104,48,37,92,124,1,118,121,0"/><T52/><D75/><U61/><E129/><V10/><F111/><W76/><G118/><T109/><D114/><U36/><E79/><V9/><F72/><W24/><G124/><T40/><D33/><U112/><E112/><V120/><F126/><W128/><G37/><T122/><D122/><U62/><E29/><V15/><F133/><W45/><G128/><T68/><D68/><U35/><E47/><V91/><F120/><W87/><G24/><T56/><D40/><U125/><E125/><V25/><F25/><W88/><G121/><T21/><D130/><U131/><E35/><V6/><F44/><W102/><G19/><T51/><D11/><U123/><E123/><V84/><F119/><W107/><G102/><T110/><D86/><U135/><E135/><V4/><REACH who="2" step="1"/><F91/><REACH who="2" ten="250,250,240,250" step="2"/><W98/><G46/><T13/><D109/><U17/><E131/><V31/><F31/><W94/><G76/><T49/><D110/><U89/><E89/><V115/><F115/><W55/><REACH who="3" step="1"/><G87/><REACH who="3" ten="250,250,240,240" step="2"/><T96/><D26/><U63/><E28/><V16/><F16/><W78/><G78/><T69/><D69/><U134/><E134/><V39/><F39/><W71/><G71/><T81/><D56/><U41/><E38/><V12/><F12/><W74/><G74/><T60/><D13/><U42/><E36/><V127/><F127/><W116/><G116/><T58/><D58/><U83/><E17/><V77/><F77/><W132/><G132/><T50/><D97/><U43/><E99/><V18/><F18/><W23/><G23/><T73/><D96/><U108/><E22/><RYUUKYOKU ba="0,2" sc="250,-15,250,-15,240,15,240,15" hai2="4,5,6,7,9,10,14,15,54,57,84,90,95" hai3="0,1,45,48,55,85,88,92,94,98,104,105,107" /><INIT seed="1,1,2,5,2,85" ten="235,235,255,255" oya="1" hai0="102,2,65,7,80,81,98,114,112,122,67,134,69" hai1="125,94,45,41,14,22,61,50,116,40,133,58,97" hai2="120,119,74,27,9,25,105,35,107,83,16,43,38" hai3="52,95,26,84,77,51,56,128,68,73,109,15,19"/><U31/><E116/><V79/><F119/><W124/><G73/><T103/><D98/><U29/><E133/><V53/><F53/><W126/><G68/><T20/><D20/><U113/><E113/><V46/><F120/><W96/><G109/><T135/><D69/><U132/><E132/><V101/><F101/><W6/><G6/><T115/><D122/><U106/><E106/><V11/><F11/><W54/><G128/><T4/><D114/><U127/><E40/><V49/><F49/><W59/><G26/><T42/><D42/><U18/><E127/><N who="3" m="48682" /><G84/><T91/><D2/><U28/><E125/><V21/><F27/><W88/><G77/><T92/><D92/><U130/><E130/><V47/><F46/><N who="3" m="27767" /><G54/><T62/><D62/><U60/><REACH who="1" step="1"/><E58/><REACH who="1" ten="235,225,255,255" step="2"/><V24/><REACH who="2" step="1"/><F9/><AGARI ba="1,3" hai="9,15,19,56,59,88,95,96" m="27767,48682" machi="9" ten="30,7700,0" yaku="18,1,52,1,54,2" doraHai="85" who="3" fromWho="2" sc="235,0,225,0,255,-80,255,110" /><INIT seed="2,0,0,1,5,16" ten="235,225,175,365" oya="2" hai0="112,134,53,91,117,9,63,25,100,115,79,3,124" hai1="62,85,1,121,23,31,11,125,43,21,109,13,65" hai2="44,105,129,60,20,71,26,88,39,64,52,5,61" hai3="29,28,99,14,58,12,92,48,135,24,66,87,118"/><V96/><F5/><W47/><G118/><T69/><D117/><U84/><E121/><V59/><F129/><W132/><G87/><T27/><D100/><U38/><E125/><V22/><F26/><W98/><G99/><T6/><D79/><U93/><E109/><V46/><F44/><W110/><G110/><T45/><D124/><U76/><E1/><V126/><F126/><W133/><G29/><T113/><D134/><U49/><E38/><V56/><F56/><W82/><G82/><T17/><D69/><U4/><E31/><V40/><REACH who="2" step="1"/><F88/><REACH who="2" ten="235,225,165,365" step="2"/><N who="3" m="55559" /><G58/><T70/><D91/><N who="1" m="53479" /><E76/><V119/><F119/><W122/><G122/><T33/><D70/><U50/><E43/><V57/><F57/><W18/><G132/><T86/><D45/><U106/><E50/><V77/><F77/><W104/><G48/><T72/><D112/><U114/><E49/><V2/><F2/><W75/><G47/><T55/><D113/><U131/><E114/><V97/><F97/><W123/><G123/><T7/><D115/><U51/><E131/><V15/><F15/><W95/><G14/><T36/><D3/><U0/><E0/><V108/><F108/><W10/><G12/><T54/><D36/><U30/><E4/><V127/><F127/><W19/><G133/><T89/><D6/><U94/><E13/><V35/><F35/><W68/><G68/><T111/><D7/><U32/><E32/><V74/><F74/><W73/><G75/><T81/><D33/><U8/><E85/><V102/><AGARI ba="0,1" hai="20,22,39,40,46,52,59,60,61,64,71,96,102,105" machi="102" ten="30,18000,2" yaku="1,1,0,1,52,2,54,1,53,1" doraHai="16" doraHaiUra="37" who="2" fromWho="2" sc="235,-60,225,-60,165,190,365,-60" /><INIT seed="2,1,0,4,2,16" ten="175,165,355,305" oya="2" hai0="90,124,39,110,56,70,51,24,132,98,42,63,0" hai1="96,68,45,133,85,93,108,74,36,119,30,126,131" hai2="73,77,78,11,134,40,120,115,71,102,53,27,67" hai3="21,54,9,3,113,13,83,125,8,35,58,66,127"/><V38/><F115/><W61/><G35/><T106/><D0/><U121/><RYUUKYOKU type="yao9" ba="1,0" sc="175,0,165,0,355,0,305,0" hai1="30,36,45,68,74,85,93,96,108,119,121,126,131,133" /><INIT seed="2,2,0,5,5,91" ten="175,165,355,305" oya="2" hai0="115,48,5,82,50,83,128,25,1,134,8,27,119" hai1="92,54,122,111,116,31,32,41,123,84,62,30,64" hai2="19,3,26,112,13,23,94,6,108,14,129,11,38" hai3="68,102,15,130,21,45,98,77,24,74,49,104,42"/><V105/><F105/><W79/><G68/><T34/><D115/><U39/><E116/><V57/><F38/><W109/><G109/><T126/><D119/><U44/><E111/><V117/><F112/><W59/><G130/><T103/><D128/><U47/><E32/><V69/><F69/><W87/><G74/><T43/><D103/><U135/><E135/><V28/><F117/><W70/><G70/><T35/><D134/><U60/><E47/><V114/><F129/><W96/><G15/><T52/><D43/><U75/><E54/><V0/><F57/><W106/><G87/><T33/><D126/><U127/><E75/><V131/><F94/><W86/><G86/><T113/><D50/><U78/><E127/><V7/><F131/><W95/><G59/><T81/><REACH who="0" step="1"/><D113/><REACH who="0" ten="165,165,355,305" step="2"/><U97/><E123/><V10/><F114/><W20/><G102/><T132/><D132/><U118/><E122/><V73/><F108/><W110/><G110/><T121/><D121/><U51/><E118/><V120/><F120/><W40/><G42/><T12/><D12/><N who="2" m="4714" /><F73/><W93/><G40/><T56/><AGARI ba="2,1" hai="1,5,8,25,27,33,34,35,48,52,56,81,82,83" machi="56" ten="40,5200,0" yaku="1,1,0,1,54,1,53,0" doraHai="91" doraHaiUra="107" who="0" fromWho="0" sc="165,68,165,-15,355,-28,305,-15" /><INIT seed="3,0,0,2,3,65" ten="233,150,327,290" oya="3" hai0="74,55,59,64,94,127,29,27,67,48,60,95,44" hai1="1,90,16,49,118,81,25,116,50,68,58,128,38" hai2="39,45,110,54,115,40,79,125,85,122,114,131,134" hai3="91,3,32,107,37,11,70,104,8,35,101,24,103"/><W135/><G135/><T84/><D74/><U133/><E133/><V19/><F19/><W30/><G91/><T34/><D127/><U22/><E38/><V83/><F134/><W63/><G37/><T130/><D130/><U117/><E1/><V14/><F14/><W51/><G51/><T66/><REACH who="0" step="1"/><D84/><REACH who="0" ten="223,150,327,290" step="2"/><N who="1" m="50447" /><E128/><V73/><F131/><W119/><G119/><T7/><D7/><U98/><E98/><V123/><F125/><W21/><G104/><T129/><D129/><U15/><E58/><V57/><F85/><W102/><G107/><T87/><D87/><U12/><E68/><V96/><F96/><W2/><G3/><T31/><D31/><N who="1" m="17847" /><E12/><V86/><F86/><W47/><G2/><T93/><AGARI ba="0,1" hai="27,29,34,44,48,55,59,60,64,66,67,93,94,95" machi="93" ten="30,2000,0" yaku="1,1,0,1,53,0" doraHai="65" doraHaiUra="75" who="0" fromWho="0" sc="223,30,150,-5,327,-5,290,-10" /><INIT seed="4,0,0,3,4,18" ten="253,145,322,280" oya="0" hai0="34,73,11,86,85,16,97,81,117,67,111,41,107" hai1="24,118,120,76,99,127,133,49,28,53,27,38,25" hai2="21,54,84,1,55,29,9,113,3,60,12,116,87" hai3="6,130,17,7,58,5,68,26,22,0,91,79,30"/><T75/><D117/><U114/><E118/><V112/><F116/><W103/><G68/><T56/><D34/><U121/><E133/><V59/><F55/><W19/><G103/><T62/><D41/><U65/><E38/><V80/><F84/><W106/><G106/><T47/><D47/><U71/><E127/><V115/><F29/><W94/><G79/><T43/><D43/><U8/><E114/><V70/><F70/><W52/><G0/><T129/><D86/><U20/><E76/><V33/><F33/><W15/><G15/><T131/><D111/><U88/><E71/><V57/><F57/><W134/><G134/><T14/><D97/><U89/><E65/><V32/><F32/><W96/><G130/><T39/><D107/><U69/><E69/><V105/><F105/><W110/><G110/><T92/><D92/><N who="1" m="56711" /><E121/><V13/><F13/><W128/><G128/><N who="0" m="49227" /><D39/><U119/><E120/><V100/><F100/><W45/><G45/><T124/><D124/><U64/><E119/><V108/><F108/><W51/><AGARI ba="0,0" hai="5,6,7,17,19,22,26,30,51,52,58,91,94,96" machi="51" ten="30,7900,0" yaku="0,1,8,1,52,1,54,1" doraHai="18" who="3" fromWho="3" sc="253,-39,145,-20,322,-20,280,79" /><INIT seed="5,0,0,3,1,76" ten="214,125,302,359" oya="1" hai0="41,58,62,53,12,99,80,10,27,84,37,4,8" hai1="103,112,90,23,78,116,67,21,71,2,14,117,16" hai2="34,36,114,121,63,95,35,87,57,82,91,75,109" hai3="115,68,40,33,135,126,45,96,32,101,25,44,15"/><U47/><E2/><V119/><F119/><W127/><G68/><T59/><D99/><U28/><E112/><V46/><F121/><W6/><G115/><T56/><D27/><U17/><E103/><V11/><F109/><W79/><G135/><T54/><D41/><U66/><E78/><V118/><F118/><W30/><G33/><T77/><D37/><U55/><E28/><V92/><F75/><W81/><G45/><T9/><REACH who="0" step="1"/><D59/><REACH who="0" ten="204,125,302,359" step="2"/><U50/><E71/><V134/><F114/><W20/><G96/><T22/><D22/><U64/><REACH who="1" step="1"/><E90/><REACH who="1" ten="204,115,302,359" step="2"/><V7/><F134/><W5/><G101/><T83/><D83/><U107/><E107/><V3/><F95/><W69/><G81/><T85/><D85/><U26/><AGARI ba="0,2" hai="14,16,17,21,23,26,47,50,55,64,66,67,116,117" machi="26" ten="30,6000,0" yaku="1,1,0,1,54,1,53,0" doraHai="76" doraHaiUra="70" who="1" fromWho="1" sc="204,-20,115,80,302,-20,359,-20" /><INIT seed="5,1,0,3,2,78" ten="184,195,282,339" oya="1" hai0="81,13,29,26,27,80,128,88,134,82,72,121,105" hai1="131,18,41,38,58,16,83,98,48,130,68,97,47" hai2="36,67,89,112,108,23,66,101,86,10,24,104,76" hai3="96,87,34,57,102,12,22,51,53,37,1,74,25"/><U3/><E3/><V126/><F108/><W30/><G74/><T14/><D105/><U122/><E122/><V7/><F36/><W45/><G1/><T117/><D117/><U116/><E116/><V111/><F111/><W9/><G87/><T77/><D121/><U84/><E68/><V114/><F76/><W129/><G129/><N who="1" m="49162" /><E58/><V85/><F86/><W5/><G37/><T33/><D128/><U8/><E38/><V120/><F126/><W69/><G69/><T118/><D118/><U39/><E39/><V115/><F120/><W42/><G34/><T4/><D134/><U46/><E46/><V55/><F55/><W2/><G2/><T59/><D27/><U73/><E73/><V21/><F10/><W95/><G57/><T54/><D13/><N who="1" m="7207" /><E18/><V44/><F44/><W31/><G42/><T11/><D88/><AGARI ba="1,0" hai="41,47,48,83,84,88,97,98" m="7207,49162" machi="88" ten="30,11600,0" yaku="19,1,52,1,54,2" doraHai="78" who="1" fromWho="0" sc="184,-119,195,119,282,0,339,0" /><INIT seed="5,2,0,5,5,80" ten="65,314,282,339" oya="1" hai0="113,78,25,129,114,108,72,4,120,109,2,117,35" hai1="16,20,97,59,122,119,22,42,8,15,52,64,27" hai2="111,128,21,91,12,104,31,54,50,115,63,18,133" hai3="135,3,10,34,121,62,49,125,32,102,75,70,127"/><U33/><E122/><V134/><F111/><N who="0" m="42570" /><D78/><U73/><E119/><V44/><F104/><W116/><G121/><T58/><D58/><U89/><E73/><V47/><F128/><W6/><G116/><T92/><D92/><N who="1" m="56463" /><E33/><V39/><F31/><W60/><G75/><T13/><D72/><U103/><E103/><V90/><F63/><N who="3" m="24107" /><G70/><T57/><D57/><U77/><E64/><V26/><F26/><W94/><G135/><N who="2" m="51721" /><F115/><N who="0" m="44042" /><D129/><U86/><E42/><AGARI ba="2,0" hai="12,18,21,39,42,44,47,50,54,90,91" m="51721" machi="42" ten="30,1000,0" yaku="20,1" doraHai="80" who="2" fromWho="1" sc="65,0,314,-16,282,16,339,0" /><INIT seed="6,0,0,3,3,13" ten="65,298,298,339" oya="2" hai0="62,80,6,133,20,125,83,45,130,21,115,119,8" hai1="90,15,55,53,47,33,52,57,110,63,39,120,19" hai2="10,37,126,30,34,117,78,85,0,27,79,14,17" hai3="98,99,86,77,101,36,54,122,129,60,41,106,76"/><V82/><F117/><W16/><G122/><T58/><D119/><U43/><E110/><V97/><F37/><W18/><G129/><T64/><D130/><U4/><E120/><V61/><F126/><W2/><G2/><T128/><D128/><U103/><E33/><V35/><F35/><W22/><G41/><T94/><D125/><U96/><E90/><V3/><F79/><W107/><G36/><T24/><D133/><U84/><E84/><V5/><F61/><W11/><G86/><T44/><D115/><U42/><E4/><V102/><REACH who="2" step="1"/><F5/><REACH who="2" ten="65,298,288,339" step="2"/><W109/><G109/><T113/><D113/><U28/><E28/><V112/><F112/><W74/><G77/><T1/><D21/><U88/><E88/><V92/><AGARI ba="0,1" hai="0,3,10,14,17,27,30,34,78,82,85,92,97,102" machi="92" ten="20,7800,0" yaku="1,1,0,1,7,1,52,1,53,0" doraHai="13" doraHaiUra="127" who="2" fromWho="2" sc="65,-26,298,-26,288,88,339,-26" /><INIT seed="6,1,0,2,0,29" ten="39,272,376,313" oya="2" hai0="0,15,49,86,111,55,134,109,130,132,30,70,115" hai1="25,122,84,127,85,3,43,97,31,28,14,116,27" hai2="54,24,103,135,106,50,62,11,12,56,112,17,22" hai3="8,36,81,107,88,34,41,96,102,19,100,13,105"/><V42/><F112/><W68/><G68/><T5/><D70/><U23/><E116/><V129/><F135/><W120/><G120/><T119/><D86/><U131/><E122/><V20/><F129/><W7/><G34/><T1/><D30/><U74/><E131/><V95/><F106/><W76/><G102/><T101/><D101/><U121/><E121/><V32/><F32/><W40/><G107/><T33/><D119/><U94/><E127/><V63/><F22/><W52/><G36/><T44/><D33/><U46/><E3/><V58/><F42/><W114/><G114/><T71/><D71/><U69/><E74/><V110/><F110/><W37/><G37/><T117/><D117/><U108/><E108/><V80/><F80/><W91/><G7/><T124/><D115/><U113/><E14/><V57/><F95/><W60/><G41/><T6/><D130/><U10/><E10/><V64/><F103/><W83/><G40/><T21/><D124/><U2/><E69/><V72/><F72/><W104/><G104/><T47/><D21/><N who="1" m="15407" /><E2/><V87/><F87/><W99/><G99/><T78/><D15/><U82/><E113/><V75/><F75/><W9/><G9/><T66/><D109/><U89/><E82/><N who="3" m="31242" /><G76/><T39/><D111/><U26/><E26/><V38/><F38/><W98/><G98/><T45/><D132/><U51/><AGARI ba="1,0" hai="23,27,31,43,46,51,84,85,89,94,97" m="15407" machi="51" ten="30,1100,0" yaku="8,1" doraHai="29" who="1" fromWho="1" sc="39,-4,272,14,376,-6,313,-4" /><INIT seed="7,0,0,3,5,126" ten="35,286,370,309" oya="3" hai0="67,11,85,62,30,116,106,73,4,82,113,20,109" hai1="41,92,35,76,101,83,89,27,80,59,6,94,34" hai2="55,46,105,74,135,37,14,2,95,57,123,24,103" hai3="52,61,65,118,97,29,49,124,13,56,54,50,99"/><W28/><G118/><T39/><D106/><U9/><E41/><V125/><F2/><W108/><G124/><T16/><D73/><U104/><E104/><V58/><F74/><W134/><G108/><T87/><D39/><U107/><E107/><V53/><F105/><W78/><G134/><T21/><D87/><U91/><E101/><V75/><F75/><W71/><G78/><T22/><D85/><U42/><E42/><V100/><F135/><W33/><G33/><T15/><D82/><U72/><E59/><V23/><F123/><W3/><G3/><T130/><D62/><U64/><E64/><V1/><F1/><W98/><REACH who="3" step="1"/><G13/><REACH who="3" ten="35,286,370,299" step="2"/><T43/><D109/><U18/><E35/><V47/><F14/><W38/><G38/><T17/><D116/><U110/><E110/><V63/><F37/><W131/><G131/><T81/><D130/><U45/><E34/><V31/><F125/><W19/><G19/><T86/><D17/><U8/><E18/><V128/><F128/><W132/><G132/><T102/><D16/><U119/><E119/><V90/><F100/><W96/><N who="3" m="25088" /><DORA hai="117" /><W70/><G70/><T84/><D102/><U5/><E76/><V127/><F103/><W12/><G12/><T114/><D15/><U88/><E5/><V115/><F127/><W66/><G66/><T93/><D67/><U48/><E6/><V7/><F7/><W36/><G36/><T40/><D4/><U69/><E69/><V129/><F129/><W51/><G51/><T60/><D81/><N who="1" m="31307" /><E48/><V120/><F63/><W0/><G0/><T68/><D60/><RYUUKYOKU ba="0,1" sc="35,-10,286,-10,370,-10,299,30" hai3="28,29,49,50,52,54,56,61,65,71" /><INIT seed="7,1,1,0,1,84" ten="25,276,360,329" oya="3" hai0="49,39,120,118,71,81,6,89,59,20,48,24,126" hai1="94,96,115,103,40,46,100,121,21,69,117,108,52" hai2="66,111,123,134,47,1,44,72,23,7,15,112,116" hai3="32,130,29,34,124,55,109,104,98,85,93,65,14"/><W53/><G109/><T2/><D71/><U114/><E121/><V110/><F72/><W75/><G75/><T106/><D39/><U132/><E108/><V135/><F1/><W37/><G37/><T25/><D106/><U105/><E69/><V45/><F7/><W50/><G124/><T31/><D6/><U119/><E132/><N who="2" m="50731" /><F15/><W18/><G104/><T79/><D2/><U90/><E21/><V63/><F23/><W41/><G130/><T68/><D68/><U87/><E103/><V74/><F74/><W17/><G65/><T57/><D25/><U0/><E0/><V16/><F16/><W97/><G29/><T122/><D31/><U60/><E40/><V22/><F22/><W127/><G127/><T62/><D20/><U43/><E43/><V9/><F9/><W26/><G26/><T56/><D24/><U101/><E101/><V12/><F12/><W11/><G18/><T102/><D102/><U82/><E105/><V61/><F116/><N who="1" m="44617" /><E60/><N who="2" m="23115" /><F112/><N who="1" m="43049" /><E46/><V42/><F42/><W58/><G41/><T19/><D118/><U76/><E100/><V38/><F38/><W99/><G32/><T78/><D126/><U28/><E28/><V91/><F66/><W77/><G34/><T128/><D19/><U5/><E5/><V80/><F123/><N who="0" m="47146" /><D62/><U88/><E76/><N who="0" m="29225" /><D128/><U86/><E52/><V125/><F125/><W27/><G55/><T3/><D3/><U107/><E107/><V92/><F111/><W70/><G77/><T10/><D10/><U54/><E54/><V33/><F110/><W95/><G53/><T129/><D129/><U131/><E131/><RYUUKYOKU ba="1,1" sc="25,15,276,15,360,-15,329,-15" hai0="48,49,56,57,59,81,89" hai1="82,86,87,88,90,94,96" owari="40,-46.0,291,-11.0,355,46.0,314,11.0" /></mjloggm>