<mjloggm ver="2.3"><GO type="97"/><UN n0="%74%61%63%6B%79%5F%35%31" n1="%EF%BC%88%E2%89%A7%E2%96%BD%E2%89%A6%EF%BC%89" n2="%E3%82%B8%E3%83%A3%E3%82%AC%E3%83%BC%E6%A8%AA%E7%94%B0" n3="%E3%83%9E%E3%83%9C" dan="13,14,14,14" rate="1891,2062,2146,1952" sx="M,M,F,M"/><TAIKYOKU oya="0"/><INIT seed="0,0,0,2,2,27" ten="250,250,250,250" oya="0" hai0="7,18,42,45,94,54,17,115,117,55,46,75,6" hai1="2,36,135,121,52,41,95,35,21,125,57,16,61" hai2="106,83,8,39,99,101,76,77,62,100,29,15,26" hai3="40,98,104,33,113,13,126,88,129,86,50,14,25"/><T72/><D117/><U56/><E121/><V87/><F39/><W122/><G113/><T34/><D94/><U133/><E35/><V69/><F100/><W81/><G122/><T85/><D85/><U20/><E2/><V9/><F77/><W53/><G129/><T67/><D67/><U30/><E125/><V32/><F15/><W96/><G126/><T80/><D80/><U123/><E123/><V10/><F10/><W31/><G40/><T28/><D42/><U107/><E107/><V5/><F5/><W78/><G98/><T128/><D34/><U73/><E73/><V71/><F71/><W91/><G78/><T59/><D59/><N who="1" m="35047" /><E95/><V110/><F110/><W63/><G63/><T89/><D89/><U102/><E102/><V60/><F60/><W3/><G3/><T92/><D92/><U66/><E66/><AGARI ba="0,0" hai="8,9,26,29,32,62,66,69,76,83,87,99,101,106" machi="66" ten="40,5200,0" yaku="25,2,52,1" doraHai="27" who="2" fromWho="1" sc="250,0,250,-52,250,52,250,0" /><INIT seed="1,0,0,2,2,88" ten="250,198,302,250" oya="1" hai0="104,111,75,59,35,83,71,47,16,73,27,115,8" hai1="107,81,51,24,54,44,65,72,114,118,122,5,41" hai2="78,64,29,90,87,3,18,55,26,70,79,33,50" hai3="28,15,84,48,76,12,37,14,34,125,135,110,20"/><U100/><E118/><V17/><F3/><W38/><G34/><T131/><D115/><U0/><E122/><V10/><F64/><W39/><G125/><T7/><D131/><U109/><E114/><V40/><F40/><W53/><G135/><T103/><D71/><U106/><E109/><V93/><F70/><W108/><G28/><T52/><D111/><N who="3" m="42537" /><G20/><T82/><D47/><U132/><E132/><V67/><F67/><W91/><G76/><T130/><D130/><U85/><E72/><V30/><F30/><W120/><G120/><T61/><D75/><U123/><E123/><V9/><F9/><W57/><G12/><T126/><D126/><U49/><E65/><V101/><F101/><W1/><G1/><T133/><D133/><U60/><E60/><V134/><F134/><W43/><G43/><T97/><D73/><U19/><E100/><V32/><F32/><W46/><G46/><T68/><D68/><U36/><E5/><V2/><F2/><W62/><G62/><T119/><D119/><U124/><E0/><V99/><F10/><W56/><G57/><T23/><REACH who="0" step="1"/><D35/><REACH who="0" step="2"/><U94/><E124/><V13/><F33/><W22/><G22/><T6/><D6/><U92/><E36/><V89/><F18/><W69/><G69/><T11/><D11/><U25/><E19/><V102/><F17/><W121/><G121/><T129/><D129/><U127/><E127/><V95/><F29/><W96/><G96/><T31/><D31/><U86/><E44/><V98/><F99/><W128/><G128/><T42/><D42/><U63/><E41/><RYUUKYOKU ba="0,1" sc="240,15,198,-15,302,-15,250,15" hai0="7,8,16,23,27,52,59,61,82,83,97,103,104" hai3="14,15,37,38,39,48,53,56,84,91" /><INIT seed="2,1,1,1,3,134" ten="255,183,287,265" oya="2" hai0="75,9,6,48,126,88,49,55,104,40,66,11,21" hai1="59,5,14,94,15,71,27,87,44,3,51,0,28" hai2="103,29,106,111,2,124,114,96,133,83,12,24,84" hai3="107,56,47,18,4,78,34,20,82,30,79,61,8"/><V60/><F2/><W70/><G70/><T85/><D75/><U25/><E71/><V129/><F114/><W52/><G107/><T135/><D104/><U26/><E28/><V1/><F1/><W121/><G121/><T54/><D135/><U130/><E130/><V10/><F133/><W58/><G58/><N who="0" m="33095" /><D40/><U112/><E112/><V127/><F129/><W43/><G34/><T53/><D126/><N who="2" m="48170" /><F60/><W105/><G105/><T100/><D100/><U86/><E59/><V33/><F111/><W32/><G30/><T74/><D74/><U113/><E113/><V73/><F73/><W17/><G32/><T115/><D115/><U120/><E120/><V19/><F84/><W80/><G80/><AGARI ba="1,1" hai="10,12,19,24,29,33,80,83,96,103,106" m="48170" machi="80" ten="30,11600,0" yaku="18,1,52,3" doraHai="134" who="2" fromWho="3" sc="255,0,183,0,287,129,265,-119" /><INIT seed="2,2,0,3,4,30" ten="255,183,416,146" oya="2" hai0="14,55,125,77,76,112,38,13,128,85,71,62,6" hai1="72,29,59,115,124,68,46,17,109,39,60,111,104" hai2="113,78,21,116,98,43,42,114,34,123,10,121,7" hai3="35,27,106,132,3,54,57,5,92,80,63,2,67"/><V31/><F98/><W15/><G106/><T122/><D122/><N who="2" m="46602" /><F78/><W61/><G132/><T11/><D112/><N who="2" m="43114" /><F42/><W69/><G80/><T118/><D118/><U103/><E29/><V70/><F43/><W107/><G107/><T74/><D128/><U108/><E17/><V19/><F70/><W83/><G83/><T51/><D125/><U89/><E59/><V32/><F31/><W117/><G117/><T40/><D74/><U64/><E72/><V33/><F116/><W22/><G92/><T94/><D38/><U4/><E115/><V16/><F21/><W102/><G102/><T99/><D40/><N who="1" m="22815" /><E124/><V25/><F25/><W73/><G73/><T90/><D14/><AGARI ba="2,0" hai="7,10,14,16,19,32,33,34" m="43114,46602" machi="14" ten="40,18000,2" yaku="34,2,52,3,54,1" doraHai="30" who="2" fromWho="0" sc="255,-186,183,0,416,186,146,0" /><INIT seed="2,3,0,0,5,16" ten="69,183,602,146" oya="2" hai0="70,24,101,97,19,4,13,99,53,56,21,15,37" hai1="9,116,30,92,48,32,18,96,109,6,28,1,107" hai2="7,130,111,63,54,93,47,98,69,61,86,123,44" hai3="60,57,115,8,11,20,87,77,66,124,104,46,88"/><V27/><F123/><W25/><G104/><T45/><D70/><U58/><E116/><V52/><F69/><W5/><G115/><T81/><D37/><U34/><E109/><V110/><F7/><W128/><G128/><T108/><D108/><U33/><E107/><V94/><F86/><W83/><G124/><T126/><D126/><U89/><E18/><V122/><F27/><W133/><G133/><T125/><D125/><U65/><REACH who="1" step="1"/><E48/><REACH who="1" step="2"/><V78/><F111/><W95/><G5/><T39/><D39/><U67/><E67/><V90/><F110/><W22/><G46/><T40/><D81/><U29/><E29/><V82/><F47/><W41/><G41/><T79/><D79/><U102/><E102/><V72/><F44/><W75/><G22/><T76/><D76/><U55/><E55/><V3/><F54/><W14/><G14/><N who="0" m="5131" /><D4/><U91/><E91/><V12/><F52/><W23/><G23/><T131/><D131/><U59/><E59/><V121/><F82/><W132/><G132/><T134/><D134/><U17/><E17/><AGARI ba="3,1" hai="8,11,17,20,25,57,60,66,75,77,83,87,88,95" machi="17" ten="30,3900,0" yaku="7,1,52,1,54,1" doraHai="16" who="3" fromWho="1" sc="69,0,173,-48,602,0,146,58" /><INIT seed="3,0,0,4,3,120" ten="69,125,602,204" oya="3" hai0="8,88,127,10,85,59,44,109,98,61,7,102,25" hai1="3,91,133,9,39,117,48,101,45,47,57,33,83" hai2="99,64,32,13,49,108,71,6,4,29,73,52,115" hai3="134,22,123,78,121,68,56,65,124,11,12,104,128"/><W27/><G104/><T42/><D127/><U66/><E33/><V95/><F73/><W80/><G68/><T60/><D25/><U62/><E117/><V82/><F82/><W105/><G105/><T72/><D72/><U30/><E133/><V51/><F64/><W50/><G124/><T106/><D109/><U34/><E101/><V36/><F71/><W37/><G37/><T16/><D59/><U38/><E34/><V74/><F108/><W79/><G79/><T21/><D8/><U107/><E30/><V112/><F95/><W55/><G128/><T114/><D114/><U35/><E35/><V131/><F99/><W70/><G70/><T41/><D41/><U53/><E107/><V0/><F0/><W86/><G65/><T122/><D122/><U90/><E45/><V75/><F13/><W97/><G97/><T135/><D135/><U26/><E26/><V23/><F23/><W46/><G134/><T76/><D76/><U24/><E24/><V129/><F36/><W92/><G92/><T87/><D87/><U5/><E91/><V110/><F110/><W63/><G22/><T96/><D96/><U100/><E100/><V113/><F32/><W93/><G93/><N who="0" m="54415" /><D21/><U40/><E40/><V1/><F113/><W17/><G27/><T18/><D61/><U14/><E3/><V81/><F1/><W19/><G123/><T130/><D60/><U69/><E57/><V84/><F112/><W116/><G116/><T125/><D125/><U2/><E2/><V132/><F115/><W20/><G121/><T126/><D126/><U111/><E111/><RYUUKYOKU ba="0,0" sc="69,-10,125,30,602,-10,204,-10" hai1="5,9,14,38,39,47,48,53,62,66,69,83,90" owari="59,-44,155,-24,592,69,194,-1" /></mjloggm>