<mjloggm ver="2.3"><GO type="41"/><UN n0="%48%52%54%45%4D" n1="%EF%BC%88%E2%89%A7%E2%96%BD%E2%89%A6%EF%BC%89" n2="%53%74%72%75%6D%6D%65%72" n3="%E3%82%B7%E3%83%A3%E3%83%8E%E3%83%93%E3%83%83%E3%83%88" dan="13,15,14,13" rate="1983,2058,1931,1921" sx="M,M,M,F"/><TAIKYOKU oya="0"/><INIT seed="0,0,0,3,3,51" ten="250,250,250,250" oya="0" hai0="28,8,62,127,76,119,26,13,130,90,23,81,89" hai1="55,117,36,96,92,56,135,120,37,45,40,70,46" hai2="69,34,99,73,53,43,122,47,31,65,105,100,134" hai3="121,64,82,2,18,102,33,91,14,85,15,86,97"/><T133/><D119/><U109/><E120/><V20/><F122/><W88/><G2/><T35/><D127/><U32/><E117/><V116/><F116/><W84/><G121/><T118/><D118/><U77/><E32/><V110/><F20/><W7/><G33/><T25/><D130/><U67/><E109/><V123/><F110/><W132/><G132/><T131/><D131/><U108/><E108/><V103/><F103/><W112/><G112/><T126/><D133/><U107/><E135/><V17/><F17/><W21/><G64/><T60/><D26/><U129/><E129/><V79/><F134/><W59/><G59/><T124/><D35/><U22/><E77/><V104/><F104/><W61/><G61/><T63/><D124/><U95/><E22/><V48/><F79/><W66/><G66/><T93/><D93/><U57/><E107/><V98/><F98/><W113/><G113/><T30/><D30/><U74/><E74/><V87/><F87/><W24/><G85/><N who="0" m="48295" /><D126/><U128/><E128/><V111/><F73/><W54/><G7/><AGARI ba="0,0" hai="7,8,13,23,25,28,60,62,63,89,90" m="48295" machi="7" ten="30,1500,0" yaku="8,1" doraHai="51" who="0" fromWho="3" sc="250,15,250,0,250,0,250,-15" /><INIT seed="0,1,0,5,5,30" ten="265,250,250,235" oya="0" hai0="116,135,34,31,96,105,101,4,85,23,106,83,77" hai1="13,25,119,41,45,29,90,32,126,9,114,95,65" hai2="6,62,71,11,7,122,33,88,53,127,26,18,2" hai3="87,111,123,22,63,57,99,112,12,92,89,0,5"/><T69/><D116/><U120/><E120/><V73/><F122/><W76/><G112/><T74/><D135/><U38/><E114/><V54/><F73/><W70/><G123/><T52/><D4/><U27/><E126/><V68/><F7/><W50/><G0/><T131/><D69/><U47/><E119/><V79/><F79/><W133/><G133/><T93/><D131/><U1/><E1/><V115/><F115/><W109/><G70/><T81/><D23/><U49/><E65/><V19/><F127/><W28/><G50/><T100/><D52/><U117/><E27/><V102/><F102/><W121/><G121/><T104/><D31/><U16/><E117/><V37/><F37/><W15/><G76/><N who="0" m="46247" /><D34/><U56/><E56/><V82/><F71/><W35/><G35/><T20/><D20/><U66/><E66/><V44/><F33/><W67/><G5/><T8/><D8/><U118/><E118/><V86/><F26/><N who="3" m="16471" /><G99/><AGARI ba="1,0" hai="74,77,83,93,96,99,100,101,104,105,106" m="46247" machi="99" ten="30,12000,1" yaku="35,5" doraHai="30" who="0" fromWho="3" sc="265,123,250,0,250,0,235,-123" /><INIT seed="0,2,0,4,0,82" ten="388,250,250,112" oya="0" hai0="77,85,63,29,62,111,134,71,56,20,125,59,64" hai1="53,18,49,129,12,69,47,4,89,10,99,35,72" hai2="87,106,38,118,22,31,1,115,44,68,13,32,54" hai3="45,103,27,122,98,116,97,52,66,36,113,135,51"/><T16/><D125/><U6/><E129/><V5/><F115/><W55/><G113/><T28/><D111/><U90/><E72/><V100/><F68/><W57/><G116/><T104/><D104/><U102/><E69/><V124/><F124/><W74/><G74/><T24/><D134/><U70/><E70/><V131/><F131/><W33/><G135/><T46/><D46/><U37/><E35/><V110/><F110/><W61/><G122/><T105/><D105/><U79/><E37/><V41/><F106/><W9/><G36/><T108/><D108/><U91/><REACH who="1" step="1"/><E79/><REACH who="1" step="2"/><V123/><F123/><W17/><G33/><T39/><D39/><U83/><E83/><V30/><F32/><W21/><G9/><T107/><D71/><U92/><AGARI ba="2,1" hai="4,6,10,12,18,47,49,53,89,90,91,92,99,102" machi="92" ten="30,12000,2" yaku="1,1,0,1,8,1,53,3" doraHai="82" doraHaiUra="86" who="1" fromWho="1" sc="388,-62,240,136,250,-32,112,-32" /><INIT seed="1,0,0,4,0,21" ten="326,376,218,80" oya="1" hai0="113,105,98,68,66,46,25,18,11,49,13,85,32" hai1="64,36,125,91,41,59,67,89,100,12,47,83,71" hai2="106,117,37,48,56,5,69,87,122,130,79,88,2" hai3="19,73,51,72,112,116,16,110,61,38,123,121,84"/><U132/><E71/><V86/><F37/><W74/><G112/><T57/><D113/><U63/><E132/><V43/><F69/><W80/><G38/><T1/><D68/><U109/><E125/><V115/><F115/><W8/><G110/><T60/><D1/><U9/><E109/><V96/><F117/><W120/><G116/><T76/><D105/><U42/><E42/><V101/><F122/><W34/><G34/><T108/><D108/><U50/><E100/><V103/><F103/><W55/><G61/><T53/><D98/><U3/><E3/><V28/><F5/><W118/><G8/><T52/><D32/><U17/><E67/><V102/><F102/><W107/><G107/><T131/><D131/><U99/><E99/><V128/><F2/><W31/><G31/><T15/><D15/><U4/><E36/><V127/><F127/><W124/><G124/><T135/><D135/><U94/><E94/><V45/><F56/><W75/><N who="3" m="18432" /><DORA hai="44" /><W22/><G22/><T0/><D0/><U10/><E10/><V95/><REACH who="2" step="1"/><F28/><REACH who="2" step="2"/><W82/><G118/><T24/><D66/><U126/><E126/><V90/><F90/><W30/><G30/><T114/><D114/><U14/><E4/><V23/><F23/><W134/><G134/><T20/><D20/><N who="1" m="11303" /><E91/><V65/><F65/><W119/><G119/><T58/><D58/><U81/><E89/><V78/><F78/><N who="3" m="46103" /><G82/><AGARI ba="0,1" hai="11,13,18,24,25,46,49,52,53,57,60,76,82,85" machi="82" ten="40,8000,1" yaku="8,1,52,3,54,1" doraHai="21,44" who="0" fromWho="3" sc="326,90,376,0,208,0,80,-80" /><AGARI ba="0,0" hai="43,45,48,79,82,86,87,88,95,96,101,106,128,130" machi="82" ten="40,8000,1" yaku="1,1,52,1,54,1,53,1" doraHai="21,44" doraHaiUra="40,6" who="2" fromWho="3" sc="416,0,376,0,208,80,0,-80" owari="416,51.0,376,18.0,288,-11.0,-80,-58.0" /></mjloggm>