<mjloggm ver="2.3"><GO type="41"/><UN n0="%79%6F%72%69%2E" n1="%E3%83%89%E3%83%A9%E6%AC%A1%E9%83%8E" n2="%EF%BC%88%E2%89%A7%E2%96%BD%E2%89%A6%EF%BC%89" n3="%E3%81%8B%E3%81%96%E3%81%B0%E3%81%AA" dan="13,13,15,14" rate="1877,1891,1989,1933" sx="M,M,M,M"/><TAIKYOKU oya="0"/><INIT seed="0,0,0,1,5,116" ten="250,250,250,250" oya="0" hai0="80,14,131,48,49,26,119,107,22,87,18,29,103" hai1="117,65,99,23,37,94,51,72,17,50,81,68,75" hai2="62,124,120,8,79,9,36,121,84,89,53,42,70" hai3="115,40,5,41,57,128,12,46,25,109,6,93,71"/><T101/><D119/><U16/><E117/><V88/><F124/><W1/><G109/><T82/><D131/><U13/><E37/><V133/><F133/><W24/><G128/><T34/><D82/><U39/><E39/><V67/><F79/><W102/><G115/><T77/><D107/><U108/><E108/><V28/><F28/><W55/><G71/><T78/><D77/><U60/><E81/><V43/><F53/><W110/><G1/><T66/><D66/><U97/><E99/><V32/><F32/><W130/><G5/><T15/><D15/><U21/><E75/><V61/><F36/><W132/><G6/><T73/><D73/><U96/><E72/><V20/><F20/><W123/><G12/><T63/><D63/><U113/><E97/><V3/><F67/><W86/><G24/><T10/><D34/><U59/><E68/><V104/><F104/><W11/><G25/><T38/><D38/><U112/><E17/><V106/><F106/><W52/><G11/><T7/><D29/><U47/><E21/><V27/><F70/><W83/><G40/><T127/><D127/><U4/><E4/><V64/><F64/><W134/><G41/><T105/><D105/><U111/><E111/><V0/><F27/><W95/><G132/><T125/><D125/><U98/><E98/><V35/><F35/><W30/><G30/><T74/><D74/><U19/><E19/><V122/><F122/><W56/><G123/><T114/><D114/><N who="1" m="44139" /><E47/><V33/><F33/><W118/><G134/><T58/><D58/><U2/><E2/><V100/><F84/><RYUUKYOKU ba="0,0" sc="250,10,250,10,250,10,250,-30" hai0="7,10,14,18,22,26,48,49,78,80,87,101,103" hai1="13,16,23,50,51,59,60,65,94,96" hai2="0,3,8,9,42,43,61,62,88,89,100,120,121" /><INIT seed="0,1,0,0,0,95" ten="260,260,260,220" oya="0" hai0="49,109,26,50,117,132,78,30,10,101,43,131,29" hai1="64,119,100,45,3,116,53,115,135,27,108,2,60" hai2="76,31,75,84,77,44,94,68,126,40,122,113,105" hai3="4,114,96,97,134,51,14,87,37,74,102,129,32"/><T83/><D117/><U118/><E108/><V34/><F122/><W120/><G114/><T1/><D109/><U38/><E135/><V130/><F105/><W16/><G120/><T93/><D131/><U25/><E115/><V19/><F130/><W47/><G129/><T70/><D132/><U62/><E100/><V9/><F126/><W121/><G121/><T12/><D70/><U91/><E91/><V15/><F113/><W73/><G74/><T48/><D1/><U18/><E38/><V65/><F75/><W24/><G37/><T8/><D43/><U123/><E123/><V56/><F68/><W88/><G134/><T89/><D101/><U58/><E3/><V35/><F31/><W67/><G73/><T103/><D103/><U5/><E5/><V82/><F76/><W127/><G67/><T61/><D61/><U99/><E2/><V57/><F94/><N who="3" m="54559" /><G127/><T13/><D83/><U21/><E99/><N who="3" m="37962" /><G102/><T133/><D133/><U98/><E98/><V41/><F65/><W66/><G32/><T52/><D78/><U85/><E85/><V55/><F35/><W46/><G66/><T128/><D128/><U110/><E110/><V72/><F72/><W124/><G124/><T42/><D42/><N who="2" m="16490" /><F34/><W6/><G24/><T80/><D80/><U106/><E106/><V92/><F92/><W7/><G51/><AGARI ba="1,0" hai="9,15,19,44,51,55,56,57,77,82,84" m="16490" machi="51" ten="30,1000,0" yaku="8,1" doraHai="95" who="2" fromWho="3" sc="260,0,260,0,260,13,220,-13" /><INIT seed="1,0,0,0,5,126" ten="260,260,273,207" oya="1" hai0="58,123,89,56,77,18,19,72,125,48,39,5,67" hai1="62,37,116,104,59,25,113,98,41,96,65,92,91" hai2="109,57,99,78,52,97,82,76,2,23,1,135,129" hai3="49,102,30,133,40,54,6,84,93,26,61,105,31"/><U12/><E116/><V16/><F109/><W81/><G133/><T33/><D33/><U9/><E113/><V70/><F70/><W42/><G105/><T15/><D125/><U73/><E73/><V51/><F135/><W106/><G106/><T35/><D35/><U131/><E131/><V28/><F129/><W75/><G75/><T111/><D39/><U108/><E108/><V66/><F66/><W3/><G3/><T114/><D114/><U13/><E25/><V94/><F28/><W86/><G6/><T4/><D111/><U10/><E37/><V50/><F50/><W43/><G61/><T29/><D29/><U38/><E38/><V7/><F7/><W112/><G112/><T69/><D69/><U90/><E41/><V95/><F1/><W53/><G53/><T121/><D89/><U63/><E104/><V55/><F2/><W103/><G93/><N who="2" m="35337" /><F55/><W130/><G130/><T47/><D77/><N who="2" m="29802" /><F82/><W71/><G71/><T120/><D72/><U68/><E92/><V124/><F124/><W83/><G26/><AGARI ba="0,0" hai="16,23,26,51,52,57,97,99" m="29802,35337" machi="26" ten="30,3900,0" yaku="8,1,54,2" doraHai="126" who="2" fromWho="3" sc="260,0,260,0,273,39,207,-39" /><INIT seed="2,0,0,0,5,116" ten="260,260,312,168" oya="2" hai0="64,132,23,42,63,9,90,18,93,14,49,129,128" hai1="70,48,15,111,79,102,16,46,54,0,125,7,80" hai2="98,62,135,71,53,117,51,131,43,31,35,100,39" hai3="17,75,119,52,27,114,11,101,82,6,72,60,1"/><V121/><F121/><W85/><G119/><T2/><D132/><U45/><E111/><V5/><F117/><W105/><G114/><T99/><D42/><U26/><E125/><V78/><F131/><W107/><G101/><T97/><D97/><U81/><E70/><V50/><F135/><W134/><G134/><T69/><D49/><U113/><E113/><V94/><F5/><W56/><G72/><T44/><D44/><U109/><E109/><V41/><F39/><W106/><G75/><T33/><D33/><U73/><E102/><V68/><F78/><W59/><G59/><T30/><D2/><U86/><E26/><V57/><F35/><W66/><G66/><T8/><REACH who="0" step="1"/><D30/><REACH who="0" ten="250,260,312,168" step="2"/><U88/><E0/><V123/><F31/><W24/><REACH who="3" step="1"/><G17/><REACH who="3" ten="250,260,312,158" step="2"/><T92/><D92/><U76/><E7/><V130/><F94/><W19/><G19/><T126/><D126/><U55/><E16/><V120/><F100/><W122/><G122/><T87/><D87/><U20/><E73/><V83/><F120/><W103/><G103/><T32/><D32/><U108/><E86/><V37/><F123/><W96/><G96/><T104/><D104/><U22/><E108/><V58/><F98/><W112/><G112/><T12/><D12/><U34/><E15/><V133/><F133/><W115/><G115/><T25/><D25/><U13/><E13/><V89/><F83/><W74/><G74/><T118/><D118/><U91/><E34/><V61/><F61/><W36/><G36/><T95/><D95/><U65/><E48/><V38/><F51/><W28/><G28/><RYUUKYOKU ba="0,2" sc="250,10,260,10,312,-30,158,10" hai0="8,9,14,18,23,63,64,69,90,93,99,128,129" hai1="20,22,45,46,54,55,65,76,79,80,81,88,91" hai3="1,6,11,24,27,52,56,60,82,85,105,106,107" /><INIT seed="3,1,2,4,1,26" ten="260,270,282,168" oya="3" hai0="38,75,22,12,65,25,5,58,126,74,100,82,129" hai1="127,15,112,9,30,84,49,76,55,40,121,69,27" hai2="10,133,85,89,102,34,3,91,114,98,36,97,14" hai3="20,35,125,66,120,47,115,21,80,90,107,60,86"/><W4/><G115/><T94/><D38/><U128/><E121/><V41/><F34/><W2/><G120/><T95/><D129/><U53/><E112/><V29/><F114/><W50/><G125/><T131/><D131/><U83/><E128/><V1/><F29/><W108/><G107/><T16/><D126/><U77/><E127/><V23/><F133/><W63/><G108/><T62/><D95/><U8/><E69/><V39/><F23/><W103/><G35/><T124/><D124/><U11/><E15/><V106/><F97/><W81/><G103/><T132/><D132/><U61/><E61/><V51/><F51/><W19/><G80/><T104/><D104/><U71/><E71/><V7/><F89/><W96/><G96/><T33/><D82/><U6/><E6/><V118/><F118/><W56/><G60/><T73/><D33/><U79/><E40/><V135/><F135/><W116/><G116/><T99/><REACH who="0" step="1"/><D5/><REACH who="0" ten="250,270,282,168" step="2"/><U44/><REACH who="1" step="1"/><E55/><REACH who="1" ten="250,260,282,168" step="2"/><V123/><F123/><W64/><G4/><T54/><D54/><U117/><E117/><V92/><F7/><W72/><G64/><T113/><D113/><U70/><E70/><V68/><F68/><W31/><G66/><T109/><D109/><U88/><E88/><V130/><F91/><W78/><G90/><T13/><AGARI ba="1,4" hai="12,13,16,22,25,58,62,65,73,74,75,94,99,100" machi="13" ten="40,12000,2" yaku="1,1,0,1,54,1,53,3" doraHai="26" doraHaiUra="105" who="0" fromWho="0" sc="250,163,260,-31,282,-31,168,-61" /><INIT seed="4,0,0,3,2,84" ten="413,229,251,107" oya="0" hai0="29,85,38,119,61,95,53,77,52,116,67,51,24" hai1="6,128,65,112,104,75,36,92,68,97,14,11,30" hai2="27,102,109,123,56,64,9,58,120,35,7,60,108" hai3="127,15,122,37,91,40,3,79,126,115,100,131,41"/><T59/><D38/><U135/><E135/><V22/><F35/><W8/><G3/><T23/><D53/><U43/><E128/><V107/><F107/><W25/><G115/><T103/><D77/><U93/><E112/><V5/><F102/><W16/><G122/><T50/><D50/><U111/><E111/><V83/><F83/><W2/><G131/><T21/><D21/><U34/><E75/><V101/><F101/><W134/><G134/><T46/><REACH who="0" step="1"/><D85/><REACH who="0" ten="403,229,251,107" step="2"/><U78/><E36/><V125/><F123/><W26/><G37/><T44/><D44/><U124/><E78/><V47/><F120/><W13/><G79/><T74/><D74/><U71/><E34/><V66/><F47/><W110/><G41/><T32/><D32/><U20/><E43/><V70/><F22/><W45/><G40/><T132/><D132/><U88/><E20/><V17/><F108/><W10/><G45/><T39/><D39/><U19/><E65/><V81/><F64/><W94/><G110/><T90/><D90/><U4/><E88/><V113/><F109/><W118/><G91/><T55/><D55/><U49/><E49/><V76/><F76/><W106/><G8/><T86/><D86/><U89/><E11/><V98/><F9/><W33/><G10/><T54/><D54/><U42/><E89/><V121/><F121/><W133/><G33/><T105/><D105/><U31/><E42/><V1/><F113/><W129/><G133/><T63/><D63/><U114/><E104/><V73/><F60/><W69/><G129/><T72/><D72/><U80/><E114/><RYUUKYOKU ba="0,1" sc="403,30,229,-10,251,-10,107,-10" hai0="23,24,29,46,51,52,59,61,67,95,103,116,119" /><INIT seed="4,1,1,1,5,2" ten="433,219,241,97" oya="0" hai0="30,44,76,111,126,16,103,125,135,27,52,12,20" hai1="65,10,130,70,124,13,56,0,80,108,43,51,60" hai2="93,95,72,39,123,1,133,77,21,79,47,17,48" hai3="116,84,23,94,29,127,78,31,118,37,88,46,24"/><T8/><D111/><U50/><E108/><V101/><F123/><W106/><G127/><N who="0" m="48651" /><D135/><U113/><E124/><V58/><F133/><W9/><G106/><T25/><D76/><N who="2" m="29258" /><F72/><W99/><G31/><T40/><D103/><U81/><E0/><V131/><F39/><W119/><G9/><T53/><D27/><U36/><E130/><V63/><F1/><W109/><G109/><T121/><D121/><U42/><E113/><V11/><F11/><W15/><G15/><T115/><D115/><U54/><E50/><AGARI ba="1,1" hai="8,12,16,20,25,30,40,44,50,52,53" m="48651" machi="50" ten="30,5800,0" yaku="18,1,54,2" doraHai="2" who="0" fromWho="1" sc="433,71,219,-61,241,0,97,0" /><INIT seed="4,2,0,5,1,74" ten="504,158,241,97" oya="0" hai0="20,117,16,39,84,13,61,48,129,6,66,63,67" hai1="15,113,51,22,2,72,105,73,93,29,90,11,133" hai2="55,108,132,25,56,79,21,134,96,135,114,88,95" hai3="19,78,9,4,26,27,64,68,41,115,126,37,54"/><T94/><D117/><U83/><E133/><V125/><F108/><W30/><G115/><T34/><D39/><U5/><E113/><V70/><F70/><W50/><G126/><T106/><D106/><U10/><E105/><V3/><F3/><W118/><G118/><T76/><D34/><U109/><E109/><V60/><F114/><W100/><G100/><T62/><D129/><U1/><E51/><V130/><F130/><W65/><G41/><T43/><D6/><U131/><E131/><V42/><F125/><W91/><G37/><T44/><REACH who="0" step="1"/><D94/><REACH who="0" ten="494,158,241,97" step="2"/><U71/><E93/><V104/><F104/><W40/><G4/><T97/><D97/><U28/><E5/><V69/><F134/><W86/><G30/><T103/><D103/><U57/><E29/><V119/><F135/><W98/><G98/><T82/><AGARI ba="2,1" hai="13,16,20,43,44,48,61,62,63,66,67,76,82,84" machi="82" ten="30,12000,1" yaku="1,1,0,1,8,1,52,1,54,1,53,0" doraHai="74" doraHaiUra="116" who="0" fromWho="0" sc="494,136,158,-42,241,-42,97,-42" /><INIT seed="4,3,0,3,3,78" ten="630,116,199,55" oya="0" hai0="100,10,92,39,93,73,77,5,128,50,51,61,112" hai1="4,29,69,22,37,114,60,70,12,81,109,23,67" hai2="15,135,99,68,87,42,123,20,96,107,125,35,46" hai3="102,130,104,111,44,30,88,113,63,33,43,117,28"/><T106/><D39/><U71/><E109/><V72/><F72/><W132/><G111/><T79/><D128/><U38/><E114/><V34/><F123/><W0/><G0/><T7/><D112/><U59/><E81/><V75/><F75/><W31/><G113/><T80/><D79/><U36/><E29/><V94/><F68/><W55/><G117/><T82/><D5/><U25/><E25/><V121/><F121/><W13/><G130/><T32/><D32/><U41/><E41/><V120/><F120/><W83/><G132/><T134/><D134/><U18/><REACH who="1" step="1"/><E4/><REACH who="1" ten="630,106,199,55" step="2"/><V119/><F42/><W27/><G27/><T56/><D80/><U6/><E6/><V64/><F135/><W76/><G33/><T108/><D108/><U66/><E66/><V17/><F35/><W45/><G43/><T16/><D7/><U47/><E47/><V118/><F46/><W110/><G44/><T101/><D106/><U126/><E126/><V57/><F107/><W40/><G45/><T19/><D19/><U58/><E58/><V74/><F57/><W86/><G40/><T21/><D10/><AGARI ba="3,1" hai="10,12,18,22,23,36,37,38,59,60,67,69,70,71" machi="10" ten="50,1600,0" yaku="1,1,53,0" doraHai="78" doraHaiUra="89" who="1" fromWho="0" sc="630,-25,106,35,199,0,55,0" /><INIT seed="5,0,0,4,4,2" ten="605,141,199,55" oya="1" hai0="55,114,22,77,79,127,87,54,29,64,37,3,134" hai1="120,91,121,80,58,90,110,71,30,62,48,23,112" hai2="104,12,85,75,88,97,70,131,96,16,69,86,102" hai3="125,41,34,6,61,46,51,72,1,45,31,89,126"/><U78/><E112/><V11/><F131/><W26/><G72/><T94/><D114/><U128/><E128/><V60/><F75/><W0/><G61/><T8/><D37/><U82/><E110/><V93/><REACH who="2" step="1"/><F60/><REACH who="2" ten="605,141,189,55" step="2"/><W57/><G125/><T132/><D127/><U98/><E121/><V15/><F15/><W24/><G126/><T38/><D3/><U28/><E120/><V27/><F27/><W20/><G0/><T122/><D122/><U74/><E62/><V5/><F5/><W68/><G1/><T130/><D130/><U109/><E74/><V39/><F39/><W7/><G6/><T111/><D111/><U36/><E36/><V129/><F129/><W73/><G73/><T133/><D38/><U95/><E109/><V14/><F14/><W116/><G7/><T63/><D63/><U53/><E71/><AGARI ba="0,1" hai="11,12,16,69,70,71,85,86,88,93,96,97,102,104" machi="71" ten="40,5200,0" yaku="1,1,54,2,53,0" doraHai="2" doraHaiUra="106" who="2" fromWho="1" sc="605,0,141,-52,189,62,55,0" /><INIT seed="6,0,0,1,3,110" ten="605,89,251,55" oya="2" hai0="32,77,76,4,89,16,14,128,34,101,25,11,84" hai1="65,127,12,27,120,116,100,78,130,102,0,87,134" hai2="99,42,133,10,123,28,47,108,18,40,85,30,70" hai3="63,49,1,57,3,109,81,111,68,73,38,114,122"/><V22/><F123/><W80/><G122/><T33/><D101/><U8/><E120/><V43/><F70/><W129/><G38/><T135/><D135/><U67/><E116/><V19/><F108/><W21/><G68/><T115/><D128/><U17/><E130/><V71/><F71/><W44/><G129/><T39/><D39/><U55/><E134/><V37/><F133/><W83/><G73/><T97/><D97/><U104/><E127/><V131/><F131/><W98/><G109/><T74/><D74/><U54/><E0/><V103/><F85/><W119/><G111/><T105/><D105/><U113/><E113/><V61/><F61/><W50/><G119/><T20/><REACH who="0" step="1"/><D115/><REACH who="0" ten="595,89,251,55" step="2"/><U46/><E104/><V125/><F103/><W79/><G114/><T75/><D75/><U15/><E102/><V90/><F99/><W24/><G98/><T52/><D52/><U107/><E100/><V29/><F37/><W124/><G124/><T23/><D23/><U2/><E55/><V36/><F125/><W106/><G21/><T35/><N who="0" m="8704" /><DORA hai="88" /><T132/><D132/><U53/><E53/><V66/><F36/><W31/><G106/><T72/><D72/><U59/><E107/><V48/><F22/><W13/><G79/><T92/><AGARI ba="0,1" hai="4,11,14,16,20,25,76,77,84,89,92" m="8704" machi="92" ten="60,8000,1" yaku="1,1,0,1,52,1,54,1,53,0" doraHai="110,88" doraHaiUra="121,112" who="0" fromWho="0" sc="595,90,89,-20,251,-40,55,-20" /><INIT seed="7,0,0,0,3,6" ten="685,69,211,35" oya="3" hai0="118,133,135,75,38,117,41,64,101,19,84,130,127" hai1="125,93,108,100,72,112,4,1,99,104,126,7,65" hai2="134,82,129,128,119,29,42,86,60,3,70,55,132" hai3="30,62,97,67,98,71,24,81,18,102,9,2,28"/><W34/><G28/><T107/><D75/><U37/><E108/><V103/><F3/><W85/><G98/><N who="0" m="61879" /><D64/><U25/><E112/><V49/><F119/><W10/><G18/><T79/><D19/><U105/><E37/><V58/><F29/><W115/><G2/><T21/><D21/><U57/><E72/><V111/><F103/><W46/><G46/><N who="0" m="23863" /><D84/><U26/><E65/><N who="2" m="41255" /><F42/><W92/><G115/><T68/><D79/><AGARI ba="0,0" hai="9,10,24,30,34,62,67,71,79,81,85,92,97,102" machi="79" ten="30,5800,0" yaku="7,1,52,2" doraHai="6" who="3" fromWho="0" sc="685,-58,69,0,211,0,35,58" /><INIT seed="7,1,0,3,3,73" ten="627,69,211,93" oya="3" hai0="18,129,104,61,4,65,131,125,24,121,72,43,63" hai1="123,101,78,50,12,57,59,40,9,81,16,119,95" hai2="6,70,66,51,112,22,49,89,134,38,34,77,36" hai3="114,25,19,52,80,14,109,0,110,98,69,45,127"/><W15/><G114/><T94/><D104/><U90/><E123/><V88/><F34/><W13/><G127/><T48/><D121/><U107/><E119/><V53/><F112/><W47/><G0/><T135/><D72/><U64/><E101/><V26/><F134/><W2/><G2/><T100/><D125/><U96/><E107/><V23/><F6/><W115/><G115/><T133/><D4/><U83/><E81/><V17/><F70/><W105/><G69/><T33/><D33/><U62/><E40/><V99/><F66/><W41/><G80/><T111/><D111/><N who="3" m="42505" /><G41/><T82/><D82/><U130/><E130/><N who="0" m="49673" /><D100/><U56/><E50/><V1/><F51/><N who="3" m="28783" /><G47/><N who="0" m="25727" /><D94/><U20/><E9/><V79/><F1/><W11/><G25/><T27/><D18/><U28/><E28/><V97/><F26/><N who="0" m="9770" /><D65/><U120/><E120/><V46/><F38/><W58/><G58/><T5/><D5/><U84/><AGARI ba="1,0" hai="12,16,20,56,57,59,62,64,78,83,84,90,95,96" machi="84" ten="20,8000,1" yaku="0,1,7,1,8,1,52,1,54,1" doraHai="73" who="1" fromWho="1" sc="627,-21,69,83,211,-21,93,-41" owari="606,71.0,152,-25.0,190,-1.0,52,-45.0" /></mjloggm>