<mjloggm ver="2.3"><GO type="97"/><UN n0="%E3%82%AB%E3%83%84%E3%82%B2%E3%83%B3" n1="%68%61%74%61%68%69%74%6F" n2="%E6%88%91%E6%B5%81%58" n3="%EF%BC%88%E2%89%A7%E2%96%BD%E2%89%A6%EF%BC%89" dan="15,14,13,14" rate="2026,1862,1819,2020" sx="M,M,M,M"/><TAIKYOKU oya="0"/><INIT seed="0,0,0,4,5,3" ten="250,250,250,250" oya="0" hai0="31,20,35,102,134,96,129,81,2,128,51,24,11" hai1="15,105,135,32,65,52,58,111,4,36,75,84,18" hai2="98,131,17,113,28,12,41,26,23,1,19,71,6" hai3="92,86,68,83,119,100,21,88,123,89,63,45,50"/><T117/><D117/><U74/><E105/><V91/><F71/><W8/><G119/><T124/><D124/><U115/><E36/><V46/><F113/><W127/><G127/><T125/><D125/><U116/><E32/><V9/><F131/><N who="0" m="50250" /><D134/><U56/><E135/><V112/><F112/><W109/><G123/><T126/><D126/><U47/><E116/><V97/><F91/><W70/><G109/><T118/><D118/><U59/><E111/><V90/><F90/><W29/><G100/><T85/><D51/><U60/><E115/><V108/><F108/><W25/><G8/><T101/><D35/><U121/><E75/><V64/><F64/><W66/><G70/><T87/><D102/><U53/><E74/><V95/><F95/><W72/><G72/><T114/><D114/><U38/><E38/><V76/><F76/><W82/><REACH who="3" step="1"/><G89/><REACH who="3" step="2"/><T93/><D81/><U30/><E121/><V37/><REACH who="2" step="1"/><F19/><REACH who="2" step="2"/><W57/><G57/><T44/><D44/><U55/><E59/><V106/><F106/><W7/><G7/><AGARI ba="0,2" hai="2,7,11,20,24,31,85,87,93,96,101" m="50250" machi="7" ten="30,2900,0" yaku="19,1,52,1" doraHai="3" who="0" fromWho="3" sc="250,49,250,0,240,0,240,-29" /><INIT seed="0,1,0,0,2,34" ten="299,250,240,211" oya="0" hai0="15,89,104,42,115,49,33,53,118,93,79,11,63" hai1="36,80,57,107,95,81,27,130,21,75,19,119,54" hai2="38,35,73,94,41,66,98,112,96,109,58,134,46" hai3="105,122,64,28,44,78,128,50,14,30,77,7,87"/><T76/><D118/><U6/><E119/><V13/><F112/><W40/><G122/><T100/><D115/><U5/><E107/><V72/><F35/><W92/><G128/><T17/><D33/><U121/><E36/><V99/><F134/><W82/><G105/><T113/><D113/><U4/><E130/><V88/><F109/><W31/><G64/><T110/><D104/><U9/><E75/><V117/><F117/><W37/><G92/><T51/><D100/><U120/><E95/><V85/><REACH who="2" step="1"/><F13/><REACH who="2" step="2"/><W84/><G37/><T126/><D110/><U3/><E121/><V135/><F135/><W116/><G116/><T108/><D108/><U111/><E120/><V1/><F1/><W62/><G62/><AGARI ba="1,1" hai="38,41,46,58,62,66,72,73,85,88,94,96,98,99" machi="62" ten="40,2600,0" yaku="1,1,54,1,53,0" doraHai="34" doraHaiUra="47" who="2" fromWho="3" sc="299,0,250,0,230,39,211,-29" /><INIT seed="1,0,0,4,2,68" ten="299,250,269,182" oya="1" hai0="135,66,111,119,97,127,131,11,19,103,2,18,85" hai1="79,94,75,61,115,15,7,83,93,128,65,35,25" hai2="133,29,104,73,114,30,82,87,45,116,55,44,123" hai3="108,26,28,56,6,63,89,8,60,50,81,110,132"/><U101/><E115/><V41/><F116/><W49/><G132/><T70/><D119/><U36/><E128/><V125/><F123/><W90/><G110/><T51/><D111/><U109/><E109/><V62/><F104/><W117/><G108/><T102/><D131/><U113/><E113/><V10/><F114/><W86/><G90/><T21/><D135/><U48/><E48/><V129/><F133/><W92/><G117/><T130/><D130/><U9/><E101/><V118/><F118/><W37/><G81/><T42/><D85/><U43/><E25/><V80/><F73/><W134/><G134/><T54/><D42/><U100/><E100/><V95/><F129/><W84/><G86/><T5/><D127/><U58/><E35/><V59/><F125/><W0/><G37/><T22/><D22/><U106/><REACH who="1" step="1"/><E106/><REACH who="1" step="2"/><V53/><F30/><W107/><G107/><T77/><D103/><U3/><E3/><V46/><F29/><W16/><G63/><T99/><D102/><U64/><E64/><V57/><F10/><W126/><G126/><T67/><D66/><U88/><E88/><N who="2" m="53663" /><F41/><W71/><G28/><T1/><D1/><U33/><E33/><V17/><F17/><W91/><G89/><T40/><D40/><U52/><E52/><V27/><F27/><W20/><REACH who="3" step="1"/><G71/><REACH who="3" step="2"/><T122/><D70/><U98/><E98/><V121/><F121/><W14/><G14/><T120/><D99/><U31/><E31/><V24/><F24/><W74/><G74/><T96/><D97/><U32/><E32/><V23/><F62/><W112/><G112/><RYUUKYOKU ba="0,2" sc="299,-15,240,15,269,-15,172,15" hai1="7,9,15,36,43,58,61,65,75,79,83,93,94" hai3="0,6,8,16,20,26,49,50,56,60,84,91,92" /><INIT seed="1,1,2,4,1,104" ten="284,255,254,187" oya="1" hai0="15,68,124,95,17,9,109,40,8,43,55,53,100" hai1="114,132,107,131,67,78,112,87,14,65,26,125,38" hai2="24,20,63,37,74,129,119,127,1,116,98,19,93" hai3="90,130,82,71,102,16,50,92,122,135,12,96,103"/><U85/><E107/><V69/><F37/><W42/><G122/><T58/><D68/><U73/><E38/><V30/><F1/><W80/><G71/><T3/><D109/><U39/><E39/><V22/><F129/><W60/><G135/><T54/><D124/><U48/><E132/><V33/><F127/><W10/><G130/><T2/><D2/><U4/><E131/><V126/><F126/><W36/><G36/><T91/><D100/><N who="3" m="38441" /><G60/><T56/><D3/><U121/><E125/><V76/><F98/><W120/><G120/><T134/><D8/><U18/><E121/><V101/><F101/><W35/><G35/><T128/><D128/><U77/><E26/><V13/><F93/><W6/><G6/><T41/><REACH who="0" step="1"/><D134/><REACH who="0" step="2"/><U118/><E118/><V97/><F119/><W115/><G115/><T62/><D62/><U75/><E4/><V21/><F63/><W44/><AGARI ba="1,3" hai="10,12,16,42,44,50,80,82,90,92,96" m="38441" machi="44" ten="30,2000,0" yaku="8,1,54,1" doraHai="104" who="3" fromWho="3" sc="274,-6,255,-11,254,-6,187,53" /><INIT seed="2,0,0,0,5,89" ten="268,244,248,240" oya="2" hai0="117,75,44,67,82,66,106,65,55,41,51,134,20" hai1="38,86,93,58,26,77,133,62,3,104,4,79,121" hai2="42,16,15,127,21,59,84,132,120,124,76,115,33" hai3="11,56,31,7,98,37,40,27,80,118,85,39,102"/><V49/><F120/><W99/><G56/><T70/><D106/><U54/><E121/><V105/><F115/><W94/><G99/><T130/><D20/><U72/><E104/><V30/><F105/><W68/><G68/><T64/><D75/><U107/><E38/><V14/><F132/><W103/><G103/><T18/><D18/><U46/><E107/><V43/><F33/><W25/><G118/><T52/><D82/><U63/><E72/><V97/><F30/><W125/><G125/><N who="2" m="48201" /><F15/><W91/><G40/><T96/><D96/><U126/><E126/><V22/><F22/><W71/><G71/><T81/><D81/><U119/><E119/><V83/><F97/><W8/><G8/><T112/><D117/><U48/><E133/><V35/><F35/><W17/><G17/><T122/><D112/><U87/><E26/><V90/><F76/><N who="1" m="29257" /><E4/><V73/><F73/><W128/><G128/><T47/><D122/><U78/><E3/><V53/><AGARI ba="0,0" hai="14,16,21,42,43,49,53,59,83,84,90" m="48201" machi="53" ten="30,3000,0" yaku="18,1,54,1" doraHai="89" who="2" fromWho="2" sc="268,-10,244,-10,248,30,240,-10" /><INIT seed="2,1,0,3,5,111" ten="258,234,278,230" oya="2" hai0="33,49,114,2,91,10,126,59,37,90,9,89,32" hai1="106,97,52,43,92,38,71,1,39,83,130,46,121" hai2="129,119,98,75,42,105,27,64,54,57,122,63,48" hai3="93,78,34,12,117,28,128,110,76,95,112,73,44"/><V127/><F122/><W40/><G117/><T65/><D37/><U68/><E130/><V50/><F119/><W104/><G104/><T86/><D126/><U96/><E1/><V7/><F75/><W66/><G128/><T84/><D114/><U135/><E106/><V8/><F129/><W14/><G112/><T88/><D2/><U102/><E135/><V26/><F127/><W25/><G110/><T53/><D65/><U58/><E121/><V30/><F30/><W115/><G115/><T11/><N who="0" m="22528" /><DORA hai="132" /><T109/><REACH who="0" step="1"/><D109/><REACH who="0" step="2"/><U23/><E39/><V55/><F42/><W87/><G40/><T13/><D13/><U56/><E71/><V125/><F125/><W36/><G12/><T18/><D18/><U19/><E68/><V85/><F85/><AGARI ba="1,1" hai="9,10,11,32,33,49,53,59,84,85,86" m="22528" machi="85" ten="60,3900,0" yaku="1,1,54,1,53,0" doraHai="111,132" doraHaiUra="99,0" who="0" fromWho="2" sc="248,52,234,0,278,-42,230,0" /><INIT seed="3,0,0,3,0,16" ten="300,234,236,230" oya="3" hai0="80,115,95,47,20,46,56,121,6,52,11,71,78" hai1="53,21,125,108,61,55,36,127,111,104,13,92,132" hai2="96,49,31,118,123,24,93,103,135,65,90,59,75" hai3="33,64,18,89,62,43,129,7,99,30,10,130,32"/><W86/><G99/><T45/><D71/><U105/><E36/><V116/><F75/><W68/><G43/><T48/><D121/><U19/><E132/><V23/><F135/><W40/><G40/><T113/><D20/><U1/><E92/><V101/><F123/><W69/><G69/><T110/><D110/><N who="1" m="42027" /><E1/><V91/><F103/><W83/><G18/><T98/><D95/><U73/><E73/><V131/><F131/><N who="3" m="50187" /><G30/><T8/><D98/><U100/><E100/><V50/><F50/><W2/><AGARI ba="0,0" hai="2,7,10,32,33,62,64,68,83,86,89" m="50187" machi="2" ten="30,1500,0" yaku="19,1" doraHai="16" who="3" fromWho="3" sc="300,-5,234,-5,236,-5,230,15" /><INIT seed="3,1,0,2,4,66" ten="295,229,231,245" oya="3" hai0="98,80,34,127,102,25,106,73,83,19,105,60,72" hai1="56,53,132,125,122,130,43,7,117,90,75,78,58" hai2="63,57,126,30,64,16,129,123,26,95,76,4,112" hai3="14,45,116,104,84,93,88,91,49,5,35,9,37"/><W65/><G116/><T121/><D121/><U47/><E117/><V81/><F123/><W38/><G104/><T111/><D111/><U115/><E122/><V97/><F112/><W3/><G35/><T8/><D127/><U31/><E115/><V92/><F126/><W71/><G3/><T128/><D128/><U10/><E125/><V118/><F118/><W44/><G44/><T110/><D110/><U82/><E132/><V15/><F129/><W40/><REACH who="3" step="1"/><G91/><REACH who="3" step="2"/><T79/><D106/><U119/><E130/><V99/><F4/><W107/><G107/><T86/><D34/><U54/><E119/><V101/><F99/><W62/><AGARI ba="1,1" hai="5,9,14,37,38,40,45,49,62,65,71,84,88,93" machi="62" ten="30,11700,0" yaku="1,1,0,1,52,1,54,1,53,0" doraHai="66" doraHaiUra="12" who="3" fromWho="3" sc="295,-40,229,-40,231,-40,235,130" owari="255,6.0,189,-31.0,191,-21.0,365,46.0" /></mjloggm>