<mjloggm ver="2.3"><GO type="41"/><UN n0="%EF%BC%88%E2%89%A7%E2%96%BD%E2%89%A6%EF%BC%89" n1="%67%69%6E%73%79%61%74%69" n2="%E3%82%86%E3%81%86%E3%81%95%E3%81%8F%EF%BC%92" n3="%50%72%69%6E" dan="15,14,14,13" rate="2039,1977,1925,1881" sx="M,M,M,M"/><TAIKYOKU oya="0"/><INIT seed="0,0,0,3,2,6" ten="250,250,250,250" oya="0" hai0="19,57,82,127,106,8,40,68,113,99,112,23,118" hai1="78,3,42,53,46,35,94,72,85,58,36,114,116" hai2="110,107,20,4,126,117,134,83,80,111,75,119,60" hai3="62,90,7,91,97,98,0,109,121,130,92,93,14"/><T34/><D34/><U54/><E35/><V66/><F107/><W86/><G0/><T123/><D68/><U45/><E116/><N who="2" m="44619" /><F75/><W103/><G62/><T50/><D118/><U104/><E104/><V69/><F126/><W122/><G7/><T124/><D123/><U37/><E114/><V39/><F20/><W17/><G17/><T1/><D82/><U5/><E85/><V132/><F4/><W59/><G59/><T61/><D1/><U12/><E12/><V133/><F83/><W55/><G14/><N who="0" m="7623" /><D23/><U52/><E94/><V29/><F29/><W128/><G55/><T67/><D99/><U70/><E72/><V48/><F80/><W16/><G16/><T9/><D9/><U95/><E95/><V33/><F33/><W81/><G109/><N who="2" m="41481" /><F48/><W25/><G25/><T51/><D106/><U74/><E78/><V21/><F21/><W129/><AGARI ba="0,0" hai="81,86,90,91,92,93,97,98,103,121,122,128,129,130" machi="129" ten="40,8000,1" yaku="0,1,19,1,34,3" doraHai="6" who="3" fromWho="3" sc="250,-40,250,-20,250,-20,250,80" /><INIT seed="1,0,0,5,1,49" ten="210,230,230,330" oya="1" hai0="56,47,103,74,98,92,12,7,51,18,131,113,72" hai1="85,69,134,91,133,67,57,41,120,107,88,126,122" hai2="102,61,25,123,40,87,130,132,111,96,65,1,3" hai3="15,36,27,8,128,135,58,44,90,75,33,59,125"/><U6/><E69/><V127/><F123/><W119/><G75/><T97/><D113/><U101/><E6/><V86/><F111/><W0/><G119/><T100/><D131/><U80/><E41/><V93/><F130/><W112/><G128/><T79/><D56/><U45/><E45/><V84/><F127/><W24/><G0/><T109/><D7/><U37/><E37/><V63/><F132/><N who="1" m="50793" /><E57/><V73/><F73/><W19/><G125/><T29/><D29/><U54/><E67/><V20/><F40/><W81/><G112/><T55/><D79/><N who="1" m="46239" /><E54/><V104/><F104/><W14/><G135/><T11/><REACH who="0" step="1"/><D109/><REACH who="0" ten="200,230,230,330" step="2"/><U117/><E126/><V78/><F78/><W10/><G59/><T116/><D116/><U21/><E117/><V52/><F65/><W4/><G58/><T22/><D22/><U31/><E21/><V129/><F129/><W9/><G10/><T108/><D108/><U5/><E31/><V17/><F1/><W70/><G70/><T124/><D124/><U77/><E5/><V115/><F3/><W105/><G33/><T50/><D50/><U110/><E77/><V32/><F32/><W95/><G44/><T43/><D43/><U99/><E110/><V34/><F34/><W30/><G36/><T39/><D39/><U35/><E35/><V94/><F115/><W114/><G114/><T2/><D2/><U53/><E53/><V121/><F52/><W16/><G30/><T46/><D46/><U89/><AGARI ba="0,1" hai="88,89,91,99,101,107,120,122" m="46239,50793" machi="89" ten="30,11700,0" yaku="20,1,34,2,54,1" doraHai="49" who="1" fromWho="1" sc="200,-39,230,127,230,-39,330,-39" /><INIT seed="1,1,0,2,5,24" ten="161,357,191,291" oya="1" hai0="61,117,91,79,129,32,60,50,42,8,102,124,65" hai1="118,99,128,132,71,72,114,64,81,53,89,7,37" hai2="74,18,30,49,19,113,14,106,97,126,38,41,127" hai3="17,43,110,92,95,77,9,90,87,15,115,133,130"/><U39/><E118/><V78/><F38/><W112/><G115/><T13/><D117/><U116/><E116/><V26/><F113/><W0/><G112/><T100/><D129/><U56/><E114/><V1/><F1/><W70/><G0/><T33/><D124/><N who="2" m="47658" /><F78/><W75/><G70/><T12/><D79/><U62/><E128/><V123/><F74/><W11/><G130/><T119/><D119/><U55/><E7/><V73/><F73/><W120/><G120/><T103/><D91/><U35/><E35/><N who="2" m="20951" /><F123/><W86/><G110/><T125/><D125/><U48/><E72/><V44/><F14/><W93/><G133/><T111/><D111/><U67/><E132/><V20/><F20/><W45/><G75/><T105/><D105/><U69/><E99/><V96/><F96/><W31/><G31/><T98/><D98/><U88/><E81/><V29/><F29/><W84/><G9/><T135/><D135/><U25/><E25/><V58/><F58/><W4/><G17/><T10/><D33/><U109/><E109/><V40/><F40/><W108/><G108/><T80/><D32/><U57/><REACH who="1" step="1"/><E48/><REACH who="1" ten="161,347,191,291" step="2"/><V36/><F49/><N who="3" m="26815" /><G86/><T101/><D50/><U63/><AGARI ba="1,1" hai="37,39,53,55,56,57,62,63,64,67,69,71,88,89" machi="63" ten="25,12000,1" yaku="1,1,0,1,22,2,54,1,53,0" doraHai="24" doraHaiUra="3" who="1" fromWho="1" sc="161,-41,347,133,191,-41,291,-41" /><INIT seed="1,2,0,1,1,90" ten="120,480,150,250" oya="1" hai0="127,85,98,1,28,87,128,47,39,44,60,82,109" hai1="78,97,41,7,118,72,101,63,75,59,4,114,24" hai2="77,91,92,86,11,130,58,131,12,102,68,74,125" hai3="0,61,19,93,135,79,31,123,48,34,73,14,84"/><U76/><E114/><V23/><F68/><W43/><G0/><T26/><D127/><U29/><E118/><V49/><F125/><W20/><G123/><T133/><D133/><U111/><E41/><V104/><F23/><W113/><G73/><T80/><D1/><U115/><E115/><V132/><F58/><W18/><G113/><T35/><D128/><N who="2" m="49194" /><F49/><W15/><G135/><T120/><D120/><U94/><E75/><V126/><F126/><W40/><G34/><T46/><D109/><U83/><E78/><V134/><F12/><W55/><G31/><T36/><D60/><U42/><E42/><V22/><F22/><W8/><G61/><T37/><REACH who="0" step="1"/><D98/><REACH who="0" ten="110,480,150,250" step="2"/><U103/><E111/><V95/><F134/><W121/><G121/><T66/><D66/><U30/><E30/><V88/><F132/><W106/><G79/><T2/><D2/><U117/><E117/><V54/><F54/><W50/><G50/><T71/><D71/><U124/><E124/><V45/><F45/><W116/><G116/><T17/><D17/><U70/><E70/><V5/><F5/><W16/><G18/><T57/><D57/><U51/><E51/><V67/><F67/><W3/><G3/><T122/><D122/><U69/><E69/><V96/><F74/><W25/><G25/><T32/><D32/><U129/><E129/><V110/><F110/><W64/><G64/><T53/><D53/><N who="1" m="34287" /><E7/><V81/><F11/><W6/><G6/><T119/><D119/><U89/><E4/><V105/><F105/><W107/><G106/><T99/><D99/><U27/><E29/><RYUUKYOKU ba="2,1" sc="110,10,480,10,150,10,250,-30" hai0="26,28,35,36,37,39,44,46,47,80,82,85,87" hai1="24,27,72,76,83,89,94,97,101,103" hai2="77,81,86,88,91,92,95,96,102,104" /><INIT seed="1,3,1,1,2,102" ten="120,490,160,220" oya="1" hai0="66,13,110,18,122,105,76,28,49,11,101,75,35" hai1="134,15,42,112,123,100,96,114,17,9,115,93,32" hai2="109,74,133,5,132,24,56,81,53,84,90,116,107" hai3="131,124,120,52,88,16,23,128,41,62,29,64,43"/><U95/><E32/><V57/><F116/><W3/><G3/><T61/><D122/><U45/><E123/><V46/><F74/><W82/><G120/><T63/><D110/><U67/><E67/><V68/><F68/><W37/><G29/><T44/><D75/><U34/><E34/><V72/><F72/><W106/><G37/><T118/><D118/><U92/><REACH who="1" step="1"/><E134/><REACH who="1" ten="120,480,160,220" step="2"/><V85/><F133/><W99/><G124/><T65/><D65/><U6/><E6/><V36/><F5/><W117/><G64/><T27/><D66/><U104/><E104/><V135/><F107/><W51/><G106/><T69/><D69/><U73/><E73/><V125/><F135/><W129/><G117/><T50/><D105/><U39/><AGARI ba="3,2" hai="9,15,17,39,42,45,92,93,95,96,100,112,114,115" machi="39" ten="30,3000,0" yaku="1,1,0,1,53,0" doraHai="102" doraHaiUra="77" who="1" fromWho="1" sc="120,-13,480,59,160,-13,220,-13" /><INIT seed="1,4,0,2,5,34" ten="107,539,147,207" oya="1" hai0="38,51,66,104,45,25,93,59,83,116,19,92,53" hai1="44,73,76,125,36,72,8,126,5,35,123,106,13" hai2="79,17,61,1,134,64,105,33,40,128,46,91,47" hai3="27,97,95,4,23,15,30,120,49,90,32,55,129"/><U86/><E123/><V10/><F33/><W14/><G120/><T124/><D104/><U43/><E35/><V119/><F119/><W96/><G129/><T63/><D116/><U65/><E65/><V11/><F128/><W99/><G4/><T31/><D124/><N who="1" m="47723" /><E106/><V54/><F105/><W113/><G113/><T77/><D19/><U21/><E21/><V107/><F107/><W81/><G81/><AGARI ba="4,0" hai="5,8,13,36,43,44,72,73,76,81,86" m="47723" machi="81" ten="30,1500,0" yaku="18,1" doraHai="34" who="1" fromWho="3" sc="107,0,539,27,147,0,207,-27" /><INIT seed="1,5,0,4,3,13" ten="107,566,147,180" oya="1" hai0="59,26,32,83,51,74,114,81,5,67,82,129,104" hai1="134,30,25,77,100,50,60,85,28,66,33,99,97" hai2="87,16,14,90,17,86,39,126,124,115,12,76,135" hai3="80,47,43,64,23,41,117,42,48,49,133,103,4"/><U72/><E134/><V52/><F39/><W96/><G4/><T21/><D114/><U34/><E50/><V35/><F35/><W130/><G133/><T44/><D129/><U75/><E97/><V95/><F135/><W123/><G130/><T128/><D128/><U121/><E121/><V108/><F108/><W94/><G123/><T6/><D74/><U106/><E85/><V127/><F115/><W2/><G2/><T93/><D104/><U10/><E10/><V36/><F36/><W131/><G131/><T120/><D120/><U91/><E91/><V112/><F112/><W54/><G117/><T62/><D93/><U111/><E77/><V68/><F68/><W125/><G64/><T69/><D32/><U118/><E118/><V63/><F76/><W73/><G125/><T15/><D15/><N who="2" m="5674" /><F86/><W89/><G23/><T24/><D69/><N who="1" m="42183" /><E111/><V110/><F110/><W38/><G38/><T8/><D8/><U78/><E78/><V61/><F61/><W132/><G132/><T57/><D57/><AGARI ba="5,0" hai="16,17,52,57,63,87,90,95,124,126,127" m="5674" machi="57" ten="40,8000,1" yaku="18,1,52,2,54,2" doraHai="13" who="2" fromWho="0" sc="107,-95,566,0,147,95,180,0" /><INIT seed="2,0,0,3,0,25" ten="12,566,242,180" oya="2" hai0="101,88,95,116,24,129,90,38,31,11,104,110,131" hai1="58,33,105,102,128,120,111,96,94,78,35,62,59" hai2="52,87,26,132,117,43,83,53,86,17,10,91,9" hai3="23,80,92,6,112,37,81,103,4,75,135,32,3"/><V61/><F117/><W113/><G32/><N who="0" m="20583" /><D38/><U68/><E111/><V60/><F132/><W130/><G135/><T72/><D72/><U74/><E128/><N who="0" m="49225" /><D116/><U21/><E120/><V115/><F115/><W1/><G130/><T15/><D110/><U64/><E94/><V79/><F43/><W108/><G37/><T114/><D104/><U77/><E77/><V82/><F61/><W49/><G108/><T14/><D114/><N who="3" m="44137" /><G49/><T44/><D44/><U69/><E69/><V20/><F53/><W93/><G75/><T51/><D51/><U47/><E47/><V106/><F106/><W7/><G103/><T30/><D30/><U98/><E98/><V56/><AGARI ba="0,0" hai="9,10,17,20,26,52,56,60,79,82,83,86,87,91" machi="56" ten="30,6000,0" yaku="0,1,8,1,54,1" doraHai="25" who="2" fromWho="2" sc="12,-20,566,-20,242,60,180,-20" owari="-8,-51.0,546,65.0,302,10.0,160,-24.0" /></mjloggm>