<mjloggm ver="2.3"><GO type="169"/><UN n0="%E3%83%87%E3%82%B8%E3%82%BF%E3%83%AB%E4%BB%99%E4%BA%BA" n1="%EF%BC%88%E2%89%A7%E2%96%BD%E2%89%A6%EF%BC%89" n2="%61%6B%69%6E%61%72%69%30" n3="%E3%81%A1%E3%82%85%E3%82%93%E3%81%A9" dan="16,16,16,16" rate="2135,2098,2110,2009" sx="F,M,F,M"/><TAIKYOKU oya="0"/><INIT seed="0,0,0,0,5,60" ten="250,250,250,250" oya="0" hai0="126,30,121,87,82,117,26,84,47,76,1,66,3" hai1="64,54,120,8,68,39,133,102,19,74,22,114,55" hai2="27,75,79,80,93,131,111,135,128,124,48,94,4" hai3="36,105,5,59,86,103,52,61,20,100,38,24,14"/><T132/><D117/><U96/><E120/><V107/><F4/><W123/><G123/><T113/><D121/><U127/><E74/><V42/><F27/><W43/><G86/><T10/><D113/><U65/><E39/><V15/><F15/><W25/><G105/><T50/><D132/><U2/><E114/><V112/><F42/><W122/><G122/><T11/><D126/><U63/><E133/><V21/><F48/><W83/><G83/><T98/><D98/><U125/><E2/><V81/><F21/><W18/><G36/><T104/><D104/><U108/><E8/><V41/><F41/><W116/><G116/><T28/><D87/><U90/><E90/><V23/><F23/><W51/><G38/><T35/><D30/><U33/><E33/><V53/><F53/><N who="1" m="19977" /><E108/><V115/><F111/><W12/><G25/><T44/><D3/><U89/><E89/><V67/><F67/><W7/><G7/><T110/><D110/><U130/><E130/><N who="2" m="49707" /><F135/><W119/><G119/><T31/><D31/><U118/><E118/><V85/><F107/><W16/><G5/><T91/><D1/><U95/><E65/><V99/><F124/><W78/><G78/><T134/><D76/><U101/><E101/><N who="3" m="38986" /><G18/><T9/><D134/><U6/><E6/><V71/><F71/><W49/><G49/><T92/><D50/><U58/><E68/><V62/><F112/><W97/><G97/><N who="0" m="57503" /><D66/><U106/><E106/><V37/><F115/><W57/><G43/><T45/><D10/><U69/><E69/><V0/><F37/><W13/><G61/><T129/><D129/><RYUUKYOKU ba="0,0" sc="250,10,250,10,250,-30,250,10" hai0="9,11,26,28,35,44,45,47,82,84" hai1="19,22,58,63,64,95,96,102,125,127" hai3="12,13,14,16,20,24,51,52,57,59" /><INIT seed="0,1,0,1,0,29" ten="260,260,220,260" oya="0" hai0="19,14,2,1,59,116,102,17,90,68,92,20,79" hai1="64,128,44,57,132,91,96,95,110,43,107,134,22" hai2="106,82,76,46,53,126,94,55,41,62,54,98,67" hai3="83,7,31,63,30,25,42,135,87,70,123,103,73"/><T38/><D68/><U80/><E128/><V33/><F126/><W130/><G73/><T52/><D116/><U115/><E107/><V69/><F106/><W117/><G117/><T108/><D38/><U18/><E115/><V23/><F23/><W32/><G130/><T9/><D102/><U109/><E80/><V112/><F112/><W35/><G42/><T60/><D79/><U75/><E75/><V93/><F98/><W36/><G36/><T48/><D108/><N who="1" m="41579" /><E57/><V120/><F120/><W12/><G123/><T88/><D90/><U101/><E64/><V119/><F119/><W71/><G103/><T129/><D129/><U37/><E101/><V72/><REACH who="2" step="1"/><F33/><REACH who="2" ten="260,260,210,260" step="2"/><W0/><G35/><T65/><D65/><U40/><E40/><V85/><F85/><W3/><G32/><T6/><D60/><U104/><E104/><V81/><F81/><W5/><G63/><T34/><D34/><U49/><E37/><AGARI ba="1,1" hai="37,41,46,53,54,55,62,67,69,72,76,82,93,94" machi="37" ten="40,1300,0" yaku="1,1,53,0" doraHai="29" doraHaiUra="16" who="2" fromWho="1" sc="260,0,260,-16,210,26,260,0" /><INIT seed="1,0,0,4,2,24" ten="260,244,236,260" oya="1" hai0="15,28,103,65,119,87,84,21,51,16,125,131,56" hai1="90,69,6,30,100,120,37,117,110,41,19,129,106" hai2="42,83,102,124,4,33,17,66,27,76,45,55,133" hai3="115,134,75,111,116,62,1,40,23,78,89,118,127"/><U109/><E120/><V81/><F124/><W85/><G115/><T121/><D125/><U122/><E122/><V35/><F133/><W8/><G127/><T72/><D72/><U31/><E117/><N who="3" m="45162" /><G134/><T29/><D119/><U123/><E123/><V101/><F66/><W132/><G132/><T88/><D121/><U53/><E129/><V73/><F55/><W20/><G111/><N who="1" m="42506" /><E69/><V52/><F4/><N who="3" m="1039" /><G40/><T57/><D131/><U34/><E34/><V104/><F42/><W60/><G78/><T39/><D39/><U71/><E71/><V114/><F114/><W67/><G75/><T36/><D36/><U86/><E6/><V12/><F104/><W95/><G62/><N who="0" m="38087" /><D103/><U63/><E19/><V105/><F105/><W68/><AGARI ba="0,0" hai="20,23,60,67,68,85,89,95" m="1039,45162" machi="68" ten="30,1100,0" yaku="12,1" doraHai="24" who="3" fromWho="3" sc="260,-3,244,-5,236,-3,260,11" /><INIT seed="2,0,0,2,0,48" ten="257,239,233,271" oya="2" hai0="90,101,59,18,118,19,83,55,29,78,82,52,109" hai1="46,114,120,106,58,110,40,47,94,95,134,28,68" hai2="81,113,10,115,50,27,96,33,35,13,87,5,129" hai3="77,34,98,25,11,36,131,38,91,41,79,20,31"/><V124/><F124/><W69/><G69/><T102/><D118/><U21/><E106/><V123/><F123/><W116/><G116/><T117/><D117/><U100/><E68/><V135/><F135/><W107/><G131/><T133/><D133/><U93/><E114/><V125/><F125/><W128/><G128/><T9/><D109/><U6/><E134/><V108/><F129/><W51/><G11/><T76/><D29/><U63/><E120/><V111/><F96/><W64/><G64/><T30/><D30/><U104/><E110/><N who="2" m="42027" /><F50/><W127/><G127/><T66/><D90/><U8/><E104/><V75/><F75/><W54/><G107/><T130/><D130/><U26/><E100/><V132/><F132/><W61/><G98/><T56/><D9/><U121/><E121/><V70/><F70/><W74/><G74/><T14/><D14/><N who="1" m="5399" /><E40/><V88/><F27/><W80/><G25/><T99/><D99/><U12/><E12/><V126/><F126/><W1/><G41/><T85/><D66/><AGARI ba="0,0" hai="21,26,28,46,47,58,63,66,93,94,95" m="5399" machi="66" ten="30,1000,0" yaku="8,1" doraHai="48" who="1" fromWho="0" sc="257,-10,239,10,233,0,271,0" /><INIT seed="3,0,0,4,0,0" ten="247,249,233,271" oya="3" hai0="96,73,126,128,13,88,62,63,115,80,9,4,121" hai1="33,36,53,97,129,118,134,100,65,103,61,76,117" hai2="101,56,44,107,58,66,92,95,82,85,110,30,89" hai3="135,68,46,122,19,131,38,54,18,8,1,16,39"/><W109/><G122/><T40/><D121/><U116/><E134/><V64/><F110/><W48/><G135/><T70/><D115/><U125/><E125/><V79/><F30/><W133/><G133/><T5/><D126/><U55/><E129/><V105/><F95/><W43/><G131/><T51/><D128/><U93/><E36/><V86/><F44/><W119/><G119/><T52/><D73/><U11/><E33/><V22/><F22/><W132/><G132/><T7/><D40/><U59/><E76/><V15/><F101/><W45/><G109/><T84/><D96/><U99/><REACH who="1" step="1"/><E11/><REACH who="1" ten="247,239,233,271" step="2"/><V20/><F107/><AGARI ba="0,1" hai="53,55,59,61,65,93,97,99,100,103,107,116,117,118" machi="107" ten="40,5200,0" yaku="1,1,2,1,12,1,53,0" doraHai="0" doraHaiUra="120" who="1" fromWho="2" sc="247,0,239,62,233,-52,271,0" /><INIT seed="4,0,0,1,3,35" ten="247,301,181,271" oya="0" hai0="88,114,121,6,70,9,11,23,29,5,110,52,39" hai1="78,3,135,90,69,105,112,107,31,46,73,76,48" hai2="55,71,134,77,75,95,124,111,38,96,123,60,26" hai3="130,27,93,122,13,49,16,85,21,25,32,22,117"/><T102/><D121/><U4/><E69/><V128/><F123/><W74/><G122/><T89/><D70/><U108/><E108/><V47/><F111/><W1/><G117/><T65/><D110/><U64/><E64/><V127/><F128/><W61/><G74/><T43/><D65/><U86/><E31/><V72/><F134/><W92/><G130/><T50/><D114/><U91/><E135/><V45/><F71/><W0/><G61/><T44/><D102/><U79/><E73/><V106/><F106/><W40/><G32/><T109/><D109/><U81/><E112/><V67/><F67/><W87/><G13/><T51/><D39/><U98/><E91/><N who="0" m="34889" /><D23/><U133/><E133/><V30/><F38/><W10/><G10/><N who="0" m="3595" /><D29/><U56/><E105/><V113/><F113/><W14/><G14/><T24/><D24/><U8/><E107/><V41/><F75/><W36/><G36/><T33/><D33/><U20/><E20/><N who="2" m="15687" /><F72/><W99/><G99/><T59/><AGARI ba="0,0" hai="5,6,43,44,50,51,52,59" m="3595,34889" machi="59" ten="30,6000,0" yaku="8,1,54,2" doraHai="35" who="0" fromWho="0" sc="247,60,301,-20,181,-20,271,-20" /><INIT seed="4,1,0,1,4,39" ten="307,281,161,251" oya="0" hai0="17,3,38,135,116,132,84,77,72,100,95,65,76" hai1="44,79,68,91,117,80,22,113,126,108,122,60,114" hai2="73,30,78,69,70,119,33,115,47,74,133,25,12" hai3="86,104,21,45,4,48,13,118,26,15,94,10,92"/><T64/><D3/><U87/><E117/><V127/><F119/><W66/><G118/><T28/><D116/><U120/><E108/><V11/><F127/><W111/><G111/><T8/><D28/><U106/><E126/><V57/><F133/><N who="0" m="51274" /><D38/><U49/><E106/><V52/><F115/><N who="1" m="44041" /><E22/><V71/><F47/><W32/><G104/><T128/><D128/><U6/><E6/><V61/><REACH who="2" step="1"/><F78/><REACH who="2" ten="307,281,151,251" step="2"/><W103/><G45/><T19/><D76/><U53/><E79/><V81/><F81/><W55/><G32/><T40/><D77/><U7/><E120/><V20/><F20/><W102/><G21/><T59/><D72/><U121/><E122/><V1/><F1/><W58/><G26/><T27/><D27/><U50/><E121/><V93/><F93/><W96/><G15/><T98/><D8/><U23/><E23/><V42/><F42/><W109/><G109/><T36/><D40/><U129/><E80/><V51/><F51/><W131/><G131/><T63/><D36/><U35/><E129/><V31/><F31/><W46/><G46/><T107/><D107/><U134/><E134/><V2/><F2/><W75/><G75/><T83/><D83/><N who="1" m="49663" /><E50/><V29/><F29/><W124/><G124/><T24/><D24/><U110/><E110/><V56/><F56/><W85/><REACH who="3" step="1"/><G66/><REACH who="3" ten="307,281,151,241" step="2"/><T105/><D65/><N who="1" m="40999" /><E35/><V67/><F67/><W34/><G34/><T37/><D37/><U54/><E54/><V90/><F90/><AGARI ba="1,2" hai="17,19,59,63,64,84,90,95,98,100,105" m="51274" machi="90" ten="30,1500,0" yaku="20,1" doraHai="39" who="0" fromWho="2" sc="307,38,281,0,151,-18,241,0" /><INIT seed="4,2,0,2,5,39" ten="345,281,133,241" oya="0" hai0="86,115,44,117,127,59,34,93,22,40,75,45,130" hai1="92,104,74,1,54,111,96,82,110,108,131,120,95" hai2="63,55,94,36,33,116,62,85,12,106,60,67,90" hai3="129,105,27,19,26,57,35,61,109,71,79,80,64"/><T128/><D75/><U91/><E1/><V132/><F116/><W14/><G109/><T21/><D34/><U56/><E120/><V3/><F132/><W97/><G129/><N who="0" m="49771" /><D117/><U114/><E131/><V24/><F3/><W25/><G35/><T70/><D70/><U98/><E114/><V121/><F121/><W8/><G105/><T43/><D115/><U28/><E104/><V50/><F106/><W47/><G97/><T69/><D69/><U122/><E122/><V49/><F36/><W102/><G102/><T83/><D93/><U125/><E125/><V5/><F33/><W42/><G71/><T123/><D59/><U53/><E28/><V37/><F37/><W101/><G101/><T119/><D119/><U0/><E0/><V18/><F67/><W135/><G135/><T13/><D127/><U41/><E56/><V77/><F77/><W23/><G79/><N who="0" m="46463" /><D123/><U20/><E74/><V124/><F124/><W29/><REACH who="3" step="1"/><G80/><REACH who="3" ten="345,281,133,231" step="2"/><T133/><D133/><U51/><E82/><V76/><F76/><W15/><G15/><T66/><D13/><U16/><E96/><V58/><F24/><W112/><G112/><T68/><D68/><U72/><E95/><V78/><F78/><W84/><G84/><T30/><D66/><U126/><E126/><V48/><REACH who="2" step="1"/><F5/><REACH who="2" ten="345,281,123,231" step="2"/><W17/><G17/><T32/><D32/><U9/><E72/><V88/><F88/><W118/><G118/><T134/><D134/><U87/><E91/><V52/><F52/><W103/><G103/><T65/><D65/><U100/><E54/><V11/><AGARI ba="2,2" hai="11,12,18,48,49,50,55,58,60,62,63,85,90,94" machi="11" ten="30,7900,0" yaku="1,1,0,1,8,1,53,1" doraHai="39" doraHaiUra="4" who="2" fromWho="2" sc="345,-41,281,-22,123,105,231,-22" /><INIT seed="5,0,0,4,3,135" ten="304,259,228,209" oya="1" hai0="17,80,116,119,63,37,77,99,132,29,125,1,120" hai1="74,124,84,67,25,13,34,71,108,16,41,122,52" hai2="68,7,39,48,93,56,21,35,38,78,33,118,62" hai3="126,31,129,95,102,44,103,64,101,105,55,5,114"/><U24/><E74/><V123/><F118/><W50/><G105/><T53/><D1/><U20/><E122/><V112/><F123/><W76/><G114/><T94/><D37/><U109/><E41/><V27/><F68/><W3/><G129/><T91/><D120/><U70/><E124/><V79/><F7/><W106/><G106/><T45/><D125/><U22/><E34/><V85/><F112/><W57/><G126/><T81/><D29/><U107/><E107/><V12/><F38/><W26/><G76/><T131/><D131/><U9/><E84/><V134/><F39/><W58/><G5/><T65/><D132/><U117/><E117/><V18/><F134/><W30/><G3/><T75/><D81/><U59/><E67/><V47/><F35/><W73/><G73/><T87/><D75/><U115/><E22/><V110/><F110/><N who="1" m="42601" /><E115/><V113/><F113/><W88/><G64/><T0/><D0/><U19/><E25/><V40/><F27/><W60/><G26/><T2/><D2/><U36/><E36/><V98/><F85/><N who="3" m="52623" /><G60/><AGARI ba="0,0" hai="9,13,16,19,20,24,52,59,60,70,71" m="42601" machi="60" ten="30,5800,0" yaku="10,1,54,2" doraHai="135" who="1" fromWho="3" sc="304,0,259,58,228,0,209,-58" /><INIT seed="5,1,0,5,1,50" ten="304,317,228,151" oya="1" hai0="98,1,79,43,88,63,84,20,77,81,96,14,6" hai1="75,33,45,72,31,54,10,17,111,133,41,101,2" hai2="24,29,12,23,38,57,76,90,121,73,66,107,132" hai3="106,15,85,130,61,80,11,27,116,115,28,78,112"/><U22/><E111/><V103/><F121/><W56/><G116/><T71/><D1/><U97/><E133/><V30/><F38/><W5/><G130/><T9/><D43/><U93/><E33/><V70/><F70/><W40/><G40/><T68/><D68/><U62/><E31/><V126/><F132/><W105/><G115/><T118/><D118/><U49/><E2/><V0/><F0/><W108/><G112/><T122/><D122/><U39/><E62/><V21/><F126/><W42/><G42/><T26/><D71/><U48/><E48/><V19/><F73/><W36/><G36/><T58/><D79/><U37/><E10/><V100/><F76/><W47/><G47/><T74/><D77/><U69/><E69/><V51/><F107/><W13/><G13/><T46/><D46/><U34/><E34/><V134/><F134/><W86/><G85/><T102/><D102/><U99/><E99/><V119/><F119/><W60/><G108/><T120/><D74/><U123/><E37/><V89/><F29/><W3/><G3/><T67/><D120/><U16/><E17/><AGARI ba="1,0" hai="6,9,14,17,20,26,58,63,67,81,84,88,96,98" machi="17" ten="30,3900,0" yaku="7,1,8,1,54,1" doraHai="50" who="0" fromWho="1" sc="304,42,317,-42,228,0,151,0" /><INIT seed="6,0,0,5,4,93" ten="346,275,228,151" oya="2" hai0="64,36,79,107,21,111,31,110,95,4,74,32,13" hai1="84,55,69,100,14,104,120,57,76,42,126,2,19" hai2="47,53,103,124,73,54,0,52,18,86,67,40,25" hai3="51,58,132,34,99,46,71,11,128,101,70,27,23"/><V78/><F73/><W65/><G132/><T15/><D107/><U75/><E2/><V119/><F0/><W106/><G128/><T117/><D36/><U122/><E75/><V88/><F119/><W94/><G34/><T102/><D117/><U9/><E69/><V89/><F124/><W5/><G106/><T26/><D64/><U112/><E112/><V134/><F134/><W91/><G91/><T66/><D66/><U83/><E42/><V10/><F67/><W108/><G108/><T8/><D79/><U22/><E126/><V44/><F103/><W49/><G11/><T131/><D74/><U87/><E87/><V38/><F44/><W97/><G5/><T43/><D43/><U61/><E9/><V123/><F123/><N who="1" m="47145" /><E104/><V135/><F135/><W92/><G51/><T56/><D131/><U63/><E100/><V77/><F89/><W41/><G65/><T116/><D116/><U133/><E133/><V24/><F10/><W12/><G58/><T39/><D39/><U81/><E81/><V121/><F121/><W98/><G12/><T30/><D15/><U6/><E6/><V3/><F3/><W59/><G59/><T17/><D56/><U115/><E115/><V125/><F125/><W68/><REACH who="3" step="1"/><G101/><REACH who="3" ten="346,275,228,141" step="2"/><T29/><D32/><U85/><E63/><V90/><F90/><W20/><G20/><T130/><D130/><U96/><E61/><V62/><F62/><W48/><G48/><T33/><D33/><U35/><E35/><V127/><F127/><W7/><G7/><T113/><D113/><U80/><E57/><V45/><F38/><RYUUKYOKU ba="0,1" sc="346,15,275,-15,228,-15,141,15" hai0="4,8,13,17,21,26,29,30,31,95,102,110,111" hai3="23,27,41,46,49,68,70,71,92,94,97,98,99" /><INIT seed="7,1,1,3,5,41" ten="361,260,213,156" oya="3" hai0="2,124,10,31,55,88,91,36,35,40,114,42,45" hai1="131,129,123,4,105,108,21,76,102,97,67,79,8" hai2="73,26,34,130,134,120,128,132,93,71,106,100,78" hai3="56,84,30,27,117,6,24,19,60,69,113,46,133"/><W82/><G117/><T68/><D68/><U25/><E67/><V13/><F120/><W101/><G69/><T85/><D124/><U48/><E48/><V87/><F71/><W80/><G113/><T38/><D114/><U126/><E108/><V59/><F73/><W39/><G133/><N who="2" m="51305" /><F106/><W66/><G101/><T90/><D55/><U77/><E126/><V135/><F135/><W83/><G6/><T20/><D35/><U16/><REACH who="1" step="1"/><E123/><REACH who="1" ten="361,250,213,156" step="2"/><V72/><F130/><W116/><G116/><T14/><D36/><U12/><AGARI ba="1,2" hai="4,8,12,16,21,25,76,77,79,97,102,105,129,131" machi="12" ten="30,12000,2" yaku="1,1,2,1,0,1,54,1,53,3" doraHai="41" doraHaiUra="75" who="1" fromWho="1" sc="361,-31,250,143,213,-31,156,-61" owari="330,13.0,393,49.0,182,-22.0,95,-40.0" /></mjloggm>