<mjloggm ver="2.3"><GO type="169" lobby="0"/><UN n0="%E3%83%8F%E3%82%B4%E2%98%85%E6%B2%B3%E7%AB%A5" n1="%E5%94%90%E6%8F%9A%E5%A4%A7%E5%A5%BD%E3%81%8D" n2="%EF%BC%88%E2%89%A7%E2%96%BD%E2%89%A6%EF%BC%89" n3="%E4%B8%83%E3%83%84%E7%9B%AE%E7%8E%89" dan="16,17,18,17" rate="2204.35,2183.57,2195.43,2175.65" sx="M,M,M,M"/><TAIKYOKU oya="0"/><INIT seed="0,0,0,1,2,41" ten="250,250,250,250" oya="0" hai0="27,61,91,16,25,0,19,37,77,47,95,46,36" hai1="35,38,74,1,13,44,135,132,131,58,76,59,56" hai2="75,106,45,94,129,133,39,120,33,107,10,26,98" hai3="83,55,3,48,11,6,66,114,96,31,28,116,118"/><T112/><D112/><U104/><E1/><V109/><F75/><W32/><G114/><T134/><D0/><U113/><E104/><V111/><F120/><W126/><G66/><T127/><D127/><U115/><E35/><V100/><F10/><W21/><G126/><T101/><D134/><N who="1" m="51243" /><E13/><V110/><F129/><W122/><G122/><T24/><D101/><U97/><E97/><V40/><REACH who="2" step="1"/><F133/><REACH who="2" ten="250,250,240,250" step="2"/><W108/><G11/><T49/><D77/><U60/><E131/><V88/><F88/><W14/><G116/><T86/><D61/><U65/><E76/><V85/><F85/><W124/><G118/><T43/><REACH who="0" step="1"/><D36/><REACH who="0" ten="240,250,240,250" step="2"/><U125/><E125/><V2/><F2/><W30/><G3/><T4/><D4/><U15/><E74/><V63/><F63/><W68/><G6/><T20/><D20/><U82/><E115/><V52/><F52/><AGARI ba="0,2" hai="16,19,24,25,27,37,43,46,47,49,52,86,91,95" machi="52" ten="40,18000,2" yaku="1,1,52,2,54,2,53,1" doraHai="41" doraHaiUra="89" who="0" fromWho="2" sc="240,200,250,0,240,-180,250,0" /><INIT seed="0,1,0,2,2,9" ten="440,250,60,250" oya="0" hai0="29,95,118,65,122,53,2,45,76,46,0,102,23" hai1="130,66,94,4,8,84,22,85,116,28,113,70,112" hai2="61,12,71,58,75,52,19,106,34,33,132,103,108" hai3="119,47,78,38,59,97,72,16,87,43,126,37,127"/><T27/><D118/><U125/><E116/><V42/><F75/><W123/><G119/><T21/><D122/><U17/><E130/><V7/><F132/><W111/><G72/><T5/><D65/><U10/><E125/><N who="3" m="47626" /><G123/><T74/><D74/><U20/><E70/><V30/><F108/><W110/><G38/><T98/><D76/><U67/><E94/><V90/><F30/><W77/><G97/><T134/><D134/><U36/><E36/><V6/><F42/><W93/><G59/><T92/><D5/><U3/><E28/><V81/><F71/><W54/><G54/><T48/><D21/><U88/><E4/><V105/><F33/><W18/><G93/><T51/><REACH who="0" step="1"/><D92/><REACH who="0" ten="430,250,60,250" step="2"/><U57/><E67/><V114/><F34/><W131/><G78/><T11/><D11/><U26/><E66/><V63/><F106/><W14/><G131/><T115/><D115/><U80/><E113/><V109/><F114/><W104/><G104/><T96/><D96/><U15/><E112/><V50/><F105/><W13/><G77/><T120/><D120/><U79/><E3/><V35/><F35/><W107/><G107/><T129/><D129/><U41/><E8/><N who="2" m="6535" /><F109/><N who="3" m="41483" /><G87/><T82/><D82/><U40/><E80/><V121/><F121/><W62/><G62/><N who="2" m="23561" /><F103/><W83/><G83/><T100/><D100/><U44/><E84/><AGARI ba="1,1" hai="6,7,50,52,58,81,84,90" m="23561,6535" machi="84" ten="30,3900,0" yaku="8,1,52,1,54,1" doraHai="9" who="2" fromWho="1" sc="430,0,250,-42,60,52,250,0" /><INIT seed="1,0,0,1,0,26" ten="430,208,112,250" oya="1" hai0="91,0,132,73,100,84,85,131,105,7,2,123,79" hai1="48,53,14,83,32,12,50,33,69,43,30,35,126" hai2="49,13,67,71,88,72,75,121,77,22,60,103,78" hai3="52,98,118,129,41,111,134,55,9,110,3,106,54"/><U135/><E69/><V44/><F103/><N who="3" m="62839" /><G41/><T46/><D2/><U59/><E126/><V25/><F121/><W63/><G129/><T17/><D0/><U102/><E135/><V40/><F13/><W61/><G134/><T122/><D7/><U128/><E128/><V99/><F75/><W4/><G118/><T125/><D131/><U10/><E102/><V36/><F72/><W18/><G18/><T31/><D132/><U95/><E83/><V119/><F36/><W70/><G70/><T42/><D125/><U11/><E95/><V101/><F119/><W1/><G3/><T74/><D17/><U116/><E116/><V104/><REACH who="2" step="1"/><F88/><REACH who="2" ten="430,208,102,250" step="2"/><W96/><G96/><N who="0" m="61575" /><D91/><U92/><E14/><V62/><F62/><W24/><G24/><T29/><D74/><U89/><E12/><V56/><F56/><W115/><G115/><T80/><D73/><U20/><E59/><V87/><F87/><W93/><G93/><T37/><D85/><U64/><E92/><V23/><F23/><W8/><G9/><T34/><D34/><U28/><E10/><V47/><F47/><W108/><AGARI ba="0,1" hai="1,4,8,52,54,55,61,63,108,110,111" m="62839" machi="108" ten="40,2700,0" yaku="14,1,54,1" doraHai="26" who="3" fromWho="3" sc="430,-7,208,-13,102,-7,250,37" /><INIT seed="2,0,0,0,2,40" ten="423,195,95,287" oya="2" hai0="41,64,123,115,101,8,74,37,72,76,116,73,108" hai1="70,63,44,103,90,79,93,94,54,0,121,92,11" hai2="46,125,30,98,2,124,91,18,99,82,84,111,107" hai3="119,43,59,65,100,45,105,83,133,10,97,52,89"/><V58/><F2/><W132/><G119/><T129/><D123/><U53/><E121/><V104/><F30/><W68/><G68/><T32/><D32/><U12/><E103/><V113/><F113/><W85/><G65/><T71/><D115/><U135/><E0/><V110/><F58/><W22/><G10/><T56/><D71/><U31/><E135/><V38/><F18/><W27/><G27/><T17/><D116/><U47/><E31/><V48/><F38/><W86/><G22/><T25/><D101/><U33/><E33/><V55/><F99/><W131/><G86/><T36/><D76/><U81/><E70/><V28/><F28/><W4/><G4/><T112/><D112/><U117/><E117/><V6/><F6/><W26/><G26/><T1/><D1/><U127/><E127/><N who="2" m="48715" /><F98/><W13/><G13/><T80/><D36/><U14/><E79/><V106/><AGARI ba="0,0" hai="46,48,55,82,84,91,104,106,107,110,111" m="48715" machi="106" ten="40,3900,0" yaku="18,1,52,1" doraHai="40" who="2" fromWho="2" sc="423,-13,195,-13,95,39,287,-13" /><INIT seed="2,1,0,3,3,20" ten="410,182,134,274" oya="2" hai0="19,93,120,110,114,6,132,4,69,80,97,74,89" hai1="85,70,37,8,113,91,115,92,43,31,42,94,17" hai2="65,121,100,34,131,123,51,134,22,39,58,73,128" hai3="50,82,3,44,66,25,79,106,54,18,64,107,26"/><V67/><F73/><W116/><G116/><T30/><D69/><U49/><E70/><V41/><F34/><W7/><G106/><T62/><D120/><N who="2" m="46154" /><F100/><W35/><G107/><T11/><D30/><U10/><E37/><V29/><F29/><W103/><G103/><T38/><D38/><U75/><E75/><V126/><F22/><W53/><G35/><T48/><D114/><U86/><E31/><V9/><F9/><W99/><G99/><T83/><D62/><U111/><E49/><V78/><F78/><W129/><G129/><N who="2" m="49737" /><F134/><W72/><G18/><T130/><D130/><U24/><E17/><V2/><F2/><W108/><G108/><T21/><D110/><U12/><E12/><V1/><F1/><W60/><G7/><T109/><D132/><U45/><E111/><V63/><F126/><W105/><G105/><T90/><D109/><U135/><E135/><V47/><F39/><W77/><G77/><T81/><D74/><U13/><E13/><V101/><F101/><W0/><G0/><T40/><D11/><U32/><E32/><V84/><F84/><W119/><G3/><T16/><D89/><U14/><E14/><V125/><F125/><W33/><G33/><T102/><D102/><U112/><E112/><V57/><F57/><W55/><G72/><T88/><D90/><U127/><E127/><V133/><F133/><W76/><G79/><T59/><D19/><U95/><E95/><V96/><F96/><W15/><G76/><T27/><D59/><U46/><E91/><V56/><F56/><W68/><G68/><T98/><D98/><RYUUKYOKU ba="1,0" sc="410,10,182,10,134,10,274,-30" hai0="4,6,16,21,27,40,48,80,81,83,88,93,97" hai1="8,10,24,42,43,45,46,85,86,92,94,113,115" hai2="41,47,51,58,63,65,67" /><INIT seed="2,2,0,2,4,111" ten="420,192,144,244" oya="2" hai0="73,58,110,8,14,22,80,28,98,119,107,76,120" hai1="130,47,52,30,115,53,112,57,45,5,108,127,20" hai2="135,38,74,126,33,82,15,131,11,104,24,117,51" hai3="37,99,13,83,106,94,96,86,85,118,41,72,19"/><V44/><F117/><W105/><G118/><T95/><D110/><U90/><E108/><V40/><F104/><N who="3" m="40043" /><G41/><T113/><D119/><U103/><E5/><V88/><F131/><W29/><G13/><T46/><D107/><U69/><E69/><V56/><F126/><W122/><G29/><T65/><D120/><U25/><E127/><V49/><F135/><W4/><G4/><T36/><D113/><U67/><E130/><V27/><F74/><W7/><G7/><T92/><D92/><U97/><E90/><V128/><F128/><W31/><G31/><T123/><D123/><U16/><E30/><V109/><F109/><W48/><G19/><T39/><D46/><U43/><E67/><V125/><F125/><W21/><G21/><T54/><D65/><U6/><E6/><N who="2" m="3575" /><F38/><W50/><G37/><T121/><D121/><U18/><E18/><V17/><F17/><W2/><G2/><T55/><D8/><U75/><E75/><V78/><F33/><W61/><G72/><T10/><D10/><U42/><E42/><V59/><F51/><W77/><G50/><N who="0" m="31063" /><D55/><U63/><E53/><V70/><F70/><W12/><G48/><T116/><D116/><U0/><E0/><V23/><F78/><N who="3" m="46327" /><G61/><T62/><D62/><U35/><E35/><V129/><F129/><W1/><G1/><T132/><D36/><N who="1" m="21735" /><E47/><V100/><F23/><W87/><G122/><T102/><D39/><U26/><E26/><N who="2" m="9771" /><F100/><W101/><G101/><T114/><D102/><U68/><E68/><V32/><F32/><W60/><G60/><T3/><D3/><U133/><E133/><RYUUKYOKU ba="2,0" sc="420,-15,192,15,144,15,244,-15" hai1="16,20,25,52,57,63,97,103,112,115" hai2="40,44,49,56,59,82,88" /><INIT seed="2,3,0,5,2,127" ten="405,207,159,229" oya="2" hai0="94,3,60,132,61,62,4,130,41,86,22,134,35" hai1="56,82,101,52,90,68,45,42,2,23,7,89,126" hai2="73,67,71,29,122,69,46,118,133,84,131,65,107" hai3="1,103,102,115,49,11,77,38,111,92,24,12,66"/><V13/><F73/><W50/><G38/><T55/><D35/><U83/><E68/><N who="2" m="26187" /><F107/><W5/><G111/><T14/><D41/><U10/><E126/><V80/><F29/><W123/><G123/><T75/><D75/><U113/><E113/><V78/><F13/><W58/><G115/><T106/><D106/><U64/><E64/><N who="2" m="24651" /><F122/><W39/><G39/><T54/><D3/><U26/><E101/><V91/><F118/><W109/><G109/><T135/><D94/><U124/><E124/><V30/><F30/><W37/><G37/><T112/><D86/><U128/><E128/><V48/><F91/><W34/><G77/><T72/><D72/><U97/><E97/><V81/><F81/><W88/><G1/><T125/><D125/><U19/><E82/><V120/><F120/><W9/><G9/><N who="0" m="4391" /><D112/><U43/><E83/><V96/><F96/><N who="3" m="57351" /><G24/><T0/><D0/><U33/><E33/><V31/><F78/><W95/><G34/><T20/><D130/><U59/><E89/><V110/><F131/><W98/><G103/><T63/><N who="0" m="15360" /><DORA hai="57" /><T119/><D119/><U116/><E116/><V18/><F110/><W25/><G66/><T32/><D32/><U17/><E2/><V121/><F121/><W70/><G70/><T53/><AGARI ba="3,0" hai="20,22,53,54,55,132,134,135" m="15360,4391" machi="53" ten="50,12000,2" yaku="29,2,20,1,52,4" doraHai="127,57" who="0" fromWho="0" sc="405,129,207,-33,159,-63,229,-33" /><INIT seed="3,0,0,3,1,82" ten="534,174,96,196" oya="3" hai0="10,18,129,123,9,94,54,23,45,52,102,121,106" hai1="96,119,65,118,29,13,12,100,6,67,124,135,88" hai2="3,46,122,64,26,95,93,39,47,69,101,17,30" hai3="130,49,60,73,75,66,78,117,103,107,115,131,87"/><W35/><G115/><T85/><D106/><U111/><E29/><V21/><F122/><W114/><G114/><T128/><D10/><U81/><E124/><V25/><F3/><W56/><G117/><N who="1" m="44554" /><E135/><V86/><F39/><W43/><G35/><T108/><D102/><U42/><E42/><V113/><F113/><W133/><G133/><T84/><D108/><U76/><E111/><V51/><F69/><W71/><G103/><T116/><D116/><U37/><E37/><V109/><F64/><N who="1" m="24649" /><E6/><V32/><F109/><W59/><G107/><T4/><D94/><N who="1" m="56391" /><E100/><V89/><REACH who="2" step="1"/><F51/><REACH who="2" ten="534,174,86,196" step="2"/><W70/><G70/><T41/><D121/><U20/><E20/><V55/><F55/><N who="3" m="31855" /><G71/><T57/><D123/><U50/><E50/><V58/><F58/><W2/><G2/><N who="0" m="151" /><D41/><U28/><E28/><V74/><F74/><AGARI ba="0,1" hai="12,13,74,76,81" m="56391,24649,44554" machi="74" ten="30,2000,0" yaku="12,1,54,1" doraHai="82" who="1" fromWho="2" sc="534,0,174,30,86,-20,196,0" /><INIT seed="4,0,0,1,1,8" ten="534,204,66,196" oya="0" hai0="86,57,98,26,125,37,90,77,97,20,124,52,17" hai1="65,94,32,129,67,66,7,126,111,109,130,10,0" hai2="80,122,6,9,119,21,96,70,103,19,60,64,44" hai3="45,16,120,74,12,73,104,107,113,83,29,93,81"/><T112/><D37/><U18/><E32/><V117/><F122/><W22/><G120/><T99/><D112/><U105/><E105/><V34/><F34/><W134/><G113/><T85/><D77/><U72/><E72/><V131/><F131/><N who="1" m="50185" /><E126/><N who="0" m="48745" /><D90/><U54/><E94/><V31/><F31/><W58/><G74/><T92/><D92/><U33/><E33/><V63/><F63/><AGARI ba="0,0" hai="17,20,26,52,57,63,85,86,97,98,99" m="48745" machi="63" ten="30,2900,0" yaku="18,1,54,1" doraHai="8" who="0" fromWho="2" sc="534,29,204,0,66,-29,196,0" /><INIT seed="4,1,0,4,4,39" ten="563,204,37,196" oya="0" hai0="80,135,88,63,123,83,7,91,99,126,107,62,93" hai1="125,65,124,34,24,113,105,36,52,116,57,14,32" hai2="33,30,70,35,31,69,6,61,12,128,77,130,73" hai3="40,132,4,41,29,18,75,64,17,21,71,72,10"/><T38/><D123/><U101/><E116/><V103/><F103/><W60/><G29/><N who="2" m="10761" /><F73/><W1/><G132/><T121/><D121/><U48/><E36/><V16/><F77/><W117/><G117/><T78/><D135/><U100/><E65/><V3/><F61/><W104/><G104/><T76/><D38/><U2/><E2/><V95/><F95/><W111/><G111/><T42/><D126/><N who="1" m="48747" /><E113/><V114/><F114/><W51/><G18/><T27/><D7/><U96/><E100/><V50/><F50/><W102/><G102/><N who="0" m="62943" /><D42/><U46/><E24/><V22/><F70/><W47/><REACH who="3" step="1"/><G41/><REACH who="3" ten="563,204,37,186" step="2"/><T112/><D112/><U19/><E46/><V25/><F69/><W106/><G106/><T118/><D118/><U59/><E59/><V120/><F120/><W89/><G89/><T127/><D127/><U131/><E131/><N who="2" m="50219" /><F25/><AGARI ba="1,1" hai="1,4,10,17,21,25,40,47,51,60,64,71,72,75" machi="25" ten="30,3900,0" yaku="1,1,7,1,52,1,53,0" doraHai="39" doraHaiUra="9" who="3" fromWho="2" sc="563,0,204,0,37,-42,186,52" owari="563,67.0,204,-20.0,-5,-51.0,238,4.0" /></mjloggm>