<mjloggm ver="2.3"><GO type="169" lobby="0"/><UN n0="%EF%BC%88%E2%89%A7%E2%96%BD%E2%89%A6%EF%BC%89" n1="%E3%83%89%E3%83%A9%E3%81%8F%E3%82%8C" n2="%E6%80%96%E3%81%8F%E3%81%AA%E3%81%84%E3%81%8A" n3="%70%61%72%75%6F%31%31" dan="17,16,18,16" rate="2167.51,2078.55,2208.64,2043.27" sx="M,M,M,M"/><TAIKYOKU oya="0"/><INIT seed="0,0,0,0,4,48" ten="250,250,250,250" oya="0" hai0="82,125,28,9,35,23,99,7,83,111,93,58,38" hai1="107,79,5,90,55,109,85,77,106,119,26,41,131" hai2="54,95,51,108,126,115,2,89,122,44,33,52,64" hai3="96,127,53,19,65,70,98,42,121,81,68,36,3"/><T40/><D35/><U112/><E119/><V103/><F122/><W120/><G3/><T92/><D125/><U29/><E112/><V50/><F115/><W132/><G127/><T73/><D111/><U20/><E109/><V63/><F2/><W123/><G132/><T75/><D75/><U128/><E41/><V113/><F33/><W45/><G19/><T76/><D82/><U6/><E107/><V114/><F103/><W49/><G81/><T124/><D124/><U32/><E106/><V60/><F108/><W27/><G27/><T59/><D23/><U37/><E37/><V72/><F72/><W12/><G12/><T110/><D28/><U66/><E66/><V86/><F126/><W67/><G67/><T22/><D22/><U135/><E135/><V18/><F18/><W78/><G78/><N who="1" m="29706" /><E32/><V133/><F133/><W69/><REACH who="3" step="1"/><G65/><REACH who="3" ten="250,250,250,240" step="2"/><T130/><D110/><U24/><E26/><V62/><REACH who="2" step="1"/><F64/><REACH who="2" ten="250,250,240,240" step="2"/><W56/><AGARI ba="0,2" hai="36,42,45,49,53,56,68,69,70,96,98,120,121,123" machi="56" ten="40,8000,1" yaku="1,1,2,1,0,1,13,1,52,1,53,0" doraHai="48" doraHaiUra="30" who="3" fromWho="3" sc="250,-40,250,-20,240,-20,240,100" /><INIT seed="1,0,0,3,4,16" ten="210,230,220,340" oya="1" hai0="61,92,106,127,100,54,114,47,58,25,68,105,80" hai1="125,26,59,120,121,116,30,9,41,89,84,101,117" hai2="96,3,18,108,69,72,11,87,2,44,4,6,126" hai3="32,0,34,118,128,37,62,82,77,63,8,133,24"/><U79/><E125/><V19/><F72/><W134/><G37/><T129/><D114/><U130/><E130/><V107/><F69/><W95/><G128/><T110/><D129/><U90/><E101/><V81/><F108/><W113/><G113/><T49/><D127/><U35/><E79/><V135/><F135/><W70/><G118/><T67/><D110/><U31/><E41/><V124/><F44/><W27/><G70/><T85/><D25/><U98/><E9/><V20/><F19/><W60/><G95/><T50/><D92/><U115/><E115/><V74/><F74/><W15/><G0/><T112/><D100/><U131/><E131/><V13/><F96/><W97/><G97/><T5/><D5/><U1/><E1/><V38/><F38/><W29/><G24/><T86/><D86/><U51/><E98/><V21/><F107/><W102/><G102/><T42/><REACH who="0" step="1"/><D112/><REACH who="0" ten="200,230,220,340" step="2"/><U45/><E117/><V94/><F94/><W17/><G133/><T53/><D53/><U78/><E116/><V75/><F75/><W64/><G134/><T55/><D55/><U91/><E84/><V103/><F103/><W7/><G7/><N who="2" m="2601" /><F2/><W12/><G64/><T93/><D93/><U57/><E26/><V83/><F3/><W65/><G65/><T66/><D66/><U36/><E120/><V52/><F52/><W23/><G12/><T123/><D123/><U99/><E121/><V73/><F73/><N who="3" m="43311" /><G15/><T111/><D111/><U56/><E99/><V33/><F87/><W76/><G27/><T48/><D48/><U104/><E51/><V109/><F124/><RYUUKYOKU ba="0,1" sc="200,30,230,-10,220,-10,340,-10" hai0="42,47,49,50,54,58,61,67,68,80,85,105,106" /><INIT seed="2,1,1,3,4,127" ten="230,220,210,330" oya="2" hai0="82,64,49,6,71,94,85,63,123,118,76,44,7" hai1="103,74,50,79,104,65,28,54,42,26,101,126,132" hai2="39,88,35,29,52,112,72,2,10,114,134,111,53" hai3="13,91,31,59,75,96,107,8,70,15,80,93,99"/><V25/><F72/><W78/><G70/><T51/><D118/><U120/><E126/><V61/><F39/><W98/><G107/><T32/><D123/><U45/><E120/><V4/><F134/><W87/><G31/><T48/><D32/><U73/><E132/><V30/><F30/><W67/><G75/><T130/><D130/><U83/><E74/><V125/><F125/><W89/><G13/><T131/><D131/><U110/><E110/><V57/><F111/><W56/><G67/><T105/><D105/><U66/><E42/><V102/><F102/><W12/><G12/><T95/><REACH who="0" step="1"/><D44/><REACH who="0" ten="220,220,210,330" step="2"/><U109/><E109/><V108/><F108/><W41/><G59/><T27/><D27/><U34/><E104/><V97/><REACH who="2" step="1"/><F53/><REACH who="2" ten="220,220,200,330" step="2"/><W33/><G41/><T106/><D106/><U37/><E54/><V92/><AGARI ba="1,3" hai="2,4,10,25,29,35,52,57,61,88,92,97,112,114" machi="92" ten="30,12000,1" yaku="1,1,2,1,0,1,54,2,53,0" doraHai="127" doraHaiUra="135" who="2" fromWho="2" sc="220,-41,220,-41,200,153,330,-41" /><INIT seed="2,2,0,1,2,29" ten="179,179,353,289" oya="2" hai0="101,109,112,120,98,68,117,73,99,7,110,90,92" hai1="52,65,23,87,72,108,116,11,106,46,66,53,9" hai2="25,51,102,16,5,131,35,26,123,84,30,41,12" hai3="40,38,128,24,69,8,103,20,45,122,27,32,3"/><V57/><F123/><W129/><G122/><T22/><D68/><U118/><E72/><V83/><F131/><N who="3" m="50251" /><G69/><T50/><D120/><U39/><E106/><V124/><F124/><W21/><G103/><T42/><D112/><U60/><E108/><N who="0" m="41577" /><D7/><U95/><E23/><N who="3" m="8778" /><G32/><T59/><D73/><U70/><E70/><V111/><F26/><W6/><AGARI ba="2,0" hai="3,6,8,24,27,38,40,45" m="8778,50251" machi="6" ten="30,1100,0" yaku="19,1" doraHai="29" who="3" fromWho="3" sc="179,-5,179,-5,353,-7,289,17" /><INIT seed="3,0,0,2,0,27" ten="174,174,346,306" oya="3" hai0="78,82,70,24,10,37,111,72,4,96,132,125,50" hai1="94,2,129,16,66,121,32,26,54,7,120,40,102" hai2="128,67,44,9,1,123,62,131,51,3,115,74,126" hai3="133,86,99,42,104,92,20,89,5,13,135,55,85"/><W106/><G42/><T58/><D132/><N who="3" m="50761" /><G55/><T53/><D125/><U64/><E129/><N who="2" m="49739" /><F126/><W109/><G109/><T134/><D134/><U23/><E32/><V71/><F74/><W87/><G5/><T77/><D111/><U39/><E54/><N who="2" m="30055" /><F115/><W22/><G13/><T36/><D70/><U79/><E2/><N who="2" m="523" /><F9/><W68/><G68/><T47/><D77/><U98/><E79/><V97/><F97/><W60/><G60/><T101/><D24/><U59/><E7/><V81/><F81/><W21/><AGARI ba="0,0" hai="20,21,22,85,86,87,89,92,99,104,106" m="50761" machi="21" ten="40,2100,0" yaku="20,1" doraHai="27" who="3" fromWho="3" sc="174,-7,174,-7,346,-7,306,21" /><INIT seed="3,1,0,3,5,47" ten="167,167,339,327" oya="3" hai0="42,31,55,90,123,106,45,124,68,69,103,62,10" hai1="81,71,39,51,116,29,88,63,70,107,97,82,84" hai2="104,33,129,7,114,9,119,66,16,17,115,57,1" hai3="3,78,121,87,20,19,133,44,30,25,89,40,72"/><W73/><G121/><T75/><D75/><U4/><E39/><V85/><F104/><W105/><G105/><T41/><D31/><U128/><E116/><V100/><F119/><W12/><G3/><T5/><D123/><U83/><E128/><V120/><F129/><W36/><G78/><T24/><D24/><U95/><E4/><V38/><F38/><W67/><G67/><T77/><D77/><U92/><E107/><V58/><F33/><W102/><G102/><T35/><D35/><U53/><E63/><V65/><F100/><W18/><G133/><T14/><D124/><U13/><E13/><V6/><F85/><W117/><G117/><T2/><D2/><U122/><E29/><V34/><F34/><W96/><G96/><T109/><D103/><U134/><E134/><V76/><F76/><W50/><G36/><T113/><D106/><U132/><E122/><V46/><F120/><W111/><G111/><T48/><D109/><U32/><E32/><V98/><F9/><W86/><G19/><T59/><D113/><U118/><E132/><V56/><F98/><W52/><G40/><T108/><D108/><U125/><E125/><V91/><F91/><W0/><G0/><T94/><REACH who="0" step="1"/><D42/><REACH who="0" ten="157,167,339,327" step="2"/><U22/><E118/><V74/><F74/><W21/><REACH who="3" step="1"/><G87/><AGARI ba="1,1" hai="5,10,14,41,45,48,55,59,62,68,69,87,90,94" machi="87" ten="30,8000,1" yaku="1,1,2,1,7,1,52,1,53,1" doraHai="47" doraHaiUra="11" who="0" fromWho="3" sc="157,93,167,0,339,0,327,-83" /><INIT seed="4,0,0,4,2,91" ten="250,167,339,244" oya="0" hai0="125,62,61,114,46,117,70,28,69,42,102,45,60" hai1="113,131,88,12,57,87,1,50,90,132,130,36,16" hai2="118,6,75,39,107,40,64,123,51,96,76,135,94" hai3="92,13,128,127,115,35,11,9,95,83,18,29,126"/><T82/><D28/><U26/><E36/><V19/><F123/><W55/><G115/><T112/><D102/><U58/><E1/><V37/><F6/><W101/><G128/><N who="1" m="49194" /><E113/><N who="0" m="43625" /><D82/><N who="1" m="49271" /><E132/><V68/><F107/><W84/><G101/><T15/><D15/><U97/><E26/><V119/><F76/><N who="3" m="46183" /><G9/><T81/><D81/><U27/><E27/><V98/><F75/><W32/><G55/><T7/><D7/><U99/><E50/><V53/><F19/><W47/><G47/><N who="0" m="17931" /><D117/><U44/><E44/><V133/><F37/><W10/><G10/><T104/><D104/><U103/><E90/><V134/><F39/><W77/><G77/><T14/><D14/><U0/><E0/><V66/><F118/><W109/><G109/><T72/><D72/><U71/><E71/><N who="0" m="27145" /><D42/><U110/><E110/><V108/><F108/><W30/><G30/><T5/><D5/><U129/><N who="1" m="49202" /><U3/><DORA hai="59" /><E3/><V121/><F40/><W20/><G29/><T65/><D125/><N who="3" m="47625" /><G11/><T17/><D17/><U73/><E73/><V120/><F119/><W21/><G21/><T4/><D4/><U2/><E2/><V105/><F134/><W23/><G23/><T79/><D79/><U41/><E41/><V25/><F133/><W56/><G20/><T34/><D34/><U33/><E33/><V89/><F135/><W100/><G35/><T54/><D54/><U93/><E99/><V111/><F96/><W116/><G32/><T74/><D74/><U48/><E16/><V31/><F31/><W8/><G18/><T86/><D86/><U85/><E85/><V122/><F111/><RYUUKYOKU ba="0,0" sc="250,30,167,-10,339,-10,244,-10" hai0="60,61,62,65" /><INIT seed="4,1,0,2,5,121" ten="280,157,329,234" oya="0" hai0="12,30,94,5,39,85,106,135,60,92,24,90,71" hai1="43,110,64,59,20,97,27,21,14,105,73,72,63" hai2="82,48,32,74,107,23,103,0,50,80,56,111,118" hai3="15,124,79,88,100,16,40,98,41,3,86,58,45"/><T25/><D39/><U44/><E110/><V129/><F111/><W37/><G3/><T83/><D106/><U77/><E77/><V1/><F32/><W66/><G124/><T51/><D135/><U108/><E108/><V76/><F129/><W57/><G79/><T104/><D104/><U35/><E35/><V19/><F118/><W18/><G66/><T69/><D69/><U78/><E78/><V36/><F80/><W10/><G18/><T22/><D71/><U87/><E87/><V29/><F29/><W91/><G41/><T96/><D60/><U47/><E14/><V130/><F36/><W89/><REACH who="3" step="1"/><G86/><REACH who="3" ten="280,157,329,224" step="2"/><T4/><D4/><U95/><E43/><V2/><F2/><W81/><G81/><T132/><D83/><U120/><E64/><V26/><F0/><W109/><G109/><T102/><D132/><U93/><E120/><V127/><F127/><W46/><G46/><T131/><D131/><U13/><E47/><V53/><F1/><W116/><G116/><T52/><D30/><U128/><E44/><V101/><F130/><W114/><G114/><T126/><D126/><U9/><E128/><V6/><F6/><W38/><G38/><T84/><D84/><U49/><E73/><V33/><F82/><W68/><G68/><T133/><D133/><U65/><E72/><V17/><F76/><W112/><G112/><T122/><D122/><U54/><E65/><V31/><F17/><W119/><G119/><T67/><D67/><U123/><E123/><V61/><F74/><W62/><G62/><T28/><D85/><U117/><E63/><RYUUKYOKU ba="1,1" sc="280,-10,157,-10,329,-10,224,30" hai3="10,15,16,37,40,45,57,58,88,89,91,98,100" /><INIT seed="5,2,1,3,1,34" ten="270,147,319,254" oya="1" hai0="66,89,80,94,47,124,16,63,33,21,79,99,68" hai1="0,9,83,108,28,91,1,61,46,67,75,77,54" hai2="129,106,70,15,114,49,13,107,120,103,43,5,36" hai3="59,135,29,105,132,86,45,22,56,116,130,133,52"/><U111/><E91/><V69/><F120/><W112/><G105/><T95/><D33/><U14/><E28/><V131/><F36/><W71/><G71/><N who="2" m="27145" /><F114/><W42/><G112/><T35/><D35/><U51/><E67/><V102/><F49/><N who="3" m="26807" /><G116/><T39/><D124/><U19/><REACH who="1" step="1"/><E61/><REACH who="1" ten="270,137,319,254" step="2"/><V41/><F102/><W24/><G130/><T122/><D122/><U117/><E117/><V55/><F103/><W48/><G86/><T27/><D89/><U2/><AGARI ba="2,2" hai="0,1,2,9,14,19,46,51,54,75,77,83,108,111" machi="2" ten="40,18000,2" yaku="1,1,0,1,52,3,53,1" doraHai="34" doraHaiUra="7" who="1" fromWho="1" sc="270,-62,137,206,319,-62,254,-62" /><INIT seed="5,3,0,4,3,1" ten="208,343,257,192" oya="1" hai0="79,95,102,70,42,29,126,99,26,65,62,90,58" hai1="5,32,27,47,77,87,25,43,7,64,36,132,35" hai2="96,121,120,19,21,45,13,127,91,9,16,17,133" hai3="82,34,124,81,12,53,129,117,92,108,41,50,107"/><U46/><E132/><V48/><F133/><W4/><G107/><T76/><D126/><U109/><E109/><V114/><F127/><W24/><G124/><T118/><D118/><U37/><E64/><V116/><F116/><W59/><G117/><T38/><D38/><U66/><E66/><V49/><F114/><W56/><G108/><T85/><D42/><U67/><E67/><V18/><F49/><W84/><G129/><T100/><D100/><U54/><E54/><V97/><F121/><W106/><G106/><T112/><D112/><U122/><E122/><V80/><F120/><W44/><G34/><T86/><D86/><U20/><E87/><N who="2" m="50663" /><F21/><W31/><G31/><T89/><D89/><U30/><E77/><V6/><N who="2" m="4096" /><DORA hai="61" /><V73/><F73/><W57/><G24/><T119/><D119/><U69/><E69/><V51/><F51/><W23/><G41/><AGARI ba="3,0" hai="6,9,13,41,45,48,96,97" m="4096,50663" machi="41" ten="40,5200,0" yaku="8,1,52,1,54,1" doraHai="1,61" who="2" fromWho="3" sc="208,0,343,0,257,61,192,-61" /><INIT seed="6,0,0,2,3,79" ten="208,343,318,131" oya="2" hai0="76,55,135,134,100,11,42,40,125,24,25,80,118" hai1="130,17,114,67,38,98,33,45,88,15,8,78,44" hai2="69,131,117,120,52,86,103,82,6,46,105,26,89" hai3="90,109,128,107,116,83,29,87,123,132,50,75,5"/><V81/><F117/><W133/><G116/><T95/><D125/><U1/><E130/><V70/><F120/><W35/><G123/><T13/><D118/><U104/><E33/><V10/><F131/><W91/><G109/><T63/><D63/><U48/><E38/><V23/><F103/><W49/><G128/><T28/><D55/><U53/><E114/><V27/><F105/><W73/><G107/><T101/><D95/><N who="1" m="56679" /><E1/><V16/><F27/><N who="0" m="10314" /><D28/><U43/><E104/><V85/><F10/><W127/><G127/><T129/><D129/><U115/><E115/><V14/><F26/><N who="3" m="18871" /><G5/><N who="0" m="3311" /><D100/><U92/><E67/><V21/><F21/><W36/><G36/><T47/><D47/><U18/><E45/><V111/><F6/><W122/><G122/><T110/><D101/><U108/><E108/><V22/><F22/><W74/><G90/><T12/><D12/><U37/><E78/><N who="2" m="46263" /><F111/><W113/><G113/><T31/><D31/><U121/><E121/><V7/><F7/><W61/><G61/><T19/><D110/><U20/><E37/><V72/><F72/><W32/><G32/><T34/><D34/><U51/><E43/><V65/><F65/><W106/><G106/><T94/><D19/><U59/><E18/><V64/><F64/><W71/><G71/><T93/><D40/><N who="1" m="24583" /><E20/><V62/><F46/><W30/><G30/><T3/><D42/><U41/><E41/><V57/><F69/><W97/><G97/><T2/><D2/><U124/><E124/><V119/><F70/><W102/><G102/><T39/><D3/><U68/><E68/><V66/><F119/><RYUUKYOKU ba="0,0" sc="208,-30,343,10,318,10,131,10" hai1="8,15,17,51,53,59,92" hai2="14,16,23,52,57,62,66,82,86,89" hai3="49,50,73,74,75,83,87,91,132,133" /><INIT seed="6,1,0,5,0,46" ten="178,353,328,141" oya="2" hai0="4,118,33,40,66,67,23,102,62,50,7,19,16" hai1="20,27,123,53,12,8,11,32,41,116,0,130,89" hai2="99,34,18,49,42,79,84,113,65,45,10,88,98" hai3="86,71,109,82,78,112,3,97,80,47,77,56,114"/><V87/><F34/><W26/><G71/><T69/><D33/><U36/><E116/><V93/><F113/><N who="3" m="43627" /><G3/><T70/><D118/><U13/><E123/><V44/><F65/><N who="0" m="24586" /><D70/><U111/><E0/><V14/><F45/><W57/><G109/><T55/><D69/><U73/><E32/><V37/><F37/><W96/><G26/><N who="0" m="14695" /><D102/><U83/><E36/><V128/><F128/><W127/><G47/><N who="0" m="25959" /><D19/><U90/><E130/><V48/><F48/><W61/><G127/><T92/><D92/><U30/><E73/><V58/><F58/><AGARI ba="1,0" hai="4,7,55,58,62" m="25959,14695,24586" machi="58" ten="30,3900,0" yaku="8,1,52,1,54,1" doraHai="46" who="0" fromWho="2" sc="178,42,353,0,328,-42,141,0" /><INIT seed="7,0,0,0,0,37" ten="220,353,286,141" oya="3" hai0="67,38,26,15,52,50,82,63,48,113,60,102,88" hai1="33,97,12,92,19,13,74,4,56,115,53,106,90" hai2="86,40,31,120,134,103,131,9,28,62,25,77,24" hai3="104,34,96,10,101,116,80,78,21,66,35,20,135"/><W130/><G116/><T76/><D38/><U133/><E33/><V3/><F103/><W55/><G130/><T30/><D113/><U117/><E74/><V125/><F134/><W99/><G135/><T122/><D122/><U14/><E133/><V108/><F108/><W69/><G55/><T44/><D102/><U68/><E68/><V22/><F125/><W54/><G99/><T51/><D15/><U89/><E106/><V64/><F40/><W29/><G54/><T128/><D128/><U79/><E79/><V36/><F36/><W2/><G2/><T5/><D5/><U95/><E4/><V23/><F120/><W87/><G10/><T39/><D39/><U1/><E1/><V126/><F126/><W45/><G45/><T8/><D8/><N who="1" m="6535" /><E117/><V118/><F118/><W43/><G43/><T127/><D127/><U18/><E18/><V114/><F114/><W112/><G112/><T105/><D63/><N who="1" m="36239" /><E115/><V124/><F131/><W6/><G6/><T46/><D82/><U42/><E42/><V61/><F61/><N who="3" m="40143" /><G35/><N who="0" m="20951" /><D105/><U70/><E70/><V129/><F129/><W94/><G94/><T41/><D76/><U72/><E72/><V121/><F121/><W83/><G83/><T110/><D110/><U93/><E93/><V17/><F124/><W100/><G100/><T11/><D11/><U132/><E132/><V47/><F3/><W75/><G75/><T123/><D123/><U58/><E58/><N who="2" m="36951" /><F9/><W0/><G0/><T49/><D88/><U59/><E59/><V27/><F77/><W85/><G85/><AGARI ba="0,0" hai="13,14,85,89,90,92,95,97" m="36239,6535" machi="85" ten="30,1000,0" yaku="8,1" doraHai="37" who="1" fromWho="3" sc="220,0,353,10,286,0,141,-10" owari="220,-18.0,363,46.0,286,9.0,131,-37.0" /></mjloggm>