<mjloggm ver="2.3"><GO type="169" lobby="0"/><UN n0="%E8%91%89%E6%9B%B8%E5%90%8D%E7%84%A1%E3%81%97" n1="%EF%BC%88%E2%89%A7%E2%96%BD%E2%89%A6%EF%BC%89" n2="%E3%81%B3%E3%82%8A%E3%81%B3%E3%82%8A%E2%98%86%E3%83%93%E3%83%AA%E3%83%BC" n3="%E2%98%85%E3%83%86%E3%82%AF%E3%83%8E%E3%83%8F%E3%82%A6%E3%82%B9%E2%98%85" dan="16,18,18,16" rate="2070.04,2176.67,2211.18,2046.16" sx="M,F,M,M"/><TAIKYOKU oya="0"/><INIT seed="0,0,0,1,0,68" ten="250,250,250,250" oya="0" hai0="110,48,46,69,84,41,56,96,26,45,10,5,83" hai1="98,29,87,116,129,115,4,52,77,17,49,100,91" hai2="62,8,9,102,107,85,73,123,114,24,13,93,66" hai3="89,33,88,82,61,38,76,43,59,53,28,55,3"/><T14/><D110/><U57/><E116/><V7/><F123/><W78/><G3/><T130/><D69/><U39/><E115/><V112/><F73/><W23/><G33/><T109/><D130/><U101/><E129/><V125/><F107/><W31/><G78/><T72/><D109/><U119/><E119/><V94/><F125/><W135/><G135/><T6/><D72/><U51/><E39/><V106/><F106/><W95/><G23/><T0/><D96/><U90/><E4/><V133/><F133/><W105/><G105/><T75/><D75/><U111/><E29/><V108/><F108/><W92/><G82/><T19/><D26/><U117/><E117/><V127/><F127/><W70/><G76/><T42/><D56/><U99/><E111/><V121/><F121/><W134/><G70/><T113/><D0/><U103/><E17/><V50/><F114/><W131/><G131/><T47/><D113/><U67/><E67/><V25/><F66/><W22/><G22/><T32/><D32/><U1/><E1/><V12/><F9/><W63/><G134/><T30/><D30/><U2/><E2/><V71/><F8/><W120/><G43/><N who="0" m="16395" /><D48/><U79/><E49/><V74/><F74/><W132/><G132/><T11/><D11/><U37/><E37/><V81/><F71/><W58/><REACH who="3" step="1"/><G38/><REACH who="3" ten="250,250,250,240" step="2"/><T35/><D35/><U126/><E126/><V44/><F112/><W122/><AGARI ba="0,1" hai="28,31,53,55,58,59,61,63,88,89,92,95,120,122" machi="122" ten="25,12000,2" yaku="1,1,2,1,0,1,22,2,54,1,53,0" doraHai="68" doraHaiUra="34" who="3" fromWho="3" sc="250,-60,250,-30,250,-30,240,130" /><INIT seed="1,0,0,5,4,2" ten="190,220,220,370" oya="1" hai0="131,133,130,104,124,46,32,60,83,54,90,134,48" hai1="84,85,43,3,98,11,52,51,125,88,19,119,33" hai2="66,116,99,111,81,76,49,26,45,106,86,95,9" hai3="114,1,97,59,96,80,64,110,16,29,22,108,73"/><U13/><E119/><V61/><F116/><W71/><G71/><T135/><D104/><U92/><E33/><V105/><F111/><N who="3" m="42539" /><G29/><T27/><D83/><U89/><E125/><V69/><F26/><W121/><G114/><T4/><D90/><U107/><E107/><V120/><F9/><W109/><G121/><T87/><D87/><U53/><E3/><V65/><F65/><W82/><G1/><T6/><D124/><U23/><E23/><V75/><F75/><W91/><G73/><T128/><D60/><U24/><E24/><V112/><F112/><W122/><G122/><T115/><D115/><U18/><E18/><V79/><F79/><W117/><G117/><T15/><D15/><U77/><E77/><V126/><F126/><W100/><G91/><T127/><D127/><U44/><E98/><V42/><REACH who="2" step="1"/><F120/><REACH who="2" ten="190,220,210,370" step="2"/><W28/><G109/><T129/><N who="0" m="32768" /><DORA hai="37" /><T118/><REACH who="0" step="1"/><D118/><REACH who="0" ten="180,220,210,370" step="2"/><U38/><REACH who="1" step="1"/><E38/><REACH who="1" ten="180,210,210,370" step="2"/><V132/><F132/><W58/><G97/><T63/><D63/><U12/><E12/><V47/><F47/><W36/><G36/><T0/><D0/><U55/><E55/><V62/><F62/><W5/><G96/><T94/><D94/><AGARI ba="0,3" hai="11,13,19,43,44,51,52,53,84,85,88,89,92,94" machi="94" ten="30,18000,2" yaku="1,1,7,1,9,1,8,1,52,1,54,2,53,0" doraHai="2,37" doraHaiUra="101,20" who="1" fromWho="0" sc="180,-180,210,210,210,0,370,0" /><INIT seed="1,1,0,0,3,19" ten="0,420,210,370" oya="1" hai0="104,80,46,69,53,113,42,109,110,37,3,135,18" hai1="2,94,117,6,121,27,84,114,15,34,75,73,122" hai2="39,31,5,102,107,115,86,95,97,91,127,54,68" hai3="106,8,98,71,130,83,67,62,56,43,96,57,66"/><U4/><E117/><V79/><F68/><W45/><G130/><T108/><D3/><U0/><E114/><V32/><F115/><W123/><G123/><T29/><D113/><U38/><E38/><V77/><F39/><W120/><G120/><T60/><D104/><U92/><E15/><V129/><F129/><W23/><G71/><T111/><N who="0" m="27648" /><DORA hai="36" /><T52/><D135/><U13/><E13/><V41/><F127/><W133/><G133/><T28/><D80/><U58/><E58/><V134/><F134/><W119/><G119/><T90/><D90/><U116/><E116/><V128/><F128/><W131/><G131/><T10/><D10/><U26/><E84/><V49/><F5/><W22/><G83/><T124/><D124/><U105/><E34/><V125/><F32/><W70/><G70/><T64/><D18/><U118/><E118/><V40/><F125/><W55/><G67/><T81/><D81/><U112/><E112/><V63/><F107/><AGARI ba="1,0" hai="0,2,4,6,26,27,73,75,92,94,105,107,121,122" machi="107" ten="25,2400,0" yaku="22,2" doraHai="19,36" who="1" fromWho="2" sc="0,0,420,27,210,-27,370,0" /><INIT seed="1,2,0,1,2,6" ten="0,447,183,370" oya="1" hai0="85,99,4,9,52,126,28,34,5,133,129,96,33" hai1="121,105,124,25,31,50,12,118,43,100,94,65,48" hai2="115,38,57,127,98,47,114,91,111,56,93,16,39" hai3="13,19,80,21,0,41,2,27,120,46,123,77,79"/><U70/><E121/><V128/><F111/><W3/><G77/><T101/><D126/><U108/><E118/><V92/><F127/><W82/><G82/><T29/><D133/><U103/><E105/><V125/><F125/><W55/><G55/><T117/><D129/><U83/><E124/><V104/><F104/><W112/><G112/><N who="2" m="43049" /><F128/><W86/><REACH who="3" step="1"/><G27/><REACH who="3" ten="0,447,183,360" step="2"/><T67/><D67/><U130/><E65/><V30/><F47/><W60/><G60/><T89/><D117/><U26/><E25/><V102/><F57/><W69/><G69/><T44/><D44/><U17/><E70/><V71/><F56/><W22/><G22/><T78/><D78/><U68/><E68/><V75/><F71/><W58/><G58/><T95/><D52/><U97/><E130/><V54/><F54/><W90/><G90/><T132/><D132/><U109/><E43/><V20/><F91/><W64/><G64/><T32/><D96/><U59/><E83/><V122/><F98/><W24/><G24/><T113/><D113/><U66/><E66/><V110/><F110/><N who="1" m="42601" /><E59/><V49/><F122/><W1/><N who="3" m="0" /><DORA hai="76" /><W36/><AGARI ba="2,1" hai="13,19,21,36,41,46,79,80,86,120,123" m="0" machi="36" ten="60,8000,1" yaku="1,1,4,1,0,1,52,1,53,0" doraHai="6,76" doraHaiUra="84,51" who="3" fromWho="3" sc="0,-22,447,-42,183,-22,360,96" owari="-22,-52.0,405,21.0,161,-24.0,456,55.0" /></mjloggm>