<mjloggm ver="2.3"><GO type="97"/><UN n0="%E3%81%B6%E3%82%8B%E3%81%82%E3%81%82%E3%81%82%E3%81%82%E3%81%82%EF%BC%81" n1="%EF%BC%88%E2%89%A7%E2%96%BD%E2%89%A6%EF%BC%89" n2="%74%61%63%6F%73" n3="%E3%83%A1%E3%83%AD%E3%83%B3%65%78" dan="14,15,13,14" rate="1894,1996,1878,1883" sx="M,M,M,M"/><TAIKYOKU oya="0"/><INIT seed="0,0,0,4,1,26" ten="250,250,250,250" oya="0" hai0="84,42,16,43,58,65,63,70,81,80,79,89,95" hai1="90,56,98,127,9,122,20,60,35,1,74,36,132" hai2="68,78,24,48,119,131,23,109,110,54,55,6,21" hai3="94,99,128,102,116,120,73,75,37,62,93,134,67"/><T124/><D124/><U52/><E122/><V125/><F119/><W117/><G37/><T87/><D70/><U3/><E35/><V101/><F125/><W130/><G120/><T92/><REACH who="0" step="1"/><D16/><REACH who="0" ten="240,250,250,250" step="2"/><U107/><E127/><V96/><F68/><N who="3" m="42103" /><G134/><T100/><D100/><U50/><E132/><V4/><F101/><W59/><G116/><T104/><D104/><U133/><E107/><V13/><F109/><W49/><G117/><T44/><D44/><U29/><E133/><V38/><F110/><W108/><G108/><T123/><D123/><U97/><E9/><V31/><F4/><W27/><G93/><AGARI ba="0,1" hai="42,43,58,63,65,79,80,81,84,87,89,92,93,95" machi="93" ten="40,7700,0" yaku="1,1,8,1,53,1" doraHai="26" doraHaiUra="85" who="0" fromWho="3" sc="240,87,250,0,250,0,250,-77" /><INIT seed="0,1,0,4,3,92" ten="327,250,250,173" oya="0" hai0="116,11,72,19,132,120,121,6,118,50,124,135,106" hai1="35,107,134,33,78,30,94,2,129,103,57,51,18" hai2="16,101,109,54,70,3,53,45,42,43,49,52,93" hai3="14,31,114,63,71,9,12,22,38,102,5,76,62"/><T126/><D106/><U77/><E2/><V111/><F70/><W64/><G114/><T87/><D72/><U115/><E107/><V80/><F3/><W130/><G38/><T69/><D69/><U79/><E115/><V65/><F65/><W58/><G130/><T44/><D87/><U20/><E129/><V125/><F125/><N who="0" m="48234" /><D19/><U1/><E1/><V91/><F101/><W29/><G76/><T96/><D96/><N who="1" m="59799" /><E134/><N who="0" m="51241" /><D50/><U66/><E35/><V84/><F42/><W88/><G102/><T56/><D56/><U15/><E33/><V7/><F7/><W46/><G46/><T10/><D44/><U74/><E74/><V105/><F105/><W83/><G22/><T47/><D47/><U55/><E66/><V17/><REACH who="2" step="1"/><F80/><REACH who="2" ten="327,250,240,173" step="2"/><W41/><G41/><T90/><D6/><U82/><E30/><V8/><F8/><N who="0" m="3114" /><D90/><U97/><E97/><V89/><F89/><W117/><G117/><AGARI ba="1,1" hai="116,117,118,120,121" m="3114,51241,48234" machi="117" ten="40,18000,2" yaku="28,2,18,1,20,1,34,2" doraHai="92" who="0" fromWho="3" sc="327,193,250,0,240,0,173,-183" owari="520,62.0,250,5.0,240,-16.0,-10,-51.0" /></mjloggm>