<mjloggm ver="2.3"><GO type="43"/><UN n0="%E3%81%AF%E3%81%90%E3%82%8C%E3%83%9F%E3%83%B3%E3%83%88" n1="%EF%BC%88%E2%89%A7%E2%96%BD%E2%89%A6%EF%BC%89" n2="%E3%81%B5%E3%81%98%E9%80%9A" n3="%4E%61%4E%61%E2%98%86" dan="14,15,15,14" rate="2139,1983,1966,1932" sx="F,M,M,F"/><TAIKYOKU oya="0"/><INIT seed="0,0,0,4,4,48" ten="250,250,250,250" oya="0" hai0="21,86,34,23,134,121,105,85,26,98,57,24,27" hai1="56,3,25,108,60,11,102,16,89,35,68,50,122" hai2="63,40,30,59,19,135,31,29,97,113,76,118,92" hai3="131,7,37,66,15,38,94,132,75,9,46,55,67"/><T119/><D119/><U44/><E122/><V20/><F113/><W47/><G75/><T107/><D121/><U62/><E68/><V39/><F118/><W106/><G106/><T93/><D134/><U32/><E108/><V99/><F135/><W70/><G132/><T120/><D120/><U43/><E102/><V127/><F127/><W104/><G104/><T110/><D110/><U2/><E2/><V10/><F76/><W129/><G46/><T52/><D107/><U74/><E74/><V33/><F10/><W5/><G5/><T101/><D34/><U124/><E124/><V81/><F81/><W112/><G112/><T71/><D71/><U65/><E3/><V22/><F39/><N who="3" m="14859" /><G94/><T58/><D58/><U61/><E35/><V130/><F130/><N who="3" m="49675" /><G70/><T95/><D105/><U111/><E111/><V109/><F109/><W49/><AGARI ba="0,0" hai="7,9,15,47,49,55,66,67" m="49675,14859" machi="49" ten="40,2700,0" yaku="19,1,52,1" doraHai="48" who="3" fromWho="3" sc="250,-13,250,-7,250,-7,250,27" /><INIT seed="1,0,0,5,2,2" ten="237,243,243,277" oya="1" hai0="36,32,72,47,70,6,33,34,12,50,29,128,10" hai1="133,48,5,57,112,56,93,14,62,103,104,35,37" hai2="58,125,68,8,127,0,28,108,4,97,82,132,13" hai3="31,18,106,99,121,27,87,101,86,74,118,46,39"/><U67/><E37/><V52/><F68/><W55/><G121/><T71/><D36/><U15/><E35/><V85/><F108/><W64/><G74/><T80/><D128/><U123/><E123/><V25/><F132/><W16/><G118/><T42/><REACH who="0" step="1"/><D29/><REACH who="0" ten="227,243,243,277" step="2"/><U49/><E133/><V105/><F28/><W21/><G39/><T11/><D11/><U75/><E112/><V90/><F8/><W102/><G31/><T91/><D91/><U98/><E75/><V100/><F90/><W122/><G101/><T61/><D61/><U30/><E30/><V119/><F119/><W81/><G102/><T73/><D73/><U96/><E57/><V111/><F58/><W69/><G69/><T110/><D110/><U124/><E124/><V92/><F111/><W94/><G122/><T114/><D114/><U53/><E103/><V17/><F125/><W120/><G120/><T113/><D113/><U26/><E62/><V129/><F127/><W7/><G46/><T43/><D43/><U22/><E104/><V41/><F129/><W65/><G106/><T84/><D84/><U9/><E98/><V66/><F41/><W76/><G86/><T79/><AGARI ba="0,1" hai="6,10,12,32,33,34,42,47,50,70,71,72,79,80" machi="79" ten="40,5200,0" yaku="1,1,0,1,52,1,53,0" doraHai="2" doraHaiUra="115" who="0" fromWho="0" sc="227,62,243,-26,243,-13,277,-13" /><INIT seed="2,0,0,3,0,8" ten="289,217,230,264" oya="2" hai0="61,29,90,41,48,52,110,124,106,103,74,82,20" hai1="99,58,96,45,127,132,76,53,60,2,59,68,117" hai2="34,126,87,5,91,19,38,77,43,78,17,93,66" hai3="14,92,108,56,40,15,18,123,112,11,55,6,80"/><V35/><F126/><W16/><G123/><T128/><D124/><U54/><E127/><V32/><F5/><W26/><G112/><T134/><D110/><U28/><E117/><V36/><F66/><W72/><G108/><T25/><D134/><U65/><E132/><V81/><F77/><W85/><G40/><T111/><D111/><U113/><E113/><V9/><F43/><W67/><G72/><T62/><D128/><U104/><E2/><V0/><F0/><W75/><G75/><T98/><D41/><U94/><E76/><V27/><F17/><W51/><G67/><T12/><D74/><U13/><E104/><V131/><F131/><W102/><G26/><T3/><D3/><U10/><E28/><V107/><F107/><W33/><G33/><T44/><D82/><U116/><E45/><V47/><F47/><W83/><G6/><T39/><D90/><U120/><E120/><V95/><F95/><W79/><G79/><T105/><D105/><U119/><E68/><V69/><F69/><W130/><G130/><T4/><D39/><U49/><E65/><V23/><REACH who="2" step="1"/><F9/><REACH who="2" ten="289,217,220,264" step="2"/><N who="3" m="6223" /><G85/><AGARI ba="0,1" hai="19,23,27,32,34,35,36,38,78,81,85,87,91,93" machi="85" ten="40,2000,0" yaku="1,1,53,0" doraHai="8" doraHaiUra="122" who="2" fromWho="3" sc="289,0,217,0,220,30,264,-20" /><INIT seed="2,1,0,4,0,56" ten="289,217,250,244" oya="2" hai0="55,93,44,89,51,8,14,49,33,118,105,77,5" hai1="133,78,59,38,72,65,40,135,68,95,15,22,31" hai2="101,131,70,25,7,1,21,87,88,125,71,34,10" hai3="134,114,110,28,86,116,52,106,74,98,45,97,121"/><V96/><F34/><W75/><G116/><T36/><D105/><U83/><E68/><V80/><F131/><W41/><G121/><T107/><D107/><U124/><E124/><V94/><REACH who="2" step="1"/><F125/><REACH who="2" ten="289,217,240,244" step="2"/><W50/><G114/><T73/><D33/><U13/><E133/><V53/><F53/><W117/><G134/><T12/><D118/><U35/><E135/><V37/><F37/><W113/><G113/><T129/><D129/><U109/><E38/><V61/><F61/><W81/><G52/><T57/><D36/><U17/><E40/><V122/><F122/><W26/><G117/><T6/><D73/><U76/><E72/><V54/><F54/><W102/><G75/><T119/><D119/><U43/><E43/><V115/><F115/><W63/><G74/><T16/><D77/><U104/><E76/><V84/><F84/><W67/><G98/><T62/><D14/><U90/><E13/><V130/><F130/><W100/><G86/><T23/><D8/><U92/><E15/><V132/><F132/><W85/><G85/><N who="0" m="52399" /><D51/><U47/><E78/><V29/><AGARI ba="1,1" hai="1,7,10,21,25,29,70,71,80,87,88,94,96,101" machi="29" ten="20,3900,0" yaku="1,1,0,1,7,1,53,0" doraHai="56" doraHaiUra="46" who="2" fromWho="2" sc="289,-14,217,-14,240,52,244,-14" /><INIT seed="2,2,0,0,3,17" ten="275,203,292,230" oya="2" hai0="71,75,10,96,124,28,1,83,78,25,41,0,87" hai1="122,7,57,39,21,54,105,72,48,3,34,134,11" hai2="42,66,5,128,35,36,30,123,130,69,60,38,120" hai3="113,98,125,29,13,47,16,86,127,53,109,79,50"/><V135/><F5/><W65/><G109/><T44/><D124/><N who="3" m="47689" /><G113/><T89/><D71/><U92/><E105/><V97/><F97/><W116/><G116/><T114/><D114/><U80/><E39/><N who="2" m="14891" /><F30/><W85/><G65/><T55/><D55/><U19/><E34/><V64/><F35/><W112/><G112/><T84/><D96/><U74/><E122/><N who="2" m="46635" /><F135/><W67/><G67/><T126/><D126/><U93/><E134/><V129/><F64/><W61/><G79/><T63/><D63/><U133/><E133/><V45/><F45/><W68/><G61/><T4/><D1/><U121/><E121/><V56/><F42/><W131/><G68/><AGARI ba="2,0" hai="56,60,66,68,69,128,129,130" m="46635,14891" machi="68" ten="40,7700,0" yaku="19,1,34,2" doraHai="17" who="2" fromWho="3" sc="275,0,203,0,292,83,230,-83" /><INIT seed="2,3,0,3,0,54" ten="275,203,375,147" oya="2" hai0="7,39,112,124,16,51,104,107,13,113,36,109,42" hai1="118,34,22,6,15,79,56,35,38,105,93,135,45" hai2="130,44,87,47,96,20,85,18,125,131,128,116,72" hai3="129,133,127,86,48,84,102,134,52,65,82,33,12"/><V2/><F116/><W57/><G33/><T53/><D109/><U74/><E105/><V126/><F2/><W119/><G119/><T8/><D124/><N who="2" m="47722" /><F72/><W83/><G127/><T70/><D70/><U60/><E118/><V5/><F5/><W41/><G129/><T0/><D107/><U100/><E135/><N who="3" m="51722" /><G102/><T32/><D104/><U66/><E38/><V120/><F120/><W61/><G41/><T11/><D32/><U95/><E45/><N who="2" m="17483" /><F96/><W43/><G43/><T27/><D42/><U88/><E74/><V10/><F10/><W4/><G4/><T62/><D27/><AGARI ba="3,0" hai="18,20,27,85,87,128,130,131" m="17483,47722" machi="27" ten="40,3900,0" yaku="19,1,18,1" doraHai="54" who="2" fromWho="0" sc="275,-48,203,0,375,48,147,0" /><INIT seed="2,4,0,3,5,77" ten="227,203,423,147" oya="2" hai0="101,81,23,37,129,62,15,30,111,14,94,89,6" hai1="128,38,133,72,121,22,13,41,43,32,61,10,36" hai2="92,25,113,51,2,46,78,50,84,9,74,118,68" hai3="16,120,18,109,110,47,117,59,69,58,42,31,112"/><V103/><F118/><W100/><G69/><T76/><D37/><U7/><E121/><V0/><F113/><W71/><G117/><T127/><D111/><U126/><E32/><V21/><F68/><W91/><G71/><T97/><D127/><U12/><E126/><V88/><F74/><W55/><G120/><T60/><D129/><U29/><E128/><V35/><F35/><W130/><G130/><T48/><D48/><U27/><E72/><V107/><F78/><W93/><G100/><T3/><D3/><U99/><E133/><V95/><F107/><W11/><G31/><T39/><D39/><U135/><E135/><V20/><F2/><W28/><G28/><T115/><D115/><U26/><E38/><V79/><F79/><W124/><G124/><T52/><D101/><U86/><E36/><V19/><F0/><W33/><G33/><T108/><D108/><N who="3" m="41577" /><G112/><T45/><D6/><U96/><E13/><V134/><F134/><W131/><G131/><T53/><D30/><U44/><E29/><V65/><F9/><W102/><G102/><T34/><D34/><U80/><E10/><V119/><F119/><W1/><G1/><T56/><D23/><U105/><E22/><V64/><F20/><W114/><G114/><T54/><D45/><U40/><E44/><V106/><F106/><W8/><G58/><T49/><D49/><N who="2" m="18442" /><F46/><W63/><G47/><T82/><D76/><U67/><E105/><V116/><F116/><W75/><G75/><T132/><D132/><U87/><E41/><V4/><F4/><W17/><G42/><N who="1" m="15914" /><E7/><V83/><F103/><RYUUKYOKU ba="4,0" sc="227,-15,203,-15,423,15,147,15" hai2="19,21,25,64,65,83,84,88,92,95" hai3="8,11,16,17,18,55,59,63,91,93" /><INIT seed="2,5,0,2,1,113" ten="212,188,438,162" oya="2" hai0="14,34,108,28,49,54,107,87,60,124,1,38,10" hai1="5,80,3,36,41,33,90,29,58,116,132,21,27" hai2="32,63,93,73,8,99,6,72,88,19,77,96,105" hai3="129,95,117,111,0,46,135,81,127,119,15,133,42"/><V91/><F32/><W11/><G0/><T98/><D1/><U57/><E132/><N who="3" m="50762" /><G127/><T61/><D38/><U131/><E131/><V4/><F63/><W120/><G120/><T20/><D124/><U126/><E126/><V37/><F37/><N who="3" m="21839" /><G129/><T55/><D34/><U16/><E33/><V22/><F105/><W83/><G111/><T122/><D122/><U47/><E3/><V103/><F103/><W67/><G67/><T35/><D35/><U70/><E70/><V44/><F44/><W75/><G95/><T71/><D108/><U56/><E47/><V82/><F73/><W65/><G65/><T9/><D71/><U17/><E36/><V18/><F18/><N who="3" m="8575" /><G75/><T48/><D87/><U125/><E125/><V85/><F72/><W7/><G7/><T104/><D20/><U66/><E21/><V40/><F40/><W30/><G30/><T53/><D28/><U74/><E29/><V84/><F8/><W110/><G110/><T13/><D54/><U39/><E39/><V118/><F84/><W92/><G92/><T62/><REACH who="0" step="1"/><D60/><REACH who="0" ten="202,188,438,162" step="2"/><U78/><E74/><V12/><F85/><W97/><G97/><AGARI ba="5,1" hai="9,10,13,14,48,49,53,55,61,62,97,98,104,107" machi="97" ten="25,6400,0" yaku="1,1,2,1,22,2,53,0" doraHai="113" doraHaiUra="89" who="0" fromWho="3" sc="202,89,188,0,438,0,162,-79" /><INIT seed="3,0,0,1,0,9" ten="291,188,438,83" oya="3" hai0="42,100,82,127,79,17,36,30,51,22,73,101,95" hai1="91,68,105,61,71,38,75,128,59,107,109,92,106" hai2="20,2,90,48,23,104,94,78,56,21,87,27,131" hai3="86,122,40,0,15,19,102,134,43,88,10,32,37"/><W34/><G122/><T93/><D127/><U7/><E109/><V67/><F104/><W81/><G81/><T14/><D36/><U103/><E128/><V64/><F2/><W49/><G134/><T120/><D120/><U110/><E110/><V45/><F131/><W111/><G111/><T72/><D72/><U55/><E38/><V96/><F56/><W47/><G102/><T50/><D30/><U97/><E75/><V35/><F35/><W54/><G0/><T25/><D25/><U33/><E33/><V31/><F78/><W84/><G40/><T26/><D26/><U112/><E112/><V13/><F96/><W12/><G12/><T99/><D42/><U1/><E1/><V126/><F126/><W130/><G130/><T124/><D124/><U74/><E74/><V77/><F77/><W115/><G115/><T66/><D66/><N who="2" m="25130" /><F31/><W117/><G117/><T132/><REACH who="0" step="1"/><D132/><REACH who="0" ten="281,188,438,83" step="2"/><U70/><REACH who="1" step="1"/><E7/><REACH who="1" ten="281,178,438,83" step="2"/><V85/><F27/><W4/><G4/><T6/><D6/><U113/><E113/><V98/><F85/><AGARI ba="0,2" hai="55,59,61,68,70,71,85,91,92,97,103,105,106,107" machi="85" ten="40,2600,0" yaku="1,1,53,1" doraHai="9" doraHaiUra="89" who="1" fromWho="2" sc="281,0,178,46,438,-26,83,0" /><INIT seed="4,0,0,5,3,69" ten="281,224,412,83" oya="0" hai0="2,78,28,130,79,110,113,81,66,41,99,62,128" hai1="39,15,71,12,74,90,54,123,17,125,87,22,0" hai2="61,121,8,64,94,86,34,27,100,47,24,101,133" hai3="102,72,50,119,60,4,91,97,18,107,55,31,88"/><T32/><D2/><U35/><E74/><V30/><F121/><W120/><G119/><T40/><D113/><U96/><E123/><V20/><F133/><W135/><G120/><T48/><D110/><U70/><E125/><V36/><F8/><W129/><G135/><T84/><D99/><U1/><E35/><V16/><F86/><W106/><G129/><N who="0" m="49771" /><D78/><U131/><E131/><V10/><F10/><W134/><G134/><T51/><D28/><U115/><E115/><V80/><F80/><W68/><G107/><T21/><D21/><U52/><E96/><V126/><F126/><W5/><G72/><T76/><D76/><U43/><E15/><V85/><F85/><W38/><G38/><T26/><D26/><U63/><E0/><V112/><F112/><W49/><G49/><N who="0" m="19019" /><D32/><U57/><E1/><V92/><F100/><W65/><G18/><T132/><D132/><U33/><E33/><V75/><F75/><W53/><G31/><T67/><D67/><U89/><E54/><V23/><F101/><W82/><G55/><T105/><D105/><U116/><E116/><V117/><F117/><W14/><G14/><T73/><D73/><U29/><E29/><V42/><F34/><W7/><REACH who="3" step="1"/><G82/><REACH who="3" ten="281,224,412,73" step="2"/><T77/><D77/><U58/><E12/><V95/><F95/><W45/><AGARI ba="0,1" hai="4,5,7,45,50,53,60,65,68,88,91,97,102,106" machi="45" ten="30,4000,0" yaku="1,1,2,1,0,1,53,0" doraHai="69" doraHaiUra="19" who="3" fromWho="3" sc="281,-20,224,-10,412,-10,73,50" /><INIT seed="5,0,0,0,0,107" ten="261,214,402,123" oya="1" hai0="116,105,80,82,134,20,71,129,95,15,47,43,135" hai1="2,56,117,106,8,115,76,127,132,121,33,73,31" hai2="14,93,48,81,128,109,64,24,41,37,114,39,99" hai3="60,6,5,17,0,67,91,51,28,1,131,4,133"/><U97/><RYUUKYOKU type="yao9" ba="0,0" sc="261,0,214,0,402,0,123,0" hai1="2,8,31,33,56,73,76,97,106,115,117,121,127,132" /><INIT seed="5,1,0,4,2,116" ten="261,214,402,123" oya="1" hai0="62,108,94,57,97,44,65,39,5,18,7,99,76" hai1="104,118,112,26,27,31,89,63,28,58,95,121,113" hai2="133,6,123,109,16,120,135,23,17,3,132,71,105" hai3="93,127,83,34,64,45,101,81,122,74,10,35,24"/><U22/><E104/><V53/><F105/><W125/><G64/><T54/><D108/><U91/><E118/><V73/><F73/><W86/><G74/><T37/><D37/><U11/><E11/><N who="2" m="2527" /><F71/><W88/><G101/><T21/><D76/><U4/><E4/><N who="0" m="1609" /><D39/><U114/><E121/><N who="2" m="46667" /><F109/><W13/><G122/><T107/><D107/><U0/><E0/><V106/><F106/><W43/><G125/><T48/><D94/><U56/><E63/><V15/><F53/><W82/><G127/><T129/><D129/><U70/><E70/><V47/><F47/><W8/><G45/><T102/><D102/><U38/><E38/><V20/><F17/><W14/><G43/><T128/><D128/><U67/><E67/><V49/><F49/><W69/><G69/><T117/><D117/><U41/><E41/><V42/><F42/><W126/><G126/><T1/><D1/><U131/><E131/><V46/><F46/><W66/><G66/><T50/><D50/><U103/><E103/><V77/><F77/><W87/><G87/><T115/><D18/><U36/><E36/><V33/><F20/><W134/><G86/><T52/><D21/><N who="1" m="15471" /><E91/><V19/><F19/><N who="3" m="8615" /><G88/><T98/><D65/><U80/><E80/><V110/><F110/><W61/><G82/><T32/><D99/><AGARI ba="1,0" hai="22,26,31,56,58,89,95,99,112,113,114" m="15471" machi="99" ten="30,1500,0" yaku="15,1" doraHai="116" who="1" fromWho="0" sc="261,-18,214,18,402,0,123,0" /><INIT seed="5,2,0,2,5,113" ten="243,232,402,123" oya="1" hai0="68,104,106,62,91,0,73,38,52,56,42,13,119" hai1="126,9,23,27,41,30,1,120,47,98,127,84,48" hai2="26,32,111,49,59,19,85,121,39,43,4,96,18" hai3="36,80,134,82,88,116,112,75,107,78,110,22,37"/><U102/><E120/><V115/><F121/><W117/><G112/><T97/><D0/><U118/><E118/><N who="3" m="45674" /><G110/><T128/><D119/><U60/><E84/><V93/><F111/><W67/><G107/><T66/><D73/><U2/><E60/><V122/><F122/><W79/><G134/><T25/><D128/><U87/><E87/><V114/><F4/><W76/><G67/><T135/><D135/><U5/><REACH who="1" step="1"/><E2/><REACH who="1" ten="243,222,402,123" step="2"/><V99/><F85/><N who="3" m="50231" /><G22/><T105/><D62/><U70/><E70/><V92/><F32/><W71/><G71/><T123/><D68/><U45/><E45/><V65/><F99/><W29/><G29/><T17/><D123/><U63/><E63/><V31/><F96/><W28/><G28/><T103/><D97/><U6/><E6/><V14/><F114/><W58/><G58/><T53/><D56/><U12/><E12/><V129/><F59/><W89/><G89/><T90/><D91/><U16/><E16/><V131/><F19/><W46/><G46/><T35/><D90/><U61/><E61/><V34/><F18/><W3/><G3/><T50/><D17/><U86/><E86/><V130/><F115/><W54/><G54/><T33/><D53/><U74/><E74/><V72/><F72/><W51/><G51/><T20/><D52/><U109/><E109/><V55/><F130/><W100/><G100/><T132/><D50/><U94/><AGARI ba="2,1" hai="1,5,9,23,27,30,41,47,48,94,98,102,126,127" machi="94" ten="30,3000,0" yaku="1,1,0,1,53,0" doraHai="113" doraHaiUra="101" who="1" fromWho="1" sc="243,-12,222,46,402,-12,123,-12" /><INIT seed="5,3,0,2,4,98" ten="231,268,390,111" oya="1" hai0="26,86,4,34,69,40,125,107,56,85,101,49,62" hai1="123,80,97,48,15,106,37,72,36,109,51,127,129" hai2="44,92,57,124,105,83,114,6,132,66,2,55,90" hai3="113,8,29,65,60,134,70,73,22,96,74,103,20"/><U67/><E123/><V38/><F105/><W17/><G134/><T41/><D125/><U95/><E106/><V30/><F132/><W5/><G113/><T63/><D4/><U81/><E127/><V50/><F124/><W39/><G39/><T88/><D62/><U64/><E72/><V126/><F126/><W117/><G117/><T133/><D133/><U130/><E97/><V23/><F83/><W53/><G53/><T84/><D88/><U71/><E95/><V135/><F135/><W75/><G29/><N who="0" m="19767" /><D49/><U3/><E3/><V120/><F120/><W7/><G7/><T27/><D56/><U61/><E61/><V91/><F2/><W9/><G9/><T87/><D27/><U121/><E121/><V16/><F6/><W118/><G118/><T25/><D25/><U28/><E28/><V131/><F30/><W110/><G17/><T93/><D93/><U11/><E11/><V116/><F116/><W59/><G70/><T33/><D87/><U58/><E58/><V54/><F38/><W79/><G79/><T68/><D33/><U115/><E71/><V108/><F92/><W112/><G112/><T0/><D0/><U42/><E42/><V31/><F114/><W45/><G45/><T99/><D69/><U13/><REACH who="1" step="1"/><E115/><REACH who="1" ten="231,258,390,111" step="2"/><V35/><F31/><W10/><G10/><T119/><D119/><U46/><E46/><V43/><F57/><W89/><G8/><T32/><D32/><U102/><E102/><V77/><F35/><W47/><G103/><T128/><D68/><U52/><E52/><V76/><F55/><N who="3" m="33919" /><G74/><T1/><D40/><RYUUKYOKU ba="3,1" sc="231,-10,258,30,390,-10,111,-10" hai1="13,15,36,37,48,51,64,67,80,81,109,129,130" /><INIT seed="5,4,1,0,1,13" ten="221,288,380,101" oya="1" hai0="63,20,61,89,124,70,94,34,135,24,95,23,131" hai1="45,52,76,21,130,107,134,97,50,1,0,41,85" hai2="11,123,74,112,92,8,10,16,36,96,111,117,65" hai3="38,77,121,82,6,73,104,119,83,40,116,122,114"/><U78/><E130/><V60/><F123/><N who="3" m="47115" /><G40/><T55/><D131/><U2/><E134/><V100/><F117/><N who="3" m="45131" /><G38/><T22/><D135/><U79/><E21/><V33/><F111/><W81/><G6/><T54/><D124/><U31/><E31/><V37/><F33/><W84/><G104/><T26/><D34/><U25/><E25/><N who="0" m="9833" /><D70/><U59/><E107/><V108/><F108/><W110/><G110/><T15/><D89/><U7/><E97/><V4/><F74/><W75/><G114/><T9/><D15/><U115/><E115/><V53/><F112/><W64/><G64/><T18/><D9/><U87/><REACH who="1" step="1"/><E7/><REACH who="1" ten="221,278,380,101" step="2"/><V58/><F4/><W106/><G106/><T105/><D105/><U98/><E98/><V27/><F37/><AGARI ba="4,2" hai="0,1,2,37,41,45,50,52,59,76,78,79,85,87" machi="37" ten="50,2400,0" yaku="1,1,53,0" doraHai="13" doraHaiUra="132" who="1" fromWho="2" sc="221,0,278,56,380,-36,101,0" /><INIT seed="5,5,0,4,0,134" ten="221,334,344,101" oya="1" hai0="79,38,123,102,120,15,37,19,59,126,88,29,76" hai1="4,119,100,12,31,32,11,14,130,13,94,2,67" hai2="3,86,23,87,33,68,81,129,122,109,61,128,91" hai3="125,52,135,115,73,106,82,80,26,39,10,63,131"/><U48/><E119/><V49/><F33/><W51/><G106/><T43/><D102/><U56/><E130/><N who="2" m="50283" /><F109/><W27/><G131/><T16/><D29/><U99/><E32/><V92/><F122/><N who="0" m="46634" /><D88/><U65/><REACH who="1" step="1"/><E31/><REACH who="1" ten="221,324,344,101" step="2"/><V40/><F68/><W5/><G115/><T24/><D24/><U69/><E69/><V70/><F70/><W72/><G27/><T113/><D113/><U58/><E58/><V90/><F3/><W95/><G26/><T45/><D59/><U55/><AGARI ba="5,1" hai="2,4,11,12,13,14,48,55,56,65,67,94,99,100" machi="55" ten="30,6000,0" yaku="1,1,0,1,53,1" doraHai="134" doraHaiUra="97" who="1" fromWho="1" sc="221,-25,324,85,344,-25,101,-25" /><INIT seed="5,6,0,3,5,87" ten="196,409,319,76" oya="1" hai0="104,78,65,4,81,0,99,51,123,80,120,54,20" hai1="93,110,34,98,131,73,121,124,117,71,76,129,63" hai2="128,62,69,26,12,75,103,48,106,31,15,85,38" hai3="126,134,13,90,25,127,52,67,102,64,135,44,42"/><U84/><E34/><V130/><F75/><W55/><G102/><N who="0" m="62559" /><D65/><N who="3" m="25161" /><G25/><T21/><D4/><U30/><E63/><V40/><F38/><W105/><G105/><T118/><D0/><U66/><E71/><V61/><F69/><W14/><G14/><T107/><D107/><U111/><E73/><V8/><F12/><W108/><G108/><T82/><D78/><U43/><E76/><V49/><F106/><W29/><G29/><T112/><D118/><U2/><E2/><V70/><F103/><W94/><G13/><T132/><D112/><U83/><E117/><V100/><F100/><W79/><G79/><T33/><D33/><U95/><E111/><V28/><F70/><W50/><G94/><T91/><D132/><N who="3" m="50729" /><G90/><T39/><D39/><U125/><E110/><V97/><F97/><W11/><G11/><T60/><D60/><N who="2" m="23146" /><F28/><W115/><G115/><T133/><D91/><U88/><E88/><V47/><F31/><W122/><G122/><N who="0" m="46635" /><D133/><U45/><E121/><V3/><F3/><W23/><G23/><T68/><D68/><U5/><E30/><V27/><F85/><W24/><G24/><T16/><D16/><U22/><E84/><V114/><F114/><W74/><G74/><T7/><D7/><U57/><E98/><V9/><F26/><W86/><G86/><T72/><D72/><U46/><E66/><V32/><F32/><W56/><G52/><T89/><D89/><U10/><E10/><N who="2" m="4203" /><F27/><W36/><AGARI ba="6,0" hai="36,42,44,50,55,56,126,127" m="50729,25161" machi="36" ten="30,4000,0" yaku="20,1,34,2" doraHai="87" who="3" fromWho="3" sc="196,-16,409,-26,319,-16,76,58" /><INIT seed="6,0,0,5,5,48" ten="180,383,303,134" oya="2" hai0="98,94,8,124,75,92,30,2,109,12,102,49,7" hai1="93,44,108,13,132,68,50,52,72,117,129,10,97" hai2="55,90,110,79,86,56,85,121,45,122,37,27,84" hai3="73,67,62,95,126,91,5,39,105,118,20,34,134"/><V80/><F27/><W71/><G105/><T116/><D109/><U101/><E108/><V4/><F110/><W32/><G118/><T70/><D75/><U53/><E72/><V17/><F4/><W23/><G73/><T112/><D116/><U25/><E117/><V3/><F3/><W96/><G39/><T128/><D70/><U100/><E68/><V77/><F17/><W60/><G126/><T106/><D124/><U83/><E129/><V64/><F64/><W38/><G38/><T14/><D128/><U114/><E114/><V22/><F22/><W88/><G134/><T36/><D36/><U76/><E132/><V104/><F104/><W130/><G130/><T1/><D112/><U54/><E25/><V29/><F29/><W81/><G5/><T40/><D30/><U59/><E76/><V135/><F135/><W131/><G131/><T74/><D74/><U9/><E83/><V24/><F24/><W31/><G62/><T89/><D1/><U21/><E100/><V18/><F18/><W61/><G61/><T51/><D106/><U133/><E133/><V78/><F37/><W123/><G123/><N who="2" m="47113" /><F45/><W125/><G125/><T42/><D2/><U87/><E87/><V127/><F127/><W58/><G71/><T11/><D42/><N who="1" m="24855" /><E59/><V120/><F120/><W82/><G82/><T15/><D40/><U57/><E57/><V47/><F47/><W66/><G66/><T111/><D111/><U115/><E115/><V113/><F113/><W103/><G103/><T107/><D107/><U0/><E0/><V46/><F46/><W43/><G58/><RYUUKYOKU ba="0,0" sc="180,-15,383,15,303,15,134,-15" hai1="9,10,13,21,52,53,54,93,97,101" hai2="55,56,77,78,79,80,84,85,86,90" /><INIT seed="6,1,0,2,3,75" ten="165,398,318,119" oya="2" hai0="106,71,61,11,44,20,110,58,26,53,56,132,64" hai1="127,97,24,51,42,57,96,92,34,112,45,21,36" hai2="124,130,22,86,48,122,49,128,89,5,54,47,107" hai3="72,29,69,135,35,100,19,39,133,68,62,126,41"/><V59/><F122/><W83/><G126/><T102/><D110/><U17/><E127/><V18/><F107/><W74/><G100/><T27/><D132/><U85/><E112/><V120/><F120/><W108/><G108/><T38/><D11/><U105/><E34/><V37/><F124/><W43/><G19/><T14/><D58/><U93/><E105/><V103/><F103/><W94/><G94/><N who="1" m="36458" /><E36/><V73/><F73/><W77/><G72/><T84/><D14/><U40/><E40/><N who="2" m="24679" /><F5/><W98/><G98/><N who="1" m="37994" /><E57/><V81/><F37/><W134/><G43/><N who="0" m="22647" /><D84/><AGARI ba="1,0" hai="17,21,24,42,45,51,84,85" m="37994,36458" machi="84" ten="30,1000,0" yaku="8,1" doraHai="75" who="1" fromWho="0" sc="165,-13,398,13,318,0,119,0" /><INIT seed="7,0,0,4,4,7" ten="152,411,318,119" oya="3" hai0="74,22,58,59,52,99,110,92,10,40,82,101,32" hai1="91,13,17,36,80,65,15,83,89,62,34,25,41" hai2="45,87,19,63,114,66,107,53,38,60,109,118,90" hai3="31,95,77,37,121,88,0,49,108,93,26,11,39"/><W126/><G121/><T134/><D32/><U105/><E105/><V135/><F107/><W94/><G126/><T20/><D110/><U117/><E117/><V104/><F109/><W30/><G108/><T76/><D134/><U72/><E36/><V124/><F104/><W78/><G88/><T2/><D40/><U81/><E72/><V111/><F111/><W61/><G61/><T120/><D120/><U5/><E41/><V116/><F19/><W102/><G102/><T68/><D68/><U113/><E113/><V54/><F90/><N who="1" m="34313" /><E34/><V1/><F1/><W133/><G133/><T96/><D59/><N who="1" m="37087" /><E5/><V29/><F87/><W106/><G106/><T70/><D70/><U43/><E43/><N who="2" m="22775" /><F29/><N who="3" m="10763" /><G0/><T23/><D99/><U98/><E98/><V3/><F3/><W48/><G26/><T6/><D23/><AGARI ba="0,0" hai="13,15,17,23,25,80,81,83" m="37087,34313" machi="23" ten="30,1000,0" yaku="8,1" doraHai="7" who="1" fromWho="0" sc="152,-10,411,10,318,0,119,0" owari="142,-26.0,421,52.0,318,12.0,119,-38.0" /></mjloggm>