<mjloggm ver="2.3"><GO type="169" lobby="0"/><UN n0="%43%4F%52%41%4C" n1="%E5%B8%B8%E5%8B%9D%E7%87%95%E8%BB%8D%E5%9B%A3" n2="%EF%BC%88%E2%89%A7%E2%96%BD%E2%89%A6%EF%BC%89" n3="%E9%BA%A6%E5%AD%90%74%7A" dan="16,17,18,16" rate="2048.91,2139.35,2243.90,2054.70" sx="M,M,M,M"/><TAIKYOKU oya="0"/><INIT seed="0,0,0,4,0,49" ten="250,250,250,250" oya="0" hai0="15,76,33,32,30,127,44,53,82,116,21,86,121" hai1="80,7,6,96,134,118,100,31,73,56,48,88,54" hai2="36,19,16,65,123,85,5,52,55,45,42,62,126" hai3="40,81,10,133,105,93,2,75,4,59,110,89,95"/><T22/><D116/><U71/><E71/><V113/><F123/><W128/><G110/><T9/><D121/><U122/><E118/><V68/><F113/><W64/><G105/><T119/><D119/><U28/><E122/><V70/><F70/><W61/><G128/><T58/><D44/><U13/><E134/><V83/><F5/><W51/><G133/><T20/><D30/><U67/><E67/><V101/><F101/><W124/><G124/><T24/><D24/><U17/><E7/><V50/><F126/><W47/><G75/><T103/><D103/><U112/><E112/><V104/><F104/><W34/><G34/><T60/><REACH who="0" step="1"/><D127/><REACH who="0" ten="240,250,250,250" step="2"/><U92/><E6/><AGARI ba="0,1" hai="6,9,15,20,21,22,32,33,53,58,60,76,82,86" machi="6" ten="40,7700,0" yaku="1,1,2,1,52,1,53,0" doraHai="49" doraHaiUra="66" who="0" fromWho="1" sc="240,87,250,-77,250,0,250,0" /><INIT seed="0,1,0,4,5,25" ten="327,173,250,250" oya="0" hai0="9,131,73,77,41,94,92,107,51,46,133,108,54" hai1="64,37,24,83,61,74,29,2,22,1,123,120,26" hai2="96,115,93,134,113,3,17,57,106,47,68,63,81" hai3="66,30,70,12,117,129,109,58,127,78,135,33,86"/><T60/><D107/><U132/><E37/><V125/><F68/><W95/><G117/><T69/><D133/><U4/><E132/><V6/><F106/><W13/><G135/><T0/><D131/><U11/><E2/><V10/><F125/><W50/><G129/><T15/><D0/><U112/><E112/><V23/><F47/><W40/><G127/><T76/><D108/><U110/><E110/><V103/><F81/><W130/><G130/><T97/><D73/><U5/><E5/><V124/><F124/><W87/><G70/><T88/><D94/><U59/><E74/><V101/><F101/><W19/><G12/><T90/><D90/><U20/><REACH who="1" step="1"/><E83/><REACH who="1" ten="327,163,250,250" step="2"/><V71/><F134/><W53/><G109/><T80/><D80/><U89/><E89/><V119/><F119/><W8/><G78/><T79/><D79/><U34/><E34/><V28/><F115/><W42/><G33/><T85/><D85/><U18/><AGARI ba="1,1" hai="1,4,11,18,20,22,24,26,29,59,61,64,120,123" machi="18" ten="20,8000,1" yaku="1,1,0,1,7,1,52,1,53,1" doraHai="25" doraHaiUra="52" who="1" fromWho="1" sc="327,-41,163,93,250,-21,250,-21" /><INIT seed="1,0,0,4,3,135" ten="286,256,229,229" oya="1" hai0="70,10,128,39,31,68,80,55,95,76,18,54,50" hai1="83,63,120,53,58,64,1,78,33,130,66,42,89" hai2="106,13,123,102,126,20,61,60,26,84,6,11,117" hai3="19,21,29,37,109,71,35,88,92,86,82,49,22"/><U119/><E119/><V34/><F123/><W52/><G37/><T45/><D39/><U90/><E120/><V122/><F122/><W77/><G71/><T72/><D128/><U59/><E130/><V57/><F117/><W85/><G109/><T12/><D31/><U17/><E33/><V36/><F36/><W43/><G43/><T38/><D38/><U79/><E42/><V125/><F34/><W74/><G74/><T65/><D65/><U111/><E1/><V62/><F84/><W87/><G87/><T108/><D108/><U134/><E111/><V7/><F7/><W25/><REACH who="3" step="1"/><G19/><REACH who="3" ten="286,256,229,219" step="2"/><T133/><D133/><U97/><E134/><V94/><F106/><W46/><AGARI ba="0,1" hai="21,22,25,29,35,46,49,52,77,82,85,86,88,92" machi="46" ten="20,12000,2" yaku="1,1,2,1,0,1,7,1,54,2,53,1" doraHai="135" doraHaiUra="41" who="3" fromWho="3" sc="286,-30,256,-60,229,-30,219,130" /><INIT seed="2,0,0,3,4,130" ten="256,196,199,349" oya="2" hai0="29,74,3,102,120,45,118,116,133,119,123,21,106" hai1="39,73,11,79,60,85,7,69,2,122,113,124,42" hai2="78,104,92,128,111,55,22,18,58,32,19,131,91" hai3="9,96,1,90,6,0,99,76,89,98,43,35,129"/><V16/><F32/><W46/><G35/><T27/><D74/><U40/><E113/><V81/><F104/><W108/><G129/><N who="2" m="49737" /><F111/><W121/><G121/><N who="0" m="46667" /><D45/><N who="1" m="23711" /><E122/><V68/><F68/><W47/><G108/><T72/><D72/><U8/><E124/><V15/><F81/><W38/><G1/><T135/><D3/><U126/><E126/><V26/><F78/><W66/><G66/><T20/><D20/><U82/><E11/><V5/><F5/><W125/><G125/><T101/><D106/><U94/><E42/><V12/><F12/><W23/><G47/><T61/><D61/><U109/><E109/><V49/><F26/><W65/><G65/><T25/><D27/><U24/><E24/><V48/><F48/><W41/><G41/><T132/><AGARI ba="0,0" hai="21,25,29,101,102,116,118,119,132,133,135" m="46667" machi="132" ten="50,8000,1" yaku="12,1,20,1,52,3" doraHai="130" who="0" fromWho="0" sc="256,80,196,-20,199,-40,349,-20" /><INIT seed="3,0,0,3,0,7" ten="336,176,159,329" oya="3" hai0="59,115,31,117,67,122,129,13,33,11,2,20,18" hai1="112,40,101,35,108,85,92,16,36,103,1,28,123" hai2="24,77,87,30,52,89,51,134,93,74,27,12,116" hai3="10,37,22,126,120,48,69,8,113,131,9,49,50"/><W65/><G120/><T29/><D117/><U3/><E112/><V6/><F116/><W83/><G113/><T0/><D67/><U58/><E123/><V105/><F105/><W104/><G37/><T94/><D59/><U127/><E108/><V106/><F106/><W64/><G69/><T111/><D94/><U119/><E119/><V62/><F134/><W43/><G104/><T54/><D54/><U95/><E35/><V86/><F74/><W76/><G43/><T53/><D53/><U57/><E28/><N who="0" m="10825" /><D115/><U72/><E72/><V68/><F30/><W47/><G47/><T25/><D122/><U135/><E135/><V60/><F68/><W34/><G34/><T124/><D111/><U91/><E36/><V21/><F62/><W39/><G39/><T99/><D99/><U128/><E40/><V61/><F61/><W23/><G126/><T125/><D33/><U133/><E58/><N who="2" m="33055" /><F60/><W17/><G131/><T66/><D66/><N who="3" m="25705" /><G17/><N who="0" m="8383" /><D129/><U107/><E128/><V56/><F56/><W45/><G45/><T46/><D46/><U5/><E57/><V73/><F73/><W71/><G71/><T44/><D44/><U114/><E114/><V80/><F77/><W90/><G76/><T38/><D38/><U75/><E75/><V55/><F55/><W81/><G90/><T100/><D100/><U82/><E101/><V78/><F78/><W32/><G32/><T79/><D79/><U42/><E103/><V132/><F89/><W96/><G96/><T130/><D130/><U4/><E107/><V14/><F86/><W98/><G98/><T88/><D88/><RYUUKYOKU ba="0,0" sc="336,15,176,-15,159,-15,329,15" hai0="0,2,18,20,25,124,125" hai3="8,9,10,22,23,48,49,50,81,83" /><INIT seed="3,1,0,0,3,110" ten="351,161,144,344" oya="3" hai0="106,123,45,11,122,89,62,76,23,24,127,133,93" hai1="36,32,111,117,44,79,84,38,26,104,2,131,97" hai2="30,94,125,118,135,37,88,8,43,107,132,67,34" hai3="121,66,58,63,109,100,77,20,86,52,112,31,120"/><W16/><G109/><T69/><D106/><U33/><E111/><V99/><F118/><W21/><G112/><T96/><D133/><N who="2" m="51274" /><F125/><W5/><G5/><T128/><D127/><U61/><E117/><V6/><F67/><W64/><G100/><T57/><D69/><U65/><E2/><N who="2" m="87" /><F107/><W129/><G129/><T91/><D76/><U74/><E84/><V95/><F95/><W126/><G126/><T41/><D11/><U108/><E131/><V98/><F98/><W13/><G120/><T10/><D10/><U40/><E108/><V134/><F134/><W4/><G4/><T19/><D91/><U81/><E38/><V101/><F101/><W46/><G121/><T53/><REACH who="0" step="1"/><D128/><REACH who="0" ten="341,161,144,344" step="2"/><U75/><E75/><V55/><F88/><W49/><G77/><T28/><D28/><U130/><E130/><V70/><F30/><W59/><G86/><T103/><D103/><U29/><E104/><V115/><F70/><W82/><G82/><T9/><D9/><U124/><E124/><V114/><F94/><W42/><G31/><T27/><D27/><U12/><E97/><V119/><F99/><W60/><REACH who="3" step="1"/><G21/><REACH who="3" ten="341,161,144,334" step="2"/><T72/><D72/><U0/><E29/><V1/><F119/><W18/><G18/><T47/><D47/><U54/><E44/><N who="2" m="23663" /><F1/><W78/><G78/><T50/><AGARI ba="1,2" hai="19,23,24,41,45,50,53,57,62,89,93,96,122,123" machi="50" ten="20,12000,2" yaku="1,1,0,1,7,1,25,2,53,1" doraHai="110" doraHaiUra="48" who="0" fromWho="0" sc="341,143,161,-31,144,-31,334,-61" /><INIT seed="4,0,0,4,1,45" ten="484,130,113,273" oya="0" hai0="44,49,9,101,20,52,24,77,89,25,64,83,5" hai1="95,19,51,113,60,133,27,38,123,75,128,11,12" hai2="122,86,116,107,37,96,127,71,80,46,117,26,134" hai3="30,50,18,103,39,35,7,53,66,8,130,29,104"/><T1/><D101/><U72/><E123/><V2/><F2/><W31/><G39/><T32/><D32/><U0/><E38/><V13/><F71/><W59/><G130/><T36/><D89/><U61/><E128/><V106/><F122/><W65/><G18/><T42/><D64/><U62/><E133/><V97/><F134/><W131/><G131/><T91/><D91/><U56/><E113/><V34/><F13/><W84/><G84/><T40/><D40/><U129/><E129/><V109/><F26/><W94/><G104/><N who="2" m="39977" /><F46/><W125/><G125/><T70/><D70/><U23/><E0/><V92/><F34/><W3/><REACH who="3" step="1"/><G35/><REACH who="3" ten="484,130,113,263" step="2"/><T69/><D20/><U15/><E75/><V79/><F37/><W120/><G120/><T102/><D36/><U28/><E72/><V82/><F127/><W43/><G43/><T22/><D42/><U4/><E95/><V118/><F92/><W88/><G88/><T110/><D22/><U21/><REACH who="1" step="1"/><E51/><REACH who="1" ten="484,120,113,263" step="2"/><V48/><F48/><W87/><G87/><T99/><D49/><U16/><E16/><V111/><F82/><W6/><G6/><T126/><D5/><U54/><AGARI ba="0,2" hai="4,11,12,15,19,21,23,27,28,54,56,60,61,62" machi="54" ten="20,5200,0" yaku="1,1,0,1,7,1,8,1,53,0" doraHai="45" doraHaiUra="93" who="1" fromWho="1" sc="484,-26,120,72,113,-13,263,-13" /><INIT seed="5,0,0,1,4,111" ten="458,192,100,250" oya="1" hai0="64,61,43,77,121,37,86,38,104,11,126,110,31" hai1="101,118,55,117,98,91,6,124,70,69,82,46,33" hai2="120,76,50,88,131,83,135,8,14,22,73,81,106" hai3="48,68,17,79,102,127,20,41,58,95,67,108,65"/><U107/><E33/><V18/><F120/><W114/><G108/><T26/><D110/><U19/><E124/><V63/><F135/><W10/><G127/><T21/><D126/><U84/><E6/><V13/><F131/><W60/><G10/><T85/><D104/><U94/><E19/><V7/><F106/><W103/><G79/><T29/><D121/><U4/><E4/><V89/><F63/><W12/><G67/><T54/><D54/><U40/><E55/><V36/><F36/><W42/><G103/><T9/><D38/><U130/><E130/><V128/><F128/><W99/><G114/><T105/><D105/><U56/><E56/><V100/><F100/><W62/><G62/><T16/><D43/><U134/><E134/><V87/><REACH who="2" step="1"/><F50/><REACH who="2" ten="458,192,90,250" step="2"/><W90/><G102/><T24/><D37/><U80/><E117/><V44/><F44/><W96/><G48/><T28/><D61/><U112/><E118/><V53/><F53/><W116/><G116/><T47/><D47/><U123/><E123/><V129/><F129/><W97/><REACH who="3" step="1"/><G68/><REACH who="3" ten="458,192,90,240" step="2"/><T0/><D64/><U1/><E69/><V49/><F49/><W71/><G71/><T27/><D0/><U32/><E70/><V133/><F133/><W52/><G52/><T78/><D78/><AGARI ba="0,2" hai="7,8,13,14,18,22,73,76,78,81,83,87,88,89" machi="78" ten="30,3900,0" yaku="1,1,7,1,54,1,53,0" doraHai="111" doraHaiUra="45" who="2" fromWho="0" sc="458,-39,192,0,90,59,240,0" /><INIT seed="6,0,0,4,1,104" ten="419,192,149,240" oya="2" hai0="40,68,21,70,20,50,23,59,110,117,16,42,24" hai1="60,107,65,5,43,84,52,64,34,120,100,77,122" hai2="78,17,44,1,135,19,54,14,123,87,58,13,127" hai3="105,27,126,72,130,116,85,47,76,124,46,45,82"/><V10/><F123/><N who="1" m="47145" /><E34/><V3/><F135/><W111/><G111/><T69/><D110/><U31/><E31/><V89/><F127/><N who="3" m="48683" /><G116/><T48/><D117/><U61/><E43/><V33/><F78/><W103/><G27/><T131/><D131/><U90/><E77/><V125/><F33/><W12/><G12/><T96/><D96/><N who="1" m="61831" /><E5/><V41/><F125/><W134/><G134/><T92/><D92/><N who="1" m="54343" /><E60/><V55/><F41/><W106/><G103/><T114/><D48/><U81/><E81/><V57/><F44/><W8/><G130/><T74/><D50/><U73/><E73/><V75/><F75/><W108/><G108/><T49/><D74/><U53/><E65/><V7/><F7/><W11/><G105/><T118/><D118/><U63/><E61/><V128/><F128/><W121/><G106/><T6/><D6/><U113/><E113/><V97/><F97/><W2/><G121/><T80/><D114/><U51/><E51/><V94/><F57/><AGARI ba="0,0" hai="52,53,57,63,64" m="54343,61831,47145" machi="57" ten="30,2000,0" yaku="13,1,54,1" doraHai="104" who="1" fromWho="2" sc="419,0,192,20,149,-20,240,0" /><INIT seed="7,0,0,5,0,7" ten="419,212,129,240" oya="3" hai0="101,121,94,123,10,20,63,51,83,91,109,65,62" hai1="95,28,32,8,72,35,46,59,40,125,129,96,75" hai2="44,50,130,76,41,24,60,43,22,11,66,108,33" hai3="1,25,26,93,23,6,85,118,29,102,17,4,122"/><W98/><G118/><T12/><D109/><U57/><E125/><V104/><F108/><W5/><G122/><T0/><D0/><U19/><E129/><V64/><F130/><W58/><G85/><T119/><D119/><U90/><E72/><V2/><F104/><W84/><G84/><T115/><D20/><U116/><E75/><V54/><F33/><W110/><G110/><T67/><D83/><U16/><E116/><V73/><F73/><W81/><G81/><T74/><D74/><U49/><E32/><V92/><F76/><W68/><G68/><T82/><D51/><U89/><E89/><V117/><F117/><W106/><G58/><T87/><D115/><U131/><E131/><V13/><F92/><W30/><G17/><N who="1" m="6730" /><E35/><V18/><F2/><W120/><G120/><T56/><D101/><U71/><E71/><V48/><F60/><W9/><REACH who="3" step="1"/><G106/><REACH who="3" ten="419,212,129,230" step="2"/><T52/><D82/><U134/><E28/><V113/><F113/><W69/><G69/><T86/><D86/><U55/><E59/><V21/><F21/><AGARI ba="0,1" hai="1,4,5,6,9,21,23,25,26,29,30,93,98,102" machi="21" ten="30,11600,0" yaku="1,1,7,1,9,1,52,1,53,0" doraHai="7" doraHaiUra="45" who="3" fromWho="2" sc="419,0,212,0,129,-116,230,126" /><INIT seed="7,1,0,1,3,81" ten="419,212,13,356" oya="3" hai0="13,33,105,24,34,88,25,27,95,96,54,44,23" hai1="115,45,73,46,31,43,120,104,7,112,29,19,75" hai2="67,2,108,128,53,110,116,87,48,38,14,93,99" hai3="94,127,42,90,28,40,122,50,83,62,117,60,103"/><W119/><G122/><T132/><D105/><U130/><E120/><V1/><F38/><W101/><G127/><T131/><D131/><U72/><E104/><V55/><F128/><W102/><G28/><T66/><D66/><U86/><E130/><V30/><F116/><W26/><G26/><T11/><D132/><U133/><E133/><V109/><F67/><W8/><G83/><T98/><D98/><U111/><E111/><V114/><F30/><W56/><G8/><T15/><D15/><U107/><E107/><V126/><F126/><W4/><G4/><T57/><D44/><U37/><E7/><V61/><F114/><W84/><G60/><T52/><D54/><U17/><E75/><V6/><F61/><W77/><G77/><T68/><D68/><U39/><REACH who="1" step="1"/><E43/><REACH who="1" ten="419,202,13,356" step="2"/><V121/><F121/><W49/><G117/><T32/><D32/><U129/><E129/><V125/><F125/><W78/><G119/><T113/><D34/><U41/><E41/><N who="3" m="15978" /><G78/><T35/><D35/><U21/><E21/><V80/><F55/><AGARI ba="1,1" hai="49,50,55,56,62,84,90,94,101,102,103" m="15978" machi="55" ten="30,2900,0" yaku="8,1,52,1" doraHai="81" who="3" fromWho="2" sc="419,0,202,0,13,-32,356,42" owari="419,52.0,202,-20.0,-19,-52.0,398,20.0" /></mjloggm>