<mjloggm ver="2.3"><GO type="97"/><UN n0="%46%6D%37%52" n1="%62%6F%72%61%37" n2="%4C%75%66%74%77%61%66%66" n3="%EF%BC%88%E2%89%A7%E2%96%BD%E2%89%A6%EF%BC%89" dan="14,14,15,14" rate="1865,1923,1981,2059" sx="M,M,M,M"/><TAIKYOKU oya="0"/><INIT seed="0,0,0,2,0,126" ten="250,250,250,250" oya="0" hai0="116,109,61,94,85,49,100,132,64,101,11,129,36" hai1="92,39,57,123,50,124,14,107,13,72,30,121,95" hai2="70,115,1,19,24,0,20,134,68,106,41,29,97" hai3="55,59,111,83,113,35,102,80,60,27,87,32,74"/><T84/><D36/><U51/><E39/><V42/><F115/><W103/><G113/><T23/><D116/><U54/><E72/><V81/><F134/><W133/><G133/><T9/><D132/><U2/><E107/><V52/><F81/><W135/><G135/><T4/><D109/><U131/><E2/><V98/><F29/><W56/><G111/><T25/><D49/><U65/><E65/><V18/><F20/><W66/><G74/><T76/><D4/><U125/><E30/><V119/><F106/><W28/><G35/><T7/><D7/><U45/><E57/><V5/><F5/><W99/><G99/><N who="0" m="59511" /><D101/><U44/><E54/><V88/><F24/><W73/><G73/><T34/><D34/><U15/><E15/><V12/><F12/><W17/><G17/><N who="0" m="12527" /><D76/><U38/><REACH who="1" step="1"/><E38/><REACH who="1" step="2"/><V130/><F52/><W43/><G55/><T86/><D129/><AGARI ba="0,1" hai="13,14,44,45,50,51,92,95,121,123,124,125,129,131" machi="129" ten="25,16000,3" yaku="1,1,2,1,22,2,52,2,53,2" doraHai="126" doraHaiUra="117" who="1" fromWho="0" sc="250,-160,240,170,250,0,250,0" /><INIT seed="1,0,0,0,4,37" ten="90,410,250,250" oya="1" hai0="100,83,114,4,62,47,40,86,43,0,45,54,36" hai1="99,59,39,113,64,135,69,111,128,124,60,108,57" hai2="130,25,104,49,28,65,125,121,107,109,91,12,17" hai3="44,73,112,56,66,27,14,84,81,58,26,20,75"/><U21/><E99/><V33/><F121/><W97/><G112/><T90/><D114/><U80/><E113/><V19/><F130/><W101/><G73/><T133/><D133/><U96/><E135/><V42/><F125/><W87/><G75/><T11/><D100/><U95/><E124/><V3/><F3/><W68/><G68/><T34/><D34/><U129/><E39/><V82/><F65/><W22/><G14/><T71/><D71/><U120/><E80/><V31/><F31/><N who="3" m="17863" /><G44/><T70/><D70/><U79/><E21/><V78/><F91/><N who="3" m="51599" /><G66/><T116/><D116/><U50/><E79/><V35/><F35/><W23/><G87/><T8/><D8/><U88/><E120/><V32/><F32/><W55/><G55/><T115/><D115/><U6/><E6/><V15/><F109/><N who="1" m="42057" /><E50/><V117/><F117/><W67/><G22/><T89/><D62/><U127/><E127/><V63/><F63/><W132/><G132/><T77/><REACH who="0" step="1"/><D54/><REACH who="0" step="2"/><U29/><E29/><V51/><F28/><W122/><G122/><T134/><D134/><U41/><E69/><V92/><F33/><W16/><G67/><T123/><D123/><U1/><E64/><V18/><F107/><W7/><G7/><T52/><D52/><U118/><E60/><V2/><F104/><W53/><G53/><T76/><D76/><U131/><E118/><V103/><F78/><W61/><G61/><T85/><D85/><U38/><E131/><V126/><F126/><W5/><G5/><T110/><D110/><U98/><E129/><V72/><F72/><W93/><AGARI ba="0,1" hai="16,23,27,56,58,93,97,101" m="51599,17863" machi="93" ten="30,4000,0" yaku="5,1,8,1,54,1" doraHai="37" who="3" fromWho="3" sc="80,-10,410,-20,250,-10,250,50" /><INIT seed="2,0,0,5,4,4" ten="70,390,240,300" oya="2" hai0="109,106,93,87,21,79,7,78,97,60,5,125,111" hai1="38,42,3,118,57,40,90,45,123,22,64,95,99" hai2="54,63,58,37,91,108,27,41,20,100,29,107,0" hai3="114,33,135,128,102,131,89,26,55,32,28,18,124"/><V113/><F113/><W14/><G102/><N who="0" m="60719" /><D7/><U2/><E118/><V12/><F0/><W117/><G117/><T36/><D5/><U83/><E123/><V9/><F91/><W133/><G89/><T70/><D21/><U23/><E42/><V103/><F108/><N who="0" m="41546" /><D60/><U47/><E45/><V75/><F75/><W48/><G114/><T43/><D36/><U80/><E3/><V69/><F69/><W10/><G124/><T17/><D43/><U73/><E73/><V19/><REACH who="2" step="1"/><F107/><REACH who="2" step="2"/><W50/><G32/><T74/><D70/><U105/><E105/><V81/><F81/><W129/><REACH who="3" step="1"/><G48/><REACH who="3" step="2"/><T94/><D106/><U8/><E38/><V88/><F88/><W134/><G134/><T127/><D74/><U110/><E110/><V39/><F39/><W16/><G16/><T15/><D17/><U34/><E90/><V65/><F65/><W56/><AGARI ba="0,2" hai="10,14,18,26,28,33,50,55,56,128,129,131,133,135" machi="56" ten="40,8000,1" yaku="1,1,0,1,19,1,52,1,53,0" doraHai="4" doraHaiUra="122" who="3" fromWho="3" sc="70,-20,390,-20,230,-40,290,100" /><INIT seed="3,0,0,4,5,3" ten="50,370,190,390" oya="3" hai0="134,127,33,109,119,28,51,26,67,17,7,58,18" hai1="91,108,75,41,24,46,97,47,101,6,53,132,54" hai2="105,123,48,27,100,116,126,40,36,107,11,128,8" hai3="83,32,95,61,23,85,118,13,115,131,57,90,124"/><W12/><G32/><T114/><D114/><U80/><E108/><V56/><F36/><W102/><G115/><T35/><D67/><U69/><E69/><V59/><F116/><W103/><G118/><T31/><D58/><U77/><E132/><V87/><F123/><W98/><G131/><T45/><D119/><U122/><E24/><V10/><F128/><W20/><G124/><T16/><D134/><U88/><E122/><V1/><F126/><W135/><G103/><T81/><D127/><U50/><E47/><V130/><F130/><W111/><G111/><T72/><D81/><U112/><E112/><V15/><F1/><W74/><G74/><T121/><D72/><U120/><E120/><V21/><F87/><W70/><G70/><T92/><D109/><U63/><E63/><V14/><F100/><W25/><G135/><T0/><D121/><U84/><E75/><V113/><F113/><W73/><G73/><T66/><D66/><U94/><REACH who="1" step="1"/><E6/><REACH who="1" step="2"/><V99/><F59/><W44/><G44/><T64/><D64/><U110/><E110/><V60/><F99/><W55/><G23/><N who="0" m="13671" /><D45/><U37/><E37/><V78/><F78/><W49/><G61/><T125/><D51/><U68/><E68/><V129/><F129/><W2/><G2/><T22/><D125/><U5/><E5/><V42/><F42/><W30/><AGARI ba="0,1" hai="12,13,20,25,30,49,55,57,83,85,90,95,98,102" machi="30" ten="20,3900,0" yaku="0,1,7,1,8,1" doraHai="3" who="3" fromWho="3" sc="50,-13,360,-13,190,-13,390,49" owari="37,-46.0,347,15.0,177,-22.0,439,53.0" /></mjloggm>