<mjloggm ver="2.3"><GO type="41"/><UN n0="%E3%81%AD%E3%81%93%E3%81%97%E3%82%83%E3%82%93%E3%81%A7%E3%81%99" n1="%E3%82%A6%E3%83%AB%E3%83%88%E3%83%A9%E7%AB%8B%E7%9B%B4" n2="%E5%A6%96%E6%98%9F%E4%B9%B1%E8%88%9E" n3="%48%65%72%6D%61%6E%6E" dan="14,15,15,13" rate="1881,1972,1966,1885" sx="M,M,M,M"/><TAIKYOKU oya="0"/><INIT seed="0,0,0,3,5,63" ten="250,250,250,250" oya="0" hai0="44,127,105,74,80,113,88,16,58,110,70,124,8" hai1="62,81,98,111,4,53,31,125,71,92,37,67,27" hai2="47,132,119,6,26,121,107,85,106,7,45,21,43" hai3="108,84,116,91,104,72,30,38,25,77,22,5,99"/><T123/><D123/><U93/><E37/><V46/><F121/><W59/><G116/><T20/><D113/><U3/><E4/><V94/><F119/><W51/><G38/><T40/><D70/><U102/><E3/><V112/><F112/><W23/><G5/><N who="2" m="1545" /><F107/><W129/><G129/><T13/><D110/><U103/><E111/><V95/><F106/><W39/><G39/><T50/><D105/><U82/><E53/><V56/><F132/><W24/><G72/><T135/><D135/><U66/><E125/><N who="0" m="48201" /><D58/><U9/><E9/><V54/><F43/><W75/><G75/><T34/><D34/><U118/><E118/><V101/><F101/><W130/><G130/><T41/><D41/><U133/><E133/><V128/><F85/><W90/><G104/><T100/><D100/><U11/><E11/><V73/><F73/><W57/><G99/><T17/><D17/><U33/><E102/><V18/><F128/><W134/><G134/><T89/><D8/><U83/><E93/><V49/><AGARI ba="0,0" hai="18,21,26,45,46,47,49,54,56,94,95" m="1545" machi="49" ten="30,1100,0" yaku="8,1" doraHai="63" who="2" fromWho="2" sc="250,-5,250,-3,250,11,250,-3" /><INIT seed="1,0,0,0,0,94" ten="245,247,261,247" oya="1" hai0="70,60,21,118,91,67,48,90,7,127,92,33,62" hai1="85,41,110,20,24,58,23,98,117,14,1,66,2" hai2="101,106,108,28,64,59,65,82,93,47,114,10,37" hai3="38,12,107,71,54,5,135,68,15,129,84,46,79"/><U3/><E41/><V86/><F106/><W109/><G107/><T56/><D118/><U131/><E85/><V133/><F108/><W80/><G71/><T40/><D127/><U35/><E117/><V50/><F37/><W81/><G68/><T87/><D33/><U100/><E110/><V89/><F133/><W32/><G109/><T132/><D132/><U0/><N who="1" m="512" /><DORA hai="78" /><U44/><E44/><V120/><F120/><W34/><G135/><T31/><D7/><U115/><E115/><V16/><F28/><W116/><G116/><T42/><D48/><U130/><E14/><N who="2" m="7255" /><F59/><W9/><G129/><T125/><D125/><U83/><E83/><V26/><F26/><W19/><G80/><T51/><D51/><U111/><E111/><V124/><F114/><W123/><G123/><T18/><D31/><U105/><E35/><V126/><F126/><W6/><G38/><T55/><REACH who="0" step="1"/><D91/><REACH who="0" ten="235,247,261,247" step="2"/><U52/><E131/><V99/><F124/><W8/><G19/><T76/><D76/><U69/><E130/><V95/><F95/><W121/><G121/><T57/><D57/><U36/><E36/><V49/><F49/><AGARI ba="0,1" hai="5,6,8,9,12,15,32,34,46,49,54,79,81,84" machi="49" ten="40,2600,0" yaku="9,1,52,1" doraHai="94,78" who="3" fromWho="2" sc="235,0,247,0,261,-26,247,36" /><INIT seed="2,0,0,0,3,47" ten="235,247,235,283" oya="2" hai0="31,123,84,77,43,65,110,104,53,113,25,96,14" hai1="116,38,73,103,89,95,49,102,15,18,90,0,125" hai2="93,54,63,28,72,33,61,81,45,105,87,133,42" hai3="114,41,37,94,1,35,69,27,86,58,91,82,106"/><V5/><F105/><W56/><G106/><T50/><D123/><U39/><E0/><V120/><F120/><W135/><G69/><T119/><D113/><U29/><E73/><V62/><F72/><W109/><G1/><T7/><D119/><U79/><E79/><V44/><F133/><W115/><G135/><T130/><D130/><U124/><E29/><V11/><F93/><W122/><G109/><T66/><D110/><U126/><E116/><V70/><F70/><W97/><G122/><T36/><D104/><U19/><E15/><N who="2" m="5615" /><F33/><W30/><G41/><T129/><D129/><U3/><E3/><V107/><F107/><W20/><G37/><T34/><D96/><U60/><E60/><N who="2" m="23147" /><F28/><W134/><G35/><T68/><D68/><U101/><E39/><V24/><F24/><W59/><REACH who="3" step="1"/><G134/><REACH who="3" ten="235,247,235,273" step="2"/><T131/><D131/><U40/><E38/><V13/><F42/><W64/><G64/><T118/><D118/><U92/><E40/><V21/><F54/><W10/><G10/><T22/><D36/><U46/><E126/><V74/><F21/><W75/><G75/><T32/><D43/><N who="1" m="24799" /><E125/><V100/><F74/><W117/><G117/><T83/><D34/><U16/><E124/><V88/><F100/><AGARI ba="0,1" hai="20,27,30,56,58,59,82,86,91,94,97,100,114,115" machi="100" ten="40,1300,0" yaku="1,1,53,0" doraHai="47" doraHaiUra="132" who="3" fromWho="2" sc="235,0,247,0,235,-13,273,23" /><INIT seed="3,0,0,4,4,50" ten="235,247,222,296" oya="3" hai0="25,38,37,24,115,95,74,15,72,90,65,6,60" hai1="71,92,49,19,22,52,121,134,119,132,21,16,131" hai2="93,69,48,47,46,73,99,3,86,41,109,58,44" hai3="110,81,84,101,62,32,88,108,64,35,31,61,120"/><W20/><G120/><T57/><D115/><U98/><E71/><V130/><F73/><W94/><G20/><N who="1" m="7786" /><E121/><V2/><F69/><W116/><G116/><T112/><D112/><U107/><E107/><V124/><F109/><N who="3" m="42091" /><G31/><T97/><D25/><U8/><E8/><V17/><F130/><W63/><G64/><T82/><D24/><U26/><E26/><V78/><F124/><W66/><G66/><T40/><D74/><U133/><E131/><V29/><F29/><W89/><G101/><T5/><D5/><U7/><E7/><V91/><F17/><W114/><G114/><T128/><D128/><U33/><E33/><V18/><F18/><W14/><G14/><T79/><REACH who="0" step="1"/><D40/><REACH who="0" ten="225,247,222,296" step="2"/><U4/><E4/><V100/><F41/><W0/><G0/><T76/><D76/><U123/><E123/><V27/><F27/><W104/><G104/><T102/><D102/><N who="1" m="60743" /><E119/><V70/><F78/><W12/><G12/><T10/><AGARI ba="0,1" hai="6,10,15,37,38,57,60,65,72,79,82,90,95,97" machi="10" ten="30,2000,0" yaku="1,1,0,1,53,0" doraHai="50" doraHaiUra="36" who="0" fromWho="0" sc="225,30,247,-5,222,-5,296,-10" /><INIT seed="4,0,0,2,5,45" ten="255,242,217,286" oya="0" hai0="90,30,46,129,77,19,32,130,38,123,111,83,100" hai1="16,122,125,57,28,35,36,131,106,73,115,0,110" hai2="43,76,50,27,52,56,78,53,8,42,48,18,63" hai3="40,51,1,94,75,124,71,26,82,23,114,34,5"/><T132/><D123/><U74/><E57/><V102/><F102/><W116/><G116/><T55/><D111/><U17/><E28/><V97/><F97/><W68/><G34/><T72/><D132/><U60/><E60/><V24/><F63/><W96/><G1/><T25/><D19/><U105/><E17/><V39/><F39/><W67/><G5/><T66/><D66/><U117/><E16/><V33/><F33/><W13/><G13/><T119/><D119/><U61/><E61/><V54/><F54/><W62/><G124/><T47/><D100/><U109/><E105/><V92/><F92/><W128/><G128/><N who="0" m="49259" /><D38/><U135/><E110/><V59/><F18/><W79/><G114/><T86/><D55/><U6/><E6/><V14/><F14/><W118/><G118/><T20/><D32/><U9/><E9/><AGARI ba="0,0" hai="8,9,24,27,42,43,48,50,52,53,56,59,76,78" machi="9" ten="25,12000,2" yaku="22,2,8,1,52,2,54,1" doraHai="45" who="2" fromWho="1" sc="255,0,242,-120,217,120,286,0" /><INIT seed="5,0,0,2,3,66" ten="255,122,337,286" oya="1" hai0="95,43,81,119,32,49,15,125,78,10,74,70,107" hai1="88,57,45,63,39,4,135,83,90,80,124,96,34" hai2="14,48,101,133,56,92,8,37,104,109,22,73,64" hai3="55,134,38,12,93,21,23,46,51,65,129,113,105"/><U53/><E34/><V44/><F109/><W41/><G105/><T75/><D119/><U9/><E124/><V35/><F35/><W62/><G134/><T120/><D120/><U59/><E135/><V79/><F104/><W123/><G129/><T132/><D132/><U31/><E31/><V60/><F37/><W94/><G123/><T24/><D125/><U42/><E59/><V102/><F133/><W106/><G106/><T29/><D107/><U87/><E96/><V99/><F22/><W121/><G113/><T18/><D70/><U86/><E9/><V58/><F58/><W7/><G7/><T67/><D67/><U40/><E4/><V98/><F79/><W97/><G12/><T128/><D128/><U19/><E19/><N who="2" m="8647" /><F73/><W50/><G38/><T108/><D108/><U25/><E25/><V11/><F11/><W20/><G97/><N who="2" m="36873" /><F92/><W131/><G131/><T16/><D95/><U76/><E76/><V110/><F110/><W68/><REACH who="3" step="1"/><G121/><REACH who="3" ten="255,122,337,276" step="2"/><T47/><REACH who="0" step="1"/><D75/><REACH who="0" ten="245,122,337,276" step="2"/><U103/><E103/><V61/><F102/><W13/><G13/><T118/><D118/><U77/><E77/><V89/><F101/><W122/><G122/><T114/><D114/><U30/><E39/><V54/><F89/><W130/><G130/><T2/><D2/><U5/><E5/><AGARI ba="0,2" hai="5,10,15,16,18,24,29,32,43,47,49,74,78,81" machi="5" ten="30,3900,0" yaku="1,1,7,1,54,1,53,0" doraHai="66" doraHaiUra="85" who="0" fromWho="1" sc="245,59,122,-39,337,0,276,0" /><INIT seed="6,0,0,0,2,40" ten="304,83,337,276" oya="2" hai0="38,28,86,87,56,25,90,77,36,66,114,59,60" hai1="17,4,73,50,0,58,75,43,123,1,110,47,57" hai2="42,9,127,119,52,129,55,89,8,2,67,62,128" hai3="134,125,120,27,20,104,33,85,51,31,26,48,101"/><V21/><F119/><W5/><G120/><T102/><D114/><U116/><E116/><V107/><F107/><W6/><G134/><T133/><D133/><U76/><E123/><V80/><F127/><W16/><G125/><T68/><D102/><U22/><E110/><V45/><F21/><W106/><G85/><T121/><D121/><U37/><E50/><V91/><F80/><W105/><G101/><T74/><D74/><U84/><E84/><V103/><F103/><W14/><G6/><T34/><D68/><U78/><E78/><V70/><F91/><W7/><G7/><T63/><D77/><U30/><E30/><V23/><F23/><W100/><G100/><T61/><D61/><U19/><E73/><V94/><F2/><W93/><G93/><T122/><D122/><U108/><E108/><V18/><F18/><W44/><G5/><T35/><D35/><U12/><E19/><V29/><F29/><W3/><G3/><T111/><D111/><U126/><E0/><V95/><F9/><W135/><G135/><T41/><D41/><U124/><E124/><V39/><F8/><W117/><G117/><T98/><D98/><U24/><E12/><V88/><F89/><W11/><G27/><T132/><D132/><U81/><REACH who="1" step="1"/><E126/><REACH who="1" ten="304,73,337,276" step="2"/><V65/><F39/><W96/><G48/><T72/><D72/><U82/><E82/><V32/><F32/><W64/><G33/><T109/><D109/><U113/><E113/><V79/><F79/><W13/><G13/><T118/><D118/><U71/><E71/><V112/><F70/><W131/><G14/><RYUUKYOKU ba="0,1" sc="304,-10,73,30,337,-10,276,-10" hai1="1,4,17,22,24,37,43,47,57,58,75,76,81" /><INIT seed="7,1,1,1,2,13" ten="294,103,327,266" oya="3" hai0="26,106,41,7,34,62,108,14,40,70,15,59,27" hai1="18,11,72,75,33,68,124,43,19,56,25,1,90" hai2="112,135,74,84,5,53,16,12,88,96,86,20,49" hai3="121,17,82,114,30,81,36,97,76,115,117,3,35"/><W126/><G121/><T87/><D108/><U125/><E68/><V54/><F74/><W78/><G117/><T104/><D70/><U42/><E56/><V6/><F112/><N who="3" m="43051" /><G126/><T38/><D38/><U98/><E98/><V129/><F135/><W2/><G36/><T37/><D37/><U128/><E90/><V103/><F129/><W8/><G97/><T69/><D69/><U52/><E52/><N who="2" m="20075" /><F49/><W45/><G45/><T119/><D119/><U73/><E128/><V47/><F47/><W95/><G95/><T4/><D62/><U83/><E83/><N who="3" m="31754" /><G30/><T44/><D44/><U58/><E58/><V89/><F103/><W120/><G35/><T50/><D34/><U101/><E101/><V65/><F65/><W116/><G120/><T67/><D67/><U92/><E92/><N who="2" m="56327" /><F89/><W24/><G116/><T80/><D80/><U99/><E99/><V64/><F64/><W29/><G29/><T110/><D110/><U66/><E66/><V39/><F39/><W109/><G109/><T133/><D133/><U132/><E132/><V9/><F5/><N who="3" m="1079" /><G3/><T71/><D71/><U57/><E57/><V60/><F60/><W105/><G105/><T23/><D50/><U10/><E72/><V107/><F107/><W85/><G85/><T48/><D87/><U51/><E51/><V102/><F102/><W94/><G94/><T31/><D48/><U100/><E100/><V118/><F118/><W134/><G134/><T0/><D0/><U127/><E1/><V77/><F77/><W28/><G28/><T131/><D104/><U93/><E125/><V91/><F91/><RYUUKYOKU ba="1,1" sc="294,-15,103,-15,327,15,266,15" hai2="6,9,12,16,20,84,86" hai3="17,24,76,78" /><INIT seed="7,2,1,0,5,85" ten="279,88,342,281" oya="3" hai0="34,44,7,6,86,117,84,55,8,52,130,54,111" hai1="107,51,58,69,3,83,124,103,106,116,108,109,27" hai2="113,20,67,17,13,95,76,87,30,45,40,29,99" hai3="88,133,62,32,10,46,77,38,49,128,5,31,68"/><W28/><G38/><T61/><D117/><U72/><E69/><V104/><F104/><W22/><G32/><T134/><D111/><U78/><E3/><V15/><F113/><W96/><G68/><T53/><D130/><U81/><E51/><N who="2" m="27047" /><F67/><W16/><G77/><T2/><D134/><U79/><E58/><V21/><F87/><W73/><G73/><T64/><D34/><U50/><E50/><V98/><F76/><W37/><G62/><T123/><D123/><U120/><E27/><V102/><F99/><W11/><G37/><T121/><D121/><U100/><E120/><V80/><F80/><W71/><G71/><T118/><D118/><U43/><E43/><V119/><F119/><W129/><G133/><T19/><D7/><U131/><E116/><V4/><F4/><W91/><G96/><T33/><D33/><U1/><E1/><V70/><F70/><W25/><G128/><T23/><D44/><U48/><E48/><V101/><F101/><W42/><G129/><T57/><N who="0" m="13312" /><DORA hai="132" /><T97/><REACH who="0" step="1"/><D97/><REACH who="0" ten="269,88,342,281" step="2"/><U0/><E131/><V36/><F36/><W110/><G110/><T112/><D112/><U126/><REACH who="1" step="1"/><E0/><REACH who="1" ten="269,78,342,281" step="2"/><V14/><F14/><AGARI ba="2,3" hai="2,6,8,14,19,23,57,61,64,84,86" m="13312" machi="14" ten="50,6400,0" yaku="1,1,54,1,53,1" doraHai="85,132" doraHaiUra="74,63" who="0" fromWho="2" sc="269,100,78,0,342,-70,281,0" owari="369,47.0,78,-42.0,272,-13.0,281,8.0" /></mjloggm>