<mjloggm ver="2.3"><GO type="169" lobby="0"/><UN n0="%EF%BC%88%E2%89%A7%E2%96%BD%E2%89%A6%EF%BC%89" n1="%6D%65%24%6F" n2="%E3%81%8B%E3%81%92%E3%81%8D%E3%82%85%E3%81%86" n3="%E3%83%9C%E3%83%84" dan="18,16,16,16" rate="2276.00,2109.94,2157.33,2120.90" sx="M,M,M,M"/><TAIKYOKU oya="0"/><INIT seed="0,0,0,5,4,79" ten="250,250,250,250" oya="0" hai0="112,57,64,70,134,84,81,32,128,71,19,25,10" hai1="17,49,91,37,42,51,46,38,125,109,69,22,33" hai2="47,59,5,88,29,43,94,41,65,95,68,73,123" hai3="63,66,131,8,108,104,39,133,119,105,20,127,126"/><T31/><D112/><U14/><E125/><N who="3" m="47626" /><G39/><T86/><D134/><U76/><E33/><V1/><F68/><W23/><G119/><T110/><D128/><U15/><E69/><V99/><F73/><W116/><G116/><T118/><D118/><U56/><E109/><V36/><F123/><W13/><G108/><T44/><D86/><U102/><E102/><V55/><F65/><W103/><G133/><T9/><D110/><U61/><E76/><V78/><F78/><W53/><G53/><T3/><D44/><U7/><E51/><V75/><F75/><W30/><G103/><T93/><D93/><U100/><E100/><V80/><F43/><W72/><G72/><T74/><D74/><U98/><E98/><V97/><F29/><W40/><G40/><T101/><D101/><U106/><E106/><N who="3" m="41066" /><G30/><T117/><D117/><U96/><E96/><V18/><F18/><N who="3" m="8487" /><G131/><T124/><D124/><U50/><E38/><V6/><F1/><W89/><G89/><T107/><D107/><U82/><E91/><V122/><F122/><W120/><G120/><T83/><D3/><U90/><E37/><V12/><F12/><W16/><G16/><T27/><D19/><U85/><E15/><V58/><F6/><W35/><G35/><T11/><D27/><U45/><E7/><V48/><F5/><W54/><G54/><T62/><D84/><U113/><E42/><V34/><F34/><W21/><G21/><T132/><D132/><U129/><E129/><V4/><F4/><W87/><G87/><T67/><D67/><N who="1" m="39335" /><E113/><V26/><F36/><W114/><G114/><RYUUKYOKU ba="0,0" sc="250,10,250,10,250,-30,250,10" hai0="9,10,11,25,31,32,57,62,64,70,71,81,83" hai1="14,17,22,45,46,49,50,82,85,90" hai3="20,23,63,66" /><INIT seed="0,1,0,0,2,1" ten="260,260,220,260" oya="0" hai0="108,90,128,6,55,10,103,22,76,42,91,53,99" hai1="112,60,64,39,111,116,51,38,59,9,96,44,34" hai2="29,33,72,78,46,57,26,119,93,36,127,86,27" hai3="123,17,122,24,56,25,115,20,21,117,7,133,50"/><T130/><D42/><U45/><E116/><V0/><F0/><W134/><G117/><T124/><D76/><U47/><E34/><V97/><F119/><W70/><G70/><T35/><D35/><U104/><E104/><V75/><F127/><W131/><G50/><T126/><D22/><U95/><E9/><V48/><F86/><W84/><G56/><T79/><D79/><U88/><E111/><V114/><F114/><W5/><G84/><T107/><D108/><U61/><E112/><V102/><F26/><W49/><G49/><T13/><D90/><U73/><E73/><V81/><F57/><W19/><G115/><T69/><D91/><U63/><REACH who="1" step="1"/><E51/><REACH who="1" ten="260,250,220,260" step="2"/><V121/><F75/><W58/><G58/><T67/><D69/><U83/><E83/><V135/><F121/><W12/><G12/><T68/><D68/><U109/><E109/><V43/><REACH who="2" step="1"/><F36/><AGARI ba="1,1" hai="36,38,39,44,45,47,59,60,61,63,64,88,95,96" machi="36" ten="40,2600,0" yaku="1,1,54,1,53,0" doraHai="1" doraHaiUra="18" who="1" fromWho="2" sc="260,0,250,39,220,-29,260,0" /><INIT seed="1,0,0,0,4,54" ten="260,289,191,260" oya="1" hai0="84,1,16,92,55,37,22,34,5,90,108,51,80" hai1="78,11,43,13,86,130,2,18,36,79,67,59,91" hai2="46,122,109,75,131,48,120,76,99,62,129,102,133" hai3="4,117,73,3,26,49,112,20,93,44,56,23,21"/><U69/><E69/><V88/><F76/><W70/><G70/><T72/><D37/><U53/><E67/><V110/><F75/><W31/><G73/><T8/><D34/><U124/><E124/><V96/><F62/><W24/><G112/><T15/><D108/><N who="2" m="41578" /><F48/><W47/><G117/><T100/><D72/><U97/><E11/><V66/><F46/><W115/><G115/><T89/><D100/><U118/><E2/><V42/><F42/><W0/><G4/><T94/><REACH who="0" step="1"/><D90/><REACH who="0" ten="250,289,191,260" step="2"/><U29/><E91/><V74/><F74/><W121/><G121/><N who="2" m="46697" /><F66/><W116/><G116/><T41/><D41/><U9/><E43/><V113/><F113/><W83/><G26/><T60/><D60/><U106/><E118/><V45/><F133/><W127/><G24/><T40/><D40/><U39/><E36/><V19/><F19/><W123/><G123/><T32/><D32/><U14/><E39/><V128/><F45/><AGARI ba="0,1" hai="1,5,8,15,16,22,45,51,55,80,84,89,92,94" machi="45" ten="30,3900,0" yaku="1,1,7,1,54,1,53,0" doraHai="54" doraHaiUra="68" who="0" fromWho="2" sc="250,49,289,0,191,-39,260,0" /><INIT seed="2,0,0,3,0,39" ten="299,289,152,260" oya="2" hai0="69,41,72,12,134,30,87,26,6,53,48,79,20" hai1="29,127,31,55,125,47,3,89,18,91,40,44,119" hai2="73,107,67,52,109,58,106,93,80,102,25,126,74" hai3="60,63,111,46,34,51,117,83,32,76,132,105,108"/><V122/><F122/><W42/><G105/><T14/><D69/><U33/><E3/><V1/><F1/><W95/><G117/><T57/><D134/><U94/><E119/><V113/><F113/><W86/><G132/><T120/><D120/><U78/><E78/><V96/><F67/><W71/><G95/><T24/><D72/><U27/><E55/><V116/><F116/><W82/><G82/><N who="0" m="47583" /><D26/><U104/><E104/><V61/><F126/><N who="1" m="48137" /><E47/><V90/><F109/><N who="3" m="42059" /><G71/><T131/><D131/><U133/><E133/><V17/><F80/><W129/><G129/><T11/><D14/><U8/><E31/><V5/><F5/><W56/><G63/><T68/><D68/><U103/><E103/><V10/><F107/><W19/><G19/><T50/><D50/><N who="1" m="26887" /><E94/><V77/><F77/><W45/><G45/><T4/><D4/><U135/><E135/><V38/><F38/><W28/><G28/><T21/><D21/><U75/><E75/><V35/><F35/><W88/><G76/><T128/><D128/><U23/><E8/><V54/><F54/><AGARI ba="0,0" hai="32,34,42,46,51,54,56,60,83,86,88" m="42059" machi="54" ten="30,3900,0" yaku="14,1,52,1,54,1" doraHai="39" who="3" fromWho="2" sc="299,0,289,0,152,-39,260,39" /><INIT seed="3,0,0,4,2,79" ten="299,289,113,299" oya="3" hai0="67,108,24,17,85,30,57,0,86,124,121,128,116" hai1="27,62,118,56,71,20,99,88,34,10,97,122,129" hai2="4,29,38,40,55,2,78,83,100,82,49,106,87" hai3="90,11,84,51,53,114,39,131,58,1,44,13,130"/><W119/><G119/><T41/><D0/><U126/><E118/><V50/><F29/><W113/><G1/><T127/><D116/><U6/><E122/><V48/><F100/><W61/><G39/><T120/><D41/><U63/><E34/><V115/><F106/><W89/><G89/><T74/><D74/><U98/><E129/><N who="3" m="49162" /><G13/><T52/><D67/><U92/><E126/><N who="0" m="48169" /><D17/><U66/><E71/><V107/><F107/><W104/><G11/><T77/><D108/><U110/><E63/><V36/><F115/><W12/><G12/><T134/><D128/><U125/><E110/><V111/><F111/><W133/><G133/><T31/><D134/><U3/><REACH who="1" step="1"/><E125/><REACH who="1" ten="299,279,113,299" step="2"/><V73/><F40/><N who="3" m="24967" /><G104/><T123/><D120/><U16/><AGARI ba="0,1" hai="3,6,10,16,20,27,56,62,66,88,92,97,98,99" machi="16" ten="20,12000,2" yaku="1,1,0,1,7,1,54,2,53,1" doraHai="79" doraHaiUra="21" who="1" fromWho="1" sc="299,-30,279,130,113,-30,299,-60" /><INIT seed="4,0,0,1,0,71" ten="269,409,83,239" oya="0" hai0="7,97,70,36,111,13,109,30,26,86,93,55,113" hai1="43,12,40,58,119,131,120,23,2,16,112,124,132" hai2="1,75,73,81,37,94,61,6,56,65,48,51,49" hai3="130,126,34,118,11,115,33,88,17,15,103,3,42"/><T31/><D70/><U8/><E120/><V108/><F108/><N who="0" m="41546" /><D113/><U74/><E119/><V95/><F81/><W28/><G103/><N who="0" m="60847" /><D55/><U104/><E112/><V66/><F66/><W122/><G115/><T18/><D86/><U99/><E74/><V25/><F25/><W54/><G54/><T117/><D117/><U76/><E76/><V69/><F69/><W64/><G64/><T77/><D77/><U100/><E131/><V38/><F95/><W101/><G101/><T63/><D63/><U110/><E110/><V68/><F94/><W79/><G79/><T116/><D116/><U123/><E123/><V72/><REACH who="2" step="1"/><F68/><REACH who="2" ten="269,409,73,239" step="2"/><W14/><G118/><T128/><D26/><U98/><E104/><V125/><F125/><W24/><G126/><T129/><D129/><U127/><E124/><V89/><F89/><W39/><G88/><T45/><D128/><U59/><E127/><V78/><F78/><W102/><G130/><T29/><D29/><U107/><E107/><V83/><F83/><W19/><G24/><T53/><D31/><U84/><E100/><V9/><AGARI ba="0,1" hai="1,6,9,37,38,48,49,51,56,61,65,72,73,75" machi="9" ten="40,12000,2" yaku="1,1,0,1,52,2,53,3" doraHai="71" doraHaiUra="105" who="2" fromWho="2" sc="269,-60,409,-30,73,130,239,-30" /><INIT seed="5,0,0,2,0,20" ten="209,379,203,209" oya="1" hai0="114,103,65,135,129,98,72,1,133,61,121,122,116" hai1="85,96,92,94,18,58,131,44,45,67,79,89,28" hai2="12,93,25,66,57,56,22,81,62,60,100,115,108" hai3="52,102,105,42,19,36,43,49,106,14,134,76,34"/><U31/><E131/><V3/><F3/><W91/><G76/><T84/><D116/><U54/><E67/><V30/><F108/><W35/><G36/><T53/><D72/><U15/><E44/><V123/><F123/><N who="0" m="47114" /><D1/><U109/><E109/><V38/><F38/><W113/><G113/><T127/><D114/><U13/><E45/><V90/><F115/><W117/><G117/><T26/><D127/><U82/><E94/><V119/><F119/><W104/><G102/><T112/><D112/><U33/><E33/><V48/><F48/><W120/><G120/><T29/><D84/><U5/><E5/><V40/><F100/><W32/><G91/><T47/><D53/><U69/><E69/><V0/><F0/><W51/><G134/><T46/><D129/><U99/><E99/><N who="2" m="57783" /><F81/><W59/><REACH who="3" step="1"/><G51/><REACH who="3" ten="209,379,203,199" step="2"/><T50/><D50/><U68/><E79/><V63/><F40/><W118/><G118/><T124/><D135/><U73/><E89/><V70/><F70/><W4/><G4/><T132/><D133/><U97/><E73/><V9/><F66/><W88/><G88/><T24/><D132/><U55/><E96/><V8/><F8/><AGARI ba="0,1" hai="8,14,19,32,34,35,42,43,49,52,59,104,105,106" machi="8" ten="50,3200,0" yaku="1,1,54,1,53,0" doraHai="20" doraHaiUra="2" who="3" fromWho="2" sc="209,0,379,0,203,-32,199,42" /><INIT seed="6,0,0,3,0,96" ten="209,379,171,241" oya="2" hai0="73,58,54,53,3,134,80,59,110,22,43,63,124" hai1="120,48,34,45,37,1,62,23,102,85,83,117,128" hai2="118,66,13,72,119,114,55,78,79,93,123,98,67" hai3="41,103,30,57,89,111,40,26,15,42,108,38,47"/><V51/><F123/><W19/><G89/><T77/><D3/><U104/><E117/><V133/><F133/><W9/><G57/><T121/><D110/><U60/><E34/><V125/><F125/><W126/><G126/><T132/><D124/><U46/><E37/><V81/><F78/><W24/><G24/><T68/><D121/><U12/><E1/><V50/><F114/><W21/><G41/><T135/><D43/><U105/><E120/><V44/><F51/><W2/><G103/><T101/><D101/><U100/><E128/><V86/><F72/><W14/><G14/><T16/><D68/><U56/><E56/><N who="0" m="21545" /><D63/><U61/><E23/><V18/><F119/><W112/><G112/><T95/><D95/><U11/><E105/><V39/><F39/><W97/><G97/><T90/><D90/><N who="1" m="51519" /><E104/><V91/><REACH who="2" step="1"/><F118/><REACH who="2" ten="209,379,161,241" step="2"/><W8/><G111/><T88/><D88/><U4/><E46/><V87/><F87/><W109/><G109/><T113/><D113/><U52/><AGARI ba="0,1" hai="4,11,12,45,48,52,60,61,62,100,102" m="51519" machi="52" ten="30,7900,0" yaku="8,1,52,2,54,1" doraHai="96" who="1" fromWho="1" sc="209,-20,379,89,161,-39,241,-20" /><INIT seed="7,0,0,0,1,52" ten="189,468,122,221" oya="3" hai0="22,70,111,104,0,19,97,96,123,132,98,82,62" hai1="46,21,99,68,35,125,72,133,120,131,11,130,117" hai2="23,7,30,24,25,67,129,77,93,107,18,2,12" hai3="33,14,61,45,16,20,39,102,116,103,126,41,84"/><W105/><G33/><T58/><D0/><U10/><E35/><N who="2" m="20935" /><F107/><W69/><G126/><T110/><D104/><U59/><E21/><N who="2" m="11463" /><F93/><W65/><G116/><T88/><D70/><U86/><E11/><N who="2" m="2551" /><F77/><W43/><G105/><T8/><D123/><U17/><E17/><N who="2" m="12527" /><F67/><W32/><G43/><T50/><D132/><U28/><E28/><V51/><F51/><W47/><G47/><T109/><D50/><U56/><E10/><V91/><F91/><W64/><G64/><T26/><D8/><U94/><E125/><V73/><F73/><W60/><G60/><T29/><D29/><U48/><E133/><V87/><F87/><W100/><G84/><T31/><D31/><U101/><E117/><V37/><F37/><W55/><G55/><N who="0" m="34143" /><D82/><U134/><E134/><V83/><F83/><W78/><G78/><T113/><D113/><U6/><E6/><V122/><F122/><W114/><G114/><T15/><D88/><U53/><E72/><V49/><F49/><W74/><G74/><T119/><D98/><U71/><E120/><V79/><F79/><W13/><G69/><N who="1" m="26698" /><E86/><V85/><F85/><W127/><G127/><T106/><D106/><U1/><E1/><V40/><F40/><W76/><G41/><T63/><D97/><U115/><E115/><V124/><F124/><W42/><G42/><T66/><D96/><U5/><E5/><V38/><F38/><W4/><G39/><T54/><D66/><U128/><AGARI ba="0,0" hai="46,48,53,56,59,94,99,101,128,130,131" m="26698" machi="128" ten="40,5200,0" yaku="19,1,52,2" doraHai="52" who="1" fromWho="1" sc="189,-13,468,52,122,-13,221,-26" owari="176,-22.0,520,61.0,109,-39.0,195,0.0" /></mjloggm>