<mjloggm ver="2.3"><GO type="41"/><UN n0="%E5%AE%89%E8%8A%B8%E7%B4%85%E8%91%89" n1="%6D%61%6A%69%6E%62%6F%6F" n2="%E3%81%BD%E3%81%91%E3%82%82%E3%82%93%E3%81%AE%E5%85%AD%E5%BC%A6" n3="%EF%BC%88%E2%89%A7%E2%96%BD%E2%89%A6%EF%BC%89" dan="14,15,14,13" rate="1997,1963,1961,2012" sx="M,M,M,M"/><TAIKYOKU oya="0"/><INIT seed="0,0,0,0,2,80" ten="250,250,250,250" oya="0" hai0="123,103,3,28,117,93,86,97,78,45,0,114,118" hai1="58,31,14,17,39,77,53,89,26,72,56,70,135" hai2="18,109,42,24,132,116,83,129,90,25,12,64,50" hai3="68,105,29,111,75,92,69,21,119,33,101,22,41"/><T55/><D123/><U91/><E70/><V27/><F109/><W35/><G119/><T133/><D114/><U98/><E39/><V40/><F116/><W106/><G111/><T87/><D28/><U130/><E135/><V2/><F2/><W110/><G110/><T95/><D133/><U54/><E130/><V104/><F132/><W48/><G75/><T30/><D30/><U81/><E98/><V102/><F129/><W9/><G9/><T85/><D118/><U61/><E14/><V74/><F64/><W36/><G36/><T16/><D117/><U63/><REACH who="1" step="1"/><E17/><REACH who="1" step="2"/><V65/><F12/><W5/><G69/><T59/><D0/><U107/><E107/><V112/><F18/><W126/><G68/><T125/><D3/><U38/><E38/><V122/><F104/><W73/><G106/><T7/><D7/><U62/><E62/><V88/><F112/><W134/><G105/><T44/><D16/><U37/><E37/><V131/><F131/><W127/><G134/><T124/><D78/><U46/><E46/><N who="0" m="18025" /><D125/><U76/><E76/><V67/><F122/><W11/><G127/><T23/><D124/><U4/><E4/><V6/><F6/><W15/><G126/><T100/><D23/><AGARI ba="0,1" hai="23,26,31,53,54,56,58,61,63,72,77,81,89,91" machi="23" ten="30,8000,1" yaku="1,1,7,1,9,1,53,2" doraHai="80" doraHaiUra="84" who="1" fromWho="0" sc="250,-80,240,90,250,0,250,0" /><INIT seed="1,0,0,3,0,97" ten="170,330,250,250" oya="1" hai0="26,44,18,117,33,95,104,86,34,96,39,6,115" hai1="88,101,22,25,109,93,129,35,32,12,46,63,19" hai2="112,55,133,73,16,43,72,126,56,85,100,28,45" hai3="116,48,64,108,7,70,84,27,106,3,62,107,31"/><U92/><E129/><V37/><F126/><W128/><G128/><T118/><D104/><U0/><E0/><V134/><F112/><W122/><G122/><T76/><D115/><U57/><E109/><V50/><F28/><W135/><G108/><T69/><D69/><U61/><E46/><V15/><F85/><W94/><G116/><T75/><D75/><U51/><E35/><V111/><F111/><W81/><G135/><N who="2" m="51721" /><F100/><W113/><G113/><T132/><D132/><U5/><E32/><V71/><F71/><W59/><G94/><T47/><D34/><U78/><E78/><V130/><F130/><W77/><G3/><T79/><D33/><U131/><E131/><V1/><F1/><W67/><G7/><T23/><D6/><U9/><E101/><V21/><AGARI ba="0,0" hai="15,16,21,37,43,45,50,55,56,72,73" m="51721" machi="21" ten="30,2000,0" yaku="20,1,54,1" doraHai="97" who="2" fromWho="2" sc="170,-5,330,-10,250,20,250,-5" /><INIT seed="2,0,0,2,5,37" ten="165,320,270,245" oya="2" hai0="128,90,69,17,80,0,23,24,98,30,126,53,32" hai1="28,108,81,119,55,11,61,73,74,94,92,58,5" hai2="59,19,25,35,9,45,130,105,7,49,42,78,27" hai3="26,112,125,20,109,68,84,93,123,124,113,10,47"/><V82/><F105/><W31/><G68/><T133/><D69/><U12/><E108/><V65/><F130/><W116/><G123/><T62/><D0/><U122/><E119/><V41/><F35/><W50/><G116/><T60/><D128/><U88/><E122/><V6/><F19/><W29/><G29/><T44/><D126/><N who="3" m="48745" /><G109/><T83/><D133/><U72/><REACH who="1" step="1"/><E28/><REACH who="1" step="2"/><V48/><F65/><W39/><G113/><T57/><D30/><U13/><E13/><V46/><F59/><W107/><G112/><T56/><D56/><U118/><E118/><V1/><REACH who="2" step="1"/><F7/><REACH who="2" step="2"/><W77/><G31/><T131/><D57/><U52/><E52/><V43/><F43/><W100/><G26/><T75/><D24/><U102/><E102/><V63/><F63/><W106/><G100/><T134/><D62/><U40/><E40/><V36/><F36/><W8/><G39/><T64/><D60/><U96/><E96/><V114/><F114/><W97/><G97/><T111/><D98/><U2/><E2/><V127/><F127/><W15/><G15/><T16/><D131/><U79/><E79/><V120/><F120/><W91/><G77/><T38/><D53/><U54/><E54/><V67/><F67/><W95/><G91/><T121/><D64/><U89/><E89/><V76/><F76/><W129/><G129/><T99/><D90/><U22/><E22/><V103/><F103/><W4/><G20/><T85/><D23/><U87/><AGARI ba="0,2" hai="5,11,12,55,58,61,72,73,74,81,87,88,92,94" machi="87" ten="40,5200,0" yaku="1,1,0,1,54,1,53,0" doraHai="37" doraHaiUra="115" who="1" fromWho="1" sc="165,-13,310,72,260,-26,245,-13" /><INIT seed="3,0,0,0,4,13" ten="152,382,234,232" oya="3" hai0="129,2,118,89,30,130,122,25,32,23,76,54,18" hai1="93,31,110,20,39,7,97,42,46,57,83,22,84" hai2="134,36,114,59,26,113,19,121,72,109,38,85,60" hai3="79,66,117,115,123,135,62,49,3,56,41,105,63"/><W48/><G3/><T112/><D76/><U12/><E110/><V16/><F72/><W50/><G105/><T1/><D54/><U111/><E111/><V24/><F109/><W61/><G79/><T100/><D100/><U55/><E31/><V4/><F134/><W92/><G92/><T45/><D45/><U73/><E73/><V77/><F121/><W11/><G11/><T108/><D89/><U9/><E93/><V40/><F4/><W82/><G82/><T17/><D108/><U0/><E97/><V104/><F104/><W68/><G123/><T74/><D74/><U5/><E0/><N who="0" m="105" /><D118/><U125/><E125/><V126/><F126/><W44/><G117/><T35/><D122/><U43/><E7/><V106/><F106/><W21/><G115/><T103/><D103/><U70/><E70/><V98/><F98/><W34/><G135/><T69/><D69/><U124/><E124/><V107/><F107/><W128/><G128/><N who="0" m="49259" /><D112/><U53/><E43/><V52/><F113/><W127/><G127/><T65/><D65/><U58/><E55/><V8/><F114/><W99/><G66/><T120/><D120/><U37/><E37/><V96/><F96/><W71/><G99/><T116/><D116/><U131/><E131/><V88/><F77/><W95/><G71/><T75/><D75/><U51/><E58/><V78/><F78/><AGARI ba="0,0" hai="5,9,12,20,22,39,42,46,51,53,57,78,83,84" machi="78" ten="30,1000,0" yaku="7,1" doraHai="13" who="1" fromWho="2" sc="152,0,382,10,234,-10,232,0" /><INIT seed="4,0,0,3,0,58" ten="152,392,224,232" oya="0" hai0="80,27,99,52,126,89,17,39,24,116,70,76,53" hai1="40,132,87,43,18,65,30,32,46,106,103,74,117" hai2="38,72,4,56,68,34,60,120,125,104,131,91,51" hai3="13,133,109,67,118,78,22,71,114,83,101,84,92"/><T110/><D116/><U16/><E117/><V94/><F120/><W31/><G118/><T100/><D70/><U29/><E74/><V127/><F104/><W95/><G109/><T124/><D39/><U102/><E106/><V28/><F38/><W48/><G133/><T108/><D89/><U111/><E111/><N who="0" m="42537" /><D24/><U12/><E32/><V73/><F131/><W64/><G114/><T122/><D122/><U86/><E12/><V121/><F121/><W112/><G112/><T88/><D17/><U5/><E5/><V35/><F4/><W85/><G48/><T37/><D37/><U44/><E65/><N who="3" m="25162" /><G71/><T11/><D11/><U6/><E6/><V7/><F7/><W75/><G75/><N who="0" m="43039" /><D27/><U23/><REACH who="1" step="1"/><E23/><REACH who="1" step="2"/><V90/><F34/><W96/><G22/><T59/><D100/><U105/><E105/><V8/><F35/><W69/><G101/><T107/><D107/><U45/><E45/><V63/><F73/><W129/><G13/><T19/><D19/><U25/><E25/><V14/><F72/><W135/><G31/><T33/><D33/><U54/><E54/><N who="0" m="21097" /><D59/><U130/><E130/><V10/><F28/><W42/><G69/><T79/><D79/><U93/><E93/><AGARI ba="0,1" hai="88,93,99,124,126" m="21097,43039,42537" machi="93" ten="30,5800,0" yaku="10,1,54,2" doraHai="58" who="0" fromWho="1" sc="152,68,382,-58,224,0,232,0" /><INIT seed="4,1,0,3,0,61" ten="220,324,224,232" oya="0" hai0="75,65,129,51,28,89,37,21,93,6,85,50,124" hai1="116,40,108,46,98,58,92,114,112,57,44,120,95" hai2="106,86,104,134,122,125,17,77,101,135,115,133,113" hai3="105,127,32,121,39,24,13,29,68,62,53,70,64"/><T79/><D37/><U123/><E98/><V49/><F49/><W19/><G127/><T23/><D124/><U97/><E97/><V99/><F17/><W100/><G121/><N who="1" m="46666" /><E108/><V36/><F36/><W69/><G39/><T109/><D109/><U41/><E116/><V54/><F54/><W117/><G117/><T18/><D6/><U94/><E58/><V131/><F122/><W81/><G81/><T78/><D129/><U10/><E10/><V33/><F33/><W30/><G30/><T90/><D75/><U80/><E80/><N who="2" m="47375" /><F125/><W11/><G53/><T119/><D119/><U118/><E57/><V20/><F20/><W47/><G47/><N who="1" m="17962" /><E118/><V35/><F35/><W48/><G48/><T12/><D90/><U73/><E73/><V67/><F67/><W2/><G2/><T83/><D65/><U0/><E0/><V111/><F111/><W16/><G19/><T87/><REACH who="0" step="1"/><D79/><REACH who="0" step="2"/><U31/><E31/><V52/><F131/><W56/><G56/><T66/><D66/><U45/><E45/><V88/><F52/><W34/><G34/><T7/><D7/><U82/><E82/><V132/><F133/><W3/><G3/><T128/><D128/><U63/><E63/><V76/><F76/><W102/><G102/><T38/><D38/><U103/><E103/><V22/><F132/><W71/><G68/><T110/><D110/><U91/><E91/><V107/><F88/><W84/><G84/><T26/><AGARI ba="1,1" hai="12,18,21,23,26,28,50,51,78,83,85,87,89,93" machi="26" ten="30,11700,0" yaku="1,1,0,1,8,1,53,1" doraHai="61" doraHaiUra="9" who="0" fromWho="0" sc="210,130,324,-40,224,-40,232,-40" /><INIT seed="4,2,0,3,0,15" ten="340,284,184,192" oya="0" hai0="76,50,56,41,6,32,94,131,53,108,47,105,93" hai1="97,43,129,26,70,103,23,88,65,62,77,72,45" hai2="91,80,37,36,35,1,46,58,90,10,31,60,118" hai3="78,119,73,82,17,11,68,69,104,34,20,130,83"/><T57/><D105/><U92/><E129/><V52/><F118/><W111/><G119/><T117/><D117/><U128/><E128/><V106/><F106/><W51/><G130/><T0/><D131/><U95/><E77/><V64/><F35/><W126/><G111/><T100/><D32/><U67/><E72/><V86/><F31/><W2/><G104/><T123/><D123/><U13/><E13/><V29/><F29/><W96/><G34/><T40/><D108/><U112/><E112/><V48/><REACH who="2" step="1"/><F91/><REACH who="2" step="2"/><W3/><G78/><T122/><D122/><U124/><E103/><V63/><F63/><W44/><G126/><T116/><D116/><U102/><E124/><V19/><F19/><W25/><G17/><T120/><D120/><U7/><E62/><V66/><F66/><W18/><G18/><T42/><D6/><AGARI ba="2,1" hai="1,6,10,36,37,46,48,52,58,60,64,80,86,90" machi="6" ten="40,2600,0" yaku="1,1,54,1,53,0" doraHai="15" doraHaiUra="89" who="2" fromWho="0" sc="340,-32,284,0,174,42,192,0" /><INIT seed="5,0,0,0,3,51" ten="308,284,216,192" oya="1" hai0="110,109,84,73,15,60,101,77,21,67,65,76,11" hai1="28,58,52,99,22,129,89,4,71,27,29,68,56" hai2="133,47,97,91,116,57,6,49,131,14,46,119,117" hai3="53,38,31,10,30,59,55,120,64,25,88,127,83"/><U26/><E129/><V86/><F131/><W39/><G120/><T63/><D101/><U17/><E4/><V85/><F133/><W112/><G112/><T118/><D118/><U128/><E128/><V61/><F97/><W48/><G127/><T1/><D73/><U122/><E122/><V70/><F70/><W132/><G132/><T13/><D1/><U35/><E29/><N who="3" m="10762" /><G38/><T81/><D21/><U114/><E114/><V50/><F6/><W115/><G115/><T126/><D126/><U113/><E113/><V93/><F14/><W121/><G121/><T62/><D76/><U134/><E134/><V106/><F106/><W104/><G104/><T92/><D92/><U69/><E99/><V108/><F108/><W23/><G39/><T40/><D40/><U124/><E89/><V8/><F8/><W34/><G34/><T3/><D3/><U94/><E94/><V16/><F16/><N who="3" m="12519" /><G10/><T102/><D11/><U79/><E124/><V12/><F12/><W111/><G111/><T19/><D110/><U130/><E130/><V74/><F74/><W87/><G48/><T20/><D109/><U18/><E18/><V125/><F125/><W37/><G37/><T43/><D13/><U80/><E71/><V135/><F135/><W107/><G107/><T66/><D43/><U36/><E36/><V90/><F50/><W7/><G7/><T96/><D63/><AGARI ba="0,0" hai="53,55,59,63,64,83,87,88" m="12519,10762" machi="63" ten="30,8000,1" yaku="8,1,52,2,54,2" doraHai="51" who="3" fromWho="0" sc="308,-80,284,0,216,0,192,80" /><INIT seed="6,0,0,1,4,14" ten="228,284,216,272" oya="2" hai0="118,44,20,22,34,122,38,126,57,64,50,29,24" hai1="72,95,63,104,0,40,36,93,90,41,33,103,19" hai2="39,60,74,53,96,54,49,43,26,107,70,119,68" hai3="1,75,11,2,116,47,114,52,59,109,76,46,80"/><V30/><F119/><W77/><G109/><T102/><D118/><U45/><E33/><V28/><F74/><W62/><G116/><T129/><D122/><U128/><E72/><V124/><F124/><W61/><G114/><T130/><D38/><U101/><E0/><V86/><F39/><W55/><G76/><T5/><D102/><U84/><E128/><N who="0" m="49257" /><D5/><U100/><E41/><V21/><F43/><W113/><G113/><T121/><D121/><U123/><E123/><V35/><F30/><W69/><G1/><T71/><D71/><U87/><E104/><V127/><F127/><W51/><G69/><T16/><D126/><U13/><E63/><V25/><F86/><W111/><G111/><T15/><D57/><U91/><E103/><N who="2" m="62951" /><F49/><W7/><REACH who="3" step="1"/><G62/><REACH who="3" step="2"/><T120/><D120/><U79/><E79/><V58/><F70/><W132/><G132/><T31/><D64/><U125/><E125/><V73/><F68/><W32/><G32/><T92/><D34/><U83/><E83/><V18/><F60/><W65/><G65/><T8/><D92/><U99/><E99/><V106/><F106/><W48/><G48/><T89/><D89/><U105/><E105/><V110/><F110/><W67/><G67/><T3/><D3/><U37/><E37/><V6/><F35/><W88/><G88/><T134/><D134/><U112/><E112/><V17/><F54/><W4/><G4/><T98/><D50/><U23/><AGARI ba="0,1" hai="13,19,23,36,40,45,84,87,90,91,93,95,100,101" machi="23" ten="20,5200,0" yaku="0,1,7,1,9,1,52,1" doraHai="14" who="1" fromWho="1" sc="228,-13,284,62,216,-26,262,-13" /><INIT seed="7,0,0,5,4,99" ten="215,346,190,249" oya="3" hai0="51,63,18,68,64,69,57,13,129,58,19,74,75" hai1="34,114,77,37,113,98,67,1,127,111,106,6,28" hai2="62,116,42,72,24,2,121,109,56,132,130,21,88" hai3="10,97,43,22,27,33,60,54,7,84,80,65,131"/><W17/><G131/><T35/><D35/><U38/><E111/><V49/><F109/><W25/><G43/><T95/><D129/><U105/><E127/><V48/><F130/><W79/><G54/><T20/><D95/><U15/><E77/><V59/><F116/><W53/><G53/><T133/><D133/><U120/><E120/><V26/><F121/><W44/><G44/><T81/><D51/><U86/><E86/><V104/><F132/><W11/><G97/><T70/><D58/><U110/><E110/><V128/><F128/><W3/><G10/><T82/><D20/><U87/><E87/><V61/><F2/><W55/><G55/><T122/><D122/><U124/><E124/><V23/><F72/><W78/><G33/><T31/><D31/><U76/><E76/><V29/><F104/><N who="1" m="40041" /><E98/><V12/><F12/><W90/><G27/><T39/><D39/><N who="1" m="14859" /><E15/><V71/><F71/><AGARI ba="0,0" hai="3,7,11,17,22,25,60,65,71,78,79,80,84,90" machi="71" ten="30,1500,0" yaku="7,1" doraHai="99" who="3" fromWho="2" sc="215,0,346,0,190,-15,249,15" /><INIT seed="7,1,0,4,1,14" ten="215,346,175,264" oya="3" hai0="50,6,115,33,63,111,130,119,82,56,109,46,129" hai1="7,61,0,72,106,92,80,79,103,32,51,27,99" hai2="39,108,81,10,58,21,1,91,77,40,53,2,8" hai3="117,96,98,24,70,16,114,23,59,118,36,47,35"/><W60/><G70/><T94/><D82/><U121/><E121/><V120/><F120/><W13/><G114/><T45/><D94/><U105/><E0/><V132/><F108/><W9/><G35/><T84/><D84/><U116/><E116/><V126/><F132/><W90/><G36/><T17/><D33/><U71/><E7/><V28/><F126/><W131/><G131/><N who="0" m="50187" /><D6/><U19/><E51/><V12/><F91/><W104/><G104/><T68/><D68/><U31/><REACH who="1" step="1"/><E19/><REACH who="1" step="2"/><V62/><F2/><W87/><G118/><T102/><D17/><U49/><E49/><V34/><F1/><W93/><G117/><T3/><D3/><U95/><E95/><V42/><F39/><W73/><G47/><N who="0" m="17931" /><D119/><U22/><E22/><V4/><F21/><W5/><G73/><T41/><D115/><U76/><E76/><V48/><F34/><W30/><G5/><T124/><D50/><U66/><AGARI ba="1,1" hai="27,31,32,61,66,71,72,79,80,92,99,103,105,106" machi="66" ten="30,2000,0" yaku="1,1,0,1,53,0" doraHai="14" doraHaiUra="123" who="1" fromWho="1" sc="215,-6,336,33,175,-6,264,-11" owari="209,-19,369,47,169,-33,253,5" /></mjloggm>