<mjloggm ver="2.3"><GO type="169"/><UN n0="%49%47%41" n1="%E3%81%BE%E3%81%A4%E3%82%86%E3%81%8D" n2="%E7%88%86%E7%89%8C%E3%82%A6%E3%82%B7%E3%82%B8%E3%83%9E%E3%81%8F%E3%82%93" n3="%EF%BC%88%E2%89%A7%E2%96%BD%E2%89%A6%EF%BC%89" dan="16,16,18,17" rate="2047,2124,2176,2118" sx="M,M,M,M"/><TAIKYOKU oya="0"/><INIT seed="0,0,0,5,1,61" ten="250,250,250,250" oya="0" hai0="52,42,57,120,107,37,103,38,117,128,101,18,76" hai1="45,5,116,48,104,115,78,105,133,13,102,83,11" hai2="20,25,53,1,46,79,135,68,51,43,4,24,89" hai3="55,92,7,94,98,59,16,12,34,77,86,8,110"/><T91/><D117/><U134/><E116/><V28/><F135/><N who="1" m="51721" /><E102/><V49/><F68/><W22/><G110/><T65/><D120/><U114/><E105/><V112/><F112/><W54/><G34/><T44/><D76/><U111/><E104/><V82/><F1/><W96/><G77/><T3/><D3/><U33/><E33/><V17/><F4/><W50/><G55/><T21/><D128/><U23/><E23/><V6/><F6/><W71/><G71/><T41/><D107/><U40/><E111/><V119/><F89/><N who="3" m="53303" /><G94/><T39/><D91/><U63/><E63/><V97/><F97/><W108/><G108/><T88/><D65/><U125/><E125/><V69/><F69/><W73/><G73/><AGARI ba="0,0" hai="5,11,13,40,45,48,73,78,83,114,115" m="51721" machi="73" ten="30,1000,0" yaku="20,1" doraHai="61" who="1" fromWho="3" sc="250,0,250,10,250,0,250,-10" /><INIT seed="1,0,0,2,2,67" ten="250,260,250,240" oya="1" hai0="2,36,7,16,82,25,105,6,87,42,34,63,52" hai1="47,58,29,21,104,131,125,96,27,130,60,85,111" hai2="122,123,11,81,119,89,117,18,53,32,84,41,50" hai3="61,75,127,55,103,45,134,99,69,118,90,77,65"/><U10/><E125/><V133/><F32/><W120/><G127/><T3/><D105/><U4/><E111/><V112/><F41/><W71/><G120/><N who="2" m="46121" /><F133/><W97/><G134/><T24/><D42/><U54/><E47/><N who="2" m="27871" /><F112/><W1/><G1/><T70/><D36/><U20/><E85/><V115/><F115/><W17/><G118/><T88/><D34/><U38/><E38/><V116/><F116/><W66/><G77/><T74/><D74/><U121/><E121/><V100/><F100/><W124/><G75/><T126/><D126/><U44/><E44/><V108/><F108/><W35/><G124/><T62/><D62/><U19/><E104/><V64/><F64/><W98/><G35/><T28/><D28/><U114/><E96/><V79/><F79/><W8/><G103/><T43/><D43/><U68/><E114/><V30/><F30/><W110/><G110/><T46/><D70/><U13/><REACH who="1" step="1"/><E68/><REACH who="1" ten="250,250,250,240" step="2"/><V80/><F80/><W76/><G69/><T78/><D82/><U26/><AGARI ba="0,1" hai="4,10,13,19,20,21,26,27,29,54,58,60,130,131" machi="26" ten="30,12000,1" yaku="1,1,2,1,0,1,53,2" doraHai="67" doraHaiUra="22" who="1" fromWho="1" sc="250,-40,250,130,250,-40,240,-40" /><INIT seed="1,1,0,5,0,78" ten="210,380,210,200" oya="1" hai0="56,76,81,83,108,47,106,113,132,13,62,88,130" hai1="49,67,36,134,72,41,85,9,68,21,75,80,97" hai2="123,20,101,29,115,38,8,92,19,109,40,66,28" hai3="105,84,32,3,102,95,14,25,48,116,34,120,31"/><U65/><E36/><V133/><F115/><W7/><G120/><T46/><D113/><U43/><E134/><V2/><F123/><W87/><G116/><T11/><D132/><U127/><E127/><V121/><F121/><W71/><G34/><T37/><D106/><U107/><E75/><V70/><F109/><W60/><G3/><T129/><D108/><U86/><E72/><V122/><F66/><N who="3" m="41415" /><G95/><T10/><D10/><U52/><E86/><V96/><F70/><W63/><G63/><T126/><D126/><U23/><E9/><V4/><F133/><W57/><G14/><T103/><D103/><U42/><E107/><V112/><F112/><W74/><G7/><N who="0" m="3327" /><D88/><N who="1" m="51239" /><E97/><V98/><F122/><W100/><G100/><T5/><D5/><U35/><E35/><V18/><F96/><N who="3" m="61639" /><G74/><T44/><D76/><U33/><E33/><V0/><F0/><W124/><G124/><T99/><D99/><U27/><E68/><V50/><F98/><W6/><G6/><T53/><D37/><U69/><E69/><V135/><F38/><W30/><G30/><T90/><D90/><U125/><E125/><V104/><F29/><W15/><G15/><T91/><D91/><U54/><E21/><V73/><F20/><W128/><G128/><AGARI ba="1,0" hai="44,46,47,53,56,62,81,83,128,129,130" m="3327" machi="128" ten="30,3900,0" yaku="19,1,52,2" doraHai="78" who="0" fromWho="3" sc="210,42,380,0,210,0,200,-42" /><INIT seed="2,0,0,0,3,34" ten="252,380,210,158" oya="2" hai0="35,100,129,108,132,55,116,11,102,134,124,113,126" hai1="83,28,71,84,69,89,68,105,111,27,6,67,123" hai2="98,115,25,10,60,24,133,58,73,77,106,86,91" hai3="9,80,15,8,31,26,118,56,117,49,92,96,63"/><V95/><F115/><W51/><G80/><T99/><D113/><U1/><E123/><V7/><F133/><N who="0" m="51306" /><D35/><U112/><E112/><V37/><F37/><W14/><G118/><T30/><D30/><U121/><E121/><V78/><F73/><W20/><G117/><T43/><D116/><U101/><E111/><V88/><F106/><W17/><G14/><T66/><D108/><U97/><E6/><V52/><F25/><W127/><G9/><T82/><D43/><U57/><E57/><V0/><F24/><W16/><G127/><N who="0" m="48683" /><D66/><U53/><E53/><V103/><F103/><N who="0" m="39466" /><D99/><U29/><E29/><V40/><REACH who="2" step="1"/><F40/><REACH who="2" ten="252,380,200,158" step="2"/><W4/><G31/><T104/><D104/><U23/><E28/><V59/><F59/><W54/><REACH who="3" step="1"/><G17/><REACH who="3" ten="252,380,200,148" step="2"/><T122/><D122/><U48/><E105/><V70/><F70/><W75/><G75/><T21/><D82/><AGARI ba="0,2" hai="0,7,10,52,58,60,77,78,82,86,88,91,95,98" machi="82" ten="30,12000,1" yaku="1,1,7,1,52,1,54,2,53,0" doraHai="34" doraHaiUra="114" who="2" fromWho="0" sc="252,-120,380,0,200,140,148,0" /><INIT seed="2,1,0,3,2,12" ten="132,380,340,148" oya="2" hai0="72,81,34,17,60,129,15,41,29,96,28,110,77" hai1="126,67,103,74,75,21,50,25,64,16,69,56,32" hai2="76,92,36,42,9,55,1,22,135,101,5,84,116" hai3="130,58,57,93,3,62,127,107,132,14,90,47,18"/><V78/><F116/><W68/><G3/><T117/><D117/><U114/><E114/><V113/><F113/><W128/><G107/><T52/><D110/><U108/><E108/><V79/><F135/><W44/><G68/><T4/><D129/><N who="3" m="49769" /><G127/><T45/><D4/><U24/><E126/><V31/><F36/><W8/><G132/><T20/><D34/><U54/><E103/><V39/><F39/><W106/><G106/><T97/><D41/><U89/><E89/><V38/><F38/><W95/><G58/><T104/><D104/><U122/><E122/><V105/><F105/><W73/><G73/><T87/><D72/><U59/><E69/><V40/><F55/><N who="3" m="34111" /><G95/><T33/><D33/><U102/><E67/><V61/><F92/><W98/><AGARI ba="1,0" hai="8,14,18,44,47,90,93,98" m="34111,49769" machi="98" ten="30,2000,0" yaku="19,1,52,1" doraHai="12" who="3" fromWho="3" sc="132,-6,380,-6,340,-11,148,23" /><INIT seed="3,0,0,1,5,104" ten="126,374,329,171" oya="3" hai0="72,14,82,50,74,68,86,55,75,3,13,22,37" hai1="21,56,12,128,108,91,118,20,80,96,131,135,43" hai2="117,133,101,98,69,102,134,73,105,107,51,66,11" hai3="130,71,26,93,64,39,31,1,83,47,5,126,7"/><W18/><G130/><N who="1" m="49706" /><E118/><V97/><F117/><W116/><G116/><T65/><D37/><U46/><E108/><V90/><F11/><W106/><G106/><T115/><D3/><U48/><E135/><V53/><F90/><W132/><G1/><T84/><D115/><U87/><E12/><V44/><F73/><W54/><G39/><T59/><D22/><U95/><E56/><V25/><F25/><W103/><G26/><T77/><REACH who="0" step="1"/><D86/><REACH who="0" ten="116,374,329,171" step="2"/><U57/><E57/><V122/><F122/><W99/><G71/><T41/><D41/><U24/><E24/><V4/><F133/><W89/><G132/><T94/><D94/><U125/><E125/><V23/><F134/><W36/><G93/><T124/><D124/><U70/><E70/><V32/><F23/><W88/><G126/><T38/><D38/><U113/><E113/><V85/><F32/><W49/><G36/><T33/><D33/><U111/><E111/><V100/><F107/><W60/><G31/><T15/><D15/><U129/><E129/><V63/><F105/><W121/><G121/><T35/><D35/><U61/><E20/><V62/><F69/><W40/><G40/><T17/><D17/><U27/><E21/><V19/><F19/><W92/><G18/><T79/><D79/><N who="1" m="46495" /><E27/><V78/><F78/><W81/><G5/><T6/><D6/><U28/><E28/><V30/><F4/><W9/><G7/><T58/><D58/><U119/><E119/><V123/><F30/><W10/><G10/><T112/><D112/><U76/><E76/><V127/><F127/><W110/><G9/><RYUUKYOKU ba="0,1" sc="116,15,374,15,329,-15,171,-15" hai0="13,14,50,55,59,65,68,72,74,75,77,82,84" hai1="43,46,48,61,91,95,96" /><INIT seed="4,1,1,1,1,84" ten="131,389,314,156" oya="0" hai0="79,46,122,80,18,83,0,26,88,129,110,133,131" hai1="42,44,5,101,130,23,76,40,120,93,106,69,118" hai2="124,100,77,10,16,104,127,112,17,30,6,32,116" hai3="70,49,67,14,73,57,33,115,92,96,34,21,60"/><T20/><D122/><U105/><E120/><V125/><F77/><W107/><G73/><T114/><D114/><U15/><E118/><V99/><F112/><W9/><G115/><T109/><D0/><U63/><E76/><V28/><F116/><W52/><G107/><T132/><D46/><U94/><E42/><V111/><F111/><N who="0" m="42506" /><D88/><U123/><E123/><V29/><REACH who="2" step="1"/><F32/><REACH who="2" ten="131,389,304,156" step="2"/><W55/><G33/><T121/><D121/><U72/><E72/><V2/><AGARI ba="1,2" hai="2,6,10,16,17,28,29,30,99,100,104,124,125,127" machi="2" ten="40,16000,3" yaku="1,1,2,1,0,1,18,1,54,1,53,3" doraHai="84" doraHaiUra="25" who="2" fromWho="2" sc="131,-81,389,-41,304,183,156,-41" /><INIT seed="5,0,0,0,5,50" ten="50,348,487,115" oya="1" hai0="1,86,119,48,123,100,52,112,14,79,125,31,13" hai1="59,16,37,24,75,110,15,25,97,23,108,12,135" hai2="105,70,101,26,29,111,133,27,109,72,10,22,53" hai3="51,6,81,39,92,35,58,28,95,127,64,129,124"/><U89/><E37/><V93/><F72/><W98/><G39/><T5/><D119/><U34/><E75/><V118/><F105/><W116/><G116/><T128/><D112/><U76/><E76/><V57/><F70/><W77/><G129/><T67/><D128/><U44/><E44/><V74/><F74/><W61/><G6/><T126/><D67/><U45/><E45/><V94/><F133/><W106/><G106/><T9/><D100/><U69/><E69/><V36/><F36/><W65/><G65/><T46/><D31/><N who="1" m="19815" /><E59/><V85/><F118/><W134/><G134/><T117/><D117/><U88/><E135/><V107/><F107/><W21/><G35/><T96/><D96/><U17/><E97/><V131/><F131/><W4/><G4/><T33/><D33/><U90/><E17/><V103/><F103/><N who="3" m="60871" /><G51/><T114/><D114/><U60/><E60/><V113/><F101/><W63/><G63/><T41/><D41/><U87/><E87/><V49/><F85/><N who="3" m="48303" /><G95/><T83/><REACH who="0" step="1"/><D123/><REACH who="0" ten="40,348,487,115" step="2"/><U104/><E104/><V42/><F113/><W80/><G64/><T2/><D2/><U0/><E0/><V78/><F42/><W121/><G121/><T43/><D43/><U55/><E110/><V73/><F109/><W30/><G28/><T38/><D38/><U56/><E108/><V120/><F111/><W66/><G30/><T8/><D8/><U68/><E68/><V40/><F10/><W32/><G32/><T130/><D130/><U11/><E11/><V3/><F3/><W91/><G21/><T84/><D84/><U122/><E122/><RYUUKYOKU ba="0,1" sc="40,10,348,10,487,-30,115,10" hai0="1,5,9,13,14,46,48,52,79,83,86,125,126" hai1="12,15,16,23,25,55,56,88,89,90" hai3="58,61,66,80,91,124,127" /><INIT seed="5,1,1,3,1,79" ten="50,358,457,125" oya="1" hai0="118,41,124,135,112,42,134,116,65,31,113,29,46" hai1="7,106,122,69,97,8,44,43,111,88,114,129,132" hai2="35,101,19,67,6,0,18,131,90,51,40,108,12" hai3="130,127,104,55,128,4,71,119,74,126,17,78,1"/><U3/><E122/><V28/><F108/><W21/><G71/><T47/><REACH who="0" step="1"/><D65/><REACH who="0" ten="40,358,457,125" step="2"/><U63/><E111/><V77/><F67/><W117/><G104/><T80/><D80/><U22/><E106/><V26/><F131/><N who="3" m="50219" /><G55/><T32/><D32/><U61/><E129/><V64/><F35/><W48/><G117/><T81/><D81/><U99/><E132/><V37/><F64/><W85/><G119/><T58/><D58/><U52/><E69/><V60/><F40/><W120/><G120/><T45/><D45/><U49/><E114/><V100/><F77/><W34/><G34/><T11/><D11/><U133/><E133/><V23/><F23/><W70/><G70/><T57/><D57/><U13/><E43/><V110/><F110/><W20/><G20/><T5/><D5/><U59/><E59/><V94/><F6/><W107/><G4/><T83/><D83/><U95/><E22/><V109/><F109/><W25/><G21/><T2/><D2/><U121/><E3/><V72/><F0/><W54/><G1/><T10/><D10/><U98/><REACH who="1" step="1"/><E121/><REACH who="1" ten="40,348,457,125" step="2"/><V30/><F30/><W56/><G56/><T39/><D39/><U105/><E105/><V73/><F37/><W125/><G107/><T102/><D102/><U33/><E33/><V86/><F100/><W87/><G127/><AGARI ba="1,3" hai="29,31,41,42,46,47,112,113,116,118,124,127,134,135" machi="127" ten="25,6400,0" yaku="21,2,22,2,53,0" doraHai="79" doraHaiUra="89" who="0" fromWho="3" sc="40,97,348,0,457,0,125,-67" /><INIT seed="6,0,0,0,2,5" ten="137,348,457,58" oya="2" hai0="4,122,25,40,75,66,78,36,107,33,77,14,16" hai1="91,120,87,105,114,125,116,93,70,64,124,128,99" hai2="110,134,47,69,58,94,11,59,15,21,83,34,82" hai3="55,96,86,39,1,28,74,71,17,68,65,73,115"/><V63/><F34/><W119/><G39/><T61/><D107/><U80/><E64/><V103/><F134/><W131/><G119/><T52/><D122/><U111/><E70/><V44/><F21/><W133/><G1/><T13/><D4/><U18/><E18/><V56/><F110/><W19/><G133/><T6/><D6/><U35/><E35/><V121/><F121/><W92/><G131/><T8/><D75/><U46/><E46/><V126/><F126/><N who="1" m="48745" /><E120/><V113/><F113/><W88/><G115/><T10/><D52/><U85/><E114/><V50/><F69/><W49/><G28/><T97/><D97/><U41/><E41/><V79/><F63/><W24/><G73/><T12/><D16/><N who="3" m="6217" /><G86/><T53/><D53/><U42/><E42/><V81/><F44/><N who="3" m="28071" /><G74/><T100/><D40/><U135/><E135/><V123/><F123/><W48/><G65/><T89/><D36/><U98/><E116/><V43/><F79/><W57/><G24/><T106/><D77/><N who="1" m="46223" /><E111/><V37/><F37/><W22/><G22/><T102/><D33/><U72/><E72/><V76/><F76/><W62/><G48/><T104/><D78/><U7/><E7/><V32/><F50/><W51/><G51/><T9/><D66/><U84/><E128/><V130/><F130/><W38/><G38/><T29/><D29/><U20/><E20/><V118/><F32/><W67/><G71/><T109/><D25/><U26/><E26/><V0/><F118/><W45/><G68/><T95/><D109/><U23/><E23/><V108/><F108/><W101/><G45/><RYUUKYOKU ba="0,0" sc="137,-15,348,15,457,-15,58,15" hai1="84,87,91,93,98,99,105" hai3="57,62,67,88,92,96,101" /><INIT seed="7,1,0,2,5,28" ten="122,363,442,73" oya="3" hai0="18,128,34,129,6,109,10,74,15,105,91,102,43" hai1="126,30,56,103,86,19,57,99,113,40,55,80,119" hai2="66,124,131,114,13,54,17,0,132,48,104,22,89" hai3="46,115,45,47,60,73,42,98,3,135,100,72,32"/><W64/><G3/><T106/><D109/><U94/><E119/><V21/><F114/><W123/><G123/><T59/><D74/><U62/><E113/><V36/><F0/><W121/><G121/><T78/><D34/><U11/><E126/><V127/><F36/><W20/><G115/><T101/><D78/><U118/><E118/><V68/><F104/><N who="0" m="40042" /><D43/><U120/><E120/><V79/><F131/><N who="0" m="50250" /><D91/><U9/><E30/><V71/><F132/><W26/><G135/><T70/><D70/><U61/><E40/><V39/><F66/><W92/><G42/><T5/><D59/><U2/><E2/><V16/><F48/><W85/><G85/><T90/><D90/><U107/><E19/><V69/><F54/><W38/><G38/><T41/><D41/><U33/><E107/><V7/><F13/><W35/><G73/><T111/><D111/><U84/><E33/><V52/><F7/><AGARI ba="1,0" hai="5,6,7,10,15,18,101,102" m="50250,40042" machi="7" ten="30,1000,0" yaku="19,1" doraHai="28" who="0" fromWho="2" sc="122,13,363,0,442,-13,73,0" owari="135,-26.0,363,16.0,429,53.0,73,-43.0" /></mjloggm>