<mjloggm ver="2.3"><GO type="169" lobby="0"/><UN n0="%EF%BC%88%E2%89%A7%E2%96%BD%E2%89%A6%EF%BC%89" n1="%E3%81%B4%E3%81%AE" n2="%E3%81%BE%E3%81%AA%E3%81%84%E3%81%9F%E3%82%88%E3%81%86%E3%81%98%E3%82%87" n3="%74%61%72%6F%6F" dan="19,16,17,17" rate="2271.91,2119.89,2164.00,2139.68" sx="M,M,M,M"/><TAIKYOKU oya="0"/><INIT seed="0,0,0,3,5,103" ten="250,250,250,250" oya="0" hai0="99,116,21,132,11,69,8,50,118,95,26,4,106" hai1="98,48,58,81,101,54,121,115,32,47,19,61,45" hai2="18,84,122,78,14,6,63,40,102,127,94,107,76" hai3="125,66,114,12,70,89,105,83,56,79,3,87,131"/><T135/><D69/><U2/><E121/><V100/><F122/><W104/><G3/><N who="0" m="31" /><D50/><U88/><E32/><V129/><F40/><W39/><G114/><T30/><D95/><U10/><E115/><V124/><F6/><W93/><G39/><T38/><D38/><U74/><E45/><V43/><F43/><W71/><G125/><T51/><D51/><U64/><E74/><V72/><F63/><W42/><G131/><T123/><D123/><U134/><E2/><V37/><F129/><W109/><G42/><T117/><D99/><U90/><E81/><N who="2" m="45191" /><F37/><W62/><G109/><T28/><D106/><U108/><E108/><V33/><F33/><W77/><G77/><T35/><D11/><U110/><E110/><V29/><F94/><W59/><G70/><T13/><D13/><U97/><E97/><V55/><F14/><W53/><G12/><T130/><D130/><U15/><REACH who="1" step="1"/><E134/><REACH who="1" ten="250,240,250,250" step="2"/><N who="0" m="51241" /><D35/><U16/><E16/><AGARI ba="0,1" hai="16,21,26,28,30,116,117,118" m="51241,31" machi="16" ten="40,12000,1" yaku="20,1,34,2,54,1" doraHai="103" who="0" fromWho="1" sc="250,130,240,-120,250,0,250,0" /><INIT seed="0,1,0,0,4,27" ten="380,120,250,250" oya="0" hai0="64,125,58,102,49,15,5,110,6,108,97,51,77" hai1="40,75,59,20,66,12,132,60,16,127,53,22,31" hai2="35,17,18,25,113,67,122,104,118,121,71,115,4" hai3="54,106,101,34,88,29,70,13,30,52,0,126,36"/><T123/><D123/><U44/><E75/><V81/><F71/><W57/><G0/><T111/><D125/><U95/><E127/><V56/><F67/><W74/><G74/><T21/><D77/><U87/><E132/><V37/><F56/><W129/><G70/><T24/><D64/><U99/><E87/><V41/><F41/><W84/><G36/><T109/><D58/><U47/><E66/><V55/><F55/><W93/><G126/><T38/><N who="0" m="27648" /><DORA hai="10" /><T134/><D134/><U65/><E53/><V86/><F37/><W89/><G34/><T103/><D38/><U135/><E135/><V9/><F104/><W39/><G39/><T83/><D83/><U100/><E40/><V130/><F81/><N who="3" m="49167" /><G106/><N who="0" m="63823" /><D103/><U131/><E131/><V72/><F130/><W50/><G101/><T96/><D96/><U92/><E92/><V68/><F121/><W107/><G107/><T114/><D114/><U90/><E90/><V14/><F122/><W94/><G94/><T46/><D46/><U128/><E128/><V98/><F98/><N who="3" m="57647" /><G54/><T78/><D78/><U117/><E117/><V33/><F118/><W19/><G129/><T26/><D51/><U42/><E42/><V85/><F113/><W2/><G2/><T76/><D76/><U80/><E80/><V120/><F115/><W45/><G57/><T79/><D49/><U48/><E48/><V82/><F120/><W3/><G3/><T119/><D119/><U1/><E1/><V7/><F68/><W11/><AGARI ba="1,0" hai="11,13,19,29,30,45,50,52" m="57647,49167" machi="11" ten="30,12000,2" yaku="25,1,8,1,52,3,54,2" doraHai="27,10" who="3" fromWho="3" sc="380,-61,120,-31,250,-31,250,123" /><INIT seed="1,0,0,2,5,85" ten="319,89,219,373" oya="1" hai0="87,79,48,32,65,27,96,108,44,69,43,41,54" hai1="8,89,18,58,16,64,93,86,61,12,40,101,45" hai2="102,75,117,73,88,50,121,21,60,124,15,22,35" hai3="103,80,2,24,107,71,92,55,122,39,78,26,68"/><U129/><E129/><V31/><F117/><W123/><G39/><T106/><D108/><U135/><E135/><V19/><F121/><W116/><G116/><T76/><D106/><U5/><REACH who="1" step="1"/><E101/><REACH who="1" ten="319,79,219,373" step="2"/><V133/><F102/><W11/><G103/><T72/><D96/><U47/><E47/><V10/><F133/><W83/><G122/><T82/><D44/><U4/><E4/><V34/><F124/><W70/><G123/><T109/><D109/><U52/><E52/><V59/><F73/><W100/><G55/><T33/><D54/><U127/><E127/><V13/><F75/><W90/><G100/><T105/><D72/><U110/><E110/><V37/><F37/><AGARI ba="0,1" hai="5,8,12,16,18,37,40,45,58,61,64,86,89,93" machi="37" ten="30,11600,0" yaku="1,1,7,1,52,1,54,1,53,0" doraHai="85" doraHaiUra="46" who="1" fromWho="2" sc="319,0,79,126,219,-116,373,0" /><INIT seed="1,1,0,5,1,105" ten="319,205,103,373" oya="1" hai0="107,68,50,31,34,96,81,124,90,74,78,2,56" hai1="25,64,119,58,12,113,75,53,63,23,51,106,121" hai2="69,3,19,100,95,8,132,46,130,54,88,128,45" hai3="47,82,71,109,39,94,102,98,126,72,76,129,21"/><U99/><E121/><V67/><F100/><W1/><G71/><T77/><D2/><U29/><E119/><V92/><F132/><W84/><G109/><T104/><D68/><U79/><E113/><V57/><F69/><W6/><G126/><T44/><D124/><U55/><E106/><V27/><F67/><W16/><G129/><N who="2" m="49769" /><F95/><W30/><G30/><T83/><D56/><U123/><E99/><V125/><F125/><W26/><G6/><T0/><D0/><U17/><E123/><V97/><F3/><W117/><G1/><T32/><D90/><U14/><E55/><V49/><F8/><W41/><REACH who="3" step="1"/><G117/><REACH who="3" ten="319,205,103,363" step="2"/><T101/><D31/><U86/><E29/><V66/><F66/><W43/><G43/><T131/><D131/><U33/><E64/><V108/><F108/><W7/><G7/><T116/><D116/><U118/><E118/><V73/><F73/><AGARI ba="1,1" hai="16,21,26,39,41,47,72,73,76,82,84,94,98,102" machi="73" ten="40,8000,1" yaku="1,1,52,2,54,1,53,0" doraHai="105" doraHaiUra="52" who="3" fromWho="2" sc="319,0,205,0,103,-83,363,93" /><INIT seed="2,0,0,1,5,134" ten="319,205,20,456" oya="2" hai0="89,3,68,81,87,50,60,96,33,106,51,7,2" hai1="111,117,119,18,69,109,124,102,40,44,32,57,127" hai2="31,23,64,4,29,118,48,15,71,83,90,72,115" hai3="82,84,75,16,135,63,9,28,13,11,62,42,47"/><V133/><F115/><W52/><G75/><T91/><D33/><U67/><E32/><V34/><F118/><N who="1" m="45065" /><E69/><V35/><F48/><N who="3" m="28703" /><G135/><T70/><D60/><N who="3" m="23081" /><G28/><N who="2" m="10825" /><F133/><W108/><G108/><N who="1" m="41546" /><E102/><V114/><F90/><N who="3" m="51479" /><G42/><T66/><D70/><U56/><E67/><V79/><F114/><W104/><G104/><T120/><D66/><U14/><E14/><V110/><F110/><W92/><G92/><T76/><D68/><U43/><E18/><N who="2" m="10719" /><F4/><W27/><G27/><T22/><D106/><U45/><E40/><V39/><F39/><W98/><G98/><T105/><D96/><U26/><E26/><V131/><F131/><W55/><G55/><T25/><D105/><U126/><E43/><V123/><F123/><W77/><G77/><T128/><D120/><U20/><E20/><AGARI ba="0,0" hai="9,11,13,16,20" m="51479,23081,28703" machi="20" ten="30,3900,0" yaku="8,1,54,2" doraHai="134" who="3" fromWho="1" sc="319,0,205,-39,20,0,456,39" /><INIT seed="3,0,0,0,4,39" ten="319,166,20,495" oya="3" hai0="135,77,93,87,46,117,55,119,34,20,92,9,99" hai1="61,60,116,83,57,78,111,127,128,69,122,82,24" hai2="76,94,54,75,89,45,2,125,41,68,17,53,134" hai3="97,14,51,112,56,25,27,18,80,72,108,48,11"/><W37/><G37/><T28/><D135/><U49/><E122/><V33/><F68/><W35/><G112/><T96/><D34/><U86/><E116/><V26/><F134/><W50/><G35/><T58/><D9/><U79/><E111/><V31/><F125/><W0/><G0/><T95/><D46/><U36/><E36/><V16/><F2/><W107/><G108/><T32/><D32/><U109/><E127/><V42/><F53/><W7/><G72/><T129/><D129/><U100/><E128/><V88/><F76/><W6/><G80/><N who="0" m="47503" /><D119/><U19/><E109/><V102/><F75/><W118/><G118/><T38/><D38/><U70/><E100/><V65/><F65/><W66/><G107/><T59/><D59/><U104/><E104/><V85/><F102/><W3/><G97/><T47/><D47/><U130/><E130/><V52/><F54/><W40/><G3/><T73/><D73/><U91/><E70/><V131/><F131/><W5/><G40/><T115/><D115/><U84/><E69/><V30/><F33/><W120/><G120/><T62/><D117/><U106/><E106/><V113/><F113/><W123/><G123/><T74/><D74/><U4/><E4/><V22/><F17/><W64/><G56/><T13/><D28/><N who="2" m="10794" /><F89/><W105/><G105/><T81/><D81/><U114/><E91/><V133/><F133/><W12/><G18/><AGARI ba="0,0" hai="13,18,20,55,58,62,92,93,95,96,99" m="47503" machi="18" ten="30,1000,0" yaku="8,1" doraHai="39" who="0" fromWho="3" sc="319,10,166,0,20,0,495,-10" /><INIT seed="4,0,0,5,1,36" ten="329,166,20,485" oya="0" hai0="113,79,131,75,102,115,72,67,9,92,1,97,87" hai1="135,48,65,34,61,117,16,28,18,52,93,32,46" hai2="126,73,24,88,17,15,78,3,45,99,69,20,123" hai3="114,5,68,85,124,35,56,4,111,77,132,22,40"/><T130/><D67/><U6/><E135/><V55/><F123/><W11/><G35/><T81/><D1/><U54/><E117/><V44/><F3/><W134/><G68/><T25/><D25/><U89/><E6/><V108/><F108/><W38/><G114/><N who="0" m="43531" /><D9/><U116/><E116/><V8/><F69/><W106/><G56/><T30/><D30/><U42/><E34/><V62/><F126/><W26/><G124/><T27/><D27/><U84/><E32/><V83/><F62/><W104/><G111/><T2/><D2/><U21/><E28/><V19/><REACH who="2" step="1"/><F55/><REACH who="2" ten="329,166,10,485" step="2"/><W57/><G132/><T66/><D66/><U60/><E60/><V121/><F121/><W95/><G134/><T94/><D94/><AGARI ba="0,1" hai="8,15,17,19,20,24,44,45,73,78,83,88,94,99" machi="94" ten="40,2600,0" yaku="1,1,54,1,53,0" doraHai="36" doraHaiUra="50" who="2" fromWho="0" sc="329,-26,166,0,10,36,485,0" /><INIT seed="5,0,0,0,3,96" ten="303,166,46,485" oya="1" hai0="97,52,78,54,104,133,28,23,18,56,132,81,45" hai1="58,64,2,107,70,118,126,48,86,7,105,39,93" hai2="94,19,82,3,34,21,71,79,108,116,50,114,42" hai3="131,1,92,112,16,36,77,74,62,60,90,68,91"/><U13/><E39/><V80/><F108/><W44/><G1/><T69/><D69/><U101/><E118/><V49/><F116/><W115/><G131/><T85/><D28/><U66/><E2/><V37/><F34/><W46/><G77/><T110/><D110/><U130/><E70/><V89/><F71/><W124/><G74/><T134/><D45/><U123/><E107/><V15/><F3/><W121/><G121/><T125/><D125/><U128/><E105/><V84/><F37/><W14/><G124/><T9/><D9/><N who="1" m="4287" /><E126/><V6/><F6/><W57/><G90/><T129/><D129/><N who="1" m="49771" /><E123/><V95/><F114/><N who="3" m="43563" /><G68/><T106/><D54/><N who="1" m="32071" /><E101/><V29/><F29/><W20/><G62/><N who="0" m="36103" /><D97/><U63/><E63/><V31/><F31/><W100/><G36/><T72/><D72/><U30/><E30/><V8/><F50/><W25/><G46/><T0/><D0/><U4/><E4/><N who="2" m="3463" /><F49/><W5/><G44/><T76/><D76/><U35/><E35/><V40/><F42/><W51/><G51/><T22/><D18/><U47/><E47/><V67/><F40/><W109/><G109/><T61/><D61/><U32/><E32/><V41/><F41/><W88/><G5/><T59/><D59/><U43/><E43/><V87/><F67/><W73/><G73/><T83/><D106/><U103/><E103/><V55/><F55/><W24/><G57/><T26/><D104/><U27/><E27/><AGARI ba="0,0" hai="19,21,27,79,80,82,84,87,89,94,95" m="3463" machi="27" ten="30,1000,0" yaku="8,1" doraHai="96" who="2" fromWho="1" sc="303,0,166,-10,46,10,485,0" /><INIT seed="6,0,0,0,3,71" ten="303,156,56,485" oya="2" hai0="65,78,23,74,83,94,13,105,80,20,63,0,46" hai1="131,52,5,31,73,25,114,56,87,108,91,10,82" hai2="15,70,6,90,132,76,124,9,45,109,72,122,111" hai3="58,36,93,64,103,4,112,62,3,7,8,89,69"/><V121/><F70/><W12/><G36/><T42/><D105/><U119/><E108/><N who="2" m="41547" /><F132/><W68/><G112/><T102/><D0/><U77/><E131/><V84/><F124/><W38/><G38/><T14/><D80/><U128/><E128/><V29/><F29/><W30/><G30/><T101/><D20/><U22/><E114/><V55/><F76/><W51/><G103/><T118/><D118/><U99/><E119/><V18/><F6/><W125/><G125/><T43/><D43/><U134/><E99/><V79/><F79/><W81/><G81/><T48/><D23/><U67/><E67/><V113/><F72/><W33/><G33/><T120/><D120/><U11/><E5/><V1/><F1/><W88/><G89/><T32/><D32/><U116/><E134/><V92/><F113/><W115/><G115/><T75/><D75/><U19/><E31/><V107/><F107/><W26/><G26/><T61/><D61/><U96/><E116/><V37/><F55/><W44/><G4/><T95/><D102/><U50/><E96/><V53/><F53/><W98/><G3/><T104/><D104/><U129/><E129/><V39/><F45/><W27/><G27/><T59/><D101/><U106/><E106/><V110/><N who="2" m="41555" /><V66/><DORA hai="123" /><F66/><W57/><G68/><T60/><D60/><U21/><E73/><V2/><F2/><W97/><G97/><T126/><D126/><U35/><E77/><V86/><F86/><W85/><G85/><T49/><D74/><U17/><E35/><V28/><F28/><W41/><AGARI ba="0,0" hai="7,8,12,41,44,51,57,58,62,64,69,88,93,98" machi="41" ten="20,5200,0" yaku="5,1,0,1,7,1,54,1" doraHai="71,123" who="3" fromWho="3" sc="303,-13,156,-13,56,-26,485,52" /><INIT seed="7,0,0,2,2,42" ten="290,143,30,537" oya="3" hai0="71,55,49,75,33,56,124,4,18,57,46,95,43" hai1="27,128,86,79,15,111,93,14,11,91,53,44,72" hai2="77,116,123,134,69,109,63,80,58,67,23,127,5" hai3="40,54,45,125,97,26,41,64,122,29,107,2,103"/><W39/><G125/><T117/><D33/><U38/><E111/><V37/><F109/><W130/><G130/><T3/><D75/><U101/><E128/><V19/><F116/><W51/><G122/><T108/><D71/><U61/><E101/><V10/><F127/><W52/><G2/><T105/><D105/><U73/><E79/><V0/><F134/><W31/><G31/><T17/><D57/><U21/><E38/><V68/><F123/><W106/><G106/><T129/><D4/><U113/><E113/><V62/><F19/><W84/><G84/><T59/><D59/><U12/><E11/><V104/><F23/><W76/><G76/><T121/><D3/><U87/><E87/><V83/><F83/><W24/><G24/><T135/><D135/><U90/><E90/><V22/><F22/><W132/><G132/><T133/><D133/><U99/><E86/><V120/><F120/><W47/><G64/><T85/><D85/><U50/><E61/><V13/><F104/><W7/><G7/><T131/><D131/><U20/><E20/><AGARI ba="0,0" hai="20,26,29,39,40,41,45,47,51,52,54,97,103,107" machi="20" ten="30,11600,0" yaku="7,1,52,2,54,1" doraHai="42" who="3" fromWho="1" sc="290,0,143,-116,30,0,537,116" owari="290,9.0,27,-47.0,30,-37.0,653,75.0" /></mjloggm>