<mjloggm ver="2.3"><GO type="97"/><UN n0="%39%39%39%39%71%71%71%71" n1="%E2%97%8E%E3%81%B4%E3%82%8D%E3%81%93%E2%98%85" n2="%EF%BC%88%E2%89%A7%E2%96%BD%E2%89%A6%EF%BC%89" n3="%44%53" dan="15,14,15,13" rate="1973,1901,1980,1869" sx="M,M,M,M"/><TAIKYOKU oya="0"/><INIT seed="0,0,0,0,3,65" ten="250,250,250,250" oya="0" hai0="75,133,130,79,111,9,128,63,12,0,118,37,7" hai1="88,46,109,21,132,62,135,113,92,127,122,105,55" hai2="58,11,49,15,78,107,42,125,104,67,72,106,97" hai3="91,16,120,39,89,45,28,44,43,3,53,117,69"/><T35/><D118/><U24/><E105/><V73/><F125/><W64/><G117/><T116/><D37/><U102/><E122/><V100/><F67/><W22/><G3/><T23/><D116/><U90/><E127/><V115/><F115/><W86/><G28/><T76/><D35/><U129/><E113/><V52/><F42/><W60/><G120/><T54/><D133/><N who="1" m="51275" /><E129/><N who="0" m="49769" /><D111/><U59/><E46/><V10/><F10/><W80/><G53/><T74/><D23/><U131/><E131/><V123/><F123/><W40/><G80/><T19/><D0/><U119/><E119/><V83/><REACH who="2" step="1"/><F73/><REACH who="2" ten="250,250,240,250" step="2"/><N who="0" m="27658" /><D7/><AGARI ba="0,1" hai="7,11,15,49,52,58,72,78,83,97,100,104,106,107" machi="7" ten="30,3900,0" yaku="1,1,7,1,54,1,53,0" doraHai="65" doraHaiUra="36" who="2" fromWho="0" sc="250,-39,250,0,240,49,250,0" /><INIT seed="1,0,0,4,1,27" ten="211,250,289,250" oya="1" hai0="22,50,43,14,132,7,44,37,108,86,106,19,99" hai1="40,54,0,4,110,87,58,66,95,76,77,31,29" hai2="12,125,39,70,38,21,114,11,78,82,60,120,131" hai3="80,24,61,94,93,45,6,104,130,102,52,1,88"/><U47/><E4/><V69/><F120/><W124/><G124/><T26/><D108/><U34/><E34/><V9/><F125/><W28/><G130/><T57/><D132/><U68/><E68/><V73/><F131/><W121/><G121/><T105/><D86/><U117/><E117/><V111/><F111/><W84/><G1/><T64/><D99/><U98/><E0/><V115/><F21/><W79/><G6/><T32/><D32/><U133/><E110/><V18/><F9/><W41/><G41/><T55/><D64/><U20/><E66/><V48/><F48/><W129/><G129/><T35/><REACH who="0" step="1"/><D7/><REACH who="0" ten="201,250,289,250" step="2"/><U62/><E133/><V109/><F109/><W135/><G135/><T56/><D56/><U71/><E87/><V96/><F96/><W89/><G104/><T85/><D85/><U134/><E134/><V83/><F70/><W127/><G45/><T122/><D122/><U75/><E71/><V90/><F69/><W92/><G102/><T33/><D33/><U42/><E75/><V51/><F73/><W36/><G127/><T116/><D116/><U10/><E98/><V119/><F119/><W17/><G84/><T53/><D53/><U123/><E54/><V3/><F83/><W23/><G52/><T101/><D101/><U126/><E126/><V107/><F82/><W113/><G80/><T5/><D5/><U49/><E123/><V67/><F67/><W13/><G13/><T15/><D15/><U112/><E40/><V97/><F12/><W25/><G24/><T91/><D91/><U103/><E42/><V128/><F128/><RYUUKYOKU ba="0,1" sc="201,30,250,-10,289,-10,250,-10" hai0="14,19,22,26,35,37,43,44,50,55,57,105,106" /><INIT seed="2,1,1,4,3,108" ten="231,240,279,240" oya="2" hai0="74,45,60,7,101,9,69,21,44,5,133,92,26" hai1="116,76,130,122,73,89,96,86,134,71,40,109,59" hai2="55,28,115,62,56,66,135,95,34,79,98,72,27" hai3="102,2,121,22,23,47,29,124,39,84,0,119,11"/><V132/><F115/><W83/><G121/><T4/><D133/><N who="2" m="51274" /><F66/><W93/><G119/><T32/><D74/><U91/><E116/><V30/><F30/><W8/><G124/><T88/><D32/><U80/><E134/><V14/><F14/><W81/><G47/><T105/><D101/><U68/><E122/><V67/><F67/><W38/><G29/><T49/><D105/><U99/><E109/><V64/><F64/><W120/><G120/><T114/><D114/><U41/><E130/><V16/><F16/><W18/><G18/><N who="0" m="12599" /><D69/><U50/><E71/><V87/><F72/><W63/><G102/><T97/><D60/><U104/><E104/><V52/><F55/><W1/><G1/><T37/><D37/><U35/><E35/><V15/><F15/><W70/><G63/><T51/><D9/><U58/><E68/><V31/><F31/><W43/><G70/><T10/><D10/><U17/><E73/><V128/><F128/><W57/><G57/><T112/><D112/><U94/><E41/><V33/><F33/><W85/><G43/><T3/><D3/><U77/><E40/><V117/><F117/><W127/><G93/><T13/><D13/><U12/><E99/><V131/><F131/><W48/><G127/><T25/><D25/><U53/><REACH who="1" step="1"/><E59/><REACH who="1" ten="231,230,279,240" step="2"/><V78/><F87/><W54/><G54/><T24/><D24/><U110/><E110/><V75/><F75/><W46/><G46/><AGARI ba="1,2" hai="4,5,7,44,45,46,49,51,88,92,97" m="12599" machi="46" ten="30,2000,0" yaku="8,1,54,1" doraHai="108" who="0" fromWho="3" sc="231,43,230,0,279,0,240,-23" /><INIT seed="3,0,0,2,1,106" ten="274,230,279,217" oya="3" hai0="90,89,41,92,83,17,22,65,61,13,58,84,19" hai1="21,87,88,8,7,73,74,51,12,3,117,94,44" hai2="33,132,81,57,62,98,85,53,46,111,63,121,116" hai3="30,67,55,56,32,131,54,16,80,40,68,126,6"/><W37/><G6/><T39/><D39/><U107/><E107/><V109/><F116/><W24/><G131/><T15/><D41/><U130/><E130/><V70/><F33/><W52/><G126/><T48/><D48/><U71/><E71/><V99/><F121/><W103/><G103/><T128/><D128/><U35/><E35/><V105/><F132/><W45/><G80/><T124/><D124/><U100/><E117/><V122/><F122/><W113/><G113/><T28/><D28/><U34/><E34/><V119/><F119/><W2/><G2/><T133/><D133/><U69/><E69/><V78/><F46/><W101/><G101/><T5/><D5/><U14/><E3/><V79/><F79/><W1/><G1/><T31/><D31/><U36/><E36/><V0/><F0/><W127/><G127/><T42/><D42/><U129/><E129/><V120/><F120/><W20/><G68/><T93/><REACH who="0" step="1"/><D90/><REACH who="0" ten="264,230,279,217" step="2"/><U104/><E100/><V76/><F76/><W112/><G112/><T135/><D135/><U75/><E104/><V134/><F105/><W64/><REACH who="3" step="1"/><G56/><REACH who="3" ten="264,230,279,207" step="2"/><T77/><D77/><U123/><E123/><V82/><F134/><W18/><G18/><T72/><D72/><U66/><E7/><V108/><F81/><W9/><G9/><AGARI ba="0,2" hai="9,13,15,17,19,22,58,61,65,83,84,89,92,93" machi="9" ten="30,3900,0" yaku="1,1,7,1,8,1,53,0" doraHai="106" doraHaiUra="29" who="0" fromWho="3" sc="264,59,230,0,279,0,207,-39" owari="323,42.0,230,-17.0,279,8.0,168,-33.0" /></mjloggm>