<mjloggm ver="2.3"><GO type="169" lobby="0"/><UN n0="%E3%81%BE%E3%82%86%E3%81%BE%E3%82%86%37%37" n1="%E3%81%AA%E3%81%AA%E2%98%86%E3%81%A0%E3%81%BE%EF%BC%A2" n2="%EF%BC%BC%28%EF%BC%BE%6F%EF%BC%BE%29%EF%BC%8F%E2%98%85" n3="%EF%BC%88%E2%89%A7%E2%96%BD%E2%89%A6%EF%BC%89" dan="18,16,17,18" rate="2142.75,2039.54,2109.62,2238.04" sx="F,M,M,M"/><TAIKYOKU oya="0"/><INIT seed="0,0,0,4,4,16" ten="250,250,250,250" oya="0" hai0="1,79,122,131,10,103,45,54,72,92,8,6,51" hai1="117,44,26,93,65,18,49,106,108,19,11,25,62" hai2="121,63,97,12,33,2,48,43,127,135,47,32,129" hai3="69,64,116,13,123,82,61,134,85,114,28,17,91"/><T90/><D131/><U67/><E106/><V111/><F2/><W100/><G116/><T70/><D70/><U81/><E117/><V89/><F121/><W24/><G114/><T101/><D122/><U88/><E108/><V115/><F115/><W104/><G134/><T126/><D126/><U99/><E81/><V9/><F111/><W14/><G123/><T22/><D79/><U118/><E118/><V41/><F129/><W29/><G29/><T58/><D72/><U128/><E128/><V125/><F135/><W130/><G17/><N who="1" m="6154" /><E11/><V86/><F97/><N who="3" m="61455" /><G130/><T74/><D74/><U53/><E62/><V109/><F63/><W76/><G76/><T87/><D22/><U68/><E68/><V84/><F9/><W95/><G82/><T112/><D112/><U94/><E93/><V35/><F109/><W77/><G77/><T133/><D133/><U66/><AGARI ba="0,0" hai="25,26,44,49,53,65,66,67,88,94,99" m="6154" machi="66" ten="30,2000,0" yaku="8,1,54,1" doraHai="16" who="1" fromWho="1" sc="250,-10,250,20,250,-5,250,-5" /><INIT seed="1,0,0,0,3,98" ten="240,270,245,245" oya="1" hai0="15,69,124,126,61,41,52,17,109,50,120,38,39" hai1="30,86,125,91,58,80,133,9,95,89,59,5,60" hai2="14,3,43,128,114,26,40,71,27,8,96,6,112" hai3="45,92,33,51,101,90,34,78,16,55,64,85,57"/><U21/><E125/><N who="0" m="48233" /><D17/><U18/><E133/><V97/><F71/><W129/><G129/><T4/><D4/><U134/><E30/><V36/><F128/><W72/><G72/><T2/><D2/><U28/><E28/><V135/><F135/><W110/><G110/><T65/><D15/><U81/><E134/><V111/><F111/><W24/><G78/><T66/><D109/><U77/><E5/><V100/><F96/><N who="3" m="59527" /><G33/><T22/><D22/><U68/><E9/><V31/><F3/><W102/><G34/><T103/><D103/><U48/><E68/><V1/><F1/><W46/><G102/><T19/><D19/><U70/><E70/><V25/><F31/><W107/><G64/><N who="0" m="41103" /><D120/><U122/><E122/><V130/><F130/><W73/><G107/><T131/><D131/><U62/><E48/><V117/><F36/><N who="0" m="13866" /><D41/><U10/><E10/><V82/><F43/><W108/><G73/><T11/><D11/><U94/><E18/><V37/><F40/><W79/><G79/><T88/><D88/><U20/><E77/><V42/><F42/><W44/><G108/><T104/><D104/><U49/><E86/><V76/><F37/><W87/><G90/><T106/><D106/><U29/><E29/><V13/><F76/><W74/><G74/><T53/><D53/><U116/><E21/><AGARI ba="0,0" hai="16,21,24,44,45,46,51,55,57,85,87" m="59527" machi="21" ten="30,3900,0" yaku="8,1,52,1,54,1" doraHai="98" who="3" fromWho="1" sc="240,0,270,-39,245,0,245,39" /><INIT seed="2,0,0,3,2,56" ten="240,231,245,284" oya="2" hai0="36,81,118,129,131,32,41,78,69,6,11,135,23" hai1="103,63,66,2,53,132,79,91,106,90,123,4,100" hai2="48,14,5,130,55,87,84,7,10,116,88,64,18" hai3="75,40,58,120,80,121,54,65,27,28,133,38,126"/><V108/><F116/><W16/><G65/><T30/><D32/><U15/><E2/><V68/><F130/><W96/><G126/><T128/><D118/><U104/><E132/><V83/><F108/><W76/><G133/><T20/><D135/><U22/><E123/><V94/><F64/><W110/><G110/><T21/><D69/><U109/><E109/><V57/><REACH who="2" step="1"/><F68/><REACH who="2" ten="240,231,235,284" step="2"/><W114/><G121/><T42/><D30/><U52/><E66/><V107/><F107/><W29/><G120/><T47/><D41/><U119/><E106/><V50/><F50/><W17/><G40/><T125/><D125/><U13/><E104/><V26/><F26/><W124/><G124/><T51/><D51/><U39/><E119/><V101/><F101/><W60/><G27/><T85/><D23/><U0/><E22/><V70/><F70/><W113/><G113/><T3/><AGARI ba="0,1" hai="3,6,11,20,21,36,42,47,78,81,85,128,129,131" machi="3" ten="30,2000,0" yaku="0,1,19,1" doraHai="56" who="0" fromWho="0" sc="240,30,231,-5,235,-10,284,-5" /><INIT seed="3,0,0,1,3,85" ten="270,226,225,279" oya="3" hai0="130,34,1,48,81,31,39,19,110,111,2,122,9" hai1="77,128,63,112,18,80,90,4,51,126,67,118,62" hai2="11,8,131,76,30,26,57,114,42,107,83,127,72" hai3="5,33,71,60,53,79,21,87,86,124,66,65,35"/><W99/><G124/><T27/><D39/><U22/><E126/><V89/><F127/><W25/><G5/><T52/><D122/><U95/><E112/><V12/><F114/><W116/><G116/><T29/><D130/><U104/><E104/><V37/><F107/><W16/><G66/><T132/><D31/><U7/><E128/><V43/><F131/><W119/><G119/><T14/><D81/><U13/><E118/><V103/><F103/><W44/><G99/><T96/><D96/><N who="1" m="57463" /><E51/><V10/><F12/><W59/><G44/><T74/><D74/><U94/><E94/><V106/><F106/><W64/><G64/><T120/><D120/><U68/><E68/><V15/><F15/><W117/><G117/><T24/><D24/><U101/><E101/><V108/><F108/><N who="0" m="41514" /><D132/><U55/><E67/><V115/><F115/><W92/><G86/><T82/><D82/><U41/><E41/><V45/><F43/><W50/><REACH who="3" step="1"/><G79/><REACH who="3" ten="270,226,225,269" step="2"/><T36/><D36/><U54/><E77/><V20/><F57/><AGARI ba="0,1" hai="1,2,9,14,19,27,29,34,48,52,57" m="41514" machi="57" ten="30,2000,0" yaku="14,1,54,1" doraHai="85" who="0" fromWho="2" sc="270,30,226,0,225,-20,269,0" /><INIT seed="4,0,0,4,1,120" ten="300,226,205,269" oya="0" hai0="41,112,115,51,27,88,100,86,132,76,48,128,23" hai1="64,121,131,32,69,106,111,19,107,28,55,50,93" hai2="26,61,15,30,5,78,85,122,1,14,90,109,60" hai3="119,37,44,42,96,8,117,104,110,103,126,65,36"/><T105/><D132/><U67/><E121/><V49/><F122/><W18/><G37/><T72/><D128/><U10/><E131/><V0/><F78/><W98/><G126/><T123/><D123/><U46/><E111/><V75/><F75/><W83/><G110/><T38/><D38/><U79/><E79/><V134/><F134/><W53/><G65/><T99/><D76/><U34/><E93/><V52/><F109/><W77/><G53/><T57/><D57/><U21/><E10/><V33/><F1/><W17/><G96/><T101/><D101/><U114/><E114/><N who="0" m="43561" /><D41/><U108/><E108/><V97/><F97/><W45/><G45/><T29/><D72/><U73/><E73/><V63/><F0/><W22/><G8/><T82/><AGARI ba="0,0" hai="23,27,29,48,51,82,86,88,99,100,105" m="43561" machi="82" ten="30,3000,0" yaku="15,1,54,1" doraHai="120" who="0" fromWho="0" sc="300,30,226,-10,205,-10,269,-10" /><INIT seed="4,1,0,0,0,43" ten="330,216,195,259" oya="0" hai0="88,64,115,58,8,50,77,54,76,51,45,69,118" hai1="81,103,33,99,47,48,42,120,80,26,132,57,1" hai2="100,40,128,90,96,119,130,14,131,84,66,10,79" hai3="41,37,124,122,39,11,101,104,5,117,93,9,21"/><T74/><D118/><U4/><E120/><V27/><F119/><W31/><G122/><T86/><D74/><U135/><E1/><V0/><F0/><W109/><G104/><T15/><D115/><U18/><E4/><V107/><F79/><W60/><G109/><T68/><D68/><U38/><E57/><V127/><F127/><W36/><G124/><T89/><D69/><U24/><E24/><V6/><F40/><W73/><G73/><T19/><D89/><U65/><E65/><V12/><F27/><W63/><G41/><N who="0" m="24879" /><D64/><U121/><E38/><V129/><N who="2" m="32768" /><DORA hai="87" /><V53/><F66/><W108/><G108/><T92/><AGARI ba="1,0" hai="8,15,19,51,54,58,76,77,86,88,92" m="24879" machi="92" ten="30,11700,0" yaku="8,1,52,2,54,1" doraHai="43,87" who="0" fromWho="0" sc="330,120,216,-40,195,-40,259,-40" /><INIT seed="4,2,0,0,0,32" ten="450,176,155,219" oya="0" hai0="96,18,46,104,135,53,124,82,119,75,80,58,64" hai1="97,16,47,63,23,114,76,131,67,1,22,19,37" hai2="14,100,62,99,25,130,45,74,129,48,26,101,93" hai3="79,10,94,102,43,98,68,132,57,126,13,78,60"/><T72/><D119/><U70/><E131/><V77/><F101/><W108/><G108/><T89/><D135/><U83/><E114/><V0/><F0/><W105/><G132/><T56/><D124/><U20/><E1/><V123/><F123/><W86/><G126/><T30/><D30/><U92/><E47/><V2/><F2/><W15/><G68/><T3/><D3/><U41/><E41/><V95/><F95/><W35/><G35/><T73/><D46/><U109/><E37/><V4/><F62/><W120/><G120/><T34/><D34/><U133/><E109/><V44/><F44/><W6/><G43/><T33/><D33/><U5/><E5/><V61/><F61/><W21/><G86/><T69/><D69/><U65/><E65/><V11/><F77/><W36/><G105/><T118/><D118/><U85/><REACH who="1" step="1"/><E133/><REACH who="1" ten="450,166,155,219" step="2"/><V110/><F110/><W84/><G36/><T111/><D64/><U17/><E17/><V29/><F29/><W134/><G134/><T128/><D18/><U40/><E40/><V116/><F116/><W112/><G112/><T91/><D111/><U90/><AGARI ba="2,1" hai="16,19,20,22,23,63,67,70,76,83,85,90,92,97" machi="90" ten="30,4000,0" yaku="1,1,0,1,54,1,53,0" doraHai="32" doraHaiUra="71" who="1" fromWho="1" sc="450,-22,166,56,155,-12,219,-12" /><INIT seed="5,0,0,0,4,123" ten="428,222,143,207" oya="1" hai0="76,78,125,60,109,41,97,111,59,127,90,117,93" hai1="14,96,110,77,72,130,18,65,57,81,61,94,98" hai2="82,44,63,87,31,11,83,28,62,56,95,32,20" hai3="51,124,113,104,100,118,29,16,70,126,122,22,84"/><U54/><E130/><V21/><F32/><W50/><G122/><T74/><D117/><U12/><E110/><N who="0" m="41993" /><D41/><U4/><E4/><V53/><F11/><W2/><G113/><T40/><D40/><U89/><E98/><V23/><F44/><W46/><G2/><T132/><D74/><U64/><REACH who="1" step="1"/><E12/><REACH who="1" ten="428,212,143,207" step="2"/><V66/><F95/><W120/><G120/><T73/><D73/><U107/><E107/><V26/><F31/><W135/><G104/><T105/><D105/><U35/><E35/><V49/><F83/><W86/><G29/><T6/><D6/><U47/><E47/><N who="2" m="27839" /><F63/><W38/><G46/><T68/><D132/><U102/><E102/><V92/><F92/><W42/><G100/><T37/><D37/><U119/><E119/><V43/><F43/><W30/><G118/><T10/><D127/><U55/><E55/><V108/><F108/><W121/><G135/><T103/><D125/><U134/><E134/><V0/><F0/><W80/><G126/><T115/><D103/><U112/><E112/><V116/><F116/><W39/><G124/><T5/><D115/><U13/><E13/><V33/><F33/><W52/><G39/><T67/><D68/><U45/><E45/><V91/><AGARI ba="0,1" hai="20,21,23,26,28,56,62,66,82,87,91" m="27839" machi="91" ten="30,1100,0" yaku="8,1" doraHai="123" who="2" fromWho="2" sc="428,-3,212,-5,143,21,207,-3" /><INIT seed="6,0,0,0,0,113" ten="425,207,164,204" oya="2" hai0="31,75,78,42,9,54,19,8,12,122,53,33,103" hai1="105,52,59,126,6,116,41,131,65,26,125,91,121" hai2="29,0,134,97,69,98,1,70,129,45,55,127,79" hai3="68,90,67,124,39,43,89,88,82,111,35,44,86"/><V87/><F29/><W17/><G111/><T112/><D122/><U22/><E105/><V107/><F134/><W63/><G124/><N who="1" m="47722" /><E116/><V46/><F127/><W7/><G35/><T104/><D112/><U34/><E34/><V56/><F129/><W77/><G7/><T13/><D42/><U16/><E121/><V95/><F107/><W72/><REACH who="3" step="1"/><G17/><REACH who="3" ten="425,207,164,194" step="2"/><N who="0" m="8327" /><D33/><U62/><E6/><V24/><F1/><W94/><AGARI ba="0,1" hai="39,43,44,63,67,68,72,77,82,86,88,89,90,94" machi="94" ten="20,8000,1" yaku="1,1,0,1,7,1,54,1,53,1" doraHai="113" doraHaiUra="71" who="3" fromWho="3" sc="425,-20,207,-20,164,-40,194,90" /><INIT seed="7,0,0,0,0,100" ten="405,187,124,284" oya="3" hai0="66,72,62,74,14,56,102,65,115,88,39,129,93" hai1="91,89,69,46,63,32,116,31,82,108,71,73,50" hai2="7,41,112,17,87,9,33,67,6,38,121,84,5" hai3="130,52,22,103,16,107,57,55,86,40,78,101,95"/><W11/><G130/><T2/><D2/><U60/><E108/><V113/><F67/><W126/><G126/><T48/><D39/><U58/><E116/><V122/><F41/><W42/><G11/><T118/><D118/><U43/><E32/><V20/><F33/><W131/><G107/><T79/><D129/><U12/><E31/><V29/><F38/><W120/><G120/><N who="2" m="46185" /><F84/><W8/><G8/><T27/><D115/><N who="2" m="44106" /><F87/><W70/><G70/><T59/><D102/><N who="3" m="38921" /><G131/><T123/><D123/><U30/><E30/><V132/><F132/><W24/><G55/><T53/><D79/><U10/><E73/><V134/><F134/><W111/><G111/><T117/><D117/><U81/><E71/><V80/><F80/><N who="1" m="30825" /><E69/><V98/><F98/><W15/><G78/><T49/><D27/><U124/><E124/><V109/><F109/><W34/><G24/><T68/><D68/><U114/><E114/><V75/><F75/><W35/><G35/><T64/><D74/><U26/><E26/><N who="2" m="14607" /><F29/><W13/><G34/><T44/><D72/><U47/><E47/><V128/><F128/><W99/><G99/><N who="0" m="57767" /><D14/><AGARI ba="0,0" hai="5,6,7,9,14" m="14607,44106,46185" machi="14" ten="30,7700,0" yaku="13,1,15,1,34,2" doraHai="100" who="2" fromWho="0" sc="405,-77,187,0,124,77,284,0" owari="328,43.0,187,-31.0,201,-20.0,284,8.0" /></mjloggm>