<mjloggm ver="2.3"><GO type="137"/><UN n0="%68%61%67%69%31%30%32%39" n1="%62%6C%6F%6F%6D" n2="%EF%BC%88%E2%89%A7%E2%96%BD%E2%89%A6%EF%BC%89" n3="%39%E6%9C%88%31%E6%97%A5" dan="12,11,11,12" rate="1771,1643,1872,1722" sx="M,M,M,M"/><TAIKYOKU oya="0"/><INIT seed="0,0,0,4,2,36" ten="250,250,250,250" oya="0" hai0="128,118,25,87,132,89,59,11,71,131,76,85,12" hai1="2,98,7,61,4,74,41,115,45,84,13,44,117" hai2="1,15,119,0,64,67,78,66,63,32,88,56,5" hai3="130,14,114,52,3,72,91,90,97,109,24,33,39"/><T9/><D118/><U110/><E117/><V127/><F127/><W34/><G114/><T111/><D71/><U19/><E115/><V123/><F119/><W58/><G130/><N who="0" m="49707" /><D132/><U77/><E110/><V28/><F123/><W73/><G39/><T54/><D111/><U99/><E84/><N who="0" m="32329" /><D76/><U93/><E61/><V49/><F78/><W70/><G109/><T124/><D124/><U20/><E2/><V40/><F0/><W81/><G70/><T30/><D89/><U94/><E77/><V6/><F1/><W101/><G3/><T121/><D121/><U134/><E74/><V38/><F38/><W96/><G90/><T107/><D12/><U129/><E129/><V86/><F15/><W102/><G14/><T37/><D107/><U135/><E45/><N who="2" m="25767" /><F32/><W69/><G91/><T100/><D100/><U21/><E44/><V82/><F28/><W122/><G101/><T106/><D106/><U48/><E48/><V8/><F8/><W57/><G69/><T55/><D37/><U113/><E113/><V133/><F133/><N who="1" m="50697" /><E41/><V126/><F126/><W16/><G102/><T53/><D59/><U27/><E99/><V92/><F82/><W116/><G58/><T23/><AGARI ba="0,0" hai="9,11,23,25,30,53,54,55" m="32329,49707" machi="23" ten="40,2100,0" yaku="19,1" doraHai="36" who="0" fromWho="0" sc="250,21,250,-7,250,-7,250,-7" /><INIT seed="0,1,0,0,3,115" ten="271,243,243,243" oya="0" hai0="113,124,34,14,71,52,104,79,29,16,68,15,27" hai1="70,128,0,8,88,7,66,123,41,46,72,91,78" hai2="58,85,81,57,49,51,30,135,100,38,119,86,134" hai3="82,59,129,63,108,110,3,35,37,94,122,19,20"/><T53/><D113/><U73/><E123/><V133/><F38/><W40/><G122/><T26/><D104/><U65/><E128/><V56/><F100/><W96/><G35/><T24/><D124/><U132/><E132/><V106/><F106/><W125/><G3/><T39/><D39/><N who="1" m="21823" /><E91/><V47/><F119/><W6/><G129/><T95/><D79/><U28/><E28/><V61/><F30/><W99/><G6/><T127/><D127/><U12/><E12/><V112/><F112/><W111/><G40/><T114/><D114/><U50/><E50/><V120/><F120/><W9/><G82/><T90/><D26/><U21/><E21/><V76/><F61/><W43/><G9/><T89/><D24/><U74/><E88/><V4/><F4/><W131/><G131/><T44/><D90/><U109/><E109/><V5/><F5/><W25/><G94/><T98/><D14/><U45/><E45/><V84/><REACH who="2" step="1"/><F47/><REACH who="2" step="2"/><N who="3" m="24047" /><G125/><T13/><D44/><U130/><E130/><V31/><F31/><W32/><G111/><T18/><D18/><U62/><E66/><V116/><F116/><W36/><G36/><T97/><D16/><U107/><E107/><V42/><F42/><W121/><G121/><T77/><D29/><U118/><E118/><V33/><F33/><W48/><G32/><T69/><D34/><U67/><E67/><V54/><F54/><N who="3" m="32199" /><G63/><T22/><D53/><U105/><E105/><V103/><F103/><W92/><G110/><T126/><D126/><U102/><E102/><V117/><F117/><W2/><G108/><T64/><D64/><RYUUKYOKU ba="1,1" sc="271,-15,243,15,233,15,243,-15" hai1="0,7,8,62,65,70,72,73,74,78" hai2="49,51,56,57,58,76,81,84,85,86,133,134,135" /><INIT seed="1,2,1,4,4,11" ten="256,258,248,228" oya="1" hai0="47,92,91,10,133,16,32,68,8,18,51,24,76" hai1="101,77,53,119,102,99,17,62,108,126,13,80,93" hai2="81,73,107,66,98,132,2,46,64,104,1,52,30" hai3="61,127,31,23,40,96,45,122,5,128,7,21,115"/><U135/><E119/><V44/><F30/><W129/><G115/><T94/><D68/><U100/><E126/><V20/><F132/><W37/><G122/><T116/><D116/><U88/><E135/><V71/><F71/><W4/><G127/><T59/><D133/><U42/><E108/><V78/><F20/><W87/><G31/><T48/><D76/><U110/><E110/><V130/><F130/><W38/><G38/><T49/><D59/><U121/><E121/><V22/><F22/><W95/><G87/><N who="0" m="52351" /><D94/><U86/><E42/><V85/><F73/><W117/><G117/><T58/><D58/><U79/><E62/><V82/><F85/><W84/><G61/><T3/><D3/><U75/><E53/><V26/><F26/><W55/><G84/><T111/><D111/><U90/><REACH who="1" step="1"/><E75/><REACH who="1" step="2"/><V120/><F120/><W72/><G55/><T39/><D39/><U27/><E27/><V67/><F67/><W114/><G72/><T83/><D24/><U124/><E124/><V25/><F25/><W123/><G123/><T113/><D113/><U12/><E12/><V14/><F14/><W6/><G114/><T131/><D131/><U63/><E63/><V69/><F52/><W109/><G109/><T35/><D48/><U97/><E97/><V50/><F50/><W125/><G125/><T105/><D49/><U54/><E54/><V34/><F98/><W19/><G128/><T106/><D51/><U33/><E33/><V9/><F34/><W89/><N who="3" m="1536" /><DORA hai="28" /><W56/><G129/><T0/><D32/><U112/><E112/><V60/><F60/><RYUUKYOKU ba="2,2" sc="256,-10,248,30,248,-10,228,-10" hai1="13,17,77,79,80,86,88,90,93,99,100,101,102" /><INIT seed="1,3,2,4,5,86" ten="246,278,238,218" oya="1" hai0="44,75,128,59,83,84,67,97,106,105,40,43,117" hai1="130,88,73,26,98,39,122,113,29,81,7,35,115" hai2="110,114,79,91,134,34,45,6,15,116,1,46,126" hai3="121,109,119,99,36,66,72,31,32,22,125,21,16"/><U33/><E122/><V63/><F116/><W74/><G109/><T51/><D117/><U11/><E130/><V2/><F34/><W20/><G125/><T108/><D75/><U135/><E135/><V93/><F134/><W47/><G121/><T54/><D128/><U107/><E35/><V132/><F132/><W18/><G119/><T133/><D133/><U124/><E124/><V17/><F126/><W85/><G66/><T49/><D108/><U101/><E39/><V53/><F110/><W30/><G32/><T102/><D67/><U62/><E62/><V100/><F114/><W71/><G71/><T19/><D19/><N who="3" m="7209" /><G85/><T92/><REACH who="0" step="1"/><D40/><REACH who="0" step="2"/><U9/><E9/><V90/><F17/><W10/><G72/><T23/><D23/><U28/><E28/><V77/><F6/><W12/><G74/><T55/><D55/><U41/><E41/><V94/><F53/><W127/><G31/><T13/><D13/><U118/><E118/><V61/><F15/><W0/><G30/><T52/><D52/><U120/><E120/><V129/><F129/><W111/><G22/><T89/><AGARI ba="3,3" hai="43,44,49,51,54,59,83,84,89,92,97,102,105,106" machi="89" ten="20,8000,1" yaku="1,1,0,1,7,1,52,1,53,1" doraHai="86" doraHaiUra="82" who="0" fromWho="0" sc="236,119,278,-43,238,-23,218,-23" /><INIT seed="2,0,0,5,1,127" ten="355,235,215,195" oya="2" hai0="123,126,37,131,134,91,128,74,9,106,133,117,83" hai1="11,99,65,34,13,75,36,86,110,124,113,19,6" hai2="5,25,42,129,10,23,53,85,109,54,18,43,71" hai3="96,68,24,28,31,22,87,108,103,15,88,48,111"/><V59/><F71/><W47/><G68/><T92/><D37/><U50/><E34/><V0/><F109/><W12/><G31/><T45/><D123/><U55/><E113/><V78/><F129/><N who="0" m="49738" /><D106/><U98/><E36/><V32/><F32/><W95/><G108/><T116/><D126/><U70/><E75/><V29/><F29/><W69/><G69/><T84/><D45/><U100/><E110/><V35/><F35/><W2/><G2/><T4/><D74/><U119/><E119/><N who="0" m="45641" /><D83/><U63/><E124/><V125/><F125/><W112/><G112/><T58/><D58/><U120/><E120/><V1/><F1/><AGARI ba="0,0" hai="1,4,9,84,91,92,133,134" m="45641,49738" machi="1" ten="30,8000,1" yaku="19,1,12,1,52,3" doraHai="127" who="0" fromWho="2" sc="355,80,235,0,215,-80,195,0" /><INIT seed="3,0,0,5,2,111" ten="435,235,135,195" oya="3" hai0="107,130,118,18,89,102,19,100,46,15,94,110,4" hai1="127,81,91,90,79,68,24,20,97,121,112,96,99" hai2="120,122,10,53,133,3,106,5,93,32,16,8,58" hai3="59,43,103,135,82,27,45,42,23,9,44,132,50"/><W35/><G35/><T57/><D118/><U76/><E68/><V63/><F106/><W105/><G105/><T124/><D110/><U22/><E121/><V29/><F133/><N who="3" m="51275" /><G103/><T51/><D57/><U39/><E39/><V33/><F93/><W69/><G69/><T72/><D72/><U67/><E67/><V101/><F101/><W55/><G9/><T6/><D130/><U14/><E127/><V78/><F78/><W123/><G123/><N who="2" m="47145" /><F29/><N who="3" m="17663" /><G82/><T28/><D124/><U1/><E1/><V54/><F54/><W125/><G125/><T61/><D107/><U129/><E129/><V83/><F83/><W62/><G45/><T70/><D46/><U60/><E60/><V2/><F2/><W41/><AGARI ba="0,0" hai="41,42,43,44,50,55,59,62" m="17663,51275" machi="41" ten="30,1500,0" yaku="20,1" doraHai="111" who="3" fromWho="3" sc="435,-5,235,-5,135,-5,195,15" /><INIT seed="3,1,0,1,4,129" ten="430,230,130,210" oya="3" hai0="26,23,9,80,39,75,15,96,52,53,67,32,70" hai1="37,117,132,79,40,115,10,121,74,50,127,58,99" hai2="119,65,68,89,11,101,2,22,44,3,78,13,83" hai3="126,25,57,104,63,87,82,60,61,4,111,112,36"/><W81/><G112/><T91/><D39/><U86/><E121/><V85/><F119/><W77/><G126/><T30/><D32/><U5/><E115/><V88/><F101/><W1/><G104/><T95/><D67/><U24/><E127/><V6/><F44/><W76/><G36/><T124/><D70/><U98/><E117/><V7/><F22/><W110/><G25/><T102/><D124/><U114/><E114/><V56/><F68/><W93/><G93/><T45/><D45/><N who="1" m="25895" /><E37/><V135/><F135/><W16/><G16/><T49/><D49/><U131/><E131/><V84/><F7/><W118/><G118/><T17/><D75/><U21/><E74/><V116/><F116/><W14/><G1/><T103/><D80/><N who="1" m="47391" /><E58/><V66/><F78/><W72/><REACH who="3" step="1"/><G57/><REACH who="3" step="2"/><T128/><D128/><U51/><E51/><V43/><F56/><W27/><G27/><T47/><D47/><U34/><E34/><V59/><F59/><W108/><G108/><T28/><D28/><N who="1" m="17423" /><E132/><V120/><F120/><W122/><G122/><T41/><D30/><U31/><E31/><V12/><F2/><W0/><G0/><T125/><D125/><U123/><E123/><V64/><REACH who="2" step="1"/><F43/><REACH who="2" step="2"/><W94/><G94/><AGARI ba="1,2" hai="3,6,11,12,13,64,65,66,83,84,85,88,89,94" machi="94" ten="40,5200,0" yaku="1,1,2,1,54,1,53,0" doraHai="129" doraHaiUra="19" who="2" fromWho="3" sc="430,0,230,0,120,75,200,-55" /><INIT seed="4,0,0,4,4,60" ten="430,230,195,145" oya="0" hai0="18,65,29,31,110,130,124,51,55,117,22,66,129" hai1="52,24,83,50,123,74,46,12,64,5,34,9,71" hai2="96,75,86,48,26,19,119,104,93,0,58,56,44" hai3="32,111,30,126,40,87,132,101,57,14,98,97,49"/><T79/><D117/><U68/><E123/><V105/><F119/><W120/><G120/><T109/><D124/><U4/><E4/><V36/><F75/><W54/><G126/><T43/><D43/><U127/><E127/><V8/><F36/><W100/><G111/><N who="0" m="42507" /><D79/><U53/><E34/><V70/><F70/><W118/><G132/><T21/><D21/><U63/><E71/><V133/><F133/><W125/><G118/><T99/><D99/><N who="3" m="37897" /><G30/><N who="0" m="11275" /><D55/><U23/><E83/><V38/><F104/><W88/><G32/><T106/><D51/><U67/><E67/><N who="0" m="25609" /><D106/><U84/><E74/><V94/><F105/><W6/><G40/><T90/><D90/><U42/><REACH who="1" step="1"/><E84/><REACH who="1" step="2"/><V78/><F86/><W11/><G125/><T3/><D3/><U122/><E122/><V92/><F0/><W128/><G128/><T81/><D81/><AGARI ba="0,1" hai="6,11,14,49,54,57,81,87,88,100,101" m="37897" machi="81" ten="30,2000,0" yaku="8,1,54,1" doraHai="60" who="3" fromWho="0" sc="430,-20,220,0,195,0,145,30" /><INIT seed="5,0,0,3,2,23" ten="410,220,195,175" oya="1" hai0="25,96,127,54,29,92,129,114,78,131,53,16,37" hai1="135,77,63,32,46,76,66,36,39,4,126,27,61" hai2="21,18,97,2,124,52,31,71,56,12,30,118,13" hai3="10,83,125,33,22,107,0,5,112,134,69,11,8"/><U104/><E104/><V88/><F118/><W122/><G112/><T40/><D114/><U103/><E103/><V93/><F71/><W51/><G107/><T72/><D127/><U81/><E126/><V57/><F124/><W87/><G69/><T106/><D106/><U55/><E135/><V99/><F2/><W119/><G122/><T100/><D16/><U59/><E4/><V45/><F99/><W43/><G33/><T94/><D94/><U120/><E120/><V95/><F95/><W79/><G134/><T38/><D38/><U6/><E6/><V116/><F116/><W49/><G119/><T64/><D64/><U44/><E32/><V1/><F1/><W58/><G125/><T91/><D100/><U115/><E115/><V111/><F111/><W110/><G110/><T130/><D37/><N who="1" m="14411" /><E81/><V62/><F45/><N who="1" m="17513" /><E27/><N who="2" m="14775" /><F57/><W24/><G58/><T109/><D109/><U101/><E101/><V47/><F47/><W123/><G123/><T102/><D102/><U75/><E75/><V89/><F89/><W105/><G105/><T19/><D72/><U9/><E9/><V48/><F48/><N who="3" m="18507" /><G5/><T132/><D132/><U98/><E98/><V26/><F31/><N who="3" m="17815" /><G0/><T35/><D35/><AGARI ba="0,0" hai="12,13,26,30,35,52,56,62,88,93,97" m="14775" machi="35" ten="30,8000,1" yaku="25,1,52,2,54,2" doraHai="23" who="2" fromWho="0" sc="410,-80,220,0,195,80,175,0" /><INIT seed="6,0,0,5,3,130" ten="330,220,275,175" oya="2" hai0="120,59,27,122,108,41,125,36,96,91,83,90,51" hai1="64,106,7,82,71,93,131,4,104,69,68,30,110" hai2="45,81,99,107,10,84,29,89,28,79,86,8,34" hai3="88,11,116,118,100,132,98,25,43,97,18,129,78"/><V39/><F34/><W53/><G129/><T62/><D108/><U17/><E131/><V103/><F39/><W102/><G78/><T50/><D125/><U135/><E110/><V70/><F70/><W5/><G43/><T49/><D27/><U119/><E119/><V35/><F45/><W22/><G116/><T44/><D83/><U40/><E40/><V55/><F55/><W32/><G32/><T14/><D14/><U38/><E38/><V65/><F65/><W19/><G19/><T113/><D113/><U16/><E30/><V31/><REACH who="2" step="1"/><F35/><REACH who="2" step="2"/><W6/><G118/><T128/><D128/><U117/><E64/><V85/><F85/><W101/><G53/><T105/><D96/><U15/><E117/><V109/><F109/><W57/><G98/><T72/><D36/><U42/><E42/><V54/><F54/><W52/><G97/><T47/><D41/><U66/><E66/><V13/><F13/><W46/><G52/><T127/><D44/><U126/><E15/><V12/><F12/><W74/><G46/><T80/><D47/><U3/><E3/><V48/><F48/><W58/><G74/><T0/><D49/><U2/><E2/><V63/><F63/><W60/><G60/><T26/><D50/><U24/><E126/><V124/><F124/><W134/><G58/><T77/><D51/><U21/><E82/><AGARI ba="0,1" hai="8,10,28,29,31,79,81,82,84,86,89,99,103,107" machi="82" ten="40,2000,0" yaku="1,1,53,0" doraHai="130" doraHaiUra="23" who="2" fromWho="1" sc="330,0,220,-20,265,30,175,0" /><INIT seed="6,1,0,2,5,9" ten="330,200,295,175" oya="2" hai0="100,57,123,130,87,60,19,53,61,103,126,115,59" hai1="93,55,0,24,97,40,51,36,94,5,119,44,99" hai2="67,109,114,12,86,38,64,108,28,122,134,37,75" hai3="85,117,111,3,81,127,96,84,42,65,79,14,31"/><V105/><F122/><W120/><G111/><N who="2" m="42569" /><F114/><W11/><G127/><T29/><D123/><U23/><E119/><V1/><F1/><W17/><G3/><T39/><D115/><U121/><E121/><V107/><F75/><W34/><G117/><T112/><D112/><U49/><E0/><V135/><F28/><W63/><G120/><T95/><D126/><U33/><E33/><V74/><F74/><W16/><G42/><T128/><D39/><N who="2" m="14858" /><F86/><W25/><G96/><T77/><D29/><U41/><E5/><V45/><F12/><W80/><G14/><T76/><D19/><U72/><E72/><V8/><F8/><W56/><REACH who="3" step="1"/><G11/><REACH who="3" step="2"/><T78/><D130/><U92/><E40/><V22/><F135/><W50/><G50/><T110/><D128/><U7/><E7/><V90/><F134/><W133/><G133/><T58/><D110/><U101/><E51/><V4/><F107/><W70/><G70/><T47/><D61/><U71/><E71/><V88/><F105/><W113/><G113/><T68/><D60/><U62/><E62/><V2/><F2/><W13/><G13/><T66/><D68/><U27/><E27/><V6/><F6/><W43/><G43/><T10/><D10/><U69/><E69/><V125/><F4/><W116/><G116/><T73/><D73/><U82/><E82/><V35/><F125/><W124/><G124/><T104/><D104/><U106/><E106/><V32/><F67/><W30/><G30/><T131/><D66/><U54/><E99/><V46/><F64/><W118/><G118/><T21/><D131/><RYUUKYOKU ba="1,1" sc="330,-10,200,-10,295,-10,165,30" hai3="16,17,25,31,34,56,63,65,79,80,81,84,85" /><INIT seed="7,2,1,2,4,118" ten="320,190,285,195" oya="3" hai0="101,39,113,29,131,25,103,97,93,43,61,20,85" hai1="28,130,35,31,107,92,45,100,77,105,98,114,23" hai2="67,80,37,26,57,22,134,66,56,63,91,81,78" hai3="62,129,84,13,74,1,121,76,36,55,95,42,96"/><W128/><G74/><T32/><D131/><N who="3" m="50249" /><G1/><T16/><D113/><U89/><E130/><V21/><F134/><W60/><G121/><T72/><D72/><U46/><E114/><V123/><F123/><W122/><G122/><T106/><D85/><U6/><E6/><V112/><F112/><W52/><G13/><T12/><D61/><N who="3" m="23657" /><G84/><T3/><D3/><U127/><E127/><V119/><F119/><W59/><G59/><T58/><D58/><U109/><E109/><V54/><F57/><W86/><G86/><T126/><D126/><U48/><E35/><V125/><F125/><W132/><G76/><T34/><D34/><U14/><E77/><V53/><F78/><W10/><G10/><T49/><D39/><U9/><E89/><V102/><F56/><W51/><G51/><T116/><D116/><U124/><E124/><V47/><F63/><W24/><G24/><T8/><D32/><U11/><E23/><V99/><F26/><W83/><G83/><T64/><D106/><U115/><E115/><V88/><F80/><W135/><G42/><T68/><D64/><U75/><E75/><V82/><F37/><W133/><G36/><T104/><D104/><U87/><E87/><V18/><F99/><W5/><G5/><T50/><D50/><U41/><E46/><V0/><F0/><W44/><G44/><T70/><D103/><AGARI ba="2,1" hai="52,55,95,96,103,132,133,135" m="23657,50249" machi="103" ten="40,7700,0" yaku="20,1,19,1,54,1" doraHai="118" who="3" fromWho="0" sc="320,-83,190,0,285,0,195,93" /><INIT seed="7,3,0,5,0,22" ten="237,190,285,288" oya="3" hai0="30,126,86,61,26,79,71,124,42,68,121,108,119" hai1="100,80,55,7,57,53,5,58,103,13,78,44,113" hai2="25,3,111,2,21,127,50,128,134,37,16,56,49" hai3="120,104,20,94,19,17,91,15,117,39,12,97,4"/><W41/><G120/><T101/><D119/><U76/><E113/><V62/><F111/><W66/><G117/><T125/><D108/><U130/><E130/><V64/><F128/><W74/><G104/><T34/><D121/><U67/><E44/><V85/><F37/><W8/><G74/><T102/><D42/><U96/><E67/><V75/><F75/><W14/><G66/><T73/><D73/><U45/><E45/><V135/><F127/><W31/><G41/><T6/><D6/><U10/><E96/><V99/><F85/><W116/><G116/><T131/><D131/><U107/><E107/><V0/><REACH who="2" step="1"/><F99/><REACH who="2" step="2"/><N who="3" m="57823" /><G39/><T72/><D72/><U11/><E80/><V89/><F89/><W98/><G97/><T51/><D51/><AGARI ba="3,1" hai="0,2,3,16,21,25,49,50,51,56,62,64,134,135" machi="51" ten="50,6400,0" yaku="1,1,52,1,54,1,53,0" doraHai="22" doraHaiUra="40" who="2" fromWho="0" sc="237,-73,190,0,275,83,288,0" owari="164,-34,190,-21,358,46,288,9" /></mjloggm>