<mjloggm ver="2.3"><GO type="41"/><UN n0="%E3%81%9F%E3%82%8D%E3%81%86%E3%81%A8%E3%81%94%E3%82%8D%E3%81%86" n1="%61%6E%64%72%69%79" n2="%EF%BC%88%E2%89%A7%E2%96%BD%E2%89%A6%EF%BC%89" n3="%E7%9F%A2%E5%B3%B6%49%6E%64%65%78" dan="15,15,15,15" rate="1950,1925,2036,1975" sx="M,F,M,M"/><TAIKYOKU oya="0"/><INIT seed="0,0,0,3,3,125" ten="250,250,250,250" oya="0" hai0="0,55,90,38,8,34,129,12,103,98,84,18,69" hai1="56,33,25,87,3,57,135,107,41,23,61,119,94" hai2="71,7,14,79,115,21,43,116,131,108,1,130,70" hai3="112,37,133,51,66,62,42,89,53,48,92,30,63"/><T134/><D38/><U106/><E119/><V46/><F116/><W80/><G112/><T114/><D69/><U44/><E33/><V123/><F115/><W58/><G30/><T45/><D34/><U113/><E3/><V5/><F123/><W122/><G80/><T13/><D0/><U11/><E11/><N who="2" m="2479" /><F108/><W4/><G4/><T110/><D110/><U35/><E35/><V72/><F21/><W26/><G26/><T2/><D2/><U19/><E113/><V128/><F14/><W104/><G104/><T73/><D73/><U52/><E135/><V60/><F60/><W10/><G10/><T78/><D78/><U20/><E57/><V32/><F7/><W101/><G101/><T121/><D134/><U9/><E9/><V77/><F32/><W17/><G133/><T6/><D121/><U15/><E87/><V82/><F77/><W93/><G93/><T86/><D114/><U88/><E44/><V100/><F100/><W31/><G31/><T24/><D24/><U74/><E41/><V132/><F132/><W81/><G81/><T83/><D86/><U75/><E75/><V67/><F67/><N who="3" m="39383" /><G122/><T102/><D12/><U50/><E74/><V29/><F29/><W96/><G37/><AGARI ba="0,0" hai="37,43,46,70,71,72,79,82,128,130,131" m="2479" machi="37" ten="30,12000,2" yaku="25,1,19,1,23,1,52,3" doraHai="125" who="2" fromWho="3" sc="250,0,250,0,250,120,250,-120" /><INIT seed="1,0,0,5,4,7" ten="250,250,370,130" oya="1" hai0="66,78,47,132,5,101,102,109,76,56,61,86,134" hai1="26,123,54,52,17,88,135,79,95,72,125,57,91" hai2="21,124,130,93,111,22,8,14,18,35,121,43,12" hai3="4,117,94,83,115,96,118,9,106,75,77,103,48"/><U39/><E123/><V70/><F121/><W114/><G48/><T122/><D122/><U45/><E125/><V74/><F70/><W119/><REACH who="3" step="1"/><G94/><REACH who="3" ten="250,250,370,120" step="2"/><T58/><D109/><U15/><E135/><V98/><F93/><W27/><G27/><T6/><D61/><U110/><E110/><V84/><F111/><W92/><G92/><T60/><D60/><U105/><E105/><V51/><F51/><W126/><G126/><T29/><D134/><U34/><E95/><V50/><F50/><W89/><G89/><T37/><D132/><U64/><E39/><V49/><F49/><W107/><G107/><T113/><D37/><U97/><E26/><V20/><F124/><W67/><G67/><T32/><D66/><U71/><E64/><V104/><F104/><W63/><G63/><T99/><D102/><U10/><E91/><V82/><F98/><W11/><G11/><T30/><D99/><U100/><E97/><V108/><F8/><W0/><AGARI ba="0,1" hai="0,4,9,75,77,83,96,103,106,114,115,117,118,119" machi="0" ten="30,12000,2" yaku="1,1,0,1,12,1,23,2,52,1,53,1" doraHai="7" doraHaiUra="73" who="3" fromWho="3" sc="250,-30,250,-60,370,-30,120,130" /><INIT seed="2,0,0,5,0,83" ten="220,190,340,250" oya="2" hai0="37,24,123,3,33,18,128,135,9,94,63,77,113" hai1="46,98,23,50,101,1,110,102,120,42,90,69,78" hai2="121,14,134,19,71,13,96,0,105,67,91,59,10" hai3="7,79,82,116,132,112,20,21,2,108,95,130,99"/><V80/><F121/><W86/><G108/><T27/><D37/><U26/><E120/><V89/><F0/><W84/><G116/><T52/><D123/><U124/><E69/><V34/><F34/><W117/><G117/><T104/><D104/><U76/><E110/><V58/><F71/><W56/><G2/><T68/><D113/><U39/><E1/><V66/><F134/><W4/><G112/><T115/><D115/><U29/><E124/><V12/><F105/><W111/><G132/><T114/><D135/><U87/><E39/><V93/><F66/><W106/><G111/><T127/><D127/><U131/><E131/><V103/><F67/><W72/><G106/><T60/><D68/><U57/><E57/><N who="2" m="21515" /><F103/><N who="1" m="39433" /><E98/><V61/><F61/><W49/><G130/><T36/><D36/><U81/><AGARI ba="0,0" hai="23,26,29,42,46,50,76,78,81,87,90" m="39433" machi="81" ten="30,2000,0" yaku="8,1,52,1" doraHai="83" who="1" fromWho="1" sc="220,-5,190,20,340,-10,250,-5" /><INIT seed="3,0,0,0,2,123" ten="215,210,330,245" oya="3" hai0="32,51,125,114,87,37,97,47,70,5,76,78,83" hai1="130,90,107,60,122,46,48,25,95,73,8,55,56" hai2="33,127,34,42,103,35,98,132,29,133,30,6,92" hai3="59,4,39,134,126,71,1,63,62,128,120,110,43"/><W17/><G120/><T11/><D32/><U112/><E112/><V67/><F127/><W74/><G74/><T113/><D125/><U69/><E122/><V119/><F119/><W86/><G126/><T50/><D70/><U12/><E130/><V23/><F6/><W66/><G128/><T84/><D37/><U85/><E107/><V21/><F42/><W99/><G134/><N who="2" m="51817" /><F67/><W89/><G99/><T0/><D97/><U80/><E25/><N who="2" m="16575" /><F21/><W7/><G17/><T3/><D50/><U45/><E73/><V135/><F135/><W115/><G115/><T104/><D104/><U38/><E38/><V75/><F75/><W129/><G129/><T64/><D64/><U88/><E69/><V100/><F100/><W131/><G131/><T94/><D114/><U22/><E60/><V24/><AGARI ba="0,0" hai="24,30,33,34,35,92,98,103" m="16575,51817" machi="24" ten="30,1100,0" yaku="20,1" doraHai="123" who="2" fromWho="2" sc="215,-3,210,-3,330,11,245,-5" /><INIT seed="4,0,0,5,0,56" ten="212,207,341,240" oya="0" hai0="101,36,99,25,132,34,64,127,81,73,120,85,74" hai1="125,51,41,96,6,24,92,123,22,0,3,83,89" hai2="119,97,113,40,110,32,128,90,53,42,100,77,122" hai3="112,10,9,43,38,65,13,46,126,104,105,75,72"/><T15/><D120/><U7/><E123/><V129/><F32/><W108/><G108/><T94/><D36/><U35/><E35/><V134/><F110/><W62/><G112/><T67/><D127/><U54/><E125/><V23/><F119/><W61/><G126/><T135/><D15/><U48/><E0/><V130/><F77/><W52/><G10/><T131/><D34/><U78/><E41/><V4/><F4/><W28/><G28/><T57/><D25/><U37/><E37/><V39/><F39/><W49/><G49/><T58/><D131/><U66/><E66/><V102/><F113/><W68/><G104/><T26/><D26/><U63/><E83/><V2/><F2/><W124/><G124/><T91/><D58/><N who="1" m="35287" /><E78/><V59/><F23/><W16/><REACH who="3" step="1"/><G105/><REACH who="3" ten="212,207,341,230" step="2"/><T50/><D50/><N who="1" m="18987" /><E3/><V44/><F129/><W11/><G11/><T1/><D1/><U21/><E21/><V19/><F130/><W115/><G115/><T18/><D18/><AGARI ba="0,1" hai="6,7,18,22,24,89,92,96" m="18987,35287" machi="18" ten="30,3900,0" yaku="25,1,8,1,52,1" doraHai="56" who="1" fromWho="0" sc="212,-39,207,49,341,0,230,0" /><INIT seed="5,0,0,4,1,74" ten="173,256,341,230" oya="1" hai0="50,22,70,133,6,46,4,18,64,79,100,60,35" hai1="91,81,14,135,115,40,120,33,106,63,101,125,119" hai2="110,132,15,36,58,41,111,37,43,107,131,20,16" hai3="93,5,27,104,129,82,1,112,109,73,92,10,71"/><U45/><E120/><V51/><F107/><W47/><G109/><T0/><D35/><U56/><E119/><V126/><F132/><W65/><G104/><T96/><D133/><U3/><E3/><V26/><F131/><W17/><G112/><T130/><D130/><U123/><E123/><V8/><F126/><W84/><G129/><T80/><D0/><U98/><E135/><V62/><F110/><W103/><G73/><T2/><D2/><U57/><E115/><V7/><F111/><W34/><G47/><T49/><D49/><U25/><E125/><V68/><F68/><W127/><G127/><T122/><D122/><U42/><E14/><V30/><F51/><W24/><G24/><T83/><D83/><U38/><E42/><N who="2" m="15883" /><F36/><W116/><G116/><T117/><D46/><U90/><E81/><V67/><F37/><W19/><G103/><T102/><D50/><U59/><REACH who="1" step="1"/><E63/><REACH who="1" ten="173,246,341,230" step="2"/><V124/><F124/><W97/><G82/><T61/><D117/><U95/><E95/><V88/><F88/><N who="3" m="53255" /><G1/><T72/><D60/><U21/><E21/><V75/><F75/><W28/><G34/><T114/><D102/><U66/><E66/><V32/><F32/><W55/><G65/><T118/><D118/><U9/><E9/><V54/><F67/><W29/><G55/><T13/><REACH who="0" step="1"/><D114/><REACH who="0" ten="163,246,341,230" step="2"/><U12/><E12/><V94/><F94/><AGARI ba="0,2" hai="4,6,13,18,22,61,64,70,72,79,80,94,96,100" machi="94" ten="30,7700,0" yaku="1,1,2,1,7,1,52,1,53,0" doraHai="74" doraHaiUra="85" who="0" fromWho="2" sc="163,97,246,0,341,-77,230,0" /><INIT seed="6,0,0,2,5,122" ten="260,246,264,230" oya="2" hai0="73,128,109,4,104,52,17,13,31,29,48,134,27" hai1="106,130,22,41,43,82,96,64,103,80,87,47,2" hai2="67,110,124,76,3,131,75,112,81,97,69,55,50" hai3="111,40,45,78,11,25,100,26,62,51,74,125,101"/><V23/><F3/><W77/><G11/><T113/><D73/><U117/><E117/><V19/><F112/><W44/><G62/><T46/><D113/><U12/><E2/><V60/><F131/><W53/><G125/><T32/><D104/><U8/><E130/><V95/><F124/><W79/><G74/><T105/><D105/><U0/><E0/><V7/><F7/><W21/><G111/><T88/><D128/><U135/><E135/><V127/><F127/><W59/><G45/><T84/><D31/><U107/><E64/><V30/><F30/><W91/><G91/><T83/><D4/><U15/><E43/><V121/><F121/><W5/><G5/><T123/><D134/><U66/><E66/><V36/><F36/><W1/><G1/><T18/><D123/><U6/><E82/><V39/><F39/><W85/><G85/><T9/><D18/><U94/><E22/><V133/><F110/><AGARI ba="0,0" hai="9,13,17,27,29,32,46,48,52,83,84,88,109,110" machi="110" ten="40,12000,2" yaku="25,2,52,2,54,2" doraHai="122" who="0" fromWho="2" sc="260,120,246,0,264,-120,230,0" /><INIT seed="7,0,0,0,4,30" ten="380,246,144,230" oya="3" hai0="109,60,17,126,98,26,122,132,82,36,76,61,130" hai1="72,24,16,75,134,89,102,27,86,111,47,63,120" hai2="69,85,80,64,18,101,88,123,128,129,10,113,12" hai3="42,40,43,6,20,11,92,124,19,79,67,0,14"/><W81/><G124/><T37/><D126/><U125/><E111/><V58/><F123/><W65/><REACH who="3" step="1"/><G92/><REACH who="3" ten="380,246,144,220" step="2"/><T56/><D109/><U99/><E125/><V118/><F118/><W83/><G83/><T50/><D82/><U28/><E120/><V96/><F113/><W91/><G91/><T15/><D122/><U39/><E89/><V21/><F69/><W127/><G127/><T49/><D76/><U5/><E134/><V25/><F64/><W22/><G22/><T78/><D78/><U32/><E32/><V1/><F1/><W117/><G117/><T66/><D132/><U131/><E131/><V97/><F58/><W8/><G8/><T68/><D130/><U100/><E102/><V46/><F46/><W45/><G45/><T2/><D2/><U71/><E100/><V55/><F55/><W94/><G94/><T7/><D56/><U34/><E47/><V105/><REACH who="2" step="1"/><F96/><REACH who="2" ten="380,246,134,220" step="2"/><W57/><G57/><T119/><D98/><U107/><E99/><V90/><F90/><W44/><G44/><T108/><D66/><U51/><E71/><V74/><F74/><AGARI ba="0,2" hai="0,6,11,14,19,20,40,42,43,65,67,74,79,81" machi="74" ten="40,2000,0" yaku="1,1,53,0" doraHai="30" doraHaiUra="70" who="3" fromWho="2" sc="380,0,246,0,134,-20,220,40" /><INIT seed="7,1,0,0,4,81" ten="380,246,114,260" oya="3" hai0="61,91,105,20,31,46,26,35,93,117,108,95,92" hai1="4,17,62,77,22,34,71,42,55,114,68,32,118" hai2="135,24,39,56,128,50,67,11,86,134,129,1,132" hai3="53,5,69,40,3,57,7,74,111,102,72,110,23"/><W115/><G69/><T52/><D105/><U60/><E114/><V82/><F39/><W99/><G115/><T103/><D108/><N who="3" m="41513" /><G40/><T25/><D103/><U58/><E118/><V113/><F113/><W130/><G130/><T37/><D37/><U84/><E42/><V96/><F96/><W104/><G23/><T87/><D117/><U41/><E41/><V0/><F24/><W119/><G119/><T14/><D14/><U88/><E77/><V28/><F28/><W64/><G64/><T49/><D61/><U112/><E4/><N who="3" m="1610" /><G3/><T47/><D47/><U18/><E112/><V80/><F80/><W27/><G27/><T85/><D85/><U78/><E78/><V121/><F121/><W83/><G83/><T89/><D89/><U33/><E18/><AGARI ba="1,0" hai="18,20,25,26,31,35,46,49,52,87,91,92,93,95" machi="18" ten="30,3900,0" yaku="7,1,52,1,54,1" doraHai="81" who="0" fromWho="1" sc="380,42,246,-42,114,0,260,0" owari="422,53.0,204,-20.0,114,-39.0,260,6.0" /></mjloggm>