<mjloggm ver="2.3"><GO type="41"/><UN n0="%E3%81%B5%E3%81%9F%E3%81%BF%E3%82%83%E3%82%93" n1="%E3%82%A6%E3%83%AB%E3%83%88%E3%83%A9%E7%AB%8B%E7%9B%B4" n2="%79%7A%6D" n3="%6D%67%6B%34%31%30" dan="13,15,13,13" rate="1817,2005,1848,1828" sx="M,M,M,M"/><TAIKYOKU oya="0"/><INIT seed="0,0,0,2,0,18" ten="250,250,250,250" oya="0" hai0="58,52,10,85,109,126,49,26,132,110,115,16,7" hai1="27,41,72,135,44,37,117,79,20,102,48,82,3" hai2="50,100,130,73,32,75,97,93,31,56,24,11,46" hai3="4,47,114,124,122,116,1,6,101,127,67,133,83"/><T29/><D115/><U65/><E117/><V43/><F130/><W61/><G116/><T25/><D132/><U21/><E135/><V30/><F30/><W134/><G114/><T95/><D126/><U12/><E3/><V5/><REACH who="2" step="1"/><F56/><REACH who="2" ten="250,250,240,250" step="2"/><W118/><G118/><T15/><D29/><U121/><E121/><V103/><F103/><W34/><G122/><T92/><D110/><U71/><E102/><V39/><F39/><W45/><G101/><T90/><D109/><U33/><E37/><V66/><F66/><W111/><G67/><T129/><D129/><U64/><E64/><V105/><F105/><W59/><G111/><T123/><D123/><U2/><E65/><V89/><F89/><W94/><G59/><T63/><D95/><U91/><E91/><V131/><F131/><W81/><G94/><T55/><D7/><U77/><E77/><V13/><AGARI ba="0,1" hai="5,11,13,24,31,32,43,46,50,73,75,93,97,100" machi="13" ten="20,2700,0" yaku="1,1,0,1,7,1,53,0" doraHai="18" doraHaiUra="108" who="2" fromWho="2" sc="250,-13,250,-7,240,37,250,-7" /><INIT seed="1,0,0,3,0,89" ten="237,243,277,243" oya="1" hai0="35,110,30,55,63,123,10,129,20,57,133,14,127" hai1="105,58,100,134,125,96,18,9,68,109,99,47,117" hai2="87,103,54,56,88,85,128,80,22,26,91,29,3" hai3="71,7,94,132,98,11,52,62,118,0,31,107,28"/><U111/><E68/><V82/><F128/><W17/><G132/><T65/><D110/><N who="1" m="41995" /><E117/><V67/><F3/><W51/><G118/><T97/><D133/><U12/><E134/><V43/><F43/><W101/><G17/><T48/><D127/><U59/><E125/><V121/><F121/><W37/><G37/><T131/><D123/><U2/><E2/><V64/><F103/><W86/><G86/><T40/><D40/><U53/><E96/><V74/><F74/><W112/><G112/><T81/><D35/><U116/><E116/><V49/><AGARI ba="0,0" hai="22,26,29,49,54,56,64,67,80,82,85,87,88,91" machi="49" ten="20,8000,1" yaku="0,1,7,1,9,1,8,1,54,1" doraHai="89" who="2" fromWho="2" sc="237,-20,243,-40,277,80,243,-20" /><INIT seed="2,0,0,0,2,90" ten="217,203,357,223" oya="2" hai0="81,67,54,19,131,39,9,126,24,76,132,116,87" hai1="10,129,61,42,72,133,110,89,48,105,108,5,93" hai2="119,50,59,112,78,122,107,68,52,134,38,46,11" hai3="111,26,7,123,88,62,75,55,80,51,73,120,135"/><V4/><F122/><W53/><G88/><T124/><D116/><U25/><E105/><V41/><F119/><W106/><G106/><T57/><D67/><U77/><E61/><V16/><F107/><W56/><G80/><T83/><D39/><U40/><E129/><V91/><F91/><W117/><G117/><T1/><D131/><U85/><E133/><V74/><F134/><W125/><G26/><T17/><D81/><U70/><E70/><V128/><F128/><W127/><G7/><T22/><D132/><U121/><E121/><V35/><F35/><W34/><G34/><T118/><D118/><U21/><E48/><V86/><F74/><W60/><G51/><T58/><D1/><U20/><E72/><V18/><F86/><W12/><G135/><T15/><REACH who="0" step="1"/><D54/><REACH who="0" ten="207,203,357,223" step="2"/><U82/><E82/><V23/><F112/><W114/><G114/><T63/><D63/><U113/><E113/><V115/><F115/><W98/><G111/><T84/><D84/><U29/><E77/><V101/><F78/><W6/><G98/><T96/><D96/><U43/><REACH who="1" step="1"/><E21/><REACH who="1" ten="207,193,357,223" step="2"/><V32/><F23/><W130/><G130/><T79/><D79/><U102/><E102/><V100/><F101/><W13/><REACH who="3" step="1"/><G56/><AGARI ba="0,2" hai="9,15,17,19,22,24,56,57,58,76,83,87,124,126" machi="56" ten="40,1300,0" yaku="1,1,53,0" doraHai="90" doraHaiUra="92" who="0" fromWho="3" sc="207,33,193,0,357,0,223,-13" /><INIT seed="3,0,0,1,0,74" ten="240,193,357,210" oya="3" hai0="98,54,76,57,86,30,73,29,128,75,55,32,37" hai1="129,53,13,126,26,108,112,117,2,80,97,64,133" hai2="95,28,62,36,130,100,12,44,67,3,134,31,42" hai3="63,111,39,18,101,94,87,132,35,88,122,79,19"/><W11/><G39/><T5/><D37/><U40/><E53/><V113/><F3/><W78/><G122/><T34/><D5/><U46/><E46/><V58/><F113/><W110/><G35/><T103/><D128/><U135/><E40/><V90/><F100/><W109/><G63/><T9/><D9/><U83/><E64/><V68/><F130/><W115/><G115/><T127/><D127/><U4/><E13/><V60/><F134/><W16/><G132/><T102/><D57/><U65/><E26/><V25/><F25/><W96/><REACH who="3" step="1"/><G11/><REACH who="3" ten="240,193,357,200" step="2"/><T123/><D123/><U33/><E133/><V20/><F62/><W69/><G69/><T41/><D34/><U43/><E135/><V114/><F114/><W17/><G17/><T125/><D32/><U21/><E112/><V66/><F68/><W50/><G50/><T124/><D124/><U119/><E126/><V23/><F31/><W48/><G48/><T84/><D125/><U118/><E33/><V72/><F28/><W92/><AGARI ba="0,1" hai="16,18,19,78,79,87,88,92,94,96,101,109,110,111" machi="92" ten="40,24000,3" yaku="1,1,0,1,14,1,10,1,52,2,54,2,53,0" doraHai="74" doraHaiUra="59" who="3" fromWho="3" sc="240,-80,193,-80,357,-80,200,250" /><INIT seed="3,1,0,5,1,125" ten="160,113,277,450" oya="3" hai0="7,77,83,107,129,71,99,122,78,33,49,114,120" hai1="95,111,0,29,90,37,69,91,94,27,110,135,105" hai2="25,132,30,65,8,15,6,75,66,88,93,32,42" hai3="84,108,31,18,14,124,133,72,103,131,16,4,134"/><W11/><G72/><T22/><D33/><U40/><E69/><V17/><F75/><W101/><G124/><T24/><D71/><U63/><E0/><V1/><F42/><W50/><G31/><T97/><D114/><U9/><E9/><V126/><F132/><N who="3" m="50795" /><G108/><T117/><D117/><U54/><E135/><V44/><F44/><W64/><G64/><T112/><D112/><U82/><E40/><V5/><F5/><W68/><G68/><T109/><D7/><U59/><E37/><V51/><F51/><W38/><G38/><T21/><D49/><U48/><E105/><V46/><F46/><W12/><G50/><T119/><D119/><U106/><E106/><V100/><F100/><N who="3" m="38475" /><G84/><T79/><D109/><U89/><E111/><V87/><REACH who="2" step="1"/><F126/><REACH who="2" ten="160,113,267,450" step="2"/><W127/><G127/><T102/><D107/><U58/><E110/><V113/><F113/><W10/><G4/><T47/><D47/><U118/><E118/><V43/><F43/><W26/><G26/><T56/><D24/><U76/><E27/><V67/><F67/><W70/><G70/><T28/><D56/><U13/><E59/><V19/><F19/><W73/><G73/><T116/><D116/><U36/><E36/><V20/><AGARI ba="1,1" hai="1,6,8,15,17,20,25,30,32,65,66,87,88,93" machi="20" ten="20,12000,2" yaku="1,1,0,1,7,1,24,2,54,1,53,1" doraHai="125" doraHaiUra="23" who="2" fromWho="2" sc="160,-31,113,-31,267,133,450,-61" /><INIT seed="4,0,0,2,5,82" ten="129,82,400,389" oya="0" hai0="125,3,59,65,103,98,20,135,11,106,109,92,116" hai1="87,8,129,85,22,43,122,42,107,57,72,60,128" hai2="74,31,123,131,58,36,47,95,5,37,7,133,81" hai3="33,16,2,14,12,4,24,13,55,93,105,10,66"/><T110/><D116/><U69/><E72/><V120/><F31/><N who="3" m="19687" /><G105/><T119/><D119/><U79/><E69/><V52/><F131/><N who="1" m="50249" /><E107/><V94/><F133/><W38/><G66/><T49/><D135/><U18/><E79/><V121/><F74/><W44/><G93/><T75/><D125/><U88/><E8/><V28/><F28/><W130/><G130/><T34/><D34/><U0/><E0/><V124/><F124/><W76/><G76/><T68/><D68/><U80/><E122/><V21/><F81/><W100/><G100/><T19/><D75/><U118/><E118/><V64/><F37/><W45/><G55/><T17/><D106/><U114/><E114/><V39/><F39/><W104/><G104/><T132/><D132/><U56/><E56/><V96/><F95/><W41/><G44/><T27/><D49/><U15/><E85/><V117/><F117/><W113/><G113/><T84/><D59/><U91/><E91/><V35/><F64/><AGARI ba="0,0" hai="15,18,22,42,43,57,60,64,80,87,88" m="50249" machi="64" ten="30,3900,0" yaku="19,1,52,1,54,1" doraHai="82" who="1" fromWho="2" sc="129,0,82,39,400,-39,389,0" /><INIT seed="5,0,0,0,1,81" ten="129,121,361,389" oya="1" hai0="67,93,41,119,70,69,9,120,1,19,112,54,87" hai1="122,42,75,62,91,128,4,51,104,127,98,71,126" hai2="113,56,61,130,107,5,12,73,32,8,55,76,124" hai3="13,131,99,68,96,7,30,105,110,50,115,14,11"/><U86/><E75/><V78/><F130/><W133/><G131/><T53/><D119/><U29/><E128/><V106/><F32/><W38/><G110/><T16/><D41/><U10/><E122/><V121/><F121/><W35/><G38/><T31/><D120/><U102/><E29/><V36/><F36/><W2/><G68/><T83/><D31/><U103/><E103/><V66/><F124/><W49/><G133/><T59/><D67/><U17/><E17/><V95/><F113/><W0/><G115/><T15/><D1/><U108/><E108/><V18/><F73/><W20/><G49/><T72/><D19/><U129/><E129/><V85/><F107/><W82/><G50/><T111/><D111/><U44/><E62/><V117/><F106/><W65/><G65/><T24/><D53/><U57/><E57/><N who="2" m="37167" /><F117/><W52/><G105/><T134/><D134/><U89/><E71/><V79/><F5/><W60/><G35/><T58/><D112/><U94/><REACH who="1" step="1"/><E91/><REACH who="1" ten="129,111,361,389" step="2"/><N who="2" m="53743" /><F78/><W101/><G101/><T23/><D70/><U37/><E37/><V74/><F74/><W43/><G30/><T80/><D69/><U125/><E125/><V88/><F88/><W26/><G60/><AGARI ba="0,1" hai="8,12,18,55,56,60,76,79" m="53743,37167" machi="60" ten="30,2000,0" yaku="8,1,52,1" doraHai="81" who="2" fromWho="3" sc="129,0,111,0,361,30,389,-20" /><INIT seed="6,0,0,4,4,106" ten="129,111,391,369" oya="2" hai0="91,14,59,70,85,100,130,8,28,21,15,36,125" hai1="128,124,58,104,121,127,82,11,80,54,46,50,7" hai2="4,57,126,52,34,48,2,5,0,89,103,115,134" hai3="31,39,92,105,51,24,111,109,93,26,16,61,45"/><V22/><F34/><W76/><G105/><T97/><D70/><U19/><E104/><V40/><F134/><W25/><G39/><T29/><D36/><U30/><E121/><V60/><F103/><W10/><G61/><T18/><D130/><U49/><E128/><V117/><F117/><W62/><G62/><T101/><D59/><U73/><E19/><V44/><F126/><W42/><G109/><T131/><D131/><U77/><E30/><V116/><F116/><W65/><G111/><T112/><D125/><U17/><E17/><V56/><F56/><W13/><G65/><T133/><D112/><U99/><E99/><V71/><F115/><W96/><G76/><T38/><D133/><U132/><E82/><V107/><F107/><W33/><REACH who="3" step="1"/><G93/><REACH who="3" ten="129,111,391,359" step="2"/><T41/><D38/><U119/><E132/><V90/><F71/><W79/><G79/><T75/><D75/><U123/><E119/><V6/><REACH who="2" step="1"/><F22/><REACH who="2" ten="129,111,381,359" step="2"/><W120/><G120/><T98/><D21/><U94/><E123/><V55/><F55/><W66/><G66/><T9/><D41/><U83/><E124/><V118/><F118/><W64/><G64/><T102/><D100/><AGARI ba="0,2" hai="10,13,16,24,25,26,31,33,42,45,51,92,96,100" machi="100" ten="30,3900,0" yaku="1,1,7,1,54,1,53,0" doraHai="106" doraHaiUra="63" who="3" fromWho="0" sc="129,-39,111,0,381,0,359,59" /><INIT seed="7,0,0,2,1,108" ten="90,111,381,418" oya="3" hai0="47,5,49,15,9,68,124,17,38,25,113,33,117" hai1="115,130,18,96,3,123,84,104,74,6,67,51,12" hai2="73,80,85,107,118,24,34,112,69,26,11,28,95" hai3="132,52,44,86,102,0,101,31,40,63,125,99,79"/><W60/><G0/><T46/><D117/><U134/><E115/><V14/><F118/><W72/><G72/><T97/><D38/><U131/><E74/><V120/><F107/><W13/><G31/><T21/><D68/><U122/><E67/><V93/><F120/><N who="1" m="46121" /><E51/><V62/><F73/><W114/><G114/><T135/><D113/><U77/><E6/><V89/><F112/><W106/><G102/><T27/><D97/><U81/><E3/><V19/><F69/><W100/><G100/><T61/><D61/><U53/><E53/><V64/><F64/><W30/><G30/><T88/><D135/><U50/><E50/><V39/><F39/><W45/><G86/><T58/><D124/><U119/><E119/><V75/><F75/><W76/><G101/><T111/><D111/><U29/><E134/><V82/><F62/><W4/><G99/><T23/><D33/><U105/><E29/><V59/><F24/><W57/><G106/><N who="1" m="41066" /><E96/><V35/><F35/><W121/><G121/><T94/><D58/><U116/><E116/><V41/><F41/><W129/><G132/><T110/><D49/><U16/><E12/><V1/><F59/><W83/><G13/><T127/><D127/><U87/><E87/><V54/><F54/><W70/><G4/><T90/><D110/><U109/><E109/><V56/><F56/><W36/><G125/><T91/><D94/><N who="2" m="35850" /><F1/><W48/><G70/><T103/><D103/><U55/><E55/><V133/><F133/><W92/><G92/><T43/><D43/><U22/><E18/><AGARI ba="0,0" hai="5,9,15,17,18,21,23,25,27,46,47,88,90,91" machi="18" ten="40,5200,0" yaku="9,1,8,1,54,1" doraHai="108" who="0" fromWho="1" sc="90,52,111,-52,381,0,418,0" owari="142,-26.0,59,-44.0,381,18.0,418,52.0" /></mjloggm>