<mjloggm ver="2.3"><GO type="97"/><UN n0="%EF%BC%88%E2%89%A7%E2%96%BD%E2%89%A6%EF%BC%89" n1="%E3%82%A8%E3%83%AC%E3%82%A2%E3%83%8A" n2="%6C%69%62%72%61%72%79" n3="%E6%B0%B4%E5%86%85%E9%AD%9A%E6%9D%A5%E9%A6%99" dan="15,15,15,15" rate="1996,2085,1921,1929" sx="M,M,M,F"/><TAIKYOKU oya="0"/><INIT seed="0,0,0,1,4,24" ten="250,250,250,250" oya="0" hai0="44,114,73,100,111,76,67,126,13,118,9,30,47" hai1="2,119,134,84,106,48,59,87,103,97,32,133,101" hai2="6,94,93,98,120,27,39,90,23,89,14,19,74" hai3="85,51,3,125,124,130,75,34,8,1,116,55,113"/><T77/><D118/><U10/><E32/><V112/><F112/><W33/><G75/><T69/><D114/><U60/><E48/><V91/><F74/><W70/><G70/><T7/><D126/><N who="3" m="48745" /><G113/><T49/><D100/><U66/><E119/><V82/><F120/><W104/><G104/><T5/><D111/><U68/><E103/><V83/><F39/><W22/><G116/><T132/><D132/><N who="1" m="50795" /><E68/><V123/><F123/><W105/><G105/><T25/><D5/><AGARI ba="0,0" hai="2,5,10,59,60,66,84,87,97,101,106" m="50795" machi="5" ten="30,1000,0" yaku="20,1" doraHai="24" who="1" fromWho="0" sc="250,-10,250,10,250,0,250,0" /><INIT seed="1,0,0,2,4,122" ten="240,260,250,250" oya="1" hai0="58,77,104,133,121,49,65,132,76,74,92,69,126" hai1="53,67,107,47,56,80,118,73,52,6,82,123,72" hai2="84,131,12,106,119,21,29,91,87,42,23,96,81" hai3="88,32,134,54,55,30,127,8,64,36,110,97,129"/><U38/><E118/><V60/><F119/><W59/><G36/><T7/><D121/><U125/><E123/><V68/><F131/><W130/><G134/><N who="0" m="51819" /><D104/><U113/><E113/><V13/><F42/><W20/><G127/><T70/><D126/><U115/><E107/><V15/><F106/><W35/><G64/><T98/><D7/><U2/><E115/><V112/><F112/><W93/><G8/><T85/><D74/><U50/><E67/><V37/><F37/><W63/><G110/><T26/><D26/><U105/><E105/><V9/><F9/><W31/><G55/><N who="0" m="32111" /><D85/><U11/><E125/><V100/><F84/><W48/><G63/><N who="0" m="40127" /><D70/><U120/><E120/><V94/><F68/><W111/><G32/><T103/><AGARI ba="0,0" hai="76,77,92,98,103" m="40127,32111,51819" machi="103" ten="30,1100,0" yaku="20,1" doraHai="122" who="0" fromWho="0" sc="240,11,260,-5,250,-3,250,-3" /><INIT seed="2,0,0,0,5,115" ten="251,255,247,247" oya="2" hai0="5,50,77,31,68,101,2,41,74,133,35,34,64" hai1="7,132,4,92,72,80,29,76,81,26,1,62,33" hai2="127,30,70,93,87,94,120,73,18,59,22,85,122" hai3="104,124,52,102,60,69,8,109,23,57,55,14,32"/><V100/><F70/><W40/><G32/><T53/><D133/><U12/><E1/><V45/><F73/><W43/><G69/><T79/><D101/><U131/><E132/><V48/><F127/><W61/><G124/><T108/><D41/><U82/><E131/><V105/><F30/><W63/><G109/><T21/><D108/><U67/><E92/><V0/><F0/><W44/><G23/><T111/><D111/><U103/><E103/><V84/><F59/><N who="3" m="34919" /><G102/><T25/><D68/><U71/><E12/><V54/><F105/><W75/><G75/><T116/><D64/><U90/><E72/><V47/><F47/><W113/><G104/><T13/><D116/><U112/><E76/><V107/><F107/><W42/><G44/><T28/><D34/><U98/><E112/><V10/><F10/><W19/><G113/><T134/><D134/><U66/><E66/><V89/><F122/><W49/><AGARI ba="0,0" hai="8,14,19,40,42,43,49,55,57,61,63" m="34919" machi="49" ten="30,2000,0" yaku="8,1,54,1" doraHai="115" who="3" fromWho="3" sc="251,-5,255,-5,247,-10,247,20" /><INIT seed="3,0,0,3,4,132" ten="246,250,237,267" oya="3" hai0="16,77,122,75,35,62,81,125,8,116,25,11,93" hai1="113,17,111,7,58,67,109,124,72,49,71,45,6" hai2="10,43,88,106,120,108,115,54,44,128,21,119,76" hai3="38,107,85,78,57,9,87,130,121,46,22,104,83"/><W15/><G121/><T100/><D122/><U34/><E113/><V84/><F120/><W123/><G123/><T103/><D116/><U102/><E71/><V12/><F106/><W47/><G130/><T2/><D125/><U4/><E72/><V40/><F119/><W48/><G38/><T19/><D2/><U101/><E34/><V1/><F115/><W5/><G22/><T68/><D68/><U129/><E129/><V24/><F1/><W79/><G57/><T105/><D105/><U29/><E29/><N who="2" m="17551" /><F76/><W53/><REACH who="3" step="1"/><G47/><REACH who="3" ten="246,250,237,257" step="2"/><T118/><D35/><U112/><E45/><V18/><F128/><W59/><G59/><T32/><D118/><U97/><E58/><V63/><F108/><W90/><G90/><T91/><D32/><U55/><E111/><V30/><F30/><W69/><G69/><T127/><D91/><U27/><E109/><V42/><F63/><W33/><G33/><T31/><D62/><U131/><E112/><V37/><F37/><W60/><G60/><T39/><D39/><U98/><E131/><V28/><F28/><W96/><G96/><T3/><D31/><U14/><E97/><V51/><F42/><W26/><G26/><T114/><D25/><U65/><E27/><V20/><F20/><W99/><G99/><T74/><D100/><U80/><E101/><V126/><F126/><W41/><G41/><T50/><D103/><U86/><E124/><V134/><F134/><W94/><G94/><AGARI ba="0,1" hai="10,12,18,40,43,44,51,54,84,88,94" m="17551" machi="94" ten="30,2000,0" yaku="8,1,54,1" doraHai="132" who="2" fromWho="3" sc="246,0,250,0,237,30,257,-20" /><INIT seed="4,0,0,1,3,69" ten="246,250,267,237" oya="0" hai0="87,112,61,71,83,72,88,65,42,104,50,12,3" hai1="127,84,107,27,78,23,21,77,111,95,20,8,2" hai2="57,103,37,38,17,39,15,134,60,80,73,29,68" hai3="115,109,91,25,62,55,18,7,131,92,9,125,43"/><T121/><D121/><U44/><E107/><V96/><F68/><W101/><G109/><T59/><D3/><U36/><E111/><V63/><F29/><W19/><G115/><T74/><D112/><U13/><E2/><V28/><F28/><W100/><G131/><T97/><D12/><U16/><E127/><V53/><F134/><W70/><G125/><T129/><D129/><U49/><E27/><V133/><F133/><W128/><G128/><T106/><D106/><U4/><E36/><V51/><F73/><W116/><G116/><T56/><D56/><U41/><E4/><V48/><F80/><W33/><G43/><T32/><D32/><U124/><E124/><V24/><F24/><W64/><G55/><T123/><D123/><U98/><REACH who="1" step="1"/><E84/><REACH who="1" ten="246,240,267,237" step="2"/><V108/><F108/><W130/><G130/><T10/><D10/><U11/><E11/><V14/><F38/><W40/><G7/><T34/><D34/><U90/><AGARI ba="0,1" hai="8,13,16,20,21,23,41,44,49,77,78,90,95,98" machi="90" ten="30,7900,0" yaku="1,1,0,1,8,1,54,1,53,0" doraHai="69" doraHaiUra="81" who="1" fromWho="1" sc="246,-39,240,89,267,-20,237,-20" owari="207,-29.0,329,42.0,247,5.0,217,-18.0" /></mjloggm>