<mjloggm ver="2.3"><GO type="41"/><UN n0="%63%6C%75%6D%62%6C%65" n1="%62%75%63%6B%79" n2="%EF%BC%88%E2%89%A7%E2%96%BD%E2%89%A6%EF%BC%89" n3="%E3%82%B1%E3%83%B3%E3%82%B1%E3%83%B3%EF%BC%92%EF%BC%90%EF%BC%90%EF%BC%99" dan="14,14,16,15" rate="1858,1931,2031,1927" sx="M,M,M,M"/><TAIKYOKU oya="0"/><INIT seed="0,0,0,1,5,135" ten="250,250,250,250" oya="0" hai0="22,104,16,36,95,109,64,103,63,81,5,61,19" hai1="133,25,38,117,8,118,85,88,12,99,92,52,43" hai2="68,131,17,67,1,0,24,26,80,84,66,35,53" hai3="77,76,6,54,106,37,45,58,74,93,82,42,101"/><T56/><D36/><U71/><E71/><V115/><F115/><W7/><G106/><T107/><D109/><U114/><E38/><V59/><F131/><W21/><G76/><T96/><D19/><U44/><E43/><V32/><F68/><W15/><G101/><T10/><D81/><U60/><E133/><V27/><F17/><W94/><G7/><T9/><D63/><U116/><E25/><V47/><F47/><W112/><G21/><T73/><D73/><U46/><E114/><V51/><F0/><W69/><G69/><T2/><REACH who="0" step="1"/><D9/><REACH who="0" ten="240,250,250,250" step="2"/><U124/><E60/><V33/><F80/><W79/><G112/><T41/><D41/><U34/><E118/><V49/><F35/><W62/><REACH who="3" step="1"/><G79/><REACH who="3" ten="240,250,250,240" step="2"/><T113/><D113/><U122/><E117/><V70/><F33/><W3/><G3/><T14/><AGARI ba="0,2" hai="2,5,10,14,16,22,56,61,64,95,96,103,104,107" machi="14" ten="20,7800,0" yaku="1,1,0,1,7,1,54,1,53,0" doraHai="135" doraHaiUra="50" who="0" fromWho="0" sc="240,98,250,-26,250,-26,240,-26" /><INIT seed="0,1,0,1,5,102" ten="338,224,224,214" oya="0" hai0="116,133,33,85,69,65,11,75,23,83,1,61,127" hai1="73,108,60,98,100,122,27,117,53,0,21,63,59" hai2="62,90,109,107,121,49,10,111,124,105,29,56,66" hai3="9,131,30,134,64,5,50,132,40,55,104,51,79"/><T135/><D75/><U77/><E0/><V86/><F121/><W112/><G112/><T34/><D1/><U38/><E108/><N who="2" m="41547" /><F124/><W88/><G79/><T106/><D116/><U82/><E38/><V25/><F10/><W26/><G64/><T71/><D11/><U126/><E126/><V7/><F49/><W43/><G131/><T58/><D23/><U28/><E122/><V46/><F46/><W76/><G76/><N who="0" m="46311" /><D133/><N who="3" m="51305" /><G104/><N who="2" m="40009" /><F7/><W44/><G88/><T110/><D106/><U19/><E117/><V45/><F45/><W68/><G68/><N who="0" m="26187" /><D110/><U87/><E100/><V72/><F72/><W20/><G50/><T78/><D135/><U91/><E98/><V95/><F29/><W13/><AGARI ba="1,0" hai="5,9,13,20,26,30,40,43,44,51,55" m="51305" machi="13" ten="30,1100,0" yaku="20,1" doraHai="102" who="3" fromWho="3" sc="338,-6,224,-4,224,-4,214,14" /><INIT seed="1,0,0,0,5,7" ten="332,220,220,228" oya="1" hai0="111,112,43,130,10,129,120,20,32,56,133,80,6" hai1="16,12,99,93,0,104,127,9,85,47,126,42,109" hai2="101,91,17,102,86,77,74,34,58,30,64,95,76" hai3="78,116,19,39,94,23,134,81,79,106,72,50,55"/><U65/><E65/><V44/><F34/><W11/><G134/><T4/><D80/><U123/><E123/><V5/><F30/><W131/><G131/><T88/><D56/><U38/><E104/><V46/><F5/><W26/><G106/><T62/><D88/><U84/><E0/><V35/><F35/><W87/><G39/><T8/><D62/><U132/><E132/><V68/><F68/><W52/><G116/><T1/><D43/><U125/><REACH who="1" step="1"/><E109/><REACH who="1" ten="332,210,220,228" step="2"/><V75/><F64/><W54/><G72/><T60/><D133/><U70/><E70/><V73/><F75/><W51/><G94/><T107/><D111/><U122/><E122/><V36/><F73/><W45/><G78/><T110/><D107/><U53/><E53/><V89/><F74/><W3/><REACH who="3" step="1"/><G45/><REACH who="3" ten="332,210,220,218" step="2"/><T48/><D129/><U100/><AGARI ba="0,2" hai="9,12,16,38,42,47,84,85,93,99,100,125,126,127" machi="100" ten="30,12000,1" yaku="1,1,0,1,18,1,52,1,54,1,53,0" doraHai="7" doraHaiUra="27" who="1" fromWho="1" sc="332,-40,210,140,220,-40,218,-40" /><INIT seed="1,1,0,1,3,6" ten="292,350,180,178" oya="1" hai0="108,90,105,114,32,134,26,35,11,115,94,62,118" hai1="49,96,120,135,83,119,7,131,38,17,102,65,36" hai2="54,60,74,2,9,68,37,66,95,106,44,104,92" hai3="97,77,33,127,53,87,12,41,107,82,18,13,61"/><U14/><E119/><V111/><F74/><W42/><G33/><T121/><D118/><U31/><E120/><V3/><F111/><W57/><G13/><T21/><D121/><U69/><E7/><V27/><F27/><W10/><G127/><T39/><D105/><U52/><E31/><V5/><F2/><W79/><G107/><T63/><D39/><U64/><E131/><V117/><F117/><W1/><G97/><T103/><D103/><U112/><E112/><V34/><F34/><W4/><REACH who="3" step="1"/><G79/><REACH who="3" ten="292,350,180,168" step="2"/><T45/><D114/><U89/><E14/><V72/><F106/><W125/><G125/><T50/><D115/><U122/><E96/><V25/><F104/><W109/><G109/><T129/><D108/><U76/><E122/><V24/><F24/><W48/><G48/><T85/><D129/><U110/><E76/><V20/><F37/><W81/><G81/><T78/><D78/><U123/><E110/><V91/><F72/><W56/><G56/><T8/><D35/><U55/><E38/><V59/><F44/><W84/><G84/><T101/><D32/><U99/><E36/><V70/><F70/><W51/><G51/><T40/><D101/><U30/><E49/><V86/><F95/><W130/><G130/><T126/><D126/><U93/><E102/><V15/><F3/><W71/><G71/><T28/><D134/><U43/><E69/><V23/><REACH who="2" step="1"/><F25/><REACH who="2" ten="292,350,170,168" step="2"/><W46/><G46/><T47/><D47/><U128/><E123/><V0/><F0/><W58/><G58/><T75/><D75/><U67/><E128/><V73/><F73/><RYUUKYOKU ba="1,2" sc="292,10,350,-30,170,10,168,10" hai0="8,11,21,26,28,40,45,50,62,63,85,90,94" hai2="5,9,15,20,23,54,59,60,66,68,86,91,92" hai3="1,4,10,12,18,41,42,53,57,61,77,82,87" /><INIT seed="2,2,2,3,4,124" ten="302,320,180,178" oya="2" hai0="75,115,121,60,22,97,122,26,134,50,84,7,83" hai1="106,8,6,55,90,86,79,114,65,88,99,28,27" hai2="64,54,2,95,129,108,0,71,57,33,76,70,52" hai3="10,9,23,119,103,89,13,96,34,120,3,62,1"/><V109/><F33/><W73/><G119/><T113/><D75/><U135/><E65/><V92/><F76/><W18/><G120/><T112/><D134/><U105/><E114/><V58/><F64/><W25/><G73/><T118/><D118/><U4/><E79/><V72/><F72/><W48/><G89/><T12/><D97/><U32/><E99/><V116/><F116/><W104/><G62/><T16/><D60/><U87/><E135/><V81/><F81/><W126/><G126/><T59/><D59/><U43/><E43/><V53/><F53/><W131/><G34/><T21/><D7/><U133/><E133/><V20/><F20/><W11/><G131/><AGARI ba="2,2" hai="0,2,52,54,57,58,70,71,92,95,108,109,129,131" machi="131" ten="25,12000,1" yaku="22,2,52,2,54,1" doraHai="124" who="2" fromWho="3" sc="302,0,320,0,180,146,178,-126" /><INIT seed="2,3,0,5,4,55" ten="302,320,326,52" oya="2" hai0="22,131,13,61,14,46,77,6,106,41,112,64,104" hai1="3,27,2,91,42,57,99,67,63,78,85,118,72" hai2="0,49,110,88,120,105,114,48,56,5,16,89,113" hai3="8,52,4,90,45,62,108,19,128,95,35,33,44"/><V65/><F105/><W23/><G108/><T15/><D112/><U94/><E118/><V93/><F120/><W75/><G128/><T98/><D131/><U26/><E42/><V111/><F0/><W50/><G75/><T86/><D6/><U51/><E2/><V79/><F5/><W73/><G73/><T21/><D98/><U126/><E3/><V135/><F79/><W29/><G33/><T116/><D116/><U119/><E119/><V83/><F135/><W37/><G35/><T134/><D134/><U11/><E11/><V129/><F129/><W34/><G29/><T47/><D77/><U24/><E126/><V25/><F83/><W115/><G34/><T31/><D86/><U20/><E72/><V103/><F103/><W102/><G102/><T10/><D10/><U74/><E51/><N who="2" m="19531" /><F114/><W38/><G8/><T12/><D31/><N who="1" m="17799" /><E74/><V71/><F71/><W87/><G4/><T96/><D96/><U109/><E109/><N who="2" m="41483" /><F113/><W133/><G133/><T54/><N who="0" m="3584" /><DORA hai="9" /><T68/><D54/><U59/><E78/><V84/><F89/><W130/><G130/><T1/><D1/><U82/><E82/><V17/><F25/><W127/><G127/><T92/><D92/><U107/><E107/><V32/><F32/><W117/><G117/><T70/><D70/><U76/><E76/><V132/><F132/><W28/><G28/><T58/><D68/><U60/><E99/><V125/><F125/><W30/><G30/><T43/><D106/><U81/><E81/><V121/><F121/><W100/><G115/><T36/><D104/><U39/><E91/><RYUUKYOKU ba="3,0" sc="302,15,320,-15,326,15,52,-15" hai0="21,22,36,41,43,46,47,58,61,64" hai2="16,17,56,65,84,88,93" /><INIT seed="2,4,0,3,1,99" ten="317,305,341,37" oya="2" hai0="40,108,31,133,19,53,92,122,102,38,50,36,64" hai1="131,115,100,35,93,71,30,111,7,67,13,135,57" hai2="61,82,69,84,129,72,10,124,105,74,103,97,91" hai3="87,95,17,83,4,54,106,88,3,8,49,23,28"/><V90/><F124/><W126/><G106/><T89/><D122/><U119/><E71/><V79/><F129/><W85/><G126/><T75/><D133/><U60/><E119/><V58/><F69/><W123/><G123/><T128/><D128/><U16/><E131/><V48/><F48/><W98/><G28/><T68/><D75/><U121/><E115/><V37/><F37/><W11/><G11/><T134/><D108/><U29/><E135/><V114/><F114/><W94/><G54/><T109/><D134/><U59/><E121/><V113/><F113/><W0/><G49/><T33/><D109/><U65/><E111/><V96/><F10/><W15/><G94/><T127/><D36/><U62/><E7/><V81/><F96/><W21/><G85/><T12/><D38/><U26/><E30/><V9/><F9/><W14/><REACH who="3" step="1"/><G23/><REACH who="3" ten="317,305,341,27" step="2"/><T6/><D127/><U56/><E93/><V52/><F79/><AGARI ba="4,1" hai="0,3,4,8,14,15,17,21,79,83,87,88,95,98" machi="79" ten="30,7700,0" yaku="1,1,2,1,7,1,54,1,53,0" doraHai="99" doraHaiUra="43" who="3" fromWho="2" sc="317,0,305,0,341,-89,27,99" /><INIT seed="3,0,0,3,2,14" ten="317,305,252,126" oya="3" hai0="108,128,23,2,98,93,11,91,119,63,70,9,36" hai1="16,112,4,44,42,26,34,54,72,58,6,84,88" hai2="7,68,13,57,121,30,120,17,133,25,102,100,60" hai3="5,48,40,29,24,51,22,105,35,61,132,19,43"/><W67/><G105/><T131/><D119/><U62/><E72/><V15/><F68/><W12/><G132/><T81/><D108/><U126/><E34/><N who="2" m="20815" /><F133/><W115/><G115/><T134/><D36/><U73/><E73/><V103/><F7/><W18/><G5/><T125/><D134/><U20/><E112/><V99/><F99/><W101/><G101/><T111/><D111/><U10/><E126/><V109/><F109/><W82/><G82/><T64/><D125/><U59/><E59/><V106/><F106/><W87/><G87/><N who="0" m="50671" /><D23/><U37/><E10/><N who="2" m="6327" /><F15/><W118/><G118/><T49/><D2/><U89/><E89/><V127/><F103/><W104/><G104/><T66/><D49/><U83/><AGARI ba="0,0" hai="4,6,16,20,26,37,42,44,54,58,62,83,84,88" machi="83" ten="20,8000,1" yaku="0,1,7,1,52,1,54,2" doraHai="14" who="1" fromWho="1" sc="317,-20,305,80,252,-20,126,-40" /><INIT seed="4,0,0,2,3,130" ten="297,385,232,86" oya="0" hai0="90,118,6,47,100,36,76,107,46,70,15,75,73" hai1="48,69,122,60,113,0,67,42,20,102,95,93,51" hai2="55,7,2,77,98,129,66,79,114,120,112,35,33" hai3="86,91,97,101,37,126,132,40,116,111,84,5,9"/><T63/><D118/><U31/><E0/><V23/><F66/><W11/><G111/><T58/><D70/><U3/><E122/><V74/><F74/><W50/><G116/><T26/><D75/><U71/><E3/><V131/><F98/><W34/><G126/><T87/><D73/><U134/><E113/><N who="2" m="43627" /><F120/><W106/><G34/><N who="2" m="12809" /><F55/><W128/><G128/><N who="2" m="49225" /><F23/><W125/><G125/><T53/><D76/><N who="2" m="29258" /><F2/><W45/><G37/><T44/><D36/><U85/><E20/><V61/><F7/><W127/><G127/><T57/><D100/><U115/><E67/><V133/><F61/><W28/><G86/><T64/><D107/><U8/><E85/><V43/><F43/><W89/><G28/><T88/><D87/><U109/><E31/><V65/><F65/><W78/><G5/><T1/><D1/><U105/><E42/><V14/><F133/><W124/><G132/><T39/><D39/><U16/><E134/><V94/><F94/><W82/><G124/><T62/><D26/><U30/><E60/><V104/><F104/><W81/><G81/><T96/><D96/><U10/><E105/><V119/><F119/><W135/><G135/><T32/><D32/><U25/><E115/><V4/><F4/><W18/><G18/><T12/><D6/><U17/><E95/><V121/><F121/><W24/><G24/><T22/><D22/><U41/><E93/><V56/><F56/><W54/><G54/><T110/><D110/><U83/><E109/><V123/><F123/><W68/><G78/><T103/><D103/><U27/><E102/><V92/><F92/><RYUUKYOKU ba="0,0" sc="297,15,385,-15,232,15,86,-15" hai0="12,15,44,46,47,53,57,58,62,63,64,88,90" hai2="14" /><INIT seed="4,1,0,2,0,11" ten="312,370,247,71" oya="0" hai0="75,127,65,23,43,115,16,73,34,128,28,132,57" hai1="4,91,38,51,92,6,25,109,87,7,123,24,77" hai2="118,45,96,74,31,101,53,52,90,88,124,106,125" hai3="66,82,78,36,135,17,103,67,68,49,48,29,83"/><T108/><D34/><U99/><E38/><V120/><F120/><W32/><G135/><T110/><D28/><U79/><E123/><V80/><F118/><W117/><G117/><T9/><D132/><U20/><E109/><N who="0" m="42089" /><D128/><U0/><E0/><V56/><F31/><W46/><G83/><T14/><D127/><N who="2" m="48714" /><F45/><W26/><G103/><T35/><D115/><U37/><E37/><V1/><F1/><W129/><G129/><T50/><D35/><U18/><E25/><V111/><F111/><W61/><G67/><T63/><D50/><U102/><REACH who="1" step="1"/><E51/><REACH who="1" ten="312,360,247,71" step="2"/><N who="2" m="30751" /><F53/><W114/><G36/><T62/><D43/><U130/><E130/><V81/><F74/><N who="0" m="28170" /><D63/><U113/><E113/><V85/><F80/><AGARI ba="1,1" hai="4,6,7,18,20,24,77,79,80,87,91,92,99,102" machi="80" ten="40,5200,0" yaku="1,1,8,1,53,1" doraHai="11" doraHaiUra="15" who="1" fromWho="2" sc="312,0,360,65,247,-55,71,0" /><INIT seed="5,0,0,3,4,64" ten="312,425,192,71" oya="1" hai0="60,51,36,81,46,38,44,27,100,49,54,109,131" hai1="47,55,74,61,114,29,95,133,18,17,77,85,52" hai2="66,91,43,73,116,87,37,24,125,67,94,110,111" hai3="97,68,31,45,30,23,41,22,86,124,99,79,35"/><U3/><E3/><V71/><F73/><W128/><G124/><T129/><D27/><U132/><E74/><V1/><F1/><W5/><G128/><N who="0" m="49227" /><D100/><U26/><E114/><V40/><F125/><W25/><G5/><T32/><D81/><U93/><E47/><V119/><F24/><W126/><G126/><T108/><D32/><U82/><E95/><V59/><F94/><W84/><G35/><T80/><D60/><U127/><E127/><V14/><F14/><W101/><G79/><T12/><D80/><U112/><E112/><V76/><F76/><W39/><G68/><T65/><D12/><U113/><E113/><V62/><F91/><W92/><REACH who="3" step="1"/><G99/><REACH who="3" ten="312,425,192,61" step="2"/><T10/><D65/><U78/><E78/><V58/><F87/><W57/><G57/><N who="2" m="21513" /><F66/><W115/><G115/><T90/><D90/><U34/><E93/><V130/><F130/><W75/><G75/><T6/><D6/><U69/><E69/><V56/><F56/><W103/><G103/><T88/><D88/><U48/><E61/><V134/><F62/><W89/><G89/><T33/><D33/><U72/><E72/><V28/><F71/><W11/><G11/><T13/><D10/><U122/><E77/><V106/><F67/><W21/><G21/><T15/><D109/><U4/><E26/><AGARI ba="0,1" hai="22,23,25,26,30,31,39,41,45,84,86,92,97,101" machi="26" ten="40,2600,0" yaku="1,1,9,1,53,0" doraHai="64" doraHaiUra="118" who="3" fromWho="1" sc="312,0,425,-26,192,0,61,36" /><INIT seed="6,0,0,1,1,81" ten="312,399,192,97" oya="2" hai0="104,110,76,75,77,5,130,13,115,36,60,69,59" hai1="108,0,97,86,99,50,89,41,124,39,82,98,133" hai2="122,135,31,16,8,85,95,56,107,11,58,49,24" hai3="53,43,79,51,52,113,6,129,80,121,14,54,33"/><V118/><F107/><W74/><G33/><T21/><D110/><U18/><E0/><V64/><F118/><W88/><G121/><T44/><D115/><U22/><E39/><V131/><F122/><W1/><G129/><T91/><D130/><U127/><E108/><V32/><F131/><W128/><G128/><T47/><D104/><U68/><E68/><V4/><F135/><W3/><G113/><T37/><D69/><U117/><E117/><V27/><F64/><W96/><G43/><T28/><D75/><U100/><E133/><V61/><F61/><W93/><G6/><T48/><D28/><U9/><E9/><V12/><F49/><W112/><G112/><T38/><D21/><U109/><E109/><V29/><F95/><W134/><G14/><T84/><D13/><U42/><E100/><V30/><F85/><W116/><G116/><T63/><D5/><U17/><E17/><V46/><F46/><W57/><REACH who="3" step="1"/><G134/><REACH who="3" ten="312,399,192,87" step="2"/><T34/><D34/><U119/><E119/><V111/><F111/><W90/><G90/><T35/><D35/><U65/><E41/><V67/><F32/><W66/><G66/><T132/><D132/><U73/><E65/><V106/><F67/><W26/><G26/><T114/><D114/><U2/><E2/><AGARI ba="0,1" hai="1,2,3,51,52,53,54,57,74,79,80,88,93,96" machi="2" ten="40,5200,0" yaku="1,1,54,2,53,0" doraHai="81" doraHaiUra="10" who="3" fromWho="1" sc="312,0,399,-52,192,0,87,62" /><INIT seed="7,0,0,4,0,110" ten="312,347,192,149" oya="3" hai0="36,12,122,34,73,41,134,24,57,18,19,13,60" hai1="98,117,84,51,70,37,85,105,129,68,107,135,28" hai2="125,45,21,48,58,31,91,116,44,109,132,40,47" hai3="63,83,101,92,96,99,23,26,128,120,61,102,3"/><W4/><G120/><T66/><D73/><U127/><E37/><V67/><F109/><W25/><G128/><T113/><D122/><U86/><E117/><V27/><F116/><W97/><G83/><T7/><D134/><U0/><E0/><V22/><F125/><W103/><G3/><T29/><D41/><U17/><E129/><V11/><F132/><W74/><G74/><T119/><D36/><U56/><E28/><V106/><F106/><W78/><G78/><T5/><D66/><U62/><E135/><V35/><F11/><W126/><G4/><N who="0" m="1611" /><D60/><N who="3" m="23113" /><G126/><T46/><D57/><U95/><E51/><N who="2" m="27015" /><F35/><W33/><G33/><T39/><D46/><N who="2" m="17418" /><F67/><W118/><G118/><T72/><D119/><U54/><E127/><V10/><F10/><W87/><G23/><N who="0" m="11719" /><D39/><U108/><E108/><V93/><F21/><W76/><G76/><T42/><D72/><U32/><E32/><V2/><F2/><W69/><G69/><T112/><D42/><U90/><E70/><V6/><F6/><W53/><G53/><T133/><D133/><U100/><E68/><V15/><F15/><W94/><G87/><T1/><D1/><U16/><REACH who="1" step="1"/><E105/><REACH who="1" ten="312,337,192,149" step="2"/><V14/><F48/><W77/><G77/><T79/><D79/><U115/><E115/><V55/><F31/><W111/><G111/><T38/><D38/><U124/><E124/><V8/><F58/><W88/><G88/><T121/><D121/><U131/><E131/><V64/><F91/><W123/><G123/><T49/><D49/><U30/><E30/><V130/><F64/><W65/><G65/><T104/><D104/><AGARI ba="0,1" hai="25,26,92,94,96,97,99,101,102,103,104" m="23113" machi="104" ten="30,1500,0" yaku="6,1" doraHai="110" who="3" fromWho="0" sc="312,-15,337,0,192,0,149,25" /><INIT seed="7,1,0,2,3,98" ten="297,337,192,174" oya="3" hai0="55,19,125,117,52,97,23,64,33,32,88,118,95" hai1="40,86,7,103,132,53,41,111,127,102,34,47,6" hai2="25,28,131,100,135,3,31,11,36,69,67,113,37" hai3="121,84,1,29,9,73,16,13,114,123,2,66,45"/><W71/><G114/><T106/><D125/><U119/><E111/><V50/><F113/><W46/><G73/><T116/><D106/><U57/><E34/><N who="2" m="20751" /><F50/><W51/><G45/><T87/><D64/><U112/><E112/><V126/><F126/><W83/><G29/><T20/><D20/><U75/><E75/><V62/><F131/><W35/><G35/><T58/><D55/><U21/><E127/><V109/><F109/><W56/><G56/><T54/><D54/><U78/><E47/><V122/><F122/><W63/><G121/><T105/><D105/><U22/><E119/><V0/><F135/><W24/><G24/><T39/><D39/><N who="2" m="14922" /><F11/><W134/><G134/><T94/><D97/><U59/><E53/><V130/><F130/><W115/><G115/><T70/><D95/><U42/><E86/><V108/><F108/><W76/><REACH who="3" step="1"/><G123/><REACH who="3" ten="297,337,192,164" step="2"/><T101/><D70/><U72/><E132/><V82/><F31/><W81/><G81/><T5/><D5/><U14/><E59/><V99/><F82/><W61/><G61/><T27/><REACH who="0" step="1"/><D101/><REACH who="0" ten="287,337,192,164" step="2"/><U10/><E6/><V80/><F80/><W49/><G49/><AGARI ba="1,2" hai="19,23,27,32,33,49,52,58,87,88,94,116,117,118" machi="49" ten="40,8000,1" yaku="1,1,2,1,54,2,53,0" doraHai="98" doraHaiUra="128" who="0" fromWho="3" sc="287,103,337,0,192,0,164,-83" owari="390,49.0,337,14.0,192,-21.0,81,-42.0" /></mjloggm>