<mjloggm ver="2.3"><GO type="43"/><UN n0="%E3%83%95%E3%82%A1%E3%83%A0%E3%83%A9%E3%83%B3" n1="%48%4D" n2="%E6%88%91%E8%BC%A9%E3%81%AF%E3%82%AB%E3%83%A2%E3%81%A7%E3%81%82%E3%82%8B" n3="%EF%BC%88%E2%89%A7%E2%96%BD%E2%89%A6%EF%BC%89" dan="14,13,14,15" rate="1873,1807,1907,2003" sx="M,M,M,M"/><TAIKYOKU oya="0"/><INIT seed="0,0,0,5,2,135" ten="250,250,250,250" oya="0" hai0="25,61,109,107,103,37,10,111,70,89,5,108,6" hai1="134,102,47,63,36,56,118,120,12,124,72,62,106" hai2="127,13,132,99,96,8,113,85,80,39,125,49,31" hai3="83,131,0,100,26,95,86,53,77,82,71,74,114"/><T97/><D37/><U11/><E120/><V35/><F39/><W119/><G0/><T18/><D89/><U4/><E118/><V78/><F113/><W59/><G71/><T98/><D97/><U41/><E134/><V16/><F132/><W60/><G119/><T1/><D18/><U55/><E72/><V45/><F31/><W88/><G114/><T110/><D6/><U101/><E106/><V48/><F48/><W79/><G131/><T84/><D84/><U22/><E124/><N who="2" m="47691" /><F35/><W46/><G26/><T2/><D25/><U122/><E122/><V112/><F112/><W32/><G32/><T90/><D90/><U126/><E126/><V30/><F30/><W75/><REACH who="3" step="1"/><G46/><REACH who="3" ten="250,250,250,240" step="2"/><T91/><D111/><U133/><E133/><V81/><F81/><W28/><G28/><T34/><D34/><U9/><E9/><V92/><F92/><W7/><G7/><T42/><D2/><U21/><E21/><V105/><F105/><W51/><G51/><T94/><D107/><U117/><E117/><V69/><F69/><W93/><G93/><T17/><D94/><U123/><E123/><V130/><F130/><W73/><G73/><T104/><D70/><U40/><E40/><AGARI ba="0,1" hai="8,13,16,40,45,49,78,80,85,96,99" m="47691" machi="40" ten="30,7700,0" yaku="18,1,52,3" doraHai="135" who="2" fromWho="1" sc="250,0,250,-77,250,87,240,0" /><INIT seed="1,0,0,4,1,111" ten="250,173,337,240" oya="1" hai0="132,17,44,117,84,110,95,45,33,134,80,8,34" hai1="81,76,28,116,43,68,113,60,107,23,100,18,37" hai2="126,93,135,65,24,106,89,124,31,5,69,130,131" hai3="83,94,56,49,27,64,52,87,2,36,119,114,75"/><U91/><E113/><V20/><F106/><W12/><G2/><T30/><D110/><U11/><E116/><V41/><F41/><W47/><G119/><T115/><D117/><U71/><E107/><V105/><F105/><W29/><G75/><T66/><D66/><U128/><E100/><V7/><F65/><W118/><G118/><T70/><D70/><U86/><E128/><N who="2" m="49195" /><F69/><W101/><G12/><T90/><D115/><U102/><E102/><V19/><F93/><W67/><G114/><T15/><D30/><U42/><E28/><V1/><F89/><W73/><G36/><T123/><D123/><U14/><E37/><V48/><F48/><W85/><G73/><T53/><D95/><U133/><E133/><V92/><F92/><W38/><G38/><T10/><D8/><U82/><E11/><N who="2" m="2479" /><F7/><W103/><G87/><T79/><D79/><U127/><E127/><N who="2" m="48683" /><F31/><W51/><G94/><T6/><D6/><U35/><E35/><N who="0" m="13321" /><D44/><U32/><E32/><V39/><F39/><W16/><G29/><T78/><D78/><U125/><E125/><V59/><F59/><W97/><G101/><T21/><D45/><U99/><E99/><V63/><F63/><W96/><G103/><T122/><D53/><U58/><E71/><V46/><F46/><W61/><G51/><T40/><D40/><N who="1" m="15403" /><E68/><V112/><F112/><W55/><G52/><T22/><D132/><AGARI ba="0,0" hai="19,20,24,132,135" m="48683,2479,49195" machi="132" ten="40,12000,2" yaku="30,2,19,1,18,1,34,2" doraHai="111" who="2" fromWho="0" sc="250,-120,173,0,337,120,240,0" /><INIT seed="2,0,0,4,1,113" ten="130,173,457,240" oya="2" hai0="77,112,57,90,16,22,134,50,101,86,53,114,82" hai1="69,58,63,49,120,25,55,20,70,95,60,109,62" hai2="15,99,126,125,59,1,129,39,103,0,27,56,7" hai3="127,75,128,102,83,52,5,106,133,23,10,6,4"/><V36/><F27/><W72/><G133/><T124/><D134/><U28/><E109/><V108/><F15/><W135/><G135/><T24/><D124/><N who="2" m="47722" /><F108/><W21/><G128/><T88/><D90/><U92/><E70/><V67/><F67/><W33/><G33/><T47/><D101/><U73/><E73/><V68/><F68/><W66/><G127/><T34/><D34/><U97/><E120/><V42/><F42/><W45/><G66/><T89/><D88/><U104/><E104/><V44/><F44/><W118/><G118/><T122/><D122/><U110/><E110/><V41/><F41/><W78/><G72/><T100/><D100/><U54/><E69/><V98/><F103/><W43/><G52/><T71/><D71/><U123/><E123/><V32/><F32/><W116/><G10/><T91/><D89/><N who="1" m="55439" /><E95/><V132/><F7/><W11/><G4/><T51/><REACH who="0" step="1"/><D91/><REACH who="0" ten="120,173,457,240" step="2"/><U8/><E8/><V29/><F132/><W81/><G11/><T131/><D131/><U13/><E13/><V46/><F129/><W12/><G12/><T121/><D121/><U130/><E130/><V64/><F1/><W74/><G102/><T87/><D87/><U3/><E3/><V18/><F0/><W30/><G75/><T80/><D80/><U119/><E119/><V40/><F99/><W14/><G81/><T26/><D26/><U2/><E2/><V37/><F98/><W76/><G83/><T93/><D93/><U117/><E117/><V48/><F64/><W35/><G116/><T79/><D79/><U85/><E85/><V9/><F9/><RYUUKYOKU ba="0,1" sc="120,15,173,15,457,-15,240,-15" hai0="16,22,24,47,50,51,53,57,77,82,86,112,114" hai1="20,25,28,49,54,55,58,60,62,63" /><INIT seed="3,1,1,3,2,60" ten="135,188,442,225" oya="3" hai0="9,113,42,26,22,73,75,12,68,8,79,37,91" hai1="31,81,45,78,70,97,124,74,118,63,120,99,80" hai2="108,71,90,17,135,114,15,93,88,122,0,52,7" hai3="21,43,82,24,94,115,133,54,87,6,2,72,61"/><W36/><G115/><T85/><D113/><U55/><E120/><V3/><F114/><W65/><G133/><T86/><D68/><U104/><E118/><V119/><F71/><W112/><G112/><T47/><D85/><U107/><E124/><V46/><F7/><W23/><G72/><T84/><D86/><U83/><E78/><V77/><F77/><W35/><G35/><T62/><D62/><U57/><E74/><V41/><F52/><W109/><G109/><T117/><D117/><U34/><E34/><V4/><F90/><W5/><G54/><T131/><D131/><U29/><E107/><V95/><F93/><W30/><G94/><T129/><D129/><U10/><E10/><V132/><F4/><W130/><G130/><T89/><D75/><U134/><E104/><V28/><F28/><W66/><G21/><T67/><D73/><U40/><E70/><V105/><F105/><W69/><G66/><T56/><D9/><U44/><E134/><N who="2" m="51243" /><F108/><W127/><G127/><T92/><D79/><U59/><E40/><V98/><F122/><W96/><G96/><N who="1" m="36938" /><E59/><V20/><F119/><W116/><G116/><T126/><D56/><U49/><E49/><AGARI ba="1,1" hai="0,3,15,17,20,41,46,49,88,95,98" m="51243" machi="49" ten="30,1000,0" yaku="20,1" doraHai="60" who="2" fromWho="1" sc="135,0,188,-13,442,23,225,0" /><INIT seed="4,0,0,0,4,76" ten="135,175,465,225" oya="0" hai0="93,116,110,131,127,96,26,6,59,123,28,51,94" hai1="114,20,70,48,113,112,57,45,10,92,47,71,79" hai2="16,36,117,111,90,100,23,49,38,34,46,101,2" hai3="15,124,95,53,107,115,104,82,52,122,0,88,80"/><T98/><D123/><U102/><E10/><V22/><F34/><W25/><G0/><T99/><D116/><U126/><E79/><V33/><F33/><W43/><G122/><T89/><D6/><U12/><E12/><V108/><F2/><W50/><G115/><T130/><D110/><U63/><E20/><V5/><F5/><W133/><G133/><T21/><D127/><U121/><E92/><V118/><F90/><W7/><G124/><T109/><D109/><U35/><E102/><V134/><F49/><W78/><G78/><T17/><D28/><U69/><E35/><V105/><F16/><W24/><G107/><T39/><D39/><U77/><E77/><V129/><F46/><N who="3" m="25951" /><G104/><T97/><D94/><U74/><E74/><V125/><F105/><W87/><G7/><T83/><D83/><N who="3" m="31785" /><G15/><T40/><REACH who="0" step="1"/><D59/><REACH who="0" ten="125,175,465,225" step="2"/><U31/><E31/><V27/><F125/><W1/><G1/><T3/><D3/><U119/><E126/><V85/><F117/><W14/><G14/><T32/><D32/><U106/><E106/><V120/><F118/><W9/><G9/><T81/><D81/><U44/><E121/><V73/><F120/><W11/><G11/><T18/><D18/><U62/><E119/><V41/><F111/><W37/><G37/><T103/><D103/><U42/><REACH who="1" step="1"/><E63/><REACH who="1" ten="125,165,465,225" step="2"/><V29/><F108/><W58/><G24/><T67/><D67/><AGARI ba="0,2" hai="42,44,45,47,48,57,62,67,69,70,71,112,113,114" machi="67" ten="50,16000,3" yaku="1,1,2,1,15,1,11,1,34,3,53,1" doraHai="76" doraHaiUra="60" who="1" fromWho="0" sc="125,-160,165,180,465,0,225,0" owari="-35,-54.0,345,15.0,465,56.0,225,-17.0" /></mjloggm>