<mjloggm ver="2.3"><GO type="169" lobby="0"/><UN n0="%6E%69%6A%69" n1="%E3%81%91%E3%82%93%31%39%37%30" n2="%EF%BC%88%E2%89%A7%E2%96%BD%E2%89%A6%EF%BC%89" n3="%E3%82%84%E3%82%80%E3%81%A1%E3%82%83%EF%BD%99%EF%BD%90" dan="16,16,19,16" rate="2065.09,2088.60,2232.62,2057.79" sx="M,M,M,M"/><TAIKYOKU oya="0"/><INIT seed="0,0,0,0,0,12" ten="250,250,250,250" oya="0" hai0="107,106,88,37,49,65,71,73,93,83,132,22,108" hai1="117,64,95,45,26,54,24,60,109,101,111,122,52" hai2="39,62,2,47,131,23,118,134,115,104,27,48,15" hai3="55,66,100,86,126,120,17,41,130,14,7,61,16"/><T75/><D37/><U84/><E122/><V92/><F2/><W116/><G116/><T78/><D132/><U77/><E117/><V113/><F104/><W30/><G41/><T29/><D73/><U72/><E72/><V34/><F118/><W128/><G30/><T56/><D71/><U79/><E45/><V5/><F39/><W105/><G120/><T81/><D81/><U119/><E119/><V51/><F134/><W10/><G126/><T57/><D57/><U8/><E8/><V125/><F34/><W89/><G55/><T80/><D80/><U68/><E101/><V53/><F125/><W3/><G3/><T90/><D90/><U44/><E95/><V87/><F131/><N who="3" m="50219" /><G105/><T114/><D114/><U32/><E26/><V18/><F62/><W112/><G100/><T70/><D70/><U135/><E44/><V31/><F5/><W85/><G112/><T33/><D33/><U11/><E11/><V91/><F51/><W0/><G0/><T121/><D121/><U110/><E135/><V46/><F46/><W9/><G9/><T59/><D59/><U28/><E84/><N who="3" m="32362" /><G89/><T1/><D1/><U13/><REACH who="1" step="1"/><E13/><REACH who="1" ten="250,240,250,250" step="2"/><V97/><F87/><W63/><G66/><T94/><D106/><U74/><E74/><V124/><F124/><W69/><G69/><T25/><D107/><U19/><E19/><AGARI ba="0,1" hai="7,10,14,16,17,19,61,63" m="32362,50219" machi="19" ten="30,8000,1" yaku="19,1,52,3,54,1" doraHai="12" who="3" fromWho="1" sc="250,0,240,-80,250,0,250,90" /><INIT seed="1,0,0,2,2,116" ten="250,160,250,340" oya="1" hai0="8,92,54,122,91,128,11,56,129,73,32,28,61" hai1="86,5,103,48,44,98,131,105,78,24,115,49,93" hai2="132,96,100,63,107,62,22,89,108,16,13,94,127" hai3="90,35,83,110,45,14,118,97,68,39,114,29,84"/><U17/><E115/><V76/><F127/><W27/><G114/><T81/><D28/><U60/><E131/><N who="0" m="50249" /><D32/><U30/><E5/><V1/><F108/><W70/><G110/><T113/><D113/><U124/><E124/><V47/><F132/><W123/><G118/><T40/><D40/><U80/><E17/><V41/><F76/><W75/><G14/><T82/><D122/><U120/><E120/><V77/><F77/><W23/><G123/><T133/><D133/><U43/><E60/><V20/><F20/><W109/><G35/><T6/><D6/><U53/><E105/><V57/><F57/><W33/><G33/><T18/><D73/><U26/><REACH who="1" step="1"/><E30/><REACH who="1" ten="250,150,250,340" step="2"/><V104/><F104/><W95/><G109/><T102/><D18/><U65/><E65/><V119/><F119/><W130/><G130/><T99/><D56/><AGARI ba="0,1" hai="24,26,43,44,48,49,53,56,78,80,86,93,98,103" machi="56" ten="30,5800,0" yaku="1,1,7,1,8,1,53,0" doraHai="116" doraHaiUra="106" who="1" fromWho="0" sc="250,-58,150,68,250,0,340,0" /><INIT seed="1,1,0,2,0,114" ten="192,218,250,340" oya="1" hai0="129,132,23,104,65,12,103,74,16,4,95,87,106" hai1="5,85,13,84,57,61,44,47,60,77,134,131,25" hai2="86,19,55,126,22,36,62,6,115,31,112,34,122" hai3="68,45,1,40,100,66,10,71,69,73,113,33,56"/><U50/><E131/><V124/><F36/><W29/><G113/><N who="2" m="43593" /><F86/><W128/><G128/><T91/><D74/><U108/><E134/><V123/><F62/><W92/><G73/><T81/><D129/><U76/><E25/><N who="2" m="18799" /><F6/><W35/><G29/><T79/><D132/><U127/><E127/><N who="2" m="48683" /><F55/><W96/><G66/><T59/><D4/><U63/><E57/><V7/><F7/><W130/><G56/><T9/><D103/><U15/><E5/><V105/><F105/><W41/><G68/><T94/><D94/><U117/><E63/><V98/><F98/><W78/><G96/><T109/><D104/><U88/><E50/><V49/><F49/><W70/><G71/><T54/><D106/><U72/><E72/><V39/><F39/><W119/><G130/><T20/><D65/><U38/><E38/><V43/><F43/><W0/><G45/><T135/><D135/><U3/><E3/><V64/><F64/><W67/><G67/><T53/><D53/><U116/><E88/><V27/><AGARI ba="1,0" hai="19,22,27,122,123" m="48683,18799,43593" machi="27" ten="30,7900,0" yaku="11,1,18,1,34,2" doraHai="114" who="2" fromWho="2" sc="192,-21,218,-40,250,82,340,-21" /><INIT seed="2,0,0,4,3,112" ten="171,178,332,319" oya="2" hai0="79,53,50,89,55,67,82,65,134,75,4,57,59" hai1="97,131,47,123,111,128,14,85,38,120,27,106,1" hai2="25,11,54,124,18,56,110,41,126,42,19,80,49" hai3="26,21,0,103,105,44,101,12,133,135,96,17,37"/><V119/><F110/><W6/><G101/><T71/><D134/><N who="3" m="51209" /><G0/><T77/><D71/><U10/><E1/><V113/><F113/><W117/><G117/><T35/><D35/><U2/><E2/><V45/><F119/><W99/><G99/><T33/><D33/><U130/><E111/><V94/><F94/><W69/><G69/><T122/><D122/><U5/><E27/><V8/><F80/><W23/><G6/><T86/><D4/><U51/><E38/><V100/><F100/><W16/><G44/><T3/><D3/><U22/><E22/><N who="2" m="13527" /><F41/><W34/><G34/><T104/><D104/><U73/><E73/><V121/><F19/><W88/><G88/><T78/><REACH who="0" step="1"/><D75/><REACH who="0" ten="161,178,332,319" step="2"/><U129/><E129/><V83/><F121/><W87/><G105/><T68/><D68/><U48/><E123/><V81/><F124/><W31/><G37/><T36/><D36/><U127/><E120/><V92/><F126/><W43/><G43/><T40/><D40/><U63/><E127/><V13/><F42/><W24/><G31/><T9/><D9/><U118/><E131/><V15/><F8/><W58/><G17/><T7/><D7/><U29/><E5/><V64/><F11/><W107/><G23/><T84/><D84/><U74/><E85/><V32/><F32/><W66/><G87/><T95/><D95/><U90/><E74/><V76/><F92/><W91/><G21/><T108/><D108/><U62/><E106/><V52/><F81/><W46/><G107/><T132/><D132/><U61/><E130/><V125/><F125/><W109/><G109/><RYUUKYOKU ba="0,1" sc="161,30,178,-10,332,-10,319,-10" hai0="50,53,55,57,59,65,67,77,78,79,82,86,89" /><INIT seed="3,1,1,2,0,70" ten="191,168,322,309" oya="3" hai0="90,128,20,92,118,69,80,54,24,41,58,64,22" hai1="114,129,130,59,127,52,32,7,116,1,120,46,86" hai2="93,110,2,105,117,13,87,71,49,123,103,11,75" hai3="107,3,106,111,108,122,50,134,8,74,97,99,66"/><W124/><G74/><T77/><D118/><U119/><E32/><V56/><F117/><N who="1" m="45129" /><E7/><V21/><F71/><W89/><G122/><T121/><D121/><U62/><E120/><V72/><F123/><W100/><G134/><T30/><D41/><U126/><E1/><V95/><F105/><W85/><G124/><N who="1" m="47658" /><E86/><V81/><F87/><W37/><G66/><T53/><D69/><U33/><E33/><V57/><F2/><W19/><G50/><T83/><D128/><N who="1" m="49259" /><E46/><V16/><F75/><W78/><G78/><T125/><D125/><U109/><E109/><N who="3" m="42058" /><G3/><T113/><D20/><U79/><E79/><V76/><F76/><W42/><G8/><T45/><D45/><U23/><E23/><V48/><F11/><W31/><G31/><T102/><D77/><U28/><E28/><V60/><F72/><W27/><G97/><T0/><D0/><U44/><E44/><V18/><F110/><W38/><G42/><T5/><D5/><U55/><E114/><V65/><F18/><W34/><G107/><T135/><D113/><U14/><E14/><V133/><F13/><W94/><G34/><T88/><D30/><U131/><N who="1" m="49267" /><U68/><DORA hai="63" /><E68/><V51/><F21/><AGARI ba="1,1" hai="19,21,27,37,38,85,89,94,99,100,106" m="42058" machi="21" ten="30,11600,0" yaku="14,1,10,1,52,2" doraHai="70,63" who="3" fromWho="2" sc="191,0,168,0,322,-119,309,129" /><INIT seed="3,2,0,3,0,28" ten="191,168,203,438" oya="3" hai0="103,94,128,3,6,115,44,122,121,98,75,65,135" hai1="81,66,58,45,19,119,9,37,88,89,95,40,107" hai2="31,133,86,57,127,53,32,74,93,8,69,18,92" hai3="38,72,55,4,125,87,116,131,84,22,60,109,36"/><W77/><G116/><T24/><D75/><U42/><E107/><V114/><F74/><W29/><G4/><T91/><D115/><U27/><E119/><V132/><F69/><W111/><G72/><T104/><D128/><U20/><E42/><V101/><F114/><W106/><G106/><T51/><D135/><N who="2" m="51786" /><F127/><W46/><G125/><T7/><D65/><U26/><E81/><V33/><F31/><W43/><G131/><T54/><D24/><U12/><E27/><V16/><F86/><W120/><G38/><T34/><D34/><N who="2" m="13418" /><F8/><W49/><G60/><T112/><D112/><U99/><E66/><V35/><N who="2" m="13426" /><V130/><DORA hai="21" /><F130/><W17/><G29/><T0/><D0/><U11/><E11/><V30/><F30/><W10/><G10/><T68/><D68/><U73/><E73/><V71/><F71/><W126/><G126/><T61/><D3/><U90/><E58/><V1/><F1/><W25/><G87/><T39/><D98/><U59/><REACH who="1" step="1"/><E59/><REACH who="1" ten="191,158,203,438" step="2"/><V48/><F93/><W123/><G25/><T23/><D94/><U118/><E118/><V76/><F76/><W100/><G77/><T13/><D104/><U41/><E41/><V78/><F78/><W113/><G43/><T56/><D56/><U64/><E64/><V110/><F110/><W80/><G111/><T83/><D83/><U62/><E62/><V2/><F2/><W79/><G109/><T15/><D61/><U5/><AGARI ba="2,1" hai="5,9,12,19,20,26,37,40,45,88,89,90,95,99" machi="5" ten="20,16000,3" yaku="1,1,0,1,7,1,52,1,54,1,53,3" doraHai="28,21" doraHaiUra="85,52" who="1" fromWho="1" sc="191,-42,158,176,203,-42,438,-82" /><INIT seed="4,0,0,4,4,51" ten="149,334,161,356" oya="0" hai0="36,24,127,18,25,27,105,82,13,7,30,23,35" hai1="109,112,34,12,130,62,16,58,84,99,78,104,85" hai2="3,128,117,81,55,48,57,102,63,113,121,5,31" hai3="116,111,42,101,54,76,21,2,79,120,17,93,97"/><T129/><D36/><U77/><E34/><V103/><F121/><W133/><G116/><T22/><D105/><U41/><E109/><V91/><F117/><W88/><G111/><T95/><D82/><U72/><E41/><V50/><F113/><W96/><G2/><T11/><D95/><U108/><E108/><V74/><F128/><W132/><G42/><T110/><D110/><U89/><E130/><V118/><F118/><W80/><G80/><T64/><D64/><U68/><E68/><V83/><F31/><W134/><G120/><T107/><D107/><U106/><E72/><V28/><F28/><W131/><G131/><T33/><D129/><U9/><E85/><N who="2" m="50607" /><F3/><W125/><G125/><T66/><D66/><U61/><E106/><V59/><F5/><W52/><G96/><T14/><D127/><U49/><E112/><V60/><F83/><W115/><G101/><N who="2" m="38409" /><F74/><W37/><G37/><T0/><D0/><U45/><E99/><V39/><F39/><W90/><G90/><T75/><D75/><U119/><E104/><V6/><F6/><W124/><G124/><T73/><D73/><U123/><E123/><V19/><F19/><W94/><G94/><T15/><D15/><U70/><E70/><V26/><F26/><AGARI ba="0,0" hai="7,11,13,14,18,22,23,24,25,26,27,30,33,35" machi="26" ten="40,18000,2" yaku="35,6" doraHai="51" who="0" fromWho="2" sc="149,180,334,0,161,-180,356,0" owari="329,-7.0,334,13.0,-19,-52.0,356,46.0" /></mjloggm>