<mjloggm ver="2.3"><GO type="169" lobby="0"/><UN n0="%E5%B0%91%E5%B9%B4%E7%AA%81%E6%92%83%E5%9B%A3" n1="%EF%BC%88%E2%89%A7%E2%96%BD%E2%89%A6%EF%BC%89" n2="%E3%82%80%E3%83%BC%E3%82%80" n3="%E8%B6%85%E3%83%92%E3%83%A2%E3%83%AA%E3%83%AD" dan="16,17,16,16" rate="2037,2126,2087,2067" sx="M,M,M,F"/><TAIKYOKU oya="0"/><INIT seed="0,0,0,2,1,112" ten="250,250,250,250" oya="0" hai0="79,93,6,16,49,97,13,115,41,47,77,33,102" hai1="86,18,17,99,120,56,21,4,5,98,90,92,30" hai2="10,52,29,3,129,82,69,68,95,2,32,24,8" hai3="22,39,104,135,15,64,125,14,40,57,81,126,105"/><T1/><D115/><U108/><E120/><V134/><F134/><W117/><G135/><T87/><D33/><U34/><E108/><V55/><F129/><W60/><G81/><T67/><D67/><U25/><E56/><V100/><F82/><W85/><G85/><T84/><D1/><U91/><E99/><V45/><F3/><W103/><G40/><T94/><D6/><U53/><E53/><V109/><F109/><W11/><G22/><N who="0" m="11535" /><D93/><U27/><REACH who="1" step="1"/><E18/><REACH who="1" ten="250,240,250,250" step="2"/><V122/><F55/><W127/><G127/><T119/><D97/><U128/><E128/><V26/><F52/><W107/><G125/><T101/><D41/><U61/><E61/><V9/><F122/><W106/><G126/><T7/><D47/><U37/><E37/><V121/><F45/><W43/><G39/><T46/><D46/><U116/><E116/><V75/><F121/><W131/><G43/><T59/><D119/><U50/><E50/><V73/><F69/><W71/><G117/><T114/><D49/><U89/><E89/><V130/><F68/><W88/><G131/><T65/><D114/><U31/><E31/><V36/><F36/><W62/><G88/><N who="0" m="53511" /><D59/><U54/><E54/><V38/><F38/><W132/><G71/><T133/><D133/><U111/><E111/><V35/><F130/><W118/><G132/><T66/><D66/><U20/><E20/><V58/><F58/><W44/><G118/><T72/><D65/><U48/><E48/><V12/><F35/><W51/><G62/><T19/><D19/><U76/><E76/><V78/><F78/><W123/><G123/><RYUUKYOKU ba="0,1" sc="250,-10,240,30,250,-10,250,-10" hai1="4,5,17,21,25,27,30,34,86,90,91,92,98" /><INIT seed="1,1,1,5,1,27" ten="240,270,240,240" oya="1" hai0="133,113,93,50,0,73,46,6,38,80,87,115,45" hai1="13,103,101,64,37,122,126,77,21,76,55,85,82" hai2="124,128,90,41,74,29,61,18,114,109,92,106,131" hai3="127,117,51,118,119,129,94,7,83,22,9,104,86"/><U53/><E37/><V25/><F106/><W39/><G39/><T79/><D133/><U40/><E122/><V100/><F114/><W20/><G104/><T43/><D93/><U121/><E121/><V102/><F109/><W35/><G35/><T52/><REACH who="0" step="1"/><D87/><REACH who="0" ten="230,270,240,240" step="2"/><U24/><E126/><V105/><F105/><W134/><G127/><T110/><D110/><U63/><E85/><V116/><F92/><W107/><G107/><T108/><D108/><U78/><E82/><V123/><F123/><W81/><G134/><T68/><D68/><U120/><E120/><V60/><F124/><W54/><G94/><T31/><D31/><N who="1" m="17807" /><E103/><V17/><F102/><W42/><G117/><T47/><D47/><U125/><E101/><V130/><F100/><W2/><G119/><T56/><D56/><N who="1" m="36967" /><E125/><V67/><F116/><W16/><G118/><T132/><D132/><U4/><E40/><V48/><F41/><W96/><G42/><T23/><D23/><U8/><AGARI ba="1,2" hai="4,8,13,53,55,76,77,78" m="36967,17807" machi="8" ten="30,3000,0" yaku="8,1,52,1" doraHai="27" who="1" fromWho="1" sc="230,-11,270,53,240,-11,240,-11" /><INIT seed="1,2,0,3,3,16" ten="219,323,229,229" oya="1" hai0="81,22,93,45,96,36,68,20,32,91,17,18,72" hai1="48,97,51,125,8,21,113,62,114,115,30,5,33" hai2="122,59,85,110,60,79,86,111,1,64,7,57,61" hai3="119,49,63,53,95,107,74,14,101,88,50,41,65"/><U58/><E125/><V87/><F122/><W83/><G119/><T46/><D68/><U123/><E33/><V70/><F79/><W98/><G41/><T10/><D32/><U118/><E118/><V42/><F42/><W130/><G130/><T19/><D10/><U67/><E123/><V4/><F70/><W128/><G128/><T131/><D131/><U104/><E104/><V133/><F133/><W102/><G14/><T9/><D9/><U3/><REACH who="1" step="1"/><E97/><REACH who="1" ten="219,313,229,229" step="2"/><V89/><F111/><W24/><G107/><T92/><D36/><U78/><E78/><V106/><F110/><W124/><G124/><T38/><D38/><U132/><E132/><V127/><F106/><W11/><G98/><N who="0" m="57631" /><D72/><U100/><E100/><V13/><F127/><W134/><G102/><N who="0" m="60687" /><D81/><U54/><E54/><V105/><F105/><W23/><G53/><T116/><D116/><U43/><E43/><V120/><F120/><W6/><G134/><T35/><D35/><U12/><E12/><V99/><F13/><N who="3" m="5367" /><G74/><T37/><D37/><U2/><E2/><V26/><F1/><W75/><G75/><T90/><D90/><U71/><E71/><V129/><F129/><W108/><G101/><T135/><D135/><U112/><N who="1" m="28672" /><DORA hai="69" /><U109/><E109/><V31/><F89/><W117/><G108/><T66/><D66/><U103/><E103/><V27/><F64/><W39/><G117/><T73/><D73/><U94/><E94/><V28/><F87/><N who="3" m="50303" /><G95/><T25/><D25/><AGARI ba="2,1" hai="3,5,8,21,25,30,48,51,58,62,67" m="28672" machi="25" ten="70,6800,0" yaku="1,1,52,1,53,0" doraHai="16,69" doraHaiUra="15,82" who="1" fromWho="0" sc="219,-74,313,84,229,0,229,0" /><INIT seed="1,3,0,0,4,53" ten="145,397,229,229" oya="1" hai0="37,126,49,61,106,36,101,19,89,38,122,108,103" hai1="57,100,31,125,60,95,5,78,120,14,70,64,43" hai2="92,25,81,99,132,10,91,30,85,72,73,59,86" hai3="56,65,94,88,40,77,118,96,76,20,23,42,87"/><U4/><E120/><V11/><F132/><W107/><G118/><T75/><D75/><U27/><E125/><V1/><F85/><W62/><G107/><T130/><D126/><U71/><E78/><N who="3" m="30314" /><G87/><T84/><D122/><U33/><E43/><AGARI ba="3,0" hai="20,23,40,42,43,56,62,65,88,94,96" m="30314" machi="43" ten="30,3900,0" yaku="8,1,52,1,54,1" doraHai="53" who="3" fromWho="1" sc="145,0,397,-48,229,0,229,48" /><INIT seed="2,0,0,4,3,49" ten="145,349,229,277" oya="2" hai0="113,35,14,51,95,74,63,89,116,44,18,135,86" hai1="13,52,117,126,98,28,96,129,72,110,58,105,62" hai2="125,16,5,92,122,112,102,30,33,24,42,128,12" hai3="32,55,109,80,21,71,91,27,76,56,107,108,130"/><V46/><F122/><W37/><G71/><T38/><D113/><U7/><E117/><V8/><F112/><W2/><G107/><T66/><D35/><U133/><E72/><V67/><F125/><W9/><G32/><T75/><D38/><U57/><E126/><V20/><F128/><W85/><G37/><T25/><D135/><U64/><E129/><V41/><F67/><W94/><G130/><T84/><D25/><U3/><E133/><V97/><REACH who="2" step="1"/><F46/><REACH who="2" ten="145,349,219,277" step="2"/><W115/><G115/><T19/><D44/><U93/><E110/><V90/><F90/><W81/><G108/><T60/><D89/><U47/><E47/><V132/><F132/><W39/><G109/><T68/><D66/><U131/><E131/><V11/><F11/><W111/><G111/><T54/><D116/><U123/><E123/><V100/><F100/><W121/><G121/><T61/><D68/><U40/><E64/><V59/><F59/><W50/><G9/><T15/><D75/><U22/><E58/><V31/><F31/><W4/><G91/><T88/><D74/><U69/><E28/><V45/><F45/><W53/><G56/><N who="0" m="32863" /><D84/><U118/><E69/><V36/><F36/><W106/><G39/><T17/><AGARI ba="0,1" hai="14,15,17,18,19,60,61,63,86,88,95" m="32863" machi="17" ten="30,4000,0" yaku="8,1,52,1,54,1" doraHai="49" who="0" fromWho="0" sc="145,50,349,-10,219,-20,277,-10" /><INIT seed="3,0,0,4,4,25" ten="195,339,199,267" oya="3" hai0="115,113,112,50,135,99,29,96,38,23,33,84,6" hai1="76,66,13,132,79,74,44,126,82,105,3,45,88" hai2="1,61,55,94,26,58,57,31,17,64,102,8,87" hai3="119,118,129,111,110,63,107,75,24,51,68,56,32"/><W2/><G75/><T14/><D38/><U122/><E105/><V114/><F114/><W0/><G107/><T134/><D50/><U47/><E3/><N who="3" m="1066" /><G51/><T120/><D84/><N who="1" m="50199" /><E74/><V109/><F1/><W125/><G56/><T81/><D81/><U37/><E37/><V11/><F17/><W27/><G27/><N who="0" m="18623" /><D120/><U127/><E122/><V19/><F19/><W103/><G103/><T100/><D100/><U42/><E42/><V130/><F130/><W48/><G48/><T46/><D46/><U131/><E131/><V34/><F102/><W54/><G54/><T123/><D123/><U117/><E66/><V12/><F94/><W4/><G125/><T93/><D93/><U59/><E126/><V108/><F87/><W121/><G121/><T36/><D36/><U41/><E41/><V83/><F83/><W90/><G90/><T73/><D73/><U128/><E127/><V104/><F104/><W35/><G129/><T85/><D85/><U124/><E124/><V91/><F91/><W70/><G63/><T72/><D72/><U133/><E128/><V116/><F116/><N who="3" m="44587" /><G4/><T60/><D60/><U49/><E117/><V28/><F61/><W67/><G67/><T97/><D6/><U69/><E49/><V80/><F80/><W65/><G65/><T39/><D39/><U20/><E59/><V5/><F64/><W30/><G35/><T78/><D78/><U52/><E79/><V98/><F34/><W106/><G106/><T43/><D43/><U53/><E76/><V62/><F62/><W89/><G89/><T18/><AGARI ba="0,0" hai="14,18,23,96,97,99,112,113,115,134,135" m="18623" machi="18" ten="40,2700,0" yaku="11,1,52,1" doraHai="25" who="0" fromWho="0" sc="195,27,339,-7,199,-7,267,-13" /><INIT seed="4,0,0,4,4,115" ten="222,332,192,254" oya="0" hai0="75,34,123,1,39,73,30,2,25,47,42,106,72" hai1="95,20,111,35,103,133,96,66,107,99,91,83,6" hai2="134,76,87,52,58,61,63,49,124,101,74,27,21" hai3="122,13,31,131,89,12,128,85,23,98,100,59,119"/><T71/><D123/><U36/><E35/><V28/><F124/><W56/><G122/><T132/><D132/><U116/><E36/><V118/><F134/><W45/><G119/><T40/><D40/><U82/><E116/><V88/><F118/><W109/><G109/><T50/><D50/><U29/><E133/><V14/><F101/><W44/><G98/><T130/><D130/><U92/><E111/><V38/><F38/><W65/><G100/><T37/><D37/><U55/><E66/><V8/><F76/><W0/><G0/><T97/><REACH who="0" step="1"/><D71/><REACH who="0" ten="212,332,192,254" step="2"/><U10/><E107/><V125/><F125/><W86/><G128/><T104/><D104/><U113/><E113/><V114/><F114/><W26/><G131/><T108/><D108/><U78/><E78/><V90/><F74/><W81/><G45/><T48/><D48/><U105/><E105/><V93/><REACH who="2" step="1"/><F90/><REACH who="2" ten="212,332,182,254" step="2"/><W7/><G89/><T120/><D120/><U67/><E91/><V102/><F102/><AGARI ba="0,2" hai="1,2,25,30,34,39,42,47,72,73,75,97,102,106" machi="102" ten="40,12000,1" yaku="1,1,33,3,53,0" doraHai="115" doraHaiUra="15" who="0" fromWho="2" sc="212,140,332,0,182,-120,254,0" /><INIT seed="4,1,0,4,4,64" ten="352,332,62,254" oya="0" hai0="90,40,113,11,75,12,104,43,99,92,122,89,17" hai1="32,83,55,103,79,23,105,95,21,94,47,45,82" hai2="80,38,26,39,88,112,57,135,85,78,28,65,107" hai3="128,25,19,31,133,125,69,41,130,52,127,51,132"/><T2/><D122/><U1/><E32/><V6/><F112/><W124/><G19/><T117/><D117/><U62/><E1/><V100/><F135/><N who="3" m="51787" /><G41/><T126/><D75/><U5/><E5/><V87/><F6/><W58/><G69/><T42/><D104/><U61/><E105/><V56/><F100/><W9/><G9/><T60/><D113/><U59/><E103/><V102/><F102/><W50/><G50/><T93/><D126/><U84/><E82/><V98/><F98/><W111/><G111/><T8/><D60/><U46/><REACH who="1" step="1"/><E62/><REACH who="1" ten="352,322,62,254" step="2"/><V101/><F101/><W20/><AGARI ba="1,1" hai="20,25,31,51,52,58,124,125,127,128,130" m="51787" machi="20" ten="40,8000,1" yaku="30,2,18,1,20,1,54,1" doraHai="64" who="3" fromWho="3" sc="352,-41,322,-21,62,-21,254,93" /><INIT seed="5,0,0,1,5,46" ten="311,301,41,347" oya="1" hai0="68,74,33,103,117,107,6,41,66,118,135,77,109" hai1="113,114,16,115,17,132,43,57,22,52,39,79,97" hai2="19,38,29,59,83,87,64,86,58,34,49,56,84" hai3="80,75,121,51,0,24,106,15,91,12,123,112,5"/><U28/><E132/><V73/><F38/><W125/><G0/><T60/><D109/><U81/><E97/><V92/><F29/><W131/><G106/><T9/><D135/><U65/><E65/><V30/><F30/><W67/><G112/><T119/><D41/><U1/><E1/><V55/><F34/><W50/><G123/><T76/><D76/><U116/><E116/><V122/><F122/><W26/><G121/><T21/><D21/><U23/><E43/><V54/><F64/><W10/><G125/><T88/><D88/><U89/><E89/><V36/><F36/><W99/><G131/><T82/><D33/><U48/><E39/><V2/><F2/><W130/><G130/><T71/><D103/><U95/><E95/><V14/><F92/><N who="3" m="56735" /><G75/><T100/><D100/><U11/><E11/><V18/><F58/><W27/><G67/><T8/><D8/><U110/><E110/><V108/><F108/><W127/><G127/><T32/><D32/><U90/><E90/><V47/><F47/><W129/><G129/><T4/><D4/><U96/><E96/><V20/><F18/><N who="1" m="7273" /><E28/><V101/><F101/><W3/><G3/><N who="0" m="223" /><D68/><U93/><E93/><V53/><REACH who="2" step="1"/><F59/><REACH who="2" ten="311,301,31,347" step="2"/><W13/><G80/><T128/><D128/><U62/><E62/><V25/><F25/><W105/><G105/><AGARI ba="0,1" hai="60,66,71,74,77,82,105,107,117,118,119" m="223" machi="105" ten="30,1000,0" yaku="23,1" doraHai="46" who="0" fromWho="3" sc="311,20,301,0,31,0,347,-10" /><INIT seed="6,0,0,3,2,49" ten="331,301,31,337" oya="2" hai0="14,26,10,84,37,83,16,102,77,62,9,129,126" hai1="132,130,103,122,68,52,35,59,128,34,127,69,78" hai2="8,23,53,87,2,60,120,112,73,15,33,118,32" hai3="30,109,47,22,117,121,55,40,46,61,70,28,24"/><V1/><F120/><W54/><G117/><T124/><D37/><U4/><E122/><V88/><F118/><W133/><G121/><T17/><D129/><N who="1" m="49771" /><E132/><V79/><F112/><W93/><G133/><T119/><D119/><U91/><E127/><N who="0" m="48681" /><D102/><U96/><E78/><V5/><F79/><W115/><G109/><T38/><D38/><U64/><E91/><V131/><F73/><W95/><G115/><T114/><D114/><U7/><E64/><V110/><F131/><W81/><G70/><N who="1" m="27242" /><E7/><V94/><F110/><W71/><G71/><T75/><D62/><N who="1" m="36199" /><E4/><V135/><F135/><W113/><G113/><T12/><D26/><U76/><E76/><V100/><F100/><W29/><G81/><T107/><D107/><AGARI ba="0,0" hai="34,35,96,103,107" m="36199,27242,49771" machi="107" ten="30,3900,0" yaku="19,1,52,1,54,1" doraHai="49" who="1" fromWho="0" sc="331,-39,301,39,31,0,337,0" /><INIT seed="7,0,0,2,3,33" ten="292,340,31,337" oya="3" hai0="55,66,117,126,71,23,41,123,97,120,60,57,58" hai1="6,110,63,7,90,51,68,133,16,119,46,12,44" hai2="14,103,50,67,96,31,65,92,85,56,127,53,22" hai3="105,81,77,25,61,108,69,99,131,107,4,18,37"/><W93/><G37/><T21/><D97/><U42/><E119/><V104/><F127/><W91/><G131/><T5/><D5/><N who="1" m="1547" /><E110/><V47/><F47/><W129/><G129/><T26/><D21/><N who="1" m="11399" /><E68/><V121/><F121/><W100/><G108/><T54/><D126/><U45/><E133/><V72/><F72/><N who="3" m="43175" /><G4/><T84/><D41/><U118/><E118/><V82/><F104/><N who="3" m="63519" /><G18/><T132/><D132/><U24/><E24/><N who="2" m="16791" /><F14/><W122/><G25/><T128/><D128/><U111/><E111/><V13/><F13/><W114/><G122/><T19/><D84/><U35/><E35/><V59/><F59/><W8/><G8/><T75/><D75/><U98/><E63/><V134/><F134/><W1/><G1/><T135/><D135/><U40/><E40/><V124/><F124/><W102/><G114/><T79/><D117/><U29/><E29/><V2/><F2/><W74/><G74/><T62/><REACH who="0" step="1"/><D79/><REACH who="0" ten="282,340,31,337" step="2"/><U17/><E17/><V112/><F85/><N who="3" m="52463" /><G102/><T39/><D39/><U83/><E83/><V89/><F82/><W87/><G87/><T116/><D116/><U9/><E9/><V115/><F103/><W43/><G43/><T52/><D52/><U15/><E15/><V101/><F101/><W11/><G11/><T38/><D38/><U95/><AGARI ba="0,1" hai="42,44,45,46,51,90,95,98" m="11399,1547" machi="95" ten="30,2000,0" yaku="8,1,54,1" doraHai="33" who="1" fromWho="1" sc="282,-5,340,30,31,-5,337,-10" owari="277,-12.0,370,46.0,26,-47.0,327,13.0" /></mjloggm>