<mjloggm ver="2.3"><GO type="41"/><UN n0="%E5%A0%80%E3%82%B9%E3%82%B9%E3%83%A0" n1="%62%6A%6F%72%6B%3F" n2="%EF%BC%88%E2%89%A7%E2%96%BD%E2%89%A6%EF%BC%89" n3="%E4%B8%89%E6%9C%A8%E8%B0%B7%E7%A4%BE%E9%95%B7" dan="14,14,15,14" rate="1978,2105,2002,1868" sx="F,F,M,M"/><TAIKYOKU oya="0"/><INIT seed="0,0,0,1,2,58" ten="250,250,250,250" oya="0" hai0="30,53,85,74,44,37,79,43,109,101,106,63,24" hai1="84,76,123,82,73,111,39,50,121,114,134,45,5" hai2="6,31,99,23,100,55,95,33,105,117,98,113,48" hai3="4,94,128,47,65,115,78,46,72,70,15,17,118"/><T42/><D109/><U83/><E39/><V12/><F113/><W124/><G115/><T122/><D74/><U2/><E114/><V67/><F117/><W8/><G118/><T1/><D1/><U81/><E81/><V3/><F3/><W71/><G124/><T104/><D122/><U88/><E134/><V96/><F33/><W11/><G128/><T133/><D43/><U29/><E29/><V131/><F131/><W18/><G71/><T68/><D133/><U36/><E111/><V59/><F105/><W26/><G70/><T40/><D40/><U27/><E27/><N who="2" m="16895" /><F67/><W62/><G72/><T19/><D19/><U108/><E108/><V116/><F116/><W125/><G125/><T13/><D13/><U49/><E49/><V93/><F100/><W10/><G78/><T87/><D101/><U41/><REACH who="1" step="1"/><E50/><REACH who="1" ten="250,240,250,250" step="2"/><V52/><F55/><W130/><G130/><T97/><D53/><U54/><E54/><V92/><F92/><W126/><G94/><T61/><D37/><U103/><E103/><N who="2" m="60815" /><F95/><W110/><G126/><T38/><D38/><U119/><E119/><V66/><F66/><W132/><G110/><T56/><D30/><U16/><E16/><V22/><F6/><W35/><G132/><T86/><D106/><U91/><E91/><V34/><F34/><W51/><G4/><T20/><D104/><U90/><E90/><V0/><F99/><W107/><G35/><T135/><D97/><U14/><E14/><V127/><F127/><W69/><G107/><T89/><D135/><U102/><E102/><V64/><F98/><W57/><G51/><RYUUKYOKU ba="0,1" sc="250,-10,240,30,250,-10,250,-10" hai1="2,5,36,41,45,73,76,82,83,84,88,121,123" /><INIT seed="1,1,1,5,3,17" ten="240,270,240,240" oya="1" hai0="40,69,16,97,88,134,4,135,11,98,112,70,47" hai1="125,100,19,42,80,50,111,65,76,117,33,81,85" hai2="58,29,124,45,106,108,93,96,121,126,0,86,39" hai3="90,30,107,10,82,71,1,95,130,36,46,79,2"/><U72/><E33/><V41/><F121/><W3/><G71/><T99/><D112/><U63/><E117/><V57/><F0/><W114/><G130/><T116/><D116/><U84/><E125/><N who="2" m="48235" /><F108/><W34/><G114/><T104/><D104/><U91/><E111/><V101/><F29/><W31/><G107/><T12/><D4/><U109/><E100/><V56/><F86/><W37/><G34/><T94/><D69/><U13/><E109/><V25/><F25/><W66/><G66/><T92/><D70/><U68/><E72/><V62/><F106/><W64/><G64/><AGARI ba="1,1" hai="39,41,45,56,57,58,62,64,93,96,101" m="48235" machi="64" ten="30,1000,0" yaku="18,1" doraHai="17" who="2" fromWho="3" sc="240,0,270,0,240,23,240,-13" /><INIT seed="2,0,0,1,4,131" ten="240,270,263,227" oya="2" hai0="56,74,41,120,0,111,1,32,8,42,102,91,49" hai1="75,118,37,88,39,47,83,15,29,23,119,128,92" hai2="71,57,108,129,81,36,84,76,93,4,16,21,18" hai3="25,121,60,97,127,133,124,112,135,53,107,116,35"/><V6/><F71/><W109/><G116/><T31/><D120/><U5/><E128/><V86/><F36/><W113/><G121/><T103/><D74/><U82/><E39/><V13/><F129/><W105/><G109/><T114/><D114/><N who="3" m="44137" /><G97/><T78/><D78/><U101/><E101/><V65/><F108/><W73/><G73/><T72/><D72/><U17/><E5/><V85/><F18/><W54/><G60/><T95/><D111/><U96/><E29/><V45/><F45/><W12/><G12/><T125/><D125/><N who="3" m="48201" /><G35/><T99/><D41/><U126/><E126/><V2/><F2/><W43/><G43/><T63/><D32/><U7/><E75/><V34/><F34/><W130/><G130/><T80/><D80/><U77/><E83/><V19/><F19/><W87/><G87/><N who="2" m="33353" /><F93/><W48/><G25/><T30/><D1/><U50/><E119/><V66/><F66/><W26/><G26/><T40/><D0/><U122/><E118/><V24/><F24/><W3/><G3/><T20/><D42/><U58/><E122/><V46/><F46/><N who="3" m="27799" /><G54/><N who="0" m="34199" /><D40/><U123/><E123/><V62/><AGARI ba="0,0" hai="4,6,13,16,21,57,62,65,76,81,86" m="33353" machi="62" ten="30,3000,0" yaku="8,1,54,1" doraHai="131" who="2" fromWho="2" sc="240,-10,270,-10,263,30,227,-10" /><INIT seed="2,1,0,3,2,126" ten="230,260,293,217" oya="2" hai0="50,123,119,20,114,101,66,127,40,120,24,104,29" hai1="76,71,74,14,51,18,109,4,128,3,100,27,7" hai2="87,28,2,21,5,111,135,79,90,110,62,26,58" hai3="36,72,67,86,106,92,30,41,95,6,48,121,0"/><V12/><F135/><W91/><G106/><T125/><D114/><U16/><E71/><V10/><F79/><W54/><G121/><T13/><D119/><U60/><E100/><V81/><REACH who="2" step="1"/><F2/><REACH who="2" ten="230,260,283,217" step="2"/><W65/><G72/><T38/><D123/><U112/><E76/><V19/><F19/><W117/><G0/><T84/><D120/><U129/><E74/><V45/><F45/><W102/><G117/><T17/><D125/><U59/><E18/><V113/><F113/><W34/><G6/><T99/><D127/><U132/><E7/><V105/><F105/><W61/><G30/><T15/><D29/><U22/><E16/><V131/><F131/><W35/><G35/><T89/><D104/><U130/><E4/><V96/><F96/><W85/><G34/><T39/><D99/><U46/><E3/><V8/><F8/><W70/><G65/><AGARI ba="1,1" hai="5,10,12,21,26,28,58,62,65,81,87,90,110,111" machi="65" ten="40,2000,0" yaku="1,1,53,0" doraHai="126" doraHaiUra="116" who="2" fromWho="3" sc="230,0,260,0,283,33,217,-23" /><INIT seed="2,2,0,2,0,64" ten="230,260,316,194" oya="2" hai0="79,117,69,19,111,73,121,115,49,126,15,7,87" hai1="29,40,46,118,102,36,98,21,96,97,56,17,135" hai2="113,38,57,71,67,31,85,50,3,77,112,48,53" hai3="37,32,82,10,76,100,83,132,120,61,106,30,54"/><V116/><F3/><W129/><G120/><T78/><D73/><U34/><E135/><V22/><F22/><W51/><G132/><T108/><D115/><N who="2" m="44106" /><F31/><W119/><G129/><T62/><D121/><U18/><E118/><V58/><F85/><W72/><G119/><T88/><D117/><U14/><E34/><V80/><F80/><W12/><G37/><T33/><D7/><U28/><E102/><V104/><F77/><W2/><G2/><T23/><D33/><U35/><E35/><V59/><F104/><W52/><G83/><N who="0" m="49279" /><D49/><N who="2" m="19050" /><F116/><W42/><G30/><T123/><D126/><U91/><E56/><V43/><F53/><W122/><G32/><T39/><D79/><U114/><E114/><V93/><F93/><W74/><G122/><T125/><D78/><U20/><REACH who="1" step="1"/><E91/><REACH who="1" ten="230,250,316,194" step="2"/><V44/><F67/><W65/><G100/><T9/><D123/><U60/><E60/><V105/><F105/><W110/><G65/><T134/><D62/><U127/><E127/><V81/><F81/><W6/><G61/><T130/><D125/><U11/><E11/><V70/><AGARI ba="2,1" hai="38,43,44,57,58,59,70,71" m="19050,44106" machi="70" ten="40,12000,1" yaku="34,2,52,2" doraHai="64" who="2" fromWho="2" sc="230,-42,250,-42,316,136,194,-42" /><INIT seed="2,3,0,1,1,114" ten="188,208,452,152" oya="2" hai0="99,119,5,23,49,20,55,65,41,34,42,22,126" hai1="35,122,110,12,4,45,9,89,102,33,100,51,108" hai2="57,90,98,64,8,36,106,121,61,47,39,38,85" hai3="111,25,69,86,81,105,29,31,10,11,97,59,50"/><V124/><F121/><W27/><G69/><T7/><D34/><U30/><E122/><V24/><F124/><W73/><G73/><T123/><D126/><U84/><E30/><V80/><F8/><W93/><G105/><T134/><D123/><U62/><E62/><V71/><F24/><W113/><G113/><T117/><D134/><U66/><E66/><V115/><F115/><W68/><G68/><T18/><D65/><U118/><E33/><V37/><F37/><W52/><G111/><N who="1" m="42538" /><E35/><V135/><F135/><W44/><G29/><T40/><D18/><U21/><E21/><V132/><F132/><W107/><G107/><T1/><D99/><U17/><E4/><V133/><F133/><W74/><G74/><T96/><D96/><U95/><E118/><N who="0" m="45065" /><D1/><U130/><E130/><V2/><F2/><W88/><G27/><T3/><D3/><U63/><E63/><V16/><F16/><W67/><G67/><T72/><D72/><U46/><E46/><AGARI ba="3,0" hai="5,7,20,22,23,40,41,42,46,49,55" m="45065" machi="46" ten="40,8000,1" yaku="12,1,52,3" doraHai="114" who="0" fromWho="1" sc="188,89,208,-89,452,0,152,0" /><INIT seed="3,0,0,2,2,113" ten="277,119,452,152" oya="3" hai0="8,51,43,72,9,27,32,7,86,107,94,22,104" hai1="31,67,91,132,34,48,49,19,57,5,54,129,21" hai2="90,46,109,103,108,119,110,45,14,126,30,98,134" hai3="79,125,2,106,0,3,42,117,121,73,122,16,18"/><W37/><G106/><T65/><D72/><U29/><E34/><V66/><F134/><W58/><G125/><T26/><D65/><U114/><E114/><V4/><F126/><W97/><G58/><T71/><D71/><U118/><E132/><V123/><F123/><W102/><G73/><T115/><D32/><U69/><E129/><V1/><F119/><W96/><G79/><T39/><D39/><U128/><E128/><V88/><F1/><W11/><G37/><T35/><D35/><U64/><E5/><V75/><F75/><W56/><G42/><T15/><D115/><U82/><E49/><V135/><F135/><W59/><G117/><T13/><D51/><U6/><E6/><V116/><F116/><W92/><G96/><T53/><D53/><U93/><E82/><V85/><F66/><N who="1" m="25129" /><E69/><V41/><F30/><W81/><G81/><T83/><D43/><U105/><E105/><N who="2" m="63735" /><F85/><W133/><G133/><T61/><D61/><U70/><E70/><V87/><F87/><W47/><G47/><N who="2" m="17929" /><F41/><W55/><G59/><T12/><D94/><U100/><E100/><V130/><F130/><W60/><REACH who="3" step="1"/><G11/><AGARI ba="0,0" hai="4,11,14,88,90,108,109,110" m="17929,63735" machi="11" ten="40,2600,0" yaku="14,1,54,1" doraHai="113" who="2" fromWho="3" sc="277,0,119,0,452,26,152,-26" /><INIT seed="4,0,0,1,2,115" ten="277,119,478,126" oya="0" hai0="18,82,97,49,76,63,0,105,116,16,92,89,95" hai1="108,61,4,72,46,130,62,132,38,73,13,30,33" hai2="15,48,65,123,14,124,36,110,25,119,58,99,20" hai3="78,121,77,6,101,91,102,127,39,100,43,57,32"/><T5/><D105/><U88/><E108/><V98/><F110/><W12/><G32/><T51/><D116/><U67/><E62/><N who="2" m="38103" /><F36/><W87/><G127/><T71/><D0/><U131/><E132/><V8/><F119/><W86/><G121/><T60/><D5/><U11/><E30/><N who="2" m="17703" /><F124/><W53/><G39/><T96/><D51/><U28/><E28/><V23/><F123/><W122/><G43/><T55/><D71/><U37/><E33/><V47/><F23/><W103/><G122/><T31/><D31/><U70/><E38/><V34/><F34/><W90/><N who="3" m="25600" /><DORA hai="133" /><W44/><G44/><N who="0" m="28071" /><D63/><U114/><E46/><V68/><F68/><W126/><G126/><T120/><D60/><U85/><E114/><V81/><F81/><W79/><G6/><T106/><D106/><U84/><E84/><V74/><F74/><W19/><G86/><N who="0" m="48455" /><D120/><U118/><E118/><V40/><F14/><W134/><G134/><T135/><D135/><U112/><E37/><V21/><F48/><W80/><G91/><AGARI ba="0,0" hai="16,18,89,91,92,95,96,97" m="48455,28071" machi="91" ten="30,2900,0" yaku="8,1,54,1" doraHai="115,133" who="0" fromWho="3" sc="277,29,119,0,478,0,126,-29" /><INIT seed="4,1,0,0,4,131" ten="306,119,478,97" oya="0" hai0="49,82,106,77,88,93,14,36,37,123,51,97,115" hai1="38,127,107,130,30,133,56,124,32,113,24,28,72" hai2="29,67,122,27,22,95,8,128,121,108,50,17,26" hai3="21,90,23,20,68,16,126,43,66,33,84,65,6"/><T44/><D123/><N who="2" m="47114" /><F50/><W103/><G126/><T60/><D106/><U110/><E107/><V57/><F57/><W5/><G33/><T134/><D115/><U47/><E72/><V48/><F48/><W105/><G68/><T87/><D134/><U54/><E110/><V102/><F67/><W129/><G105/><T1/><D1/><U86/><E130/><V59/><F59/><W120/><G129/><T11/><D60/><U109/><E109/><V125/><F95/><W117/><G120/><T74/><D74/><U35/><E47/><V4/><F102/><W98/><G117/><T73/><D73/><U81/><E38/><V135/><F108/><W9/><G43/><T118/><D118/><U116/><E116/><V79/><F79/><W78/><G78/><T112/><D112/><U63/><E113/><V83/><F83/><W10/><G98/><T2/><D2/><U100/><E100/><V132/><F128/><W111/><G103/><T13/><D13/><U76/><E133/><N who="2" m="51275" /><F125/><W46/><G111/><T104/><D51/><U92/><E92/><V39/><F39/><W91/><G46/><T101/><D49/><U114/><E114/><V85/><F85/><W34/><G34/><T3/><D101/><U41/><E41/><V96/><F96/><W55/><G55/><T99/><D97/><U69/><E69/><V119/><F119/><W58/><G58/><T12/><D99/><U53/><E54/><V42/><F42/><W94/><G90/><T64/><D37/><U70/><E70/><V40/><F40/><W25/><G66/><T52/><D64/><RYUUKYOKU ba="1,0" sc="306,-10,119,30,478,-10,97,-10" hai1="24,28,30,32,35,53,56,63,76,81,86,124,127" /><INIT seed="5,2,0,2,5,85" ten="296,149,468,87" oya="1" hai0="112,133,113,101,51,52,116,92,23,37,123,72,82" hai1="108,73,60,41,79,40,68,118,3,122,98,56,67" hai2="71,44,24,110,86,45,103,57,91,80,9,107,5" hai3="17,97,109,81,77,53,65,43,58,27,119,94,31"/><U102/><E3/><V124/><F110/><W83/><G109/><T6/><D116/><U75/><E108/><V35/><F71/><W135/><G119/><T54/><D37/><U129/><E122/><V114/><F124/><W64/><G135/><T111/><D111/><U48/><E118/><V39/><F114/><N who="0" m="44138" /><D133/><U78/><E129/><V32/><F39/><W19/><G43/><T28/><D6/><U25/><E25/><V49/><F57/><W90/><G64/><T84/><D123/><U12/><E75/><V29/><F35/><W63/><G53/><T87/><D72/><U4/><E73/><V15/><REACH who="2" step="1"/><F49/><REACH who="2" ten="296,149,458,87" step="2"/><W100/><G83/><T120/><D51/><U0/><E68/><V13/><F13/><W88/><G19/><T134/><D82/><U93/><E0/><V11/><F11/><W115/><G17/><T20/><D120/><U10/><E48/><V14/><F14/><W89/><G115/><T47/><D134/><U21/><E21/><V8/><F8/><W127/><G127/><T70/><D23/><U76/><AGARI ba="2,1" hai="4,10,12,40,41,56,60,67,76,78,79,93,98,102" machi="76" ten="30,3000,0" yaku="0,1,8,1" doraHai="85" who="1" fromWho="1" sc="296,-12,149,46,458,-12,87,-12" /><INIT seed="5,3,0,3,2,106" ten="284,195,446,75" oya="1" hai0="73,102,42,80,123,21,13,74,83,90,60,107,79" hai1="111,14,32,99,129,87,10,113,81,66,108,12,8" hai2="27,1,34,120,23,130,125,127,76,118,61,52,103" hai3="59,95,47,82,69,135,119,64,25,58,97,101,48"/><U45/><E32/><V105/><F120/><W126/><G135/><T16/><D123/><U4/><E113/><V54/><F118/><W65/><G126/><N who="2" m="48137" /><F130/><W72/><G119/><T132/><D132/><U44/><E129/><V17/><F1/><W62/><G69/><T53/><D42/><U9/><E66/><V56/><F34/><W33/><G33/><T38/><D38/><U2/><E99/><N who="2" m="61695" /><F76/><W104/><G25/><T98/><D90/><N who="1" m="51567" /><E2/><V86/><F86/><W43/><G104/><T29/><D29/><U55/><E55/><AGARI ba="3,0" hai="17,23,27,52,54,55,56,61" m="61695,48137" machi="55" ten="30,2000,0" yaku="18,1,54,1" doraHai="106" who="2" fromWho="1" sc="284,0,195,-29,446,29,75,0" /><INIT seed="6,0,0,5,5,3" ten="284,166,475,75" oya="2" hai0="80,62,134,55,10,111,124,130,42,123,4,115,49" hai1="8,112,74,89,116,131,47,122,110,50,69,94,109" hai2="118,84,129,105,126,57,21,15,36,43,9,59,113" hai3="64,107,6,56,1,44,23,87,100,125,52,73,103"/><V60/><F105/><W96/><G73/><T51/><D80/><U54/><E74/><V98/><F118/><W14/><G125/><T91/><D91/><U25/><E69/><V90/><F126/><W88/><G1/><T72/><D10/><U61/><E122/><V82/><F113/><W65/><G100/><T37/><D4/><U12/><E112/><V45/><F129/><W127/><G44/><T35/><D62/><U132/><E131/><V13/><F98/><W46/><G127/><T70/><D55/><U27/><E132/><V79/><F21/><W93/><G46/><T31/><D51/><U92/><E92/><V71/><F79/><W32/><G32/><T22/><D49/><U114/><E116/><V0/><F0/><W11/><REACH who="3" step="1"/><G23/><REACH who="3" ten="284,166,475,65" step="2"/><T121/><D22/><U19/><E114/><V135/><F45/><W102/><G102/><T75/><D35/><U26/><REACH who="1" step="1"/><E61/><AGARI ba="0,1" hai="6,11,14,52,56,61,64,65,87,88,93,96,103,107" machi="61" ten="30,12000,2" yaku="1,1,7,1,52,1,54,2,53,1" doraHai="3" doraHaiUra="95" who="3" fromWho="1" sc="284,0,166,-120,475,0,65,130" /><INIT seed="7,0,0,4,2,21" ten="284,46,475,195" oya="3" hai0="2,132,82,39,96,66,98,14,11,76,40,120,111" hai1="107,5,8,55,49,126,101,87,135,68,50,51,118" hai2="38,91,78,44,122,61,59,123,36,23,26,37,104" hai3="17,12,71,109,58,108,3,92,16,0,105,121,94"/><W13/><G105/><T73/><D2/><U67/><E107/><V125/><F78/><W57/><REACH who="3" step="1"/><G71/><REACH who="3" ten="284,46,475,185" step="2"/><T99/><D120/><AGARI ba="0,1" hai="0,3,12,13,16,17,57,58,92,94,108,109,120,121" machi="120" ten="25,12000,1" yaku="1,1,2,1,22,2,54,1,53,0" doraHai="21" doraHaiUra="124" who="3" fromWho="0" sc="284,-120,46,0,475,0,185,130" /><INIT seed="7,1,0,2,4,42" ten="164,46,475,315" oya="3" hai0="100,34,88,123,29,25,65,60,44,46,73,16,96" hai1="124,51,50,99,15,3,35,121,130,118,57,80,76" hai2="59,107,92,14,117,81,67,0,21,22,111,9,70" hai3="1,55,28,113,33,79,58,31,105,66,32,64,82"/><W17/><G105/><T101/><D123/><U90/><E3/><V71/><F117/><W95/><G1/><T41/><D73/><U23/><E35/><V103/><F111/><W36/><G36/><T97/><D46/><U112/><E121/><V63/><F0/><W84/><G113/><T30/><D30/><U129/><E112/><V5/><F107/><W54/><G17/><T108/><D108/><U93/><E124/><V47/><F81/><W132/><G132/><T75/><D75/><U127/><E127/><V91/><F103/><W68/><G68/><T98/><D16/><U72/><E118/><V61/><F47/><W37/><G37/><T114/><D88/><U39/><E39/><V125/><F125/><W38/><G38/><T89/><D114/><U102/><E57/><V135/><F135/><W116/><G116/><T83/><D83/><U134/><E134/><V133/><F133/><W52/><G95/><T40/><D89/><U62/><E62/><V43/><F43/><W115/><G115/><T27/><D41/><U120/><E120/><V8/><F8/><W77/><G77/><T94/><D27/><U24/><E15/><V122/><F122/><W53/><N who="3" m="13312" /><DORA hai="11" /><W85/><G58/><T131/><D25/><U128/><REACH who="1" step="1"/><E102/><REACH who="1" ten="164,36,475,315" step="2"/><V56/><F56/><W126/><G126/><T20/><D101/><U86/><E86/><N who="2" m="52343" /><F59/><W7/><G85/><T19/><D100/><U13/><E13/><V18/><F71/><W78/><G7/><T106/><D34/><N who="3" m="13417" /><G79/><T12/><D12/><U110/><E110/><V109/><F109/><W2/><G2/><RYUUKYOKU ba="1,1" sc="164,-15,36,15,475,-15,315,15" hai1="23,24,50,51,72,76,80,90,93,99,128,129,130" hai3="28,31,64,66,78,82,84" /><INIT seed="7,2,1,2,2,59" ten="149,51,460,330" oya="3" hai0="92,69,18,37,82,26,23,44,25,11,100,88,126" hai1="80,125,10,114,32,53,8,29,43,31,116,64,94" hai2="135,4,113,51,71,122,7,97,63,2,36,133,115" hai3="104,14,33,68,103,81,119,84,109,19,76,83,108"/><W50/><G119/><T57/><D69/><U89/><E116/><V67/><F122/><W105/><G68/><T61/><D126/><U3/><E43/><V107/><F36/><W121/><G33/><T22/><D11/><U16/><E114/><N who="2" m="43531" /><F51/><W129/><G121/><T39/><D100/><U24/><E125/><V12/><F2/><W101/><G129/><T28/><D82/><U110/><E110/><V0/><F0/><W106/><G50/><T49/><D44/><U123/><E123/><V35/><F35/><W46/><G46/><T21/><D21/><U1/><E80/><V74/><F74/><W132/><G132/><N who="2" m="50761" /><F12/><W6/><G6/><T47/><D47/><U99/><E31/><V130/><F130/><W90/><G19/><T131/><D49/><U85/><E3/><V13/><F13/><W62/><G62/><T72/><D72/><U48/><E1/><V91/><F91/><W95/><G14/><T66/><D131/><U127/><E127/><V17/><F17/><W87/><REACH who="3" step="1"/><G83/><REACH who="3" ten="149,51,460,320" step="2"/><T65/><D66/><U20/><E64/><V41/><F41/><W34/><G34/><T5/><D5/><U45/><REACH who="1" step="1"/><E99/><AGARI ba="2,2" hai="18,22,23,25,26,28,37,39,57,61,65,88,92,99" machi="99" ten="30,3900,0" yaku="7,1,52,1,54,1" doraHai="59" who="0" fromWho="1" sc="149,65,51,-45,460,0,320,0" owari="214,-19.0,6,-49.0,460,56.0,320,12.0" /></mjloggm>