<mjloggm ver="2.3"><GO type="169" lobby="0"/><UN n0="%EF%BC%88%E2%89%A7%E2%96%BD%E2%89%A6%EF%BC%89" n1="%2D%72%6F%6E%2D" n2="%E3%81%97%E3%81%BE%E3%81%9F%E3%82%8D%E3%81%86%EF%BC%A0" n3="%EF%BC%BC%28%EF%BC%BE%6F%EF%BC%BE%29%EF%BC%8F%E2%98%85" dan="17,16,17,17" rate="2121.07,2085.66,2158.69,2134.81" sx="M,M,M,M"/><TAIKYOKU oya="0"/><INIT seed="0,0,0,0,3,33" ten="250,250,250,250" oya="0" hai0="70,19,105,73,40,61,95,63,38,131,59,103,69" hai1="21,86,8,10,101,90,1,126,77,45,42,36,123" hai2="15,68,67,20,80,107,56,66,75,127,85,51,31" hai3="4,0,109,112,99,17,29,106,100,94,130,28,46"/><T87/><D73/><U76/><E123/><V37/><F37/><W5/><G112/><T135/><D135/><U62/><E126/><V91/><F68/><W44/><G109/><T122/><D122/><U34/><E34/><V9/><F107/><W13/><G130/><T104/><D131/><U79/><E101/><V64/><F75/><W115/><G115/><T57/><D38/><U74/><E62/><V132/><F127/><W41/><G106/><T72/><D72/><U35/><E35/><V93/><F132/><W117/><G117/><T50/><D40/><U2/><E21/><V89/><F31/><N who="3" m="11851" /><G0/><T111/><D111/><U92/><REACH who="1" step="1"/><E74/><REACH who="1" ten="250,240,250,250" step="2"/><V98/><F20/><N who="3" m="11311" /><G41/><T60/><D60/><U27/><E27/><V18/><F51/><W97/><G97/><T120/><D63/><AGARI ba="0,1" hai="9,15,18,56,63,64,66,67,80,85,89,91,93,98" machi="63" ten="40,1300,0" yaku="8,1" doraHai="33" who="2" fromWho="0" sc="250,-13,240,0,250,23,250,0" /><INIT seed="1,0,0,2,2,19" ten="237,240,273,250" oya="1" hai0="30,92,69,90,77,123,112,34,101,64,35,11,6" hai1="130,49,43,75,122,125,44,98,60,12,83,79,61" hai2="17,88,107,124,115,116,65,26,76,129,42,132,126" hai3="14,84,18,93,7,31,29,111,109,133,57,53,33"/><U87/><E122/><V37/><F116/><W103/><G7/><T94/><D112/><U20/><E130/><V16/><F115/><W55/><G133/><T46/><D123/><U15/><E125/><V97/><F132/><W63/><G53/><T113/><D77/><U28/><E75/><V89/><F129/><W70/><G70/><T71/><D113/><U118/><E118/><V127/><F76/><W21/><G33/><T9/><D46/><U48/><E48/><V22/><F65/><W135/><G135/><T24/><D35/><U66/><E98/><V0/><F0/><W1/><G1/><T59/><D101/><U41/><E41/><V121/><F17/><W27/><G14/><N who="1" m="5162" /><E66/><V119/><F119/><W56/><G56/><T10/><D6/><U32/><E32/><V78/><F78/><W52/><G55/><T85/><REACH who="0" step="1"/><D92/><REACH who="0" ten="227,240,273,250" step="2"/><U45/><E45/><N who="2" m="23759" /><F121/><W128/><G128/><T102/><D102/><AGARI ba="0,1" hai="16,22,26,88,89,97,102,107,124,126,127" m="23759" machi="102" ten="30,7700,0" yaku="18,1,52,1,54,2" doraHai="19" who="2" fromWho="0" sc="227,-77,240,0,273,87,250,0" /><INIT seed="2,0,0,5,3,106" ten="150,240,360,250" oya="2" hai0="34,70,51,103,0,126,41,86,71,74,13,66,84" hai1="134,73,22,94,97,107,98,135,20,127,16,93,27" hai2="124,25,111,121,33,39,12,55,72,99,2,69,78" hai3="49,37,58,54,105,36,40,117,68,56,88,80,32"/><V26/><F121/><W96/><G32/><T116/><D0/><U48/><E73/><V76/><F2/><W29/><G29/><T89/><D34/><U62/><E107/><V30/><F39/><W125/><G117/><T108/><D126/><U128/><E128/><V79/><F69/><W60/><G125/><T100/><D116/><U61/><E48/><V53/><F124/><W91/><G68/><T104/><D108/><U5/><E5/><V6/><F111/><W123/><G123/><T38/><D38/><U75/><E75/><V4/><F72/><W90/><G80/><T8/><D74/><U23/><E127/><V122/><F122/><W83/><G83/><T47/><D86/><U11/><E27/><V65/><F65/><W21/><G21/><T14/><D14/><N who="1" m="7263" /><E135/><V67/><F67/><W15/><G15/><T87/><D87/><U7/><E7/><V85/><F85/><W82/><G82/><T101/><D66/><U77/><E77/><V52/><F26/><W114/><G114/><T64/><D64/><U28/><E28/><V131/><F131/><W24/><G24/><T115/><D104/><U95/><E134/><V17/><REACH who="2" step="1"/><F99/><AGARI ba="0,0" hai="20,22,23,61,62,93,94,95,97,98,99" m="7263" machi="99" ten="30,2000,0" yaku="8,1,54,1" doraHai="106" who="1" fromWho="2" sc="150,0,240,20,360,-20,250,0" /><INIT seed="3,0,0,1,0,79" ten="150,260,340,250" oya="3" hai0="7,106,52,68,80,46,0,91,81,88,23,63,13" hai1="37,22,90,119,98,41,75,16,60,11,1,61,101" hai2="17,19,89,2,76,132,97,8,42,124,54,128,67" hai3="20,133,87,25,15,21,6,28,36,122,102,4,38"/><W100/><G122/><T49/><D106/><U48/><E37/><V47/><F132/><W39/><G133/><T94/><D0/><U74/><E119/><V32/><F32/><W96/><G102/><T82/><D94/><U26/><E74/><V35/><F35/><W110/><G110/><T117/><D117/><U29/><E75/><V123/><F123/><W44/><G44/><T93/><D93/><N who="1" m="58575" /><E1/><V83/><F67/><W59/><G59/><N who="0" m="35303" /><D68/><U18/><E90/><N who="0" m="34345" /><D23/><U116/><E116/><V99/><F54/><W104/><G21/><T118/><D118/><U112/><E112/><V27/><F124/><W33/><G33/><T77/><D77/><U65/><E65/><V78/><F78/><W92/><G104/><T125/><D125/><U57/><E11/><V10/><F10/><W126/><G126/><T108/><D108/><U58/><E41/><V84/><F2/><W31/><G100/><T109/><D109/><U40/><E40/><V45/><F42/><W107/><G107/><T72/><D72/><U3/><E3/><V50/><F97/><W14/><G96/><T9/><D46/><U51/><E58/><V86/><F47/><W131/><G92/><T135/><D135/><U113/><E57/><V114/><F99/><W129/><G20/><T55/><D55/><U127/><E127/><V24/><F114/><W34/><G34/><T121/><D121/><U62/><E113/><V69/><F69/><W64/><G64/><T43/><D43/><U73/><E73/><V134/><F134/><W71/><G71/><T12/><D13/><U115/><E115/><RYUUKYOKU ba="0,0" sc="150,15,260,15,340,-15,250,-15" hai0="7,9,12,49,80,81,82" hai1="16,18,22,26,29,48,51,60,61,62" /><INIT seed="4,1,0,1,2,115" ten="165,275,325,235" oya="0" hai0="95,24,19,82,52,1,7,125,28,37,66,6,113" hai1="20,85,58,59,34,54,110,14,17,92,49,46,50" hai2="76,119,51,123,35,5,108,29,117,38,67,93,43" hai3="89,118,55,72,57,15,71,69,78,41,109,68,27"/><T22/><D113/><U31/><E110/><V73/><F108/><W97/><G109/><T44/><D125/><U127/><E127/><V94/><F123/><W23/><G41/><T79/><D66/><U13/><E34/><V104/><F104/><W33/><G33/><T16/><D1/><U61/><E31/><V112/><F112/><W40/><G40/><T26/><D95/><U30/><E30/><V124/><F51/><W101/><G89/><T114/><D114/><U103/><E14/><V65/><F5/><W116/><G15/><T126/><D126/><U105/><E105/><V86/><F124/><W21/><G78/><T2/><D2/><U111/><E111/><V90/><F93/><W64/><G72/><T120/><D120/><U98/><E85/><V133/><F133/><W130/><G64/><T87/><D37/><U39/><E39/><V47/><F29/><W77/><G77/><T132/><D132/><U11/><E49/><V83/><F35/><W91/><G91/><T106/><D106/><U12/><REACH who="1" step="1"/><E61/><REACH who="1" ten="165,265,325,235" step="2"/><V9/><F9/><W10/><G10/><T107/><D107/><U135/><E135/><V84/><F84/><W88/><G21/><N who="0" m="13375" /><D28/><U121/><E121/><V131/><F131/><W80/><G130/><T8/><D8/><U32/><E32/><V56/><F56/><W18/><G57/><T100/><D100/><U42/><E42/><V102/><F102/><W74/><G101/><T134/><D134/><U122/><E122/><V3/><F3/><W75/><G71/><T0/><D0/><U36/><E36/><V53/><F38/><RYUUKYOKU ba="1,1" sc="165,15,265,15,325,-15,235,-15" hai0="6,7,16,22,26,44,52,79,82,87" hai1="11,12,13,17,20,46,50,54,58,59,92,98,103" /><INIT seed="4,2,1,5,4,106" ten="180,280,310,220" oya="0" hai0="120,65,33,107,87,127,1,123,55,117,73,2,24" hai1="3,11,57,37,125,19,79,90,70,115,15,104,59" hai2="72,85,13,91,128,34,71,22,113,114,105,102,83" hai3="53,16,64,112,88,45,132,121,98,30,39,82,25"/><T27/><D107/><U62/><E125/><V17/><F34/><W96/><G112/><T97/><D65/><U6/><E115/><N who="2" m="44043" /><F71/><W67/><G132/><T10/><D97/><U76/><E104/><V118/><F128/><W4/><G121/><N who="0" m="46667" /><D87/><U23/><E37/><V101/><F118/><W9/><G96/><T93/><D93/><U8/><E70/><V75/><F105/><W108/><G67/><T74/><D55/><U116/><E116/><V14/><F14/><W69/><G64/><T130/><D117/><U58/><E62/><V61/><F61/><W89/><G69/><T46/><D46/><U131/><E131/><V51/><F51/><W111/><G53/><T126/><D130/><U94/><REACH who="1" step="1"/><E11/><REACH who="1" ten="180,270,310,220" step="2"/><V44/><F44/><W48/><G39/><T86/><D10/><U43/><E43/><V31/><F31/><W20/><G45/><T41/><D41/><U92/><E92/><V129/><F129/><W66/><G9/><T40/><D40/><U134/><E134/><V32/><F32/><W36/><G36/><T38/><D38/><U133/><E133/><V124/><F124/><W84/><G30/><T28/><D126/><U56/><N who="1" m="14336" /><DORA hai="60" /><U50/><E50/><V49/><F49/><W103/><G48/><T122/><D127/><U0/><E0/><V42/><F42/><W5/><G66/><T135/><D122/><U78/><E78/><V21/><F21/><W109/><G109/><T119/><D119/><U47/><E47/><V12/><F12/><W80/><G111/><T52/><D135/><U26/><E26/><V68/><F68/><RYUUKYOKU ba="2,2" sc="180,-15,270,15,310,15,220,-15" hai1="3,6,8,15,19,23,76,79,90,94" hai2="13,17,22,72,75,83,85,91,101,102" /><INIT seed="5,3,2,1,0,115" ten="165,285,325,205" oya="1" hai0="108,38,98,40,33,63,70,32,16,48,100,34,110" hai1="61,21,75,41,51,69,28,36,126,19,27,10,120" hai2="54,133,117,50,99,5,31,113,131,109,81,64,92" hai3="135,130,80,24,20,14,94,103,30,119,97,72,13"/><U46/><E120/><V59/><F109/><W53/><G135/><T79/><D79/><U76/><E126/><V2/><F117/><W111/><G111/><T88/><D48/><U26/><E75/><V8/><F133/><W74/><G130/><T6/><D6/><U89/><E76/><V116/><F116/><W84/><G119/><T85/><D38/><U87/><E36/><V4/><F131/><W37/><G37/><T68/><D40/><U67/><E10/><V35/><F113/><W86/><G74/><T132/><D132/><U62/><E62/><V93/><F5/><W11/><G72/><T9/><D68/><U82/><REACH who="1" step="1"/><E26/><REACH who="1" ten="165,275,325,205" step="2"/><V77/><F64/><W25/><G24/><T42/><D108/><U3/><E3/><V128/><F128/><W118/><G118/><T127/><D110/><U0/><E0/><V52/><F54/><W101/><G53/><T45/><D127/><U105/><E105/><V71/><F71/><W58/><G11/><T57/><D70/><U1/><E1/><V66/><F66/><W124/><G124/><T39/><D9/><U18/><AGARI ba="3,3" hai="18,19,21,27,28,41,46,51,61,67,69,82,87,89" machi="18" ten="30,3000,0" yaku="1,1,0,1,53,0" doraHai="115" doraHaiUra="90" who="1" fromWho="1" sc="165,-13,275,69,325,-13,205,-13" /><INIT seed="5,4,0,1,2,127" ten="152,344,312,192" oya="1" hai0="12,98,21,33,20,116,115,123,83,100,25,65,58" hai1="3,47,4,51,107,41,71,120,126,55,117,84,105" hai2="106,74,87,37,102,26,96,59,94,66,92,91,7" hai3="6,23,52,133,125,128,34,129,104,75,69,78,30"/><U131/><E117/><V8/><F37/><W61/><G125/><T80/><D116/><U109/><E126/><V73/><F26/><N who="3" m="18775" /><G133/><T62/><D123/><U15/><E120/><V17/><F17/><W38/><G38/><T57/><D115/><U18/><E3/><V14/><F66/><N who="3" m="41167" /><G6/><T103/><D58/><U40/><E4/><V13/><F59/><W56/><G23/><T97/><D33/><U36/><E109/><V85/><F14/><W112/><G112/><T67/><D67/><U54/><E71/><V11/><F11/><W79/><G75/><T27/><D12/><U121/><E121/><V118/><F118/><W49/><G104/><T1/><D1/><U72/><E72/><V16/><F7/><W110/><G110/><T124/><D124/><U0/><E0/><V35/><F35/><W77/><G56/><T70/><D70/><U45/><E105/><V24/><F24/><N who="0" m="9290" /><D20/><U88/><E107/><V113/><F113/><W101/><G101/><N who="0" m="38987" /><D21/><U9/><REACH who="1" step="1"/><E131/><REACH who="1" ten="152,334,312,192" step="2"/><N who="3" m="50250" /><G49/><T5/><D5/><U39/><E39/><V119/><F119/><W32/><G32/><T81/><AGARI ba="4,1" hai="57,62,65,80,81,83,97,98" m="38987,9290" machi="81" ten="30,1100,0" yaku="8,1" doraHai="127" who="0" fromWho="0" sc="152,33,334,-9,312,-7,192,-7" /><INIT seed="6,0,0,4,5,54" ten="185,325,305,185" oya="2" hai0="10,3,73,11,56,107,122,67,130,59,128,42,34" hai1="71,62,60,102,101,134,89,75,116,31,48,81,109" hai2="6,24,117,33,13,0,2,41,61,19,98,64,126" hai3="133,32,51,22,9,21,91,74,1,90,97,79,119"/><V63/><F117/><W76/><G32/><T4/><D122/><U12/><E116/><V125/><F41/><W108/><G119/><T94/><D107/><U111/><E134/><V131/><F61/><W93/><G108/><T53/><D73/><U25/><E101/><V47/><F47/><W7/><G133/><T129/><D34/><U17/><E102/><V114/><F131/><W84/><G74/><T69/><D42/><U49/><E109/><V86/><F86/><W68/><G68/><T70/><D10/><U46/><E62/><V82/><F82/><W78/><REACH who="3" step="1"/><G51/><REACH who="3" ten="185,325,305,175" step="2"/><N who="0" m="30783" /><D94/><AGARI ba="0,1" hai="1,7,9,21,22,76,78,79,84,90,91,93,94,97" machi="94" ten="40,1300,0" yaku="1,1,53,0" doraHai="54" doraHaiUra="99" who="3" fromWho="0" sc="185,-13,325,0,305,0,175,23" /><INIT seed="7,0,0,5,2,99" ten="172,325,305,198" oya="3" hai0="96,36,93,65,77,13,21,14,47,88,63,58,115" hai1="64,27,79,19,34,48,31,17,105,132,91,66,114" hai2="122,86,16,104,85,113,12,18,30,133,117,43,24" hai3="126,68,26,9,106,131,107,135,103,116,100,46,44"/><W4/><G116/><T20/><D115/><U6/><E132/><V70/><F117/><W28/><G135/><T90/><D77/><U56/><E114/><V83/><F133/><W127/><G68/><T72/><D72/><U49/><E105/><N who="3" m="39946" /><G131/><T134/><D134/><U15/><E6/><V109/><F113/><W69/><G69/><T80/><D47/><N who="3" m="17961" /><G26/><T110/><D110/><U95/><E79/><V5/><F109/><W60/><G60/><T82/><D36/><U61/><E66/><V118/><F104/><W75/><G28/><T81/><D90/><U1/><E1/><V25/><F70/><W53/><G53/><T92/><D93/><U38/><E38/><V35/><F43/><W10/><G75/><T33/><D33/><U76/><E76/><V62/><F62/><W51/><G51/><T97/><D97/><U73/><E73/><V129/><F129/><W120/><G120/><T57/><D58/><U32/><E32/><V87/><F122/><W3/><G10/><T52/><D65/><U125/><E34/><V74/><F118/><W128/><G128/><T11/><D13/><U59/><E64/><V55/><F55/><W41/><G41/><T39/><D39/><U102/><E15/><V123/><F123/><W22/><G22/><T119/><D119/><U45/><E61/><V78/><REACH who="2" step="1"/><F25/><REACH who="2" ten="172,325,295,198" step="2"/><W71/><G71/><T23/><D23/><U50/><E27/><V112/><F112/><W121/><G121/><T89/><D89/><U42/><E42/><V94/><F94/><W67/><G67/><T40/><D40/><U84/><E95/><RYUUKYOKU ba="0,1" sc="172,10,325,-30,295,10,198,10" hai0="11,14,20,21,52,57,63,80,81,82,88,92,96" hai2="5,12,16,18,24,30,35,74,78,83,85,86,87" hai3="3,4,9,100,103,126,127" /><INIT seed="7,1,1,0,4,127" ten="182,295,305,208" oya="3" hai0="128,58,126,62,24,60,117,0,4,6,50,92,99" hai1="80,134,73,33,98,30,115,75,107,67,103,88,66" hai2="55,96,52,51,74,37,35,93,34,129,32,100,59" hai3="41,46,15,120,64,61,39,2,86,78,38,54,28"/><W29/><G2/><T83/><D117/><U11/><E134/><V123/><F129/><W23/><G120/><T121/><D121/><U56/><E115/><V122/><F74/><W72/><G72/><T21/><D128/><U31/><E11/><V101/><F37/><W1/><G1/><T108/><D108/><U84/><E66/><V111/><F111/><W17/><G39/><T70/><D126/><U91/><E91/><V125/><F125/><W110/><G110/><T109/><D109/><U5/><E5/><N who="0" m="2153" /><D70/><U36/><E36/><V135/><F135/><W119/><G119/><T45/><D83/><U76/><E33/><V105/><REACH who="2" step="1"/><F55/><REACH who="2" ten="182,295,295,208" step="2"/><W43/><G54/><N who="0" m="32087" /><D0/><U94/><E75/><V104/><F104/><W69/><REACH who="3" step="1"/><G43/><REACH who="3" ten="182,295,295,198" step="2"/><T9/><D45/><U40/><E40/><V114/><F114/><W89/><G89/><N who="0" m="55695" /><D9/><U22/><E22/><V25/><F25/><W47/><G47/><T14/><D14/><U112/><E112/><V87/><F87/><W65/><G65/><T26/><D26/><U63/><AGARI ba="1,3" hai="30,31,56,63,67,73,76,80,84,88,94,98,103,107" machi="63" ten="30,7900,0" yaku="0,1,24,2,54,1" doraHai="127" who="1" fromWho="1" sc="182,-21,295,112,295,-21,198,-40" owari="161,-24.0,407,51.0,274,7.0,158,-34.0" /></mjloggm>