<mjloggm ver="2.3"><GO type="169" lobby="0"/><UN n0="%E3%83%81%E3%83%AD%E3%83%AD%E8%BB%8D%E6%9B%B9" n1="%E5%A4%A9%E8%A1%A3%E7%84%A1%E7%B8%AB%E3%82%88%E3%81%A4%E3%81%B0" n2="%EF%BC%88%E2%89%A7%E2%96%BD%E2%89%A6%EF%BC%89" n3="%70%69%79%6F%65%6D%6F%6E" dan="16,16,17,16" rate="2033.48,2062.45,2137.79,2054.88" sx="F,M,M,M"/><TAIKYOKU oya="0"/><INIT seed="0,0,0,4,0,66" ten="250,250,250,250" oya="0" hai0="99,70,62,40,112,38,89,80,131,28,125,88,8" hai1="134,115,21,61,48,90,92,111,84,123,76,68,41" hai2="37,110,11,13,64,69,103,27,46,121,119,9,6" hai3="35,130,93,47,43,53,56,114,36,122,133,39,126"/><T100/><D112/><U23/><E123/><V59/><F121/><W109/><G122/><T67/><D125/><U94/><E115/><V116/><F110/><W34/><G114/><T50/><D131/><U22/><E111/><V0/><F59/><W33/><G109/><T77/><D38/><U105/><E105/><V2/><F103/><W129/><G126/><T3/><D28/><U135/><E76/><V118/><F27/><W15/><G133/><T75/><D3/><U85/><E48/><V60/><REACH who="2" step="1"/><F11/><REACH who="2" ten="250,250,240,250" step="2"/><W4/><G129/><T83/><D8/><U95/><E41/><AGARI ba="0,1" hai="0,2,6,9,13,37,41,46,60,64,69,116,118,119" machi="41" ten="40,8000,1" yaku="1,1,2,1,12,1,52,1,53,0" doraHai="66" doraHaiUra="51" who="2" fromWho="1" sc="250,0,250,-80,240,90,250,0" /><INIT seed="1,0,0,3,1,43" ten="250,170,330,250" oya="1" hai0="90,70,78,91,98,19,115,118,106,13,85,29,38" hai1="40,61,12,134,79,9,36,62,65,44,93,8,126" hai2="101,16,54,124,18,7,77,48,47,53,74,132,33" hai3="6,17,58,102,67,31,100,21,107,64,95,41,1"/><U123/><E123/><V26/><F132/><W119/><G119/><T99/><D115/><U116/><E116/><V57/><F124/><W97/><G31/><T45/><D118/><U69/><E134/><V127/><F127/><W10/><G41/><T5/><D70/><U86/><E126/><V112/><F112/><W49/><G102/><T135/><D135/><U129/><E129/><V117/><F117/><W59/><G107/><T56/><D29/><U34/><E34/><V105/><F7/><W122/><G122/><T37/><D5/><U87/><E79/><V20/><F33/><W22/><G22/><T0/><D0/><U131/><E131/><V71/><F71/><W27/><G49/><T76/><D56/><U130/><E130/><V39/><F39/><W94/><G95/><T66/><D66/><U103/><E62/><V14/><F101/><W96/><G97/><T28/><D28/><U72/><E72/><V104/><F77/><W121/><G121/><T82/><D78/><U128/><E128/><V50/><F74/><W110/><G110/><T23/><D90/><U68/><E69/><V92/><REACH who="2" step="1"/><F92/><REACH who="2" ten="250,170,320,250" step="2"/><W114/><G114/><T73/><D106/><U24/><E24/><V32/><F32/><W109/><G94/><T55/><D37/><U120/><E120/><V30/><F30/><W52/><G100/><T89/><D38/><U25/><E25/><V63/><F63/><W81/><G27/><T83/><D91/><U80/><E103/><V60/><F60/><W2/><G6/><T4/><D4/><U88/><E12/><V113/><F113/><RYUUKYOKU ba="0,1" sc="250,10,170,10,320,10,250,-30" hai0="13,19,23,45,55,73,76,82,83,85,89,98,99" hai1="8,9,36,40,44,61,65,68,80,86,87,88,93" hai2="14,16,18,20,26,47,48,50,53,54,57,104,105" /><INIT seed="1,1,1,2,4,13" ten="260,180,330,220" oya="1" hai0="94,23,44,58,10,70,73,53,46,74,101,57,72" hai1="135,111,99,82,127,20,123,50,103,76,89,54,109" hai2="63,114,85,95,49,80,81,15,131,68,29,92,115" hai3="14,52,43,61,66,26,133,110,37,25,75,8,6"/><U77/><E123/><V56/><F131/><W117/><G75/><T48/><D70/><U83/><E135/><V86/><F29/><W38/><G133/><T69/><D69/><U108/><E127/><V132/><F49/><W97/><G110/><T47/><D10/><U128/><E128/><V112/><F68/><W134/><G134/><T106/><D106/><U96/><E89/><N who="2" m="51375" /><F15/><W93/><G117/><T45/><REACH who="0" step="1"/><D23/><REACH who="0" ten="250,180,330,220" step="2"/><U126/><E20/><V87/><F132/><W84/><G37/><T27/><D27/><U102/><E126/><V42/><F114/><W129/><G129/><T122/><D122/><U16/><E111/><V39/><F112/><W124/><G38/><T9/><D9/><U78/><E109/><V65/><F115/><W88/><G124/><T2/><D2/><U120/><E120/><V51/><F39/><W59/><G66/><T21/><D21/><U34/><E34/><V105/><F105/><W0/><G0/><T17/><D17/><U91/><E108/><V98/><F80/><N who="1" m="30761" /><E16/><V116/><F116/><W7/><G7/><T19/><D19/><U71/><E71/><V41/><F95/><W118/><G118/><T40/><D40/><U79/><N who="1" m="19456" /><DORA hai="24" /><U11/><E11/><V67/><F41/><W12/><G43/><T28/><D28/><U33/><E33/><V30/><F30/><W1/><G1/><T64/><D64/><U119/><E119/><V125/><F67/><W5/><G6/><T100/><D100/><N who="1" m="38443" /><E91/><N who="2" m="55583" /><F125/><W4/><G97/><AGARI ba="1,2" hai="44,45,46,47,48,53,57,58,72,73,74,94,97,101" machi="97" ten="50,1600,0" yaku="1,1,53,0" doraHai="13,24" doraHaiUra="3,60" who="0" fromWho="3" sc="250,39,180,0,330,0,220,-19" /><INIT seed="2,0,0,5,3,37" ten="289,180,330,201" oya="2" hai0="103,93,135,70,100,122,69,21,38,11,14,19,35" hai1="78,41,91,26,99,90,39,89,119,121,23,112,97" hai2="52,75,7,96,44,125,104,64,50,117,123,129,20" hai3="134,94,10,32,0,113,77,107,83,12,34,88,74"/><V76/><F123/><W66/><G113/><T61/><D122/><U81/><E119/><V24/><F117/><W128/><G107/><T53/><D35/><U49/><E121/><V115/><F115/><W16/><G128/><T15/><D135/><U48/><E39/><V110/><F129/><W87/><G134/><T29/><D38/><U73/><E49/><V55/><F64/><W86/><G0/><T68/><D29/><U60/><E60/><V105/><F125/><W116/><G116/><T13/><D93/><U63/><E63/><V72/><F110/><W6/><G6/><T46/><D14/><U18/><REACH who="1" step="1"/><E112/><REACH who="1" ten="289,170,330,201" step="2"/><V2/><F50/><W127/><G127/><T67/><D61/><U65/><E65/><V27/><F55/><W1/><G66/><T120/><D67/><U8/><E8/><V17/><F52/><W58/><G58/><T51/><D120/><U118/><E118/><V85/><F44/><AGARI ba="0,1" hai="18,23,26,41,44,48,73,78,81,89,90,91,97,99" machi="44" ten="40,2600,0" yaku="1,1,52,1,53,0" doraHai="37" doraHaiUra="80" who="1" fromWho="2" sc="289,0,170,36,330,-26,201,0" /><INIT seed="3,0,0,0,2,46" ten="289,206,304,201" oya="3" hai0="94,99,84,60,88,116,45,115,69,90,34,5,51" hai1="82,127,49,22,29,9,17,97,130,67,1,38,129" hai2="57,100,11,63,32,75,110,35,71,77,6,66,3" hai3="124,44,42,39,85,31,78,119,135,128,7,43,65"/><W23/><G124/><T89/><D116/><U123/><E123/><V126/><F126/><W93/><G119/><T108/><D34/><U72/><E127/><V26/><F110/><W56/><G128/><T87/><D108/><U112/><E112/><V59/><F100/><W55/><G135/><T36/><D36/><U96/><E38/><V86/><F75/><W61/><G7/><T0/><D115/><U47/><E67/><V117/><F117/><W105/><G105/><T133/><D133/><U109/><E109/><V74/><F74/><W76/><G39/><T41/><D5/><U10/><E29/><V118/><F118/><W8/><G8/><T73/><D73/><U80/><E72/><V114/><F114/><W21/><G78/><T98/><D0/><U30/><E30/><V79/><F79/><W103/><G103/><T81/><REACH who="0" step="1"/><D90/><REACH who="0" ten="279,206,304,201" step="2"/><U52/><E1/><V101/><F35/><W27/><G76/><T92/><D92/><U18/><E130/><V25/><F32/><W12/><G93/><T70/><D70/><U58/><E129/><V13/><F3/><W125/><G125/><T111/><D111/><U132/><E132/><V107/><F107/><W4/><G4/><T121/><D121/><U24/><E82/><N who="2" m="47439" /><F101/><W102/><G102/><T20/><D20/><U113/><E80/><V33/><F33/><W16/><G85/><T37/><D37/><U62/><E113/><V120/><F120/><W28/><G31/><T68/><D68/><U91/><E91/><V19/><F6/><W14/><G12/><T131/><D131/><U122/><E122/><RYUUKYOKU ba="0,1" sc="279,10,206,-30,304,10,201,10" hai0="41,45,51,60,69,81,84,87,88,89,94,98,99" hai2="11,13,19,25,26,57,59,63,66,71" hai3="14,16,21,23,27,28,42,43,44,55,56,61,65" /><INIT seed="3,1,1,4,3,122" ten="289,176,314,211" oya="3" hai0="109,125,21,103,56,71,49,86,73,1,119,135,5" hai1="59,43,90,22,117,42,48,130,99,32,18,134,38" hai2="33,11,84,47,81,13,70,93,14,72,4,36,23" hai3="121,126,34,129,131,51,98,12,61,85,110,80,124"/><W118/><G121/><T114/><D119/><U66/><E32/><V95/><F33/><W92/><G118/><T102/><D73/><U106/><E117/><V28/><F70/><W17/><G34/><T9/><D71/><U0/><E0/><V91/><F72/><W123/><G123/><T112/><D125/><N who="3" m="48233" /><G61/><T62/><D135/><U111/><E134/><V100/><F100/><N who="3" m="60487" /><G51/><T37/><D37/><U76/><E76/><V116/><F116/><W46/><G46/><T44/><D109/><U108/><E130/><V53/><F36/><W40/><G40/><T63/><D86/><U115/><E115/><N who="0" m="44073" /><D21/><U88/><E38/><V7/><F28/><W19/><G110/><N who="1" m="42026" /><E106/><V74/><F74/><W50/><G50/><T54/><D62/><N who="1" m="38239" /><E99/><V75/><F75/><W60/><G60/><T79/><D79/><U97/><E97/><V25/><F84/><W45/><G129/><T82/><D82/><U35/><E35/><V41/><F81/><W77/><G131/><T52/><AGARI ba="1,1" hai="1,5,9,44,49,52,54,56,63,102,103" m="44073" machi="52" ten="30,2000,0" yaku="11,1,54,1" doraHai="122" who="0" fromWho="0" sc="289,33,176,-6,314,-6,211,-11" /><INIT seed="4,0,0,1,5,29" ten="322,170,308,200" oya="0" hai0="133,1,96,32,48,88,91,94,28,37,19,114,22" hai1="98,79,77,71,107,130,27,80,121,59,124,57,119" hai2="131,73,67,0,110,33,20,42,18,83,30,14,35" hai3="26,55,45,85,112,127,93,109,117,40,82,56,92"/><T120/><D120/><U16/><E71/><V53/><F110/><W123/><G109/><T9/><D37/><U134/><E121/><V7/><F67/><W17/><G123/><T87/><D114/><U122/><E122/><V68/><F68/><W69/><G117/><T3/><D133/><U113/><E119/><V50/><F42/><W128/><G69/><T62/><D48/><U89/><E134/><V31/><F131/><W76/><G128/><T129/><D129/><U24/><E130/><V58/><F73/><W90/><G112/><T54/><D9/><U34/><E34/><V46/><F83/><W132/><G132/><T108/><D108/><U51/><E124/><V39/><F39/><W21/><G76/><T81/><D28/><U72/><E113/><V60/><F31/><W86/><G86/><T116/><D32/><U106/><E106/><V95/><F30/><W25/><G25/><N who="0" m="14559" /><D116/><U99/><E107/><V66/><REACH who="2" step="1"/><F95/><REACH who="2" ten="322,170,298,200" step="2"/><W65/><G65/><T61/><D81/><U13/><E80/><V75/><F75/><W6/><G127/><T84/><D94/><U10/><E72/><V43/><F43/><W102/><G92/><T126/><D126/><U8/><E79/><V49/><F49/><W104/><G104/><T115/><D115/><U97/><E77/><V38/><F38/><W41/><G40/><T44/><D61/><U111/><E111/><V64/><F64/><W23/><G41/><T100/><D62/><U74/><E74/><V4/><F4/><W105/><G6/><T52/><D54/><U118/><E118/><V101/><F101/><RYUUKYOKU ba="0,1" sc="322,-10,170,-10,298,30,200,-10" hai2="0,7,14,18,20,33,35,46,50,53,58,60,66" /><INIT seed="5,1,1,3,5,60" ten="312,160,328,190" oya="1" hai0="47,34,14,110,3,103,124,129,107,28,106,46,29" hai1="73,57,121,71,74,111,109,11,117,35,125,48,40" hai2="114,32,131,84,118,80,13,83,59,85,78,87,77" hai3="132,19,94,4,66,99,41,10,82,96,76,62,89"/><U30/><E121/><V79/><F32/><W36/><G132/><T133/><D110/><N who="1" m="41995" /><E117/><V108/><F118/><W52/><G19/><T102/><D3/><U134/><E71/><V44/><F108/><W98/><G41/><T15/><D34/><U37/><E37/><V2/><F2/><W101/><G36/><T127/><REACH who="0" step="1"/><D133/><REACH who="0" ten="302,160,328,190" step="2"/><U42/><E134/><V55/><F131/><AGARI ba="1,2" hai="14,15,28,29,46,47,102,103,106,107,124,127,129,131" machi="131" ten="25,6400,0" yaku="1,1,2,1,22,2,53,0" doraHai="60" doraHaiUra="67" who="0" fromWho="2" sc="302,87,160,0,328,-67,190,0" /><INIT seed="6,0,0,2,5,134" ten="389,160,261,190" oya="2" hai0="50,83,121,37,9,122,96,65,48,88,95,114,13" hai1="43,100,25,11,119,127,59,7,16,71,125,27,126" hai2="21,77,108,123,41,124,2,135,132,30,49,55,40" hai3="128,74,89,44,20,56,67,45,104,80,57,66,26"/><V72/><F2/><W39/><G104/><T5/><D37/><U53/><E71/><V29/><F123/><W46/><G128/><T35/><D35/><U91/><E119/><V58/><F108/><W84/><G74/><T54/><D114/><U70/><E70/><V52/><F72/><W103/><G103/><T99/><D65/><N who="3" m="24585" /><G39/><T112/><D112/><U63/><E43/><N who="2" m="16459" /><F77/><W94/><G94/><T110/><D110/><U113/><E113/><V32/><F32/><W131/><G131/><T68/><D68/><U92/><E100/><V31/><F55/><W23/><G23/><T42/><D83/><U60/><E60/><V34/><F34/><W0/><G0/><T98/><D121/><U4/><E16/><AGARI ba="0,0" hai="16,20,26,44,45,46,56,57,80,84,89" m="24585" machi="16" ten="30,2000,0" yaku="8,1,54,1" doraHai="134" who="3" fromWho="1" sc="389,0,160,-20,261,0,190,20" /><INIT seed="7,0,0,5,1,134" ten="389,140,261,210" oya="3" hai0="111,86,90,40,15,26,2,84,11,13,118,81,83" hai1="41,16,57,109,34,125,97,23,21,4,20,106,54" hai2="51,29,89,50,120,18,88,61,27,25,116,31,30" hai3="127,6,55,0,107,105,10,48,17,121,102,79,68"/><W49/><G121/><T82/><D111/><U66/><E34/><V124/><F124/><W56/><G127/><T59/><D118/><U43/><E4/><V33/><F116/><W100/><G68/><T128/><D128/><U8/><E66/><V71/><F120/><W77/><G17/><T24/><D2/><U65/><E65/><V44/><F71/><W91/><G91/><N who="2" m="34889" /><F61/><W3/><G55/><T38/><D59/><U42/><E109/><V67/><F67/><W101/><G56/><T53/><D53/><U70/><E70/><V126/><F33/><W36/><G36/><T47/><D15/><U7/><E97/><V28/><F126/><W93/><G102/><T69/><D69/><U9/><E106/><V39/><F39/><W73/><G6/><T46/><D46/><U52/><E125/><V98/><F28/><W32/><G32/><T114/><D114/><U95/><E95/><V58/><F18/><W129/><G93/><T75/><D75/><U119/><E119/><V113/><F113/><W22/><G22/><T72/><D72/><U99/><E99/><V123/><F98/><W37/><G73/><T130/><D130/><U60/><E54/><N who="2" m="32095" /><F123/><W64/><G37/><T87/><D90/><U85/><E85/><V63/><F63/><W1/><G129/><T110/><D110/><U45/><E7/><V103/><F103/><W112/><G0/><T19/><AGARI ba="0,0" hai="11,13,19,24,26,38,40,47,81,82,83,84,86,87" machi="19" ten="30,1100,0" yaku="0,1" doraHai="134" who="0" fromWho="0" sc="389,11,140,-3,261,-3,210,-5" owari="400,49.0,137,-36.0,258,6.0,205,-19.0" /></mjloggm>