<mjloggm ver="2.3"><GO type="41" lobby="0"/><UN n0="%E3%81%AA%E3%81%8B%E3%81%95%E3%82%93" n1="%E3%81%A4%E3%82%8B%E3%81%BE%E3%81%A4%E7%99%BE%E4%B8%87%E7%9F%B3" n2="%E3%82%A6%E3%83%AB%E3%83%88%E3%83%A9%E7%AB%8B%E7%9B%B4" n3="%E9%AC%BC%E3%81%AE%E7%B5%B6%E5%80%AB" dan="14,15,16,14" rate="1954.50,2112.08,2019.63,1999.77" sx="M,M,M,M"/><TAIKYOKU oya="0"/><INIT seed="0,0,0,2,2,90" ten="250,250,250,250" oya="0" hai0="76,85,113,102,123,46,33,121,19,98,29,62,6" hai1="47,26,34,119,61,77,122,39,109,127,59,64,124" hai2="73,31,126,89,52,8,54,79,9,48,96,131,132" hai3="91,60,66,81,107,18,20,93,22,111,120,115,36"/><T3/><D113/><U110/><E34/><V128/><F79/><W4/><G115/><T35/><D19/><U135/><E77/><V16/><F73/><W30/><G107/><T99/><D85/><U13/><E13/><V70/><F70/><W75/><G36/><T55/><D76/><U58/><E26/><V40/><F40/><W17/><G4/><T45/><D62/><U74/><E74/><V69/><F69/><W56/><G111/><N who="1" m="42506" /><E119/><V106/><F31/><W118/><G118/><T41/><D55/><U78/><E78/><V125/><F54/><W97/><G30/><T0/><D102/><U24/><E24/><V104/><F104/><W92/><G75/><T94/><D29/><U11/><E11/><V80/><F80/><W105/><G120/><T88/><D88/><U42/><E122/><V101/><F89/><W68/><G68/><T1/><D1/><U43/><E135/><V32/><F32/><W95/><G105/><T57/><D57/><U133/><E133/><V50/><F132/><W129/><G129/><N who="2" m="49737" /><F50/><W23/><G97/><T87/><D87/><AGARI ba="0,0" hai="17,18,20,22,23,56,60,66,81,87,91,92,93,95" machi="87" ten="40,8000,1" yaku="8,1,52,3" doraHai="90" who="3" fromWho="0" sc="250,-80,250,0,250,0,250,80" /><INIT seed="1,0,0,0,1,30" ten="170,250,250,330" oya="1" hai0="41,47,130,52,92,89,70,29,122,58,83,126,15" hai1="78,104,93,101,98,4,2,103,107,63,33,82,105" hai2="108,8,110,55,127,42,26,6,39,40,27,90,0" hai3="62,113,28,14,22,79,95,94,20,99,5,123,16"/><U64/><E2/><V65/><F127/><W66/><G123/><T76/><D70/><U119/><E4/><V88/><F65/><W13/><G113/><T118/><D122/><U37/><E37/><V31/><F27/><W3/><G3/><T75/><D118/><U46/><E46/><V133/><F133/><W67/><G79/><T116/><D116/><U96/><E119/><V109/><F55/><W57/><G67/><T38/><D126/><U120/><E120/><V12/><F12/><W61/><G61/><T112/><D112/><U81/><E33/><V1/><F1/><W25/><G99/><T80/><D130/><U106/><E63/><V102/><F102/><W72/><REACH who="3" step="1"/><G72/><REACH who="3" ten="170,250,250,320" step="2"/><T44/><D76/><U54/><E64/><V86/><F39/><W19/><G19/><T48/><D75/><N who="1" m="43231" /><E54/><V91/><REACH who="2" step="1"/><F86/><REACH who="2" ten="170,250,240,320" step="2"/><W21/><G21/><AGARI ba="0,2" hai="0,6,8,21,26,31,40,42,88,90,91,108,109,110" machi="21" ten="50,8000,1" yaku="1,1,2,1,14,1,54,1,53,0" doraHai="30" doraHaiUra="59" who="2" fromWho="3" sc="170,0,250,0,240,100,320,-80" /><INIT seed="2,0,0,1,0,121" ten="170,250,340,240" oya="2" hai0="94,79,8,39,126,134,2,93,99,131,78,43,52" hai1="22,48,81,20,123,41,76,11,110,98,72,46,84" hai2="37,128,85,113,14,63,64,19,38,35,82,62,111" hai3="21,71,36,10,107,9,55,28,17,15,105,34,130"/><V24/><F113/><W101/><G130/><T16/><D94/><U87/><E123/><V75/><F75/><W12/><G71/><T74/><D43/><U124/><E124/><V47/><F128/><W103/><G36/><T49/><D39/><U102/><E110/><V69/><F38/><W45/><G34/><T27/><D131/><U0/><E84/><V116/><F116/><W122/><G122/><T44/><D126/><U68/><E68/><V1/><F1/><W4/><G107/><T132/><D2/><U32/><E32/><V135/><F135/><N who="0" m="51754" /><D74/><U97/><E97/><V58/><F47/><W104/><G105/><T33/><D33/><U112/><E112/><V29/><F37/><W31/><G104/><T61/><D61/><U86/><E86/><V73/><F73/><W115/><G115/><T118/><D118/><U120/><E120/><V5/><F5/><W70/><G70/><T80/><D80/><U56/><E72/><V100/><F100/><W7/><G103/><T66/><D66/><U54/><E98/><V106/><F106/><W60/><G101/><T90/><D8/><U89/><E102/><V13/><F19/><W77/><G77/><T88/><D90/><U30/><E89/><V57/><F69/><W18/><G18/><T96/><D99/><U53/><E30/><V25/><F25/><N who="3" m="14511" /><G45/><T117/><D117/><U42/><E0/><V95/><F95/><W59/><AGARI ba="0,0" hai="4,7,9,10,12,15,28,31,55,59,60" m="14511" machi="59" ten="30,1100,0" yaku="8,1" doraHai="121" who="3" fromWho="3" sc="170,-3,250,-3,340,-5,240,11" /><INIT seed="3,0,0,1,2,60" ten="167,247,335,251" oya="3" hai0="2,67,118,4,48,13,14,102,40,130,54,50,88" hai1="132,133,89,1,122,41,134,32,47,121,94,99,16" hai2="101,21,104,135,29,27,123,56,45,106,98,52,110" hai3="12,65,107,39,87,49,109,77,53,42,68,125,36"/><W33/><G33/><T30/><D2/><U100/><E1/><V7/><F123/><W129/><G107/><T95/><D118/><U93/><E32/><V66/><F135/><W120/><G120/><T38/><D38/><U113/><E113/><V70/><F110/><W83/><G109/><T96/><D30/><U57/><E57/><V76/><F7/><W78/><G125/><T79/><D79/><U22/><E47/><V34/><F76/><W127/><G127/><T20/><D130/><U62/><E62/><N who="2" m="40279" /><F21/><W73/><G129/><T128/><D128/><U31/><E41/><V23/><F23/><W116/><G116/><T119/><D119/><U63/><E63/><N who="2" m="36231" /><F45/><W112/><G112/><T0/><D0/><U19/><E31/><V26/><F26/><W91/><G78/><T43/><D4/><U69/><E19/><V5/><F5/><W111/><G42/><T59/><D102/><U8/><E8/><V126/><F106/><W131/><G131/><T10/><D43/><U84/><REACH who="1" step="1"/><E69/><REACH who="1" ten="167,237,335,251" step="2"/><V103/><F103/><W92/><G111/><T80/><D40/><U24/><AGARI ba="0,1" hai="16,22,24,84,89,93,94,99,100,121,122,132,133,134" machi="24" ten="30,8000,1" yaku="1,1,2,1,0,1,20,1,54,1,53,0" doraHai="60" doraHaiUra="51" who="1" fromWho="1" sc="167,-20,237,90,335,-20,251,-40" /><INIT seed="4,0,0,5,4,88" ten="147,327,315,211" oya="0" hai0="12,55,116,7,128,85,121,135,81,54,34,43,67" hai1="126,19,109,1,120,71,8,82,103,107,26,51,118" hai2="92,64,73,131,89,18,25,33,70,125,52,63,22" hai3="102,35,132,90,115,27,100,45,69,6,80,134,57"/><T42/><D34/><U4/><E109/><V31/><F73/><W74/><G69/><T2/><D121/><U117/><E71/><V106/><F106/><W97/><G6/><T17/><D2/><U127/><E107/><V3/><F3/><W24/><G115/><T76/><D116/><U104/><E104/><V77/><F77/><W75/><G35/><T53/><D7/><U32/><E103/><N who="3" m="39466" /><G45/><T68/><D128/><U0/><E82/><V48/><F131/><W58/><G57/><T15/><D135/><N who="3" m="51753" /><G58/><T13/><D68/><U99/><E99/><V96/><F125/><N who="1" m="47625" /><E51/><V23/><REACH who="2" step="1"/><F18/><REACH who="2" ten="147,327,305,211" step="2"/><W21/><G75/><T44/><D67/><U101/><E0/><V79/><F79/><W93/><G74/><T65/><D65/><U49/><E19/><V20/><F20/><W78/><G78/><T60/><D60/><U124/><E124/><V10/><F10/><W41/><G21/><T112/><D112/><U59/><E8/><V5/><F5/><W62/><G62/><T84/><D17/><U39/><E4/><V28/><F28/><W66/><G66/><T29/><D29/><U9/><E9/><V95/><F95/><W61/><G61/><T98/><D44/><AGARI ba="0,1" hai="22,23,25,31,33,44,48,52,63,64,70,89,92,96" machi="44" ten="30,7700,0" yaku="1,1,7,1,52,1,54,1,53,0" doraHai="88" doraHaiUra="38" who="2" fromWho="0" sc="147,-77,327,0,305,87,211,0" /><INIT seed="5,0,0,3,5,126" ten="70,327,392,211" oya="1" hai0="116,53,89,110,34,111,106,41,118,133,11,65,22" hai1="23,68,98,86,54,1,92,49,30,3,4,63,120" hai2="129,90,14,60,115,5,70,135,19,48,46,43,10" hai3="15,81,79,99,105,108,57,123,18,56,117,36,42"/><U77/><E120/><V85/><F135/><W8/><G123/><T27/><D41/><U102/><E4/><V71/><F115/><W21/><G108/><T109/><D53/><U29/><E77/><V134/><F134/><W74/><G117/><T51/><D65/><U95/><E68/><V83/><F129/><W94/><G105/><T31/><D51/><U52/><E3/><V25/><F60/><W6/><G42/><T76/><D76/><U26/><E1/><V113/><F113/><W62/><G36/><T122/><D89/><N who="1" m="53303" /><E63/><V67/><F67/><W55/><G57/><T128/><D106/><U119/><E119/><N who="0" m="45609" /><D11/><U82/><E82/><V0/><F25/><W35/><G35/><T47/><D47/><N who="1" m="27711" /><E54/><V121/><F121/><W84/><G74/><T91/><D91/><U9/><E9/><AGARI ba="0,0" hai="0,5,9,10,14,19,43,46,48,70,71,83,85,90" machi="9" ten="30,1000,0" yaku="7,1" doraHai="126" who="2" fromWho="1" sc="70,0,327,-10,392,10,211,0" /><INIT seed="6,0,0,5,2,44" ten="70,317,402,211" oya="2" hai0="65,91,110,1,43,51,61,17,77,118,113,97,133" hai1="14,10,9,34,119,6,80,7,18,26,99,52,92" hai2="96,32,102,121,109,20,50,84,40,64,67,75,70" hai3="73,11,115,105,0,4,81,36,69,16,94,104,130"/><V82/><F75/><W12/><G69/><T95/><D1/><U37/><E37/><V85/><F32/><W78/><G130/><T29/><D110/><U22/><E119/><V54/><F121/><W101/><G36/><T59/><D118/><U68/><E68/><V35/><F35/><W100/><G115/><T131/><D131/><U24/><E80/><V42/><F85/><W60/><G60/><T39/><D133/><U27/><E34/><V57/><F109/><W31/><G31/><T76/><D113/><U55/><E10/><V120/><F120/><W89/><G105/><T88/><D29/><U41/><E41/><V19/><F70/><W8/><REACH who="3" step="1"/><G104/><REACH who="3" ten="70,317,402,201" step="2"/><T124/><D124/><U106/><E106/><V132/><F132/><W46/><G46/><N who="0" m="26079" /><D39/><U87/><E87/><AGARI ba="0,1" hai="0,4,8,11,12,16,73,78,81,87,89,94,100,101" machi="87" ten="30,8000,1" yaku="1,1,7,1,54,1,53,2" doraHai="44" doraHaiUra="5" who="3" fromWho="1" sc="70,0,317,-80,402,0,201,90" /><INIT seed="7,0,0,5,1,98" ten="70,237,402,291" oya="3" hai0="46,2,65,43,24,75,10,63,35,22,105,79,96" hai1="56,93,85,57,19,88,49,108,91,61,130,29,81" hai2="37,129,8,5,117,58,90,26,64,77,94,6,48" hai3="125,25,89,12,30,70,28,122,21,40,92,7,80"/><W116/><G122/><T51/><D35/><U115/><E130/><V42/><F37/><W36/><G116/><T14/><D2/><U103/><E115/><V72/><F117/><W55/><G70/><T95/><D105/><U97/><E108/><V33/><F129/><W41/><G125/><T107/><D107/><U73/><E29/><V69/><F69/><W34/><G80/><T110/><D110/><U32/><E32/><V106/><F106/><W50/><G36/><T118/><D118/><U1/><E1/><V100/><F77/><W9/><G30/><T76/><D75/><U86/><E73/><V132/><F72/><W11/><G11/><T54/><D54/><U111/><E111/><V67/><F33/><W17/><G7/><T15/><D15/><U133/><E133/><V0/><F132/><W126/><G126/><T47/><D47/><U83/><E19/><V18/><F6/><W59/><REACH who="3" step="1"/><G34/><REACH who="3" ten="70,237,402,281" step="2"/><T113/><D113/><U102/><E49/><V82/><F8/><W114/><G114/><T68/><D10/><U71/><E71/><V16/><F5/><W13/><G13/><T4/><D4/><U124/><E124/><V120/><F0/><W27/><G27/><T121/><D121/><U53/><REACH who="1" step="1"/><E57/><REACH who="1" ten="70,227,402,281" step="2"/><V128/><F58/><W44/><G44/><T109/><D109/><U45/><E45/><V39/><F120/><W20/><G20/><T74/><D74/><U78/><AGARI ba="0,2" hai="53,56,61,78,81,83,85,86,88,91,93,97,102,103" machi="78" ten="20,12000,2" yaku="1,1,0,1,7,1,8,1,52,2,54,1,53,0" doraHai="98" doraHaiUra="123" who="1" fromWho="1" sc="70,-30,227,140,402,-30,281,-60" owari="40,-46.0,367,17.0,372,47.0,221,-18.0" /></mjloggm>