<mjloggm ver="2.3"><GO type="97"/><UN n0="%EF%BC%88%E2%89%A7%E2%96%BD%E2%89%A6%EF%BC%89" n1="%E2%98%86%41%4B%55%4D%49%E2%98%86" n2="%E3%81%BC%E3%82%88%E3%81%BC%E3%82%88" n3="%E5%8F%8D%E9%99%BD%E5%AD%90%E3%81%95%E3%82%93" dan="15,14,13,15" rate="1973,1950,1860,2025" sx="M,M,M,M"/><TAIKYOKU oya="0"/><INIT seed="0,0,0,3,1,85" ten="250,250,250,250" oya="0" hai0="115,50,10,29,96,67,63,47,58,90,125,116,55" hai1="93,54,48,130,108,46,113,92,134,60,112,12,6" hai2="118,59,105,1,0,104,128,72,53,75,98,123,69" hai3="40,110,97,88,99,81,42,56,34,37,41,8,126"/><T11/><D116/><U114/><E134/><V87/><F69/><W28/><G37/><T86/><D115/><U66/><E108/><V4/><F123/><W135/><G110/><T120/><D120/><U51/><E130/><V9/><F118/><W78/><G135/><T19/><D125/><U107/><E107/><V76/><F128/><W124/><G34/><T24/><D96/><N who="3" m="36937" /><G28/><T119/><D19/><U100/><E100/><V25/><F0/><W20/><G20/><T33/><REACH who="0" step="1"/><D119/><REACH who="0" ten="240,250,250,250" step="2"/><U5/><E5/><V64/><F98/><W80/><G124/><T30/><D30/><U106/><E112/><V83/><F104/><W101/><G126/><T21/><D21/><U77/><E106/><V15/><F105/><W82/><G101/><T122/><D122/><U133/><E6/><V18/><F64/><W52/><G8/><T89/><D89/><U94/><E133/><V65/><F65/><W132/><G132/><T22/><D22/><U102/><E102/><V27/><F75/><W73/><G73/><T7/><D7/><U84/><E113/><V57/><F72/><W44/><G78/><T49/><D49/><U68/><E114/><V71/><F71/><W131/><G131/><T38/><D38/><U91/><E51/><V129/><F129/><W127/><G127/><T70/><D70/><U74/><E74/><V103/><F103/><W61/><G88/><T16/><D16/><U36/><E36/><V14/><F1/><W32/><G32/><T121/><D121/><U43/><E77/><V31/><F31/><W95/><G95/><AGARI ba="0,1" hai="10,11,24,29,33,47,50,55,58,63,67,86,90,95" machi="95" ten="30,11600,0" yaku="1,1,7,1,52,1,53,1" doraHai="85" doraHaiUra="26" who="0" fromWho="3" sc="240,126,250,0,250,0,250,-116" /><INIT seed="0,1,0,3,4,19" ten="366,250,250,134" oya="0" hai0="44,134,122,5,17,21,123,132,126,77,105,118,64" hai1="26,55,121,10,56,25,69,27,4,74,129,34,130" hai2="75,1,83,119,18,111,32,16,78,79,106,82,124" hai3="135,46,98,45,43,6,93,95,131,12,114,49,84"/><T22/><D105/><U91/><E121/><N who="0" m="46089" /><D77/><U120/><E120/><V51/><F32/><W81/><G114/><T92/><D118/><U39/><E39/><V57/><F1/><W50/><G135/><N who="0" m="51755" /><D126/><U117/><E117/><V88/><F106/><W13/><G131/><N who="1" m="50186" /><E74/><V112/><F119/><W107/><G107/><T110/><D110/><U76/><E76/><V80/><F112/><W24/><G24/><T36/><D64/><U125/><E125/><V89/><F111/><W28/><G28/><T99/><D99/><U31/><E69/><V0/><F0/><W66/><G66/><T115/><D115/><U53/><E91/><V104/><F104/><W133/><G133/><T54/><D5/><U85/><E85/><V23/><F124/><W94/><G98/><T127/><D127/><U65/><E65/><V14/><F82/><W97/><G97/><T15/><D92/><U72/><E72/><V67/><F18/><W109/><G109/><T87/><D87/><U11/><E53/><V38/><F38/><W116/><G116/><T48/><D36/><U60/><E4/><V33/><F33/><W108/><G6/><T61/><D61/><U42/><E42/><V62/><F51/><W101/><G108/><T68/><D68/><U35/><E35/><V8/><REACH who="2" step="1"/><F8/><AGARI ba="1,0" hai="8,15,17,21,22,44,48,54" m="51755,46089" machi="8" ten="30,5800,0" yaku="20,1,52,2" doraHai="19" who="0" fromWho="2" sc="366,61,250,0,250,-61,134,0" /><AGARI ba="1,0" hai="8,10,11,25,26,27,31,34,55,56,60" m="50186" machi="8" ten="30,1000,0" yaku="19,1" doraHai="19" who="1" fromWho="2" sc="427,0,250,10,189,-10,134,0" /><INIT seed="0,2,0,0,1,73" ten="427,260,179,134" oya="0" hai0="18,29,66,82,53,125,61,41,52,40,16,64,49" hai1="110,88,131,92,130,106,118,39,10,7,45,85,48" hai2="80,70,87,99,57,27,34,86,5,38,36,44,23" hai3="3,8,2,117,120,126,68,13,0,31,128,98,104"/><T103/><D125/><U47/><E118/><V25/><F70/><W115/><G68/><T56/><D103/><U51/><E106/><V78/><F5/><W30/><G117/><T54/><D29/><U15/><E110/><V127/><F127/><W32/><G126/><T59/><D82/><U14/><E14/><V22/><F99/><W129/><G104/><T105/><D105/><U42/><REACH who="1" step="1"/><E45/><REACH who="1" ten="427,250,179,134" step="2"/><V28/><F57/><W93/><G120/><T26/><D26/><U74/><E74/><V91/><F44/><W37/><G115/><T17/><D53/><U62/><E62/><V97/><F97/><W11/><G13/><T4/><D4/><U95/><E95/><V1/><F1/><W84/><G84/><T121/><D121/><U71/><E71/><V69/><F69/><W119/><G119/><T12/><D12/><U83/><E83/><V113/><F113/><W90/><G3/><T63/><D63/><U81/><E81/><V60/><F60/><W43/><G98/><T46/><D46/><U107/><E107/><V55/><F34/><W123/><G93/><T67/><AGARI ba="2,1" hai="16,17,18,40,41,49,52,54,56,59,61,64,66,67" machi="67" ten="30,11700,0" yaku="0,1,8,1,54,2" doraHai="73" who="0" fromWho="0" sc="427,133,250,-41,179,-41,134,-41" /><INIT seed="0,3,0,5,4,65" ten="560,209,138,93" oya="0" hai0="37,109,95,98,81,55,132,103,13,25,135,88,90" hai1="122,22,66,46,16,63,57,93,133,14,31,72,89" hai2="121,32,18,77,85,96,39,70,48,118,130,36,10" hai3="9,21,29,41,44,126,83,92,134,100,4,49,69"/><T105/><D37/><U97/><E122/><V17/><F32/><W47/><G126/><T33/><D109/><U113/><E72/><V26/><F121/><W5/><G134/><T75/><D13/><U129/><E133/><V6/><F118/><W52/><G69/><T28/><D55/><U119/><E119/><V61/><F130/><W12/><G83/><T30/><D30/><U91/><E129/><V71/><F96/><W120/><G120/><T3/><D3/><U74/><E74/><V112/><F112/><W59/><G5/><T67/><D67/><U104/><E113/><V11/><F85/><W111/><G111/><T2/><D2/><U99/><E46/><V8/><F77/><W15/><G100/><T34/><D34/><U51/><E51/><V23/><F48/><W123/><G123/><T62/><D62/><U73/><E73/><V127/><F127/><W38/><G92/><T116/><D116/><U82/><E104/><V79/><F79/><W114/><G114/><T131/><D131/><U53/><E31/><V86/><F86/><W117/><G117/><T20/><D33/><U68/><E82/><V45/><F45/><W35/><G35/><T58/><D58/><U125/><E125/><V27/><F61/><W76/><G76/><N who="0" m="44191" /><D90/><U106/><E106/><V24/><F6/><W101/><G101/><T107/><D107/><U115/><E115/><V19/><REACH who="2" step="1"/><F23/><REACH who="2" ten="560,209,128,93" step="2"/><W56/><G29/><T43/><D132/><U42/><E97/><V80/><F80/><W78/><G78/><T87/><D135/><U108/><E99/><V0/><F0/><RYUUKYOKU ba="3,1" sc="560,10,209,-30,128,10,93,10" hai0="20,25,28,43,87,88,95,98,103,105" hai2="8,10,11,17,18,19,24,26,27,36,39,70,71" hai3="4,9,12,15,21,38,41,44,47,49,52,56,59" /><INIT seed="0,4,1,4,3,132" ten="570,179,138,103" oya="0" hai0="78,73,83,16,8,121,27,106,52,90,126,9,46" hai1="130,89,37,108,29,24,87,74,79,22,107,97,2" hai2="128,68,86,14,17,113,115,53,99,50,133,49,88" hai3="54,39,18,59,114,28,11,117,92,31,38,64,63"/><T4/><D121/><U134/><E2/><V91/><F68/><W123/><G114/><T56/><D106/><U103/><E134/><V34/><F34/><W104/><G117/><T0/><D126/><U13/><E37/><V5/><F128/><W3/><G104/><T110/><D110/><U15/><E130/><V82/><F133/><W32/><G123/><T51/><D90/><U45/><E45/><V70/><F70/><W100/><G39/><T42/><D9/><U84/><E108/><V67/><F67/><W85/><G38/><T94/><D94/><U25/><E25/><V122/><F122/><W96/><G32/><T135/><D135/><U80/><REACH who="1" step="1"/><E84/><REACH who="1" ten="570,169,138,103" step="2"/><V93/><F5/><W7/><G85/><T72/><D72/><U66/><E66/><V61/><F61/><W44/><G44/><T55/><D56/><U35/><E35/><V105/><F49/><W65/><G64/><T76/><D51/><U1/><E1/><V124/><F105/><W30/><G65/><T58/><D46/><U120/><E120/><V118/><F124/><W112/><G112/><T48/><D48/><U129/><E129/><V131/><F131/><W71/><G71/><T23/><D23/><U62/><E62/><V57/><REACH who="2" step="1"/><F118/><REACH who="2" ten="570,169,128,103" step="2"/><W26/><G63/><T21/><D0/><U116/><E116/><V10/><AGARI ba="4,3" hai="10,14,17,50,53,57,82,86,88,91,93,99,113,115" machi="10" ten="20,8000,1" yaku="1,1,2,1,0,1,7,1,54,1,53,0" doraHai="132" doraHaiUra="19" who="2" fromWho="2" sc="570,-44,169,-24,128,122,103,-24" /><INIT seed="1,0,0,4,4,99" ten="526,145,250,79" oya="1" hai0="41,30,61,74,43,88,71,81,38,72,87,17,2" hai1="0,51,18,34,63,46,73,114,93,28,13,96,12" hai2="22,55,109,84,7,62,127,82,110,24,85,119,66" hai3="48,1,120,104,59,117,90,57,31,105,131,108,107"/><U45/><E73/><V42/><F119/><W44/><G117/><T47/><D2/><U92/><E0/><V50/><F7/><W121/><G1/><T77/><D41/><U32/><E114/><V19/><F42/><W58/><G108/><N who="2" m="41577" /><F127/><W89/><G31/><T113/><D113/><U64/><E32/><V39/><F39/><W79/><G79/><T76/><D30/><U134/><E134/><V11/><F11/><W3/><G3/><T21/><D72/><U29/><E29/><V115/><F82/><W86/><G131/><T33/><D33/><U14/><E18/><V98/><F98/><W135/><G135/><T20/><D20/><U102/><E93/><V9/><F9/><W23/><G23/><T60/><D71/><U25/><REACH who="1" step="1"/><E51/><REACH who="1" ten="526,135,250,79" step="2"/><V124/><F115/><W40/><REACH who="3" step="1"/><G86/><REACH who="3" ten="526,135,250,69" step="2"/><N who="2" m="33385" /><F124/><W112/><G112/><T16/><D87/><U35/><E35/><V125/><F125/><W101/><G101/><T75/><D74/><U130/><E130/><V97/><F97/><W68/><G68/><AGARI ba="0,2" hai="12,13,14,25,28,34,45,46,63,64,68,92,96,102" machi="68" ten="40,3900,0" yaku="1,1,52,1,53,0" doraHai="99" doraHaiUra="128" who="1" fromWho="3" sc="526,0,135,59,250,0,69,-39" /><INIT seed="1,1,0,5,3,124" ten="526,194,250,30" oya="1" hai0="89,64,70,31,46,111,14,22,99,115,78,120,81" hai1="76,42,35,13,116,5,47,34,100,84,129,135,122" hai2="119,29,6,69,82,74,91,68,71,23,102,134,109" hai3="44,127,112,87,80,98,61,19,50,105,83,7,53"/><U4/><E122/><V132/><F119/><W131/><G127/><T33/><D64/><U110/><E116/><V40/><F40/><W94/><G112/><T32/><D22/><U97/><E135/><N who="2" m="51755" /><F6/><W79/><G105/><T66/><D14/><U133/><E133/><V73/><F102/><W101/><G131/><T121/><D99/><U63/><E63/><V56/><F109/><W77/><G7/><T51/><D89/><U65/><E65/><V126/><F126/><W20/><G61/><T8/><D51/><U60/><E60/><V18/><F29/><W92/><G94/><T3/><D46/><U93/><E110/><V30/><F30/><W10/><G10/><T55/><D8/><U96/><E129/><V75/><F56/><W52/><G53/><T72/><D55/><U36/><E35/><V0/><F0/><W37/><G37/><T16/><D66/><U90/><E34/><V114/><F114/><W12/><REACH who="3" step="1"/><G83/><REACH who="3" ten="526,194,250,20" step="2"/><T59/><D81/><U125/><E125/><V95/><F82/><W118/><G118/><T21/><D120/><U28/><E5/><V123/><F123/><W113/><G113/><T41/><D121/><U103/><E4/><V39/><F39/><W86/><G86/><T24/><D115/><U15/><E84/><N who="2" m="52711" /><F75/><W108/><G108/><T106/><D72/><U58/><E36/><V85/><F85/><W2/><G2/><T17/><D3/><U104/><E104/><V26/><AGARI ba="1,1" hai="18,23,26,68,69,71,73,74" m="52711,51755" machi="26" ten="40,1500,0" yaku="20,1" doraHai="124" who="2" fromWho="2" sc="526,-5,194,-8,250,28,20,-5" /><INIT seed="2,0,0,0,3,54" ten="521,186,278,15" oya="2" hai0="60,70,124,102,116,24,127,3,95,117,72,58,53" hai1="90,113,2,106,25,37,57,83,130,0,123,67,133" hai2="10,52,115,62,65,63,73,128,5,76,77,129,118" hai3="86,120,66,32,47,33,80,31,98,122,82,94,55"/><V78/><F115/><W6/><G66/><N who="0" m="41287" /><D3/><U40/><E113/><V89/><F118/><N who="0" m="45674" /><D72/><U34/><E133/><V91/><F73/><W104/><G6/><T46/><D46/><U41/><E41/><V68/><F52/><W26/><G104/><T35/><D35/><U131/><E106/><V30/><F30/><W20/><G82/><T79/><D79/><N who="2" m="20226" /><V85/><DORA hai="100" /><F63/><W93/><G94/><T88/><D24/><U71/><E0/><N who="2" m="295" /><F85/><W39/><G33/><T11/><D102/><U114/><E2/><V43/><F43/><W99/><G32/><T16/><D11/><U101/><E114/><V22/><F22/><W27/><G26/><T134/><D134/><U21/><E25/><V48/><F48/><W81/><G120/><T84/><D16/><U112/><E123/><V105/><F105/><W36/><G122/><T4/><D4/><U7/><E21/><V97/><F97/><W92/><G31/><T56/><D56/><U119/><E7/><V28/><F28/><W50/><G27/><T14/><D14/><U132/><E119/><V110/><F110/><W75/><G75/><T121/><D121/><U23/><E112/><V126/><F126/><W111/><G111/><T13/><D13/><U64/><E23/><V38/><F38/><W74/><G20/><T107/><D107/><U12/><E37/><V44/><F44/><W87/><G74/><T96/><D96/><U17/><E34/><V61/><F61/><AGARI ba="0,0" hai="53,58,61,84,88,95,124,127" m="45674,41287" machi="61" ten="30,3900,0" yaku="12,1,52,1,54,1" doraHai="54,100" who="0" fromWho="2" sc="521,39,186,0,278,-39,15,0" /><INIT seed="3,0,0,3,1,53" ten="560,186,239,15" oya="3" hai0="83,130,26,9,61,31,114,33,128,88,65,16,18" hai1="27,64,22,103,5,126,116,106,102,94,52,42,0" hai2="41,58,92,21,107,51,105,62,133,134,124,132,115" hai3="50,77,101,81,66,19,93,15,2,6,20,49,97"/><W63/><G2/><T78/><D114/><U24/><E42/><V120/><F115/><W23/><G6/><T90/><D9/><U104/><E64/><V48/><F120/><W125/><G23/><T80/><D90/><U82/><E82/><N who="0" m="31273" /><D88/><U122/><E122/><V123/><F123/><W11/><G11/><T112/><D78/><U111/><E111/><V84/><F124/><W72/><REACH who="3" step="1"/><G125/><REACH who="3" ten="560,186,239,5" step="2"/><T74/><D33/><U96/><E126/><V87/><F41/><W59/><AGARI ba="0,1" hai="15,19,20,49,50,59,63,66,72,77,81,93,97,101" machi="59" ten="20,18000,2" yaku="1,1,2,1,0,1,7,1,52,1,53,1" doraHai="53" doraHaiUra="54" who="3" fromWho="3" sc="560,-60,186,-60,239,-60,5,190" /><INIT seed="3,1,0,3,0,132" ten="500,126,179,195" oya="3" hai0="70,26,73,57,98,56,93,92,53,112,20,131,42" hai1="10,84,33,1,54,43,3,21,35,19,12,47,96" hai2="30,37,24,130,108,41,62,23,76,78,15,88,90" hai3="5,7,51,103,111,31,100,127,85,71,65,61,126"/><W118/><G118/><T75/><D73/><U13/><E96/><V34/><F108/><W99/><G111/><T107/><D75/><U69/><E69/><V67/><F130/><W116/><G116/><T11/><D70/><U113/><E84/><V95/><F37/><W74/><G74/><T63/><D131/><U44/><E113/><V4/><F41/><W17/><G31/><T27/><D112/><U97/><E97/><V82/><F90/><W133/><G133/><T66/><D42/><U129/><E129/><V83/><F34/><N who="1" m="12809" /><E54/><V18/><F4/><W115/><G115/><T46/><D46/><U45/><E43/><V32/><F82/><W14/><G51/><T86/><D11/><N who="1" m="6591" /><E44/><V39/><F83/><W36/><G85/><T125/><D125/><N who="3" m="47625" /><G36/><T80/><D86/><U22/><E47/><V68/><REACH who="2" step="1"/><F39/><REACH who="2" ten="500,126,169,195" step="2"/><W128/><G128/><T0/><D63/><U59/><E59/><V87/><AGARI ba="1,1" hai="15,18,23,24,30,32,62,67,68,76,78,87,88,95" machi="87" ten="20,8000,1" yaku="1,1,2,1,0,1,7,1,54,1,53,0" doraHai="132" doraHaiUra="2" who="2" fromWho="2" sc="500,-21,126,-21,169,93,195,-41" owari="479,58.0,105,-39.0,262,6.0,154,-25.0" /></mjloggm>