<mjloggm ver="2.3"><GO type="169" lobby="0"/><UN n0="%E3%81%8B%E3%81%92%E3%81%8D%E3%82%85%E3%81%86" n1="%E3%81%84%E3%81%A1%E3%81%8B%E3%82%8F%E2%99%AA" n2="%EF%BC%88%E2%89%A7%E2%96%BD%E2%89%A6%EF%BC%89" n3="%E8%B6%85%E3%83%92%E3%83%A2%E3%83%AA%E3%83%AD" dan="16,17,18,18" rate="2134.26,2204.42,2249.34,2186.48" sx="M,M,M,F"/><TAIKYOKU oya="0"/><INIT seed="0,0,0,4,2,43" ten="250,250,250,250" oya="0" hai0="32,125,95,21,135,14,39,47,52,10,66,51,126" hai1="81,86,91,68,132,25,38,9,93,131,54,101,82" hai2="89,57,118,63,134,107,111,78,94,65,49,37,124" hai3="79,100,59,60,113,129,103,128,110,99,48,71,80"/><T3/><D32/><U87/><E68/><V36/><F107/><W7/><G110/><T72/><D72/><U115/><E38/><V27/><F118/><W26/><G113/><T35/><D35/><U105/><E132/><V88/><F134/><W8/><G26/><T33/><D33/><U15/><E131/><N who="3" m="50250" /><G48/><T30/><D66/><U56/><E115/><V97/><F111/><W16/><G99/><T42/><D95/><U28/><E105/><V1/><F1/><N who="3" m="111" /><G16/><T76/><D76/><U98/><E28/><V17/><F78/><W77/><G71/><T69/><D69/><U0/><E25/><V102/><F124/><N who="0" m="47722" /><D3/><U133/><E0/><V55/><F36/><W24/><G24/><N who="0" m="16655" /><D135/><U117/><E133/><V61/><F37/><W45/><G79/><T44/><D10/><U64/><E64/><V2/><F2/><W74/><G45/><T120/><D14/><U70/><E70/><V22/><F63/><W127/><G127/><T12/><D12/><U6/><E117/><V106/><REACH who="2" step="1"/><F106/><REACH who="2" ten="250,250,240,250" step="2"/><W112/><G112/><T123/><AGARI ba="0,1" hai="39,42,44,47,51,52,120,123" m="16655,47722" machi="123" ten="30,11700,0" yaku="18,1,52,2,54,1" doraHai="43" who="0" fromWho="0" sc="250,127,250,-39,240,-39,250,-39" /><INIT seed="0,1,0,4,2,95" ten="377,211,201,211" oya="0" hai0="11,54,79,33,104,92,64,100,21,31,60,36,112" hai1="44,77,114,13,88,116,103,34,24,28,101,70,65" hai2="86,122,106,127,6,129,74,30,110,61,53,12,121" hai3="133,4,76,17,10,42,119,58,20,78,99,3,52"/><T71/><D112/><U83/><E116/><V68/><F74/><W55/><G133/><T113/><D113/><U27/><E114/><V38/><F38/><W124/><G124/><T107/><D33/><U29/><E44/><V23/><F127/><W115/><G115/><T135/><D36/><U105/><E13/><V49/><F106/><W73/><G119/><T80/><D11/><U98/><E103/><V32/><F32/><W120/><G120/><T26/><D135/><U45/><E45/><V118/><F118/><W57/><G42/><T5/><D5/><U111/><E111/><V19/><F110/><W37/><G37/><T18/><D31/><U89/><E65/><V9/><F30/><W16/><G73/><T81/><D54/><U25/><E70/><V47/><F129/><W125/><G125/><T35/><D35/><U2/><E2/><V108/><F108/><W56/><G17/><T93/><D80/><U72/><E27/><V69/><F69/><W67/><G67/><T85/><REACH who="0" step="1"/><D92/><REACH who="0" ten="367,211,201,211" step="2"/><U90/><E29/><V63/><F121/><W48/><G55/><T75/><D75/><U117/><E117/><V62/><F122/><W132/><G132/><T109/><D109/><U40/><REACH who="1" step="1"/><E24/><REACH who="1" ten="367,201,201,211" step="2"/><V14/><F68/><W59/><REACH who="3" step="1"/><G99/><AGARI ba="1,2" hai="18,21,26,60,64,71,79,81,85,93,99,100,104,107" machi="99" ten="40,3900,0" yaku="1,1,52,1,53,0" doraHai="95" doraHaiUra="1" who="0" fromWho="3" sc="367,62,201,0,201,0,211,-42" /><INIT seed="0,2,0,1,3,54" ten="429,201,201,169" oya="0" hai0="74,81,93,105,99,59,98,95,30,3,34,108,49" hai1="28,62,91,96,46,56,110,131,79,51,87,122,42" hai2="92,94,120,82,67,86,103,64,12,41,57,97,80" hai3="69,7,58,31,27,18,118,44,10,129,114,63,19"/><T77/><D3/><U32/><E131/><V124/><F120/><W76/><G114/><T53/><D105/><U111/><E122/><V61/><F124/><W47/><G118/><T52/><D108/><N who="1" m="41515" /><E96/><V4/><F41/><W70/><G129/><T33/><D53/><N who="1" m="34063" /><E79/><V2/><F2/><W78/><G70/><T119/><D119/><U89/><E87/><V36/><F36/><W23/><G69/><T24/><REACH who="0" step="1"/><D34/><REACH who="0" ten="419,201,201,169" step="2"/><U26/><AGARI ba="2,1" hai="26,28,32,42,46,51,89,91" m="34063,41515" machi="26" ten="30,2000,0" yaku="14,1,52,1" doraHai="54" who="1" fromWho="1" sc="419,-12,201,36,201,-7,169,-7" /><INIT seed="1,0,0,5,3,96" ten="407,237,194,162" oya="1" hai0="28,25,132,79,99,12,17,106,113,122,15,80,63" hai1="33,6,84,2,5,29,18,41,13,75,74,76,55" hai2="71,128,105,70,50,31,110,118,23,119,78,52,22" hai3="102,101,20,93,21,9,131,66,27,112,10,1,51"/><U127/><E127/><V107/><F78/><W104/><G112/><T85/><D113/><U95/><E41/><V89/><F128/><W116/><G131/><T8/><D132/><U111/><E111/><V108/><F89/><W91/><G104/><N who="2" m="40009" /><F31/><W42/><G116/><N who="2" m="44585" /><F52/><W65/><G21/><N who="2" m="7689" /><F50/><W126/><G126/><T43/><D43/><U100/><E55/><V81/><F81/><W90/><G90/><T49/><D49/><U37/><E29/><V7/><F7/><W120/><G120/><T121/><D28/><U48/><E6/><V26/><F26/><W103/><G1/><T64/><D25/><U77/><E5/><V47/><F47/><N who="3" m="26103" /><G65/><T129/><D129/><U57/><E2/><V58/><F58/><W60/><G66/><T32/><D106/><U88/><E57/><V124/><F124/><W68/><G60/><T123/><D63/><U36/><E48/><V4/><F4/><W3/><G3/><T94/><D64/><U92/><E77/><V46/><F46/><W14/><G68/><AGARI ba="0,0" hai="68,70,71,108,110" m="7689,44585,40009" machi="68" ten="40,2600,0" yaku="28,2" doraHai="96" who="2" fromWho="3" sc="407,0,237,0,194,26,162,-26" /><INIT seed="2,0,0,1,5,2" ten="407,237,220,136" oya="2" hai0="0,53,10,17,80,34,47,130,89,28,44,79,57" hai1="104,68,61,55,98,24,45,35,119,12,82,65,87" hai2="71,63,54,3,39,41,129,100,4,11,49,124,90" hai3="134,56,59,26,30,23,42,88,125,84,105,33,133"/><V16/><F100/><W32/><G105/><T78/><D130/><U38/><E119/><V108/><F129/><W117/><G117/><T6/><D89/><U5/><E12/><V126/><F108/><W99/><G99/><T101/><D101/><U73/><E73/><V37/><F90/><W85/><G85/><T94/><D94/><U36/><E55/><V69/><F41/><W20/><G42/><T15/><D79/><U112/><E45/><V21/><F39/><W66/><G125/><N who="2" m="48233" /><F63/><N who="3" m="38247" /><G59/><T128/><D128/><U110/><E5/><V75/><F37/><W122/><G33/><T86/><D34/><U118/><E110/><V113/><F113/><W77/><G77/><T76/><D28/><N who="1" m="19847" /><E112/><V40/><F40/><W114/><G122/><T83/><D6/><U109/><E109/><V111/><F75/><W115/><G115/><T92/><D78/><N who="1" m="46551" /><E118/><V121/><F121/><W50/><G50/><T25/><D76/><U103/><AGARI ba="0,0" hai="36,38,61,65,68,98,103,104" m="46551,19847" machi="103" ten="30,1100,0" yaku="25,1" doraHai="2" who="1" fromWho="1" sc="407,-3,237,11,220,-5,136,-3" /><INIT seed="3,0,0,4,2,89" ten="404,248,215,133" oya="3" hai0="130,37,112,55,61,105,133,122,24,80,62,71,45" hai1="35,3,108,12,7,67,118,54,98,65,31,40,106" hai2="59,94,125,26,44,120,8,60,113,107,100,4,66" hai3="70,22,25,75,90,74,127,81,13,132,131,23,123"/><W95/><G127/><T27/><D105/><U99/><E106/><V39/><F113/><W5/><G131/><T10/><D122/><U128/><E35/><V97/><F120/><W2/><G132/><T9/><D133/><U50/><E3/><V126/><F26/><N who="0" m="9770" /><D71/><U56/><E40/><V124/><F107/><W14/><G123/><T85/><D37/><U82/><E118/><V96/><F96/><W19/><G70/><T68/><D68/><U42/><E42/><V110/><F110/><W104/><G104/><T53/><D112/><U69/><E31/><V28/><F28/><W58/><G58/><N who="0" m="35023" /><D62/><U63/><E69/><V33/><F33/><W11/><G81/><T84/><D84/><U114/><E82/><V111/><F111/><W64/><G64/><T87/><D87/><U41/><E67/><V29/><F29/><W43/><G43/><T109/><D130/><U121/><E41/><N who="2" m="22591" /><F8/><W129/><G129/><T34/><D34/><U77/><E128/><V119/><F4/><W49/><G49/><N who="0" m="29103" /><D109/><U18/><E108/><V115/><F115/><W48/><G48/><T47/><D47/><N who="1" m="27999" /><E114/><V38/><F38/><W116/><G116/><AGARI ba="0,0" hai="59,60,66,94,97,100,116,119,124,125,126" m="22591" machi="116" ten="30,2000,0" yaku="18,1,52,1" doraHai="89" who="2" fromWho="3" sc="404,0,248,0,215,20,133,-20" /><INIT seed="4,0,0,2,0,81" ten="404,248,235,113" oya="0" hai0="127,20,65,0,62,115,45,80,32,36,25,79,37" hai1="67,58,29,110,23,73,124,11,57,70,76,121,96" hai2="120,112,39,60,16,4,53,38,63,41,26,83,56" hai3="43,42,117,21,14,6,50,75,24,91,108,34,102"/><T87/><D32/><U98/><E110/><V125/><F120/><W27/><G117/><T105/><D0/><U44/><E121/><V100/><F112/><W68/><G108/><T33/><D115/><U109/><E70/><V1/><F125/><W46/><G75/><T49/><D33/><U132/><E73/><V74/><F100/><W114/><G114/><T18/><D105/><U133/><E76/><V92/><F92/><W78/><G78/><T54/><D127/><U116/><E116/><V111/><F111/><W128/><G128/><T123/><D123/><U94/><E109/><V88/><F74/><W17/><G68/><AGARI ba="0,0" hai="18,20,25,36,37,45,49,54,62,65,68,79,80,87" machi="68" ten="30,2900,0" yaku="7,1,52,1" doraHai="81" who="0" fromWho="3" sc="404,29,248,0,235,0,113,-29" /><INIT seed="4,1,0,4,2,16" ten="433,248,235,84" oya="0" hai0="73,117,36,101,4,118,80,29,22,47,125,23,18" hai1="112,130,126,11,84,55,43,81,105,54,95,69,108" hai2="99,10,63,74,58,37,129,102,56,64,123,6,7" hai3="100,116,12,0,90,65,26,124,52,94,82,106,27"/><T17/><D125/><U93/><E69/><V15/><F123/><W13/><G0/><T109/><D101/><U42/><E105/><V121/><F121/><W51/><G106/><T133/><D29/><U40/><E126/><V72/><F37/><W20/><G116/><T46/><D4/><U134/><E112/><V5/><F129/><W38/><G38/><T110/><D36/><U49/><E130/><V60/><F74/><W88/><G124/><T122/><D122/><U89/><E108/><N who="0" m="41577" /><D133/><U79/><E134/><V21/><F72/><W45/><G65/><T119/><D80/><U107/><E107/><V28/><F28/><N who="3" m="17479" /><G27/><N who="0" m="14799" /><D73/><U61/><E93/><V8/><F8/><W103/><G82/><T76/><D76/><U131/><E11/><V41/><F41/><W33/><G33/><T50/><D50/><U48/><E131/><V91/><F91/><N who="3" m="34859" /><G103/><T14/><AGARI ba="1,0" hai="14,18,23,46,47,117,118,119" m="14799,41577" machi="14" ten="40,7800,0" yaku="10,1,52,2" doraHai="16" who="0" fromWho="0" sc="433,81,248,-27,235,-27,84,-27" /><INIT seed="4,2,0,1,2,128" ten="514,221,208,57" oya="0" hai0="75,104,103,124,60,31,54,96,47,74,117,5,114" hai1="79,14,97,106,21,46,69,91,116,20,53,86,99" hai2="33,76,93,77,78,66,61,89,1,52,0,50,123" hai3="2,51,48,67,28,9,118,37,131,49,34,7,90"/><T3/><D117/><U41/><E69/><V133/><F33/><W27/><G131/><T113/><D124/><U58/><E116/><V71/><F133/><W6/><G118/><T92/><D31/><U72/><E72/><V68/><F68/><W108/><G108/><T95/><D95/><U109/><E109/><V8/><F8/><W23/><G37/><T129/><D129/><U59/><E59/><V29/><F29/><W35/><G67/><T102/><D102/><U125/><E79/><V101/><F101/><W122/><G122/><T85/><D5/><U43/><E43/><V11/><F11/><W87/><REACH who="3" step="1"/><G7/><REACH who="3" ten="514,221,208,47" step="2"/><T80/><D114/><U105/><E105/><V94/><F123/><W19/><G19/><T44/><D104/><U39/><E125/><V115/><F115/><W24/><G24/><T57/><D113/><U81/><E106/><V45/><REACH who="2" step="1"/><F94/><AGARI ba="2,1" hai="2,6,9,23,27,28,34,35,48,49,51,87,90,94" machi="94" ten="40,1300,0" yaku="1,1,53,0" doraHai="128" doraHaiUra="120" who="3" fromWho="2" sc="514,0,221,0,208,-19,47,29" /><INIT seed="5,0,0,1,2,81" ten="514,221,189,76" oya="1" hai0="59,11,35,1,93,128,44,119,77,62,75,50,63" hai1="7,129,99,71,32,109,49,31,130,80,24,97,33" hai2="83,56,48,5,21,126,123,108,94,34,73,84,61" hai3="88,74,37,101,103,112,53,45,87,30,54,70,3"/><U17/><E71/><V110/><F34/><W79/><G112/><T36/><D35/><U67/><E67/><V39/><F39/><W38/><G70/><T91/><D128/><N who="1" m="49259" /><E7/><V76/><F123/><W106/><G3/><T0/><D119/><U116/><E116/><V89/><F126/><W18/><G30/><T107/><D0/><U13/><E33/><V66/><F5/><W47/><G18/><T19/><D19/><U9/><E109/><V51/><REACH who="2" step="1"/><F21/><REACH who="2" ten="514,221,179,76" step="2"/><W42/><G37/><T95/><D36/><U133/><E133/><V40/><F40/><W127/><G127/><T131/><D131/><U58/><E80/><V25/><F25/><W23/><G23/><T134/><D134/><U43/><E43/><V22/><F22/><W105/><G42/><T90/><D1/><U118/><E118/><V104/><F104/><W132/><G38/><T10/><D107/><U125/><E125/><V16/><F16/><W121/><G132/><T117/><D117/><U78/><E17/><V52/><F52/><N who="3" m="20075" /><G121/><T102/><D10/><U15/><E9/><V114/><F114/><W8/><G8/><T6/><D11/><U12/><E32/><V115/><F115/><W85/><G105/><T135/><D6/><U113/><E113/><V69/><F69/><W86/><G106/><T26/><D135/><U100/><E24/><V4/><F4/><W98/><G79/><T20/><D77/><U29/><E29/><V68/><F68/><W124/><G124/><T92/><D26/><U41/><E31/><V82/><F82/><W27/><G27/><T2/><D2/><RYUUKYOKU ba="0,1" sc="514,-10,221,-10,179,30,76,-10" hai2="48,51,56,61,66,73,76,83,84,89,94,108,110" /><INIT seed="6,1,1,2,5,81" ten="504,211,209,66" oya="2" hai0="56,77,103,59,11,37,36,57,88,24,71,129,1" hai1="98,78,128,109,53,0,92,7,85,21,50,124,18" hai2="19,126,63,114,95,65,91,9,28,31,48,41,69" hai3="58,80,14,99,70,89,117,15,90,46,84,86,22"/><V26/><F126/><W105/><G117/><T72/><D71/><U94/><E124/><V55/><F114/><W101/><G70/><T97/><D24/><U35/><E35/><V5/><F41/><W39/><G58/><T2/><D77/><U42/><E42/><V122/><F122/><W34/><G34/><T132/><D72/><U112/><E128/><V12/><F5/><W120/><G120/><T135/><D11/><U73/><E73/><V100/><F100/><W44/><G39/><T6/><D6/><U68/><E68/><V30/><F26/><W10/><G22/><T32/><D32/><U79/><E109/><V121/><F121/><W102/><G102/><T54/><D103/><N who="1" m="60871" /><E7/><V118/><F118/><W110/><G110/><T61/><D37/><U52/><E0/><V133/><F133/><N who="0" m="51274" /><D36/><U8/><E8/><V93/><REACH who="2" step="1"/><F91/><REACH who="2" ten="504,211,199,66" step="2"/><W119/><G119/><T87/><D88/><N who="1" m="53519" /><E112/><V104/><F104/><W127/><G127/><T96/><D129/><U25/><E53/><V131/><F131/><W64/><G64/><T29/><D54/><U60/><E60/><V4/><F4/><W111/><G111/><T51/><D61/><U66/><E66/><V33/><F33/><W107/><G107/><T116/><D116/><U40/><E40/><V49/><F49/><W106/><G105/><T17/><D51/><U45/><AGARI ba="1,2" hai="18,21,25,45,50,52,78,79" m="53519,60871" machi="45" ten="30,7900,0" yaku="8,1,52,1,54,2" doraHai="81" who="1" fromWho="1" sc="504,-21,211,102,199,-40,66,-21" /><INIT seed="7,0,0,0,2,2" ten="483,313,159,45" oya="3" hai0="65,25,42,57,46,63,95,110,51,29,102,58,123" hai1="118,52,6,34,41,117,3,119,130,67,49,61,18" hai2="70,43,114,1,94,120,35,122,101,17,129,48,83" hai3="68,112,4,66,87,116,98,40,19,74,53,90,45"/><W20/><G112/><T113/><D113/><U128/><E34/><V0/><F35/><W93/><G116/><T89/><D110/><U64/><E18/><V77/><F70/><W91/><G74/><T134/><D134/><U37/><E6/><V26/><F114/><W38/><G53/><T7/><D7/><U105/><E105/><V86/><F129/><N who="1" m="49769" /><E3/><V33/><F48/><W56/><G68/><T111/><D111/><U24/><E24/><V59/><F59/><W92/><G4/><T16/><D102/><U13/><E13/><V100/><F43/><W47/><G47/><T72/><D72/><U54/><E37/><V127/><F127/><W99/><G87/><T81/><D123/><N who="2" m="47146" /><F101/><W21/><REACH who="3" step="1"/><G19/><REACH who="3" ten="483,313,159,35" step="2"/><T96/><D16/><U39/><E67/><V23/><F33/><W73/><G73/><T84/><D46/><N who="1" m="23871" /><E49/><V28/><F17/><W79/><G79/><T126/><D84/><U104/><E104/><V82/><F82/><W115/><G115/><T103/><D51/><U50/><E50/><V30/><F30/><W80/><G80/><T108/><D81/><U135/><E135/><V36/><F36/><W78/><G78/><T14/><D42/><U88/><E54/><V107/><F107/><W106/><G106/><T8/><D65/><U133/><E133/><V15/><F77/><W32/><G32/><T131/><D131/><U27/><E52/><V121/><F121/><W22/><G22/><T5/><D108/><U62/><E64/><V85/><F83/><W97/><G97/><T44/><D5/><U109/><E119/><V75/><F75/><RYUUKYOKU ba="0,1" sc="483,-10,313,-10,159,-10,35,30" hai3="20,21,38,40,45,56,66,90,91,92,93,98,99" /><INIT seed="7,1,1,4,1,63" ten="473,303,149,65" oya="3" hai0="22,119,51,66,49,106,125,61,44,72,8,26,24" hai1="15,92,78,28,70,58,86,93,83,74,60,53,62" hai2="54,107,80,116,6,67,40,48,10,14,96,82,52" hai3="4,100,115,1,97,81,43,76,64,127,21,103,20"/><W91/><G127/><T31/><D72/><U50/><E28/><V9/><F116/><W130/><G115/><T69/><D106/><U128/><E128/><V35/><F35/><W3/><G130/><T13/><D119/><U102/><E74/><V121/><F121/><W79/><G43/><T108/><D108/><U122/><E122/><V18/><F107/><W7/><G91/><T47/><D125/><U90/><E70/><V99/><F67/><W45/><G45/><T124/><D124/><U77/><E15/><N who="2" m="5559" /><F40/><W36/><G97/><N who="2" m="37449" /><F54/><W16/><G81/><T87/><D47/><AGARI ba="1,1" hai="10,14,18,47,48,52,80,82" m="37449,5559" machi="47" ten="30,2000,0" yaku="8,1,54,1" doraHai="63" who="2" fromWho="0" sc="473,-23,303,0,149,33,65,0" owari="450,55.0,303,10.0,182,-22.0,65,-43.0" /></mjloggm>