<mjloggm ver="2.3"><GO type="169"/><UN n0="%EF%BC%88%E2%89%A7%E2%96%BD%E2%89%A6%EF%BC%89" n1="%E3%81%99%E3%81%9F%E3%83%BC%E3%82%89%E3%81%84%E3%81%A8%E3%81%B3%E3%83%BC" n2="%E8%99%8E%E5%85%90%E6%9C%97" n3="%E3%83%88%E3%83%9E%E3%82%BD%E3%83%B3" dan="18,16,18,16" rate="2248,2093,2174,2080" sx="M,F,M,M"/><TAIKYOKU oya="0"/><INIT seed="0,0,0,3,0,78" ten="250,250,250,250" oya="0" hai0="100,62,54,112,74,3,41,49,128,24,122,86,121" hai1="133,107,50,19,56,110,77,1,2,103,71,120,101" hai2="26,79,21,48,66,20,135,25,29,13,96,113,98" hai3="91,118,99,37,82,9,109,131,70,52,57,40,47"/><T31/><D74/><U35/><E71/><V60/><F113/><W8/><G118/><T6/><D112/><U119/><E35/><V75/><F135/><W27/><G70/><T23/><D100/><U92/><E50/><V88/><F48/><W34/><G109/><T89/><D128/><U33/><E33/><V85/><F13/><W130/><G34/><T72/><D72/><U45/><E56/><V125/><F125/><W44/><G27/><T104/><D104/><U14/><E45/><V123/><F123/><W32/><G47/><T11/><D62/><U22/><E19/><V5/><F5/><W58/><G58/><T59/><REACH who="0" step="1"/><D41/><REACH who="0" ten="240,250,250,250" step="2"/><U67/><E103/><V68/><F75/><W132/><G131/><T43/><D43/><U114/><E101/><V126/><F126/><W102/><G130/><T18/><D18/><U55/><E107/><V4/><F4/><W16/><G102/><T117/><D117/><U30/><E119/><V28/><REACH who="2" step="1"/><F79/><REACH who="2" ten="240,250,240,250" step="2"/><W90/><G132/><T129/><D129/><U111/><E77/><V84/><F84/><W36/><G99/><T61/><D61/><U115/><E133/><V42/><F42/><W83/><G40/><T63/><D63/><U116/><E114/><V64/><F64/><W10/><G37/><T53/><D53/><U51/><E67/><V76/><F76/><W134/><G36/><T38/><D38/><U108/><E55/><V97/><F97/><W73/><G52/><T69/><D69/><U105/><E115/><V93/><AGARI ba="0,2" hai="20,21,25,26,28,29,60,66,68,85,88,93,96,98" machi="93" ten="20,8000,1" yaku="1,1,0,1,7,1,9,1,54,1,53,0" doraHai="78" doraHaiUra="124" who="2" fromWho="2" sc="240,-40,250,-20,240,100,250,-20" /><INIT seed="1,0,0,5,5,66" ten="200,230,340,230" oya="1" hai0="121,5,113,52,110,62,31,59,8,27,134,49,42" hai1="55,105,65,39,57,47,96,63,33,129,71,122,111" hai2="10,56,11,21,80,108,17,15,84,109,116,103,6" hai3="81,79,50,127,94,36,28,77,132,74,98,83,51"/><U67/><E33/><V99/><F116/><W107/><G36/><T43/><D113/><U112/><E122/><V22/><F56/><W60/><G107/><T35/><D110/><U128/><E112/><V97/><F11/><W130/><G28/><T14/><D134/><U102/><E111/><N who="2" m="42571" /><F103/><W53/><G130/><T64/><REACH who="0" step="1"/><D121/><REACH who="0" ten="190,230,340,230" step="2"/><U119/><E119/><V104/><F104/><W101/><G132/><T135/><D135/><U18/><E129/><V89/><F22/><W95/><G127/><T2/><D2/><AGARI ba="0,1" hai="2,6,10,15,17,21,80,84,89,97,99" m="42571" machi="2" ten="30,1000,0" yaku="14,1" doraHai="66" who="2" fromWho="0" sc="190,-10,230,0,340,20,230,0" /><INIT seed="2,0,0,1,0,25" ten="180,230,360,230" oya="2" hai0="79,84,23,55,61,69,40,108,49,122,35,76,71" hai1="11,123,107,86,110,34,12,114,3,31,45,8,103" hai2="63,52,18,88,19,116,10,53,118,39,93,73,33" hai3="99,2,85,22,132,60,81,82,6,95,29,112,125"/><V5/><F73/><W50/><G112/><T100/><D122/><U24/><E114/><V62/><F39/><W70/><G6/><T56/><D108/><U94/><E110/><V38/><F38/><W89/><G2/><T68/><D35/><U0/><E123/><V59/><F33/><W65/><G125/><T113/><D113/><U51/><E107/><V119/><F53/><W13/><G132/><T67/><D100/><U124/><E124/><V9/><F63/><W83/><G50/><T120/><D120/><U74/><E74/><V30/><F30/><W14/><G14/><T106/><D106/><U111/><E11/><V42/><F42/><W134/><G134/><T135/><D135/><U80/><E94/><V121/><F121/><W32/><G32/><T48/><D23/><U37/><E103/><V58/><F58/><W1/><G1/><T66/><D84/><U91/><E37/><V28/><F28/><W105/><G105/><T131/><D131/><U41/><REACH who="1" step="1"/><E111/><REACH who="1" ten="180,220,360,230" step="2"/><V128/><F128/><W4/><G95/><T16/><D71/><U21/><E21/><V96/><REACH who="2" step="1"/><F10/><REACH who="2" ten="180,220,350,230" step="2"/><W97/><G70/><T20/><D69/><U90/><E90/><V7/><F7/><AGARI ba="0,2" hai="0,3,7,8,12,24,31,34,41,45,51,80,86,91" machi="7" ten="30,3900,0" yaku="1,1,7,1,52,1,53,0" doraHai="25" doraHaiUra="129" who="1" fromWho="2" sc="180,0,220,59,350,-39,230,0" /><INIT seed="3,0,0,5,1,134" ten="180,279,311,230" oya="3" hai0="113,94,73,26,111,38,36,17,123,114,57,121,71" hai1="43,76,60,21,49,98,13,132,68,86,95,92,27" hai2="25,64,2,77,126,23,105,87,74,125,133,7,85" hai3="118,91,10,88,32,79,15,8,93,90,127,104,120"/><W124/><G32/><T102/><D73/><U31/><E132/><V83/><F105/><W119/><G104/><T44/><D102/><U19/><E68/><V109/><F133/><W9/><G120/><N who="0" m="46155" /><D94/><U59/><E49/><V131/><F64/><W12/><G93/><T66/><D17/><U29/><E43/><V75/><F131/><W130/><G79/><T84/><D26/><U16/><E92/><V6/><F109/><W112/><G112/><N who="0" m="43115" /><D84/><N who="2" m="32330" /><F2/><W99/><G99/><T52/><D44/><U89/><E86/><V3/><F3/><W37/><G37/><N who="0" m="14443" /><D111/><U135/><E135/><V35/><F35/><W45/><G45/><T54/><D71/><U97/><E98/><V48/><F75/><W82/><G82/><T53/><D66/><U72/><E76/><V116/><F7/><W63/><G63/><AGARI ba="0,0" hai="52,53,54,57,63" m="14443,43115,46155" machi="63" ten="40,8000,1" yaku="11,1,34,2,54,1" doraHai="134" who="0" fromWho="3" sc="180,80,279,0,311,0,230,-80" /><INIT seed="4,0,0,3,5,28" ten="260,279,311,150" oya="0" hai0="11,129,3,68,20,14,83,36,47,69,102,84,128" hai1="91,60,103,105,57,79,49,0,111,22,116,127,85" hai2="112,58,62,45,29,35,89,101,75,53,27,100,71" hai3="82,77,34,76,90,2,110,131,81,39,80,114,4"/><T125/><D102/><U63/><E111/><V18/><F112/><W104/><G39/><T73/><D20/><U30/><E0/><V109/><F109/><W126/><G4/><N who="0" m="1439" /><D14/><U117/><E79/><V78/><F71/><N who="0" m="27210" /><D84/><U48/><E103/><V133/><F133/><W72/><G2/><T42/><D125/><U67/><E127/><V43/><F89/><W64/><G82/><T54/><D54/><U61/><E49/><V55/><F55/><W32/><G126/><T95/><D95/><U15/><E48/><V26/><F78/><AGARI ba="0,0" hai="36,42,47,73,78,83,128,129" m="27210,1439" machi="78" ten="30,2900,0" yaku="25,1,23,1" doraHai="28" who="0" fromWho="2" sc="260,29,279,0,311,-29,150,0" /><INIT seed="4,1,0,2,0,5" ten="289,279,282,150" oya="0" hai0="91,81,77,22,16,112,69,31,23,90,51,73,122" hai1="33,113,85,129,83,62,8,42,123,32,15,70,25" hai2="120,125,3,84,97,7,11,114,79,54,105,4,29" hai3="40,24,44,18,59,98,20,100,127,56,121,61,63"/><T12/><D69/><U132/><E123/><V30/><F120/><W64/><G127/><T47/><D112/><U50/><E132/><V106/><F114/><W41/><G121/><T115/><D115/><U109/><E109/><V36/><F36/><W6/><G44/><T14/><D122/><U13/><E113/><V27/><F125/><W107/><REACH who="3" step="1"/><G6/><REACH who="3" ten="289,279,282,140" step="2"/><T80/><D80/><U19/><E83/><V126/><F4/><W39/><G39/><T94/><D94/><U60/><E129/><V9/><F126/><W38/><G38/><T17/><REACH who="0" step="1"/><D31/><REACH who="0" ten="279,279,282,140" step="2"/><U35/><E70/><V43/><F29/><W48/><G48/><T128/><D128/><U111/><E50/><V117/><F30/><W88/><G88/><T10/><D10/><U53/><E8/><V67/><F11/><W75/><G75/><T118/><D118/><U49/><E49/><V57/><F9/><W101/><G101/><T86/><D86/><U72/><E85/><V66/><F84/><W21/><G21/><T71/><D71/><U104/><E72/><V92/><F117/><W26/><G26/><T58/><D58/><U108/><E25/><V82/><F27/><W0/><G0/><T45/><D45/><U55/><E108/><V103/><F3/><W74/><G74/><T110/><D110/><U124/><E111/><V89/><F57/><W2/><G2/><T52/><AGARI ba="1,2" hai="12,14,16,17,22,23,47,51,52,73,77,81,90,91" machi="52" ten="20,18000,2" yaku="1,1,0,1,7,1,9,1,54,2,53,1" doraHai="5" doraHaiUra="46" who="0" fromWho="0" sc="279,203,279,-61,282,-61,140,-61" /><INIT seed="4,2,0,5,4,39" ten="482,218,221,79" oya="0" hai0="134,6,89,93,90,24,11,36,102,128,18,72,20" hai1="63,116,19,60,88,118,106,46,117,127,38,25,53" hai2="17,49,65,48,57,75,74,110,66,79,105,30,113" hai3="12,97,8,108,61,103,123,129,52,130,21,70,92"/><T32/><D72/><U27/><E106/><V67/><F110/><W120/><G70/><T5/><D134/><U59/><E127/><V37/><F105/><W73/><G73/><T119/><D36/><U81/><E63/><V26/><F37/><W34/><G34/><T3/><D5/><U100/><E100/><V98/><F98/><W9/><G21/><T109/><D119/><U78/><E19/><V111/><F111/><W43/><G43/><T107/><D107/><U112/><E112/><V2/><F2/><W114/><G114/><T31/><D128/><N who="3" m="49257" /><G108/><T41/><D41/><U96/><E46/><V126/><F113/><W68/><G68/><T94/><D109/><U64/><E64/><V135/><F135/><W42/><G42/><T10/><D10/><N who="3" m="4201" /><G12/><N who="0" m="9287" /><D102/><U54/><E38/><V4/><F75/><W77/><G77/><T16/><D16/><U133/><E133/><V15/><F17/><W13/><G13/><T121/><D32/><U76/><E76/><V45/><F74/><W29/><G29/><T58/><D31/><U95/><E78/><V85/><F79/><W62/><G62/><T86/><D3/><U83/><E117/><V131/><F131/><W56/><AGARI ba="2,0" hai="52,56,61,92,97,103,120,123" m="4201,49257" machi="56" ten="40,2700,0" yaku="19,1,54,1" doraHai="39" who="3" fromWho="3" sc="482,-15,218,-9,221,-9,79,33" /><INIT seed="5,0,0,3,0,93" ten="467,209,212,112" oya="1" hai0="3,95,67,116,106,119,13,121,122,31,125,127,88" hai1="128,134,68,126,66,109,117,30,105,108,2,43,52" hai2="120,58,18,103,19,129,110,71,33,11,9,97,112" hai3="77,92,27,40,100,17,84,20,81,55,104,135,12"/><U133/><E105/><V80/><F110/><N who="1" m="42601" /><E117/><N who="0" m="45129" /><D3/><U37/><E2/><V98/><F71/><W14/><G135/><N who="1" m="51722" /><E30/><V39/><F39/><W32/><G32/><T59/><D106/><U89/><E89/><V23/><F33/><W96/><G40/><T63/><D13/><U73/><E73/><V82/><F120/><N who="0" m="46186" /><D31/><U90/><E90/><V48/><F103/><W15/><G104/><T70/><D70/><U61/><E128/><V34/><F129/><W132/><G132/><T8/><D8/><U41/><E126/><V22/><F34/><W87/><G87/><AGARI ba="0,0" hai="59,63,67,87,88,95,125,127" m="46186,45129" machi="87" ten="30,2000,0" yaku="13,1,54,1" doraHai="93" who="0" fromWho="3" sc="467,20,209,0,212,0,112,-20" /><INIT seed="6,0,0,5,4,1" ten="487,209,212,92" oya="2" hai0="132,41,9,90,68,13,82,31,125,116,84,92,51" hai1="63,46,98,47,33,67,73,133,95,66,37,3,36" hai2="55,126,112,19,50,69,80,119,88,115,60,11,56" hai3="93,108,117,12,42,77,134,89,49,97,48,39,110"/><V59/><F119/><W129/><G39/><T91/><D68/><U4/><E73/><V135/><F69/><W83/><G42/><T103/><D132/><U18/><E33/><V16/><F126/><W25/><G25/><T122/><D122/><U118/><E118/><V7/><F135/><W78/><G48/><T22/><D103/><U113/><E113/><N who="2" m="43595" /><F80/><W6/><G49/><T32/><D32/><U17/><E133/><V20/><F20/><W30/><G134/><T128/><D128/><U106/><E106/><V86/><F86/><W0/><G129/><T107/><D107/><U62/><E98/><V79/><F79/><W104/><G117/><T24/><D125/><U54/><E95/><V14/><F88/><W85/><G78/><N who="0" m="46167" /><D92/><U123/><E3/><V8/><F8/><W58/><G0/><T120/><D120/><U71/><E123/><V76/><F76/><W28/><G110/><T43/><D116/><U65/><E65/><AGARI ba="0,0" hai="7,11,14,16,19,50,55,56,59,60,65" m="43595" machi="65" ten="30,5800,0" yaku="15,1,52,1,54,1" doraHai="1" who="2" fromWho="1" sc="487,0,209,-58,212,58,92,0" /><INIT seed="6,1,0,5,3,24" ten="487,151,270,92" oya="2" hai0="56,101,126,32,119,12,125,54,128,121,117,48,131" hai1="39,75,30,111,84,98,129,96,88,51,87,62,58" hai2="133,37,28,6,25,132,59,81,104,82,110,106,107" hai3="13,23,42,134,50,1,127,27,44,124,15,109,68"/><V78/><F37/><W112/><G68/><T63/><D32/><U71/><E39/><V10/><F59/><W92/><G109/><T115/><D115/><U2/><E2/><N who="2" m="343" /><F110/><W61/><G1/><T79/><D121/><U35/><E75/><N who="2" m="43231" /><F82/><W95/><G134/><N who="2" m="51817" /><F107/><W26/><G26/><T116/><D79/><U33/><E129/><N who="0" m="49737" /><D101/><U114/><E111/><V130/><F130/><W14/><G112/><T77/><D77/><U31/><E114/><V53/><F53/><W74/><G74/><T99/><D99/><U47/><E47/><V8/><F8/><W34/><G61/><T17/><D63/><U60/><E58/><V70/><F70/><W91/><G91/><T69/><D69/><U120/><E71/><V135/><N who="2" m="51825" /><V86/><DORA hai="73" /><F86/><W66/><G66/><T105/><D105/><U38/><E38/><V40/><F40/><W7/><G7/><T20/><AGARI ba="1,0" hai="12,17,20,48,54,56,116,117,119,125,126" m="49737" machi="20" ten="40,2700,0" yaku="12,1,19,1" doraHai="24,73" who="0" fromWho="0" sc="487,30,151,-8,270,-14,92,-8" /><INIT seed="7,0,0,2,2,125" ten="517,143,256,84" oya="3" hai0="5,6,39,97,115,43,109,45,80,66,60,56,91" hai1="2,77,58,133,123,23,38,128,88,46,49,53,95" hai2="4,105,36,98,42,52,14,127,70,37,87,132,8" hai3="71,30,122,79,76,111,48,12,9,90,34,29,65"/><W27/><G111/><T47/><D109/><U100/><E123/><V44/><F70/><W117/><G122/><T33/><D33/><U16/><E2/><V96/><F127/><W131/><G117/><T99/><D115/><U24/><E133/><V120/><F120/><W20/><G65/><T21/><D47/><U116/><E116/><V107/><F87/><W130/><G71/><T35/><D35/><U26/><E77/><N who="3" m="29770" /><G48/><T103/><D21/><U73/><E100/><V102/><F132/><W84/><G34/><T59/><D59/><U121/><E73/><V75/><F75/><W40/><G40/><T68/><D68/><U134/><E121/><V92/><F52/><W0/><G0/><T81/><D66/><U112/><E134/><V10/><F37/><W32/><G32/><T54/><D43/><U129/><E112/><V72/><F72/><W86/><G30/><T135/><D135/><U61/><E38/><V74/><F74/><W118/><G118/><T11/><D39/><U108/><E108/><V62/><F62/><W101/><G101/><T19/><D103/><U51/><E26/><V85/><F107/><W28/><G28/><T124/><D124/><U78/><E78/><V22/><F105/><W15/><G15/><T55/><D60/><U41/><E49/><V1/><F102/><W126/><G126/><T69/><D54/><U50/><E51/><V106/><F106/><W17/><G90/><T83/><D55/><U3/><E3/><V94/><F1/><W104/><G104/><T64/><D64/><U67/><E67/><V13/><F36/><RYUUKYOKU ba="0,0" sc="517,-15,143,15,256,-15,84,15" hai1="16,23,24,41,46,50,53,58,61,88,95,128,129" hai3="9,12,17,20,27,29,84,86,130,131" /><INIT seed="7,1,0,5,1,36" ten="502,158,241,99" oya="3" hai0="116,128,29,81,85,37,58,48,22,118,91,127,50" hai1="1,79,90,4,82,126,121,133,54,40,46,52,123" hai2="41,96,26,68,72,3,18,7,34,92,131,44,129" hai3="43,17,53,98,35,130,119,14,78,19,8,87,114"/><W109/><G35/><T9/><D37/><U11/><E133/><V89/><F68/><W132/><G119/><T70/><D70/><U25/><E126/><V47/><F72/><W88/><G132/><T106/><D106/><U38/><E25/><V111/><F111/><W95/><G109/><T65/><D9/><U120/><E90/><V69/><F69/><W76/><G130/><N who="2" m="49673" /><F41/><W59/><G114/><T71/><D58/><U108/><E108/><V115/><F115/><W56/><G43/><T117/><D22/><U135/><E135/><V15/><F7/><W12/><G98/><T105/><D105/><U75/><AGARI ba="1,0" hai="1,4,11,38,40,46,52,54,75,79,82,120,121,123" machi="75" ten="30,8000,1" yaku="0,1,25,2,52,1,54,1" doraHai="36" who="1" fromWho="1" sc="502,-21,158,83,241,-21,99,-41" owari="481,58.0,241,4.0,220,-18.0,58,-44.0" /></mjloggm>