<mjloggm ver="2.3"><GO type="41"/><UN n0="%E3%82%A6%E3%83%AB%E3%83%88%E3%83%A9%E7%AB%8B%E7%9B%B4" n1="%E3%81%8B%E3%81%8F%E8%AA%9E%E3%82%8A" n2="%E3%81%9A%E3%81%86" n3="%E3%81%97%E3%81%8A%E3%82%84%E3%81%A0%E3%82%93" dan="15,14,17,16" rate="1966,1889,2023,2055" sx="M,M,F,F"/><TAIKYOKU oya="0"/><INIT seed="0,0,0,5,0,87" ten="250,250,250,250" oya="0" hai0="3,88,111,134,25,8,27,69,23,26,107,85,16" hai1="12,70,44,82,68,53,17,78,121,42,80,94,126" hai2="40,22,133,33,114,102,128,13,71,57,105,7,76" hai3="47,55,73,49,97,35,9,106,108,14,118,101,66"/><T37/><D107/><U24/><E121/><V79/><F40/><W6/><G118/><T104/><D104/><U89/><E82/><V117/><F57/><W58/><G73/><T81/><D37/><U132/><E53/><V31/><F102/><W95/><G35/><T112/><D112/><U38/><E24/><V129/><F71/><W62/><G108/><T96/><D111/><U36/><E36/><V122/><F79/><W50/><G50/><T119/><D119/><U75/><E126/><V20/><F76/><W52/><REACH who="3" step="1"/><G106/><REACH who="3" ten="250,250,250,240" step="2"/><T67/><D134/><U60/><E132/><V109/><F33/><W100/><G100/><T51/><D51/><U2/><E60/><V21/><F105/><W135/><G135/><T98/><D69/><U77/><E2/><V110/><F133/><W19/><G19/><T130/><D67/><AGARI ba="0,1" hai="6,9,14,47,49,52,55,58,62,66,67,95,97,101" machi="67" ten="40,8000,1" yaku="1,1,8,1,54,1,53,1" doraHai="87" doraHaiUra="5" who="3" fromWho="0" sc="250,-80,250,0,250,0,240,90" /><INIT seed="1,0,0,5,3,49" ten="170,250,250,330" oya="1" hai0="30,31,42,51,59,100,115,40,122,128,126,84,96" hai1="125,110,14,119,44,131,72,25,36,114,112,63,50" hai2="8,24,78,118,29,19,75,17,92,101,9,27,61" hai3="23,130,102,32,11,70,3,74,48,57,80,89,135"/><U120/><E72/><V28/><F118/><W12/><G70/><T33/><D115/><U64/><E25/><N who="2" m="9803" /><F61/><W117/><G32/><T2/><D2/><U99/><E14/><V111/><F78/><W22/><G117/><T21/><D33/><U60/><E99/><V69/><F92/><W20/><G3/><T105/><D122/><U15/><E15/><V108/><F101/><W6/><G102/><T88/><D21/><U116/><E120/><V133/><F69/><W16/><G6/><T90/><D126/><U55/><E125/><V91/><F91/><W107/><G107/><T7/><D128/><U58/><E63/><V5/><F75/><W87/><G74/><T18/><D18/><N who="2" m="6666" /><F133/><W134/><G130/><T54/><D7/><U127/><E131/><V38/><F38/><W79/><REACH who="3" step="1"/><G89/><REACH who="3" ten="170,250,250,320" step="2"/><T104/><D104/><U103/><E116/><V113/><F5/><W66/><G66/><T62/><D90/><U132/><E103/><V81/><F113/><W4/><G4/><T76/><D76/><U45/><E119/><V26/><F108/><W98/><G98/><T86/><D86/><U1/><E110/><V85/><F111/><W93/><G93/><T47/><REACH who="0" step="1"/><D42/><REACH who="0" ten="160,250,250,320" step="2"/><U39/><E114/><V52/><F85/><W77/><G77/><T129/><D129/><U13/><E112/><V97/><F97/><W94/><G94/><AGARI ba="0,2" hai="30,31,40,47,51,54,59,62,84,88,94,96,100,105" machi="94" ten="30,8000,1" yaku="1,1,7,1,52,1,54,1,53,1" doraHai="49" doraHaiUra="82" who="0" fromWho="3" sc="160,100,250,0,250,0,320,-80" /><INIT seed="2,0,0,1,5,105" ten="260,250,250,240" oya="2" hai0="34,97,89,121,3,117,38,91,135,60,42,81,125" hai1="130,49,58,100,18,128,8,99,36,24,72,78,67" hai2="102,41,50,79,20,134,107,84,39,82,71,59,65" hai3="74,87,12,126,4,116,55,90,2,5,48,115,62"/><V66/><F134/><W95/><G116/><T120/><D60/><U64/><E36/><V9/><F71/><W96/><G115/><T15/><D15/><U122/><E122/><V73/><F107/><W19/><G2/><T61/><D61/><U23/><E8/><V103/><F39/><W29/><G126/><T133/><D42/><U77/><E49/><V35/><F35/><W83/><G29/><T92/><D38/><U86/><E86/><V10/><F84/><W17/><G74/><T110/><D34/><U14/><E58/><V88/><F88/><N who="3" m="55399" /><G62/><T45/><D45/><U69/><E69/><V37/><F102/><W132/><G19/><T93/><D3/><U124/><E124/><V33/><F103/><W56/><G132/><T80/><D125/><U111/><E78/><V25/><F33/><W127/><G127/><T52/><D52/><U16/><E64/><V109/><F65/><W44/><G56/><T119/><D97/><U46/><E99/><V7/><F37/><W6/><G6/><T75/><D110/><U98/><E111/><V0/><F7/><W21/><AGARI ba="0,0" hai="4,5,12,17,21,44,48,55,83,87,90" m="55399" machi="21" ten="30,2000,0" yaku="8,1,54,1" doraHai="105" who="3" fromWho="3" sc="260,-5,250,-5,250,-10,240,20" /><INIT seed="3,0,0,3,0,25" ten="255,245,240,260" oya="3" hai0="135,83,63,35,21,28,116,119,50,13,17,103,118" hai1="120,90,55,106,71,101,89,39,128,92,30,52,69" hai2="1,117,70,40,109,82,43,36,77,122,4,95,15" hai3="62,76,34,132,47,125,16,60,3,8,124,53,44"/><W64/><G34/><T10/><D103/><U5/><E39/><V75/><F43/><W26/><G76/><T56/><D50/><U18/><E120/><V57/><F70/><W99/><G3/><T0/><D83/><U115/><E115/><V41/><F41/><W2/><G2/><T104/><D104/><U127/><E106/><V112/><F117/><W14/><G99/><T58/><D58/><U100/><E92/><V93/><F15/><W11/><G11/><T68/><D68/><U31/><E5/><V46/><F109/><W96/><G96/><T19/><D56/><U134/><E127/><N who="3" m="48714" /><G132/><T59/><D59/><U121/><E134/><V66/><F112/><W97/><G97/><T113/><D63/><N who="3" m="24105" /><G64/><T123/><D113/><U61/><E121/><V45/><F1/><W49/><G44/><T86/><D86/><U80/><E61/><V33/><F46/><W84/><G84/><T24/><D123/><U78/><E78/><V23/><F45/><W79/><G79/><T74/><D74/><U102/><E102/><V67/><F75/><W12/><G12/><N who="0" m="9383" /><D135/><U107/><E107/><V91/><F77/><W110/><G26/><N who="0" m="18839" /><D0/><U38/><E38/><V51/><F36/><W72/><G72/><T37/><D37/><U48/><E48/><V126/><F51/><W114/><G114/><T88/><D88/><U22/><E80/><V65/><F82/><W6/><G110/><T129/><D24/><U27/><E27/><V32/><F66/><W81/><G81/><T87/><D87/><U85/><E85/><N who="2" m="52463" /><F67/><W20/><G47/><T7/><D7/><RYUUKYOKU ba="0,0" sc="255,30,245,-10,240,-10,260,-10" hai0="10,13,19,116,118,119,129" /><INIT seed="4,1,0,1,2,25" ten="285,235,230,250" oya="0" hai0="21,90,34,46,43,39,127,77,84,1,52,117,125" hai1="95,70,36,13,111,82,7,54,32,0,99,123,44" hai2="27,81,53,89,30,121,105,41,97,115,26,15,112" hai3="8,78,106,113,85,56,37,60,63,75,119,4,62"/><T131/><D34/><U114/><E0/><V98/><F121/><W19/><G37/><T14/><D1/><U17/><E123/><V88/><F41/><W120/><G75/><T59/><D77/><U100/><E111/><V93/><F26/><W83/><G106/><T40/><D117/><U11/><E70/><V50/><F15/><W134/><G119/><T23/><D43/><U20/><E32/><N who="2" m="20575" /><F81/><W71/><G113/><N who="2" m="43593" /><F105/><W65/><G120/><T10/><D131/><U18/><E114/><V66/><F66/><W104/><G104/><T12/><D12/><U126/><E126/><V109/><F109/><W5/><G134/><T107/><D107/><U108/><E108/><V91/><F93/><W103/><G103/><T69/><D69/><U80/><E18/><V116/><F116/><W16/><G4/><T67/><D67/><U2/><REACH who="1" step="1"/><E36/><REACH who="1" ten="285,225,230,250" step="2"/><V48/><F48/><AGARI ba="1,1" hai="2,7,11,13,17,20,44,48,54,80,82,95,99,100" machi="48" ten="40,2600,0" yaku="1,1,2,1,53,0" doraHai="25" doraHaiUra="133" who="1" fromWho="2" sc="285,0,225,39,230,-29,250,0" /><INIT seed="5,0,0,3,0,104" ten="285,264,201,250" oya="1" hai0="89,101,84,29,134,69,83,133,103,94,7,24,8" hai1="40,12,19,105,16,127,71,36,59,87,42,93,129" hai2="10,97,39,45,125,72,96,109,18,28,21,102,3" hai3="78,48,51,23,111,75,117,121,33,98,0,50,1"/><U15/><E71/><V124/><F109/><W2/><G121/><T81/><D69/><U130/><E105/><V44/><F28/><W122/><G33/><T17/><D17/><U116/><E116/><V22/><F3/><W52/><G111/><T35/><D103/><U100/><E36/><V77/><F10/><W91/><G117/><T135/><REACH who="0" step="1"/><D101/><REACH who="0" ten="275,264,201,250" step="2"/><U37/><E100/><V53/><F18/><W6/><G122/><T119/><D119/><U70/><E19/><V34/><F102/><W131/><G6/><T54/><D54/><U74/><E16/><V108/><F53/><W55/><G55/><T31/><D31/><U66/><E70/><V58/><F108/><W88/><G52/><T73/><D73/><U106/><E74/><V95/><F72/><W113/><G75/><T82/><D82/><U107/><E42/><V30/><F30/><W79/><G23/><T60/><D60/><U126/><E40/><V68/><F21/><W32/><G32/><T112/><D112/><U5/><E5/><V27/><F22/><W123/><G123/><T110/><D110/><U67/><E67/><V49/><F34/><W120/><G120/><T14/><AGARI ba="0,1" hai="7,8,14,24,29,35,81,83,84,89,94,133,134,135" machi="14" ten="30,4000,0" yaku="1,1,0,1,20,1,53,0" doraHai="104" doraHaiUra="62" who="0" fromWho="0" sc="275,50,264,-20,201,-10,250,-10" /><INIT seed="6,0,0,4,0,38" ten="325,244,191,240" oya="2" hai0="62,119,20,21,50,80,118,5,7,84,26,91,79" hai1="112,71,74,134,116,100,61,101,67,17,78,96,60" hai2="111,86,57,102,45,87,39,103,6,9,130,83,110" hai3="41,4,98,88,63,82,11,18,34,120,42,54,29"/><V122/><F122/><W68/><G120/><T14/><D62/><U77/><E116/><N who="0" m="44585" /><D50/><U56/><E74/><V109/><F130/><W59/><G68/><T70/><D70/><U40/><E101/><N who="2" m="38411" /><F57/><W73/><G73/><T24/><D91/><U13/><E40/><N who="2" m="22687" /><F83/><W30/><G34/><T106/><D106/><U132/><E77/><V114/><F114/><W35/><G35/><T28/><D14/><AGARI ba="0,0" hai="6,9,14,86,87,109,110,111" m="22687,38411" machi="14" ten="30,2900,0" yaku="10,1,52,1" doraHai="38" who="2" fromWho="0" sc="325,-29,244,0,191,29,240,0" /><INIT seed="6,1,0,3,0,84" ten="296,244,220,240" oya="2" hai0="87,85,77,27,24,122,97,73,99,121,63,126,68" hai1="89,2,39,36,28,64,18,50,9,1,65,55,93" hai2="10,90,35,75,52,7,124,74,54,135,86,69,127" hai3="17,67,44,40,100,8,98,107,78,105,132,82,47"/><V14/><F69/><W29/><G29/><T80/><D63/><U88/><E28/><V72/><F35/><W61/><G132/><T111/><D68/><U26/><E26/><V120/><F120/><W130/><G130/><T123/><D24/><U83/><E83/><N who="2" m="49503" /><F135/><W12/><G105/><T23/><D111/><U25/><E25/><V48/><F48/><W30/><G30/><T101/><D23/><U118/><E18/><V79/><F79/><W91/><G40/><T46/><D27/><U37/><E118/><V45/><F45/><W5/><G5/><T58/><D58/><U92/><E9/><V95/><F95/><N who="1" m="36425" /><E55/><V11/><F11/><W128/><G128/><T117/><D46/><U129/><E129/><V21/><F21/><W134/><G134/><T57/><D57/><U53/><E53/><V108/><F108/><W16/><G17/><T96/><D117/><U125/><E125/><AGARI ba="1,0" hai="7,10,14,52,54,72,74,75,124,125,127" m="49503" machi="125" ten="40,7700,0" yaku="18,1,52,1,54,1" doraHai="84" who="2" fromWho="1" sc="296,0,244,-80,220,80,240,0" /><INIT seed="6,2,0,1,0,54" ten="296,164,300,240" oya="2" hai0="58,110,93,45,23,44,55,101,17,72,57,37,75" hai1="85,21,79,127,134,87,14,96,129,5,106,131,19" hai2="112,125,68,116,29,132,80,121,40,18,81,97,124" hai3="1,12,28,8,89,114,111,32,86,61,100,10,59"/><V90/><F68/><W33/><G111/><T60/><D110/><U122/><E122/><V109/><F29/><W70/><G70/><T49/><D37/><U76/><E127/><V133/><F40/><W135/><G100/><T113/><D75/><U4/><E134/><N who="2" m="51819" /><F18/><W102/><G102/><T0/><D72/><U103/><E79/><V74/><F109/><W107/><G107/><T47/><D0/><U77/><E77/><V117/><F121/><W9/><G135/><T108/><D108/><U2/><E2/><V36/><F36/><W25/><G1/><T43/><D113/><U38/><E38/><V98/><F112/><W39/><G39/><T78/><D78/><U104/><E104/><V46/><F46/><W71/><G71/><T50/><D101/><U67/><E67/><V115/><F115/><W95/><G114/><T94/><D43/><U88/><E76/><N who="2" m="44055" /><F81/><W65/><REACH who="3" step="1"/><G33/><REACH who="3" ten="296,164,300,230" step="2"/><T84/><D93/><U91/><E91/><V11/><F90/><W41/><G41/><T22/><D94/><U120/><E120/><V24/><F124/><W31/><G31/><T56/><D84/><U26/><E87/><V118/><F125/><W62/><G62/><T34/><D34/><U52/><E85/><V7/><F117/><W123/><G123/><T119/><D119/><U105/><E88/><V82/><F118/><W15/><AGARI ba="2,1" hai="8,9,10,12,15,25,28,32,59,61,65,86,89,95" machi="15" ten="30,4000,0" yaku="1,1,0,1,52,1,53,0" doraHai="54" doraHaiUra="130" who="3" fromWho="3" sc="296,-12,164,-12,300,-22,230,56" /><INIT seed="7,0,0,1,0,58" ten="284,152,278,286" oya="3" hai0="130,51,49,12,44,22,104,24,121,41,60,19,61" hai1="88,65,11,108,48,27,20,124,123,99,127,3,85" hai2="35,34,71,113,109,112,92,15,79,95,55,18,57" hai3="70,76,68,28,32,122,86,115,33,13,42,77,59"/><W90/><G122/><T120/><D104/><U8/><E123/><V43/><F71/><W129/><G42/><T5/><D121/><U17/><E108/><V110/><F79/><W89/><G129/><T9/><D120/><U0/><E99/><V84/><F43/><W116/><G116/><T80/><D130/><U53/><E65/><V23/><F35/><W69/><G115/><N who="2" m="44105" /><F34/><W135/><G135/><T45/><D80/><U36/><E36/><V37/><F37/><W131/><G131/><T54/><AGARI ba="0,0" hai="5,9,12,19,22,24,41,44,45,49,51,54,60,61" machi="54" ten="20,8000,1" yaku="0,1,7,1,8,1,52,2" doraHai="58" who="0" fromWho="0" sc="284,80,152,-20,278,-20,286,-40" owari="364,46.0,132,-37.0,258,6.0,246,-15.0" /></mjloggm>