<mjloggm ver="2.3"><GO type="41"/><UN n0="%6E%6F%2C%38" n1="%E5%B3%B6%E8%99%8E" n2="%6D%61%72%75%62%75%6E" n3="%EF%BC%88%E2%89%A7%E2%96%BD%E2%89%A6%EF%BC%89" dan="13,14,13,15" rate="1996,1918,1883,2029" sx="M,M,M,M"/><TAIKYOKU oya="0"/><INIT seed="0,0,0,0,4,134" ten="250,250,250,250" oya="0" hai0="28,110,39,31,98,66,52,118,35,29,19,62,80" hai1="114,82,128,73,40,70,97,55,131,30,47,92,85" hai2="21,107,54,106,113,14,27,11,127,90,57,38,36" hai3="74,88,59,26,132,108,115,6,34,109,124,75,42"/><T105/><D118/><U101/><E70/><V81/><F113/><W56/><G115/><T48/><D39/><U76/><E114/><V15/><F127/><W84/><G132/><T123/><D123/><U69/><E69/><V112/><F112/><W18/><G42/><T24/><D80/><U8/><E30/><V4/><F15/><W20/><G34/><T104/><D19/><U89/><E8/><V130/><F107/><W119/><G6/><T45/><D105/><U7/><E7/><V49/><F130/><N who="1" m="49705" /><E55/><V60/><F106/><W2/><G2/><T121/><D121/><U43/><E47/><V72/><F72/><N who="3" m="27691" /><G119/><T25/><D25/><U96/><E43/><V46/><F90/><W133/><G124/><T12/><D12/><U100/><E40/><V99/><F81/><N who="3" m="49167" /><G133/><T32/><D32/><U1/><E1/><V10/><F10/><W102/><G102/><AGARI ba="0,0" hai="73,76,82,85,89,92,96,97,100,101,102" m="49705" machi="102" ten="30,3900,0" yaku="19,1,34,2" doraHai="134" who="1" fromWho="3" sc="250,0,250,39,250,0,250,-39" /><INIT seed="1,0,0,4,3,18" ten="250,289,250,211" oya="1" hai0="131,53,84,119,20,51,65,67,11,62,118,78,0" hai1="85,50,101,54,29,36,117,61,44,92,104,66,12" hai2="30,106,110,87,124,96,47,134,97,34,40,94,98" hai3="93,129,111,63,69,43,28,22,19,59,23,52,49"/><U64/><E117/><V116/><F116/><W2/><G2/><T27/><D131/><U41/><E104/><V115/><F106/><W17/><G129/><T15/><D0/><U112/><E112/><V79/><F115/><W100/><G111/><T14/><D14/><U55/><E29/><V31/><F110/><W103/><G28/><T76/><D119/><U3/><E3/><V86/><F34/><W71/><G71/><T39/><D39/><U91/><E101/><N who="3" m="38986" /><G69/><T45/><D62/><U125/><E125/><V133/><F124/><W135/><G135/><T82/><D76/><U16/><E61/><V75/><F75/><W8/><G93/><T21/><D27/><U9/><E55/><V107/><F87/><W60/><G8/><T24/><D24/><U10/><E10/><V126/><F107/><W26/><G43/><T13/><D13/><AGARI ba="0,0" hai="13,17,19,22,23,26,49,52,59,60,63" m="38986" machi="13" ten="30,7700,0" yaku="8,1,52,2,54,1" doraHai="18" who="3" fromWho="0" sc="250,-77,289,0,250,0,211,77" /><INIT seed="2,0,0,1,3,26" ten="173,289,250,288" oya="2" hai0="46,115,7,79,66,9,11,69,112,10,86,5,16" hai1="27,104,90,55,123,24,48,58,73,42,23,51,71" hai2="77,83,108,63,31,8,39,84,133,116,52,132,121" hai3="91,80,93,15,97,44,99,92,65,94,122,56,35"/><V118/><F39/><W43/><G35/><T41/><D69/><U1/><E123/><V101/><F101/><W30/><G122/><T78/><D66/><U19/><E73/><V62/><F121/><W109/><G109/><T113/><D16/><U102/><E71/><V128/><F128/><W100/><G30/><T17/><D17/><U49/><E1/><V125/><F125/><W12/><G80/><T22/><D22/><U59/><E104/><V36/><F36/><W134/><G134/><N who="2" m="51817" /><F8/><W117/><G117/><N who="2" m="45161" /><F108/><W95/><G100/><T29/><D29/><U45/><E102/><V4/><F4/><W74/><G99/><T0/><D0/><U106/><E106/><V76/><F76/><W57/><G74/><T50/><D86/><U135/><E90/><V88/><F77/><W25/><G25/><T20/><D20/><U37/><E135/><V124/><F124/><W96/><G96/><T61/><D61/><N who="2" m="23050" /><F31/><W68/><G97/><T13/><D79/><U127/><E127/><V34/><F34/><W110/><G110/><T70/><D70/><U3/><E3/><V14/><F14/><W33/><G33/><T40/><D78/><U60/><REACH who="1" step="1"/><E59/><REACH who="1" ten="173,279,250,288" step="2"/><V89/><F89/><W87/><G57/><T67/><D13/><AGARI ba="0,1" hai="13,19,23,24,27,37,42,45,48,49,51,55,58,60" machi="13" ten="40,2600,0" yaku="1,1,2,1,53,0" doraHai="26" doraHaiUra="119" who="1" fromWho="0" sc="173,-26,279,36,250,0,288,0" /><INIT seed="3,0,0,4,5,66" ten="147,315,250,288" oya="3" hai0="130,63,40,2,118,101,106,97,113,104,26,13,67" hai1="78,123,17,70,129,19,127,48,122,31,95,90,114" hai2="75,29,87,110,0,9,46,50,61,62,112,33,58" hai3="132,93,134,105,73,7,99,12,133,16,21,82,45"/><W27/><G105/><T69/><D118/><U43/><E114/><V89/><F75/><W115/><G115/><T121/><D113/><U86/><E129/><V84/><F112/><W92/><G45/><T51/><D121/><U3/><E127/><V37/><F37/><W55/><G55/><T77/><D2/><U68/><E3/><V39/><F39/><W74/><G82/><T10/><D77/><U8/><E31/><V4/><F110/><W28/><G7/><T18/><D130/><U98/><E123/><V72/><F72/><W54/><G54/><T25/><D106/><U96/><E122/><V124/><F33/><W119/><G119/><T42/><D51/><U109/><E109/><V117/><F29/><W94/><REACH who="3" step="1"/><G99/><REACH who="3" ten="147,315,250,278" step="2"/><T80/><D80/><U53/><E43/><V5/><F117/><W35/><AGARI ba="0,1" hai="12,16,21,27,28,35,73,74,92,93,94,132,133,134" machi="35" ten="40,24000,3" yaku="1,1,2,1,0,1,20,1,54,1,53,3" doraHai="66" doraHaiUra="131" who="3" fromWho="3" sc="147,-80,315,-80,250,-80,278,250" /><INIT seed="3,1,0,5,4,106" ten="67,235,170,528" oya="3" hai0="74,87,24,64,47,78,1,119,10,122,7,25,38" hai1="30,116,3,36,120,127,8,44,65,83,100,129,66" hai2="37,90,68,52,19,22,117,121,20,107,46,0,101" hai3="4,15,9,105,32,43,131,89,60,118,126,55,42"/><W77/><G118/><T128/><D122/><U34/><E120/><V69/><F0/><W103/><G32/><T41/><D119/><U84/><E116/><V98/><F117/><W21/><G131/><T63/><D128/><U48/><E129/><V75/><F75/><W13/><G126/><T26/><D87/><U57/><E127/><V14/><F121/><W112/><G112/><T23/><D23/><U62/><E36/><V59/><F90/><W135/><G135/><T28/><D28/><U18/><E34/><V61/><REACH who="2" step="1"/><F22/><REACH who="2" ten="67,235,160,528" step="2"/><W29/><G89/><T96/><D26/><U91/><E100/><V71/><F71/><W39/><G21/><T93/><D93/><U92/><E30/><V6/><F6/><W133/><G4/><T53/><D96/><U27/><E3/><V82/><F82/><W110/><G77/><T54/><D25/><U12/><E92/><V85/><F85/><W72/><G72/><T67/><D24/><U86/><E27/><V17/><F17/><W35/><G29/><T31/><D31/><U11/><E86/><V111/><F111/><W50/><G110/><T132/><D132/><U95/><E95/><V104/><F104/><W56/><G105/><T58/><REACH who="0" step="1"/><D67/><REACH who="0" ten="57,235,160,528" step="2"/><N who="1" m="39375" /><E8/><V114/><F114/><W113/><G133/><T80/><AGARI ba="1,2" hai="1,7,10,38,41,47,53,54,58,63,64,74,78,80" machi="80" ten="30,8000,1" yaku="1,1,0,1,25,2,52,1,53,0" doraHai="106" doraHaiUra="109" who="0" fromWho="0" sc="57,103,235,-21,160,-21,528,-41" /><INIT seed="4,0,0,3,3,97" ten="160,214,139,487" oya="0" hai0="79,38,76,77,41,82,43,52,93,129,49,96,107" hai1="63,5,133,13,0,132,80,101,57,18,66,15,26" hai2="74,2,68,53,69,106,12,125,120,104,50,124,114" hai3="121,78,8,110,113,48,119,45,99,117,92,3,6"/><T123/><D123/><U36/><E36/><V10/><F120/><W4/><G110/><T60/><D107/><U51/><E0/><V116/><F74/><W115/><G121/><T17/><D38/><U111/><E111/><V31/><F31/><W130/><G4/><T91/><D60/><U126/><E126/><V108/><F2/><W72/><G130/><T86/><D129/><U34/><E34/><V20/><F20/><W67/><G67/><T84/><D17/><U56/><E80/><V105/><F108/><W35/><G35/><T134/><D134/><N who="1" m="51819" /><E5/><V62/><F62/><W88/><G78/><T27/><D27/><U22/><E101/><V19/><F114/><N who="3" m="43531" /><G72/><T28/><D28/><U9/><E9/><V127/><REACH who="2" step="1"/><F116/><REACH who="2" ten="160,214,129,487" step="2"/><W118/><G118/><T7/><D7/><U100/><E26/><V87/><F87/><N who="0" m="33322" /><D82/><U55/><E15/><V23/><F23/><W30/><G30/><T44/><AGARI ba="0,1" hai="41,43,44,49,52,76,77,79,91,93,96" m="33322" machi="44" ten="30,3000,0" yaku="8,1,54,1" doraHai="97" who="0" fromWho="0" sc="160,40,214,-10,129,-10,487,-10" /><INIT seed="4,1,0,5,2,121" ten="200,204,119,477" oya="0" hai0="12,115,45,93,52,9,124,83,69,100,73,44,26" hai1="102,29,107,68,56,66,32,130,129,63,40,79,8" hai2="133,23,88,46,119,110,17,91,76,47,25,21,80" hai3="114,42,128,127,122,103,120,16,64,57,108,77,33"/><T20/><D69/><U7/><E56/><V89/><F110/><W62/><G114/><T85/><D124/><U95/><E95/><V131/><F131/><W112/><G112/><T58/><D73/><U87/><E87/><N who="2" m="48519" /><F119/><W35/><G108/><T37/><D37/><U72/><E40/><V61/><F133/><W123/><G127/><T15/><D15/><U60/><E60/><V67/><F67/><W132/><G132/><T49/><D100/><U34/><E34/><V19/><F61/><W70/><G128/><N who="1" m="49258" /><E8/><V27/><AGARI ba="1,0" hai="17,19,21,23,25,27,46,47,88,89,91" m="48519" machi="27" ten="30,2000,0" yaku="8,1,54,1" doraHai="121" who="2" fromWho="2" sc="200,-11,204,-6,119,23,477,-6" /><INIT seed="5,0,0,4,5,29" ten="189,198,142,471" oya="1" hai0="113,58,84,57,14,27,91,19,75,26,104,22,2" hai1="3,28,95,117,10,127,63,66,79,132,25,134,105" hai2="13,30,114,18,9,67,49,111,12,11,120,119,4" hai3="102,44,48,20,16,83,116,108,0,86,60,35,118"/><U69/><E117/><N who="3" m="45162" /><G108/><T135/><D104/><U98/><E127/><V133/><F119/><W110/><G0/><T100/><D75/><U43/><E79/><V15/><F111/><W109/><G60/><T77/><D2/><U82/><E82/><V87/><F87/><W129/><G35/><T31/><D100/><N who="1" m="62615" /><E95/><V65/><F120/><W39/><G39/><T45/><D135/><N who="1" m="51755" /><E43/><V123/><F133/><W42/><G102/><T89/><D113/><U115/><E115/><V62/><F114/><W96/><G96/><T23/><D27/><U38/><E10/><V121/><F49/><W6/><G129/><T70/><D70/><U107/><E3/><V124/><F62/><W21/><G6/><T122/><D122/><N who="2" m="46602" /><F67/><W81/><G81/><T5/><D5/><U36/><E107/><V61/><F61/><W112/><G112/><T17/><D45/><U93/><E93/><V50/><F50/><W131/><G131/><T125/><D125/><U85/><E85/><V80/><F80/><W106/><G106/><T130/><D130/><U32/><AGARI ba="0,0" hai="25,28,32,36,38,63,66,69" m="51755,62615" machi="32" ten="30,11700,0" yaku="25,1,20,1,23,1,52,1" doraHai="29" who="1" fromWho="1" sc="189,-39,198,117,142,-39,471,-39" /><INIT seed="5,1,0,2,0,30" ten="150,315,103,432" oya="1" hai0="78,23,47,36,49,51,87,119,96,61,2,46,50" hai1="95,94,133,89,37,92,59,27,12,20,29,99,14" hai2="72,114,43,86,19,125,33,7,106,79,53,31,81" hai3="65,39,101,75,3,69,48,64,134,80,42,108,126"/><U11/><E37/><V124/><F106/><W127/><G108/><T67/><D119/><U26/><E133/><V102/><F102/><W105/><G134/><T112/><D2/><U73/><E73/><V41/><F7/><W70/><G39/><T44/><D96/><U5/><E14/><V100/><F100/><W55/><G42/><N who="0" m="22599" /><D23/><U63/><E27/><V62/><F19/><W135/><G3/><T57/><D87/><U4/><E4/><V109/><F72/><W128/><G135/><T117/><D78/><U121/><E121/><V68/><F109/><W83/><G128/><T45/><D117/><U85/><E85/><V15/><F15/><W13/><G13/><T107/><D107/><U32/><E32/><V34/><F31/><W21/><G21/><T38/><D112/><U35/><E35/><N who="2" m="13323" /><F114/><W129/><G129/><T1/><D1/><U58/><E58/><N who="2" m="35151" /><F68/><N who="3" m="26219" /><G101/><T0/><D0/><U116/><REACH who="1" step="1"/><E116/><REACH who="1" ten="150,305,103,432" step="2"/><V54/><F54/><AGARI ba="1,1" hai="5,11,12,20,26,29,54,59,63,89,92,94,95,99" machi="54" ten="30,12000,1" yaku="1,1,2,1,7,1,8,1,53,1" doraHai="30" doraHaiUra="18" who="1" fromWho="2" sc="150,0,305,133,103,-123,432,0" owari="150,-25.0,438,54.0,-20,-52.0,432,23.0" /></mjloggm>