<mjloggm ver="2.3"><GO type="169" lobby="0"/><UN n0="%E7%8B%AC%E6%AD%A9" n1="%E6%B0%97%E6%A5%BD%E3%81%AB%E6%89%93%E3%81%A4" n2="%E2%98%85%E3%83%86%E3%82%AF%E3%83%8E%E3%83%8F%E3%82%A6%E3%82%B9%E2%98%85" n3="%EF%BC%88%E2%89%A7%E2%96%BD%E2%89%A6%EF%BC%89" dan="17,16,16,18" rate="2193.54,2143.14,2028.49,2187.08" sx="M,M,M,M"/><TAIKYOKU oya="0"/><INIT seed="0,0,0,0,0,67" ten="250,250,250,250" oya="0" hai0="27,59,49,37,29,30,13,128,94,6,44,35,106" hai1="11,23,102,3,32,28,114,54,119,2,103,132,56" hai2="83,38,76,111,12,16,108,73,66,60,50,100,18" hai3="40,55,117,80,25,135,110,78,52,7,125,92,97"/><T81/><D106/><U122/><E119/><V89/><F38/><W86/><G117/><T134/><D134/><U1/><E122/><V24/><F100/><W96/><G135/><T43/><D128/><U91/><E132/><V45/><F24/><W46/><G125/><T98/><D30/><U113/><E32/><V62/><F89/><W31/><G7/><T8/><D81/><U130/><E130/><V131/><F18/><W14/><G14/><T126/><D126/><U17/><E91/><V4/><F4/><W123/><G110/><N who="2" m="42025" /><F131/><W21/><G123/><T90/><REACH who="0" step="1"/><D59/><REACH who="0" ten="240,250,250,250" step="2"/><U69/><E28/><V5/><F83/><W15/><G92/><T84/><D84/><U87/><E87/><V118/><F118/><W9/><G97/><T65/><D65/><U121/><E56/><V0/><F66/><W36/><G96/><T33/><D33/><U116/><E116/><V109/><F109/><W112/><G112/><T82/><D82/><U71/><E113/><V85/><F85/><W77/><G77/><T64/><D64/><U104/><E114/><V68/><F76/><W74/><G86/><T20/><D20/><U26/><E23/><V99/><F73/><W95/><G95/><T75/><D75/><U88/><E104/><V41/><F99/><W42/><G80/><T34/><D34/><U127/><E127/><V107/><F107/><W53/><G78/><T124/><D124/><U19/><E121/><V105/><F105/><W10/><G74/><T93/><D93/><U48/><E48/><AGARI ba="0,1" hai="6,8,13,27,29,35,37,43,44,48,49,90,94,98" machi="48" ten="40,2000,0" yaku="1,1,53,0" doraHai="67" doraHaiUra="79" who="0" fromWho="1" sc="240,30,250,-20,250,0,250,0" /><INIT seed="0,1,0,0,2,67" ten="270,230,250,250" oya="0" hai0="76,122,103,116,105,111,21,110,100,94,14,56,41" hai1="129,19,17,37,101,79,31,61,9,121,36,30,3" hai2="75,82,24,15,95,126,47,134,39,72,40,135,88" hai3="18,69,7,48,130,59,43,4,57,34,118,6,74"/><T38/><D116/><U12/><E121/><V45/><F126/><W132/><G118/><T53/><D105/><U112/><E129/><V66/><F47/><W78/><G34/><T91/><D76/><U106/><E112/><V65/><F24/><W25/><G130/><T80/><D80/><U131/><E131/><V27/><F27/><W55/><G132/><N who="2" m="50729" /><F15/><W96/><G43/><T11/><D41/><U107/><E79/><N who="2" m="44391" /><F75/><W92/><G69/><T115/><D122/><U102/><E12/><V64/><F64/><W120/><G120/><T85/><D38/><U90/><E9/><V33/><F33/><W98/><G59/><T87/><D87/><AGARI ba="1,0" hai="39,40,45,65,66,87,88,95" m="44391,50729" machi="87" ten="30,2000,0" yaku="20,1,54,1" doraHai="67" who="2" fromWho="0" sc="270,-23,230,0,250,23,250,0" /><INIT seed="1,0,0,2,5,43" ten="247,230,273,250" oya="1" hai0="10,121,47,83,64,38,91,113,101,4,110,122,78" hai1="133,89,123,112,40,27,106,21,12,94,46,17,42" hai2="73,132,104,22,67,52,135,131,36,51,77,18,74" hai3="97,5,45,35,11,49,76,79,31,66,85,99,0"/><U56/><E112/><V127/><F36/><W103/><G66/><T63/><D101/><U2/><E123/><V25/><F104/><W80/><G76/><T33/><D33/><U3/><E106/><V61/><F127/><W118/><G118/><T32/><D32/><U87/><E133/><N who="2" m="51275" /><F77/><W107/><G99/><T90/><D110/><U60/><E12/><V69/><F131/><W124/><G124/><T105/><D105/><U93/><E94/><V1/><F1/><W92/><G107/><T62/><D113/><U6/><E6/><V108/><F108/><W84/><G35/><T50/><D38/><U102/><E102/><V81/><F81/><W29/><REACH who="3" step="1"/><G85/><REACH who="3" ten="247,230,273,240" step="2"/><N who="0" m="48375" /><D122/><U115/><E115/><V119/><F119/><W34/><G34/><T37/><D121/><U19/><E19/><V95/><F95/><W70/><G70/><T134/><D134/><U44/><E3/><V68/><F68/><W129/><G129/><T28/><D64/><N who="1" m="38919" /><E2/><V114/><F114/><W24/><G24/><T23/><D28/><U53/><E53/><AGARI ba="0,1" hai="0,5,11,29,31,45,49,53,79,80,84,92,97,103" machi="53" ten="30,7700,0" yaku="1,1,7,1,52,1,53,1" doraHai="43" doraHaiUra="98" who="3" fromWho="1" sc="247,0,230,-77,273,0,240,87" /><INIT seed="2,0,0,1,4,103" ten="247,153,273,327" oya="2" hai0="40,47,69,53,116,115,55,1,92,64,84,130,19" hai1="114,24,81,5,101,68,120,25,57,98,59,100,15" hai2="127,62,118,50,32,33,126,52,21,51,8,85,125" hai3="18,104,97,41,66,49,83,16,65,39,29,135,105"/><V110/><F118/><W132/><G39/><T82/><D115/><U75/><E114/><V17/><F8/><W10/><G29/><T11/><D116/><U76/><E68/><V26/><F110/><W28/><G28/><T7/><D130/><U48/><E120/><V54/><F85/><W94/><G83/><T27/><D92/><U106/><E101/><V113/><F62/><W78/><G78/><T117/><D117/><U30/><E48/><V12/><F113/><W20/><G10/><T34/><D64/><N who="3" m="24681" /><G49/><T0/><D69/><U46/><E46/><N who="2" m="27735" /><F26/><N who="3" m="14599" /><G18/><T112/><D1/><U91/><E5/><V122/><F122/><W93/><G41/><T6/><D6/><U109/><E109/><V45/><AGARI ba="0,0" hai="12,17,21,32,33,45,51,54,125,126,127" m="27735" machi="45" ten="30,3000,0" yaku="18,1,54,1" doraHai="103" who="2" fromWho="2" sc="247,-10,153,-10,273,30,327,-10" /><INIT seed="2,1,0,3,1,87" ten="237,143,303,317" oya="2" hai0="13,98,117,126,80,100,4,62,22,105,41,110,127" hai1="68,72,5,20,73,101,40,88,42,39,59,131,107" hai2="2,70,38,1,57,16,118,128,19,17,8,31,35" hai3="132,49,66,84,130,34,125,3,75,106,108,74,104"/><V54/><F70/><W124/><G3/><T114/><D114/><U63/><E131/><V0/><F38/><W96/><G34/><T92/><D110/><U94/><E68/><V26/><F128/><W65/><G108/><T37/><D117/><U71/><E71/><V46/><F46/><W61/><G130/><T21/><D62/><U29/><E5/><V78/><F78/><W55/><G132/><T15/><D80/><U122/><E122/><V47/><F47/><N who="3" m="28095" /><G84/><T85/><D41/><U77/><E39/><V133/><F133/><W14/><G14/><T18/><D37/><U89/><E73/><N who="3" m="27658" /><G96/><T119/><D119/><U116/><E116/><V91/><F118/><W121/><G66/><T32/><D32/><U52/><E72/><V51/><REACH who="2" step="1"/><F91/><REACH who="2" ten="237,143,293,317" step="2"/><W45/><G45/><T36/><D36/><U134/><E77/><V95/><F95/><W43/><G121/><T123/><D123/><U23/><E134/><V109/><F109/><W28/><G106/><T64/><D105/><U6/><E107/><V67/><F67/><W60/><G104/><T56/><D64/><U50/><E89/><V10/><AGARI ba="1,1" hai="0,1,2,8,10,16,17,19,26,31,35,51,54,57" machi="10" ten="40,7800,0" yaku="1,1,0,1,54,1,53,0" doraHai="87" doraHaiUra="82" who="2" fromWho="2" sc="237,-27,143,-27,293,91,317,-27" /><INIT seed="2,2,0,0,1,43" ten="210,116,384,290" oya="2" hai0="83,112,80,62,54,65,57,7,111,8,30,93,36" hai1="128,123,60,41,76,72,28,100,16,3,12,49,47" hai2="46,97,107,35,103,42,106,82,32,114,96,95,0" hai3="20,13,53,66,81,34,73,51,130,21,133,39,126"/><V108/><F0/><W101/><G34/><T18/><D111/><U70/><E128/><V26/><F114/><W48/><G39/><T22/><D30/><U104/><E123/><V115/><F115/><W90/><G130/><T11/><D36/><U86/><E72/><V127/><F127/><W135/><G126/><T79/><D112/><U40/><E3/><V4/><F4/><W14/><G101/><T125/><D125/><U110/><E110/><V19/><F108/><W131/><G66/><T74/><D83/><U67/><E28/><V132/><F82/><W109/><G131/><T105/><D105/><U6/><E6/><V119/><F132/><N who="3" m="50763" /><G48/><T29/><D29/><U25/><E25/><V78/><F78/><N who="3" m="44239" /><G90/><T59/><D93/><U85/><E41/><V68/><F68/><W84/><G84/><T113/><D113/><U50/><E50/><V118/><F35/><W33/><G33/><T116/><D116/><U58/><E70/><V94/><F32/><W10/><G109/><T69/><D7/><U98/><REACH who="1" step="1"/><E76/><REACH who="1" ten="210,106,384,290" step="2"/><V77/><F77/><W91/><G14/><T117/><D69/><U89/><E89/><V27/><F42/><W75/><G91/><T92/><D79/><U52/><E52/><V17/><F103/><W55/><G75/><T99/><D54/><N who="3" m="20489" /><G51/><T45/><D74/><U2/><E2/><V37/><F37/><W1/><G1/><T102/><D102/><U71/><E71/><V44/><AGARI ba="2,1" hai="17,19,26,27,44,46,94,95,96,97,106,107,118,119" machi="44" ten="25,12000,1" yaku="0,1,22,2,52,2" doraHai="43" who="2" fromWho="2" sc="210,-42,106,-42,384,136,290,-42" /><INIT seed="2,3,0,1,3,134" ten="168,64,520,248" oya="2" hai0="87,44,9,77,12,52,114,98,78,122,92,102,26" hai1="97,47,121,76,50,112,60,80,93,15,101,22,67" hai2="43,104,1,82,63,32,38,64,91,95,118,129,30" hai3="107,33,14,23,75,3,71,110,11,113,132,83,41"/><V111/><F118/><W106/><G71/><T65/><D122/><U48/><E112/><V96/><F1/><W100/><G33/><T57/><D114/><U81/><E121/><V19/><F104/><W74/><G113/><T131/><D131/><U85/><E81/><V36/><F129/><W117/><G117/><T115/><D115/><U51/><E22/><V17/><F111/><W135/><G110/><T103/><D103/><U54/><REACH who="1" step="1"/><E15/><REACH who="1" ten="168,54,520,248" step="2"/><V61/><F82/><W34/><G23/><T27/><D26/><U70/><AGARI ba="3,1" hai="47,48,50,51,54,60,67,70,76,80,85,93,97,101" machi="70" ten="20,8000,1" yaku="1,1,2,1,0,1,7,1,53,1" doraHai="134" doraHaiUra="99" who="1" fromWho="1" sc="168,-23,54,99,520,-43,248,-23" /><INIT seed="3,0,0,2,1,25" ten="145,153,477,225" oya="3" hai0="75,82,62,64,53,39,129,117,13,106,42,7,120" hai1="3,126,66,71,130,67,134,33,107,104,21,41,6" hai2="49,44,100,73,72,36,28,77,133,115,108,78,37" hai3="51,95,17,88,34,116,12,50,2,127,83,9,70"/><W16/><G70/><T30/><D120/><U4/><E126/><V26/><F115/><W110/><G116/><T97/><D117/><U57/><E134/><V86/><F86/><W114/><G127/><T74/><D129/><U43/><E33/><V91/><F91/><W22/><G114/><T132/><D132/><U99/><E130/><V109/><F100/><W102/><G34/><T105/><D53/><U76/><E76/><V121/><F133/><W93/><G110/><N who="2" m="42601" /><F121/><W24/><G2/><T85/><D30/><U29/><E99/><V118/><F118/><W27/><G27/><T84/><D84/><U113/><E113/><V98/><F98/><N who="3" m="59743" /><G83/><T32/><D32/><U89/><E3/><V45/><F78/><W101/><G101/><T20/><D97/><AGARI ba="0,0" hai="9,12,16,17,22,24,50,51,88,93,97" m="59743" machi="97" ten="30,5800,0" yaku="8,1,54,2" doraHai="25" who="3" fromWho="0" sc="145,-58,153,0,477,0,225,58" /><INIT seed="3,1,0,5,3,32" ten="87,153,477,283" oya="3" hai0="11,84,109,46,13,95,75,22,72,108,17,47,15" hai1="96,18,49,57,112,3,102,0,68,98,66,77,76" hai2="52,118,26,5,82,41,34,114,87,133,40,93,101" hai3="132,83,27,63,90,64,104,73,124,24,135,123,113"/><W36/><G123/><T35/><D35/><U120/><E120/><V116/><F114/><W103/><G36/><T67/><D67/><U121/><E121/><V85/><F5/><W110/><G124/><T14/><D84/><U19/><E112/><V43/><F133/><N who="3" m="51275" /><G113/><T51/><D95/><U131/><E131/><V89/><F34/><W71/><G110/><T91/><D91/><U62/><E77/><V80/><F26/><W1/><G1/><T7/><D15/><U69/><E76/><V10/><F10/><W111/><G111/><N who="0" m="42571" /><D47/><U38/><E38/><V130/><F130/><W28/><G28/><T128/><D128/><U117/><E117/><V33/><F33/><W23/><G23/><T125/><D125/><U74/><E74/><V42/><F118/><W56/><G71/><T30/><D30/><U99/><E102/><V20/><F20/><W97/><G73/><T25/><D25/><U58/><E69/><V65/><F116/><W4/><G4/><T21/><D21/><U50/><E68/><V54/><F101/><W79/><G79/><T2/><D14/><U94/><E94/><V106/><F93/><W31/><G31/><T48/><D48/><U100/><E100/><V55/><F106/><W122/><G122/><T105/><D105/><U16/><REACH who="1" step="1"/><E50/><REACH who="1" ten="87,143,477,283" step="2"/><V59/><F89/><W70/><G70/><T9/><D9/><U61/><E61/><N who="2" m="38079" /><F80/><W107/><G104/><T126/><D126/><U6/><E6/><V86/><F82/><W29/><G29/><T92/><D92/><U8/><E8/><V81/><N who="2" m="10752" /><DORA hai="78" /><V39/><F81/><RYUUKYOKU ba="1,1" sc="87,0,143,0,477,0,283,0" hai0="2,7,11,13,17,22,46,51,72,75" hai1="0,3,16,18,19,49,57,58,62,66,96,98,99" hai2="39,52,54,55,85,86,87" hai3="24,27,56,63,64,83,90,97,103,107" /><INIT seed="3,2,1,5,0,15" ten="87,143,477,283" oya="3" hai0="83,89,69,135,110,45,5,49,53,127,22,131,30" hai1="6,26,82,97,44,93,47,66,92,29,50,108,52" hai2="3,7,48,27,64,107,17,73,11,33,2,67,37" hai3="81,55,86,133,36,46,88,122,76,78,87,119,54"/><W38/><G122/><T23/><D127/><U41/><E108/><V61/><F37/><W42/><G119/><T43/><D110/><U130/><E130/><V125/><F107/><W115/><G36/><T10/><D69/><U104/><E6/><V95/><F73/><W63/><G115/><T75/><D131/><U79/><E66/><V124/><F48/><W74/><G133/><T123/><D135/><U106/><E44/><V1/><F95/><W60/><G74/><T39/><D30/><U8/><E8/><V72/><F72/><W35/><G35/><T117/><D117/><U18/><E41/><V9/><F67/><W28/><G28/><T58/><D123/><U85/><E92/><V34/><F61/><W12/><G12/><T31/><D31/><U120/><E120/><V65/><F64/><W118/><G118/><T25/><D25/><U56/><E47/><V4/><F65/><W91/><G60/><T101/><D101/><U134/><E134/><V21/><F3/><W62/><G62/><T77/><REACH who="0" step="1"/><D89/><REACH who="0" ten="77,143,477,283" step="2"/><N who="1" m="55471" /><E104/><V84/><F124/><W96/><G96/><T128/><D128/><U103/><E106/><V71/><F71/><W40/><G91/><T121/><D121/><U13/><E103/><V102/><F125/><W113/><G88/><T114/><D114/><U32/><E29/><V132/><F132/><W0/><G113/><T112/><D112/><U90/><E26/><V129/><F129/><W98/><G98/><T57/><D57/><U16/><E90/><V94/><F102/><W105/><G105/><T19/><D19/><N who="1" m="7211" /><E32/><V70/><F70/><RYUUKYOKU ba="2,2" sc="77,10,143,10,477,10,283,-30" hai0="5,10,22,23,39,43,45,49,53,58,75,77,83" hai1="13,50,52,56,79,82,85" hai2="1,2,4,7,9,11,17,21,27,33,34,84,94" /><INIT seed="4,3,2,0,0,55" ten="87,153,487,253" oya="0" hai0="63,19,26,97,95,22,73,118,40,91,102,101,7" hai1="120,67,70,96,123,48,71,114,86,44,24,23,29" hai2="33,31,15,126,4,88,43,119,56,47,65,115,25" hai3="11,82,58,50,14,9,99,69,76,83,72,92,49"/><T60/><D118/><U129/><E129/><V41/><F126/><W125/><G69/><T17/><D73/><U127/><E127/><V110/><F110/><W35/><G35/><T87/><D7/><U90/><E114/><V106/><F106/><W107/><G107/><T134/><D134/><U28/><E96/><V74/><F74/><W108/><G125/><T46/><D17/><U122/><E28/><V27/><F115/><W131/><G131/><T12/><D26/><U81/><REACH who="1" step="1"/><E67/><REACH who="1" ten="87,143,487,253" step="2"/><V54/><F65/><W79/><G99/><T6/><D6/><U2/><E2/><V61/><F119/><W84/><G108/><T5/><D5/><U42/><AGARI ba="3,3" hai="23,24,29,42,44,48,70,71,81,86,90,120,122,123" machi="42" ten="30,2000,0" yaku="1,1,0,1,53,0" doraHai="55" doraHaiUra="13" who="1" fromWho="1" sc="87,-13,143,59,487,-8,253,-8" /><INIT seed="5,0,0,0,3,61" ten="74,202,479,245" oya="1" hai0="117,114,48,58,72,115,131,24,119,83,91,60,46" hai1="87,6,39,51,47,65,84,16,123,36,5,80,63" hai2="38,93,68,89,56,118,17,95,77,53,40,27,81" hai3="66,22,31,70,55,105,109,69,50,14,59,62,134"/><U94/><E123/><V129/><F118/><W28/><G105/><T57/><D24/><U33/><E33/><V44/><F68/><W45/><G109/><T7/><D7/><U41/><E36/><V54/><F129/><W86/><G134/><T116/><D91/><N who="1" m="53607" /><E39/><V37/><F38/><W125/><G125/><T8/><D8/><U12/><E63/><V67/><F67/><W29/><REACH who="3" step="1"/><G86/><REACH who="3" ten="74,202,479,235" step="2"/><T135/><D135/><U121/><E121/><V90/><F54/><W79/><G79/><T110/><D110/><U100/><E65/><V75/><F53/><W120/><G120/><T0/><D131/><U130/><E130/><V92/><F77/><W98/><G98/><T64/><D0/><U103/><E5/><V9/><F75/><W76/><G76/><T108/><D108/><U11/><E6/><V104/><F104/><W23/><G23/><T30/><D72/><U25/><E25/><V52/><F27/><W1/><G1/><T111/><D111/><U15/><E15/><V74/><F74/><W10/><G10/><T34/><D34/><U35/><E35/><V124/><F9/><W42/><G42/><N who="0" m="24663" /><D30/><U99/><E99/><V85/><F124/><W4/><G4/><T97/><D97/><U20/><E11/><V43/><F17/><AGARI ba="0,1" hai="14,17,22,28,29,31,45,50,55,59,62,66,69,70" machi="17" ten="40,2600,0" yaku="1,1,52,1,53,0" doraHai="61" doraHaiUra="133" who="3" fromWho="2" sc="74,0,202,0,479,-26,235,36" /><INIT seed="6,0,0,3,0,79" ten="74,202,453,271" oya="2" hai0="66,108,110,131,23,105,1,107,71,77,41,50,17" hai1="43,85,55,127,28,80,40,39,122,25,92,48,30" hai2="99,4,118,81,35,61,83,72,67,102,12,106,111" hai3="9,124,89,20,133,6,26,121,88,97,123,52,116"/><V37/><F118/><W62/><G116/><T24/><D1/><U100/><E127/><V84/><F35/><W87/><G124/><T42/><D131/><U8/><E122/><V15/><F37/><W31/><G133/><T3/><D3/><U104/><E104/><V47/><F47/><W115/><G115/><T18/><D77/><N who="1" m="46223" /><E39/><V74/><F111/><W68/><G68/><T113/><D113/><U112/><E112/><V53/><F53/><W94/><G62/><T54/><D71/><U69/><E69/><V90/><F4/><W109/><G52/><T82/><D66/><U98/><E8/><V96/><F96/><W60/><G60/><T46/><D105/><U0/><E0/><V95/><F74/><W36/><G36/><T103/><D107/><U75/><E75/><V56/><F83/><W64/><G64/><T125/><D125/><U19/><E19/><V101/><F102/><W11/><G109/><T22/><D103/><U130/><E130/><V44/><F44/><W86/><G97/><T119/><D119/><U14/><E14/><V2/><F2/><W117/><G117/><T128/><D128/><U13/><E13/><V29/><F29/><N who="1" m="11369" /><E25/><V65/><REACH who="2" step="1"/><F67/><REACH who="2" ten="74,202,443,271" step="2"/><W21/><G6/><T57/><D82/><U132/><E132/><V27/><F27/><N who="3" m="16879" /><G123/><T34/><D34/><U33/><E33/><V120/><F120/><W63/><G121/><T129/><D129/><U51/><E55/><V59/><F59/><W78/><G26/><N who="0" m="14671" /><D42/><AGARI ba="0,1" hai="40,42,43,48,51,92,98,100" m="11369,46223" machi="42" ten="30,2000,0" yaku="8,1,52,1" doraHai="79" who="1" fromWho="0" sc="74,-20,202,30,443,0,271,0" /><INIT seed="7,0,0,1,4,64" ten="54,232,443,271" oya="3" hai0="100,15,130,70,123,79,48,90,50,109,29,97,53" hai1="104,127,77,25,55,58,44,126,40,4,1,35,14" hai2="3,118,24,22,81,89,92,111,116,37,54,61,49" hai3="28,18,83,6,62,59,47,26,10,84,23,85,12"/><W36/><G36/><T96/><D123/><U19/><E104/><V45/><F3/><W120/><G120/><T41/><D109/><U117/><E117/><V11/><F111/><W112/><G47/><T27/><D130/><U42/><E77/><V13/><F81/><W87/><G112/><T86/><D79/><U20/><E44/><V32/><F61/><W72/><G72/><T2/><D2/><U115/><E115/><V125/><F32/><W65/><REACH who="3" step="1"/><G6/><REACH who="3" ten="54,232,443,261" step="2"/><T107/><D96/><U31/><E42/><V110/><F37/><W34/><G34/><T80/><D41/><U74/><E40/><V60/><F116/><W103/><G103/><T21/><D50/><U43/><E43/><V93/><F118/><W129/><G129/><T135/><D135/><U88/><E74/><V17/><F110/><W5/><G5/><T30/><D30/><U132/><E132/><V52/><F45/><W56/><G56/><T71/><REACH who="0" step="1"/><D15/><REACH who="0" ten="44,232,443,261" step="2"/><U105/><E1/><V91/><F13/><W102/><G102/><T128/><D128/><U9/><E14/><V16/><F125/><W124/><G124/><T113/><D113/><U51/><E127/><V98/><F49/><W133/><G133/><T82/><D82/><AGARI ba="0,2" hai="10,12,18,23,26,28,59,62,65,82,83,84,85,87" machi="82" ten="40,7700,0" yaku="1,1,8,1,53,1" doraHai="64" doraHaiUra="7" who="3" fromWho="0" sc="44,-77,232,0,443,0,261,97" owari="-33,-53.0,232,-17.0,443,54.0,358,16.0" /></mjloggm>