<mjloggm ver="2.3"><GO type="41"/><UN n0="%E3%82%B7%E3%83%AD%E3%83%83%E3%82%B3%E2%99%AA" n1="%E3%82%A6%E3%83%AB%E3%83%88%E3%83%A9%E7%AB%8B%E7%9B%B4" n2="%E9%98%B2%E8%A1%9B%E7%B5%90%E7%95%8C" n3="%31%36" dan="14,15,13,14" rate="1958,2011,1907,1930" sx="M,M,M,M"/><TAIKYOKU oya="0"/><INIT seed="0,0,0,1,1,7" ten="250,250,250,250" oya="0" hai0="19,48,129,56,106,22,47,116,89,127,123,77,94" hai1="5,37,87,135,103,36,30,64,32,29,72,88,24" hai2="84,83,51,61,20,50,10,39,44,62,109,86,121" hai3="49,125,74,42,80,11,12,45,16,73,14,13,55"/><T46/><BYE who="3" /><D106/><U67/><E72/><V130/><F121/><W85/><G85/><T27/><D123/><U96/><E135/><V3/><F130/><W122/><G122/><T134/><D116/><U71/><E30/><UN n3="%31%36" /><V52/><F109/><W79/><G74/><T66/><D134/><U18/><E18/><V1/><F39/><W78/><G78/><T133/><D133/><U98/><E98/><V76/><F86/><W33/><G33/><T124/><D129/><U113/><E64/><V57/><F20/><W63/><G125/><N who="0" m="48203" /><D77/><U82/><E113/><V38/><F38/><W15/><REACH who="3" step="1"/><G63/><REACH who="3" ten="250,250,250,240" step="2"/><N who="0" m="38247" /><D48/><U35/><E35/><V60/><F1/><W115/><G115/><T105/><D105/><U53/><E37/><V91/><F3/><W28/><G28/><T100/><D100/><U97/><E36/><V104/><F76/><W58/><G58/><T31/><D31/><U54/><E103/><V69/><F104/><W43/><AGARI ba="0,1" hai="11,12,13,14,15,16,42,43,45,49,55,73,79,80" machi="43" ten="30,7900,0" yaku="1,1,0,1,52,1,54,1,53,0" doraHai="7" doraHaiUra="2" who="3" fromWho="3" sc="250,-39,250,-20,250,-20,240,89" /><INIT seed="1,0,0,1,2,71" ten="211,230,230,329" oya="1" hai0="7,16,101,24,124,130,121,83,28,59,119,64,38" hai1="13,97,73,49,76,90,99,57,123,92,132,74,54" hai2="3,48,80,62,15,41,116,82,85,107,114,84,106" hai3="40,117,8,133,112,2,126,104,134,27,44,88,37"/><U105/><E123/><V50/><F3/><W20/><G112/><T122/><D119/><U91/><E132/><N who="3" m="50794" /><G117/><T61/><D7/><U87/><E76/><V131/><F15/><W113/><G113/><T0/><D0/><U75/><E105/><N who="2" m="39947" /><F62/><W108/><G104/><T111/><D101/><U17/><REACH who="1" step="1"/><E91/><REACH who="1" ten="211,220,230,329" step="2"/><N who="2" m="51591" /><F114/><W52/><G2/><T4/><D122/><U86/><E86/><V66/><F116/><W36/><G8/><AGARI ba="0,1" hai="8,13,17,49,54,57,73,74,75,87,90,92,97,99" machi="8" ten="40,2000,0" yaku="1,1,53,0" doraHai="71" doraHaiUra="109" who="1" fromWho="3" sc="211,0,220,30,230,0,329,-20" /><INIT seed="1,1,0,5,3,59" ten="211,250,230,309" oya="1" hai0="67,54,73,94,105,64,81,43,11,103,116,36,113" hai1="13,12,118,82,24,130,71,121,16,70,3,107,97" hai2="65,61,123,48,111,7,50,22,26,79,19,106,109" hai3="34,125,108,60,37,68,129,92,98,6,66,135,31"/><U32/><E71/><V69/><F123/><W80/><G37/><T0/><D113/><U76/><E118/><V122/><F122/><W134/><G80/><T128/><D116/><U46/><E3/><V110/><F106/><W30/><G125/><T49/><D128/><U132/><E121/><V119/><F119/><W62/><G62/><T104/><D104/><U112/><E112/><V52/><F7/><W99/><G129/><T124/><D105/><U25/><E70/><V126/><F126/><W89/><G6/><T17/><D124/><U55/><E130/><V5/><F5/><W87/><G108/><T83/><D0/><U117/><E13/><V85/><F79/><W8/><G8/><T86/><D73/><U47/><E117/><V35/><F85/><W29/><G34/><T14/><D81/><U127/><E127/><V41/><F41/><W75/><G75/><T23/><D36/><U53/><E97/><V77/><F77/><W88/><G89/><N who="0" m="51423" /><D43/><U96/><E96/><V56/><F48/><W91/><G91/><T21/><D103/><U45/><E107/><V131/><F131/><W42/><G42/><T40/><D40/><U114/><E114/><V100/><F100/><W27/><G27/><N who="1" m="10314" /><E32/><AGARI ba="1,0" hai="19,22,26,32,35,50,52,56,61,65,69,109,110,111" machi="32" ten="40,5200,0" yaku="14,1,52,1,54,1" doraHai="59" who="2" fromWho="1" sc="211,0,250,-55,230,55,309,0" /><INIT seed="2,0,0,4,2,26" ten="211,195,285,309" oya="2" hai0="131,11,102,104,85,68,65,98,22,64,36,41,84" hai1="114,30,107,81,99,97,45,125,127,2,37,130,122" hai2="75,94,91,121,18,123,106,28,76,92,105,71,16" hai3="3,129,15,21,78,74,14,47,7,8,35,27,51"/><V101/><F71/><W69/><G69/><T70/><D131/><U12/><E2/><V17/><F76/><W134/><G129/><T82/><D70/><U24/><E114/><V57/><F75/><W48/><G48/><T135/><D135/><U54/><E130/><V115/><F115/><W96/><G96/><T5/><D84/><U10/><E81/><V128/><F128/><W66/><G134/><T72/><D68/><U43/><E54/><V126/><F126/><N who="1" m="48137" /><E107/><V118/><F118/><W59/><G78/><T52/><D72/><U77/><E77/><V86/><F28/><W44/><G74/><T13/><D36/><U88/><E88/><V93/><F57/><W33/><G66/><T90/><D41/><U62/><E62/><V124/><F124/><W34/><G59/><T40/><D40/><U55/><E55/><V42/><F42/><W1/><G51/><T46/><D46/><U132/><E132/><V83/><REACH who="2" step="1"/><F101/><REACH who="2" ten="211,195,275,309" step="2"/><W23/><G47/><T49/><D102/><U108/><E122/><AGARI ba="0,1" hai="16,17,18,83,86,91,92,93,94,105,106,121,122,123" machi="122" ten="50,9600,0" yaku="1,1,2,1,54,1,53,0" doraHai="26" doraHaiUra="25" who="2" fromWho="1" sc="211,0,195,-96,275,106,309,0" /><INIT seed="2,1,0,5,3,15" ten="211,99,381,309" oya="2" hai0="25,73,127,59,66,50,69,36,51,6,17,0,54" hai1="40,26,83,117,126,84,24,74,8,1,135,107,46" hai2="48,4,11,58,78,82,44,134,31,94,70,18,103" hai3="76,98,90,35,80,131,92,85,109,49,125,130,119"/><V104/><F70/><W114/><G35/><T53/><D73/><U111/><E117/><V14/><F104/><W120/><G119/><T105/><D105/><U101/><E111/><V71/><F71/><W47/><G120/><T97/><D127/><U20/><E126/><V100/><F31/><W61/><G61/><T128/><D128/><N who="3" m="49193" /><G125/><T99/><D36/><U62/><E135/><V115/><F94/><W7/><G7/><T9/><D66/><U64/><E26/><V45/><F115/><W116/><G116/><T95/><D69/><U63/><E101/><V12/><F134/><W123/><G123/><T23/><REACH who="0" step="1"/><D95/><REACH who="0" ten="201,99,381,309" step="2"/><U132/><E107/><V29/><F29/><W129/><G129/><T88/><D88/><U93/><E132/><V75/><F103/><W87/><G114/><T33/><D33/><U19/><E93/><V16/><F100/><W133/><G133/><T32/><D32/><U39/><E74/><V57/><F4/><W5/><G5/><T121/><D121/><U106/><E106/><V96/><F96/><W67/><G67/><T37/><D37/><U108/><E64/><V60/><F60/><W110/><G98/><T68/><D68/><U89/><E108/><V55/><REACH who="2" step="1"/><F44/><AGARI ba="1,1" hai="0,6,9,17,23,25,44,50,51,53,54,59,97,99" machi="44" ten="30,3900,0" yaku="1,1,7,1,52,1,53,0" doraHai="15" doraHaiUra="28" who="0" fromWho="2" sc="201,52,99,0,381,-42,309,0" /><INIT seed="3,0,0,2,2,68" ten="253,99,339,309" oya="3" hai0="6,107,64,47,133,18,134,112,58,115,124,123,48" hai1="90,29,16,44,113,110,122,12,70,73,88,15,7" hai2="92,8,50,103,24,17,57,117,59,36,119,97,9" hai3="37,121,83,2,40,99,118,109,0,79,76,33,85"/><W52/><G118/><T31/><D107/><U108/><E73/><V80/><F36/><W41/><G121/><T120/><D31/><U82/><E70/><V74/><F9/><W38/><G33/><T3/><D18/><U95/><E29/><V126/><F126/><W87/><G109/><N who="1" m="42090" /><E122/><V23/><F8/><W106/><G99/><T125/><D6/><U43/><E7/><V54/><REACH who="2" step="1"/><F59/><REACH who="2" ten="253,99,329,309" step="2"/><W30/><G30/><T128/><D120/><U69/><E69/><V67/><F67/><W132/><G132/><N who="0" m="50795" /><D123/><U11/><E113/><N who="0" m="43593" /><D3/><U116/><E116/><V53/><F53/><W72/><G52/><N who="0" m="29727" /><D128/><U129/><E129/><V104/><F104/><W39/><G39/><T49/><D49/><U130/><E130/><V135/><F135/><W114/><G106/><T60/><AGARI ba="0,1" hai="58,60,64,124,125" m="29727,43593,50795" machi="60" ten="40,8000,1" yaku="20,1,11,1,34,2,54,1" doraHai="68" who="0" fromWho="0" sc="253,90,99,-20,329,-20,309,-40" /><INIT seed="4,0,0,1,0,4" ten="343,79,309,269" oya="0" hai0="11,43,36,21,58,27,70,117,109,13,101,66,82" hai1="45,100,47,105,79,104,10,102,44,131,5,65,94" hai2="40,8,106,38,127,25,75,71,63,55,6,121,108" hai3="20,126,135,85,74,3,15,115,97,59,32,90,0"/><T119/><D70/><U68/><E131/><V78/><F55/><W88/><G115/><T86/><D101/><U89/><E79/><V84/><F84/><W1/><G32/><T87/><D109/><U116/><E116/><V46/><F108/><W31/><G74/><T118/><D43/><U83/><E83/><V128/><F128/><W22/><G135/><T52/><D66/><U60/><E102/><V19/><F19/><W132/><G132/><T51/><D36/><U67/><E100/><V103/><F121/><W62/><G126/><T41/><D41/><U114/><E67/><N who="2" m="41471" /><F25/><W9/><G31/><T50/><D50/><U37/><E37/><V134/><F134/><W16/><G97/><T30/><REACH who="0" step="1"/><D82/><REACH who="0" ten="333,79,309,269" step="2"/><U122/><E122/><V77/><F127/><W69/><G69/><T49/><D49/><U14/><REACH who="1" step="1"/><E114/><REACH who="1" ten="333,69,309,269" step="2"/><V113/><F113/><W130/><G130/><T110/><D110/><U33/><E33/><V29/><F103/><W120/><G120/><T124/><D124/><U73/><E73/><V95/><F75/><W39/><G39/><T35/><D35/><U81/><E81/><V12/><F38/><W18/><G90/><T24/><D24/><U107/><E107/><V92/><F106/><W53/><REACH who="3" step="1"/><G18/><AGARI ba="0,2" hai="11,13,18,21,27,30,51,52,58,86,87,117,118,119" machi="18" ten="40,7700,0" yaku="1,1,52,1,54,1,53,0" doraHai="4" doraHaiUra="111" who="0" fromWho="3" sc="333,97,69,0,309,0,269,-77" /><INIT seed="4,1,0,4,2,126" ten="430,69,309,192" oya="0" hai0="108,61,99,104,85,117,11,67,135,94,86,2,43" hai1="38,60,0,90,4,35,21,27,70,59,25,20,122" hai2="87,72,130,95,9,75,23,124,132,125,6,1,112" hai3="118,119,83,32,49,133,55,64,114,18,8,14,12"/><T97/><D104/><U77/><E70/><V110/><F110/><W105/><G105/><T47/><D117/><N who="3" m="44553" /><G64/><T13/><D2/><U10/><E38/><V109/><F109/><W36/><G36/><T48/><D135/><U29/><E77/><V31/><F112/><W69/><G69/><T51/><D51/><U100/><E100/><V3/><F132/><W66/><G66/><T24/><D24/><U33/><E59/><V22/><F95/><W120/><G120/><T113/><D113/><U40/><E90/><V131/><F87/><W42/><G42/><T92/><D92/><U15/><E60/><V103/><F103/><W106/><G133/><T16/><D99/><U63/><E63/><V30/><F9/><W116/><G106/><T53/><D43/><U57/><E57/><V76/><F6/><W128/><G114/><T127/><D127/><U44/><E44/><V84/><F84/><W80/><G116/><T45/><D45/><U56/><E56/><V26/><REACH who="2" step="1"/><F26/><REACH who="2" ten="430,69,299,192" step="2"/><W115/><G115/><T34/><D108/><U96/><E96/><V41/><F41/><W89/><G83/><T134/><D134/><U123/><E40/><V88/><F88/><W5/><G5/><T54/><D85/><U58/><E122/><V82/><F82/><W62/><G62/><T17/><D86/><U93/><E93/><V73/><F73/><W98/><G80/><T65/><D94/><U101/><E123/><V111/><F111/><W71/><G89/><T7/><D61/><U52/><E101/><V81/><F81/><W129/><G71/><T28/><D7/><RYUUKYOKU ba="1,1" sc="430,-10,69,-10,299,30,192,-10" hai2="1,3,22,23,30,31,72,75,76,124,125,130,131" /><INIT seed="5,2,1,3,4,101" ten="420,59,329,182" oya="1" hai0="114,20,15,77,109,79,32,0,94,96,90,135,62" hai1="13,16,70,6,14,83,64,9,47,103,60,99,41" hai2="63,122,56,120,28,74,121,95,93,106,84,89,113" hai3="23,92,123,98,65,29,25,87,38,34,132,45,57"/><U39/><E83/><V17/><F74/><W127/><G123/><T72/><D32/><U82/><E82/><V124/><F28/><W18/><G132/><T7/><D0/><U133/><E133/><V100/><F124/><W37/><G127/><T97/><D135/><U75/><E75/><V68/><F68/><W116/><G116/><T86/><D72/><U130/><E130/><V134/><F134/><W53/><G87/><T54/><D109/><U108/><E108/><V78/><F17/><W71/><G71/><T21/><D21/><U105/><E14/><V42/><F42/><W112/><G112/><T51/><D62/><U73/><E73/><V12/><F12/><W102/><G65/><T131/><D114/><U55/><E55/><V69/><F69/><W111/><G111/><T125/><D131/><U24/><REACH who="1" step="1"/><E6/><REACH who="1" ten="420,49,329,182" step="2"/><V48/><F113/><W118/><G118/><T49/><D54/><U22/><E22/><V2/><F2/><W66/><G66/><T59/><D20/><U67/><E67/><V81/><F78/><W40/><G53/><T80/><D77/><U4/><E4/><V44/><F81/><W119/><G119/><T33/><D79/><U129/><E129/><V31/><F122/><W128/><G128/><T30/><D80/><U50/><E50/><V110/><F121/><W43/><G38/><T8/><D49/><U117/><E117/><V58/><F120/><W35/><G35/><T19/><D7/><U36/><E36/><V104/><F48/><W1/><G37/><T115/><D51/><U85/><E85/><V11/><F110/><RYUUKYOKU ba="2,2" sc="420,-10,49,30,329,-10,182,-10" hai1="9,13,16,24,39,41,47,60,64,70,99,103,105" /><INIT seed="5,3,2,3,0,78" ten="410,79,319,172" oya="1" hai0="83,36,60,118,103,46,133,82,88,109,49,16,66" hai1="100,52,53,3,119,87,127,51,4,13,117,15,128" hai2="116,79,90,35,120,105,58,114,37,108,21,44,6" hai3="131,110,33,122,34,8,104,84,10,55,47,77,98"/><U135/><E3/><V12/><F44/><W72/><G72/><T29/><D36/><U68/><E68/><V43/><F58/><W25/><G25/><T64/><D118/><U24/><E119/><V80/><F43/><W75/><G75/><T91/><D109/><U5/><E117/><V62/><F37/><W92/><G92/><T28/><D133/><U99/><E135/><V63/><F35/><W111/><G111/><T97/><D103/><U65/><E65/><N who="0" m="25193" /><D60/><U126/><E24/><V7/><F21/><W61/><G61/><T38/><D38/><U26/><E26/><V57/><F12/><N who="1" m="4681" /><E87/><V30/><F63/><W70/><G70/><T123/><D123/><U94/><E53/><V42/><F42/><W11/><G11/><T0/><D0/><U2/><E2/><V67/><F108/><W101/><G101/><T69/><D69/><U124/><E128/><V54/><F116/><W23/><G23/><T31/><D16/><U102/><E102/><V40/><F120/><W17/><G17/><T125/><D125/><N who="1" m="32003" /><U39/><DORA hai="86" /><E39/><V134/><F67/><W74/><G74/><T132/><D132/><U121/><E121/><V27/><F134/><W95/><G122/><T50/><D28/><U85/><E85/><V14/><F40/><W73/><G110/><T45/><D29/><U96/><E96/><V129/><F129/><W81/><G131/><T107/><D31/><U41/><E41/><V22/><F30/><W32/><G8/><T18/><D18/><U19/><E19/><N who="2" m="10615" /><F54/><W71/><G10/><T76/><D97/><U115/><E115/><RYUUKYOKU ba="3,2" sc="410,-10,79,30,319,-10,172,-10" hai1="4,5,51,52,94,99,100" /><INIT seed="5,4,2,2,2,11" ten="400,109,309,162" oya="1" hai0="24,67,9,114,31,53,35,7,74,17,116,112,81" hai1="19,91,8,49,36,78,109,23,128,34,10,79,69" hai2="84,118,70,32,56,117,106,64,122,87,113,94,65" hai3="73,132,97,48,15,0,40,96,33,68,52,37,124"/><U28/><E36/><V38/><F106/><W119/><G119/><T99/><D116/><U129/><E69/><V131/><F38/><W95/><G73/><T12/><D67/><U77/><E109/><V25/><F32/><W111/><G33/><T130/><D99/><U13/><E34/><V4/><F122/><W58/><G0/><T6/><D53/><U27/><E10/><V76/><F131/><W51/><G111/><T127/><D130/><U1/><E1/><V57/><F113/><N who="0" m="43626" /><D127/><U3/><E3/><V71/><F4/><W93/><G124/><T134/><D134/><U102/><E102/><V61/><F25/><W41/><G132/><T50/><D50/><U98/><REACH who="1" step="1"/><E49/><REACH who="1" ten="400,99,309,162" step="2"/><V62/><F76/><AGARI ba="4,3" hai="6,7,9,12,17,24,31,35,74,76,81" m="43626" machi="76" ten="30,2000,0" yaku="15,1,52,1" doraHai="11" who="0" fromWho="2" sc="400,62,99,0,309,-32,162,0" /><INIT seed="6,0,0,1,3,38" ten="462,99,277,162" oya="2" hai0="107,55,48,131,50,30,2,124,39,31,18,60,111" hai1="6,71,53,84,54,46,70,75,96,110,24,132,32" hai2="23,56,103,101,19,21,16,33,8,98,69,130,27" hai3="135,121,85,68,36,40,72,134,51,119,104,0,78"/><V4/><F130/><W26/><G121/><T128/><D39/><U20/><E32/><V116/><F69/><W22/><G104/><T43/><D2/><U11/><E75/><V52/><F33/><W7/><G119/><T9/><D107/><U113/><E110/><V127/><F127/><W10/><G85/><T13/><D111/><U94/><E70/><V99/><F116/><W59/><G59/><T97/><D97/><U114/><E71/><V1/><F99/><W25/><G51/><T80/><D80/><U29/><E132/><N who="3" m="50730" /><G22/><T102/><D102/><U81/><E113/><V83/><F98/><W28/><G28/><T74/><D74/><U91/><E114/><V133/><F83/><N who="3" m="45511" /><G68/><T3/><D30/><U73/><E73/><V63/><F133/><W88/><G88/><T12/><D31/><U61/><E61/><V86/><F86/><W92/><G92/><T17/><D60/><U89/><REACH who="1" step="1"/><E46/><AGARI ba="0,0" hai="0,7,10,25,26,36,40,46" m="45511,50730" machi="46" ten="30,3900,0" yaku="25,1,20,1,52,1" doraHai="38" who="3" fromWho="1" sc="462,0,99,-39,277,0,162,39" /><INIT seed="7,0,0,0,1,16" ten="462,60,277,201" oya="3" hai0="51,82,66,128,45,74,90,30,120,65,99,12,61" hai1="72,27,63,110,59,135,95,108,115,125,64,134,105" hai2="118,97,3,121,89,73,52,40,124,21,129,116,24" hai3="31,28,70,39,131,123,11,133,25,83,111,26,18"/><W38/><G123/><T29/><D74/><U57/><E72/><V37/><F121/><W98/><G70/><T44/><D120/><U79/><E105/><V35/><F124/><W119/><G119/><T32/><D32/><U8/><E79/><V122/><F35/><W109/><G131/><T77/><D128/><U87/><E87/><V117/><F3/><W56/><G133/><T15/><D61/><U46/><E95/><V132/><F73/><W96/><G83/><T88/><D99/><U55/><E8/><V102/><F132/><W130/><G130/><T54/><D77/><U114/><E27/><V10/><F37/><W22/><G56/><T0/><D0/><U19/><E19/><V103/><F129/><W36/><G11/><T14/><D82/><U113/><E46/><V9/><F122/><W2/><G2/><T106/><D106/><U58/><E125/><V49/><F118/><W75/><G75/><T67/><D44/><U80/><E80/><V6/><F117/><W86/><G86/><T23/><D30/><U127/><E127/><V48/><F116/><W93/><G18/><T34/><D34/><U42/><E42/><V68/><F68/><W53/><G53/><T13/><D13/><U101/><E101/><V81/><F40/><W41/><G41/><T112/><D15/><U126/><E126/><V60/><F6/><W62/><G62/><T94/><D14/><U33/><E33/><V7/><F7/><W104/><G104/><T1/><D12/><U85/><E85/><V43/><F43/><W92/><G39/><T20/><D1/><RYUUKYOKU ba="0,0" sc="462,-10,60,-10,277,-10,201,30" hai3="22,25,26,28,31,36,38,92,93,96,98,109,111" /><INIT seed="7,1,0,5,2,38" ten="452,50,267,231" oya="3" hai0="28,27,81,60,83,74,72,119,65,35,129,55,91" hai1="127,109,11,48,22,58,64,77,133,59,12,82,19" hai2="130,56,120,78,98,96,80,30,68,103,13,118,3" hai3="54,51,116,86,31,114,2,43,7,90,10,79,92"/><W34/><G116/><T66/><D119/><U106/><E106/><V122/><F3/><W107/><G107/><T112/><D129/><U93/><E109/><V113/><F118/><W42/><G114/><T134/><D112/><U29/><E127/><V53/><F130/><W8/><G8/><T101/><D101/><U76/><E133/><V104/><F96/><W100/><G100/><T73/><D55/><U39/><E39/><V26/><F113/><W44/><REACH who="3" step="1"/><G79/><REACH who="3" ten="452,50,267,221" step="2"/><T20/><D134/><U40/><E77/><V117/><F117/><W71/><G71/><T110/><D110/><U50/><E93/><V88/><F68/><W6/><G6/><T33/><D81/><U132/><E132/><V63/><F88/><W45/><G45/><T47/><D47/><U95/><E95/><V126/><F126/><W115/><G115/><T4/><D4/><U89/><E89/><V69/><F69/><W23/><G23/><T57/><D91/><U61/><E59/><V121/><F80/><W46/><G46/><T135/><D135/><U70/><E70/><V0/><F78/><W67/><G67/><T25/><D83/><U102/><E102/><V37/><F37/><W1/><G1/><T17/><D66/><U21/><E21/><N who="2" m="15695" /><F0/><W18/><G18/><T36/><D36/><U75/><E29/><V85/><F85/><W5/><G5/><T124/><D124/><U97/><E97/><V24/><F24/><AGARI ba="1,1" hai="2,7,10,24,31,34,42,43,44,51,54,86,90,92" machi="24" ten="40,7700,0" yaku="1,1,52,2,53,0" doraHai="38" doraHaiUra="108" who="3" fromWho="2" sc="452,0,50,0,267,-80,221,90" /><INIT seed="7,2,0,4,3,67" ten="452,50,187,311" oya="3" hai0="111,131,75,117,33,52,116,121,46,72,41,42,92" hai1="123,102,103,28,50,14,83,89,88,66,24,58,133" hai2="64,34,69,115,99,80,29,1,31,49,22,84,105" hai3="18,124,20,108,12,78,86,16,37,0,63,127,60"/><W113/><G37/><T59/><D33/><U7/><E50/><V47/><F115/><W68/><G113/><T62/><D75/><U77/><E58/><V118/><F1/><W11/><G0/><T73/><D72/><U5/><E66/><V134/><F118/><W36/><G36/><T85/><D73/><U65/><E65/><V109/><F109/><W132/><G108/><T110/><D85/><U79/><E123/><V4/><F4/><W82/><G132/><T56/><D92/><U55/><E133/><V120/><F120/><W17/><G68/><T114/><D121/><U76/><E24/><V8/><F8/><W21/><G11/><T15/><D15/><U25/><E25/><V30/><F134/><W27/><REACH who="3" step="1"/><G18/><REACH who="3" ten="452,50,187,301" step="2"/><T61/><D114/><U98/><E7/><V93/><F69/><W135/><G135/><T74/><D111/><U106/><E5/><V13/><F31/><W44/><G44/><T90/><D46/><U94/><E28/><V45/><F30/><W122/><G122/><T112/><D112/><U70/><E70/><V3/><F29/><W57/><G57/><T6/><D110/><U97/><E55/><V91/><F3/><W43/><G43/><T9/><D9/><U32/><E32/><V23/><F64/><W128/><G128/><T130/><D52/><U19/><E19/><N who="2" m="10607" /><F34/><W104/><G104/><T119/><D6/><U51/><E14/><V2/><F105/><W125/><AGARI ba="2,1" hai="12,16,17,20,21,27,60,63,78,82,86,124,125,127" machi="125" ten="30,11700,0" yaku="1,1,0,1,18,1,54,1,53,0" doraHai="67" doraHaiUra="48" who="3" fromWho="3" sc="452,-41,50,-41,187,-41,301,133" owari="411,21.0,9,-49.0,146,-25.0,434,53.0" /></mjloggm>