<mjloggm ver="2.3"><GO type="169" lobby="0"/><UN n0="%E9%9B%80%E3%82%AD%E3%83%AB%EF%BC%B9%EF%BC%AF%EF%BC%B5" n1="%E3%81%8F%E3%82%8B%E3%82%8B" n2="%EF%BC%88%E2%89%A7%E2%96%BD%E2%89%A6%EF%BC%89" n3="%E3%82%8A%E3%81%A8%E3%82%8B%E3%80%82%E3%80%82" dan="16,17,18,16" rate="2031.59,2155.83,2159.66,2088.46" sx="M,M,M,M"/><TAIKYOKU oya="0"/><INIT seed="0,0,0,0,5,81" ten="250,250,250,250" oya="0" hai0="43,52,38,124,69,53,131,15,56,70,57,45,130" hai1="93,92,87,34,121,117,75,90,7,135,6,25,79" hai2="127,128,132,64,36,12,112,48,108,109,100,31,26" hai3="13,119,98,73,42,51,122,46,59,103,72,4,32"/><T0/><D0/><U107/><E107/><V91/><F36/><W123/><G32/><T20/><D20/><U120/><E117/><V50/><F100/><W111/><G119/><T24/><D124/><U27/><E75/><V44/><F112/><W77/><G111/><T35/><D35/><U2/><E79/><V65/><F132/><W134/><G134/><T16/><D15/><U95/><E135/><V106/><F106/><W5/><G59/><N who="0" m="22603" /><D24/><U14/><E2/><V58/><F127/><W80/><G73/><T37/><D16/><U8/><E6/><V33/><F12/><W126/><G126/><T66/><D37/><U99/><E93/><V23/><F33/><W28/><G28/><T30/><D30/><U76/><E76/><V29/><F29/><W21/><G21/><T22/><D22/><U39/><E39/><V89/><F23/><W18/><G123/><T88/><D88/><N who="1" m="53279" /><E34/><V62/><F91/><W54/><G122/><T96/><D96/><U115/><E115/><V113/><F89/><W71/><G71/><N who="0" m="27147" /><D66/><U83/><E83/><V125/><F65/><W129/><G4/><T104/><D104/><U9/><E8/><V110/><F125/><W19/><G5/><T10/><D10/><U97/><E97/><V67/><F67/><W101/><G98/><T84/><D84/><U41/><E121/><V60/><F110/><W133/><G133/><T47/><D47/><U114/><E120/><V63/><F109/><W11/><G19/><T94/><D94/><U86/><E114/><V78/><F108/><W85/><G72/><T3/><D3/><RYUUKYOKU ba="0,0" sc="250,30,250,-10,250,-10,250,-10" hai0="38,43,45,52,53,130,131" /><INIT seed="0,1,0,2,3,66" ten="280,240,240,240" oya="0" hai0="15,8,55,56,63,109,98,88,87,21,77,35,132" hai1="49,30,123,32,78,44,119,54,105,1,52,129,106" hai2="108,57,128,26,110,121,101,41,82,58,76,117,94" hai3="97,91,40,12,51,46,75,133,115,93,125,16,38"/><T64/><D35/><U113/><E119/><V19/><F121/><W80/><G115/><T126/><D132/><U89/><E123/><V131/><F41/><W22/><G133/><T60/><D126/><U53/><E1/><V0/><F0/><W62/><G125/><T124/><D124/><U120/><E120/><V17/><F117/><W34/><G34/><T99/><D77/><U92/><E78/><V18/><F26/><W111/><G111/><N who="2" m="42537" /><F94/><W28/><G28/><T43/><D43/><U42/><E113/><V47/><F47/><W86/><G75/><T25/><D109/><U2/><E2/><V36/><F101/><W130/><G62/><T10/><D25/><U6/><E6/><V116/><F36/><W112/><G112/><T29/><D29/><U13/><E13/><V4/><F4/><W70/><G70/><T122/><D122/><U45/><E44/><V65/><F65/><W72/><G72/><T74/><D74/><U73/><E73/><N who="2" m="43279" /><F116/><W71/><G71/><T7/><D21/><U127/><E127/><V59/><AGARI ba="1,0" hai="17,18,19,57,58,59,128,131" m="43279,42537" machi="59" ten="40,1500,0" yaku="14,1" doraHai="66" who="2" fromWho="2" sc="280,-8,240,-5,240,18,240,-5" /><INIT seed="1,0,0,5,3,87" ten="272,235,258,235" oya="1" hai0="50,6,70,8,103,34,88,111,81,109,115,133,67" hai1="110,37,106,2,59,93,46,124,12,68,40,98,80" hai2="126,71,53,16,83,13,96,44,73,14,62,7,119" hai3="130,84,107,113,91,63,47,4,52,99,90,1,104"/><U5/><E12/><V66/><F119/><W105/><G113/><T38/><D38/><U57/><E68/><V85/><F73/><W74/><G74/><T27/><D115/><U51/><E106/><V19/><F126/><W28/><G28/><T26/><D103/><U77/><E124/><V114/><F114/><W97/><G1/><T45/><D67/><U43/><E40/><V102/><F7/><W41/><G4/><T30/><D70/><U3/><E2/><V127/><F127/><W32/><G32/><T128/><D128/><U78/><E77/><V22/><F53/><W125/><G125/><T65/><D65/><U54/><E110/><N who="0" m="41993" /><D133/><U39/><E37/><V18/><F44/><W118/><G118/><T120/><D120/><U108/><E108/><V25/><F25/><W79/><G130/><T31/><D31/><U134/><E134/><V75/><F75/><W129/><G129/><T122/><D122/><U23/><E39/><V24/><F24/><W100/><G100/><T42/><D30/><U131/><E131/><V117/><F13/><W29/><G29/><T10/><D34/><U9/><E54/><V132/><F132/><W123/><G123/><T35/><D8/><U112/><E112/><V48/><F117/><W116/><G116/><T121/><D35/><U49/><E23/><V101/><F101/><W11/><G11/><T94/><D81/><U95/><E80/><V82/><F82/><N who="3" m="47199" /><G99/><N who="0" m="57799" /><D121/><U17/><E9/><V33/><F33/><W86/><G97/><T89/><D89/><N who="3" m="33801" /><G86/><T76/><D76/><U64/><E78/><V55/><F85/><RYUUKYOKU ba="0,0" sc="272,30,235,-10,258,-10,235,-10" hai0="6,10,26,27,42,45,50" /><INIT seed="2,1,0,4,3,99" ten="302,225,248,225" oya="2" hai0="74,13,24,77,45,35,128,66,116,111,42,97,94" hai1="132,37,84,126,135,100,91,92,68,79,28,25,6" hai2="12,67,57,62,86,14,40,32,87,9,63,93,39" hai3="96,78,115,130,112,10,17,98,58,123,80,102,110"/><V31/><F39/><W122/><G58/><T83/><D66/><U114/><E114/><N who="3" m="43562" /><G17/><T88/><D111/><U47/><E68/><V54/><F40/><W106/><G10/><T118/><D35/><U22/><E126/><V43/><F43/><W56/><G56/><T7/><D24/><U15/><E79/><V82/><F32/><W133/><G110/><T18/><D7/><U21/><E37/><V51/><F31/><W33/><G33/><T41/><D128/><U5/><E47/><V108/><F108/><W20/><G20/><T52/><D52/><U127/><E127/><V101/><F63/><W119/><G119/><N who="0" m="45611" /><D45/><U70/><E70/><V60/><F60/><W124/><G124/><T44/><D44/><U0/><E0/><V48/><F67/><W117/><G117/><T23/><AGARI ba="1,0" hai="13,18,23,41,42,74,77,83,88,94,97" m="45611" machi="23" ten="30,2000,0" yaku="12,1,54,1" doraHai="99" who="0" fromWho="0" sc="302,23,225,-6,248,-11,225,-6" /><INIT seed="3,0,0,3,5,50" ten="325,219,237,219" oya="3" hai0="64,112,124,29,15,121,69,48,32,135,4,14,20" hai1="60,63,38,129,3,1,5,117,133,37,116,97,54" hai2="85,91,62,74,10,12,34,104,96,16,111,67,41" hai3="75,84,123,86,27,76,65,108,134,122,30,115,83"/><W0/><G0/><N who="1" m="74" /><E5/><V73/><F34/><W70/><G115/><T110/><D121/><U77/><E77/><V9/><F41/><W42/><G42/><T13/><D112/><U22/><E22/><V68/><F111/><W36/><G36/><T43/><D110/><U94/><E129/><V88/><F9/><W107/><G107/><T113/><D113/><U49/><E133/><V31/><F31/><W57/><G70/><T2/><D135/><U118/><E38/><V66/><F66/><W81/><G108/><T55/><D124/><U103/><E37/><V47/><F47/><AGARI ba="0,0" hai="47,49,54,60,63,94,97,103,116,117,118" m="74" machi="47" ten="40,2600,0" yaku="12,1,52,1" doraHai="50" who="1" fromWho="2" sc="325,0,219,26,237,-26,219,0" /><INIT seed="4,0,0,1,2,77" ten="325,245,211,219" oya="0" hai0="9,104,105,83,135,23,88,91,30,12,14,42,56" hai1="66,117,111,36,94,69,100,22,125,73,116,13,49" hai2="61,81,50,86,45,107,32,0,98,123,52,84,15" hai3="48,110,65,119,80,112,53,57,60,43,85,101,95"/><T74/><D42/><U59/><E36/><V121/><F0/><W16/><G110/><T28/><D135/><U122/><E73/><V47/><F32/><W11/><G119/><T108/><D108/><U31/><E111/><V41/><F86/><W71/><G112/><T68/><D68/><U78/><E78/><V97/><F107/><W62/><G101/><T35/><D35/><U129/><E69/><V51/><F61/><W54/><G95/><T126/><D126/><U39/><E94/><V2/><F2/><W130/><G43/><T127/><D127/><U82/><E125/><V3/><F3/><W124/><G124/><T70/><D70/><U87/><E39/><V6/><F123/><W29/><G29/><T4/><D74/><U1/><E31/><V34/><F34/><W90/><G130/><T37/><D37/><U133/><E129/><V89/><F121/><W33/><G33/><T63/><D105/><U8/><E133/><V76/><F89/><W55/><G48/><T93/><D104/><U132/><E49/><V26/><F26/><W19/><REACH who="3" step="1"/><G11/><AGARI ba="0,0" hai="6,11,15,41,45,47,50,51,52,76,81,84,97,98" machi="11" ten="40,8000,1" yaku="25,2,8,1,52,1,54,1" doraHai="77" who="2" fromWho="3" sc="325,0,245,0,211,80,219,-80" /><INIT seed="5,0,0,3,2,58" ten="325,245,291,139" oya="1" hai0="20,57,32,117,64,84,67,17,69,23,45,76,41" hai1="70,124,98,31,126,25,116,133,125,86,37,66,78" hai2="7,75,3,35,26,121,12,102,128,68,21,36,72" hai3="118,114,40,110,132,127,50,59,120,27,85,46,47"/><U131/><E116/><V108/><F36/><W83/><G110/><T94/><D32/><U92/><E37/><V0/><F68/><W134/><G120/><T74/><D74/><U1/><E1/><V44/><F121/><W93/><G118/><T88/><D69/><U9/><E9/><V91/><F102/><W109/><G109/><T30/><D76/><U54/><E54/><V51/><F108/><W61/><G127/><T81/><D117/><U80/><E131/><V52/><F128/><W6/><G6/><T87/><D30/><U24/><E133/><V82/><F0/><W60/><G114/><T115/><D115/><U96/><E31/><V122/><F122/><W14/><G14/><T18/><D84/><U16/><E16/><N who="0" m="6249" /><D81/><U129/><E129/><V53/><F3/><W101/><G27/><T104/><D104/><U33/><E33/><V8/><F35/><W99/><G47/><T11/><D11/><U100/><REACH who="1" step="1"/><E98/><REACH who="1" ten="325,235,291,139" step="2"/><V89/><F53/><W38/><G134/><T62/><D67/><U112/><E112/><V79/><F26/><W71/><G132/><T135/><D135/><U65/><E65/><V77/><F21/><W19/><G19/><T130/><D130/><U55/><E55/><V95/><F8/><W22/><G22/><T73/><D23/><U13/><E13/><V103/><F12/><W90/><G38/><N who="0" m="21687" /><D20/><U48/><E48/><V39/><F39/><W119/><G119/><T123/><D123/><U42/><E42/><V56/><F51/><W29/><G29/><T49/><D49/><U10/><E10/><V5/><F5/><RYUUKYOKU ba="0,1" sc="325,15,235,15,291,-15,139,-15" hai0="57,62,64,73,87,88,94" hai1="24,25,66,70,78,80,86,92,96,100,124,125,126" /><INIT seed="5,1,1,3,0,21" ten="340,250,276,124" oya="1" hai0="7,91,23,132,54,12,98,10,87,67,99,126,135" hai1="34,27,28,25,60,95,52,128,113,42,79,71,48" hai2="112,111,125,49,117,57,6,39,22,81,78,106,44" hai3="5,107,90,53,29,130,2,68,40,96,73,104,118"/><U51/><E79/><V17/><F106/><W46/><G73/><T3/><D67/><U11/><E42/><V86/><F111/><W32/><G68/><T18/><D126/><U66/><E51/><V72/><F117/><W74/><G74/><T64/><D54/><U69/><E71/><V85/><F125/><W4/><G118/><T20/><D20/><U47/><E113/><V92/><F112/><W58/><G130/><T62/><D64/><U77/><E77/><V75/><F39/><W89/><G4/><T100/><D62/><U55/><E128/><V14/><F6/><W38/><G5/><T114/><D114/><U124/><E11/><V93/><F57/><W80/><G2/><T94/><REACH who="0" step="1"/><D98/><REACH who="0" ten="330,250,276,124" step="2"/><U133/><E124/><V0/><F22/><W26/><G96/><T129/><D129/><U115/><E115/><V13/><F0/><W88/><REACH who="3" step="1"/><G80/><AGARI ba="1,2" hai="3,7,10,12,18,23,80,87,91,94,99,100,132,135" machi="80" ten="40,1300,0" yaku="1,1,53,0" doraHai="21" doraHaiUra="103" who="0" fromWho="3" sc="330,36,250,0,276,0,124,-16" /><INIT seed="6,0,0,2,5,59" ten="366,250,276,108" oya="2" hai0="67,76,81,110,75,29,109,48,117,86,4,22,25" hai1="123,74,120,68,63,90,33,50,84,128,113,78,95" hai2="57,102,108,70,100,7,101,49,116,134,107,38,18" hai3="92,55,91,65,14,2,53,126,23,16,87,26,129"/><V82/><F38/><W31/><G2/><T15/><D67/><N who="1" m="41087" /><E33/><V28/><F70/><W79/><G129/><T9/><D117/><U44/><E128/><V37/><F37/><W40/><G126/><T10/><D75/><U27/><E27/><V8/><F107/><W0/><G0/><T1/><REACH who="0" step="1"/><D48/><REACH who="0" ten="356,250,276,108" step="2"/><U93/><E74/><V132/><F49/><W98/><G65/><T125/><D125/><U51/><E50/><V35/><F116/><W112/><G112/><T105/><D105/><U52/><E113/><V80/><F132/><W56/><G40/><T103/><D103/><U99/><E51/><V85/><F102/><W39/><G39/><T61/><D61/><U118/><E118/><V24/><F101/><W127/><G127/><T94/><D94/><U71/><E95/><V133/><F100/><W34/><G56/><T6/><AGARI ba="0,1" hai="1,4,6,9,10,15,22,25,29,76,81,86,109,110" machi="6" ten="20,5200,0" yaku="1,1,0,1,7,1,53,1" doraHai="59" doraHaiUra="72" who="0" fromWho="0" sc="356,62,250,-13,276,-26,108,-13" /><INIT seed="7,0,0,4,1,116" ten="418,237,250,95" oya="3" hai0="128,7,69,80,82,35,87,101,129,16,111,93,133" hai1="99,105,47,2,49,21,71,27,20,28,65,103,54" hai2="36,40,88,43,76,39,46,94,11,62,107,24,70" hai3="123,81,124,83,84,113,67,135,112,38,74,64,86"/><W50/><G38/><T98/><D69/><U90/><E2/><V68/><F107/><W114/><G50/><T33/><D7/><U92/><E71/><V4/><F76/><W110/><G64/><T18/><D111/><U104/><E65/><V102/><F102/><W63/><G110/><T58/><D58/><U55/><E54/><V95/><F24/><W77/><G135/><T57/><D57/><U131/><E131/><N who="0" m="50249" /><D133/><U108/><E108/><V25/><F25/><W15/><G124/><T8/><D82/><U19/><E103/><V127/><F127/><W14/><G123/><T75/><D75/><U32/><E32/><N who="0" m="12361" /><D8/><U109/><E109/><V12/><F62/><W53/><G53/><T89/><AGARI ba="0,0" hai="16,18,80,87,89,93,98,101" m="12361,50249" machi="89" ten="30,2000,0" yaku="19,1,54,1" doraHai="116" who="0" fromWho="0" sc="418,20,237,-5,250,-5,95,-10" owari="438,53.0,232,-17.0,245,5.0,85,-41.0" /></mjloggm>