<mjloggm ver="2.3"><GO type="169" lobby="0"/><UN n0="%E8%BF%91%E3%82%AA%E3%83%AA%E5%85%9A" n1="%EF%BC%88%E2%89%A7%E2%96%BD%E2%89%A6%EF%BC%89" n2="%E6%B0%97%E6%A5%BD%E3%81%AB%E6%89%93%E3%81%A4" n3="%E8%B6%85%E3%83%92%E3%83%A2%E3%83%AA%E3%83%AD" dan="16,18,16,16" rate="2031.51,2201.35,2156.70,2104.14" sx="M,M,M,F"/><TAIKYOKU oya="0"/><INIT seed="0,0,0,2,4,92" ten="250,250,250,250" oya="0" hai0="78,63,75,86,29,105,88,47,74,32,15,10,130" hai1="93,43,84,126,38,98,28,129,108,80,76,12,127" hai2="66,19,51,24,73,102,34,100,8,61,56,20,85" hai3="121,40,71,124,133,21,120,106,113,96,122,128,94"/><T87/><D105/><U82/><E28/><V54/><F73/><W41/><G113/><T22/><D130/><U13/><E129/><V64/><F34/><W135/><G71/><T48/><D32/><U44/><E82/><V35/><F35/><W0/><G128/><T90/><D63/><U2/><E2/><V1/><F1/><W26/><G0/><T65/><D65/><U37/><E37/><V99/><F8/><W62/><G62/><T55/><D78/><U53/><E53/><V25/><F85/><W83/><G83/><T31/><D75/><U125/><REACH who="1" step="1"/><E108/><REACH who="1" ten="250,240,250,250" step="2"/><V107/><F66/><W110/><G110/><T72/><D74/><U89/><AGARI ba="0,1" hai="12,13,38,43,44,76,80,84,89,93,98,125,126,127" machi="89" ten="30,16000,3" yaku="1,1,2,1,0,1,18,1,52,1,53,3" doraHai="92" doraHaiUra="134" who="1" fromWho="1" sc="250,-80,240,170,250,-40,250,-40" /><INIT seed="1,0,0,0,2,80" ten="170,410,210,210" oya="1" hai0="0,97,99,10,12,31,105,45,121,24,22,40,18" hai1="83,89,111,26,106,135,114,68,46,116,100,28,72" hai2="112,126,59,56,6,34,62,73,35,109,128,2,66" hai3="16,78,8,25,74,61,54,57,110,82,124,104,15"/><U115/><E116/><V125/><F109/><W23/><G110/><T32/><D105/><U7/><E111/><V38/><F128/><W86/><G124/><N who="2" m="47721" /><F112/><W91/><G104/><T58/><D58/><N who="2" m="22058" /><F38/><W75/><REACH who="3" step="1"/><G78/><REACH who="3" ten="170,410,210,200" step="2"/><T92/><D121/><U41/><E106/><V79/><F79/><W103/><G103/><T71/><D71/><U108/><E100/><V102/><F102/><W64/><G64/><T77/><D77/><U51/><E68/><N who="2" m="42071" /><F73/><W76/><G76/><T50/><REACH who="0" step="1"/><D92/><REACH who="0" ten="160,410,210,200" step="2"/><U96/><E108/><V123/><F123/><W5/><AGARI ba="0,2" hai="5,8,15,16,23,25,54,57,61,74,75,82,86,91" machi="5" ten="20,8000,1" yaku="1,1,0,1,7,1,52,1,54,1,53,0" doraHai="80" doraHaiUra="47" who="3" fromWho="3" sc="160,-20,410,-40,210,-20,200,100" /><INIT seed="2,0,0,1,5,51" ten="140,370,190,300" oya="2" hai0="54,28,112,44,96,37,1,117,19,5,92,16,95" hai1="100,62,61,82,38,11,75,73,45,14,114,110,56" hai2="68,65,126,113,83,80,36,119,12,125,93,74,24" hai3="105,10,53,20,86,67,4,90,131,109,31,87,22"/><V47/><F113/><W132/><G105/><T77/><D112/><U81/><E114/><V17/><F119/><W129/><G109/><T104/><D117/><U33/><E33/><V78/><F24/><W135/><G67/><T120/><D120/><U39/><E110/><V48/><F36/><W76/><G76/><T124/><D124/><N who="2" m="47722" /><F93/><W13/><G86/><T29/><D77/><U57/><E100/><V64/><F83/><N who="3" m="49535" /><G53/><T7/><D104/><U123/><E123/><V70/><F65/><W91/><G91/><T50/><D37/><U8/><E14/><V116/><F64/><W66/><G66/><T118/><D118/><U21/><E21/><N who="3" m="8298" /><G31/><N who="0" m="11851" /><D1/><U42/><E42/><N who="2" m="24695" /><F116/><W32/><G32/><T15/><D95/><U85/><E85/><V58/><F58/><W98/><G98/><T27/><D27/><U35/><E35/><V43/><F43/><W79/><G79/><T34/><D34/><U60/><E60/><V121/><F121/><W23/><G23/><AGARI ba="0,0" hai="12,17,23,68,70,74,78,80" m="24695,47722" machi="23" ten="30,1500,0" yaku="18,1" doraHai="51" who="2" fromWho="3" sc="140,0,370,0,190,15,300,-15" /><INIT seed="2,1,0,1,3,107" ten="140,370,205,285" oya="2" hai0="14,127,48,40,12,100,133,76,21,88,1,33,105" hai1="111,131,2,16,92,15,20,6,119,89,24,49,79" hai2="3,113,81,110,23,69,96,106,30,41,56,34,8" hai3="125,73,57,26,134,123,50,31,71,36,132,70,85"/><V47/><F113/><W29/><G36/><T53/><D33/><U4/><E119/><V64/><F110/><W95/><G123/><T28/><D1/><U0/><E111/><V78/><F56/><W5/><G5/><T135/><D76/><U68/><E68/><V9/><F23/><W108/><G31/><T65/><D40/><U63/><E79/><V128/><F9/><W121/><G121/><T32/><D65/><U99/><E131/><V101/><F128/><W37/><G37/><T62/><D62/><U115/><E115/><V44/><F8/><W109/><G73/><T112/><D32/><U120/><E120/><V55/><F55/><N who="3" m="31991" /><G109/><T93/><D112/><U39/><E39/><V129/><F129/><W122/><G122/><T67/><D67/><U46/><E63/><N who="2" m="40095" /><F41/><W35/><G108/><T60/><D60/><U13/><E2/><V51/><F51/><W114/><G114/><T86/><D100/><U52/><E0/><V117/><F3/><W82/><G71/><T18/><D105/><U66/><E66/><V11/><F11/><W91/><G70/><T22/><D127/><U124/><E124/><V19/><F19/><W45/><G125/><T43/><D43/><U98/><E98/><V83/><F117/><W84/><G35/><T74/><D74/><U10/><E15/><V7/><F7/><AGARI ba="1,0" hai="4,6,7,10,13,16,20,24,46,49,52,89,92,99" machi="7" ten="30,7700,0" yaku="7,1,8,1,54,2" doraHai="107" who="1" fromWho="2" sc="140,0,370,80,205,-80,285,0" /><INIT seed="3,0,0,3,5,120" ten="140,450,125,285" oya="3" hai0="51,96,130,126,43,105,77,1,98,113,20,46,65" hai1="76,64,75,32,4,33,45,7,104,116,102,2,74" hai2="67,5,132,108,87,56,22,8,16,71,62,44,93" hai3="115,63,24,133,13,10,101,106,38,100,103,80,15"/><W121/><G38/><T112/><D1/><U55/><E55/><V3/><F132/><W79/><G115/><T36/><D126/><U14/><E14/><V61/><F44/><W83/><G121/><T117/><D117/><U86/><E86/><V25/><F108/><W0/><G133/><T90/><D130/><U48/><E48/><V59/><REACH who="2" step="1"/><F62/><REACH who="2" ten="140,450,115,285" step="2"/><W114/><G63/><T31/><D113/><U68/><E45/><V11/><F11/><W54/><G114/><T131/><D112/><U73/><E116/><V72/><F72/><W19/><G10/><T9/><D131/><U30/><E74/><V111/><F111/><W35/><G106/><T29/><D9/><U53/><E75/><V40/><F40/><W57/><G0/><T70/><D105/><U60/><E73/><V34/><F34/><W110/><G35/><T81/><D43/><U47/><E32/><V94/><F94/><W41/><G41/><T85/><D20/><U82/><E33/><V66/><F66/><W12/><G110/><T78/><D65/><U97/><E64/><V135/><F135/><W52/><G54/><T84/><D46/><U125/><E47/><V17/><F17/><W122/><G122/><T99/><D36/><U39/><E53/><V58/><F58/><W124/><G57/><T6/><D51/><U127/><E39/><V95/><F95/><W37/><G52/><T88/><D70/><U27/><E68/><V18/><F18/><W134/><G134/><T129/><D129/><U119/><E60/><V92/><F92/><W91/><G37/><T69/><D69/><RYUUKYOKU ba="0,1" sc="140,-10,450,-10,115,30,285,-10" hai2="3,5,8,16,22,25,56,59,61,67,71,87,93" /><INIT seed="4,1,1,1,2,43" ten="130,440,145,275" oya="0" hai0="57,74,118,26,56,112,96,98,39,111,51,77,102" hai1="117,63,134,109,61,110,135,53,88,15,13,35,1" hai2="132,105,84,108,65,97,68,18,46,122,87,78,19" hai3="9,48,58,25,126,47,7,31,62,28,49,50,92"/><T90/><D118/><U121/><E1/><V99/><F108/><N who="1" m="41577" /><E35/><V33/><F33/><W129/><G126/><T124/><D111/><U128/><E121/><V64/><F122/><W55/><G129/><T22/><D39/><U30/><E30/><V83/><F132/><N who="1" m="50729" /><E128/><V5/><F105/><W54/><G92/><T52/><D124/><U91/><E117/><V44/><F68/><W34/><REACH who="3" step="1"/><G31/><REACH who="3" ten="130,440,145,265" step="2"/><T2/><D112/><U36/><E36/><V95/><F95/><W4/><G4/><T73/><D2/><AGARI ba="1,2" hai="2,7,9,25,28,34,47,48,49,50,54,55,58,62" machi="2" ten="30,7700,0" yaku="1,1,7,1,52,1,53,1" doraHai="43" doraHaiUra="41" who="3" fromWho="0" sc="130,-80,440,0,145,0,265,100" /><INIT seed="5,0,0,5,0,101" ten="50,440,145,365" oya="1" hai0="74,85,72,22,30,70,12,53,33,47,119,48,130" hai1="32,116,78,45,37,108,133,59,110,103,43,10,95" hai2="50,64,69,113,15,120,18,1,2,80,24,16,42" hai3="63,8,117,134,13,79,61,56,125,90,104,57,20"/><U39/><E32/><V17/><F120/><W114/><G114/><T28/><D119/><U6/><E116/><V62/><F113/><W23/><G117/><T97/><D70/><U128/><E128/><V115/><F115/><W86/><G104/><T38/><D130/><U21/><E78/><V19/><F24/><W124/><G79/><T135/><D38/><U27/><E39/><V58/><F80/><W132/><G86/><T82/><D33/><U94/><E59/><N who="3" m="22602" /><G13/><T46/><D135/><N who="3" m="51753" /><G90/><T11/><D47/><U126/><E133/><V89/><F89/><W107/><G8/><T91/><D97/><U83/><E83/><V67/><F67/><W55/><G55/><T25/><REACH who="0" step="1"/><D30/><REACH who="0" ten="40,440,145,365" step="2"/><N who="1" m="17775" /><E45/><V65/><F65/><W26/><G26/><T131/><D131/><U52/><E37/><V123/><F64/><W127/><G107/><T122/><D122/><U71/><E71/><V35/><F69/><W66/><G66/><T51/><D51/><U40/><E110/><V7/><F123/><W54/><G54/><T31/><D31/><U60/><E52/><V75/><F50/><W99/><G99/><T81/><D81/><U109/><E108/><V84/><F58/><W105/><G105/><T3/><D3/><U118/><E109/><V0/><F1/><W14/><G14/><T73/><D73/><U112/><E118/><V41/><F0/><W4/><G4/><AGARI ba="0,1" hai="4,11,12,22,25,28,46,48,53,72,74,82,85,91" machi="4" ten="30,2000,0" yaku="1,1,7,1,53,0" doraHai="101" doraHaiUra="92" who="0" fromWho="3" sc="40,30,440,0,145,0,365,-20" /><INIT seed="6,0,0,2,5,55" ten="70,440,145,345" oya="2" hai0="102,129,62,23,63,0,43,10,117,52,27,36,34" hai1="60,85,118,61,126,15,106,123,130,19,82,44,9" hai2="104,12,115,16,2,24,39,35,109,135,86,124,11" hai3="40,111,68,96,84,45,42,103,21,76,131,37,49"/><V51/><F115/><W79/><G111/><T6/><D34/><U50/><E106/><V92/><F109/><W31/><G131/><T71/><D129/><U116/><E130/><V127/><F39/><W108/><G68/><T133/><D117/><U101/><E101/><V57/><F104/><W81/><G108/><T26/><D133/><U134/><E134/><V69/><F69/><W112/><G112/><T22/><D102/><U30/><E30/><N who="2" m="19911" /><F135/><W46/><G21/><T110/><D110/><U8/><E123/><V78/><F78/><W107/><REACH who="3" step="1"/><G31/><REACH who="3" ten="70,440,145,335" step="2"/><T3/><D23/><U93/><E118/><V98/><F86/><W113/><G113/><T29/><D27/><U38/><E85/><V66/><F98/><W105/><G105/><T65/><D10/><U90/><E8/><V13/><F92/><W125/><G125/><N who="2" m="48201" /><F66/><W56/><G56/><T132/><D132/><U99/><E126/><V20/><F2/><W88/><AGARI ba="0,1" hai="37,40,42,45,46,49,76,79,81,84,88,96,103,107" machi="88" ten="20,5200,0" yaku="1,1,0,1,7,1,54,1,53,0" doraHai="55" doraHaiUra="121" who="3" fromWho="3" sc="70,-13,440,-13,145,-26,335,62" /><INIT seed="7,0,0,4,1,127" ten="57,427,119,397" oya="3" hai0="76,71,72,47,55,21,95,3,107,9,61,112,64" hai1="115,14,39,132,29,28,31,78,65,73,37,0,106" hai2="69,16,41,84,19,56,134,110,87,80,53,33,79" hai3="52,82,17,51,66,85,40,101,96,44,22,88,123"/><W90/><G123/><T49/><D107/><U131/><E65/><V126/><F110/><W102/><G66/><T13/><D3/><U1/><E106/><V48/><F126/><W86/><G40/><T38/><D112/><U111/><E111/><V62/><F134/><W109/><G96/><T70/><D70/><U42/><E42/><V10/><F33/><W105/><G105/><T103/><D72/><U24/><E24/><V114/><F114/><W92/><G109/><T57/><D76/><U46/><E46/><N who="2" m="25679" /><F69/><W58/><G44/><T27/><D38/><U67/><E67/><V89/><F10/><W36/><G36/><T45/><D71/><U91/><E91/><V116/><F116/><W97/><G97/><T5/><D47/><U125/><E125/><V6/><F6/><W18/><G18/><T124/><D124/><U23/><E14/><AGARI ba="0,0" hai="14,17,22,51,52,58,82,85,86,88,90,92,101,102" machi="14" ten="30,18000,2" yaku="7,1,25,2,8,1,54,2" doraHai="127" who="3" fromWho="1" sc="57,0,427,-180,119,0,397,180" owari="57,-44.0,247,5.0,119,-28.0,577,67.0" /></mjloggm>