<mjloggm ver="2.3"><GO type="97"/><UN n0="%2D%2D%6B%61%7A%75%2D%2D" n1="%E3%82%A6%E3%83%AB%E3%83%88%E3%83%A9%E7%AB%8B%E7%9B%B4" n2="%E3%82%B7%E3%83%A9%E3%83%97" n3="%E3%81%A4%E3%81%A8%E3%82%80%E3%83%AD%E3%83%B3%E3%83%89%E3%83%B3" dan="14,15,15,13" rate="1892,1963,2051,1841" sx="M,M,M,M"/><TAIKYOKU oya="0"/><INIT seed="0,0,0,3,5,46" ten="250,250,250,250" oya="0" hai0="29,52,125,36,79,87,40,37,124,99,50,107,126" hai1="119,72,44,101,20,69,24,106,34,118,48,96,71" hai2="117,89,1,113,100,55,111,4,18,133,22,84,32" hai3="95,81,112,53,130,54,25,7,38,27,16,91,116"/><T108/><D29/><U83/><E34/><V15/><F113/><W80/><G112/><T3/><D3/><U86/><E72/><V35/><F133/><W62/><G116/><T114/><D114/><U66/><E71/><V60/><F117/><W68/><G38/><T103/><D40/><U128/><E128/><V45/><F111/><W30/><G130/><T42/><D42/><U75/><E75/><V82/><F100/><W77/><G7/><T64/><D64/><U11/><E11/><V6/><F6/><W51/><G68/><T21/><D108/><U120/><E120/><V88/><F89/><W61/><G30/><T76/><D21/><U47/><E47/><V49/><REACH who="2" step="1"/><F60/><REACH who="2" ten="250,250,240,250" step="2"/><W13/><G62/><T105/><D105/><U93/><E106/><V109/><F109/><W19/><G61/><T115/><D115/><U41/><E118/><V135/><F135/><W78/><G91/><T9/><D9/><AGARI ba="0,1" hai="1,4,9,15,18,22,32,35,45,49,55,82,84,88" machi="9" ten="40,5200,0" yaku="1,1,52,1,54,1,53,0" doraHai="46" doraHaiUra="121" who="2" fromWho="0" sc="250,-52,250,0,240,62,250,0" /><INIT seed="1,0,0,5,2,15" ten="198,250,302,250" oya="1" hai0="132,102,61,106,2,128,58,112,33,121,43,80,127" hai1="3,50,83,120,10,20,86,88,17,5,16,111,60" hai2="113,34,26,76,107,9,131,31,49,119,77,103,82" hai3="6,25,68,30,130,62,116,81,109,40,99,72,114"/><U22/><E111/><V19/><F119/><W92/><G114/><T7/><D7/><U104/><E104/><V70/><F131/><W122/><G122/><T75/><D80/><U93/><E120/><V55/><F70/><W115/><G115/><T97/><D43/><U100/><E60/><V79/><F113/><W27/><G109/><T45/><D45/><U125/><E125/><V129/><F129/><W41/><G130/><T74/><D58/><U52/><E100/><V96/><F82/><W105/><G116/><T35/><D61/><U59/><E83/><V37/><F37/><W94/><G6/><T1/><D97/><U71/><E71/><V67/><F67/><W18/><G105/><T84/><D84/><U66/><E66/><V12/><REACH who="2" step="1"/><F79/><REACH who="2" ten="198,250,292,250" step="2"/><W0/><G68/><T65/><D112/><U123/><E123/><V11/><F11/><W8/><G8/><T47/><D121/><U126/><E126/><V95/><F95/><W101/><G81/><T98/><D127/><U91/><E91/><V87/><F87/><W54/><G72/><T133/><D128/><U53/><E20/><V29/><F29/><W134/><G94/><T108/><D65/><U117/><E117/><V124/><F124/><W48/><G92/><T21/><D108/><U90/><E90/><V63/><F63/><W69/><G62/><T13/><D21/><U28/><REACH who="1" step="1"/><E53/><REACH who="1" ten="198,240,292,250" step="2"/><V4/><F4/><W118/><G54/><T46/><D106/><U44/><E44/><AGARI ba="0,2" hai="9,12,19,26,31,34,44,49,55,76,77,96,103,107" machi="44" ten="30,8000,1" yaku="1,1,7,1,52,1,53,2" doraHai="15" doraHaiUra="73" who="2" fromWho="1" sc="198,0,240,-80,292,100,250,0" /><INIT seed="2,0,0,5,4,133" ten="198,160,392,250" oya="2" hai0="124,76,35,103,125,42,62,132,112,56,113,3,49" hai1="100,17,122,101,38,70,116,77,78,41,64,15,58" hai2="118,4,14,63,82,25,2,34,12,108,131,47,1" hai3="8,44,74,94,97,40,46,123,33,84,61,66,22"/><V21/><F118/><W128/><G33/><T85/><D35/><U37/><E70/><V111/><F131/><W16/><G74/><T32/><D32/><U50/><E116/><V129/><F129/><W11/><G128/><T65/><D3/><U90/><E122/><V0/><F47/><W69/><G123/><T55/><D103/><N who="1" m="39499" /><E38/><V134/><F134/><W30/><G46/><N who="0" m="25815" /><D85/><U5/><E37/><V10/><F82/><W91/><G30/><T67/><D76/><N who="1" m="29291" /><E5/><V80/><F80/><W106/><G106/><T24/><D24/><U6/><E6/><V81/><F81/><W71/><G69/><T45/><D132/><U29/><E29/><N who="2" m="19759" /><F63/><W7/><G7/><T57/><D45/><N who="1" m="25903" /><E90/><V18/><AGARI ba="0,0" hai="0,1,2,4,10,12,14,18,21,108,111" m="19759" machi="18" ten="40,3900,0" yaku="34,2" doraHai="133" who="2" fromWho="2" sc="198,-13,160,-13,392,39,250,-13" /><INIT seed="2,1,0,5,0,126" ten="185,147,431,237" oya="2" hai0="108,5,101,51,82,118,0,104,3,46,115,124,50" hai1="85,20,37,77,40,93,15,129,36,9,89,30,97" hai2="13,119,75,58,86,1,35,133,105,39,80,121,109" hai3="52,92,14,111,60,83,79,84,38,55,94,69,68"/><V78/><RYUUKYOKU type="yao9" ba="1,0" sc="185,0,147,0,431,0,237,0" hai2="1,13,35,39,58,75,78,80,86,105,109,119,121,133" /><INIT seed="2,2,0,5,1,112" ten="185,147,431,237" oya="2" hai0="85,2,135,111,124,4,92,8,74,50,73,58,96" hai1="34,77,12,108,47,101,43,41,82,80,23,64,27" hai2="90,9,125,100,56,78,95,86,128,45,89,68,132" hai3="81,32,51,49,116,114,63,39,15,57,17,93,42"/><V30/><F68/><W122/><G32/><T105/><D111/><U76/><E108/><V109/><F109/><W71/><G122/><T54/><D135/><U26/><E101/><V134/><F128/><W16/><G114/><T110/><D110/><U20/><E34/><V97/><F30/><W18/><G71/><T98/><D124/><U113/><E113/><V59/><F125/><W75/><G93/><T129/><D129/><U118/><E12/><V35/><F35/><W103/><G103/><T7/><D105/><U115/><E115/><V11/><F45/><W119/><G39/><T106/><D106/><U46/><E64/><V53/><F78/><W44/><G75/><T3/><D85/><U1/><E1/><V67/><F67/><W48/><G81/><T13/><D98/><U6/><E6/><V24/><F24/><W121/><G121/><T87/><D87/><U19/><E19/><V94/><F100/><W83/><G83/><T65/><D65/><U99/><E99/><V37/><F37/><W88/><G88/><T52/><D54/><U33/><E33/><V120/><F120/><W5/><G5/><T72/><REACH who="0" step="1"/><D4/><REACH who="0" ten="175,147,431,237" step="2"/><U117/><AGARI ba="2,1" hai="20,23,26,27,41,43,46,47,76,77,80,82,117,118" machi="117" ten="25,8000,1" yaku="0,1,22,2,52,2" doraHai="112" who="1" fromWho="1" sc="175,-22,147,96,431,-42,237,-22" /><INIT seed="3,0,0,3,0,74" ten="153,243,389,215" oya="3" hai0="45,117,98,33,14,54,58,101,18,41,44,104,56" hai1="118,15,97,24,85,13,125,42,16,132,47,133,12" hai2="67,111,46,87,102,114,70,69,72,21,75,43,135" hai3="11,131,30,106,59,62,110,20,5,23,84,8,73"/><W9/><G73/><T78/><D117/><U96/><E118/><V91/><F114/><W10/><G106/><T121/><D33/><U7/><E7/><V129/><F135/><N who="1" m="51785" /><E125/><V107/><F129/><W77/><G131/><T122/><D121/><U130/><E130/><V124/><F124/><W4/><G110/><T34/><D34/><U71/><E71/><V57/><F111/><W95/><G95/><T3/><D3/><U35/><E85/><V61/><F107/><W82/><N who="3" m="2560" /><DORA hai="65" /><W68/><G68/><T116/><D116/><U25/><E16/><V38/><F102/><W79/><G30/><T105/><D122/><U100/><E35/><V27/><F75/><W94/><G94/><T50/><D105/><N who="1" m="63623" /><E97/><V6/><F6/><N who="3" m="2667" /><G77/><T26/><D14/><N who="1" m="3587" /><U109/><DORA hai="0" /><E109/><V126/><F72/><W37/><G37/><AGARI ba="0,0" hai="24,25,37,42,47" m="3587,63623,51785" machi="37" ten="40,1300,0" yaku="20,1" doraHai="74,65,0" who="1" fromWho="3" sc="153,0,243,13,389,0,215,-13" owari="153,-35.0,256,6.0,389,49.0,202,-20.0" /></mjloggm>