<mjloggm ver="2.3"><GO type="41"/><UN n0="%53%50%4F%4F%4E%46%55%4C" n1="%41%79%6F%75%46" n2="%E3%82%A6%E3%83%AB%E3%83%88%E3%83%A9%E7%AB%8B%E7%9B%B4" n3="%E3%80%93%E6%A1%9C%E4%B8%BC%E7%AB%A0%E4%B8%80%E3%80%93" dan="14,13,15,15" rate="1817,2040,1986,2035" sx="M,M,M,M"/><TAIKYOKU oya="0"/><INIT seed="0,0,0,3,1,31" ten="250,250,250,250" oya="0" hai0="15,32,4,63,107,12,135,26,61,21,102,84,118" hai1="91,51,89,53,96,77,121,125,33,127,3,116,111" hai2="123,20,72,27,122,85,100,103,113,57,5,49,112" hai3="58,13,130,128,0,62,16,86,81,120,75,24,8"/><T68/><D118/><U110/><E3/><V38/><F38/><W52/><G75/><T54/><D135/><U22/><E121/><V106/><F5/><W69/><G120/><T117/><D117/><U98/><E116/><V94/><F49/><W70/><G0/><T64/><D84/><U101/><E22/><V39/><F57/><W59/><G59/><T115/><D115/><U10/><E10/><V88/><F39/><W131/><REACH who="3" step="1"/><G24/><REACH who="3" ten="250,250,250,240" step="2"/><T37/><D15/><U90/><E96/><N who="2" m="61703" /><F122/><W14/><G14/><T132/><D12/><U80/><E33/><V71/><F123/><W67/><G67/><T76/><D4/><U114/><E114/><V1/><F1/><W119/><G119/><T28/><D132/><U134/><E134/><V7/><F7/><W109/><G109/><N who="1" m="41482" /><E53/><V55/><F55/><W6/><G6/><T108/><D54/><U82/><E51/><V2/><F2/><W42/><G42/><T133/><D63/><U97/><E97/><V87/><F113/><W30/><G30/><T83/><D108/><U48/><E48/><V23/><F112/><W9/><G9/><T36/><D133/><U78/><E82/><V105/><F23/><W95/><G95/><T41/><D21/><U40/><E40/><V73/><F20/><W124/><G124/><N who="1" m="47690" /><E80/><V18/><F27/><W60/><G60/><T66/><D41/><U47/><E47/><V56/><F94/><AGARI ba="0,1" hai="77,78,89,90,91,94,98,101" m="47690,41482" machi="94" ten="40,8000,1" yaku="14,1,18,1,34,2" doraHai="31" who="1" fromWho="2" sc="250,0,250,90,250,-80,240,0" /><INIT seed="1,0,0,4,0,129" ten="250,340,170,240" oya="1" hai0="46,16,123,8,108,31,55,4,126,90,18,43,122" hai1="3,45,64,87,54,133,24,56,77,27,32,112,72" hai2="96,37,80,0,53,135,92,120,117,75,127,76,95" hai3="29,19,78,59,97,17,28,15,42,84,83,2,50"/><U81/><E3/><V98/><F53/><W131/><G2/><T85/><D31/><U103/><E112/><V110/><F37/><W104/><G131/><T115/><D115/><U6/><E6/><V89/><F0/><W132/><G19/><T102/><D102/><U26/><E64/><V48/><F48/><W12/><G12/><T116/><D55/><U40/><E103/><V10/><F10/><W49/><G42/><T82/><D116/><U47/><E32/><V63/><F63/><W35/><G35/><T25/><D25/><U66/><E66/><V60/><F60/><W13/><G13/><N who="0" m="7207" /><D4/><U130/><E130/><V128/><F117/><W69/><G69/><T118/><D18/><U105/><E105/><V7/><F7/><W88/><G104/><T100/><D100/><U23/><E72/><V22/><F22/><W111/><G111/><T9/><D108/><U68/><E68/><V44/><F128/><W99/><G49/><N who="0" m="26847" /><D9/><U41/><E41/><V57/><F110/><W70/><G70/><T67/><D118/><U119/><E119/><V121/><F57/><W101/><G101/><T93/><D67/><U73/><E73/><V36/><F44/><N who="1" m="16969" /><E40/><V125/><F36/><W5/><G5/><T107/><D107/><U33/><E33/><V51/><F75/><W39/><G39/><T134/><D82/><U114/><E114/><V106/><F80/><W79/><G83/><T74/><D74/><U109/><E109/><V21/><F106/><W62/><G29/><T38/><D38/><U20/><E81/><V58/><F95/><W113/><G28/><RYUUKYOKU ba="0,0" sc="250,0,340,0,170,0,240,0" /><INIT seed="2,1,0,2,4,77" ten="250,340,170,240" oya="2" hai0="45,27,55,132,118,51,74,57,15,59,80,98,17" hai1="28,90,3,124,104,91,120,70,109,133,64,50,81" hai2="111,82,56,119,25,126,7,76,42,71,20,26,95" hai3="49,110,107,34,68,92,12,113,103,5,125,88,54"/><V6/><F71/><W60/><G34/><T94/><D132/><U41/><E3/><V73/><F119/><W14/><G113/><T128/><D128/><U31/><E104/><V4/><F126/><W106/><G125/><T115/><D115/><U85/><E124/><V123/><F123/><W61/><G103/><T16/><D118/><U46/><E133/><V99/><F111/><W22/><G110/><T44/><D27/><U117/><E117/><V19/><F42/><W108/><G108/><T130/><D130/><U105/><E105/><V38/><F38/><W131/><G131/><T58/><D44/><U96/><E109/><V40/><F40/><W21/><G68/><T127/><D127/><U37/><E120/><V84/><F26/><W29/><G29/><T97/><D98/><U65/><E37/><V66/><F73/><W101/><G101/><T87/><D74/><U48/><E50/><V116/><F116/><W36/><G36/><T89/><D15/><U32/><E32/><V24/><F24/><W35/><G35/><T75/><REACH who="0" step="1"/><D75/><REACH who="0" ten="240,340,170,240" step="2"/><U30/><E70/><V53/><F66/><N who="1" m="25705" /><E96/><V11/><F11/><W72/><G72/><T129/><D129/><U102/><E102/><AGARI ba="1,1" hai="16,17,45,51,55,57,58,59,80,87,89,94,97,102" machi="102" ten="40,8000,1" yaku="1,1,8,1,52,1,54,1,53,0" doraHai="77" doraHaiUra="67" who="0" fromWho="1" sc="240,93,340,-83,170,0,240,0" /><INIT seed="3,0,0,5,4,37" ten="333,257,170,240" oya="3" hai0="81,88,116,18,111,79,76,51,34,38,104,9,29" hai1="1,36,16,125,105,53,26,95,5,84,115,135,96" hai2="40,41,100,58,109,70,31,45,35,15,20,98,42" hai3="59,43,63,65,73,23,128,75,50,11,48,133,57"/><W102/><G133/><T19/><D38/><U120/><E120/><V6/><F70/><W66/><G102/><T107/><D116/><U122/><E122/><V83/><F35/><W126/><G126/><T82/><D29/><U22/><E115/><V14/><F109/><W30/><G128/><T24/><D24/><U90/><E125/><V17/><F31/><W64/><G11/><T124/><D9/><U33/><E33/><V55/><F83/><W25/><G75/><T52/><D34/><U87/><E135/><V113/><F113/><W27/><G73/><T71/><D124/><U56/><E36/><V86/><F86/><W118/><G118/><T94/><D71/><U103/><E5/><V101/><F45/><N who="3" m="25663" /><G25/><T77/><D111/><U68/><E68/><V106/><F6/><W74/><G74/><T129/><D129/><U60/><E1/><V4/><F4/><W132/><G132/><T62/><D62/><U8/><E8/><V117/><F117/><W93/><G93/><T108/><D108/><U127/><E127/><V49/><F100/><W91/><G91/><T134/><D134/><U46/><E46/><V121/><REACH who="2" step="1"/><F14/><REACH who="2" ten="333,257,160,240" step="2"/><W32/><G32/><T123/><D123/><AGARI ba="0,1" hai="15,17,20,40,41,42,49,55,58,98,101,106,121,123" machi="123" ten="40,8000,1" yaku="1,1,2,1,52,3,53,0" doraHai="37" doraHaiUra="21" who="2" fromWho="0" sc="333,-80,257,0,160,90,240,0" /><INIT seed="4,0,0,3,0,109" ten="253,257,250,240" oya="0" hai0="48,52,92,124,126,60,11,68,49,7,117,5,78" hai1="83,122,27,133,98,79,56,30,129,80,69,58,34" hai2="10,93,107,90,21,64,66,99,1,86,40,46,50" hai3="4,121,65,25,130,74,85,112,54,36,24,59,32"/><T131/><D117/><U73/><E69/><V128/><F128/><W33/><G74/><T16/><D131/><U42/><E129/><V37/><F37/><W29/><G130/><T77/><D92/><U18/><E122/><V118/><F118/><W103/><G36/><T72/><D72/><U8/><E42/><V45/><F45/><W75/><G75/><T55/><D68/><U87/><E133/><V111/><F111/><W88/><G65/><T135/><D60/><U2/><E98/><V14/><F1/><W6/><G121/><T106/><D106/><U9/><E8/><V125/><F125/><N who="0" m="48234" /><D135/><U44/><E44/><V108/><F108/><W116/><G116/><T47/><D16/><U101/><E101/><V41/><F107/><W38/><G38/><T96/><D96/><U15/><E2/><V51/><F99/><W53/><G103/><T105/><D105/><U134/><E134/><V76/><F51/><N who="0" m="19530" /><D11/><U3/><E3/><V113/><F41/><W115/><G59/><T28/><D28/><U13/><E15/><V104/><F14/><W114/><G24/><T62/><D62/><U84/><E73/><V23/><F104/><W35/><G54/><N who="0" m="20523" /><D47/><U91/><AGARI ba="0,0" hai="9,13,18,27,30,34,56,58,79,80,83,84,87,91" machi="91" ten="20,1500,0" yaku="0,1,7,1" doraHai="109" who="1" fromWho="1" sc="253,-7,257,15,250,-4,240,-4" /><INIT seed="5,0,0,3,3,7" ten="246,272,246,236" oya="1" hai0="111,86,57,75,13,112,64,29,17,108,102,133,47" hai1="51,5,44,110,39,76,127,36,61,33,19,11,30" hai2="115,128,132,91,4,45,72,121,59,103,16,123,58" hai3="70,92,106,14,52,80,119,20,98,118,0,25,105"/><U124/><E76/><V82/><F103/><W85/><G70/><T18/><D75/><U46/><E19/><V49/><F72/><W99/><G0/><T56/><D102/><U35/><E61/><V54/><F128/><W55/><G14/><T31/><D47/><U23/><E23/><V100/><F132/><W117/><G105/><T93/><D93/><U109/><E30/><V66/><F115/><W126/><G106/><T28/><D86/><U67/><E67/><V60/><F100/><W122/><G122/><T131/><D64/><U129/><E129/><V107/><F107/><W3/><G3/><T41/><D41/><U116/><E116/><V8/><F59/><W50/><G126/><N who="1" m="48170" /><E51/><V21/><F82/><W87/><G99/><T22/><D131/><U113/><E113/><V73/><F91/><N who="3" m="55583" /><G87/><T24/><D112/><U71/><E71/><V120/><F73/><W62/><G62/><T88/><D133/><U42/><E44/><V34/><F34/><N who="1" m="12809" /><E39/><V27/><REACH who="2" step="1"/><F121/><REACH who="2" ten="246,272,236,236" step="2"/><W12/><G80/><T2/><D56/><U15/><AGARI ba="0,1" hai="5,11,15,36,42,46,109,110" m="12809,48170" machi="15" ten="40,3900,0" yaku="18,1,52,1" doraHai="7" who="1" fromWho="1" sc="246,-13,272,49,236,-13,236,-13" /><INIT seed="5,1,0,2,0,31" ten="233,321,223,223" oya="1" hai0="58,27,132,83,56,120,118,5,119,123,7,97,78" hai1="29,107,20,43,111,95,30,80,4,44,76,47,25" hai2="63,106,64,52,128,71,87,86,0,9,40,35,105" hai3="104,117,114,131,62,113,96,1,68,110,79,23,41"/><U50/><E107/><N who="2" m="40971" /><F86/><W65/><G1/><T32/><D97/><U28/><E111/><V59/><F87/><W133/><G110/><T103/><D103/><U92/><E4/><N who="2" m="1159" /><F52/><W72/><G117/><N who="0" m="44555" /><D56/><U45/><E50/><V94/><F59/><W66/><G23/><T89/><D89/><U24/><E43/><V82/><F94/><W18/><G18/><T39/><D39/><U48/><E48/><V37/><F82/><W70/><G41/><T49/><D49/><U112/><E112/><V85/><F85/><W126/><G126/><T38/><D38/><U15/><E15/><V55/><F55/><W135/><G131/><T98/><D98/><U67/><E67/><V88/><F88/><W61/><G79/><T57/><D58/><U12/><E80/><V19/><F19/><W16/><G16/><T124/><D57/><U2/><E76/><V14/><F14/><W34/><G72/><N who="0" m="43463" /><D124/><U99/><E2/><V109/><F109/><W84/><G84/><T108/><D108/><U3/><E3/><V134/><F128/><W115/><G34/><T6/><D132/><U100/><E95/><V13/><F134/><W33/><G33/><T51/><D51/><U46/><N who="1" m="11264" /><DORA hai="90" /><U10/><E20/><V101/><F37/><W127/><G127/><T116/><N who="0" m="44563" /><T74/><DORA hai="75" /><D74/><U125/><E125/><V11/><F40/><W26/><REACH who="3" step="1"/><G26/><REACH who="3" ten="233,321,223,213" step="2"/><T102/><D27/><U53/><E53/><V73/><F35/><W21/><G21/><T8/><D32/><U77/><E77/><V17/><F73/><W129/><G129/><T122/><D8/><RYUUKYOKU ba="1,1" sc="233,0,321,0,223,0,213,0" hai0="5,6,7,102,120,122,123" hai1="10,12,24,25,28,29,30,92,99,100" hai2="11,13,17,63,64,71,101" hai3="61,62,65,66,68,70,96,104,113,114,115,133,135" /><INIT seed="5,2,1,3,4,128" ten="233,321,223,213" oya="1" hai0="133,101,3,88,70,11,105,44,83,42,17,41,1" hai1="20,116,131,0,52,45,106,34,6,100,40,62,22" hai2="13,31,111,120,21,96,135,79,130,48,72,54,119" hai3="12,67,81,23,33,134,93,110,112,115,118,8,91"/><U49/><E34/><V98/><F120/><W18/><G33/><T39/><D70/><U15/><E116/><V89/><F119/><W35/><G35/><T26/><D41/><U132/><E0/><V57/><F111/><W30/><G118/><T77/><D88/><U117/><E117/><V73/><F130/><W84/><G110/><T7/><D26/><U95/><E106/><V56/><F73/><W75/><G67/><T82/><D83/><U63/><E131/><V19/><F79/><W51/><G51/><T5/><D17/><U9/><E132/><V104/><F72/><W122/><G122/><T27/><D27/><U124/><E124/><V58/><F135/><W65/><G65/><T80/><D133/><U86/><E62/><V127/><F127/><W108/><G108/><T29/><D29/><U61/><E61/><V129/><F129/><W76/><REACH who="3" step="1"/><G134/><REACH who="3" ten="233,321,223,203" step="2"/><T71/><D71/><U60/><E60/><V43/><F43/><W121/><G121/><T114/><D39/><U59/><E63/><V85/><F104/><W10/><G10/><T36/><D42/><U66/><E66/><V126/><F126/><W55/><G55/><T109/><D109/><U50/><E40/><V90/><F54/><W68/><G68/><T94/><D36/><U125/><E125/><V123/><F48/><W38/><G38/><T103/><D11/><U47/><E49/><V92/><F123/><W99/><G99/><T2/><D105/><U14/><E50/><V64/><F64/><W37/><G37/><T87/><D3/><U107/><E107/><V102/><F96/><RYUUKYOKU ba="2,2" sc="233,-10,321,-10,223,-10,203,30" hai3="8,12,18,23,30,75,76,81,84,91,93,112,115" /><INIT seed="6,3,2,3,1,120" ten="223,311,213,233" oya="2" hai0="26,83,113,66,28,131,96,89,130,43,54,33,14" hai1="70,47,69,12,81,32,6,119,34,22,36,135,78" hai2="25,101,15,85,42,71,57,75,116,111,64,105,60" hai3="109,65,121,44,133,77,62,76,129,40,24,112,117"/><V115/><F75/><W8/><G8/><T0/><D43/><U74/><E119/><V80/><F116/><W19/><G24/><T52/><D66/><U127/><E22/><V17/><F42/><W93/><G19/><T4/><D113/><U67/><E12/><V88/><F115/><W86/><G121/><T134/><D96/><U90/><E90/><V11/><F111/><W132/><G112/><T118/><D118/><U51/><E6/><V37/><F37/><W55/><G117/><T56/><D54/><U39/><E51/><V3/><F3/><W38/><G129/><N who="0" m="49163" /><D134/><N who="3" m="51817" /><G55/><T110/><D110/><U102/><E135/><V82/><F82/><W21/><G21/><T13/><D4/><U124/><E102/><V99/><REACH who="2" step="1"/><F25/><REACH who="2" ten="223,311,203,233" step="2"/><W92/><G109/><T104/><D0/><U5/><E39/><V123/><F123/><W29/><G38/><T122/><D122/><U27/><E27/><V30/><F30/><W94/><G29/><T87/><D104/><U58/><E36/><V125/><F125/><W31/><G31/><T98/><D98/><U53/><E124/><V95/><F95/><W1/><G1/><T73/><D73/><U100/><E127/><V20/><F20/><W48/><G86/><T107/><D107/><U2/><E2/><V106/><F106/><W49/><G49/><AGARI ba="3,3" hai="13,14,26,28,33,49,52,56,83,87,89" m="49163" machi="49" ten="30,2000,0" yaku="19,1,54,1" doraHai="120" who="0" fromWho="3" sc="223,59,311,0,203,0,233,-29" /><INIT seed="7,0,0,5,5,92" ten="282,311,203,204" oya="3" hai0="50,103,75,115,77,104,98,59,18,58,39,36,112" hai1="30,78,25,129,22,124,106,42,84,27,105,118,63" hai2="73,15,117,70,76,113,6,87,21,110,24,7,48" hai3="1,60,5,20,69,37,11,116,67,40,56,99,86"/><W62/><G116/><T66/><D77/><U53/><E42/><V83/><F73/><W49/><G37/><T82/><D18/><U79/><E118/><V44/><F70/><W65/><G86/><T45/><D75/><U33/><E106/><V126/><F117/><W109/><G109/><T13/><D13/><U31/><E105/><V46/><F110/><W102/><G20/><T91/><D66/><U2/><E2/><V122/><F122/><W38/><G38/><T9/><D9/><U101/><E101/><V89/><F126/><W135/><G135/><T130/><D39/><U97/><E97/><V81/><F113/><N who="0" m="43594" /><D36/><U119/><E119/><V35/><F35/><W128/><G128/><T32/><D32/><U28/><E124/><V111/><F111/><W51/><REACH who="3" step="1"/><G40/><REACH who="3" ten="282,311,203,194" step="2"/><N who="0" m="24871" /><D130/><U41/><E41/><V108/><F108/><W134/><G134/><T85/><AGARI ba="0,1" hai="58,59,82,85,91,98,103,104" m="24871,43594" machi="85" ten="30,4000,0" yaku="15,1,11,1,52,1" doraHai="92" who="0" fromWho="0" sc="282,50,311,-10,203,-10,194,-20" owari="332,44.0,301,10.0,193,-21.0,174,-33.0" /></mjloggm>