<mjloggm ver="2.3"><GO type="169" lobby="0"/><UN n0="%EF%BC%88%E2%89%A7%E2%96%BD%E2%89%A6%EF%BC%89" n1="%EF%BD%B1%EF%BE%9D%EF%BE%8A%EF%BE%9E%EF%BD%B0" n2="%E6%9C%A7%E5%A4%8F%E6%9C%88" n3="%E8%BF%91%E3%82%AA%E3%83%AA%E5%85%9A" dan="18,16,19,16" rate="2181.28,2105.99,2258.20,2017.03" sx="M,F,F,M"/><TAIKYOKU oya="0"/><INIT seed="0,0,0,2,3,85" ten="250,250,250,250" oya="0" hai0="24,75,114,20,124,55,119,70,97,14,83,135,132" hai1="35,13,43,134,94,44,18,91,107,41,29,101,34" hai2="54,123,110,3,48,104,82,79,67,37,23,130,118" hai3="16,30,90,93,57,66,40,53,36,1,19,92,33"/><T62/><D119/><U7/><E134/><N who="0" m="51241" /><D114/><U115/><E115/><V39/><F3/><W68/><G1/><T129/><D129/><U42/><E7/><V10/><F104/><W86/><G93/><T49/><D124/><U9/><E44/><V4/><F123/><W28/><G28/><N who="0" m="17415" /><D14/><U109/><E109/><V128/><F110/><W84/><G84/><T31/><D31/><U5/><E5/><V63/><F23/><W47/><G30/><T105/><D105/><U22/><E107/><V8/><F118/><W38/><G36/><T77/><D97/><U61/><E29/><V52/><F37/><W99/><G99/><T89/><D70/><U121/><E121/><V32/><F39/><W46/><G47/><N who="0" m="28095" /><D62/><U87/><E61/><V21/><F63/><N who="3" m="40031" /><G33/><T74/><D74/><U50/><E35/><V15/><F32/><W122/><G122/><T56/><D56/><U106/><E34/><V76/><F130/><W65/><G65/><T25/><D25/><U45/><E106/><V51/><F67/><W0/><G0/><T111/><D111/><U127/><E127/><V102/><F128/><W108/><G108/><T17/><D17/><N who="1" m="8367" /><E101/><V100/><F100/><W27/><G27/><AGARI ba="0,0" hai="18,22,27,41,42,43,45,50,87,91,94" m="8367" machi="27" ten="30,2000,0" yaku="8,1,52,1" doraHai="85" who="1" fromWho="3" sc="250,0,250,20,250,0,250,-20" /><INIT seed="1,0,0,3,1,68" ten="250,270,250,230" oya="1" hai0="59,95,69,98,52,87,77,72,81,131,58,123,47" hai1="106,75,133,61,105,16,116,92,134,130,85,31,104" hai2="80,132,19,74,124,65,86,90,121,30,56,63,88" hai3="25,93,33,53,27,45,57,108,6,122,107,50,37"/><U111/><E75/><V125/><F121/><W32/><G107/><T126/><D123/><U15/><E116/><V24/><F132/><N who="1" m="50793" /><E130/><V120/><F120/><W12/><G122/><T71/><D131/><U94/><E111/><V49/><F74/><W110/><G93/><T91/><D126/><N who="2" m="48746" /><F49/><W76/><G76/><T114/><D114/><U82/><E31/><V96/><F19/><W42/><G12/><T18/><D47/><U79/><E61/><V40/><F40/><W99/><G6/><T127/><D59/><U38/><E38/><V83/><F96/><W66/><G99/><T51/><D127/><U43/><E43/><V113/><F113/><W5/><G5/><T84/><D84/><U8/><AGARI ba="0,0" hai="8,15,16,79,82,85,92,94,104,105,106" m="50793" machi="8" ten="40,3900,0" yaku="20,1,54,1" doraHai="68" who="1" fromWho="1" sc="250,-13,270,39,250,-13,230,-13" /><INIT seed="1,1,0,4,2,123" ten="237,309,237,217" oya="1" hai0="78,18,81,111,36,115,47,6,117,16,21,42,93" hai1="84,121,54,25,133,15,23,103,53,100,49,35,4" hai2="113,71,130,94,44,40,88,41,82,105,83,11,65" hai3="127,61,20,17,73,48,122,5,38,59,97,86,51"/><U70/><E70/><V58/><F105/><W34/><G73/><T98/><D117/><U12/><E121/><V76/><F71/><W3/><G122/><T106/><D115/><U39/><E39/><V87/><F113/><W119/><G38/><T96/><D106/><U50/><E35/><V128/><F11/><W69/><G119/><T29/><D6/><U31/><E133/><V57/><F83/><W67/><G34/><T116/><D116/><U120/><E120/><V72/><F41/><W90/><G97/><T46/><D96/><U85/><E4/><V37/><REACH who="2" step="1"/><F65/><REACH who="2" ten="237,309,227,217" step="2"/><W26/><G127/><T77/><D81/><U9/><E9/><V74/><F74/><W80/><REACH who="3" step="1"/><G69/><REACH who="3" ten="237,309,227,207" step="2"/><T95/><D36/><U8/><E8/><AGARI ba="1,2" hai="3,5,8,17,20,26,48,51,59,61,67,80,86,90" machi="8" ten="40,2600,0" yaku="1,1,2,1,53,0" doraHai="123" doraHaiUra="27" who="3" fromWho="1" sc="237,0,309,-29,227,0,207,49" /><INIT seed="2,0,0,2,5,23" ten="237,280,227,256" oya="2" hai0="44,94,104,118,96,42,7,64,114,52,45,100,79" hai1="123,122,125,31,35,53,110,132,46,24,16,11,130" hai2="90,73,65,39,119,86,112,55,101,124,18,20,29" hai3="106,14,54,75,47,17,80,21,22,37,129,57,68"/><V59/><F112/><W32/><G68/><T38/><D114/><U48/><E110/><V9/><F73/><W70/><G32/><T103/><D118/><U4/><E132/><V41/><F119/><W98/><G70/><T127/><D127/><U107/><E107/><V131/><F124/><W62/><G129/><T33/><D33/><U27/><E125/><V61/><F131/><W120/><G120/><N who="1" m="46122" /><E130/><V72/><F72/><W10/><G37/><T81/><D64/><U108/><E108/><V102/><F29/><W87/><G75/><T0/><D0/><N who="1" m="391" /><E16/><V83/><F9/><W71/><G71/><T97/><D7/><U91/><E91/><V51/><F41/><W85/><G85/><T95/><D104/><U19/><E19/><V63/><F39/><W77/><REACH who="3" step="1"/><G47/><REACH who="3" ten="237,280,227,246" step="2"/><T69/><D69/><U49/><E35/><V133/><F133/><W15/><G15/><T74/><D44/><N who="1" m="27783" /><E31/><V92/><F83/><W84/><G84/><T26/><D38/><U117/><E117/><V13/><REACH who="2" step="1"/><F63/><REACH who="2" ten="237,280,217,246" step="2"/><W40/><G40/><AGARI ba="0,2" hai="24,27,40,46,49" m="27783,391,46122" machi="40" ten="30,3900,0" yaku="13,1,52,2" doraHai="23" who="1" fromWho="3" sc="237,0,280,59,217,0,246,-39" /><INIT seed="3,0,0,0,4,72" ten="237,339,217,207" oya="3" hai0="83,80,119,115,36,32,129,57,55,123,35,58,135" hai1="121,86,126,40,23,128,110,134,100,81,103,25,125" hai2="63,47,39,98,29,42,38,73,5,1,132,114,28" hai3="95,21,96,89,127,50,99,106,26,93,54,85,111"/><W4/><G127/><N who="1" m="48650" /><E121/><V104/><F114/><W116/><G116/><T71/><D71/><U52/><E110/><V16/><F39/><W12/><G111/><T120/><D36/><U6/><E134/><V94/><F104/><W117/><G106/><T59/><D55/><U107/><E128/><V74/><F132/><W84/><G117/><T70/><D70/><U78/><E40/><V82/><F63/><W101/><G12/><T133/><D59/><U67/><E67/><V65/><F65/><W2/><G4/><T87/><D87/><U19/><E107/><V60/><F60/><W108/><G2/><T75/><D119/><U13/><E52/><V3/><F3/><W51/><G108/><T10/><D10/><AGARI ba="0,0" hai="6,10,13,19,23,25,78,81,86,100,103" m="48650" machi="10" ten="30,2000,0" yaku="18,1,52,1" doraHai="72" who="1" fromWho="0" sc="237,-20,339,20,217,0,207,0" /><INIT seed="4,0,0,1,5,4" ten="217,359,217,207" oya="0" hai0="124,72,64,117,39,80,33,70,25,11,84,0,97" hai1="35,49,57,135,6,107,8,113,50,112,40,95,68" hai2="88,16,91,104,22,19,32,131,122,78,94,37,116" hai3="92,125,109,100,56,77,114,3,26,129,111,83,17"/><T106/><D117/><U127/><E107/><V103/><F32/><W53/><G3/><T73/><D124/><U61/><E68/><V45/><F122/><W132/><G125/><T54/><D54/><U13/><E35/><V128/><F116/><W71/><G71/><T18/><D18/><U28/><E28/><V10/><F78/><W82/><G114/><N who="1" m="44138" /><E127/><V119/><F119/><W87/><G129/><N who="2" m="49737" /><F104/><W85/><G132/><T118/><D118/><U123/><E123/><V23/><F103/><W55/><G111/><T102/><D39/><U105/><E105/><V46/><F91/><W89/><G109/><T96/><D96/><U24/><E24/><N who="2" m="14407" /><F37/><W69/><G69/><T76/><D33/><U81/><E135/><V36/><F36/><W133/><G133/><T134/><D134/><U99/><E81/><V101/><F101/><W130/><G130/><T108/><D108/><U121/><E121/><V2/><F23/><N who="3" m="13679" /><G56/><T90/><D90/><N who="1" m="55799" /><E40/><V115/><F115/><W44/><G44/><T38/><D38/><U51/><E50/><V31/><F31/><W5/><G100/><T7/><REACH who="0" step="1"/><D25/><REACH who="0" ten="207,359,217,207" step="2"/><U15/><E51/><V58/><F19/><W34/><G34/><T9/><D9/><U47/><E49/><V20/><F20/><W67/><G5/><T63/><AGARI ba="0,1" hai="0,7,11,63,64,70,72,73,76,80,84,97,102,106" machi="63" ten="30,11700,0" yaku="1,1,0,1,52,1,53,1" doraHai="4" doraHaiUra="75" who="0" fromWho="0" sc="207,127,359,-39,217,-39,207,-39" /><INIT seed="4,1,0,0,2,48" ten="334,320,178,168" oya="0" hai0="54,86,9,31,89,124,72,20,114,0,65,85,100" hai1="134,16,4,96,29,111,94,79,95,22,8,120,118" hai2="46,3,27,74,115,75,33,41,82,104,59,66,103" hai3="121,5,25,92,34,1,50,87,102,125,108,67,32"/><T130/><D72/><U6/><E111/><V90/><F3/><W101/><G108/><T83/><D130/><U47/><E120/><V18/><F115/><W62/><G121/><T21/><D124/><U77/><E118/><V105/><F75/><W109/><G109/><T30/><D114/><U28/><E134/><V99/><F105/><W42/><G125/><T122/><D122/><U135/><E135/><V2/><F2/><W127/><G127/><T51/><D65/><U131/><E131/><V81/><F74/><W71/><G5/><N who="1" m="2154" /><E8/><V12/><F90/><W128/><G1/><T26/><D100/><N who="1" m="60439" /><E47/><V106/><F106/><W69/><G128/><T53/><D9/><U13/><E95/><V70/><F70/><W7/><G71/><T107/><D0/><U52/><E52/><N who="0" m="20073" /><D107/><U36/><E36/><V39/><F66/><W112/><G7/><T133/><D133/><U110/><E110/><V49/><F39/><W23/><G112/><T68/><D68/><U64/><E64/><V113/><F113/><W37/><G102/><T11/><D11/><U63/><E63/><V15/><F103/><W97/><G37/><T10/><D10/><U91/><E91/><V56/><F104/><W57/><G69/><T78/><D51/><U44/><E44/><V117/><F46/><W19/><G50/><T24/><D89/><U119/><E119/><V40/><F49/><W84/><G42/><T60/><D60/><U58/><E58/><V126/><F41/><W17/><G34/><T98/><D98/><U129/><E129/><V45/><F117/><W61/><G32/><RYUUKYOKU ba="1,0" sc="334,15,320,15,178,-15,168,-15" hai0="20,21,24,26,30,31,78,83,85,86" hai1="13,16,22,28,29,77,79" /><INIT seed="4,2,0,0,1,84" ten="349,335,163,153" oya="0" hai0="42,114,9,19,61,117,82,119,74,30,92,35,32" hai1="106,87,118,89,86,116,129,23,47,107,62,122,49" hai2="45,132,73,51,5,11,100,46,12,125,27,94,111" hai3="121,15,2,40,34,59,7,3,123,80,93,17,0"/><T37/><D114/><U53/><E122/><N who="3" m="46602" /><G40/><T115/><D115/><U60/><E129/><V131/><F111/><W104/><G80/><T63/><D30/><U25/><E118/><V105/><F73/><W113/><G104/><T38/><D74/><U76/><E116/><V70/><F70/><W6/><G113/><T96/><D82/><N who="1" m="47431" /><E107/><V124/><F105/><W8/><G59/><T133/><D42/><U72/><E106/><V56/><F131/><W48/><G48/><T71/><D71/><U95/><E72/><V134/><F56/><W54/><G54/><T26/><D119/><U91/><E91/><V1/><F1/><W28/><G93/><T126/><D117/><U127/><E127/><N who="2" m="48715" /><F27/><AGARI ba="2,0" hai="0,2,3,6,7,8,15,17,27,28,34" m="46602" machi="27" ten="40,5200,0" yaku="13,1,34,2" doraHai="84" who="3" fromWho="2" sc="349,0,335,0,163,-58,153,58" /><INIT seed="5,0,0,2,2,23" ten="349,335,105,211" oya="1" hai0="62,122,67,53,65,88,12,116,115,35,129,131,114" hai1="32,101,24,17,106,4,118,40,105,96,64,120,7" hai2="41,75,28,81,52,60,13,11,6,68,130,135,36" hai3="66,22,117,14,21,43,38,2,91,70,102,84,93"/><U51/><E120/><V126/><F130/><N who="0" m="49674" /><D116/><U110/><E118/><V48/><F126/><W123/><G2/><T61/><D122/><U85/><E110/><V99/><F135/><W124/><G117/><T95/><D35/><U27/><E106/><V46/><F99/><W59/><G123/><T77/><D77/><U89/><E64/><N who="0" m="24649" /><D12/><U76/><E76/><V37/><F68/><W33/><G124/><T82/><D82/><U44/><E32/><V19/><F28/><W58/><G70/><T69/><D69/><U56/><E56/><V133/><F133/><W45/><G33/><T74/><D74/><U113/><E113/><N who="0" m="43017" /><D53/><U72/><E72/><V57/><F75/><W1/><G1/><T55/><D55/><U100/><E100/><V92/><F92/><W16/><G102/><T15/><D15/><U3/><E17/><V134/><F134/><W104/><G104/><T5/><D5/><U18/><E18/><V0/><REACH who="2" step="1"/><F81/><REACH who="2" ten="349,335,95,211" step="2"/><W94/><G94/><T112/><D112/><U31/><E31/><V10/><AGARI ba="0,1" hai="0,6,10,11,13,19,36,37,41,46,48,52,57,60" machi="10" ten="20,8000,1" yaku="1,1,2,1,0,1,7,1,54,1,53,0" doraHai="23" doraHaiUra="90" who="2" fromWho="2" sc="349,-20,335,-40,95,90,211,-20" /><INIT seed="6,0,0,4,2,122" ten="329,295,185,191" oya="2" hai0="70,24,66,30,38,59,68,91,114,134,85,80,102" hai1="105,83,125,88,5,93,36,31,28,25,90,4,40" hai2="9,89,60,118,121,12,2,82,132,19,77,99,108" hai3="64,16,96,129,47,0,1,13,44,111,20,17,61"/><V48/><F121/><W11/><G111/><T34/><D38/><U100/><E105/><V123/><F123/><W54/><G129/><T131/><D131/><U106/><E106/><V69/><F118/><W65/><G96/><T117/><D117/><U67/><E125/><V103/><F132/><W32/><G32/><T18/><D134/><U29/><E25/><V135/><F135/><W7/><G17/><T52/><D114/><U49/><E36/><V115/><F115/><W95/><G95/><T57/><D102/><U50/><E67/><V53/><F2/><W42/><G54/><T56/><D66/><U81/><E100/><V58/><F89/><N who="1" m="34409" /><E93/><V128/><F128/><W78/><G78/><T98/><D98/><U104/><E104/><V119/><F119/><W124/><G124/><T126/><D126/><U127/><E127/><V21/><F108/><W10/><G65/><T3/><D3/><U26/><E26/><V63/><F69/><W94/><G94/><T97/><D97/><U41/><E49/><V37/><F37/><W74/><G74/><T8/><D70/><U75/><E75/><V43/><F99/><W14/><G44/><T107/><D68/><U86/><E86/><N who="2" m="48463" /><F103/><W55/><G55/><T79/><D107/><U62/><E62/><N who="2" m="23595" /><F43/><N who="1" m="16457" /><E50/><V45/><F45/><W113/><G113/><T116/><D116/><U15/><E15/><V120/><F120/><W33/><G33/><T87/><D34/><U39/><E39/><V51/><F51/><N who="3" m="27127" /><G11/><AGARI ba="0,0" hai="9,11,12,19,21,48,53,58" m="23595,48463" machi="11" ten="30,1500,0" yaku="8,1" doraHai="122" who="2" fromWho="3" sc="329,0,295,0,185,15,191,-15" /><INIT seed="6,1,0,0,0,135" ten="329,295,200,176" oya="2" hai0="21,57,73,45,81,22,132,130,77,34,66,28,97" hai1="87,54,116,74,122,50,85,105,36,3,126,109,27" hai2="79,91,61,78,20,47,118,4,41,117,0,17,26" hai3="71,53,63,84,52,46,10,51,92,86,5,121,11"/><V49/><F0/><W30/><G121/><T55/><D132/><U48/><E109/><V103/><F4/><W43/><G30/><T62/><D130/><U95/><E105/><V70/><F103/><W106/><G106/><T19/><D34/><U123/><E36/><V18/><F18/><W129/><G129/><T56/><D28/><U65/><E74/><V89/><F118/><W6/><G71/><T104/><D45/><U125/><E116/><V33/><F33/><W29/><G29/><T107/><D97/><U8/><E65/><V40/><F117/><W69/><G69/><T42/><D42/><N who="2" m="16490" /><F61/><W9/><G63/><T58/><D22/><U113/><E113/><V23/><F23/><W98/><G6/><T38/><D38/><U82/><E27/><V100/><F100/><N who="3" m="60487" /><G5/><T13/><D57/><U31/><E31/><V39/><F70/><W101/><G101/><T83/><D83/><U44/><E3/><V111/><F111/><W120/><G120/><N who="1" m="46122" /><E8/><V134/><F134/><W76/><G86/><N who="1" m="32778" /><E82/><AGARI ba="1,0" hai="9,10,11,43,46,51,52,53,76,82,84" m="60487" machi="82" ten="30,2000,0" yaku="8,1,54,1" doraHai="135" who="3" fromWho="1" sc="329,0,295,-23,200,0,176,23" /><INIT seed="7,0,0,3,1,62" ten="329,272,200,199" oya="3" hai0="113,72,13,23,1,83,59,80,3,39,43,30,9" hai1="99,66,53,77,79,56,85,84,25,51,112,49,41" hai2="58,76,24,124,22,122,121,130,29,65,63,0,34" hai3="81,50,114,91,108,11,100,106,37,71,6,7,97"/><W12/><G37/><T116/><D116/><U93/><E112/><V82/><F124/><W18/><G114/><T125/><D113/><U40/><E25/><V54/><F0/><W110/><G71/><T128/><D125/><U36/><E36/><V19/><F130/><W111/><REACH who="3" step="1"/><G50/><REACH who="3" ten="329,272,200,189" step="2"/><T31/><D39/><U21/><E51/><V107/><F107/><W119/><G119/><T4/><D128/><U101/><E49/><V60/><F34/><W32/><G32/><T98/><D43/><U70/><E41/><V103/><F103/><W35/><G35/><T126/><D126/><U8/><E40/><V75/><REACH who="2" step="1"/><F29/><REACH who="2" ten="329,272,190,189" step="2"/><W92/><G92/><T129/><D31/><U90/><E93/><V38/><F38/><W78/><G78/><T15/><D30/><U48/><E101/><V115/><F115/><W57/><G57/><AGARI ba="0,2" hai="19,22,24,54,57,58,60,63,65,75,76,82,121,122" machi="57" ten="40,2600,0" yaku="1,1,52,1,53,0" doraHai="62" doraHaiUra="131" who="2" fromWho="3" sc="329,0,272,0,190,46,189,-26" owari="329,43.0,272,7.0,236,-16.0,163,-34.0" /></mjloggm>