<mjloggm ver="2.3"><GO type="41"/><UN n0="%E3%81%8F%E3%81%8E%E3%82%85%E3%81%86%E3%81%86%E3%81%86%E3%81%86" n1="%E3%82%AE%E3%82%BF%E3%83%AA%E3%82%B9%E3%83%88" n2="%79%6F%73%73%69%65%EF%BD%9E" n3="%E3%82%A6%E3%83%AB%E3%83%88%E3%83%A9%E7%AB%8B%E7%9B%B4" dan="14,14,13,15" rate="1911,1919,1953,2010" sx="M,M,M,M"/><TAIKYOKU oya="0"/><INIT seed="0,0,0,1,5,73" ten="250,250,250,250" oya="0" hai0="34,6,100,115,16,133,101,37,14,78,120,125,129" hai1="52,122,5,126,50,93,51,74,35,9,79,1,13" hai2="114,110,18,96,65,88,27,31,91,130,117,83,24" hai3="111,3,121,95,25,92,39,54,41,135,134,123,87"/><T28/><D100/><U63/><E122/><N who="3" m="46602" /><G3/><T8/><D101/><U127/><E35/><V59/><F114/><W131/><G41/><T98/><D98/><U42/><E1/><V53/><F65/><W118/><G39/><T106/><D78/><U57/><E93/><N who="3" m="35914" /><G118/><T47/><D47/><U68/><E68/><V90/><F96/><W94/><G54/><T21/><D106/><U86/><E74/><V97/><F97/><W17/><G131/><T84/><D84/><U55/><E42/><V26/><F130/><W38/><G38/><T10/><D37/><U30/><E30/><V2/><F31/><W107/><G107/><T128/><D120/><U62/><E126/><V19/><F2/><W108/><G17/><N who="2" m="6153" /><F110/><N who="3" m="42027" /><G25/><T76/><D128/><U58/><E127/><V32/><F32/><W71/><G71/><T82/><D125/><U7/><E5/><V61/><F117/><W116/><G116/><T119/><D129/><U22/><E22/><V43/><F43/><W103/><G103/><T56/><D119/><U4/><E7/><V124/><F124/><W66/><G66/><T36/><D36/><U112/><E112/><V72/><F72/><W89/><AGARI ba="0,0" hai="87,89,94,134,135" m="42027,35914,46602" machi="89" ten="40,8000,1" yaku="13,1,14,1,34,2" doraHai="73" who="3" fromWho="3" sc="250,-40,250,-20,250,-20,250,80" /><INIT seed="1,0,0,2,3,25" ten="210,230,230,330" oya="1" hai0="52,120,33,126,98,91,19,40,90,46,129,11,89" hai1="134,113,80,127,38,9,121,107,105,103,58,41,1" hai2="71,39,48,43,47,81,45,125,133,6,85,95,109" hai3="67,14,106,53,99,36,31,59,86,112,74,102,23"/><U65/><E121/><V28/><F71/><W116/><G74/><T130/><D120/><U77/><E113/><V3/><F109/><W2/><G2/><T83/><D126/><U63/><E127/><V49/><F125/><W97/><G36/><T88/><D33/><U131/><E103/><V61/><F133/><W79/><G67/><T51/><D83/><U70/><E58/><V5/><F3/><W78/><G112/><T30/><D98/><U76/><E77/><V57/><F39/><W21/><G116/><T92/><D92/><U69/><E70/><V72/><F95/><W55/><G86/><T37/><D30/><U34/><E34/><V104/><F104/><W32/><G32/><T87/><D87/><U135/><E131/><V132/><F132/><N who="1" m="50729" /><E1/><V29/><F72/><W8/><G106/><T123/><D123/><U110/><E9/><V115/><F115/><W13/><G8/><T64/><D130/><U27/><E27/><V68/><F68/><W18/><G59/><T119/><D119/><U122/><E122/><V94/><F94/><W73/><G73/><T75/><D11/><U128/><E128/><V60/><F60/><W42/><G102/><T35/><D35/><U10/><E10/><V114/><F114/><W16/><G42/><T117/><D117/><U96/><E110/><V22/><F22/><W101/><G101/><T17/><D129/><U100/><E107/><V54/><F5/><W26/><G26/><T0/><D0/><U108/><E108/><V56/><F6/><W118/><G118/><T84/><D40/><U50/><E76/><RYUUKYOKU ba="0,0" sc="210,-10,230,-10,230,-10,330,30" hai3="13,14,16,18,21,23,31,53,55,78,79,97,99" /><INIT seed="2,1,0,0,2,79" ten="200,220,220,360" oya="2" hai0="72,35,134,105,94,81,58,42,82,116,100,39,113" hai1="47,114,32,15,126,103,52,18,73,108,91,111,96" hai2="13,102,83,75,4,60,7,0,57,97,59,5,45" hai3="8,22,21,2,87,107,76,129,121,95,112,3,31"/><V64/><F0/><W19/><G107/><T101/><D113/><U130/><E114/><V122/><F122/><W128/><G112/><T78/><D134/><U43/><E73/><V33/><F33/><W93/><G121/><T1/><D116/><U98/><E32/><V11/><F45/><W62/><G62/><T132/><D132/><U109/><E126/><V77/><REACH who="2" step="1"/><F59/><REACH who="2" ten="200,220,210,360" step="2"/><W86/><G3/><T92/><D35/><U14/><E47/><V74/><F74/><W50/><G2/><T36/><D1/><U46/><E46/><V27/><F27/><W99/><G129/><T104/><D58/><U12/><E43/><V54/><F54/><W115/><G128/><T23/><D72/><U48/><E130/><V71/><F71/><W29/><G115/><T120/><D120/><U69/><E69/><V66/><F66/><W41/><G41/><T123/><D123/><U28/><E52/><V44/><F44/><W117/><G117/><T9/><D42/><U55/><E15/><V38/><F38/><W37/><G37/><T24/><D24/><U70/><E70/><V56/><F56/><W40/><G40/><T30/><D39/><U119/><E12/><V106/><AGARI ba="1,1" hai="4,5,7,11,13,57,60,64,75,77,83,97,102,106" machi="106" ten="20,12000,1" yaku="1,1,0,1,7,1,52,1,53,1" doraHai="79" doraHaiUra="63" who="2" fromWho="2" sc="200,-41,220,-41,210,133,360,-41" /><INIT seed="2,2,0,0,4,101" ten="159,179,343,319" oya="2" hai0="91,35,89,134,69,41,73,50,114,107,60,39,59" hai1="115,55,103,47,131,18,58,0,4,133,23,40,43" hai2="10,17,87,117,110,22,116,49,120,62,33,82,56" hai3="45,128,11,21,118,24,105,46,42,92,16,51,122"/><V52/><F33/><W8/><G122/><T5/><D114/><U126/><E115/><V83/><F120/><W124/><G118/><T36/><D134/><U37/><E126/><V100/><F100/><W70/><G70/><T72/><D35/><U112/><E112/><V44/><F116/><W71/><G71/><T25/><D69/><U102/><E133/><V104/><F117/><W78/><G124/><T66/><D5/><U3/><E40/><V88/><F104/><W96/><G128/><T127/><D127/><U129/><E103/><V31/><F110/><W48/><G78/><T125/><D125/><U57/><E102/><V106/><F106/><W98/><G105/><T7/><D7/><U53/><E4/><V26/><F10/><N who="3" m="3627" /><G92/><T32/><D107/><U61/><E0/><V27/><F26/><W9/><N who="3" m="3635" /><W79/><DORA hai="108" /><G79/><T132/><D25/><U81/><E3/><V67/><F31/><W84/><G84/><T1/><D32/><U20/><E81/><AGARI ba="2,0" hai="17,22,27,44,49,52,56,62,67,81,82,83,87,88" machi="81" ten="30,11600,0" yaku="7,1,8,1,54,2" doraHai="101,108" who="2" fromWho="1" sc="159,0,179,-122,343,122,319,0" /><INIT seed="2,3,0,2,2,91" ten="159,57,465,319" oya="2" hai0="21,28,16,0,57,104,64,86,81,33,17,78,22" hai1="54,51,70,95,101,89,48,109,92,10,111,2,43" hai2="68,121,45,79,56,20,6,105,3,4,118,39,66" hai3="94,127,131,133,18,108,114,37,69,88,62,107,31"/><V15/><F105/><W90/><G107/><T72/><D104/><U99/><E70/><V110/><F68/><W53/><G37/><T96/><D0/><U8/><E43/><V73/><F3/><W14/><G114/><T84/><D33/><U85/><E2/><V103/><F103/><W24/><G127/><T119/><D28/><U113/><E113/><V11/><F118/><W9/><G131/><T29/><D29/><U130/><E130/><V12/><F121/><W100/><G133/><T1/><D1/><U60/><E60/><V98/><F98/><N who="3" m="59479" /><G69/><T49/><D96/><U74/><E74/><V134/><F73/><W27/><G108/><N who="1" m="41546" /><E51/><V116/><F79/><W102/><G102/><T55/><D64/><U23/><E23/><V82/><F82/><W71/><G71/><T115/><D115/><U93/><E101/><V7/><F116/><W77/><G77/><T135/><D135/><U59/><E99/><V87/><F87/><W125/><G125/><T106/><D106/><U41/><E41/><V26/><F39/><W80/><G80/><AGARI ba="3,0" hai="8,10,48,54,59,80,85,89,92,93,95" m="41546" machi="80" ten="30,7700,0" yaku="14,1,52,3" doraHai="91" who="1" fromWho="3" sc="159,0,57,86,465,0,319,-86" /><INIT seed="3,0,0,4,4,60" ten="159,143,465,233" oya="3" hai0="118,22,108,134,121,34,68,38,98,119,85,100,41" hai1="91,78,7,11,53,87,50,71,3,44,5,1,114" hai2="72,16,10,25,35,115,52,83,109,31,4,9,66" hai3="106,56,77,120,6,67,73,0,51,26,46,94,43"/><W2/><G106/><T79/><D34/><U40/><E78/><V101/><F115/><W29/><G120/><T86/><D121/><U36/><E114/><V89/><F101/><W111/><G111/><T64/><D108/><U63/><E7/><V42/><F109/><W57/><G77/><T116/><D134/><U74/><E74/><V13/><F72/><W132/><G73/><T122/><D122/><U58/><E1/><V48/><F42/><W45/><G132/><T23/><D38/><U93/><E71/><V84/><F66/><W12/><G46/><T125/><D125/><U123/><REACH who="1" step="1"/><E123/><REACH who="1" ten="159,133,465,233" step="2"/><V124/><F124/><W76/><G76/><T55/><D68/><U96/><E96/><V8/><F4/><W88/><G2/><T47/><D119/><U39/><AGARI ba="0,1" hai="3,5,11,36,39,40,44,50,53,58,63,87,91,93" machi="39" ten="30,2000,0" yaku="1,1,0,1,53,0" doraHai="60" doraHaiUra="14" who="1" fromWho="1" sc="159,-5,133,30,465,-5,233,-10" /><INIT seed="4,0,0,1,0,88" ten="154,163,460,223" oya="0" hai0="68,58,98,3,7,9,99,42,17,56,104,54,122" hai1="39,78,63,123,70,45,94,131,83,106,108,12,92" hai2="118,37,19,96,57,36,21,61,86,53,133,120,60" hai3="67,127,132,49,59,111,20,6,16,26,107,71,97"/><T32/><D122/><U82/><E123/><V101/><F118/><W72/><G111/><T51/><D68/><U8/><E106/><V90/><F120/><W69/><G72/><T28/><D104/><U15/><E108/><V130/><F133/><W117/><G117/><T18/><D58/><U25/><E70/><V103/><F60/><W91/><G132/><T34/><D42/><U73/><E25/><V89/><F130/><W2/><G127/><T93/><D99/><U43/><E63/><V119/><F89/><W10/><G67/><T74/><D74/><U30/><E30/><V4/><F4/><W40/><G107/><T47/><D47/><U121/><E121/><V109/><F109/><W80/><G40/><T65/><D65/><U125/><E125/><V84/><F84/><W75/><G75/><T128/><D128/><U81/><E73/><V24/><F103/><W66/><G66/><T112/><D112/><U100/><E100/><V64/><F64/><W33/><G33/><T114/><D114/><U85/><E131/><V14/><F14/><W0/><G80/><T38/><D38/><U129/><E129/><V1/><F1/><W41/><G41/><T44/><D44/><U11/><E82/><V31/><F31/><W62/><G62/><T35/><REACH who="0" step="1"/><D28/><REACH who="0" ten="144,163,460,223" step="2"/><U13/><REACH who="1" step="1"/><E81/><REACH who="1" ten="144,153,460,223" step="2"/><N who="2" m="49487" /><F119/><W46/><G69/><T55/><D55/><U50/><E50/><V52/><F53/><W95/><G71/><T134/><D134/><U48/><E48/><V105/><F105/><W87/><G49/><T5/><D5/><U29/><E29/><V77/><F52/><RYUUKYOKU ba="0,2" sc="144,15,153,15,460,-15,223,-15" hai0="3,7,9,17,18,32,34,35,51,54,56,93,98" hai1="8,11,12,13,15,39,43,45,78,83,85,92,94" /><INIT seed="4,1,2,5,2,91" ten="159,168,445,208" oya="0" hai0="45,39,81,65,124,63,64,10,121,97,89,75,37" hai1="77,31,134,11,55,117,111,79,50,35,57,30,60" hai2="6,87,93,113,14,46,128,32,98,25,76,62,116" hai3="122,19,66,94,86,99,96,44,20,92,88,70,26"/><T2/><D121/><U78/><E117/><V130/><F116/><W56/><G70/><T85/><D124/><U107/><E111/><V101/><F113/><W126/><G126/><T106/><D65/><U105/><E11/><V129/><F46/><W125/><G125/><T0/><D75/><U3/><E3/><V48/><F62/><N who="3" m="38215" /><G122/><T118/><D118/><U95/><E134/><V16/><F48/><W38/><G38/><T36/><D45/><U40/><E35/><V82/><F32/><W133/><G133/><T59/><D10/><U90/><E107/><V41/><F41/><W28/><G44/><T4/><D4/><U49/><E105/><V27/><F6/><W69/><G69/><T115/><D115/><U5/><E5/><V103/><F103/><N who="3" m="60807" /><G86/><T7/><D7/><U21/><E40/><V22/><AGARI ba="1,2" hai="14,16,22,25,27,76,82,87,93,98,101,128,129,130" machi="22" ten="30,7900,0" yaku="0,1,19,1,52,1,54,1" doraHai="91" who="2" fromWho="2" sc="159,-40,168,-21,445,102,208,-21" /><INIT seed="5,0,0,3,3,57" ten="119,147,547,187" oya="1" hai0="104,61,128,52,32,26,74,55,115,113,62,100,85" hai1="48,43,102,59,2,16,126,53,71,135,69,12,56" hai2="110,19,107,106,76,77,45,17,127,72,94,68,87" hai3="27,42,33,109,65,13,112,133,97,11,129,5,60"/><U64/><E2/><V35/><F35/><W18/><G109/><T86/><D74/><U132/><E102/><V6/><F68/><N who="1" m="26185" /><E126/><V88/><F6/><W114/><G42/><T14/><D128/><U134/><E43/><V39/><F39/><W119/><G129/><T10/><D32/><U0/><E0/><V21/><F45/><W24/><G97/><N who="0" m="61455" /><D26/><N who="3" m="9769" /><G33/><T34/><D34/><U101/><E101/><V124/><F19/><W98/><G98/><T38/><D38/><U91/><E91/><V95/><F94/><W130/><G130/><T117/><D117/><U83/><E83/><V29/><F29/><W70/><G119/><T1/><D1/><U20/><E64/><V51/><F72/><W78/><G78/><T108/><D108/><U44/><AGARI ba="0,0" hai="12,16,20,44,48,53,56,59,132,134,135" m="26185" machi="44" ten="40,3900,0" yaku="20,1,54,1" doraHai="57" who="1" fromWho="1" sc="119,-13,147,39,547,-13,187,-13" /><INIT seed="5,1,0,5,3,110" ten="106,186,534,174" oya="1" hai0="43,103,105,72,112,65,46,73,108,30,87,16,79" hai1="8,69,34,80,50,2,53,58,89,78,71,119,14" hai2="39,17,66,45,109,96,6,25,111,10,22,76,47" hai3="44,4,23,84,81,126,19,115,26,77,12,48,20"/><U129/><E34/><V101/><F66/><W114/><G126/><T120/><D108/><U75/><E119/><V15/><F76/><W42/><REACH who="3" step="1"/><G4/><REACH who="3" ten="106,186,534,164" step="2"/><T18/><D120/><U40/><E129/><V91/><F111/><W41/><G41/><T125/><D125/><U38/><E40/><V67/><F109/><W82/><G82/><T54/><D46/><U121/><E121/><V116/><F45/><W118/><G118/><T93/><D43/><U52/><E38/><V124/><F47/><W107/><G107/><T55/><D105/><U122/><E122/><V5/><F39/><W61/><G61/><T92/><D103/><U62/><E62/><V117/><F101/><W70/><G70/><T0/><D0/><U57/><E69/><V9/><F124/><W113/><G113/><T83/><D83/><U21/><E71/><V35/><F5/><W33/><G33/><T63/><D63/><U97/><E80/><V127/><F35/><W134/><G134/><T106/><D106/><U13/><E50/><V60/><F60/><W7/><G7/><T100/><D100/><U59/><E78/><V74/><F6/><W133/><G133/><T3/><D79/><U85/><E75/><V1/><F74/><W31/><AGARI ba="1,1" hai="12,19,20,23,26,31,42,44,48,77,81,84,114,115" machi="31" ten="30,7900,0" yaku="1,1,0,1,52,2,53,0" doraHai="110" doraHaiUra="28" who="3" fromWho="3" sc="106,-21,186,-40,534,-21,164,92" /><INIT seed="6,0,0,1,3,67" ten="85,146,513,256" oya="2" hai0="91,15,100,26,84,101,111,4,20,106,18,10,61" hai1="72,115,76,30,105,127,32,97,86,95,51,31,125" hai2="109,33,88,75,55,92,54,113,132,79,121,13,69" hai3="133,130,39,102,64,34,117,89,21,124,0,131,9"/><V5/><F69/><W93/><G39/><T23/><D111/><U135/><E32/><V16/><F33/><W94/><G34/><T65/><D106/><U19/><E105/><V7/><F109/><W11/><G117/><T50/><D50/><U53/><E72/><V112/><F121/><W29/><G64/><T90/><D23/><U58/><E115/><V46/><F79/><W134/><G21/><T83/><REACH who="0" step="1"/><D91/><REACH who="0" ten="75,146,513,256" step="2"/><U24/><E135/><N who="3" m="51722" /><G11/><T73/><D73/><U49/><E51/><V70/><F75/><W120/><G120/><T80/><D80/><U63/><E49/><V119/><F132/><W38/><G38/><T110/><D110/><U68/><E127/><V40/><F113/><W42/><G89/><T48/><D48/><U44/><E125/><V60/><F112/><W126/><G42/><T123/><D123/><U98/><E44/><V8/><F46/><W35/><G94/><T25/><D25/><U56/><E95/><V116/><F40/><W6/><G93/><T128/><D128/><N who="3" m="49193" /><G102/><T107/><D107/><U118/><E118/><V37/><F37/><W129/><G129/><T71/><AGARI ba="0,1" hai="4,10,15,18,20,26,61,65,71,83,84,90,100,101" machi="71" ten="20,8000,1" yaku="1,1,0,1,7,1,52,1,53,1" doraHai="67" doraHaiUra="77" who="0" fromWho="0" sc="75,90,146,-20,513,-40,256,-20" /><INIT seed="7,0,0,2,5,10" ten="165,126,473,236" oya="3" hai0="102,7,109,126,6,135,36,82,19,21,87,90,15" hai1="105,57,97,98,85,124,106,55,39,1,40,51,67" hai2="65,50,73,76,32,9,66,112,18,28,3,129,83" hai3="47,27,123,62,78,48,64,116,119,60,22,101,74"/><W35/><G123/><T37/><D109/><U5/><E124/><V122/><F50/><W17/><G35/><T13/><D126/><U61/><E1/><V25/><F122/><W88/><G78/><T92/><D135/><U130/><E5/><V31/><F3/><W104/><G74/><T30/><D37/><U70/><E85/><V86/><F31/><W77/><G77/><T113/><D36/><U108/><E108/><V44/><F44/><W128/><G128/><T43/><D43/><U54/><E54/><V34/><F34/><W49/><G101/><T95/><D30/><U12/><E12/><N who="0" m="4681" /><D113/><U110/><E110/><V56/><F9/><W133/><G104/><T4/><D102/><U107/><REACH who="1" step="1"/><E130/><REACH who="1" ten="165,116,473,236" step="2"/><V26/><F129/><W120/><G120/><T72/><D72/><U103/><E103/><V117/><F73/><W100/><G100/><T96/><D96/><U53/><E53/><V42/><F86/><W23/><G133/><T121/><D121/><U89/><E89/><V46/><F112/><W69/><G88/><T24/><AGARI ba="0,1" hai="4,6,7,19,21,24,82,87,90,92,95" m="4681" machi="24" ten="30,7900,0" yaku="8,1,52,3" doraHai="10" who="0" fromWho="0" sc="165,89,116,-20,473,-20,236,-39" owari="254,5.0,96,-40.0,453,55.0,197,-20.0" /></mjloggm>