<mjloggm ver="2.3"><GO type="97"/><UN n0="%E5%B0%8F%E6%97%A9%E5%B7%9D%E5%A4%A7%E5%B0%89%E3%81%A9%E3%81%AE" n1="%E5%BB%A3%E6%B8%88%E5%A0%82%E6%9C%AC%E5%BA%97" n2="%EF%BC%88%E2%89%A7%E2%96%BD%E2%89%A6%EF%BC%89" n3="%E5%96%AB%E8%8C%B6" dan="14,14,15,13" rate="1879,1932,2054,1878" sx="M,M,M,M"/><TAIKYOKU oya="0"/><INIT seed="0,0,0,3,5,110" ten="250,250,250,250" oya="0" hai0="4,28,119,102,43,6,7,36,58,71,26,62,111" hai1="90,81,78,72,56,91,132,83,94,105,14,135,31" hai2="69,13,5,103,125,22,118,133,128,9,33,27,23" hai3="97,87,40,16,34,76,112,100,65,21,74,35,52"/><T17/><D119/><U47/><E31/><N who="2" m="19711" /><F103/><W79/><G74/><T2/><D71/><U113/><E47/><V89/><F89/><W41/><G112/><T123/><D123/><U61/><E113/><V88/><F88/><W63/><G34/><T10/><D111/><U8/><E105/><V25/><F69/><W45/><G35/><T107/><D17/><U122/><E122/><V11/><F118/><W134/><G134/><N who="1" m="51242" /><E83/><V115/><F133/><W73/><G73/><T39/><D39/><U48/><E48/><V32/><F115/><W109/><G109/><T46/><D102/><U104/><E104/><V108/><F108/><W20/><G20/><N who="2" m="7721" /><F128/><W82/><G79/><T53/><REACH who="0" step="1"/><D107/><REACH who="0" step="2"/><U106/><E106/><V66/><F125/><W129/><G129/><T57/><D57/><U60/><E56/><V116/><F116/><W84/><G100/><T55/><D55/><U75/><E75/><V19/><F66/><W85/><G97/><T130/><D130/><U30/><E30/><N who="2" m="19535" /><F11/><W68/><G52/><T92/><D92/><U64/><E64/><V95/><F95/><W1/><G41/><T86/><D86/><N who="1" m="52567" /><E91/><V126/><F126/><W101/><G101/><T93/><D93/><U80/><E80/><V15/><F19/><AGARI ba="0,1" hai="8,14,19,60,61,72,78,81" m="52567,51242" machi="19" ten="30,1000,0" yaku="20,1" doraHai="110" who="1" fromWho="2" sc="240,0,250,20,250,-10,250,0" /><INIT seed="1,0,0,4,2,20" ten="240,270,240,250" oya="1" hai0="82,14,51,69,89,76,95,131,133,132,50,10,134" hai1="17,83,88,104,99,105,77,2,30,65,91,32,126" hai2="48,119,41,75,118,72,44,27,39,38,94,52,34" hai3="60,45,43,18,61,46,73,123,122,93,85,70,68"/><U55/><E126/><V63/><F119/><W12/><G73/><N who="0" m="43279" /><D69/><U29/><E2/><V112/><F112/><W15/><G93/><T16/><D131/><U92/><E91/><V62/><F118/><W42/><G85/><AGARI ba="0,0" hai="10,14,16,50,51,85,89,95,132,133,134" m="43279" machi="85" ten="30,2000,0" yaku="20,1,54,1" doraHai="20" who="0" fromWho="3" sc="240,20,270,0,240,0,250,-20" /><INIT seed="2,0,0,0,1,132" ten="260,270,240,230" oya="2" hai0="89,40,61,14,123,65,12,38,91,39,96,10,107" hai1="26,99,5,72,22,100,119,93,98,73,114,103,59" hai2="79,48,67,28,66,45,32,18,13,116,16,78,102" hai3="41,50,44,57,134,129,31,83,92,81,80,54,128"/><V86/><F116/><W24/><G134/><T121/><D121/><U115/><E5/><V25/><F102/><W2/><G2/><T52/><D123/><U4/><E4/><V112/><F112/><W94/><G92/><T8/><D107/><U124/><E119/><V118/><F118/><W85/><G94/><T74/><D74/><U101/><E124/><V127/><F127/><W77/><G77/><T56/><D65/><U19/><E59/><V53/><F18/><W49/><REACH who="3" step="1"/><G85/><REACH who="3" step="2"/><T6/><D96/><U126/><E126/><V130/><F130/><W34/><AGARI ba="0,1" hai="24,31,34,41,44,49,50,54,57,80,81,83,128,129" machi="34" ten="30,7900,0" yaku="1,1,2,1,0,1,53,1" doraHai="132" doraHaiUra="36" who="3" fromWho="3" sc="260,-20,270,-20,240,-39,220,89" /><INIT seed="3,0,0,3,3,5" ten="240,250,201,309" oya="3" hai0="46,73,114,51,115,6,56,104,122,113,83,91,117" hai1="103,67,79,134,123,48,15,8,87,86,108,131,10" hai2="64,54,24,12,9,59,21,130,111,29,110,120,121" hai3="32,52,65,13,100,1,125,68,49,55,63,96,40"/><W22/><G32/><T26/><D117/><U97/><E123/><N who="2" m="47179" /><F64/><W20/><G1/><T106/><D122/><U4/><E108/><N who="2" m="41515" /><F130/><W33/><G33/><T118/><D118/><U58/><E131/><V70/><F70/><W128/><G128/><T17/><D56/><U90/><E134/><V0/><F0/><W129/><G129/><T105/><D6/><U37/><E37/><V98/><F98/><W34/><G34/><T61/><D61/><U50/><E79/><V16/><F59/><W69/><G69/><T77/><D91/><U133/><E133/><V30/><F54/><W19/><G125/><T42/><D106/><U102/><E86/><V135/><F135/><W25/><G40/><T75/><D75/><U95/><E103/><V2/><F2/><W47/><G55/><T119/><D119/><U31/><E31/><AGARI ba="0,0" hai="9,12,16,21,24,29,30,31" m="41515,47179" machi="31" ten="30,12000,2" yaku="13,1,14,1,34,2,52,1,54,1" doraHai="5" who="2" fromWho="1" sc="240,0,250,-120,201,120,309,0" owari="240,-16.0,130,-37.0,321,42.0,309,11.0" /></mjloggm>