<mjloggm ver="2.3"><GO type="169"/><UN n0="%E9%81%BF%E3%81%91%E3%82%8B%E3%83%81%E3%83%BC%E3%82%BA" n1="%41%53%41%50%49%4E" n2="%E6%9C%AC%E7%89%A9%E5%A5%B3%E5%AD%90%E9%AB%98%E7%94%9F" n3="%EF%BC%88%E2%89%A7%E2%96%BD%E2%89%A6%EF%BC%89" dan="16,17,16,17" rate="2071,2147,2089,2195" sx="F,F,F,M"/><TAIKYOKU oya="0"/><INIT seed="0,0,0,5,3,77" ten="250,250,250,250" oya="0" hai0="94,97,46,2,29,72,49,68,96,87,55,120,9" hai1="128,42,81,95,59,69,90,39,85,4,132,129,133" hai2="112,25,41,75,113,17,50,43,102,65,38,135,79" hai3="101,48,127,109,12,119,73,11,47,10,56,45,31"/><T134/><D72/><U33/><E69/><V24/><F102/><W88/><G119/><T114/><D114/><U63/><E33/><V64/><F38/><W26/><G73/><T37/><D68/><U21/><E4/><V100/><F100/><W67/><G101/><T116/><D116/><U44/><E21/><V60/><F75/><W83/><G127/><T115/><D115/><U93/><E93/><V53/><F79/><W121/><G121/><T91/><D120/><U124/><E95/><V14/><F135/><N who="1" m="51785" /><E124/><V32/><F32/><W105/><G105/><T106/><D134/><U58/><E63/><V0/><F60/><N who="3" m="38279" /><G10/><T51/><D37/><U34/><E34/><V22/><F0/><W111/><G26/><T35/><D35/><U82/><E82/><V76/><F25/><W36/><G31/><T3/><D29/><U84/><E84/><V71/><F24/><W61/><G61/><T18/><D106/><U8/><E8/><V1/><F1/><W103/><G36/><T66/><D66/><U126/><E126/><V6/><F65/><W20/><G20/><T70/><D70/><U23/><E23/><V74/><F64/><W125/><G125/><T122/><D122/><U89/><E89/><V54/><F71/><W40/><G103/><T131/><D3/><U16/><E16/><N who="2" m="10519" /><F6/><N who="3" m="3191" /><G88/><T57/><D2/><U118/><E118/><V28/><F113/><W104/><G104/><T15/><D131/><AGARI ba="0,0" hai="39,42,44,58,59,81,85,90,128,129,131" m="51785" machi="131" ten="30,3900,0" yaku="19,1,20,1,52,1" doraHai="77" who="1" fromWho="0" sc="250,-39,250,39,250,0,250,0" /><INIT seed="1,0,0,1,4,119" ten="211,289,250,250" oya="1" hai0="23,36,129,39,133,14,28,48,97,11,103,87,49" hai1="41,108,56,40,77,1,112,47,63,126,13,35,73" hai2="115,4,111,19,33,20,42,34,99,123,100,116,84" hai3="16,104,69,52,120,61,81,72,65,88,68,131,74"/><U5/><E112/><V2/><F115/><W12/><G104/><T107/><D129/><U102/><E35/><V101/><F42/><W10/><G120/><T95/><D133/><U21/><E40/><V93/><F116/><W32/><G32/><T67/><D39/><U25/><E126/><V82/><F111/><W127/><G69/><T54/><D36/><U37/><E108/><V91/><F123/><W27/><G127/><T96/><D87/><U29/><E13/><V60/><F60/><W31/><G131/><T85/><D85/><U43/><E43/><V18/><F101/><W57/><G81/><T71/><D71/><U121/><E102/><V64/><F64/><W90/><G72/><T105/><D67/><U24/><E24/><V122/><F18/><W78/><G78/><T113/><D113/><U30/><E56/><V7/><F122/><W62/><G74/><T3/><D3/><U117/><E121/><V17/><F17/><W89/><G27/><T109/><D109/><U86/><E86/><V83/><F4/><W98/><REACH who="3" step="1"/><G31/><REACH who="3" ten="211,289,250,240" step="2"/><T45/><D28/><N who="1" m="17455" /><E117/><V118/><F118/><W80/><G80/><T75/><D75/><U51/><E77/><V15/><F82/><W59/><G59/><T66/><D45/><U76/><E37/><V22/><F22/><W0/><G0/><T132/><D23/><U134/><E76/><V79/><F79/><W58/><G58/><T128/><D128/><U8/><E73/><V53/><F2/><W55/><G55/><T114/><D54/><U9/><E29/><V50/><F7/><W92/><AGARI ba="0,1" hai="10,12,16,52,57,61,62,65,68,88,89,90,92,98" machi="92" ten="30,12000,2" yaku="1,1,5,1,0,1,54,3,53,0" doraHai="119" doraHaiUra="70" who="3" fromWho="3" sc="211,-30,289,-60,250,-30,240,130" /><INIT seed="2,0,0,5,4,68" ten="181,229,220,370" oya="2" hai0="91,52,78,83,134,30,97,41,105,107,42,40,69" hai1="23,103,11,77,126,127,133,95,8,94,63,82,131" hai2="36,89,81,54,62,46,123,90,56,26,33,80,5" hai3="130,79,0,115,17,24,38,59,121,43,12,113,20"/><V39/><F123/><W98/><G0/><T49/><D69/><U7/><E133/><V73/><F5/><W99/><G121/><T19/><D30/><U57/><E131/><V35/><F46/><N who="3" m="23927" /><G79/><T76/><D134/><U45/><E23/><V21/><F35/><W25/><G59/><T10/><D91/><U92/><E103/><V129/><F33/><W93/><G130/><T48/><D97/><N who="3" m="36873" /><G93/><T14/><D48/><U32/><E32/><V108/><F108/><W29/><G29/><T86/><REACH who="0" step="1"/><D78/><REACH who="0" ten="171,229,220,370" step="2"/><U47/><E127/><V125/><F125/><W104/><G115/><T116/><D116/><U22/><E126/><V31/><F129/><W85/><G113/><T6/><D6/><U16/><E7/><V50/><F50/><W102/><G102/><T100/><D100/><U120/><E120/><V128/><F128/><W44/><G104/><T114/><D114/><U124/><E124/><V1/><F90/><W70/><G70/><T15/><D15/><U110/><E77/><V111/><F111/><W109/><G109/><T37/><D37/><U27/><E110/><V106/><F106/><W53/><G12/><T3/><D3/><U13/><E82/><N who="2" m="31851" /><F1/><W55/><G25/><T60/><D60/><U132/><E132/><V87/><F73/><W96/><G96/><T51/><D51/><U9/><REACH who="1" step="1"/><E27/><REACH who="1" ten="171,219,220,370" step="2"/><V75/><F75/><W67/><G24/><T135/><D135/><U66/><AGARI ba="0,2" hai="8,9,11,13,16,22,45,47,57,63,66,92,94,95" machi="66" ten="30,8000,1" yaku="1,1,2,1,0,1,8,1,54,1,53,0" doraHai="68" doraHaiUra="74" who="1" fromWho="1" sc="171,-20,219,100,220,-40,370,-20" /><INIT seed="3,0,0,3,1,7" ten="151,319,180,350" oya="3" hai0="15,97,123,36,91,27,109,88,2,72,122,62,89" hai1="110,112,47,71,19,64,86,130,25,48,75,10,31" hai2="46,77,84,30,22,24,37,70,54,41,33,20,49" hai3="12,82,120,134,35,63,44,55,39,14,3,61,127"/><W67/><G35/><T38/><D72/><U113/><E75/><V94/><F70/><W42/><G3/><T65/><D2/><U87/><E110/><V58/><REACH who="2" step="1"/><F94/><REACH who="2" ten="151,319,170,350" step="2"/><W43/><G120/><T126/><D123/><U16/><E71/><V34/><F34/><W1/><G134/><T57/><D122/><U80/><E112/><V95/><F95/><W124/><G124/><T26/><D126/><U92/><E113/><V50/><F50/><W118/><G127/><T52/><D38/><U104/><E92/><V116/><F116/><W79/><G39/><T11/><D36/><U45/><E48/><V78/><F78/><W107/><G79/><T81/><D81/><AGARI ba="0,1" hai="20,22,24,30,33,37,41,46,49,54,58,77,81,84" machi="81" ten="40,1300,0" yaku="1,1,53,0" doraHai="7" doraHaiUra="114" who="2" fromWho="0" sc="151,-13,319,0,170,23,350,0" /><INIT seed="4,0,0,5,3,19" ten="138,319,193,350" oya="0" hai0="67,30,61,103,82,20,14,15,107,46,133,3,12" hai1="86,128,23,7,79,66,58,123,134,126,40,59,91" hai2="44,117,35,94,51,34,26,70,99,63,45,32,95" hai3="124,69,84,41,121,73,17,47,97,106,122,81,49"/><T6/><D133/><U38/><E123/><N who="3" m="47114" /><G124/><T22/><D107/><U109/><E109/><V36/><F117/><W11/><G69/><T85/><D103/><U116/><E116/><V113/><F113/><W0/><G73/><T135/><D135/><U119/><E119/><V132/><F132/><W92/><G106/><T101/><D101/><U60/><E134/><V83/><F83/><W129/><G129/><T21/><D30/><U50/><E38/><V112/><F112/><W5/><G17/><T62/><D3/><U2/><E79/><V31/><F36/><W87/><G81/><T25/><D25/><U131/><E126/><V90/><F63/><N who="0" m="24074" /><D67/><U48/><E58/><V53/><F70/><W125/><G125/><T65/><D65/><U42/><E7/><V111/><F111/><W118/><G118/><T100/><D100/><AGARI ba="0,0" hai="0,5,11,41,47,49,84,87,92,97,100" m="47114" machi="100" ten="30,1000,0" yaku="13,1" doraHai="19" who="3" fromWho="0" sc="138,-10,319,0,193,0,350,10" /><INIT seed="5,0,0,3,2,24" ten="128,319,193,360" oya="1" hai0="133,66,123,131,127,134,12,11,115,108,74,90,121" hai1="55,59,27,97,61,31,60,25,35,81,7,75,101" hai2="72,113,47,95,80,119,14,28,122,65,120,107,1" hai3="17,23,3,106,109,103,40,51,26,98,37,41,13"/><U15/><E7/><V48/><F1/><W68/><G3/><T73/><D66/><U78/><E15/><V64/><F107/><W82/><G109/><T69/><D69/><U5/><E5/><V93/><F119/><W86/><G37/><T63/><D63/><U102/><E97/><V117/><F117/><W20/><G68/><T36/><D36/><U9/><E9/><V99/><F14/><W112/><G112/><T49/><D108/><U91/><E91/><V71/><F71/><W42/><G51/><T4/><D115/><U96/><E96/><V62/><F62/><W84/><REACH who="3" step="1"/><G82/><REACH who="3" ten="128,319,193,350" step="2"/><T94/><D131/><U16/><REACH who="1" step="1"/><E60/><REACH who="1" ten="128,309,193,350" step="2"/><V10/><F113/><W105/><G105/><T53/><D127/><U130/><E130/><V21/><F120/><N who="0" m="46154" /><D134/><U87/><E87/><V39/><F122/><W58/><G58/><N who="0" m="33071" /><D133/><U46/><E46/><V126/><F47/><W52/><G52/><T70/><D70/><U104/><E104/><V124/><F124/><W54/><G54/><T29/><D74/><U116/><E116/><V19/><F72/><W79/><G79/><T30/><D73/><U33/><E33/><V89/><F126/><W18/><AGARI ba="0,2" hai="13,17,18,20,23,26,40,41,42,84,86,98,103,106" machi="18" ten="30,2000,0" yaku="1,1,0,1,53,0" doraHai="24" doraHaiUra="125" who="3" fromWho="3" sc="128,-5,309,-10,193,-5,350,40" /><INIT seed="6,0,0,0,1,31" ten="123,299,188,390" oya="2" hai0="106,49,36,15,22,108,117,110,130,59,100,46,87" hai1="129,44,54,122,33,76,66,77,124,43,41,63,134" hai2="0,132,101,27,79,93,3,26,86,52,118,131,84" hai3="82,135,99,85,10,74,14,56,128,116,111,8,18"/><V34/><F118/><W51/><G74/><T20/><D117/><U21/><E129/><V98/><F131/><W13/><G111/><T32/><D130/><U58/><E134/><V78/><F132/><W19/><G135/><T12/><D36/><U75/><E124/><V23/><F3/><W127/><G127/><T61/><D100/><U72/><E122/><V125/><F0/><W28/><G28/><T89/><D106/><U11/><E33/><V119/><F119/><W4/><G99/><T53/><D110/><U69/><E11/><V47/><F125/><W71/><G71/><T114/><D114/><U105/><E105/><V60/><F34/><W25/><G25/><N who="2" m="9225" /><F23/><N who="0" m="8746" /><D32/><U80/><E21/><V90/><F60/><W109/><G109/><T133/><D133/><U2/><E2/><V95/><F86/><W65/><G116/><T92/><D108/><U6/><E6/><V103/><F101/><W29/><G29/><T9/><D9/><U97/><E97/><V64/><F64/><AGARI ba="0,0" hai="12,15,46,49,53,59,61,64,87,89,92" m="8746" machi="64" ten="30,1000,0" yaku="8,1" doraHai="31" who="0" fromWho="2" sc="123,10,299,0,188,-10,390,0" /><INIT seed="7,0,0,5,1,118" ten="133,299,178,390" oya="3" hai0="95,125,56,44,72,24,107,88,100,3,131,43,67" hai1="104,26,62,106,29,4,2,133,23,14,108,30,128" hai2="68,51,110,81,59,25,78,12,82,93,134,41,135" hai3="97,46,38,63,87,109,119,121,120,19,111,6,27"/><W17/><G119/><T53/><D3/><U69/><E108/><V103/><F110/><N who="3" m="41995" /><G6/><T35/><D72/><U73/><E73/><V99/><F68/><W91/><G97/><T55/><D131/><U33/><E128/><V28/><F12/><W0/><G0/><T49/><D125/><U45/><E133/><N who="2" m="50699" /><F78/><W18/><G63/><T112/><D112/><U50/><E30/><V114/><F114/><W13/><G27/><T98/><D35/><U127/><E127/><V1/><F1/><W34/><G13/><T10/><D24/><U21/><E21/><N who="2" m="15407" /><F59/><W90/><G90/><T39/><D10/><U65/><E23/><V60/><F60/><W66/><G66/><T126/><D126/><U75/><E14/><V105/><F105/><W40/><G34/><T7/><D7/><U115/><E115/><V54/><F54/><W83/><AGARI ba="0,0" hai="17,18,19,38,40,46,83,87,91,120,121" m="41995" machi="83" ten="30,6000,0" yaku="10,1,52,2" doraHai="118" who="3" fromWho="3" sc="133,-20,299,-20,178,-20,390,60" owari="113,-39.0,279,8.0,158,-24.0,450,55.0" /></mjloggm>