<mjloggm ver="2.3"><GO type="41"/><UN n0="%6C%69%6B%65%61%78%65" n1="%E5%B1%B1%E5%81%B4%E7%92%B0%E7%8A%B6" n2="%E3%82%A6%E3%83%AB%E3%83%88%E3%83%A9%E7%AB%8B%E7%9B%B4" n3="%E8%B0%B7%E3%81%8F%E3%82%93" dan="13,15,15,15" rate="1854,1957,2019,1928" sx="M,M,M,M"/><TAIKYOKU oya="0"/><INIT seed="0,0,0,1,4,66" ten="250,250,250,250" oya="0" hai0="122,94,83,49,26,17,54,61,57,97,121,30,12" hai1="71,5,51,120,8,46,53,59,135,123,116,32,56" hai2="113,33,105,96,133,62,79,126,39,20,11,69,112" hai3="3,85,6,125,114,27,22,88,29,70,100,55,108"/><T104/><D104/><U110/><E32/><V134/><F20/><W72/><G114/><T93/><D83/><U19/><E116/><V98/><F11/><W1/><G72/><T87/><D122/><U92/><E135/><N who="2" m="51723" /><F79/><W43/><G6/><T107/><D121/><U130/><E130/><V90/><F90/><W84/><G100/><T50/><D107/><U63/><E19/><V124/><F39/><W35/><G35/><T31/><D87/><U24/><E24/><V44/><F44/><W99/><G43/><T117/><D117/><U52/><E110/><V129/><F33/><W128/><G70/><T15/><D31/><U81/><E81/><V73/><F73/><W7/><G29/><T37/><D37/><U48/><E71/><V101/><F96/><W65/><G99/><T2/><D2/><U102/><E102/><V25/><F25/><W60/><G1/><T103/><D94/><U4/><E92/><V115/><F129/><W91/><G3/><T42/><D30/><U23/><E23/><V10/><F10/><W119/><G22/><T132/><D132/><U38/><E38/><V86/><F86/><W111/><G84/><T89/><D103/><U0/><REACH who="1" step="1"/><E5/><REACH who="1" ten="250,240,250,250" step="2"/><V95/><F95/><W36/><G7/><T75/><D26/><U76/><E76/><V80/><F80/><W68/><G111/><T58/><D75/><U67/><AGARI ba="0,1" hai="0,4,8,46,48,51,52,53,56,59,63,67,120,123" machi="67" ten="20,5200,0" yaku="1,1,0,1,7,1,54,1,53,0" doraHai="66" doraHaiUra="16" who="1" fromWho="1" sc="250,-26,240,62,250,-13,250,-13" /><INIT seed="1,0,0,5,4,3" ten="224,302,237,237" oya="1" hai0="84,127,43,118,24,6,93,32,27,89,125,69,2" hai1="122,48,66,110,87,31,67,7,12,99,133,25,103" hai2="74,135,70,124,62,116,59,121,58,102,39,13,111" hai3="128,96,55,134,53,115,85,95,46,5,33,23,50"/><U42/><E122/><V34/><F13/><W19/><G33/><T15/><D118/><U107/><E133/><V37/><F102/><W94/><G134/><T8/><D69/><U51/><E87/><V78/><F62/><W44/><G128/><T105/><D105/><U98/><E98/><V47/><F47/><W108/><G115/><T92/><D43/><U76/><E76/><V106/><F59/><W17/><G108/><T4/><D32/><U100/><E100/><V86/><F58/><W0/><G85/><T75/><D75/><U90/><E90/><V20/><F20/><W131/><G131/><T65/><D65/><U77/><E77/><V117/><F78/><W28/><G28/><T52/><D93/><U9/><E110/><V10/><F10/><W80/><G80/><T30/><D52/><U63/><E42/><V109/><F39/><W123/><G123/><T11/><D30/><U40/><E40/><V38/><F38/><W81/><G81/><T60/><D60/><U36/><E36/><V29/><F29/><W132/><G132/><T64/><D64/><U112/><E67/><V56/><F56/><W83/><G44/><T14/><D2/><U16/><E66/><V113/><F86/><W114/><G0/><T35/><D35/><N who="1" m="20975" /><E63/><V91/><F91/><W129/><G46/><T21/><D21/><N who="1" m="11399" /><E112/><V120/><F111/><W26/><G114/><T130/><D130/><U88/><E88/><V41/><F120/><W97/><G129/><T71/><D71/><U72/><E72/><V79/><F121/><W45/><G45/><T22/><D22/><RYUUKYOKU ba="0,0" sc="224,15,302,15,237,-15,237,-15" hai0="4,6,8,11,14,15,24,27,84,89,92,125,127" hai1="7,9,48,51,99,103,107" /><INIT seed="1,1,0,2,3,7" ten="239,317,222,222" oya="1" hai0="45,121,56,76,53,3,125,115,60,80,35,109,52" hai1="86,57,85,50,101,71,6,67,30,54,128,83,81" hai2="90,13,111,134,61,58,0,39,79,11,94,4,5" hai3="73,29,127,74,95,41,103,15,18,98,133,12,23"/><U129/><E30/><V135/><F39/><W69/><G69/><T72/><D115/><U110/><E101/><V25/><F79/><W93/><G133/><N who="2" m="50697" /><F25/><W89/><G127/><T91/><D125/><U44/><E110/><V22/><F111/><W97/><G41/><T40/><D109/><U77/><E71/><V1/><F22/><W14/><REACH who="3" step="1"/><G29/><REACH who="3" ten="239,317,222,212" step="2"/><T31/><D121/><U21/><E129/><V78/><F1/><W88/><G88/><T117/><D3/><U123/><E128/><V62/><F78/><W87/><G87/><T46/><D91/><U104/><E86/><V37/><F37/><W75/><AGARI ba="1,1" hai="12,14,15,18,23,73,74,75,89,93,95,97,98,103" machi="75" ten="30,2000,0" yaku="1,1,0,1,53,0" doraHai="7" doraHaiUra="59" who="3" fromWho="3" sc="239,-6,317,-11,222,-6,212,33" /><INIT seed="2,0,0,0,5,39" ten="233,306,216,245" oya="2" hai0="103,109,47,0,65,104,70,23,12,27,115,48,33" hai1="108,64,58,75,1,56,44,36,21,117,74,51,43" hai2="85,19,126,132,100,88,131,4,118,96,57,95,114" hai3="20,62,71,34,18,25,29,72,77,13,116,46,101"/><V83/><F118/><W22/><G116/><T42/><D115/><U66/><E117/><V67/><F114/><W81/><G101/><T107/><D0/><U133/><E1/><V52/><F126/><W129/><G129/><T50/><D109/><U53/><E21/><V84/><F131/><W16/><G46/><T122/><D122/><U106/><E106/><V93/><F132/><W38/><G38/><T54/><D12/><U119/><E119/><V3/><F67/><N who="1" m="25641" /><E74/><V86/><F4/><W102/><G102/><T134/><D134/><U73/><E75/><V49/><F3/><W135/><G135/><T128/><D128/><U5/><E73/><V105/><F105/><W61/><G71/><T87/><D33/><U35/><E35/><V41/><F83/><W123/><G123/><T31/><D65/><U69/><E5/><V11/><F41/><W17/><G17/><T28/><D70/><U90/><E69/><V15/><AGARI ba="0,0" hai="11,15,19,49,52,57,84,85,86,88,93,95,96,100" machi="15" ten="30,11700,0" yaku="0,1,8,1,54,2" doraHai="39" who="2" fromWho="2" sc="233,-39,306,-39,216,117,245,-39" /><INIT seed="2,1,0,4,3,80" ten="194,267,333,206" oya="2" hai0="109,89,23,135,29,51,17,56,52,33,76,59,55" hai1="115,79,45,87,104,90,61,49,117,47,27,105,57" hai2="30,82,34,71,10,15,46,18,102,86,75,9,84" hai3="1,2,22,91,68,130,32,128,113,85,103,134,62"/><V11/><F71/><W35/><G113/><T97/><D109/><U125/><E117/><V13/><F102/><W50/><G103/><T132/><D76/><U124/><E79/><V8/><F75/><W37/><G37/><T73/><D73/><U26/><E115/><V41/><F82/><N who="3" m="49591" /><G50/><T77/><D29/><U21/><E57/><V3/><F3/><N who="3" m="1035" /><G22/><T63/><D33/><U16/><E27/><V131/><F131/><N who="3" m="50219" /><G134/><T19/><D77/><U94/><E61/><V5/><F5/><W4/><G4/><T14/><D19/><U114/><E114/><V100/><F100/><W25/><G25/><T81/><REACH who="0" step="1"/><D97/><REACH who="0" ten="184,267,333,206" step="2"/><U122/><E16/><V121/><F34/><W36/><G36/><T7/><D7/><U60/><E124/><V72/><F30/><W66/><AGARI ba="1,1" hai="32,35,62,66,68" m="50219,1035,49591" machi="66" ten="40,2700,0" yaku="19,1,52,1" doraHai="80" who="3" fromWho="3" sc="184,-8,267,-8,333,-14,206,40" /><INIT seed="3,0,0,0,3,9" ten="176,259,319,246" oya="3" hai0="3,100,115,94,53,119,48,123,46,114,30,89,135" hai1="130,124,55,22,1,69,14,36,98,131,57,59,29" hai2="107,108,39,129,70,54,15,77,79,2,132,34,80" hai3="81,40,126,78,103,120,17,47,11,84,37,134,88"/><W10/><G120/><T110/><D123/><U16/><E1/><V67/><F79/><W21/><G134/><T73/><D135/><U24/><E69/><V113/><F67/><W92/><G103/><T68/><D3/><U41/><E124/><V4/><F54/><W62/><G62/><T8/><D119/><U102/><E41/><V35/><F80/><W86/><REACH who="3" step="1"/><G126/><REACH who="3" ten="176,259,319,236" step="2"/><T87/><D100/><U0/><E102/><V111/><F132/><W90/><G90/><T7/><D68/><U13/><E131/><V96/><F70/><W76/><G76/><T18/><D73/><U58/><E130/><V5/><F77/><W105/><G105/><T91/><D91/><U93/><E59/><V25/><F107/><W56/><G56/><T64/><D115/><U71/><E58/><V52/><F113/><W74/><G74/><T32/><D114/><U20/><E71/><V109/><F129/><W43/><G43/><T95/><D64/><U42/><E42/><V61/><F61/><W116/><G116/><T125/><D125/><U28/><E57/><V101/><F101/><W121/><G121/><T26/><D95/><U23/><E93/><V127/><F127/><W33/><G33/><T122/><D122/><U50/><E55/><V128/><F35/><W97/><G97/><T65/><D65/><U66/><E98/><V112/><F34/><W117/><G117/><T106/><D106/><U6/><E66/><V60/><F112/><W12/><AGARI ba="0,1" hai="10,11,12,17,21,37,40,47,78,81,84,86,88,92" machi="12" ten="20,18000,2" yaku="1,1,0,1,7,1,52,1,54,1,53,1" doraHai="9" doraHaiUra="75" who="3" fromWho="3" sc="176,-60,259,-60,319,-60,236,190" /><INIT seed="3,1,0,0,1,45" ten="116,199,259,426" oya="3" hai0="102,124,73,125,81,1,100,50,9,78,95,91,98" hai1="12,40,35,113,121,60,129,3,72,51,90,16,23" hai2="109,0,61,20,134,104,22,64,49,105,54,6,17" hai3="65,14,87,13,116,39,55,10,132,84,5,62,28"/><W66/><G39/><T34/><D34/><U120/><E35/><V85/><F134/><W48/><G132/><T38/><D38/><U31/><E113/><V25/><F109/><W76/><G28/><T44/><D1/><U19/><E72/><V117/><F117/><W126/><G126/><N who="0" m="48747" /><D9/><U107/><E3/><V27/><F6/><W118/><G118/><T7/><D7/><U115/><E107/><V2/><F0/><W36/><G36/><T88/><D50/><U94/><E115/><V114/><F85/><N who="3" m="32843" /><G76/><T8/><D8/><U82/><E31/><V74/><F74/><W130/><G130/><T123/><D44/><U119/><E119/><V56/><F2/><W99/><G99/><N who="0" m="57831" /><D123/><U59/><E129/><V101/><F114/><W42/><G14/><T53/><D53/><U11/><E120/><V43/><F43/><W58/><G116/><T41/><D41/><U93/><E40/><V110/><F64/><N who="3" m="38999" /><G42/><T79/><D79/><U80/><E12/><V131/><F131/><W96/><G96/><T68/><D68/><U83/><E121/><V47/><F25/><W133/><G133/><T69/><D69/><U103/><E60/><V108/><F61/><W86/><G86/><T112/><D112/><U32/><E32/><V127/><F127/><W111/><G111/><T92/><AGARI ba="1,0" hai="73,78,81,91,92,98,100,102" m="57831,48747" machi="92" ten="30,7900,0" yaku="18,1,34,2,54,1" doraHai="45" who="0" fromWho="0" sc="116,82,199,-21,259,-21,426,-40" /><INIT seed="4,0,0,0,4,18" ten="198,178,238,386" oya="0" hai0="17,2,92,0,49,43,75,22,109,23,101,102,114" hai1="129,61,1,16,45,104,36,116,93,73,79,91,63" hai2="19,31,111,64,70,80,48,56,46,30,69,85,84" hai3="115,10,72,14,132,128,133,6,97,83,15,67,5"/><T127/><D109/><U21/><E116/><V29/><F111/><W100/><G128/><T11/><D75/><U78/><E104/><V68/><F56/><W4/><G67/><T59/><D127/><U38/><E1/><V24/><F64/><W40/><G40/><T39/><D39/><U95/><E129/><V74/><F74/><W110/><G110/><T33/><D33/><U32/><E32/><V120/><F120/><W35/><G35/><T57/><D114/><U3/><E3/><V122/><F122/><W76/><G115/><T9/><D92/><U26/><E95/><V65/><F65/><W113/><G113/><T53/><D43/><U13/><E73/><V42/><F19/><W41/><G41/><T77/><D77/><N who="1" m="29195" /><E45/><V94/><F94/><N who="3" m="58423" /><G10/><T134/><D134/><AGARI ba="0,0" hai="4,5,6,14,15,72,76,83,132,133,134" m="58423" machi="134" ten="30,1000,0" yaku="20,1" doraHai="18" who="3" fromWho="0" sc="198,-10,178,0,238,0,386,10" /><INIT seed="5,0,0,3,5,60" ten="188,178,238,396" oya="1" hai0="12,100,93,132,105,13,87,0,53,2,115,33,116" hai1="108,111,40,20,78,42,103,4,10,18,128,27,88" hai2="31,91,76,9,79,57,133,113,75,8,84,17,30" hai3="120,1,48,51,124,86,81,63,19,11,99,83,95"/><U126/><E126/><V107/><F107/><W131/><G120/><T92/><D116/><U22/><E103/><V82/><F133/><W106/><G106/><T112/><D132/><U65/><E78/><N who="2" m="29739" /><F75/><W23/><G124/><T39/><D39/><U54/><E128/><V89/><F113/><N who="0" m="43594" /><D33/><U101/><E101/><V14/><F9/><W123/><G123/><T66/><D53/><U36/><E36/><V114/><F114/><W69/><G131/><T26/><D26/><U37/><E37/><V94/><F57/><W117/><G117/><T43/><D43/><U104/><E104/><V80/><F80/><W102/><G83/><T44/><D44/><U109/><E54/><V130/><F130/><W21/><G11/><T7/><D87/><AGARI ba="0,0" hai="8,14,17,30,31,82,84,87,89,91,94" m="29739" machi="87" ten="30,1000,0" yaku="8,1" doraHai="60" who="2" fromWho="0" sc="188,-10,178,0,238,10,396,0" /><INIT seed="6,0,0,4,1,21" ten="178,178,248,396" oya="2" hai0="18,75,71,37,107,70,134,34,33,60,132,84,113" hai1="122,30,49,133,11,121,124,102,62,93,89,91,69" hai2="81,59,42,131,135,100,94,80,27,130,16,1,104" hai3="106,88,66,28,24,128,111,46,8,101,56,96,65"/><V116/><F1/><W48/><G111/><T77/><D18/><U87/><E124/><V114/><F104/><W14/><G128/><N who="2" m="49193" /><F116/><W17/><G56/><T120/><D84/><U82/><E133/><N who="0" m="51305" /><D60/><U22/><E102/><V118/><F118/><W98/><G98/><T127/><D120/><N who="1" m="46187" /><E11/><V72/><F72/><W20/><G88/><T51/><D51/><U78/><E49/><V105/><F105/><W47/><G47/><T126/><D107/><U44/><E44/><V79/><F79/><W76/><G76/><T3/><D77/><U74/><E91/><V117/><F117/><W31/><G31/><T54/><D54/><AGARI ba="0,0" hai="8,14,17,20,24,28,46,48,54,65,66,96,101,106" machi="54" ten="30,2000,0" yaku="7,1,52,1" doraHai="21" who="3" fromWho="0" sc="178,-20,178,0,248,0,396,20" /><INIT seed="7,0,0,0,3,10" ten="158,178,248,416" oya="3" hai0="94,8,104,17,129,20,59,77,16,32,91,34,13" hai1="84,21,22,118,115,4,41,24,58,42,93,95,2" hai2="29,56,48,31,113,90,73,0,19,28,66,127,78" hai3="60,27,79,112,57,75,85,33,105,108,80,102,99"/><W11/><G112/><T98/><D104/><U125/><E115/><V14/><F0/><W61/><G108/><T74/><D129/><U83/><E118/><V110/><F110/><W92/><G11/><T6/><D59/><U114/><E114/><V124/><F78/><W76/><G76/><T23/><D74/><U131/><E125/><V44/><F73/><W82/><G57/><T89/><D77/><N who="1" m="46191" /><E2/><V116/><F116/><W52/><G52/><T103/><D34/><U68/><E68/><V64/><F113/><W63/><G82/><T123/><D32/><U62/><E4/><V130/><F90/><N who="3" m="53327" /><G27/><T46/><D46/><U35/><E35/><AGARI ba="0,0" hai="33,35,60,61,63,75,79,80,99,102,105" m="53327" machi="35" ten="30,1500,0" yaku="24,1" doraHai="10" who="3" fromWho="1" sc="158,0,178,-15,248,0,416,15" owari="158,-34.0,163,-24.0,248,5.0,431,53.0" /></mjloggm>