<mjloggm ver="2.3"><GO type="169"/><UN n0="%E6%B5%81%E7%9F%B3%E3%81%AB%E5%83%8D%E3%81%8F" n1="%EF%BC%88%E2%89%A7%E2%96%BD%E2%89%A6%EF%BC%89" n2="%4E%61%4E%61%E2%98%86" n3="%E3%81%B9%E3%81%A3%E3%81%93%E3%83%BC%E2%99%AA" dan="16,17,16,17" rate="2045,2116,2046,2151" sx="M,M,F,F"/><TAIKYOKU oya="0"/><INIT seed="0,0,0,2,4,101" ten="250,250,250,250" oya="0" hai0="96,17,87,109,48,44,63,77,13,120,107,128,135" hai1="89,125,6,66,56,121,23,18,61,97,19,83,28" hai2="38,115,73,111,110,72,52,106,116,34,64,71,86" hai3="124,40,37,45,95,69,22,47,53,11,5,12,68"/><T104/><D120/><U3/><E121/><V27/><F115/><W74/><G74/><T112/><D112/><U31/><E125/><V76/><F38/><W54/><G124/><T122/><D122/><U57/><E3/><V80/><F116/><W15/><G95/><T46/><D135/><U20/><E6/><V108/><F64/><W9/><G22/><N who="1" m="8234" /><E56/><V123/><F71/><W132/><G132/><T130/><D63/><U129/><E129/><N who="0" m="49769" /><D96/><U84/><E97/><V82/><F123/><W50/><REACH who="3" step="1"/><G53/><REACH who="3" ten="250,250,250,240" step="2"/><N who="0" m="29831" /><D109/><U36/><E36/><V75/><F52/><W92/><G92/><T42/><D87/><U119/><E119/><V88/><REACH who="2" step="1"/><F106/><REACH who="2" ten="250,250,240,240" step="2"/><W85/><G85/><T43/><D104/><U62/><E62/><V51/><F51/><W24/><G24/><T29/><D107/><U93/><E93/><V26/><F26/><W58/><G58/><T78/><D46/><U79/><E79/><V133/><F133/><W41/><G41/><T55/><D55/><U32/><E32/><V14/><F14/><W4/><AGARI ba="0,2" hai="4,5,9,11,12,15,37,40,45,47,50,54,68,69" machi="4" ten="20,5200,0" yaku="1,1,0,1,7,1,9,1,53,0" doraHai="101" doraHaiUra="103" who="3" fromWho="3" sc="250,-26,250,-13,240,-13,240,72" /><INIT seed="1,0,0,4,5,114" ten="224,237,227,312" oya="1" hai0="19,0,85,30,92,116,127,6,28,14,122,31,123" hai1="29,67,10,86,121,102,60,96,77,12,63,118,124" hai2="64,7,47,2,25,57,51,82,65,120,58,115,106" hai3="3,41,91,36,9,55,43,79,61,100,117,119,48"/><U33/><E121/><N who="0" m="46089" /><D85/><U59/><E124/><V131/><F120/><W74/><G100/><T35/><D92/><U42/><E118/><N who="3" m="45066" /><G91/><T134/><D127/><U40/><E60/><V4/><F106/><W50/><G36/><T21/><D116/><U104/><E77/><V132/><F82/><N who="3" m="45431" /><G61/><T23/><D134/><U110/><E86/><V62/><F62/><W73/><G73/><T107/><D107/><U125/><E125/><V20/><F51/><N who="3" m="19499" /><G55/><T49/><D49/><U98/><E98/><V53/><F53/><W105/><G105/><T94/><D94/><U1/><E96/><V80/><F80/><W83/><G83/><T78/><D78/><U32/><E102/><V112/><F112/><W90/><G90/><T45/><D45/><U81/><E104/><V39/><F47/><W56/><G56/><T71/><D23/><U69/><E81/><V76/><F39/><W93/><G93/><T130/><D71/><U75/><E69/><V88/><F20/><W27/><G27/><N who="0" m="18943" /><D130/><U22/><E22/><V68/><F131/><W103/><G103/><T97/><D97/><U126/><E126/><V135/><F68/><W46/><G46/><T34/><D34/><U87/><E33/><V24/><F115/><W99/><G99/><T11/><D11/><U15/><BYE who="0" /><E10/><V109/><F76/><W84/><G84/><T111/><D111/><U128/><E87/><V8/><F8/><W101/><G101/><T72/><D72/><U52/><E75/><V89/><F109/><W44/><G44/><T113/><D113/><U18/><E110/><V129/><F129/><RYUUKYOKU ba="0,0" sc="224,10,237,-30,227,10,312,10" hai0="0,6,14,19,21,28,30" hai2="2,4,7,24,25,57,58,64,65,88,89,132,135" hai3="3,9,41,43" /><INIT seed="2,1,0,5,5,44" ten="234,207,237,322" oya="2" hai0="34,15,83,16,48,104,55,53,57,36,91,62,73" hai1="25,7,30,32,132,127,81,97,82,121,113,75,52" hai2="59,46,39,10,77,112,31,98,63,92,109,64,45" hai3="33,67,84,38,100,27,87,101,120,2,43,74,35"/><V86/><F112/><W116/><G74/><T0/><D0/><U29/><E113/><V129/><F39/><W17/><G2/><T18/><D18/><U135/><E127/><V88/><F129/><W70/><G120/><T107/><D107/><U24/><E7/><V54/><F31/><W49/><G70/><T128/><D128/><U123/><E97/><V56/><F10/><UN n0="%E6%B5%81%E7%9F%B3%E3%81%AB%E5%83%8D%E3%81%8F" /><W115/><G67/><T95/><D104/><U26/><E52/><V28/><F28/><N who="1" m="10857" /><E32/><V3/><F3/><W108/><G38/><T89/><D36/><U61/><E61/><V134/><F134/><N who="1" m="51241" /><E75/><V51/><F109/><W80/><G108/><T69/><D34/><U114/><E114/><V78/><F78/><W40/><G115/><T11/><D69/><U12/><E12/><V118/><F118/><W71/><G71/><T124/><D124/><U125/><E125/><V99/><F99/><W23/><G116/><T105/><D105/><U72/><E72/><V133/><F133/><W93/><G35/><T19/><D19/><U94/><E94/><V106/><F106/><W85/><G33/><T50/><D55/><U8/><E8/><V76/><F77/><W37/><G93/><T5/><D5/><U131/><E131/><V68/><F68/><W90/><G100/><T103/><D73/><U42/><E42/><V41/><F41/><N who="3" m="15947" /><G101/><T122/><D103/><U22/><E22/><V65/><F65/><W47/><G37/><T4/><D4/><U14/><E14/><V21/><F21/><W96/><G96/><T20/><D20/><U117/><E117/><V58/><F58/><RYUUKYOKU ba="1,0" sc="234,-30,207,10,237,10,322,10" hai1="24,25,26,81,82,121,123" hai2="45,46,51,54,56,59,63,64,76,86,88,92,98" hai3="17,23,27,47,49,80,84,85,87,90" /><INIT seed="2,2,0,0,2,53" ten="204,217,247,332" oya="2" hai0="66,108,90,27,131,34,73,87,0,107,83,89,22" hai1="99,46,58,77,19,127,31,38,105,114,120,68,116" hai2="74,17,123,18,33,95,40,64,61,135,3,50,65" hai3="23,76,121,15,69,57,43,119,21,72,91,6,9"/><V60/><F123/><W106/><G69/><T128/><D0/><U10/><E116/><V84/><F33/><W110/><G121/><T81/><D34/><U55/><E68/><V62/><F74/><W124/><G106/><T102/><D66/><N who="2" m="25706" /><F3/><W111/><G119/><T20/><D108/><N who="3" m="41513" /><G124/><T41/><D41/><U100/><E120/><V14/><F135/><W130/><G43/><T30/><D20/><N who="3" m="7753" /><G130/><N who="0" m="49707" /><D102/><U32/><E100/><V122/><F122/><W36/><G36/><T24/><D107/><U132/><E105/><V113/><F113/><W42/><G42/><T8/><D8/><U115/><E38/><V13/><F13/><W49/><G91/><T94/><D27/><U133/><E133/><V134/><F14/><W35/><G35/><T85/><D73/><U67/><E32/><V51/><F134/><W59/><G49/><N who="2" m="18441" /><F40/><W79/><G72/><T80/><AGARI ba="2,0" hai="22,24,30,80,81,83,85,87,89,90,94" m="49707" machi="80" ten="30,1100,0" yaku="19,1" doraHai="53" who="0" fromWho="0" sc="204,17,217,-5,247,-7,332,-5" /><INIT seed="3,0,0,4,4,36" ten="221,212,240,327" oya="3" hai0="5,56,95,30,55,57,110,12,45,66,39,91,70" hai1="38,27,21,117,20,112,71,79,83,25,62,74,75" hai2="35,37,123,96,49,22,106,19,31,127,93,109,129" hai3="113,24,48,133,58,84,1,72,121,90,108,118,43"/><W10/><G72/><T54/><D30/><U76/><E112/><V18/><F37/><W64/><G121/><T82/><D82/><U8/><E117/><V103/><F123/><W100/><G100/><T50/><D110/><U32/><E32/><V128/><F109/><W92/><G113/><T33/><D33/><U40/><E8/><V98/><F127/><W89/><G118/><T107/><D107/><U122/><E122/><V73/><F73/><W61/><G133/><T0/><D0/><U125/><E125/><V135/><F35/><W6/><G108/><T34/><D34/><U60/><E38/><V99/><F99/><W63/><G24/><T69/><D12/><U94/><E94/><V23/><F49/><W4/><G4/><T86/><D5/><U15/><E15/><V44/><F44/><W29/><G29/><T134/><D134/><U115/><E115/><V131/><F135/><W102/><G102/><T26/><D26/><U101/><E101/><V130/><N who="2" m="32768" /><DORA hai="119" /><V126/><F126/><W88/><G63/><T80/><D80/><U17/><E71/><V14/><F31/><W104/><G104/><T87/><D87/><U65/><E17/><N who="2" m="10551" /><F23/><W67/><G67/><T120/><D120/><U78/><E65/><V28/><F28/><W41/><G48/><N who="0" m="28943" /><D39/><U46/><E75/><V97/><F97/><W52/><REACH who="3" step="1"/><G64/><REACH who="3" ten="221,212,240,317" step="2"/><T114/><D114/><U51/><E25/><V77/><F18/><W7/><G7/><T105/><D105/><U16/><E62/><V53/><F19/><W13/><G13/><T9/><D9/><U3/><E60/><AGARI ba="0,1" hai="50,55,56,57,60,66,69,70,86,91,95" m="28943" machi="60" ten="30,1000,0" yaku="6,1" doraHai="36,119" who="0" fromWho="1" sc="221,20,212,-10,240,0,317,0" /><INIT seed="4,0,0,3,2,19" ten="241,202,240,317" oya="0" hai0="111,27,130,30,35,2,98,59,17,55,116,8,102" hai1="21,62,114,77,91,128,79,115,99,126,32,78,89" hai2="95,47,118,112,94,1,22,46,131,106,81,82,9" hai3="16,110,44,84,40,83,36,4,15,12,117,37,33"/><T68/><D68/><U49/><E32/><V51/><F106/><W122/><G33/><T61/><D116/><U41/><E128/><V42/><F131/><W23/><G110/><T80/><D130/><U135/><E135/><V29/><F118/><W20/><G117/><T65/><D80/><N who="2" m="30826" /><F112/><N who="1" m="43049" /><E126/><V13/><F1/><W86/><G122/><T70/><D111/><U127/><E127/><V25/><F46/><W132/><G132/><T60/><D17/><AGARI ba="0,0" hai="9,13,17,22,25,29,42,47,51,94,95" m="30826" machi="17" ten="30,2000,0" yaku="8,1,52,1" doraHai="19" who="2" fromWho="0" sc="241,-20,202,0,240,20,317,0" /><INIT seed="5,0,0,4,3,69" ten="221,202,260,317" oya="1" hai0="38,105,40,78,16,118,107,119,116,64,91,61,33" hai1="44,32,29,30,101,2,57,114,9,62,73,18,17" hai2="129,80,48,59,37,89,67,126,104,47,99,58,133" hai3="5,76,124,74,106,20,45,3,50,96,36,110,53"/><U93/><E73/><V43/><F129/><W122/><G122/><T77/><D33/><U25/><E114/><V34/><F34/><W131/><G131/><T83/><D91/><U8/><E30/><V19/><F126/><W125/><G76/><T103/><D78/><U117/><E117/><V0/><F0/><W63/><G74/><T108/><D108/><U49/><E101/><V70/><F133/><W71/><G5/><T65/><D103/><U98/><E98/><V86/><F19/><W97/><G3/><T13/><D65/><U55/><E93/><V75/><F75/><W79/><G79/><T41/><D41/><U85/><E85/><V132/><F132/><W100/><G97/><T6/><D6/><U23/><E2/><V42/><F42/><N who="3" m="22727" /><G20/><T31/><D31/><U127/><E127/><N who="3" m="48714" /><G63/><T87/><D61/><U120/><E120/><V56/><F99/><W35/><G35/><T84/><D84/><U4/><E4/><V68/><F104/><W24/><G24/><T15/><D64/><N who="1" m="38991" /><E32/><V109/><F67/><W121/><G121/><T22/><REACH who="0" step="1"/><D13/><REACH who="0" ten="211,202,260,317" step="2"/><U130/><E130/><V39/><REACH who="2" step="1"/><F109/><REACH who="2" ten="211,202,250,317" step="2"/><W60/><G110/><T28/><D28/><U123/><E123/><V128/><F128/><W10/><G106/><T112/><D112/><U135/><E135/><V1/><F1/><W51/><G96/><T111/><D111/><U11/><AGARI ba="0,2" hai="8,9,11,17,18,23,25,29,44,49,55" m="38991" machi="11" ten="30,1500,0" yaku="8,1" doraHai="69" who="1" fromWho="1" sc="211,-5,202,35,250,-5,317,-5" /><INIT seed="5,1,0,5,5,105" ten="206,237,245,312" oya="1" hai0="59,68,117,116,76,17,23,63,6,128,101,14,55" hai1="2,13,60,81,53,4,41,75,125,108,88,133,58" hai2="28,83,93,57,72,94,30,71,26,121,84,96,92" hai3="106,7,111,124,25,24,10,18,113,122,32,104,66"/><U126/><E2/><V56/><F71/><W42/><G122/><T44/><D101/><U34/><E34/><V80/><F121/><W79/><G111/><T129/><D6/><U29/><E29/><V47/><F47/><W49/><G66/><T8/><D23/><U102/><E102/><V78/><F96/><W90/><G90/><T110/><D110/><U1/><E1/><V114/><F114/><W43/><G32/><T16/><D17/><U37/><E133/><V112/><F112/><W31/><G18/><T99/><D99/><U52/><E108/><V132/><F132/><W70/><G70/><T73/><D44/><N who="1" m="23599" /><E4/><V103/><F103/><W130/><G31/><T98/><D98/><U11/><E11/><V45/><F45/><W107/><G10/><T91/><D91/><U109/><E13/><V50/><F50/><W119/><G49/><T51/><D51/><U65/><E109/><V95/><N who="2" m="23552" /><DORA hai="69" /><V135/><F135/><W15/><G7/><T64/><D64/><U61/><E61/><V85/><F30/><W100/><G15/><T33/><D68/><U36/><E36/><V40/><F40/><W48/><G48/><T39/><D39/><U12/><E12/><V86/><REACH who="2" step="1"/><F83/><REACH who="2" ten="206,237,235,312" step="2"/><W77/><G113/><T9/><D33/><AGARI ba="1,1" hai="26,28,33,56,57,72,78,80,84,85,86" m="23552" machi="33" ten="50,6400,0" yaku="1,1,2,1,52,1,53,0" doraHai="105,69" doraHaiUra="118,62" who="2" fromWho="0" sc="206,-67,237,0,235,77,312,0" /><INIT seed="6,0,0,4,4,88" ten="139,237,312,312" oya="2" hai0="51,100,43,113,67,44,85,48,31,78,103,12,58" hai1="6,94,22,4,47,68,81,105,106,41,120,128,110" hai2="82,21,33,117,32,104,26,79,40,91,121,77,16" hai3="134,46,102,34,23,11,66,35,70,49,96,73,86"/><V8/><F121/><W80/><G73/><T114/><D31/><U28/><E68/><V36/><F117/><W14/><G134/><T123/><D123/><U39/><E120/><V75/><F104/><W90/><G23/><T74/><D74/><U54/><E110/><V59/><F79/><W50/><G50/><T126/><D126/><U64/><E64/><V101/><F101/><W84/><G84/><T124/><D124/><U89/><E128/><V95/><F59/><W17/><G66/><T42/><D67/><U2/><E81/><V69/><F69/><W83/><G83/><T38/><D38/><U93/><E2/><V125/><F125/><W111/><G111/><T52/><D42/><U108/><E108/><V29/><F8/><W13/><G13/><T19/><D114/><U27/><E54/><V56/><F56/><W119/><G119/><T132/><D113/><U60/><E60/><V133/><F133/><W97/><G70/><T1/><D1/><U109/><E109/><V130/><F130/><W3/><G3/><T37/><D37/><U129/><E129/><V10/><F10/><W131/><G131/><T76/><D132/><U30/><E30/><V63/><F63/><W107/><G97/><T127/><D127/><U72/><E72/><V62/><F62/><W5/><G5/><N who="1" m="2154" /><E89/><V71/><F71/><W45/><G45/><T0/><D0/><U15/><E15/><N who="2" m="9375" /><F32/><W57/><G57/><T99/><D85/><U61/><E61/><V65/><F65/><W116/><G116/><T53/><D43/><AGARI ba="0,0" hai="11,14,17,34,35,43,46,49,80,86,90,96,102,107" machi="43" ten="30,1000,0" yaku="7,1" doraHai="88" who="3" fromWho="0" sc="139,-10,237,0,312,0,312,10" /><INIT seed="7,0,0,2,2,63" ten="129,237,312,322" oya="3" hai0="38,6,10,43,2,3,67,75,107,93,111,16,92" hai1="118,73,121,108,25,41,105,78,9,106,0,74,48" hai2="62,1,126,57,96,60,31,84,91,117,61,94,40" hai3="58,80,53,8,4,90,69,27,37,30,32,44,23"/><W28/><G69/><T71/><D111/><U5/><E108/><V19/><F117/><W133/><G133/><T39/><D107/><U128/><E121/><V14/><F1/><W54/><G32/><T45/><D39/><U127/><E118/><V33/><F126/><W12/><G37/><T81/><D2/><U42/><E127/><V29/><F33/><W11/><G11/><T49/><D49/><U120/><E120/><V104/><F40/><W102/><G102/><T86/><D16/><U123/><E123/><V34/><F34/><W17/><G44/><T36/><D36/><U82/><E73/><V68/><F68/><W131/><G131/><T98/><D98/><U77/><E77/><V112/><F112/><W35/><G35/><T50/><D50/><U87/><E74/><V109/><F109/><W70/><G70/><T21/><D21/><U114/><E114/><V26/><F104/><W56/><G90/><T97/><D97/><U113/><E128/><V24/><F57/><N who="3" m="22123" /><G80/><T7/><D7/><U46/><E113/><V134/><F134/><W130/><G130/><T47/><D47/><U100/><E41/><V115/><F115/><W66/><G66/><T52/><D52/><AGARI ba="0,0" hai="4,8,12,17,23,27,28,30,52,53,54" m="22123" machi="52" ten="30,2900,0" yaku="8,1,54,1" doraHai="63" who="3" fromWho="0" sc="129,-29,237,0,312,0,322,29" owari="100,-40.0,237,-16.0,312,11.0,351,45.0" /></mjloggm>