<mjloggm ver="2.3"><GO type="97"/><UN n0="%E3%82%89%E3%83%BC%E3%82%81%E3%82%93" n1="%E3%82%B8%E3%83%A3%E3%83%B3%E3%82%AF" n2="%EF%BC%88%E2%89%A7%E2%96%BD%E2%89%A6%EF%BC%89" n3="%59%75%61%6E%45%2D%5A%4E" dan="14,13,14,15" rate="1963,1845,2050,2178" sx="M,M,M,M"/><TAIKYOKU oya="0"/><INIT seed="0,0,0,4,4,130" ten="250,250,250,250" oya="0" hai0="109,15,122,82,32,25,8,120,77,12,126,76,118" hai1="73,9,7,115,64,33,98,54,94,31,125,20,78" hai2="45,63,119,67,102,80,123,75,93,79,29,49,48" hai3="111,11,83,124,135,91,19,41,55,105,88,18,131"/><T3/><D118/><U97/><E33/><V101/><F123/><W16/><G105/><T30/><D109/><U134/><E125/><V50/><F119/><W34/><G34/><T107/><D107/><U86/><E115/><V37/><F29/><W10/><G124/><T1/><D126/><U99/><E64/><V52/><F37/><W96/><G111/><T116/><D116/><U57/><E73/><V74/><F74/><W112/><G112/><T35/><D82/><U128/><E128/><V60/><F60/><W61/><G41/><T65/><D65/><U59/><E31/><V27/><F27/><W81/><G135/><T70/><D70/><U66/><E20/><V113/><F113/><W121/><G121/><T14/><D77/><U46/><E66/><V104/><F104/><W2/><G2/><N who="0" m="523" /><D76/><U110/><E134/><V71/><REACH who="2" step="1"/><F102/><REACH who="2" step="2"/><W133/><G133/><T117/><D117/><U28/><E28/><V84/><F84/><N who="3" m="50191" /><G131/><T39/><D39/><U47/><E86/><V92/><F92/><N who="3" m="56351" /><G83/><T26/><D122/><U56/><E94/><V103/><F103/><W108/><G108/><T62/><D120/><U106/><E110/><V23/><F23/><W21/><G21/><N who="0" m="15663" /><D62/><U24/><E106/><V53/><F53/><W127/><G127/><T129/><D129/><U4/><E54/><V40/><F40/><W6/><G55/><T114/><D114/><U72/><E72/><V68/><F68/><W58/><G61/><T0/><D26/><U38/><E24/><V22/><F22/><W69/><G69/><T13/><N who="0" m="3584" /><DORA hai="95" /><T5/><AGARI ba="0,1" hai="0,5,8,32,35" m="3584,15663,523" machi="5" ten="50,18000,2" yaku="4,1,35,5" doraHai="130,95" who="0" fromWho="0" sc="250,190,250,-60,240,-60,250,-60" /><INIT seed="0,1,0,1,3,106" ten="440,190,180,190" oya="0" hai0="22,78,65,31,33,37,66,30,90,128,55,134,123" hai1="97,104,73,42,3,72,47,133,124,125,59,94,93" hai2="9,26,111,122,2,69,82,8,126,64,25,27,103" hai3="96,130,43,127,91,61,86,56,83,68,44,17,79"/><T19/><D123/><U41/><E3/><V101/><F122/><W40/><G68/><T32/><D37/><U76/><E76/><V95/><F126/><N who="1" m="48745" /><E59/><V60/><F111/><W6/><G130/><T112/><D112/><U108/><E108/><V50/><F2/><W114/><G114/><T80/><D128/><U92/><E133/><V16/><F82/><W107/><G127/><T81/><D134/><U10/><E10/><V132/><F132/><W58/><G6/><T13/><D90/><U4/><E4/><V62/><F62/><W117/><G117/><T52/><D78/><U24/><E24/><V115/><F115/><W36/><G43/><N who="1" m="16394" /><E47/><V70/><F70/><W71/><G17/><T23/><D19/><U129/><E129/><V49/><F8/><W87/><G71/><T29/><D29/><U63/><E63/><V77/><F77/><W89/><G61/><T100/><D13/><U84/><E84/><V39/><F39/><W85/><G85/><T0/><D0/><U118/><E118/><V54/><F49/><W120/><G120/><T45/><D45/><U110/><E110/><V102/><F9/><W98/><G79/><T5/><D5/><U121/><E121/><V14/><F14/><W28/><G28/><T18/><D18/><U46/><E46/><N who="2" m="27991" /><F16/><W116/><G116/><T15/><D15/><U113/><E113/><V109/><F109/><W21/><G21/><T131/><D131/><U7/><E7/><V119/><F119/><W57/><G107/><T74/><D100/><AGARI ba="1,0" hai="72,73,92,93,94,97,100,104" m="16394,48745" machi="100" ten="40,5200,0" yaku="18,1,52,2" doraHai="106" who="1" fromWho="0" sc="440,-55,190,55,180,0,190,0" /><INIT seed="1,0,0,5,5,25" ten="385,245,180,190" oya="1" hai0="4,92,65,64,59,74,33,48,108,20,34,95,80" hai1="36,127,87,135,128,111,120,77,78,130,90,98,119" hai2="17,105,97,58,51,60,129,134,109,24,23,41,46" hai3="63,106,107,84,99,86,69,16,6,85,83,102,26"/><U88/><E36/><V10/><F109/><W89/><G107/><T29/><D108/><U43/><E111/><V131/><F134/><W19/><G6/><T67/><D4/><U117/><E43/><V35/><F35/><W76/><G89/><N who="1" m="34410" /><E135/><V133/><F133/><W61/><G61/><T13/><D33/><U122/><E127/><V14/><F97/><W9/><G19/><T104/><D104/><U112/><E98/><V121/><F105/><W123/><G123/><N who="1" m="47146" /><E112/><V81/><F81/><W39/><G39/><T100/><D34/><U62/><E62/><V32/><F32/><W28/><G63/><T71/><D71/><U11/><E11/><V45/><F45/><W96/><G69/><T125/><D125/><U1/><E1/><V75/><F75/><W118/><G99/><T31/><D100/><U113/><E113/><V44/><F44/><W73/><G118/><N who="1" m="45066" /><E87/><V91/><F91/><W101/><G101/><T56/><D48/><U3/><E3/><V115/><F115/><W79/><G79/><AGARI ba="0,0" hai="77,78,79,128,130" m="45066,47146,34410" machi="79" ten="40,12000,1" yaku="28,2,34,2,54,1" doraHai="25" who="1" fromWho="3" sc="385,0,245,120,180,0,190,-120" /><INIT seed="1,1,0,3,0,3" ten="385,365,180,70" oya="1" hai0="89,124,32,58,34,21,127,109,130,19,33,30,85" hai1="101,105,71,128,29,82,37,88,94,79,11,70,114" hai2="77,56,115,120,6,99,47,24,134,59,57,1,108" hai3="8,113,129,40,16,23,39,125,60,74,72,45,2"/><U69/><E114/><V131/><F120/><W110/><G113/><T55/><D109/><U5/><E37/><V80/><F115/><W78/><G110/><T15/><D130/><U75/><E29/><V119/><F119/><W63/><G129/><T107/><D107/><U17/><E17/><V93/><F131/><W51/><G125/><N who="0" m="48203" /><D30/><U132/><E132/><V103/><F134/><W68/><G51/><N who="0" m="31103" /><D33/><U28/><E28/><V10/><F108/><W31/><G31/><T91/><D91/><U90/><E128/><V35/><F47/><W54/><G72/><T41/><D41/><U27/><E27/><V4/><F35/><W12/><G68/><T48/><D48/><U13/><REACH who="1" step="1"/><E105/><REACH who="1" step="2"/><V25/><REACH who="2" step="1"/><F4/><REACH who="2" step="2"/><N who="3" m="1047" /><G54/><T96/><D32/><U73/><E73/><AGARI ba="1,2" hai="1,6,10,24,25,56,57,59,73,77,80,93,99,103" machi="73" ten="40,2600,0" yaku="1,1,52,1,53,0" doraHai="3" doraHaiUra="9" who="2" fromWho="1" sc="385,0,355,-29,170,49,70,0" /><INIT seed="2,0,0,0,3,71" ten="385,326,219,70" oya="2" hai0="121,81,115,76,116,35,72,67,38,56,25,17,88" hai1="37,64,62,32,10,29,130,19,102,53,33,48,74" hai2="13,91,113,135,30,122,124,98,51,0,126,49,54" hai3="31,39,43,45,100,77,3,117,41,75,79,52,87"/><V133/><F0/><W1/><G117/><T95/><D121/><U70/><E74/><V36/><F122/><W23/><G75/><T82/><D115/><U80/><E80/><V134/><F113/><W118/><G118/><T97/><D116/><U58/><E102/><V44/><F30/><W125/><G125/><N who="2" m="48233" /><F13/><W86/><G43/><T107/><D82/><U73/><E73/><V101/><F91/><W114/><G114/><T84/><D38/><U120/><E37/><V59/><F36/><W4/><G100/><N who="0" m="62863" /><D35/><U14/><E120/><V26/><F26/><W128/><G128/><T65/><D56/><U108/><E130/><V111/><F111/><W22/><G3/><T63/><D63/><U123/><E123/><V2/><F2/><W92/><G1/><T94/><D94/><U34/><REACH who="1" step="1"/><E108/><REACH who="1" step="2"/><V93/><F135/><W127/><G39/><T109/><D109/><U8/><E8/><V129/><F129/><W55/><G127/><T42/><D42/><AGARI ba="0,1" hai="42,44,49,51,54,59,93,98,101,133,134" m="48233" machi="42" ten="30,1500,0" yaku="18,1" doraHai="71" who="2" fromWho="0" sc="385,-15,316,0,219,25,70,0" /><INIT seed="2,1,0,1,2,63" ten="370,316,244,70" oya="2" hai0="113,83,56,81,25,79,47,72,78,128,67,28,126" hai1="66,107,135,95,27,75,17,5,127,93,121,11,123" hai2="65,49,44,100,22,1,8,60,0,42,105,84,109" hai3="69,6,48,124,134,94,91,77,15,114,12,71,80"/><V39/><F109/><W122/><G122/><N who="1" m="46602" /><E107/><V34/><F34/><W118/><G118/><T88/><D113/><U36/><E36/><V19/><F84/><W24/><G114/><T14/><D128/><U51/><E127/><V129/><F129/><W112/><G112/><T120/><D126/><U76/><E135/><V92/><F105/><W96/><G124/><T2/><D120/><U68/><E51/><V16/><F39/><W115/><G115/><T111/><D2/><N who="1" m="439" /><E27/><V87/><F8/><W125/><G125/><T108/><D47/><U131/><E17/><V35/><F35/><W20/><G6/><T59/><D14/><U54/><E54/><V33/><F33/><W102/><G134/><T30/><D88/><U3/><E3/><V58/><F19/><W98/><G15/><T64/><D25/><U26/><E26/><V101/><F0/><W130/><G12/><T13/><D13/><U61/><E131/><V53/><F1/><W110/><G48/><T23/><D23/><U99/><E99/><N who="2" m="59495" /><F101/><W116/><G130/><T40/><D40/><U32/><E32/><V90/><F22/><W18/><G116/><T7/><D7/><U104/><E104/><V133/><F16/><W103/><G103/><T46/><D46/><U82/><AGARI ba="1,0" hai="61,66,68,75,76,82,93,95" m="439,46602" machi="82" ten="30,2000,0" yaku="13,1,52,1" doraHai="63" who="1" fromWho="1" sc="370,-6,316,23,244,-11,70,-6" /><INIT seed="3,0,0,0,1,70" ten="364,339,233,64" oya="3" hai0="76,102,101,110,129,71,57,63,12,111,126,20,86" hai1="48,52,67,73,5,9,50,53,47,64,19,132,2" hai2="116,100,96,54,85,40,26,95,44,55,80,6,22" hai3="8,13,34,0,131,30,89,68,84,39,123,51,109"/><W120/><G68/><T45/><D129/><U72/><E132/><V35/><F116/><W87/><G0/><T69/><D126/><U10/><E72/><V56/><F35/><W98/><G131/><T17/><D45/><U82/><E82/><V7/><F40/><W28/><G87/><T121/><D121/><U77/><E77/><V16/><F44/><W1/><G1/><T23/><D23/><U107/><E107/><V15/><F15/><W49/><G98/><T93/><D69/><U61/><E73/><V90/><REACH who="2" step="1"/><F54/><REACH who="2" step="2"/><W27/><G30/><T112/><D12/><U78/><E53/><V97/><F97/><W105/><G105/><T92/><D111/><U91/><E47/><V81/><F81/><W119/><G119/><T37/><D110/><U108/><E52/><V114/><F114/><W58/><G109/><T3/><D112/><U14/><E108/><V62/><AGARI ba="0,1" hai="6,7,16,22,26,55,56,62,80,85,90,95,96,100" machi="62" ten="20,8000,1" yaku="1,1,0,1,7,1,8,1,54,1,53,0" doraHai="70" doraHaiUra="115" who="2" fromWho="2" sc="364,-20,339,-20,223,90,64,-40" owari="344,45,319,12,313,-9,24,-48" /></mjloggm>