<mjloggm ver="2.3"><GO type="41"/><UN n0="%E5%A4%AA%E9%99%BD%E3%81%AE%E7%94%B3%E3%81%97%E5%AD%90" n1="%E3%82%A6%E3%83%AB%E3%83%88%E3%83%A9%E7%AB%8B%E7%9B%B4" n2="%E3%82%86%E3%81%B4%E3%81%9F%E3%82%93" n3="%E3%83%92%E3%83%AD%E3%82%B7" dan="14,15,14,14" rate="1917,2012,1920,1967" sx="M,M,F,M"/><TAIKYOKU oya="0"/><INIT seed="0,0,0,4,2,8" ten="250,250,250,250" oya="0" hai0="81,26,29,129,14,28,7,50,131,34,3,62,4" hai1="90,61,76,66,94,134,87,68,23,16,89,18,10" hai2="98,77,99,24,125,70,112,47,135,88,105,72,43" hai3="55,130,71,53,97,42,100,60,36,39,79,38,132"/><T46/><D81/><U86/><E76/><V49/><F112/><W92/><G42/><T57/><D3/><U56/><E134/><V122/><F122/><W44/><G132/><T117/><D117/><U78/><E78/><V108/><F70/><W65/><G79/><T116/><D116/><U59/><E10/><V133/><F108/><W52/><G44/><T22/><D4/><U41/><E41/><V30/><F77/><W58/><REACH who="3" step="1"/><G130/><REACH who="3" ten="250,250,250,240" step="2"/><T114/><D114/><U118/><E118/><V95/><F72/><W35/><G35/><T5/><D131/><U104/><E104/><V51/><F125/><W17/><G17/><T40/><D129/><U37/><E37/><V128/><F128/><W73/><G73/><T64/><D29/><U121/><E121/><V48/><F135/><W11/><G11/><T67/><D34/><U101/><E101/><V27/><F133/><W127/><G127/><T12/><D7/><U84/><E18/><V91/><F47/><W123/><G123/><T85/><D5/><U110/><E89/><V21/><F43/><W20/><G20/><T45/><D46/><U115/><E115/><V32/><F105/><W124/><G124/><T83/><D67/><U33/><E33/><V80/><F32/><W0/><G0/><T19/><D28/><U1/><E1/><V109/><F109/><W9/><G9/><T13/><D26/><U74/><E74/><V111/><F111/><W126/><G126/><T102/><D102/><U2/><E2/><V103/><F27/><W75/><G75/><T107/><D107/><U106/><E106/><RYUUKYOKU ba="0,1" sc="250,15,250,-15,250,-15,240,15" hai0="12,13,14,19,22,40,45,50,57,62,64,83,85" hai3="36,38,39,52,53,55,58,60,65,71,92,97,100" /><INIT seed="0,1,1,4,0,95" ten="265,235,235,255" oya="0" hai0="63,2,108,49,89,92,52,30,56,67,82,3,37" hai1="57,68,14,133,22,97,9,32,5,50,43,114,121" hai2="129,24,53,31,100,96,127,98,85,19,135,83,73" hai3="112,8,75,84,29,102,7,11,122,69,17,106,77"/><T59/><D37/><U134/><E32/><V99/><F73/><W87/><G69/><T93/><D108/><U36/><E68/><V10/><F129/><W45/><G112/><T64/><D30/><U119/><E121/><V86/><F135/><N who="1" m="51721" /><E119/><V116/><F127/><W118/><G118/><T70/><D82/><U90/><E114/><V66/><F116/><W39/><G29/><T1/><D92/><N who="1" m="56471" /><E36/><V80/><F66/><W130/><G130/><T21/><D21/><U20/><E57/><V104/><F53/><W47/><G39/><T65/><REACH who="0" step="1"/><D70/><REACH who="0" ten="255,235,235,255" step="2"/><U78/><E78/><V46/><F46/><AGARI ba="1,2" hai="5,9,14,20,22,43,46,50" m="56471,51721" machi="46" ten="30,2000,0" yaku="20,1,52,1" doraHai="95" who="1" fromWho="2" sc="255,0,235,43,235,-23,255,0" /><INIT seed="1,0,0,1,2,117" ten="255,278,212,255" oya="1" hai0="10,41,114,38,6,103,21,20,22,125,82,14,39" hai1="34,74,85,11,49,130,24,1,13,5,56,12,120" hai2="71,92,83,43,135,23,64,45,16,29,99,30,124" hai3="79,15,78,73,66,60,121,115,110,87,106,3,97"/><U94/><E74/><V40/><F135/><W116/><G3/><T113/><D114/><U123/><E94/><V133/><F124/><W76/><G115/><T33/><D113/><U90/><E85/><V111/><F133/><W58/><G110/><T2/><D33/><U55/><E90/><V50/><F111/><W88/><G73/><T93/><D125/><U52/><E130/><V63/><F43/><W7/><G116/><T68/><D68/><U95/><E95/><V134/><F83/><W102/><G121/><T91/><D2/><U44/><E24/><V25/><REACH who="2" step="1"/><F134/><REACH who="2" ten="255,278,202,255" step="2"/><W46/><G46/><T127/><D127/><U59/><E34/><V48/><F48/><W4/><REACH who="3" step="1"/><G15/><REACH who="3" ten="255,278,202,245" step="2"/><T118/><D14/><U67/><E13/><V27/><F27/><W62/><G62/><T98/><D39/><U81/><E1/><V54/><F54/><W28/><G28/><T122/><D38/><U53/><E67/><V47/><F47/><W80/><AGARI ba="0,2" hai="4,7,58,60,66,76,78,79,80,87,88,97,102,106" machi="80" ten="30,4000,0" yaku="1,1,0,1,54,1,53,0" doraHai="117" doraHaiUra="109" who="3" fromWho="3" sc="255,-10,278,-20,202,-10,245,60" /><INIT seed="2,0,0,0,4,85" ten="245,258,192,305" oya="2" hai0="66,94,116,96,54,31,24,110,52,112,95,42,127" hai1="22,89,128,124,11,103,28,111,86,60,99,2,40" hai2="35,65,1,135,64,49,19,90,101,12,71,91,97" hai3="5,38,123,114,20,0,55,134,41,4,69,23,129"/><V7/><F35/><W18/><G123/><T81/><D112/><U32/><E32/><V72/><F72/><W132/><G69/><T53/><D116/><U80/><E124/><V125/><F125/><W100/><G114/><T117/><D117/><U126/><E126/><V104/><F135/><W78/><G129/><T62/><D127/><U34/><E34/><V30/><F30/><W107/><G78/><T13/><D110/><U92/><E111/><V10/><F65/><W68/><G68/><T46/><D81/><U118/><E118/><V47/><F64/><W25/><G41/><T14/><D95/><U29/><E128/><V56/><F56/><W88/><G38/><T26/><D46/><U75/><E40/><V130/><F130/><W45/><G100/><T16/><D14/><U106/><E60/><V115/><F71/><W76/><G107/><T120/><D42/><U63/><E63/><V59/><F59/><W57/><G76/><T44/><D44/><U51/><E51/><V50/><F115/><W131/><G45/><T37/><D31/><U43/><E43/><V17/><F17/><W61/><G131/><T119/><D37/><U27/><E29/><V98/><F98/><W77/><G77/><T67/><D120/><U83/><REACH who="1" step="1"/><E75/><REACH who="1" ten="245,248,192,305" step="2"/><V108/><F108/><W9/><G132/><T6/><D119/><U39/><E39/><V102/><F102/><W33/><G33/><T36/><D36/><U3/><E3/><V79/><F79/><W122/><G0/><T58/><D67/><U8/><E8/><N who="2" m="6535" /><F50/><W105/><G134/><T21/><D6/><AGARI ba="0,1" hai="2,6,11,22,27,28,80,83,86,89,92,99,103,106" machi="6" ten="40,5200,0" yaku="1,1,6,1,52,1,53,0" doraHai="85" doraHaiUra="73" who="1" fromWho="0" sc="245,-52,248,62,192,0,305,0" /><INIT seed="3,0,0,3,5,117" ten="193,310,192,305" oya="3" hai0="127,27,11,6,43,105,81,83,25,80,103,57,52" hai1="66,84,72,98,28,42,22,16,134,13,38,48,9" hai2="0,12,29,2,118,131,56,7,23,121,104,65,18" hai3="59,4,8,96,24,60,128,93,100,123,15,45,112"/><W34/><G112/><T50/><D127/><U97/><E72/><V110/><F104/><W130/><G45/><T76/><D76/><U94/><E38/><V106/><F106/><W111/><G111/><T44/><D105/><U31/><E134/><V58/><F110/><W14/><G15/><T79/><D103/><U62/><E84/><V40/><F40/><W55/><G123/><T33/><D33/><U53/><E42/><V86/><F118/><W122/><REACH who="3" step="1"/><G122/><REACH who="3" ten="193,310,192,295" step="2"/><T26/><D79/><U75/><E9/><V64/><F121/><W41/><G41/><T39/><REACH who="0" step="1"/><D27/><REACH who="0" ten="183,310,192,295" step="2"/><U77/><E75/><V114/><F114/><W116/><G116/><T35/><D35/><U119/><E119/><V107/><F131/><W133/><G133/><T90/><D90/><U54/><E77/><V132/><F132/><W49/><G49/><T102/><D102/><U101/><E48/><V17/><F12/><AGARI ba="0,2" hai="6,11,12,25,26,39,43,44,50,52,57,80,81,83" machi="12" ten="40,2600,0" yaku="1,1,54,1,53,0" doraHai="117" doraHaiUra="32" who="0" fromWho="2" sc="183,46,310,0,192,-26,295,0" /><INIT seed="4,0,0,4,5,70" ten="229,310,166,295" oya="0" hai0="65,73,32,29,84,44,8,27,15,47,42,25,99" hai1="76,128,38,110,14,91,53,40,103,134,68,57,7" hai2="105,49,112,131,95,132,118,21,67,62,55,61,13" hai3="9,119,108,36,123,16,106,63,66,98,124,107,86"/><T75/><D47/><N who="1" m="23959" /><E91/><V6/><F105/><W122/><G119/><T5/><D65/><U109/><E14/><V18/><F118/><W71/><G108/><T85/><D99/><U17/><E17/><V30/><F112/><W81/><G36/><T69/><D69/><U116/><E7/><V125/><F131/><W20/><G9/><T96/><D96/><U79/><E79/><V52/><F132/><W94/><G124/><T3/><D27/><U115/><E76/><V101/><F125/><W129/><G129/><T120/><D120/><U117/><E103/><V100/><F95/><W51/><G51/><T90/><D3/><U93/><E93/><V64/><F30/><W111/><G111/><N who="1" m="42506" /><E128/><V114/><F114/><W54/><G54/><N who="2" m="20521" /><F6/><W35/><G35/><T133/><D133/><U104/><E104/><V26/><F49/><W11/><G11/><T45/><D45/><U50/><E115/><V130/><F130/><W0/><G0/><T22/><D32/><U97/><E97/><V59/><F26/><W87/><G81/><T1/><D1/><U24/><E24/><V113/><F113/><W77/><G77/><T88/><D85/><U23/><E134/><V72/><F72/><N who="0" m="27722" /><D84/><U74/><E74/><V89/><F89/><N who="3" m="55631" /><G107/><T39/><D90/><U60/><E23/><V46/><F46/><W33/><G33/><T31/><D88/><U4/><E4/><V56/><AGARI ba="0,0" hai="13,18,21,56,59,61,62,64,67,100,101" m="20521" machi="56" ten="30,2000,0" yaku="8,1,54,1" doraHai="70" who="2" fromWho="2" sc="229,-10,310,-5,166,20,295,-5" /><INIT seed="5,0,0,3,4,56" ten="219,305,186,290" oya="1" hai0="83,113,102,131,125,59,132,130,108,92,53,106,43" hai1="38,6,120,26,67,98,95,29,134,73,54,16,94" hai2="119,9,116,88,0,97,27,41,7,81,10,5,28" hai3="107,109,123,13,66,47,37,90,24,50,36,2,126"/><U105/><E120/><V3/><F41/><W45/><G2/><T118/><D108/><U48/><E38/><V101/><F81/><W85/><G107/><T15/><D15/><U34/><E134/><V64/><F64/><W70/><G123/><T40/><D92/><U18/><E73/><V55/><F55/><W21/><G13/><T14/><D14/><U65/><E6/><V78/><F78/><W104/><G104/><T39/><D83/><U42/><E42/><N who="0" m="15913" /><D102/><U99/><E105/><V71/><F71/><W22/><G50/><T76/><D76/><U74/><E74/><V12/><F12/><W23/><G109/><T63/><D106/><U77/><E77/><V121/><F121/><W117/><G24/><T32/><D32/><U17/><E95/><V25/><F25/><W4/><G4/><T115/><D39/><U128/><E128/><N who="0" m="49193" /><D132/><U35/><E35/><V11/><F11/><W31/><G37/><T68/><D68/><U89/><REACH who="1" step="1"/><E99/><REACH who="1" ten="219,295,186,290" step="2"/><V33/><F101/><W111/><G36/><T127/><D118/><U1/><E1/><V114/><F114/><AGARI ba="0,1" hai="53,59,63,113,114,115,125,127" m="49193,15913" machi="114" ten="40,8000,1" yaku="15,1,19,1,34,2,52,1" doraHai="56" who="0" fromWho="2" sc="219,90,295,0,186,-80,290,0" /><INIT seed="6,0,0,5,2,10" ten="309,295,106,290" oya="2" hai0="22,72,36,99,97,52,30,29,90,25,100,1,38" hai1="91,105,121,133,80,88,77,126,8,74,46,47,76" hai2="2,134,95,4,69,67,20,128,110,21,127,26,19" hai3="130,119,66,9,6,87,75,113,42,12,124,115,102"/><V54/><F69/><W41/><G75/><T92/><D72/><U31/><E105/><V94/><F67/><W56/><G119/><T96/><D1/><U106/><E106/><V114/><F114/><N who="3" m="43531" /><G130/><T85/><D30/><U14/><E121/><V112/><F128/><W32/><G32/><T34/><D34/><U84/><E126/><V117/><F112/><W50/><G102/><T79/><D79/><N who="1" m="30283" /><E74/><V103/><F117/><W125/><G87/><T53/><REACH who="0" step="1"/><D100/><REACH who="0" ten="299,295,106,290" step="2"/><U61/><E31/><V63/><F103/><W58/><G125/><T71/><D71/><U27/><E133/><V18/><F127/><W33/><G33/><T78/><D78/><U82/><E91/><V62/><F134/><W104/><G124/><T86/><D86/><U108/><E108/><V49/><F110/><W93/><G104/><T23/><D23/><U70/><E70/><V83/><F2/><W43/><G93/><N who="2" m="35337" /><F4/><W116/><G116/><T111/><D111/><U11/><E82/><V132/><F132/><W7/><G7/><T64/><D64/><U101/><E101/><V123/><F83/><W131/><G131/><T37/><AGARI ba="0,1" hai="22,25,29,36,37,38,52,53,85,90,92,96,97,99" machi="37" ten="40,5200,0" yaku="1,1,0,1,54,1,53,0" doraHai="10" doraHaiUra="118" who="0" fromWho="0" sc="299,62,295,-13,106,-26,290,-13" /><INIT seed="7,0,0,4,0,96" ten="361,282,80,277" oya="3" hai0="28,106,104,6,10,38,27,105,100,135,20,53,26" hai1="55,21,30,61,57,91,87,69,44,25,15,42,83" hai2="93,103,133,3,85,47,125,13,130,89,58,9,62" hai3="111,17,24,65,22,122,119,32,46,50,78,127,31"/><W108/><G122/><T101/><D38/><U70/><REACH who="1" step="1"/><E15/><REACH who="1" ten="361,272,80,277" step="2"/><V131/><F3/><W124/><G119/><T94/><D135/><U77/><E77/><V64/><F133/><W76/><G65/><T116/><D116/><U90/><E90/><V115/><F115/><W4/><G4/><T95/><D27/><U82/><E82/><V11/><F125/><N who="3" m="48203" /><G78/><T80/><D80/><U102/><E102/><V123/><F123/><W88/><G76/><T98/><D53/><U134/><E134/><V117/><F117/><W56/><G88/><T39/><D39/><AGARI ba="0,1" hai="21,25,30,39,42,44,55,57,61,69,70,83,87,91" machi="39" ten="30,7700,0" yaku="21,2,7,1,53,1" doraHai="96" doraHaiUra="43" who="1" fromWho="0" sc="361,-77,272,87,80,0,277,0" owari="284,8.0,359,46.0,80,-42.0,277,-12.0" /></mjloggm>