<mjloggm ver="2.3"><GO type="41"/><UN n0="%E3%82%A6%E3%83%AB%E3%83%88%E3%83%A9%E7%AB%8B%E7%9B%B4" n1="%6F%6F%62%61" n2="%E3%81%99%E3%82%8F%E3%81%9F%E3%82%8D%E3%81%86" n3="%6F%74%6F%72%68%69%6E%6F" dan="15,14,13,13" rate="1989,2161,1849,1825" sx="M,M,M,M"/><TAIKYOKU oya="0"/><INIT seed="0,0,0,5,5,33" ten="250,250,250,250" oya="0" hai0="81,46,73,86,131,129,93,123,50,52,44,34,107" hai1="104,115,60,26,0,116,30,83,15,71,85,109,53" hai2="105,121,57,31,80,126,13,75,24,14,12,88,106" hai3="95,45,9,8,38,90,63,132,70,72,112,62,120"/><T130/><D107/><U114/><E116/><V23/><F121/><W78/><G112/><N who="1" m="43050" /><E109/><V101/><F101/><W102/><G120/><T110/><D123/><U27/><E104/><V117/><F117/><W2/><G132/><T127/><D110/><U96/><E96/><V113/><F113/><W119/><G119/><T66/><D34/><U77/><E30/><V19/><F126/><W43/><G102/><T21/><D127/><U25/><E15/><V32/><F106/><W18/><G70/><T40/><D21/><U89/><E53/><V69/><F69/><W87/><G18/><T4/><D4/><U76/><E0/><V84/><F105/><W135/><G135/><T51/><D66/><AGARI ba="0,0" hai="25,26,27,60,66,71,76,77,83,85,89" m="43050" machi="66" ten="30,1000,0" yaku="11,1" doraHai="33" who="1" fromWho="0" sc="250,-10,250,10,250,0,250,0" /><INIT seed="1,0,0,5,2,17" ten="240,260,250,250" oya="1" hai0="82,29,124,37,46,122,64,40,16,27,45,26,39" hai1="86,120,28,73,74,112,1,33,3,128,5,44,68" hai2="103,106,132,118,101,117,11,18,48,14,65,15,20" hai3="95,129,47,36,77,109,107,51,92,22,127,91,9"/><U38/><E112/><V113/><F113/><W123/><G123/><T116/><D116/><U24/><E120/><V23/><F132/><W25/><G107/><T105/><D122/><U126/><E86/><V4/><F106/><W104/><G104/><T79/><D105/><U110/><E126/><V89/><F118/><W53/><G127/><T42/><D124/><U96/><E128/><V13/><F117/><W72/><G129/><T2/><D2/><N who="1" m="523" /><E96/><V84/><F65/><W31/><G109/><T62/><D29/><U0/><E110/><V93/><F48/><W88/><G36/><T81/><D79/><U115/><E115/><V99/><F103/><W19/><G72/><T34/><D34/><U59/><E59/><V108/><F108/><W76/><G91/><T49/><D49/><U35/><E35/><V52/><F52/><W71/><G71/><T6/><D6/><U100/><E100/><V133/><F133/><W83/><G83/><T69/><D26/><U50/><E50/><V32/><F32/><W97/><G95/><T61/><D61/><U125/><E68/><V58/><F58/><W114/><G114/><T85/><D85/><U70/><E70/><V41/><F41/><W54/><G54/><T7/><D7/><U94/><E94/><N who="2" m="58615" /><F14/><AGARI ba="0,0" hai="9,14,19,22,25,31,47,51,53,76,77,88,92,97" machi="14" ten="40,5200,0" yaku="8,1,52,1,54,1" doraHai="17" who="3" fromWho="2" sc="240,0,260,0,250,-52,250,52" /><INIT seed="2,0,0,0,0,128" ten="240,260,198,302" oya="2" hai0="38,108,89,17,92,107,57,71,44,103,109,5,94" hai1="29,25,53,9,31,3,83,98,125,68,130,55,65" hai2="79,46,43,66,110,69,87,78,113,40,47,129,8" hai3="76,41,4,34,50,85,16,23,67,0,14,10,24"/><V13/><F113/><W118/><G67/><T86/><D71/><U81/><E130/><V126/><F129/><W33/><G76/><T37/><D5/><U123/><E125/><V77/><F126/><W95/><G85/><T56/><D107/><U133/><E123/><V6/><F110/><N who="0" m="42602" /><D17/><U73/><E98/><V114/><F114/><W61/><G61/><T21/><D21/><U82/><E73/><V91/><F66/><W127/><G95/><N who="0" m="36395" /><D103/><U58/><E68/><V64/><F64/><W49/><G127/><T93/><D44/><U121/><E121/><V119/><F119/><W134/><G41/><N who="2" m="15945" /><F69/><W60/><G60/><T111/><N who="0" m="42610" /><T132/><DORA hai="84" /><D132/><U96/><E96/><V102/><F102/><W105/><G105/><T15/><D15/><U135/><E65/><V80/><AGARI ba="0,0" hai="6,8,13,46,47,77,78,79,80,87,91" m="15945" machi="80" ten="30,3000,0" yaku="8,1,52,1" doraHai="128,84" who="2" fromWho="2" sc="240,-10,260,-10,198,30,302,-10" /><INIT seed="2,1,0,0,4,101" ten="230,250,228,292" oya="2" hai0="44,127,84,103,72,22,88,108,38,122,17,4,3" hai1="41,75,7,49,83,16,45,66,74,82,39,26,77" hai2="91,100,105,60,117,57,134,109,25,86,63,23,27" hai3="42,107,65,76,121,61,70,79,58,47,119,99,73"/><V37/><F117/><W11/><G119/><T1/><D122/><U116/><E116/><V114/><F114/><W81/><G121/><T94/><D127/><U31/><E66/><V67/><F37/><W6/><G79/><T51/><D108/><U113/><E113/><V0/><F0/><W46/><G58/><T123/><D123/><U135/><E135/><V59/><F134/><W78/><G78/><T98/><D4/><U33/><E7/><V69/><F109/><W93/><G93/><T56/><D56/><U129/><E82/><V132/><F132/><W34/><G34/><T2/><D38/><U102/><E39/><V62/><F27/><W43/><G43/><T95/><D72/><U21/><E102/><V96/><F69/><W18/><G18/><T128/><D128/><U87/><REACH who="1" step="1"/><E129/><REACH who="1" step="2"/><V5/><F5/><W104/><G6/><T133/><D133/><U110/><E110/><V8/><F67/><W89/><G65/><T14/><REACH who="0" step="1"/><D2/><REACH who="0" step="2"/><U120/><E120/><V35/><F35/><W68/><G70/><T126/><D126/><U32/><E32/><V20/><F8/><W106/><G68/><T92/><D92/><U28/><E28/><V12/><F12/><AGARI ba="1,2" hai="12,16,21,26,31,33,41,45,49,74,75,77,83,87" machi="12" ten="30,7700,0" yaku="1,1,7,1,54,1,53,1" doraHai="101" doraHaiUra="9" who="1" fromWho="2" sc="220,0,240,100,228,-80,292,0" /><INIT seed="3,0,0,1,4,97" ten="220,340,148,292" oya="3" hai0="9,88,93,73,60,39,12,25,3,125,105,78,40" hai1="50,123,4,122,49,71,55,66,57,43,124,68,19" hai2="56,7,104,110,101,131,23,34,81,36,26,17,129" hai3="5,94,84,76,103,24,42,22,14,135,116,130,11"/><W13/><G116/><T115/><D115/><U112/><E4/><V35/><F36/><W30/><G130/><T2/><D125/><U67/><E19/><V121/><F7/><W45/><G135/><T127/><D127/><U91/><E91/><V6/><F6/><W96/><G76/><T47/><D105/><U27/><E27/><V21/><F110/><W107/><G107/><T1/><D25/><U72/><E72/><V52/><F81/><W69/><G69/><N who="1" m="26698" /><E124/><V132/><F132/><W113/><G113/><T64/><D78/><U134/><E134/><V28/><F121/><N who="1" m="46089" /><E112/><V37/><F37/><W128/><G128/><N who="2" m="49225" /><F23/><W54/><G54/><T92/><D73/><U114/><E114/><V15/><F15/><W87/><G14/><T48/><D39/><AGARI ba="0,0" hai="5,11,13,22,24,30,39,42,45,84,87,94,96,103" machi="39" ten="30,2900,0" yaku="7,1,52,1" doraHai="97" who="3" fromWho="0" sc="220,-29,340,0,148,0,292,29" /><INIT seed="3,1,0,2,5,60" ten="191,340,148,321" oya="3" hai0="82,78,39,100,89,111,52,61,30,58,130,35,14" hai1="25,118,127,49,95,6,53,17,132,105,104,126,63" hai2="135,43,68,108,131,106,92,19,114,85,80,12,41" hai3="110,36,122,134,46,5,94,24,67,76,0,116,45"/><W62/><G116/><T3/><D3/><U7/><E118/><V81/><F114/><W70/><G122/><T34/><D130/><U32/><E132/><V117/><F135/><W31/><G134/><T102/><D111/><U64/><E95/><V21/><F108/><W54/><G110/><T87/><D39/><U15/><E104/><V37/><F117/><W59/><G76/><T88/><D35/><U107/><E107/><V96/><F106/><W23/><G5/><T57/><D30/><U66/><E105/><V83/><F131/><W1/><G94/><T4/><D34/><U91/><E91/><N who="0" m="34889" /><D4/><N who="1" m="1579" /><E63/><V86/><F68/><W115/><G115/><T51/><D14/><U103/><E103/><V42/><REACH who="2" step="1"/><F37/><REACH who="2" step="2"/><W22/><G36/><T10/><D10/><N who="1" m="6391" /><E32/><V99/><F99/><W55/><G70/><T119/><D119/><U120/><E120/><V123/><F123/><W71/><G71/><T93/><D93/><U125/><E25/><V124/><F124/><W26/><G1/><T44/><D58/><AGARI ba="1,1" hai="49,53,58,64,66,125,126,127" m="6391,1579" machi="58" ten="30,3900,0" yaku="18,1,52,2" doraHai="60" who="1" fromWho="0" sc="191,-42,340,52,138,0,321,0" /><INIT seed="4,0,0,4,2,14" ten="149,392,138,321" oya="0" hai0="47,95,57,116,126,58,52,76,56,49,127,17,59" hai1="75,33,120,114,96,41,128,40,3,121,108,64,102" hai2="85,31,68,125,26,39,103,67,131,69,10,110,104" hai3="48,30,90,0,42,28,35,89,27,80,53,70,77"/><T107/><D107/><U134/><E64/><V106/><F110/><W99/><G70/><T109/><D116/><U55/><E55/><V130/><F85/><W117/><G117/><T61/><D109/><U118/><E96/><V6/><F39/><W44/><G0/><T115/><D76/><U135/><E41/><V15/><F125/><N who="0" m="47626" /><D95/><U45/><E102/><V34/><F68/><W29/><G89/><T21/><D115/><U65/><E65/><V20/><F20/><W98/><G42/><N who="0" m="24823" /><D57/><U111/><E45/><V83/><F83/><W37/><G35/><T74/><D74/><U94/><E94/><V129/><F103/><W32/><G32/><T88/><D88/><U22/><E40/><V9/><REACH who="2" step="1"/><F10/><REACH who="2" step="2"/><W8/><G8/><T87/><D87/><U81/><E81/><V123/><F123/><W133/><G80/><T51/><D61/><AGARI ba="0,1" hai="6,9,15,26,31,34,61,67,69,104,106,129,130,131" machi="61" ten="40,2600,0" yaku="1,1,19,1,53,0" doraHai="14" doraHaiUra="73" who="2" fromWho="0" sc="149,-26,392,0,128,36,321,0" /><INIT seed="5,0,0,2,1,90" ten="123,392,164,321" oya="1" hai0="123,93,0,20,119,84,11,5,1,35,86,135,106" hai1="43,64,134,129,9,7,111,66,107,30,130,22,29" hai2="118,82,57,27,67,28,133,3,40,95,21,98,39" hai3="69,101,13,79,117,8,97,88,59,60,15,10,62"/><U47/><E107/><V56/><F118/><W132/><G117/><T127/><D106/><U89/><E134/><V25/><F133/><W91/><G69/><T17/><D119/><U50/><E111/><V44/><F3/><W110/><G132/><T38/><D135/><U105/><E105/><V102/><F67/><N who="1" m="25641" /><E22/><V71/><F71/><W81/><G110/><T114/><D38/><U34/><E34/><V58/><F82/><W131/><G131/><N who="1" m="50186" /><E89/><V48/><REACH who="2" step="1"/><F25/><REACH who="2" step="2"/><W99/><G81/><T63/><D1/><AGARI ba="0,1" hai="1,7,9,29,30,43,47,50" m="50186,25641" machi="1" ten="30,1500,0" yaku="19,1" doraHai="90" who="1" fromWho="0" sc="123,-15,392,25,154,0,321,0" /><INIT seed="5,1,0,5,2,64" ten="108,417,154,321" oya="1" hai0="9,88,37,116,58,112,123,31,75,2,25,59,38" hai1="109,79,1,39,98,85,33,51,89,62,84,101,80" hai2="60,119,6,81,102,87,96,68,54,49,4,134,7" hai3="40,43,3,107,44,132,70,65,48,83,56,86,103"/><U115/><E39/><V99/><F119/><W55/><G3/><T11/><D116/><U13/><E1/><V30/><F30/><W120/><G103/><T27/><D2/><U67/><E33/><V94/><F134/><W34/><G107/><T53/><D31/><U21/><E115/><V130/><F130/><W0/><G0/><T74/><D53/><U114/><E114/><V19/><F19/><W127/><G34/><T18/><D112/><U28/><E51/><V73/><F73/><W117/><G86/><T32/><D18/><U82/><E109/><V66/><F99/><W61/><G83/><T121/><D32/><U124/><E13/><V128/><F128/><W52/><G117/><T23/><D23/><U125/><E21/><V93/><F94/><W105/><G105/><T8/><D8/><U78/><E28/><V100/><F100/><W71/><G120/><T57/><D57/><U24/><E24/><V42/><F42/><N who="3" m="15915" /><G132/><T92/><D92/><N who="1" m="58567" /><E67/><V17/><F17/><W36/><G127/><N who="1" m="48714" /><E62/><V26/><F26/><W50/><G36/><T47/><D47/><AGARI ba="1,0" hai="44,47,48,50,52,55,56,61,65,70,71" m="15915" machi="47" ten="30,16000,3" yaku="35,5,52,2,54,1" doraHai="64" who="3" fromWho="0" sc="108,-163,417,0,154,0,321,163" owari="-55,-56,417,22,154,-25,484,59" /></mjloggm>