<mjloggm ver="2.3"><GO type="169" lobby="0"/><UN n0="%EF%BC%88%E2%89%A7%E2%96%BD%E2%89%A6%EF%BC%89" n1="%50%72%6F%66%2E%47%33" n2="%E5%A4%A7%E7%8E%89%E5%B0%86" n3="%E5%B2%A1%E6%9D%91" dan="17,16,17,17" rate="2107,2043,2165,2147" sx="M,M,M,M"/><TAIKYOKU oya="0"/><INIT seed="0,0,0,4,5,32" ten="250,250,250,250" oya="0" hai0="111,47,50,116,85,55,132,33,96,37,127,34,114" hai1="49,23,10,109,90,121,35,88,133,57,29,11,77" hai2="56,69,46,26,8,94,87,108,99,128,3,67,86" hai3="130,135,24,15,0,7,134,41,119,93,100,97,42"/><T124/><D116/><U107/><E121/><V22/><F69/><W79/><G119/><T27/><D114/><U65/><E35/><V60/><F108/><W80/><G130/><T51/><D37/><U13/><E109/><V28/><F128/><W92/><G92/><T81/><D132/><N who="3" m="50729" /><G24/><T110/><D96/><U39/><E133/><V131/><F131/><W73/><G15/><T40/><D111/><U106/><E39/><V12/><F46/><W53/><G53/><T19/><D110/><U14/><E77/><V112/><F3/><W122/><G122/><T5/><D5/><N who="1" m="3279" /><E107/><V36/><F36/><W31/><G31/><T76/><D19/><U4/><E106/><V115/><F115/><W17/><G17/><T64/><D64/><U125/><E125/><N who="0" m="48201" /><D27/><N who="1" m="16639" /><E49/><V91/><REACH who="2" step="1"/><F112/><REACH who="2" ten="250,250,240,250" step="2"/><W113/><G113/><T1/><D1/><U98/><E98/><V61/><F61/><AGARI ba="0,1" hai="4,11,14,57,61,65,88,90" m="16639,3279" machi="61" ten="30,2000,0" yaku="8,1,54,1" doraHai="32" who="1" fromWho="2" sc="250,0,250,30,240,-20,250,0" /><INIT seed="1,0,0,3,2,54" ten="250,280,220,250" oya="1" hai0="36,14,38,60,91,78,28,76,107,15,55,96,70" hai1="22,113,39,66,79,49,31,88,48,1,12,103,34" hai2="84,119,87,98,114,83,110,116,108,46,100,43,21" hai3="23,132,42,102,106,89,105,0,115,8,120,128,104"/><U71/><E39/><V47/><F21/><W97/><G120/><T41/><D38/><U81/><E113/><V25/><F25/><W124/><G115/><T61/><D28/><U2/><E34/><V80/><F114/><W62/><G128/><T125/><D125/><U101/><E71/><V72/><F43/><W37/><G124/><T35/><D35/><U24/><E66/><V74/><F98/><W77/><G77/><T29/><D29/><U68/><E68/><V16/><REACH who="2" step="1"/><F100/><REACH who="2" ten="250,280,210,250" step="2"/><W33/><G23/><T45/><D96/><U130/><E103/><V65/><F65/><W90/><G97/><T112/><D41/><U18/><E101/><V129/><F129/><W40/><G102/><T111/><D112/><U118/><E130/><V133/><F133/><W59/><G40/><T82/><D36/><U117/><E24/><V13/><F13/><W63/><G132/><T94/><D14/><U32/><E32/><V86/><F86/><W121/><G33/><T50/><D15/><U75/><E1/><V58/><F58/><W131/><G131/><T30/><D70/><U4/><E2/><V26/><F26/><W52/><G42/><T44/><D44/><U85/><E118/><V126/><F126/><W56/><G37/><T53/><D45/><U6/><E117/><V17/><AGARI ba="0,1" hai="16,17,46,47,72,74,80,83,84,87,108,110,116,119" machi="17" ten="25,12000,2" yaku="1,1,0,1,22,2,54,1,53,2" doraHai="54" doraHaiUra="123" who="2" fromWho="2" sc="250,-30,280,-60,210,130,250,-30" /><INIT seed="2,0,0,4,5,116" ten="220,220,340,220" oya="2" hai0="68,134,96,126,48,64,123,33,113,31,132,88,115" hai1="38,19,128,49,3,107,110,42,117,32,91,133,24" hai2="34,118,29,6,7,109,69,54,108,65,82,12,84" hai3="111,78,57,102,56,130,39,20,60,66,40,17,52"/><V121/><F118/><W103/><G111/><N who="2" m="42569" /><F54/><W87/><G130/><T75/><D75/><U72/><E91/><N who="2" m="51607" /><F12/><N who="3" m="9255" /><G40/><T11/><D126/><U79/><E49/><V55/><F55/><W8/><G39/><T25/><D11/><U61/><E19/><V124/><F124/><W13/><G78/><T120/><D48/><U93/><E24/><N who="2" m="18727" /><F121/><N who="0" m="46666" /><D96/><U112/><E61/><AGARI ba="0,0" hai="6,7,61,65,69" m="18727,51607,42569" machi="61" ten="30,2900,0" yaku="14,1,10,1" doraHai="116" who="2" fromWho="1" sc="220,0,220,-29,340,29,220,0" /><INIT seed="2,1,0,5,5,47" ten="220,191,369,220" oya="2" hai0="107,26,46,17,81,127,65,82,31,32,54,22,38" hai1="23,103,134,85,1,16,121,41,5,86,11,66,67" hai2="29,110,93,97,8,99,63,57,70,91,45,3,48" hai3="34,19,55,123,122,78,116,104,133,50,101,92,36"/><V80/><F70/><W112/><G116/><T56/><D107/><U21/><E121/><V30/><F110/><W130/><G112/><T69/><D127/><U129/><E129/><V33/><F33/><W74/><G36/><T43/><D69/><U114/><E134/><V90/><F3/><W0/><G0/><T95/><D95/><U98/><E114/><V102/><F8/><W109/><G109/><T64/><D64/><U96/><E41/><V117/><F117/><W89/><G34/><T111/><D65/><U25/><E98/><V94/><F80/><W2/><G2/><T125/><D125/><U88/><E23/><V83/><F83/><W53/><G133/><T9/><D9/><U20/><E20/><V58/><F102/><W76/><G104/><T106/><D106/><U100/><E86/><V71/><F71/><W42/><G74/><T120/><D111/><U60/><E96/><V108/><F108/><W113/><G113/><T35/><D120/><U4/><E4/><V49/><F45/><W84/><G122/><T62/><REACH who="0" step="1"/><D35/><REACH who="0" ten="210,191,369,220" step="2"/><U59/><REACH who="1" step="1"/><E67/><REACH who="1" ten="210,181,369,220" step="2"/><V132/><F132/><W75/><G123/><T28/><D28/><U24/><E24/><AGARI ba="1,2" hai="17,22,24,26,31,32,38,43,46,54,56,62,81,82" machi="24" ten="30,3900,0" yaku="1,1,7,1,53,1" doraHai="47" doraHaiUra="18" who="0" fromWho="1" sc="210,62,181,-42,369,0,220,0" /><INIT seed="3,0,0,2,3,25" ten="272,139,369,220" oya="3" hai0="14,36,126,87,110,79,26,3,107,64,95,96,118" hai1="37,80,76,123,130,109,54,50,134,44,27,90,111" hai2="49,45,28,129,55,4,66,61,40,10,0,77,32" hai3="97,6,132,101,71,46,15,108,103,104,2,113,20"/><W73/><G113/><T38/><D118/><U100/><E123/><V34/><F129/><W105/><G132/><T17/><D3/><U99/><E134/><V59/><F77/><W131/><G131/><T133/><D133/><U120/><E120/><V31/><REACH who="2" step="1"/><F66/><REACH who="2" ten="272,139,359,220" step="2"/><W70/><G108/><T124/><D64/><U35/><E130/><V8/><F8/><W22/><G73/><T67/><D67/><U112/><E111/><V89/><F89/><W56/><G70/><T60/><D110/><U24/><E109/><V91/><F91/><W47/><G71/><T1/><D126/><U82/><E112/><V52/><F52/><W33/><G103/><T98/><D79/><U72/><E90/><V23/><F23/><W75/><G75/><T48/><D124/><U122/><E122/><V65/><F65/><W21/><G33/><AGARI ba="0,1" hai="0,4,10,28,31,32,33,34,40,45,49,55,59,61" machi="33" ten="40,8000,1" yaku="1,1,52,2,53,1" doraHai="25" doraHaiUra="41" who="2" fromWho="3" sc="272,0,139,0,359,90,220,-80" /><INIT seed="4,0,0,3,5,24" ten="272,139,449,140" oya="0" hai0="11,77,114,120,64,44,15,82,53,112,61,2,130" hai1="4,10,123,51,119,28,65,74,59,16,60,30,20" hai2="23,19,109,37,36,75,117,70,68,45,88,33,47" hai3="57,55,80,50,6,43,62,104,126,99,73,102,89"/><T81/><D120/><U95/><E119/><V72/><F33/><W103/><G126/><T108/><D2/><U85/><E123/><V7/><F109/><W83/><G6/><T79/><D130/><U125/><E74/><V38/><F7/><W66/><G43/><T90/><D108/><U25/><E125/><V128/><F128/><W34/><G103/><T111/><D111/><U113/><E113/><N who="0" m="43625" /><D90/><N who="1" m="53711" /><E51/><V0/><F0/><W1/><G1/><T86/><D44/><U131/><E131/><V5/><F5/><W87/><G73/><N who="0" m="43183" /><D53/><U41/><E41/><V63/><F117/><W40/><G40/><T93/><D93/><U46/><E46/><V115/><F47/><W78/><G78/><T122/><D122/><U98/><E98/><V12/><F45/><W39/><G39/><T8/><D15/><AGARI ba="0,0" hai="4,10,15,16,20,25,28,30,59,60,65" m="53711" machi="15" ten="30,7700,0" yaku="8,1,52,2,54,1" doraHai="24" who="1" fromWho="0" sc="272,-77,139,77,449,0,140,0" /><INIT seed="5,0,0,3,4,72" ten="195,216,449,140" oya="1" hai0="122,129,94,14,103,99,58,107,126,117,120,123,88" hai1="112,110,64,71,18,74,49,68,60,7,17,41,57" hai2="80,95,37,104,78,89,113,52,9,76,96,39,62" hai3="69,66,32,25,34,135,116,54,55,2,83,47,92"/><U102/><E112/><V100/><F113/><W90/><G116/><T44/><D117/><U24/><E74/><N who="2" m="43031" /><F78/><W114/><G135/><T16/><D129/><U19/><E110/><V119/><F9/><W38/><G2/><T48/><D58/><U4/><E102/><V67/><F52/><W132/><G132/><T87/><D126/><U1/><E1/><V121/><F121/><W77/><G114/><T5/><D5/><N who="1" m="2123" /><E71/><N who="2" m="42487" /><F119/><W11/><G11/><N who="0" m="6239" /><D48/><U131/><E68/><V35/><F35/><W101/><G101/><T128/><D128/><U15/><E131/><V111/><F111/><W84/><G34/><T26/><D44/><N who="1" m="25743" /><E24/><AGARI ba="0,0" hai="24,26,87,88,94,99,103,107,120,122,123" m="6239" machi="24" ten="30,3900,0" yaku="13,1,54,2" doraHai="72" who="0" fromWho="1" sc="195,39,216,-39,449,0,140,0" /><INIT seed="6,0,0,5,2,66" ten="234,177,449,140" oya="2" hai0="20,15,31,18,46,59,90,29,101,44,135,37,30" hai1="61,89,43,105,21,72,133,14,53,117,102,5,94" hai2="112,131,98,56,124,51,116,49,78,87,129,95,100" hai3="54,106,113,62,41,114,104,115,132,65,25,118,36"/><V122/><F116/><W13/><G118/><T22/><D135/><U77/><E117/><V23/><F122/><W68/><G132/><T8/><D101/><U84/><E133/><V125/><F23/><N who="0" m="8746" /><D37/><U91/><E43/><V16/><F112/><W24/><G13/><T70/><D70/><U0/><E0/><V4/><F4/><W64/><G64/><T81/><D59/><N who="1" m="35055" /><E72/><V52/><F51/><W130/><G130/><N who="2" m="49673" /><F16/><W39/><G54/><T96/><D96/><N who="1" m="59671" /><E105/><N who="3" m="40554" /><G41/><T110/><D110/><U86/><E21/><V97/><F97/><W82/><G82/><AGARI ba="0,0" hai="49,52,56,78,82,87,95,98,100,124,125" m="49673" machi="82" ten="30,2900,0" yaku="19,1,54,1" doraHai="66" who="2" fromWho="3" sc="234,0,177,0,449,29,140,-29" /><INIT seed="6,1,0,5,0,43" ten="234,177,478,111" oya="2" hai0="90,57,111,109,79,46,1,72,54,71,6,65,120" hai1="5,107,27,99,60,39,106,104,56,98,87,2,82" hai2="75,67,3,66,76,18,25,21,129,128,22,134,29" hai3="133,80,86,89,112,130,19,26,77,52,88,68,58"/><V13/><F3/><W15/><G68/><T132/><D120/><U33/><E39/><V102/><F102/><W74/><G133/><T84/><D132/><U41/><E41/><V17/><F134/><W118/><G118/><T32/><D32/><U135/><E135/><V0/><F0/><W127/><G127/><T92/><D71/><U16/><E5/><V69/><F29/><W124/><G124/><T91/><D65/><U85/><E2/><V59/><F59/><W61/><G130/><N who="2" m="50281" /><F69/><W12/><G112/><T7/><D1/><U4/><E4/><V117/><F117/><W122/><G122/><T105/><D105/><U63/><E63/><V37/><F37/><W38/><G38/><T42/><D6/><U101/><E85/><V24/><F13/><N who="3" m="5195" /><G74/><T40/><D7/><U70/><E70/><V93/><F93/><W53/><G53/><T73/><D92/><U116/><E116/><V131/><F131/><W126/><G126/><T94/><D94/><U44/><E101/><V78/><F75/><W83/><G83/><T51/><D73/><U100/><E100/><V108/><F108/><W14/><N who="3" m="5203" /><W20/><AGARI ba="1,0" hai="19,20,26,52,58,61,77,80,86,88,89" m="5203" machi="20" ten="40,8000,1" yaku="4,1,8,1,54,2" doraHai="43" who="3" fromWho="3" sc="234,-21,177,-21,478,-41,111,83" /><INIT seed="7,0,0,4,0,84" ten="213,156,437,194" oya="3" hai0="78,119,19,87,27,32,33,59,105,17,36,21,114" hai1="65,112,73,22,123,121,115,72,128,63,89,88,23" hai2="92,94,35,2,60,54,129,11,106,126,20,77,58" hai3="93,9,37,82,81,52,7,117,124,13,98,6,10"/><W14/><G117/><T69/><D69/><U103/><E103/><V34/><F106/><W31/><G124/><T134/><D36/><U15/><E128/><V107/><F107/><W8/><G37/><T74/><D74/><U113/><E15/><V102/><F126/><W95/><G31/><T61/><D105/><U49/><E49/><V116/><F116/><W75/><G8/><T25/><D114/><U97/><E22/><V26/><F129/><W85/><G52/><T68/><D68/><N who="1" m="42047" /><E23/><V57/><F77/><W76/><REACH who="3" step="1"/><G98/><REACH who="3" ten="213,156,437,184" step="2"/><T91/><D119/><U135/><E135/><V109/><F11/><W110/><G110/><T90/><D134/><U39/><E39/><V51/><F109/><W96/><G96/><T5/><D61/><U38/><E38/><V80/><F60/><W83/><G83/><T3/><D33/><U130/><E130/><V16/><F35/><W70/><G70/><T45/><D32/><U40/><E97/><V67/><F34/><W43/><G43/><T62/><D62/><U47/><E40/><V111/><F80/><W100/><G100/><T133/><D133/><U41/><E41/><V12/><F102/><W56/><G56/><T18/><D59/><U44/><E47/><V101/><F111/><W55/><G55/><T24/><D45/><U120/><E44/><V122/><F101/><W127/><G127/><T79/><D21/><U118/><E118/><V4/><F58/><W53/><G53/><T42/><D42/><U99/><E99/><V46/><F46/><W29/><G29/><T131/><D131/><U50/><E50/><RYUUKYOKU ba="0,1" sc="213,-15,156,15,437,-15,184,15" hai1="72,73,88,89,112,113,115,120,121,123" hai3="6,7,9,10,13,14,75,76,81,82,85,93,95" /><INIT seed="7,1,1,5,3,44" ten="198,171,422,199" oya="3" hai0="72,112,47,2,9,94,5,96,77,19,57,105,92" hai1="83,28,21,58,0,124,123,119,30,76,130,52,4" hai2="42,111,56,8,133,66,40,97,62,132,61,69,1" hai3="86,100,118,35,39,95,26,65,73,115,91,51,134"/><W10/><G118/><T101/><D112/><U33/><E123/><V75/><F75/><W41/><G39/><T38/><D57/><U88/><E119/><V117/><F117/><W48/><G73/><T36/><D19/><U128/><E124/><V113/><F97/><N who="3" m="59455" /><G35/><T34/><D34/><U6/><E33/><V25/><F25/><W71/><G71/><T81/><D38/><U126/><E126/><V49/><F111/><W59/><G115/><T129/><D129/><N who="1" m="49771" /><E88/><V7/><F113/><W13/><G41/><AGARI ba="1,1" hai="2,5,9,36,41,47,72,77,81,92,94,96,101,105" machi="41" ten="40,2600,0" yaku="25,2" doraHai="44" who="0" fromWho="3" sc="198,39,171,0,422,0,199,-29" owari="237,4.0,171,-23.0,422,52.0,170,-33.0" /></mjloggm>