<mjloggm ver="2.3"><GO type="169" lobby="0"/><UN n0="%E3%81%94%E3%81%BF%E3%81%8F%E3%81%9A%E3%81%AE%E5%BC%9F%E5%AD%90" n1="%E6%B0%97%E6%A5%BD%E3%81%AB%E6%89%93%E3%81%A4" n2="%E5%A4%A9%E5%9F%8E%E5%B0%8F%E6%AC%A1%E9%83%8E" n3="%EF%BC%88%E2%89%A7%E2%96%BD%E2%89%A6%EF%BC%89" dan="16,16,16,17" rate="2032.58,2144.46,2059.58,2146.17" sx="F,M,M,M"/><TAIKYOKU oya="0"/><INIT seed="0,0,0,1,3,2" ten="250,250,250,250" oya="0" hai0="27,133,13,89,67,77,102,71,106,44,96,49,124" hai1="14,88,21,93,104,87,107,85,126,0,60,83,68" hai2="17,97,112,57,129,119,114,125,7,50,86,118,37" hai3="103,22,35,94,100,105,74,92,59,24,75,66,34"/><T16/><D133/><U113/><E126/><V3/><F37/><W65/><G59/><T39/><D39/><U29/><E0/><V121/><F121/><W23/><REACH who="3" step="1"/><G24/><REACH who="3" ten="250,250,250,240" step="2"/><T5/><D27/><U58/><E68/><V20/><F57/><W46/><G46/><T55/><D124/><U72/><E113/><V53/><F125/><W10/><G10/><T52/><D77/><U108/><E108/><V73/><F114/><W6/><G6/><T62/><D5/><U84/><E72/><V123/><F7/><W76/><G76/><T43/><D89/><U99/><E83/><V54/><F73/><W19/><G19/><T9/><AGARI ba="0,1" hai="9,13,16,43,44,49,52,55,62,67,71,96,102,106" machi="9" ten="20,7800,0" yaku="0,1,7,1,54,2" doraHai="2" who="0" fromWho="0" sc="250,88,250,-26,250,-26,240,-26" /><INIT seed="0,1,0,1,4,69" ten="338,224,224,214" oya="0" hai0="62,127,50,43,10,102,3,56,78,91,104,4,49" hai1="42,74,65,98,67,38,27,73,15,122,128,29,26" hai2="88,44,125,81,108,55,2,22,16,109,77,28,48" hai3="41,25,114,5,107,13,23,117,70,113,17,123,57"/><T95/><D127/><U76/><E122/><V94/><F2/><W84/><G70/><T54/><D78/><U93/><E128/><V34/><F125/><W100/><G117/><T129/><D129/><U116/><E116/><V9/><F34/><W111/><G123/><T86/><REACH who="0" step="1"/><D43/><REACH who="0" ten="328,224,224,214" step="2"/><U101/><E42/><V24/><F28/><W115/><G41/><T14/><D14/><U120/><E15/><V60/><F9/><W36/><G13/><T83/><D83/><U133/><E120/><V105/><F105/><W46/><G107/><T58/><D58/><U106/><E106/><V33/><F81/><W53/><G57/><T110/><D110/><U87/><E76/><V20/><F77/><W30/><G111/><T75/><D75/><U103/><E29/><V31/><F108/><W92/><G30/><T121/><D121/><U79/><E79/><V1/><F109/><W45/><G114/><T118/><D118/><U89/><E74/><V0/><F33/><W135/><G115/><T99/><AGARI ba="1,1" hai="3,4,10,49,50,54,56,62,86,91,95,99,102,104" machi="99" ten="30,6000,0" yaku="1,1,0,1,53,1" doraHai="69" doraHaiUra="35" who="0" fromWho="0" sc="328,73,224,-21,224,-21,214,-21" /><INIT seed="0,2,0,3,1,114" ten="401,203,203,193" oya="0" hai0="13,120,32,103,83,28,86,48,106,7,23,107,59" hai1="88,4,130,126,104,132,58,26,16,81,38,1,118" hai2="98,133,85,110,91,66,77,68,31,64,25,43,111" hai3="54,131,29,121,69,2,22,93,115,10,125,21,9"/><T50/><D120/><U18/><E126/><V72/><F133/><W89/><G69/><T53/><D32/><U113/><E132/><V11/><F43/><W108/><G121/><T51/><D103/><U15/><E113/><V24/><F72/><W37/><G37/><T46/><D107/><U17/><E130/><V62/><F64/><W124/><G115/><T79/><D106/><U8/><E104/><V134/><F134/><W78/><G78/><T20/><D46/><U49/><E38/><V56/><F68/><W123/><G123/><T19/><REACH who="0" step="1"/><D7/><REACH who="0" ten="391,203,203,193" step="2"/><U36/><E4/><V102/><F102/><W35/><G35/><T52/><D52/><U33/><E33/><V14/><F111/><W44/><G54/><T127/><D127/><U84/><E36/><V100/><F110/><W97/><G125/><T82/><D82/><U80/><E80/><V117/><F100/><W135/><G124/><T45/><D45/><U34/><E34/><V61/><F66/><W12/><G108/><T87/><D87/><U63/><E84/><V101/><F85/><W109/><G135/><T122/><D122/><U76/><E81/><V42/><F101/><W67/><G109/><T5/><D5/><U96/><E96/><V39/><F98/><W27/><G67/><T65/><D65/><U57/><E57/><V74/><F56/><W70/><G44/><T105/><D105/><U40/><E58/><V73/><F74/><W95/><G97/><T6/><D6/><U60/><E40/><V116/><F73/><W92/><G70/><T41/><D41/><U75/><E75/><RYUUKYOKU ba="2,1" sc="391,30,203,-10,203,-10,193,-10" hai0="13,19,20,23,28,48,50,51,53,59,79,83,86" /><INIT seed="0,3,1,1,5,67" ten="421,193,193,183" oya="0" hai0="59,91,2,89,1,79,47,22,94,71,107,88,104" hai1="125,9,25,8,26,52,55,35,19,84,66,99,50" hai2="81,31,133,106,74,63,77,62,20,33,28,135,122" hai3="68,43,41,80,100,105,61,126,65,101,121,0,108"/><T24/><D71/><U44/><E125/><V110/><F122/><W39/><G126/><T114/><D114/><U51/><E66/><V92/><F106/><W40/><G121/><T56/><D94/><U48/><E99/><V70/><F110/><W30/><G108/><T86/><D47/><U130/><E130/><V102/><F33/><W36/><G0/><T4/><D79/><U85/><E35/><V131/><F131/><W118/><G118/><T57/><D86/><N who="1" m="33387" /><E44/><V112/><F112/><W18/><G80/><T34/><D34/><U73/><E73/><V49/><F70/><W21/><G30/><T76/><D76/><U29/><E29/><V45/><F102/><W115/><G115/><T116/><D116/><U3/><E3/><V53/><F92/><W69/><G69/><T12/><D12/><N who="1" m="7559" /><E9/><V11/><F11/><W87/><G87/><T103/><D4/><U5/><E5/><V64/><F64/><W128/><G128/><T111/><D111/><U15/><E15/><V72/><F72/><W32/><G32/><T120/><D120/><U23/><E23/><V98/><F98/><N who="3" m="61591" /><G101/><T46/><D103/><U129/><E129/><V113/><F113/><W82/><G82/><T96/><D2/><U54/><AGARI ba="3,1" hai="25,26,48,50,51,52,54,55" m="7559,33387" machi="54" ten="40,2700,0" yaku="8,1,54,1" doraHai="67" who="1" fromWho="1" sc="421,-16,193,46,193,-10,183,-10" /><INIT seed="1,0,0,3,1,91" ten="405,239,183,173" oya="1" hai0="81,8,72,61,116,109,77,74,33,52,42,6,63" hai1="50,57,129,45,46,9,2,24,47,12,10,65,132" hai2="95,130,103,48,66,21,56,92,107,34,69,121,0" hai3="89,60,40,80,112,7,62,11,5,98,134,86,135"/><U94/><E132/><N who="3" m="50730" /><G112/><T111/><D33/><U4/><E129/><V97/><F121/><W87/><G98/><T70/><D116/><U23/><E65/><V127/><F34/><W128/><G128/><T28/><D42/><U110/><E110/><N who="0" m="41993" /><D28/><U29/><E57/><V131/><F130/><W78/><G40/><T79/><D70/><U41/><REACH who="1" step="1"/><E94/><REACH who="1" ten="405,229,183,173" step="2"/><V58/><F95/><N who="3" m="54711" /><G5/><AGARI ba="0,1" hai="2,4,5,9,10,12,23,24,29,41,45,46,47,50" machi="5" ten="30,5800,0" yaku="1,1,7,1,53,1" doraHai="91" doraHaiUra="25" who="1" fromWho="3" sc="405,0,229,68,183,0,173,-58" /><INIT seed="1,1,0,1,5,127" ten="405,297,183,115" oya="1" hai0="77,67,39,40,72,70,102,93,132,18,47,5,97" hai1="116,134,96,99,15,23,19,88,58,75,30,135,28" hai2="27,123,65,50,48,113,122,68,29,103,36,20,24" hai3="52,14,105,90,62,32,21,51,57,131,43,35,104"/><U22/><E116/><V0/><F36/><W16/><G131/><T9/><D132/><N who="1" m="50731" /><E75/><V11/><F113/><W55/><G43/><T83/><D18/><N who="1" m="10591" /><E58/><V100/><F68/><W101/><G90/><T37/><D70/><U85/><E99/><V45/><F123/><W114/><G114/><T33/><D33/><U3/><E96/><V56/><F122/><W13/><G13/><T4/><D67/><U25/><E3/><V124/><F0/><W108/><G108/><T60/><D60/><U73/><E73/><V121/><F56/><W117/><G117/><T63/><D63/><U120/><E120/><V111/><F121/><W87/><G87/><T126/><D39/><U92/><AGARI ba="1,0" hai="19,23,25,28,30,85,88,92" m="10591,50731" machi="92" ten="30,3000,0" yaku="20,1,54,1" doraHai="127" who="1" fromWho="1" sc="405,-11,297,33,183,-11,115,-11" /><INIT seed="1,2,0,5,5,2" ten="394,330,172,104" oya="1" hai0="104,108,79,82,87,35,61,47,67,12,115,56,28" hai1="126,23,135,69,5,62,53,48,25,8,81,72,16" hai2="90,89,102,119,124,3,92,7,29,95,85,64,36" hai3="101,38,46,13,68,58,41,132,125,40,10,33,50"/><U118/><E118/><V121/><F119/><W34/><G132/><T17/><D115/><U31/><E135/><V32/><F121/><W88/><G125/><T94/><D104/><U65/><E126/><V15/><F124/><W39/><G68/><T43/><D108/><U14/><E72/><V134/><F36/><W109/><G109/><T131/><D131/><U22/><E81/><V103/><F134/><W117/><G117/><T26/><D94/><U80/><E80/><V11/><F64/><W78/><G101/><T105/><D105/><U21/><REACH who="1" step="1"/><E31/><REACH who="1" ten="394,320,172,104" step="2"/><V60/><F29/><W71/><G78/><T73/><D73/><U49/><E49/><V4/><F60/><W70/><G50/><T99/><D99/><U51/><E51/><V74/><F74/><W1/><G39/><T107/><D82/><U59/><AGARI ba="2,1" hai="5,8,14,16,21,22,23,25,48,53,59,62,65,69" machi="59" ten="20,18000,2" yaku="1,1,0,1,7,1,52,1,54,1,53,1" doraHai="2" doraHaiUra="9" who="1" fromWho="1" sc="394,-62,320,196,172,-62,104,-62" /><INIT seed="1,3,0,5,3,70" ten="332,516,110,42" oya="1" hai0="67,128,94,7,91,41,72,98,86,40,31,4,36" hai1="127,47,30,27,116,117,123,82,68,106,21,15,2" hai2="57,14,9,75,65,12,84,23,48,26,56,80,69" hai3="96,71,38,3,6,76,79,44,32,97,120,135,119"/><U111/><E123/><V129/><F75/><W104/><G120/><T105/><D72/><U13/><E68/><V46/><F129/><W24/><G119/><T33/><D128/><U100/><E127/><V89/><F69/><W103/><G135/><T126/><D126/><U0/><E82/><V35/><F35/><W11/><G96/><T132/><D132/><U115/><E106/><V34/><F34/><W81/><G71/><T93/><D105/><U90/><E100/><V1/><F1/><N who="1" m="617" /><E90/><V37/><F37/><W99/><G99/><T43/><D36/><U83/><E47/><V53/><F65/><W52/><G81/><T58/><D31/><U74/><E83/><V77/><F77/><W131/><G131/><T130/><D33/><U112/><E74/><V22/><F14/><N who="1" m="5129" /><E111/><V114/><F46/><W134/><G134/><T49/><D130/><U88/><E88/><V59/><F89/><W8/><G38/><T122/><D122/><U39/><E39/><V29/><F80/><W101/><G101/><N who="0" m="60623" /><D67/><U124/><E124/><V5/><F84/><W64/><G64/><T66/><D66/><U133/><E133/><V19/><F53/><AGARI ba="3,0" hai="4,7,40,41,43,49,53,58,86,91,94" m="60623" machi="53" ten="30,1000,0" yaku="8,1" doraHai="70" who="0" fromWho="2" sc="332,19,516,0,110,-19,42,0" /><INIT seed="2,0,0,0,2,88" ten="351,516,91,42" oya="2" hai0="40,58,78,29,39,101,22,99,54,135,1,21,44" hai1="80,90,7,15,30,64,3,52,24,128,71,126,102" hai2="5,68,20,73,25,89,100,60,47,97,45,93,27" hai3="127,4,82,6,120,50,104,86,125,115,49,123,81"/><V77/><F5/><N who="3" m="2155" /><G104/><T56/><D1/><U116/><E116/><V35/><F35/><W74/><G74/><T84/><D135/><U70/><E126/><N who="3" m="48138" /><G115/><T85/><D58/><U118/><E118/><V79/><F27/><W105/><G86/><T53/><D53/><U117/><E117/><V26/><F26/><W67/><G67/><T31/><D22/><U131/><E3/><V111/><F111/><W41/><G41/><T69/><D69/><U110/><E110/><V92/><F68/><W113/><G105/><T0/><D0/><U109/><E109/><V37/><F60/><W65/><G65/><T122/><D85/><N who="1" m="50471" /><E64/><V42/><F73/><W48/><G113/><T96/><D84/><U130/><E52/><V28/><F47/><W46/><G46/><T63/><D54/><U11/><E102/><V2/><F2/><W55/><G55/><T19/><D101/><U124/><E124/><V103/><F89/><W95/><G95/><T14/><D44/><U59/><E59/><V36/><F37/><W75/><G75/><T8/><D39/><U108/><E108/><V112/><F112/><W13/><G13/><T76/><D14/><U106/><E106/><V133/><F133/><W10/><G10/><T66/><D8/><U18/><E70/><V119/><F119/><W72/><G72/><T83/><D56/><U98/><E71/><V62/><F62/><W114/><G114/><T38/><D63/><U87/><E15/><V132/><F132/><W94/><G94/><T121/><D66/><U33/><E11/><V57/><F57/><W32/><G32/><RYUUKYOKU ba="0,0" sc="351,-15,516,-15,91,15,42,15" hai2="20,25,28,36,42,45,77,79,92,93,97,100,103" hai3="48,49,50,81,82,120,123" /><INIT seed="2,1,0,3,3,55" ten="336,501,106,57" oya="2" hai0="44,53,105,17,23,43,130,56,104,96,120,125,108" hai1="49,112,24,31,54,73,92,59,91,69,135,118,51" hai2="128,52,28,95,4,116,90,62,60,80,117,13,32" hai3="27,123,129,50,109,133,101,38,18,9,14,29,97"/><V114/><F114/><W85/><G123/><T134/><D120/><U67/><E112/><V1/><F1/><W47/><G129/><T89/><D130/><U57/><E118/><V58/><F128/><W98/><G133/><T110/><D134/><U72/><E69/><V41/><F41/><W61/><G109/><N who="0" m="42091" /><D89/><U111/><E111/><V15/><F80/><W48/><G38/><N who="0" m="21623" /><D96/><U94/><E135/><V19/><F116/><W7/><G85/><T34/><D34/><U42/><E42/><V30/><F32/><W5/><G61/><N who="0" m="35983" /><D125/><U81/><E81/><V88/><F117/><W74/><G74/><T25/><AGARI ba="1,0" hai="17,23,25,104,105" m="35983,21623,42091" machi="25" ten="30,2000,0" yaku="14,1,52,1" doraHai="55" who="0" fromWho="0" sc="336,23,501,-6,106,-11,57,-6" /><INIT seed="3,0,0,4,2,54" ten="359,495,95,51" oya="3" hai0="75,27,74,113,89,58,92,30,91,107,130,38,60" hai1="102,112,110,49,12,118,123,81,88,134,16,103,111" hai2="59,53,56,84,119,9,135,29,120,10,76,64,45" hai3="3,40,94,62,36,82,98,68,2,57,44,116,93"/><W4/><G116/><T117/><D113/><U124/><E112/><V34/><F119/><W5/><G68/><T35/><D117/><U47/><E118/><V80/><F135/><W73/><G4/><T11/><D130/><U52/><E123/><V63/><F120/><W85/><G73/><T133/><D133/><U14/><E134/><V26/><REACH who="2" step="1"/><F45/><REACH who="2" ten="359,495,85,51" step="2"/><W13/><G13/><T100/><D38/><U20/><E12/><V41/><F41/><W61/><G61/><AGARI ba="0,1" hai="9,10,26,29,34,53,56,59,61,63,64,76,80,84" machi="61" ten="30,7700,0" yaku="1,1,7,1,52,2,53,0" doraHai="54" doraHaiUra="126" who="2" fromWho="3" sc="359,0,495,0,85,87,51,-77" owari="359,16.0,495,60.0,172,-23.0,-26,-53.0" /></mjloggm>