<mjloggm ver="2.3"><GO type="169"/><UN n0="%65%69%63%68%69%72%6F" n1="%E3%82%B9%E3%82%BF%E3%83%BC%E3%83%93%E3%83%83%E3%83%81" n2="%EF%BC%88%E2%89%A7%E2%96%BD%E2%89%A6%EF%BC%89" n3="%E3%82%B1%E3%82%BA" dan="16,16,18,16" rate="2070,2084,2205,2099" sx="M,M,M,M"/><TAIKYOKU oya="0"/><INIT seed="0,0,0,0,5,118" ten="250,250,250,250" oya="0" hai0="35,23,130,128,79,45,75,102,72,95,116,0,16" hai1="110,62,98,33,81,83,94,58,14,34,6,63,65" hai2="111,17,66,131,42,76,8,5,51,101,30,127,29" hai3="68,21,119,70,4,18,31,54,132,53,55,134,92"/><T48/><D116/><U12/><E110/><V52/><F111/><W82/><G119/><T120/><D35/><U89/><E33/><V77/><F131/><N who="0" m="50218" /><D0/><U49/><E34/><V107/><F127/><W125/><G125/><T10/><D10/><U123/><E123/><V96/><F42/><W104/><G104/><T114/><D114/><U20/><E14/><V74/><F66/><W69/><G4/><T113/><D113/><U86/><E49/><V2/><F17/><W40/><G40/><N who="0" m="24615" /><D79/><U22/><E63/><V117/><F117/><W84/><G92/><T26/><D120/><U13/><E83/><V106/><F106/><W88/><REACH who="3" step="1"/><G31/><REACH who="3" ten="250,250,250,240" step="2"/><T91/><D102/><U85/><E6/><V61/><F30/><W36/><G36/><T27/><D26/><AGARI ba="0,1" hai="18,21,26,53,54,55,68,69,70,82,84,88,132,134" machi="26" ten="50,3200,0" yaku="1,1,54,1,53,0" doraHai="118" doraHaiUra="59" who="3" fromWho="0" sc="250,-32,250,0,250,0,240,42" /><INIT seed="1,0,0,0,3,10" ten="218,250,250,282" oya="1" hai0="12,41,4,17,39,125,89,30,95,57,135,40,132" hai1="27,50,124,25,18,14,73,26,35,56,86,110,42" hai2="29,64,2,109,99,112,113,55,32,117,88,83,93" hai3="105,68,115,9,44,75,65,107,123,114,131,51,66"/><U106/><E73/><V80/><F2/><W130/><G123/><T90/><D125/><U101/><E124/><V45/><F64/><W79/><G75/><T33/><D4/><U133/><E133/><N who="0" m="51273" /><D39/><U70/><E70/><V13/><F117/><W0/><G79/><T122/><D122/><U38/><E38/><V100/><F109/><W20/><G20/><N who="0" m="11303" /><D57/><U19/><E35/><V54/><F32/><W28/><G28/><T92/><D92/><U67/><E110/><V116/><F29/><W23/><G23/><T81/><D81/><U15/><E106/><V69/><F69/><W85/><G0/><T134/><D134/><U77/><E101/><V111/><F111/><W127/><G127/><T120/><D120/><U129/><E129/><V6/><F116/><W72/><G105/><T48/><D48/><U87/><E67/><V22/><F100/><W108/><G107/><T96/><D90/><U102/><E102/><V43/><F6/><W59/><G108/><T52/><D52/><N who="2" m="20010" /><F45/><W98/><G44/><T61/><D61/><U103/><E103/><V71/><F71/><W7/><G68/><T128/><D128/><U37/><E37/><V5/><F43/><W46/><G130/><T21/><D33/><U97/><E56/><V16/><F5/><W53/><G59/><T94/><D94/><U82/><E42/><V118/><F118/><W63/><G131/><T74/><D74/><U58/><E58/><V3/><F3/><W31/><G72/><T11/><D11/><N who="1" m="6495" /><E50/><V126/><F126/><W47/><G51/><T34/><D34/><U24/><E82/><AGARI ba="0,0" hai="13,16,22,80,82,83,88,93,99,112,113" m="20010" machi="82" ten="30,8000,1" yaku="6,1,52,1,54,3" doraHai="10" who="2" fromWho="1" sc="218,0,250,-80,250,80,282,0" /><INIT seed="2,0,0,4,3,128" ten="218,170,330,282" oya="2" hai0="47,79,13,29,127,21,0,80,44,20,73,118,28" hai1="92,40,69,15,135,97,37,107,105,91,38,126,81" hai2="60,41,75,45,111,36,78,77,14,43,8,22,33" hai3="90,62,87,59,48,12,93,132,10,123,101,88,35"/><V18/><F33/><W9/><G35/><T31/><D0/><U102/><E69/><V61/><F111/><W70/><G123/><T104/><D104/><U108/><E108/><V50/><F75/><W54/><G101/><T83/><D127/><U131/><E126/><V39/><F39/><W34/><G34/><T63/><D118/><U3/><E3/><V53/><F36/><W55/><G132/><T85/><D63/><N who="2" m="24138" /><F8/><W115/><G115/><T113/><D113/><U125/><E125/><V51/><F41/><W30/><G30/><T17/><REACH who="0" step="1"/><D21/><REACH who="0" ten="208,170,330,282" step="2"/><U122/><E131/><V42/><F43/><W66/><G9/><T49/><D49/><U117/><E40/><V64/><F64/><W57/><G70/><T2/><D2/><U25/><E38/><V76/><F50/><W24/><G66/><T99/><D99/><U23/><E97/><V71/><F71/><W100/><G48/><T124/><D124/><U95/><E37/><V6/><F42/><W16/><G62/><T96/><D96/><U46/><E23/><V72/><F72/><W110/><G110/><T65/><D65/><U89/><E105/><V32/><F32/><W119/><G119/><T86/><D86/><U58/><E107/><V130/><F130/><W109/><G109/><T1/><D1/><U134/><E117/><V26/><F26/><W52/><G24/><T98/><D98/><U121/><E25/><V68/><F68/><W11/><G11/><T103/><D103/><U56/><E102/><V7/><AGARI ba="0,1" hai="6,7,14,18,22,45,51,53,76,77,78" m="24138" machi="7" ten="30,1500,0" yaku="8,1" doraHai="128" who="2" fromWho="2" sc="208,-5,170,-5,330,25,282,-5" /><INIT seed="2,1,0,3,1,117" ten="203,165,355,277" oya="2" hai0="30,45,90,95,39,52,67,108,113,20,23,32,17" hai1="82,115,41,75,110,116,102,114,4,119,50,104,111" hai2="84,123,58,12,14,91,63,61,11,131,133,81,79" hai3="101,2,80,0,118,73,132,103,89,53,40,126,105"/><V31/><F133/><W72/><G118/><N who="1" m="45098" /><E4/><V65/><F131/><W13/><G132/><T43/><D113/><N who="1" m="43019" /><E41/><V48/><F31/><W112/><G40/><T66/><D108/><N who="1" m="41515" /><E50/><V134/><F48/><W125/><G112/><T76/><D76/><N who="1" m="44319" /><E102/><V19/><F134/><W51/><G101/><T68/><D43/><U109/><N who="1" m="41523" /><U5/><DORA hai="78" /><E5/><V37/><F37/><W9/><G103/><T28/><D39/><U62/><E62/><V93/><F63/><W26/><G51/><N who="0" m="28783" /><D68/><U99/><E99/><V100/><F100/><W106/><G53/><T94/><D67/><U69/><E69/><V77/><F14/><W54/><G26/><T130/><D66/><U15/><E15/><V33/><F77/><W34/><G54/><T98/><D98/><U74/><E74/><V96/><F33/><W8/><G72/><T87/><D30/><U35/><E35/><V38/><REACH who="2" step="1"/><F38/><REACH who="2" ten="203,165,345,277" step="2"/><W18/><G34/><T49/><D49/><U36/><E36/><V120/><AGARI ba="1,1" hai="11,12,19,58,61,65,79,81,84,91,93,96,120,123" machi="120" ten="30,18000,2" yaku="1,1,2,1,0,1,52,3,53,0" doraHai="117,78" doraHaiUra="71,21" who="2" fromWho="2" sc="203,-61,165,-61,345,193,277,-61" /><INIT seed="2,2,0,4,3,129" ten="142,104,538,216" oya="2" hai0="109,135,131,47,76,67,68,92,29,11,45,89,71" hai1="64,15,100,20,2,25,84,72,57,30,81,13,26" hai2="54,19,46,51,22,114,48,8,0,111,66,52,33" hai3="43,102,53,125,42,75,80,98,133,55,127,126,18"/><V41/><F33/><W123/><G123/><T107/><D107/><U10/><E72/><V44/><F114/><W28/><G28/><T108/><D131/><U12/><E100/><V96/><F111/><N who="0" m="42570" /><D76/><U103/><E103/><V82/><F66/><W74/><G18/><T79/><D79/><U31/><E64/><V16/><F96/><W122/><G122/><T49/><D29/><U58/><E2/><V91/><F41/><N who="3" m="15371" /><G80/><T77/><D77/><U27/><E10/><V9/><F0/><W117/><G117/><T70/><D135/><U105/><E105/><V134/><F134/><W73/><G133/><T63/><D11/><N who="2" m="4170" /><F22/><W37/><G37/><T39/><D39/><U128/><E128/><V5/><F5/><W124/><G124/><T90/><D49/><U110/><E110/><V130/><F130/><W14/><G14/><T50/><D50/><U95/><E95/><AGARI ba="2,0" hai="53,55,73,74,75,95,98,102,125,126,127" m="15371" machi="95" ten="40,1300,0" yaku="18,1" doraHai="129" who="3" fromWho="1" sc="142,0,104,-19,538,0,216,19" /><INIT seed="3,0,0,1,4,109" ten="142,85,538,235" oya="3" hai0="94,115,44,84,23,108,99,134,87,60,126,53,105" hai1="67,55,33,76,116,124,72,50,59,88,3,49,8" hai2="47,69,79,91,113,29,25,77,39,92,17,0,26" hai3="56,120,35,42,54,117,82,86,80,10,21,18,119"/><W83/><G120/><T32/><D32/><U28/><E33/><V16/><F69/><W12/><G35/><T5/><D108/><U78/><E28/><V90/><F0/><W11/><G42/><T112/><D105/><U132/><E132/><V96/><F113/><N who="0" m="43594" /><D134/><U63/><E116/><V128/><F39/><W37/><G37/><T36/><D126/><U48/><E124/><V22/><F47/><W6/><G10/><T95/><D5/><U14/><E3/><V34/><F128/><W100/><G100/><N who="0" m="60535" /><D95/><U61/><E72/><V107/><F107/><W1/><G119/><T24/><D60/><U131/><E131/><V4/><F4/><W130/><G117/><T51/><D36/><U7/><REACH who="1" step="1"/><E88/><REACH who="1" ten="142,75,538,235" step="2"/><V57/><F91/><W114/><G130/><T68/><D68/><AGARI ba="0,1" hai="7,8,14,48,49,50,55,59,61,63,67,68,76,78" machi="68" ten="40,8000,1" yaku="1,1,2,1,53,2" doraHai="109" doraHaiUra="58" who="1" fromWho="0" sc="142,-80,75,90,538,0,235,0" /><INIT seed="4,0,0,3,0,128" ten="62,165,538,235" oya="0" hai0="29,47,86,83,63,117,20,134,123,104,42,10,70" hai1="17,119,103,33,65,73,105,99,57,53,23,46,24" hai2="2,102,81,32,0,16,127,98,90,80,75,67,12" hai3="21,109,114,1,100,19,69,38,84,43,72,44,110"/><T3/><D123/><U30/><E119/><V13/><F32/><W79/><G114/><T101/><D117/><U26/><E73/><V14/><F127/><W6/><G84/><T77/><D104/><U11/><E65/><V76/><F67/><W107/><G69/><T66/><D101/><U62/><E46/><V36/><F36/><W9/><G19/><T121/><D121/><U87/><E87/><V91/><F80/><N who="3" m="45159" /><G21/><T108/><D108/><U58/><E58/><V111/><F111/><W92/><G92/><T35/><D20/><U37/><E37/><V135/><F16/><W56/><G56/><T68/><D68/><U39/><E39/><V78/><F90/><W54/><G54/><T115/><D115/><U120/><E120/><V125/><F91/><W25/><G25/><T34/><D29/><U118/><E118/><V113/><F113/><W116/><G116/><T95/><D95/><U59/><E59/><V48/><F75/><W27/><G27/><T45/><D134/><U122/><E122/><V31/><F135/><W64/><G64/><T124/><D124/><U131/><REACH who="1" step="1"/><E11/><REACH who="1" ten="62,155,538,235" step="2"/><V133/><F125/><W130/><G130/><AGARI ba="0,1" hai="17,23,24,26,30,33,53,57,62,99,103,105,130,131" machi="130" ten="40,2600,0" yaku="1,1,2,1,53,0" doraHai="128" doraHaiUra="40" who="1" fromWho="3" sc="62,0,155,36,538,0,235,-26" /><INIT seed="5,0,0,0,4,87" ten="62,191,538,209" oya="1" hai0="0,8,38,85,126,121,68,41,23,18,132,83,1" hai1="133,39,94,82,59,104,60,93,52,103,97,37,67" hai2="24,124,111,28,27,35,84,76,92,96,80,75,58" hai3="36,95,128,46,125,100,56,47,69,71,79,118,119"/><U51/><E133/><V53/><F111/><W44/><G128/><T73/><D132/><U10/><E10/><V78/><F124/><W45/><G125/><T105/><D126/><U42/><E82/><V33/><F76/><W120/><G79/><T106/><D73/><U88/><E42/><V55/><F75/><W91/><G100/><T102/><D68/><N who="3" m="26185" /><G120/><T89/><D121/><U114/><E114/><V50/><F55/><W66/><G66/><T129/><D129/><U4/><E4/><V86/><F86/><W98/><G56/><T7/><D1/><U117/><E117/><N who="3" m="44554" /><G47/><T107/><D41/><AGARI ba="0,0" hai="36,41,44,45,46,91,95,98" m="44554,26185" machi="41" ten="30,2000,0" yaku="12,1,52,1" doraHai="87" who="3" fromWho="0" sc="62,-20,191,0,538,0,209,20" /><INIT seed="6,0,0,0,4,20" ten="42,191,538,229" oya="2" hai0="116,56,10,13,30,89,57,84,70,126,41,51,97" hai1="117,23,4,125,68,108,36,34,115,74,75,45,22" hai2="130,82,92,105,2,83,120,112,94,5,121,46,42" hai3="114,38,37,98,96,59,14,32,47,62,18,93,111"/><V54/><F105/><W31/><G111/><T80/><D70/><U58/><E58/><V15/><F2/><W3/><G3/><T76/><D126/><U33/><E45/><V69/><F69/><W39/><G47/><T19/><D116/><U102/><E102/><V109/><F5/><W103/><G96/><T72/><D41/><U79/><E79/><V1/><F54/><W44/><G44/><T16/><D51/><U132/><E4/><V100/><F15/><W110/><G110/><T12/><D30/><U135/><E108/><V49/><F1/><W67/><G114/><T48/><D48/><U104/><E104/><V101/><F49/><W6/><G6/><T127/><D127/><U0/><E0/><V71/><F101/><W17/><G17/><T52/><D97/><U66/><E125/><V24/><F71/><W85/><G85/><T60/><D57/><U119/><E68/><V21/><F100/><W40/><G40/><T118/><D118/><U27/><E66/><V11/><F121/><W63/><G63/><T124/><D124/><U131/><E131/><V64/><F130/><W134/><G134/><T113/><D113/><U123/><E123/><V43/><F112/><W9/><G31/><T29/><D29/><U65/><E65/><V88/><F120/><W55/><G32/><T86/><REACH who="0" step="1"/><D89/><REACH who="0" ten="32,191,538,229" step="2"/><U81/><E115/><V133/><F109/><W77/><G59/><T28/><D28/><U53/><E117/><V7/><F42/><W107/><G98/><T91/><D91/><U99/><E119/><V129/><F43/><W106/><G37/><RYUUKYOKU ba="0,1" sc="32,30,191,-10,538,-10,229,-10" hai0="10,12,13,16,19,52,56,60,72,76,80,84,86" /><INIT seed="7,1,1,1,5,14" ten="62,181,528,219" oya="3" hai0="72,28,3,129,63,26,121,36,20,24,114,61,43" hai1="59,41,19,122,133,100,69,6,8,91,126,132,66" hai2="65,1,30,110,53,48,127,87,44,74,90,47,70" hai3="106,94,2,33,119,21,50,17,89,64,130,71,113"/><W29/><G2/><T93/><D121/><U7/><E122/><V84/><F74/><W25/><G106/><T68/><D72/><U135/><E69/><V86/><F1/><W13/><G119/><T35/><D3/><U60/><E100/><V38/><F110/><W85/><G130/><T92/><D129/><U120/><E120/><V54/><F127/><W4/><G113/><T34/><D114/><U134/><E134/><V45/><F38/><W62/><G4/><N who="1" m="1578" /><E91/><V39/><F90/><W98/><G50/><T109/><D109/><U58/><E41/><V95/><F95/><W76/><G76/><T108/><D108/><U10/><E59/><V42/><F30/><W52/><G52/><T73/><D73/><U99/><E99/><V11/><F11/><N who="1" m="4137" /><E126/><V46/><F54/><W77/><G77/><T75/><D75/><U107/><E107/><V118/><F118/><W40/><G40/><T88/><D34/><U131/><E131/><V116/><F116/><W96/><AGARI ba="1,1" hai="13,17,21,25,29,33,62,64,71,85,89,94,96,98" machi="96" ten="30,3000,0" yaku="0,1,52,1" doraHai="14" who="3" fromWho="3" sc="62,-11,181,-11,528,-11,219,43" /><INIT seed="7,2,0,5,3,14" ten="51,170,517,262" oya="3" hai0="103,88,20,100,133,35,36,69,98,97,104,30,40" hai1="15,5,22,71,91,94,131,102,3,39,68,92,17" hai2="86,123,33,57,83,115,59,19,77,4,117,24,53" hai3="26,130,90,62,134,85,119,125,118,45,81,70,120"/><W58/><G70/><T44/><D133/><U38/><E131/><V132/><F117/><W10/><G120/><T2/><D20/><U47/><E102/><V23/><F132/><W105/><G105/><T6/><D88/><U29/><E94/><V56/><F123/><W74/><G74/><T1/><D6/><U34/><E39/><V54/><F115/><W67/><G45/><T89/><D89/><U106/><E106/><V51/><F33/><W55/><G134/><T96/><D96/><U16/><E38/><V0/><F0/><W27/><G125/><T72/><D72/><U73/><E47/><N who="2" m="27903" /><F4/><W126/><G126/><T63/><D98/><N who="1" m="57631" /><E73/><V107/><F107/><W116/><G130/><T110/><D100/><U129/><E129/><V78/><F78/><W124/><G124/><T111/><D111/><U95/><E17/><V42/><F42/><W8/><G67/><T121/><D121/><U37/><E37/><V135/><F135/><W122/><G122/><T43/><D43/><U93/><E93/><V11/><F11/><W75/><G75/><T49/><D49/><AGARI ba="2,0" hai="19,23,24,49,54,56,57,59,77,83,86" m="27903" machi="49" ten="30,2000,0" yaku="8,1,52,1" doraHai="14" who="2" fromWho="0" sc="51,-26,170,0,517,26,262,0" owari="25,-47.0,170,-23.0,543,64.0,262,6.0" /></mjloggm>