<mjloggm ver="2.3"><GO type="169"/><UN n0="%E6%9A%97%E3%81%84%E7%AC%A6" n1="%EF%BC%88%E2%89%A7%E2%96%BD%E2%89%A6%EF%BC%89" n2="%E3%81%A8%E3%83%BC%E3%82%84%E3%82%93" n3="%E3%80%93%E6%9D%BE%E4%BA%95%EF%BC%A3%EF%BC%B3%E3%80%93" dan="16,17,17,16" rate="2086,2154,2136,2125" sx="M,M,M,M"/><TAIKYOKU oya="0"/><INIT seed="0,0,0,3,4,135" ten="250,250,250,250" oya="0" hai0="27,43,19,56,12,98,126,22,123,36,106,99,15" hai1="66,96,87,68,101,17,39,72,100,51,26,14,128" hai2="54,84,60,48,119,35,13,4,69,8,77,11,95" hai3="57,115,5,125,127,120,37,23,3,114,16,63,117"/><T129/><D123/><U130/><E72/><V58/><F35/><W32/><G32/><T105/><D36/><U20/><E39/><V7/><F119/><W55/><G117/><T73/><D43/><U112/><E112/><V65/><F77/><W24/><G37/><T131/><D73/><U121/><E121/><V118/><F118/><W76/><G120/><T94/><D56/><U52/><E87/><V97/><F84/><W93/><G76/><T110/><D27/><U1/><E1/><V107/><F107/><W31/><G5/><T89/><D99/><U25/><E66/><V18/><F11/><W83/><G83/><T103/><D110/><U9/><E68/><V90/><REACH who="2" step="1"/><F69/><REACH who="2" ten="250,250,240,250" step="2"/><W71/><G71/><T109/><D109/><U108/><E108/><V61/><F61/><W86/><G3/><T78/><D78/><U75/><E75/><V34/><F34/><W64/><G115/><T62/><D62/><U79/><E79/><V80/><F80/><W133/><G114/><T44/><D106/><U38/><E9/><V104/><F104/><W0/><G0/><T46/><D105/><U88/><E96/><V116/><F116/><W122/><G122/><T81/><D81/><U50/><E20/><V21/><F21/><W91/><G133/><T42/><D22/><U2/><E2/><V40/><F40/><W47/><G31/><T29/><D29/><U74/><E74/><V59/><AGARI ba="0,1" hai="4,7,8,13,18,48,54,58,59,60,65,90,95,97" machi="59" ten="20,5200,0" yaku="1,1,0,1,7,1,8,1,53,0" doraHai="135" doraHaiUra="33" who="2" fromWho="2" sc="250,-26,250,-13,240,62,250,-13" /><INIT seed="1,0,0,5,2,135" ten="224,237,302,237" oya="1" hai0="131,50,87,13,54,7,93,116,35,46,109,36,20" hai1="23,91,0,16,99,77,4,24,96,89,74,68,3" hai2="30,120,105,73,66,34,129,26,130,21,72,18,125" hai3="12,71,132,75,59,63,33,53,114,32,113,11,102"/><U37/><E68/><V45/><F120/><W101/><G75/><T123/><D35/><U39/><E74/><V88/><F105/><W84/><G132/><T118/><D36/><U2/><E77/><V25/><F66/><W65/><G32/><T103/><D123/><U111/><E111/><V121/><F121/><W112/><G33/><T80/><D109/><U40/><E4/><V55/><F88/><W14/><G84/><T133/><D133/><U56/><E40/><V119/><F119/><W110/><G110/><T38/><D131/><N who="2" m="50186" /><F125/><W6/><REACH who="3" step="1"/><G14/><REACH who="3" ten="224,237,302,227" step="2"/><T104/><D13/><U69/><E99/><V122/><F122/><W51/><AGARI ba="0,1" hai="6,11,12,51,53,59,63,65,71,101,102,112,113,114" machi="51" ten="30,4000,0" yaku="1,1,2,1,0,1,53,0" doraHai="135" doraHaiUra="95" who="3" fromWho="3" sc="224,-10,237,-20,302,-10,227,50" /><INIT seed="2,0,0,1,4,24" ten="214,217,292,277" oya="2" hai0="67,75,43,127,63,33,15,110,81,6,115,129,132" hai1="91,8,53,85,9,54,94,40,64,119,109,111,62" hai2="29,50,133,7,18,87,57,121,70,112,21,48,28" hai3="97,4,76,2,113,128,84,47,68,37,114,89,3"/><V1/><F121/><W74/><G68/><T90/><D33/><U73/><E73/><V105/><F70/><W95/><G128/><T45/><D115/><U71/><E40/><V11/><F105/><W13/><G13/><T88/><D129/><U120/><E119/><V123/><F112/><W80/><G3/><T106/><D106/><U61/><E120/><V49/><F123/><W30/><G30/><T92/><D127/><U41/><E41/><V23/><F133/><W65/><G65/><T69/><D110/><N who="1" m="41995" /><E62/><V126/><F126/><W44/><G44/><T102/><D102/><U99/><E99/><V56/><F87/><W60/><G60/><T17/><D6/><U82/><E82/><V16/><F56/><W104/><G47/><T125/><D125/><U51/><E54/><V0/><F57/><AGARI ba="0,0" hai="8,9,51,53,57,61,64,71,85,91,94" m="41995" machi="57" ten="30,1000,0" yaku="14,1" doraHai="24" who="1" fromWho="2" sc="214,0,217,10,292,-10,277,0" /><INIT seed="3,0,0,0,3,60" ten="214,227,282,277" oya="3" hai0="80,37,116,117,59,110,20,56,99,86,12,134,14" hai1="65,24,57,54,106,72,53,7,123,105,42,81,13" hai2="122,130,5,135,4,6,125,104,75,45,112,55,85" hai3="128,126,22,103,133,40,98,28,114,16,115,35,33"/><W31/><G40/><T39/><D99/><U131/><E123/><V52/><F75/><W92/><G92/><T46/><D110/><U10/><E131/><V11/><F104/><W69/><G69/><T21/><D86/><U25/><E106/><V73/><F73/><W58/><G58/><T108/><D108/><U36/><E105/><V94/><F112/><N who="3" m="43051" /><G98/><T23/><D80/><U0/><E0/><V101/><F130/><W132/><G103/><T44/><D23/><U119/><E119/><V111/><F122/><W129/><G129/><T70/><D70/><U63/><E36/><V118/><F111/><W88/><G88/><T107/><D107/><U29/><E42/><V2/><F118/><W97/><G97/><T74/><D74/><U48/><E29/><N who="3" m="11338" /><G128/><T17/><D17/><U113/><E113/><V27/><F101/><W47/><G47/><T30/><D30/><U76/><REACH who="1" step="1"/><E54/><REACH who="1" ten="214,217,282,277" step="2"/><V121/><F121/><W15/><G126/><T93/><D117/><U89/><E89/><V51/><F125/><W64/><G64/><T8/><D116/><U127/><E127/><V82/><F2/><W77/><G77/><T120/><D39/><U87/><E87/><V95/><F55/><W1/><G1/><T71/><D37/><U32/><E32/><AGARI ba="0,1" hai="15,16,22,32,33,35,132,133" m="11338,43051" machi="32" ten="40,7700,0" yaku="34,2,54,1" doraHai="60" who="3" fromWho="1" sc="214,0,217,-77,282,0,277,87" /><INIT seed="3,1,0,4,1,18" ten="214,140,282,364" oya="3" hai0="22,16,58,64,78,123,107,3,63,127,60,12,14" hai1="35,80,10,51,48,33,61,11,47,119,59,34,110" hai2="43,81,20,87,113,98,116,114,125,67,66,74,106" hai3="62,90,92,97,39,0,40,68,85,130,21,28,70"/><W102/><G0/><T73/><D107/><U95/><E119/><V36/><F74/><W109/><G130/><T118/><D3/><U25/><E110/><V82/><F116/><W32/><G32/><T37/><D37/><U133/><E133/><V120/><F120/><W99/><G109/><T100/><D118/><U104/><E104/><V132/><F132/><W38/><G99/><T65/><D100/><U77/><E95/><V42/><F36/><W13/><G40/><T26/><D123/><U71/><E71/><V24/><F106/><W45/><G45/><T52/><D127/><U126/><E126/><V69/><F125/><W7/><G7/><T30/><D78/><U5/><E25/><V72/><F69/><W19/><G28/><T31/><D73/><U134/><E134/><V56/><F72/><W112/><G112/><T1/><D1/><U53/><E5/><V94/><F113/><W93/><REACH who="3" step="1"/><G70/><REACH who="3" ten="214,140,282,354" step="2"/><T76/><D31/><U50/><REACH who="1" step="1"/><E47/><REACH who="1" ten="214,130,282,354" step="2"/><V6/><F114/><W17/><G17/><T129/><D129/><U101/><E101/><V2/><F6/><W91/><G91/><T86/><D30/><U121/><E121/><V15/><F2/><W44/><G44/><T75/><D75/><AGARI ba="1,2" hai="10,11,33,34,35,48,50,51,53,59,61,75,77,80" machi="75" ten="50,3200,0" yaku="1,1,53,1" doraHai="18" doraHaiUra="49" who="1" fromWho="0" sc="214,-35,130,55,282,0,354,0" /><INIT seed="4,0,0,3,5,108" ten="179,185,282,354" oya="0" hai0="70,123,1,110,17,49,112,13,21,44,24,107,42" hai1="2,90,27,126,109,14,88,59,127,91,45,25,22" hai2="133,7,26,46,4,61,83,34,60,80,3,124,131" hai3="85,23,94,62,41,47,102,43,82,29,38,114,68"/><T77/><D107/><U113/><E2/><V30/><F124/><N who="1" m="47657" /><E109/><V8/><F131/><W97/><G43/><T130/><D110/><U79/><E79/><V111/><F111/><W36/><G114/><T71/><D123/><U92/><E45/><V35/><F133/><W122/><G122/><T76/><D130/><U121/><E121/><V12/><F35/><W96/><G96/><T52/><D1/><U28/><E113/><V115/><F115/><W104/><G94/><T106/><D106/><U75/><E75/><V128/><F128/><W72/><G72/><T86/><D112/><U134/><E134/><V19/><F46/><W100/><G100/><T48/><D71/><U57/><E14/><V66/><F7/><W0/><G0/><T65/><D70/><U40/><E40/><V64/><F61/><W10/><G10/><N who="0" m="6327" /><D65/><U51/><E51/><V132/><F66/><W15/><G38/><T118/><D118/><U73/><E73/><V120/><F132/><W99/><G68/><T67/><D67/><U55/><E55/><V32/><F32/><W33/><G33/><T5/><D5/><U101/><E25/><V58/><F120/><W20/><G36/><T87/><D77/><U135/><E135/><V56/><F58/><N who="1" m="22025" /><E101/><V117/><F117/><W50/><G102/><T74/><D76/><U105/><E105/><V69/><F69/><W6/><G104/><T119/><D74/><U37/><E37/><V84/><F84/><AGARI ba="0,0" hai="22,27,28,84,88,90,91,92" m="22025,47657" machi="84" ten="30,2000,0" yaku="18,1,54,1" doraHai="108" who="1" fromWho="2" sc="179,0,185,20,282,-20,354,0" /><INIT seed="5,0,0,5,3,69" ten="179,205,262,354" oya="1" hai0="19,97,105,77,14,111,78,121,83,114,15,74,126" hai1="117,56,75,6,58,100,118,135,65,1,115,85,47" hai2="132,53,87,112,70,113,43,40,89,99,98,31,120" hai3="12,119,131,103,48,42,29,82,102,130,94,73,9"/><U66/><E75/><V45/><F120/><W104/><G104/><T52/><D111/><U41/><E100/><V80/><F70/><W134/><G134/><T95/><D78/><U88/><E135/><V0/><F132/><W23/><G119/><T109/><D109/><U123/><E123/><V25/><F0/><W101/><G82/><T20/><D121/><U90/><E115/><N who="2" m="44107" /><F53/><W8/><G73/><T32/><D32/><U84/><E1/><V30/><F43/><W60/><G60/><T110/><D105/><U124/><E6/><V11/><F11/><W5/><G9/><T116/><D110/><U86/><E124/><V4/><F4/><W54/><G42/><T71/><D71/><U3/><E3/><V13/><F13/><W67/><G67/><N who="1" m="25610" /><E47/><V79/><F79/><W49/><G131/><T106/><D106/><U51/><E51/><N who="2" m="27047" /><F31/><W127/><G49/><T7/><D114/><U61/><E41/><V92/><F80/><W68/><G130/><T55/><D126/><U2/><E2/><V50/><F50/><W26/><G127/><T128/><D128/><U76/><E76/><V27/><F25/><W63/><G63/><T59/><D116/><N who="1" m="44651" /><E61/><V38/><F38/><W28/><G68/><T22/><D7/><U36/><E36/><V18/><F18/><W57/><G29/><T133/><D133/><U34/><E34/><AGARI ba="0,0" hai="27,30,34,87,89,92,98,99" m="27047,44107" machi="34" ten="30,2000,0" yaku="15,1,11,1" doraHai="69" who="2" fromWho="1" sc="179,0,205,-20,262,20,354,0" /><INIT seed="6,0,0,0,5,20" ten="179,185,282,354" oya="2" hai0="89,51,110,7,106,120,92,72,64,39,13,33,3" hai1="71,17,10,123,125,119,52,121,115,41,46,97,16" hai2="40,126,124,42,84,44,34,94,86,1,91,9,130" hai3="58,117,127,55,88,111,69,76,112,68,73,4,70"/><V80/><F34/><W53/><G111/><T54/><D72/><U133/><E119/><V77/><F130/><W26/><G76/><T74/><D74/><U50/><E71/><V30/><F30/><W0/><G73/><T118/><D106/><U57/><E133/><V56/><F56/><W62/><G4/><T109/><D39/><U59/><E125/><N who="2" m="48235" /><F44/><W29/><G0/><T36/><D33/><U49/><E115/><V75/><F75/><W37/><G37/><T81/><D3/><U79/><E79/><V85/><F86/><W63/><G127/><T35/><D36/><U27/><E59/><V113/><F113/><W12/><G112/><T131/><D35/><U135/><E135/><V28/><F28/><W19/><G117/><T105/><D105/><U43/><E43/><V8/><F8/><W116/><G116/><T67/><D118/><U47/><E47/><V82/><F80/><W11/><G55/><T2/><D2/><U22/><REACH who="1" step="1"/><E97/><REACH who="1" ten="179,175,282,354" step="2"/><V45/><F45/><W61/><G69/><T132/><D132/><U107/><E107/><V103/><F103/><W129/><G70/><T99/><D110/><U23/><E23/><V38/><F38/><W31/><G68/><T78/><D109/><U134/><E134/><V18/><F1/><W101/><G101/><T65/><D131/><U15/><AGARI ba="0,1" hai="10,15,16,17,22,27,41,46,49,50,52,57,121,123" machi="15" ten="30,8000,1" yaku="1,1,0,1,52,1,54,2,53,0" doraHai="20" doraHaiUra="104" who="1" fromWho="1" sc="179,-20,175,90,282,-40,354,-20" /><INIT seed="7,0,0,5,4,76" ten="159,265,242,334" oya="3" hai0="92,48,116,84,100,19,45,71,121,67,110,16,29" hai1="104,63,86,103,1,93,6,22,96,52,70,88,102" hai2="106,131,127,65,44,89,112,14,2,17,107,90,51" hai3="50,0,128,11,53,34,94,99,108,72,25,119,37"/><W28/><G37/><T68/><D29/><U8/><E102/><V42/><F2/><W36/><G36/><T21/><D121/><U77/><E22/><V115/><F65/><W117/><G72/><T35/><D35/><U125/><E125/><V26/><F26/><W39/><G39/><T10/><D116/><U122/><E122/><V56/><F56/><W13/><G0/><T80/><D67/><U30/><E30/><V69/><F69/><W40/><G40/><T4/><D110/><U60/><E70/><V20/><F127/><W109/><G128/><T73/><D73/><U49/><REACH who="1" step="1"/><E77/><REACH who="1" ten="159,255,242,334" step="2"/><V12/><F131/><W59/><G109/><T24/><D71/><U64/><E64/><V81/><F107/><W23/><G23/><T82/><D68/><U31/><E31/><V54/><F106/><W95/><G108/><T41/><D19/><U66/><E66/><V134/><F115/><W62/><G119/><T61/><D61/><U79/><E79/><V98/><F112/><W132/><G117/><T85/><D100/><U7/><E7/><V5/><F134/><W57/><G132/><T101/><D4/><U75/><E75/><V33/><F33/><W129/><G129/><T15/><D101/><U97/><E97/><V47/><F98/><W38/><G99/><T9/><D9/><U118/><E118/><V123/><F123/><W105/><G28/><N who="0" m="17423" /><D92/><U58/><AGARI ba="0,1" hai="1,6,8,49,52,58,60,63,86,88,93,96,103,104" machi="58" ten="20,8000,1" yaku="1,1,0,1,7,1,54,2,53,0" doraHai="76" doraHaiUra="78" who="1" fromWho="1" sc="159,-20,255,90,242,-20,334,-40" owari="139,-36.0,345,45.0,222,-18.0,294,9.0" /></mjloggm>