<mjloggm ver="2.3"><GO type="169" lobby="0"/><UN n0="%6E%65%6F%40%75%6E%69" n1="%6D%65%24%6F" n2="%47%61%4B%75" n3="%EF%BC%88%E2%89%A7%E2%96%BD%E2%89%A6%EF%BC%89" dan="17,16,16,18" rate="2170.82,2086.74,2078.43,2136.78" sx="M,M,M,F"/><TAIKYOKU oya="0"/><INIT seed="0,0,0,4,0,111" ten="250,250,250,250" oya="0" hai0="71,129,30,11,60,47,37,74,118,62,90,59,23" hai1="102,86,98,78,51,21,109,54,26,73,99,38,106" hai2="56,52,1,67,131,50,120,63,48,95,18,57,16" hai3="7,107,39,9,10,46,127,100,134,14,123,115,12"/><T45/><D118/><U82/><E38/><V70/><F120/><W68/><G123/><T53/><D74/><U96/><E109/><V2/><F131/><W72/><G72/><T105/><D129/><U124/><E124/><V19/><F95/><W119/><G119/><T113/><D113/><U35/><E35/><V31/><F31/><W122/><G122/><T64/><D105/><U13/><E13/><V108/><F108/><W89/><G68/><T130/><D130/><U66/><E66/><V92/><F92/><W55/><G127/><T93/><D37/><U20/><E73/><V58/><REACH who="2" step="1"/><F48/><REACH who="2" ten="250,250,240,250" step="2"/><W44/><G107/><T3/><D30/><U128/><E128/><V77/><F77/><W33/><G33/><T65/><D65/><U42/><E42/><V126/><F126/><W76/><G39/><T88/><D90/><U112/><E112/><V114/><F114/><W125/><G125/><T6/><REACH who="0" step="1"/><D23/><REACH who="0" ten="240,250,240,250" step="2"/><U79/><E20/><V85/><F85/><AGARI ba="0,2" hai="3,6,11,45,47,53,59,60,62,64,71,85,88,93" machi="85" ten="30,12000,1" yaku="1,1,2,1,7,1,54,1,53,1" doraHai="111" doraHaiUra="34" who="0" fromWho="2" sc="240,140,250,0,240,-120,250,0" /><INIT seed="0,1,0,0,0,62" ten="380,250,120,250" oya="0" hai0="107,89,94,26,78,77,31,49,127,108,45,105,71" hai1="100,82,92,103,86,91,73,117,125,90,37,61,57" hai2="131,134,52,65,51,121,48,54,20,10,70,17,39" hai3="123,135,6,0,116,40,97,83,7,2,58,28,34"/><T30/><D71/><U133/><E37/><V69/><F39/><W93/><G116/><T76/><D127/><U50/><E117/><V124/><F121/><W109/><G123/><T25/><D108/><U1/><E1/><V55/><F124/><W112/><G112/><T44/><D107/><U21/><E125/><V74/><F74/><W130/><G109/><T4/><D4/><U111/><E111/><V9/><F131/><W104/><G104/><T84/><D105/><U102/><E50/><V5/><F134/><W114/><G114/><T27/><REACH who="0" step="1"/><D45/><REACH who="0" ten="370,250,120,250" step="2"/><U106/><E106/><V81/><F69/><W68/><G68/><T87/><D87/><U42/><E133/><V29/><F70/><W53/><G6/><T118/><D118/><U38/><E73/><V12/><F5/><W14/><G7/><T115/><D115/><U33/><E86/><V60/><F48/><W128/><G135/><T15/><D15/><U63/><E61/><V88/><F51/><W113/><G14/><T64/><D64/><U72/><E72/><V96/><F65/><W79/><G113/><T67/><D67/><U95/><E63/><V119/><F119/><W66/><G66/><T19/><D19/><U22/><E57/><V8/><F60/><W32/><G58/><T3/><D3/><U85/><E85/><N who="2" m="50223" /><F96/><W36/><G0/><T43/><AGARI ba="1,1" hai="25,26,27,30,31,43,44,49,76,77,78,84,89,94" machi="43" ten="30,11700,0" yaku="1,1,0,1,8,1,53,1" doraHai="62" doraHaiUra="46" who="0" fromWho="0" sc="370,130,250,-40,120,-40,250,-40" /><INIT seed="0,2,0,5,0,126" ten="500,210,80,210" oya="0" hai0="88,122,40,67,132,5,63,78,89,11,76,43,0" hai1="66,10,31,113,101,51,130,9,69,87,105,93,58" hai2="77,26,50,48,24,42,96,65,80,112,79,68,44" hai3="81,82,22,7,6,110,33,133,118,13,75,45,16"/><T20/><D122/><U34/><E113/><V100/><F112/><W59/><G118/><T125/><D125/><U83/><E105/><V55/><F79/><W121/><G121/><T109/><D132/><U18/><E69/><V95/><F65/><W29/><G133/><T92/><D20/><U2/><E34/><V14/><F68/><W12/><G110/><T115/><D115/><U116/><E116/><V60/><F14/><W99/><G75/><T135/><D135/><U129/><E31/><V23/><F23/><W39/><G99/><T57/><D109/><U90/><E2/><V134/><F60/><W41/><G59/><T17/><D17/><U97/><E18/><V37/><F37/><W108/><G108/><T70/><D89/><U71/><E71/><V85/><REACH who="2" step="1"/><F134/><REACH who="2" ten="500,210,70,210" step="2"/><W107/><G12/><N who="0" m="5231" /><D70/><U102/><E51/><V61/><F61/><W32/><G22/><T46/><D0/><U74/><E9/><V8/><F8/><W15/><G13/><T30/><D30/><U114/><E10/><V111/><F111/><W36/><G29/><T98/><D76/><N who="1" m="44439" /><E114/><V124/><F124/><W120/><G120/><T86/><D78/><U104/><E66/><V62/><F62/><W1/><G36/><T52/><D98/><N who="1" m="61527" /><E58/><AGARI ba="2,1" hai="24,26,42,44,48,50,55,58,77,80,85,95,96,100" machi="58" ten="30,3900,0" yaku="1,1,7,1,8,1,53,0" doraHai="126" doraHaiUra="131" who="2" fromWho="1" sc="500,0,210,-45,70,55,210,0" /><INIT seed="1,0,0,1,5,53" ten="500,165,125,210" oya="1" hai0="0,115,49,27,103,59,61,63,104,131,26,6,118" hai1="92,56,17,32,68,90,83,78,46,21,31,113,116" hai2="75,43,22,18,24,76,102,124,85,12,100,33,37" hai3="47,60,65,94,67,38,51,93,39,128,122,48,98"/><U41/><E116/><V114/><F124/><W79/><G122/><T72/><D72/><U11/><E68/><V55/><F75/><W101/><G128/><T29/><D131/><U133/><E113/><V91/><F114/><W89/><G79/><T86/><D118/><U71/><E71/><V9/><F76/><W130/><G130/><T110/><D115/><U8/><E133/><V108/><F108/><W62/><G38/><T20/><D110/><U13/><E32/><V95/><F33/><W30/><G30/><T15/><D0/><U66/><E31/><V107/><F107/><W57/><G39/><T129/><D129/><U70/><E70/><V50/><F43/><W121/><G121/><T132/><D132/><U117/><E117/><V88/><F91/><W64/><G47/><T96/><D86/><N who="1" m="48503" /><E46/><V28/><F37/><W106/><G106/><T125/><D125/><U120/><E41/><V105/><F105/><W112/><G112/><T25/><D49/><N who="3" m="19017" /><G62/><T19/><D63/><N who="1" m="38247" /><E120/><V5/><REACH who="2" step="1"/><F5/><REACH who="2" ten="500,165,115,210" step="2"/><W14/><G89/><T109/><D6/><U84/><AGARI ba="0,1" hai="8,11,13,17,21,84,90,92" m="38247,48503" machi="84" ten="30,3000,0" yaku="8,1,52,1" doraHai="53" who="1" fromWho="1" sc="500,-10,165,40,115,-10,210,-10" /><INIT seed="1,1,0,2,4,63" ten="490,205,105,200" oya="1" hai0="25,131,5,34,30,59,51,19,43,1,7,88,130" hai1="79,113,112,102,124,53,121,20,47,126,82,46,84" hai2="9,108,92,28,54,49,119,24,73,40,106,57,10" hai3="96,111,44,67,11,95,109,65,69,8,3,56,94"/><U6/><E121/><V50/><F106/><W2/><G69/><T15/><D1/><N who="3" m="9" /><G44/><N who="1" m="16938" /><E6/><V105/><F105/><W90/><G56/><T110/><D43/><U26/><E53/><V36/><F36/><W14/><G95/><T17/><D17/><N who="1" m="12559" /><E102/><V70/><F70/><W35/><G35/><T98/><D5/><U33/><E33/><V55/><F40/><W29/><G29/><T74/><D7/><U93/><E93/><V135/><F73/><W41/><G41/><T37/><D74/><U23/><E23/><V21/><F135/><W115/><G115/><T81/><D34/><U86/><E86/><V85/><F119/><W132/><G132/><T78/><D81/><U39/><E39/><V68/><F68/><W0/><G0/><T45/><D45/><U18/><E18/><V38/><F38/><W72/><G72/><T104/><D19/><U127/><AGARI ba="1,0" hai="79,82,84,112,113,124,126,127" m="12559,16938" machi="127" ten="40,2100,0" yaku="18,1" doraHai="63" who="1" fromWho="1" sc="490,-8,205,24,105,-8,200,-8" /><INIT seed="1,2,0,5,1,82" ten="482,229,97,192" oya="1" hai0="52,70,115,1,51,106,132,135,58,55,37,129,46" hai1="0,93,90,78,105,67,127,68,79,38,59,91,100" hai2="36,54,122,80,30,86,28,114,87,109,26,41,50" hai3="65,14,64,130,104,98,111,34,75,39,118,92,103"/><U96/><E0/><V69/><F122/><W43/><G75/><T134/><D106/><U76/><E38/><V20/><F69/><W13/><G34/><T74/><D74/><U7/><E7/><V133/><F41/><W48/><G118/><T83/><D1/><U131/><E68/><V12/><F36/><W62/><G111/><T95/><D83/><U85/><E67/><V18/><F109/><W126/><G39/><T10/><D10/><U113/><E59/><V15/><F133/><W61/><G130/><T123/><D95/><N who="1" m="54735" /><E113/><V57/><F114/><W8/><G104/><T94/><D94/><U53/><E53/><V31/><REACH who="2" step="1"/><F87/><REACH who="2" ten="482,229,87,192" step="2"/><W44/><G126/><T6/><D70/><U88/><E127/><V125/><F125/><W77/><G77/><AGARI ba="2,1" hai="12,15,18,20,26,28,30,31,50,54,57,77,80,86" machi="77" ten="40,5200,0" yaku="1,1,8,1,52,1,53,0" doraHai="82" doraHaiUra="33" who="2" fromWho="3" sc="482,0,229,0,87,68,192,-58" /><INIT seed="2,0,0,3,3,77" ten="482,229,155,134" oya="2" hai0="57,105,56,123,5,28,38,122,124,65,89,126,41" hai1="33,23,117,119,82,94,3,128,55,31,98,29,90" hai2="62,20,51,45,74,67,25,1,39,18,110,79,30" hai3="115,102,21,8,50,37,16,103,109,121,27,35,133"/><V107/><F107/><W66/><G37/><T73/><D105/><U85/><E3/><V131/><F39/><W42/><G121/><T135/><D28/><U64/><E33/><V47/><F1/><W43/><G109/><T44/><D5/><U17/><E128/><V113/><F131/><W91/><G35/><T2/><D73/><U63/><E55/><V68/><F110/><W13/><G133/><T48/><D89/><U22/><E119/><V88/><F113/><W86/><G66/><T84/><D84/><U10/><E10/><V104/><F104/><W87/><G115/><T118/><D2/><U58/><E117/><V132/><F132/><W83/><G86/><T130/><D118/><U112/><E112/><V93/><F79/><W125/><G125/><N who="0" m="48235" /><D130/><U71/><E71/><V32/><F74/><W99/><G50/><T14/><D14/><N who="1" m="9527" /><E23/><V61/><F61/><W127/><G127/><T9/><D9/><U134/><E134/><V72/><F72/><W108/><G108/><T129/><D129/><U40/><E40/><N who="3" m="15402" /><G99/><T26/><D135/><U54/><E64/><V69/><F69/><W120/><G120/><T76/><D123/><U49/><E49/><V12/><REACH who="2" step="1"/><F51/><REACH who="2" ten="482,229,145,134" step="2"/><W24/><G24/><T101/><D26/><U78/><AGARI ba="0,1" hai="29,31,54,58,63,78,82,85,90,94,98" m="9527" machi="78" ten="30,2000,0" yaku="8,1,52,1" doraHai="77" who="1" fromWho="1" sc="482,-5,229,30,145,-10,134,-5" /><INIT seed="3,0,0,2,1,66" ten="477,259,135,129" oya="3" hai0="10,72,71,11,41,28,93,120,12,98,97,34,45" hai1="35,64,19,107,67,0,88,82,5,101,75,37,21" hai2="49,125,27,123,47,18,108,104,118,122,100,44,115" hai3="8,92,85,94,91,68,95,43,90,48,133,4,14"/><W116/><G116/><T128/><D71/><U129/><E35/><V63/><F118/><W16/><G133/><T109/><D72/><U57/><E37/><V31/><F115/><W84/><G68/><T2/><D109/><U33/><E33/><V132/><F132/><W126/><G126/><T23/><D128/><U134/><E134/><V106/><F108/><W62/><G62/><T130/><D130/><U3/><E129/><V22/><F125/><W56/><G4/><T114/><D120/><N who="2" m="46122" /><F63/><W73/><G73/><T65/><D65/><U1/><E107/><N who="2" m="41003" /><F100/><W40/><G95/><T127/><D93/><U58/><E101/><V53/><F44/><W81/><G81/><T69/><D45/><U111/><E111/><V20/><F18/><W79/><G79/><T52/><D28/><U46/><E46/><V117/><F117/><W38/><REACH who="3" step="1"/><G38/><REACH who="3" ten="477,259,135,119" step="2"/><T24/><D127/><U15/><E75/><V77/><F77/><W42/><G42/><T51/><D41/><U7/><E5/><V102/><F102/><W124/><G124/><T50/><D69/><U86/><E7/><V54/><F54/><AGARI ba="0,1" hai="8,14,16,40,43,48,54,56,84,85,90,91,92,94" machi="54" ten="40,12000,1" yaku="1,1,9,1,8,1,54,1,53,0" doraHai="66" doraHaiUra="121" who="3" fromWho="2" sc="477,0,259,0,135,-120,119,130" /><INIT seed="3,1,0,1,1,86" ten="477,259,15,249" oya="3" hai0="126,68,110,91,17,100,64,96,125,58,97,124,23" hai1="59,34,27,1,55,84,10,45,98,36,112,21,40" hai2="101,57,53,12,81,54,134,52,25,18,107,117,15" hai3="106,35,75,73,33,9,0,3,24,102,16,130,65"/><W89/><G65/><T88/><D68/><U6/><E34/><V46/><F117/><W62/><G62/><N who="0" m="37975" /><D110/><U127/><E127/><V71/><F71/><W13/><G130/><T121/><D121/><U83/><E112/><V116/><F116/><W2/><G106/><N who="0" m="63751" /><D97/><U72/><E72/><V82/><F134/><W38/><G38/><T78/><D78/><U43/><E43/><V63/><F46/><W29/><G102/><T93/><D93/><U28/><E98/><V39/><F39/><W119/><G119/><T118/><D118/><U108/><E108/><V85/><F107/><W44/><G44/><T111/><D111/><U11/><E11/><V104/><F104/><W5/><G35/><T32/><D32/><U123/><E123/><V70/><F70/><W26/><REACH who="3" step="1"/><G89/><REACH who="3" ten="477,259,15,239" step="2"/><T122/><D122/><U14/><E55/><N who="2" m="34239" /><F101/><W8/><G8/><T37/><D37/><U131/><E131/><V103/><F103/><W115/><G115/><T47/><D47/><U56/><E1/><V105/><F105/><W120/><G120/><T42/><D42/><U41/><E41/><V7/><F7/><W31/><G31/><T99/><D99/><U51/><E36/><V135/><F135/><W79/><G79/><AGARI ba="1,1" hai="6,10,14,21,27,28,40,45,51,56,59,79,83,84" machi="79" ten="30,7700,0" yaku="7,1,25,2,8,1" doraHai="86" who="1" fromWho="3" sc="477,0,259,90,15,0,239,-80" /><INIT seed="4,0,0,0,1,51" ten="477,349,15,159" oya="0" hai0="3,16,88,41,68,52,119,95,36,78,50,134,69" hai1="133,106,29,54,135,25,82,32,46,60,10,53,103" hai2="81,23,122,87,115,45,85,75,116,86,80,26,7" hai3="114,84,108,104,0,107,111,11,47,5,21,30,33"/><T83/><D3/><U72/><E106/><V15/><F122/><W35/><G114/><T120/><D119/><U132/><E103/><V27/><F115/><W110/><G84/><T98/><D120/><U4/><E60/><V90/><F116/><W74/><G21/><T37/><D134/><U93/><E93/><V64/><F75/><W62/><G62/><T124/><D124/><U91/><E46/><V31/><F26/><N who="3" m="18647" /><G47/><T6/><D6/><U123/><E123/><V100/><F100/><W99/><G99/><T94/><D94/><U118/><E118/><V19/><F7/><W2/><G2/><T125/><D125/><U38/><E38/><V13/><F64/><W131/><G131/><T43/><D37/><U101/><E101/><V129/><F129/><W97/><G97/><T77/><D36/><U70/><E70/><V92/><F45/><W71/><G71/><T66/><D69/><U40/><E40/><N who="0" m="15433" /><D66/><U76/><E91/><V24/><F24/><W55/><G74/><T12/><D83/><U61/><E61/><V49/><F49/><W130/><G130/><T109/><D68/><U121/><E121/><V22/><REACH who="2" step="1"/><F15/><AGARI ba="0,0" hai="4,10,15,25,29,32,53,54,72,76,82,132,133,135" machi="15" ten="40,5200,0" yaku="20,1,52,2" doraHai="51" who="1" fromWho="2" sc="477,0,349,52,15,-52,159,0" owari="477,58.0,401,20.0,-37,-54.0,159,-24.0" /></mjloggm>