<mjloggm ver="2.3"><GO type="97"/><UN n0="%E5%8D%93%E4%B8%8A%E3%81%AE%E2%98%86" n1="%E9%A6%AC%E5%88%B8%E5%B8%AB%E2%98%86%E6%9D%B1%E9%99%BD" n2="%E6%83%B0%E7%9C%A0%E7%94%B7" n3="%EF%BC%88%E2%89%A7%E2%96%BD%E2%89%A6%EF%BC%89" dan="13,13,14,15" rate="1987,1864,1914,1995" sx="M,M,M,M"/><TAIKYOKU oya="0"/><INIT seed="0,0,0,3,4,125" ten="250,250,250,250" oya="0" hai0="26,90,53,56,23,106,121,19,130,81,131,109,25" hai1="89,67,123,87,21,66,61,132,74,47,110,10,2" hai2="22,80,7,112,91,8,116,84,104,70,120,36,1" hai3="18,94,101,119,13,129,34,93,49,46,12,128,85"/><T75/><D121/><U95/><E123/><V38/><F120/><W9/><G119/><T117/><D117/><U58/><E74/><V31/><F112/><W114/><G34/><T55/><D106/><U115/><E115/><V39/><F104/><W79/><G114/><T43/><D43/><U107/><E107/><V45/><F70/><W103/><G13/><T6/><D6/><U135/><E110/><V62/><F62/><W113/><G113/><T29/><D109/><U20/><E66/><V134/><F134/><N who="1" m="51241" /><E47/><V118/><F45/><W133/><G133/><T27/><D90/><U50/><E50/><V105/><F105/><W48/><G48/><T92/><D92/><N who="3" m="35433" /><G85/><T68/><D68/><U60/><E60/><V57/><F57/><W76/><G101/><T69/><D69/><U86/><E86/><V64/><F64/><W33/><G33/><T4/><D4/><AGARI ba="0,0" hai="2,4,10,20,21,58,61,67,87,89,95" m="51241" machi="4" ten="30,1000,0" yaku="20,1" doraHai="125" who="1" fromWho="0" sc="250,-10,250,10,250,0,250,0" /><INIT seed="1,0,0,0,2,88" ten="240,260,250,250" oya="1" hai0="127,65,23,21,63,72,13,17,93,131,111,43,105" hai1="130,11,12,18,34,119,39,3,67,126,15,95,80" hai2="22,66,49,125,70,120,103,74,83,6,96,128,10" hai3="36,87,68,29,2,106,60,134,91,97,53,78,108"/><U25/><E119/><V32/><F120/><W46/><G2/><T90/><D105/><U132/><E39/><V94/><F32/><W55/><G108/><T112/><D72/><U110/><E110/><V28/><F128/><W7/><G7/><T45/><D111/><U123/><E123/><V24/><F125/><W44/><G134/><T62/><D112/><U121/><E121/><V98/><F96/><W5/><G5/><T50/><D127/><U35/><E126/><V77/><F49/><W52/><G29/><T114/><D131/><U26/><E130/><V102/><F70/><W31/><G31/><T33/><D33/><U8/><E132/><V84/><F66/><W51/><G36/><T101/><D114/><U4/><E67/><V86/><F103/><W75/><G75/><T59/><D101/><U116/><E95/><V38/><REACH who="2" step="1"/><F38/><REACH who="2" ten="240,260,240,250" step="2"/><W118/><G68/><T56/><D65/><U122/><E122/><V135/><F135/><W41/><G97/><T76/><D63/><U16/><E116/><V64/><F64/><W40/><G51/><T109/><D62/><U100/><E100/><V92/><F92/><N who="3" m="54399" /><G60/><T124/><D109/><U89/><E80/><V104/><F104/><W9/><G118/><T58/><D124/><U82/><E82/><V20/><F20/><W37/><G106/><T42/><D23/><N who="1" m="11655" /><E89/><V47/><F47/><N who="3" m="17963" /><G37/><T107/><D107/><U61/><E61/><V19/><F19/><W85/><G9/><T69/><D69/><U14/><E3/><AGARI ba="0,1" hai="3,6,10,22,24,28,74,77,83,84,86,94,98,102" machi="3" ten="30,3900,0" yaku="1,1,7,1,52,1,53,0" doraHai="88" doraHaiUra="57" who="2" fromWho="1" sc="240,0,260,-39,240,49,250,0" /><INIT seed="2,0,0,0,3,87" ten="240,221,289,250" oya="2" hai0="101,96,38,30,81,111,121,53,73,37,22,12,27" hai1="25,49,20,62,36,44,45,4,126,90,59,80,130" hai2="86,127,85,17,129,110,132,56,67,68,69,123,18" hai3="7,135,91,106,40,104,108,83,50,79,102,122,116"/><V46/><F123/><W13/><G122/><T131/><D121/><U28/><E130/><V103/><F129/><W82/><G116/><T70/><D70/><U94/><E126/><V11/><F127/><W55/><G135/><T107/><D131/><U26/><E36/><V115/><F132/><W3/><G3/><T16/><D111/><U124/><E124/><V105/><F110/><W52/><G108/><T61/><D61/><U8/><E80/><V89/><F46/><N who="3" m="25927" /><G102/><T128/><D53/><N who="3" m="20553" /><G106/><T93/><D107/><U84/><E25/><V64/><F103/><W10/><G104/><T58/><D58/><U118/><E118/><V54/><F105/><W119/><G119/><T19/><D19/><U125/><E125/><V95/><F85/><N who="3" m="50623" /><G82/><T112/><D112/><U63/><E49/><V9/><F69/><W75/><G75/><T98/><D98/><U34/><E34/><V77/><F68/><W0/><G0/><T97/><D97/><U133/><E133/><V92/><F115/><W114/><G114/><T74/><D128/><U88/><E63/><V120/><F120/><W72/><G72/><T29/><D74/><U76/><E76/><AGARI ba="0,0" hai="7,10,13,76,79" m="50623,20553,25927" machi="76" ten="30,3900,0" yaku="8,1,52,1,54,1" doraHai="87" who="3" fromWho="1" sc="240,0,221,-39,289,0,250,39" /><INIT seed="3,0,0,4,5,32" ten="240,182,289,289" oya="3" hai0="76,29,80,19,75,78,108,97,112,100,21,59,7" hai1="43,34,127,61,74,129,2,134,102,107,77,51,49" hai2="39,96,85,73,121,71,56,132,5,106,55,16,52" hai3="14,95,119,30,92,28,53,25,101,48,47,42,20"/><W31/><G119/><T64/><D112/><U40/><E127/><V1/><F39/><W11/><G42/><T125/><D125/><U9/><E129/><V117/><F71/><W130/><G130/><T44/><D108/><U86/><E134/><V99/><F117/><W3/><G3/><T105/><D78/><U84/><E34/><V109/><F109/><W90/><G101/><T135/><D135/><U6/><E74/><V58/><F132/><W36/><G36/><T69/><D69/><U0/><E61/><V98/><F73/><W81/><G81/><T41/><D29/><N who="3" m="11369" /><G90/><T38/><D7/><AGARI ba="0,0" hai="7,11,14,20,25,31,47,48,53,92,95" m="11369" machi="7" ten="30,1500,0" yaku="8,1" doraHai="32" who="3" fromWho="0" sc="240,-15,182,0,289,0,289,15" owari="225,-17.0,182,-32.0,289,9.0,304,40.0" /></mjloggm>