<mjloggm ver="2.3"><GO type="41"/><UN n0="%E4%B8%89%E5%91%B3%E7%B7%9A%E5%B1%8B" n1="%E3%82%A6%E3%83%AB%E3%83%88%E3%83%A9%E7%AB%8B%E7%9B%B4" n2="%E3%83%9E%E3%82%A4%E3%82%B1%E3%83%AB%E5%9C%9F%E4%BF%B5%E9%9A%9B" n3="%47%2D%61" dan="13,15,15,13" rate="1845,1974,2031,1907" sx="M,M,M,M"/><TAIKYOKU oya="0"/><INIT seed="0,0,0,5,1,15" ten="250,250,250,250" oya="0" hai0="95,74,64,130,79,65,69,21,31,111,114,129,57" hai1="61,94,14,127,0,50,77,101,96,56,42,43,75" hai2="40,90,59,118,54,82,34,123,13,29,63,11,38" hai3="49,76,17,103,116,66,88,39,128,92,62,86,41"/><T20/><D114/><U72/><E0/><V10/><F123/><W12/><G116/><T48/><D69/><U68/><E68/><V134/><F118/><W104/><G128/><N who="0" m="49259" /><D95/><U44/><E77/><V120/><F120/><W109/><G109/><T53/><D111/><U71/><E71/><V35/><F134/><W1/><G1/><T2/><D2/><U100/><E75/><V121/><F10/><W91/><G39/><T8/><D8/><U133/><E72/><V108/><F108/><W37/><G37/><T28/><D79/><U9/><E133/><V112/><F112/><W73/><G104/><T47/><D74/><U7/><E127/><V5/><F121/><W107/><G107/><T102/><D102/><U84/><E84/><V81/><F40/><W135/><G135/><T93/><D93/><U60/><E43/><V22/><F38/><W3/><G3/><T32/><D32/><U45/><E45/><V105/><F105/><W132/><G132/><T36/><D36/><U52/><REACH who="1" step="1"/><E101/><REACH who="1" ten="250,240,250,250" step="2"/><V30/><F90/><W83/><G73/><T58/><D47/><U117/><E117/><V113/><F113/><W23/><G92/><T97/><D97/><U18/><E18/><N who="2" m="10575" /><F82/><W78/><G78/><T67/><D58/><U115/><E115/><V26/><F81/><W98/><G98/><T99/><D99/><U124/><E124/><V106/><F106/><W126/><G103/><T4/><D4/><U80/><E80/><V119/><F119/><W89/><G126/><T70/><D70/><U85/><E85/><V131/><F5/><W122/><G122/><RYUUKYOKU ba="0,1" sc="250,15,240,15,250,-15,250,-15" hai0="20,21,28,31,48,53,57,64,65,67" hai1="7,9,14,42,44,50,52,56,60,61,94,96,100" /><INIT seed="0,1,1,3,3,77" ten="265,255,235,235" oya="0" hai0="30,107,71,36,133,45,39,50,97,103,129,104,16" hai1="41,66,47,21,64,89,94,56,65,116,11,73,49" hai2="72,51,90,113,48,54,34,53,101,60,57,112,58" hai3="135,96,80,108,33,124,123,44,109,68,134,23,31"/><T55/><D71/><U91/><E73/><V111/><F34/><W32/><G68/><T82/><D129/><U18/><E11/><V131/><F72/><W38/><G96/><T98/><D133/><N who="3" m="50697" /><G44/><T115/><D115/><U63/><E116/><V3/><F3/><W4/><G38/><T27/><D82/><U26/><REACH who="1" step="1"/><E91/><REACH who="1" ten="265,245,235,235" step="2"/><V85/><F131/><W83/><G4/><T24/><D103/><U40/><E40/><V100/><F111/><N who="3" m="42571" /><G123/><T70/><D70/><U42/><E42/><V61/><F113/><W1/><G1/><T122/><D122/><U14/><E14/><V62/><REACH who="2" step="1"/><F112/><REACH who="2" ten="265,245,225,235" step="2"/><W52/><G124/><T88/><D39/><U127/><E127/><V102/><F102/><W28/><G23/><T59/><D36/><U126/><E126/><V121/><F121/><W37/><G37/><T12/><D12/><U29/><E29/><N who="3" m="11338" /><G32/><T25/><D30/><U130/><E130/><V120/><F120/><W119/><G33/><T93/><D27/><U118/><E118/><V19/><F19/><W43/><G43/><T35/><D35/><U8/><E8/><V132/><F132/><W76/><G119/><T15/><D25/><U86/><AGARI ba="1,3" hai="18,21,26,41,47,49,56,63,64,65,66,86,89,94" machi="86" ten="20,8000,1" yaku="1,1,0,1,7,1,8,1,53,1" doraHai="77" doraHaiUra="46" who="1" fromWho="1" sc="265,-41,245,113,225,-21,235,-21" /><INIT seed="1,0,0,4,4,47" ten="224,358,204,214" oya="1" hai0="10,17,0,18,113,75,6,45,8,40,99,67,54" hai1="128,19,46,82,20,26,30,33,68,57,131,104,2" hai2="15,43,135,93,88,39,3,94,53,123,129,55,130" hai3="1,89,101,108,58,81,103,121,23,117,85,61,73"/><U106/><E68/><V44/><F3/><W76/><G108/><T86/><D75/><U122/><E104/><V90/><F123/><W77/><G117/><T83/><D99/><U98/><E82/><V36/><F135/><W79/><G1/><T32/><D32/><U11/><E57/><V28/><F28/><W114/><G114/><T56/><D67/><U42/><E98/><N who="2" m="57639" /><F36/><W112/><G112/><T14/><D10/><U51/><E106/><V35/><F35/><W80/><G121/><T107/><D107/><U87/><E87/><N who="2" m="52575" /><F15/><W49/><G23/><T124/><D124/><U95/><E95/><V65/><F65/><N who="3" m="39095" /><G80/><T22/><D113/><U126/><E126/><V116/><F116/><W60/><G60/><T29/><D29/><U105/><E105/><V70/><F70/><W59/><G73/><T74/><D74/><U125/><E125/><V97/><F97/><W48/><G59/><T63/><D0/><U127/><E127/><V9/><F9/><W5/><G5/><T62/><D62/><U115/><E115/><V132/><F132/><W34/><G34/><T41/><D22/><U21/><E122/><V52/><F130/><W66/><G66/><T78/><D41/><U109/><E128/><V27/><F129/><W12/><G12/><T7/><D6/><N who="1" m="1495" /><E131/><V25/><F39/><AGARI ba="0,0" hai="7,8,14,17,18,39,40,45,54,56,63,78,83,86" machi="39" ten="30,1000,0" yaku="7,1" doraHai="47" who="0" fromWho="2" sc="224,10,358,0,204,-10,214,0" /><INIT seed="2,0,0,0,0,122" ten="234,358,194,214" oya="2" hai0="38,120,51,41,106,17,33,129,59,50,44,69,112" hai1="103,27,117,110,86,20,92,111,43,5,29,101,99" hai2="68,133,14,78,56,4,123,19,100,104,121,10,84" hai3="0,60,87,12,70,6,97,71,109,25,77,62,72"/><V63/><F68/><W65/><G12/><T34/><D106/><U7/><E117/><V39/><F39/><W82/><G87/><T119/><D120/><U52/><E43/><V35/><F35/><W1/><G25/><T8/><D112/><U127/><E101/><V45/><F133/><W88/><G6/><T76/><D119/><U18/><E127/><V47/><F123/><W36/><G36/><T64/><D129/><U55/><E7/><V15/><F121/><W107/><G88/><T79/><D33/><U89/><E5/><V128/><F128/><W118/><G118/><T131/><D34/><U48/><E29/><V31/><F31/><W116/><G116/><T37/><D131/><U135/><E135/><V85/><F104/><W67/><REACH who="3" step="1"/><G109/><REACH who="3" ten="234,358,194,204" step="2"/><N who="1" m="41482" /><E48/><V80/><F85/><W113/><G113/><T13/><D38/><U91/><E91/><V102/><F102/><AGARI ba="0,1" hai="0,1,60,62,65,67,70,71,72,77,82,97,102,107" machi="102" ten="40,8000,1" yaku="1,1,9,1,33,3,53,0" doraHai="122" doraHaiUra="16" who="3" fromWho="2" sc="234,0,358,0,194,-80,204,90" /><INIT seed="3,0,0,5,3,101" ten="234,358,114,294" oya="3" hai0="72,118,107,117,28,36,116,32,102,59,75,34,40" hai1="43,122,54,111,93,12,127,58,26,22,106,123,68" hai2="103,95,1,7,76,44,16,67,129,5,121,92,87" hai3="10,79,73,115,65,2,134,60,80,97,48,104,108"/><W23/><G115/><T49/><D49/><U119/><E68/><V27/><F129/><W0/><G134/><T135/><D135/><U31/><E119/><V38/><F121/><W3/><G23/><T89/><D89/><U17/><E123/><V57/><F38/><W4/><G48/><T9/><D9/><U6/><E122/><V124/><F124/><W18/><G18/><T125/><D125/><U66/><E127/><V69/><F69/><W15/><G108/><T84/><D84/><U61/><E111/><V105/><F105/><W55/><G55/><T113/><D113/><U62/><E106/><V110/><F110/><W24/><G24/><T71/><D59/><U39/><E6/><N who="2" m="2059" /><F44/><W100/><G15/><T109/><D109/><U30/><E43/><V51/><F1/><W52/><G52/><T94/><D94/><U130/><E130/><V132/><F132/><W45/><REACH who="3" step="1"/><G45/><REACH who="3" ten="234,358,114,284" step="2"/><N who="0" m="23687" /><D28/><U114/><E114/><V90/><F51/><W35/><G35/><N who="0" m="13355" /><D71/><AGARI ba="0,1" hai="0,2,3,4,10,60,65,71,73,79,80,97,100,104" machi="71" ten="30,18000,2" yaku="1,1,7,1,33,3,52,1,53,0" doraHai="101" doraHaiUra="88" who="3" fromWho="0" sc="234,-180,358,0,114,0,284,190" /><INIT seed="3,1,0,0,1,72" ten="54,358,114,474" oya="3" hai0="56,122,66,104,36,65,58,35,125,131,6,109,101" hai1="80,116,22,24,16,133,15,74,84,92,33,114,86" hai2="64,108,55,99,123,135,76,127,102,128,11,134,38" hai3="17,73,121,31,21,34,18,8,78,117,43,62,57"/><W63/><G121/><T111/><D6/><U71/><E114/><V42/><F123/><W4/><G117/><T124/><D35/><U88/><E71/><V59/><F64/><N who="0" m="24682" /><D101/><U110/><E116/><V126/><F108/><N who="0" m="41546" /><D104/><U44/><E110/><V94/><F11/><W89/><G34/><T98/><D98/><U119/><E133/><N who="2" m="50699" /><F38/><W5/><G31/><T87/><D87/><U26/><E119/><V81/><F42/><W40/><G73/><T82/><D82/><U52/><E33/><V39/><F39/><W2/><G89/><T113/><D122/><U32/><E32/><V85/><F128/><W51/><G8/><T10/><D10/><U75/><E75/><V95/><F95/><W30/><G30/><T47/><D131/><U79/><E74/><V129/><F129/><W27/><G21/><T49/><D113/><U1/><E1/><V97/><F97/><W41/><G27/><T106/><D106/><U28/><E28/><V132/><N who="2" m="50707" /><V12/><DORA hai="69" /><F12/><W7/><G2/><T23/><D23/><U70/><E70/><V60/><AGARI ba="1,0" hai="55,59,60,76,81,85,94,99,102,126,127" m="50707" machi="60" ten="40,2700,0" yaku="20,1,52,1" doraHai="72,69" who="2" fromWho="2" sc="54,-8,358,-8,114,30,474,-14" /><INIT seed="4,0,0,4,0,86" ten="46,350,144,460" oya="0" hai0="123,48,81,132,2,75,95,5,65,128,100,66,41" hai1="71,28,109,129,18,87,116,54,72,15,119,29,7" hai2="32,55,103,91,98,3,120,62,106,79,19,11,13" hai3="108,80,115,133,34,67,83,78,111,61,60,68,110"/><T96/><D123/><U46/><E71/><V84/><F120/><W39/><G115/><T21/><D128/><U99/><E72/><V122/><F122/><W47/><G133/><T90/><D132/><U125/><E7/><V124/><F32/><W4/><G34/><T8/><D21/><U135/><E135/><V101/><F124/><W45/><G4/><T35/><D35/><U105/><E109/><V36/><F36/><W70/><G39/><T17/><D17/><U43/><E43/><V53/><F3/><W26/><G26/><T73/><D73/><U31/><E125/><V16/><F103/><W127/><G127/><T93/><D81/><N who="3" m="31305" /><G78/><T114/><D75/><U22/><E129/><V64/><F79/><W97/><G97/><T131/><D131/><U107/><E99/><V89/><F19/><W126/><G126/><T56/><D114/><U102/><E102/><V20/><F20/><W74/><G74/><T58/><D58/><U117/><E46/><V10/><F10/><W52/><G70/><T94/><D94/><U63/><REACH who="1" step="1"/><E87/><REACH who="1" ten="46,340,144,460" step="2"/><V30/><F84/><W51/><G47/><N who="0" m="25711" /><D56/><AGARI ba="0,1" hai="15,18,22,28,29,31,54,56,63,105,107,116,117,119" machi="56" ten="50,1600,0" yaku="1,1,53,0" doraHai="86" doraHaiUra="1" who="1" fromWho="0" sc="46,-16,340,26,144,0,460,0" /><INIT seed="5,0,0,5,4,91" ten="30,366,144,460" oya="1" hai0="120,124,60,107,29,7,32,18,37,56,47,25,100" hai1="21,20,55,118,90,26,68,109,9,0,77,3,70" hai2="30,2,66,94,89,106,87,39,86,34,52,135,54" hai3="43,88,101,96,10,38,85,33,131,127,69,95,24"/><U110/><E77/><V11/><F106/><W119/><G69/><T93/><D120/><U46/><E118/><V78/><F39/><W13/><G119/><T71/><D124/><U92/><E68/><V97/><F135/><W81/><G127/><T73/><D73/><U102/><E70/><V82/><F66/><W42/><G131/><T112/><D112/><U72/><E72/><V111/><F111/><N who="1" m="42505" /><E102/><V49/><F34/><W64/><G64/><T41/><D7/><U113/><E113/><V105/><F30/><W1/><G1/><N who="1" m="586" /><E9/><V48/><F48/><W126/><G126/><T62/><D62/><U80/><E80/><V12/><F2/><W74/><G74/><T125/><D125/><U45/><E55/><V128/><F128/><W23/><G33/><T28/><D28/><N who="1" m="17479" /><E21/><V22/><F22/><W116/><G116/><T50/><D71/><U123/><E123/><V14/><F14/><W53/><G53/><T65/><D37/><U121/><E121/><V115/><F115/><W31/><G38/><T36/><D36/><U129/><E129/><V40/><F40/><W98/><G10/><T79/><D79/><U58/><E58/><V63/><F63/><W15/><G15/><T130/><D130/><U5/><E5/><N who="2" m="3183" /><F49/><W108/><G13/><T104/><REACH who="0" step="1"/><D18/><REACH who="0" ten="20,366,144,460" step="2"/><U17/><E17/><V114/><F114/><W103/><G108/><T57/><D57/><U133/><E133/><V132/><F132/><W44/><G44/><T6/><D6/><U134/><E134/><V67/><F67/><W19/><G19/><T8/><D8/><U35/><E35/><RYUUKYOKU ba="0,1" sc="20,0,366,0,144,0,460,0" hai0="25,29,32,41,47,50,56,60,65,93,100,104,107" hai1="45,46,90,92" hai2="52,54,78,82,86,87,89,94,97,105" hai3="23,24,31,42,43,81,85,88,95,96,98,101,103" /><INIT seed="5,1,1,3,0,125" ten="20,366,144,460" oya="1" hai0="130,40,128,76,102,31,59,89,106,33,21,16,26" hai1="29,51,123,86,48,36,55,94,134,6,43,22,73" hai2="110,96,88,131,113,91,37,99,122,45,79,69,68" hai3="58,39,23,108,126,82,30,120,3,18,103,47,10"/><U114/><E73/><V28/><F110/><W49/><G108/><T67/><D40/><U121/><E36/><V53/><F122/><W109/><G126/><T117/><D117/><U127/><E127/><V32/><F79/><W34/><G120/><T111/><D111/><U11/><E134/><V14/><F32/><W25/><G109/><T52/><D76/><U35/><E35/><V65/><F28/><W17/><G58/><T0/><D0/><U135/><E135/><V15/><F37/><W118/><G82/><T63/><D67/><U61/><E61/><V19/><F45/><W72/><G72/><T84/><D102/><U60/><E60/><V80/><F53/><W46/><G46/><T78/><D78/><U104/><E104/><V107/><F19/><W119/><G103/><T4/><D4/><U50/><E43/><V74/><F74/><W5/><G39/><T77/><D77/><U13/><E55/><V116/><F116/><N who="3" m="44587" /><G34/><T66/><D106/><U1/><E1/><V132/><F107/><W24/><G24/><T93/><REACH who="0" step="1"/><D66/><REACH who="0" ten="10,366,144,460" step="2"/><U27/><E123/><V12/><F65/><W115/><G115/><T9/><D9/><U90/><REACH who="1" step="1"/><E121/><REACH who="1" ten="10,356,144,460" step="2"/><V75/><F132/><W8/><G8/><T41/><D41/><AGARI ba="1,3" hai="3,5,10,17,18,23,25,30,41,47,49" m="44587" machi="41" ten="30,1000,0" yaku="12,1" doraHai="125" who="3" fromWho="0" sc="10,-13,356,0,144,0,460,43" owari="-3,-50.0,356,16.0,144,-26.0,503,60.0" /></mjloggm>