<mjloggm ver="2.3"><GO type="169"/><UN n0="%EF%BC%88%E2%89%A7%E2%96%BD%E2%89%A6%EF%BC%89" n1="%76%65%74%6F%6F" n2="%31%E6%9C%88%31%31%E6%97%A5" n3="%6C%69%67%68%74%39%39" dan="17,16,17,17" rate="2118,2023,2112,2137" sx="M,M,M,M"/><TAIKYOKU oya="0"/><INIT seed="0,0,0,5,4,118" ten="250,250,250,250" oya="0" hai0="16,95,116,127,132,49,1,77,50,46,129,133,67" hai1="34,47,29,45,54,58,51,22,35,72,128,101,123" hai2="85,59,99,130,63,57,117,19,44,48,28,107,0" hai3="73,90,88,66,56,84,17,14,96,102,31,32,78"/><T104/><D104/><U75/><E101/><V94/><F117/><W38/><G38/><T92/><D1/><U82/><E22/><V30/><F0/><W13/><G73/><T12/><D116/><U135/><E82/><V109/><F107/><W6/><G6/><T4/><D4/><U55/><E29/><V114/><F114/><W40/><G40/><T25/><D25/><U61/><E72/><V87/><F130/><W106/><G78/><T69/><D77/><U120/><E75/><V125/><F125/><W103/><G102/><T122/><D129/><U33/><E128/><V5/><F44/><W111/><G111/><T115/><D127/><U53/><E135/><N who="0" m="51785" /><D115/><U27/><E27/><V26/><F109/><W100/><G100/><T126/><D50/><AGARI ba="0,0" hai="33,34,35,45,47,50,51,53,54,55,58,61,120,123" machi="50" ten="40,5200,0" yaku="9,1,52,2" doraHai="118" who="1" fromWho="0" sc="250,-52,250,52,250,0,250,0" /><INIT seed="1,0,0,5,2,50" ten="198,302,250,250" oya="1" hai0="100,84,97,104,107,33,66,79,46,113,53,26,17" hai1="19,37,68,28,69,114,75,87,38,23,123,48,59" hai2="90,49,74,2,120,102,105,121,93,112,36,35,81" hai3="92,98,83,134,22,43,5,0,54,118,109,108,101"/><U29/><E123/><V13/><F2/><W16/><G134/><T70/><D113/><U41/><E75/><V31/><F36/><W125/><G125/><T39/><D107/><U82/><E114/><V132/><F112/><W130/><G130/><T63/><D17/><U111/><E37/><V34/><F13/><W32/><G32/><T7/><D7/><U110/><E38/><V94/><F132/><W126/><G126/><T18/><D18/><U57/><E29/><V62/><F62/><W9/><G43/><T20/><D20/><U91/><E28/><V128/><F128/><W3/><G3/><T10/><D10/><U131/><E131/><V129/><F129/><W42/><G42/><T135/><D135/><U61/><E57/><V12/><F12/><W64/><G64/><T127/><D127/><U40/><E48/><V124/><F94/><W30/><G30/><N who="0" m="19671" /><D84/><U117/><E117/><V71/><F124/><W103/><G103/><T85/><D85/><U52/><E40/><V47/><F74/><W15/><G118/><T72/><D39/><U80/><E41/><V14/><F31/><W67/><G67/><T60/><D60/><U116/><E80/><V25/><F35/><W115/><G115/><T4/><D4/><U65/><E116/><V96/><F34/><W11/><G83/><N who="0" m="45543" /><D46/><U76/><E76/><V1/><F47/><W122/><G22/><T55/><AGARI ba="0,0" hai="53,55,63,66,70,97,100,104" m="45543,19671" machi="55" ten="30,4000,0" yaku="25,1,52,2" doraHai="50" who="0" fromWho="0" sc="198,40,302,-20,250,-10,250,-10" /><INIT seed="2,0,0,3,0,126" ten="238,282,240,240" oya="2" hai0="103,23,67,109,62,108,33,15,106,2,122,51,28" hai1="115,73,130,120,128,97,61,118,59,113,26,133,57" hai2="63,135,116,96,105,3,21,119,44,81,49,84,66" hai3="20,70,39,85,52,13,12,1,110,114,8,91,83"/><V24/><F3/><W117/><G117/><T56/><D2/><U112/><E73/><V18/><F135/><W90/><G110/><T60/><D122/><U132/><E97/><V6/><F6/><W45/><G70/><T0/><D0/><U50/><E26/><V77/><F105/><W46/><G114/><T14/><D33/><U123/><E50/><V88/><F96/><W17/><G1/><T82/><D51/><U5/><E5/><V47/><F77/><W134/><G134/><N who="1" m="51818" /><E118/><V102/><F102/><W68/><G68/><T53/><D82/><U121/><E61/><V80/><F47/><W27/><G13/><T32/><D32/><U9/><E9/><V79/><F79/><W131/><G39/><T10/><D10/><U107/><E107/><V111/><F80/><W37/><G37/><T89/><D89/><U42/><E42/><V35/><F35/><W72/><G72/><T64/><D103/><U104/><E104/><V92/><F81/><W40/><G40/><T95/><D95/><U87/><E87/><V76/><F76/><W101/><G101/><T124/><D106/><U54/><E54/><V34/><F34/><W25/><G91/><T19/><D53/><U99/><E99/><V86/><F86/><W38/><G38/><T74/><D74/><U65/><E65/><V43/><REACH who="2" step="1"/><F111/><REACH who="2" ten="238,282,230,240" step="2"/><W22/><G45/><T100/><D100/><U98/><E98/><V11/><F11/><W31/><G46/><T48/><D109/><U93/><E93/><V55/><F55/><W29/><G52/><T69/><D108/><U129/><AGARI ba="0,1" hai="57,59,112,113,115,120,121,123,128,129,130" m="51818" machi="129" ten="50,32000,5" yaku="5,1,29,2,28,2,13,1,19,1,20,1,34,2,52,3" doraHai="126" who="1" fromWho="1" sc="238,-80,282,330,230,-160,240,-80" /><INIT seed="3,0,0,1,5,83" ten="158,612,70,160" oya="3" hai0="121,115,129,6,118,44,105,123,45,27,119,75,40" hai1="130,69,1,16,36,97,62,29,20,0,76,25,81" hai2="70,133,125,15,58,34,106,7,61,71,128,14,74" hai3="135,93,84,43,131,78,132,124,21,18,3,51,32"/><W94/><G32/><T120/><D75/><U134/><E36/><V30/><F74/><W116/><G3/><T85/><D105/><U98/><E130/><V111/><F106/><W42/><G116/><N who="0" m="44587" /><D6/><U102/><E134/><N who="3" m="51242" /><G131/><T80/><D27/><U49/><E49/><V91/><F128/><W33/><G33/><T65/><D129/><U72/><E97/><V17/><F133/><W13/><G124/><T99/><D99/><U5/><E5/><V50/><F125/><W57/><G57/><T26/><D26/><U23/><E62/><V60/><F111/><W101/><G101/><T9/><D45/><U90/><E90/><V126/><F91/><N who="3" m="53479" /><G78/><T103/><D103/><U12/><E69/><V82/><F126/><W100/><G51/><T95/><D123/><U110/><E110/><V113/><F50/><W88/><G100/><T39/><D121/><U47/><E47/><V55/><F34/><W37/><G37/><T73/><D44/><U48/><E48/><V114/><F71/><W86/><AGARI ba="0,0" hai="13,18,21,42,43,86,88,94" m="53479,51242" machi="86" ten="30,11700,0" yaku="20,1,52,2,54,1" doraHai="83" who="3" fromWho="3" sc="158,-39,612,-39,70,-39,160,117" /><INIT seed="3,1,0,2,0,4" ten="119,573,31,277" oya="3" hai0="54,134,109,61,21,71,80,105,122,41,107,3,32" hai1="48,94,91,31,39,97,35,23,13,118,73,50,69" hai2="84,26,104,27,52,72,103,57,132,44,49,16,38" hai3="68,11,12,102,124,37,85,111,89,24,66,36,135"/><W112/><G112/><T123/><D3/><U110/><E39/><V45/><F72/><W96/><G135/><T78/><D32/><U83/><E110/><V133/><F104/><W119/><G119/><T51/><D109/><U86/><E69/><V75/><F75/><W47/><G111/><T74/><D134/><N who="2" m="51818" /><F103/><W22/><G124/><T5/><D5/><U87/><E35/><V77/><F27/><W113/><G113/><T128/><D41/><U1/><E1/><V95/><F38/><W40/><G36/><T70/><D70/><U106/><E86/><V25/><F25/><W18/><G68/><T2/><D71/><U43/><E43/><V127/><F127/><W20/><G66/><T55/><D2/><U6/><E73/><V88/><F77/><W114/><G114/><T67/><D67/><U42/><E106/><V62/><F62/><W29/><G102/><T58/><D107/><U121/><E118/><V76/><F76/><W126/><G96/><T53/><D105/><U56/><E97/><V93/><F95/><W108/><G126/><T33/><D33/><U30/><E94/><V129/><F129/><W46/><G108/><T17/><D128/><U82/><E31/><V64/><F64/><W131/><G131/><T92/><D92/><U65/><E30/><V9/><F9/><W63/><G63/><T14/><D61/><U19/><E65/><V100/><F100/><W8/><G46/><T59/><D59/><U116/><E56/><V130/><F130/><W79/><G79/><T0/><D0/><U99/><E116/><V7/><F7/><RYUUKYOKU ba="1,0" sc="119,10,573,-30,31,10,277,10" hai0="14,17,21,51,53,54,55,58,74,78,80,122,123" hai2="16,26,44,45,49,52,57,84,88,93" hai3="8,11,12,18,20,22,24,29,37,40,47,85,89" /><INIT seed="3,2,0,5,5,66" ten="129,543,41,287" oya="3" hai0="18,79,51,15,14,125,112,17,63,33,8,80,50" hai1="123,12,52,42,38,21,30,129,28,37,132,114,59" hai2="11,93,126,120,91,0,100,78,2,117,90,75,19" hai3="74,130,10,105,73,7,135,71,27,64,124,67,131"/><W108/><G105/><T58/><D33/><U23/><E114/><V109/><F117/><W113/><G113/><T96/><D96/><U76/><E123/><V43/><F109/><W40/><G67/><T16/><D125/><U68/><E76/><V116/><F116/><W53/><G124/><T55/><D112/><U4/><E42/><V61/><F126/><W128/><G108/><T119/><D119/><U60/><E4/><V6/><F19/><W72/><G53/><T57/><D57/><U99/><E99/><V88/><F120/><W106/><G106/><T45/><D15/><U98/><E98/><V34/><F34/><W9/><G40/><T85/><REACH who="0" step="1"/><D51/><REACH who="0" ten="119,543,41,287" step="2"/><U77/><E12/><V104/><F0/><N who="3" m="231" /><G27/><T62/><D62/><U49/><E59/><V69/><F43/><AGARI ba="2,1" hai="8,14,16,17,18,43,45,50,55,58,63,79,80,85" machi="43" ten="30,7700,0" yaku="1,1,7,1,8,1,54,1,53,0" doraHai="66" doraHaiUra="89" who="0" fromWho="2" sc="119,93,543,0,41,-83,287,0" owari="212,-19.0,543,64.0,-42,-54.0,287,9.0" /></mjloggm>