<mjloggm ver="2.3"><GO type="169" lobby="0"/><UN n0="%EF%BC%93%EF%BD%90%E3%81%8C%E3%83%84%E3%83%A2%E3%82%8C%E3%81%AA%E3%81%84" n1="%EF%BC%88%E2%89%A7%E2%96%BD%E2%89%A6%EF%BC%89" n2="%4D%61%72%6C%69%6E" n3="%E3%81%93%E3%81%BE%E3%81%A3%E3%81%95%E3%82%93" dan="16,19,16,16" rate="2019.89,2272.88,2072.90,2122.75" sx="M,M,M,M"/><TAIKYOKU oya="0"/><INIT seed="0,0,0,4,2,103" ten="250,250,250,250" oya="0" hai0="59,48,51,2,134,8,80,63,49,1,113,104,45" hai1="117,79,111,116,37,122,10,91,106,11,55,94,32" hai2="43,120,25,4,129,42,61,68,107,96,12,72,29" hai3="46,53,67,30,7,13,19,31,128,78,88,70,54"/><T81/><D113/><U66/><E122/><V86/><F120/><W6/><G78/><T105/><D134/><U24/><E37/><V100/><F72/><W57/><G70/><T44/><D8/><U97/><E66/><N who="2" m="41039" /><F129/><W82/><G67/><T27/><D27/><U5/><E79/><V21/><F86/><N who="3" m="50263" /><G128/><T110/><D110/><U132/><E111/><V126/><F126/><W109/><G109/><T69/><D69/><U56/><E132/><V101/><F101/><W36/><G36/><T23/><D23/><U98/><E11/><V93/><F93/><W50/><G6/><T15/><D15/><U84/><E32/><N who="2" m="20527" /><F4/><W131/><G7/><T92/><D92/><U73/><E73/><V0/><F0/><N who="0" m="106" /><D59/><U39/><E5/><V125/><F125/><W17/><G131/><T3/><D63/><U16/><E94/><V108/><F108/><W85/><G85/><T41/><D41/><U133/><E84/><V58/><F58/><W75/><G75/><T60/><D60/><U121/><E56/><V87/><F87/><W115/><G115/><T9/><D9/><U130/><E10/><V124/><F124/><W20/><G19/><AGARI ba="0,0" hai="12,19,21,42,43,96,100,107" m="20527,41039" machi="19" ten="30,2000,0" yaku="25,1,52,1" doraHai="103" who="2" fromWho="3" sc="250,0,250,0,250,20,250,-20" /><INIT seed="1,0,0,0,0,33" ten="250,250,270,230" oya="1" hai0="64,124,115,131,97,134,10,63,23,20,132,18,80" hai1="32,14,66,7,95,4,49,11,78,22,93,15,127" hai2="133,111,76,65,120,35,34,94,105,36,53,45,8" hai3="117,38,107,59,116,89,100,106,86,130,75,17,55"/><U13/><E127/><V57/><F105/><W26/><G38/><T129/><D115/><U83/><E32/><V50/><F120/><W112/><G75/><T60/><D124/><U68/><E68/><V30/><F111/><W74/><G74/><T56/><D80/><U98/><E66/><V37/><F133/><N who="0" m="51306" /><D97/><U24/><E49/><V9/><F76/><W19/><G112/><T114/><D114/><U104/><E104/><V88/><F36/><W90/><G130/><N who="0" m="49675" /><D60/><U47/><E95/><V91/><F94/><W6/><G107/><T52/><D64/><U41/><E7/><V67/><F65/><W126/><G6/><T46/><D46/><U42/><E98/><V118/><F45/><W43/><G126/><T58/><D56/><U96/><E96/><V28/><F57/><W31/><G106/><T70/><D70/><U54/><E93/><V71/><F67/><W82/><G100/><T29/><D29/><N who="1" m="17559" /><E83/><V99/><F71/><W0/><G82/><T87/><D87/><U62/><E62/><V1/><F99/><W109/><G86/><T113/><D113/><U69/><E69/><V103/><F50/><W81/><G81/><T3/><D3/><N who="1" m="415" /><E78/><V5/><F103/><W25/><G31/><T123/><D123/><U2/><E2/><V102/><F1/><W27/><G0/><T73/><D73/><U21/><E47/><V85/><F102/><W61/><G59/><T92/><D92/><U48/><E48/><V12/><F30/><W16/><G61/><T135/><N who="0" m="51314" /><T77/><DORA hai="122" /><D77/><U121/><E121/><V51/><F37/><RYUUKYOKU ba="0,0" sc="250,30,250,-10,270,-10,230,-10" hai0="10,18,20,23,52,58,63" /><INIT seed="2,1,0,4,0,7" ten="280,240,260,220" oya="2" hai0="86,97,70,0,25,12,26,53,81,49,113,39,10" hai1="5,8,77,27,62,115,71,69,120,48,95,56,130" hai2="85,6,24,105,124,110,55,127,36,92,89,1,4" hai3="125,58,104,126,79,42,67,29,33,57,31,19,17"/><V103/><F36/><W94/><G104/><T59/><D113/><U98/><E115/><V82/><F110/><W108/><G42/><T54/><D70/><U22/><E120/><V37/><F37/><W41/><G41/><T50/><D0/><U18/><E48/><V76/><F24/><W91/><G79/><T64/><D64/><U43/><E43/><V38/><F38/><W109/><G94/><T101/><D39/><U60/><E77/><V16/><F55/><W63/><G91/><T34/><D34/><U83/><E83/><V135/><F135/><W40/><G40/><T11/><D97/><U23/><E23/><V28/><F28/><W2/><G2/><T114/><D101/><U122/><E62/><V73/><F16/><N who="3" m="6219" /><G57/><N who="0" m="32943" /><D114/><U112/><E112/><V100/><F100/><W80/><G80/><T84/><D12/><U132/><E132/><V9/><F4/><W133/><G133/><T14/><D14/><U75/><E122/><V119/><F119/><W78/><G33/><T117/><D117/><U88/><E75/><V46/><F46/><W13/><G13/><T51/><D51/><U93/><E93/><V52/><F52/><W72/><G108/><T30/><D81/><U45/><E45/><V102/><F102/><W74/><G109/><T123/><D123/><U107/><E107/><V47/><F47/><W111/><G111/><T128/><D54/><N who="1" m="33815" /><E130/><V68/><F68/><W99/><G74/><T131/><D131/><U3/><AGARI ba="1,0" hai="3,5,8,18,22,27,69,71,88,95,98" m="33815" machi="3" ten="30,4000,0" yaku="25,1,52,1,54,1" doraHai="7" who="1" fromWho="1" sc="280,-11,240,43,260,-21,220,-11" /><INIT seed="3,0,0,1,0,104" ten="269,283,239,209" oya="3" hai0="61,28,122,90,123,121,55,94,2,103,47,108,63" hai1="59,98,129,85,0,58,119,53,67,124,132,64,37" hai2="82,65,115,73,66,88,93,101,12,135,34,91,23" hai3="30,74,3,110,72,68,16,80,25,114,11,29,27"/><W51/><G68/><T24/><D2/><U7/><E37/><V89/><F34/><W109/><G114/><T107/><D108/><N who="3" m="41577" /><G80/><T20/><D103/><U100/><E59/><V21/><F115/><W9/><G51/><T86/><D107/><U120/><E120/><V46/><F135/><W102/><G102/><T44/><D61/><U49/><E132/><V15/><F73/><N who="3" m="28267" /><G16/><T69/><D69/><U19/><E49/><V134/><F82/><W125/><G125/><T126/><D126/><U33/><E19/><V14/><F134/><W32/><G3/><T54/><D122/><U39/><E0/><V17/><F17/><W18/><G18/><T57/><D123/><U52/><E100/><V5/><F5/><W10/><G32/><T106/><D121/><U97/><E33/><V118/><F101/><W76/><G76/><T92/><D28/><AGARI ba="0,0" hai="9,10,11,25,27,28,29,30" m="28267,41577" machi="28" ten="40,18000,2" yaku="28,2,14,1,10,1,52,3" doraHai="104" who="3" fromWho="0" sc="269,-180,283,0,239,0,209,180" /><INIT seed="3,1,0,5,0,3" ten="89,283,239,389" oya="3" hai0="90,43,87,63,74,100,5,28,27,21,20,113,35" hai1="82,9,0,67,73,22,84,108,15,62,86,60,79" hai2="51,132,70,44,59,47,1,54,12,16,104,93,78" hai3="40,92,125,133,25,96,75,109,124,126,71,10,89"/><W127/><G71/><T24/><D74/><U107/><E107/><V31/><F104/><W26/><G75/><T97/><D113/><U46/><E108/><V114/><F1/><W50/><G133/><T110/><D110/><U119/><E119/><V76/><F70/><W41/><G109/><T102/><D43/><U7/><E46/><N who="2" m="17451" /><F114/><W69/><G69/><T106/><D100/><U95/><E95/><V103/><F31/><W77/><G77/><T39/><D39/><U34/><E34/><V131/><F131/><W64/><G64/><T53/><D5/><U19/><REACH who="1" step="1"/><E62/><REACH who="1" ten="89,273,239,389" step="2"/><V48/><F132/><W117/><G117/><T112/><D112/><U13/><E13/><V17/><F12/><W58/><G127/><T14/><D14/><U23/><E23/><V99/><F51/><W88/><G50/><T30/><D63/><U57/><AGARI ba="1,1" hai="0,7,9,15,19,22,57,60,67,73,79,82,84,86" machi="57" ten="20,5200,0" yaku="1,1,0,1,7,1,52,1,53,0" doraHai="3" doraHaiUra="135" who="1" fromWho="1" sc="89,-14,273,65,239,-14,389,-27" /><INIT seed="4,0,0,5,0,89" ten="75,338,225,362" oya="0" hai0="52,29,107,7,77,80,85,8,103,68,60,69,43" hai1="0,2,102,92,120,44,45,35,58,133,71,76,54" hai2="16,40,66,67,48,1,12,30,56,55,83,13,72" hai3="51,75,111,101,125,74,78,61,116,4,114,98,23"/><T117/><D117/><U87/><E35/><V124/><F1/><W32/><G32/><T108/><D108/><U59/><E71/><V109/><F109/><W106/><G111/><T119/><D119/><U65/><E120/><V11/><F124/><W24/><G116/><T122/><D122/><U22/><E133/><V14/><F30/><W3/><G125/><T105/><D29/><U118/><E118/><V47/><F72/><W73/><G114/><T121/><D121/><U31/><E2/><V88/><F14/><W10/><G51/><T82/><D43/><U27/><E0/><V49/><REACH who="2" step="1"/><F13/><REACH who="2" ten="75,338,215,362" step="2"/><W123/><G123/><T6/><D6/><U36/><E31/><V135/><F135/><W39/><G75/><N who="0" m="43071" /><D103/><U9/><E102/><V91/><F91/><W100/><G100/><T127/><D127/><U46/><E76/><V86/><AGARI ba="0,1" hai="11,12,16,40,47,48,49,55,56,66,67,83,86,88" machi="86" ten="30,8000,1" yaku="1,1,0,1,8,1,54,2,53,0" doraHai="89" doraHaiUra="128" who="2" fromWho="2" sc="75,-40,338,-20,215,90,362,-20" /><INIT seed="5,0,0,5,3,21" ten="35,318,305,342" oya="1" hai0="36,100,86,96,131,53,6,116,87,45,44,125,132" hai1="90,83,89,2,57,77,3,130,0,70,47,24,128" hai2="60,66,54,95,81,29,11,52,69,31,5,35,46" hai3="129,20,115,7,98,62,111,27,28,134,49,126,84"/><U25/><E70/><V110/><F110/><W127/><G111/><T26/><D116/><U12/><E12/><V102/><F35/><W23/><G62/><T48/><D125/><U114/><E114/><V55/><F46/><W94/><G84/><T79/><D131/><N who="1" m="50219" /><E57/><V14/><REACH who="2" step="1"/><F81/><REACH who="2" ten="35,318,295,342" step="2"/><W38/><G129/><T8/><D132/><U72/><E47/><V41/><F41/><W17/><G134/><T40/><D79/><U59/><E59/><V120/><F120/><W122/><G122/><T76/><D76/><U123/><E123/><V108/><F108/><W118/><G118/><T58/><D44/><U113/><E113/><V65/><F65/><W33/><G115/><T119/><D119/><U18/><E18/><V104/><F104/><W16/><G38/><T43/><D40/><U75/><E75/><V99/><AGARI ba="0,1" hai="5,11,14,29,31,52,54,55,60,66,69,95,99,102" machi="99" ten="30,4000,0" yaku="1,1,0,1,54,1,53,0" doraHai="21" doraHaiUra="68" who="2" fromWho="2" sc="35,-10,318,-20,295,50,342,-10" /><INIT seed="6,0,0,2,0,2" ten="25,298,345,332" oya="2" hai0="71,112,31,123,59,92,74,20,90,56,6,115,79" hai1="32,104,17,68,5,13,11,45,67,46,63,49,40" hai2="121,36,73,86,38,60,22,96,37,18,82,47,91" hai3="102,111,72,100,1,110,48,4,107,53,106,66,15"/><V27/><F121/><W80/><G1/><T117/><D71/><U65/><E104/><V124/><F124/><W51/><G66/><T28/><D123/><U94/><E32/><V103/><F73/><W43/><G43/><T70/><D70/><U14/><E67/><V98/><F60/><W126/><G80/><T84/><D117/><U10/><E94/><V75/><F75/><W42/><G42/><T134/><D134/><U89/><E89/><V101/><REACH who="2" step="1"/><F47/><REACH who="2" ten="25,298,335,332" step="2"/><W116/><G72/><T78/><D74/><U99/><E46/><V81/><F81/><W21/><G126/><T125/><D125/><U55/><REACH who="1" step="1"/><E99/><AGARI ba="0,1" hai="18,22,27,36,37,38,82,86,91,96,98,99,101,103" machi="99" ten="40,3900,0" yaku="1,1,53,1" doraHai="2" doraHaiUra="87" who="2" fromWho="1" sc="25,0,298,-39,335,49,332,0" /><INIT seed="6,1,0,3,4,64" ten="25,259,384,332" oya="2" hai0="70,130,96,67,34,100,20,6,10,116,126,114,89" hai1="82,18,93,7,21,30,24,16,44,28,29,92,8" hai2="127,108,104,111,75,53,78,110,117,122,14,48,119" hai3="0,50,121,95,105,26,118,113,98,31,112,1,107"/><V62/><F104/><W72/><G72/><T35/><D20/><U120/><E120/><V61/><F122/><W68/><G121/><T3/><D89/><U84/><E44/><N who="2" m="27783" /><F127/><W66/><G50/><T86/><D86/><U63/><E63/><N who="2" m="24075" /><F14/><W133/><G118/><N who="2" m="45065" /><F78/><W41/><G41/><T81/><D116/><U33/><E18/><V52/><F75/><W128/><G128/><T129/><D126/><U71/><E33/><V123/><F123/><W124/><G124/><T39/><D114/><N who="3" m="44137" /><G133/><T32/><D39/><U59/><E59/><V58/><F111/><W17/><G17/><T131/><D81/><U80/><E80/><V40/><F40/><W5/><G5/><T25/><D25/><U135/><E135/><V69/><F69/><W49/><G49/><AGARI ba="1,0" hai="49,52,58,108,110" m="45065,24075,27783" machi="49" ten="30,5800,0" yaku="34,2,54,1" doraHai="64" who="2" fromWho="3" sc="25,0,259,0,384,61,332,-61" /><INIT seed="6,2,0,4,1,25" ten="25,259,445,271" oya="2" hai0="67,55,96,77,102,22,14,52,19,7,4,87,125" hai1="104,15,58,94,34,49,134,92,13,115,12,126,62" hai2="43,23,80,135,32,122,131,98,63,56,8,109,74" hai3="26,1,71,16,44,105,36,59,117,42,38,48,116"/><V113/><F122/><W46/><G105/><T90/><D125/><U45/><E104/><V81/><F32/><W86/><G71/><T76/><D67/><U20/><E34/><V60/><F113/><W103/><G1/><T129/><D129/><U93/><E126/><V73/><F131/><W3/><G3/><T5/><D76/><U128/><E134/><V75/><F135/><W41/><G103/><T130/><D77/><U111/><E111/><V65/><F109/><W68/><G86/><T89/><D130/><U118/><E118/><V101/><F43/><W108/><G68/><T50/><D87/><U6/><E115/><V95/><F8/><W88/><G108/><T66/><D66/><N who="1" m="39255" /><E128/><V35/><F35/><W0/><G0/><T91/><REACH who="0" step="1"/><D50/><REACH who="0" ten="15,259,445,271" step="2"/><U120/><E120/><V27/><F63/><W72/><G48/><T31/><D31/><AGARI ba="2,1" hai="23,27,31,56,60,65,73,74,75,80,81,95,98,101" machi="31" ten="40,7700,0" yaku="25,2,52,1" doraHai="25" who="2" fromWho="0" sc="15,-83,259,0,445,93,271,0" owari="-68,-57.0,259,-14.0,538,64.0,271,7.0" /></mjloggm>