<mjloggm ver="2.3"><GO type="169"/><UN n0="%76%65%74%6F%6F" n1="%E3%81%AF%E3%81%90%E3%82%8C%E3%83%9F%E3%83%B3%E3%83%88" n2="%E3%83%9C%E3%83%84" n3="%EF%BC%88%E2%89%A7%E2%96%BD%E2%89%A6%EF%BC%89" dan="16,16,17,18" rate="2040,2047,2167,2214" sx="M,F,M,M"/><TAIKYOKU oya="0"/><INIT seed="0,0,0,2,1,79" ten="250,250,250,250" oya="0" hai0="86,58,117,71,14,52,41,3,46,100,16,97,103" hai1="74,0,32,123,132,76,63,50,8,36,12,30,19" hai2="34,104,38,95,84,49,85,114,66,130,99,21,129" hai3="31,105,24,61,135,18,43,39,59,6,115,27,40"/><T64/><D117/><U73/><E123/><V4/><F34/><W96/><G115/><T62/><D3/><U68/><E36/><V93/><F38/><W54/><G135/><T56/><D86/><U9/><E132/><V57/><F4/><W67/><G6/><T48/><D97/><U23/><E0/><V13/><F104/><W70/><G18/><T2/><D2/><U110/><E110/><V53/><F66/><W78/><G78/><T111/><D111/><U5/><E5/><V69/><F69/><W77/><G77/><T124/><D124/><U102/><E102/><V65/><F65/><W75/><G75/><T25/><D25/><U108/><E108/><V92/><F99/><W118/><G118/><T98/><D98/><U11/><E50/><V42/><F42/><W45/><G40/><T112/><D112/><U91/><E91/><V109/><F114/><W17/><G17/><T35/><D35/><U10/><E76/><V80/><F109/><W33/><G27/><T119/><D119/><U125/><E125/><V127/><F127/><W101/><REACH who="3" step="1"/><G54/><REACH who="3" ten="250,250,250,240" step="2"/><T90/><D41/><U44/><E74/><V55/><F53/><W89/><G89/><T134/><D90/><U60/><E73/><V29/><F85/><W94/><G94/><T82/><D134/><U87/><E87/><V20/><F29/><W15/><G15/><T51/><D14/><U128/><E30/><V133/><F13/><W106/><G106/><T107/><D107/><U26/><E26/><V121/><F133/><W22/><G22/><N who="2" m="8809" /><F121/><W131/><G131/><T113/><D113/><RYUUKYOKU ba="0,1" sc="250,-15,250,-15,250,15,240,15" hai2="49,55,57,80,84,92,93,95,129,130" hai3="24,31,33,39,43,45,59,61,67,70,96,101,105" /><INIT seed="1,1,1,2,0,12" ten="235,235,265,255" oya="1" hai0="134,68,22,76,79,118,11,81,99,91,48,42,40" hai1="89,44,115,17,28,130,84,47,60,38,8,9,0" hai2="67,36,95,3,96,19,122,78,109,66,129,74,87" hai3="13,64,97,27,61,102,30,2,37,114,86,127,83"/><U57/><E115/><V132/><F122/><W73/><G114/><T52/><D118/><U34/><E130/><V69/><F3/><W31/><G2/><T33/><D33/><U6/><E38/><V70/><F36/><W71/><G127/><T126/><D68/><U62/><E62/><V88/><F129/><W45/><G73/><T90/><D126/><U85/><E85/><V121/><F121/><W29/><G13/><T100/><D134/><U46/><E34/><V39/><F39/><W58/><G37/><T135/><D135/><U117/><E117/><V105/><F132/><W49/><G71/><T15/><D22/><U72/><E72/><V80/><F109/><W101/><G27/><T94/><D90/><U59/><E28/><V21/><F70/><W113/><G97/><T51/><D76/><U75/><E75/><V82/><F69/><W7/><G7/><T14/><D14/><U124/><E124/><V23/><F23/><W43/><REACH who="3" step="1"/><G113/><REACH who="3" ten="235,235,265,245" step="2"/><T20/><D15/><U120/><E120/><V111/><F111/><W110/><G110/><T1/><D1/><U77/><E9/><V63/><F74/><W108/><G108/><T106/><D11/><U98/><E98/><V26/><F96/><W18/><G18/><T92/><D99/><U10/><E10/><V53/><F105/><W128/><G128/><T125/><D106/><U103/><E17/><V119/><F119/><W24/><G24/><T54/><D125/><U112/><E112/><V93/><F26/><W116/><G116/><T55/><D100/><U35/><E8/><V56/><F19/><RYUUKYOKU ba="1,2" sc="235,-10,235,-10,265,-10,245,30" hai3="29,30,31,43,45,49,58,61,64,83,86,101,102" /><INIT seed="2,2,2,5,2,88" ten="225,225,255,275" oya="2" hai0="100,48,22,25,34,10,81,24,39,6,14,40,93" hai1="114,30,32,33,56,75,133,97,53,42,49,20,101" hai2="115,110,70,128,69,82,74,125,55,109,73,64,68" hai3="130,86,131,62,29,12,59,77,129,80,43,60,66"/><V17/><F115/><W119/><G119/><T50/><D34/><U52/><E114/><V84/><F64/><W126/><G126/><T116/><D116/><U65/><E133/><V8/><F125/><W90/><G43/><T92/><D39/><U2/><E2/><V31/><F31/><W87/><G29/><T38/><D38/><U9/><E75/><V37/><F37/><W21/><G62/><T27/><D81/><U47/><E65/><V7/><F17/><N who="3" m="10407" /><G90/><T15/><D100/><U3/><E53/><V107/><F55/><W36/><G36/><T103/><D103/><U127/><E127/><V104/><F128/><W44/><G44/><N who="0" m="25607" /><D50/><U89/><E89/><N who="2" m="51351" /><F74/><AGARI ba="2,2" hai="59,60,66,74,77,80,86,87,129,130,131" m="10407" machi="74" ten="30,1000,0" yaku="19,1" doraHai="88" who="3" fromWho="2" sc="225,0,225,0,255,-16,275,36" /><INIT seed="3,0,0,2,2,118" ten="225,225,239,311" oya="3" hai0="109,77,130,47,103,133,41,23,38,28,46,97,30" hai1="48,37,124,88,44,106,57,107,49,61,91,69,39" hai2="20,68,9,13,4,50,40,116,105,75,108,127,96" hai3="19,35,70,54,115,102,114,33,110,95,7,100,24"/><W94/><G70/><T73/><D109/><U58/><E124/><V8/><F68/><W78/><G7/><T12/><D130/><U53/><E69/><V132/><F75/><W71/><G71/><T84/><D133/><U89/><E61/><V90/><F116/><W87/><G54/><T79/><D73/><U65/><E65/><V5/><F108/><W52/><G52/><T18/><D47/><U59/><REACH who="1" step="1"/><E49/><REACH who="1" ten="225,215,239,311" step="2"/><V36/><F50/><W129/><G110/><T22/><D38/><AGARI ba="0,1" hai="37,38,39,44,48,53,57,58,59,88,89,91,106,107" machi="38" ten="50,6400,0" yaku="1,1,2,1,54,1,53,0" doraHai="118" doraHaiUra="29" who="1" fromWho="0" sc="225,-64,215,74,239,0,311,0" /><INIT seed="4,0,0,0,0,92" ten="161,289,239,311" oya="0" hai0="16,72,94,51,77,115,96,105,42,128,122,120,134" hai1="53,117,46,4,99,71,97,29,44,11,129,82,19" hai2="15,85,0,50,126,59,116,49,23,43,111,83,127" hai3="57,75,10,32,45,70,135,88,14,68,100,109,7"/><T79/><D115/><U38/><E117/><V40/><F0/><W3/><G75/><T113/><D113/><U63/><E129/><V13/><F116/><W130/><G32/><T107/><D42/><U6/><E29/><V98/><F111/><W81/><G109/><T52/><D128/><U21/><E82/><V67/><F23/><W47/><G130/><T12/><D134/><U102/><E102/><V60/><F40/><W106/><G135/><T114/><D114/><U112/><E112/><V118/><F118/><W30/><G30/><T66/><D66/><U103/><E103/><V87/><F87/><N who="3" m="50287" /><G3/><T104/><D72/><U54/><E71/><V125/><F98/><N who="1" m="37385" /><E38/><V1/><F1/><W36/><G100/><T9/><D122/><U25/><E11/><V17/><F43/><W37/><G70/><T110/><D110/><U90/><E90/><N who="2" m="51519" /><F17/><W101/><G68/><T74/><D74/><U131/><E131/><V55/><F50/><W39/><G106/><T86/><D120/><U121/><E121/><V27/><F126/><W31/><G101/><T123/><D123/><U48/><E63/><V2/><F2/><W91/><G31/><T133/><D133/><U69/><E69/><V28/><F127/><W24/><G91/><T20/><D9/><U58/><E58/><N who="2" m="33135" /><F125/><W64/><G57/><N who="0" m="32927" /><D96/><U84/><E84/><V35/><F35/><W61/><G61/><T132/><D132/><U124/><E124/><V78/><F78/><W108/><G108/><T93/><D77/><U34/><E34/><N who="2" m="20767" /><F60/><W8/><G37/><T22/><D22/><U89/><E89/><RYUUKYOKU ba="0,0" sc="161,10,289,10,239,10,311,-30" hai0="12,16,20,79,86,93,94,104,105,107" hai1="4,6,19,21,25,44,46,48,53,54" hai2="13,15,59,67" /><INIT seed="4,1,0,3,3,113" ten="171,299,249,281" oya="0" hai0="18,121,25,6,102,3,81,26,100,105,112,16,97" hai1="49,35,76,82,78,120,103,90,7,37,83,22,126" hai2="52,110,75,8,51,96,34,39,125,73,12,88,68" hai3="129,50,77,86,85,132,95,10,128,127,33,106,20"/><T66/><D112/><U114/><E35/><V47/><F34/><W87/><G33/><T130/><D121/><U122/><E37/><V44/><F110/><W28/><G106/><T17/><D130/><N who="3" m="50281" /><G132/><T98/><D3/><U63/><E114/><V72/><F68/><W43/><G10/><T84/><D6/><U19/><E126/><V70/><F70/><W1/><G1/><T59/><D66/><U115/><E115/><V9/><F125/><W118/><G127/><T80/><D59/><U107/><E7/><V92/><REACH who="2" step="1"/><F12/><REACH who="2" ten="171,299,239,281" step="2"/><W101/><G77/><T55/><D55/><U15/><E78/><V67/><F67/><W111/><G111/><T57/><D57/><U89/><E76/><V117/><F117/><W11/><G118/><T123/><D123/><U45/><E122/><V14/><F14/><W29/><G43/><AGARI ba="1,1" hai="8,9,39,43,44,47,51,52,72,73,75,88,92,96" machi="43" ten="40,8000,1" yaku="1,1,54,2,53,1" doraHai="113" doraHaiUra="38" who="2" fromWho="3" sc="171,0,299,0,239,93,281,-83" /><INIT seed="5,0,0,2,0,112" ten="171,299,332,198" oya="1" hai0="53,133,134,69,117,26,89,72,92,44,62,41,63" hai1="59,32,93,124,37,71,68,43,20,109,2,36,66" hai2="35,11,51,121,97,31,74,19,54,16,77,82,104" hai3="113,34,94,96,135,23,101,52,50,6,122,130,70"/><U8/><E32/><V80/><F121/><W7/><G34/><T83/><D26/><U115/><E115/><V98/><F82/><W129/><G113/><T39/><D72/><U33/><E33/><V132/><F132/><N who="0" m="50794" /><D83/><U38/><E124/><V14/><F104/><W78/><G135/><T0/><D0/><U30/><E109/><V29/><F35/><W111/><G111/><T118/><D89/><U42/><E93/><V88/><F19/><W91/><G122/><T75/><D92/><U28/><E2/><V58/><F88/><W86/><G78/><T45/><D75/><U5/><E8/><V60/><REACH who="2" step="1"/><F51/><REACH who="2" ten="171,299,322,198" step="2"/><W40/><G91/><T46/><D69/><U127/><E68/><V108/><F108/><W125/><G70/><T99/><D99/><AGARI ba="0,1" hai="11,14,16,29,31,54,58,60,74,77,80,97,98,99" machi="99" ten="40,5200,0" yaku="1,1,54,1,53,1" doraHai="112" doraHaiUra="4" who="2" fromWho="0" sc="171,-52,299,0,322,62,198,0" /><INIT seed="6,0,0,1,3,90" ten="119,299,384,198" oya="2" hai0="102,3,129,119,131,134,71,50,133,93,98,15,40" hai1="6,16,11,22,68,64,124,62,34,46,56,116,75" hai2="135,113,9,89,29,51,130,100,0,61,70,21,4" hai3="53,80,86,79,73,24,67,72,105,95,59,132,54"/><V41/><F113/><W65/><G105/><T14/><D3/><U18/><E116/><V38/><F38/><W35/><G132/><N who="0" m="50795" /><D71/><U108/><E108/><V36/><F36/><W114/><G114/><T52/><D40/><U2/><E75/><V49/><F100/><W125/><G125/><T88/><D102/><U27/><E124/><V115/><F41/><W112/><G112/><T82/><D82/><U66/><E34/><V78/><F78/><W107/><G107/><T110/><D110/><U122/><E122/><V60/><F60/><W85/><G35/><T47/><D119/><U10/><E46/><V20/><F115/><W97/><G24/><T44/><D47/><U128/><E128/><AGARI ba="0,0" hai="14,15,44,50,52,88,93,98,128,129,131" m="50795" machi="128" ten="30,8000,1" yaku="19,1,20,1,52,1,54,2" doraHai="90" who="0" fromWho="1" sc="119,80,299,-80,384,0,198,0" /><INIT seed="7,0,0,3,3,14" ten="199,219,384,198" oya="3" hai0="129,27,89,33,81,38,55,101,103,49,70,115,61" hai1="34,95,126,79,68,83,75,12,96,3,1,6,90" hai2="60,98,114,64,80,72,21,134,23,116,17,28,4" hai3="73,104,105,18,113,91,117,46,56,82,58,57,48"/><W59/><G117/><T118/><D118/><U84/><E126/><V123/><F4/><W132/><G113/><T37/><D115/><U135/><E34/><V99/><F123/><W109/><N who="3" m="14336" /><DORA hai="92" /><W39/><G39/><T106/><D129/><U13/><E68/><V24/><F134/><W36/><G36/><T94/><D81/><U120/><E120/><V87/><F72/><W29/><G132/><T47/><D89/><U9/><E135/><V100/><F100/><W19/><G109/><T78/><D94/><U7/><E75/><V30/><F30/><W102/><G29/><N who="0" m="19647" /><D78/><U93/><E93/><V42/><F42/><W5/><G5/><T26/><D26/><U76/><E76/><V67/><F60/><W133/><G133/><T20/><D20/><U51/><E51/><V10/><F21/><W65/><G65/><N who="2" m="25161" /><F114/><W0/><G0/><T97/><D101/><U35/><E35/><V41/><F41/><W121/><G121/><T2/><D2/><U66/><E66/><AGARI ba="0,0" hai="37,38,47,49,55,61,66,70,97,103,106" m="19647" machi="66" ten="30,2000,0" yaku="25,1,52,1" doraHai="14,92" who="0" fromWho="1" sc="199,20,219,-20,384,0,198,0" owari="219,2.0,199,-20.0,384,48.0,198,-30.0" /></mjloggm>