<mjloggm ver="2.3"><GO type="169" lobby="0"/><UN n0="%E3%83%AA%E3%83%95%E3%83%AC%E3%82%AF%E3%83%86%E3%82%A3%E3%82%A2" n1="%E3%82%B9%E3%83%86%E3%83%AB%E3%82%B9%6B%69%6E%6F" n2="%EF%BC%88%E2%89%A7%E2%96%BD%E2%89%A6%EF%BC%89" n3="%E3%82%80%E3%81%A8%E3%81%85%E3%83%BC" dan="17,16,18,16" rate="2129.99,2086.23,2224.21,2040.23" sx="F,F,M,M"/><TAIKYOKU oya="0"/><INIT seed="0,0,0,2,3,8" ten="250,250,250,250" oya="0" hai0="99,42,68,101,110,108,25,80,26,87,11,16,47" hai1="52,30,112,98,51,76,1,39,19,50,18,21,7" hai2="102,49,66,78,29,104,121,118,23,40,125,72,59" hai3="75,9,73,126,83,64,58,91,2,61,81,117,46"/><T86/><D68/><U41/><E39/><V88/><F121/><W100/><G126/><T57/><D57/><U24/><E112/><V95/><F125/><W56/><G100/><T33/><D33/><U92/><E76/><V123/><F123/><W89/><G117/><T119/><D119/><U74/><E74/><V116/><F104/><W15/><G2/><T60/><D60/><U10/><E50/><V12/><F102/><W43/><G58/><T38/><D26/><U55/><E41/><V127/><F127/><W96/><G96/><T6/><D25/><U44/><REACH who="1" step="1"/><E55/><REACH who="1" ten="250,240,250,250" step="2"/><N who="2" m="32239" /><F118/><W129/><G75/><T22/><D108/><U114/><E114/><V71/><F116/><W107/><G73/><T3/><D110/><U54/><E54/><V105/><F72/><W31/><G43/><T0/><D0/><U67/><E67/><V14/><F40/><W82/><G64/><T84/><D80/><U133/><E133/><V103/><F78/><W111/><G81/><T134/><D134/><U5/><E5/><V128/><F66/><W109/><G83/><T28/><D28/><U124/><E124/><V65/><F65/><W27/><G31/><T37/><D37/><U97/><E97/><V70/><F29/><W34/><G82/><T122/><D122/><U93/><E93/><V53/><F95/><W20/><G109/><T132/><D132/><U69/><E69/><V63/><F71/><W131/><G111/><T135/><D135/><U85/><E85/><V106/><F70/><W130/><G107/><N who="0" m="63935" /><D87/><U79/><E79/><V94/><F106/><W4/><G129/><RYUUKYOKU ba="0,1" sc="250,15,240,15,250,-15,250,-15" hai0="3,6,11,16,22,38,42,47,84,86" hai1="1,7,10,18,19,21,24,30,44,51,52,92,98" /><INIT seed="0,1,1,3,3,51" ten="265,255,235,235" oya="0" hai0="15,90,135,47,58,128,31,33,91,74,32,108,26" hai1="82,110,113,92,21,85,38,104,112,68,17,99,14" hai2="81,40,57,36,93,25,43,10,9,35,73,131,117" hai3="44,8,69,62,132,3,22,49,77,60,65,23,111"/><T71/><D71/><U98/><E38/><V123/><F123/><W30/><G111/><T95/><D74/><U53/><E68/><V59/><F131/><W72/><G132/><T127/><D135/><U79/><E110/><V96/><F117/><W54/><G62/><T101/><D108/><U103/><REACH who="1" step="1"/><E53/><REACH who="1" ten="265,245,235,235" step="2"/><V0/><F36/><W55/><G55/><T48/><D128/><U87/><E87/><V86/><F86/><W97/><G72/><T24/><D58/><U19/><E19/><V105/><F57/><W84/><G84/><T29/><D127/><U134/><E134/><V13/><F59/><W129/><G54/><T102/><D15/><U94/><E94/><V4/><F93/><W119/><G3/><T76/><D76/><U124/><E124/><V61/><F0/><W20/><G69/><T64/><D64/><U122/><E122/><V50/><F73/><W2/><G65/><T28/><D28/><U121/><E121/><V114/><F105/><W52/><G2/><T11/><D11/><U89/><AGARI ba="1,2" hai="14,17,21,79,82,85,89,92,98,99,103,104,112,113" machi="89" ten="30,2000,0" yaku="1,1,0,1,53,0" doraHai="51" doraHaiUra="115" who="1" fromWho="1" sc="265,-11,245,43,235,-6,235,-6" /><INIT seed="1,0,0,1,2,88" ten="254,288,229,229" oya="1" hai0="108,76,62,3,73,106,66,28,124,67,110,107,24" hai1="9,86,4,132,14,27,38,103,23,42,97,119,2" hai2="32,69,34,127,128,57,116,104,50,31,91,52,8" hai3="25,46,114,61,94,60,126,133,129,47,17,85,22"/><U111/><E119/><V54/><F69/><W92/><G114/><T125/><D67/><U68/><E68/><V72/><F116/><W90/><G129/><T123/><D3/><U39/><E132/><V95/><F104/><W10/><G133/><T1/><D1/><U115/><E115/><V15/><F72/><W75/><G75/><T98/><D123/><U121/><E121/><V64/><F64/><W20/><G10/><T112/><D112/><U43/><E111/><N who="0" m="42537" /><D76/><U41/><E86/><V101/><F101/><W49/><G126/><N who="0" m="48747" /><D73/><U45/><E2/><V96/><F127/><W109/><G109/><T51/><D51/><U21/><E39/><V77/><F77/><W105/><G105/><T59/><D98/><U35/><E35/><AGARI ba="0,0" hai="24,28,35,59,62,66,106,107" m="48747,42537" machi="35" ten="30,2000,0" yaku="14,1,18,1" doraHai="88" who="0" fromWho="1" sc="254,20,288,-20,229,0,229,0" /><INIT seed="2,0,0,5,4,50" ten="274,268,229,229" oya="2" hai0="60,77,40,133,14,46,127,7,63,130,62,58,49" hai1="97,124,113,10,70,13,90,19,74,35,123,22,59" hai2="88,104,55,6,11,93,83,108,34,2,102,9,69" hai3="25,110,24,134,44,105,15,47,89,39,106,64,76"/><V98/><F69/><W68/><G110/><T132/><D77/><U57/><E113/><V29/><F108/><W16/><G134/><N who="0" m="51819" /><D7/><U79/><E35/><V12/><F83/><W87/><G76/><T128/><D127/><U116/><E116/><V45/><F29/><W129/><G129/><N who="0" m="49771" /><D14/><U80/><E70/><V36/><F34/><W31/><G64/><AGARI ba="0,0" hai="40,46,49,58,60,62,63,64" m="49771,51819" machi="64" ten="30,7700,0" yaku="20,1,19,1,34,2" doraHai="50" who="0" fromWho="3" sc="274,77,268,0,229,0,229,-77" /><INIT seed="3,0,0,2,2,27" ten="351,268,229,152" oya="3" hai0="23,105,58,96,112,74,36,97,104,129,57,107,119" hai1="35,134,115,12,22,21,38,79,32,77,40,113,4" hai2="13,50,52,95,19,51,66,20,68,54,99,89,94" hai3="91,41,14,11,114,103,124,45,37,135,15,106,111"/><W128/><G114/><T123/><D36/><U62/><E134/><V65/><F68/><W118/><G118/><T2/><D2/><U85/><E62/><V24/><F51/><W132/><G128/><T120/><D119/><U63/><E63/><V49/><F49/><W46/><G124/><T8/><D74/><U92/><E38/><V18/><F94/><W110/><G46/><T7/><D7/><U43/><E92/><V9/><REACH who="2" step="1"/><F54/><REACH who="2" ten="351,268,219,152" step="2"/><W42/><G42/><T0/><D107/><U67/><E67/><V39/><F39/><W53/><G53/><T121/><D105/><U30/><E43/><V60/><F60/><W109/><G106/><T25/><D104/><U83/><E40/><V93/><F93/><W122/><G122/><T101/><D121/><U28/><E113/><V86/><F86/><W1/><G103/><T102/><D112/><U126/><E115/><V5/><F5/><N who="3" m="1455" /><G91/><T70/><D102/><U90/><E126/><V100/><F100/><W72/><G72/><T75/><D75/><U29/><E35/><V64/><F64/><W125/><G125/><T6/><D101/><U108/><E32/><V84/><F84/><W3/><G3/><T88/><D0/><U17/><E4/><V76/><F76/><N who="1" m="29257" /><E108/><V47/><AGARI ba="0,1" hai="9,13,18,19,20,24,47,50,52,65,66,89,95,99" machi="47" ten="20,8000,1" yaku="1,1,0,1,7,1,8,1,54,1,53,0" doraHai="27" doraHaiUra="33" who="2" fromWho="2" sc="351,-20,268,-20,219,90,152,-40" /><INIT seed="4,0,0,4,3,26" ten="331,248,309,112" oya="0" hai0="16,12,94,107,8,20,68,1,104,115,59,100,55" hai1="127,58,35,116,135,29,119,80,13,110,56,130,124" hai2="97,91,11,118,46,15,3,122,85,47,93,27,54" hai3="98,61,51,86,84,22,66,7,111,78,49,0,52"/><T89/><D68/><U114/><E110/><V50/><F122/><W88/><G111/><T41/><D115/><U113/><E13/><V108/><F108/><W92/><G0/><T96/><D41/><U42/><E42/><V103/><F118/><N who="1" m="45097" /><E80/><V101/><F3/><W79/><G7/><T117/><D117/><U125/><E130/><V60/><F60/><W67/><G49/><T132/><D132/><U24/><E135/><V123/><F123/><W33/><G33/><T53/><D53/><U39/><E39/><V14/><F14/><W31/><G84/><T19/><D100/><U36/><E36/><V45/><F27/><N who="3" m="16887" /><G98/><T18/><D1/><U63/><E63/><V6/><REACH who="2" step="1"/><F103/><REACH who="2" ten="331,248,299,112" step="2"/><W95/><G61/><T2/><D2/><U120/><E120/><V62/><F62/><W128/><G128/><T17/><REACH who="0" step="1"/><D8/><REACH who="0" ten="321,248,299,112" step="2"/><U4/><E4/><V65/><F65/><N who="3" m="24587" /><G95/><AGARI ba="0,2" hai="6,11,15,45,46,47,50,54,85,91,93,95,97,101" machi="95" ten="30,3900,0" yaku="1,1,7,1,8,1,53,0" doraHai="26" doraHaiUra="109" who="2" fromWho="3" sc="321,0,248,0,299,59,112,-39" /><INIT seed="5,0,0,1,5,15" ten="321,248,358,73" oya="1" hai0="63,47,24,46,17,116,71,43,28,44,119,34,128" hai1="41,126,107,102,106,8,65,69,31,14,25,13,54" hai2="73,26,115,89,80,55,52,85,64,125,59,27,79" hai3="96,66,60,37,90,76,88,16,62,122,124,20,29"/><U11/><E41/><V127/><F115/><W56/><G122/><T57/><D128/><U81/><E126/><N who="2" m="48139" /><F64/><W0/><G124/><T134/><D134/><U103/><E81/><N who="2" m="45295" /><F55/><W21/><G37/><T1/><D1/><U121/><E121/><V38/><F38/><W112/><G0/><T70/><D43/><U91/><E91/><V132/><F132/><W22/><G112/><T78/><D78/><U74/><E74/><V113/><F113/><W131/><G131/><T12/><D70/><U19/><E54/><V135/><F135/><W95/><G76/><T67/><REACH who="0" step="1"/><D71/><REACH who="0" ten="311,248,358,73" step="2"/><U98/><E69/><V111/><F111/><W61/><G29/><T7/><D7/><U101/><E65/><V130/><F130/><W39/><G39/><T10/><AGARI ba="0,1" hai="10,12,17,24,28,34,44,46,47,57,63,67,116,119" machi="10" ten="30,7900,0" yaku="1,1,0,1,52,1,53,1" doraHai="15" doraHaiUra="9" who="0" fromWho="0" sc="311,89,248,-39,358,-20,73,-20" /><INIT seed="6,0,0,5,5,13" ten="400,209,338,53" oya="2" hai0="20,0,102,83,82,121,93,56,105,91,95,64,71" hai1="38,3,26,28,75,108,53,119,42,76,80,24,54" hai2="89,120,94,23,16,123,32,131,109,21,19,111,72" hai3="67,84,88,22,128,69,43,125,65,25,58,30,129"/><V135/><F72/><W39/><G125/><T115/><D0/><U106/><E108/><N who="2" m="41547" /><F135/><W6/><G6/><T97/><D71/><U124/><E124/><V46/><F32/><W74/><G74/><T49/><D121/><N who="2" m="46666" /><F46/><W73/><G73/><T117/><D117/><U70/><E119/><V78/><F78/><W126/><G126/><T101/><D115/><U44/><E70/><V33/><F33/><W114/><G114/><T18/><D105/><U36/><E36/><V132/><F131/><N who="3" m="50251" /><G69/><T79/><D79/><U41/><E41/><V55/><F55/><W8/><G8/><T9/><D9/><U112/><E112/><V99/><F132/><W77/><G77/><T4/><D4/><U133/><E133/><V17/><AGARI ba="0,0" hai="16,17,19,21,23,89,94,99" m="46666,41547" machi="17" ten="40,12000,1" yaku="10,1,52,3,54,1" doraHai="13" who="2" fromWho="2" sc="400,-40,209,-40,338,120,53,-40" /><INIT seed="6,1,0,1,0,65" ten="360,169,458,13" oya="2" hai0="11,44,42,112,55,41,118,86,88,27,75,10,43" hai1="67,15,30,110,135,115,26,120,36,31,18,90,125" hai2="126,21,29,111,109,64,93,17,28,24,48,113,95" hai3="46,121,119,59,53,122,128,69,106,71,103,70,77"/><V19/><F126/><W87/><G103/><T98/><D75/><U40/><E110/><N who="2" m="41995" /><F113/><W124/><G106/><T57/><D112/><U25/><E115/><V99/><F64/><W89/><G77/><T56/><D118/><U91/><E125/><V2/><F2/><W84/><G119/><T39/><D39/><U5/><E135/><V58/><F17/><W85/><G128/><T105/><D105/><U73/><E73/><V0/><F0/><W20/><G89/><T68/><D98/><U100/><E100/><N who="2" m="60527" /><F95/><W14/><G124/><T133/><D133/><U63/><E18/><V13/><F24/><W62/><REACH who="3" step="1"/><G46/><REACH who="3" ten="360,169,458,3" step="2"/><T101/><D44/><N who="1" m="23559" /><E91/><V50/><F58/><W131/><G131/><T38/><D57/><U4/><E90/><V74/><F74/><W79/><G79/><T33/><D56/><U107/><E107/><V78/><F78/><W23/><G23/><T83/><D88/><U52/><E120/><V6/><F21/><W1/><G1/><T117/><D101/><U72/><E72/><V66/><F13/><W114/><G114/><T34/><D117/><U12/><E15/><V116/><F116/><W32/><G32/><T51/><D34/><U132/><E12/><V96/><F96/><W127/><G127/><T7/><D33/><U60/><E132/><V54/><F66/><W82/><G82/><T81/><D81/><U123/><E67/><V76/><F76/><W102/><G102/><T9/><D83/><U61/><E123/><V129/><F129/><W94/><G94/><T16/><D38/><U108/><E108/><V35/><F35/><RYUUKYOKU ba="1,1" sc="360,-10,169,-10,458,-10,3,30" hai3="14,20,53,59,62,69,70,71,84,85,87,121,122" /><INIT seed="7,2,1,5,1,100" ten="350,159,448,33" oya="3" hai0="89,39,59,111,119,71,26,44,117,85,114,15,51" hai1="106,125,53,49,84,29,75,72,128,135,108,74,20" hai2="13,36,21,58,2,96,55,129,123,127,28,116,82" hai3="90,120,113,23,107,115,19,50,73,25,37,32,30"/><W78/><G37/><T4/><D111/><U46/><E108/><V56/><F116/><W27/><G120/><T7/><D71/><U93/><E125/><V33/><F2/><W10/><G107/><T67/><D39/><U97/><E128/><V69/><F36/><W14/><G90/><T101/><D26/><U88/><E135/><V132/><F69/><W24/><G50/><T124/><D124/><U79/><E29/><V80/><F33/><W61/><G61/><T8/><D101/><N who="1" m="62767" /><E20/><V70/><F70/><W110/><G78/><T41/><D114/><N who="3" m="43529" /><G73/><T54/><D117/><U102/><E102/><V91/><F123/><W133/><G133/><T62/><D119/><U35/><E35/><V40/><F40/><W45/><G45/><T105/><D105/><U68/><E68/><V11/><F132/><W65/><G65/><T121/><D121/><U17/><E17/><N who="2" m="8383" /><F129/><W9/><G110/><T103/><D103/><U3/><E3/><V87/><F127/><W16/><G9/><T34/><D34/><U83/><AGARI ba="2,1" hai="46,49,53,72,74,75,79,83,84,88,93" m="62767" machi="83" ten="30,4000,0" yaku="24,1,52,1,54,1" doraHai="100" who="1" fromWho="1" sc="350,-12,159,56,448,-12,33,-22" owari="338,14.0,215,-18.0,436,53.0,11,-49.0" /></mjloggm>