<mjloggm ver="2.3"><GO type="193"/><UN n0="%E3%83%9D%E3%83%97%E3%83%A9%57%61%73%68" n1="%EF%BC%88%E2%89%A7%E2%96%BD%E2%89%A6%EF%BC%89" n2="%E3%81%BE%E3%81%A4%E3%81%A6%E3%81%A4" n3="%E5%8D%B0%E5%BA%A6%E7%84%A1%E5%8F%8C" dan="11,15,13,14" rate="1634,1990,1745,1857" sx="M,M,M,M"/><TAIKYOKU oya="0"/><INIT seed="0,0,0,3,1,19" ten="250,250,250,250" oya="0" hai0="32,24,116,77,109,85,70,31,27,95,29,122,42" hai1="90,123,114,45,46,129,17,16,62,3,30,73,74" hai2="8,68,58,23,53,71,22,111,131,15,60,65,130" hai3="21,99,78,72,126,127,86,133,0,7,106,54,80"/><T59/><D116/><U63/><E3/><V34/><F34/><W128/><G133/><T49/><D122/><U84/><E123/><V41/><F41/><W113/><G113/><T67/><D70/><U40/><E114/><V93/><F111/><W120/><G120/><T107/><D107/><U51/><E129/><N who="2" m="49163" /><F93/><W81/><G128/><T20/><D109/><U36/><E30/><V43/><F43/><W96/><G54/><T47/><D59/><U119/><E119/><V18/><F71/><W100/><G21/><N who="2" m="7689" /><F68/><W35/><G35/><T124/><D124/><N who="3" m="47657" /><G7/><T103/><D67/><AGARI ba="0,0" hai="8,15,18,53,58,60,65,67" m="7689,49163" machi="67" ten="30,7700,0" yaku="19,1,52,3" doraHai="19" who="2" fromWho="0" sc="250,-77,250,0,250,77,250,0" /><INIT seed="1,0,0,0,0,55" ten="173,250,327,250" oya="1" hai0="7,128,121,54,24,59,132,102,129,93,63,91,76" hai1="41,61,73,49,74,87,98,46,29,75,99,11,92" hai2="69,51,9,6,79,36,133,20,10,18,125,119,32" hai3="19,16,31,67,130,28,86,33,71,123,112,58,35"/><U109/><E29/><V52/><F36/><W64/><G123/><T108/><D102/><U17/><E109/><V21/><F119/><W23/><G112/><T66/><D76/><U106/><E106/><V72/><F125/><W48/><G130/><T126/><D108/><U85/><E61/><V4/><F133/><W42/><G71/><T80/><D121/><U2/><E99/><V8/><F69/><W114/><G114/><T5/><D80/><U70/><E70/><V100/><F32/><W39/><G39/><T90/><D126/><U38/><E38/><V110/><F110/><W3/><G3/><T111/><D132/><U65/><E65/><V103/><F72/><W25/><G86/><T37/><D111/><U68/><E68/><V27/><F79/><W47/><G35/><T96/><D37/><U84/><E17/><V81/><F81/><W62/><REACH who="3" step="1"/><G67/><REACH who="3" ten="173,250,327,240" step="2"/><T88/><D66/><U101/><E2/><V107/><F107/><W115/><G115/><T95/><D24/><AGARI ba="0,1" hai="16,19,23,24,25,28,31,33,42,47,48,58,62,64" machi="24" ten="40,5200,0" yaku="1,1,52,1,54,1,53,0" doraHai="55" doraHaiUra="113" who="3" fromWho="0" sc="173,-52,250,0,327,0,240,62" /><INIT seed="2,0,0,4,0,74" ten="121,250,327,302" oya="2" hai0="47,119,75,103,100,29,86,94,90,55,5,6,52" hai1="64,69,16,32,126,114,97,58,17,102,42,62,120" hai2="22,40,79,2,125,131,63,117,85,31,51,65,128" hai3="107,105,104,1,48,92,50,43,93,60,41,132,23"/><V89/><F117/><W56/><G1/><T95/><D119/><U20/><E114/><V7/><F125/><W44/><G132/><T82/><D75/><U91/><E126/><V35/><F35/><W0/><G0/><T77/><D29/><U70/><E120/><V116/><F116/><W3/><G3/><T4/><D47/><U96/><E32/><V71/><F2/><W134/><G134/><T57/><D94/><U39/><E91/><V83/><F7/><W15/><G15/><T11/><D11/><U8/><E8/><V49/><F40/><W67/><REACH who="3" step="1"/><G23/><REACH who="3" ten="121,250,327,292" step="2"/><T66/><D66/><U112/><E112/><V133/><F133/><W88/><G88/><T73/><REACH who="0" step="1"/><D57/><REACH who="0" ten="111,250,327,292" step="2"/><U26/><E58/><V53/><F31/><W113/><G113/><T19/><D19/><U121/><E17/><V45/><F22/><W14/><G14/><T30/><D30/><U122/><E70/><V101/><F101/><AGARI ba="0,2" hai="4,5,6,52,55,73,77,82,86,90,95,100,101,103" machi="101" ten="40,5200,0" yaku="1,1,52,1,54,1,53,0" doraHai="74" doraHaiUra="135" who="0" fromWho="2" sc="111,72,250,0,327,-52,292,0" /><INIT seed="3,0,0,5,5,115" ten="183,250,275,292" oya="3" hai0="67,101,131,57,81,72,37,2,3,123,29,53,39" hai1="74,99,134,66,104,111,50,0,127,100,16,15,56" hai2="36,54,6,43,84,24,7,45,117,76,80,34,71" hai3="47,12,102,10,82,106,11,48,40,75,30,77,55"/><W42/><G30/><T103/><D123/><U97/><E74/><V38/><F71/><W4/><REACH who="3" step="1"/><G11/><REACH who="3" ten="183,250,275,282" step="2"/><T105/><D67/><U129/><E66/><V90/><F36/><W8/><G8/><T73/><D29/><U68/><E134/><V21/><F34/><W128/><G128/><T28/><D131/><U132/><E129/><V65/><F65/><W14/><G14/><T20/><D28/><U94/><E15/><V135/><F135/><W89/><G89/><T22/><D105/><U49/><E104/><V112/><F112/><W60/><G60/><T52/><D57/><U35/><E56/><V108/><F108/><W124/><G124/><T33/><REACH who="0" step="1"/><D81/><REACH who="0" ten="173,250,275,282" step="2"/><U78/><E132/><V19/><F117/><W93/><G93/><T5/><D5/><U120/><E94/><V26/><F6/><W64/><G64/><T70/><D70/><U133/><E68/><V18/><F7/><W27/><G27/><T86/><D86/><U41/><E133/><V23/><F54/><W85/><G85/><T17/><D17/><U9/><E16/><V79/><AGARI ba="0,2" hai="18,19,21,23,24,26,38,43,45,76,79,80,84,90" machi="79" ten="30,2000,0" yaku="0,1,9,1" doraHai="115" who="2" fromWho="2" sc="173,-5,250,-5,275,40,282,-10" owari="168,-33.0,245,-15.0,315,41.0,272,7.0" /></mjloggm>