<mjloggm ver="2.3"><GO type="39"/><UN n0="%E5%8C%97%E9%83%BD%E5%8D%97" n1="%E3%81%AE%E3%81%A3%E3%81%A9%E3%81%A1" n2="%EF%BC%88%E2%89%A7%E2%96%BD%E2%89%A6%EF%BC%89" n3="%E3%82%8F%E3%81%A3%E3%81%A1%E3%83%BC%E2%99%AA" dan="14,14,15,13" rate="1941,1986,1997,2017" sx="F,M,M,M"/><TAIKYOKU oya="0"/><INIT seed="0,0,0,1,5,38" ten="250,250,250,250" oya="0" hai0="2,106,49,70,110,42,122,118,111,37,61,79,88" hai1="115,21,73,51,22,36,108,95,131,47,92,113,31" hai2="67,74,81,86,64,80,76,109,35,60,87,10,53" hai3="39,130,68,123,20,78,120,15,7,121,72,28,46"/><T96/><D122/><U66/><E36/><V18/><F35/><W27/><G68/><T4/><D118/><U91/><E73/><V59/><F109/><W24/><G130/><T134/><D134/><U116/><E116/><V77/><REACH who="2" step="1"/><F74/><REACH who="2" ten="250,250,240,250" step="2"/><W102/><G72/><T84/><D111/><U40/><E108/><V71/><F71/><W90/><G120/><T45/><D70/><U112/><E131/><V57/><F57/><W133/><G121/><T135/><D110/><U52/><E112/><V56/><F56/><W105/><G123/><T12/><D135/><U63/><E115/><V50/><F50/><W124/><G133/><T26/><D49/><U125/><E113/><V3/><F3/><W93/><G39/><T129/><D2/><U41/><E125/><V119/><F119/><W29/><G124/><T23/><D37/><U97/><E63/><V58/><F58/><W94/><G46/><T25/><D45/><U13/><E47/><V83/><F83/><W100/><G105/><T8/><D61/><U114/><E51/><V14/><AGARI ba="0,1" hai="10,14,18,53,59,60,64,67,76,77,80,81,86,87" machi="14" ten="30,8000,1" yaku="1,1,0,1,9,1,8,1,53,1" doraHai="38" doraHaiUra="11" who="2" fromWho="2" sc="250,-40,250,-20,240,90,250,-20" /><INIT seed="1,0,0,5,5,98" ten="210,230,330,230" oya="1" hai0="129,45,7,111,16,87,125,8,64,117,50,3,27" hai1="39,113,49,95,79,115,33,65,134,4,74,41,93" hai2="121,61,31,96,103,60,17,69,1,70,135,78,118" hai3="85,105,2,40,130,0,23,24,22,124,91,114,53"/><U100/><E39/><V90/><F121/><W9/><G114/><T19/><D117/><U26/><E65/><V32/><F1/><W109/><G40/><T97/><D64/><U43/><E4/><V30/><F118/><W106/><G109/><T101/><D111/><U133/><E74/><V110/><F110/><W10/><G53/><T58/><D129/><U63/><E79/><V71/><F135/><N who="1" m="51721" /><E63/><V86/><F78/><W92/><G130/><T83/><D58/><U102/><E33/><V82/><F17/><W76/><G76/><T80/><D125/><U5/><E5/><V25/><REACH who="2" step="1"/><F30/><REACH who="2" ten="210,230,320,230" step="2"/><W132/><G0/><T13/><D3/><U127/><E127/><V99/><F99/><W116/><G2/><T46/><D19/><U72/><E115/><V47/><F47/><W77/><G77/><T119/><D46/><N who="1" m="25807" /><E113/><V94/><AGARI ba="0,1" hai="25,31,32,60,61,69,70,71,82,86,90,94,96,103" machi="94" ten="30,4000,0" yaku="1,1,0,1,52,1,53,0" doraHai="98" doraHaiUra="54" who="2" fromWho="2" sc="210,-10,230,-20,320,50,230,-10" /><INIT seed="2,0,0,0,0,77" ten="200,210,370,220" oya="2" hai0="125,112,119,92,63,95,45,118,87,104,14,25,50" hai1="38,33,39,41,111,13,11,128,101,93,10,28,107" hai2="9,96,88,15,37,70,40,98,17,58,94,35,0" hai3="73,114,74,127,34,57,3,59,106,71,110,30,60"/><V66/><F35/><W105/><G59/><T90/><D112/><U31/><E107/><N who="3" m="40970" /><G57/><T84/><D104/><U100/><E93/><V124/><F70/><W21/><G21/><T8/><D125/><U53/><E53/><V82/><F124/><W97/><G97/><T81/><D25/><U83/><E13/><V75/><F0/><W20/><G20/><T79/><D63/><U132/><E33/><V116/><F116/><N who="0" m="44586" /><D87/><U130/><E41/><V103/><F40/><W55/><G55/><N who="0" m="30159" /><D79/><U64/><E64/><V51/><F66/><N who="3" m="41415" /><G127/><T6/><AGARI ba="0,0" hai="6,8,14,81,84,90,92,95" m="30159,44586" machi="6" ten="30,2000,0" yaku="12,1,52,1" doraHai="77" who="0" fromWho="0" sc="200,20,210,-5,370,-10,220,-5" /><INIT seed="3,0,0,2,0,26" ten="220,205,360,215" oya="3" hai0="25,72,36,62,58,130,80,57,11,8,104,24,14" hai1="27,89,39,135,105,123,94,15,113,76,82,98,134" hai2="114,37,68,120,20,12,7,122,119,95,1,90,44" hai3="85,132,118,6,124,23,19,35,88,71,107,34,102"/><W17/><G71/><T77/><D36/><U61/><E39/><V99/><F119/><W112/><G118/><T131/><D104/><U55/><E123/><N who="2" m="47147" /><F114/><W97/><G112/><T48/><D48/><U42/><E113/><V45/><F68/><W2/><G124/><T38/><D38/><U83/><E42/><N who="2" m="22607" /><F99/><W115/><G115/><T110/><D110/><U28/><E105/><V127/><F127/><W91/><G132/><N who="1" m="50730" /><E15/><V69/><F69/><W111/><G111/><T46/><D46/><U116/><E116/><V33/><F33/><W74/><G74/><T79/><D79/><U66/><E76/><V126/><F126/><W60/><G60/><T108/><D108/><U9/><E9/><N who="0" m="3657" /><D14/><U128/><E128/><N who="0" m="49193" /><D58/><N who="1" m="35039" /><E66/><AGARI ba="0,0" hai="24,25,57,62,66,72,77,80" m="49193,3657" machi="66" ten="30,1000,0" yaku="19,1" doraHai="26" who="0" fromWho="1" sc="220,10,205,-10,360,0,215,0" owari="230,3.0,195,-30.0,360,45.0,215,-18.0" /></mjloggm>