<mjloggm ver="2.3"><GO type="97"/><UN n0="%EF%BC%88%E2%89%A7%E2%96%BD%E2%89%A6%EF%BC%89" n1="%E3%81%B5%E3%81%8A%E3%82%93" n2="%E3%81%88%E3%81%B3%E3%81%99%E4%B8%B8" n3="%E3%81%A9%E3%82%8D%E3%81%93" dan="15,15,14,13" rate="1990,2015,1933,1810" sx="M,M,M,M"/><TAIKYOKU oya="0"/><INIT seed="0,0,0,2,2,128" ten="250,250,250,250" oya="0" hai0="124,88,119,55,4,78,118,21,39,96,115,8,112" hai1="36,102,110,10,66,93,42,103,47,27,7,97,114" hai2="33,104,12,52,132,14,120,123,31,76,89,50,73" hai3="134,44,126,79,106,95,15,92,98,67,25,58,113"/><T13/><D39/><U5/><E110/><V57/><F104/><W9/><G126/><T53/><D78/><U135/><E114/><N who="0" m="43561" /><D96/><U62/><E27/><V56/><F76/><W18/><G134/><T29/><D88/><U131/><E131/><V111/><F73/><W23/><G106/><T100/><D55/><U3/><E135/><V69/><F69/><W32/><G32/><T116/><D53/><U133/><E133/><V6/><F132/><W22/><G79/><T65/><D100/><U68/><REACH who="1" step="1"/><E7/><REACH who="1" ten="250,240,250,250" step="2"/><V35/><F6/><W127/><G113/><T24/><D65/><U26/><E26/><V83/><F111/><W17/><G127/><AGARI ba="0,1" hai="4,8,13,21,24,29,116,118,119,124,127" m="43561" machi="127" ten="40,3900,0" yaku="34,2" doraHai="128" who="0" fromWho="3" sc="250,49,240,0,250,0,250,-39" /><INIT seed="0,1,0,3,3,111" ten="299,240,250,211" oya="0" hai0="38,132,57,121,126,33,119,96,40,106,82,27,25" hai1="64,81,109,12,54,135,105,31,76,62,104,68,110" hai2="11,107,103,8,47,20,70,19,32,116,1,125,89" hai3="102,114,93,88,18,98,97,79,7,14,13,29,87"/><T10/><D121/><U52/><E135/><V21/><F70/><W129/><G129/><T118/><D132/><U80/><E31/><V16/><F116/><W36/><G36/><T95/><D106/><N who="1" m="41067" /><E12/><V123/><F123/><W59/><G29/><T53/><D126/><U74/><E81/><V46/><F125/><W41/><G41/><T61/><D82/><U22/><E22/><V124/><F124/><W50/><G79/><T37/><D10/><U0/><E0/><V117/><F117/><W130/><G114/><T51/><D38/><U26/><E26/><V86/><F103/><W65/><G130/><T56/><D37/><U127/><E127/><V58/><F58/><W77/><G77/><T4/><D4/><U108/><AGARI ba="1,0" hai="52,54,62,64,68,74,76,80,108,109,110" m="41067" machi="108" ten="40,2700,0" yaku="14,1,54,1" doraHai="111" who="1" fromWho="1" sc="299,-14,240,30,250,-8,211,-8" /><INIT seed="1,0,0,4,5,10" ten="285,270,242,203" oya="1" hai0="9,42,93,80,2,83,22,99,131,51,63,90,113" hai1="129,74,3,94,125,60,57,59,8,134,24,103,17" hai2="97,49,68,26,116,102,46,54,122,109,31,0,76" hai3="124,4,106,85,79,11,89,35,45,115,114,87,104"/><U121/><E121/><V88/><F116/><W5/><G124/><T1/><D113/><U28/><E125/><V36/><F122/><W15/><G115/><T96/><D131/><U41/><E74/><V120/><F120/><W44/><G114/><T6/><D1/><U20/><E134/><V86/><F76/><W111/><G111/><T108/><D108/><U56/><E129/><V105/><F0/><W7/><G35/><T64/><D99/><U84/><E41/><V23/><F109/><W34/><G34/><T101/><D101/><U119/><E119/><V33/><F36/><W52/><G106/><T98/><D98/><N who="1" m="59863" /><E3/><V75/><F75/><W112/><G104/><T40/><D22/><N who="1" m="15383" /><E8/><V55/><F68/><W13/><G112/><T21/><D21/><U19/><E84/><V67/><F67/><W71/><G71/><T73/><D73/><U16/><E20/><V25/><F25/><W61/><G11/><T69/><D40/><U77/><E77/><V62/><F62/><AGARI ba="0,0" hai="16,17,19,56,57,59,60,62" m="15383,59863" machi="62" ten="30,2900,0" yaku="8,1,54,1" doraHai="10" who="1" fromWho="2" sc="285,0,270,29,242,-29,203,0" /><INIT seed="1,1,0,2,0,130" ten="285,299,213,203" oya="1" hai0="3,64,115,16,88,89,100,118,111,124,84,69,127" hai1="32,134,43,120,42,93,112,25,121,8,105,29,34" hai2="39,83,57,109,126,66,59,104,23,103,18,4,36" hai3="108,12,6,38,78,70,19,40,119,122,97,74,44"/><U13/><E105/><V81/><F109/><W46/><G108/><T52/><D111/><U131/><E112/><V50/><F126/><N who="0" m="48170" /><D115/><U94/><E131/><V79/><F4/><W133/><G133/><T31/><D118/><U45/><E134/><V125/><F125/><W80/><G119/><T51/><D3/><U90/><E93/><V96/><F39/><W5/><G122/><T129/><D129/><U117/><E34/><V35/><F35/><W87/><G70/><T58/><D31/><U123/><E117/><V47/><F36/><W135/><G135/><T41/><D41/><U56/><E56/><V114/><F66/><W102/><G46/><T101/><D16/><U107/><E45/><V113/><F81/><W9/><REACH who="3" step="1"/><G74/><REACH who="3" ten="285,299,213,193" step="2"/><T116/><D116/><U27/><E123/><V30/><F113/><W48/><G48/><T26/><D69/><U82/><E121/><V10/><F114/><W62/><G62/><T68/><D68/><U28/><E120/><V110/><F50/><W0/><G0/><T2/><D51/><U63/><E63/><V86/><F47/><W106/><AGARI ba="1,1" hai="5,6,9,12,19,38,40,44,78,80,87,97,102,106" machi="106" ten="20,5200,0" yaku="1,1,0,1,7,1,53,1" doraHai="130" doraHaiUra="73" who="3" fromWho="3" sc="285,-14,299,-27,213,-14,193,65" /><INIT seed="2,0,0,4,1,38" ten="271,272,199,258" oya="2" hai0="77,23,91,102,84,28,88,51,22,130,122,48,25" hai1="94,71,95,113,118,40,75,59,26,17,89,63,46" hai2="32,129,37,117,133,2,128,7,39,64,101,119,47" hai3="13,108,45,29,68,55,11,116,58,111,0,18,5"/><V92/><F32/><W49/><G68/><T107/><D122/><U81/><E113/><V15/><F2/><W53/><G116/><T110/><D130/><N who="2" m="50282" /><F101/><W124/><G124/><T69/><D69/><U61/><E118/><N who="2" m="45067" /><F92/><W121/><G121/><T134/><D134/><U66/><E75/><V120/><F7/><W35/><G35/><T125/><D125/><U85/><E17/><V21/><F120/><W20/><REACH who="3" step="1"/><G29/><REACH who="3" ten="271,272,199,248" step="2"/><T78/><D28/><U115/><E115/><V109/><F109/><W60/><AGARI ba="0,1" hai="0,5,11,13,18,20,45,49,53,55,58,60,108,111" machi="60" ten="30,4000,0" yaku="1,1,2,1,0,1,53,0" doraHai="38" doraHaiUra="132" who="3" fromWho="3" sc="271,-10,272,-10,199,-20,248,50" /><INIT seed="3,0,0,2,1,4" ten="261,262,179,298" oya="3" hai0="48,99,115,20,32,110,93,21,68,74,119,55,59" hai1="7,129,34,8,38,71,70,85,128,23,86,95,127" hai2="14,64,51,19,13,43,46,83,79,100,17,89,80" hai3="31,133,9,35,29,113,82,12,107,47,72,106,90"/><W78/><G113/><T15/><D119/><U6/><E34/><V108/><F108/><W41/><G133/><T36/><D32/><U111/><E38/><V30/><F64/><W11/><G31/><T58/><D68/><N who="1" m="26155" /><E111/><V101/><F30/><W40/><G9/><T2/><D110/><U1/><E127/><V112/><F112/><W81/><G81/><N who="2" m="31305" /><F89/><W10/><G10/><T92/><D2/><U97/><E23/><N who="2" m="11695" /><F79/><W125/><G125/><T96/><D115/><U135/><E7/><V65/><F65/><W77/><G77/><T33/><D36/><U28/><E28/><V134/><F134/><W5/><G90/><T118/><D118/><U57/><E57/><V26/><F26/><W114/><G114/><T126/><D59/><U121/><E121/><V37/><F37/><W54/><G54/><T98/><D55/><U62/><E62/><V103/><F103/><W122/><G122/><T22/><D126/><U63/><E63/><V56/><F56/><W116/><G116/><T117/><D33/><U109/><E109/><V132/><F132/><W94/><G40/><T25/><D117/><U105/><E105/><V18/><F18/><W67/><G67/><T45/><D58/><U75/><E75/><V88/><F88/><W50/><REACH who="3" step="1"/><G94/><REACH who="3" ten="261,262,179,288" step="2"/><T16/><D93/><U87/><E135/><V69/><F69/><W131/><G131/><N who="1" m="50250" /><E86/><V39/><F39/><W24/><AGARI ba="0,1" hai="5,11,12,24,29,35,41,47,50,72,78,82,106,107" machi="24" ten="30,11700,0" yaku="1,1,0,1,52,1,53,1" doraHai="4" doraHaiUra="3" who="3" fromWho="3" sc="261,-39,262,-39,179,-39,288,127" owari="222,-18.0,223,2.0,140,-36.0,415,52.0" /></mjloggm>