<mjloggm ver="2.3"><GO type="169" lobby="0"/><UN n0="%E9%87%8E%E3%80%85%E5%AE%AE%E6%82%A0%E5%A4%AA" n1="%E3%81%BD%E3%81%A8%E3%81%97" n2="%EF%BC%88%E2%89%A7%E2%96%BD%E2%89%A6%EF%BC%89" n3="%4B%E3%80%82" dan="16,17,17,17" rate="2052.20,2160.81,2192.79,2145.09" sx="M,F,M,M"/><TAIKYOKU oya="0"/><INIT seed="0,0,0,3,4,14" ten="250,250,250,250" oya="0" hai0="43,86,57,32,17,51,63,96,132,47,92,134,59" hai1="7,102,113,74,93,100,27,108,48,16,118,28,30" hai2="77,81,135,109,97,79,56,71,84,25,122,70,112" hai3="115,82,128,95,124,23,121,105,116,111,34,3,90"/><T88/><D32/><U8/><E118/><V65/><F112/><W42/><RYUUKYOKU type="yao9" ba="0,0" sc="250,0,250,0,250,0,250,0" hai3="3,23,34,42,82,90,95,105,111,115,116,121,124,128" /><INIT seed="0,1,0,0,1,103" ten="250,250,250,250" oya="0" hai0="93,121,68,61,95,25,83,64,98,45,105,66,41" hai1="49,32,124,33,107,1,76,29,34,43,39,56,116" hai2="48,89,65,104,46,133,123,21,42,78,69,112,67" hai3="82,79,23,72,63,31,114,37,28,7,75,71,131"/><T54/><D121/><U135/><E116/><V101/><F123/><W125/><G114/><T81/><D66/><U8/><E135/><V11/><F112/><W84/><G37/><T102/><D95/><U22/><E124/><V113/><F113/><W119/><G119/><T19/><D93/><U130/><E130/><V91/><F78/><W92/><G125/><T74/><D74/><U6/><E76/><V38/><F133/><W73/><G131/><T85/><D54/><U30/><E107/><V127/><F127/><W111/><G111/><T110/><D110/><U106/><E106/><V88/><F69/><W94/><G7/><T10/><D85/><U44/><E22/><V120/><F120/><W17/><G92/><T18/><D18/><U62/><REACH who="1" step="1"/><E39/><REACH who="1" ten="250,240,250,250" step="2"/><V58/><F21/><W5/><G23/><T55/><D25/><U52/><AGARI ba="1,1" hai="1,6,8,29,30,32,33,34,43,44,49,52,56,62" machi="52" ten="30,7900,0" yaku="1,1,2,1,0,1,54,1,53,0" doraHai="103" doraHaiUra="80" who="1" fromWho="1" sc="250,-40,240,92,250,-21,250,-21" /><INIT seed="1,0,0,2,4,76" ten="210,332,229,229" oya="1" hai0="111,107,86,46,101,88,48,100,5,31,30,73,121" hai1="21,34,84,117,123,12,72,132,24,47,22,75,134" hai2="45,90,4,120,19,105,62,108,9,87,58,52,35" hai3="14,36,66,130,104,7,127,82,79,60,57,116,51"/><U40/><E123/><V83/><F35/><W39/><G104/><T68/><D73/><U20/><E117/><V42/><F120/><W85/><G116/><T102/><D68/><U15/><E84/><V92/><F105/><W55/><G130/><T89/><D121/><U43/><E34/><V77/><F19/><W95/><G127/><T26/><D111/><U63/><E24/><V113/><F113/><W37/><G95/><T99/><D5/><U13/><E63/><V10/><F4/><W53/><REACH who="3" step="1"/><G51/><REACH who="3" ten="210,332,229,219" step="2"/><T38/><D38/><U61/><E61/><V122/><F122/><W98/><G98/><T115/><D107/><U16/><E16/><V44/><F108/><W103/><G103/><T2/><D99/><U0/><E0/><V118/><F118/><W25/><G25/><T74/><D26/><U128/><E128/><V70/><F70/><W3/><G3/><T56/><D2/><U91/><E132/><V27/><F27/><W97/><G97/><T119/><D48/><U133/><E134/><V124/><F124/><W65/><G65/><T29/><D100/><U64/><E133/><V131/><F131/><W49/><G49/><T6/><D119/><U112/><E64/><V69/><F69/><W17/><G17/><T28/><D101/><U41/><E112/><V114/><F114/><W8/><AGARI ba="0,1" hai="7,8,14,36,37,39,53,55,57,60,66,79,82,85" machi="8" ten="40,5200,0" yaku="1,1,0,1,52,1,53,0" doraHai="76" doraHaiUra="93" who="3" fromWho="3" sc="210,-13,332,-26,229,-13,219,62" /><INIT seed="2,0,0,0,2,134" ten="197,306,216,281" oya="2" hai0="25,132,58,20,114,115,61,99,53,26,46,42,30" hai1="130,66,37,75,65,68,79,19,100,70,84,112,124" hai2="109,1,123,96,32,55,116,52,35,81,97,82,86" hai3="40,38,101,15,113,105,69,78,28,93,127,74,108"/><V87/><F123/><W83/><G69/><T80/><D132/><U88/><E112/><V51/><F51/><W50/><G108/><T59/><D80/><U125/><E37/><V102/><F1/><W48/><G28/><T106/><D59/><U12/><E100/><V129/><F102/><W110/><G110/><T14/><D14/><U92/><E130/><V33/><F109/><W76/><G113/><T119/><D119/><U94/><E94/><V135/><F35/><W10/><G78/><T131/><D131/><U24/><E24/><V6/><F6/><W72/><G72/><T73/><D73/><U126/><E79/><V22/><F22/><W128/><G128/><T118/><D118/><U47/><E47/><V45/><F129/><W8/><G105/><T85/><D85/><U29/><E29/><V41/><F116/><W27/><G27/><T9/><D9/><N who="1" m="6543" /><E75/><V4/><F4/><W103/><G10/><T91/><D106/><U121/><E121/><V120/><F120/><W71/><G38/><T56/><D26/><U3/><E3/><V0/><F0/><W2/><G2/><T63/><D114/><U89/><E89/><V90/><F135/><W16/><G103/><T95/><D115/><U7/><E7/><V49/><F32/><W64/><G101/><T62/><D58/><U36/><E36/><AGARI ba="0,0" hai="20,25,30,36,42,46,53,56,61,62,63,91,95,99" machi="36" ten="30,1000,0" yaku="7,1" doraHai="134" who="0" fromWho="1" sc="197,10,306,-10,216,0,281,0" /><INIT seed="3,0,0,5,0,130" ten="207,296,216,281" oya="3" hai0="107,117,88,112,92,99,66,105,13,90,18,53,22" hai1="133,9,47,95,120,12,125,65,100,41,135,37,63" hai2="10,123,51,91,40,48,5,78,94,38,14,44,129" hai3="55,64,39,101,17,96,21,29,113,118,25,34,32"/><W79/><G118/><T57/><D117/><U62/><E120/><V27/><F123/><W11/><G113/><T108/><D112/><U60/><E125/><V69/><F129/><W116/><G116/><T30/><D108/><U76/><E76/><V75/><F69/><W58/><G39/><T7/><D66/><U110/><E110/><V80/><REACH who="2" step="1"/><F27/><REACH who="2" ten="207,296,206,281" step="2"/><W8/><G64/><T82/><D105/><U23/><E65/><V42/><F42/><W122/><G122/><T87/><D107/><U106/><E106/><V71/><F71/><W35/><G79/><T119/><D119/><U124/><E124/><V67/><F67/><W77/><G77/><T127/><D127/><U54/><E54/><V50/><F50/><W16/><G29/><T98/><D30/><U132/><E23/><V115/><F115/><W24/><G32/><T111/><D111/><U93/><E100/><V103/><F103/><W84/><G34/><T102/><D102/><U19/><AGARI ba="0,1" hai="9,12,19,37,41,47,60,62,63,93,95,132,133,135" machi="19" ten="40,8000,1" yaku="0,1,20,1,52,3" doraHai="130" who="1" fromWho="1" sc="207,-20,296,90,206,-20,281,-40" /><INIT seed="4,0,0,3,1,32" ten="187,386,186,241" oya="0" hai0="54,13,81,73,82,41,30,109,37,24,110,47,43" hai1="1,116,5,127,53,88,29,38,52,33,118,98,107" hai2="9,67,111,106,26,40,62,50,76,6,42,17,16" hai3="123,85,28,105,77,15,4,14,3,61,25,63,71"/><T64/><D64/><U66/><E127/><V79/><F106/><W94/><G105/><T101/><D101/><U86/><E38/><V72/><F111/><N who="0" m="42506" /><D73/><U22/><E33/><V0/><F50/><W80/><G123/><T75/><D75/><U36/><E36/><V122/><F122/><W108/><G108/><T44/><D54/><U55/><E66/><V114/><F114/><W91/><G71/><T96/><D96/><U27/><E5/><V83/><F76/><W2/><G63/><T134/><D134/><U18/><E29/><V78/><F78/><W65/><G61/><T95/><D95/><U10/><E10/><V124/><F124/><W132/><G65/><T103/><D13/><U59/><E59/><V7/><F7/><W87/><G132/><T115/><D103/><U34/><E34/><V56/><REACH who="2" step="1"/><F26/><REACH who="2" ten="187,386,176,241" step="2"/><W60/><G60/><T130/><D115/><U21/><E27/><V128/><F128/><W49/><G49/><N who="0" m="26767" /><D130/><U112/><E112/><V84/><F84/><W99/><G85/><T125/><D125/><U89/><E107/><V39/><F39/><W11/><REACH who="3" step="1"/><G15/><REACH who="3" ten="187,386,176,231" step="2"/><T48/><D37/><U46/><E86/><V121/><F121/><W45/><G45/><T12/><D12/><U126/><E46/><V131/><F131/><W100/><G100/><T51/><D51/><U102/><E126/><V90/><F90/><W58/><G58/><T93/><D48/><U120/><E102/><V92/><F92/><W68/><G68/><T74/><D93/><U135/><E89/><V117/><F117/><W69/><G69/><T129/><D129/><RYUUKYOKU ba="0,2" sc="187,-15,386,-15,176,15,231,15" hai2="0,6,9,16,17,40,42,56,62,67,72,79,83" hai3="2,3,4,11,14,25,28,77,80,87,91,94,99" /><INIT seed="5,1,2,0,5,5" ten="172,371,191,246" oya="1" hai0="127,15,82,102,44,122,65,91,68,109,59,22,85" hai1="75,36,9,13,120,38,33,70,18,131,97,67,37" hai2="66,21,51,88,77,78,71,62,103,79,20,87,0" hai3="121,124,72,114,42,134,24,39,123,107,101,17,135"/><U52/><E120/><V40/><F0/><W113/><G72/><T49/><D109/><U58/><E33/><V84/><F103/><W81/><G81/><T4/><D122/><U94/><E75/><V19/><F84/><W90/><G90/><T1/><D68/><U126/><E131/><V50/><F40/><W56/><G124/><T31/><D1/><U48/><E126/><V106/><F106/><W27/><G56/><T26/><D102/><U10/><E70/><V57/><F71/><W89/><G89/><T11/><D127/><U105/><E67/><V43/><F43/><W30/><G17/><T117/><D117/><U69/><E69/><V96/><F96/><N who="3" m="61863" /><G123/><T34/><D34/><U116/><E116/><V93/><REACH who="2" step="1"/><F21/><REACH who="2" ten="172,371,181,246" step="2"/><N who="3" m="15631" /><G121/><T73/><D73/><U7/><E105/><V83/><F83/><W41/><G41/><T32/><D85/><U100/><E37/><V35/><F35/><W12/><G42/><T28/><D82/><U104/><E104/><V86/><F86/><W99/><G39/><T74/><D74/><U29/><E29/><V46/><F46/><W45/><G45/><T61/><D32/><U64/><E64/><V118/><F118/><W23/><G99/><T16/><D91/><U129/><E129/><V115/><F115/><W25/><G114/><T98/><D98/><U111/><E111/><V14/><AGARI ba="1,3" hai="14,19,20,50,51,57,62,66,77,78,79,87,88,93" machi="14" ten="30,7900,0" yaku="1,1,0,1,8,1,54,1,53,0" doraHai="5" doraHaiUra="128" who="2" fromWho="2" sc="172,-21,371,-40,181,112,246,-21" /><INIT seed="6,0,0,3,4,11" ten="151,331,293,225" oya="2" hai0="44,0,40,123,23,39,105,122,12,55,59,43,78" hai1="45,124,128,90,115,108,95,72,69,114,9,8,70" hai2="48,21,10,127,26,37,94,132,76,22,101,53,71" hai3="7,41,86,110,129,111,67,28,33,47,50,13,57"/><V29/><F37/><W87/><G129/><T106/><D0/><U121/><E108/><V1/><F71/><W24/><G87/><T74/><D43/><U91/><E72/><V89/><F132/><W119/><G119/><T2/><D105/><U65/><E124/><V3/><F127/><W98/><G98/><T14/><D106/><U30/><E128/><V133/><F133/><W17/><G7/><T34/><D34/><U42/><E30/><V68/><F68/><W25/><G25/><T88/><D2/><U109/><E109/><V126/><F126/><W107/><G107/><T102/><D102/><U97/><E121/><V58/><F101/><W120/><G86/><T113/><D113/><N who="1" m="43019" /><E91/><V85/><F76/><W96/><G96/><T92/><D78/><U80/><E80/><V118/><F118/><W51/><G120/><T36/><D36/><N who="1" m="21703" /><E69/><V60/><F10/><W116/><G116/><T56/><D74/><U19/><E19/><V5/><F5/><W61/><REACH who="3" step="1"/><G51/><REACH who="3" ten="151,331,293,215" step="2"/><T103/><D122/><U131/><E131/><V79/><F48/><W81/><G81/><T49/><D123/><U18/><E97/><V130/><F130/><W6/><G6/><T125/><D125/><U38/><E38/><V104/><F104/><W52/><G52/><N who="0" m="31759" /><D103/><U54/><E54/><V75/><F75/><W117/><G117/><T32/><D55/><U77/><E95/><V63/><F85/><W84/><G84/><T46/><D92/><U20/><E77/><V62/><F79/><W134/><G134/><T112/><D39/><U135/><E135/><V4/><F94/><RYUUKYOKU ba="0,1" sc="151,-10,331,-10,293,-10,215,30" hai3="13,17,24,28,33,41,47,50,57,61,67,110,111" /><INIT seed="7,1,1,4,5,111" ten="141,321,283,245" oya="3" hai0="112,123,98,103,65,22,26,66,83,117,23,109,120" hai1="78,45,89,94,113,3,0,59,6,44,24,92,71" hai2="4,28,97,34,110,72,55,38,67,50,7,134,131" hai3="80,75,96,2,10,79,118,107,46,62,42,56,43"/><W32/><G118/><T35/><D117/><U102/><E71/><V61/><F72/><W93/><G107/><T37/><D109/><U101/><E3/><V114/><F110/><W68/><G32/><T129/><D37/><U58/><E0/><V128/><F38/><N who="3" m="21847" /><G43/><T14/><D129/><N who="2" m="49738" /><F134/><W41/><G41/><T8/><D23/><U108/><E6/><V20/><F34/><W130/><G68/><T33/><D66/><U27/><E108/><V5/><F97/><W25/><G25/><T60/><D83/><U51/><E78/><V21/><F28/><W121/><G121/><T18/><D35/><U48/><E89/><V49/><F114/><AGARI ba="1,1" hai="24,27,44,45,48,51,58,59,92,94,101,102,113,114" machi="114" ten="25,6400,0" yaku="22,2,52,2" doraHai="111" who="1" fromWho="2" sc="141,0,321,77,283,-67,245,0" owari="141,-36.0,398,49.0,216,-18.0,245,5.0" /></mjloggm>