<mjloggm ver="2.3"><GO type="9"/><UN n0="%E4%B8%AD%E5%B1%B1%E6%9D%B1%E6%9D%B1%E6%9D%B1" n1="%E3%83%9E%E3%83%AB%E3%83%95" n2="%4A%49%52%4F%58" n3="%EF%BC%88%E2%89%A7%E2%96%BD%E2%89%A6%EF%BC%89" dan="3,9,4,9" rate="1490,1369,1645,1772" sx="M,M,M,M"/><TAIKYOKU oya="0"/><INIT seed="0,0,0,5,3,119" ten="250,250,250,250" oya="0" hai0="59,94,29,127,25,91,51,103,104,121,47,52,72" hai1="34,69,105,79,97,5,129,70,132,92,83,60,64" hai2="33,67,113,17,73,4,116,86,90,56,24,66,96" hai3="107,122,26,75,126,134,36,124,77,71,82,55,37"/><T44/><D72/><U95/><E34/><V49/><F116/><W68/><G134/><T45/><D127/><N who="3" m="48681" /><G107/><T125/><D125/><U118/><E118/><V8/><F113/><W128/><G128/><T20/><D104/><U2/><E132/><V78/><F73/><W13/><G55/><T57/><D103/><U93/><E129/><V61/><F78/><W131/><G131/><T120/><REACH who="0" step="1"/><D59/><REACH who="0" step="2"/><U28/><E105/><V100/><F33/><W87/><G71/><T102/><D102/><U109/><E70/><V11/><F100/><W1/><G68/><T111/><D111/><U117/><E109/><V65/><F56/><W15/><G75/><T43/><D43/><U14/><E117/><V39/><F39/><W9/><G37/><T85/><AGARI ba="0,1" hai="20,25,29,44,45,47,51,52,57,85,91,94,120,121" machi="85" ten="30,12000,1" yaku="1,1,0,1,52,2,54,1,53,0" doraHai="119" doraHaiUra="133" who="0" fromWho="0" sc="240,130,250,-40,250,-40,250,-40" /><INIT seed="0,1,0,3,4,93" ten="370,210,210,210" oya="0" hai0="96,109,49,122,27,23,115,28,123,92,26,3,56" hai1="110,52,2,80,125,133,19,58,61,121,20,132,39" hai2="30,102,84,103,64,117,45,60,111,101,51,134,79" hai3="97,130,8,67,65,57,54,75,62,71,73,98,12"/><T90/><D3/><U43/><E2/><V77/><F134/><N who="1" m="51817" /><E80/><V82/><F111/><W36/><G36/><T86/><D115/><U91/><E91/><V18/><F117/><W4/><G130/><T1/><D1/><U112/><E19/><V72/><F30/><W89/><G67/><T50/><D123/><U74/><E20/><V69/><F72/><W114/><G114/><T44/><D122/><U34/><E34/><V81/><F81/><W22/><G22/><T135/><D135/><U70/><E74/><V42/><REACH who="2" step="1"/><F18/><REACH who="2" step="2"/><W118/><G118/><T127/><D109/><U68/><E121/><V53/><F53/><W100/><G89/><AGARI ba="1,1" hai="42,45,51,60,64,69,77,79,82,84,89,101,102,103" machi="89" ten="40,1300,0" yaku="1,1,53,0" doraHai="93" doraHaiUra="10" who="2" fromWho="3" sc="370,0,210,0,200,26,210,-16" /><INIT seed="1,0,0,5,2,110" ten="370,210,226,194" oya="1" hai0="105,92,79,78,21,73,109,58,39,90,134,3,2" hai1="97,43,36,118,11,81,87,98,8,7,13,122,38" hai2="132,111,72,57,91,127,75,107,48,44,25,63,62" hai3="34,49,54,130,28,31,22,67,41,32,126,60,26"/><U96/><E122/><V71/><F132/><W12/><G126/><T56/><D39/><U15/><E118/><V1/><F127/><W51/><G130/><T124/><D124/><U128/><E128/><V93/><F111/><W103/><G103/><T37/><D37/><U70/><E70/><V88/><F107/><W125/><G125/><T33/><D109/><U84/><E43/><V68/><F1/><N who="0" m="10" /><D134/><U29/><E29/><V101/><F72/><W82/><G82/><T45/><D105/><U86/><REACH who="1" step="1"/><E81/><REACH who="1" step="2"/><V42/><F75/><W135/><G31/><T52/><D73/><U76/><E76/><N who="0" m="29225" /><D33/><U119/><E119/><V24/><F71/><W74/><G28/><T94/><D21/><U30/><E30/><V104/><F104/><W123/><G32/><T108/><D108/><U133/><E133/><V27/><F68/><W120/><G34/><T9/><D9/><U89/><E89/><N who="2" m="34379" /><F57/><N who="0" m="22122" /><D90/><U59/><E59/><V16/><F16/><AGARI ba="0,1" hai="7,8,11,13,15,16,36,38,84,86,87,96,97,98" machi="16" ten="40,3900,0" yaku="1,1,54,1,53,0" doraHai="110" doraHaiUra="102" who="1" fromWho="2" sc="370,0,200,49,226,-39,194,0" /><INIT seed="1,1,0,3,5,97" ten="370,249,187,194" oya="1" hai0="87,4,93,49,65,67,26,101,131,21,122,11,83" hai1="42,96,119,33,118,3,135,54,48,20,115,128,75" hai2="43,95,29,120,25,32,129,107,16,31,53,90,8" hai3="50,79,109,105,1,64,125,114,66,24,27,52,61"/><U5/><E115/><V108/><F129/><W113/><G1/><T7/><D131/><U35/><E75/><V104/><F108/><W6/><G109/><T60/><D122/><U44/><E128/><V14/><F120/><W86/><G105/><T124/><D124/><U23/><E119/><V92/><F31/><W17/><G125/><T39/><D39/><U84/><E118/><V70/><F70/><W85/><G6/><T130/><D130/><U110/><E135/><V12/><F43/><W19/><G79/><T47/><D60/><U37/><E3/><V36/><F36/><W94/><G114/><T80/><D80/><U28/><E5/><N who="0" m="2121" /><D11/><U0/><E0/><V74/><F74/><W111/><G111/><T40/><D93/><U59/><E110/><V132/><F132/><W100/><G113/><T127/><D127/><U13/><E23/><N who="2" m="15551" /><F107/><W102/><G94/><N who="2" m="35881" /><F104/><W82/><G82/><T72/><D72/><U10/><E96/><V22/><F32/><W51/><G61/><T81/><D81/><U41/><E10/><V68/><F68/><W15/><G15/><T76/><D101/><U116/><E116/><V55/><F90/><W2/><G2/><T133/><D133/><U34/><E42/><V98/><F98/><W46/><G46/><T73/><D73/><U89/><E28/><AGARI ba="1,0" hai="21,26,28,40,47,49,65,67,76,83,87" m="2121" machi="28" ten="30,1000,0" yaku="8,1" doraHai="97" who="0" fromWho="1" sc="370,13,249,-13,187,0,194,0" /><INIT seed="2,0,0,1,1,79" ten="383,236,187,194" oya="2" hai0="45,63,132,9,30,66,123,39,101,51,22,61,91" hai1="117,121,60,20,40,54,24,74,111,49,37,131,129" hai2="62,114,102,3,100,82,43,16,75,135,44,76,96" hai3="68,83,64,80,31,134,34,18,7,122,41,58,92"/><V50/><F114/><W77/><G122/><T55/><D123/><U127/><E74/><V112/><F135/><W81/><G134/><T89/><D132/><U107/><E121/><V95/><F112/><W8/><G68/><T116/><D39/><U38/><E107/><V97/><F3/><W27/><G41/><T6/><D116/><U53/><E20/><V15/><F62/><W11/><G77/><T108/><D108/><U25/><E117/><V13/><REACH who="2" step="1"/><F16/><REACH who="2" step="2"/><W104/><G18/><T70/><D70/><U48/><E24/><V113/><F113/><W103/><G7/><T120/><D120/><U1/><E1/><V106/><AGARI ba="0,1" hai="13,15,43,44,50,75,76,82,95,96,97,100,102,106" machi="106" ten="20,7800,0" yaku="1,1,0,1,7,1,52,1,53,0" doraHai="79" doraHaiUra="67" who="2" fromWho="2" sc="383,-26,236,-26,177,88,194,-26" /><INIT seed="2,1,0,5,4,61" ten="357,210,265,168" oya="2" hai0="52,96,94,55,135,70,85,7,25,109,19,29,14" hai1="26,58,114,44,63,77,107,93,117,24,47,34,129" hai2="13,95,4,45,80,10,126,40,53,100,130,131,33" hai3="99,36,28,127,86,37,48,103,22,69,97,134,43"/><V88/><F33/><W64/><G134/><T17/><D70/><U18/><E114/><V91/><F126/><W73/><G127/><T116/><D135/><U32/><E117/><V72/><F72/><W82/><G73/><T84/><D116/><U62/><E129/><N who="2" m="49163" /><F100/><W76/><G37/><T102/><D109/><U20/><E107/><V98/><F80/><W49/><G36/><T68/><D68/><U78/><E93/><V121/><F121/><W23/><G43/><T89/><D7/><U15/><E58/><V79/><F79/><N who="1" m="30217" /><E15/><V67/><F67/><W50/><G28/><T123/><D123/><U74/><E74/><V59/><F59/><W110/><G110/><T16/><D84/><U8/><E8/><V56/><F56/><W132/><G132/><T51/><D14/><U71/><E71/><V75/><F75/><W35/><G35/><N who="1" m="13354" /><E18/><V65/><F65/><W60/><REACH who="3" step="1"/><G99/><REACH who="3" step="2"/><T92/><REACH who="0" step="1"/><D51/><REACH who="0" step="2"/><U57/><E57/><V87/><F98/><W6/><G6/><T104/><D104/><AGARI ba="1,2" hai="22,23,48,49,50,60,64,69,76,82,86,97,103,104" machi="104" ten="40,5200,0" yaku="1,1,52,1,53,1" doraHai="61" doraHaiUra="83" who="3" fromWho="0" sc="347,-55,210,0,265,0,158,75" /><INIT seed="3,0,0,0,2,49" ten="292,210,265,233" oya="3" hai0="119,91,84,36,19,118,115,30,67,89,114,24,127" hai1="105,22,86,33,120,79,55,123,53,63,29,93,2" hai2="85,44,62,74,130,82,101,132,96,70,40,45,124" hai3="100,131,1,17,128,28,31,35,69,25,64,23,80"/><W76/><G100/><T41/><D36/><U26/><E123/><V122/><F124/><W57/><G69/><T10/><D41/><U16/><E120/><V110/><F130/><N who="3" m="49707" /><G1/><T113/><D67/><U50/><E105/><V102/><F132/><W116/><G116/><N who="0" m="44587" /><D10/><U3/><E79/><V11/><F122/><W13/><G31/><T111/><D84/><U51/><E86/><V107/><F110/><W73/><G64/><T21/><D30/><U8/><E93/><V42/><F74/><W77/><G77/><T66/><D66/><U108/><E108/><V20/><F102/><W95/><G95/><T59/><D111/><U61/><E8/><V72/><F70/><W58/><AGARI ba="0,0" hai="13,17,23,25,28,35,57,58,73,76,80" m="49707" machi="58" ten="30,1500,0" yaku="19,1" doraHai="49" who="3" fromWho="3" sc="292,-5,210,-5,265,-5,233,15" /><INIT seed="3,1,0,0,2,131" ten="287,205,260,248" oya="3" hai0="88,127,22,69,23,56,129,49,134,82,78,111,33" hai1="7,73,87,41,130,12,101,16,38,119,9,120,15" hai2="79,0,4,126,115,133,51,61,21,37,99,124,75" hai3="42,98,18,59,85,86,81,93,109,95,36,113,45"/><W67/><G113/><T123/><D123/><U77/><E120/><V17/><F37/><W39/><G39/><T100/><D33/><U71/><E119/><V107/><F75/><W25/><G109/><T114/><D69/><U122/><E122/><V5/><F79/><W50/><G36/><T13/><D111/><U55/><E130/><V89/><F107/><W32/><G32/><T103/><D129/><U27/><E71/><V72/><F72/><W19/><G25/><T34/><D34/><U108/><E108/><V29/><F99/><W31/><G31/><T102/><D127/><N who="2" m="48682" /><F89/><N who="3" m="51375" /><G86/><N who="0" m="50263" /><D114/><U3/><E73/><V30/><F51/><W6/><G6/><N who="2" m="2665" /><F61/><N who="3" m="38335" /><G95/><T26/><D134/><U43/><E101/><AGARI ba="1,0" hai="18,19,42,45,50,93,98,101" m="38335,51375" machi="101" ten="30,1500,0" yaku="8,1" doraHai="131" who="3" fromWho="1" sc="287,0,205,-18,260,0,248,18" /><INIT seed="3,2,0,5,1,32" ten="287,187,260,266" oya="3" hai0="128,9,88,97,28,73,77,94,84,96,59,24,111" hai1="122,38,26,34,52,17,70,74,11,105,3,71,53" hai2="118,58,109,20,89,12,72,99,98,130,40,91,127" hai3="110,133,81,25,68,124,13,29,101,5,51,95,92"/><W83/><G68/><T31/><D59/><U86/><E86/><V10/><BYE who="1" /><F118/><W61/><G133/><T18/><D9/><U131/><E131/><V123/><F109/><W93/><G110/><T23/><D128/><U21/><E21/><V104/><F130/><W6/><G124/><T22/><D111/><U36/><E36/><V64/><F123/><W55/><G101/><T134/><D134/><U112/><E112/><V45/><F127/><W76/><G61/><T116/><D116/><U15/><E15/><V14/><F72/><W41/><G41/><T117/><D117/><U7/><E7/><V90/><F104/><W60/><G60/><T8/><D73/><U47/><E47/><V87/><F10/><W108/><G108/><T100/><D77/><U48/><E48/><N who="2" m="26663" /><F20/><N who="3" m="15527" /><G13/><N who="2" m="5225" /><F58/><N who="3" m="33151" /><G76/><T27/><REACH who="0" step="1"/><D100/><REACH who="0" step="2"/><U1/><E1/><V57/><F57/><W42/><G5/><T85/><D85/><U50/><E50/><V33/><F33/><W120/><G6/><T106/><D106/><U43/><E43/><V56/><F87/><W102/><G42/><T66/><D66/><U65/><E65/><V2/><F2/><W62/><G102/><UN n1="%E3%83%9E%E3%83%AB%E3%83%95" /><T115/><D115/><U103/><E122/><V135/><F135/><W54/><G120/><T125/><D125/><U132/><E132/><V44/><F44/><W35/><G62/><AGARI ba="2,1" hai="56,62,64,89,90,91,98,99" m="5225,26663" machi="62" ten="30,1000,0" yaku="8,1" doraHai="32" who="2" fromWho="3" sc="277,0,187,0,260,26,266,-16" /><INIT seed="4,0,0,4,2,1" ten="277,187,286,250" oya="0" hai0="43,113,27,128,86,53,130,123,65,22,6,85,31" hai1="29,100,97,34,64,61,59,74,48,105,131,119,101" hai2="67,19,39,121,112,57,63,13,114,51,30,25,73" hai3="8,4,135,94,134,62,98,71,56,37,90,45,124"/><T76/><D123/><U102/><E119/><V35/><F39/><W32/><G71/><T115/><D43/><U92/><E131/><N who="0" m="50217" /><D65/><U21/><E34/><V72/><F51/><W69/><G69/><T54/><D76/><U26/><E105/><V83/><F121/><W79/><G32/><T24/><D31/><U10/><E74/><V126/><F126/><W20/><G124/><T16/><D22/><U78/><E78/><V2/><F2/><W132/><G79/><T7/><D16/><U95/><E10/><V118/><F118/><W52/><G20/><T81/><D81/><U60/><E92/><V14/><F83/><W28/><G28/><T120/><D120/><U129/><E129/><V33/><F33/><W82/><G82/><T106/><D106/><U41/><E61/><V109/><F109/><W55/><G37/><T116/><D116/><U117/><E117/><V87/><F87/><N who="0" m="33290" /><D54/><U111/><REACH who="1" step="1"/><E111/><REACH who="1" step="2"/><V40/><F72/><W84/><G55/><T12/><D53/><U91/><E91/><V18/><F73/><W15/><G45/><AGARI ba="0,1" hai="21,26,29,41,45,48,59,60,64,95,97,100,101,102" machi="45" ten="40,8000,1" yaku="1,1,25,2,8,1,53,0" doraHai="1" doraHaiUra="68" who="1" fromWho="3" sc="277,0,177,90,286,0,250,-80" /><INIT seed="5,0,0,3,2,30" ten="277,267,286,170" oya="1" hai0="57,84,107,26,8,31,121,16,99,81,69,73,94" hai1="70,45,106,64,131,67,102,44,117,52,98,83,104" hai2="42,88,49,40,20,78,134,24,56,125,130,68,135" hai3="35,36,61,48,65,112,133,23,0,33,86,105,100"/><U55/><E117/><V39/><F78/><W71/><G133/><N who="2" m="50697" /><F68/><W51/><G36/><T15/><D69/><U113/><E113/><V43/><F125/><W109/><G109/><T32/><D121/><U76/><E131/><V54/><F130/><W12/><G0/><T1/><D107/><U41/><E106/><V97/><F39/><W29/><G112/><T72/><D1/><U95/><E104/><V17/><F40/><W96/><G86/><T6/><D6/><U132/><E132/><V2/><F2/><W9/><G23/><T123/><D123/><U108/><E108/><V22/><F22/><W110/><G110/><T91/><REACH who="0" step="1"/><D57/><REACH who="0" step="2"/><U47/><E70/><V79/><F79/><AGARI ba="0,1" hai="8,15,16,26,31,32,72,73,79,81,84,91,94,99" machi="79" ten="30,8000,1" yaku="1,1,2,1,7,1,52,1,54,1,53,0" doraHai="30" doraHaiUra="122" who="0" fromWho="2" sc="267,90,267,0,286,-80,170,0" /><INIT seed="6,0,0,1,0,109" ten="357,267,206,170" oya="2" hai0="48,42,62,108,59,92,50,6,63,122,30,100,75" hai1="129,114,35,88,14,85,110,2,24,19,54,36,73" hai2="118,81,90,37,67,47,44,65,94,18,3,41,1" hai3="130,72,23,115,45,113,25,34,83,128,89,0,87"/><V119/><F81/><W53/><G0/><T133/><D108/><U71/><E110/><V95/><F18/><N who="3" m="12535" /><G34/><T112/><D122/><U79/><E71/><V13/><F13/><W4/><G4/><T120/><D120/><U29/><E36/><V9/><F9/><W123/><G123/><T17/><D75/><U102/><E129/><N who="3" m="49770" /><G72/><T121/><D121/><U52/><E73/><V57/><F57/><W46/><G53/><N who="0" m="32167" /><D133/><U105/><E2/><V125/><F37/><W77/><G77/><T26/><D6/><U10/><E114/><AGARI ba="0,0" hai="45,46,83,87,89,113,114,115" m="49770,12535" machi="114" ten="30,12000,2" yaku="15,1,11,1,19,1,52,3" doraHai="109" who="3" fromWho="1" sc="357,0,267,-120,206,0,170,120" /><INIT seed="7,0,0,1,2,126" ten="357,147,206,290" oya="3" hai0="133,97,65,52,16,96,4,131,92,19,39,116,20" hai1="68,132,6,62,61,75,105,84,2,44,7,103,98" hai2="49,81,135,17,51,79,67,125,72,121,59,3,15" hai3="28,35,128,104,91,24,107,58,29,127,41,106,83"/><W47/><G127/><T23/><D116/><U77/><E132/><V46/><F135/><W113/><G113/><T32/><D133/><U95/><E44/><V0/><F125/><W124/><G124/><T66/><D39/><U117/><E68/><V102/><F121/><W69/><G69/><T42/><D32/><U5/><E2/><V53/><F102/><W108/><G108/><T99/><D42/><U114/><E114/><V40/><REACH who="2" step="1"/><F67/><REACH who="2" step="2"/><N who="0" m="25610" /><D4/><U94/><E117/><V45/><F45/><W26/><G128/><T89/><D131/><U57/><E57/><V14/><F14/><W22/><G58/><T122/><D122/><U31/><E31/><V18/><F18/><N who="0" m="6698" /><D52/><U36/><E36/><V9/><AGARI ba="0,1" hai="0,3,9,15,17,40,46,49,51,53,59,72,79,81" machi="9" ten="20,2700,0" yaku="1,1,0,1,7,1,53,0" doraHai="126" doraHaiUra="109" who="2" fromWho="2" sc="357,-7,147,-7,196,37,290,-13" owari="350,45,140,-36,233,-17,277,8" /></mjloggm>