<mjloggm ver="2.3"><GO type="65"/><UN n0="%4E%6F%4E%61%6D%65" n1="%EF%BC%88%E2%89%A7%E2%96%BD%E2%89%A6%EF%BC%89" n2="%E3%82%8A%E3%81%86%E3%81%A1" n3="%E3%82%BD%E3%83%AB%E3%83%AC%E3%82%AA%E3%83%B3" dan="0,8,10,8" rate="1500,1798,1628,1837" sx="M,M,M,M"/><TAIKYOKU oya="0"/><INIT seed="0,0,0,4,1,103" ten="250,250,250,250" oya="0" hai0="78,123,79,55,22,16,44,58,10,116,109,134,42" hai1="49,0,24,76,48,51,94,88,14,98,124,12,87" hai2="35,126,120,61,102,66,73,36,4,90,82,40,95" hai3="114,84,93,39,121,118,23,105,101,107,26,122,86"/><T30/><D30/><U65/><E124/><V115/><F120/><N who="3" m="46187" /><G39/><T11/><D123/><U5/><E65/><V110/><F115/><W41/><G118/><T132/><D116/><U43/><E43/><V53/><F126/><W74/><G74/><T85/><D85/><N who="3" m="32873" /><G41/><T117/><D117/><U56/><E56/><V68/><F73/><W108/><G114/><T81/><D81/><N who="1" m="47527" /><E0/><V25/><F102/><W106/><G108/><T113/><D113/><U77/><E77/><N who="0" m="29193" /><D42/><U32/><E32/><V97/><F82/><W135/><G135/><N who="0" m="51755" /><D44/><U6/><E24/><V13/><F110/><W31/><G93/><T9/><D109/><U59/><E59/><V112/><F112/><W72/><G72/><T133/><N who="0" m="51763" /><T70/><DORA hai="62" /><D70/><U92/><E92/><V34/><F25/><W8/><G8/><T125/><D125/><U96/><E96/><AGARI ba="0,0" hai="23,26,31,96,101,105,106,107" m="32873,46187" machi="96" ten="30,7700,0" yaku="13,1,52,3" doraHai="103,62" who="3" fromWho="1" sc="250,0,250,-77,250,0,250,77" /><INIT seed="1,0,0,4,0,94" ten="250,173,250,327" oya="1" hai0="83,122,45,93,47,18,73,100,127,115,66,36,120" hai1="86,1,82,77,19,129,134,12,99,118,30,3,6" hai2="71,75,101,37,46,88,58,9,69,25,54,121,26" hai3="128,109,39,116,10,8,61,113,111,117,90,13,62"/><U16/><E118/><N who="3" m="45674" /><G39/><T60/><D36/><U72/><E134/><V107/><F121/><W48/><G113/><T98/><D127/><U20/><E129/><V11/><F107/><W28/><G28/><T41/><D41/><U42/><E42/><V87/><F75/><W29/><G29/><T79/><D115/><U102/><E30/><V126/><F101/><W92/><G48/><T114/><D114/><U125/><E125/><V81/><F126/><W74/><G74/><T7/><D7/><U132/><E132/><V131/><F131/><W76/><G76/><T17/><D17/><U57/><E6/><V84/><F37/><W4/><G8/><T53/><D53/><U70/><E70/><V22/><F84/><N who="3" m="52295" /><G128/><T130/><D18/><U40/><E40/><V2/><F2/><W23/><G23/><T119/><D119/><U80/><E57/><V67/><F25/><W5/><G4/><T68/><REACH who="0" step="1"/><D130/><REACH who="0" step="2"/><U135/><E135/><V97/><F46/><AGARI ba="0,1" hai="45,46,47,60,66,68,73,79,83,93,98,100,120,122" machi="46" ten="40,8000,1" yaku="1,1,2,1,52,1,53,1" doraHai="94" doraHaiUra="64" who="0" fromWho="2" sc="240,90,173,0,250,-80,327,0" /><INIT seed="2,0,0,4,4,28" ten="330,173,170,327" oya="2" hai0="83,73,101,97,18,129,85,82,109,131,41,14,76" hai1="59,52,11,98,100,22,24,19,35,104,13,114,135" hai2="15,71,75,34,84,93,48,110,99,70,74,6,108" hai3="20,4,16,120,64,117,49,54,126,9,53,10,3"/><V80/><F34/><W1/><G120/><T43/><D41/><U130/><E114/><V127/><F6/><W89/><G117/><T61/><D43/><U63/><E135/><V33/><F48/><W57/><G126/><T96/><D61/><U17/><REACH who="1" step="1"/><E130/><REACH who="1" step="2"/><V40/><F40/><W87/><G64/><T102/><D109/><N who="2" m="42090" /><F127/><W5/><G57/><T113/><D113/><U56/><E56/><V26/><F33/><AGARI ba="0,1" hai="11,13,17,19,22,24,33,35,52,59,63,98,100,104" machi="33" ten="40,8000,1" yaku="1,1,52,2,54,1,53,0" doraHai="28" doraHaiUra="65" who="1" fromWho="2" sc="330,0,163,90,170,-80,327,0" /><INIT seed="3,0,0,1,1,125" ten="330,253,90,327" oya="3" hai0="11,28,88,65,63,3,47,22,96,33,62,75,101" hai1="114,20,1,30,115,120,31,64,119,34,29,112,61" hai2="9,76,27,41,126,26,72,86,132,50,0,38,48" hai3="85,35,95,55,49,110,46,66,59,128,12,60,135"/><W80/><G35/><T93/><D75/><U113/><E120/><V73/><F126/><W14/><G128/><T6/><D33/><U24/><E119/><V91/><F132/><W129/><G129/><T130/><D47/><U15/><N who="1" m="29184" /><DORA hai="105" /><U77/><E77/><V37/><F76/><N who="3" m="46215" /><G135/><T133/><D133/><U68/><REACH who="1" step="1"/><E1/><REACH who="1" step="2"/><V131/><F131/><W81/><G110/><T13/><D3/><U56/><E56/><V39/><F41/><W100/><G81/><T54/><D54/><U108/><E108/><V51/><F9/><W104/><G104/><T70/><D63/><U58/><E58/><V43/><F43/><W117/><G117/><T57/><D70/><U79/><E79/><V123/><F123/><W121/><G121/><T52/><D65/><U90/><E90/><V134/><F134/><W4/><G4/><T16/><D130/><U118/><E118/><V102/><F91/><W103/><G103/><T98/><D6/><U89/><E89/><V107/><F86/><W21/><G21/><T10/><D10/><U7/><E7/><V8/><F8/><W71/><G71/><T106/><D11/><U124/><E124/><V122/><F122/><W53/><G66/><T45/><D45/><U82/><E82/><V74/><REACH who="2" step="1"/><F0/><REACH who="2" step="2"/><W109/><G109/><T32/><D32/><U99/><E99/><AGARI ba="0,2" hai="26,27,37,38,39,48,50,51,72,73,74,99,102,107" machi="99" ten="60,16000,3" yaku="1,1,2,1,29,2,52,3,53,1" doraHai="125,105" doraHaiUra="36,97" who="2" fromWho="1" sc="330,0,243,-160,80,180,327,0" /><AGARI ba="0,0" hai="12,14,46,49,53,55,59,60,95,99,100" m="46215" machi="99" ten="30,1500,0" yaku="8,1" doraHai="125,105" who="3" fromWho="1" sc="330,0,83,-15,260,0,327,15" owari="330,13,68,-43,260,-14,342,44" /></mjloggm>