<mjloggm ver="2.3"><GO type="41"/><UN n0="%E4%B8%AD%E6%9D%91%E2%98%86%E5%85%89" n1="%6D%65%61%6C%72" n2="%E5%B9%B8%E5%AD%90%EF%BC%A5%EF%BC%B8" n3="%EF%BC%88%E2%89%A7%E2%96%BD%E2%89%A6%EF%BC%89" dan="14,15,13,15" rate="1888,1968,1918,1995" sx="F,M,M,M"/><TAIKYOKU oya="0"/><INIT seed="0,0,0,3,3,74" ten="250,250,250,250" oya="0" hai0="14,127,120,69,16,104,100,85,117,32,78,128,71" hai1="121,1,95,79,62,36,49,67,91,6,27,66,64" hai2="76,96,56,90,47,2,135,57,21,116,4,5,41" hai3="130,111,19,24,97,63,45,0,8,35,132,37,105"/><T52/><D120/><U80/><E121/><V134/><F116/><W108/><G132/><T87/><D117/><U17/><E36/><V129/><F129/><W107/><G130/><T3/><D128/><U51/><E1/><V112/><F112/><W61/><G37/><T50/><D127/><U12/><E6/><V124/><F124/><W15/><G45/><T133/><D32/><U29/><E62/><N who="3" m="23562" /><G0/><T11/><D133/><U131/><E131/><V33/><F33/><W126/><G126/><T30/><D30/><U9/><E95/><V68/><F68/><W98/><G24/><T110/><D3/><U40/><E40/><V125/><F125/><W39/><G39/><T70/><D110/><N who="3" m="42025" /><G35/><T113/><D113/><U102/><E102/><V93/><F47/><W118/><G118/><T123/><D123/><U92/><E27/><V83/><F2/><W99/><AGARI ba="0,0" hai="8,15,19,97,98,99,105,107" m="42025,23562" machi="99" ten="40,1500,0" yaku="14,1" doraHai="74" who="3" fromWho="3" sc="250,-7,250,-4,250,-4,250,15" /><INIT seed="1,0,0,3,5,96" ten="243,246,246,265" oya="1" hai0="6,51,94,70,44,8,73,4,111,7,79,104,9" hai1="34,40,53,59,43,15,33,75,12,88,109,113,16" hai2="135,36,105,58,115,99,18,65,45,130,62,69,83" hai3="63,121,110,131,64,55,39,93,78,22,2,122,27"/><U101/><E75/><V60/><F135/><W42/><G2/><T20/><D104/><U120/><E120/><V116/><F116/><W77/><G131/><T17/><D70/><U92/><E113/><V127/><F130/><W102/><G110/><T90/><D111/><U47/><E109/><V84/><F127/><W25/><G122/><T134/><D134/><U24/><E101/><V119/><F119/><W14/><G121/><T100/><D100/><U35/><E24/><V11/><F115/><W56/><G39/><T129/><D129/><U89/><E47/><V5/><F18/><N who="3" m="10583" /><G42/><T67/><D67/><U117/><E117/><V133/><F133/><W124/><G124/><T23/><D79/><N who="3" m="30217" /><G55/><T123/><D123/><U118/><E12/><V108/><F69/><W26/><G26/><T54/><D73/><U66/><E118/><V82/><F65/><W72/><G72/><T32/><D32/><U91/><E66/><V74/><F105/><W85/><G85/><T107/><D107/><U126/><E126/><V30/><F84/><W86/><G86/><T71/><D71/><U10/><REACH who="1" step="1"/><E92/><REACH who="1" ten="243,236,246,265" step="2"/><V19/><F74/><W112/><G112/><T128/><D128/><U57/><E57/><V21/><F58/><W97/><AGARI ba="0,1" hai="25,27,56,63,64,93,97,102" m="30217,10583" machi="97" ten="30,2000,0" yaku="8,1,52,1" doraHai="96" who="3" fromWho="3" sc="243,-5,236,-10,246,-5,265,30" /><INIT seed="2,0,0,4,1,135" ten="238,226,241,295" oya="2" hai0="72,123,70,105,98,19,42,99,54,2,28,127,81" hai1="112,16,73,52,114,126,35,55,67,34,91,121,87" hai2="46,110,5,29,131,83,84,36,129,64,0,65,47" hai3="30,79,8,41,57,7,6,49,76,118,1,20,130"/><V4/><F29/><W111/><G118/><T108/><D123/><U80/><E121/><V68/><F110/><W92/><G130/><N who="2" m="49673" /><F68/><W134/><G134/><T62/><D108/><U75/><E67/><N who="2" m="25675" /><F0/><W113/><G111/><T26/><D70/><U97/><E97/><V104/><F104/><W18/><G30/><T82/><D19/><U50/><E75/><V24/><F24/><W40/><G7/><N who="2" m="2633" /><F36/><W25/><G1/><T11/><D2/><U3/><E73/><V85/><F85/><W89/><G6/><T58/><D72/><U31/><E3/><V61/><F61/><W78/><G25/><T106/><D62/><U63/><E63/><V43/><F43/><W21/><G40/><T94/><D42/><U27/><E87/><V13/><F13/><W90/><G41/><T93/><D28/><U37/><E27/><V22/><F22/><W117/><G20/><T125/><D26/><U23/><E31/><V39/><F39/><W132/><G21/><T128/><D128/><U116/><E23/><V14/><F14/><W51/><G132/><T56/><D54/><U102/><E37/><V60/><F60/><W119/><G117/><T12/><D12/><U44/><E116/><V53/><F53/><N who="3" m="31919" /><G119/><T15/><D15/><U88/><E55/><V109/><F109/><W45/><G18/><T71/><D71/><U69/><E69/><V17/><F17/><W124/><G51/><T120/><D120/><U122/><E122/><V95/><F95/><W103/><G92/><T32/><D105/><U66/><E50/><V38/><F38/><W33/><G8/><RYUUKYOKU ba="0,0" sc="238,-10,226,-10,241,30,295,-10" hai2="46,47,83,84" /><INIT seed="2,1,0,4,4,2" ten="228,216,271,285" oya="2" hai0="87,41,72,106,132,98,135,103,52,58,48,117,1" hai1="51,55,8,64,42,19,104,34,47,71,78,118,123" hai2="46,89,91,81,6,126,99,107,59,113,11,97,95" hai3="121,76,36,12,40,94,120,23,134,112,77,15,133"/><V119/><F113/><W50/><G36/><T30/><D1/><U44/><E104/><V116/><F126/><W27/><G112/><T43/><D72/><U125/><E34/><V114/><F114/><W0/><G0/><T31/><D117/><U62/><E78/><N who="3" m="30314" /><G94/><T17/><D17/><U127/><E19/><V10/><F10/><W20/><G50/><T80/><D31/><U74/><E74/><V73/><F73/><W14/><G40/><T56/><D56/><N who="1" m="32895" /><E8/><V3/><F81/><W124/><G27/><T96/><D96/><U101/><E101/><V79/><F79/><W86/><G86/><T16/><D16/><U122/><E118/><V128/><F128/><W26/><G26/><T131/><D131/><U69/><E69/><V60/><F91/><W68/><G68/><T5/><D5/><U65/><E65/><V49/><F107/><W38/><G38/><T45/><D30/><U82/><E82/><V92/><F92/><W54/><G54/><T39/><REACH who="0" step="1"/><D41/><REACH who="0" ten="218,216,271,285" step="2"/><U63/><E42/><V110/><F116/><W9/><G9/><T24/><D24/><U53/><E53/><V28/><F119/><W85/><G85/><T35/><D35/><U111/><E111/><V66/><F110/><W4/><G4/><T29/><D29/><U70/><E125/><V83/><F83/><W115/><G124/><T105/><D105/><U102/><E127/><V130/><F28/><W22/><G115/><T21/><D21/><U33/><E33/><V90/><F130/><W25/><G25/><T108/><D108/><U109/><E109/><V13/><F3/><RYUUKYOKU ba="1,1" sc="218,15,216,-15,271,-15,285,15" hai0="39,43,45,48,52,58,80,87,98,103,106,132,135" hai3="12,14,15,20,22,23,120,121,133,134" /><INIT seed="3,2,1,4,2,110" ten="233,201,256,300" oya="3" hai0="123,40,95,78,75,111,117,50,17,132,99,32,8" hai1="41,130,94,134,20,14,69,53,1,37,57,84,126" hai2="124,9,45,70,125,105,79,86,120,31,109,10,81" hai3="23,61,76,34,135,71,98,67,59,29,112,82,54"/><W113/><G135/><T4/><D132/><U107/><E134/><V64/><F105/><W122/><G122/><T6/><D123/><U46/><E107/><V35/><F120/><W21/><G34/><T103/><D111/><U80/><E1/><V62/><F109/><W56/><G98/><T100/><D32/><U27/><E130/><V91/><F31/><W11/><G11/><T12/><D103/><U133/><E133/><V77/><F35/><W102/><G102/><T83/><D117/><U47/><E126/><N who="2" m="48747" /><F45/><W89/><G89/><T73/><REACH who="0" step="1"/><D75/><REACH who="0" ten="223,201,256,300" step="2"/><U108/><E108/><V26/><F26/><W116/><G116/><T55/><D55/><U18/><E27/><V58/><F70/><W2/><G71/><T96/><D96/><U92/><E69/><V74/><F74/><W25/><G2/><T49/><D49/><U28/><E37/><V51/><F51/><W128/><G128/><T3/><D3/><U24/><E24/><V52/><F64/><W101/><G101/><T119/><D119/><U72/><E72/><V121/><F121/><W43/><G43/><T33/><D33/><U104/><E41/><V42/><F42/><W15/><G15/><T44/><AGARI ba="2,2" hai="4,6,8,12,17,40,44,50,73,78,83,95,99,100" machi="44" ten="30,2000,0" yaku="1,1,0,1,53,0" doraHai="110" doraHaiUra="30" who="0" fromWho="0" sc="223,46,201,-7,256,-7,300,-12" /><INIT seed="4,0,0,0,1,108" ten="269,194,249,288" oya="0" hai0="77,111,132,90,98,95,43,4,59,133,120,126,128" hai1="97,104,94,121,57,123,23,10,9,83,117,89,50" hai2="15,64,52,69,37,74,112,61,100,49,13,119,135" hai3="54,21,93,56,78,6,17,2,129,31,115,82,91"/><T96/><D120/><U70/><E70/><V35/><F74/><W106/><G106/><T85/><D128/><U66/><E117/><V99/><F119/><W38/><G38/><T42/><D111/><U14/><E104/><V19/><F35/><W53/><G129/><T60/><D4/><U71/><E71/><V134/><F112/><W101/><G101/><T30/><D30/><U118/><E118/><V114/><F37/><W39/><G39/><T75/><D75/><U65/><E23/><V24/><F24/><W81/><G115/><T20/><D20/><U127/><E127/><V36/><F36/><W62/><G31/><T102/><D126/><U33/><E33/><V3/><F3/><W87/><G2/><T27/><D27/><U122/><E83/><V22/><F15/><W1/><G1/><T92/><D77/><U26/><E26/><V124/><F114/><W105/><G105/><T125/><D125/><U72/><E72/><V86/><F86/><W34/><G34/><T29/><D29/><U11/><E14/><V48/><F48/><W58/><G6/><T55/><REACH who="0" step="1"/><D96/><REACH who="0" ten="259,194,249,288" step="2"/><U109/><E109/><V76/><F76/><W68/><G78/><T130/><D130/><U45/><E122/><V18/><F124/><W44/><G21/><T63/><D63/><U8/><E123/><V107/><REACH who="2" step="1"/><F19/><REACH who="2" ten="259,194,239,288" step="2"/><W67/><G17/><T7/><D7/><U113/><E121/><V46/><AGARI ba="0,2" hai="13,18,22,46,49,52,61,64,69,99,100,107,134,135" machi="46" ten="30,7900,0" yaku="1,1,2,1,0,1,54,1,53,0" doraHai="108" doraHaiUra="79" who="2" fromWho="2" sc="259,-39,194,-20,239,99,288,-20" /><INIT seed="5,0,0,2,0,66" ten="220,174,338,268" oya="1" hai0="5,90,21,83,88,53,15,47,61,132,110,111,106" hai1="123,125,69,44,11,45,103,14,22,63,51,59,116" hai2="23,81,52,64,84,79,9,4,17,76,30,89,133" hai3="68,2,127,25,54,58,128,43,29,28,31,34,72"/><U57/><E116/><V26/><F133/><W6/><G72/><T38/><D132/><U113/><E123/><V49/><F64/><W115/><G128/><T117/><D117/><U134/><E134/><V98/><F98/><W33/><G127/><T16/><D106/><U107/><E125/><V114/><F114/><W74/><G74/><T130/><D130/><U46/><E113/><V91/><F91/><W65/><G115/><T70/><D5/><U18/><E107/><V56/><REACH who="2" step="1"/><F30/><REACH who="2" ten="220,174,328,268" step="2"/><W93/><G29/><T19/><D90/><U82/><E103/><V92/><F92/><W94/><G31/><T48/><D110/><U131/><E131/><V20/><F20/><W112/><G112/><T86/><D111/><U85/><E22/><V120/><F120/><W100/><G93/><T77/><D88/><N who="1" m="51255" /><E69/><V96/><F96/><W27/><G28/><T101/><D101/><U41/><E59/><V97/><F97/><N who="3" m="59447" /><G68/><T73/><D70/><U129/><E129/><V39/><F39/><W87/><G65/><AGARI ba="0,1" hai="11,14,18,41,44,45,46,51,57,63,65" m="51255" machi="65" ten="30,2900,0" yaku="8,1,54,1" doraHai="66" who="1" fromWho="3" sc="220,0,174,39,328,0,268,-29" /><INIT seed="5,1,0,4,3,128" ten="220,213,328,239" oya="1" hai0="47,110,102,133,12,67,34,55,107,48,18,41,74" hai1="37,123,92,135,2,116,30,10,112,130,65,58,98" hai2="114,134,97,42,59,50,89,81,75,29,24,119,86" hai3="87,103,122,76,35,93,131,82,95,9,83,4,22"/><U3/><E37/><V62/><F119/><W71/><G35/><T44/><D110/><U115/><E123/><V79/><F97/><W60/><G122/><T113/><D113/><N who="1" m="43595" /><E116/><V121/><F121/><W19/><G131/><T91/><D74/><U20/><E130/><V63/><F114/><W129/><G129/><T36/><D34/><U100/><E135/><V90/><F134/><W31/><G31/><T94/><D67/><U25/><E10/><V124/><F124/><W64/><G103/><T6/><D6/><U5/><E5/><V21/><F75/><W88/><G22/><T68/><D68/><U77/><E77/><V99/><F99/><W16/><G93/><T32/><D133/><U73/><E73/><V132/><F132/><W120/><G120/><T49/><D32/><U51/><E51/><V45/><F63/><AGARI ba="1,0" hai="2,3,20,25,30,58,63,65,92,98,100" m="43595" machi="63" ten="30,2900,0" yaku="25,1,15,1" doraHai="128" who="1" fromWho="2" sc="220,0,213,32,328,-32,239,0" /><INIT seed="5,2,0,2,2,55" ten="220,245,296,239" oya="1" hai0="26,3,79,97,98,82,95,37,7,54,38,17,29" hai1="103,135,1,86,132,94,30,126,109,85,69,45,133" hai2="110,121,130,41,131,67,10,128,25,2,50,34,8" hai3="116,68,42,13,6,22,21,105,5,16,0,72,36"/><U129/><E1/><V89/><F110/><W18/><G72/><T93/><D17/><U81/><E69/><V58/><F121/><W65/><G116/><T64/><D64/><U51/><E109/><V56/><F67/><W47/><G105/><T14/><D3/><U113/><E30/><N who="2" m="19791" /><F89/><W4/><G0/><T104/><D104/><U125/><E113/><V127/><F127/><N who="1" m="48649" /><E81/><V44/><F10/><W70/><REACH who="3" step="1"/><G65/><REACH who="3" ten="220,245,296,229" step="2"/><T100/><D7/><AGARI ba="2,1" hai="2,7,8,41,44,50,56,58,128,130,131" m="19791" machi="7" ten="30,3900,0" yaku="19,1,52,2" doraHai="55" who="2" fromWho="0" sc="220,-45,245,0,296,55,229,0" /><INIT seed="6,0,0,4,4,36" ten="175,245,351,229" oya="2" hai0="99,103,118,119,115,113,93,85,123,15,23,104,8" hai1="53,125,49,111,10,74,33,117,51,131,134,76,0" hai2="26,130,2,30,65,61,47,87,128,107,16,67,56" hai3="12,127,64,43,116,22,110,82,97,129,78,94,37"/><V108/><F2/><W58/><G116/><N who="0" m="44587" /><D23/><U105/><E76/><V24/><F107/><W3/><G110/><T1/><D1/><U11/><E53/><V55/><F108/><W5/><G127/><T60/><D60/><U20/><E20/><N who="2" m="13319" /><F87/><W18/><G129/><N who="2" m="49769" /><F47/><W80/><G3/><T41/><D123/><U96/><E0/><V121/><F121/><W34/><G34/><AGARI ba="0,0" hai="26,30,34,55,56,61,65,67" m="49769,13319" machi="34" ten="30,2900,0" yaku="19,1,54,1" doraHai="36" who="2" fromWho="3" sc="175,0,245,0,351,29,229,-29" /><INIT seed="6,1,0,3,5,74" ten="175,245,380,200" oya="2" hai0="19,82,29,73,101,2,31,118,93,134,104,64,112" hai1="90,9,86,30,26,34,77,61,113,102,65,52,32" hai2="63,81,80,49,51,53,72,124,94,23,97,71,78" hai3="54,50,11,107,6,128,8,15,132,105,18,44,103"/><V88/><BYE who="3" /><F124/><W27/><G27/><T41/><D118/><U109/><E109/><V79/><F23/><UN n3="%EF%BC%88%E2%89%A7%E2%96%BD%E2%89%A6%EF%BC%89" /><W55/><G128/><T121/><D121/><U69/><E113/><V3/><F3/><W127/><G132/><T108/><D108/><U83/><E9/><V76/><F71/><W1/><G127/><T14/><D134/><U43/><E43/><V114/><F114/><W91/><G103/><T99/><D112/><U92/><E34/><V70/><F70/><W37/><G37/><T13/><D2/><U5/><E5/><V24/><F24/><W47/><REACH who="3" step="1"/><G91/><REACH who="3" ten="175,245,380,190" step="2"/><T98/><D104/><U62/><E102/><N who="2" m="60727" /><F72/><W96/><G96/><T56/><D73/><U125/><E125/><V119/><F119/><W67/><G67/><T39/><D39/><U120/><E120/><V45/><F63/><W22/><G22/><T17/><D41/><U59/><REACH who="1" step="1"/><E92/><REACH who="1" ten="175,235,380,190" step="2"/><V38/><F38/><W133/><G133/><T28/><D101/><U58/><E58/><N who="2" m="33071" /><F88/><AGARI ba="1,2" hai="26,30,32,52,59,61,62,65,69,77,83,86,88,90" machi="88" ten="40,8000,1" yaku="1,1,52,1,54,2,53,0" doraHai="74" doraHaiUra="122" who="1" fromWho="2" sc="175,0,235,103,380,-83,190,0" /><INIT seed="7,0,0,0,5,101" ten="175,338,297,190" oya="3" hai0="74,17,81,28,76,70,56,89,6,9,35,95,48" hai1="44,114,20,124,59,128,47,92,60,37,116,118,127" hai2="104,63,125,42,121,64,50,79,38,29,93,91,109" hai3="107,84,15,26,110,23,14,54,30,115,90,122,55"/><W19/><G122/><T111/><D111/><U112/><E128/><V3/><F109/><W119/><G119/><N who="1" m="45610" /><E92/><V75/><F125/><N who="1" m="48201" /><E20/><V40/><F121/><W34/><G110/><T134/><D134/><U11/><E11/><V72/><F38/><W73/><G73/><T77/><D77/><U0/><E0/><V83/><F72/><W46/><G115/><N who="1" m="44074" /><E37/><V43/><F3/><W85/><G107/><T99/><D17/><U24/><E24/><V4/><F104/><W71/><G71/><T39/><D70/><U1/><E1/><V87/><F4/><W67/><G14/><T135/><D39/><U133/><E133/><V120/><F120/><W68/><G84/><T108/><D108/><U98/><E98/><V10/><F10/><W33/><G33/><T18/><D135/><U106/><E106/><V129/><F129/><W16/><G19/><T117/><D18/><U88/><E88/><V8/><F8/><W126/><G126/><T52/><D117/><U86/><E86/><V131/><F131/><W78/><G90/><T7/><D9/><U12/><E12/><V45/><REACH who="2" step="1"/><F29/><REACH who="2" ten="175,338,287,190" step="2"/><W57/><G30/><T2/><D2/><U22/><E22/><V123/><F123/><W36/><G23/><T66/><D66/><AGARI ba="0,1" hai="44,47,59,60,66" m="44074,48201,45610" machi="66" ten="40,8000,1" yaku="12,1,18,1,15,1,34,2" doraHai="101" who="1" fromWho="0" sc="175,-80,338,90,287,0,190,0" owari="95,-40.0,428,52.0,287,9.0,190,-21.0" /></mjloggm>