<mjloggm ver="2.3"><GO type="169" lobby="0"/><UN n0="%E3%81%B9%E3%81%A3%E3%81%93%E3%83%BC%E2%99%AA" n1="%E3%81%B4%E3%81%AE" n2="%E3%83%81%E3%83%AD%E3%83%AD%E8%BB%8D%E6%9B%B9" n3="%EF%BC%88%E2%89%A7%E2%96%BD%E2%89%A6%EF%BC%89" dan="17,16,16,17" rate="2156.76,2082.56,2004.73,2135.34" sx="F,M,F,M"/><TAIKYOKU oya="0"/><INIT seed="0,0,0,1,3,103" ten="250,250,250,250" oya="0" hai0="56,0,112,18,87,107,96,81,14,119,91,95,70" hai1="84,28,108,25,9,54,123,110,77,76,63,102,118" hai2="134,30,126,34,62,43,51,11,16,82,69,85,49" hai3="64,88,66,37,39,65,48,80,21,29,135,104,98"/><T109/><D119/><U79/><E118/><V71/><F126/><W1/><G1/><T83/><D0/><U131/><E123/><V27/><F134/><W106/><G135/><T32/><D32/><U130/><E102/><V44/><F51/><W93/><G80/><T59/><D112/><U100/><E100/><V105/><F105/><W132/><G132/><T33/><D33/><U124/><E124/><V90/><REACH who="2" step="1"/><F62/><REACH who="2" ten="250,250,240,250" step="2"/><W60/><G60/><T89/><D107/><U46/><E63/><V2/><F2/><W5/><G48/><T12/><D109/><U122/><E110/><V117/><F117/><W125/><G125/><T38/><D38/><U86/><E108/><V114/><F114/><W75/><G39/><T53/><D70/><U127/><E122/><V101/><F101/><W78/><G37/><T6/><D83/><U45/><E127/><V120/><F120/><W50/><G50/><T40/><D40/><U47/><E47/><V4/><F4/><W15/><G5/><T128/><D6/><U113/><E45/><V116/><F116/><W19/><G106/><T94/><D81/><U24/><E46/><V133/><F133/><W7/><G104/><T10/><D59/><U13/><E113/><V8/><F8/><W22/><G7/><T3/><D3/><U58/><E9/><V129/><F129/><W57/><G57/><T72/><D128/><U31/><E131/><V20/><F20/><N who="3" m="11391" /><G29/><T97/><D72/><U67/><E130/><V52/><F52/><W26/><G26/><T55/><D55/><U23/><E54/><V42/><F42/><RYUUKYOKU ba="0,1" sc="250,-15,250,-15,240,15,250,15" hai2="11,16,27,30,34,43,44,49,69,71,82,85,90" hai3="21,22,64,65,66,75,78,88,93,98" /><INIT seed="1,1,1,1,3,14" ten="235,235,255,265" oya="1" hai0="98,48,34,22,129,84,61,52,88,29,83,32,33" hai1="107,100,40,134,64,20,10,12,47,81,119,44,7" hai2="73,36,43,131,30,90,49,132,68,65,23,93,89" hai3="70,5,54,128,101,57,94,133,27,85,2,37,75"/><U77/><E119/><V111/><F73/><W92/><G75/><T71/><D129/><U53/><E134/><V15/><F36/><W17/><G70/><T13/><D98/><U79/><E64/><V78/><F78/><W74/><G74/><T110/><D110/><U1/><E107/><V21/><F111/><W50/><G133/><T118/><D118/><U121/><E100/><V45/><F132/><W113/><G37/><T105/><D105/><U39/><E121/><V46/><F131/><W51/><G128/><T124/><D124/><U4/><E77/><V126/><F126/><W59/><G113/><T0/><D0/><U109/><E109/><V87/><F46/><W117/><G117/><T66/><D13/><U120/><E120/><V9/><F68/><W56/><G2/><T112/><D112/><U115/><E115/><V69/><F65/><W114/><G114/><T135/><D135/><U102/><E102/><V95/><F30/><W123/><G123/><T96/><D96/><U63/><E20/><V8/><F69/><W99/><G5/><T42/><D22/><N who="2" m="8202" /><F15/><W127/><G127/><T82/><D29/><U31/><E31/><V72/><F72/><W55/><G27/><T103/><D103/><U11/><E47/><V104/><F104/><W28/><G28/><T122/><D122/><U38/><E38/><V97/><AGARI ba="1,1" hai="8,9,43,45,49,87,89,90,93,95,97" m="8202" machi="97" ten="30,1100,0" yaku="8,1" doraHai="14" who="2" fromWho="2" sc="235,-4,235,-6,255,24,265,-4" /><INIT seed="2,0,0,3,3,78" ten="231,229,279,261" oya="2" hai0="82,58,80,106,124,44,88,92,26,65,49,109,17" hai1="108,69,68,23,117,115,2,85,8,105,28,76,93" hai2="114,125,39,29,89,81,118,11,83,34,57,19,87" hai3="33,56,116,13,111,42,24,43,38,9,40,63,37"/><V45/><F114/><W84/><G116/><T73/><D106/><U113/><E117/><V21/><F118/><W51/><G111/><T94/><D109/><U98/><E105/><V52/><F125/><W6/><G51/><T77/><D124/><U112/><E108/><V135/><F135/><W127/><G127/><T41/><D92/><U50/><E50/><V1/><F29/><W86/><G24/><T70/><D70/><U10/><E28/><V20/><F34/><W126/><G33/><T75/><D75/><U121/><E121/><V15/><F1/><W71/><G71/><T4/><D4/><U100/><E23/><V129/><F129/><W30/><G30/><T25/><D17/><U55/><E55/><V66/><F66/><W32/><G32/><T104/><D104/><U22/><E22/><V53/><F39/><W67/><G126/><T133/><D133/><U36/><E36/><V107/><F107/><W110/><G110/><T48/><D80/><U134/><E134/><V7/><F7/><W64/><G38/><T95/><D95/><U103/><E103/><V18/><F81/><W97/><G37/><T128/><D128/><U5/><E10/><V12/><F45/><W46/><G46/><T54/><REACH who="0" step="1"/><D65/><REACH who="0" ten="221,229,279,261" step="2"/><U27/><E69/><V131/><F131/><W31/><G67/><T79/><D79/><U61/><E76/><V130/><F130/><W91/><G31/><T119/><D119/><U102/><E68/><V96/><F96/><AGARI ba="0,1" hai="25,26,41,44,48,49,54,58,73,77,82,88,94,96" machi="96" ten="30,7700,0" yaku="1,1,7,1,52,1,54,1,53,0" doraHai="78" doraHaiUra="0" who="0" fromWho="2" sc="221,87,229,0,279,-77,261,0" /><INIT seed="3,0,0,1,2,74" ten="308,229,202,261" oya="3" hai0="91,22,73,55,90,82,84,130,4,15,69,63,89" hai1="27,46,97,54,121,101,7,132,95,77,17,26,102" hai2="57,93,109,2,124,100,6,67,106,111,123,29,16" hai3="117,118,28,81,18,120,127,92,64,56,88,44,48"/><W19/><G120/><T78/><D130/><U0/><E132/><V103/><F106/><W45/><G127/><T23/><D69/><U14/><E121/><V8/><F123/><W12/><G28/><T20/><D73/><U99/><E0/><V24/><F124/><W94/><G117/><T134/><D134/><U50/><E7/><V5/><F5/><W72/><G118/><T87/><D87/><U80/><E17/><V33/><F16/><N who="3" m="6187" /><G72/><T30/><D30/><U119/><E14/><V133/><F133/><W126/><G12/><T135/><D135/><U42/><E42/><V39/><F39/><W75/><G75/><T3/><D3/><U13/><E13/><V10/><F10/><W110/><G110/><N who="2" m="41993" /><F93/><N who="3" m="35947" /><G126/><T131/><D131/><U62/><E119/><V35/><F35/><W1/><G1/><T98/><D4/><U76/><E80/><V59/><F67/><W113/><G113/><T58/><D15/><U104/><REACH who="1" step="1"/><E62/><REACH who="1" ten="308,219,202,261" step="2"/><V40/><F40/><W83/><G83/><T86/><D86/><U49/><E49/><V79/><F2/><W122/><G122/><T128/><D128/><U11/><E11/><V21/><F8/><W37/><G48/><T47/><D84/><U115/><E115/><V51/><F51/><W9/><G9/><T36/><D63/><U34/><E34/><V31/><F33/><W52/><G81/><T32/><D82/><U71/><E71/><V65/><F6/><W61/><G61/><T96/><D36/><U107/><E107/><V70/><F70/><W105/><G37/><T68/><D68/><U116/><E116/><RYUUKYOKU ba="0,1" sc="308,-10,219,30,202,-10,261,-10" hai1="26,27,46,50,54,76,77,95,97,99,101,102,104" /><INIT seed="4,1,1,0,5,105" ten="298,249,192,251" oya="0" hai0="40,38,61,128,47,6,82,103,71,17,99,108,27" hai1="90,121,106,49,4,10,85,129,54,33,48,13,130" hai2="133,28,93,9,116,102,115,69,62,109,31,34,98" hai3="23,104,134,45,77,120,22,70,92,123,79,89,3"/><T101/><D108/><U20/><E121/><N who="3" m="46666" /><G104/><T113/><D113/><U19/><E33/><V118/><F109/><W44/><G70/><T122/><D128/><U74/><E106/><V117/><F115/><W65/><G65/><N who="0" m="41391" /><D103/><U41/><E74/><V111/><F111/><W91/><G3/><T72/><D99/><U53/><E41/><V96/><F133/><W0/><G0/><T66/><D101/><U1/><E49/><V110/><F110/><W15/><G134/><T135/><D135/><U94/><REACH who="1" step="1"/><E54/><REACH who="1" ten="298,239,192,251" step="2"/><V29/><F34/><W57/><G79/><T11/><D40/><U87/><E87/><V18/><F117/><W63/><G77/><T16/><D72/><U56/><AGARI ba="1,2" hai="1,4,10,13,19,20,48,53,56,85,90,94,129,130" machi="56" ten="30,8000,1" yaku="1,1,0,1,25,2,53,1" doraHai="105" doraHaiUra="32" who="1" fromWho="1" sc="298,-41,239,103,192,-21,251,-21" /><INIT seed="5,0,0,4,3,36" ten="257,342,171,230" oya="1" hai0="82,100,87,31,48,102,135,26,108,81,125,105,75" hai1="13,106,23,60,83,38,112,6,39,95,103,85,101" hai2="24,33,114,94,16,74,3,42,127,41,88,27,96" hai3="25,32,90,116,122,49,84,126,52,43,46,133,64"/><U12/><E112/><V69/><F74/><W5/><G122/><T110/><D135/><U70/><E106/><V92/><F3/><W47/><G133/><T72/><D48/><U107/><E107/><V78/><F69/><W131/><G131/><T34/><D125/><U22/><E70/><V11/><F78/><W18/><G126/><T76/><D75/><U129/><E60/><V128/><F127/><W0/><G116/><T71/><D71/><U66/><E66/><V119/><F119/><W44/><G64/><T65/><D65/><U68/><E68/><V73/><F73/><W79/><G79/><N who="0" m="46527" /><D105/><U121/><E95/><V104/><F104/><W14/><G0/><T15/><D15/><U50/><E50/><V132/><F132/><W77/><G77/><T9/><D9/><U89/><E13/><N who="2" m="7231" /><F33/><W109/><G32/><T40/><D76/><U29/><E39/><V120/><F120/><W19/><G109/><T28/><D72/><U99/><E38/><V97/><F128/><W98/><G25/><N who="2" m="9801" /><F114/><W10/><G98/><T111/><D34/><U35/><E99/><V2/><F2/><W62/><G62/><T93/><D110/><U86/><E35/><V8/><F8/><W118/><G118/><T67/><D108/><U59/><E129/><V56/><F56/><N who="3" m="32783" /><G43/><T115/><D40/><U54/><E59/><V51/><F51/><W123/><G123/><T20/><D111/><U113/><E121/><V53/><F53/><W117/><G117/><T61/><D115/><U91/><E113/><V130/><F130/><W17/><G44/><T63/><D67/><RYUUKYOKU ba="0,0" sc="257,-15,342,-15,171,15,230,15" hai2="41,42,88,92,94,96,97" hai3="5,10,14,17,18,19,46,47,84,90" /><INIT seed="6,1,0,2,3,90" ten="242,327,186,245" oya="2" hai0="12,18,83,5,85,0,120,78,100,99,76,33,48" hai1="111,16,135,39,70,112,11,103,61,30,129,40,46" hai2="24,109,54,119,3,122,28,74,31,2,57,69,84" hai3="121,114,21,19,53,98,15,41,38,87,13,123,43"/><V106/><F119/><W8/><G114/><T95/><D120/><U96/><E111/><V49/><F122/><W37/><G37/><T115/><D33/><U72/><E72/><V50/><F74/><W113/><G113/><T130/><D115/><U25/><E112/><V102/><F69/><W131/><G131/><T134/><D130/><U17/><E129/><V22/><F109/><W71/><G71/><T132/><D0/><U44/><E135/><N who="0" m="51753" /><D48/><U82/><E82/><V60/><F31/><W104/><G38/><T66/><D66/><U45/><E45/><V124/><F124/><W118/><G118/><T62/><D62/><U77/><E77/><V75/><F75/><W1/><G1/><T20/><D5/><U47/><E46/><V117/><F117/><W7/><G121/><T35/><D35/><U133/><E47/><V80/><F3/><W27/><G123/><T92/><D76/><U14/><E133/><V110/><F2/><W91/><G53/><T59/><D59/><U128/><E128/><V116/><F110/><W32/><G32/><T52/><D52/><U108/><E108/><V94/><F106/><AGARI ba="1,0" hai="12,18,20,78,83,85,92,95,99,100,106" m="51753" machi="106" ten="30,3900,0" yaku="20,1,52,2" doraHai="90" who="0" fromWho="2" sc="242,42,327,0,186,-42,245,0" /><INIT seed="7,0,0,3,0,57" ten="284,327,144,245" oya="3" hai0="59,124,31,134,75,56,45,69,40,82,10,97,8" hai1="3,70,72,116,86,80,129,71,126,60,63,14,12" hai2="118,127,16,120,43,23,64,128,65,24,49,34,1" hai3="101,20,0,110,107,4,5,87,21,106,79,119,121"/><W112/><G121/><T51/><D69/><U41/><E3/><V19/><F118/><W2/><G101/><T11/><D134/><U88/><E71/><V105/><F1/><W48/><G48/><T104/><D124/><U54/><E70/><V36/><F105/><W15/><G79/><T32/><D32/><U125/><E129/><V13/><F36/><W76/><G76/><T122/><D122/><U117/><E41/><V81/><F127/><N who="1" m="48649" /><E72/><V27/><F128/><W46/><G46/><T61/><D31/><U85/><E63/><V26/><F120/><W90/><G90/><T17/><D75/><U55/><E86/><V73/><F34/><W42/><G42/><T94/><D82/><U53/><E60/><V108/><F108/><W74/><G15/><AGARI ba="0,0" hai="12,14,15,53,54,55,80,85,88,116,117" m="48649" machi="15" ten="40,2600,0" yaku="18,1,54,1" doraHai="57" who="1" fromWho="3" sc="284,0,327,26,144,0,245,-26" owari="284,8.0,353,46.0,144,-36.0,219,-18.0" /></mjloggm>