<mjloggm ver="2.3"><GO type="65"/><UN n0="%E7%8D%85%E5%AD%90%E6%96%B9%E8%8B%A5%E9%80%A3%E4%B8%AD" n1="%4E%6F%4E%61%6D%65" n2="%62%65%2D%31" n3="%EF%BC%88%E2%89%A7%E2%96%BD%E2%89%A6%EF%BC%89" dan="11,0,5,7" rate="1636,1500,1429,1770" sx="M,M,M,M"/><TAIKYOKU oya="0"/><INIT seed="0,0,0,0,2,114" ten="250,250,250,250" oya="0" hai0="67,82,0,59,5,73,52,34,26,128,39,99,10" hai1="43,135,44,119,91,102,104,117,131,24,97,53,6" hai2="29,42,8,66,41,31,13,72,126,122,12,11,54" hai3="87,63,9,47,55,17,88,74,85,51,4,100,64"/><T14/><D39/><U98/><E131/><V101/><F101/><W30/><G74/><T3/><D128/><U118/><E135/><V80/><F80/><W90/><G30/><T121/><D121/><U111/><E111/><V38/><F54/><W1/><G100/><T75/><D67/><U127/><E24/><V109/><F66/><W70/><REACH who="3" step="1"/><G17/><REACH who="3" step="2"/><T2/><D75/><U94/><E127/><V81/><F72/><W22/><G22/><T76/><D34/><U86/><E6/><V19/><F19/><W56/><G56/><T105/><D26/><U133/><E133/><V61/><F61/><W33/><G33/><T7/><D7/><U16/><E16/><V110/><F126/><W49/><G49/><T77/><D0/><U65/><E86/><AGARI ba="0,1" hai="1,4,9,47,51,55,63,64,70,85,86,87,88,90" machi="86" ten="40,5200,0" yaku="1,1,54,1,53,1" doraHai="114" doraHaiUra="58" who="3" fromWho="1" sc="250,0,250,-52,250,0,240,62" /><INIT seed="1,0,0,4,4,127" ten="250,198,250,302" oya="1" hai0="35,73,108,34,76,83,48,6,59,97,54,90,81" hai1="40,57,51,10,125,102,65,37,42,124,114,27,52" hai2="93,106,94,56,98,120,17,80,105,85,129,111,95" hai3="130,69,45,123,132,55,96,82,32,0,63,22,5"/><U41/><E114/><V38/><F120/><W15/><G123/><T24/><D6/><U58/><E102/><V67/><F38/><W110/><G32/><T33/><D24/><U62/><E27/><V60/><F111/><W126/><G126/><N who="1" m="48746" /><E10/><V66/><F66/><W131/><G132/><T36/><D36/><AGARI ba="0,0" hai="36,37,40,41,42,51,52,57,58,62,65" m="48746" machi="36" ten="30,11600,0" yaku="18,1,34,2,54,1" doraHai="127" who="1" fromWho="0" sc="250,-116,198,116,250,0,302,0" /><INIT seed="1,1,0,0,3,1" ten="134,314,250,302" oya="1" hai0="23,94,10,13,124,127,12,109,82,8,43,123,119" hai1="30,72,103,16,26,45,56,102,122,55,96,76,88" hai2="0,101,33,71,34,53,52,107,24,25,21,35,113" hai3="44,28,18,42,75,67,58,32,47,116,90,114,63"/><U135/><E122/><V87/><F113/><W126/><G114/><T97/><D82/><U118/><E118/><V62/><F87/><W27/><G75/><T85/><D85/><U19/><E45/><V84/><F84/><W3/><G116/><T120/><D119/><U41/><E41/><V110/><F110/><W99/><G126/><N who="0" m="48171" /><D43/><U131/><E88/><V50/><F25/><W70/><G3/><T2/><D2/><U77/><E135/><V38/><F38/><W83/><G18/><N who="0" m="10695" /><D109/><U15/><E19/><V11/><F107/><W57/><G83/><T89/><D13/><U20/><E72/><V69/><F101/><N who="1" m="38409" /><E131/><V108/><F108/><W80/><G80/><T105/><D105/><U49/><E96/><V93/><F93/><W36/><REACH who="3" step="1"/><G47/><REACH who="3" step="2"/><T66/><D66/><U106/><E106/><V29/><F0/><W59/><G59/><T115/><D115/><U40/><E40/><V7/><F53/><W61/><G61/><T92/><D94/><AGARI ba="1,1" hai="27,28,32,36,42,44,57,58,63,67,70,90,94,99" machi="94" ten="40,1300,0" yaku="1,1,53,0" doraHai="1" doraHaiUra="6" who="3" fromWho="0" sc="134,-16,314,0,250,0,292,26" /><INIT seed="2,0,0,5,1,66" ten="118,314,250,318" oya="2" hai0="67,61,18,73,50,47,63,27,74,80,48,0,55" hai1="114,64,88,45,91,75,49,41,69,124,43,103,59" hai2="13,22,16,37,92,42,100,46,4,25,98,53,72" hai3="90,116,112,10,2,108,70,32,19,8,135,14,129"/><V40/><F72/><W82/><G116/><T21/><D0/><U81/><E114/><V118/><F118/><W132/><G112/><T134/><D134/><N who="3" m="51241" /><G108/><T23/><D80/><U121/><E124/><V94/><F37/><W76/><G129/><T58/><D73/><U97/><E41/><V128/><F128/><W56/><G70/><T122/><D122/><U120/><E59/><V60/><F60/><W104/><G104/><T106/><D74/><U83/><E75/><V133/><F133/><W99/><G32/><T117/><D117/><U30/><E30/><V84/><F84/><N who="3" m="48199" /><G56/><T96/><D96/><U111/><E111/><V5/><F94/><N who="3" m="56791" /><G2/><T93/><D93/><U9/><E83/><V123/><F123/><N who="1" m="47177" /><E81/><V15/><F53/><W62/><G62/><T126/><D126/><U110/><E110/><V26/><F26/><W38/><G38/><T3/><D3/><U107/><E9/><AGARI ba="0,0" hai="8,9,10,14,19" m="56791,48199,51241" machi="9" ten="30,1000,0" yaku="20,1" doraHai="66" who="3" fromWho="1" sc="118,0,314,-10,250,0,318,10" /><INIT seed="3,0,0,2,5,0" ten="118,304,250,328" oya="3" hai0="133,24,123,22,128,106,15,125,32,33,43,126,77" hai1="65,132,104,78,30,119,35,58,99,38,118,102,98" hai2="94,39,82,68,89,111,76,28,103,69,53,23,48" hai3="42,107,79,62,26,49,14,59,93,61,80,90,114"/><W112/><G107/><T11/><D106/><U12/><E38/><V57/><F39/><W64/><G114/><T37/><D77/><U101/><E132/><V36/><F36/><W127/><G112/><T117/><D43/><U16/><E78/><V84/><F103/><W88/><G127/><N who="0" m="48651" /><D37/><U110/><E110/><V41/><F41/><W131/><G131/><T40/><D40/><U44/><E44/><V108/><F108/><W135/><G135/><T92/><D92/><U63/><E30/><V45/><F111/><W18/><G26/><T83/><D83/><U55/><E55/><V100/><F45/><N who="3" m="25783" /><G61/><T56/><D56/><U25/><E25/><V129/><F129/><W27/><G27/><T121/><D133/><U96/><E35/><N who="0" m="13385" /><D128/><U120/><E120/><N who="0" m="46153" /><D117/><N who="1" m="44555" /><E104/><V66/><F23/><AGARI ba="0,0" hai="12,16,23,58,63,65,96,98,99,101,102" m="44555" machi="23" ten="30,2000,0" yaku="12,1,54,1" doraHai="0" who="1" fromWho="2" sc="118,0,304,20,250,-20,328,0" owari="118,-38,324,12,230,-17,328,43" /></mjloggm>