<mjloggm ver="2.3"><GO type="41"/><UN n0="%EF%BC%A9%EF%BC%AD%EF%BC%B0%EF%BC%B2%EF%BC%A5%EF%BC%BA%EF%BC%A1" n1="%EF%BC%88%EF%BC%9E%EF%BC%9C%EF%BC%9B%EF%BC%89" n2="%E3%82%82%E3%81%A3%E3%81%97%E3%83%BC" n3="%E3%82%A6%E3%83%AB%E3%83%88%E3%83%A9%E7%AB%8B%E7%9B%B4" dan="13,13,14,15" rate="1875,1834,1879,2021" sx="M,M,M,M"/><TAIKYOKU oya="0"/><INIT seed="0,0,0,3,4,70" ten="250,250,250,250" oya="0" hai0="83,66,74,10,29,1,14,61,44,26,104,13,59" hai1="88,3,7,93,57,54,27,120,112,96,108,17,127" hai2="129,42,48,135,2,101,30,117,79,118,31,69,36" hai3="87,15,5,56,116,92,72,21,4,86,98,18,80"/><T124/><D104/><U71/><E120/><V28/><F69/><W128/><G72/><T110/><D124/><U34/><E71/><V25/><F2/><W60/><G128/><T40/><D110/><U73/><E127/><V24/><F129/><W32/><G32/><T82/><D1/><U9/><E108/><V81/><F135/><W51/><G51/><T111/><D111/><U50/><E73/><V102/><F48/><W89/><G116/><N who="2" m="44649" /><F42/><W94/><G94/><T113/><D113/><U68/><E68/><V103/><F36/><W6/><REACH who="3" step="1"/><G80/><REACH who="3" step="2"/><T39/><D74/><AGARI ba="0,1" hai="24,25,28,30,31,74,79,81,101,102,103" m="44649" machi="74" ten="40,1300,0" yaku="12,1" doraHai="70" who="2" fromWho="0" sc="250,-13,250,0,250,23,240,0" /><INIT seed="1,0,0,2,3,20" ten="237,250,273,240" oya="1" hai0="133,11,88,58,37,4,109,126,28,97,51,125,1" hai1="12,30,53,132,106,96,32,82,121,17,70,124,113" hai2="46,95,115,122,9,100,36,75,49,130,21,42,38" hai3="104,84,80,39,43,0,22,83,89,41,3,14,13"/><U5/><E121/><V19/><F122/><W50/><G104/><T107/><D37/><U81/><E113/><V77/><F115/><W87/><G50/><T98/><D109/><U68/><E5/><V112/><F112/><W71/><G22/><T79/><D79/><U34/><E132/><V102/><F130/><W111/><G71/><T60/><D133/><U48/><E124/><N who="0" m="47721" /><D51/><U108/><E108/><V85/><F75/><W91/><REACH who="3" step="1"/><G111/><REACH who="3" step="2"/><T135/><D135/><U40/><E70/><V99/><F38/><AGARI ba="0,1" hai="0,3,13,14,38,39,41,43,80,83,84,87,89,91" machi="38" ten="25,6400,0" yaku="1,1,2,1,22,2,53,0" doraHai="20" doraHaiUra="56" who="3" fromWho="2" sc="237,0,250,0,273,-64,230,74" /><INIT seed="2,0,0,4,0,9" ten="237,250,209,304" oya="2" hai0="45,70,3,124,71,121,18,56,29,68,111,130,132" hai1="41,96,73,67,110,59,48,21,51,94,106,99,103" hai2="93,16,43,0,64,15,76,100,104,28,88,25,11" hai3="77,12,69,115,80,52,42,112,63,127,131,122,57"/><V34/><F76/><W105/><G105/><T60/><D3/><U39/><E73/><V19/><F43/><W62/><G42/><T102/><D102/><U13/><E110/><V46/><F46/><W35/><G35/><T1/><D1/><U27/><E13/><V128/><F128/><W83/><G122/><T61/><D29/><U113/><E113/><N who="3" m="43594" /><G127/><T98/><D98/><U123/><E123/><V2/><F19/><W22/><G131/><T8/><D121/><U84/><E84/><V58/><F104/><W126/><G126/><T17/><D17/><U30/><E39/><V92/><F100/><W101/><G101/><T47/><D124/><U82/><E82/><V90/><F64/><N who="3" m="41111" /><G77/><T134/><D130/><U107/><E41/><V55/><F2/><W81/><G81/><T87/><D111/><U78/><E78/><V95/><REACH who="2" step="1"/><F0/><REACH who="2" step="2"/><W50/><G63/><AGARI ba="0,1" hai="11,15,16,25,28,34,55,58,63,88,90,92,93,95" machi="63" ten="40,12000,1" yaku="1,1,2,1,52,1,54,2,53,0" doraHai="9" doraHaiUra="117" who="2" fromWho="3" sc="237,0,250,0,199,130,304,-120" /><INIT seed="2,1,0,1,3,55" ten="237,250,329,184" oya="2" hai0="65,133,46,96,127,21,9,48,12,107,51,113,82" hai1="53,126,25,18,73,69,66,80,61,2,116,94,41" hai2="108,54,16,123,114,17,35,26,75,105,93,91,88" hai3="67,118,89,34,1,117,104,11,99,64,30,119,76"/><V134/><F123/><W37/><G67/><T84/><D113/><U79/><E116/><V27/><F114/><W68/><G89/><T15/><D133/><U24/><E2/><V33/><F105/><W29/><G29/><T115/><D127/><U129/><E126/><V42/><F75/><W124/><G76/><T110/><D115/><U47/><E129/><V44/><F134/><W81/><G81/><T57/><D110/><U10/><E53/><V31/><F108/><W128/><G128/><T13/><D107/><U103/><E103/><V0/><F0/><W83/><G83/><T106/><D106/><U45/><E94/><V125/><F125/><W32/><G124/><T39/><D96/><U97/><E97/><V101/><F101/><N who="3" m="62527" /><G30/><T4/><D39/><U43/><E47/><V98/><F54/><W38/><G11/><T77/><D21/><U100/><E43/><V3/><F3/><W121/><G1/><T7/><D7/><U92/><E92/><V59/><F35/><N who="3" m="13355" /><G121/><T95/><D95/><U49/><E100/><V111/><F111/><W14/><G14/><T102/><D102/><U62/><E62/><AGARI ba="1,0" hai="37,38,62,64,68,117,118,119" m="13355,62527" machi="62" ten="40,1300,0" yaku="23,1" doraHai="55" who="3" fromWho="1" sc="237,0,250,-16,329,0,184,16" /><INIT seed="3,0,0,1,2,21" ten="237,234,329,200" oya="3" hai0="94,90,113,43,67,125,130,102,71,63,33,42,49" hai1="115,14,40,59,19,37,107,41,70,99,120,104,3" hai2="32,95,38,47,134,11,50,18,114,92,124,68,12" hai3="27,28,86,122,100,109,5,91,17,97,69,126,121"/><W75/><G75/><T93/><D33/><U78/><E120/><V77/><F114/><W29/><G126/><T56/><D125/><U129/><E70/><V6/><F124/><W85/><G5/><T10/><D113/><U31/><E115/><V45/><F68/><W46/><G109/><T73/><D73/><U48/><E3/><V128/><F128/><W39/><G28/><T96/><D130/><U24/><E78/><V8/><F134/><W108/><G108/><T66/><D10/><U135/><E135/><V123/><F123/><W76/><G69/><T60/><REACH who="0" step="1"/><D49/><REACH who="0" step="2"/><U2/><E129/><V9/><F32/><W34/><G121/><T15/><D15/><U44/><E37/><V105/><F38/><W25/><G122/><T117/><D117/><U58/><E2/><V1/><F9/><W65/><G39/><T36/><D36/><U119/><E48/><V55/><F8/><W4/><G29/><T16/><D16/><U89/><E14/><V7/><F6/><W112/><G34/><T64/><D64/><U80/><E19/><V52/><F7/><W23/><G65/><T81/><D81/><U61/><E31/><V110/><F1/><W82/><G4/><T26/><D26/><U54/><E24/><V13/><F110/><W118/><G112/><T127/><D127/><U83/><E80/><V74/><F13/><W88/><G118/><T103/><D103/><U133/><E83/><V131/><F131/><W30/><G100/><T22/><D22/><U79/><E119/><V20/><F20/><N who="3" m="15655" /><G27/><T72/><D72/><U111/><E111/><RYUUKYOKU ba="0,1" sc="227,30,234,-10,329,-10,200,-10" hai0="42,43,56,60,63,66,67,71,90,93,94,96,102" /><INIT seed="4,1,1,4,2,71" ten="257,224,319,190" oya="0" hai0="38,106,47,123,19,98,77,110,109,3,80,92,14" hai1="83,121,70,50,103,49,45,130,76,29,129,60,62" hai2="22,16,31,89,52,43,67,44,84,33,56,11,87" hai3="133,10,88,41,30,78,20,122,7,12,58,127,120"/><T125/><D123/><N who="3" m="47145" /><G78/><T34/><D34/><U95/><E121/><V114/><F67/><W68/><G68/><T32/><D32/><U46/><E29/><V69/><F69/><W128/><G58/><T100/><D3/><U26/><E26/><V99/><F114/><W126/><G41/><N who="0" m="22967" /><D92/><U91/><E103/><V8/><F33/><W73/><G73/><N who="0" m="43055" /><D125/><N who="3" m="47625" /><G88/><T90/><D90/><U111/><E70/><V25/><F99/><W108/><G108/><N who="0" m="41579" /><D19/><U65/><E111/><V42/><F31/><W115/><G115/><T81/><D14/><U124/><E124/><V59/><F84/><W28/><G128/><N who="1" m="49258" /><E91/><V105/><F105/><W37/><G37/><T116/><D81/><U9/><E95/><V96/><F96/><W113/><G113/><T117/><AGARI ba="1,1" hai="98,100,106,116,117" m="41579,43055,22967" machi="117" ten="30,6000,0" yaku="10,1,23,1,52,1" doraHai="71" who="0" fromWho="0" sc="257,73,224,-21,319,-21,190,-21" /><INIT seed="4,2,0,5,1,117" ten="330,203,298,169" oya="0" hai0="17,100,121,18,21,72,122,47,112,60,67,133,8" hai1="75,49,85,118,73,58,88,99,128,40,33,23,65" hai2="78,96,4,6,37,63,132,115,13,39,130,1,16" hai3="68,106,95,71,70,31,104,110,28,87,10,82,105"/><T46/><D72/><U108/><E33/><V32/><F32/><W119/><G119/><T7/><D112/><U15/><E118/><V38/><F115/><W52/><G110/><T29/><D100/><U59/><E108/><V98/><F132/><W19/><G95/><T134/><D29/><U34/><E34/><V66/><F130/><W24/><G10/><T12/><D17/><U81/><E99/><V69/><F78/><W131/><G131/><T86/><D86/><U123/><E123/><N who="0" m="47113" /><D60/><U124/><E124/><V80/><F80/><W56/><G19/><T83/><D83/><U51/><E75/><V41/><F41/><W90/><REACH who="3" step="1"/><G24/><REACH who="3" step="2"/><N who="0" m="14391" /><D67/><U44/><E65/><V125/><F66/><W109/><G109/><T42/><D42/><U92/><E40/><V50/><F39/><W64/><G64/><T116/><D116/><U22/><E128/><V76/><F38/><W2/><G2/><T25/><D25/><U79/><E73/><V101/><F1/><W129/><G129/><T111/><D111/><U36/><E36/><V114/><F37/><W35/><G35/><T113/><D113/><U120/><E120/><V5/><F114/><W77/><G77/><T89/><D89/><U93/><E79/><V30/><F76/><W48/><AGARI ba="2,1" hai="28,31,48,52,56,68,70,71,82,87,90,104,105,106" machi="48" ten="40,8000,1" yaku="1,1,0,1,54,1,53,2" doraHai="117" doraHaiUra="27" who="3" fromWho="3" sc="330,-42,203,-22,298,-22,159,96" /><INIT seed="5,0,0,5,0,80" ten="288,181,276,255" oya="1" hai0="10,98,1,114,19,124,54,36,58,56,52,85,95" hai1="103,83,122,91,12,6,17,51,47,79,9,8,14" hai2="126,49,75,23,99,33,71,110,27,22,106,94,121" hai3="34,82,4,11,62,112,113,63,81,96,37,41,25"/><U101/><E122/><V3/><F121/><W61/><G41/><T84/><D114/><N who="3" m="44137" /><G37/><T120/><D124/><U7/><E91/><V123/><F123/><W59/><G96/><T74/><D74/><U20/><E20/><V28/><F110/><W111/><G111/><T53/><D1/><U116/><E116/><V127/><F3/><N who="3" m="415" /><G59/><N who="0" m="22571" /><D36/><U115/><E115/><V109/><F109/><W128/><G128/><T90/><D120/><U21/><E21/><V0/><F0/><W15/><G15/><AGARI ba="0,0" hai="10,15,19,52,53,54,84,85,90,95,98" m="22571" machi="15" ten="30,7700,0" yaku="8,1,52,2,54,1" doraHai="80" who="0" fromWho="3" sc="288,77,181,0,276,0,255,-77" /><INIT seed="6,0,0,5,0,133" ten="365,181,276,178" oya="2" hai0="19,50,32,21,76,123,101,35,20,115,37,131,132" hai1="18,48,29,22,104,109,69,86,97,31,34,96,68" hai2="128,105,117,108,84,89,38,28,91,7,75,80,129" hai3="125,85,62,61,124,79,52,2,65,121,27,12,112"/><V46/><F117/><W63/><G2/><T55/><D123/><U24/><E109/><V60/><F108/><W114/><G121/><T40/><D132/><U51/><E104/><V64/><F105/><W113/><G27/><T119/><D76/><U94/><E86/><V1/><F75/><W49/><G65/><T17/><D101/><U74/><E74/><V13/><F28/><W58/><G12/><T88/><D40/><U26/><E94/><V66/><F1/><W14/><G14/><T116/><D55/><U73/><E73/><V56/><F38/><W54/><G54/><T78/><D50/><U41/><E22/><V5/><F66/><W110/><G110/><T130/><D78/><U126/><E18/><V102/><F102/><W98/><G98/><T107/><D88/><U103/><E103/><V82/><F46/><W3/><G3/><T11/><D107/><U30/><E30/><V15/><F91/><W25/><G25/><T70/><D11/><U120/><E120/><V10/><F80/><AGARI ba="0,0" hai="49,52,58,61,62,63,79,80,85,112,113,114,124,125" machi="80" ten="50,8000,1" yaku="15,1,11,1,52,2,54,1" doraHai="133" who="3" fromWho="2" sc="365,0,181,0,276,-80,178,80" /><INIT seed="7,0,0,0,0,54" ten="365,181,196,258" oya="3" hai0="107,30,36,26,99,59,24,46,97,92,28,111,105" hai1="68,114,75,35,51,37,91,100,108,66,71,110,131" hai2="129,113,112,73,106,94,38,25,76,33,44,7,40" hai3="102,109,41,95,77,69,79,74,101,53,15,85,2"/><W118/><G2/><T23/><D111/><U122/><E35/><V34/><F94/><W80/><G69/><T86/><D86/><U124/><E75/><V45/><F45/><W126/><G41/><T78/><D78/><U9/><E100/><V6/><F129/><W29/><G29/><T43/><D59/><U31/><E31/><N who="2" m="19695" /><F34/><W130/><G15/><T20/><D99/><U47/><E9/><V132/><F132/><W58/><G118/><T14/><D14/><U64/><E91/><AGARI ba="0,0" hai="20,23,24,26,28,30,36,43,46,91,92,97,105,107" machi="91" ten="30,2000,0" yaku="7,1,9,1" doraHai="54" who="0" fromWho="1" sc="365,20,181,-20,196,0,258,0" owari="385,48.0,161,-34.0,196,-20.0,258,6.0" /></mjloggm>