<mjloggm ver="2.3"><GO type="169"/><UN n0="%EF%BC%88%E2%89%A7%E2%96%BD%E2%89%A6%EF%BC%89" n1="%E7%8B%AC%E6%AD%A9" n2="%E5%AF%BE%E5%AD%90%E3%81%AE%E7%8E%8B%E6%A7%98" n3="%45%6B%69%62%65%6E" dan="18,17,17,16" rate="2175,2126,2102,2047" sx="M,M,M,M"/><TAIKYOKU oya="0"/><INIT seed="0,0,0,5,3,57" ten="250,250,250,250" oya="0" hai0="82,73,30,123,31,48,95,109,75,77,55,25,54" hai1="70,78,79,99,116,96,59,72,91,69,24,100,40" hai2="128,132,131,98,53,42,112,71,49,86,16,39,133" hai3="35,18,97,50,74,87,62,102,134,94,28,110,68"/><T34/><D123/><U120/><E40/><V44/><F98/><W61/><G74/><T41/><D109/><U89/><E59/><N who="2" m="33199" /><F86/><W101/><G68/><T66/><D75/><U88/><E24/><V26/><F26/><W118/><G118/><T90/><D31/><U81/><E116/><V22/><F22/><W124/><G110/><T64/><D41/><U27/><E120/><V117/><F117/><W121/><G121/><T7/><D7/><U126/><E126/><V135/><F16/><W9/><G124/><T58/><REACH who="0" step="1"/><D55/><REACH who="0" ten="240,250,250,250" step="2"/><U46/><E72/><V119/><F119/><W80/><G28/><T20/><D20/><U125/><E125/><V127/><F127/><W2/><G35/><T52/><D52/><U1/><E81/><V113/><F71/><W111/><G111/><T17/><D17/><U105/><E70/><V108/><F108/><W33/><G33/><T130/><D130/><AGARI ba="0,1" hai="39,42,44,112,113,128,130,131,132,133,135" m="33199" machi="130" ten="40,8000,1" yaku="19,1,20,1,34,2" doraHai="57" who="2" fromWho="0" sc="240,-80,250,0,250,90,250,0" /><INIT seed="1,0,0,5,3,135" ten="160,250,340,250" oya="1" hai0="108,107,73,104,30,75,46,111,88,35,78,80,86" hai1="18,72,105,97,102,29,8,57,101,103,70,89,125" hai2="25,128,50,79,64,13,68,49,85,26,4,91,53" hai3="127,82,112,124,44,52,76,61,15,116,40,45,99"/><U2/><E70/><V134/><F134/><W81/><G112/><T55/><D35/><U100/><E29/><V32/><F128/><W71/><G116/><T129/><D30/><U109/><E72/><N who="0" m="27721" /><D55/><U34/><E34/><V21/><F79/><W38/><G15/><T93/><D129/><U9/><E109/><N who="0" m="42057" /><D46/><U51/><E2/><V28/><F64/><W62/><G99/><AGARI ba="0,0" hai="78,80,86,88,93,99,104,107" m="42057,27721" machi="99" ten="30,7700,0" yaku="14,1,34,2,54,1" doraHai="135" who="0" fromWho="3" sc="160,77,250,0,340,0,250,-77" /><INIT seed="2,0,0,2,1,128" ten="237,250,340,173" oya="2" hai0="100,104,56,79,73,75,107,71,59,126,74,127,92" hai1="96,58,61,119,113,91,62,49,65,90,37,133,115" hai2="35,112,31,57,103,22,70,120,45,122,101,63,118" hai3="99,11,48,80,129,3,83,85,86,29,25,6,13"/><V0/><F112/><W114/><G114/><T17/><D71/><U125/><E119/><V24/><F118/><W64/><G129/><T88/><D17/><U55/><E37/><V26/><F0/><W33/><G64/><T82/><D56/><U108/><E108/><V66/><F45/><W1/><G48/><T131/><D59/><U121/><E121/><V132/><F57/><W19/><G99/><N who="0" m="61471" /><D107/><U124/><E58/><V32/><F22/><W14/><G14/><T7/><D7/><U39/><E39/><V41/><F41/><W2/><G83/><T95/><D95/><U78/><E49/><V102/><F132/><W93/><G93/><T27/><D27/><U77/><E55/><V135/><REACH who="2" step="1"/><F135/><REACH who="2" ten="237,250,330,173" step="2"/><W20/><REACH who="3" step="1"/><G85/><REACH who="3" ten="237,250,330,163" step="2"/><N who="0" m="52239" /><D131/><U97/><E133/><V16/><F16/><W76/><AGARI ba="0,2" hai="1,2,3,6,11,13,19,20,25,29,33,76,80,86" machi="76" ten="20,8000,1" yaku="1,1,0,1,7,1,24,2,53,0" doraHai="128" doraHaiUra="54" who="3" fromWho="3" sc="237,-20,250,-20,330,-40,163,100" /><INIT seed="3,0,0,0,3,23" ten="217,230,290,263" oya="3" hai0="81,25,2,133,130,61,62,104,67,80,5,8,22" hai1="107,102,31,132,49,71,135,36,40,124,131,113,74" hai2="20,91,12,72,87,94,45,15,39,95,64,52,1" hai3="109,35,111,50,86,106,126,57,120,119,101,24,73"/><W11/><G73/><T128/><D133/><U21/><E74/><V88/><F1/><W105/><G119/><T28/><D104/><U118/><E71/><V98/><F72/><W60/><G120/><T108/><D108/><N who="3" m="41545" /><G126/><T127/><D127/><U89/><E36/><V116/><F116/><W68/><G86/><T30/><D30/><U99/><E118/><V32/><F32/><W37/><G37/><T13/><D2/><U59/><E124/><V44/><F64/><N who="3" m="40967" /><G101/><T112/><D62/><U48/><E113/><V122/><F122/><W115/><G115/><T123/><D123/><U0/><E102/><V38/><F38/><W117/><G11/><T114/><D114/><U53/><E99/><V7/><F39/><W70/><G70/><N who="0" m="42351" /><D112/><U83/><E107/><V121/><F121/><W82/><G82/><T85/><D85/><U4/><E83/><V84/><F98/><W41/><G117/><T103/><D103/><U90/><E132/><V69/><F69/><W125/><G125/><T76/><D76/><U65/><E65/><V96/><F96/><W100/><G100/><T18/><D81/><U56/><E135/><V58/><F20/><W10/><G10/><N who="0" m="6455" /><D80/><U51/><E21/><V6/><F58/><W129/><G57/><T9/><D9/><U78/><E56/><V66/><F66/><W79/><G79/><T63/><D63/><U97/><E78/><V34/><F34/><W47/><G129/><N who="0" m="49771" /><D8/><U42/><E131/><V19/><F19/><W26/><G35/><N who="0" m="20879" /><D5/><U17/><E4/><V93/><F93/><W33/><G33/><T92/><D92/><RYUUKYOKU ba="0,0" sc="217,10,230,-30,290,10,263,10" hai0="22" hai2="6,7,12,15,44,45,52,84,87,88,91,94,95" hai3="24,26,41,47,50,105,106" /><INIT seed="3,1,0,4,3,104" ten="227,200,300,273" oya="3" hai0="116,5,19,44,94,26,108,124,88,8,56,38,41" hai1="22,7,98,126,33,21,34,96,37,128,115,99,60" hai2="77,43,24,90,31,9,40,89,73,52,68,82,133" hai3="66,57,84,69,70,65,130,10,123,6,12,100,45"/><W14/><G123/><T97/><D116/><U117/><E117/><V106/><F68/><W63/><G130/><T62/><D108/><U28/><E37/><V111/><F106/><W20/><G100/><T61/><D124/><U125/><E7/><V74/><F9/><W16/><G66/><T134/><D134/><U75/><E60/><V120/><F111/><W55/><G84/><T81/><D81/><U80/><E115/><V32/><F133/><W39/><REACH who="3" step="1"/><G55/><REACH who="3" ten="227,200,300,263" step="2"/><T78/><D78/><U2/><E128/><V51/><F120/><W110/><G110/><T135/><D135/><U79/><E2/><V0/><F74/><W103/><G103/><T72/><D72/><U132/><E132/><V35/><F0/><W122/><G122/><T49/><D38/><U27/><E34/><V50/><F35/><W92/><G92/><T102/><D102/><U129/><E129/><V119/><F119/><W67/><G67/><T13/><REACH who="0" step="1"/><D56/><REACH who="0" ten="217,200,300,263" step="2"/><U112/><E112/><V114/><F114/><W59/><G59/><T18/><D18/><U105/><E105/><V47/><F43/><AGARI ba="1,2" hai="6,10,12,14,16,20,39,43,45,57,63,65,69,70" machi="43" ten="40,3900,0" yaku="1,1,54,1,53,0" doraHai="104" doraHaiUra="87" who="3" fromWho="2" sc="217,0,200,0,300,-42,263,62" /><INIT seed="3,2,0,3,4,94" ten="217,200,258,325" oya="3" hai0="22,79,124,35,48,121,40,10,42,25,61,69,47" hai1="9,91,3,90,127,64,41,59,52,76,14,53,125" hai2="118,0,112,75,129,49,16,1,13,57,123,31,117" hai3="104,131,6,96,100,77,32,81,109,29,65,132,17"/><W68/><G17/><T70/><D121/><U30/><E30/><V105/><F75/><W18/><G18/><T50/><D124/><N who="1" m="47691" /><E76/><V33/><F112/><W45/><G6/><T37/><D35/><U126/><E41/><V11/><F123/><W113/><G45/><T87/><D10/><U72/><E72/><V95/><F105/><W101/><G101/><T27/><D37/><U51/><E3/><V114/><F114/><W19/><G19/><T39/><D39/><U12/><N who="1" m="47699" /><U55/><DORA hai="4" /><E51/><V107/><F107/><W116/><G113/><T26/><D22/><U67/><E59/><V74/><F74/><W111/><G116/><N who="2" m="44649" /><F57/><W122/><G122/><T135/><D61/><U73/><E73/><V2/><F49/><W115/><G115/><T34/><D34/><U85/><E85/><V110/><F31/><W119/><G119/><T80/><REACH who="0" step="1"/><D135/><REACH who="0" ten="207,200,258,325" step="2"/><U89/><E9/><N who="2" m="6191" /><F33/><W133/><G132/><T63/><D63/><U28/><E28/><V66/><F11/><W23/><G133/><T84/><D84/><U98/><E98/><V43/><F0/><W83/><G32/><T82/><D82/><U102/><E102/><V93/><F1/><W20/><G100/><T86/><D86/><U71/><E71/><V120/><F2/><W130/><G68/><T24/><N who="0" m="6144" /><DORA hai="92" /><T88/><D88/><U97/><E97/><V60/><F60/><W103/><G96/><T56/><D56/><U46/><E46/><AGARI ba="2,1" hai="40,42,46,47,48,50,69,70,79,80,87" m="6144" machi="46" ten="50,8000,1" yaku="1,1,9,1,53,2" doraHai="94,4,92" doraHaiUra="36,108,128" who="0" fromWho="1" sc="207,96,200,-86,258,0,325,0" /><INIT seed="4,0,0,3,5,58" ten="303,114,258,325" oya="0" hai0="83,39,52,109,126,127,112,95,27,0,8,86,110" hai1="59,111,64,107,73,106,60,104,69,123,35,33,120" hai2="28,29,12,65,80,34,32,81,37,51,31,134,47" hai3="121,105,36,102,90,45,72,54,25,129,74,76,125"/><T94/><D39/><U49/><E49/><V68/><F37/><W9/><G125/><N who="0" m="47627" /><D27/><U116/><E116/><V57/><F68/><W62/><G25/><T14/><D0/><U114/><E59/><V7/><F134/><W78/><G9/><T19/><D112/><U84/><E84/><V75/><F75/><W130/><G36/><T48/><D83/><U56/><E56/><V85/><F34/><W77/><G45/><N who="0" m="27663" /><D86/><U1/><E1/><V91/><F32/><N who="1" m="12361" /><E111/><AGARI ba="0,0" hai="8,14,19,94,95,109,110,111" m="27663,47627" machi="111" ten="30,5800,0" yaku="10,1,18,1,54,1" doraHai="58" who="0" fromWho="1" sc="303,58,114,-58,258,0,325,0" /><INIT seed="4,1,0,4,1,33" ten="361,56,258,325" oya="0" hai0="5,9,46,13,25,98,20,69,111,64,51,17,47" hai1="92,11,123,100,27,74,15,6,2,54,57,115,59" hai2="31,12,23,120,34,7,93,32,8,52,133,53,40" hai3="79,84,39,29,108,60,103,102,16,127,122,18,67"/><T113/><D113/><U81/><E123/><V30/><F120/><W19/><G39/><T73/><D111/><U126/><E126/><V99/><F133/><W41/><G108/><T116/><D116/><U0/><E115/><V65/><F40/><W91/><G41/><T97/><D73/><U72/><E59/><V78/><F78/><W130/><G122/><T21/><D47/><U85/><E27/><V14/><F65/><W37/><G37/><T58/><D69/><U42/><E42/><V110/><F110/><W86/><G29/><N who="2" m="10761" /><F32/><W35/><G35/><T75/><D75/><U107/><E107/><V94/><F34/><W128/><G127/><T77/><D77/><U1/><E100/><N who="3" m="38442" /><G91/><T49/><D21/><U88/><REACH who="1" step="1"/><E81/><REACH who="1" ten="361,46,258,325" step="2"/><V38/><F94/><W134/><G134/><T45/><D45/><U22/><E22/><V63/><F93/><W131/><G79/><T112/><D112/><U95/><E95/><V90/><F90/><W71/><AGARI ba="1,1" hai="16,18,19,60,67,71,84,86,128,130,131" m="38442" machi="71" ten="40,2700,0" yaku="19,1,54,1" doraHai="33" who="3" fromWho="3" sc="361,-14,46,-8,258,-8,325,40" /><INIT seed="5,0,0,3,4,108" ten="347,38,250,365" oya="1" hai0="90,120,48,20,75,132,79,66,4,115,33,86,122" hai1="55,5,105,83,3,98,119,114,21,121,88,118,85" hai2="15,28,95,56,61,47,19,24,0,7,107,60,124" hai3="13,14,112,133,109,37,63,67,9,131,72,84,110"/><U52/><E121/><V81/><F107/><W74/><G37/><T125/><D33/><U89/><E5/><V59/><F124/><W70/><G84/><T34/><D34/><U91/><E3/><V22/><F81/><W103/><G103/><T51/><D125/><U93/><E105/><V134/><F47/><W43/><G43/><T68/><D132/><U50/><E114/><V96/><F134/><W135/><G9/><T113/><D4/><U130/><E130/><V53/><F0/><W99/><G99/><T49/><D75/><U17/><E89/><V94/><F7/><W18/><G18/><T102/><D102/><U40/><E40/><V31/><F15/><W41/><G41/><T100/><D100/><U26/><REACH who="1" step="1"/><E55/><REACH who="1" ten="347,28,250,365" step="2"/><N who="2" m="33823" /><F95/><W58/><G131/><T42/><D42/><U23/><E23/><V77/><F77/><W57/><G112/><N who="0" m="43083" /><D79/><U30/><E30/><V29/><F31/><W2/><G2/><T35/><D20/><U45/><AGARI ba="0,1" hai="17,21,26,45,50,52,83,85,88,91,93,98,118,119" machi="45" ten="20,12000,1" yaku="1,1,0,1,7,1,54,2,53,0" doraHai="108" doraHaiUra="97" who="1" fromWho="1" sc="347,-40,28,130,250,-40,365,-40" /><INIT seed="5,1,0,1,2,80" ten="307,158,210,325" oya="1" hai0="71,83,26,2,125,103,66,99,37,1,84,126,28" hai1="48,19,122,47,93,62,51,115,39,117,45,135,96" hai2="53,49,134,23,8,74,38,112,15,5,65,24,88" hai3="81,91,100,21,16,35,20,30,110,132,61,58,118"/><U31/><E122/><V54/><F74/><W42/><G110/><T70/><D37/><U128/><E117/><V17/><F38/><W97/><G118/><T104/><D70/><U106/><E135/><V114/><F134/><W3/><G3/><T133/><D133/><U127/><E128/><V116/><F116/><W108/><G108/><T75/><D75/><U79/><E106/><V123/><F65/><W69/><G42/><T129/><D129/><U43/><E127/><N who="0" m="48649" /><D66/><U92/><E115/><N who="2" m="44075" /><F123/><W73/><G69/><T11/><D11/><U94/><E39/><V12/><F88/><W124/><G73/><T85/><D71/><U109/><E79/><V14/><F54/><W55/><G35/><N who="0" m="20887" /><D85/><U41/><E109/><V107/><F107/><W59/><G132/><T63/><D63/><U82/><E82/><V64/><F64/><W7/><G81/><T22/><D22/><U78/><E78/><AGARI ba="1,0" hai="1,2,78,83,84,99,103,104" m="20887,48649" machi="78" ten="30,2000,0" yaku="18,1,52,1" doraHai="80" who="0" fromWho="1" sc="307,23,158,-23,210,0,325,0" /><INIT seed="6,0,0,0,5,119" ten="330,135,210,325" oya="2" hai0="73,82,114,40,100,124,13,22,47,121,113,61,67" hai1="30,41,21,105,95,28,25,57,126,44,42,81,68" hai2="115,88,18,79,129,134,131,7,70,53,35,122,94" hai3="76,108,34,90,80,110,14,12,45,98,9,109,103"/><V87/><F35/><W111/><G34/><T125/><D121/><U1/><E1/><V17/><F70/><W117/><G117/><T107/><D100/><U50/><E105/><V39/><F39/><W127/><G127/><N who="0" m="48715" /><D107/><U52/><E68/><V37/><F37/><W51/><G90/><T23/><D82/><U64/><E126/><V0/><F115/><N who="0" m="44042" /><D13/><U19/><E81/><N who="2" m="47551" /><F53/><W78/><G109/><T55/><D55/><U130/><E130/><N who="2" m="49675" /><F134/><W27/><G27/><T29/><D29/><U133/><E133/><V38/><F38/><W65/><G65/><T11/><D73/><U104/><E104/><V33/><F33/><W3/><G3/><T2/><D2/><U118/><E118/><V123/><F0/><W54/><G76/><T31/><D31/><U5/><E5/><V86/><F7/><W58/><G45/><T46/><D11/><U63/><E28/><V4/><F4/><W10/><G10/><T106/><D106/><U71/><E71/><V66/><F66/><W93/><REACH who="3" step="1"/><G9/><REACH who="3" ten="330,135,210,315" step="2"/><T84/><D46/><U24/><REACH who="1" step="1"/><E95/><REACH who="1" ten="330,125,210,315" step="2"/><V72/><F72/><AGARI ba="0,2" hai="12,14,51,54,58,72,78,80,93,98,103,108,110,111" machi="72" ten="40,5200,0" yaku="1,1,2,1,53,1" doraHai="119" doraHaiUra="49" who="3" fromWho="2" sc="330,0,125,0,210,-52,315,72" /><INIT seed="7,0,0,1,2,99" ten="330,125,158,387" oya="3" hai0="127,46,69,45,50,80,116,77,90,134,53,29,56" hai1="85,20,87,70,101,132,114,100,62,4,93,40,12" hai2="48,32,76,8,66,121,131,28,129,27,31,24,15" hai3="52,18,17,11,118,22,44,0,91,111,61,125,1"/><W14/><G118/><T130/><D116/><U39/><E39/><V72/><F66/><W42/><G125/><T117/><D117/><U6/><E40/><V36/><F36/><W124/><G124/><T26/><D127/><U78/><E132/><V110/><F110/><W5/><G111/><T3/><D134/><U57/><E70/><V64/><F64/><W128/><G128/><N who="2" m="49225" /><F121/><W9/><G91/><T25/><D130/><U115/><E78/><V82/><F48/><W23/><G61/><T123/><D123/><U38/><E38/><V73/><F73/><W71/><G52/><T2/><D69/><U104/><E104/><V34/><F15/><W86/><G86/><N who="1" m="32778" /><E93/><V33/><F8/><W108/><G71/><T109/><D109/><U47/><E47/><V67/><F67/><W81/><G81/><T122/><D122/><U107/><E107/><V59/><F59/><W37/><G108/><T35/><D90/><U83/><E83/><V103/><F103/><N who="1" m="39497" /><E115/><V16/><F16/><W106/><G106/><T102/><D102/><U89/><E114/><V19/><F19/><W88/><G88/><T126/><D126/><U133/><E133/><V13/><F13/><W55/><G37/><T10/><D26/><AGARI ba="0,0" hai="24,26,27,28,31,32,33,34,72,76,82" m="49225" machi="26" ten="40,1300,0" yaku="19,1" doraHai="99" who="2" fromWho="0" sc="330,-13,125,0,158,13,387,0" owari="317,12.0,125,-37.0,171,-23.0,387,48.0" /></mjloggm>