<mjloggm ver="2.3"><GO type="97"/><UN n0="%EF%BC%88%E2%89%A7%E2%96%BD%E2%89%A6%EF%BC%89" n1="%E3%81%AB%E3%81%A9" n2="%E3%82%84%E3%82%8B%E3%81%AC%E3%81%93%E3%81%A3%E3%81%93" n3="%E6%A1%9C%E9%BE%8D" dan="14,14,13,15" rate="2061,1930,1829,2036" sx="M,M,F,M"/><TAIKYOKU oya="0"/><INIT seed="0,0,0,3,5,88" ten="250,250,250,250" oya="0" hai0="66,43,123,127,91,14,46,92,25,41,64,27,36" hai1="130,31,61,44,55,34,24,69,109,84,54,22,116" hai2="70,29,26,38,68,119,2,52,121,95,133,96,37" hai3="10,57,97,11,108,15,94,117,86,49,126,80,89"/><T45/><D123/><U1/><E116/><V5/><F121/><W63/><G117/><T129/><D129/><U7/><E130/><V28/><F119/><W35/><G35/><T81/><D127/><U4/><E109/><V120/><F120/><W6/><G108/><T112/><D112/><U71/><E34/><V76/><F133/><W111/><G111/><T90/><D14/><U50/><E84/><V122/><F122/><W60/><G126/><T3/><D3/><U101/><E101/><V124/><F124/><W18/><G49/><T110/><D110/><U47/><E1/><V113/><F113/><W114/><G114/><T128/><D128/><U56/><REACH who="1" step="1"/><E47/><REACH who="1" step="2"/><V77/><F2/><W103/><G57/><T75/><D45/><U107/><E107/><V72/><F68/><AGARI ba="0,1" hai="4,7,22,24,31,44,50,54,55,56,61,68,69,71" machi="68" ten="40,2600,0" yaku="1,1,53,1" doraHai="88" doraHaiUra="42" who="1" fromWho="2" sc="250,0,240,36,250,-26,250,0" /><INIT seed="1,0,0,2,0,73" ten="250,276,224,250" oya="1" hai0="31,72,51,131,81,111,33,64,23,128,133,54,69" hai1="0,75,100,102,83,5,25,63,9,20,12,37,109" hai2="118,94,15,67,80,58,78,89,43,21,29,87,85" hai3="129,132,3,39,135,122,113,2,28,76,41,47,22"/><U44/><E109/><V90/><F118/><W91/><G122/><T101/><D33/><U6/><E6/><V103/><F43/><W50/><G113/><T26/><D111/><U19/><E63/><N who="2" m="38391" /><F103/><W61/><G129/><N who="0" m="49739" /><D133/><N who="3" m="51273" /><G61/><N who="0" m="40079" /><D101/><U36/><E36/><V40/><F40/><W95/><G39/><T45/><D81/><U121/><E121/><V11/><F21/><W52/><G41/><T93/><D93/><U74/><E74/><AGARI ba="0,0" hai="23,26,31,45,51,54,72,74" m="40079,49739" machi="74" ten="30,1000,0" yaku="19,1" doraHai="73" who="0" fromWho="1" sc="250,10,276,-10,224,0,250,0" /><INIT seed="2,0,0,4,5,109" ten="260,266,224,250" oya="2" hai0="80,81,67,26,61,83,58,41,74,121,105,110,28" hai1="120,52,40,92,102,25,82,132,35,2,43,133,36" hai2="117,8,57,131,0,76,19,4,62,122,46,12,64" hai3="53,97,14,39,106,112,23,77,104,100,20,124,32"/><V11/><F117/><W63/><G32/><T89/><D105/><U30/><E120/><V65/><F122/><W10/><G124/><T7/><D121/><U6/><E82/><V48/><F131/><W95/><G39/><T85/><D110/><U37/><E52/><V50/><F76/><W45/><G106/><T98/><D98/><N who="1" m="59719" /><E6/><V118/><F118/><W49/><G104/><T38/><D7/><U59/><E2/><V111/><F111/><W31/><G112/><T5/><D5/><U123/><E59/><V69/><F69/><W107/><G107/><T116/><D116/><U44/><E123/><V79/><F79/><W88/><G77/><T103/><D103/><U33/><E33/><V134/><F134/><N who="1" m="51817" /><E43/><V78/><F78/><W55/><G100/><T91/><D74/><U42/><E42/><V18/><F4/><W87/><G97/><T128/><D128/><U90/><E90/><V71/><F0/><W70/><G31/><T60/><D60/><U72/><E72/><V51/><F71/><W22/><G70/><T108/><D91/><U75/><E75/><V1/><F1/><W66/><G66/><T16/><D108/><U125/><E125/><V119/><F119/><W29/><G29/><T56/><D28/><U3/><E3/><V86/><F86/><W21/><N who="3" m="5120" /><DORA hai="9" /><W96/><G63/><T99/><D61/><U113/><E36/><V27/><F27/><W68/><G68/><T101/><D26/><U129/><E129/><V94/><F94/><W54/><G96/><T130/><D99/><U126/><E126/><V135/><F135/><RYUUKYOKU ba="0,0" sc="260,-15,266,15,224,-15,250,15" hai1="25,30,35,37,40,44,113" hai3="10,14,45,49,53,54,55,87,88,95" /><INIT seed="3,1,0,3,0,94" ten="245,281,209,265" oya="3" hai0="130,93,108,120,66,72,54,119,104,83,74,22,82" hai1="100,24,20,111,75,95,45,129,84,128,87,49,92" hai2="131,105,118,52,50,113,77,101,123,62,27,86,117" hai3="127,58,48,91,81,114,25,85,132,44,6,17,80"/><W107/><G114/><T0/><D0/><U88/><E111/><V7/><F123/><W106/><G127/><T36/><D36/><U56/><E75/><V23/><F131/><N who="1" m="50249" /><E56/><V102/><F113/><W26/><G132/><T55/><D83/><N who="1" m="49183" /><E87/><V31/><F117/><W68/><G68/><T134/><D74/><U60/><E60/><V47/><F118/><W35/><G58/><T51/><D72/><U69/><E69/><V109/><F105/><W99/><G107/><T96/><D104/><U21/><E100/><V133/><F133/><W110/><G110/><T126/><D108/><U124/><E124/><V76/><F109/><W8/><G35/><T1/><D126/><U121/><E121/><V116/><F116/><W73/><G73/><T4/><D119/><U33/><E33/><V2/><F2/><W57/><G57/><T64/><D1/><U30/><E20/><V12/><F62/><W9/><G9/><T15/><D120/><U122/><E122/><V59/><F59/><W3/><G80/><T10/><D82/><U11/><E11/><N who="2" m="4223" /><F86/><W32/><G32/><T41/><D134/><U43/><AGARI ba="1,0" hai="21,24,30,43,45,49,92,95" m="49183,50249" machi="43" ten="30,2000,0" yaku="19,1,54,1" doraHai="94" who="1" fromWho="1" sc="245,-6,281,23,209,-6,265,-11" owari="239,-16,304,41,203,-30,254,5" /></mjloggm>