<mjloggm ver="2.3"><GO type="169"/><UN n0="%EF%BC%88%E2%89%A7%E2%96%BD%E2%89%A6%EF%BC%89" n1="%78%72%63%35%32%34%32%38" n2="%E3%81%BE%E3%81%8A%E3%82%89%E3%82%93" n3="%E3%81%8F%E3%82%8B%E3%82%8B" dan="18,16,16,17" rate="2166,2100,2096,2147" sx="M,M,F,M"/><TAIKYOKU oya="0"/><INIT seed="0,0,0,3,0,114" ten="250,250,250,250" oya="0" hai0="124,80,79,90,2,104,30,70,11,31,110,130,75" hai1="5,53,66,119,27,103,4,100,10,88,33,15,46" hai2="127,76,83,135,98,18,86,49,117,7,128,112,59" hai3="101,45,120,115,38,113,106,3,48,43,85,121,37"/><T35/><D104/><U118/><E66/><V14/><F112/><N who="3" m="43083" /><G85/><T69/><D124/><U9/><E33/><V16/><F127/><W81/><G81/><T50/><D130/><U74/><E74/><V93/><F128/><W36/><G101/><T99/><D110/><U58/><E46/><V63/><F135/><W65/><G106/><T40/><D99/><U94/><E27/><V60/><F117/><W54/><G3/><T73/><D73/><U56/><E53/><N who="2" m="32175" /><F7/><W96/><G96/><T29/><D35/><U84/><E103/><N who="2" m="60879" /><F18/><W108/><G108/><T68/><D90/><U82/><E82/><V1/><F1/><W91/><G91/><T71/><D2/><U67/><E100/><V105/><F105/><W47/><G65/><T95/><D95/><U52/><E67/><V32/><F32/><W87/><G87/><T17/><D17/><U23/><E23/><AGARI ba="0,0" hai="14,16,23,60,63,76,83,86" m="60879,32175" machi="23" ten="30,2000,0" yaku="8,1,54,1" doraHai="114" who="2" fromWho="1" sc="250,0,250,-20,250,20,250,0" /><INIT seed="1,0,0,0,3,87" ten="250,230,270,250" oya="1" hai0="34,112,120,46,100,119,44,71,125,32,108,131,45" hai1="53,102,124,72,30,23,121,21,103,35,64,89,39" hai2="79,17,132,50,24,77,106,15,28,82,67,95,3" hai3="2,9,47,16,135,70,101,1,8,7,55,26,117"/><U61/><E121/><V122/><F3/><W81/><G70/><T33/><D112/><U129/><E72/><V31/><F106/><W113/><G113/><T14/><D119/><U133/><E124/><V69/><F122/><W115/><G115/><T27/><D120/><U76/><E76/><V48/><F79/><W57/><G117/><T65/><D125/><U104/><E129/><V42/><F132/><W99/><G135/><T86/><D131/><U118/><E118/><V18/><F67/><W56/><G81/><T63/><D108/><U105/><E39/><V123/><F69/><W111/><G111/><T91/><D100/><U74/><E74/><V54/><F42/><W126/><G126/><T51/><D14/><U13/><E53/><V85/><F95/><W10/><G47/><T128/><D128/><U88/><E133/><V84/><F84/><W29/><G55/><T43/><REACH who="0" step="1"/><D27/><REACH who="0" ten="240,230,270,250" step="2"/><U80/><E13/><V20/><F123/><W4/><G26/><T68/><D68/><N who="1" m="41999" /><E103/><V52/><F50/><W130/><G130/><T66/><D66/><U25/><E105/><V22/><REACH who="2" step="1"/><F54/><REACH who="2" ten="240,230,260,250" step="2"/><W107/><G107/><T75/><D75/><U40/><E40/><V73/><F73/><W41/><G41/><T49/><D49/><U134/><E134/><V59/><AGARI ba="0,2" hai="15,17,18,20,22,24,28,31,48,52,59,77,82,85" machi="59" ten="20,12000,2" yaku="1,1,0,1,7,1,8,1,54,1,53,1" doraHai="87" doraHaiUra="78" who="2" fromWho="2" sc="240,-30,230,-60,260,140,250,-30" /><INIT seed="2,0,0,0,2,74" ten="210,170,400,220" oya="2" hai0="81,65,20,4,42,24,8,130,89,110,114,15,40" hai1="98,72,99,104,31,107,1,85,67,127,59,43,11" hai2="122,119,95,14,106,36,16,51,80,96,30,7,109" hai3="63,27,121,134,66,103,25,83,47,92,108,49,5"/><V41/><F36/><W35/><G121/><T129/><D114/><U64/><E43/><V3/><F106/><W17/><G108/><T120/><D65/><U10/><E85/><V52/><F122/><W125/><G5/><T55/><D120/><U88/><E31/><V128/><F119/><W126/><G134/><T112/><D112/><U82/><E82/><V34/><F41/><W60/><G83/><T33/><D33/><U115/><E59/><V113/><F113/><W53/><G35/><T26/><D110/><U39/><E115/><V102/><F109/><W70/><G63/><T23/><D55/><U118/><E72/><V68/><F68/><W90/><G103/><T50/><D89/><U62/><E62/><V131/><F7/><W54/><G53/><T123/><D123/><U58/><E58/><V75/><F3/><W71/><G70/><T9/><D81/><U91/><E39/><V37/><F37/><W76/><G17/><N who="0" m="12399" /><D8/><U13/><E13/><V124/><F30/><W22/><G22/><T77/><D50/><U48/><E48/><V135/><F34/><W38/><G38/><T111/><D111/><U87/><E87/><V116/><F116/><W100/><G71/><T97/><D42/><U94/><E118/><V19/><F135/><W61/><G49/><T46/><D46/><U28/><E1/><V56/><F124/><W84/><G125/><T2/><D40/><U6/><E127/><V69/><F69/><W73/><G126/><T18/><D97/><U21/><E107/><V93/><F96/><W78/><G47/><T29/><D77/><RYUUKYOKU ba="0,0" sc="210,30,170,-10,400,-10,220,-10" hai0="2,4,9,15,18,20,26,29,129,130" /><INIT seed="3,1,0,3,4,39" ten="240,160,390,210" oya="3" hai0="135,126,26,95,107,7,102,125,120,12,33,6,87" hai1="46,118,67,86,48,20,61,83,44,18,132,79,109" hai2="64,52,57,41,122,31,116,42,70,40,21,22,60" hai3="103,59,23,14,19,101,93,13,98,71,123,35,88"/><W69/><G35/><T27/><D120/><U96/><E118/><V51/><F116/><W114/><G114/><T94/><D135/><U119/><E119/><V112/><F112/><W63/><G123/><T34/><D107/><U9/><E132/><V80/><F122/><W56/><G59/><T5/><D12/><U110/><E9/><V50/><F31/><W55/><REACH who="3" step="1"/><G13/><REACH who="3" ten="240,160,390,200" step="2"/><T108/><D34/><U130/><E109/><V133/><F133/><W85/><G85/><T77/><D33/><U104/><E110/><V58/><F80/><W72/><G72/><T121/><D121/><U32/><E32/><V25/><F25/><W89/><G89/><T84/><D108/><U90/><E90/><V97/><F97/><W113/><G113/><T2/><D26/><U38/><E86/><V99/><F99/><W17/><G17/><T30/><D84/><U43/><E18/><V117/><F117/><W111/><G111/><T74/><D27/><U49/><E96/><V73/><F73/><W15/><G15/><T66/><D87/><U28/><E28/><V11/><F11/><W24/><G24/><T36/><D30/><U106/><E44/><V68/><F70/><AGARI ba="1,1" hai="14,19,23,55,56,63,69,70,71,88,93,98,101,103" machi="70" ten="40,3900,0" yaku="1,1,54,1,53,0" doraHai="39" doraHaiUra="75" who="3" fromWho="2" sc="240,0,160,0,390,-42,200,52" /><INIT seed="3,2,0,3,4,124" ten="240,160,348,252" oya="3" hai0="114,66,65,41,74,62,84,61,34,13,126,125,109" hai1="91,76,15,132,64,12,115,45,29,11,63,130,28" hai2="50,98,119,33,73,49,0,128,83,88,54,108,39" hai3="102,53,60,17,59,99,4,14,32,57,40,71,107"/><W78/><G71/><N who="0" m="42415" /><D34/><U82/><E115/><V117/><F33/><W123/><G123/><T118/><D74/><U5/><E132/><V16/><F39/><W95/><G32/><T70/><D84/><U7/><E130/><V89/><F0/><W113/><G113/><T38/><D13/><U52/><E76/><V27/><F119/><W55/><G78/><T116/><D114/><U47/><E29/><V86/><F73/><W58/><G4/><T22/><D22/><U69/><E28/><V26/><F117/><N who="0" m="45162" /><D109/><U68/><E69/><V135/><F108/><W129/><G129/><T80/><D80/><U103/><E103/><V2/><F2/><W77/><G77/><T46/><AGARI ba="2,0" hai="38,41,46,62,66,70,125,126" m="45162,42415" machi="46" ten="30,4000,0" yaku="23,1,34,2" doraHai="124" who="0" fromWho="0" sc="240,46,160,-12,348,-12,252,-22" /><INIT seed="4,0,0,4,2,23" ten="286,148,336,230" oya="0" hai0="133,27,53,124,43,41,58,108,63,38,75,9,134" hai1="79,113,101,129,99,42,40,94,10,20,117,116,76" hai2="81,127,51,114,25,68,66,121,100,109,122,8,61" hai3="7,95,104,119,93,29,26,97,65,135,21,15,5"/><T106/><D106/><U107/><E20/><V118/><F109/><W46/><G119/><T59/><D75/><U55/><E55/><V35/><F118/><N who="1" m="45673" /><E10/><V22/><F35/><W48/><G135/><N who="0" m="51723" /><D108/><U34/><E40/><N who="0" m="15433" /><D9/><U87/><E42/><V13/><F51/><W83/><G65/><N who="0" m="39159" /><D27/><U69/><E69/><V88/><F100/><W96/><G83/><T85/><D85/><U112/><E34/><V103/><F103/><N who="3" m="60831" /><G104/><T131/><D131/><U45/><E129/><V60/><F8/><W73/><G73/><T67/><D124/><U4/><E4/><V6/><F127/><W130/><G130/><T0/><D0/><U126/><E126/><V82/><F6/><W47/><G15/><T24/><D24/><U84/><E45/><V52/><F13/><W39/><G46/><T71/><D38/><U125/><E125/><V102/><F102/><N who="3" m="60719" /><G39/><T3/><D3/><U11/><E11/><V17/><F82/><W49/><G47/><T64/><D71/><U120/><E120/><V1/><F1/><W70/><G70/><T44/><D44/><U98/><E98/><V123/><F123/><W56/><G5/><T86/><D86/><N who="1" m="32811" /><E107/><V80/><F122/><W89/><G7/><T31/><D31/><U16/><E16/><V78/><F17/><W18/><G18/><T30/><D30/><U37/><E37/><V36/><F36/><W74/><G29/><T19/><D19/><U92/><E92/><V12/><F12/><W105/><G105/><T132/><D132/><U2/><E2/><V50/><F68/><W14/><G14/><T115/><D53/><RYUUKYOKU ba="0,0" sc="286,-10,148,30,336,-10,230,-10" hai1="76,79,94,99,101,112,113" /><INIT seed="5,1,0,0,4,99" ten="276,178,326,220" oya="1" hai0="82,75,79,41,44,67,12,28,38,34,103,50,129" hai1="77,71,95,115,127,69,56,70,131,119,78,2,124" hai2="61,40,15,93,1,36,73,7,133,102,6,14,59" hai3="108,86,72,48,92,64,68,0,25,80,114,45,27"/><U17/><E119/><V62/><F73/><W85/><G108/><T43/><D129/><U132/><E2/><V9/><F133/><W65/><G0/><T88/><D67/><U107/><E107/><V55/><F36/><W54/><G114/><T120/><D120/><U106/><E106/><V31/><F40/><W123/><G123/><T26/><D103/><U97/><E132/><V11/><F1/><W94/><G72/><T5/><D38/><U35/><E131/><V21/><F21/><W3/><G3/><T83/><D41/><U74/><E115/><V32/><F32/><W46/><G68/><T126/><D126/><N who="1" m="48171" /><E74/><V39/><F39/><W134/><G134/><T22/><D34/><U113/><E113/><V121/><F121/><W10/><G10/><N who="0" m="4175" /><D79/><N who="1" m="30219" /><E35/><V18/><F31/><W116/><G116/><T47/><D47/><U4/><E4/><V24/><F24/><W117/><G117/><T90/><D75/><U100/><E56/><V63/><F6/><W135/><G135/><T91/><AGARI ba="1,0" hai="22,26,28,43,44,50,82,83,88,90,91" m="4175" machi="91" ten="30,2000,0" yaku="8,1,54,1" doraHai="99" who="0" fromWho="0" sc="276,23,178,-11,326,-6,220,-6" /><INIT seed="6,0,0,3,2,28" ten="299,167,320,214" oya="2" hai0="127,103,8,87,19,64,23,10,77,134,128,66,67" hai1="34,33,44,31,96,111,1,133,58,79,46,93,120" hai2="45,25,54,15,38,59,68,61,7,115,20,13,114" hai3="40,14,129,47,2,27,41,30,105,65,16,104,80"/><V123/><F68/><W100/><G2/><T42/><D134/><U83/><E111/><V11/><F123/><W122/><G122/><T52/><D127/><U113/><E120/><V135/><F135/><W35/><G129/><T98/><D42/><U0/><E133/><V4/><F38/><W75/><G65/><T90/><D77/><U51/><E31/><V36/><F36/><W92/><G41/><T106/><D128/><U5/><E113/><N who="2" m="43019" /><F45/><W53/><G53/><T60/><D60/><U118/><E118/><V57/><F57/><W126/><G126/><T101/><D52/><U85/><E58/><V119/><F119/><W86/><G75/><T117/><D117/><U131/><E131/><V24/><F4/><W116/><G116/><T72/><D72/><U132/><E132/><V29/><F24/><W73/><G73/><T69/><D69/><U12/><E1/><AGARI ba="0,0" hai="1,7,11,13,15,20,25,29,54,59,61" m="43019" machi="1" ten="30,1500,0" yaku="15,1" doraHai="28" who="2" fromWho="1" sc="299,0,167,-15,320,15,214,0" /><INIT seed="6,1,0,0,1,29" ten="299,152,335,214" oya="2" hai0="134,41,131,97,64,109,69,90,11,104,28,2,113" hai1="19,92,119,63,60,93,70,9,127,49,71,87,34" hai2="0,91,36,33,46,114,37,51,58,98,135,101,59" hai3="86,40,102,43,75,26,81,62,110,94,133,103,17"/><V106/><F0/><W47/><G110/><T125/><D41/><U22/><E119/><V30/><F135/><W39/><G133/><T42/><D42/><U13/><E127/><V14/><F114/><W5/><G43/><T107/><D28/><U73/><E73/><V18/><F46/><W20/><G5/><N who="0" m="1463" /><D90/><U16/><E34/><V12/><F12/><W21/><G62/><T72/><D97/><U129/><E129/><V24/><F91/><W85/><G75/><T44/><D44/><U56/><E70/><V67/><F67/><W65/><G65/><T96/><D96/><U117/><E71/><V121/><F121/><W1/><G1/><T6/><D6/><U10/><E117/><V105/><F105/><W78/><G21/><T15/><D15/><U54/><E10/><V112/><F112/><W48/><G39/><T52/><D52/><U4/><E19/><V88/><F88/><AGARI ba="1,0" hai="17,20,26,40,47,48,78,81,85,86,88,94,102,103" machi="88" ten="40,2600,0" yaku="8,1,54,1" doraHai="29" who="3" fromWho="2" sc="299,0,152,0,335,-29,214,29" /><INIT seed="7,0,0,5,4,100" ten="299,152,306,243" oya="3" hai0="81,7,1,127,80,65,129,51,11,46,34,23,20" hai1="124,24,109,70,121,86,15,110,19,117,50,107,18" hai2="125,128,17,97,56,25,92,87,53,38,91,59,113" hai3="36,88,112,0,76,120,78,79,67,84,77,37,135"/><W101/><G120/><T126/><D34/><U64/><E50/><V66/><F38/><W12/><G0/><T83/><D65/><U72/><E72/><V8/><F128/><W106/><G67/><T40/><D129/><U131/><E131/><V4/><F113/><W95/><G112/><T48/><D48/><U89/><E121/><V13/><F125/><AGARI ba="0,0" hai="1,7,11,20,23,40,46,51,80,81,83,125,126,127" machi="125" ten="40,1300,0" yaku="18,1" doraHai="100" who="0" fromWho="2" sc="299,13,152,0,306,-13,243,0" owari="312,42.0,152,-35.0,293,9.0,243,-16.0" /></mjloggm>