<mjloggm ver="2.3"><GO type="169"/><UN n0="%E4%B8%80%E6%96%B9%E9%80%9A%E8%A1%8C" n1="%6D%69%69%6B%6F" n2="%EF%BC%88%EF%BC%8A%EF%BC%9E%EF%BC%9C%EF%BC%89" n3="%EF%BC%88%E2%89%A7%E2%96%BD%E2%89%A6%EF%BC%89" dan="16,17,18,18" rate="2144,2164,2158,2173" sx="M,M,F,M"/><TAIKYOKU oya="0"/><INIT seed="0,0,0,0,3,99" ten="250,250,250,250" oya="0" hai0="90,14,64,44,21,122,114,5,113,108,109,98,119" hai1="84,112,123,128,102,19,8,27,80,42,39,116,46" hai2="31,15,87,72,92,30,45,71,74,52,125,24,85" hai3="63,50,76,100,101,107,37,61,67,77,91,65,132"/><T120/><D64/><N who="3" m="24649" /><G37/><T133/><D44/><U94/><E123/><N who="0" m="47145" /><D90/><U32/><E116/><V56/><F71/><W88/><G107/><T110/><D98/><U70/><E70/><V12/><F125/><W126/><G132/><T22/><D133/><U51/><E112/><N who="0" m="43113" /><D119/><U9/><E39/><V59/><F45/><W34/><G126/><T97/><D97/><U48/><E48/><V121/><F121/><W36/><G36/><T96/><D96/><N who="1" m="59671" /><E32/><V131/><F24/><W43/><G34/><T127/><D127/><U69/><E69/><V82/><F92/><W117/><G117/><T47/><D47/><U134/><E134/><V129/><REACH who="2" step="1"/><F52/><REACH who="2" ten="250,250,240,250" step="2"/><W68/><G68/><T25/><D25/><U41/><E27/><V106/><F106/><W135/><G135/><T10/><AGARI ba="0,1" hai="5,10,14,21,22,108,109,110" m="43113,47145" machi="10" ten="40,12000,1" yaku="14,1,10,1,34,2" doraHai="99" who="0" fromWho="0" sc="250,130,250,-40,240,-40,250,-40" /><INIT seed="0,1,0,4,0,26" ten="380,210,200,210" oya="0" hai0="36,22,41,55,100,86,85,77,83,6,74,20,67" hai1="38,2,31,106,124,73,58,45,99,112,102,44,18" hai2="11,57,7,91,97,63,103,35,93,88,107,32,5" hai3="40,66,118,71,87,21,122,81,130,121,113,132,131"/><T70/><D100/><U23/><E124/><V61/><F61/><N who="3" m="40399" /><G21/><T68/><D86/><U4/><E73/><V56/><F56/><W133/><G87/><T1/><D55/><U46/><E112/><V54/><F5/><W94/><G94/><T89/><D22/><U48/><E38/><V128/><F128/><N who="3" m="49195" /><G81/><T28/><D67/><U62/><E48/><V27/><F27/><W117/><G40/><T111/><D28/><U8/><E31/><V15/><REACH who="2" step="1"/><F91/><REACH who="2" ten="380,210,190,210" step="2"/><W14/><G113/><T47/><D111/><U123/><E58/><V30/><F30/><W127/><G127/><T37/><D70/><U33/><E62/><V109/><F109/><W53/><G14/><T43/><D68/><U3/><E2/><V29/><F29/><W95/><G117/><T108/><D108/><U120/><REACH who="1" step="1"/><E33/><REACH who="1" ten="380,200,190,210" step="2"/><V16/><F16/><W126/><G126/><T51/><D1/><U9/><E9/><V84/><AGARI ba="1,2" hai="7,11,15,32,35,54,57,63,84,88,93,97,103,107" machi="84" ten="20,5200,0" yaku="1,1,0,1,7,1,54,1,53,0" doraHai="26" doraHaiUra="19" who="2" fromWho="2" sc="380,-27,200,-14,190,75,210,-14" /><INIT seed="1,0,0,2,2,131" ten="353,186,265,196" oya="1" hai0="93,62,42,21,124,115,125,120,122,92,95,97,112" hai1="83,68,57,70,123,117,59,54,18,71,35,46,37" hai2="5,6,12,106,72,9,74,134,63,31,113,102,103" hai3="91,129,4,53,82,87,135,81,45,88,27,77,85"/><U58/><E35/><V107/><F31/><W17/><G129/><T38/><D62/><U126/><E123/><N who="0" m="47145" /><D21/><U110/><E117/><V2/><F113/><N who="0" m="43594" /><D42/><N who="1" m="22863" /><E83/><V32/><F32/><W67/><G67/><T98/><D38/><U56/><E18/><V22/><F63/><W114/><G4/><T73/><D73/><U101/><E101/><V30/><F30/><W48/><G114/><T132/><D132/><U86/><E86/><V13/><F22/><N who="3" m="13775" /><G135/><T76/><D76/><AGARI ba="0,0" hai="45,48,53,76,77,81,82,85,87,88,91" m="13775" machi="76" ten="30,2000,0" yaku="8,1,54,1" doraHai="131" who="3" fromWho="0" sc="353,-20,186,0,265,0,196,20" /><INIT seed="2,0,0,4,5,20" ten="333,186,265,216" oya="2" hai0="63,80,104,5,127,36,126,35,38,67,109,119,59" hai1="14,79,103,49,30,25,116,73,132,129,105,6,113" hai2="112,68,26,0,134,100,130,102,66,4,96,24,32" hai3="61,135,57,108,3,12,41,77,71,118,31,65,125"/><V106/><F112/><W45/><G3/><T114/><D114/><U10/><E113/><V23/><F102/><W39/><G118/><T21/><D104/><U91/><E116/><V110/><F110/><W43/><G108/><T84/><D35/><U70/><E132/><V33/><F134/><W133/><G125/><N who="0" m="47627" /><D109/><U72/><E70/><V128/><F4/><W16/><G41/><T58/><D119/><U97/><E129/><N who="2" m="49771" /><F0/><W8/><G77/><N who="0" m="46095" /><D5/><U78/><E91/><V40/><F40/><W50/><REACH who="3" step="1"/><G31/><REACH who="3" ten="333,186,265,206" step="2"/><T53/><D21/><U52/><E78/><V9/><F23/><W111/><G111/><T82/><D82/><U51/><E79/><V123/><F9/><W117/><G117/><T85/><D85/><U115/><E115/><V2/><F2/><W34/><G34/><N who="2" m="13417" /><F123/><W18/><G18/><T69/><D69/><U98/><E73/><V7/><F7/><W74/><G74/><T131/><D131/><U101/><E72/><V92/><F106/><W19/><G19/><T28/><D28/><U86/><E30/><V37/><F37/><W89/><G89/><T42/><D42/><U120/><E105/><V81/><F81/><W13/><G13/><T60/><AGARI ba="0,1" hai="36,38,53,58,59,60,63,67" m="46095,47627" machi="60" ten="30,1100,0" yaku="18,1" doraHai="20" who="0" fromWho="0" sc="333,21,186,-3,265,-5,206,-3" /><INIT seed="3,0,0,4,0,23" ten="354,183,260,203" oya="3" hai0="32,29,124,55,5,81,36,133,86,46,92,47,91" hai1="60,42,108,65,90,123,22,28,0,100,72,80,98" hai2="120,30,111,18,89,127,107,63,71,132,97,67,85" hai3="8,12,39,35,87,1,96,113,79,62,68,129,130"/><W75/><G39/><T83/><D124/><U21/><E108/><V20/><F111/><W105/><G113/><T131/><D133/><U17/><E0/><V43/><F43/><W116/><G87/><T2/><D131/><N who="3" m="50185" /><G116/><T99/><D36/><U117/><E123/><V56/><F132/><W93/><G105/><T104/><D104/><U82/><E117/><V58/><F127/><W45/><G45/><T53/><D2/><U77/><E42/><V16/><F120/><W88/><G1/><T31/><D5/><U103/><E82/><V59/><F107/><W64/><G35/><T37/><D83/><U48/><E48/><V52/><F97/><W54/><G54/><N who="0" m="20491" /><D32/><U9/><E9/><V121/><F121/><W50/><G50/><T114/><D37/><U41/><E41/><V112/><F112/><W101/><G79/><N who="0" m="46399" /><D114/><U94/><E22/><V44/><F44/><AGARI ba="0,0" hai="29,31,44,46,47,91,92,99" m="46399,20491" machi="44" ten="30,1000,0" yaku="8,1" doraHai="23" who="0" fromWho="2" sc="354,10,183,0,260,-10,203,0" /><INIT seed="4,0,0,1,5,30" ten="364,183,250,203" oya="0" hai0="125,84,11,65,62,41,35,44,106,83,31,55,134" hai1="78,38,123,59,114,8,13,4,110,94,73,58,17" hai2="91,15,87,49,75,82,37,103,107,42,76,109,89" hai3="33,19,95,47,54,118,0,43,16,98,130,131,96"/><T56/><D106/><U51/><E110/><V79/><F37/><W100/><G118/><T88/><D134/><U77/><E38/><V66/><F66/><W50/><G0/><T29/><D125/><U116/><E116/><V122/><F15/><W133/><G133/><T80/><D35/><U99/><E123/><V135/><F49/><W111/><G111/><T39/><D11/><U52/><E73/><V22/><F22/><W60/><G98/><T5/><D5/><U28/><E114/><V63/><F63/><W25/><G60/><T34/><D34/><U102/><E28/><V132/><F42/><W108/><G108/><T48/><REACH who="0" step="1"/><D83/><REACH who="0" ten="354,183,250,203" step="2"/><U92/><E4/><V26/><F109/><W121/><G121/><T9/><D9/><U57/><REACH who="1" step="1"/><E94/><REACH who="1" ten="354,173,250,203" step="2"/><N who="2" m="54591" /><F122/><W3/><G95/><T126/><D126/><U127/><E127/><V105/><F135/><W70/><G3/><T18/><D18/><U90/><E90/><V45/><F91/><W97/><G19/><T61/><D61/><U23/><E23/><V2/><F132/><W67/><G16/><T71/><AGARI ba="0,2" hai="29,31,39,41,44,48,55,56,62,65,71,80,84,88" machi="71" ten="20,18000,2" yaku="1,1,0,1,7,1,24,2,54,1,53,0" doraHai="30" doraHaiUra="32" who="0" fromWho="0" sc="354,200,173,-60,250,-60,203,-60" /><INIT seed="4,1,0,3,2,63" ten="554,113,190,143" oya="0" hai0="97,39,33,78,131,24,112,60,119,36,132,104,10" hai1="0,61,75,79,101,88,34,27,122,38,116,7,31" hai2="129,23,135,71,8,94,103,13,1,5,85,134,84" hai3="65,59,105,99,42,56,29,4,52,57,86,95,127"/><T83/><D119/><U19/><E116/><V17/><F129/><W28/><G127/><T118/><D118/><U117/><E117/><V91/><F103/><N who="3" m="60927" /><G105/><T58/><D10/><N who="1" m="2407" /><E122/><V66/><REACH who="2" step="1"/><F85/><REACH who="2" ten="554,113,180,143" step="2"/><W113/><G113/><T133/><D112/><U9/><E101/><V45/><F45/><W90/><G42/><T16/><D131/><U109/><E75/><V30/><F30/><N who="3" m="11883" /><G4/><T55/><D133/><U69/><E31/><V125/><F125/><W51/><G65/><T50/><D132/><U114/><E114/><V35/><F35/><W77/><G77/><T2/><D33/><U96/><E79/><V53/><F53/><W3/><G3/><T72/><D2/><U89/><E34/><V18/><F18/><W70/><G70/><T107/><D16/><U15/><E19/><V67/><F67/><W124/><G124/><T64/><D64/><U80/><E69/><V47/><F47/><W11/><G11/><T128/><D55/><U21/><E9/><V54/><F54/><W26/><G26/><T87/><D24/><U110/><E27/><V48/><F48/><W76/><G76/><T108/><D50/><U32/><E32/><V130/><F130/><W14/><G14/><T93/><D128/><U46/><E15/><V81/><F81/><AGARI ba="1,1" hai="51,52,56,57,59,81,86,90" m="11883,60927" machi="81" ten="30,2000,0" yaku="8,1,54,1" doraHai="63" who="3" fromWho="2" sc="554,0,113,0,180,-23,143,33" /><INIT seed="5,0,0,0,0,74" ten="554,113,157,176" oya="1" hai0="132,6,26,58,105,75,108,131,16,71,15,32,93" hai1="8,120,42,76,122,79,115,18,43,84,82,14,118" hai2="49,59,95,67,87,81,48,60,100,51,116,85,63" hai3="54,89,36,88,61,112,55,106,133,62,41,23,103"/><U78/><E118/><V21/><F116/><W94/><G106/><T11/><D105/><U97/><E115/><V128/><F128/><W124/><G124/><T25/><D71/><U64/><E64/><V117/><F117/><W29/><G112/><T114/><D75/><U109/><E109/><V0/><F0/><W40/><G36/><T19/><D114/><U129/><E129/><V72/><F72/><W53/><G133/><T56/><D131/><U47/><E97/><V38/><F38/><W86/><G103/><T4/><D108/><U77/><REACH who="1" step="1"/><E43/><REACH who="1" ten="554,103,157,176" step="2"/><V91/><F67/><W50/><G41/><T135/><D132/><U130/><E130/><V20/><F100/><W111/><G40/><T3/><D135/><U110/><E110/><V83/><F95/><W27/><G111/><T1/><D93/><U107/><E107/><V69/><F69/><W96/><G50/><AGARI ba="0,1" hai="8,14,18,42,47,50,76,77,78,79,82,84,120,122" machi="50" ten="40,18000,2" yaku="1,1,52,4,53,1" doraHai="74" doraHaiUra="37" who="1" fromWho="3" sc="554,0,103,190,157,0,176,-180" owari="554,65.0,293,9.0,157,-24.0,-4,-50.0" /></mjloggm>