<mjloggm ver="2.3"><GO type="169" lobby="0"/><UN n0="%E5%9F%BA%E7%A4%8E%E8%AB%96" n1="%E9%BB%92%E6%9F%B1%E5%8B%83%E6%A8%B9" n2="%E3%83%97%E3%83%AD%E3%82%B8%E3%83%A3%E3%83%B3%E6%B0%8F" n3="%EF%BC%88%E2%89%A7%E2%96%BD%E2%89%A6%EF%BC%89" dan="17,16,16,17" rate="2136.23,2111.22,2141.71,2151.85" sx="M,F,M,M"/><TAIKYOKU oya="0"/><INIT seed="0,0,0,2,1,22" ten="250,250,250,250" oya="0" hai0="50,27,31,129,2,29,80,79,6,78,85,99,35" hai1="10,126,123,89,122,91,58,103,63,84,41,93,42" hai2="127,81,8,71,59,104,116,1,46,21,33,111,11" hai3="25,96,36,124,17,112,28,90,92,23,40,105,4"/><T66/><D129/><U98/><E126/><V102/><F111/><W73/><G112/><T49/><D78/><U20/><E123/><V57/><F33/><W83/><G124/><T82/><D82/><U118/><E122/><V128/><F71/><W32/><G105/><T131/><D131/><U94/><E118/><V130/><F127/><W119/><G119/><T86/><D86/><U12/><E91/><V30/><F116/><W125/><G125/><T65/><D99/><U3/><E3/><V68/><F68/><W44/><G4/><T117/><D117/><U135/><E135/><V55/><F128/><W106/><G106/><T18/><D31/><U69/><E69/><V51/><F130/><W64/><G64/><T7/><D18/><U56/><E20/><V5/><F8/><W16/><REACH who="3" step="1"/><G32/><REACH who="3" ten="250,250,250,240" step="2"/><T54/><D2/><U113/><E113/><V101/><F104/><W24/><G24/><T115/><D115/><U43/><REACH who="1" step="1"/><E63/><REACH who="1" ten="250,240,250,240" step="2"/><V39/><F1/><W109/><G109/><T100/><D35/><U110/><E110/><V108/><F108/><W45/><G45/><T70/><D70/><U52/><E52/><V75/><F55/><W48/><G48/><T77/><D50/><U9/><E9/><V34/><F11/><W60/><G60/><T0/><D54/><U120/><E120/><V95/><F51/><W97/><G97/><T133/><D49/><U26/><E26/><V47/><F47/><W72/><G72/><T88/><D27/><U62/><E62/><V76/><F46/><W114/><G114/><T53/><D53/><U61/><E61/><RYUUKYOKU ba="0,2" sc="250,-15,240,15,250,-15,240,15" hai1="10,12,41,42,43,56,58,84,89,93,94,98,103" hai3="16,17,23,25,28,36,40,44,73,83,90,92,96" /><INIT seed="1,1,2,1,2,19" ten="235,255,235,255" oya="1" hai0="89,56,82,90,43,118,62,105,54,130,41,119,2" hai1="95,114,123,60,121,21,52,134,116,6,45,79,3" hai2="12,85,64,24,30,107,83,48,26,128,117,10,106" hai3="92,69,25,51,11,55,93,115,42,101,88,28,102"/><U9/><E116/><V135/><F128/><W104/><G69/><T47/><D2/><U1/><E114/><V87/><F135/><W0/><G115/><T4/><D130/><U73/><E134/><V132/><F132/><W61/><G104/><T8/><D105/><U86/><E1/><V74/><F74/><W71/><G42/><T99/><D41/><U44/><E73/><V34/><F85/><W84/><G92/><T58/><D58/><U66/><E123/><V23/><F48/><W122/><G122/><T33/><D33/><U32/><E32/><V126/><F64/><W98/><G61/><T131/><D131/><U36/><E121/><V57/><F57/><W100/><G71/><T18/><D4/><U113/><E113/><V94/><F94/><W7/><G84/><T110/><D110/><U53/><E36/><V29/><F126/><W35/><REACH who="3" step="1"/><G102/><REACH who="3" ten="235,255,235,245" step="2"/><T129/><D129/><U70/><E95/><V111/><F111/><W59/><AGARI ba="1,3" hai="0,7,11,25,28,35,51,55,59,88,93,98,100,101" machi="59" ten="20,12000,2" yaku="1,1,2,1,0,1,7,1,54,1,53,1" doraHai="19" doraHaiUra="5" who="3" fromWho="3" sc="235,-31,255,-61,235,-31,245,153" /><INIT seed="2,0,0,4,1,88" ten="204,194,204,398" oya="2" hai0="112,34,84,15,68,17,66,19,7,28,128,11,18" hai1="24,8,78,74,56,98,113,107,86,60,118,29,124" hai2="73,90,106,119,123,76,4,134,103,49,55,32,43" hai3="104,81,135,54,72,36,23,51,59,131,101,6,99"/><V41/><F119/><W30/><G36/><T35/><D68/><U110/><E118/><V1/><F123/><W53/><G135/><T120/><D66/><U58/><E113/><V62/><F134/><W47/><G131/><T79/><D120/><U89/><E110/><V102/><F32/><N who="0" m="12330" /><D84/><U70/><E124/><V125/><F125/><W82/><G72/><T115/><D79/><U93/><E8/><V133/><F133/><W111/><G111/><T2/><D128/><U5/><E5/><V105/><F4/><W129/><G6/><N who="0" m="3575" /><D28/><U65/><E74/><V126/><F76/><W71/><G71/><T48/><D48/><U96/><E96/><V64/><F73/><W83/><G129/><T31/><D31/><U26/><E26/><V10/><F49/><N who="3" m="31183" /><G104/><T13/><D115/><U27/><E27/><V67/><F106/><W127/><G127/><T75/><D75/><U92/><E92/><V122/><F105/><W87/><G99/><T44/><D44/><U22/><REACH who="1" step="1"/><E107/><REACH who="1" ten="204,184,204,398" step="2"/><V80/><F126/><W25/><G101/><T117/><D117/><U9/><E9/><V33/><F10/><W69/><G69/><T37/><D112/><U109/><E109/><V97/><F122/><W130/><G130/><T121/><D121/><U61/><E61/><V20/><F62/><W40/><G87/><T21/><D2/><U0/><E0/><V116/><F1/><W63/><G63/><T16/><D37/><U108/><E108/><V39/><F39/><N who="3" m="21919" /><G81/><AGARI ba="0,1" hai="22,24,29,56,58,60,65,70,78,81,86,89,93,98" machi="81" ten="40,2600,0" yaku="1,1,52,1,53,0" doraHai="88" doraHaiUra="114" who="1" fromWho="3" sc="204,0,184,36,204,0,398,-26" /><INIT seed="3,0,0,1,1,14" ten="204,220,204,372" oya="3" hai0="23,13,73,2,120,97,84,131,108,68,25,126,77" hai1="46,80,49,128,52,26,93,64,24,10,89,116,103" hai2="88,107,114,7,75,35,38,119,8,100,106,72,121" hai3="48,39,5,21,70,118,132,40,124,31,86,55,65"/><W47/><G118/><T66/><D120/><U74/><E116/><V134/><F119/><W51/><G124/><T102/><D2/><U69/><E128/><V96/><F114/><W27/><G132/><T105/><D131/><U129/><E129/><V111/><F111/><W11/><G70/><T109/><D126/><U29/><E10/><V92/><F35/><W12/><G65/><T76/><D73/><U9/><E9/><V37/><F134/><W122/><G122/><T33/><D13/><U36/><E103/><V110/><F110/><N who="0" m="42602" /><D84/><U117/><E117/><V22/><F107/><W63/><G63/><N who="0" m="40031" /><D33/><U54/><E36/><V57/><F57/><W62/><G62/><T81/><D81/><U123/><E123/><V135/><F135/><W127/><G127/><T30/><AGARI ba="0,0" hai="23,25,30,76,77,97,102,105" m="40031,42602" machi="30" ten="30,1100,0" yaku="14,1" doraHai="14" who="0" fromWho="0" sc="204,11,220,-3,204,-3,372,-5" /><INIT seed="4,0,0,3,5,7" ten="215,217,201,367" oya="0" hai0="56,75,131,3,28,108,110,133,76,100,49,18,115" hai1="12,45,95,77,111,16,65,57,73,117,127,97,43" hai2="78,99,42,105,87,62,11,37,124,41,79,126,70" hai3="31,121,90,72,52,27,54,114,1,15,88,50,29"/><T48/><D28/><N who="3" m="10825" /><G1/><T91/><D100/><U19/><E117/><V44/><F41/><W13/><G72/><T71/><D71/><U130/><E111/><V104/><F11/><W92/><G114/><T112/><D3/><U64/><E127/><N who="2" m="48683" /><F99/><N who="3" m="57735" /><G121/><T38/><D38/><U122/><E122/><V59/><F70/><W53/><G27/><T125/><D125/><U5/><E130/><V20/><F20/><W113/><G113/><N who="0" m="43595" /><D131/><U26/><E73/><V30/><F30/><W116/><G116/><T33/><D33/><U102/><E26/><V46/><F46/><N who="3" m="27735" /><G90/><T6/><D91/><U32/><E32/><V55/><F105/><W66/><G66/><N who="1" m="25706" /><E77/><V109/><F104/><W80/><G80/><T83/><D108/><U40/><E57/><V9/><F109/><W67/><G67/><T58/><D110/><U69/><E69/><V93/><F37/><W51/><G54/><T74/><D74/><U14/><E45/><AGARI ba="0,0" hai="13,15,45,51,53" m="27735,57735,10825" machi="45" ten="30,3900,0" yaku="8,1,54,2" doraHai="7" who="3" fromWho="1" sc="215,0,217,-39,201,0,367,39" /><INIT seed="5,0,0,5,4,35" ten="215,178,201,406" oya="1" hai0="55,115,128,133,120,112,7,76,50,73,129,75,124" hai1="54,30,116,92,29,59,70,57,44,79,10,9,123" hai2="94,4,64,46,90,45,86,114,21,18,15,99,72" hai3="74,81,24,52,107,102,8,14,69,43,56,101,33"/><U20/><E70/><V88/><F114/><N who="0" m="43562" /><D120/><U78/><E123/><V105/><F72/><W62/><G107/><T67/><D67/><U96/><E116/><V3/><F64/><W82/><G69/><T91/><D91/><U135/><E135/><V130/><F130/><N who="0" m="50282" /><D133/><U31/><E20/><V28/><F28/><W100/><G74/><N who="0" m="28171" /><D76/><N who="1" m="29227" /><E44/><V1/><F105/><W108/><G102/><T65/><D65/><U113/><E113/><V118/><F118/><W27/><G101/><T6/><D124/><U131/><E131/><V22/><F22/><W111/><G100/><T5/><D55/><U25/><E25/><V11/><REACH who="2" step="1"/><F1/><REACH who="2" ten="215,178,191,406" step="2"/><W23/><G23/><T48/><AGARI ba="0,1" hai="5,6,7,48,50" m="28171,50282,43562" machi="48" ten="40,8000,1" yaku="28,2,15,1,19,1" doraHai="35" who="0" fromWho="0" sc="215,90,178,-40,191,-20,406,-20" /><INIT seed="6,0,0,0,2,112" ten="305,138,171,386" oya="2" hai0="126,67,81,86,3,92,6,17,101,128,59,85,11" hai1="97,41,88,82,74,56,0,99,60,134,65,69,44" hai2="91,127,118,129,10,18,66,94,7,79,22,43,26" hai3="111,106,42,34,49,80,64,27,14,116,100,113,121"/><V89/><F118/><W63/><G116/><T4/><D126/><U2/><E2/><V76/><F129/><W23/><G121/><T53/><D128/><U103/><E103/><V57/><F127/><W32/><G111/><T9/><D67/><U37/><E37/><V70/><F70/><W15/><G113/><T28/><D28/><U87/><E87/><V68/><F68/><W123/><G123/><T13/><D81/><U62/><E62/><V29/><F43/><W133/><G133/><T51/><D17/><U61/><E61/><N who="2" m="38191" /><F7/><W38/><G38/><T33/><D33/><U73/><E73/><V96/><F91/><W108/><G108/><T98/><AGARI ba="0,0" hai="3,4,6,9,11,13,51,53,59,85,86,92,98,101" machi="98" ten="30,1100,0" yaku="0,1" doraHai="112" who="0" fromWho="0" sc="305,11,138,-3,171,-5,386,-3" /><INIT seed="7,0,0,4,5,17" ten="316,135,166,383" oya="3" hai0="44,68,110,66,53,57,129,98,0,115,43,112,119" hai1="54,35,26,60,122,61,111,83,93,25,84,71,3" hai2="106,73,127,85,102,95,104,118,33,58,47,126,109" hai3="76,87,24,89,39,116,14,113,67,5,120,88,124"/><W48/><G39/><N who="0" m="21631" /><D0/><U52/><E52/><V74/><F33/><W2/><G2/><T20/><D98/><U4/><E4/><V99/><F109/><W10/><G24/><T12/><D12/><U63/><E63/><V78/><F47/><W46/><G76/><T100/><D100/><U18/><E18/><V70/><F70/><W75/><G75/><N who="2" m="28681" /><F58/><W91/><G87/><T28/><D28/><U6/><E6/><V30/><F30/><W117/><G89/><T114/><D110/><U21/><E21/><V50/><F50/><W27/><G91/><T31/><D31/><U29/><E29/><V77/><F118/><W103/><G103/><T41/><D119/><U134/><E134/><V132/><F132/><W64/><G116/><T9/><D9/><U72/><E72/><V121/><F121/><W23/><G117/><T97/><D97/><U13/><E13/><V34/><F34/><W128/><G120/><T7/><D7/><U133/><E133/><V55/><F55/><W86/><G5/><T38/><D20/><U15/><E15/><V37/><F37/><W11/><G14/><T80/><D38/><U65/><E65/><V125/><F85/><W79/><G86/><T81/><D41/><U131/><E131/><V130/><F130/><W69/><G128/><T45/><D129/><U8/><E8/><V135/><F135/><W82/><G10/><T22/><D22/><U42/><E42/><V59/><F59/><W56/><G11/><T94/><D57/><U1/><E1/><V108/><F108/><W101/><G56/><T123/><D45/><RYUUKYOKU ba="0,0" sc="316,-10,135,-10,166,30,383,-10" hai2="77,78,95,99,102,104,106,125,126,127" owari="306,11.0,125,-37.0,196,-20.0,373,46.0" /></mjloggm>