<mjloggm ver="2.3"><GO type="41"/><UN n0="%E6%B8%8B%E8%B0%B7%E3%81%AE%E6%9F%B3%E6%B2%A2" n1="%EF%BC%88%E2%89%A7%E2%96%BD%E2%89%A6%EF%BC%89" n2="%28%E3%83%BB%E2%88%80%E3%83%BB%29%CF%83" n3="%4D%6F%65%63%63%61%E2%98%86%E3%83%9F" dan="14,15,14,14" rate="1964,2071,1906,2089" sx="M,M,M,F"/><TAIKYOKU oya="0"/><INIT seed="0,0,0,1,3,31" ten="250,250,250,250" oya="0" hai0="130,116,92,105,95,55,1,120,9,66,70,132,25" hai1="35,32,73,30,33,126,20,13,119,88,64,40,19" hai2="110,102,121,87,2,78,99,67,0,61,89,11,106" hai3="7,45,117,48,63,84,58,16,101,53,49,112,74"/><T22/><D120/><U94/><E73/><V24/><F110/><W98/><G74/><T127/><D116/><U41/><E119/><V83/><F121/><W43/><G117/><T97/><D105/><U107/><E107/><V68/><F11/><W81/><G112/><T131/><D127/><U128/><E126/><V44/><F44/><W72/><G72/><T14/><D1/><U77/><E77/><V69/><F69/><W4/><G48/><T86/><D132/><U93/><E128/><N who="0" m="49193" /><D86/><U115/><E115/><V109/><F109/><W82/><G16/><N who="0" m="12487" /><D55/><U85/><E64/><V135/><F135/><W21/><G21/><T100/><D95/><U23/><REACH who="1" step="1"/><E94/><REACH who="1" step="2"/><V124/><F124/><W96/><G101/><T47/><D66/><U79/><E79/><V5/><F78/><W54/><G81/><T75/><D75/><U6/><E6/><V114/><F5/><W17/><G7/><N who="0" m="3391" /><D47/><U46/><E46/><V3/><F114/><W34/><G45/><T29/><D29/><U65/><E65/><V125/><F125/><W10/><G82/><T15/><D15/><U57/><E57/><V91/><F2/><W27/><G58/><T118/><D118/><U8/><E8/><V42/><F0/><W26/><G10/><T52/><D52/><U76/><E76/><V122/><F3/><W80/><G54/><T37/><D70/><U60/><E60/><V50/><F61/><W111/><G53/><T103/><D37/><U38/><E38/><V18/><F67/><W12/><G63/><T104/><D104/><U36/><E36/><V108/><F68/><RYUUKYOKU ba="0,1" sc="250,15,240,15,250,-15,250,-15" hai0="92,97,100,103" hai1="13,19,20,23,30,32,33,35,40,41,85,88,93" /><INIT seed="0,1,1,4,3,76" ten="265,255,235,235" oya="0" hai0="35,60,134,74,73,33,64,15,36,117,17,86,44" hai1="106,42,112,88,5,81,52,22,48,69,101,92,45" hai2="77,122,108,7,38,118,49,102,131,13,3,98,46" hai3="31,29,93,75,113,2,65,9,20,47,24,71,30"/><T12/><D117/><U128/><E69/><V58/><F122/><W97/><G75/><T55/><D134/><U11/><E128/><V6/><F131/><W56/><G113/><T120/><D120/><U21/><E112/><V40/><F118/><W27/><G71/><T121/><D121/><U8/><E106/><V10/><F108/><W119/><G119/><T115/><D115/><U99/><E42/><V105/><F77/><W123/><G123/><T85/><D73/><U104/><E11/><V89/><F3/><W19/><G47/><T79/><D74/><U80/><E104/><V87/><F58/><W0/><G9/><T54/><D15/><N who="1" m="5519" /><E101/><V91/><F91/><W16/><G27/><T114/><D114/><U37/><E37/><V68/><F68/><W125/><G19/><T127/><D127/><U25/><E21/><V34/><F34/><W62/><REACH who="3" step="1"/><G125/><REACH who="3" step="2"/><T14/><D44/><U1/><E1/><V41/><F38/><W39/><G39/><T4/><D17/><AGARI ba="1,2" hai="17,22,25,45,48,52,80,81,88,92,99" m="5519" machi="17" ten="30,8000,1" yaku="8,1,52,2,54,2" doraHai="76" who="1" fromWho="0" sc="265,-83,255,103,235,0,225,0" /><INIT seed="1,0,0,3,1,124" ten="182,358,235,225" oya="1" hai0="130,93,47,17,64,100,97,92,109,99,58,20,35" hai1="34,6,14,79,103,81,72,78,120,89,22,70,68" hai2="19,4,122,83,32,21,38,80,102,46,33,12,43" hai3="126,31,73,106,56,18,16,40,132,39,87,57,110"/><U128/><E120/><V37/><F122/><W0/><G73/><T9/><D35/><U66/><E34/><V28/><F102/><W127/><G106/><T98/><D109/><U59/><E103/><V91/><F38/><W115/><G115/><T108/><D108/><U134/><E78/><V104/><F104/><W30/><G110/><T1/><D47/><U52/><E134/><V51/><F37/><W88/><G0/><T45/><D45/><U94/><E66/><V112/><F112/><W42/><G39/><T125/><D125/><U23/><E23/><V44/><F44/><W76/><G76/><T67/><D130/><U48/><E128/><V123/><F123/><W55/><G87/><T105/><D105/><U7/><E7/><V61/><F61/><W119/><G55/><T3/><D99/><U114/><E114/><V11/><F28/><W129/><G129/><T65/><D58/><U71/><E6/><V131/><F131/><W121/><G121/><T82/><D82/><U113/><E113/><V29/><F29/><W117/><G132/><T54/><D54/><U133/><E133/><V96/><F83/><W2/><G2/><T75/><D75/><U85/><E71/><V62/><F62/><W49/><G49/><T95/><D9/><U24/><E24/><N who="2" m="14399" /><F80/><W135/><G135/><T50/><D50/><U41/><E41/><V5/><F5/><W25/><G25/><N who="0" m="14479" /><D100/><U60/><E60/><V77/><F77/><W111/><G111/><T116/><D116/><U63/><E63/><V36/><F36/><W69/><G69/><T90/><D90/><AGARI ba="0,0" hai="16,18,30,31,40,42,56,57,88,90,117,119,126,127" machi="90" ten="25,8000,1" yaku="6,1,22,2,54,2" doraHai="124" who="3" fromWho="0" sc="182,-80,358,0,235,0,225,80" /><INIT seed="2,0,0,0,1,21" ten="102,358,235,305" oya="2" hai0="0,40,7,116,122,133,75,48,60,103,33,13,37" hai1="94,106,90,118,134,2,42,57,100,68,97,81,50" hai2="17,98,19,80,45,74,77,132,39,107,49,38,129" hai3="28,53,85,124,58,44,105,113,65,89,71,11,27"/><V10/><F132/><W91/><G105/><T99/><D122/><U35/><E118/><V51/><F129/><W79/><G124/><T63/><D116/><U70/><E2/><V52/><F10/><W41/><G113/><T72/><D133/><U9/><E134/><V87/><F74/><W6/><G65/><T108/><D108/><U36/><E36/><V130/><F130/><W112/><G71/><T5/><D0/><U59/><E35/><V102/><F19/><W135/><G135/><T54/><D33/><U114/><E114/><V120/><F120/><W127/><G79/><T69/><D37/><U92/><E81/><V30/><F30/><W76/><G127/><T104/><D40/><U111/><E111/><V55/><REACH who="2" step="1"/><F17/><REACH who="2" step="2"/><W43/><G11/><T95/><D72/><U25/><E9/><V1/><F1/><W47/><G112/><T29/><D75/><U67/><E70/><V22/><F22/><W23/><G23/><T101/><D69/><U117/><E68/><V26/><F26/><W73/><G27/><T64/><D13/><U125/><E25/><V56/><AGARI ba="0,1" hai="38,39,45,49,51,52,55,56,77,80,87,98,102,107" machi="56" ten="20,7800,0" yaku="1,1,0,1,7,1,54,1,53,0" doraHai="21" doraHaiUra="86" who="2" fromWho="2" sc="102,-26,358,-26,225,88,305,-26" /><INIT seed="2,1,0,4,0,128" ten="76,332,313,279" oya="2" hai0="11,123,72,98,3,63,95,16,107,126,44,96,77" hai1="0,42,81,131,117,10,132,47,37,93,101,118,49" hai2="59,22,74,73,5,56,33,38,7,53,122,51,134" hai3="133,32,116,119,111,34,19,21,113,2,12,46,121"/><V85/><F33/><N who="3" m="12907" /><G46/><T68/><D123/><U54/><E131/><V64/><F38/><W57/><G57/><T115/><D115/><U20/><E81/><V108/><F122/><W45/><G45/><T130/><D130/><U103/><E20/><V43/><F85/><W24/><G121/><T88/><D126/><U124/><E124/><V55/><F43/><W105/><G105/><T100/><D44/><U50/><E37/><V102/><F102/><W114/><G111/><T17/><D72/><U18/><E101/><V84/><F84/><W35/><G2/><T91/><D77/><U106/><E106/><V14/><F64/><W41/><G41/><T28/><D28/><U15/><E0/><V70/><F70/><W39/><G39/><T89/><D3/><U80/><E80/><V30/><F108/><W83/><G83/><T48/><D48/><U71/><E71/><V13/><F22/><N who="3" m="11623" /><G133/><T36/><D36/><U31/><E132/><V112/><F112/><N who="3" m="43115" /><G35/><T6/><D6/><U4/><E4/><V82/><F82/><W125/><G125/><T110/><D110/><U94/><E94/><V92/><F92/><W25/><G25/><T109/><D109/><U78/><E93/><V104/><F104/><W27/><G27/><T29/><D29/><AGARI ba="1,0" hai="21,24,29,116,119" m="43115,11623,12907" machi="29" ten="30,3900,0" yaku="11,1,34,2" doraHai="128" who="3" fromWho="0" sc="76,-42,332,0,313,0,279,42" /><INIT seed="3,0,0,4,5,5" ten="34,332,313,321" oya="3" hai0="120,24,92,22,62,30,131,18,111,115,45,16,77" hai1="64,12,29,9,124,51,11,7,81,93,121,3,97" hai2="56,118,85,26,84,67,94,68,80,108,75,123,58" hai3="72,112,128,23,39,34,44,54,129,110,6,59,40"/><W125/><G112/><T96/><D111/><U132/><E121/><V35/><F118/><W28/><G34/><T13/><D120/><U43/><E132/><V135/><F123/><W10/><G72/><T71/><D131/><U46/><E124/><V95/><F68/><W48/><G125/><T86/><D115/><U109/><E109/><V113/><F113/><W47/><G47/><T116/><D116/><U98/><E64/><V105/><F105/><W15/><REACH who="3" step="1"/><G110/><REACH who="3" step="2"/><T2/><D45/><U61/><E46/><V38/><F108/><W27/><AGARI ba="0,1" hai="6,10,15,23,27,28,39,40,44,48,54,59,128,129" machi="27" ten="30,11700,0" yaku="1,1,2,1,0,1,52,1,53,0" doraHai="5" doraHaiUra="65" who="3" fromWho="3" sc="34,-39,332,-39,313,-39,311,127" owari="-5,-51.0,293,9.0,274,-13.0,438,55.0" /></mjloggm>