<mjloggm ver="2.3"><GO type="169" lobby="0"/><UN n0="%E3%83%9F%E3%83%A9%E3%82%AF%E3%83%AB%E3%81%8A%E3%81%98%E3%81%95%E3%82%93" n1="%EF%BC%88%E2%89%A7%E2%96%BD%E2%89%A6%EF%BC%89" n2="%EF%BC%BC%28%EF%BC%BE%6F%EF%BC%BE%29%EF%BC%8F%E2%98%85" n3="%68%69%67%68%31%35%31%35" dan="17,17,18,16" rate="2175.22,2184.90,2176.97,2080.41" sx="M,M,M,M"/><TAIKYOKU oya="0"/><INIT seed="0,0,0,4,5,124" ten="250,250,250,250" oya="0" hai0="121,133,110,78,44,99,129,72,43,65,67,19,60" hai1="8,109,62,10,106,94,135,15,35,4,111,66,16" hai2="125,98,41,107,22,12,123,120,75,113,26,30,59" hai3="71,14,50,49,48,80,3,20,45,68,93,32,79"/><T69/><D121/><U108/><E135/><V104/><F113/><W85/><G32/><T112/><D112/><U90/><E106/><V7/><F75/><W92/><G3/><T47/><D133/><U58/><E35/><V74/><F74/><W105/><G105/><T132/><D132/><U33/><E33/><V9/><F125/><W28/><G68/><T102/><D67/><U52/><E66/><V54/><F41/><N who="3" m="24623" /><G71/><T1/><D1/><U127/><E127/><V61/><REACH who="2" step="1"/><F107/><REACH who="2" ten="250,250,240,250" step="2"/><W55/><G55/><T97/><D72/><U57/><E57/><V46/><F46/><W118/><G118/><T39/><D47/><U116/><E116/><V34/><F34/><W27/><G14/><T84/><D44/><U18/><REACH who="1" step="1"/><E10/><REACH who="1" ten="250,240,240,250" step="2"/><V6/><F6/><W38/><G20/><T76/><D110/><U73/><E73/><V122/><F122/><W51/><G38/><T29/><D39/><U103/><E103/><AGARI ba="0,2" hai="7,9,12,22,26,30,54,59,61,98,103,104,120,123" machi="103" ten="40,1300,0" yaku="1,1,53,0" doraHai="124" doraHaiUra="91" who="2" fromWho="1" sc="250,0,240,-13,240,33,250,0" /><INIT seed="1,0,0,4,3,105" ten="250,227,273,250" oya="1" hai0="27,131,36,4,10,54,6,95,99,57,0,129,59" hai1="72,109,134,29,39,37,33,84,90,28,89,130,106" hai2="92,11,97,116,2,102,128,126,70,25,113,69,85" hai3="77,78,71,94,30,68,82,74,40,31,32,14,107"/><U121/><E121/><V66/><F116/><W8/><G107/><T135/><D36/><U13/><E106/><V61/><F126/><W53/><G40/><T62/><D135/><U96/><E134/><V48/><F128/><W123/><G123/><T80/><D6/><U18/><E130/><V98/><F113/><W65/><G78/><T119/><D119/><U132/><E132/><V24/><F70/><W81/><G81/><T79/><D59/><U12/><E72/><V86/><F98/><W117/><G117/><T133/><D27/><U20/><E109/><V34/><F48/><W19/><G32/><T122/><D133/><U38/><E33/><V104/><F92/><W100/><G53/><T73/><REACH who="0" step="1"/><D122/><REACH who="0" ten="240,227,273,250" step="2"/><U47/><E47/><V35/><F25/><W60/><REACH who="3" step="1"/><G71/><REACH who="3" ten="240,227,273,240" step="2"/><T120/><D120/><U16/><E39/><V46/><F35/><W7/><G7/><T43/><D43/><U49/><E38/><V88/><F34/><W111/><G111/><T75/><D75/><U56/><E37/><V115/><F69/><W110/><G110/><T108/><D108/><U83/><E56/><V67/><F46/><W21/><G21/><T3/><D3/><U41/><E41/><V17/><F2/><W64/><G64/><T42/><D42/><U23/><E49/><V63/><F66/><W114/><G114/><T5/><D5/><U52/><E52/><V112/><F67/><W91/><G91/><AGARI ba="0,2" hai="0,4,10,54,57,62,73,79,80,91,95,99,129,131" machi="91" ten="40,2600,0" yaku="1,1,52,1,53,0" doraHai="105" doraHaiUra="9" who="0" fromWho="3" sc="240,46,227,0,273,0,240,-26" /><INIT seed="2,0,0,1,1,13" ten="286,227,273,214" oya="2" hai0="12,83,35,135,17,91,117,27,108,123,76,98,28" hai1="0,36,58,92,3,121,62,73,103,99,97,55,122" hai2="6,84,2,115,63,8,44,1,4,94,22,50,128" hai3="82,23,32,77,34,59,11,26,109,51,9,29,67"/><V132/><F115/><W70/><G109/><T41/><D123/><N who="1" m="47115" /><E73/><V38/><F38/><W134/><G134/><T96/><D135/><U64/><E36/><V116/><F132/><W75/><G70/><T106/><D108/><U130/><E130/><V20/><F128/><W37/><G37/><T52/><D117/><U110/><E110/><V43/><F116/><W79/><G79/><T104/><D41/><U86/><E86/><V133/><F133/><W114/><G114/><T101/><D52/><U49/><E99/><V85/><F63/><W112/><G112/><T124/><D124/><U100/><E103/><V47/><F94/><W126/><G126/><T15/><D91/><U93/><E93/><V46/><F43/><W105/><G105/><T131/><D131/><U65/><E65/><V120/><F120/><W60/><REACH who="3" step="1"/><G51/><REACH who="3" ten="286,227,273,204" step="2"/><T53/><D106/><U24/><E24/><V113/><F50/><W40/><G40/><T54/><D27/><U42/><E42/><V119/><F113/><W80/><G80/><T89/><D83/><U5/><E5/><V31/><F119/><W19/><G19/><T69/><D17/><U88/><E100/><V30/><F4/><W25/><G25/><T81/><D101/><U39/><E39/><V107/><F107/><W111/><G111/><T102/><D102/><U129/><E129/><V78/><F78/><W45/><G45/><AGARI ba="0,1" hai="0,3,45,49,55,58,62,64,88,92,97" m="47115" machi="45" ten="30,2000,0" yaku="13,1,54,1" doraHai="13" who="1" fromWho="3" sc="286,0,227,30,273,0,204,-20" /><INIT seed="3,0,0,4,2,16" ten="286,257,273,184" oya="3" hai0="12,66,100,102,22,9,14,59,45,124,107,17,10" hai1="51,99,77,95,55,105,23,40,28,20,117,86,35" hai2="37,97,64,69,38,58,94,115,21,65,78,96,84" hai3="93,27,36,121,2,134,119,125,130,49,133,6,127"/><W83/><G119/><T31/><D124/><N who="3" m="47689" /><G121/><T113/><D107/><U75/><E117/><V88/><F115/><W101/><G36/><T80/><D113/><U7/><E75/><V104/><F69/><W71/><G71/><T87/><D45/><N who="1" m="26023" /><E35/><V90/><F78/><W63/><G63/><N who="0" m="38271" /><D31/><U108/><E105/><V60/><F65/><W3/><G83/><T4/><D10/><U81/><E108/><V72/><F72/><W128/><G49/><T126/><D126/><U11/><E28/><V74/><F74/><W19/><G19/><T8/><D9/><U132/><E132/><N who="3" m="50794" /><G27/><T0/><D0/><N who="3" m="41" /><G6/><T33/><D33/><U98/><E7/><V53/><F38/><W13/><G13/><T18/><D4/><U52/><E11/><V79/><F37/><W106/><G106/><T25/><D25/><U62/><E62/><V120/><F120/><W67/><G67/><T114/><D114/><U129/><E81/><N who="2" m="47167" /><F104/><W39/><G39/><T41/><D41/><U61/><E61/><V116/><F116/><W92/><G101/><T46/><D46/><U118/><E118/><V48/><F64/><W76/><G76/><AGARI ba="0,0" hai="8,12,14,17,18,22,76,80,87,100,102" m="38271" machi="76" ten="30,2000,0" yaku="8,1,52,1" doraHai="16" who="0" fromWho="3" sc="286,20,257,0,273,0,184,-20" /><INIT seed="4,0,0,0,0,25" ten="306,257,273,164" oya="0" hai0="115,87,64,114,130,118,108,129,99,133,46,74,92" hai1="77,127,40,73,41,76,22,13,28,121,43,119,12" hai2="33,36,56,6,17,18,49,9,65,105,51,37,116" hai3="84,29,54,34,63,53,113,81,5,134,117,68,125"/><T19/><D118/><U120/><E119/><V131/><F116/><W32/><G117/><RYUUKYOKU type="kaze4" ba="0,0" sc="306,0,257,0,273,0,164,0" /><INIT seed="4,1,0,3,0,12" ten="306,257,273,164" oya="0" hai0="32,28,10,126,60,86,61,130,44,108,132,21,17" hai1="125,64,50,109,122,76,2,31,5,63,56,39,8" hai2="135,11,30,51,91,42,98,62,35,48,134,34,100" hai3="118,81,77,29,52,55,78,131,53,84,90,83,22"/><T33/><D130/><U19/><E39/><V128/><F128/><W15/><G131/><T7/><D132/><N who="2" m="50730" /><F30/><W127/><G118/><T75/><D75/><U58/><E122/><V74/><F74/><W88/><G127/><T107/><D107/><U89/><E125/><V116/><F116/><W54/><G54/><T95/><D126/><U129/><E129/><V94/><F42/><W37/><G37/><T13/><D108/><U4/><E31/><V79/><F79/><W38/><G38/><T106/><D106/><U113/><E76/><V57/><F11/><W49/><G49/><N who="2" m="19017" /><F91/><W20/><G20/><T59/><D28/><U101/><E89/><V66/><AGARI ba="1,0" hai="34,35,57,62,66,94,98,100" m="19017,50730" machi="66" ten="30,1100,0" yaku="20,1" doraHai="12" who="2" fromWho="2" sc="306,-6,257,-4,273,14,164,-4" /><INIT seed="5,0,0,0,1,127" ten="300,253,287,160" oya="1" hai0="120,13,56,20,55,27,73,52,125,26,128,104,86" hai1="98,33,29,123,126,119,38,36,135,61,89,23,92" hai2="96,49,64,102,10,45,34,103,81,7,113,18,99" hai3="82,77,111,35,90,93,88,94,39,71,65,1,87"/><U115/><E123/><V44/><F113/><W129/><G39/><T28/><D73/><U14/><E119/><V51/><F34/><W72/><G1/><T54/><D104/><U74/><E74/><V0/><F64/><W6/><G6/><T42/><D125/><U101/><E126/><V57/><F57/><W105/><G35/><T121/><D42/><U112/><E33/><V110/><F110/><W17/><G17/><T109/><D109/><U117/><E117/><V100/><F81/><N who="3" m="45223" /><G65/><T8/><D27/><N who="1" m="16639" /><E14/><V66/><F66/><W21/><G21/><T131/><D86/><N who="1" m="52279" /><E61/><V95/><F18/><W133/><G71/><T107/><D107/><U48/><E48/><V132/><F132/><W41/><G41/><T30/><D56/><U59/><E59/><V43/><F96/><N who="3" m="57431" /><G111/><T15/><D30/><U83/><E135/><V67/><F67/><W118/><G133/><T85/><D85/><U22/><E22/><V25/><F25/><W80/><G118/><T58/><D58/><U68/><E68/><V37/><F37/><W63/><G63/><T122/><D15/><U62/><E62/><V47/><F47/><W2/><G2/><T24/><D26/><U116/><E116/><V31/><F31/><W108/><G108/><T3/><D3/><U106/><E36/><V19/><F19/><AGARI ba="0,0" hai="8,13,19,20,24,28,52,54,55,120,121,122,128,131" machi="19" ten="50,8000,1" yaku="13,1,52,2,54,1" doraHai="127" who="0" fromWho="2" sc="300,80,253,0,287,-80,160,0" /><INIT seed="6,0,0,1,1,125" ten="380,253,207,160" oya="2" hai0="73,15,38,47,100,25,28,7,16,75,88,45,55" hai1="49,27,78,30,37,76,123,124,2,46,91,120,129" hai2="127,117,102,17,109,20,115,68,36,54,95,44,131" hai3="22,132,34,6,98,101,0,66,92,19,31,53,56"/><V70/><F117/><W65/><G132/><T42/><D7/><U85/><E2/><V116/><F116/><W10/><G31/><T87/><D100/><U11/><E11/><V8/><F127/><W74/><G74/><T83/><D47/><U89/><E37/><V79/><F115/><W104/><G34/><T81/><D83/><N who="1" m="47351" /><E76/><V96/><F109/><W128/><G104/><T62/><D62/><U84/><E84/><V99/><F79/><W43/><G43/><T106/><D55/><N who="1" m="30135" /><E124/><V114/><F114/><W32/><G32/><T107/><D75/><U71/><E71/><V63/><F8/><W118/><G118/><T1/><D1/><U60/><E60/><V21/><F36/><W51/><REACH who="3" step="1"/><G128/><REACH who="3" ten="380,253,207,150" step="2"/><T112/><D73/><U23/><E129/><V113/><F131/><W59/><G59/><T33/><D112/><U58/><E58/><V57/><F113/><W93/><G93/><T9/><AGARI ba="0,1" hai="9,15,16,25,28,33,38,42,45,81,87,88,106,107" machi="9" ten="20,5200,0" yaku="0,1,7,1,54,2" doraHai="125" who="0" fromWho="0" sc="380,62,253,-13,207,-26,150,-13" /><INIT seed="7,0,0,4,4,113" ten="442,240,181,137" oya="3" hai0="98,99,110,75,127,131,77,86,73,55,96,23,39" hai1="106,90,76,101,64,2,104,102,17,117,114,122,0" hai2="65,89,33,31,47,38,34,54,67,28,4,11,105" hai3="14,108,112,132,91,121,84,116,125,111,123,22,61"/><W10/><G112/><T107/><D55/><U60/><E76/><V97/><F33/><W15/><G132/><T46/><D23/><U56/><E114/><V79/><F79/><W1/><G125/><T119/><D46/><U80/><E122/><N who="3" m="46602" /><G1/><T40/><D96/><U41/><E41/><V18/><F18/><N who="3" m="10591" /><G61/><T13/><D86/><N who="1" m="50503" /><E2/><V50/><F38/><W51/><G51/><T94/><D98/><U129/><E0/><V95/><F105/><W59/><G59/><T85/><D99/><U83/><E106/><V87/><F97/><W27/><G91/><T63/><D107/><U82/><E104/><V134/><F134/><W37/><G84/><T57/><D85/><U7/><E56/><V68/><F68/><W66/><G66/><N who="2" m="25097" /><F34/><W53/><G53/><T115/><D57/><U126/><E60/><V43/><F54/><W78/><G78/><T133/><D77/><U6/><E64/><V48/><F48/><W69/><G69/><T20/><D63/><U88/><E88/><V128/><F50/><W49/><G49/><T81/><D39/><U8/><E102/><V70/><F89/><W62/><G62/><T100/><D100/><U12/><E101/><V3/><F87/><W71/><G71/><T35/><D133/><U92/><E126/><V130/><F70/><W26/><G37/><T24/><D127/><U52/><E52/><V58/><F58/><W19/><G116/><T16/><D115/><U45/><E117/><V5/><F3/><W21/><G21/><T135/><D20/><N who="1" m="11303" /><E45/><V124/><F124/><W44/><G44/><T72/><D119/><RYUUKYOKU ba="0,0" sc="442,-10,240,-10,181,-10,137,30" hai3="10,14,19,26,27,108,111" /><INIT seed="7,1,0,5,2,90" ten="432,230,171,167" oya="3" hai0="58,19,81,82,1,49,114,77,98,14,38,106,73" hai1="17,31,15,50,79,87,4,134,93,133,112,70,40" hai2="75,0,80,85,46,86,36,23,9,54,89,11,68" hai3="127,130,71,42,95,64,43,39,102,45,63,101,12"/><W111/><G130/><T48/><D1/><U47/><E70/><V109/><F109/><W24/><G111/><T32/><D38/><U26/><E112/><V22/><F68/><W60/><G127/><T52/><D32/><U69/><E69/><V16/><F75/><W61/><G43/><T10/><D114/><U62/><E62/><V103/><F103/><W6/><G102/><T56/><D106/><U66/><E66/><V35/><F35/><W76/><G76/><T59/><D98/><U72/><E72/><V115/><F115/><W125/><G125/><T110/><D110/><U97/><E87/><V7/><F86/><W104/><G104/><T126/><D126/><U28/><E4/><V100/><F100/><W74/><G74/><T132/><D132/><N who="1" m="50795" /><E26/><V83/><F83/><W123/><G123/><T2/><D2/><U99/><E99/><V135/><F135/><W131/><G131/><T121/><D121/><U65/><E65/><V118/><F80/><W129/><G129/><T57/><REACH who="0" step="1"/><D82/><REACH who="0" ten="422,230,171,167" step="2"/><U37/><E37/><V44/><F36/><W21/><G101/><T67/><D67/><U27/><E97/><V91/><F0/><W94/><G60/><AGARI ba="1,1" hai="10,14,19,48,49,52,56,57,58,59,60,73,77,81" machi="60" ten="40,2600,0" yaku="1,1,54,1,53,0" doraHai="90" doraHaiUra="96" who="0" fromWho="3" sc="422,39,230,0,171,0,167,-29" owari="461,56.0,230,3.0,171,-23.0,138,-36.0" /></mjloggm>