<mjloggm ver="2.3"><GO type="169"/><UN n0="%EF%BC%88%E2%89%A7%E2%96%BD%E2%89%A6%EF%BC%89" n1="%E3%81%A7%E3%81%93%E3%81%98" n2="%E3%82%B6%E3%83%BC%E3%83%89" n3="%E3%81%93%E3%81%BE%E3%81%A3%E3%81%95%E3%82%93" dan="16,16,16,16" rate="2081,2120,2053,2109" sx="M,M,M,M"/><TAIKYOKU oya="0"/><INIT seed="0,0,0,1,5,58" ten="250,250,250,250" oya="0" hai0="57,23,34,134,40,106,25,55,125,7,130,56,110" hai1="82,31,93,10,5,129,84,81,66,127,104,13,64" hai2="96,50,45,120,95,115,108,114,90,27,109,119,14" hai3="135,98,63,61,62,60,99,85,24,94,65,26,111"/><T79/><D110/><N who="2" m="42602" /><F27/><W76/><G111/><T37/><D106/><U132/><E104/><V41/><F14/><W29/><G135/><T30/><D134/><U80/><E132/><V47/><F119/><W39/><G39/><T89/><D130/><U126/><E129/><V54/><F120/><W87/><G98/><T67/><D125/><N who="1" m="47627" /><E31/><V18/><F18/><W105/><G105/><T75/><D7/><U73/><E73/><V124/><F124/><W35/><G26/><T74/><D79/><U92/><E84/><V91/><F91/><W43/><G76/><T11/><D34/><U17/><E5/><V101/><F101/><W88/><REACH who="3" step="1"/><G43/><REACH who="3" ten="250,250,250,240" step="2"/><T102/><D40/><U107/><E107/><V0/><F0/><W4/><G4/><T83/><D37/><AGARI ba="0,1" hai="37,41,45,47,50,54,90,95,96,114,115" m="42602" machi="37" ten="30,1000,0" yaku="14,1" doraHai="58" who="2" fromWho="0" sc="250,-10,250,0,250,20,240,0" /><INIT seed="1,0,0,0,0,75" ten="240,250,270,240" oya="1" hai0="105,95,70,92,74,49,89,114,97,61,1,10,133" hai1="42,108,65,125,87,22,0,36,56,104,100,78,88" hai2="66,4,128,24,96,120,47,68,55,101,67,91,38" hai3="134,81,79,117,118,8,11,76,106,33,127,20,43"/><U52/><E0/><V25/><F120/><W13/><G33/><T40/><D114/><U115/><E115/><V60/><F128/><W41/><G106/><T17/><D133/><U28/><E125/><V16/><F4/><W94/><G81/><T113/><D113/><U103/><E65/><V15/><F91/><W59/><G94/><T46/><D74/><U123/><E123/><V116/><F116/><W27/><G59/><T6/><D105/><U129/><E129/><V23/><F67/><W73/><G73/><T131/><D131/><U7/><E7/><V86/><F86/><W69/><G69/><T132/><D132/><U111/><E104/><V14/><F14/><W53/><G53/><T29/><D29/><U37/><E78/><V112/><F112/><W82/><G82/><T80/><D17/><U51/><E28/><V5/><F5/><W130/><G134/><T102/><D80/><N who="1" m="49255" /><E22/><V12/><F24/><W77/><G130/><T64/><REACH who="0" step="1"/><D92/><REACH who="0" ten="230,250,270,240" step="2"/><U32/><E32/><V109/><F16/><N who="3" m="8231" /><G127/><T84/><D84/><U35/><E35/><V57/><F96/><W110/><G11/><T18/><D18/><U21/><E21/><V2/><F23/><W44/><G20/><T3/><D3/><U83/><E83/><V107/><F2/><W19/><G19/><T122/><D122/><U135/><E135/><V45/><F107/><W98/><G118/><T93/><D93/><U72/><E72/><V50/><F12/><W54/><G117/><T119/><D119/><U90/><E108/><V30/><F15/><W9/><G110/><T63/><D63/><RYUUKYOKU ba="0,1" sc="230,30,250,-10,270,-10,240,-10" hai0="1,6,10,40,46,49,61,64,70,89,95,97,102" /><INIT seed="2,1,1,1,4,90" ten="260,240,260,230" oya="2" hai0="25,38,12,79,8,18,36,94,133,118,23,83,102" hai1="74,45,98,66,120,49,70,132,68,2,59,130,40" hai2="119,10,43,27,64,30,76,6,54,116,72,41,88" hai3="52,44,135,21,55,81,48,33,129,100,22,122,67"/><V42/><F64/><W106/><G33/><T26/><D133/><U125/><E74/><V7/><F76/><W39/><G39/><T103/><D118/><U19/><E2/><V29/><F72/><W123/><G135/><T107/><D107/><U127/><E98/><V117/><F54/><W89/><G67/><T73/><D26/><U3/><E19/><V62/><F62/><W17/><G21/><T1/><D1/><U95/><E95/><V15/><F27/><W87/><G129/><T51/><D51/><U105/><E3/><V56/><F56/><W61/><G106/><T37/><REACH who="0" step="1"/><D94/><REACH who="0" ten="250,240,260,230" step="2"/><U121/><E105/><V60/><F60/><W14/><G61/><T71/><D71/><N who="1" m="27179" /><E132/><V0/><F0/><W85/><G14/><T47/><D47/><U11/><E130/><V96/><REACH who="2" step="1"/><F6/><AGARI ba="1,2" hai="6,8,12,18,23,25,36,37,38,73,79,83,102,103" machi="6" ten="40,2600,0" yaku="1,1,53,1" doraHai="90" doraHaiUra="20" who="0" fromWho="2" sc="250,49,240,0,260,-29,230,0" /><INIT seed="3,0,0,1,3,27" ten="299,240,231,230" oya="3" hai0="132,50,67,40,32,79,37,92,5,13,133,25,21" hai1="3,101,117,74,96,31,17,4,64,43,23,55,9" hai2="127,11,61,75,45,65,108,89,35,116,105,69,73" hai3="103,102,113,77,87,30,2,94,49,6,124,26,33"/><W91/><G113/><T99/><D37/><U125/><E74/><V44/><F116/><W122/><G122/><T130/><D130/><U123/><E123/><V106/><F108/><W15/><G124/><T22/><D79/><U86/><E125/><V54/><F127/><W93/><G77/><T121/><D121/><U82/><E117/><V48/><F44/><W68/><G68/><T84/><D84/><U78/><E43/><V1/><F35/><W16/><G94/><T72/><D72/><U118/><E118/><V39/><F75/><W36/><G36/><T28/><D67/><U129/><E129/><V60/><F73/><W128/><G128/><T18/><D5/><U7/><E64/><V115/><F115/><W47/><G6/><T111/><D111/><U24/><E55/><V0/><F89/><W66/><G2/><T90/><REACH who="0" step="1"/><D21/><REACH who="0" ten="289,240,231,230" step="2"/><U120/><E120/><V97/><F97/><W38/><G66/><T52/><D52/><U83/><E7/><V46/><F11/><W70/><G38/><T76/><D76/><U34/><E78/><V81/><F39/><W109/><G109/><T95/><D95/><U131/><E86/><V12/><F106/><W114/><G114/><T71/><D71/><U88/><E131/><V126/><F105/><W63/><G70/><T59/><D59/><U104/><REACH who="1" step="1"/><E88/><REACH who="1" ten="289,230,231,230" step="2"/><V29/><F126/><W57/><G91/><T85/><D85/><U62/><E62/><V110/><F60/><W10/><G87/><T134/><D134/><U56/><E56/><V80/><F110/><W42/><G93/><T112/><D112/><RYUUKYOKU ba="0,2" sc="289,10,230,10,231,-30,230,10" hai0="13,18,22,25,28,32,40,50,90,92,99,132,133" hai1="3,4,9,17,23,24,31,34,82,83,96,101,104" hai3="10,15,16,26,30,33,42,47,49,57,63,102,103" /><INIT seed="3,1,2,0,4,3" ten="299,240,201,240" oya="3" hai0="118,79,5,70,81,49,78,65,18,69,23,43,55" hai1="71,60,12,119,6,63,38,87,122,53,89,106,117" hai2="120,123,132,17,112,101,121,54,27,111,29,92,31" hai3="7,26,95,35,129,58,108,50,33,57,91,133,30"/><W103/><G103/><T134/><D118/><U99/><E122/><V15/><F112/><W16/><G35/><T52/><D134/><U41/><E41/><V21/><F54/><W83/><G83/><T90/><D65/><U96/><E38/><V42/><F42/><W22/><G133/><T66/><D66/><N who="1" m="41415" /><E106/><V61/><F61/><W124/><G129/><T10/><D70/><U2/><E2/><V39/><F39/><W104/><G104/><T56/><D69/><U80/><E53/><V85/><F132/><W73/><G73/><T64/><D64/><U45/><E45/><V98/><F111/><W62/><G50/><T82/><D43/><U102/><E102/><V97/><F97/><W51/><G51/><T109/><D55/><U11/><E63/><V128/><F128/><W37/><G37/><T88/><D109/><U34/><E34/><V44/><F44/><W93/><G108/><T77/><D81/><U20/><E20/><N who="2" m="15591" /><F31/><W68/><G68/><T25/><REACH who="0" step="1"/><D82/><REACH who="0" ten="289,240,201,240" step="2"/><U46/><E46/><V76/><F76/><W115/><G58/><T24/><D24/><U84/><E80/><V59/><F59/><W4/><G57/><T74/><D74/><U125/><E117/><V8/><F85/><W105/><G26/><T100/><D100/><U130/><E130/><V9/><AGARI ba="1,3" hai="8,9,15,17,21,92,98,101,120,121,123" m="15591" machi="9" ten="40,1500,0" yaku="13,1" doraHai="3" who="2" fromWho="2" sc="289,-5,240,-5,201,48,240,-8" /><INIT seed="4,0,0,2,0,31" ten="284,235,249,232" oya="0" hai0="58,125,120,61,53,62,97,121,130,67,26,105,49" hai1="69,109,72,79,9,115,113,10,7,93,74,133,86" hai2="128,1,127,25,91,44,88,106,101,30,23,60,96" hai3="112,5,84,29,36,37,4,56,85,39,87,15,126"/><T20/><D125/><U122/><E122/><V81/><F127/><W59/><G126/><T117/><D117/><U124/><E124/><V77/><F1/><W41/><G41/><T92/><D130/><U2/><E109/><V48/><F128/><W82/><G82/><T102/><D105/><U80/><E69/><V12/><F12/><W11/><G112/><N who="1" m="43082" /><E133/><V123/><F60/><W63/><G29/><T107/><D107/><U13/><E93/><V17/><F17/><AGARI ba="0,0" hai="2,7,9,10,13,17,72,74,79,80,86" m="43082" machi="17" ten="30,2000,0" yaku="15,1,11,1" doraHai="31" who="1" fromWho="2" sc="284,0,235,20,249,-20,232,0" /><INIT seed="5,0,0,0,4,92" ten="284,255,229,232" oya="1" hai0="126,42,122,12,112,40,96,125,73,14,81,18,103" hai1="55,8,102,7,110,60,133,119,123,17,29,105,121" hai2="62,37,82,107,83,90,33,44,84,132,58,6,68" hai3="9,32,100,75,21,49,24,23,120,28,41,26,20"/><U1/><E119/><V34/><F132/><W22/><G75/><T88/><D112/><U98/><E133/><V99/><F68/><W93/><G120/><T95/><D122/><U61/><E110/><V43/><F6/><W63/><G63/><T19/><D12/><U31/><E17/><V114/><F114/><W108/><G108/><T10/><D19/><U5/><E5/><V118/><F118/><W48/><G9/><T111/><D111/><U117/><E117/><V0/><F0/><W15/><G15/><T104/><D81/><U115/><E115/><V71/><F71/><W127/><G41/><T131/><D73/><U87/><E87/><V30/><F30/><W89/><G100/><T35/><D35/><U53/><E121/><V4/><F4/><W52/><G127/><N who="0" m="48651" /><D131/><U80/><E123/><V2/><F2/><W128/><G128/><T38/><D38/><U79/><E60/><V77/><F107/><W27/><N who="3" m="5632" /><DORA hai="94" /><W109/><G109/><T36/><D36/><U47/><E55/><V25/><F25/><W64/><G49/><T57/><D57/><U39/><E61/><V46/><F46/><W3/><G3/><T13/><D14/><U50/><E39/><V134/><F134/><W67/><G32/><T106/><D106/><U86/><AGARI ba="0,0" hai="1,7,8,29,31,47,50,53,79,80,86,98,102,105" machi="86" ten="20,7800,0" yaku="0,1,7,1,52,2" doraHai="92,94" who="1" fromWho="1" sc="284,-26,255,78,229,-26,232,-26" /><INIT seed="5,1,0,3,2,104" ten="258,333,203,206" oya="1" hai0="21,64,89,6,52,90,45,135,16,122,14,81,60" hai1="96,84,13,2,0,132,46,36,75,100,73,98,1" hai2="30,3,9,88,109,8,107,108,82,53,124,103,130" hai3="115,7,4,67,120,127,28,102,25,31,71,55,117"/><U105/><E132/><V85/><F130/><W77/><G31/><T54/><D135/><U42/><E13/><V61/><F124/><W18/><G18/><T5/><D122/><U133/><E133/><V62/><F30/><W114/><G120/><T10/><D5/><U39/><E84/><V33/><F33/><W92/><G77/><T69/><D81/><U17/><E17/><V74/><F74/><N who="1" m="28169" /><E96/><V70/><F61/><W87/><G117/><T29/><D29/><U56/><E56/><V50/><F62/><W101/><G67/><T129/><D45/><U38/><AGARI ba="1,0" hai="0,1,2,36,38,39,42,46,98,100,105" m="28169" machi="38" ten="40,12000,1" yaku="33,2,52,3" doraHai="104" who="1" fromWho="1" sc="258,-41,333,123,203,-41,206,-41" /><INIT seed="5,2,0,4,4,124" ten="217,456,162,165" oya="1" hai0="97,3,106,48,109,47,69,70,27,116,0,104,25" hai1="8,59,57,93,11,131,74,29,81,105,108,5,15" hai2="39,1,101,49,125,102,129,133,80,30,96,71,79" hai3="14,19,134,21,103,12,120,23,82,36,95,111,121"/><U126/><E105/><V123/><F30/><W84/><G36/><T60/><D116/><U135/><E126/><V6/><F49/><W42/><G111/><T22/><D109/><U94/><E108/><V33/><F6/><W92/><G42/><T2/><D27/><U9/><E135/><V18/><F18/><W119/><G119/><T38/><D38/><U88/><E29/><V91/><F91/><W67/><G67/><T90/><D106/><U17/><E74/><V100/><F100/><W65/><G65/><T35/><D35/><U66/><E131/><V4/><F101/><W10/><G134/><T122/><D60/><N who="1" m="38159" /><E59/><V52/><F102/><W24/><G103/><T41/><D104/><U87/><E5/><V117/><F4/><N who="3" m="3143" /><G121/><T64/><D64/><U85/><E85/><V132/><F96/><W7/><G7/><T13/><D122/><U83/><E94/><V128/><F128/><W107/><G107/><T99/><D99/><U89/><E81/><V72/><F129/><W76/><G120/><T110/><D110/><U86/><AGARI ba="2,0" hai="8,9,11,15,17,83,86,87,88,89,93" m="38159" machi="86" ten="30,3000,0" yaku="8,1,54,1" doraHai="124" who="1" fromWho="1" sc="217,-12,456,36,162,-12,165,-12" /><INIT seed="5,3,0,2,5,45" ten="205,492,150,153" oya="1" hai0="103,93,126,125,59,85,90,4,44,52,39,67,111" hai1="18,104,135,47,117,1,8,127,77,70,17,55,23" hai2="58,50,78,118,96,16,71,105,56,32,95,94,24" hai3="74,66,60,5,7,76,84,87,26,133,12,129,48"/><U63/><E117/><V79/><F118/><W33/><G74/><T65/><D111/><U128/><E104/><V131/><F71/><W29/><G133/><T113/><D113/><U22/><E135/><V83/><F131/><W6/><G129/><T73/><D73/><U36/><E128/><V72/><F105/><W54/><G12/><T14/><D103/><U25/><E127/><N who="0" m="48649" /><D39/><U31/><E77/><V106/><F106/><W15/><G15/><T115/><D44/><U2/><E8/><V41/><F79/><W68/><REACH who="3" step="1"/><G76/><REACH who="3" ten="205,492,150,143" step="2"/><T97/><D115/><U112/><E112/><V37/><F78/><W75/><G75/><T19/><D4/><U102/><E1/><V30/><F72/><W40/><G40/><T0/><D0/><U89/><E2/><V124/><F41/><W9/><G9/><N who="0" m="6607" /><D97/><U123/><E25/><V120/><F96/><W82/><G82/><T92/><D93/><U99/><E99/><V110/><F83/><W61/><G61/><AGARI ba="3,1" hai="52,59,61,65,67,85,90,92" m="6607,48649" machi="61" ten="30,2000,0" yaku="18,1,54,1" doraHai="45" who="0" fromWho="3" sc="205,39,492,0,150,0,143,-29" /><INIT seed="6,0,0,4,2,63" ten="244,492,150,114" oya="2" hai0="46,51,64,119,8,47,15,25,127,37,130,129,73" hai1="50,53,97,21,59,56,32,91,86,55,57,77,72" hai2="62,5,74,43,96,48,123,7,10,93,121,103,14" hai3="92,116,101,39,18,28,131,135,88,4,38,102,105"/><V6/><F74/><W68/><G68/><T79/><D119/><U61/><E32/><V11/><F62/><W118/><G4/><T40/><D127/><U44/><E21/><V80/><F80/><W35/><G18/><T13/><D25/><U29/><E29/><V95/><F7/><W19/><G19/><T106/><D106/><U115/><E115/><V45/><REACH who="2" step="1"/><F95/><REACH who="2" ten="244,492,140,114" step="2"/><W71/><G118/><T108/><D73/><U111/><E72/><V54/><F54/><W16/><G116/><T26/><D130/><U41/><E55/><V87/><F87/><W2/><G131/><T83/><D129/><U0/><E61/><V52/><F52/><W104/><G92/><T78/><D83/><U1/><E53/><V66/><F66/><W109/><G105/><T82/><D64/><U120/><E86/><V128/><F128/><W81/><G104/><T36/><D82/><U94/><E94/><V12/><AGARI ba="0,1" hai="5,6,10,11,12,14,43,45,48,93,96,103,121,123" machi="12" ten="20,7800,0" yaku="1,1,0,1,7,1,9,1,53,0" doraHai="63" doraHaiUra="133" who="2" fromWho="2" sc="244,-26,492,-26,140,88,114,-26" /><INIT seed="6,1,0,1,4,8" ten="218,466,228,88" oya="2" hai0="99,18,119,89,5,41,35,102,71,125,45,78,105" hai1="96,76,60,19,73,132,54,47,95,34,26,75,74" hai2="113,100,0,101,66,109,81,117,92,67,24,1,55" hai3="59,85,91,12,3,98,48,107,90,56,9,42,131"/><V7/><F117/><W116/><G3/><T86/><D119/><U57/><E132/><V106/><F109/><W104/><G116/><T6/><D35/><U2/><E2/><V134/><F134/><W50/><G131/><T38/><D125/><U61/><E47/><V40/><F113/><W108/><G108/><T11/><D71/><U4/><E4/><V122/><F40/><W129/><G129/><T79/><D18/><U115/><E115/><V111/><F111/><W97/><G42/><T37/><D37/><U14/><E76/><V68/><F122/><W114/><G114/><T29/><D29/><U72/><E72/><V33/><F55/><W124/><G9/><T130/><D5/><U44/><E44/><V36/><F36/><W127/><REACH who="3" step="1"/><G85/><REACH who="3" ten="218,466,228,78" step="2"/><T58/><D130/><U62/><E73/><V70/><F0/><W83/><G83/><T15/><D58/><U53/><E74/><V121/><F1/><W16/><G16/><T64/><D41/><U82/><E75/><V123/><F70/><W39/><G39/><T20/><D38/><U126/><E82/><V128/><F68/><W30/><G30/><T21/><D11/><U22/><E57/><V27/><F128/><W46/><G46/><T17/><D45/><U49/><E19/><V133/><F123/><W23/><G23/><T10/><D21/><U25/><E22/><V65/><F121/><W43/><G43/><T135/><D135/><U13/><E126/><V69/><F133/><W94/><G94/><T87/><D86/><U32/><E95/><V80/><F69/><W52/><G52/><RYUUKYOKU ba="1,1" sc="218,-10,466,-10,228,-10,78,30" hai3="12,48,50,56,59,90,91,97,98,104,107,124,127" /><INIT seed="7,2,1,5,2,96" ten="208,456,218,108" oya="3" hai0="67,36,26,8,124,107,125,31,126,108,39,49,130" hai1="59,57,103,65,60,56,77,83,93,14,53,79,2" hai2="123,113,29,84,9,48,6,52,94,69,92,33,122" hai3="87,63,10,98,118,80,86,51,18,50,43,102,135"/><W95/><G118/><T17/><D108/><U104/><E2/><V20/><F69/><W111/><G111/><T47/><D130/><U89/><E104/><V11/><F33/><W91/><G135/><T54/><D107/><U32/><E32/><V100/><F113/><W15/><G43/><T127/><D127/><U24/><E24/><N who="2" m="16519" /><F100/><W61/><G87/><T114/><D114/><U129/><E129/><V62/><F62/><AGARI ba="2,1" hai="10,15,18,50,51,61,62,63,80,86,91,95,98,102" machi="62" ten="40,3900,0" yaku="8,1,52,1" doraHai="96" who="3" fromWho="2" sc="208,0,456,0,218,-45,108,55" /><INIT seed="7,3,0,5,5,20" ten="208,456,173,163" oya="3" hai0="130,11,63,91,64,76,125,5,84,36,99,14,104" hai1="65,106,132,134,56,79,45,57,80,15,61,32,34" hai2="107,23,133,114,26,77,3,4,94,127,88,8,40" hai3="73,72,109,113,60,112,53,37,30,33,128,7,120"/><W96/><G37/><T83/><D36/><U66/><E106/><V98/><F114/><N who="3" m="44139" /><G120/><T74/><D130/><U58/><E45/><V35/><F133/><N who="1" m="51305" /><E15/><V123/><F127/><W117/><G117/><T25/><D125/><U6/><E6/><V111/><F123/><W52/><G128/><T92/><D25/><U97/><E97/><V118/><F111/><W59/><G109/><T39/><D39/><U1/><E1/><V129/><F118/><W124/><G124/><T81/><D104/><U119/><E119/><V131/><F107/><W42/><G42/><T108/><D108/><U115/><E115/><V46/><F35/><N who="1" m="13353" /><E66/><V75/><F129/><W10/><G96/><T100/><D64/><U44/><E44/><V31/><F131/><W78/><G53/><T22/><D99/><U19/><E19/><V12/><F3/><N who="3" m="383" /><G78/><T87/><D100/><U51/><E51/><N who="2" m="27079" /><F75/><AGARI ba="3,0" hai="56,57,58,61,65,75,79,80" m="13353,51305" machi="75" ten="30,1000,0" yaku="20,1" doraHai="20" who="1" fromWho="2" sc="208,0,456,19,173,-19,163,0" owari="208,1.0,475,58.0,154,-35.0,163,-24.0" /></mjloggm>