<mjloggm ver="2.3"><GO type="41"/><UN n0="%E3%82%A6%E3%83%AB%E3%83%88%E3%83%A9%E7%AB%8B%E7%9B%B4" n1="%E3%83%89%E3%83%A9%E3%81%AE%E3%82%93%E3%81%AD%E3%81%87%EF%BD%9E" n2="%74%2E%6D%69%6B%65" n3="%E4%B8%89%E9%8A%80%E6%98%9F" dan="15,14,13,13" rate="1967,1905,1831,1806" sx="M,M,M,M"/><TAIKYOKU oya="0"/><INIT seed="0,0,0,0,4,103" ten="250,250,250,250" oya="0" hai0="55,76,83,16,127,58,133,27,95,52,4,11,14" hai1="18,62,115,85,91,61,110,74,88,42,25,54,134" hai2="101,135,19,93,12,35,102,30,116,97,43,38,96" hai3="129,109,130,33,92,80,78,124,15,37,98,22,29"/><T81/><D127/><U13/><E115/><V41/><F135/><W17/><G124/><T68/><D68/><U24/><E74/><V87/><F38/><W89/><G37/><T108/><D133/><U10/><E134/><V94/><F30/><W126/><G126/><T50/><D108/><U2/><E110/><V77/><F35/><W21/><G109/><T111/><D111/><U73/><E2/><V34/><F34/><W106/><G33/><T105/><D105/><U66/><E73/><V59/><F59/><W63/><G63/><T39/><D39/><U113/><E42/><V114/><F114/><W72/><G29/><T123/><D123/><U120/><E120/><V28/><F28/><W53/><G53/><T51/><D95/><U71/><E113/><V121/><F121/><W100/><REACH who="3" step="1"/><G22/><REACH who="3" ten="250,250,250,240" step="2"/><N who="0" m="13767" /><D76/><U47/><E62/><V119/><F116/><W118/><G118/><T82/><D55/><U32/><E32/><V36/><F119/><W122/><G122/><T99/><D99/><AGARI ba="0,1" hai="15,17,21,72,78,80,89,92,98,99,100,106,129,130" machi="99" ten="40,2600,0" yaku="1,1,52,1,53,0" doraHai="103" doraHaiUra="44" who="3" fromWho="0" sc="250,-26,250,0,250,0,240,36" /><INIT seed="1,0,0,5,1,84" ten="224,250,250,276" oya="1" hai0="1,56,76,51,110,114,87,53,96,78,67,49,57" hai1="81,30,35,86,97,69,115,65,118,0,119,5,48" hai2="39,2,93,102,74,100,130,125,19,90,14,113,116" hai3="73,68,112,10,47,37,99,54,77,36,89,129,61"/><U55/><E115/><V98/><F116/><W12/><G112/><T126/><D1/><U60/><E0/><V82/><F113/><W92/><G73/><T6/><D114/><U59/><E5/><V52/><F39/><W42/><G77/><T108/><D6/><U9/><E97/><V106/><F2/><W29/><G29/><T83/><D126/><U11/><E119/><V135/><F125/><W34/><G34/><T75/><D96/><U25/><REACH who="1" step="1"/><E118/><REACH who="1" ten="224,240,250,276" step="2"/><V101/><F106/><W3/><G3/><T16/><D75/><U70/><E70/><V123/><F123/><W26/><G68/><T4/><D4/><U24/><E24/><V88/><F135/><W31/><G26/><T107/><D107/><U122/><E122/><V120/><F120/><W133/><G133/><T131/><D87/><U103/><E103/><N who="2" m="60879" /><F74/><W121/><G121/><T44/><D78/><AGARI ba="0,1" hai="9,11,25,30,35,48,55,59,60,65,69,78,81,86" machi="78" ten="30,2900,0" yaku="1,1,7,1,53,0" doraHai="84" doraHaiUra="32" who="1" fromWho="0" sc="224,-29,240,39,250,0,276,0" /><INIT seed="1,1,0,4,5,104" ten="195,279,250,276" oya="1" hai0="14,29,67,8,115,84,25,6,57,107,94,89,124" hai1="133,72,52,60,111,65,59,24,54,122,112,19,110" hai2="56,121,91,75,69,5,12,79,99,49,51,28,16" hai3="47,102,48,62,117,27,129,127,126,30,32,134,125"/><U77/><E122/><V88/><F69/><W76/><G134/><T130/><D107/><U33/><E112/><V13/><F28/><W123/><G123/><T71/><D71/><U34/><E133/><V53/><F121/><W43/><G102/><T70/><D70/><U35/><E24/><V128/><F128/><W36/><G129/><T45/><D130/><U68/><E19/><V101/><F13/><W80/><G62/><T7/><D115/><U1/><E1/><V109/><F5/><W83/><G83/><T113/><D113/><U114/><E114/><V44/><F109/><N who="1" m="41481" /><E68/><V78/><F75/><N who="3" m="43039" /><G48/><T135/><D135/><U85/><E85/><V26/><F26/><W118/><AGARI ba="1,0" hai="27,30,32,36,43,47,117,118,125,126,127" m="43039" machi="118" ten="40,5200,0" yaku="18,1,23,1,52,1" doraHai="104" who="3" fromWho="3" sc="195,-14,279,-27,250,-14,276,55" /><INIT seed="2,0,0,1,4,87" ten="181,252,236,331" oya="2" hai0="123,40,122,125,48,2,61,103,31,85,33,67,22" hai1="76,34,77,72,100,8,91,14,63,130,109,79,131" hai2="75,51,53,5,128,88,52,113,54,108,37,49,121" hai3="45,21,6,16,115,12,126,56,105,65,124,57,98"/><V32/><F121/><W102/><G115/><T13/><D2/><U94/><E34/><V74/><F113/><W18/><G6/><T106/><D123/><U104/><E63/><V58/><F32/><W110/><G110/><T20/><D122/><U27/><E27/><V112/><F112/><W95/><G65/><T50/><D125/><N who="3" m="48233" /><G105/><T73/><D73/><U82/><E14/><V117/><F117/><W60/><G60/><T28/><D13/><U19/><E19/><V70/><F70/><W135/><G135/><T99/><D31/><U101/><E8/><V1/><F37/><W118/><G118/><T11/><D11/><U86/><E109/><V43/><F108/><W71/><G71/><T129/><D48/><U7/><E7/><V83/><F5/><W133/><G133/><T35/><D35/><U92/><E104/><V29/><F1/><W4/><G4/><T78/><D50/><U132/><E132/><V81/><F75/><W25/><G45/><T127/><D40/><U68/><E68/><V17/><F74/><W89/><G102/><N who="1" m="39530" /><E72/><V0/><F0/><W23/><AGARI ba="0,0" hai="12,16,18,21,23,25,56,57,89,95,98" m="48233" machi="23" ten="30,4000,0" yaku="18,1,52,1,54,1" doraHai="87" who="3" fromWho="3" sc="181,-10,252,-10,236,-20,331,40" /><INIT seed="3,0,0,4,3,18" ten="171,242,216,371" oya="3" hai0="57,34,100,1,107,46,83,33,67,13,54,117,30" hai1="114,8,42,10,111,96,21,125,44,52,14,70,35" hai2="95,121,7,87,66,89,29,4,31,122,77,135,24" hai3="81,104,36,45,88,49,76,41,110,72,61,28,25"/><W64/><G104/><T124/><D1/><U32/><E70/><V37/><F37/><W109/><G36/><T98/><D34/><U2/><E114/><V105/><F31/><W112/><G112/><T47/><D117/><U90/><E111/><N who="3" m="42506" /><G61/><T130/><D130/><U73/><E35/><V15/><F105/><W129/><G129/><T60/><D124/><U86/><E32/><V82/><F66/><W71/><G71/><T11/><D83/><U69/><E2/><V127/><F127/><W97/><G64/><T19/><D33/><U74/><E74/><V75/><F135/><W91/><G97/><T40/><D30/><U48/><E73/><V6/><F15/><W59/><G59/><T102/><D102/><U108/><E69/><V23/><AGARI ba="0,0" hai="4,6,7,23,24,29,75,77,82,87,89,95,121,122" machi="23" ten="30,2000,0" yaku="0,1,52,1" doraHai="18" who="2" fromWho="2" sc="171,-5,242,-5,216,20,371,-10" /><INIT seed="4,0,0,1,0,112" ten="166,237,236,361" oya="0" hai0="106,110,79,84,62,22,134,87,95,131,40,126,81" hai1="43,36,11,74,113,70,59,63,42,28,9,53,52" hai2="3,30,71,120,12,119,90,85,86,21,97,125,130" hai3="49,58,73,129,54,115,23,5,103,101,94,2,29"/><T32/><D32/><U135/><E74/><V8/><F120/><W60/><G115/><T14/><D106/><U69/><E113/><V47/><F71/><N who="1" m="27145" /><E28/><V1/><F97/><W122/><G73/><T82/><D110/><U133/><E9/><V116/><F86/><W38/><G38/><T45/><D126/><U44/><E11/><V100/><F100/><W123/><G5/><T55/><D95/><U33/><E33/><V7/><F125/><W24/><G2/><T6/><D131/><U10/><E10/><V118/><F130/><W105/><G105/><T91/><D134/><N who="1" m="51211" /><E42/><V16/><F47/><N who="3" m="27967" /><G129/><T132/><D132/><U51/><E53/><V0/><REACH who="2" step="1"/><F30/><REACH who="2" ten="166,237,226,361" step="2"/><W128/><G128/><T68/><D68/><U75/><E75/><V93/><AGARI ba="0,1" hai="0,1,3,7,8,12,16,21,85,90,93,116,118,119" machi="93" ten="30,16000,3" yaku="1,1,2,1,0,1,12,1,52,3,54,1,53,0" doraHai="112" doraHaiUra="66" who="2" fromWho="2" sc="166,-80,237,-40,226,170,361,-40" /><INIT seed="5,0,0,0,0,6" ten="86,197,396,321" oya="1" hai0="109,41,16,121,98,72,102,92,125,116,69,81,113" hai1="15,131,128,84,132,10,96,107,60,34,31,30,97" hai2="67,123,22,17,11,27,24,52,62,14,0,1,43" hai3="124,40,33,13,2,78,110,122,115,90,76,20,73"/><U114/><E107/><V56/><F123/><W63/><G122/><T135/><D41/><U32/><E114/><V93/><F27/><W89/><G110/><T94/><D69/><U53/><E132/><V68/><F43/><W37/><G2/><T44/><D121/><U28/><E84/><V106/><F93/><W38/><G33/><N who="1" m="12906" /><E60/><V65/><F106/><W45/><G37/><T19/><D113/><U29/><E53/><V104/><F104/><W126/><G115/><T48/><D109/><U51/><E51/><V49/><REACH who="2" step="1"/><F65/><REACH who="2" ten="86,197,386,321" step="2"/><W130/><G130/><N who="1" m="49706" /><E31/><AGARI ba="0,1" hai="0,1,11,14,17,22,24,31,49,52,56,62,67,68" machi="31" ten="30,7700,0" yaku="1,1,7,1,52,1,54,1,53,0" doraHai="6" doraHaiUra="3" who="2" fromWho="1" sc="86,0,197,-77,386,87,321,0" /><INIT seed="6,0,0,0,1,83" ten="86,120,473,321" oya="2" hai0="92,91,48,84,93,122,110,50,88,123,21,112,36" hai1="10,77,55,3,0,104,119,78,40,56,39,107,130" hai2="132,105,58,73,103,34,26,29,98,20,135,47,111" hai3="124,127,65,14,61,24,19,52,81,41,60,94,69"/><V116/><F116/><W90/><G41/><T87/><D36/><U1/><E119/><V134/><F111/><W120/><G120/><T128/><D110/><U121/><E130/><V27/><F73/><W11/><G24/><T89/><D128/><U117/><E39/><V54/><F47/><W82/><G127/><T5/><D5/><U30/><E40/><V68/><F68/><W37/><G37/><T75/><D75/><U115/><E117/><V6/><F6/><W113/><G113/><T43/><D43/><U71/><E10/><V15/><F15/><W79/><G79/><T44/><D44/><U102/><E30/><V49/><REACH who="2" step="1"/><F27/><REACH who="2" ten="86,120,463,321" step="2"/><W108/><G108/><T96/><D122/><U2/><E121/><V23/><AGARI ba="0,1" hai="20,23,26,29,34,49,54,58,98,103,105,132,134,135" machi="23" ten="40,18000,2" yaku="1,1,2,1,0,1,20,1,53,3" doraHai="83" doraHaiUra="131" who="2" fromWho="2" sc="86,-60,120,-60,463,190,321,-60" /><INIT seed="6,1,0,4,0,81" ten="26,60,653,261" oya="2" hai0="26,6,82,94,119,74,131,5,16,80,67,35,88" hai1="52,86,124,36,61,75,98,120,133,39,43,33,11" hai2="45,129,48,59,34,68,46,135,103,123,37,19,66" hai3="83,42,78,114,41,22,69,1,53,64,97,104,105"/><V44/><F34/><W84/><G1/><T72/><D35/><U73/><E86/><V54/><F103/><W125/><G125/><T128/><D67/><U27/><E98/><V93/><F93/><W109/><G109/><T40/><D40/><U100/><E100/><V57/><F19/><W2/><G2/><T38/><D38/><U25/><E11/><V121/><F135/><W47/><G97/><T29/><D29/><U50/><E33/><V12/><F12/><W7/><G7/><T111/><D111/><U116/><E25/><V77/><F77/><W15/><G42/><T51/><D51/><U115/><E27/><V9/><F9/><W99/><G99/><T108/><D108/><U14/><E14/><V71/><F37/><W85/><G53/><T49/><D49/><U112/><E36/><V106/><F106/><W102/><G102/><T32/><D32/><U8/><E39/><V24/><F24/><W91/><G64/><T28/><D28/><U89/><E8/><V118/><F118/><W63/><G63/><T18/><D26/><U55/><E61/><N who="2" m="38191" /><F129/><W0/><G69/><AGARI ba="1,0" hai="44,45,46,48,54,59,68,69,71,121,123" m="38191" machi="69" ten="30,2900,0" yaku="34,2" doraHai="81" who="2" fromWho="3" sc="26,0,60,0,653,32,261,-32" /><INIT seed="6,2,0,4,2,97" ten="26,60,685,229" oya="2" hai0="42,48,41,31,100,95,29,34,40,82,56,15,43" hai1="103,122,68,51,126,4,50,14,109,94,76,1,123" hai2="71,33,69,8,72,115,101,93,91,125,92,62,28" hai3="133,36,19,81,59,24,38,45,27,57,7,135,5"/><V79/><F115/><W130/><G45/><T88/><D43/><U9/><E109/><V60/><F8/><W118/><G118/><T6/><D34/><U66/><E1/><V107/><F93/><W65/><G65/><T39/><D39/><U110/><E110/><V134/><F125/><W22/><G81/><T119/><D119/><U129/><E9/><V102/><F107/><W47/><G47/><T86/><D6/><U77/><E94/><V112/><F112/><W37/><G130/><T108/><D108/><U104/><E4/><N who="3" m="1610" /><G19/><T80/><D15/><U44/><E14/><V25/><F134/><N who="3" m="51211" /><G22/><T116/><D116/><U18/><E18/><V35/><F79/><W49/><G49/><T53/><D82/><U12/><E51/><V61/><F72/><W90/><G90/><T32/><D32/><U17/><E17/><V55/><F55/><W106/><G106/><T46/><D46/><U98/><E77/><V20/><F35/><W63/><G63/><T16/><D16/><U52/><E76/><V113/><F33/><W114/><G114/><T84/><D84/><U58/><E12/><V89/><F113/><W96/><G96/><AGARI ba="2,0" hai="29,31,40,41,42,48,53,56,80,86,88,95,96,100" machi="96" ten="40,5200,0" yaku="8,1,52,1,54,1" doraHai="97" who="0" fromWho="3" sc="26,58,60,0,685,0,229,-58" /><INIT seed="7,0,0,0,5,14" ten="84,60,685,171" oya="3" hai0="89,10,26,79,64,41,28,108,106,97,45,73,105" hai1="115,121,51,12,7,111,9,118,76,22,135,119,17" hai2="132,59,31,129,5,44,8,113,24,103,81,37,123" hai3="131,125,80,49,82,91,53,29,85,69,54,96,48"/><W32/><G69/><T95/><D108/><U25/><E121/><V104/><F113/><W42/><G125/><T92/><D64/><U117/><E111/><V27/><F132/><W83/><G131/><T39/><D79/><U74/><E74/><V62/><F129/><W70/><G70/><T52/><D73/><U100/><E76/><V126/><F123/><W134/><G134/><T68/><D68/><U20/><E51/><V56/><F103/><W65/><G65/><T71/><D71/><U99/><E135/><V78/><F104/><W60/><G60/><T101/><D10/><U1/><E115/><V13/><F59/><W87/><G42/><T84/><D52/><U55/><E55/><V114/><F126/><W33/><G29/><T124/><D124/><U16/><REACH who="1" step="1"/><E119/><REACH who="1" ten="84,50,685,171" step="2"/><V102/><F114/><W35/><G54/><T86/><D86/><U67/><E67/><V122/><F122/><W40/><G40/><T90/><D101/><U77/><E77/><V127/><F102/><W58/><G49/><T107/><D107/><AGARI ba="0,1" hai="1,7,9,12,16,17,20,22,25,99,100,107,117,118" machi="107" ten="40,8000,1" yaku="1,1,52,2,54,1,53,1" doraHai="14" doraHaiUra="2" who="1" fromWho="0" sc="84,-80,50,90,685,0,171,0" owari="4,-50.0,140,-26.0,685,79.0,171,-3.0" /></mjloggm>