<mjloggm ver="2.3"><GO type="41"/><UN n0="%E3%81%B5%E3%81%A8%E3%81%BE%E3%82%86%E3%81%8B%E3%82%8A%E3%82%93" n1="%E6%96%B0%E8%97%A4%E5%8D%83%E5%B0%8B" n2="%E3%82%A6%E3%83%AB%E3%83%88%E3%83%A9%E7%AB%8B%E7%9B%B4" n3="%73%61%64%61%6B%6F" dan="14,14,15,13" rate="1952,2041,2024,1916" sx="M,F,M,F"/><TAIKYOKU oya="0"/><INIT seed="0,0,0,1,2,39" ten="250,250,250,250" oya="0" hai0="29,32,13,69,64,0,112,120,6,63,59,23,97" hai1="73,121,62,52,12,46,53,42,114,21,132,33,43" hai2="71,54,134,45,18,110,66,67,5,47,35,34,125" hai3="130,92,135,48,61,83,116,10,49,57,8,40,115"/><T84/><D112/><U108/><E33/><V16/><F5/><W26/><G115/><T17/><D120/><U117/><E73/><V4/><F4/><W11/><G116/><T56/><D97/><U88/><E114/><V51/><F71/><W126/><G126/><T50/><D84/><U44/><E117/><V37/><F125/><W7/><G135/><T109/><D50/><N who="3" m="19561" /><G130/><T89/><D89/><U85/><E132/><V3/><F51/><W74/><G74/><T77/><D77/><U81/><E108/><V36/><F134/><W107/><G107/><T91/><D91/><U79/><E79/><V68/><F68/><W123/><G123/><T100/><D100/><U20/><E121/><V41/><F54/><N who="1" m="21097" /><E62/><V31/><F31/><W87/><G92/><T118/><D118/><U72/><E72/><V90/><F90/><N who="3" m="51583" /><G26/><T122/><D122/><U119/><E119/><V2/><REACH who="2" step="1"/><F110/><REACH who="2" ten="250,250,240,250" step="2"/><W27/><G27/><N who="0" m="18495" /><D109/><U127/><E127/><V38/><F38/><W14/><G40/><AGARI ba="0,1" hai="2,3,16,18,34,35,36,37,40,41,45,47,66,67" machi="40" ten="25,12000,2" yaku="1,1,22,2,52,2,54,1,53,0" doraHai="39" doraHaiUra="104" who="2" fromWho="3" sc="250,0,250,0,240,130,250,-120" /><INIT seed="1,0,0,4,1,25" ten="250,250,370,130" oya="1" hai0="67,68,10,7,35,122,80,0,15,3,121,8,54" hai1="90,46,93,87,116,76,131,22,91,55,120,126,31" hai2="132,118,57,16,111,19,107,43,40,63,9,134,4" hai3="33,99,105,30,65,125,100,84,128,51,102,85,88"/><U127/><E116/><V77/><F107/><N who="3" m="63903" /><G65/><T92/><D92/><U114/><E114/><V38/><F118/><W41/><G51/><T129/><D80/><U29/><E120/><V79/><F111/><W59/><G59/><T73/><D73/><U12/><E131/><V82/><F43/><W32/><G30/><N who="1" m="11274" /><E76/><V20/><F79/><W56/><G56/><T26/><D35/><U108/><E108/><V62/><F40/><W45/><G45/><T66/><D0/><U23/><E126/><V61/><F38/><W27/><G27/><T70/><D26/><U96/><E127/><V50/><F82/><N who="3" m="49175" /><G41/><T109/><D3/><U36/><E36/><V49/><F77/><W94/><G32/><T104/><D109/><U78/><E78/><V124/><F124/><W86/><G33/><T112/><D122/><U81/><E12/><V47/><F62/><W110/><G128/><T53/><D15/><U5/><E5/><V11/><F61/><W6/><G6/><T101/><D7/><U2/><E2/><V106/><F63/><W133/><G133/><T1/><D129/><U69/><E69/><V37/><F4/><W58/><G58/><T103/><D1/><U60/><E60/><V98/><F57/><W71/><G71/><T14/><D14/><U17/><E17/><V48/><F19/><W28/><G28/><T75/><D70/><U130/><E130/><V117/><F117/><W39/><G39/><T113/><D68/><U135/><E135/><V123/><F132/><W52/><G52/><T72/><D121/><U74/><E74/><V97/><F134/><RYUUKYOKU ba="0,0" sc="250,15,250,15,370,-15,130,-15" hai0="8,10,53,54,66,67,72,75,101,103,104,112,113" hai1="22,23,46,55,81,87,90,91,93,96" /><INIT seed="1,1,0,2,3,134" ten="265,265,355,115" oya="1" hai0="106,18,97,69,34,113,26,24,32,29,63,15,88" hai1="82,100,21,39,111,25,49,0,56,133,130,38,59" hai2="54,37,126,2,90,67,92,122,77,50,31,125,51" hai3="96,95,104,84,42,64,119,128,132,120,40,12,1"/><U23/><E133/><V109/><F37/><W3/><G1/><T86/><D113/><U47/><E0/><V108/><F2/><W71/><G3/><T61/><D26/><U8/><E100/><V60/><F77/><W107/><G119/><T36/><D34/><U78/><E130/><V115/><F31/><W102/><G120/><T117/><D36/><U135/><E135/><V57/><F122/><W14/><G128/><T72/><D72/><U4/><E39/><V105/><F105/><W28/><G28/><T30/><D30/><U118/><E118/><V55/><F115/><W79/><G132/><T48/><D69/><U27/><E38/><V74/><F74/><W80/><G71/><T98/><D117/><U83/><E83/><V110/><F90/><N who="3" m="53703" /><G64/><T22/><D106/><U85/><E25/><V121/><F92/><W13/><G107/><T10/><D32/><U70/><E70/><N who="2" m="42343" /><F121/><W124/><G124/><N who="2" m="47721" /><F55/><W19/><G19/><T58/><D98/><U94/><E94/><V44/><F44/><W87/><G87/><T75/><D97/><U9/><E78/><V91/><F91/><W33/><G33/><T99/><D99/><U89/><E47/><V16/><F16/><W73/><AGARI ba="1,0" hai="12,13,14,40,42,73,79,80,96,102,104" m="53703" machi="73" ten="30,1100,0" yaku="24,1" doraHai="134" who="3" fromWho="3" sc="265,-4,265,-6,355,-4,115,14" /><INIT seed="2,0,0,5,1,56" ten="261,259,351,129" oya="2" hai0="7,4,17,91,16,86,108,65,96,87,73,72,49" hai1="12,46,24,20,82,118,21,70,83,63,100,64,25" hai2="43,41,26,132,135,112,9,1,77,45,131,29,19" hai3="116,94,107,97,13,42,125,10,134,38,119,113,76"/><V133/><F77/><W2/><G107/><T66/><D108/><U8/><E118/><V6/><F112/><W3/><G113/><T126/><D49/><U122/><E122/><V23/><F131/><W69/><G69/><T120/><D91/><U18/><E46/><V15/><REACH who="2" step="1"/><F45/><REACH who="2" ten="261,259,341,129" step="2"/><N who="3" m="23767" /><G76/><T60/><D120/><U75/><E75/><V55/><F55/><W129/><G119/><T30/><D72/><U57/><E70/><V68/><F68/><W52/><G116/><T58/><D73/><U92/><E92/><V89/><F89/><N who="3" m="55503" /><G134/><T127/><D66/><U88/><E88/><V67/><F67/><W80/><G129/><T124/><D65/><U130/><E130/><V71/><F71/><W115/><G115/><T123/><D123/><U98/><E100/><V48/><F48/><W102/><G52/><T79/><D126/><U54/><E54/><V28/><F28/><W84/><G102/><T47/><D30/><U59/><E64/><V39/><F39/><W34/><G125/><T11/><D79/><U44/><E83/><V103/><F103/><W109/><G109/><T31/><D31/><U40/><E82/><V36/><F36/><W0/><G34/><AGARI ba="0,1" hai="1,6,9,15,19,23,26,29,34,41,43,132,133,135" machi="34" ten="40,18000,2" yaku="1,1,24,2,20,1,53,2" doraHai="56" doraHaiUra="37" who="2" fromWho="3" sc="261,0,259,0,341,190,129,-180" owari="261,6.0,259,-14.0,531,63.0,-51,-55.0" /></mjloggm>