<mjloggm ver="2.3"><GO type="169" lobby="0"/><UN n0="%E3%81%BF%E3%81%BF%E3%81%9A" n1="%E9%AD%94%E7%8E%8B%E3%81%93%E3%81%A3%E3%81%BA%E3%81%B1%E3%82%93" n2="%EF%BC%88%E2%89%A7%E2%96%BD%E2%89%A6%EF%BC%89" n3="%E3%81%AA%E3%82%93%E3%81%A1%E3%81%8F%E3%81%AF%E3%82%80" dan="16,16,18,16" rate="2048.41,2062.35,2241.69,2004.15" sx="M,M,M,M"/><TAIKYOKU oya="0"/><INIT seed="0,0,0,1,5,6" ten="250,250,250,250" oya="0" hai0="67,120,84,65,87,22,9,37,121,23,103,99,36" hai1="4,26,25,117,56,106,16,12,71,94,123,114,113" hai2="18,24,61,98,21,128,8,51,83,101,112,69,19" hai3="30,129,40,89,62,68,96,20,125,3,79,132,92"/><T64/><D103/><U48/><E71/><V124/><F112/><W33/><G129/><T110/><D99/><U10/><E106/><V93/><F128/><W39/><G3/><T130/><D130/><U81/><E117/><V47/><F124/><W29/><G125/><T122/><D110/><U28/><E123/><V42/><F83/><W5/><G5/><T41/><D41/><U108/><E81/><V60/><REACH who="2" step="1"/><F69/><REACH who="2" ten="250,250,240,250" step="2"/><W80/><G68/><T133/><D133/><U102/><E114/><V66/><F66/><W38/><G132/><T126/><D126/><U52/><E113/><V63/><F63/><W119/><G62/><T107/><D107/><U35/><E108/><V86/><F86/><W77/><G80/><T2/><D84/><U31/><E31/><V0/><F0/><W82/><G29/><T104/><D104/><U118/><E118/><V57/><F57/><W32/><G30/><T95/><D87/><U127/><E127/><V45/><F45/><W91/><G82/><T27/><D95/><U88/><E28/><V109/><F109/><W53/><G92/><T105/><D105/><U46/><E46/><V111/><F111/><W135/><G135/><T15/><D2/><U74/><E94/><V59/><F59/><W115/><G119/><T14/><D64/><U43/><E56/><V50/><F50/><W76/><G115/><T100/><D121/><U58/><E58/><V116/><F116/><W13/><G76/><T7/><D120/><U17/><E48/><V44/><F44/><W73/><G77/><T34/><D122/><U11/><E74/><RYUUKYOKU ba="0,1" sc="250,-10,250,-10,240,30,250,-10" hai2="8,18,19,21,24,42,47,51,60,61,93,98,101" /><INIT seed="1,1,1,1,2,48" ten="240,240,270,240" oya="1" hai0="104,46,70,53,12,54,105,135,128,102,15,108,111" hai1="114,5,58,88,90,92,80,106,52,78,95,118,110" hai2="44,129,84,94,120,64,82,21,8,29,74,72,60" hai3="126,83,91,27,79,26,47,100,99,31,23,86,122"/><U121/><E121/><V131/><F120/><W107/><G122/><T49/><D70/><U75/><E118/><V39/><F8/><W113/><G126/><T24/><D128/><N who="2" m="49226" /><F94/><W97/><G113/><T28/><D135/><U19/><E114/><V127/><F127/><W87/><G99/><T35/><D54/><U55/><E106/><N who="0" m="41065" /><D102/><U124/><E124/><V65/><F29/><W119/><G119/><T85/><D85/><N who="1" m="48279" /><E5/><V42/><F21/><W96/><G96/><T71/><D71/><U6/><E75/><N who="2" m="28715" /><F60/><W112/><G112/><T73/><D73/><U63/><E6/><V7/><F7/><W132/><G132/><T62/><D62/><N who="1" m="36167" /><E110/><AGARI ba="1,1" hai="12,15,24,28,35,46,49,53,108,110,111" m="41065" machi="110" ten="30,2000,0" yaku="14,1,52,1" doraHai="48" who="0" fromWho="1" sc="240,33,240,-23,270,0,240,0" /><INIT seed="2,0,0,1,5,4" ten="273,217,270,240" oya="2" hai0="11,122,100,0,13,76,17,77,79,133,14,35,22" hai1="99,81,78,108,57,20,69,1,10,16,42,109,114" hai2="23,28,26,129,111,66,96,43,27,41,47,39,12" hai3="104,24,102,89,80,123,71,49,40,70,36,48,2"/><V62/><F129/><W125/><G123/><T106/><D122/><U21/><E69/><V135/><F135/><W82/><G2/><T31/><D133/><U134/><E134/><V64/><F111/><W58/><G36/><T30/><D0/><U95/><E114/><V103/><F41/><W53/><G125/><T128/><D35/><U18/><E42/><V117/><F117/><W132/><G132/><T50/><D128/><U121/><E57/><V8/><F27/><W91/><G24/><T85/><D85/><U124/><E121/><V60/><F66/><W98/><G80/><T130/><D130/><U110/><E124/><V45/><F45/><W112/><G112/><T75/><D75/><N who="1" m="43231" /><E1/><V118/><F64/><W34/><G34/><T94/><D106/><U86/><E86/><V59/><F59/><W33/><G33/><T105/><D105/><U7/><E7/><V107/><REACH who="2" step="1"/><F118/><REACH who="2" ten="273,217,260,240" step="2"/><W67/><G40/><T87/><D50/><U131/><E131/><V9/><F9/><W88/><G48/><T55/><D55/><U119/><E10/><V115/><F115/><W25/><G25/><T15/><D31/><U72/><E119/><V101/><F101/><W61/><REACH who="3" step="1"/><G71/><REACH who="3" ten="273,217,260,230" step="2"/><T127/><D127/><U116/><E116/><V84/><F84/><W68/><G68/><T90/><D100/><N who="1" m="60543" /><E110/><V97/><F97/><W51/><G51/><T6/><D30/><U93/><E109/><V46/><F46/><W32/><G32/><T74/><D74/><U63/><E72/><V65/><F65/><W5/><G5/><AGARI ba="0,2" hai="5,8,12,23,26,28,39,43,47,60,62,96,103,107" machi="5" ten="30,11600,0" yaku="1,1,7,1,52,1,53,1" doraHai="4" doraHaiUra="19" who="2" fromWho="3" sc="273,0,217,0,260,136,230,-116" /><INIT seed="2,1,0,4,3,61" ten="273,217,396,114" oya="2" hai0="135,73,25,26,27,52,124,127,134,48,93,82,70" hai1="77,75,7,15,74,78,129,22,33,85,81,120,14" hai2="43,133,56,3,84,35,100,18,8,11,37,65,17" hai3="116,107,94,12,118,41,126,69,115,49,128,92,45"/><V110/><F35/><W117/><G107/><T80/><D70/><U0/><E33/><V1/><F133/><N who="0" m="50698" /><D93/><U44/><E120/><V10/><F100/><W66/><G12/><T63/><D63/><U121/><E121/><V51/><F110/><W31/><G31/><T19/><D19/><N who="2" m="7178" /><F3/><W87/><G87/><T103/><D103/><U91/><E22/><V106/><F1/><W105/><G105/><T72/><D82/><U34/><E34/><V96/><F106/><W67/><G94/><T79/><D73/><U53/><E0/><V71/><F71/><W5/><G92/><T30/><D30/><U109/><E7/><V13/><F96/><W113/><G5/><T54/><D54/><U83/><E53/><V86/><F13/><W59/><G128/><T132/><N who="0" m="50706" /><T102/><DORA hai="16" /><D102/><U101/><E101/><V50/><F8/><W32/><G32/><T123/><D123/><U60/><E129/><V89/><F10/><W23/><G23/><T95/><D95/><U24/><E14/><V58/><F11/><W42/><G126/><N who="0" m="48171" /><D26/><U122/><E24/><V90/><F86/><W57/><G41/><T125/><N who="0" m="48179" /><T9/><DORA hai="112" /><D9/><U21/><E85/><V130/><F43/><W97/><G97/><T114/><D114/><N who="3" m="43529" /><G69/><T39/><D39/><U68/><E68/><V98/><F37/><W64/><AGARI ba="1,0" hai="42,45,49,57,59,64,66,67,116,117,118" m="43529" machi="64" ten="40,16000,3" yaku="11,1,34,2,52,6" doraHai="61,16,112" who="3" fromWho="3" sc="273,-41,217,-41,396,-81,114,163" /><INIT seed="3,0,0,1,5,7" ten="232,176,315,277" oya="3" hai0="73,61,3,106,93,95,6,33,129,40,92,113,16" hai1="117,79,90,52,62,12,60,1,45,74,28,18,87" hai2="51,48,39,110,134,27,76,107,123,65,46,69,126" hai3="101,135,118,98,103,131,77,8,50,26,75,132,109"/><W29/><G118/><T133/><D106/><U0/><E117/><V34/><F107/><W86/><G75/><T9/><D33/><U23/><E74/><V4/><F39/><W42/><G131/><T84/><D73/><U66/><E79/><V47/><F123/><W82/><G109/><T119/><D119/><U125/><E28/><V5/><F110/><W63/><G63/><T120/><D120/><U94/><E125/><V56/><F69/><W58/><G8/><T59/><D129/><U88/><E90/><V124/><F76/><W121/><G121/><T102/><D133/><N who="3" m="51273" /><G98/><T30/><D30/><U37/><E37/><V17/><F134/><W54/><G42/><T11/><D113/><U72/><E72/><V57/><F65/><W89/><G77/><T80/><D40/><U81/><E81/><V70/><F70/><W13/><G13/><N who="0" m="5303" /><D102/><U105/><E105/><V83/><F126/><W114/><G114/><T22/><D3/><U2/><REACH who="1" step="1"/><E66/><REACH who="1" ten="232,166,315,277" step="2"/><V14/><F83/><W35/><AGARI ba="0,1" hai="26,29,35,50,54,58,82,86,89,101,103" m="51273" machi="35" ten="30,1500,0" yaku="20,1" doraHai="7" who="3" fromWho="3" sc="232,-5,166,-5,315,-5,277,25" /><INIT seed="3,1,0,1,5,44" ten="227,161,310,302" oya="3" hai0="43,77,69,7,47,82,4,30,35,1,61,107,72" hai1="59,109,86,73,32,112,40,78,113,56,58,80,3" hai2="111,85,5,36,18,15,9,63,83,11,65,98,24" hai3="92,117,13,115,34,104,106,6,130,93,46,42,126"/><W16/><G117/><T94/><D94/><U29/><E3/><V95/><F36/><W108/><G115/><T49/><D107/><U22/><E32/><V129/><F111/><W102/><G34/><T118/><D118/><U123/><E123/><V103/><F129/><W8/><G130/><T41/><D1/><U48/><E109/><V105/><F24/><W57/><G108/><T26/><REACH who="0" step="1"/><D43/><REACH who="0" ten="217,161,310,302" step="2"/><U110/><E110/><V0/><F105/><W124/><G106/><T27/><D27/><U132/><E132/><V75/><F0/><W68/><G104/><T28/><D28/><U25/><REACH who="1" step="1"/><E73/><REACH who="1" ten="217,151,310,302" step="2"/><V19/><F75/><W114/><G114/><T81/><D81/><U96/><E96/><V128/><F128/><W64/><G124/><T84/><D84/><U74/><E74/><V116/><F116/><W38/><G126/><T79/><D79/><U76/><E76/><V31/><F85/><W2/><G2/><T133/><D133/><U12/><E12/><V50/><F83/><W97/><G97/><T134/><D134/><U87/><E87/><V121/><F98/><W127/><G127/><T52/><D52/><U99/><E99/><V101/><F15/><W66/><G13/><T88/><D88/><U67/><E67/><AGARI ba="1,2" hai="4,7,26,30,35,41,47,49,61,67,69,72,77,82" machi="67" ten="40,2600,0" yaku="1,1,52,1,53,0" doraHai="44" doraHaiUra="100" who="0" fromWho="1" sc="217,49,151,-29,310,0,302,0" /><INIT seed="4,0,0,1,0,96" ten="266,122,310,302" oya="0" hai0="5,85,20,11,95,53,10,117,83,47,62,42,32" hai1="72,67,81,7,97,108,57,128,52,8,44,3,64" hai2="9,29,133,14,122,87,89,88,70,26,6,102,127" hai3="110,106,109,37,24,92,12,99,15,28,4,33,124"/><T101/><D117/><U54/><E108/><V43/><F122/><W114/><G37/><T0/><D32/><U115/><E128/><V16/><F133/><W56/><G106/><T65/><D53/><U17/><E115/><V34/><F70/><W71/><G71/><T90/><D20/><U2/><E2/><V76/><F127/><W46/><G124/><T31/><D31/><U103/><E17/><V119/><F119/><W80/><G114/><T48/><D11/><U30/><E30/><V50/><F102/><W131/><G131/><T38/><D38/><U129/><E129/><V27/><F27/><W66/><G80/><T39/><D39/><U94/><E44/><N who="2" m="25887" /><F16/><W55/><G46/><T51/><D51/><U105/><E105/><V116/><F116/><W134/><G66/><T98/><D65/><U22/><E22/><V25/><F25/><W78/><G134/><T120/><REACH who="0" step="1"/><D62/><REACH who="0" ten="256,122,310,302" step="2"/><U107/><E67/><V58/><F58/><W63/><G63/><T104/><D104/><U13/><E107/><V77/><F77/><W86/><G56/><T123/><AGARI ba="0,1" hai="0,5,10,42,47,48,83,85,90,95,98,101,120,123" machi="123" ten="30,11700,0" yaku="1,1,0,1,52,1,53,1" doraHai="96" doraHaiUra="40" who="0" fromWho="0" sc="256,127,122,-39,310,-39,302,-39" /><INIT seed="4,1,0,1,0,69" ten="383,83,271,263" oya="0" hai0="9,32,107,129,27,108,11,75,31,124,104,40,5" hai1="46,26,114,61,113,60,57,68,71,50,1,132,116" hai2="120,66,42,91,77,76,58,128,70,15,122,119,102" hai3="80,49,74,115,110,79,21,56,131,41,93,101,51"/><T10/><D75/><U18/><E1/><V6/><F70/><N who="1" m="26665" /><E26/><V112/><F42/><W123/><G110/><T29/><D5/><U73/><E18/><V17/><F102/><W53/><G115/><N who="1" m="44042" /><E73/><V86/><F112/><W109/><G109/><T111/><D124/><U135/><E116/><V88/><F119/><W78/><G78/><T72/><D72/><U133/><E57/><V81/><F6/><W105/><G105/><T98/><D107/><U20/><E20/><V84/><F17/><W127/><G21/><T0/><D0/><U92/><E92/><V125/><F58/><W24/><G93/><T62/><D104/><U34/><E34/><V48/><F15/><W8/><G56/><T95/><D27/><U22/><E22/><V28/><F28/><W54/><G74/><T97/><D95/><U45/><E45/><V25/><F25/><W14/><G24/><T99/><D32/><U103/><E103/><V43/><F81/><W12/><G101/><T4/><D4/><U16/><E16/><V94/><F94/><W126/><G80/><T117/><D10/><U52/><AGARI ba="1,0" hai="46,50,52,60,61,132,133,135" m="44042,26665" machi="52" ten="40,12000,2" yaku="20,1,15,1,11,1,34,2,54,1" doraHai="69" who="1" fromWho="1" sc="383,-61,83,123,271,-31,263,-31" /><INIT seed="5,0,0,5,5,38" ten="322,206,240,232" oya="1" hai0="113,114,102,105,26,67,30,54,39,27,19,104,7" hai1="131,78,9,18,29,115,45,0,69,25,86,1,128" hai2="32,17,24,10,63,112,100,70,71,125,62,59,130" hai3="120,74,82,58,87,103,76,98,8,6,49,111,3"/><U4/><E69/><V43/><F130/><N who="1" m="49705" /><E115/><N who="0" m="44041" /><D7/><U123/><E123/><V85/><F125/><W28/><G111/><T117/><D117/><U92/><E18/><V47/><F100/><W133/><G133/><T66/><D39/><U124/><E124/><V12/><F112/><W34/><G120/><T31/><D54/><U75/><E75/><V48/><F85/><W129/><G129/><T127/><D127/><U20/><E45/><V53/><REACH who="2" step="1"/><F63/><REACH who="2" ten="322,206,230,232" step="2"/><W116/><G103/><T55/><D102/><U60/><E60/><V57/><F57/><W89/><G58/><T5/><D104/><U119/><E119/><V135/><F135/><W79/><G87/><T40/><D105/><U80/><E92/><V65/><F65/><W13/><G74/><T81/><D67/><U16/><E16/><V33/><F33/><W52/><G34/><T96/><D66/><U37/><E37/><V61/><F61/><W97/><G116/><T51/><D19/><U50/><E50/><V77/><F77/><W94/><G76/><T132/><D51/><U101/><E101/><V99/><F99/><W84/><G97/><T108/><D96/><U126/><E126/><V11/><F11/><W21/><G49/><T35/><D132/><U2/><AGARI ba="0,1" hai="0,1,2,4,9,20,25,29,78,80,86" m="49705" machi="2" ten="30,1500,0" yaku="19,1" doraHai="38" who="1" fromWho="1" sc="322,-5,206,25,230,-5,232,-5" /><INIT seed="5,1,0,1,4,45" ten="317,231,225,227" oya="1" hai0="107,109,15,29,27,36,101,89,70,1,28,57,76" hai1="108,38,0,86,3,52,133,55,44,22,43,104,46" hai2="111,87,4,118,72,102,117,24,112,90,115,106,62" hai3="59,95,60,16,8,13,20,17,11,96,63,61,47"/><U48/><E104/><V53/><F4/><W83/><G83/><T34/><D1/><U110/><E133/><V35/><F35/><W82/><G82/><T23/><D70/><U65/><E65/><V2/><F2/><N who="1" m="553" /><E86/><V120/><F24/><N who="3" m="14343" /><G47/><T135/><D89/><U121/><E121/><V7/><F7/><W134/><G134/><T40/><D107/><U54/><E22/><V77/><F120/><W85/><G85/><T92/><D23/><U67/><E67/><V105/><F77/><W12/><G12/><T73/><D15/><U119/><E119/><V128/><F117/><W50/><G50/><T81/><D135/><U123/><E123/><V124/><F118/><W125/><G125/><T6/><D76/><U33/><E33/><V74/><F124/><W116/><G116/><T5/><D34/><U18/><E18/><V42/><F106/><W80/><G80/><T9/><D5/><U132/><E132/><V122/><F105/><W130/><G130/><T113/><D6/><U84/><E84/><V99/><F128/><W131/><G131/><T37/><D81/><U26/><E26/><V64/><F122/><W49/><G49/><T71/><D27/><U32/><E32/><V39/><F87/><W30/><G30/><T19/><D28/><U88/><E48/><V126/><F126/><W69/><G69/><T31/><D31/><U75/><E46/><V79/><F74/><W56/><G11/><T41/><D29/><U25/><E75/><V114/><F72/><W68/><G68/><T14/><D73/><U66/><E44/><V78/><F78/><RYUUKYOKU ba="1,0" sc="317,-10,231,-10,225,-10,227,30" hai3="8,13,17,56,59,60,61,63,95,96" /><INIT seed="6,2,0,4,5,41" ten="307,221,215,257" oya="2" hai0="126,70,14,106,60,121,27,133,28,80,110,134,37" hai1="91,79,100,32,68,71,25,13,84,23,40,120,66" hai2="117,55,2,54,46,88,103,109,21,83,96,42,17" hai3="131,33,95,102,58,64,16,20,104,98,86,73,38"/><V49/><F2/><W30/><G38/><T65/><D110/><U135/><E79/><V105/><F117/><W29/><G73/><T9/><D121/><U34/><E135/><N who="0" m="51721" /><D106/><U74/><E74/><V82/><F109/><W50/><G131/><T111/><D126/><U35/><E120/><V124/><F124/><W112/><G112/><T59/><D37/><U18/><E100/><V8/><F8/><W89/><G33/><N who="0" m="20639" /><D80/><U92/><E66/><V24/><REACH who="2" step="1"/><F82/><REACH who="2" ten="307,221,205,257" step="2"/><N who="3" m="49367" /><G104/><T69/><D111/><U52/><E40/><V90/><F90/><W87/><G102/><T12/><D9/><U101/><E101/><V78/><F78/><W129/><G129/><T72/><D72/><U19/><REACH who="1" step="1"/><E52/><REACH who="1" ten="307,211,205,257" step="2"/><V63/><F63/><W85/><G64/><T125/><D125/><U39/><E39/><V113/><F113/><W10/><G50/><T62/><D70/><U132/><E132/><V51/><F51/><W45/><G10/><AGARI ba="2,2" hai="10,13,18,19,23,25,32,34,35,68,71,84,91,92" machi="10" ten="40,1300,0" yaku="1,1,53,0" doraHai="41" doraHaiUra="56" who="1" fromWho="3" sc="307,0,211,39,205,0,257,-19" /><INIT seed="7,0,0,0,5,103" ten="307,250,205,238" oya="3" hai0="90,94,13,11,59,8,10,45,7,133,26,57,93" hai1="84,122,111,27,107,1,75,123,131,63,54,80,77" hai2="116,82,20,102,33,69,64,68,47,51,89,23,87" hai3="5,61,78,0,62,73,128,70,98,101,41,132,32"/><W104/><G128/><T112/><D133/><U124/><E131/><V86/><F116/><W9/><G132/><T92/><D112/><U121/><E1/><V55/><F33/><W29/><G41/><T24/><D45/><U118/><E118/><V53/><F102/><W95/><G95/><T117/><D117/><U85/><E111/><V67/><F47/><W106/><G61/><T91/><D13/><U126/><E27/><N who="0" m="10281" /><D7/><U66/><E54/><V79/><F51/><W119/><G119/><T109/><D109/><U65/><E65/><V110/><F110/><W38/><G38/><T81/><D81/><U18/><E18/><V31/><F31/><W96/><G29/><T46/><D46/><U22/><E22/><V6/><F6/><W36/><G36/><T16/><D16/><U34/><E34/><V37/><F37/><W130/><G130/><T42/><D42/><U2/><E2/><V30/><F30/><W76/><G76/><T114/><D114/><U125/><REACH who="1" step="1"/><E107/><REACH who="1" ten="307,240,205,238" step="2"/><V74/><F67/><N who="3" m="41335" /><G32/><T108/><D108/><U39/><E39/><V60/><F68/><AGARI ba="0,1" hai="63,66,68,75,77,80,84,85,121,122,123,124,125,126" machi="68" ten="50,3200,0" yaku="1,1,18,1,53,0" doraHai="103" doraHaiUra="12" who="1" fromWho="2" sc="307,0,240,42,205,-32,238,0" owari="307,41.0,282,8.0,173,-33.0,238,-16.0" /></mjloggm>