<mjloggm ver="2.3"><GO type="41"/><UN n0="%EF%BC%88%E2%89%A7%E2%96%BD%E2%89%A6%EF%BC%89" n1="%E3%82%AF%E3%83%B3" n2="%E7%8C%AB%E8%BB%8A" n3="%E7%90%86%E4%B8%8D%E5%B0%BD%E5%A5%B3%E7%8E%8B" dan="13,16,14,14" rate="2005,2063,1883,1947" sx="M,M,M,F"/><TAIKYOKU oya="0"/><INIT seed="0,0,0,0,5,126" ten="250,250,250,250" oya="0" hai0="93,74,42,64,39,91,12,31,85,2,108,66,61" hai1="59,116,26,17,99,4,101,80,7,13,110,22,118" hai2="8,79,121,68,72,0,10,94,105,77,107,55,109" hai3="5,76,86,14,128,6,95,92,100,54,19,34,47"/><T58/><D74/><U127/><E127/><V75/><F55/><W103/><G34/><T90/><D2/><U120/><E120/><V131/><F94/><N who="3" m="35883" /><G128/><T106/><D106/><U57/><E80/><V3/><F68/><W130/><G130/><T44/><D31/><U9/><E4/><N who="3" m="1642" /><G76/><T23/><D108/><U63/><E110/><V67/><F109/><W40/><G40/><T81/><D66/><U50/><E50/><V60/><F67/><W117/><G117/><T56/><D56/><U123/><E123/><V129/><F60/><W122/><G86/><T28/><D28/><U84/><E84/><V53/><F53/><W32/><G32/><T45/><D45/><U135/><E59/><V83/><F83/><W112/><G112/><T115/><D115/><U38/><E118/><V1/><F0/><W71/><G71/><T15/><REACH who="0" step="1"/><D23/><REACH who="0" step="2"/><U125/><E116/><V132/><REACH who="2" step="1"/><F121/><REACH who="2" step="2"/><W24/><G122/><T69/><D69/><U20/><E125/><V52/><F52/><W27/><G54/><T37/><D37/><U41/><E38/><V33/><F33/><W104/><G47/><T98/><AGARI ba="0,2" hai="12,15,39,42,44,58,61,64,81,85,90,91,93,98" machi="98" ten="20,3900,0" yaku="1,1,0,1,7,1,53,0" doraHai="126" doraHaiUra="29" who="0" fromWho="0" sc="240,59,250,-13,240,-13,250,-13" /><INIT seed="0,1,0,4,0,135" ten="299,237,227,237" oya="0" hai0="125,87,52,22,100,8,50,116,20,106,127,118,53" hai1="48,15,24,113,72,83,23,5,84,58,85,63,25" hai2="4,74,10,46,12,7,120,26,133,101,131,56,121" hai3="37,93,32,91,68,55,40,14,0,31,66,13,79"/><T88/><D8/><N who="1" m="4495" /><E72/><V77/><F101/><W130/><G0/><T35/><D35/><U21/><E48/><V29/><F133/><W104/><G104/><T97/><D53/><N who="1" m="34255" /><E113/><V27/><F46/><W43/><G79/><T61/><D61/><U110/><E110/><V67/><F7/><W86/><G55/><T111/><D111/><U39/><E39/><V38/><F38/><W9/><G37/><T1/><D1/><U90/><E84/><V70/><F70/><W76/><G76/><T123/><D123/><U11/><E11/><V17/><F74/><W102/><G40/><T49/><D49/><U34/><E34/><V51/><F77/><W124/><G43/><T30/><D116/><U117/><E117/><V57/><F27/><AGARI ba="1,0" hai="21,23,24,25,27,83,85,90" m="34255,4495" machi="27" ten="30,1000,0" yaku="8,1" doraHai="135" who="1" fromWho="2" sc="299,0,237,13,227,-13,237,0" /><INIT seed="1,0,0,1,5,83" ten="299,250,214,237" oya="1" hai0="35,116,123,6,87,15,56,40,131,88,28,43,117" hai1="109,72,65,55,64,134,42,13,128,36,93,31,44" hai2="106,70,105,20,114,99,11,104,121,84,4,124,30" hai3="122,12,41,22,110,85,24,48,50,2,54,90,103"/><U78/><E31/><V60/><F121/><W68/><G2/><T14/><D123/><U107/><E107/><V37/><F37/><W112/><G68/><T52/><D131/><U27/><E27/><V127/><F70/><W129/><G129/><T66/><D117/><U18/><E128/><V75/><F75/><W126/><G112/><T133/><D133/><U111/><E134/><V45/><F45/><W9/><G103/><T49/><D116/><U74/><E55/><V113/><F60/><W16/><G110/><N who="1" m="41994" /><E93/><V80/><F99/><W19/><G126/><N who="2" m="48169" /><F30/><W57/><G122/><T71/><D71/><U46/><E46/><V125/><F20/><W63/><REACH who="3" step="1"/><G41/><REACH who="3" step="2"/><T59/><D43/><U51/><E36/><V8/><F125/><W94/><AGARI ba="0,1" hai="9,12,16,19,22,24,48,50,54,57,63,85,90,94" machi="94" ten="20,16000,3" yaku="1,1,2,1,0,1,7,1,8,1,52,1,54,1,53,1" doraHai="83" doraHaiUra="21" who="3" fromWho="3" sc="299,-40,250,-80,214,-40,227,170" /><INIT seed="2,0,0,5,5,14" ten="259,170,174,397" oya="2" hai0="29,90,99,54,17,88,0,132,21,91,102,28,27" hai1="59,81,35,125,100,55,45,80,111,63,53,84,18" hai2="4,98,75,76,71,103,26,117,131,39,69,112,124" hai3="2,52,123,105,107,110,48,122,121,116,51,57,50"/><V119/><F4/><W61/><G2/><T5/><D132/><U113/><E113/><V65/><F112/><W68/><G110/><T85/><D85/><U25/><E111/><V7/><F7/><W130/><G130/><T74/><D74/><U133/><E133/><V36/><F131/><W30/><G30/><T92/><REACH who="0" step="1"/><D54/><REACH who="0" step="2"/><U3/><E84/><V95/><F124/><W135/><G135/><T20/><D20/><N who="1" m="13463" /><E125/><V83/><F65/><W34/><G121/><T109/><D109/><U66/><E35/><V64/><F64/><W56/><G34/><T89/><N who="0" m="23040" /><DORA hai="47" /><T33/><D33/><U38/><E55/><V70/><REACH who="2" step="1"/><F26/><REACH who="2" step="2"/><W49/><G123/><T8/><AGARI ba="0,2" hai="0,5,8,17,21,27,28,29,92,99,102" m="23040" machi="8" ten="40,8000,1" yaku="1,1,0,1,52,1,54,1,53,0" doraHai="14,47" doraHaiUra="73,77" who="0" fromWho="0" sc="249,100,170,-20,164,-40,397,-20" /><INIT seed="3,0,0,1,3,45" ten="349,150,124,377" oya="3" hai0="120,2,97,103,29,12,38,95,63,52,79,65,86" hai1="80,105,91,66,89,20,26,112,0,3,122,24,117" hai2="87,23,68,34,39,46,102,9,47,128,83,123,53" hai3="58,64,15,67,116,115,74,119,94,75,92,6,71"/><W44/><G115/><T133/><D120/><U43/><E122/><V109/><F123/><W18/><G6/><T106/><D2/><U16/><E112/><V121/><F34/><W17/><G71/><T88/><D38/><U1/><E105/><V76/><F121/><W37/><G37/><T110/><D110/><U62/><E117/><V32/><F109/><W130/><G44/><T61/><D133/><U57/><E43/><V132/><F32/><W27/><G15/><T40/><D29/><U8/><E26/><V13/><F132/><W28/><G58/><T85/><D40/><U10/><REACH who="1" step="1"/><E80/><REACH who="1" step="2"/><V93/><F128/><W72/><G130/><T125/><D106/><U113/><E113/><V36/><F39/><W4/><G116/><T56/><D95/><U19/><E19/><V42/><F93/><W70/><G119/><T60/><D65/><U126/><E126/><V82/><F42/><W101/><G67/><T7/><D125/><U118/><E118/><V90/><F36/><W21/><G64/><T129/><D129/><U104/><E104/><V111/><F83/><W108/><G108/><T114/><D114/><U50/><E50/><V30/><F111/><W127/><G127/><T99/><D61/><U59/><E59/><V135/><F82/><W25/><G70/><T107/><D63/><U78/><E78/><V48/><F68/><W33/><G18/><T77/><D79/><U55/><E55/><V54/><F76/><W5/><G92/><N who="0" m="56455" /><D77/><U96/><E96/><V124/><F124/><W69/><G69/><T31/><D31/><U134/><E134/><RYUUKYOKU ba="0,1" sc="349,10,140,10,124,-30,377,10" hai0="7,12,52,56,60,85,86,99,103,107" hai1="0,1,3,8,10,16,20,24,57,62,66,89,91" hai3="4,5,17,21,25,27,28,33,72,74,75,94,101" /><INIT seed="3,1,1,3,0,100" ten="359,150,94,387" oya="3" hai0="46,98,106,89,2,18,95,0,49,63,43,99,70" hai1="19,52,5,64,44,110,80,27,65,36,31,135,7" hai2="41,69,101,34,42,58,87,20,85,55,102,23,78" hai3="29,25,71,47,134,123,90,56,33,10,118,129,103"/><W81/><G71/><T32/><D32/><U22/><E110/><V86/><F78/><W12/><G123/><T24/><D24/><U40/><E135/><V133/><F69/><W132/><G118/><T122/><D122/><U117/><E117/><V51/><F34/><W93/><G129/><T108/><D108/><U54/><E80/><V130/><F130/><W111/><G111/><T92/><D18/><U62/><E31/><V94/><F133/><N who="3" m="51307" /><G47/><T96/><D106/><U9/><E5/><V116/><F116/><W91/><G56/><T30/><D30/><U14/><REACH who="1" step="1"/><E65/><REACH who="1" step="2"/><V66/><F66/><W112/><G81/><T105/><D0/><U109/><E109/><V48/><F94/><W88/><G112/><T8/><D2/><U3/><E3/><V60/><F102/><W120/><G120/><T75/><D95/><U74/><E74/><V126/><F101/><W4/><G103/><N who="0" m="62695" /><D75/><U107/><E107/><V128/><F126/><W121/><G121/><T39/><D92/><AGARI ba="1,2" hai="4,10,12,25,29,33,88,90,91,92,93" m="51307" machi="92" ten="30,2900,0" yaku="20,1,54,1" doraHai="100" who="3" fromWho="0" sc="359,-32,140,0,94,0,387,52" /><INIT seed="3,2,0,5,0,26" ten="327,140,94,439" oya="3" hai0="38,91,127,80,126,131,29,74,55,12,31,21,54" hai1="88,22,129,132,43,47,69,4,28,52,67,20,85" hai2="7,106,23,9,13,68,111,18,70,89,64,72,56" hai3="98,34,94,96,63,76,44,123,48,41,121,120,86"/><W82/><G34/><T11/><D38/><U27/><E4/><V90/><F72/><W15/><G94/><T110/><D110/><U58/><E69/><V8/><F111/><W124/><G124/><N who="0" m="47659" /><D131/><U128/><E67/><V17/><F106/><W81/><G81/><T102/><D102/><U93/><E132/><V100/><F64/><W134/><G134/><T49/><D21/><U135/><E135/><V53/><F100/><W78/><G78/><N who="0" m="44119" /><D91/><U92/><E22/><V116/><F116/><W46/><G15/><T101/><D101/><U10/><E10/><V97/><F97/><W37/><REACH who="3" step="1"/><G63/><REACH who="3" step="2"/><T51/><D51/><U87/><E129/><V32/><F32/><W112/><G112/><T84/><D84/><U42/><E128/><V1/><F13/><W24/><G24/><T19/><D54/><AGARI ba="2,1" hai="37,41,44,46,48,54,76,82,86,96,98,120,121,123" machi="54" ten="40,2000,0" yaku="1,1,53,0" doraHai="26" doraHaiUra="103" who="3" fromWho="0" sc="327,-26,140,0,94,0,429,36" /><INIT seed="3,3,0,5,4,66" ten="301,140,94,465" oya="3" hai0="32,125,81,106,34,88,122,75,111,113,126,134,67" hai1="89,127,28,13,116,53,70,117,0,64,112,97,60" hai2="24,90,17,103,29,69,82,104,4,130,23,101,56" hai3="133,76,36,63,128,33,105,115,58,131,25,93,121"/><W80/><G105/><T77/><D122/><U114/><E0/><V39/><F39/><W59/><G36/><T16/><D106/><U20/><E127/><N who="0" m="48649" /><D134/><U98/><E53/><V41/><F41/><W19/><G133/><T21/><D113/><N who="1" m="43627" /><E89/><V3/><F130/><N who="3" m="49707" /><G121/><T61/><D111/><U95/><E95/><V65/><F104/><W124/><G124/><T11/><D11/><U72/><E72/><V45/><F56/><W12/><G115/><T14/><D88/><U91/><E91/><V108/><F45/><W46/><G93/><T30/><D30/><U99/><E28/><V47/><F47/><W52/><G46/><T94/><D94/><U10/><E20/><V31/><F3/><W9/><G59/><AGARI ba="3,0" hai="14,16,21,32,34,59,61,67,75,77,81" m="48649" machi="59" ten="30,2000,0" yaku="18,1,54,1" doraHai="66" who="0" fromWho="3" sc="301,29,140,0,94,0,465,-29" /><INIT seed="4,0,0,0,0,79" ten="330,140,94,436" oya="0" hai0="38,34,92,54,68,129,23,76,99,24,120,80,26" hai1="32,0,22,132,47,56,39,52,43,109,94,124,58" hai2="125,70,87,131,64,61,84,85,62,127,4,98,48" hai3="97,67,59,9,135,108,20,14,60,29,81,28,51"/><T33/><D120/><U17/><E32/><V112/><F112/><W55/><G108/><T63/><D129/><U95/><E109/><V88/><F131/><W66/><G135/><T25/><D38/><U10/><E132/><V71/><F4/><W83/><G97/><T2/><D2/><U65/><E124/><V3/><F3/><W36/><G36/><T13/><D13/><U72/><E72/><V30/><F30/><N who="3" m="11883" /><G20/><T74/><D23/><U45/><E45/><V82/><F48/><W40/><G40/><T90/><REACH who="0" step="1"/><D54/><REACH who="0" step="2"/><U123/><E123/><V78/><F125/><W126/><G126/><T8/><D8/><U21/><E0/><V50/><F127/><W27/><G27/><T7/><D7/><U107/><E10/><V101/><F64/><AGARI ba="0,1" hai="24,25,26,33,34,63,64,68,74,76,80,90,92,99" machi="64" ten="40,7700,0" yaku="1,1,52,1,53,1" doraHai="79" doraHaiUra="93" who="0" fromWho="2" sc="320,87,140,0,94,-77,436,0" /><INIT seed="4,1,0,4,2,131" ten="407,140,17,436" oya="0" hai0="36,10,34,27,100,124,21,56,35,65,13,105,87" hai1="103,5,86,93,127,71,17,125,115,110,23,3,113" hai2="133,18,76,41,46,83,19,121,132,39,20,49,0" hai3="122,123,26,92,14,75,68,118,88,59,74,69,54"/><T15/><D36/><U42/><E110/><V24/><F121/><N who="3" m="46091" /><G14/><T111/><D124/><N who="1" m="47691" /><E71/><N who="3" m="27210" /><G26/><T67/><D111/><U62/><E62/><V73/><F0/><W58/><G118/><T32/><D87/><U82/><E42/><V81/><F81/><W1/><G1/><T57/><D105/><U85/><E3/><V2/><F2/><W114/><G114/><N who="1" m="43530" /><E5/><V25/><REACH who="2" step="1"/><F39/><REACH who="2" step="2"/><W79/><G79/><T33/><D100/><U37/><E37/><V22/><AGARI ba="1,1" hai="18,19,20,22,24,25,41,46,49,73,76,83,132,133" machi="22" ten="30,16000,3" yaku="1,1,2,1,0,1,9,1,52,2,53,2" doraHai="131" doraHaiUra="128" who="2" fromWho="2" sc="407,-81,140,-41,7,173,436,-41" /><INIT seed="5,0,0,4,3,12" ten="326,99,180,395" oya="1" hai0="133,40,56,41,93,75,107,60,78,10,125,21,16" hai1="65,132,79,1,6,97,55,25,17,46,103,48,33" hai2="94,9,113,91,83,131,34,15,124,27,64,37,88" hai3="116,31,22,59,71,102,29,43,123,8,26,110,121"/><U92/><E79/><V57/><F37/><W99/><G71/><T63/><D107/><U42/><E65/><V5/><F113/><W49/><G110/><T52/><D133/><U130/><E132/><V114/><F131/><W58/><G116/><T72/><D125/><U76/><E76/><V101/><F124/><W51/><G31/><T89/><D75/><U38/><E130/><V120/><F120/><W30/><G30/><T111/><D111/><U134/><E134/><V11/><F114/><W70/><G70/><T44/><D10/><U106/><E33/><V105/><F105/><W127/><G127/><T13/><D63/><U67/><E67/><V50/><F101/><W3/><G3/><T112/><D112/><U45/><E106/><V61/><F50/><W104/><G8/><T24/><D13/><U119/><E119/><V129/><F129/><W36/><G36/><T20/><D20/><U47/><E1/><V85/><F11/><W122/><REACH who="3" step="1"/><G43/><REACH who="3" step="2"/><T128/><D128/><U108/><E108/><V35/><REACH who="2" step="1"/><F27/><REACH who="2" step="2"/><W81/><G81/><N who="0" m="45255" /><D44/><U4/><REACH who="1" step="1"/><E46/><REACH who="1" step="2"/><V2/><F2/><W115/><G115/><T86/><D56/><AGARI ba="0,3" hai="22,26,29,49,51,56,58,59,99,102,104,121,122,123" machi="56" ten="40,8000,1" yaku="1,1,53,3" doraHai="12" doraHaiUra="117" who="3" fromWho="0" sc="326,-80,89,0,170,0,385,110" /><INIT seed="6,0,0,5,0,25" ten="246,89,170,495" oya="2" hai0="83,121,103,98,68,117,47,1,130,67,105,23,22" hai1="57,89,19,96,16,20,10,54,120,91,51,74,119" hai2="75,61,106,52,86,44,125,40,45,65,116,97,58" hai3="118,127,66,122,53,38,77,15,59,94,90,134,6"/><V4/><F75/><W31/><G122/><T55/><D121/><U12/><E120/><V64/><F116/><W70/><G38/><T80/><D117/><U131/><E119/><V7/><F86/><W135/><G77/><T49/><D130/><U9/><E131/><V30/><F125/><W32/><G127/><T108/><D108/><U48/><E74/><V110/><F110/><W11/><G118/><T115/><D115/><U87/><E51/><V18/><F45/><W124/><G124/><T34/><D34/><U63/><E63/><V72/><F72/><W50/><G70/><T8/><D68/><U2/><E2/><V81/><F81/><W43/><G66/><T5/><D67/><U0/><E0/><V14/><F106/><W3/><G43/><T13/><D1/><U82/><REACH who="1" step="1"/><E19/><REACH who="1" step="2"/><V93/><F4/><W28/><G3/><T95/><D49/><U107/><E107/><V76/><F7/><W71/><G71/><T88/><D105/><U99/><E99/><V69/><F30/><W39/><G39/><T112/><D98/><U62/><E62/><V113/><F113/><W109/><G109/><T92/><D112/><U101/><E101/><V129/><F129/><W111/><G111/><T114/><D103/><U102/><E102/><N who="2" m="60719" /><F69/><W36/><G36/><T35/><D114/><U33/><E33/><V26/><F26/><W100/><G100/><T123/><D35/><U27/><E27/><V24/><F24/><N who="3" m="18439" /><G31/><T84/><D123/><U17/><E17/><V73/><F73/><W132/><G132/><T21/><D5/><U126/><E126/><RYUUKYOKU ba="0,1" sc="246,-15,79,15,170,-15,495,15" hai1="9,10,12,16,20,48,54,57,82,87,89,91,96" hai3="6,11,15,50,53,59,90,94,134,135" /><INIT seed="7,1,1,3,2,106" ten="231,94,155,510" oya="3" hai0="122,26,37,133,82,25,105,87,128,123,113,27,86" hai1="116,53,96,118,63,134,43,73,130,109,50,58,129" hai2="16,56,18,2,67,132,59,0,49,32,5,103,112" hai3="11,85,78,68,124,36,77,17,22,61,81,40,51"/><W120/><G120/><T101/><D37/><U102/><E109/><V34/><F103/><W69/><G36/><T35/><D35/><U94/><E134/><V104/><F104/><W55/><G11/><T23/><D133/><U72/><E43/><V80/><F132/><W74/><G40/><T4/><D4/><U88/><E63/><V135/><F135/><W8/><G8/><T28/><D101/><U47/><E47/><V48/><F80/><W13/><G124/><T110/><D82/><U7/><E7/><V126/><F67/><W76/><G74/><N who="1" m="28778" /><E102/><V60/><F5/><W115/><G69/><T98/><D110/><U1/><E1/><V29/><F60/><W41/><G68/><T111/><D111/><U83/><E83/><V46/><F46/><N who="3" m="26063" /><G115/><T100/><D113/><U108/><E108/><V117/><F112/><W33/><G33/><T92/><D123/><U52/><E53/><V89/><F89/><W70/><G70/><T64/><D122/><U57/><E57/><AGARI ba="1,1" hai="13,17,22,55,57,61,76,77,78,81,85" m="26063" machi="57" ten="30,1500,0" yaku="8,1" doraHai="106" who="3" fromWho="1" sc="231,0,94,-18,155,0,510,28" owari="231,3,76,-42,155,-24,538,63" /></mjloggm>