<mjloggm ver="2.3"><GO type="169" lobby="0"/><UN n0="%E5%AE%B6%E5%BA%AD%E6%95%99%E5%B8%AB" n1="%EF%BC%88%E2%89%A7%E2%96%BD%E2%89%A6%EF%BC%89" n2="%56%65%6E%75%73%53%61%79" n3="%E8%B7%AF%E5%9C%B0%E8%A3%8F%E3%81%AE%E3%81%B2%E3%81%BE%E3%82%8F%E3%82%8A" dan="16,17,17,17" rate="2025.81,2168.96,2185.80,2208.74" sx="M,M,M,M"/><TAIKYOKU oya="0"/><INIT seed="0,0,0,3,1,127" ten="250,250,250,250" oya="0" hai0="72,101,108,22,43,52,37,88,61,132,92,81,100" hai1="46,38,114,54,111,17,130,34,9,133,40,135,76" hai2="11,50,94,66,115,96,47,125,109,113,60,82,0" hai3="98,71,75,116,86,28,64,5,49,59,77,112,122"/><T83/><D43/><U119/><E119/><V57/><F125/><W73/><G116/><T29/><D37/><U23/><E34/><V32/><F32/><W26/><G5/><T87/><D72/><U67/><E67/><V84/><F109/><W104/><G59/><N who="0" m="35047" /><D108/><U21/><E111/><V103/><F11/><W6/><G6/><T123/><D123/><U42/><E76/><V1/><F115/><W8/><G75/><T74/><D74/><U107/><E107/><V124/><F113/><W10/><G73/><T25/><D132/><U18/><E114/><V3/><F124/><W91/><G77/><N who="0" m="46511" /><D83/><U58/><E40/><V70/><F70/><W120/><G112/><T31/><D31/><U4/><E135/><V41/><REACH who="2" step="1"/><F3/><REACH who="2" ten="250,250,240,250" step="2"/><W80/><G120/><T51/><D51/><U134/><E134/><V105/><F105/><W36/><G49/><T7/><D7/><U63/><E133/><V89/><AGARI ba="0,1" hai="0,1,41,47,50,57,60,66,82,84,89,94,96,103" machi="89" ten="20,5200,0" yaku="1,1,0,1,7,1,53,1" doraHai="127" doraHaiUra="99" who="2" fromWho="2" sc="250,-26,250,-13,240,62,250,-13" /><INIT seed="1,0,0,1,0,120" ten="224,237,302,237" oya="1" hai0="20,79,38,132,95,19,35,27,117,66,37,11,81" hai1="28,12,110,45,56,24,118,42,116,104,29,76,1" hai2="48,94,134,63,126,22,98,115,32,77,87,31,46" hai3="43,133,83,105,100,36,34,69,103,71,49,5,40"/><U129/><E104/><V15/><F32/><W52/><G34/><T61/><D117/><U135/><E1/><V121/><F121/><W10/><G133/><T86/><D132/><U131/><E135/><V26/><F115/><W41/><G36/><T9/><D35/><U114/><E76/><V109/><F126/><W51/><G83/><T85/><D38/><N who="1" m="21719" /><E114/><V96/><F134/><W13/><G51/><T0/><D0/><U47/><E47/><V64/><F15/><W112/><G112/><T55/><D37/><U119/><E12/><V125/><F125/><W62/><G62/><T72/><D72/><U113/><E113/><V78/><F98/><W107/><G107/><T6/><D6/><U124/><E124/><V123/><F123/><W75/><G75/><T30/><D30/><N who="1" m="11883" /><E56/><V90/><F78/><W106/><G106/><T128/><D128/><N who="1" m="49227" /><E24/><V3/><F3/><W53/><G105/><T88/><D55/><U67/><E67/><V70/><F77/><W97/><G53/><T17/><D17/><U108/><AGARI ba="0,0" hai="108,110,116,118,119" m="49227,11883,21719" machi="108" ten="50,9600,0" yaku="19,1,52,2" doraHai="120" who="1" fromWho="1" sc="224,-32,237,96,302,-32,237,-32" /><INIT seed="1,1,0,5,2,36" ten="192,333,270,205" oya="1" hai0="32,17,67,62,81,50,112,70,120,64,49,66,104" hai1="78,56,103,109,34,94,15,42,102,23,21,84,74" hai2="125,124,25,1,86,135,88,33,121,4,48,114,13" hai3="22,107,16,71,65,12,116,53,83,9,129,130,57"/><U30/><E34/><V40/><F121/><W26/><G116/><T24/><D104/><U80/><E109/><V97/><F1/><W5/><G107/><T8/><D120/><U39/><E74/><V54/><F114/><W43/><G43/><T27/><D50/><U92/><E30/><V93/><F135/><W7/><G83/><T28/><D112/><U98/><E56/><V77/><F33/><W76/><G76/><T123/><D123/><U20/><E15/><V100/><F25/><W87/><G87/><T101/><D101/><U14/><E14/><V105/><F77/><W82/><G82/><T89/><D8/><U122/><E122/><V18/><F4/><N who="3" m="3111" /><G65/><T29/><D17/><U63/><E63/><V73/><F73/><W59/><G71/><T2/><D2/><U113/><E113/><V95/><F105/><W79/><G59/><T72/><D72/><U44/><REACH who="1" step="1"/><E94/><REACH who="1" ten="192,323,270,205" step="2"/><V60/><F60/><N who="3" m="35887" /><G79/><T99/><D62/><U131/><E131/><AGARI ba="1,1" hai="5,7,16,22,26,129,130,131" m="35887,3111" machi="131" ten="30,2000,0" yaku="19,1,54,1" doraHai="36" who="3" fromWho="1" sc="192,0,323,-23,270,0,205,33" /><INIT seed="2,0,0,3,5,91" ten="192,300,270,238" oya="2" hai0="133,88,123,126,98,40,108,44,114,71,12,99,92" hai1="43,19,128,10,63,78,65,103,105,84,124,86,120" hai2="64,109,41,58,17,5,25,16,134,7,112,96,34" hai3="59,45,61,72,31,28,2,82,106,52,74,76,110"/><V130/><F112/><W77/><G110/><T102/><D71/><U11/><E124/><V18/><F130/><W54/><G106/><T83/><D108/><U97/><E128/><V135/><F109/><W26/><G2/><T37/><D123/><U69/><E120/><V27/><F41/><W127/><G127/><T23/><D126/><U70/><E70/><V121/><F121/><W53/><G31/><T48/><D114/><U131/><E131/><V95/><F64/><W73/><G45/><T55/><D133/><N who="2" m="50698" /><F58/><W90/><G90/><T119/><D119/><U50/><E43/><V46/><F46/><W79/><REACH who="3" step="1"/><G82/><REACH who="3" ten="192,300,270,228" step="2"/><T0/><D0/><U101/><E105/><V60/><F34/><AGARI ba="0,1" hai="26,28,34,52,53,54,59,61,72,73,74,76,77,79" machi="34" ten="50,6400,0" yaku="1,1,2,1,54,1,53,0" doraHai="91" doraHaiUra="116" who="3" fromWho="2" sc="192,0,300,0,270,-64,228,74" /><INIT seed="3,0,0,2,2,69" ten="192,300,206,302" oya="3" hai0="114,133,131,39,28,107,82,10,27,111,64,124,120" hai1="52,51,34,20,16,13,91,74,106,53,48,19,125" hai2="118,0,87,122,97,75,43,73,54,44,105,70,86" hai3="5,31,65,22,76,110,113,109,84,25,59,112,4"/><W68/><G68/><T12/><D107/><U81/><E34/><V6/><F54/><W90/><G76/><T47/><D120/><U60/><E106/><V37/><F87/><W67/><G113/><T92/><D64/><U36/><E125/><V57/><F57/><W35/><G35/><T33/><D124/><U41/><E74/><V129/><F86/><W88/><G112/><T63/><D63/><U2/><E2/><V130/><F118/><W24/><G59/><T50/><D114/><U9/><E60/><V30/><F30/><W119/><G119/><T89/><D82/><U135/><E135/><V71/><F122/><W72/><G72/><N who="2" m="27721" /><F130/><W15/><G15/><T115/><D133/><U3/><E81/><V101/><F129/><W100/><G84/><T128/><D115/><U26/><E91/><V46/><F46/><W42/><G22/><T108/><D89/><U23/><E51/><V121/><F121/><W99/><G99/><T55/><D92/><U58/><E53/><V56/><F56/><W103/><G31/><T29/><D29/><U17/><E17/><V104/><F104/><W134/><G134/><T85/><D85/><U80/><E80/><V123/><F123/><W66/><G66/><T79/><D79/><U18/><E18/><V21/><F21/><W94/><G42/><N who="0" m="23007" /><D10/><AGARI ba="0,0" hai="0,6,10,37,43,44,70,71,97,101,105" m="27721" machi="10" ten="30,3900,0" yaku="33,2,52,1" doraHai="69" who="2" fromWho="0" sc="192,-39,300,0,206,39,302,0" /><INIT seed="4,0,0,0,5,42" ten="153,300,245,302" oya="0" hai0="11,4,59,20,34,57,9,1,18,69,0,13,35" hai1="117,66,61,26,119,99,43,62,105,91,30,21,44" hai2="90,128,49,129,53,39,114,113,112,93,122,131,32" hai3="121,19,33,3,40,45,74,8,54,82,88,73,47"/><T127/><D69/><U52/><E62/><V133/><F32/><N who="0" m="12330" /><D127/><U111/><E111/><V100/><F122/><W64/><G121/><T102/><D102/><U96/><E96/><V92/><F39/><W16/><G33/><T72/><D72/><U51/><E43/><V81/><F133/><W109/><G64/><T123/><D59/><U71/><REACH who="1" step="1"/><E91/><REACH who="1" ten="153,290,245,302" step="2"/><V98/><F53/><W70/><G109/><T48/><D123/><U2/><E2/><N who="0" m="1129" /><D48/><U27/><E27/><V23/><F49/><W107/><G40/><T95/><D95/><U68/><E68/><V124/><F124/><W58/><G70/><T89/><D89/><U36/><E36/><V94/><F23/><W76/><G88/><T83/><D83/><U60/><E60/><V108/><F108/><W78/><G82/><T75/><D75/><U135/><E135/><V15/><F15/><W104/><G3/><N who="0" m="159" /><D57/><U103/><AGARI ba="0,1" hai="21,26,30,44,51,52,61,66,71,99,103,105,117,119" machi="103" ten="30,7900,0" yaku="1,1,0,1,52,1,54,1,53,0" doraHai="42" doraHaiUra="14" who="1" fromWho="1" sc="153,-39,290,89,245,-20,302,-20" /><INIT seed="5,0,0,5,4,125" ten="114,379,225,282" oya="1" hai0="84,118,120,123,61,6,102,86,64,121,11,46,113" hai1="56,92,76,128,40,23,18,8,29,48,10,34,17" hai2="33,127,69,31,36,117,15,50,112,72,95,57,105" hai3="93,28,133,66,30,100,35,103,14,62,37,97,79"/><U25/><E76/><V115/><F105/><W74/><G133/><T124/><D118/><U80/><E80/><V129/><F69/><W13/><G37/><T43/><D102/><U19/><E92/><V58/><F36/><W16/><G103/><T110/><D124/><U20/><E56/><V22/><F127/><W88/><G14/><T107/><D107/><U81/><E81/><V59/><F72/><W7/><G7/><T114/><D110/><U122/><E48/><V87/><F33/><W5/><G5/><T131/><D131/><U109/><E128/><V119/><F50/><W130/><G130/><T73/><D73/><U3/><E40/><V98/><F87/><W78/><G74/><T2/><D46/><U70/><E70/><V82/><F82/><W32/><G100/><T47/><D47/><U1/><E122/><V0/><F0/><N who="1" m="73" /><E109/><V71/><F71/><W45/><G45/><T108/><D43/><U96/><E96/><V63/><F63/><W44/><G44/><T77/><D108/><U104/><E104/><V68/><F68/><W75/><G75/><T91/><D77/><U21/><AGARI ba="0,0" hai="8,10,17,18,19,20,21,23,25,29,34" m="73" machi="21" ten="40,12000,1" yaku="35,5" doraHai="125" who="1" fromWho="1" sc="114,-40,379,120,225,-40,282,-40" /><INIT seed="5,1,0,0,5,92" ten="74,499,185,242" oya="1" hai0="5,121,110,52,59,19,73,26,41,22,123,42,129" hai1="24,81,12,76,112,23,119,75,77,68,25,105,35" hai2="9,29,32,99,126,94,30,111,58,90,125,113,54" hai3="8,36,101,117,134,34,2,72,48,15,37,80,47"/><U64/><E76/><V96/><F111/><W39/><G2/><T44/><D110/><U124/><E119/><V16/><F113/><W102/><G117/><T1/><D73/><U100/><E124/><N who="2" m="47723" /><F32/><W82/><G34/><T79/><D79/><U93/><E24/><V50/><F99/><W3/><G3/><T4/><D129/><U31/><E93/><V14/><AGARI ba="1,0" hai="9,14,16,29,30,50,54,58,90,94,96" m="47723" machi="14" ten="30,4000,0" yaku="18,1,52,1,54,1" doraHai="92" who="2" fromWho="2" sc="74,-11,499,-21,185,43,242,-11" /><INIT seed="6,0,0,1,1,129" ten="63,478,228,231" oya="2" hai0="78,113,63,10,51,35,115,85,71,9,128,7,74" hai1="44,120,8,130,17,45,100,70,101,91,69,105,121" hai2="68,117,116,58,87,11,6,57,88,118,95,122,18" hai3="106,90,61,59,26,41,83,75,107,97,19,28,20"/><V94/><F68/><W21/><G41/><T80/><D35/><U131/><E91/><V123/><F18/><W96/><G75/><T43/><D128/><N who="1" m="49195" /><E17/><V48/><F95/><N who="3" m="56439" /><G97/><T77/><D74/><U132/><E8/><V32/><F32/><W103/><G103/><T40/><D10/><U82/><E82/><V15/><REACH who="2" step="1"/><F48/><REACH who="2" ten="63,478,218,231" step="2"/><W110/><G107/><T46/><D43/><U66/><E105/><V4/><F4/><W37/><G106/><T34/><D34/><U135/><E69/><V13/><F13/><W112/><G37/><T54/><D71/><U52/><E121/><AGARI ba="0,1" hai="6,11,15,57,58,87,88,94,116,117,118,121,122,123" machi="121" ten="50,4800,0" yaku="1,1,54,1,53,0" doraHai="129" doraHaiUra="79" who="2" fromWho="1" sc="63,0,478,-48,218,58,231,0" /><INIT seed="6,1,0,3,3,32" ten="63,430,276,231" oya="2" hai0="75,128,40,47,8,125,30,127,27,41,109,81,86" hai1="19,80,76,39,116,77,94,59,16,63,124,49,70" hai2="6,44,133,132,129,45,66,120,69,10,31,72,26" hai3="21,33,74,68,107,91,114,17,118,34,135,126,3"/><V121/><F72/><W85/><RYUUKYOKU type="yao9" ba="1,0" sc="63,0,430,0,276,0,231,0" hai3="3,17,21,33,34,68,74,85,91,107,114,118,126,135" /><INIT seed="6,2,0,5,1,42" ten="63,430,276,231" oya="2" hai0="26,22,11,44,102,20,7,60,30,130,95,54,83" hai1="117,135,51,2,0,24,91,12,122,76,4,48,34" hai2="61,72,66,106,36,126,119,62,77,101,43,103,28" hai3="71,90,88,104,31,99,70,115,75,63,108,33,78"/><V45/><F119/><W15/><G108/><T124/><D130/><U67/><E117/><V3/><F126/><W129/><G129/><T114/><D124/><U97/><E122/><V13/><F28/><W17/><G115/><T121/><D121/><U131/><E131/><V105/><F62/><W27/><G78/><T1/><D114/><U41/><E76/><V132/><F132/><W9/><G75/><T57/><D83/><U37/><E37/><V125/><F125/><W49/><G49/><T85/><D22/><U93/><E67/><V100/><F3/><W8/><G8/><T38/><D102/><U80/><E135/><V65/><F13/><W64/><REACH who="3" step="1"/><G71/><REACH who="3" ten="63,430,276,221" step="2"/><T35/><D38/><U32/><E51/><V19/><F77/><W29/><G29/><T120/><D120/><U52/><E48/><V81/><F72/><W109/><G109/><T96/><D35/><U18/><E32/><V127/><F127/><W46/><G46/><T39/><D39/><U86/><E34/><V73/><F73/><W94/><G94/><T113/><D113/><U5/><E93/><V89/><F105/><W21/><G21/><T74/><D74/><U25/><E80/><V14/><F106/><W6/><G6/><T87/><REACH who="0" step="1"/><D44/><REACH who="0" ten="53,430,276,221" step="2"/><U118/><E118/><V53/><F81/><W133/><G133/><T58/><D58/><U47/><E47/><V128/><F128/><W40/><G40/><T112/><D112/><U123/><E41/><V56/><F89/><W134/><G134/><T68/><D68/><U98/><E91/><V116/><F116/><W82/><G82/><RYUUKYOKU ba="2,2" sc="53,10,430,-30,276,10,221,10" hai0="1,7,11,20,26,30,54,57,60,85,87,95,96" hai2="14,19,36,43,45,53,56,61,65,66,100,101,103" hai3="9,15,17,27,31,33,63,64,70,88,90,99,104" /><INIT seed="6,3,2,4,4,18" ten="63,400,286,231" oya="2" hai0="96,81,49,97,69,41,27,29,40,76,46,100,95" hai1="2,130,126,87,125,78,57,123,19,60,72,7,77" hai2="62,114,0,58,129,118,9,63,68,89,135,45,67" hai3="4,15,17,31,64,103,121,48,54,71,21,13,112"/><V22/><F118/><W133/><G121/><T131/><D69/><U43/><E72/><V23/><F114/><W42/><G112/><T50/><D131/><U55/><E130/><V107/><F129/><W102/><G42/><T30/><D97/><U116/><E116/><V92/><F107/><W113/><G113/><T124/><D124/><N who="1" m="47723" /><E123/><V108/><F135/><W70/><G31/><T122/><D122/><U51/><E19/><V11/><F45/><W93/><G133/><T117/><D117/><U44/><E87/><V32/><F32/><W99/><G103/><T90/><D100/><U82/><E82/><V47/><F47/><W39/><G64/><T24/><D41/><U25/><E25/><V26/><F108/><W134/><G39/><T94/><D94/><U128/><E128/><V37/><F37/><W115/><G115/><T16/><D24/><U91/><E91/><V104/><F104/><W98/><G98/><T83/><D50/><U8/><AGARI ba="3,2" hai="2,7,8,43,44,51,55,57,60,77,78" m="47723" machi="8" ten="30,1100,0" yaku="18,1" doraHai="18" who="1" fromWho="1" sc="63,-6,400,40,286,-8,231,-6" /><INIT seed="7,0,0,0,5,104" ten="57,440,278,225" oya="3" hai0="132,44,70,27,111,78,46,64,31,96,25,2,1" hai1="115,135,102,92,37,128,118,7,95,74,10,4,24" hai2="98,50,109,106,114,103,43,97,134,40,33,107,54" hai3="11,62,49,41,89,83,94,130,67,126,81,76,0"/><W51/><G126/><T3/><D64/><U80/><E4/><V65/><F109/><W56/><G130/><T20/><D78/><U113/><E118/><V93/><F33/><W71/><G71/><T101/><D70/><U28/><E37/><V58/><F134/><W52/><G41/><T66/><D66/><U45/><E45/><V125/><F125/><W72/><G83/><T8/><D132/><U16/><E16/><V75/><F75/><W68/><G51/><T77/><D77/><N who="1" m="44087" /><E102/><V36/><F114/><N who="1" m="43529" /><E128/><V116/><F116/><W26/><G26/><T35/><D111/><U21/><E135/><V47/><F43/><W14/><G0/><AGARI ba="0,0" hai="0,7,10,21,24,28,92,95" m="43529,44087" machi="0" ten="30,2000,0" yaku="15,1,52,1" doraHai="104" who="1" fromWho="3" sc="57,0,440,20,278,0,225,-20" owari="57,-44.0,460,55.0,278,8.0,205,-19.0" /></mjloggm>