<mjloggm ver="2.3"><GO type="41"/><UN n0="%EF%BC%88%E2%89%A7%E2%96%BD%E2%89%A6%EF%BC%89" n1="%E6%A0%9E" n2="%E5%BE%85%E3%81%9F%E3%82%8C%E3%82%88%EF%BC%81%EF%BC%81" n3="%E3%82%B9%E3%83%88%E3%83%AC%E3%83%BC%E3%83%88%E3%83%86%E3%82%A3%E3%83%BC" dan="15,13,13,13" rate="1993,1802,1954,1915" sx="M,F,F,M"/><TAIKYOKU oya="0"/><INIT seed="0,0,0,1,4,90" ten="250,250,250,250" oya="0" hai0="11,107,99,59,15,100,9,105,18,52,58,0,71" hai1="87,97,96,102,126,85,24,133,134,47,76,39,64" hai2="67,27,129,120,98,93,44,57,127,46,56,94,19" hai3="33,70,30,2,88,118,3,69,92,28,84,66,21"/><T7/><D71/><U80/><E64/><V132/><F120/><W43/><G118/><T12/><D107/><N who="1" m="63943" /><E47/><N who="2" m="17963" /><F132/><N who="1" m="50793" /><E24/><V51/><F129/><W62/><G43/><T54/><REACH who="0" step="1"/><D0/><REACH who="0" ten="240,250,250,250" step="2"/><U77/><E39/><V32/><F127/><W37/><G69/><T34/><D34/><U78/><E126/><V106/><F106/><W128/><G2/><T45/><D45/><U122/><E122/><V72/><F57/><AGARI ba="0,1" hai="7,9,11,12,15,18,52,54,57,58,59,99,100,105" machi="57" ten="40,3900,0" yaku="1,1,54,1,53,0" doraHai="90" doraHaiUra="23" who="0" fromWho="2" sc="240,49,250,0,250,-39,250,0" /><INIT seed="0,1,0,2,4,23" ten="289,250,211,250" oya="0" hai0="109,2,26,127,76,34,53,95,8,29,45,131,19" hai1="3,134,84,112,35,66,126,74,107,104,78,130,33" hai2="32,106,15,62,61,110,101,51,86,24,17,54,46" hai3="108,94,96,124,83,40,42,58,70,102,5,90,98"/><T85/><D127/><U43/><E84/><V10/><F110/><W60/><G124/><T91/><D109/><U119/><E66/><V0/><F0/><W105/><G108/><T65/><D131/><U116/><E43/><V93/><F106/><W55/><G70/><T13/><D65/><U129/><E126/><V16/><F32/><W39/><G39/><T121/><D121/><U132/><E78/><V97/><F86/><W6/><G83/><T64/><D64/><U120/><E3/><V44/><F46/><W28/><G28/><T37/><D2/><U1/><E1/><V79/><F79/><W63/><G63/><T125/><D125/><U99/><E99/><V82/><F82/><W111/><G111/><T49/><D37/><U68/><E120/><V27/><F17/><W47/><REACH who="3" step="1"/><G47/><REACH who="3" ten="289,250,211,240" step="2"/><T12/><D76/><U14/><E68/><V114/><REACH who="2" step="1"/><F114/><REACH who="2" ten="289,250,201,240" step="2"/><W56/><G56/><T9/><REACH who="0" step="1"/><D13/><REACH who="0" ten="279,250,201,240" step="2"/><U38/><E14/><V87/><F87/><W80/><G80/><T25/><D25/><AGARI ba="1,3" hai="10,15,16,24,25,27,44,51,54,61,62,93,97,101" machi="25" ten="40,12000,2" yaku="1,1,8,1,52,3,54,1,53,1" doraHai="23" doraHaiUra="41" who="2" fromWho="0" sc="279,-123,250,0,201,153,240,0" /><INIT seed="1,0,0,2,3,13" ten="156,250,354,240" oya="1" hai0="83,57,21,129,114,23,22,80,118,110,45,91,106" hai1="7,87,107,101,31,108,43,3,76,90,70,4,34" hai2="60,64,14,71,0,86,126,102,84,131,8,29,25" hai3="38,122,109,133,130,95,100,1,125,58,33,92,28"/><U15/><E70/><V18/><F0/><W77/><G122/><T113/><D118/><U35/><E43/><V112/><F131/><W9/><G130/><T121/><D129/><U19/><E76/><V65/><F126/><W96/><G125/><T115/><D121/><U50/><E50/><V81/><F112/><W17/><G38/><T46/><D110/><U85/><E108/><V10/><F10/><W48/><G109/><T111/><D111/><U97/><E3/><V105/><F65/><W30/><G133/><T127/><D127/><U82/><E87/><V42/><F42/><W49/><G77/><T44/><D106/><U135/><E135/><V119/><F119/><W66/><G33/><T53/><REACH who="0" step="1"/><D91/><REACH who="0" ten="146,250,354,240" step="2"/><U93/><E107/><V47/><F105/><W68/><G100/><T128/><D128/><U67/><E67/><V117/><F102/><W16/><G96/><T56/><D56/><U2/><E2/><V89/><F117/><W123/><G92/><T37/><D37/><U27/><REACH who="1" step="1"/><E35/><REACH who="1" ten="146,240,354,240" step="2"/><V134/><F64/><W79/><G123/><T39/><D39/><U20/><AGARI ba="0,2" hai="4,7,15,19,20,27,31,34,82,85,90,93,97,101" machi="20" ten="20,12000,1" yaku="1,1,2,1,0,1,7,1,52,1,53,0" doraHai="13" doraHaiUra="73" who="1" fromWho="1" sc="146,-40,240,140,354,-40,240,-40" /><INIT seed="1,1,0,5,0,57" ten="106,380,314,200" oya="1" hai0="36,97,54,115,104,120,60,19,107,33,43,122,39" hai1="109,52,17,9,41,61,18,132,74,13,8,59,96" hai2="49,101,29,84,31,35,82,112,68,1,6,2,67" hai3="79,0,98,11,85,130,83,37,118,134,76,93,32"/><U80/><E132/><V113/><F101/><W38/><G134/><T51/><D33/><U117/><E117/><V129/><F129/><W127/><G118/><T24/><D115/><N who="2" m="44106" /><F49/><W108/><G130/><T81/><D81/><U72/><E41/><V50/><F50/><W42/><G32/><T14/><D24/><U131/><E131/><V73/><F73/><W3/><G127/><T4/><D4/><U55/><E96/><V95/><F95/><W70/><G70/><T69/><D97/><U66/><E109/><V64/><F35/><W40/><G108/><T86/><D86/><U5/><E80/><V88/><F6/><W87/><G11/><N who="0" m="6623" /><D107/><U135/><E135/><V99/><F99/><W23/><G23/><T15/><D104/><U114/><E114/><V111/><F111/><W90/><G0/><N who="2" m="105" /><F67/><W105/><G3/><T128/><D128/><U7/><E74/><V110/><F110/><W44/><G105/><T45/><D36/><U92/><E72/><V63/><AGARI ba="1,0" hai="29,31,63,64,68,82,84,88" m="105,44106" machi="63" ten="40,5200,0" yaku="11,1,52,1,54,1" doraHai="57" who="2" fromWho="2" sc="106,-14,380,-27,314,55,200,-14" /><INIT seed="2,0,0,4,1,90" ten="92,353,369,186" oya="2" hai0="71,23,97,124,13,12,64,51,48,37,19,119,133" hai1="96,73,57,85,31,91,134,76,93,17,54,89,11" hai2="65,40,83,103,67,113,117,22,112,4,60,15,29" hai3="6,128,69,36,68,7,18,16,44,14,39,45,63"/><V82/><F117/><W61/><REACH who="3" step="1"/><G14/><REACH who="3" ten="92,353,369,176" step="2"/><T28/><D12/><N who="1" m="7327" /><E73/><V2/><F15/><W47/><G47/><T98/><D13/><U121/><E121/><V122/><F122/><W79/><G79/><T20/><D119/><U21/><E134/><V24/><F113/><W84/><G84/><T123/><D133/><U107/><E76/><V109/><F112/><W87/><G87/><T9/><D123/><U110/><E85/><V30/><F2/><W120/><G120/><T53/><D9/><U1/><E1/><V106/><F109/><W55/><G55/><T3/><D53/><U102/><E110/><V105/><F4/><W10/><G10/><T111/><D3/><U62/><E107/><V92/><F106/><W132/><G132/><T77/><D77/><U80/><E80/><V25/><F83/><W52/><G52/><T38/><D111/><U78/><E78/><V41/><F82/><W130/><AGARI ba="0,1" hai="6,7,16,18,36,39,44,45,61,63,68,69,128,130" machi="130" ten="25,16000,3" yaku="21,2,0,1,22,2,54,1,53,2" doraHai="90" doraHaiUra="42" who="3" fromWho="3" sc="92,-40,353,-40,369,-80,176,170" /><INIT seed="3,0,0,2,0,84" ten="52,313,289,346" oya="3" hai0="5,18,0,72,61,24,47,76,89,51,78,122,40" hai1="17,120,98,109,119,133,63,29,127,121,49,46,34" hai2="97,6,77,13,100,88,110,7,54,104,82,124,73" hai3="23,85,35,8,39,71,101,64,10,103,129,2,56"/><W74/><G35/><T38/><D122/><U80/><E34/><V19/><F110/><W117/><G117/><T53/><D72/><U22/><E119/><V21/><F124/><W135/><G74/><T128/><D128/><U14/><E109/><V114/><F114/><W30/><G129/><T86/><D61/><U70/><E127/><V25/><F54/><W112/><G112/><T75/><D75/><U36/><E29/><V93/><REACH who="2" step="1"/><F25/><REACH who="2" ten="52,313,279,346" step="2"/><W99/><G64/><T59/><D24/><U123/><E120/><V42/><F42/><W115/><G115/><T113/><D113/><U95/><E121/><V4/><F4/><W102/><G39/><T37/><D37/><U28/><E123/><V108/><F108/><W52/><G71/><T11/><REACH who="0" step="1"/><D18/><REACH who="0" ten="42,313,279,346" step="2"/><U83/><E36/><V92/><F92/><AGARI ba="0,2" hai="0,5,11,38,40,47,51,53,59,76,78,86,89,92" machi="92" ten="30,7700,0" yaku="1,1,2,1,7,1,52,1,53,0" doraHai="84" doraHaiUra="66" who="0" fromWho="2" sc="42,97,313,0,279,-77,346,0" /><INIT seed="4,0,0,5,4,94" ten="139,313,202,346" oya="0" hai0="48,45,55,25,135,123,120,38,63,61,78,40,128" hai1="98,2,67,77,15,27,91,70,112,97,72,7,125" hai2="68,87,18,96,101,99,11,132,50,84,124,114,81" hai3="23,24,129,17,119,105,1,58,108,79,49,126,76"/><T43/><D78/><U121/><E121/><N who="0" m="46665" /><D25/><U33/><E2/><V69/><F114/><W80/><G119/><T52/><D128/><U73/><E112/><V107/><F132/><W74/><G129/><T82/><D82/><U131/><E131/><V64/><F124/><W66/><G126/><T44/><D135/><U53/><E125/><V62/><F68/><W109/><G105/><T118/><D118/><U110/><E53/><AGARI ba="0,0" hai="38,40,43,44,45,48,52,53,55,61,63" m="46665" machi="53" ten="30,5800,0" yaku="34,2,54,1" doraHai="94" who="0" fromWho="1" sc="139,58,313,-58,202,0,346,0" /><INIT seed="4,1,0,0,2,133" ten="197,255,202,346" oya="0" hai0="12,129,22,46,117,123,10,74,67,15,102,7,52" hai1="45,23,125,27,108,21,135,81,128,2,78,19,97" hai2="68,17,88,100,50,72,113,99,0,111,33,79,98" hai3="51,87,107,47,76,57,53,3,24,54,131,75,64"/><T37/><D123/><U90/><E108/><V16/><F111/><W20/><G75/><T122/><D122/><U58/><E2/><V114/><F0/><W73/><G73/><T1/><D117/><U28/><E135/><V26/><F68/><W92/><G64/><T105/><D74/><U42/><E128/><V5/><F5/><W41/><G131/><T31/><D129/><U11/><E11/><V94/><F50/><W110/><G110/><T103/><D67/><U89/><E125/><V118/><F118/><W116/><G116/><T13/><D105/><U43/><E97/><V14/><F79/><W32/><G32/><T62/><D37/><U91/><E58/><V121/><F72/><W120/><G120/><T104/><D104/><U60/><E60/><V106/><F121/><W38/><G107/><T8/><D8/><U127/><E127/><V69/><F69/><W124/><G3/><T9/><D9/><U83/><E45/><V112/><F14/><W70/><G124/><T35/><D35/><U55/><E55/><V18/><F33/><W30/><G70/><T56/><REACH who="0" step="1"/><D46/><REACH who="0" ten="187,255,202,346" step="2"/><U44/><E44/><V4/><REACH who="2" step="1"/><F4/><REACH who="2" ten="187,255,192,346" step="2"/><W96/><G38/><T49/><D49/><U71/><E71/><V36/><F36/><W59/><G47/><T101/><D101/><U82/><REACH who="1" step="1"/><E78/><REACH who="1" ten="187,245,192,346" step="2"/><V95/><F95/><W86/><G51/><T77/><D77/><U85/><E85/><V93/><F93/><W65/><G76/><T39/><D39/><U63/><E63/><V29/><F29/><W34/><G86/><T80/><D80/><U109/><E109/><RYUUKYOKU ba="1,3" sc="187,10,245,10,192,10,346,-30" hai0="1,7,10,12,13,15,22,31,52,56,62,102,103" hai1="19,21,23,27,28,42,43,81,82,83,89,90,91" hai2="16,17,18,26,88,94,98,99,100,106,112,113,114" /><INIT seed="4,2,3,0,3,22" ten="197,255,202,316" oya="0" hai0="18,24,94,95,109,26,32,121,21,127,69,104,80" hai1="126,87,53,75,107,81,67,66,20,101,116,117,99" hai2="9,12,84,131,10,55,64,120,27,2,44,122,98" hai3="110,92,123,28,88,91,86,124,39,134,50,73,56"/><T71/><D121/><U6/><E6/><V77/><F64/><W15/><G110/><T102/><D109/><U93/><E20/><V60/><F98/><W40/><G123/><T43/><D127/><U38/><E38/><V133/><F133/><W52/><G124/><T48/><D104/><U118/><E126/><V46/><F131/><W29/><G134/><T63/><D80/><U105/><E53/><V83/><F2/><W8/><G73/><T72/><D72/><U54/><E54/><V97/><F97/><W5/><REACH who="3" step="1"/><G91/><REACH who="3" ten="197,255,202,306" step="2"/><T96/><D94/><U79/><E107/><V0/><F122/><W17/><G17/><T16/><D18/><U58/><E58/><V36/><F120/><W114/><G114/><T89/><D89/><AGARI ba="2,4" hai="66,67,75,79,81,87,89,93,99,101,105,116,117,118" machi="89" ten="40,2600,0" yaku="24,2" doraHai="22" who="1" fromWho="0" sc="197,-32,255,72,202,0,306,0" /><INIT seed="5,0,0,4,0,49" ten="165,327,202,306" oya="1" hai0="79,5,41,39,15,20,106,34,80,18,76,46,85" hai1="133,81,36,104,37,112,67,66,4,89,130,10,23" hai2="33,135,124,84,0,54,111,78,120,28,3,110,108" hai3="86,47,35,99,70,103,96,13,57,68,74,98,77"/><U121/><E104/><V119/><F119/><W109/><G35/><T7/><D106/><U6/><E121/><V48/><F120/><W73/><G109/><T95/><D34/><U97/><E112/><V134/><F124/><W93/><G47/><T59/><D76/><U102/><E133/><N who="2" m="50699" /><F33/><W50/><G86/><T75/><D75/><U29/><E130/><V82/><F28/><W11/><G103/><T17/><D95/><U114/><E114/><V127/><F127/><W107/><G93/><T118/><D118/><U60/><E102/><V117/><F117/><W132/><G107/><T115/><D115/><U30/><E23/><V63/><F63/><W55/><G132/><T58/><D58/><AGARI ba="0,0" hai="0,3,48,54,58,78,82,84,108,110,111" m="50699" machi="58" ten="40,2600,0" yaku="20,1,52,1" doraHai="49" who="2" fromWho="0" sc="165,-26,327,0,202,26,306,0" /><INIT seed="6,0,0,5,3,39" ten="139,327,228,306" oya="2" hai0="106,84,112,77,42,107,2,51,15,13,3,78,32" hai1="22,114,26,85,1,9,38,89,21,129,43,101,99" hai2="130,63,102,111,125,113,41,76,60,104,80,16,57" hai3="88,66,59,33,96,14,83,108,73,25,121,67,132"/><V90/><F113/><W116/><G116/><T7/><D51/><U45/><E114/><V124/><F130/><W100/><G121/><T109/><D112/><U37/><E129/><V87/><F111/><W91/><G108/><T126/><D109/><U122/><E122/><V23/><F76/><W134/><G14/><T72/><D84/><U131/><E131/><V11/><F11/><W29/><G59/><T27/><D27/><U86/><E1/><V64/><F63/><W4/><G4/><T30/><D30/><U6/><E37/><V10/><F10/><W92/><G73/><T31/><D31/><U117/><E117/><V75/><F75/><W93/><G83/><T133/><D133/><N who="3" m="51305" /><G100/><T40/><D126/><N who="2" m="48746" /><F104/><W62/><G62/><T97/><D72/><U44/><E45/><V81/><F102/><W119/><G119/><T19/><D97/><AGARI ba="0,0" hai="25,29,33,66,67,88,91,92,93,96,97" m="51305" machi="97" ten="30,2000,0" yaku="20,1,54,1" doraHai="39" who="3" fromWho="0" sc="139,-20,327,0,228,0,306,20" /><INIT seed="7,0,0,3,3,62" ten="119,327,228,326" oya="3" hai0="105,3,85,83,30,91,98,29,44,4,64,31,40" hai1="112,84,65,39,78,114,34,118,55,126,75,50,63" hai2="11,42,82,32,24,6,100,102,35,12,16,104,97" hai3="74,8,111,69,131,15,27,21,58,38,46,68,88"/><W72/><G111/><T23/><D3/><U117/><E34/><V36/><F102/><W122/><G122/><T20/><D4/><U19/><E75/><V2/><F24/><W109/><G109/><T28/><N who="0" m="7168" /><DORA hai="17" /><T10/><D10/><U106/><E106/><V14/><F82/><W47/><G131/><T53/><D53/><U70/><E126/><V128/><F128/><W79/><G21/><T80/><D80/><N who="1" m="47127" /><E39/><V71/><F71/><W92/><G27/><T107/><D64/><U18/><E19/><V49/><F36/><W94/><G58/><T9/><D9/><U86/><E86/><V76/><F76/><W87/><G92/><T59/><D59/><N who="1" m="33271" /><E18/><V108/><F108/><W13/><G38/><T37/><REACH who="0" step="1"/><D98/><REACH who="0" ten="109,327,228,326" step="2"/><U7/><E7/><V41/><F2/><W48/><G68/><T125/><D125/><U5/><E5/><V115/><F6/><W45/><G69/><T133/><D133/><U116/><AGARI ba="0,1" hai="63,65,70,112,114,116,117,118" m="33271,47127" machi="116" ten="40,2700,0" yaku="12,1,52,1" doraHai="62,17" who="1" fromWho="1" sc="109,-7,327,37,228,-7,326,-13" owari="102,-40.0,364,47.0,221,-18.0,313,11.0" /></mjloggm>