<mjloggm ver="2.3"><GO type="169" lobby="0"/><UN n0="%E3%82%8A%E3%81%A8%E3%82%8B%E3%80%82%E3%80%82" n1="%74%61%63%6F%73" n2="%EF%BC%88%E2%89%A7%E2%96%BD%E2%89%A6%EF%BC%89" n3="%61%62%61%6E%74%65%73" dan="16,17,18,16" rate="2097.53,2148.20,2173.15,2138.54" sx="M,M,F,M"/><TAIKYOKU oya="0"/><INIT seed="0,0,0,5,0,99" ten="250,250,250,250" oya="0" hai0="58,20,57,3,13,135,56,114,51,63,88,7,123" hai1="74,81,95,73,4,106,122,112,113,127,45,31,133" hai2="65,86,118,90,42,128,19,70,54,30,109,12,14" hai3="24,100,107,104,60,87,48,50,15,66,59,130,134"/><T26/><D114/><N who="1" m="44139" /><E106/><V43/><F19/><W76/><G130/><T11/><D123/><U117/><E117/><V34/><F30/><W91/><G134/><T21/><D135/><U94/><E122/><V77/><F34/><W39/><G39/><T108/><D108/><U78/><E73/><V33/><F33/><W64/><G76/><T62/><D3/><U16/><E31/><V32/><F32/><W49/><G24/><T92/><D51/><U25/><E4/><V80/><F118/><W116/><G116/><T119/><D119/><U52/><E127/><V6/><F109/><W84/><G84/><T126/><D126/><U103/><E103/><V38/><F38/><W55/><G15/><T29/><REACH who="0" step="1"/><D20/><REACH who="0" ten="240,250,250,250" step="2"/><N who="1" m="13447" /><E133/><V115/><F115/><W110/><G110/><T83/><D83/><U9/><E9/><V10/><F80/><W37/><G37/><T131/><D131/><U96/><E96/><AGARI ba="0,1" hai="7,11,13,21,26,29,56,57,58,62,63,88,92,96" machi="96" ten="40,7700,0" yaku="1,1,8,1,54,1,53,0" doraHai="99" doraHaiUra="46" who="0" fromWho="1" sc="240,87,250,-77,250,0,250,0" /><INIT seed="0,1,0,2,4,12" ten="327,173,250,250" oya="0" hai0="19,111,84,58,94,117,48,64,11,99,59,80,123" hai1="39,26,85,4,87,9,30,47,38,16,63,62,13" hai2="70,124,77,27,105,120,17,69,93,76,100,115,132" hai3="5,126,23,53,104,88,61,110,116,10,1,129,57"/><T125/><D117/><U45/><E38/><V35/><F120/><W90/><G116/><T82/><D123/><U127/><E127/><V67/><F115/><W50/><G104/><T118/><D118/><U91/><E39/><V37/><F37/><W71/><G126/><T68/><D68/><U121/><E121/><V83/><F124/><W133/><G110/><T49/><D125/><U51/><E4/><V131/><F105/><W20/><G129/><T122/><D122/><U66/><E66/><V128/><F132/><W24/><G133/><T41/><D111/><U107/><E107/><V52/><F35/><W134/><G134/><T56/><D64/><U33/><E47/><V92/><F67/><W101/><G101/><T3/><D41/><U36/><E36/><V8/><F100/><W60/><G71/><T6/><D19/><U15/><E15/><N who="2" m="7399" /><F27/><W72/><G72/><T40/><D40/><U55/><REACH who="1" step="1"/><E87/><REACH who="1" ten="327,163,250,250" step="2"/><N who="2" m="48615" /><F131/><W28/><REACH who="3" step="1"/><G23/><REACH who="3" ten="327,163,250,240" step="2"/><T74/><D74/><U119/><E119/><V106/><F106/><W114/><G114/><T65/><D65/><U46/><E46/><V79/><F128/><W2/><G2/><T18/><D3/><U75/><E75/><V21/><F70/><W81/><G81/><AGARI ba="1,2" hai="9,13,16,26,30,33,45,51,55,62,63,81,85,91" machi="81" ten="30,12000,2" yaku="1,1,7,1,25,2,52,1,54,1,53,1" doraHai="12" doraHaiUra="22" who="1" fromWho="3" sc="327,0,163,143,250,0,240,-123" /><INIT seed="1,0,0,2,1,131" ten="327,306,250,117" oya="1" hai0="124,68,49,31,36,56,70,0,114,127,47,115,107" hai1="64,65,92,48,63,61,108,84,98,121,101,110,85" hai2="132,130,18,46,38,78,135,19,1,123,44,35,93" hai3="37,82,102,32,9,15,21,41,3,24,6,111,57"/><U106/><E121/><V14/><F35/><W54/><G111/><N who="1" m="42538" /><E48/><V122/><F1/><W113/><G113/><N who="0" m="43019" /><D0/><U103/><E103/><V10/><F78/><W51/><G102/><T75/><D75/><U134/><E134/><N who="2" m="51243" /><F130/><W125/><G125/><N who="0" m="48203" /><D31/><U22/><E22/><N who="2" m="11607" /><F93/><W27/><G82/><T128/><D107/><U77/><E77/><V60/><F60/><N who="1" m="23113" /><E92/><V17/><F38/><W95/><G95/><T117/><D117/><U34/><E34/><V42/><F10/><W87/><G32/><T104/><D104/><U28/><E106/><V66/><F66/><W99/><G37/><T109/><D128/><U118/><E64/><V90/><F90/><W88/><G88/><T126/><D126/><U74/><E65/><V80/><F80/><W71/><G9/><T81/><D81/><U53/><E118/><V69/><F69/><W29/><G71/><T40/><D109/><U26/><E101/><V16/><F42/><W133/><G41/><T4/><D4/><U5/><E5/><V33/><F33/><W67/><G3/><T25/><D25/><U97/><E26/><V112/><F112/><W129/><G27/><T94/><D94/><U119/><E119/><V83/><F83/><W52/><G129/><T91/><D91/><U45/><E74/><V120/><AGARI ba="0,0" hai="16,17,19,44,46,120,122,123" m="11607,51243" machi="120" ten="40,8000,1" yaku="20,1,52,3,54,1" doraHai="131" who="2" fromWho="2" sc="327,-20,306,-40,250,80,117,-20" /><INIT seed="2,0,0,5,1,75" ten="307,266,330,97" oya="2" hai0="130,6,57,94,21,67,74,123,116,98,52,119,66" hai1="59,64,5,20,69,13,65,50,132,24,40,41,87" hai2="38,93,25,117,47,102,76,23,17,28,11,96,88" hai3="2,86,36,120,29,111,44,122,134,26,0,103,124"/><V31/><F117/><N who="0" m="45130" /><D74/><U27/><E69/><V79/><F38/><W82/><G111/><T133/><D123/><U71/><E71/><V49/><F102/><W18/><G124/><T126/><D126/><U115/><E115/><V14/><F31/><W39/><G134/><T4/><D130/><U89/><E132/><V68/><F68/><W107/><G18/><T83/><D83/><U46/><E41/><AGARI ba="0,0" hai="11,14,17,23,25,28,41,47,49,76,79,88,93,96" machi="41" ten="30,12000,1" yaku="7,1,8,1,52,2,54,1" doraHai="75" who="2" fromWho="1" sc="307,0,266,-120,330,120,97,0" /><INIT seed="2,1,0,2,4,119" ten="307,146,450,97" oya="2" hai0="19,47,64,9,53,62,93,118,48,114,74,28,24" hai1="133,132,12,113,34,129,127,87,38,130,20,91,89" hai2="81,128,29,83,92,101,0,51,122,90,125,67,3" hai3="49,40,16,57,63,8,72,5,21,121,69,102,44"/><V71/><F71/><W123/><G72/><T76/><D114/><U65/><E38/><V23/><F67/><W45/><G69/><T55/><D118/><U115/><E65/><V50/><F128/><N who="1" m="49257" /><E34/><V84/><F125/><W33/><G33/><T77/><D74/><U60/><E60/><V107/><F107/><W68/><G68/><T30/><D55/><U85/><E20/><V126/><F126/><W94/><G45/><T109/><D109/><U78/><E78/><V116/><F116/><W134/><G134/><N who="1" m="51818" /><E12/><V52/><F0/><W56/><G56/><T80/><D30/><U70/><E70/><V25/><F3/><W6/><G57/><T66/><D62/><U14/><E14/><V111/><F51/><W104/><G63/><T103/><D76/><U82/><E127/><V37/><F37/><W1/><G6/><T54/><D54/><U11/><E11/><V26/><F52/><W7/><G7/><T95/><D66/><U98/><E98/><V96/><F50/><W36/><G36/><T41/><D53/><U17/><E17/><V58/><F96/><W75/><G75/><T117/><D64/><U18/><E18/><V135/><F135/><W35/><G35/><N who="0" m="20871" /><D117/><U39/><E39/><V99/><F99/><W32/><G32/><T27/><D103/><U88/><E88/><V105/><F101/><W97/><G94/><AGARI ba="1,0" hai="82,85,87,89,91,94,113,115" m="51818,49257" machi="94" ten="30,7700,0" yaku="19,1,20,1,34,2" doraHai="119" who="1" fromWho="3" sc="307,0,146,80,450,0,97,-80" /><INIT seed="3,0,0,2,2,47" ten="307,226,450,17" oya="3" hai0="109,99,74,64,110,40,15,3,91,61,30,123,73" hai1="129,31,86,45,135,67,26,49,4,50,81,58,127" hai2="2,23,71,62,82,27,85,87,19,14,131,69,130" hai3="106,11,75,39,65,20,41,10,37,89,63,90,54"/><W108/><G106/><T128/><D3/><U80/><E129/><N who="2" m="49163" /><F2/><W132/><G75/><T114/><D123/><U92/><E127/><V29/><F62/><W36/><G132/><T98/><D128/><U21/><E4/><V53/><F53/><W0/><G108/><T5/><D30/><U48/><E135/><V34/><F85/><W104/><G104/><T105/><D40/><N who="1" m="24615" /><E92/><V88/><AGARI ba="0,0" hai="14,19,23,27,29,34,69,71,82,87,88" m="49163" machi="88" ten="30,2000,0" yaku="19,1,54,1" doraHai="47" who="2" fromWho="2" sc="307,-5,226,-5,450,20,17,-10" /><INIT seed="4,0,0,0,2,123" ten="302,221,470,7" oya="0" hai0="46,87,17,20,68,23,74,91,64,58,2,49,16" hai1="12,96,57,38,13,93,101,47,111,118,37,85,130" hai2="62,30,25,97,132,120,110,99,40,115,82,80,95" hai3="73,77,122,3,107,21,84,27,72,131,119,102,51"/><T34/><D34/><U105/><E118/><V44/><F120/><W52/><G3/><T6/><D74/><U59/><E111/><V106/><F110/><W48/><G122/><T75/><D75/><U117/><E117/><V103/><F62/><W86/><G119/><T14/><D68/><U126/><E126/><V0/><F0/><W32/><G32/><T31/><D31/><U78/><E130/><V28/><F115/><W71/><G71/><T92/><D2/><U56/><E47/><V108/><F108/><W127/><G127/><T128/><D6/><U55/><E55/><V50/><F30/><W79/><G131/><T114/><D114/><U112/><E112/><V135/><F132/><W45/><G73/><T11/><D128/><U88/><REACH who="1" step="1"/><E78/><REACH who="1" ten="302,211,470,7" step="2"/><N who="3" m="29706" /><G72/><T134/><D134/><U61/><E61/><V35/><F135/><W129/><G129/><T10/><D64/><U116/><E116/><V66/><F66/><W22/><G107/><T89/><D58/><U8/><E8/><V53/><F53/><N who="3" m="29839" /><G102/><AGARI ba="0,1" hai="25,28,35,40,44,50,80,82,95,97,99,102,103,106" machi="102" ten="30,1000,0" yaku="7,1" doraHai="123" who="2" fromWho="3" sc="302,0,211,0,470,20,7,-10" owari="302,10.0,211,-19.0,490,59.0,-3,-50.0" /></mjloggm>