<mjloggm ver="2.3"><GO type="41"/><UN n0="%73%2E%77%61%64%61" n1="%EF%BC%88%E2%89%A7%E2%96%BD%E2%89%A6%EF%BC%89" n2="%74%2E%6D%69%6B%65" n3="%78%E3%81%AB%E3%83%BC%E3%81%8F%E3%82%93%78" dan="14,15,14,13" rate="1910,1970,1877,1834" sx="M,M,M,M"/><TAIKYOKU oya="0"/><INIT seed="0,0,0,2,4,39" ten="250,250,250,250" oya="0" hai0="78,91,92,127,73,1,42,74,89,54,53,65,75" hai1="14,60,33,132,5,0,2,93,26,68,86,112,8" hai2="79,135,124,15,23,100,114,101,133,94,46,90,32" hai3="16,36,120,83,30,131,125,27,29,7,34,109,81"/><T18/><D1/><U49/><E132/><V85/><F32/><W59/><G120/><T25/><D127/><U58/><E112/><V121/><F121/><W38/><G125/><T9/><D65/><U22/><E33/><V118/><F124/><W17/><G131/><T61/><D78/><U45/><E68/><V47/><F114/><W82/><G109/><T113/><D113/><U63/><E86/><V55/><F79/><W50/><G7/><T129/><D129/><U97/><E0/><V6/><F118/><W51/><G30/><T96/><D61/><U98/><E2/><V21/><F47/><W44/><G59/><T76/><D76/><U19/><E58/><V122/><F122/><W3/><G3/><T105/><D105/><U80/><E80/><V37/><F23/><W110/><G110/><T71/><D71/><U77/><E77/><V13/><F13/><W123/><G123/><T119/><D119/><U69/><E69/><V62/><F62/><N who="1" m="23593" /><E93/><V95/><F94/><W57/><G57/><T40/><D89/><U84/><E84/><V111/><F111/><W108/><G108/><T107/><D107/><U12/><E12/><V52/><F101/><W70/><G70/><T35/><D9/><U56/><E56/><V20/><F20/><W130/><G130/><T48/><D54/><AGARI ba="0,0" hai="5,8,14,19,22,26,45,49,54,97,98" m="23593" machi="54" ten="30,1000,0" yaku="8,1" doraHai="39" who="1" fromWho="0" sc="250,-10,250,10,250,0,250,0" /><INIT seed="1,0,0,5,2,37" ten="240,260,250,250" oya="1" hai0="69,78,79,22,67,96,126,89,72,118,77,115,95" hai1="71,30,3,97,39,53,9,92,44,134,40,19,103" hai2="59,6,105,62,108,123,61,56,109,42,85,7,87" hai3="116,125,49,93,66,4,43,75,45,73,54,11,8"/><U94/><E134/><V5/><F105/><W57/><G116/><T12/><D115/><U68/><E30/><V83/><F123/><W13/><G125/><T21/><D118/><U80/><E94/><V98/><F98/><W133/><G133/><T18/><D126/><U104/><E92/><V29/><F29/><W16/><G66/><T63/><REACH who="0" step="1"/><D22/><REACH who="0" ten="230,260,250,250" step="2"/><U25/><E25/><V112/><F112/><W24/><G24/><T101/><D101/><U60/><E80/><AGARI ba="0,1" hai="12,18,21,63,67,69,72,77,78,79,80,89,95,96" machi="80" ten="40,1300,0" yaku="1,1,53,0" doraHai="37" doraHaiUra="35" who="0" fromWho="1" sc="230,23,260,-13,250,0,250,0" /><INIT seed="2,0,0,3,1,69" ten="253,247,250,250" oya="2" hai0="95,57,96,0,106,90,60,92,94,25,43,34,97" hai1="11,121,54,28,130,22,46,129,56,128,14,108,55" hai2="27,64,116,83,35,80,117,2,40,74,93,78,123" hai3="131,18,12,13,118,66,36,85,68,91,135,105,77"/><V33/><F123/><W62/><G118/><T52/><D0/><U100/><E121/><V37/><F64/><W42/><G105/><T61/><D61/><U73/><E108/><V125/><F125/><W84/><G135/><T71/><D71/><U26/><E73/><V112/><F112/><W111/><G111/><T113/><D113/><U103/><E46/><V16/><F93/><W9/><G131/><T119/><D119/><U76/><E76/><V10/><F83/><W19/><G77/><T21/><D34/><U59/><E59/><V38/><F38/><W86/><G42/><T17/><D106/><U134/><E134/><V89/><F89/><W107/><G107/><T115/><D115/><U23/><E23/><N who="2" m="13799" /><F117/><W31/><G31/><T50/><D97/><U20/><E20/><V1/><F1/><W79/><G79/><T126/><D126/><U65/><E65/><V99/><F99/><W5/><G5/><T88/><D90/><U39/><E39/><V87/><F87/><W82/><REACH who="3" step="1"/><G36/><REACH who="3" ten="253,247,250,240" step="2"/><T132/><D132/><U24/><E24/><V127/><F116/><W120/><G120/><T102/><D102/><U6/><REACH who="1" step="1"/><E54/><REACH who="1" ten="253,237,250,240" step="2"/><V124/><F127/><W48/><G48/><AGARI ba="0,2" hai="6,11,14,22,26,28,48,55,56,100,103,128,129,130" machi="48" ten="40,8000,1" yaku="1,1,2,1,19,1,53,2" doraHai="69" doraHaiUra="98" who="1" fromWho="3" sc="253,0,237,100,250,0,240,-80" /><INIT seed="3,0,0,4,3,8" ten="253,337,250,160" oya="3" hai0="84,109,119,94,89,41,113,110,15,93,104,32,132" hai1="5,130,72,47,66,24,127,90,56,19,102,116,87" hai2="106,126,3,97,103,91,111,6,14,62,92,77,75" hai3="4,63,18,44,117,67,21,131,134,78,12,64,60"/><W108/><G117/><T9/><D119/><U49/><E116/><V128/><F3/><W45/><G131/><T50/><D32/><U10/><E72/><V16/><F6/><W125/><G125/><T85/><D104/><U107/><E130/><V88/><F128/><W46/><G134/><T68/><D68/><U120/><E120/><V80/><F91/><W29/><G108/><N who="0" m="41579" /><D132/><U23/><E127/><V114/><F111/><W74/><G74/><T51/><D113/><U82/><E107/><V22/><F126/><W11/><G78/><T7/><D41/><U25/><E102/><V135/><F135/><W40/><G29/><T69/><D69/><U86/><E24/><V96/><REACH who="2" step="1"/><F62/><REACH who="2" ten="253,337,240,160" step="2"/><W27/><REACH who="3" step="1"/><G40/><REACH who="3" ten="253,337,240,150" step="2"/><T57/><D57/><U33/><E56/><V118/><F118/><W112/><G112/><AGARI ba="0,2" hai="14,16,22,75,77,80,88,92,96,97,103,106,112,114" machi="112" ten="40,8000,1" yaku="1,1,52,1,54,2,53,0" doraHai="8" doraHaiUra="34" who="2" fromWho="3" sc="253,0,337,0,240,100,150,-80" /><INIT seed="4,0,0,2,5,60" ten="253,337,340,70" oya="0" hai0="45,79,78,107,64,44,61,32,129,50,81,53,109" hai1="83,16,86,54,112,66,105,38,21,15,100,95,99" hai2="11,135,97,94,0,5,121,56,98,20,108,48,8" hai3="19,130,91,93,39,40,22,1,102,124,68,34,25"/><T85/><D129/><U75/><E38/><V33/><F108/><W126/><G68/><T117/><D117/><U103/><E112/><V59/><F33/><W13/><G1/><T18/><D109/><U133/><E133/><V42/><F135/><W110/><G110/><T77/><D107/><U28/><E75/><V7/><F121/><W111/><G111/><T30/><D32/><U43/><E43/><V87/><F20/><W72/><G72/><T29/><D44/><U35/><E105/><V62/><F87/><W51/><G39/><T36/><D36/><U125/><E125/><V52/><F94/><W3/><G3/><T37/><D37/><U127/><E127/><V80/><F80/><W123/><G123/><T119/><D119/><U114/><E114/><V70/><F70/><W24/><G130/><T55/><D55/><U76/><E54/><V27/><F27/><W2/><G2/><T6/><D6/><U104/><E104/><V10/><F42/><W31/><G25/><T74/><D18/><U67/><REACH who="1" step="1"/><E103/><REACH who="1" ten="253,327,340,70" step="2"/><V134/><F134/><W120/><G102/><T23/><D74/><U118/><E118/><V96/><F0/><W113/><G113/><T14/><D14/><U63/><E63/><V132/><REACH who="2" step="1"/><F132/><REACH who="2" ten="253,327,330,70" step="2"/><W84/><G120/><T4/><D4/><U12/><E12/><V88/><F88/><W71/><G126/><T46/><D46/><U92/><E92/><V122/><F122/><W73/><G124/><T65/><D81/><U57/><E57/><V69/><F69/><W26/><G71/><T116/><D116/><U17/><E17/><RYUUKYOKU ba="0,2" sc="253,-15,327,15,330,15,70,-15" hai1="15,16,21,28,35,66,67,76,83,86,95,99,100" hai2="5,7,8,10,11,48,52,56,59,62,96,97,98" /><INIT seed="5,1,2,5,1,80" ten="238,342,345,55" oya="1" hai0="115,122,135,4,11,110,48,83,14,55,59,22,132" hai1="76,133,91,100,2,123,116,111,56,120,96,121,70" hai2="97,78,129,106,118,69,45,72,125,25,52,127,9" hai3="47,8,6,128,130,109,86,18,39,57,35,41,79"/><U112/><E70/><V126/><F118/><W27/><G109/><T15/><D110/><U119/><E2/><V12/><F129/><W29/><G57/><T85/><D115/><U58/><E111/><V54/><F69/><W124/><G124/><T90/><D122/><U34/><E34/><V92/><F106/><W108/><G108/><T30/><D15/><U33/><E33/><V88/><F25/><W53/><G53/><T28/><REACH who="0" step="1"/><D22/><REACH who="0" ten="228,342,345,55" step="2"/><U5/><E112/><V37/><F45/><W104/><G130/><T61/><D61/><U32/><E32/><V7/><F37/><W71/><G128/><T98/><D98/><U107/><E119/><V24/><F24/><W87/><G71/><T49/><D49/><U105/><E116/><V50/><F50/><W16/><G104/><T64/><D64/><U81/><E107/><V65/><F65/><W23/><G18/><T84/><D84/><U113/><E113/><V10/><F10/><W19/><G19/><T68/><D68/><U66/><E66/><V101/><F101/><W94/><G86/><T26/><D26/><U93/><E100/><V114/><F114/><W36/><G36/><T73/><D73/><N who="1" m="43151" /><E105/><V0/><F12/><W42/><G35/><T99/><D99/><U77/><E121/><V67/><F67/><W95/><G8/><T131/><D131/><U3/><E123/><V63/><F63/><W43/><G6/><T44/><D44/><U103/><E120/><V89/><F72/><W13/><G13/><T60/><D60/><U20/><E5/><V46/><F127/><W40/><G29/><AGARI ba="1,3" hai="4,11,14,28,29,30,48,55,59,83,85,90,132,135" machi="29" ten="40,5200,0" yaku="1,1,6,1,52,1,53,0" doraHai="80" doraHaiUra="75" who="0" fromWho="3" sc="228,85,342,0,345,0,55,-55" /><INIT seed="6,0,0,1,4,86" ten="313,342,345,0" oya="2" hai0="126,5,3,114,100,123,110,53,116,26,106,131,127" hai1="112,30,92,42,50,11,121,66,33,73,35,64,93" hai2="32,54,16,132,97,6,81,98,134,77,96,45,75" hai3="82,63,119,130,58,15,108,102,38,25,129,8,67"/><V113/><F113/><W90/><G119/><T52/><D110/><U40/><E73/><V95/><F32/><N who="1" m="12361" /><E11/><V87/><F6/><W79/><G108/><T83/><D123/><U124/><E50/><V0/><F0/><W28/><G38/><T29/><D114/><U59/><E112/><V27/><F54/><W20/><G102/><T99/><D131/><N who="3" m="50185" /><G79/><T101/><D101/><U69/><E30/><V7/><F7/><W76/><G76/><T44/><D44/><U91/><E59/><V117/><F45/><W10/><G15/><T118/><D83/><U84/><E121/><V89/><F117/><N who="0" m="45162" /><D5/><U2/><E2/><V13/><REACH who="2" step="1"/><F27/><REACH who="2" ten="313,342,335,0" step="2"/><W135/><G135/><T125/><D3/><U122/><E122/><V133/><F133/><W88/><G82/><T61/><D61/><U65/><E65/><V31/><F31/><W37/><G37/><T18/><D18/><U120/><E66/><V17/><F17/><W22/><G22/><AGARI ba="0,1" hai="22,26,29,52,53,99,100,106,125,126,127" m="45162" machi="22" ten="40,5200,0" yaku="18,1,12,1,54,1" doraHai="86" who="0" fromWho="3" sc="313,62,342,0,335,0,0,-52" /><AGARI ba="0,0" hai="13,16,22,75,77,81,87,89,95,96,97,98,132,134" machi="22" ten="40,7700,0" yaku="1,1,52,1,54,1,53,0" doraHai="86" doraHaiUra="4" who="2" fromWho="3" sc="375,0,342,0,335,77,-52,-77" owari="375,18.0,342,-6.0,412,51.0,-129,-63.0" /></mjloggm>