<mjloggm ver="2.3"><GO type="169" lobby="0"/><UN n0="%72%79%6F%E2%98%86%6B" n1="%EF%BC%88%E2%89%A7%E2%96%BD%E2%89%A6%EF%BC%89" n2="%E9%9B%80%E3%82%AD%E3%83%AB%EF%BC%B9%EF%BC%AF%EF%BC%B5" n3="%E3%83%87%E3%82%B8%E3%82%BF%E3%83%AB%E4%BB%99%E4%BA%BA" dan="16,18,16,19" rate="2073.32,2254.72,2046.01,2259.18" sx="M,M,M,F"/><TAIKYOKU oya="0"/><INIT seed="0,0,0,4,5,6" ten="250,250,250,250" oya="0" hai0="123,24,100,63,105,33,29,101,130,32,9,61,31" hai1="2,93,40,39,94,37,17,107,52,34,28,53,49" hai2="74,11,50,54,45,82,84,42,23,4,30,126,76" hai3="3,127,85,96,98,73,129,55,65,21,14,114,131"/><T0/><D123/><U51/><E107/><V113/><F113/><W22/><G73/><T48/><D130/><N who="3" m="49673" /><G3/><T25/><D48/><U132/><E2/><V119/><F126/><W99/><G127/><T111/><D111/><U38/><E132/><V120/><F120/><W88/><G65/><T112/><D112/><U110/><E110/><V46/><F119/><W116/><G116/><T79/><D79/><U124/><E124/><V135/><F135/><W56/><G14/><T35/><D35/><U108/><E108/><V75/><F30/><W103/><G103/><T64/><D105/><U91/><E40/><V67/><F23/><W118/><G118/><T128/><D128/><U81/><E81/><V19/><F19/><W58/><G114/><T8/><D0/><U27/><E17/><V15/><REACH who="2" step="1"/><F67/><AGARI ba="0,0" hai="8,9,24,25,29,31,32,33,61,63,64,67,100,101" machi="67" ten="25,9600,0" yaku="22,2,52,2" doraHai="6" who="0" fromWho="2" sc="250,96,250,0,250,-96,250,0" /><INIT seed="0,1,0,4,1,131" ten="346,250,154,250" oya="0" hai0="102,5,90,130,28,134,84,95,86,2,114,135,121" hai1="113,7,61,45,98,106,54,74,119,49,128,60,0" hai2="27,78,63,65,39,58,35,53,33,3,47,12,50" hai3="129,82,126,70,124,6,81,23,96,93,120,59,44"/><T29/><D130/><U69/><E128/><V72/><F3/><W75/><G70/><T43/><D121/><U9/><E119/><V104/><F104/><W100/><G129/><T132/><D114/><U115/><E74/><V88/><F78/><W38/><G120/><T62/><D43/><U51/><E69/><N who="2" m="42175" /><F72/><W83/><G75/><T32/><D102/><N who="1" m="62807" /><E51/><V77/><F77/><W71/><G71/><T52/><D84/><U108/><E108/><V19/><F27/><W89/><G59/><N who="0" m="35175" /><D32/><U110/><E110/><V118/><F118/><W66/><G66/><T64/><D64/><U85/><E85/><V76/><F76/><W42/><G100/><T11/><AGARI ba="1,0" hai="2,5,11,28,29,86,90,95,132,134,135" m="35175" machi="11" ten="40,12000,1" yaku="20,1,52,3,54,1" doraHai="131" who="0" fromWho="0" sc="346,123,250,-41,154,-41,250,-41" /><INIT seed="0,2,0,1,0,82" ten="469,209,113,209" oya="0" hai0="49,125,126,58,62,134,29,93,32,56,67,128,13" hai1="34,75,8,60,10,70,31,78,3,121,22,27,15" hai2="1,79,127,129,14,89,88,50,74,42,26,86,16" hai3="135,71,98,94,45,52,9,102,20,59,66,41,18"/><T73/><D73/><U17/><E121/><V5/><F1/><W131/><G135/><T44/><D134/><U35/><E75/><V69/><F69/><W124/><G131/><T54/><D128/><U61/><E78/><V132/><F132/><W108/><G124/><N who="0" m="47723" /><D13/><N who="1" m="7351" /><E60/><V116/><F116/><W38/><G9/><T7/><D7/><N who="1" m="1151" /><E61/><V133/><F133/><W84/><G66/><T72/><D72/><U11/><E70/><V68/><F68/><W53/><G71/><N who="0" m="42487" /><D93/><U46/><E46/><N who="2" m="25943" /><F74/><W122/><G122/><T65/><D65/><U33/><E22/><N who="2" m="13639" /><F127/><W110/><G59/><T64/><D64/><U117/><E117/><V120/><F129/><W83/><G53/><T4/><D4/><AGARI ba="2,0" hai="4,11,15,27,31,33,34,35" m="1151,7351" machi="4" ten="30,8000,1" yaku="35,5" doraHai="82" who="1" fromWho="0" sc="469,-86,209,86,113,0,209,0" /><INIT seed="1,0,0,3,3,58" ten="383,295,113,209" oya="1" hai0="93,71,20,64,101,124,24,132,50,3,104,68,12" hai1="102,56,13,116,91,92,1,131,112,88,89,74,57" hai2="43,16,26,128,42,75,72,40,41,62,121,85,32" hai3="8,25,21,17,130,4,126,119,52,127,51,59,84"/><U109/><E1/><V10/><F121/><W33/><G33/><T76/><D3/><U120/><E120/><V105/><F105/><W100/><G130/><T36/><D36/><U11/><E74/><V55/><F128/><W122/><G122/><T115/><D115/><U78/><E131/><V69/><F32/><W111/><G100/><T53/><D104/><U37/><E37/><V90/><N who="2" m="10240" /><DORA hai="96" /><V110/><F110/><W99/><G99/><T48/><D124/><N who="3" m="47657" /><G84/><T73/><D132/><U67/><E112/><V113/><F113/><W5/><G111/><T6/><D101/><U123/><E78/><V117/><F117/><W133/><G133/><T81/><D93/><U2/><E2/><V129/><F129/><W61/><G119/><T107/><D107/><U114/><E116/><V80/><F10/><W87/><G87/><T103/><D103/><U27/><E123/><V0/><F0/><N who="3" m="7" /><G5/><T95/><D6/><U18/><E109/><V49/><F69/><W29/><G29/><T106/><D71/><U45/><E114/><V60/><F72/><W66/><G66/><T44/><D68/><U19/><E67/><V79/><F75/><W31/><G31/><T35/><D64/><U125/><E125/><V118/><F118/><W86/><G86/><T97/><D73/><U14/><E102/><V39/><F39/><W30/><G30/><T54/><D106/><U46/><E92/><V34/><F34/><W83/><G83/><T22/><D95/><U108/><E108/><V94/><F94/><W82/><G82/><T135/><D81/><U65/><E65/><RYUUKYOKU ba="0,0" sc="383,-10,295,-10,113,-10,209,30" hai3="17,21,25,51,52,59,61" /><INIT seed="2,1,0,1,0,28" ten="373,285,103,239" oya="2" hai0="21,125,94,116,120,117,50,112,8,46,133,4,118" hai1="132,55,43,12,134,85,105,98,79,119,95,52,61" hai2="31,9,126,93,100,48,129,121,96,58,78,41,122" hai3="44,54,7,62,51,101,15,76,2,104,114,131,60"/><V14/><F78/><W123/><G123/><T128/><D120/><U56/><E119/><V16/><F126/><W67/><G2/><T68/><D125/><U19/><E43/><V37/><F37/><W135/><G135/><N who="1" m="51754" /><E105/><V70/><F70/><W108/><G108/><T1/><D133/><U115/><E115/><V130/><F31/><W34/><G34/><T103/><D112/><U81/><E56/><V30/><F30/><W77/><G114/><T69/><D21/><N who="1" m="11495" /><E61/><V106/><F106/><W66/><G131/><N who="2" m="50185" /><F58/><W38/><G38/><T89/><D103/><AGARI ba="1,0" hai="52,55,79,81,85,95,98,103" m="11495,51754" machi="103" ten="30,2000,0" yaku="20,1,54,1" doraHai="28" who="1" fromWho="0" sc="373,-23,285,23,103,0,239,0" /><INIT seed="3,0,0,1,4,101" ten="350,308,103,239" oya="3" hai0="84,104,27,50,59,115,65,4,40,1,45,39,78" hai1="29,92,119,130,30,72,110,15,52,46,33,116,118" hai2="82,108,8,49,20,124,37,47,120,131,18,107,95" hai3="77,126,5,48,16,23,87,64,81,19,13,80,10"/><W79/><G126/><T96/><D27/><U58/><E72/><V98/><F120/><W25/><G64/><T38/><D115/><U76/><E76/><V75/><F37/><W97/><G97/><T51/><D1/><U134/><E134/><V53/><F124/><W114/><G114/><T28/><D28/><U74/><E74/><V63/><F108/><W128/><G128/><T135/><D4/><U132/><E132/><V32/><F131/><W69/><G69/><T90/><D135/><U91/><E130/><V12/><F107/><W133/><G48/><T85/><D78/><U21/><E46/><V94/><F32/><W93/><G93/><T103/><D84/><N who="1" m="52327" /><E33/><V43/><F75/><W88/><G133/><T26/><D26/><U71/><E71/><V24/><F82/><W67/><G67/><T34/><D34/><U57/><E57/><V66/><F98/><W106/><G106/><T61/><REACH who="0" step="1"/><D38/><REACH who="0" ten="340,308,103,239" step="2"/><U86/><E86/><V99/><F99/><W56/><G77/><T100/><D100/><U73/><E73/><V113/><F113/><W60/><G79/><T109/><D109/><U22/><E110/><V112/><F112/><W11/><G81/><AGARI ba="0,1" hai="39,40,45,50,51,59,61,65,81,85,90,96,103,104" machi="81" ten="30,7700,0" yaku="1,1,7,1,52,1,53,1" doraHai="101" doraHaiUra="55" who="0" fromWho="3" sc="340,87,308,0,103,0,239,-77" /><INIT seed="4,0,0,2,2,86" ten="427,308,103,162" oya="0" hai0="7,134,3,51,112,87,40,126,67,75,57,18,0" hai1="27,42,59,91,39,23,2,95,66,60,111,68,55" hai2="104,109,61,127,132,99,78,63,43,124,25,17,16" hai3="50,8,56,24,79,108,102,135,31,80,35,97,85"/><T37/><D75/><U48/><E2/><V77/><F43/><W84/><G135/><T44/><D134/><U20/><E111/><V114/><F132/><W72/><G108/><T131/><D112/><U53/><E53/><V5/><F109/><W82/><G8/><T125/><D131/><U118/><E118/><V49/><F114/><W98/><G72/><T19/><D87/><N who="1" m="52735" /><E27/><V15/><F49/><W113/><G113/><T9/><D0/><U93/><E93/><V12/><F5/><W100/><G102/><T70/><D70/><U101/><E101/><V30/><F104/><W11/><G11/><T106/><D106/><U58/><E58/><V71/><F71/><W45/><G56/><T89/><D37/><U121/><E121/><V120/><F99/><W107/><G100/><T38/><D38/><U90/><E90/><V32/><F120/><W117/><G117/><T36/><D36/><U116/><E116/><V10/><F78/><W46/><G107/><T21/><D89/><U52/><E55/><V73/><F77/><W122/><G122/><T83/><D3/><U115/><E115/><V29/><F29/><W92/><G92/><T129/><D57/><U119/><E119/><V103/><F103/><W54/><G46/><AGARI ba="0,0" hai="20,23,39,42,46,48,52,59,60,66,68" m="52735" machi="46" ten="30,3900,0" yaku="24,1,52,1,54,1" doraHai="86" who="1" fromWho="3" sc="427,0,308,39,103,0,162,-39" /><INIT seed="5,0,0,4,0,98" ten="427,347,103,123" oya="1" hai0="38,128,114,74,100,31,71,34,135,25,4,39,94" hai1="89,36,49,40,108,97,37,21,77,18,90,41,33" hai2="46,17,68,9,127,129,60,66,96,72,58,115,16" hai3="99,79,78,124,45,134,52,123,88,15,5,118,75"/><U32/><E77/><V67/><F72/><W43/><G123/><T56/><D71/><U69/><E69/><V27/><F115/><W19/><G118/><T12/><D114/><U84/><E108/><V80/><F127/><W132/><G124/><T59/><D74/><U103/><E36/><V130/><F46/><W104/><G5/><T113/><D113/><U110/><E110/><V54/><F80/><W73/><G73/><T102/><D135/><N who="3" m="51753" /><G75/><T76/><D76/><U101/><E37/><V95/><F17/><W2/><G2/><T93/><D128/><N who="2" m="49258" /><F67/><W87/><G99/><T23/><D39/><U8/><E8/><V42/><F42/><N who="1" m="16489" /><E32/><V91/><F66/><W107/><G79/><T65/><D38/><U55/><E33/><V117/><F117/><W30/><G43/><T121/><D121/><U120/><E97/><V14/><F68/><W92/><G30/><T64/><D31/><U26/><E120/><V131/><N who="2" m="49266" /><V6/><DORA hai="3" /><F6/><W119/><G78/><T116/><D4/><U111/><E111/><V10/><F27/><W133/><G119/><T50/><D25/><U24/><E26/><V20/><AGARI ba="0,0" hai="9,10,14,16,20,54,58,60,91,95,96" m="49266" machi="20" ten="40,2700,0" yaku="19,1,54,1" doraHai="98,3" who="2" fromWho="2" sc="427,-7,347,-13,103,27,123,-7" /><INIT seed="6,0,0,0,1,86" ten="420,334,130,116" oya="2" hai0="64,52,117,34,32,82,69,84,28,68,46,107,121" hai1="96,85,135,23,59,0,7,55,26,6,105,53,93" hai2="25,9,129,120,124,51,22,132,103,18,42,134,112" hai3="104,94,14,123,36,106,13,11,67,57,44,90,110"/><V58/><F103/><W77/><G123/><T73/><D121/><U108/><E108/><V92/><F120/><W48/><G110/><T74/><D107/><U91/><E135/><N who="2" m="51755" /><F112/><W88/><G36/><T40/><D117/><U56/><E0/><V37/><F37/><W109/><G109/><T45/><D52/><N who="1" m="20043" /><E105/><V30/><F58/><N who="1" m="22057" /><E96/><V3/><F124/><W118/><G77/><T130/><D73/><U5/><E6/><V27/><F129/><W127/><G127/><T70/><D74/><U76/><E76/><V39/><F92/><W80/><G118/><T122/><D130/><U4/><E4/><N who="2" m="1183" /><F51/><W100/><G106/><T12/><D122/><U50/><E50/><V24/><F42/><N who="3" m="24599" /><G104/><T10/><D40/><U72/><E72/><V102/><F102/><W62/><G80/><T47/><D82/><U54/><N who="1" m="20051" /><U97/><DORA hai="119" /><E97/><V81/><F81/><W116/><G116/><T99/><D99/><U128/><E128/><V43/><F43/><W2/><G2/><T63/><D84/><U71/><E71/><V75/><F75/><W115/><G115/><T101/><D101/><U41/><E41/><V114/><F114/><W98/><G14/><T131/><D131/><U95/><E93/><V87/><F87/><W15/><G15/><T79/><D79/><U61/><E61/><V113/><F113/><W133/><G133/><T65/><D63/><U21/><E26/><N who="2" m="10347" /><F39/><W83/><G83/><T20/><D68/><U16/><E95/><V125/><F125/><W29/><G29/><AGARI ba="0,0" hai="18,22,27,29,30" m="10347,1183,51755" machi="29" ten="30,5800,0" yaku="20,1,34,2" doraHai="86,119" who="2" fromWho="3" sc="420,0,334,0,130,58,116,-58" /><INIT seed="6,1,0,5,5,81" ten="420,334,188,58" oya="2" hai0="31,73,13,69,112,103,17,51,39,107,15,96,32" hai1="125,29,98,56,135,79,2,52,62,120,18,54,30" hai2="34,1,60,108,14,38,12,77,20,84,89,26,49" hai3="59,0,72,129,97,127,23,90,116,102,28,36,119"/><V106/><F38/><W40/><G0/><T43/><D39/><U110/><E2/><V21/><F1/><W7/><G72/><T35/><D73/><U71/><E71/><V117/><F106/><W113/><G7/><T94/><D69/><U24/><E110/><V85/><F34/><W9/><G9/><T5/><D107/><U37/><E37/><V33/><F117/><W126/><G59/><T58/><D112/><U44/><E135/><V134/><F134/><W111/><G111/><T93/><D93/><U61/><E125/><N who="3" m="47626" /><G40/><T128/><D128/><U133/><E133/><V55/><F33/><W104/><G36/><T88/><D31/><U121/><E79/><V100/><F100/><W19/><G28/><T68/><D68/><U66/><E98/><V47/><F60/><W115/><G129/><T131/><D131/><U16/><E44/><V91/><F108/><W87/><G23/><N who="2" m="8777" /><F26/><W132/><G19/><T95/><D32/><U101/><E101/><V70/><F77/><W80/><G132/><T53/><D35/><U130/><E130/><V64/><F64/><W78/><G78/><T27/><D103/><U11/><E66/><V92/><F70/><W82/><G82/><AGARI ba="1,0" hai="12,14,47,49,55,82,84,85,89,91,92" m="8777" machi="82" ten="30,5800,0" yaku="8,1,52,2" doraHai="81" who="2" fromWho="3" sc="420,0,334,0,188,61,58,-61" owari="420,52.0,334,13.0,249,-15.0,-3,-50.0" /></mjloggm>