<mjloggm ver="2.3"><GO type="97"/><UN n0="%EF%BC%88%E2%89%A7%E2%96%BD%E2%89%A6%EF%BC%89" n1="%E4%BF%BA%E3%81%A4%E3%81%88%E3%81%88%E3%81%88%EF%BD%9E" n2="%68%65%78" n3="%E3%82%82%E3%81%97%E3%81%8B%E3%81%97%E3%81%A6" dan="15,14,13,13" rate="2025,2033,1883,1898" sx="M,M,M,M"/><TAIKYOKU oya="0"/><INIT seed="0,0,0,0,4,91" ten="250,250,250,250" oya="0" hai0="28,40,87,117,11,44,55,57,21,35,37,45,126" hai1="53,83,111,26,3,120,81,104,64,50,43,101,77" hai2="135,34,2,100,116,68,125,20,122,59,127,106,131" hai3="8,133,110,107,88,98,61,41,49,18,58,31,93"/><T30/><D117/><U74/><E120/><V39/><F20/><W67/><G110/><T15/><D126/><U121/><E121/><V1/><F100/><W51/><G107/><T78/><D35/><U73/><E111/><V134/><F59/><W70/><G70/><T69/><D69/><U47/><E3/><V123/><F68/><W42/><G133/><T65/><D65/><U84/><E64/><V128/><F39/><W14/><G31/><T92/><D44/><U46/><E104/><V75/><F106/><W90/><G90/><T17/><D11/><U96/><E26/><V99/><F99/><W79/><G79/><T109/><D109/><U80/><E101/><V48/><F48/><AGARI ba="0,0" hai="8,14,18,41,42,48,49,51,58,61,67,88,93,98" machi="48" ten="40,5200,0" yaku="8,1,52,1,54,1" doraHai="91" who="3" fromWho="2" sc="250,0,250,0,250,-52,250,52" /><INIT seed="1,0,0,4,4,122" ten="250,250,198,302" oya="1" hai0="118,48,27,120,71,31,9,70,28,38,88,110,3" hai1="43,106,10,119,57,103,75,41,52,2,25,115,40" hai2="66,113,67,114,111,1,59,85,78,92,132,53,35" hai3="73,130,42,63,83,117,8,0,104,5,32,65,101"/><U19/><E75/><V37/><F1/><W55/><G117/><T45/><D118/><U134/><E119/><V64/><F35/><W93/><G130/><T16/><D120/><U47/><E115/><N who="2" m="44043" /><F132/><W102/><G32/><T20/><D38/><U49/><E134/><V13/><F37/><W50/><G42/><T51/><D48/><U123/><E123/><V54/><F78/><W15/><G104/><T133/><D133/><U90/><E106/><V29/><F29/><W79/><G93/><T24/><D3/><U116/><E103/><V112/><N who="2" m="44051" /><V22/><DORA hai="36" /><F111/><W128/><G0/><T26/><D110/><U62/><E116/><V76/><F76/><W82/><G82/><T56/><D56/><U72/><E72/><V109/><F109/><W74/><G74/><T89/><D71/><U98/><E2/><V96/><F85/><W91/><G91/><N who="0" m="34891" /><D70/><U127/><E127/><V60/><F13/><W87/><G73/><T84/><D84/><U21/><E10/><V121/><F121/><W11/><G11/><T30/><D9/><U23/><E23/><V94/><F22/><W12/><G12/><T131/><D131/><U107/><E107/><V69/><F96/><W7/><G7/><T124/><D124/><U97/><E97/><V44/><F69/><N who="3" m="42175" /><G128/><T80/><D80/><U99/><E99/><V34/><F34/><W39/><G39/><T129/><D129/><U105/><E105/><V135/><F135/><W125/><G125/><T95/><D95/><AGARI ba="0,0" hai="19,21,25,40,41,43,47,49,52,57,62,90,95,98" machi="95" ten="40,18000,2" yaku="25,2,8,1,52,3,54,1" doraHai="122,36" who="1" fromWho="0" sc="250,-180,250,180,198,0,302,0" /><INIT seed="1,1,0,3,2,131" ten="70,430,198,302" oya="1" hai0="114,22,6,10,45,24,9,31,76,129,43,70,132" hai1="90,46,127,1,5,116,122,40,74,27,50,85,65" hai2="86,20,94,14,98,37,58,29,78,11,120,118,101" hai3="73,80,54,110,77,108,87,123,36,12,49,135,30"/><U117/><E122/><V79/><F120/><W8/><G36/><T32/><D114/><U26/><E74/><V53/><F118/><W104/><G123/><T91/><D70/><U69/><E127/><V106/><F37/><W21/><G104/><T109/><D129/><U16/><E1/><V67/><F67/><W82/><G21/><T68/><D68/><U59/><E5/><V62/><F106/><W39/><G30/><T47/><D109/><N who="3" m="42089" /><G39/><T100/><D100/><U0/><E0/><V33/><F33/><W52/><G49/><T72/><D91/><U115/><E115/><V66/><F86/><W75/><G135/><T61/><D61/><N who="1" m="38079" /><E69/><V93/><F53/><N who="3" m="20587" /><G80/><T63/><D63/><U19/><E117/><V125/><F125/><W56/><G56/><T89/><D22/><U84/><E116/><V38/><F38/><W15/><G15/><T55/><D55/><U13/><E85/><V25/><REACH who="2" step="1"/><F94/><REACH who="2" step="2"/><W126/><G126/><T111/><D111/><U17/><E13/><V51/><F51/><W99/><G99/><T133/><D32/><U64/><E64/><V44/><F44/><W23/><G23/><N who="0" m="15775" /><D47/><U18/><N who="1" m="4608" /><DORA hai="88" /><U7/><E7/><AGARI ba="1,1" hai="7,11,14,20,25,29,58,62,66,78,79,93,98,101" machi="7" ten="30,12000,2" yaku="1,1,7,1,25,2,8,1,52,1,53,0" doraHai="131,88" doraHaiUra="35,121" who="2" fromWho="1" sc="70,0,430,-123,188,133,302,0" /><AGARI ba="1,0" hai="7,8,12,73,75,77,82,87" m="20587,42089" machi="7" ten="30,2000,0" yaku="14,1,54,1" doraHai="131,88" who="3" fromWho="1" sc="70,0,307,-20,321,0,302,20" /><INIT seed="2,0,0,0,3,8" ten="70,287,321,322" oya="2" hai0="120,41,1,122,54,125,82,27,124,44,85,12,114" hai1="78,15,26,129,117,98,53,115,104,49,111,43,109" hai2="45,13,58,31,56,132,66,59,38,40,50,47,99" hai3="16,87,92,119,106,134,89,20,18,107,3,30,63"/><V84/><F132/><W97/><G119/><T17/><D1/><U35/><E117/><V110/><F110/><N who="1" m="41993" /><E115/><V23/><F99/><W112/><G112/><T34/><D54/><U22/><E129/><V83/><F66/><W57/><G3/><T32/><D114/><U94/><E104/><V102/><F102/><W6/><G6/><T60/><D60/><U11/><E35/><N who="0" m="13353" /><D27/><U75/><E43/><V64/><F64/><W121/><G121/><N who="0" m="46699" /><D44/><N who="1" m="27815" /><E75/><V90/><F31/><W19/><G134/><T62/><D62/><U0/><E0/><V33/><F33/><W52/><REACH who="3" step="1"/><G97/><REACH who="3" step="2"/><T113/><D125/><U127/><E127/><V76/><F38/><W69/><G69/><T123/><D124/><U101/><E78/><V135/><F135/><W77/><G77/><T71/><D71/><U37/><E37/><V7/><F76/><W103/><G103/><T105/><D113/><U46/><E46/><V79/><F79/><W131/><G131/><T86/><D123/><U73/><E73/><V25/><F7/><W93/><G93/><T42/><D105/><U55/><E55/><V4/><F4/><W51/><G51/><T91/><D86/><U48/><E48/><V65/><F65/><W9/><G9/><N who="0" m="6287" /><D41/><U14/><E11/><V21/><F40/><W29/><G29/><AGARI ba="0,1" hai="14,15,22,26,29,94,98,101" m="27815,41993" machi="29" ten="30,3900,0" yaku="14,1,52,2" doraHai="8" who="1" fromWho="3" sc="70,0,287,49,321,0,312,-39" /><INIT seed="3,0,0,3,5,2" ten="70,336,321,273" oya="3" hai0="30,82,77,60,66,3,0,69,17,83,21,108,107" hai1="116,103,97,43,42,101,65,114,130,125,96,47,46" hai2="74,8,88,119,100,134,23,62,45,26,39,106,127" hai3="49,28,7,128,22,87,5,13,89,132,1,131,78"/><W105/><G105/><T98/><D108/><U81/><E114/><V120/><F120/><W112/><G112/><T56/><D30/><U110/><E110/><V68/><F119/><W72/><G132/><T55/><D107/><U109/><E109/><V111/><F111/><W91/><G1/><T135/><D98/><N who="1" m="37995" /><E116/><V25/><F134/><W84/><G72/><T99/><D99/><U102/><E125/><V37/><F127/><W36/><G36/><T18/><D135/><U12/><E130/><N who="3" m="49706" /><G78/><T32/><D32/><U90/><E65/><V4/><F106/><W117/><G117/><T38/><D38/><U24/><E24/><V59/><F100/><W63/><G63/><T93/><D93/><U133/><E133/><V123/><F74/><W115/><G115/><T75/><D83/><U10/><E81/><V94/><F123/><W14/><G49/><T126/><D18/><N who="1" m="8471" /><E90/><N who="3" m="34314" /><G28/><T41/><D126/><U67/><E67/><V79/><F79/><W121/><G121/><T29/><D29/><U48/><E48/><V20/><F68/><W52/><G52/><T19/><D41/><AGARI ba="0,0" hai="41,42,43,46,47,101,102,103" m="8471,37995" machi="41" ten="30,1000,0" yaku="8,1" doraHai="2" who="1" fromWho="0" sc="70,-10,336,10,321,0,273,0" owari="60,-44.0,346,45.0,321,12.0,273,-13.0" /></mjloggm>