<mjloggm ver="2.3"><GO type="41"/><UN n0="%4B%61%72%79%75" n1="%62%75%63%6B%79" n2="%E3%82%A6%E3%83%AB%E3%83%88%E3%83%A9%E7%AB%8B%E7%9B%B4" n3="%E8%90%8C%E3%81%A8%E3%81%BF%E3%81%8A" dan="14,14,14,14" rate="1910,1934,1926,1916" sx="M,M,M,M"/><TAIKYOKU oya="0"/><INIT seed="0,0,0,3,4,78" ten="250,250,250,250" oya="0" hai0="81,3,19,102,6,2,126,42,116,80,45,25,91" hai1="88,10,85,18,135,77,5,55,60,15,99,12,16" hai2="0,115,97,119,68,79,13,73,43,128,117,49,48" hai3="100,59,17,47,76,31,36,74,108,56,122,38,130"/><T27/><D116/><N who="2" m="44618" /><F0/><W127/><G127/><T21/><D126/><U75/><E75/><V82/><F68/><W86/><G130/><T105/><D105/><U7/><E77/><V63/><F63/><W114/><G74/><T35/><D102/><U103/><E135/><V29/><F115/><W125/><G31/><T24/><D35/><U123/><E123/><V64/><F64/><W133/><G17/><T65/><D65/><U95/><E60/><V37/><F37/><W1/><G100/><T71/><D71/><U83/><E55/><V84/><F29/><W22/><G1/><T120/><D120/><U110/><E110/><V69/><F69/><W11/><G22/><AGARI ba="0,0" hai="5,7,10,12,15,16,18,22,83,85,88,95,99,103" machi="22" ten="30,8000,1" yaku="7,1,8,1,52,1,54,2" doraHai="78" who="1" fromWho="3" sc="250,0,250,80,250,0,250,-80" /><INIT seed="1,0,0,3,3,67" ten="250,330,250,170" oya="1" hai0="134,107,108,56,96,48,132,104,34,10,76,32,17" hai1="94,93,116,46,15,45,42,66,55,63,131,79,118" hai2="41,125,97,84,1,86,29,85,5,62,88,27,2" hai3="129,9,22,59,0,12,52,47,3,82,13,110,99"/><U112/><E112/><V80/><F125/><W40/><G110/><T24/><D76/><U75/><E75/><V126/><F126/><W21/><G129/><T26/><D108/><U39/><E79/><V25/><F41/><W115/><G115/><T109/><D109/><U135/><E135/><N who="0" m="51753" /><D96/><U43/><E131/><V19/><F80/><W111/><G111/><T102/><D102/><U87/><E55/><V23/><F62/><W53/><G3/><T123/><D123/><U51/><E15/><V28/><F5/><W119/><G0/><T50/><D56/><U71/><REACH who="1" step="1"/><E87/><REACH who="1" ten="250,320,250,170" step="2"/><V58/><F2/><W122/><G119/><AGARI ba="0,1" hai="39,42,43,45,46,51,63,66,71,93,94,116,118,119" machi="119" ten="40,7700,0" yaku="1,1,2,1,52,1,53,0" doraHai="67" doraHaiUra="81" who="1" fromWho="3" sc="250,0,320,87,250,0,170,-77" /><INIT seed="1,1,0,3,3,59" ten="250,407,250,93" oya="1" hai0="131,106,20,30,85,84,41,57,46,121,96,97,35" hai1="12,62,105,27,50,104,127,2,124,78,72,4,61" hai2="33,94,86,112,66,88,80,25,5,107,87,113,122" hai3="55,28,0,74,120,42,64,134,56,58,108,23,82"/><U101/><E2/><V71/><F5/><W89/><G0/><T93/><D131/><U21/><E72/><V53/><F53/><W22/><G134/><T100/><D121/><U31/><E78/><V125/><F33/><W117/><G120/><T9/><D35/><U114/><E114/><N who="2" m="44139" /><F25/><W103/><G117/><T3/><D3/><U39/><E39/><V18/><F18/><W60/><G108/><T126/><D126/><N who="1" m="48171" /><E50/><V68/><F125/><W43/><G103/><T67/><D9/><N who="1" m="4135" /><E101/><V90/><F122/><W77/><G89/><T10/><D10/><U98/><E98/><V13/><F13/><W69/><G23/><T83/><D83/><U1/><E1/><V54/><F107/><AGARI ba="1,0" hai="21,27,31,61,62,104,105,107" m="4135,48171" machi="107" ten="30,5800,0" yaku="18,1,52,2" doraHai="59" who="1" fromWho="2" sc="250,0,407,61,250,-61,93,0" /><INIT seed="1,2,0,4,5,112" ten="250,468,189,93" oya="1" hai0="66,35,76,126,117,87,23,123,91,6,42,0,4" hai1="114,36,13,37,57,1,71,3,132,25,130,111,8" hai2="124,34,17,107,50,70,65,24,94,75,135,60,33" hai3="127,45,74,122,116,62,93,15,67,9,30,53,134"/><U81/><E114/><V129/><F94/><W120/><G74/><T82/><D35/><N who="2" m="13322" /><F50/><W64/><G30/><T10/><D123/><U63/><E71/><V133/><F24/><W55/><G134/><N who="2" m="51209" /><F17/><W131/><G127/><T14/><D126/><U19/><E132/><V29/><F29/><W115/><G131/><T80/><D117/><U39/><E130/><V40/><F129/><W46/><G116/><T68/><D68/><U22/><E63/><V18/><F18/><W58/><G115/><T54/><D66/><N who="3" m="25129" /><G93/><T96/><D42/><U73/><E57/><V43/><F124/><W2/><G15/><T99/><D54/><N who="3" m="20489" /><G9/><T47/><D47/><N who="3" m="17929" /><G2/><T110/><D110/><U95/><E111/><V51/><F75/><W102/><G102/><T100/><D100/><U59/><E95/><V105/><F51/><W92/><G92/><T88/><D4/><U61/><E81/><V97/><F97/><W20/><G20/><T118/><D118/><U90/><E73/><V11/><F11/><W119/><G119/><T104/><D104/><AGARI ba="2,0" hai="40,43,60,65,70,104,105,107" m="51209,13322" machi="104" ten="40,1300,0" yaku="20,1" doraHai="112" who="2" fromWho="0" sc="250,-19,468,0,189,19,93,0" /><INIT seed="2,0,0,4,1,18" ten="231,468,208,93" oya="2" hai0="60,104,84,41,66,133,121,88,89,5,59,134,117" hai1="0,40,30,118,83,55,17,3,131,2,32,26,108" hai2="65,111,20,27,34,71,48,53,14,6,124,36,100" hai3="107,49,58,19,94,132,85,21,90,101,42,52,15"/><V95/><F36/><W7/><G132/><N who="0" m="50795" /><D121/><U119/><E131/><V77/><F34/><W46/><G107/><T128/><D104/><U112/><E112/><V24/><F124/><W125/><G125/><T8/><D117/><U127/><E40/><V80/><F111/><W76/><G101/><T74/><D74/><U68/><E68/><V10/><F71/><W135/><G135/><T120/><D120/><U69/><E69/><V126/><F65/><W28/><G28/><T61/><D128/><U25/><E127/><V43/><F43/><W102/><G102/><T62/><D41/><U56/><E83/><V98/><F126/><W129/><G129/><T39/><D39/><U11/><E108/><V63/><F63/><N who="0" m="24138" /><D84/><U114/><E114/><V16/><F48/><N who="3" m="30983" /><G76/><T97/><D97/><U106/><E106/><V122/><F122/><W37/><G37/><T109/><D109/><U13/><E25/><V33/><F53/><W50/><G50/><T73/><D73/><U105/><E105/><V91/><F100/><W82/><G7/><T93/><D93/><AGARI ba="0,0" hai="15,19,21,42,46,49,82,85,90,93,94" m="30983" machi="93" ten="30,3900,0" yaku="8,1,52,1,54,1" doraHai="18" who="3" fromWho="0" sc="231,-39,468,0,208,0,93,39" /><INIT seed="3,0,0,4,0,108" ten="192,468,208,132" oya="3" hai0="109,17,44,57,68,63,107,135,8,27,133,28,37" hai1="75,120,21,70,134,41,15,129,59,9,97,22,31" hai2="39,100,10,112,23,12,83,64,61,20,16,94,122" hai3="0,54,72,40,117,77,102,42,79,11,106,92,13"/><W101/><G0/><T73/><D109/><U56/><E70/><V80/><F39/><W125/><G106/><T53/><D73/><U126/><E75/><V38/><F38/><W47/><G72/><T89/><D107/><U46/><E120/><V34/><F34/><W119/><G125/><T131/><D131/><U118/><E126/><V66/><F112/><W24/><G119/><T52/><D68/><U85/><E118/><V82/><F122/><W60/><G117/><T86/><D8/><U103/><E129/><V121/><F121/><W104/><G104/><T76/><D76/><N who="3" m="29257" /><G24/><T2/><D2/><U25/><E85/><V87/><F61/><W18/><G92/><N who="0" m="54327" /><D17/><U99/><E22/><V69/><F69/><W1/><G1/><T128/><D37/><U43/><E97/><N who="2" m="59447" /><F87/><W65/><G65/><AGARI ba="0,0" hai="10,12,16,20,23,64,65,66,80,82,83" m="59447" machi="65" ten="30,2000,0" yaku="8,1,54,1" doraHai="108" who="2" fromWho="3" sc="192,0,468,0,208,20,132,-20" /><INIT seed="4,0,0,2,5,26" ten="192,468,228,112" oya="0" hai0="76,6,58,132,110,10,59,64,121,105,44,56,69" hai1="27,53,78,75,12,133,81,128,13,22,88,79,120" hai2="62,100,73,17,50,99,72,70,94,83,103,18,35" hai3="28,129,32,51,89,95,119,106,130,109,125,112,60"/><T15/><D105/><U114/><E120/><V63/><F50/><W11/><G106/><T108/><D121/><U87/><E133/><V42/><F42/><W31/><G119/><T38/><D132/><U4/><E128/><N who="3" m="49258" /><G109/><N who="0" m="42091" /><D76/><U30/><E114/><V111/><F111/><W101/><G32/><T48/><D38/><U3/><E3/><V47/><F47/><W90/><G112/><T118/><D118/><U113/><E113/><V49/><F49/><W1/><G60/><N who="2" m="23081" /><F70/><W65/><G65/><T96/><D64/><U84/><E75/><V8/><F35/><W20/><G125/><T91/><D91/><N who="3" m="34825" /><G20/><T134/><D96/><U82/><E53/><V80/><F73/><W104/><G51/><T9/><D134/><U54/><E54/><V25/><F72/><W23/><G95/><T124/><D124/><U67/><E67/><V39/><F39/><W131/><G23/><T5/><D69/><U126/><E126/><V55/><F55/><W61/><G61/><T7/><D10/><N who="1" m="4167" /><E13/><N who="2" m="7335" /><F103/><W40/><N who="3" m="49266" /><W57/><DORA hai="52" /><G57/><T34/><D34/><U45/><E45/><V98/><F98/><N who="3" m="61495" /><G40/><AGARI ba="0,0" hai="5,6,7,9,15,40,44,48,56,58,59" m="42091" machi="40" ten="30,11600,0" yaku="10,1,52,3" doraHai="26,52" who="0" fromWho="3" sc="192,116,468,0,228,0,112,-116" owari="308,11.0,468,56.0,228,-17.0,-4,-50.0" /></mjloggm>