<mjloggm ver="2.3"><GO type="11"/><UN n0="%EF%BC%88%E2%89%A7%E2%96%BD%E2%89%A6%EF%BC%89" n1="%72%79%6F%67%69%6E" n2="%E3%81%A9%E3%82%89%E3%81%98%E3%82%8D%E3%81%86" n3="%E5%A4%9C%E3%81%AE%E7%B4%85%E8%8C%B6" dan="0,6,7,4" rate="1511,1537,1561,1505" sx="M,M,M,M"/><TAIKYOKU oya="0"/><INIT seed="0,0,0,2,1,131" ten="250,250,250,250" oya="0" hai0="41,26,0,101,86,52,87,32,102,46,104,54,71" hai1="34,60,48,14,31,112,120,79,99,57,80,6,75" hai2="3,118,55,64,92,61,12,110,40,66,74,69,127" hai3="42,111,29,67,91,15,132,121,19,117,125,123,39"/><T24/><D0/><U45/><E120/><N who="3" m="46154" /><G117/><T8/><D71/><U68/><E112/><V27/><F110/><W59/><G91/><T43/><D8/><U50/><E68/><V103/><F118/><W81/><G81/><T76/><D32/><U22/><E34/><V130/><F130/><W13/><G39/><T51/><D104/><U21/><E99/><V95/><F127/><W36/><G13/><T83/><D86/><U93/><E93/><V89/><F3/><W90/><G111/><T72/><D72/><U78/><E31/><V128/><F128/><W88/><G36/><T129/><D129/><U38/><E38/><V2/><F2/><W105/><G105/><T70/><D70/><U96/><E96/><V44/><F74/><W35/><G35/><T82/><D82/><U56/><E6/><V23/><F64/><W18/><G88/><T114/><D114/><U113/><E113/><V53/><F103/><N who="0" m="39434" /><D43/><U115/><E115/><V20/><F12/><W16/><G90/><T4/><D4/><U133/><E133/><V126/><F126/><W49/><G29/><T7/><D7/><U1/><E1/><V37/><F20/><N who="3" m="11295" /><G125/><T63/><D41/><U10/><E75/><V33/><F33/><W107/><G107/><T62/><D54/><U85/><E79/><V134/><F92/><W124/><G124/><T109/><D109/><U73/><E73/><V98/><F55/><N who="3" m="32239" /><G132/><T106/><D106/><U9/><E60/><AGARI ba="0,0" hai="24,26,46,51,52,60,62,63,76,83,87" m="39434" machi="60" ten="30,1500,0" yaku="8,1" doraHai="131" who="0" fromWho="1" sc="250,15,250,-15,250,0,250,0" /><INIT seed="0,1,0,0,4,90" ten="265,235,250,250" oya="0" hai0="5,119,132,47,27,62,0,25,26,70,103,112,93" hai1="121,28,87,59,7,2,30,127,32,77,60,20,23" hai2="73,54,125,101,57,29,72,35,56,99,16,49,122" hai3="71,52,81,42,45,40,55,21,78,48,76,115,18"/><T95/><D119/><U39/><E121/><V50/><F122/><W17/><G78/><T14/><D112/><U111/><E39/><V43/><F43/><W133/><G115/><T75/><D75/><U19/><E111/><V46/><F125/><W97/><G71/><T33/><D33/><U120/><E120/><V84/><F29/><W107/><G107/><T15/><D132/><U22/><E127/><V98/><F35/><W94/><G81/><T8/><D47/><U118/><E118/><V128/><F128/><W100/><G76/><T129/><D129/><U131/><E131/><V88/><F16/><W67/><G17/><T109/><D109/><U38/><E38/><V92/><F98/><W124/><G124/><T113/><D113/><U80/><E32/><V106/><F46/><N who="3" m="25671" /><G133/><T9/><D103/><U11/><REACH who="1" step="1"/><E19/><REACH who="1" step="2"/><V41/><F41/><W68/><G18/><T6/><REACH who="0" step="1"/><D0/><REACH who="0" step="2"/><U83/><E83/><V89/><F88/><W135/><G135/><T10/><D10/><U63/><E63/><V3/><F3/><W110/><G110/><T134/><D134/><U123/><E123/><V61/><F61/><N who="3" m="40047" /><G21/><T82/><D82/><U96/><E96/><V79/><F79/><W36/><G94/><T130/><D130/><U64/><AGARI ba="1,2" hai="2,7,11,20,22,23,28,30,59,60,64,77,80,87" machi="64" ten="30,2000,0" yaku="1,1,0,1,53,0" doraHai="90" doraHaiUra="66" who="1" fromWho="1" sc="255,-11,225,43,250,-6,250,-6" /><INIT seed="1,0,0,1,5,87" ten="244,268,244,244" oya="1" hai0="130,125,70,56,20,26,134,33,0,85,1,121,99" hai1="102,6,77,57,71,129,135,22,120,44,45,63,32" hai2="74,96,31,88,35,106,15,84,95,91,39,94,43" hai3="119,11,81,127,27,55,72,76,10,65,8,97,37"/><U133/><E120/><V80/><F31/><W104/><G27/><T124/><D70/><U122/><E71/><V3/><F35/><W103/><G65/><T128/><D121/><U73/><E122/><V23/><F3/><N who="0" m="1098" /><D99/><U78/><E32/><V17/><F43/><W47/><G55/><T53/><D33/><U75/><E102/><V24/><F39/><W52/><G8/><T14/><D85/><U2/><E22/><V42/><F42/><W46/><G37/><T36/><D36/><U69/><E69/><V16/><F74/><N who="1" m="28169" /><E63/><V98/><F106/><W12/><G11/><T82/><D82/><U4/><E57/><V109/><F109/><W111/><G119/><T79/><D79/><N who="1" m="30219" /><E2/><V62/><F62/><W13/><G111/><T21/><D14/><U59/><E59/><V123/><F123/><W68/><G12/><T93/><D20/><U89/><E89/><V132/><F132/><N who="1" m="50761" /><E129/><N who="0" m="49769" /><D134/><U107/><E107/><V7/><F7/><AGARI ba="0,0" hai="4,6,7,44,45" m="50761,30219,28169" machi="7" ten="40,7700,0" yaku="28,2,20,1" doraHai="87" who="1" fromWho="2" sc="244,0,268,77,244,-77,244,0" /><INIT seed="1,1,0,1,2,118" ten="244,345,167,244" oya="1" hai0="50,120,49,22,3,70,57,101,21,55,94,106,25" hai1="48,4,45,9,99,81,64,13,125,103,47,36,77" hai2="82,16,69,127,46,126,38,66,0,61,129,114,62" hai3="108,107,109,113,26,18,100,17,39,60,97,34,102"/><U90/><E125/><N who="2" m="47627" /><F0/><W123/><G113/><T30/><D70/><U86/><E36/><V85/><F16/><W8/><G123/><T65/><D3/><U32/><E32/><V44/><F85/><W2/><G17/><T122/><D106/><U72/><E64/><N who="2" m="41103" /><F82/><W105/><G18/><T63/><D21/><U19/><E19/><V79/><F79/><W110/><G60/><T112/><D112/><U88/><E88/><V20/><F20/><W87/><G39/><T80/><D80/><U28/><E28/><V71/><F114/><W76/><G87/><T78/><D78/><U27/><E27/><V133/><F133/><W83/><G8/><T51/><D55/><U124/><E124/><V84/><F84/><N who="3" m="48231" /><G2/><T52/><D52/><U134/><E134/><V58/><F129/><W24/><G34/><T135/><D135/><U23/><E23/><V14/><F14/><W33/><G33/><T29/><D29/><U40/><E47/><N who="2" m="17963" /><F38/><W73/><G26/><T104/><D104/><U59/><E59/><AGARI ba="1,0" hai="58,59,62,66,71" m="17963,41103,47627" machi="59" ten="30,3900,0" yaku="18,1,34,2" doraHai="118" who="2" fromWho="1" sc="244,0,345,-42,167,42,244,0" /><INIT seed="2,0,0,1,2,58" ten="244,303,209,244" oya="2" hai0="50,104,91,111,125,100,85,117,115,19,24,124,36" hai1="79,107,27,61,75,14,105,54,44,51,76,96,10" hai2="120,130,112,77,15,119,6,73,17,59,123,95,38" hai3="5,81,108,2,110,71,92,49,11,9,45,39,26"/><V48/><F112/><W126/><G11/><T57/><D36/><U37/><E37/><V80/><F119/><W103/><G71/><T83/><D115/><U22/><E107/><V53/><F130/><W89/><G39/><T55/><D117/><U128/><E128/><V34/><F38/><W43/><G2/><T84/><D111/><N who="3" m="42537" /><G26/><T70/><D70/><U82/><E105/><V13/><F34/><W67/><G67/><T134/><D134/><U23/><E96/><V4/><F6/><W60/><G60/><T98/><REACH who="0" step="1"/><D84/><REACH who="0" step="2"/><U63/><E79/><V16/><F123/><W56/><G126/><T122/><D122/><U74/><E74/><V28/><F120/><W65/><G65/><T62/><D62/><U12/><E12/><V25/><F4/><W32/><G32/><T66/><D66/><U72/><E72/><V8/><F95/><W0/><G81/><T121/><D121/><U31/><REACH who="1" step="1"/><E23/><AGARI ba="0,1" hai="19,23,24,50,55,57,83,85,91,98,100,104,124,125" machi="23" ten="40,1300,0" yaku="1,1,53,0" doraHai="58" doraHaiUra="68" who="0" fromWho="1" sc="234,23,303,-13,209,0,244,0" /><INIT seed="3,0,0,3,1,21" ten="257,290,209,244" oya="3" hai0="111,15,51,1,12,4,130,50,0,114,98,68,67" hai1="64,28,32,127,126,132,117,10,94,92,135,27,134" hai2="58,66,116,70,37,77,128,5,105,56,131,84,121" hai3="65,54,59,79,63,113,11,103,87,55,85,52,44"/><W74/><G11/><T6/><D98/><U106/><E64/><V125/><F5/><N who="0" m="2154" /><D67/><U83/><E106/><V43/><F56/><N who="3" m="37095" /><G113/><T38/><D68/><U40/><E40/><V41/><F43/><W3/><G3/><N who="0" m="1099" /><D114/><U109/><E83/><V17/><F58/><W14/><G74/><T60/><D60/><U16/><E109/><V35/><F17/><W75/><G75/><T76/><D76/><U118/><E94/><V101/><F84/><W89/><G87/><T20/><D20/><U90/><E90/><V73/><F41/><W115/><G115/><T22/><D22/><U107/><E107/><V2/><F77/><W123/><G123/><T57/><D57/><U97/><E97/><V49/><F49/><N who="0" m="18442" /><D38/><U122/><E92/><V19/><F19/><W100/><G44/><T18/><D18/><U99/><E122/><V78/><F78/><W7/><G14/><N who="0" m="5163" /><D130/><U104/><E99/><V81/><F81/><N who="3" m="47295" /><G7/><T93/><D93/><U33/><E104/><V80/><F80/><W133/><G133/><T88/><D88/><U23/><E10/><V24/><F24/><W112/><G112/><T72/><D72/><U34/><REACH who="1" step="1"/><E16/><REACH who="1" step="2"/><V25/><F105/><W53/><N who="3" m="13824" /><DORA hai="36" /><W42/><G89/><T120/><D120/><U62/><E62/><V61/><F61/><W110/><G110/><AGARI ba="0,1" hai="110,111" m="5163,18442,1099,2154" machi="110" ten="40,2600,0" yaku="28,2" doraHai="21,36" who="0" fromWho="3" sc="257,36,280,0,209,0,244,-26" /><INIT seed="4,0,0,5,5,82" ten="293,280,209,218" oya="0" hai0="16,50,75,36,9,105,68,110,4,40,106,33,112" hai1="72,67,71,133,103,31,52,96,58,47,120,0,113" hai2="25,13,102,126,81,30,107,87,132,48,2,117,17" hai3="128,124,135,22,44,130,5,79,23,32,37,92,80"/><T131/><D50/><U127/><E120/><V26/><F2/><W43/><G22/><T62/><D16/><U69/><E127/><V7/><F126/><W134/><G92/><T10/><D10/><U51/><E133/><N who="3" m="50698" /><G124/><T89/><D89/><U49/><E113/><V118/><F132/><W6/><G32/><T104/><D112/><U12/><E72/><V84/><F102/><W76/><G23/><T90/><D90/><U86/><E0/><V54/><F107/><W97/><G76/><T119/><D119/><N who="2" m="45578" /><F7/><W99/><G6/><T114/><D114/><U46/><E86/><N who="2" m="32811" /><F81/><W108/><G97/><T111/><D4/><U73/><E73/><V18/><F30/><W94/><G108/><T91/><D111/><U109/><E109/><V95/><F95/><W116/><G116/><T85/><D110/><U125/><E125/><V35/><F35/><W88/><G5/><T101/><D106/><U8/><E31/><V28/><F28/><W98/><G44/><N who="1" m="16938" /><E96/><N who="3" m="36906" /><G37/><T14/><D36/><U115/><E103/><V45/><F17/><W61/><G43/><T56/><D40/><U3/><E3/><V11/><AGARI ba="0,0" hai="11,13,18,25,26,45,48,54" m="32811,45578" machi="11" ten="30,7900,0" yaku="12,1,52,3" doraHai="82" who="2" fromWho="2" sc="293,-39,280,-20,209,79,218,-20" /><INIT seed="5,0,0,3,3,67" ten="254,260,288,198" oya="1" hai0="72,23,4,121,25,38,76,97,14,135,41,96,80" hai1="90,99,8,1,73,129,9,103,110,75,49,70,31" hai2="48,0,46,5,119,132,2,40,10,20,50,105,12" hai3="33,62,51,86,98,58,69,94,21,68,92,15,133"/><U53/><E70/><V63/><F105/><W83/><G69/><T18/><D135/><U102/><E110/><V16/><F119/><W24/><G68/><T109/><D109/><U124/><E124/><V64/><F132/><W112/><G33/><T56/><D121/><U126/><E126/><V29/><F29/><N who="3" m="17551" /><G15/><T117/><D117/><U116/><E116/><V114/><F114/><W123/><G51/><T77/><D77/><U17/><E129/><V71/><REACH who="2" step="1"/><F50/><REACH who="2" step="2"/><W128/><G123/><T34/><D38/><U115/><E115/><V47/><F47/><W89/><G112/><T79/><D34/><U11/><E1/><AGARI ba="0,1" hai="0,1,2,5,10,12,16,20,40,46,48,63,64,71" machi="1" ten="30,7700,0" yaku="1,1,7,1,52,1,53,1" doraHai="67" doraHaiUra="60" who="2" fromWho="1" sc="254,0,260,-77,278,87,198,0" /><INIT seed="6,0,0,3,2,43" ten="254,183,365,198" oya="2" hai0="70,3,73,58,1,118,101,25,51,42,57,77,27" hai1="80,134,81,76,115,116,53,104,112,20,31,133,126" hai2="87,14,127,102,18,48,78,38,100,22,65,34,113" hai3="119,123,97,9,63,28,29,23,44,107,33,132,19"/><V17/><F38/><W117/><G107/><T56/><D70/><U68/><E104/><V26/><F34/><W92/><G123/><T35/><D118/><U66/><E116/><V85/><F113/><N who="1" m="43593" /><E31/><V4/><F127/><W6/><G117/><T71/><D71/><U74/><E126/><V47/><F4/><W79/><G119/><T37/><D37/><U99/><E68/><V52/><F65/><W106/><G44/><T125/><D125/><U95/><E66/><V60/><F60/><W16/><G63/><T83/><D101/><N who="1" m="60671" /><E53/><V46/><F102/><W108/><G106/><T75/><D75/><U128/><E20/><N who="2" m="11319" /><F100/><W50/><G50/><T39/><D39/><U130/><E74/><V105/><F105/><W103/><G33/><T21/><D35/><U72/><E72/><V91/><F78/><W24/><G79/><T98/><D98/><U7/><E7/><V49/><F91/><W55/><G108/><T0/><REACH who="0" step="1"/><D21/><REACH who="0" step="2"/><U41/><E41/><AGARI ba="0,1" hai="18,22,26,41,46,47,48,49,52,85,87" m="11319" machi="41" ten="30,5800,0" yaku="8,1,52,2" doraHai="43" who="2" fromWho="1" sc="244,0,183,-58,365,68,198,0" /><INIT seed="6,1,0,3,1,84" ten="244,125,433,198" oya="2" hai0="71,118,135,37,96,56,54,58,60,81,20,68,130" hai1="87,55,92,105,9,47,22,48,104,67,23,74,90" hai2="107,85,79,132,18,69,2,97,61,16,86,129,101" hai3="35,7,109,25,78,93,134,126,33,128,98,50,88"/><V59/><F129/><W70/><G70/><T36/><D130/><U8/><E74/><V62/><F132/><W64/><G78/><T40/><D135/><U100/><E67/><V44/><F2/><W29/><G64/><N who="0" m="38919" /><D96/><U83/><E105/><V95/><F69/><N who="0" m="26698" /><D81/><U91/><E91/><BYE who="1" /><V3/><F3/><W76/><G35/><T39/><D20/><U99/><E99/><V108/><F108/><W41/><G76/><T42/><D118/><U31/><E31/><V53/><F44/><W89/><G41/><T13/><D13/><U11/><E11/><V51/><F85/><N who="3" m="52367" /><G50/><T120/><D120/><U94/><E94/><V52/><F53/><W10/><G109/><T63/><AGARI ba="1,0" hai="36,37,39,40,42,54,58,63" m="26698,38919" machi="63" ten="40,8000,1" yaku="35,5" doraHai="84" who="0" fromWho="0" sc="244,83,125,-21,433,-41,198,-21" /><INIT seed="7,0,0,0,4,57" ten="327,104,392,177" oya="3" hai0="105,49,48,129,62,47,12,79,82,95,88,63,106" hai1="90,65,74,67,118,96,4,112,51,8,100,22,27" hai2="24,64,40,21,11,86,113,35,3,53,134,56,110" hai3="30,37,109,32,80,108,127,120,71,39,41,31,44"/><W92/><G92/><T132/><D129/><U34/><E34/><V68/><F35/><W123/><G120/><T46/><D132/><U28/><E28/><V126/><F68/><W73/><G123/><T9/><D48/><U78/><E78/><V14/><F3/><W60/><G31/><T94/><D47/><U36/><E36/><V101/><F134/><W0/><G39/><T38/><D38/><U122/><E122/><V84/><F110/><N who="3" m="42603" /><G127/><T59/><D106/><U75/><E75/><V121/><F113/><W33/><G0/><T130/><D105/><U52/><E52/><V107/><F121/><W124/><G33/><T102/><D102/><U13/><E13/><V1/><F126/><W19/><G124/><T55/><D130/><U50/><E50/><V91/><F1/><W58/><G19/><N who="0" m="8591" /><D79/><U98/><E98/><V70/><F70/><W66/><G58/><T76/><D76/><U81/><E81/><V83/><F64/><W29/><G29/><T131/><D131/><U7/><E7/><V61/><F40/><W99/><G99/><T119/><D119/><U87/><E87/><V116/><F116/><W26/><G73/><T104/><D104/><U114/><E114/><V20/><F101/><W54/><G54/><N who="0" m="34167" /><D63/><U45/><E45/><V18/><F107/><W117/><G117/><T115/><D115/><U69/><E69/><V15/><F14/><W128/><G80/><T111/><D111/><U103/><E103/><V17/><F20/><W77/><G128/><T133/><D133/><U72/><E72/><V97/><F97/><W43/><G77/><RYUUKYOKU ba="0,0" sc="327,10,104,-30,392,10,177,10" hai0="46,49,55,82,88,94,95" hai2="11,15,17,18,21,24,53,56,61,83,84,86,91" hai3="26,30,32,37,41,43,44,60,66,71" /><INIT seed="7,1,0,0,0,17" ten="337,74,402,187" oya="3" hai0="8,78,24,102,125,30,35,120,104,56,37,106,45" hai1="118,122,94,2,76,10,98,121,48,128,85,20,83" hai2="60,25,124,58,82,61,81,14,42,77,33,54,114" hai3="97,91,71,79,1,5,38,7,34,88,57,101,4"/><W68/><G88/><T74/><D120/><U27/><E27/><V43/><F114/><W90/><G79/><T99/><D125/><U31/><E31/><V0/><F0/><W113/><G113/><T105/><D56/><U135/><E135/><V89/><F124/><W21/><G1/><T22/><D8/><U52/><E52/><V36/><F36/><W129/><G34/><T123/><D123/><U46/><E46/><V69/><F69/><W92/><G38/><T67/><D67/><U18/><E18/><V126/><F126/><W41/><G68/><T11/><D11/><U65/><E65/><V103/><F103/><W49/><G71/><T116/><D22/><U70/><E70/><V51/><F33/><W133/><G21/><T73/><D116/><U59/><E59/><V75/><F25/><W130/><G57/><T53/><D53/><U63/><E63/><V64/><F14/><W115/><G115/><T111/><D111/><U95/><E95/><V127/><F127/><W50/><G41/><N who="2" m="15369" /><F75/><N who="0" m="28682" /><D78/><U110/><E110/><V93/><F77/><W108/><G108/><T96/><D96/><U15/><E15/><V84/><F64/><W3/><G3/><T6/><D6/><N who="3" m="1537" /><W100/><DORA hai="107" /><G92/><T29/><D29/><U32/><E32/><V40/><F40/><AGARI ba="1,0" hai="24,30,35,37,40,45,99,102,104,105,106" m="28682" machi="40" ten="30,8000,1" yaku="33,2,52,3" doraHai="17,107" who="0" fromWho="2" sc="337,83,74,0,402,-83,187,0" owari="420,52,74,-43,319,12,187,-21" /></mjloggm>