<mjloggm ver="2.3"><GO type="41"/><UN n0="%42%2D%4D%41%58" n1="%E3%83%8E%E3%83%8A%E3%83%A1%E3%81%A1%E3%82%83%E3%82%93" n2="%E3%82%A6%E3%83%AB%E3%83%88%E3%83%A9%E7%AB%8B%E7%9B%B4" n3="%E5%A4%A7%E9%87%8F%E3%81%AE%E9%BC%BB%E6%AF%9B" dan="15,14,15,14" rate="1934,1863,1969,1906" sx="M,F,M,M"/><TAIKYOKU oya="0"/><INIT seed="0,0,0,4,1,61" ten="250,250,250,250" oya="0" hai0="115,76,106,98,25,58,83,82,55,11,89,122,123" hai1="72,30,54,93,129,102,88,125,35,101,38,20,87" hai2="71,50,51,45,22,19,56,120,7,44,70,133,127" hai3="94,91,28,0,62,75,40,135,5,119,131,77,117"/><T13/><D115/><U109/><E72/><V79/><F7/><W114/><G114/><T78/><D25/><U90/><E35/><V17/><F79/><W46/><G119/><T8/><D106/><U99/><E38/><V110/><F22/><W97/><G117/><T59/><D98/><N who="1" m="57639" /><E109/><V108/><F56/><W41/><G41/><T33/><D33/><U95/><E129/><V100/><F100/><N who="1" m="38505" /><E125/><V84/><F84/><W26/><G131/><T121/><D89/><U65/><E65/><V118/><F118/><W48/><G135/><T130/><D130/><U113/><E113/><V27/><F133/><W96/><G75/><T74/><D59/><U80/><E54/><V104/><F127/><W42/><G77/><T37/><D37/><U111/><E111/><V134/><F134/><W43/><G97/><T16/><D11/><U107/><E107/><V57/><F104/><W60/><G0/><T105/><D105/><U6/><E6/><V14/><F110/><W2/><G5/><T81/><REACH who="0" step="1"/><D74/><REACH who="0" ten="240,250,250,250" step="2"/><U10/><E10/><N who="2" m="6359" /><F57/><W69/><G91/><T52/><D52/><U1/><E90/><V63/><F108/><W9/><G43/><T29/><D29/><U32/><E32/><V126/><F126/><W64/><G42/><T39/><D39/><U53/><E53/><V34/><F34/><W92/><G9/><T49/><AGARI ba="0,1" hai="8,13,16,49,55,58,76,78,81,82,83,121,122,123" machi="49" ten="40,7800,0" yaku="1,1,0,1,54,1,53,0" doraHai="61" doraHaiUra="86" who="0" fromWho="0" sc="240,88,250,-26,250,-26,250,-26" /><INIT seed="0,1,0,1,5,44" ten="328,224,224,224" oya="0" hai0="10,109,16,128,23,74,1,21,83,11,78,46,123" hai1="121,17,126,76,50,31,25,77,34,14,110,106,88" hai2="73,49,60,38,117,133,122,59,37,24,52,75,130" hai3="15,89,29,7,90,4,101,9,105,6,134,61,39"/><T53/><D123/><U115/><E115/><V84/><F75/><W107/><G39/><T93/><D128/><U63/><E121/><V72/><F73/><W94/><G29/><T56/><D46/><U41/><E126/><V119/><F72/><W58/><G134/><T125/><D125/><U129/><E106/><V98/><F122/><W99/><G107/><T54/><D109/><U55/><E129/><V69/><F98/><W20/><G105/><T57/><D1/><U112/><E112/><V132/><F84/><W66/><G20/><T100/><D100/><U71/><E110/><V102/><F24/><W124/><G124/><T13/><D93/><U45/><E88/><AGARI ba="1,0" hai="4,6,7,9,15,58,61,66,88,89,90,94,99,101" machi="88" ten="40,2600,0" yaku="8,1,54,1" doraHai="44" who="3" fromWho="1" sc="328,0,224,-29,224,0,224,29" /><INIT seed="1,0,0,3,2,25" ten="328,195,224,253" oya="1" hai0="54,23,44,39,120,119,34,76,11,30,127,70,105" hai1="17,68,110,2,84,50,134,63,125,58,126,112,24" hai2="128,100,101,64,35,40,3,60,18,31,8,96,9" hai3="65,113,106,91,104,131,32,33,87,69,66,10,7"/><U135/><E2/><V67/><F40/><W12/><G113/><T15/><D76/><U38/><E38/><V20/><F128/><W109/><G131/><T81/><D81/><U47/><E68/><V22/><F35/><W114/><G114/><T29/><D105/><U89/><E112/><V78/><F78/><W86/><G33/><T53/><D70/><U98/><E98/><V121/><F96/><W36/><G36/><T107/><D107/><U97/><E97/><V108/><F60/><W85/><G91/><T90/><D90/><U55/><E110/><V49/><F49/><W103/><G109/><T80/><D80/><N who="1" m="49287" /><E24/><V132/><F108/><W16/><G103/><T129/><D129/><U14/><E14/><V61/><F3/><W41/><G69/><T26/><D39/><U28/><E17/><V27/><F121/><W115/><G115/><T77/><D77/><U99/><E99/><V52/><F100/><W42/><G106/><T111/><D111/><U59/><E28/><V43/><F101/><W51/><G104/><T62/><D34/><U71/><E71/><V46/><F18/><W122/><G122/><T72/><D72/><U5/><E5/><V88/><F27/><W19/><G32/><T4/><D120/><U123/><E123/><V21/><F31/><W75/><G75/><T6/><D30/><U130/><E130/><V48/><F88/><W92/><G92/><T118/><D4/><U74/><E74/><V133/><F133/><N who="1" m="50697" /><E59/><N who="2" m="35047" /><F132/><W93/><G93/><T116/><D116/><U94/><E94/><V95/><F95/><W83/><G7/><RYUUKYOKU ba="0,0" sc="328,-15,195,15,224,15,253,-15" hai1="47,50,55,58,63,125,126" hai2="8,9,20,21,22,43,46,48,64,67" /><INIT seed="1,1,0,0,3,79" ten="313,210,239,238" oya="1" hai0="82,56,90,106,132,71,21,92,57,24,80,58,14" hai1="6,120,60,45,95,124,112,1,85,50,76,53,30" hai2="105,65,68,42,98,8,32,93,33,39,44,40,47" hai3="131,59,23,19,108,84,86,55,115,117,52,111,103"/><U135/><E120/><V29/><F8/><W69/><G69/><T43/><D106/><U64/><E112/><V94/><F29/><W62/><G115/><T99/><D71/><U38/><E38/><V78/><F78/><W51/><G103/><T61/><D132/><U37/><E37/><N who="2" m="21519" /><F93/><W107/><G107/><T125/><D125/><U118/><E118/><V116/><F94/><W70/><G117/><T48/><D14/><U49/><E135/><V81/><F81/><N who="0" m="31338" /><D43/><U13/><E1/><V7/><F7/><W22/><G70/><T88/><D48/><U110/><E110/><V119/><F119/><W127/><G127/><T133/><D133/><U123/><E123/><V15/><F15/><W73/><G73/><T75/><D75/><U0/><E0/><V4/><F4/><W72/><G72/><T12/><D12/><U130/><E124/><V121/><F121/><W91/><G51/><T83/><N who="0" m="31346" /><T17/><DORA hai="134" /><D90/><U67/><E50/><V25/><F116/><W36/><G36/><T109/><D109/><U46/><E45/><V74/><F74/><W5/><G111/><T18/><D18/><U2/><E2/><V20/><F47/><W10/><G5/><T114/><D114/><U89/><E30/><V41/><F42/><W54/><G19/><T128/><D128/><U96/><E13/><V27/><F41/><W3/><G131/><T122/><D122/><U34/><E6/><V87/><F39/><W66/><G108/><T102/><D102/><N who="1" m="60703" /><E130/><V26/><F68/><W16/><G3/><T77/><D77/><U97/><E76/><RYUUKYOKU ba="1,0" sc="313,30,210,-10,239,-10,238,-10" hai0="17,21,24,56,57,58,61,88,92,99" /><INIT seed="2,2,0,4,0,101" ten="343,200,229,228" oya="2" hai0="93,7,40,27,71,58,53,92,126,105,76,88,96" hai1="123,119,57,38,90,44,66,54,114,46,47,16,23" hai2="15,125,22,65,13,104,18,73,36,113,33,11,39" hai3="81,10,34,97,17,6,82,102,122,98,77,70,5"/><V25/><F73/><W21/><G34/><T74/><D71/><U135/><E119/><V48/><F113/><W115/><G70/><T49/><D126/><U62/><E114/><V41/><F65/><W124/><G115/><T59/><D7/><U103/><E123/><V100/><F125/><W91/><G124/><T85/><D40/><U110/><E110/><V50/><F33/><W14/><G122/><T86/><D74/><U19/><E135/><V95/><F39/><W128/><G128/><T37/><D37/><U24/><E103/><V51/><F36/><W106/><G6/><T56/><D105/><U4/><E4/><V80/><F80/><W99/><G91/><N who="0" m="53359" /><D27/><U3/><E3/><V84/><F104/><W75/><REACH who="3" step="1"/><G82/><AGARI ba="2,0" hai="49,53,56,58,59,76,82,86,88,93,96" m="53359" machi="82" ten="30,2000,0" yaku="8,1,54,1" doraHai="101" who="0" fromWho="3" sc="343,26,200,0,229,0,228,-26" /><INIT seed="3,0,0,3,5,89" ten="369,200,229,202" oya="3" hai0="10,6,55,62,63,70,110,26,131,83,35,42,25" hai1="5,49,1,46,33,44,4,36,112,16,134,116,0" hai2="77,66,94,98,29,79,7,64,102,19,109,106,3" hai3="48,54,114,41,84,58,32,104,56,75,27,24,113"/><W103/><G75/><T12/><D110/><U23/><E33/><V95/><F29/><W68/><G68/><T17/><D131/><U11/><E112/><V18/><F7/><W115/><G32/><T60/><D42/><U51/><E116/><V45/><F3/><W22/><G41/><T122/><D122/><U81/><E134/><V92/><F45/><W99/><G84/><T47/><D70/><U76/><E5/><V88/><F109/><W34/><G34/><T59/><D47/><U31/><E31/><V20/><F18/><W127/><G127/><T80/><D35/><U21/><E23/><V123/><F123/><W96/><G96/><T78/><D78/><N who="2" m="29706" /><F106/><W72/><G72/><T37/><D37/><U2/><E36/><V124/><F124/><W91/><G91/><T128/><D128/><U15/><E46/><V69/><F69/><W61/><REACH who="3" step="1"/><G22/><REACH who="3" ten="369,200,229,192" step="2"/><N who="0" m="13519" /><D26/><U86/><E51/><AGARI ba="0,1" hai="6,10,12,51,55,59,60,62,63,80,83" m="13519" machi="51" ten="30,1000,0" yaku="8,1" doraHai="89" who="0" fromWho="1" sc="369,20,200,-10,229,0,192,0" /><INIT seed="4,0,0,3,4,18" ten="389,190,229,192" oya="0" hai0="57,33,124,71,99,98,62,30,40,133,34,49,46" hai1="8,118,72,83,70,54,15,29,24,68,13,16,95" hai2="6,105,55,35,127,76,45,116,130,65,115,132,26" hai3="84,27,126,117,5,121,37,67,43,31,135,23,131"/><T22/><D71/><U88/><E118/><V109/><F55/><W128/><G37/><T4/><D133/><U102/><E13/><V78/><F45/><W52/><G43/><T41/><D124/><U89/><E89/><V73/><F65/><W28/><G67/><T38/><D38/><U47/><E102/><V80/><F6/><W32/><G117/><T2/><D40/><U92/><E92/><V36/><F26/><W61/><G5/><T39/><D39/><U110/><E110/><V9/><F9/><W63/><G126/><T25/><D2/><U66/><E66/><V107/><F80/><W60/><G135/><T53/><D4/><U7/><E7/><V0/><F78/><W69/><G69/><T77/><D77/><U82/><E82/><V86/><F86/><W56/><G121/><T59/><D59/><U113/><E113/><V17/><F17/><W93/><G31/><T51/><D51/><N who="1" m="29055" /><E72/><V3/><F76/><W100/><G32/><T87/><D87/><N who="1" m="50303" /><E95/><V75/><F75/><W14/><G14/><T48/><D34/><AGARI ba="0,0" hai="8,15,16,24,29,34,68,70" m="50303,29055" machi="34" ten="30,3900,0" yaku="25,1,54,2" doraHai="18" who="1" fromWho="0" sc="389,-39,190,39,229,0,192,0" /><INIT seed="5,0,0,3,5,24" ten="350,229,229,192" oya="1" hai0="71,109,35,131,2,79,99,25,129,83,1,43,75" hai1="117,22,58,42,33,90,70,96,29,121,92,108,49" hai2="86,125,98,51,6,56,15,47,32,19,111,93,77" hai3="34,107,112,80,3,30,76,53,122,130,28,128,4"/><U65/><E33/><V124/><F111/><W67/><G34/><T45/><D109/><U134/><E70/><V118/><F118/><W115/><G107/><T7/><D99/><U94/><E108/><V64/><F32/><W8/><G122/><T66/><D66/><U41/><E121/><V13/><F6/><W101/><G101/><T133/><D71/><U16/><E117/><V110/><F110/><W120/><G67/><T123/><D123/><U11/><E134/><V82/><F56/><W26/><G26/><T91/><D133/><U103/><E11/><V14/><F64/><W135/><G53/><T0/><D91/><U106/><E106/><V127/><F93/><W85/><G135/><T59/><D59/><U119/><E119/><V18/><REACH who="2" step="1"/><F98/><REACH who="2" ten="350,229,219,192" step="2"/><W114/><G120/><T61/><D7/><U132/><E132/><V44/><F44/><W55/><G55/><AGARI ba="0,1" hai="13,14,15,18,19,47,51,55,77,82,86,124,125,127" machi="55" ten="50,3200,0" yaku="1,1,18,1,53,0" doraHai="24" doraHaiUra="116" who="2" fromWho="3" sc="350,0,229,0,219,42,192,-32" /><INIT seed="6,0,0,1,2,50" ten="350,229,261,160" oya="2" hai0="69,95,0,63,3,2,134,111,97,70,32,46,40" hai1="128,114,77,24,25,74,98,58,99,123,79,60,109" hai2="16,81,135,94,59,121,83,118,130,18,56,66,29" hai3="52,133,87,20,17,44,100,43,90,38,62,21,126"/><V45/><F121/><W51/><G100/><T34/><D111/><U122/><E109/><V72/><F72/><W103/><G103/><T68/><D63/><U84/><E74/><V13/><F29/><W11/><G133/><T112/><D134/><U47/><E47/><V76/><F135/><W64/><G126/><T6/><D6/><U35/><E128/><V91/><F130/><W37/><G11/><T119/><D95/><U14/><E14/><V33/><F33/><W120/><G120/><N who="1" m="46122" /><E114/><V101/><F101/><W5/><G5/><T67/><D67/><U93/><E84/><V12/><F45/><W75/><G75/><T102/><D112/><U61/><E35/><V4/><F4/><W26/><G21/><T88/><D119/><U78/><E93/><V48/><F118/><W53/><G38/><T57/><D34/><U23/><E23/><V39/><F39/><W132/><G37/><T9/><D32/><U8/><E8/><V96/><F81/><W105/><G105/><T92/><D9/><U104/><E104/><V106/><F106/><W85/><G132/><T30/><D30/><U1/><E1/><V86/><F13/><W65/><G87/><T116/><D116/><U73/><E73/><V108/><F108/><W107/><G107/><T15/><D15/><U125/><E125/><V10/><F18/><W131/><G131/><T82/><D82/><U117/><E117/><V129/><F129/><W27/><G27/><N who="1" m="10314" /><E60/><N who="2" m="38151" /><F48/><W80/><G65/><AGARI ba="0,0" hai="58,61,65,77,78,79,98,99" m="10314,46122" machi="65" ten="30,1000,0" yaku="13,1" doraHai="50" who="1" fromWho="3" sc="350,0,229,10,261,0,160,-10" /><INIT seed="7,0,0,5,4,132" ten="350,239,261,150" oya="3" hai0="88,84,42,123,122,112,70,7,110,105,128,93,75" hai1="125,57,38,106,72,74,66,41,46,29,20,44,77" hai2="36,4,118,60,100,103,65,47,50,25,124,104,14" hai3="131,49,40,73,116,59,85,119,10,26,64,52,68"/><W108/><G73/><T69/><D110/><U1/><E106/><V80/><F118/><W83/><G108/><T18/><D75/><U95/><E1/><V94/><F36/><W130/><G26/><T102/><D7/><U135/><E135/><V2/><F2/><W97/><G97/><T98/><D128/><N who="3" m="49193" /><G10/><T9/><D42/><U117/><E117/><V82/><F104/><W0/><G0/><T99/><D99/><U32/><E32/><V91/><F25/><W45/><G64/><T71/><D112/><U113/><E113/><V129/><F129/><W6/><G6/><T81/><D105/><U126/><E46/><V134/><F14/><W79/><G68/><T62/><D9/><U115/><E115/><V17/><F17/><W76/><G76/><T30/><D18/><U87/><E29/><V19/><F19/><W24/><G24/><T28/><D28/><U107/><E20/><V92/><F4/><W27/><G27/><T31/><D31/><U12/><E12/><V22/><F22/><W90/><G79/><T8/><D8/><U53/><E107/><V33/><F33/><W5/><G5/><T21/><D21/><U54/><E66/><V96/><F134/><W51/><AGARI ba="0,0" hai="40,45,49,51,52,59,83,85,90,116,119" m="49193" machi="51" ten="30,3000,0" yaku="19,1,54,1" doraHai="132" who="3" fromWho="3" sc="350,-10,239,-10,261,-10,150,30" /><INIT seed="7,1,0,4,1,14" ten="340,229,251,180" oya="3" hai0="99,102,44,84,26,115,10,31,110,83,88,38,49" hai1="82,24,95,119,39,76,19,111,126,66,25,79,70" hai2="80,22,87,47,131,114,46,127,73,53,123,42,97" hai3="120,105,106,4,75,1,58,36,100,52,51,121,45"/><W37/><G75/><T118/><D38/><U113/><E111/><V6/><F73/><W13/><G36/><T67/><D110/><U134/><E39/><V125/><F6/><W86/><G1/><T59/><D118/><U57/><E70/><V74/><F74/><W50/><G37/><T62/><D115/><U21/><E119/><V103/><F42/><W132/><G132/><T23/><D10/><U81/><E113/><V11/><F11/><W69/><G69/><T0/><D0/><U116/><E116/><V17/><F114/><W65/><G100/><T94/><D49/><U56/><E134/><V3/><F3/><W12/><G12/><T72/><D72/><U96/><E126/><N who="2" m="48139" /><F53/><W35/><G35/><T34/><D44/><U40/><E40/><V91/><F123/><W108/><G108/><T68/><D68/><U130/><E130/><V101/><F101/><W98/><G98/><T30/><D30/><U60/><E81/><V112/><F112/><W61/><G51/><T122/><D122/><U28/><E82/><V129/><F129/><W107/><G86/><T29/><D29/><U104/><E57/><V48/><F48/><W41/><G41/><T5/><D5/><U43/><E43/><V89/><F89/><W63/><G63/><T93/><D83/><U32/><REACH who="1" step="1"/><E104/><REACH who="1" ten="340,219,251,180" step="2"/><N who="2" m="63599" /><F131/><W128/><REACH who="3" step="1"/><G128/><REACH who="3" ten="340,219,251,170" step="2"/><T9/><D34/><U135/><E135/><V133/><F133/><W64/><G64/><T71/><D71/><U92/><E92/><V33/><F33/><W85/><G85/><T18/><D93/><U117/><E117/><V20/><F20/><RYUUKYOKU ba="1,2" sc="340,-30,219,10,251,10,170,10" hai1="19,21,24,25,28,32,56,60,66,76,79,95,96" hai2="17,22,46,47,80,87,91" hai3="4,13,45,50,52,58,61,65,105,106,107,120,121" /><INIT seed="7,2,2,1,1,132" ten="310,229,261,180" oya="3" hai0="67,114,52,7,108,77,41,116,107,75,122,130,54" hai1="81,29,39,2,90,104,20,82,18,38,83,105,51" hai2="12,16,94,40,17,31,25,118,96,0,86,85,73" hai3="95,102,8,135,115,33,22,60,131,66,87,117,15"/><W28/><G117/><T84/><D75/><U3/><E29/><V120/><F73/><W124/><G135/><T106/><D108/><U99/><E105/><V72/><F72/><W1/><G1/><T78/><D116/><U74/><E74/><V65/><F0/><W61/><G33/><T23/><D122/><U103/><E90/><V30/><F118/><W100/><G131/><T47/><D130/><U119/><E119/><V76/><F120/><W111/><G111/><T123/><D123/><U69/><E69/><V101/><F40/><W68/><G115/><T93/><D106/><U37/><REACH who="1" step="1"/><E51/><REACH who="1" ten="310,219,261,180" step="2"/><V129/><F129/><W14/><G100/><T9/><D107/><U113/><E113/><V42/><F30/><W88/><G102/><T26/><D114/><U91/><E91/><V27/><F31/><W121/><G121/><T19/><D78/><U59/><E59/><V21/><F76/><W109/><G109/><T80/><D93/><U45/><E45/><V98/><F98/><W35/><G35/><T10/><D67/><U4/><E4/><V64/><F64/><W57/><G28/><T34/><D34/><U50/><E50/><V112/><F65/><W62/><G68/><T5/><D5/><U134/><E134/><V36/><F112/><W133/><G133/><T46/><D46/><U11/><E11/><N who="2" m="6175" /><F86/><W127/><G22/><T126/><D10/><U24/><AGARI ba="2,3" hai="2,3,18,20,24,37,38,39,81,82,83,99,103,104" machi="24" ten="40,2700,0" yaku="1,1,0,1,53,0" doraHai="132" doraHaiUra="125" who="1" fromWho="1" sc="310,-9,219,63,261,-9,180,-15" owari="301,40.0,282,8.0,252,-15.0,165,-33.0" /></mjloggm>