<mjloggm ver="2.3"><GO type="169"/><UN n0="%E3%81%AF%E3%82%86%E3%81%86" n1="%6A%6F%65%5F%31%39%37%34" n2="%E3%83%AA%E3%83%95%E3%83%AC%E3%82%AF%E3%83%86%E3%82%A3%E3%82%A2" n3="%EF%BC%88%E2%89%A7%E2%96%BD%E2%89%A6%EF%BC%89" dan="16,16,16,18" rate="2104,2052,2146,2232" sx="F,M,F,M"/><TAIKYOKU oya="0"/><INIT seed="0,0,0,4,2,52" ten="250,250,250,250" oya="0" hai0="25,118,105,104,10,1,96,78,32,123,31,17,45" hai1="55,40,72,133,42,33,117,93,102,121,59,48,97" hai2="20,5,58,83,19,124,128,65,46,87,54,80,89" hai3="79,116,37,0,7,111,43,113,64,129,28,22,27"/><T86/><D118/><U13/><E117/><V14/><F128/><W125/><G113/><T114/><D123/><U6/><E33/><V18/><F124/><W108/><G125/><T4/><D114/><U51/><E72/><V23/><F5/><W74/><G129/><T81/><D96/><U56/><E121/><V2/><F2/><W71/><G116/><T109/><D109/><U15/><E133/><V94/><F65/><W120/><G120/><T53/><D45/><U60/><E6/><V131/><F46/><N who="3" m="23919" /><G64/><T115/><D115/><U63/><E48/><V95/><F95/><W110/><G71/><T16/><REACH who="0" step="1"/><D53/><REACH who="0" ten="240,250,250,250" step="2"/><N who="1" m="33903" /><E40/><V67/><F131/><W88/><G111/><T119/><D119/><U26/><E26/><N who="2" m="14615" /><F67/><W73/><G27/><T99/><D99/><U98/><E98/><V106/><F106/><AGARI ba="0,1" hai="1,4,10,16,17,25,31,32,78,81,86,104,105,106" machi="106" ten="40,3900,0" yaku="1,1,54,1,53,0" doraHai="52" doraHaiUra="47" who="0" fromWho="2" sc="240,49,250,0,250,-39,250,0" /><INIT seed="0,1,0,1,4,126" ten="289,250,211,250" oya="0" hai0="83,28,135,26,85,54,112,39,9,63,59,46,74" hai1="72,70,96,51,87,29,116,31,17,134,25,108,6" hai2="80,101,27,69,121,16,132,57,89,30,60,34,24" hai3="90,47,130,58,49,37,91,125,129,78,128,75,79"/><T118/><D112/><U109/><E116/><V110/><F121/><W105/><G105/><T84/><D118/><U127/><E70/><V40/><F69/><W56/><G125/><T36/><D135/><U76/><E127/><V81/><F132/><W73/><G37/><T21/><D74/><N who="3" m="28169" /><G90/><T106/><D106/><U95/><E72/><V71/><F71/><W42/><G91/><T20/><D20/><U38/><E38/><V12/><F110/><W133/><G133/><T67/><D9/><U119/><E6/><V41/><F101/><W88/><G88/><T117/><D117/><U3/><E3/><V50/><F27/><W7/><G7/><T1/><D1/><U22/><E119/><V48/><F48/><W98/><G98/><T123/><D123/><U11/><E51/><V122/><F122/><W0/><G0/><T52/><D39/><U13/><E134/><V5/><F5/><W14/><G14/><T53/><REACH who="0" step="1"/><D83/><REACH who="0" ten="279,250,211,250" step="2"/><U43/><E11/><V82/><F80/><W104/><G104/><T64/><D64/><U86/><E108/><V62/><F81/><W2/><G2/><T65/><D65/><U18/><E109/><V4/><F82/><W97/><G97/><T113/><D113/><U131/><E96/><V32/><F32/><W114/><G114/><T19/><D19/><U107/><E17/><V23/><F4/><W77/><AGARI ba="1,1" hai="42,47,49,56,58,77,78,79,128,129,130" m="28169" machi="77" ten="40,8000,1" yaku="19,1,52,3" doraHai="126" who="3" fromWho="3" sc="279,-41,250,-21,211,-21,250,93" /><INIT seed="1,0,0,4,4,58" ten="238,229,190,343" oya="1" hai0="39,115,53,87,1,70,18,16,56,67,55,91,127" hai1="78,92,77,121,35,52,103,5,46,104,31,110,132" hai2="116,73,83,96,113,111,43,34,114,25,122,57,38" hai3="71,90,133,130,28,41,123,51,100,106,68,88,19"/><U112/><E121/><V94/><F34/><W101/><G28/><T48/><D115/><N who="2" m="44042" /><F122/><W6/><G6/><T61/><D127/><U22/><E112/><V29/><F116/><W102/><G106/><T107/><D107/><U80/><E35/><V129/><F43/><W60/><G123/><T40/><D1/><U30/><E104/><V23/><F38/><W120/><G120/><T76/><D76/><U21/><E5/><V125/><F111/><W117/><G117/><T79/><D79/><N who="1" m="30219" /><E80/><V81/><F73/><W4/><G4/><T124/><D124/><U128/><E128/><V17/><F125/><W65/><G71/><T119/><D119/><U44/><E44/><V108/><F129/><W0/><G0/><T64/><D64/><U3/><E3/><V126/><F108/><W9/><G130/><T7/><D7/><U89/><E103/><N who="2" m="60823" /><F126/><W42/><G42/><T49/><D49/><N who="1" m="28727" /><E110/><V66/><F17/><W20/><G41/><T32/><D32/><U11/><E11/><V12/><F81/><W98/><G9/><T8/><D8/><U82/><E82/><V14/><F83/><W26/><G68/><T99/><D39/><U84/><E132/><V33/><F33/><W134/><G133/><T2/><D2/><U72/><E72/><V74/><F74/><W54/><G134/><T36/><D36/><U97/><E97/><V62/><AGARI ba="0,0" hai="12,14,23,25,29,57,62,66" m="60823,44042" machi="62" ten="30,4000,0" yaku="25,1,11,1,52,1" doraHai="58" who="2" fromWho="2" sc="238,-10,229,-20,190,40,343,-10" /><INIT seed="2,0,0,1,5,109" ten="228,209,230,333" oya="2" hai0="65,100,101,122,81,36,40,94,82,11,71,62,0" hai1="128,10,3,1,131,41,108,97,46,5,43,8,110" hai2="35,59,18,95,115,67,83,89,13,69,74,44,84" hai3="4,123,75,14,78,48,111,45,79,112,118,72,135"/><V26/><F69/><W34/><G34/><T90/><D122/><U24/><E24/><V27/><F35/><W120/><G118/><T129/><D129/><N who="1" m="49739" /><E97/><V51/><F115/><W80/><G112/><T102/><D40/><N who="1" m="15435" /><E46/><V117/><F117/><W106/><G106/><T29/><D29/><U113/><E113/><V19/><F74/><W116/><G116/><T37/><D0/><N who="1" m="75" /><E5/><V107/><F107/><W57/><G45/><T68/><D11/><AGARI ba="0,0" hai="8,10,11,108,110" m="75,15435,49739" machi="11" ten="40,5200,0" yaku="28,2,19,1" doraHai="109" who="1" fromWho="0" sc="228,-52,209,52,230,0,333,0" /><INIT seed="3,0,0,1,1,72" ten="176,261,230,333" oya="3" hai0="73,38,129,75,5,134,44,78,94,66,43,56,135" hai1="52,14,31,76,69,28,34,22,82,123,45,77,8" hai2="42,67,26,111,103,64,48,90,97,51,18,113,104" hai3="13,105,102,40,63,41,121,17,36,37,124,29,53"/><W24/><G121/><T117/><D117/><U120/><E69/><V119/><F119/><W71/><G124/><T132/><D132/><U128/><E34/><V95/><F113/><W98/><G40/><T20/><D20/><U46/><E128/><V2/><F2/><W89/><G89/><T108/><D108/><U100/><E100/><V88/><F111/><W131/><G41/><T110/><D110/><U27/><E31/><V109/><F109/><W21/><G131/><T68/><D68/><U127/><E127/><V57/><F42/><W62/><G62/><T92/><D92/><U49/><E46/><V112/><F112/><W116/><G116/><T101/><D101/><U74/><REACH who="1" step="1"/><E77/><REACH who="1" ten="176,251,230,333" step="2"/><V86/><F103/><W118/><G118/><T106/><D106/><U19/><AGARI ba="0,1" hai="8,14,19,22,27,28,45,49,52,74,76,82,120,123" machi="19" ten="20,12000,2" yaku="1,1,2,1,0,1,7,1,52,1,54,1,53,0" doraHai="72" doraHaiUra="55" who="1" fromWho="1" sc="176,-30,251,130,230,-30,333,-60" /><INIT seed="4,0,0,5,2,66" ten="146,381,200,273" oya="0" hai0="70,64,84,94,60,91,106,88,101,11,27,54,47" hai1="78,40,33,45,24,31,15,63,125,25,109,116,16" hai2="122,126,130,69,42,10,117,127,128,132,22,103,17" hai3="5,120,129,135,92,0,118,98,87,53,23,113,36"/><T30/><D30/><U32/><E116/><V115/><F122/><W112/><G36/><T99/><D99/><U29/><E78/><V43/><F103/><W95/><G118/><T134/><D134/><U37/><E125/><N who="2" m="47627" /><F117/><W72/><G72/><T41/><D41/><U111/><E63/><V28/><F115/><W77/><G129/><N who="2" m="49769" /><F28/><W93/><G120/><T49/><D49/><U85/><E85/><V7/><F69/><W18/><G98/><T110/><D110/><U9/><AGARI ba="0,0" hai="9,15,16,24,25,29,31,32,33,37,40,45,109,111" machi="9" ten="20,5200,0" yaku="0,1,7,1,9,1,54,1" doraHai="66" who="1" fromWho="1" sc="146,-26,381,52,200,-13,273,-13" /><INIT seed="5,0,0,4,2,53" ten="120,433,187,260" oya="1" hai0="94,36,77,9,46,123,50,91,67,107,58,44,73" hai1="118,68,130,127,60,11,35,99,125,23,47,27,62" hai2="116,87,93,126,117,81,76,12,2,42,69,96,39" hai3="49,13,92,25,108,124,30,79,20,7,80,59,88"/><U72/><E72/><V120/><F69/><W89/><G124/><N who="1" m="47690" /><E35/><V78/><F2/><W112/><G108/><T22/><D22/><U82/><E68/><V24/><F126/><W113/><G7/><T37/><D37/><U26/><E26/><V61/><F24/><W104/><G104/><T8/><D8/><U56/><E47/><V14/><F120/><W16/><G92/><T109/><D109/><U21/><E62/><V64/><F42/><W6/><G6/><T110/><D110/><U18/><E11/><V128/><F39/><W33/><G79/><T3/><D3/><U86/><E99/><V0/><F0/><W45/><G80/><T28/><D123/><U51/><E51/><V32/><F32/><W55/><G45/><T75/><D50/><U1/><E23/><V119/><F76/><W135/><G135/><T101/><D77/><N who="1" m="46415" /><E1/><V95/><F96/><W121/><G121/><T19/><D28/><U54/><E130/><V90/><F128/><W114/><AGARI ba="0,0" hai="13,16,20,25,30,33,49,55,59,88,89,112,113,114" machi="114" ten="30,8000,1" yaku="0,1,15,1,52,1,54,2" doraHai="53" who="3" fromWho="3" sc="120,-20,433,-40,187,-20,260,80" /><INIT seed="6,0,0,5,0,8" ten="100,393,167,340" oya="2" hai0="128,93,124,23,129,80,105,47,18,55,0,75,97" hai1="29,86,62,1,11,107,74,48,78,104,6,10,4" hai2="115,34,88,113,126,57,85,43,39,98,36,40,26" hai3="28,56,35,130,16,94,5,49,65,122,110,109,125"/><V117/><F117/><W9/><G122/><T25/><D124/><U14/><E74/><V67/><F98/><W2/><G125/><T111/><D0/><U106/><E29/><V92/><F126/><W91/><G130/><T52/><D111/><U77/><E86/><V50/><F34/><W68/><G68/><T134/><D134/><U131/><E131/><N who="0" m="50249" /><D105/><U31/><E31/><V69/><F26/><W116/><G116/><T45/><D80/><U132/><E132/><V22/><F69/><W42/><G42/><N who="2" m="15913" /><F67/><W127/><G127/><T79/><D79/><U20/><E20/><V12/><F39/><W51/><G28/><T96/><D75/><U120/><E120/><V44/><F36/><W27/><G35/><T24/><D24/><U118/><E118/><V108/><F108/><W82/><G110/><T32/><D32/><U38/><E38/><V13/><F57/><W3/><G56/><T66/><D66/><U100/><E62/><V58/><F58/><W60/><G60/><T41/><D97/><U17/><E17/><V73/><F73/><W30/><G65/><T37/><D47/><U133/><E133/><V63/><F63/><W53/><G2/><T61/><D61/><U71/><E71/><V87/><F87/><N who="3" m="50679" /><G109/><T114/><D114/><N who="2" m="43530" /><F22/><N who="3" m="13767" /><G51/><T54/><D54/><AGARI ba="0,0" hai="12,13,44,50,54,85,88,92" m="43530,15913" machi="54" ten="30,11600,0" yaku="15,1,52,2,54,1" doraHai="8" who="2" fromWho="0" sc="100,-116,393,0,167,116,340,0" owari="-16,-52.0,393,50.0,283,-12.0,340,14.0" /></mjloggm>