<mjloggm ver="2.3"><GO type="41"/><UN n0="%4D%61%6E%6D%6F%73" n1="%63%79%6F%6E%70%69" n2="%E2%98%86%E3%82%84%E3%81%99%E2%98%86" n3="%E3%82%A6%E3%83%AB%E3%83%88%E3%83%A9%E7%AB%8B%E7%9B%B4" dan="13,14,15,15" rate="1835,1899,2091,2019" sx="M,M,M,M"/><TAIKYOKU oya="0"/><INIT seed="0,0,0,5,5,135" ten="250,250,250,250" oya="0" hai0="99,32,111,123,44,8,94,130,5,112,3,81,15" hai1="14,2,13,6,67,17,40,122,23,76,25,21,37" hai2="61,118,38,63,80,30,11,125,104,90,101,78,97" hai3="19,7,12,116,120,16,58,70,4,113,65,26,124"/><T121/><D32/><U1/><E40/><V47/><F118/><W41/><G70/><T57/><D112/><U68/><E37/><V128/><F128/><W49/><G116/><T92/><D130/><U39/><E39/><V91/><F30/><W87/><G113/><T48/><D81/><U53/><E67/><V22/><F22/><W42/><G42/><T64/><D111/><U28/><E68/><V114/><F114/><W103/><G103/><T110/><D110/><U43/><E43/><V117/><F47/><W33/><G65/><T51/><D48/><U27/><E53/><V88/><F38/><W31/><G87/><T119/><D119/><U77/><E76/><V89/><F117/><W72/><G58/><T46/><D46/><U54/><E54/><V82/><F11/><W52/><G52/><T56/><D57/><U60/><E77/><V59/><F59/><W74/><G72/><T55/><D92/><U86/><E86/><N who="2" m="50391" /><F63/><W10/><G74/><T108/><D108/><U62/><E60/><V9/><F61/><W18/><G49/><T29/><D64/><U71/><E62/><V75/><F9/><N who="3" m="4135" /><G41/><T131/><D131/><U115/><E71/><V0/><F0/><N who="1" m="105" /><E122/><V132/><F132/><W35/><G120/><T34/><D56/><U127/><E115/><V24/><F24/><W96/><G35/><T83/><D83/><U133/><E133/><V79/><F79/><W100/><G10/><T20/><D3/><U105/><E105/><V134/><F134/><W85/><G33/><T69/><D69/><U66/><E66/><V126/><AGARI ba="0,0" hai="75,78,80,88,90,91,97,101,104,125,126" m="50391" machi="126" ten="30,12000,2" yaku="5,1,34,2,52,2,54,1" doraHai="135" who="2" fromWho="2" sc="250,-60,250,-30,250,120,250,-30" /><INIT seed="1,0,0,0,5,54" ten="190,220,370,220" oya="1" hai0="79,0,63,118,112,40,115,11,111,81,76,106,51" hai1="134,42,129,20,94,93,109,71,128,127,43,4,78" hai2="41,122,126,29,121,48,58,96,49,24,85,92,103" hai3="56,13,135,57,19,55,9,120,2,90,86,83,6"/><U100/><E71/><V114/><F114/><W46/><G120/><T89/><D106/><U105/><E4/><V117/><F117/><W52/><G135/><T72/><D118/><U132/><E20/><V113/><F113/><W18/><G2/><T39/><D51/><U107/><E109/><V36/><F126/><W14/><G6/><T69/><D79/><U3/><E3/><V82/><F36/><W31/><G31/><T30/><D30/><U5/><E5/><V38/><F38/><W61/><G46/><T34/><D34/><U131/><E78/><V98/><F98/><W12/><G19/><T53/><D89/><U108/><E108/><V32/><F49/><AGARI ba="0,0" hai="9,12,13,14,18,49,52,55,56,57,61,83,86,90" machi="49" ten="30,8000,1" yaku="7,1,8,1,52,2,54,1" doraHai="54" who="3" fromWho="2" sc="190,0,220,0,370,-80,220,80" /><INIT seed="2,0,0,2,0,67" ten="190,220,290,300" oya="2" hai0="101,5,83,113,31,90,29,120,129,46,112,54,37" hai1="27,10,95,98,131,117,74,13,57,79,109,42,39" hai2="47,48,85,30,86,43,75,61,11,103,132,17,33" hai3="18,21,6,99,128,93,15,2,51,63,55,24,41"/><V23/><F75/><W52/><G128/><T7/><D120/><U105/><E105/><V14/><F132/><W38/><G38/><T124/><D101/><U9/><E117/><V96/><F33/><W134/><G134/><T49/><D129/><U56/><E42/><V1/><F61/><W92/><G2/><T59/><D112/><U4/><E39/><V58/><F58/><N who="3" m="35271" /><G41/><T110/><D113/><U97/><E79/><V34/><F34/><W66/><G66/><T19/><D7/><U40/><E74/><V106/><REACH who="2" step="1"/><F1/><REACH who="2" ten="190,220,280,300" step="2"/><W123/><G123/><T3/><D3/><U60/><E131/><V0/><F0/><W121/><G121/><T130/><D130/><U84/><E56/><V133/><F133/><W116/><G116/><T45/><D59/><U20/><E109/><V77/><F77/><W70/><G51/><T36/><D110/><U53/><E40/><V16/><F16/><W32/><G32/><T119/><D19/><U12/><E84/><V126/><F126/><W69/><G55/><T87/><D124/><U64/><E98/><V26/><AGARI ba="0,1" hai="11,14,17,23,26,30,43,47,48,85,86,96,103,106" machi="26" ten="30,6000,0" yaku="1,1,0,1,53,1" doraHai="67" doraHaiUra="22" who="2" fromWho="2" sc="190,-20,220,-20,280,70,300,-20" /><INIT seed="2,1,0,0,5,102" ten="170,200,350,280" oya="2" hai0="81,25,126,133,111,87,5,43,17,14,45,98,76" hai1="3,86,90,84,56,22,58,55,82,51,70,59,48" hai2="135,60,121,28,29,103,15,72,30,33,27,40,64" hai3="114,131,129,85,8,47,91,94,110,99,134,42,132"/><V49/><F121/><W19/><G19/><T122/><D122/><U10/><E70/><V83/><F72/><W13/><G13/><T20/><D126/><U46/><E3/><V117/><F117/><W78/><G8/><T116/><D116/><U53/><E22/><V7/><F135/><N who="3" m="51755" /><G47/><T26/><D133/><U62/><E10/><V113/><F113/><W21/><G21/><T11/><D111/><U24/><E24/><V32/><F32/><W95/><G42/><T79/><D98/><U104/><E104/><V37/><F37/><W23/><G23/><T68/><D68/><U39/><E39/><V120/><F120/><W127/><G110/><T54/><D54/><U1/><E1/><V50/><F50/><W73/><G114/><T74/><D76/><U106/><E106/><V71/><F7/><W96/><G96/><T115/><D115/><U4/><E4/><V18/><F15/><W80/><G127/><T88/><D74/><U119/><E119/><V130/><F18/><W93/><G99/><T66/><D79/><U34/><E34/><V63/><F33/><W107/><G107/><T112/><D112/><U128/><E128/><AGARI ba="1,0" hai="73,78,80,85,91,93,94,95,128,129,131" m="51755" machi="128" ten="30,7700,0" yaku="19,1,20,1,34,2" doraHai="102" who="3" fromWho="1" sc="170,0,200,-80,350,0,280,80" /><INIT seed="3,0,0,0,5,73" ten="170,120,350,360" oya="3" hai0="21,80,88,19,94,52,75,59,56,27,8,62,121" hai1="101,66,79,30,113,45,99,85,1,114,40,128,108" hai2="111,117,11,87,38,116,92,84,103,134,43,13,126" hai3="44,51,12,10,7,65,135,133,95,67,34,93,107"/><W102/><G34/><T48/><D121/><U41/><E1/><V96/><F111/><W39/><G39/><T100/><D100/><U42/><E108/><V26/><F134/><W33/><G33/><T5/><D75/><U68/><E128/><V74/><F74/><W90/><G107/><T97/><D80/><U24/><E66/><V15/><F126/><W60/><G102/><T64/><D8/><U31/><E68/><V29/><F43/><W83/><G83/><T124/><D124/><U118/><E45/><V112/><F38/><W22/><G22/><T130/><D130/><U76/><E85/><V58/><F112/><W123/><G123/><T127/><D127/><U125/><E125/><V57/><F116/><W120/><G120/><T106/><D106/><U18/><E18/><V6/><F15/><W71/><G65/><T132/><D132/><N who="3" m="50761" /><G90/><T86/><D5/><U28/><E24/><V4/><F4/><W50/><G50/><T81/><D81/><U63/><E63/><V104/><F117/><W2/><G2/><T55/><D64/><U110/><E118/><V129/><F129/><W14/><G14/><T109/><D109/><U53/><E53/><AGARI ba="0,0" hai="7,10,12,44,51,53,60,67,71,93,95" m="50761" machi="53" ten="30,1500,0" yaku="20,1" doraHai="73" who="3" fromWho="1" sc="170,0,120,-15,350,0,360,15" /><INIT seed="3,1,0,3,4,57" ten="170,105,350,375" oya="3" hai0="70,89,132,88,1,108,58,78,94,119,8,40,43" hai1="20,87,133,110,123,107,73,19,79,93,26,69,42" hai2="32,61,114,38,52,21,0,6,11,39,25,56,46" hai3="126,10,122,77,81,74,71,35,15,27,116,50,84"/><W24/><G116/><T49/><D70/><U75/><E69/><V134/><F114/><W118/><G118/><T83/><D119/><U34/><E107/><V60/><F134/><W22/><G122/><T91/><D132/><U96/><E123/><V66/><F32/><W13/><G126/><T48/><D1/><U131/><E133/><V28/><F46/><W3/><G3/><T130/><D130/><U17/><E42/><V113/><F113/><W120/><G120/><T54/><D8/><U95/><E34/><V109/><F109/><W128/><G128/><T65/><D94/><U53/><E75/><V30/><F30/><W105/><G105/><T45/><D65/><U64/><E73/><V100/><F100/><W98/><G74/><T97/><D97/><U62/><E64/><V5/><F6/><W99/><G71/><AGARI ba="1,0" hai="0,5,11,21,25,28,38,39,52,56,60,61,66,71" machi="71" ten="30,7700,0" yaku="7,1,52,2,54,1" doraHai="57" who="2" fromWho="3" sc="170,0,105,0,350,80,375,-80" /><INIT seed="4,0,0,2,2,71" ten="170,105,430,295" oya="0" hai0="15,78,113,124,61,22,29,135,106,33,77,35,121" hai1="62,38,93,131,40,132,95,18,101,111,122,79,81" hai2="23,66,10,13,82,86,44,64,36,128,24,72,134" hai3="76,68,127,48,21,80,129,17,99,96,31,126,107"/><T26/><D121/><U130/><E122/><V87/><F128/><N who="1" m="49193" /><E18/><V117/><F117/><W104/><G31/><T109/><D109/><U115/><E62/><V7/><F134/><W19/><G48/><T46/><D135/><U30/><E132/><V55/><F72/><W53/><G53/><T16/><D106/><N who="3" m="40489" /><G68/><T9/><D124/><N who="3" m="47657" /><G129/><T60/><D113/><U51/><E111/><V54/><F87/><N who="3" m="48519" /><G19/><T2/><D46/><N who="1" m="23831" /><E30/><V3/><F3/><W25/><AGARI ba="0,0" hai="17,21,25,96,99" m="48519,47657,40489" machi="25" ten="30,1100,0" yaku="18,1" doraHai="71" who="3" fromWho="3" sc="170,-5,105,-3,430,-3,295,11" /><INIT seed="5,0,0,5,4,94" ten="165,102,427,306" oya="1" hai0="64,90,55,13,58,10,131,95,88,71,38,87,103" hai1="121,32,45,119,29,91,31,36,57,0,73,97,28" hai2="77,135,24,65,19,93,17,107,40,49,96,21,115" hai3="6,128,56,127,106,11,35,108,112,1,126,30,51"/><U89/><E73/><V23/><F107/><W116/><G51/><T78/><D38/><U66/><E32/><V84/><F115/><W8/><G56/><T133/><D71/><U61/><E0/><V44/><F135/><W41/><G41/><T101/><D133/><U2/><E2/><V124/><F124/><N who="3" m="47659" /><G106/><T22/><D64/><U76/><E121/><V134/><F134/><W63/><G63/><T111/><D78/><U42/><E119/><V82/><F65/><W7/><G108/><T20/><D111/><U100/><REACH who="1" step="1"/><E76/><REACH who="1" ten="165,92,427,306" step="2"/><V47/><F47/><W123/><G123/><T118/><D118/><U104/><AGARI ba="0,1" hai="28,29,31,36,42,45,57,61,66,89,91,97,100,104" machi="104" ten="30,18000,2" yaku="1,1,2,1,0,1,52,1,53,2" doraHai="94" doraHaiUra="85" who="1" fromWho="1" sc="165,-60,92,190,427,-60,306,-60" /><INIT seed="5,1,0,3,5,97" ten="105,282,367,246" oya="1" hai0="115,104,111,76,41,126,89,113,23,5,0,48,117" hai1="69,44,99,132,27,123,72,19,47,102,59,26,95" hai2="34,109,133,130,125,85,75,100,135,16,28,40,38" hai3="92,2,77,17,96,63,6,8,37,93,35,20,14"/><U18/><E72/><V101/><F75/><W53/><G37/><T74/><D111/><U3/><E3/><V124/><F109/><W51/><G77/><T55/><D117/><U118/><E69/><V112/><F112/><W110/><G110/><T122/><D41/><U68/><E68/><V46/><F85/><W103/><G63/><T87/><D104/><U116/><E123/><V64/><F64/><W43/><G43/><T86/><D74/><U108/><E108/><V82/><F82/><W57/><G35/><T58/><D122/><U105/><E132/><N who="2" m="50763" /><F130/><W121/><G121/><T31/><D5/><U50/><E59/><V13/><F28/><W80/><G80/><T25/><D0/><U106/><E44/><V4/><F4/><W129/><G129/><T67/><D76/><U33/><E116/><V39/><F34/><W83/><REACH who="3" step="1"/><G83/><REACH who="3" ten="105,282,367,236" step="2"/><T62/><D113/><U66/><E118/><V45/><F39/><W81/><G81/><T11/><D115/><U56/><E33/><V79/><F79/><W78/><G78/><T73/><D73/><U30/><E106/><AGARI ba="1,1" hai="2,6,8,14,17,20,51,53,57,92,93,96,103,106" machi="106" ten="30,3900,0" yaku="1,1,7,1,52,1,53,0" doraHai="97" doraHaiUra="61" who="3" fromWho="1" sc="105,0,282,-42,367,0,236,52" /><INIT seed="6,0,0,1,1,100" ten="105,240,367,288" oya="2" hai0="17,83,42,79,85,96,58,25,10,4,16,6,57" hai1="1,28,7,26,89,68,106,12,66,70,47,64,78" hai2="121,118,94,92,86,56,3,120,24,105,72,71,132" hai3="115,125,63,122,91,11,110,109,40,22,27,127,30"/><V116/><F56/><W131/><G40/><T36/><D6/><U104/><E78/><V43/><F43/><W23/><G91/><T54/><D96/><U50/><E89/><V2/><F24/><W99/><G99/><T97/><D97/><U123/><E123/><N who="2" m="47179" /><F86/><W103/><G103/><T51/><D25/><U77/><E77/><V69/><F72/><W13/><G63/><T133/><D133/><U39/><E12/><V61/><F61/><W62/><G62/><T107/><D58/><U45/><E7/><V46/><F46/><N who="1" m="17417" /><E26/><V19/><F19/><W18/><G122/><T5/><D5/><U44/><N who="1" m="17425" /><U65/><DORA hai="114" /><E50/><V9/><F9/><W108/><G115/><T38/><D42/><U76/><E76/><V35/><F132/><W37/><G37/><T117/><D107/><N who="1" m="41003" /><E28/><V80/><F105/><W126/><REACH who="3" step="1"/><G131/><REACH who="3" ten="105,240,367,278" step="2"/><T53/><D38/><U8/><E39/><V20/><F94/><W0/><G0/><T111/><D36/><U41/><E41/><V87/><F92/><W135/><G135/><T101/><D101/><U82/><E82/><V75/><F3/><W29/><G29/><T95/><D83/><U55/><E1/><V21/><F2/><W15/><G15/><T112/><D112/><U88/><E88/><V98/><F80/><W34/><AGARI ba="0,1" hai="11,13,18,22,23,27,30,34,108,109,110,125,126,127" machi="34" ten="40,12000,2" yaku="1,1,0,1,18,1,34,3,53,0" doraHai="100,114" doraHaiUra="128,84" who="3" fromWho="3" sc="105,-30,240,-30,367,-60,278,130" /><INIT seed="7,0,0,3,2,121" ten="75,210,307,408" oya="3" hai0="49,129,23,97,89,70,134,64,91,41,81,92,6" hai1="107,118,112,25,47,46,20,53,131,3,54,88,67" hai2="119,8,57,12,108,135,7,38,29,39,73,37,56" hai3="60,36,28,130,18,14,16,0,59,45,123,43,22"/><W11/><G130/><T30/><D6/><U94/><E107/><V69/><F119/><W96/><G28/><T44/><D129/><U132/><E3/><V34/><F73/><W85/><G96/><T48/><D70/><U110/><E131/><V62/><F135/><W15/><G0/><T58/><D134/><U50/><E132/><V75/><F75/><W93/><G93/><T61/><D81/><U114/><E118/><V55/><F57/><W80/><G123/><T101/><REACH who="0" step="1"/><D49/><REACH who="0" ten="65,210,307,408" step="2"/><U122/><E122/><V19/><F69/><W4/><G4/><T98/><D98/><U104/><E104/><V66/><F7/><W86/><G80/><T120/><D120/><U106/><E106/><V27/><REACH who="2" step="1"/><F66/><AGARI ba="0,1" hai="11,14,15,16,18,22,36,43,45,59,60,66,85,86" machi="66" ten="30,2900,0" yaku="7,1,54,1" doraHai="121" who="3" fromWho="2" sc="65,0,210,0,307,-29,408,39" owari="65,-43.0,210,-19.0,278,8.0,447,54.0" /></mjloggm>