<mjloggm ver="2.3"><GO type="137"/><UN n0="%E3%83%88%E3%83%A2%E3%83%A4%E3%83%B3" n1="%61%6E%61%6E%61" n2="%EF%BC%88%E2%89%A7%E2%96%BD%E2%89%A6%EF%BC%89" n3="%6A%6F%67%6A%61%64%6F%6E" dan="12,10,12,10" rate="1683,1444,1975,1808" sx="M,M,M,M"/><TAIKYOKU oya="0"/><INIT seed="0,0,0,4,0,92" ten="250,250,250,250" oya="0" hai0="74,63,99,48,70,76,69,77,86,55,57,51,121" hai1="106,68,3,118,46,54,33,59,132,30,130,45,8" hai2="42,49,73,105,98,79,123,67,31,80,37,81,62" hai3="94,78,133,100,66,20,14,122,84,111,97,4,23"/><T6/><D121/><U102/><E118/><V34/><F123/><W40/><G122/><T10/><D74/><U52/><E68/><N who="2" m="42103" /><F81/><W13/><G111/><T75/><D75/><U127/><E127/><V104/><F49/><W38/><G133/><T129/><D129/><U88/><E130/><V87/><F87/><W58/><G38/><T134/><D134/><U16/><E132/><V85/><F85/><W101/><G40/><T12/><D70/><U18/><E3/><V39/><F42/><W1/><G101/><T47/><D69/><U56/><E8/><V103/><F105/><W91/><G78/><N who="0" m="30315" /><D86/><U112/><E112/><V120/><F120/><W17/><G1/><T0/><D0/><U35/><E30/><V115/><F115/><W113/><G113/><T93/><D47/><U2/><E2/><V107/><F107/><W28/><G28/><T9/><D9/><U32/><E102/><AGARI ba="0,0" hai="6,10,12,48,51,55,57,63,93,99,102" m="30315" machi="102" ten="30,2900,0" yaku="8,1,52,1" doraHai="92" who="0" fromWho="1" sc="250,29,250,-29,250,0,250,0" /><INIT seed="0,1,0,5,2,62" ten="279,221,250,250" oya="0" hai0="48,24,106,132,112,6,14,30,135,21,46,77,128" hai1="72,8,126,107,16,39,118,131,70,17,78,113,37" hai2="133,134,5,89,51,43,19,38,20,45,91,55,85" hai3="2,25,63,60,27,56,57,117,98,52,67,94,81"/><T110/><D112/><U0/><RYUUKYOKU type="yao9" ba="1,0" sc="279,0,221,0,250,0,250,0" hai1="0,8,16,17,37,39,70,72,78,107,113,118,126,131" /><INIT seed="0,2,0,2,3,7" ten="279,221,250,250" oya="0" hai0="100,128,51,46,71,99,45,119,25,4,86,13,125" hai1="121,82,105,72,16,41,118,8,106,1,109,30,79" hai2="5,29,19,66,3,75,37,59,80,113,112,97,69" hai3="104,21,6,38,108,88,77,117,24,56,120,102,67"/><T126/><D71/><U31/><E41/><V85/><F19/><W74/><G117/><T94/><D119/><U10/><E118/><V114/><F59/><W20/><G108/><T122/><D122/><U60/><E60/><N who="2" m="40135" /><F85/><W98/><G38/><T101/><D25/><U91/><E121/><V123/><F123/><W18/><G120/><T63/><D63/><U43/><E43/><V110/><F110/><W50/><G6/><T17/><D4/><U103/><E109/><V64/><F64/><W28/><G77/><T58/><D128/><U68/><E68/><V73/><F29/><W22/><G74/><N who="2" m="28169" /><F80/><W48/><G88/><N who="0" m="53527" /><D58/><U54/><E54/><V39/><F97/><W52/><G67/><T26/><D26/><U53/><E53/><V92/><F92/><W27/><REACH who="3" step="1"/><G22/><REACH who="3" step="2"/><T78/><D78/><U44/><E1/><V35/><F35/><W65/><G65/><T81/><D126/><U2/><E2/><V116/><F116/><W49/><AGARI ba="2,1" hai="18,20,21,24,27,28,48,49,50,52,56,98,102,104" machi="49" ten="20,5200,0" yaku="1,1,0,1,7,1,54,1,53,0" doraHai="7" doraHaiUra="132" who="3" fromWho="3" sc="279,-28,221,-15,250,-15,240,68" /><INIT seed="1,0,0,5,3,87" ten="251,206,235,308" oya="1" hai0="85,67,23,90,18,17,50,124,130,25,35,127,56" hai1="46,22,128,98,59,14,83,97,65,113,123,47,110" hai2="111,70,116,43,81,86,53,20,32,91,120,121,51" hai3="61,6,2,93,64,108,89,115,19,102,71,106,66"/><U119/><E113/><V38/><F116/><W133/><G115/><T54/><D35/><U94/><E119/><V30/><F70/><W92/><G108/><T28/><D67/><U103/><E123/><V58/><F111/><W135/><G19/><T11/><D130/><U77/><E128/><V1/><F1/><W34/><G66/><T76/><D76/><U104/><E110/><V100/><F32/><W7/><G34/><T129/><D129/><U88/><E22/><V39/><F100/><W112/><G112/><T60/><D60/><U45/><E14/><V82/><F82/><W63/><G61/><T12/><REACH who="0" step="1"/><D28/><REACH who="0" step="2"/><U24/><E24/><V114/><F114/><W21/><G63/><T99/><D99/><U72/><REACH who="1" step="1"/><E47/><REACH who="1" step="2"/><N who="2" m="24055" /><F121/><W41/><G2/><T9/><D9/><U62/><AGARI ba="0,2" hai="45,46,59,62,65,72,77,83,88,94,97,98,103,104" machi="62" ten="30,12000,1" yaku="1,1,0,1,52,1,54,1,53,1" doraHai="87" doraHaiUra="101" who="1" fromWho="1" sc="241,-40,196,140,235,-40,308,-40" /><INIT seed="1,1,0,1,5,88" ten="201,336,195,268" oya="1" hai0="58,90,54,85,128,26,28,73,18,117,135,71,76" hai1="120,9,101,4,3,25,63,37,116,40,77,56,6" hai2="32,0,11,80,14,94,69,62,118,112,78,125,12" hai3="21,115,46,59,114,79,127,133,36,35,111,93,61"/><U97/><E120/><V41/><F118/><W126/><G35/><T5/><D5/><U130/><E116/><V60/><F112/><W109/><G79/><T95/><D117/><U98/><E130/><V65/><F32/><W86/><G21/><T66/><D18/><U67/><E77/><V20/><F125/><N who="3" m="47627" /><G86/><T75/><D76/><U8/><E25/><V99/><F41/><N who="3" m="22823" /><G93/><T19/><D19/><U70/><E70/><V13/><F60/><W92/><G92/><T47/><D71/><U124/><E124/><V33/><F33/><W96/><G96/><T34/><D128/><U55/><E55/><V24/><F0/><W89/><G89/><T38/><D135/><U52/><E67/><V23/><F11/><W104/><G104/><T17/><D66/><U106/><E106/><V2/><F2/><W107/><G107/><T10/><D17/><U48/><E48/><V43/><F43/><W110/><G133/><T51/><REACH who="0" step="1"/><D10/><REACH who="0" step="2"/><U103/><E103/><V57/><F24/><W121/><G121/><T131/><D131/><U53/><E53/><AGARI ba="1,1" hai="53,59,61,109,110,111,114,115" m="22823,47627" machi="53" ten="40,8000,1" yaku="14,1,18,1,34,2" doraHai="88" who="3" fromWho="1" sc="191,0,336,-83,195,0,268,93" /><INIT seed="2,0,0,0,3,71" ten="191,253,195,361" oya="2" hai0="29,42,115,2,79,36,78,44,49,38,24,82,57" hai1="126,111,99,30,87,51,12,50,28,90,73,116,5" hai2="133,54,96,121,7,4,45,131,88,127,11,85,0" hai3="124,108,47,22,69,37,3,25,53,8,26,119,132"/><V76/><F121/><W70/><G119/><T55/><D2/><U41/><E116/><V77/><F133/><W43/><G132/><T113/><D79/><U63/><E73/><V40/><F131/><W20/><G124/><T72/><REACH who="0" step="1"/><D38/><REACH who="0" step="2"/><U89/><E126/><V123/><F127/><W118/><G118/><T15/><D15/><U83/><E111/><V18/><F123/><W23/><G108/><T75/><D75/><U21/><E63/><V17/><F7/><W110/><G110/><T27/><D27/><U74/><E74/><V68/><F68/><W81/><G26/><T93/><D93/><U35/><E35/><AGARI ba="0,1" hai="24,29,35,36,42,44,49,55,57,72,78,82,113,115" machi="35" ten="30,3900,0" yaku="1,1,7,1,52,1,53,0" doraHai="71" doraHaiUra="128" who="0" fromWho="1" sc="181,49,253,-39,195,0,361,0" /><INIT seed="3,0,0,5,1,93" ten="230,214,195,361" oya="3" hai0="126,40,124,104,6,76,38,106,64,75,49,100,79" hai1="59,69,112,53,43,47,23,10,31,119,55,72,8" hai2="132,35,77,80,65,103,122,92,42,39,90,22,25" hai3="115,96,48,7,135,105,110,88,67,0,56,130,28"/><W97/><G115/><T19/><D6/><U26/><E112/><V5/><F35/><W20/><G130/><T81/><D38/><U2/><E72/><V13/><F122/><W83/><G135/><T34/><D34/><U91/><E91/><V51/><F132/><W62/><G0/><T45/><D64/><U44/><E69/><V29/><F39/><W33/><G7/><T98/><D19/><U127/><E127/><V41/><F65/><W85/><G110/><T58/><D58/><U15/><E119/><V14/><F103/><W120/><G33/><T111/><D111/><U52/><E59/><V116/><F116/><W3/><G105/><T129/><D129/><U107/><E107/><V12/><F5/><W54/><G3/><T71/><D71/><U73/><E73/><V61/><F61/><W123/><G120/><T131/><D131/><U101/><E101/><V133/><F133/><W134/><G134/><T27/><D27/><U37/><E47/><V63/><F63/><W30/><G123/><T50/><D50/><U68/><E68/><V86/><REACH who="2" step="1"/><F51/><REACH who="2" step="2"/><W17/><G67/><T57/><D57/><U94/><E94/><V102/><F102/><W109/><G62/><T87/><REACH who="0" step="1"/><D106/><REACH who="0" step="2"/><U18/><REACH who="1" step="1"/><E8/><REACH who="1" step="2"/><V66/><F66/><W128/><G109/><T118/><D118/><U113/><E113/><V9/><F9/><W4/><G128/><T108/><D108/><U24/><E24/><V1/><F1/><AGARI ba="0,3" hai="1,2,10,15,18,23,26,31,37,43,44,52,53,55" machi="1" ten="40,5200,0" yaku="1,1,54,1,53,1" doraHai="93" doraHaiUra="16" who="1" fromWho="2" sc="220,0,204,82,185,-52,361,0" /><INIT seed="4,0,0,0,4,57" ten="220,286,133,361" oya="0" hai0="112,117,37,17,113,4,135,21,36,30,98,1,49" hai1="110,40,20,132,60,32,51,61,81,134,52,90,85" hai2="11,71,18,114,89,129,55,50,93,6,14,105,7" hai3="95,80,131,3,77,29,92,64,104,28,35,45,78"/><T75/><D75/><U97/><E110/><V91/><F129/><W43/><G131/><T2/><D117/><U56/><E32/><V70/><F114/><N who="0" m="44138" /><D30/><U42/><E20/><V106/><F105/><W9/><G104/><T125/><D4/><U84/><E97/><V33/><F106/><W13/><G3/><N who="0" m="1035" /><D125/><U121/><E121/><V46/><F33/><W23/><G35/><T26/><D135/><N who="1" m="51755" /><E42/><V53/><F53/><W58/><G29/><T39/><D98/><U101/><E101/><V115/><F115/><W12/><G28/><T22/><D22/><U102/><E40/><V107/><F107/><W83/><G23/><T74/><D74/><U86/><E102/><V128/><F128/><W0/><G0/><T10/><D49/><U44/><E44/><V54/><F54/><W94/><G45/><T133/><D133/><U100/><E100/><V24/><F91/><W34/><G43/><T66/><D66/><U119/><E119/><V41/><F41/><W31/><G31/><T25/><D10/><U69/><E69/><V65/><F65/><W123/><G34/><T19/><D21/><U5/><E5/><V72/><F72/><W103/><G103/><T63/><D63/><AGARI ba="0,0" hai="51,52,56,60,61,63,81,84,85,86,90" m="51755" machi="63" ten="30,8000,1" yaku="20,1,52,3,54,1" doraHai="57" who="1" fromWho="0" sc="220,-80,286,80,133,0,361,0" /><INIT seed="5,0,0,0,0,62" ten="140,366,133,361" oya="1" hai0="51,77,122,126,22,115,121,117,71,56,130,18,135" hai1="72,57,102,87,86,66,101,97,14,88,105,104,49" hai2="92,131,74,118,106,40,43,90,83,37,46,55,112" hai3="45,68,26,124,132,39,41,44,52,34,33,4,89"/><U65/><E14/><V5/><F118/><W76/><G132/><T42/><D77/><U79/><E49/><V59/><F112/><W30/><G124/><T58/><D117/><U17/><E17/><V94/><F106/><N who="1" m="41065" /><E57/><V96/><F131/><W23/><G76/><T13/><D71/><U24/><E24/><V81/><F74/><W84/><G68/><T29/><D126/><U120/><E120/><V2/><F43/><W60/><G4/><T129/><D115/><U110/><E110/><V63/><REACH who="2" step="1"/><F94/><REACH who="2" step="2"/><W123/><G123/><N who="0" m="47115" /><D135/><U6/><E6/><V9/><AGARI ba="0,1" hai="2,5,9,37,40,46,55,59,63,81,83,90,92,96" machi="9" ten="30,2000,0" yaku="1,1,0,1,53,0" doraHai="62" doraHaiUra="12" who="2" fromWho="2" sc="140,-5,366,-10,123,30,361,-5" /><INIT seed="6,0,0,3,3,0" ten="135,356,153,356" oya="2" hai0="89,130,113,125,41,19,134,133,32,77,79,73,67" hai1="122,40,43,69,6,123,120,72,9,64,132,76,92" hai2="17,33,1,81,44,100,35,15,50,36,80,3,56" hai3="124,85,26,110,105,74,16,82,27,88,87,61,108"/><V93/><F36/><W101/><G124/><T24/><D41/><U104/><E132/><V91/><F1/><W118/><G118/><T112/><D67/><U29/><E29/><V55/><F3/><W21/><G74/><T7/><D73/><U83/><E104/><V54/><F35/><W131/><G131/><T99/><D130/><U10/><E92/><V95/><F33/><W28/><G61/><T39/><D39/><U103/><E103/><V119/><F100/><W128/><G128/><T48/><D48/><U30/><E30/><V94/><F119/><W96/><REACH who="3" step="1"/><G87/><REACH who="3" step="2"/><T52/><D125/><U86/><E86/><V25/><F91/><W66/><G66/><T68/><D89/><U23/><E23/><AGARI ba="0,1" hai="16,21,23,26,27,28,82,85,88,96,101,105,108,110" machi="23" ten="30,12000,2" yaku="1,1,7,1,54,2,53,2" doraHai="0" doraHaiUra="18" who="3" fromWho="1" sc="135,0,356,-120,153,0,346,130" /><INIT seed="7,0,0,4,2,54" ten="135,236,153,476" oya="3" hai0="110,107,71,13,76,68,113,129,46,37,36,130,8" hai1="50,131,99,23,32,63,94,34,51,47,128,59,16" hai2="132,5,108,124,91,55,90,53,27,66,127,10,133" hai3="65,87,86,80,38,25,115,67,73,48,111,40,121"/><W58/><G121/><T60/><D107/><U3/><E3/><N who="2" m="319" /><F108/><W126/><G115/><T31/><D76/><U20/><E20/><V104/><F104/><W26/><G111/><T118/><D31/><U61/><E51/><V35/><F66/><W85/><G126/><N who="2" m="48169" /><F35/><W15/><G15/><T6/><D110/><U11/><E11/><V105/><F105/><W39/><G40/><T119/><D13/><U19/><E99/><V14/><F27/><W98/><G98/><T84/><D8/><U21/><E94/><V122/><F122/><W44/><G26/><T52/><D84/><U79/><E79/><V2/><F2/><W41/><G25/><T102/><D6/><U112/><E112/><V135/><F14/><W49/><G73/><T83/><D83/><U12/><E47/><V114/><F114/><W77/><G80/><T117/><D102/><U45/><E45/><V134/><N who="2" m="34304" /><DORA hai="95" /><V109/><F109/><W17/><G77/><T72/><D72/><U92/><E92/><V9/><F9/><W7/><G17/><T75/><D75/><U96/><E96/><V89/><AGARI ba="0,0" hai="53,55,89,90,91" m="34304,48169,319" machi="89" ten="70,4700,0" yaku="18,1,20,1" doraHai="54,95" who="2" fromWho="2" sc="135,-12,236,-12,153,47,476,-23" owari="123,-38,224,2,200,-20,453,56" /></mjloggm>