<mjloggm ver="2.3"><GO type="41"/><UN n0="%E3%83%9D%E3%83%9D%E3%83%AD%E7%95%B0%E4%B8%96%E7%95%8C" n1="%E3%82%A6%E3%83%AB%E3%83%88%E3%83%A9%E7%AB%8B%E7%9B%B4" n2="%E3%83%90%E3%83%83%E3%83%86" n3="%E2%96%A0%E2%96%A0%E2%96%A0" dan="15,15,15,15" rate="1985,1922,2028,1949" sx="M,M,M,M"/><TAIKYOKU oya="0"/><INIT seed="0,0,0,1,3,103" ten="250,250,250,250" oya="0" hai0="19,2,126,24,72,60,94,35,107,111,112,82,122" hai1="80,8,127,88,5,70,92,56,31,79,37,118,45" hai2="114,119,39,106,22,113,105,78,47,27,55,53,133" hai3="65,15,129,21,130,89,98,30,1,124,42,28,128"/><T38/><RYUUKYOKU type="yao9" ba="0,0" sc="250,0,250,0,250,0,250,0" hai0="2,19,24,35,38,60,72,82,94,107,111,112,122,126" /><INIT seed="0,1,0,2,1,47" ten="250,250,250,250" oya="0" hai0="120,118,2,79,56,77,119,24,74,29,12,64,105" hai1="78,53,45,52,3,28,26,87,100,121,44,116,55" hai2="27,80,73,50,135,110,69,81,34,75,66,60,111" hai3="62,84,115,112,117,99,19,48,13,63,98,132,108"/><T1/><D120/><U83/><E3/><V86/><F135/><W4/><G132/><T0/><D105/><U40/><E121/><V18/><F81/><W25/><G117/><T30/><D64/><U21/><E116/><N who="0" m="44585" /><D56/><U128/><E128/><V68/><F68/><W91/><G108/><N who="2" m="41513" /><F50/><W90/><G84/><T93/><D93/><U42/><E100/><V107/><F107/><W32/><G13/><T20/><D74/><U97/><E97/><V15/><F27/><W59/><G25/><N who="0" m="16551" /><D77/><U94/><E94/><V54/><F34/><W67/><G19/><T65/><D65/><U88/><E78/><N who="2" m="46359" /><F54/><W76/><G32/><N who="0" m="20551" /><D79/><U36/><REACH who="1" step="1"/><E55/><REACH who="1" ten="250,240,250,250" step="2"/><V101/><F101/><W113/><G113/><T127/><D12/><U103/><E103/><V5/><F5/><W51/><G4/><T129/><D129/><U14/><E14/><V46/><F46/><W126/><G76/><T22/><D22/><AGARI ba="1,1" hai="15,18,22,60,66,69,73,75" m="46359,41513" machi="22" ten="30,1000,0" yaku="14,1" doraHai="47" who="2" fromWho="0" sc="250,-13,240,0,250,23,250,0" /><INIT seed="1,0,0,0,3,130" ten="237,240,273,250" oya="1" hai0="133,57,73,12,96,10,58,75,67,89,6,86,97" hai1="38,90,76,34,45,41,44,93,16,118,4,120,109" hai2="68,32,5,18,31,2,0,59,43,132,50,14,131" hai3="135,28,42,70,9,101,87,72,30,100,115,134,36"/><U11/><E34/><V35/><F131/><W7/><G72/><T40/><D75/><U123/><E118/><V95/><F68/><W65/><G115/><T108/><D73/><U60/><E76/><V37/><F37/><W78/><G42/><T126/><D108/><U119/><E119/><V29/><F95/><W61/><G36/><T20/><D40/><U128/><E128/><V79/><F79/><W54/><G54/><T98/><D126/><U25/><E45/><V103/><F103/><W82/><G101/><T1/><D1/><N who="2" m="618" /><F59/><W85/><G100/><T105/><D105/><U64/><E109/><V47/><F50/><W107/><G107/><T116/><D116/><U127/><E4/><V23/><F47/><W21/><G87/><T83/><D20/><U111/><E111/><V22/><F43/><W77/><G21/><N who="2" m="7689" /><F5/><W124/><G77/><T81/><D81/><U80/><E80/><V51/><F51/><W66/><G124/><T92/><D83/><U91/><E127/><V113/><F113/><W39/><G66/><T114/><D114/><U13/><E91/><V102/><F102/><W84/><G39/><T74/><D74/><U52/><E52/><V129/><F129/><W26/><G85/><T49/><D67/><U121/><E90/><V46/><F46/><W3/><G26/><T99/><D49/><U104/><E104/><V24/><F35/><W17/><REACH who="3" step="1"/><G17/><REACH who="3" ten="237,240,273,240" step="2"/><N who="0" m="8343" /><D86/><U53/><E53/><V19/><F19/><W106/><G106/><T56/><D6/><U94/><E64/><V112/><F112/><W55/><G55/><T15/><D96/><RYUUKYOKU ba="0,1" sc="237,-10,240,-10,273,-10,240,30" hai3="3,7,9,28,30,61,65,70,78,82,84,134,135" /><INIT seed="2,1,1,1,4,119" ten="227,230,263,270" oya="2" hai0="26,108,42,54,64,111,47,44,89,49,6,79,110" hai1="88,125,81,76,10,17,63,46,127,117,83,105,114" hai2="48,92,7,66,65,91,35,106,40,86,9,62,29" hai3="19,122,107,18,67,60,24,100,70,72,53,112,39"/><V28/><F106/><W0/><G72/><T25/><D79/><U23/><E105/><V99/><F35/><W71/><G112/><T77/><D77/><U109/><E117/><V36/><F36/><W123/><G71/><T3/><D64/><U4/><E114/><V103/><F66/><W59/><G39/><N who="0" m="21599" /><D89/><U12/><E63/><V96/><F48/><W37/><G37/><T87/><D87/><U33/><E33/><V130/><F40/><W121/><G0/><T97/><D97/><U27/><E46/><V101/><F130/><W135/><G135/><T116/><D116/><U126/><E109/><V134/><F134/><W13/><G100/><T78/><D78/><U75/><E83/><V102/><F99/><W69/><G107/><T133/><D133/><U95/><REACH who="1" step="1"/><E125/><REACH who="1" ten="227,220,263,270" step="2"/><V38/><F62/><W113/><G113/><T5/><D3/><U68/><E68/><V124/><F124/><W45/><G45/><T52/><D54/><U74/><E74/><V22/><F65/><W85/><G67/><T16/><D26/><U15/><E15/><V34/><F34/><W132/><G132/><T51/><D51/><U32/><E32/><V41/><F38/><W128/><G128/><T8/><D25/><U98/><AGARI ba="1,2" hai="4,10,12,17,23,27,75,76,81,88,95,98,126,127" machi="98" ten="30,4000,0" yaku="1,1,0,1,54,1,53,0" doraHai="119" doraHaiUra="30" who="1" fromWho="1" sc="227,-11,220,63,263,-21,270,-11" /><INIT seed="3,0,0,3,5,109" ten="216,283,242,259" oya="3" hai0="104,9,95,56,30,82,20,72,76,10,7,112,33" hai1="28,124,114,1,132,113,80,85,47,34,120,40,116" hai2="57,90,128,127,4,98,115,55,24,97,77,54,21" hai3="46,118,68,35,38,37,62,17,88,74,81,119,67"/><W87/><G74/><T71/><D104/><U65/><E65/><V29/><F127/><W130/><G35/><T106/><D106/><U52/><E1/><V134/><F134/><W22/><G130/><T42/><D71/><U44/><E120/><V49/><F128/><W59/><G68/><T12/><D33/><U78/><E132/><V13/><F77/><W11/><G11/><T18/><D42/><U51/><E124/><V94/><F4/><W63/><G63/><T6/><D56/><U108/><E116/><V93/><F55/><W96/><G96/><T117/><D117/><U126/><E126/><V121/><F121/><W110/><G110/><T131/><D131/><U60/><E108/><V8/><F115/><W14/><G38/><T23/><D112/><U3/><E3/><V15/><REACH who="2" step="1"/><F8/><REACH who="2" ten="216,283,232,259" step="2"/><W0/><REACH who="3" step="1"/><G0/><REACH who="3" ten="216,283,232,249" step="2"/><T66/><D9/><U2/><E2/><V25/><F25/><W86/><G86/><T48/><D10/><U36/><REACH who="1" step="1"/><E60/><REACH who="1" ten="216,273,232,249" step="2"/><V79/><F79/><W61/><G61/><T32/><D76/><U100/><E100/><AGARI ba="0,3" hai="13,15,21,24,29,49,54,57,90,93,94,97,98,100" machi="100" ten="30,3900,0" yaku="1,1,7,1,8,1,53,0" doraHai="109" doraHaiUra="102" who="2" fromWho="1" sc="216,0,273,-39,232,69,249,0" /><INIT seed="4,0,0,0,3,38" ten="216,234,301,249" oya="0" hai0="35,77,104,107,29,10,108,81,26,39,69,126,101" hai1="86,71,134,36,80,78,129,74,120,0,89,127,58" hai2="82,73,123,103,114,24,32,102,31,92,15,110,33" hai3="59,83,49,88,34,131,117,64,8,17,93,115,56"/><T46/><D126/><U90/><E71/><V128/><F123/><W16/><G117/><T135/><D135/><U122/><E0/><V133/><F110/><W53/><G34/><T99/><D69/><U13/><E36/><V121/><F121/><N who="1" m="46697" /><E58/><V95/><F133/><W37/><G37/><T79/><D108/><U44/><E44/><V52/><F128/><W125/><G131/><T106/><D79/><U27/><E13/><V11/><F114/><W85/><G115/><T48/><D10/><U124/><E27/><V57/><F33/><W20/><G125/><N who="1" m="48202" /><E129/><V61/><F73/><W28/><G93/><T105/><D105/><U42/><E42/><V72/><F95/><W51/><G28/><T1/><D1/><U116/><E134/><V96/><F103/><W43/><G64/><T40/><REACH who="0" step="1"/><D48/><REACH who="0" ten="206,234,301,249" step="2"/><U119/><E90/><V65/><F11/><W3/><G51/><T100/><D100/><U62/><E116/><V23/><F102/><W14/><G43/><T45/><D45/><U60/><E119/><V7/><F57/><N who="3" m="32943" /><G3/><T63/><D63/><U112/><E112/><V75/><F61/><W21/><G8/><T9/><D9/><U4/><E60/><V55/><F7/><W111/><G111/><T22/><D22/><U30/><E62/><V113/><F23/><W12/><AGARI ba="0,1" hai="12,14,16,17,20,21,56,59,83,85,88" m="32943" machi="12" ten="30,4000,0" yaku="8,1,54,2" doraHai="38" who="3" fromWho="3" sc="206,-20,234,-10,301,-10,249,50" /><INIT seed="5,0,0,5,4,21" ten="186,224,291,299" oya="1" hai0="132,88,9,92,54,71,40,95,80,93,28,81,25" hai1="0,8,116,97,2,65,5,113,27,101,69,119,31" hai2="103,123,120,127,47,12,72,82,11,73,59,100,67" hai3="63,79,49,24,128,64,96,129,107,62,41,114,17"/><U60/><E2/><V3/><F3/><W84/><G114/><T87/><D71/><U44/><E44/><V111/><F111/><W15/><G24/><T42/><D132/><U16/><E16/><V35/><F35/><W58/><G49/><T56/><D9/><U75/><E75/><V104/><F104/><W115/><G41/><T61/><REACH who="0" step="1"/><D81/><REACH who="0" ten="176,224,291,299" step="2"/><U53/><E113/><V98/><F82/><N who="3" m="47199" /><G115/><T52/><D52/><U77/><E53/><V4/><F11/><W91/><G107/><T57/><D57/><U7/><E7/><V90/><F59/><W66/><G58/><T106/><D106/><U30/><E119/><V126/><F4/><W34/><G66/><T110/><D110/><U22/><E116/><V20/><F67/><W130/><G64/><T78/><D78/><U76/><E76/><V23/><F123/><W117/><G117/><T48/><D48/><U33/><E77/><V46/><F120/><W13/><G63/><T18/><D18/><U94/><REACH who="1" step="1"/><E31/><REACH who="1" ten="176,214,291,299" step="2"/><V109/><F109/><W45/><G17/><T83/><D83/><U32/><AGARI ba="0,2" hai="0,5,8,22,27,30,32,33,60,65,69,94,97,101" machi="32" ten="30,11700,0" yaku="1,1,2,1,0,1,52,1,53,0" doraHai="21" doraHaiUra="133" who="1" fromWho="1" sc="176,-39,214,137,291,-39,299,-39" /><INIT seed="5,1,0,0,4,96" ten="137,351,252,260" oya="1" hai0="34,86,109,117,87,58,12,119,26,65,120,57,72" hai1="95,90,40,31,24,29,27,62,128,19,99,64,61" hai2="38,56,30,25,130,23,43,79,44,11,76,49,92" hai3="54,14,127,114,98,18,16,53,9,107,116,83,74"/><U46/><E128/><V0/><F130/><W68/><G114/><T73/><D109/><U111/><E111/><V2/><F2/><W101/><G68/><T37/><D12/><U125/><E125/><V122/><F122/><W22/><G127/><T36/><D65/><U81/><E81/><V118/><F118/><W60/><G116/><T88/><D120/><U67/><E19/><V17/><F38/><W104/><G60/><T1/><D1/><U47/><E95/><V13/><F0/><W131/><G131/><T82/><D26/><U32/><E99/><V91/><REACH who="2" step="1"/><F56/><REACH who="2" ten="137,351,242,260" step="2"/><W94/><G107/><T113/><D113/><U59/><E59/><V48/><F48/><W8/><G104/><T89/><REACH who="0" step="1"/><D82/><REACH who="0" ten="127,351,242,260" step="2"/><U75/><E27/><V63/><F63/><W103/><G83/><T55/><D55/><U15/><E24/><V20/><F20/><W121/><G54/><T124/><D124/><U133/><E62/><V129/><F129/><W135/><G53/><T112/><D112/><U134/><E61/><V41/><F41/><W108/><G121/><T21/><D21/><U132/><E40/><V110/><F110/><W77/><G22/><T5/><D5/><U3/><E3/><V123/><F123/><W126/><G108/><T52/><D52/><U106/><E132/><V51/><F51/><W28/><G126/><T85/><D85/><AGARI ba="1,2" hai="11,13,17,23,25,30,43,44,49,76,79,85,91,92" machi="85" ten="30,3900,0" yaku="1,1,7,1,8,1,53,0" doraHai="96" doraHaiUra="115" who="2" fromWho="0" sc="127,-42,351,0,242,62,260,0" /><INIT seed="6,0,0,3,4,110" ten="85,351,304,260" oya="2" hai0="60,124,55,122,34,96,112,83,58,16,22,113,133" hai1="82,7,71,3,6,32,40,26,56,33,109,92,79" hai2="98,11,85,5,41,135,127,27,80,64,99,37,86" hai3="25,130,68,77,38,57,18,90,102,121,106,45,52"/><V125/><F37/><W116/><G121/><T20/><D122/><U4/><E71/><V43/><F135/><W93/><G116/><T78/><D133/><U132/><E109/><V119/><F64/><W87/><G68/><T66/><D124/><N who="2" m="47690" /><F119/><W76/><G130/><T23/><D34/><U74/><E56/><V9/><F27/><W44/><G106/><T88/><D78/><U42/><E26/><V69/><F69/><W54/><G102/><T72/><D72/><U14/><E33/><V84/><F80/><W13/><G25/><T100/><D100/><U120/><E32/><V108/><F108/><W10/><G54/><T0/><D0/><U114/><E120/><V36/><F36/><W128/><G128/><T63/><D66/><U12/><E82/><V104/><F104/><W50/><G38/><T105/><D105/><U89/><E132/><V75/><F75/><W35/><G35/><T115/><D63/><U117/><E74/><V59/><F59/><W48/><G48/><T103/><D103/><U46/><E117/><V28/><F28/><W61/><G61/><T49/><D60/><U94/><E94/><V39/><F39/><W21/><G10/><N who="2" m="3593" /><F5/><W8/><G8/><T107/><D107/><U95/><E7/><V51/><F51/><W73/><G73/><T129/><D129/><U29/><E6/><V24/><F24/><W111/><G111/><T91/><D83/><U47/><E4/><V70/><F70/><W2/><G2/><T62/><D62/><U126/><E3/><V67/><F67/><W65/><G65/><T123/><D113/><RYUUKYOKU ba="0,0" sc="85,-15,351,-15,304,15,260,15" hai2="41,43,84,85,86,98,99" hai3="13,18,21,44,45,50,52,57,76,77,87,90,93" /><INIT seed="6,1,0,1,3,30" ten="70,336,319,275" oya="2" hai0="102,72,115,101,124,55,40,3,51,43,135,29,60" hai1="85,114,75,93,113,63,91,20,106,123,62,49,7" hai2="68,15,50,108,24,57,11,2,53,54,86,35,67" hai3="66,65,34,119,37,71,21,125,39,94,22,25,45"/><V41/><F2/><W128/><G119/><T97/><D3/><U120/><E106/><V6/><F108/><W109/><G109/><T92/><D72/><U134/><E75/><V46/><F86/><W96/><G128/><T32/><D135/><U88/><E7/><V107/><F107/><W8/><G125/><T70/><D124/><U95/><E49/><V33/><F24/><W111/><G111/><T5/><D115/><N who="1" m="44043" /><E20/><V73/><F73/><W76/><G22/><T110/><D110/><U112/><N who="1" m="44051" /><U105/><DORA hai="18" /><E105/><V23/><F23/><W117/><G34/><T84/><D5/><U14/><E14/><V4/><F4/><W129/><G8/><T126/><D126/><U83/><E83/><V48/><REACH who="2" step="1"/><F41/><REACH who="2" ten="70,336,309,275" step="2"/><W36/><G117/><T61/><D84/><N who="1" m="52359" /><E134/><V104/><F104/><W130/><G130/><T58/><D43/><U0/><E0/><V99/><F99/><W98/><G129/><T1/><D40/><U77/><E77/><V16/><F16/><W81/><G76/><T89/><D1/><U10/><E10/><V52/><F52/><W74/><G98/><T80/><D80/><U133/><E133/><V44/><F44/><W87/><G81/><T116/><D116/><U9/><E9/><V56/><F56/><W127/><G87/><T79/><D79/><U103/><E120/><V69/><F69/><W42/><G74/><T64/><D70/><U47/><E123/><V122/><F122/><W82/><G71/><T31/><D58/><U19/><E47/><V27/><F27/><W90/><G82/><T26/><D55/><RYUUKYOKU ba="1,1" sc="70,-10,336,-10,309,30,275,-10" hai2="6,11,15,33,35,46,48,50,53,54,57,67,68" /><INIT seed="6,2,1,3,2,57" ten="60,326,339,265" oya="2" hai0="64,76,0,33,10,13,15,109,106,39,70,84,113" hai1="117,47,126,74,112,78,73,110,115,63,123,116,93" hai2="122,6,87,49,80,28,91,44,65,135,104,46,130" hai3="82,56,92,26,120,53,16,68,127,62,85,29,60"/><V24/><F122/><W36/><G120/><T101/><D109/><U19/><E123/><V69/><F104/><W20/><G36/><T52/><D113/><N who="1" m="43595" /><E78/><V18/><F130/><W23/><G127/><T8/><D0/><U96/><E110/><V43/><F135/><W12/><G92/><T1/><D1/><U94/><E94/><V42/><F6/><W99/><G68/><T77/><D39/><U98/><E126/><V114/><F114/><W40/><G99/><N who="1" m="37930" /><E93/><V100/><F100/><W128/><G40/><T3/><D3/><U119/><E47/><V67/><F69/><W90/><G128/><T102/><D70/><U105/><E105/><V50/><F18/><W54/><G54/><T108/><D106/><U66/><E19/><V107/><F107/><W7/><G7/><T83/><D108/><U38/><E38/><V2/><REACH who="2" step="1"/><F2/><REACH who="2" ten="60,326,329,265" step="2"/><W111/><REACH who="3" step="1"/><G111/><REACH who="3" ten="60,326,329,255" step="2"/><T131/><D131/><U134/><E134/><V14/><F14/><W4/><G4/><T81/><D13/><U79/><E116/><V17/><F17/><W22/><G22/><AGARI ba="2,3" hai="22,24,28,42,43,44,46,49,50,65,67,80,87,91" machi="22" ten="30,11600,0" yaku="1,1,7,1,9,1,8,1,53,0" doraHai="57" doraHaiUra="72" who="2" fromWho="3" sc="60,0,326,0,329,152,255,-122" /><INIT seed="6,3,0,1,3,32" ten="60,326,481,133" oya="2" hai0="29,10,88,72,15,20,115,127,33,112,95,130,85" hai1="3,76,84,87,2,131,126,1,60,23,122,120,31" hai2="89,22,64,50,55,106,133,107,123,41,99,40,102" hai3="117,9,26,69,71,121,67,96,81,58,51,82,66"/><V21/><F123/><N who="1" m="47145" /><E126/><V8/><F133/><W98/><G121/><T119/><D127/><U37/><E37/><V63/><F107/><W14/><G26/><N who="0" m="18615" /><D72/><U78/><E131/><V61/><F8/><W30/><G51/><T116/><D20/><U129/><E129/><V56/><F89/><W43/><G9/><T62/><D62/><U46/><E46/><V74/><F63/><W6/><G14/><T7/><D130/><U28/><E60/><V25/><F74/><W93/><G30/><N who="1" m="11306" /><E23/><V128/><F128/><W16/><G6/><T39/><D39/><U83/><E83/><V59/><F22/><W73/><G58/><T97/><D97/><U108/><E108/><V75/><F75/><W132/><G43/><T38/><D38/><U35/><E35/><V12/><F12/><W92/><G73/><T57/><D57/><U90/><E90/><V34/><F34/><W94/><G132/><T118/><AGARI ba="3,0" hai="7,10,15,85,88,95,112,115,116,118,119" m="18615" machi="118" ten="40,2700,0" yaku="12,1,54,1" doraHai="32" who="0" fromWho="0" sc="60,36,326,-10,481,-16,133,-10" /><INIT seed="7,0,0,0,5,94" ten="96,316,465,123" oya="3" hai0="59,26,15,83,80,9,6,95,98,133,37,69,58" hai1="48,87,128,97,82,108,132,130,116,21,18,92,81" hai2="8,14,53,123,70,103,126,64,5,24,111,57,107" hai3="102,34,66,73,23,115,29,89,17,117,105,79,124"/><W55/><G117/><T31/><D37/><U3/><E3/><V75/><F111/><W120/><G120/><T119/><D133/><U68/><E68/><V50/><F75/><W77/><G73/><T35/><D119/><U56/><E108/><V62/><F123/><W49/><G105/><T52/><D69/><U32/><E32/><V41/><F126/><W7/><G124/><T90/><D59/><U131/><E48/><AGARI ba="0,0" hai="6,9,15,26,31,35,48,52,58,80,83,90,95,98" machi="48" ten="30,3900,0" yaku="7,1,52,1,54,1" doraHai="94" who="0" fromWho="1" sc="96,39,316,-39,465,0,123,0" owari="135,-26.0,277,8.0,465,56.0,123,-38.0" /></mjloggm>