<mjloggm ver="2.3"><GO type="169" lobby="0"/><UN n0="%E6%AD%A6%E5%A3%AB%E6%B2%A2%E7%A7%80%E8%A1%8C" n1="%EF%BC%88%E2%89%A7%E2%96%BD%E2%89%A6%EF%BC%89" n2="%E3%82%82%E3%81%A3%E3%81%97%E3%83%BC" n3="%E3%83%80%E3%83%9E%E3%83%86%E3%83%B3" dan="17,17,17,16" rate="2161,2107,2114,2084" sx="M,M,M,M"/><TAIKYOKU oya="0"/><INIT seed="0,0,0,5,4,16" ten="250,250,250,250" oya="0" hai0="26,68,66,59,116,72,81,63,76,30,51,87,126" hai1="69,8,32,75,70,135,109,124,3,57,134,83,103" hai2="79,25,98,108,43,89,15,127,123,6,9,71,120" hai3="20,11,82,4,1,92,113,7,110,13,80,105,35"/><T111/><D126/><U106/><E124/><V64/><F127/><W55/><G105/><T52/><D116/><U65/><E32/><V24/><F79/><W128/><G113/><T49/><D111/><U42/><E109/><V74/><F74/><W93/><G110/><T39/><D39/><U97/><E42/><V78/><F78/><W17/><G35/><T19/><D19/><U14/><E3/><V44/><F108/><W58/><G128/><T18/><D18/><N who="1" m="8519" /><E83/><V46/><F71/><W36/><G36/><T29/><D72/><U125/><E75/><V121/><F64/><W130/><G130/><T114/><D114/><U96/><E96/><V112/><F112/><W60/><G4/><T101/><D101/><U118/><E118/><V53/><F53/><W56/><G56/><T73/><D73/><U67/><E125/><V99/><F46/><W77/><REACH who="3" step="1"/><G82/><REACH who="3" ten="250,250,250,240" step="2"/><T47/><REACH who="0" step="1"/><D26/><REACH who="0" ten="240,250,250,240" step="2"/><U115/><E115/><V31/><F25/><W119/><G119/><T45/><D45/><U28/><E135/><V122/><F123/><W33/><G33/><T88/><D88/><U5/><E134/><V40/><F89/><W94/><G94/><T34/><D34/><U86/><E106/><V102/><F102/><W132/><G132/><T22/><D22/><U27/><E103/><V62/><F44/><W38/><G38/><T50/><D50/><U91/><E27/><V117/><F117/><W12/><G12/><T0/><D0/><U2/><E2/><V61/><F122/><W90/><G90/><T21/><D21/><U133/><E91/><V84/><F121/><RYUUKYOKU ba="0,2" sc="240,15,250,-15,250,-15,240,15" hai0="29,30,47,49,51,52,59,63,66,68,76,81,87" hai3="1,7,11,13,17,20,55,58,60,77,80,92,93" /><INIT seed="0,1,2,2,4,51" ten="255,235,235,255" oya="0" hai0="0,131,36,94,53,123,41,60,89,1,43,7,126" hai1="92,25,55,121,104,91,54,96,56,135,122,73,42" hai2="95,98,85,34,3,28,79,112,37,77,35,83,76" hai3="80,12,70,93,105,72,29,2,10,124,13,32,20"/><T61/><D123/><U116/><E116/><V17/><F37/><W82/><G105/><T52/><D126/><U125/><E73/><V64/><F3/><W65/><G32/><T78/><D131/><U9/><E125/><V120/><F120/><W114/><G114/><T30/><D30/><U14/><E135/><V15/><F112/><W115/><G115/><T40/><D36/><U113/><E113/><V23/><F64/><W44/><G2/><T118/><D118/><U102/><E42/><V27/><REACH who="2" step="1"/><F35/><REACH who="2" ten="255,235,225,255" step="2"/><W22/><G65/><T111/><D111/><U106/><E122/><V97/><F97/><W58/><G124/><T6/><D0/><U5/><E121/><V24/><F24/><W74/><G70/><T130/><D1/><U18/><E106/><V99/><F99/><W66/><G66/><T100/><D130/><U119/><E119/><V33/><F33/><W47/><G13/><T67/><D67/><U71/><E71/><V108/><F108/><W90/><G12/><T38/><D38/><U86/><REACH who="1" step="1"/><E56/><REACH who="1" ten="255,225,225,255" step="2"/><V26/><F26/><W101/><G58/><N who="0" m="34887" /><D100/><AGARI ba="1,4" hai="15,17,23,27,28,34,76,77,79,83,85,95,98,100" machi="100" ten="30,3900,0" yaku="1,1,7,1,53,1" doraHai="51" doraHaiUra="21" who="2" fromWho="0" sc="255,-42,225,0,225,82,255,0" /><INIT seed="1,0,0,1,1,93" ten="213,225,307,255" oya="1" hai0="95,15,128,20,36,46,29,131,99,50,126,5,35" hai1="38,124,40,85,7,109,48,98,79,17,84,112,59" hai2="89,122,21,33,63,69,62,2,54,67,90,130,52" hai3="45,121,57,68,26,43,31,44,129,81,39,119,66"/><U76/><E112/><V8/><F33/><W108/><G121/><T9/><D126/><U91/><E124/><V75/><F122/><W78/><G119/><T127/><D127/><U58/><E38/><V6/><F75/><W104/><G104/><T47/><D35/><U106/><E7/><V14/><F130/><N who="0" m="49706" /><D36/><U120/><E120/><V19/><F63/><W114/><G129/><T61/><D61/><U133/><E106/><V70/><F69/><W100/><G114/><T88/><D50/><U64/><E64/><V110/><F110/><W30/><G68/><T123/><D123/><U23/><E109/><V55/><AGARI ba="0,0" hai="2,6,8,14,19,21,52,54,55,62,67,70,89,90" machi="55" ten="30,2000,0" yaku="0,1,54,1" doraHai="93" who="2" fromWho="2" sc="213,-5,225,-10,307,20,255,-5" /><INIT seed="2,0,0,1,4,28" ten="208,215,327,250" oya="2" hai0="21,7,1,42,20,17,88,49,16,124,58,110,44" hai1="128,71,63,109,76,123,18,106,113,10,67,100,64" hai2="61,82,96,69,3,14,54,105,2,24,94,81,13" hai3="112,25,121,101,56,11,115,51,118,127,32,19,65"/><V108/><F105/><W133/><G118/><T95/><D124/><U107/><E113/><N who="3" m="43594" /><G121/><T135/><D110/><U79/><E123/><V111/><F24/><W38/><G38/><T70/><D70/><U116/><E116/><V90/><F69/><W5/><G127/><T92/><D135/><U50/><E109/><N who="2" m="42059" /><F61/><W34/><G133/><T126/><D126/><U47/><E67/><V36/><F36/><W12/><G101/><T89/><D1/><N who="2" m="10" /><F54/><N who="3" m="31839" /><G65/><T119/><D7/><U9/><E107/><V59/><F59/><W62/><G62/><T125/><D125/><U72/><E106/><V114/><F114/><W48/><G48/><T134/><D134/><U85/><E50/><V120/><F120/><W35/><G19/><N who="0" m="7243" /><D58/><U93/><E71/><V26/><F26/><AGARI ba="0,0" hai="5,11,12,25,26,32,34,35" m="31839,43594" machi="26" ten="40,8000,1" yaku="11,1,52,3" doraHai="28" who="3" fromWho="2" sc="208,0,215,0,327,-80,250,80" /><INIT seed="3,0,0,3,0,57" ten="208,215,247,330" oya="3" hai0="55,96,104,60,28,126,75,49,4,123,133,95,102" hai1="92,73,80,10,50,111,25,21,41,33,103,87,114" hai2="70,44,130,69,84,58,107,52,65,129,97,81,53" hai3="61,72,89,9,30,77,51,20,132,62,94,22,56"/><W78/><G132/><T135/><D123/><U24/><E114/><V93/><F107/><W40/><G72/><T108/><D126/><U124/><E124/><V16/><F65/><W106/><G106/><T48/><D108/><U115/><E115/><V90/><F44/><N who="3" m="25991" /><G9/><T6/><D75/><U35/><E111/><V85/><F16/><W74/><G74/><T105/><D28/><U86/><E73/><V46/><F46/><W66/><G61/><T59/><D104/><U100/><E10/><V29/><F29/><W27/><G20/><T117/><D105/><U118/><E118/><V43/><F43/><W36/><G36/><T122/><D122/><U2/><E2/><V64/><F84/><AGARI ba="0,0" hai="22,27,30,56,62,66,77,78,84,89,94" m="25991" machi="84" ten="30,2900,0" yaku="8,1,52,1" doraHai="57" who="3" fromWho="2" sc="208,0,215,0,247,-29,330,29" /><INIT seed="3,1,0,0,3,45" ten="208,215,218,359" oya="3" hai0="2,122,37,21,93,66,134,97,35,95,115,6,121" hai1="76,72,69,27,91,34,120,118,26,88,50,127,110" hai2="46,3,119,135,29,52,20,83,58,33,98,24,57" hai3="54,63,106,116,117,47,19,86,30,36,43,74,105"/><W22/><G74/><T103/><D35/><U80/><E120/><V126/><F119/><W89/><G30/><T73/><D73/><U48/><E118/><V64/><F3/><W102/><G105/><T11/><D115/><U15/><E69/><V40/><F135/><W129/><G129/><T8/><D134/><U61/><E61/><V100/><F126/><W124/><G124/><T51/><D37/><U55/><E127/><V0/><F0/><W109/><G102/><T39/><D39/><U13/><E110/><V90/><F33/><W60/><G106/><T53/><D66/><U79/><E34/><V5/><F5/><W101/><G101/><T125/><D125/><U38/><E38/><V75/><F64/><W131/><G63/><T123/><D11/><U107/><E107/><V130/><F130/><W113/><G131/><T42/><D42/><U92/><E72/><V7/><F7/><W41/><G41/><T9/><D9/><U14/><E80/><V4/><F4/><W44/><G113/><T81/><D21/><U85/><E55/><V104/><F40/><W28/><G28/><T70/><D70/><U133/><E133/><V82/><F82/><N who="3" m="49367" /><G109/><T18/><D18/><U10/><E10/><V128/><F128/><W32/><G32/><T87/><D95/><U17/><E17/><V1/><F1/><W31/><G31/><T68/><D68/><U96/><E79/><V114/><F114/><W111/><G111/><T59/><REACH who="0" step="1"/><D123/><REACH who="0" ten="198,215,218,359" step="2"/><U84/><E92/><N who="2" m="58439" /><F75/><W77/><G116/><T132/><D132/><U23/><E23/><V99/><F104/><RYUUKYOKU ba="1,1" sc="198,30,215,-10,218,-10,359,-10" hai0="2,6,8,51,53,59,81,87,93,97,103,121,122" /><INIT seed="4,2,1,4,0,14" ten="228,205,208,349" oya="0" hai0="74,65,91,67,98,0,105,30,135,101,134,39,11" hai1="82,29,13,132,73,92,61,72,19,86,93,130,102" hai2="71,55,7,10,9,57,103,18,89,127,2,42,81" hai3="108,121,96,109,88,27,70,133,16,83,77,99,126"/><T22/><D39/><U6/><E132/><N who="0" m="50729" /><D74/><U47/><E130/><V118/><F71/><W36/><G133/><T106/><D91/><N who="1" m="51671" /><E73/><V107/><F127/><W110/><G36/><T116/><D116/><U129/><E72/><V97/><F118/><W117/><G117/><T54/><D54/><U94/><E129/><V75/><F42/><W51/><G70/><T59/><D59/><U84/><E29/><V35/><F35/><W33/><G33/><T46/><D46/><U37/><E37/><V31/><F31/><W131/><G131/><T15/><D106/><U104/><E104/><V124/><F124/><W56/><G126/><T34/><D34/><U68/><E68/><V100/><F100/><W25/><G121/><T28/><D0/><U123/><E123/><V64/><F64/><N who="0" m="24650" /><D22/><N who="1" m="11631" /><E47/><V122/><F122/><W111/><G111/><T8/><D8/><U76/><E61/><V4/><F75/><W26/><G108/><T1/><D1/><U24/><E102/><V48/><F103/><W52/><G109/><T43/><D43/><U17/><E76/><V78/><F78/><W60/><G110/><T125/><D125/><U113/><E84/><N who="2" m="50319" /><F107/><W90/><G77/><T5/><AGARI ba="2,1" hai="5,11,15,28,30,98,101,105" m="24650,50729" machi="5" ten="30,1500,0" yaku="20,1" doraHai="14" who="0" fromWho="0" sc="228,31,205,-7,208,-7,349,-7" /><INIT seed="4,3,0,1,3,104" ten="259,198,201,342" oya="0" hai0="9,10,35,132,73,93,90,101,29,65,21,17,123" hai1="23,96,95,54,27,131,50,58,26,135,126,13,81" hai2="117,30,120,45,39,46,40,82,113,99,92,75,33" hai3="69,122,97,76,25,20,127,89,63,38,83,11,64"/><T55/><D123/><U121/><E135/><V91/><F120/><W5/><G38/><T119/><D132/><U24/><E131/><V118/><F113/><W31/><G122/><T109/><D109/><U79/><E126/><V114/><F114/><W12/><G127/><T19/><D119/><N who="2" m="45578" /><F45/><W37/><G37/><T44/><D73/><U87/><E121/><V133/><F133/><W36/><G36/><T49/><D65/><U111/><E111/><V108/><F108/><W106/><G106/><T116/><D116/><U59/><E13/><V32/><F30/><W48/><G48/><T130/><D130/><U15/><E15/><V125/><F125/><W22/><G97/><T2/><D35/><U62/><E23/><V78/><AGARI ba="3,0" hai="32,33,39,40,46,75,78,82,91,92,99" m="45578" machi="78" ten="30,2000,0" yaku="12,1,52,1" doraHai="104" who="2" fromWho="2" sc="259,-13,198,-8,201,29,342,-8" /><INIT seed="5,0,0,5,4,57" ten="246,190,230,334" oya="1" hai0="132,58,80,71,68,40,97,36,67,54,55,123,81" hai1="37,135,13,95,84,25,99,42,61,8,117,88,24" hai2="72,63,131,76,78,100,120,66,115,110,9,121,85" hai3="7,105,89,50,48,35,102,119,77,73,31,130,0"/><U43/><E117/><V90/><F110/><W107/><G119/><T113/><D123/><U29/><E135/><V56/><F100/><W18/><G77/><T125/><D113/><U53/><E37/><V91/><F131/><W134/><G73/><T126/><D97/><U19/><E84/><V128/><F128/><W75/><G75/><T79/><D132/><U108/><E108/><V62/><F115/><W86/><G134/><T129/><D129/><U4/><E4/><V32/><F32/><W38/><G38/><T45/><D80/><U116/><E116/><V122/><F91/><W5/><G0/><T44/><D81/><U118/><E118/><V41/><F41/><N who="1" m="15369" /><E29/><V22/><F9/><W93/><G35/><T1/><D79/><U46/><E46/><V59/><F22/><W106/><G31/><T17/><D1/><U34/><E34/><V64/><F72/><W11/><G5/><T83/><D83/><AGARI ba="0,0" hai="56,59,62,63,64,66,76,78,83,85,90,120,121,122" machi="83" ten="40,5200,0" yaku="9,1,52,2" doraHai="57" who="2" fromWho="0" sc="246,-52,190,0,230,52,334,0" /><INIT seed="6,0,0,0,3,78" ten="194,190,282,334" oya="2" hai0="9,119,47,13,121,135,58,113,67,114,83,48,61" hai1="43,4,27,87,92,16,52,105,65,110,99,80,109" hai2="25,82,22,90,117,111,127,39,132,32,6,68,84" hai3="51,118,15,60,56,125,29,28,7,8,20,103,98"/><V134/><F117/><W122/><G118/><T21/><D121/><U64/><E105/><V77/><F68/><W37/><G122/><T129/><D119/><U53/><E43/><V35/><F39/><W120/><G120/><T30/><D129/><U2/><E110/><V54/><F111/><W12/><G37/><T104/><D135/><N who="2" m="51754" /><F127/><W59/><G125/><T96/><D104/><U94/><E2/><V19/><F6/><W57/><G60/><T55/><D96/><U79/><E4/><V62/><F77/><W123/><G123/><T100/><D100/><N who="1" m="60519" /><E94/><V18/><F19/><N who="3" m="10367" /><G103/><T34/><D34/><U76/><E76/><V93/><F93/><W31/><G98/><T73/><D73/><U11/><E109/><V86/><F86/><W81/><G81/><T89/><D30/><U95/><E95/><V17/><F17/><W112/><G112/><T126/><D126/><U10/><E10/><V88/><F90/><W71/><G71/><T128/><D21/><N who="1" m="13735" /><E11/><V14/><F25/><W0/><G0/><T44/><D128/><U50/><E53/><AGARI ba="0,0" hai="7,8,12,28,29,31,51,53,56,57,59" m="10367" machi="53" ten="30,1000,0" yaku="8,1" doraHai="78" who="3" fromWho="1" sc="194,0,190,-10,282,0,334,10" /><INIT seed="7,0,0,5,4,101" ten="194,180,282,344" oya="3" hai0="106,45,6,84,23,113,124,99,30,127,117,126,68" hai1="10,29,78,116,0,74,16,41,66,35,122,75,58" hai2="64,36,73,65,1,12,100,60,55,86,132,32,125" hai3="40,97,17,108,15,111,44,91,69,93,51,8,119"/><W87/><G69/><T25/><D117/><U94/><E122/><V129/><F1/><W72/><G72/><T102/><D68/><U62/><E116/><V131/><F32/><W109/><G119/><T70/><D70/><U83/><E41/><V50/><F73/><W135/><G135/><T121/><D121/><U128/><E74/><V9/><F100/><W105/><G105/><T52/><D113/><U107/><E107/><V120/><F120/><W67/><G67/><T63/><D6/><U133/><E133/><V46/><F132/><W92/><G92/><T48/><D84/><AGARI ba="0,0" hai="8,15,17,40,44,51,84,87,91,93,97,108,109,111" machi="84" ten="40,2000,0" yaku="10,1" doraHai="101" who="3" fromWho="0" sc="194,-20,180,0,282,0,344,20" owari="174,-33.0,180,-22.0,282,8.0,364,47.0" /></mjloggm>