<mjloggm ver="2.3"><GO type="169" lobby="0"/><UN n0="%E3%81%B4%E3%81%AE" n1="%E3%83%9E%E3%83%88%E3%83%AA%E3%83%83%E3%82%AF%E3%82%B9" n2="%E8%B7%AF%E5%9C%B0%E8%A3%8F%E3%81%AE%E3%81%B2%E3%81%BE%E3%82%8F%E3%82%8A" n3="%EF%BC%88%E2%89%A7%E2%96%BD%E2%89%A6%EF%BC%89" dan="16,16,17,17" rate="2102.51,2089.50,2204.34,2143.97" sx="M,M,M,M"/><TAIKYOKU oya="0"/><INIT seed="0,0,0,3,3,87" ten="250,250,250,250" oya="0" hai0="65,29,96,39,1,133,47,25,128,105,5,120,38" hai1="19,103,84,67,121,61,116,57,37,110,71,56,22" hai2="24,7,114,58,20,3,95,119,44,97,35,127,14" hai3="124,13,75,118,115,51,16,112,64,132,10,102,4"/><T55/><D120/><U31/><E121/><V68/><F68/><W43/><G75/><T46/><D65/><U73/><E73/><V98/><F114/><W113/><G118/><T23/><D133/><U85/><E116/><V42/><F119/><W0/><G132/><T79/><D128/><U80/><E37/><V59/><F3/><W107/><G64/><T104/><D79/><U6/><E110/><V60/><F35/><W17/><G124/><T111/><D111/><U125/><E125/><V109/><F109/><W74/><G74/><T81/><D81/><U36/><E36/><V8/><F127/><W50/><G43/><T49/><D96/><U54/><E31/><V126/><F126/><W129/><G129/><T90/><D90/><U83/><E103/><V40/><F98/><W62/><G62/><T76/><D76/><U78/><E6/><V11/><F7/><W12/><G102/><T34/><D34/><U100/><E100/><V9/><F97/><W117/><G117/><T66/><D66/><U94/><E94/><V41/><F95/><W52/><G107/><N who="0" m="41035" /><D46/><U33/><E33/><V48/><F14/><W53/><G0/><T15/><D1/><U106/><E106/><V69/><F59/><N who="3" m="33175" /><G12/><T2/><D2/><U108/><E108/><V134/><F134/><W122/><G122/><T86/><D86/><U70/><E70/><V135/><F135/><W26/><G26/><T82/><D82/><U72/><E72/><V27/><F69/><W88/><G88/><T130/><D130/><U131/><E131/><V91/><F27/><W63/><G63/><RYUUKYOKU ba="0,0" sc="250,15,250,-15,250,-15,250,15" hai0="5,15,23,25,29,38,39,47,49,55" hai3="4,10,13,16,17,51,53,112,113,115" /><INIT seed="0,1,0,3,4,88" ten="265,235,235,265" oya="0" hai0="82,48,54,95,83,21,60,74,133,76,58,111,32" hai1="45,15,104,22,62,14,97,8,36,7,34,12,121" hai2="68,79,46,80,33,77,65,53,0,6,19,3,4" hai3="129,115,41,13,11,71,102,57,134,75,93,67,52"/><T85/><D32/><U1/><E34/><V28/><F33/><W37/><G75/><T119/><D119/><U10/><E121/><V2/><F28/><W90/><G115/><T113/><D113/><U38/><E22/><V49/><F19/><W56/><G56/><T116/><D116/><U128/><E128/><V17/><F17/><W92/><G129/><T5/><D133/><U86/><E86/><V106/><F106/><W51/><G102/><T123/><D123/><U64/><E45/><V109/><F109/><W27/><G27/><T126/><D126/><U50/><E50/><V91/><F91/><W20/><G20/><T23/><D111/><U131/><E131/><V26/><F26/><W117/><G90/><T25/><D5/><U43/><E43/><V24/><F24/><W66/><G134/><T72/><D83/><U63/><E10/><V18/><F18/><N who="3" m="8511" /><G117/><T55/><D21/><U39/><REACH who="1" step="1"/><E64/><REACH who="1" ten="265,225,235,265" step="2"/><V87/><F77/><W105/><G67/><T96/><D48/><U130/><E130/><V78/><F78/><W73/><G73/><T84/><D72/><U112/><E112/><V31/><F65/><W40/><G40/><T99/><D54/><U100/><AGARI ba="1,1" hai="1,7,8,12,14,15,36,38,39,62,63,97,100,104" machi="100" ten="40,2700,0" yaku="1,1,0,1,53,0" doraHai="88" doraHaiUra="118" who="1" fromWho="1" sc="265,-14,225,40,235,-8,265,-8" /><INIT seed="1,0,0,3,0,78" ten="251,265,227,257" oya="1" hai0="62,60,7,112,121,87,81,108,37,68,133,90,0" hai1="69,115,64,109,124,84,42,86,113,72,55,130,107" hai2="10,23,40,4,12,91,38,71,118,80,99,77,14" hai3="104,94,48,31,50,33,103,74,126,56,123,36,34"/><U100/><E72/><V95/><F118/><W18/><G74/><T135/><D37/><U70/><E42/><V41/><F71/><W82/><G36/><T15/><D112/><U2/><E2/><V122/><F122/><W131/><G104/><T39/><D39/><U47/><E124/><V110/><F110/><W52/><G123/><T92/><D121/><U57/><E130/><V11/><F23/><W102/><G131/><T117/><D117/><U8/><E8/><V13/><F38/><W98/><G126/><T51/><D108/><U19/><E109/><V93/><F93/><W97/><G31/><T120/><D120/><U101/><E47/><V17/><REACH who="2" step="1"/><F14/><REACH who="2" ten="251,265,217,257" step="2"/><W26/><G94/><T58/><D68/><U30/><E107/><V105/><F105/><W119/><G119/><T24/><D15/><U88/><E70/><V32/><F32/><W65/><G33/><T132/><D92/><U76/><E69/><V116/><F116/><W46/><G34/><T85/><D135/><U3/><E115/><V96/><F96/><W45/><G98/><T22/><D133/><U6/><E113/><V128/><F128/><W25/><G97/><T54/><D132/><U44/><E3/><V79/><F79/><W35/><G35/><T5/><D0/><U73/><E76/><V21/><F21/><W43/><G103/><T1/><D1/><U59/><E101/><V127/><F127/><W20/><G102/><T83/><D22/><U49/><E100/><V27/><F27/><N who="3" m="14743" /><G82/><T67/><D24/><U129/><E129/><V134/><F134/><W61/><AGARI ba="0,1" hai="25,26,43,45,46,48,50,52,56,61,65" m="14743" machi="61" ten="30,4000,0" yaku="5,1,8,1,54,1" doraHai="78" who="3" fromWho="3" sc="251,-10,265,-20,217,-10,257,50" /><INIT seed="2,0,0,5,2,58" ten="241,245,207,307" oya="2" hai0="47,129,27,53,35,10,51,20,132,114,39,71,38" hai1="77,59,73,130,91,33,68,74,25,45,126,32,18" hai2="22,93,41,125,120,62,106,66,123,100,110,34,135" hai3="79,12,134,104,70,85,115,103,116,131,5,61,122"/><V133/><F34/><W23/><G116/><T96/><D114/><U2/><E68/><V30/><F125/><W82/><G122/><T84/><D132/><N who="2" m="50762" /><F106/><W36/><G36/><T92/><D129/><U0/><E126/><V55/><F55/><W83/><G134/><T49/><D71/><U37/><E130/><V75/><F41/><W109/><G131/><T89/><D35/><U97/><E37/><V54/><F54/><W112/><G109/><T50/><D10/><U127/><E127/><V119/><F75/><W90/><G104/><T101/><D38/><U26/><E45/><V113/><F113/><W21/><G112/><T67/><D67/><U11/><E59/><N who="2" m="37215" /><F119/><W52/><G115/><T64/><D64/><U7/><E74/><V88/><F100/><W69/><G103/><T43/><D39/><U40/><E40/><V16/><F30/><W108/><G69/><T87/><D43/><U56/><E33/><V13/><F110/><W3/><G108/><T107/><REACH who="0" step="1"/><D84/><AGARI ba="0,0" hai="13,16,22,84,88,93,120,123" m="37215,50762" machi="84" ten="30,11600,0" yaku="20,1,52,1,54,2" doraHai="58" who="2" fromWho="0" sc="241,-116,245,0,207,116,307,0" /><INIT seed="2,1,0,1,5,8" ten="125,245,323,307" oya="2" hai0="99,16,10,126,102,38,130,35,120,111,94,1,9" hai1="107,76,78,43,92,81,55,128,74,64,21,30,17" hai2="47,121,63,97,3,19,119,22,73,124,37,110,80" hai3="52,67,123,53,39,34,54,118,96,112,93,0,44"/><V89/><F119/><W48/><G0/><T83/><D38/><U5/><E107/><V14/><F121/><W6/><G123/><T13/><D120/><U61/><E128/><V105/><F3/><W59/><G34/><T40/><D130/><U26/><E43/><V11/><F124/><W29/><G118/><T125/><D35/><U85/><E5/><V41/><F110/><W49/><G112/><T4/><D40/><U101/><E55/><V68/><F68/><W33/><G6/><T50/><D111/><U79/><E74/><V58/><F73/><W62/><G39/><T129/><D129/><U113/><E113/><V70/><F70/><W100/><G33/><T72/><REACH who="0" step="1"/><D50/><REACH who="0" ten="115,245,323,307" step="2"/><U27/><E101/><V46/><F41/><N who="3" m="24591" /><G29/><T108/><D108/><U95/><E78/><AGARI ba="1,1" hai="1,4,9,10,13,16,72,78,83,94,99,102,125,126" machi="78" ten="40,5200,0" yaku="1,1,52,1,54,1,53,0" doraHai="8" doraHaiUra="117" who="0" fromWho="1" sc="115,65,245,-55,323,0,307,0" /><INIT seed="3,0,0,1,0,119" ten="180,190,323,307" oya="3" hai0="116,65,1,105,75,128,12,110,37,118,41,76,85" hai1="46,102,43,71,22,61,55,64,106,44,100,14,67" hai2="120,38,18,69,58,104,3,89,19,17,59,16,86" hai3="24,115,99,79,80,125,83,84,92,94,28,112,11"/><W108/><G125/><T60/><D1/><U101/><E67/><V20/><F69/><W51/><G108/><T135/><D105/><U8/><E22/><V34/><F34/><W21/><G11/><T74/><D110/><U82/><E55/><V66/><F3/><W35/><G35/><T98/><D98/><U77/><E106/><V70/><F38/><W13/><G13/><T122/><D12/><U4/><REACH who="1" step="1"/><E43/><REACH who="1" ten="180,180,323,307" step="2"/><V48/><F104/><W93/><G112/><T91/><D41/><U30/><E30/><V45/><F66/><W95/><G115/><T109/><D65/><U117/><E117/><V6/><F70/><W129/><G129/><T62/><D128/><U131/><E131/><V36/><F20/><W78/><G51/><T68/><D116/><U107/><E107/><V5/><F48/><W127/><G127/><T10/><D118/><U126/><E126/><V56/><F36/><W124/><G124/><T50/><D37/><U103/><N who="1" m="25600" /><DORA hai="90" /><U133/><E133/><V27/><F27/><W111/><G111/><T96/><D50/><U81/><E81/><N who="3" m="31306" /><G99/><T54/><D96/><U47/><E47/><V132/><F45/><W87/><N who="3" m="23552" /><DORA hai="49" /><W97/><G97/><T121/><D109/><U25/><E25/><V9/><F132/><W114/><G114/><T0/><D135/><U2/><E2/><V52/><F9/><W88/><G88/><T29/><D91/><U123/><E123/><V113/><F120/><W7/><G24/><T32/><D122/><U73/><AGARI ba="0,1" hai="4,8,14,44,46,61,64,71,73,77,82" m="25600" machi="73" ten="40,5200,0" yaku="1,1,0,1,53,1" doraHai="119,90,49" doraHaiUra="39,57,15" who="1" fromWho="1" sc="180,-13,180,62,323,-13,307,-26" /><INIT seed="4,0,0,0,4,90" ten="167,242,310,281" oya="0" hai0="28,88,23,74,13,57,85,102,103,47,5,114,69" hai1="73,26,108,58,40,75,54,39,113,93,41,97,68" hai2="45,105,38,44,9,129,98,72,77,46,78,36,7" hai3="132,65,43,10,21,76,48,115,16,80,64,29,126"/><T18/><D69/><U11/><E68/><V89/><F129/><W33/><G132/><T71/><D71/><U32/><E108/><V116/><F116/><W49/><G33/><T87/><D74/><U124/><E124/><V120/><F120/><W127/><G115/><T62/><D114/><U51/><E113/><V37/><F72/><W42/><G29/><T2/><D28/><U60/><E39/><V14/><REACH who="2" step="1"/><F105/><REACH who="2" ten="167,242,300,281" step="2"/><W25/><G127/><T134/><D134/><U111/><E75/><V63/><F63/><W70/><G126/><T91/><D62/><U19/><E73/><V27/><F27/><W117/><G25/><T84/><D2/><U82/><E111/><V121/><F121/><W1/><G1/><T95/><D5/><U86/><E60/><V128/><F128/><W104/><G104/><T118/><D118/><U83/><E26/><V119/><F119/><W55/><G117/><T92/><D57/><U3/><E3/><V106/><F106/><W15/><G70/><T96/><REACH who="0" step="1"/><D47/><REACH who="0" ten="157,242,300,281" step="2"/><U20/><E58/><V52/><F52/><W12/><G55/><T66/><D66/><U53/><E54/><V133/><F133/><W17/><G65/><T61/><D61/><U112/><E53/><V50/><F50/><N who="3" m="19563" /><G64/><T131/><D131/><U24/><E112/><V100/><F100/><AGARI ba="0,2" hai="13,18,23,84,85,87,88,91,92,95,96,100,102,103" machi="100" ten="40,12000,1" yaku="1,1,8,1,52,2,54,1,53,0" doraHai="90" doraHaiUra="22" who="0" fromWho="2" sc="157,140,242,0,300,-120,281,0" /><INIT seed="4,1,0,3,1,51" ten="297,242,180,281" oya="0" hai0="66,133,125,134,92,73,59,21,8,64,0,53,83" hai1="13,38,52,74,56,62,70,31,122,28,44,93,129" hai2="50,2,109,108,20,39,11,107,22,33,97,67,46" hai3="68,88,47,60,110,45,23,127,18,128,101,130,114"/><T113/><D113/><U35/><E122/><V71/><F33/><W91/><G101/><T98/><D125/><U95/><E74/><V112/><F112/><W116/><G110/><T9/><D21/><U16/><E129/><N who="3" m="49770" /><G116/><T14/><D0/><U123/><E123/><V86/><F39/><W63/><G127/><T24/><D24/><U1/><E1/><V119/><F119/><W103/><G103/><N who="0" m="60871" /><D83/><U135/><E135/><N who="0" m="51721" /><D73/><U81/><E81/><V5/><F109/><W65/><G114/><T34/><D34/><U54/><E70/><V69/><F108/><W115/><G115/><T6/><D9/><N who="1" m="6191" /><E35/><V49/><F11/><W80/><G80/><T76/><D76/><U111/><E38/><V26/><F2/><W124/><G124/><T120/><D120/><U132/><E132/><V10/><F10/><W102/><G102/><T121/><D121/><U75/><E75/><V126/><F126/><W55/><G91/><T4/><D4/><U106/><E106/><V78/><F5/><W15/><G88/><T19/><D6/><U3/><E3/><V12/><F78/><W118/><G118/><T85/><D85/><U99/><E111/><V61/><F107/><W89/><G89/><T17/><D17/><U117/><E117/><V72/><F72/><W27/><G27/><T7/><D7/><U41/><E99/><V58/><F97/><W42/><G42/><T94/><D94/><N who="1" m="35851" /><E41/><V32/><F32/><W100/><G100/><T30/><D30/><U37/><E37/><V40/><F40/><W84/><G84/><T48/><AGARI ba="1,0" hai="8,14,19,48,53,59,64,66" m="51721,60871" machi="48" ten="30,3000,0" yaku="20,1,52,1" doraHai="51" who="0" fromWho="0" sc="297,33,242,-11,180,-11,281,-11" /><INIT seed="4,2,0,3,5,13" ten="330,231,169,270" oya="0" hai0="62,39,25,122,75,46,82,45,33,59,30,80,132" hai1="99,26,35,116,115,63,135,17,47,96,36,56,72" hai2="111,133,51,11,53,77,66,57,130,118,114,37,102" hai3="70,124,101,54,48,108,42,119,71,16,43,58,100"/><T127/><D122/><U85/><E72/><V60/><F111/><W23/><G108/><T131/><D131/><U0/><E116/><V22/><F130/><W6/><G119/><T44/><D132/><U125/><E0/><V98/><F133/><W15/><G124/><T76/><D127/><U41/><E135/><V121/><F118/><W18/><G6/><T55/><REACH who="0" step="1"/><D82/><REACH who="0" ten="320,231,169,270" step="2"/><U19/><E125/><V113/><F121/><W8/><G71/><T112/><D112/><U91/><E115/><V10/><F114/><W97/><G70/><T92/><D92/><U93/><E35/><V24/><F113/><W105/><REACH who="3" step="1"/><G101/><REACH who="3" ten="320,231,169,260" step="2"/><T14/><D14/><AGARI ba="2,2" hai="8,14,15,16,18,23,42,43,48,54,58,97,100,105" machi="14" ten="30,12000,2" yaku="1,1,2,1,7,1,52,2,54,1,53,0" doraHai="13" doraHaiUra="104" who="3" fromWho="0" sc="320,-126,231,0,169,0,260,146" /><INIT seed="5,0,0,0,5,87" ten="194,231,169,406" oya="1" hai0="31,57,117,118,81,112,70,25,96,99,88,84,90" hai1="17,93,100,108,22,65,23,127,132,125,135,44,10" hai2="3,13,11,39,116,34,15,103,120,97,106,19,63" hai3="50,76,131,18,134,123,83,126,82,124,21,27,105"/><U43/><E65/><V95/><F116/><W20/><G123/><T129/><D70/><U98/><E108/><V89/><F120/><W67/><G131/><T52/><D129/><U56/><E56/><V62/><F39/><W0/><G0/><T115/><D118/><U53/><E53/><V29/><F3/><W6/><G6/><T109/><D109/><U16/><E10/><V78/><F78/><W101/><G67/><T77/><D117/><U113/><E113/><N who="0" m="43593" /><D99/><U68/><E68/><V8/><F29/><W85/><G82/><T72/><D96/><U5/><E5/><V121/><F34/><W71/><G50/><N who="0" m="30871" /><D72/><U114/><E114/><V28/><F28/><W14/><G71/><T61/><D61/><U38/><E23/><AGARI ba="0,0" hai="23,25,31,77,81,84,88,90" m="30871,43593" machi="23" ten="30,8000,1" yaku="15,1,52,2,54,2" doraHai="87" who="0" fromWho="1" sc="194,80,231,-80,169,0,406,0" /><INIT seed="6,0,0,1,4,12" ten="274,151,169,406" oya="2" hai0="88,123,104,90,103,84,68,16,130,27,109,63,122" hai1="40,128,23,129,53,10,50,87,14,20,57,95,134" hai2="124,26,126,113,86,85,49,65,133,62,7,1,80" hai3="54,15,48,83,101,5,29,60,41,96,108,74,114"/><V91/><F113/><W51/><G108/><T76/><D109/><U102/><E134/><V125/><F133/><W0/><G0/><T21/><D76/><U82/><E40/><V106/><F106/><W32/><G32/><T25/><D130/><U71/><E71/><V98/><F98/><W22/><G74/><T119/><D119/><U61/><E129/><V70/><F49/><W59/><G83/><T131/><D131/><U115/><E115/><V43/><F43/><W2/><G2/><T97/><D90/><U121/><E121/><V100/><F100/><W69/><G69/><T94/><REACH who="0" step="1"/><D27/><REACH who="0" ten="264,151,169,406" step="2"/><U99/><E128/><V3/><F26/><W47/><G114/><T17/><D17/><N who="1" m="8407" /><E61/><V135/><F135/><W18/><G60/><T30/><D30/><U24/><E24/><V118/><F118/><W89/><G29/><T112/><D112/><U33/><E33/><V46/><F7/><W9/><G5/><T107/><D107/><U4/><E4/><V132/><F132/><W73/><G18/><T116/><D116/><U105/><E105/><V66/><F1/><W42/><G89/><AGARI ba="0,1" hai="20,23,50,53,57,82,87,89,95,99,102" m="8407" machi="89" ten="30,2000,0" yaku="8,1,52,1" doraHai="12" who="1" fromWho="3" sc="264,0,151,30,169,0,406,-20" /><INIT seed="7,0,0,1,4,9" ten="264,181,169,386" oya="3" hai0="130,111,52,43,121,42,54,5,25,56,36,93,105" hai1="63,21,53,99,106,33,19,79,59,64,80,85,4" hai2="18,20,116,23,91,124,100,118,31,129,10,38,76" hai3="123,13,92,133,96,1,72,27,98,128,68,62,29"/><W37/><G98/><T6/><D111/><U7/><E33/><V70/><F38/><W15/><G62/><T127/><D105/><U132/><E132/><V89/><F70/><W75/><G96/><T67/><D36/><U61/><E99/><V108/><F108/><W122/><G27/><T32/><D67/><U8/><E8/><V109/><F109/><W49/><G29/><T28/><D121/><U22/><E22/><N who="2" m="8235" /><F31/><W83/><G49/><T74/><D74/><U103/><E103/><V110/><F110/><W45/><G45/><T113/><D113/><U82/><E82/><V57/><F100/><W71/><G83/><T87/><D130/><U2/><E106/><V66/><F129/><W102/><G102/><T14/><D54/><U131/><E2/><V86/><F124/><W40/><G128/><T114/><D114/><U51/><E131/><V81/><F118/><W120/><G37/><T84/><D28/><U58/><E63/><N who="2" m="38255" /><F116/><W95/><G75/><T12/><D32/><U26/><AGARI ba="0,0" hai="4,7,19,21,26,51,53,58,59,61,64,79,80,85" machi="26" ten="20,2700,0" yaku="0,1,7,1,8,1" doraHai="9" who="1" fromWho="1" sc="264,-7,181,27,169,-7,386,-13" owari="257,6.0,208,-19.0,162,-34.0,373,47.0" /></mjloggm>