<mjloggm ver="2.3"><GO type="41"/><UN n0="%E3%82%A6%E3%83%AB%E3%83%88%E3%83%A9%E7%AB%8B%E7%9B%B4" n1="%E3%81%8A%E3%81%97%E3%82%83%E3%81%BE%E3%83%9C%E3%83%BC%E3%82%A4" n2="%6B%75%72%61%6E%74%61%6E" n3="%E3%82%A2%E3%83%A9%E3%83%89" dan="15,15,15,14" rate="2009,1958,2006,1879" sx="M,M,M,M"/><TAIKYOKU oya="0"/><INIT seed="0,0,0,3,3,133" ten="250,250,250,250" oya="0" hai0="40,33,77,107,11,89,24,67,55,54,110,15,82" hai1="61,32,63,71,42,108,31,26,93,5,9,57,37" hai2="85,45,59,62,60,79,87,112,66,129,47,111,130" hai3="36,49,101,91,58,104,64,135,86,22,97,8,20"/><T90/><D107/><U65/><E108/><V43/><F112/><W69/><G135/><T120/><D120/><U50/><E37/><V14/><F111/><W80/><G36/><T81/><D110/><U2/><E93/><V105/><F105/><W1/><G69/><T52/><D67/><U127/><E42/><V113/><F113/><W95/><G104/><T125/><D125/><U98/><E98/><V109/><F109/><W7/><REACH who="3" step="1"/><G49/><REACH who="3" ten="250,250,250,240" step="2"/><T34/><D40/><U28/><E50/><V126/><F43/><W74/><G74/><T92/><D34/><U21/><E32/><V119/><F119/><W128/><G128/><T84/><D33/><U73/><E73/><V46/><F130/><W78/><G78/><T23/><D77/><U116/><E116/><V18/><F79/><W103/><G103/><T94/><D94/><U121/><E121/><V48/><F129/><W106/><G106/><T115/><D115/><U27/><E71/><V122/><F122/><W99/><G99/><T19/><REACH who="0" step="1"/><D90/><REACH who="0" ten="240,250,250,240" step="2"/><U0/><E65/><V88/><F66/><W53/><G53/><T124/><D124/><U38/><E127/><V72/><F126/><W96/><G96/><T51/><D51/><U132/><E38/><V39/><F48/><W117/><G117/><T3/><D3/><U56/><E0/><V70/><F88/><W10/><G10/><T102/><D102/><U75/><E2/><V123/><F39/><W83/><G83/><T41/><D41/><U118/><E118/><V35/><F123/><W100/><G100/><T30/><AGARI ba="0,2" hai="11,15,19,23,24,30,52,54,55,81,82,84,89,92" machi="30" ten="30,12000,1" yaku="1,1,0,1,8,1,54,1,53,1" doraHai="133" doraHaiUra="25" who="0" fromWho="0" sc="240,140,250,-40,250,-40,240,-40" /><INIT seed="0,1,0,1,5,135" ten="380,210,210,200" oya="0" hai0="13,39,69,103,57,44,15,41,97,35,12,58,80" hai1="70,87,11,93,128,31,73,132,40,131,78,49,14" hai2="118,109,67,83,60,88,43,53,9,126,45,108,116" hai3="129,115,30,71,101,55,134,65,62,121,32,110,111"/><T37/><D69/><U27/><E132/><V113/><F9/><W74/><G134/><T51/><D35/><U33/><E70/><N who="2" m="42343" /><F113/><W133/><G133/><T77/><D39/><U22/><E73/><V20/><F20/><W42/><G115/><T104/><REACH who="0" step="1"/><D37/><REACH who="0" ten="370,210,210,200" step="2"/><U6/><E33/><V106/><F118/><W0/><G32/><T95/><D95/><U99/><E93/><V25/><F116/><W63/><G71/><T59/><D59/><U127/><E131/><V16/><F106/><W86/><G129/><T34/><D34/><U24/><E128/><V124/><F43/><W18/><G42/><T17/><D17/><U89/><E40/><V19/><F45/><W82/><G18/><N who="2" m="6697" /><F25/><W8/><G82/><T75/><AGARI ba="1,1" hai="12,13,15,41,44,51,57,58,75,77,80,97,103,104" machi="75" ten="30,3000,0" yaku="1,1,0,1,53,0" doraHai="135" doraHaiUra="90" who="0" fromWho="0" sc="370,43,210,-11,210,-11,200,-11" /><INIT seed="0,2,0,0,2,99" ten="413,199,199,189" oya="0" hai0="13,43,133,73,24,6,56,78,105,82,128,69,12" hai1="25,135,10,106,70,34,108,17,47,75,126,7,84" hai2="114,67,102,87,28,112,2,65,72,122,53,113,120" hai3="131,81,97,115,9,134,101,117,107,4,23,91,123"/><T36/><D69/><U59/><E75/><V20/><F72/><W89/><G115/><T18/><D128/><U88/><E70/><V42/><F2/><W16/><G117/><T3/><D133/><U30/><E135/><V116/><F42/><W41/><G134/><T93/><D105/><U57/><E108/><V0/><F0/><W66/><G131/><T64/><D56/><U8/><E126/><V15/><F116/><W21/><G123/><T51/><D51/><U49/><E106/><V11/><F87/><W46/><G66/><T55/><D55/><U92/><E17/><V22/><F53/><W29/><G29/><T119/><D64/><U68/><E68/><V61/><F28/><W14/><G81/><T37/><D37/><U40/><REACH who="1" step="1"/><E10/><REACH who="1" ten="413,189,199,189" step="2"/><V63/><F114/><W95/><G107/><T35/><D119/><U121/><E121/><V5/><F11/><W129/><G129/><T45/><D18/><U77/><E77/><V19/><F19/><W100/><G101/><T86/><D24/><U38/><E38/><V60/><F5/><W98/><G100/><T125/><D125/><U39/><E39/><V103/><REACH who="2" step="1"/><F61/><REACH who="2" ten="413,189,189,189" step="2"/><W48/><G4/><T76/><D76/><U109/><E109/><V127/><F127/><W62/><G62/><T27/><D78/><U32/><E32/><V94/><F94/><AGARI ba="2,2" hai="9,14,16,21,23,41,46,48,89,91,94,95,97,98" machi="94" ten="40,5200,0" yaku="9,1,8,1,54,1" doraHai="99" who="3" fromWho="2" sc="413,0,189,0,189,-58,189,78" /><INIT seed="1,0,0,2,1,56" ten="413,189,131,267" oya="1" hai0="124,135,54,94,0,111,85,109,21,92,50,77,65" hai1="116,72,63,51,121,103,119,114,9,47,67,70,126" hai2="36,130,40,49,64,13,115,45,1,57,100,81,52" hai3="6,127,113,101,60,75,61,29,88,18,80,20,14"/><U73/><E121/><V98/><F1/><W4/><G113/><T5/><D5/><U53/><E114/><V118/><F115/><W83/><G127/><T107/><D0/><U16/><E103/><V7/><F118/><W62/><G101/><T71/><D107/><U26/><E126/><V3/><F3/><W30/><G75/><T33/><D33/><U35/><E35/><V8/><F130/><W39/><G39/><T44/><D124/><U23/><REACH who="1" step="1"/><E9/><REACH who="1" ten="413,179,131,267" step="2"/><V108/><F108/><W82/><REACH who="3" step="1"/><G88/><REACH who="3" ten="413,179,131,257" step="2"/><T25/><D111/><U86/><E86/><V89/><F89/><W76/><G76/><T95/><D109/><U102/><E102/><V32/><F32/><W99/><G99/><T24/><D77/><U90/><E90/><V41/><F81/><W120/><G120/><T10/><D85/><U37/><E37/><V93/><F36/><W69/><G69/><T58/><D71/><U15/><E15/><V112/><F112/><W91/><G91/><T68/><D68/><U129/><E129/><V134/><F134/><W131/><G131/><T110/><D110/><U42/><E42/><V19/><F7/><AGARI ba="0,2" hai="4,6,7,14,18,20,29,30,60,61,62,80,82,83" machi="7" ten="40,12000,2" yaku="1,1,8,1,52,3,53,1" doraHai="56" doraHaiUra="11" who="3" fromWho="2" sc="413,0,179,0,131,-120,257,140" /><INIT seed="2,0,0,5,0,113" ten="413,179,11,397" oya="2" hai0="14,1,129,77,56,38,132,34,64,78,6,83,51" hai1="52,25,30,116,63,112,37,127,66,59,35,86,42" hai2="105,126,67,133,58,71,41,46,29,33,103,69,54" hai3="43,117,17,135,131,32,92,81,50,134,82,12,45"/><V36/><F103/><W119/><G32/><T22/><D34/><U24/><E112/><V95/><F105/><W99/><G131/><T98/><D38/><U48/><E127/><V19/><F95/><W7/><G7/><T16/><D129/><U68/><E86/><V107/><F107/><W9/><G81/><T76/><D132/><N who="3" m="50729" /><G82/><T115/><D115/><U20/><E25/><V111/><F133/><W128/><G128/><T121/><D121/><U84/><E84/><V21/><F29/><W15/><G12/><T72/><D98/><U28/><E35/><V40/><F33/><W94/><G92/><T57/><D57/><U3/><E3/><V62/><F126/><W4/><G4/><T23/><D23/><U73/><E73/><V120/><F120/><W80/><G80/><T75/><D75/><U124/><E124/><V55/><F111/><W110/><G110/><T60/><REACH who="0" step="1"/><D51/><REACH who="0" ten="403,179,11,397" step="2"/><U97/><E97/><V8/><F8/><AGARI ba="0,1" hai="1,6,8,14,16,22,56,60,64,72,76,77,78,83" machi="8" ten="40,5200,0" yaku="1,1,2,1,54,1,53,0" doraHai="113" doraHaiUra="102" who="0" fromWho="2" sc="403,62,179,0,11,-52,397,0" owari="465,56.0,179,-22.0,-41,-54.0,397,20.0" /></mjloggm>