<mjloggm ver="2.3"><GO type="41"/><UN n0="%EF%BC%88%E2%89%A7%E2%96%BD%E2%89%A6%EF%BC%89" n1="%E3%81%AB%E3%81%8E%E3%82%8A%E3%81%BF%E3%81%AA%E3%82%89%E3%81%84" n2="%E9%80%9F%E6%B0%B4%E6%9D%A5%E5%A4%A2" n3="%E3%83%A1%E3%82%BF%E3%82%AA" dan="15,13,15,14" rate="2044,1868,1958,1899" sx="M,M,M,M"/><TAIKYOKU oya="0"/><INIT seed="0,0,0,3,5,95" ten="250,250,250,250" oya="0" hai0="77,80,69,74,132,133,110,13,56,24,97,23,31" hai1="67,102,41,94,43,55,33,9,135,113,96,1,87" hai2="62,112,19,63,131,49,44,86,59,37,64,70,81" hai3="6,47,83,109,129,26,128,8,15,60,111,115,106"/><T107/><D69/><U93/><E33/><V130/><F112/><W114/><G106/><T22/><D56/><U36/><E113/><V116/><F19/><W101/><G101/><N who="0" m="62895" /><D13/><U127/><E36/><V75/><F75/><W103/><G60/><T76/><D76/><U73/><E73/><V50/><F81/><W134/><G103/><T99/><D110/><U28/><E28/><V2/><F2/><W123/><G83/><T78/><D78/><U0/><E67/><N who="2" m="39391" /><F86/><W17/><G47/><T84/><D74/><U5/><E87/><V42/><F116/><W90/><G90/><T125/><D125/><U88/><E127/><V71/><F71/><W45/><G45/><T3/><D3/><U32/><E32/><V46/><F46/><W29/><G123/><T16/><D23/><U85/><E55/><V52/><F49/><W18/><G134/><N who="0" m="51819" /><D99/><U98/><E85/><V54/><F37/><W89/><G89/><T12/><D12/><U7/><E135/><V21/><F21/><N who="3" m="15567" /><G114/><T100/><D100/><U14/><E14/><V35/><F35/><W30/><G30/><AGARI ba="0,0" hai="16,22,24,30,31,77,80,84" m="51819,62895" machi="30" ten="30,5800,0" yaku="20,1,52,1,54,1" doraHai="95" who="0" fromWho="3" sc="250,58,250,0,250,0,250,-58" /><INIT seed="0,1,0,4,5,52" ten="308,250,250,192" oya="0" hai0="32,131,1,89,126,98,65,66,82,12,123,3,92" hai1="5,17,46,114,57,53,116,33,87,14,83,84,122" hai2="102,64,50,0,36,56,30,80,95,44,69,115,23" hai3="68,18,127,76,129,45,100,54,16,67,81,113,26"/><T128/><D123/><U47/><E116/><V103/><F115/><W90/><G113/><T41/><D32/><U60/><E114/><V135/><F135/><W112/><G112/><T71/><D41/><U101/><E122/><V93/><F0/><N who="0" m="74" /><D71/><U119/><E119/><V79/><F36/><W40/><G68/><T29/><D29/><U85/><E33/><V125/><F125/><W104/><G127/><T111/><D126/><U43/><E101/><V70/><F70/><W99/><G67/><T35/><D35/><U22/><E5/><V106/><F106/><W58/><G26/><T61/><D61/><U59/><E83/><V28/><F69/><W48/><G90/><T4/><D82/><U37/><E37/><V38/><F38/><W96/><G99/><T8/><D111/><U7/><E7/><V72/><F102/><W75/><REACH who="3" step="1"/><G129/><AGARI ba="1,0" hai="4,8,12,65,66,89,92,98,128,129,131" m="74" machi="129" ten="30,1500,0" yaku="19,1" doraHai="52" who="0" fromWho="3" sc="308,18,250,0,250,0,192,-18" /><INIT seed="0,2,0,4,3,58" ten="326,250,250,174" oya="0" hai0="77,122,38,8,111,22,39,57,36,18,115,65,53" hai1="67,33,0,124,129,118,101,100,14,106,26,64,104" hai2="103,110,94,74,31,116,87,82,72,45,29,113,17" hai3="7,41,21,42,66,37,56,1,44,96,2,10,60"/><T52/><D122/><U47/><E118/><V23/><F110/><W27/><G42/><T119/><D115/><U133/><E124/><V126/><F113/><W49/><G96/><T90/><D119/><U48/><E129/><V85/><F116/><W117/><G117/><T61/><D111/><U109/><E109/><V12/><F126/><W108/><G108/><T54/><D77/><U16/><E0/><V15/><F15/><W4/><G4/><T71/><D90/><U34/><E133/><V20/><F45/><W46/><G46/><T68/><REACH who="0" step="1"/><D8/><REACH who="0" step="2"/><U107/><E101/><V95/><F103/><W11/><G11/><T123/><D123/><U127/><E100/><V92/><F72/><W73/><G73/><T84/><D84/><U59/><E127/><V13/><F74/><W25/><G37/><T79/><D79/><U76/><E76/><V5/><F87/><W83/><G83/><T43/><D43/><U120/><E120/><V132/><F85/><W130/><G130/><T9/><D9/><U28/><E106/><V134/><F82/><W88/><G88/><T80/><D80/><U24/><E104/><V69/><F132/><W51/><G1/><T62/><D62/><U32/><E107/><V35/><F134/><W40/><G21/><T50/><D50/><U131/><E33/><V121/><F35/><W91/><G91/><T97/><D97/><U6/><E32/><V89/><F121/><W75/><G75/><T19/><D19/><U30/><E34/><V105/><F89/><W3/><G3/><T70/><D70/><U125/><E125/><RYUUKYOKU ba="2,1" sc="316,15,250,-15,250,-15,174,15" hai0="18,22,36,38,39,52,53,54,57,61,65,68,71" hai3="2,7,10,25,27,40,41,44,49,51,56,60,66" /><INIT seed="0,3,1,1,4,103" ten="331,235,235,189" oya="0" hai0="25,99,37,41,53,23,30,96,21,106,61,102,58" hai1="121,63,0,16,2,10,94,36,18,49,26,86,120" hai2="13,116,67,27,79,126,108,55,64,128,24,4,39" hai3="34,32,46,87,127,14,69,113,90,135,22,60,35"/><T125/><D125/><U78/><E36/><V70/><F108/><W44/><G113/><T65/><D37/><U47/><E63/><V107/><F126/><W111/><G127/><T5/><D41/><U80/><E18/><V19/><F128/><W88/><G111/><T89/><D5/><U76/><E76/><V12/><F39/><W114/><G114/><T131/><D131/><U73/><E0/><V62/><F116/><W52/><G135/><T6/><D6/><U91/><E2/><V105/><F64/><W17/><G69/><T29/><D65/><U134/><E134/><V77/><F55/><W50/><G60/><T42/><D42/><U56/><E56/><V109/><F109/><W57/><REACH who="3" step="1"/><G90/><REACH who="3" step="2"/><T85/><D99/><U72/><E91/><V45/><F62/><W38/><G38/><T97/><D97/><U132/><E132/><V20/><F70/><W122/><G122/><T84/><REACH who="0" step="1"/><D89/><REACH who="0" step="2"/><U66/><E121/><V92/><F67/><W130/><G130/><T81/><D81/><AGARI ba="3,3" hai="14,17,22,32,34,35,44,46,50,52,57,81,87,88" machi="81" ten="40,8000,1" yaku="1,1,54,2,53,1" doraHai="103" doraHaiUra="8" who="3" fromWho="0" sc="321,-89,235,0,235,0,179,119" /><INIT seed="1,0,0,3,2,57" ten="232,235,235,298" oya="1" hai0="87,132,117,115,128,0,135,44,72,81,40,16,73" hai1="79,35,101,28,13,77,123,75,125,105,42,47,32" hai2="66,15,76,83,1,53,97,65,94,10,119,80,118" hai3="63,55,62,31,26,113,114,121,38,12,78,46,45"/><U49/><E123/><V92/><F1/><W88/><G121/><T133/><D0/><U131/><E131/><V7/><F53/><W4/><G114/><T36/><D117/><U52/><E125/><V84/><F83/><W67/><G113/><T104/><D115/><U25/><E35/><V126/><F126/><W82/><G38/><T20/><D104/><U99/><E75/><V107/><F107/><W96/><G67/><T109/><D109/><U59/><REACH who="1" step="1"/><E13/><REACH who="1" step="2"/><V98/><F118/><W68/><G12/><N who="0" m="9223" /><D128/><U86/><E86/><V103/><F119/><W58/><G96/><T95/><D95/><U24/><E24/><V17/><REACH who="2" step="1"/><F7/><REACH who="2" step="2"/><W70/><G4/><T74/><D74/><U116/><E116/><V69/><F69/><W19/><G70/><T41/><D40/><U71/><E71/><V22/><F22/><W18/><G68/><T85/><D87/><U51/><AGARI ba="0,2" hai="25,28,32,42,47,49,51,52,59,77,79,99,101,105" machi="51" ten="20,12000,1" yaku="1,1,0,1,7,1,54,1,53,1" doraHai="57" doraHaiUra="21" who="1" fromWho="1" sc="232,-40,225,140,225,-40,298,-40" /><INIT seed="1,1,0,1,1,20" ten="192,365,185,258" oya="1" hai0="7,53,47,77,56,44,54,39,106,120,119,101,118" hai1="135,11,133,84,93,80,33,87,4,41,24,111,45" hai2="57,83,75,128,116,109,117,121,81,110,19,3,63" hai3="69,85,50,32,10,112,102,28,21,6,105,34,78"/><U96/><E111/><N who="2" m="42507" /><F3/><W17/><G69/><T107/><D7/><U113/><E113/><V26/><F121/><W18/><G112/><T100/><D56/><U125/><E125/><V43/><F43/><W13/><G105/><T2/><D2/><U88/><E33/><V42/><F42/><W72/><G72/><T73/><D73/><U124/><E24/><V98/><F98/><W126/><G126/><T16/><D77/><U104/><E104/><V91/><F128/><W48/><G102/><T68/><D68/><U1/><E124/><V29/><F75/><W36/><G36/><T37/><REACH who="0" step="1"/><D16/><REACH who="0" step="2"/><U22/><E1/><V5/><F19/><W35/><G17/><T31/><D31/><U132/><E4/><V115/><F5/><W46/><G6/><T92/><D92/><U108/><E108/><V30/><F115/><W66/><G28/><T62/><D62/><U95/><E95/><V12/><F30/><W103/><G78/><T64/><D64/><U86/><E135/><V67/><F116/><W58/><G66/><T49/><D49/><U14/><E133/><V122/><F117/><W55/><G48/><T23/><D23/><U123/><E22/><V52/><F122/><AGARI ba="1,1" hai="37,39,44,47,53,54,100,101,106,107,118,119,120,122" machi="122" ten="25,3200,0" yaku="1,1,22,2,53,0" doraHai="20" doraHaiUra="25" who="0" fromWho="2" sc="182,45,365,0,185,-35,258,0" /><INIT seed="2,0,0,0,4,30" ten="227,365,150,258" oya="2" hai0="75,7,8,101,21,112,40,32,96,85,6,38,88" hai1="113,125,77,109,59,27,58,124,2,87,12,72,0" hai2="49,78,13,82,47,67,104,114,9,16,18,83,73" hai3="100,22,110,1,10,5,25,92,95,48,69,62,79"/><V68/><F104/><W55/><G110/><T120/><D120/><U115/><E109/><V4/><F114/><W106/><G106/><T127/><D112/><U66/><E12/><V99/><F99/><W94/><G79/><T117/><D32/><U65/><E77/><V14/><F83/><W63/><G69/><T134/><D75/><U86/><E72/><V80/><F80/><W17/><REACH who="3" step="1"/><G100/><REACH who="3" step="2"/><T90/><D101/><U42/><E115/><V128/><F128/><W26/><G26/><T133/><D133/><U119/><E27/><V91/><F68/><W23/><G23/><T19/><D21/><U129/><E113/><V20/><F20/><W97/><G97/><T74/><D134/><U135/><E135/><V46/><F91/><W126/><G126/><T64/><D88/><U11/><E125/><V132/><F132/><W3/><G3/><T131/><D90/><U29/><E124/><V121/><F121/><W107/><G107/><T39/><D127/><U37/><E129/><V84/><F73/><W70/><G70/><T28/><D131/><U102/><E102/><V130/><F130/><W57/><AGARI ba="0,1" hai="1,5,10,17,22,25,48,55,57,62,63,92,94,95" machi="57" ten="30,4000,0" yaku="1,1,0,1,53,1" doraHai="30" doraHaiUra="53" who="3" fromWho="3" sc="227,-10,365,-10,150,-20,248,50" /><INIT seed="3,0,0,1,2,7" ten="217,355,130,298" oya="3" hai0="56,19,27,78,53,80,100,28,41,35,134,74,98" hai1="83,124,81,129,77,62,130,52,109,24,32,103,92" hai2="25,128,46,102,76,21,99,15,45,37,85,63,95" hai3="125,89,30,54,72,58,69,104,55,16,14,26,12"/><W20/><G72/><T90/><D134/><U75/><E109/><V123/><F128/><N who="1" m="49257" /><E124/><V10/><F123/><W93/><G104/><T44/><D19/><U1/><E81/><V86/><F63/><N who="3" m="36311" /><G69/><T107/><D90/><U132/><E132/><V48/><F37/><W18/><G125/><T115/><D115/><U96/><E1/><V61/><F61/><W116/><G55/><T39/><D53/><U9/><E9/><V135/><F135/><W23/><G116/><T31/><D56/><N who="1" m="35079" /><E24/><V87/><F76/><W8/><G18/><T127/><D31/><U60/><E60/><V121/><F121/><W59/><G59/><T66/><D66/><U119/><E32/><V65/><F65/><W101/><G101/><T108/><REACH who="0" step="1"/><D127/><REACH who="0" step="2"/><U82/><E82/><V97/><F45/><W40/><G40/><T13/><D13/><U67/><E67/><V113/><F113/><W84/><G14/><T49/><D49/><U110/><E110/><AGARI ba="0,1" hai="27,28,35,39,41,44,74,78,80,98,100,107,108,110" machi="110" ten="40,8000,1" yaku="1,1,23,2,53,1" doraHai="7" doraHaiUra="105" who="0" fromWho="1" sc="207,90,355,-80,130,0,298,0" /><INIT seed="4,0,0,0,4,82" ten="297,275,130,298" oya="0" hai0="16,53,24,119,47,27,74,133,120,56,19,66,65" hai1="39,70,92,97,10,5,48,78,112,91,62,103,131" hai2="71,1,26,94,34,81,55,23,135,75,85,113,67" hai3="105,50,6,69,125,51,89,37,126,7,76,90,83"/><T41/><D74/><U99/><E39/><V25/><F1/><W22/><G105/><T61/><D120/><U118/><E118/><V122/><F122/><W102/><G102/><T54/><D119/><U110/><E110/><V124/><F124/><N who="3" m="47723" /><G69/><T68/><D133/><U60/><E112/><V45/><F135/><W93/><G37/><T128/><D128/><U79/><E131/><V108/><F108/><W106/><G106/><T132/><D132/><U0/><E48/><N who="3" m="18474" /><G22/><T38/><D66/><U80/><E70/><V42/><F113/><W73/><G90/><T2/><D2/><U114/><E114/><V63/><F75/><W52/><G52/><T33/><D54/><U40/><E40/><V43/><F55/><W13/><G13/><T134/><D134/><U84/><REACH who="1" step="1"/><E78/><REACH who="1" step="2"/><V18/><F42/><W129/><G129/><T30/><REACH who="0" step="1"/><D27/><REACH who="0" step="2"/><U64/><E64/><V9/><F26/><W15/><G15/><T44/><D44/><U21/><E21/><V4/><F25/><W3/><G3/><T111/><D111/><U123/><E123/><V101/><F23/><W77/><G77/><T58/><D58/><U72/><E72/><V109/><F67/><W116/><G116/><T31/><D31/><U49/><E49/><AGARI ba="0,2" hai="16,19,24,30,33,38,41,47,49,53,56,61,65,68" machi="49" ten="30,12000,1" yaku="1,1,7,1,24,2,54,1,53,0" doraHai="82" doraHaiUra="8" who="0" fromWho="1" sc="287,140,265,-120,130,0,298,0" /><INIT seed="4,1,0,5,2,66" ten="427,145,130,298" oya="0" hai0="0,131,102,23,31,29,104,47,100,65,3,67,124" hai1="134,28,30,6,12,17,113,21,122,78,82,55,130" hai2="126,32,133,62,119,27,63,64,75,91,85,127,25" hai3="87,89,96,35,53,4,59,84,57,105,13,94,107"/><T73/><D73/><U49/><E122/><V114/><F75/><W38/><G38/><T39/><D131/><U61/><E130/><V123/><F123/><W46/><G35/><T42/><D124/><U99/><E134/><V24/><F114/><W56/><G107/><T88/><D104/><U8/><E113/><V71/><F119/><W40/><G105/><T60/><D88/><U77/><E61/><V19/><F133/><W36/><G36/><T33/><D23/><U81/><E99/><V135/><F135/><W54/><G40/><T2/><D33/><U108/><E108/><V93/><F32/><W111/><G111/><T9/><D9/><U41/><E41/><V92/><F92/><W43/><G43/><T1/><D67/><U7/><E7/><V15/><REACH who="2" step="1"/><F63/><REACH who="2" step="2"/><N who="3" m="36239" /><G46/><T86/><D47/><N who="1" m="28095" /><E81/><V101/><F101/><W74/><G74/><T76/><D102/><U68/><E82/><V37/><F37/><W51/><G59/><T109/><D39/><U58/><E58/><V14/><F14/><W132/><G132/><T97/><D100/><U11/><E68/><V121/><F121/><W80/><G80/><T70/><D109/><U106/><E106/><V120/><F120/><W90/><G90/><T69/><D70/><U83/><E83/><V103/><F103/><W18/><G4/><T125/><D69/><U110/><E110/><V26/><N who="2" m="6144" /><DORA hai="95" /><V22/><AGARI ba="1,1" hai="15,19,22,62,64,71,85,91,93,126,127" m="6144" machi="22" ten="40,8000,1" yaku="1,1,4,1,0,1,52,1,53,0" doraHai="66,95" doraHaiUra="116,48" who="2" fromWho="2" sc="427,-41,145,-21,120,93,298,-21" /><INIT seed="5,0,0,4,5,59" ten="386,124,213,277" oya="1" hai0="49,83,57,26,68,114,19,111,0,15,91,130,135" hai1="72,45,25,75,52,21,28,41,124,12,39,35,71" hai2="125,110,62,70,123,8,108,50,33,99,115,105,117" hai3="22,101,74,116,129,88,60,48,85,14,106,10,40"/><U42/><E124/><V65/><F117/><W1/><G74/><T95/><D0/><U56/><E71/><V81/><F123/><W132/><G116/><T121/><D121/><U107/><E107/><V92/><F115/><W82/><G132/><T77/><D68/><U53/><E53/><V55/><F125/><W73/><G129/><T11/><D114/><U32/><E41/><V84/><F33/><W51/><G1/><T24/><D130/><U76/><E76/><V31/><F31/><W127/><G127/><T47/><D57/><U112/><E112/><V89/><F105/><W46/><G73/><T93/><D135/><U90/><E35/><V36/><F36/><W69/><G22/><T128/><D128/><U6/><E90/><V103/><REACH who="2" step="1"/><F8/><REACH who="2" step="2"/><W104/><G101/><T98/><D11/><U30/><E30/><V97/><F97/><W61/><G69/><T43/><D98/><U118/><E118/><V79/><F79/><W29/><G29/><T122/><D77/><U78/><E78/><V17/><F17/><W134/><G134/><T18/><D19/><N who="1" m="10471" /><E6/><V54/><F54/><W3/><G3/><T37/><D18/><U66/><E66/><V5/><F5/><W86/><G106/><T63/><D122/><U13/><E13/><V126/><F126/><W9/><G104/><T131/><D15/><U4/><E4/><V44/><AGARI ba="0,1" hai="44,50,55,62,65,70,81,84,89,92,99,103,108,110" machi="44" ten="20,5200,0" yaku="1,1,0,1,7,1,52,1,53,0" doraHai="59" doraHaiUra="119" who="2" fromWho="2" sc="386,-13,124,-26,203,62,277,-13" /><INIT seed="6,0,0,5,1,86" ten="373,98,265,264" oya="2" hai0="2,6,1,84,32,133,90,9,42,61,36,85,122" hai1="46,45,10,107,28,79,37,29,62,120,50,94,130" hai2="113,63,44,30,47,24,108,66,117,88,97,68,105" hai3="115,106,19,60,5,51,69,13,56,132,3,59,65"/><V131/><F131/><W54/><G106/><T35/><D122/><U12/><E107/><V128/><F117/><W20/><G132/><T112/><D133/><U124/><E130/><V134/><F128/><W83/><G3/><T27/><D112/><U48/><E124/><V126/><F134/><W91/><G5/><T109/><D109/><U99/><E120/><V101/><F126/><W21/><G115/><T23/><D1/><U92/><E37/><V11/><F108/><W34/><G34/><T8/><D8/><U57/><E79/><V73/><F113/><W121/><G121/><T81/><D61/><U49/><E92/><V14/><F73/><W123/><G123/><T41/><D85/><U78/><E78/><V135/><F135/><W75/><G75/><T87/><D87/><U33/><E33/><V116/><F116/><W102/><G102/><T103/><D103/><U22/><E22/><V31/><F31/><W70/><G21/><T71/><D71/><U26/><E26/><V74/><F74/><W110/><G110/><T77/><D90/><U40/><E40/><V76/><F88/><W95/><G83/><T4/><D41/><U93/><E46/><V55/><F76/><W38/><G38/><T39/><D42/><U119/><E119/><V127/><F127/><W0/><G0/><T125/><D125/><U15/><E45/><V7/><REACH who="2" step="1"/><F55/><REACH who="2" step="2"/><W52/><REACH who="3" step="1"/><G54/><REACH who="3" step="2"/><T111/><D111/><U118/><E118/><V98/><F98/><AGARI ba="0,2" hai="13,19,20,51,52,56,59,60,65,69,70,91,95,98" machi="98" ten="30,12000,2" yaku="1,1,2,1,7,1,52,1,54,1,53,2" doraHai="86" doraHaiUra="67" who="3" fromWho="2" sc="373,0,98,0,255,-120,254,140" /><INIT seed="7,0,0,4,3,62" ten="373,98,135,394" oya="3" hai0="130,49,10,4,86,135,127,109,18,78,125,82,11" hai1="39,126,76,80,71,25,14,64,115,73,33,119,56" hai2="0,65,114,133,2,72,9,90,103,59,50,37,67" hai3="40,112,75,31,132,79,88,32,55,94,57,106,89"/><W61/><G132/><T42/><D109/><U83/><E83/><V116/><F116/><W15/><G112/><T98/><D135/><U99/><E119/><V95/><F133/><W131/><G131/><T91/><D130/><U48/><E115/><V93/><F114/><W81/><G106/><T104/><D18/><U134/><E134/><V30/><F37/><W47/><G15/><T17/><D17/><U69/><E126/><V7/><F72/><W70/><G70/><T121/><D121/><U54/><E39/><V23/><F103/><W60/><G60/><T45/><D104/><U118/><E118/><V53/><F0/><W19/><G19/><T107/><D107/><U74/><E14/><V96/><F95/><W51/><REACH who="3" step="1"/><G94/><REACH who="3" step="2"/><N who="0" m="56671" /><D11/><U120/><E120/><V100/><F2/><W22/><G22/><T97/><D97/><U129/><E129/><V29/><F23/><W113/><G113/><T111/><D111/><U38/><E38/><V105/><F105/><W66/><G66/><T1/><D1/><U87/><E99/><V13/><F67/><W28/><G28/><T5/><D10/><U68/><REACH who="1" step="1"/><E64/><REACH who="1" step="2"/><V26/><F65/><W12/><G12/><T110/><D110/><U117/><E117/><V35/><F30/><AGARI ba="0,2" hai="25,30,33,48,54,56,68,69,71,73,74,76,80,87" machi="30" ten="40,1300,0" yaku="1,1,53,0" doraHai="62" doraHaiUra="85" who="1" fromWho="2" sc="373,0,88,33,135,-13,384,0" owari="373,17.0,121,-38.0,122,-28.0,384,49.0" /></mjloggm>