<mjloggm ver="2.3"><GO type="225" lobby="0"/><UN n0="%E9%9D%92%E5%B1%B1%E5%AD%A6%E9%99%A2%EF%BC%94%E5%B9%B4" n1="%E8%88%9E%E3%81%84%E9%99%8D%E3%82%8A%E3%81%9F%E8%BD%9F" n2="%68%69%67%68%31%35%31%35" n3="%EF%BC%88%E2%89%A7%E2%96%BD%E2%89%A6%EF%BC%89" dan="17,16,16,18" rate="2151.55,2041.62,2094.17,2177.81" sx="M,M,M,M"/><TAIKYOKU oya="0"/><INIT seed="0,0,0,1,3,11" ten="250,250,250,250" oya="0" hai0="46,134,47,103,17,70,107,98,80,131,6,90,59" hai1="64,51,114,5,100,133,124,10,14,96,49,32,106" hai2="26,52,128,99,24,123,66,101,126,111,55,27,68" hai3="129,95,25,89,23,116,3,62,118,50,112,88,132"/><T45/><D70/><U69/><E32/><V41/><F123/><W67/><G3/><T37/><D131/><U125/><E133/><V75/><F128/><W20/><G129/><T120/><D120/><U109/><E109/><V43/><F75/><W29/><G112/><T2/><D134/><U33/><E114/><V93/><F111/><W38/><G132/><T84/><D2/><U13/><E33/><V54/><REACH who="2" step="1"/><F126/><REACH who="2" ten="250,250,240,250" step="2"/><W34/><G118/><T91/><D37/><U15/><E125/><V7/><F7/><W16/><G38/><T113/><D6/><U74/><E124/><V87/><F87/><W60/><G116/><T48/><D113/><U94/><E74/><V72/><F72/><W0/><G0/><T61/><D17/><U73/><E73/><V82/><F82/><W30/><G16/><T8/><D8/><U104/><E5/><V86/><F86/><W22/><G30/><T115/><D115/><U65/><E10/><V135/><F135/><W92/><G29/><T44/><D84/><U78/><E78/><V127/><F127/><W56/><G25/><T97/><D80/><U121/><E121/><V39/><F39/><W1/><G1/><T21/><D98/><U42/><E96/><V57/><F57/><W31/><G56/><T53/><REACH who="0" step="1"/><D21/><REACH who="0" ten="240,250,240,250" step="2"/><U18/><E18/><V105/><F105/><W108/><G22/><T36/><D36/><U83/><E104/><V9/><F9/><W4/><G23/><T58/><D58/><U63/><E106/><V79/><F79/><W12/><G20/><T81/><D81/><U40/><E83/><RYUUKYOKU ba="0,2" sc="240,15,250,-15,240,15,250,-15" hai0="44,45,46,47,48,53,59,61,90,91,97,103,107" hai2="24,26,27,41,43,52,54,55,66,68,93,99,101" /><INIT seed="0,1,2,5,1,12" ten="255,235,255,235" oya="0" hai0="125,49,85,132,83,82,90,36,120,89,131,29,110" hai1="21,63,93,65,50,5,13,103,111,123,55,42,41" hai2="30,20,115,15,70,0,133,67,81,62,10,87,121" hai3="68,124,6,43,61,18,88,79,28,58,92,27,129"/><T57/><D120/><U8/><E111/><V96/><F121/><W104/><G104/><T52/><D36/><U19/><E123/><V105/><F115/><W106/><G106/><T64/><D110/><U69/><E103/><V22/><F133/><W112/><G112/><T76/><D132/><U16/><E93/><V122/><F122/><W114/><G114/><T108/><D108/><U86/><E86/><V80/><F0/><W71/><G6/><T102/><D102/><U130/><E130/><V37/><F37/><W60/><G79/><T54/><D131/><U99/><E99/><V135/><F135/><W32/><G129/><T66/><D125/><U127/><E127/><V34/><F80/><W26/><G43/><T45/><D29/><U31/><E31/><V48/><F48/><W7/><G7/><T101/><D101/><U3/><REACH who="1" step="1"/><E19/><REACH who="1" ten="255,225,255,235" step="2"/><V59/><F87/><W78/><G124/><T77/><D77/><U14/><E14/><V25/><F15/><W97/><G78/><T113/><D113/><U39/><E39/><V95/><F96/><W17/><G17/><T118/><D118/><U116/><E116/><V56/><F105/><W24/><G18/><T11/><D89/><U134/><E134/><V44/><F95/><W84/><G97/><T74/><REACH who="0" step="1"/><D11/><REACH who="0" ten="245,225,255,235" step="2"/><U72/><E72/><V126/><F10/><W117/><G28/><T46/><D46/><AGARI ba="1,4" hai="3,5,8,13,16,21,41,42,46,50,55,63,65,69" machi="46" ten="30,8000,1" yaku="1,1,7,1,52,1,54,1,53,1" doraHai="12" doraHaiUra="51" who="1" fromWho="0" sc="245,-83,225,123,255,0,235,0" /><INIT seed="1,0,0,0,0,47" ten="162,348,255,235" oya="1" hai0="20,11,102,52,134,63,68,78,25,36,10,64,57" hai1="23,110,114,40,31,88,92,22,18,28,109,2,58" hai2="97,132,38,131,106,5,125,13,32,124,60,80,0" hai3="17,83,26,4,112,71,69,93,51,66,65,85,41"/><U72/><E72/><V49/><F38/><W91/><G112/><T89/><D134/><U115/><E2/><V42/><F32/><W61/><G4/><T82/><D102/><U45/><E58/><V128/><F0/><W79/><G71/><T46/><D89/><U53/><E53/><V99/><F60/><W108/><G108/><N who="1" m="41578" /><E22/><V96/><F106/><W8/><G66/><T120/><D120/><U133/><E133/><V100/><F100/><W113/><G113/><T116/><D116/><U74/><E74/><V94/><F94/><W90/><G93/><T122/><D122/><U121/><E121/><V44/><F132/><W123/><G123/><T101/><D101/><U48/><E28/><V129/><REACH who="2" step="1"/><F80/><REACH who="2" ten="162,348,245,235" step="2"/><W67/><G83/><T81/><D81/><U21/><E115/><V16/><F16/><W118/><G17/><T37/><D68/><U30/><E114/><V62/><F62/><W7/><G61/><T27/><D37/><U135/><E135/><V54/><F54/><W84/><G69/><T34/><D34/><U104/><E104/><V130/><N who="2" m="32768" /><DORA hai="29" /><V59/><F59/><W77/><G118/><T103/><D103/><U24/><E21/><V35/><F35/><W6/><G67/><T107/><D107/><U55/><E55/><V86/><F86/><AGARI ba="0,1" hai="18,23,24,30,31,40,45,48,86,88,92" m="41578" machi="86" ten="30,11600,0" yaku="14,1,10,1,52,1,54,1" doraHai="47,29" who="1" fromWho="2" sc="162,0,348,126,245,-116,235,0" /><INIT seed="1,1,0,2,5,44" ten="162,474,129,235" oya="1" hai0="114,88,109,1,19,118,16,32,43,40,102,57,54" hai1="52,33,135,35,48,37,77,6,30,98,120,13,134" hai2="111,129,68,128,42,59,100,8,113,117,22,20,81" hai3="73,99,101,27,11,131,45,66,107,123,67,83,80"/><U82/><E37/><V65/><F117/><W112/><G123/><T24/><D114/><U46/><E120/><V104/><F113/><W7/><G112/><T15/><D118/><U69/><E69/><V78/><F68/><W105/><G105/><T108/><D1/><U53/><E98/><N who="2" m="61463" /><F111/><N who="0" m="42570" /><D102/><U23/><E53/><V132/><F132/><N who="1" m="50729" /><E6/><V29/><F29/><W70/><G70/><T10/><D32/><U119/><E119/><V72/><F42/><W93/><G73/><T103/><D103/><U133/><E133/><V89/><F8/><W34/><G107/><T36/><D36/><U55/><E55/><V85/><F65/><W127/><G67/><T26/><D43/><U95/><E95/><N who="2" m="54703" /><F59/><W31/><G66/><T122/><D40/><U9/><E9/><V14/><F14/><W126/><G11/><T121/><D26/><N who="1" m="16735" /><E13/><V130/><AGARI ba="1,0" hai="20,22,72,78,81,128,129,130" m="54703,61463" machi="130" ten="30,2000,0" yaku="24,1,19,1" doraHai="44" who="2" fromWho="2" sc="162,-6,474,-11,129,23,235,-6" /><INIT seed="2,0,0,3,1,1" ten="156,463,152,229" oya="2" hai0="98,14,27,132,78,65,102,8,108,86,26,116,131" hai1="35,121,117,120,94,58,5,2,79,84,15,51,122" hai2="87,19,119,127,105,76,59,30,89,31,81,113,134" hai3="99,61,24,38,43,42,60,111,17,46,96,6,50"/><V3/><F113/><W48/><G111/><T49/><D108/><U109/><E109/><V68/><F119/><W72/><G72/><T104/><D116/><U100/><E117/><V44/><F68/><W129/><G129/><T11/><D131/><U71/><E35/><V135/><F105/><W106/><G106/><T95/><D132/><N who="2" m="50730" /><F127/><W83/><G83/><N who="0" m="47479" /><D104/><U82/><E71/><V52/><F3/><W18/><G46/><T66/><D11/><N who="1" m="4591" /><E2/><V118/><F118/><W55/><G55/><T33/><D49/><U103/><E94/><N who="2" m="54591" /><F44/><W23/><G38/><T130/><D33/><U0/><E0/><V21/><F21/><W54/><G23/><T47/><D47/><U70/><E70/><V77/><F19/><W29/><G18/><N who="0" m="8519" /><D130/><U85/><E51/><N who="2" m="31135" /><F77/><W73/><G17/><T36/><D36/><U9/><E79/><V128/><F128/><W12/><G29/><T80/><D80/><U25/><E82/><V101/><F101/><W53/><G43/><T37/><D37/><U110/><E103/><V97/><F97/><W112/><G42/><T4/><D4/><U57/><E100/><V74/><AGARI ba="0,0" hai="30,31,74,76,81" m="31135,54591,50730" machi="74" ten="30,3000,0" yaku="20,1,54,1" doraHai="1" who="2" fromWho="2" sc="156,-10,463,-10,152,30,229,-10" /><INIT seed="2,1,0,5,3,50" ten="146,453,182,219" oya="2" hai0="80,95,107,123,104,94,101,87,132,5,102,11,55" hai1="44,114,64,130,115,96,126,88,92,62,26,29,32" hai2="79,10,7,1,30,22,40,83,113,66,84,52,112" hai3="72,56,134,90,75,8,67,20,60,46,109,129,27"/><V81/><F40/><W119/><G119/><T34/><D34/><U77/><E77/><V43/><F43/><W48/><G134/><T76/><D123/><U9/><E130/><V125/><F125/><W49/><G129/><T100/><D132/><U97/><E126/><V59/><F66/><W110/><G8/><T74/><D11/><U6/><E44/><V51/><REACH who="2" step="1"/><F83/><REACH who="2" ten="146,453,172,219" step="2"/><W120/><G120/><T3/><D55/><U124/><E124/><V25/><AGARI ba="1,1" hai="1,7,10,22,25,30,51,52,59,79,81,84,112,113" machi="25" ten="30,12000,1" yaku="1,1,2,1,0,1,52,1,54,1,53,0" doraHai="50" doraHaiUra="63" who="2" fromWho="2" sc="146,-41,453,-41,172,133,219,-41" /><INIT seed="2,2,0,5,2,58" ten="105,412,305,178" oya="2" hai0="69,72,86,2,36,120,1,47,122,14,121,93,12" hai1="111,75,77,48,126,112,10,103,76,74,9,91,125" hai2="27,62,119,32,21,66,26,135,99,83,84,22,25" hai3="7,118,50,90,132,100,95,16,108,63,81,127,54"/><V115/><F115/><W106/><G118/><T128/><D72/><N who="1" m="27691" /><E112/><V114/><F114/><W4/><G132/><T49/><D36/><U79/><E103/><V116/><F135/><W71/><G127/><N who="1" m="48650" /><E111/><V117/><F32/><W52/><G108/><T65/><D128/><U44/><E91/><V40/><F40/><AGARI ba="2,0" hai="9,10,40,44,48,76,77,79" m="48650,27691" machi="40" ten="40,1300,0" yaku="18,1" doraHai="58" who="1" fromWho="2" sc="105,0,412,19,305,-19,178,0" /><INIT seed="3,0,0,5,1,111" ten="105,431,286,178" oya="3" hai0="18,101,1,49,124,67,50,13,78,5,75,73,117" hai1="80,58,42,89,108,22,127,132,41,55,59,88,68" hai2="32,28,21,110,45,6,90,30,19,79,26,81,38" hai3="63,0,92,85,10,17,118,43,52,61,133,104,46"/><W120/><G104/><T98/><D117/><U135/><E68/><V116/><F116/><W87/><G120/><T12/><D1/><U109/><E22/><V102/><F110/><N who="1" m="42601" /><E127/><V48/><F38/><W70/><G118/><T62/><D124/><U51/><E59/><V134/><F134/><W113/><G0/><T31/><D31/><U37/><E37/><V11/><F102/><W96/><G70/><T103/><D5/><U23/><E23/><V107/><F107/><W72/><G72/><T27/><D27/><U105/><E105/><V15/><F90/><N who="1" m="34921" /><E80/><V129/><F129/><W119/><G119/><T65/><D62/><U3/><E3/><V82/><F32/><W131/><G131/><T44/><D78/><U71/><E71/><V100/><F100/><W128/><G128/><T53/><D98/><U33/><E33/><V121/><F121/><W114/><G63/><T74/><D44/><N who="1" m="26007" /><E41/><V64/><F64/><W47/><G43/><T4/><D74/><U35/><E35/><V8/><F8/><W56/><G61/><AGARI ba="0,0" hai="55,58,61,132,135" m="26007,34921,42601" machi="61" ten="30,2000,0" yaku="14,1,54,1" doraHai="111" who="1" fromWho="3" sc="105,0,431,20,286,0,178,-20" owari="105,-39.0,451,54.0,286,9.0,158,-24.0" /></mjloggm>