<mjloggm ver="2.3"><GO type="169" lobby="0"/><UN n0="%48%65%72%6D%61%6E%6E" n1="%EF%BC%A6%EF%BC%B8%E9%9B%80%E5%A3%AB" n2="%EF%BC%88%E2%89%A7%E2%96%BD%E2%89%A6%EF%BC%89" n3="%E3%83%88%E3%82%B7%E3%83%95%E3%83%BC%E3%83%8B" dan="16,17,17,16" rate="2053.63,2178.22,2123.54,2059.21" sx="M,M,M,M"/><TAIKYOKU oya="0"/><INIT seed="0,0,0,3,0,54" ten="250,250,250,250" oya="0" hai0="38,93,85,40,82,110,23,22,60,86,70,67,57" hai1="106,14,113,111,62,64,50,78,73,91,55,34,42" hai2="122,17,76,9,132,126,10,65,0,35,109,116,128" hai3="7,21,118,134,135,53,103,125,123,26,127,43,24"/><T130/><D130/><U90/><E113/><V48/><F65/><W107/><G118/><T88/><D110/><U75/><E111/><V98/><F76/><W105/><G123/><T46/><REACH who="0" step="1"/><D70/><REACH who="0" ten="240,250,250,250" step="2"/><U120/><E120/><V69/><F109/><W18/><G127/><T79/><AGARI ba="0,1" hai="22,23,38,40,46,57,60,67,79,82,85,86,88,93" machi="79" ten="20,18000,2" yaku="1,1,2,1,0,1,7,1,52,1,54,1,53,0" doraHai="54" doraHaiUra="6" who="0" fromWho="0" sc="240,190,250,-60,250,-60,250,-60" /><INIT seed="0,1,0,3,5,65" ten="430,190,190,190" oya="0" hai0="107,5,57,91,131,127,16,0,49,59,132,74,134" hai1="80,100,75,113,8,121,52,56,45,97,111,117,13" hai2="102,34,82,30,106,31,98,125,26,22,18,85,3" hai3="17,9,27,92,54,114,104,101,24,115,67,40,135"/><T15/><D74/><U90/><E117/><V33/><F125/><W69/><G104/><T123/><D123/><U68/><E121/><V38/><F38/><W51/><G40/><T73/><D73/><U46/><E113/><V110/><F110/><W116/><G116/><T12/><D107/><U122/><E122/><V126/><F3/><W64/><G135/><N who="0" m="51755" /><D0/><U129/><E111/><V72/><F72/><W118/><G118/><T48/><D127/><U25/><E129/><V86/><F126/><W2/><G2/><T103/><D103/><U79/><E25/><N who="3" m="9802" /><G69/><T95/><D5/><U10/><E68/><V83/><F31/><W112/><G112/><T11/><D12/><U43/><E90/><V60/><F60/><W76/><G76/><T61/><D131/><U88/><E88/><V109/><F109/><W23/><G9/><T42/><D42/><U35/><E35/><V89/><REACH who="2" step="1"/><F30/><REACH who="2" ten="430,190,180,190" step="2"/><W55/><G115/><T63/><D61/><U130/><E130/><V53/><F53/><W14/><G114/><T77/><D63/><U71/><E43/><V81/><F81/><W128/><G128/><T7/><D49/><U94/><E52/><N who="3" m="20010" /><G51/><T84/><D48/><U28/><E28/><V50/><F50/><W29/><G29/><T62/><D62/><U19/><E71/><V47/><F47/><N who="1" m="17929" /><E56/><V96/><F96/><AGARI ba="1,1" hai="14,17,23,64,67,92,96,101" m="20010,9802" machi="96" ten="30,2000,0" yaku="8,1,54,1" doraHai="65" who="3" fromWho="2" sc="430,0,190,0,180,-23,190,33" /><INIT seed="1,0,0,5,1,123" ten="430,190,157,223" oya="1" hai0="7,70,11,30,38,54,40,134,75,98,52,89,105" hai1="2,114,42,33,110,111,107,117,135,90,115,129,59" hai2="95,82,20,36,85,101,32,121,37,94,57,17,28" hai3="27,128,12,47,66,0,67,74,64,61,45,22,51"/><U44/><E2/><V60/><F121/><W23/><G0/><T26/><D70/><U3/><E3/><V78/><F32/><W118/><G74/><T104/><D75/><U24/><E107/><V109/><F109/><N who="1" m="41481" /><E117/><V131/><F131/><W122/><G128/><T119/><D119/><U62/><E129/><V93/><F101/><W63/><G118/><T133/><D105/><U79/><E135/><V56/><F28/><N who="3" m="17527" /><G122/><T113/><D104/><U65/><E79/><V83/><F83/><W13/><G47/><T4/><D113/><U92/><E24/><V16/><F17/><N who="3" m="10663" /><G13/><T102/><D26/><U73/><E73/><V18/><F18/><W29/><G29/><T76/><D133/><U5/><E5/><V97/><F97/><W15/><G15/><T112/><D4/><U116/><E33/><V87/><F87/><W8/><G8/><T132/><D7/><U49/><E116/><V39/><REACH who="2" step="1"/><F60/><REACH who="2" ten="430,190,147,223" step="2"/><W77/><G77/><T31/><D76/><U58/><E58/><V127/><F127/><W91/><G91/><T130/><D132/><U25/><E25/><AGARI ba="0,1" hai="16,20,25,36,37,39,56,57,78,82,85,93,94,95" machi="25" ten="50,3200,0" yaku="1,1,54,1,53,0" doraHai="123" doraHaiUra="35" who="2" fromWho="1" sc="430,0,190,-32,147,42,223,0" /><INIT seed="2,0,0,5,4,128" ten="430,158,189,223" oya="2" hai0="81,108,73,99,105,3,68,72,59,117,91,60,110" hai1="44,124,123,38,129,9,78,95,85,116,45,27,130" hai2="74,48,11,29,20,93,49,47,39,8,30,1,40" hai3="54,33,83,43,53,133,106,55,94,119,97,42,101"/><V96/><F74/><W67/><G119/><T121/><D117/><U18/><E116/><V92/><F1/><W15/><G33/><T52/><D121/><U5/><E123/><V62/><F39/><W77/><G67/><T6/><D68/><U63/><E124/><V135/><F135/><W86/><G15/><T41/><D41/><U125/><E125/><V19/><F62/><W57/><G57/><T36/><D36/><U23/><E63/><V58/><F58/><W16/><G16/><T90/><D105/><U32/><E32/><V100/><F49/><W2/><G2/><T22/><D22/><U13/><E38/><V79/><F79/><W88/><REACH who="3" step="1"/><G133/><REACH who="3" ten="430,158,189,213" step="2"/><T21/><D3/><U80/><E129/><V120/><F120/><W14/><G14/><T12/><D6/><U71/><E130/><V70/><F70/><W66/><G66/><T34/><D12/><U102/><E71/><V46/><F11/><W111/><G111/><T31/><D21/><U65/><E65/><V87/><F8/><W103/><G103/><T75/><D31/><U84/><E102/><V35/><F35/><W17/><G17/><T132/><D132/><U114/><E5/><V4/><F4/><W98/><AGARI ba="0,1" hai="42,43,53,54,55,77,83,86,88,94,97,98,101,106" machi="98" ten="30,4000,0" yaku="1,1,0,1,54,1,53,0" doraHai="128" doraHaiUra="109" who="3" fromWho="3" sc="430,-10,158,-10,189,-20,213,50" /><INIT seed="3,0,0,4,1,98" ten="420,148,169,263" oya="3" hai0="19,6,129,127,102,124,73,28,22,76,79,101,61" hai1="95,18,43,46,120,78,25,131,16,135,86,50,66" hai2="62,122,63,116,1,91,55,39,9,68,44,118,114" hai3="34,58,128,112,21,70,59,49,57,113,64,93,74"/><W40/><G34/><T99/><D129/><U15/><E131/><V69/><F114/><W82/><G113/><T85/><D73/><U2/><E2/><V65/><F1/><W51/><G128/><T41/><D28/><U54/><E120/><V77/><F9/><W87/><G112/><T80/><D79/><U10/><E135/><V4/><F4/><W106/><G106/><T5/><D41/><U24/><E66/><N who="2" m="41047" /><F91/><W115/><G115/><T56/><D5/><U92/><E54/><V130/><F77/><W36/><G74/><T33/><D6/><U125/><E125/><N who="0" m="48201" /><D99/><U31/><E18/><V11/><F11/><W84/><G36/><T75/><D33/><U8/><E10/><V13/><F130/><W121/><G121/><T60/><D75/><U132/><E132/><V96/><F96/><W71/><G71/><T14/><D60/><U20/><REACH who="1" step="1"/><E24/><REACH who="1" ten="420,138,169,263" step="2"/><V3/><F3/><W52/><G52/><AGARI ba="0,1" hai="14,19,22,52,56,61,76,80,85,101,102" m="48201" machi="52" ten="30,7700,0" yaku="18,1,52,2,54,1" doraHai="98" who="0" fromWho="3" sc="420,87,138,0,169,0,263,-77" /><INIT seed="4,0,0,3,2,94" ten="507,138,169,186" oya="0" hai0="99,37,55,22,11,124,48,1,131,71,38,80,43" hai1="115,102,114,76,60,78,36,93,92,13,85,98,100" hai2="106,5,112,83,90,116,122,18,52,23,84,39,73" hai3="81,133,25,66,86,130,89,113,125,104,4,51,101"/><T27/><D71/><U109/><E36/><V108/><F39/><W77/><G113/><N who="1" m="43018" /><E109/><V132/><F122/><W35/><G133/><T21/><D43/><U82/><E13/><V129/><F108/><W75/><G130/><T110/><D110/><U34/><E60/><V3/><F129/><W42/><G125/><T56/><D131/><U103/><E34/><V121/><F121/><W96/><G4/><T88/><D22/><U58/><E58/><V87/><F112/><W72/><G66/><T47/><D124/><U127/><E127/><V54/><F132/><W95/><G72/><T7/><D47/><U61/><E61/><V19/><F73/><W10/><G10/><T41/><D41/><U20/><E20/><V117/><F5/><W53/><G42/><T74/><D74/><U63/><E63/><V26/><F106/><W118/><G118/><N who="2" m="45673" /><F3/><W17/><G35/><T49/><D49/><U9/><E9/><V97/><F84/><W105/><G105/><T64/><D64/><U135/><E135/><V134/><F134/><W16/><G25/><T57/><D38/><U120/><E120/><V15/><F97/><W8/><G8/><AGARI ba="0,0" hai="8,15,18,19,23,26,52,54,83,87,90" m="45673" machi="8" ten="30,2000,0" yaku="12,1,54,1" doraHai="94" who="2" fromWho="3" sc="507,0,138,0,169,20,186,-20" /><INIT seed="5,0,0,5,3,115" ten="507,138,189,166" oya="1" hai0="105,20,60,82,84,129,86,54,58,19,95,116,27" hai1="18,4,37,0,132,78,88,106,34,28,32,52,123" hai2="118,23,57,16,111,5,35,104,90,117,44,94,133" hai3="110,96,79,135,29,50,12,30,48,127,22,74,87"/><U92/><E106/><V41/><F104/><W130/><G74/><T119/><D105/><U43/><E123/><V61/><F35/><W56/><G110/><T100/><D129/><U85/><E132/><V72/><F5/><W40/><G130/><T98/><D84/><U6/><E78/><AGARI ba="0,0" hai="19,20,27,54,58,60,78,82,86,95,98,100,116,119" machi="78" ten="30,3900,0" yaku="7,1,52,2" doraHai="115" who="0" fromWho="1" sc="507,39,138,-39,189,0,166,0" /><INIT seed="6,0,0,3,0,123" ten="546,99,189,166" oya="2" hai0="22,42,23,111,134,64,84,117,5,116,13,92,66" hai1="85,39,20,8,0,87,125,121,14,103,30,26,77" hai2="73,12,119,108,131,18,106,81,25,54,101,135,71" hai3="4,132,49,79,29,53,28,122,105,16,17,15,118"/><V113/><F71/><W31/><G105/><T44/><D111/><U9/><E39/><V114/><F108/><W110/><G110/><T94/><D134/><U1/><E121/><V86/><F73/><W32/><G122/><T90/><D92/><U130/><E130/><V69/><F69/><W19/><G118/><N who="0" m="45675" /><D5/><U99/><E125/><V98/><F135/><W52/><G132/><T82/><D82/><U104/><E9/><V61/><F25/><W7/><G32/><T124/><D124/><U72/><E72/><V127/><F127/><W36/><G36/><N who="0" m="21575" /><D13/><U83/><REACH who="1" step="1"/><E87/><REACH who="1" ten="546,89,189,166" step="2"/><V74/><F74/><W38/><G38/><T129/><D129/><U58/><E58/><V115/><F131/><W65/><G15/><T21/><AGARI ba="0,1" hai="21,22,23,64,66,84,90,94" m="21575,45675" machi="21" ten="30,1100,0" yaku="12,1" doraHai="123" who="0" fromWho="0" sc="546,21,89,-3,189,-5,166,-3" /><INIT seed="7,0,0,2,4,94" ten="567,86,184,163" oya="3" hai0="6,3,5,90,83,38,126,26,101,23,128,106,18" hai1="55,129,53,39,125,61,132,124,82,57,24,51,116" hai2="12,85,117,93,49,111,92,64,67,77,81,15,127" hai3="66,75,14,19,135,41,4,25,62,33,109,36,8"/><W97/><G75/><T27/><D38/><U91/><E82/><V118/><F111/><W0/><G109/><T115/><D115/><U50/><E91/><V60/><F127/><N who="1" m="48713" /><E24/><V35/><F35/><W113/><G113/><T7/><D126/><U88/><E88/><V76/><F49/><N who="1" m="18441" /><E39/><V42/><F81/><W103/><G36/><T105/><D128/><U86/><E86/><V108/><F85/><W78/><G78/><T79/><D90/><U31/><E31/><V122/><F92/><W54/><G25/><T34/><D3/><U110/><E110/><V107/><F93/><W59/><G33/><T58/><D58/><U89/><E89/><V123/><F77/><W133/><G19/><T130/><D130/><U72/><E72/><V70/><F76/><W30/><G30/><T112/><D112/><U47/><E129/><V29/><F29/><W13/><G13/><T16/><D101/><U120/><E120/><V80/><F122/><W63/><G14/><T134/><D134/><U68/><E132/><V114/><F12/><W37/><G135/><T10/><D10/><U95/><E95/><V73/><F15/><W121/><G133/><T99/><D34/><U17/><E17/><V46/><F123/><W11/><G11/><T119/><D119/><U56/><E68/><V21/><F73/><W131/><G131/><T102/><D106/><U22/><E22/><V69/><F108/><W2/><G121/><T28/><D27/><U1/><E1/><V44/><F114/><W98/><G0/><T96/><D26/><U9/><E9/><V84/><F107/><RYUUKYOKU ba="0,0" sc="567,0,86,0,184,0,163,0" owari="567,67.0,86,-41.0,184,-2.0,163,-24.0" /></mjloggm>