<mjloggm ver="2.3"><GO type="169" lobby="0"/><UN n0="%68%61%67%69%31%30%32%39" n1="%E5%90%A0%E3%81%88%E3%82%8B%E5%BD%A1%E2%98%86" n2="%EF%BC%88%E2%89%A7%E2%96%BD%E2%89%A6%EF%BC%89" n3="%6E%61%69%74%61" dan="16,16,19,17" rate="2044.76,2128.13,2270.13,2199.74" sx="M,M,M,M"/><TAIKYOKU oya="0"/><INIT seed="0,0,0,5,4,29" ten="250,250,250,250" oya="0" hai0="64,96,120,4,86,21,34,118,55,73,53,77,112" hai1="44,60,70,51,1,9,74,132,36,16,88,48,57" hai2="47,108,41,76,30,107,68,0,59,13,94,133,105" hai3="111,82,62,130,126,123,61,131,31,121,119,32,134"/><T27/><D112/><U15/><E74/><V75/><F133/><W40/><G119/><T49/><D118/><U95/><E132/><V67/><F59/><W127/><G134/><T69/><D120/><N who="3" m="46153" /><G40/><T125/><D73/><U101/><E70/><V97/><F13/><W24/><G82/><T115/><D4/><U128/><E128/><N who="3" m="49194" /><G111/><T11/><D11/><U8/><E101/><V116/><F108/><W5/><G5/><T114/><D77/><U10/><E1/><V110/><F0/><W91/><G91/><T45/><D115/><U78/><E78/><V90/><F76/><W66/><G62/><T2/><D2/><U23/><E36/><V6/><F90/><W106/><G106/><T80/><D80/><U46/><E46/><V124/><F107/><W100/><G100/><T22/><D114/><U129/><E44/><V33/><F105/><W18/><G18/><T20/><D45/><U52/><E129/><V28/><F6/><W92/><G92/><T58/><D49/><U25/><E15/><V35/><F94/><W17/><G17/><T103/><D103/><U56/><E56/><AGARI ba="0,0" hai="24,31,32,56,61,66,126,127" m="49194,46153" machi="56" ten="30,3900,0" yaku="13,1,19,1,52,1" doraHai="29" who="3" fromWho="1" sc="250,0,250,-39,250,0,250,39" /><INIT seed="1,0,0,3,1,99" ten="250,211,250,289" oya="1" hai0="59,46,58,27,120,95,32,63,117,24,87,13,43" hai1="83,47,12,50,16,133,31,60,100,97,21,54,8" hai2="88,35,112,116,10,125,33,25,108,135,30,3,48" hai3="104,122,23,81,96,39,134,0,94,9,62,70,61"/><U93/><E133/><V80/><F116/><W86/><G122/><T14/><D117/><U105/><E105/><V56/><F135/><W20/><G134/><T36/><D59/><U71/><E83/><V101/><F35/><W41/><G104/><T64/><D120/><U124/><E124/><V44/><F125/><W131/><G131/><T115/><D115/><U53/><E71/><V84/><F112/><W110/><G110/><T17/><D32/><U75/><E75/><V73/><F73/><W109/><G109/><T121/><D121/><U5/><E31/><V128/><F128/><W123/><G123/><T89/><REACH who="0" step="1"/><D13/><REACH who="0" ten="240,211,250,289" step="2"/><N who="1" m="5263" /><E60/><V65/><F108/><W68/><G62/><T82/><D82/><U37/><E37/><V77/><F80/><W69/><G61/><T4/><D4/><U102/><E54/><V103/><F33/><W66/><G39/><T114/><D114/><U127/><E127/><V74/><F56/><W15/><G0/><T51/><D51/><U98/><E98/><V7/><F48/><W34/><G34/><T91/><D91/><AGARI ba="0,1" hai="12,16,21,47,50,53,91,93,97,100,102" m="5263" machi="91" ten="30,11600,0" yaku="8,1,52,2,54,1" doraHai="99" who="1" fromWho="0" sc="240,-116,211,126,250,0,289,0" /><INIT seed="1,1,0,3,1,124" ten="124,337,250,289" oya="1" hai0="46,48,32,113,1,97,114,35,14,11,3,92,0" hai1="128,34,21,80,77,63,103,81,51,6,110,31,60" hai2="26,20,120,82,87,130,86,85,68,49,9,104,79" hai3="18,65,107,101,83,134,90,56,112,84,111,108,102"/><U22/><E34/><V123/><F104/><W71/><G71/><T43/><D32/><U19/><E6/><V16/><F68/><W33/><G33/><T62/><D35/><U133/><E133/><V52/><F130/><W67/><G112/><T122/><D62/><N who="1" m="23595" /><E128/><V37/><F37/><W27/><G134/><T93/><D122/><U74/><E74/><V12/><F123/><W72/><G72/><T13/><D97/><U78/><E110/><N who="3" m="42026" /><G56/><T100/><D100/><N who="3" m="38505" /><G107/><T95/><REACH who="0" step="1"/><D11/><REACH who="0" ten="114,337,250,289" step="2"/><U8/><E103/><V42/><F120/><W38/><G38/><T41/><D41/><U23/><E8/><V36/><F42/><W24/><G24/><T58/><D58/><U17/><E31/><N who="2" m="17863" /><F36/><W76/><G27/><T54/><D54/><U116/><E116/><V126/><F126/><W39/><G39/><T57/><D57/><AGARI ba="1,1" hai="9,12,16,49,52,57,79,82,85,86,87" m="17863" machi="57" ten="30,3900,0" yaku="8,1,54,2" doraHai="124" who="2" fromWho="0" sc="114,-42,337,0,250,52,289,0" /><INIT seed="2,0,0,5,0,65" ten="72,337,302,289" oya="2" hai0="97,68,3,78,0,82,54,17,20,123,100,131,76" hai1="19,74,2,56,105,119,117,121,55,81,132,9,106" hai2="18,115,86,11,124,50,33,31,40,92,21,29,135" hai3="125,35,53,22,120,61,71,60,83,4,112,28,25"/><V114/><F135/><W101/><G120/><T10/><D123/><U37/><E121/><V6/><F124/><W15/><G125/><T44/><D131/><U90/><E37/><V88/><F33/><W69/><G112/><T118/><D118/><U96/><E132/><V133/><F133/><W72/><G101/><T111/><D111/><U42/><E42/><V108/><F108/><W99/><G99/><T98/><D10/><U59/><E59/><V24/><F115/><W91/><G72/><T84/><D78/><U122/><E122/><V30/><F114/><W16/><G4/><T47/><D98/><U58/><E58/><V41/><REACH who="2" step="1"/><F50/><REACH who="2" ten="72,337,292,289" step="2"/><W128/><G128/><T32/><D32/><U66/><E117/><V126/><F126/><W34/><G34/><T73/><D73/><U79/><E119/><V87/><F87/><W64/><G53/><T62/><D84/><U49/><E55/><V93/><F93/><W77/><G77/><T85/><D54/><U51/><E51/><V12/><AGARI ba="0,1" hai="6,11,12,18,21,24,29,30,31,40,41,86,88,92" machi="12" ten="30,18000,2" yaku="1,1,0,1,8,1,54,1,53,2" doraHai="65" doraHaiUra="39" who="2" fromWho="2" sc="72,-60,337,-60,292,190,289,-60" /><INIT seed="2,1,0,2,2,98" ten="12,277,482,229" oya="2" hai0="0,113,21,70,37,88,82,15,64,8,61,95,20" hai1="69,93,74,107,32,130,85,42,54,30,118,124,96" hai2="41,29,129,112,40,34,94,77,52,105,92,102,86" hai3="27,97,73,125,31,17,9,44,46,109,13,4,84"/><V33/><F105/><W127/><G73/><T81/><D113/><U104/><E118/><V28/><F112/><W120/><G120/><T2/><D37/><U65/><E74/><V72/><F129/><W75/><G75/><T19/><D20/><U121/><E42/><V114/><F34/><W6/><G109/><T10/><D10/><U111/><E54/><V23/><F33/><W57/><G57/><T3/><REACH who="0" step="1"/><D8/><REACH who="0" ten="2,277,482,229" step="2"/><U76/><E121/><V63/><F23/><W123/><G9/><T91/><D91/><U90/><E90/><V106/><F114/><W116/><G123/><T128/><D128/><U26/><E130/><V80/><F77/><W108/><G108/><T62/><D62/><U24/><E111/><V11/><F63/><W25/><G116/><T89/><D89/><U16/><E32/><V43/><F11/><W53/><G127/><T5/><D5/><U39/><E39/><V79/><F79/><W71/><G125/><T83/><D83/><U117/><E76/><V132/><F80/><W45/><G6/><T48/><D48/><U99/><E124/><V110/><F110/><W60/><G4/><T36/><D36/><U87/><E117/><V18/><F28/><W131/><G31/><T122/><D122/><U100/><E30/><V68/><F29/><W38/><G131/><T47/><D47/><U51/><E51/><V126/><F126/><W58/><G45/><T35/><D35/><U67/><E16/><V134/><F18/><W115/><G46/><T55/><D55/><U133/><E65/><V135/><F52/><W56/><G53/><RYUUKYOKU ba="1,1" sc="2,30,277,-10,482,-10,229,-10" hai0="0,2,3,15,19,21,61,64,70,81,82,88,95" /><INIT seed="3,2,1,1,5,13" ten="32,267,472,219" oya="3" hai0="18,119,52,90,42,133,51,19,130,121,57,26,128" hai1="50,76,116,1,74,75,113,97,80,60,64,110,43" hai2="41,27,104,5,100,72,127,28,107,59,40,6,21" hai3="0,82,3,86,81,73,94,70,120,77,117,95,17"/><W129/><G120/><T22/><D119/><U48/><E113/><V53/><F72/><W126/><G117/><T92/><D121/><U111/><E116/><V78/><F78/><W32/><G32/><T20/><D42/><U134/><E134/><V9/><F127/><W63/><G126/><T79/><D79/><U14/><E1/><V91/><F5/><W56/><G70/><T105/><D105/><U125/><E125/><V132/><F132/><W37/><G37/><T62/><D133/><U124/><E124/><V85/><F100/><W101/><G129/><N who="0" m="49771" /><D51/><U25/><E74/><V33/><F107/><W30/><G30/><N who="0" m="17735" /><D22/><U11/><E43/><V135/><F104/><W67/><G17/><T131/><N who="0" m="49779" /><T10/><DORA hai="8" /><D10/><U118/><E25/><V49/><F33/><W69/><G69/><T39/><D39/><U55/><E50/><V31/><F135/><W35/><G35/><T88/><D92/><U96/><E48/><V115/><F31/><W98/><REACH who="3" step="1"/><G94/><REACH who="3" ten="32,267,472,209" step="2"/><T93/><D90/><AGARI ba="2,2" hai="0,3,56,63,67,73,77,81,82,86,90,95,98,101" machi="90" ten="30,5800,0" yaku="1,1,2,1,7,1,53,0" doraHai="13,8" doraHaiUra="15,47" who="3" fromWho="0" sc="32,-64,267,0,472,0,209,84" owari="-32,-53.0,267,-13.0,472,57.0,293,9.0" /></mjloggm>