<mjloggm ver="2.3"><GO type="169" lobby="0"/><UN n0="%E3%81%A7%E3%81%93%E3%81%98" n1="%E3%81%A8%E3%83%BC%E3%82%84%E3%82%93" n2="%2D%61%76%61%74%61%72%2D" n3="%EF%BC%88%E2%89%A7%E2%96%BD%E2%89%A6%EF%BC%89" dan="17,16,17,18" rate="2152.56,2071.09,2138.64,2261.22" sx="M,M,M,M"/><TAIKYOKU oya="0"/><INIT seed="0,0,0,5,5,109" ten="250,250,250,250" oya="0" hai0="97,13,1,56,128,103,115,17,58,59,71,66,107" hai1="15,3,118,91,88,48,49,101,82,10,39,110,94" hai2="100,29,83,114,38,42,72,57,44,95,122,78,125" hai3="53,102,8,70,28,67,79,43,84,135,36,113,77"/><T41/><D1/><U26/><E118/><V45/><F122/><W46/><G135/><T60/><D128/><U130/><E39/><V27/><F125/><W21/><G102/><T2/><D2/><U63/><E3/><V74/><F45/><W47/><G8/><T31/><D41/><U111/><E130/><V54/><F95/><W18/><G28/><T68/><D31/><U86/><E26/><V20/><F100/><W112/><G46/><T90/><D90/><U19/><E101/><V61/><REACH who="2" step="1"/><F72/><REACH who="2" ten="250,250,240,250" step="2"/><W35/><G47/><T120/><D120/><U22/><E110/><V99/><F99/><W129/><G129/><T5/><D5/><U117/><E111/><V85/><F85/><W6/><G84/><T80/><D80/><U14/><E117/><V108/><F108/><W62/><G36/><T24/><D71/><U123/><E123/><V133/><F133/><W30/><G70/><T34/><D59/><U73/><E73/><V40/><F40/><W131/><G43/><T104/><D104/><U11/><E94/><V12/><F12/><W121/><G121/><T25/><D25/><U65/><E15/><V9/><F9/><W0/><G0/><T33/><D24/><U51/><REACH who="1" step="1"/><E91/><REACH who="1" ten="250,240,240,250" step="2"/><V32/><F32/><W127/><G35/><T64/><D34/><U93/><E93/><V75/><F75/><W37/><G37/><T50/><D33/><U105/><E105/><V76/><F76/><W134/><G79/><T81/><D107/><U4/><E4/><V69/><F69/><AGARI ba="0,2" hai="10,11,14,19,22,48,49,51,63,65,69,82,86,88" machi="69" ten="40,2600,0" yaku="1,1,54,1,53,0" doraHai="109" doraHaiUra="23" who="1" fromWho="2" sc="250,0,240,46,240,-26,250,0" /><INIT seed="1,0,0,0,3,59" ten="250,286,214,250" oya="1" hai0="0,32,30,113,24,93,53,76,71,17,38,103,89" hai1="95,66,26,81,62,46,73,36,64,83,16,102,10" hai2="15,4,132,106,19,12,125,25,72,41,127,63,112" hai3="123,61,11,119,108,27,117,94,105,35,99,20,121"/><U34/><E66/><V114/><F106/><W92/><G35/><T5/><D113/><N who="2" m="43626" /><F41/><W28/><G108/><T1/><D38/><U69/><E73/><V128/><F72/><W3/><G105/><T133/><D133/><U75/><E75/><V55/><F55/><W44/><G44/><T98/><D76/><U87/><E36/><V65/><F4/><N who="3" m="1439" /><G94/><T6/><D71/><U88/><E46/><V58/><F132/><W131/><G131/><T37/><D37/><U126/><E126/><N who="2" m="48139" /><F128/><W29/><G123/><T104/><D53/><U118/><E118/><V52/><F65/><W57/><G121/><T129/><D129/><U116/><E116/><V90/><F90/><W49/><G117/><T101/><D6/><U56/><E69/><V80/><F80/><W97/><G119/><T85/><D5/><U115/><E115/><V9/><F15/><W79/><G79/><T60/><D103/><U13/><REACH who="1" step="1"/><E102/><REACH who="1" ten="250,276,214,250" step="2"/><V47/><F47/><W21/><G57/><T77/><D101/><U14/><E14/><V33/><F25/><W74/><G27/><T134/><D134/><U84/><E84/><V135/><F135/><W96/><G74/><T31/><D85/><U54/><E54/><V70/><F70/><W7/><G97/><T122/><D98/><U51/><E51/><V91/><F91/><W100/><G49/><T110/><D89/><U82/><E82/><V107/><F107/><W68/><G99/><T43/><D104/><U78/><E78/><V22/><F9/><W48/><G100/><T109/><D77/><U42/><E42/><V8/><F8/><RYUUKYOKU ba="0,1" sc="250,-15,276,15,214,15,250,-15" hai1="10,13,16,26,34,56,62,64,81,83,87,88,95" hai2="12,19,22,33,52,58,63" /><INIT seed="1,1,1,1,1,108" ten="235,291,229,235" oya="1" hai0="76,47,111,97,13,18,19,84,71,10,75,89,50" hai1="82,124,37,64,2,126,135,118,36,68,132,119,1" hai2="46,128,72,117,15,34,129,127,23,131,40,67,115" hai3="27,6,86,9,52,92,85,5,4,16,63,87,73"/><U30/><E30/><V43/><F72/><W38/><G38/><N who="1" m="14954" /><E82/><V93/><F34/><W62/><G73/><T69/><D111/><U61/><E2/><V96/><F117/><N who="1" m="44553" /><E1/><V70/><F127/><AGARI ba="1,1" hai="61,64,68,124,126,127,132,135" m="44553,14954" machi="127" ten="40,12000,1" yaku="18,1,23,1,34,2" doraHai="108" who="1" fromWho="2" sc="235,0,291,133,229,-123,235,0" /><INIT seed="1,2,0,3,1,75" ten="235,424,106,235" oya="1" hai0="38,115,86,65,127,66,62,67,45,32,131,128,90" hai1="114,36,104,73,43,69,117,125,1,31,119,35,109" hai2="63,113,85,58,102,123,21,122,50,108,118,28,49" hai3="27,51,82,55,23,105,53,26,30,121,25,120,40"/><U95/><E95/><V92/><F118/><W14/><G105/><T87/><D32/><U64/><E43/><V133/><F113/><W134/><G134/><T15/><D115/><U54/><E54/><V76/><F133/><W56/><G40/><N who="0" m="22679" /><D127/><U97/><E97/><V3/><F3/><W48/><G121/><T132/><D132/><U89/><E89/><V88/><F108/><W13/><G120/><T4/><D62/><U107/><E64/><V47/><F122/><W84/><G26/><T112/><D112/><U10/><E107/><V8/><F123/><W129/><G27/><T6/><D15/><U57/><E57/><V12/><F21/><W81/><G129/><N who="0" m="49739" /><D87/><U16/><E104/><V68/><F28/><W24/><G24/><T91/><D91/><U72/><E36/><V42/><F68/><W106/><G106/><T41/><D41/><U17/><E69/><V78/><F102/><W9/><G9/><T19/><D19/><N who="1" m="7243" /><E114/><V79/><F49/><W93/><G93/><AGARI ba="2,0" hai="4,6,65,66,67,86,90,93" m="49739,22679" machi="93" ten="30,1000,0" yaku="19,1" doraHai="75" who="0" fromWho="3" sc="235,16,424,0,106,0,235,-16" /><INIT seed="2,0,0,0,4,82" ten="251,424,106,219" oya="2" hai0="71,92,51,77,80,34,31,129,100,25,65,55,109" hai1="21,112,6,32,17,95,37,28,88,0,87,105,122" hai2="101,64,22,24,115,93,81,84,5,60,113,7,35" hai3="70,125,29,54,121,39,3,110,91,116,44,61,73"/><V47/><F35/><W26/><G121/><T23/><D109/><U15/><E112/><V27/><F27/><W123/><G123/><T56/><D129/><U126/><E122/><V12/><F12/><W13/><G3/><T117/><D117/><U118/><E105/><V41/><F113/><W107/><G107/><T59/><D71/><U9/><E37/><V19/><F93/><W131/><G116/><T85/><D34/><U30/><E118/><V104/><F101/><W8/><G73/><T63/><D100/><U76/><E126/><V43/><F43/><W2/><G2/><T53/><REACH who="0" step="1"/><D92/><REACH who="0" ten="241,424,106,219" step="2"/><U89/><E32/><V106/><F115/><W72/><G110/><T102/><D102/><U49/><E76/><V83/><F106/><W67/><G70/><T66/><AGARI ba="0,1" hai="23,25,31,51,53,55,56,59,63,65,66,77,80,85" machi="66" ten="30,7900,0" yaku="1,1,0,1,8,1,52,1,53,0" doraHai="82" doraHaiUra="1" who="0" fromWho="0" sc="241,89,424,-20,106,-39,219,-20" /><INIT seed="3,0,0,3,4,25" ten="330,404,67,199" oya="3" hai0="42,54,35,43,57,71,32,107,104,96,36,122,109" hai1="116,67,88,103,19,56,92,76,101,3,113,73,124" hai2="115,110,21,24,58,82,114,47,28,80,84,18,45" hai3="61,127,16,100,10,12,46,79,4,68,59,85,22"/><W13/><G127/><T83/><D122/><U31/><E113/><V44/><F110/><W8/><G68/><T128/><D109/><U5/><E124/><V48/><F80/><N who="3" m="47263" /><G100/><T30/><D71/><U9/><E116/><V95/><F95/><W106/><G46/><T74/><D128/><U40/><E40/><V27/><F48/><W118/><G106/><T87/><D74/><U135/><E76/><V117/><F58/><W53/><G118/><T55/><D36/><U121/><E73/><V78/><REACH who="2" step="1"/><F117/><REACH who="2" ten="330,404,57,199" step="2"/><W131/><G131/><T125/><D125/><U15/><E121/><V65/><F65/><W102/><G102/><T38/><D104/><U134/><E56/><V75/><F75/><W94/><G94/><T6/><D107/><U64/><E67/><V86/><F86/><W77/><G77/><T2/><D38/><U93/><E64/><V17/><F17/><W60/><G61/><T0/><D57/><U126/><E93/><V111/><F111/><W89/><G89/><T23/><D87/><U99/><E126/><V129/><F129/><W112/><G112/><T119/><D119/><U123/><E123/><V105/><F105/><W97/><G97/><T69/><D96/><U39/><E39/><V50/><F50/><W108/><G108/><T66/><D69/><U72/><E72/><V132/><F132/><W70/><G70/><T7/><D83/><U37/><E37/><V63/><F63/><W29/><G60/><T52/><D66/><U49/><E135/><V14/><F14/><W91/><G59/><T98/><D98/><U34/><E134/><RYUUKYOKU ba="0,1" sc="330,-10,404,-10,57,30,199,-10" hai2="18,21,24,27,28,44,45,47,78,82,84,114,115" /><INIT seed="4,1,1,1,0,13" ten="320,394,87,189" oya="0" hai0="60,12,43,68,3,128,115,105,52,65,92,28,44" hai1="112,111,4,91,123,113,98,70,78,51,90,131,10" hai2="57,74,32,69,1,34,73,56,46,63,23,107,49" hai3="9,29,7,83,121,125,108,15,82,135,27,37,50"/><T33/><D3/><U89/><E70/><V61/><F1/><W53/><G37/><T67/><D128/><U88/><E111/><V99/><F69/><W20/><G108/><T119/><D119/><U62/><E123/><V120/><F107/><W87/><G135/><T55/><D115/><N who="1" m="44107" /><E131/><V86/><F99/><W93/><G125/><T96/><D67/><U117/><E117/><V16/><F86/><W64/><G64/><T130/><D130/><U0/><E78/><V17/><F23/><W122/><G93/><T22/><D105/><U2/><E62/><V75/><F49/><W5/><G5/><T132/><D33/><U95/><E51/><V58/><F46/><W66/><G66/><T106/><D106/><U101/><E2/><V81/><F81/><W127/><G127/><T103/><D132/><U47/><E47/><V42/><F42/><W104/><G104/><T54/><D28/><U26/><E26/><V45/><F45/><W21/><G83/><T124/><D124/><U36/><E91/><V25/><F25/><W79/><REACH who="3" step="1"/><G21/><REACH who="3" ten="320,394,87,179" step="2"/><T8/><D22/><U94/><E36/><V114/><F114/><W77/><G77/><T85/><D85/><AGARI ba="1,2" hai="0,4,10,85,88,89,90,94,95,98,101" m="44107" machi="85" ten="30,3900,0" yaku="15,1,11,1,54,1" doraHai="13" who="1" fromWho="0" sc="320,-42,394,62,87,0,179,0" /><INIT seed="5,0,0,2,5,54" ten="278,456,87,179" oya="1" hai0="111,48,88,84,23,50,39,15,126,51,123,67,63" hai1="25,34,1,93,81,62,75,45,73,133,85,6,95" hai2="49,82,87,20,30,97,36,14,76,106,43,122,104" hai3="105,108,92,31,96,18,113,70,22,17,65,2,32"/><U135/><E1/><V115/><F36/><W64/><G108/><T28/><D111/><U60/><E6/><V38/><F38/><W78/><G2/><T86/><D39/><U52/><E34/><V11/><F122/><W74/><G105/><T102/><D126/><U71/><E25/><V77/><F77/><W90/><G113/><T8/><D123/><U42/><E75/><V66/><F66/><W24/><G70/><T37/><D37/><U72/><E72/><V99/><F115/><W130/><G130/><T7/><D102/><U21/><E21/><V12/><F104/><W59/><G74/><T57/><D88/><U107/><E73/><V19/><F30/><W94/><G78/><T114/><D114/><U112/><E107/><V27/><F27/><AGARI ba="0,0" hai="7,8,15,23,27,28,48,50,51,57,63,67,84,86" machi="27" ten="40,2600,0" yaku="8,1,52,1" doraHai="54" who="0" fromWho="2" sc="278,26,456,0,87,-26,179,0" /><INIT seed="6,0,0,1,5,58" ten="304,456,61,179" oya="2" hai0="135,130,108,66,121,129,111,31,112,96,48,28,30" hai1="126,63,78,7,15,64,13,47,103,24,0,95,127" hai2="33,93,100,97,67,45,116,69,26,9,133,39,42" hai3="118,65,98,76,12,1,35,3,17,77,2,29,18"/><V68/><F133/><W20/><G118/><T5/><D96/><U51/><E78/><V73/><F116/><W80/><G65/><T88/><D48/><U36/><E36/><V49/><F73/><W71/><G71/><T104/><D66/><U87/><E24/><V117/><F117/><W44/><G98/><T8/><D88/><N who="1" m="53663" /><E0/><V83/><F9/><W120/><G120/><T57/><D57/><N who="1" m="36975" /><E7/><V21/><F33/><W105/><G105/><T82/><D104/><U14/><E126/><V16/><F83/><W89/><G77/><T131/><D82/><U40/><E127/><V115/><F68/><W19/><G89/><T86/><D86/><U11/><E103/><V4/><F4/><W102/><G102/><T27/><D121/><U134/><E134/><V106/><F106/><W124/><G124/><T92/><D92/><U75/><E75/><V128/><F39/><W54/><G2/><N who="0" m="55" /><D135/><U119/><E119/><V50/><F50/><W60/><G80/><T53/><D53/><U114/><E114/><V61/><REACH who="2" step="1"/><F128/><REACH who="2" ten="304,456,51,179" step="2"/><W107/><G35/><N who="0" m="20895" /><D112/><AGARI ba="0,1" hai="16,21,26,42,45,49,61,67,69,93,97,100,112,115" machi="112" ten="40,7700,0" yaku="1,1,52,1,54,1,53,0" doraHai="58" doraHaiUra="84" who="2" fromWho="0" sc="304,-77,456,0,51,87,179,0" /><INIT seed="6,1,0,5,2,115" ten="227,456,138,179" oya="2" hai0="119,24,26,34,23,97,29,109,128,114,95,13,40" hai1="28,132,15,7,56,72,123,16,96,125,35,55,4" hai2="14,54,102,57,99,103,112,10,52,45,59,86,98" hai3="111,60,100,120,88,83,85,78,1,39,118,8,50"/><V71/><F71/><W134/><G39/><T74/><D109/><U61/><E72/><V20/><F112/><W73/><G111/><T48/><D74/><U126/><E123/><V84/><F20/><W33/><G33/><T30/><D114/><U51/><E132/><V53/><F45/><W110/><G110/><T121/><D121/><U25/><E96/><V80/><F80/><W87/><G120/><T81/><D128/><U92/><E92/><V44/><F44/><W3/><G134/><T70/><D70/><U46/><E125/><V135/><F135/><W43/><G100/><N who="2" m="38441" /><F98/><W93/><G73/><T37/><D37/><U2/><E2/><V77/><F99/><W108/><G108/><T67/><D67/><U31/><E31/><V38/><F38/><W21/><G21/><T75/><D75/><U63/><E126/><V64/><F64/><W124/><G124/><T82/><D13/><U11/><E63/><V17/><F77/><W66/><G3/><T122/><D122/><U130/><E130/><V58/><AGARI ba="1,0" hai="10,14,17,52,53,54,57,58,59,84,86" m="38441" machi="58" ten="40,3900,0" yaku="8,1,54,1" doraHai="115" who="2" fromWho="2" sc="227,-14,456,-14,138,42,179,-14" /><INIT seed="6,2,0,4,3,38" ten="213,442,180,165" oya="2" hai0="11,50,97,100,89,74,98,133,69,70,87,17,79" hai1="127,110,5,102,23,0,112,107,32,21,45,37,6" hai2="10,61,92,36,44,58,80,22,75,115,76,39,77" hai3="48,9,88,91,113,67,43,68,13,85,130,56,125"/><V35/><F35/><W135/><G135/><T86/><D133/><U134/><E45/><V34/><F34/><W120/><G120/><T18/><D50/><U81/><E81/><V94/><F76/><W82/><G130/><T116/><D11/><U132/><E102/><V111/><F111/><W63/><G125/><T117/><D89/><U31/><E107/><V65/><F115/><W3/><G3/><T108/><D100/><U28/><E37/><V51/><F36/><W33/><G33/><T128/><D79/><U66/><E32/><V123/><F39/><W95/><G113/><T121/><D74/><U54/><E66/><V19/><F10/><W109/><G109/><T42/><D108/><U49/><E49/><V29/><F29/><W1/><G1/><T20/><D20/><U41/><E54/><V126/><F126/><W131/><G131/><T83/><D128/><U78/><E78/><V2/><F2/><W105/><G105/><T26/><D83/><U90/><E0/><V84/><F75/><W60/><G68/><T71/><D71/><U4/><E112/><V73/><F73/><W59/><G82/><T25/><D121/><U53/><E127/><V27/><REACH who="2" step="1"/><F123/><REACH who="2" ten="213,442,170,165" step="2"/><W14/><G9/><T96/><D96/><U64/><E132/><V104/><F104/><W106/><G106/><T99/><D99/><U114/><E134/><V40/><AGARI ba="2,1" hai="19,22,27,40,44,51,58,61,65,77,80,84,92,94" machi="40" ten="20,18000,2" yaku="1,1,0,1,7,1,8,1,52,1,53,1" doraHai="38" doraHaiUra="57" who="2" fromWho="2" sc="213,-62,442,-62,170,196,165,-62" /><INIT seed="6,3,0,3,5,20" ten="151,380,366,103" oya="2" hai0="74,4,2,77,120,104,56,123,39,43,42,40,96" hai1="16,44,118,86,97,66,22,128,94,109,82,101,37" hai2="129,76,122,54,61,89,5,14,126,84,106,1,93" hai3="113,60,26,95,48,6,115,116,10,100,92,124,47"/><V13/><F106/><W62/><G116/><T135/><D135/><U131/><E118/><V103/><F122/><W36/><G36/><T7/><D56/><U50/><E109/><V78/><F103/><W110/><G110/><T30/><D30/><U69/><E37/><V85/><F126/><W25/><G124/><T72/><D39/><U28/><E28/><V90/><F129/><W71/><G71/><T121/><D77/><U91/><E66/><V125/><F1/><W41/><G100/><T12/><D2/><U108/><E69/><V38/><F38/><W65/><G65/><T75/><D12/><U53/><REACH who="1" step="1"/><E108/><REACH who="1" ten="151,370,366,103" step="2"/><V51/><F125/><W34/><G115/><T87/><D87/><U133/><E133/><V134/><F134/><W99/><G113/><T63/><D63/><N who="3" m="24105" /><G34/><T11/><D96/><U29/><E29/><V88/><F61/><W33/><G33/><T130/><D130/><U83/><E83/><N who="2" m="47223" /><F76/><W80/><G80/><T81/><D81/><U64/><E64/><V58/><F5/><W127/><G127/><T17/><D104/><U114/><E114/><V70/><F70/><W45/><G99/><T35/><D35/><U46/><E46/><V23/><F85/><W57/><G47/><T8/><REACH who="0" step="1"/><D17/><REACH who="0" ten="141,370,366,103" step="2"/><U112/><E112/><V15/><F93/><N who="3" m="35915" /><G57/><T105/><D105/><U111/><E111/><V119/><F119/><W31/><G31/><T0/><D0/><U18/><E18/><AGARI ba="3,2" hai="13,14,15,18,23,51,54,58,88,89,90" m="47223" machi="18" ten="30,2900,0" yaku="8,1,54,1" doraHai="20" who="2" fromWho="1" sc="141,0,370,-38,366,58,103,0" /><INIT seed="6,4,0,2,1,111" ten="141,332,424,103" oya="2" hai0="125,45,122,15,69,83,72,95,100,59,121,13,68" hai1="23,71,129,28,31,35,20,97,46,113,63,91,102" hai2="134,38,128,76,7,126,118,114,131,110,18,52,57" hai3="6,42,53,106,26,34,33,51,94,41,89,3,120"/><V30/><F30/><W44/><G106/><T85/><D72/><U135/><E129/><V39/><F7/><W93/><G120/><T74/><D74/><U60/><E135/><V17/><F76/><W56/><G3/><T98/><D125/><U124/><E124/><V87/><F87/><W4/><G34/><T86/><D45/><U58/><E91/><V82/><F82/><W64/><G33/><T101/><D59/><U127/><E127/><V92/><F92/><W88/><G26/><T22/><D22/><U49/><E113/><V90/><F114/><W132/><G132/><T70/><D83/><U14/><E35/><V108/><F90/><W24/><G24/><T78/><D78/><U116/><E63/><N who="2" m="36263" /><F118/><W11/><G64/><T112/><D112/><U104/><E71/><V55/><F134/><W105/><G105/><T32/><D32/><U16/><E23/><V130/><F126/><W19/><G89/><T67/><D67/><U54/><REACH who="1" step="1"/><E116/><REACH who="1" ten="141,322,424,103" step="2"/><V123/><F123/><W27/><G88/><T62/><D70/><U36/><E36/><V0/><F38/><W119/><G119/><T84/><D62/><U73/><E73/><V80/><F39/><W25/><G51/><T5/><D121/><U133/><E133/><V109/><F110/><W77/><G77/><T8/><D122/><U1/><E1/><V115/><F0/><W50/><G50/><T21/><D101/><U29/><E29/><V47/><F109/><W99/><G11/><T10/><REACH who="0" step="1"/><D21/><REACH who="0" ten="131,322,424,103" step="2"/><U107/><E107/><V96/><F108/><W65/><G65/><AGARI ba="4,2" hai="14,16,20,28,31,46,49,54,58,60,65,97,102,104" machi="65" ten="30,3900,0" yaku="1,1,7,1,54,1,53,0" doraHai="111" doraHaiUra="2" who="1" fromWho="3" sc="131,0,322,71,424,0,103,-51" /><INIT seed="7,0,0,4,0,48" ten="131,393,424,52" oya="3" hai0="126,114,17,109,25,93,106,20,9,55,102,13,77" hai1="42,125,18,103,69,65,7,40,128,97,112,135,30" hai2="98,86,83,62,44,37,23,43,111,39,68,12,52" hai3="35,64,0,118,61,14,134,60,21,95,92,74,2"/><W27/><G118/><T33/><D109/><U108/><E108/><V49/><F111/><W81/><G134/><T120/><D120/><U34/><E135/><V117/><F117/><W24/><G35/><T127/><D106/><U115/><E18/><V79/><F98/><W84/><G74/><T50/><D33/><U6/><E125/><N who="0" m="47625" /><D77/><U41/><E128/><V32/><F32/><W31/><G27/><T132/><D132/><U58/><E7/><V76/><F76/><W11/><G2/><T67/><D67/><U110/><E6/><V105/><F105/><W36/><G36/><T90/><D102/><U123/><E110/><V75/><F75/><W57/><G61/><T122/><D122/><U129/><E123/><V8/><F23/><W71/><G71/><T5/><D114/><U38/><E129/><V45/><F68/><W22/><G22/><T72/><D72/><U101/><E38/><V113/><F113/><N who="1" m="43593" /><E69/><V66/><F66/><W99/><G99/><N who="0" m="57783" /><D55/><U19/><E97/><V59/><F44/><W47/><G47/><T130/><D130/><U96/><E96/><V29/><F29/><W16/><REACH who="3" step="1"/><G0/><REACH who="3" ten="131,393,424,42" step="2"/><N who="0" m="167" /><D50/><U63/><E34/><V116/><F116/><W87/><G87/><T119/><D119/><U46/><E46/><V80/><F39/><W131/><G131/><T26/><AGARI ba="0,1" hai="13,17,20,25,26" m="167,57783,47625" machi="26" ten="30,1100,0" yaku="18,1" doraHai="48" who="0" fromWho="0" sc="131,21,393,-3,424,-3,42,-5" owari="152,-25.0,390,19.0,421,52.0,37,-46.0" /></mjloggm>