<mjloggm ver="2.3"><GO type="169"/><UN n0="%E8%B6%85%E4%BA%BA%EF%BC%AD" n1="%EF%BC%88%E2%89%A7%E2%96%BD%E2%89%A6%EF%BC%89" n2="%4E%4F%42%55%53%48%49" n3="%E3%82%B4%E3%83%BC%E3%83%AB" dan="17,17,16,16" rate="2145,2106,2068,2094" sx="M,M,M,M"/><TAIKYOKU oya="0"/><INIT seed="0,0,0,5,2,115" ten="250,250,250,250" oya="0" hai0="102,74,76,122,47,37,120,23,125,89,19,96,90" hai1="124,12,33,7,126,116,35,1,111,29,50,20,24" hai2="4,45,87,91,94,84,57,106,100,132,134,17,128" hai3="127,119,118,95,112,98,22,0,46,40,10,59,8"/><T60/><D125/><N who="1" m="48235" /><E50/><V93/><F4/><W71/><G71/><T28/><D28/><U52/><E52/><V108/><F57/><W79/><G127/><T82/><D60/><U107/><E107/><V110/><F45/><W64/><G79/><T104/><D37/><U135/><E135/><N who="2" m="51755" /><F17/><W42/><G112/><T67/><D67/><U21/><E111/><N who="2" m="42539" /><F128/><W32/><G32/><N who="1" m="12362" /><E116/><V85/><F91/><W26/><G46/><T114/><D114/><U3/><E21/><V133/><F133/><W36/><G59/><T65/><D65/><U101/><E101/><V53/><F53/><W51/><G64/><T38/><D90/><U113/><E113/><V77/><F77/><W49/><G36/><T9/><D9/><AGARI ba="0,0" hai="1,3,7,9,12,20,24,29" m="12362,48235" machi="9" ten="30,3900,0" yaku="18,1,34,2" doraHai="115" who="1" fromWho="0" sc="250,-39,250,39,250,0,250,0" /><INIT seed="1,0,0,5,5,70" ten="211,289,250,250" oya="1" hai0="121,32,22,90,62,105,21,8,50,28,23,0,124" hai1="107,76,3,77,110,38,91,37,66,52,120,24,10" hai2="86,7,96,16,132,30,135,82,75,125,1,113,13" hai3="34,31,42,106,99,119,131,17,78,103,12,40,41"/><U29/><E107/><V64/><F113/><W93/><G119/><T39/><D105/><U9/><E120/><V112/><F112/><W114/><G114/><T60/><D121/><U53/><E66/><V109/><F75/><W81/><G131/><T101/><D101/><U123/><E123/><V36/><F64/><W130/><G130/><T116/><D116/><U18/><E3/><V71/><F71/><W133/><G133/><T5/><D124/><U95/><E110/><V83/><F30/><W47/><G106/><T44/><D90/><U35/><E18/><V48/><F7/><W79/><G31/><T72/><D72/><U102/><E102/><V128/><F1/><W58/><G34/><T92/><D92/><U6/><E6/><V74/><F74/><W11/><G58/><T43/><REACH who="0" step="1"/><D50/><REACH who="0" ten="201,289,250,250" step="2"/><U85/><E76/><N who="3" m="29226" /><G81/><T14/><D14/><U55/><REACH who="1" step="1"/><E77/><REACH who="1" ten="201,279,250,250" step="2"/><V56/><F128/><W27/><G27/><AGARI ba="0,2" hai="0,5,8,21,22,23,27,28,32,39,43,44,60,62" machi="27" ten="40,5200,0" yaku="1,1,52,1,53,1" doraHai="70" doraHaiUra="25" who="0" fromWho="3" sc="201,72,279,0,250,0,250,-52" /><INIT seed="2,0,0,5,5,31" ten="273,279,250,198" oya="2" hai0="30,108,66,89,105,16,72,41,23,124,98,104,29" hai1="121,83,84,82,35,65,106,90,75,126,112,114,8" hai2="47,87,40,25,33,118,115,62,80,120,63,28,79" hai3="13,57,70,127,129,97,133,52,5,43,67,6,61"/><V110/><F120/><W10/><G127/><T73/><D124/><U58/><E126/><V19/><F115/><W116/><G116/><T12/><D108/><U15/><E121/><V50/><F118/><W38/><G133/><T123/><D123/><U21/><E106/><V88/><F110/><W76/><G129/><T74/><D41/><U3/><E3/><V111/><F111/><W94/><G76/><T109/><D109/><U0/><E0/><V131/><F131/><W20/><G20/><T14/><D66/><U103/><E103/><V37/><F37/><W102/><G6/><T68/><D68/><U86/><E75/><V18/><F63/><W51/><G43/><T27/><D30/><U71/><E71/><V96/><F62/><W36/><AGARI ba="0,0" hai="5,10,13,36,38,51,52,57,61,67,70,94,97,102" machi="36" ten="30,2000,0" yaku="0,1,54,1" doraHai="31" who="3" fromWho="3" sc="273,-5,279,-5,250,-10,198,20" /><INIT seed="3,0,0,0,0,59" ten="268,274,240,218" oya="3" hai0="29,80,24,52,75,122,30,40,110,83,120,91,14" hai1="109,23,39,96,115,1,25,56,134,84,133,37,32" hai2="47,10,72,92,54,31,58,61,57,60,15,34,77" hai3="70,97,28,130,13,9,129,131,82,99,20,64,17"/><W53/><G82/><T119/><D119/><U73/><E73/><V18/><F72/><W42/><G42/><T4/><D40/><U79/><E115/><V103/><F77/><W112/><G112/><T11/><D30/><U66/><E1/><V78/><F78/><W6/><G28/><T93/><D110/><U63/><E32/><V50/><F31/><W126/><G126/><T95/><D95/><U62/><E109/><V116/><F34/><W76/><G76/><T44/><D75/><U108/><E108/><V26/><F26/><W104/><G104/><T123/><D24/><U68/><E96/><N who="2" m="59783" /><F116/><W114/><G114/><T127/><D29/><N who="1" m="17599" /><E84/><V36/><F36/><W81/><G81/><T0/><D0/><U41/><E41/><N who="2" m="24943" /><F58/><W102/><G102/><T43/><D127/><U85/><E85/><V5/><F5/><W132/><G53/><T117/><D117/><U7/><E7/><V107/><F107/><W88/><G88/><T121/><N who="0" m="30720" /><DORA hai="87" /><T100/><D100/><U35/><E35/><V74/><F74/><W125/><G125/><T22/><D22/><U69/><E79/><V48/><AGARI ba="0,0" hai="10,15,18,48,54,57,60,61" m="24943,59783" machi="48" ten="30,4000,0" yaku="8,1,52,2" doraHai="59,87" who="2" fromWho="2" sc="268,-10,274,-10,240,40,218,-20" /><INIT seed="4,0,0,0,2,4" ten="258,264,280,198" oya="0" hai0="83,131,53,112,87,134,76,42,95,132,1,2,97" hai1="66,109,41,122,96,40,30,92,54,82,58,62,93" hai2="133,17,55,72,33,57,0,43,98,20,100,110,18" hai3="37,127,111,26,80,16,68,36,38,130,71,85,32"/><T50/><D42/><U24/><E122/><V46/><F72/><W56/><G111/><T3/><D131/><U70/><E109/><V48/><F33/><W65/><G130/><T69/><D69/><U102/><E82/><V91/><F110/><W123/><G123/><T51/><D112/><U81/><E81/><V64/><F64/><W78/><G127/><T29/><D29/><U61/><REACH who="1" step="1"/><E93/><REACH who="1" ten="258,254,280,198" step="2"/><V118/><F118/><W19/><G80/><T25/><D25/><U39/><E39/><V28/><F133/><N who="0" m="51306" /><D53/><U84/><E84/><V5/><F55/><W79/><G85/><T34/><D34/><AGARI ba="0,1" hai="24,30,34,40,41,54,58,61,62,66,70,92,96,102" machi="34" ten="30,2000,0" yaku="1,1,7,1,53,0" doraHai="4" doraHaiUra="13" who="1" fromWho="0" sc="258,-20,254,30,280,0,198,0" /><INIT seed="5,0,0,5,3,60" ten="238,284,280,198" oya="1" hai0="72,94,84,49,56,40,113,119,90,75,62,91,78" hai1="16,124,7,101,21,48,66,105,51,17,36,77,131" hai2="115,61,10,2,18,95,4,86,67,97,112,44,8" hai3="57,31,85,117,65,110,114,24,92,83,127,50,125"/><U76/><E36/><V116/><F116/><W20/><G110/><T107/><D107/><U58/><E131/><V33/><F33/><W79/><G114/><N who="2" m="43561" /><F44/><W109/><G109/><T126/><D119/><U32/><E32/><V87/><F18/><W133/><G117/><T129/><D129/><U28/><E124/><N who="3" m="47690" /><G133/><T88/><D126/><U27/><E7/><V54/><F54/><N who="3" m="31959" /><G92/><T43/><D113/><U38/><E38/><V64/><F10/><W134/><G134/><T93/><D75/><U25/><E105/><V34/><F34/><W80/><G83/><N who="0" m="47223" /><D72/><U81/><E81/><V19/><F19/><N who="1" m="7241" /><E27/><V45/><F45/><W14/><G14/><T82/><D82/><U108/><E108/><V12/><F2/><W122/><G122/><T71/><D71/><U120/><E120/><V130/><F130/><W135/><G135/><T52/><D43/><U123/><E123/><V3/><F3/><W6/><G6/><T118/><D118/><U39/><E39/><V104/><F104/><W55/><G55/><N who="0" m="34079" /><D40/><U30/><E30/><V47/><F47/><AGARI ba="0,0" hai="47,49,52,88,90,91,93,94" m="34079,47223" machi="47" ten="30,3900,0" yaku="8,1,54,2" doraHai="60" who="0" fromWho="2" sc="238,39,284,0,280,-39,198,0" /><INIT seed="6,0,0,3,4,36" ten="277,284,241,198" oya="2" hai0="68,38,50,135,23,113,97,76,125,84,128,64,34" hai1="10,57,123,0,95,102,77,27,19,127,16,101,33" hai2="100,99,13,90,134,18,41,28,7,47,1,30,85" hai3="83,37,89,51,74,26,108,21,22,39,75,62,32"/><V20/><F134/><W3/><G108/><T119/><D38/><U86/><E123/><V31/><F1/><W131/><G3/><T107/><D34/><U40/><E127/><V61/><F7/><W15/><G131/><T80/><D135/><U8/><E33/><V79/><F79/><W63/><G32/><T9/><D125/><U44/><E0/><V6/><F6/><W117/><G117/><T71/><D9/><N who="1" m="3691" /><E57/><V14/><F61/><W65/><G83/><T2/><D64/><U82/><E95/><V25/><F14/><W126/><G126/><T104/><D2/><U122/><E122/><V93/><F13/><W59/><G15/><T88/><D128/><U121/><E121/><V45/><REACH who="2" step="1"/><F41/><REACH who="2" ten="277,284,231,198" step="2"/><W55/><G26/><T91/><D76/><U103/><E27/><V94/><AGARI ba="0,1" hai="18,20,25,28,30,31,45,47,85,90,93,94,99,100" machi="94" ten="30,12000,1" yaku="1,1,2,1,0,1,8,1,53,1" doraHai="36" doraHaiUra="98" who="2" fromWho="2" sc="277,-40,284,-40,231,130,198,-40" /><INIT seed="6,1,0,1,5,109" ten="237,244,361,158" oya="2" hai0="105,38,54,117,72,52,79,106,76,104,87,58,5" hai1="94,44,10,116,130,74,133,77,29,57,35,39,26" hai2="51,93,75,108,49,61,21,68,20,123,22,122,37" hai3="86,17,56,126,31,34,0,99,40,2,134,115,71"/><V48/><F75/><W27/><G71/><T120/><D120/><U101/><E116/><V30/><F37/><W14/><G40/><T91/><D38/><U131/><E133/><V50/><F108/><W107/><G86/><T6/><D117/><U128/><E57/><V92/><F30/><W96/><G134/><T81/><D54/><U102/><E10/><V135/><F51/><W11/><G56/><T80/><REACH who="0" step="1"/><D79/><REACH who="0" ten="227,244,361,158" step="2"/><U89/><E77/><V132/><F135/><W113/><G126/><T85/><D85/><N who="1" m="52527" /><E74/><V83/><F132/><W9/><G99/><T97/><D97/><U73/><E73/><V84/><F122/><W43/><G43/><AGARI ba="1,1" hai="26,29,35,39,43,44,101,102,128,130,131" m="52527" machi="43" ten="30,1000,0" yaku="19,1" doraHai="109" who="1" fromWho="3" sc="227,0,244,23,361,0,158,-13" /><INIT seed="7,0,0,1,5,134" ten="227,267,361,145" oya="3" hai0="59,17,53,64,102,78,47,42,49,111,6,10,132" hai1="37,60,88,123,40,90,27,116,46,8,122,129,105" hai2="125,99,21,4,14,51,87,130,91,45,0,11,94" hai3="101,32,115,135,126,67,63,50,58,18,75,20,81"/><W103/><G115/><T65/><D111/><U124/><E116/><V86/><F130/><W84/><G32/><T112/><D132/><U62/><E105/><V26/><F0/><W107/><G75/><T70/><D70/><U16/><E129/><V92/><F92/><W30/><G135/><T43/><D43/><U74/><E74/><V5/><F5/><W56/><G107/><T119/><D119/><U96/><E124/><V113/><F125/><W31/><G126/><T61/><D102/><N who="3" m="38921" /><G50/><T33/><D33/><U19/><E96/><V93/><F93/><W34/><G58/><T15/><D112/><U25/><E8/><V128/><F128/><W133/><G34/><T52/><D78/><U57/><E57/><V41/><F113/><W97/><G97/><T69/><D65/><U114/><E114/><V29/><AGARI ba="0,0" hai="4,11,14,21,26,29,41,45,51,86,87,91,94,99" machi="29" ten="20,2700,0" yaku="0,1,7,1,8,1" doraHai="134" who="2" fromWho="2" sc="227,-7,267,-7,361,27,145,-13" owari="220,-18.0,260,6.0,388,49.0,132,-37.0" /></mjloggm>