<mjloggm ver="2.3"><GO type="41"/><UN n0="%E3%83%81%E3%83%BC%E3%83%88%E3%82%A4%E3%83%84%E3%83%A2%E7%8E%8B%E5%AD%90" n1="%E3%81%82%E3%81%BC%E3%81%BC" n2="%E3%82%A6%E3%83%AB%E3%83%88%E3%83%A9%E7%AB%8B%E7%9B%B4" n3="%E3%81%84%E3%81%A3%E3%81%A1%E3%83%BC%E3%81%95%E3%82%93" dan="15,13,14,14" rate="2057,2075,1962,1874" sx="F,M,M,M"/><TAIKYOKU oya="0"/><INIT seed="0,0,0,5,3,116" ten="250,250,250,250" oya="0" hai0="122,60,95,123,109,75,92,39,12,24,124,3,126" hai1="84,52,9,82,27,1,2,58,69,41,125,87,118" hai2="0,97,94,56,10,96,85,31,98,86,108,76,14" hai3="53,35,129,67,16,64,28,80,7,4,100,89,34"/><T62/><D3/><U70/><E118/><V50/><F0/><W17/><G129/><T117/><D117/><U73/><E125/><N who="0" m="48233" /><D39/><U36/><E73/><V77/><F31/><W102/><G28/><T133/><D75/><U68/><E9/><V42/><F108/><W19/><G80/><T63/><D133/><U43/><E27/><V135/><F135/><W21/><G21/><T119/><D119/><U47/><E41/><V115/><F115/><W59/><G89/><T130/><D24/><U54/><E54/><V45/><F56/><W128/><G128/><T20/><D130/><U106/><E106/><V38/><F38/><W93/><G93/><N who="0" m="35915" /><D109/><U71/><E84/><N who="2" m="32363" /><F94/><W13/><G13/><T48/><D48/><U61/><N who="1" m="17920" /><DORA hai="105" /><U88/><AGARI ba="0,0" hai="1,2,36,43,47,52,58,61,82,87,88" m="17920" machi="88" ten="60,8000,1" yaku="4,1,0,1,54,2" doraHai="116,105" who="1" fromWho="1" sc="250,-40,250,80,250,-20,250,-20" /><INIT seed="1,0,0,3,4,33" ten="210,330,230,230" oya="1" hai0="126,84,121,135,72,116,17,7,58,13,118,88,61" hai1="73,8,53,51,34,117,77,4,94,122,106,50,127" hai2="26,79,19,75,39,104,119,74,30,130,123,59,91" hai3="80,36,124,42,5,32,24,29,125,67,76,57,63"/><U56/><E122/><V41/><F75/><W49/><G5/><T114/><D72/><U109/><E117/><V101/><F123/><W110/><G110/><T133/><D121/><U96/><E34/><V71/><F59/><W87/><G49/><T105/><D105/><U55/><E106/><V132/><F19/><W60/><G60/><T68/><D68/><U6/><E109/><V100/><F100/><W89/><G42/><T115/><D7/><U64/><E64/><V81/><F119/><N who="0" m="45610" /><D126/><U85/><E127/><N who="3" m="48714" /><G36/><T95/><D13/><U90/><E73/><V69/><F91/><AGARI ba="0,0" hai="24,29,32,57,63,67,76,80,87,89,91" m="48714" machi="91" ten="30,1000,0" yaku="18,1" doraHai="33" who="3" fromWho="2" sc="210,0,330,0,230,-10,230,10" /><INIT seed="2,0,0,0,3,128" ten="210,330,220,240" oya="2" hai0="96,118,50,115,71,35,15,63,4,53,48,42,39" hai1="58,132,91,13,117,102,31,84,36,111,7,121,38" hai2="17,2,22,5,93,131,82,28,85,75,14,124,134" hai3="119,135,10,23,8,9,114,67,46,104,33,41,77"/><V34/><F75/><W68/><G119/><T70/><D35/><U73/><E117/><V24/><F93/><W133/><G33/><T94/><D118/><U47/><E73/><V72/><F72/><W105/><G114/><T112/><D39/><U100/><E121/><V66/><F66/><W12/><G77/><T55/><D15/><U81/><E31/><V106/><F106/><W3/><G3/><T130/><D4/><U6/><E111/><V37/><F37/><W101/><G101/><T45/><D96/><U80/><E58/><V52/><F131/><W19/><G68/><N who="0" m="26155" /><D94/><U18/><E38/><V116/><F116/><W32/><G67/><T95/><D95/><U69/><E69/><V60/><F60/><W122/><G122/><T99/><D99/><U108/><E108/><V92/><F92/><W61/><G61/><T49/><D130/><U65/><E65/><V57/><F57/><W29/><G29/><T21/><D63/><U43/><E7/><V86/><F86/><W120/><G120/><T110/><D110/><U88/><E6/><V78/><F52/><W126/><G126/><T127/><D55/><U129/><E129/><V123/><F124/><W107/><REACH who="3" step="1"/><G32/><REACH who="3" ten="210,330,220,230" step="2"/><T1/><D127/><U125/><E125/><V26/><F123/><W98/><G98/><T54/><D115/><U44/><E102/><V109/><F109/><W20/><G20/><T90/><D21/><U30/><E100/><V74/><F2/><W0/><G0/><T51/><D1/><U64/><E64/><V56/><F34/><W113/><G113/><T16/><D112/><RYUUKYOKU ba="0,1" sc="210,-10,330,-10,220,-10,230,30" hai3="8,9,10,12,19,23,41,46,104,105,107,133,135" /><INIT seed="3,1,1,5,4,8" ten="200,320,210,260" oya="3" hai0="72,29,111,54,76,26,79,91,114,86,34,63,98" hai1="36,70,104,88,119,57,101,32,85,28,9,124,90" hai2="99,133,30,113,125,41,78,97,67,31,106,14,127" hai3="2,10,110,92,135,66,50,131,5,82,22,129,81"/><W126/><G135/><T35/><D111/><U12/><E70/><V130/><F67/><W7/><G126/><N who="2" m="48137" /><F41/><W38/><G38/><T95/><D114/><U13/><E124/><V25/><F113/><W116/><G116/><T44/><D35/><U49/><E36/><V61/><F61/><W68/><G7/><T103/><D72/><U51/><E119/><V0/><F0/><W43/><G92/><T58/><REACH who="0" step="1"/><D44/><REACH who="0" ten="190,320,210,260" step="2"/><U4/><E32/><V15/><F133/><W96/><G110/><T71/><D71/><U1/><E57/><V11/><F78/><W48/><G68/><T115/><D115/><U16/><E1/><V6/><F130/><W74/><G131/><T117/><D117/><U89/><E28/><V120/><F120/><W47/><G129/><T64/><D64/><U24/><E24/><V73/><F73/><W39/><G66/><T23/><D23/><U21/><REACH who="1" step="1"/><E85/><REACH who="1" ten="190,310,210,260" step="2"/><V69/><F69/><W108/><G108/><T59/><D59/><U118/><E118/><V84/><F84/><W46/><G74/><T55/><D55/><U37/><E37/><V87/><F87/><W83/><G39/><T53/><D53/><U80/><E80/><AGARI ba="1,3" hai="26,29,34,54,58,63,76,79,80,86,91,95,98,103" machi="80" ten="30,2000,0" yaku="1,1,7,1,53,0" doraHai="8" doraHaiUra="100" who="0" fromWho="1" sc="190,53,310,-23,210,0,260,0" /><INIT seed="4,0,0,5,4,60" ten="243,287,210,260" oya="0" hai0="3,56,93,131,41,127,81,7,55,99,11,1,34" hai1="91,80,92,69,67,58,134,48,100,40,20,84,37" hai2="123,83,27,72,2,106,10,0,18,118,50,68,24" hai3="5,39,86,15,74,124,21,59,44,47,89,57,79"/><T108/><D34/><U117/><E117/><V97/><F123/><W45/><G124/><T52/><D127/><U121/><E121/><V94/><F106/><W62/><G39/><T70/><D70/><U53/><E134/><V51/><F118/><W125/><G74/><T4/><D131/><U26/><E100/><V42/><F2/><W107/><G107/><T28/><D28/><U65/><E69/><V49/><F0/><W9/><G79/><T75/><D41/><U64/><E37/><V25/><F72/><W112/><G112/><T132/><D132/><U98/><E40/><V129/><F129/><W130/><G130/><T101/><D108/><U8/><E8/><V105/><F105/><W85/><G85/><T73/><D55/><U16/><E98/><V33/><F33/><W78/><G78/><T22/><D22/><U95/><AGARI ba="0,0" hai="16,20,26,48,53,58,64,65,67,80,84,91,92,95" machi="95" ten="30,12000,2" yaku="0,1,8,1,52,3,54,1" doraHai="60" who="1" fromWho="1" sc="243,-60,287,120,210,-30,260,-30" /><INIT seed="5,0,0,0,1,20" ten="183,407,180,230" oya="1" hai0="93,112,95,10,60,92,44,2,84,113,101,102,80" hai1="6,3,135,38,30,27,109,128,49,56,99,61,126" hai2="100,66,115,58,103,35,76,25,17,52,64,21,26" hai3="134,77,42,114,40,87,29,14,34,82,4,19,129"/><U69/><E38/><V5/><F5/><W68/><G129/><T67/><D44/><U132/><E109/><V108/><F76/><W79/><G134/><T133/><D10/><U89/><E126/><V0/><F0/><W7/><G114/><N who="0" m="44139" /><D2/><U88/><E128/><V106/><F108/><W1/><G68/><N who="0" m="42087" /><D133/><U119/><E119/><V50/><F115/><W91/><G1/><T121/><D121/><U22/><E3/><V15/><F35/><W107/><G107/><T9/><D9/><U41/><E6/><N who="3" m="2090" /><G29/><T32/><D32/><U96/><E135/><V74/><F74/><W116/><G34/><T117/><D117/><U36/><E132/><V51/><F106/><W12/><G116/><T98/><D98/><U105/><E99/><V48/><F66/><W81/><G19/><T118/><D118/><U53/><E96/><V8/><F64/><W122/><G91/><AGARI ba="0,0" hai="80,84,91,92,93,95,101,102" m="42087,44139" machi="91" ten="30,1000,0" yaku="15,1" doraHai="20" who="0" fromWho="3" sc="183,10,407,0,180,0,230,-10" /><INIT seed="6,0,0,2,4,81" ten="193,407,180,220" oya="2" hai0="50,80,34,131,114,29,104,17,2,38,132,42,10" hai1="88,3,9,39,63,32,68,12,130,53,89,72,122" hai2="30,110,90,15,111,113,101,62,133,98,37,123,19" hai3="126,35,106,54,65,20,33,22,69,7,84,78,67"/><V109/><F37/><W102/><G126/><T61/><D38/><U70/><E39/><V94/><F30/><W26/><G7/><T55/><D104/><U47/><E32/><V119/><F123/><W57/><G69/><T59/><D29/><U99/><E122/><V5/><F5/><W125/><G106/><T1/><D34/><U48/><E3/><V58/><F119/><W112/><G112/><T52/><D42/><U134/><E72/><V21/><F113/><W24/><G125/><T16/><D114/><U74/><E74/><V75/><F75/><W64/><G102/><T41/><D41/><U56/><E134/><V43/><F43/><W116/><G116/><T95/><D132/><U86/><E99/><V100/><REACH who="2" step="1"/><F133/><REACH who="2" ten="193,407,170,220" step="2"/><W14/><G35/><T45/><D1/><U118/><E118/><V66/><AGARI ba="0,1" hai="15,19,21,58,62,66,90,94,98,100,101,109,110,111" machi="66" ten="30,18000,2" yaku="1,1,2,1,0,1,10,1,53,2" doraHai="81" doraHaiUra="97" who="2" fromWho="2" sc="193,-60,407,-60,170,190,220,-60" /><INIT seed="6,1,0,2,5,102" ten="133,347,360,160" oya="2" hai0="26,72,80,21,40,32,124,76,20,119,19,25,38" hai1="70,7,58,133,99,13,113,43,88,104,9,118,117" hai2="83,116,111,47,28,131,54,84,114,35,66,22,8" hai3="41,78,27,79,14,63,56,23,86,105,48,6,95"/><V101/><F35/><W115/><G115/><T89/><D124/><U10/><E70/><V37/><F116/><W53/><G105/><T42/><D119/><U100/><E113/><V64/><F114/><W128/><G128/><T77/><D32/><U127/><E127/><V33/><F33/><W96/><G86/><T36/><D89/><U68/><E68/><V106/><F131/><W4/><G14/><T1/><D1/><U135/><E43/><V67/><F111/><W62/><G62/><T3/><D3/><U30/><E30/><V97/><F8/><W61/><G61/><T134/><D80/><U45/><E45/><V103/><F103/><W18/><G6/><T85/><D85/><U75/><E75/><V34/><F34/><W82/><G4/><T130/><D130/><U121/><E121/><V81/><F81/><W74/><G82/><T46/><D72/><U39/><E39/><V94/><F94/><W0/><G0/><T132/><D46/><U51/><E10/><V87/><F87/><W109/><G74/><T5/><D5/><U52/><E118/><V93/><F106/><W2/><G2/><T110/><REACH who="0" step="1"/><D19/><REACH who="0" ten="123,347,360,160" step="2"/><U126/><E126/><V123/><F84/><W107/><G109/><AGARI ba="1,1" hai="20,21,25,26,36,38,40,42,76,77,109,110,132,134" machi="109" ten="25,6400,0" yaku="1,1,2,1,22,2,53,0" doraHai="102" doraHaiUra="65" who="0" fromWho="3" sc="123,77,347,0,360,0,160,-67" /><INIT seed="7,0,0,4,1,53" ten="200,347,360,93" oya="3" hai0="132,108,2,59,134,109,74,64,16,77,18,34,95" hai1="35,87,25,6,23,27,105,78,80,94,129,14,114" hai2="99,40,133,17,130,75,58,92,33,120,83,112,41" hai3="102,1,54,85,73,89,122,118,131,42,49,0,126"/><W98/><G122/><T101/><D34/><U79/><E105/><V38/><F38/><W66/><G118/><T46/><D2/><U11/><E114/><V55/><F33/><W90/><G131/><T100/><D46/><U96/><E129/><V62/><F75/><W127/><G126/><T61/><D77/><U72/><E72/><V9/><F130/><W68/><G73/><T20/><D74/><U123/><E123/><V44/><F120/><W30/><G127/><T10/><D10/><U5/><E35/><V67/><F112/><W121/><G121/><T22/><D61/><U113/><E113/><V70/><F83/><W91/><G42/><T84/><D84/><U29/><E78/><V128/><F128/><W15/><G30/><T86/><D86/><U43/><E27/><V3/><F133/><W57/><G15/><T116/><D64/><U93/><E43/><V45/><F3/><W60/><REACH who="3" step="1"/><G85/><REACH who="3" ten="200,347,360,83" step="2"/><T12/><D12/><N who="1" m="5231" /><E96/><V47/><F41/><W71/><G71/><T8/><D116/><U119/><E119/><V69/><F40/><W110/><G110/><T124/><D124/><U32/><E32/><V104/><F69/><W81/><G81/><T13/><D13/><U21/><E6/><V7/><F7/><W135/><G135/><T88/><D134/><U76/><E79/><V26/><F70/><W125/><G125/><T28/><D132/><U48/><E48/><V106/><F99/><W19/><G19/><AGARI ba="0,1" hai="14,19,21,23,25,29,76,80,87,93,94" m="5231" machi="19" ten="30,1000,0" yaku="8,1" doraHai="53" who="1" fromWho="3" sc="200,0,347,20,360,0,83,-10" owari="200,-20.0,367,47.0,360,16.0,73,-43.0" /></mjloggm>