<mjloggm ver="2.3"><GO type="169" lobby="0"/><UN n0="%E6%82%A0%E9%9B%85" n1="%E7%99%BD%E9%BB%92%E7%A5%9E" n2="%EF%BC%88%E2%89%A7%E2%96%BD%E2%89%A6%EF%BC%89" n3="%48%6F%6E%65%6B%6B%6F%5F" dan="16,16,18,16" rate="2076.90,2076.18,2244.99,2125.42" sx="M,F,M,M"/><TAIKYOKU oya="0"/><INIT seed="0,0,0,0,0,114" ten="250,250,250,250" oya="0" hai0="26,68,50,2,64,47,127,116,72,108,101,100,123" hai1="11,112,122,82,5,131,125,43,94,105,110,67,130" hai2="80,0,74,99,111,45,24,37,55,44,28,36,13" hai3="56,103,33,79,117,35,53,29,39,16,119,83,81"/><T17/><D123/><U15/><E105/><V120/><F0/><W1/><G39/><T107/><D2/><U4/><E43/><V20/><F120/><W104/><G1/><T48/><D72/><U31/><E122/><V132/><F132/><W22/><G29/><T34/><D34/><U95/><E67/><V66/><F66/><W118/><G103/><T38/><D38/><U126/><E82/><V89/><F111/><W25/><G104/><T134/><D134/><U93/><E110/><V65/><F65/><W92/><G92/><N who="1" m="35434" /><E112/><V86/><F74/><W59/><G81/><T77/><D77/><U41/><E41/><V75/><F75/><W21/><G21/><T61/><D108/><U60/><E60/><V128/><F99/><W7/><G7/><T57/><D68/><U69/><E69/><V62/><F37/><W97/><G97/><T49/><D107/><U46/><E46/><V109/><F109/><W135/><G135/><T96/><D47/><U19/><E31/><V40/><F44/><W87/><REACH who="3" step="1"/><G59/><REACH who="3" ten="250,250,250,240" step="2"/><T58/><D58/><U78/><E95/><N who="2" m="54711" /><F36/><W52/><G52/><T27/><D96/><U3/><E5/><V8/><F80/><W54/><G54/><T10/><D100/><U113/><E113/><V98/><F98/><W115/><G115/><T88/><D101/><U6/><E6/><N who="2" m="3223" /><F55/><W9/><G9/><T106/><D10/><U102/><E11/><V90/><F28/><W23/><G23/><T85/><D106/><U129/><E4/><V70/><F20/><W91/><G91/><T76/><D88/><U73/><E3/><RYUUKYOKU ba="0,1" sc="250,-10,250,-10,250,-10,240,30" hai3="16,22,25,33,35,53,56,79,83,87,117,118,119" /><INIT seed="1,1,1,5,1,67" ten="240,240,240,270" oya="1" hai0="13,49,8,87,66,97,44,1,79,80,121,57,9" hai1="62,115,56,28,106,55,118,15,16,58,96,101,73" hai2="45,117,35,53,26,0,19,25,42,38,109,99,135" hai3="124,33,39,77,103,132,5,36,40,89,46,29,105"/><U72/><E115/><V41/><F0/><W92/><G124/><T134/><D134/><U27/><E118/><V60/><F117/><W90/><G132/><T65/><D121/><U112/><E112/><V59/><F135/><W64/><G39/><T10/><D1/><U43/><E43/><V23/><F109/><W4/><G77/><T85/><D85/><U6/><E6/><V122/><F122/><W123/><G123/><T133/><D133/><U88/><E88/><V63/><F41/><W100/><G105/><T76/><D76/><U114/><E114/><V110/><F110/><W11/><G64/><T20/><D97/><U107/><E107/><V69/><F99/><W70/><G70/><T119/><D119/><U113/><E113/><V78/><F78/><W120/><G120/><T17/><D57/><U2/><E2/><V12/><F35/><W128/><G128/><T7/><D7/><U30/><E58/><V54/><F53/><AGARI ba="1,1" hai="8,9,10,13,17,20,44,49,53,65,66,79,80,87" machi="53" ten="40,1300,0" yaku="8,1" doraHai="67" who="0" fromWho="2" sc="240,26,240,0,240,-16,270,0" /><INIT seed="2,0,0,4,3,105" ten="266,240,224,270" oya="2" hai0="96,69,14,78,55,5,80,48,125,111,70,109,77" hai1="7,121,115,67,15,25,72,82,33,135,124,6,39" hai2="90,44,29,3,97,133,103,52,23,8,51,30,100" hai3="45,116,40,117,35,27,17,128,22,118,91,76,88"/><V99/><F133/><W83/><G128/><T11/><D77/><U102/><E115/><V53/><F3/><W2/><G35/><T26/><D125/><U12/><E124/><V59/><F8/><W28/><G28/><N who="2" m="10857" /><F23/><W131/><G2/><T74/><D26/><U75/><E39/><V73/><F73/><W98/><G98/><N who="2" m="37385" /><F90/><W119/><N who="3" m="29696" /><DORA hai="93" /><W126/><G126/><T46/><REACH who="0" step="1"/><D96/><REACH who="0" ten="256,240,224,270" step="2"/><U21/><E25/><V49/><AGARI ba="0,1" hai="44,49,51,52,53,59,100,103" m="37385,10857" machi="49" ten="30,12000,1" yaku="8,1,52,3,54,1" doraHai="105,93" who="2" fromWho="2" sc="256,-40,240,-40,224,130,270,-40" /><INIT seed="2,1,0,5,1,71" ten="216,200,354,230" oya="2" hai0="21,10,69,22,107,86,64,55,132,79,49,65,26" hai1="95,81,28,40,106,8,1,112,70,52,77,29,99" hai2="36,53,76,3,51,92,47,20,91,90,60,125,48" hai3="67,35,72,104,11,43,42,121,19,73,113,98,111"/><V63/><F125/><W0/><G121/><T127/><D107/><U94/><E70/><V80/><F3/><W105/><G35/><T66/><D127/><U62/><E112/><V45/><F36/><W25/><G67/><T68/><D132/><U58/><E40/><V7/><F7/><W100/><G111/><T89/><D79/><U14/><E106/><V38/><F38/><W17/><G113/><T118/><D118/><U4/><E1/><V124/><F124/><W122/><G122/><T34/><D10/><U134/><E134/><V88/><F20/><W119/><G119/><T97/><D97/><U2/><E2/><V23/><F23/><W115/><G115/><T93/><D21/><U6/><E6/><V103/><F103/><W56/><G0/><T128/><D34/><U30/><REACH who="1" step="1"/><E99/><REACH who="1" ten="216,190,354,230" step="2"/><V129/><F129/><W126/><G98/><T102/><D128/><U75/><AGARI ba="1,1" hai="4,8,14,28,29,30,52,58,62,75,77,81,94,95" machi="75" ten="30,7900,0" yaku="1,1,2,1,0,1,54,1,53,0" doraHai="71" doraHaiUra="110" who="1" fromWho="1" sc="216,-21,190,92,354,-40,230,-21" /><INIT seed="3,0,0,4,2,130" ten="195,282,314,209" oya="3" hai0="78,108,38,39,24,9,7,36,92,94,72,73,71" hai1="111,97,131,33,98,47,103,69,122,45,1,49,0" hai2="13,28,53,116,15,17,30,91,18,90,117,23,26" hai3="128,102,107,132,65,114,61,52,51,46,20,123,25"/><W96/><G123/><T54/><D108/><U109/><E33/><V21/><F53/><W37/><G114/><T135/><D71/><U12/><E69/><V56/><F56/><W88/><G128/><T6/><D24/><AGARI ba="0,0" hai="13,15,17,18,21,23,24,26,28,30,90,91,116,117" machi="24" ten="25,1600,0" yaku="22,2" doraHai="130" who="2" fromWho="0" sc="195,-16,282,0,314,16,209,0" /><INIT seed="4,0,0,0,1,66" ten="179,282,330,209" oya="0" hai0="89,84,33,122,30,123,82,9,20,29,81,11,77" hai1="92,68,107,128,115,125,43,62,51,105,41,59,0" hai2="83,42,45,69,114,80,12,2,65,72,99,4,47" hai3="96,121,90,71,14,135,60,111,8,131,13,36,118"/><T67/><D33/><U48/><E0/><V54/><F114/><W133/><G111/><T87/><D67/><U55/><E115/><V5/><F2/><W91/><G118/><T15/><D122/><U70/><E128/><V57/><F72/><W35/><G131/><T22/><D123/><U56/><E125/><V39/><F99/><W49/><G121/><T44/><D9/><U37/><E92/><V61/><F45/><W53/><G36/><T102/><D102/><U110/><E110/><V100/><F100/><W40/><G40/><N who="1" m="15434" /><E37/><V75/><F75/><W16/><G35/><T126/><D126/><U38/><E105/><V97/><F97/><W101/><G71/><N who="1" m="27178" /><E107/><V52/><F54/><W21/><G101/><T50/><D29/><U130/><E130/><V119/><F119/><W7/><G96/><T19/><REACH who="0" step="1"/><D30/><REACH who="0" ten="169,282,330,209" step="2"/><U127/><E127/><V23/><F39/><W79/><G8/><T76/><D76/><U3/><E38/><V46/><F65/><W120/><G79/><T124/><D124/><U31/><E31/><V64/><F64/><W94/><G120/><T113/><D113/><U58/><E3/><V6/><F69/><W134/><G134/><T117/><D117/><U27/><E51/><V112/><F112/><W108/><G49/><T104/><D104/><U25/><E48/><V85/><F61/><W28/><G28/><T18/><D18/><U132/><E62/><V116/><F116/><W106/><G106/><T1/><D1/><U78/><E78/><V103/><F103/><W109/><G108/><T95/><D95/><U86/><E55/><AGARI ba="0,1" hai="11,15,19,20,22,44,50,55,77,81,82,84,87,89" machi="55" ten="30,18000,2" yaku="1,1,6,1,7,1,25,2,8,1,53,0" doraHai="66" doraHaiUra="88" who="0" fromWho="1" sc="169,190,282,-180,330,0,209,0" /><INIT seed="4,1,0,2,3,92" ten="359,102,330,209" oya="0" hai0="61,56,133,77,95,42,12,65,1,101,76,9,121" hai1="123,8,122,13,54,27,80,50,82,37,7,74,16" hai2="109,55,2,33,106,70,73,21,51,87,127,116,64" hai3="81,135,17,130,132,110,99,94,66,29,49,112,10"/><T48/><D121/><U22/><E37/><V35/><F73/><W11/><G110/><T103/><D133/><N who="3" m="51273" /><G112/><T3/><D3/><U26/><E26/><V117/><F106/><W6/><G130/><T28/><D1/><U53/><E74/><V69/><F127/><W98/><G29/><T19/><D28/><U41/><E123/><V32/><F109/><W62/><G81/><N who="1" m="31338" /><E122/><V118/><F2/><N who="3" m="343" /><G49/><T24/><D24/><U43/><E54/><V134/><F134/><W85/><G85/><T75/><D75/><U78/><E78/><N who="0" m="30313" /><D95/><U113/><E113/><V58/><F87/><W68/><G94/><T84/><D84/><U115/><E115/><V60/><REACH who="2" step="1"/><F21/><REACH who="2" ten="359,102,320,209" step="2"/><W36/><G36/><T93/><D93/><U90/><E90/><V96/><F96/><W52/><G99/><T59/><D103/><U108/><E108/><V45/><AGARI ba="1,1" hai="32,33,35,45,51,55,58,60,64,69,70,116,117,118" machi="45" ten="40,8000,1" yaku="1,1,0,1,12,1,53,1" doraHai="92" doraHaiUra="40" who="2" fromWho="2" sc="359,-41,102,-21,320,93,209,-21" /><INIT seed="5,0,0,5,4,50" ten="318,81,413,188" oya="1" hai0="117,65,76,9,99,74,5,32,112,1,83,126,7" hai1="2,30,106,121,59,64,81,55,82,18,109,68,16" hai2="79,84,47,14,42,27,0,13,116,39,73,132,20" hai3="92,104,66,12,36,44,101,122,77,48,52,61,6"/><U22/><E106/><V95/><F0/><W40/><G122/><T129/><D117/><U89/><E121/><V46/><F116/><W38/><G104/><T90/><D129/><U125/><E2/><V133/><F73/><W85/><G101/><T105/><D5/><U11/><E109/><V107/><F47/><W54/><G36/><T100/><D126/><U118/><E125/><V3/><F3/><W111/><G111/><T4/><D4/><U97/><E118/><V78/><F107/><W25/><G25/><T93/><D112/><U49/><E30/><V110/><F110/><W135/><G135/><N who="2" m="51785" /><F95/><W115/><G115/><T88/><D65/><U19/><E11/><V37/><F37/><W102/><G38/><T8/><D8/><U91/><E22/><V124/><F84/><W51/><G51/><T56/><D32/><U70/><E64/><V58/><F124/><W45/><G45/><T114/><D114/><U94/><REACH who="1" step="1"/><E91/><REACH who="1" ten="318,71,413,188" step="2"/><V96/><F20/><W103/><G66/><T29/><D29/><U26/><E26/><V130/><F27/><W43/><G12/><T24/><D24/><U10/><E10/><V34/><F13/><W75/><G102/><T15/><D1/><U119/><E119/><V71/><F14/><W31/><G31/><T128/><D128/><U69/><AGARI ba="0,1" hai="16,18,19,49,55,59,68,69,70,81,82,89,94,97" machi="69" ten="40,12000,1" yaku="1,1,0,1,52,1,54,1,53,0" doraHai="50" doraHaiUra="120" who="1" fromWho="1" sc="318,-40,71,130,413,-40,188,-40" /><INIT seed="5,1,0,4,2,75" ten="278,201,373,148" oya="1" hai0="60,50,70,64,20,122,71,128,123,100,33,67,56" hai1="115,51,37,10,46,32,36,58,65,14,105,30,7" hai2="66,2,111,129,114,81,23,45,77,61,52,92,5" hai3="43,31,133,4,68,91,86,19,132,110,48,17,98"/><U84/><E105/><V26/><F111/><W22/><G110/><T126/><D33/><U15/><E115/><V25/><F114/><W119/><G68/><T112/><D100/><U21/><E32/><V120/><F120/><N who="0" m="46122" /><D112/><U82/><E58/><N who="2" m="37175" /><F2/><W101/><G119/><T8/><D8/><U13/><E65/><N who="0" m="25161" /><D20/><U57/><E57/><V74/><F5/><W9/><G31/><T96/><D96/><U29/><E15/><V88/><F74/><W99/><G99/><T1/><D1/><U47/><E47/><V73/><F73/><W55/><G98/><T16/><D16/><N who="1" m="10391" /><E36/><V93/><F23/><W53/><G101/><T94/><D126/><U83/><E37/><V34/><F34/><W118/><G118/><T116/><D116/><U12/><E12/><V72/><F25/><W87/><G87/><T135/><D135/><N who="3" m="51785" /><G22/><T28/><D28/><N who="1" m="10859" /><E84/><V85/><F72/><W127/><G127/><T59/><D71/><U79/><E79/><V11/><F77/><W41/><G17/><T0/><D0/><U78/><E78/><V69/><F85/><W18/><G19/><T97/><D70/><U134/><E134/><V3/><F69/><W95/><G18/><T125/><D125/><U80/><E80/><V90/><F81/><W103/><G9/><T131/><D60/><U49/><E49/><N who="2" m="28719" /><F11/><W44/><G4/><T76/><D76/><U42/><AGARI ba="1,0" hai="7,10,13,42,46,51,82,83" m="10859,10391" machi="42" ten="30,3000,0" yaku="8,1,54,1" doraHai="75" who="1" fromWho="1" sc="278,-11,201,33,373,-11,148,-11" /><INIT seed="5,2,0,2,3,65" ten="267,234,362,137" oya="1" hai0="133,118,40,98,107,82,47,61,121,76,19,31,122" hai1="38,13,0,132,74,56,111,124,64,91,20,24,34" hai2="53,49,50,87,88,119,36,126,130,44,116,129,104" hai3="29,84,120,134,3,66,28,42,54,135,46,79,41"/><U89/><E74/><V14/><F126/><W10/><G120/><T131/><D118/><U86/><E38/><V2/><F2/><W127/><G127/><T71/><D31/><U80/><E0/><V17/><F104/><W92/><G66/><T5/><D131/><N who="2" m="50186" /><F50/><W6/><G54/><T45/><D133/><U27/><E124/><V43/><F17/><W4/><G4/><T26/><D5/><U102/><E132/><N who="3" m="50730" /><G42/><T59/><D26/><U60/><E102/><V23/><F14/><W123/><G123/><T100/><D19/><N who="1" m="10351" /><E34/><V70/><F23/><W113/><G113/><T48/><D47/><U114/><E114/><V11/><F11/><W16/><G16/><T85/><D121/><U106/><E106/><V83/><F70/><W57/><G57/><AGARI ba="2,0" hai="36,43,44,49,53,57,83,87,88,116,119" m="50186" machi="57" ten="30,2000,0" yaku="19,1,54,1" doraHai="65" who="2" fromWho="3" sc="267,0,234,0,362,26,137,-26" /><INIT seed="6,0,0,3,4,105" ten="267,234,388,111" oya="2" hai0="86,79,28,4,73,108,80,91,12,75,88,17,64" hai1="81,70,29,95,96,77,125,101,26,2,47,82,13" hai2="25,94,33,127,67,65,103,66,102,0,123,78,31" hai3="119,68,131,109,87,37,99,72,58,90,7,118,43"/><V34/><F0/><W106/><G68/><T35/><D108/><U115/><E70/><V41/><F123/><W112/><G109/><T42/><D4/><U113/><E115/><V39/><F34/><W50/><G131/><T46/><D64/><U126/><E2/><V15/><F127/><N who="1" m="48649" /><E113/><V122/><F122/><W36/><G112/><T120/><D120/><U52/><E13/><V32/><F32/><W8/><G72/><T59/><D59/><U71/><E71/><V55/><F78/><W116/><G99/><T135/><D135/><U38/><E77/><V16/><F55/><W11/><G106/><T56/><D56/><U61/><E38/><V20/><F94/><W14/><G8/><T69/><D69/><U98/><E98/><V129/><F129/><W3/><G3/><T27/><D91/><U83/><E83/><V49/><F39/><W30/><G30/><T104/><D79/><U97/><E97/><V85/><F85/><W54/><REACH who="3" step="1"/><G43/><REACH who="3" ten="267,234,388,101" step="2"/><T18/><D104/><U22/><E96/><V60/><F41/><W121/><G121/><T107/><D107/><U57/><E29/><V110/><F31/><W9/><G9/><T84/><D84/><U76/><E101/><V134/><F103/><W63/><G63/><T111/><D111/><U53/><E61/><V45/><F60/><W21/><G21/><T19/><REACH who="0" step="1"/><D12/><REACH who="0" ten="257,234,388,101" step="2"/><U24/><E26/><N who="2" m="14599" /><F110/><W124/><G124/><T92/><D92/><AGARI ba="0,2" hai="7,11,14,36,37,50,54,58,87,90,92,116,118,119" machi="92" ten="40,1300,0" yaku="1,1,53,0" doraHai="105" doraHaiUra="132" who="3" fromWho="0" sc="257,-13,234,0,388,0,101,33" /><INIT seed="7,0,0,2,5,128" ten="244,234,388,134" oya="3" hai0="109,134,117,56,124,87,96,84,41,88,106,77,20" hai1="8,133,120,31,112,48,92,79,45,70,105,43,35" hai2="50,123,53,25,126,113,90,101,107,78,135,9,36" hai3="69,95,97,3,110,39,111,71,61,81,80,98,32"/><W130/><G3/><T75/><D117/><U28/><E105/><V122/><F36/><W67/><G130/><T29/><D41/><U0/><E70/><V132/><F78/><W121/><G121/><N who="2" m="46089" /><F126/><W42/><G32/><T74/><D109/><N who="3" m="41481" /><G71/><T66/><D124/><U83/><E120/><V27/><F113/><W119/><G119/><T57/><D66/><U129/><E112/><V51/><F51/><W59/><G97/><T49/><D49/><U55/><E129/><V86/><F9/><W26/><G26/><N who="2" m="9737" /><F101/><N who="3" m="60639" /><G69/><T38/><D38/><U85/><E35/><V47/><F107/><W1/><G1/><T4/><D106/><U102/><E0/><V114/><F114/><W7/><G7/><T64/><D74/><U131/><E131/><V65/><F65/><W116/><G116/><T89/><D75/><U54/><E8/><V93/><AGARI ba="0,0" hai="47,50,53,86,90,93,132,135" m="9737,46089" machi="93" ten="30,4000,0" yaku="13,1,52,2" doraHai="128" who="2" fromWho="2" sc="244,-10,234,-10,388,40,134,-20" owari="234,3.0,224,-18.0,428,54.0,114,-39.0" /></mjloggm>