<mjloggm ver="2.3"><GO type="41"/><UN n0="%E3%81%9D%E3%81%93%E3%81%AF%E3%81%8B%E3%81%A8%E3%81%AA%E3%81%8F" n1="%6B%61%6E%65%67%6F%6E%33" n2="%6B%6B%35%32%30" n3="%E3%82%A6%E3%83%AB%E3%83%88%E3%83%A9%E7%AB%8B%E7%9B%B4" dan="13,14,13,15" rate="1808,1921,1901,2021" sx="F,M,M,F"/><TAIKYOKU oya="0"/><INIT seed="0,0,0,0,1,22" ten="250,250,250,250" oya="0" hai0="21,79,3,47,99,71,97,65,17,130,11,94,112" hai1="6,106,62,18,59,61,42,127,51,85,122,109,104" hai2="66,52,87,31,111,15,80,107,46,36,121,9,63" hai3="116,134,67,39,114,123,117,0,83,24,45,50,108"/><T81/><D112/><U54/><E122/><V128/><F121/><W49/><G123/><T64/><D71/><U100/><E127/><V57/><F107/><W27/><G0/><T82/><D3/><U16/><E109/><V131/><F111/><W126/><G114/><T102/><D130/><N who="2" m="49706" /><F31/><W113/><G113/><T77/><D47/><U5/><E106/><V90/><F36/><W10/><G39/><T13/><D97/><U93/><E104/><V124/><F124/><W89/><G126/><T53/><D11/><U135/><E135/><V30/><F30/><W110/><G134/><T92/><D92/><U4/><E100/><V40/><F40/><W88/><G10/><T68/><D68/><U105/><E105/><V43/><F43/><W119/><G119/><T33/><D33/><U7/><N who="1" m="1536" /><DORA hai="95" /><U19/><E42/><V125/><F125/><W132/><G132/><T32/><D32/><U56/><E56/><V78/><F46/><W84/><G45/><T74/><D53/><U69/><E69/><V14/><F9/><W48/><G110/><T91/><REACH who="0" step="1"/><D102/><REACH who="0" ten="240,250,250,250" step="2"/><U72/><E72/><AGARI ba="0,1" hai="13,17,21,64,65,72,74,77,79,81,82,91,94,99" machi="72" ten="30,12000,1" yaku="1,1,2,1,7,1,9,1,52,1,53,0" doraHai="22,95" doraHaiUra="35,101" who="0" fromWho="1" sc="240,130,250,-120,250,0,250,0" /><INIT seed="0,1,0,5,3,4" ten="370,130,250,250" oya="0" hai0="20,46,68,100,10,14,32,94,66,37,105,81,84" hai1="82,75,90,48,57,47,22,3,33,19,116,73,67" hai2="128,49,17,44,8,16,99,62,31,87,98,12,0" hai3="9,120,50,45,123,103,85,42,30,80,36,6,54"/><T78/><D32/><U38/><E116/><V114/><F114/><W56/><G103/><T122/><D105/><U24/><E33/><V77/><F128/><W7/><G30/><T86/><D122/><U52/><E3/><V121/><F121/><W74/><G6/><T97/><D68/><U119/><E119/><V21/><F31/><W63/><G74/><T108/><D66/><U76/><E90/><V118/><F118/><W89/><REACH who="3" step="1"/><G63/><REACH who="3" ten="370,130,250,240" step="2"/><T92/><D108/><U25/><E75/><V95/><F62/><W58/><G58/><T39/><D46/><U134/><E134/><V23/><F0/><AGARI ba="1,1" hai="0,7,9,36,42,45,50,54,56,80,85,89,120,123" machi="0" ten="40,5200,0" yaku="1,1,52,1,53,1" doraHai="4" doraHaiUra="1" who="3" fromWho="2" sc="370,0,130,0,250,-55,240,65" /><INIT seed="1,0,0,0,0,93" ten="370,130,195,305" oya="1" hai0="108,79,22,132,63,116,101,47,9,100,72,4,38" hai1="65,76,39,112,74,84,21,118,25,58,95,129,123" hai2="23,35,130,55,115,110,81,18,106,96,131,83,29" hai3="30,120,41,87,121,105,56,109,40,99,88,85,24"/><U107/><E107/><V50/><F115/><W19/><G109/><T90/><D116/><U70/><E70/><V91/><F110/><W102/><G87/><T111/><D111/><U69/><E69/><V64/><F64/><W54/><G19/><T51/><D108/><U16/><E39/><V42/><F42/><W26/><G41/><T61/><D132/><U49/><E123/><V103/><F29/><W20/><G40/><T0/><D22/><U1/><E1/><V124/><F35/><W3/><G26/><T15/><D90/><U89/><E118/><V7/><F7/><W114/><G3/><T44/><D15/><U11/><E112/><V13/><F124/><W43/><G43/><N who="0" m="22647" /><D101/><U73/><E76/><V134/><F134/><W97/><G114/><T17/><D100/><U98/><E11/><V126/><F126/><W133/><G133/><T6/><D6/><U33/><E33/><V94/><F106/><W14/><G14/><T10/><D10/><U67/><E84/><V8/><F23/><W75/><G97/><T37/><D17/><U92/><E92/><V53/><F53/><W27/><G27/><T128/><D37/><U82/><E82/><V77/><F103/><W52/><G75/><N who="1" m="28682" /><E129/><N who="2" m="49163" /><F77/><W125/><G125/><T135/><D128/><U122/><E122/><V104/><F104/><W66/><G66/><T78/><D135/><U46/><E46/><AGARI ba="0,0" hai="8,13,18,46,50,55,81,83,91,94,96" m="49163" machi="46" ten="30,2000,0" yaku="19,1,52,1" doraHai="93" who="2" fromWho="1" sc="370,0,130,-20,195,20,305,0" /><INIT seed="2,0,0,2,0,89" ten="370,110,215,305" oya="2" hai0="108,55,57,15,31,77,62,75,126,64,21,123,56" hai1="84,131,37,76,74,135,72,26,73,112,24,30,67" hai2="105,2,41,101,99,122,100,8,93,96,68,20,97" hai3="78,70,10,121,33,69,49,25,59,63,79,9,52"/><V32/><F122/><W5/><G10/><T61/><D123/><U128/><E112/><V132/><F68/><W80/><G121/><T82/><D108/><U94/><E37/><V14/><F32/><W87/><G78/><T18/><REACH who="0" step="1"/><D31/><REACH who="0" ten="360,110,215,305" step="2"/><U0/><E0/><V39/><F132/><W36/><G36/><T117/><D117/><U28/><E135/><V17/><F97/><W54/><G25/><T129/><D129/><N who="1" m="49739" /><E67/><V27/><F2/><W71/><G33/><T115/><D115/><U109/><E109/><V6/><F39/><W1/><REACH who="3" step="1"/><G71/><REACH who="3" ten="360,110,215,295" step="2"/><T4/><D4/><U92/><E24/><V3/><F41/><W19/><G19/><T42/><D42/><U12/><E12/><V22/><F3/><W88/><G88/><T35/><D35/><N who="1" m="20887" /><E30/><V113/><F113/><W104/><G104/><T43/><D43/><U60/><E60/><V46/><F100/><W53/><G53/><T13/><D13/><U125/><E125/><AGARI ba="0,2" hai="15,18,21,55,56,57,61,62,64,75,77,82,125,126" machi="125" ten="40,1300,0" yaku="1,1,53,0" doraHai="89" doraHaiUra="23" who="0" fromWho="1" sc="360,33,110,-13,215,0,295,0" /><INIT seed="3,0,0,3,4,13" ten="393,97,215,295" oya="3" hai0="103,99,98,30,17,56,116,54,96,16,14,128,117" hai1="91,59,35,127,69,6,111,53,93,104,78,62,81" hai2="18,4,32,21,9,1,70,51,22,12,121,100,31" hai3="126,88,40,34,39,7,44,123,77,42,79,119,66"/><W87/><G123/><T82/><D116/><U67/><E104/><V52/><F70/><W10/><G119/><T122/><D117/><U8/><E111/><V97/><F121/><W120/><G120/><T90/><D122/><U68/><E127/><V129/><F129/><W38/><G34/><T50/><D128/><U73/><E35/><V130/><F130/><W19/><G126/><T118/><D118/><U20/><E67/><V108/><F108/><W92/><G66/><T58/><D30/><U0/><REACH who="1" step="1"/><E20/><REACH who="1" ten="393,87,215,295" step="2"/><V64/><F64/><W63/><G63/><T101/><D56/><U133/><E133/><V84/><F22/><W106/><G106/><T94/><D14/><U47/><E47/><V27/><F84/><AGARI ba="0,1" hai="0,6,8,53,59,62,68,69,73,78,81,84,91,93" machi="84" ten="30,3900,0" yaku="1,1,7,1,53,1" doraHai="13" doraHaiUra="33" who="1" fromWho="2" sc="393,0,87,49,215,-39,295,0" /><INIT seed="4,0,0,0,1,108" ten="393,136,176,295" oya="0" hai0="66,103,10,95,7,74,130,9,48,39,47,97,99" hai1="93,23,57,53,60,131,4,71,6,70,46,82,84" hai2="118,115,40,128,72,19,89,112,133,135,134,28,73" hai3="87,124,37,8,20,105,17,50,35,41,86,122,91"/><T32/><D32/><U11/><E131/><V76/><F128/><W78/><G37/><T83/><D130/><U27/><E93/><V1/><F1/><W114/><G35/><T127/><D66/><U92/><E92/><V45/><F19/><W42/><G105/><T120/><D120/><U132/><E132/><V63/><F118/><W111/><G122/><T85/><D127/><U62/><E46/><V33/><F63/><W49/><G111/><T31/><D31/><U113/><E62/><V16/><F89/><W36/><G36/><T67/><D67/><U26/><E26/><N who="2" m="18583" /><F16/><W68/><G68/><T22/><D74/><N who="2" m="28778" /><F76/><W106/><G17/><T29/><D39/><AGARI ba="0,0" hai="39,40,45,112,115,133,134,135" m="28778,18583" machi="39" ten="40,8000,1" yaku="20,1,23,1,52,2" doraHai="108" who="2" fromWho="0" sc="393,-80,136,0,176,80,295,0" /><INIT seed="5,0,0,0,0,37" ten="313,136,256,295" oya="1" hai0="31,85,27,6,50,3,19,78,47,68,13,114,75" hai1="104,16,134,30,62,55,135,17,39,80,112,101,51" hai2="115,102,64,10,92,125,43,7,23,33,76,94,9" hai3="1,65,107,26,103,5,128,124,36,28,46,38,89"/><U35/><E39/><V105/><F33/><W0/><G89/><T52/><D68/><U100/><E112/><V41/><F115/><W122/><G38/><T84/><D114/><U32/><E62/><V93/><F125/><W12/><G12/><T58/><D75/><U8/><E80/><V82/><F64/><W118/><G122/><T86/><D3/><U109/><E109/><V18/><F105/><W69/><G0/><T106/><D106/><U87/><E87/><N who="2" m="48583" /><F102/><N who="1" m="39529" /><E104/><V77/><F77/><W14/><G14/><T133/><D133/><N who="1" m="50699" /><E8/><N who="2" m="3179" /><F7/><W97/><G5/><T57/><D6/><U117/><E117/><V126/><F126/><W132/><G124/><T98/><D98/><U4/><E4/><V54/><F54/><W111/><G1/><T20/><REACH who="0" step="1"/><D78/><REACH who="0" ten="303,136,256,295" step="2"/><U99/><E99/><V129/><F129/><W11/><G128/><T21/><AGARI ba="0,1" hai="13,19,20,21,27,31,47,50,52,57,58,84,85,86" machi="21" ten="30,8000,1" yaku="1,1,2,1,0,1,8,1,54,1,53,0" doraHai="37" doraHaiUra="113" who="0" fromWho="0" sc="303,90,136,-40,256,-20,295,-20" /><INIT seed="6,0,0,1,5,62" ten="393,96,236,275" oya="2" hai0="13,105,25,91,59,66,131,44,121,30,49,97,40" hai1="124,28,52,10,130,89,55,33,15,128,26,125,39" hai2="108,95,116,51,110,34,88,65,113,127,83,96,122" hai3="2,27,120,126,8,4,23,115,81,132,61,37,21"/><V20/><F122/><W69/><G37/><T94/><D121/><U17/><E39/><V79/><F34/><W18/><G120/><T78/><D105/><U14/><E89/><V19/><F116/><W86/><G126/><T100/><D131/><U99/><E99/><V112/><F127/><N who="1" m="48713" /><E55/><V75/><F51/><W71/><G132/><T76/><D13/><N who="1" m="7351" /><E52/><V102/><F65/><W41/><G115/><N who="2" m="44105" /><F19/><W56/><G23/><N who="0" m="15679" /><D91/><U5/><E5/><V118/><F20/><W82/><G41/><T29/><D29/><U133/><E133/><V38/><F38/><W77/><REACH who="3" step="1"/><G82/><REACH who="3" ten="393,96,236,265" step="2"/><T67/><D78/><U135/><E135/><V12/><F118/><W54/><AGARI ba="0,1" hai="2,4,8,18,21,27,54,56,61,69,71,77,81,86" machi="54" ten="20,8000,1" yaku="1,1,2,1,0,1,7,1,53,1" doraHai="62" doraHaiUra="6" who="3" fromWho="3" sc="393,-20,96,-20,236,-40,265,90" /><INIT seed="7,0,0,0,4,13" ten="373,76,196,355" oya="3" hai0="86,76,130,81,133,3,30,73,25,50,85,51,103" hai1="74,60,63,26,2,24,42,116,39,34,117,19,84" hai2="101,94,79,68,104,59,31,70,83,112,16,52,23" hai3="4,69,62,119,44,36,61,107,126,18,66,54,29"/><W113/><G119/><T118/><D118/><U93/><E74/><V131/><F104/><W20/><G107/><T98/><D3/><U128/><E2/><V17/><F112/><W27/><G113/><T115/><D115/><U6/><E6/><V65/><F131/><W121/><G121/><T123/><D123/><U87/><E39/><V80/><F70/><W64/><G4/><T129/><D133/><U53/><E42/><V135/><F135/><W122/><G122/><T105/><D73/><U33/><E93/><V15/><F65/><W41/><G54/><T35/><D85/><U49/><E49/><N who="2" m="31119" /><F68/><W127/><REACH who="3" step="1"/><G29/><REACH who="3" ten="373,76,196,345" step="2"/><T89/><D76/><U7/><E7/><V108/><F108/><W38/><G38/><T47/><D47/><U102/><E53/><V32/><F32/><W97/><G97/><T14/><D130/><U46/><E128/><V40/><F31/><W91/><G91/><T92/><D129/><U111/><E102/><V99/><F40/><W72/><G72/><T45/><D105/><U21/><E46/><V43/><F43/><W12/><G12/><T78/><D45/><U58/><E111/><V55/><F55/><W5/><G5/><T28/><D28/><U100/><E100/><V82/><F79/><W56/><AGARI ba="0,1" hai="18,20,27,36,41,44,56,61,62,64,66,69,126,127" machi="56" ten="30,6000,0" yaku="1,1,0,1,52,1,53,0" doraHai="13" doraHaiUra="96" who="3" fromWho="3" sc="373,-20,76,-20,196,-20,345,70" owari="353,15.0,56,-44.0,176,-22.0,415,51.0" /></mjloggm>