<mjloggm ver="2.3"><GO type="65"/><UN n0="%E3%82%86%E3%81%86%E3%81%A8%E3%82%8A%E3%82%93" n1="%EF%BC%88%E2%89%A7%E2%96%BD%E2%89%A6%EF%BC%89" n2="%E5%B1%B1%E6%9C%AC%E6%98%8C" n3="%E8%8F%9C%E3%80%85%E5%AD%90%E5%85%88%E7%94%9F" dan="1,5,3,3" rate="1452,1585,1554,1570" sx="M,M,M,F"/><TAIKYOKU oya="0"/><INIT seed="0,0,0,1,0,98" ten="250,250,250,250" oya="0" hai0="10,7,68,64,128,101,80,112,133,135,40,69,115" hai1="84,85,95,88,37,102,123,109,118,23,15,117,9" hai2="11,120,49,36,63,93,130,21,17,31,6,124,105" hai3="94,25,35,56,46,33,34,50,65,97,48,104,13"/><T114/><D128/><U53/><E37/><V28/><F120/><W12/><G104/><T51/><D80/><U55/><E123/><V76/><F36/><W113/><G113/><T45/><D101/><U110/><E23/><V18/><F76/><W57/><G25/><T22/><D22/><U96/><E55/><V70/><F124/><W108/><G108/><N who="1" m="41578" /><E53/><V0/><F49/><W81/><G81/><T103/><D103/><U16/><E85/><V8/><F105/><AGARI ba="0,0" hai="9,15,16,84,88,95,96,102,105,117,118" m="41578" machi="105" ten="30,7700,0" yaku="14,1,52,1,54,2" doraHai="98" who="1" fromWho="2" sc="250,0,250,77,250,-77,250,0" /><INIT seed="1,0,0,5,0,89" ten="250,327,173,250" oya="1" hai0="76,120,18,45,85,97,94,74,14,129,16,78,32" hai1="86,133,108,71,109,36,66,119,15,21,2,113,54" hai2="65,61,10,107,46,4,58,39,9,110,33,77,75" hai3="83,52,20,31,101,41,12,53,103,6,115,79,73"/><U38/><E119/><V123/><F123/><W135/><G115/><T60/><D120/><U68/><E113/><V55/><F107/><W104/><G135/><T88/><D129/><U47/><E133/><V37/><F110/><N who="1" m="42601" /><E2/><V24/><F39/><N who="1" m="14889" /><E86/><V43/><F33/><W95/><G104/><T105/><D32/><U49/><E15/><V99/><F24/><W23/><G12/><T44/><D78/><U114/><E21/><V124/><F124/><W59/><G6/><T13/><D60/><N who="1" m="40007" /><E114/><V127/><F127/><W116/><G20/><T90/><D14/><U30/><E30/><V91/><F65/><W81/><G23/><T62/><D62/><U57/><E71/><V63/><F4/><W27/><G31/><T82/><D18/><U98/><E98/><V121/><F121/><W84/><G84/><T69/><D69/><U8/><E8/><V22/><F22/><W50/><G79/><T125/><D125/><U102/><E102/><V0/><F0/><W106/><G101/><T5/><D5/><U35/><E35/><V134/><F134/><W112/><G103/><T11/><REACH who="0" step="1"/><D90/><REACH who="0" step="2"/><U132/><E132/><V48/><F75/><W51/><G73/><T26/><D26/><U42/><E42/><V40/><F77/><W96/><G41/><T3/><D3/><U92/><E92/><N who="2" m="56735" /><F37/><W56/><G27/><T17/><D17/><U118/><E118/><V64/><F63/><W29/><G116/><T111/><D111/><U87/><E49/><V117/><F117/><W131/><G112/><T28/><D28/><U72/><E72/><V122/><F122/><RYUUKYOKU ba="0,1" sc="240,15,327,-15,173,15,250,-15" hai0="11,13,16,44,45,74,76,82,85,88,94,97,105" hai2="9,10,40,43,46,48,55,58,61,64" /><INIT seed="2,1,1,3,5,83" ten="255,312,188,235" oya="2" hai0="78,84,4,91,75,122,107,109,77,61,25,39,89" hai1="128,110,74,70,27,116,3,112,95,71,16,126,99" hai2="29,86,58,125,129,69,37,5,121,124,105,28,134" hai3="114,90,80,57,96,100,94,35,93,2,132,65,43"/><V6/><F121/><W104/><G35/><T131/><D122/><U17/><E116/><V111/><F105/><W98/><G2/><T47/><D131/><U106/><E112/><V135/><F111/><W10/><G10/><T66/><D109/><U64/><E3/><V52/><F37/><W38/><G38/><T1/><D25/><U101/><E128/><V60/><F69/><W115/><G43/><T32/><D32/><U50/><E110/><V117/><F117/><W19/><G19/><T88/><D107/><U103/><E126/><N who="2" m="48747" /><F86/><N who="3" m="50503" /><G57/><T46/><D78/><U92/><E74/><V49/><F49/><W72/><G65/><T23/><D23/><N who="1" m="13799" /><E106/><V26/><F29/><W73/><G132/><N who="2" m="50729" /><F129/><W55/><G55/><T108/><D108/><U81/><E71/><V14/><F14/><W12/><G12/><T15/><D15/><U54/><E70/><V20/><AGARI ba="1,1" hai="5,6,20,26,28,52,58,60" m="50729,48747" machi="20" ten="30,6000,0" yaku="18,1,20,1,54,1" doraHai="83" who="2" fromWho="2" sc="255,-21,312,-21,188,73,235,-21" /><INIT seed="2,2,0,1,2,126" ten="234,291,261,214" oya="2" hai0="31,33,125,9,98,54,80,91,4,11,7,65,135" hai1="42,121,44,102,108,56,71,73,14,128,90,87,35" hai2="2,49,72,46,12,82,25,134,1,10,39,16,23" hai3="104,76,41,60,99,34,57,24,94,81,8,111,3"/><V66/><F66/><W106/><G111/><T55/><D125/><U107/><E71/><V5/><F134/><W122/><G122/><T68/><D135/><U100/><E121/><V130/><F130/><W15/><G3/><T112/><D112/><U93/><E35/><V67/><F67/><W85/><G24/><T20/><D20/><U6/><E128/><V89/><F39/><W64/><G34/><T22/><D22/><U52/><E108/><V120/><F120/><W97/><G41/><T113/><D113/><U59/><E73/><V129/><F129/><W37/><G37/><T103/><D68/><U18/><E6/><V47/><F47/><W83/><G83/><T26/><D65/><U61/><E59/><V79/><F89/><W119/><G119/><T70/><D70/><U53/><E53/><AGARI ba="2,0" hai="1,2,5,10,12,16,23,25,46,49,53,72,79,82" machi="53" ten="30,2900,0" yaku="7,1,54,1" doraHai="126" who="2" fromWho="1" sc="234,0,291,-35,261,35,214,0" /><INIT seed="2,3,0,1,2,12" ten="234,256,296,214" oya="2" hai0="9,27,60,125,20,99,62,13,124,66,18,113,39" hai1="109,67,105,86,128,118,16,103,28,71,8,19,100" hai2="55,121,4,64,81,115,101,93,94,1,11,87,83" hai3="108,90,69,79,33,23,107,35,41,88,131,120,5"/><V112/><F121/><W76/><G120/><T129/><D113/><U119/><E128/><V34/><F34/><W6/><G107/><T46/><D129/><U117/><E109/><V51/><F64/><W59/><G108/><T30/><D99/><U45/><E28/><V40/><F40/><W70/><G131/><T110/><D110/><U98/><E103/><V106/><F115/><W78/><G41/><T82/><D82/><U97/><E97/><V104/><F112/><W10/><G23/><T95/><D95/><U96/><E96/><V38/><F38/><W14/><G59/><T75/><D75/><U36/><E8/><V68/><F68/><W2/><G2/><T58/><D62/><U134/><E134/><V91/><F83/><W114/><G114/><T133/><REACH who="0" step="1"/><D133/><REACH who="0" step="2"/><U47/><E86/><V63/><F63/><W21/><G70/><T52/><D52/><U116/><N who="1" m="30208" /><DORA hai="130" /><U135/><E135/><V29/><F29/><W48/><G69/><T0/><D0/><U92/><E105/><V32/><F32/><W17/><G33/><T61/><D61/><U37/><E71/><V49/><F49/><W123/><G35/><T25/><D25/><U89/><E67/><V15/><F1/><W22/><G48/><T26/><D26/><U53/><E53/><V54/><F54/><W57/><G123/><T102/><D102/><U126/><E100/><V44/><REACH who="2" step="1"/><F106/><REACH who="2" step="2"/><W73/><G73/><T72/><D72/><U50/><E126/><V74/><F74/><W7/><G57/><T24/><D24/><U31/><E31/><V85/><F85/><RYUUKYOKU ba="3,2" sc="224,10,256,-30,286,10,214,10" hai0="9,13,18,20,27,30,39,46,58,60,66,124,125" hai2="4,11,15,44,51,55,81,87,91,93,94,101,104" hai3="5,6,7,10,14,17,21,22,76,78,79,88,90" /><INIT seed="2,4,2,4,4,107" ten="234,226,296,224" oya="2" hai0="106,45,7,118,29,30,66,111,60,24,41,104,129" hai1="15,44,10,76,108,51,67,5,94,27,59,92,123" hai2="58,47,99,102,84,115,98,101,57,120,31,26,86" hai3="134,49,40,20,97,17,9,69,77,35,50,132,63"/><V0/><F120/><W56/><G69/><T37/><D129/><U117/><E117/><V65/><F0/><W112/><G35/><T78/><D118/><U121/><E108/><V128/><F128/><W126/><G126/><T52/><D111/><U42/><E76/><V113/><F47/><W116/><G116/><T54/><D30/><U125/><E125/><V95/><F65/><W1/><G112/><T80/><D7/><U82/><E82/><V88/><F26/><W8/><G97/><T53/><D53/><U22/><E123/><V46/><F46/><W89/><G89/><T12/><D12/><U131/><E121/><V43/><F43/><W55/><G77/><T73/><D106/><U68/><E68/><V114/><F31/><W36/><G36/><T91/><D91/><U19/><REACH who="1" step="1"/><E131/><REACH who="1" step="2"/><V18/><F115/><W90/><G132/><T75/><D104/><U100/><E100/><V122/><F122/><W135/><G135/><T2/><D75/><U14/><E14/><V74/><F74/><W11/><G134/><T61/><D2/><U38/><E38/><V130/><F130/><W81/><G1/><T79/><D79/><U71/><E71/><V48/><F18/><W4/><G17/><T70/><REACH who="0" step="1"/><D61/><AGARI ba="4,3" hai="5,10,15,19,22,27,42,44,51,59,61,67,92,94" machi="61" ten="40,2600,0" yaku="1,1,8,1,53,0" doraHai="107" doraHaiUra="72" who="1" fromWho="0" sc="234,-38,216,68,296,0,224,0" /><INIT seed="3,0,0,3,0,96" ten="196,284,296,224" oya="3" hai0="6,54,37,12,82,95,42,79,110,78,63,94,86" hai1="100,29,56,77,33,89,57,129,27,1,9,92,88" hai2="104,40,31,25,32,65,102,106,83,38,36,45,2" hai3="105,64,3,19,13,50,125,66,76,84,130,93,124"/><W72/><G72/><T91/><D110/><U21/><E129/><V131/><F131/><W80/><G3/><T73/><D79/><U115/><E115/><V111/><F111/><W120/><G130/><T51/><D95/><U123/><E123/><V43/><F65/><W17/><G120/><T10/><D63/><U70/><E70/><V69/><F83/><W114/><G114/><T52/><D37/><U62/><E33/><V35/><F69/><W71/><G105/><T7/><D7/><U132/><E132/><V53/><F53/><W55/><G93/><T126/><D126/><N who="3" m="48745" /><G71/><T23/><D23/><U4/><E77/><V61/><F61/><W112/><G112/><T97/><REACH who="0" step="1"/><D73/><REACH who="0" step="2"/><U117/><E117/><V48/><F48/><W67/><G13/><T11/><D11/><U101/><E89/><V41/><F41/><W24/><G24/><T133/><D133/><U30/><E30/><N who="2" m="19535" /><F102/><W44/><AGARI ba="0,1" hai="17,19,44,50,55,64,66,67,76,80,84" m="48745" machi="44" ten="30,1500,0" yaku="18,1" doraHai="96" who="3" fromWho="3" sc="186,-5,284,-5,296,-5,224,25" /><INIT seed="3,1,0,5,1,49" ten="181,279,291,249" oya="3" hai0="3,64,55,62,2,95,135,128,107,82,109,83,36" hai1="11,125,40,63,93,24,57,92,106,14,99,4,72" hai2="130,65,105,132,91,50,94,96,43,110,102,35,34" hai3="59,6,56,127,21,47,19,1,48,38,113,134,112"/><W111/><G127/><T54/><D135/><U23/><E125/><V101/><F132/><W58/><G134/><T0/><D128/><U108/><E72/><V116/><F130/><W27/><G38/><T9/><D109/><U46/><E108/><V39/><F116/><W69/><G69/><T97/><D107/><U37/><E106/><V86/><F110/><W7/><G111/><T87/><D9/><U78/><E78/><V31/><F102/><W129/><G129/><T66/><D83/><U89/><E93/><V61/><F39/><W131/><G131/><T26/><D26/><U124/><E124/><V51/><F31/><W115/><REACH who="3" step="1"/><G1/><REACH who="3" step="2"/><T133/><D133/><U73/><E73/><V123/><F123/><W67/><G67/><T41/><D3/><U104/><E104/><V45/><REACH who="2" step="1"/><F50/><REACH who="2" step="2"/><W79/><G79/><T121/><D121/><U12/><E12/><V81/><F81/><W17/><G17/><T25/><D25/><U5/><E5/><V117/><F117/><W32/><G32/><T103/><D2/><U30/><REACH who="1" step="1"/><E63/><REACH who="1" step="2"/><V85/><F85/><W88/><G88/><T122/><D122/><U118/><E118/><V119/><F119/><W60/><G60/><T15/><D0/><U13/><E13/><V68/><AGARI ba="1,3" hai="34,35,43,45,51,61,65,68,86,91,94,96,101,105" machi="68" ten="20,2700,0" yaku="1,1,0,1,7,1,53,0" doraHai="49" doraHaiUra="74" who="2" fromWho="2" sc="181,-8,269,-8,281,60,239,-14" owari="173,-33,261,6,341,44,225,-17" /></mjloggm>