<mjloggm ver="2.3"><GO type="97"/><UN n0="%EF%BC%88%E2%89%A7%E2%96%BD%E2%89%A6%EF%BC%89" n1="%5A%45%52%4F%52%49%45%4C" n2="%E9%BA%A6%E3%82%8F%E3%82%89%E3%81%BC%E3%81%86%E3%81%97" n3="%64%65%6F%6E%65" dan="15,15,16,14" rate="1973,2123,2060,1887" sx="M,M,M,M"/><TAIKYOKU oya="0"/><INIT seed="0,0,0,0,2,120" ten="250,250,250,250" oya="0" hai0="83,2,113,29,73,130,119,85,64,127,74,43,68" hai1="121,117,102,14,104,76,38,105,36,89,12,13,49" hai2="7,61,41,18,58,23,56,110,135,114,100,82,103" hai3="6,118,78,122,22,8,42,111,5,44,70,66,92"/><T28/><D119/><U99/><E117/><V80/><F114/><W1/><G118/><T79/><D2/><U60/><E121/><V31/><F31/><W57/><G122/><T16/><D113/><U128/><E128/><V10/><F41/><W129/><G129/><T11/><D130/><U132/><E132/><V98/><F135/><W54/><G78/><T116/><D116/><U3/><E3/><V115/><F115/><W32/><G32/><T88/><D127/><U45/><E76/><V19/><F110/><W27/><G6/><T17/><D43/><U21/><E105/><V26/><F19/><W33/><G33/><T133/><D133/><U126/><E126/><V63/><F10/><W77/><G77/><T101/><D101/><N who="2" m="38986" /><F98/><W4/><G111/><T53/><D73/><U86/><E60/><N who="2" m="23115" /><F7/><W62/><G5/><T48/><D68/><U24/><E24/><V97/><F97/><W46/><G42/><T50/><D74/><U39/><E21/><V35/><F35/><W52/><G92/><T108/><D108/><U59/><E59/><AGARI ba="0,0" hai="18,23,26,56,58,59,80,82" m="23115,38986" machi="59" ten="30,1000,0" yaku="8,1" doraHai="120" who="2" fromWho="1" sc="250,0,250,-10,250,10,250,0" /><INIT seed="1,0,0,1,3,81" ten="250,240,260,250" oya="1" hai0="100,67,124,112,60,51,68,27,36,4,64,2,87" hai1="96,88,7,33,97,73,120,28,53,59,13,122,30" hai2="57,46,20,119,121,0,29,22,18,16,101,52,15" hai3="38,48,106,102,128,47,110,93,103,85,43,58,118"/><U24/><E73/><V109/><F119/><W70/><G118/><T10/><D112/><U127/><E127/><V123/><F0/><W17/><G128/><T131/><D124/><U135/><E135/><V82/><F101/><W61/><G110/><T94/><D131/><U37/><E37/><V90/><F109/><W26/><G106/><T56/><D36/><U76/><E76/><V45/><F29/><W125/><G125/><T6/><D6/><U113/><E113/><V115/><F115/><W108/><G108/><T8/><D8/><U44/><E44/><V92/><F82/><W50/><G50/><T91/><D100/><U9/><E30/><V79/><F79/><W62/><G62/><T19/><D51/><U35/><E35/><V83/><F83/><W55/><G17/><T54/><REACH who="0" step="1"/><D68/><REACH who="0" ten="240,240,260,250" step="2"/><U134/><E134/><V133/><F133/><W104/><G70/><T1/><D1/><U114/><E114/><V49/><F123/><W40/><G38/><T130/><D130/><U111/><E111/><V3/><F3/><W21/><G103/><T78/><D78/><U25/><E122/><V95/><F121/><W32/><G102/><T5/><D5/><U72/><E120/><V12/><REACH who="2" step="1"/><F95/><REACH who="2" ten="240,240,250,250" step="2"/><W99/><G93/><T132/><D132/><U126/><E126/><V98/><AGARI ba="0,2" hai="12,15,16,18,20,22,45,46,49,52,57,90,92,98" machi="98" ten="20,16000,3" yaku="1,1,2,1,0,1,7,1,9,1,8,1,54,2,53,2" doraHai="81" doraHaiUra="42" who="2" fromWho="2" sc="240,-40,240,-80,250,180,250,-40" /><INIT seed="2,0,0,3,5,133" ten="200,160,430,210" oya="2" hai0="132,10,33,25,28,123,92,41,22,126,11,9,119" hai1="74,6,103,101,72,82,2,58,130,48,78,76,59" hai2="8,77,98,65,95,18,100,5,75,70,42,127,12" hai3="125,4,106,83,105,117,16,116,61,112,107,113,27"/><V43/><F127/><W115/><G125/><T50/><D126/><U54/><E130/><V55/><F55/><W34/><G4/><T122/><D132/><U102/><E6/><V19/><F75/><W108/><G108/><T56/><D119/><U79/><E2/><V32/><F32/><W0/><G0/><T7/><D7/><U45/><E82/><V110/><F77/><W17/><G83/><T73/><D73/><U40/><REACH who="1" step="1"/><E59/><REACH who="1" ten="200,150,430,210" step="2"/><V114/><F5/><W46/><G116/><T21/><D56/><U29/><E29/><V129/><F129/><W99/><G117/><T63/><D28/><U39/><AGARI ba="0,1" hai="39,40,45,48,54,58,72,74,76,78,79,101,102,103" machi="39" ten="30,2000,0" yaku="1,1,0,1,53,0" doraHai="133" doraHaiUra="3" who="1" fromWho="1" sc="200,-5,150,30,430,-10,210,-5" /><INIT seed="3,0,0,2,2,129" ten="195,180,420,205" oya="3" hai0="35,6,40,67,41,77,36,115,50,128,53,113,83" hai1="73,0,59,79,24,11,94,88,47,64,85,116,95" hai2="4,105,103,70,130,46,8,49,28,97,101,39,92" hai3="114,20,82,37,76,26,78,131,118,52,51,132,42"/><W61/><G114/><N who="0" m="43531" /><D128/><U22/><E116/><V134/><F39/><W55/><G131/><T14/><D35/><U123/><E123/><V68/><F28/><N who="3" m="17479" /><G132/><T81/><D67/><U110/><E110/><V71/><F134/><W84/><G37/><T90/><D36/><U66/><E47/><V57/><F130/><W133/><G133/><T31/><D31/><U63/><E66/><V111/><F111/><W1/><G118/><T3/><D3/><U54/><E64/><V16/><F105/><W23/><G1/><T135/><D135/><U5/><E79/><N who="3" m="30250" /><G42/><N who="0" m="16491" /><D90/><U91/><E73/><V96/><F71/><W19/><G61/><T18/><D6/><U99/><E22/><V48/><F4/><W106/><G106/><T117/><D77/><U10/><E24/><V17/><F70/><W98/><G98/><T12/><D117/><U87/><E11/><V25/><F25/><N who="3" m="14591" /><G51/><T75/><D75/><U126/><E126/><V74/><F74/><W108/><G108/><T112/><N who="0" m="43539" /><T29/><DORA hai="119" /><D29/><U120/><E120/><V102/><F97/><AGARI ba="0,0" hai="0,5,10,54,59,63,85,87,88,91,94,95,97,99" machi="97" ten="30,3900,0" yaku="7,1,9,1,54,1" doraHai="129,119" who="1" fromWho="2" sc="195,0,180,39,420,-39,205,0" owari="195,-30.0,219,2.0,381,47.0,205,-19.0" /></mjloggm>