<mjloggm ver="2.3"><GO type="137"/><UN n0="%67%6F%62%79" n1="%50%41%43%50%45%44%49%41" n2="%EF%BC%88%E2%89%A7%E2%96%BD%E2%89%A6%EF%BC%89" n3="%E7%9B%B4%E6%84%9F%E3%81%A8%E7%94%A8%E5%BF%83%E6%B7%B1%E3%81%95" dan="13,12,11,13" rate="1693,1752,1895,1772" sx="M,M,M,F"/><TAIKYOKU oya="0"/><INIT seed="0,0,0,4,5,99" ten="250,250,250,250" oya="0" hai0="58,110,28,23,73,134,64,60,133,53,35,77,29" hai1="56,55,45,26,122,75,49,87,103,131,117,92,98" hai2="105,114,80,108,42,81,51,62,12,37,119,104,101" hai3="36,14,7,71,120,54,10,20,85,3,124,127,2"/><T96/><D35/><U40/><E122/><V113/><F37/><W34/><G36/><T63/><D110/><U107/><E117/><V97/><F108/><W125/><G71/><T17/><D96/><U70/><E131/><V78/><F105/><W33/><G85/><T8/><D8/><U115/><E115/><V5/><F119/><W88/><G54/><T89/><D89/><U111/><E111/><V38/><F38/><W19/><G88/><T48/><D77/><U118/><E118/><V30/><F30/><W68/><G68/><T6/><D6/><U83/><E26/><V74/><F80/><W22/><G120/><T90/><D90/><U25/><E25/><V9/><REACH who="2" step="1"/><F62/><REACH who="2" step="2"/><W27/><REACH who="3" step="1"/><G20/><REACH who="3" step="2"/><T106/><D63/><U4/><E70/><V123/><F123/><W31/><G31/><T121/><D121/><U47/><E107/><V135/><F135/><N who="0" m="51722" /><D106/><U52/><E75/><V66/><F66/><W129/><G129/><T41/><D73/><U84/><E87/><V132/><F132/><W102/><G102/><T21/><D21/><U46/><E84/><V16/><F16/><W112/><G112/><T128/><D128/><U79/><E83/><V18/><F18/><W91/><G91/><T100/><D100/><U72/><E79/><V24/><F24/><W86/><G86/><T69/><D29/><U0/><E72/><V116/><F116/><W39/><G39/><T65/><D28/><U15/><E0/><AGARI ba="0,2" hai="0,2,3,7,10,14,19,22,27,33,34,124,125,127" machi="0" ten="50,8000,1" yaku="1,1,18,1,34,3,53,0" doraHai="99" doraHaiUra="126" who="3" fromWho="1" sc="250,0,250,-80,240,0,240,100" /><INIT seed="1,0,0,0,4,100" ten="250,170,240,340" oya="1" hai0="7,110,95,81,108,5,30,87,38,37,49,3,99" hai1="60,6,44,33,32,22,66,117,8,31,72,47,19" hai2="63,86,127,57,75,35,124,112,77,109,23,105,58" hai3="130,76,119,17,48,69,24,54,80,56,43,103,36"/><U42/><E117/><V90/><F35/><W51/><G119/><T135/><D30/><U15/><E72/><V13/><F112/><W133/><G69/><T9/><D7/><U129/><E129/><V92/><F109/><N who="0" m="42090" /><D49/><U115/><E115/><V21/><F105/><W34/><G130/><T120/><D120/><U29/><E33/><V4/><F75/><W134/><G36/><T101/><D135/><U106/><E106/><V64/><F77/><AGARI ba="0,0" hai="3,5,9,37,38,77,81,87,95,99,101" m="42090" machi="77" ten="30,1000,0" yaku="14,1" doraHai="100" who="0" fromWho="2" sc="250,10,170,0,240,-10,340,0" /><INIT seed="2,0,0,2,3,46" ten="260,170,230,340" oya="2" hai0="92,135,19,50,17,89,113,123,58,31,112,22,95" hai1="69,47,54,61,105,15,30,53,90,102,44,119,11" hai2="104,26,109,42,14,131,62,10,97,116,126,96,7" hai3="16,60,117,79,27,127,29,101,124,23,87,122,13"/><V24/><F116/><W94/><G122/><T130/><D123/><U85/><E119/><V81/><F131/><W84/><G117/><T39/><D130/><U125/><E125/><N who="3" m="48202" /><G60/><T93/><D39/><U18/><E30/><V20/><F126/><W120/><G120/><T73/><D73/><U9/><E9/><V51/><F109/><W70/><G70/><T128/><D128/><U82/><E105/><V8/><F104/><W121/><G121/><T111/><D111/><U72/><E72/><V118/><F118/><W28/><G79/><T4/><D4/><U33/><E33/><V32/><F32/><W1/><G1/><T86/><D113/><U37/><E102/><V45/><F10/><N who="3" m="6199" /><G29/><T66/><D112/><U12/><E37/><V78/><F62/><W25/><G27/><N who="2" m="10281" /><F20/><W110/><G110/><T107/><D107/><U71/><E71/><V77/><F77/><W59/><G59/><T65/><D19/><U35/><E35/><V100/><F100/><W5/><G5/><T114/><D31/><U57/><E69/><V21/><F21/><W49/><G84/><AGARI ba="0,0" hai="7,8,14,42,45,51,78,81,84,96,97" m="10281" machi="84" ten="30,5800,0" yaku="25,1,8,1,52,1" doraHai="46" who="2" fromWho="3" sc="260,0,170,0,230,58,340,-58" /><INIT seed="2,1,0,2,0,23" ten="260,170,288,282" oya="2" hai0="114,38,39,25,18,116,46,125,94,30,113,32,132" hai1="55,75,45,105,7,110,22,90,122,6,62,123,121" hai2="41,54,42,130,93,28,15,63,108,57,74,66,1" hai3="8,85,40,51,31,12,124,61,56,87,29,107,60"/><V70/><F1/><W79/><G107/><T129/><D116/><U13/><E105/><V134/><F74/><W91/><G124/><T119/><D119/><U67/><E75/><V17/><F134/><W9/><G79/><T35/><D125/><U135/><E135/><V4/><F130/><W133/><G133/><T89/><D132/><U72/><E72/><V5/><F108/><W97/><G9/><T16/><D129/><U78/><E78/><V33/><F93/><W36/><G36/><T69/><D69/><U111/><E90/><V10/><F41/><W24/><G40/><T103/><D103/><U109/><E45/><V11/><F42/><W34/><G31/><T19/><D46/><U80/><E80/><V0/><F17/><W81/><G97/><T98/><REACH who="0" step="1"/><D35/><REACH who="0" step="2"/><U48/><E22/><V106/><F106/><W76/><G51/><T2/><D2/><U14/><E55/><V3/><F33/><W112/><G112/><AGARI ba="1,1" hai="16,18,19,25,30,32,38,39,89,94,98,112,113,114" machi="112" ten="40,5200,0" yaku="1,1,52,1,54,1,53,0" doraHai="23" doraHaiUra="43" who="0" fromWho="3" sc="250,65,170,0,288,0,282,-55" /><INIT seed="3,0,0,3,1,31" ten="315,170,288,227" oya="3" hai0="48,111,84,95,117,14,119,53,87,135,0,59,45" hai1="25,94,72,52,21,1,73,97,101,103,80,77,35" hai2="105,4,18,26,47,57,90,107,50,23,131,127,121" hai3="109,13,112,5,55,39,65,129,83,34,113,92,44"/><W85/><G65/><T118/><D0/><U115/><E115/><V91/><F131/><W100/><G112/><T68/><D68/><U54/><E1/><V61/><F127/><W9/><G113/><T56/><D135/><U8/><E8/><V49/><F121/><W43/><G129/><T75/><D75/><U110/><E110/><V89/><F4/><W120/><G120/><T22/><D111/><U30/><E21/><V27/><F26/><W33/><G109/><T76/><D76/><U37/><E37/><V78/><F78/><W130/><G130/><T108/><D108/><U41/><E41/><V40/><REACH who="2" step="1"/><F50/><REACH who="2" step="2"/><W106/><G106/><T123/><D123/><U28/><E73/><V99/><F99/><W62/><G62/><T12/><D119/><U128/><E128/><V71/><F71/><W10/><G10/><T69/><D69/><U70/><E70/><V29/><F29/><W58/><G100/><T17/><D117/><U98/><REACH who="1" step="1"/><E30/><REACH who="1" step="2"/><V132/><F132/><W24/><G24/><T114/><D118/><U46/><E46/><V6/><F6/><W66/><G66/><AGARI ba="0,2" hai="18,23,27,40,47,49,57,61,66,89,90,91,105,107" machi="66" ten="40,1300,0" yaku="1,1,53,0" doraHai="31" doraHaiUra="116" who="2" fromWho="3" sc="315,0,160,0,278,33,227,-13" /><INIT seed="4,0,0,0,4,38" ten="315,160,311,214" oya="0" hai0="51,55,106,27,104,103,48,15,19,36,17,14,74" hai1="66,68,64,88,110,89,62,73,47,102,95,10,63" hai2="37,24,114,13,5,107,44,65,116,21,111,80,118" hai3="121,45,82,75,125,42,76,50,90,105,26,54,97"/><T113/><D74/><U70/><E110/><V53/><F111/><W20/><G125/><T128/><D36/><U1/><E73/><V67/><F107/><W40/><G121/><T109/><D109/><U18/><E47/><V31/><F114/><W11/><G11/><T124/><D124/><U78/><E78/><V2/><F2/><W33/><G33/><T23/><D113/><U34/><E34/><V135/><F135/><W57/><G57/><T39/><D39/><U69/><E69/><V59/><F80/><W87/><G97/><T85/><D128/><U91/><E102/><V81/><F81/><W132/><G105/><T58/><D85/><U108/><E108/><V41/><F13/><W71/><G71/><T46/><D106/><U6/><REACH who="1" step="1"/><E18/><REACH who="1" step="2"/><V92/><F118/><W25/><G132/><T49/><D49/><U3/><E3/><V122/><F116/><W99/><G99/><AGARI ba="0,1" hai="1,6,10,62,63,64,66,68,70,88,89,91,95,99" machi="99" ten="30,7700,0" yaku="1,1,7,1,9,1,54,1,53,0" doraHai="38" doraHaiUra="52" who="1" fromWho="3" sc="315,0,150,87,311,0,214,-77" /><INIT seed="5,0,0,4,2,42" ten="315,237,311,137" oya="1" hai0="120,4,112,22,6,78,91,66,99,43,117,134,20" hai1="126,90,65,128,122,109,135,71,62,113,96,64,13" hai2="2,130,28,47,83,131,82,86,21,14,26,107,133" hai3="105,89,74,108,8,40,88,110,84,123,9,95,79"/><U70/><E13/><V104/><F2/><W25/><G40/><T67/><D117/><U24/><E24/><V39/><F133/><W37/><G37/><T59/><D120/><U34/><E122/><V51/><F14/><W57/><G123/><T49/><D134/><U36/><E135/><V23/><F23/><W81/><G57/><T111/><D111/><U41/><E109/><V100/><F39/><W31/><G105/><N who="2" m="40521" /><F100/><W55/><G55/><T72/><D72/><U16/><E113/><V63/><F63/><W1/><G1/><T115/><D78/><U54/><E128/><N who="2" m="49195" /><F86/><W45/><G108/><T50/><D43/><AGARI ba="0,0" hai="21,26,28,43,47,51,82,83" m="49195,40521" machi="43" ten="30,2000,0" yaku="19,1,52,1" doraHai="42" who="2" fromWho="0" sc="315,-20,237,0,311,20,137,0" /><INIT seed="6,0,0,3,2,129" ten="295,237,331,137" oya="2" hai0="77,9,123,113,8,38,80,28,66,130,111,124,87" hai1="81,48,60,12,19,69,74,6,44,115,121,27,107" hai2="94,53,82,46,106,58,11,56,50,98,133,67,54" hai3="64,101,22,72,65,41,5,59,57,78,14,135,17"/><V91/><F133/><W120/><G120/><T3/><D130/><U92/><E121/><V1/><F106/><W55/><G41/><T24/><D123/><U40/><E115/><V70/><F1/><W104/><G101/><T128/><D128/><U23/><E107/><V29/><F29/><W99/><G104/><T26/><D113/><U84/><E74/><V30/><F30/><W71/><G99/><T75/><D111/><U119/><E119/><V42/><F11/><W36/><G36/><T114/><D114/><U89/><E69/><V21/><F21/><W93/><G93/><T45/><D66/><U20/><E6/><V15/><F15/><W61/><G65/><T90/><D124/><U86/><E60/><N who="2" m="38279" /><F70/><W76/><G71/><T100/><D100/><U112/><E112/><V68/><F68/><W31/><G72/><T37/><D37/><U125/><E125/><V34/><F34/><W16/><G5/><T110/><D110/><U49/><E49/><N who="2" m="31023" /><F82/><W126/><G126/><T0/><D0/><U63/><E63/><V4/><F4/><W2/><G2/><T35/><D3/><U127/><E127/><V18/><F18/><W47/><G31/><T118/><D26/><U88/><REACH who="1" step="1"/><E27/><REACH who="1" step="2"/><V116/><F116/><W95/><G17/><T96/><D118/><U39/><E39/><V51/><F51/><W117/><G117/><T25/><D25/><U105/><E105/><V131/><F131/><W134/><G95/><N who="0" m="56439" /><D75/><U109/><E109/><V13/><F13/><W122/><G122/><T108/><D108/><U33/><E33/><V73/><F73/><RYUUKYOKU ba="0,1" sc="295,10,227,10,331,10,137,-30" hai0="8,9,24,28,35,38,45,77,80,87" hai1="12,19,20,23,40,44,48,81,84,86,88,89,92" hai2="42,46,50,54,91,94,98" /><INIT seed="6,1,1,0,3,13" ten="305,237,341,107" oya="2" hai0="88,102,48,67,47,77,113,14,97,82,66,57,93" hai1="122,109,0,54,46,61,104,55,128,51,75,119,90" hai2="105,60,78,56,9,58,103,15,131,81,10,99,35" hai3="95,100,87,121,42,111,134,33,130,36,1,37,112"/><V41/><F131/><W71/><RYUUKYOKU type="yao9" ba="1,1" sc="305,0,237,0,341,0,107,0" hai3="1,33,36,37,42,71,87,95,100,111,112,121,130,134" /><INIT seed="6,2,1,1,5,99" ten="305,237,341,107" oya="2" hai0="32,97,81,33,36,47,25,89,114,123,54,46,91" hai1="112,50,130,128,56,73,53,76,105,98,39,71,4" hai2="34,29,82,30,57,94,133,110,75,88,6,63,109" hai3="129,35,92,10,18,68,42,24,66,14,26,134,69"/><V15/><F133/><W1/><G42/><T132/><D123/><U7/><E71/><V41/><F41/><W119/><G119/><T62/><D36/><U86/><E39/><V111/><F34/><W28/><G69/><T87/><D132/><U108/><E108/><V124/><F124/><W90/><G134/><T96/><D32/><U122/><E122/><V64/><F6/><W118/><G118/><T93/><D33/><U78/><E112/><V45/><F45/><W11/><G68/><T117/><D117/><U55/><E55/><V9/><F9/><W27/><G66/><T106/><D114/><U59/><E59/><V17/><F15/><W85/><G129/><N who="1" m="49770" /><E86/><N who="2" m="52503" /><F17/><W95/><G10/><T60/><D106/><U101/><E73/><V16/><F16/><W116/><G116/><T22/><D97/><U100/><E105/><V48/><F48/><W74/><G74/><T19/><D62/><U31/><E31/><V20/><F20/><W77/><G1/><T104/><D104/><U58/><E98/><V43/><F43/><W83/><G77/><AGARI ba="2,1" hai="29,30,57,63,64,75,77,82,109,110,111" m="52503" machi="77" ten="30,2900,0" yaku="10,1,54,1" doraHai="99" who="2" fromWho="3" sc="305,0,237,0,341,45,107,-35" /><INIT seed="6,3,0,0,1,108" ten="305,237,386,72" oya="2" hai0="4,80,119,24,48,36,65,66,129,75,112,47,118" hai1="28,12,43,63,56,121,84,20,115,51,131,0,135" hai2="73,116,32,62,127,5,69,22,21,114,87,83,40" hai3="72,37,81,100,109,53,25,67,89,70,35,74,13"/><V38/><F116/><N who="0" m="44586" /><D36/><U1/><E121/><V52/><F32/><W17/><G109/><T123/><D123/><U125/><E135/><V49/><F73/><W76/><G37/><T10/><D24/><U6/><E84/><V99/><F5/><W95/><G100/><T110/><D110/><U57/><E131/><V34/><F34/><W78/><G76/><N who="0" m="44063" /><D129/><U90/><E90/><V106/><F127/><W111/><G111/><T105/><D105/><U77/><E77/><V79/><F106/><W42/><G42/><N who="0" m="24695" /><D112/><U133/><E133/><V128/><F128/><W117/><G117/><T2/><AGARI ba="3,0" hai="2,4,10,65,66" m="24695,44063,44586" machi="2" ten="30,1100,0" yaku="12,1" doraHai="108" who="0" fromWho="0" sc="305,20,237,-6,386,-8,72,-6" /><INIT seed="7,0,0,2,5,106" ten="325,231,378,66" oya="3" hai0="80,77,88,119,17,15,66,53,75,118,22,123,135" hai1="44,103,67,30,104,49,56,1,134,130,121,36,20" hai2="97,69,14,110,3,29,98,85,86,94,129,95,92" hai3="5,55,78,50,16,128,109,13,73,12,8,25,0"/><W126/><G128/><T18/><D123/><U21/><E134/><V62/><F110/><W41/><G41/><T24/><D66/><U120/><E130/><V71/><F3/><W133/><G133/><T43/><D43/><U48/><E1/><V84/><F129/><W70/><G70/><T31/><D135/><U64/><E104/><V26/><F14/><W82/><G126/><T132/><D132/><U52/><E103/><V7/><F7/><W93/><G109/><T6/><D18/><U76/><E76/><V37/><F37/><W114/><G114/><T35/><D6/><U33/><E33/><V87/><F87/><W100/><G100/><T111/><D111/><U9/><E9/><V61/><F71/><W32/><G93/><T65/><D65/><N who="1" m="25163" /><E30/><V79/><F79/><W81/><G81/><T4/><D53/><N who="1" m="29831" /><E21/><N who="2" m="15567" /><F69/><W115/><G115/><T131/><D131/><U46/><E20/><V116/><F116/><W108/><G108/><T10/><REACH who="0" step="1"/><D88/><REACH who="0" step="2"/><U124/><E124/><V47/><F98/><W101/><G101/><T91/><D91/><U102/><E102/><V40/><F97/><W74/><G73/><T34/><D34/><U54/><E120/><V27/><F85/><W99/><G99/><T42/><D42/><N who="1" m="22855" /><E121/><V59/><F86/><W112/><G112/><T125/><D125/><U96/><E96/><V23/><F84/><W51/><G51/><T19/><D19/><U122/><E122/><V105/><F105/><W60/><G60/><T107/><D107/><U58/><E54/><V38/><F95/><W63/><G63/><N who="2" m="24073" /><F94/><W83/><G83/><RYUUKYOKU ba="0,1" sc="315,15,231,15,378,-15,66,-15" hai0="4,10,15,17,22,24,31,35,75,77,80,118,119" hai1="49,52,56,58" owari="330,13,246,-15,373,47,51,-45" /></mjloggm>