<mjloggm ver="2.3"><GO type="41"/><UN n0="%E3%82%A6%E3%83%AB%E3%83%88%E3%83%A9%E7%AB%8B%E7%9B%B4" n1="%67%65%72%72%61%72%64" n2="%50%6F%73%79" n3="%41%4E%54%49%41%4E%54%49" dan="14,13,13,13" rate="1973,1847,1838,1946" sx="M,M,M,M"/><TAIKYOKU oya="0"/><INIT seed="0,0,0,3,2,125" ten="250,250,250,250" oya="0" hai0="28,118,78,64,40,46,19,27,123,88,77,74,15" hai1="120,101,129,121,2,59,38,130,54,45,53,94,82" hai2="49,98,63,107,22,47,48,37,68,109,50,117,62" hai3="69,90,106,93,7,39,42,26,97,99,20,65,8"/><T24/><D123/><U25/><E2/><V81/><F117/><W33/><G39/><T71/><D118/><U3/><E3/><V56/><F109/><W4/><G42/><T79/><D71/><U51/><E82/><V116/><F116/><W131/><G33/><T43/><D64/><U14/><E38/><V124/><F124/><W100/><G69/><T127/><D74/><U104/><E104/><V115/><F115/><W92/><G65/><T6/><D6/><U119/><E119/><V44/><F81/><W66/><G106/><T72/><D72/><U57/><E120/><V73/><F73/><W55/><G66/><T89/><D127/><U76/><E76/><V0/><F0/><W31/><G55/><T23/><D27/><U9/><E25/><V30/><F30/><W86/><G86/><T85/><D46/><U10/><E10/><V11/><F11/><W70/><G70/><T112/><D112/><U110/><E110/><V1/><F1/><W126/><G126/><T52/><D52/><U13/><E13/><V102/><F68/><W32/><G32/><T18/><D18/><N who="1" m="8527" /><E53/><V16/><F37/><W17/><G131/><N who="1" m="50186" /><E121/><V21/><F21/><W87/><G97/><AGARI ba="0,0" hai="45,51,54,57,59,94,97,101" m="50186,8527" machi="97" ten="30,7700,0" yaku="19,1,52,3" doraHai="125" who="1" fromWho="3" sc="250,0,250,77,250,0,250,-77" /><INIT seed="1,0,0,1,3,120" ten="250,327,250,173" oya="1" hai0="92,127,54,49,50,65,110,51,60,119,56,58,36" hai1="104,8,61,52,34,12,27,11,106,63,32,82,21" hai2="111,17,46,0,9,28,90,97,109,35,103,128,79" hai3="26,23,33,29,98,88,135,48,89,45,68,16,117"/><U66/><E82/><V76/><F128/><W101/><G68/><T67/><D92/><U86/><E86/><V24/><F46/><W133/><G135/><T102/><D102/><U69/><E32/><V100/><F100/><W134/><G117/><T70/><D119/><U71/><E34/><V6/><F90/><W96/><G96/><T47/><D127/><U77/><E77/><V30/><F30/><W94/><G134/><T78/><D78/><U39/><E39/><V122/><F122/><W19/><G19/><T83/><D83/><U85/><E85/><V38/><F38/><W43/><REACH who="3" step="1"/><G133/><REACH who="3" ten="250,327,250,163" step="2"/><T81/><D70/><U44/><E69/><V5/><F17/><W57/><G57/><N who="0" m="34871" /><D81/><U22/><E71/><V108/><F6/><W4/><G4/><T93/><D93/><AGARI ba="0,1" hai="0,5,9,24,28,35,76,79,93,97,103,108,109,111" machi="93" ten="40,8000,1" yaku="14,1,52,3" doraHai="120" who="2" fromWho="0" sc="250,-80,327,0,250,90,163,0" /><INIT seed="2,0,0,4,3,109" ten="170,327,340,163" oya="2" hai0="128,24,134,119,42,115,107,28,83,73,58,16,118" hai1="101,93,50,87,117,39,22,63,112,19,95,81,110" hai2="2,27,79,21,114,70,12,84,33,100,94,48,64" hai3="18,51,99,66,6,129,75,91,20,13,132,31,78"/><V60/><F2/><W7/><G132/><T15/><D107/><U37/><E117/><N who="0" m="44553" /><D42/><U105/><E105/><V61/><F33/><W45/><G129/><T11/><D73/><U121/><E121/><V97/><F61/><W52/><G66/><T82/><D128/><U26/><E110/><V8/><F48/><W131/><G131/><T106/><D106/><U67/><E50/><V130/><F130/><W113/><G113/><T85/><D134/><U89/><E112/><V57/><F70/><W4/><G75/><T86/><D58/><U135/><E135/><V25/><F114/><W41/><G78/><T53/><D53/><U30/><E19/><V14/><F79/><W125/><G125/><T71/><D71/><U9/><E9/><V133/><F133/><W40/><G31/><T38/><D38/><U98/><REACH who="1" step="1"/><E81/><REACH who="1" ten="170,317,340,163" step="2"/><N who="0" m="30729" /><D115/><U126/><E126/><V46/><F46/><W54/><G40/><T62/><D62/><U104/><E104/><V69/><F69/><AGARI ba="0,1" hai="22,26,30,37,39,63,67,69,87,89,93,95,98,101" machi="69" ten="30,2000,0" yaku="1,1,7,1,53,0" doraHai="109" doraHaiUra="10" who="1" fromWho="2" sc="170,0,317,30,340,-20,163,0" /><INIT seed="3,0,0,0,3,90" ten="170,347,320,163" oya="3" hai0="19,134,62,86,40,12,60,94,50,71,128,135,98" hai1="123,126,67,84,92,57,2,39,46,30,80,109,29" hai2="35,88,7,6,106,119,51,132,108,64,15,129,121" hai3="5,38,97,70,53,82,44,23,27,10,59,68,47"/><W73/><G38/><T3/><D3/><U78/><E2/><V45/><F119/><W13/><G68/><T9/><D128/><U33/><E126/><V77/><F106/><W18/><G70/><T102/><D71/><U25/><E30/><V41/><F35/><W14/><G73/><T85/><D60/><U32/><E109/><V118/><F118/><W89/><G27/><T37/><D62/><U127/><E127/><V113/><F113/><W4/><G4/><T107/><D37/><U96/><E57/><V76/><F108/><W21/><G21/><T65/><D65/><U61/><E61/><V8/><F121/><W43/><G43/><T117/><D117/><U0/><E0/><V1/><F129/><W116/><G116/><T36/><D36/><U54/><E67/><V111/><F111/><W56/><G56/><T81/><D107/><U100/><E123/><V93/><F132/><W91/><G91/><T124/><D124/><U95/><E33/><V16/><F64/><W131/><G131/><T74/><D74/><U75/><E75/><V42/><F42/><W52/><G53/><T17/><D17/><U133/><E133/><N who="0" m="50697" /><D81/><U49/><E39/><V125/><F125/><W72/><G72/><T115/><D115/><U55/><E54/><V20/><F7/><W24/><G24/><T114/><D114/><U48/><E48/><V110/><F110/><W26/><G26/><T99/><D99/><AGARI ba="0,0" hai="1,6,8,15,16,20,41,45,51,76,77,88,93,99" machi="99" ten="30,7700,0" yaku="7,1,52,1,54,2" doraHai="90" who="2" fromWho="0" sc="170,-77,347,0,320,77,163,0" /><INIT seed="4,0,0,2,1,72" ten="93,347,397,163" oya="0" hai0="30,67,16,120,76,48,133,66,95,62,107,36,25" hai1="69,45,55,90,24,11,122,100,128,109,44,65,9" hai2="116,3,47,75,99,51,84,91,37,86,135,88,102" hai3="41,74,53,14,34,35,83,61,31,98,105,23,81"/><T112/><D107/><U21/><E122/><V38/><F3/><W13/><G41/><T6/><D36/><U39/><E100/><V121/><F121/><W130/><G130/><T43/><D120/><U7/><E128/><V27/><F116/><W52/><G74/><T58/><D133/><U80/><E109/><V111/><F111/><W89/><G61/><T59/><D6/><U64/><E69/><V124/><F75/><W20/><G31/><T1/><D1/><U123/><E39/><V17/><F135/><W93/><G105/><T94/><D112/><U22/><E22/><V127/><F27/><W87/><G98/><T56/><D30/><U18/><E123/><V12/><F38/><W104/><G104/><T2/><D2/><U46/><E55/><N who="3" m="21066" /><G35/><T26/><D76/><U134/><E134/><V63/><F63/><W103/><G34/><T4/><D4/><U54/><E54/><V71/><F71/><W106/><G103/><T117/><D117/><U70/><E70/><V77/><F37/><W50/><G50/><T126/><D126/><N who="2" m="48170" /><F102/><W29/><G106/><T101/><D101/><U19/><E19/><V15/><F99/><W132/><G132/><T68/><D68/><U110/><E110/><V131/><F131/><W96/><G96/><T10/><D62/><U82/><E82/><N who="3" m="31242" /><G29/><T115/><D115/><U28/><E28/><V79/><F51/><W78/><G78/><N who="2" m="29705" /><F47/><W85/><G85/><N who="2" m="32873" /><F17/><W108/><G108/><T73/><D73/><U5/><E46/><V92/><F92/><N who="0" m="35370" /><D25/><U129/><E129/><V114/><F114/><W0/><G0/><RYUUKYOKU ba="0,0" sc="93,-15,347,-15,397,15,163,15" hai2="12,15,88,91" hai3="13,14,20,23,87,89,93" /><INIT seed="5,1,0,1,2,92" ten="78,332,412,178" oya="1" hai0="10,47,68,44,7,98,73,57,105,120,27,128,29" hai1="122,81,129,123,18,21,90,4,82,118,88,16,124" hai2="66,80,133,19,56,97,42,58,107,55,5,96,103" hai3="54,22,62,9,0,30,6,112,106,83,119,125,11"/><U64/><E118/><V37/><F133/><W3/><G119/><T20/><D68/><U99/><E64/><V71/><F71/><W77/><G106/><T43/><D73/><U60/><E60/><V25/><F5/><W102/><G102/><T131/><D120/><U67/><E67/><V127/><F127/><W50/><G112/><T110/><D57/><U130/><E124/><V59/><F80/><N who="1" m="30825" /><E4/><V126/><F126/><W53/><G62/><T113/><D113/><U78/><E78/><V26/><F37/><W52/><G50/><T24/><D24/><U74/><E74/><V111/><F111/><W34/><G34/><T61/><D61/><U2/><E2/><V40/><F66/><W101/><G101/><T75/><D75/><U41/><E41/><N who="2" m="15979" /><F103/><W49/><G49/><T86/><D110/><U31/><E31/><V1/><F1/><W95/><G95/><T109/><D109/><U17/><E21/><N who="2" m="13503" /><F107/><W79/><G30/><T114/><D105/><U117/><E117/><V46/><F26/><W100/><G22/><T45/><D43/><U23/><E23/><V76/><F76/><W121/><G100/><T89/><D114/><U72/><E72/><V94/><F94/><W35/><G35/><T70/><D70/><U85/><E85/><V14/><F14/><W63/><G125/><T28/><D28/><U38/><E38/><V51/><AGARI ba="1,0" hai="46,51,55,56,58,59,96,97" m="13503,15979" machi="51" ten="30,4000,0" yaku="8,1,52,2" doraHai="92" who="2" fromWho="2" sc="78,-11,332,-21,412,43,178,-11" /><INIT seed="6,0,0,4,2,133" ten="67,311,455,167" oya="2" hai0="94,92,62,122,8,104,9,126,39,128,0,58,10" hai1="131,23,52,135,115,57,27,76,1,80,110,38,46" hai2="98,123,59,129,22,67,109,79,100,45,4,63,116" hai3="102,106,26,53,35,120,16,20,44,60,108,61,13"/><V84/><F116/><W12/><G108/><T75/><D75/><U107/><E1/><V82/><F109/><W25/><G120/><T56/><D0/><U78/><E107/><V28/><F123/><W33/><G106/><T15/><D122/><U43/><E110/><V96/><F129/><W41/><G102/><T49/><D104/><U18/><E135/><V97/><F4/><W64/><G53/><T85/><D85/><U89/><E131/><V66/><F45/><W132/><G132/><T36/><D128/><U77/><E115/><V69/><F69/><W24/><G60/><T6/><D6/><U83/><REACH who="1" step="1"/><E89/><REACH who="1" ten="67,301,455,167" step="2"/><V71/><F71/><W130/><G130/><T93/><D49/><AGARI ba="0,1" hai="18,23,27,38,43,46,49,52,57,76,77,78,80,83" machi="49" ten="40,8000,1" yaku="1,1,2,1,54,1,53,1" doraHai="133" doraHaiUra="51" who="1" fromWho="0" sc="67,-80,301,90,455,0,167,0" owari="-13,-51.0,391,19.0,455,55.0,167,-23.0" /></mjloggm>