<mjloggm ver="2.3"><GO type="169" lobby="0"/><UN n0="%E2%98%85%E3%83%86%E3%82%AF%E3%83%8E%E3%83%8F%E3%82%A6%E3%82%B9%E2%98%85" n1="%EF%BC%88%E2%89%A7%E2%96%BD%E2%89%A6%EF%BC%89" n2="%E3%83%88%E3%82%B7%E3%83%95%E3%83%BC%E3%83%8B" n3="%E4%B8%83%E3%83%84%E7%9B%AE%E7%8E%89" dan="16,19,17,17" rate="2128.32,2255.00,2110.89,2133.19" sx="F,M,M,M"/><TAIKYOKU oya="0"/><INIT seed="0,0,0,2,5,82" ten="250,250,250,250" oya="0" hai0="130,22,118,31,14,18,37,20,40,77,38,33,54" hai1="41,74,75,85,60,49,9,16,90,58,71,73,64" hai2="61,63,2,109,65,99,115,81,67,34,128,113,26" hai3="21,79,52,125,68,13,112,123,87,25,53,12,86"/><T42/><D118/><U45/><E71/><V51/><F2/><W78/><G68/><T28/><D130/><U59/><E59/><V127/><F128/><W114/><G25/><T102/><D33/><U70/><E70/><V29/><F127/><W4/><G21/><T111/><D102/><U129/><E129/><V131/><F131/><W121/><REACH who="3" step="1"/><G4/><REACH who="3" ten="250,250,250,240" step="2"/><T132/><D132/><U69/><E69/><V97/><F26/><W116/><G116/><T55/><D111/><U104/><E104/><V94/><F109/><W133/><G133/><T3/><D22/><U100/><E100/><V103/><F103/><W95/><G95/><T89/><D20/><U83/><REACH who="1" step="1"/><E73/><REACH who="1" ten="250,240,250,240" step="2"/><V134/><F134/><W105/><G105/><T110/><D110/><U5/><E5/><V15/><F115/><W47/><G47/><T57/><D57/><U135/><E135/><V43/><F113/><W6/><G6/><T84/><D31/><U101/><E101/><V46/><F29/><W120/><G120/><T108/><D28/><U27/><E27/><V30/><F30/><W88/><G88/><T91/><D108/><U0/><E0/><V7/><F46/><W92/><G92/><T24/><D3/><U119/><E119/><V80/><F94/><W76/><G76/><T56/><D24/><U122/><E122/><V39/><F7/><W96/><G96/><T98/><D56/><U44/><E44/><V48/><F99/><W72/><G72/><T50/><D98/><U126/><E126/><AGARI ba="0,2" hai="12,13,52,53,78,79,86,87,112,114,121,123,125,126" machi="126" ten="25,12000,2" yaku="1,1,22,2,52,2,54,1,53,0" doraHai="82" doraHaiUra="93" who="3" fromWho="1" sc="250,0,240,-120,250,0,240,140" /><INIT seed="1,0,0,1,2,73" ten="250,120,250,380" oya="1" hai0="25,94,43,0,99,5,14,22,66,53,67,88,96" hai1="102,23,34,47,133,89,16,123,44,125,90,45,126" hai2="32,17,31,69,29,114,106,38,75,21,135,54,28" hai3="26,55,60,57,101,93,92,85,35,61,103,1,39"/><U9/><E34/><V128/><F32/><W120/><G39/><T121/><D0/><U115/><E123/><V40/><F106/><W86/><G1/><T112/><D112/><U63/><E115/><V12/><F114/><W33/><G57/><T134/><D134/><U110/><E133/><V122/><F135/><W19/><G19/><T95/><D43/><U37/><E37/><V71/><F122/><W82/><G120/><T2/><D2/><U117/><E117/><V105/><F105/><W91/><G82/><T30/><D53/><U18/><E110/><V58/><F128/><W10/><G10/><N who="0" m="4431" /><D121/><U65/><E102/><AGARI ba="0,0" hai="22,25,30,66,67,88,94,95,96,99,102" m="4431" machi="102" ten="30,2000,0" yaku="8,1,54,1" doraHai="73" who="0" fromWho="1" sc="250,20,120,-20,250,0,380,0" /><INIT seed="2,0,0,3,2,101" ten="270,100,250,380" oya="2" hai0="110,123,126,4,18,5,40,1,91,38,69,48,134" hai1="73,135,80,112,121,61,57,75,14,100,129,55,35" hai2="83,22,65,127,63,74,53,59,122,24,68,54,132" hai3="114,19,95,28,79,21,98,93,113,37,58,6,115"/><V82/><F122/><W32/><G37/><T8/><D123/><U23/><E121/><V97/><F132/><W11/><G79/><T71/><D38/><U13/><E135/><V43/><F127/><W26/><G58/><T104/><D134/><U60/><E112/><V45/><F97/><W29/><G98/><T89/><D126/><U86/><E129/><V51/><F74/><W106/><G106/><T36/><D36/><U17/><E35/><V119/><F119/><W117/><G117/><T109/><D48/><U0/><E0/><V107/><F107/><W96/><G96/><T92/><D40/><U72/><E100/><V15/><F15/><N who="3" m="9471" /><G28/><T7/><D104/><U85/><E13/><AGARI ba="0,0" hai="6,11,13,26,29,32,93,95,113,114,115" m="9471" machi="13" ten="30,1000,0" yaku="11,1" doraHai="101" who="3" fromWho="1" sc="270,0,100,-10,250,0,380,10" /><INIT seed="3,0,0,5,1,0" ten="270,90,250,390" oya="3" hai0="81,80,124,52,56,70,91,7,58,129,37,10,109" hai1="99,38,100,19,48,93,71,64,43,49,126,111,73" hai2="40,103,74,46,135,104,55,83,21,17,5,1,108" hai3="98,13,132,15,27,16,35,87,4,3,41,95,61"/><W131/><G3/><T75/><D70/><U69/><E126/><V107/><F55/><W92/><G131/><T60/><D37/><U14/><E111/><V79/><F108/><W9/><G132/><T23/><D124/><U36/><E73/><V134/><F17/><W18/><G41/><T66/><D129/><U20/><E38/><N who="2" m="21783" /><F21/><N who="3" m="13735" /><G35/><T113/><D113/><U90/><E36/><V67/><F67/><W128/><G128/><T45/><D45/><U65/><E43/><V133/><F103/><N who="3" m="60871" /><G61/><T76/><D109/><U68/><E65/><V11/><AGARI ba="0,0" hai="1,5,11,74,79,83,104,107,133,134,135" m="21783" machi="11" ten="40,8000,1" yaku="25,1,20,1,23,1,52,1" doraHai="0" who="2" fromWho="2" sc="270,-20,90,-20,250,80,390,-40" /><INIT seed="4,0,0,5,5,80" ten="250,70,330,350" oya="0" hai0="16,72,129,115,9,127,0,30,94,93,76,67,24" hai1="75,77,116,99,97,109,111,86,49,56,134,74,7" hai2="23,22,108,47,104,37,82,98,120,131,62,103,122" hai3="35,51,60,17,19,40,73,132,36,5,29,114,107"/><T63/><D115/><U130/><E7/><V33/><F108/><N who="1" m="41545" /><E49/><V105/><F131/><W125/><G73/><N who="1" m="27658" /><E56/><V6/><F33/><W102/><G36/><T45/><D129/><U113/><E130/><V11/><F104/><W28/><G5/><T101/><D127/><U84/><E116/><V43/><F62/><W38/><G38/><T50/><D101/><U123/><E123/><V21/><REACH who="2" step="1"/><F82/><REACH who="2" ten="250,70,320,350" step="2"/><W48/><G60/><T92/><D63/><U8/><E113/><V128/><F128/><W70/><G114/><T65/><D67/><U46/><E134/><V18/><F18/><W25/><G19/><T79/><D65/><U55/><E55/><V100/><F100/><W121/><G17/><T27/><D30/><U78/><E8/><V13/><AGARI ba="0,1" hai="6,11,13,21,22,23,37,43,47,98,103,105,120,122" machi="13" ten="30,2000,0" yaku="1,1,0,1,53,0" doraHai="80" doraHaiUra="88" who="2" fromWho="2" sc="250,-10,70,-5,320,30,350,-5" /><INIT seed="5,0,0,1,4,48" ten="240,65,350,345" oya="1" hai0="77,18,119,49,35,74,39,63,7,104,28,6,64" hai1="31,20,135,133,36,40,92,112,103,70,62,109,124" hai2="26,81,33,97,78,19,1,66,84,87,102,107,17" hai3="125,24,14,71,15,108,10,132,69,134,0,38,110"/><U68/><E124/><V126/><F126/><W94/><G38/><T56/><D119/><U45/><E109/><N who="3" m="42090" /><G94/><T123/><D39/><U106/><E112/><V13/><F1/><W113/><G125/><T121/><D104/><U99/><E92/><V101/><F101/><W79/><G79/><T52/><D18/><U116/><E116/><V11/><F66/><W21/><G71/><T57/><D77/><U2/><E2/><V58/><F58/><W82/><G82/><T59/><D74/><U5/><E5/><V23/><F33/><W72/><G69/><T120/><D57/><U37/><E37/><V127/><F127/><W118/><G72/><AGARI ba="0,0" hai="11,13,17,19,23,26,72,78,81,84,87,97,102,107" machi="72" ten="30,1000,0" yaku="7,1" doraHai="48" who="2" fromWho="3" sc="240,0,65,0,350,10,345,-10" /><INIT seed="6,0,0,2,2,42" ten="240,65,360,335" oya="2" hai0="24,106,117,68,87,86,34,129,101,116,40,89,36" hai1="96,123,53,1,44,29,50,5,64,60,26,75,13" hai2="32,109,23,108,105,115,58,62,127,57,31,102,67" hai3="104,38,107,7,28,16,79,130,25,65,88,128,83"/><V19/><F115/><W49/><G38/><T124/><D68/><U121/><E75/><V125/><F102/><W77/><G7/><T35/><D124/><N who="2" m="47690" /><F105/><W132/><G132/><T113/><D129/><N who="3" m="49769" /><G65/><T70/><D70/><U118/><E1/><V48/><F31/><W80/><G28/><T134/><D113/><U6/><E118/><V27/><F32/><W74/><G49/><T43/><D134/><U22/><E96/><V99/><F99/><W66/><G66/><T72/><D72/><U9/><E123/><V63/><F48/><W47/><G79/><T85/><D89/><U95/><E121/><V61/><F67/><W2/><G2/><T46/><D40/><U59/><REACH who="1" step="1"/><E95/><REACH who="1" ten="240,55,360,335" step="2"/><V52/><F109/><W17/><G107/><T8/><D106/><U81/><E81/><V56/><F108/><W119/><G104/><T15/><D116/><U126/><E126/><V18/><F18/><AGARI ba="0,1" hai="5,6,9,13,18,22,26,29,44,50,53,59,60,64" machi="18" ten="30,8000,1" yaku="1,1,7,1,8,1,52,1,53,1" doraHai="42" doraHaiUra="54" who="1" fromWho="2" sc="240,0,55,90,360,-80,335,0" /><INIT seed="7,0,0,2,0,47" ten="240,145,280,335" oya="3" hai0="13,4,52,105,14,130,50,34,83,30,84,93,110" hai1="40,118,67,73,125,116,29,92,62,7,21,114,38" hai2="128,27,111,75,60,44,20,68,76,120,126,32,48" hai3="134,55,25,85,97,132,8,91,17,103,117,72,45"/><W51/><G72/><T102/><D105/><U26/><E73/><V41/><F32/><W11/><G117/><T54/><D130/><U112/><E125/><V53/><F126/><W71/><G71/><T78/><D110/><U86/><E7/><V127/><F127/><W77/><G77/><T99/><D4/><U79/><E38/><V81/><F111/><W100/><G25/><T37/><D37/><U39/><E39/><V65/><F128/><W35/><G35/><T87/><D54/><U61/><E40/><V49/><F120/><W113/><G113/><T6/><D6/><U16/><E62/><V122/><F122/><W19/><G11/><T18/><D34/><U15/><E79/><V115/><F115/><W43/><G43/><T2/><D2/><U9/><E114/><V96/><F96/><W5/><G5/><T58/><D30/><U46/><E46/><V98/><F98/><W70/><G70/><T101/><D84/><U42/><E42/><V90/><F90/><W131/><G131/><T123/><D123/><U57/><REACH who="1" step="1"/><E112/><REACH who="1" ten="240,135,280,335" step="2"/><V24/><F41/><W74/><G74/><T59/><D102/><U66/><E66/><V95/><F60/><W106/><G103/><T135/><D101/><U12/><E12/><V10/><F65/><W36/><G36/><T129/><D14/><U63/><E63/><V28/><F44/><W3/><G100/><N who="0" m="60527" /><D129/><U69/><E69/><V108/><F108/><W109/><G109/><T80/><D13/><U23/><E23/><V94/><F68/><W82/><G45/><N who="0" m="27727" /><D78/><U107/><E107/><V33/><F76/><RYUUKYOKU ba="0,1" sc="240,-10,135,30,280,-10,335,-10" hai1="9,15,16,21,26,29,57,61,67,86,92,116,118" owari="230,-17.0,165,-33.0,270,7.0,335,43.0" /></mjloggm>