<mjloggm ver="2.3"><GO type="169"/><UN n0="%E7%B4%85%E9%89%84%E5%A7%AB" n1="%E9%96%A2%E7%99%BD%E5%A4%B1%E8%84%9A" n2="%EF%BC%88%E2%89%A7%E2%96%BD%E2%89%A6%EF%BC%89" n3="%E7%8B%AC%E6%AD%A9" dan="16,16,18,16" rate="2099,2103,2239,2133" sx="F,M,M,M"/><TAIKYOKU oya="0"/><INIT seed="0,0,0,0,4,113" ten="250,250,250,250" oya="0" hai0="90,55,102,121,67,114,78,8,15,28,79,103,118" hai1="116,7,129,130,50,46,42,2,19,5,120,127,94" hai2="85,17,83,131,61,69,108,21,74,123,6,33,109" hai3="12,30,91,119,45,31,89,29,134,35,66,52,84"/><T99/><D114/><U11/><E120/><V93/><F33/><W48/><G134/><T73/><D121/><U1/><E127/><V37/><F37/><W60/><G119/><T80/><D67/><U112/><E112/><V135/><F135/><W65/><G35/><T88/><D28/><U40/><E94/><V124/><F124/><W62/><G12/><T3/><D3/><U126/><E126/><V44/><F44/><W38/><G38/><T81/><D118/><U39/><E116/><V96/><F6/><W107/><G107/><T13/><D55/><U57/><E19/><V68/><F74/><W115/><G115/><T95/><D13/><U98/><E98/><V58/><F123/><W43/><G43/><T18/><REACH who="0" step="1"/><D103/><REACH who="0" ten="240,250,250,250" step="2"/><U51/><E2/><V117/><F117/><W56/><REACH who="3" step="1"/><G84/><AGARI ba="0,1" hai="8,15,18,73,78,79,80,81,84,88,90,95,99,102" machi="84" ten="30,11600,0" yaku="1,1,2,1,7,1,54,1,53,0" doraHai="113" doraHaiUra="0" who="0" fromWho="3" sc="240,126,250,0,250,0,250,-116" /><INIT seed="0,1,0,1,2,11" ten="366,250,250,134" oya="0" hai0="107,69,106,71,9,128,97,91,73,60,21,39,29" hai1="52,121,33,103,47,115,44,65,50,83,99,72,101" hai2="74,75,15,94,53,59,62,102,54,79,90,17,105" hai3="96,31,117,124,56,12,93,16,45,18,7,0,125"/><T95/><D73/><U25/><E121/><V51/><F105/><W123/><G117/><T55/><D39/><U40/><E65/><V88/><F102/><W35/><G123/><T114/><D114/><U64/><E64/><V43/><F43/><W67/><G45/><T87/><D128/><U8/><E115/><V5/><F5/><W49/><G0/><T119/><D119/><U78/><E33/><V6/><F6/><W41/><G41/><T81/><D9/><U108/><E25/><V135/><F135/><W10/><G31/><T100/><D71/><U30/><E30/><V131/><F131/><W92/><G35/><T22/><D69/><U120/><E120/><V46/><F79/><W26/><G93/><T104/><D29/><U63/><E108/><V70/><F90/><W80/><G80/><T36/><D36/><U118/><E118/><V42/><F42/><W20/><G7/><T110/><D110/><U127/><E127/><V1/><F1/><W32/><G32/><T113/><D113/><U19/><E63/><V48/><F62/><W89/><REACH who="3" step="1"/><G67/><REACH who="3" ten="366,250,250,124" step="2"/><T122/><D122/><U24/><E47/><V126/><F126/><W37/><G37/><T57/><AGARI ba="1,1" hai="21,22,55,57,60,81,87,91,95,97,100,104,106,107" machi="57" ten="40,2100,0" yaku="0,1" doraHai="11" who="0" fromWho="0" sc="366,34,250,-8,250,-8,124,-8" /><INIT seed="0,2,0,1,3,39" ten="400,242,242,116" oya="0" hai0="2,45,76,68,24,27,94,12,87,85,97,109,30" hai1="6,61,72,112,23,69,101,86,102,113,89,60,56" hai2="48,54,32,47,26,115,37,25,121,51,71,77,7" hai3="108,120,119,17,114,1,99,4,14,15,43,100,83"/><T98/><D2/><U84/><E72/><V40/><F121/><W19/><G120/><T90/><D68/><U10/><E69/><V135/><F115/><W3/><G114/><T103/><D109/><U91/><E23/><V70/><F135/><W50/><G108/><T81/><D12/><U122/><E122/><V5/><F37/><W107/><G4/><N who="2" m="1609" /><F70/><W129/><G129/><T127/><D127/><U116/><E6/><V67/><F32/><W62/><G62/><T125/><D125/><U0/><E0/><V106/><F106/><W22/><G83/><T57/><D57/><U75/><E75/><V132/><F132/><W44/><REACH who="3" step="1"/><G119/><REACH who="3" ten="400,242,242,106" step="2"/><T58/><D81/><U73/><E116/><V41/><F71/><W111/><G111/><T92/><D76/><U79/><E79/><V9/><F77/><W80/><G80/><T33/><D58/><U11/><E56/><N who="2" m="32839" /><F67/><W93/><G93/><T13/><D94/><U18/><E73/><V28/><F28/><W124/><G124/><T117/><D30/><U82/><E82/><V104/><F104/><W74/><G74/><T53/><D117/><U59/><E59/><V63/><F63/><W46/><G46/><T29/><D45/><U96/><E112/><V130/><F130/><W38/><G38/><T36/><D36/><U134/><E113/><V34/><F47/><W78/><G78/><T128/><D128/><U55/><E134/><V126/><F126/><W133/><G133/><T35/><D29/><U118/><E118/><V110/><F110/><W20/><AGARI ba="2,1" hai="1,3,14,15,17,19,20,22,43,44,50,99,100,107" machi="20" ten="20,8000,1" yaku="1,1,0,1,7,1,9,1,52,1,53,0" doraHai="39" doraHaiUra="21" who="3" fromWho="3" sc="400,-42,242,-22,242,-22,106,96" /><INIT seed="1,0,0,4,2,132" ten="358,220,220,202" oya="1" hai0="82,19,135,85,121,37,98,123,57,115,129,64,120" hai1="11,31,105,102,1,69,77,112,45,3,0,95,103" hai2="29,89,134,110,111,9,24,60,49,41,92,47,80" hai3="65,30,54,125,32,58,114,55,46,62,39,25,48"/><U12/><E112/><V63/><F80/><W16/><G114/><T83/><D37/><U33/><E69/><V35/><F9/><W10/><G125/><T50/><D115/><U20/><E105/><V81/><F81/><W75/><G75/><T14/><D135/><U73/><E45/><V44/><F44/><W106/><G106/><T87/><D129/><U79/><E73/><V23/><F35/><W133/><G39/><T90/><D98/><U93/><E33/><V94/><F94/><W101/><G101/><T107/><D107/><U91/><E31/><V104/><F104/><W66/><G133/><T6/><D6/><U130/><E20/><V131/><F131/><W51/><REACH who="3" step="1"/><G62/><REACH who="3" ten="358,220,220,192" step="2"/><N who="0" m="37967" /><D50/><U74/><E74/><V72/><F72/><W53/><G53/><T61/><D61/><U86/><E130/><V99/><F134/><W22/><G22/><N who="0" m="11639" /><D85/><U67/><E103/><V26/><F60/><W118/><G118/><T59/><D83/><U27/><E102/><V100/><F63/><W36/><G36/><T128/><D128/><U88/><E67/><V70/><F100/><W21/><G21/><T28/><D82/><U122/><E86/><V78/><F49/><W126/><G126/><T71/><D87/><U15/><E79/><V113/><F78/><W116/><G116/><T5/><D121/><U96/><E77/><V18/><F113/><W34/><G34/><T2/><D123/><U4/><E122/><V13/><F70/><W108/><G108/><N who="2" m="41513" /><F29/><W68/><G68/><T119/><D71/><U40/><E91/><V43/><F43/><W56/><G56/><RYUUKYOKU ba="0,1" sc="358,-15,220,-15,220,15,192,15" hai2="13,18,23,24,26,41,47,89,92,99" hai3="10,16,25,30,32,46,48,51,54,55,58,65,66" /><INIT seed="2,1,1,2,5,2" ten="343,205,235,207" oya="2" hai0="68,32,86,106,48,115,117,67,135,53,82,120,12" hai1="88,89,121,129,116,124,81,4,118,39,134,109,41" hai2="46,10,24,111,42,7,44,76,58,30,16,104,60" hai3="122,133,49,38,15,11,31,119,0,93,74,34,5"/><V35/><F104/><W70/><G70/><T26/><D106/><U80/><E39/><V114/><F114/><W22/><G38/><T97/><D115/><U90/><E41/><V125/><F125/><W105/><G105/><T73/><D73/><U8/><E124/><V37/><F111/><W71/><G71/><T113/><D113/><U132/><E109/><V95/><F76/><W127/><G74/><T59/><D120/><U69/><E69/><V36/><F95/><W27/><G122/><T103/><D117/><N who="1" m="45163" /><E129/><V18/><F44/><W94/><G119/><T108/><D108/><U25/><E25/><V33/><F33/><W14/><G133/><N who="1" m="51306" /><E121/><V50/><F37/><W61/><G61/><T107/><D135/><U131/><E131/><V51/><F36/><W85/><G127/><T126/><D126/><U75/><E75/><V20/><F50/><W83/><G49/><T1/><D26/><U57/><E57/><V110/><F110/><W79/><REACH who="3" step="1"/><G15/><AGARI ba="1,1" hai="4,8,15,80,81,88,89,90" m="51306,45163" machi="15" ten="40,5200,0" yaku="20,1,52,1,54,1" doraHai="2" who="1" fromWho="3" sc="343,0,205,65,235,0,207,-55" /><INIT seed="3,0,0,2,1,42" ten="343,270,235,152" oya="3" hai0="49,47,100,41,89,69,15,87,65,95,31,17,33" hai1="119,6,108,117,96,14,74,118,129,55,9,113,50" hai2="35,115,75,63,121,82,12,78,116,45,16,34,3" hai3="22,125,64,4,106,130,7,30,59,32,46,90,101"/><W21/><G125/><T114/><D114/><U83/><E113/><V51/><F115/><W99/><G130/><T105/><D65/><U27/><E129/><V52/><F116/><W70/><G59/><T60/><D60/><U77/><E108/><V81/><F3/><W126/><G126/><T79/><D69/><U127/><E127/><V61/><F121/><W86/><G22/><T56/><D56/><U29/><E96/><V107/><F107/><W122/><G21/><T10/><D79/><U58/><REACH who="1" step="1"/><E119/><REACH who="1" ten="343,260,235,152" step="2"/><V1/><F1/><W62/><G122/><T103/><D105/><U123/><E123/><V93/><F81/><W43/><G30/><T44/><D31/><U92/><E92/><V91/><F35/><AGARI ba="0,1" hai="6,9,14,27,29,35,50,55,58,74,77,83,117,118" machi="35" ten="40,1300,0" yaku="1,1,53,0" doraHai="42" doraHaiUra="109" who="1" fromWho="2" sc="343,0,260,23,235,-13,152,0" /><INIT seed="4,0,0,4,1,81" ten="343,283,222,152" oya="0" hai0="7,117,89,64,95,112,108,28,21,49,113,31,4" hai1="20,5,16,88,133,109,50,101,93,96,114,122,12" hai2="57,69,34,63,98,118,11,131,48,0,116,76,86" hai3="79,84,91,51,22,39,47,99,33,124,82,19,135"/><T15/><D117/><N who="2" m="45162" /><F34/><W27/><G135/><T40/><D64/><U58/><E109/><V130/><F69/><W126/><G39/><T18/><D40/><U132/><E122/><V53/><F98/><W36/><G36/><T125/><D49/><U90/><E114/><N who="0" m="44137" /><D108/><U102/><E5/><N who="0" m="2121" /><D125/><N who="3" m="48233" /><G33/><T119/><D119/><U25/><E133/><V97/><F97/><AGARI ba="0,0" hai="15,18,21,28,31,89,95,97" m="2121,44137" machi="97" ten="30,1500,0" yaku="15,1" doraHai="81" who="0" fromWho="2" sc="343,15,283,0,222,-15,152,0" /><INIT seed="4,1,0,3,4,119" ten="358,283,207,152" oya="0" hai0="118,36,102,12,70,7,58,111,25,89,121,1,15" hai1="33,134,91,127,11,22,81,85,32,23,30,135,41" hai2="72,90,79,50,64,68,67,123,21,34,55,69,104" hai3="103,38,113,92,128,71,26,45,133,75,51,9,61"/><T63/><D70/><U97/><E41/><V99/><F34/><W78/><G128/><T87/><D36/><U125/><E97/><V107/><F107/><W54/><G133/><N who="1" m="50698" /><E11/><V116/><F116/><W93/><G113/><T2/><D118/><U80/><E81/><V29/><F69/><W65/><G78/><T110/><D102/><U57/><E57/><V60/><F104/><W94/><G75/><T108/><D25/><N who="1" m="16703" /><E22/><V5/><F99/><W46/><G26/><T31/><D31/><U44/><E44/><V130/><F21/><W73/><G73/><T96/><D96/><U40/><E40/><V112/><F29/><W120/><G9/><T95/><D7/><U106/><E106/><V77/><F5/><W109/><G109/><T82/><D82/><U42/><E42/><V24/><F72/><W117/><G117/><T47/><D47/><U86/><E85/><V13/><F24/><W8/><G8/><T18/><D1/><U4/><E4/><V101/><F101/><W27/><G27/><T124/><D2/><U39/><E39/><V3/><F3/><W122/><G103/><T43/><D43/><U105/><E105/><V28/><F28/><W115/><G115/><T66/><D87/><U131/><E131/><V84/><F130/><W49/><G38/><T16/><D108/><U37/><E37/><V14/><F84/><W6/><G6/><T83/><D110/><U56/><E56/><V35/><F13/><W17/><G17/><T0/><D12/><U129/><E129/><V62/><F14/><W98/><G98/><T20/><D111/><RYUUKYOKU ba="1,0" sc="358,-15,283,15,207,-15,152,15" hai1="32,33,80,86,91,125,127" hai3="45,46,49,51,54,61,65,71,92,93,94,120,122" /><INIT seed="5,2,0,4,2,48" ten="343,298,192,167" oya="1" hai0="2,111,94,25,92,43,118,124,81,27,57,97,112" hai1="15,82,49,120,51,88,131,83,122,22,37,100,93" hai2="1,36,24,16,76,53,84,13,102,29,58,109,68" hai3="6,11,5,42,46,116,105,12,77,135,127,54,79"/><U63/><E37/><V78/><F36/><W80/><G105/><T14/><D2/><U56/><E131/><V28/><F68/><W133/><G116/><T86/><D118/><U66/><E122/><V89/><F1/><W75/><G79/><N who="2" m="30249" /><F102/><W98/><G98/><T23/><D111/><U110/><E110/><V96/><F24/><W21/><G127/><T115/><D124/><U40/><E100/><V0/><F96/><W132/><G21/><T62/><D43/><U70/><E70/><V95/><F0/><W3/><G6/><T69/><D69/><U73/><E73/><V26/><F26/><N who="0" m="9738" /><D23/><U117/><E117/><V38/><F38/><N who="3" m="21847" /><G12/><T104/><D14/><U65/><E65/><V45/><F45/><W35/><G35/><T47/><D104/><U87/><E120/><V119/><F119/><W99/><G99/><T20/><D47/><N who="1" m="25831" /><E51/><N who="2" m="31039" /><F109/><W108/><G108/><T134/><D97/><U114/><E15/><V85/><F84/><W41/><G41/><T8/><D86/><U32/><E32/><V52/><F52/><AGARI ba="2,0" hai="3,5,11,52,54,75,77,80,132,133,135" m="21847" machi="52" ten="30,8000,1" yaku="25,1,20,1,52,2,54,1" doraHai="48" who="3" fromWho="2" sc="343,0,298,0,192,-86,167,86" /><INIT seed="6,0,0,2,5,52" ten="343,298,106,253" oya="2" hai0="67,123,4,60,129,91,104,121,21,76,94,127,58" hai1="55,85,119,9,105,34,56,78,93,30,118,69,125" hai2="135,48,115,1,29,36,99,11,18,84,66,95,109" hai3="64,15,71,39,116,20,113,68,97,59,40,65,22"/><V49/><F36/><W17/><G116/><T12/><D104/><U28/><E105/><V27/><F115/><W31/><G113/><T117/><D117/><U7/><E69/><V73/><F73/><W43/><G39/><T25/><D129/><U124/><E78/><V26/><F135/><W107/><G71/><T100/><D76/><U134/><E85/><V35/><F109/><W16/><G31/><N who="1" m="11818" /><E93/><V79/><F66/><W57/><G68/><T44/><D44/><U80/><E80/><N who="2" m="47135" /><F1/><W37/><G37/><T61/><D127/><N who="1" m="48715" /><E34/><V24/><F35/><W90/><G107/><T47/><D47/><U5/><E5/><V83/><F83/><W23/><G90/><T33/><D33/><U41/><E41/><N who="3" m="15946" /><G97/><N who="0" m="59447" /><D91/><U128/><E128/><V42/><F29/><W132/><G132/><T14/><D123/><U2/><E134/><V103/><F42/><W101/><G101/><T131/><D121/><U112/><E112/><V88/><F103/><W111/><G111/><T77/><D131/><U62/><AGARI ba="0,0" hai="2,7,9,55,56,62,118,119" m="48715,11818" machi="62" ten="30,2000,0" yaku="18,1,52,1" doraHai="52" who="1" fromWho="1" sc="343,-5,298,20,106,-10,253,-5" /><INIT seed="7,0,0,1,0,98" ten="338,318,96,248" oya="3" hai0="46,107,130,9,32,71,22,115,54,61,119,129,91" hai1="48,65,26,53,100,58,62,86,16,128,72,124,123" hai2="67,6,31,80,47,12,66,60,110,38,11,90,114" hai3="82,131,18,99,69,5,51,135,83,109,121,89,24"/><W133/><G121/><T44/><D32/><U35/><E72/><V37/><F110/><W101/><G69/><T97/><D119/><U39/><E35/><V74/><F114/><W50/><G109/><T64/><D9/><U10/><E39/><V113/><F113/><W68/><G68/><T43/><D22/><N who="1" m="13639" /><E124/><V34/><F74/><W93/><G5/><T57/><D107/><U70/><E70/><V21/><F34/><W87/><G131/><N who="0" m="50187" /><D115/><U94/><E128/><V75/><F75/><W25/><G83/><T13/><D13/><U1/><E10/><V36/><F47/><W8/><G25/><T108/><D108/><U19/><E19/><V105/><F105/><W3/><G3/><T45/><D97/><N who="1" m="59447" /><E1/><V27/><F60/><W2/><G2/><T95/><D95/><U104/><E104/><V40/><REACH who="2" step="1"/><F40/><REACH who="2" ten="338,318,86,248" step="2"/><W111/><G111/><T49/><D91/><U55/><E123/><V41/><F41/><AGARI ba="0,1" hai="41,43,44,45,46,49,54,57,61,64,71" m="50187" machi="41" ten="30,3900,0" yaku="19,1,34,2" doraHai="98" who="0" fromWho="2" sc="338,49,318,0,86,-39,248,0" owari="387,48.0,318,12.0,47,-45.0,248,-15.0" /></mjloggm>