<mjloggm ver="2.3"><GO type="41"/><UN n0="%E3%81%93%E3%81%90%E3%81%BE%E3%81%BD%E3%82%93" n1="%74%61%6B%61%68%69%72%61" n2="%E6%88%A6%E6%8A%80%E7%84%A1%E5%8F%8C" n3="%E3%82%A6%E3%83%AB%E3%83%88%E3%83%A9%E7%AB%8B%E7%9B%B4" dan="13,14,14,15" rate="1924,1973,1986,2023" sx="M,M,M,M"/><TAIKYOKU oya="0"/><INIT seed="0,0,0,4,2,83" ten="250,250,250,250" oya="0" hai0="7,36,93,53,126,84,74,95,116,77,71,4,10" hai1="100,31,110,39,52,8,21,32,14,54,127,96,15" hai2="125,78,105,12,113,59,86,81,65,45,1,62,23" hai3="11,34,55,89,28,42,135,128,63,111,30,0,22"/><T56/><D116/><U92/><E39/><V5/><F125/><W67/><G42/><T46/><D126/><U104/><E127/><V38/><F105/><W118/><G118/><T101/><D71/><U49/><E110/><V98/><F38/><W80/><G34/><T117/><D117/><U2/><E32/><V24/><F1/><W73/><G111/><T107/><D107/><U94/><E2/><V131/><F131/><W123/><G128/><T109/><D109/><U6/><E54/><V20/><F113/><W132/><G55/><T26/><D26/><U114/><E114/><V133/><F133/><W66/><G66/><T64/><D64/><U91/><E104/><V129/><F129/><W119/><G119/><T37/><D4/><U122/><E122/><V103/><F45/><W120/><G11/><T18/><D18/><U19/><E31/><V115/><F115/><W108/><G0/><N who="0" m="359" /><D74/><U27/><E27/><V16/><F5/><W33/><G22/><T47/><D36/><U87/><E15/><V48/><F48/><W60/><G108/><T61/><D37/><U75/><E75/><V25/><F23/><W57/><G63/><T79/><D95/><U17/><E21/><V82/><F98/><W68/><G33/><T76/><D101/><U124/><E124/><V58/><F103/><W85/><G68/><T102/><D102/><U106/><E106/><V72/><F59/><AGARI ba="0,0" hai="6,8,14,17,19,49,52,59,87,91,92,94,96,100" machi="59" ten="30,7700,0" yaku="7,1,8,1,52,1,54,1" doraHai="83" who="1" fromWho="2" sc="250,0,250,77,250,-77,250,0" /><INIT seed="1,0,0,0,1,8" ten="250,327,173,250" oya="1" hai0="40,118,130,31,20,13,110,91,134,11,60,7,80" hai1="65,1,52,106,38,51,21,108,103,105,14,131,133" hai2="92,76,69,125,82,122,107,77,97,41,17,81,27" hai3="111,117,135,84,104,78,123,10,39,90,100,2,121"/><U42/><E1/><V19/><F69/><W58/><G39/><T15/><D118/><U70/><E131/><V109/><F122/><W62/><G117/><T86/><D130/><U120/><E120/><V87/><F107/><W64/><G135/><T66/><D134/><U112/><E133/><V74/><F125/><W37/><G37/><T126/><D126/><U67/><E112/><V89/><F109/><W9/><G111/><T55/><D110/><U85/><E108/><V12/><F41/><W61/><G10/><T102/><D102/><U36/><E85/><V68/><F68/><W5/><G78/><T98/><D98/><U75/><E75/><V113/><F113/><W25/><G100/><T23/><D40/><U71/><E103/><V45/><F45/><W24/><G104/><T16/><D55/><U50/><E21/><V26/><F17/><W114/><G114/><T57/><D31/><U29/><E42/><V119/><F119/><W33/><G25/><T4/><D23/><AGARI ba="0,0" hai="12,19,23,26,27,74,76,77,81,82,87,89,92,97" machi="23" ten="30,2000,0" yaku="7,1,52,1" doraHai="8" who="2" fromWho="0" sc="250,-20,327,0,173,20,250,0" /><INIT seed="2,0,0,1,5,84" ten="230,327,193,250" oya="2" hai0="108,91,128,104,87,132,78,88,121,127,102,135,112" hai1="130,133,3,18,126,125,54,13,57,27,134,52,60" hai2="61,115,34,80,25,90,100,28,62,111,73,120,22" hai3="68,1,53,72,39,26,71,43,48,118,129,15,81"/><V107/><F120/><W46/><G118/><T105/><D121/><U47/><E3/><V109/><F115/><W51/><G1/><T50/><D50/><N who="1" m="28767" /><E27/><V70/><F22/><W74/><G74/><T89/><D112/><U41/><E13/><V20/><F20/><W124/><G72/><T119/><D119/><U66/><E18/><V122/><F122/><W36/><G81/><N who="0" m="47543" /><D108/><N who="2" m="41546" /><F73/><W55/><G15/><T123/><D123/><U92/><E92/><V38/><F38/><N who="3" m="14379" /><G26/><T33/><D33/><U83/><E83/><V21/><F21/><W10/><G10/><T98/><D128/><U77/><E77/><V6/><F6/><W8/><G8/><T101/><D127/><N who="1" m="48651" /><E41/><V2/><F2/><W17/><G17/><T35/><D35/><U42/><E42/><V31/><F31/><W116/><G124/><T69/><D69/><N who="3" m="26697" /><G116/><T95/><D102/><U12/><E12/><V59/><F100/><W64/><G129/><T86/><D86/><U131/><E66/><N who="2" m="41295" /><F80/><W14/><G14/><T30/><D30/><U67/><E67/><N who="2" m="39391" /><F107/><AGARI ba="0,0" hai="88,89,91,95,98,101,104,105,107,132,135" m="47543" machi="107" ten="30,12000,2" yaku="34,2,52,3,54,1" doraHai="84" who="0" fromWho="2" sc="230,120,327,0,193,-120,250,0" /><INIT seed="3,0,0,2,0,20" ten="350,327,73,250" oya="3" hai0="67,122,78,119,62,71,79,98,117,13,8,110,83" hai1="108,69,77,130,94,10,106,72,55,125,44,21,22" hai2="96,3,52,40,115,48,39,73,43,100,31,42,120" hai3="37,35,131,102,51,29,50,113,121,36,63,5,80"/><W6/><G29/><T33/><D33/><U60/><E106/><V0/><F39/><W11/><G35/><T129/><D122/><U4/><E108/><V133/><F115/><W1/><G121/><T114/><D114/><U82/><E130/><V23/><F120/><W7/><G113/><T68/><D129/><U90/><E125/><V105/><F73/><W97/><G131/><T66/><D110/><U54/><E69/><V128/><F133/><W64/><G80/><T28/><D98/><U61/><E60/><V86/><F128/><W84/><G84/><T9/><D28/><U32/><E32/><V124/><F124/><W116/><G116/><T112/><D112/><U47/><E44/><V65/><F65/><W134/><G134/><T127/><D127/><U58/><E54/><V123/><F123/><W109/><G109/><T46/><D46/><U56/><E56/><V132/><F132/><W104/><G11/><T24/><D24/><U16/><E47/><V126/><F126/><W45/><G1/><T14/><D83/><U18/><E22/><V89/><F23/><W99/><G99/><T57/><D57/><U38/><E21/><V53/><F31/><W49/><REACH who="3" step="1"/><G45/><REACH who="3" ten="350,327,73,240" step="2"/><T41/><D119/><U12/><E38/><V107/><F0/><W81/><G81/><T74/><D117/><U87/><AGARI ba="0,1" hai="4,10,12,16,18,55,58,61,72,77,82,87,90,94" machi="87" ten="20,2700,0" yaku="0,1,7,1,54,1" doraHai="20" who="1" fromWho="1" sc="350,-7,327,37,73,-7,240,-13" /><INIT seed="4,0,0,4,1,57" ten="343,364,66,227" oya="0" hai0="112,111,19,103,23,105,128,67,116,51,3,102,63" hai1="83,81,110,68,11,69,125,21,133,107,47,9,56" hai2="93,33,101,31,84,91,60,46,15,8,43,79,44" hai3="55,37,18,82,92,61,27,75,70,16,135,127,115"/><T49/><D116/><U71/><E110/><V6/><F44/><W73/><G37/><T130/><D111/><U123/><E123/><V52/><F33/><W114/><G127/><T38/><D38/><U25/><E125/><V2/><F31/><W53/><G82/><T119/><D3/><U80/><E107/><V106/><F106/><W1/><G1/><T66/><D119/><U86/><E133/><V58/><F101/><N who="0" m="38410" /><D105/><U109/><E109/><V26/><F26/><W72/><G92/><T29/><D29/><U45/><E56/><V30/><F30/><W121/><G121/><T65/><D112/><N who="3" m="43049" /><G135/><T28/><D28/><U17/><REACH who="1" step="1"/><E86/><REACH who="1" ten="343,354,66,227" step="2"/><V64/><F2/><W10/><G73/><T42/><D128/><U88/><E88/><V50/><REACH who="2" step="1"/><F79/><REACH who="2" ten="343,354,56,227" step="2"/><W96/><G96/><T35/><D130/><U126/><E126/><V120/><F120/><W0/><G0/><T12/><D35/><U87/><E87/><V94/><F94/><W54/><G72/><T95/><D95/><U59/><E59/><V14/><F14/><N who="3" m="7255" /><G75/><T117/><D117/><U118/><E118/><V132/><F132/><W32/><G70/><T40/><D12/><U124/><E124/><V85/><F85/><W113/><G113/><T39/><D19/><U97/><E97/><V134/><F134/><W131/><G131/><T104/><D104/><U100/><E100/><V78/><F78/><W90/><G18/><T22/><D22/><U108/><E108/><V48/><F48/><W36/><G32/><T5/><D23/><U13/><E13/><V41/><AGARI ba="0,2" hai="6,8,15,41,43,46,50,52,58,60,64,84,91,93" machi="41" ten="30,8000,1" yaku="1,1,0,1,8,1,52,1,54,1,53,0" doraHai="57" doraHaiUra="129" who="2" fromWho="2" sc="343,-40,354,-20,56,100,227,-20" /><INIT seed="5,0,0,2,4,51" ten="303,334,156,207" oya="1" hai0="13,90,96,63,106,20,120,30,55,112,46,84,116" hai1="113,22,9,36,91,132,21,61,131,119,103,124,79" hai2="76,69,83,66,19,135,87,50,98,104,47,48,74" hai3="73,133,110,118,122,11,57,5,100,6,68,86,18"/><U108/><E119/><V26/><F135/><W81/><G68/><T14/><D116/><U35/><E35/><V39/><F50/><W37/><G118/><T67/><D120/><U115/><E132/><V32/><F39/><W92/><G133/><T0/><D0/><U85/><E108/><V23/><F32/><W31/><G110/><T114/><D67/><U127/><E131/><V65/><F74/><W134/><G134/><T17/><D30/><U72/><E72/><V121/><F121/><W111/><G111/><T45/><D45/><U54/><E79/><V25/><F69/><W71/><G71/><T129/><D129/><U89/><E9/><V44/><F44/><W12/><G37/><T29/><D29/><U101/><E36/><V1/><F1/><W59/><G73/><T128/><D128/><U64/><E64/><V38/><F38/><W43/><G43/><T62/><D62/><U27/><E61/><V10/><F10/><W58/><G31/><T77/><D77/><U52/><E85/><V49/><F49/><W2/><G2/><T95/><D13/><U15/><E15/><V70/><F26/><AGARI ba="0,0" hai="21,22,26,27,52,54,89,91,101,103,113,115,124,127" machi="26" ten="25,12000,1" yaku="22,2,52,2,54,1" doraHai="51" who="1" fromWho="2" sc="303,0,334,120,156,-120,207,0" /><INIT seed="5,1,0,5,5,33" ten="303,454,36,207" oya="1" hai0="19,2,13,134,29,42,88,58,41,66,28,81,53" hai1="38,98,1,62,78,11,55,72,117,37,70,67,71" hai2="8,108,69,84,122,16,68,74,23,95,35,87,47" hai3="20,24,99,45,125,39,51,109,91,97,120,107,30"/><U31/><E117/><V123/><F74/><W118/><G120/><N who="2" m="46121" /><F47/><W126/><G39/><T26/><D134/><U56/><E71/><N who="2" m="27211" /><F35/><W18/><G118/><T132/><D2/><U63/><E31/><N who="0" m="11849" /><D26/><U82/><REACH who="1" step="1"/><E98/><REACH who="1" ten="303,444,36,207" step="2"/><V36/><F108/><W94/><G109/><T86/><D132/><U76/><E76/><V27/><F95/><W80/><G30/><T79/><D79/><U65/><E65/><V73/><F73/><W92/><G80/><T52/><D66/><U130/><E130/><V6/><F84/><W50/><G107/><T7/><D7/><AGARI ba="1,1" hai="1,7,11,37,38,55,56,62,63,67,70,72,78,82" machi="7" ten="40,3900,0" yaku="1,1,52,1,53,0" doraHai="33" doraHaiUra="9" who="1" fromWho="0" sc="303,-42,444,52,36,0,207,0" /><INIT seed="5,2,0,5,3,68" ten="261,496,36,207" oya="1" hai0="96,90,127,36,112,85,14,23,64,28,9,91,115" hai1="93,48,87,123,80,31,45,79,1,81,5,3,94" hai2="77,55,132,40,86,13,2,50,54,113,32,98,102" hai3="70,121,100,135,15,120,18,66,129,56,103,12,47"/><U33/><E123/><V26/><F2/><W41/><G70/><T92/><D64/><U20/><E33/><V125/><F125/><W10/><G129/><T114/><D28/><U49/><E5/><V25/><F132/><W111/><G111/><T122/><D23/><U46/><E20/><V82/><F32/><W0/><G0/><T4/><D127/><U117/><E87/><V106/><F113/><W78/><G135/><T62/><D62/><U37/><E79/><V11/><F54/><W67/><G78/><T57/><D57/><U61/><E61/><V39/><F55/><W38/><G121/><T53/><D122/><U84/><E84/><V16/><F50/><W133/><G133/><T118/><D53/><U99/><E99/><V110/><F110/><W22/><G120/><T107/><D107/><U130/><E31/><V95/><F40/><W97/><G56/><T74/><D74/><U119/><REACH who="1" step="1"/><E37/><REACH who="1" ten="261,486,36,207" step="2"/><V126/><F39/><W124/><G124/><T65/><D36/><U17/><E17/><V131/><F126/><W72/><G72/><T35/><D35/><U6/><E6/><V60/><F60/><W34/><G34/><T109/><D109/><U76/><E76/><V27/><F131/><AGARI ba="2,1" hai="1,3,45,46,48,49,80,81,93,94,117,119,130,131" machi="131" ten="25,12000,1" yaku="1,1,22,2,53,2" doraHai="68" doraHaiUra="89" who="1" fromWho="2" sc="261,0,486,136,36,-126,207,0" owari="261,6.0,622,72.0,-90,-59.0,207,-19.0" /></mjloggm>