<mjloggm ver="2.3"><GO type="41"/><UN n0="%E8%B5%A4%E3%81%84%76%69%70" n1="%E3%81%8D%E3%82%85%E3%81%86%E3%81%9D%E3%82%93" n2="%EF%BC%88%E2%89%A7%E2%96%BD%E2%89%A6%EF%BC%89" n3="%E3%81%8D%E3%82%85%E3%81%86%E3%81%99" dan="14,15,15,14" rate="1941,1921,2068,1862" sx="F,M,M,F"/><TAIKYOKU oya="0"/><INIT seed="0,0,0,3,2,102" ten="250,250,250,250" oya="0" hai0="46,28,85,40,113,74,130,16,1,73,55,66,5" hai1="69,30,111,134,41,127,98,51,92,80,60,123,14" hai2="97,71,78,59,110,6,10,20,106,77,108,81,132" hai3="72,22,100,57,133,116,128,7,26,68,48,52,114"/><T109/><D113/><U43/><E123/><V67/><F132/><W56/><G72/><T32/><D66/><U121/><E121/><V47/><F71/><W88/><G68/><T45/><D85/><U49/><E30/><V15/><F47/><W29/><G116/><T34/><D28/><U53/><E80/><V9/><F20/><W91/><G114/><T42/><D55/><U23/><E23/><V27/><F27/><W61/><G133/><T0/><D5/><U105/><E134/><V129/><F129/><W89/><G128/><T62/><D130/><U70/><E92/><V104/><F10/><W75/><G7/><T126/><D62/><U8/><E60/><N who="2" m="38303" /><F97/><W119/><G75/><T11/><D11/><U39/><E98/><V90/><F90/><W19/><G119/><T35/><D34/><U87/><E8/><V103/><F103/><W112/><G112/><T115/><D115/><U54/><E87/><N who="2" m="48559" /><F78/><W3/><G3/><T101/><D101/><U96/><E96/><V125/><F125/><W58/><G100/><T24/><D24/><U12/><E127/><V131/><F131/><W13/><REACH who="3" step="1"/><G61/><REACH who="3" step="2"/><T94/><D126/><U135/><E135/><V107/><F107/><W122/><G122/><T63/><D74/><U37/><E39/><V17/><F106/><W21/><AGARI ba="0,1" hai="13,19,21,22,26,29,48,52,56,57,58,88,89,91" machi="21" ten="30,8000,1" yaku="1,1,0,1,8,1,54,2,53,0" doraHai="102" doraHaiUra="38" who="3" fromWho="3" sc="250,-40,250,-20,250,-20,240,90" /><INIT seed="1,0,0,4,5,130" ten="210,230,230,330" oya="1" hai0="25,2,92,99,96,109,124,123,106,37,27,66,79" hai1="84,9,56,116,28,10,87,20,100,8,11,43,35" hai2="85,45,67,44,102,110,14,59,7,26,93,24,76" hai3="90,112,41,52,36,129,47,94,97,16,33,126,19"/><U125/><E116/><V121/><F110/><W107/><G33/><T4/><D109/><U30/><E35/><V62/><F121/><W74/><G74/><T83/><D37/><U135/><E43/><V134/><F134/><W105/><G129/><T103/><D123/><U38/><E38/><V122/><F122/><W69/><G112/><T60/><D4/><U80/><E125/><V61/><F61/><W23/><G126/><T51/><D51/><U73/><E73/><V113/><F113/><W64/><G19/><T1/><D2/><U42/><E42/><V101/><F101/><W50/><G69/><T18/><D18/><U0/><E135/><V108/><F108/><W46/><REACH who="3" step="1"/><G64/><REACH who="3" step="2"/><T75/><D66/><U81/><E0/><V114/><F67/><W128/><G128/><T132/><D75/><U5/><E20/><V115/><F114/><W117/><G117/><T53/><D124/><U89/><E5/><V98/><F7/><W12/><AGARI ba="0,1" hai="12,16,23,36,41,46,47,50,52,90,94,97,105,107" machi="12" ten="20,8000,1" yaku="1,1,0,1,7,1,54,2,53,0" doraHai="130" doraHaiUra="3" who="3" fromWho="3" sc="210,-20,230,-40,230,-20,320,90" /><INIT seed="2,0,0,3,0,2" ten="190,190,210,410" oya="2" hai0="52,116,17,126,57,43,13,71,87,49,132,27,4" hai1="45,66,56,125,128,31,101,90,127,104,7,61,5" hai2="79,19,131,38,94,63,83,89,28,47,1,26,54" hai3="109,124,18,110,97,96,123,24,106,82,25,0,120"/><V53/><F131/><W111/><G0/><T35/><D126/><N who="1" m="48139" /><E128/><V75/><F1/><W85/><G124/><T105/><D132/><U68/><E31/><V69/><F19/><W9/><G106/><T12/><D105/><U58/><E45/><V23/><F69/><W10/><G96/><T86/><D71/><U42/><E42/><V112/><F112/><W80/><G97/><T92/><D116/><U100/><E90/><V32/><F32/><W21/><G25/><T48/><D35/><U6/><E104/><V55/><F38/><W76/><REACH who="3" step="1"/><G82/><REACH who="3" step="2"/><T84/><D27/><U50/><E50/><V129/><F129/><W16/><G16/><T78/><D17/><U88/><E88/><V108/><F108/><W64/><G64/><T59/><D49/><U70/><E70/><V122/><F122/><AGARI ba="0,1" hai="9,10,18,21,24,76,80,85,109,110,111,120,122,123" machi="122" ten="50,3200,0" yaku="1,1,14,1,53,0" doraHai="2" doraHaiUra="62" who="3" fromWho="2" sc="190,0,190,0,210,-32,400,42" /><INIT seed="3,0,0,4,2,37" ten="190,190,178,442" oya="3" hai0="79,91,27,88,42,46,15,86,6,11,104,64,67" hai1="111,87,20,109,43,94,74,32,98,131,1,55,119" hai2="14,124,107,4,90,59,71,39,75,126,54,35,25" hai3="16,0,81,7,128,133,47,113,127,89,68,48,57"/><W117/><G117/><T96/><D104/><U125/><E74/><V53/><F71/><W95/><G113/><T70/><D70/><U118/><E32/><V50/><F75/><W22/><G127/><N who="2" m="48681" /><F107/><W116/><G133/><T82/><D27/><U24/><E125/><V92/><F39/><W132/><G128/><T10/><D11/><U99/><E1/><V122/><F122/><W33/><G132/><T62/><D62/><U61/><E87/><N who="2" m="52319" /><F54/><W105/><G116/><N who="1" m="44586" /><E131/><V2/><F2/><W63/><G68/><T52/><D52/><U18/><E99/><V85/><F85/><W60/><G33/><T30/><D30/><U65/><E55/><V83/><F83/><W112/><G105/><T5/><D6/><U120/><E120/><V40/><F35/><W12/><G112/><T36/><D36/><U130/><E130/><V72/><F72/><W115/><G81/><T31/><D31/><U45/><E61/><V103/><F103/><W9/><G115/><T41/><D96/><U56/><E56/><V23/><F4/><W114/><G114/><T110/><D110/><U106/><E106/><V80/><F80/><W26/><G0/><T51/><D42/><U8/><E65/><AGARI ba="0,0" hai="5,10,15,41,46,51,64,65,67,79,82,86,88,91" machi="65" ten="40,8000,1" yaku="25,2,8,1,52,1,54,1" doraHai="37" who="0" fromWho="1" sc="190,80,190,-80,178,0,442,0" /><INIT seed="4,0,0,0,5,3" ten="270,110,178,442" oya="0" hai0="118,79,101,104,58,32,56,23,68,111,126,65,83" hai1="10,36,2,52,114,90,37,130,29,98,103,25,131" hai2="18,61,94,51,30,93,86,87,28,15,47,113,48" hai3="9,31,81,24,64,135,71,13,40,70,14,33,89"/><T16/><D32/><U35/><E90/><V99/><F113/><W115/><G115/><T95/><D118/><U21/><E114/><V11/><F61/><W41/><G14/><T17/><D17/><U59/><E21/><V128/><F128/><N who="1" m="49193" /><E2/><V63/><F63/><W106/><G106/><T67/><D104/><N who="1" m="63607" /><E10/><V7/><F18/><W74/><G64/><T82/><D68/><U60/><AGARI ba="0,0" hai="25,29,35,36,37,52,59,60" m="63607,49193" machi="60" ten="30,2000,0" yaku="19,1,54,1" doraHai="3" who="1" fromWho="1" sc="270,-10,110,20,178,-5,442,-5" /><INIT seed="5,0,0,2,2,80" ten="260,130,173,437" oya="1" hai0="25,7,40,4,9,32,47,20,15,38,90,109,117" hai1="66,133,68,43,71,120,16,111,97,104,36,127,123" hai2="56,60,105,135,50,65,76,48,27,101,14,44,119" hai3="13,118,103,108,87,124,26,134,59,24,61,73,63"/><U85/><E127/><V98/><F119/><W41/><G73/><T0/><D117/><U100/><E133/><V92/><F135/><W17/><G118/><T125/><D125/><U45/><E111/><V72/><F14/><W128/><G108/><T131/><D109/><U82/><E71/><V39/><F39/><W21/><G124/><T19/><D131/><U75/><E75/><V113/><F113/><W11/><G134/><T53/><D7/><U46/><E46/><V29/><F105/><W58/><G128/><T102/><D102/><U49/><E36/><V107/><F107/><W37/><G103/><T22/><D20/><U81/><E81/><V3/><F3/><W34/><G37/><T79/><D79/><U52/><E43/><V78/><F72/><W18/><G41/><T126/><D126/><U74/><E74/><V88/><F101/><W115/><G34/><T93/><D93/><U132/><E132/><V64/><F64/><W28/><G115/><T86/><D86/><U130/><E130/><V1/><F1/><W54/><G26/><T77/><D77/><U84/><E84/><V8/><F8/><W106/><G87/><T12/><D15/><U10/><E68/><V42/><F50/><W69/><G106/><T2/><D0/><U70/><E70/><V122/><REACH who="2" step="1"/><F122/><REACH who="2" step="2"/><W129/><G69/><T94/><D9/><U96/><E66/><V110/><F110/><W83/><G129/><T67/><D2/><U30/><E123/><V91/><F91/><W55/><G83/><T62/><D90/><U5/><E120/><V6/><F6/><AGARI ba="0,1" hai="6,11,13,17,18,21,24,28,54,55,58,59,61,63" machi="6" ten="30,7700,0" yaku="6,1,7,1,9,1,8,1" doraHai="80" who="3" fromWho="2" sc="260,0,130,0,163,-77,437,87" /><INIT seed="6,0,0,1,1,9" ten="260,130,86,524" oya="2" hai0="113,34,125,98,59,92,108,104,75,97,52,25,39" hai1="32,41,22,13,27,5,42,8,6,83,24,126,57" hai2="128,38,119,62,10,67,71,4,79,134,85,26,81" hai3="47,72,118,87,50,135,114,84,91,11,86,100,12"/><V89/><F119/><W28/><G118/><T78/><D108/><U18/><E126/><V49/><F134/><W53/><G135/><T15/><D125/><U66/><E83/><V45/><F128/><W65/><G72/><T3/><D3/><U123/><E66/><V56/><F26/><W116/><G116/><T51/><D39/><U74/><E74/><V21/><F21/><W19/><G114/><T48/><D113/><U80/><E80/><V58/><F89/><W63/><G28/><T2/><D2/><U7/><E57/><V44/><F38/><W1/><G1/><T93/><D75/><U14/><E42/><V133/><F133/><W70/><REACH who="3" step="1"/><G100/><REACH who="3" step="2"/><T61/><D104/><U36/><E123/><V110/><F110/><W30/><G30/><T94/><D34/><U107/><E107/><V109/><F109/><W124/><G124/><T54/><D78/><U55/><E36/><V73/><F73/><W0/><G0/><T31/><D31/><N who="1" m="19559" /><E41/><V69/><F69/><W111/><G111/><T95/><D92/><AGARI ba="0,1" hai="11,12,19,47,50,53,63,65,70,84,86,87,91,92" machi="92" ten="30,3900,0" yaku="1,1,7,1,52,1,53,0" doraHai="9" doraHaiUra="131" who="3" fromWho="0" sc="260,-39,130,0,86,0,514,49" /><INIT seed="7,0,0,1,3,82" ten="221,130,86,563" oya="3" hai0="32,59,65,132,36,15,49,75,3,2,76,17,44" hai1="106,48,4,70,78,41,52,91,104,98,99,84,121" hai2="33,122,16,26,71,39,113,74,64,62,50,128,103" hai3="115,92,19,135,47,61,6,79,77,46,73,105,69"/><W118/><G105/><T81/><D132/><U5/><E121/><V114/><F122/><W110/><G135/><T57/><D32/><U31/><E70/><V7/><F74/><W133/><G115/><T129/><D36/><U120/><E41/><V9/><F128/><W66/><G118/><T111/><D111/><U27/><E78/><V51/><F39/><W14/><G133/><T116/><D116/><U42/><E42/><V40/><F103/><W24/><G110/><T119/><D119/><U107/><E120/><V102/><F102/><W67/><G6/><T22/><D129/><U25/><E5/><V134/><F134/><W85/><G24/><T125/><D125/><U12/><E12/><V1/><F40/><W97/><G67/><T109/><D109/><U126/><E126/><V96/><F96/><W63/><G61/><T21/><D22/><U45/><E4/><V108/><F108/><W72/><G73/><T68/><D68/><U38/><E38/><V123/><F123/><W8/><G72/><T23/><D21/><U88/><E91/><V34/><F34/><W86/><G77/><T29/><D29/><U54/><E54/><V80/><F80/><W37/><G79/><T13/><D15/><U83/><REACH who="1" step="1"/><E27/><REACH who="1" step="2"/><V112/><F33/><AGARI ba="0,1" hai="25,31,33,45,48,52,83,84,88,98,99,104,106,107" machi="33" ten="40,8000,1" yaku="1,1,2,1,52,1,54,2,53,0" doraHai="82" doraHaiUra="35" who="1" fromWho="2" sc="221,0,120,90,86,-80,563,0" owari="221,2.0,210,-19.0,6,-49.0,563,66.0" /></mjloggm>