<mjloggm ver="2.3"><GO type="41"/><UN n0="%E4%BA%8C%E7%99%BE%E9%9A%8E%E5%A0%82%E4%BA%9C%E6%A8%B9" n1="%EF%BC%88%E2%89%A7%E2%96%BD%E2%89%A6%EF%BC%89" n2="%4D%45%52%4C%4F%54" n3="%E3%83%AC%E3%83%90%E3%83%8B%E3%83%A9%E3%83%AC%E3%83%90" dan="13,15,13,13" rate="1876,2030,1865,1903" sx="F,M,M,M"/><TAIKYOKU oya="0"/><INIT seed="0,0,0,0,3,124" ten="250,250,250,250" oya="0" hai0="102,132,114,33,99,78,15,17,67,52,85,76,11" hai1="69,94,68,16,42,131,100,65,58,32,98,37,10" hai2="22,83,79,30,120,24,36,97,34,5,12,14,25" hai3="54,74,84,88,7,118,19,3,116,56,90,6,115"/><T51/><D132/><U41/><E32/><V39/><F120/><W2/><G74/><T50/><D50/><U109/><BYE who="0" /><E109/><UN n0="%E4%BA%8C%E7%99%BE%E9%9A%8E%E5%A0%82%E4%BA%9C%E6%A8%B9" /><V92/><F36/><W20/><G115/><T72/><D114/><U103/><E103/><V122/><F122/><W38/><G38/><T80/><D33/><U111/><E111/><V60/><F60/><W129/><G84/><T125/><D125/><U135/><E135/><V70/><F70/><W29/><G29/><T110/><D110/><U40/><E37/><V93/><F93/><W53/><G56/><T123/><D123/><U89/><E100/><V57/><F57/><W8/><G8/><T48/><D67/><U0/><E0/><V59/><F59/><W75/><G75/><T113/><D113/><U62/><E131/><V81/><F81/><W35/><G35/><T133/><D133/><U9/><E9/><V47/><F5/><W64/><G64/><T121/><D121/><U87/><REACH who="1" step="1"/><E98/><REACH who="1" ten="250,240,250,250" step="2"/><V55/><F39/><W119/><G119/><T126/><D126/><U23/><E23/><V46/><F97/><W43/><G20/><T13/><D102/><U96/><E96/><V77/><F34/><W45/><G129/><T108/><D108/><U1/><E1/><V117/><F22/><W107/><G107/><T101/><D101/><U44/><E44/><V21/><F47/><W63/><G45/><T106/><D99/><U86/><E86/><V49/><F46/><W82/><G118/><T105/><D11/><U112/><E112/><V61/><F117/><W127/><G116/><T73/><D72/><U27/><E27/><RYUUKYOKU ba="0,1" sc="250,-10,240,30,250,-10,250,-10" hai1="10,16,40,41,42,58,62,65,68,69,87,89,94" /><INIT seed="1,1,1,4,0,41" ten="240,270,240,240" oya="1" hai0="35,61,84,125,33,38,115,57,69,114,81,111,13" hai1="118,75,22,132,122,14,56,113,129,53,77,66,23" hai2="108,9,51,43,100,124,112,58,73,120,91,8,39" hai3="16,70,86,95,79,107,55,83,85,96,74,19,106"/><U7/><E122/><V18/><F120/><W20/><G70/><T109/><D69/><U80/><E118/><V128/><F73/><W5/><G5/><T50/><D38/><U90/><E113/><V60/><F124/><W104/><G55/><T49/><D125/><U28/><E132/><V87/><F39/><W12/><REACH who="3" step="1"/><G19/><REACH who="3" ten="240,270,240,230" step="2"/><T0/><D115/><U45/><E53/><V64/><F112/><W32/><G32/><T110/><D114/><U101/><E7/><V103/><F128/><W76/><G76/><N who="0" m="46119" /><D35/><U10/><E66/><V34/><F34/><W119/><G119/><T117/><D33/><U40/><E40/><V24/><F108/><W89/><AGARI ba="1,2" hai="12,16,20,74,79,83,85,86,89,95,96,104,106,107" machi="89" ten="30,7900,0" yaku="1,1,0,1,54,1,53,1" doraHai="41" doraHaiUra="88" who="3" fromWho="3" sc="240,-21,270,-40,240,-21,230,102" /><INIT seed="2,0,0,1,4,128" ten="219,230,219,332" oya="2" hai0="86,28,47,131,85,74,104,16,126,52,115,9,64" hai1="111,26,18,57,72,129,37,59,81,34,32,3,89" hai2="62,36,40,99,133,55,12,42,46,127,98,7,49" hai3="21,73,23,76,5,120,91,121,108,90,51,60,63"/><V119/><F119/><W101/><G5/><T95/><D131/><U44/><E129/><V48/><F127/><W31/><G108/><T110/><D126/><U13/><E111/><V50/><F40/><W65/><G76/><T75/><D110/><U11/><E3/><V70/><F133/><W78/><G78/><T114/><D104/><U83/><E72/><V130/><F130/><W106/><G73/><T68/><D28/><U29/><E34/><V69/><F12/><W19/><G106/><T117/><D117/><U1/><E1/><V10/><F99/><W53/><G51/><N who="2" m="19529" /><F10/><W102/><G31/><T4/><D16/><U6/><E6/><V25/><F25/><W116/><G116/><T22/><D22/><U38/><E38/><V8/><F98/><W88/><G19/><T71/><D64/><U97/><E97/><V93/><F93/><W96/><G96/><T0/><D95/><U79/><E81/><V118/><F8/><W45/><G65/><T2/><D9/><U66/><E66/><V113/><F7/><W109/><G109/><T27/><D4/><U67/><E67/><V24/><F24/><W82/><G82/><T132/><D27/><U100/><E100/><N who="3" m="38506" /><G45/><T43/><D43/><U14/><E13/><V80/><F80/><W20/><G53/><T56/><D47/><U92/><E44/><N who="2" m="28103" /><F118/><W33/><G33/><T54/><D56/><U77/><E37/><V125/><F125/><W39/><G39/><T124/><D124/><U123/><E83/><V35/><F35/><W112/><G112/><T58/><D58/><N who="1" m="22027" /><E123/><AGARI ba="0,0" hai="20,21,23,60,63,88,90,91,120,121,123" m="38506" machi="123" ten="40,5200,0" yaku="28,2,54,1" doraHai="128" who="3" fromWho="1" sc="219,0,230,-52,219,0,332,52" /><INIT seed="3,0,0,5,0,98" ten="219,178,219,384" oya="3" hai0="25,93,90,121,76,36,74,123,46,22,82,115,119" hai1="51,122,69,38,4,108,134,109,65,89,6,52,41" hai2="97,59,114,70,116,79,86,113,5,112,17,81,94" hai3="54,91,9,131,23,129,55,34,104,57,42,24,30"/><W80/><G42/><T12/><D119/><U31/><E122/><V99/><F70/><W39/><G39/><T72/><D115/><U29/><E134/><V28/><F116/><W135/><G135/><T10/><D72/><U44/><E89/><V35/><F5/><W50/><G104/><T85/><D36/><U20/><E4/><V102/><F35/><W77/><G91/><T71/><D71/><U110/><E6/><V14/><F28/><W101/><G101/><T16/><REACH who="0" step="1"/><D46/><REACH who="0" ten="209,178,219,384" step="2"/><N who="1" m="23863" /><E20/><V43/><F59/><W127/><G127/><T13/><D13/><U62/><AGARI ba="0,1" hai="29,31,44,51,52,62,65,69,108,109,110" m="23863" machi="62" ten="40,2700,0" yaku="14,1,54,1" doraHai="98" who="1" fromWho="1" sc="209,-7,178,37,219,-7,384,-13" /><INIT seed="4,0,0,5,4,29" ten="202,215,212,371" oya="0" hai0="3,44,131,126,87,110,11,45,98,115,1,76,107" hai1="13,22,74,12,4,116,132,35,63,8,47,40,16" hai2="57,26,92,106,95,129,64,99,55,30,80,73,56" hai3="79,19,104,53,111,86,96,89,46,120,94,90,62"/><T24/><D131/><U14/><E116/><V31/><F129/><W84/><G111/><T97/><D110/><U51/><E132/><V122/><F30/><W125/><G125/><T32/><D126/><U72/><E35/><V18/><F18/><W85/><G120/><T10/><D115/><U105/><E105/><V102/><F122/><W78/><G19/><T101/><D76/><N who="3" m="29225" /><G46/><T81/><D87/><N who="3" m="33353" /><G53/><T88/><D107/><U83/><E83/><V43/><F43/><W121/><G121/><T33/><D81/><U103/><E103/><V61/><F80/><N who="3" m="49351" /><G62/><T124/><D124/><U114/><E114/><V112/><F112/><W128/><G128/><T70/><D101/><U21/><E63/><V52/><F73/><W0/><G0/><T93/><D70/><U68/><E68/><V2/><F2/><W9/><G9/><T50/><D50/><U49/><E51/><V134/><F134/><W36/><G36/><T27/><D88/><U77/><E77/><V38/><F38/><W6/><G6/><T5/><D5/><U60/><E60/><V41/><F41/><W7/><G7/><T127/><D127/><U133/><E133/><V20/><F64/><W109/><G109/><T75/><REACH who="0" step="1"/><D75/><REACH who="0" ten="192,215,212,371" step="2"/><U34/><E72/><V69/><F69/><W113/><G113/><T59/><D59/><U58/><E74/><V42/><F42/><W65/><G65/><T118/><D118/><U15/><E58/><V17/><F31/><W82/><G82/><T119/><D119/><U108/><E108/><V67/><F67/><W39/><G39/><T23/><D23/><RYUUKYOKU ba="0,1" sc="192,10,215,-30,212,10,371,10" hai0="1,3,10,11,24,27,32,33,44,45,93,97,98" hai2="17,20,26,52,55,56,57,61,92,95,99,102,106" hai3="90,94,96,104" /><INIT seed="4,1,1,2,4,34" ten="202,185,222,381" oya="0" hai0="76,22,133,85,2,100,50,114,56,25,7,60,117" hai1="82,112,16,99,107,6,127,49,72,9,33,121,96" hai2="88,12,31,134,66,45,61,53,17,36,69,79,43" hai3="108,132,13,80,73,46,37,74,93,47,129,103,131"/><T19/><D133/><U95/><E121/><V63/><F31/><W78/><G108/><T11/><D114/><U110/><E110/><V24/><F24/><W26/><G26/><T68/><D117/><U89/><E33/><V116/><F79/><W3/><G132/><T124/><D124/><U106/><E127/><V97/><F116/><W98/><G74/><T15/><D68/><U75/><E112/><V44/><F134/><W115/><G115/><T67/><D100/><U4/><E49/><V109/><F109/><W35/><G35/><T23/><D50/><U59/><E59/><V126/><F126/><W119/><G119/><T122/><D122/><U1/><E4/><V48/><F63/><W18/><G37/><T40/><D40/><U118/><E118/><V105/><F105/><W57/><G57/><T58/><D58/><U5/><E5/><V52/><F53/><W77/><G78/><T27/><REACH who="0" step="1"/><D23/><REACH who="0" ten="192,185,222,381" step="2"/><U30/><E107/><V128/><F128/><N who="3" m="49227" /><G3/><T71/><D71/><U86/><E1/><V65/><F65/><W92/><G92/><T54/><D54/><U123/><E95/><V70/><F70/><W90/><G103/><T21/><D21/><AGARI ba="1,2" hai="13,18,21,46,47,73,77,80,90,93,98" m="49227" machi="21" ten="30,1000,0" yaku="19,1" doraHai="34" who="3" fromWho="0" sc="192,-13,185,0,222,0,381,33" /><INIT seed="5,0,0,2,2,94" ten="179,185,222,414" oya="1" hai0="82,12,85,72,113,132,121,78,128,101,58,41,75" hai1="60,59,46,36,90,56,33,63,105,19,2,125,119" hai2="70,44,40,124,32,108,51,117,37,118,89,123,77" hai3="104,115,22,135,130,81,48,55,5,13,79,30,1"/><U69/><E119/><V66/><F32/><W18/><G1/><T131/><D41/><U15/><E105/><V47/><F77/><W106/><G130/><N who="0" m="49707" /><D58/><U21/><E125/><V24/><F24/><W53/><G53/><T39/><D12/><U91/><E33/><V27/><F27/><W54/><G54/><T67/><D67/><U17/><E2/><V100/><F100/><W31/><G135/><T38/><D39/><U98/><E69/><V62/><F89/><W16/><G115/><T8/><D8/><U26/><E36/><V99/><F99/><W84/><G5/><T86/><D38/><U11/><E46/><V43/><F108/><W97/><G106/><T92/><D132/><U45/><E45/><V35/><F35/><W3/><G3/><T122/><D113/><U83/><E83/><V129/><F124/><W34/><G34/><T87/><D72/><U110/><E110/><V65/><F129/><W80/><G18/><T7/><D7/><U29/><E17/><V64/><F123/><N who="0" m="47114" /><D101/><U10/><E10/><V112/><F112/><W49/><G49/><T73/><D73/><U25/><E25/><V88/><F88/><AGARI ba="0,0" hai="75,78,82,85,86,87,88,92" m="47114,49707" machi="88" ten="30,8000,1" yaku="19,1,13,1,34,2,54,1" doraHai="94" who="0" fromWho="2" sc="179,80,185,0,222,-80,414,0" /><INIT seed="6,0,0,0,1,18" ten="259,185,142,414" oya="2" hai0="108,82,96,121,78,103,47,42,3,56,38,30,62" hai1="93,44,64,85,7,115,32,33,73,84,20,123,63" hai2="122,104,117,22,45,87,21,52,1,68,40,14,88" hai3="86,58,120,65,31,8,10,4,37,97,130,70,49"/><V90/><F68/><W124/><G70/><T71/><D71/><U76/><E123/><V48/><F104/><W51/><G37/><T2/><D108/><U61/><E115/><V77/><F122/><W118/><G118/><T39/><D121/><U110/><E110/><V79/><F117/><W101/><G130/><T53/><D38/><U135/><E135/><V107/><F1/><W29/><G124/><T25/><D82/><U105/><E105/><V66/><F66/><W27/><G86/><T55/><D55/><U127/><E127/><V57/><F107/><W17/><G17/><T6/><D6/><U126/><E126/><V113/><F113/><W43/><G43/><T5/><D5/><U83/><E7/><V19/><F90/><W15/><G8/><T9/><D78/><U129/><E129/><V112/><F22/><W91/><G91/><T23/><REACH who="0" step="1"/><D9/><REACH who="0" ten="249,185,142,414" step="2"/><U132/><E76/><V46/><F112/><W92/><G10/><T26/><D26/><U72/><E83/><N who="2" m="49279" /><F45/><W34/><G27/><T16/><D16/><U54/><E54/><V59/><F59/><W125/><G58/><T98/><D98/><U133/><E133/><V36/><F36/><W106/><G97/><T99/><D99/><U111/><E132/><V0/><F0/><W95/><G120/><T60/><D60/><U89/><E63/><V116/><F116/><W69/><G69/><T100/><D100/><U28/><E61/><V11/><F11/><W67/><G101/><T131/><D131/><U119/><E119/><V41/><F41/><W13/><G125/><T80/><D80/><RYUUKYOKU ba="0,1" sc="249,15,185,-15,142,15,414,-15" hai0="2,3,23,25,30,39,42,47,53,56,62,96,103" hai2="14,19,21,40,46,48,52,57,77,79" /><INIT seed="6,1,1,5,4,58" ten="264,170,157,399" oya="2" hai0="88,35,102,68,120,67,43,81,44,114,107,28,4" hai1="122,69,73,8,85,47,63,130,33,76,55,80,64" hai2="125,83,126,77,131,34,129,94,40,39,46,7,45" hai3="71,134,106,96,49,124,104,103,32,29,38,101,23"/><V116/><F34/><W37/><G71/><T53/><D120/><U135/><E122/><V59/><F7/><W48/><G32/><T61/><D53/><U74/><E135/><V110/><F116/><W1/><G1/><T14/><D114/><U11/><E130/><N who="2" m="49675" /><F94/><W41/><G41/><T97/><D4/><U24/><E33/><V100/><F100/><W84/><G84/><N who="0" m="50191" /><D14/><U121/><E121/><V17/><F17/><W87/><G87/><T75/><D75/><U42/><E24/><V19/><F19/><W51/><G134/><T62/><D62/><U18/><E55/><V66/><F110/><W2/><G2/><T56/><D35/><U86/><E86/><N who="2" m="48495" /><F46/><W99/><G124/><T70/><D70/><U128/><E128/><V115/><F115/><W36/><G23/><T10/><D68/><U95/><E18/><V60/><AGARI ba="1,1" hai="39,40,45,59,60,66,125,126" m="48495,49675" machi="60" ten="30,3000,0" yaku="19,1,52,1" doraHai="58" who="2" fromWho="2" sc="264,-11,170,-11,157,43,399,-11" /><INIT seed="6,2,0,2,0,110" ten="253,159,200,388" oya="2" hai0="4,107,81,14,32,73,82,50,7,122,134,53,75" hai1="67,83,37,69,62,5,36,77,19,128,129,43,8" hai2="47,2,72,51,132,92,106,131,98,22,112,21,117" hai3="102,108,70,56,3,86,33,23,85,95,101,61,59"/><V71/><F72/><W104/><G104/><T91/><D122/><U39/><E19/><V26/><F117/><W34/><G108/><T89/><D107/><U57/><E57/><V11/><F71/><W103/><G3/><T38/><D38/><U68/><E68/><V40/><F106/><W96/><G70/><T46/><D134/><U88/><E43/><V105/><F105/><W130/><G130/><T27/><D14/><U97/><E97/><V80/><F132/><W135/><G135/><T127/><D127/><U58/><E58/><V120/><F120/><W44/><G34/><T17/><D32/><U76/><E88/><V28/><F80/><W123/><G33/><T10/><D27/><U49/><E49/><V1/><F131/><W35/><G35/><T55/><D50/><U87/><REACH who="1" step="1"/><E76/><REACH who="1" ten="253,149,200,388" step="2"/><V126/><F126/><W52/><G59/><T60/><D17/><U25/><E25/><V16/><F11/><W20/><G123/><T94/><D46/><U12/><AGARI ba="2,1" hai="5,8,12,36,37,39,62,67,69,77,83,87,128,129" machi="12" ten="40,5200,0" yaku="1,1,0,1,53,1" doraHai="110" doraHaiUra="65" who="1" fromWho="1" sc="253,-15,149,68,200,-28,388,-15" /><INIT seed="7,0,0,5,1,58" ten="238,217,172,373" oya="3" hai0="116,124,68,54,135,49,56,86,105,35,123,22,120" hai1="106,108,114,95,42,9,5,47,101,1,74,110,57" hai2="11,25,55,131,2,45,51,125,32,21,128,103,132" hai3="41,104,77,80,13,3,60,121,29,23,24,107,31"/><W64/><G3/><T4/><D116/><U130/><E95/><V66/><F103/><W129/><G121/><T39/><D35/><U26/><E130/><V79/><F79/><W20/><G129/><T16/><D124/><U46/><E46/><V134/><F66/><W85/><G41/><T61/><D135/><N who="2" m="51754" /><F55/><W19/><G31/><T118/><D118/><U119/><E119/><V87/><F87/><W97/><G97/><T52/><D105/><U48/><E114/><V82/><F82/><W91/><G77/><T8/><D39/><U133/><E133/><V84/><F84/><W99/><G99/><T36/><D36/><U88/><E74/><V18/><F51/><W81/><G81/><T67/><D86/><U98/><E88/><V100/><F100/><W117/><G117/><T28/><D28/><U34/><E110/><V102/><F102/><W33/><G33/><T7/><D54/><U53/><E108/><V17/><F45/><W94/><G94/><T50/><D50/><U75/><E75/><V63/><F125/><W72/><G72/><T122/><REACH who="0" step="1"/><D8/><REACH who="0" ten="228,217,172,373" step="2"/><U6/><E48/><V78/><F63/><W14/><G107/><T15/><AGARI ba="0,1" hai="4,7,15,16,22,49,52,56,61,67,68,120,122,123" machi="15" ten="30,12000,2" yaku="1,1,2,1,0,1,52,1,54,2,53,0" doraHai="58" doraHaiUra="70" who="0" fromWho="0" sc="228,130,217,-30,172,-30,373,-60" owari="358,46.0,187,-21.0,142,-36.0,313,11.0" /></mjloggm>