<mjloggm ver="2.3"><GO type="41"/><UN n0="%E3%82%A6%E3%83%AB%E3%83%88%E3%83%A9%E7%AB%8B%E7%9B%B4" n1="%6B%69%72%69%73%79%75" n2="%6D%72%74%6A%72%74" n3="%64%72%73" dan="15,13,14,14" rate="2026,1941,1917,1943" sx="M,M,F,M"/><TAIKYOKU oya="0"/><INIT seed="0,0,0,4,0,13" ten="250,250,250,250" oya="0" hai0="45,97,22,44,62,3,55,71,39,129,9,118,64" hai1="38,83,86,93,30,109,84,21,53,119,17,100,54" hai2="124,48,95,26,74,110,51,10,8,120,65,89,50" hai3="15,117,58,94,78,23,25,134,103,135,35,41,133"/><T31/><D118/><U114/><E38/><V1/><F120/><W49/><G117/><T34/><D129/><U91/><E119/><V125/><F74/><W79/><G35/><T88/><D39/><U28/><E114/><V90/><F110/><W75/><G75/><T102/><D55/><U29/><E109/><V19/><F65/><W67/><G41/><T111/><D111/><U24/><REACH who="1" step="1"/><E100/><REACH who="1" ten="250,240,250,250" step="2"/><V80/><F125/><W99/><G135/><T112/><D112/><U14/><E14/><V105/><F124/><W57/><G15/><T98/><D3/><U128/><E128/><V113/><F1/><W47/><G134/><T106/><D9/><U11/><E11/><V85/><F8/><W61/><G133/><T32/><D22/><U33/><E33/><V101/><F113/><W122/><G122/><T107/><D34/><U20/><E20/><N who="2" m="13599" /><F10/><W130/><G130/><T104/><D104/><U131/><E131/><V123/><F105/><W96/><G103/><T72/><D107/><U66/><E66/><V127/><F127/><W37/><G67/><T52/><D72/><U73/><E73/><V108/><F108/><W18/><G37/><T68/><D68/><U60/><E60/><V5/><F123/><W81/><G61/><T70/><D70/><U0/><E0/><V69/><F69/><W6/><G25/><T126/><D126/><U43/><E43/><V16/><F101/><W82/><G49/><T77/><D52/><U132/><E132/><V76/><F50/><W46/><G78/><AGARI ba="0,1" hai="17,21,24,28,29,30,53,54,78,83,84,86,91,93" machi="78" ten="40,5200,0" yaku="1,1,8,1,52,1,53,0" doraHai="13" doraHaiUra="92" who="1" fromWho="3" sc="250,0,240,62,250,0,250,-52" /><INIT seed="1,0,0,1,1,54" ten="250,302,250,198" oya="1" hai0="13,77,68,4,104,45,15,65,40,106,26,86,120" hai1="87,76,10,69,91,23,125,21,19,6,113,74,132" hai2="122,14,112,59,11,105,95,36,38,73,88,109,63" hai3="67,135,3,92,41,1,84,121,85,37,126,75,118"/><U24/><E69/><V123/><F105/><W42/><G75/><T114/><D114/><U93/><E113/><V18/><F73/><W7/><G121/><T0/><D15/><U99/><E125/><V111/><F112/><W35/><G35/><T28/><D120/><U44/><E74/><V29/><F29/><W107/><G107/><T50/><D0/><U108/><E132/><V16/><F18/><W43/><G37/><T89/><D65/><U90/><E76/><V102/><F102/><W130/><G126/><T22/><D68/><U9/><E108/><N who="2" m="41547" /><F38/><W55/><G135/><T61/><D61/><U2/><E10/><V119/><F36/><W8/><G3/><T48/><D48/><U78/><E78/><V110/><F119/><W33/><G33/><T72/><D72/><U56/><E44/><V20/><F11/><W57/><G67/><T127/><D127/><U71/><E71/><V131/><F131/><W60/><G130/><T117/><D117/><U79/><E79/><V66/><F110/><W83/><G92/><T58/><D77/><U47/><E47/><V124/><F124/><W101/><G101/><T133/><D133/><U70/><E70/><V51/><F51/><W5/><G5/><T53/><D4/><U103/><E23/><V81/><F81/><W80/><G118/><T94/><REACH who="0" step="1"/><D13/><REACH who="0" ten="240,302,250,198" step="2"/><U25/><E6/><V134/><F134/><W52/><REACH who="3" step="1"/><G55/><REACH who="3" ten="240,302,250,188" step="2"/><T17/><D17/><U97/><E19/><V34/><F34/><W49/><G49/><T32/><D32/><U64/><E2/><V39/><F39/><W27/><G27/><RYUUKYOKU ba="0,2" sc="240,10,302,-30,250,10,188,10" hai0="22,26,28,40,45,50,53,58,86,89,94,104,106" hai2="14,16,20,59,63,66,88,95,122,123" hai3="1,7,8,41,42,43,52,57,60,80,83,84,85" /><INIT seed="2,1,2,4,1,101" ten="250,272,260,198" oya="2" hai0="65,132,4,18,91,32,55,7,73,42,86,79,25" hai1="93,3,105,54,48,28,89,71,6,104,102,40,61" hai2="17,41,133,22,19,67,108,62,110,123,34,20,85" hai3="74,113,131,103,0,118,59,81,51,70,44,92,83"/><V37/><F34/><W115/><G0/><T76/><D73/><U49/><E28/><V31/><F123/><W9/><G70/><T109/><D32/><U12/><E3/><V117/><F117/><W119/><G131/><T72/><D72/><U21/><E102/><V15/><F133/><W39/><G9/><T36/><D36/><U50/><E40/><V126/><F126/><W129/><G129/><T90/><D42/><U100/><E100/><V63/><F31/><W130/><G130/><T111/><D65/><U120/><E120/><V78/><F37/><W68/><G68/><T53/><D18/><U26/><E26/><V97/><F41/><W106/><G106/><T84/><D25/><U13/><E13/><N who="2" m="9327" /><F97/><N who="3" m="59815" /><G39/><T107/><D132/><U66/><E54/><V57/><F63/><W56/><G74/><T124/><D124/><U45/><E45/><V134/><F134/><W60/><G119/><T95/><D95/><U135/><E135/><V43/><F43/><N who="3" m="24991" /><G118/><T75/><D75/><U58/><E71/><V116/><F116/><W10/><G10/><T96/><D96/><U69/><E69/><V30/><F30/><W64/><G56/><T87/><D87/><N who="1" m="52415" /><E21/><V27/><F27/><W16/><G16/><T47/><D47/><U99/><E99/><V24/><F24/><W5/><G5/><T1/><D1/><U11/><E6/><V29/><F29/><W94/><G94/><T8/><D8/><U52/><E66/><V82/><F67/><W80/><G115/><T88/><D90/><U33/><E33/><V14/><F14/><W122/><G122/><RYUUKYOKU ba="1,2" sc="250,0,272,0,260,0,198,0" hai0="4,7,53,55,76,79,84,86,88,91,107,109,111" hai1="11,12,48,49,50,52,58,61,104,105" hai2="15,17,22,57,62,78,82,85,108,110" hai3="59,60,64,80,81,83,113" /><INIT seed="2,2,2,3,1,26" ten="250,272,260,198" oya="2" hai0="70,44,119,38,112,127,81,102,52,19,91,84,76" hai1="74,47,39,11,16,35,3,28,75,65,31,77,124" hai2="49,72,134,50,15,85,17,97,10,104,61,66,103" hai3="6,63,99,12,100,129,58,51,53,4,107,90,132"/><V57/><F72/><W120/><G120/><T101/><D70/><U32/><E65/><V45/><F134/><W92/><G132/><T125/><D112/><U36/><E77/><V80/><REACH who="2" step="1"/><F45/><REACH who="2" ten="250,272,250,198" step="2"/><W130/><G129/><T114/><D114/><U40/><E47/><V69/><F69/><W48/><G130/><T59/><D119/><U79/><E75/><V7/><F7/><W82/><G82/><T135/><D135/><U41/><E74/><V118/><F118/><W22/><G4/><T115/><D115/><U30/><E124/><N who="0" m="47689" /><D44/><U109/><E79/><AGARI ba="2,3" hai="10,15,17,49,50,57,61,66,79,80,85,97,103,104" machi="79" ten="30,5800,0" yaku="1,1,7,1,53,1" doraHai="26" doraHaiUra="60" who="2" fromWho="1" sc="250,0,272,-64,250,94,198,0" /><INIT seed="2,3,0,0,1,123" ten="250,208,344,198" oya="2" hai0="40,8,50,129,52,56,36,102,108,65,48,15,82" hai1="114,99,135,31,132,85,125,122,74,77,116,69,66" hai2="53,81,1,104,112,97,43,64,55,119,32,72,96" hai3="115,47,33,46,0,67,83,51,18,60,7,127,76"/><V9/><F32/><W35/><G115/><T57/><D129/><U68/><E31/><V39/><F112/><W12/><G0/><T87/><D102/><U11/><E114/><V42/><F42/><W103/><G103/><T88/><D36/><U3/><E116/><V10/><F10/><W41/><G47/><T89/><D108/><U19/><E99/><V84/><F64/><W120/><G120/><T100/><D100/><U128/><E85/><V134/><F104/><W91/><G91/><T34/><D34/><U62/><E122/><V105/><F105/><W121/><G121/><T13/><D13/><U90/><E90/><V29/><F29/><W106/><G106/><T126/><D126/><U54/><E54/><N who="2" m="20491" /><F84/><W63/><G63/><N who="0" m="38119" /><D40/><U24/><E125/><V75/><F75/><W92/><G92/><T49/><D89/><U133/><E128/><V107/><F107/><W21/><G7/><AGARI ba="3,0" hai="7,8,15,48,49,50,52,57,82,87,88" m="38119" machi="7" ten="30,3900,0" yaku="8,1,54,2" doraHai="123" who="0" fromWho="3" sc="250,48,208,0,344,0,198,-48" /><INIT seed="3,0,0,0,5,56" ten="298,208,344,150" oya="3" hai0="110,39,87,86,126,61,68,36,38,22,95,72,44" hai1="98,71,78,90,11,20,12,105,54,111,32,89,96" hai2="19,103,26,21,47,37,124,58,29,100,130,101,28" hai3="112,23,10,51,65,4,35,67,69,42,59,41,129"/><W92/><G35/><T70/><D72/><U24/><E71/><V5/><F130/><W6/><G112/><T3/><D3/><U25/><E111/><V18/><F124/><W83/><G129/><T1/><D1/><U107/><E78/><V133/><F133/><W118/><G69/><T66/><D126/><U76/><E76/><V46/><F5/><N who="3" m="2155" /><G10/><T106/><D106/><U127/><E127/><V15/><F37/><W128/><G128/><T91/><D70/><U88/><E32/><V57/><F19/><W115/><G115/><T0/><D0/><U48/><E105/><V94/><F94/><W77/><G118/><T50/><D22/><U114/><E114/><V74/><F74/><W125/><G125/><T93/><D110/><U17/><E107/><V131/><F131/><W14/><G92/><T79/><D79/><U45/><REACH who="1" step="1"/><E25/><REACH who="1" ten="298,198,344,150" step="2"/><V2/><F26/><W120/><G120/><T122/><D122/><U75/><E75/><V63/><F2/><W117/><G117/><T43/><D87/><U62/><E62/><V33/><F33/><W60/><G67/><T121/><D121/><U55/><E55/><N who="2" m="34271" /><F57/><W49/><G77/><T8/><D86/><U64/><E64/><V113/><F113/><W13/><G83/><T134/><D66/><U97/><E97/><V82/><F82/><W116/><G116/><T40/><D68/><U104/><E104/><V30/><AGARI ba="0,1" hai="15,18,21,28,29,30,46,47,100,101,103" m="34271" machi="30" ten="30,2000,0" yaku="8,1,52,1" doraHai="56" who="2" fromWho="2" sc="298,-5,198,-5,344,30,150,-10" /><INIT seed="4,0,0,4,2,53" ten="293,193,374,140" oya="0" hai0="126,118,47,82,55,79,8,111,35,92,101,133,19" hai1="99,56,122,74,59,124,61,22,43,96,109,75,45" hai2="13,34,57,134,110,72,60,108,28,89,23,3,29" hai3="78,30,67,33,76,130,24,113,73,64,5,63,62"/><T88/><D35/><U86/><E122/><V17/><F72/><W97/><G5/><T41/><D118/><U105/><E109/><V71/><F71/><W69/><G130/><T83/><D126/><U84/><E124/><V7/><F134/><W51/><G51/><T11/><D133/><U50/><E105/><V115/><F115/><W98/><G113/><T58/><D111/><U94/><E75/><V131/><F131/><W39/><G39/><T46/><D101/><U114/><E74/><V25/><F89/><W135/><G135/><T40/><D79/><U123/><E123/><V38/><F38/><W12/><G12/><T0/><D0/><U77/><E114/><V49/><F49/><W48/><G48/><T36/><D36/><U70/><E70/><V129/><F29/><W54/><G54/><T9/><D19/><U32/><E32/><V104/><F104/><W37/><G37/><T27/><D27/><U106/><E106/><V6/><F129/><W65/><G65/><T14/><D14/><U120/><E120/><V127/><F7/><W80/><REACH who="3" step="1"/><G78/><REACH who="3" ten="293,193,374,130" step="2"/><T31/><D41/><U1/><E77/><V68/><F127/><W26/><G26/><T20/><D40/><U121/><E121/><V95/><F110/><W18/><G18/><T112/><D112/><U21/><E43/><V128/><F108/><W87/><G87/><N who="0" m="52255" /><D47/><U117/><E45/><V116/><F128/><W16/><G16/><T10/><N who="0" m="2560" /><DORA hai="81" /><T93/><D46/><U102/><E117/><V91/><F17/><W52/><G52/><T85/><D55/><U132/><E132/><RYUUKYOKU ba="0,1" sc="293,-10,193,-10,374,-10,130,30" hai3="24,30,33,62,63,64,67,69,73,76,80,97,98" /><INIT seed="5,1,1,0,3,135" ten="283,183,364,160" oya="1" hai0="114,98,42,38,113,110,19,95,74,79,106,91,128" hai1="78,86,14,13,0,10,60,111,90,83,104,71,70" hai2="96,124,88,16,133,31,39,52,61,4,3,115,130" hai3="68,51,132,118,76,107,1,66,57,73,47,18,117"/><U122/><E104/><V134/><F39/><W87/><G107/><T27/><D42/><U82/><E122/><V63/><F124/><W33/><G132/><N who="2" m="50793" /><F130/><W41/><G1/><T93/><D38/><U9/><E111/><V112/><F31/><W108/><G33/><T119/><D19/><U23/><E0/><V120/><F120/><W5/><G5/><T46/><D27/><U72/><E23/><V126/><F126/><W62/><G108/><T127/><D46/><U85/><E72/><V67/><F52/><W43/><G73/><T102/><D110/><U12/><REACH who="1" step="1"/><E60/><REACH who="1" ten="283,173,364,160" step="2"/><V103/><F61/><W29/><G118/><T101/><D119/><U17/><E17/><V32/><F32/><W77/><G117/><T55/><D106/><U49/><E49/><V64/><F16/><W15/><G29/><T40/><D74/><U100/><E100/><V20/><F20/><W8/><G43/><T94/><D40/><U21/><E21/><V116/><F103/><W75/><G75/><T56/><D102/><U131/><E131/><V109/><F109/><W35/><G35/><T54/><D101/><U53/><E53/><V45/><F63/><W30/><G30/><T48/><D128/><U89/><E89/><V6/><F116/><W25/><G25/><T26/><D26/><U80/><E80/><V7/><F3/><W34/><G34/><T129/><D129/><U50/><E50/><V125/><F88/><W92/><G68/><AGARI ba="1,2" hai="9,10,12,13,14,68,70,71,78,82,83,85,86,90" machi="68" ten="40,2000,0" yaku="1,1,53,0" doraHai="135" doraHaiUra="24" who="1" fromWho="3" sc="283,0,173,43,364,0,160,-23" /><INIT seed="5,2,0,1,3,16" ten="283,216,364,137" oya="1" hai0="28,111,82,19,91,123,131,61,74,50,68,86,118" hai1="105,81,115,35,106,117,47,134,67,99,122,84,108" hai2="78,31,13,46,120,48,109,80,132,42,40,44,45" hai3="52,70,25,24,64,83,100,95,119,127,30,26,39"/><U87/><E35/><V38/><F109/><W121/><G121/><T5/><D118/><U34/><E34/><V59/><F120/><W58/><G119/><T29/><D111/><U3/><E122/><V107/><F107/><W110/><G39/><T10/><D131/><U96/><E117/><V66/><F132/><W77/><G110/><T21/><D74/><U88/><E108/><V17/><F31/><W98/><G127/><T18/><D18/><U7/><E67/><V72/><F46/><W62/><G70/><T51/><D61/><U112/><E47/><V65/><REACH who="2" step="1"/><F59/><REACH who="2" ten="283,216,354,137" step="2"/><W14/><G14/><N who="0" m="5455" /><D68/><U94/><E3/><V60/><F60/><W56/><G56/><T93/><D123/><U79/><E134/><V53/><F53/><W113/><G113/><N who="1" m="43594" /><E7/><V71/><F71/><W41/><G41/><T8/><D29/><U22/><E22/><AGARI ba="2,1" hai="13,17,22,38,40,42,44,45,48,65,66,72,78,80" machi="22" ten="30,3900,0" yaku="1,1,7,1,52,1,53,0" doraHai="16" doraHaiUra="27" who="2" fromWho="1" sc="283,0,216,-45,354,55,137,0" /><INIT seed="6,0,0,4,1,131" ten="283,171,409,137" oya="2" hai0="66,47,76,125,85,111,109,65,74,82,12,42,63" hai1="22,134,61,44,93,108,9,1,99,113,51,91,130" hai2="60,107,72,30,5,104,19,115,24,3,110,86,35" hai3="73,37,96,121,90,6,15,40,36,117,122,116,132"/><V127/><F72/><W106/><G73/><T83/><D125/><U48/><E108/><V29/><F110/><W41/><G6/><T78/><D12/><U89/><E130/><V38/><F38/><W75/><G75/><T101/><D101/><U95/><E113/><V98/><F30/><W126/><G126/><T45/><D74/><U23/><E61/><V4/><F104/><W58/><G58/><T84/><D63/><U88/><E91/><V120/><F107/><W135/><G15/><T0/><REACH who="0" step="1"/><D42/><REACH who="0" ten="273,171,409,137" step="2"/><U14/><E1/><AGARI ba="0,1" hai="0,1,45,47,65,66,76,78,82,83,84,85,109,111" machi="1" ten="25,6400,0" yaku="1,1,2,1,22,2,53,0" doraHai="131" doraHaiUra="28" who="0" fromWho="1" sc="273,74,171,-64,409,0,137,0" /><INIT seed="7,0,0,5,3,29" ten="347,107,409,137" oya="3" hai0="20,33,72,48,87,35,4,15,60,79,30,12,2" hai1="82,61,25,66,94,32,75,122,55,1,59,27,126" hai2="65,81,50,123,70,96,45,117,112,80,118,120,85" hai3="99,13,14,31,67,105,101,77,19,24,98,8,71"/><W38/><G38/><T62/><D72/><U95/><E122/><N who="2" m="46635" /><F112/><W41/><G41/><T102/><D102/><U69/><E1/><V11/><F96/><W7/><G77/><T34/><D62/><U78/><E126/><V21/><F11/><W132/><G132/><T16/><D60/><U52/><E27/><V58/><F70/><W40/><G40/><T92/><D48/><U108/><E108/><V124/><F124/><W130/><G130/><T103/><D103/><U47/><E47/><V114/><F114/><W86/><G71/><T5/><D92/><U36/><E36/><V93/><F21/><N who="3" m="15759" /><G105/><T83/><D2/><U107/><E107/><V104/><F104/><W43/><G101/><T51/><D30/><U89/><E95/><V17/><F17/><W76/><G43/><T90/><D79/><U18/><E69/><V125/><F125/><W57/><G57/><T10/><REACH who="0" step="1"/><D51/><REACH who="0" ten="337,107,409,137" step="2"/><U64/><E64/><V116/><F65/><W53/><G67/><T44/><D44/><U26/><E26/><V9/><F58/><W127/><G127/><T68/><D68/><U119/><E119/><V121/><F121/><W6/><G76/><T106/><D106/><U28/><REACH who="1" step="1"/><E18/><AGARI ba="0,1" hai="4,5,10,12,15,16,18,20,33,34,35,83,87,90" machi="18" ten="40,8000,1" yaku="1,1,52,3,54,1,53,0" doraHai="29" doraHaiUra="115" who="0" fromWho="1" sc="337,90,107,-80,409,0,137,0" owari="427,52.0,27,-47.0,409,21.0,137,-26.0" /></mjloggm>