<mjloggm ver="2.3"><GO type="169" lobby="0"/><UN n0="%68%69%67%68%31%35%31%35" n1="%EF%BC%88%E2%89%A7%E2%96%BD%E2%89%A6%EF%BC%89" n2="%E3%81%B2%E3%81%BD%E3%81%8D%E3%82%88%E3%81%97" n3="%E3%83%9E%E3%83%84%E3%82%B6%E3%82%AD" dan="16,18,18,17" rate="2093.29,2162.77,2219.10,2098.42" sx="M,M,M,M"/><TAIKYOKU oya="0"/><INIT seed="0,0,0,2,1,41" ten="250,250,250,250" oya="0" hai0="56,18,64,5,130,40,74,98,99,42,70,48,54" hai1="6,111,113,36,7,112,45,23,51,27,96,95,109" hai2="77,88,53,69,13,4,38,133,3,121,94,75,128" hai3="131,81,80,87,34,73,79,21,92,86,129,32,8"/><T35/><D74/><U103/><E36/><V124/><F69/><W101/><G8/><T110/><D35/><U20/><E7/><V71/><F71/><W43/><G21/><N who="1" m="8266" /><E27/><V47/><F121/><W63/><G63/><N who="0" m="37991" /><D70/><U12/><E12/><V31/><F3/><W114/><G114/><N who="1" m="44138" /><E6/><V119/><F13/><W44/><G34/><T120/><D120/><U30/><E30/><V46/><F31/><W29/><G29/><T58/><D5/><U49/><E49/><V117/><F38/><W10/><G10/><T1/><D1/><U59/><E59/><V91/><F4/><W126/><G32/><T127/><D127/><U100/><E100/><V72/><F124/><W125/><G126/><T115/><D115/><U28/><E28/><V85/><F119/><W15/><G15/><T82/><D130/><N who="3" m="49673" /><G125/><T135/><D135/><U52/><AGARI ba="0,0" hai="45,51,52,95,96,103,109,111" m="44138,8266" machi="52" ten="30,4000,0" yaku="11,1,52,1,54,1" doraHai="41" who="1" fromWho="1" sc="250,-20,250,40,250,-10,250,-10" /><INIT seed="1,0,0,3,4,20" ten="230,290,240,240" oya="1" hai0="73,26,30,54,93,11,2,35,51,72,63,64,62" hai1="49,130,126,84,134,17,80,50,5,108,124,36,43" hai2="41,70,127,25,34,59,38,4,101,132,66,112,68" hai3="65,89,7,15,33,117,23,61,88,21,58,19,94"/><U79/><E5/><V24/><F34/><W71/><G33/><T120/><D120/><U118/><E118/><V87/><F38/><W131/><G131/><T16/><D62/><U57/><E130/><V104/><F104/><W113/><G113/><T122/><D122/><U97/><E134/><V82/><F112/><W67/><G117/><T81/><D93/><U102/><E108/><V107/><F41/><W85/><G7/><T8/><D81/><U109/><E109/><V90/><F132/><W83/><G71/><T45/><D2/><U37/><E17/><V105/><F4/><W110/><G110/><T75/><REACH who="0" step="1"/><D16/><REACH who="0" ten="220,290,240,240" step="2"/><U29/><E80/><V74/><F105/><W99/><G67/><T98/><D98/><U114/><E97/><V42/><F107/><W56/><G56/><AGARI ba="0,1" hai="8,11,26,30,35,45,51,54,56,63,64,72,73,75" machi="56" ten="40,2600,0" yaku="1,1,52,1,53,0" doraHai="20" doraHaiUra="0" who="0" fromWho="3" sc="220,36,290,0,240,0,240,-26" /><INIT seed="2,0,0,5,2,103" ten="256,290,240,214" oya="2" hai0="70,12,101,37,11,100,131,134,31,40,33,45,77" hai1="35,68,25,20,73,61,81,96,4,8,135,84,47" hai2="55,21,19,87,22,102,72,14,108,106,38,129,23" hai3="79,30,123,128,89,18,6,26,91,48,29,85,99"/><V41/><F72/><W50/><G123/><T0/><D70/><U43/><E135/><V58/><F129/><W46/><G6/><T52/><D134/><U104/><E73/><V49/><F108/><W34/><G79/><T93/><D0/><U86/><E35/><V94/><F38/><W10/><G128/><T1/><D1/><U127/><E127/><V39/><F39/><W82/><G34/><T75/><D131/><U119/><E119/><V63/><F41/><W92/><G50/><T53/><D75/><U115/><E115/><V111/><F111/><W5/><G5/><T132/><D132/><U64/><E81/><V3/><F3/><W117/><G117/><T112/><D77/><U130/><E130/><V27/><F63/><W113/><G113/><T90/><D112/><U15/><E96/><N who="2" m="61767" /><F27/><W7/><G7/><T60/><D31/><U13/><E13/><V62/><F62/><W17/><G17/><T125/><D33/><U120/><E104/><V24/><F24/><W95/><G95/><T116/><D116/><U28/><REACH who="1" step="1"/><E120/><REACH who="1" ten="256,280,240,214" step="2"/><V51/><F14/><N who="3" m="7511" /><G26/><T110/><D110/><U16/><E16/><V121/><F19/><W42/><AGARI ba="0,1" hai="29,30,42,46,48,82,85,89,91,92,99" m="7511" machi="42" ten="30,1100,0" yaku="8,1" doraHai="103" who="3" fromWho="3" sc="256,-3,280,-3,240,-5,214,21" /><INIT seed="3,0,0,3,2,62" ten="253,277,235,235" oya="3" hai0="115,13,130,28,97,107,94,73,112,95,34,5,41" hai1="69,19,0,92,116,35,117,125,71,18,54,12,33" hai2="70,6,91,129,88,122,38,93,43,47,110,66,4" hai3="11,58,16,37,23,78,46,25,123,63,32,65,2"/><W27/><G123/><T124/><D130/><U68/><E0/><V105/><F110/><W64/><G78/><T135/><D73/><U8/><E125/><V39/><F105/><W55/><G32/><T131/><D131/><U36/><E36/><V128/><F122/><W52/><G27/><N who="0" m="18719" /><D124/><U45/><E92/><V72/><F72/><W59/><G37/><T24/><D135/><U98/><E98/><V101/><F101/><W113/><G113/><N who="0" m="43595" /><D41/><U100/><E100/><V84/><F39/><W56/><G46/><T67/><D67/><N who="3" m="25673" /><G2/><T111/><D111/><U61/><E19/><V133/><F133/><W134/><G134/><T76/><D76/><U132/><E132/><V120/><F120/><W89/><G63/><T57/><D57/><N who="1" m="34999" /><E45/><V82/><F129/><W44/><G44/><T20/><D107/><U90/><E90/><V106/><F106/><W75/><G75/><T31/><D97/><U85/><E85/><V42/><F128/><W10/><G89/><T48/><D48/><U29/><E29/><V50/><F38/><W53/><AGARI ba="0,0" hai="10,11,16,23,25,52,53,55,56,58,59" m="25673" machi="53" ten="40,18000,2" yaku="8,1,52,3,54,2" doraHai="62" who="3" fromWho="3" sc="253,-60,277,-60,235,-60,235,180" /><INIT seed="3,1,0,4,0,35" ten="193,217,175,415" oya="3" hai0="76,108,124,131,7,40,128,20,42,6,22,96,89" hai1="23,119,39,67,64,21,31,98,18,3,37,63,15" hai2="66,130,91,47,54,106,48,33,59,129,88,62,97" hai3="56,109,41,133,78,83,53,77,123,16,58,86,14"/><W84/><G123/><T24/><D76/><U38/><E119/><V126/><F33/><W13/><G133/><T116/><D116/><U122/><E122/><V74/><F74/><W19/><G41/><N who="0" m="15979" /><D108/><U104/><E3/><V61/><F126/><W125/><G125/><T99/><D124/><U132/><E132/><V85/><F62/><W87/><G109/><T110/><D110/><U65/><E63/><V5/><F5/><N who="0" m="1546" /><D89/><U11/><REACH who="1" step="1"/><E31/><REACH who="1" ten="193,207,175,415" step="2"/><V46/><F61/><W75/><G75/><T28/><D28/><U73/><E73/><V121/><F121/><W118/><G118/><T117/><D117/><U95/><E95/><N who="2" m="56575" /><F106/><W36/><G83/><T45/><D128/><N who="2" m="49258" /><F66/><W32/><G32/><T4/><D131/><U112/><E112/><V94/><AGARI ba="1,1" hai="46,47,48,54,59,85,88,94" m="49258,56575" machi="94" ten="30,2000,0" yaku="19,1,54,1" doraHai="35" who="2" fromWho="2" sc="193,-6,207,-6,175,33,415,-11" /><INIT seed="4,0,0,5,2,92" ten="187,201,208,404" oya="0" hai0="106,22,84,29,32,132,65,114,124,79,102,8,129" hai1="97,48,44,0,117,112,45,122,130,34,96,28,72" hai2="9,78,14,53,18,46,50,35,12,42,119,135,86" hai3="110,16,15,77,30,83,43,57,64,109,100,51,38"/><T25/><D114/><U90/><E122/><V87/><F135/><W69/><G30/><T118/><D118/><U54/><E72/><V115/><F115/><W104/><G104/><T63/><D132/><U123/><E112/><V37/><F35/><W80/><G100/><T98/><D129/><U108/><E108/><V111/><F111/><W82/><G77/><T61/><D124/><U68/><E68/><V67/><F67/><W125/><G69/><N who="0" m="42159" /><D22/><U131/><E0/><V73/><F119/><W41/><G125/><T26/><D26/><N who="1" m="18711" /><E117/><V7/><F73/><W59/><G38/><T60/><D8/><U31/><E31/><V103/><F103/><W21/><G109/><T70/><D70/><U127/><E127/><V10/><REACH who="2" step="1"/><F78/><REACH who="2" ten="187,201,198,404" step="2"/><W27/><G64/><T116/><D116/><U128/><E123/><V40/><F40/><W3/><G43/><T75/><D75/><U81/><E45/><AGARI ba="0,1" hai="7,9,10,12,14,18,37,42,45,46,50,53,86,87" machi="45" ten="30,7700,0" yaku="1,1,7,1,53,2" doraHai="92" doraHaiUra="5" who="2" fromWho="1" sc="187,0,201,-77,198,87,404,0" /><INIT seed="5,0,0,0,0,10" ten="187,124,285,404" oya="1" hai0="133,48,98,109,20,96,9,37,73,40,21,5,64" hai1="36,32,42,43,53,129,103,44,106,76,0,105,26" hai2="68,23,131,66,6,47,102,81,90,104,46,56,49" hai3="16,33,117,116,13,34,79,3,55,52,69,15,50"/><U11/><E129/><V89/><F104/><W18/><G3/><T134/><D109/><U1/><E76/><V71/><F102/><W29/><G69/><T17/><D73/><U85/><E85/><V118/><F118/><W41/><G41/><T111/><D111/><U51/><E42/><V7/><F66/><W95/><G95/><T113/><D37/><U22/><E32/><V122/><F122/><W62/><G79/><T130/><D130/><U65/><E65/><V2/><F2/><W94/><G94/><T72/><D72/><U135/><E135/><N who="0" m="51721" /><D64/><U126/><E126/><V101/><F101/><W58/><G29/><T57/><D113/><U35/><E35/><V91/><F23/><N who="0" m="8778" /><D17/><N who="3" m="6761" /><G34/><T97/><D57/><U25/><E25/><V75/><F56/><N who="3" m="32887" /><G33/><T38/><D38/><U114/><E114/><V31/><F75/><W84/><G84/><T128/><D128/><U93/><E106/><V83/><F31/><W19/><G19/><T87/><D87/><U4/><E105/><V54/><F131/><W59/><G59/><T115/><D115/><U132/><E132/><V24/><F71/><W63/><G63/><T74/><D74/><U107/><E107/><V86/><F68/><W110/><G110/><T121/><D121/><U27/><E22/><V100/><F86/><W39/><G39/><T8/><D5/><U99/><REACH who="1" step="1"/><E0/><REACH who="1" ten="187,114,285,404" step="2"/><V124/><F124/><W108/><G108/><T70/><D40/><U28/><E28/><V60/><F83/><W123/><G123/><T92/><D97/><U12/><E12/><N who="3" m="4682" /><G117/><T112/><D112/><U61/><E61/><RYUUKYOKU ba="0,1" sc="187,-15,114,15,285,-15,404,15" hai1="1,4,11,26,27,36,43,44,51,53,93,99,103" hai3="52,58,62,116" /><INIT seed="5,1,1,2,4,101" ten="172,129,270,419" oya="1" hai0="119,60,78,127,28,97,36,18,118,68,100,56,121" hai1="86,90,93,42,35,24,117,105,21,132,7,64,30" hai2="10,94,98,82,27,19,15,31,81,92,26,66,108" hai3="48,84,59,5,102,75,23,107,57,128,47,51,49"/><U20/><E117/><V120/><F108/><W104/><G75/><T8/><D36/><U22/><E132/><V32/><F120/><W126/><G5/><T115/><D68/><U89/><E7/><V40/><F92/><W38/><G102/><T109/><D109/><U25/><E42/><V0/><F66/><W63/><G126/><T114/><D127/><U61/><E90/><V133/><F133/><W1/><G1/><T13/><D121/><U83/><E83/><V45/><F26/><W55/><G128/><T123/><D123/><U113/><E113/><N who="0" m="43017" /><D28/><U125/><E125/><V72/><F72/><W96/><G96/><T6/><D78/><U39/><E39/><V4/><F94/><W11/><G11/><T50/><D50/><U74/><E74/><V14/><F14/><W52/><G84/><T73/><D73/><U62/><E62/><V130/><F98/><W76/><G76/><T3/><D6/><U46/><E46/><V29/><F29/><W17/><G38/><T69/><D69/><U53/><E53/><V44/><F44/><W116/><G116/><T71/><D71/><U80/><E80/><V43/><F43/><W129/><G129/><T67/><D3/><U112/><E112/><V70/><F70/><W54/><G49/><T99/><D99/><U91/><E91/><V12/><F12/><AGARI ba="1,1" hai="12,17,23,47,48,51,52,54,55,57,59,63,104,107" machi="12" ten="30,7700,0" yaku="7,1,52,2,54,1" doraHai="101" who="3" fromWho="2" sc="172,0,129,0,270,-80,419,90" /><INIT seed="6,0,0,5,5,36" ten="172,129,190,509" oya="2" hai0="115,127,70,46,76,0,52,40,128,69,42,51,95" hai1="57,117,73,29,121,23,130,44,96,50,37,112,45" hai2="98,34,27,49,10,38,113,60,88,68,103,111,106" hai3="116,108,129,81,91,61,12,6,71,82,32,22,74"/><V119/><F119/><W55/><G32/><T105/><D105/><U104/><E117/><V11/><F38/><W17/><G108/><T2/><D76/><U62/><E121/><V21/><F113/><W123/><G74/><T93/><D115/><U9/><E112/><V92/><F111/><W18/><G6/><T35/><D35/><U33/><E73/><V110/><F110/><W7/><G7/><T28/><D28/><U86/><E130/><V109/><F109/><W20/><G71/><T31/><D31/><U58/><E37/><V125/><F125/><W122/><G116/><T66/><D127/><U133/><E133/><V84/><F34/><W87/><G129/><T56/><D128/><U65/><E33/><V19/><F60/><W47/><G122/><T77/><D77/><U39/><E39/><V24/><F24/><W63/><G81/><T41/><D93/><U59/><E9/><V64/><F64/><W118/><G118/><T124/><D124/><U1/><E1/><N who="0" m="617" /><D95/><U4/><E4/><V78/><F68/><W132/><G132/><T83/><D83/><U120/><E120/><V99/><F78/><W134/><G134/><T48/><D66/><U14/><E86/><V8/><F98/><W67/><G67/><T54/><D69/><N who="1" m="42167" /><E50/><V26/><F26/><N who="3" m="14607" /><G123/><T53/><D70/><U3/><E3/><V79/><F79/><W30/><G30/><T85/><D85/><U101/><E29/><V89/><F49/><AGARI ba="0,0" hai="12,18,22,47,49,55,61,63,82,87,91" m="14607" machi="49" ten="30,1000,0" yaku="8,1" doraHai="36" who="3" fromWho="2" sc="172,0,129,0,190,-10,509,10" /><INIT seed="7,0,0,1,3,126" ten="172,129,180,519" oya="3" hai0="35,93,42,84,57,102,71,24,12,52,74,67,97" hai1="115,11,43,8,119,33,108,51,3,95,1,21,114" hai2="40,18,130,89,60,77,66,30,80,79,78,58,96" hai3="122,6,112,7,82,25,111,38,117,86,2,28,99"/><W134/><G117/><T32/><D74/><U15/><E43/><V90/><F130/><W26/><G122/><T116/><D116/><U129/><E51/><V103/><F30/><W17/><G38/><T55/><D42/><U14/><E119/><V135/><F135/><W73/><G73/><T37/><D37/><U39/><E39/><V31/><F31/><W120/><G120/><T127/><D127/><U113/><E95/><N who="2" m="58783" /><F40/><W16/><G134/><T48/><D24/><U64/><E64/><V47/><F47/><W109/><G99/><T19/><D84/><U94/><E94/><V41/><F41/><W132/><G132/><T54/><D54/><U72/><E72/><V85/><F90/><W83/><G112/><T4/><D4/><N who="3" m="1577" /><G2/><N who="1" m="522" /><E108/><N who="3" m="41546" /><G25/><T10/><REACH who="0" step="1"/><D55/><REACH who="0" ten="162,129,180,519" step="2"/><U88/><E129/><V56/><F66/><W62/><G62/><AGARI ba="0,1" hai="10,12,19,32,35,48,52,57,62,67,71,93,97,102" machi="62" ten="40,5200,0" yaku="1,1,2,1,54,1,53,0" doraHai="126" doraHaiUra="68" who="0" fromWho="3" sc="162,62,129,0,180,0,519,-52" owari="224,2.0,129,-37.0,180,-22.0,467,57.0" /></mjloggm>