<mjloggm ver="2.3"><GO type="169" lobby="0"/><UN n0="%EF%BC%88%E2%89%A7%E2%96%BD%E2%89%A6%EF%BC%89" n1="%E6%9C%AC%E6%97%A5%E5%AE%9A%E4%BC%91%E6%97%A5" n2="%E7%AB%8B%E8%8F%AF%E5%A5%8F" n3="%E5%A4%A7%E7%8E%89%E5%B0%86" dan="17,17,16,17" rate="2110,2160,2080,2170" sx="M,M,F,M"/><TAIKYOKU oya="0"/><INIT seed="0,0,0,1,5,105" ten="250,250,250,250" oya="0" hai0="42,70,88,44,41,43,14,107,86,80,30,112,40" hai1="13,65,31,119,33,93,10,20,124,15,129,99,81" hai2="94,58,48,92,110,68,2,37,23,9,123,117,19" hai3="101,114,85,87,125,84,63,26,73,27,104,90,78"/><T113/><D107/><U0/><E119/><V96/><F123/><W103/><G63/><T128/><D70/><U51/><E129/><V108/><F117/><W71/><G71/><T109/><D128/><U115/><E65/><V11/><F68/><W72/><G27/><T38/><D109/><N who="2" m="42090" /><F37/><W59/><G26/><T1/><D1/><U52/><E124/><V66/><F2/><W120/><G59/><T74/><D30/><U53/><E115/><V116/><F116/><W49/><G49/><T111/><D111/><U17/><E81/><V76/><F76/><W8/><G8/><N who="2" m="3145" /><F96/><N who="3" m="61479" /><G114/><T95/><REACH who="0" step="1"/><D14/><REACH who="0" ten="240,250,250,250" step="2"/><U118/><E118/><V79/><F79/><AGARI ba="0,1" hai="38,40,41,42,43,44,74,79,80,86,88,95,112,113" machi="79" ten="40,24000,3" yaku="1,1,2,1,52,1,54,1,53,4" doraHai="105" doraHaiUra="39" who="0" fromWho="2" sc="240,250,250,0,250,-240,250,0" /><INIT seed="0,1,0,5,2,67" ten="490,250,10,250" oya="0" hai0="110,60,43,70,115,64,91,86,101,96,46,107,71" hai1="95,62,59,26,8,30,80,18,66,102,130,129,5" hai2="13,36,17,56,69,134,75,127,23,93,1,79,21" hai3="108,11,45,2,112,48,104,24,63,92,68,25,40"/><T15/><D115/><U51/><E80/><V89/><F36/><W113/><G104/><T29/><D110/><U28/><E18/><V84/><F1/><W41/><G108/><T52/><D29/><U49/><E30/><V27/><F127/><W99/><G41/><T118/><D118/><U120/><E120/><V16/><F134/><W85/><G85/><T55/><D15/><U74/><E74/><V87/><F75/><W14/><G2/><T39/><D71/><U132/><E132/><V114/><F114/><W82/><G82/><AGARI ba="1,0" hai="39,43,46,52,55,60,64,70,82,86,91,96,101,107" machi="82" ten="30,5800,0" yaku="7,1,52,1,54,1" doraHai="67" who="0" fromWho="3" sc="490,61,250,0,10,0,250,-61" /><INIT seed="0,2,0,0,0,86" ten="551,250,10,189" oya="0" hai0="79,93,92,97,24,28,72,109,7,98,124,26,103" hai1="115,114,88,135,66,49,85,112,119,44,99,17,94" hai2="4,64,74,21,83,33,30,36,71,34,42,111,63" hai3="105,87,40,121,116,46,14,122,132,65,126,84,27"/><T25/><D124/><U0/><E0/><V117/><F117/><W16/><G116/><T12/><D109/><U68/><E119/><V8/><F111/><W57/><G105/><T100/><D72/><U41/><E135/><V128/><F128/><W118/><G118/><T127/><D127/><U129/><E129/><V102/><F102/><W130/><G27/><T120/><D120/><N who="3" m="46185" /><G130/><T56/><D79/><U5/><E5/><V90/><F21/><N who="3" m="11415" /><G132/><T70/><D70/><U78/><E17/><V35/><F30/><W52/><G65/><T73/><D73/><U50/><E78/><N who="2" m="44503" /><F90/><W48/><G126/><T82/><D82/><U134/><E134/><V95/><F95/><W67/><G67/><T29/><D56/><U38/><E85/><V107/><F107/><W13/><G13/><T108/><D108/><U106/><E106/><V15/><F15/><W23/><G23/><T110/><D110/><U9/><E9/><AGARI ba="2,0" hai="7,9,12,24,25,26,28,29,92,93,97,98,100,103" machi="9" ten="40,3900,0" yaku="9,1,8,1" doraHai="86" who="0" fromWho="1" sc="551,45,250,-45,10,0,189,0" /><INIT seed="0,3,0,2,2,15" ten="596,205,10,189" oya="0" hai0="96,86,111,24,19,85,114,77,101,78,88,45,0" hai1="100,49,83,95,17,64,54,14,81,47,118,33,55" hai2="79,121,117,27,73,76,36,4,106,72,112,10,116" hai3="20,40,132,110,7,104,105,80,82,56,23,129,109"/><T59/><D114/><U113/><E33/><V18/><F112/><W125/><G125/><T69/><D0/><U65/><E113/><V57/><F121/><W6/><G40/><T70/><D111/><N who="3" m="42505" /><G56/><T52/><D70/><U62/><E118/><N who="2" m="45675" /><F36/><W133/><G129/><T87/><D69/><U13/><E13/><N who="2" m="5319" /><F106/><N who="3" m="41067" /><G7/><T68/><D68/><U93/><E65/><V37/><F37/><W8/><G8/><T89/><D45/><U97/><E64/><V92/><F92/><W119/><G6/><T22/><D101/><U61/><E95/><V128/><F128/><W44/><G44/><T74/><D74/><N who="2" m="28778" /><F57/><W130/><G130/><T122/><D122/><U16/><E83/><N who="3" m="31786" /><G119/><T35/><D35/><U28/><E28/><V11/><F11/><W127/><G127/><T50/><D96/><U126/><E126/><V46/><F46/><W131/><G131/><T30/><D30/><U66/><E66/><V31/><F31/><W124/><G124/><T75/><D59/><U5/><E5/><V58/><F58/><W53/><G53/><T34/><D52/><U67/><E55/><V42/><F42/><W107/><N who="3" m="41075" /><W12/><DORA hai="102" /><G12/><T99/><D99/><U43/><E14/><V71/><F71/><W21/><AGARI ba="3,0" hai="20,21,23,132,133" m="31786,41075,42505" machi="21" ten="50,12000,2" yaku="28,2,14,1,52,4" doraHai="15,102" who="3" fromWho="3" sc="596,-63,205,-33,10,-33,189,129" owari="533,63.0,172,-23.0,-23,-52.0,318,12.0" /></mjloggm>