<mjloggm ver="2.3"><GO type="97"/><UN n0="%72%70%73%74%74%38%39%32" n1="%EF%BC%88%E2%89%A7%E2%96%BD%E2%89%A6%EF%BC%89" n2="%E3%82%AE%E3%83%A3%E3%82%B0%EF%BC%91%EF%BC%90%EF%BC%90%E2%99%AA" n3="%45%63%6F%6E%6F%6D%79%32" dan="14,15,13,15" rate="1927,1990,1832,1977" sx="M,M,M,M"/><TAIKYOKU oya="0"/><INIT seed="0,0,0,4,2,125" ten="250,250,250,250" oya="0" hai0="134,100,118,8,133,82,77,53,46,92,30,48,80" hai1="60,124,62,111,58,71,21,1,93,31,6,7,104" hai2="78,11,113,3,51,27,123,19,39,35,109,38,108" hai3="85,14,121,94,131,36,114,44,129,50,81,29,43"/><T2/><D118/><U79/><E104/><V122/><F78/><W28/><G114/><T49/><D30/><N who="3" m="11881" /><G94/><T22/><D22/><U56/><E124/><V4/><F51/><W117/><G14/><T68/><D68/><U12/><E71/><V32/><F39/><W67/><G67/><T25/><D25/><N who="1" m="16815" /><E1/><V102/><F38/><W88/><G117/><T37/><D37/><U33/><E33/><N who="2" m="12875" /><F102/><W26/><G26/><T135/><D49/><U73/><E73/><V17/><F113/><W76/><G36/><T64/><D64/><N who="1" m="38919" /><E79/><V103/><F103/><W126/><G126/><T10/><D2/><U20/><E93/><V128/><F128/><N who="3" m="49227" /><G121/><N who="2" m="46089" /><F27/><W54/><G76/><T23/><D23/><U120/><E120/><V16/><AGARI ba="0,0" hai="3,4,11,16,17,19,108,109" m="46089,12875" machi="16" ten="40,5200,0" yaku="34,2,54,1" doraHai="125" who="2" fromWho="2" sc="250,-26,250,-13,250,52,250,-13" /><INIT seed="1,0,0,2,3,60" ten="224,237,302,237" oya="1" hai0="102,121,4,84,77,18,66,112,110,130,87,123,125" hai1="135,28,44,133,12,5,64,54,8,40,57,34,49" hai2="69,27,73,15,37,68,88,117,132,36,3,129,2" hai3="85,79,6,20,71,107,70,59,72,126,13,24,11"/><U95/><E95/><V61/><F15/><W43/><G72/><T65/><D112/><U63/><E34/><V90/><F27/><W46/><G107/><T29/><D130/><U47/><REACH who="1" step="1"/><E28/><REACH who="1" ten="224,227,302,237" step="2"/><V51/><F129/><W83/><G126/><T7/><D29/><U106/><E106/><V94/><F117/><W134/><G134/><T23/><D125/><U10/><E10/><V33/><F132/><W50/><G59/><T67/><D110/><U105/><E105/><V48/><F94/><W89/><REACH who="3" step="1"/><G89/><REACH who="3" ten="224,227,302,227" step="2"/><T32/><D102/><U30/><E30/><AGARI ba="0,2" hai="6,11,13,20,24,30,43,46,50,70,71,79,83,85" machi="30" ten="30,8000,1" yaku="1,1,2,1,7,1,25,2,53,0" doraHai="60" doraHaiUra="58" who="3" fromWho="1" sc="224,0,227,-80,302,0,227,100" /><INIT seed="2,0,0,1,0,110" ten="224,147,302,327" oya="2" hai0="46,61,31,20,124,104,24,54,8,127,118,55,57" hai1="112,52,116,50,79,113,109,53,63,81,93,83,39" hai2="58,117,11,105,32,78,49,41,47,71,26,75,98" hai3="2,97,6,134,21,89,62,64,123,100,67,129,120"/><V37/><F117/><W38/><G38/><T25/><D104/><U29/><E39/><V15/><F71/><W33/><G33/><T43/><D118/><U4/><E116/><V132/><F132/><W16/><G134/><T122/><D122/><U94/><E109/><V7/><F105/><W27/><G129/><T70/><D70/><U92/><E4/><V10/><F98/><W96/><G89/><T42/><D8/><U108/><E108/><V48/><F32/><W125/><G125/><N who="0" m="48203" /><D25/><U3/><E3/><V131/><F26/><W17/><G17/><T90/><D90/><U65/><E29/><V85/><F131/><W51/><G6/><T28/><D28/><U128/><E128/><V95/><F75/><W68/><G2/><T103/><D103/><U36/><E36/><V22/><F22/><W9/><G9/><T80/><D80/><U91/><E91/><V66/><F37/><W82/><G82/><T126/><D126/><U102/><E102/><V12/><F66/><W133/><G67/><T35/><D35/><U1/><E1/><V106/><F106/><W34/><G133/><T87/><D87/><N who="1" m="48575" /><E83/><V13/><F11/><W18/><G123/><T77/><D77/><U135/><E135/><V111/><F111/><W74/><G120/><T44/><D54/><N who="1" m="21099" /><E50/><V107/><F107/><W69/><G51/><T23/><D23/><U40/><E40/><AGARI ba="0,0" hai="20,24,31,40,42,43,44,46,55,57,61" m="48203" machi="40" ten="30,1000,0" yaku="18,1" doraHai="110" who="0" fromWho="1" sc="224,10,147,-10,302,0,327,0" /><INIT seed="3,0,0,2,0,90" ten="234,137,302,327" oya="3" hai0="16,2,8,75,91,55,4,53,106,124,26,12,31" hai1="33,85,74,111,18,19,131,47,49,28,77,87,61" hai2="76,133,22,43,9,122,39,65,73,99,66,103,64" hai3="46,44,69,50,67,30,127,13,17,110,119,130,84"/><W78/><G119/><T72/><D106/><U93/><E131/><V117/><F117/><W113/><G113/><T63/><D124/><U97/><E111/><V114/><F114/><W27/><G130/><T34/><D91/><U45/><E74/><V1/><F133/><W29/><G127/><T120/><D120/><U0/><E0/><V20/><F122/><W109/><G67/><T112/><D112/><U86/><E77/><V116/><F116/><W7/><G69/><T56/><REACH who="0" step="1"/><D55/><REACH who="0" ten="224,137,302,327" step="2"/><U94/><E61/><V81/><F103/><W14/><G110/><T5/><D5/><U11/><E11/><AGARI ba="0,1" hai="2,4,8,11,12,16,26,31,34,53,56,63,72,75" machi="11" ten="30,3900,0" yaku="1,1,7,1,54,1,53,0" doraHai="90" doraHaiUra="128" who="0" fromWho="1" sc="224,49,137,-39,302,0,327,0" owari="273,-13.0,98,-40.0,302,10.0,327,43.0" /></mjloggm>