<mjloggm ver="2.3"><GO type="41"/><UN n0="%EF%BC%88%E2%89%A7%E2%96%BD%E2%89%A6%EF%BC%89" n1="%43%41%42%49%4E%38%35" n2="%E3%82%82%E3%81%97%E3%81%8B%E3%81%97%E3%81%A6" n3="%77%61%6B%69%67%61" dan="13,13,14,15" rate="2028,1865,1906,1955" sx="M,M,M,M"/><TAIKYOKU oya="0"/><INIT seed="0,0,0,2,2,41" ten="250,250,250,250" oya="0" hai0="30,49,114,19,59,90,74,5,53,132,17,123,33" hai1="96,21,116,60,48,73,113,24,57,126,23,52,91" hai2="82,54,78,20,26,28,71,115,83,124,39,38,67" hai3="68,27,104,95,50,43,122,99,86,69,1,6,103"/><T61/><D123/><U106/><E73/><V102/><F115/><W8/><G122/><T2/><D114/><U15/><E113/><V118/><F118/><W63/><G27/><T66/><D74/><U51/><E116/><V58/><F124/><W10/><G10/><T84/><D132/><U45/><E126/><V98/><F71/><W107/><G104/><T31/><D2/><U85/><E106/><V9/><F83/><W125/><G125/><T79/><D79/><U127/><E96/><V87/><F9/><W97/><G86/><T32/><D5/><U3/><E3/><V130/><F130/><W11/><G11/><T44/><D33/><U64/><E127/><V29/><F29/><N who="0" m="10762" /><D32/><U13/><E51/><V47/><F47/><W128/><G63/><T109/><D109/><U0/><E0/><V129/><F129/><W46/><REACH who="3" step="1"/><G128/><REACH who="3" step="2"/><T14/><D14/><N who="1" m="5131" /><E24/><V16/><F28/><W12/><G12/><T89/><D84/><U42/><E64/><V22/><F22/><W77/><G77/><T94/><D94/><AGARI ba="0,1" hai="21,23,42,45,48,52,57,60,85,91,94" m="5131" machi="94" ten="30,3900,0" yaku="8,1,52,1,54,1" doraHai="41" who="1" fromWho="0" sc="250,-39,250,49,250,0,240,0" /><INIT seed="1,0,0,5,2,61" ten="211,299,250,240" oya="1" hai0="78,84,37,85,36,67,122,106,107,110,32,60,129" hai1="4,62,2,120,130,54,51,125,100,48,128,96,89" hai2="6,134,81,20,25,47,27,108,28,75,0,102,55" hai3="16,29,12,45,119,38,72,22,123,10,117,41,79"/><U135/><E120/><V68/><F108/><W42/><G123/><T101/><D122/><U56/><E2/><V17/><F68/><W40/><G29/><T30/><D110/><U33/><E4/><V59/><F134/><W31/><G31/><T21/><D129/><U112/><E33/><V97/><F47/><W74/><G22/><T64/><D21/><U19/><E135/><V109/><F109/><W57/><G57/><T8/><D8/><U103/><E112/><V111/><F111/><W11/><G11/><T93/><D78/><U63/><E63/><V77/><F6/><W116/><REACH who="3" step="1"/><G74/><REACH who="3" step="2"/><T9/><D9/><U70/><E70/><V69/><F69/><W13/><G13/><T87/><D30/><U83/><E19/><V23/><F0/><W91/><G91/><T76/><D32/><U86/><E103/><V3/><F3/><W7/><G7/><T58/><D58/><U14/><E14/><V24/><F24/><W99/><G99/><T88/><D101/><U104/><REACH who="1" step="1"/><E125/><REACH who="1" step="2"/><V133/><F133/><W132/><G132/><T5/><D5/><U127/><E127/><V121/><F121/><W90/><G90/><T50/><D88/><U95/><E95/><V1/><F1/><W105/><G105/><T53/><D107/><U15/><E15/><V114/><F102/><W92/><G92/><T126/><D106/><U131/><AGARI ba="0,2" hai="48,51,54,56,62,83,86,89,96,100,104,128,130,131" machi="131" ten="30,6000,0" yaku="1,1,0,1,19,1,53,0" doraHai="61" doraHaiUra="35" who="1" fromWho="1" sc="211,-20,289,80,250,-20,230,-20" /><INIT seed="1,1,0,1,4,7" ten="191,369,230,210" oya="1" hai0="6,95,80,48,24,64,62,82,21,20,78,54,13" hai1="29,118,112,76,77,32,101,132,0,9,99,103,60" hai2="96,94,26,63,56,45,5,10,3,53,75,89,35" hai3="108,135,12,85,37,41,11,117,120,61,93,47,98"/><U126/><E118/><V70/><F75/><W124/><G117/><T128/><D128/><U113/><E132/><V106/><F106/><W28/><G120/><T134/><D134/><U59/><E126/><V67/><F45/><W115/><G135/><T34/><D34/><U74/><E74/><V16/><F70/><W123/><G115/><T92/><D62/><U14/><E0/><V107/><F107/><W97/><G123/><T49/><D64/><U1/><E1/><V73/><F73/><W17/><G124/><T4/><D24/><U84/><E84/><V81/><F81/><W40/><G40/><T52/><D13/><U72/><E72/><V131/><F131/><W19/><G28/><T68/><D68/><U38/><E38/><V79/><F79/><AGARI ba="1,0" hai="4,6,20,21,48,49,52,54,78,79,80,82,92,95" machi="79" ten="25,6400,0" yaku="22,2,8,1,54,1" doraHai="7" who="0" fromWho="2" sc="191,67,369,0,230,-67,210,0" /><INIT seed="2,0,0,2,4,61" ten="258,369,163,210" oya="2" hai0="10,102,128,24,87,74,57,98,97,78,65,132,100" hai1="6,117,125,1,71,16,37,29,92,85,89,118,110" hai2="133,94,14,115,9,80,56,23,33,135,122,47,48" hai3="27,20,93,59,113,34,90,106,111,13,0,69,86"/><V12/><F122/><W108/><G69/><T77/><D10/><U96/><E37/><V126/><F115/><W11/><G106/><N who="0" m="63759" /><D24/><U134/><E71/><V68/><F68/><W103/><G113/><T15/><D15/><U60/><E110/><N who="3" m="42026" /><G34/><T8/><D8/><U124/><E60/><V81/><F33/><W53/><G0/><T31/><D31/><U95/><E29/><V99/><F126/><N who="1" m="48745" /><E16/><N who="2" m="10631" /><F133/><W64/><G27/><T131/><D132/><U123/><E134/><V30/><F30/><W21/><G53/><T39/><D39/><U50/><E50/><V112/><F112/><W82/><G59/><T70/><D57/><U104/><E104/><V22/><F22/><W127/><G127/><T79/><D70/><U26/><E26/><V130/><F56/><W114/><G64/><T36/><D65/><U73/><E73/><V55/><F130/><N who="0" m="49706" /><D36/><U121/><E6/><N who="2" m="3383" /><F135/><W119/><G114/><T83/><D74/><U42/><E1/><V67/><F67/><W66/><G66/><T28/><D28/><U32/><E42/><V18/><F18/><W40/><G40/><T41/><D41/><U101/><E32/><V109/><F109/><W58/><G58/><T43/><D43/><U19/><E19/><V129/><F129/><W7/><G21/><T63/><D63/><U75/><E75/><V45/><F45/><W88/><G20/><T44/><D44/><U76/><E76/><V120/><F120/><AGARI ba="0,0" hai="85,89,92,95,96,101,117,118,120,121,123" m="48745" machi="120" ten="30,7700,0" yaku="13,1,18,1,34,2" doraHai="61" who="1" fromWho="2" sc="258,0,369,77,163,-77,210,0" /><INIT seed="3,0,0,2,0,74" ten="258,446,86,210" oya="3" hai0="58,38,59,112,127,79,92,130,16,129,106,62,82" hai1="46,5,35,85,88,108,56,78,117,45,95,93,122" hai2="96,84,24,2,13,131,15,100,111,26,90,119,80" hai3="32,12,71,52,36,25,132,115,11,69,89,104,114"/><W20/><G104/><T42/><D106/><U18/><E108/><V128/><F2/><W67/><G36/><T14/><D127/><U37/><E35/><V72/><F119/><W4/><G32/><T97/><D42/><U70/><E70/><V76/><F111/><W27/><G132/><T121/><D38/><U8/><E37/><V28/><F24/><W34/><G34/><T123/><D112/><U60/><E122/><N who="0" m="46601" /><D92/><U22/><E95/><N who="2" m="54727" /><F26/><W53/><G27/><T133/><D97/><U10/><E117/><V101/><F28/><W6/><G6/><T134/><D62/><U91/><E91/><V68/><F68/><W124/><G124/><T81/><D58/><U1/><E78/><V0/><F0/><W98/><G69/><T64/><D59/><U103/><E103/><N who="2" m="39499" /><F15/><W135/><G115/><T61/><D64/><U17/><E18/><V118/><F13/><W40/><G114/><T19/><D82/><U113/><E10/><V3/><F3/><W51/><G67/><T77/><D61/><U54/><E113/><V99/><F118/><W30/><G71/><T39/><D39/><U63/><E63/><V23/><F23/><W65/><G65/><T55/><D19/><U49/><E60/><V44/><F44/><N who="3" m="25991" /><G53/><T87/><D55/><U29/><E29/><V73/><F73/><W102/><G52/><T109/><D109/><U43/><E43/><V75/><F72/><W86/><G30/><T120/><D120/><U31/><E31/><V57/><F57/><W21/><G21/><N who="0" m="11415" /><D77/><U9/><E9/><V110/><F110/><W107/><G11/><RYUUKYOKU ba="0,0" sc="258,10,446,10,86,10,210,-30" hai0="79,81,87,129,130,133,134" hai1="1,5,8,17,22,45,46,49,54,56,85,88,93" hai2="75,76,80,96,99,128,131" /><INIT seed="4,1,0,5,1,86" ten="268,456,96,180" oya="0" hai0="127,34,128,68,39,99,1,70,33,17,21,57,121" hai1="41,55,26,62,51,65,77,69,45,78,52,130,19" hai2="100,58,3,98,104,82,25,134,114,38,124,35,133" hai3="83,47,95,103,5,74,101,111,63,107,116,131,112"/><T129/><D121/><U92/><E130/><N who="0" m="50281" /><D39/><U106/><E106/><V115/><F38/><W61/><G116/><T59/><D1/><U28/><E19/><V64/><F3/><W11/><G111/><T109/><D99/><U54/><REACH who="1" step="1"/><E92/><REACH who="1" step="2"/><V14/><F124/><W42/><G131/><T7/><D127/><U32/><AGARI ba="1,1" hai="26,28,32,41,45,51,52,54,55,62,65,69,77,78" machi="32" ten="30,8000,1" yaku="1,1,2,1,0,1,54,1,53,1" doraHai="86" doraHaiUra="56" who="1" fromWho="1" sc="268,-41,446,93,96,-21,180,-21" /><INIT seed="5,0,0,0,4,90" ten="227,539,75,159" oya="1" hai0="67,35,54,110,81,23,47,125,31,80,109,16,33" hai1="135,22,46,119,30,59,43,99,29,51,87,48,18" hai2="79,131,5,95,60,94,130,128,72,120,2,25,39" hai3="74,106,49,17,107,71,55,124,88,6,92,11,103"/><U129/><E119/><V66/><F39/><W38/><G38/><T104/><D104/><U56/><E129/><V98/><F120/><W63/><G74/><T133/><D133/><U50/><E135/><V61/><F98/><W34/><G34/><T44/><D125/><U97/><E87/><V3/><F25/><W123/><G123/><T127/><D127/><U111/><E111/><V86/><F72/><W1/><G17/><T102/><D102/><U77/><E77/><V93/><F86/><W134/><G134/><T57/><D67/><U105/><E105/><V96/><F96/><W89/><G124/><T118/><D118/><U52/><E59/><N who="2" m="37151" /><F79/><W78/><G78/><T101/><D101/><U108/><E108/><V41/><F41/><W42/><G42/><T69/><D69/><U82/><E82/><V76/><F76/><W73/><G73/><T114/><D80/><U121/><E121/><V26/><F26/><W112/><G107/><T100/><D81/><U20/><E20/><V37/><F37/><W4/><G4/><T64/><D23/><U14/><REACH who="1" step="1"/><E51/><REACH who="1" step="2"/><V113/><F113/><W0/><G112/><T21/><D110/><U32/><E32/><V83/><F83/><W65/><G106/><T116/><D109/><U7/><E7/><V132/><F132/><W40/><G6/><T27/><D114/><U53/><E53/><V10/><F61/><W85/><G63/><T13/><D116/><U117/><E117/><V115/><F115/><W84/><G55/><T70/><D54/><U8/><E8/><V36/><F36/><W12/><G11/><RYUUKYOKU ba="0,1" sc="227,-15,529,15,75,15,159,-15" hai1="14,18,22,29,30,43,46,48,50,52,56,97,99" hai2="2,3,5,10,93,94,95,128,130,131" /><INIT seed="5,1,1,3,2,48" ten="212,544,90,144" oya="1" hai0="35,128,46,110,129,87,111,4,5,124,105,33,25" hai1="57,120,77,31,6,59,121,96,122,2,47,65,37" hai2="26,106,130,19,94,127,51,53,132,74,86,80,1" hai3="81,123,29,118,18,16,40,13,7,112,66,69,135"/><U100/><E31/><V64/><F106/><W131/><G123/><T99/><D46/><U0/><E77/><V23/><F1/><W67/><G118/><T125/><D87/><U24/><E24/><V61/><F132/><W92/><G135/><T97/><D25/><U52/><E65/><V134/><F134/><W20/><G131/><T15/><D15/><U73/><E73/><V17/><F130/><W54/><G112/><T84/><D84/><U63/><E59/><V38/><F38/><W90/><G81/><T75/><D105/><U50/><E37/><V91/><F127/><W126/><G69/><T12/><D12/><U133/><E133/><V79/><F19/><W116/><G126/><T101/><D101/><U98/><E6/><V56/><F74/><AGARI ba="1,1" hai="4,5,33,35,74,75,97,99,110,111,124,125,128,129" machi="74" ten="25,1600,0" yaku="22,2" doraHai="48" who="0" fromWho="2" sc="212,29,544,0,90,-19,144,0" /><INIT seed="6,0,0,0,5,83" ten="241,544,71,144" oya="2" hai0="73,62,6,50,112,21,34,11,8,23,27,32,43" hai1="78,63,109,122,40,90,35,86,124,75,12,57,113" hai2="71,93,14,76,59,84,42,60,77,121,61,91,3" hai3="125,133,18,26,119,96,106,29,94,89,28,38,7"/><V115/><F115/><W41/><G119/><T20/><D73/><U105/><E35/><V98/><F121/><W25/><G125/><T130/><D112/><U4/><E105/><V102/><F3/><W10/><G133/><T19/><D130/><U132/><E132/><V9/><F42/><W30/><G106/><T114/><D114/><U111/><E113/><V24/><F24/><W1/><G41/><T129/><D129/><U5/><E122/><V2/><F2/><W85/><G38/><T92/><D34/><U118/><E118/><V49/><F71/><W70/><G70/><T46/><D32/><U72/><E72/><V116/><F116/><W13/><REACH who="3" step="1"/><G96/><REACH who="3" step="2"/><T67/><D43/><U66/><E124/><V56/><F49/><W65/><G65/><T45/><D67/><U47/><E111/><V131/><F131/><W22/><AGARI ba="0,1" hai="1,7,10,13,18,22,25,26,28,29,30,85,89,94" machi="22" ten="30,4000,0" yaku="1,1,0,1,52,1,53,0" doraHai="83" doraHaiUra="69" who="3" fromWho="3" sc="241,-10,544,-10,71,-20,134,50" /><INIT seed="7,0,0,2,2,40" ten="231,534,51,184" oya="3" hai0="69,51,80,59,109,22,82,33,128,88,44,107,60" hai1="81,99,56,79,102,30,110,90,48,123,76,91,52" hai2="115,42,47,98,49,94,61,14,108,132,103,77,131" hai3="120,66,29,117,32,100,36,57,122,92,119,45,125"/><W130/><G125/><T6/><D109/><U133/><E123/><V135/><F108/><W27/><G130/><T67/><D33/><U5/><E133/><V87/><F131/><W9/><G9/><T73/><D107/><U126/><E110/><V71/><F115/><W26/><G26/><T78/><D128/><U85/><E126/><V20/><F135/><W134/><G134/><T37/><D6/><U35/><E5/><V38/><F132/><W62/><G100/><T127/><D127/><U16/><E35/><V12/><F38/><W3/><G3/><T116/><D116/><U39/><E30/><V124/><F124/><W74/><G74/><T65/><D37/><U19/><E39/><V93/><F71/><W2/><G2/><T112/><D112/><U31/><E31/><V8/><F61/><W10/><G10/><T18/><D69/><U7/><E7/><V11/><F20/><W1/><G1/><T68/><D68/><U43/><E43/><V55/><F55/><W64/><G66/><T75/><D67/><U84/><E79/><V21/><F93/><W54/><G92/><T41/><D73/><U96/><E96/><V24/><F12/><W70/><G122/><T58/><D65/><U25/><E76/><V106/><F106/><W89/><G89/><T114/><D88/><U101/><E25/><V53/><F53/><W0/><G0/><T50/><D114/><U34/><E34/><V28/><F14/><W63/><G120/><T83/><D75/><U95/><E102/><V113/><F113/><W13/><G13/><T72/><D72/><RYUUKYOKU ba="0,0" sc="231,-30,534,10,51,10,184,10" hai1="16,19,48,52,56,81,84,85,90,91,95,99,101" hai2="8,11,21,24,28,42,47,49,77,87,94,98,103" hai3="27,29,32,36,45,54,57,62,63,64,70,117,119" /><INIT seed="7,1,0,0,1,27" ten="201,544,61,194" oya="3" hai0="1,101,121,75,124,122,58,19,2,28,35,60,34" hai1="111,130,9,88,80,22,66,57,86,12,56,77,8" hai2="76,93,110,26,133,74,43,67,135,113,7,85,134" hai3="14,125,29,38,94,33,3,49,65,116,31,90,36"/><W42/><G116/><T112/><D75/><U131/><E111/><V92/><F67/><W95/><G3/><T39/><D39/><U69/><E69/><V41/><F7/><W32/><G65/><T108/><D108/><U15/><E22/><V53/><F110/><W82/><G14/><T114/><D124/><U17/><E77/><V48/><F74/><W25/><G125/><T126/><D126/><U11/><E66/><V61/><F61/><W5/><G5/><T72/><D72/><U71/><E71/><V115/><F26/><W119/><G119/><T79/><D79/><U40/><E40/><V107/><F107/><W13/><G13/><T54/><D101/><U46/><E46/><V63/><F63/><W21/><G82/><T83/><D83/><U37/><E37/><V89/><F76/><W73/><G73/><T16/><D1/><U96/><E96/><V52/><F85/><W103/><G103/><T47/><D2/><U120/><E120/><N who="0" m="46185" /><D47/><U51/><E51/><V132/><N who="2" m="34304" /><DORA hai="123" /><V23/><F23/><W106/><G106/><T24/><D35/><U59/><REACH who="1" step="1"/><E11/><REACH who="1" step="2"/><V30/><F48/><W64/><G64/><T127/><D127/><U45/><E45/><V100/><F100/><W102/><G102/><T18/><D34/><U87/><E87/><V78/><F78/><W128/><G33/><T109/><D109/><U91/><E91/><V6/><F6/><AGARI ba="1,1" hai="6,8,9,12,15,17,56,57,59,80,86,88,130,131" machi="6" ten="40,8000,1" yaku="1,1,54,1,53,2" doraHai="27,123" doraHaiUra="118,4" who="1" fromWho="2" sc="201,0,534,93,61,-83,194,0" owari="201,0,627,73,-22,-52,194,-21" /></mjloggm>