<mjloggm ver="2.3"><GO type="41"/><UN n0="%E4%B8%89%E9%99%B8%E6%B5%B7%E5%B2%B8" n1="%EF%BC%88%E2%89%A7%E2%96%BD%E2%89%A6%EF%BC%89" n2="%E3%83%99%E3%83%AB%E3%82%AF" n3="%E5%9B%BD%E5%A3%AB%E4%BC%9A" dan="16,13,15,14" rate="1964,2037,2059,1850" sx="M,M,M,M"/><TAIKYOKU oya="0"/><INIT seed="0,0,0,3,3,135" ten="250,250,250,250" oya="0" hai0="41,51,50,53,3,72,47,128,86,126,18,31,104" hai1="64,4,62,127,125,107,33,17,0,89,27,88,59" hai2="37,92,13,65,34,73,131,5,19,95,100,63,48" hai3="129,46,60,84,98,97,87,113,7,10,74,15,93"/><T99/><D72/><U70/><E107/><V78/><F37/><W115/><G74/><T25/><D3/><U130/><E130/><V124/><F34/><W8/><G129/><T79/><D128/><U85/><E70/><V76/><F131/><W91/><G10/><T23/><D104/><U108/><E108/><V56/><F5/><W80/><G87/><T61/><D61/><U132/><E132/><V26/><F26/><W106/><G97/><T83/><D99/><U112/><E112/><V58/><F73/><W36/><G106/><T6/><D6/><U40/><E40/><V21/><F124/><N who="1" m="47689" /><E85/><V82/><F100/><W111/><G111/><T22/><D126/><U69/><E69/><V39/><F39/><W52/><G36/><T49/><D41/><U67/><E67/><V133/><F133/><W28/><G28/><T120/><D120/><U54/><E64/><V96/><F65/><W38/><G38/><T11/><D11/><N who="1" m="2439" /><E33/><V55/><F55/><W109/><G109/><T110/><D110/><U2/><E2/><V30/><F96/><W117/><G117/><T77/><D77/><U68/><E68/><V103/><F78/><W44/><G115/><T101/><D53/><U66/><E54/><V75/><F75/><W24/><G24/><N who="0" m="16791" /><D47/><U42/><E42/><V118/><F56/><N who="3" m="34823" /><G113/><T122/><D122/><U12/><E27/><V116/><F116/><W1/><G1/><T114/><D114/><U57/><E57/><V119/><F118/><W71/><G71/><T20/><D25/><U81/><E81/><V90/><F119/><W14/><G14/><RYUUKYOKU ba="0,0" sc="250,-15,250,15,250,-15,250,15" hai1="12,17,59,62,66,88,89" hai3="7,8,15,44,46,80,84,91,93,98" /><INIT seed="1,1,0,5,1,84" ten="235,265,235,265" oya="1" hai0="44,88,21,106,105,69,78,2,102,65,122,124,18" hai1="22,85,76,17,133,49,51,64,82,91,87,43,70" hai2="126,42,35,79,119,13,23,47,54,135,24,27,56" hai3="132,40,15,12,19,66,111,3,118,128,9,123,94"/><U60/><E133/><V99/><F119/><W97/><G123/><T74/><D2/><U96/><E96/><V34/><F135/><W50/><G132/><T55/><D69/><U58/><E70/><V10/><F126/><W8/><G111/><T113/><D113/><U73/><E43/><V46/><F79/><W114/><G114/><T61/><D74/><U11/><E11/><V110/><F110/><W83/><G83/><T115/><D78/><U125/><E125/><V63/><F99/><W59/><G3/><T31/><D31/><U121/><E121/><V77/><F77/><W37/><G37/><T134/><D102/><U120/><E120/><V25/><F23/><W116/><G128/><T109/><D109/><U103/><E103/><V48/><REACH who="2" step="1"/><F47/><REACH who="2" step="2"/><N who="3" m="25959" /><G118/><T16/><D21/><U4/><E73/><V38/><F38/><W107/><G116/><T98/><D115/><U71/><E71/><V112/><F112/><W33/><G33/><T131/><D122/><U130/><E130/><V6/><AGARI ba="1,1" hai="6,10,13,24,25,27,34,35,42,46,48,54,56,63" machi="6" ten="30,2000,0" yaku="1,1,0,1,53,0" doraHai="84" doraHaiUra="26" who="2" fromWho="2" sc="235,-6,265,-11,225,33,265,-6" /><INIT seed="2,0,0,3,2,9" ten="229,254,258,259" oya="2" hai0="63,114,127,125,97,49,128,109,89,35,86,16,106" hai1="33,10,77,105,93,85,112,26,98,38,113,88,71" hai2="53,133,79,8,123,37,69,7,20,65,51,13,120" hai3="4,130,92,61,5,28,14,100,74,36,99,52,32"/><V91/><F37/><W25/><G130/><T47/><D35/><U129/><E38/><V45/><F133/><W68/><G74/><T117/><D114/><N who="1" m="44139" /><E10/><V2/><F79/><W40/><G36/><T82/><D128/><U104/><E26/><V21/><F21/><W83/><G83/><T43/><D117/><U60/><E60/><V134/><F134/><W132/><G40/><T122/><D122/><U80/><E33/><V111/><F111/><W66/><G132/><T126/><D63/><U108/><E71/><V107/><F107/><N who="1" m="41033" /><E129/><V0/><F69/><W58/><REACH who="3" step="1"/><G14/><REACH who="3" step="2"/><T76/><D109/><AGARI ba="0,1" hai="77,80,85,88,93,98,108,109" m="41033,44139" machi="109" ten="40,5200,0" yaku="34,2,54,1" doraHai="9" who="1" fromWho="0" sc="229,-52,254,62,258,0,249,0" /><INIT seed="3,0,0,3,5,103" ten="177,316,258,249" oya="3" hai0="124,25,99,65,106,28,36,118,107,70,81,85,66" hai1="94,109,48,76,40,29,123,88,1,22,93,4,34" hai2="35,133,122,45,44,96,54,113,53,71,69,10,30" hai3="127,56,63,98,91,74,20,115,12,43,130,32,0"/><W8/><G115/><T86/><D36/><U78/><E123/><V60/><F113/><W24/><G127/><T110/><D118/><U7/><E34/><V38/><F35/><W67/><G130/><T16/><D86/><N who="1" m="52375" /><E1/><V105/><F30/><W64/><G74/><T23/><D110/><U83/><E109/><V131/><F10/><W82/><G43/><T26/><D124/><U80/><E94/><V47/><F96/><W95/><G32/><T13/><D99/><U117/><E117/><V77/><F105/><W128/><G0/><T97/><D26/><N who="1" m="16599" /><E80/><V114/><F77/><N who="1" m="29801" /><E83/><V120/><F114/><W100/><G128/><T119/><D119/><U50/><E40/><V84/><F131/><W132/><G132/><T134/><D134/><U90/><E90/><V102/><F102/><W41/><G41/><T104/><D97/><U68/><E68/><N who="2" m="26187" /><F133/><W21/><G67/><T61/><D66/><U31/><E31/><V121/><F84/><N who="3" m="50583" /><G24/><T55/><D55/><N who="2" m="21002" /><F60/><W112/><G112/><T9/><D104/><U51/><AGARI ba="0,0" hai="4,7,48,50,51" m="29801,16599,52375" machi="51" ten="30,2000,0" yaku="8,1,54,1" doraHai="103" who="1" fromWho="1" sc="177,-5,316,20,258,-5,249,-10" /><INIT seed="4,0,0,5,3,114" ten="172,336,253,239" oya="0" hai0="2,18,110,6,107,33,118,77,108,132,127,70,55" hai1="59,8,49,30,133,124,88,23,9,115,86,105,130" hai2="109,27,35,92,16,34,84,22,1,102,31,98,72" hai3="104,83,29,42,117,128,41,52,76,63,129,64,91"/><T119/><D70/><U15/><E133/><V81/><F109/><N who="0" m="42090" /><D107/><U68/><E68/><V3/><F72/><W131/><G104/><T67/><D67/><U95/><E105/><V60/><F60/><W79/><G29/><T44/><D77/><N who="3" m="29769" /><G64/><T85/><D85/><U96/><E115/><V73/><F73/><W28/><G28/><T78/><D78/><U36/><E36/><V0/><REACH who="2" step="1"/><F31/><REACH who="2" step="2"/><W111/><G111/><T45/><D132/><U116/><E30/><V14/><F14/><W93/><G83/><T12/><D33/><U82/><E15/><V24/><F24/><W97/><G117/><N who="0" m="44555" /><D127/><U50/><E124/><V100/><F100/><W4/><G4/><T19/><D2/><U80/><E116/><V48/><F48/><W71/><G71/><T103/><D103/><U56/><E49/><V62/><F62/><W123/><G123/><T25/><D25/><U58/><E50/><V65/><F65/><W53/><G63/><T113/><D113/><U43/><E88/><AGARI ba="0,1" hai="0,1,3,16,22,27,34,35,81,84,88,92,98,102" machi="88" ten="40,5200,0" yaku="1,1,54,2,53,0" doraHai="114" doraHaiUra="61" who="2" fromWho="1" sc="172,0,336,-52,243,62,239,0" /><INIT seed="5,0,0,2,5,48" ten="172,284,305,239" oya="1" hai0="72,96,2,95,67,56,122,116,69,107,36,15,51" hai1="66,31,119,124,133,55,134,11,91,106,100,47,108" hai2="26,87,131,85,114,98,19,25,0,76,17,10,127" hai3="118,113,68,94,30,97,16,18,46,102,29,104,71"/><U101/><E119/><V53/><F131/><W6/><G113/><T89/><D2/><U79/><E124/><V130/><F127/><W63/><G118/><T105/><D36/><U117/><E117/><V75/><F130/><W44/><G6/><T110/><D110/><U61/><E108/><V24/><F114/><W99/><G63/><T115/><D72/><U38/><E79/><V32/><F32/><W39/><G94/><T43/><D115/><U8/><E31/><V74/><F0/><W126/><G126/><T93/><D69/><N who="1" m="42191" /><E91/><V50/><F75/><W92/><G92/><T34/><D34/><U64/><E64/><V78/><F98/><W45/><G39/><T90/><D116/><U109/><E109/><V33/><F33/><W27/><G27/><T13/><D122/><U23/><E23/><V21/><F10/><N who="1" m="3625" /><E106/><V62/><F62/><W88/><G104/><T82/><D67/><U42/><E55/><V1/><F1/><W3/><G3/><T135/><D107/><U65/><E65/><V41/><F74/><W58/><G58/><T70/><D70/><U112/><E112/><V4/><F41/><W125/><G125/><T123/><D105/><U128/><E128/><V121/><F121/><W103/><G46/><T77/><D123/><U132/><AGARI ba="0,0" hai="38,42,47,100,101,132,133,134" m="3625,42191" machi="132" ten="40,2100,0" yaku="20,1" doraHai="48" who="1" fromWho="1" sc="172,-7,284,21,305,-7,239,-7" /><INIT seed="5,1,0,2,2,25" ten="165,305,298,232" oya="1" hai0="42,130,53,132,79,38,112,85,64,77,68,41,92" hai1="71,109,96,99,113,125,17,121,31,78,20,129,126" hai2="67,23,10,108,39,37,24,45,57,66,94,19,103" hai3="86,123,52,83,134,81,59,0,60,90,74,105,9"/><U84/><E121/><V69/><F108/><W7/><G123/><T70/><D92/><U63/><E109/><V61/><F45/><W14/><G134/><T118/><D85/><U8/><E8/><V56/><F10/><W124/><G124/><N who="1" m="47722" /><E129/><V4/><F4/><W107/><REACH who="3" step="1"/><G0/><REACH who="3" step="2"/><T110/><D132/><U11/><E113/><V93/><F37/><W133/><G133/><T49/><D112/><U27/><E11/><V29/><F39/><W131/><G131/><T13/><D38/><U48/><E17/><V22/><F19/><W33/><G33/><T72/><D130/><U82/><E48/><V117/><F117/><W44/><G44/><T51/><D110/><U36/><E36/><V28/><F69/><W88/><G88/><T40/><D118/><U95/><E95/><V87/><F94/><W114/><G114/><T65/><D68/><U6/><E6/><V91/><F103/><W5/><G5/><T58/><D70/><U102/><E102/><V80/><F93/><W32/><G32/><T116/><D116/><U55/><E71/><V97/><F97/><W100/><G100/><T98/><D98/><U127/><E127/><V50/><F50/><W62/><G62/><T1/><D51/><U35/><E35/><V101/><F101/><W30/><G30/><T128/><D128/><U26/><E99/><V122/><F122/><W46/><G46/><T89/><D1/><U75/><E96/><V12/><F61/><W73/><G73/><T34/><D72/><U104/><E75/><V43/><F80/><W21/><G21/><T15/><D34/><RYUUKYOKU ba="1,1" sc="165,-10,305,-10,298,-10,222,30" hai3="7,9,14,52,59,60,74,81,83,86,90,105,107" /><INIT seed="6,2,1,0,4,110" ten="155,295,288,252" oya="2" hai0="74,85,82,49,93,16,37,106,127,51,86,97,121" hai1="91,118,96,6,69,22,54,117,47,95,71,84,3" hai2="5,56,35,63,116,109,135,125,2,129,53,20,18" hai3="57,119,58,128,134,60,111,41,81,1,92,29,17"/><V46/><F116/><W68/><G119/><T15/><D37/><U62/><E117/><V39/><F35/><W7/><G111/><T120/><D127/><U45/><E118/><V55/><F109/><W70/><G128/><T24/><D106/><U132/><E132/><V66/><F125/><W77/><G134/><T104/><D74/><U50/><E3/><V78/><F135/><W42/><G57/><T87/><D104/><U76/><E6/><V100/><F129/><W44/><G42/><T122/><D24/><U8/><E8/><V10/><F100/><W48/><G29/><T25/><D25/><U79/><E71/><V103/><F78/><N who="1" m="29737" /><E69/><V99/><F46/><N who="1" m="17417" /><E62/><V108/><F39/><W36/><G92/><T98/><D82/><U9/><E9/><V30/><F30/><W72/><G17/><T107/><D107/><U11/><E11/><V75/><F75/><W27/><G27/><T32/><D32/><U33/><E33/><V88/><F108/><W115/><G115/><T90/><REACH who="0" step="1"/><D98/><REACH who="0" step="2"/><U64/><E96/><V0/><F99/><W89/><G89/><T113/><D113/><U21/><E64/><V61/><F66/><W23/><G23/><AGARI ba="2,2" hai="15,16,23,49,51,85,86,87,90,93,97,120,121,122" machi="23" ten="50,8000,1" yaku="1,1,54,1,53,3" doraHai="110" doraHaiUra="83" who="0" fromWho="3" sc="145,106,295,0,288,0,252,-86" /><INIT seed="7,0,0,2,4,42" ten="251,295,288,166" oya="3" hai0="35,33,25,87,8,109,72,128,92,30,9,93,111" hai1="39,104,52,44,24,98,88,22,71,62,32,68,50" hai2="96,100,65,55,34,115,84,114,66,112,75,57,101" hai3="99,124,82,51,20,70,106,127,135,11,49,29,19"/><W73/><G70/><T123/><D72/><U7/><E32/><V74/><F34/><W85/><G73/><N who="2" m="27657" /><F84/><W91/><G135/><T45/><D123/><U18/><E39/><V41/><F41/><W134/><G134/><T125/><D128/><U38/><E38/><V10/><F10/><W77/><G29/><T86/><D125/><N who="3" m="48201" /><G11/><T23/><D23/><U102/><E7/><V21/><F21/><W79/><G106/><T113/><D25/><U121/><E121/><V133/><F133/><W54/><G99/><T126/><D126/><U13/><E62/><N who="2" m="36159" /><F100/><W90/><G79/><T31/><D113/><U3/><E3/><V48/><F48/><N who="3" m="18507" /><G54/><T28/><D28/><U95/><E24/><AGARI ba="0,0" hai="19,20,24,77,82,85,90,91" m="18507,48201" machi="24" ten="30,1500,0" yaku="18,1" doraHai="42" who="3" fromWho="1" sc="251,0,295,-15,288,0,166,15" /><INIT seed="7,1,0,0,2,14" ten="251,280,288,181" oya="3" hai0="96,31,108,54,102,15,42,63,117,131,109,39,110" hai1="23,112,128,70,85,40,68,10,106,97,57,38,61" hai2="79,125,11,122,93,92,1,44,90,119,127,133,91" hai3="107,103,20,18,13,111,43,59,29,34,5,47,135"/><W35/><G135/><T101/><D117/><U80/><E128/><V89/><F119/><W118/><G118/><T48/><D39/><U52/><E112/><V73/><F133/><W71/><G71/><T121/><D121/><U0/><E23/><V56/><F122/><W37/><G111/><T81/><D42/><U25/><E25/><V64/><F44/><W87/><G87/><T36/><D63/><U114/><E114/><V100/><F100/><W82/><G82/><T58/><D36/><U4/><E106/><V77/><F1/><W6/><G35/><T28/><D131/><U84/><E97/><V2/><F2/><W123/><G123/><T30/><D96/><U76/><REACH who="1" step="1"/><E85/><REACH who="1" step="2"/><V7/><F73/><W27/><REACH who="3" step="1"/><G59/><REACH who="3" step="2"/><T99/><D110/><U75/><E75/><V113/><F113/><W104/><G104/><T86/><D109/><U116/><E116/><V45/><F56/><W46/><G46/><AGARI ba="1,2" hai="0,4,10,38,40,46,52,57,61,68,70,76,80,84" machi="46" ten="40,2600,0" yaku="1,1,54,1,53,0" doraHai="14" doraHaiUra="95" who="1" fromWho="3" sc="251,0,270,49,288,0,171,-29" owari="251,-15,319,42,288,9,142,-36" /></mjloggm>