<mjloggm ver="2.3"><GO type="41"/><UN n0="%70%65%61%63%68%63%61%74" n1="%52%65%4D%61%72%69%6D%6F" n2="%E3%82%A6%E3%83%AB%E3%83%88%E3%83%A9%E7%AB%8B%E7%9B%B4" n3="%68%6F%61%6B" dan="14,16,15,13" rate="1929,1981,1979,1850" sx="M,M,M,M"/><TAIKYOKU oya="0"/><INIT seed="0,0,0,3,2,105" ten="250,250,250,250" oya="0" hai0="35,92,99,80,27,131,91,75,54,119,96,8,103" hai1="45,52,1,57,18,127,59,38,2,19,113,22,65" hai2="39,121,33,115,95,106,111,112,20,93,102,107,87" hai3="28,17,124,36,62,128,24,4,7,3,81,104,133"/><T86/><D119/><U85/><E127/><V72/><F20/><W120/><G36/><T100/><D131/><U90/><E113/><V78/><F33/><W71/><G124/><T46/><D8/><U61/><E19/><V50/><F50/><W34/><G128/><T23/><D35/><U30/><E30/><V21/><F21/><W84/><G133/><T13/><D13/><U53/><E38/><V0/><F39/><W129/><G129/><T43/><D54/><U125/><E125/><V60/><F60/><W98/><G120/><T108/><D108/><U77/><E77/><V16/><F16/><W114/><G114/><T56/><D56/><U94/><E45/><V58/><F58/><W126/><G126/><T83/><D75/><U101/><E101/><N who="0" m="38985" /><D43/><U116/><E116/><V110/><F0/><W73/><G17/><N who="0" m="12783" /><D46/><U68/><E68/><V64/><F64/><N who="3" m="41367" /><G3/><T49/><D49/><N who="1" m="30863" /><E65/><V109/><F121/><W76/><G84/><T134/><D134/><U123/><E123/><V55/><F55/><W51/><G51/><T117/><D117/><U5/><E5/><V9/><F107/><W41/><G41/><T74/><D74/><U37/><E37/><V12/><F72/><W69/><G69/><T48/><D48/><U26/><E2/><V47/><F112/><W82/><G82/><AGARI ba="0,0" hai="80,82,83,86,91,92,96,99" m="12783,38985" machi="82" ten="30,1500,0" yaku="8,1" doraHai="105" who="0" fromWho="3" sc="250,15,250,0,250,0,250,-15" /><INIT seed="0,1,0,1,5,35" ten="265,250,250,235" oya="0" hai0="66,88,122,78,106,3,29,86,104,85,91,26,126" hai1="21,71,23,79,36,114,76,57,81,19,51,124,127" hai2="34,100,20,125,6,101,95,2,99,22,56,39,8" hai3="96,55,47,135,5,132,41,31,120,60,40,113,73"/><T94/><D122/><U98/><E71/><V102/><F39/><W118/><G73/><T74/><D66/><U89/><E36/><V77/><F125/><N who="1" m="48201" /><E114/><V14/><F34/><W115/><G118/><T15/><D15/><N who="1" m="9471" /><E23/><V11/><F77/><W80/><G80/><N who="0" m="45143" /><D3/><U17/><E17/><V27/><F56/><W18/><G31/><T53/><D53/><N who="1" m="31935" /><E98/><V63/><F63/><W130/><G96/><N who="0" m="57415" /><D29/><U110/><E110/><V49/><F49/><W1/><G1/><T111/><D111/><U129/><E129/><V44/><F44/><W42/><G130/><T90/><D26/><U116/><E116/><V75/><F22/><W24/><G120/><T37/><D37/><U38/><E38/><V82/><F20/><N who="3" m="13335" /><G5/><T134/><D134/><N who="3" m="51241" /><G47/><T131/><D131/><U133/><E133/><V25/><F25/><W59/><AGARI ba="1,0" hai="40,41,42,55,59,60,113,115" m="51241,13335" machi="59" ten="40,1500,0" yaku="20,1" doraHai="35" who="3" fromWho="3" sc="265,-8,250,-5,250,-5,235,18" /><INIT seed="1,0,0,5,3,108" ten="257,245,245,253" oya="1" hai0="38,10,60,128,8,74,7,110,46,112,61,51,2" hai1="134,85,52,59,47,35,71,118,75,120,36,135,37" hai2="126,68,63,91,117,58,43,62,109,87,86,23,26" hai3="30,66,90,9,92,131,41,45,24,97,12,116,88"/><U54/><E75/><V16/><F117/><W102/><G131/><T18/><D110/><U95/><E35/><V114/><F109/><W81/><G116/><T67/><D128/><U89/><E118/><V98/><F126/><W3/><G3/><T15/><D38/><U125/><E71/><V73/><F73/><W76/><G66/><T82/><D112/><U104/><E104/><V132/><F132/><N who="1" m="50729" /><E120/><V32/><F32/><W65/><G65/><T33/><D33/><U119/><E119/><V14/><F68/><W124/><G124/><T94/><D94/><U93/><E125/><V6/><F43/><W53/><G53/><N who="1" m="20586" /><E59/><V55/><F63/><W4/><G30/><T80/><D61/><U72/><E72/><V123/><F123/><W111/><G111/><T31/><D74/><U25/><E25/><V50/><F50/><W83/><G24/><T0/><D0/><U64/><E64/><V69/><F69/><W20/><G20/><T77/><D77/><U40/><E37/><V13/><F114/><W129/><G129/><T133/><D133/><U107/><E107/><V42/><F42/><W19/><G19/><T49/><D31/><U27/><E27/><V21/><F6/><W34/><G34/><T99/><D46/><U78/><E78/><V84/><F23/><W48/><G83/><AGARI ba="0,0" hai="36,40,47,83,85,89,93,95" m="20586,50729" machi="83" ten="30,2900,0" yaku="20,1,54,1" doraHai="108" who="1" fromWho="3" sc="257,0,245,29,245,0,253,-29" /><INIT seed="1,1,0,4,0,121" ten="257,274,245,224" oya="1" hai0="0,28,38,5,100,129,49,59,91,79,48,126,84" hai1="96,63,123,11,70,19,69,90,89,115,71,76,116" hai2="102,77,106,98,86,68,130,21,93,72,122,114,20" hai3="82,118,80,132,2,85,92,23,39,17,54,73,101"/><U65/><E115/><V32/><F32/><W41/><G2/><T33/><D126/><U43/><E116/><V110/><F68/><W107/><G118/><T13/><D129/><U27/><E123/><V4/><F122/><W30/><G132/><T42/><D100/><U131/><E131/><V87/><F4/><W14/><G73/><T56/><D0/><U66/><E76/><V125/><F21/><W7/><G107/><T16/><D38/><U99/><E43/><V35/><F20/><W3/><G3/><T75/><D75/><U53/><E27/><V97/><F35/><W60/><G39/><T124/><D124/><U12/><E53/><V135/><F125/><W26/><G41/><T94/><D5/><U104/><E104/><V109/><F135/><W10/><G60/><T6/><D6/><U111/><E111/><N who="2" m="42507" /><F130/><W128/><G128/><T24/><D79/><U50/><E71/><V52/><F52/><W74/><G54/><T134/><D134/><U55/><E70/><V31/><F31/><W57/><G57/><T105/><D105/><U83/><E66/><V112/><F72/><W95/><G74/><T51/><D42/><U133/><E133/><V119/><F119/><W120/><G120/><T22/><AGARI ba="1,0" hai="13,16,22,24,28,33,48,49,51,56,59,84,91,94" machi="22" ten="30,2000,0" yaku="0,1,54,1" doraHai="121" who="0" fromWho="0" sc="257,23,274,-11,245,-6,224,-6" /><INIT seed="2,0,0,5,3,43" ten="280,263,239,218" oya="2" hai0="55,86,134,83,64,80,26,107,81,40,30,28,113" hai1="57,24,11,14,47,102,118,89,65,22,4,38,116" hai2="36,120,130,69,25,44,105,33,84,75,90,67,132" hai3="58,23,78,122,0,35,32,119,52,8,114,21,49"/><V82/><F120/><W62/><G122/><T94/><D113/><U129/><E102/><V112/><F112/><W42/><G119/><T17/><D107/><U71/><E71/><V51/><F36/><W63/><G114/><T96/><D134/><U127/><E127/><V100/><F132/><W74/><G0/><T91/><D40/><U56/><E129/><V135/><F135/><W97/><G8/><T2/><D2/><U31/><E89/><V72/><F130/><W88/><G74/><T5/><D5/><U121/><E121/><V10/><F10/><W61/><G78/><T111/><D111/><U66/><E118/><V27/><F72/><W54/><G42/><T41/><D41/><U125/><E125/><V16/><F75/><W59/><G35/><T85/><D64/><N who="1" m="24683" /><E116/><V103/><F67/><W48/><G32/><T133/><D133/><U20/><E20/><N who="2" m="13447" /><F69/><W13/><G13/><T109/><D109/><U79/><E79/><V101/><F105/><W92/><AGARI ba="0,0" hai="21,23,48,49,52,54,58,59,61,62,63,88,92,97" machi="92" ten="30,8000,1" yaku="0,1,9,1,8,1,54,2" doraHai="43" who="3" fromWho="3" sc="280,-20,263,-20,239,-40,218,80" /><INIT seed="3,0,0,5,1,104" ten="260,243,199,298" oya="3" hai0="8,80,82,56,39,101,61,119,124,92,22,68,95" hai1="105,57,26,120,51,12,75,63,108,111,44,64,115" hai2="31,4,94,21,121,10,89,45,55,42,126,132,86" hai3="97,40,66,135,85,62,76,70,0,19,122,118,5"/><W103/><G118/><T58/><D119/><U84/><E105/><V16/><F121/><W67/><G122/><T102/><D39/><U60/><E120/><V96/><F31/><W106/><G135/><T123/><D123/><U11/><E115/><V59/><F132/><W110/><G110/><N who="1" m="42026" /><E26/><V24/><F126/><W87/><G40/><T30/><D124/><U88/><E63/><V52/><F86/><W71/><G19/><T36/><D36/><U74/><E51/><V46/><F42/><W107/><G107/><T73/><D73/><U38/><E44/><V23/><F23/><W117/><G117/><T127/><D127/><U50/><E50/><V33/><F33/><W17/><G17/><T37/><D37/><U27/><E27/><V2/><F55/><W1/><G76/><T43/><D43/><U54/><E64/><V131/><F131/><W99/><G5/><T83/><D8/><U13/><E38/><V81/><F81/><W34/><G34/><T79/><D79/><U15/><E11/><V9/><F9/><W109/><G109/><T65/><D68/><U129/><E129/><V35/><F35/><W14/><G14/><T114/><D114/><U3/><E3/><V48/><AGARI ba="0,0" hai="2,4,10,16,21,24,45,46,48,52,59,89,94,96" machi="48" ten="20,5200,0" yaku="0,1,7,1,54,2" doraHai="104" who="2" fromWho="2" sc="260,-13,243,-13,199,52,298,-26" /><INIT seed="4,0,0,1,1,36" ten="247,230,251,272" oya="0" hai0="28,46,78,15,33,79,41,101,131,26,20,89,93" hai1="54,7,19,14,6,120,98,64,56,116,50,37,68" hai2="18,88,123,115,8,39,60,84,48,17,40,44,0" hai3="27,87,130,91,51,62,103,29,80,97,133,53,43"/><T9/><D131/><U124/><E116/><V95/><F123/><W58/><G130/><T72/><D72/><U5/><E120/><V63/><F115/><W3/><G3/><T107/><D107/><U77/><E124/><V121/><F121/><W16/><G133/><T76/><D101/><U2/><E37/><V42/><F0/><W45/><G103/><T134/><D134/><U125/><E125/><V132/><F132/><W81/><G97/><T90/><D33/><U25/><E77/><V100/><F100/><W55/><G80/><T126/><D126/><U24/><E2/><V94/><F39/><W109/><G109/><T110/><D110/><U49/><E98/><V108/><F108/><W73/><G73/><T11/><D11/><U128/><E128/><V92/><F42/><W113/><G113/><T70/><D70/><U32/><E32/><V111/><F111/><W106/><G106/><T122/><D122/><U67/><E49/><V119/><F119/><W59/><G16/><N who="2" m="6249" /><F8/><W69/><G69/><T99/><D89/><U38/><E38/><V104/><F104/><W10/><G10/><T21/><D21/><N who="1" m="11511" /><E68/><V86/><F86/><W75/><G75/><T31/><D31/><U22/><E25/><V117/><F117/><W66/><G58/><T105/><D105/><U129/><E129/><V127/><F127/><W52/><G66/><T96/><D96/><U112/><E112/><V135/><F135/><W74/><G74/><T12/><D9/><U85/><E85/><V82/><AGARI ba="0,0" hai="40,44,48,60,63,82,84,88,92,94,95" m="6249" machi="82" ten="30,7900,0" yaku="8,1,52,1,54,2" doraHai="36" who="2" fromWho="2" sc="247,-39,230,-20,251,79,272,-20" /><INIT seed="5,0,0,5,0,17" ten="208,210,330,252" oya="1" hai0="57,19,38,111,88,134,21,15,23,131,22,1,43" hai1="70,83,95,39,53,113,58,96,108,127,44,30,12" hai2="124,112,67,6,106,86,79,54,129,47,48,24,97" hai3="14,31,33,100,121,55,78,81,20,132,120,66,13"/><U11/><E113/><V41/><F112/><W4/><G66/><T51/><D111/><U50/><E127/><V135/><F124/><W62/><G100/><T37/><D1/><U26/><E108/><V28/><F129/><W46/><G132/><T82/><D134/><U92/><E70/><V89/><F6/><W75/><G33/><T49/><D131/><U65/><E83/><V27/><F135/><W61/><G121/><T93/><D82/><U115/><E115/><V5/><F5/><W102/><G102/><T18/><D38/><U94/><E96/><V3/><F3/><W103/><G103/><T56/><D37/><U69/><E69/><V116/><F79/><W118/><G118/><T80/><D80/><U85/><E85/><V29/><F67/><W74/><G120/><T133/><D133/><U45/><E65/><V117/><F97/><W123/><G123/><T8/><D19/><N who="1" m="8607" /><E39/><V101/><F101/><W84/><G14/><T122/><D122/><U73/><E73/><V114/><F106/><W107/><G107/><T9/><D8/><U119/><E119/><V60/><F114/><W76/><G74/><T109/><D109/><U25/><E25/><N who="2" m="9803" /><F117/><W34/><G75/><T35/><D35/><U7/><E7/><V63/><F116/><W104/><G34/><T16/><D18/><U68/><E68/><V87/><F87/><W40/><G104/><T126/><D126/><U0/><E0/><V105/><F105/><W130/><G76/><T32/><D32/><U36/><E36/><V64/><F86/><W2/><G84/><N who="0" m="52359" /><D43/><U42/><E42/><RYUUKYOKU ba="0,0" sc="208,15,210,15,330,-15,252,-15" hai0="9,15,16,21,22,23,49,51,56,57" hai1="26,30,44,45,50,53,58,92,94,95" /><INIT seed="5,1,0,1,0,35" ten="223,225,315,237" oya="1" hai0="54,24,53,111,135,121,85,90,115,25,34,127,29" hai1="38,134,16,52,40,32,73,129,28,93,55,101,67" hai2="116,64,49,122,60,39,31,100,57,132,66,59,21" hai3="23,5,27,62,41,37,76,8,77,126,83,110,89"/><U11/><E73/><V12/><F39/><W114/><G110/><T50/><D111/><U30/><E134/><V17/><F122/><W58/><G114/><T81/><D121/><U107/><E107/><V15/><F116/><W120/><G120/><T42/><D115/><U10/><E129/><V22/><F132/><W131/><G126/><T43/><D127/><U6/><E67/><V68/><F100/><W118/><G131/><T7/><D135/><U91/><E101/><V70/><F49/><W44/><G118/><T103/><D103/><U4/><E40/><V97/><F97/><W96/><G96/><T98/><D98/><N who="1" m="57663" /><E38/><V87/><F87/><W128/><G128/><T14/><D25/><U94/><E94/><V119/><F119/><W86/><G62/><T20/><D53/><N who="1" m="20555" /><E32/><V9/><F68/><W19/><G58/><N who="0" m="33111" /><D34/><U33/><E33/><V113/><F113/><W2/><AGARI ba="1,0" hai="2,5,8,19,23,27,37,41,44,76,77,83,86,89" machi="2" ten="20,2700,0" yaku="0,1,7,1,52,1" doraHai="35" who="3" fromWho="3" sc="223,-8,225,-14,315,-8,237,30" /><INIT seed="6,0,0,1,2,10" ten="215,211,307,267" oya="2" hai0="72,53,37,112,107,119,40,33,58,117,84,36,135" hai1="83,4,111,114,113,52,39,48,34,54,102,129,106" hai2="122,110,49,134,81,131,94,22,82,91,93,30,5" hai3="103,123,101,65,20,19,16,17,15,28,124,29,85"/><V78/><F122/><W12/><G123/><T8/><D107/><U63/><E111/><V25/><F110/><W104/><G124/><T130/><D112/><N who="1" m="43115" /><E129/><V6/><F131/><W127/><G127/><T116/><D130/><U118/><E118/><V41/><F134/><W97/><G65/><T46/><D135/><U132/><E34/><V96/><F93/><W26/><G85/><T75/><D33/><U76/><E132/><V92/><F92/><W125/><G125/><T128/><D128/><U13/><E39/><V90/><F78/><W79/><G79/><T68/><D68/><U44/><E102/><N who="3" m="38922" /><G104/><T69/><D69/><U24/><E24/><V3/><F3/><W71/><G71/><T80/><D8/><N who="1" m="4231" /><E106/><V0/><F0/><W45/><G45/><T1/><D1/><U77/><E83/><N who="2" m="31755" /><F91/><W105/><G105/><T126/><D36/><U64/><E54/><V99/><F99/><W50/><G97/><T89/><REACH who="0" step="1"/><D126/><REACH who="0" step="2"/><U43/><E43/><V66/><F66/><W74/><G74/><T62/><AGARI ba="0,1" hai="37,40,46,53,58,62,72,75,80,84,89,116,117,119" machi="62" ten="30,7900,0" yaku="1,1,2,1,0,1,12,1,53,0" doraHai="10" doraHaiUra="7" who="0" fromWho="0" sc="205,89,211,-20,307,-39,267,-20" /><INIT seed="7,0,0,1,3,32" ten="294,191,268,247" oya="3" hai0="67,117,73,70,113,89,130,50,27,125,57,99,84" hai1="28,49,66,86,52,51,129,16,79,41,81,11,25" hai2="92,1,112,47,71,94,98,72,61,15,126,109,132" hai3="123,40,131,33,76,34,95,29,6,133,88,62,75"/><W91/><G123/><T18/><D117/><U124/><E129/><V114/><F72/><W12/><G131/><T45/><D73/><U64/><E124/><V53/><F109/><W108/><G108/><T8/><D130/><U102/><E102/><V30/><F126/><W93/><G133/><T85/><D125/><U9/><E41/><V135/><F30/><W55/><G40/><T63/><D70/><U54/><E51/><N who="2" m="28927" /><F15/><W17/><G6/><T134/><D134/><N who="2" m="51242" /><F1/><W5/><G5/><T4/><D113/><N who="2" m="43626" /><F98/><W59/><G75/><T68/><D27/><U13/><E11/><V96/><F96/><W43/><G76/><T100/><D18/><U31/><E31/><V110/><F110/><W10/><G29/><T127/><D127/><U20/><REACH who="1" step="1"/><E54/><REACH who="1" step="2"/><V37/><F37/><W97/><REACH who="3" step="1"/><G43/><REACH who="3" step="2"/><T128/><D128/><U38/><E38/><V46/><F46/><AGARI ba="0,2" hai="9,13,16,20,25,28,46,49,52,64,66,79,81,86" machi="46" ten="30,8000,1" yaku="1,1,7,1,8,1,54,2,53,0" doraHai="32" doraHaiUra="104" who="1" fromWho="2" sc="294,0,181,100,268,-80,237,0" /><INIT seed="8,0,0,2,1,72" ten="294,281,188,237" oya="0" hai0="106,127,9,135,121,63,96,49,114,99,25,43,88" hai1="58,83,26,1,33,29,34,104,66,90,68,87,32" hai2="54,14,110,52,31,8,22,111,47,62,39,74,57" hai3="18,103,94,50,69,11,53,2,59,45,67,56,119"/><T81/><D121/><U44/><E1/><V132/><F74/><W55/><G119/><T123/><D123/><U79/><E104/><V100/><F132/><W84/><G69/><T126/><D114/><U28/><E68/><V3/><F3/><W93/><G67/><T113/><D113/><U112/><E112/><V129/><F129/><W65/><G65/><T122/><D122/><U35/><E44/><V40/><F100/><W60/><G2/><T46/><D135/><U71/><E71/><V70/><F70/><W91/><G11/><T48/><D48/><U98/><E29/><V109/><F54/><W128/><G128/><T124/><D106/><U16/><E16/><V38/><F38/><W5/><G5/><T85/><D9/><U82/><E98/><N who="0" m="37417" /><D25/><U134/><E134/><V131/><F131/><W73/><G73/><T105/><D105/><U27/><E27/><V10/><REACH who="2" step="1"/><F14/><REACH who="2" step="2"/><W37/><G37/><T95/><D63/><U116/><E116/><V7/><F7/><W117/><G117/><T20/><D20/><U101/><E101/><V30/><F30/><W86/><G103/><T115/><D115/><U77/><E66/><V51/><F51/><W42/><G18/><T92/><AGARI ba="0,1" hai="43,46,49,81,85,88,92,95,124,126,127" m="37417" machi="92" ten="40,3900,0" yaku="18,1,54,1" doraHai="72" who="0" fromWho="0" sc="294,49,281,-13,178,-13,237,-13" owari="343,44,268,7,165,-33,224,-18" /></mjloggm>