<mjloggm ver="2.3"><GO type="41"/><UN n0="%E4%BB%8A%E6%97%A5%E4%B8%80" n1="%EF%BC%88%E2%89%A7%E2%96%BD%E2%89%A6%EF%BC%89" n2="%E3%81%B8%E3%81%A1%E3%83%9E%E3%82%A4%E3%82%B9%E3%82%BF%E3%83%BC" n3="%E3%82%82%E3%81%A3%E3%81%97%E3%83%BC" dan="15,15,14,15" rate="1985,2023,1967,1964" sx="M,M,M,M"/><TAIKYOKU oya="0"/><INIT seed="0,0,0,3,1,121" ten="250,250,250,250" oya="0" hai0="47,70,50,84,74,132,80,81,73,88,23,39,95" hai1="44,117,69,4,78,109,38,94,129,119,10,100,7" hai2="116,24,18,29,15,79,105,64,9,92,53,58,49" hai3="36,62,72,32,2,85,101,51,86,68,27,120,61"/><T5/><D70/><U87/><E69/><V82/><F105/><W54/><G72/><T90/><D39/><U110/><E129/><V93/><F64/><W131/><G2/><T123/><D5/><U3/><E7/><V21/><REACH who="2" step="1"/><F116/><REACH who="2" ten="250,250,240,250" step="2"/><W99/><G120/><T31/><D123/><U125/><E119/><V37/><F37/><W59/><G36/><T46/><D132/><U113/><E117/><V75/><AGARI ba="0,1" hai="9,15,18,21,24,29,49,53,58,75,79,82,92,93" machi="75" ten="20,5200,0" yaku="1,1,0,1,7,1,53,1" doraHai="121" doraHaiUra="25" who="2" fromWho="2" sc="250,-26,250,-13,240,62,250,-13" /><INIT seed="1,0,0,5,1,57" ten="224,237,302,237" oya="1" hai0="9,97,126,81,23,108,11,75,104,54,15,17,19" hai1="38,118,99,113,131,16,10,35,94,89,31,49,112" hai2="3,121,44,130,132,122,92,32,13,4,133,129,34" hai3="28,71,65,124,107,73,51,29,115,96,111,30,86"/><U25/><E118/><V69/><F69/><W102/><G115/><T12/><D108/><U56/><E38/><V50/><F92/><W87/><G73/><T43/><D126/><U64/><E131/><N who="2" m="50187" /><F50/><W55/><G111/><T39/><D54/><U101/><E101/><V59/><F59/><W88/><G124/><T8/><D43/><U1/><E1/><V20/><F44/><W37/><G37/><T46/><D46/><U117/><E117/><V22/><F3/><W18/><G18/><T33/><D39/><U74/><E74/><V27/><F4/><W5/><G5/><T80/><D33/><N who="2" m="12906" /><F13/><W63/><REACH who="3" step="1"/><G88/><REACH who="3" ten="224,237,302,227" step="2"/><T120/><D75/><U106/><E106/><V82/><F121/><W52/><G52/><T93/><D120/><U42/><E42/><V114/><F122/><W91/><G91/><T36/><D36/><U68/><E112/><V66/><F114/><W134/><G134/><N who="2" m="51817" /><F66/><W58/><AGARI ba="0,1" hai="28,29,30,51,55,58,63,65,71,86,87,96,102,107" machi="58" ten="30,4000,0" yaku="1,1,0,1,52,1,53,0" doraHai="57" doraHaiUra="105" who="3" fromWho="3" sc="224,-10,237,-20,302,-10,227,50" /><INIT seed="2,0,0,5,3,18" ten="214,217,292,277" oya="2" hai0="101,84,37,86,122,117,66,91,3,34,26,75,130" hai1="36,93,71,82,23,20,61,44,99,35,124,31,52" hai2="80,22,76,57,58,97,128,113,83,49,119,11,53" hai3="51,14,133,107,21,10,90,127,103,132,78,102,60"/><V73/><F119/><W5/><G78/><T43/><D117/><U104/><E124/><V96/><F113/><W120/><G120/><T62/><D75/><U105/><E35/><V30/><F128/><W63/><G127/><T112/><D122/><U94/><E36/><V40/><F40/><W39/><G39/><T69/><D130/><U85/><E71/><V33/><F33/><W6/><G90/><T64/><D3/><U55/><E105/><V45/><F11/><W65/><G107/><T1/><D1/><U8/><E104/><V12/><F83/><W98/><G98/><T135/><D112/><U29/><E8/><V116/><F116/><W72/><G72/><T4/><D4/><U27/><E44/><V41/><F58/><W121/><G121/><T77/><D101/><N who="3" m="38409" /><G5/><T109/><D66/><U110/><E110/><V42/><F42/><W59/><G63/><T92/><D77/><N who="1" m="46287" /><E61/><V79/><F79/><W134/><G51/><T88/><D109/><U9/><E9/><V115/><F115/><W28/><G28/><T19/><D34/><U24/><E94/><V47/><F47/><W114/><G114/><T118/><D118/><U17/><E31/><V54/><F53/><W13/><G10/><T123/><D123/><U68/><E68/><V15/><F15/><W46/><G46/><T125/><D125/><U25/><E27/><N who="2" m="16759" /><F12/><N who="3" m="4715" /><G6/><T108/><D37/><U95/><E95/><V2/><F2/><W32/><G32/><T131/><D108/><U70/><E70/><V126/><F126/><W100/><G100/><AGARI ba="0,0" hai="17,20,23,24,25,29,52,55,93,99,100" m="46287" machi="100" ten="30,7700,0" yaku="8,1,52,2,54,1" doraHai="18" who="1" fromWho="3" sc="214,0,217,77,292,0,277,-77" /><INIT seed="3,0,0,4,3,43" ten="214,294,292,200" oya="3" hai0="57,91,121,6,40,80,60,116,73,84,79,56,22" hai1="67,112,102,72,49,27,44,34,130,88,127,103,122" hai2="32,2,20,110,111,135,38,65,124,53,51,74,93" hai3="0,94,52,14,47,7,26,100,45,59,25,131,129"/><W39/><G0/><T82/><D121/><U105/><E122/><V106/><F74/><W58/><G39/><T92/><D116/><U71/><E72/><V89/><F106/><W9/><G100/><T37/><D6/><U66/><E112/><V128/><F32/><W85/><G85/><T109/><D109/><N who="2" m="41482" /><F38/><W87/><G87/><T83/><D22/><U90/><E130/><N who="3" m="49674" /><G94/><T21/><D21/><U81/><E127/><V104/><F128/><W117/><G117/><T23/><D23/><U70/><E70/><V107/><F124/><W95/><G95/><T99/><D57/><N who="3" m="21513" /><G52/><T78/><D40/><N who="1" m="24711" /><E105/><V115/><F115/><W113/><G113/><T86/><D37/><U62/><E81/><V123/><F2/><W24/><AGARI ba="0,0" hai="7,9,14,24,25,26,45,47" m="21513,49674" machi="24" ten="40,7800,0" yaku="19,1,52,2" doraHai="43" who="3" fromWho="3" sc="214,-26,294,-26,292,-26,200,78" /><INIT seed="3,1,0,3,3,24" ten="188,268,266,278" oya="3" hai0="128,126,67,89,4,123,41,77,31,8,46,37,96" hai1="33,72,71,75,73,6,43,2,9,81,19,84,97" hai2="47,30,95,11,124,32,21,15,59,121,16,13,65" hai3="18,52,111,91,29,74,64,86,88,76,127,60,116"/><W20/><G116/><T80/><D123/><U70/><E33/><V69/><F69/><W85/><G74/><T117/><D117/><U38/><E97/><V105/><F105/><W79/><G127/><T17/><D126/><U112/><E112/><V34/><F121/><W103/><G103/><T26/><D128/><U120/><E120/><V35/><F124/><W110/><G52/><T57/><D17/><U118/><E118/><V107/><F107/><W135/><G135/><T78/><D67/><U25/><E25/><V100/><F47/><W87/><G29/><T129/><D129/><U40/><E19/><V99/><F65/><W51/><G51/><T48/><D57/><U44/><REACH who="1" step="1"/><E40/><REACH who="1" ten="188,258,266,278" step="2"/><V134/><F134/><W104/><G18/><T5/><D96/><U98/><E98/><V106/><F100/><W133/><G104/><T114/><D114/><U115/><E115/><V109/><F106/><W23/><G133/><T122/><D122/><U132/><E132/><V101/><F99/><W61/><G64/><T3/><D5/><U119/><E119/><V66/><F101/><W7/><G85/><T93/><D26/><U68/><E68/><V49/><F34/><W42/><G42/><T113/><D41/><U36/><E36/><V83/><F35/><W56/><G7/><T125/><D37/><U0/><E0/><V45/><F32/><W39/><G39/><T50/><D113/><U27/><E27/><V108/><F16/><W22/><G87/><T55/><D125/><U82/><E82/><V54/><F13/><W102/><G102/><T12/><D3/><RYUUKYOKU ba="1,1" sc="188,-10,258,30,266,-10,278,-10" hai1="2,6,9,38,43,44,70,71,72,73,75,81,84" /><INIT seed="4,2,1,5,3,115" ten="178,288,256,268" oya="0" hai0="28,62,32,79,14,110,122,25,9,131,100,116,60" hai1="13,46,38,125,90,117,82,4,44,56,95,98,41" hai2="126,129,55,63,132,83,7,105,124,92,94,119,109" hai3="77,66,21,120,108,3,29,10,52,70,73,58,84"/><T103/><D122/><U128/><E125/><V45/><F105/><W112/><G108/><T42/><D110/><U127/><E127/><N who="2" m="48683" /><F109/><W76/><G73/><T101/><D131/><U24/><E128/><V67/><F129/><W87/><G112/><T17/><D79/><U57/><E117/><V30/><F30/><W26/><G120/><T86/><D86/><U19/><E82/><V88/><F7/><W35/><G70/><T89/><D89/><U40/><E24/><V97/><F132/><W69/><G69/><T106/><D116/><U107/><E4/><V61/><F83/><W39/><G39/><T5/><D106/><U43/><E107/><V16/><F119/><W68/><G68/><T81/><D81/><U71/><E71/><N who="2" m="42479" /><F63/><W20/><G3/><T96/><D96/><U91/><E91/><V64/><F64/><W48/><G66/><T49/><REACH who="0" step="1"/><D5/><REACH who="0" ten="168,288,256,268" step="2"/><U0/><E90/><V27/><F94/><W99/><G77/><T130/><D130/><U118/><E95/><V15/><F97/><W22/><G99/><T72/><D72/><U78/><E98/><V12/><F88/><W93/><G93/><T65/><D65/><U114/><E118/><V80/><F92/><W123/><G76/><T134/><D134/><U18/><E78/><V34/><F80/><W121/><G121/><T135/><D135/><U133/><E114/><V75/><F75/><W36/><G123/><T50/><D50/><U8/><E133/><V23/><F34/><W6/><G36/><T11/><D11/><U37/><E38/><V31/><F31/><W111/><G111/><RYUUKYOKU ba="2,2" sc="168,10,288,-30,256,10,268,10" hai0="9,14,17,25,28,32,42,49,60,62,100,101,103" hai2="12,15,16,23,27,45,55" hai3="6,10,20,21,22,26,29,35,48,52,58,84,87" /><INIT seed="4,3,2,1,5,11" ten="178,258,266,278" oya="0" hai0="105,39,33,78,50,61,82,79,86,5,126,37,19" hai1="47,113,124,26,40,30,63,10,56,6,103,104,83" hai2="52,20,66,42,46,92,135,127,117,4,53,60,45" hai3="131,1,75,14,64,76,65,99,93,34,100,54,27"/><T128/><D105/><U125/><E113/><V133/><F117/><W108/><G108/><T120/><D120/><U116/><E116/><V67/><F4/><W98/><G1/><T91/><D128/><U12/><E83/><V29/><F92/><W13/><G131/><T22/><D33/><U74/><E74/><V58/><F20/><W21/><G34/><T97/><D126/><N who="1" m="48747" /><E104/><V7/><F7/><W16/><G75/><T110/><D110/><U69/><E103/><V18/><F18/><W68/><G68/><T44/><D5/><U130/><E69/><V84/><F84/><W49/><G76/><T95/><D61/><U90/><E90/><V55/><F29/><W109/><G99/><T43/><REACH who="0" step="1"/><D79/><REACH who="0" ten="168,258,266,278" step="2"/><U121/><E130/><V102/><F127/><W38/><G109/><T89/><D89/><U112/><E121/><V2/><F102/><W3/><G3/><T57/><D57/><U17/><E112/><V51/><F2/><W77/><G77/><T71/><D71/><U41/><E6/><V80/><F80/><W111/><G111/><T8/><D8/><U36/><E56/><N who="2" m="37127" /><F67/><N who="3" m="25675" /><G38/><T129/><D129/><U101/><E101/><V0/><F0/><W15/><G49/><T35/><D35/><N who="1" m="20951" /><E63/><N who="2" m="36295" /><F53/><AGARI ba="3,3" hai="13,14,15,16,21,27,53,54,93,98,100" m="25675" machi="53" ten="30,8000,1" yaku="8,1,52,3,54,1" doraHai="11" who="3" fromWho="2" sc="168,0,258,0,266,-89,278,119" /><INIT seed="5,0,0,2,3,135" ten="168,258,177,397" oya="1" hai0="124,20,32,50,115,86,120,58,47,43,134,36,85" hai1="87,22,40,111,84,96,89,91,130,18,37,8,26" hai2="78,81,129,97,28,52,61,107,11,21,73,114,69" hai3="74,126,110,38,12,56,5,105,82,27,104,53,102"/><U3/><E130/><V19/><F114/><W131/><G110/><T72/><D32/><U30/><E111/><V113/><F113/><W6/><G38/><T14/><D72/><U93/><E3/><V25/><F129/><W0/><G0/><T123/><D115/><U67/><E67/><V29/><F11/><W51/><G131/><T99/><D134/><U119/><E119/><V128/><F128/><W54/><G27/><T112/><D112/><U59/><E59/><V106/><F106/><W108/><G108/><T132/><D132/><U83/><E37/><V133/><F133/><W76/><G102/><T45/><D124/><U125/><E40/><V101/><REACH who="2" step="1"/><F69/><REACH who="2" ten="168,258,167,397" step="2"/><W1/><G105/><T98/><D123/><U15/><REACH who="1" step="1"/><E125/><REACH who="1" ten="168,248,167,397" step="2"/><V39/><F39/><W9/><G126/><T68/><D36/><U122/><E122/><V46/><F46/><W49/><G56/><AGARI ba="0,2" hai="19,21,25,28,29,52,56,61,73,78,81,97,101,107" machi="56" ten="40,5200,0" yaku="1,1,54,1,53,1" doraHai="135" doraHaiUra="79" who="2" fromWho="3" sc="168,0,248,0,167,72,397,-52" /><INIT seed="6,0,0,3,0,41" ten="168,248,239,345" oya="2" hai0="98,31,67,27,6,122,117,23,81,82,19,66,26" hai1="133,73,25,4,37,39,22,29,86,32,84,101,132" hai2="35,60,77,55,128,89,76,8,119,13,52,92,36" hai3="15,3,50,57,80,124,16,62,2,87,85,71,10"/><V54/><F119/><W51/><G71/><T109/><D122/><U33/><E73/><V18/><F35/><N who="1" m="13385" /><E101/><V127/><F36/><N who="1" m="13897" /><E4/><V11/><F128/><W83/><G124/><T110/><D117/><U34/><E34/><V115/><F127/><W59/><G3/><T93/><D6/><U40/><E40/><V130/><F115/><W131/><G2/><T56/><D109/><U102/><E102/><V64/><F130/><W61/><G131/><T12/><D110/><U63/><E63/><N who="3" m="24074" /><G59/><T9/><D27/><U106/><E106/><V28/><F28/><W112/><G112/><T129/><D129/><U78/><E78/><V88/><F11/><W125/><G125/><T79/><D56/><U123/><E123/><V65/><F89/><N who="3" m="51367" /><G57/><T68/><D68/><U69/><E69/><V74/><F74/><W90/><AGARI ba="0,0" hai="10,15,16,50,51,83,87,90" m="51367,24074" machi="90" ten="30,2000,0" yaku="8,1,54,1" doraHai="41" who="3" fromWho="3" sc="168,-5,248,-5,239,-10,345,20" /><INIT seed="7,0,0,1,5,8" ten="163,243,229,365" oya="3" hai0="135,124,68,43,36,117,100,90,122,107,108,115,40" hai1="119,74,101,103,17,58,38,13,84,63,96,44,133" hai2="105,85,26,70,62,41,78,22,79,21,60,1,86" hai3="129,6,127,87,32,46,120,15,72,10,94,75,53"/><W89/><G120/><T111/><RYUUKYOKU type="yao9" ba="0,0" sc="163,0,243,0,229,0,365,0" hai0="36,40,43,68,90,100,107,108,111,115,117,122,124,135" /><INIT seed="7,1,0,1,5,26" ten="163,243,229,365" oya="3" hai0="82,80,64,12,2,123,85,30,59,104,3,37,68" hai1="47,1,91,84,83,134,10,25,51,106,32,15,23" hai2="4,61,33,73,45,74,88,31,87,67,62,120,116" hai3="0,35,48,28,36,94,52,41,5,22,122,69,66"/><W100/><G35/><T98/><D123/><U93/><E106/><V115/><F116/><W44/><G5/><T9/><D37/><U43/><E134/><V109/><F109/><W46/><G0/><T92/><D68/><U11/><E1/><V108/><F108/><W103/><G69/><T54/><D104/><U119/><E119/><V128/><F4/><W50/><G66/><T79/><D64/><U133/><E133/><V125/><F115/><W90/><G36/><T17/><D82/><U65/><E65/><V56/><F125/><W13/><G122/><T107/><D107/><U19/><E32/><V49/><F120/><W27/><G13/><T135/><D135/><U39/><E39/><V7/><F62/><W97/><AGARI ba="1,0" hai="22,27,28,41,44,46,48,50,52,90,94,97,100,103" machi="97" ten="20,12000,1" yaku="0,1,7,1,8,1,52,1,54,1" doraHai="26" who="3" fromWho="3" sc="163,-41,243,-41,229,-41,365,123" owari="122,-38.0,202,0.0,188,-21.0,488,59.0" /></mjloggm>