<mjloggm ver="2.3"><GO type="97"/><UN n0="%E3%82%A6%E3%83%AB%E3%83%88%E3%83%A9%E7%AB%8B%E7%9B%B4" n1="%E6%B0%B4%E5%86%85%E9%AD%9A%E6%9D%A5%E9%A6%99" n2="%6C%6F%74%74%65%33%33" n3="%4D%41%53%41%E2%99%AA" dan="15,14,13,14" rate="1940,1941,1821,1970" sx="M,F,M,F"/><TAIKYOKU oya="0"/><INIT seed="0,0,0,3,5,65" ten="250,250,250,250" oya="0" hai0="129,44,131,113,23,15,106,133,3,5,78,94,69" hai1="128,42,14,91,89,86,32,34,58,13,87,40,111" hai2="7,73,18,17,22,12,64,54,75,11,57,92,124" hai3="110,29,107,102,41,114,61,43,33,76,31,127,4"/><T95/><D113/><U35/><E58/><V74/><F124/><W96/><G114/><T60/><D106/><U56/><E56/><V10/><F64/><W99/><G127/><T83/><D133/><U79/><E79/><V100/><F100/><W130/><G130/><N who="0" m="49675" /><D3/><U55/><E55/><V28/><F28/><W47/><G99/><T84/><D44/><U66/><E128/><V8/><F92/><W72/><G4/><T115/><D115/><U36/><E66/><V53/><F54/><W30/><G110/><T98/><D60/><U51/><E51/><V45/><F45/><W46/><G61/><T126/><D126/><U48/><E48/><V112/><F112/><W71/><G71/><T25/><D98/><U132/><E132/><V62/><REACH who="2" step="1"/><F17/><REACH who="2" ten="250,250,240,250" step="2"/><W93/><G33/><T24/><D94/><U68/><E34/><V101/><F101/><W37/><G93/><T20/><D95/><U116/><E111/><V119/><F119/><W70/><G29/><T134/><D134/><U120/><E116/><V88/><F88/><W52/><G30/><T26/><D69/><U21/><E68/><V105/><F105/><W117/><G70/><T2/><D2/><AGARI ba="0,1" hai="2,7,8,10,11,12,18,22,53,57,62,73,74,75" machi="2" ten="40,1300,0" yaku="1,1,53,0" doraHai="65" doraHaiUra="103" who="2" fromWho="0" sc="250,-13,250,0,240,23,250,0" /><INIT seed="1,0,0,2,3,45" ten="237,250,263,250" oya="1" hai0="6,50,35,102,107,100,60,31,37,65,119,90,61" hai1="23,73,14,133,81,113,64,129,87,117,101,26,135" hai2="21,30,99,7,88,10,112,125,134,59,118,13,25" hai3="104,40,86,69,80,123,62,9,109,46,12,111,84"/><U108/><E113/><V8/><F118/><W83/><G104/><T67/><D37/><U53/><E117/><V11/><F112/><W82/><G69/><T122/><D119/><U36/><E73/><V92/><F134/><N who="1" m="51209" /><E129/><V5/><F125/><W43/><G62/><T74/><D74/><U77/><E64/><V55/><F7/><W97/><G97/><T3/><D122/><U105/><E36/><V116/><F116/><W126/><G123/><T68/><D6/><U4/><E108/><N who="3" m="41546" /><G126/><T131/><D3/><U2/><E2/><V130/><F130/><W39/><G43/><T98/><D131/><U71/><E71/><V114/><F114/><W17/><AGARI ba="0,0" hai="9,12,17,39,40,46,80,82,83,84,86" m="41546" machi="17" ten="30,1100,0" yaku="14,1" doraHai="45" who="3" fromWho="3" sc="237,-3,250,-5,263,-3,250,11" /><INIT seed="2,0,0,1,1,51" ten="234,245,260,261" oya="2" hai0="63,74,56,67,30,46,81,66,57,86,90,31,79" hai1="29,37,14,34,101,73,7,28,110,123,82,10,33" hai2="4,15,104,60,24,113,75,80,40,69,3,44,21" hai3="78,77,65,52,1,116,135,0,38,8,36,89,132"/><V22/><F104/><W23/><G65/><T120/><D120/><U27/><E37/><N who="3" m="14442" /><G116/><T41/><D57/><U68/><E68/><V88/><F113/><W126/><G23/><T39/><REACH who="0" step="1"/><D66/><REACH who="0" ten="224,245,260,261" step="2"/><U83/><E123/><V61/><F69/><W85/><G126/><T43/><D43/><U19/><E110/><V11/><F40/><W13/><G0/><T115/><D115/><U112/><E112/><V102/><F3/><W117/><G1/><T72/><D72/><U91/><E73/><V35/><F44/><W125/><G125/><T94/><AGARI ba="0,1" hai="30,31,39,41,46,56,63,67,74,79,81,86,90,94" machi="94" ten="20,2700,0" yaku="1,1,0,1,7,1,53,0" doraHai="51" doraHaiUra="20" who="0" fromWho="0" sc="224,37,245,-7,260,-13,261,-7" /><INIT seed="3,0,0,3,4,3" ten="261,238,247,254" oya="3" hai0="72,46,129,90,9,105,87,6,82,99,121,55,101" hai1="92,103,111,68,53,5,40,119,1,11,25,49,70" hai2="10,73,26,98,8,117,83,112,86,108,109,37,67" hai3="107,79,74,17,18,135,97,122,80,116,0,2,114"/><W15/><G122/><T69/><D69/><U95/><E40/><V91/><F37/><W32/><G116/><T85/><D121/><U76/><E119/><V127/><F117/><W42/><G114/><T94/><D129/><U60/><E111/><N who="2" m="42571" /><F112/><W134/><G32/><T124/><D124/><U61/><E76/><N who="2" m="44431" /><F127/><W133/><G42/><T93/><D46/><U71/><E25/><V14/><F26/><W29/><G29/><T125/><D125/><U31/><E31/><V78/><F67/><W13/><G97/><T38/><D38/><U132/><E132/><V16/><F98/><W20/><REACH who="3" step="1"/><G107/><REACH who="3" ten="261,238,247,244" step="2"/><T19/><D105/><U41/><E41/><V113/><F113/><W39/><G39/><T115/><D115/><U28/><E28/><V21/><F78/><W128/><G128/><T62/><D99/><U33/><E33/><V34/><F34/><W126/><G126/><T77/><D87/><U24/><E103/><V75/><F75/><W81/><G81/><AGARI ba="0,1" hai="8,10,14,16,21,81,86,91" m="44431,42571" machi="81" ten="30,2000,0" yaku="14,1,54,1" doraHai="3" who="2" fromWho="3" sc="261,0,238,0,247,30,244,-20" /><INIT seed="4,0,0,5,4,86" ten="261,238,277,224" oya="0" hai0="114,55,64,16,23,111,91,77,118,67,44,87,40" hai1="70,89,133,134,71,75,108,50,96,59,32,119,84" hai2="79,93,58,104,69,98,112,43,20,78,38,129,48" hai3="45,30,66,103,120,9,2,72,13,19,76,60,107"/><T109/><D77/><U49/><E108/><N who="0" m="41545" /><D55/><U130/><E119/><V127/><F69/><W85/><G120/><T74/><D74/><U14/><E32/><V57/><F38/><W28/><G72/><T8/><D8/><U63/><E75/><V12/><F104/><W68/><G2/><T123/><D123/><U97/><E14/><V29/><F112/><W0/><G0/><T99/><D99/><N who="1" m="37963" /><E71/><V41/><F129/><W5/><G103/><T46/><D114/><U7/><E70/><V92/><F127/><W36/><G107/><T88/><D118/><U82/><E7/><V37/><F37/><W47/><G5/><T27/><D91/><U54/><E130/><V125/><F125/><W22/><G9/><T122/><D122/><U132/><AGARI ba="0,0" hai="49,50,54,59,63,82,84,89,132,133,134" m="37963" machi="132" ten="40,2700,0" yaku="20,1,52,1" doraHai="86" who="1" fromWho="1" sc="261,-13,238,27,277,-7,224,-7" /><INIT seed="5,0,0,4,2,17" ten="248,265,270,217" oya="1" hai0="91,114,43,3,4,40,85,93,115,73,89,15,68" hai1="97,56,16,58,30,131,106,26,7,46,78,86,37" hai2="60,22,50,124,36,100,63,10,130,34,57,92,126" hai3="108,8,25,35,104,19,31,134,32,125,96,95,82"/><U103/><E131/><V21/><F34/><W71/><G108/><T120/><D3/><U83/><E7/><V27/><F36/><W52/><G71/><T135/><D73/><U99/><E99/><N who="2" m="59495" /><F130/><W110/><G104/><T67/><D120/><U111/><E111/><V53/><F27/><W117/><G110/><T123/><D123/><U132/><E132/><V122/><F10/><W62/><G134/><T81/><D135/><U54/><E16/><V127/><F122/><W118/><G125/><N who="2" m="32001" /><V79/><DORA hai="33" /><F79/><W29/><G82/><T70/><D15/><U5/><E5/><V88/><F88/><N who="3" m="55399" /><G8/><T66/><D4/><U77/><E77/><V76/><F76/><W18/><G31/><T112/><D68/><U55/><E37/><V1/><F1/><W90/><G90/><T61/><D67/><U20/><REACH who="1" step="1"/><E46/><REACH who="1" ten="248,255,270,217" step="2"/><N who="2" m="27863" /><F63/><W59/><G35/><T75/><D75/><U9/><E9/><V133/><F133/><W38/><G38/><T48/><D48/><U44/><E44/><V45/><F45/><W24/><G18/><T72/><D72/><U64/><E64/><AGARI ba="0,1" hai="21,22,57,60,64" m="27863,32001,59495" machi="64" ten="40,5200,0" yaku="18,1,52,2" doraHai="17,33" who="2" fromWho="1" sc="248,0,255,-52,270,62,217,0" owari="248,5.0,203,-30.0,332,43.0,217,-18.0" /></mjloggm>