<mjloggm ver="2.3"><GO type="169"/><UN n0="%EF%BC%88%E2%89%A7%E2%96%BD%E2%89%A6%EF%BC%89" n1="%E3%83%9A%E3%83%81%E3%83%A7%E3%83%BC%E3%83%AA%E3%83%B3" n2="%E3%81%94%E3%81%98%E3%82%83%E3%82%8B" n3="%E3%81%AA%E3%81%AA%E2%98%86%E3%81%A0%E3%81%BE%EF%BC%A2" dan="18,18,16,16" rate="2228,2217,2098,2026" sx="M,M,M,M"/><TAIKYOKU oya="0"/><INIT seed="0,0,0,0,2,63" ten="250,250,250,250" oya="0" hai0="86,81,134,20,124,72,123,30,27,131,25,105,95" hai1="106,119,84,2,112,37,33,65,69,73,77,55,68" hai2="115,135,22,108,96,88,46,26,47,80,64,57,15" hai3="121,34,12,51,13,83,127,94,43,116,118,76,41"/><T29/><D123/><U23/><E23/><V129/><F115/><W16/><G34/><T91/><D105/><U92/><E92/><N who="2" m="56327" /><F135/><W48/><G121/><T90/><D134/><U89/><E55/><V38/><F38/><W35/><G35/><T122/><D122/><U50/><E50/><V66/><F108/><W128/><G128/><T114/><D124/><U8/><E8/><V109/><F109/><W31/><G31/><T60/><D114/><U54/><E89/><V79/><F15/><W85/><G127/><T62/><D131/><U113/><E54/><V61/><F129/><W78/><G94/><T53/><D53/><U49/><E84/><N who="2" m="48159" /><F66/><W40/><G78/><T87/><REACH who="0" step="1"/><D72/><REACH who="0" ten="240,250,250,250" step="2"/><U125/><E73/><V10/><F10/><W103/><G116/><T59/><D59/><U32/><E119/><V70/><F70/><W75/><G118/><T19/><D19/><AGARI ba="0,1" hai="19,22,26,46,47,57,61,64" m="48159,56327" machi="19" ten="30,3900,0" yaku="8,1,52,1,54,1" doraHai="63" who="2" fromWho="0" sc="240,-39,250,0,250,49,250,0" /><INIT seed="1,0,0,5,5,74" ten="201,250,299,250" oya="1" hai0="70,128,8,45,116,11,122,104,72,14,1,107,86" hai1="55,34,0,56,31,94,47,129,17,98,26,29,63" hai2="33,39,93,53,101,134,92,91,2,43,67,103,117" hai3="48,32,89,69,61,115,58,3,73,90,75,64,71"/><U135/><E0/><V80/><F2/><W52/><G115/><T119/><D72/><U82/><E129/><V41/><F33/><W49/><G3/><T40/><D70/><U36/><E135/><V50/><F67/><W78/><G32/><T110/><D128/><U99/><E99/><V97/><F117/><W22/><G71/><T21/><D110/><U13/><E82/><V113/><F134/><W112/><G112/><T132/><D132/><U6/><E6/><V4/><F4/><W88/><G22/><T18/><D122/><U23/><E34/><V30/><F30/><W68/><G68/><T85/><D116/><U10/><E36/><V120/><F39/><W96/><G96/><T87/><D119/><U108/><E108/><V46/><F120/><W95/><G95/><T84/><N who="0" m="21504" /><DORA hai="79" /><T62/><D62/><U65/><E47/><V105/><F113/><W133/><G133/><T109/><D109/><U125/><E125/><V12/><F105/><W131/><G131/><T111/><D111/><U118/><E118/><V27/><F27/><W24/><G24/><T102/><D1/><U42/><E42/><N who="2" m="15883" /><F12/><W60/><REACH who="3" step="1"/><G73/><REACH who="3" ten="201,250,299,240" step="2"/><T15/><D107/><U77/><E94/><V54/><F93/><W16/><G16/><T25/><D104/><U28/><E98/><V9/><F92/><W35/><G35/><T57/><D14/><U127/><E13/><V59/><F97/><W76/><G76/><T100/><D11/><U130/><E10/><V19/><F9/><W83/><AGARI ba="0,1" hai="48,49,52,58,60,61,64,69,75,78,83,88,89,90" machi="83" ten="30,16000,3" yaku="1,1,0,1,52,2,54,2,53,2" doraHai="74,79" doraHaiUra="124,44" who="3" fromWho="3" sc="201,-40,250,-80,299,-40,240,170" /><INIT seed="2,0,0,1,1,2" ten="161,170,259,410" oya="2" hai0="3,7,84,42,90,64,92,94,60,69,43,1,72" hai1="40,93,118,44,5,82,56,15,10,86,81,53,57" hai2="104,128,20,62,47,0,49,58,54,18,134,91,120" hai3="131,51,102,8,75,96,88,109,41,117,135,111,6"/><V28/><F120/><W130/><G117/><T68/><D72/><U85/><E118/><V19/><F134/><W61/><G75/><T108/><D108/><N who="3" m="41545" /><G61/><T115/><D115/><U13/><E93/><V78/><F104/><N who="3" m="63559" /><G135/><T31/><D31/><U70/><E70/><V99/><F78/><W110/><G110/><T48/><D69/><U121/><E121/><V52/><F0/><N who="3" m="71" /><G88/><T127/><D127/><U55/><E10/><V46/><F128/><W11/><G11/><T125/><D125/><U95/><E95/><N who="2" m="56831" /><F47/><AGARI ba="0,0" hai="41,47,51,130,131" m="71,63559,41545" machi="47" ten="30,2000,0" yaku="14,1,52,1" doraHai="2" who="3" fromWho="2" sc="161,0,170,0,259,-20,410,20" /><INIT seed="3,0,0,4,3,29" ten="161,170,239,430" oya="3" hai0="7,82,103,133,69,20,15,91,52,105,19,25,84" hai1="97,121,73,48,33,38,17,3,96,49,119,120,100" hai2="55,126,67,80,66,53,128,88,77,10,101,42,132" hai3="59,35,21,32,90,47,85,72,56,89,74,63,12"/><W65/><G74/><T13/><D69/><U40/><E3/><V112/><F112/><W124/><G72/><T8/><D133/><U1/><E1/><V106/><F132/><W31/><G124/><T51/><D105/><U2/><E2/><V95/><F126/><W45/><G90/><T26/><REACH who="0" step="1"/><D103/><REACH who="0" ten="151,170,239,430" step="2"/><U57/><E100/><V86/><F106/><W107/><G107/><T27/><D27/><U114/><E120/><V117/><F101/><W43/><G59/><AGARI ba="0,1" hai="7,8,13,15,19,20,25,26,51,52,59,82,84,91" machi="59" ten="30,8000,1" yaku="1,1,7,1,8,1,54,1,53,1" doraHai="29" doraHaiUra="79" who="0" fromWho="3" sc="151,90,170,0,239,0,430,-80" /><INIT seed="4,0,0,2,1,75" ten="241,170,239,350" oya="0" hai0="7,90,2,28,73,25,65,44,27,55,121,60,10" hai1="111,98,64,69,105,14,117,80,114,93,50,1,17" hai2="58,88,62,34,82,79,104,86,97,49,115,87,43" hai3="76,108,9,116,57,84,118,26,56,135,15,8,36"/><T95/><D121/><U29/><E117/><V126/><F34/><W83/><G108/><T128/><D128/><U37/><E37/><V5/><F115/><W39/><G135/><T66/><D73/><U40/><E1/><V12/><F126/><W42/><G118/><T123/><D123/><U133/><E105/><V3/><F3/><W4/><G116/><T112/><D112/><U46/><E111/><V22/><F104/><W19/><G26/><T122/><D122/><U99/><E29/><V59/><F97/><W71/><G71/><T45/><D27/><U21/><E133/><V63/><F43/><W67/><G42/><T134/><D55/><U130/><E130/><V61/><F49/><W129/><G129/><T74/><D74/><U16/><E114/><V31/><F31/><W132/><G132/><T101/><D101/><U125/><E125/><V103/><F103/><W23/><G23/><T30/><D30/><U131/><E69/><V11/><F22/><W0/><REACH who="3" step="1"/><G67/><REACH who="3" ten="241,170,239,340" step="2"/><T124/><D66/><U107/><E64/><V89/><REACH who="2" step="1"/><F79/><REACH who="2" ten="241,170,229,340" step="2"/><W33/><G33/><T92/><D134/><U120/><E21/><V81/><AGARI ba="0,2" hai="5,11,12,58,59,61,62,63,81,82,86,87,88,89" machi="81" ten="30,12000,2" yaku="1,1,2,1,0,1,9,1,8,1,54,1,53,0" doraHai="75" doraHaiUra="127" who="2" fromWho="2" sc="241,-60,170,-30,229,140,340,-30" /><INIT seed="5,0,0,3,0,11" ten="181,140,369,310" oya="1" hai0="7,126,26,21,18,42,61,43,10,86,59,112,120" hai1="24,104,92,32,12,34,87,131,2,94,129,13,133" hai2="110,54,116,115,101,76,17,48,35,121,65,3,84" hai3="58,91,118,99,114,69,88,82,130,75,46,44,39"/><U93/><E2/><V97/><F110/><W6/><G69/><T134/><D126/><U31/><E104/><V81/><F3/><W8/><G114/><T89/><D134/><U108/><E133/><V55/><F35/><N who="1" m="13353" /><E108/><V52/><F116/><W74/><G118/><T106/><D106/><U70/><E70/><V51/><F65/><W83/><G130/><N who="1" m="49674" /><E87/><V68/><F68/><W14/><G58/><T1/><D120/><U119/><E119/><V85/><F115/><W49/><G39/><T127/><D127/><U100/><E100/><V28/><F28/><W37/><G37/><T78/><D78/><U96/><E96/><V63/><F121/><W4/><G49/><T53/><REACH who="0" step="1"/><D112/><REACH who="0" ten="171,140,369,310" step="2"/><U47/><E47/><V29/><F63/><W80/><G46/><T64/><D64/><U36/><E36/><V66/><F66/><W124/><G44/><T111/><D111/><U19/><E19/><V50/><F17/><W107/><G107/><T67/><D67/><U135/><E135/><V122/><F122/><W9/><G124/><T123/><D123/><U90/><E90/><V95/><F29/><W38/><G38/><T105/><D105/><U40/><E40/><V23/><F76/><W77/><G77/><T113/><D113/><U125/><E125/><V22/><F81/><AGARI ba="0,1" hai="1,7,10,18,21,26,42,43,53,59,61,81,86,89" machi="81" ten="30,2000,0" yaku="1,1,7,1,53,0" doraHai="11" doraHaiUra="71" who="0" fromWho="2" sc="171,30,140,0,369,-20,310,0" /><INIT seed="6,0,0,0,1,99" ten="201,140,349,310" oya="2" hai0="134,72,21,93,31,66,58,126,56,10,18,104,16" hai1="59,68,2,26,115,78,52,88,103,113,55,54,3" hai2="101,119,33,129,122,41,106,42,22,102,8,23,89" hai3="50,114,29,62,116,0,61,83,74,117,27,131,13"/><V135/><F33/><W98/><G0/><N who="1" m="42" /><E68/><V94/><F119/><W37/><G131/><T97/><D72/><U90/><E78/><V34/><F34/><W30/><G37/><T133/><D104/><U76/><E76/><V9/><F106/><W64/><G74/><T36/><D36/><U82/><E59/><V132/><F129/><W79/><G79/><T48/><D126/><U45/><E45/><V67/><F67/><W130/><G130/><T20/><D48/><U65/><E65/><V7/><F122/><W120/><G120/><T25/><D66/><U40/><E40/><V60/><F60/><W12/><G83/><T6/><D58/><U70/><E70/><V17/><F7/><W73/><G73/><T95/><D56/><U110/><E110/><V87/><F42/><W15/><G50/><T109/><D109/><U5/><E5/><V85/><F41/><W38/><G98/><T43/><D43/><U86/><E90/><V19/><F94/><N who="0" m="35850" /><D97/><U71/><E26/><V112/><F89/><W51/><G27/><T127/><D127/><U32/><E71/><V128/><F128/><W39/><G64/><T69/><D69/><U46/><E46/><V1/><F1/><W107/><G107/><T80/><D6/><U84/><E32/><V4/><F4/><W57/><G117/><T63/><D63/><U124/><E124/><V81/><F81/><W111/><G62/><T91/><D91/><N who="1" m="51607" /><E103/><V118/><F118/><W28/><G116/><T105/><D80/><N who="1" m="49223" /><E55/><V100/><F100/><W35/><G111/><T75/><D75/><U77/><E77/><RYUUKYOKU ba="0,0" sc="201,-15,140,15,349,15,310,-15" hai1="52,54,113,115" hai2="8,9,17,19,22,23,85,87,101,102,112,132,135" /><INIT seed="6,1,0,1,3,9" ten="186,155,364,295" oya="2" hai0="2,48,134,80,8,124,5,94,10,111,126,83,53" hai1="114,54,52,120,7,51,0,3,95,21,27,116,41" hai2="37,23,70,84,59,93,107,65,89,34,42,19,91" hai3="119,131,12,118,15,18,13,133,88,82,96,17,101"/><V110/><F34/><W76/><G131/><T115/><D111/><U86/><E116/><V85/><F107/><W31/><G133/><T60/><D134/><U130/><E130/><V108/><F70/><W44/><G31/><T36/><D36/><U63/><E120/><V100/><F100/><W47/><G88/><T98/><D60/><U109/><E109/><V129/><F129/><W1/><G1/><T92/><D115/><U79/><E114/><V103/><F103/><W35/><G35/><T50/><D98/><U46/><E7/><V33/><F33/><W72/><G118/><T90/><D90/><N who="1" m="53719" /><E0/><V97/><F37/><W28/><G28/><T66/><D66/><U77/><E3/><V78/><F78/><N who="1" m="29705" /><E63/><V58/><F110/><W29/><G29/><AGARI ba="1,0" hai="21,27,29,41,46,51,52,54" m="29705,53719" machi="29" ten="30,2000,0" yaku="8,1,54,1" doraHai="9" who="1" fromWho="3" sc="186,0,155,23,364,0,295,-23" /><INIT seed="7,0,0,1,4,85" ten="186,178,364,272" oya="3" hai0="79,61,123,45,134,30,131,86,38,13,77,115,4" hai1="15,42,49,95,119,33,6,101,105,99,93,120,64" hai2="116,34,100,26,57,98,36,18,22,106,80,65,103" hai3="69,1,132,67,104,71,41,90,128,7,20,0,70"/><W89/><G104/><T108/><D108/><U32/><E120/><V113/><F36/><W111/><G111/><T28/><D123/><U135/><E135/><V12/><F116/><W73/><G73/><T23/><D134/><U21/><E119/><V83/><F113/><W54/><G132/><T117/><D117/><U31/><E33/><V40/><F40/><W55/><G67/><T66/><D115/><U29/><E32/><V25/><F34/><W124/><G41/><T19/><D131/><U92/><E64/><V10/><F26/><W112/><G20/><T11/><D38/><U107/><E107/><V17/><F103/><W127/><G112/><T56/><D45/><N who="1" m="25783" /><E105/><V94/><F106/><W118/><G118/><T109/><D109/><U91/><E95/><V130/><F130/><W82/><G82/><N who="0" m="47439" /><D79/><U44/><E44/><V9/><F9/><W60/><G60/><AGARI ba="0,0" hai="10,12,17,18,22,25,57,60,65,80,83,94,98,100" machi="60" ten="40,1300,0" yaku="8,1" doraHai="85" who="2" fromWho="3" sc="186,0,178,0,364,13,272,-13" owari="186,-21.0,178,-32.0,377,47.0,259,6.0" /></mjloggm>