<mjloggm ver="2.3"><GO type="41"/><UN n0="%53%2E%47" n1="%EF%BC%88%E2%89%A7%E2%96%BD%E2%89%A6%EF%BC%89" n2="%E3%81%86%E3%81%A9%E3%82%93%E3%81%97" n3="%E6%9D%B1%E5%A4%A7%E7%90%86%E2%85%A2" dan="13,13,13,14" rate="1877,2006,1966,1814" sx="M,M,M,M"/><TAIKYOKU oya="0"/><INIT seed="0,0,0,1,3,131" ten="250,250,250,250" oya="0" hai0="112,128,41,79,45,21,96,135,38,47,83,43,16" hai1="53,97,13,15,81,18,50,28,61,78,34,11,27" hai2="113,111,52,62,69,102,60,88,5,31,3,63,25" hai3="125,30,65,133,92,82,35,49,114,4,87,33,7"/><T126/><D112/><U129/><E129/><V101/><F113/><W73/><G114/><T26/><D128/><U130/><E130/><V8/><F111/><W39/><G39/><T17/><D126/><U106/><E61/><V66/><F88/><W117/><G125/><T40/><D96/><U20/><E97/><V115/><F115/><W77/><G117/><T110/><D43/><U44/><E106/><V93/><F93/><W104/><G104/><T89/><D89/><U64/><E64/><V14/><F14/><W57/><G133/><T0/><D0/><U99/><E99/><V36/><F36/><W98/><G87/><T95/><D95/><U85/><REACH who="1" step="1"/><E15/><REACH who="1" step="2"/><V74/><F60/><W132/><G65/><T48/><D110/><U2/><E2/><V54/><F62/><W122/><G98/><T100/><D100/><U23/><AGARI ba="0,1" hai="11,13,18,20,23,27,28,34,44,50,53,78,81,85" machi="23" ten="30,4000,0" yaku="1,1,0,1,53,1" doraHai="131" doraHaiUra="12" who="1" fromWho="1" sc="250,-20,240,50,250,-10,250,-10" /><INIT seed="1,0,0,4,3,45" ten="230,290,240,240" oya="1" hai0="54,66,64,19,104,89,27,33,42,38,47,61,72" hai1="43,31,113,84,6,37,36,102,115,95,10,0,13" hai2="133,93,98,22,125,100,46,16,52,123,73,65,69" hai3="18,41,109,12,128,74,67,7,127,75,107,9,101"/><U15/><E31/><V26/><F123/><W77/><G109/><T4/><D72/><U57/><E57/><V58/><F73/><W70/><G127/><T32/><D104/><U5/><E102/><V79/><F79/><W132/><G132/><T24/><D4/><U82/><E95/><V85/><F125/><W90/><G128/><T78/><D78/><U120/><E120/><V14/><F69/><W62/><G77/><T8/><D89/><U86/><E43/><V56/><F85/><W71/><G41/><T55/><D8/><U91/><E10/><V118/><F133/><W81/><G74/><T68/><D19/><U35/><E91/><V105/><F105/><W116/><G75/><T76/><D76/><U92/><E92/><V23/><F118/><W114/><G114/><T51/><D66/><U30/><E30/><N who="2" m="17751" /><F65/><W134/><G134/><T2/><D2/><U121/><E121/><V108/><F108/><W83/><G116/><T63/><D63/><U99/><E99/><V28/><F28/><W112/><G71/><T88/><D88/><U60/><E82/><V135/><F135/><W29/><G90/><T39/><D39/><U111/><E111/><V106/><F106/><W87/><G112/><T20/><D55/><U119/><E119/><V117/><F117/><W17/><G87/><T34/><REACH who="0" step="1"/><D20/><REACH who="0" step="2"/><U59/><E115/><V129/><F129/><W103/><G67/><T48/><D48/><AGARI ba="0,1" hai="14,16,23,46,48,52,56,58,93,98,100" m="17751" machi="48" ten="30,7700,0" yaku="8,1,52,1,54,2" doraHai="45" who="2" fromWho="0" sc="220,-77,290,0,240,87,240,0" /><INIT seed="2,0,0,4,2,2" ten="143,290,327,240" oya="2" hai0="106,124,121,122,10,79,32,30,13,53,8,5,33" hai1="81,60,46,9,105,55,16,29,75,65,85,27,12" hai2="117,125,61,63,58,68,41,7,120,111,70,127,73" hai3="76,20,22,104,99,44,126,34,49,57,40,6,100"/><V0/><F73/><W98/><G126/><N who="2" m="48137" /><F120/><N who="0" m="46186" /><D53/><U114/><E114/><V87/><F117/><W89/><G76/><T110/><D79/><U18/><E105/><V28/><F28/><W19/><G34/><N who="0" m="13419" /><D106/><U24/><E75/><V72/><F72/><W102/><G89/><T54/><D54/><U67/><E18/><V123/><F41/><W113/><G113/><T36/><D36/><U116/><E116/><V77/><F123/><W112/><G112/><T15/><D124/><U51/><E29/><V101/><F101/><W91/><G91/><T45/><D45/><U109/><E109/><V21/><F21/><W93/><G57/><T23/><D110/><U92/><E92/><V74/><F74/><W25/><REACH who="3" step="1"/><G22/><REACH who="3" step="2"/><T84/><D84/><U88/><E67/><N who="2" m="39351" /><F111/><W48/><G48/><T80/><D80/><U94/><E94/><V130/><F77/><W31/><G31/><T37/><D37/><U82/><E81/><V50/><F87/><W133/><G133/><T1/><D30/><U64/><E64/><V119/><F50/><W83/><G83/><T3/><D23/><U56/><AGARI ba="0,1" hai="9,12,16,24,27,46,51,55,56,60,65,82,85,88" machi="56" ten="20,12000,2" yaku="0,1,7,1,25,2,8,1,54,2" doraHai="2" who="1" fromWho="1" sc="143,-30,290,130,327,-60,230,-30" /><INIT seed="3,0,0,4,4,32" ten="113,420,267,200" oya="3" hai0="18,15,26,88,84,9,118,76,97,28,49,114,105" hai1="50,80,62,68,12,40,75,133,107,39,72,2,106" hai2="41,117,71,130,104,129,113,101,128,79,38,44,100" hai3="109,23,42,47,65,82,131,85,95,132,13,48,119"/><W126/><G119/><T54/><D118/><U31/><E2/><V43/><F117/><W3/><G126/><T93/><D114/><U10/><E133/><V7/><F113/><W1/><G132/><T56/><D105/><U36/><E31/><V64/><F79/><W61/><G131/><T29/><D26/><U69/><E50/><V78/><F78/><W22/><G109/><T25/><D25/><U4/><E62/><N who="2" m="40343" /><F43/><W73/><G73/><T24/><D24/><U108/><E108/><V37/><F7/><W20/><G95/><T58/><D56/><U134/><E134/><V120/><F120/><W14/><G14/><T34/><D34/><U90/><E40/><V8/><F8/><W127/><G13/><T135/><D135/><U92/><E107/><V123/><F123/><W87/><G127/><T51/><D51/><U67/><E106/><V35/><F35/><W94/><G94/><T63/><D63/><U30/><E92/><V46/><F104/><W112/><G112/><T52/><D54/><U5/><E30/><V77/><F77/><W110/><G110/><T83/><AGARI ba="0,0" hai="9,15,18,28,29,49,52,58,76,83,84,88,93,97" machi="83" ten="30,7900,0" yaku="0,1,8,1,54,2" doraHai="32" who="0" fromWho="0" sc="113,79,420,-20,267,-20,200,-39" /><INIT seed="4,0,0,5,2,15" ten="192,400,247,161" oya="0" hai0="82,33,45,117,71,2,124,89,39,102,65,51,69" hai1="3,37,97,66,131,88,93,18,9,54,27,47,32" hai2="132,17,46,34,4,11,72,77,43,90,83,25,44" hai3="13,75,116,40,81,78,22,63,19,123,125,58,109"/><T122/><D122/><U67/><E131/><V99/><F132/><W7/><G123/><T92/><D117/><U1/><E1/><V36/><F46/><W70/><G116/><T108/><D124/><U96/><E3/><V85/><F99/><W103/><G125/><T133/><D133/><U20/><E32/><V110/><F110/><W62/><G109/><T52/><D2/><U98/><E9/><V30/><F17/><W120/><G120/><T12/><D33/><U101/><E37/><V29/><F29/><W121/><G121/><T95/><D39/><U60/><E97/><V80/><F11/><W119/><G103/><T26/><D26/><U76/><E76/><V23/><REACH who="2" step="1"/><F23/><REACH who="2" step="2"/><W114/><G19/><T74/><D108/><U21/><E20/><V59/><F59/><W14/><G58/><T41/><D71/><U16/><E18/><V49/><F49/><W79/><G22/><T126/><D69/><U84/><E98/><V24/><F24/><W86/><G70/><T0/><D0/><U61/><E47/><V8/><F8/><W64/><G119/><T35/><D35/><U87/><E61/><V100/><F100/><W113/><G63/><T118/><D118/><U38/><E38/><V6/><AGARI ba="0,1" hai="4,6,25,30,34,36,43,44,72,77,80,83,85,90" machi="6" ten="30,4000,0" yaku="1,1,0,1,53,1" doraHai="15" doraHaiUra="28" who="2" fromWho="2" sc="192,-20,400,-10,237,50,161,-10" /><INIT seed="5,0,0,2,2,118" ten="172,390,287,151" oya="1" hai0="120,103,110,50,22,31,129,83,15,77,55,124,7" hai1="33,53,101,16,57,67,45,131,62,119,81,72,44" hai2="18,63,23,14,112,8,21,36,17,2,34,32,85" hai3="59,92,116,121,89,134,52,90,96,74,94,79,66"/><U97/><E33/><V0/><F36/><W70/><G116/><T135/><D110/><U108/><E119/><V73/><F73/><W69/><G134/><T42/><D135/><U105/><E108/><V76/><F76/><W71/><G66/><T65/><D129/><U125/><E131/><V9/><F85/><W84/><G74/><T75/><D124/><U27/><E125/><V29/><F63/><W107/><G79/><T28/><D42/><U127/><E127/><V78/><F78/><W68/><N who="3" m="17920" /><DORA hai="113" /><W99/><G107/><T132/><D132/><U38/><E38/><V12/><F112/><W56/><G121/><T114/><D114/><U24/><E72/><V87/><F87/><W100/><REACH who="3" step="1"/><G52/><REACH who="3" step="2"/><T104/><D104/><N who="1" m="63535" /><E53/><V1/><F1/><W11/><G11/><T19/><D65/><U10/><E105/><V126/><F126/><W106/><AGARI ba="0,1" hai="56,59,84,89,90,92,94,96,99,100,106" m="17920" machi="106" ten="60,4000,0" yaku="1,1,0,1,53,0" doraHai="118,113" doraHaiUra="13,4" who="3" fromWho="3" sc="172,-10,390,-20,287,-10,141,50" /><INIT seed="6,0,0,1,4,82" ten="162,370,277,191" oya="2" hai0="51,85,132,41,0,79,56,95,16,55,130,35,14" hai1="115,2,54,32,17,40,71,78,33,5,31,89,126" hai2="96,86,1,43,114,8,133,116,80,57,87,30,105" hai3="47,81,12,110,73,59,44,50,131,53,65,60,9"/><V26/><F114/><W91/><G110/><T117/><D35/><U58/><E71/><V100/><F116/><W24/><G131/><T45/><D0/><U90/><E115/><V11/><F133/><W76/><G24/><T23/><D117/><U29/><E126/><V75/><F43/><W15/><G91/><N who="0" m="53743" /><D130/><U127/><E33/><V106/><F105/><W7/><REACH who="3" step="1"/><G12/><REACH who="3" step="2"/><T123/><D123/><U22/><E2/><V129/><F1/><W111/><G111/><T119/><D119/><U83/><E90/><V68/><F129/><W135/><G135/><T10/><D132/><U70/><E127/><V34/><F8/><W42/><G42/><T25/><D79/><U98/><E40/><V92/><F11/><W94/><G94/><T38/><D38/><U27/><E78/><V37/><F37/><W62/><G62/><N who="0" m="36127" /><D25/><U102/><E27/><V112/><F112/><W134/><G134/><T99/><D99/><U49/><E98/><V46/><F92/><W28/><G28/><T88/><D88/><U21/><E31/><V128/><F128/><W109/><G109/><T3/><D3/><U6/><E29/><V52/><F80/><W64/><G64/><T124/><D124/><U101/><E32/><V4/><F75/><W67/><G67/><T93/><D93/><U108/><E108/><V104/><F104/><W20/><G20/><AGARI ba="0,1" hai="10,14,16,20,23,41,45,51" m="36127,53743" machi="20" ten="30,3900,0" yaku="8,1,52,1,54,1" doraHai="82" who="0" fromWho="3" sc="162,49,370,0,277,0,181,-39" /><INIT seed="7,0,0,2,2,80" ten="211,370,277,142" oya="3" hai0="39,98,32,48,68,118,67,69,122,123,14,50,127" hai1="43,52,59,93,13,4,108,84,100,5,49,31,10" hai2="99,15,74,128,9,132,70,41,88,95,113,19,23" hai3="36,42,97,77,81,134,22,1,54,63,57,58,27"/><W89/><G134/><T131/><D98/><N who="1" m="59471" /><E108/><V7/><F70/><N who="0" m="27242" /><D14/><U11/><E31/><V44/><F113/><W112/><G112/><T65/><D32/><U126/><E126/><V82/><F132/><W110/><G110/><T121/><D118/><U130/><E130/><V91/><F74/><W6/><G36/><T20/><D20/><U66/><E43/><V125/><F125/><W115/><G115/><T51/><D127/><U106/><E106/><V18/><F128/><W46/><G1/><T71/><N who="0" m="27250" /><T116/><DORA hai="24" /><D116/><U79/><E66/><N who="0" m="25097" /><D131/><U34/><E34/><V76/><F76/><W2/><G2/><T25/><D25/><U64/><E79/><V28/><F28/><N who="3" m="17527" /><G6/><T8/><D8/><U61/><E10/><V83/><F19/><W109/><G109/><T124/><D124/><U26/><E4/><V29/><F29/><W102/><G89/><T119/><D119/><U78/><E5/><V103/><F91/><W135/><G135/><T3/><D3/><U55/><E11/><V86/><F7/><W129/><G129/><T17/><D17/><U85/><E78/><V40/><F44/><W92/><G58/><T62/><D62/><U133/><E61/><V30/><F82/><W21/><G21/><T105/><D105/><U101/><E59/><V47/><F47/><W56/><G56/><T53/><D39/><U35/><E35/><V114/><F114/><W94/><G94/><T16/><D16/><U38/><E38/><V73/><F73/><N who="3" m="43183" /><G46/><AGARI ba="0,0" hai="46,48,50,51,53,121,122,123" m="25097,27250" machi="46" ten="50,3200,0" yaku="34,2" doraHai="80,24" who="0" fromWho="3" sc="211,32,370,0,277,0,142,-32" owari="243,-16,370,47,277,8,110,-39" /></mjloggm>