<mjloggm ver="2.3"><GO type="169" lobby="0"/><UN n0="%EF%BC%88%E2%89%A7%E2%96%BD%E2%89%A6%EF%BC%89" n1="%E6%B0%91%E8%8A%B8" n2="%E5%A5%88%E8%90%BD%E3%81%AE%E7%8E%8B" n3="%E3%81%A1%E3%81%8F%E3%81%8D" dan="18,17,17,18" rate="2189.99,2151.66,2177.13,2255.58" sx="M,M,M,M"/><TAIKYOKU oya="0"/><INIT seed="0,0,0,4,3,97" ten="250,250,250,250" oya="0" hai0="115,33,89,56,64,4,45,121,41,37,94,9,116" hai1="57,83,113,134,60,90,117,19,21,29,80,119,106" hai2="82,68,85,52,135,17,111,128,59,44,98,114,36" hai3="32,61,46,40,100,15,16,79,93,6,54,67,13"/><T107/><D121/><U42/><E29/><V43/><F68/><W75/><G32/><T126/><D33/><U0/><E0/><V102/><F114/><W51/><G75/><T31/><D31/><U27/><E113/><V24/><F111/><W12/><G79/><T26/><D26/><U20/><E134/><V105/><F135/><W73/><G73/><T3/><D115/><U23/><E106/><V104/><F104/><W14/><G6/><T122/><D122/><U132/><E132/><V110/><F110/><W38/><G93/><T2/><D107/><U78/><E42/><V95/><F105/><W55/><G100/><T5/><D116/><U70/><E70/><V129/><F17/><W96/><G96/><T8/><D126/><U92/><E117/><V65/><F24/><W34/><G34/><T18/><D18/><U69/><E69/><V88/><REACH who="2" step="1"/><F65/><REACH who="2" ten="250,250,240,250" step="2"/><W11/><REACH who="3" step="1"/><G38/><REACH who="3" ten="250,250,240,240" step="2"/><T28/><D37/><U125/><E119/><V87/><F87/><W1/><G1/><T49/><D2/><U91/><E19/><V109/><F109/><W133/><G133/><T127/><D3/><U77/><E125/><V74/><F74/><W63/><G63/><AGARI ba="0,2" hai="36,43,44,52,59,63,82,85,88,95,98,102,128,129" machi="63" ten="40,8000,1" yaku="1,1,52,1,54,2,53,0" doraHai="97" doraHaiUra="112" who="2" fromWho="3" sc="250,0,250,0,240,100,240,-80" /><INIT seed="1,0,0,5,2,57" ten="250,250,340,160" oya="1" hai0="66,114,28,18,21,34,109,102,92,73,27,14,29" hai1="89,83,49,1,62,26,72,53,116,59,91,98,119" hai2="70,42,37,84,36,24,63,38,93,123,45,44,97" hai3="67,19,126,10,130,103,55,81,95,128,3,74,131"/><U71/><E1/><V7/><F7/><W12/><G126/><T79/><D114/><U127/><E127/><V120/><F84/><W78/><G67/><T56/><D109/><U25/><E116/><V17/><F17/><W33/><G33/><T54/><D66/><U113/><E113/><V90/><F24/><N who="1" m="9321" /><E72/><V134/><F134/><W64/><G64/><T133/><D28/><U69/><E69/><V100/><F100/><W124/><G124/><T112/><D112/><U104/><E104/><V80/><F80/><W11/><G55/><T117/><D117/><U47/><E71/><V96/><F96/><N who="3" m="59807" /><G3/><T85/><D73/><U108/><E108/><V2/><F2/><W106/><G106/><T121/><D121/><U122/><E122/><V43/><F38/><W13/><G13/><T15/><D15/><U94/><E119/><V75/><F75/><W132/><G132/><T60/><D133/><U23/><E23/><AGARI ba="0,0" hai="10,11,12,19,23,74,78,81,128,130,131" m="59807" machi="23" ten="30,1000,0" yaku="19,1" doraHai="57" who="3" fromWho="1" sc="250,0,250,-10,340,0,160,10" /><INIT seed="2,0,0,3,2,35" ten="250,240,340,170" oya="2" hai0="70,13,52,55,24,56,87,89,69,26,119,18,8" hai1="59,37,61,93,60,49,15,96,102,12,81,20,30" hai2="72,135,86,19,9,32,105,38,115,22,2,1,120" hai3="134,76,75,27,11,65,48,42,21,34,84,132,39"/><V131/><RYUUKYOKU type="yao9" ba="0,0" sc="250,0,240,0,340,0,170,0" hai2="1,2,9,19,22,32,38,72,86,105,115,120,131,135" /><INIT seed="2,1,0,5,0,35" ten="250,240,340,170" oya="2" hai0="23,77,130,95,135,101,33,93,14,10,87,86,12" hai1="80,48,106,121,8,42,129,107,125,5,76,68,79" hai2="98,83,56,32,40,65,90,2,104,4,75,54,73" hai3="49,25,13,46,99,111,43,91,128,50,18,41,92"/><V85/><F32/><W19/><G111/><T60/><D33/><U133/><E68/><V113/><F65/><W124/><G128/><T108/><D108/><U38/><E38/><V9/><F40/><W17/><G124/><T96/><D130/><U97/><E129/><V53/><F113/><W27/><REACH who="3" step="1"/><G13/><REACH who="3" ten="250,240,340,160" step="2"/><T102/><D12/><U30/><E125/><V57/><F75/><W81/><G81/><T16/><D135/><U52/><E133/><V103/><F73/><W44/><AGARI ba="1,1" hai="17,18,19,25,27,41,43,44,46,49,50,91,92,99" machi="44" ten="30,7900,0" yaku="1,1,0,1,9,1,8,1,53,0" doraHai="35" doraHaiUra="105" who="3" fromWho="3" sc="250,-21,240,-21,340,-40,160,92" /><INIT seed="3,0,0,0,0,50" ten="229,219,300,252" oya="3" hai0="21,33,97,5,125,14,29,69,72,73,11,87,80" hai1="9,31,2,22,101,113,0,89,120,91,49,98,100" hai2="131,15,4,114,117,94,41,104,30,99,35,71,93" hai3="20,36,12,79,119,52,128,84,133,129,109,123,115"/><W6/><G123/><T132/><D69/><U106/><E120/><V47/><F114/><W75/><G115/><T85/><D132/><U121/><E121/><V1/><F1/><W39/><G119/><T66/><D66/><U32/><E113/><V45/><F45/><W70/><G70/><T82/><D125/><U7/><E0/><V90/><F71/><W67/><G67/><T43/><D33/><U16/><E100/><V96/><F104/><W103/><G133/><T122/><D122/><U95/><E49/><V135/><F131/><N who="3" m="50251" /><G103/><T26/><D43/><U25/><REACH who="1" step="1"/><E106/><REACH who="1" ten="229,209,300,252" step="2"/><V55/><F135/><W78/><G39/><T42/><D42/><U107/><E107/><V124/><F41/><W44/><G36/><T76/><REACH who="0" step="1"/><D97/><REACH who="0" ten="219,209,300,252" step="2"/><U10/><E10/><V92/><F99/><W83/><G109/><T13/><D13/><AGARI ba="0,2" hai="2,7,9,13,16,22,25,31,32,89,91,95,98,101" machi="13" ten="30,8000,1" yaku="1,1,7,1,24,2,54,1,53,0" doraHai="50" doraHaiUra="46" who="1" fromWho="0" sc="219,-80,209,100,300,0,252,0" /><INIT seed="4,0,0,3,0,66" ten="139,309,300,252" oya="0" hai0="39,130,112,51,18,41,35,91,3,48,70,121,111" hai1="98,123,38,89,94,126,73,69,21,36,45,37,79" hai2="20,132,100,110,115,93,84,61,134,7,104,28,85" hai3="43,40,54,33,86,97,25,9,76,15,116,106,57"/><T81/><D3/><U129/><E123/><V125/><F110/><W68/><G116/><T6/><D35/><U1/><E1/><V92/><F7/><W14/><G68/><T2/><D121/><U59/><E126/><V103/><F125/><W24/><G15/><T80/><D111/><U82/><E129/><V5/><F5/><N who="3" m="3375" /><G106/><T120/><D120/><U75/><E59/><V62/><F104/><W47/><G97/><T118/><D118/><U124/><E124/><V63/><F20/><W32/><G32/><T88/><D130/><U113/><E113/><V27/><F27/><N who="3" m="10315" /><G47/><T109/><D109/><U77/><E21/><V101/><F28/><W46/><G46/><N who="0" m="25679" /><D2/><U55/><E69/><V102/><F115/><W52/><G54/><T13/><D70/><U67/><E67/><V26/><F26/><W108/><G33/><T16/><D39/><U114/><E114/><V58/><F58/><W56/><G56/><T87/><D112/><U74/><E55/><V29/><F29/><W50/><G108/><T122/><D122/><U128/><E128/><V78/><F102/><W83/><AGARI ba="0,0" hai="40,43,50,52,57,76,83,86" m="10315,3375" machi="83" ten="30,2000,0" yaku="8,1,54,1" doraHai="66" who="3" fromWho="3" sc="139,-10,309,-5,300,-5,252,20" /><INIT seed="5,0,0,2,2,26" ten="129,304,295,272" oya="1" hai0="67,24,81,94,132,18,88,55,75,127,30,25,16" hai1="89,22,86,100,61,62,120,102,111,83,105,71,80" hai2="73,79,76,9,135,90,58,126,97,131,28,10,113" hai3="37,107,5,118,130,124,23,41,109,39,4,38,108"/><U115/><E120/><V101/><F73/><W53/><G107/><T82/><D132/><U112/><E111/><V78/><F135/><W72/><G72/><T117/><D117/><U103/><E105/><V96/><F131/><W122/><G122/><T93/><D127/><U0/><E0/><V40/><F126/><W17/><G124/><T98/><D67/><U43/><E43/><V87/><F40/><W8/><G41/><T32/><D75/><U31/><E80/><V21/><F58/><W123/><G123/><T11/><D55/><U50/><E50/><V65/><F65/><W70/><G70/><T52/><D52/><U3/><E3/><V42/><F42/><W51/><G130/><T95/><D95/><U36/><E36/><V54/><F54/><W110/><G118/><T15/><REACH who="0" step="1"/><D94/><REACH who="0" ten="119,304,295,272" step="2"/><U119/><E119/><V56/><F56/><W129/><G129/><T121/><D121/><U64/><E61/><V69/><F69/><W59/><G109/><T12/><D12/><U1/><E1/><V19/><F79/><W20/><G110/><T45/><D45/><U57/><E71/><V49/><F78/><W133/><G108/><T92/><D92/><U29/><E64/><V116/><F76/><W14/><G133/><T33/><D33/><U66/><E66/><V2/><F116/><W6/><AGARI ba="0,1" hai="4,5,6,8,14,17,20,23,37,38,39,51,53,59" machi="6" ten="40,1500,0" yaku="0,1" doraHai="26" who="3" fromWho="3" sc="119,-4,304,-7,295,-4,272,25" /><INIT seed="6,0,0,0,4,82" ten="115,297,291,297" oya="2" hai0="97,89,86,11,99,111,44,121,37,90,123,51,63" hai1="33,17,45,94,81,112,23,34,50,76,9,32,96" hai2="47,135,61,125,36,15,110,83,106,28,7,42,39" hai3="85,43,73,84,78,68,55,25,6,54,80,53,134"/><V108/><F106/><W92/><G68/><T66/><D111/><N who="2" m="42538" /><F135/><W10/><G134/><T5/><D37/><U105/><E105/><V56/><F125/><W72/><G43/><T49/><D123/><U79/><E9/><N who="2" m="4543" /><F28/><W93/><G25/><T131/><D121/><U62/><E112/><V2/><F2/><W130/><G130/><T74/><D74/><U126/><E126/><V19/><F19/><W88/><REACH who="3" step="1"/><G93/><REACH who="3" ten="115,297,291,287" step="2"/><T30/><D131/><U40/><E94/><V16/><F39/><W107/><G107/><T129/><D129/><U77/><E40/><V59/><F61/><W104/><G104/><T133/><D133/><U31/><E62/><V22/><F83/><W132/><G132/><T57/><D30/><U118/><E81/><V98/><F98/><W24/><G24/><AGARI ba="0,1" hai="16,22,24,36,42,47,56,59" m="4543,42538" machi="24" ten="30,2900,0" yaku="10,1,54,1" doraHai="82" who="2" fromWho="3" sc="115,0,297,0,291,39,287,-29" /><INIT seed="6,1,0,4,5,67" ten="115,297,330,258" oya="2" hai0="109,113,70,66,33,120,60,117,106,62,100,56,132" hai1="128,131,102,36,134,1,81,121,12,59,34,41,76" hai2="64,58,73,118,53,6,91,92,103,22,99,107,3" hai3="112,127,63,125,24,23,96,20,9,16,54,38,94"/><V14/><F73/><W110/><G110/><T80/><D109/><U37/><E1/><V104/><F118/><W90/><G38/><T2/><D120/><U97/><E34/><V65/><F3/><W89/><G112/><T29/><D117/><U133/><E59/><V47/><F47/><W130/><G130/><N who="1" m="49706" /><E12/><V83/><F83/><W31/><G9/><T44/><D113/><U98/><E121/><V93/><F107/><W84/><G54/><T50/><D132/><N who="1" m="50795" /><E41/><V126/><F14/><W42/><G42/><T71/><D2/><U39/><E102/><V8/><F103/><W18/><G63/><T25/><D80/><U78/><E81/><V49/><F58/><W75/><G75/><T105/><D100/><U11/><E11/><V28/><F8/><W124/><G23/><T46/><D46/><U69/><E69/><V7/><F22/><W68/><G68/><T26/><D26/><U85/><E85/><V101/><F101/><W95/><AGARI ba="1,0" hai="16,18,20,24,31,84,89,90,94,95,96,124,125,127" machi="95" ten="40,5200,0" yaku="0,1,18,1,54,1" doraHai="67" who="3" fromWho="3" sc="115,-14,297,-14,330,-27,258,55" /><INIT seed="7,0,0,2,1,6" ten="101,283,303,313" oya="3" hai0="63,88,1,118,22,119,98,117,0,21,92,37,30" hai1="8,126,132,69,75,11,23,25,27,42,121,20,48" hai2="56,39,113,7,105,108,130,83,107,43,2,35,59" hai3="26,17,78,5,51,46,102,31,89,18,125,12,41"/><W123/><G123/><T64/><D37/><U109/><E121/><V57/><F108/><W62/><G125/><T38/><D38/><U3/><E109/><V127/><F35/><W68/><G102/><T15/><D30/><U10/><E69/><V34/><F34/><W72/><G72/><T55/><D55/><U73/><E3/><V4/><F127/><W94/><G78/><T44/><D44/><U122/><E122/><V40/><F83/><W9/><G68/><T79/><D79/><U67/><E126/><V58/><F113/><W76/><G76/><T53/><D53/><U70/><E132/><V54/><F130/><W85/><G62/><T116/><N who="0" m="29696" /><DORA hai="29" /><T82/><D82/><U120/><E120/><V61/><F39/><W91/><G89/><T52/><D52/><U74/><E70/><V86/><F86/><W114/><G114/><T24/><D15/><U45/><REACH who="1" step="1"/><E67/><REACH who="1" ten="101,273,303,313" step="2"/><V90/><F2/><W13/><G13/><T135/><D135/><U19/><E19/><V103/><F7/><W97/><G97/><T16/><REACH who="0" step="1"/><D21/><AGARI ba="0,1" hai="8,10,11,20,21,23,25,27,42,45,48,73,74,75" machi="21" ten="50,8000,1" yaku="1,1,52,3,53,0" doraHai="6,29" doraHaiUra="93,129" who="1" fromWho="0" sc="101,-80,273,90,303,0,313,0" /><AGARI ba="0,0" hai="5,9,12,17,18,21,26,31,41,46,51,85,91,94" machi="21" ten="30,5800,0" yaku="7,1,8,1,52,1" doraHai="6,29" who="3" fromWho="0" sc="21,-58,363,0,303,0,313,58" owari="-37,-54.0,363,16.0,303,-10.0,371,48.0" /></mjloggm>