<mjloggm ver="2.3"><GO type="41"/><UN n0="%E9%80%9F%E6%B0%B4%E6%9D%A5%E5%A4%A2" n1="%E3%82%B1%E3%83%B3%E3%82%B1%E3%83%B3%EF%BC%92%EF%BC%90%EF%BC%90%EF%BC%99" n2="%E3%82%A6%E3%83%AB%E3%83%88%E3%83%A9%E7%AB%8B%E7%9B%B4" n3="%4D%44%4C" dan="13,15,15,13" rate="1835,1932,1997,1896" sx="M,M,M,M"/><TAIKYOKU oya="0"/><INIT seed="0,0,0,4,0,87" ten="250,250,250,250" oya="0" hai0="117,15,24,119,90,130,93,79,97,33,29,94,49" hai1="102,62,126,59,67,5,45,109,60,107,84,70,35" hai2="1,111,118,32,4,2,58,34,86,125,98,73,128" hai3="103,101,113,127,106,42,112,124,43,96,6,36,57"/><T133/><D133/><U37/><E109/><V54/><F73/><W20/><G6/><T132/><D132/><U52/><E126/><N who="3" m="48170" /><G103/><T41/><D130/><U30/><E5/><V66/><F4/><W122/><G122/><T9/><D79/><U21/><E84/><V10/><F10/><W18/><G57/><T89/><D49/><U95/><E35/><V38/><F128/><W115/><G36/><T22/><D41/><U16/><E30/><V56/><F38/><W92/><G106/><T12/><D33/><U114/><E107/><V0/><F34/><W82/><G82/><T71/><D71/><U72/><E72/><V7/><F32/><W131/><G131/><T11/><D119/><U110/><E110/><V121/><F7/><W104/><G104/><T50/><D50/><U64/><E114/><V63/><F111/><W27/><AGARI ba="0,0" hai="18,20,27,42,43,92,96,101,112,113,115" m="48170" machi="27" ten="40,1500,0" yaku="18,1" doraHai="87" who="3" fromWho="3" sc="250,-7,250,-4,250,-4,250,15" /><INIT seed="1,0,0,0,0,5" ten="243,246,246,265" oya="1" hai0="54,131,104,126,125,92,25,93,96,47,7,44,38" hai1="4,68,97,2,53,85,23,21,40,64,66,59,11" hai2="111,57,77,27,67,71,34,50,32,124,41,1,129" hai3="130,13,56,121,128,6,84,42,3,78,75,46,18"/><U88/><E68/><V37/><F77/><W105/><G105/><T135/><D135/><U16/><E97/><V49/><F32/><W134/><G134/><T51/><D131/><U101/><E101/><V95/><F27/><W43/><G43/><T9/><D104/><U112/><E40/><V99/><F34/><W61/><G121/><T65/><D65/><U26/><E23/><V90/><F50/><W80/><G84/><T39/><D25/><U119/><E119/><V63/><F1/><W30/><G30/><T106/><D106/><U62/><REACH who="1" step="1"/><E112/><REACH who="1" ten="243,236,246,265" step="2"/><V102/><F102/><W82/><G130/><T60/><D96/><U52/><E52/><N who="2" m="31887" /><F129/><W20/><G128/><T17/><D54/><U113/><E113/><V58/><F99/><W19/><G42/><T94/><D125/><U120/><E120/><V89/><F124/><W132/><G132/><T8/><D126/><U74/><E74/><V117/><F117/><W28/><G75/><T133/><D133/><U12/><E12/><V91/><F41/><W127/><G3/><T87/><D39/><U69/><E69/><V83/><F37/><W55/><G127/><T100/><D38/><U70/><E70/><V76/><F71/><W45/><G13/><T48/><D100/><U14/><E14/><V123/><F123/><W108/><G20/><T86/><D7/><U118/><E118/><V103/><F103/><W22/><G6/><T15/><D15/><U35/><E35/><V73/><F73/><W10/><G22/><T29/><D87/><U81/><AGARI ba="0,1" hai="2,4,11,16,21,26,53,59,62,64,66,81,85,88" machi="81" ten="20,18000,2" yaku="1,1,0,1,7,1,52,1,54,2,53,0" doraHai="5" doraHaiUra="98" who="1" fromWho="1" sc="243,-60,236,190,246,-60,265,-60" /><INIT seed="1,1,0,1,2,8" ten="183,426,186,205" oya="1" hai0="112,14,41,108,46,134,63,72,117,61,93,111,97" hai1="56,131,75,65,49,73,127,83,2,0,26,27,38" hai2="99,15,20,101,7,115,89,35,102,52,126,66,122" hai3="13,4,84,16,79,116,45,55,67,77,42,123,104"/><U87/><E127/><V125/><F35/><W51/><G104/><T28/><D112/><U135/><E38/><V53/><F122/><W98/><G123/><T81/><D134/><U105/><E135/><V1/><F1/><W44/><G116/><T92/><D117/><U100/><E131/><V22/><F66/><W69/><G67/><T91/><D28/><U62/><E73/><V34/><F34/><W70/><G4/><T95/><D72/><U96/><E2/><V37/><F37/><W23/><G98/><T121/><D121/><U9/><E75/><V31/><F31/><W40/><G70/><T36/><D81/><U32/><E32/><V80/><F80/><W25/><G69/><T30/><D30/><U86/><E49/><V107/><F89/><W57/><G84/><T133/><D133/><U120/><E86/><V85/><F85/><W94/><G94/><T88/><D95/><U24/><E120/><V64/><F115/><W128/><G128/><T130/><D130/><U5/><REACH who="1" step="1"/><E27/><REACH who="1" ten="183,416,186,205" step="2"/><V109/><F125/><W113/><G113/><T12/><D108/><U118/><E118/><V124/><F109/><W114/><G114/><T39/><D111/><U60/><E60/><V50/><F50/><W47/><G25/><T33/><D36/><U48/><E48/><V76/><F126/><W119/><G119/><T78/><D33/><U18/><E18/><V90/><F124/><W43/><AGARI ba="1,1" hai="13,16,23,40,42,43,44,45,47,51,55,57,77,79" machi="43" ten="30,7900,0" yaku="0,1,8,1,52,1,54,1" doraHai="8" who="3" fromWho="3" sc="183,-21,416,-40,186,-21,205,92" /><INIT seed="2,0,0,5,1,8" ten="162,376,165,297" oya="2" hai0="19,10,79,78,106,29,114,7,1,57,51,115,25" hai1="126,64,119,68,96,55,116,84,48,5,82,83,47" hai2="71,27,92,2,45,125,38,104,18,95,122,87,0" hai3="44,26,102,6,130,100,50,13,98,67,60,61,117"/><V46/><F104/><W133/><G130/><T101/><D101/><U89/><E126/><V4/><F71/><W52/><G133/><T121/><D121/><U118/><E96/><V59/><F122/><W75/><G75/><T131/><D131/><U33/><E33/><V112/><F112/><W24/><G117/><T31/><D106/><U73/><E73/><V111/><F125/><W81/><G81/><T110/><D110/><U23/><E23/><V49/><F111/><W123/><G123/><T109/><D109/><U32/><E32/><V15/><F2/><W30/><G30/><T21/><D114/><U41/><E82/><V129/><F129/><W134/><G134/><T42/><D115/><U11/><E64/><V127/><F127/><W86/><G86/><T66/><D66/><U3/><E68/><V120/><F0/><W91/><G91/><T62/><D42/><U37/><E55/><N who="2" m="32239" /><F38/><W16/><G6/><T63/><D51/><U107/><E107/><V43/><F43/><W128/><G128/><T28/><REACH who="0" step="1"/><D57/><REACH who="0" ten="152,376,165,297" step="2"/><U105/><REACH who="1" step="1"/><E105/><REACH who="1" ten="152,366,165,297" step="2"/><V113/><F113/><W70/><G61/><AGARI ba="0,2" hai="1,7,10,19,21,25,28,29,31,61,62,63,78,79" machi="61" ten="40,2600,0" yaku="1,1,2,1,53,0" doraHai="8" doraHaiUra="108" who="0" fromWho="3" sc="152,46,366,0,165,0,297,-26" /><INIT seed="3,0,0,2,0,89" ten="198,366,165,271" oya="3" hai0="70,122,56,72,119,111,120,23,117,50,100,32,21" hai1="45,75,4,36,34,86,85,52,124,130,103,91,126" hai2="11,19,25,42,134,102,58,74,64,20,107,8,82" hai3="39,127,105,110,76,59,95,94,113,83,132,12,61"/><W27/><G39/><T123/><D70/><U35/><E75/><V133/><F42/><W128/><G105/><T80/><D32/><U49/><E130/><V53/><F64/><W18/><G128/><T54/><D111/><U33/><E36/><V97/><F82/><W38/><G38/><T108/><D108/><U77/><E103/><V71/><F71/><W81/><G110/><T63/><D100/><U131/><E131/><V15/><F74/><W114/><G27/><T26/><D63/><U112/><E112/><V104/><F104/><W51/><G51/><T29/><D23/><U78/><E4/><V88/><F88/><W55/><G132/><T30/><D30/><U135/><E135/><V5/><REACH who="2" step="1"/><F8/><REACH who="2" ten="198,366,155,271" step="2"/><W116/><G116/><T129/><D129/><U67/><E67/><V98/><F98/><W121/><G121/><T6/><D72/><U10/><E10/><V0/><F0/><W31/><G114/><T28/><D80/><U22/><E91/><V62/><AGARI ba="0,1" hai="5,11,15,19,20,25,53,58,62,97,102,107,133,134" machi="62" ten="30,4000,0" yaku="1,1,0,1,53,1" doraHai="89" doraHaiUra="93" who="2" fromWho="2" sc="198,-10,366,-10,155,50,271,-20" /><INIT seed="4,0,0,0,5,54" ten="188,356,205,251" oya="0" hai0="90,81,109,62,123,79,129,59,134,85,50,12,116" hai1="8,18,35,69,2,60,1,78,9,73,63,88,68" hai2="124,93,55,4,45,43,112,49,70,86,122,46,103" hai3="51,29,67,121,3,33,75,53,72,92,48,107,36"/><T0/><D123/><U15/><E35/><V6/><F122/><W30/><G3/><T98/><D116/><U11/><E73/><V25/><F70/><W106/><G36/><T120/><D120/><U57/><E78/><V89/><F124/><W135/><G121/><T21/><D0/><U71/><E1/><V34/><F112/><W56/><G33/><T42/><D129/><U104/><E104/><V17/><F103/><W80/><G80/><T5/><D109/><U131/><E131/><V77/><F77/><W13/><G13/><T31/><D134/><U127/><E127/><V130/><F130/><W83/><G83/><T44/><D98/><U96/><E2/><V115/><F115/><W66/><G92/><T27/><D90/><U23/><E63/><V64/><F64/><W113/><G113/><T126/><D126/><U99/><REACH who="1" step="1"/><E88/><REACH who="1" ten="188,346,205,251" step="2"/><V28/><F34/><W20/><G135/><T38/><D38/><U108/><E108/><V100/><F89/><W119/><G119/><T61/><REACH who="0" step="1"/><D59/><REACH who="0" ten="178,346,205,251" step="2"/><U132/><E132/><V58/><F58/><W128/><G56/><T82/><D82/><U26/><E26/><V87/><F25/><W47/><G128/><T118/><D118/><U94/><E94/><V102/><F93/><W16/><G107/><T117/><D117/><U39/><E39/><V19/><F100/><W101/><G106/><T110/><D110/><U52/><AGARI ba="0,2" hai="8,9,11,15,18,23,52,57,60,68,69,71,96,99" machi="52" ten="40,8000,1" yaku="1,1,0,1,52,1,54,1,53,0" doraHai="54" doraHaiUra="97" who="1" fromWho="1" sc="178,-40,346,100,205,-20,251,-20" /><INIT seed="5,0,0,3,5,86" ten="138,446,185,231" oya="1" hai0="54,1,7,125,133,79,53,40,91,87,64,20,134" hai1="74,23,107,30,49,106,92,63,17,76,123,71,68" hai2="105,35,102,0,120,103,80,118,3,96,73,10,51" hai3="18,109,112,32,22,39,29,113,50,104,132,37,62"/><U115/><E115/><N who="3" m="44106" /><G104/><T122/><D40/><U19/><E123/><V130/><F120/><W108/><G62/><T12/><D122/><U94/><E49/><V34/><F118/><W131/><G50/><T46/><D64/><U13/><E30/><V21/><F130/><W101/><G101/><T83/><D125/><U128/><E128/><V43/><F102/><W117/><G117/><T81/><D1/><U82/><E106/><V52/><F43/><W69/><G69/><T72/><D46/><U36/><E36/><N who="3" m="13898" /><G131/><T44/><D44/><U15/><E107/><V129/><F129/><W78/><G78/><T42/><D42/><U25/><E25/><V5/><F3/><W48/><G48/><T75/><D75/><U127/><E127/><V114/><F114/><W57/><G57/><T100/><D100/><U6/><E6/><V85/><F21/><W59/><G59/><T28/><D28/><U55/><E55/><V61/><F73/><W89/><G89/><T135/><REACH who="0" step="1"/><D20/><REACH who="0" ten="128,446,185,231" step="2"/><U121/><E121/><V2/><F2/><W70/><G29/><T126/><D126/><U84/><E74/><V4/><F0/><W110/><G32/><T31/><D31/><U93/><REACH who="1" step="1"/><E63/><REACH who="1" ten="128,436,185,231" step="2"/><V56/><F61/><W90/><G110/><T33/><D33/><U38/><E38/><V67/><F35/><W26/><G109/><T24/><D24/><U98/><E98/><V77/><F34/><W119/><G108/><T8/><AGARI ba="0,2" hai="7,8,12,53,54,72,79,81,83,87,91,133,134,135" machi="8" ten="40,8000,1" yaku="1,1,0,1,20,1,52,1,53,0" doraHai="86" doraHaiUra="95" who="0" fromWho="0" sc="128,100,436,-40,185,-20,231,-20" /><INIT seed="6,0,0,3,2,76" ten="228,396,165,211" oya="2" hai0="26,118,111,91,97,110,64,7,21,61,109,79,85" hai1="54,53,63,59,12,50,98,17,55,66,121,23,5" hai2="104,48,114,30,65,62,100,68,19,131,16,4,73" hai3="93,14,83,120,103,128,127,119,124,31,67,13,56"/><V75/><F131/><W117/><G128/><T106/><D118/><U123/><E98/><V6/><F114/><W107/><G67/><T60/><D79/><U72/><E72/><V28/><F104/><W115/><G31/><T116/><D116/><N who="3" m="44617" /><G56/><T108/><D7/><U32/><E32/><V35/><F100/><W57/><G57/><T122/><D122/><N who="1" m="46603" /><E5/><V125/><F125/><N who="3" m="48203" /><G120/><T112/><D112/><U2/><E2/><V0/><F0/><W47/><G47/><AGARI ba="0,0" hai="12,17,23,47,50,53,54,55,59,63,66" m="46603" machi="47" ten="30,1000,0" yaku="13,1" doraHai="76" who="1" fromWho="3" sc="228,0,396,10,165,0,211,-10" /><INIT seed="7,0,0,1,0,7" ten="228,406,165,201" oya="3" hai0="24,97,45,43,86,93,108,75,130,103,133,3,101" hai1="115,57,42,124,82,8,66,59,54,107,135,50,67" hai2="58,123,0,26,69,61,68,83,122,19,99,95,112" hai3="116,77,92,100,76,127,90,104,102,35,47,109,27"/><W105/><G116/><T36/><D108/><U28/><E107/><N who="3" m="41034" /><G47/><T89/><D130/><U30/><E124/><V17/><F83/><W129/><G35/><T96/><D133/><U21/><E115/><V111/><F111/><W40/><G27/><T106/><D75/><U53/><E135/><V114/><F0/><W51/><G40/><T119/><D119/><U1/><E42/><V118/><F118/><W33/><G51/><T14/><D3/><U9/><E82/><V4/><F4/><W34/><G33/><T39/><D24/><U134/><E134/><V84/><F84/><N who="3" m="52295" /><G34/><T6/><D39/><U65/><E1/><V128/><F26/><W22/><G22/><T48/><D36/><U73/><E73/><V23/><F23/><W20/><G20/><T131/><D131/><U98/><E98/><N who="0" m="37993" /><D106/><U60/><E21/><V125/><F128/><W38/><G38/><T117/><D117/><U126/><E126/><V80/><F125/><W113/><G127/><T49/><D49/><U41/><E41/><V12/><F69/><W15/><G15/><T16/><D6/><U18/><E18/><V74/><F68/><W94/><G129/><T29/><D29/><AGARI ba="0,0" hai="8,9,28,29,30,50,53,54,57,59,60,65,66,67" machi="29" ten="40,5200,0" yaku="8,1,52,2" doraHai="7" who="1" fromWho="0" sc="228,-52,406,52,165,0,201,0" owari="176,-22.0,458,55.0,165,-33.0,201,0.0" /></mjloggm>