<mjloggm ver="2.3"><GO type="169" lobby="0"/><UN n0="%4E%4F%42%55%53%48%49" n1="%E9%9F%BF%E4%B8%89%E5%A7%89%E5%A6%B9" n2="%E3%81%91%E3%82%93%31%39%37%30" n3="%EF%BC%88%E2%89%A7%E2%96%BD%E2%89%A6%EF%BC%89" dan="17,16,16,17" rate="2111.84,2017.71,2184.69,2157.47" sx="M,F,M,M"/><TAIKYOKU oya="0"/><INIT seed="0,0,0,1,4,127" ten="250,250,250,250" oya="0" hai0="61,109,81,50,52,49,14,31,106,86,15,130,112" hai1="92,123,107,1,89,76,54,42,57,27,64,40,67" hai2="129,73,128,116,23,37,115,20,119,43,33,101,28" hai3="46,56,131,105,58,75,84,62,5,59,65,94,85"/><T0/><D0/><U96/><E123/><V32/><F101/><W117/><G75/><T71/><D106/><U102/><E1/><V10/><F73/><W97/><G117/><N who="2" m="45129" /><F43/><W34/><G34/><N who="2" m="13417" /><F37/><W21/><G105/><T3/><D3/><U82/><E42/><V93/><F93/><W120/><G120/><T35/><D112/><U39/><E40/><V121/><F121/><W70/><G5/><T48/><D109/><U6/><E6/><V111/><F115/><W24/><G46/><T4/><D4/><U47/><E47/><V88/><F88/><W68/><G68/><T113/><D113/><U110/><E110/><V25/><F111/><W118/><G118/><T45/><D71/><U133/><E39/><V79/><F79/><W87/><G70/><T125/><D61/><U98/><E76/><V114/><F114/><W17/><REACH who="3" step="1"/><G131/><REACH who="3" ten="250,250,250,240" step="2"/><N who="2" m="50249" /><F10/><W51/><G51/><T9/><D50/><U22/><E107/><V134/><F23/><W8/><G8/><T36/><D49/><U91/><E22/><V66/><F66/><W99/><G99/><T77/><D130/><U38/><E67/><V122/><F122/><W19/><G19/><T30/><D36/><U90/><E64/><V124/><F124/><W78/><G78/><T41/><D125/><U11/><E38/><V83/><F83/><W95/><G95/><T44/><D35/><U13/><E82/><V53/><F53/><W108/><G108/><T100/><D9/><U104/><E11/><V60/><F60/><W74/><G74/><T69/><D69/><U29/><E54/><V26/><F20/><RYUUKYOKU ba="0,1" sc="250,-10,250,-10,250,-10,240,30" hai3="17,21,24,56,58,59,62,65,84,85,87,94,97" /><INIT seed="1,1,1,2,2,28" ten="240,240,240,270" oya="1" hai0="123,42,114,35,37,98,103,113,120,87,55,32,60" hai1="72,0,52,8,56,70,62,135,107,1,126,41,48" hai2="7,5,40,101,19,54,64,116,69,109,61,15,89" hai3="95,38,81,118,133,115,79,4,27,124,121,26,10"/><U74/><E107/><V9/><F116/><W71/><G115/><N who="0" m="44043" /><D87/><U58/><E70/><V17/><F40/><W6/><G118/><T46/><D55/><U29/><E135/><V90/><F101/><W119/><G119/><T104/><D60/><U39/><E39/><V36/><F36/><W130/><G71/><T57/><D57/><U131/><E72/><V92/><F90/><W108/><G38/><T105/><D105/><U44/><E74/><V73/><F73/><W77/><G95/><T85/><D85/><U110/><E29/><V67/><F67/><W86/><G79/><T66/><D66/><U96/><E96/><V21/><F54/><W13/><G86/><T11/><D11/><U68/><E68/><V2/><F2/><W83/><G10/><T3/><D3/><U106/><E1/><V22/><F9/><W128/><G77/><T132/><D132/><U49/><E106/><V112/><F112/><W59/><G133/><T25/><D25/><U111/><E8/><V134/><F134/><W129/><G83/><T31/><D31/><U93/><E0/><V33/><F92/><W84/><G81/><T47/><D47/><U12/><E93/><V51/><F69/><W50/><G84/><T122/><AGARI ba="1,1" hai="32,35,37,42,46,98,103,104,120,122,123" m="44043" machi="122" ten="40,8000,1" yaku="13,1,23,1,52,2" doraHai="28" who="0" fromWho="0" sc="240,93,240,-41,240,-21,270,-21" /><INIT seed="2,0,0,4,3,10" ten="333,199,219,249" oya="2" hai0="43,30,115,104,119,62,7,123,87,90,45,127,9" hai1="99,85,15,25,27,0,78,36,35,91,16,68,17" hai2="79,121,1,118,51,131,124,11,63,116,3,75,95" hai3="64,113,93,4,92,81,41,133,28,21,38,66,13"/><V76/><F121/><W44/><G133/><T73/><D104/><U74/><E0/><V88/><F63/><W49/><G113/><T47/><D73/><U12/><E68/><V23/><F23/><W24/><G38/><T39/><D115/><U84/><E36/><V82/><F79/><W109/><G109/><T70/><D123/><U126/><E74/><V72/><F72/><W103/><G81/><T50/><D119/><U77/><E35/><V102/><F102/><W117/><G117/><T112/><D30/><U57/><E99/><V65/><F65/><N who="3" m="25195" /><G103/><T134/><D62/><U20/><E57/><V40/><F3/><W130/><G130/><T54/><D70/><U22/><REACH who="1" step="1"/><E91/><REACH who="1" ten="333,189,219,249" step="2"/><V56/><F131/><W86/><G86/><T2/><D112/><U83/><E83/><V135/><F116/><W31/><G93/><T58/><D58/><U97/><E97/><V53/><F118/><W32/><G92/><T14/><D2/><U33/><E33/><V114/><F114/><W29/><G32/><T98/><D98/><U111/><E111/><V34/><F34/><W37/><G37/><T71/><D71/><U122/><E122/><V106/><F95/><W107/><G107/><T100/><D39/><U120/><E120/><V105/><F106/><W110/><G110/><T125/><D90/><U96/><E96/><V60/><F105/><W48/><G48/><T55/><D50/><U52/><E52/><V108/><F51/><W129/><G129/><T42/><D55/><U46/><E46/><V69/><F108/><W67/><G67/><T61/><D47/><RYUUKYOKU ba="0,1" sc="333,-15,189,15,219,-15,249,15" hai1="12,15,16,17,20,22,25,27,77,78,84,85,126" hai3="4,13,21,24,28,29,31,41,44,49" /><INIT seed="3,1,1,1,4,46" ten="318,204,204,264" oya="3" hai0="56,45,7,27,111,63,18,11,73,101,48,116,103" hai1="105,38,84,74,1,119,69,115,52,87,6,106,4" hai2="127,67,68,28,129,134,83,78,29,79,104,86,117" hai3="122,100,21,32,80,113,0,58,59,132,60,90,110"/><W98/><G32/><T37/><D73/><U62/><E74/><V72/><F117/><W47/><G0/><T19/><D37/><U93/><E115/><V89/><F127/><W92/><G113/><T54/><D116/><U16/><E38/><V133/><F79/><W121/><G132/><T26/><D111/><U50/><E106/><V97/><F67/><W15/><G110/><T128/><D128/><U99/><E105/><V94/><F68/><W43/><G121/><T124/><D124/><U9/><E119/><V20/><F129/><W44/><G122/><T17/><D101/><U51/><E6/><V114/><F114/><W88/><G80/><T53/><REACH who="0" step="1"/><D103/><REACH who="0" ten="308,204,204,264" step="2"/><U61/><E69/><V130/><F130/><W35/><G100/><T65/><D65/><U126/><E126/><V36/><F36/><W57/><G60/><T135/><D135/><U10/><E62/><V70/><F134/><W49/><G98/><T22/><D22/><U64/><E64/><V91/><F133/><W34/><G21/><T108/><D108/><U85/><E61/><V109/><F109/><W125/><G125/><T42/><D42/><U77/><E77/><V25/><F70/><W75/><G43/><T2/><AGARI ba="1,2" hai="2,7,11,17,18,19,26,27,45,48,53,54,56,63" machi="2" ten="30,4000,0" yaku="1,1,0,1,52,1,53,0" doraHai="46" doraHaiUra="102" who="0" fromWho="0" sc="308,63,204,-11,204,-11,264,-21" /><INIT seed="4,0,0,3,1,52" ten="371,193,193,243" oya="0" hai0="16,9,12,19,29,8,115,30,96,17,93,57,42" hai1="38,34,48,67,21,123,133,62,51,26,83,40,102" hai2="75,128,36,76,31,56,46,85,131,84,73,91,101" hai3="15,121,4,103,23,24,72,97,44,14,68,100,0"/><T108/><D115/><U88/><E123/><V135/><F31/><W134/><G72/><T86/><D108/><U49/><E34/><V69/><F69/><W122/><G68/><T20/><D42/><U60/><E133/><V99/><F46/><W35/><G35/><T112/><D112/><U92/><E38/><V98/><F36/><W90/><G134/><T50/><D86/><N who="1" m="50271" /><E40/><V18/><F18/><W28/><G90/><T39/><D39/><U25/><E25/><V120/><F135/><W130/><G103/><T5/><D8/><U109/><E109/><V61/><F120/><N who="3" m="46187" /><G44/><T53/><D20/><U124/><E124/><V94/><F61/><N who="1" m="23657" /><E92/><V58/><F99/><W10/><G130/><N who="2" m="49705" /><F85/><W70/><G70/><T54/><D54/><U43/><E102/><AGARI ba="0,0" hai="5,9,12,16,17,19,29,30,50,53,57,93,96,102" machi="102" ten="40,7700,0" yaku="8,1,52,1,54,1" doraHai="52" who="0" fromWho="1" sc="371,77,193,-77,193,0,243,0" /><INIT seed="4,1,0,2,1,54" ten="448,116,193,243" oya="0" hai0="23,42,57,63,41,40,21,64,87,86,6,83,46" hai1="92,111,9,35,109,123,47,135,121,76,30,2,94" hai2="7,65,52,59,104,38,112,118,60,134,75,68,53" hai3="10,62,70,20,66,97,51,49,29,72,108,34,88"/><T128/><D128/><U69/><E69/><V78/><F104/><W28/><G72/><T91/><D6/><U27/><E76/><V58/><F7/><W129/><G34/><T113/><D113/><U115/><E47/><V99/><F75/><W105/><G108/><T24/><D87/><U103/><E103/><V0/><F0/><W45/><G129/><T85/><D85/><U56/><E56/><V116/><F78/><W25/><G29/><T133/><D133/><U17/><E94/><V31/><F31/><W15/><G45/><T73/><D73/><U39/><E92/><V82/><F99/><W14/><G14/><T126/><D126/><U132/><E39/><V22/><F22/><W130/><G130/><T79/><D79/><U89/><E89/><V125/><F82/><W19/><G105/><T80/><D80/><U5/><E115/><V102/><F102/><W67/><G67/><T114/><D114/><U1/><E1/><V107/><F107/><W96/><G96/><T110/><D110/><N who="1" m="41995" /><E17/><V84/><F84/><W11/><G97/><T26/><D46/><U122/><AGARI ba="1,0" hai="2,5,9,27,30,35,121,122,123,132,135" m="41995" machi="122" ten="40,5200,0" yaku="23,1,34,2" doraHai="54" who="1" fromWho="1" sc="448,-27,116,55,193,-14,243,-14" /><INIT seed="5,0,0,3,5,114" ten="421,171,179,229" oya="1" hai0="86,77,59,91,104,131,71,20,22,84,98,2,113" hai1="47,48,128,11,129,88,80,13,62,25,8,85,116" hai2="45,135,61,73,42,134,19,105,110,6,103,0,51" hai3="75,27,82,89,65,21,3,94,95,50,44,78,64"/><U132/><E132/><N who="2" m="50731" /><F110/><W52/><G3/><T1/><D71/><U99/><E25/><V5/><F73/><W125/><G125/><T34/><D34/><U57/><E99/><N who="2" m="61695" /><F0/><W83/><G83/><T118/><D1/><U49/><E116/><V40/><F40/><W70/><G70/><T29/><D2/><U107/><E107/><V53/><F19/><W17/><REACH who="3" step="1"/><G95/><REACH who="3" ten="421,171,179,219" step="2"/><T33/><D104/><U43/><E49/><N who="2" m="26807" /><F61/><W79/><G79/><T66/><D77/><U130/><REACH who="1" step="1"/><E13/><REACH who="1" ten="421,161,179,219" step="2"/><V120/><F120/><W26/><G26/><T72/><D118/><U111/><E111/><V101/><F101/><W60/><G60/><T109/><D109/><U81/><E81/><V93/><F93/><W10/><G10/><T55/><D113/><U30/><E30/><V122/><F122/><W97/><AGARI ba="0,2" hai="17,21,27,44,50,52,64,65,75,78,82,89,94,97" machi="97" ten="20,5200,0" yaku="1,1,0,1,7,1,54,1,53,0" doraHai="114" doraHaiUra="127" who="3" fromWho="3" sc="421,-13,161,-26,179,-13,219,72" /><INIT seed="6,0,0,5,2,85" ten="408,135,166,291" oya="2" hai0="33,113,80,1,116,34,127,24,38,65,59,108,30" hai1="40,69,7,48,74,98,44,63,64,49,128,2,61" hai2="112,90,123,23,45,51,135,4,132,115,78,9,43" hai3="94,29,73,67,60,110,71,57,97,129,15,130,133"/><V17/><F78/><W89/><G110/><T118/><D1/><U75/><E128/><N who="3" m="49258" /><G73/><T5/><D5/><U36/><E7/><V109/><F123/><W21/><G133/><N who="2" m="51273" /><F109/><W105/><G105/><T120/><D108/><U32/><E2/><N who="2" m="151" /><F90/><W28/><G71/><T87/><D120/><U119/><E119/><V20/><F20/><W103/><G103/><T13/><D34/><U39/><E32/><V37/><F37/><N who="1" m="14409" /><E75/><V125/><F125/><W77/><G77/><T84/><D38/><N who="1" m="21527" /><E98/><V93/><F93/><W54/><G67/><T53/><D65/><N who="1" m="41135" /><E74/><V6/><F6/><W46/><G46/><T114/><D33/><U68/><AGARI ba="0,0" hai="48,49,63,64,68" m="41135,21527,14409" machi="68" ten="30,8000,1" yaku="35,5" doraHai="85" who="1" fromWho="1" sc="408,-20,135,80,166,-40,291,-20" /><INIT seed="7,0,0,2,3,63" ten="388,215,126,271" oya="3" hai0="66,0,10,135,123,24,81,89,72,14,105,27,4" hai1="18,116,99,50,42,7,55,30,69,58,112,86,23" hai2="31,44,70,40,15,41,107,94,38,101,12,102,49" hai3="5,46,83,91,93,47,122,95,59,17,133,87,110"/><W74/><G122/><T48/><D105/><U111/><E111/><V60/><F102/><W100/><G110/><T43/><D123/><U29/><E112/><V120/><F120/><W19/><G133/><T21/><D135/><U71/><E116/><V28/><F41/><W125/><G125/><T130/><D130/><U84/><E71/><V109/><F31/><W129/><G129/><T65/><D0/><U61/><E7/><V104/><F104/><W20/><G5/><T121/><D121/><U75/><E75/><V80/><F80/><W6/><G6/><T11/><D11/><U45/><E99/><V32/><F94/><W103/><G74/><T108/><D108/><U128/><E128/><V3/><F49/><W97/><G59/><T132/><D132/><U124/><E124/><V115/><F115/><W85/><G19/><T77/><D89/><U16/><E18/><V22/><F22/><W82/><G103/><T79/><D79/><U54/><E42/><V39/><F39/><W131/><G131/><T67/><D21/><U13/><E69/><V26/><F109/><W106/><G106/><T25/><D43/><U57/><E45/><N who="3" m="16906" /><G87/><T119/><REACH who="0" step="1"/><D48/><REACH who="0" ten="378,215,126,271" step="2"/><U1/><E1/><V126/><F126/><W33/><G91/><T113/><D113/><U62/><E50/><V68/><F3/><W9/><G20/><T134/><D134/><U90/><E86/><V98/><REACH who="2" step="1"/><F70/><REACH who="2" ten="378,215,116,271" step="2"/><W92/><G100/><T88/><D88/><U53/><E90/><V78/><F78/><W2/><G2/><T37/><D37/><U118/><E23/><V35/><F35/><RYUUKYOKU ba="0,2" sc="378,15,215,-15,116,15,271,-15" hai0="4,10,14,24,25,27,65,66,67,72,77,81,119" hai2="12,15,26,28,32,38,40,44,60,68,98,101,107" owari="413,51.0,200,-20.0,131,-37.0,256,6.0" /></mjloggm>