<mjloggm ver="2.3"><GO type="169"/><UN n0="%EF%BC%88%E2%89%A7%E2%96%BD%E2%89%A6%EF%BC%89" n1="%E9%96%A2%E7%99%BD%E5%A4%B1%E8%84%9A" n2="%E5%8F%AF%E7%87%83%E6%80%A7%E9%AB%98%E5%9C%A7%E3%82%AC%E3%82%B9" n3="%59%48%56%48" dan="18,16,18,16" rate="2187,2081,2224,2065" sx="M,F,M,F"/><TAIKYOKU oya="0"/><INIT seed="0,0,0,2,5,73" ten="250,250,250,250" oya="0" hai0="57,5,94,109,116,126,63,39,60,107,75,83,25" hai1="78,42,20,74,6,62,21,35,49,87,127,135,119" hai2="50,24,22,33,81,134,128,2,115,45,71,133,13" hai3="89,53,1,72,54,92,11,98,112,114,93,9,124"/><T69/><D107/><U131/><E119/><V86/><F71/><W95/><G72/><T96/><D116/><U32/><E74/><V123/><F115/><W44/><G124/><T70/><D39/><U125/><E62/><V14/><F2/><W34/><G34/><T85/><D75/><U16/><E6/><V67/><F67/><W37/><G37/><T113/><D113/><U79/><E135/><N who="2" m="51723" /><F33/><W132/><G132/><T26/><D5/><U46/><E131/><V10/><F10/><W64/><G64/><T40/><D40/><U61/><E61/><V105/><F105/><W129/><G129/><T77/><D126/><N who="1" m="48139" /><E87/><V47/><F128/><W117/><G117/><T52/><D109/><U15/><E21/><V118/><F123/><W48/><G53/><T66/><REACH who="0" step="1"/><D70/><REACH who="0" ten="240,250,250,250" step="2"/><U110/><E110/><V82/><F118/><W103/><G112/><T101/><AGARI ba="0,1" hai="25,26,52,57,60,63,66,69,77,83,85,94,96,101" machi="101" ten="20,18000,2" yaku="1,1,2,1,0,1,7,1,52,1,54,1,53,0" doraHai="73" doraHaiUra="102" who="0" fromWho="0" sc="240,190,250,-60,250,-60,250,-60" /><INIT seed="0,1,0,0,3,122" ten="430,190,190,190" oya="0" hai0="110,113,53,116,21,7,16,58,94,55,78,117,70" hai1="101,86,69,3,96,33,92,66,87,67,133,83,46" hai2="119,82,9,40,89,31,22,35,124,25,18,108,30" hai3="5,12,95,32,104,59,24,93,68,134,132,91,107"/><T50/><D70/><U0/><E133/><N who="3" m="51306" /><G68/><T85/><D113/><U8/><E33/><V76/><F119/><W39/><G39/><T56/><D7/><U71/><E46/><V63/><F89/><W112/><G112/><T114/><D114/><U106/><E71/><V15/><F63/><W49/><G95/><T13/><D110/><U2/><E69/><V128/><F128/><W29/><G12/><T84/><D84/><U52/><E8/><V37/><F124/><W118/><G5/><T26/><D26/><U28/><E28/><V1/><F108/><W126/><G126/><T90/><D78/><U11/><E11/><V41/><F37/><W34/><G34/><T20/><D20/><U79/><E106/><V77/><F31/><W64/><G118/><T44/><D44/><U109/><E109/><V105/><F105/><W60/><G49/><AGARI ba="1,0" hai="13,16,21,49,50,53,55,56,58,85,90,94,116,117" machi="49" ten="30,12000,1" yaku="7,1,9,1,25,2,54,1" doraHai="122" who="0" fromWho="3" sc="430,123,190,0,190,0,190,-123" /><INIT seed="0,2,0,5,5,108" ten="553,190,190,67" oya="0" hai0="128,83,42,6,48,44,54,10,33,122,125,51,70" hai1="36,64,123,130,65,100,68,117,15,38,103,60,91" hai2="67,92,26,52,24,135,16,9,11,112,115,98,69" hai3="30,39,102,80,31,3,50,127,94,97,111,22,134"/><T118/><D33/><U43/><E117/><V129/><F69/><W89/><G39/><T105/><D118/><U113/><E123/><V84/><F67/><W85/><G3/><T78/><D105/><U81/><E65/><V114/><F84/><W126/><G111/><T23/><D122/><U34/><E34/><V45/><F129/><W0/><G0/><T66/><D128/><U82/><E130/><V88/><F135/><W104/><G134/><T131/><D131/><U72/><E38/><V4/><F4/><W32/><G32/><T107/><D107/><U79/><E113/><V75/><F75/><W8/><G8/><T96/><D96/><U116/><E116/><V132/><F132/><W73/><G50/><T61/><D23/><U25/><E25/><V133/><F133/><W99/><G22/><T110/><D110/><U120/><E120/><V86/><F98/><W109/><G109/><T7/><D10/><U74/><E15/><V106/><F106/><W76/><REACH who="3" step="1"/><G99/><REACH who="3" ten="553,190,190,57" step="2"/><T77/><D48/><U1/><E1/><V40/><F11/><W124/><AGARI ba="2,1" hai="30,31,73,76,80,85,89,94,97,102,104,124,126,127" machi="124" ten="30,16000,3" yaku="1,1,2,1,0,1,24,2,18,1,53,2" doraHai="108" doraHaiUra="27" who="3" fromWho="3" sc="553,-82,190,-42,190,-42,57,176" /><INIT seed="1,0,0,1,1,50" ten="471,148,148,233" oya="1" hai0="15,75,98,69,117,48,47,62,78,99,116,110,22" hai1="6,123,88,101,7,37,13,14,0,57,89,97,70" hai2="119,66,122,59,43,19,65,103,64,127,118,100,30" hai3="112,25,91,8,95,40,76,52,73,38,12,46,115"/><U132/><E70/><V16/><F122/><W41/><G41/><T87/><D75/><U45/><E123/><V120/><F120/><W1/><G1/><T44/><D110/><U107/><E132/><V53/><F43/><W106/><G106/><T130/><D130/><U121/><E121/><V55/><F30/><W84/><G25/><T31/><D69/><U34/><E34/><V81/><F81/><W72/><G72/><T92/><D62/><U42/><E0/><V2/><F2/><W86/><G73/><T39/><D39/><U11/><REACH who="1" step="1"/><E57/><REACH who="1" ten="471,138,148,233" step="2"/><V131/><F59/><W94/><G112/><T20/><D116/><U24/><E24/><V5/><F131/><W80/><G115/><T128/><D117/><N who="2" m="44554" /><F127/><W102/><G102/><N who="2" m="38953" /><F5/><W82/><G46/><T61/><D47/><U51/><E51/><V28/><F28/><W109/><G38/><T104/><D48/><U93/><E93/><V17/><AGARI ba="0,1" hai="16,17,19,53,55,64,65,66" m="38953,44554" machi="17" ten="40,8000,1" yaku="28,2,52,2,54,1" doraHai="50" who="2" fromWho="2" sc="471,-20,138,-40,148,90,233,-20" /><INIT seed="2,0,0,3,5,100" ten="451,98,238,213" oya="2" hai0="41,0,67,127,91,117,69,32,104,63,26,7,8" hai1="33,92,126,84,35,19,78,23,110,46,75,102,62" hai2="131,89,3,11,57,128,103,37,42,55,13,134,80" hai3="90,60,123,38,116,22,70,25,107,68,82,56,101"/><V119/><F119/><W29/><G116/><T120/><D120/><U65/><E75/><V31/><F3/><W18/><G123/><T108/><D117/><U87/><E110/><V105/><F31/><W72/><G38/><T17/><D108/><U88/><E126/><V112/><F112/><W28/><G28/><N who="0" m="19479" /><D91/><U43/><E102/><V83/><F134/><W73/><G73/><T21/><D41/><U133/><E133/><V96/><F42/><W1/><G1/><T27/><D27/><U95/><E95/><V16/><F37/><W66/><G18/><T64/><D64/><U45/><E84/><V106/><F106/><W40/><G40/><T49/><D49/><U115/><E78/><V98/><F98/><W132/><G132/><T118/><D118/><U86/><E86/><V39/><F39/><W79/><REACH who="3" step="1"/><G90/><REACH who="3" ten="451,98,238,203" step="2"/><T9/><D0/><U48/><E115/><V14/><F89/><W47/><G47/><T125/><D17/><U121/><E46/><V36/><F36/><W93/><G93/><T77/><D127/><U2/><E2/><V52/><F14/><W135/><G135/><T34/><D125/><U4/><E121/><V6/><F6/><W85/><G85/><T51/><D7/><U15/><REACH who="1" step="1"/><E4/><REACH who="1" ten="451,88,238,203" step="2"/><V20/><F83/><W76/><G76/><T50/><D77/><U12/><E12/><N who="2" m="9223" /><F80/><W111/><G111/><T71/><D104/><U97/><E97/><AGARI ba="0,2" hai="22,25,29,56,60,66,68,70,72,79,82,97,101,107" machi="97" ten="40,2600,0" yaku="1,1,52,1,53,0" doraHai="100" doraHaiUra="5" who="3" fromWho="1" sc="451,0,88,-26,238,0,203,46" /><INIT seed="3,0,0,0,0,123" ten="451,62,238,249" oya="3" hai0="34,65,14,99,11,84,102,118,94,108,45,122,37" hai1="12,42,109,46,76,29,85,1,127,48,44,6,47" hai2="72,78,68,115,89,4,50,24,27,128,64,62,32" hai3="60,2,106,116,40,75,8,125,55,95,20,87,61"/><W117/><G106/><T36/><D34/><U113/><E1/><V41/><F115/><W66/><G75/><T9/><D122/><U135/><E113/><V70/><F70/><W15/><G40/><T21/><D118/><U30/><E127/><V120/><F120/><W57/><G2/><T131/><D131/><U38/><E38/><V69/><F69/><W96/><G87/><T54/><D37/><U91/><E135/><V18/><F4/><W90/><G20/><T73/><D73/><U119/><E119/><V25/><F128/><W134/><G134/><T22/><D65/><U104/><E104/><V93/><F78/><W10/><G125/><T100/><D36/><U110/><E47/><V77/><F77/><W28/><G28/><N who="1" m="10858" /><E46/><V88/><F72/><W71/><REACH who="3" step="1"/><G8/><REACH who="3" ten="451,62,238,239" step="2"/><T126/><D84/><U33/><E33/><V63/><F32/><W51/><G51/><N who="0" m="29039" /><D11/><N who="1" m="4215" /><E91/><V132/><F132/><W0/><G0/><T3/><D3/><U19/><E19/><AGARI ba="0,1" hai="10,15,19,55,57,60,61,66,71,90,95,96,116,117" machi="19" ten="30,2900,0" yaku="1,1,7,1,53,0" doraHai="123" doraHaiUra="35" who="3" fromWho="1" sc="451,0,62,-29,238,0,239,39" /><INIT seed="3,1,0,2,4,107" ten="451,33,238,278" oya="3" hai0="45,39,23,59,87,68,84,19,124,77,8,91,122" hai1="42,134,21,118,98,48,110,43,63,89,94,32,54" hai2="34,62,105,41,93,111,6,109,70,55,75,106,0" hai3="26,100,96,28,117,71,1,25,131,33,60,92,79"/><W22/><G117/><T116/><D68/><U18/><E118/><V78/><F93/><W112/><G131/><T52/><D116/><U128/><E128/><V57/><F41/><W38/><G112/><T30/><D122/><U133/><E32/><V31/><F70/><W17/><G1/><T126/><D30/><U119/><E119/><V27/><F6/><W113/><G113/><T51/><D8/><U76/><E76/><V82/><REACH who="2" step="1"/><F0/><REACH who="2" ten="451,33,228,278" step="2"/><W2/><G2/><T20/><D126/><U97/><E97/><V69/><F69/><W121/><G121/><T36/><D124/><U64/><E110/><AGARI ba="1,1" hai="27,31,34,55,57,62,75,78,82,105,106,109,110,111" machi="110" ten="40,5200,0" yaku="1,1,14,1,52,1,53,0" doraHai="107" doraHaiUra="88" who="2" fromWho="1" sc="451,0,33,-55,228,65,278,0" owari="451,55.0,-22,-52.0,293,9.0,278,-12.0" /></mjloggm>