<mjloggm ver="2.3"><GO type="169" lobby="0"/><UN n0="%6E%6F%72%69%73%69%6F" n1="%EF%BC%88%E2%89%A7%E2%96%BD%E2%89%A6%EF%BC%89" n2="%E3%81%8F%E3%82%89%E3%81%8F%E3%82%89" n3="%E8%BF%91%E3%82%AA%E3%83%AA%E5%85%9A" dan="16,17,16,16" rate="2081.51,2140.52,2051.93,2059.19" sx="M,M,M,M"/><TAIKYOKU oya="0"/><INIT seed="0,0,0,4,3,69" ten="250,250,250,250" oya="0" hai0="43,83,3,133,2,51,125,38,94,7,10,47,29" hai1="118,14,15,34,44,85,93,42,20,70,105,87,97" hai2="122,86,25,18,108,30,32,48,55,52,59,53,73" hai3="95,21,127,26,89,116,96,37,91,79,65,61,68"/><T126/><D133/><U114/><E118/><V71/><F71/><W130/><G116/><T102/><D29/><U66/><E114/><V67/><F73/><W31/><G130/><T75/><D51/><U58/><E34/><V103/><F122/><W129/><G129/><T27/><D27/><U17/><E70/><V119/><F108/><W135/><G135/><T63/><D63/><N who="1" m="38263" /><E105/><V92/><F119/><W6/><G127/><N who="0" m="48651" /><D94/><U84/><E44/><V115/><F115/><W12/><G79/><N who="0" m="44543" /><D102/><N who="1" m="60719" /><E42/><V49/><F67/><W111/><G111/><T120/><D2/><U131/><E131/><V0/><F0/><W40/><G68/><T81/><D81/><U123/><E123/><AGARI ba="0,0" hai="3,7,10,38,43,47,120,123" m="44543,48651" machi="123" ten="30,11600,0" yaku="25,1,18,1,23,1,52,1" doraHai="69" who="0" fromWho="1" sc="250,116,250,-116,250,0,250,0" /><INIT seed="0,1,0,3,5,52" ten="366,134,250,250" oya="0" hai0="15,32,25,27,74,91,31,67,13,96,35,2,40" hai1="113,128,39,120,45,62,5,131,24,81,114,73,125" hai2="49,69,107,89,70,22,121,60,34,98,112,117,116" hai3="101,88,130,103,105,83,17,108,55,63,119,82,109"/><T23/><D74/><U57/><E5/><V76/><F112/><N who="1" m="43113" /><E24/><V0/><F121/><W58/><G119/><T18/><D40/><N who="1" m="22687" /><E73/><V135/><F34/><W90/><G130/><N who="1" m="49706" /><E81/><V7/><F22/><W47/><G17/><T78/><D2/><U30/><E30/><V93/><F76/><W16/><G105/><T110/><D78/><U64/><E125/><V87/><F135/><W37/><G83/><T50/><D35/><U118/><E118/><V6/><F117/><W71/><G16/><T8/><D32/><U48/><E48/><V44/><F116/><W84/><G90/><T129/><D50/><U19/><E19/><V132/><F132/><W111/><G71/><T97/><D18/><U3/><E3/><V75/><F0/><W122/><G122/><AGARI ba="1,0" hai="57,62,64,120,122" m="49706,22687,43113" machi="122" ten="30,8000,1" yaku="11,1,19,1,34,2,52,1" doraHai="52" who="1" fromWho="3" sc="366,0,134,83,250,0,250,-83" /><INIT seed="1,0,0,2,5,119" ten="366,217,250,167" oya="1" hai0="49,117,29,88,0,87,22,37,7,24,134,30,127" hai1="16,112,28,31,18,25,89,20,13,55,121,36,63" hai2="131,75,128,27,15,51,108,41,122,50,111,68,66" hai3="101,103,120,47,132,126,77,73,34,105,116,9,42"/><U70/><E36/><V33/><F75/><W8/><G34/><T65/><D37/><U62/><E112/><V1/><F1/><W92/><G116/><T39/><D39/><U53/><E121/><V46/><F15/><W21/><G120/><T44/><D117/><U109/><E109/><N who="2" m="42059" /><F33/><W4/><G126/><T32/><D127/><U2/><E2/><V104/><F27/><W10/><G132/><T80/><D65/><U124/><E124/><V106/><F51/><W91/><G105/><N who="2" m="40553" /><F122/><W123/><G123/><T100/><D134/><U72/><E72/><V40/><F40/><W86/><G4/><T35/><D30/><N who="1" m="11307" /><E70/><V76/><F76/><W96/><G21/><T52/><REACH who="0" step="1"/><D100/><REACH who="0" ten="356,217,250,167" step="2"/><U3/><E62/><AGARI ba="0,1" hai="41,46,50,62,66,68,128,131" m="40553,42059" machi="62" ten="40,1300,0" yaku="14,1" doraHai="119" who="2" fromWho="1" sc="356,0,217,-13,250,23,167,0" /><INIT seed="2,0,0,3,1,108" ten="356,204,273,167" oya="2" hai0="80,88,106,34,12,57,84,50,133,83,20,114,1" hai1="5,121,65,92,91,111,81,15,21,132,71,87,70" hai2="28,109,76,17,102,4,93,99,56,51,135,42,7" hai3="72,123,24,58,27,113,77,39,85,98,22,90,9"/><V49/><F109/><W37/><G123/><T38/><D38/><U122/><E111/><V100/><F135/><W112/><G9/><T52/><D34/><U10/><E132/><V30/><F76/><W60/><G27/><T97/><D1/><U18/><E65/><V41/><F102/><W13/><G13/><T68/><D68/><U35/><E35/><V54/><F51/><W23/><G23/><T89/><D133/><U75/><E75/><V101/><F101/><W47/><G72/><T40/><D40/><N who="2" m="15466" /><F17/><W118/><G118/><T55/><D55/><U82/><E71/><V78/><F78/><W67/><G77/><T14/><D114/><N who="3" m="44137" /><G98/><T125/><D20/><U8/><E8/><V124/><F124/><W19/><G47/><T119/><D119/><U53/><E122/><V16/><F16/><W127/><G127/><T36/><D125/><U0/><E121/><V43/><N who="2" m="15474" /><V33/><DORA hai="94" /><F33/><W96/><G96/><T46/><D46/><U48/><REACH who="1" step="1"/><E70/><REACH who="1" ten="356,194,273,167" step="2"/><V116/><F116/><W69/><G69/><T73/><D73/><U128/><E128/><V31/><AGARI ba="0,1" hai="4,7,28,30,31,49,54,56,93,99,100" m="15474" machi="31" ten="40,3900,0" yaku="8,1,52,1" doraHai="108,94" who="2" fromWho="2" sc="356,-13,194,-13,273,49,167,-13" /><INIT seed="2,1,0,1,0,134" ten="343,181,322,154" oya="2" hai0="104,72,98,131,124,77,129,9,46,16,25,114,99" hai1="133,69,76,18,84,105,31,59,115,113,5,135,82" hai2="13,36,83,10,66,30,15,23,28,11,68,109,86" hai3="60,17,37,65,92,39,80,97,123,20,24,125,45"/><V87/><F36/><W27/><G123/><T3/><D114/><U8/><E69/><V90/><F109/><W88/><G125/><T122/><D124/><U107/><E31/><V50/><F68/><W61/><G27/><T33/><D122/><U130/><E18/><V58/><F87/><W78/><G45/><T67/><D67/><U116/><E116/><V38/><F38/><W7/><G7/><T51/><D3/><U21/><E21/><V49/><F49/><W26/><G26/><T119/><D119/><U117/><E117/><V35/><F35/><W106/><G106/><N who="1" m="40458" /><E59/><V74/><F74/><W41/><G41/><T57/><D57/><U43/><E43/><V44/><F30/><W73/><REACH who="3" step="1"/><G61/><REACH who="3" ten="343,181,322,144" step="2"/><T55/><D104/><U2/><E115/><V52/><F28/><W42/><G42/><T100/><D46/><U89/><E113/><V32/><F32/><W63/><G63/><T6/><D33/><U14/><E135/><V112/><F112/><W48/><G48/><T40/><D51/><U95/><E133/><V118/><F118/><W132/><G132/><T1/><D40/><U53/><E5/><V96/><F44/><W126/><G126/><T0/><D6/><U19/><E2/><V71/><F50/><W70/><AGARI ba="1,1" hai="17,20,24,37,39,60,65,70,73,78,80,88,92,97" machi="70" ten="20,5200,0" yaku="1,1,0,1,7,1,54,1,53,0" doraHai="134" doraHaiUra="34" who="3" fromWho="3" sc="343,-14,181,-14,322,-27,144,65" /><INIT seed="3,0,0,4,4,84" ten="329,167,295,209" oya="3" hai0="133,66,81,117,125,19,26,95,94,90,0,101,40" hai1="12,37,76,57,20,78,35,103,9,92,14,126,130" hai2="28,44,85,79,77,100,124,67,115,102,50,43,129" hai3="55,107,123,58,116,61,120,29,18,72,104,25,47"/><W71/><G116/><T91/><D117/><U13/><E35/><V6/><F115/><W2/><G72/><T49/><D0/><U22/><E37/><V119/><F119/><W128/><G2/><T105/><D105/><U122/><E122/><V73/><F129/><W24/><G128/><T1/><D1/><U113/><E113/><V16/><F124/><W87/><G71/><T110/><D133/><U42/><E42/><V99/><F28/><W62/><G107/><T88/><D125/><U32/><E32/><V17/><F6/><W39/><G104/><T27/><D81/><U114/><E114/><V7/><F7/><W70/><G24/><N who="0" m="9259" /><D110/><U5/><E126/><V98/><F67/><W134/><G18/><N who="2" m="7273" /><F73/><W38/><G134/><T65/><D19/><U31/><E130/><V59/><F59/><W112/><G112/><T89/><D101/><N who="2" m="39018" /><F79/><N who="1" m="30249" /><E31/><V8/><F8/><W74/><G74/><T51/><D95/><U15/><E57/><V132/><F132/><W4/><G123/><T53/><D40/><U10/><E9/><V82/><AGARI ba="0,0" hai="43,44,50,77,82,85,98,99" m="39018,7273" machi="82" ten="30,2000,0" yaku="8,1,54,1" doraHai="84" who="2" fromWho="2" sc="329,-5,167,-5,295,20,209,-10" /><INIT seed="4,0,0,3,3,49" ten="324,162,315,199" oya="0" hai0="22,97,125,104,128,18,119,59,43,113,123,33,130" hai1="112,7,131,105,89,92,85,53,60,54,103,90,121" hai2="20,2,65,109,73,1,68,41,99,80,26,48,126" hai3="63,16,74,71,111,64,10,47,24,44,107,34,86"/><T94/><D33/><U91/><E121/><V133/><F109/><W3/><G74/><T52/><D123/><U72/><E72/><V14/><F126/><W58/><G111/><T78/><D119/><U124/><E124/><V19/><F133/><W23/><G107/><T117/><D117/><U134/><E134/><V13/><F65/><W57/><G34/><T61/><D113/><U17/><E131/><N who="0" m="50217" /><D104/><U79/><E112/><V70/><F99/><W93/><G3/><T116/><D116/><U114/><E114/><V88/><F73/><W108/><G108/><T96/><D125/><U21/><E7/><V129/><F129/><W135/><G135/><T115/><D115/><U27/><E105/><V67/><F67/><W39/><G10/><T51/><D78/><U46/><E79/><V62/><F62/><W37/><G71/><T45/><D94/><U15/><E103/><V100/><F100/><W77/><G39/><T120/><D120/><U4/><E60/><V102/><F102/><W66/><G37/><T50/><D61/><U81/><E92/><V30/><F2/><W55/><G66/><T101/><D101/><U36/><E36/><V25/><F1/><W31/><G77/><T82/><D82/><U29/><E4/><V98/><F80/><W35/><G93/><T95/><D95/><U69/><E69/><V76/><F70/><W132/><G132/><T28/><D28/><U110/><E110/><V40/><F68/><W9/><G35/><T106/><D106/><U32/><E46/><N who="2" m="25671" /><F76/><W87/><G47/><T75/><D75/><U56/><E56/><RYUUKYOKU ba="0,0" sc="324,15,162,15,315,-15,199,-15" hai0="18,22,43,45,50,51,52,59,96,97" hai1="15,17,21,27,29,32,53,54,81,85,89,90,91" /><INIT seed="4,1,0,0,1,71" ten="339,177,300,184" oya="0" hai0="38,13,111,1,82,49,85,118,131,106,19,128,133" hai1="88,114,47,55,37,72,26,18,11,61,7,15,66" hai2="36,134,53,34,123,63,93,124,51,6,127,64,105" hai3="10,8,28,62,5,46,121,119,109,20,99,108,23"/><T44/><D118/><U12/><E72/><V112/><F105/><W69/><G99/><T78/><D1/><U102/><E102/><V14/><F34/><W101/><G101/><T2/><D2/><U33/><E114/><V31/><F31/><W81/><G81/><T90/><D106/><U43/><E55/><V54/><F93/><W80/><G80/><T70/><D70/><U21/><E88/><V68/><F14/><W9/><G62/><T42/><D133/><U132/><E132/><V67/><F6/><W65/><G46/><T122/><D122/><U117/><E117/><V103/><F103/><W4/><G65/><T126/><D126/><N who="2" m="48170" /><F134/><W39/><G69/><T113/><D113/><U50/><E33/><V48/><F112/><W92/><G92/><T29/><D29/><U110/><E110/><V22/><F22/><W129/><G119/><T24/><D111/><U35/><E35/><V96/><F96/><W57/><G10/><N who="0" m="6583" /><D78/><U58/><REACH who="1" step="1"/><E50/><REACH who="1" ten="339,167,300,184" step="2"/><N who="2" m="18987" /><F123/><W73/><G121/><T60/><D90/><U94/><E94/><V120/><F120/><W77/><G109/><T40/><D85/><U98/><E98/><V79/><F79/><W83/><G108/><T52/><D82/><U135/><E135/><V56/><F36/><W75/><G39/><T74/><D38/><U25/><AGARI ba="1,1" hai="7,11,12,15,18,21,25,26,37,43,47,58,61,66" machi="25" ten="30,4000,0" yaku="1,1,0,1,52,1,53,0" doraHai="71" doraHaiUra="45" who="1" fromWho="1" sc="339,-21,167,53,300,-11,184,-11" /><INIT seed="5,0,0,1,4,104" ten="318,220,289,173" oya="1" hai0="100,108,110,1,116,33,84,96,8,133,24,97,76" hai1="112,45,67,40,11,95,92,134,91,129,44,53,23" hai2="126,14,10,101,122,74,17,21,70,118,52,35,109" hai3="5,132,22,19,26,6,48,34,102,127,68,86,4"/><U25/><E129/><V62/><F109/><W120/><G68/><T93/><D116/><U105/><E105/><V65/><F118/><W29/><G102/><T80/><D133/><U117/><E117/><V51/><F122/><W18/><G120/><T36/><D36/><U59/><E134/><V39/><F35/><W135/><G86/><T27/><D27/><U3/><E67/><V113/><F113/><W2/><G48/><T47/><D47/><U61/><E112/><V103/><F126/><W114/><G114/><T107/><D1/><U83/><E3/><V106/><F74/><W90/><G90/><T20/><D8/><U64/><E11/><V75/><F75/><W55/><G55/><T111/><D33/><U0/><E0/><V88/><F39/><W50/><G50/><T57/><D57/><U121/><E53/><V85/><F106/><W58/><G58/><T89/><REACH who="0" step="1"/><D111/><REACH who="0" ten="308,220,289,173" step="2"/><U42/><E121/><V46/><F21/><W78/><G127/><T12/><D12/><U37/><E44/><V63/><REACH who="2" step="1"/><F62/><REACH who="2" ten="308,220,279,173" step="2"/><W87/><G135/><T119/><D119/><U7/><E61/><V31/><F31/><AGARI ba="0,2" hai="20,24,31,76,80,84,89,93,96,97,100,107,108,110" machi="31" ten="30,3900,0" yaku="1,1,7,1,53,1" doraHai="104" doraHaiUra="99" who="0" fromWho="2" sc="308,59,220,0,279,-39,173,0" /><INIT seed="6,0,0,2,4,98" ten="367,220,240,173" oya="2" hai0="90,66,6,21,125,111,23,40,80,4,60,2,92" hai1="83,118,12,117,81,51,15,26,113,67,20,34,82" hai2="45,133,10,105,135,35,48,99,88,126,54,65,120" hai3="97,53,5,46,75,61,19,93,72,0,107,27,102"/><V44/><F35/><W14/><G0/><T79/><D111/><U56/><E34/><V1/><F120/><W110/><G110/><T124/><D40/><U16/><E113/><V109/><F109/><W114/><G114/><T128/><D128/><U64/><E118/><V38/><F126/><W43/><G5/><T28/><D6/><U76/><E76/><V121/><F121/><W108/><G27/><T101/><D4/><U25/><E117/><V13/><F1/><W112/><G112/><T50/><D50/><U8/><E51/><V131/><F65/><N who="1" m="25161" /><E56/><V31/><F31/><W47/><G107/><T18/><D28/><U100/><E100/><N who="2" m="62623" /><F131/><W70/><G108/><T86/><D101/><U17/><AGARI ba="0,0" hai="8,12,15,16,17,20,25,26,81,82,83" m="25161" machi="17" ten="30,2000,0" yaku="8,1,54,1" doraHai="98" who="1" fromWho="1" sc="367,-5,220,20,240,-10,173,-5" /><INIT seed="7,0,0,0,2,14" ten="362,240,230,168" oya="3" hai0="104,7,135,76,2,91,133,96,73,67,87,129,86" hai1="48,123,21,63,111,26,18,3,42,84,82,39,72" hai2="52,41,94,99,117,30,75,4,10,105,9,114,107" hai3="74,61,100,32,119,15,134,44,101,35,122,89,109"/><W47/><G122/><T13/><D2/><U71/><E3/><V24/><F75/><W36/><G119/><T102/><D67/><U6/><E39/><V54/><F41/><W103/><G74/><T78/><D129/><U40/><E72/><V125/><F117/><W128/><G128/><T46/><D73/><U49/><E111/><V8/><F4/><W34/><G109/><T64/><D64/><U132/><E132/><N who="0" m="50761" /><D46/><U60/><E71/><V77/><F77/><N who="0" m="29802" /><D91/><N who="1" m="51607" /><E123/><V81/><F81/><W50/><G134/><T28/><D28/><U22/><E42/><V20/><F125/><W112/><G36/><T69/><D69/><U93/><E40/><V0/><F0/><W83/><G112/><T113/><D113/><U88/><E6/><V65/><F114/><W45/><G61/><T23/><D23/><U17/><E63/><V92/><F65/><W37/><G37/><T12/><D7/><U98/><E60/><V126/><F126/><W95/><G83/><T66/><D66/><U97/><E98/><V38/><F38/><W127/><G127/><T68/><D68/><U80/><E80/><V58/><F54/><W70/><G70/><T1/><D1/><U120/><E120/><V11/><N who="2" m="2048" /><DORA hai="90" /><V55/><F55/><W79/><G79/><T130/><D130/><U85/><E97/><V53/><F53/><W51/><G15/><AGARI ba="0,0" hai="12,13,15,86,87,96,102,104" m="29802,50761" machi="15" ten="30,1000,0" yaku="20,1" doraHai="14,90" who="0" fromWho="3" sc="362,10,240,0,230,0,168,-10" /><AGARI ba="0,0" hai="15,17,18,21,22,26,48,49,85,88,93" m="51607" machi="15" ten="30,8000,1" yaku="8,1,52,3,54,1" doraHai="14,90" who="1" fromWho="3" sc="372,0,240,80,230,0,158,-80" owari="372,47.0,320,12.0,230,-17.0,78,-42.0" /></mjloggm>