<mjloggm ver="2.3"><GO type="97"/><UN n0="%E3%81%84%E3%81%A8%E3%81%A8%E3%81%B5%E3%82%86" n1="%47%6C%61%64%69%75%73%2B" n2="%E6%B9%AF%E3%80%85" n3="%EF%BC%88%E2%89%A7%E2%96%BD%E2%89%A6%EF%BC%89" dan="14,13,14,15" rate="1862,1881,1940,1997" sx="M,M,M,M"/><TAIKYOKU oya="0"/><INIT seed="0,0,0,2,2,70" ten="250,250,250,250" oya="0" hai0="109,117,95,12,84,46,124,7,24,52,41,104,73" hai1="128,105,57,130,22,34,122,13,60,121,126,127,61" hai2="27,113,25,102,45,39,114,66,68,101,20,132,88" hai3="97,99,108,75,3,40,30,1,71,14,16,31,44"/><T107/><D117/><U11/><E105/><V106/><F132/><W50/><G71/><T8/><D109/><U26/><E57/><V69/><F66/><W96/><G108/><T53/><D124/><N who="1" m="47659" /><E60/><V9/><F9/><W118/><G118/><T23/><D73/><U123/><E61/><V116/><F116/><W77/><G77/><T76/><D107/><U91/><E91/><V103/><F106/><W129/><G75/><T6/><D104/><U21/><E34/><V18/><F27/><W47/><G129/><N who="1" m="49770" /><E26/><V43/><REACH who="2" step="1"/><F88/><REACH who="2" ten="250,250,240,250" step="2"/><W17/><G97/><T80/><D6/><AGARI ba="0,1" hai="6,11,13,21,22,121,122,123" m="49770,47659" machi="6" ten="40,8000,1" yaku="18,1,19,1,34,2" doraHai="70" who="1" fromWho="0" sc="250,-80,250,90,240,0,250,0" /><INIT seed="1,0,0,5,1,64" ten="170,340,240,250" oya="1" hai0="117,124,36,99,106,52,83,48,98,29,63,97,16" hai1="109,27,65,87,41,73,40,78,66,119,84,50,10" hai2="35,51,37,128,4,76,0,74,111,31,8,11,45" hai3="131,71,81,123,70,126,91,102,7,132,2,85,57"/><U58/><E119/><V75/><F128/><W13/><G123/><T110/><D117/><U33/><E73/><V55/><F111/><W104/><G2/><T61/><D36/><U38/><E38/><V19/><F37/><W5/><G131/><T62/><D106/><U100/><E41/><V122/><F122/><W26/><G132/><T79/><D110/><U93/><E87/><V80/><F75/><W77/><G126/><T90/><D124/><U92/><E109/><V130/><F130/><W44/><G44/><T6/><D6/><U107/><E92/><V103/><F103/><W96/><G26/><T34/><D34/><U133/><E133/><V28/><F35/><W49/><G13/><T95/><D29/><U118/><E93/><V86/><F74/><N who="3" m="43191" /><G57/><T25/><D83/><U15/><E58/><V72/><F72/><W47/><G49/><T30/><D79/><U88/><E50/><V32/><F32/><W112/><G47/><N who="0" m="27679" /><D30/><U3/><E78/><V39/><F39/><W20/><G20/><AGARI ba="0,0" hai="16,20,25,61,62,63,90,95,97,98,99" m="27679" machi="20" ten="30,3900,0" yaku="8,1,54,2" doraHai="64" who="0" fromWho="3" sc="170,39,340,0,240,0,250,-39" /><INIT seed="2,0,0,2,2,102" ten="209,340,240,211" oya="2" hai0="23,41,97,86,25,52,13,112,63,65,72,117,83" hai1="81,5,76,55,135,87,91,56,125,37,44,84,114" hai2="17,109,14,3,74,45,54,64,33,69,79,122,70" hai3="100,1,29,121,7,4,12,94,80,127,88,34,19"/><V38/><F3/><W113/><G121/><T98/><D72/><U124/><E114/><V53/><F122/><W36/><G36/><T101/><D112/><U132/><E5/><V47/><F33/><W24/><G113/><T6/><D117/><U42/><E87/><V106/><F109/><W77/><G100/><T0/><D0/><U133/><E76/><V116/><F116/><W108/><G108/><T120/><D120/><U90/><E90/><V15/><F79/><W118/><G118/><T61/><D41/><U93/><E81/><V31/><F31/><W40/><G40/><T75/><D75/><U9/><E9/><V20/><F74/><W92/><G127/><T66/><D6/><U134/><N who="1" m="34304" /><DORA hai="59" /><U30/><REACH who="1" step="1"/><E30/><REACH who="1" ten="209,330,240,211" step="2"/><V67/><F17/><W131/><G19/><T89/><D101/><U123/><E123/><V71/><F20/><W50/><G7/><T129/><D23/><U18/><E18/><V2/><F2/><W10/><G4/><T82/><D82/><U85/><E85/><V43/><F15/><W16/><G1/><T105/><D83/><U99/><E99/><V119/><F14/><W111/><G77/><T73/><D13/><U68/><E68/><V110/><F119/><W49/><G111/><T35/><D86/><U32/><E32/><V62/><F110/><W130/><G80/><T28/><D89/><U107/><E107/><V95/><F106/><W8/><G8/><T126/><D105/><U78/><E78/><V22/><F22/><W48/><G92/><T58/><D97/><U11/><E11/><V115/><F95/><RYUUKYOKU ba="0,1" sc="209,-15,330,15,240,-15,211,15" hai1="37,42,44,55,56,84,91,93,124,125" hai3="10,12,16,24,29,34,48,49,50,88,94,130,131" /><INIT seed="3,1,1,5,0,3" ten="194,345,225,226" oya="3" hai0="78,125,2,45,66,101,127,13,25,43,91,41,110" hai1="14,111,124,42,81,32,92,119,90,77,97,34,94" hai2="76,116,46,22,115,69,70,1,49,55,99,129,120" hai3="19,109,36,17,73,12,135,84,10,98,123,27,9"/><W121/><G73/><T59/><D2/><U15/><E111/><V7/><F116/><W30/><G36/><T82/><D110/><U37/><E119/><V108/><F108/><W122/><G109/><T74/><D101/><U33/><E124/><N who="0" m="47689" /><D13/><U58/><E37/><V20/><F115/><W4/><G98/><T48/><D25/><U18/><E42/><V85/><F99/><W117/><G117/><T100/><D100/><U87/><E58/><V6/><F129/><W28/><G84/><T131/><D131/><U103/><REACH who="1" step="1"/><E18/><REACH who="1" ten="194,335,225,226" step="2"/><V107/><F70/><W134/><G17/><T102/><D102/><U93/><E93/><V29/><F69/><W106/><G106/><T83/><D59/><U126/><E126/><V21/><F107/><W86/><G122/><T68/><D68/><U89/><E89/><V112/><F120/><W62/><G123/><T96/><D66/><U114/><E114/><V24/><F112/><W105/><G121/><T38/><D83/><U23/><E23/><V71/><F22/><W61/><G105/><T60/><D60/><U11/><E11/><V95/><F21/><N who="3" m="15471" /><G61/><T88/><D96/><AGARI ba="1,2" hai="14,15,32,33,34,77,81,87,90,92,94,96,97,103" machi="96" ten="40,1300,0" yaku="1,1,53,0" doraHai="3" doraHaiUra="47" who="1" fromWho="0" sc="194,-16,335,36,225,0,226,0" owari="178,-32.0,371,46.0,225,-17.0,226,3.0" /></mjloggm>