<mjloggm ver="2.3"><GO type="41"/><UN n0="%E9%8A%83%E5%BC%BE%E3%81%AE%E9%9B%A8" n1="%E3%83%9E%E3%82%B9%E3%82%A2%E3%83%94%E3%83%BC%E3%83%AB" n2="%EF%BC%88%E2%89%A7%E2%96%BD%E2%89%A6%EF%BC%89" n3="%E7%97%B4%E5%A5%B3%E3%81%AE%E5%AE%85%E6%80%A5%E4%BE%BF" dan="15,13,15,14" rate="2090,1939,2034,1893" sx="M,M,M,M"/><TAIKYOKU oya="0"/><INIT seed="0,0,0,0,0,78" ten="250,250,250,250" oya="0" hai0="70,57,126,19,95,26,124,112,97,109,24,28,86" hai1="117,125,14,35,29,23,8,107,77,44,45,96,48" hai2="55,122,123,85,43,2,12,82,13,71,60,38,120" hai3="50,22,30,72,7,84,47,41,32,63,80,114,88"/><T1/><D112/><U59/><E117/><V68/><F2/><W64/><G72/><T130/><D70/><U81/><E35/><V10/><F55/><W108/><G108/><T52/><D109/><U62/><E125/><N who="0" m="48233" /><D130/><U39/><E39/><V113/><F113/><W4/><G32/><T67/><D1/><U17/><E107/><V74/><F74/><W134/><G134/><T34/><D67/><U16/><E96/><V87/><F60/><W91/><G91/><T102/><D86/><N who="1" m="48431" /><E29/><V103/><F103/><W58/><G114/><T27/><D19/><U111/><E111/><V106/><F106/><W0/><G0/><T31/><D34/><U15/><E48/><AGARI ba="0,0" hai="24,26,27,28,31,48,52,57,95,97,102" m="48233" machi="48" ten="30,2900,0" yaku="18,1,54,1" doraHai="78" who="0" fromWho="1" sc="250,29,250,-29,250,0,250,0" /><INIT seed="0,1,0,4,5,69" ten="279,221,250,250" oya="0" hai0="122,96,19,26,118,54,89,77,59,105,48,124,6" hai1="52,116,133,98,49,127,106,97,108,110,120,45,134" hai2="38,53,125,95,91,93,115,41,20,57,74,40,101" hai3="25,121,31,10,37,75,29,14,23,17,39,130,111"/><T34/><D118/><U81/><E116/><V42/><F115/><W35/><G75/><T132/><D122/><U50/><E120/><V64/><F125/><W126/><G126/><T92/><D124/><U62/><E127/><V128/><F128/><W13/><G121/><T76/><D132/><N who="1" m="50795" /><E106/><V100/><F74/><W119/><G130/><T117/><D117/><U11/><E11/><V8/><F38/><W102/><G102/><N who="2" m="39529" /><F8/><W90/><G111/><N who="1" m="42538" /><E62/><N who="2" m="36143" /><F95/><W43/><G43/><T55/><D105/><U58/><E81/><V2/><F2/><W73/><G73/><T123/><D6/><U3/><E3/><V30/><F64/><W104/><G104/><T28/><D123/><U16/><E16/><V88/><F93/><W113/><G119/><T70/><D70/><U33/><E33/><V99/><F99/><W72/><G72/><T56/><D19/><U47/><E47/><V79/><F79/><W71/><G71/><T27/><D27/><AGARI ba="1,0" hai="20,27,30,40,41,42,88,91" m="36143,39529" machi="27" ten="30,2000,0" yaku="8,1,54,1" doraHai="69" who="2" fromWho="0" sc="279,-23,221,0,250,23,250,0" /><INIT seed="1,0,0,0,4,95" ten="256,221,273,250" oya="1" hai0="108,12,23,65,85,81,68,103,58,56,57,10,33" hai1="41,106,11,7,61,52,67,21,89,39,50,48,107" hai2="63,8,135,44,73,71,55,72,13,62,17,42,60" hai3="80,118,76,87,34,83,109,69,3,53,1,100,4"/><U35/><E35/><V90/><F135/><W47/><G69/><T91/><D108/><U121/><E121/><V86/><F71/><W129/><G34/><T36/><D33/><U6/><E39/><V0/><F0/><W54/><G109/><T114/><D114/><U22/><E41/><V82/><REACH who="2" step="1"/><F42/><REACH who="2" ten="256,221,263,250" step="2"/><W111/><G3/><T28/><D68/><U98/><E107/><V104/><F104/><W5/><G1/><T112/><D112/><U31/><E106/><V64/><F64/><W20/><G111/><T123/><D123/><U93/><E67/><V133/><F133/><W2/><G2/><T45/><D65/><U128/><E128/><V9/><F9/><W78/><G129/><T105/><D36/><U120/><E120/><V43/><F43/><W37/><G37/><T84/><D105/><U46/><E11/><V102/><F102/><W59/><G100/><T74/><D103/><U122/><E122/><V79/><F79/><W51/><G78/><T116/><D116/><U101/><E101/><V126/><F126/><W38/><G76/><T29/><D74/><U124/><E124/><V40/><F40/><W30/><G38/><T66/><D66/><U16/><E31/><V94/><F94/><W14/><G118/><T127/><D127/><U97/><E61/><V15/><F15/><W70/><G14/><T27/><D28/><U125/><E125/><V32/><F32/><W132/><G30/><T88/><D10/><U134/><E134/><V110/><F110/><W49/><G132/><T24/><D12/><N who="1" m="9351" /><E22/><V130/><F130/><W75/><G70/><RYUUKYOKU ba="0,1" sc="256,-10,221,-10,263,30,250,-10" hai2="8,13,17,44,55,60,62,63,72,73,82,86,90" /><INIT seed="2,1,1,2,3,13" ten="246,211,293,240" oya="2" hai0="14,43,114,72,100,76,28,107,82,8,112,115,22" hai1="125,69,129,16,6,20,61,1,63,77,99,71,83" hai2="31,128,33,56,60,106,118,85,7,27,23,131,47" hai3="44,74,73,120,89,95,66,42,105,38,18,97,49"/><V104/><F118/><W111/><G120/><T103/><D107/><U67/><E125/><V59/><F7/><W41/><G66/><T75/><D75/><U25/><E129/><N who="2" m="49739" /><F47/><W53/><G111/><T62/><D43/><U37/><E37/><V21/><F85/><W30/><G30/><T88/><D62/><U123/><E123/><V52/><F59/><W92/><G105/><AGARI ba="1,1" hai="21,23,27,31,33,52,56,60,104,105,106" m="49739" machi="105" ten="30,2900,0" yaku="19,1,54,1" doraHai="13" who="2" fromWho="3" sc="246,0,211,0,293,42,240,-32" /><INIT seed="2,2,0,2,0,38" ten="246,211,335,208" oya="2" hai0="24,48,120,102,119,30,67,14,9,39,27,106,112" hai1="130,73,41,42,33,70,134,135,34,35,118,59,31" hai2="74,17,44,132,3,125,117,82,28,72,15,61,57" hai3="90,77,89,78,56,99,52,10,55,66,50,86,6"/><V100/><F117/><W47/><G99/><T2/><D112/><U126/><E118/><V111/><F3/><W11/><G66/><T133/><D120/><U110/><E73/><V0/><F0/><W40/><G56/><T84/><D39/><U88/><E70/><V22/><F125/><W108/><G108/><T116/><D2/><U80/><E31/><V5/><F132/><N who="1" m="50729" /><E110/><V128/><F111/><W121/><G121/><T68/><D133/><U104/><E104/><V97/><F128/><W43/><G55/><T25/><D30/><U32/><N who="1" m="8704" /><DORA hai="95" /><U65/><E126/><V131/><F131/><W71/><G71/><T87/><D48/><U122/><E122/><V49/><F28/><W13/><G11/><T54/><D54/><U8/><E8/><V109/><F109/><W23/><G23/><T58/><D58/><U60/><E130/><V26/><F74/><W29/><G29/><T1/><D1/><U19/><E19/><V83/><F72/><W127/><G127/><T101/><D67/><U7/><E7/><V129/><F5/><W105/><G105/><T81/><D68/><U75/><E75/><V92/><F129/><W103/><G103/><N who="0" m="39435" /><D106/><U69/><E69/><V96/><F57/><W124/><G124/><T76/><D14/><U21/><E21/><V4/><F15/><W53/><G53/><T115/><D9/><U114/><E114/><V94/><F4/><W85/><G78/><N who="0" m="46135" /><D115/><U51/><E51/><V36/><F36/><W98/><G98/><T113/><D113/><U63/><E63/><V45/><F61/><W123/><G123/><RYUUKYOKU ba="2,0" sc="246,15,211,15,335,-15,208,-15" hai0="24,25,27,76,87,116,119" hai1="41,42,59,60,65,80,88" /><INIT seed="3,3,0,2,2,99" ten="261,226,320,193" oya="3" hai0="129,90,10,77,120,51,68,11,37,57,67,133,46" hai1="3,8,2,108,132,36,87,58,101,60,110,17,43" hai2="62,79,105,116,49,119,125,29,118,44,26,38,59" hai3="61,96,23,76,83,109,126,75,31,100,81,34,40"/><W124/><G109/><N who="1" m="42090" /><E132/><V25/><F125/><N who="3" m="48235" /><G40/><T86/><D120/><U18/><E36/><V22/><F79/><W13/><G34/><T9/><D133/><U19/><E43/><V128/><F128/><W71/><G83/><T89/><D129/><U97/><E87/><V12/><F105/><N who="3" m="63623" /><G61/><N who="0" m="38319" /><D68/><U52/><E8/><V33/><F38/><W7/><G71/><T4/><D37/><U122/><E122/><V21/><F12/><W24/><G13/><N who="0" m="5287" /><D77/><U74/><E74/><V0/><F0/><W39/><G39/><T78/><D78/><U27/><E27/><V131/><F131/><W113/><G7/><T72/><D72/><U91/><E91/><N who="0" m="34825" /><D86/><U134/><E134/><V6/><F6/><W42/><G42/><AGARI ba="3,0" hai="10,11,42,46,51" m="34825,5287,38319" machi="42" ten="30,1000,0" yaku="8,1" doraHai="99" who="0" fromWho="3" sc="261,19,226,0,320,0,193,-19" /><INIT seed="4,0,0,4,4,92" ten="280,226,320,174" oya="0" hai0="11,121,66,132,64,80,128,105,100,23,24,48,52" hai1="38,68,18,107,110,71,85,55,129,82,119,72,89" hai2="61,117,112,104,51,46,8,12,54,41,131,123,96" hai3="56,133,7,91,65,63,95,122,109,118,127,15,76"/><T135/><D121/><U77/><E110/><V27/><F123/><W19/><G122/><T40/><D128/><U5/><E119/><V49/><F117/><W101/><G109/><T6/><D40/><U62/><E38/><V14/><F131/><W21/><G133/><N who="0" m="51275" /><D80/><U57/><E107/><V86/><F112/><W20/><G127/><T124/><D124/><U73/><E73/><V36/><F36/><W31/><G7/><T17/><D100/><U81/><E129/><V79/><F61/><W34/><G101/><T113/><D105/><U83/><E83/><N who="2" m="47487" /><F104/><W30/><G76/><T130/><D130/><U93/><E82/><V108/><F108/><W115/><G115/><T97/><D113/><U67/><E5/><N who="2" m="3087" /><F27/><W103/><G103/><T1/><D97/><U42/><E42/><V10/><F96/><N who="3" m="57471" /><G118/><T87/><D87/><U111/><E111/><V98/><F98/><W134/><G134/><T59/><AGARI ba="0,0" hai="1,6,11,17,23,24,48,52,59,64,66" m="51275" machi="59" ten="30,3000,0" yaku="20,1,54,1" doraHai="92" who="0" fromWho="0" sc="280,30,226,-10,320,-10,174,-10" /><INIT seed="4,1,0,1,3,40" ten="310,216,310,164" oya="0" hai0="88,113,96,77,92,21,61,25,2,19,43,86,16" hai1="130,47,58,8,71,98,26,9,32,67,83,35,97" hai2="15,128,124,0,103,115,81,37,126,131,87,27,122" hai3="85,50,107,84,78,75,80,42,18,49,34,52,99"/><T105/><D113/><U135/><E71/><V41/><F0/><W48/><G34/><T93/><D2/><U28/><E35/><V12/><F122/><W117/><G117/><T56/><D105/><U112/><E112/><V13/><F115/><W129/><G129/><N who="2" m="49737" /><F103/><W108/><G108/><T114/><D114/><U11/><E130/><V30/><F37/><W31/><G31/><N who="0" m="17839" /><D43/><U29/><E29/><V51/><F41/><W4/><G4/><T64/><D77/><U79/><E135/><V121/><F51/><W100/><G18/><T111/><D111/><U110/><E110/><V69/><F69/><W70/><G70/><T66/><D66/><U38/><E38/><V17/><F121/><W133/><G133/><T123/><D123/><U95/><E95/><V5/><F5/><W132/><G132/><T65/><D65/><U104/><E104/><V91/><F17/><W55/><REACH who="3" step="1"/><G42/><REACH who="3" ten="310,216,310,154" step="2"/><T63/><D63/><U24/><E32/><AGARI ba="1,1" hai="12,13,15,27,30,32,81,87,91,124,126" m="49737" machi="32" ten="30,1000,0" yaku="19,1" doraHai="40" who="2" fromWho="1" sc="310,0,216,-13,310,23,154,0" /><INIT seed="5,0,0,4,4,115" ten="310,203,333,154" oya="1" hai0="38,44,15,89,16,21,71,63,109,76,30,112,28" hai1="25,58,61,64,88,54,51,23,43,59,111,117,73" hai2="100,101,34,0,97,7,124,119,4,32,24,113,42" hai3="68,102,20,86,96,91,69,131,99,123,125,17,129"/><U116/><E73/><V6/><F0/><W66/><G123/><T121/><D109/><U108/><E43/><V122/><F122/><W48/><G125/><T3/><D121/><U83/><E83/><V130/><F124/><W133/><G48/><T92/><D3/><U126/><E88/><V50/><F130/><N who="3" m="49675" /><G66/><T40/><D76/><U33/><E33/><V106/><F113/><W29/><G29/><T60/><D112/><U8/><E8/><V11/><F11/><W19/><G133/><T118/><D118/><U57/><E57/><V70/><F70/><N who="3" m="27243" /><G20/><T78/><D78/><U49/><E49/><V35/><F119/><W36/><G36/><T52/><D63/><U72/><E72/><V87/><F101/><W65/><G65/><T127/><D127/><U55/><E64/><V74/><F74/><W80/><G102/><T14/><D14/><U94/><E94/><V79/><F24/><W120/><G120/><T62/><D62/><U22/><E126/><V46/><F35/><W5/><G5/><T45/><D71/><U128/><E128/><V37/><F37/><W82/><G82/><T1/><D1/><U81/><E81/><V110/><F110/><N who="1" m="42025" /><E22/><V114/><F114/><W77/><G77/><T12/><D60/><U105/><E105/><V75/><F75/><W53/><G53/><T107/><D107/><U135/><E135/><V2/><F2/><W134/><G134/><T95/><D95/><U18/><AGARI ba="0,0" hai="18,23,25,51,54,55,58,59,61,116,117" m="42025" machi="18" ten="30,6000,0" yaku="10,1,52,2" doraHai="115" who="1" fromWho="1" sc="310,-20,203,60,333,-20,154,-20" /><INIT seed="5,1,0,2,0,123" ten="290,263,313,134" oya="1" hai0="110,45,98,13,55,62,103,95,85,24,11,130,72" hai1="57,5,7,47,44,6,133,71,125,86,91,121,33" hai2="43,124,119,2,76,31,83,27,68,69,96,58,127" hai3="128,135,79,74,129,104,111,49,35,122,87,25,92"/><U90/><E121/><V70/><F119/><W134/><G35/><T8/><D72/><U54/><E33/><V52/><F2/><W42/><G122/><T81/><D130/><N who="3" m="50281" /><G25/><T3/><D3/><U80/><E71/><V28/><F43/><W102/><G42/><T39/><D39/><U118/><E118/><V14/><F96/><N who="3" m="61511" /><G49/><T40/><D110/><U30/><E30/><V38/><F14/><W120/><G120/><T106/><D24/><U32/><E32/><V17/><F17/><W9/><G9/><T117/><D117/><U77/><E125/><N who="2" m="48203" /><F38/><W66/><G66/><T4/><D8/><U107/><E107/><V16/><F16/><W82/><G74/><T46/><D40/><U114/><E114/><V73/><F27/><W132/><G92/><T19/><D106/><U109/><E109/><AGARI ba="1,0" hai="79,82,87,109,111,132,134,135" m="61511,50281" machi="109" ten="40,12000,2" yaku="20,1,19,1,34,2,52,2" doraHai="123" who="3" fromWho="1" sc="290,0,263,-123,313,0,134,123" /><INIT seed="6,0,0,0,1,91" ten="290,140,313,257" oya="2" hai0="0,32,130,85,103,121,124,54,75,110,113,45,120" hai1="53,59,52,31,132,66,16,22,83,3,51,100,76" hai2="11,69,106,33,20,135,133,73,34,71,94,14,95" hai3="27,48,81,41,65,114,89,64,35,93,77,63,42"/><V36/><F73/><W5/><G5/><T74/><D110/><U19/><E132/><N who="2" m="50763" /><F106/><W104/><G104/><T38/><D0/><U40/><E3/><V15/><F36/><W13/><G13/><N who="2" m="4617" /><F20/><W101/><G35/><N who="2" m="13321" /><F11/><W122/><G122/><T115/><D32/><U4/><E100/><V26/><F26/><W29/><G101/><T128/><D103/><U98/><E4/><V12/><F12/><W49/><G27/><T78/><D75/><U24/><E98/><V105/><F105/><W57/><G29/><T7/><D7/><U108/><E108/><V92/><AGARI ba="0,0" hai="69,71,92,94,95" m="13321,4617,50763" machi="92" ten="40,18000,2" yaku="28,2,20,1,52,3" doraHai="91" who="2" fromWho="2" sc="290,-60,140,-60,313,180,257,-60" /><INIT seed="6,1,0,2,0,25" ten="230,80,493,197" oya="2" hai0="39,16,42,15,132,8,129,133,56,62,75,72,1" hai1="14,10,103,115,135,60,0,12,55,120,74,89,19" hai2="124,52,70,4,66,34,48,37,109,125,69,49,107" hai3="112,50,114,119,98,117,45,130,40,57,86,29,105"/><V104/><F37/><W18/><G86/><T81/><D1/><U21/><E135/><N who="0" m="51785" /><D129/><U131/><E131/><V77/><F77/><W92/><G130/><T126/><D126/><N who="2" m="48746" /><F109/><W116/><G105/><N who="2" m="40521" /><F34/><W26/><G57/><T67/><D81/><U38/><E38/><V101/><F101/><N who="3" m="60615" /><G18/><T20/><D42/><U91/><E115/><N who="3" m="44074" /><G119/><T83/><D39/><U111/><E111/><V58/><F66/><W110/><G110/><T11/><D83/><U51/><E120/><V96/><F96/><W122/><G122/><T17/><D11/><U73/><E73/><V54/><F4/><W9/><G9/><T5/><D5/><U68/><E74/><V46/><AGARI ba="1,0" hai="46,48,49,52,54,58,69,70" m="40521,48746" machi="46" ten="30,3000,0" yaku="18,1,54,1" doraHai="25" who="2" fromWho="2" sc="230,-11,80,-11,493,33,197,-11" /><INIT seed="6,2,0,2,2,128" ten="219,69,526,186" oya="2" hai0="22,93,16,35,87,135,58,114,36,103,99,126,124" hai1="25,2,10,129,81,15,117,69,70,123,11,119,17" hai2="14,24,45,80,20,122,118,67,120,37,79,106,53" hai3="101,23,49,48,96,85,50,74,131,91,44,29,26"/><V113/><F118/><W72/><G131/><T13/><D35/><U82/><E15/><V55/><F106/><W63/><G63/><T108/><D108/><U1/><E129/><V77/><F113/><W107/><G72/><T71/><D71/><U130/><E130/><V4/><F67/><W64/><G64/><T83/><D36/><U100/><E25/><V65/><F65/><W6/><G6/><T54/><D114/><U133/><E17/><V98/><F98/><W47/><REACH who="3" step="1"/><G74/><REACH who="3" ten="219,69,526,176" step="2"/><T92/><D126/><U109/><E109/><V86/><F4/><W33/><G33/><T30/><D124/><U125/><E125/><V68/><F122/><W3/><G3/><T66/><D66/><U46/><E123/><V104/><F120/><W88/><G88/><T76/><D30/><U0/><E0/><V61/><F68/><W8/><G8/><T94/><REACH who="0" step="1"/><D135/><REACH who="0" ten="209,69,526,176" step="2"/><U34/><E34/><V75/><F75/><W73/><G73/><T56/><D56/><U52/><E100/><V95/><F77/><W41/><G41/><T18/><D18/><U57/><E57/><V62/><F79/><W59/><G59/><T132/><D132/><U105/><E46/><V7/><F45/><W28/><G28/><T12/><D12/><U40/><E40/><V38/><F14/><W127/><G127/><T43/><D43/><U60/><E133/><V78/><F7/><W121/><G121/><T111/><D111/><U89/><E117/><V110/><F78/><W21/><G21/><T112/><D112/><U9/><E119/><V116/><F20/><W5/><G5/><RYUUKYOKU ba="2,2" sc="209,15,69,-15,526,-15,176,15" hai0="13,16,22,54,58,76,83,87,92,93,94,99,103" hai3="23,26,29,44,47,48,49,50,85,91,96,101,107" /><INIT seed="7,3,2,2,2,87" ten="224,54,511,191" oya="3" hai0="34,59,134,131,82,43,19,92,104,3,120,117,84" hai1="23,35,88,70,54,74,16,18,29,4,67,126,51" hai2="36,0,107,96,52,114,20,113,8,108,1,55,122" hai3="97,119,48,6,60,76,47,110,44,127,57,39,115"/><W86/><G119/><T24/><D120/><U63/><E126/><V26/><F122/><W118/><G118/><T49/><D117/><U121/><E121/><V90/><F36/><W129/><G127/><T21/><D104/><U7/><E74/><V22/><F108/><W11/><G129/><T30/><D3/><N who="2" m="1098" /><F8/><W64/><G39/><T116/><D116/><U111/><E111/><V58/><F26/><W41/><G110/><T50/><D131/><U27/><E18/><V98/><F55/><W94/><G47/><T77/><D134/><U112/><E112/><N who="2" m="43115" /><F107/><W106/><G106/><T32/><D32/><U99/><E54/><V61/><F90/><N who="3" m="55511" /><G115/><T14/><D43/><U71/><E71/><V100/><F100/><W85/><G76/><T93/><D59/><U78/><E78/><V109/><F109/><W105/><G105/><T17/><D17/><U69/><E69/><V81/><F81/><W65/><G64/><T91/><REACH who="0" step="1"/><D92/><REACH who="0" ten="214,54,511,191" step="2"/><U2/><E2/><V31/><F31/><W37/><G37/><T10/><D10/><U89/><E51/><V135/><F98/><AGARI ba="3,3" hai="14,19,21,24,30,34,49,50,77,82,84,91,93,98" machi="98" ten="30,3900,0" yaku="1,1,7,1,52,1,53,0" doraHai="87" doraHaiUra="38" who="0" fromWho="2" sc="214,78,54,0,511,-48,191,0" owari="292,9.0,54,-45.0,463,57.0,191,-21.0" /></mjloggm>