<mjloggm ver="2.3"><GO type="97"/><UN n0="%E3%82%A6%E3%83%AB%E3%83%88%E3%83%A9%E7%AB%8B%E7%9B%B4" n1="%74%65%65%6E%61%67%65%72" n2="%E3%82%84%E3%81%BF%E3%81%A6%E3%82%93" n3="%E3%81%95%E3%82%8C%E3%82%93" dan="15,14,14,14" rate="1944,1884,1956,1975" sx="M,M,M,M"/><TAIKYOKU oya="0"/><INIT seed="0,0,0,5,3,5" ten="250,250,250,250" oya="0" hai0="96,39,51,33,42,6,111,95,45,97,7,119,126" hai1="87,46,122,71,69,26,83,124,117,25,106,98,20" hai2="54,109,36,53,113,32,49,100,59,92,65,77,127" hai3="85,94,48,0,9,135,11,125,79,14,110,2,35"/><T91/><D119/><U56/><E122/><V131/><F113/><W103/><G35/><T16/><D126/><U82/><E124/><V18/><F36/><W55/><G125/><T30/><D111/><U10/><E117/><V101/><F127/><W114/><G114/><T22/><D39/><U115/><E115/><V44/><F109/><W63/><G110/><T21/><D33/><U132/><E132/><V72/><F32/><W58/><G135/><T23/><D30/><U88/><E26/><V133/><F65/><N who="3" m="39159" /><G2/><T107/><D107/><U4/><E46/><V116/><F116/><W86/><G0/><T130/><D130/><U129/><E129/><V1/><F131/><W19/><G103/><T43/><D43/><U67/><E106/><V102/><F72/><W81/><G94/><T75/><D75/><U93/><E56/><V60/><F77/><W134/><G86/><T73/><D73/><U27/><E27/><V34/><F34/><W128/><G128/><T68/><D68/><U29/><E67/><V74/><F74/><W40/><G40/><T15/><REACH who="0" step="1"/><D97/><REACH who="0" ten="240,250,250,250" step="2"/><U112/><E112/><V104/><F104/><W12/><G134/><T120/><D120/><U80/><REACH who="1" step="1"/><E98/><REACH who="1" ten="240,240,250,250" step="2"/><N who="2" m="59463" /><F133/><W8/><G19/><T24/><D24/><U61/><E61/><V64/><F18/><W76/><G76/><T41/><D41/><U121/><E121/><V84/><F60/><W108/><G108/><T13/><D13/><AGARI ba="0,2" hai="4,10,13,20,25,29,69,71,80,82,83,87,88,93" machi="13" ten="40,8000,1" yaku="1,1,52,1,54,1,53,2" doraHai="5" doraHaiUra="66" who="1" fromWho="0" sc="240,-80,240,100,250,0,250,0" /><INIT seed="1,0,0,0,4,3" ten="160,340,250,250" oya="1" hai0="5,116,21,86,41,65,27,67,84,12,60,44,115" hai1="8,28,93,98,52,72,125,82,79,36,53,110,13" hai2="99,19,113,24,63,0,11,43,109,38,106,74,134" hai3="121,105,33,111,119,69,42,87,70,133,95,57,89"/><U91/><E36/><V29/><F109/><W55/><G121/><T68/><D115/><U81/><E110/><V76/><F19/><W75/><G111/><T120/><D116/><U40/><E40/><V96/><F96/><W135/><G105/><T46/><D120/><U50/><E125/><V23/><F113/><W97/><G75/><T66/><D68/><U94/><E28/><V34/><F23/><W122/><G33/><T101/><D101/><U128/><E128/><V45/><F63/><W37/><G122/><T47/><D60/><U26/><E26/><V88/><F88/><N who="3" m="55527" /><G119/><T61/><D61/><U104/><E81/><N who="2" m="45207" /><F99/><W6/><G6/><T9/><REACH who="0" step="1"/><D41/><REACH who="0" ten="150,340,250,250" step="2"/><U2/><E104/><V20/><F106/><W118/><G118/><T39/><D39/><U22/><E2/><V64/><F0/><W1/><G42/><T18/><AGARI ba="0,1" hai="5,9,12,18,21,27,44,46,47,65,66,67,84,86" machi="18" ten="30,8000,1" yaku="1,1,0,1,8,1,52,1,53,1" doraHai="3" doraHaiUra="17" who="0" fromWho="0" sc="150,90,340,-40,250,-20,250,-20" /><INIT seed="2,0,0,0,1,4" ten="240,300,230,230" oya="2" hai0="47,58,73,83,99,12,68,129,22,92,116,104,109" hai1="65,121,14,18,40,133,39,48,60,30,9,100,87" hai2="85,125,132,20,120,10,113,29,24,126,2,106,115" hai3="51,42,7,37,25,122,86,27,54,62,35,53,91"/><V127/><F106/><W28/><G122/><T78/><D68/><U90/><E121/><V135/><F120/><W130/><G130/><T55/><D129/><U95/><E133/><N who="2" m="51275" /><F85/><W44/><G27/><T97/><D116/><U31/><E39/><V66/><F66/><W63/><G7/><AGARI ba="0,0" hai="2,7,10,20,24,29,113,115,125,126,127" m="51275" machi="7" ten="40,12000,1" yaku="18,1,20,1,34,2,52,1" doraHai="4" who="2" fromWho="3" sc="240,0,300,0,230,120,230,-120" /><INIT seed="2,1,0,1,5,116" ten="240,300,350,110" oya="2" hai0="47,91,109,119,27,49,25,44,41,68,130,103,90" hai1="14,66,52,2,123,80,101,71,67,89,9,57,65" hai2="106,3,78,124,76,96,115,19,28,81,6,5,48" hai3="74,135,72,125,39,45,84,128,64,54,59,85,129"/><V127/><F115/><W114/><G114/><T62/><D103/><U95/><E2/><V60/><F28/><W16/><G64/><N who="0" m="40983" /><D27/><U134/><E71/><V133/><F133/><W8/><G135/><T31/><D25/><U40/><E134/><V50/><F78/><W100/><G125/><N who="2" m="48201" /><F60/><N who="3" m="35959" /><G100/><T56/><D91/><U126/><E126/><V24/><F106/><W110/><G110/><T34/><D90/><U55/><E40/><V7/><F96/><W122/><G122/><T104/><D104/><U17/><E101/><V30/><F19/><W113/><G113/><T13/><D13/><U97/><E80/><V63/><F63/><W4/><G85/><T58/><D31/><U120/><REACH who="1" step="1"/><E55/><REACH who="1" ten="240,290,350,110" step="2"/><V43/><F43/><N who="3" m="22783" /><G84/><T70/><D119/><U37/><E37/><V75/><F3/><W53/><G53/><N who="0" m="29863" /><D109/><U12/><E12/><V69/><F81/><W108/><G108/><T21/><D34/><U94/><E94/><V42/><F75/><W121/><G74/><T51/><D21/><U79/><E79/><V77/><F30/><W98/><G72/><T92/><D92/><U105/><E105/><V88/><F77/><W23/><G98/><T82/><D82/><U118/><E118/><V102/><F76/><W61/><G121/><T111/><D111/><U87/><E87/><V46/><F102/><W20/><G4/><T10/><D10/><U1/><E1/><V117/><F7/><W15/><G61/><AGARI ba="1,1" hai="9,14,17,52,57,61,65,66,67,89,95,97,120,123" machi="61" ten="40,8000,1" yaku="1,1,52,2,54,1,53,1" doraHai="116" doraHaiUra="86" who="1" fromWho="3" sc="240,0,290,93,350,0,110,-83" /><INIT seed="3,0,0,1,3,11" ten="240,383,350,27" oya="3" hai0="105,76,58,77,92,104,31,42,84,81,86,22,59" hai1="74,71,122,129,49,101,115,38,46,78,4,117,95" hai2="99,6,98,89,67,24,44,32,103,96,124,29,34" hai3="97,62,93,66,43,130,132,120,8,128,72,35,125"/><W13/><G120/><T100/><D22/><U2/><E122/><V26/><F124/><W127/><G72/><T55/><D42/><U135/><E115/><V88/><F67/><W133/><G43/><T30/><D55/><U3/><E117/><V116/><F116/><W14/><G35/><T90/><D58/><U56/><E135/><N who="3" m="51786" /><G8/><T9/><D59/><U39/><E129/><N who="3" m="49770" /><G62/><T45/><D30/><U123/><E123/><V80/><F6/><W19/><G19/><T37/><D31/><U16/><E71/><V106/><F44/><W94/><G66/><T131/><D45/><U40/><E78/><V5/><F5/><W27/><G27/><T113/><D37/><U111/><E74/><V87/><F34/><W102/><G94/><T15/><D131/><U33/><E33/><V82/><F26/><W63/><G63/><T85/><D9/><U79/><E95/><V20/><F32/><W0/><G0/><T47/><D47/><U51/><E3/><V134/><REACH who="2" step="1"/><F134/><REACH who="2" ten="240,383,340,27" step="2"/><W53/><G53/><T61/><D61/><U75/><E4/><V1/><F1/><W17/><G17/><T52/><D52/><U57/><E16/><V110/><F110/><W91/><G102/><T60/><D60/><U64/><E111/><V119/><F119/><W21/><G21/><T107/><D113/><U54/><E64/><V23/><F23/><W73/><G73/><T41/><D41/><U121/><E40/><V10/><F10/><W69/><G69/><T108/><D108/><U68/><E68/><V18/><F18/><W7/><G7/><T126/><D100/><RYUUKYOKU ba="0,1" sc="240,-15,383,-15,340,15,27,15" hai2="20,24,29,80,82,87,88,89,96,98,99,103,106" hai3="13,14,91,93,97,125,127" /><INIT seed="3,1,1,1,1,1" ten="225,368,355,42" oya="3" hai0="79,31,118,121,5,124,15,110,35,17,84,108,20" hai1="21,119,86,63,61,99,41,114,0,14,91,13,59" hai2="54,27,123,62,56,92,85,98,55,34,69,111,66" hai3="116,68,64,72,2,6,53,125,43,73,130,48,102"/><W32/><G32/><T50/><D50/><U8/><E114/><V37/><F37/><W101/><G116/><T67/><D84/><U76/><E0/><V38/><F38/><W122/><G122/><T109/><D67/><U4/><E119/><V7/><F123/><W126/><G43/><T28/><D79/><U29/><E41/><V24/><F111/><N who="0" m="28418" /><T132/><DORA hai="117" /><D118/><U96/><E76/><V44/><F44/><N who="3" m="27783" /><G130/><T100/><D100/><N who="3" m="38505" /><G64/><T75/><D75/><U40/><E40/><V45/><F69/><W107/><G107/><T104/><D104/><U90/><E91/><V129/><F129/><W9/><G68/><T51/><D51/><U12/><E12/><V97/><F34/><W83/><G83/><T58/><D58/><U22/><E22/><V89/><F56/><W131/><G131/><T133/><D121/><U115/><E115/><V57/><F57/><W52/><G52/><T128/><D128/><U88/><E59/><V39/><F54/><W82/><G82/><T120/><D120/><U103/><E103/><V3/><F55/><W127/><AGARI ba="1,1" hai="2,6,9,72,73,125,126,127" m="38505,27783" machi="127" ten="40,3900,0" yaku="18,1,52,1" doraHai="1,117" who="3" fromWho="3" sc="225,-14,368,-14,355,-14,42,52" /><INIT seed="3,2,0,3,2,29" ten="211,354,341,94" oya="3" hai0="74,52,21,27,58,75,13,18,44,110,105,42,48" hai1="78,108,116,82,106,98,67,83,135,1,7,100,93" hai2="55,36,77,101,134,30,91,3,65,15,49,124,43" hai3="4,40,119,127,69,88,87,129,89,22,96,68,113"/><W39/><G119/><T81/><D110/><U53/><E67/><V24/><F3/><W94/><G113/><T109/><D109/><U5/><E108/><V90/><F36/><W76/><G76/><T118/><D105/><U126/><E116/><V28/><F43/><W17/><G4/><T72/><D118/><U120/><E120/><V2/><F2/><W95/><G129/><T114/><D114/><U34/><E34/><V84/><F77/><W12/><REACH who="3" step="1"/><G127/><REACH who="3" ten="211,354,341,84" step="2"/><T16/><D75/><U6/><E126/><V130/><F130/><W121/><G121/><T133/><D74/><U123/><E123/><V125/><F124/><W46/><AGARI ba="2,1" hai="12,17,22,39,40,46,68,69,87,88,89,94,95,96" machi="46" ten="30,11700,0" yaku="1,1,0,1,54,1,53,1" doraHai="29" doraHaiUra="70" who="3" fromWho="3" sc="211,-41,354,-41,341,-41,84,133" /><INIT seed="3,3,0,4,5,65" ten="170,313,300,217" oya="3" hai0="134,91,85,61,3,95,113,53,48,8,132,66,34" hai1="127,4,20,23,114,35,84,129,19,41,22,2,11" hai2="74,109,78,105,60,102,82,97,0,108,44,18,90" hai3="51,70,83,128,32,76,33,55,12,135,117,80,63"/><W9/><G117/><T43/><D34/><U59/><E114/><V115/><F115/><W31/><G135/><T98/><D113/><U16/><E41/><V79/><F79/><W99/><G128/><T133/><D43/><U94/><E129/><V7/><F0/><W30/><G99/><T39/><D39/><U125/><E59/><V21/><F7/><W57/><G33/><T1/><D85/><U40/><E40/><V92/><F44/><W17/><G32/><T73/><D73/><U123/><E123/><V27/><REACH who="2" step="1"/><F60/><REACH who="2" ten="170,313,290,217" step="2"/><W75/><REACH who="3" step="1"/><G83/><REACH who="3" ten="170,313,290,207" step="2"/><T24/><D132/><U6/><E127/><V42/><F42/><W5/><G5/><T29/><D133/><U72/><E125/><V112/><F112/><W58/><G58/><T130/><D134/><U25/><E6/><V107/><F107/><W106/><G106/><T50/><D130/><U36/><E4/><V93/><F93/><W47/><G47/><T126/><D126/><U46/><E94/><V38/><F38/><W122/><G122/><T13/><D3/><U118/><E46/><V119/><F119/><W56/><G56/><T28/><D1/><U54/><E36/><V101/><F101/><W10/><G10/><T64/><D8/><U104/><E118/><V81/><F81/><W45/><G45/><T121/><D121/><U14/><E11/><V87/><AGARI ba="3,2" hai="18,21,27,74,78,82,87,90,92,97,102,105,108,109" machi="87" ten="30,7900,0" yaku="1,1,0,1,24,2,53,0" doraHai="65" doraHaiUra="49" who="2" fromWho="2" sc="170,-23,313,-23,290,108,207,-42" owari="147,-35.0,290,9.0,398,49.0,165,-23.0" /></mjloggm>