<mjloggm ver="2.3"><GO type="169" lobby="0"/><UN n0="%E2%98%85%E3%83%86%E3%82%AF%E3%83%8E%E3%83%8F%E3%82%A6%E3%82%B9%E2%98%85" n1="%73%70%6F%69%6C%65%64" n2="%EF%BC%88%E2%89%A7%E2%96%BD%E2%89%A6%EF%BC%89" n3="%E3%81%AD%E3%82%8A%E3%82%B4%E3%83%9E" dan="16,17,18,16" rate="2104.98,2126.60,2246.67,2036.00" sx="M,M,M,M"/><TAIKYOKU oya="0"/><INIT seed="0,0,0,0,4,52" ten="250,250,250,250" oya="0" hai0="56,3,6,35,129,122,83,126,131,28,87,0,102" hai1="5,10,22,27,78,89,47,29,121,70,44,73,86" hai2="96,41,40,45,14,120,36,103,113,39,63,128,110" hai3="101,111,51,15,105,16,38,58,94,69,71,82,23"/><T90/><D122/><U81/><E70/><V60/><F120/><W66/><G38/><T75/><D75/><U124/><E124/><V9/><F113/><W53/><G111/><T13/><D126/><U130/><E130/><N who="0" m="49673" /><D102/><U19/><E29/><V104/><F128/><W8/><G105/><T133/><D133/><U24/><E24/><V93/><F110/><W100/><G69/><T1/><D13/><U54/><E54/><V135/><F135/><W76/><G94/><T12/><D12/><U65/><E65/><V7/><REACH who="2" step="1"/><F104/><REACH who="2" ten="250,250,240,250" step="2"/><W20/><G71/><T98/><D98/><U43/><E121/><V80/><F80/><W57/><G82/><T17/><D83/><U127/><E127/><V64/><F64/><W34/><G76/><T42/><D3/><U59/><E78/><V21/><F21/><N who="3" m="8267" /><G34/><T49/><D0/><U74/><E74/><V99/><F99/><W31/><G31/><T97/><D97/><U11/><E73/><V67/><F67/><W91/><G91/><T109/><D109/><U4/><E89/><V79/><F79/><W114/><G114/><T33/><D28/><U95/><E81/><V18/><F18/><W55/><G55/><N who="0" m="31855" /><D17/><U26/><E19/><V132/><F132/><W46/><G66/><T77/><D77/><U92/><E92/><V107/><F107/><W2/><G2/><T84/><D90/><U48/><E95/><V116/><F116/><W25/><G25/><T115/><D115/><U62/><E27/><V134/><F134/><W117/><G117/><T50/><D33/><U125/><E125/><V61/><F61/><RYUUKYOKU ba="0,1" sc="250,-15,250,-15,240,15,250,15" hai2="7,9,14,36,39,40,41,45,60,63,93,96,103" hai3="8,15,16,46,51,53,57,58,100,101" /><INIT seed="1,1,1,3,2,58" ten="235,235,255,265" oya="1" hai0="135,98,46,67,124,96,25,75,71,45,16,10,2" hai1="129,29,73,36,114,44,78,123,20,47,74,3,13" hai2="26,55,99,82,22,79,84,72,97,101,5,118,127" hai3="4,108,115,56,69,9,126,112,28,65,63,87,39"/><U50/><E123/><V24/><F127/><W17/><G39/><T104/><D124/><U80/><E114/><V88/><F118/><W121/><G126/><T111/><D75/><U12/><E3/><V76/><F5/><W103/><G121/><T64/><D135/><U7/><E129/><V122/><F122/><W93/><G28/><T91/><D111/><U105/><E105/><V128/><F128/><W100/><G108/><T106/><D2/><U116/><E74/><V132/><F132/><W6/><G112/><T1/><D1/><U8/><E116/><V0/><F0/><W60/><G115/><T119/><D119/><U40/><E29/><V117/><F117/><W133/><G133/><T130/><D130/><U113/><E113/><V107/><F99/><W19/><G100/><T43/><D46/><U38/><E47/><V37/><F37/><W18/><G9/><T53/><D53/><U23/><REACH who="1" step="1"/><E20/><REACH who="1" ten="235,225,255,265" step="2"/><V125/><F125/><W92/><G93/><T59/><D106/><U61/><E61/><V41/><F72/><W52/><REACH who="3" step="1"/><G87/><REACH who="3" ten="235,225,255,255" step="2"/><T134/><D134/><U94/><E94/><V14/><F84/><W102/><G102/><T86/><D86/><U32/><E32/><V33/><F33/><W95/><G95/><T49/><D98/><AGARI ba="1,3" hai="4,6,17,18,19,52,56,60,63,65,69,92,98,103" machi="98" ten="40,8000,1" yaku="1,1,52,2,54,1,53,0" doraHai="58" doraHaiUra="34" who="3" fromWho="0" sc="235,-83,225,0,255,0,255,113" /><INIT seed="2,0,0,2,1,134" ten="152,225,255,368" oya="2" hai0="27,49,81,112,135,26,82,43,75,88,34,3,105" hai1="121,77,11,8,67,54,52,61,124,111,68,132,25" hai2="126,131,94,118,115,127,114,35,58,73,5,78,90" hai3="92,102,23,79,15,120,2,59,122,42,91,40,117"/><V86/><F35/><W50/><G117/><T96/><D112/><N who="2" m="43050" /><F5/><W60/><G2/><T14/><D3/><U87/><E132/><V18/><F18/><W31/><G120/><T84/><D135/><U12/><E111/><V21/><F21/><W89/><G79/><T0/><D0/><U72/><E72/><V29/><F29/><W39/><G39/><T104/><D14/><U128/><E128/><V110/><F58/><W44/><G40/><T41/><D49/><U62/><E121/><V13/><F13/><W32/><G32/><T63/><D34/><U95/><E25/><V22/><F22/><W125/><G122/><T107/><D96/><U119/><E119/><V97/><F118/><W85/><G15/><T45/><D63/><U33/><E33/><V20/><F20/><W16/><G31/><T1/><D1/><U83/><E11/><V36/><F36/><W76/><G16/><T70/><D70/><U101/><E62/><V133/><F131/><W98/><G23/><T80/><D75/><U129/><E129/><V100/><F110/><W30/><G30/><T28/><D28/><U93/><E8/><V17/><F17/><W7/><G7/><T6/><D6/><U130/><E12/><V74/><F133/><W51/><G60/><T9/><D9/><U106/><E130/><V55/><F55/><W116/><G59/><T37/><REACH who="0" step="1"/><D43/><REACH who="0" ten="142,225,255,368" step="2"/><U4/><E61/><V47/><F73/><W66/><G42/><T123/><D123/><U71/><E68/><V48/><F74/><W64/><G50/><T38/><D38/><U24/><E71/><RYUUKYOKU ba="0,1" sc="142,30,225,-10,255,-10,368,-10" hai0="26,27,37,41,45,80,81,82,84,88,104,105,107" /><INIT seed="3,1,1,5,2,88" ten="172,215,245,358" oya="3" hai0="118,87,71,104,78,133,9,83,89,40,24,65,56" hai1="15,73,119,127,109,12,37,27,30,92,74,20,112" hai2="48,14,10,68,5,129,81,57,34,97,99,35,63" hai3="101,52,50,58,66,108,69,102,114,22,110,106,79"/><W13/><G114/><T42/><D118/><U19/><E112/><V6/><F129/><W96/><G79/><T23/><D104/><U61/><E37/><V124/><F124/><W123/><G123/><T135/><D71/><U17/><E119/><V70/><F70/><W128/><G128/><T111/><D9/><U122/><E122/><V125/><F125/><W55/><G101/><T44/><D111/><N who="3" m="42537" /><G69/><T120/><D120/><U1/><E1/><V4/><F68/><W64/><G55/><T76/><D42/><U45/><E127/><V41/><F81/><W93/><G106/><T7/><D7/><N who="2" m="2634" /><F34/><W32/><G32/><T29/><D78/><U132/><E109/><V134/><F134/><N who="0" m="51210" /><D76/><U107/><E132/><V117/><F35/><W25/><G13/><T94/><D65/><U53/><E107/><V11/><F117/><W84/><G84/><T8/><D8/><U77/><E74/><V49/><F11/><W130/><G130/><T2/><D2/><U36/><E73/><V126/><F126/><W100/><G102/><T26/><D26/><U80/><E15/><V103/><F103/><W3/><G3/><T43/><D43/><U31/><E12/><V62/><F41/><W38/><G38/><N who="0" m="21527" /><D56/><U95/><E36/><V28/><F57/><W47/><G58/><T21/><D21/><U115/><E20/><V86/><F86/><W105/><G105/><T72/><D72/><U98/><E115/><V51/><F10/><W90/><G100/><T91/><D91/><U67/><E77/><V116/><F6/><W131/><G131/><T75/><D75/><RYUUKYOKU ba="1,1" sc="172,15,215,-15,245,-15,358,15" hai0="23,24,29,83,87,89,94" hai3="22,25,47,50,52,64,66,90,93,96" /><INIT seed="3,2,1,3,5,100" ten="187,200,230,373" oya="3" hai0="112,109,114,36,30,25,20,66,89,12,15,96,21" hai1="51,28,64,26,122,75,18,108,11,48,76,98,52" hai2="72,120,49,104,101,42,78,97,45,55,14,134,85" hai3="54,133,82,113,8,79,19,107,70,127,62,3,63"/><W43/><G113/><N who="0" m="43627" /><D36/><U117/><E122/><V123/><F134/><W2/><G133/><T93/><D109/><U71/><E108/><V86/><F72/><W47/><G3/><T87/><D66/><U130/><E117/><V99/><F99/><W31/><G31/><T132/><D132/><U16/><E130/><V81/><F85/><W41/><G41/><T40/><D40/><U34/><E51/><V17/><REACH who="2" step="1"/><F42/><REACH who="2" ten="187,200,220,373" step="2"/><W110/><G43/><T84/><D84/><U124/><E98/><V128/><F128/><W118/><G110/><T27/><D87/><U91/><E75/><V105/><F105/><W126/><G107/><T38/><D38/><U116/><E116/><V53/><F53/><W60/><G54/><T102/><D102/><U57/><E52/><V6/><F6/><W67/><G118/><T111/><D111/><U95/><E64/><V77/><F77/><W33/><G79/><T106/><D106/><U7/><E76/><V50/><F50/><W32/><G67/><T115/><D115/><U61/><E48/><V56/><F56/><W83/><G63/><T58/><D58/><U80/><E57/><V121/><F121/><W59/><G59/><T13/><D12/><U119/><E119/><V5/><F5/><W135/><G135/><T129/><D129/><U65/><E7/><V0/><F0/><W29/><G2/><T35/><D25/><U74/><E26/><V9/><AGARI ba="2,2" hai="9,14,17,45,49,55,78,81,86,97,101,104,120,123" machi="9" ten="30,4000,0" yaku="1,1,0,1,52,1,53,0" doraHai="100" doraHaiUra="90" who="2" fromWho="2" sc="187,-12,200,-12,220,66,373,-22" /><INIT seed="4,0,0,1,2,32" ten="175,188,286,351" oya="0" hai0="34,43,127,2,105,87,35,33,99,70,28,53,69" hai1="27,126,106,66,110,41,3,68,11,14,111,88,75" hai2="132,121,42,37,108,38,63,115,81,84,116,91,97" hai3="103,112,9,10,96,120,71,100,23,21,85,17,65"/><T104/><D28/><U6/><E106/><N who="0" m="41065" /><D99/><U51/><E75/><V67/><F42/><W19/><G71/><N who="0" m="27147" /><D43/><U5/><E126/><V135/><F121/><W89/><G65/><T60/><D87/><U15/><E27/><V114/><F116/><W50/><G120/><T52/><D127/><U4/><E4/><V56/><F97/><W90/><G96/><T46/><D46/><U131/><E131/><V113/><REACH who="2" step="1"/><F108/><REACH who="2" ten="175,188,276,351" step="2"/><W128/><G128/><T49/><D60/><U55/><E41/><V40/><F40/><W16/><G100/><T101/><D101/><U18/><E110/><V61/><F61/><W125/><G103/><T72/><D72/><U102/><E102/><V24/><F24/><W109/><G125/><T26/><D26/><U30/><E111/><V79/><F79/><W58/><G109/><T98/><D98/><U82/><E88/><V80/><F80/><W59/><G89/><T64/><D64/><U73/><E82/><V13/><F13/><W123/><G123/><T92/><D92/><U57/><E73/><V45/><F45/><W48/><G90/><T20/><D20/><U39/><E14/><V130/><F130/><W119/><G119/><T134/><D134/><AGARI ba="0,1" hai="37,38,56,63,67,81,84,91,113,114,115,132,134,135" machi="134" ten="50,6400,0" yaku="1,1,15,1,20,1,53,0" doraHai="32" doraHaiUra="95" who="2" fromWho="0" sc="175,-64,188,0,276,74,351,0" /><INIT seed="5,0,0,4,0,75" ten="111,188,350,351" oya="1" hai0="76,44,110,117,35,78,104,97,0,87,77,74,30" hai1="37,52,127,96,53,18,93,51,86,119,46,39,126" hai2="132,73,31,14,66,59,1,80,49,89,102,90,47" hai3="101,23,60,122,61,5,112,13,6,7,128,40,106"/><U108/><E119/><V100/><F1/><W115/><G122/><T120/><D117/><U9/><E53/><V121/><F121/><W33/><G33/><T88/><D120/><U64/><E64/><V81/><F132/><W48/><G128/><T85/><D0/><U55/><E55/><V28/><F14/><W83/><G101/><N who="2" m="39017" /><F73/><W25/><G106/><T38/><D104/><U118/><E118/><V56/><F90/><W131/><G131/><T27/><D74/><U41/><E86/><N who="2" m="50375" /><F81/><W95/><G95/><T54/><D110/><U62/><E62/><N who="2" m="38215" /><F59/><W107/><G107/><T103/><D103/><N who="1" m="60815" /><E108/><V129/><F129/><W50/><G83/><T134/><D134/><U36/><E36/><V20/><F20/><W113/><G13/><T71/><D71/><U58/><E39/><V34/><F34/><W43/><G60/><T130/><D130/><U82/><E82/><V26/><F26/><W105/><G61/><T72/><D72/><U125/><E9/><V57/><F57/><W29/><G105/><T11/><D11/><U91/><E91/><V133/><F133/><W15/><G15/><T17/><D38/><U2/><E2/><V8/><F8/><W116/><G116/><T22/><D97/><U67/><E67/><V124/><F124/><W16/><G29/><T19/><D35/><U109/><E109/><V70/><F70/><W65/><G65/><T84/><D88/><U24/><E24/><V21/><F21/><W111/><G111/><T32/><D32/><U10/><E10/><V45/><F49/><AGARI ba="0,0" hai="5,6,7,16,23,25,40,43,48,49,50,112,113,115" machi="49" ten="50,3200,0" yaku="15,1,54,1" doraHai="75" who="3" fromWho="2" sc="111,0,188,0,350,-32,351,32" /><AGARI ba="0,0" hai="17,19,22,27,30,44,49,54,76,77,78,84,85,87" machi="49" ten="40,8000,1" yaku="8,1,52,3" doraHai="75" who="0" fromWho="2" sc="111,80,188,0,318,-80,383,0" /><INIT seed="6,0,0,3,1,85" ten="191,188,238,383" oya="2" hai0="130,15,74,62,106,28,39,13,53,57,126,115,125" hai1="48,8,89,43,30,124,2,71,31,29,78,97,34" hai2="42,23,133,127,103,55,131,76,135,40,24,11,61" hai3="65,18,49,25,123,82,92,7,68,100,110,17,111"/><V128/><F76/><W87/><G123/><T101/><D74/><U105/><E71/><V104/><F11/><W35/><G7/><T73/><D73/><U70/><E70/><V22/><F103/><W120/><G120/><T10/><D39/><U21/><E34/><V84/><F104/><W99/><G49/><T9/><D130/><N who="2" m="49706" /><F84/><W0/><G0/><T54/><D28/><U37/><E37/><V95/><F95/><W91/><G18/><T96/><D115/><U45/><E124/><N who="0" m="47721" /><D53/><U134/><E134/><N who="2" m="51211" /><F127/><W118/><G87/><T72/><D72/><U58/><E78/><V51/><F61/><W69/><G92/><T33/><D33/><U86/><E2/><V50/><F50/><W112/><G100/><T1/><D9/><U52/><E8/><V41/><F24/><W129/><G25/><T107/><D106/><U94/><E105/><V109/><F109/><W117/><G110/><T67/><D1/><U122/><E122/><V93/><F93/><W79/><G79/><T63/><D10/><U59/><E86/><V44/><AGARI ba="0,0" hai="22,23,40,41,42,44,51,55" m="51211,49706" machi="44" ten="40,3900,0" yaku="19,1,20,1" doraHai="85" who="2" fromWho="2" sc="191,-13,188,-13,238,39,383,-13" /><INIT seed="6,1,0,0,2,121" ten="178,175,277,370" oya="2" hai0="72,107,47,66,13,95,130,111,101,85,106,6,69" hai1="2,70,131,56,81,8,86,128,16,51,89,113,92" hai2="93,126,53,7,60,73,34,109,26,64,42,88,35" hai3="117,36,32,11,52,48,0,55,108,29,76,122,79"/><V4/><F73/><W118/><G36/><T90/><D130/><U78/><E70/><V31/><F35/><W67/><G11/><T132/><D132/><U57/><E113/><V134/><F134/><W133/><G48/><T125/><D125/><U54/><E57/><V61/><F42/><W65/><G29/><T9/><D72/><U98/><REACH who="1" step="1"/><E2/><REACH who="1" ten="178,165,277,370" step="2"/><V45/><F126/><W110/><G0/><T50/><D111/><U74/><E74/><V103/><F109/><W123/><G133/><T21/><D69/><U59/><E59/><V58/><F45/><W49/><G32/><T97/><D66/><U1/><E1/><V44/><F44/><W83/><G49/><T135/><D135/><U114/><E114/><V17/><F60/><W129/><G129/><T63/><D63/><U124/><E124/><V22/><F64/><W5/><G5/><T84/><D21/><U119/><E119/><V10/><F10/><W94/><G118/><T39/><D39/><U115/><E115/><V43/><F43/><W27/><G117/><T30/><D30/><U99/><E99/><V14/><F103/><W80/><G27/><T96/><D107/><U71/><E71/><V46/><REACH who="2" step="1"/><F46/><REACH who="2" ten="178,165,267,370" step="2"/><W18/><G65/><T100/><D101/><U62/><E62/><V37/><F37/><W3/><G67/><T127/><D127/><U105/><E105/><V75/><F75/><W38/><G38/><T82/><D106/><U19/><E19/><V116/><F116/><W104/><G18/><T91/><D100/><U33/><E33/><V12/><F12/><AGARI ba="1,2" hai="8,12,16,51,54,56,78,81,86,89,92,98,128,131" machi="12" ten="40,5200,0" yaku="1,1,54,1,53,1" doraHai="121" doraHaiUra="77" who="1" fromWho="2" sc="178,0,165,75,267,-55,370,0" /><INIT seed="7,0,0,3,1,38" ten="178,240,212,370" oya="3" hai0="48,99,101,42,21,73,3,62,106,7,36,84,18" hai1="90,9,103,68,32,0,125,76,50,89,15,56,67" hai2="119,69,88,17,59,85,40,118,5,47,97,44,2" hai3="39,75,123,91,115,6,71,64,117,70,10,95,107"/><W96/><G91/><T28/><D28/><U116/><E0/><V30/><F69/><W52/><G52/><T65/><D73/><U60/><E32/><V109/><F109/><W31/><G95/><T114/><D36/><U98/><E76/><V12/><F30/><W121/><G10/><T26/><D114/><U126/><E116/><V29/><F29/><W135/><G96/><T134/><D134/><U82/><E50/><V37/><F97/><W22/><G22/><T51/><D7/><N who="1" m="3519" /><E68/><V13/><F2/><W45/><G6/><T102/><D3/><U14/><E14/><V132/><F132/><W34/><G75/><T133/><D133/><U100/><E82/><V81/><F59/><W86/><G70/><T112/><D112/><U19/><E19/><V93/><F81/><W83/><G83/><T80/><D102/><N who="1" m="38955" /><E98/><V8/><F47/><W57/><G45/><T129/><D129/><U61/><E61/><V1/><F1/><W128/><G71/><T130/><D130/><U105/><E105/><V79/><F79/><W110/><G128/><T25/><D25/><U16/><E16/><V87/><F87/><W113/><G86/><T24/><D24/><U111/><E111/><V23/><AGARI ba="0,0" hai="5,8,12,13,17,23,37,40,44,85,88,93,118,119" machi="23" ten="20,5200,0" yaku="0,1,7,1,52,1,54,1" doraHai="38" who="2" fromWho="2" sc="178,-13,240,-13,212,52,370,-26" owari="165,-33.0,227,-17.0,264,6.0,344,44.0" /></mjloggm>