<mjloggm ver="2.3"><GO type="169"/><UN n0="%E9%96%A2%E7%99%BD%E5%A4%B1%E8%84%9A" n1="%EF%BC%88%E2%89%A7%E2%96%BD%E2%89%A6%EF%BC%89" n2="%E3%82%A2%E3%82%B9%E3%82%BF%E3%83%8A" n3="%E3%83%9D%E3%83%81%E3%83%A7%E3%83%A0%E3%82%AD%E3%83%B3%E2%98%85" dan="16,17,16,16" rate="2024,2140,2038,2068" sx="M,M,M,M"/><TAIKYOKU oya="0"/><INIT seed="0,0,0,3,5,106" ten="250,250,250,250" oya="0" hai0="24,11,13,57,4,129,7,77,62,122,1,25,59" hai1="124,37,80,89,91,46,8,116,132,17,2,135,131" hai2="18,133,35,117,3,51,109,105,53,130,107,30,19" hai3="114,111,6,28,72,76,32,5,115,83,9,85,38"/><T134/><D122/><U48/><E116/><V108/><F117/><W43/><G111/><N who="2" m="42569" /><F3/><W64/><G64/><T39/><D39/><U125/><E37/><V44/><F130/><W61/><G61/><T92/><D129/><U120/><E120/><V50/><F133/><N who="1" m="51273" /><E131/><V110/><N who="2" m="42577" /><V90/><DORA hai="21" /><F35/><W68/><G68/><T40/><D134/><U27/><E80/><V63/><F30/><W97/><G97/><T15/><D40/><N who="1" m="24647" /><E2/><V102/><F63/><W118/><G118/><T36/><D36/><U14/><E27/><N who="0" m="10313" /><D1/><U98/><E98/><V47/><F90/><AGARI ba="0,0" hai="8,14,17,89,90,91,124,125" m="24647,51273" machi="90" ten="30,1000,0" yaku="20,1" doraHai="106,21" who="1" fromWho="2" sc="250,0,250,10,250,-10,250,0" /><INIT seed="1,0,0,3,0,82" ten="250,260,240,250" oya="1" hai0="87,117,86,73,12,52,67,85,108,100,71,111,81" hai1="69,37,107,83,26,104,112,90,129,17,43,22,98" hai2="103,133,3,14,65,120,30,23,93,59,66,56,11" hai3="130,33,72,118,20,126,15,131,42,13,88,4,46"/><U114/><E69/><V64/><F120/><W106/><G33/><T49/><D117/><U75/><E129/><N who="3" m="49162" /><G106/><T24/><D100/><U35/><E35/><V19/><F133/><W80/><G118/><T25/><D12/><U109/><E109/><N who="0" m="42057" /><D71/><U124/><E124/><V99/><F3/><W119/><G119/><T122/><D67/><U55/><E107/><V125/><F125/><W135/><G135/><T39/><D39/><U68/><E68/><V6/><F6/><W132/><G132/><T101/><D101/><U127/><E127/><V32/><F32/><W0/><G126/><T2/><D2/><U134/><E134/><V29/><F29/><W60/><G60/><T8/><D8/><U91/><E104/><V31/><F31/><W44/><G20/><T102/><D102/><U128/><E128/><V95/><F93/><W105/><G105/><T115/><D115/><U47/><E114/><V78/><F78/><W16/><G0/><T70/><D70/><U41/><E112/><V38/><F38/><W113/><G113/><T61/><D61/><U10/><E37/><V51/><F51/><W94/><G4/><T53/><D122/><U123/><E123/><V110/><F110/><W1/><G1/><T57/><D53/><U116/><E116/><V79/><F79/><AGARI ba="0,0" hai="24,25,49,52,57,73,79,81,85,86,87" m="42057" machi="79" ten="30,8000,1" yaku="14,1,52,3,54,1" doraHai="82" who="0" fromWho="2" sc="250,80,260,0,240,-80,250,0" /><INIT seed="2,0,0,3,0,110" ten="330,260,160,250" oya="2" hai0="99,51,57,17,64,53,26,79,66,129,81,123,109" hai1="27,100,3,117,63,21,37,89,16,93,7,128,111" hai2="96,43,70,40,126,15,132,102,62,9,76,8,44" hai3="127,25,46,98,39,34,74,75,61,48,103,72,65"/><V82/><F126/><W45/><G127/><T55/><D109/><U120/><E37/><V116/><F116/><W108/><G108/><T20/><D123/><U125/><E111/><V112/><F132/><W88/><G39/><T60/><D129/><U68/><E125/><V56/><F70/><W105/><G88/><T38/><D38/><U84/><E117/><V0/><F0/><W30/><REACH who="3" step="1"/><G48/><REACH who="3" ten="330,260,160,240" step="2"/><T50/><D50/><U91/><E120/><V47/><F62/><W90/><G90/><T59/><D99/><U122/><E122/><V33/><F96/><W86/><G86/><AGARI ba="0,1" hai="17,20,26,51,53,55,57,59,60,64,66,79,81,86" machi="86" ten="30,2000,0" yaku="7,1,8,1" doraHai="110" who="0" fromWho="3" sc="330,30,260,0,160,0,240,-20" /><INIT seed="3,0,0,3,3,42" ten="360,260,160,220" oya="3" hai0="47,7,45,120,22,92,16,76,39,79,87,110,41" hai1="29,117,93,125,104,80,60,134,81,122,83,130,3" hai2="35,90,51,53,11,18,64,10,131,128,28,2,40" hai3="105,24,116,25,56,65,82,0,38,19,75,100,111"/><W66/><G116/><T23/><D110/><U88/><E3/><V59/><F35/><W8/><G38/><T34/><D34/><U61/><E122/><V54/><F28/><W127/><G127/><T62/><D120/><U73/><E73/><V113/><F113/><W102/><G111/><T26/><D7/><U46/><E125/><V72/><F72/><W50/><G105/><T57/><D39/><U99/><E117/><V123/><F123/><W37/><G37/><T33/><D33/><U9/><E134/><V109/><F109/><W70/><G70/><T58/><D41/><U135/><E135/><V5/><F64/><N who="3" m="24683" /><G75/><T44/><D23/><U133/><E133/><V1/><F90/><W55/><G0/><T78/><D62/><U132/><E104/><V14/><F40/><W94/><G82/><T112/><D112/><U69/><E132/><V85/><F85/><W71/><G71/><T101/><D87/><U12/><E69/><V21/><F54/><W68/><G68/><T30/><D30/><U15/><E29/><V32/><F32/><W27/><G94/><T84/><D84/><U124/><E124/><V67/><F67/><W52/><G55/><T6/><D6/><AGARI ba="0,0" hai="1,2,5,6,10,11,14,18,21,51,53,59,128,131" machi="6" ten="40,1300,0" yaku="9,1" doraHai="42" who="2" fromWho="0" sc="360,-13,260,0,160,13,220,0" /><INIT seed="4,0,0,2,5,102" ten="347,260,173,220" oya="0" hai0="46,66,67,52,130,108,21,23,39,121,129,89,56" hai1="32,25,75,125,70,74,6,60,33,92,82,30,101" hai2="15,17,31,19,49,81,133,64,118,41,114,113,0" hai3="103,69,55,4,93,87,53,54,62,26,100,5,28"/><T10/><D121/><U128/><E128/><N who="0" m="49257" /><D10/><U109/><E125/><V84/><F0/><W106/><G106/><T85/><D108/><U124/><E124/><V3/><F3/><W116/><G116/><T61/><D39/><U22/><E109/><V50/><F64/><N who="0" m="24618" /><D46/><U107/><E92/><AGARI ba="0,0" hai="21,23,52,56,61,85,89,92" m="24618,49257" machi="92" ten="30,2900,0" yaku="19,1,54,1" doraHai="102" who="0" fromWho="1" sc="347,29,260,-29,173,0,220,0" /><INIT seed="4,1,0,4,2,75" ten="376,231,173,220" oya="0" hai0="31,93,43,122,2,21,23,76,49,47,65,68,121" hai1="78,36,120,97,133,35,108,29,50,113,62,11,32" hai2="81,3,27,30,14,129,70,4,132,33,126,53,117" hai3="51,39,28,9,112,73,114,20,88,10,110,44,123"/><T94/><D2/><U118/><E36/><V54/><F70/><W13/><G110/><T99/><D94/><U90/><E108/><V85/><F3/><W134/><G134/><T67/><D76/><U125/><E118/><V72/><F72/><W12/><G123/><T135/><D135/><U87/><E120/><V58/><F132/><W48/><G73/><T104/><D104/><U91/><E125/><V16/><F126/><W24/><G39/><T102/><D21/><U15/><E133/><V80/><F117/><W41/><G88/><T131/><D131/><U92/><E113/><V34/><F129/><W82/><G82/><T84/><D84/><U63/><E32/><V69/><F69/><W0/><G0/><T22/><D22/><U5/><E50/><V38/><F38/><W19/><REACH who="3" step="1"/><G51/><REACH who="3" ten="376,231,173,210" step="2"/><T8/><D122/><U45/><E91/><V66/><F81/><W83/><G83/><T55/><D121/><U127/><E127/><V96/><F80/><W115/><G115/><T61/><D49/><U103/><E90/><V77/><F96/><W119/><G119/><T124/><D124/><U111/><E97/><V17/><F85/><W52/><G52/><T37/><D99/><U116/><E87/><V64/><F54/><W46/><G46/><T56/><D47/><U26/><E45/><V106/><F53/><W109/><G109/><T25/><D55/><U59/><E111/><V107/><F64/><W6/><AGARI ba="1,1" hai="6,9,10,12,13,19,20,24,28,41,44,48,112,114" machi="6" ten="30,2000,0" yaku="1,1,0,1,53,0" doraHai="75" doraHaiUra="89" who="3" fromWho="3" sc="376,-11,231,-6,173,-6,210,33" /><INIT seed="5,0,0,2,3,64" ten="365,225,167,243" oya="1" hai0="89,92,90,71,4,9,127,16,30,122,12,26,68" hai1="2,18,78,95,38,121,13,46,82,70,110,112,31" hai2="85,21,66,47,108,33,52,55,17,79,56,34,117" hai3="59,32,128,22,53,76,11,106,50,23,80,123,119"/><U39/><E121/><V20/><F117/><W69/><G123/><T98/><D122/><U28/><E2/><V25/><F108/><W83/><G119/><T91/><D127/><U116/><E116/><V44/><F66/><W43/><G32/><T115/><D115/><U118/><E118/><V81/><F33/><W60/><G106/><T67/><D67/><U120/><E120/><V3/><F3/><W97/><G128/><T14/><D26/><U61/><E112/><V48/><F34/><W63/><G97/><T77/><D30/><U5/><E5/><V133/><F133/><W40/><G69/><T129/><D77/><U86/><E110/><V42/><F42/><N who="3" m="15915" /><G11/><T101/><REACH who="0" step="1"/><D129/><REACH who="0" ten="355,225,167,243" step="2"/><U114/><E114/><V88/><F79/><W135/><G76/><T87/><D87/><U74/><E86/><V125/><F125/><W36/><G135/><T72/><D72/><U134/><E134/><V57/><REACH who="2" step="1"/><F21/><AGARI ba="0,1" hai="4,9,12,14,16,21,68,71,89,90,91,92,98,101" machi="21" ten="40,8000,1" yaku="1,1,52,2,54,1,53,0" doraHai="64" doraHaiUra="29" who="0" fromWho="2" sc="355,90,225,0,167,-80,243,0" /><INIT seed="6,0,0,0,4,18" ten="445,225,87,243" oya="2" hai0="93,128,66,87,5,75,1,85,53,3,130,40,72" hai1="104,84,7,67,113,124,48,8,50,58,91,57,2" hai2="35,101,97,71,98,32,6,86,13,100,94,25,118" hai3="109,114,39,90,99,15,10,68,61,42,21,63,116"/><V80/><F71/><W55/><G109/><T121/><D66/><U56/><E104/><V122/><F122/><W34/><G34/><T132/><D40/><U127/><E67/><V20/><F118/><W74/><G116/><T54/><D132/><U17/><E113/><V16/><F13/><W24/><G74/><T105/><D93/><N who="1" m="54503" /><E17/><V108/><F108/><W49/><G114/><T43/><D43/><U27/><E27/><V23/><F23/><W103/><G68/><T135/><D135/><U134/><E134/><V79/><F6/><N who="3" m="3543" /><G103/><T60/><D60/><U120/><E120/><V73/><REACH who="2" step="1"/><F73/><REACH who="2" ten="445,225,77,243" step="2"/><W41/><G21/><T88/><D5/><U117/><E117/><V44/><F44/><N who="3" m="28071" /><G24/><T59/><D121/><U77/><E7/><V9/><F9/><W46/><G46/><T12/><D12/><U52/><E8/><V22/><F22/><W51/><G41/><T89/><D59/><U123/><E123/><V36/><F36/><W0/><G39/><T92/><D75/><U133/><E57/><V102/><F102/><W11/><G0/><T95/><D72/><U82/><E133/><V70/><F70/><W106/><G11/><T4/><D4/><U29/><E2/><V129/><F129/><W96/><G42/><T47/><D47/><U81/><E56/><V14/><F14/><W65/><G61/><T126/><D1/><U107/><E58/><V28/><F28/><W78/><G63/><T62/><D3/><U125/><E29/><V110/><F110/><W37/><G37/><T69/><D62/><U76/><E48/><V38/><F38/><RYUUKYOKU ba="0,1" sc="445,-10,225,-10,77,30,243,-10" hai2="16,20,25,32,35,79,80,86,94,97,98,100,101" /><INIT seed="6,1,1,1,1,0" ten="435,215,107,233" oya="2" hai0="54,116,21,128,66,119,106,112,23,64,74,73,123" hai1="102,2,69,18,57,44,17,14,111,115,121,20,98" hai2="99,45,133,5,79,60,126,15,87,65,129,50,130" hai3="88,33,80,10,6,71,93,51,67,131,30,37,40"/><V31/><F31/><W11/><G37/><T114/><D106/><U90/><E69/><V47/><F99/><W92/><G131/><N who="2" m="50185" /><F126/><W95/><G71/><T46/><D128/><U89/><E2/><V132/><F50/><W19/><G67/><N who="0" m="25643" /><D123/><U105/><E121/><V12/><F79/><W81/><G33/><T29/><D54/><U127/><E111/><V78/><F78/><W49/><G30/><T8/><D8/><U48/><E127/><V70/><F87/><N who="3" m="50287" /><G80/><T94/><D46/><N who="2" m="17418" /><F5/><W100/><G100/><T63/><D63/><U108/><E108/><V16/><F12/><N who="3" m="5207" /><G40/><T4/><D4/><U97/><E97/><V53/><F53/><W52/><G52/><T91/><D73/><U76/><E76/><V124/><F124/><W117/><G117/><N who="0" m="45131" /><D74/><U82/><E98/><V72/><F72/><W135/><G135/><T22/><D29/><U77/><E77/><V13/><F13/><AGARI ba="1,1" hai="11,13,19,49,51,92,93,95" m="5207,50287" machi="13" ten="30,3900,0" yaku="8,1,52,1,54,1" doraHai="0" who="3" fromWho="2" sc="435,0,215,0,107,-42,233,52" /><INIT seed="7,0,0,0,5,69" ten="435,215,65,285" oya="3" hai0="123,43,109,15,71,38,17,53,27,1,114,131,4" hai1="7,9,83,110,72,108,68,100,117,56,104,8,87" hai2="61,37,94,51,14,0,128,10,19,134,95,57,105" hai3="46,99,90,12,55,96,111,81,129,112,47,30,97"/><W50/><G112/><T130/><D114/><U77/><E117/><V63/><F105/><W98/><G111/><T76/><D109/><U132/><E132/><V85/><F134/><W32/><G129/><N who="0" m="49163" /><D71/><U18/><E68/><V35/><F35/><W89/><G32/><T93/><D1/><U49/><E104/><V20/><F128/><W11/><G30/><T121/><D4/><U21/><E100/><V52/><F0/><W33/><G33/><T86/><D27/><U58/><E72/><V133/><F133/><W31/><G31/><T82/><D93/><U70/><E70/><V67/><F61/><W102/><G46/><N who="0" m="23927" /><D53/><U34/><E34/><V6/><F85/><W84/><N who="3" m="24576" /><DORA hai="113" /><W122/><G122/><T79/><D79/><U28/><E28/><V126/><F126/><W120/><G120/><T80/><D82/><U24/><E8/><AGARI ba="0,0" hai="8,15,17,76,80,86,121,123" m="23927,49163" machi="8" ten="30,2000,0" yaku="19,1,52,1" doraHai="69,113" who="0" fromWho="1" sc="435,20,215,-20,65,0,285,0" owari="455,54.0,195,-20.0,65,-43.0,285,9.0" /></mjloggm>