<mjloggm ver="2.3"><GO type="169" lobby="0"/><UN n0="%E5%94%AF%E4%B8%98%E6%A9%98%E8%91%89" n1="%E3%81%A4%E3%81%B0%E3%81%8D%E3%81%A1%30%33" n2="%EF%BC%88%E2%89%A7%E2%96%BD%E2%89%A6%EF%BC%89" n3="%E3%82%88%E3%81%8A%E3%81%96%E3%82%93" dan="16,17,17,17" rate="2034.36,2179.73,2135.61,2063.09" sx="F,M,M,M"/><TAIKYOKU oya="0"/><INIT seed="0,0,0,2,0,92" ten="250,250,250,250" oya="0" hai0="108,14,33,50,103,64,120,69,39,54,58,82,109" hai1="52,83,42,36,47,57,73,27,74,81,25,4,93" hai2="40,123,117,131,24,107,5,13,106,129,101,26,2" hai3="134,87,21,124,100,135,122,105,121,78,32,88,95"/><T126/><D120/><N who="3" m="46185" /><G21/><T53/><D33/><U51/><E4/><V23/><F40/><W132/><G32/><T102/><D39/><U111/><E111/><N who="0" m="42569" /><D69/><U6/><E6/><V18/><F117/><W41/><G41/><T55/><D126/><U28/><E25/><V15/><F123/><W44/><G44/><T115/><D115/><U89/><E74/><V79/><F79/><W63/><G63/><N who="0" m="38007" /><D50/><U48/><E73/><V60/><F2/><W46/><G46/><T94/><D82/><U3/><E3/><V110/><F110/><W70/><G70/><T45/><D45/><U76/><E76/><V0/><F0/><W38/><G38/><T133/><D133/><U66/><E66/><V71/><F71/><W19/><G19/><T104/><D104/><U16/><E36/><V49/><F49/><W31/><G31/><T77/><D77/><U37/><E37/><V1/><F1/><W34/><G34/><T114/><D114/><U130/><E130/><V99/><F60/><W86/><G124/><T17/><D94/><U75/><E75/><V10/><F107/><W97/><G78/><T11/><AGARI ba="0,0" hai="11,14,17,53,54,55,102,103" m="38007,42569" machi="11" ten="30,3000,0" yaku="14,1,10,1" doraHai="92" who="0" fromWho="0" sc="250,30,250,-10,250,-10,250,-10" /><INIT seed="0,1,0,3,2,18" ten="280,240,240,240" oya="0" hai0="50,114,94,134,95,0,20,5,78,28,31,64,74" hai1="38,116,41,87,125,76,66,60,29,88,15,110,122" hai2="12,19,99,63,133,16,11,120,127,2,115,45,79" hai3="69,35,71,100,103,129,89,112,113,13,83,128,61"/><T49/><D114/><U7/><E122/><V96/><F120/><W1/><G1/><T123/><D123/><U92/><E116/><V121/><F121/><W58/><G35/><T21/><D64/><U37/><E110/><V90/><F115/><W54/><G113/><T26/><D0/><U9/><E125/><V118/><F118/><W105/><G112/><T111/><D5/><U98/><E41/><V77/><F127/><W131/><G13/><T24/><D111/><U82/><REACH who="1" step="1"/><E29/><REACH who="1" ten="280,230,240,240" step="2"/><V48/><F133/><W57/><G57/><AGARI ba="1,1" hai="7,9,15,37,38,57,60,66,76,82,87,88,92,98" machi="57" ten="30,8000,1" yaku="1,1,2,1,7,1,54,1,53,1" doraHai="18" doraHaiUra="55" who="1" fromWho="3" sc="280,0,230,93,240,0,240,-83" /><INIT seed="1,0,0,0,4,124" ten="280,323,240,157" oya="1" hai0="52,83,80,60,81,94,57,62,102,40,9,92,19" hai1="44,45,3,77,85,32,25,24,14,119,114,104,61" hai2="47,29,69,135,134,7,67,122,51,58,93,78,125" hai3="65,127,28,87,131,100,105,0,96,23,63,90,72"/><U55/><E114/><V37/><F122/><W99/><G0/><T117/><D117/><U89/><E3/><V106/><F106/><W120/><G72/><T43/><D62/><U123/><E104/><V20/><F125/><W54/><G127/><T33/><D33/><U109/><E123/><V35/><F35/><W129/><G120/><T21/><D9/><U26/><E32/><V6/><F69/><W115/><G115/><T132/><D132/><N who="2" m="50730" /><F78/><W8/><G99/><T64/><D64/><U41/><E119/><V27/><F37/><W111/><G111/><T18/><D18/><U68/><E77/><V50/><F93/><W82/><G8/><T73/><D73/><U15/><E109/><V128/><F128/><N who="3" m="49227" /><G54/><T39/><D39/><U49/><E68/><V22/><F22/><W34/><G34/><T98/><REACH who="0" step="1"/><D94/><REACH who="0" ten="270,323,240,157" step="2"/><N who="1" m="54575" /><E61/><N who="2" m="38327" /><F51/><AGARI ba="0,1" hai="14,15,24,25,26,41,44,45,49,51,55" m="54575" machi="51" ten="30,1500,0" yaku="8,1" doraHai="124" who="1" fromWho="2" sc="270,0,323,25,240,-15,157,0" /><INIT seed="1,1,0,1,1,29" ten="270,348,225,157" oya="1" hai0="92,20,57,75,77,64,23,105,1,83,130,133,40" hai1="117,49,44,51,123,95,60,52,107,47,2,35,90" hai2="126,62,68,48,37,87,76,113,16,3,19,32,39" hai3="27,110,119,66,124,59,31,112,43,135,91,21,17"/><U24/><E117/><V121/><F3/><W69/><G112/><T50/><D105/><U9/><E123/><V0/><F0/><W84/><G119/><T128/><D1/><U30/><E107/><V101/><F121/><W56/><G124/><T104/><D104/><U54/><E60/><V15/><F113/><W46/><G135/><T118/><D118/><U81/><E81/><V38/><F126/><W74/><G74/><T63/><D133/><U6/><E95/><V72/><F72/><W78/><G78/><T36/><D36/><U99/><E90/><V103/><F32/><W73/><G73/><T106/><D106/><U96/><AGARI ba="1,0" hai="2,6,9,24,30,35,44,47,49,51,52,54,96,99" machi="96" ten="30,11700,0" yaku="0,1,9,1,52,1,54,1" doraHai="29" who="1" fromWho="1" sc="270,-40,348,120,225,-40,157,-40" /><INIT seed="1,2,0,0,5,15" ten="230,468,185,117" oya="1" hai0="58,113,68,131,64,73,51,37,3,70,126,47,16" hai1="50,33,21,40,124,54,119,117,61,27,92,28,43" hai2="123,133,44,88,53,42,1,69,59,65,20,100,75" hai3="115,101,85,7,108,17,122,87,41,76,102,94,74"/><U112/><E112/><V66/><F75/><W32/><G115/><T120/><D3/><U48/><E124/><V81/><F123/><W19/><G122/><T18/><D113/><U89/><E33/><V35/><F35/><W30/><G74/><T96/><D120/><U4/><E4/><V34/><F34/><W109/><G7/><T135/><D37/><U56/><E119/><V98/><F1/><W79/><G32/><T24/><D73/><U8/><E8/><V39/><F133/><W36/><G94/><T134/><D126/><U6/><E6/><V26/><F69/><N who="0" m="26730" /><D24/><U22/><E22/><V111/><F111/><W132/><G41/><N who="1" m="15946" /><E117/><V2/><F2/><W95/><G95/><T72/><D72/><U62/><E62/><V93/><F81/><W129/><G129/><T14/><D14/><U46/><E46/><V90/><F90/><W99/><G99/><AGARI ba="2,0" hai="21,27,28,48,50,54,56,61,89,92,99" m="15946" machi="99" ten="30,1500,0" yaku="8,1" doraHai="15" who="1" fromWho="3" sc="230,0,468,21,185,0,117,-21" /><INIT seed="1,3,0,3,0,115" ten="230,489,185,96" oya="1" hai0="119,72,97,19,82,17,66,67,112,123,103,1,41" hai1="27,83,24,23,22,47,126,50,63,43,58,98,53" hai2="89,106,37,26,40,52,51,16,101,49,104,42,4" hai3="130,11,6,34,21,91,56,30,99,109,100,2,54"/><U68/><E126/><V29/><F37/><W28/><G130/><T129/><D112/><U64/><E98/><V76/><F106/><W85/><G109/><T70/><D1/><U94/><E94/><V31/><F104/><W7/><G34/><T33/><D33/><U132/><E132/><V90/><F101/><W48/><G7/><T62/><D67/><U13/><E83/><V81/><F4/><W133/><G133/><T86/><D72/><U111/><E111/><V14/><F76/><W118/><G21/><N who="1" m="7690" /><E13/><V95/><F81/><W121/><G121/><T59/><D41/><N who="2" m="15978" /><F26/><W108/><G108/><T15/><D70/><U36/><AGARI ba="3,0" hai="24,27,36,43,47,50,53,58,63,64,68" m="7690" machi="36" ten="30,1500,0" yaku="24,1" doraHai="115" who="1" fromWho="1" sc="230,-8,489,24,185,-8,96,-8" /><INIT seed="1,4,0,3,2,36" ten="222,513,177,88" oya="1" hai0="105,116,101,100,27,31,55,130,3,75,118,88,44" hai1="112,71,34,21,9,41,43,84,5,38,51,110,74" hai2="107,52,35,106,18,12,24,33,115,67,123,127,20" hai3="73,93,79,30,125,0,1,6,72,86,19,113,53"/><U83/><E38/><V90/><F123/><W95/><G113/><T77/><D3/><U80/><E34/><V47/><F115/><W13/><G30/><T66/><D66/><U119/><E71/><V126/><F67/><W57/><G125/><N who="2" m="47625" /><F90/><W62/><G72/><T104/><D75/><U46/><E119/><V4/><F4/><W128/><G128/><T11/><D77/><U63/><E112/><V16/><F35/><W82/><G6/><T132/><D130/><U70/><E74/><V120/><F120/><W26/><G26/><T99/><D101/><U103/><E103/><V40/><F52/><W108/><G108/><T45/><D105/><U7/><E110/><V89/><F89/><W25/><G25/><T49/><D45/><U60/><E5/><V58/><F58/><W61/><G61/><N who="1" m="23626" /><E70/><V94/><F94/><W102/><G95/><T64/><D64/><U42/><E21/><N who="2" m="11399" /><F33/><W111/><G111/><T69/><D69/><U59/><E59/><V17/><F18/><W134/><G134/><T32/><D132/><U48/><E46/><V109/><F109/><W135/><G135/><T97/><D11/><U23/><E23/><V10/><F10/><W85/><G73/><T133/><D133/><U92/><E92/><V68/><F68/><W29/><G29/><T129/><D129/><U114/><E114/><V37/><AGARI ba="4,0" hai="17,20,24,37,40,47,106,107" m="11399,47625" machi="37" ten="30,4000,0" yaku="18,1,52,1,54,1" doraHai="36" who="2" fromWho="2" sc="222,-14,513,-24,177,52,88,-14" /><INIT seed="2,0,0,1,4,43" ten="208,489,229,74" oya="2" hai0="9,120,30,57,58,109,15,51,64,87,69,35,52" hai1="95,38,111,121,41,117,1,108,78,65,11,50,132" hai2="39,34,131,3,113,93,118,4,103,42,67,62,6" hai3="84,122,124,27,128,54,47,94,56,68,36,106,61"/><V92/><F118/><W126/><G122/><T105/><D120/><U24/><E65/><V66/><F113/><W133/><G106/><T99/><D69/><U101/><E132/><V26/><F131/><W85/><G133/><T115/><D115/><U49/><E78/><V12/><F3/><W70/><G128/><T29/><D35/><U100/><E24/><V2/><F2/><W55/><G85/><T20/><D20/><U135/><E135/><V45/><F67/><W72/><G72/><T28/><D87/><U119/><E11/><V23/><F34/><W104/><G104/><T76/><D76/><U89/><E1/><V10/><F103/><N who="1" m="39497" /><E38/><V31/><REACH who="2" step="1"/><F4/><REACH who="2" ten="208,489,219,74" step="2"/><W130/><G130/><T40/><D64/><U88/><E117/><V48/><F48/><N who="3" m="28959" /><G36/><T14/><D51/><U63/><E50/><V123/><F123/><W114/><G114/><T21/><D105/><U82/><E49/><V19/><F19/><W96/><G68/><AGARI ba="0,1" hai="6,10,12,23,26,31,39,42,45,62,66,68,92,93" machi="68" ten="30,5800,0" yaku="1,1,7,1,52,1,53,0" doraHai="43" doraHaiUra="74" who="2" fromWho="3" sc="208,0,489,0,219,68,74,-58" /><INIT seed="2,1,0,1,3,94" ten="208,489,287,16" oya="2" hai0="118,90,71,73,44,21,85,26,135,82,53,45,117" hai1="43,55,46,105,68,30,78,67,64,14,29,10,8" hai2="9,133,39,124,75,77,33,134,125,95,48,87,37" hai3="127,86,58,111,62,32,102,59,110,13,22,47,112"/><V27/><F75/><W80/><G32/><T69/><D73/><U24/><E105/><V2/><F48/><W84/><G112/><T113/><D113/><U99/><E68/><V91/><F77/><W130/><G127/><N who="2" m="48713" /><F27/><W132/><G130/><T25/><D135/><N who="2" m="51722" /><F33/><W88/><G132/><T52/><D21/><U15/><E78/><V74/><F74/><W108/><G102/><T6/><D6/><AGARI ba="1,0" hai="2,6,9,37,39,87,91,95" m="51722,48713" machi="6" ten="30,2900,0" yaku="18,1,20,1" doraHai="94" who="2" fromWho="0" sc="208,-32,489,0,287,32,16,0" /><INIT seed="2,2,0,4,2,99" ten="176,489,319,16" oya="2" hai0="134,29,56,126,44,78,5,14,32,24,70,133,94" hai1="25,61,6,82,87,88,12,109,46,124,128,117,122" hai2="65,100,50,11,33,92,129,48,89,84,10,106,71" hai3="108,75,60,42,47,120,64,3,58,40,57,135,121"/><V86/><F129/><W95/><G75/><T125/><D70/><U4/><E117/><V69/><F33/><W115/><G95/><T66/><D78/><U22/><E109/><V1/><F1/><W96/><G96/><T63/><D44/><U107/><E107/><V41/><F41/><W103/><G103/><T80/><D80/><U123/><E124/><N who="0" m="47721" /><D94/><U27/><E61/><V30/><F30/><W97/><G97/><T83/><D83/><U19/><E46/><V17/><F106/><W110/><G3/><T91/><D91/><U93/><E82/><V28/><F28/><W9/><G9/><AGARI ba="2,0" hai="5,9,14,24,29,32,56,63,66,133,134" m="47721" machi="9" ten="30,1000,0" yaku="18,1" doraHai="99" who="0" fromWho="3" sc="176,16,489,0,319,0,16,-16" /><INIT seed="3,0,0,4,3,89" ten="192,489,319,0" oya="3" hai0="131,98,59,27,3,25,134,20,121,115,4,48,76" hai1="17,128,103,73,6,114,65,11,84,77,55,86,61" hai2="92,100,133,71,35,1,107,123,36,117,81,50,104" hai3="12,93,46,72,80,41,32,42,74,91,125,68,29"/><W40/><G68/><T95/><D121/><U57/><E128/><V23/><F36/><W132/><G125/><T118/><D118/><U109/><E109/><V102/><F35/><W22/><G132/><T119/><D119/><U101/><E73/><V82/><F1/><W14/><G32/><T124/><D131/><U16/><E114/><V122/><F71/><W116/><G116/><T53/><D115/><U67/><E6/><V129/><F129/><W18/><G29/><T28/><D134/><U135/><E135/><V26/><F133/><W58/><G74/><T51/><D124/><U90/><E77/><V79/><F117/><W88/><G72/><T105/><D105/><U60/><E86/><V34/><F34/><W96/><G46/><T112/><D112/><U7/><E103/><V126/><F126/><W43/><N who="3" m="10240" /><DORA hai="2" /><W64/><G80/><T69/><D69/><U127/><E101/><V5/><F81/><W106/><G106/><T19/><D76/><U120/><E120/><V8/><F104/><W99/><G14/><T62/><D4/><U52/><E7/><V49/><F107/><W33/><G33/><T85/><D85/><U21/><E84/><V39/><F122/><W83/><G83/><T10/><D10/><U54/><E11/><V45/><F82/><W63/><G99/><T30/><D3/><U0/><E0/><V75/><F75/><W94/><G96/><T108/><D98/><U13/><E127/><V70/><F70/><W130/><G91/><T38/><D30/><U15/><E90/><V24/><F123/><W78/><G78/><RYUUKYOKU ba="0,0" sc="192,0,489,0,319,0,0,0" /><INIT seed="4,1,0,2,2,105" ten="192,489,319,0" oya="0" hai0="47,22,50,65,38,90,100,116,32,36,67,84,42" hai1="113,120,33,41,3,115,59,123,8,129,40,4,96" hai2="57,104,112,70,30,35,134,106,108,117,11,49,114" hai3="82,26,127,93,98,103,53,25,91,64,97,9,58"/><T44/><D32/><U88/><E33/><V16/><F70/><W118/><G118/><T1/><D116/><U12/><E59/><V37/><F37/><W119/><G119/><T83/><D1/><U110/><E110/><V10/><F108/><W13/><G127/><T39/><D100/><U54/><E54/><N who="2" m="31951" /><F134/><W111/><G111/><T52/><D67/><U21/><E129/><V23/><F117/><W89/><G64/><T124/><D124/><U48/><E21/><V0/><F30/><W24/><G82/><T94/><D65/><U51/><E51/><V121/><F35/><W109/><G109/><T133/><D133/><U130/><E48/><V55/><F55/><W85/><G85/><T15/><REACH who="0" step="1"/><D94/><REACH who="0" ten="182,489,319,0" step="2"/><U34/><E3/><V31/><F0/><W131/><G97/><T125/><D125/><U81/><E96/><V28/><F106/><W20/><G26/><T6/><D6/><U18/><E4/><V68/><F104/><W78/><G78/><T75/><D75/><U101/><E34/><V19/><F114/><W135/><G53/><T56/><D56/><U107/><E107/><V74/><F112/><W87/><G9/><T86/><D86/><U5/><E8/><V92/><F10/><W73/><G89/><T61/><D61/><U62/><E88/><V80/><F11/><W95/><G98/><T66/><D66/><U132/><E115/><V126/><F126/><W14/><G13/><T43/><D43/><U46/><E113/><V63/><F63/><W45/><G131/><T122/><D122/><U77/><E130/><V7/><F121/><RYUUKYOKU ba="1,1" sc="182,30,489,-10,319,-10,0,-10" hai0="15,22,36,38,39,42,44,47,50,52,83,84,90" owari="212,-19.0,489,59.0,309,11.0,-10,-51.0" /></mjloggm>