<mjloggm ver="2.3"><GO type="41"/><UN n0="%E3%82%A6%E3%83%AB%E3%83%88%E3%83%A9%E7%AB%8B%E7%9B%B4" n1="%6D%61%6A%6F%75%77%6F%63" n2="%E2%96%A0%E2%96%A0%E2%96%A0" n3="%67%69%6E%73%79%61%74%69" dan="15,13,14,14" rate="2000,1878,1873,1930" sx="M,M,M,M"/><TAIKYOKU oya="0"/><INIT seed="0,0,0,1,5,128" ten="250,250,250,250" oya="0" hai0="86,120,94,125,36,60,84,25,85,103,41,22,28" hai1="56,134,118,133,81,67,135,88,91,82,77,106,40" hai2="79,46,21,80,19,87,70,72,123,52,2,113,17" hai3="24,101,111,50,104,99,6,11,66,108,73,122,54"/><T76/><D120/><U1/><E1/><V107/><F123/><W116/><G122/><T112/><D112/><U14/><E40/><V109/><F113/><W32/><G116/><T102/><D125/><U53/><E118/><V13/><F109/><N who="3" m="42059" /><G73/><T105/><D105/><U95/><E106/><V49/><F107/><W126/><G66/><T0/><D0/><U119/><E119/><V8/><F2/><W131/><G131/><T78/><D36/><U69/><E69/><V98/><F98/><W4/><G126/><T33/><D41/><U44/><E67/><V26/><F70/><W96/><G99/><T117/><D33/><U61/><E44/><V65/><F65/><W9/><G32/><T89/><D117/><U20/><E95/><V115/><F115/><W121/><G24/><T132/><D60/><U3/><E3/><V92/><F92/><W10/><G121/><T100/><D25/><U64/><E64/><V124/><F124/><W23/><G23/><T90/><D28/><U59/><E59/><AGARI ba="0,0" hai="4,6,9,10,11,50,54,59,96,101,104" m="42059" machi="59" ten="30,1000,0" yaku="14,1" doraHai="128" who="3" fromWho="1" sc="250,0,250,-10,250,0,250,10" /><INIT seed="1,0,0,1,4,72" ten="250,240,250,260" oya="1" hai0="20,118,127,62,97,23,55,50,39,115,86,107,113" hai1="91,57,129,25,111,12,13,82,61,43,14,93,102" hai2="10,83,34,73,37,7,3,64,24,26,78,53,108" hai3="135,21,94,66,45,30,124,48,42,56,125,126,67"/><U16/><E111/><V36/><F108/><W88/><G135/><T18/><D39/><U6/><E129/><V121/><F121/><W5/><G5/><T99/><D118/><U74/><E74/><V65/><F53/><W92/><G94/><T15/><D127/><N who="3" m="32513" /><W0/><DORA hai="80" /><G0/><T119/><D119/><U71/><E71/><V46/><F37/><W47/><G47/><T132/><D132/><U54/><E43/><V41/><F34/><W1/><G1/><T123/><D123/><U49/><E102/><V17/><F17/><W35/><G35/><T19/><D62/><U114/><E114/><V110/><REACH who="2" step="1"/><F110/><REACH who="2" step="2"/><W32/><G32/><T70/><D113/><U87/><E6/><V106/><F106/><W28/><G28/><T68/><D107/><U51/><E93/><V44/><F44/><W103/><G30/><T128/><D115/><U130/><E130/><V81/><F81/><W22/><G56/><T112/><D112/><U60/><E51/><V104/><F104/><W90/><G67/><AGARI ba="0,1" hai="3,7,10,24,26,36,41,46,64,65,67,73,78,83" machi="67" ten="40,8000,1" yaku="1,1,25,2,52,1,53,1" doraHai="72,80" doraHaiUra="105,11" who="2" fromWho="3" sc="250,0,240,0,240,90,260,-80" /><INIT seed="2,0,0,5,5,91" ten="250,240,330,180" oya="2" hai0="94,15,66,120,69,126,135,29,63,12,127,87,7" hai1="48,37,73,19,133,40,6,118,39,123,90,129,53" hai2="85,23,54,65,134,114,33,88,128,104,1,68,31" hai3="62,124,100,10,105,32,75,8,55,89,95,86,71"/><V108/><F104/><W34/><G75/><T107/><D120/><U106/><E19/><V30/><F33/><W16/><G124/><N who="0" m="47659" /><D107/><U41/><E6/><V132/><F114/><W56/><G71/><T22/><D135/><N who="2" m="51754" /><F1/><W109/><G109/><T64/><D64/><U20/><E20/><V84/><F128/><W27/><G10/><T14/><D7/><U76/><E90/><V43/><F84/><W110/><G110/><T93/><D87/><U113/><E76/><V78/><F43/><W70/><G70/><T61/><D61/><U97/><E97/><V119/><F65/><W77/><G77/><T117/><D117/><U59/><E106/><V36/><F68/><W99/><REACH who="3" step="1"/><G27/><AGARI ba="0,0" hai="12,14,15,22,27,29,63,66,69,93,94" m="47659" machi="27" ten="30,3900,0" yaku="18,1,52,2" doraHai="91" who="0" fromWho="3" sc="250,39,240,0,330,0,180,-39" /><INIT seed="3,0,0,4,1,104" ten="289,240,330,141" oya="3" hai0="112,90,92,7,134,21,4,41,96,63,68,43,28" hai1="98,48,18,33,110,55,108,95,61,76,128,105,100" hai2="34,11,94,64,65,103,3,53,84,102,42,66,58" hai3="8,24,101,47,25,116,45,14,67,71,123,13,91"/><W86/><G116/><T54/><D134/><U115/><E33/><V121/><F34/><W113/><G123/><T131/><D131/><U93/><E128/><V135/><F121/><W89/><G113/><T31/><D112/><U57/><E115/><V130/><F135/><W44/><G101/><T0/><D68/><U83/><E18/><V20/><F130/><W46/><N who="3" m="11264" /><DORA hai="38" /><W118/><G118/><T51/><D63/><U19/><E19/><V109/><F3/><W120/><G120/><T111/><D111/><U88/><E48/><N who="2" m="31015" /><F11/><W125/><G125/><T99/><D0/><U5/><E5/><N who="0" m="2121" /><D96/><U78/><E83/><V75/><F75/><W74/><G74/><T124/><D124/><U129/><E129/><V15/><F109/><N who="1" m="42089" /><E105/><V132/><F132/><W37/><G37/><T23/><D51/><U12/><E12/><N who="3" m="4714" /><G71/><T17/><D54/><U49/><E49/><V127/><F127/><W29/><G29/><N who="0" m="11339" /><D17/><U107/><E107/><V122/><F122/><W70/><G70/><T117/><D117/><U85/><AGARI ba="0,0" hai="55,57,61,76,78,85,88,93,95,98,100" m="42089" machi="85" ten="30,2000,0" yaku="14,1,54,1" doraHai="104,38" who="1" fromWho="1" sc="289,-5,240,20,330,-5,141,-10" /><INIT seed="4,0,0,5,5,69" ten="284,260,325,131" oya="0" hai0="34,48,122,89,87,119,131,65,23,35,17,16,117" hai1="32,66,90,71,92,95,54,31,44,116,113,45,85" hai2="7,114,18,49,56,27,37,8,127,72,20,134,3" hai3="82,93,70,51,126,14,96,38,88,62,36,50,4"/><T101/><D101/><U55/><E116/><V41/><F114/><W99/><G126/><T24/><D65/><U76/><E113/><V100/><F127/><W86/><G70/><T78/><D78/><U121/><E121/><V80/><F134/><W1/><G1/><T124/><D124/><U60/><E32/><N who="0" m="12329" /><D87/><U123/><E123/><V75/><F100/><W103/><G99/><T83/><D89/><U10/><E31/><V110/><F110/><W42/><G62/><T26/><D83/><U68/><E10/><V109/><F109/><W40/><G51/><T19/><D48/><U47/><E76/><V73/><F37/><W106/><G106/><T52/><D52/><N who="1" m="20011" /><E85/><V74/><F56/><W43/><REACH who="3" step="1"/><G50/><REACH who="3" step="2"/><T108/><D122/><U21/><E95/><V98/><F98/><W9/><AGARI ba="0,1" hai="4,9,14,36,38,40,42,43,82,86,88,93,96,103" machi="9" ten="30,12000,2" yaku="1,1,2,1,0,1,52,2,54,1,53,0" doraHai="69" doraHaiUra="102" who="3" fromWho="3" sc="284,-60,260,-30,325,-30,121,130" /><INIT seed="5,0,0,3,3,57" ten="224,230,295,251" oya="1" hai0="37,61,50,112,1,43,77,42,71,135,9,111,58" hai1="54,134,44,38,78,86,7,82,56,23,22,59,65" hai2="105,89,47,73,106,126,97,109,24,18,91,81,83" hai3="116,95,67,21,66,80,8,31,72,48,60,101,35"/><U3/><E134/><V94/><F109/><W53/><G35/><T114/><D77/><U99/><E3/><V32/><F126/><W41/><G41/><N who="0" m="15371" /><D9/><U123/><E7/><V75/><F47/><W104/><G104/><N who="2" m="40041" /><F24/><W69/><G116/><T92/><D92/><U63/><E123/><V108/><F108/><W10/><G67/><N who="0" m="41455" /><D1/><U103/><E38/><V98/><F18/><W46/><G72/><N who="2" m="27721" /><F32/><W107/><G80/><N who="2" m="30793" /><F94/><W5/><G107/><T39/><D111/><U27/><E44/><V129/><F129/><W64/><G64/><T85/><D135/><U29/><E54/><V125/><F125/><W121/><G121/><T70/><D70/><U28/><E23/><V113/><F113/><N who="0" m="43626" /><D85/><U132/><E29/><V33/><F33/><W16/><G31/><T11/><D11/><U13/><E13/><V25/><F25/><W45/><G5/><T12/><D12/><U131/><E28/><V93/><F93/><W87/><G10/><T2/><D2/><U100/><E27/><V51/><F51/><W49/><G8/><T84/><D84/><U19/><E22/><V68/><F68/><W79/><G87/><T130/><D130/><U122/><E131/><V115/><F115/><W14/><G95/><T120/><D120/><U20/><E19/><V6/><F6/><W127/><G127/><T133/><D133/><U90/><E132/><V52/><F98/><W110/><G110/><T26/><D26/><U119/><E20/><V118/><F97/><W76/><G101/><T128/><D128/><U124/><E99/><V15/><F15/><W34/><G34/><RYUUKYOKU ba="0,0" sc="224,15,230,-15,295,-15,251,15" hai0="37,39,50,58" hai3="14,16,21,45,46,48,49,53,60,66,69,76,79" /><INIT seed="6,1,0,3,3,80" ten="239,215,280,266" oya="2" hai0="49,67,116,66,6,25,113,3,51,34,86,122,4" hai1="97,125,131,98,62,74,104,75,22,132,91,56,8" hai2="24,117,89,77,18,61,28,9,99,82,42,130,17" hai3="20,35,106,110,64,55,50,45,27,14,10,123,23"/><V120/><F117/><W59/><G123/><T38/><D38/><U92/><E8/><V13/><F130/><W76/><G110/><T127/><D122/><U57/><E22/><V48/><F120/><W5/><G106/><T135/><D34/><U11/><E11/><V83/><F61/><W78/><G35/><T16/><D3/><U134/><E62/><V114/><F114/><W60/><G23/><N who="0" m="13543" /><D116/><U90/><E57/><V115/><F115/><W43/><REACH who="3" step="1"/><G43/><REACH who="3" step="2"/><T30/><D113/><U31/><E131/><V68/><F42/><W72/><G72/><N who="1" m="27690" /><E31/><AGARI ba="1,1" hai="5,10,14,20,27,31,45,50,55,59,60,64,76,78" machi="31" ten="30,7700,0" yaku="1,1,7,1,8,1,53,1" doraHai="80" doraHaiUra="2" who="3" fromWho="1" sc="239,0,215,-80,280,0,256,90" /><INIT seed="7,0,0,0,4,29" ten="239,135,280,346" oya="3" hai0="73,118,11,102,119,48,97,17,89,100,85,101,47" hai1="31,50,92,34,96,62,37,90,35,15,72,49,98" hai2="113,125,80,109,104,86,124,82,93,83,28,12,130" hai3="40,10,66,38,46,56,19,8,111,129,84,30,52"/><W26/><G129/><T105/><D17/><U22/><E72/><V21/><F109/><W64/><G111/><T117/><D11/><U120/><E120/><V103/><F113/><W116/><G116/><T25/><D48/><U2/><E37/><V59/><F130/><W87/><G10/><T60/><D47/><U23/><E2/><V39/><F104/><W58/><G58/><T133/><D60/><U114/><E114/><V68/><F68/><W78/><G78/><T32/><D25/><U36/><E36/><V24/><F39/><W20/><G64/><T4/><D4/><U69/><E23/><V61/><F12/><W51/><G66/><T81/><D32/><U77/><E77/><V41/><F41/><W27/><G8/><T33/><D33/><AGARI ba="0,0" hai="19,20,26,27,30,33,38,40,46,51,52,56,84,87" machi="33" ten="30,5800,0" yaku="7,1,52,1,54,1" doraHai="29" who="3" fromWho="0" sc="239,-58,135,0,280,0,346,58" owari="181,-22,135,-36,280,8,404,50" /></mjloggm>