<mjloggm ver="2.3"><GO type="97"/><UN n0="%32%2E%32%2E%33" n1="%E3%82%A6%E3%83%AB%E3%83%88%E3%83%A9%E7%AB%8B%E7%9B%B4" n2="%E5%86%92%E9%99%BA%E7%8E%8B%E3%83%8B%E3%82%A3%E3%83%88" n3="%E3%82%8A%E3%82%87" dan="14,15,13,14" rate="1948,1956,1864,2007" sx="M,M,M,M"/><TAIKYOKU oya="0"/><INIT seed="0,0,0,4,5,109" ten="250,250,250,250" oya="0" hai0="98,48,83,25,32,108,63,7,40,11,24,30,2" hai1="126,131,84,55,52,37,34,86,129,99,130,6,123" hai2="27,31,124,54,33,115,71,66,76,20,17,104,5" hai3="70,18,100,97,101,102,50,14,105,89,117,79,91"/><T132/><D132/><U94/><E123/><V49/><F104/><W106/><G70/><T95/><D108/><U4/><E34/><V53/><F76/><W26/><G26/><T116/><D116/><U45/><E126/><V112/><F124/><W78/><G50/><T90/><D63/><U69/><E69/><V3/><F53/><N who="1" m="20553" /><E45/><V121/><F121/><W43/><G43/><T75/><D25/><U80/><E37/><V36/><F36/><W28/><G28/><T134/><D134/><U87/><E80/><V114/><F66/><W41/><G41/><T58/><D58/><U57/><E57/><V85/><F85/><N who="1" m="21761" /><U67/><DORA hai="51" /><E67/><V133/><F71/><W103/><G117/><T46/><D75/><U23/><E23/><V22/><F133/><W127/><G127/><T19/><D83/><U135/><E135/><V113/><N who="2" m="29184" /><DORA hai="110" /><V111/><F111/><W92/><G18/><T42/><D19/><U77/><E77/><N who="3" m="29194" /><G14/><T81/><D81/><U16/><E16/><V15/><F49/><W44/><G44/><T96/><D42/><U65/><E65/><V119/><F54/><W0/><G0/><T120/><D120/><U64/><E64/><V8/><F119/><W1/><G1/><T29/><D29/><U72/><E72/><V93/><F93/><W47/><G47/><T61/><D61/><U62/><E62/><V82/><F82/><W12/><G12/><T9/><D9/><AGARI ba="0,0" hai="3,5,8,9,15,17,20,22,27,31,33" m="29184" machi="9" ten="70,24000,4" yaku="34,3,52,8" doraHai="109,51,110" who="2" fromWho="0" sc="250,-240,250,0,250,240,250,0" /><INIT seed="1,0,0,2,3,119" ten="10,250,490,250" oya="1" hai0="25,18,51,64,120,66,71,61,8,116,131,19,33" hai1="47,20,75,78,83,4,132,16,89,56,38,39,32" hai2="105,27,129,115,53,118,126,58,100,37,86,97,104" hai3="74,13,12,63,125,1,65,108,124,68,128,42,23"/><U84/><E32/><V5/><F118/><W101/><G74/><T9/><D116/><U49/><E132/><V88/><F37/><W90/><G1/><T85/><D131/><U17/><E4/><V3/><F129/><W80/><G128/><T60/><D85/><U59/><E59/><V103/><F115/><W87/><G101/><T21/><D51/><U73/><E56/><V10/><F126/><N who="3" m="48747" /><G108/><T77/><D77/><U2/><E2/><V55/><F27/><W29/><G42/><T81/><D81/><U70/><E70/><V67/><F67/><W28/><G23/><T14/><D33/><U22/><E22/><V52/><F103/><W123/><G123/><T62/><D62/><U35/><E35/><V96/><F96/><W40/><G40/><T117/><D117/><U98/><E98/><V72/><F72/><W93/><G80/><T102/><D102/><U95/><E75/><V7/><F7/><W127/><N who="3" m="48755" /><W92/><DORA hai="54" /><G92/><T106/><D106/><U46/><E17/><V135/><F105/><W111/><G111/><T6/><D120/><U0/><E0/><V41/><F41/><W48/><G48/><T79/><D79/><U130/><E130/><V134/><F135/><W24/><G24/><T44/><D44/><U26/><REACH who="1" step="1"/><E49/><REACH who="1" ten="10,240,490,250" step="2"/><V82/><F134/><W43/><G43/><T109/><D109/><U99/><E99/><V107/><F107/><W57/><G68/><N who="0" m="41991" /><D6/><U114/><E114/><V34/><F34/><W91/><G91/><T30/><D19/><U76/><E76/><V112/><F112/><W94/><G94/><RYUUKYOKU ba="0,1" sc="10,0,240,0,490,0,250,0" hai0="8,9,14,18,21,25,30,61,66,71" hai1="16,20,26,38,39,46,47,73,78,83,84,89,95" hai2="3,5,10,52,53,55,58,82,86,88,97,100,104" hai3="12,13,28,29,57,63,65,87,90,93" /><INIT seed="1,1,1,5,5,23" ten="10,240,490,250" oya="1" hai0="132,35,78,102,0,1,28,84,83,26,59,38,100" hai1="97,52,90,99,71,22,2,120,58,72,117,45,41" hai2="135,109,17,131,112,10,39,66,30,80,32,127,69" hai3="44,107,37,13,76,93,74,77,134,82,11,126,87"/><U4/><E71/><V79/><F17/><W47/><G107/><T49/><D38/><U48/><E120/><V94/><F10/><W31/><G31/><T24/><D132/><U20/><E117/><V98/><F39/><W36/><G134/><T57/><D1/><U95/><E72/><V51/><F51/><W3/><G126/><T85/><D0/><U63/><E2/><V110/><F66/><W5/><G13/><T115/><D115/><U46/><E4/><V104/><F69/><W70/><G70/><T60/><D85/><U27/><E46/><V89/><F30/><W40/><G93/><T43/><D28/><U67/><E97/><V113/><F32/><W18/><G18/><T6/><D6/><U108/><E108/><N who="2" m="41579" /><F127/><W122/><G122/><T21/><D35/><U68/><REACH who="1" step="1"/><E27/><REACH who="1" ten="10,230,490,250" step="2"/><N who="0" m="10281" /><D21/><U101/><E101/><N who="0" m="39017" /><D60/><AGARI ba="1,2" hai="20,22,41,45,48,52,58,60,63,67,68,90,95,99" machi="60" ten="30,5800,0" yaku="1,1,7,1,54,1,53,0" doraHai="23" doraHaiUra="12" who="1" fromWho="0" sc="10,-61,230,81,490,0,250,0" owari="-51,-55.0,311,11.0,490,59.0,250,-15.0" /></mjloggm>