<mjloggm ver="2.3"><GO type="41"/><UN n0="%42%4C%55%45%42%4C%55%45" n1="%E3%82%A6%E3%83%AB%E3%83%88%E3%83%A9%E7%AB%8B%E7%9B%B4" n2="%53%48%49%41%4E" n3="%E3%82%86%E3%83%BC%E3%81%9F%E3%83%BC" dan="14,15,14,14" rate="2048,2022,1899,1923" sx="M,M,M,M"/><TAIKYOKU oya="0"/><INIT seed="0,0,0,2,1,85" ten="250,250,250,250" oya="0" hai0="53,102,24,109,75,115,74,30,55,70,84,114,80" hai1="63,68,15,7,93,111,31,37,124,106,34,29,51" hai2="44,76,83,3,73,120,130,60,23,104,100,131,1" hai3="59,12,46,107,87,113,134,121,13,57,16,56,65"/><T123/><D70/><U4/><E37/><V116/><F120/><W50/><G113/><T18/><D123/><U92/><E51/><V38/><F60/><W95/><G107/><T42/><D42/><U125/><E63/><V71/><F71/><W135/><G121/><T127/><D102/><U43/><E43/><N who="2" m="22647" /><F23/><W45/><G65/><T28/><D84/><U14/><E68/><V118/><F100/><W33/><G33/><T22/><D80/><U81/><E81/><V11/><F104/><W94/><G46/><T110/><D22/><U77/><E106/><V17/><F17/><W48/><G50/><T40/><D40/><U47/><E47/><V20/><F20/><W82/><G13/><T112/><D18/><U78/><E34/><V117/><F11/><N who="3" m="6175" /><G134/><T103/><D103/><U32/><E32/><V89/><F89/><N who="3" m="51447" /><G135/><T101/><D101/><U52/><REACH who="1" step="1"/><E111/><REACH who="1" ten="250,240,250,250" step="2"/><V108/><F108/><W21/><G21/><T26/><REACH who="0" step="1"/><D114/><REACH who="0" ten="240,240,250,250" step="2"/><U9/><E9/><V96/><F96/><W54/><AGARI ba="0,2" hai="45,48,54,56,57,59,94,95" m="51447,6175" machi="54" ten="30,7900,0" yaku="25,1,8,1,52,1,54,1" doraHai="85" who="3" fromWho="3" sc="240,-39,240,-20,250,-20,250,99" /><INIT seed="1,0,0,4,0,34" ten="201,220,230,349" oya="1" hai0="88,39,118,64,73,42,51,24,135,109,10,50,108" hai1="20,25,130,101,65,2,71,84,113,12,56,127,30" hai2="83,58,70,16,89,94,131,86,23,133,134,96,97" hai3="15,9,100,46,49,117,103,0,61,105,47,111,33"/><U99/><E84/><V122/><F70/><W72/><G33/><T90/><D118/><U87/><E113/><V8/><F8/><W37/><G72/><T82/><D64/><U40/><E71/><V85/><F122/><W63/><G111/><T129/><D39/><U124/><E40/><V41/><F58/><W19/><G37/><T132/><D42/><U115/><E115/><V17/><F17/><W13/><G0/><T14/><D24/><U80/><E12/><V28/><F28/><W53/><G47/><T79/><D129/><U35/><E35/><V106/><F106/><W48/><G49/><T74/><D14/><U31/><E31/><V11/><F11/><N who="3" m="6591" /><G105/><T76/><D10/><U91/><E2/><V18/><F18/><N who="3" m="8559" /><G117/><T43/><D43/><U120/><E120/><V55/><F41/><W26/><G26/><T7/><D51/><U81/><E130/><V107/><F107/><W1/><G1/><T77/><D50/><U27/><E27/><N who="2" m="14823" /><F131/><W62/><AGARI ba="0,0" hai="46,48,53,61,62,63,100,103" m="8559,6591" machi="62" ten="30,1100,0" yaku="8,1" doraHai="34" who="3" fromWho="3" sc="201,-3,220,-5,230,-3,349,11" /><INIT seed="2,0,0,5,4,81" ten="198,215,227,360" oya="2" hai0="28,131,25,96,69,84,7,95,105,97,98,102,16" hai1="116,24,49,58,57,52,121,23,104,88,44,18,109" hai2="113,123,73,6,0,91,101,128,33,30,14,39,42" hai3="76,94,90,66,21,47,118,67,46,56,133,51,20"/><V22/><F123/><W68/><G118/><T27/><D69/><U54/><E104/><V50/><F73/><W36/><G76/><T9/><D131/><U124/><E116/><V34/><F39/><W62/><G133/><T106/><D106/><U10/><E121/><V26/><F101/><W63/><G36/><T103/><D97/><U107/><E107/><V12/><F113/><W55/><G47/><T15/><D28/><U13/><E124/><V1/><F50/><W32/><G32/><N who="2" m="12393" /><F42/><W40/><REACH who="3" step="1"/><G40/><REACH who="3" ten="198,215,227,350" step="2"/><T89/><D105/><U4/><E109/><V117/><F117/><W132/><G132/><T5/><D102/><U17/><E44/><V135/><F135/><W126/><G126/><T35/><D103/><U108/><E108/><V100/><F128/><W43/><G43/><T64/><D35/><U99/><E54/><V125/><F100/><W37/><G37/><T70/><D64/><U45/><E45/><V115/><F115/><W79/><G79/><T31/><D70/><U19/><E58/><V78/><F78/><W2/><G2/><N who="2" m="1129" /><F125/><W48/><G48/><T110/><D110/><U65/><E65/><V112/><F112/><W77/><G77/><T29/><D31/><U72/><E72/><V75/><F75/><W8/><G8/><T38/><D29/><U11/><E11/><N who="2" m="4215" /><F91/><W129/><G129/><T120/><D38/><U41/><E41/><V93/><F93/><AGARI ba="0,1" hai="4,10,13,17,18,19,23,24,49,52,57,88,93,99" machi="93" ten="40,5200,0" yaku="8,1,54,2" doraHai="81" who="1" fromWho="2" sc="198,0,215,62,227,-52,350,0" /><INIT seed="3,0,0,1,2,77" ten="198,277,175,350" oya="3" hai0="0,112,88,17,89,21,25,42,2,28,94,12,52" hai1="53,41,68,24,134,59,107,90,82,69,67,106,44" hai2="114,115,98,38,80,117,86,43,7,20,37,101,105" hai3="93,22,65,57,116,71,118,96,63,6,14,40,46"/><W11/><G71/><T56/><D112/><U1/><E1/><V50/><F117/><W49/><REACH who="3" step="1"/><G22/><REACH who="3" ten="198,277,175,340" step="2"/><T87/><D42/><U78/><E68/><V122/><F20/><W113/><G113/><T36/><D36/><U34/><E69/><V126/><F38/><W102/><AGARI ba="0,1" hai="6,11,14,40,46,49,57,63,65,93,96,102,116,118" machi="102" ten="20,3900,0" yaku="1,1,0,1,7,1,53,0" doraHai="77" doraHaiUra="120" who="3" fromWho="3" sc="198,-13,277,-13,175,-13,340,49" /><INIT seed="3,1,0,3,4,115" ten="185,264,162,389" oya="3" hai0="47,114,62,35,124,94,8,108,38,78,135,29,91" hai1="56,15,19,72,116,86,32,102,132,73,5,0,134" hai2="69,53,129,71,96,61,26,34,70,13,59,95,97" hai3="98,28,76,17,45,66,11,7,39,99,130,101,16"/><W63/><G130/><T21/><D114/><U33/><E102/><V52/><F129/><W40/><G28/><T120/><D120/><U131/><E131/><V22/><F34/><N who="1" m="13417" /><E86/><V48/><F13/><W128/><G128/><T2/><D35/><U111/><E56/><V106/><F106/><W77/><G76/><T46/><D38/><U92/><E92/><V64/><F97/><W68/><G77/><T125/><D78/><U79/><E79/><V41/><F53/><W37/><G39/><T105/><D105/><U51/><E51/><V65/><F41/><W54/><G54/><T1/><D62/><U90/><E90/><V122/><F122/><W89/><G89/><T80/><D80/><U3/><E5/><V112/><F112/><W67/><G66/><T110/><D94/><U107/><E107/><V4/><F4/><W31/><G31/><T60/><D60/><U14/><E73/><V27/><F27/><W127/><G127/><N who="0" m="48715" /><D91/><U50/><E50/><V36/><F36/><W49/><G37/><T104/><D104/><U42/><E72/><V18/><F65/><W10/><G99/><T87/><D87/><U9/><E42/><V6/><REACH who="2" step="1"/><F6/><REACH who="2" ten="185,264,152,389" step="2"/><W30/><G7/><T84/><D2/><U20/><E3/><V24/><F24/><W23/><G98/><T126/><D1/><U12/><E0/><V100/><AGARI ba="1,1" hai="18,22,26,48,52,59,61,64,69,70,71,95,96,100" machi="100" ten="20,8000,1" yaku="1,1,0,1,7,1,54,1,53,1" doraHai="115" doraHaiUra="44" who="2" fromWho="2" sc="185,-21,264,-21,152,93,389,-41" /><INIT seed="4,0,0,5,2,113" ten="164,243,245,348" oya="0" hai0="110,127,58,97,61,31,118,28,46,130,111,19,128" hai1="88,36,135,86,80,41,13,72,106,98,14,64,119" hai2="35,121,59,45,103,22,30,129,116,54,38,132,0" hai3="99,39,44,11,107,49,20,109,83,51,105,10,17"/><T29/><D97/><U47/><E135/><V55/><F0/><W125/><G109/><N who="0" m="41483" /><D46/><U63/><E72/><V25/><F38/><W53/><G39/><T33/><D127/><U77/><E119/><V62/><F132/><W73/><G125/><T34/><D58/><U122/><E122/><V78/><F121/><W21/><G73/><T40/><D40/><U15/><E106/><V24/><F103/><W94/><G83/><T12/><D61/><U23/><E98/><V5/><F5/><W131/><G131/><N who="0" m="50219" /><D118/><U96/><E96/><V79/><F116/><W68/><G68/><T115/><D115/><U104/><E104/><V100/><F100/><W65/><G105/><T126/><D126/><U60/><E77/><V7/><F129/><W87/><G107/><T71/><D71/><U91/><E91/><V69/><F69/><W66/><G99/><T74/><D74/><U2/><E63/><V133/><F133/><W84/><G44/><T3/><D3/><U101/><E101/><V134/><F134/><W42/><G42/><T1/><D1/><U114/><E114/><V82/><F45/><W95/><G53/><T26/><D26/><U56/><E2/><V76/><F55/><W117/><G117/><T16/><D19/><AGARI ba="0,0" hai="10,11,17,19,20,21,49,51,65,66,84,87,94,95" machi="19" ten="25,3200,0" yaku="22,2,8,1" doraHai="113" who="3" fromWho="0" sc="164,-32,243,0,245,0,348,32" /><INIT seed="5,0,0,5,4,94" ten="132,243,245,380" oya="1" hai0="3,129,88,52,58,95,75,36,135,106,125,13,4" hai1="67,49,25,14,86,40,87,17,115,90,32,105,35" hai2="38,92,2,101,133,28,108,11,132,111,124,45,39" hai3="56,50,99,74,5,84,53,128,113,117,1,110,26"/><U81/><E105/><V46/><F28/><W37/><G110/><N who="2" m="42025" /><F101/><W122/><G37/><N who="2" m="13833" /><F92/><W126/><G122/><T79/><D106/><U96/><E35/><V104/><F104/><W118/><G74/><T27/><D36/><U70/><E25/><V66/><F66/><W131/><G1/><T123/><D123/><U89/><E32/><V68/><F11/><W114/><G5/><T109/><D3/><U0/><E0/><V41/><F2/><W103/><G26/><T20/><D109/><U33/><E33/><V22/><F22/><W71/><G84/><T59/><D59/><U8/><E67/><V64/><F41/><W78/><G71/><T10/><D125/><U29/><E70/><V100/><F100/><W73/><G126/><T57/><D57/><U34/><E34/><V112/><F112/><N who="3" m="43115" /><G78/><T77/><D75/><U7/><E29/><V21/><F21/><W72/><G73/><T19/><D129/><N who="3" m="49737" /><G72/><T9/><D135/><N who="2" m="51786" /><F124/><W60/><G60/><AGARI ba="0,0" hai="45,46,60,64,68" m="51786,13833,42025" machi="60" ten="40,5200,0" yaku="20,1,34,2" doraHai="94" who="2" fromWho="3" sc="132,0,243,0,245,52,380,-52" /><INIT seed="6,0,0,5,0,81" ten="132,243,297,328" oya="2" hai0="13,20,110,30,21,130,124,66,114,70,98,14,123" hai1="135,46,104,96,73,62,77,68,90,58,23,103,55" hai2="7,92,19,97,32,2,115,43,108,107,33,133,86" hai3="38,120,25,122,60,50,4,82,80,72,64,118,41"/><V37/><F115/><W53/><G118/><T44/><D123/><U48/><E135/><V111/><F107/><W116/><G116/><T132/><D110/><N who="2" m="42026" /><F133/><W39/><G4/><T1/><D132/><U131/><E131/><V65/><F65/><W129/><G25/><T69/><D130/><U51/><E68/><V45/><F2/><W127/><G129/><T78/><D1/><U89/><E77/><V12/><F7/><W6/><G6/><T17/><D78/><U10/><E73/><V11/><F86/><W76/><G127/><T49/><D114/><U85/><E10/><V8/><F11/><W128/><G128/><T94/><D124/><U67/><E23/><V35/><F35/><W16/><G82/><T83/><D83/><U102/><E102/><AGARI ba="0,0" hai="8,12,19,32,33,37,43,45,92,97,102" m="42026" machi="102" ten="30,1500,0" yaku="10,1" doraHai="81" who="2" fromWho="1" sc="132,0,243,-15,297,15,328,0" /><INIT seed="6,1,0,0,4,102" ten="132,228,312,328" oya="2" hai0="46,128,90,41,134,36,104,129,17,82,121,53,20" hai1="23,63,119,133,3,48,89,117,78,115,65,96,57" hai2="123,38,68,32,92,131,21,113,28,14,93,31,71" hai3="22,97,122,43,109,18,101,37,51,9,50,8,42"/><V33/><F123/><W49/><G109/><T79/><D121/><U12/><E3/><V112/><F14/><W108/><G108/><T77/><D134/><U120/><E119/><V114/><F21/><W124/><G122/><T52/><D90/><U39/><E117/><V126/><F126/><W44/><G124/><T47/><D79/><U127/><E39/><V54/><F54/><W125/><G125/><T15/><D104/><U58/><E127/><V83/><F83/><W100/><G43/><T72/><REACH who="0" step="1"/><D47/><REACH who="0" ten="122,228,312,328" step="2"/><U26/><E133/><V95/><F131/><AGARI ba="1,1" hai="15,17,20,36,41,46,52,53,72,77,82,128,129,131" machi="131" ten="40,8000,1" yaku="1,1,2,1,19,1,54,1,53,1" doraHai="102" doraHaiUra="19" who="0" fromWho="2" sc="122,93,228,0,312,-83,328,0" /><INIT seed="7,0,0,3,2,13" ten="215,228,229,328" oya="3" hai0="24,101,87,133,44,112,111,63,109,64,29,31,23" hai1="73,18,12,80,57,79,39,115,93,97,42,7,90" hai2="30,20,52,68,56,94,91,48,10,114,0,110,65" hai3="32,14,19,113,17,116,117,28,134,102,4,49,53"/><W38/><G38/><T35/><D112/><U36/><E115/><V132/><F114/><W83/><G113/><T16/><D133/><U76/><E7/><V69/><F132/><W121/><G121/><T75/><D75/><U51/><E79/><V2/><F110/><W21/><G134/><T81/><D101/><U26/><E26/><V54/><F65/><W86/><G102/><T43/><D35/><U125/><E125/><V34/><F34/><W105/><G105/><T55/><D55/><U98/><E98/><V58/><F2/><W131/><G4/><T27/><D27/><U8/><REACH who="1" step="1"/><E57/><REACH who="1" ten="215,218,229,328" step="2"/><V106/><F69/><W50/><G117/><T3/><D3/><U135/><E135/><V45/><F68/><W62/><G116/><T122/><D122/><U61/><E61/><V124/><F124/><W72/><G62/><T77/><D109/><U40/><E40/><V5/><F58/><W47/><G47/><AGARI ba="0,1" hai="8,12,18,36,39,42,47,51,73,76,80,90,93,97" machi="47" ten="40,2600,0" yaku="1,1,52,1,53,0" doraHai="13" doraHaiUra="60" who="1" fromWho="3" sc="215,0,218,36,229,0,328,-26" owari="215,-28.0,254,5.0,229,-17.0,302,40.0" /></mjloggm>