<mjloggm ver="2.3"><GO type="41"/><UN n0="%28%E3%81%A4%C2%B4%CF%89%EF%BD%80%29%E3%81%A4" n1="%E9%B7%B9%E6%AD%A3%E3%81%AE%E5%80%85%EF%BC%9D%E5%AF%8C%E7%8C%AB" n2="%E3%82%88%E3%81%8A%E3%81%96%E3%82%93" n3="%E3%82%A6%E3%83%AB%E3%83%88%E3%83%A9%E7%AB%8B%E7%9B%B4" dan="14,15,15,15" rate="1960,1972,2006,2028" sx="F,M,M,M"/><TAIKYOKU oya="0"/><INIT seed="0,0,0,2,1,28" ten="250,250,250,250" oya="0" hai0="101,21,11,59,121,95,69,53,80,7,29,43,18" hai1="98,61,120,108,2,79,102,8,135,92,91,71,124" hai2="65,13,64,67,76,97,134,66,9,77,45,60,119" hai3="90,87,48,132,44,84,34,73,4,56,72,19,106"/><T112/><D69/><U89/><E120/><V128/><F119/><W88/><G106/><T126/><D121/><U55/><E79/><V47/><F128/><W81/><G4/><T20/><D112/><U96/><E108/><V93/><F134/><W75/><G132/><T41/><D126/><U5/><E135/><V38/><F38/><W131/><G131/><T129/><D129/><U14/><E124/><V123/><F123/><W57/><G19/><T103/><D80/><U25/><E2/><V133/><F133/><W1/><G1/><T107/><D107/><U12/><E12/><V125/><F125/><W52/><REACH who="3" step="1"/><G34/><REACH who="3" ten="250,250,250,240" step="2"/><T116/><D116/><U114/><E5/><V68/><F76/><W83/><AGARI ba="0,1" hai="44,48,52,56,57,72,73,75,81,83,84,87,88,90" machi="83" ten="30,12000,2" yaku="1,1,2,1,0,1,9,1,54,2,53,0" doraHai="28" doraHaiUra="36" who="3" fromWho="3" sc="250,-60,250,-30,250,-30,240,130" /><INIT seed="1,0,0,3,0,88" ten="190,220,220,370" oya="1" hai0="107,55,57,23,8,69,123,72,53,61,89,100,82" hai1="119,104,34,93,74,128,4,134,84,83,96,108,132" hai2="124,90,127,11,92,17,95,68,19,12,126,10,77" hai3="20,26,85,54,135,60,114,46,111,99,42,31,0"/><U58/><E119/><V39/><F68/><W71/><G0/><T70/><D123/><U94/><E34/><V65/><F65/><W51/><G114/><T130/><D130/><U112/><E112/><V98/><F39/><W6/><G135/><N who="1" m="51754" /><E4/><V59/><F77/><W47/><G111/><T36/><D36/><U101/><E58/><V50/><F59/><W28/><G6/><T9/><D23/><U86/><E128/><V30/><F30/><W37/><G85/><N who="1" m="32874" /><E108/><V7/><F50/><W2/><G2/><T113/><D113/><U79/><AGARI ba="0,0" hai="74,79,83,93,94,96,101,104" m="32874,51754" machi="79" ten="30,12000,1" yaku="20,1,34,2,52,2" doraHai="88" who="1" fromWho="1" sc="190,-40,220,120,220,-40,370,-40" /><INIT seed="1,1,0,5,4,33" ten="150,340,180,330" oya="1" hai0="36,12,119,60,85,31,67,77,124,53,54,9,62" hai1="1,64,11,86,107,19,38,26,70,133,125,21,47" hai2="7,3,108,99,56,72,4,132,27,92,66,34,114" hai3="44,30,28,82,8,23,73,128,58,130,46,24,45"/><U118/><E107/><V101/><F72/><W37/><G37/><T69/><D119/><U2/><E118/><V122/><F122/><W75/><G58/><T42/><D31/><U18/><E133/><V40/><F114/><W15/><G82/><T129/><D129/><N who="3" m="49769" /><G28/><T81/><D124/><U88/><E125/><V59/><F132/><W95/><G95/><T29/><D29/><U123/><E123/><V116/><F116/><W6/><AGARI ba="1,0" hai="6,8,15,23,24,30,44,45,46,73,75" m="49769" machi="6" ten="30,1100,0" yaku="19,1" doraHai="33" who="3" fromWho="3" sc="150,-4,340,-6,180,-4,330,14" /><INIT seed="2,0,0,5,1,89" ten="146,334,176,344" oya="2" hai0="49,103,56,34,77,79,58,25,29,12,105,133,63" hai1="86,21,91,124,92,3,28,67,131,66,19,7,118" hai2="116,87,45,24,93,4,35,54,1,119,15,57,114" hai3="32,48,111,65,122,23,75,27,98,73,121,84,129"/><V26/><F1/><W46/><G32/><T16/><D133/><U37/><E118/><V44/><F114/><W100/><G129/><T127/><D127/><U113/><E113/><V74/><F74/><W95/><G111/><T50/><D105/><U104/><E37/><V120/><F120/><W55/><G75/><T60/><D103/><U64/><E104/><V53/><F35/><W51/><G73/><T85/><D85/><U38/><E38/><V123/><F123/><W101/><G101/><T115/><D115/><U40/><E40/><V62/><F116/><W90/><G65/><T0/><D0/><U82/><E131/><V9/><F119/><W94/><REACH who="3" step="1"/><G51/><REACH who="3" ten="146,334,176,334" step="2"/><T102/><D102/><U14/><E124/><V36/><F36/><W134/><G134/><T11/><D50/><U76/><E67/><V18/><F53/><W10/><G10/><T71/><D49/><U83/><E66/><V70/><F70/><W33/><G33/><T107/><D71/><U22/><E64/><V39/><F39/><W88/><G88/><T31/><D31/><AGARI ba="0,1" hai="23,27,31,46,48,55,84,90,94,95,98,100,121,122" machi="31" ten="30,8000,1" yaku="1,1,7,1,52,2,53,1" doraHai="89" doraHaiUra="41" who="3" fromWho="0" sc="146,-80,334,0,176,0,334,90" /><INIT seed="3,0,0,5,0,56" ten="66,334,176,424" oya="3" hai0="10,114,97,135,11,119,1,21,2,60,64,95,132" hai1="54,30,78,67,100,9,82,28,12,94,48,69,129" hai2="73,47,18,108,45,77,34,112,46,53,23,4,3" hai3="66,113,134,131,120,133,122,31,20,76,13,80,125"/><W128/><G31/><T42/><D119/><U61/><E129/><N who="3" m="49738" /><G20/><T86/><D114/><U104/><E104/><V81/><F34/><W98/><G13/><T22/><D42/><U49/><E100/><V5/><F112/><W39/><G39/><T51/><D51/><U96/><E96/><V40/><F108/><W37/><G37/><T91/><D1/><U7/><E94/><V106/><F106/><W17/><G17/><T50/><D50/><U15/><E49/><V126/><F40/><W32/><G32/><T16/><D132/><N who="3" m="50793" /><G113/><T110/><D110/><U115/><E15/><V107/><F107/><W123/><G66/><T62/><D135/><U121/><E121/><V101/><F3/><W36/><G36/><T58/><D2/><U116/><E116/><V29/><F29/><W6/><G6/><T90/><D21/><U109/><E109/><V111/><F111/><W75/><G98/><T72/><D72/><U92/><E115/><V83/><F23/><W24/><G24/><N who="0" m="14407" /><D62/><U87/><E92/><AGARI ba="0,0" hai="10,11,58,60,64,86,90,91,92,95,97" m="14407" machi="92" ten="30,3900,0" yaku="8,1,52,1,54,1" doraHai="56" who="0" fromWho="1" sc="66,39,334,-39,176,0,424,0" /><INIT seed="4,0,0,0,5,80" ten="105,295,176,424" oya="0" hai0="35,51,117,46,134,86,53,67,38,42,113,76,50" hai1="71,122,97,84,93,63,104,40,25,57,37,121,132" hai2="1,16,33,101,28,128,36,9,74,10,96,64,73" hai3="110,70,68,43,2,61,91,131,94,116,55,108,20"/><T65/><D35/><U92/><E104/><V48/><F36/><W8/><G116/><T41/><D76/><U34/><E71/><V85/><F128/><W21/><G43/><T22/><D22/><U32/><E132/><V29/><F64/><N who="0" m="24650" /><D86/><U82/><E40/><V109/><F1/><W114/><G131/><T47/><D117/><U99/><E37/><V115/><F33/><W90/><G8/><T88/><D88/><U127/><E25/><V124/><F9/><W78/><G78/><T30/><D30/><U72/><E72/><V123/><F28/><W18/><G94/><T49/><D134/><U14/><E82/><V19/><F29/><W13/><G91/><T112/><D51/><U12/><E84/><V100/><F48/><W107/><G90/><T135/><D135/><U103/><E103/><V120/><F10/><W58/><G21/><T81/><D81/><U56/><REACH who="1" step="1"/><E63/><REACH who="1" ten="105,285,176,424" step="2"/><V75/><F100/><W60/><G60/><T45/><AGARI ba="0,1" hai="38,41,42,45,46,47,49,50,53,112,113" m="24650" machi="45" ten="30,3000,0" yaku="34,2" doraHai="80" who="0" fromWho="0" sc="105,40,285,-10,176,-10,424,-10" /><INIT seed="4,1,0,2,5,7" ten="145,275,166,414" oya="0" hai0="38,112,127,31,41,16,76,71,123,69,89,26,92" hai1="96,132,101,0,46,5,135,32,72,74,11,36,125" hai2="77,94,97,109,56,39,118,52,2,121,111,86,21" hai3="24,64,54,99,131,50,116,91,53,100,13,108,22"/><T43/><D123/><U66/><E125/><V83/><F121/><W55/><G108/><T73/><D127/><U88/><E66/><V65/><F39/><W61/><G91/><T70/><D112/><U90/><E32/><V117/><F65/><W20/><G131/><T25/><D38/><U51/><E72/><V28/><F2/><W57/><G13/><T124/><D124/><U1/><E1/><V84/><F84/><W133/><G133/><N who="1" m="51274" /><E74/><V45/><F45/><W9/><G9/><T114/><D114/><U29/><E29/><V47/><F47/><W60/><G60/><T3/><D3/><U27/><E27/><V35/><F35/><W81/><G81/><T10/><D76/><U19/><E19/><V110/><F21/><W122/><G22/><T68/><D73/><U62/><E62/><V48/><REACH who="2" step="1"/><F28/><REACH who="2" ten="145,275,156,414" step="2"/><W105/><G122/><T12/><D70/><U134/><E36/><V44/><F44/><W106/><G20/><T80/><D80/><U42/><E134/><V30/><F30/><W58/><G64/><T87/><REACH who="0" step="1"/><D26/><REACH who="0" ten="135,275,156,414" step="2"/><U17/><E17/><V75/><F75/><W130/><G24/><T104/><D104/><AGARI ba="1,2" hai="0,5,11,42,46,51,88,90,96,101,104" m="51274" machi="104" ten="30,3900,0" yaku="20,1,52,1,54,1" doraHai="7" who="1" fromWho="0" sc="135,-42,275,62,156,0,414,0" /><INIT seed="5,0,0,5,4,87" ten="93,337,156,414" oya="1" hai0="120,94,125,96,104,132,71,111,99,83,2,43,114" hai1="118,20,36,53,13,67,16,48,122,19,91,93,54" hai2="65,84,70,61,28,124,119,57,31,58,17,92,109" hai3="39,108,85,40,113,126,115,26,77,1,10,6,18"/><U24/><E36/><V27/><F119/><W38/><G108/><T73/><RYUUKYOKU type="yao9" ba="0,0" sc="93,0,337,0,156,0,414,0" hai0="2,43,71,73,83,94,96,99,104,111,114,120,125,132" /><INIT seed="5,1,0,4,1,21" ten="93,337,156,414" oya="1" hai0="42,59,120,53,47,4,90,108,66,19,27,54,71" hai1="131,125,78,81,121,128,3,103,64,1,17,109,87" hai2="20,67,100,16,32,110,98,133,13,84,115,104,60" hai3="62,105,93,129,112,22,101,5,107,91,119,6,24"/><U18/><E121/><V116/><F110/><W43/><G129/><N who="1" m="49738" /><E109/><V29/><F116/><W88/><G112/><T30/><D108/><U14/><E125/><V36/><F36/><W135/><G135/><T73/><D73/><U15/><E103/><V44/><F133/><W79/><G119/><T106/><D106/><U10/><E64/><V117/><F117/><W11/><G79/><T12/><D120/><U127/><E127/><V111/><F111/><W85/><G43/><T61/><D4/><U65/><E65/><V52/><F115/><W45/><G45/><T89/><D12/><U37/><E37/><V35/><F29/><W46/><G46/><T25/><D19/><U113/><E113/><V55/><F84/><W58/><G91/><N who="0" m="34827" /><D71/><U50/><E50/><V23/><F23/><AGARI ba="1,0" hai="1,3,10,14,15,17,18,23,78,81,87" m="49738" machi="23" ten="30,1500,0" yaku="19,1" doraHai="21" who="1" fromWho="2" sc="93,0,337,18,156,-18,414,0" /><INIT seed="5,2,0,2,5,118" ten="93,355,138,414" oya="1" hai0="134,122,112,85,69,86,19,135,26,90,123,53,61" hai1="68,46,22,45,23,110,0,65,1,88,60,44,55" hai2="20,16,15,115,87,128,78,120,52,12,18,101,111" hai3="5,119,40,75,107,30,104,105,124,100,38,7,59"/><U133/><E133/><N who="0" m="50697" /><D112/><U84/><E55/><V79/><F111/><W62/><G100/><T117/><D117/><U17/><E110/><V97/><F128/><W8/><G119/><T6/><D6/><U103/><E103/><V82/><F115/><W71/><G71/><T73/><D73/><U127/><E127/><V10/><F120/><N who="0" m="46122" /><D90/><U37/><E37/><V67/><F67/><W81/><G124/><T70/><D53/><U33/><E33/><V49/><F87/><N who="0" m="33290" /><D61/><U131/><E131/><V51/><F82/><W34/><G81/><T95/><D95/><U121/><E121/><V129/><F129/><W28/><G75/><T96/><D96/><U76/><E76/><V125/><F125/><W89/><G89/><T63/><D63/><U94/><REACH who="1" step="1"/><E23/><AGARI ba="2,0" hai="19,23,26,69,70" m="33290,46122,50697" machi="23" ten="40,8000,1" yaku="20,1,13,1,52,3" doraHai="118" who="0" fromWho="1" sc="93,86,355,-86,138,0,414,0" /><INIT seed="6,0,0,0,4,97" ten="179,269,138,414" oya="2" hai0="44,77,124,25,99,129,26,6,113,31,53,46,32" hai1="9,60,117,63,43,67,3,72,130,96,103,54,7" hai2="55,79,29,126,19,91,86,34,10,116,93,20,1" hai3="17,23,38,114,58,115,11,73,123,33,36,110,83"/><V84/><F116/><W98/><G33/><T131/><D77/><U61/><E72/><V128/><F126/><W90/><G123/><T4/><D124/><U107/><E117/><V70/><F70/><W135/><G11/><T106/><D113/><N who="3" m="43017" /><G110/><T56/><D26/><U50/><E43/><V64/><F64/><W87/><G135/><T45/><D106/><U41/><E41/><V15/><F128/><N who="0" m="49226" /><D99/><U65/><REACH who="1" step="1"/><E130/><REACH who="1" ten="179,259,138,414" step="2"/><V111/><F111/><W42/><G73/><T40/><D40/><U68/><E68/><V39/><F39/><W119/><G119/><T127/><D127/><U51/><E51/><AGARI ba="0,1" hai="4,6,25,31,32,44,45,46,51,53,56" m="49226" machi="51" ten="30,1000,0" yaku="19,1" doraHai="97" who="0" fromWho="1" sc="179,20,259,-10,138,0,414,0" /><INIT seed="7,0,0,0,3,68" ten="199,249,138,414" oya="3" hai0="97,57,131,80,2,110,89,102,10,135,129,133,121" hai1="39,38,118,122,82,132,41,84,130,24,23,107,128" hai2="72,20,77,27,36,25,4,91,11,50,125,16,103" hai3="3,29,6,45,70,105,119,15,100,86,90,61,106"/><W124/><G15/><T63/><D121/><U43/><E122/><V62/><F125/><W73/><G90/><T17/><D110/><U115/><E107/><V44/><F103/><W96/><G86/><N who="0" m="50375" /><D2/><U134/><E115/><V101/><F101/><W37/><G29/><T28/><D28/><N who="1" m="17439" /><E118/><V116/><F116/><W53/><G53/><N who="0" m="34223" /><D17/><U99/><E99/><V58/><F77/><W71/><G124/><T22/><D22/><U35/><E35/><V26/><F72/><W78/><G61/><T54/><D54/><U5/><E5/><V55/><F91/><W59/><G59/><T117/><D10/><U67/><E67/><V34/><F34/><W104/><G119/><T65/><D65/><U113/><E113/><V109/><F109/><W7/><G7/><T21/><D21/><U92/><E92/><V31/><F31/><W51/><G51/><T69/><D69/><U81/><E43/><V49/><F49/><W85/><G85/><T112/><D112/><U48/><E48/><V12/><REACH who="2" step="1"/><F36/><REACH who="2" ten="199,249,128,414" step="2"/><N who="1" m="13865" /><E84/><V8/><F8/><N who="3" m="2143" /><G106/><N who="0" m="63823" /><D117/><U114/><E114/><V87/><F87/><W60/><G105/><T108/><D108/><U98/><E98/><V64/><AGARI ba="0,1" hai="4,11,12,16,20,25,26,27,44,50,55,58,62,64" machi="64" ten="20,12000,2" yaku="1,1,0,1,7,1,8,1,54,1,53,1" doraHai="68" doraHaiUra="42" who="2" fromWho="2" sc="199,-30,249,-30,128,130,414,-60" owari="169,-33.0,219,-18.0,258,6.0,354,45.0" /></mjloggm>