<mjloggm ver="2.3"><GO type="41"/><UN n0="%63%61%62%65%7A%61" n1="%7A%65%66" n2="%E5%9D%82%E6%9D%B1%E3%82%86%E3%81%A7%E5%8D%B5" n3="%EF%BC%88%E2%89%A7%E2%96%BD%E2%89%A6%EF%BC%89" dan="14,15,13,15" rate="1900,1930,1935,2033" sx="M,M,M,M"/><TAIKYOKU oya="0"/><INIT seed="0,0,0,1,4,79" ten="250,250,250,250" oya="0" hai0="103,17,112,42,75,47,127,63,66,20,114,3,84" hai1="113,111,104,54,7,70,55,65,122,109,134,92,35" hai2="5,39,88,10,91,87,40,26,126,100,94,2,21" hai3="49,98,110,23,73,106,27,125,30,124,108,56,16"/><T97/><D75/><U83/><E122/><V50/><F39/><W18/><G73/><T28/><D3/><U51/><E104/><V117/><F117/><W38/><G38/><T129/><D127/><N who="3" m="48713" /><G49/><T1/><D1/><U58/><E35/><V95/><F126/><W90/><G56/><T57/><D129/><U33/><E33/><V12/><F100/><N who="3" m="62743" /><G90/><T116/><D116/><U25/><E113/><V45/><F2/><W48/><G48/><T53/><D28/><U128/><E128/><V4/><F4/><W81/><G81/><T46/><D84/><U14/><E58/><V59/><F59/><W68/><G68/><T105/><D66/><U121/><E51/><V82/><F91/><W69/><G69/><T67/><D67/><U24/><E65/><V62/><F62/><W74/><G74/><T133/><D112/><U99/><E70/><V85/><F85/><W96/><G96/><T22/><D114/><U19/><E99/><V36/><F36/><W119/><G119/><T123/><D47/><U52/><E83/><V115/><F115/><W13/><G18/><AGARI ba="0,0" hai="5,10,12,18,21,26,40,45,50,82,87,88,94,95" machi="18" ten="30,7700,0" yaku="7,1,8,1,52,1,54,1" doraHai="79" who="2" fromWho="3" sc="250,0,250,0,250,77,250,-77" /><INIT seed="1,0,0,0,3,89" ten="250,250,327,173" oya="1" hai0="129,110,76,40,94,82,135,33,113,80,103,101,21" hai1="66,43,4,107,49,109,83,92,100,57,119,30,9" hai2="116,70,104,123,71,67,41,117,112,16,74,11,46" hai3="36,78,131,118,50,95,98,85,27,65,8,26,130"/><U134/><E119/><V29/><F74/><W108/><G36/><T54/><D33/><U24/><E107/><V37/><F104/><W111/><G65/><T22/><D113/><U28/><E28/><V53/><F123/><W93/><G118/><T90/><D110/><N who="3" m="42025" /><G50/><T52/><D129/><N who="3" m="49161" /><G8/><T25/><D135/><U18/><E109/><V42/><F112/><W79/><G85/><T128/><D40/><U88/><E134/><V51/><F29/><W12/><G12/><T15/><D128/><U55/><E66/><V32/><F32/><W35/><G98/><T84/><D15/><N who="1" m="5543" /><E18/><V44/><F117/><W14/><G14/><T75/><D82/><U31/><E83/><V124/><F116/><W96/><G35/><T1/><D1/><U73/><E73/><V63/><F71/><W97/><G97/><T125/><D22/><U91/><E43/><V61/><F61/><W115/><G115/><T126/><D101/><U7/><E7/><V60/><F60/><W20/><G96/><T99/><D54/><U102/><E24/><N who="3" m="9258" /><G20/><T87/><D52/><U48/><E48/><V23/><F11/><W69/><G69/><T81/><D84/><N who="1" m="52231" /><E91/><V68/><F68/><W56/><G56/><T72/><D72/><U59/><E59/><V58/><F42/><W132/><G132/><T47/><D47/><U45/><E45/><V10/><F46/><W34/><G34/><T3/><D3/><U127/><E30/><V6/><F10/><W77/><AGARI ba="0,0" hai="77,78,79,93,95" m="9258,49161,42025" machi="77" ten="40,12000,2" yaku="28,2,14,1,19,1,52,2" doraHai="89" who="3" fromWho="3" sc="250,-30,250,-60,327,-30,173,120" /><INIT seed="2,0,0,3,0,44" ten="220,190,297,293" oya="2" hai0="67,11,100,101,37,91,24,40,45,6,72,85,4" hai1="34,33,105,125,21,58,124,86,118,92,15,50,69" hai2="81,70,5,76,59,110,9,8,132,97,115,57,29" hai3="16,39,122,90,114,27,47,56,129,108,10,66,134"/><V119/><F70/><W26/><G122/><T60/><D72/><U84/><E118/><V83/><F119/><W113/><G108/><T36/><D24/><U82/><E105/><V131/><F115/><N who="3" m="44043" /><G134/><T42/><D36/><U106/><E69/><V41/><F110/><W64/><G129/><T12/><D40/><U55/><E106/><V52/><F131/><W75/><G75/><T7/><D101/><U73/><E73/><V3/><F132/><W103/><G103/><T53/><D53/><U104/><E104/><V109/><F41/><N who="3" m="22975" /><G90/><T13/><D100/><U77/><E92/><V107/><F109/><W31/><G56/><T28/><D28/><U117/><E117/><V32/><F9/><W35/><G10/><T94/><D13/><U43/><E43/><V49/><F59/><AGARI ba="0,0" hai="4,6,7,11,12,37,42,45,59,60,67,85,91,94" machi="59" ten="30,1000,0" yaku="7,1" doraHai="44" who="0" fromWho="2" sc="220,10,190,0,297,-10,293,0" /><INIT seed="3,0,0,2,3,41" ten="230,190,287,293" oya="3" hai0="5,15,33,90,36,30,105,89,71,67,129,120,40" hai1="1,35,44,114,76,123,112,97,84,73,50,58,109" hai2="45,63,74,56,108,119,32,59,48,21,49,42,135" hai3="86,7,115,128,104,75,70,103,102,92,60,16,88"/><W22/><G115/><T132/><D105/><U55/><E123/><V38/><F32/><W14/><G128/><T62/><D120/><U111/><E73/><V99/><F74/><W121/><G121/><T94/><D129/><U4/><E35/><V43/><F119/><W39/><G39/><T29/><D132/><U126/><E126/><V47/><F135/><W79/><G104/><T66/><D66/><U52/><E97/><V95/><F108/><N who="1" m="41545" /><E1/><V80/><F38/><W117/><G117/><T19/><D5/><U116/><E4/><V125/><F125/><W68/><G7/><T101/><D101/><U64/><E64/><V27/><F80/><W85/><G75/><T69/><D69/><U133/><E133/><V51/><F63/><W113/><G113/><T18/><D33/><U82/><E116/><V131/><F131/><W12/><G68/><T98/><D90/><U110/><N who="1" m="41553" /><U107/><DORA hai="37" /><E107/><V9/><F9/><N who="3" m="6159" /><G70/><T77/><D77/><U54/><E54/><V11/><F11/><W13/><G79/><T8/><REACH who="0" step="1"/><D19/><REACH who="0" ten="220,190,287,293" step="2"/><U26/><E26/><V61/><F27/><W2/><G103/><T23/><D23/><U0/><E0/><V17/><F21/><W81/><G102/><T78/><D78/><U20/><E20/><V6/><F17/><N who="3" m="10543" /><G2/><T122/><D122/><U3/><E3/><V24/><F24/><W31/><G14/><T53/><D53/><U118/><E118/><V100/><F6/><W25/><G25/><T72/><D72/><U65/><E65/><V134/><F134/><W93/><G88/><T106/><D106/><RYUUKYOKU ba="0,1" sc="220,15,190,15,287,-15,293,-15" hai0="8,15,18,29,30,36,40,62,67,71,89,94,98" hai1="44,50,52,55,58,76,82,84,112,114" /><INIT seed="4,1,1,5,4,81" ten="235,205,272,278" oya="0" hai0="121,37,14,44,99,56,32,126,102,47,71,61,76" hai1="55,134,109,86,85,125,87,26,127,43,135,93,118" hai2="19,111,8,39,94,65,100,69,122,98,129,30,50" hai3="9,58,62,53,60,107,120,0,77,80,57,110,1"/><T33/><D121/><U21/><E118/><V34/><F122/><W10/><G110/><T73/><D71/><U88/><E43/><V2/><F111/><W23/><G107/><T54/><D126/><N who="1" m="48139" /><E109/><V4/><F129/><W20/><G120/><T5/><D73/><U35/><E55/><V130/><F130/><W97/><G97/><T119/><D76/><U17/><E35/><V7/><F7/><W91/><G91/><T51/><D119/><U103/><E103/><V46/><F19/><W82/><G53/><T108/><D108/><U132/><AGARI ba="1,1" hai="17,21,26,85,86,87,88,93,132,134,135" m="48139" machi="132" ten="40,12000,2" yaku="20,1,18,1,52,3,54,1" doraHai="81" who="1" fromWho="1" sc="235,-61,205,133,272,-31,278,-31" /><INIT seed="5,0,0,4,0,20" ten="174,338,241,247" oya="1" hai0="48,21,107,41,17,116,22,27,33,60,95,124,125" hai1="3,78,82,121,49,50,76,113,110,38,98,81,132" hai2="28,83,61,73,99,36,7,77,62,51,26,10,129" hai3="32,93,0,84,35,53,94,25,72,2,92,134,16"/><U69/><E121/><V109/><F129/><W58/><G72/><T91/><D107/><U15/><E38/><V14/><F109/><W135/><G84/><T131/><D116/><U103/><E3/><V88/><F36/><W8/><G0/><T70/><D131/><U128/><E128/><V117/><F117/><W115/><G115/><T102/><D102/><U79/><E69/><V23/><F51/><N who="3" m="31039" /><G2/><T5/><D5/><U80/><E113/><V85/><REACH who="2" step="1"/><F99/><REACH who="2" ten="174,338,231,247" step="2"/><W75/><G135/><T52/><D60/><U65/><E132/><V63/><F63/><W59/><G134/><T68/><D41/><U126/><E98/><V130/><F130/><W45/><G45/><T55/><D48/><U19/><E49/><V112/><F112/><W37/><G37/><T24/><D68/><U18/><E50/><V96/><F96/><W106/><G59/><T108/><D70/><U67/><E110/><V105/><F105/><W54/><G106/><T4/><D108/><U40/><E40/><V12/><F12/><W71/><G71/><T6/><D55/><U29/><E15/><V30/><F30/><W9/><G54/><T57/><D52/><U114/><E29/><V111/><F111/><W31/><G31/><T66/><D57/><U87/><E114/><V56/><F56/><W97/><G97/><T127/><D66/><U89/><E65/><V11/><F11/><W47/><G8/><T74/><D74/><U42/><E67/><V46/><F46/><W133/><G47/><T101/><D101/><U64/><E64/><V1/><F1/><W100/><G133/><RYUUKYOKU ba="0,1" sc="174,-10,338,-10,231,30,247,-10" hai2="7,10,14,23,26,28,61,62,73,77,83,85,88" /><INIT seed="6,1,1,3,1,78" ten="164,328,261,237" oya="2" hai0="98,108,99,107,32,54,25,58,4,55,67,132,21" hai1="92,45,51,91,94,74,47,87,1,10,86,53,8" hai2="44,102,127,37,130,19,73,115,84,34,120,72,0" hai3="46,43,95,97,3,50,105,104,6,76,83,89,133"/><V121/><F34/><W62/><G133/><T42/><D132/><U93/><E74/><V135/><F0/><W88/><G89/><T69/><D108/><U117/><E1/><V129/><F135/><W35/><G35/><T71/><D32/><U100/><E117/><V75/><F19/><W82/><G62/><T28/><D42/><U14/><E100/><V110/><F37/><W56/><G56/><T38/><D38/><U17/><E86/><V15/><F15/><W13/><G3/><T7/><D107/><U36/><E36/><V70/><F70/><W123/><G123/><N who="2" m="47177" /><F44/><W113/><G113/><T80/><D71/><U63/><E63/><V11/><F11/><N who="3" m="4343" /><G82/><T77/><D69/><U118/><E118/><V40/><F40/><W119/><G119/><T41/><D41/><U59/><REACH who="1" step="1"/><E8/><REACH who="1" ten="164,318,261,237" step="2"/><V68/><F102/><W66/><G66/><T90/><D67/><U128/><E128/><N who="2" m="49259" /><F84/><AGARI ba="1,2" hai="43,46,50,76,83,84,88,95,97,104,105" m="4343" machi="84" ten="30,3900,0" yaku="25,1,52,1,54,1" doraHai="78" who="3" fromWho="2" sc="164,0,318,0,261,-42,237,62" /><INIT seed="7,0,0,4,3,118" ten="164,318,219,299" oya="3" hai0="106,50,109,25,30,89,18,127,62,54,59,22,72" hai1="130,66,15,71,100,24,131,122,98,117,113,49,105" hai2="53,23,4,36,9,112,8,70,82,69,94,132,68" hai3="128,52,135,2,17,21,123,88,3,44,40,56,35"/><W133/><G123/><T115/><D72/><U90/><E122/><V28/><F36/><N who="3" m="21511" /><G35/><T34/><D106/><U51/><E113/><V67/><F112/><W73/><G88/><T125/><D115/><U97/><E117/><V99/><F82/><W10/><G10/><T42/><D109/><U74/><E74/><V47/><F132/><N who="3" m="50763" /><G73/><T63/><D42/><U79/><E79/><V102/><F67/><W39/><G128/><N who="1" m="49194" /><E24/><V134/><F134/><W92/><G92/><T26/><D89/><U11/><E66/><V111/><F111/><W5/><G5/><T119/><D119/><U6/><E71/><V64/><F4/><W108/><G39/><T32/><D32/><U45/><E45/><V31/><F64/><W81/><G81/><T85/><D85/><U76/><E76/><V104/><F104/><W46/><G46/><T75/><D75/><U84/><E97/><V110/><F110/><W0/><G108/><T65/><D63/><U103/><E103/><V96/><F47/><W91/><G91/><T83/><D83/><AGARI ba="0,0" hai="6,11,15,49,51,83,84,90,98,100,105" m="49194" machi="83" ten="30,1000,0" yaku="19,1" doraHai="118" who="1" fromWho="0" sc="164,-10,318,10,219,0,299,0" owari="154,-35.0,328,43.0,219,-18.0,299,10.0" /></mjloggm>