<mjloggm ver="2.3"><GO type="225"/><UN n0="%EF%BC%88%E2%89%A7%E2%96%BD%E2%89%A6%EF%BC%89" n1="%E5%A4%A9%E7%A9%BA%E3%81%AE%E7%99%BD%E3%82%82%E3%82%93%E3%81%9F" n2="%E6%94%B9%E6%82%9B%E4%B8%80%E5%8F%B7" n3="%53%48%49%53%55%4B%45" dan="16,16,16,16" rate="2083,2110,2157,2023" sx="M,F,M,M"/><TAIKYOKU oya="0"/><INIT seed="0,0,0,4,4,9" ten="250,250,250,250" oya="0" hai0="104,42,114,19,75,29,88,90,40,110,47,97,27" hai1="6,94,72,120,80,106,4,131,60,61,107,39,15" hai2="35,127,109,130,49,24,41,126,71,108,45,93,112" hai3="73,67,31,121,36,1,64,16,125,135,117,5,124"/><T101/><D114/><U99/><E39/><V92/><F112/><W82/><G117/><T132/><D75/><U55/><E120/><V46/><F71/><W103/><G36/><T74/><D74/><U57/><E107/><V44/><F130/><W54/><G121/><T59/><D132/><U84/><E106/><V65/><F65/><W95/><G31/><T83/><D110/><N who="2" m="42602" /><F35/><W123/><G123/><T116/><D116/><U28/><E72/><V11/><F24/><W86/><G135/><T62/><D19/><U18/><E28/><V129/><F129/><W30/><G30/><T22/><D83/><U32/><E32/><V111/><N who="2" m="42610" /><V78/><DORA hai="37" /><F78/><W58/><G73/><T89/><REACH who="0" step="1"/><D47/><REACH who="0" ten="240,250,250,250" step="2"/><U81/><E131/><V26/><F45/><W85/><G82/><T0/><D0/><U13/><E81/><V17/><F44/><W23/><G1/><T113/><D113/><U2/><E2/><V98/><F46/><W21/><G21/><T133/><D133/><U25/><E6/><V68/><F17/><W66/><G5/><T102/><D102/><N who="1" m="60791" /><E4/><V51/><F126/><N who="3" m="48747" /><G103/><T105/><D105/><U122/><E122/><V56/><F127/><W70/><G16/><T8/><D8/><U3/><E3/><V115/><F11/><W100/><G100/><T118/><D118/><U96/><E18/><V79/><F115/><W134/><G134/><T87/><D87/><N who="3" m="33289" /><G95/><T69/><D69/><U53/><E25/><V119/><F68/><W33/><G70/><T10/><D10/><U12/><E96/><V7/><F98/><W91/><G91/><RYUUKYOKU ba="0,1" sc="240,30,250,-10,250,-10,250,-10" hai0="22,27,29,40,42,59,62,88,89,90,97,101,104" /><INIT seed="0,1,1,3,4,76" ten="270,240,240,240" oya="0" hai0="120,94,128,8,126,63,98,53,39,114,97,3,127" hai1="115,74,99,28,58,2,107,59,6,18,51,91,47" hai2="71,116,31,22,67,55,36,80,5,49,64,33,85" hai3="100,90,54,1,70,72,93,43,96,13,113,75,50"/><T35/><D120/><U111/><E74/><V108/><F36/><W89/><G1/><T56/><D114/><U78/><E78/><V24/><F108/><W29/><G113/><T62/><D128/><U12/><E115/><V81/><F116/><W77/><G70/><T88/><D39/><U52/><E111/><V119/><F119/><W104/><G43/><T133/><D133/><U4/><E28/><V45/><F71/><W41/><G41/><T44/><D35/><U27/><E2/><V16/><F5/><N who="1" m="2153" /><E27/><V10/><F10/><W95/><G29/><T109/><D109/><U130/><E107/><V124/><F124/><N who="0" m="47658" /><D3/><U57/><E130/><V9/><F9/><W66/><G66/><N who="0" m="39239" /><D8/><N who="1" m="6407" /><E99/><V30/><F30/><W23/><G104/><T69/><D69/><U73/><E73/><V82/><REACH who="2" step="1"/><F85/><REACH who="2" ten="270,240,230,240" step="2"/><N who="3" m="52431" /><G75/><T14/><D98/><U123/><E123/><V38/><F38/><W101/><G72/><T19/><D19/><U65/><E65/><V68/><F68/><W79/><G96/><T17/><D17/><U87/><E87/><V112/><F112/><W129/><G129/><T135/><D135/><U103/><E103/><V132/><F132/><W134/><G134/><T117/><D117/><U60/><E60/><V61/><F61/><W34/><G101/><T105/><D105/><U11/><E11/><V21/><F21/><W32/><G23/><T92/><D63/><U121/><E121/><V84/><F84/><N who="3" m="52647" /><G100/><T20/><D20/><U7/><E7/><V48/><F48/><W122/><G50/><N who="0" m="28871" /><D94/><U125/><E125/><V26/><AGARI ba="1,2" hai="16,22,24,26,31,33,45,49,55,64,67,80,81,82" machi="26" ten="30,12000,2" yaku="1,1,0,1,52,3,54,1,53,0" doraHai="76" doraHaiUra="131" who="2" fromWho="2" sc="270,-61,240,-31,230,143,240,-31" /><INIT seed="1,0,0,0,1,62" ten="209,209,373,209" oya="1" hai0="2,116,66,98,40,13,119,83,14,11,85,57,3" hai1="25,32,52,58,18,111,68,50,49,19,44,56,127" hai2="55,74,95,35,79,114,125,36,7,78,103,101,4" hai3="112,43,118,23,29,76,53,1,9,123,124,129,122"/><U65/><E127/><V45/><F35/><W132/><G112/><T89/><D40/><U77/><E77/><N who="2" m="29195" /><F74/><W42/><G124/><T33/><D33/><U47/><E68/><V96/><F36/><W80/><G132/><T70/><D70/><U97/><E111/><V121/><F121/><W106/><G106/><T41/><D41/><N who="1" m="24719" /><E32/><V16/><F125/><W88/><G123/><T20/><D116/><U104/><E104/><V126/><F126/><W82/><G122/><T30/><D119/><U109/><E109/><V22/><F103/><W21/><G118/><T12/><D11/><U5/><E5/><V59/><F45/><W102/><G102/><T31/><D98/><U110/><E110/><V134/><F134/><W133/><G133/><T113/><D113/><U10/><E97/><V81/><F81/><W67/><G82/><T28/><REACH who="0" step="1"/><D20/><REACH who="0" ten="199,209,373,209" step="2"/><N who="1" m="13463" /><E65/><V73/><F114/><W60/><G67/><T46/><D46/><U27/><E10/><V128/><F96/><W38/><G9/><T117/><D117/><U92/><E92/><V48/><F95/><W54/><G129/><T34/><D34/><U107/><E107/><V135/><F128/><W94/><G94/><T99/><D99/><U120/><E120/><V84/><F135/><W71/><G71/><T131/><D131/><U39/><E39/><V91/><F22/><AGARI ba="0,1" hai="19,22,27,47,50,52,56,58" m="13463,24719" machi="22" ten="30,2900,0" yaku="8,1,54,1" doraHai="62" who="1" fromWho="2" sc="199,0,209,39,373,-29,209,0" /><INIT seed="1,1,0,2,0,30" ten="199,248,344,209" oya="1" hai0="36,120,8,133,92,88,5,19,97,70,13,61,9" hai1="84,57,47,76,22,101,128,40,98,29,21,107,42" hai2="50,119,108,15,132,109,89,37,48,96,46,64,100" hai3="82,91,104,69,66,10,71,44,81,25,123,112,33"/><U79/><E128/><V43/><F119/><W124/><G123/><T83/><D120/><U73/><E73/><V7/><F132/><W74/><G112/><T122/><D122/><U38/><E42/><V110/><F64/><W118/><G118/><T49/><D36/><U87/><E57/><V0/><F0/><W41/><G104/><T113/><D113/><U26/><REACH who="1" step="1"/><E22/><REACH who="1" ten="199,238,344,209" step="2"/><V75/><F75/><W34/><G69/><T99/><D133/><U63/><E63/><V95/><F43/><W117/><G71/><T131/><D131/><U80/><E80/><V135/><F108/><W127/><G82/><T16/><D83/><U72/><E72/><V39/><F109/><W23/><G74/><T18/><D70/><U14/><E14/><V17/><F15/><W121/><G81/><T51/><D61/><U134/><E134/><V6/><F135/><W55/><G121/><T12/><REACH who="0" step="1"/><D97/><REACH who="0" ten="189,238,344,209" step="2"/><U35/><E35/><V114/><F96/><W62/><G33/><T111/><D111/><U103/><E103/><V102/><F100/><W28/><G34/><T105/><D105/><U93/><E93/><V1/><F102/><W129/><G129/><T85/><D85/><AGARI ba="1,2" hai="21,26,29,38,40,47,76,79,84,85,87,98,101,107" machi="85" ten="40,2000,0" yaku="1,1,53,0" doraHai="30" doraHaiUra="116" who="1" fromWho="0" sc="189,-23,238,43,344,0,209,0" /><INIT seed="1,2,0,0,2,61" ten="166,281,344,209" oya="1" hai0="36,128,99,29,41,46,107,133,49,106,27,42,76" hai1="100,15,90,32,81,134,45,7,37,13,48,72,21" hai2="68,55,23,73,130,91,2,89,70,50,19,111,78" hai3="74,132,31,35,84,102,47,0,25,4,1,125,53"/><U75/><E32/><V8/><F111/><W83/><G74/><T93/><D128/><U82/><E37/><V56/><F130/><W96/><G125/><T80/><D133/><U14/><E134/><V44/><F73/><W103/><G132/><T104/><D36/><U127/><E127/><V43/><F78/><W113/><G113/><T40/><D80/><U118/><E118/><V98/><F2/><W58/><G103/><T123/><D76/><U124/><E124/><V6/><F6/><W26/><G26/><T38/><D123/><U65/><E100/><V20/><F8/><W120/><G120/><T69/><D69/><U97/><E7/><V52/><F55/><W30/><G30/><T11/><D11/><U114/><E114/><V51/><F23/><W95/><G47/><T39/><D39/><U131/><E75/><V121/><F121/><W10/><G0/><T110/><D110/><U24/><E65/><V9/><F9/><W105/><G105/><T79/><D79/><U71/><E71/><V94/><REACH who="2" step="1"/><F89/><REACH who="2" ten="166,281,334,209" step="2"/><W117/><G117/><T108/><D108/><U116/><E72/><V16/><F16/><W3/><G3/><T28/><D28/><N who="1" m="17423" /><E116/><V92/><F92/><W101/><G101/><T64/><D64/><U60/><E131/><V34/><F34/><W87/><G83/><N who="1" m="31754" /><E90/><V18/><F18/><W119/><G119/><T129/><D129/><U126/><E126/><V85/><F85/><W67/><G67/><T12/><D107/><U109/><E109/><V86/><F86/><W122/><G122/><T62/><D106/><U88/><E88/><RYUUKYOKU ba="2,1" sc="166,-15,281,-15,334,15,209,15" hai2="19,20,43,44,50,51,52,56,68,70,91,94,98" hai3="1,4,10,25,31,35,53,58,84,87,95,96,102" /><INIT seed="2,3,1,1,4,72" ten="151,266,349,224" oya="2" hai0="94,96,15,48,10,39,18,68,110,63,64,49,51" hai1="16,77,85,80,121,106,65,43,45,5,130,22,120" hai2="47,86,69,124,84,53,128,103,60,74,129,20,59" hai3="33,92,12,73,71,24,98,40,109,52,89,1,25"/><V114/><F114/><W66/><G1/><T7/><D110/><U123/><E106/><V105/><F74/><W35/><G73/><T54/><D39/><U37/><E130/><N who="2" m="50283" /><F124/><W88/><G109/><T95/><D95/><U42/><E65/><V56/><F69/><W27/><G40/><T9/><D54/><U91/><E43/><V122/><F122/><W90/><G71/><T101/><REACH who="0" step="1"/><D49/><REACH who="0" ten="141,266,349,224" step="2"/><U135/><E135/><V82/><F53/><W119/><G119/><T17/><D17/><U14/><E5/><V28/><F105/><W133/><G133/><T55/><D55/><U134/><E134/><V70/><F60/><W62/><G52/><T107/><D107/><U75/><E75/><V58/><F28/><W44/><G66/><T21/><D21/><U0/><E0/><AGARI ba="3,2" hai="0,7,9,10,15,18,48,51,63,64,68,94,96,101" machi="0" ten="30,2000,0" yaku="1,1,7,1,53,0" doraHai="72" doraHaiUra="83" who="0" fromWho="1" sc="141,49,266,-29,349,0,224,0" /><INIT seed="3,0,0,1,5,121" ten="190,237,349,224" oya="3" hai0="20,3,18,33,81,102,65,26,68,52,28,5,66" hai1="36,37,114,74,2,69,75,63,72,78,82,120,94" hai2="93,38,73,48,29,11,91,31,58,4,51,22,92" hai3="61,76,1,104,57,24,99,107,15,13,110,40,44"/><W71/><G71/><T100/><D81/><U113/><E94/><V16/><F38/><N who="1" m="14953" /><E2/><V117/><F117/><W56/><G1/><T88/><D68/><U96/><E96/><V19/><F73/><N who="1" m="28265" /><E120/><V101/><F101/><W106/><G76/><T45/><D88/><U79/><E79/><V97/><F93/><W135/><G99/><T109/><D109/><U125/><E125/><V27/><F19/><W67/><G110/><T14/><D100/><U8/><E8/><V62/><F31/><W112/><G112/><T23/><D23/><U131/><E131/><V0/><F29/><W42/><G135/><T12/><D12/><U127/><E127/><V116/><F116/><W134/><G134/><T77/><D77/><U6/><E6/><V21/><F21/><W41/><G44/><T59/><D45/><U95/><E95/><V85/><F97/><W87/><G87/><T64/><D102/><U53/><E53/><AGARI ba="0,0" hai="0,4,11,16,22,27,48,51,53,58,62,85,91,92" machi="53" ten="30,2000,0" yaku="7,1,54,1" doraHai="121" who="2" fromWho="1" sc="190,0,237,-20,349,20,224,0" owari="190,-31.0,217,-18.0,369,47.0,224,2.0" /></mjloggm>