<mjloggm ver="2.3"><GO type="41"/><UN n0="%E3%81%99%E3%82%8F%E3%81%9F%E3%82%8D%E3%81%86" n1="%E3%82%A6%E3%83%AB%E3%83%88%E3%83%A9%E7%AB%8B%E7%9B%B4" n2="%E3%82%AA%E3%83%90%E3%83%B3%E3%83%89%E3%83%BC" n3="%E7%A0%B4%E5%A3%8A%E9%AD%94%E7%A5%9E" dan="13,15,13,13" rate="1854,1992,2004,1871" sx="M,M,M,F"/><TAIKYOKU oya="0"/><INIT seed="0,0,0,2,2,49" ten="250,250,250,250" oya="0" hai0="54,0,71,28,123,78,125,64,74,23,53,26,95" hai1="88,68,47,84,77,92,116,124,4,18,65,32,31" hai2="60,98,10,25,50,21,86,119,91,100,29,81,44" hai3="108,131,132,118,94,120,89,93,43,90,79,8,128"/><T101/><D123/><U56/><E116/><V19/><F119/><W20/><G118/><T133/><D0/><U57/><E124/><V15/><F60/><W112/><G43/><T76/><D125/><U14/><E4/><V61/><F61/><W2/><G112/><T35/><D133/><U82/><E68/><V17/><F100/><W36/><G36/><T38/><D38/><U22/><E65/><V48/><F98/><W107/><G107/><T58/><D35/><U46/><E31/><V34/><F44/><W115/><G115/><T39/><D39/><U96/><E32/><V121/><F121/><W114/><G114/><T1/><D1/><U70/><E70/><V30/><F34/><W40/><G40/><T5/><D5/><U66/><E66/><V87/><F87/><W12/><G2/><T27/><D26/><U126/><E126/><V106/><F106/><W80/><G120/><T117/><D117/><U63/><E57/><V97/><F97/><W110/><G132/><T99/><D71/><U72/><E72/><V75/><F75/><N who="3" m="43135" /><G20/><T73/><D73/><U55/><AGARI ba="0,0" hai="14,18,22,46,47,55,56,63,77,82,84,88,92,96" machi="55" ten="20,8000,1" yaku="0,1,7,1,8,1,52,1,54,1" doraHai="49" who="1" fromWho="1" sc="250,-40,250,80,250,-20,250,-20" /><INIT seed="1,0,0,0,2,41" ten="210,330,230,230" oya="1" hai0="61,4,86,42,23,55,66,88,114,92,122,12,117" hai1="134,72,14,60,53,106,133,90,115,119,64,100,26" hai2="95,121,111,69,103,40,47,99,16,27,59,48,79" hai3="28,37,105,73,127,3,50,98,67,85,102,113,123"/><U44/><E72/><V87/><F121/><W77/><G113/><T32/><D117/><U31/><E115/><V130/><F69/><W24/><G123/><T124/><D114/><U65/><E119/><V112/><F112/><W62/><G37/><T94/><D124/><U129/><E129/><V76/><F130/><W38/><G38/><T7/><D32/><U0/><E0/><V116/><F116/><W97/><G127/><T101/><D122/><U22/><E100/><V51/><F111/><W18/><G3/><T126/><D126/><U19/><E106/><V96/><F87/><W1/><G1/><T54/><D42/><U5/><E5/><V80/><F99/><W89/><G98/><T81/><D23/><U49/><E90/><V11/><F80/><W57/><G18/><T120/><D120/><U83/><E83/><V107/><F107/><W34/><G50/><T33/><D33/><U52/><E53/><V78/><F59/><W43/><G43/><T29/><D29/><U15/><E15/><N who="2" m="7295" /><F51/><W131/><G131/><T17/><D101/><U125/><E125/><V8/><F8/><W45/><G45/><T118/><D118/><U82/><E82/><V58/><F58/><W104/><G73/><T70/><D55/><U91/><E91/><V135/><F135/><N who="1" m="51721" /><E60/><V39/><F39/><W2/><G2/><T35/><D54/><U25/><E25/><AGARI ba="0,0" hai="25,27,40,47,48,76,78,79,95,96,103" m="7295" machi="25" ten="30,3900,0" yaku="8,1,52,1,54,1" doraHai="41" who="2" fromWho="1" sc="210,0,330,-39,230,39,230,0" /><INIT seed="2,0,0,2,1,20" ten="210,291,269,230" oya="2" hai0="64,77,24,90,43,52,0,12,51,37,114,63,95" hai1="30,16,14,48,21,13,97,23,58,83,109,50,130" hai2="80,134,125,9,65,81,123,110,1,7,122,71,44" hai3="59,91,67,33,25,98,22,26,113,111,119,17,75"/><V3/><F125/><W101/><G119/><T6/><D114/><U87/><E130/><V76/><F134/><W53/><G75/><T102/><D77/><U32/><E109/><V104/><F110/><W132/><G111/><T47/><D0/><U55/><E32/><V131/><F131/><W92/><G132/><T106/><D102/><U40/><E97/><V69/><F81/><W74/><G74/><T133/><D106/><U68/><E68/><V41/><F1/><W94/><G113/><T107/><D107/><U38/><E38/><V124/><F104/><W31/><G67/><T128/><D133/><U8/><E40/><V96/><F96/><W15/><G15/><T29/><D12/><U56/><E30/><V73/><F124/><W57/><REACH who="3" step="1"/><G53/><REACH who="3" step="2"/><T27/><D128/><U36/><E14/><V54/><F54/><W99/><AGARI ba="0,1" hai="17,22,25,26,31,33,57,59,91,92,94,98,99,101" machi="99" ten="20,12000,2" yaku="1,1,2,1,0,1,7,1,52,2,53,0" doraHai="20" doraHaiUra="127" who="3" fromWho="3" sc="210,-30,291,-30,269,-60,220,130" /><INIT seed="3,0,0,2,2,109" ten="180,261,209,350" oya="3" hai0="43,91,58,17,114,63,39,47,93,78,111,24,32" hai1="40,90,82,112,125,122,96,15,123,89,55,129,116" hai2="106,77,103,135,56,36,34,14,8,100,113,48,117" hai3="133,54,35,38,68,31,2,84,42,30,102,107,85"/><W108/><G2/><T27/><D111/><U130/><E40/><V16/><F117/><W62/><G108/><T99/><D78/><U18/><E55/><V124/><F34/><W73/><G73/><T70/><D70/><U11/><E96/><V26/><F135/><W104/><G133/><T41/><D41/><U80/><E15/><V20/><F36/><W3/><G3/><T94/><D32/><U49/><E49/><V121/><F121/><W83/><G85/><T127/><D127/><U44/><E11/><V1/><F77/><W52/><G68/><T19/><D114/><U66/><E44/><V10/><F124/><W29/><G35/><T21/><D94/><U0/><E66/><V46/><F1/><W115/><G115/><T60/><REACH who="0" step="1"/><D58/><REACH who="0" step="2"/><U12/><E112/><V71/><F71/><W13/><G42/><T45/><D45/><U88/><E125/><V9/><F56/><W101/><G107/><T5/><D5/><U119/><E0/><V6/><F106/><W57/><G104/><T67/><D67/><U97/><E97/><V74/><F113/><W33/><G33/><T4/><D4/><U134/><E134/><V87/><F74/><W7/><G7/><T76/><D76/><U72/><E72/><V132/><F132/><W53/><G38/><T105/><D105/><U51/><E123/><V65/><F65/><N who="3" m="39119" /><G13/><T50/><D50/><U81/><E51/><V37/><F37/><W23/><G23/><AGARI ba="0,1" hai="17,19,21,23,24,27,39,43,47,60,63,91,93,99" machi="23" ten="40,2600,0" yaku="1,1,9,1,53,0" doraHai="109" doraHaiUra="120" who="0" fromWho="3" sc="170,36,261,0,209,0,350,-26" /><INIT seed="4,0,0,3,2,68" ten="206,261,209,324" oya="0" hai0="58,91,62,79,70,122,35,67,129,97,81,108,99" hai1="127,31,9,46,115,118,93,65,95,133,5,135,40" hai2="113,87,36,73,98,33,41,117,82,80,109,90,131" hai3="34,120,132,77,128,83,1,53,86,123,130,42,64"/><T66/><D122/><N who="3" m="46633" /><G1/><T13/><D35/><U50/><E118/><V103/><F109/><W125/><G34/><T121/><D108/><U60/><E127/><V12/><F117/><W6/><G6/><T38/><D121/><U48/><E31/><V54/><F33/><W23/><G64/><T28/><D129/><N who="3" m="49769" /><G42/><T14/><D28/><U29/><E29/><V63/><F131/><W107/><G125/><T76/><D38/><N who="1" m="21783" /><E95/><V106/><F63/><W102/><G23/><T0/><D0/><N who="1" m="167" /><E93/><V74/><F54/><W94/><G53/><N who="0" m="34127" /><D70/><N who="1" m="42279" /><E115/><V27/><F36/><W18/><G18/><T119/><D119/><U10/><E10/><V26/><F41/><W69/><G69/><T112/><D112/><U124/><E124/><V88/><F113/><W4/><G4/><T75/><D75/><N who="2" m="28682" /><F12/><N who="0" m="4714" /><D67/><U32/><E32/><V8/><F26/><W78/><G132/><AGARI ba="0,0" hai="48,50,132,133,135" m="42279,167,21783" machi="132" ten="30,2000,0" yaku="20,1,52,1" doraHai="68" who="1" fromWho="3" sc="206,0,261,20,209,0,324,-20" /><INIT seed="5,0,0,0,1,71" ten="206,281,209,304" oya="1" hai0="108,2,119,114,21,133,59,66,109,80,128,90,1" hai1="4,56,19,74,102,106,50,33,97,28,75,13,61" hai2="52,41,62,5,112,6,32,132,91,88,73,64,134" hai3="72,79,117,54,86,81,65,89,94,68,84,3,107"/><U27/><E4/><V51/><F73/><W31/><G117/><T57/><D119/><U30/><E50/><V17/><F32/><W14/><G3/><T43/><D21/><U87/><E87/><V25/><F41/><W135/><G135/><N who="2" m="51753" /><F112/><W53/><G107/><T130/><D133/><U12/><E30/><V42/><F42/><W46/><G31/><T8/><D43/><U101/><E101/><V9/><F25/><W23/><G68/><T85/><D8/><U20/><REACH who="1" step="1"/><E13/><REACH who="1" step="2"/><N who="2" m="7343" /><F5/><W127/><G14/><T111/><D114/><U120/><E120/><V121/><F121/><W103/><G84/><T92/><D80/><U115/><E115/><V37/><F6/><W45/><G86/><T7/><D7/><U77/><E77/><V124/><F37/><W60/><G103/><T34/><D34/><U131/><E131/><N who="0" m="50217" /><D66/><AGARI ba="0,1" hai="12,19,20,27,28,33,56,61,66,74,75,97,102,106" machi="66" ten="30,2900,0" yaku="1,1,7,1,53,0" doraHai="71" doraHaiUra="39" who="1" fromWho="0" sc="206,-29,271,39,209,0,304,0" /><INIT seed="5,1,0,0,3,38" ten="177,310,209,304" oya="1" hai0="99,14,27,82,110,101,104,55,43,18,111,63,26" hai1="69,17,33,135,80,4,116,25,85,3,16,114,128" hai2="62,97,83,35,24,132,126,89,102,87,42,34,84" hai3="115,52,67,1,73,131,46,28,58,122,124,20,94"/><U53/><E69/><V37/><F132/><W107/><G122/><T109/><D82/><U78/><E116/><V49/><F126/><W2/><G124/><T6/><D6/><U9/><E135/><V13/><F13/><W95/><G107/><T79/><D79/><U112/><E128/><V21/><F37/><W64/><G131/><T127/><D127/><U76/><E76/><V5/><F5/><W118/><G118/><T41/><D26/><U133/><E133/><V61/><F35/><W121/><G121/><T130/><D27/><U100/><E100/><V7/><F7/><W75/><G115/><N who="1" m="44074" /><E53/><V66/><F34/><W134/><G134/><T31/><D31/><AGARI ba="1,0" hai="3,4,9,16,17,25,31,33,78,80,85" m="44074" machi="31" ten="30,2900,0" yaku="15,1,54,1" doraHai="38" who="1" fromWho="0" sc="177,-32,310,32,209,0,304,0" /><INIT seed="5,2,0,2,0,61" ten="145,342,209,304" oya="1" hai0="92,111,34,85,89,101,71,103,65,43,6,63,60" hai1="57,27,30,24,49,35,23,14,18,10,134,44,45" hai2="104,11,12,98,109,28,116,90,52,87,7,126,9" hai3="133,112,106,117,40,42,118,37,73,16,5,31,114"/><U119/><E119/><N who="3" m="45578" /><G106/><T82/><D34/><U132/><E57/><V91/><F116/><W70/><G73/><T33/><D111/><U4/><E45/><V50/><F109/><W51/><G5/><T120/><D33/><U74/><E74/><V81/><F126/><W15/><G31/><T84/><D120/><U17/><E49/><V21/><F104/><W64/><G133/><N who="1" m="51306" /><E44/><V68/><F68/><W129/><G129/><T38/><D6/><AGARI ba="2,0" hai="4,6,10,14,17,18,23,24,27,30,35" m="51306" machi="6" ten="30,5800,0" yaku="20,1,34,2" doraHai="61" who="1" fromWho="0" sc="145,-64,342,64,209,0,304,0" /><INIT seed="5,3,0,4,3,110" ten="81,406,209,304" oya="1" hai0="47,68,81,133,44,6,64,82,112,84,10,24,31" hai1="106,114,118,7,42,51,49,43,39,90,36,11,22" hai2="67,27,130,91,98,35,102,4,8,73,97,46,76" hai3="16,71,77,26,103,80,116,129,52,50,66,0,2"/><U12/><E106/><V56/><F130/><W45/><G129/><T41/><D68/><U20/><E118/><V95/><F46/><W85/><G116/><T105/><D133/><U92/><E39/><V61/><F73/><W117/><G117/><T19/><D105/><U38/><E36/><V1/><F76/><W18/><G103/><T29/><D64/><U37/><E38/><V74/><F74/><W88/><G77/><T124/><D124/><U125/><E37/><V115/><F115/><W69/><G69/><T120/><D120/><U70/><E114/><V108/><F108/><W93/><G93/><T75/><D75/><U5/><E70/><V17/><F17/><W86/><G86/><T55/><D55/><U40/><E7/><V32/><REACH who="2" step="1"/><F27/><REACH who="2" step="2"/><W100/><G100/><T119/><D112/><U30/><E125/><V94/><AGARI ba="3,1" hai="1,4,8,32,35,56,61,67,91,94,95,97,98,102" machi="94" ten="20,5200,0" yaku="1,1,2,1,0,1,7,1,53,0" doraHai="110" doraHaiUra="23" who="2" fromWho="2" sc="81,-16,406,-29,199,71,304,-16" /><INIT seed="6,0,0,1,5,96" ten="65,377,270,288" oya="2" hai0="54,45,100,25,24,110,65,46,128,21,90,117,42" hai1="31,11,73,30,56,95,62,126,129,134,102,132,53" hai2="111,133,60,125,108,116,58,18,28,49,72,101,89" hai3="123,0,37,1,93,27,55,91,12,22,9,3,79"/><V47/><F116/><W14/><G123/><T118/><D128/><U112/><E73/><V119/><F119/><W99/><G37/><T63/><D110/><N who="2" m="42026" /><F133/><N who="1" m="51305" /><E112/><V80/><F125/><W120/><G120/><T86/><D117/><U13/><E129/><V19/><F28/><W105/><G79/><T94/><D118/><U131/><E126/><V48/><F101/><W115/><G115/><T29/><D54/><U85/><E131/><V106/><F106/><W39/><G39/><T83/><D42/><U135/><N who="1" m="51313" /><U97/><DORA hai="38" /><E85/><N who="2" m="50343" /><F72/><W98/><G55/><T6/><D6/><AGARI ba="0,0" hai="6,11,13,30,31,53,56,62,95,97,102" m="51313" machi="6" ten="40,2600,0" yaku="20,1,52,1" doraHai="96,38" who="1" fromWho="0" sc="65,-26,377,26,270,0,288,0" /><INIT seed="7,0,0,1,1,100" ten="39,403,270,288" oya="3" hai0="21,111,64,78,99,72,102,2,43,97,65,68,39" hai1="84,56,47,131,8,46,61,81,120,135,74,17,60" hai2="127,76,50,31,107,34,22,89,3,66,28,75,32" hai3="51,52,104,118,110,36,18,119,6,23,71,44,4"/><W113/><G113/><T35/><D111/><U116/><E74/><V25/><F3/><W11/><G110/><T38/><D21/><U86/><E131/><V115/><F115/><W109/><G109/><T88/><D99/><U73/><E135/><V19/><F127/><W87/><G71/><T20/><D20/><U98/><E73/><V57/><F75/><W5/><G104/><T33/><D88/><U0/><E0/><V123/><F123/><W1/><G36/><T55/><D55/><U121/><E120/><V45/><F107/><W133/><G133/><T53/><D53/><U94/><E121/><V85/><F76/><W91/><G118/><T101/><D101/><N who="1" m="60631" /><E84/><V14/><F66/><W58/><G119/><T10/><D65/><N who="1" m="39047" /><E61/><V125/><F57/><W49/><G44/><T93/><D93/><U37/><E37/><V126/><F34/><W54/><G49/><T15/><D15/><N who="1" m="7399" /><E116/><V59/><F32/><W69/><G54/><T9/><D9/><U130/><E130/><V122/><F122/><W134/><G69/><T92/><D92/><U96/><E96/><V105/><F105/><W114/><G134/><T80/><D97/><U67/><E67/><V132/><F132/><W13/><G114/><T62/><D102/><U82/><E82/><AGARI ba="0,0" hai="1,4,5,6,11,13,18,23,51,52,58,82,87,91" machi="82" ten="30,2900,0" yaku="7,1,54,1" doraHai="100" who="3" fromWho="1" sc="39,0,403,-29,270,0,288,29" /><INIT seed="7,1,0,0,0,54" ten="39,374,270,317" oya="3" hai0="118,135,20,86,130,50,124,63,36,60,116,88,2" hai1="123,1,76,24,47,25,74,45,55,3,29,78,102" hai2="87,14,84,40,131,10,12,59,121,109,16,43,15" hai3="65,107,22,133,7,21,82,134,91,33,106,4,37"/><W81/><G33/><T70/><D50/><U77/><E74/><V126/><F109/><W132/><G37/><T128/><D88/><U19/><E123/><V89/><F126/><W110/><G110/><T97/><D86/><U6/><E102/><V42/><F131/><W99/><G65/><T90/><D97/><U18/><E6/><N who="3" m="2090" /><G91/><T26/><D90/><U115/><E115/><V111/><F111/><W23/><G99/><T117/><D63/><U61/><E3/><V100/><F100/><W44/><G44/><N who="1" m="16970" /><E1/><V56/><F121/><W62/><G62/><T80/><D20/><N who="1" m="15495" /><E25/><V13/><REACH who="2" step="1"/><F87/><REACH who="2" step="2"/><W72/><G72/><T105/><D80/><AGARI ba="1,1" hai="10,12,13,14,15,16,40,42,43,56,59,80,84,89" machi="80" ten="40,16000,3" yaku="1,1,2,1,8,1,52,2,54,1,53,4" doraHai="54" doraHaiUra="8" who="2" fromWho="0" sc="39,-163,374,0,260,173,317,0" /><AGARI ba="1,0" hai="21,22,23,80,81,82,106,107,132,133,134" m="2090" machi="80" ten="40,7700,0" yaku="28,2,20,1" doraHai="54" who="3" fromWho="0" sc="-124,-77,374,0,433,0,317,77" owari="-201,-70,374,-3,433,54,394,19" /></mjloggm>