<mjloggm ver="2.3"><GO type="97"/><UN n0="%E3%81%86%E3%82%8F%E3%81%81%E3%81%82%E3%81%82%E3%81%82" n1="%E4%B8%89%E2%98%85%E8%89%B2" n2="%EF%BC%88%E2%89%A7%E2%96%BD%E2%89%A6%EF%BC%89" n3="%E3%81%82%E3%81%8B%E3%81%8A%E3%81%A8%E3%81%93" dan="15,13,15,13" rate="1934,1966,1991,1895" sx="M,M,F,M"/><TAIKYOKU oya="0"/><INIT seed="0,0,0,1,2,67" ten="250,250,250,250" oya="0" hai0="94,23,116,13,28,76,59,14,77,37,58,124,92" hai1="86,133,99,15,21,19,33,105,8,131,130,38,2" hai2="135,43,82,41,54,36,30,112,84,127,5,34,63" hai3="118,55,100,25,85,93,48,120,134,10,61,78,18"/><T108/><D116/><U73/><E73/><V22/><F112/><W6/><G118/><T74/><D37/><U75/><E75/><V35/><F135/><W31/><G134/><T117/><D74/><U44/><E133/><V98/><F127/><W121/><G61/><T122/><D117/><U7/><E33/><V80/><F36/><W119/><G119/><T11/><D122/><N who="3" m="47209" /><G100/><T103/><D124/><U47/><E38/><V39/><F39/><W95/><G18/><T88/><D108/><U101/><REACH who="1" step="1"/><E86/><REACH who="1" ten="250,240,250,250" step="2"/><V96/><F35/><N who="3" m="20975" /><G85/><T66/><D66/><U97/><E97/><V107/><F34/><W32/><G32/><T89/><D103/><U111/><E111/><V113/><F98/><W128/><G128/><AGARI ba="0,1" hai="2,7,8,15,19,21,44,47,99,101,105,128,130,131" machi="128" ten="40,5200,0" yaku="1,1,19,1,53,1" doraHai="67" doraHaiUra="17" who="1" fromWho="3" sc="250,0,240,62,250,0,250,-52" /><INIT seed="1,0,0,0,4,98" ten="250,302,250,198" oya="1" hai0="19,33,65,44,55,5,109,122,9,117,61,105,67" hai1="91,71,48,116,95,1,118,125,135,34,130,10,42" hai2="121,18,120,108,89,85,12,3,126,50,32,66,127" hai3="43,114,94,69,64,46,45,20,47,81,23,93,11"/><U133/><E71/><V8/><F66/><W56/><G114/><T82/><D105/><U83/><E34/><V51/><F108/><W60/><G69/><T21/><D33/><U15/><E1/><V104/><F32/><W68/><G68/><T129/><D117/><N who="1" m="45163" /><E42/><V70/><F70/><W75/><G43/><T112/><D129/><U100/><E48/><N who="2" m="18475" /><F3/><W57/><G57/><T27/><D122/><U73/><E130/><V101/><F104/><W87/><G75/><T13/><D112/><U28/><E28/><V124/><F101/><W63/><G63/><T40/><D109/><U54/><E54/><V29/><F29/><W79/><G11/><T37/><D61/><U41/><E41/><V103/><F103/><W22/><AGARI ba="0,0" hai="20,22,23,45,46,47,56,60,64,79,81,87,93,94" machi="22" ten="30,2000,0" yaku="0,1,8,1" doraHai="98" who="3" fromWho="3" sc="250,-5,302,-10,250,-5,198,20" /><INIT seed="2,0,0,3,1,57" ten="245,292,245,218" oya="2" hai0="131,9,109,7,133,16,90,59,14,132,120,98,94" hai1="134,127,75,107,71,83,102,37,100,68,73,19,46" hai2="45,76,124,18,126,49,13,4,27,110,74,6,38" hai3="65,85,82,135,10,48,69,80,20,125,31,30,62"/><V72/><F38/><W78/><G135/><N who="0" m="51787" /><D120/><U40/><E127/><N who="2" m="48683" /><F110/><W119/><G125/><T44/><D109/><U25/><E134/><V106/><F106/><W47/><G119/><T118/><D118/><U54/><E107/><V2/><F2/><W41/><G10/><T117/><D117/><U24/><E54/><N who="2" m="29999" /><F27/><N who="1" m="10313" /><E83/><N who="2" m="45447" /><F74/><N who="1" m="28169" /><E37/><V96/><F96/><W42/><G82/><T122/><D131/><U115/><E46/><V53/><F53/><W70/><G70/><N who="1" m="26666" /><E19/><V17/><F17/><W63/><G42/><T79/><D79/><U128/><E128/><V99/><F99/><W103/><G103/><N who="1" m="39466" /><E40/><V114/><F114/><AGARI ba="0,0" hai="114,115" m="39466,26666,28169,10313" machi="114" ten="40,2600,0" yaku="28,2" doraHai="57" who="1" fromWho="2" sc="245,0,292,26,245,-26,218,0" /><INIT seed="3,0,0,1,5,45" ten="245,318,219,218" oya="3" hai0="80,128,21,130,62,99,126,118,15,73,2,111,53" hai1="41,134,94,26,48,92,20,39,100,6,57,31,112" hai2="102,9,36,135,86,131,18,69,110,60,93,44,54" hai3="30,50,83,90,29,101,14,12,0,51,88,40,98"/><W129/><G129/><N who="0" m="49771" /><D118/><U17/><E39/><V5/><F135/><W42/><G0/><T70/><D2/><U81/><E112/><V24/><F131/><W114/><G114/><T25/><D126/><U7/><E134/><V52/><F110/><W122/><G122/><T115/><D115/><U76/><E100/><V66/><F36/><W33/><G33/><T4/><D111/><U84/><E31/><N who="3" m="11786" /><G101/><T116/><D116/><U124/><E124/><V123/><F123/><W117/><G117/><T35/><D35/><U71/><E71/><V97/><F86/><N who="3" m="50271" /><G98/><T121/><D121/><U16/><E17/><V120/><F120/><W91/><G90/><T68/><D99/><U13/><E13/><N who="3" m="5226" /><G91/><T38/><D38/><U119/><E119/><V55/><F18/><W75/><G75/><T61/><D70/><U104/><E104/><V132/><F132/><W72/><G72/><T22/><D68/><U125/><E125/><V108/><F108/><W19/><G19/><N who="0" m="10495" /><D73/><U47/><E57/><V56/><F69/><W23/><G23/><T63/><D80/><U32/><E32/><V34/><F34/><W37/><G37/><T8/><D4/><AGARI ba="0,0" hai="4,6,7,16,20,26,41,47,48,76,81,84,92,94" machi="4" ten="40,5200,0" yaku="8,1,52,1,54,1" doraHai="45" who="1" fromWho="0" sc="245,-52,318,52,219,0,218,0" owari="193,-31.0,370,47.0,219,2.0,218,-18.0" /></mjloggm>