<mjloggm ver="2.3"><GO type="41"/><UN n0="%74%61%6B%61%33%30%77" n1="%77%6F%6C%6C%61%77%73" n2="%E3%82%A6%E3%83%AB%E3%83%88%E3%83%A9%E7%AB%8B%E7%9B%B4" n3="%EF%BC%B0%EF%BC%AB" dan="13,13,15,13" rate="1882,1844,1998,1854" sx="M,M,M,M"/><TAIKYOKU oya="0"/><INIT seed="0,0,0,0,2,63" ten="250,250,250,250" oya="0" hai0="111,100,103,113,7,132,17,108,118,76,106,70,45" hai1="97,101,20,27,85,6,57,119,68,104,39,23,117" hai2="120,15,50,94,10,116,1,88,114,28,51,123,107" hai3="22,14,56,115,128,26,64,18,35,125,44,53,81"/><T29/><D118/><U66/><E39/><V25/><F1/><W105/><G115/><T46/><D113/><U41/><E41/><V75/><F107/><W79/><G105/><T12/><D70/><U55/><E6/><V69/><F114/><W11/><G125/><T62/><D76/><U36/><E36/><V0/><F0/><W83/><G128/><T121/><D121/><U19/><E85/><V124/><F75/><W24/><G35/><T131/><D131/><U77/><E77/><V84/><F69/><W38/><G38/><T61/><D29/><U58/><E68/><V30/><F124/><W134/><G134/><T52/><D132/><U9/><E9/><V96/><F116/><W48/><G24/><T80/><D80/><U109/><E109/><N who="0" m="42057" /><D7/><U135/><E135/><V60/><F123/><W37/><G79/><T133/><D133/><U2/><E2/><V21/><F30/><W47/><G37/><T86/><D86/><U127/><E127/><V59/><F84/><W8/><G8/><N who="0" m="6279" /><D106/><U33/><E33/><V78/><F78/><W98/><G83/><T72/><D72/><U89/><E119/><V16/><REACH who="2" step="1"/><F120/><REACH who="2" ten="250,250,240,250" step="2"/><W73/><G73/><T4/><D4/><U32/><E117/><V40/><F40/><W95/><G81/><T74/><D74/><U102/><E104/><V42/><F42/><W126/><G126/><T93/><D93/><U99/><E102/><N who="0" m="38953" /><D45/><U92/><E101/><V67/><AGARI ba="0,1" hai="10,15,16,21,25,28,50,51,59,60,67,88,94,96" machi="67" ten="20,16000,3" yaku="1,1,0,1,7,1,8,1,52,1,54,2,53,1" doraHai="63" doraHaiUra="90" who="2" fromWho="2" sc="250,-80,250,-40,240,170,250,-40" /><INIT seed="1,0,0,4,2,45" ten="170,210,410,210" oya="1" hai0="135,26,106,14,42,95,40,68,62,75,134,54,28" hai1="105,46,130,82,108,119,89,61,60,77,118,66,107" hai2="53,31,44,1,24,81,113,56,83,133,132,112,57" hai3="3,30,27,115,2,7,94,124,131,49,22,15,43"/><U25/><E130/><V12/><F12/><W78/><G115/><N who="2" m="44105" /><F1/><W96/><G124/><T58/><D75/><U33/><E108/><V59/><F44/><W11/><G131/><T114/><D106/><U110/><E110/><V23/><F53/><W92/><G78/><T111/><D114/><U128/><E128/><V123/><F123/><W65/><G65/><N who="0" m="41015" /><D111/><U4/><E4/><V63/><F63/><W35/><G2/><T122/><D95/><U36/><E61/><V38/><F38/><W93/><G43/><N who="0" m="16427" /><D14/><U73/><E89/><V101/><F101/><W74/><G74/><T76/><D76/><U51/><E36/><V0/><F0/><W85/><G85/><T125/><D26/><U6/><E119/><V34/><F23/><W91/><G3/><T20/><D20/><U102/><E118/><V88/><F88/><W72/><G35/><T104/><D28/><U21/><E33/><V79/><F83/><W48/><G72/><AGARI ba="0,0" hai="24,31,34,56,57,59,72,79,81,132,133" m="44105" machi="72" ten="30,1000,0" yaku="11,1" doraHai="45" who="2" fromWho="3" sc="170,0,210,0,410,10,210,-10" /><INIT seed="2,0,0,1,3,40" ten="170,210,420,200" oya="2" hai0="3,11,52,13,128,66,38,118,109,123,134,108,126" hai1="70,94,42,96,41,130,34,87,22,65,21,111,27" hai2="85,91,59,112,2,47,30,37,67,106,115,110,131" hai3="89,53,95,97,104,57,122,114,77,88,18,125,60"/><V31/><F106/><W8/><G122/><T14/><D66/><U121/><E121/><V132/><F2/><W12/><G114/><T80/><D38/><U44/><E130/><V64/><F131/><W74/><G125/><T49/><D123/><U46/><E111/><N who="0" m="42569" /><D128/><U79/><E70/><V23/><F110/><W71/><G104/><T101/><D101/><U56/><E34/><V45/><F37/><W73/><G71/><T86/><D126/><U24/><E21/><V105/><F105/><W9/><G77/><N who="0" m="46351" /><D134/><U36/><E36/><V6/><F132/><W7/><REACH who="3" step="1"/><G89/><REACH who="3" ten="170,210,420,190" step="2"/><T4/><D118/><U1/><E79/><V117/><F117/><W58/><G58/><AGARI ba="0,1" hai="3,4,11,13,14,49,52,58" m="46351,42569" machi="58" ten="30,2000,0" yaku="14,1,54,1" doraHai="40" who="0" fromWho="3" sc="170,30,210,0,420,0,190,-20" /><INIT seed="3,0,0,3,1,112" ten="200,210,420,170" oya="3" hai0="26,94,99,48,106,29,132,101,105,25,98,18,97" hai1="33,37,74,134,41,126,57,70,96,131,31,128,83" hai2="45,133,93,130,62,64,16,54,91,30,100,88,66" hai3="111,38,17,44,56,90,118,85,7,52,58,75,10"/><W115/><G75/><T76/><D132/><U68/><E134/><V24/><F133/><W124/><G115/><T0/><D0/><U135/><E135/><V46/><F130/><W39/><G124/><T107/><D48/><U14/><E126/><V110/><F110/><W9/><G111/><T114/><D114/><U32/><E57/><V104/><F104/><N who="0" m="40042" /><D18/><U117/><E117/><V1/><F1/><W63/><G118/><T35/><D25/><U102/><E14/><V60/><F100/><W86/><G17/><T34/><D26/><U23/><E70/><V127/><F127/><W40/><G38/><T5/><D5/><U72/><E68/><V55/><F16/><W77/><G58/><T8/><D8/><U3/><E3/><V121/><F93/><W87/><G77/><T27/><D27/><U81/><E102/><V73/><F24/><W84/><REACH who="3" step="1"/><G7/><REACH who="3" ten="200,210,420,160" step="2"/><T2/><D29/><U12/><E31/><V65/><F30/><W28/><G28/><T11/><D76/><U108/><E108/><V13/><F73/><W19/><G19/><T78/><D78/><U50/><E74/><V89/><F121/><W59/><G59/><T82/><D35/><U20/><E33/><V47/><F47/><W116/><G116/><T125/><D34/><U4/><E32/><V71/><F46/><W49/><G49/><T61/><D125/><U42/><E50/><V95/><F45/><W79/><G79/><T92/><D61/><U21/><E37/><V129/><F62/><W22/><G22/><T67/><D107/><U6/><E21/><V15/><F60/><RYUUKYOKU ba="0,1" sc="200,-10,210,-10,420,-10,160,30" hai3="9,10,39,40,44,52,56,63,84,85,86,87,90" /><INIT seed="3,1,1,5,1,16" ten="190,200,410,190" oya="3" hai0="24,49,42,94,60,73,23,52,35,14,122,31,9" hai1="91,17,132,93,88,4,92,21,123,53,34,85,29" hai2="71,43,86,51,65,36,114,50,80,106,112,58,44" hai3="0,116,66,105,127,11,109,75,101,7,62,69,61"/><W118/><G127/><T10/><D73/><U2/><E123/><V97/><F97/><N who="3" m="61615" /><G75/><T5/><D122/><U95/><E132/><V59/><F106/><W126/><G126/><T125/><D125/><U130/><E130/><V18/><F18/><W64/><G109/><T41/><D60/><U99/><E34/><V89/><F51/><W8/><G8/><T68/><D68/><AGARI ba="1,1" hai="0,7,11,61,62,64,66,68,69,116,118" m="61615" machi="68" ten="30,1500,0" yaku="23,1" doraHai="16" who="3" fromWho="0" sc="190,-18,200,0,410,0,190,28" /><INIT seed="3,2,0,4,4,34" ten="172,200,410,218" oya="3" hai0="114,115,93,26,64,60,84,36,98,102,122,75,55" hai1="53,19,132,131,87,85,126,83,82,127,10,6,111" hai2="35,81,42,14,96,23,24,99,94,119,58,13,5" hai3="133,108,104,47,3,25,120,125,88,61,40,107,17"/><W62/><G120/><T43/><D122/><U91/><E132/><V109/><F35/><W103/><G133/><T28/><D75/><U33/><E33/><V37/><F42/><W32/><G125/><T128/><D128/><U78/><E131/><V44/><F37/><W63/><G108/><T112/><D84/><U69/><E69/><V71/><F44/><W22/><G32/><T21/><D55/><U134/><E134/><V76/><F71/><W65/><G65/><T110/><D110/><U72/><E111/><V135/><F119/><W15/><G3/><T130/><D130/><U20/><E53/><V70/><F70/><W73/><G73/><T41/><REACH who="0" step="1"/><D36/><REACH who="0" ten="162,200,410,218" step="2"/><U38/><E38/><V116/><F109/><W106/><G103/><T12/><D12/><U46/><E72/><V121/><F14/><W39/><REACH who="3" step="1"/><G88/><REACH who="3" ten="162,200,410,208" step="2"/><T68/><AGARI ba="2,2" hai="21,26,28,41,43,60,64,68,93,98,102,112,114,115" machi="68" ten="30,4000,0" yaku="1,1,0,1,11,1,53,0" doraHai="34" doraHaiUra="54" who="0" fromWho="0" sc="162,66,200,-12,410,-12,208,-22" /><INIT seed="4,0,0,5,0,86" ten="228,188,398,186" oya="0" hai0="6,102,57,80,52,70,47,39,35,30,93,75,41" hai1="79,5,29,90,116,108,10,127,95,7,85,58,124" hai2="65,21,83,33,27,43,26,37,40,0,91,42,59" hai3="121,128,45,78,49,123,18,1,66,114,97,107,61"/><T126/><D70/><U73/><E116/><V23/><F0/><W48/><G1/><T98/><D126/><U112/><E108/><V69/><F69/><W101/><G128/><T54/><D6/><U62/><E29/><V100/><F33/><W111/><G111/><T88/><D35/><U20/><E20/><V122/><F37/><W28/><G114/><T13/><D30/><U87/><E112/><V56/><F100/><W34/><G78/><T132/><D132/><U76/><E73/><V129/><F129/><W81/><G81/><T68/><D68/><U99/><E127/><V17/><F122/><W55/><G48/><N who="0" m="26735" /><D13/><N who="1" m="5327" /><E7/><V84/><REACH who="2" step="1"/><F65/><REACH who="2" ten="228,188,388,186" step="2"/><W31/><G34/><T15/><D39/><U11/><E124/><V118/><F118/><W125/><G125/><T71/><D71/><U77/><E11/><V74/><F74/><W134/><G134/><T51/><D75/><U133/><E133/><V135/><F135/><W104/><G123/><T50/><D15/><U24/><E24/><V113/><F113/><W115/><G121/><T131/><D131/><U36/><E36/><V92/><F92/><W12/><G107/><T82/><D102/><U117/><E117/><V72/><F72/><W109/><G115/><T130/><D130/><U64/><AGARI ba="0,1" hai="58,62,64,76,77,79,85,87,90,95,99" m="5327" machi="64" ten="30,2000,0" yaku="8,1,52,1" doraHai="86" who="1" fromWho="1" sc="228,-10,188,30,388,-5,186,-5" /><INIT seed="5,0,0,1,4,105" ten="218,218,383,181" oya="1" hai0="72,30,80,97,119,86,122,35,130,1,45,33,115" hai1="61,47,123,46,91,108,49,2,60,63,57,107,32" hai2="74,70,101,102,9,4,133,124,8,89,112,10,96" hai3="17,3,135,84,95,118,98,100,22,64,134,127,85"/><U65/><E123/><V39/><F39/><W50/><G3/><T126/><D119/><U0/><E107/><V48/><F70/><W53/><G64/><T81/><D122/><U121/><E121/><V51/><F124/><W28/><G28/><T29/><D1/><U104/><E104/><V110/><F133/><N who="3" m="50699" /><G127/><T69/><D126/><U62/><E32/><V78/><F110/><W16/><G118/><T128/><D69/><U106/><E106/><V54/><F112/><W40/><G40/><T71/><D71/><U103/><E103/><V99/><F4/><W83/><G83/><T14/><D115/><U44/><E108/><V21/><F89/><W26/><G17/><T12/><D97/><U113/><E113/><V88/><F88/><W73/><G73/><T116/><D116/><U76/><E76/><V19/><F74/><W20/><G20/><T24/><D45/><AGARI ba="0,0" hai="16,22,26,45,50,53,84,85,95,98,100" m="50699" machi="45" ten="30,2000,0" yaku="20,1,54,1" doraHai="105" who="3" fromWho="0" sc="218,-20,218,0,383,0,181,20" /><INIT seed="6,0,0,5,1,59" ten="198,218,383,201" oya="2" hai0="29,16,10,93,44,101,116,104,56,76,118,34,92" hai1="71,123,53,133,80,31,135,111,103,73,9,98,125" hai2="25,48,72,63,11,2,124,30,6,13,105,134,41" hai3="74,106,18,7,100,132,14,107,5,37,108,87,39"/><V79/><F105/><W117/><G74/><T75/><D44/><U120/><E111/><V89/><F124/><W91/><G108/><T122/><D122/><U126/><E31/><V26/><F134/><N who="1" m="51209" /><E9/><V121/><F121/><N who="1" m="46665" /><E53/><V54/><F79/><W19/><G117/><N who="0" m="45163" /><D56/><U12/><E12/><V65/><F72/><W40/><G132/><T43/><D43/><U113/><E71/><V97/><F41/><W23/><G107/><T94/><D29/><U96/><E113/><V46/><F2/><W17/><G5/><T127/><D34/><U32/><E32/><V99/><F89/><W69/><G7/><T3/><D3/><U82/><E73/><V24/><REACH who="2" step="1"/><F30/><REACH who="2" ten="198,218,373,201" step="2"/><W86/><G40/><T33/><D127/><N who="1" m="48651" /><E103/><V4/><F4/><W60/><G100/><T128/><D128/><U68/><E68/><AGARI ba="0,1" hai="6,11,13,24,25,26,46,48,54,63,65,68,97,99" machi="68" ten="40,3900,0" yaku="1,1,52,1,53,0" doraHai="59" doraHaiUra="112" who="2" fromWho="1" sc="198,0,218,-39,373,49,201,0" /><INIT seed="6,1,0,3,3,98" ten="198,179,422,201" oya="2" hai0="110,47,12,22,107,99,30,43,26,69,92,124,18" hai1="21,3,106,97,118,80,95,121,133,1,35,72,103" hai2="24,27,128,130,76,109,82,0,5,112,122,115,100" hai3="4,96,58,68,135,90,9,105,40,91,49,84,81"/><V44/><F122/><W61/><G135/><T16/><D110/><U11/><E121/><V20/><F44/><W131/><G131/><T129/><D129/><N who="2" m="49770" /><F5/><W108/><G108/><T70/><D124/><U66/><E118/><V53/><F0/><W33/><G33/><T78/><D78/><U8/><E133/><V89/><F53/><W15/><G68/><T17/><D107/><U75/><E35/><V34/><F89/><W7/><G7/><T117/><D117/><U38/><E38/><V42/><F42/><W126/><G126/><T65/><D65/><U25/><E66/><V125/><F125/><W73/><G73/><T19/><N who="0" m="4608" /><DORA hai="39" /><T102/><REACH who="0" step="1"/><D12/><REACH who="0" ten="188,179,422,201" step="2"/><U59/><E1/><V114/><F109/><W6/><G105/><T94/><D94/><U57/><E3/><V10/><F114/><W50/><G4/><T77/><D77/><U134/><E134/><V116/><F76/><W132/><G132/><T14/><D14/><U31/><E8/><V28/><F116/><W127/><G127/><T52/><D52/><U74/><E11/><V55/><F10/><W45/><G6/><T113/><D113/><U46/><E95/><V36/><F55/><W48/><G9/><T32/><D32/><U71/><E80/><V51/><F82/><W120/><G15/><T119/><D119/><U88/><E106/><V123/><F34/><W54/><G120/><T87/><D87/><U29/><E75/><V86/><F123/><W111/><G111/><T37/><AGARI ba="1,1" hai="22,26,30,37,43,47,69,70,92,99,102" m="4608" machi="37" ten="40,8000,1" yaku="1,1,0,1,52,2,54,1,53,0" doraHai="98,39" doraHaiUra="2,62" who="0" fromWho="0" sc="188,93,179,-21,422,-41,201,-21" /><INIT seed="7,0,0,1,5,9" ten="281,158,381,180" oya="3" hai0="91,131,4,1,53,112,30,2,106,113,34,0,87" hai1="41,109,24,119,120,68,38,63,135,58,70,19,65" hai2="15,56,26,18,95,79,6,107,129,115,80,116,74" hai3="21,66,36,104,114,51,100,28,85,54,67,84,75"/><W40/><G75/><T117/><D106/><U8/><E120/><V33/><F107/><W57/><G114/><N who="0" m="44139" /><D53/><U134/><E109/><V93/><F115/><W108/><G108/><T14/><D91/><U17/><E119/><V46/><F116/><W99/><G66/><T125/><D87/><U12/><E38/><V88/><F93/><W60/><G28/><T47/><D47/><U121/><E121/><V3/><F46/><N who="3" m="23815" /><G21/><T123/><D117/><U89/><E41/><V94/><F56/><W97/><G97/><T43/><D43/><U133/><E89/><V118/><F94/><W55/><G55/><T77/><D77/><U52/><E65/><V32/><F95/><W105/><G105/><T64/><D64/><U48/><E63/><V45/><F88/><W10/><G10/><N who="0" m="4423" /><D123/><U98/><E98/><V25/><F45/><W86/><G86/><T22/><D131/><U72/><E72/><V31/><F129/><W16/><G16/><T128/><D128/><U69/><E24/><V96/><F96/><W35/><G35/><T23/><D125/><U11/><E11/><N who="2" m="2527" /><F118/><W110/><G110/><T37/><D37/><U13/><E19/><V101/><F101/><W5/><G5/><T132/><D132/><U71/><E71/><AGARI ba="0,0" hai="51,54,57,60,67,71,84,85,99,100,104" m="23815" machi="71" ten="30,1500,0" yaku="24,1" doraHai="9" who="3" fromWho="1" sc="281,0,158,-15,381,0,180,15" /><INIT seed="7,1,0,5,0,35" ten="281,143,381,195" oya="3" hai0="70,59,30,99,106,72,93,6,76,74,38,50,64" hai1="41,61,84,27,56,33,22,115,36,87,42,103,69" hai2="81,37,17,48,23,0,3,77,46,130,47,19,89" hai3="43,51,54,95,125,67,9,98,29,66,40,105,62"/><W109/><G105/><T53/><D106/><U63/><E33/><V60/><F130/><W121/><G121/><T58/><D6/><U28/><E115/><V133/><F133/><W124/><G109/><T135/><D135/><U73/><E73/><V68/><F37/><W113/><G113/><T91/><D30/><U25/><E36/><V107/><F107/><W71/><G66/><T31/><D38/><U110/><E110/><V118/><F118/><W119/><G119/><T102/><D70/><U117/><E117/><V10/><F89/><W132/><G132/><T86/><D31/><U92/><E69/><V80/><F60/><W21/><G9/><T34/><D34/><U15/><E15/><V55/><F68/><W20/><G20/><T39/><D39/><U94/><E28/><V104/><F104/><W45/><G21/><T112/><D112/><U32/><E32/><V85/><F47/><W96/><G29/><T123/><D123/><U131/><E131/><V126/><F80/><W88/><REACH who="3" step="1"/><G98/><REACH who="3" ten="281,143,381,185" step="2"/><T128/><D128/><U100/><REACH who="1" step="1"/><E22/><REACH who="1" ten="281,133,381,185" step="2"/><V12/><F126/><AGARI ba="1,2" hai="40,43,45,51,54,62,67,71,88,95,96,124,125,126" machi="126" ten="40,12000,1" yaku="1,1,2,1,18,1,54,1,53,0" doraHai="35" doraHaiUra="16" who="3" fromWho="2" sc="281,0,133,0,381,-123,185,143" owari="281,8.0,133,-37.0,258,-14.0,328,43.0" /></mjloggm>