<mjloggm ver="2.3"><GO type="41"/><UN n0="%E3%82%A6%E3%83%AB%E3%83%88%E3%83%A9%E7%AB%8B%E7%9B%B4" n1="%E3%83%96%E3%83%AC%E3%82%A4%E3%82%AF" n2="%70%75%72%67%61%74%6F%72" n3="%E4%BB%8A%E7%A6%8F" dan="15,14,13,13" rate="1953,1842,1826,1878" sx="M,M,M,M"/><TAIKYOKU oya="0"/><INIT seed="0,0,0,1,5,127" ten="250,250,250,250" oya="0" hai0="35,9,91,1,26,15,51,114,34,78,83,38,99" hai1="42,73,100,82,52,45,61,108,109,29,134,10,84" hai2="86,44,6,62,120,126,46,65,36,104,95,135,5" hai3="22,118,21,133,119,47,106,77,30,19,2,71,121"/><T12/><D38/><U53/><E73/><V28/><F104/><W115/><G77/><T113/><D91/><U27/><E100/><V70/><F120/><W37/><G30/><T87/><D99/><U56/><E134/><V75/><F75/><W48/><G22/><T55/><D1/><U72/><E72/><V58/><F126/><W102/><G102/><T24/><D51/><U17/><E53/><V111/><F111/><N who="1" m="42569" /><E10/><V7/><F135/><W74/><G48/><T13/><D55/><U76/><E17/><V85/><F28/><W66/><G66/><T18/><D78/><U14/><E14/><N who="0" m="5737" /><D87/><N who="2" m="33290" /><F70/><W131/><G21/><T97/><D97/><U23/><E45/><N who="2" m="17515" /><F36/><W67/><G67/><T11/><D83/><U20/><E23/><V122/><F122/><W107/><G47/><T80/><D80/><U43/><AGARI ba="0,0" hai="20,27,29,42,43,52,56,61,76,82,84" m="42569" machi="43" ten="30,2000,0" yaku="14,1,54,1" doraHai="127" who="1" fromWho="1" sc="250,-10,250,20,250,-5,250,-5" /><INIT seed="1,0,0,3,1,54" ten="240,270,245,245" oya="1" hai0="64,127,77,133,126,116,120,90,13,65,107,10,56" hai1="76,80,78,124,41,1,27,61,37,99,23,19,31" hai2="46,9,135,115,111,87,81,89,86,85,8,3,93" hai3="125,28,52,109,132,21,88,112,68,84,58,92,2"/><U66/><E1/><V15/><F111/><W20/><G109/><T4/><D107/><U123/><E123/><V98/><F135/><W82/><G112/><T113/><D113/><U18/><E124/><N who="0" m="47657" /><D116/><U17/><E37/><V26/><F115/><W73/><G68/><T106/><D106/><U45/><E41/><V63/><F3/><W130/><G2/><T118/><D118/><U40/><E40/><V12/><F26/><W22/><G132/><T44/><D44/><U59/><E45/><V55/><F81/><W60/><G130/><T57/><D133/><U100/><REACH who="1" step="1"/><E80/><REACH who="1" ten="240,260,245,245" step="2"/><V129/><F46/><W75/><G125/><T50/><D120/><U70/><E70/><V131/><F131/><W49/><G28/><T24/><D65/><U32/><E32/><V5/><F129/><W71/><REACH who="3" step="1"/><G82/><REACH who="3" ten="240,260,245,235" step="2"/><T105/><D64/><AGARI ba="0,2" hai="20,21,22,49,52,58,60,64,71,73,75,84,88,92" machi="64" ten="40,8000,1" yaku="1,1,2,1,52,1,54,2,53,0" doraHai="54" doraHaiUra="97" who="3" fromWho="0" sc="240,-80,260,0,245,0,235,100" /><INIT seed="2,0,0,5,3,19" ten="160,260,245,335" oya="2" hai0="47,43,92,118,120,7,41,131,86,97,20,123,38" hai1="89,130,122,96,115,105,60,14,106,135,112,28,46" hai2="103,80,40,132,49,113,35,13,24,57,68,93,3" hai3="104,117,32,108,82,62,67,51,34,91,10,84,126"/><V56/><F68/><W134/><G117/><T61/><D118/><U94/><E28/><V30/><F113/><W128/><G104/><T44/><D7/><U9/><E122/><V121/><F121/><W42/><G108/><T2/><D86/><U133/><E130/><V48/><F3/><W100/><G128/><T27/><D2/><U36/><E60/><V37/><F37/><W66/><G134/><N who="1" m="51210" /><E36/><V72/><F13/><W111/><G126/><T99/><D61/><U98/><E46/><V83/><F132/><W6/><G100/><T22/><D131/><U53/><E53/><V64/><F64/><W107/><G107/><N who="1" m="40970" /><E98/><V63/><F63/><W75/><G75/><T78/><D38/><U85/><E96/><V77/><F40/><W26/><G111/><T129/><D129/><U87/><E85/><V74/><F30/><W95/><G26/><T25/><REACH who="0" step="1"/><D92/><REACH who="0" ten="150,260,245,335" step="2"/><U119/><E119/><V39/><F93/><W124/><G95/><T65/><D65/><U12/><E115/><V69/><F39/><W70/><G67/><T55/><D55/><U88/><E112/><V29/><F74/><W1/><G124/><T15/><D15/><U79/><E14/><V8/><F72/><W11/><G66/><T17/><D17/><N who="1" m="8335" /><E89/><V50/><F50/><W109/><G51/><T52/><D52/><U54/><E54/><V31/><F48/><W127/><G127/><T71/><D71/><U16/><E79/><AGARI ba="0,1" hai="20,22,25,27,41,43,44,47,78,79,97,99,120,123" machi="79" ten="25,8000,1" yaku="1,1,22,2,52,2,53,0" doraHai="19" doraHaiUra="76" who="0" fromWho="1" sc="150,90,260,-80,245,0,335,0" /><INIT seed="3,0,0,2,1,135" ten="240,180,245,335" oya="3" hai0="0,57,1,24,26,94,96,8,18,60,48,7,10" hai1="118,127,22,30,77,40,39,42,23,126,122,132,6" hai2="21,36,120,102,128,3,87,20,58,114,91,133,47" hai3="123,71,90,101,107,74,67,88,32,59,97,93,38"/><W98/><G123/><T125/><D48/><U35/><E122/><V72/><F114/><W116/><G116/><T45/><D45/><U70/><E118/><V109/><F109/><W50/><G71/><T110/><D110/><U12/><E70/><V14/><F3/><W100/><G38/><T79/><D79/><U46/><E132/><V19/><F120/><W106/><G32/><T37/><D37/><U78/><E35/><V129/><F72/><W5/><G5/><T113/><D113/><U49/><E30/><V29/><F102/><W85/><G67/><T75/><D94/><U27/><E27/><N who="0" m="10281" /><D96/><U108/><E108/><V34/><F34/><W103/><G59/><T104/><D60/><U134/><E134/><V33/><F33/><W66/><G66/><T2/><D57/><U80/><E39/><V124/><F29/><W105/><G50/><T121/><D104/><U131/><E42/><N who="2" m="22983" /><F58/><W28/><G28/><T43/><D43/><U41/><E41/><V16/><F133/><W117/><G117/><T25/><D75/><U86/><E78/><V130/><F87/><N who="3" m="52383" /><G74/><T9/><D121/><U119/><E119/><V99/><F130/><W81/><AGARI ba="0,0" hai="81,85,90,97,98,100,101,103,105,106,107" m="52383" machi="81" ten="40,18000,2" yaku="35,5,54,1" doraHai="135" who="3" fromWho="3" sc="240,-60,180,-60,245,-60,335,180" /><INIT seed="3,1,0,5,1,22" ten="180,120,185,515" oya="3" hai0="64,10,65,104,105,86,85,9,48,80,121,41,67" hai1="74,23,20,34,122,7,116,127,77,106,78,75,40" hai2="16,4,118,69,70,123,109,27,28,58,73,12,21" hai3="0,83,46,72,63,129,59,71,29,125,18,11,60"/><W47/><G125/><T37/><D37/><U113/><E127/><V1/><F73/><W32/><G129/><T88/><D48/><U100/><E34/><N who="2" m="20767" /><F58/><W135/><G135/><T13/><D41/><U101/><E40/><V56/><F118/><W96/><G71/><T103/><D121/><U133/><E7/><V128/><F128/><W15/><G0/><T89/><D103/><U95/><E95/><V76/><F76/><W111/><G111/><T131/><D131/><U50/><E50/><V66/><F123/><W99/><G63/><T110/><D110/><U108/><E122/><V30/><F30/><W5/><G5/><T44/><D44/><U97/><E108/><V120/><F120/><W54/><G83/><T92/><REACH who="0" step="1"/><D9/><REACH who="0" ten="170,120,185,515" step="2"/><U90/><E133/><V132/><F132/><W112/><G47/><T3/><D3/><U57/><E116/><V24/><F109/><W42/><G46/><T17/><AGARI ba="1,1" hai="10,13,17,64,65,67,80,85,86,88,89,92,104,105" machi="17" ten="30,7900,0" yaku="1,1,0,1,54,1,53,1" doraHai="22" doraHaiUra="79" who="0" fromWho="0" sc="170,92,120,-21,185,-21,515,-40" /><INIT seed="4,0,0,1,2,71" ten="262,99,164,475" oya="0" hai0="103,31,55,63,82,41,122,20,46,25,32,132,133" hai1="52,113,105,130,12,9,77,108,14,110,1,70,7" hai2="129,15,124,47,21,24,116,102,67,72,73,101,134" hai3="59,88,97,79,126,76,104,62,64,19,98,92,123"/><T58/><D122/><U135/><E105/><V50/><F124/><W95/><G104/><T22/><D103/><U87/><E70/><V54/><F129/><W84/><G126/><T30/><D82/><U65/><E65/><V100/><F134/><W48/><G123/><T99/><D99/><U81/><E130/><V13/><F116/><W112/><G112/><T37/><REACH who="0" step="1"/><D31/><REACH who="0" ten="252,99,164,475" step="2"/><U28/><E113/><V85/><F102/><W109/><G84/><T17/><D17/><U121/><E121/><V60/><F101/><W29/><G29/><T106/><D106/><U127/><E127/><V61/><F100/><W18/><G98/><T40/><D40/><U83/><E135/><AGARI ba="0,1" hai="20,22,25,30,32,37,41,46,55,58,63,132,133,135" machi="135" ten="40,12000,1" yaku="1,1,20,1,52,1,53,1" doraHai="71" doraHaiUra="23" who="0" fromWho="1" sc="252,130,99,-120,164,0,475,0" owari="382,18.0,-21,-52.0,164,-24.0,475,58.0" /></mjloggm>