<mjloggm ver="2.3"><GO type="169"/><UN n0="%EF%BC%88%E2%89%A7%E2%96%BD%E2%89%A6%EF%BC%89" n1="%E3%83%9F%E3%82%B9%E3%83%88%E3%83%A9%E3%83%AB%E2%98%86" n2="%72%75%6E%61%74%6F%73%68" n3="%E5%8D%97%E6%96%97%E3%83%AC%E3%82%A4%E2%99%AA" dan="17,16,16,18" rate="2148,2090,2121,2164" sx="M,F,M,M"/><TAIKYOKU oya="0"/><INIT seed="0,0,0,1,0,71" ten="250,250,250,250" oya="0" hai0="132,76,20,33,49,57,45,117,101,94,111,96,34" hai1="48,87,60,47,88,118,31,12,6,36,40,112,84" hai2="98,113,107,4,8,64,63,22,79,41,133,93,86" hai3="72,32,95,29,52,65,21,97,110,89,125,53,2"/><T116/><D132/><U85/><E118/><V10/><F133/><W54/><G2/><T9/><D111/><U17/><E112/><V7/><F113/><W122/><G72/><T121/><D121/><U58/><E31/><V50/><F107/><W46/><G32/><T82/><D57/><U13/><E48/><V55/><F41/><W37/><G110/><T119/><D9/><U16/><E6/><V3/><F22/><W134/><G65/><T120/><D20/><U80/><E12/><V114/><F114/><W74/><G74/><T27/><D27/><U19/><REACH who="1" step="1"/><E13/><REACH who="1" ten="250,240,250,250" step="2"/><V38/><F50/><W28/><G29/><T5/><D5/><U42/><E42/><V109/><F109/><W99/><G28/><T44/><D120/><U30/><E30/><V56/><F7/><W83/><G122/><T103/><D45/><U123/><E123/><V106/><F4/><W100/><G46/><T51/><D51/><U14/><E14/><V1/><F1/><W15/><G15/><T131/><D131/><U59/><E59/><V124/><F56/><W104/><G134/><T73/><REACH who="0" step="1"/><D103/><REACH who="0" ten="240,240,250,250" step="2"/><U91/><E91/><N who="2" m="53495" /><F3/><W35/><G100/><T128/><D128/><U25/><E25/><V61/><F10/><W23/><G89/><T115/><D115/><U78/><E78/><V126/><F79/><W77/><G77/><T70/><D70/><U39/><E39/><V108/><F38/><W26/><G37/><T75/><D75/><U105/><E105/><V81/><F106/><W68/><G104/><T129/><D129/><U102/><E102/><V66/><F8/><RYUUKYOKU ba="0,2" sc="240,15,240,15,250,-15,250,-15" hai0="33,34,44,49,73,76,82,94,96,101,116,117,119" hai1="16,17,19,36,40,47,58,60,80,84,85,87,88" /><INIT seed="0,1,2,2,1,5" ten="255,255,235,235" oya="0" hai0="2,3,105,112,85,9,10,31,53,129,114,23,59" hai1="66,50,41,99,4,36,57,107,13,102,80,12,133" hai2="15,75,29,121,125,130,97,128,51,42,103,135,1" hai3="120,55,68,45,117,37,11,77,131,7,8,108,27"/><T101/><D101/><U0/><E133/><V30/><F75/><W47/><G68/><T67/><D105/><U113/><E113/><V98/><F1/><W86/><G117/><T106/><D106/><U14/><E0/><V104/><F121/><W110/><G7/><T89/><D2/><U62/><E36/><V78/><F78/><W24/><G120/><T40/><D129/><N who="2" m="49770" /><F135/><W52/><G131/><T70/><D3/><U100/><E100/><V58/><F98/><W17/><G37/><T44/><D112/><U84/><E41/><V61/><F125/><W92/><G17/><T49/><D114/><U91/><REACH who="1" step="1"/><E50/><REACH who="1" ten="255,245,235,235" step="2"/><V81/><F51/><W33/><G108/><T87/><D67/><U18/><E18/><V72/><F42/><W134/><G110/><T20/><D70/><U21/><E21/><N who="0" m="8265" /><D31/><U54/><E54/><V28/><F28/><W111/><G55/><T118/><D118/><U119/><E119/><V127/><F30/><W71/><G52/><T48/><D87/><U122/><E122/><V76/><F29/><W94/><G71/><T82/><AGARI ba="1,3" hai="9,10,40,44,48,49,53,59,82,85,89" m="8265" machi="82" ten="30,6000,0" yaku="8,1,52,2" doraHai="5" who="0" fromWho="0" sc="255,93,245,-21,235,-21,235,-21" /><INIT seed="0,2,0,4,1,69" ten="348,224,214,214" oya="0" hai0="54,96,114,35,19,26,11,124,77,82,74,133,23" hai1="135,24,20,80,72,0,59,104,16,118,83,86,90" hai2="5,34,58,21,67,71,130,109,4,44,27,29,50" hai3="88,43,117,52,110,15,115,127,25,56,105,37,132"/><T107/><D114/><U87/><E0/><V33/><F71/><W126/><G105/><T101/><D133/><U76/><E104/><V48/><F130/><W14/><G115/><T102/><D124/><N who="3" m="47657" /><G117/><T64/><D35/><U100/><E135/><V60/><F109/><W122/><G110/><T81/><D64/><U30/><E118/><V8/><F4/><W62/><G132/><T131/><D131/><U99/><E100/><V45/><F45/><N who="3" m="23791" /><G122/><T123/><D123/><U17/><E99/><V113/><F113/><W95/><G25/><T75/><D101/><U28/><E28/><V61/><F61/><W111/><G111/><T18/><D54/><U94/><E59/><V89/><F48/><W79/><G79/><AGARI ba="2,0" hai="16,17,20,24,30,72,76,79,80,83,86,87,90,94" machi="79" ten="30,2000,0" yaku="7,1,54,1" doraHai="69" who="1" fromWho="3" sc="348,0,224,26,214,0,214,-26" /><INIT seed="1,0,0,1,2,8" ten="348,250,214,188" oya="1" hai0="113,0,83,55,116,134,84,46,11,123,118,76,94" hai1="75,27,5,133,109,96,102,32,64,100,50,95,28" hai2="54,106,51,86,71,23,93,53,107,33,40,122,114" hai3="12,6,73,66,24,21,9,98,47,128,62,63,7"/><U69/><E75/><V120/><F33/><W19/><G73/><T2/><D113/><U52/><E133/><V85/><F71/><W57/><G128/><T3/><D123/><U72/><E72/><V10/><F40/><W56/><G47/><T80/><D134/><U131/><E131/><V49/><F10/><W1/><G98/><T41/><D55/><U16/><E109/><V14/><F93/><W48/><G48/><T125/><D125/><U101/><E5/><V42/><F42/><W22/><G22/><T59/><D59/><U44/><E64/><V70/><F70/><W129/><G129/><T126/><D126/><U135/><E69/><V115/><F23/><W105/><G105/><T43/><D43/><U45/><E45/><V117/><F117/><W39/><G39/><T89/><D11/><U65/><E65/><V17/><F17/><N who="3" m="12335" /><G1/><T18/><D18/><U20/><E135/><V60/><REACH who="2" step="1"/><F60/><REACH who="2" ten="348,250,204,188" step="2"/><W88/><G63/><T36/><REACH who="0" step="1"/><D83/><REACH who="0" ten="338,250,204,188" step="2"/><U67/><REACH who="1" step="1"/><E67/><REACH who="1" ten="338,240,204,188" step="2"/><V37/><F37/><W111/><G66/><T121/><D121/><U34/><E34/><V13/><AGARI ba="0,3" hai="13,14,49,51,53,54,85,86,106,107,114,115,120,122" machi="13" ten="25,12000,2" yaku="1,1,0,1,22,2,52,2,53,0" doraHai="8" doraHaiUra="29" who="2" fromWho="2" sc="338,-30,240,-60,204,150,188,-30" /><INIT seed="2,0,0,3,4,20" ten="308,180,354,158" oya="2" hai0="50,76,57,8,12,96,7,2,83,59,30,23,65" hai1="58,108,91,113,130,16,54,92,80,42,36,21,41" hai2="5,39,93,15,73,52,53,107,135,74,90,116,126" hai3="131,22,115,25,105,29,100,51,45,33,125,102,18"/><V35/><F116/><W88/><G125/><T63/><D96/><U127/><E108/><V128/><F107/><W79/><G79/><T11/><D50/><U13/><E113/><V129/><F39/><W6/><G6/><T132/><D132/><U94/><E127/><V17/><F5/><W32/><G115/><T77/><D57/><U98/><E130/><N who="2" m="50283" /><F35/><W118/><G118/><T47/><D47/><U85/><E36/><V4/><F4/><W82/><G131/><T0/><D11/><U122/><E92/><V89/><F135/><W71/><G71/><T111/><D111/><U26/><E13/><V120/><F120/><W121/><G121/><T43/><D43/><U134/><E134/><V28/><F28/><W10/><G10/><T87/><REACH who="0" step="1"/><D76/><REACH who="0" ten="298,180,354,158" step="2"/><U81/><E122/><V56/><F56/><W68/><G68/><T124/><D124/><U34/><E34/><V112/><F126/><W114/><G114/><T19/><D19/><U38/><E38/><V64/><F112/><W95/><G18/><T78/><D78/><U123/><E123/><V110/><F110/><W117/><G117/><T69/><D69/><U55/><E54/><V133/><F53/><W119/><G119/><T104/><D104/><U66/><E66/><V70/><F52/><W67/><G67/><T44/><D44/><U40/><REACH who="1" step="1"/><E85/><REACH who="1" ten="298,170,354,158" step="2"/><N who="2" m="52399" /><F133/><W3/><G105/><T75/><D75/><U14/><E14/><V9/><F64/><W62/><G32/><T27/><AGARI ba="0,2" hai="0,2,7,8,12,23,27,30,59,63,65,77,83,87" machi="27" ten="30,7900,0" yaku="1,1,0,1,52,1,53,1" doraHai="20" doraHaiUra="61" who="0" fromWho="0" sc="298,99,170,-20,354,-39,158,-20" /><INIT seed="3,0,0,4,2,68" ten="397,150,315,138" oya="3" hai0="87,19,28,124,32,125,83,120,10,26,78,20,60" hai1="1,7,90,127,12,98,114,117,24,102,97,18,112" hai2="99,58,31,17,39,9,63,52,108,22,65,119,23" hai3="25,122,131,84,106,123,103,113,61,93,85,54,105"/><W0/><G0/><T27/><D120/><N who="3" m="46121" /><G25/><T82/><D60/><U40/><E127/><V133/><F9/><W89/><G61/><T92/><D92/><U64/><E117/><V110/><F119/><W95/><G54/><T71/><D71/><U42/><E64/><V8/><F8/><W43/><G43/><T47/><D47/><U88/><E1/><V132/><F31/><W62/><G62/><T81/><D10/><U50/><E24/><V79/><F65/><W55/><G55/><T101/><D101/><U96/><E7/><V80/><F39/><W4/><G4/><T11/><D11/><U51/><E102/><V36/><F36/><W129/><G113/><T59/><D59/><U5/><E5/><V53/><F53/><W134/><G134/><N who="2" m="51817" /><F99/><N who="3" m="61695" /><G106/><T34/><D32/><U73/><E12/><N who="2" m="9511" /><F23/><W72/><G72/><AGARI ba="0,0" hai="52,58,63,72,79,80,108,110" m="9511,51817" machi="72" ten="30,2000,0" yaku="20,1,54,1" doraHai="68" who="2" fromWho="3" sc="397,0,150,0,315,20,138,-20" /><INIT seed="4,0,0,1,1,5" ten="397,150,335,118" oya="0" hai0="111,71,40,99,67,49,41,33,81,77,31,100,46" hai1="102,35,76,55,0,32,83,66,82,110,113,14,18" hai2="43,130,122,124,34,12,52,92,48,21,22,65,108" hai3="56,30,129,132,20,62,64,63,16,19,86,25,79"/><T103/><D111/><U73/><E0/><V74/><F34/><W97/><G129/><T45/><D71/><U105/><E110/><V36/><F74/><W133/><G132/><T118/><D67/><U112/><E66/><V4/><F130/><W114/><G114/><N who="1" m="44138" /><E105/><V119/><F119/><W39/><G39/><T120/><D120/><U125/><E102/><V85/><F122/><W91/><G133/><T104/><D118/><U90/><E125/><V109/><F65/><W70/><G70/><T117/><D117/><U44/><E90/><V1/><F124/><W75/><G63/><T53/><D100/><U9/><E83/><V47/><F1/><W78/><G75/><T116/><D116/><U11/><E11/><V135/><F135/><W98/><G78/><T127/><D127/><U37/><E55/><V93/><F93/><N who="3" m="54519" /><G79/><T2/><D2/><U68/><E68/><V24/><F108/><W96/><AGARI ba="0,0" hai="16,19,20,25,30,56,62,64,96,97,98" m="54519" machi="96" ten="30,2000,0" yaku="8,1,54,1" doraHai="5" who="3" fromWho="3" sc="397,-10,150,-5,335,-5,118,20" /><INIT seed="5,0,0,5,4,99" ten="387,145,330,138" oya="1" hai0="60,56,127,129,82,6,96,103,58,23,100,130,114" hai1="55,65,106,104,64,93,11,24,47,0,78,41,18" hai2="95,115,38,131,83,108,132,112,105,15,91,8,17" hai3="9,44,39,128,72,84,76,80,20,16,21,117,125"/><U87/><E55/><V89/><F38/><W107/><G107/><T2/><D127/><U133/><E133/><V25/><F108/><W67/><G125/><T134/><D134/><U13/><E0/><V92/><F105/><W113/><G67/><N who="0" m="39303" /><D114/><N who="2" m="43562" /><F132/><W85/><G113/><T52/><D96/><U63/><E24/><V48/><F131/><N who="0" m="50186" /><D23/><U75/><E75/><V135/><F135/><W34/><G72/><T118/><D118/><U111/><E65/><V90/><F83/><W66/><G80/><T19/><D19/><U3/><E3/><V69/><F69/><W61/><G16/><T119/><D82/><U74/><E74/><V46/><F25/><W49/><G117/><T97/><D97/><U51/><E111/><V62/><F62/><W36/><G61/><N who="0" m="36039" /><D119/><U1/><E1/><V7/><F17/><W86/><G128/><T14/><D14/><U4/><E18/><V81/><F81/><W94/><G66/><T50/><D50/><U110/><E110/><V40/><AGARI ba="0,0" hai="7,8,15,40,46,48,89,90,91,92,95" m="43562" machi="40" ten="30,2000,0" yaku="15,1,11,1" doraHai="99" who="2" fromWho="2" sc="387,-5,145,-10,330,20,138,-5" /><INIT seed="6,0,0,1,4,122" ten="382,135,350,133" oya="2" hai0="54,108,3,126,132,95,100,57,125,99,62,113,6" hai1="118,51,34,84,0,47,33,59,11,15,70,65,29" hai2="121,22,46,91,83,106,9,71,48,66,73,19,55" hai3="21,89,17,135,72,117,28,53,80,38,103,75,10"/><V31/><F106/><W58/><G38/><T68/><D113/><U128/><E0/><V116/><F116/><W64/><G117/><T124/><D108/><U2/><E2/><V93/><F121/><W20/><G75/><T26/><D132/><U52/><E118/><V105/><F105/><W37/><G37/><T120/><D120/><U98/><E128/><V131/><F131/><W67/><G72/><T4/><D3/><U63/><E29/><V114/><F114/><W41/><G41/><T24/><D68/><U111/><E111/><V123/><F123/><W76/><G76/><T94/><D95/><U50/><E50/><V60/><F9/><W90/><G103/><T133/><D133/><U39/><E98/><V102/><F102/><W36/><G36/><T30/><D26/><U109/><E84/><V112/><F31/><W32/><G32/><AGARI ba="0,0" hai="4,6,24,30,32,54,57,62,94,99,100,124,125,126" machi="32" ten="40,1300,0" yaku="18,1" doraHai="122" who="0" fromWho="3" sc="382,13,135,0,350,0,133,-13" /><INIT seed="7,0,0,3,0,42" ten="395,135,350,120" oya="3" hai0="104,117,74,59,83,10,108,92,102,1,21,2,101" hai1="48,37,18,128,71,70,29,6,81,36,14,123,132" hai2="115,61,79,114,20,44,125,122,0,55,3,133,90" hai3="77,130,25,65,89,47,12,103,35,33,15,124,118"/><W105/><G118/><T116/><D10/><U60/><E123/><V50/><F122/><W119/><G119/><T41/><D41/><U24/><E6/><V72/><F133/><W63/><G77/><T30/><D30/><U98/><E132/><V34/><F34/><W134/><G134/><T54/><D83/><U52/><E128/><V99/><F125/><W106/><G35/><T56/><D102/><U57/><E98/><V129/><F129/><W131/><G130/><T38/><D59/><U9/><E81/><V113/><F79/><W64/><G131/><T75/><D54/><U95/><E95/><V135/><F72/><W19/><G124/><T126/><D21/><U46/><E70/><V97/><F135/><W7/><G106/><T39/><D56/><U4/><E4/><V120/><F120/><W111/><G111/><T78/><D92/><U53/><E71/><V23/><F61/><W31/><G7/><T96/><D126/><U11/><E9/><V112/><N who="2" m="29184" /><DORA hai="85" /><V8/><F8/><W91/><G47/><T67/><D108/><U17/><E18/><V93/><F99/><N who="3" m="61695" /><G65/><T94/><D67/><U51/><E60/><V87/><F97/><W66/><G66/><T109/><D109/><U26/><E24/><V62/><F62/><W49/><G49/><T73/><D78/><U100/><E100/><V27/><F23/><AGARI ba="0,0" hai="11,14,17,23,26,29,36,37,46,48,51,52,53,57" machi="23" ten="30,3900,0" yaku="7,1,52,1,54,1" doraHai="42,85" who="1" fromWho="2" sc="395,0,135,39,350,-39,120,0" owari="395,50.0,174,-23.0,311,11.0,120,-38.0" /></mjloggm>