<mjloggm ver="2.3"><GO type="169" lobby="0"/><UN n0="%EF%BC%88%E2%89%A7%E2%96%BD%E2%89%A6%EF%BC%89" n1="%E8%B6%85%E3%83%92%E3%83%A2%E3%83%AA%E3%83%AD" n2="%E5%AF%9B%E3%83%94%E3%82%A8%E3%83%AD" n3="%65%69%63%68%69%72%6F" dan="18,17,16,16" rate="2114.16,2169.40,2068.24,2081.23" sx="M,F,M,M"/><TAIKYOKU oya="0"/><INIT seed="0,0,0,4,3,10" ten="250,250,250,250" oya="0" hai0="119,83,100,112,36,118,63,26,62,70,101,21,94" hai1="99,24,74,97,132,12,14,65,129,130,44,46,82" hai2="33,71,95,115,117,4,110,89,56,67,27,1,75" hai3="77,60,91,127,88,7,53,6,87,121,109,135,66"/><T32/><D112/><U133/><E24/><V131/><F75/><W48/><G109/><T86/><D36/><U108/><E65/><V96/><F110/><W3/><G127/><T45/><D32/><U16/><E108/><V113/><F117/><W105/><G105/><T103/><D45/><N who="1" m="17515" /><E74/><V85/><F131/><N who="1" m="50185" /><E82/><V57/><F27/><W9/><G135/><N who="1" m="51786" /><E14/><V13/><F13/><W68/><G77/><T124/><D70/><U50/><E50/><V49/><F49/><W78/><G78/><T15/><D15/><U102/><E102/><V107/><F67/><W90/><G6/><T106/><D101/><U18/><E18/><V54/><F4/><W123/><G123/><T52/><D103/><U125/><E125/><V84/><F71/><W5/><G5/><T80/><D124/><U38/><E38/><V2/><F33/><W25/><G25/><T8/><D100/><U42/><E42/><V43/><F43/><W20/><G121/><T47/><D26/><U30/><E30/><V35/><F35/><W55/><G48/><T104/><D83/><U34/><E34/><V114/><F114/><W23/><G3/><T64/><D80/><U28/><E28/><V29/><F29/><W120/><G120/><T61/><D64/><U40/><E40/><V122/><F2/><W98/><G7/><T0/><D104/><U92/><E92/><V69/><F95/><W31/><G31/><T126/><D94/><U72/><E72/><V41/><F113/><W79/><G66/><T59/><D106/><U134/><N who="1" m="51794" /><U37/><DORA hai="116" /><E37/><V93/><F115/><RYUUKYOKU ba="0,0" sc="250,-10,250,30,250,-10,250,-10" hai1="12,16,97,99" /><INIT seed="1,1,0,1,3,127" ten="240,280,240,240" oya="1" hai0="72,64,18,74,124,128,63,3,26,107,35,58,106" hai1="29,133,100,123,112,75,47,65,67,111,14,8,21" hai2="78,116,79,119,6,10,36,44,45,97,118,53,39" hai3="115,77,110,15,62,80,69,91,48,73,24,82,103"/><U16/><E112/><V132/><F132/><W32/><G115/><T5/><D124/><U59/><E123/><V70/><F70/><W20/><G110/><T46/><D74/><U51/><E75/><V49/><F97/><W43/><G103/><T134/><D72/><U93/><E133/><V56/><F56/><W54/><G32/><T11/><D134/><U52/><E111/><V37/><REACH who="2" step="1"/><F45/><REACH who="2" ten="240,280,230,240" step="2"/><W23/><G69/><T27/><D46/><U117/><E117/><V12/><AGARI ba="1,1" hai="6,10,12,36,37,39,44,49,53,78,79,116,118,119" machi="12" ten="40,12000,2" yaku="1,1,2,1,0,1,53,3" doraHai="127" doraHaiUra="114" who="2" fromWho="2" sc="240,-31,280,-61,230,133,240,-31" /><INIT seed="2,0,0,5,1,92" ten="209,219,363,209" oya="2" hai0="69,121,75,109,1,43,91,118,2,13,51,124,78" hai1="94,76,38,90,114,81,123,28,86,58,102,128,104" hai2="25,44,66,0,11,74,84,112,17,54,101,85,33" hai3="132,125,27,23,59,88,55,37,26,122,48,93,29"/><V36/><F74/><W106/><G122/><T117/><D121/><U100/><E38/><V135/><F101/><W113/><G125/><T133/><D124/><U116/><E123/><V34/><F34/><W129/><G132/><T130/><D69/><U77/><E114/><V30/><F66/><W61/><G37/><T40/><D133/><U82/><E28/><V53/><F135/><W87/><G129/><T89/><D130/><U65/><E128/><V20/><F112/><W56/><G113/><T14/><D51/><U73/><E116/><V57/><F36/><W9/><G106/><T67/><D67/><U16/><E16/><V21/><F44/><W126/><G126/><T45/><D45/><U99/><E65/><V31/><F31/><W68/><G68/><T5/><D78/><U47/><E58/><V83/><F83/><W52/><G9/><T42/><D75/><N who="1" m="43167" /><E47/><V24/><F33/><W120/><G120/><T95/><D40/><U46/><E46/><V111/><F53/><W10/><G10/><T39/><D39/><U105/><E102/><V18/><F0/><W6/><G27/><T70/><D70/><U60/><E60/><V7/><F24/><W115/><G115/><T32/><D32/><U49/><E49/><V63/><F25/><W96/><G6/><T50/><D5/><U35/><E35/><V72/><F7/><W8/><G8/><T108/><REACH who="0" step="1"/><D50/><REACH who="0" ten="199,219,363,209" step="2"/><U134/><E134/><V127/><F127/><W110/><G110/><T15/><D15/><U12/><E12/><V79/><F111/><W41/><G41/><T22/><D22/><RYUUKYOKU ba="0,1" sc="199,10,219,10,363,-30,209,10" hai0="1,2,13,14,42,43,89,91,95,108,109,117,118" hai1="73,77,82,86,90,94,99,100,104,105" hai3="23,26,29,48,52,55,56,59,61,87,88,93,96" /><INIT seed="3,1,1,1,2,120" ten="209,229,333,219" oya="3" hai0="106,98,35,39,111,22,18,34,103,84,16,11,91" hai1="32,5,107,72,90,130,77,75,99,82,96,54,1" hai2="51,88,135,21,117,8,100,101,62,0,36,61,58" hai3="125,53,25,69,102,14,134,93,133,73,94,127,81"/><W122/><G69/><T85/><D39/><U74/><E32/><V4/><F36/><W64/><G64/><T108/><D11/><U132/><E54/><V19/><F117/><W83/><G25/><T76/><D76/><U112/><E5/><V45/><F135/><N who="3" m="51723" /><G53/><T104/><D104/><U28/><E28/><V67/><F62/><W6/><G6/><T42/><D42/><U50/><E50/><V26/><REACH who="2" step="1"/><F88/><REACH who="2" ten="209,229,323,219" step="2"/><W70/><G122/><T105/><D91/><U78/><E132/><V3/><F3/><W46/><G125/><T79/><D98/><U97/><E1/><V92/><F92/><W116/><G127/><T63/><D63/><U87/><E112/><V47/><F47/><W40/><G116/><T13/><D79/><N who="1" m="30219" /><E130/><V71/><F71/><W57/><G70/><T114/><D114/><U80/><E80/><V86/><F86/><W89/><G81/><T113/><D113/><U31/><E31/><V110/><F110/><W48/><G83/><T27/><D108/><U109/><E109/><V65/><F65/><W33/><G46/><T55/><D111/><U95/><E107/><V56/><F56/><W123/><G57/><T131/><D106/><U59/><E59/><V49/><F49/><W29/><G48/><T121/><D105/><U124/><E124/><V60/><F60/><W2/><G2/><T41/><D131/><U118/><E118/><V38/><F38/><W7/><G29/><T68/><D68/><U17/><E82/><V9/><F9/><W66/><G66/><T12/><D121/><U52/><E52/><AGARI ba="1,2" hai="0,4,8,19,21,26,45,51,52,58,61,67,100,101" machi="52" ten="30,3900,0" yaku="1,1,7,1,54,1,53,0" doraHai="120" doraHaiUra="119" who="2" fromWho="1" sc="209,0,229,-42,323,62,219,0" /><INIT seed="4,0,0,1,2,86" ten="209,187,385,219" oya="0" hai0="132,44,50,20,123,30,89,98,53,113,6,105,128" hai1="126,75,119,115,103,5,37,60,116,13,14,129,82" hai2="70,92,69,23,94,120,17,51,57,3,33,87,76" hai3="11,10,8,32,22,63,134,4,38,48,72,77,95"/><T117/><D123/><U49/><E37/><V25/><F33/><W100/><G32/><T43/><D117/><U47/><E126/><V9/><F69/><W62/><G38/><T54/><D113/><U102/><E129/><V2/><F70/><W101/><G4/><T85/><D128/><U73/><E60/><V104/><F104/><W66/><G134/><T56/><D132/><U107/><E49/><V21/><F2/><W124/><G124/><T74/><D74/><U68/><E68/><V41/><F3/><W97/><G77/><T64/><D6/><U28/><E47/><V29/><F9/><W96/><G72/><T26/><D98/><U91/><E82/><V133/><F41/><W118/><G66/><T110/><D105/><U45/><E5/><V99/><F99/><W46/><G22/><T108/><D64/><U114/><E45/><V109/><F109/><N who="0" m="42090" /><D56/><U84/><E84/><V65/><F65/><W81/><G118/><T61/><D61/><U79/><E107/><V39/><F120/><W52/><REACH who="3" step="1"/><G81/><AGARI ba="0,0" hai="20,26,30,43,44,50,53,54,81,85,89" m="42090" machi="81" ten="30,2900,0" yaku="10,1,52,1" doraHai="86" who="0" fromWho="3" sc="209,29,187,0,385,0,219,-29" /><INIT seed="4,1,0,0,2,60" ten="238,187,385,190" oya="0" hai0="12,99,66,54,53,59,45,101,74,82,69,130,110" hai1="76,7,111,28,119,129,11,120,70,62,92,80,79" hai2="105,106,43,84,3,6,61,81,44,30,67,117,58" hai3="134,132,98,18,13,127,96,10,40,24,86,75,56"/><T113/><D113/><U35/><E129/><V2/><F117/><W122/><G75/><T42/><D130/><U16/><E120/><V97/><F30/><W133/><G122/><T125/><D125/><U48/><E111/><V71/><F71/><W93/><G127/><T20/><D110/><U78/><E119/><V107/><F97/><W77/><G40/><T8/><D69/><U68/><E68/><V49/><REACH who="2" step="1"/><F6/><REACH who="2" ten="238,187,375,190" step="2"/><W27/><G98/><T123/><D99/><U0/><E28/><V83/><F83/><N who="3" m="47471" /><G56/><T22/><D82/><U88/><E35/><V50/><F50/><W46/><G46/><T126/><D59/><U1/><E48/><V115/><F115/><W34/><G34/><T4/><D45/><U36/><E36/><V100/><F100/><AGARI ba="1,1" hai="10,13,18,24,27,93,96,100,132,133,134" m="47471" machi="100" ten="30,1000,0" yaku="20,1" doraHai="60" who="3" fromWho="2" sc="238,0,187,0,375,-13,190,23" /><INIT seed="5,0,0,5,1,16" ten="238,187,362,213" oya="1" hai0="13,104,91,94,39,105,11,133,28,122,79,123,31" hai1="19,135,52,76,120,108,111,107,96,42,68,14,82" hai2="2,6,118,26,80,60,21,37,3,17,47,77,63" hai3="64,27,43,41,49,88,69,32,115,65,1,40,124"/><U22/><E68/><V55/><F118/><W130/><G1/><T67/><D39/><U72/><E120/><N who="0" m="46121" /><D67/><U48/><E42/><V51/><F37/><W58/><G115/><T87/><D79/><U62/><E62/><V57/><F6/><W10/><G10/><T86/><D86/><U114/><E114/><V97/><F97/><W84/><G124/><T35/><D133/><U56/><REACH who="1" step="1"/><E135/><REACH who="1" ten="238,177,362,213" step="2"/><V8/><F63/><W54/><G69/><T113/><D113/><U121/><E121/><V66/><F8/><W78/><G41/><T100/><D35/><U129/><E129/><V93/><F93/><W116/><G130/><T126/><D126/><U34/><E34/><V75/><AGARI ba="0,1" hai="2,3,17,21,26,47,51,55,57,60,66,75,77,80" machi="75" ten="20,2700,0" yaku="0,1,7,1,52,1" doraHai="16" who="2" fromWho="2" sc="238,-7,177,-13,362,37,213,-7" /><INIT seed="6,0,0,4,5,71" ten="231,164,399,206" oya="2" hai0="85,28,9,29,100,60,130,83,34,65,90,113,47" hai1="41,27,87,32,59,7,13,20,112,80,49,58,126" hai2="94,51,119,35,122,21,84,4,45,121,63,3,67" hai3="104,12,0,33,61,92,101,117,37,93,42,116,15"/><V131/><F35/><W53/><G0/><T108/><D108/><U39/><E112/><V14/><F119/><W98/><G33/><T72/><D34/><U44/><E126/><V18/><F131/><W62/><G104/><T114/><D130/><U96/><E96/><V25/><F3/><W57/><G62/><T76/><D100/><U31/><E49/><V55/><F4/><W102/><G102/><T69/><D9/><U64/><E64/><V8/><F8/><W68/><G68/><T26/><D47/><U11/><REACH who="1" step="1"/><E32/><REACH who="1" ten="231,154,399,206" step="2"/><V52/><F67/><N who="3" m="39343" /><G98/><T89/><D114/><U103/><E103/><V82/><F51/><W118/><G101/><T40/><D113/><U79/><AGARI ba="0,1" hai="7,11,13,20,27,31,39,41,44,58,59,79,80,87" machi="79" ten="20,5200,0" yaku="1,1,0,1,7,1,52,1,53,0" doraHai="71" doraHaiUra="46" who="1" fromWho="1" sc="231,-13,154,62,399,-26,206,-13" /><INIT seed="7,0,0,5,5,18" ten="218,216,373,193" oya="3" hai0="85,20,30,107,33,89,131,90,67,58,55,19,119" hai1="40,132,112,63,31,4,79,39,111,16,123,25,129" hai2="102,45,23,104,109,124,125,1,86,8,61,105,65" hai3="27,130,83,135,3,56,12,44,72,88,99,60,7"/><W15/><G135/><T57/><D107/><U9/><E123/><V78/><F109/><W42/><G130/><T59/><D119/><U62/><E111/><V52/><F102/><W34/><G34/><T115/><D131/><U0/><E129/><V73/><F73/><W5/><G27/><N who="0" m="16743" /><D33/><N who="1" m="20719" /><E112/><V54/><F23/><W71/><G71/><T68/><D115/><U91/><E91/><N who="0" m="34825" /><D68/><U116/><E116/><V81/><F8/><N who="3" m="2111" /><G7/><T98/><D98/><U46/><E132/><V97/><F1/><W100/><G100/><T92/><D67/><U26/><E26/><V133/><F133/><W108/><G108/><T127/><D127/><U110/><E110/><V41/><F65/><N who="3" m="39047" /><G88/><N who="0" m="53263" /><D19/><U28/><E28/><V96/><F124/><W66/><G66/><T48/><AGARI ba="0,0" hai="48,55,57,58,59" m="53263,34825,16743" machi="48" ten="30,4000,0" yaku="8,1,52,1,54,1" doraHai="18" who="0" fromWho="0" sc="218,40,216,-10,373,-10,193,-20" owari="258,6.0,206,-19.0,363,46.0,173,-33.0" /></mjloggm>