<mjloggm ver="2.3"><GO type="41"/><UN n0="%E3%83%92%E3%82%A2%E3%83%AB%E3%83%AD%E3%83%B3%E9%85%B8%E9%85%8D%E5%90%88" n1="%61%6B%69%74%6F%37%31%36" n2="%E3%82%A6%E3%83%AB%E3%83%88%E3%83%A9%E7%AB%8B%E7%9B%B4" n3="%6F%74%6F%72%68%69%6E%6F" dan="13,15,15,14" rate="1823,1956,1971,1895" sx="M,M,M,M"/><TAIKYOKU oya="0"/><INIT seed="0,0,0,0,0,52" ten="250,250,250,250" oya="0" hai0="41,104,8,20,1,118,90,62,81,55,45,117,109" hai1="101,36,96,80,110,76,128,33,113,38,5,47,119" hai2="130,63,70,131,112,64,82,74,29,85,19,120,56" hai3="30,23,92,14,10,87,116,28,97,125,11,132,100"/><T107/><D104/><U108/><E119/><V51/><F74/><W105/><G116/><T49/><D107/><N who="1" m="63911" /><E113/><V83/><F83/><W37/><G37/><T25/><D1/><U39/><E128/><V99/><F112/><W134/><G125/><T89/><D89/><U127/><E127/><V57/><F29/><W77/><G23/><T17/><D8/><U31/><E5/><V59/><F120/><W4/><G11/><T6/><D6/><U24/><E47/><V72/><F72/><AGARI ba="0,0" hai="24,31,33,36,38,39,72,76,80,108,110" m="63911" machi="72" ten="30,1000,0" yaku="23,1" doraHai="52" who="1" fromWho="2" sc="250,0,250,10,250,-10,250,0" /><INIT seed="1,0,0,5,5,128" ten="250,260,240,250" oya="1" hai0="10,116,53,48,93,84,23,70,24,49,67,17,73" hai1="60,97,86,121,134,61,83,12,122,2,115,8,7" hai2="4,120,68,125,45,65,35,44,100,89,114,106,85" hai3="76,16,92,55,90,101,34,59,107,112,117,3,56"/><U36/><E36/><V26/><F45/><W99/><G112/><T25/><D73/><U87/><E115/><V69/><F69/><W78/><G3/><T105/><D105/><U77/><E134/><V74/><F89/><W82/><G34/><T41/><D67/><U50/><E2/><V42/><F85/><W64/><G117/><T0/><D70/><U130/><E130/><V51/><F51/><W21/><G64/><T63/><D63/><U98/><E121/><V132/><F4/><W57/><G55/><T119/><D10/><U111/><E122/><V66/><F66/><W135/><G135/><T126/><D0/><U20/><E20/><V124/><F132/><W11/><G11/><T54/><D41/><U27/><E27/><V109/><F120/><W29/><G29/><T1/><D1/><U71/><E71/><V81/><F114/><W19/><G21/><T88/><D25/><U102/><E87/><V40/><F40/><W22/><G22/><T72/><D72/><U104/><E111/><V38/><F109/><W110/><G110/><T13/><D24/><U31/><E31/><V75/><F81/><W46/><G46/><T131/><D131/><U9/><E9/><V18/><F18/><W47/><G47/><T33/><D33/><U14/><E14/><V127/><F65/><W94/><G94/><T39/><D39/><U79/><E79/><V118/><F68/><W62/><G62/><T52/><D116/><U113/><E113/><V28/><F118/><W103/><G103/><T37/><D119/><U32/><E32/><V129/><F129/><RYUUKYOKU ba="0,0" sc="250,-10,260,-10,240,30,250,-10" hai2="26,28,35,38,42,44,74,75,100,106,124,125,127" /><INIT seed="2,1,0,2,2,24" ten="240,250,270,240" oya="2" hai0="82,133,58,18,122,12,120,94,15,42,5,44,134" hai1="36,39,92,112,75,54,103,3,127,59,99,70,110" hai2="119,84,45,51,71,111,83,4,49,33,66,106,124" hai3="74,102,34,115,135,76,91,67,28,64,21,32,37"/><V100/><F49/><W11/><G37/><T38/><D94/><U117/><E75/><V104/><F119/><W25/><G135/><T81/><D58/><U63/><E112/><V88/><F124/><W41/><G41/><T113/><D113/><U68/><E117/><V125/><F125/><W29/><G115/><T60/><D60/><U57/><E127/><V130/><F130/><W26/><G102/><T27/><D82/><U95/><E3/><V47/><F47/><W85/><G21/><T89/><D89/><U7/><E7/><V114/><F114/><W53/><G74/><T35/><D81/><U43/><E110/><V10/><F111/><W13/><G76/><T97/><D97/><U123/><E123/><V56/><F71/><W17/><G53/><T96/><D96/><U61/><E43/><V62/><F33/><W90/><G90/><T69/><D69/><U132/><E132/><V31/><F100/><W98/><G98/><T131/><D131/><U108/><E108/><V116/><F116/><W77/><G77/><T73/><D73/><U6/><E6/><V1/><REACH who="2" step="1"/><F31/><REACH who="2" ten="240,250,260,240" step="2"/><W101/><REACH who="3" step="1"/><G101/><REACH who="3" ten="240,250,260,230" step="2"/><T107/><D134/><U0/><E103/><V126/><F126/><W87/><G87/><T22/><D133/><U46/><E99/><V129/><F129/><W50/><G50/><T109/><D109/><U8/><E39/><V48/><F48/><W121/><G121/><T52/><D38/><U79/><E36/><V78/><F78/><W80/><AGARI ba="1,2" hai="11,13,17,25,26,28,29,32,34,64,67,80,85,91" machi="80" ten="20,12000,2" yaku="1,1,0,1,7,1,9,1,52,2,53,0" doraHai="24" doraHaiUra="55" who="3" fromWho="3" sc="240,-31,250,-31,260,-61,230,143" /><INIT seed="3,0,0,0,5,3" ten="209,219,199,373" oya="3" hai0="110,132,135,13,88,115,42,99,87,9,91,19,24" hai1="64,68,17,129,111,126,44,28,93,7,22,116,6" hai2="102,25,2,11,10,81,89,16,79,86,38,59,101" hai3="104,32,62,71,31,61,43,108,74,121,56,105,83"/><W103/><G121/><T69/><D69/><U70/><E28/><V0/><F38/><W20/><G43/><T5/><D115/><U120/><E120/><V73/><F2/><W53/><G108/><T21/><D110/><U51/><E111/><V46/><F46/><W113/><G113/><T124/><D124/><U128/><E93/><V78/><F11/><W48/><G32/><T26/><D42/><U49/><E126/><V82/><F89/><W40/><G40/><T72/><D72/><U67/><E116/><V127/><F127/><W125/><G125/><T41/><D41/><U36/><E44/><V112/><F112/><W114/><G114/><T47/><D47/><U95/><E95/><V65/><F65/><W35/><G20/><T90/><D99/><U75/><E75/><V54/><F0/><W107/><G61/><T45/><D45/><U76/><E76/><V34/><F34/><W57/><G74/><T84/><REACH who="0" step="1"/><D26/><REACH who="0" ten="199,219,199,373" step="2"/><N who="1" m="14671" /><E36/><V109/><F109/><W27/><G71/><T18/><D18/><U39/><E39/><V1/><F1/><W94/><G107/><T85/><AGARI ba="0,1" hai="5,9,13,19,21,24,84,85,87,88,90,91,132,135" machi="85" ten="40,8000,1" yaku="1,1,0,1,52,1,54,1,53,1" doraHai="3" doraHaiUra="15" who="0" fromWho="0" sc="199,90,219,-20,199,-20,373,-40" /><INIT seed="4,0,0,1,2,100" ten="289,199,179,333" oya="0" hai0="67,32,71,120,42,105,64,131,62,28,76,109,99" hai1="39,31,35,86,11,134,94,90,127,6,111,45,61" hai2="114,7,2,58,69,102,119,66,130,20,63,95,75" hai3="101,92,133,81,80,128,22,115,56,17,57,83,68"/><T122/><D67/><U60/><E111/><V65/><F119/><W91/><G115/><T73/><D109/><U77/><E35/><V1/><F75/><W103/><G68/><T30/><D30/><U26/><E77/><V18/><F114/><W85/><G128/><T21/><D21/><U89/><E134/><V53/><F130/><W132/><G103/><N who="0" m="62719" /><D42/><U107/><E107/><V113/><F113/><W125/><G125/><T72/><D131/><U55/><E127/><V54/><F2/><W27/><REACH who="3" step="1"/><G101/><REACH who="3" ten="289,199,179,323" step="2"/><T5/><D5/><U70/><E70/><V14/><F69/><W126/><G126/><T10/><D10/><U51/><E39/><V33/><F7/><W116/><G116/><T41/><D41/><U78/><E78/><V13/><F102/><W93/><G93/><T49/><D49/><U19/><E89/><V47/><F95/><W8/><G8/><T110/><D110/><U48/><E51/><V104/><F104/><W123/><G123/><N who="0" m="47147" /><D76/><U3/><E48/><V50/><F33/><W135/><AGARI ba="0,1" hai="17,22,27,56,57,80,81,83,85,91,92,132,133,135" machi="135" ten="40,5200,0" yaku="1,1,0,1,20,1,53,0" doraHai="100" doraHaiUra="36" who="3" fromWho="3" sc="289,-26,199,-13,179,-13,323,62" /><INIT seed="5,0,0,5,0,15" ten="263,186,166,385" oya="1" hai0="20,86,38,98,58,29,77,24,81,52,16,78,69" hai1="4,92,17,105,73,72,48,129,104,119,61,132,35" hai2="34,67,47,1,51,108,125,65,68,95,56,93,11" hai3="88,25,14,5,96,28,135,87,26,127,84,6,3"/><U114/><E35/><V53/><F34/><W9/><G127/><T33/><D69/><U43/><E4/><V49/><F108/><W57/><G135/><T107/><D38/><U99/><E61/><V106/><F106/><N who="1" m="41065" /><E48/><V101/><F125/><W71/><G71/><T55/><D55/><U85/><E43/><V83/><F68/><W82/><G96/><T8/><D8/><U46/><E46/><V70/><F70/><W122/><G122/><T44/><D44/><U21/><E21/><V18/><F95/><W130/><G130/><T115/><D107/><U90/><E17/><V131/><F83/><W31/><G3/><T89/><D98/><U42/><E42/><V134/><F131/><W2/><G2/><T120/><D120/><U79/><E129/><V66/><F1/><W62/><G5/><T118/><D118/><U60/><E60/><V133/><F133/><W23/><G84/><T63/><REACH who="0" step="1"/><D115/><REACH who="0" ten="253,186,166,385" step="2"/><U91/><E119/><V0/><F134/><W97/><G97/><T12/><AGARI ba="0,1" hai="12,16,20,24,29,33,52,58,63,77,78,81,86,89" machi="12" ten="20,12000,2" yaku="1,1,2,1,0,1,7,1,52,1,54,2,53,0" doraHai="15" doraHaiUra="102" who="0" fromWho="0" sc="253,130,186,-60,166,-30,385,-30" /><INIT seed="6,0,0,0,4,116" ten="383,126,136,355" oya="2" hai0="12,18,0,42,17,81,44,71,129,130,86,65,110" hai1="34,52,100,119,22,112,69,9,55,32,103,101,51" hai2="23,121,73,124,11,40,82,109,135,26,2,20,54" hai3="131,60,29,36,67,120,75,70,38,102,106,125,19"/><V37/><F23/><W45/><G19/><T77/><D0/><U66/><E119/><V95/><F109/><W48/><G48/><T21/><D110/><U134/><E112/><V87/><F54/><W43/><G125/><T76/><D18/><U98/><E134/><V113/><F124/><W97/><G131/><N who="0" m="50187" /><D65/><U49/><E9/><V122/><F135/><W107/><G29/><T13/><D71/><U16/><E98/><V1/><F113/><W104/><G75/><T85/><D85/><U64/><E69/><V96/><F87/><W93/><G36/><T8/><D13/><U92/><E92/><V27/><F2/><W80/><REACH who="3" step="1"/><G80/><REACH who="3" ten="383,126,136,345" step="2"/><T25/><D25/><N who="1" m="14535" /><E32/><V74/><F74/><W24/><G24/><T28/><D28/><U89/><E34/><V123/><F26/><W59/><G59/><T118/><D118/><U127/><E127/><V7/><F27/><W72/><G72/><T31/><D31/><U47/><E89/><V58/><F58/><AGARI ba="0,1" hai="47,49,51,52,55,58,64,66,100,101,103" m="14535" machi="58" ten="30,3900,0" yaku="8,1,54,2" doraHai="116" who="1" fromWho="2" sc="383,0,126,49,136,-39,345,0" /><INIT seed="7,0,0,5,0,133" ten="383,175,97,345" oya="3" hai0="47,18,90,122,39,96,95,110,108,134,63,2,50" hai1="109,80,33,27,135,13,23,130,3,104,66,69,35" hai2="97,15,42,70,44,46,29,100,40,20,125,72,94" hai3="56,58,107,62,91,9,49,112,51,5,7,43,83"/><W102/><G112/><T45/><D134/><U118/><E66/><V52/><F70/><W21/><G107/><T124/><D122/><U121/><E80/><V103/><F72/><W76/><G102/><T87/><D2/><U71/><E13/><V31/><F103/><W28/><G9/><T8/><D39/><U92/><E92/><V73/><F73/><W127/><G127/><T114/><D124/><U113/><E23/><V86/><F86/><N who="3" m="50655" /><G76/><T85/><D47/><U10/><E10/><V120/><F120/><W30/><G43/><T99/><D114/><U77/><E27/><V41/><F125/><W61/><G21/><T19/><D108/><U4/><E77/><V65/><F65/><W11/><G11/><T59/><D110/><U22/><E22/><V54/><F15/><W81/><G81/><T132/><D132/><U25/><E25/><V126/><F126/><W48/><G30/><T131/><D131/><U105/><E135/><V78/><F78/><W88/><G28/><T34/><D34/><U17/><E113/><V26/><REACH who="2" step="1"/><F31/><REACH who="2" ten="383,175,87,345" step="2"/><W1/><G1/><T79/><D79/><U24/><E3/><V6/><F6/><W64/><G7/><T101/><D8/><U82/><E4/><V55/><AGARI ba="0,1" hai="20,26,29,40,41,42,44,46,52,54,55,94,97,100" machi="55" ten="30,12000,2" yaku="1,1,0,1,8,1,54,1,53,3" doraHai="133" doraHaiUra="36" who="2" fromWho="2" sc="383,-30,175,-30,87,130,345,-60" owari="353,44.0,145,-35.0,217,-18.0,285,9.0" /></mjloggm>