<mjloggm ver="2.3"><GO type="169"/><UN n0="%E3%82%B1%E3%82%BA" n1="%E5%94%90%E6%8F%9A%E5%A4%A7%E5%A5%BD%E3%81%8D" n2="%4B%E3%80%82" n3="%EF%BC%88%E2%89%A7%E2%96%BD%E2%89%A6%EF%BC%89" dan="16,17,16,18" rate="2103,2197,2069,2200" sx="M,M,M,M"/><TAIKYOKU oya="0"/><INIT seed="0,0,0,2,4,42" ten="250,250,250,250" oya="0" hai0="106,63,98,109,73,75,66,51,116,99,11,65,87" hai1="35,115,89,97,59,101,129,113,3,132,83,13,78" hai2="58,8,90,18,135,34,120,15,2,72,71,10,53" hai3="93,125,7,92,50,49,29,57,45,104,4,121,111"/><T60/><D116/><U91/><E3/><V123/><F72/><W27/><G104/><T102/><D11/><U46/><E35/><V26/><F71/><W41/><G121/><T114/><D114/><N who="1" m="43531" /><E46/><V21/><F135/><W44/><G111/><T74/><D109/><U68/><E68/><V95/><F34/><W48/><G125/><T130/><D130/><U14/><E59/><V84/><F2/><W126/><G126/><T119/><D119/><U67/><E67/><V70/><F70/><W52/><G29/><T122/><D122/><U86/><E132/><V128/><F128/><W12/><G27/><T105/><D51/><U64/><E64/><V1/><F1/><W77/><G77/><T117/><D117/><U82/><E129/><V110/><F110/><W37/><G37/><T133/><D133/><U40/><E40/><V25/><F25/><W124/><G124/><T43/><D43/><U94/><E91/><V47/><F10/><N who="3" m="4167" /><G7/><T9/><D9/><U17/><E17/><V108/><F108/><W54/><AGARI ba="0,0" hai="41,44,45,48,49,50,52,54,57,92,93" m="4167" machi="54" ten="30,7900,0" yaku="8,1,52,2,54,1" doraHai="42" who="3" fromWho="3" sc="250,-39,250,-20,250,-20,250,79" /><INIT seed="1,0,0,4,3,35" ten="211,230,230,329" oya="1" hai0="125,51,8,128,74,106,127,57,78,79,7,22,5" hai1="43,113,91,80,101,56,54,0,27,21,6,63,61" hai2="115,41,58,18,119,23,112,118,71,122,126,92,24" hai3="65,42,16,108,59,88,20,9,2,46,124,95,17"/><U73/><E113/><N who="2" m="43595" /><F71/><W99/><G124/><N who="0" m="47691" /><D106/><U96/><E43/><V133/><F126/><W103/><G108/><T85/><D128/><U55/><E73/><V15/><F41/><W129/><G129/><T120/><D120/><U12/><E101/><V131/><F131/><W110/><G110/><T48/><D22/><U109/><E109/><V77/><F77/><W83/><G2/><T114/><D114/><U30/><E0/><V60/><F122/><W53/><G65/><T107/><D107/><U69/><E69/><V32/><F133/><W134/><G134/><T76/><D85/><N who="1" m="50599" /><E96/><V62/><F92/><W40/><G83/><T29/><D29/><U89/><E89/><V87/><F87/><W26/><G103/><T36/><D36/><U111/><E111/><V19/><F60/><N who="1" m="23113" /><E56/><V82/><F82/><W81/><G81/><T90/><D90/><U116/><E116/><V38/><F38/><W10/><G46/><T1/><D74/><U102/><E102/><V97/><F97/><W33/><G33/><T4/><D57/><U104/><E104/><V67/><F32/><W39/><G39/><T123/><D123/><U25/><E25/><V135/><F135/><W13/><G9/><AGARI ba="0,0" hai="6,9,12,21,27,30,54,55" m="23113,50599" machi="9" ten="30,1500,0" yaku="8,1" doraHai="35" who="1" fromWho="3" sc="211,0,230,15,230,0,329,-15" /><AGARI ba="0,0" hai="9,15,18,19,23,24,58,62,67,118,119" m="43595" machi="9" ten="30,1000,0" yaku="11,1" doraHai="35" who="2" fromWho="3" sc="211,0,245,0,230,10,314,-10" /><INIT seed="1,1,0,3,4,16" ten="211,245,240,304" oya="1" hai0="40,47,72,65,55,20,114,54,9,23,99,126,135" hai1="53,71,109,26,108,123,119,128,69,98,32,94,1" hai2="96,0,17,103,68,80,88,129,86,12,36,35,34" hai3="18,87,64,11,3,81,37,58,41,46,27,74,62"/><U25/><E1/><V82/><F0/><W90/><G74/><T132/><D72/><U31/><E123/><V95/><F68/><W39/><G3/><T28/><D28/><U45/><E119/><V122/><F122/><W117/><G117/><T21/><D114/><U61/><E128/><V19/><F36/><W111/><G111/><N who="1" m="42570" /><E25/><V89/><F129/><W97/><G97/><T79/><D79/><U130/><E130/><V10/><REACH who="2" step="1"/><F17/><REACH who="2" ten="211,245,230,304" step="2"/><W33/><G39/><N who="0" m="21919" /><D126/><U133/><E133/><N who="0" m="51273" /><D65/><U59/><E45/><V125/><F125/><W84/><G46/><T121/><D121/><U49/><E61/><V110/><F110/><W131/><G62/><T118/><D118/><U75/><E75/><V92/><F92/><W7/><G131/><T66/><D66/><U60/><E60/><V115/><F115/><W44/><G64/><T102/><D9/><U42/><E42/><V134/><F134/><W77/><G11/><T104/><AGARI ba="1,1" hai="20,21,23,54,55,99,102,104" m="51273,21919" machi="104" ten="30,7900,0" yaku="20,1,52,3" doraHai="16" who="0" fromWho="0" sc="211,92,245,-40,230,-21,304,-21" /><INIT seed="2,0,0,5,5,126" ten="303,205,209,283" oya="2" hai0="66,8,47,10,119,115,15,5,45,36,95,83,22" hai1="101,33,59,92,20,40,77,71,9,30,78,133,65" hai2="114,110,7,32,23,90,54,39,128,112,58,93,35" hai3="21,31,94,48,105,38,42,80,122,89,87,64,3"/><V117/><F117/><W99/><G122/><T17/><D115/><U82/><E71/><V62/><F39/><W67/><G3/><T51/><D119/><U124/><E33/><V13/><F128/><W34/><G34/><T50/><D66/><U91/><E124/><V0/><F0/><W84/><G38/><T53/><D36/><U103/><E133/><V113/><F110/><W11/><G105/><T12/><D95/><U98/><E40/><V69/><F69/><W107/><G107/><T24/><D83/><U27/><E9/><V106/><F106/><W111/><G11/><T6/><D51/><U100/><REACH who="1" step="1"/><E82/><REACH who="1" ten="303,195,209,283" step="2"/><V72/><F114/><W81/><G81/><T127/><D127/><U68/><E68/><V19/><F113/><W2/><G80/><T41/><D47/><U56/><E56/><V18/><F112/><W118/><G42/><AGARI ba="0,1" hai="5,6,8,10,12,15,17,22,24,41,42,45,50,53" machi="42" ten="40,2600,0" yaku="9,1,8,1" doraHai="126" who="0" fromWho="3" sc="303,36,195,0,209,0,283,-26" /><INIT seed="3,0,0,5,0,39" ten="339,195,209,257" oya="3" hai0="111,49,81,46,62,35,16,83,135,65,32,124,70" hai1="122,54,71,94,75,48,73,3,133,85,15,55,58" hai2="118,101,56,93,14,96,26,68,33,95,112,41,61" hai3="17,21,13,25,126,38,9,40,60,102,82,76,51"/><W115/><G115/><T92/><D111/><U36/><E36/><V129/><F112/><W18/><G126/><T132/><D124/><U4/><E3/><V134/><F118/><W78/><G38/><T20/><D92/><U110/><E122/><V30/><F134/><N who="0" m="51242" /><D83/><U5/><E110/><V91/><F129/><W28/><G102/><T107/><D81/><U128/><E71/><V123/><F123/><W109/><G109/><T77/><D107/><U59/><E128/><V27/><F68/><W44/><G60/><T98/><D98/><U47/><E133/><V34/><F14/><W31/><REACH who="3" step="1"/><G76/><REACH who="3" ten="339,195,209,247" step="2"/><T63/><D77/><U10/><E73/><AGARI ba="0,1" hai="9,13,17,18,21,25,28,31,40,44,51,73,78,82" machi="73" ten="30,12000,1" yaku="1,1,2,1,7,1,52,1,53,1" doraHai="39" doraHaiUra="104" who="3" fromWho="1" sc="339,0,195,-120,209,0,247,130" /><INIT seed="3,1,0,4,3,48" ten="339,75,209,377" oya="3" hai0="36,39,18,4,8,96,115,69,11,22,122,70,7" hai1="86,47,92,132,23,25,65,124,72,35,17,108,105" hai2="21,116,46,33,62,27,87,131,15,67,103,98,13" hai3="97,66,55,9,56,127,54,89,19,14,26,104,24"/><W119/><G119/><T90/><D122/><U83/><E105/><V94/><F116/><W30/><G127/><T125/><D125/><U40/><E124/><V10/><F131/><W133/><G133/><T85/><D96/><U44/><E132/><V107/><F46/><W130/><G130/><T100/><D100/><U74/><E108/><V5/><F15/><W82/><G104/><T99/><D99/><U93/><E35/><V117/><F117/><W57/><G66/><T37/><D115/><U109/><E65/><V6/><F6/><W106/><G106/><T53/><D8/><U128/><E109/><V49/><F49/><N who="3" m="30799" /><G30/><T63/><D7/><U12/><E128/><V114/><F114/><W32/><G32/><T91/><D91/><U88/><E72/><V31/><F87/><N who="3" m="50423" /><G97/><T110/><D110/><U77/><E93/><V38/><F38/><W113/><G113/><T29/><D29/><U120/><E120/><V75/><F75/><W73/><G73/><T60/><D69/><U68/><E68/><V134/><F134/><W102/><G102/><T79/><D70/><U51/><REACH who="1" step="1"/><E44/><REACH who="1" ten="339,65,209,377" step="2"/><V52/><F107/><W59/><G59/><T76/><D76/><U16/><E16/><V28/><F28/><W111/><G111/><T43/><D18/><U34/><E34/><V61/><F33/><W135/><G135/><T58/><D79/><U95/><E95/><V3/><F67/><W81/><G81/><T1/><D58/><U101/><E101/><V78/><F78/><W84/><G84/><T50/><D85/><U20/><E20/><V121/><F121/><RYUUKYOKU ba="1,1" sc="339,-15,65,15,209,-15,377,15" hai1="12,17,23,25,40,47,51,74,77,83,86,88,92" hai3="9,14,19,24,26,55,57" /><INIT seed="3,2,1,0,2,93" ten="324,80,194,392" oya="3" hai0="55,100,24,47,83,40,89,43,77,2,56,101,59" hai1="75,60,74,31,110,41,118,121,82,33,54,84,20" hai2="4,21,63,131,16,96,129,25,70,14,106,81,15" hai3="133,44,8,10,30,91,11,18,99,68,114,90,98"/><W6/><G68/><T13/><D2/><U76/><E121/><V17/><F81/><W117/><G117/><T87/><D24/><U9/><E118/><V62/><F4/><W123/><G123/><T107/><D107/><U109/><E33/><V46/><F46/><W66/><G114/><T105/><D105/><U128/><E41/><V120/><F120/><W39/><G133/><T32/><D32/><U135/><E135/><V3/><F3/><W37/><G6/><T95/><D13/><U111/><E128/><N who="2" m="49227" /><F70/><W73/><G73/><T7/><D7/><U71/><E9/><N who="2" m="6223" /><F25/><W92/><G66/><T64/><D64/><N who="1" m="41351" /><E54/><V1/><F1/><W34/><G44/><T78/><D78/><U102/><E102/><AGARI ba="2,1" hai="15,17,21,62,63,96,102,106" m="6223,49227" machi="102" ten="30,3900,0" yaku="19,1,52,1,54,1" doraHai="93" who="2" fromWho="1" sc="324,0,80,-45,194,55,392,0" /><INIT seed="4,0,0,3,1,48" ten="324,35,249,392" oya="0" hai0="69,58,10,20,109,18,76,68,35,123,100,98,118" hai1="108,40,92,16,26,55,59,56,82,23,37,105,38" hai2="89,83,116,21,39,8,45,47,50,121,7,3,117" hai3="1,112,124,115,29,71,99,33,9,125,85,64,12"/><T97/><D35/><U41/><E105/><V70/><F121/><W90/><G99/><T104/><D123/><U87/><E108/><V91/><F70/><W131/><G1/><T74/><D118/><U135/><E135/><V111/><F111/><W101/><G101/><T96/><D10/><U133/><E133/><V120/><F120/><W66/><G131/><T94/><D98/><U46/><E92/><V95/><F39/><W113/><G29/><T81/><D109/><U25/><E25/><V128/><F128/><W102/><G33/><T77/><D77/><U132/><E132/><V14/><F83/><N who="3" m="49471" /><G102/><T5/><D5/><U6/><E6/><V67/><F67/><N who="3" m="25643" /><G71/><T17/><D58/><U126/><E126/><V27/><F3/><W73/><G73/><T42/><D42/><U15/><E26/><V65/><F65/><W72/><G72/><T32/><D32/><U0/><E0/><V134/><F134/><W110/><G110/><T127/><D127/><U119/><E119/><V122/><F122/><W130/><G130/><T28/><D28/><U30/><E30/><N who="2" m="17775" /><F117/><W53/><G53/><T129/><D129/><U22/><E22/><V63/><F116/><W75/><G75/><T4/><D4/><AGARI ba="0,0" hai="4,9,12,112,113,115,124,125" m="25643,49471" machi="4" ten="40,1300,0" yaku="15,1" doraHai="48" who="3" fromWho="0" sc="324,-13,35,0,249,0,392,13" /><INIT seed="5,0,0,2,2,119" ten="311,35,249,405" oya="1" hai0="13,42,35,98,76,52,86,125,88,25,53,45,97" hai1="33,93,17,28,82,133,46,62,111,55,59,15,105" hai2="121,85,87,83,103,112,78,123,94,120,80,31,38" hai3="6,61,127,68,89,122,81,65,63,22,4,75,2"/><U130/><E105/><V58/><F38/><W72/><G2/><T106/><D125/><U67/><E133/><V100/><F31/><W84/><G127/><T118/><D118/><U132/><E132/><V47/><F47/><W21/><G122/><T48/><D35/><U109/><E130/><V129/><F58/><N who="3" m="37047" /><G72/><T113/><D113/><U16/><E82/><V115/><F129/><W10/><G68/><T95/><D106/><U124/><E124/><V29/><F29/><W5/><G75/><T36/><D25/><N who="1" m="18575" /><E93/><V64/><F64/><W56/><G10/><T39/><D39/><U110/><E15/><V114/><F94/><W79/><G79/><AGARI ba="0,0" hai="78,79,80,83,85,87,100,103,112,114,115,120,121,123" machi="79" ten="50,16000,3" yaku="9,1,15,1,11,1,34,3,52,3" doraHai="119" who="2" fromWho="3" sc="311,0,35,0,249,160,405,-160" /><INIT seed="6,0,0,0,3,37" ten="311,35,409,245" oya="2" hai0="107,90,15,36,49,82,106,60,89,111,109,102,72" hai1="123,52,80,51,133,88,22,81,130,0,40,19,5" hai2="70,103,13,84,4,53,93,34,87,39,75,32,131" hai3="101,33,120,2,77,121,124,78,42,99,54,35,50"/><V16/><F75/><W115/><G2/><T105/><D36/><U21/><E123/><V3/><F70/><W41/><G124/><T64/><D15/><U46/><E133/><V98/><F131/><W85/><G115/><T96/><D49/><U58/><E130/><V62/><F39/><W10/><G121/><T66/><D66/><U74/><E74/><V28/><F3/><W128/><G120/><T18/><D18/><U57/><E0/><V9/><F4/><W68/><G68/><T135/><D60/><U110/><E5/><V7/><F7/><W1/><G128/><T48/><D48/><U25/><E110/><V116/><F116/><W12/><G1/><T23/><D23/><U31/><E58/><N who="2" m="35151" /><F32/><W14/><G33/><T6/><D6/><U118/><E118/><V83/><F34/><W132/><G35/><T30/><D30/><U114/><E114/><V125/><F125/><W95/><G132/><T113/><D64/><U94/><E31/><V69/><F69/><W129/><G129/><T86/><D113/><U67/><E22/><V20/><F83/><N who="3" m="47343" /><G78/><N who="0" m="44359" /><D135/><U43/><E67/><V29/><F29/><W104/><G104/><N who="0" m="40043" /><D89/><U47/><E47/><V79/><F79/><W119/><G119/><T97/><D97/><N who="1" m="57543" /><E40/><N who="3" m="15466" /><G10/><T100/><D100/><U26/><E26/><AGARI ba="0,0" hai="9,13,16,20,26,28,84,87,93,98,103" m="35151" machi="26" ten="30,2900,0" yaku="8,1,54,1" doraHai="37" who="2" fromWho="1" sc="311,0,35,-29,409,29,245,0" /><INIT seed="6,1,0,1,2,118" ten="311,6,438,245" oya="2" hai0="78,61,47,64,7,26,5,4,129,56,30,74,102" hai1="124,87,20,92,14,128,42,11,36,63,108,115,21" hai2="134,15,122,23,49,9,73,28,93,81,67,1,62" hai3="114,79,0,17,24,12,111,88,106,99,33,101,55"/><V96/><F134/><W39/><G111/><T135/><D129/><U116/><E108/><V98/><F1/><W91/><G0/><T83/><D135/><U126/><E116/><V70/><F49/><W38/><G114/><T75/><D75/><U69/><E115/><V113/><F113/><W125/><G125/><N who="1" m="48234" /><E128/><V52/><F96/><W107/><G107/><T72/><D72/><U29/><E36/><V71/><F71/><W68/><G68/><T31/><D31/><U85/><E42/><V46/><F28/><W53/><G79/><T80/><D80/><U132/><E132/><V86/><F23/><N who="1" m="8777" /><E29/><V34/><F73/><W105/><G105/><T6/><D47/><U57/><E69/><V35/><F46/><W50/><G39/><T109/><D109/><U65/><E92/><V32/><F93/><W45/><G38/><T90/><D102/><U60/><E60/><V18/><F70/><W37/><G37/><T117/><D117/><U25/><E25/><V131/><F131/><W2/><G24/><T54/><D90/><U133/><E133/><V123/><F62/><W10/><G33/><T66/><N who="0" m="1536" /><DORA hai="130" /><T13/><REACH who="0" step="1"/><D13/><REACH who="0" ten="301,6,438,245" step="2"/><U43/><E43/><V100/><F15/><W94/><G2/><T41/><D41/><U77/><E77/><V51/><F100/><W22/><G91/><T84/><D84/><N who="1" m="32331" /><E14/><V3/><F3/><W59/><G12/><T40/><D40/><U89/><E89/><V76/><F76/><W120/><G88/><T127/><D127/><U112/><E112/><V19/><F86/><W121/><G101/><T103/><D103/><RYUUKYOKU ba="1,1" sc="301,15,6,15,438,-15,245,-15" hai0="26,30,54,56,61,64,66,74,78,83" hai1="11,57,63,65" /><INIT seed="7,2,1,0,4,90" ten="316,21,423,230" oya="3" hai0="87,33,37,97,133,29,9,75,116,49,132,63,54" hai1="98,88,52,15,117,130,4,61,135,25,46,79,96" hai2="115,121,82,41,19,47,107,68,76,43,34,104,83" hai3="35,56,58,120,39,50,126,55,123,10,81,6,48"/><W28/><G126/><T3/><D37/><U44/><E135/><V106/><F34/><W45/><G35/><T109/><D75/><U42/><E130/><V22/><F68/><W134/><G28/><T72/><D72/><U112/><E117/><V38/><F115/><W17/><G134/><N who="0" m="51819" /><D109/><U21/><E112/><V7/><F7/><W30/><G30/><T8/><D116/><U77/><E98/><V70/><F70/><W66/><G17/><T95/><D87/><U59/><E4/><V110/><F110/><W128/><G128/><T31/><D63/><U69/><E69/><V23/><F121/><W40/><G81/><T5/><D9/><U86/><E15/><V60/><F60/><W78/><G78/><T65/><D65/><U85/><E77/><V74/><F43/><W18/><G18/><T124/><D124/><U122/><E122/><V94/><F82/><W67/><G67/><T111/><D111/><U80/><E42/><V51/><F38/><W53/><G66/><T102/><D33/><U118/><E118/><V114/><F114/><W64/><G64/><T73/><D73/><U108/><E108/><V101/><F19/><W32/><REACH who="3" step="1"/><G32/><REACH who="3" ten="316,21,423,220" step="2"/><T27/><D27/><U92/><REACH who="1" step="1"/><E85/><REACH who="1" ten="316,11,423,220" step="2"/><V11/><F76/><W57/><G57/><AGARI ba="2,3" hai="3,5,8,29,31,49,54,57,95,97,102" m="51819" machi="57" ten="30,2000,0" yaku="20,1,52,1" doraHai="90" who="0" fromWho="3" sc="316,56,11,0,423,0,220,-26" owari="372,17.0,11,-49.0,423,53.0,194,-21.0" /></mjloggm>