<mjloggm ver="2.3"><GO type="97"/><UN n0="%33%C3%97%33" n1="%E3%82%A6%E3%83%AB%E3%83%88%E3%83%A9%E7%AB%8B%E7%9B%B4" n2="%E4%B9%85%E9%81%A0%E6%82%A0%E7%B4%80" n3="%6B%61%69%64" dan="14,15,15,14" rate="1975,1964,1934,1933" sx="F,M,M,M"/><TAIKYOKU oya="0"/><INIT seed="0,0,0,3,0,129" ten="250,250,250,250" oya="0" hai0="51,102,7,47,8,68,19,76,25,20,28,90,92" hai1="123,133,103,118,39,30,89,84,29,85,54,64,120" hai2="95,125,111,12,62,128,33,9,126,11,96,63,6" hai3="18,40,59,57,45,35,69,116,77,52,21,80,109"/><T65/><D76/><U112/><E64/><V119/><F128/><W17/><G35/><T81/><D102/><U106/><E39/><V61/><F111/><W130/><G109/><T93/><D92/><U134/><E54/><V24/><F119/><W23/><G130/><T27/><D81/><U13/><E13/><V98/><F33/><W113/><G69/><T101/><D101/><U0/><E0/><V122/><F122/><W58/><G116/><T73/><D73/><U49/><E49/><V79/><F79/><W15/><G113/><T60/><D28/><U131/><E131/><V48/><F48/><W26/><G52/><T117/><D117/><U78/><E118/><V16/><F24/><W132/><G132/><N who="1" m="50794" /><E112/><V121/><F121/><N who="1" m="46665" /><E78/><V53/><F53/><W32/><G77/><T115/><D115/><U42/><E42/><V135/><F135/><W104/><G40/><T4/><D27/><U107/><E85/><V88/><REACH who="2" step="1"/><F98/><REACH who="2" ten="250,250,240,250" step="2"/><W127/><G26/><T38/><D38/><U2/><E2/><AGARI ba="0,1" hai="2,6,9,11,12,16,61,62,63,88,95,96,125,126" machi="2" ten="40,8000,1" yaku="1,1,2,1,54,2,53,1" doraHai="129" doraHaiUra="87" who="2" fromWho="1" sc="250,0,250,-80,240,90,250,0" /><INIT seed="1,0,0,2,4,68" ten="250,170,330,250" oya="1" hai0="36,26,88,75,23,35,79,48,119,134,22,14,19" hai1="71,32,112,18,12,62,27,58,132,33,80,121,59" hai2="5,85,87,21,49,127,84,89,76,2,107,122,67" hai3="120,31,90,10,72,109,53,91,44,133,131,110,46"/><U11/><E121/><V105/><F122/><W52/><G72/><T83/><D119/><U98/><E112/><V124/><F67/><W61/><G120/><T116/><D116/><U74/><E132/><V45/><F5/><W28/><G133/><T101/><D134/><U82/><E71/><V104/><F2/><W118/><G118/><T8/><D101/><U1/><E58/><V24/><F76/><W100/><G100/><T129/><D129/><U51/><E51/><V97/><F97/><W50/><G10/><T63/><D63/><U7/><E74/><V130/><F130/><W34/><G34/><T115/><D115/><U113/><E113/><V6/><F6/><W70/><G131/><T16/><D48/><U99/><E99/><V103/><F103/><W126/><G126/><N who="2" m="48169" /><F89/><W43/><G70/><T81/><D36/><U42/><E98/><V60/><F60/><W47/><G61/><T9/><D35/><U38/><E33/><V4/><F4/><W13/><G43/><T128/><REACH who="0" step="1"/><D128/><REACH who="0" ten="240,170,330,250" step="2"/><U65/><E38/><V69/><F49/><W37/><G37/><T94/><D94/><U41/><E80/><V135/><F135/><W3/><G50/><T66/><D66/><U20/><REACH who="1" step="1"/><E82/><REACH who="1" ten="240,160,330,250" step="2"/><V25/><F107/><W30/><G46/><T106/><D106/><N who="2" m="41066" /><F45/><W102/><G44/><T29/><D29/><AGARI ba="0,2" hai="1,7,11,12,18,20,27,29,32,41,42,59,62,65" machi="29" ten="40,7700,0" yaku="1,1,24,2,53,0" doraHai="68" doraHaiUra="73" who="1" fromWho="0" sc="240,-77,160,97,330,0,250,0" /><INIT seed="1,1,0,5,5,42" ten="163,257,330,250" oya="1" hai0="67,62,121,132,98,65,37,74,26,58,135,34,51" hai1="69,90,113,56,2,63,13,24,71,107,15,89,14" hai2="40,5,124,16,131,43,64,54,50,52,120,68,18" hai3="75,115,77,106,134,85,9,1,78,45,21,94,122"/><U57/><E113/><V84/><F120/><W118/><G115/><T12/><D74/><U55/><E107/><V102/><F131/><W70/><G122/><T130/><D37/><U97/><E2/><V127/><F5/><W95/><G70/><T91/><D121/><U123/><E123/><V111/><F111/><W105/><G75/><T48/><D130/><U86/><E97/><V112/><F112/><W20/><G134/><T44/><D12/><U110/><E110/><V82/><F102/><W27/><G118/><T99/><D67/><U8/><E69/><V30/><F30/><W80/><G77/><T46/><D91/><U126/><E71/><V93/><F93/><W61/><G61/><T129/><D129/><U96/><E126/><N who="2" m="48171" /><F64/><W38/><G95/><T41/><D26/><U109/><E109/><V17/><F68/><W59/><G94/><T29/><D29/><U7/><E96/><V108/><F108/><W10/><G59/><T114/><D34/><U87/><E57/><N who="2" m="32919" /><F54/><W35/><G106/><T31/><D31/><U92/><REACH who="1" step="1"/><E24/><REACH who="1" ten="163,247,330,250" step="2"/><V22/><F22/><W100/><G20/><T47/><D114/><U19/><E19/><V76/><AGARI ba="1,1" hai="16,17,18,40,43,76,82,84" m="32919,48171" machi="76" ten="30,4000,0" yaku="18,1,54,2" doraHai="42" who="2" fromWho="2" sc="163,-11,247,-21,330,53,250,-11" /><INIT seed="2,0,0,0,5,77" ten="152,226,383,239" oya="2" hai0="112,23,64,19,58,30,93,72,43,33,110,8,121" hai1="115,85,127,78,113,66,38,104,6,34,65,105,117" hai2="109,4,80,56,57,17,16,88,89,10,21,40,54" hai3="52,44,27,25,108,135,22,36,106,67,92,119,95"/><V29/><F109/><W114/><G119/><T14/><D110/><U86/><E6/><V12/><F40/><W98/><G108/><T3/><D112/><U70/><E34/><V91/><F29/><W123/><G123/><T5/><D121/><U47/><E47/><V99/><F57/><W71/><G114/><T31/><D43/><U120/><E78/><V96/><F80/><W134/><G106/><T128/><D72/><U49/><E49/><N who="2" m="30799" /><F4/><W62/><G36/><T132/><D93/><N who="3" m="35913" /><G98/><T126/><D58/><U125/><E120/><V102/><F102/><W111/><G111/><T61/><D61/><U63/><E63/><V59/><F59/><W101/><G101/><T46/><D46/><U73/><E73/><V133/><F133/><N who="3" m="50699" /><G22/><T50/><D50/><AGARI ba="0,0" hai="25,27,44,50,52,62,67,71" m="50699,35913" machi="50" ten="30,2000,0" yaku="20,1,54,1" doraHai="77" who="3" fromWho="0" sc="152,-20,226,0,383,0,239,20" /><INIT seed="3,0,0,3,5,48" ten="132,226,383,259" oya="3" hai0="46,2,49,39,80,69,28,9,119,112,13,120,124" hai1="33,44,4,130,62,75,74,17,104,125,24,55,121" hai2="129,100,22,19,99,51,127,43,45,116,23,88,63" hai3="105,53,31,42,1,79,20,114,26,102,72,93,108"/><W91/><G114/><T133/><D112/><U57/><E121/><V8/><F116/><W10/><G108/><T27/><D119/><U14/><E104/><V34/><F34/><W32/><G42/><T21/><D120/><U109/><E109/><V3/><F129/><W38/><G38/><T98/><D39/><U132/><E130/><V29/><F127/><W52/><G32/><T126/><D69/><U85/><E125/><V110/><F110/><W59/><G102/><T76/><D133/><U54/><E132/><V115/><F115/><W117/><G105/><T111/><D111/><U60/><E4/><V83/><F29/><W113/><G113/><T103/><D2/><U66/><E66/><V70/><F70/><W107/><G107/><T68/><D68/><U122/><E122/><V11/><F3/><W40/><G40/><T106/><D106/><U67/><E67/><V30/><F30/><W97/><G117/><T87/><D126/><U128/><E128/><V77/><F63/><W65/><G79/><T36/><D36/><U96/><E96/><V58/><F58/><W37/><G72/><T123/><D123/><U84/><E33/><V7/><F7/><N who="3" m="1391" /><G37/><T101/><D124/><U92/><E75/><N who="2" m="43455" /><F100/><W64/><G64/><T95/><D101/><U94/><E74/><V81/><F81/><W12/><G12/><T78/><D76/><U41/><E24/><N who="2" m="14431" /><F23/><W73/><G73/><T82/><D80/><U89/><E41/><V135/><F135/><W86/><G97/><T25/><D27/><U6/><E14/><V16/><F16/><W118/><G65/><RYUUKYOKU ba="0,0" sc="132,-10,226,-10,383,30,259,-10" hai2="8,11,43,45,51,88,99" owari="122,-38.0,216,-18.0,413,51.0,249,5.0" /></mjloggm>