<mjloggm ver="2.3"><GO type="169"/><UN n0="%E5%B7%A3%E4%BD%9C%E3%82%8A%E3%83%89%E3%83%A9%E3%82%B4%E3%83%B3" n1="%E5%A5%88%E8%90%BD%E3%81%AE%E7%8E%8B" n2="%E6%A3%92%E8%A7%92" n3="%EF%BC%88%E2%89%A7%E2%96%BD%E2%89%A6%EF%BC%89" dan="16,17,16,16" rate="2089,2142,2058,2072" sx="M,M,M,M"/><TAIKYOKU oya="0"/><INIT seed="0,0,0,2,1,33" ten="250,250,250,250" oya="0" hai0="15,80,50,12,9,105,132,79,62,89,35,92,69" hai1="17,46,14,120,83,129,97,44,25,128,93,78,11" hai2="2,95,72,40,101,91,34,4,90,6,126,32,107" hai3="94,87,88,123,39,48,96,108,49,63,116,58,53"/><T131/><D105/><U29/><E120/><V31/><F72/><W113/><G123/><T1/><D132/><U64/><E64/><V21/><F21/><W37/><G108/><T121/><D35/><U7/><E29/><V59/><F107/><W127/><G127/><T54/><D121/><U61/><E61/><V106/><F106/><W19/><G113/><T3/><D131/><N who="1" m="50251" /><E25/><V76/><F40/><W20/><G116/><T134/><D134/><U51/><E51/><V5/><F76/><W86/><G39/><T67/><D80/><U112/><E17/><V28/><F59/><W119/><G37/><T71/><D79/><U99/><E112/><V130/><F126/><W74/><G74/><T135/><D71/><U73/><E99/><V10/><F34/><W41/><G119/><T13/><D9/><U125/><E125/><V102/><F32/><W115/><G115/><T77/><D77/><U45/><E45/><V109/><F10/><W100/><G41/><T18/><D18/><U47/><E47/><V65/><F65/><W43/><G43/><T57/><REACH who="0" step="1"/><D135/><REACH who="0" ten="240,250,250,250" step="2"/><U133/><E133/><V36/><F130/><W66/><G66/><T8/><D8/><U104/><E104/><V60/><F28/><W68/><G68/><T30/><D30/><U110/><E110/><V118/><F31/><W124/><G124/><T0/><D0/><U52/><E52/><V42/><F36/><W98/><G53/><T27/><D27/><U82/><E82/><V111/><F111/><W114/><G19/><T38/><D38/><U24/><E24/><V75/><F109/><RYUUKYOKU ba="0,1" sc="240,15,250,15,250,-15,250,-15" hai0="1,3,12,13,15,50,54,57,62,67,69,89,92" hai1="7,11,14,44,46,73,78,83,93,97" /><INIT seed="0,1,1,4,2,84" ten="255,265,235,235" oya="0" hai0="130,29,1,67,58,12,103,107,113,11,102,4,89" hai1="127,8,106,53,5,32,56,117,82,27,109,135,98" hai2="42,119,72,78,91,76,38,123,96,88,2,131,126" hai3="39,10,6,50,81,90,54,74,9,57,7,41,121"/><T36/><D113/><U99/><E117/><V115/><F42/><W111/><G111/><T69/><D36/><U18/><E109/><V133/><F96/><W61/><G121/><T118/><D69/><U134/><E127/><V47/><F47/><N who="3" m="25967" /><G74/><T19/><D118/><U120/><E82/><V86/><F86/><N who="3" m="50511" /><G39/><T70/><D70/><U93/><E106/><V48/><F48/><W34/><G34/><T16/><D130/><U95/><E120/><V14/><F78/><W122/><G122/><T0/><D0/><U30/><E99/><V60/><F76/><W68/><G68/><T65/><D107/><U73/><E73/><V116/><F60/><W40/><G40/><T100/><D29/><U110/><E110/><V62/><F62/><W71/><G71/><T85/><D58/><U33/><E33/><V94/><F38/><W80/><G80/><N who="0" m="49319" /><D1/><U44/><E44/><V101/><F72/><W79/><G79/><T45/><D45/><U51/><E98/><V26/><F123/><W23/><G23/><T105/><D105/><U75/><E75/><V31/><F115/><W125/><G125/><T129/><D129/><U66/><E32/><V22/><F131/><W25/><G25/><T20/><D20/><U55/><E30/><V35/><F35/><W43/><G43/><T15/><D15/><U87/><E27/><V59/><F2/><W97/><G97/><T24/><D24/><U132/><E135/><V46/><F126/><W37/><G37/><T13/><D13/><U77/><E134/><V28/><F133/><W124/><G124/><T92/><D92/><RYUUKYOKU ba="1,1" sc="255,15,265,-15,235,-15,235,15" hai0="4,11,12,16,19,65,67,100,102,103" hai3="6,7,9,10,54,57,61" /><INIT seed="0,2,1,3,5,92" ten="270,250,220,250" oya="0" hai0="135,45,106,86,56,117,54,129,60,76,131,103,24" hai1="74,112,115,96,22,101,7,81,118,85,90,1,113" hai2="27,122,37,20,62,123,128,48,71,25,102,111,0" hai3="38,19,134,44,41,82,70,49,121,83,29,84,13"/><T97/><D117/><U88/><E22/><V127/><F37/><W2/><G2/><T109/><D135/><U34/><E34/><V53/><F0/><W10/><G70/><T114/><D114/><U66/><E66/><V58/><F27/><W36/><G134/><T68/><D109/><U89/><E7/><V75/><F75/><W69/><G69/><T39/><D68/><U8/><E8/><V64/><F111/><W124/><G124/><T100/><D100/><U119/><E74/><V23/><F127/><W87/><G121/><T55/><D24/><U57/><E57/><V80/><F80/><W79/><REACH who="3" step="1"/><G29/><REACH who="3" ten="270,250,220,240" step="2"/><T110/><D110/><U65/><E1/><V120/><F120/><W47/><G47/><T12/><D129/><U31/><E31/><V46/><F128/><W43/><G43/><T51/><D131/><U4/><E118/><V11/><F123/><W93/><G93/><T133/><D133/><U18/><E119/><V28/><F122/><W73/><G73/><T63/><D39/><U108/><E108/><V59/><F46/><W3/><G3/><T99/><D106/><U35/><E115/><V17/><F71/><W52/><G52/><T67/><D55/><U5/><E113/><V105/><F28/><W116/><G116/><T21/><D54/><U33/><E112/><V61/><F61/><W9/><G9/><T94/><D63/><U16/><E65/><V132/><F132/><W91/><AGARI ba="2,2" hai="10,13,19,36,38,41,44,49,79,82,83,84,87,91" machi="91" ten="20,2700,0" yaku="1,1,0,1,7,1,53,0" doraHai="92" doraHaiUra="130" who="3" fromWho="3" sc="270,-15,250,-9,220,-9,240,53" /><INIT seed="1,0,0,4,2,123" ten="255,241,211,293" oya="1" hai0="18,26,65,37,14,71,19,124,21,107,51,43,81" hai1="1,128,23,90,58,93,7,35,88,28,83,80,25" hai2="47,101,129,84,131,2,34,117,17,120,89,125,82" hai3="4,113,53,97,42,40,130,68,5,72,30,126,73"/><U38/><E38/><V119/><F34/><W63/><G113/><T116/><D37/><U74/><E128/><V76/><F2/><W32/><G130/><N who="2" m="49673" /><F17/><W94/><G72/><T102/><D116/><U50/><E35/><V112/><F47/><W78/><G126/><T54/><D43/><U22/><E74/><V27/><F27/><W99/><G73/><T61/><D124/><U62/><E50/><V67/><F67/><W87/><G32/><T64/><D64/><U95/><E1/><V36/><F36/><W52/><G30/><T56/><D81/><N who="1" m="31307" /><E7/><N who="3" m="2634" /><G78/><T92/><D107/><U48/><E48/><V24/><F24/><W77/><G77/><T98/><REACH who="0" step="1"/><D14/><REACH who="0" ten="245,241,211,293" step="2"/><U15/><E15/><V70/><F125/><W115/><G53/><T133/><D133/><U31/><E95/><V41/><F41/><W108/><G42/><T9/><D9/><U96/><E93/><V20/><F76/><W121/><G40/><T91/><D91/><U45/><E90/><V118/><F118/><W106/><G94/><T134/><D134/><U69/><E88/><V103/><F117/><W86/><G52/><T12/><D12/><U60/><E69/><V100/><F70/><W16/><G68/><T55/><D55/><U75/><E75/><V3/><F119/><W44/><G106/><T11/><D11/><U46/><E25/><V59/><F3/><W13/><G13/><T10/><D10/><U127/><E127/><V132/><F132/><W57/><G115/><T79/><D79/><U6/><E6/><V135/><F135/><W110/><G86/><T122/><D122/><RYUUKYOKU ba="0,1" sc="245,30,241,-10,211,-10,293,-10" hai0="18,19,21,26,51,54,56,61,65,71,92,98,102" /><INIT seed="2,1,1,4,1,78" ten="275,231,201,283" oya="2" hai0="16,96,97,8,72,64,66,58,42,52,109,117,80" hai1="14,5,118,128,34,23,22,83,111,94,110,115,30" hai2="43,71,19,85,119,60,11,121,7,81,114,31,51" hai3="40,46,127,102,69,107,35,29,130,39,105,126,6"/><V3/><F114/><W116/><G116/><T125/><D109/><N who="1" m="41483" /><E94/><V103/><F119/><W49/><G130/><T135/><D117/><U84/><E118/><V36/><F121/><W38/><G69/><T10/><D42/><U63/><E63/><V88/><F31/><W82/><G6/><T17/><D135/><U61/><E61/><V18/><F36/><N who="3" m="13867" /><G102/><T25/><D125/><N who="3" m="47625" /><G82/><T100/><D72/><U15/><E128/><V12/><F103/><W104/><G29/><T132/><D80/><U33/><E115/><V1/><F1/><W55/><G35/><N who="1" m="13322" /><E5/><V57/><F3/><W112/><G112/><T90/><D132/><U133/><E133/><V86/><F86/><W45/><G40/><T56/><D100/><U92/><E92/><V50/><F71/><W28/><G28/><T68/><D68/><U74/><E74/><V77/><F77/><W13/><G13/><N who="1" m="4618" /><E30/><V41/><F41/><W101/><G101/><T75/><D75/><U4/><E4/><V99/><F99/><W124/><N who="3" m="47633" /><W93/><DORA hai="73" /><G93/><T113/><D113/><U79/><AGARI ba="1,1" hai="22,23,79,83,84" m="4618,13322,41483" machi="79" ten="40,5200,0" yaku="14,1,52,2" doraHai="78,73" who="1" fromWho="1" sc="275,-14,231,65,201,-27,283,-14" /><INIT seed="3,0,0,2,2,39" ten="261,296,174,269" oya="3" hai0="99,98,17,101,122,127,95,47,73,44,27,106,92" hai1="125,62,51,32,94,22,109,102,74,113,16,75,135" hai2="28,18,42,23,3,58,128,120,40,26,107,71,50" hai3="49,48,131,61,19,9,65,119,83,24,55,33,29"/><W103/><G119/><T126/><D122/><U45/><E32/><V41/><F120/><W93/><G131/><T70/><D70/><U0/><E0/><V79/><F71/><W121/><G121/><T91/><D73/><U43/><E113/><V112/><F112/><W37/><G37/><T111/><D111/><U134/><E109/><V118/><F118/><W46/><G83/><T63/><D63/><U13/><E125/><N who="0" m="47625" /><D106/><U116/><E116/><V15/><F107/><W105/><G93/><T100/><D91/><U59/><E94/><V20/><F3/><W69/><G49/><T81/><D81/><U67/><REACH who="1" step="1"/><E102/><REACH who="1" ten="261,286,174,269" step="2"/><V80/><F128/><W85/><G85/><T4/><D95/><U12/><E12/><V60/><F80/><W66/><G66/><T21/><D92/><U2/><E2/><V30/><F79/><W57/><G103/><T10/><D101/><U14/><E14/><V34/><F34/><W56/><G105/><N who="0" m="63639" /><D99/><U87/><E87/><V110/><F110/><W115/><G115/><T38/><D38/><U6/><E6/><V97/><F97/><W124/><G124/><T7/><D4/><U5/><E5/><V77/><F77/><W133/><G65/><T114/><D114/><U90/><E90/><V11/><F50/><W86/><G48/><T8/><D7/><U89/><E89/><V54/><F11/><AGARI ba="0,1" hai="8,10,11,17,21,27,44,47" m="63639,47625" machi="11" ten="30,1000,0" yaku="18,1" doraHai="39" who="0" fromWho="2" sc="261,20,286,0,174,-10,269,0" /><INIT seed="4,0,0,4,1,57" ten="281,286,164,269" oya="0" hai0="35,5,69,38,80,46,107,91,114,49,87,36,58" hai1="112,113,24,110,81,85,109,94,42,129,68,23,52" hai2="59,67,37,10,7,97,126,125,22,0,1,25,130" hai3="84,19,124,127,26,118,50,11,14,95,66,92,53"/><T72/><D35/><U93/><E68/><V31/><F37/><W82/><G118/><T123/><D123/><U17/><E42/><V43/><F43/><W111/><G111/><T18/><D5/><U73/><E73/><V54/><F67/><W28/><G66/><T135/><D69/><U119/><E119/><V74/><F74/><W55/><G55/><T16/><D107/><U13/><E129/><V102/><F130/><W132/><G132/><T104/><D104/><U12/><E110/><V15/><F97/><W64/><G64/><T83/><D114/><N who="1" m="44139" /><E52/><V56/><F102/><W108/><G108/><T86/><D72/><U96/><E109/><V47/><F47/><W45/><G127/><T27/><D58/><U4/><E4/><V128/><F59/><W88/><G124/><N who="2" m="47721" /><F128/><W60/><G60/><AGARI ba="0,0" hai="0,1,7,10,15,22,25,31,54,56,60" m="47721" machi="60" ten="30,2000,0" yaku="18,1,52,1" doraHai="57" who="2" fromWho="3" sc="281,0,286,0,164,20,269,-20" /><INIT seed="5,0,0,3,2,59" ten="281,286,184,249" oya="1" hai0="95,3,62,101,60,35,9,115,57,43,63,25,53" hai1="61,2,37,76,51,118,28,18,90,105,82,100,97" hai2="46,64,131,33,69,34,29,116,65,74,78,12,47" hai3="19,45,79,13,94,50,23,127,89,86,92,68,8"/><U109/><E37/><V14/><F78/><W52/><G127/><T77/><D115/><U81/><E2/><V73/><F69/><W106/><G106/><T54/><D3/><U104/><E28/><V40/><F29/><W84/><G68/><T114/><D35/><U55/><E118/><V132/><F116/><W48/><G79/><T15/><D114/><U31/><E31/><V80/><F80/><W17/><G50/><T124/><D124/><U66/><E18/><V39/><F40/><W91/><G23/><T96/><D43/><U133/><E133/><V6/><F6/><AGARI ba="0,0" hai="6,8,13,17,19,45,48,52,84,86,89,91,92,94" machi="6" ten="30,7700,0" yaku="7,1,9,1,8,1,54,1" doraHai="59" who="3" fromWho="2" sc="281,0,286,0,184,-77,249,77" /><INIT seed="6,0,0,1,2,117" ten="281,286,107,326" oya="2" hai0="81,89,87,23,51,73,64,122,103,104,29,100,132" hai1="94,110,126,105,85,50,72,119,111,52,55,101,77" hai2="33,125,38,35,86,19,96,128,37,10,69,57,124" hai3="107,42,80,31,16,21,133,26,18,56,61,121,13"/><V71/><F96/><W116/><G107/><T20/><D122/><U91/><E119/><V53/><F86/><W4/><G121/><T59/><D73/><U11/><E126/><N who="2" m="48747" /><F10/><W7/><G116/><T78/><D132/><U83/><E11/><V54/><F19/><W30/><G133/><T27/><D104/><U60/><E60/><V90/><F90/><W66/><G42/><T17/><D78/><U88/><E91/><V22/><F22/><N who="3" m="11535" /><G80/><T58/><D64/><U97/><E55/><N who="2" m="21003" /><F57/><AGARI ba="0,0" hai="50,52,57,72,77,83,85,88,94,97,101,105,110,111" machi="57" ten="30,8000,1" yaku="7,1,24,2,54,2" doraHai="117" who="1" fromWho="2" sc="281,0,286,80,107,-80,326,0" /><INIT seed="7,0,0,3,0,105" ten="281,366,27,326" oya="3" hai0="4,69,113,24,107,133,108,126,30,117,10,127,79" hai1="27,121,82,18,58,97,115,22,9,34,36,15,62" hai2="53,23,45,132,130,128,135,39,51,26,44,65,116" hai3="95,42,60,47,85,67,81,106,33,43,3,109,57"/><W80/><G106/><T98/><D69/><U88/><E36/><V100/><F100/><W86/><G3/><N who="0" m="287" /><D98/><U72/><E72/><V59/><F23/><W16/><G33/><N who="0" m="20679" /><D107/><U131/><E34/><V70/><F26/><W73/><G109/><T124/><D79/><U6/><E121/><V8/><F8/><W37/><G43/><T13/><D108/><U125/><E97/><V41/><F116/><W122/><G122/><T31/><D117/><U75/><E75/><V71/><F71/><W87/><G73/><T17/><D133/><U94/><E82/><V101/><F101/><W66/><G95/><T76/><D76/><U90/><E94/><V61/><REACH who="2" step="1"/><F45/><REACH who="2" ten="281,366,17,326" step="2"/><W91/><G81/><T35/><D113/><U93/><E115/><V21/><F21/><W92/><G80/><T63/><D63/><U5/><E62/><V99/><F99/><W25/><REACH who="3" step="1"/><G66/><REACH who="3" ten="281,366,17,316" step="2"/><T56/><D56/><U19/><E58/><V111/><F111/><W1/><G1/><T54/><D54/><U38/><E93/><V118/><F118/><W78/><G78/><T32/><D31/><U64/><E64/><V0/><F0/><W134/><G134/><AGARI ba="0,2" hai="39,41,44,51,53,59,61,65,70,128,130,132,134,135" machi="134" ten="40,12000,2" yaku="1,1,24,2,20,1,34,3,53,0" doraHai="105" doraHaiUra="103" who="2" fromWho="3" sc="281,0,366,0,17,140,316,-120" owari="281,8.0,366,46.0,157,-34.0,196,-20.0" /></mjloggm>