<mjloggm ver="2.3"><GO type="169" lobby="0"/><UN n0="%EF%BC%88%E2%89%A7%E2%96%BD%E2%89%A6%EF%BC%89" n1="%E3%80%93%E6%9D%BE%E4%BA%95%EF%BC%A3%EF%BC%B3%E3%80%93" n2="%E5%9F%BA%E7%A4%8E%E8%AB%96" n3="%7A%65%72%6F%52%58" dan="17,17,16,17" rate="2098.63,2193.09,2119.71,2135.69" sx="M,M,M,M"/><TAIKYOKU oya="0"/><INIT seed="0,0,0,0,3,115" ten="250,250,250,250" oya="0" hai0="105,134,34,67,49,96,25,86,78,26,20,77,10" hai1="72,55,73,38,3,5,8,121,27,112,45,76,91" hai2="126,88,42,11,97,9,120,95,90,70,71,122,39" hai3="44,15,99,7,94,52,104,133,80,127,47,62,48"/><T40/><D40/><BYE who="0" /><N who="1" m="22679" /><E91/><V21/><F126/><W100/><G127/><T82/><D82/><N who="1" m="45319" /><E55/><V60/><F90/><W31/><G133/><T14/><D14/><U129/><E121/><V125/><F125/><W17/><G7/><T89/><D89/><U24/><E112/><UN n0="%EF%BC%88%E2%89%A7%E2%96%BD%E2%89%A6%EF%BC%89" /><V46/><F21/><W114/><G114/><T61/><D134/><U43/><E73/><V119/><F120/><W23/><G80/><T58/><D78/><U1/><E129/><V83/><F122/><W64/><G31/><T75/><D75/><U36/><E3/><V69/><F83/><W107/><REACH who="3" step="1"/><G47/><AGARI ba="0,0" hai="1,5,8,24,27,36,43,47" m="45319,22679" machi="47" ten="30,1000,0" yaku="25,1" doraHai="115" who="1" fromWho="3" sc="250,0,250,10,250,0,250,-10" /><INIT seed="1,0,0,1,1,8" ten="250,260,250,240" oya="1" hai0="64,2,58,11,124,119,130,10,14,71,27,83,117" hai1="41,54,38,125,63,67,9,68,42,4,77,72,24" hai2="123,43,116,108,15,73,22,36,88,48,114,31,97" hai3="101,62,61,53,76,25,107,100,26,126,121,39,81"/><U60/><E125/><V28/><F116/><W75/><G121/><T66/><D71/><U23/><E72/><V93/><F73/><W85/><G39/><T118/><D124/><U55/><E77/><V65/><F123/><W47/><G126/><T29/><D130/><U17/><E38/><V120/><F120/><W112/><G112/><T128/><D128/><U35/><E35/><V91/><F36/><W20/><G75/><T7/><D83/><U110/><E110/><V115/><F108/><W13/><G13/><T129/><D129/><U59/><REACH who="1" step="1"/><E55/><REACH who="1" ten="250,250,250,240" step="2"/><V69/><F114/><W46/><G53/><T52/><D52/><U5/><E5/><V135/><F115/><W84/><G76/><T45/><D118/><U44/><E44/><V131/><F131/><W86/><G47/><T0/><D45/><U113/><E113/><V37/><F37/><W82/><G46/><T94/><D119/><U98/><E98/><V34/><F97/><W19/><G85/><T127/><D117/><U122/><E122/><V103/><F34/><W6/><G6/><T16/><D127/><U33/><E33/><V87/><F87/><W57/><G86/><T111/><D111/><U50/><E50/><V80/><F48/><W70/><G84/><T30/><D7/><U56/><E56/><V106/><F80/><W40/><G57/><T92/><D58/><U74/><E74/><V3/><F43/><W109/><G40/><T105/><D0/><AGARI ba="0,1" hai="0,4,9,17,23,24,41,42,54,59,60,63,67,68" machi="0" ten="30,2900,0" yaku="1,1,7,1,53,0" doraHai="8" doraHaiUra="90" who="1" fromWho="0" sc="250,-29,250,39,250,0,240,0" /><INIT seed="1,1,0,5,5,84" ten="221,289,250,240" oya="1" hai0="111,98,2,66,65,39,13,92,113,134,41,133,27" hai1="53,18,16,127,67,22,121,103,35,38,46,126,7" hai2="101,86,74,72,20,135,85,59,83,97,34,108,76" hai3="117,96,23,19,87,63,42,24,120,37,21,69,10"/><U28/><E121/><V82/><F34/><W60/><G120/><T25/><D2/><U15/><E67/><V8/><F8/><W11/><G117/><T79/><D79/><U73/><E73/><V43/><F43/><W102/><G37/><T124/><D124/><N who="1" m="47659" /><E103/><V3/><F3/><W75/><G75/><T49/><D39/><U45/><E35/><V107/><F108/><W104/><G42/><T4/><D111/><U109/><E109/><V40/><F40/><W0/><G0/><T88/><D113/><U32/><E7/><V58/><F135/><N who="0" m="51722" /><D65/><U95/><E38/><V12/><F74/><W94/><G69/><T106/><D106/><U62/><E95/><V128/><F72/><W51/><G104/><T93/><D93/><U114/><E114/><V6/><F6/><W118/><G118/><T125/><D66/><U1/><E1/><V130/><F83/><W131/><G94/><T132/><D125/><U70/><E70/><V115/><F115/><W89/><G102/><T99/><D132/><U17/><E32/><V122/><F122/><W47/><G131/><T50/><D99/><U129/><E129/><V56/><F128/><W26/><G96/><T112/><D112/><U33/><E33/><V100/><F130/><W90/><G87/><T116/><D116/><U52/><E15/><V54/><F86/><W71/><G71/><T105/><D105/><U5/><E5/><V30/><F100/><W110/><G110/><T31/><D4/><U48/><E62/><N who="2" m="36119" /><F12/><W91/><G63/><T29/><D13/><U80/><E80/><V44/><F107/><RYUUKYOKU ba="1,0" sc="221,0,289,0,250,0,240,0" /><INIT seed="2,2,0,4,5,53" ten="221,289,250,240" oya="2" hai0="125,21,135,47,45,54,97,41,34,9,88,0,106" hai1="30,39,71,92,62,110,128,68,42,5,111,74,40" hai2="31,130,29,120,93,63,6,132,75,50,129,116,20" hai3="43,4,119,113,79,55,19,133,80,11,46,10,100"/><V59/><F75/><W64/><G119/><T101/><D34/><U26/><E74/><V52/><F116/><W25/><G133/><T118/><D118/><U60/><E5/><V15/><F120/><W23/><G113/><T66/><D135/><U114/><E114/><V76/><F132/><W126/><G64/><T69/><D125/><U99/><E128/><N who="2" m="49259" /><F76/><W112/><G112/><T123/><D123/><U134/><E134/><V61/><F93/><W35/><G126/><T124/><D124/><U1/><E1/><V84/><F84/><W7/><G35/><T104/><D104/><U96/><E39/><V108/><F108/><W105/><G100/><T109/><D109/><U72/><E72/><V85/><F85/><N who="3" m="48287" /><G43/><T38/><D66/><U48/><E92/><V102/><F102/><W49/><G105/><T13/><D69/><U83/><E83/><V78/><F78/><W8/><AGARI ba="2,0" hai="4,7,8,10,11,19,23,25,46,49,55" m="48287" machi="8" ten="30,1100,0" yaku="8,1" doraHai="53" who="3" fromWho="3" sc="221,-5,289,-5,250,-7,240,17" /><INIT seed="3,0,0,3,4,63" ten="216,284,243,257" oya="3" hai0="39,119,116,55,132,35,126,128,135,38,64,62,89" hai1="6,113,13,78,11,10,33,129,107,110,66,54,134" hai2="106,94,93,125,111,49,17,14,121,60,3,87,8" hai3="57,114,67,81,69,18,99,85,45,112,51,90,16"/><W1/><G69/><N who="0" m="42135" /><D35/><U36/><E36/><N who="0" m="13865" /><D89/><U88/><E113/><V120/><F106/><W115/><G1/><T103/><D103/><U7/><E107/><V65/><F3/><W104/><G104/><T12/><D12/><U92/><E33/><V44/><F111/><W101/><G101/><T68/><D126/><U122/><E122/><N who="2" m="47211" /><F87/><W75/><G99/><T118/><D128/><U26/><E129/><V82/><F82/><W42/><G75/><T58/><D68/><U102/><E102/><V28/><F28/><W123/><G123/><T127/><D127/><U41/><E110/><V2/><F2/><W47/><G47/><T71/><D71/><U61/><E78/><V50/><F44/><W72/><G72/><T117/><N who="0" m="29696" /><DORA hai="131" /><T91/><D91/><U27/><E88/><V79/><F79/><W31/><G31/><T98/><D98/><U130/><E92/><N who="2" m="35435" /><F125/><W34/><G34/><T83/><D83/><U95/><E95/><V73/><F73/><W40/><G115/><T80/><D80/><U25/><E130/><V23/><F8/><W4/><G114/><T52/><D55/><U84/><E54/><V124/><F124/><W46/><G112/><T9/><D9/><U15/><E84/><V0/><F0/><W43/><G4/><T59/><D59/><AGARI ba="0,0" hai="14,17,23,49,50,59,60,65" m="35435,47211" machi="59" ten="30,2000,0" yaku="13,1,52,1" doraHai="63,131" who="2" fromWho="0" sc="216,-20,284,0,243,20,257,0" /><INIT seed="4,0,0,5,2,92" ten="196,284,263,257" oya="0" hai0="118,130,86,119,22,128,121,115,9,106,113,2,14" hai1="44,95,18,105,122,53,80,82,69,62,7,91,21" hai2="1,58,71,112,13,117,54,75,26,40,46,12,50" hai3="67,30,31,41,5,65,27,0,32,79,56,59,57"/><T6/><D106/><U109/><E109/><V19/><F1/><W29/><G41/><T25/><D14/><U68/><E105/><V124/><F71/><W111/><G111/><T34/><D86/><U63/><E122/><V84/><F75/><W114/><G114/><N who="0" m="43531" /><D121/><U131/><E131/><N who="0" m="50217" /><D34/><U101/><E101/><V97/><F112/><W60/><G79/><T74/><D74/><U37/><E7/><V15/><F84/><W116/><G116/><T93/><D93/><U135/><E135/><V98/><F117/><W10/><REACH who="3" step="1"/><G67/><REACH who="3" ten="196,284,263,247" step="2"/><T120/><D120/><U102/><E102/><V77/><F77/><W89/><G89/><T35/><D35/><U48/><E91/><V33/><F33/><W107/><G107/><T129/><D129/><U42/><E82/><V4/><F4/><W90/><G90/><T73/><D73/><U110/><E80/><V87/><F87/><W52/><G52/><T64/><D64/><U83/><E53/><V78/><F78/><W45/><G45/><T127/><D127/><U76/><E44/><V17/><F124/><W8/><G8/><T132/><D132/><U51/><E83/><V134/><F134/><W38/><G38/><T3/><D3/><U88/><E37/><V94/><F40/><W49/><G49/><T72/><D72/><U96/><E88/><V81/><F81/><W123/><G123/><T61/><D61/><U11/><E76/><V36/><F36/><W55/><G55/><T23/><D23/><U85/><E85/><V47/><F94/><W66/><G66/><T24/><D22/><U99/><E95/><RYUUKYOKU ba="0,1" sc="196,15,284,-15,263,-15,247,15" hai0="2,6,9,24,25,118,119" hai3="0,5,10,27,29,30,31,32,56,57,59,60,65" /><INIT seed="4,1,1,5,1,3" ten="211,269,248,262" oya="0" hai0="129,16,79,15,43,1,2,113,9,112,109,80,25" hai1="18,24,50,42,77,98,48,108,104,29,0,93,30" hai2="126,130,83,78,120,74,106,39,135,115,20,17,54" hai3="105,95,28,76,99,63,102,100,122,45,61,134,124"/><T123/><D123/><U11/><E108/><V84/><F120/><W94/><G122/><T27/><D43/><U88/><E104/><V103/><F39/><W6/><G134/><T70/><D70/><U81/><E30/><V73/><F135/><W69/><G124/><T51/><D51/><U26/><E26/><N who="0" m="9737" /><D109/><U65/><E65/><V85/><F126/><W111/><G111/><T75/><D129/><U127/><E127/><V32/><F130/><W13/><G28/><T38/><D38/><U7/><E18/><V35/><F32/><W116/><G69/><T128/><D128/><U71/><E71/><V4/><F35/><W14/><G76/><T37/><D37/><U34/><REACH who="1" step="1"/><E42/><REACH who="1" ten="211,259,248,262" step="2"/><V125/><F125/><W31/><G105/><T67/><D67/><U68/><E68/><V23/><F17/><W132/><G31/><T8/><D8/><U118/><E118/><V133/><F133/><W97/><G116/><T19/><D19/><U119/><E119/><V110/><F106/><W62/><G132/><T47/><D47/><U64/><E64/><V82/><F110/><W66/><G66/><T36/><D36/><U121/><E121/><V10/><F10/><N who="3" m="4311" /><G45/><T117/><D117/><U59/><E59/><V131/><F131/><W92/><G14/><T101/><D101/><U96/><E96/><V114/><F103/><W72/><G102/><T89/><D113/><U5/><E5/><V41/><F41/><W46/><G46/><T86/><D112/><U58/><E58/><V22/><F4/><W44/><G44/><T57/><D57/><U33/><E33/><RYUUKYOKU ba="1,2" sc="211,15,259,15,248,-15,262,-15" hai0="1,2,9,15,16,75,79,80,86,89" hai1="0,7,11,24,29,34,48,50,77,81,88,93,98" /><INIT seed="4,2,2,3,5,129" ten="226,274,233,247" oya="0" hai0="26,47,74,102,45,79,32,116,4,2,18,39,19" hai1="72,22,135,11,16,13,84,56,92,9,119,36,70" hai2="122,0,35,130,77,113,27,24,109,28,134,88,43" hai3="15,48,87,30,81,46,120,8,17,51,59,112,41"/><T42/><D116/><U34/><E70/><V62/><F122/><W96/><G112/><T118/><D118/><U90/><E119/><V40/><F109/><W114/><G114/><T103/><D45/><U86/><E72/><V5/><F113/><W121/><G30/><N who="0" m="19543" /><D19/><U10/><E36/><V101/><F101/><W104/><G104/><T14/><D18/><U37/><E37/><V69/><F77/><W61/><G96/><T1/><D14/><U91/><E34/><V12/><F27/><W117/><G117/><T52/><D52/><U89/><E135/><V75/><F12/><W98/><G98/><T68/><D68/><U31/><E31/><V83/><F75/><W67/><REACH who="3" step="1"/><G51/><REACH who="3" ten="226,274,233,237" step="2"/><T21/><D39/><U7/><E7/><V54/><F28/><W131/><G131/><T93/><D103/><U110/><E110/><V94/><F130/><W107/><G107/><T38/><D102/><U132/><E92/><V105/><F5/><W80/><G80/><T111/><D38/><U76/><E9/><V49/><F94/><W3/><G3/><T133/><D93/><U25/><E10/><V108/><F0/><W125/><G125/><T33/><D111/><U44/><E11/><V55/><F83/><W78/><AGARI ba="2,3" hai="8,15,17,41,46,48,59,61,67,78,81,87,120,121" machi="78" ten="30,2000,0" yaku="1,1,0,1,53,0" doraHai="129" doraHaiUra="106" who="3" fromWho="3" sc="226,-12,274,-7,233,-7,237,56" /><INIT seed="5,0,0,1,5,9" ten="214,267,226,293" oya="1" hai0="65,22,125,98,74,122,44,55,4,133,0,15,40" hai1="94,39,37,42,46,112,68,54,123,36,59,101,27" hai2="135,76,82,120,75,80,35,109,8,79,107,126,51" hai3="48,45,69,43,25,28,57,30,121,131,11,115,100"/><U118/><E118/><V72/><F35/><W78/><G69/><T34/><D74/><U23/><E68/><V63/><F120/><W10/><G121/><T61/><D34/><U19/><E112/><V83/><F109/><W77/><G115/><T97/><D122/><U67/><E67/><V20/><F63/><W38/><G131/><T14/><D0/><U134/><E134/><V31/><F135/><W110/><G100/><T81/><D133/><U41/><E41/><V132/><F132/><W18/><G38/><T102/><D125/><U130/><E130/><V58/><F107/><W1/><G1/><T21/><D55/><U50/><E123/><V73/><F8/><N who="3" m="3115" /><G57/><N who="0" m="37039" /><D4/><U56/><E56/><V90/><F126/><W71/><G71/><T129/><D129/><U64/><E64/><V29/><F90/><W108/><G108/><T87/><D102/><U113/><E113/><V89/><F89/><W88/><G88/><N who="0" m="51311" /><D22/><U24/><E101/><V16/><F80/><W84/><G110/><T13/><D21/><U66/><E66/><V105/><F105/><W12/><G78/><T49/><AGARI ba="0,0" hai="13,14,15,40,44,49,97,98" m="51311,37039" machi="49" ten="30,8000,1" yaku="8,1,52,3,54,1" doraHai="9" who="0" fromWho="0" sc="214,80,267,-40,226,-20,293,-20" /><INIT seed="6,0,0,2,3,68" ten="294,227,206,273" oya="2" hai0="56,115,126,45,32,103,122,14,38,54,21,17,12" hai1="100,80,76,98,36,107,61,97,2,99,101,48,1" hai2="117,71,108,102,31,40,8,104,106,62,67,109,73" hai3="5,94,51,69,46,75,124,9,34,72,64,116,19"/><V123/><F117/><W128/><G116/><T29/><D122/><U57/><E48/><V78/><F123/><W50/><G34/><T84/><D103/><U15/><E15/><V55/><F31/><W35/><G35/><T11/><D126/><U47/><E99/><V43/><F55/><W7/><G64/><T44/><D115/><U131/><E131/><V20/><F20/><W135/><G69/><T127/><D127/><U52/><E47/><V18/><F18/><W121/><G124/><T33/><D29/><U113/><E36/><V132/><F8/><W105/><G94/><T22/><D33/><U37/><E37/><V114/><F114/><W63/><G63/><N who="0" m="36247" /><D38/><U129/><E129/><V110/><F132/><W3/><G121/><T111/><D111/><U25/><E25/><V85/><F73/><W39/><G105/><N who="2" m="40553" /><F102/><W91/><G135/><T4/><D32/><U58/><E113/><V42/><F85/><W28/><G72/><T70/><D70/><U66/><E98/><V16/><F16/><W0/><G19/><N who="0" m="10487" /><D84/><U82/><E101/><V118/><F118/><W95/><G75/><T112/><D112/><U77/><E1/><V96/><F96/><W93/><G0/><T23/><D23/><U134/><E2/><V89/><F78/><N who="1" m="30313" /><E134/><V6/><F6/><W120/><G7/><T130/><D130/><U13/><E13/><AGARI ba="0,0" hai="4,11,12,13,17,22,44,45" m="10487,36247" machi="13" ten="30,1000,0" yaku="8,1" doraHai="68" who="0" fromWho="1" sc="294,10,227,-10,206,0,273,0" /><INIT seed="7,0,0,5,1,33" ten="304,217,206,273" oya="3" hai0="16,120,3,106,64,1,129,54,2,44,37,119,122" hai1="45,94,74,97,78,67,77,72,85,134,27,130,21" hai2="87,102,70,19,15,115,84,18,53,90,31,41,35" hai3="96,12,51,34,81,121,14,112,92,47,9,109,25"/><W99/><G121/><T113/><D106/><U98/><E67/><V86/><F70/><W39/><G39/><T100/><D100/><U38/><E38/><V46/><F115/><W105/><G112/><T50/><D113/><U62/><E62/><V110/><F110/><W108/><G81/><T71/><D119/><U79/><E45/><V36/><F102/><N who="3" m="62687" /><G9/><T93/><D93/><U10/><E134/><V11/><F53/><N who="3" m="29951" /><G25/><T117/><D117/><U132/><E132/><V63/><F63/><W91/><G34/><T13/><D37/><U52/><E10/><V56/><F56/><W65/><G65/><T82/><D82/><U20/><E20/><V101/><F101/><W29/><G29/><T103/><D103/><U124/><E52/><V66/><F66/><W95/><G92/><T88/><D88/><N who="1" m="53519" /><E74/><V114/><F114/><W126/><G126/><T4/><D64/><U8/><E8/><V127/><F127/><W42/><G42/><T24/><D71/><U55/><E55/><V30/><F19/><W118/><G118/><T104/><D104/><U57/><E72/><V89/><REACH who="2" step="1"/><F31/><REACH who="2" ten="304,217,196,273" step="2"/><W61/><G61/><T128/><D128/><U73/><BYE who="0" /><E124/><V59/><F59/><W131/><G131/><T135/><D135/><U60/><E130/><V76/><F76/><W133/><G133/><T80/><D80/><U0/><E73/><V6/><F6/><W26/><G109/><T48/><D48/><U32/><E78/><V40/><F40/><W69/><G69/><T49/><D49/><U125/><E125/><V83/><F83/><W123/><G108/><RYUUKYOKU ba="0,1" sc="304,-10,217,-10,196,30,273,-10" hai2="11,15,18,30,35,36,41,46,84,86,87,89,90" /><INIT seed="8,1,1,4,2,92" ten="294,207,226,263" oya="0" hai0="88,116,74,42,111,69,76,120,72,51,27,127,52" hai1="63,7,129,97,124,37,100,39,13,65,70,26,98" hai2="57,17,47,60,84,30,64,68,75,112,8,93,77" hai3="85,34,102,10,67,43,6,29,46,48,94,90,109"/><T119/><D119/><U114/><E129/><V25/><F112/><W40/><G109/><T110/><D110/><U33/><E114/><V62/><F75/><W128/><G128/><T45/><D45/><U134/><E134/><V31/><F47/><W104/><G67/><T113/><D113/><U87/><E124/><V58/><F68/><W16/><G34/><T135/><D135/><U23/><E87/><V50/><F50/><W130/><G130/><T14/><D14/><U3/><E97/><V5/><F17/><W61/><G61/><T44/><D44/><U4/><E13/><N who="2" m="5263" /><F25/><W9/><G29/><T121/><D121/><U132/><E132/><V81/><F93/><W106/><G102/><T126/><D126/><U12/><E12/><V0/><F0/><UN n0="%EF%BC%88%E2%89%A7%E2%96%BD%E2%89%A6%EF%BC%89" /><W107/><G16/><T91/><D111/><U117/><E117/><V71/><F71/><W73/><G73/><T118/><D118/><U99/><E99/><V38/><F38/><W89/><G40/><T122/><D42/><U18/><E3/><V22/><F22/><W53/><G43/><T20/><D127/><U125/><E125/><V15/><F15/><W1/><G10/><T32/><D116/><U105/><REACH who="1" step="1"/><E33/><REACH who="1" ten="294,197,226,263" step="2"/><V80/><F81/><W24/><G24/><T103/><D32/><U21/><E21/><V55/><AGARI ba="1,2" hai="30,31,55,57,58,60,62,64,77,80,84" m="5263" machi="55" ten="30,1100,0" yaku="8,1" doraHai="92" who="2" fromWho="2" sc="294,-6,197,-4,226,34,263,-4" /><INIT seed="9,0,0,3,5,42" ten="288,193,260,259" oya="1" hai0="11,129,22,51,110,132,69,48,0,64,43,17,49" hai1="106,134,93,60,63,40,59,30,33,76,108,14,9" hai2="100,82,87,121,70,131,79,56,65,109,5,114,107" hai3="2,91,12,39,53,62,112,23,46,21,6,103,128"/><U98/><E106/><V85/><F121/><W116/><G112/><T115/><D115/><U38/><E134/><V37/><F109/><W31/><G2/><T47/><D110/><U105/><E105/><V119/><F70/><W97/><G128/><T34/><D34/><U83/><E108/><V135/><F114/><W127/><G127/><T29/><D132/><U90/><E33/><V89/><F135/><W101/><G39/><T94/><D129/><U10/><E30/><V104/><F5/><W26/><G116/><T111/><D111/><U96/><E96/><V15/><F119/><W7/><G91/><T44/><D0/><U24/><E24/><V32/><F32/><W58/><G46/><N who="0" m="17451" /><D69/><U13/><E38/><V1/><F37/><W95/><G103/><T84/><D64/><U81/><E40/><V27/><F1/><W4/><REACH who="3" step="1"/><G23/><REACH who="3" ten="288,193,260,249" step="2"/><T50/><D22/><U99/><E99/><V67/><F100/><W118/><G118/><T117/><D117/><U77/><E77/><V61/><F131/><W16/><G16/><T80/><D17/><N who="1" m="8367" /><E76/><V66/><F79/><W75/><G75/><T130/><D130/><U45/><E45/><V71/><F89/><W19/><G19/><T54/><D43/><U74/><E74/><V123/><F123/><W133/><G133/><T35/><D35/><U8/><E90/><V73/><F73/><W120/><G120/><T124/><D124/><U113/><E113/><V20/><F20/><W57/><G57/><N who="0" m="32967" /><D29/><U52/><E59/><V125/><F56/><W86/><G86/><T126/><D126/><U92/><E98/><RYUUKYOKU ba="0,1" sc="288,-10,193,-10,260,-10,249,30" hai3="4,6,7,12,21,26,31,53,58,62,95,97,101" /><INIT seed="10,1,1,2,0,133" ten="278,183,250,279" oya="2" hai0="79,42,73,110,118,10,28,62,131,109,122,9,21" hai1="49,124,128,102,50,108,1,81,130,41,120,96,39" hai2="121,54,46,67,43,126,77,31,111,55,8,91,70" hai3="59,74,64,99,15,106,17,3,52,113,115,4,63"/><V86/><F121/><W65/><G74/><T101/><D122/><U78/><E120/><V48/><F77/><W84/><G4/><T57/><D110/><U66/><E108/><V47/><F111/><W2/><G84/><T51/><D109/><U100/><E1/><N who="3" m="10" /><G99/><T20/><D73/><N who="1" m="43215" /><E66/><V44/><F31/><W132/><G106/><T29/><D79/><U93/><E39/><V40/><F8/><N who="0" m="3178" /><D101/><N who="1" m="39019" /><E41/><N who="2" m="15947" /><F91/><W24/><G24/><T117/><D131/><N who="1" m="50219" /><E124/><V25/><F25/><W119/><G64/><N who="0" m="38991" /><D29/><U87/><E87/><V88/><F126/><W105/><G65/><T7/><D7/><U6/><E6/><V97/><F86/><W134/><G134/><T32/><D32/><U72/><E72/><V129/><F70/><W45/><G132/><T85/><D85/><U71/><E71/><V98/><F67/><W95/><G45/><N who="0" m="26039" /><D28/><U35/><E35/><V61/><F61/><W37/><G37/><T18/><D18/><U103/><AGARI ba="1,1" hai="49,50,93,96,103" m="50219,39019,43215" machi="103" ten="30,1100,0" yaku="19,1" doraHai="133" who="1" fromWho="1" sc="278,-4,183,24,250,-6,279,-4" /><INIT seed="11,0,0,0,1,67" ten="274,207,244,275" oya="3" hai0="102,72,16,61,110,91,54,83,46,119,17,82,112" hai1="57,81,123,76,44,71,11,65,33,84,13,35,128" hai2="117,2,60,88,64,12,21,96,45,26,100,28,55" hai3="10,22,30,31,93,97,9,1,122,29,69,77,118"/><W130/><G122/><T42/><D110/><U39/><E123/><V90/><F2/><W41/><G69/><T98/><D119/><U101/><E128/><V4/><F117/><W19/><G118/><T14/><D112/><U74/><E101/><V125/><F125/><W92/><G130/><T133/><D133/><U63/><E74/><V53/><F4/><W20/><G1/><T18/><D72/><U15/><E15/><V120/><F12/><N who="3" m="9319" /><G41/><T49/><D14/><U70/><E39/><V8/><F8/><N who="3" m="3179" /><G77/><T95/><D102/><U75/><E44/><V111/><F111/><W87/><G87/><T114/><D114/><U78/><E78/><V51/><F55/><W40/><G40/><T134/><D134/><U37/><E37/><V62/><F120/><W135/><G135/><T109/><D109/><U34/><REACH who="1" step="1"/><E75/><REACH who="1" ten="274,197,244,275" step="2"/><V66/><F100/><N who="3" m="60455" /><G93/><T108/><D108/><U86/><E86/><V79/><F79/><W6/><G6/><AGARI ba="0,1" hai="6,11,13,33,34,35,57,63,65,70,71,76,81,84" machi="6" ten="40,5200,0" yaku="1,1,52,2,53,0" doraHai="67" doraHaiUra="85" who="1" fromWho="3" sc="274,0,197,62,244,0,275,-52" owari="274,38.0,259,6.0,244,-16.0,223,-28.0" /></mjloggm>