<mjloggm ver="2.3"><GO type="41"/><UN n0="%E3%82%A6%E3%83%AB%E3%83%88%E3%83%A9%E7%AB%8B%E7%9B%B4" n1="%EF%BC%8A%E3%82%AB%E3%83%AB%E3%82%B7%EF%BC%8A" n2="%62%65%65%70%37%37" n3="%6B%61%7A%61%74%61%6B%75" dan="15,13,14,13" rate="2024,1887,1903,1920" sx="M,M,M,M"/><TAIKYOKU oya="0"/><INIT seed="0,0,0,4,5,93" ten="250,250,250,250" oya="0" hai0="9,133,42,34,21,101,13,135,120,111,57,113,43" hai1="41,132,10,127,6,55,51,53,105,82,18,71,60" hai2="52,123,33,75,20,88,76,40,94,122,90,69,83" hai3="47,112,48,4,3,77,121,26,45,100,28,89,54"/><T63/><D34/><U130/><E105/><V126/><F69/><W106/><G112/><T108/><D21/><U59/><E127/><V98/><F33/><W86/><G121/><T134/><D120/><U14/><E132/><V44/><F126/><W23/><G77/><T80/><D80/><U30/><E130/><V36/><F90/><W66/><G66/><T25/><D25/><U103/><E103/><V12/><F12/><W64/><G64/><T68/><D68/><U70/><E41/><N who="0" m="15369" /><D101/><U5/><E5/><V110/><F110/><N who="0" m="42026" /><D113/><U102/><E102/><V118/><F118/><W1/><G4/><T35/><D35/><U15/><E82/><V56/><F20/><W8/><G8/><T104/><D104/><U131/><E131/><V129/><F129/><W124/><G124/><T65/><D13/><U32/><E32/><V96/><F96/><W84/><G84/><T39/><D9/><U29/><E70/><V24/><F24/><W61/><G100/><T85/><D85/><U7/><E71/><V117/><F117/><W16/><G106/><T72/><D72/><U81/><E81/><V67/><F67/><W11/><G61/><T73/><D73/><U78/><E78/><V119/><F119/><W74/><G74/><T91/><D91/><U49/><E7/><V17/><F17/><W22/><G45/><T19/><D19/><U92/><E60/><AGARI ba="0,0" hai="36,40,44,52,56,60,75,76,83,88,94,98,122,123" machi="60" ten="30,7700,0" yaku="7,1,52,1,54,2" doraHai="93" who="2" fromWho="1" sc="250,0,250,-77,250,77,250,0" /><INIT seed="1,0,0,4,3,60" ten="250,173,327,250" oya="1" hai0="56,94,113,130,75,8,73,63,22,11,62,32,88" hai1="31,126,116,13,0,129,58,9,51,19,74,112,21" hai2="85,72,3,28,47,125,48,109,30,61,102,132,40" hai3="70,65,57,90,118,133,95,29,117,111,82,34,2"/><U5/><E112/><V110/><F72/><W103/><G2/><T107/><D32/><U121/><E74/><V76/><F3/><W98/><G111/><N who="2" m="42505" /><F132/><W36/><G133/><T38/><D107/><U115/><E115/><V69/><F125/><W59/><G36/><T131/><D38/><U101/><E116/><N who="3" m="44650" /><G34/><T15/><D113/><U52/><E121/><V83/><F102/><W64/><G29/><T14/><D22/><U37/><E126/><V96/><F96/><W81/><G70/><T67/><D75/><U91/><E37/><V25/><F25/><W128/><G128/><N who="0" m="49195" /><D73/><U99/><E129/><V55/><F55/><W42/><G42/><T119/><D119/><U20/><E31/><V87/><F87/><N who="3" m="50543" /><G82/><T12/><D62/><U80/><E80/><V26/><F26/><W78/><G78/><T1/><D1/><U50/><E91/><V6/><F6/><W18/><G18/><T44/><D44/><U16/><E19/><V4/><F4/><W135/><G135/><T10/><D14/><U97/><E97/><AGARI ba="0,0" hai="8,10,11,12,15,56,63,67,88,94,97" m="49195" machi="97" ten="30,3900,0" yaku="19,1,52,1,54,1" doraHai="60" who="0" fromWho="1" sc="250,39,173,-39,327,0,250,0" /><INIT seed="2,0,0,3,0,115" ten="289,134,327,250" oya="2" hai0="77,6,33,16,91,127,96,21,108,1,95,47,132" hai1="24,66,13,97,54,7,106,83,76,35,20,123,51" hai2="114,130,40,128,18,57,9,46,30,75,49,23,44" hai3="86,45,70,81,120,11,82,113,107,111,119,121,62"/><V94/><F75/><W103/><G45/><T133/><D33/><U112/><E112/><V55/><F114/><W131/><G113/><T85/><D127/><U52/><E35/><V58/><F30/><W63/><G70/><T124/><D124/><U67/><E123/><V31/><F31/><W34/><G34/><T125/><D125/><U22/><E54/><V65/><F94/><W102/><G11/><T90/><D77/><U36/><E36/><N who="2" m="21511" /><F9/><W27/><G27/><T73/><D73/><U50/><E50/><V100/><F100/><W41/><G41/><T56/><D56/><N who="2" m="21610" /><F18/><W79/><G131/><N who="2" m="50217" /><F23/><W38/><G38/><T117/><D6/><U53/><E20/><V17/><F17/><W93/><G93/><T5/><D16/><U129/><E22/><V99/><F99/><W105/><G86/><T0/><D21/><U118/><E97/><V25/><F25/><W32/><G32/><T122/><D5/><U60/><E24/><V101/><F101/><W29/><G29/><T78/><D85/><U69/><E7/><V61/><F61/><W39/><G39/><T8/><D95/><U110/><E60/><V48/><F48/><W84/><G84/><T88/><D8/><U19/><E19/><V72/><F72/><W74/><G74/><T2/><D96/><U68/><E129/><V116/><F65/><W80/><G80/><T64/><D64/><U15/><E67/><V59/><N who="2" m="21618" /><V43/><DORA hai="12" /><F43/><W37/><G81/><T134/><D134/><U71/><E66/><V104/><F104/><W135/><G107/><T126/><D133/><RYUUKYOKU ba="0,0" sc="289,-10,134,-10,327,30,250,-10" hai2="46,49,55,116" /><INIT seed="2,1,0,1,5,51" ten="279,124,357,240" oya="2" hai0="99,5,124,59,31,35,113,109,20,69,70,7,11" hai1="103,100,134,39,22,130,26,36,85,110,8,58,97" hai2="62,52,72,106,3,83,116,34,77,21,121,61,47" hai3="105,16,78,92,96,75,81,23,42,45,53,24,135"/><V119/><F121/><W114/><G135/><T6/><D99/><U38/><E134/><V117/><F34/><W108/><G108/><T18/><D69/><U67/><E110/><V9/><F106/><W54/><G105/><T25/><D70/><U107/><E103/><V132/><F21/><W128/><G128/><T49/><D109/><U90/><E130/><V37/><F132/><W73/><G73/><T50/><D113/><U80/><E8/><V14/><F3/><W74/><G74/><T98/><D98/><U91/><E67/><V68/><F68/><W64/><G64/><T57/><D124/><U133/><E58/><V86/><F72/><W66/><G66/><T115/><D115/><U87/><E133/><V4/><F37/><W65/><G65/><T89/><D89/><U15/><E15/><V12/><F12/><W125/><G125/><T123/><D123/><U13/><E13/><V118/><N who="2" m="29696" /><DORA hai="95" /><V122/><REACH who="2" step="1"/><F122/><REACH who="2" ten="279,124,347,240" step="2"/><W27/><G114/><T126/><D126/><U111/><E111/><V63/><F63/><W32/><G32/><T88/><D35/><U102/><E102/><V82/><F82/><W43/><G27/><T94/><D50/><AGARI ba="1,1" hai="4,9,14,47,50,52,61,62,77,83,86" m="29696" machi="50" ten="70,12000,1" yaku="1,1,52,1,54,1,53,2" doraHai="51,95" doraHaiUra="79,48" who="2" fromWho="0" sc="279,-123,124,0,347,133,240,0" /><INIT seed="2,2,0,5,1,27" ten="156,124,480,240" oya="2" hai0="76,46,11,73,26,23,68,82,16,12,119,79,31" hai1="97,78,63,104,51,39,92,61,116,13,107,89,8" hai2="64,53,0,81,25,120,69,20,99,44,7,14,134" hai3="96,71,34,24,55,43,108,54,28,35,90,38,128"/><V32/><F120/><W15/><G108/><T67/><D119/><U40/><E116/><V91/><F134/><W30/><G128/><T22/><D67/><U105/><E39/><V93/><F32/><W60/><G71/><T72/><D68/><U124/><E124/><V100/><F0/><W129/><G129/><T74/><D76/><U83/><E51/><N who="2" m="28903" /><F69/><W132/><G132/><T109/><D109/><U6/><REACH who="1" step="1"/><E40/><REACH who="1" ten="156,114,480,240" step="2"/><V70/><F70/><W88/><G43/><T50/><D11/><U65/><E65/><V113/><F64/><W98/><G38/><T48/><D48/><U101/><E101/><V2/><F113/><W52/><G60/><T3/><D3/><U131/><E131/><V110/><F2/><W77/><G77/><T62/><D62/><U86/><AGARI ba="2,1" hai="6,8,13,61,63,78,83,86,89,92,97,104,105,107" machi="86" ten="30,2000,0" yaku="1,1,0,1,53,0" doraHai="27" doraHaiUra="127" who="1" fromWho="1" sc="156,-7,114,36,480,-12,240,-7" /><INIT seed="3,0,0,5,2,49" ten="149,150,468,233" oya="3" hai0="117,112,22,52,38,34,113,96,50,101,97,127,47" hai1="103,95,18,100,8,68,13,35,45,41,132,26,6" hai2="27,36,129,93,67,63,114,29,37,33,24,118,11" hai3="7,124,4,48,126,16,30,17,120,73,81,20,32"/><W104/><G104/><T88/><D34/><U15/><E68/><V84/><F118/><W58/><G73/><T116/><D38/><U105/><E105/><V78/><F114/><N who="0" m="44138" /><D22/><U46/><E132/><V107/><F129/><W130/><G81/><T39/><D39/><U87/><E45/><V75/><F107/><W28/><G58/><T51/><D127/><N who="3" m="48681" /><G48/><T14/><D14/><U115/><E115/><V86/><F27/><N who="3" m="18463" /><G120/><T90/><D51/><U69/><E69/><V110/><F110/><W106/><G106/><N who="0" m="63783" /><D97/><U131/><E15/><V72/><F93/><W71/><G71/><T80/><D80/><U59/><E13/><V85/><F11/><W121/><G121/><T9/><D9/><U135/><E8/><V111/><F111/><W25/><G130/><T82/><D82/><U53/><E95/><V109/><F109/><W89/><G89/><AGARI ba="0,0" hai="47,50,52,88,89,90,116,117" m="63783,44138" machi="89" ten="30,7700,0" yaku="11,1,52,1,54,2" doraHai="49" who="0" fromWho="3" sc="149,77,150,0,468,0,233,-77" /><INIT seed="4,0,0,0,1,114" ten="226,150,468,156" oya="0" hai0="117,36,52,76,12,62,103,6,91,93,35,72,92" hai1="11,81,85,108,17,0,49,129,44,134,106,97,120" hai2="102,60,19,110,107,77,4,50,96,63,113,47,2" hai3="132,67,34,130,74,128,126,23,20,46,99,94,22"/><T37/><D35/><U51/><E108/><V30/><F110/><W68/><G34/><T79/><D37/><U121/><E134/><V90/><F113/><W41/><G74/><T115/><D36/><U57/><E129/><V112/><F30/><W61/><G132/><T26/><D72/><U124/><E124/><V82/><F90/><W24/><G126/><T29/><D115/><U89/><E51/><V55/><F19/><W3/><G3/><T133/><D133/><U48/><E48/><V56/><F112/><W54/><G54/><T43/><D43/><U104/><E57/><V71/><F71/><W15/><G15/><T127/><D127/><U18/><E18/><V105/><F2/><W40/><G40/><T59/><D117/><U21/><E11/><V16/><F4/><W38/><REACH who="3" step="1"/><G24/><REACH who="3" ten="226,150,468,146" step="2"/><T95/><D12/><U9/><E0/><V119/><F107/><W58/><G58/><T27/><D27/><U116/><E104/><V111/><F111/><W53/><G53/><T84/><D6/><U83/><E106/><V122/><F56/><W66/><G66/><T123/><D123/><U125/><E125/><V64/><F122/><W80/><G80/><T5/><D5/><U100/><E83/><V42/><F64/><W32/><G32/><T7/><D7/><U1/><E1/><V88/><F42/><W65/><G65/><T28/><D93/><U78/><E121/><V98/><F82/><W45/><G45/><T33/><D92/><U69/><E120/><V13/><F105/><W75/><G75/><T118/><D95/><U101/><E81/><RYUUKYOKU ba="0,1" sc="226,-10,150,-10,468,-10,146,30" hai3="20,22,23,38,41,46,61,67,68,94,99,128,130" /><INIT seed="5,1,1,4,4,16" ten="216,140,458,176" oya="1" hai0="54,42,17,104,2,56,0,125,131,72,23,105,93" hai1="47,57,87,66,10,14,35,62,103,135,45,6,99" hai2="74,49,102,81,39,43,91,4,120,117,61,133,8" hai3="75,96,25,22,97,88,9,60,7,78,89,124,129"/><U101/><E35/><V31/><F120/><W40/><G129/><T18/><D42/><U20/><E135/><V29/><F117/><W130/><G130/><T109/><D72/><U126/><E126/><V71/><F133/><W122/><G122/><T114/><D131/><U48/><E87/><V51/><F39/><W12/><G124/><T11/><D125/><U100/><E99/><V115/><F102/><W65/><G40/><T27/><D109/><U127/><E127/><V73/><F43/><W53/><G53/><T13/><D114/><U19/><REACH who="1" step="1"/><E48/><REACH who="1" ten="216,130,458,176" step="2"/><V119/><F51/><W21/><G75/><T46/><D46/><U55/><E55/><V67/><F49/><W85/><G78/><T63/><REACH who="0" step="1"/><D93/><REACH who="0" ten="206,130,458,176" step="2"/><U34/><E34/><V86/><F74/><W118/><G118/><T106/><AGARI ba="1,3" hai="0,2,11,13,17,18,23,27,54,56,63,104,105,106" machi="106" ten="30,7900,0" yaku="1,1,2,1,0,1,52,1,53,0" doraHai="16" doraHaiUra="76" who="0" fromWho="0" sc="206,112,130,-40,458,-21,176,-21" /><INIT seed="6,0,0,3,5,106" ten="318,90,437,155" oya="2" hai0="75,110,111,54,86,73,100,19,98,48,47,79,101" hai1="130,58,46,108,43,76,28,56,26,9,107,38,62" hai2="52,133,27,8,97,127,23,5,129,115,39,50,90" hai3="119,114,25,70,126,63,123,59,16,67,99,4,31"/><V36/><F127/><W132/><G4/><T35/><D35/><U6/><E108/><V134/><F129/><W112/><G123/><T122/><D122/><U105/><E130/><V33/><F33/><W88/><G119/><T84/><D19/><U103/><E76/><V80/><F115/><N who="3" m="44075" /><G126/><T66/><D66/><U68/><E58/><N who="2" m="33047" /><F80/><W12/><G132/><N who="2" m="50793" /><F97/><W7/><G7/><T30/><D30/><U29/><E29/><N who="2" m="17663" /><F90/><W74/><G74/><N who="0" m="28171" /><D54/><U17/><E103/><N who="0" m="39497" /><D48/><U94/><E38/><V53/><F53/><W20/><G70/><T93/><D47/><U91/><E46/><V13/><AGARI ba="0,0" hai="5,8,13,36,39" m="17663,50793,33047" machi="13" ten="30,3000,0" yaku="20,1,54,1" doraHai="106" who="2" fromWho="2" sc="318,-10,90,-10,437,30,155,-10" /><INIT seed="6,1,0,4,1,49" ten="308,80,467,145" oya="2" hai0="131,96,8,127,113,99,117,98,121,5,97,46,0" hai1="73,68,25,36,129,1,62,123,106,51,126,116,43" hai2="102,27,132,81,48,118,124,55,100,115,58,133,88" hai3="134,6,135,84,114,94,93,65,13,104,14,86,47"/><V70/><F118/><W4/><G65/><T59/><N who="0" m="25088" /><DORA hai="105" /><T26/><D121/><U90/><E51/><V28/><F70/><W56/><G56/><T75/><D127/><U83/><E43/><V10/><F10/><W109/><G47/><T63/><D131/><U23/><E62/><V119/><F119/><W32/><G32/><T82/><D117/><U87/><E90/><V33/><F115/><W2/><G2/><T40/><D113/><U54/><E54/><V95/><F81/><W74/><G74/><T29/><D82/><U78/><E87/><N who="2" m="52639" /><F124/><W9/><G104/><T37/><D59/><U91/><E91/><V69/><F69/><W64/><G64/><T44/><D44/><U79/><E83/><V52/><F55/><W12/><G114/><T66/><D63/><U130/><E79/><V31/><F28/><W112/><G112/><T17/><D66/><U110/><E78/><V30/><F31/><W39/><G39/><T61/><D61/><U3/><E36/><V20/><F33/><W125/><G125/><T50/><D17/><U108/><E126/><V53/><F53/><W11/><REACH who="3" step="1"/><G14/><REACH who="3" ten="308,80,467,135" step="2"/><T60/><D60/><U15/><E15/><V16/><F30/><W21/><G21/><T76/><D37/><U7/><E106/><V22/><F22/><W107/><G107/><T128/><D75/><U71/><E73/><V89/><F89/><W41/><G41/><T122/><D76/><U19/><E71/><V92/><F92/><W57/><G57/><T42/><D42/><U101/><E68/><V38/><F38/><W45/><G45/><RYUUKYOKU ba="1,1" sc="308,-15,80,-15,467,15,135,15" hai2="16,20,27,48,52,58,100,102,132,133" hai3="4,6,9,11,12,13,84,86,93,94,109,134,135" /><INIT seed="6,2,1,3,1,76" ten="293,65,482,150" oya="2" hai0="51,38,117,32,126,3,110,68,54,91,34,56,97" hai1="99,83,7,42,53,55,104,60,50,64,92,17,12" hai2="127,119,36,58,79,33,20,66,35,98,41,115,1" hai3="89,84,129,101,111,78,120,114,9,59,100,123,16"/><V109/><F119/><W63/><G111/><T96/><D38/><U103/><E7/><V90/><F1/><W29/><G129/><T49/><D3/><U21/><E104/><V132/><F109/><W87/><G123/><T102/><D68/><U118/><E118/><V74/><F127/><W4/><G120/><T37/><D37/><U8/><E21/><V75/><F115/><W45/><G29/><T86/><D126/><U25/><E25/><V15/><F132/><W125/><G125/><T95/><D117/><U19/><E19/><V57/><F66/><W13/><G114/><T85/><D110/><U44/><REACH who="1" step="1"/><E83/><REACH who="1" ten="293,55,482,150" step="2"/><V62/><F20/><W47/><G78/><T131/><D34/><U70/><AGARI ba="2,2" hai="8,12,17,42,44,50,53,55,60,64,70,92,99,103" machi="70" ten="20,5200,0" yaku="1,1,2,1,0,1,7,1,53,0" doraHai="76" doraHaiUra="23" who="1" fromWho="1" sc="293,-15,55,78,482,-28,150,-15" /><INIT seed="7,0,0,5,1,19" ten="278,133,454,135" oya="3" hai0="133,75,134,80,124,110,103,2,21,71,120,14,126" hai1="119,129,29,18,35,57,85,93,30,61,83,101,92" hai2="38,63,46,72,66,117,70,130,122,84,88,98,76" hai3="6,127,16,37,52,5,97,25,112,107,78,23,116"/><W95/><G37/><T50/><D50/><U54/><E129/><V17/><F117/><W118/><G112/><T1/><D80/><U10/><E119/><V42/><F130/><W47/><G127/><T121/><D103/><U51/><E35/><V4/><F122/><W0/><G107/><T96/><D96/><N who="1" m="59527" /><E93/><V32/><F32/><W62/><G118/><T40/><D40/><U131/><E131/><V26/><F98/><W44/><G116/><T67/><D67/><N who="1" m="39343" /><E18/><V135/><F4/><N who="3" m="1643" /><G78/><T34/><D71/><U113/><E10/><V12/><F26/><W77/><G77/><T115/><D75/><U59/><E113/><V114/><F135/><W43/><G43/><T100/><D100/><U64/><E64/><V111/><F114/><W49/><G62/><T94/><D115/><U33/><E33/><V102/><F76/><AGARI ba="0,0" hai="29,30,51,54,59,76,83,85" m="39343,59527" machi="76" ten="30,1000,0" yaku="8,1" doraHai="19" who="1" fromWho="2" sc="278,0,133,10,454,-10,135,0" owari="278,8.0,143,-26.0,444,54.0,135,-36.0" /></mjloggm>