<mjloggm ver="2.3"><GO type="169"/><UN n0="%EF%BC%88%E2%89%A7%E2%96%BD%E2%89%A6%EF%BC%89" n1="%E3%82%86%E3%82%86" n2="%E5%88%BB%E5%AD%90%E5%B8%82%E6%B0%91" n3="%E3%83%9D%E3%83%81%E3%83%A7%E3%83%A0%E3%82%AD%E3%83%B3%E2%98%85" dan="17,16,17,16" rate="2138,2061,2081,2070" sx="M,M,M,M"/><TAIKYOKU oya="0"/><INIT seed="0,0,0,4,1,133" ten="250,250,250,250" oya="0" hai0="14,96,8,99,120,22,46,51,30,26,118,114,86" hai1="94,83,97,129,80,31,7,113,57,40,70,45,74" hai2="85,110,82,98,119,122,103,69,123,59,71,79,6" hai3="72,42,43,89,12,10,104,48,2,134,125,3,20"/><T109/><D120/><U73/><E70/><V37/><F37/><W44/><G134/><T55/><D118/><U76/><E7/><V124/><F71/><W115/><G115/><T28/><D114/><U1/><E1/><V112/><F69/><W92/><G104/><T34/><D109/><U111/><E113/><V13/><F112/><W49/><G72/><T128/><D128/><U65/><E31/><V67/><F110/><W63/><G63/><T131/><D131/><U58/><E111/><V15/><F15/><W9/><G20/><T35/><D86/><U38/><E65/><V68/><F68/><W101/><G101/><T107/><D107/><U126/><E129/><V91/><F119/><W90/><G44/><T106/><D106/><U116/><E116/><V56/><F56/><W127/><G92/><T84/><D84/><U60/><E60/><V25/><F25/><W102/><G102/><T52/><D55/><U61/><E61/><V27/><F27/><W93/><G93/><T39/><D39/><U95/><E95/><V87/><F67/><W47/><G47/><T4/><REACH who="0" step="1"/><D28/><REACH who="0" ten="240,250,250,250" step="2"/><U23/><E38/><V77/><F87/><W32/><G32/><AGARI ba="0,1" hai="4,8,14,22,26,30,32,34,35,46,51,52,96,99" machi="32" ten="40,7700,0" yaku="1,1,2,1,54,1,53,0" doraHai="133" doraHaiUra="54" who="0" fromWho="3" sc="240,87,250,0,250,0,250,-77" /><INIT seed="0,1,0,0,5,84" ten="327,250,250,173" oya="0" hai0="56,93,59,32,38,130,66,89,117,33,114,79,108" hai1="29,124,64,36,46,22,52,121,31,91,12,100,16" hai2="25,78,131,19,77,71,54,74,119,0,47,61,17" hai3="1,109,15,41,111,128,88,69,21,122,82,75,39"/><T13/><D38/><U40/><E121/><V6/><F71/><W43/><G69/><T8/><D117/><U50/><E64/><V28/><F74/><W44/><G1/><T102/><D114/><U125/><E100/><V98/><F0/><W80/><G128/><T120/><D120/><U20/><E20/><V49/><F6/><W65/><G122/><T57/><D130/><U27/><E91/><V7/><F7/><W103/><G103/><T63/><D102/><U85/><E85/><V112/><F112/><W104/><G104/><T126/><D79/><U68/><E68/><V115/><F115/><W53/><G65/><T76/><D76/><U67/><E67/><V94/><F131/><W92/><G41/><T48/><D126/><N who="1" m="48747" /><E12/><V62/><F78/><W73/><G53/><T23/><D23/><U10/><E10/><V134/><F77/><W105/><G105/><T5/><D108/><N who="3" m="41545" /><G21/><T11/><D11/><U30/><E30/><V129/><F129/><W14/><G14/><T96/><REACH who="0" step="1"/><D48/><REACH who="0" ten="317,250,250,173" step="2"/><U110/><E110/><V2/><F49/><W101/><G101/><T132/><D132/><U87/><E36/><V3/><F134/><W99/><G15/><T58/><AGARI ba="1,1" hai="5,8,13,32,33,56,57,58,59,63,66,89,93,96" machi="58" ten="30,6000,0" yaku="1,1,0,1,52,1,53,0" doraHai="84" doraHaiUra="34" who="0" fromWho="0" sc="317,73,250,-21,250,-21,173,-21" /><INIT seed="0,2,0,5,3,121" ten="390,229,229,152" oya="0" hai0="117,111,38,28,70,8,53,20,85,31,41,86,24" hai1="97,119,59,61,5,81,7,16,71,77,79,69,44" hai2="47,74,43,108,39,131,3,60,127,10,100,9,135" hai3="48,94,123,25,113,42,124,1,122,114,30,27,109"/><T11/><D117/><U82/><E119/><V116/><F100/><W13/><G94/><T107/><D107/><U18/><E44/><V2/><F9/><W80/><G80/><T21/><D70/><U132/><E59/><V36/><F60/><W92/><G92/><T29/><D38/><U0/><E61/><V32/><F10/><W115/><G42/><T22/><D41/><U89/><E89/><V95/><F47/><W37/><G37/><T118/><D118/><U129/><E132/><V83/><F95/><W6/><G48/><T19/><D111/><U76/><E76/><V112/><F83/><W58/><G58/><T45/><D24/><N who="3" m="9289" /><G1/><T130/><D130/><U110/><E129/><V4/><F2/><W126/><G30/><T62/><D62/><U75/><E0/><V73/><F73/><W49/><G49/><N who="0" m="28847" /><D19/><U120/><E75/><V72/><F4/><W35/><G35/><T88/><D85/><U50/><E50/><V56/><F56/><W65/><G65/><T51/><D51/><U99/><E120/><N who="3" m="46122" /><G109/><AGARI ba="2,0" hai="5,7,16,18,69,71,77,79,81,82,97,99,109,110" machi="109" ten="25,8000,1" yaku="22,2,52,2,54,1" doraHai="121" who="1" fromWho="3" sc="390,0,229,86,229,0,152,-86" /><INIT seed="1,0,0,3,5,135" ten="390,315,229,66" oya="1" hai0="1,130,131,23,96,0,31,6,124,33,53,118,57" hai1="39,111,24,51,69,58,56,62,32,34,102,27,40" hai2="88,13,92,108,132,68,114,78,129,121,76,64,14" hai3="86,17,115,36,61,103,21,105,11,119,125,74,7"/><U80/><E69/><V81/><F121/><W59/><G115/><T104/><D118/><U41/><E39/><V82/><F114/><W120/><G74/><T98/><D33/><U46/><E102/><V25/><F132/><W5/><G120/><T60/><D104/><U70/><E70/><V38/><F38/><W75/><G36/><T83/><D83/><U112/><E112/><V28/><F108/><W2/><G75/><T18/><D31/><U43/><E80/><V91/><F129/><N who="0" m="49162" /><D6/><U85/><E111/><V9/><F64/><W106/><G119/><T126/><D96/><U87/><E43/><V67/><F67/><W52/><G7/><T35/><D98/><U63/><E51/><V84/><F68/><W71/><G71/><T73/><D35/><U109/><E109/><V113/><F113/><W47/><G47/><AGARI ba="0,0" hai="24,27,32,34,40,41,46,47,56,58,62,63,85,87" machi="47" ten="25,2400,0" yaku="22,2" doraHai="135" who="1" fromWho="3" sc="390,0,315,24,229,0,66,-24" /><INIT seed="1,1,0,3,0,61" ten="390,339,229,42" oya="1" hai0="70,82,35,79,102,48,108,67,85,2,19,112,94" hai1="20,27,64,38,44,13,63,114,43,78,36,90,125" hai2="83,68,42,71,95,100,46,45,130,30,113,26,107" hai3="62,1,52,0,49,91,120,41,15,23,123,101,72"/><U55/><E114/><V56/><F113/><W74/><G101/><T118/><D2/><U89/><E78/><V86/><F107/><W122/><G62/><T8/><D35/><U116/><E116/><V58/><F130/><W32/><G32/><T129/><D129/><U84/><E38/><V57/><F95/><W22/><G41/><T9/><D118/><U17/><E125/><V115/><F100/><W80/><G91/><T103/><D108/><U47/><E84/><V128/><F128/><W53/><G80/><T135/><D135/><U109/><E109/><V51/><F46/><W126/><G126/><T16/><D112/><U69/><E47/><V14/><F14/><W39/><G39/><T98/><D103/><U28/><REACH who="1" step="1"/><E55/><REACH who="1" ten="390,329,229,42" step="2"/><N who="3" m="21066" /><G49/><T76/><D48/><U66/><E66/><V77/><REACH who="2" step="1"/><F115/><REACH who="2" ten="390,329,219,42" step="2"/><W119/><G15/><T132/><D132/><U96/><E96/><V75/><F75/><N who="3" m="28715" /><G119/><T99/><D98/><U40/><E40/><V5/><F5/><W73/><N who="3" m="28723" /><W88/><DORA hai="18" /><G88/><T131/><D99/><U29/><E29/><V65/><F65/><W37/><G37/><T25/><D67/><U24/><E24/><V10/><F10/><AGARI ba="1,2" hai="10,13,17,20,27,28,36,43,44,63,64,69,89,90" machi="10" ten="30,12000,1" yaku="1,1,7,1,52,2,53,1" doraHai="61,18" doraHaiUra="11,97" who="1" fromWho="2" sc="390,0,329,143,219,-123,42,0" /><INIT seed="1,2,0,5,3,116" ten="390,472,96,42" oya="1" hai0="40,106,62,96,7,49,6,122,134,30,63,83,68" hai1="69,34,81,117,42,55,95,23,59,37,111,47,129" hai2="79,67,124,46,126,28,39,128,45,93,127,133,77" hai3="90,27,17,72,60,36,66,89,113,99,98,52,15"/><U3/><E117/><V65/><F28/><W1/><G113/><T118/><D118/><U24/><E34/><V12/><F12/><W125/><G1/><T105/><D134/><U50/><E3/><V115/><F93/><W70/><G125/><T26/><D68/><U75/><E95/><V114/><F39/><W11/><G72/><T51/><D122/><U110/><E129/><V33/><F33/><W107/><G36/><T19/><D83/><U87/><E75/><V20/><F20/><W94/><G107/><T41/><D30/><U85/><E69/><V78/><F133/><W131/><G131/><T97/><D19/><U38/><E38/><V76/><N who="2" m="19456" /><DORA hai="119" /><V74/><F74/><W84/><G27/><AGARI ba="2,0" hai="6,7,26,27,40,41,49,51,62,63,96,97,105,106" machi="27" ten="25,1600,0" yaku="22,2" doraHai="116,119" who="0" fromWho="3" sc="390,22,472,0,96,0,42,-22" /><INIT seed="2,0,0,4,3,21" ten="412,472,96,20" oya="2" hai0="63,112,44,4,71,113,80,107,91,129,25,38,35" hai1="127,79,78,68,128,106,26,33,42,104,77,131,126" hai2="62,88,93,34,20,39,19,123,116,95,65,13,10" hai3="53,101,24,66,97,14,96,130,9,11,83,60,99"/><V124/><F34/><W100/><G130/><N who="1" m="49706" /><E42/><V16/><F123/><W27/><G83/><T102/><D129/><U64/><E64/><V86/><F39/><W3/><G3/><T67/><D91/><U82/><E82/><V22/><F124/><N who="1" m="47657" /><E68/><V61/><F116/><W103/><G53/><T41/><D4/><U94/><E94/><V89/><F65/><W57/><REACH who="3" step="1"/><G11/><REACH who="3" ten="412,472,96,10" step="2"/><T50/><D80/><U0/><E0/><V74/><F74/><W49/><G49/><T56/><D50/><U17/><E79/><V73/><F73/><W45/><G45/><T47/><D47/><U118/><E78/><V15/><REACH who="2" step="1"/><F10/><REACH who="2" ten="412,472,86,10" step="2"/><W31/><G31/><N who="0" m="19951" /><D56/><U69/><E118/><V125/><F125/><W105/><G105/><T46/><D46/><U18/><E106/><V59/><F59/><W84/><G84/><AGARI ba="0,2" hai="13,15,16,19,20,22,61,62,84,86,88,89,93,95" machi="84" ten="30,24000,3" yaku="1,1,7,1,32,3,8,1,54,2,53,2" doraHai="21" doraHaiUra="58" who="2" fromWho="3" sc="412,0,472,0,86,260,10,-240" owari="412,21.0,472,57.0,346,-5.0,-230,-73.0" /></mjloggm>