<mjloggm ver="2.3"><GO type="41"/><UN n0="%E8%A8%98%E6%86%B6%E5%96%AA%E5%A4%B1%E5%B0%91%E5%B9%B4%E3%83%9E%E3%82%AA" n1="%E5%BC%81%E5%A4%A9" n2="%E9%83%A8%E5%AE%A4%E9%BA%BB%E9%9B%80" n3="%EF%BC%88%E2%89%A7%E2%96%BD%E2%89%A6%EF%BC%89" dan="14,13,14,14" rate="1974,1807,2005,2004" sx="M,M,M,M"/><TAIKYOKU oya="0"/><INIT seed="0,0,0,4,0,115" ten="250,250,250,250" oya="0" hai0="104,56,48,9,128,85,75,33,89,95,134,30,106" hai1="82,19,39,5,98,88,103,80,117,10,101,78,83" hai2="65,22,35,26,58,135,120,77,36,15,40,71,18" hai3="108,129,47,130,54,23,99,112,60,52,13,51,114"/><T133/><D75/><U41/><E39/><V59/><F120/><W61/><G99/><T97/><D33/><U27/><E41/><V127/><F135/><N who="0" m="51722" /><D30/><U86/><E27/><V90/><F127/><W69/><G13/><T119/><D56/><U126/><E19/><V100/><F100/><W17/><G17/><T123/><D48/><U25/><E25/><V24/><F77/><W38/><G23/><T16/><D123/><U50/><E50/><V68/><F35/><W63/><G108/><T73/><D128/><N who="3" m="49257" /><G38/><T2/><D73/><U94/><E126/><V125/><F125/><W3/><G3/><T102/><D2/><U6/><E10/><V7/><F36/><W49/><G69/><T132/><N who="0" m="51730" /><T72/><DORA hai="28" /><D72/><N who="1" m="43079" /><E5/><V76/><F7/><W116/><G116/><T74/><D74/><U79/><E6/><V1/><F1/><W0/><G0/><T42/><D119/><U64/><E64/><V8/><F65/><W124/><G124/><T32/><D32/><U44/><E44/><AGARI ba="0,0" hai="44,47,49,51,52,54,60,61,63,112,114" m="49257" machi="44" ten="30,7700,0" yaku="19,1,34,2,54,1" doraHai="115,28" who="3" fromWho="1" sc="250,0,250,-77,250,0,250,77" /><INIT seed="1,0,0,0,0,69" ten="250,173,250,327" oya="1" hai0="38,124,4,61,134,109,119,121,65,127,80,11,102" hai1="19,87,91,95,82,53,28,52,33,30,3,48,97" hai2="74,50,42,51,106,66,13,26,92,111,27,84,56" hai3="21,20,18,14,8,44,68,107,55,63,120,125,64"/><U126/><E3/><V116/><F74/><W67/><G120/><T89/><D121/><U34/><E126/><N who="0" m="48169" /><D119/><U83/><E34/><V15/><F106/><W32/><G125/><T90/><D102/><U98/><E33/><V54/><F116/><W104/><G32/><T112/><D112/><U6/><E6/><V29/><F111/><W79/><G67/><T0/><D109/><U57/><E19/><V12/><F29/><W47/><G79/><T128/><D80/><U81/><E83/><V1/><F1/><W9/><G9/><T103/><D103/><U135/><E135/><V110/><F110/><W45/><REACH who="3" step="1"/><G55/><REACH who="3" step="2"/><T37/><D134/><U75/><E75/><V70/><F66/><W77/><G77/><T123/><D123/><U17/><E53/><V16/><F54/><W86/><G86/><T101/><D128/><U85/><E98/><V133/><F84/><W49/><G49/><T62/><D61/><U122/><E122/><V40/><F51/><W35/><G35/><T10/><D11/><U93/><E85/><V2/><F50/><W76/><G76/><T118/><D118/><U129/><E129/><V22/><F133/><W117/><G117/><T58/><D101/><N who="1" m="60591" /><E81/><V94/><F22/><AGARI ba="0,1" hai="8,14,18,20,21,22,44,45,47,63,64,68,104,107" machi="22" ten="40,1300,0" yaku="1,1,53,0" doraHai="69" doraHaiUra="39" who="3" fromWho="2" sc="250,0,173,0,250,-13,317,23" /><INIT seed="2,0,0,2,0,98" ten="250,173,237,340" oya="2" hai0="64,33,0,62,123,129,50,119,121,58,5,82,20" hai1="80,11,93,45,53,34,47,131,55,118,23,78,32" hai2="127,43,132,59,9,22,69,102,7,126,17,21,109" hai3="85,30,54,106,19,97,39,101,73,31,10,92,75"/><V16/><F69/><W108/><G39/><T46/><D33/><U99/><E118/><V14/><F43/><W122/><G122/><T6/><D119/><U8/><E131/><V113/><F59/><W114/><G114/><T40/><D129/><U60/><E34/><V111/><F113/><W133/><G133/><T36/><D6/><U56/><E32/><V134/><F102/><W71/><G71/><T70/><D20/><N who="2" m="7786" /><F7/><W107/><G107/><T90/><D90/><U3/><E23/><V35/><F35/><W4/><G19/><T48/><D48/><U24/><E24/><V38/><F38/><W42/><G42/><T57/><D57/><U63/><E3/><V66/><F66/><W37/><G37/><T28/><D28/><U52/><E45/><V41/><F17/><W128/><G128/><T68/><D68/><U130/><E130/><V115/><F41/><W27/><G27/><T2/><D2/><U13/><E47/><V100/><F100/><W12/><G54/><T135/><D50/><U104/><E104/><V81/><F81/><W65/><G65/><T49/><D49/><U44/><E44/><V77/><F77/><W67/><G67/><T79/><D58/><N who="1" m="34887" /><E53/><V88/><F88/><W94/><G106/><T105/><D105/><U96/><E80/><V15/><F15/><W91/><G12/><T87/><D123/><U18/><E78/><V125/><F115/><W95/><G4/><T86/><D121/><U84/><E8/><V103/><F103/><W29/><G101/><T110/><D5/><U76/><E76/><V124/><F124/><RYUUKYOKU ba="0,0" sc="250,-15,173,15,237,15,340,-15" hai1="11,13,18,55,56,63,84,93,96,99" hai2="9,14,16,109,111,125,126,127,132,134" /><INIT seed="2,1,0,0,1,59" ten="235,188,252,325" oya="2" hai0="19,70,94,62,21,88,11,109,48,99,28,45,4" hai1="18,75,51,103,110,61,135,22,81,7,23,1,60" hai2="33,85,64,52,39,74,87,80,66,43,129,108,32" hai3="67,8,44,131,93,89,114,42,58,113,24,107,49"/><V12/><F74/><W122/><G107/><T98/><D109/><U97/><E110/><V91/><F108/><W5/><G122/><T0/><D28/><U117/><E117/><V68/><F129/><W118/><G118/><T3/><D3/><U133/><E1/><V134/><F66/><W16/><G131/><T36/><D36/><U105/><E7/><V90/><F134/><N who="1" m="51209" /><E51/><V15/><F43/><W37/><G5/><T127/><D127/><U125/><E125/><V96/><F96/><W2/><G2/><T123/><D123/><U124/><E124/><V46/><F39/><W30/><G30/><T47/><BYE who="3" /><D47/><U84/><E75/><V17/><F15/><W120/><G120/><T111/><D111/><U50/><E50/><V56/><F46/><W6/><G6/><T106/><D70/><U25/><E23/><V31/><F68/><W92/><G92/><T55/><D106/><U112/><E112/><V41/><F41/><W100/><G100/><T53/><D62/><U26/><E26/><V77/><F33/><W38/><G38/><T9/><D11/><U54/><E54/><V126/><F126/><W121/><G121/><T14/><D53/><UN n3="%EF%BC%88%E2%89%A7%E2%96%BD%E2%89%A6%EF%BC%89" /><U78/><AGARI ba="1,0" hai="18,22,25,60,61,78,81,84,97,103,105" m="51209" machi="78" ten="30,4000,0" yaku="20,1,52,2" doraHai="59" who="1" fromWho="1" sc="235,-11,188,43,252,-21,325,-11" /><INIT seed="3,0,0,0,2,64" ten="224,231,231,314" oya="3" hai0="120,47,86,31,35,11,20,17,68,16,80,72,27" hai1="2,69,7,128,52,79,57,45,48,18,90,106,46" hai2="58,118,5,38,83,63,26,96,76,117,34,3,134" hai3="130,101,71,50,121,74,70,8,82,24,61,37,131"/><W91/><G37/><T113/><D72/><U41/><E106/><V42/><F134/><W116/><G116/><T56/><D120/><U122/><E122/><V51/><F38/><W127/><G121/><T28/><D113/><U39/><E79/><V84/><F96/><W13/><G101/><T81/><D35/><U54/><E128/><N who="3" m="49194" /><G127/><T92/><D68/><N who="3" m="26153" /><G61/><T55/><D47/><U78/><E69/><V32/><F32/><W126/><G126/><T93/><D81/><U0/><E78/><V87/><F76/><N who="3" m="44311" /><G91/><T62/><D93/><U25/><E7/><V112/><F5/><N who="3" m="3215" /><G50/><T73/><D92/><U100/><E100/><V49/><F49/><W124/><G124/><T133/><D73/><U135/><E135/><V36/><F51/><W59/><G24/><T4/><D133/><U108/><E90/><V22/><F26/><W33/><G33/><T53/><D53/><U85/><E85/><V123/><F34/><W99/><G99/><T98/><D98/><U75/><E75/><V107/><F87/><W125/><G125/><T1/><REACH who="0" step="1"/><D17/><REACH who="0" step="2"/><U104/><E18/><V102/><F123/><W9/><G59/><T95/><D95/><U132/><E132/><V60/><F58/><W89/><G89/><AGARI ba="0,1" hai="1,4,11,16,20,27,28,31,55,56,62,80,86,89" machi="89" ten="30,3900,0" yaku="1,1,7,1,54,1,53,0" doraHai="64" doraHaiUra="105" who="0" fromWho="3" sc="214,49,231,0,231,0,314,-39" /><INIT seed="4,0,0,4,5,12" ten="263,231,231,275" oya="0" hai0="125,100,111,63,73,93,122,5,87,7,108,77,31" hai1="119,30,45,3,135,39,35,64,86,75,97,91,70" hai2="132,106,24,32,80,36,37,15,68,65,23,8,52" hai3="127,59,123,66,21,72,104,102,11,47,14,34,112"/><T131/><D122/><U90/><E75/><V6/><F106/><W38/><G123/><T67/><D31/><U79/><E3/><V18/><F132/><W103/><G112/><T44/><D131/><U55/><E119/><V19/><F80/><W121/><G34/><T85/><D73/><U105/><E79/><V109/><F109/><N who="0" m="42058" /><D125/><U60/><E135/><V117/><F117/><W62/><G72/><T57/><D44/><U2/><E2/><V118/><F118/><W9/><G121/><T71/><D71/><U17/><E17/><V40/><F40/><W82/><G127/><T53/><D53/><U51/><E86/><N who="0" m="32777" /><D77/><U96/><E96/><AGARI ba="0,0" hai="5,7,57,63,67,93,96,100" m="32777,42058" machi="96" ten="30,1500,0" yaku="10,1" doraHai="12" who="0" fromWho="1" sc="263,15,231,-15,231,0,275,0" /><INIT seed="4,1,0,4,0,128" ten="278,216,231,275" oya="0" hai0="83,60,127,62,13,79,50,95,135,100,67,96,11" hai1="4,99,38,125,97,117,102,52,106,130,61,121,70" hai2="0,93,66,47,39,124,26,98,46,10,56,32,45" hai3="58,105,134,112,94,18,36,57,23,43,88,55,6"/><T54/><D135/><U49/><E117/><V75/><F75/><W42/><G105/><T76/><D127/><U72/><E121/><V59/><F124/><W101/><G112/><T107/><D107/><U123/><E123/><V129/><F129/><W116/><G116/><T69/><D62/><U87/><E72/><V30/><F39/><W41/><G134/><T22/><D83/><U118/><E38/><V92/><F66/><W63/><G101/><T14/><D22/><U24/><E125/><V21/><F32/><W71/><G6/><T40/><D14/><U35/><E118/><V115/><F115/><W80/><G80/><T103/><D40/><U77/><E130/><V108/><F108/><W17/><G36/><T74/><D103/><U5/><E99/><V110/><F110/><W2/><G2/><T33/><D33/><U9/><E77/><V91/><F0/><W3/><G3/><T104/><D95/><U8/><E87/><N who="2" m="52351" /><F10/><W113/><G113/><T16/><REACH who="0" step="1"/><D74/><REACH who="0" step="2"/><U73/><E73/><V82/><F82/><W29/><G42/><T81/><D81/><U15/><E15/><V37/><F37/><W90/><G43/><T132/><D132/><U85/><E61/><V1/><F1/><W20/><G20/><T25/><D25/><U86/><E24/><V19/><F30/><W12/><G29/><T31/><D31/><U28/><E28/><V89/><AGARI ba="1,1" hai="19,21,26,45,46,47,56,59,89,93,98" m="52351" machi="89" ten="30,1100,0" yaku="8,1" doraHai="128" who="2" fromWho="2" sc="268,-6,216,-4,231,24,275,-4" /><INIT seed="5,0,0,5,5,53" ten="262,212,255,271" oya="1" hai0="76,128,12,92,91,110,127,77,44,72,48,87,121" hai1="8,40,0,35,38,99,103,122,81,10,22,107,71" hai2="62,11,46,111,66,4,118,57,2,19,79,78,65" hai3="116,130,54,52,45,1,24,133,119,94,31,83,80"/><U95/><E122/><V90/><F118/><N who="3" m="45099" /><G1/><T97/><D121/><U84/><E35/><V117/><F117/><W64/><G133/><T41/><D110/><U59/><E71/><V96/><F111/><W15/><G130/><T27/><D128/><U14/><E38/><V6/><F6/><W74/><G64/><T67/><D127/><U82/><E40/><V134/><F134/><W5/><G94/><T102/><D72/><U37/><E37/><V70/><F70/><W108/><G108/><T55/><D67/><U29/><E0/><V25/><F46/><W115/><G115/><T20/><D12/><U98/><E99/><V3/><F66/><W123/><G123/><T75/><D41/><U28/><E107/><V85/><F96/><W49/><G54/><T120/><D75/><U36/><E36/><V9/><F2/><W32/><G74/><T135/><D135/><U101/><E101/><V73/><F73/><W131/><G131/><T109/><D109/><U50/><E82/><V126/><F126/><W34/><G34/><T129/><D120/><U106/><E106/><V47/><F3/><W86/><G86/><T18/><REACH who="0" step="1"/><D129/><REACH who="0" step="2"/><U13/><E13/><V42/><F42/><W114/><G114/><T68/><D68/><U105/><E105/><AGARI ba="0,1" hai="18,20,27,44,48,55,76,77,87,91,92,97,102,105" machi="105" ten="30,2000,0" yaku="1,1,7,1,53,0" doraHai="53" doraHaiUra="58" who="0" fromWho="1" sc="252,30,212,-20,255,0,271,0" /><INIT seed="6,0,0,0,4,74" ten="282,192,255,271" oya="2" hai0="42,26,39,2,111,108,57,134,121,53,130,32,83" hai1="94,116,135,115,120,100,106,50,73,28,133,3,78" hai2="64,52,118,72,13,56,62,84,86,91,24,33,125" hai3="38,105,89,88,124,21,9,11,49,25,31,36,54"/><V58/><F118/><W87/><G105/><T101/><D2/><U71/><E28/><V7/><F72/><W47/><G124/><T75/><D121/><U112/><E50/><V127/><F33/><W34/><G34/><T97/><D53/><U19/><E19/><V27/><F127/><W55/><G55/><T48/><D48/><U79/><E71/><V107/><F107/><W30/><G30/><N who="0" m="19543" /><D57/><U98/><E3/><V95/><F125/><W99/><G99/><T37/><D134/><N who="1" m="51211" /><E116/><V17/><F84/><W80/><REACH who="3" step="1"/><G89/><REACH who="3" step="2"/><T4/><D97/><N who="1" m="61711" /><E120/><V109/><F109/><W51/><G51/><T70/><D111/><U104/><E104/><V110/><F110/><W46/><G46/><T122/><D108/><U96/><E96/><V66/><F66/><W10/><AGARI ba="0,1" hai="9,10,11,21,25,31,36,38,47,49,54,80,87,88" machi="10" ten="30,4000,0" yaku="1,1,0,1,54,1,53,0" doraHai="74" doraHaiUra="113" who="3" fromWho="3" sc="282,-10,192,-10,255,-20,261,50" /><INIT seed="7,0,0,3,0,14" ten="272,182,235,311" oya="3" hai0="57,60,11,122,62,10,13,92,85,32,116,3,36" hai1="70,18,79,41,40,74,130,73,102,87,118,29,52" hai2="56,65,133,115,43,48,17,91,26,12,113,114,83" hai3="81,68,23,110,9,132,103,58,69,0,84,129,120"/><W63/><G120/><T19/><D122/><U90/><E70/><V34/><F133/><W1/><G132/><T15/><D116/><U97/><E29/><V128/><F128/><W51/><G129/><T104/><D104/><U95/><E130/><V55/><F65/><W107/><G110/><T35/><D36/><U75/><E118/><V38/><F34/><W53/><G107/><T98/><D3/><U39/><E79/><V59/><F26/><W27/><G103/><T105/><D85/><U93/><E39/><V25/><F25/><W101/><G101/><T135/><D62/><U22/><REACH who="1" step="1"/><E52/><REACH who="1" step="2"/><N who="2" m="31751" /><F38/><W6/><G68/><T8/><D135/><U88/><E88/><V109/><F109/><W24/><G69/><T7/><D105/><U45/><E45/><V20/><F91/><W64/><G53/><T82/><D32/><U4/><E4/><V96/><F43/><W127/><G6/><T72/><D35/><U21/><E21/><V99/><F83/><W47/><G81/><T108/><D82/><U5/><E5/><V71/><F71/><W111/><G23/><T46/><D108/><U50/><E50/><AGARI ba="0,1" hai="12,17,20,50,55,59,96,99,113,114,115" m="31751" machi="50" ten="30,3900,0" yaku="15,1,52,1,54,1" doraHai="14" who="2" fromWho="1" sc="272,0,172,-39,235,49,311,0" owari="272,-13.0,133,-37.0,284,8.0,311,42.0" /></mjloggm>