<mjloggm ver="2.3"><GO type="41"/><UN n0="%E3%83%8B%E3%82%B8%E3%83%B3%E3%82%B9%E3%82%AD%E3%82%A4" n1="%E3%82%A6%E3%83%AB%E3%83%88%E3%83%A9%E7%AB%8B%E7%9B%B4" n2="%45%75%70%68%6F%72%69%61" n3="%E3%81%97%E3%81%86" dan="13,15,13,14" rate="1881,2008,1862,1874" sx="M,M,M,M"/><TAIKYOKU oya="0"/><INIT seed="0,0,0,5,4,116" ten="250,250,250,250" oya="0" hai0="126,61,34,37,94,73,46,43,120,14,33,30,91" hai1="53,18,56,115,119,16,117,97,134,44,65,100,75" hai2="105,70,86,13,128,107,72,109,84,51,26,68,104" hai3="125,77,25,54,42,102,118,64,60,114,83,90,78"/><T76/><D120/><U85/><E75/><V101/><F72/><W32/><G118/><T6/><D126/><U4/><E115/><V15/><F109/><W55/><G114/><T95/><D95/><U74/><E74/><V58/><F128/><W81/><G102/><T2/><D30/><U121/><E117/><V124/><F124/><W130/><G125/><T27/><D14/><N who="2" m="5130" /><F101/><W12/><G130/><T110/><D27/><U123/><E119/><V111/><F111/><W29/><G42/><T103/><D103/><U99/><E4/><V79/><F79/><W66/><G12/><T20/><D20/><U92/><E134/><V93/><F93/><W11/><G11/><N who="0" m="2519" /><D61/><U135/><E135/><V133/><F133/><W50/><G55/><T40/><D40/><U63/><E99/><V28/><F58/><W48/><G48/><T19/><D19/><U1/><E1/><V80/><F80/><W41/><G41/><T112/><D110/><U0/><E0/><V87/><F51/><W106/><G106/><T24/><D24/><U10/><E10/><V31/><F26/><W127/><G127/><T96/><D112/><U89/><E18/><V52/><F52/><W113/><G113/><T23/><D23/><U57/><E16/><V67/><F67/><W71/><G66/><T7/><D7/><U22/><E22/><V59/><F59/><W38/><G38/><T108/><D108/><U47/><E47/><V3/><F3/><W17/><G17/><T122/><D122/><U45/><E123/><V35/><F35/><W132/><G132/><T21/><D21/><RYUUKYOKU ba="0,0" sc="250,15,250,-15,250,15,250,-15" hai0="33,34,37,43,46,73,76,91,94,96" hai2="28,31,68,70,84,86,87,104,105,107" /><INIT seed="0,1,0,5,5,39" ten="265,235,265,235" oya="0" hai0="60,118,97,83,41,107,21,48,129,121,47,85,122" hai1="108,58,89,131,124,28,126,1,26,117,4,109,119" hai2="130,56,80,33,101,96,35,40,23,74,57,25,17" hai3="50,66,7,32,3,10,106,82,111,16,18,0,112"/><T6/><D118/><U76/><E76/><V95/><F130/><W59/><G106/><T29/><D129/><U11/><E89/><V123/><F123/><W55/><G111/><N who="1" m="42570" /><E58/><V67/><F74/><W104/><G104/><T93/><D107/><U38/><E38/><V69/><F69/><W36/><G36/><T63/><D6/><U132/><E131/><V100/><F100/><W34/><G112/><T20/><D122/><U51/><E51/><V98/><F98/><W94/><G82/><T61/><D29/><U30/><E132/><V134/><F134/><W19/><G3/><T52/><D121/><U110/><E110/><V113/><F113/><W81/><G81/><T90/><REACH who="0" step="1"/><D41/><REACH who="0" ten="255,235,265,235" step="2"/><U71/><E30/><V31/><F40/><W43/><G43/><T70/><D70/><U79/><E71/><V53/><F31/><W22/><G34/><T91/><AGARI ba="1,1" hai="20,21,47,48,52,60,61,63,83,85,90,91,93,97" machi="91" ten="30,11700,0" yaku="1,1,0,1,8,1,54,1,53,0" doraHai="39" doraHaiUra="133" who="0" fromWho="0" sc="255,130,235,-40,265,-40,235,-40" /><INIT seed="0,2,0,1,2,10" ten="385,195,225,195" oya="0" hai0="18,114,125,88,108,135,122,92,30,105,19,73,35" hai1="56,80,86,58,104,29,9,27,120,39,97,38,94" hai2="102,115,4,107,64,68,24,76,106,61,51,96,47" hai3="99,49,128,7,26,130,77,121,50,71,2,93,48"/><T85/><D114/><U45/><E104/><V65/><F115/><W52/><G121/><T126/><D122/><U116/><E116/><V55/><F76/><W69/><G77/><T84/><D73/><U101/><E120/><V53/><F106/><W109/><G109/><T75/><D75/><U25/><E39/><V74/><F74/><W133/><G2/><T117/><D117/><U118/><E118/><V57/><F4/><W42/><G42/><T91/><D105/><U22/><E38/><V23/><REACH who="2" step="1"/><F68/><REACH who="2" ten="385,195,215,195" step="2"/><W89/><G7/><T111/><D135/><U81/><E9/><V11/><F11/><W13/><G133/><T123/><D123/><U98/><E86/><V113/><F113/><W40/><G71/><T28/><REACH who="0" step="1"/><D92/><REACH who="0" ten="375,195,215,195" step="2"/><U83/><E94/><V32/><F32/><AGARI ba="2,2" hai="18,19,28,30,32,35,84,85,88,91,108,111,125,126" machi="32" ten="25,12000,1" yaku="1,1,2,1,22,2,54,1,53,0" doraHai="10" doraHaiUra="70" who="0" fromWho="2" sc="375,146,195,0,215,-126,195,0" /><INIT seed="0,3,0,3,0,83" ten="521,195,89,195" oya="0" hai0="107,33,103,130,50,44,88,27,40,132,94,34,82" hai1="8,49,18,12,106,85,59,25,58,38,90,71,23" hai2="19,127,3,129,60,15,115,11,119,116,30,95,16" hai3="118,97,28,66,22,126,99,45,123,1,69,120,134"/><T6/><D132/><U48/><E71/><V21/><F60/><W73/><G1/><T124/><D6/><U98/><E38/><V2/><F95/><W101/><G73/><T46/><D130/><U117/><E117/><N who="2" m="45131" /><F129/><W102/><G118/><T74/><D124/><U4/><E98/><V9/><F127/><W131/><G45/><T112/><D112/><U109/><E106/><V79/><F79/><W91/><G126/><T53/><D27/><U81/><E109/><V125/><F125/><W51/><G131/><T42/><D107/><U77/><E90/><V55/><F55/><W70/><G51/><AGARI ba="3,0" hai="4,8,12,18,23,25,48,49,51,58,59,77,81,85" machi="51" ten="40,2600,0" yaku="8,1,52,1" doraHai="83" who="1" fromWho="3" sc="521,0,195,35,89,0,195,-35" /><INIT seed="1,0,0,3,2,34" ten="521,230,89,160" oya="1" hai0="54,80,44,85,18,51,14,105,1,123,82,42,89" hai1="116,115,111,8,37,119,114,120,48,103,67,128,24" hai2="97,117,2,78,36,55,92,98,30,3,21,86,110" hai3="79,58,32,59,91,66,132,0,84,106,133,121,45"/><U16/><E37/><V57/><F117/><N who="1" m="45129" /><E67/><V38/><F110/><W101/><G32/><T122/><D105/><U25/><E48/><V94/><F38/><W81/><G45/><T33/><D33/><U69/><E69/><V60/><F36/><W130/><G121/><N who="0" m="46091" /><D1/><U64/><E64/><V20/><F78/><W107/><G130/><T26/><D26/><N who="1" m="10347" /><E103/><V46/><F46/><W76/><G0/><T71/><D71/><U129/><E120/><V100/><F86/><W104/><G66/><T15/><D42/><U77/><E77/><N who="3" m="29770" /><G59/><T49/><D49/><U35/><E35/><V131/><F131/><N who="1" m="50249" /><E111/><V56/><F30/><W28/><G58/><T9/><D15/><AGARI ba="0,0" hai="8,15,16,114,115" m="50249,10347,45129" machi="15" ten="40,12000,1" yaku="19,1,34,2,54,1" doraHai="34" who="1" fromWho="0" sc="521,-120,230,120,89,0,160,0" /><INIT seed="1,1,0,5,2,80" ten="401,350,89,160" oya="1" hai0="88,118,120,33,49,27,109,96,24,0,103,71,113" hai1="5,91,60,35,61,62,59,3,20,84,114,108,29" hai2="18,90,44,123,11,119,132,8,104,106,125,22,47" hai3="56,102,23,92,87,127,126,16,116,95,131,128,77"/><U130/><E35/><V111/><F123/><W55/><G116/><T121/><D113/><U79/><E114/><V133/><F119/><W58/><G102/><T12/><D109/><U99/><E108/><V42/><F111/><W13/><G58/><T10/><D0/><U39/><E39/><V100/><F100/><W78/><G95/><T30/><D71/><U72/><E72/><V50/><F125/><N who="3" m="47627" /><G78/><T34/><D118/><U17/><E29/><V21/><F90/><N who="3" m="53343" /><G77/><T25/><D49/><AGARI ba="1,0" hai="13,16,23,49,55,56,128,131" m="53343,47627" machi="49" ten="30,7700,0" yaku="25,1,18,1,52,1,54,1" doraHai="80" who="3" fromWho="0" sc="401,-80,350,0,89,0,160,80" /><INIT seed="2,0,0,1,1,51" ten="321,350,89,240" oya="2" hai0="68,53,47,21,32,116,39,79,101,82,97,12,88" hai1="35,63,125,121,111,90,99,78,40,120,0,77,96" hai2="28,105,16,126,72,9,56,115,128,118,64,86,92" hai3="98,31,119,4,19,124,65,95,30,33,18,50,24"/><V15/><F118/><W108/><G119/><T8/><D68/><U102/><E35/><V113/><F105/><W83/><G83/><T60/><BYE who="3" /><D32/><U135/><E0/><V5/><F72/><W49/><G49/><T129/><D116/><U34/><E34/><V6/><F126/><W55/><G55/><T36/><D129/><U37/><E37/><V100/><F128/><W52/><G52/><T76/><D21/><U22/><E40/><V13/><F113/><W17/><G17/><T94/><D39/><U75/><E63/><N who="2" m="37991" /><F115/><W7/><G7/><T59/><D36/><U122/><E22/><N who="2" m="11551" /><F28/><W109/><G109/><T43/><D43/><U3/><E3/><V91/><F100/><W66/><G66/><T133/><D133/><U70/><E70/><V38/><F38/><W2/><G2/><T71/><D71/><U81/><E135/><V106/><F106/><W54/><G54/><T85/><REACH who="0" step="1"/><D47/><REACH who="0" ten="311,350,89,240" step="2"/><U67/><E120/><V69/><F69/><W46/><G46/><T87/><D87/><U23/><E122/><V93/><F5/><AGARI ba="0,1" hai="5,8,12,53,59,60,76,79,82,85,88,94,97,101" machi="5" ten="30,8000,1" yaku="1,1,7,1,8,1,52,1,54,1,53,0" doraHai="51" doraHaiUra="127" who="0" fromWho="2" sc="311,90,350,0,89,-80,240,0" /><INIT seed="3,0,0,3,3,82" ten="401,350,9,240" oya="3" hai0="64,44,76,90,39,43,38,132,31,65,98,108,100" hai1="14,1,124,104,97,105,107,81,25,3,33,59,56" hai2="72,7,129,55,29,111,115,73,120,23,51,49,35" hai3="54,85,0,9,88,119,96,126,103,122,45,48,95"/><W20/><G20/><T102/><D108/><U19/><E25/><V61/><F111/><W94/><G94/><T5/><D132/><U53/><E33/><V58/><F115/><W70/><G70/><T37/><D76/><U13/><E97/><V123/><F35/><W112/><G112/><T27/><D5/><U50/><E124/><V17/><F129/><W91/><G91/><T4/><D4/><U32/><E32/><V113/><F113/><W2/><G2/><T60/><D90/><U28/><E28/><V57/><F7/><W22/><G22/><T114/><D102/><U30/><E30/><V92/><F29/><W78/><G78/><T75/><D65/><U74/><E74/><UN n3="%E3%81%97%E3%81%86" /><V68/><F68/><W66/><G119/><T87/><D87/><U12/><E19/><V106/><F106/><W110/><G122/><N who="2" m="46633" /><F92/><N who="3" m="58759" /><G0/><T67/><D75/><N who="2" m="28746" /><F58/><W130/><G110/><T83/><D67/><U34/><E34/><V118/><F118/><W40/><G130/><T93/><D83/><U6/><E6/><V86/><F86/><W62/><G126/><T109/><D109/><U10/><E10/><V16/><F17/><W101/><G9/><T42/><D42/><U21/><E21/><V135/><F135/><W125/><G125/><T8/><D8/><U18/><E18/><V116/><F116/><W89/><G89/><T26/><D114/><U71/><E71/><V36/><F36/><N who="0" m="13930" /><D31/><U24/><E24/><AGARI ba="0,0" hai="16,23,24,49,51,55,57,61" m="28746,46633" machi="24" ten="30,2000,0" yaku="13,1,54,1" doraHai="82" who="2" fromWho="1" sc="401,0,350,-20,9,20,240,0" /><INIT seed="4,0,0,0,3,65" ten="401,330,29,240" oya="0" hai0="118,9,45,127,7,56,78,117,38,23,71,85,107" hai1="31,44,98,32,105,103,6,130,133,14,112,79,131" hai2="1,74,28,47,49,35,11,42,77,122,25,73,48" hai3="19,99,110,72,46,66,121,116,83,102,5,16,134"/><T81/><D107/><U69/><E14/><V30/><F30/><W96/><G116/><T91/><D127/><U8/><E8/><V59/><F122/><W57/><G110/><T132/><D132/><U29/><E6/><N who="2" m="1487" /><F59/><W108/><G108/><T93/><D23/><U86/><E31/><V126/><F126/><W13/><G46/><T89/><D56/><U76/><E44/><V0/><F0/><W20/><G121/><T33/><D71/><U129/><E29/><V12/><F12/><W4/><G134/><T24/><D24/><U67/><E32/><V50/><F50/><W58/><G72/><T18/><D18/><U113/><E133/><V63/><F63/><N who="3" m="38255" /><G58/><T3/><D33/><U104/><E104/><V111/><F111/><W80/><G102/><T62/><D62/><N who="1" m="40183" /><E86/><V119/><F119/><W21/><G5/><T94/><D89/><U75/><E75/><V120/><F120/><W84/><G4/><T39/><D94/><U124/><E124/><V2/><F2/><W125/><G125/><T10/><D10/><U53/><E53/><V52/><F52/><W88/><G80/><T68/><D68/><U54/><E54/><V64/><F64/><W100/><G100/><T61/><D61/><U41/><E41/><V87/><F87/><W70/><G70/><T97/><D45/><U60/><E60/><V36/><F73/><W22/><G21/><T90/><D78/><AGARI ba="0,0" hai="76,78,79,98,103,105,112,113,129,130,131" m="40183" machi="78" ten="40,2600,0" yaku="19,1,52,1" doraHai="65" who="1" fromWho="0" sc="401,-26,330,26,29,0,240,0" /><INIT seed="5,0,0,1,1,63" ten="375,356,29,240" oya="1" hai0="115,30,34,64,14,98,128,16,74,37,24,40,107" hai1="116,10,70,43,85,108,57,135,56,17,95,87,101" hai2="109,4,102,45,19,112,132,25,81,120,79,78,69" hai3="8,82,18,15,31,61,42,58,105,5,72,50,123"/><U29/><E70/><V130/><F120/><W21/><G105/><T26/><D74/><U99/><E116/><V92/><F109/><W67/><G123/><T28/><D115/><U3/><E108/><V20/><F112/><W93/><G93/><T22/><D128/><U36/><E135/><V113/><F113/><W54/><G72/><T133/><D133/><U90/><E29/><V38/><F132/><W77/><G31/><T129/><D129/><U59/><E36/><V46/><F130/><W13/><G77/><T114/><D114/><U2/><E43/><V53/><F69/><W127/><G127/><T131/><D131/><U60/><E85/><V126/><F126/><W106/><G106/><T91/><D40/><U96/><E96/><V71/><F71/><W27/><G82/><T39/><D64/><U83/><E3/><V7/><F79/><W75/><G75/><T111/><D111/><U117/><E117/><V121/><F121/><W124/><G124/><T33/><REACH who="0" step="1"/><D91/><REACH who="0" ten="365,356,29,240" step="2"/><U84/><E84/><V65/><F65/><W110/><G110/><T6/><D6/><U52/><REACH who="1" step="1"/><E17/><REACH who="1" ten="365,346,29,240" step="2"/><V44/><F4/><AGARI ba="0,2" hai="2,4,10,52,56,57,59,60,83,87,90,95,99,101" machi="4" ten="40,7700,0" yaku="1,1,2,1,54,1,53,0" doraHai="63" doraHaiUra="68" who="1" fromWho="2" sc="365,0,346,97,29,-77,240,0" owari="365,17.0,443,54.0,-48,-55.0,240,-16.0" /></mjloggm>