<mjloggm ver="2.3"><GO type="169" lobby="0"/><UN n0="%E3%81%98%E3%82%83%E3%82%80%E2%99%AD" n1="%E3%82%8A%E3%81%A8%E3%82%8B%E3%80%82%E3%80%82" n2="%E2%84%83%2D%75%74%65" n3="%EF%BC%88%E2%89%A7%E2%96%BD%E2%89%A6%EF%BC%89" dan="16,16,16,17" rate="2062,2093,2067,2103" sx="M,M,M,M"/><TAIKYOKU oya="0"/><INIT seed="0,0,0,1,0,122" ten="250,250,250,250" oya="0" hai0="99,23,20,92,67,56,8,89,90,112,19,43,102" hai1="37,46,75,40,27,77,97,2,22,111,10,62,94" hai2="13,55,72,135,54,48,132,85,61,91,50,80,38" hai3="93,51,123,18,131,130,103,6,35,109,129,4,73"/><T125/><D112/><U36/><E36/><V29/><F38/><W84/><G123/><T83/><D125/><U17/><E62/><V16/><F29/><W106/><G73/><T113/><D113/><U21/><E21/><V11/><F72/><W124/><G124/><T12/><D43/><U59/><E59/><V1/><F1/><W9/><G35/><T68/><D68/><U74/><E77/><V5/><F5/><W26/><G106/><T60/><REACH who="0" step="1"/><D90/><REACH who="0" ten="240,250,250,250" step="2"/><U115/><E115/><V78/><F91/><W39/><G130/><T107/><D107/><U41/><E41/><V110/><F132/><W25/><G131/><T52/><D52/><U86/><E40/><V42/><F42/><W32/><G129/><T31/><D31/><U7/><E37/><V82/><F55/><W58/><G39/><T66/><D66/><U121/><E121/><V120/><F120/><W33/><G33/><T64/><D64/><U47/><E47/><V119/><F135/><W28/><G32/><T101/><D101/><U116/><E46/><V81/><F54/><W118/><G28/><T105/><D105/><U69/><E69/><V98/><F78/><W53/><G103/><T30/><D30/><U63/><E63/><V117/><F61/><W45/><G53/><T126/><D126/><U49/><E49/><V128/><F128/><W95/><G51/><T24/><D24/><U3/><E27/><V14/><F50/><W71/><G25/><T133/><D133/><U88/><E88/><V44/><F48/><W15/><G26/><T108/><D108/><U65/><E65/><RYUUKYOKU ba="0,1" sc="240,30,250,-10,250,-10,250,-10" hai0="8,12,19,20,23,56,60,67,83,89,92,99,102" /><INIT seed="0,1,1,0,0,36" ten="270,240,240,240" oya="0" hai0="4,18,102,41,92,29,65,122,8,38,70,3,132" hai1="15,60,28,76,22,12,124,87,49,39,100,117,97" hai2="30,106,91,135,125,86,116,104,94,35,14,37,126" hai3="123,121,21,93,24,80,112,61,82,110,57,85,16"/><T101/><D122/><N who="3" m="46601" /><G112/><T5/><D132/><U109/><E39/><V129/><F135/><W56/><G110/><T53/><D29/><U133/><E133/><V1/><F1/><W48/><G48/><T84/><D4/><U69/><E117/><V47/><F116/><W10/><G10/><T130/><D130/><U64/><E109/><V33/><F129/><W9/><G9/><T58/><D70/><U43/><E124/><N who="2" m="47723" /><F14/><W98/><G85/><T107/><D65/><U77/><E12/><V119/><F119/><W46/><G46/><T71/><D71/><U131/><E131/><V51/><F37/><W32/><G32/><N who="2" m="12361" /><F30/><W90/><G56/><T6/><D6/><U13/><E13/><V50/><F50/><W115/><G115/><T66/><D3/><U127/><E127/><V20/><F20/><W89/><G90/><T81/><D5/><U113/><E113/><V63/><F63/><W17/><G17/><T95/><D18/><U27/><E15/><V67/><F67/><AGARI ba="1,1" hai="16,21,24,57,61,67,80,82,89,93,98" m="46601" machi="67" ten="30,2000,0" yaku="13,1,54,1" doraHai="36" who="3" fromWho="2" sc="270,0,240,0,240,-23,240,33" /><INIT seed="1,0,0,3,4,101" ten="270,240,217,273" oya="1" hai0="73,76,111,131,35,115,57,30,116,53,2,51,71" hai1="105,24,23,52,22,97,27,33,112,3,56,120,96" hai2="79,21,26,118,66,67,102,48,133,28,108,80,64" hai3="125,13,31,82,8,124,106,126,81,37,0,135,45"/><U65/><E112/><V12/><F118/><W6/><G135/><T104/><RYUUKYOKU type="yao9" ba="0,0" sc="270,0,240,0,217,0,273,0" hai0="2,30,35,51,53,57,71,73,76,104,111,115,116,131" /><INIT seed="1,1,0,3,1,35" ten="270,240,217,273" oya="1" hai0="95,32,19,133,45,121,24,104,20,115,40,64,110" hai1="92,22,107,122,83,135,39,57,86,1,59,9,21" hai2="116,11,109,16,4,90,128,66,48,102,25,84,82" hai3="77,47,37,17,93,105,87,96,42,27,15,30,60"/><U114/><E107/><V125/><F116/><W63/><G105/><T124/><D115/><U67/><E114/><V100/><F109/><W50/><G37/><T55/><D104/><U131/><E39/><V72/><F72/><W14/><G77/><T129/><D110/><U28/><E122/><V94/><F128/><W101/><G87/><T106/><D106/><U26/><E131/><V123/><F123/><W49/><G49/><T113/><D113/><U0/><E135/><V65/><F125/><W61/><REACH who="3" step="1"/><G17/><REACH who="3" ten="270,240,217,263" step="2"/><T44/><D121/><U46/><E92/><V118/><F48/><W111/><G111/><T43/><D95/><U8/><E86/><V117/><F94/><W10/><G10/><T81/><D129/><U56/><E83/><V71/><F118/><W2/><G2/><T18/><D81/><U5/><E9/><V88/><F117/><W112/><G112/><T38/><D38/><U33/><E0/><V7/><F11/><W29/><G29/><T53/><D19/><U108/><E108/><V91/><F84/><W127/><G127/><T51/><D124/><U134/><E134/><V120/><F82/><W12/><G12/><T98/><D133/><U52/><E67/><N who="2" m="25611" /><F120/><W119/><G119/><T69/><D64/><U85/><E85/><V126/><F126/><W54/><G54/><T31/><D53/><U62/><E62/><V89/><F71/><W80/><G80/><T97/><D69/><U6/><E6/><V74/><F4/><W36/><G36/><N who="0" m="21511" /><D55/><U130/><E130/><V41/><F7/><W78/><G78/><T132/><D132/><RYUUKYOKU ba="1,1" sc="270,10,240,10,217,-30,263,10" hai0="18,20,24,31,32,43,45,51,97,98" hai1="1,5,8,21,22,26,28,33,46,52,56,57,59" hai3="14,15,27,30,42,47,50,60,61,63,93,96,101" /><INIT seed="1,2,1,4,0,130" ten="280,250,187,273" oya="1" hai0="79,83,19,123,113,18,133,69,85,132,78,7,49" hai1="27,114,87,92,16,3,82,36,31,48,54,122,30" hai2="35,67,13,56,125,4,126,72,129,128,135,86,70" hai3="11,90,41,84,9,94,119,76,68,127,15,88,81"/><U73/><E36/><V32/><F72/><W93/><G119/><T38/><D38/><U14/><E3/><V102/><F70/><W96/><G127/><N who="2" m="48649" /><F102/><W20/><G68/><T98/><D113/><U101/><E73/><V58/><F86/><N who="3" m="48423" /><G41/><T29/><D69/><U33/><E114/><V104/><F104/><W45/><G45/><T55/><D123/><U28/><E122/><V109/><F109/><W74/><G74/><T53/><D7/><U39/><E39/><V50/><F67/><W63/><G63/><T6/><D6/><U44/><E92/><V95/><F95/><W134/><G134/><N who="0" m="51819" /><D29/><U22/><REACH who="1" step="1"/><E101/><REACH who="1" ten="280,240,187,273" step="2"/><V34/><F135/><W105/><G105/><T116/><D116/><U112/><E112/><V131/><F50/><W97/><G84/><N who="0" m="48247" /><D98/><U117/><E117/><V106/><F106/><W111/><G111/><T77/><D85/><U57/><E57/><V60/><F58/><W75/><G75/><T25/><D49/><U46/><E46/><V80/><F56/><W47/><G47/><T115/><D115/><U43/><E43/><V40/><F40/><W103/><G103/><T26/><D77/><AGARI ba="2,2" hai="14,16,22,27,28,30,31,33,44,48,54,77,82,87" machi="77" ten="30,11600,0" yaku="1,1,7,1,54,1,53,1" doraHai="130" doraHaiUra="42" who="1" fromWho="0" sc="280,-122,240,142,187,0,273,0" /><INIT seed="1,3,0,4,2,62" ten="158,382,187,273" oya="1" hai0="121,95,4,94,61,26,77,79,75,59,47,9,0" hai1="23,39,66,29,7,67,110,28,84,129,36,107,50" hai2="25,10,52,130,55,30,37,92,90,81,109,82,12" hai3="71,135,46,69,33,13,44,103,40,58,117,91,111"/><U115/><E115/><V54/><F37/><W16/><G33/><T83/><D121/><U45/><E107/><V31/><F109/><W60/><G111/><T14/><D77/><U11/><E110/><V99/><F130/><W20/><G135/><T85/><D75/><U78/><E129/><V114/><F114/><W68/><G103/><T97/><D0/><U34/><E34/><V123/><F123/><W98/><G117/><T18/><D47/><U53/><E39/><V2/><F2/><W43/><G98/><T27/><D4/><U64/><E36/><V116/><F116/><W32/><G32/><T74/><D74/><U73/><E73/><V6/><REACH who="2" step="1"/><F25/><REACH who="2" ten="158,382,177,273" step="2"/><N who="0" m="9226" /><D97/><U131/><E131/><V56/><F56/><W134/><G134/><T70/><D70/><U124/><E124/><V41/><F41/><W113/><G113/><T105/><D105/><U17/><E78/><V108/><F108/><W3/><G3/><T21/><D9/><U119/><E119/><V42/><F42/><W80/><G40/><T8/><D8/><U48/><E48/><V133/><F133/><W127/><G127/><T22/><D22/><U112/><E112/><V57/><F57/><W96/><G43/><T122/><D122/><U126/><E126/><V88/><F88/><W76/><G91/><T49/><D49/><U104/><E23/><V1/><F1/><W86/><REACH who="3" step="1"/><G96/><REACH who="3" ten="158,382,177,263" step="2"/><T89/><D89/><U65/><E50/><V101/><F101/><W5/><G5/><T15/><D79/><U100/><E7/><V63/><F63/><W51/><G51/><T24/><D61/><RYUUKYOKU ba="3,2" sc="158,-15,382,-15,177,15,263,15" hai2="6,10,12,30,31,52,54,55,81,82,90,92,99" hai3="13,16,20,44,46,58,60,68,69,71,76,80,86" /><INIT seed="2,4,2,3,5,135" ten="143,367,192,278" oya="2" hai0="81,0,14,132,3,129,12,72,55,122,109,130,32" hai1="104,86,114,4,100,21,69,110,79,84,47,87,6" hai2="125,93,24,70,15,97,89,31,85,16,19,75,127" hai3="56,91,117,52,44,66,131,28,22,108,33,38,88"/><V58/><F75/><W71/><G117/><T123/><D132/><U76/><E69/><V60/><F70/><W34/><G34/><T7/><D32/><U8/><E114/><V64/><F85/><W57/><G33/><T37/><D37/><U106/><E21/><V26/><F31/><W126/><G131/><N who="0" m="50187" /><D109/><U120/><E47/><V62/><F62/><N who="3" m="38223" /><G71/><T42/><D42/><U102/><E8/><N who="2" m="6247" /><F19/><W113/><G113/><T1/><D55/><U82/><E6/><V9/><F9/><W65/><G38/><T128/><N who="0" m="50195" /><T25/><DORA hai="121" /><D25/><U134/><E4/><V35/><F35/><W90/><G108/><T101/><D101/><N who="1" m="39019" /><E134/><V105/><F105/><N who="1" m="40553" /><E110/><V94/><F94/><W118/><G118/><T133/><D133/><U59/><E59/><V18/><F18/><W83/><G44/><T124/><D7/><U11/><E11/><V63/><F63/><W5/><G5/><T48/><D122/><U99/><E120/><V96/><F96/><W115/><G115/><T73/><D123/><U103/><E82/><V49/><F49/><W98/><G83/><T74/><D48/><U40/><E40/><V107/><F107/><AGARI ba="4,2" hai="76,79,84,86,87,99,103,107" m="40553,39019" machi="107" ten="30,8000,1" yaku="35,5" doraHai="135,121" who="1" fromWho="2" sc="143,0,367,112,192,-92,278,0" /><INIT seed="3,0,0,2,5,54" ten="143,479,100,278" oya="3" hai0="22,82,51,98,81,101,2,86,104,6,96,11,114" hai1="111,29,32,49,37,103,97,24,95,48,83,52,23" hai2="89,118,64,44,46,88,70,36,21,17,65,134,110" hai3="72,45,4,135,27,77,13,5,60,19,133,76,20"/><W115/><G115/><T121/><D121/><U38/><E111/><V66/><F118/><W78/><G72/><T58/><D114/><U35/><E49/><V108/><F70/><W53/><G45/><T124/><D124/><U7/><E7/><V126/><F126/><W92/><G92/><T12/><D98/><U47/><REACH who="1" step="1"/><E83/><REACH who="1" ten="143,469,100,278" step="2"/><V80/><F80/><W67/><G4/><T3/><D82/><U75/><E75/><V116/><F36/><AGARI ba="0,1" hai="23,24,29,32,35,36,37,38,47,48,52,95,97,103" machi="36" ten="40,2600,0" yaku="1,1,54,1,53,0" doraHai="54" doraHaiUra="109" who="1" fromWho="2" sc="143,0,469,36,100,-26,278,0" /><INIT seed="4,0,0,4,1,100" ten="143,505,74,278" oya="0" hai0="77,128,116,7,14,44,122,80,96,82,75,42,46" hai1="71,32,135,120,17,131,76,11,33,127,114,30,111" hai2="85,8,94,15,79,121,125,84,16,57,132,60,72" hai3="93,0,99,35,106,29,59,123,91,1,134,40,20"/><T107/><D116/><U56/><E56/><V26/><F121/><W37/><G35/><T34/><D34/><U78/><E78/><V130/><F132/><W28/><G123/><T62/><D122/><U92/><E92/><V38/><F38/><W58/><G134/><T109/><D128/><U119/><E76/><V88/><F130/><W86/><G1/><T68/><D109/><U12/><E30/><V4/><F125/><W66/><G0/><T3/><D3/><U55/><E55/><V41/><F41/><W102/><G20/><T10/><D80/><U6/><E71/><V90/><F72/><W9/><G9/><T81/><D81/><U27/><E120/><V36/><F36/><W117/><G117/><T65/><REACH who="0" step="1"/><D42/><REACH who="0" ten="133,505,74,278" step="2"/><U63/><E111/><V2/><F2/><W45/><G66/><T105/><D105/><U98/><E131/><V39/><F79/><W25/><G106/><T31/><D31/><U108/><E108/><V104/><F104/><W48/><G40/><T129/><D129/><U110/><E110/><V115/><F115/><W118/><G118/><T52/><D52/><U47/><E135/><V74/><F74/><W103/><G93/><T97/><D97/><U87/><E98/><V67/><F39/><W113/><G99/><T73/><D73/><U69/><E119/><V18/><F26/><W89/><G25/><T21/><D21/><U112/><E112/><V83/><AGARI ba="0,1" hai="4,8,15,16,18,57,60,67,83,84,85,88,90,94" machi="83" ten="20,8000,1" yaku="0,1,7,1,8,1,54,2" doraHai="100" who="2" fromWho="2" sc="133,-40,505,-20,74,90,278,-20" /><INIT seed="5,0,0,0,1,62" ten="93,485,164,258" oya="1" hai0="130,122,124,104,121,56,65,115,2,49,29,102,116" hai1="105,48,128,64,97,106,85,73,91,33,42,58,119" hai2="112,109,99,88,17,15,98,103,94,9,57,86,79" hai3="83,93,13,110,100,80,132,129,4,24,118,44,12"/><U37/><E73/><V96/><F109/><W19/><G110/><T36/><D116/><U27/><E119/><V59/><F79/><W82/><G118/><T40/><D2/><U75/><E75/><V39/><F39/><W89/><G132/><T32/><D104/><U47/><E97/><N who="2" m="37483" /><F112/><W95/><G129/><T14/><D102/><U30/><E128/><V74/><F74/><W108/><G108/><T7/><D130/><U16/><E37/><V113/><F113/><W101/><G44/><N who="0" m="23559" /><D115/><U53/><E42/><V22/><F9/><N who="3" m="4135" /><G24/><T77/><D77/><U11/><E58/><V125/><F125/><W69/><G69/><T34/><D124/><U41/><E64/><V90/><F103/><N who="3" m="39499" /><G89/><T51/><D29/><U38/><E41/><V63/><F63/><W6/><G6/><T31/><D31/><U111/><E38/><V123/><F123/><N who="0" m="47114" /><D32/><U107/><E111/><V76/><F76/><W10/><AGARI ba="0,0" hai="10,13,19,80,82,83,93,95" m="39499,4135" machi="10" ten="30,1100,0" yaku="8,1" doraHai="62" who="3" fromWho="3" sc="93,-3,485,-5,164,-3,258,11" /><INIT seed="6,0,0,4,2,30" ten="90,480,161,269" oya="2" hai0="75,128,8,108,88,62,112,72,54,25,14,115,97" hai1="127,78,70,51,59,6,39,28,26,107,31,116,100" hai2="102,0,53,101,41,134,76,4,121,7,66,117,37" hai3="58,109,1,21,104,71,90,43,114,74,11,10,87"/><V64/><F117/><W27/><G109/><T120/><D108/><U77/><E39/><V125/><F121/><W23/><G74/><T48/><D120/><U3/><E70/><V126/><F76/><W110/><G71/><T12/><D128/><U113/><E116/><V131/><F131/><W89/><G104/><T56/><D112/><U16/><E127/><V99/><F53/><W103/><G114/><T95/><D115/><U35/><E31/><V17/><F17/><W5/><G103/><T57/><D25/><U50/><E50/><V36/><F99/><W49/><G110/><T124/><D124/><U61/><E51/><V42/><F0/><W47/><G11/><T84/><D97/><U130/><E130/><V93/><F93/><W13/><G1/><T94/><D94/><U123/><E123/><V91/><F91/><W129/><G129/><T2/><D2/><U122/><E122/><V34/><F134/><W135/><G135/><T67/><REACH who="0" step="1"/><D14/><REACH who="0" ten="80,480,161,269" step="2"/><U79/><E113/><V29/><F29/><W96/><G27/><T111/><D111/><U82/><E26/><V46/><F34/><W63/><G96/><T9/><D9/><U33/><E33/><V132/><F132/><W40/><G10/><T105/><D105/><U24/><E107/><V15/><F15/><W52/><G13/><T118/><D118/><U86/><E100/><V60/><F126/><W80/><G80/><T44/><D44/><U85/><E3/><V119/><F125/><W98/><G47/><T69/><D69/><U38/><E28/><V92/><F46/><W83/><G98/><RYUUKYOKU ba="0,1" sc="80,30,480,-10,161,-10,269,-10" hai0="8,12,48,54,56,57,62,67,72,75,84,88,95" /><INIT seed="7,1,1,0,4,21" ten="110,470,151,259" oya="3" hai0="114,127,58,129,74,88,19,56,28,23,14,108,32" hai1="20,63,73,82,128,0,60,27,35,119,103,105,24" hai2="16,98,93,70,97,79,61,102,120,109,84,2,51" hai3="11,126,49,121,112,124,76,9,134,62,6,71,44"/><W78/><G121/><T5/><D108/><U117/><E0/><V118/><F109/><W130/><G130/><T40/><D129/><U37/><E37/><V31/><F118/><N who="1" m="45065" /><E128/><V91/><F2/><W3/><G134/><T86/><D74/><U26/><E35/><V132/><F132/><W36/><G36/><T85/><D127/><N who="3" m="48681" /><G112/><T38/><D114/><U57/><E105/><V96/><F31/><W25/><G25/><N who="1" m="9834" /><E103/><V81/><F120/><W111/><G9/><N who="0" m="4399" /><D32/><U83/><E73/><V99/><F102/><W8/><G8/><T53/><D28/><N who="1" m="17511" /><E63/><V133/><F133/><W59/><G111/><T92/><D38/><U101/><E101/><V54/><F61/><W116/><G116/><T55/><D40/><U75/><E75/><V48/><F48/><W107/><G107/><T66/><D66/><AGARI ba="1,1" hai="57,60,66,82,83" m="17511,9834,45065" machi="66" ten="30,8000,1" yaku="12,1,52,4" doraHai="21" who="1" fromWho="0" sc="110,-83,470,93,151,0,259,0" owari="27,-47.0,563,66.0,151,-25.0,259,6.0" /></mjloggm>