<mjloggm ver="2.3"><GO type="41"/><UN n0="%E3%82%A6%E3%83%AB%E3%83%88%E3%83%A9%E7%AB%8B%E7%9B%B4" n1="%74%2D%61%67%65" n2="%E6%A1%90%E5%B1%B1%E9%9B%B6" n3="%E3%83%94%E3%82%B1" dan="15,13,14,16" rate="2019,1833,1930,2040" sx="M,M,F,M"/><TAIKYOKU oya="0"/><INIT seed="0,0,0,0,4,5" ten="250,250,250,250" oya="0" hai0="105,87,14,22,43,47,109,54,95,39,13,28,119" hai1="98,57,76,132,130,21,82,77,61,30,80,68,35" hai2="63,56,15,121,117,123,126,33,97,118,42,90,83" hai3="86,129,10,85,72,34,91,65,78,7,66,46,103"/><T4/><D105/><U110/><E132/><V36/><F33/><W16/><G34/><T125/><D119/><N who="2" m="45578" /><F15/><W69/><G103/><T81/><D125/><U96/><E130/><V58/><F83/><W12/><G129/><T55/><D109/><U59/><E110/><V108/><F90/><W102/><G102/><T112/><D112/><U60/><E35/><V64/><F97/><W44/><G72/><T113/><D113/><U71/><E21/><V73/><F73/><W104/><G104/><T17/><D95/><U93/><E93/><V2/><F2/><W133/><G133/><T128/><D128/><U122/><E122/><V31/><F31/><AGARI ba="0,0" hai="30,31,57,59,60,61,68,71,76,77,80,82,96,98" machi="31" ten="25,1600,0" yaku="22,2" doraHai="5" who="1" fromWho="2" sc="250,0,250,16,250,-16,250,0" /><INIT seed="1,0,0,2,1,83" ten="250,266,234,250" oya="1" hai0="15,67,11,98,92,33,117,59,119,5,81,93,48" hai1="77,16,8,115,12,56,17,22,45,113,91,82,3" hai2="80,57,97,66,49,38,96,1,39,7,24,124,111" hai3="65,76,55,51,71,130,10,58,108,25,28,70,104"/><U40/><E56/><V53/><F111/><W134/><G104/><T42/><D33/><U85/><E3/><V128/><F66/><W60/><G108/><T52/><D93/><U99/><E99/><V112/><F24/><W26/><G134/><T89/><D42/><U46/><E46/><V129/><F124/><W109/><G109/><T61/><REACH who="0" step="1"/><D81/><REACH who="0" ten="240,266,234,250" step="2"/><U135/><E135/><V43/><F80/><W69/><G130/><T75/><D75/><U103/><E103/><V121/><F43/><W126/><G126/><T64/><D64/><U4/><E4/><V6/><F6/><W44/><G28/><T107/><D107/><U110/><E110/><V87/><F7/><W114/><G114/><T127/><D127/><U29/><E29/><V123/><F112/><W34/><G34/><T90/><D90/><U36/><REACH who="1" step="1"/><E91/><REACH who="1" ten="240,256,234,250" step="2"/><V101/><F129/><W122/><G65/><T20/><D20/><U41/><E41/><V0/><F128/><W2/><G71/><AGARI ba="0,2" hai="5,11,15,48,52,59,61,67,71,89,92,98,117,119" machi="71" ten="30,3900,0" yaku="1,1,7,1,54,1,53,0" doraHai="83" doraHaiUra="72" who="0" fromWho="3" sc="240,59,256,0,234,0,250,-39" /><INIT seed="2,0,0,0,2,96" ten="299,256,234,211" oya="2" hai0="26,119,101,77,127,61,88,120,32,8,78,52,6" hai1="14,122,12,43,73,116,124,95,129,113,44,74,123" hai2="19,33,42,57,34,86,60,51,36,132,90,105,4" hai3="67,62,133,87,30,11,1,70,102,54,41,112,98"/><V79/><F36/><W55/><G133/><T9/><D120/><U80/><E80/><V128/><F105/><W5/><G112/><T104/><D127/><U21/><E95/><V115/><F115/><W29/><G41/><T103/><D104/><U15/><E113/><V17/><F4/><W126/><G126/><T99/><D32/><U58/><E124/><V3/><F3/><W59/><G87/><T2/><D26/><U72/><E58/><V118/><F118/><W107/><REACH who="3" step="1"/><G55/><REACH who="3" ten="299,256,234,201" step="2"/><T97/><D52/><U110/><E116/><V7/><F86/><W91/><G91/><T111/><D88/><U45/><E43/><V27/><F90/><W0/><G0/><T66/><D119/><U23/><E129/><V38/><F42/><W25/><G25/><T114/><D2/><U93/><E110/><V131/><F132/><W22/><G22/><N who="1" m="8202" /><E93/><V50/><F34/><W65/><G65/><T16/><D111/><U37/><E37/><V92/><F33/><W121/><G121/><AGARI ba="0,1" hai="12,14,15,44,45,72,73,74,121,122,123" m="8202" machi="121" ten="40,5200,0" yaku="28,2,13,1" doraHai="96" who="1" fromWho="3" sc="299,0,256,62,234,0,201,-52" /><INIT seed="3,0,0,5,5,44" ten="299,318,234,149" oya="3" hai0="62,4,90,9,41,124,36,98,109,103,51,119,58" hai1="95,3,15,126,121,111,77,84,23,20,82,55,75" hai2="71,128,96,104,112,133,37,72,132,13,102,14,11" hai3="24,40,19,16,0,8,101,69,57,64,25,29,17"/><W63/><G101/><T131/><D119/><U83/><E3/><V54/><F112/><W39/><G69/><T94/><D124/><U12/><E126/><V59/><F128/><W18/><N who="3" m="4096" /><DORA hai="66" /><W116/><G116/><T49/><D131/><U86/><E121/><V106/><F72/><W70/><G57/><T30/><D109/><U32/><E111/><V92/><F37/><W113/><G113/><T56/><D56/><U65/><E65/><V35/><F35/><W93/><G93/><T34/><D34/><U125/><E125/><V10/><F71/><W99/><G99/><T47/><D30/><U110/><E110/><V1/><F1/><W80/><G80/><T120/><D120/><U78/><E32/><V87/><F87/><W108/><G108/><T31/><D31/><U6/><E55/><V53/><F59/><W130/><G130/><T5/><D103/><U67/><E67/><V68/><F68/><W74/><G74/><T2/><D5/><U91/><E6/><V117/><F102/><W45/><REACH who="3" step="1"/><G29/><REACH who="3" ten="299,318,234,139" step="2"/><T50/><D58/><U28/><E28/><V114/><F92/><W61/><G61/><T73/><REACH who="0" step="1"/><D73/><REACH who="0" ten="289,318,234,139" step="2"/><U100/><E100/><V115/><F96/><W127/><G127/><T60/><AGARI ba="0,2" hai="2,4,9,36,41,47,49,50,51,60,62,90,94,98" machi="60" ten="30,16000,3" yaku="1,1,2,1,0,1,52,3,53,4" doraHai="44,66" doraHaiUra="7,46" who="0" fromWho="0" sc="289,180,318,-40,234,-40,139,-80" /><INIT seed="4,0,0,1,3,50" ten="469,278,194,59" oya="0" hai0="18,1,32,80,71,85,132,70,110,43,134,105,37" hai1="74,28,77,82,49,125,29,119,44,16,130,120,47" hai2="83,75,60,38,39,129,103,10,24,15,11,97,64" hai3="131,101,92,81,61,54,93,25,122,86,100,12,121"/><T99/><D1/><U65/><E120/><N who="3" m="46186" /><G25/><T42/><D32/><U123/><E123/><V90/><F129/><W114/><G131/><T3/><D3/><U33/><E130/><V109/><F109/><W68/><G68/><N who="0" m="26155" /><D37/><U67/><E125/><V7/><F24/><W95/><G12/><T48/><D48/><U106/><E106/><V66/><F66/><W35/><G35/><T63/><D63/><U51/><E33/><V19/><F75/><W113/><G61/><T72/><D72/><U17/><E74/><V31/><F31/><W40/><G40/><N who="0" m="15403" /><D99/><U111/><E77/><V118/><F118/><W23/><G23/><T2/><D105/><U6/><E82/><V27/><F27/><W127/><G127/><T52/><D18/><U87/><E6/><V46/><F83/><W53/><G81/><T5/><D5/><U128/><E128/><V126/><F126/><W78/><G78/><T56/><D2/><U41/><E119/><V9/><F7/><W124/><G86/><T4/><D4/><U116/><E116/><V13/><F19/><W26/><G26/><T108/><D85/><U0/><E0/><V69/><F38/><W76/><G76/><T98/><D80/><U73/><E73/><V62/><F62/><W115/><G124/><T57/><D57/><U22/><E87/><V34/><F34/><W133/><G133/><T88/><D98/><U94/><E94/><N who="2" m="56535" /><F103/><AGARI ba="0,0" hai="53,54,92,93,95,100,101,103,113,114,115" m="46186" machi="103" ten="40,12000,2" yaku="28,2,15,1,13,1,52,2" doraHai="50" who="3" fromWho="2" sc="469,0,278,0,194,-120,59,120" /><INIT seed="5,0,0,4,5,72" ten="469,278,74,179" oya="1" hai0="113,77,105,89,36,83,35,78,6,106,98,64,39" hai1="29,127,22,86,52,11,69,30,114,117,110,15,34" hai2="122,19,38,119,125,134,10,51,90,3,112,17,54" hai3="129,13,5,14,31,120,62,108,99,131,58,56,95"/><U126/><E69/><V75/><F119/><W0/><G108/><T70/><D6/><N who="1" m="3575" /><E86/><V47/><F122/><W121/><G31/><N who="1" m="11786" /><E52/><V103/><F103/><W100/><G0/><T118/><D89/><U24/><E117/><V18/><F125/><N who="1" m="47625" /><E110/><V57/><F134/><W55/><G58/><T45/><D70/><U124/><E124/><V102/><F102/><W93/><G93/><T26/><D64/><U76/><E76/><V128/><F128/><W71/><G71/><T130/><D78/><U53/><E53/><V116/><F116/><W97/><G97/><T28/><D118/><U59/><E59/><V81/><F112/><W9/><G121/><T132/><D113/><U48/><E48/><V63/><F38/><W1/><G120/><T49/><D130/><AGARI ba="0,0" hai="1,5,9,13,14,55,56,62,95,99,100,129,130,131" machi="130" ten="40,1300,0" yaku="19,1" doraHai="72" who="3" fromWho="0" sc="469,-13,278,0,74,0,179,13" /><INIT seed="6,0,0,2,0,88" ten="456,278,74,192" oya="2" hai0="120,102,123,42,25,1,24,94,92,86,23,50,134" hai1="62,77,22,132,64,52,104,119,3,107,106,81,49" hai2="5,4,71,44,58,110,54,9,73,95,135,75,11" hai3="41,114,115,32,36,109,8,21,100,125,60,51,15"/><V78/><F71/><W89/><G32/><T84/><D1/><U26/><E119/><V87/><F135/><W69/><G36/><T124/><D124/><U38/><E38/><V122/><F122/><W16/><G109/><T97/><D134/><U112/><E132/><V46/><F110/><W128/><G100/><T133/><D133/><U20/><E3/><V17/><F73/><W99/><G125/><T37/><D37/><U98/><E112/><N who="3" m="43050" /><G128/><T40/><D50/><U61/><E22/><V131/><F75/><W45/><G69/><T111/><D111/><U93/><E62/><N who="2" m="36183" /><F131/><W47/><G47/><N who="2" m="17961" /><F78/><W63/><G8/><N who="2" m="3145" /><F17/><W79/><G79/><T27/><D120/><U113/><E113/><V80/><F80/><W65/><G65/><T0/><D0/><U67/><E67/><V129/><F129/><W39/><G39/><T117/><D123/><U101/><E81/><V35/><F35/><W18/><G18/><T66/><D117/><U118/><E118/><V43/><F43/><W34/><G34/><T2/><D2/><U121/><E77/><V74/><F74/><W48/><G48/><T126/><D126/><U13/><E121/><V29/><F29/><W90/><G63/><T31/><D42/><U127/><E127/><V53/><F53/><W72/><G60/><T12/><D40/><U6/><E61/><V82/><F82/><W28/><G72/><T96/><D66/><U7/><E64/><V83/><F83/><W33/><G33/><T10/><D31/><U70/><E70/><V91/><AGARI ba="0,0" hai="4,5,87,91,95" m="3145,17961,36183" machi="91" ten="30,3000,0" yaku="8,1,52,1" doraHai="88" who="2" fromWho="2" sc="456,-10,278,-10,74,30,192,-10" /><INIT seed="6,1,0,5,0,94" ten="446,268,104,182" oya="2" hai0="101,80,106,74,116,119,7,111,13,65,4,64,27" hai1="42,105,47,54,0,129,92,51,103,29,87,121,35" hai2="2,123,1,21,40,6,130,125,84,68,99,82,83" hai3="63,24,33,57,109,127,72,20,69,8,39,66,126"/><V81/><F123/><W70/><G72/><T19/><D111/><U117/><E117/><N who="0" m="45129" /><D101/><U43/><E105/><V113/><F68/><W108/><G33/><T133/><D106/><U131/><E0/><V32/><F32/><W96/><G39/><T59/><D27/><U95/><E95/><V107/><F40/><W122/><G8/><T58/><D133/><U128/><E121/><V93/><F113/><W44/><G44/><T22/><D80/><U62/><E35/><V9/><F125/><N who="3" m="47627" /><G122/><T76/><D76/><U10/><E29/><V17/><F130/><W78/><G78/><T61/><D74/><U98/><E10/><V90/><F107/><W46/><G46/><T132/><D132/><U97/><E97/><V41/><F41/><W100/><G108/><T91/><D91/><U79/><E62/><AGARI ba="1,0" hai="4,7,13,19,22,58,59,61,62,64,65" m="45129" machi="62" ten="30,1000,0" yaku="12,1" doraHai="94" who="0" fromWho="1" sc="446,13,268,-13,104,0,182,0" /><INIT seed="7,0,0,4,5,117" ten="459,255,104,182" oya="3" hai0="32,17,95,0,93,118,124,13,131,38,3,79,94" hai1="28,41,107,80,108,22,52,46,81,83,101,78,119" hai2="20,134,65,129,88,103,45,51,57,76,133,50,109" hai3="39,121,128,54,120,72,70,44,132,21,84,63,5"/><W7/><G72/><T1/><D118/><U69/><E119/><V66/><F76/><W104/><G104/><T25/><D38/><U26/><E69/><V122/><F103/><W102/><G102/><T96/><D79/><U47/><E107/><V59/><F109/><W36/><G21/><T6/><D124/><U18/><E101/><V55/><F20/><W67/><G84/><T105/><D105/><U49/><E108/><V37/><F88/><W98/><G98/><T91/><D131/><U71/><E71/><V19/><F19/><W127/><G128/><T89/><D96/><U64/><E64/><V29/><F29/><W61/><G7/><T75/><D6/><U100/><E100/><V92/><F92/><W33/><G33/><T16/><D75/><U82/><E82/><V14/><F14/><W112/><G127/><T86/><D13/><U34/><E80/><V115/><F129/><W9/><G9/><T30/><D86/><U10/><E10/><V87/><F87/><W8/><G132/><N who="2" m="50793" /><F115/><W58/><G112/><T110/><D110/><U48/><E78/><V31/><F31/><W53/><G8/><T15/><D17/><U40/><E18/><V62/><F37/><N who="3" m="14411" /><G5/><T114/><REACH who="0" step="1"/><D114/><REACH who="0" ten="449,255,104,182" step="2"/><U106/><E106/><V126/><F126/><W60/><G44/><T23/><AGARI ba="0,1" hai="0,1,3,15,16,23,25,30,32,89,91,93,94,95" machi="23" ten="40,8000,1" yaku="1,1,2,1,0,1,54,1,53,0" doraHai="117" doraHaiUra="130" who="0" fromWho="0" sc="449,90,255,-20,104,-20,182,-40" owari="539,64.0,235,4.0,84,-42.0,142,-26.0" /></mjloggm>