<mjloggm ver="2.3"><GO type="169" lobby="0"/><UN n0="%E5%90%A0%E3%81%88%E3%82%8B%E5%BD%A1%E2%98%86" n1="%EF%BC%88%E2%89%A7%E2%96%BD%E2%89%A6%EF%BC%89" n2="%E5%B7%A3%E4%BD%9C%E3%82%8A%E3%83%89%E3%83%A9%E3%82%B4%E3%83%B3" n3="%E3%83%8A%E3%82%AC%E3%83%A4%E3%83%9E" dan="16,19,16,16" rate="2126.30,2275.59,2067.67,2075.82" sx="M,M,M,M"/><TAIKYOKU oya="0"/><INIT seed="0,0,0,3,3,108" ten="250,250,250,250" oya="0" hai0="34,63,112,101,6,91,110,8,46,43,86,123,132" hai1="75,113,129,51,25,106,65,35,44,76,54,53,70" hai2="38,95,83,77,84,111,94,22,48,120,28,31,127" hai3="60,57,11,62,85,4,89,50,24,9,97,74,117"/><T20/><D123/><U73/><E106/><V109/><F120/><W100/><G74/><T1/><D34/><U39/><E39/><V121/><F121/><W66/><G117/><T10/><D132/><U18/><E129/><V105/><F105/><W103/><G50/><T2/><D110/><N who="2" m="41994" /><F38/><W125/><G125/><T55/><D101/><U40/><E70/><V122/><F122/><W80/><G4/><T42/><D20/><U93/><E65/><V64/><F127/><W23/><G62/><T71/><D112/><U119/><E113/><V19/><F64/><W33/><G33/><T104/><D104/><U7/><E7/><V69/><F48/><W124/><G100/><T49/><D71/><U16/><E119/><V37/><F37/><W78/><G78/><T21/><D2/><U107/><E107/><V102/><F69/><W87/><G87/><T81/><D63/><U88/><E35/><V92/><F102/><W13/><G13/><AGARI ba="0,0" hai="13,19,22,28,31,77,83,84,92,94,95" m="41994" machi="13" ten="30,1000,0" yaku="14,1" doraHai="108" who="2" fromWho="3" sc="250,0,250,0,250,10,250,-10" /><INIT seed="1,0,0,1,2,115" ten="250,250,260,240" oya="1" hai0="25,54,10,14,135,77,82,66,95,44,45,102,96" hai1="117,36,18,75,78,55,15,7,119,99,27,88,47" hai2="42,30,61,19,84,31,12,132,93,101,4,11,21" hai3="70,65,121,97,24,53,92,8,83,38,120,64,34"/><U126/><E126/><V46/><F132/><W89/><G38/><T110/><D135/><U123/><E123/><V134/><F61/><W1/><G83/><T33/><D110/><U35/><E7/><V114/><F114/><W0/><G0/><T59/><D66/><U80/><E35/><V28/><F134/><W22/><G34/><T108/><D108/><U86/><E27/><V49/><F101/><W127/><G127/><T63/><D25/><U48/><E99/><V51/><F51/><W73/><G73/><T124/><D33/><U76/><E36/><V60/><F60/><W29/><G53/><T16/><REACH who="0" step="1"/><D124/><REACH who="0" ten="240,250,260,240" step="2"/><U71/><E71/><V81/><F93/><W113/><G65/><T91/><D91/><U118/><REACH who="1" step="1"/><E75/><AGARI ba="0,1" hai="10,14,16,44,45,54,59,63,75,77,82,95,96,102" machi="75" ten="30,3900,0" yaku="1,1,7,1,54,1,53,0" doraHai="115" doraHaiUra="109" who="0" fromWho="1" sc="240,49,250,-39,260,0,240,0" /><INIT seed="2,0,0,1,2,42" ten="289,211,260,240" oya="2" hai0="53,19,92,115,107,102,57,44,69,112,71,125,113" hai1="86,97,80,20,121,63,22,46,78,132,58,84,76" hai2="64,109,51,75,49,2,1,28,105,89,40,25,32" hai3="36,6,39,85,101,74,33,60,27,18,68,16,96"/><V133/><F133/><W79/><G74/><T106/><D125/><U56/><E132/><V3/><F109/><W90/><G79/><T99/><D44/><U129/><E129/><V59/><F105/><N who="3" m="63655" /><G6/><T29/><D29/><U21/><E121/><V24/><F75/><W67/><G39/><T131/><D131/><U4/><E4/><V127/><F127/><W8/><G8/><T9/><D106/><U134/><E134/><V104/><F104/><W93/><G36/><T128/><D128/><U65/><E97/><V70/><F70/><W122/><G122/><T47/><D107/><U87/><E58/><V108/><F108/><W52/><G52/><T10/><D47/><U55/><REACH who="1" step="1"/><E76/><REACH who="1" ten="289,201,260,240" step="2"/><V130/><F59/><W38/><G68/><T123/><D123/><U54/><E54/><V66/><F130/><W119/><G67/><T31/><D71/><U83/><E83/><V12/><F66/><W95/><G95/><T7/><D69/><U23/><N who="1" m="5120" /><DORA hai="61" /><U100/><E100/><V88/><F64/><W135/><G93/><T77/><D92/><U50/><AGARI ba="0,1" hai="46,50,55,56,63,65,78,80,84,86,87" m="5120" machi="50" ten="40,12000,2" yaku="1,1,0,1,8,1,52,2,53,1" doraHai="42,61" doraHaiUra="34,45" who="1" fromWho="1" sc="289,-30,201,130,260,-60,240,-30" /><INIT seed="3,0,0,4,1,58" ten="259,331,200,210" oya="3" hai0="56,78,6,129,109,102,74,126,17,35,0,90,39" hai1="83,91,12,55,30,43,125,62,85,98,15,52,61" hai2="11,133,32,119,104,131,77,122,114,66,96,84,9" hai3="128,65,7,106,113,73,16,40,101,53,38,124,42"/><W18/><G113/><T93/><D39/><U67/><E125/><V94/><F32/><W25/><G124/><T99/><D126/><U26/><E43/><V2/><F119/><W68/><G73/><T69/><D69/><U105/><E105/><V4/><F114/><W28/><G7/><T92/><D35/><U115/><E115/><V3/><F133/><W107/><G53/><N who="1" m="20554" /><E98/><V50/><F50/><W86/><G128/><T27/><D109/><U29/><E67/><V123/><F131/><W48/><G38/><T112/><D112/><U64/><E64/><V34/><F34/><N who="3" m="20751" /><G86/><T135/><D135/><U82/><E82/><V49/><F49/><W41/><G106/><T72/><D72/><U76/><E76/><V111/><F66/><W95/><G95/><T134/><D92/><U23/><E30/><V132/><F132/><W33/><G48/><T60/><D93/><U63/><AGARI ba="0,0" hai="12,15,23,26,29,61,62,63,83,85,91" m="20554" machi="63" ten="30,8000,1" yaku="8,1,52,3,54,1" doraHai="58" who="1" fromWho="1" sc="259,-20,331,80,200,-20,210,-40" /><INIT seed="4,0,0,2,1,99" ten="239,411,180,170" oya="0" hai0="34,55,73,122,63,70,44,6,20,0,17,129,67" hai1="57,72,19,23,112,12,56,49,85,53,111,80,93" hai2="110,18,118,5,130,121,61,87,42,33,94,69,108" hai3="84,7,102,52,128,135,133,96,126,90,1,105,36"/><T59/><D129/><U13/><E111/><V64/><F121/><W95/><G36/><T54/><D122/><U11/><E72/><V109/><F130/><W120/><G120/><T97/><D73/><U77/><E93/><V31/><F118/><W82/><G128/><T131/><D131/><U26/><E112/><V75/><F75/><W115/><G115/><T38/><D34/><U107/><E107/><V41/><F5/><W113/><G113/><T98/><D6/><U3/><E3/><V127/><F127/><W103/><G126/><T88/><D0/><U51/><E11/><V116/><F116/><W117/><G117/><T27/><D55/><AGARI ba="0,0" hai="12,13,19,23,26,49,51,53,55,56,57,77,80,85" machi="55" ten="40,2600,0" yaku="9,1,8,1" doraHai="99" who="1" fromWho="0" sc="239,-26,411,26,180,0,170,0" /><INIT seed="5,0,0,4,5,69" ten="213,437,180,170" oya="1" hai0="116,127,38,94,37,63,58,128,28,39,61,6,109" hai1="73,55,11,90,24,42,18,83,77,41,62,35,33" hai2="103,76,119,70,51,2,81,56,74,107,53,36,99" hai3="88,92,84,72,17,52,67,114,0,22,32,91,50"/><U21/><E11/><V113/><F119/><W13/><G32/><T64/><D116/><U101/><E101/><V100/><F100/><W15/><G0/><T86/><D109/><U68/><E90/><V108/><F108/><W12/><G114/><T120/><D127/><U78/><E78/><V121/><F121/><W89/><G72/><T96/><D120/><U112/><E112/><V135/><F135/><W125/><G67/><T134/><D134/><U27/><E68/><V115/><F70/><W97/><G125/><T133/><D133/><U123/><E35/><V23/><F2/><W65/><G65/><T14/><D128/><U131/><E131/><V16/><REACH who="2" step="1"/><F36/><REACH who="2" ten="213,437,170,170" step="2"/><W48/><G48/><T30/><D39/><U54/><E123/><V10/><F10/><W59/><REACH who="3" step="1"/><G91/><REACH who="3" ten="213,437,170,160" step="2"/><N who="0" m="55391" /><D38/><U110/><E110/><V49/><F49/><W47/><G47/><T130/><D37/><U44/><E44/><V71/><F71/><W46/><G46/><T132/><D132/><U117/><E117/><V57/><F57/><W80/><AGARI ba="0,2" hai="12,13,15,17,22,50,52,59,80,84,88,89,92,97" machi="80" ten="20,12000,2" yaku="1,1,0,1,7,1,8,1,54,2,53,0" doraHai="69" doraHaiUra="129" who="3" fromWho="3" sc="213,-30,437,-60,170,-30,160,140" /><INIT seed="6,0,0,4,2,2" ten="183,377,140,300" oya="2" hai0="77,89,104,52,67,102,127,113,11,51,17,35,3" hai1="124,55,135,74,61,71,57,49,134,65,117,23,86" hai2="34,70,25,79,116,81,63,73,29,87,131,98,60" hai3="83,47,120,18,42,111,100,118,97,14,5,125,90"/><V0/><F116/><W9/><G118/><T103/><D113/><U15/><E74/><V95/><F131/><W13/><G120/><T64/><D35/><U6/><E124/><V30/><F73/><W21/><G125/><T107/><D127/><U119/><E86/><V54/><F0/><W53/><G111/><T43/><D43/><U68/><E68/><V4/><F4/><W33/><G33/><T93/><D77/><U50/><E50/><V84/><F84/><W28/><G28/><T106/><D17/><N who="1" m="10687" /><E6/><V44/><F70/><W109/><G109/><T110/><D110/><U122/><E122/><V76/><F76/><W69/><G69/><T16/><D3/><U91/><E91/><V108/><F30/><W123/><G123/><T27/><D102/><U75/><E75/><V31/><F29/><W85/><G53/><T66/><D103/><U24/><E24/><V132/><F132/><AGARI ba="0,0" hai="49,55,57,61,65,71,117,119,132,134,135" m="10687" machi="132" ten="30,1000,0" yaku="20,1" doraHai="2" who="1" fromWho="2" sc="183,0,377,10,140,-10,300,0" /><INIT seed="7,0,0,5,0,55" ten="183,387,130,300" oya="3" hai0="24,10,6,30,82,107,29,88,77,132,79,121,37" hai1="71,124,105,18,125,81,98,28,33,70,92,110,131" hai2="112,126,109,68,43,8,12,95,116,119,62,99,23" hai3="3,9,26,42,16,7,108,123,117,46,67,86,45"/><W89/><G117/><T34/><D121/><U78/><E105/><V60/><F109/><W128/><G123/><T1/><D107/><U31/><E110/><V47/><F126/><N who="1" m="48745" /><E18/><V25/><F112/><W111/><G128/><T44/><D30/><N who="1" m="11307" /><E33/><V56/><F68/><W129/><G129/><T61/><D132/><U96/><E131/><V14/><F62/><W72/><G72/><T94/><D61/><U15/><E15/><V74/><F74/><W90/><G46/><T69/><D69/><N who="1" m="26123" /><E92/><V76/><F76/><W38/><G67/><T54/><D82/><U66/><E66/><V36/><F119/><W32/><G32/><T127/><D127/><U113/><E113/><V85/><F116/><W65/><G65/><T102/><D102/><U51/><E51/><V48/><F36/><W35/><G35/><T22/><D34/><U0/><E0/><V59/><F8/><W13/><G26/><T50/><D37/><U97/><E97/><AGARI ba="0,0" hai="1,6,10,22,24,29,44,50,54,77,79,88,94,97" machi="97" ten="30,2000,0" yaku="7,1,54,1" doraHai="55" who="0" fromWho="1" sc="183,20,387,-20,130,0,300,0" owari="203,-20.0,367,47.0,130,-37.0,300,10.0" /></mjloggm>