<mjloggm ver="2.3"><GO type="73"/><UN n0="%E9%AC%BC%E3%81%AE%E5%81%A5%E3%81%95%E3%82%93" n1="%EF%BC%88%E2%89%A7%E2%96%BD%E2%89%A6%EF%BC%89" n2="%E3%83%A0%E3%83%81%E3%83%A5%E3%83%A9%E3%83%B3" n3="%E2%98%86%EF%BC%BE%EF%BC%BE" dan="0,3,8,0" rate="1500,1553,1566,1500" sx="M,M,M,M"/><TAIKYOKU oya="0"/><INIT seed="0,0,0,1,0,24" ten="250,250,250,250" oya="0" hai0="79,22,65,56,59,28,52,18,116,127,98,74,123" hai1="135,26,46,15,128,17,19,43,39,23,120,96,132" hai2="90,100,30,32,36,121,75,57,86,62,68,104,29" hai3="4,131,31,63,0,125,51,72,66,93,114,119,2"/><T115/><D123/><U124/><E120/><V99/><F121/><W84/><G119/><T50/><D116/><U108/><E124/><V69/><F75/><W5/><G114/><T44/><D127/><U16/><E128/><V87/><F36/><W38/><G125/><T111/><D115/><U7/><E108/><V25/><F30/><W58/><G131/><T40/><D74/><U134/><REACH who="1" step="1"/><E96/><REACH who="1" step="2"/><V107/><F107/><W78/><G72/><T92/><D111/><U105/><E105/><V83/><REACH who="2" step="1"/><F87/><REACH who="2" step="2"/><W61/><G38/><T41/><D79/><U110/><E110/><V34/><F34/><W1/><G78/><T103/><D65/><AGARI ba="0,2" hai="25,29,32,57,62,65,68,69,83,86,90,99,100,104" machi="65" ten="30,3900,0" yaku="1,1,7,1,52,1,53,0" doraHai="24" doraHaiUra="10" who="2" fromWho="0" sc="250,-39,240,0,240,59,250,0" /><INIT seed="1,0,0,5,0,63" ten="211,240,299,250" oya="1" hai0="70,60,11,74,117,64,9,82,127,93,6,48,78" hai1="24,83,134,5,120,73,132,131,77,41,105,36,95" hai2="135,0,51,39,12,100,44,115,57,45,114,18,2" hai3="104,40,97,113,89,28,42,76,80,133,7,122,17"/><U8/><E120/><V20/><F135/><N who="1" m="51753" /><E131/><V4/><F100/><W102/><G133/><T62/><D127/><U10/><E105/><V106/><F106/><W50/><G122/><T67/><D117/><U34/><E95/><V37/><F57/><W13/><G113/><N who="2" m="43017" /><F4/><W88/><G28/><T129/><D129/><U111/><E111/><V85/><F85/><W54/><G7/><T43/><D93/><U16/><E5/><V46/><F51/><W19/><G42/><T84/><D84/><U128/><E128/><V47/><N who="2" m="11776" /><DORA hai="27" /><V125/><F125/><W49/><G40/><T81/><D81/><U38/><E41/><V121/><F121/><W33/><G19/><T72/><D43/><U90/><E90/><V21/><F21/><W53/><G33/><T94/><D48/><U130/><E130/><V126/><F126/><W96/><G96/><T59/><D94/><U30/><E8/><V22/><F22/><W29/><G29/><T87/><REACH who="0" step="1"/><D9/><REACH who="0" step="2"/><U112/><E112/><V66/><F66/><W55/><G80/><T58/><D58/><U123/><E123/><V108/><F108/><W68/><G68/><T25/><D25/><U61/><E61/><V103/><F103/><W23/><G76/><T110/><D110/><U124/><E124/><V65/><F65/><W15/><G15/><AGARI ba="0,1" hai="6,11,15,59,60,62,64,67,70,72,74,78,82,87" machi="15" ten="30,12000,2" yaku="1,1,7,1,52,2,53,2" doraHai="63,27" doraHaiUra="92,56" who="0" fromWho="3" sc="201,130,240,0,299,0,250,-120" /><AGARI ba="0,0" hai="10,15,16,24,30,34,36,38,73,77,83" m="51753" machi="15" ten="30,5800,0" yaku="20,1,52,1,54,1" doraHai="63,27" who="1" fromWho="3" sc="331,0,240,58,299,0,130,-58" /><INIT seed="1,1,0,4,1,85" ten="331,298,299,72" oya="1" hai0="14,98,121,91,106,117,9,56,109,16,86,49,69" hai1="13,55,67,48,6,52,38,28,129,122,93,43,61" hai2="11,108,45,115,74,88,77,132,39,72,80,95,26" hai3="107,42,84,135,96,64,3,32,58,44,102,114,81"/><U68/><E122/><V21/><F108/><W110/><G114/><T1/><D117/><U8/><E129/><V54/><F132/><W7/><G110/><T53/><D69/><U124/><E124/><V2/><F115/><W101/><G135/><T30/><D121/><U71/><E71/><V125/><F125/><W41/><G32/><T51/><D1/><U25/><E38/><V118/><F118/><W123/><G123/><T19/><D109/><U73/><E73/><V10/><F74/><W15/><G102/><T76/><D106/><U103/><E43/><V130/><F130/><W120/><G120/><T87/><D30/><U83/><E83/><V90/><F95/><W27/><G3/><T62/><D76/><U70/><E70/><V50/><F11/><W119/><G119/><T65/><D19/><U128/><E128/><V78/><F77/><W12/><G27/><T5/><D5/><U59/><E48/><N who="0" m="18505" /><D65/><U60/><E55/><V111/><F111/><W79/><G7/><T47/><D47/><U63/><E63/><V75/><F75/><W22/><G22/><T46/><D46/><U112/><E112/><V105/><F105/><W99/><G99/><T92/><AGARI ba="1,0" hai="9,14,16,53,56,62,86,87,91,92,98" m="18505" machi="92" ten="30,4000,0" yaku="8,1,52,1,54,1" doraHai="85" who="0" fromWho="0" sc="331,43,298,-21,299,-11,72,-11" /><INIT seed="2,0,0,5,0,90" ten="374,277,288,61" oya="2" hai0="30,101,126,19,130,110,95,82,75,83,11,122,103" hai1="47,105,67,31,99,54,134,79,6,34,132,104,114" hai2="63,109,50,0,93,72,53,133,107,45,55,98,13" hai3="135,15,12,52,123,4,129,5,23,100,32,59,49"/><V113/><F113/><W17/><G123/><T24/><D122/><U29/><E114/><V108/><F72/><W22/><G135/><N who="1" m="51754" /><E67/><V48/><F0/><W38/><G129/><T9/><D126/><U33/><E79/><V85/><F107/><N who="1" m="41033" /><E6/><V40/><F85/><W111/><G111/><N who="2" m="42569" /><F13/><W115/><G115/><T102/><D130/><U131/><E131/><V65/><F133/><W69/><G69/><T80/><D75/><U27/><E99/><V120/><F120/><W46/><G32/><N who="1" m="12394" /><E27/><V88/><F50/><AGARI ba="0,0" hai="29,31,47,50,54" m="12394,41033,51754" machi="50" ten="40,1300,0" yaku="20,1" doraHai="90" who="1" fromWho="2" sc="374,0,277,13,288,-13,61,0" /><INIT seed="3,0,0,5,0,130" ten="374,290,275,61" oya="3" hai0="131,48,9,50,129,3,57,11,12,86,51,98,14" hai1="18,64,36,47,84,19,23,134,82,45,27,34,110" hai2="76,92,65,135,60,120,105,15,31,91,74,102,66" hai3="29,68,97,96,52,80,88,123,106,58,122,126,119"/><W32/><G119/><T78/><D3/><U26/><E110/><V104/><F120/><W103/><G126/><T61/><D98/><U38/><E64/><V85/><F31/><W111/><G111/><T73/><D73/><U20/><E34/><V22/><F65/><W63/><G68/><T109/><D109/><U125/><E125/><V28/><F76/><W0/><G0/><T4/><D78/><U53/><E134/><V39/><F74/><W17/><G17/><T2/><D86/><U107/><E107/><V55/><F39/><W7/><G7/><T72/><D2/><U35/><E35/><V87/><F55/><W5/><G5/><T49/><N who="0" m="12800" /><DORA hai="71" /><T24/><D72/><U6/><E6/><V30/><F105/><W1/><G1/><T59/><D24/><U132/><E53/><V118/><F118/><W46/><G96/><T99/><D99/><U40/><E132/><V89/><F104/><W90/><G80/><T33/><D33/><U101/><E101/><V67/><F102/><W133/><G133/><T100/><D100/><U95/><E95/><N who="2" m="54703" /><F135/><W115/><G46/><T93/><D93/><U116/><E116/><V25/><F15/><N who="0" m="5674" /><D4/><U117/><E117/><V108/><F108/><W21/><G115/><T79/><D79/><U113/><E113/><V112/><F112/><W16/><G32/><T56/><D61/><U121/><E121/><N who="3" m="46090" /><G29/><T69/><D69/><U70/><E70/><V94/><F94/><W77/><G77/><T83/><D83/><U37/><E45/><V124/><F124/><W54/><G54/><T114/><D114/><RYUUKYOKU ba="0,0" sc="374,10,290,10,275,-30,61,10" hai0="9,11,56,57,59,129,131" hai1="18,19,20,23,26,27,36,37,38,40,47,82,84" hai3="16,21,52,58,63,88,90,97,103,106" /><INIT seed="3,1,0,5,3,40" ten="384,300,245,71" oya="3" hai0="67,115,37,0,45,6,85,103,108,122,131,5,127" hai1="119,63,107,73,54,7,82,34,13,41,65,70,22" hai2="118,102,72,23,112,53,121,1,9,62,135,101,51" hai3="60,111,86,126,109,93,133,19,120,32,74,55,89"/><W25/><G120/><T83/><D122/><U94/><E34/><V21/><F121/><W114/><G114/><T2/><D127/><U50/><E107/><V128/><F112/><W35/><G126/><T77/><D115/><U15/><E119/><V129/><F118/><W30/><G133/><T106/><D131/><N who="2" m="50250" /><F72/><W26/><G74/><T71/><D108/><N who="3" m="41545" /><G19/><T18/><D18/><U33/><E33/><N who="3" m="12874" /><G30/><T90/><D0/><U4/><E41/><V99/><F135/><W105/><G105/><T125/><D125/><U42/><E42/><V29/><F62/><W39/><G39/><T113/><D113/><U116/><E116/><V130/><N who="2" m="50258" /><V80/><DORA hai="69" /><F80/><W43/><G43/><T46/><D2/><U20/><E82/><V61/><F61/><W52/><G60/><T44/><D77/><U87/><E73/><V78/><F78/><W56/><G56/><T97/><REACH who="0" step="1"/><D37/><REACH who="0" step="2"/><U11/><E7/><N who="2" m="1263" /><F29/><W24/><AGARI ba="1,1" hai="24,25,26,52,55,86,89,93" m="12874,41545" machi="24" ten="40,7800,0" yaku="14,1,10,1,54,1" doraHai="40,69" who="3" fromWho="3" sc="374,-27,300,-27,245,-27,71,91" /><INIT seed="3,2,0,0,3,9" ten="347,273,218,162" oya="3" hai0="32,112,80,69,1,125,127,131,124,106,68,88,39" hai1="79,14,118,129,76,120,95,55,24,108,92,135,0" hai2="72,89,82,23,42,73,44,18,58,53,130,60,30" hai3="59,75,77,56,94,46,20,122,48,87,133,5,33"/><W86/><G122/><T115/><D106/><U6/><E120/><V4/><F130/><W70/><G133/><T43/><D1/><U45/><E0/><V66/><F4/><W81/><G70/><N who="0" m="27243" /><D32/><U35/><E135/><V67/><F30/><W100/><G33/><T65/><D131/><U21/><E129/><V61/><F72/><W12/><G75/><T47/><D80/><U17/><E118/><V38/><F73/><W111/><G111/><T13/><D13/><U99/><E108/><V37/><F82/><W25/><G5/><T51/><D88/><N who="1" m="55687" /><E35/><V15/><F89/><N who="3" m="53559" /><G100/><T98/><D98/><U74/><E95/><V3/><F3/><W96/><G96/><T29/><D29/><N who="1" m="17551" /><E6/><V40/><REACH who="2" step="1"/><F61/><REACH who="2" step="2"/><W103/><G103/><T107/><D107/><U36/><E74/><V71/><F71/><W104/><G104/><T16/><D16/><U132/><E132/><V26/><F26/><W134/><G134/><T113/><D65/><U97/><E79/><V123/><F123/><W41/><G12/><T101/><D101/><U19/><E76/><V22/><F22/><W50/><G50/><AGARI ba="2,1" hai="39,43,47,50,51,112,113,115,124,125,127" m="27243" machi="50" ten="50,8000,1" yaku="11,1,18,1,34,2" doraHai="9" who="0" fromWho="3" sc="347,96,273,0,208,0,162,-86" /><INIT seed="4,0,0,5,4,64" ten="443,273,208,76" oya="0" hai0="12,118,0,17,126,44,5,7,120,75,26,85,123" hai1="40,87,16,25,109,45,105,77,103,54,102,93,114" hai2="60,115,59,34,74,73,78,38,46,22,52,83,31" hai3="48,110,1,28,99,94,129,71,98,89,62,76,68"/><T135/><D75/><U116/><E109/><V35/><F115/><W15/><G110/><T92/><D118/><U50/><E116/><V33/><F74/><W104/><G1/><T96/><D120/><U49/><E114/><V101/><F101/><W56/><G129/><T124/><D123/><U119/><E119/><V2/><F2/><W90/><G76/><T121/><D0/><U51/><E105/><V3/><F3/><W131/><G131/><T30/><D121/><U53/><E53/><V97/><F97/><W11/><G28/><T27/><D44/><U80/><E93/><V20/><F31/><W39/><G39/><T128/><D85/><U134/><E134/><V132/><F132/><W107/><G48/><T63/><D135/><U112/><E112/><V8/><F8/><W125/><G125/><N who="0" m="48235" /><D63/><U79/><E79/><V58/><F38/><W55/><G107/><T18/><D128/><U69/><E69/><V108/><F108/><W86/><G104/><T47/><D47/><N who="1" m="28031" /><E50/><V36/><REACH who="2" step="1"/><F59/><REACH who="2" step="2"/><W4/><REACH who="3" step="1"/><G99/><REACH who="3" step="2"/><T29/><D96/><U100/><E100/><V43/><AGARI ba="0,2" hai="20,22,33,34,35,36,43,46,52,58,60,73,78,83" machi="43" ten="40,8000,1" yaku="1,1,2,1,0,1,54,1,53,0" doraHai="64" doraHaiUra="81" who="2" fromWho="2" sc="443,-40,273,-20,198,100,66,-20" /><INIT seed="5,0,0,2,0,126" ten="403,253,298,46" oya="1" hai0="38,95,46,58,5,40,19,103,78,99,12,83,1" hai1="56,88,132,76,3,118,129,89,60,2,29,27,85" hai2="75,47,11,72,52,106,112,108,68,42,131,10,18" hai3="34,43,93,96,104,92,50,84,77,28,80,113,63"/><U122/><E122/><V26/><BYE who="0" /><F108/><W62/><G113/><T7/><D7/><U20/><E118/><V134/><F106/><W98/><G34/><T101/><D101/><U121/><E121/><V0/><F134/><W65/><G28/><T100/><D100/><U119/><E119/><V55/><F68/><W117/><G117/><T90/><D90/><U87/><E132/><V125/><F125/><W41/><G104/><T57/><D57/><U17/><E129/><V107/><F107/><W128/><G128/><T59/><D59/><U6/><E6/><V33/><F131/><W86/><G50/><T127/><D127/><U48/><E76/><V74/><F112/><W13/><G13/><T130/><D130/><U67/><E48/><V102/><F102/><W114/><G114/><T64/><D64/><U32/><E87/><V124/><F124/><W44/><G44/><T25/><D25/><U37/><E37/><V135/><F135/><W31/><G31/><T123/><D123/><U35/><E35/><V116/><F116/><W109/><G109/><T79/><D79/><U111/><E111/><V54/><F0/><N who="1" m="41" /><E85/><V81/><F81/><W133/><G133/><T23/><D23/><N who="1" m="13807" /><E32/><V91/><F91/><N who="1" m="34889" /><E29/><V94/><F33/><W4/><G4/><T73/><D73/><U61/><E61/><N who="3" m="23050" /><G65/><T22/><D22/><U9/><E20/><N who="2" m="13591" /><F94/><N who="3" m="36459" /><G86/><T14/><D14/><U21/><E21/><V70/><F70/><W105/><G105/><T71/><D71/><N who="1" m="42471" /><E9/><V16/><F16/><W51/><G51/><T115/><D115/><U53/><E56/><V36/><AGARI ba="0,0" hai="10,11,36,42,47,52,54,55,72,74,75" m="13591" machi="36" ten="40,2700,0" yaku="5,1,54,1" doraHai="126" who="2" fromWho="2" sc="403,-7,253,-13,298,27,46,-7" /><INIT seed="6,0,0,5,2,99" ten="396,240,325,39" oya="2" hai0="86,118,19,42,51,7,36,45,82,71,12,76,6" hai1="127,79,85,58,32,18,98,55,102,101,119,48,107" hai2="105,117,14,9,80,132,39,27,93,115,100,67,106" hai3="43,78,109,60,126,87,44,5,103,90,75,74,8"/><V134/><F117/><W70/><G90/><T131/><D131/><U116/><E119/><V92/><F39/><N who="3" m="21631" /><G126/><T16/><D16/><U135/><E116/><V57/><F115/><W2/><G87/><T24/><D24/><U89/><E32/><V122/><F122/><W41/><G109/><T4/><D4/><U83/><E127/><V1/><F1/><W46/><G78/><T124/><D124/><U50/><E135/><N who="2" m="51755" /><F27/><W35/><G103/><N who="1" m="39434" /><E107/><N who="2" m="40971" /><F80/><W62/><G62/><T94/><D94/><N who="1" m="56655" /><E18/><N who="2" m="8527" /><F100/><W129/><G129/><T112/><D112/><U73/><E73/><V66/><F57/><W114/><G114/><T21/><D21/><U11/><E11/><V26/><F26/><W88/><G88/><T91/><D91/><U47/><E47/><V68/><F68/><W123/><G123/><T77/><D77/><U28/><E28/><V17/><F17/><W113/><G113/><T59/><D59/><U10/><E10/><V3/><F3/><W128/><G128/><T97/><D97/><U53/><E53/><V81/><F81/><W33/><G60/><T13/><D13/><U61/><AGARI ba="0,0" hai="48,50,55,58,61,79,83,85" m="56655,39434" machi="61" ten="30,7900,0" yaku="8,1,52,3" doraHai="99" who="1" fromWho="1" sc="396,-20,240,79,325,-39,39,-20" /><INIT seed="7,0,0,1,2,129" ten="376,319,286,19" oya="3" hai0="6,53,24,83,97,3,88,0,9,8,82,68,54" hai1="134,106,62,122,69,109,21,92,93,58,36,119,66" hai2="65,37,5,91,96,10,7,116,113,16,117,34,118" hai3="71,64,48,20,28,61,87,98,40,11,33,31,43"/><W74/><G74/><T104/><D104/><U44/><E109/><V51/><F37/><W80/><G33/><T46/><D46/><U63/><E122/><V29/><F65/><W101/><G11/><T42/><D42/><U15/><E106/><V17/><F51/><W124/><G124/><T45/><D45/><U12/><E119/><V76/><F76/><W100/><G100/><T35/><D35/><U78/><E78/><V105/><F91/><W32/><G48/><T67/><D67/><U85/><E134/><V60/><F60/><W114/><G114/><T23/><D23/><U108/><E108/><V14/><F96/><W22/><G22/><T47/><D47/><U77/><E36/><V121/><F105/><N who="3" m="63671" /><G28/><T131/><D131/><U102/><E44/><V41/><F41/><W135/><G135/><T79/><D79/><U27/><E102/><V111/><F111/><W18/><G20/><T107/><D107/><U132/><E132/><V50/><F50/><W128/><G128/><T127/><D127/><U130/><E130/><V39/><F39/><W57/><G18/><T38/><D38/><U89/><E77/><V120/><F113/><W90/><G57/><T86/><D86/><U81/><E12/><V133/><F133/><W56/><G56/><T95/><D95/><N who="1" m="36427" /><E15/><V2/><F7/><W30/><G30/><T125/><D125/><U70/><E62/><V99/><F99/><W55/><G55/><T52/><D52/><U75/><E75/><V73/><F73/><W13/><G13/><T103/><D103/><U49/><E49/><V1/><F118/><RYUUKYOKU ba="0,0" sc="376,-15,319,15,286,-15,19,15" hai1="21,27,58,63,66,69,70,81,85,89" hai3="31,32,40,43,61,64,71,80,87,90" /><INIT seed="7,1,0,4,5,83" ten="361,334,271,34" oya="3" hai0="97,119,130,65,115,33,123,29,100,9,66,70,79" hai1="38,71,106,113,22,40,43,90,129,30,88,32,36" hai2="104,73,53,26,7,114,13,93,35,31,124,127,91" hai3="0,84,121,64,58,14,78,131,125,57,103,56,72"/><W4/><G121/><T82/><D82/><U81/><E71/><V8/><F104/><W25/><G72/><T45/><D45/><U76/><E106/><V75/><F114/><W23/><G0/><T116/><D116/><U85/><E32/><V69/><F69/><W117/><G117/><T109/><D109/><U111/><E111/><V128/><F128/><W16/><G131/><T46/><D46/><U52/><E129/><V55/><F55/><W132/><G132/><T87/><D87/><N who="1" m="48551" /><E38/><V110/><F110/><W48/><G125/><T108/><D108/><U118/><E36/><V105/><F105/><W86/><G103/><T101/><D101/><U95/><E118/><V3/><F53/><N who="3" m="31783" /><G78/><T19/><D19/><U51/><E113/><V80/><F93/><W135/><G135/><T11/><D11/><U102/><E102/><V17/><F91/><W20/><G4/><T120/><D120/><U96/><E22/><V39/><F39/><W28/><G64/><T41/><D41/><N who="1" m="15947" /><E30/><V133/><F133/><W126/><G126/><N who="2" m="48169" /><F80/><W6/><G6/><T50/><D50/><U42/><E42/><V94/><F94/><W107/><G107/><T99/><D99/><U122/><E122/><V112/><F112/><W134/><G134/><T5/><D5/><U34/><E34/><V27/><F27/><W89/><G89/><T54/><D54/><U74/><E74/><V49/><F49/><W37/><G37/><T62/><D62/><U59/><E90/><V44/><F44/><W68/><G68/><T2/><D2/><U47/><E47/><V15/><F3/><RYUUKYOKU ba="1,0" sc="361,-30,334,10,271,10,34,10" hai1="51,52,59,85,88,95,96" hai2="7,8,13,15,17,26,31,35,73,75" hai3="14,16,20,23,25,28,57,58,84,86" /><INIT seed="7,2,0,5,0,91" ten="331,344,281,44" oya="3" hai0="70,54,53,81,45,72,37,62,15,0,31,33,36" hai1="39,52,76,1,38,27,94,83,125,3,89,28,88" hai2="75,74,5,60,114,116,66,47,69,80,73,118,78" hai3="26,65,131,12,67,126,7,98,48,10,85,104,18"/><W11/><G126/><T2/><D2/><U123/><E123/><V9/><F114/><W13/><G131/><T21/><D21/><U90/><E125/><V103/><F103/><W95/><G104/><T92/><D92/><U113/><E113/><V135/><F135/><W8/><G85/><T42/><D42/><U44/><E94/><V99/><F99/><W102/><G48/><T108/><D108/><U134/><E134/><V19/><F19/><W64/><REACH who="3" step="1"/><G26/><REACH who="3" step="2"/><T129/><D129/><U132/><E132/><V105/><F105/><W30/><G30/><T110/><D110/><U109/><E109/><V55/><F55/><W101/><G101/><T16/><D16/><U58/><E39/><V40/><F118/><W112/><G112/><T50/><D50/><U87/><E38/><V119/><F116/><W120/><G120/><T93/><D93/><U77/><E27/><V86/><F119/><W34/><G34/><T63/><D63/><N who="1" m="36295" /><E28/><V24/><F24/><W20/><AGARI ba="2,1" hai="7,8,10,11,12,13,18,20,64,65,67,95,98,102" machi="20" ten="30,12000,1" yaku="1,1,0,1,8,1,52,1,53,1" doraHai="91" doraHaiUra="17" who="3" fromWho="3" sc="331,-42,344,-42,281,-42,34,136" /><INIT seed="7,3,0,1,1,121" ten="289,302,239,170" oya="3" hai0="120,98,60,10,53,58,109,1,97,6,36,132,26" hai1="70,122,112,66,129,110,118,89,14,48,37,28,104" hai2="41,67,65,108,27,115,34,47,54,124,40,4,71" hai3="63,116,123,100,64,25,86,23,68,56,59,127,38"/><W51/><G123/><T93/><D93/><U35/><RYUUKYOKU type="yao9" ba="3,0" sc="289,0,302,0,239,0,170,0" hai1="14,28,35,37,48,66,70,89,104,110,112,118,122,129" /><INIT seed="7,4,0,5,5,81" ten="289,302,239,170" oya="3" hai0="19,25,17,72,111,58,73,70,86,120,127,125,117" hai1="29,33,6,71,55,49,5,10,40,27,106,104,96" hai2="23,80,15,45,60,74,66,109,57,52,76,47,46" hai3="97,64,41,61,128,1,114,88,11,34,123,14,87"/><W30/><G123/><T35/><D35/><U53/><E71/><V24/><F109/><W50/><G128/><T31/><D31/><U135/><E135/><V115/><F115/><W78/><G1/><T92/><D92/><U85/><E40/><V108/><F108/><W113/><G34/><T118/><D118/><U39/><E39/><V20/><F15/><W130/><G130/><T26/><D26/><U67/><E67/><V13/><F13/><W62/><G30/><T18/><D18/><U65/><E65/><V51/><F23/><W89/><G78/><T99/><D99/><U82/><E96/><V133/><REACH who="2" step="1"/><F133/><REACH who="2" step="2"/><W28/><G28/><AGARI ba="4,1" hai="20,24,28,45,46,47,51,52,57,60,66,74,76,80" machi="28" ten="30,8000,1" yaku="1,1,2,1,7,1,54,1,53,1" doraHai="81" doraHaiUra="107" who="2" fromWho="3" sc="289,0,302,0,229,102,170,-92" owari="289,-11,302,10,331,43,78,-42" /></mjloggm>