<mjloggm ver="2.3"><GO type="41" lobby="0"/><UN n0="%53%4E%38%2E" n1="%E5%91%89%E8%82%B2%E9%83%8E" n2="%E3%82%A2%E3%83%9E%E3%83%8D%E6%A7%98" n3="%EF%BC%88%E2%89%A7%E2%96%BD%E2%89%A6%EF%BC%89" dan="15,13,13,17" rate="1928.54,1881.24,1809.26,2180.92" sx="M,M,F,M"/><TAIKYOKU oya="0"/><INIT seed="0,0,0,1,3,106" ten="250,250,250,250" oya="0" hai0="46,107,55,79,77,73,74,102,118,125,84,90,40" hai1="6,115,117,86,1,100,68,105,94,134,123,71,96" hai2="41,108,67,65,13,9,20,116,78,112,93,11,27" hai3="29,38,35,103,87,124,22,76,72,26,2,95,111"/><T62/><D118/><U10/><E123/><V126/><F116/><W18/><G38/><T122/><D62/><U104/><E117/><V24/><F112/><W56/><G2/><T42/><D55/><U53/><E115/><V132/><F126/><W7/><G124/><T114/><D125/><U133/><E53/><V36/><F36/><W8/><G111/><T75/><D122/><U19/><E19/><V52/><F108/><W91/><G103/><T82/><D114/><U128/><E128/><V135/><F41/><W60/><G7/><T21/><D40/><U12/><E12/><V109/><F109/><W69/><G8/><T31/><D107/><N who="1" m="41035" /><E86/><V110/><F110/><W64/><G69/><T61/><D102/><U63/><E63/><V43/><F43/><W127/><G127/><T131/><D61/><U44/><E44/><V25/><F20/><W101/><G101/><T3/><D3/><U120/><E120/><V119/><F119/><W89/><G18/><T16/><D31/><U85/><E85/><V48/><F78/><W45/><G45/><T80/><D80/><U23/><E23/><V37/><F37/><W30/><G30/><T59/><D59/><U54/><E54/><V130/><F130/><W92/><G22/><T129/><D129/><U113/><E113/><V28/><F28/><W34/><G34/><T0/><D0/><U15/><E1/><V97/><F13/><W4/><G76/><T98/><D131/><U51/><E15/><V81/><F81/><W57/><G4/><T39/><D98/><U66/><E6/><V47/><F9/><RYUUKYOKU ba="0,0" sc="250,30,250,-10,250,-10,250,-10" hai0="16,21,39,42,46,73,74,75,77,79,82,84,90" /><INIT seed="0,1,0,2,4,56" ten="280,240,240,240" oya="0" hai0="72,19,108,70,67,25,17,55,27,94,5,48,95" hai1="88,117,41,46,33,24,9,0,34,12,14,76,2" hai2="98,100,39,119,104,123,92,60,132,15,127,114,77" hai3="44,22,57,113,86,107,63,38,40,103,3,52,45"/><T83/><D70/><U73/><E117/><V121/><F39/><W16/><G3/><T68/><D5/><U85/><E76/><V28/><F28/><W59/><G113/><T102/><D72/><U125/><E125/><V110/><F114/><W53/><G107/><T13/><D108/><U111/><E111/><V64/><F110/><W115/><G115/><T90/><D68/><U129/><E129/><V49/><F49/><N who="3" m="30895" /><G103/><T122/><D67/><U29/><E73/><V80/><F15/><N who="3" m="9503" /><G38/><T1/><D1/><U23/><E34/><V106/><F119/><W69/><G69/><T75/><D122/><U87/><E2/><V30/><F127/><W31/><G40/><T130/><D130/><U96/><E0/><V58/><F132/><W134/><G134/><T99/><D75/><U36/><E33/><V112/><F112/><W116/><G116/><T10/><D83/><U105/><E105/><V82/><F106/><W7/><G7/><T84/><REACH who="0" step="1"/><D19/><REACH who="0" ten="270,240,240,240" step="2"/><U78/><E29/><V81/><F30/><W4/><G4/><T37/><D37/><U124/><E36/><V61/><F77/><W8/><G31/><T97/><D97/><U50/><E96/><V62/><REACH who="2" step="1"/><F104/><REACH who="2" ten="270,240,230,240" step="2"/><W18/><G86/><T131/><D131/><U71/><E87/><V89/><F89/><W47/><G18/><T93/><D93/><U126/><E85/><V35/><F35/><W11/><AGARI ba="1,2" hai="8,11,44,45,47,52,59,63" m="9503,30895" machi="11" ten="30,7900,0" yaku="8,1,52,1,54,2" doraHai="56" who="3" fromWho="3" sc="270,-40,240,-21,230,-21,240,102" /><INIT seed="1,0,0,4,2,0" ten="230,219,209,342" oya="1" hai0="55,9,38,111,28,106,95,29,107,90,66,45,81" hai1="80,72,126,56,52,75,34,13,102,42,4,83,48" hai2="49,36,68,109,17,118,120,96,50,86,133,16,32" hai3="26,37,113,116,20,31,35,41,89,93,88,11,110"/><U82/><E34/><V99/><F32/><W7/><G113/><T2/><D66/><U60/><E102/><V47/><F120/><W65/><G110/><T43/><D107/><U63/><E126/><V46/><F118/><W114/><G114/><T101/><D106/><U8/><REACH who="1" step="1"/><E42/><REACH who="1" ten="230,209,209,342" step="2"/><V53/><F109/><W73/><G35/><T121/><D101/><U5/><E5/><V77/><F133/><W135/><G7/><T128/><D111/><U112/><E112/><V117/><F117/><W123/><G41/><T100/><D100/><U87/><E87/><V10/><F86/><W92/><G116/><T105/><D121/><U85/><E85/><V125/><F125/><W94/><G123/><T124/><D124/><U18/><E18/><V64/><F68/><W54/><G135/><T30/><D43/><U62/><AGARI ba="0,1" hai="4,8,13,48,52,56,60,62,63,72,75,80,82,83" machi="62" ten="30,11700,0" yaku="1,1,0,1,52,1,54,1,53,0" doraHai="0" doraHaiUra="131" who="1" fromWho="1" sc="230,-39,209,127,209,-39,342,-39" /><INIT seed="1,1,0,1,5,98" ten="191,336,170,303" oya="1" hai0="99,63,37,53,3,65,46,59,110,83,105,104,130" hai1="26,6,16,108,7,43,72,19,89,39,117,112,123" hai2="21,131,95,73,36,41,122,18,134,116,78,10,11" hai3="113,71,33,47,135,52,22,5,84,109,35,54,60"/><U70/><E112/><V31/><F122/><W132/><G113/><T126/><D3/><U67/><E123/><V100/><F116/><W79/><G109/><T9/><D110/><U30/><E117/><V86/><F73/><W76/><G5/><T82/><D130/><U25/><E72/><V38/><F38/><W28/><G22/><T14/><D126/><U61/><E43/><V96/><F36/><W44/><G71/><T58/><D105/><U2/><E39/><V20/><F134/><N who="3" m="51243" /><G84/><T49/><D37/><U133/><E133/><V129/><F41/><W51/><G28/><T66/><D66/><U50/><E50/><V127/><F127/><W45/><G60/><T23/><D59/><U74/><E74/><V97/><F78/><N who="3" m="29739" /><G51/><T102/><REACH who="0" step="1"/><D23/><REACH who="0" ten="181,336,170,303" step="2"/><U85/><E108/><V29/><F86/><W106/><G106/><T87/><D87/><U103/><E85/><V125/><F125/><W111/><G111/><T69/><D69/><U88/><E70/><V81/><F81/><W94/><G94/><T77/><D77/><U48/><E67/><V1/><F1/><W118/><G118/><T40/><D40/><U55/><E2/><V64/><F64/><W24/><G24/><T107/><D107/><U8/><E26/><V114/><F114/><W128/><G128/><T32/><D32/><AGARI ba="1,1" hai="32,33,35,44,45,47,52,54" m="29739,51243" machi="32" ten="40,8000,1" yaku="28,2,20,1,54,1" doraHai="98" who="3" fromWho="0" sc="181,-83,336,0,170,0,303,93" /><INIT seed="2,0,0,3,5,45" ten="98,336,170,396" oya="2" hai0="87,73,40,24,25,60,7,58,21,112,108,3,77" hai1="72,51,90,86,83,84,56,74,106,54,67,2,52" hai2="78,75,37,64,103,14,85,105,29,35,110,43,76" hai3="128,118,53,94,63,125,96,116,117,133,82,19,95"/><V80/><F64/><W127/><G133/><T27/><D112/><U68/><E106/><V46/><F14/><W132/><G132/><T36/><D73/><U33/><E33/><V124/><F78/><W91/><G128/><T131/><D131/><U0/><E68/><V92/><F124/><N who="3" m="47691" /><G19/><T62/><D36/><U115/><E115/><V100/><F100/><N who="3" m="60439" /><G53/><T114/><D108/><U101/><E101/><V70/><F110/><W23/><G23/><T13/><D114/><U16/><E67/><V31/><F70/><W71/><G63/><T99/><D21/><U65/><E65/><V134/><F134/><W11/><G11/><T93/><D3/><U102/><E102/><V48/><F37/><W88/><G71/><T49/><D7/><U97/><E97/><N who="2" m="61679" /><F35/><W107/><G107/><T135/><D135/><U66/><E66/><V10/><F10/><W81/><G91/><AGARI ba="0,0" hai="29,31,43,46,48,75,76,80,85,91,92" m="61679" machi="91" ten="30,2900,0" yaku="24,1,52,1" doraHai="45" who="2" fromWho="3" sc="98,0,336,0,170,29,396,-29" /><INIT seed="2,1,0,4,1,92" ten="98,336,199,367" oya="2" hai0="131,83,57,111,38,94,64,66,45,37,41,9,85" hai1="3,126,7,107,128,115,108,90,86,114,80,15,103" hai2="130,91,10,63,89,52,43,78,76,79,4,132,125" hai3="120,127,135,24,134,84,87,101,22,6,133,121,95"/><V23/><F125/><W21/><G6/><T31/><D37/><U122/><E126/><V32/><F32/><W59/><G127/><T77/><D131/><U110/><E128/><V60/><F130/><W100/><G59/><T65/><D111/><N who="1" m="42539" /><E122/><N who="3" m="47210" /><G24/><T129/><D129/><U12/><E103/><N who="3" m="39498" /><G95/><T39/><D39/><U123/><E107/><V106/><F106/><W51/><G51/><T119/><D119/><U49/><E49/><V124/><F124/><W25/><G25/><T16/><D31/><U26/><E26/><V40/><F23/><AGARI ba="1,0" hai="21,22,23,84,87,133,134,135" m="39498,47210" machi="23" ten="40,5200,0" yaku="28,2,20,1" doraHai="92" who="3" fromWho="2" sc="98,0,336,0,199,-55,367,55" /><INIT seed="3,0,0,5,5,88" ten="98,336,144,422" oya="3" hai0="58,79,42,76,121,51,84,48,102,94,67,85,41" hai1="72,115,83,32,134,17,14,57,113,101,66,93,98" hai2="7,124,129,10,132,9,127,53,16,112,78,108,4" hai3="81,20,49,118,36,27,64,44,46,55,22,25,21"/><W28/><G118/><T15/><D121/><U119/><E134/><V33/><F78/><W26/><G64/><T82/><D15/><U80/><E32/><V60/><F33/><W35/><G36/><T73/><D73/><U59/><E119/><V116/><F60/><W31/><G81/><T29/><D29/><N who="3" m="11337" /><G35/><T107/><D107/><U3/><E3/><V104/><F104/><W111/><G111/><T63/><D82/><U19/><E66/><V39/><F39/><W90/><G90/><N who="0" m="53575" /><D102/><U40/><E40/><N who="0" m="15465" /><D85/><U103/><E72/><V6/><F116/><W99/><G99/><T38/><D38/><U30/><E98/><V91/><F108/><W105/><G105/><T62/><D62/><U68/><E68/><V5/><F112/><W110/><G110/><T120/><D120/><U96/><E96/><V61/><F61/><W97/><G97/><T23/><D23/><U74/><E74/><V75/><F75/><W1/><G1/><T43/><N who="0" m="15473" /><T47/><DORA hai="0" /><D51/><U13/><E30/><V52/><F91/><W8/><G8/><N who="2" m="3177" /><F132/><W70/><G70/><T11/><D11/><U45/><E45/><AGARI ba="0,0" hai="20,21,22,25,26,27,44,45,46,49,55" m="11337" machi="45" ten="40,2000,0" yaku="8,1" doraHai="88,0" who="3" fromWho="1" sc="98,0,336,-20,144,0,422,20" /><INIT seed="3,1,0,2,1,119" ten="98,316,144,442" oya="3" hai0="37,53,111,18,45,52,107,39,49,82,10,80,12" hai1="123,19,97,79,17,47,88,96,27,132,2,30,25" hai2="102,23,112,73,124,130,24,117,33,51,74,90,114" hai3="11,50,31,64,92,21,0,105,84,58,128,40,15"/><W118/><G105/><T110/><D107/><U85/><E2/><V133/><F33/><W77/><G0/><T135/><D135/><U66/><E132/><V9/><F133/><W126/><G118/><T6/><D53/><U44/><E123/><V65/><F117/><W56/><G128/><T81/><REACH who="0" step="1"/><D6/><REACH who="0" ten="88,316,144,442" step="2"/><U36/><E66/><V54/><F65/><W3/><G64/><T106/><D106/><U62/><E79/><V46/><F130/><W68/><G77/><T86/><D86/><U22/><E85/><V16/><F124/><W83/><G84/><T103/><D103/><U14/><E30/><V87/><F102/><W38/><G31/><T71/><D71/><U41/><E41/><V67/><F67/><W1/><G68/><T55/><D55/><U42/><E42/><V76/><F73/><W125/><G40/><T8/><D8/><U122/><E36/><AGARI ba="1,1" hai="10,12,18,36,37,39,45,49,52,80,81,82,110,111" machi="36" ten="40,5200,0" yaku="1,1,54,1,53,1" doraHai="119" doraHaiUra="7" who="0" fromWho="1" sc="88,65,316,-55,144,0,442,0" /><INIT seed="4,0,0,4,5,1" ten="153,261,144,442" oya="0" hai0="84,104,129,120,8,123,75,53,113,111,12,121,105" hai1="97,118,67,40,82,100,50,87,36,91,61,6,44" hai2="2,93,127,22,79,58,5,68,119,54,70,7,128" hai3="65,4,32,23,114,73,16,125,76,74,27,31,108"/><T57/><D75/><U51/><E118/><V45/><F2/><W42/><G108/><T48/><D111/><U124/><E124/><V80/><F45/><W39/><G125/><T29/><D29/><U11/><E97/><V122/><F122/><W41/><G114/><T117/><D117/><U98/><E98/><V107/><F107/><W134/><G134/><T62/><D113/><U0/><REACH who="1" step="1"/><E100/><REACH who="1" ten="153,251,144,442" step="2"/><V71/><F127/><W49/><G39/><T56/><D129/><U96/><E96/><V131/><F119/><W19/><G73/><T33/><D84/><U99/><E99/><V135/><F135/><W132/><G74/><T63/><D63/><U90/><E90/><V112/><F112/><W103/><G132/><T88/><D88/><U14/><E14/><V69/><F93/><W102/><G103/><T78/><D78/><U106/><E106/><V66/><F22/><W52/><G102/><T109/><D33/><U38/><E38/><V13/><F13/><W115/><G76/><T110/><D105/><U81/><E81/><V130/><F66/><W86/><G65/><T46/><D104/><U59/><AGARI ba="0,1" hai="0,6,11,36,40,44,50,51,59,61,67,82,87,91" machi="59" ten="20,5200,0" yaku="1,1,0,1,7,1,52,1,53,0" doraHai="1" doraHaiUra="21" who="1" fromWho="1" sc="153,-26,251,62,144,-13,442,-13" /><INIT seed="5,0,0,4,3,66" ten="127,313,131,429" oya="1" hai0="39,26,80,24,75,88,127,49,93,36,16,87,105" hai1="100,72,19,90,48,25,78,107,1,51,41,40,53" hai2="15,68,111,104,130,35,98,89,117,0,5,33,6" hai3="69,113,54,42,106,126,112,17,9,76,29,50,60"/><U129/><E1/><V65/><F89/><W63/><G106/><T92/><D105/><U82/><E129/><V83/><F15/><N who="3" m="7407" /><G126/><T131/><D127/><U101/><E48/><V59/><F6/><W118/><G118/><T20/><D131/><U77/><E77/><V85/><F130/><W70/><G42/><T2/><D2/><U123/><E123/><V84/><F111/><W73/><G29/><T97/><D26/><U134/><E134/><V74/><F117/><W103/><G103/><T30/><D30/><U124/><E90/><V32/><F59/><N who="3" m="33239" /><G73/><T71/><D71/><N who="3" m="27145" /><G76/><T96/><D75/><U125/><E124/><V45/><F45/><W58/><G58/><T27/><D36/><U43/><E125/><V109/><F109/><W38/><G38/><T56/><D39/><U47/><E107/><V79/><F85/><W22/><G22/><T86/><D27/><U57/><E57/><V12/><F84/><W14/><G14/><T133/><D56/><U114/><E100/><N who="2" m="62487" /><F12/><W64/><G64/><T135/><D49/><U91/><E101/><V52/><F52/><W122/><G122/><T46/><D46/><U121/><E121/><V115/><F5/><W7/><G7/><T44/><D44/><U18/><E47/><V81/><F81/><W11/><G11/><T3/><D3/><U8/><E8/><V102/><F102/><W28/><G28/><T23/><D23/><U116/><E116/><V13/><F13/><W34/><G34/><N who="2" m="8705" /><V4/><DORA hai="95" /><F4/><W31/><G31/><T108/><D108/><U62/><E82/><V110/><F0/><RYUUKYOKU ba="0,0" sc="127,-10,313,-10,131,-10,429,30" hai3="60,63,112,113" /><INIT seed="6,1,0,2,5,4" ten="117,303,121,459" oya="2" hai0="0,24,58,39,21,119,79,73,7,117,11,82,43" hai1="30,47,13,53,134,109,64,37,38,110,92,15,14" hai2="74,103,8,107,18,99,108,25,104,5,69,62,3" hai3="17,95,72,61,48,118,113,27,40,9,98,34,130"/><V54/><F107/><W102/><G72/><T12/><D12/><U32/><E134/><V45/><F108/><W122/><G122/><T1/><D1/><U131/><E131/><V86/><F86/><W126/><G118/><N who="0" m="45067" /><D58/><U70/><E70/><V66/><F18/><W56/><G98/><T57/><D57/><U50/><E64/><V135/><F135/><W128/><G17/><N who="0" m="12335" /><D43/><U106/><E106/><V41/><F54/><W52/><G102/><T120/><D39/><U16/><E38/><N who="2" m="21687" /><F25/><W115/><G27/><T100/><D100/><U111/><E37/><V63/><F63/><W121/><G61/><T44/><D44/><U89/><E30/><V28/><F28/><W42/><G42/><T49/><D49/><U6/><E6/><V114/><F114/><W31/><G31/><T78/><D78/><U125/><E32/><V132/><F132/><W77/><G34/><T36/><D36/><U84/><REACH who="1" step="1"/><E125/><REACH who="1" ten="117,293,121,459" step="2"/><V76/><F76/><W123/><G77/><T26/><D79/><U29/><E29/><V96/><F96/><W67/><G126/><T81/><D7/><U97/><E97/><V87/><F87/><W83/><G128/><T80/><D73/><AGARI ba="1,1" hai="3,5,8,62,66,69,73,74,99,103,104" m="21687" machi="73" ten="30,5800,0" yaku="33,2,52,1" doraHai="4" who="2" fromWho="0" sc="117,-61,293,0,121,71,459,0" /><INIT seed="6,2,0,5,5,124" ten="56,293,192,459" oya="2" hai0="126,64,21,68,121,125,12,25,62,104,102,129,71" hai1="52,19,110,132,96,17,133,31,135,72,123,26,13" hai2="101,9,6,8,36,81,56,106,109,49,16,88,41" hai3="45,22,5,51,10,33,114,30,84,90,18,74,2"/><V97/><F36/><W23/><G74/><T130/><D121/><U20/><E72/><V99/><F109/><W37/><G37/><T127/><D12/><U75/><E75/><V53/><F41/><W7/><G114/><T43/><D43/><U115/><E110/><V34/><F34/><W93/><G5/><T63/><D104/><U98/><E115/><V40/><F40/><W79/><G79/><T86/><D102/><U59/><E123/><V54/><F54/><W28/><G33/><T85/><D21/><N who="1" m="11439" /><E31/><V76/><F6/><W122/><G122/><T61/><D25/><U55/><E55/><V32/><F32/><W66/><G66/><N who="0" m="41039" /><D62/><AGARI ba="2,0" hai="19,20,26,52,59,62,96,98,132,133,135" m="11439" machi="62" ten="30,2000,0" yaku="20,1,54,1" doraHai="124" who="1" fromWho="0" sc="56,-26,293,26,192,0,459,0" /><INIT seed="7,0,0,3,3,77" ten="30,319,192,459" oya="3" hai0="71,133,119,117,104,102,82,68,14,89,59,69,87" hai1="92,106,15,96,6,83,85,63,72,132,105,121,124" hai2="7,134,81,36,12,28,52,10,37,39,97,24,4" hai3="86,9,93,47,20,50,54,1,76,125,55,43,35"/><W49/><G9/><T120/><D120/><U21/><E121/><V17/><F134/><W112/><G20/><T111/><D133/><U67/><E132/><V129/><F129/><W46/><G50/><T58/><D104/><U108/><E108/><V53/><F97/><W18/><G49/><T99/><D111/><U56/><E124/><V130/><F130/><W11/><G18/><T107/><D14/><U26/><E72/><V3/><F4/><W42/><G54/><T94/><D117/><U13/><E6/><V23/><REACH who="2" step="1"/><F81/><REACH who="2" ten="30,319,182,459" step="2"/><W98/><G98/><T19/><D119/><U8/><E105/><V25/><F25/><W126/><G126/><T114/><D114/><U0/><E106/><V44/><F44/><W115/><G47/><T91/><REACH who="0" step="1"/><D19/><REACH who="0" ten="20,319,182,459" step="2"/><U27/><E27/><V2/><F2/><W62/><G112/><T109/><D109/><U57/><E0/><V31/><F31/><W32/><G1/><T101/><D101/><U78/><E26/><V122/><F122/><W100/><G115/><T128/><D128/><U51/><E15/><V90/><F90/><W123/><G100/><T64/><D64/><U66/><E66/><V110/><F110/><W34/><G125/><T41/><D41/><U73/><E13/><V84/><F84/><AGARI ba="0,2" hai="58,59,68,69,71,82,84,87,89,91,94,99,102,107" machi="84" ten="40,5200,0" yaku="1,1,52,1,53,1" doraHai="77" doraHaiUra="88" who="0" fromWho="2" sc="20,72,319,0,182,-52,459,0" owari="92,-41.0,319,12.0,130,-27.0,459,56.0" /></mjloggm>