<mjloggm ver="2.3"><GO type="41"/><UN n0="%54%44%44%2D%31" n1="%E7%84%A1%E8%92%99" n2="%E3%82%A6%E3%83%AB%E3%83%88%E3%83%A9%E7%AB%8B%E7%9B%B4" n3="%70%E5%80%89" dan="13,14,15,13" rate="1834,1900,2011,1991" sx="M,M,M,F"/><TAIKYOKU oya="0"/><INIT seed="0,0,0,4,4,65" ten="250,250,250,250" oya="0" hai0="94,51,14,71,73,17,52,19,79,109,57,107,92" hai1="110,35,58,28,76,91,78,125,18,82,12,4,67" hai2="33,66,118,103,116,102,98,86,100,104,72,88,32" hai3="11,22,2,16,128,26,132,95,25,47,87,114,133"/><T5/><D107/><U101/><E125/><V60/><F33/><W123/><G114/><T31/><D5/><U131/><E131/><V69/><F32/><W36/><G36/><T55/><D73/><U64/><E101/><V112/><F72/><W41/><G41/><T10/><D79/><U129/><E129/><V68/><F112/><W119/><G47/><T39/><D39/><U38/><E38/><V84/><F84/><W48/><G48/><T120/><D120/><U63/><E4/><V13/><F13/><N who="3" m="9487" /><G87/><T85/><D31/><U90/><E110/><V127/><F127/><W62/><G95/><T105/><D105/><U42/><E42/><V49/><F49/><W96/><G96/><T70/><D109/><U89/><E67/><V8/><F8/><W0/><G62/><T106/><D106/><U83/><E28/><V21/><F21/><W122/><G128/><T29/><D29/><U97/><E35/><V50/><F50/><W99/><G99/><T54/><D54/><U24/><E24/><N who="3" m="9322" /><G119/><N who="2" m="45609" /><F69/><W6/><G2/><T9/><D85/><U130/><E97/><V77/><F77/><N who="1" m="29801" /><E130/><V1/><F1/><W56/><G56/><T134/><D94/><AGARI ba="0,0" hai="60,66,68,86,88,94,98,100,102,103,104" m="45609" machi="94" ten="30,3900,0" yaku="12,1,52,1,54,1" doraHai="65" who="2" fromWho="0" sc="250,-39,250,0,250,39,250,0" /><INIT seed="1,0,0,4,2,81" ten="211,250,289,250" oya="1" hai0="39,107,69,53,82,54,100,37,114,55,43,20,93" hai1="60,122,33,13,10,22,47,35,88,72,58,131,133" hai2="68,57,24,76,52,6,11,4,70,28,74,109,75" hai3="129,49,77,97,18,116,3,65,118,73,102,132,59"/><U80/><E122/><V64/><F109/><W110/><G110/><T40/><D114/><U120/><E120/><V103/><F6/><W99/><G3/><T15/><D107/><U27/><E133/><V91/><F103/><W51/><G132/><T26/><D69/><U25/><E131/><V19/><F19/><W67/><G129/><T123/><D123/><U119/><E119/><N who="3" m="45610" /><G99/><T121/><D121/><U90/><E25/><V106/><F106/><W101/><G101/><T135/><D135/><U34/><E47/><V108/><F108/><W23/><G77/><T8/><D82/><U134/><E134/><V130/><F130/><W5/><G5/><T98/><D39/><U125/><E125/><V95/><F64/><N who="3" m="24651" /><G59/><T12/><D37/><U14/><E72/><V0/><F68/><W48/><G73/><T86/><D86/><U30/><E13/><V79/><F70/><W46/><G97/><T124/><D124/><U61/><E58/><V105/><F105/><W38/><G102/><T78/><D78/><U2/><E2/><V126/><F126/><W104/><G104/><T17/><REACH who="0" step="1"/><D15/><REACH who="0" step="2"/><U66/><E80/><V63/><F75/><W85/><G38/><T71/><D71/><N who="1" m="42439" /><E61/><V45/><F74/><W31/><G85/><T112/><D112/><U89/><E34/><V56/><F76/><W94/><G94/><T62/><D62/><U41/><E41/><V44/><F79/><W36/><G36/><T84/><D84/><U92/><E92/><V127/><F127/><W96/><G96/><T111/><D111/><U21/><E35/><V115/><F115/><RYUUKYOKU ba="0,1" sc="201,15,250,15,289,-15,250,-15" hai0="8,12,17,20,26,40,43,53,54,55,93,98,100" hai1="10,14,21,22,27,30,33,88,89,90" /><INIT seed="1,1,1,1,5,80" ten="216,265,274,235" oya="1" hai0="52,68,120,81,98,14,109,76,44,19,1,42,15" hai1="79,5,6,73,56,29,116,77,115,13,60,10,119" hai2="25,104,16,106,50,41,123,85,71,125,62,45,130" hai3="54,7,103,95,9,86,22,82,26,57,2,131,111"/><U30/><E115/><V84/><F123/><W70/><G111/><T126/><D109/><U34/><E34/><V23/><F125/><W122/><G70/><T124/><D120/><U64/><E73/><V61/><F130/><W132/><G132/><T43/><D68/><U24/><E119/><V72/><F72/><W100/><G131/><T32/><D1/><U4/><E116/><V97/><F71/><W133/><G95/><T89/><D32/><U36/><E36/><V99/><F104/><W46/><G46/><T88/><D43/><U94/><E94/><V48/><F106/><W27/><G133/><T51/><D98/><N who="2" m="37386" /><F50/><W69/><G69/><T18/><D15/><U11/><E6/><V118/><F118/><W101/><G22/><T117/><D117/><U65/><E64/><V49/><F48/><W35/><G35/><T134/><D134/><U38/><E38/><V28/><F28/><W75/><G75/><T96/><D96/><U114/><E114/><V17/><F17/><W121/><G122/><T107/><D107/><U47/><E47/><V40/><F40/><W108/><G108/><T58/><D19/><U135/><E135/><V128/><F128/><W37/><G37/><T63/><D18/><U129/><E129/><V21/><F21/><W90/><REACH who="3" step="1"/><G121/><REACH who="3" step="2"/><T55/><D42/><U127/><E24/><V59/><F59/><W33/><G33/><T20/><D20/><U92/><E92/><V66/><F66/><W83/><G83/><T112/><D112/><U87/><E60/><AGARI ba="1,2" hai="16,23,25,41,45,49,60,61,62,84,85" m="37386" machi="60" ten="30,7700,0" yaku="8,1,52,2,54,1" doraHai="80" who="2" fromWho="1" sc="216,0,265,-80,274,100,225,0" /><AGARI ba="1,0" hai="2,7,9,26,27,54,57,60,82,86,90,100,101,103" machi="60" ten="40,2600,0" yaku="1,1,52,1,53,0" doraHai="80" doraHaiUra="8" who="3" fromWho="1" sc="216,0,185,-26,374,0,225,26" /><INIT seed="2,0,0,3,5,55" ten="216,159,374,251" oya="2" hai0="89,107,67,73,62,122,8,29,45,41,56,47,25" hai1="15,68,4,65,96,24,31,94,124,84,50,20,71" hai2="72,66,48,79,86,33,76,16,39,26,118,35,23" hai3="74,82,120,46,126,108,43,77,0,78,91,7,100"/><V75/><F39/><W93/><G120/><T13/><D122/><U11/><E124/><V5/><F118/><W44/><G108/><T132/><D107/><U60/><E84/><V32/><F5/><W101/><G126/><T42/><D73/><U59/><REACH who="1" step="1"/><E50/><REACH who="1" step="2"/><V49/><F75/><W14/><G77/><T63/><D132/><U1/><E1/><V117/><F72/><W129/><G129/><T51/><D63/><U99/><E99/><V115/><F79/><W2/><G2/><T98/><D98/><U88/><AGARI ba="0,1" hai="4,11,15,20,24,31,59,60,65,68,71,88,94,96" machi="88" ten="20,8000,1" yaku="1,1,0,1,7,1,52,1,54,1,53,0" doraHai="55" doraHaiUra="116" who="1" fromWho="1" sc="216,-20,149,90,374,-40,251,-20" /><INIT seed="3,0,0,1,4,76" ten="196,239,334,231" oya="3" hai0="45,47,129,46,6,121,49,55,32,38,43,44,82" hai1="0,112,81,135,8,74,66,52,105,103,126,127,110" hai2="40,119,67,72,95,30,123,22,91,75,115,42,71" hai3="18,1,51,118,16,65,53,130,111,125,15,124,3"/><W21/><G118/><T79/><D32/><U68/><E112/><V101/><F119/><W10/><G65/><T36/><D6/><N who="1" m="1095" /><E110/><V128/><F115/><W4/><G130/><T70/><D79/><N who="1" m="44279" /><E135/><V87/><F128/><W61/><G61/><T84/><D82/><U39/><E39/><N who="0" m="14889" /><D84/><U106/><E103/><V109/><F109/><W133/><G133/><T134/><D134/><U2/><E2/><V29/><F123/><W11/><G111/><T59/><D129/><U34/><E34/><V58/><F71/><W41/><G41/><N who="2" m="15977" /><F75/><W90/><G90/><T9/><D9/><U64/><E64/><V131/><F72/><W69/><G69/><T94/><D94/><U97/><E97/><V48/><F131/><W108/><G51/><N who="0" m="27039" /><D121/><U96/><E52/><N who="2" m="32007" /><F67/><W107/><G53/><T28/><D28/><N who="2" m="10858" /><F22/><N who="3" m="11551" /><G107/><T27/><D27/><U5/><E96/><V37/><F37/><W25/><G108/><T78/><D78/><U31/><E31/><V60/><F60/><W117/><G117/><T116/><D116/><U73/><E73/><V88/><F91/><W54/><G54/><T7/><D7/><AGARI ba="0,0" hai="1,3,4,7,10,11,18,21,25,124,125" m="11551" machi="7" ten="30,5800,0" yaku="34,2,54,1" doraHai="76" who="3" fromWho="0" sc="196,-58,239,0,334,0,231,58" /><INIT seed="3,1,0,5,0,12" ten="138,239,334,289" oya="3" hai0="5,55,22,76,73,36,14,115,105,126,21,81,34" hai1="114,49,113,110,62,8,82,51,118,95,45,63,111" hai2="130,93,78,2,117,128,24,35,86,87,88,69,27" hai3="42,101,48,41,37,25,13,108,89,131,44,94,121"/><W19/><G121/><T116/><D116/><U4/><E95/><V83/><F117/><W1/><G1/><T67/><D105/><U91/><E118/><V26/><F35/><W9/><G131/><N who="2" m="50217" /><F2/><W46/><G108/><N who="1" m="41514" /><E91/><V122/><F69/><W6/><G101/><T132/><D34/><U109/><E82/><V120/><AGARI ba="1,0" hai="24,26,27,78,83,86,87,88,93,120,122" m="50217" machi="120" ten="40,2700,0" yaku="19,1,54,1" doraHai="12" who="2" fromWho="2" sc="138,-8,239,-8,334,30,289,-14" /><INIT seed="4,0,0,2,2,41" ten="130,231,364,275" oya="0" hai0="25,48,22,135,128,122,94,33,55,67,43,13,28" hai1="77,63,21,61,126,9,110,0,134,112,130,132,125" hai2="40,69,114,16,133,118,99,83,31,11,59,52,18" hai3="108,92,96,45,56,86,47,98,23,123,97,34,106"/><T113/><D122/><U131/><E77/><V62/><F118/><W107/><G108/><T36/><D67/><U6/><E112/><V103/><F114/><W121/><G34/><T2/><D113/><U88/><E21/><V91/><F133/><N who="1" m="51305" /><E88/><V27/><F69/><W12/><G56/><T38/><D135/><U7/><E7/><V102/><F40/><W79/><G23/><T127/><D2/><U39/><E39/><V70/><F70/><W57/><G12/><T19/><D43/><U76/><E76/><V30/><F27/><W46/><G57/><T73/><D73/><U10/><E10/><V81/><F81/><N who="3" m="47423" /><G92/><T84/><D128/><N who="1" m="49195" /><E110/><V75/><F75/><W20/><G20/><T71/><D71/><U109/><E109/><V29/><F11/><W64/><G64/><T101/><D127/><AGARI ba="0,0" hai="0,6,9,61,63,125,126,127" m="49195,51305" machi="127" ten="40,32000,5" yakuman="39" doraHai="41" who="1" fromWho="0" sc="130,-320,231,320,364,0,275,0" owari="-190,-69,551,65,364,16,275,-12" /></mjloggm>