<mjloggm ver="2.3"><GO type="169" lobby="0"/><UN n0="%E6%82%A0%E9%9B%85" n1="%7A%65%72%6F%52%58" n2="%E3%81%84%E3%81%A1%E3%81%8B%E3%82%8F%E2%99%AA" n3="%EF%BC%88%E2%89%A7%E2%96%BD%E2%89%A6%EF%BC%89" dan="16,16,17,19" rate="2030.16,2043.39,2227.05,2264.54" sx="M,M,M,M"/><TAIKYOKU oya="0"/><INIT seed="0,0,0,2,2,7" ten="250,250,250,250" oya="0" hai0="105,30,48,121,83,114,38,58,14,111,11,125,61" hai1="12,84,119,28,124,5,108,92,131,101,122,62,26" hai2="96,73,129,79,15,118,75,66,77,109,37,88,27" hai3="22,57,10,46,78,0,17,40,13,97,127,45,68"/><T80/><D38/><U39/><E122/><V103/><F66/><W126/><G68/><T19/><D121/><U71/><E119/><V106/><F37/><W72/><G97/><T18/><D114/><U51/><E39/><V94/><F27/><W132/><G132/><T89/><D105/><U3/><E3/><V93/><F15/><W87/><G72/><N who="2" m="27721" /><F118/><W8/><G57/><T63/><D125/><N who="3" m="47625" /><G0/><T107/><D107/><U53/><E108/><V70/><F70/><W91/><G78/><N who="2" m="29705" /><F129/><W34/><G34/><T4/><D30/><U104/><E131/><V23/><F23/><W98/><G98/><T6/><D111/><U69/><E12/><V85/><F109/><W130/><G130/><T9/><D14/><U113/><E71/><V120/><F120/><W64/><G64/><T42/><D58/><U33/><E69/><V52/><F52/><W117/><G117/><T24/><D24/><U65/><E26/><V99/><F99/><W133/><G133/><T2/><D2/><U35/><E65/><V36/><F36/><N who="3" m="21639" /><G46/><T76/><D48/><U56/><E51/><V115/><F115/><W1/><G1/><T95/><D42/><U135/><E113/><V21/><F21/><W128/><G128/><T86/><D63/><U16/><E62/><V110/><F110/><W59/><G59/><T74/><D61/><U32/><E56/><V29/><F29/><W123/><G123/><T47/><D47/><U44/><E44/><V81/><AGARI ba="0,0" hai="81,85,88,93,94,96,103,106" m="29705,27721" machi="81" ten="30,12000,2" yaku="35,5,54,1" doraHai="7" who="2" fromWho="2" sc="250,-60,250,-30,250,120,250,-30" /><INIT seed="1,0,0,2,0,17" ten="190,220,370,220" oya="1" hai0="99,15,59,134,14,104,13,67,28,23,60,96,105" hai1="18,84,30,50,114,90,5,116,81,80,3,110,51" hai2="6,24,16,126,0,9,32,83,10,47,40,101,91" hai3="127,39,88,77,128,123,130,1,42,102,12,87,29"/><U92/><E116/><V108/><F101/><W44/><G1/><T38/><D38/><U73/><E114/><V119/><F126/><W124/><G123/><T64/><D134/><U109/><E30/><V20/><F108/><N who="1" m="41577" /><E73/><V120/><F120/><W54/><G102/><T21/><D28/><U36/><E36/><V132/><F132/><W78/><G29/><T11/><D11/><N who="1" m="2495" /><E18/><V76/><F91/><W94/><G54/><T113/><D113/><U37/><E37/><V7/><F32/><W68/><G68/><T33/><D33/><U106/><E106/><V65/><F65/><W125/><REACH who="3" step="1"/><G12/><REACH who="3" ten="190,220,370,210" step="2"/><T34/><D34/><U95/><E95/><V22/><F119/><W89/><G89/><T103/><D67/><U56/><E50/><N who="2" m="26983" /><F0/><W4/><G4/><T98/><REACH who="0" step="1"/><D103/><REACH who="0" ten="180,220,370,210" step="2"/><U48/><E48/><V69/><F6/><W72/><G72/><T61/><D61/><U66/><E51/><V43/><F7/><W117/><G117/><T8/><D8/><U19/><E19/><N who="2" m="12319" /><F69/><W74/><G74/><T63/><D63/><AGARI ba="0,2" hai="56,63,66,80,81,84,90,92" m="2495,41577" machi="63" ten="30,2900,0" yaku="14,1,10,1" doraHai="17" who="1" fromWho="0" sc="180,-29,220,49,370,0,210,0" /><INIT seed="1,1,0,1,1,18" ten="151,269,370,210" oya="1" hai0="2,101,42,36,55,44,130,76,128,49,77,124,7" hai1="129,16,71,64,80,22,52,11,26,73,67,69,91" hai2="123,43,3,78,106,118,35,83,66,38,9,24,86" hai3="50,109,46,113,92,115,99,108,53,89,5,88,114"/><U97/><E129/><N who="0" m="49769" /><D101/><U94/><E71/><V4/><F106/><W103/><REACH who="3" step="1"/><G5/><REACH who="3" ten="151,269,370,200" step="2"/><T125/><D7/><U111/><E111/><AGARI ba="1,1" hai="46,50,53,88,89,92,99,103,108,109,111,113,114,115" machi="111" ten="50,8000,1" yaku="1,1,2,1,14,1,54,1,53,0" doraHai="18" doraHaiUra="70" who="3" fromWho="1" sc="151,0,269,-83,370,0,200,93" /><INIT seed="2,0,0,1,1,24" ten="151,186,370,293" oya="2" hai0="94,3,93,5,66,20,116,35,16,65,17,113,108" hai1="13,95,131,6,4,42,70,119,49,57,44,69,133" hai2="84,83,89,85,117,100,28,52,110,68,74,97,54" hai3="128,59,106,82,130,101,91,99,107,11,51,64,132"/><V26/><F68/><W118/><G118/><T33/><D116/><U18/><E119/><V22/><F74/><W80/><G132/><T102/><D5/><U124/><E133/><V98/><F117/><W111/><G111/><T0/><D20/><U53/><E131/><N who="3" m="50218" /><G107/><T12/><D12/><U78/><E124/><V114/><F110/><W115/><G115/><T126/><D108/><U30/><E78/><N who="2" m="46199" /><F114/><W87/><G11/><T19/><D113/><U8/><E70/><V129/><F129/><W34/><G34/><N who="0" m="12811" /><D102/><U32/><E69/><V27/><F27/><W47/><G80/><T86/><D86/><U125/><E125/><V15/><F15/><W50/><G47/><T134/><D134/><U81/><E81/><N who="2" m="49327" /><F98/><W43/><G43/><T48/><D126/><U40/><E40/><V21/><F21/><W45/><G45/><T14/><D14/><U103/><E32/><V23/><F23/><W112/><G112/><T62/><D0/><U79/><E79/><V67/><F67/><W38/><G38/><T58/><D65/><U73/><E73/><V1/><F1/><W76/><G76/><T29/><D3/><U72/><E72/><V37/><F37/><W39/><G39/><T41/><D93/><AGARI ba="0,0" hai="22,26,28,52,54,93,97,100" m="49327,46199" machi="93" ten="30,5800,0" yaku="8,1,52,1,54,1" doraHai="24" who="2" fromWho="0" sc="151,-58,186,0,370,58,293,0" /><INIT seed="2,1,0,1,3,134" ten="93,186,428,293" oya="2" hai0="14,103,94,16,99,57,6,125,2,50,109,10,9" hai1="66,36,115,112,68,129,20,56,107,74,90,7,59" hai2="124,64,133,27,19,82,77,117,84,63,128,106,35" hai3="83,22,75,28,88,54,130,46,111,65,121,30,23"/><V51/><F106/><W70/><G121/><T45/><D109/><U71/><E107/><V5/><F117/><W100/><G100/><T80/><D57/><U42/><E74/><V4/><F133/><W123/><G123/><T11/><D80/><U52/><E7/><V33/><F128/><W40/><G130/><T29/><D29/><U44/><E90/><V92/><F33/><W135/><G111/><T34/><D34/><U126/><E20/><V39/><F39/><W12/><G135/><T47/><D47/><U3/><E3/><V114/><F114/><N who="1" m="43561" /><E129/><V118/><F118/><W21/><G75/><T81/><D81/><U76/><E76/><V93/><F51/><N who="3" m="27079" /><G70/><N who="1" m="26666" /><E66/><V105/><F105/><W87/><G65/><T132/><D132/><U60/><E59/><V17/><F35/><W72/><G72/><T131/><D131/><U13/><E13/><V48/><F5/><W102/><G102/><T122/><D122/><U69/><N who="1" m="26674" /><U85/><DORA hai="24" /><E85/><V26/><F4/><W108/><G12/><T120/><D120/><U116/><E116/><V89/><F77/><W78/><G78/><T43/><REACH who="0" step="1"/><D11/><REACH who="0" ten="83,186,428,293" step="2"/><U79/><E79/><V119/><F82/><W55/><G108/><T91/><D91/><U49/><E36/><V127/><F89/><W18/><G28/><T86/><D86/><U31/><E31/><V101/><F84/><W37/><G30/><T41/><D41/><U67/><E42/><V95/><F119/><W62/><G37/><T96/><D96/><U1/><E1/><V97/><F97/><W0/><G0/><T104/><D104/><RYUUKYOKU ba="1,1" sc="83,15,186,15,428,-15,293,-15" hai0="2,6,9,10,14,16,43,45,50,94,99,103,125" hai1="44,49,52,56,60,67,126" /><INIT seed="3,2,1,0,4,84" ten="98,201,413,278" oya="3" hai0="48,32,60,105,45,70,128,131,135,65,27,35,29" hai1="50,95,129,47,6,91,53,63,14,46,49,56,74" hai2="12,19,61,59,15,90,86,64,78,41,1,97,20" hai3="127,121,17,26,67,25,34,80,104,72,100,116,43"/><W107/><G121/><T126/><D35/><U51/><E74/><V108/><F1/><W68/><G116/><T112/><D135/><U134/><E129/><V75/><F108/><W106/><G127/><T58/><D126/><U11/><REACH who="1" step="1"/><E134/><REACH who="1" ten="98,191,413,278" step="2"/><V120/><F120/><W77/><G72/><T44/><D112/><U102/><E102/><V7/><F75/><W117/><G100/><T33/><D33/><U118/><E118/><V113/><F113/><W2/><G34/><T37/><D131/><U101/><E101/><V0/><F0/><W79/><G2/><T98/><D128/><U103/><E103/><V99/><F78/><W88/><G79/><T73/><D73/><U13/><E13/><V119/><F119/><W110/><G77/><T55/><D105/><U23/><E23/><V94/><F41/><W62/><G43/><T96/><D45/><U54/><E54/><V42/><F42/><AGARI ba="2,2" hai="27,29,32,37,42,44,48,55,58,60,65,70,96,98" machi="42" ten="40,2600,0" yaku="24,2" doraHai="84" who="0" fromWho="2" sc="98,52,191,0,413,-32,278,0" /><INIT seed="4,0,0,1,4,53" ten="150,191,381,278" oya="0" hai0="11,56,23,21,133,134,8,18,65,54,60,41,49" hai1="34,70,110,68,131,63,72,42,98,103,75,114,91" hai2="47,62,108,15,5,120,86,109,71,94,64,130,26" hai3="74,135,59,27,80,12,125,102,4,40,39,30,6"/><T127/><D127/><U16/><E110/><V35/><F130/><W44/><G125/><T9/><D41/><U37/><E131/><V38/><F120/><W28/><G135/><N who="0" m="51723" /><D18/><U10/><E34/><V113/><F113/><W2/><G30/><T96/><D96/><U106/><E114/><V52/><F38/><W22/><G102/><T50/><D50/><U105/><E105/><V116/><F116/><W29/><G29/><T73/><D73/><U104/><E104/><V129/><F129/><W13/><G6/><T126/><D126/><U95/><E42/><V55/><F108/><W81/><G74/><T118/><D118/><U17/><E37/><V0/><F0/><W7/><G2/><T124/><D124/><U36/><E36/><V93/><F47/><AGARI ba="0,0" hai="8,9,11,21,23,47,49,54,56,60,65" m="51723" machi="47" ten="30,2900,0" yaku="20,1,52,1" doraHai="53" who="0" fromWho="2" sc="150,29,191,0,381,-29,278,0" /><INIT seed="4,1,0,1,3,3" ten="179,191,352,278" oya="0" hai0="47,107,27,65,90,125,80,10,85,49,61,135,52" hai1="72,55,96,67,25,133,60,68,28,41,82,115,70" hai2="130,66,127,88,102,77,31,51,54,42,15,29,101" hai3="131,21,112,59,39,110,16,119,18,79,23,62,30"/><T116/><D116/><U50/><E133/><V32/><F77/><W64/><G119/><T105/><D135/><U58/><E115/><V11/><F66/><W118/><G118/><T5/><D125/><U73/><E68/><V83/><F42/><W7/><G39/><T126/><D126/><U71/><E71/><V113/><F32/><W87/><G110/><T40/><D40/><U43/><E96/><V37/><F37/><W24/><G112/><T97/><D97/><U33/><REACH who="1" step="1"/><E73/><REACH who="1" ten="179,181,352,278" step="2"/><V6/><F113/><W63/><G131/><T75/><D75/><U35/><E35/><V22/><F127/><W106/><G106/><T69/><REACH who="0" step="1"/><D27/><REACH who="0" ten="169,181,352,278" step="2"/><U45/><E45/><N who="2" m="28015" /><F130/><W13/><G24/><T74/><D74/><U78/><AGARI ba="1,2" hai="25,28,33,41,43,50,55,58,60,67,70,72,78,82" machi="78" ten="30,2000,0" yaku="1,1,0,1,53,0" doraHai="3" doraHaiUra="19" who="1" fromWho="1" sc="169,-11,181,43,352,-6,278,-6" /><INIT seed="5,0,0,4,5,85" ten="158,224,346,272" oya="1" hai0="72,74,11,63,97,32,57,125,116,104,90,10,95" hai1="61,60,70,23,79,96,109,12,110,7,121,75,102" hai2="126,40,37,30,14,81,19,82,64,9,87,5,113" hai3="29,76,101,42,6,92,36,26,133,89,24,127,128"/><U41/><E121/><V69/><F82/><W39/><G127/><T108/><D125/><U115/><E115/><V25/><F113/><W44/><G133/><T132/><D132/><U16/><E41/><V58/><F126/><W4/><G128/><T55/><D116/><U18/><E7/><V129/><F69/><W71/><G71/><T8/><D32/><U119/><E119/><V83/><F81/><W77/><G101/><T34/><D34/><U3/><E3/><V114/><F40/><W120/><G120/><T88/><D104/><N who="1" m="63559" /><E70/><V103/><F37/><W45/><G42/><T48/><D108/><N who="1" m="41579" /><E79/><V135/><F103/><W49/><G49/><T62/><REACH who="0" step="1"/><D90/><REACH who="0" ten="148,224,346,272" step="2"/><U33/><E33/><V80/><F135/><W66/><G89/><T106/><D106/><U59/><E75/><AGARI ba="0,1" hai="8,10,11,48,55,57,62,63,72,74,75,88,95,97" machi="75" ten="40,5200,0" yaku="1,1,52,1,54,1,53,0" doraHai="85" doraHaiUra="20" who="0" fromWho="1" sc="148,62,224,-52,346,0,272,0" /><INIT seed="6,0,0,2,4,71" ten="210,172,346,272" oya="2" hai0="107,116,43,14,41,25,53,1,18,125,76,75,121" hai1="0,93,82,56,32,35,65,9,68,86,95,103,119" hai2="105,64,110,106,15,69,11,84,124,47,126,8,2" hai3="127,7,102,66,96,62,55,4,20,98,59,30,130"/><V36/><F84/><W79/><G130/><T117/><D1/><U87/><E68/><V61/><F110/><W54/><G127/><N who="2" m="48681" /><F8/><W114/><G114/><T131/><D125/><U109/><E109/><V45/><F2/><W52/><G79/><T34/><D131/><U73/><E119/><V22/><F22/><W78/><G78/><T39/><D107/><N who="2" m="40970" /><F36/><W24/><G98/><T83/><D121/><U23/><E73/><V115/><F115/><W5/><G4/><AGARI ba="0,0" hai="4,11,15,45,47,61,64,69" m="40970,48681" machi="4" ten="30,1500,0" yaku="18,1" doraHai="71" who="2" fromWho="3" sc="210,0,172,0,346,15,272,-15" /><INIT seed="6,1,0,2,4,91" ten="210,172,361,257" oya="2" hai0="57,111,110,40,128,97,78,20,135,61,15,38,18" hai1="28,80,42,47,69,60,120,96,31,112,92,77,121" hai2="63,93,103,88,24,94,50,29,44,4,95,11,43" hai3="68,76,25,84,37,9,22,130,71,53,0,64,45"/><V129/><F129/><W89/><G130/><T73/><D128/><U102/><E112/><V39/><F63/><W46/><G76/><T66/><D135/><U19/><E19/><V3/><F103/><W126/><G126/><T36/><D40/><U81/><E28/><V108/><F108/><W70/><G64/><T72/><D72/><U30/><E30/><V21/><F39/><W52/><G37/><T16/><D38/><U104/><E31/><V109/><F109/><W117/><G117/><T105/><D36/><U119/><E119/><V101/><F101/><W106/><G106/><T114/><D114/><U125/><E125/><V27/><F27/><W6/><G46/><T62/><D105/><U124/><E124/><V87/><AGARI ba="1,0" hai="3,4,11,21,24,29,43,44,50,87,88,93,94,95" machi="87" ten="20,18000,2" yaku="0,1,7,1,52,3,54,1" doraHai="91" who="2" fromWho="2" sc="210,-61,172,-61,361,183,257,-61" /><INIT seed="6,2,0,1,4,119" ten="149,111,544,196" oya="2" hai0="78,77,5,118,17,48,107,45,91,97,82,16,116" hai1="70,106,36,42,96,124,50,15,61,125,19,103,112" hai2="29,31,55,47,93,114,37,63,108,46,120,80,65" hai3="133,24,122,33,49,76,22,98,100,89,79,27,59"/><V88/><F114/><W58/><G133/><T60/><D5/><U127/><E36/><V85/><F120/><W6/><G6/><T102/><D60/><U51/><E112/><V38/><F108/><W11/><G11/><T20/><D91/><U28/><E28/><V53/><F38/><W18/><G122/><T109/><D109/><U40/><E70/><V67/><F37/><W87/><G33/><T30/><D30/><N who="2" m="11274" /><F63/><W8/><G8/><T23/><D23/><U39/><E61/><V123/><F123/><W14/><G49/><T44/><D44/><N who="2" m="16938" /><F80/><W2/><G58/><T117/><D82/><U110/><E110/><V135/><F135/><W81/><G59/><T131/><D131/><U126/><N who="1" m="31744" /><DORA hai="43" /><U13/><E13/><V3/><F3/><W21/><G2/><T25/><D17/><U10/><REACH who="1" step="1"/><E39/><REACH who="1" ten="149,101,544,196" step="2"/><V101/><F101/><W7/><G14/><T129/><D129/><U74/><E74/><V73/><F73/><W113/><G100/><T4/><D4/><U94/><E94/><V32/><F32/><W130/><G7/><T9/><D9/><U26/><E26/><V95/><F95/><N who="3" m="56687" /><G130/><T84/><D118/><U64/><E64/><AGARI ba="2,1" hai="53,55,64,65,67,85,88,93" m="16938,11274" machi="64" ten="30,12000,1" yaku="8,1,52,3,54,1" doraHai="119,43" who="2" fromWho="1" sc="149,0,101,-126,544,136,196,0" owari="149,-25.0,-25,-53.0,680,78.0,196,0.0" /></mjloggm>