<mjloggm ver="2.3"><GO type="43"/><UN n0="%E5%B9%B3%E5%92%8C%E3%83%80%E3%83%9E%E3%82%8B%E7%B3%BB%E9%9B%80%E5%A3%AB" n1="%E3%81%88%E3%81%9B%E3%81%A6%E3%81%A1" n2="%E3%83%80%E3%83%B3%E3%83%97%E3%82%AB%E3%83%BC" n3="%EF%BC%88%E2%89%A7%E2%96%BD%E2%89%A6%EF%BC%89" dan="15,17,14,15" rate="2041,2029,1887,1970" sx="F,M,M,M"/><TAIKYOKU oya="0"/><INIT seed="0,0,0,3,3,133" ten="250,250,250,250" oya="0" hai0="111,119,105,35,29,61,104,112,134,93,31,122,114" hai1="17,116,82,6,34,57,63,46,108,30,12,130,37" hai2="80,33,71,118,7,8,39,36,85,0,76,47,77" hai3="26,73,10,88,24,72,79,52,45,102,65,62,89"/><T19/><D122/><U69/><E69/><V5/><F118/><W101/><G10/><T21/><D119/><U18/><E116/><V4/><F71/><W56/><G79/><T60/><D134/><U96/><E34/><V55/><F33/><W15/><G15/><T100/><D35/><U132/><E30/><V127/><F127/><W53/><G45/><T99/><D111/><U23/><E130/><V22/><F22/><W135/><G65/><T95/><D105/><U110/><E132/><V78/><F39/><W70/><G135/><T86/><D104/><U106/><E82/><V13/><F0/><W42/><G70/><T128/><D128/><U67/><E6/><V109/><F109/><W41/><G62/><N who="0" m="24171" /><D114/><U117/><E117/><V54/><F36/><W64/><G64/><T66/><D66/><U83/><E83/><V84/><F47/><W90/><REACH who="3" step="1"/><G89/><REACH who="3" ten="250,250,250,240" step="2"/><N who="0" m="53431" /><D112/><U113/><E113/><V59/><F55/><W107/><G107/><T87/><D87/><N who="2" m="33354" /><F80/><W2/><G2/><T27/><AGARI ba="0,1" hai="19,21,27,29,31,95,99,100" m="53431,24171" machi="27" ten="30,1500,0" yaku="8,1" doraHai="133" who="0" fromWho="0" sc="250,25,250,-5,250,-5,240,-5" /><INIT seed="0,1,0,1,0,57" ten="275,245,245,235" oya="0" hai0="14,40,129,0,122,76,123,4,91,117,24,22,65" hai1="51,121,99,63,75,42,92,127,55,116,98,103,48" hai2="80,82,49,39,15,105,135,131,96,85,128,2,64" hai3="93,43,62,26,54,125,79,114,87,133,84,18,35"/><T52/><D117/><U6/><E116/><V66/><F2/><W95/><G114/><T17/><D129/><N who="2" m="49738" /><F39/><W77/><G133/><T11/><D40/><U29/><E75/><V89/><F135/><W37/><G125/><T45/><D65/><U94/><E121/><V27/><F49/><W46/><G35/><T70/><D70/><U132/><E132/><V16/><F27/><W113/><G113/><T69/><D69/><U97/><E127/><V23/><F82/><W111/><G111/><T81/><D91/><U109/><E109/><V10/><F10/><W5/><G5/><T108/><D108/><U19/><E29/><V28/><F28/><W30/><G30/><T1/><D1/><U72/><E72/><V31/><F31/><W56/><G84/><T58/><D45/><N who="1" m="25655" /><E6/><V25/><F25/><W120/><G120/><T67/><D67/><N who="2" m="25642" /><F96/><N who="1" m="36969" /><E19/><V88/><F105/><W34/><G34/><T112/><D0/><U60/><E94/><V71/><F71/><W110/><G110/><T101/><D112/><U134/><E134/><V12/><F12/><W47/><G95/><T106/><D106/><U68/><E68/><V83/><F83/><W50/><G93/><T44/><D101/><U7/><E7/><V119/><F119/><W3/><G3/><T78/><D81/><U100/><E100/><V32/><F32/><W53/><REACH who="3" step="1"/><G87/><REACH who="3" ten="275,245,245,225" step="2"/><T61/><D122/><U38/><E38/><V126/><F126/><W115/><G115/><T118/><D123/><U13/><E13/><V86/><F86/><W21/><AGARI ba="1,1" hai="18,21,26,37,43,46,47,50,53,54,56,62,77,79" machi="21" ten="30,8000,1" yaku="1,1,0,1,52,1,53,2" doraHai="57" doraHaiUra="41" who="3" fromWho="3" sc="275,-41,245,-21,245,-21,225,93" /><INIT seed="1,0,0,1,4,128" ten="234,224,224,318" oya="1" hai0="118,8,132,107,1,25,81,70,115,131,134,46,108" hai1="80,26,86,78,41,2,77,76,9,124,11,60,84" hai2="24,37,6,21,23,19,111,122,98,100,50,120,114" hai3="54,85,58,62,66,42,5,57,40,101,83,64,36"/><U113/><E113/><V38/><F50/><W69/><G101/><T116/><D70/><U61/><E124/><V135/><F111/><W106/><G106/><T55/><D107/><U3/><E41/><V12/><F98/><W56/><G5/><N who="0" m="1071" /><D115/><U123/><E26/><V130/><F100/><W93/><G93/><T32/><D81/><U51/><E51/><V13/><F38/><W7/><G7/><T17/><D55/><U52/><E52/><V35/><F37/><W104/><G104/><T125/><D46/><U28/><E28/><N who="2" m="19847" /><F114/><W87/><G85/><T16/><D108/><U105/><E105/><V89/><F89/><W133/><G87/><T10/><D125/><U102/><E78/><V119/><F119/><N who="0" m="45610" /><D131/><U112/><E112/><V72/><F72/><W29/><G83/><T22/><D32/><U96/><E102/><V33/><F33/><W4/><G69/><T15/><AGARI ba="0,0" hai="10,15,16,17,22,25,132,134" m="45610,1071" machi="15" ten="30,7900,0" yaku="34,2,52,2" doraHai="128" who="0" fromWho="0" sc="234,79,224,-39,224,-20,318,-20" /><INIT seed="2,0,0,2,2,119" ten="313,185,204,298" oya="2" hai0="81,51,56,52,110,105,128,46,55,62,97,20,41" hai1="8,132,99,37,83,4,109,129,42,12,25,127,9" hai2="30,86,32,39,124,116,79,59,70,57,88,94,135" hai3="113,47,7,31,67,76,14,80,64,24,114,87,123"/><V133/><F70/><W11/><G123/><T93/><D105/><U118/><E118/><V27/><F39/><W107/><G107/><T71/><D71/><U43/><E109/><V130/><F116/><W117/><G117/><T35/><D35/><U120/><E129/><V16/><F130/><W54/><G54/><T125/><D128/><U121/><E132/><N who="2" m="50763" /><F124/><W68/><G47/><T84/><D125/><U38/><E127/><V103/><F103/><W77/><G77/><N who="0" m="46127" /><D20/><U101/><E83/><N who="2" m="47487" /><F16/><W90/><G76/><T126/><D110/><U13/><E25/><V95/><F95/><W48/><G68/><T45/><D126/><U18/><E38/><V100/><F100/><W0/><G0/><T122/><D45/><U131/><E131/><V63/><F63/><W134/><G134/><T108/><D108/><U17/><E4/><V65/><F65/><W23/><REACH who="3" step="1"/><G48/><REACH who="3" ten="313,185,204,288" step="2"/><T2/><D51/><U33/><E37/><V6/><F6/><W98/><G98/><AGARI ba="0,1" hai="27,30,32,57,59,88,94,98" m="47487,50763" machi="98" ten="30,1500,0" yaku="20,1" doraHai="119" who="2" fromWho="3" sc="313,0,185,0,204,25,288,-15" /><INIT seed="2,1,0,5,1,49" ten="313,185,229,273" oya="2" hai0="124,55,16,79,77,117,2,98,99,44,29,18,14" hai1="66,42,118,71,53,35,23,17,24,130,60,86,46" hai2="13,81,63,48,4,31,8,62,65,38,30,123,134" hai3="36,3,28,85,68,26,115,112,22,93,37,43,127"/><V89/><F123/><W121/><G121/><T52/><D2/><U129/><E118/><V47/><F38/><W25/><G3/><T54/><D117/><U103/><E35/><V34/><F134/><W125/><G68/><T87/><D124/><N who="3" m="47689" /><G43/><T132/><D29/><N who="2" m="10762" /><F34/><W88/><G26/><T73/><D73/><U12/><E103/><V110/><F110/><W33/><G33/><T56/><D132/><U20/><E86/><N who="2" m="50383" /><F65/><W92/><G92/><T119/><D119/><U39/><REACH who="1" step="1"/><E53/><AGARI ba="1,0" hai="4,8,13,47,48,53,62,63" m="50383,10762" machi="53" ten="30,2900,0" yaku="8,1,52,1" doraHai="49" who="2" fromWho="1" sc="313,0,185,-32,229,32,273,0" /><INIT seed="2,2,0,5,3,1" ten="313,153,261,273" oya="2" hai0="84,67,16,124,65,2,3,91,4,7,19,15,109" hai1="29,28,102,105,113,135,62,95,120,68,37,107,61" hai2="85,127,99,78,122,71,98,90,53,46,43,94,89" hai3="70,11,39,87,48,77,73,60,57,106,49,22,18"/><V130/><F71/><W35/><G39/><T58/><D3/><U132/><E37/><V32/><F32/><W30/><G106/><N who="1" m="40458" /><E102/><V100/><F53/><W23/><G70/><T0/><D2/><U134/><E68/><V50/><F122/><W13/><G73/><T76/><D0/><U38/><E38/><V118/><F118/><W44/><G35/><T123/><D123/><U47/><E47/><V125/><F130/><W63/><G30/><N who="1" m="11882" /><E95/><V133/><F133/><N who="1" m="34049" /><U27/><DORA hai="55" /><E27/><V117/><F117/><W92/><G92/><T104/><D104/><U41/><E120/><V86/><F78/><W14/><G44/><T82/><D76/><U80/><E80/><V25/><F25/><W116/><G116/><T83/><D82/><U112/><E41/><V119/><F119/><W128/><G77/><T96/><D83/><U45/><E45/><V129/><F129/><W9/><G128/><T20/><D67/><U126/><E126/><N who="2" m="48139" /><F100/><W51/><G87/><T21/><D65/><U66/><E66/><V103/><F103/><W121/><G121/><T115/><D84/><U101/><E101/><V59/><F59/><W74/><G74/><T110/><D58/><U56/><E56/><V40/><F40/><W131/><G131/><T54/><D124/><U52/><E52/><V93/><AGARI ba="2,0" hai="43,46,50,85,86,89,90,93,94,98,99" m="48139" machi="93" ten="30,1500,0" yaku="18,1" doraHai="1,55" who="2" fromWho="2" sc="313,-7,153,-7,261,21,273,-7" /><INIT seed="2,3,0,1,0,51" ten="306,146,282,266" oya="2" hai0="113,76,94,114,117,75,103,44,99,61,37,28,59" hai1="21,60,125,69,101,82,120,65,63,83,124,49,126" hai2="17,86,25,81,110,27,10,115,8,45,3,31,52" hai3="132,104,80,34,77,64,100,85,73,119,23,43,67"/><V98/><F115/><W2/><G119/><T106/><D117/><U78/><E120/><V74/><F74/><W57/><G34/><T107/><D107/><U42/><E63/><V62/><F3/><W15/><G2/><T41/><D106/><U29/><E101/><V18/><F110/><W97/><G132/><T79/><D79/><U93/><E93/><V58/><F98/><W5/><G43/><T127/><D127/><U19/><E29/><V134/><F134/><W47/><G47/><T48/><D37/><U109/><E109/><V130/><F130/><W11/><G23/><T68/><D68/><U70/><E70/><V26/><F31/><W32/><G32/><T56/><D56/><U33/><E33/><V24/><N who="2" m="6656" /><DORA hai="4" /><V90/><REACH who="2" step="1"/><F45/><REACH who="2" ten="306,146,272,266" step="2"/><W40/><G73/><T96/><D28/><U91/><E91/><V39/><F39/><W102/><G102/><T66/><D99/><U22/><E78/><V14/><F14/><W95/><G100/><T135/><D135/><U6/><E125/><V108/><F108/><W122/><G97/><T87/><D75/><U128/><E126/><V38/><F38/><W13/><G13/><T55/><D76/><U88/><E128/><V50/><F50/><W20/><G15/><T84/><D113/><U133/><E124/><V54/><F54/><W7/><G85/><N who="0" m="32843" /><D114/><U121/><E133/><V0/><F0/><W131/><G131/><T35/><D35/><U105/><E88/><V16/><AGARI ba="3,1" hai="8,10,16,17,18,52,58,62,81,86,90" m="6656" machi="16" ten="50,18000,2" yaku="1,1,0,1,8,1,52,3,53,0" doraHai="51,4" doraHaiUra="116,112" who="2" fromWho="2" sc="306,-63,146,-63,272,199,266,-63" /><INIT seed="2,4,0,2,2,107" ten="243,83,471,203" oya="2" hai0="132,84,131,52,15,124,1,16,56,106,57,113,125" hai1="24,8,130,19,48,90,58,50,112,95,80,82,118" hai2="40,23,101,68,53,43,39,91,62,29,115,100,22" hai3="4,85,32,73,103,30,17,69,59,46,75,10,47"/><V109/><F115/><W98/><G69/><T54/><D113/><U122/><E118/><V129/><F129/><W9/><G17/><T127/><D106/><U31/><E112/><V5/><F5/><W110/><G110/><T70/><D1/><U74/><E130/><V71/><F109/><W114/><G114/><T20/><D70/><N who="2" m="26666" /><F91/><W26/><G59/><N who="0" m="22603" /><D132/><U6/><E122/><V33/><F33/><W49/><G46/><T14/><D131/><U105/><E105/><V13/><F13/><N who="0" m="4618" /><D84/><U87/><E19/><V108/><F108/><W44/><G44/><T28/><D28/><U60/><E74/><V134/><F29/><W121/><G121/><T76/><D76/><U18/><E18/><V133/><F53/><W93/><G85/><T88/><D88/><U61/><E61/><V37/><F62/><W7/><G7/><T35/><D35/><U55/><E82/><V63/><F63/><W83/><G83/><T25/><AGARI ba="4,0" hai="16,20,25,52,54,124,125,127" m="4618,22603" machi="25" ten="40,1500,0" yaku="18,1" doraHai="107" who="0" fromWho="0" sc="243,27,83,-8,471,-11,203,-8" /><INIT seed="3,0,0,3,4,44" ten="270,75,460,195" oya="3" hai0="57,97,122,35,24,117,65,124,18,19,25,3,40" hai1="4,76,66,27,83,34,48,89,16,17,43,106,87" hai2="123,29,78,7,100,81,47,109,112,75,115,121,2" hai3="5,84,132,51,6,58,21,96,23,114,134,67,133"/><W126/><G114/><N who="2" m="43561" /><F47/><W90/><G96/><T26/><D3/><U22/><E106/><V9/><F29/><W1/><G126/><T53/><D117/><U128/><E128/><V102/><F109/><W94/><G67/><T86/><D35/><U127/><E127/><V80/><F80/><W103/><G103/><T105/><D122/><N who="2" m="46602" /><F102/><W88/><G90/><T71/><D86/><U37/><E37/><V60/><F60/><W14/><G1/><T59/><D40/><U91/><E34/><V56/><F56/><W130/><G130/><T10/><D71/><U110/><E110/><V82/><F82/><W63/><G63/><T111/><D59/><U73/><E73/><V129/><F100/><W77/><G77/><T41/><D57/><U39/><E39/><V54/><F54/><N who="3" m="32095" /><G23/><T36/><D65/><U116/><E66/><V85/><F85/><W13/><G13/><T15/><D97/><U70/><E70/><V49/><F49/><W30/><G30/><T104/><D36/><U95/><E116/><V32/><F32/><W52/><G52/><T38/><D53/><U33/><E33/><V0/><F0/><W118/><G118/><T46/><D124/><U12/><E76/><V79/><F79/><W101/><G101/><T61/><D61/><U55/><E55/><V113/><N who="2" m="43569" /><V28/><DORA hai="92" /><F28/><W119/><G119/><T72/><D111/><U11/><E89/><V69/><F69/><W42/><G42/><T64/><D64/><U99/><E43/><V68/><F68/><W31/><G31/><T74/><D18/><AGARI ba="0,0" hai="5,6,14,18,21,84,88,94,132,133,134" m="32095" machi="18" ten="30,5800,0" yaku="25,1,20,1,52,1" doraHai="44,92" who="3" fromWho="0" sc="270,-58,75,0,460,0,195,58" /><INIT seed="3,1,0,5,2,44" ten="212,75,460,253" oya="3" hai0="106,23,59,18,22,82,79,99,50,90,21,38,39" hai1="67,2,131,46,92,97,128,96,116,26,55,121,71" hai2="62,70,125,115,11,47,91,104,8,61,120,130,60" hai3="135,17,119,27,58,103,124,118,19,133,42,33,37"/><W30/><G103/><T28/><D28/><U36/><E2/><V20/><F104/><W72/><G72/><T7/><D7/><U74/><E74/><V48/><F91/><W127/><G58/><T34/><D34/><U41/><E121/><V102/><F102/><W75/><G75/><T57/><D106/><U68/><E116/><N who="3" m="44586" /><G42/><T63/><D18/><N who="3" m="6665" /><G37/><T107/><D107/><U84/><E84/><V6/><F120/><W29/><G29/><T86/><D38/><U89/><E97/><V66/><F6/><W134/><AGARI ba="1,0" hai="27,30,33,124,127,133,134,135" m="6665,44586" machi="134" ten="40,7800,0" yaku="20,1,34,2" doraHai="44" who="3" fromWho="3" sc="212,-27,75,-27,460,-27,253,81" /><INIT seed="3,2,0,3,5,24" ten="185,48,433,334" oya="3" hai0="117,81,13,55,102,22,88,85,110,100,47,123,56" hai1="64,80,101,42,39,49,90,122,129,93,130,114,84" hai2="31,89,59,74,37,68,132,109,69,21,30,119,124" hai3="33,65,12,99,116,92,108,1,38,115,103,61,134"/><W79/><G1/><T126/><D123/><U71/><E39/><V52/><F119/><W127/><G116/><T32/><D117/><U2/><E2/><V120/><F74/><W94/><G115/><T11/><D32/><U25/><E122/><V128/><F37/><W98/><G38/><T43/><D126/><U44/><E114/><V18/><F120/><W20/><G33/><T36/><D110/><U106/><E106/><V26/><F109/><W41/><G41/><T48/><REACH who="0" step="1"/><D22/><REACH who="0" ten="175,48,433,334" step="2"/><U35/><E35/><V28/><F124/><W16/><G127/><T104/><D104/><U72/><E130/><V76/><F128/><W40/><G108/><T73/><D73/><U95/><E129/><V113/><F113/><W23/><G134/><T97/><D97/><U131/><E131/><V6/><F132/><W53/><G23/><T54/><D54/><U5/><E72/><V15/><F15/><W29/><G53/><T7/><AGARI ba="2,1" hai="7,11,13,36,43,47,48,55,56,81,85,88,100,102" machi="7" ten="20,5200,0" yaku="1,1,0,1,7,1,53,1" doraHai="24" doraHaiUra="3" who="0" fromWho="0" sc="175,68,48,-15,433,-15,334,-28" /><INIT seed="4,0,0,1,2,7" ten="243,33,418,306" oya="0" hai0="57,8,132,21,73,103,113,90,32,4,108,74,72" hai1="59,119,129,60,12,64,58,95,110,126,37,89,104" hai2="44,13,111,14,107,118,97,105,94,134,93,51,79" hai3="124,86,77,91,39,16,112,31,5,34,98,115,40"/><T99/><D32/><U20/><E104/><V125/><F111/><W116/><G116/><T26/><D108/><U48/><E129/><V63/><F63/><W54/><G5/><T114/><D132/><U67/><E126/><V62/><F62/><W49/><G124/><T1/><D90/><U87/><E37/><V0/><F0/><W43/><G39/><T88/><D88/><U121/><E121/><V28/><F28/><W15/><G77/><T68/><D68/><U123/><E123/><V127/><F134/><W85/><G98/><T80/><D57/><U130/><E130/><V69/><F69/><W78/><G78/><T6/><D6/><U53/><E110/><V71/><F71/><W117/><G117/><T109/><D109/><U122/><E122/><V135/><F118/><W66/><G66/><T33/><D33/><U84/><E119/><V25/><F25/><N who="3" m="18799" /><G54/><T96/><D80/><U100/><E100/><V133/><F79/><W81/><G49/><T65/><D65/><U9/><E64/><V101/><F51/><W52/><G52/><T75/><N who="0" m="18432" /><DORA hai="50" /><T11/><D11/><U128/><E128/><V45/><F97/><W47/><G86/><T42/><D99/><N who="1" m="57839" /><E20/><V36/><F36/><W23/><G47/><T120/><D42/><U41/><E41/><V10/><F10/><W29/><G43/><T22/><D120/><U19/><AGARI ba="0,0" hai="9,12,19,48,53,58,59,60,67,84,87" m="57839" machi="19" ten="30,4000,0" yaku="8,1,52,2" doraHai="7,50" who="1" fromWho="1" sc="243,-20,33,40,418,-10,306,-10" /><INIT seed="5,0,0,4,5,69" ten="223,73,408,296" oya="1" hai0="84,81,9,120,1,76,131,130,50,112,26,49,100" hai1="17,95,45,77,33,73,61,13,96,14,102,64,127" hai2="134,41,110,114,83,15,32,56,121,98,89,53,30" hai3="123,10,72,91,42,23,80,79,86,125,44,4,68"/><U88/><E33/><V90/><F121/><W47/><G123/><T129/><D120/><U128/><E128/><V35/><F110/><W116/><G68/><T5/><D112/><U28/><E127/><V109/><F109/><W126/><G116/><T16/><D100/><U63/><E28/><V135/><F41/><W29/><G29/><T8/><D8/><U40/><E73/><V24/><F15/><N who="3" m="5575" /><G23/><AGARI ba="0,0" hai="1,5,9,16,23,26,49,50,76,81,84,129,130,131" machi="23" ten="40,1300,0" yaku="19,1" doraHai="69" who="0" fromWho="3" sc="223,13,73,0,408,0,296,-13" /><INIT seed="6,0,0,4,3,8" ten="236,73,408,283" oya="2" hai0="118,42,74,25,12,29,95,124,43,82,54,14,44" hai1="88,79,131,40,37,56,18,27,4,62,58,99,47" hai2="10,122,89,97,59,57,61,70,55,129,65,35,123" hai3="119,128,96,108,11,38,86,50,120,85,121,116,84"/><V78/><F35/><W134/><G38/><T36/><D43/><U75/><E131/><V9/><F78/><W133/><G11/><T106/><D106/><U28/><E18/><V26/><F26/><W3/><G3/><T22/><D124/><U76/><E88/><V111/><F129/><W5/><G5/><T48/><D118/><N who="3" m="45097" /><G50/><T105/><D105/><U49/><E99/><V13/><F10/><W30/><G30/><T6/><D95/><U45/><E4/><V135/><F135/><N who="3" m="51723" /><G128/><T51/><D36/><U60/><E75/><V23/><F23/><W112/><G108/><T15/><D82/><U83/><E83/><V107/><F111/><W77/><G112/><T71/><D71/><U113/><E113/><V7/><F70/><W46/><G46/><N who="0" m="28023" /><D74/><U127/><E127/><V67/><F67/><W92/><G77/><T20/><D20/><U94/><E94/><V109/><F109/><W87/><G87/><T104/><D104/><U53/><E37/><V100/><F89/><AGARI ba="0,0" hai="84,85,86,89,92,96,120,121" m="51723,45097" machi="89" ten="40,5200,0" yaku="20,1,34,2" doraHai="8" who="3" fromWho="2" sc="236,0,73,0,408,-52,283,52" /><INIT seed="7,0,0,0,3,58" ten="236,73,356,335" oya="3" hai0="92,90,60,67,125,50,63,34,116,62,54,81,119" hai1="102,126,22,70,61,71,13,132,91,95,134,128,33" hai2="8,130,55,103,40,121,32,59,127,57,35,52,84" hai3="18,76,87,11,93,114,23,15,88,75,17,120,115"/><W94/><G120/><T123/><D34/><U133/><E33/><V117/><F117/><W64/><G64/><T73/><D123/><U135/><N who="1" m="33792" /><DORA hai="42" /><U80/><E102/><V85/><F121/><W31/><G31/><T30/><D67/><U48/><E80/><V99/><F40/><W24/><REACH who="3" step="1"/><G94/><REACH who="3" ten="236,73,356,325" step="2"/><T118/><D30/><U74/><E74/><V43/><F127/><W86/><G86/><T29/><D125/><U28/><E126/><V113/><F113/><W21/><G21/><T122/><D29/><U4/><E128/><V56/><F35/><W66/><G66/><T41/><D122/><U38/><E38/><V44/><F32/><W97/><G97/><T89/><D92/><U107/><E107/><V51/><F130/><W110/><G110/><T72/><D72/><U106/><E106/><V14/><F99/><W96/><G96/><T69/><D69/><U129/><E129/><V105/><F105/><W2/><G2/><T7/><D41/><U25/><E48/><V26/><F103/><W45/><G45/><T101/><D101/><U36/><E36/><V68/><F68/><W27/><G27/><T47/><REACH who="0" step="1"/><D7/><REACH who="0" ten="226,73,356,325" step="2"/><U53/><E4/><N who="2" m="3335" /><F26/><W37/><G37/><T108/><D108/><U100/><E100/><V3/><F3/><W20/><G20/><T9/><D9/><U98/><REACH who="1" step="1"/><E13/><REACH who="1" ten="226,63,356,325" step="2"/><V131/><F131/><W19/><G19/><T78/><AGARI ba="0,3" hai="47,50,54,60,62,63,73,78,81,89,90,116,118,119" machi="78" ten="40,12000,2" yaku="1,1,0,1,52,4,53,1" doraHai="58,42" doraHaiUra="6,104" who="0" fromWho="0" sc="226,150,63,-30,356,-30,325,-60" owari="376,47.0,33,-47.0,326,13.0,265,-13.0" /></mjloggm>