<mjloggm ver="2.3"><GO type="41"/><UN n0="%EF%BC%88%E2%89%A7%E2%96%BD%E2%89%A6%EF%BC%89" n1="%E5%B8%82" n2="%E3%83%A1%E3%82%BF%E3%83%8A%E3%82%A4%E3%83%88" n3="%E3%81%8B%E3%81%9A%E3%81%97%E3%83%9C%E3%83%B3%E3%83%90%E3%83%BC" dan="15,14,15,14" rate="1994,1876,1960,1958" sx="M,M,M,M"/><TAIKYOKU oya="0"/><INIT seed="0,0,0,5,3,96" ten="250,250,250,250" oya="0" hai0="29,44,22,39,12,55,13,73,48,127,135,115,4" hai1="69,26,97,41,51,133,14,7,78,59,121,11,111" hai2="6,117,103,98,34,119,53,76,99,87,93,9,110" hai3="10,122,129,38,60,85,67,70,126,104,56,125,52"/><T134/><D115/><U15/><E69/><V0/><F110/><W63/><G104/><T101/><D127/><N who="3" m="48649" /><G10/><T43/><D73/><U36/><E133/><N who="0" m="50697" /><D4/><U80/><E111/><V84/><F34/><W8/><G8/><T17/><D29/><U37/><E121/><V23/><F23/><W46/><G85/><T108/><D108/><U42/><E26/><V100/><F53/><W86/><G86/><T116/><D116/><N who="2" m="44618" /><F76/><W16/><G16/><N who="0" m="10511" /><D101/><U105/><E15/><V24/><F24/><W124/><G122/><T65/><D65/><U118/><E118/><V106/><AGARI ba="0,0" hai="0,6,9,84,87,93,98,99,100,103,106" m="44618" machi="106" ten="30,4000,0" yaku="12,1,52,2" doraHai="96" who="2" fromWho="2" sc="250,-20,250,-10,250,40,250,-10" /><INIT seed="1,0,0,1,0,17" ten="230,240,290,240" oya="1" hai0="7,64,59,110,30,18,99,130,86,77,79,36,73" hai1="24,118,10,129,111,61,25,96,26,5,133,134,87" hai2="94,6,8,41,60,38,70,104,40,93,63,29,80" hai3="112,75,3,19,131,135,124,125,100,106,57,0,88"/><U113/><E113/><V15/><F104/><W84/><G112/><T103/><D36/><U115/><E115/><V50/><F38/><W31/><G131/><T117/><D117/><U32/><E118/><V20/><F70/><W49/><G135/><N who="1" m="51722" /><E87/><V102/><F80/><N who="3" m="49159" /><G75/><T91/><D130/><U122/><E122/><V42/><F50/><W35/><G35/><T39/><D39/><U92/><E129/><V21/><F29/><W58/><G31/><T83/><D30/><N who="1" m="19527" /><E61/><N who="2" m="23627" /><F93/><W68/><G68/><T43/><D73/><U11/><E111/><V44/><F44/><W116/><G116/><T108/><D110/><U72/><E72/><V107/><F107/><W48/><G106/><T121/><D108/><U65/><E65/><V47/><F47/><W9/><G100/><T62/><D64/><U126/><E126/><N who="3" m="48746" /><G48/><T51/><D51/><U78/><E78/><V90/><F102/><W54/><G57/><T12/><D59/><U123/><E123/><V53/><F53/><W45/><G58/><T4/><D77/><U2/><E11/><V28/><F28/><W127/><N who="3" m="48754" /><W69/><DORA hai="66" /><G69/><T52/><D79/><U1/><E1/><V85/><AGARI ba="0,0" hai="6,8,15,20,21,40,41,42,85,90,94" m="23627" machi="85" ten="30,4000,0" yaku="8,1,52,2" doraHai="17,66" who="2" fromWho="2" sc="230,-10,240,-20,290,40,240,-10" /><INIT seed="2,0,0,2,4,133" ten="220,220,330,230" oya="2" hai0="41,49,96,26,87,46,19,99,32,8,11,3,0" hai1="30,129,86,31,82,83,98,57,1,43,135,18,22" hai2="34,79,38,51,72,88,28,103,44,64,106,35,120" hai3="69,80,116,92,21,7,85,16,76,81,124,65,52"/><V68/><F120/><W5/><G116/><T111/><D111/><U71/><E71/><V27/><F88/><W66/><G92/><T95/><D32/><U23/><E1/><V2/><F51/><W4/><G69/><T89/><D0/><U17/><E135/><V13/><F13/><N who="3" m="9359" /><G124/><T36/><D36/><U119/><E119/><V42/><F2/><W84/><G52/><N who="0" m="29751" /><D3/><U14/><E129/><V93/><F93/><W48/><G48/><T74/><D41/><U125/><E125/><V110/><F110/><W91/><AGARI ba="0,0" hai="4,5,7,65,66,76,80,81,84,85,91" m="9359" machi="91" ten="30,2000,0" yaku="8,1,54,1" doraHai="133" who="3" fromWho="3" sc="220,-5,220,-5,330,-10,230,20" /><INIT seed="3,0,0,5,2,2" ten="215,215,320,250" oya="3" hai0="92,43,90,105,135,15,48,26,46,24,73,102,129" hai1="91,18,28,40,49,78,29,110,126,38,134,75,59" hai2="1,37,3,42,25,119,114,4,128,62,12,112,118" hai3="11,115,97,76,116,123,44,33,94,5,96,68,113"/><W10/><G116/><T121/><D121/><U31/><E110/><V108/><F62/><W117/><G117/><T63/><D135/><U8/><E134/><V27/><F42/><W104/><G123/><T99/><D129/><U77/><E38/><V57/><F57/><W72/><G68/><T21/><D73/><U69/><E69/><V111/><F37/><W39/><G33/><T80/><D63/><U36/><E36/><V65/><F65/><W89/><G115/><T85/><REACH who="0" step="1"/><D105/><REACH who="0" ten="205,215,320,250" step="2"/><U61/><E126/><V87/><F128/><W98/><G113/><T32/><D32/><U20/><E75/><V127/><F127/><W74/><G104/><T6/><D6/><U125/><E125/><V86/><F4/><W41/><G74/><T19/><AGARI ba="0,1" hai="15,19,21,24,26,43,46,48,80,85,90,92,99,102" machi="19" ten="30,4000,0" yaku="1,1,0,1,8,1,53,0" doraHai="2" doraHaiUra="66" who="0" fromWho="0" sc="205,50,215,-10,320,-10,250,-20" /><INIT seed="4,0,0,4,4,114" ten="255,205,310,230" oya="0" hai0="119,133,125,40,55,89,130,66,4,54,87,82,41" hai1="62,122,121,115,90,78,132,85,8,68,37,71,108" hai2="52,36,105,26,49,30,45,5,73,24,74,109,127" hai3="117,53,65,21,57,123,25,32,77,69,118,6,92"/><T116/><D4/><U134/><E115/><V1/><F109/><W9/><G32/><T64/><D133/><N who="1" m="51307" /><E78/><V17/><F127/><W94/><G123/><N who="1" m="47114" /><E8/><V61/><F105/><W128/><G128/><T72/><D72/><U126/><E108/><V103/><F74/><W93/><G77/><T29/><D29/><U59/><E37/><V56/><F36/><W83/><G65/><T20/><D20/><U104/><E104/><V120/><F73/><W19/><G69/><T46/><D125/><U102/><E102/><V11/><F103/><W106/><G83/><T99/><D130/><U88/><E126/><V76/><F76/><W67/><G67/><T38/><D41/><U110/><E90/><V42/><F120/><W44/><G44/><T35/><D35/><U22/><E22/><V70/><F70/><W81/><G81/><T75/><D75/><U50/><E50/><V84/><F84/><W33/><G33/><T31/><D31/><U18/><E18/><V48/><F30/><W43/><G43/><T14/><D66/><N who="1" m="39263" /><E110/><V101/><F101/><W79/><G106/><T47/><D38/><U28/><E28/><V27/><F17/><W3/><REACH who="3" step="1"/><G79/><REACH who="3" ten="255,205,310,220" step="2"/><T15/><D40/><U96/><E96/><V111/><F111/><W12/><G12/><T16/><D99/><U58/><E58/><V23/><F1/><W86/><G86/><T97/><D14/><U95/><AGARI ba="0,1" hai="68,71,85,88,95" m="39263,47114,51307" machi="95" ten="30,2000,0" yaku="20,1,54,1" doraHai="114" who="1" fromWho="1" sc="255,-10,205,30,310,-5,220,-5" /><INIT seed="5,0,0,0,0,96" ten="245,235,305,215" oya="1" hai0="53,4,29,55,30,60,74,62,80,13,7,114,110" hai1="112,58,10,73,21,35,28,119,33,9,81,92,135" hai2="134,84,37,36,26,101,46,88,99,85,3,121,100" hai3="130,82,131,12,1,32,19,61,8,98,123,125,128"/><U54/><E119/><V14/><F121/><W95/><G82/><T51/><D110/><U57/><E112/><V70/><F3/><W25/><G123/><T52/><D114/><U66/><E135/><V120/><F120/><W78/><G78/><T17/><D51/><U102/><E33/><V18/><F70/><W111/><G111/><T77/><D7/><U104/><E104/><V108/><F108/><W56/><G125/><T113/><D4/><U41/><E41/><V16/><F134/><W86/><G86/><N who="2" m="33385" /><F37/><W64/><G1/><T71/><D113/><U129/><E129/><V47/><F36/><W109/><G109/><T42/><D42/><U15/><E35/><V22/><F88/><W79/><G79/><T45/><D45/><N who="2" m="16906" /><F99/><W75/><G75/><T69/><D69/><U126/><E126/><V44/><N who="2" m="16914" /><V6/><DORA hai="0" /><F6/><W91/><G32/><T107/><D71/><U68/><E68/><V5/><F5/><W94/><REACH who="3" step="1"/><G95/><REACH who="3" ten="245,235,305,205" step="2"/><T38/><D74/><U133/><E133/><V132/><F132/><W11/><G11/><AGARI ba="0,1" hai="11,14,16,18,22,26,100,101" m="16914,33385" machi="11" ten="30,7700,0" yaku="8,1,52,2,54,1" doraHai="96,0" who="2" fromWho="3" sc="245,0,235,0,305,87,205,-77" /><INIT seed="6,0,0,2,3,72" ten="245,235,392,128" oya="2" hai0="113,109,84,135,112,79,43,3,46,94,59,134,70" hai1="106,42,62,58,1,45,19,122,65,81,111,104,131" hai2="0,23,57,130,37,64,11,103,86,40,83,27,5" hai3="97,120,102,7,85,47,55,30,52,77,44,89,51"/><V20/><F130/><W17/><G120/><T35/><D70/><U29/><E131/><V69/><F69/><W128/><G128/><T61/><D3/><U9/><E111/><V93/><F37/><W126/><G126/><T49/><D35/><U22/><E29/><V68/><F40/><W13/><G7/><T129/><D129/><U39/><E122/><V63/><F68/><W8/><G30/><T127/><D127/><U4/><REACH who="1" step="1"/><E81/><REACH who="1" ten="245,225,392,128" step="2"/><V75/><F83/><N who="3" m="49343" /><G47/><T38/><D109/><U133/><E133/><V92/><F93/><N who="3" m="58671" /><G55/><T66/><D94/><U48/><E48/><V116/><F92/><W18/><G18/><T50/><D50/><U117/><E117/><V73/><F116/><W90/><G90/><T98/><D49/><U12/><AGARI ba="0,1" hai="1,4,9,12,19,22,39,42,45,58,62,65,104,106" machi="12" ten="20,5200,0" yaku="1,1,0,1,7,1,53,1" doraHai="72" doraHaiUra="34" who="1" fromWho="1" sc="245,-13,225,62,392,-26,128,-13" /><INIT seed="7,0,0,5,1,20" ten="232,287,366,115" oya="3" hai0="41,132,32,97,34,82,107,42,23,126,0,75,88" hai1="64,85,67,57,80,48,120,16,122,109,129,56,1" hai2="94,8,95,90,125,54,112,118,39,5,44,121,79" hai3="72,77,29,111,123,13,25,37,65,58,59,68,70"/><W62/><G123/><T86/><D0/><U15/><E109/><V33/><F118/><W105/><G37/><T102/><D132/><U22/><E1/><V30/><F121/><W36/><G36/><T134/><D134/><U10/><E129/><V76/><F112/><W100/><G111/><T35/><D126/><U98/><E98/><V133/><F133/><W73/><G13/><T17/><REACH who="0" step="1"/><D75/><REACH who="0" ten="222,287,366,115" step="2"/><U89/><E122/><V91/><F125/><W81/><G73/><T6/><D6/><N who="1" m="3543" /><E120/><V60/><F5/><W74/><G74/><T116/><D116/><U45/><E67/><V71/><F39/><W130/><G130/><T124/><D124/><U43/><E64/><V127/><F127/><W113/><G113/><T115/><D115/><U83/><E83/><V108/><F108/><W117/><G117/><T49/><D49/><U128/><E128/><V110/><F110/><W69/><G58/><T26/><AGARI ba="0,1" hai="17,23,26,32,34,35,41,42,82,86,88,97,102,107" machi="26" ten="30,7900,0" yaku="1,1,0,1,52,1,54,1,53,0" doraHai="20" doraHaiUra="46" who="0" fromWho="0" sc="222,89,287,-20,366,-20,115,-39" owari="311,11.0,267,-13.0,346,44.0,76,-42.0" /></mjloggm>