<mjloggm ver="2.3"><GO type="97"/><UN n0="%E3%82%88%E3%81%A8%E3%81%AB%E3%82%83%E3%82%93" n1="%74%61%62%61%73%63%6F" n2="%EF%BC%88%E2%89%A7%E2%96%BD%E2%89%A6%EF%BC%89" n3="%4D%61%6A%69%64%65" dan="14,14,15,14" rate="1911,1880,1983,1984" sx="M,M,M,M"/><TAIKYOKU oya="0"/><INIT seed="0,0,0,1,3,82" ten="250,250,250,250" oya="0" hai0="102,85,61,115,121,111,86,2,6,120,64,73,62" hai1="72,94,40,23,108,83,89,10,130,59,24,117,26" hai2="92,81,48,53,13,46,129,100,113,71,110,35,39" hai3="0,105,22,25,1,21,124,7,5,65,77,74,31"/><T20/><D115/><U11/><E117/><V112/><F35/><N who="3" m="20975" /><G65/><T47/><D73/><U116/><E108/><V14/><F71/><W32/><G77/><T76/><D111/><U99/><E130/><V127/><F110/><W125/><G105/><T55/><D76/><U126/><E126/><N who="3" m="48746" /><G32/><T29/><D120/><U52/><E116/><V79/><F127/><W57/><G57/><N who="0" m="36911" /><D121/><U27/><E40/><V98/><F129/><W88/><G74/><T44/><D2/><N who="3" m="1129" /><G88/><T67/><D67/><U103/><E23/><AGARI ba="0,0" hai="5,7,21,22,23" m="1129,48746,20975" machi="23" ten="30,3900,0" yaku="18,1,34,2" doraHai="82" who="3" fromWho="1" sc="250,0,250,-39,250,0,250,39" /><INIT seed="1,0,0,4,3,75" ten="250,211,250,289" oya="1" hai0="62,108,31,38,103,53,6,100,89,39,15,67,119" hai1="40,122,2,63,131,3,77,19,114,111,78,97,132" hai2="36,126,0,65,26,109,91,7,47,106,21,105,23" hai3="117,11,112,86,93,9,52,74,80,37,51,98,66"/><U1/><E122/><V92/><F126/><W42/><G112/><T134/><D119/><U87/><E114/><V34/><F34/><W8/><G74/><T58/><D134/><U73/><E73/><V29/><F109/><W68/><G117/><T94/><D108/><U72/><E72/><V83/><F83/><W44/><G66/><T14/><D39/><U49/><E111/><V84/><F65/><W130/><G68/><T124/><D38/><U101/><E132/><V22/><F0/><W46/><G130/><T121/><D121/><U129/><E87/><V27/><F7/><W10/><G10/><N who="0" m="4439" /><D124/><U115/><E115/><V16/><REACH who="2" step="1"/><F21/><REACH who="2" ten="250,211,240,289" step="2"/><W70/><G80/><T24/><D67/><U76/><E63/><V110/><F110/><W35/><G35/><T123/><D123/><U128/><E19/><V17/><F17/><W102/><G11/><T69/><D62/><U99/><E101/><V118/><F118/><W104/><G8/><T81/><D81/><U18/><E18/><V54/><F54/><W48/><G9/><T32/><D103/><U120/><E120/><V85/><F85/><W43/><G86/><T12/><D100/><U25/><E25/><V33/><F33/><W133/><G133/><T56/><D53/><U71/><E71/><V30/><F30/><W28/><G28/><T41/><D69/><U90/><E90/><V125/><F125/><W57/><G70/><T61/><D61/><U13/><E13/><N who="0" m="5193" /><D41/><AGARI ba="0,1" hai="16,22,23,26,27,29,36,41,47,84,91,92,105,106" machi="41" ten="40,2600,0" yaku="1,1,54,1,53,0" doraHai="75" doraHaiUra="95" who="2" fromWho="0" sc="250,-26,211,0,240,36,289,0" /><INIT seed="2,0,0,1,0,112" ten="224,211,276,289" oya="2" hai0="128,46,95,107,28,111,27,21,35,109,4,105,134" hai1="84,100,124,103,72,40,96,75,11,69,101,116,97" hai2="48,15,83,70,54,127,50,37,122,82,68,10,44" hai3="110,12,22,26,129,65,102,0,106,17,130,88,56"/><V36/><F122/><W104/><G0/><T135/><D4/><U114/><E11/><V131/><F131/><N who="3" m="50187" /><G110/><N who="0" m="41995" /><D128/><U60/><E60/><V71/><F127/><W113/><G113/><T58/><D46/><U87/><E40/><V51/><F54/><W133/><G133/><N who="0" m="50699" /><D35/><U3/><E3/><V53/><F53/><W47/><G47/><T117/><D58/><U121/><E69/><V77/><F44/><W31/><G102/><T98/><D117/><U34/><E34/><V20/><F20/><N who="3" m="11303" /><G56/><T85/><D85/><N who="1" m="32843" /><E114/><V80/><REACH who="2" step="1"/><F77/><REACH who="2" ten="224,211,266,289" step="2"/><W91/><G65/><T8/><D21/><U90/><E124/><V30/><F30/><W118/><G31/><T45/><D45/><U125/><E125/><V59/><F59/><W16/><G22/><N who="0" m="15479" /><D8/><U9/><E9/><V76/><F76/><W32/><G32/><T57/><D57/><U94/><E121/><V78/><F78/><W23/><G23/><T13/><D13/><U73/><E116/><V115/><F115/><W29/><G118/><T92/><D98/><AGARI ba="0,1" hai="72,73,75,90,94,96,97,98,100,101,103" m="32843" machi="98" ten="40,8000,1" yaku="35,5" doraHai="112" who="1" fromWho="0" sc="224,-80,211,90,266,0,289,0" /><INIT seed="3,0,0,4,0,22" ten="144,301,266,289" oya="3" hai0="78,28,70,46,134,62,74,18,81,9,7,32,73" hai1="95,53,51,104,11,131,67,40,71,12,54,6,13" hai2="100,21,94,107,79,119,30,126,15,105,121,99,83" hai3="38,87,14,61,23,34,39,72,108,20,111,106,50"/><W98/><G72/><T112/><D134/><U24/><E104/><V110/><F119/><W69/><G34/><T35/><D112/><U93/><E131/><V80/><F126/><W114/><G114/><T85/><D18/><U133/><E133/><V89/><F121/><W55/><G106/><T4/><D4/><U115/><E115/><V116/><F116/><W1/><G1/><T29/><D46/><N who="1" m="26055" /><E71/><V129/><F129/><W3/><G3/><T37/><D37/><N who="3" m="13833" /><G98/><T27/><D62/><U66/><E13/><V0/><F0/><W103/><G103/><T10/><D70/><U90/><E24/><N who="2" m="16655" /><F107/><W124/><G124/><T17/><D17/><U120/><E120/><V64/><F105/><W26/><G87/><T19/><D19/><U48/><E93/><N who="2" m="58479" /><F110/><N who="3" m="42027" /><G14/><T84/><D74/><U132/><E132/><V91/><F79/><W127/><G127/><T77/><D77/><U58/><E53/><V97/><F64/><N who="3" m="41103" /><G26/><N who="0" m="18455" /><D7/><U125/><E125/><V113/><F113/><W47/><AGARI ba="0,0" hai="20,23,47,50,55" m="41103,42027,13833" machi="47" ten="30,3000,0" yaku="14,1,10,1" doraHai="22" who="3" fromWho="3" sc="144,-10,301,-10,266,-10,289,30" owari="134,-37.0,291,9.0,256,-14.0,319,42.0" /></mjloggm>