<mjloggm ver="2.3"><GO type="41"/><UN n0="%E2%96%A0%E2%96%A0%E2%96%A0" n1="%E3%83%99%E3%83%AB%E3%82%AF" n2="%6C%69%67%68%74%39%39" n3="%EF%BC%88%E2%89%A7%E2%96%BD%E2%89%A6%EF%BC%89" dan="14,15,14,14" rate="1883,2065,1903,2041" sx="M,M,M,M"/><TAIKYOKU oya="0"/><INIT seed="0,0,0,1,1,50" ten="250,250,250,250" oya="0" hai0="43,99,88,93,104,29,113,75,105,69,11,13,103" hai1="118,112,89,83,36,72,62,87,44,94,122,90,116" hai2="115,106,45,35,58,109,79,48,66,97,96,125,57" hai3="60,81,17,24,18,119,110,56,33,51,123,74,73"/><T37/><D113/><U54/><E122/><V52/><F115/><W114/><G114/><T53/><D75/><U111/><E112/><V0/><F35/><W77/><G119/><T9/><D69/><U31/><E111/><V23/><F0/><W41/><G123/><T34/><D11/><U133/><E133/><V38/><F109/><W70/><G110/><T101/><D43/><U117/><E31/><V82/><F106/><W129/><G73/><T64/><D37/><U80/><E72/><V21/><F38/><W46/><G129/><T130/><D64/><U12/><E36/><V49/><F125/><W127/><G127/><T84/><D130/><U14/><E83/><V42/><F82/><W86/><G70/><T55/><D29/><U76/><E76/><V15/><F79/><W22/><G33/><T1/><D34/><U40/><E40/><V126/><F126/><W5/><G5/><T92/><D1/><U20/><E20/><N who="2" m="7755" /><F15/><W128/><G128/><T134/><D134/><U67/><E67/><V3/><F3/><W100/><G100/><T25/><D25/><U32/><E32/><V120/><F120/><W102/><G102/><T6/><D93/><U85/><REACH who="1" step="1"/><E62/><AGARI ba="0,0" hai="42,45,48,49,52,57,58,62,66,96,97" m="7755" machi="62" ten="30,3900,0" yaku="8,1,52,1,54,1" doraHai="50" who="2" fromWho="1" sc="250,0,250,-39,250,39,250,0" /><INIT seed="1,0,0,5,5,31" ten="250,211,289,250" oya="1" hai0="2,75,125,40,81,111,116,14,59,90,16,135,61" hai1="65,57,62,26,21,128,66,69,94,76,120,37,35" hai2="64,20,123,58,25,126,71,47,84,113,73,30,0" hai3="72,89,121,107,132,109,112,11,46,105,27,102,42"/><U63/><E120/><V78/><F126/><W68/><G121/><T23/><D111/><U77/><E37/><V101/><F123/><W48/><G112/><T103/><D125/><U91/><E128/><V92/><F113/><W83/><G68/><T43/><D116/><U53/><E66/><V85/><F0/><W55/><G109/><T13/><D2/><U41/><E41/><V124/><F124/><W117/><G117/><T39/><D135/><U50/><E50/><V6/><F6/><W118/><G118/><T18/><D103/><U12/><E12/><V130/><F71/><W100/><G132/><T5/><D5/><U10/><E10/><V80/><F130/><W28/><G11/><T134/><D134/><U87/><REACH who="1" step="1"/><E35/><REACH who="1" step="2"/><V52/><F64/><W133/><G133/><T115/><D39/><U108/><E108/><V51/><F47/><W82/><G42/><T7/><D115/><U60/><E60/><V88/><REACH who="2" step="1"/><F101/><REACH who="2" step="2"/><W67/><G102/><T110/><D110/><U32/><E32/><V56/><F56/><W44/><G100/><T114/><D114/><U106/><E106/><V131/><F131/><W15/><G107/><T19/><D59/><U22/><E22/><V95/><F95/><W93/><G105/><T24/><D23/><U97/><E97/><AGARI ba="0,2" hai="20,25,30,51,52,58,73,78,80,84,85,88,92,97" machi="97" ten="30,8000,1" yaku="1,1,7,1,54,2,53,1" doraHai="31" doraHaiUra="104" who="2" fromWho="1" sc="250,0,201,-80,279,100,250,0" /><INIT seed="2,0,0,0,3,112" ten="250,121,379,250" oya="2" hai0="108,130,21,11,19,126,121,104,49,114,94,135,66" hai1="103,8,87,44,22,129,115,97,27,85,6,39,36" hai2="71,57,47,12,31,84,86,91,34,23,1,4,13" hai3="80,102,54,132,113,45,123,41,48,92,100,62,122"/><V24/><F71/><W95/><G113/><T35/><D35/><U56/><E115/><V75/><F75/><W5/><G132/><T133/><D104/><U109/><E109/><V28/><F1/><W33/><G33/><T111/><D11/><U110/><E110/><N who="0" m="42025" /><D121/><U30/><E129/><V52/><F34/><W105/><G105/><T61/><D114/><U7/><E7/><V26/><F84/><W64/><G5/><T83/><D94/><U81/><E56/><V79/><F47/><W134/><G134/><N who="0" m="51211" /><D49/><U68/><E8/><V107/><F107/><W37/><G123/><T3/><D3/><U117/><E6/><V125/><F79/><W42/><G122/><T131/><D83/><U90/><E81/><V82/><F4/><W70/><G80/><T89/><D89/><U20/><E90/><V118/><F31/><W77/><G77/><T78/><D78/><U63/><E30/><V106/><F106/><W9/><G9/><T29/><D29/><U67/><E87/><V0/><F0/><W16/><G102/><T88/><D88/><U14/><E85/><V59/><F28/><W38/><G100/><T50/><D50/><U32/><E103/><V60/><F91/><W93/><G38/><T40/><D40/><U96/><E39/><V101/><F86/><W2/><G2/><T25/><D126/><U116/><E36/><V120/><F125/><W127/><G127/><T10/><D10/><U98/><E98/><V55/><F82/><W76/><G41/><T17/><D17/><U43/><E32/><V58/><F120/><W53/><G37/><RYUUKYOKU ba="0,0" sc="250,30,121,-10,379,-10,250,-10" hai0="19,21,25,61,66,130,131" /><INIT seed="3,1,0,0,1,6" ten="280,111,369,240" oya="3" hai0="28,97,84,32,63,62,0,92,133,128,42,21,80" hai1="14,103,131,45,117,34,122,111,52,17,105,19,134" hai2="71,100,123,82,31,58,109,3,126,127,20,135,40" hai3="69,35,93,95,68,73,64,36,115,26,30,24,94"/><W118/><G118/><T88/><D32/><U86/><E122/><V70/><F123/><W107/><G115/><T16/><D28/><U125/><E34/><V23/><F109/><W72/><G107/><T104/><D104/><U114/><E114/><V66/><F135/><W74/><G36/><T83/><D133/><U76/><E134/><V89/><F40/><W29/><G64/><T56/><D128/><U25/><E131/><V98/><F3/><W15/><G15/><T67/><D0/><U38/><E111/><V44/><F44/><W47/><G47/><T65/><D84/><U53/><E117/><V49/><F49/><W99/><G99/><T50/><D50/><U87/><E103/><V1/><F1/><W102/><G102/><T33/><D33/><AGARI ba="1,0" hai="24,26,29,30,33,35,68,69,72,73,74,93,94,95" machi="33" ten="50,2400,0" yaku="9,1" doraHai="6" who="3" fromWho="0" sc="280,-27,111,0,369,0,240,27" /><INIT seed="3,2,0,4,4,46" ten="253,111,369,267" oya="3" hai0="43,11,8,7,67,77,86,76,135,40,49,47,120" hai1="19,132,96,111,72,66,122,25,65,71,70,33,63" hai2="102,81,60,73,15,108,117,52,10,50,112,31,93" hai3="51,105,1,20,64,106,114,83,0,9,18,131,118"/><W133/><G118/><T91/><D120/><U57/><E122/><V23/><F108/><W92/><G114/><T128/><D135/><U28/><E72/><V29/><F112/><W110/><G133/><T17/><D128/><U116/><E132/><V101/><F117/><W6/><G131/><T69/><D8/><U130/><E130/><V14/><F73/><W75/><G0/><T48/><D67/><U115/><E115/><V35/><F35/><W21/><G110/><T97/><D69/><U45/><E111/><V32/><F32/><W134/><G134/><T5/><D97/><U94/><E116/><V55/><F81/><W24/><G64/><T78/><D11/><U119/><E119/><V13/><F10/><W87/><G21/><T53/><D17/><U54/><E19/><V80/><F80/><W113/><G113/><T129/><D129/><U38/><E66/><V124/><F124/><W95/><G75/><T107/><D107/><U68/><E68/><V62/><F55/><W85/><G87/><T58/><D40/><U126/><E126/><V4/><F4/><W104/><G51/><T27/><D27/><U39/><E39/><V36/><F36/><W59/><REACH who="3" step="1"/><G59/><REACH who="3" step="2"/><T44/><REACH who="0" step="1"/><D58/><REACH who="0" step="2"/><U30/><E70/><V16/><F23/><W42/><G42/><T37/><D37/><U3/><E71/><V41/><F41/><W34/><G34/><T90/><D90/><AGARI ba="2,2" hai="1,6,9,18,20,24,83,85,90,92,95,104,105,106" machi="90" ten="40,2000,0" yaku="1,1,53,0" doraHai="46" doraHaiUra="125" who="3" fromWho="0" sc="243,-26,111,0,369,0,257,46" /><INIT seed="3,3,0,0,4,106" ten="217,111,369,303" oya="3" hai0="49,34,73,124,6,98,75,112,11,26,53,37,19" hai1="105,40,128,134,102,35,43,32,1,16,45,132,111" hai2="100,25,5,54,86,120,24,56,17,131,78,125,92" hai3="117,133,39,97,85,116,7,99,64,62,20,57,55"/><W50/><G133/><N who="1" m="51306" /><E1/><V123/><F5/><W70/><G7/><T93/><D37/><N who="1" m="21647" /><E43/><V67/><F67/><W12/><G39/><T76/><D76/><U36/><E36/><V109/><F109/><W91/><G117/><T82/><D82/><U8/><E111/><V22/><F131/><W33/><G33/><T129/><D124/><U95/><E128/><V51/><F125/><W30/><G116/><T88/><D112/><U65/><E65/><V81/><F123/><W52/><G55/><T114/><D114/><U38/><E38/><V130/><F130/><W80/><REACH who="3" step="1"/><G12/><REACH who="3" step="2"/><T27/><D129/><U61/><E35/><V107/><F120/><W18/><G18/><T77/><D27/><AGARI ba="3,1" hai="20,27,30,50,52,57,62,64,70,80,85,91,97,99" machi="27" ten="40,3900,0" yaku="1,1,54,1,53,0" doraHai="106" doraHaiUra="31" who="3" fromWho="0" sc="217,-48,111,0,369,0,293,58" /><INIT seed="3,4,0,1,5,18" ten="169,111,369,351" oya="3" hai0="46,7,45,97,26,91,47,99,123,32,82,37,89" hai1="98,96,128,119,87,60,48,63,0,95,24,35,135" hai2="25,12,2,38,117,6,41,1,130,113,20,50,88" hai3="21,64,54,27,67,59,75,124,74,110,5,8,13"/><W86/><G124/><T34/><D123/><U72/><E72/><V120/><F113/><W107/><G107/><T10/><D37/><U65/><E0/><V9/><F117/><W127/><G127/><T78/><D78/><U116/><E128/><V36/><F130/><W90/><G75/><T43/><D43/><U52/><E135/><V30/><F120/><W115/><G74/><T133/><D133/><U33/><E87/><V111/><F111/><W126/><G115/><T83/><D26/><U84/><E84/><V79/><F79/><W109/><G126/><T11/><D47/><N who="1" m="27679" /><E24/><V3/><REACH who="2" step="1"/><F88/><REACH who="2" step="2"/><W81/><G110/><T80/><D80/><U14/><E119/><V100/><F100/><W85/><G109/><T49/><D7/><U131/><E116/><V42/><F42/><W23/><G86/><T108/><D108/><U16/><E131/><V39/><F39/><W132/><G132/><T4/><D4/><U92/><E96/><V93/><F93/><W129/><G129/><T94/><D94/><U101/><E95/><V122/><F122/><W15/><G15/><T70/><D70/><U44/><E14/><V134/><F134/><W17/><REACH who="3" step="1"/><G21/><REACH who="3" step="2"/><T102/><D102/><U28/><E101/><V76/><F76/><W19/><G19/><T62/><D34/><U40/><E33/><V121/><F121/><W51/><AGARI ba="4,2" hai="5,8,13,17,23,27,51,54,59,64,67,81,85,90" machi="51" ten="20,12000,1" yaku="1,1,0,1,7,1,8,1,52,1,53,0" doraHai="18" doraHaiUra="31" who="3" fromWho="3" sc="169,-44,111,-44,359,-44,341,152" /><INIT seed="3,5,0,0,0,58" ten="125,67,315,493" oya="3" hai0="63,44,30,114,6,83,13,89,4,122,97,7,135" hai1="119,105,20,73,117,82,53,79,51,62,102,118,84" hai2="75,17,64,116,68,61,95,126,87,124,50,80,91" hai3="123,35,55,41,120,109,125,121,71,1,100,24,69"/><W37/><G55/><T3/><D122/><U92/><E20/><V133/><F133/><W74/><G100/><T18/><D135/><U0/><E0/><V65/><F116/><W11/><G125/><N who="2" m="48233" /><F65/><W38/><G74/><T60/><D114/><U31/><E31/><V90/><F50/><W45/><G37/><T110/><D110/><U108/><E108/><V28/><F28/><N who="3" m="19847" /><G109/><T67/><D67/><U101/><E62/><V48/><F48/><W46/><G46/><T10/><D30/><U106/><E53/><V115/><F115/><W104/><G104/><N who="1" m="40042" /><E51/><V129/><F129/><W19/><G19/><T26/><D26/><U33/><E33/><V76/><F17/><W16/><G16/><T131/><D131/><U57/><E57/><V29/><F29/><W22/><G22/><T78/><D44/><U132/><E132/><V42/><F91/><AGARI ba="5,0" hai="73,79,82,84,91,92,101,102,117,118,119" m="40042" machi="91" ten="40,5200,0" yaku="12,1,34,2" doraHai="58" who="1" fromWho="2" sc="125,0,67,67,315,-67,493,0" /><INIT seed="4,0,0,2,2,119" ten="125,134,248,493" oya="0" hai0="122,54,114,126,101,57,28,95,82,18,103,108,123" hai1="59,49,55,31,65,110,106,116,130,72,36,40,16" hai2="38,63,107,32,70,6,42,29,24,88,52,8,80" hai3="115,120,68,125,127,58,134,79,99,10,1,61,97"/><T118/><D118/><U92/><E106/><V27/><F107/><W113/><G134/><T89/><D114/><N who="3" m="43529" /><G120/><T19/><D126/><N who="3" m="48137" /><G68/><T104/><D108/><U94/><E110/><V129/><F129/><W96/><G79/><T35/><D82/><U135/><E116/><V46/><F27/><W117/><G117/><T7/><D7/><U25/><E72/><V111/><F111/><W47/><G47/><T20/><D35/><U132/><E130/><V74/><F70/><W62/><G58/><T87/><D19/><U93/><E135/><V56/><F74/><W71/><G71/><T15/><D28/><U91/><E132/><V26/><F26/><W44/><G44/><T43/><D43/><U86/><E40/><V2/><F80/><W9/><G1/><T100/><D104/><U33/><E36/><V66/><REACH who="2" step="1"/><F88/><REACH who="2" step="2"/><W60/><AGARI ba="0,1" hai="9,10,60,61,62,96,97,99" m="48137,43529" machi="60" ten="40,8000,1" yaku="28,2,15,1,18,1" doraHai="119" who="3" fromWho="3" sc="125,-40,134,-20,238,-20,493,90" /><INIT seed="5,0,0,5,2,82" ten="85,114,218,583" oya="1" hai0="32,42,2,127,133,75,95,44,51,105,69,96,19" hai1="78,76,1,3,90,14,124,103,121,99,40,41,63" hai2="0,43,23,111,94,116,135,110,117,108,125,25,100" hai3="31,84,59,131,98,34,87,39,58,26,13,106,120"/><U11/><E121/><V8/><F43/><W107/><G39/><T9/><D105/><U66/><E124/><V72/><F72/><W113/><G120/><T74/><D127/><U21/><E1/><V104/><F125/><W109/><G109/><T27/><D133/><U10/><E3/><V85/><F104/><W81/><G106/><T12/><D69/><U48/><E21/><V123/><F123/><W35/><G35/><T29/><D2/><U89/><E48/><V56/><F135/><W15/><G113/><T68/><D68/><U4/><E11/><V73/><F73/><W129/><G98/><T50/><D50/><U130/><E130/><N who="3" m="49674" /><G107/><T67/><D67/><U52/><E66/><V57/><F56/><N who="3" m="21547" /><G87/><T91/><AGARI ba="0,0" hai="9,12,19,27,29,32,42,44,51,74,75,91,95,96" machi="91" ten="20,1500,0" yaku="0,1,7,1" doraHai="82" who="0" fromWho="0" sc="85,15,114,-7,218,-4,583,-4" /><INIT seed="6,0,0,4,2,55" ten="100,107,214,579" oya="2" hai0="93,90,91,36,73,46,66,104,78,59,45,134,102" hai1="89,77,117,112,63,12,116,38,50,105,80,32,0" hai2="51,76,8,4,35,118,52,81,29,121,113,99,22" hai3="82,39,21,135,47,132,25,49,130,115,96,120,13"/><V15/><F113/><W92/><G120/><T17/><D134/><N who="3" m="51241" /><G130/><T20/><D104/><U98/><E0/><V42/><F121/><W2/><G2/><T110/><D110/><U61/><E38/><V123/><F123/><W65/><G13/><T26/><D73/><U37/><E37/><V62/><F118/><W106/><G65/><T54/><D66/><U3/><E3/><V79/><F35/><W103/><G82/><T10/><D78/><U5/><E32/><V43/><F99/><W58/><G39/><T107/><D107/><U40/><E80/><V122/><F62/><W27/><G92/><T119/><D119/><U83/><E105/><V60/><F60/><W111/><G111/><T70/><D70/><U109/><E109/><V84/><F76/><W57/><G27/><T30/><D10/><U16/><E12/><V72/><F72/><W125/><G125/><T133/><D133/><U129/><E129/><V95/><F95/><W24/><G24/><T53/><D30/><U19/><E83/><V48/><F48/><W7/><G7/><T67/><D36/><U94/><E5/><V75/><F75/><W74/><G74/><T85/><D102/><U71/><E50/><V127/><F127/><W56/><G115/><T114/><D114/><U131/><E112/><V108/><F122/><W11/><G49/><N who="0" m="31151" /><D67/><N who="1" m="41455" /><E131/><V88/><F79/><W14/><G96/><N who="0" m="57399" /><D54/><U101/><E117/><V64/><F64/><W126/><G126/><T23/><D20/><U97/><E116/><V34/><F108/><W87/><G21/><T86/><D86/><U124/><E124/><RYUUKYOKU ba="0,0" sc="100,30,107,-10,214,-10,579,-10" hai0="17,23,26,45,46,85,91" /><INIT seed="7,1,0,3,4,89" ten="130,97,204,569" oya="3" hai0="56,113,19,5,67,84,134,127,9,1,96,45,114" hai1="53,122,8,98,6,71,60,37,116,41,112,40,7" hai2="82,14,2,97,61,111,42,36,35,133,51,108,26" hai3="91,83,12,31,25,10,80,17,15,3,68,62,109"/><W120/><G3/><T106/><D134/><U11/><E122/><V123/><F36/><W55/><G120/><T85/><D127/><U81/><E37/><V43/><F123/><W126/><G126/><T104/><D19/><U121/><E121/><V39/><F39/><W99/><G68/><T129/><D129/><U20/><E112/><N who="0" m="43113" /><D45/><U34/><E34/><V88/><F2/><W52/><G15/><T94/><D67/><U32/><E32/><V93/><F35/><W29/><G25/><T46/><D56/><U132/><E132/><V100/><F108/><W65/><G109/><T105/><D46/><U58/><E116/><V118/><F133/><W115/><G12/><T73/><D73/><U27/><E71/><V117/><F14/><W24/><G17/><T22/><D22/><U64/><E81/><V4/><F82/><W44/><G83/><T103/><AGARI ba="1,0" hai="1,5,9,84,85,94,96,103,104,105,106" m="43113" machi="103" ten="40,5200,0" yaku="15,1,11,1,52,1" doraHai="89" who="0" fromWho="0" sc="130,55,97,-14,204,-14,569,-27" owari="185,-21.0,83,-42.0,190,-1.0,542,64.0" /></mjloggm>