<mjloggm ver="2.3"><GO type="169" lobby="0"/><UN n0="%EF%BC%88%E2%89%A7%E2%96%BD%E2%89%A6%EF%BC%89" n1="%E6%B0%97%E6%A5%BD%E3%81%AB%E6%89%93%E3%81%A4" n2="%E3%83%97%E3%83%AD%E3%82%B8%E3%83%A3%E3%83%B3%E6%B0%8F" n3="%E3%81%94%E3%81%BF%E3%81%8F%E3%81%9A%E3%81%AE%E5%BC%9F%E5%AD%90" dan="17,16,17,16" rate="2139.92,2150.22,2146.36,2034.90" sx="M,M,M,F"/><TAIKYOKU oya="0"/><INIT seed="0,0,0,2,2,32" ten="250,250,250,250" oya="0" hai0="36,13,52,4,112,30,105,89,3,86,72,67,22" hai1="93,133,80,66,41,97,29,43,134,71,47,57,19" hai2="130,7,103,113,131,62,135,104,107,63,39,94,12" hai3="91,40,44,84,8,5,125,24,68,117,77,74,25"/><T61/><D72/><U116/><E116/><V106/><F39/><W124/><G68/><T37/><D105/><U73/><E71/><V18/><F7/><W56/><G117/><T99/><D112/><U51/><E29/><V78/><F113/><W33/><G56/><T75/><D75/><U64/><E43/><V95/><F135/><N who="1" m="51721" /><E19/><V120/><F78/><W118/><G118/><T60/><D99/><U88/><E57/><V59/><F120/><W28/><G25/><T65/><D30/><U129/><E129/><N who="2" m="49163" /><F103/><W109/><G109/><T58/><D67/><U126/><E126/><V6/><F6/><W50/><G77/><AGARI ba="0,0" hai="41,47,51,64,66,73,77,80,88,93,97" m="51721" machi="77" ten="30,2000,0" yaku="20,1,54,1" doraHai="32" who="1" fromWho="3" sc="250,0,250,20,250,0,250,-20" /><INIT seed="1,0,0,0,2,57" ten="250,270,250,230" oya="1" hai0="88,49,90,16,112,127,101,35,41,107,84,15,46" hai1="126,73,70,132,104,129,11,4,0,76,62,12,81" hai2="91,5,89,34,1,45,52,30,97,122,31,22,66" hai3="93,56,2,120,8,82,111,25,7,69,54,94,86"/><U100/><E126/><V55/><F122/><W6/><G69/><T134/><D112/><U128/><E132/><V117/><F34/><W19/><G111/><T28/><D127/><U135/><E135/><V60/><F117/><W87/><G120/><T20/><D134/><U71/><E12/><V9/><F91/><N who="3" m="51671" /><G2/><T125/><D125/><U3/><E3/><V124/><F124/><W98/><G87/><T99/><REACH who="0" step="1"/><D84/><REACH who="0" ten="240,270,250,230" step="2"/><U108/><E108/><V106/><F1/><W64/><G64/><T130/><D130/><N who="1" m="50283" /><E62/><V102/><F60/><N who="3" m="35863" /><G98/><AGARI ba="0,1" hai="0,4,11,70,71,73,76,81,98,100,104" m="50283" machi="98" ten="30,2900,0" yaku="19,1,23,1" doraHai="57" who="1" fromWho="3" sc="240,0,270,39,250,0,230,-29" /><INIT seed="1,1,0,0,0,116" ten="240,309,250,201" oya="1" hai0="127,48,7,17,80,135,65,82,86,76,21,104,106" hai1="94,67,26,93,5,103,69,63,30,78,42,33,18" hai2="32,111,45,29,55,107,128,8,81,131,27,73,95" hai3="47,0,88,19,83,84,90,71,13,62,25,115,68"/><U35/><E35/><V91/><F111/><W11/><G115/><T34/><D34/><U3/><E42/><V39/><F107/><W23/><G0/><T122/><D122/><U24/><E78/><V20/><F8/><W96/><G62/><T15/><D135/><U16/><E26/><V50/><F39/><W59/><G59/><T49/><D127/><U123/><E123/><V43/><F43/><W1/><G1/><T87/><D65/><U110/><E110/><V41/><F41/><W126/><G126/><T75/><D75/><U102/><E3/><V125/><F125/><W134/><G134/><T61/><D61/><U46/><E5/><V114/><F114/><W97/><G47/><T112/><D112/><U89/><E46/><V54/><F54/><W101/><G90/><T38/><D38/><U109/><E109/><V92/><F32/><W77/><G77/><T129/><D129/><N who="2" m="49738" /><F73/><W118/><G118/><T119/><D119/><U117/><E117/><V51/><F51/><W108/><G108/><T31/><D49/><U133/><E133/><V14/><F14/><W44/><G44/><T66/><D48/><U52/><E52/><V6/><F6/><W60/><G60/><T10/><D66/><U58/><E69/><V28/><F28/><W85/><G85/><T36/><BYE who="2" /><D36/><U40/><E40/><V98/><F98/><N who="3" m="37995" /><G101/><N who="1" m="38410" /><E89/><V74/><F74/><W72/><G72/><T37/><D37/><U4/><E4/><V79/><F79/><W132/><G132/><T64/><D64/><U100/><N who="1" m="38418" /><U53/><DORA hai="57" /><E67/><V22/><F22/><RYUUKYOKU ba="1,0" sc="240,-30,309,10,250,10,201,10" hai1="16,18,24,30,33,53,58,63,93,94" hai2="20,27,29,45,50,55,81,91,92,95" hai3="11,13,19,23,25,68,71,83,84,88" /><INIT seed="1,2,0,0,2,40" ten="210,319,260,211" oya="1" hai0="34,72,112,122,27,8,16,49,107,22,43,80,46" hai1="18,84,119,82,55,53,134,19,127,87,101,104,97" hai2="50,124,130,25,48,94,129,88,120,76,132,110,103" hai3="21,93,105,99,30,57,36,92,6,133,61,5,1"/><U131/><E119/><V135/><F135/><W123/><G36/><T70/><D112/><U86/><E134/><V118/><F118/><W12/><G133/><T3/><D107/><U73/><E127/><V75/><F75/><W41/><G41/><T121/><D70/><U59/><E131/><V26/><F26/><N who="3" m="16719" /><G1/><T83/><D34/><U56/><E73/><V91/><F91/><N who="3" m="55711" /><G105/><T111/><D111/><U38/><E38/><V74/><F74/><W114/><G123/><N who="0" m="47115" /><D72/><U66/><E66/><V2/><F2/><W35/><G35/><T24/><D24/><U85/><E59/><V77/><F77/><W31/><G31/><T128/><D128/><U115/><E115/><V42/><F42/><W52/><G114/><T39/><D39/><U51/><REACH who="1" step="1"/><E55/><REACH who="1" ten="210,309,260,211" step="2"/><V15/><F15/><W95/><G12/><N who="0" m="7175" /><D3/><U32/><E32/><V7/><F7/><AGARI ba="2,1" hai="5,6,7,52,57,61,93,95" m="55711,16719" machi="7" ten="30,2000,0" yaku="8,1,54,1" doraHai="40" who="3" fromWho="2" sc="210,0,309,0,260,-26,211,36" /><INIT seed="2,0,0,4,5,30" ten="210,309,234,247" oya="2" hai0="34,72,24,23,94,14,57,85,66,80,37,60,119" hai1="45,131,127,9,52,67,129,17,111,55,98,28,3" hai2="100,1,87,115,6,58,68,130,123,91,104,54,86" hai3="13,65,83,49,134,27,81,110,16,26,39,44,42"/><V107/><F107/><W118/><G118/><T117/><D37/><U112/><E112/><V10/><F10/><W113/><G113/><T35/><D72/><U18/><E111/><V73/><F73/><W41/><G110/><T19/><D94/><U114/><E114/><V106/><F106/><W38/><G134/><T21/><D21/><U70/><E127/><V8/><F8/><W128/><G128/><N who="1" m="49226" /><E98/><V75/><F75/><W125/><G125/><T108/><D108/><U59/><E70/><V99/><F99/><W124/><G124/><T20/><D119/><U47/><E67/><V22/><F22/><N who="3" m="11535" /><G39/><T12/><D117/><U48/><E28/><V82/><F82/><N who="3" m="31243" /><G38/><T11/><D23/><UN n2="%E3%83%97%E3%83%AD%E3%82%B8%E3%83%A3%E3%83%B3%E6%B0%8F" /><U7/><E47/><V109/><F68/><W132/><G65/><T77/><REACH who="0" step="1"/><D14/><REACH who="0" ten="200,309,234,247" step="2"/><U101/><E101/><V62/><F109/><W63/><G132/><T120/><D120/><U51/><AGARI ba="0,1" hai="3,7,9,17,18,45,48,51,52,55,59" m="49226" machi="51" ten="30,2000,0" yaku="19,1,54,1" doraHai="30" who="1" fromWho="1" sc="200,-5,309,30,234,-10,247,-5" /><INIT seed="3,0,0,3,3,94" ten="195,339,224,242" oya="3" hai0="6,88,9,2,39,133,130,67,112,106,118,75,38" hai1="55,46,63,20,105,47,19,99,103,108,44,76,26" hai2="34,101,127,56,16,59,119,64,115,135,49,113,96" hai3="51,126,124,36,40,60,72,100,17,22,61,11,24"/><W15/><G72/><T65/><D118/><U54/><E108/><V128/><F119/><W35/><G36/><T30/><D75/><U107/><E76/><V69/><F34/><W74/><G74/><T87/><D112/><U23/><E107/><V32/><F32/><W41/><G35/><T86/><D130/><U25/><REACH who="1" step="1"/><E63/><REACH who="1" ten="195,329,224,242" step="2"/><V98/><F115/><W109/><G61/><T1/><D106/><U52/><E52/><V129/><F113/><W77/><G60/><T123/><D123/><U57/><E57/><V111/><F59/><W37/><G77/><T116/><D116/><U27/><E27/><V68/><F56/><W80/><G24/><T50/><D65/><U28/><AGARI ba="0,1" hai="19,20,23,25,26,28,44,46,47,54,55,99,103,105" machi="28" ten="30,4000,0" yaku="1,1,0,1,52,1,53,0" doraHai="94" doraHaiUra="125" who="1" fromWho="1" sc="195,-10,329,50,224,-10,242,-20" /><INIT seed="4,0,0,2,4,119" ten="185,379,214,222" oya="0" hai0="44,114,122,48,27,14,65,63,124,134,113,66,15" hai1="129,126,12,111,1,16,32,70,17,56,91,100,6" hai2="24,69,33,57,112,127,41,38,34,73,19,97,36" hai3="105,55,54,116,103,2,68,108,123,25,104,72,49"/><T28/><D134/><U92/><E111/><V133/><F69/><W58/><G108/><T31/><D124/><U21/><E70/><V7/><F133/><W20/><G116/><T87/><D87/><U102/><E126/><V53/><F127/><W40/><G2/><T77/><D77/><U79/><E129/><V110/><F73/><W42/><G72/><T22/><D31/><U88/><E32/><V71/><F110/><W78/><G78/><T23/><D122/><U125/><E125/><V109/><F71/><W3/><G3/><T94/><D94/><U37/><E37/><V59/><F109/><W115/><G68/><N who="0" m="42047" /><D66/><U118/><E118/><V39/><F7/><W117/><G103/><T76/><D76/><U30/><E79/><V84/><F84/><W93/><G93/><T106/><D23/><U99/><E30/><V85/><F85/><W62/><G117/><T101/><D101/><U80/><E102/><V4/><F34/><W89/><G123/><T128/><D106/><U45/><E80/><V90/><F33/><W61/><G104/><T60/><D60/><U29/><E29/><V74/><F74/><W86/><G105/><T43/><D128/><U121/><E121/><V135/><F135/><W75/><G75/><T5/><D5/><U83/><E83/><V130/><F4/><W131/><G131/><T0/><D0/><U10/><E17/><V67/><F130/><W96/><G62/><T52/><D43/><U8/><E21/><V26/><F19/><W13/><G20/><T132/><D132/><U47/><E56/><V120/><F57/><RYUUKYOKU ba="0,0" sc="185,15,379,15,214,-15,222,-15" hai0="14,15,22,27,28,44,48,52,113,114" hai1="1,6,8,10,12,16,45,47,88,91,92,99,100" /><INIT seed="4,1,0,1,5,59" ten="200,394,199,207" oya="0" hai0="24,45,118,114,89,130,44,43,128,13,112,79,38" hai1="5,96,60,58,109,15,119,35,95,73,34,66,68" hai2="124,105,29,46,72,25,40,92,91,93,113,116,12" hai3="108,121,0,50,36,14,117,134,31,94,62,88,110"/><T103/><D103/><U55/><E109/><V126/><F105/><W4/><G117/><T122/><D79/><U135/><E73/><V20/><F72/><W48/><G36/><T83/><D118/><U99/><E119/><V71/><F113/><N who="0" m="43626" /><D122/><U16/><E5/><V21/><F71/><W86/><G0/><T129/><D24/><U32/><E135/><V37/><F116/><W102/><G134/><T33/><D33/><U53/><E95/><V65/><F65/><W97/><G121/><T52/><D13/><U51/><REACH who="1" step="1"/><E55/><REACH who="1" ten="200,384,199,207" step="2"/><V41/><F92/><W61/><G94/><T27/><D52/><U131/><E131/><V64/><F93/><W67/><G4/><T120/><D120/><U39/><E39/><V54/><F37/><W30/><G110/><T85/><D38/><U19/><E19/><V47/><F54/><W76/><G108/><T125/><D129/><U56/><E56/><V42/><F124/><W106/><G106/><T3/><D125/><U28/><E28/><V77/><F126/><W75/><G75/><T90/><D130/><U26/><E26/><V82/><F29/><W18/><G31/><T100/><D128/><U63/><E63/><V80/><F25/><W132/><G30/><T127/><D27/><U8/><AGARI ba="1,1" hai="8,15,16,32,34,35,51,53,58,60,66,68,96,99" machi="8" ten="30,7900,0" yaku="1,1,0,1,52,1,54,1,53,0" doraHai="59" doraHaiUra="107" who="1" fromWho="1" sc="200,-40,384,92,199,-21,207,-21" /><INIT seed="5,0,0,2,5,97" ten="160,476,178,186" oya="1" hai0="124,93,4,130,43,128,9,50,26,21,23,87,108" hai1="58,70,56,55,89,1,75,111,133,63,15,125,16" hai2="129,22,123,106,53,115,67,46,88,60,85,38,2" hai3="110,42,81,127,19,64,134,25,114,80,65,57,102"/><U8/><E125/><V0/><F123/><W96/><G110/><T101/><D108/><U47/><E111/><V91/><F106/><W76/><G127/><T28/><D124/><U5/><E133/><V62/><F129/><N who="0" m="49770" /><D23/><U37/><E75/><V72/><F72/><W77/><G134/><T79/><D79/><U78/><E78/><V24/><F115/><W105/><G42/><T17/><D28/><U103/><E103/><V71/><F91/><W48/><G114/><T117/><D117/><U109/><E109/><V90/><F90/><W3/><G77/><T120/><D120/><U54/><E70/><V135/><F135/><W6/><G76/><T12/><D87/><U11/><E89/><V107/><F107/><W14/><G105/><T100/><D93/><U34/><E34/><V126/><F126/><W132/><G132/><T74/><D74/><U95/><E95/><V41/><F53/><W98/><G81/><T121/><D121/><U113/><E113/><V27/><F62/><W99/><G80/><T122/><D122/><U18/><E18/><V82/><REACH who="2" step="1"/><F27/><REACH who="2" ten="160,476,168,186" step="2"/><W92/><G25/><T10/><D43/><U61/><REACH who="1" step="1"/><E47/><REACH who="1" ten="160,466,168,186" step="2"/><V31/><AGARI ba="0,2" hai="0,2,22,24,31,38,41,46,60,67,71,82,85,88" machi="31" ten="20,12000,2" yaku="1,1,2,1,0,1,7,1,54,1,53,1" doraHai="97" doraHaiUra="69" who="2" fromWho="2" sc="160,-30,466,-60,168,140,186,-30" /><INIT seed="6,0,0,0,0,103" ten="130,406,308,156" oya="2" hai0="36,44,46,3,15,89,106,47,14,118,78,34,53" hai1="37,86,33,100,70,117,56,121,71,125,105,24,26" hai2="31,135,40,109,18,119,94,17,67,41,64,69,6" hai3="13,93,113,19,58,124,88,27,134,127,1,43,85"/><V54/><F119/><W48/><G1/><T110/><D118/><U84/><E117/><V98/><F135/><W99/><G134/><T108/><D3/><U10/><E37/><V129/><F129/><W73/><G73/><T9/><D36/><U29/><E125/><N who="3" m="48202" /><G113/><T104/><D34/><U115/><E115/><V2/><F2/><W20/><G85/><T16/><D78/><U4/><E121/><V120/><F120/><W81/><G81/><T95/><D53/><U59/><E86/><V52/><F6/><W123/><G123/><T57/><D57/><U35/><E84/><V76/><F76/><W5/><G5/><T126/><D126/><U90/><E90/><N who="2" m="55639" /><F69/><W133/><G133/><T63/><D63/><U107/><E100/><V80/><F80/><W132/><G132/><T75/><D75/><U102/><E102/><V49/><F31/><W92/><G92/><T21/><D110/><U116/><E116/><V101/><F101/><W22/><G27/><T39/><D108/><U12/><E71/><V96/><F96/><W45/><G58/><T60/><D39/><U66/><E70/><V82/><F82/><W38/><G38/><T28/><D28/><U128/><E128/><V50/><F109/><W11/><AGARI ba="0,0" hai="11,13,19,20,22,43,45,48,88,93,99" m="48202" machi="11" ten="30,2000,0" yaku="18,1,54,1" doraHai="103" who="3" fromWho="3" sc="130,-5,406,-5,308,-10,156,20" /><INIT seed="7,0,0,2,4,22" ten="125,401,298,176" oya="3" hai0="113,64,103,75,44,58,47,34,78,130,92,3,15" hai1="39,96,83,87,98,16,115,27,109,97,24,68,1" hai2="134,82,42,25,18,107,4,12,41,100,5,57,2" hai3="120,28,110,46,65,131,45,81,38,8,29,95,67"/><W54/><G120/><T20/><D3/><U53/><E109/><V63/><F134/><W90/><G38/><T10/><D130/><U55/><E115/><V132/><F132/><W51/><G131/><T71/><D34/><U69/><E39/><V94/><F107/><W60/><G110/><T23/><D71/><U104/><E104/><V72/><F2/><W126/><G126/><T0/><D0/><U50/><E1/><V43/><F25/><N who="1" m="9801" /><E68/><V124/><F124/><W37/><G37/><T40/><D113/><U31/><E69/><V62/><F82/><W9/><G81/><T93/><D75/><U133/><E133/><V89/><F100/><W73/><G73/><T127/><D127/><U14/><E31/><N who="3" m="11850" /><G46/><T49/><D78/><N who="1" m="46583" /><E50/><V70/><F57/><W122/><G122/><T59/><D47/><U128/><E128/><V76/><F43/><W6/><G45/><T52/><D64/><U129/><E129/><V102/><F89/><W74/><G74/><T7/><D59/><U17/><E17/><V135/><F12/><W35/><G35/><T30/><D30/><U61/><E61/><V125/><F135/><W99/><G60/><T118/><D118/><U121/><E121/><V116/><F116/><W80/><G67/><T56/><D56/><U19/><E19/><V32/><F94/><W119/><G95/><T108/><D108/><U13/><E13/><V79/><F125/><W85/><G65/><T77/><D77/><U114/><E114/><V112/><F76/><W91/><G119/><T66/><D66/><U36/><E36/><V105/><F112/><RYUUKYOKU ba="0,0" sc="125,-10,401,30,298,-10,176,-10" hai1="14,16,53,55,96,97,98" owari="115,-38.0,431,52.0,288,9.0,166,-23.0" /></mjloggm>