<mjloggm ver="2.3"><GO type="41"/><UN n0="%E3%82%A6%E3%83%AB%E3%83%88%E3%83%A9%E7%AB%8B%E7%9B%B4" n1="%E5%9B%9B%E6%97%A5%E5%B8%82" n2="%41%63%68%69%54%49%4F%4E" n3="%E3%83%A0%E3%82%B9%E3%82%AB%E5%A4%A7%E4%BD%90" dan="15,13,13,14" rate="1983,1871,1862,1859" sx="M,M,M,M"/><TAIKYOKU oya="0"/><INIT seed="0,0,0,1,0,72" ten="250,250,250,250" oya="0" hai0="119,40,115,60,12,46,96,109,7,21,83,74,114" hai1="86,33,126,2,75,51,58,30,71,13,52,42,37" hai2="79,22,70,131,61,24,63,95,34,108,67,18,122" hai3="124,97,36,82,45,116,69,17,56,15,39,16,48"/><T80/><D119/><U66/><E2/><V103/><F122/><W110/><G69/><T117/><D117/><U76/><E75/><V113/><F113/><W93/><G116/><T130/><D114/><U111/><E111/><V25/><F131/><W94/><G110/><T121/><D115/><U38/><E126/><V59/><F108/><W14/><G124/><T84/><D109/><U91/><E13/><V98/><F34/><W100/><G56/><T47/><D121/><U11/><E11/><V55/><F79/><W73/><G93/><T3/><D130/><U88/><E30/><V105/><F105/><W41/><G82/><T92/><D3/><U19/><E19/><V1/><F1/><W134/><G73/><T28/><D74/><U65/><E33/><V135/><F135/><W68/><G134/><T49/><D60/><N who="1" m="40359" /><E37/><V62/><F62/><W104/><G68/><T81/><D47/><N who="1" m="24023" /><E66/><V23/><F23/><W133/><G133/><T120/><D120/><U31/><E31/><V8/><F8/><W20/><G94/><T99/><D28/><U54/><E54/><V107/><F107/><W27/><G27/><AGARI ba="0,0" hai="18,22,24,25,27,55,59,61,63,67,70,95,98,103" machi="27" ten="30,1000,0" yaku="7,1" doraHai="72" who="2" fromWho="3" sc="250,0,250,0,250,10,250,-10" /><INIT seed="1,0,0,5,3,92" ten="250,250,260,240" oya="1" hai0="46,39,37,45,48,14,104,25,128,111,23,20,12" hai1="57,96,133,53,74,22,119,55,97,44,43,65,132" hai2="126,77,42,91,19,118,50,5,103,47,71,31,15" hai3="56,86,110,67,135,36,72,79,73,116,59,11,83"/><U81/><E119/><V99/><F71/><W125/><G116/><T106/><D25/><U131/><E131/><V18/><F118/><W8/><G36/><T63/><D48/><U112/><E112/><V69/><F69/><W88/><G110/><T17/><D63/><U7/><E7/><V28/><F126/><W49/><G125/><T9/><D9/><U109/><E109/><V1/><F91/><W76/><G135/><N who="1" m="51786" /><E81/><V120/><F120/><W89/><G67/><T101/><D111/><U117/><E74/><V121/><F121/><W35/><G35/><T62/><D62/><N who="1" m="38095" /><E22/><V41/><F41/><W107/><G107/><T68/><D68/><U129/><E129/><V78/><F1/><W123/><G123/><T124/><D124/><U26/><E26/><V93/><F5/><W29/><G29/><N who="2" m="11337" /><F19/><W90/><G90/><T2/><D128/><U0/><E0/><V102/><F102/><W84/><G83/><T27/><D27/><U54/><E117/><V113/><F113/><W38/><G38/><AGARI ba="0,0" hai="38,43,44,53,54,55,96,97" m="38095,51786" machi="38" ten="30,5800,0" yaku="20,1,52,2" doraHai="92" who="1" fromWho="3" sc="250,0,250,58,260,0,240,-58" /><INIT seed="1,1,0,0,2,10" ten="250,308,260,182" oya="1" hai0="105,43,75,65,27,86,18,134,99,84,113,51,76" hai1="87,16,70,13,40,50,68,103,94,130,104,60,67" hai2="17,32,49,132,121,21,110,34,127,23,58,116,28" hai3="117,115,15,129,106,71,126,77,36,14,33,24,83"/><U92/><E130/><V89/><F116/><W102/><G115/><T62/><D113/><U80/><E70/><V26/><F121/><W52/><G117/><T6/><D134/><U91/><E104/><V7/><F132/><W124/><G36/><T53/><D43/><U9/><REACH who="1" step="1"/><E103/><REACH who="1" step="2"/><V48/><F127/><N who="3" m="48683" /><G129/><T54/><D105/><U31/><E31/><V38/><F28/><N who="3" m="19591" /><G71/><T8/><D75/><U122/><E122/><V72/><F72/><N who="3" m="43431" /><G102/><T96/><D96/><U41/><E41/><V46/><F58/><W78/><G106/><T100/><D99/><U109/><E109/><V74/><F74/><W123/><G123/><T73/><D100/><U30/><E30/><V98/><F110/><W79/><G79/><T22/><D73/><U64/><E64/><V131/><F131/><W59/><G78/><T19/><D76/><U133/><E133/><V125/><F125/><W25/><G25/><T5/><D65/><U93/><E93/><V44/><F26/><W57/><G57/><N who="0" m="35119" /><D86/><U82/><E82/><V29/><F29/><W61/><AGARI ba="1,1" hai="14,15,52,59,61" m="43431,19591,48683" machi="61" ten="30,7900,0" yaku="18,1,52,2,54,1" doraHai="10" who="3" fromWho="3" sc="250,-21,298,-40,260,-21,182,92" /><INIT seed="2,0,0,3,5,126" ten="229,258,239,274" oya="2" hai0="66,86,125,107,99,82,0,77,122,62,54,52,103" hai1="6,4,131,57,109,63,8,100,129,94,60,91,45" hai2="21,132,96,14,19,51,64,110,37,38,84,22,106" hai3="40,34,78,102,42,25,71,134,135,90,114,123,20"/><V11/><F64/><W50/><G34/><T35/><D122/><U30/><E109/><V127/><F127/><W76/><G123/><T15/><D0/><U49/><E100/><V115/><F115/><W23/><G71/><T28/><D125/><U120/><E30/><V5/><F22/><W79/><G114/><T7/><D15/><U53/><E120/><V27/><F110/><W80/><G102/><T39/><D7/><U68/><E68/><V24/><F24/><W16/><G23/><T119/><D39/><U118/><E118/><V88/><F132/><W98/><G50/><T121/><D121/><U3/><E4/><V70/><F70/><W87/><G98/><T73/><D119/><U85/><REACH who="1" step="1"/><E63/><REACH who="1" step="2"/><V111/><F111/><W32/><REACH who="3" step="1"/><G32/><REACH who="3" step="2"/><T26/><D62/><U128/><E128/><V47/><F106/><W46/><G46/><T83/><D35/><U108/><E108/><V101/><F101/><W36/><G36/><T12/><D103/><U56/><E56/><V75/><F96/><W31/><G31/><T61/><D99/><U81/><E81/><V95/><REACH who="2" step="1"/><F75/><REACH who="2" step="2"/><W133/><AGARI ba="0,3" hai="16,20,25,40,42,76,78,79,80,87,90,133,134,135" machi="133" ten="40,8000,1" yaku="1,1,0,1,20,1,54,1,53,0" doraHai="126" doraHaiUra="92" who="3" fromWho="3" sc="229,-20,248,-20,229,-40,264,110" /><INIT seed="3,0,0,3,5,96" ten="209,228,189,374" oya="3" hai0="122,28,36,90,42,68,99,15,87,108,3,37,58" hai1="9,13,78,103,2,75,84,27,72,119,128,46,134" hai2="25,95,52,89,48,55,114,35,100,118,60,70,104" hai3="116,61,8,92,69,135,59,106,73,71,50,132,79"/><W120/><G106/><T111/><D3/><U66/><E128/><V129/><F118/><W43/><G120/><T91/><D28/><U93/><E134/><V107/><F129/><W54/><G116/><T62/><D68/><U23/><E2/><V127/><F114/><W94/><G73/><T121/><D15/><U34/><E34/><V16/><F127/><W38/><G79/><T14/><D14/><U113/><E113/><V51/><F70/><N who="3" m="26635" /><G92/><N who="0" m="56727" /><D42/><U98/><E66/><V112/><F112/><W76/><G76/><T44/><D44/><U83/><E46/><V56/><F35/><W39/><G94/><N who="0" m="54655" /><D37/><N who="3" m="13833" /><G8/><T130/><D36/><U82/><E82/><V125/><F125/><W126/><G126/><T19/><D130/><U5/><E119/><V10/><F107/><W115/><G115/><T1/><D1/><U81/><E81/><V33/><F33/><W110/><G110/><N who="0" m="42027" /><D19/><AGARI ba="0,0" hai="5,9,13,19,23,27,72,75,78,83,84,93,98,103" machi="19" ten="30,2000,0" yaku="7,1,52,1" doraHai="96" who="1" fromWho="0" sc="209,-20,228,20,189,0,374,0" /><INIT seed="4,0,0,3,3,44" ten="189,248,189,374" oya="0" hai0="127,7,59,75,41,74,43,15,128,121,1,32,9" hai1="63,12,11,51,26,62,14,70,94,52,101,56,2" hai2="72,37,110,38,21,88,45,29,3,68,97,129,131" hai3="85,57,54,114,113,115,61,124,133,19,31,122,16"/><T39/><D121/><U22/><E2/><V20/><F3/><W111/><G111/><T120/><D120/><U108/><E108/><V79/><F68/><W102/><G122/><T5/><D127/><U36/><E36/><V28/><F110/><W13/><G124/><T25/><D128/><U18/><E70/><V118/><F79/><W33/><G133/><T126/><D126/><U84/><E14/><V112/><F72/><W69/><G69/><T27/><D74/><U58/><E58/><V23/><F118/><W125/><G125/><T66/><D75/><U86/><E101/><V95/><F112/><W123/><G102/><T67/><D32/><U104/><E104/><V92/><F45/><W103/><G103/><T49/><D39/><U134/><E134/><V4/><F4/><W99/><G99/><T50/><D1/><U105/><E105/><V10/><F21/><W132/><G132/><T109/><D109/><U116/><E116/><V83/><F83/><W117/><G117/><T8/><D59/><U87/><E94/><V100/><F100/><W77/><G13/><AGARI ba="0,0" hai="5,7,8,9,13,15,25,27,41,43,49,50,66,67" machi="13" ten="25,12000,1" yaku="22,2,8,1,52,2" doraHai="44" who="0" fromWho="3" sc="189,120,248,0,189,0,374,-120" /><INIT seed="4,1,0,0,0,57" ten="309,248,189,254" oya="0" hai0="51,12,110,127,45,38,66,65,80,50,94,49,104" hai1="72,34,60,133,56,106,98,105,112,11,18,79,111" hai2="84,7,78,20,63,91,123,102,125,41,116,119,47" hai3="121,15,87,73,10,29,118,58,101,55,61,36,33"/><T53/><D104/><U32/><E111/><V82/><F123/><W54/><G73/><T22/><D110/><U113/><E133/><V134/><F102/><W27/><G118/><T0/><D0/><U8/><E79/><V88/><F7/><W62/><G121/><T99/><D38/><U3/><E72/><V44/><F20/><W16/><G36/><T39/><D39/><U37/><E37/><V131/><F134/><W6/><G101/><T70/><D80/><U100/><E106/><V107/><F107/><W130/><G130/><T31/><D127/><U109/><E109/><V95/><F91/><W77/><G77/><T92/><D92/><U64/><E11/><V96/><F125/><W67/><G87/><T132/><D132/><U81/><E81/><V43/><F131/><W128/><G128/><T40/><D53/><U126/><E126/><V52/><F47/><W129/><G129/><T1/><D1/><U120/><E120/><V5/><F5/><W122/><G122/><T59/><D70/><U42/><E42/><V117/><REACH who="2" step="1"/><F44/><REACH who="2" step="2"/><W9/><G6/><T89/><D45/><U86/><E3/><V124/><F124/><W114/><G9/><T13/><D40/><U108/><E108/><V21/><F21/><W75/><G10/><T103/><D89/><U97/><E8/><V2/><F2/><W85/><G33/><T17/><D22/><U83/><E34/><V26/><F26/><W24/><G27/><T25/><D25/><U4/><E32/><V46/><F46/><W35/><G35/><T69/><D103/><U135/><E100/><RYUUKYOKU ba="1,1" sc="309,-10,248,-10,179,30,254,-10" hai2="41,43,52,63,78,82,84,88,95,96,116,117,119" /><INIT seed="5,2,1,1,0,108" ten="299,238,209,244" oya="1" hai0="97,129,15,123,135,1,42,30,115,121,23,116,69" hai1="49,91,88,73,87,51,132,120,76,24,107,66,22" hai2="96,27,61,95,26,110,20,52,114,133,117,4,111" hai3="63,43,55,56,44,105,124,86,126,72,14,48,102"/><U21/><E120/><V67/><F117/><W130/><G72/><T93/><D1/><U90/><E132/><V70/><F133/><W5/><G105/><T47/><D69/><U104/><E66/><V54/><F26/><W127/><G102/><N who="0" m="60719" /><D116/><U38/><E38/><V65/><F65/><W17/><G5/><T68/><D68/><U128/><E128/><V19/><F110/><W40/><G86/><T0/><D0/><U41/><E73/><V46/><F111/><W85/><G85/><T131/><D135/><U81/><E21/><V77/><F77/><W2/><G2/><T37/><D115/><U8/><E8/><V106/><F106/><W28/><G28/><T112/><D112/><U57/><E107/><V11/><F114/><W33/><G33/><T103/><D103/><U92/><E104/><V89/><REACH who="2" step="1"/><F46/><REACH who="2" step="2"/><W122/><G130/><N who="0" m="49675" /><D30/><U134/><E134/><V82/><F82/><W79/><G79/><T50/><D37/><U118/><E118/><V35/><F35/><W64/><REACH who="3" step="1"/><G122/><REACH who="3" step="2"/><T101/><D101/><U74/><E76/><V113/><F113/><W109/><G109/><T7/><D123/><U125/><E81/><V10/><F10/><AGARI ba="2,3" hai="10,14,17,40,43,44,48,55,56,63,64,124,126,127" machi="10" ten="40,2600,0" yaku="1,1,18,1,53,0" doraHai="108" doraHaiUra="18" who="3" fromWho="2" sc="299,0,238,0,199,-32,234,62" /><INIT seed="6,0,0,1,5,98" ten="299,238,167,296" oya="2" hai0="42,129,50,17,86,64,65,79,70,123,62,121,58" hai1="77,95,0,1,54,60,37,47,124,63,128,66,97" hai2="13,23,51,80,14,69,82,11,24,59,25,34,96" hai3="108,120,27,106,61,122,45,92,2,127,7,130,16"/><V74/><F69/><W29/><G106/><T48/><D86/><U103/><E128/><V132/><F34/><W19/><G108/><T67/><D79/><U55/><E124/><V91/><F74/><W81/><G130/><T117/><D17/><U90/><E77/><V40/><F40/><W53/><G127/><T22/><D22/><U85/><E60/><V41/><F41/><W32/><G2/><T112/><D129/><U75/><E37/><V109/><F109/><W110/><G7/><T133/><D117/><U46/><E75/><V83/><F23/><W49/><G110/><T15/><D15/><N who="2" m="5642" /><F11/><W104/><G104/><T36/><D123/><U26/><E26/><N who="2" m="10347" /><F132/><W125/><G125/><T88/><D121/><U99/><E99/><V31/><F31/><W52/><G81/><T5/><D5/><U105/><E0/><V107/><F107/><W30/><G29/><T113/><D133/><U84/><E1/><V115/><F115/><N who="0" m="44106" /><D88/><U118/><E118/><V119/><F119/><W87/><G120/><T28/><D28/><U111/><E111/><V8/><F8/><W135/><G135/><T72/><D72/><U94/><E105/><V12/><N who="2" m="5650" /><V33/><DORA hai="89" /><F33/><W101/><G122/><T102/><D70/><U3/><E84/><N who="2" m="50567" /><F96/><W38/><G30/><T114/><D42/><U20/><E3/><V10/><F10/><W126/><G126/><T44/><D114/><U134/><E134/><V76/><F76/><W131/><G131/><T43/><D36/><U71/><E20/><V39/><F39/><W73/><G38/><T68/><D68/><RYUUKYOKU ba="0,0" sc="299,-15,238,15,167,15,296,-15" hai1="46,47,54,55,63,66,71,85,90,94,95,97,103" hai2="51,59,82,83" /><INIT seed="6,1,0,1,5,84" ten="284,253,182,281" oya="2" hai0="59,43,25,107,134,72,61,130,104,23,12,116,123" hai1="109,122,62,27,94,129,30,127,26,117,133,33,0" hai2="49,1,21,17,7,4,93,69,28,71,111,100,115" hai3="102,14,68,90,106,11,60,96,57,98,51,5,50"/><V35/><F100/><W92/><REACH who="3" step="1"/><G68/><REACH who="3" step="2"/><T10/><D123/><U118/><E122/><V56/><F111/><W103/><G103/><T29/><D116/><U24/><E109/><V74/><F71/><W81/><G81/><T40/><D107/><U101/><E117/><V37/><F69/><W47/><G47/><T31/><D104/><U45/><E118/><V75/><F115/><W89/><G89/><T63/><D130/><U44/><E129/><V131/><F93/><W113/><G113/><T80/><D134/><U114/><E133/><V20/><F131/><W108/><G108/><T38/><D80/><U99/><E114/><V119/><F119/><W32/><G32/><T67/><D72/><U120/><E120/><V55/><F37/><W8/><G8/><T19/><D38/><U95/><E33/><V13/><F35/><W9/><G9/><T135/><D135/><U121/><E121/><V46/><F46/><W125/><G125/><T97/><D31/><U78/><E30/><V42/><F75/><W88/><G88/><T16/><D29/><U65/><E127/><V52/><F74/><W132/><G132/><T76/><D76/><U124/><E78/><V112/><F112/><W91/><G91/><T126/><D126/><U86/><E124/><V58/><F1/><W48/><G48/><T105/><D63/><U82/><E101/><V3/><F3/><W41/><G41/><T54/><D105/><U53/><E82/><V83/><F83/><W34/><G34/><T15/><D10/><U85/><E45/><V66/><F42/><W64/><AGARI ba="1,1" hai="5,11,14,50,51,57,60,64,90,92,96,98,102,106" machi="64" ten="20,12000,2" yaku="21,2,5,1,0,1,7,1,52,1,53,0" doraHai="84" doraHaiUra="128" who="3" fromWho="3" sc="284,-31,253,-31,182,-61,271,133" /><INIT seed="7,0,0,2,5,97" ten="253,222,121,404" oya="3" hai0="38,81,76,48,12,16,52,84,130,0,13,73,111" hai1="36,37,28,50,30,115,33,131,105,39,18,82,89" hai2="25,113,103,109,90,104,57,5,67,127,1,10,120" hai3="116,24,110,86,56,47,71,108,55,96,51,93,59"/><W22/><G71/><T26/><D0/><U60/><E115/><V95/><F109/><N who="3" m="42091" /><G116/><T92/><D111/><U99/><E131/><V85/><F113/><W6/><G6/><T11/><D38/><U135/><E135/><V14/><F127/><W112/><G112/><T8/><D130/><U44/><E60/><V133/><F133/><W7/><G86/><T124/><D124/><U54/><E18/><V87/><F120/><W123/><G123/><T88/><D26/><U20/><E20/><V15/><F25/><W63/><G63/><T134/><D134/><U62/><E33/><V3/><F3/><W40/><G40/><T102/><D102/><U70/><E82/><V72/><F72/><W68/><G68/><T122/><D122/><U27/><E27/><V58/><F67/><W114/><G7/><T41/><D41/><U31/><E89/><V101/><F104/><W45/><G45/><T75/><D76/><U32/><E32/><V9/><F1/><W117/><G117/><T91/><D91/><U98/><REACH who="1" step="1"/><E105/><REACH who="1" step="2"/><V83/><F83/><W128/><G128/><T125/><D125/><U46/><E46/><V78/><F78/><W107/><G107/><T49/><D49/><U66/><AGARI ba="0,1" hai="28,30,31,36,37,39,44,50,54,62,66,70,98,99" machi="66" ten="40,2700,0" yaku="1,1,0,1,53,0" doraHai="97" doraHaiUra="19" who="1" fromWho="1" sc="253,-7,212,37,121,-7,404,-13" owari="246,-15,249,5,114,-39,391,49" /></mjloggm>