<mjloggm ver="2.3"><GO type="33"/><UN n0="%E6%A1%9C%E7%AB%9C%E2%80%A0%E3%82%BF%E3%83%9E" n1="%E6%9C%AC%E7%89%A9%E5%A5%B3%E5%AD%90%E9%AB%98%E7%94%9F" n2="%EF%BC%88%E2%89%A7%E2%96%BD%E2%89%A6%EF%BC%89" n3="%E3%81%A8%E3%83%BC%E3%81%97%E3%82%87" dan="15,16,15,13" rate="2013,1976,2033,1921" sx="M,F,M,F"/><TAIKYOKU oya="0"/><INIT seed="0,0,0,2,5,81" ten="250,250,250,250" oya="0" hai0="51,49,14,60,111,31,112,12,70,110,41,16,11" hai1="36,124,30,117,9,121,96,39,114,58,0,33,62" hai2="54,127,91,32,80,17,59,107,29,45,38,71,56" hai3="104,115,22,131,24,130,52,106,82,119,55,133,84"/><T10/><D112/><U7/><E114/><V46/><F71/><W13/><G13/><T129/><D31/><U89/><E117/><V98/><F127/><W79/><G133/><T69/><D129/><N who="3" m="49161" /><G119/><T15/><D15/><U20/><E121/><V8/><F29/><N who="3" m="17559" /><G115/><T97/><D97/><U21/><E33/><V78/><F98/><W26/><G26/><T23/><D23/><U72/><E72/><V128/><F32/><W120/><G120/><T77/><D77/><U88/><E124/><V103/><F78/><W63/><G63/><T90/><D90/><U25/><E21/><V65/><F91/><W116/><G116/><T68/><D60/><U94/><REACH who="1" step="1"/><E89/><REACH who="1" step="2"/><V113/><F113/><W85/><G106/><T105/><D105/><U109/><E109/><N who="0" m="41481" /><D41/><U6/><E6/><AGARI ba="0,1" hai="6,10,11,12,14,16,49,51,68,69,70" m="41481" machi="6" ten="40,7700,0" yaku="14,1,10,1,54,1" doraHai="81" who="0" fromWho="1" sc="250,87,240,-77,250,0,250,0" /><INIT seed="0,1,0,4,3,135" ten="337,163,250,250" oya="0" hai0="69,114,81,84,50,119,70,3,115,108,129,32,45" hai1="133,67,79,2,26,75,73,104,25,47,62,128,60" hai2="9,101,10,96,51,48,29,4,37,40,15,23,89" hai3="27,125,11,64,88,122,126,42,20,97,85,109,74"/><T44/><D32/><U35/><E133/><V107/><F89/><W41/><G74/><T83/><D3/><U63/><E67/><V120/><F120/><W68/><G122/><T82/><D119/><U90/><E35/><V6/><F37/><W30/><G109/><T71/><D108/><U93/><E104/><V77/><F77/><W121/><G121/><T14/><D14/><U134/><E134/><V80/><F80/><W17/><G97/><T36/><D129/><U106/><E106/><V5/><F40/><W7/><G30/><T98/><D98/><U95/><E2/><V22/><F5/><W33/><G33/><T132/><D132/><U116/><E62/><V94/><F107/><W105/><G105/><T43/><REACH who="0" step="1"/><D84/><REACH who="0" step="2"/><U8/><E116/><V46/><F96/><W18/><G85/><T112/><D112/><U39/><E128/><V59/><F15/><W21/><G7/><T99/><D99/><U103/><E75/><V86/><F4/><W52/><G11/><T110/><D110/><U76/><E8/><V113/><F9/><W34/><G34/><T49/><D49/><U100/><E73/><V0/><F48/><W28/><G20/><T13/><D13/><U66/><E39/><V19/><F23/><W31/><G21/><T130/><D130/><U91/><E66/><V92/><F113/><W1/><G64/><T72/><D72/><U127/><REACH who="1" step="1"/><E47/><REACH who="1" step="2"/><V16/><F46/><W65/><G65/><T118/><D118/><U24/><E24/><N who="2" m="16535" /><F0/><W131/><G1/><T102/><D102/><U38/><E38/><V78/><F101/><RYUUKYOKU ba="1,2" sc="327,15,153,15,250,-15,250,-15" hai0="36,43,44,45,50,69,70,71,81,82,83,114,115" hai1="25,26,60,63,76,79,90,91,93,95,100,103,127" /><INIT seed="0,2,2,4,3,56" ten="342,168,235,235" oya="0" hai0="59,109,130,34,14,32,36,23,91,54,12,119,13" hai1="111,73,120,115,101,93,128,37,25,78,58,7,98" hai2="17,44,19,103,4,106,89,122,126,77,72,127,116" hai3="66,100,68,110,29,95,35,60,123,9,85,27,31"/><T88/><D119/><U10/><E120/><V39/><F122/><W26/><G123/><T61/><D36/><U131/><E115/><V84/><F116/><W40/><G110/><T49/><D130/><N who="1" m="49707" /><E111/><V24/><F4/><W129/><G129/><T69/><D109/><U18/><E37/><V97/><F39/><W118/><G118/><T107/><D107/><U16/><E25/><V113/><F44/><W20/><G40/><T135/><D135/><U90/><E101/><V3/><F3/><W102/><REACH who="3" step="1"/><G9/><REACH who="3" step="2"/><T22/><D34/><U47/><E47/><V55/><F127/><W112/><G112/><T132/><D32/><U133/><E133/><V46/><F126/><W62/><G62/><T45/><D132/><U53/><E73/><V21/><F72/><W48/><G48/><T75/><D75/><U43/><E43/><V80/><F113/><W52/><G52/><N who="0" m="34023" /><D69/><U96/><E78/><V94/><F46/><W33/><G33/><T38/><D38/><U125/><E125/><V63/><F55/><W42/><G42/><T86/><D91/><AGARI ba="2,3" hai="20,26,27,29,31,35,60,66,68,85,91,95,100,102" machi="91" ten="40,2600,0" yaku="1,1,52,1,53,0" doraHai="56" doraHaiUra="92" who="3" fromWho="0" sc="342,-32,168,0,235,0,225,62" /><INIT seed="1,0,0,5,1,54" ten="310,168,235,287" oya="1" hai0="52,122,88,40,34,37,85,47,18,0,95,94,23" hai1="56,69,82,62,115,39,98,89,108,67,31,99,128" hai2="24,127,58,84,101,8,118,87,33,53,35,125,2" hai3="74,105,41,80,30,55,13,25,123,73,91,114,50"/><U116/><E115/><V27/><F118/><W59/><G114/><T132/><D34/><N who="2" m="12810" /><F101/><W29/><G123/><T111/><D0/><U43/><E116/><V5/><F87/><W72/><G105/><T36/><D122/><U104/><E128/><V135/><F84/><W124/><G124/><N who="2" m="47689" /><F135/><W93/><G41/><T51/><D132/><U42/><E108/><V44/><F44/><W109/><G109/><T83/><D111/><U100/><E31/><V126/><N who="2" m="47697" /><V65/><DORA hai="49" /><F65/><W15/><G80/><T106/><D106/><U71/><E82/><V75/><F75/><W61/><G50/><AGARI ba="0,0" hai="2,5,8,24,27,50,53,58" m="47697,12810" machi="50" ten="40,5200,0" yaku="18,1,52,2" doraHai="54,49" who="2" fromWho="3" sc="310,0,168,0,235,52,287,-52" /><INIT seed="2,0,0,0,4,125" ten="310,168,287,235" oya="2" hai0="34,79,39,21,103,99,89,128,108,60,64,42,110" hai1="135,32,129,133,29,59,53,83,37,98,106,47,40" hai2="82,107,115,66,48,74,55,45,30,11,6,126,8" hai3="17,87,46,88,51,85,132,68,19,22,62,70,28"/><V61/><F115/><W20/><G132/><N who="1" m="50762" /><E83/><V111/><F107/><W131/><G131/><T13/><D34/><U7/><E7/><V14/><F126/><W93/><G28/><T18/><D128/><U92/><E106/><V49/><F30/><W134/><G134/><T41/><D79/><U1/><E1/><V50/><F111/><N who="0" m="42538" /><D89/><U24/><E59/><V16/><F82/><W69/><G62/><T52/><D39/><U23/><E53/><V56/><REACH who="2" step="1"/><F74/><REACH who="2" step="2"/><W65/><G93/><N who="0" m="58863" /><D64/><U130/><E32/><V112/><F112/><W75/><G75/><T104/><D104/><U121/><E121/><V90/><F90/><AGARI ba="0,1" hai="23,24,29,37,40,47,90,92,98,129,130" m="50762" machi="90" ten="30,3900,0" yaku="20,1,52,2" doraHai="125" who="1" fromWho="2" sc="310,0,168,49,277,-39,235,0" /><INIT seed="3,0,0,0,3,103" ten="310,217,238,235" oya="3" hai0="46,127,115,84,125,117,53,86,112,120,122,35,3" hai1="133,106,16,74,52,108,109,4,96,22,8,30,129" hai2="73,57,17,14,124,88,113,11,104,63,21,75,93" hai3="6,85,13,130,39,51,111,62,72,89,42,49,40"/><W82/><G72/><T64/><D3/><N who="1" m="31" /><E129/><V59/><F113/><N who="0" m="43594" /><D35/><U91/><E133/><V68/><F124/><N who="0" m="47690" /><D64/><U61/><E74/><V92/><F104/><W102/><G130/><T44/><D117/><U132/><E132/><V55/><F68/><W107/><G111/><N who="1" m="42570" /><E30/><V23/><F59/><W24/><G49/><N who="0" m="28839" /><D46/><U27/><E106/><V45/><F45/><W114/><G107/><T25/><D25/><U80/><E80/><V34/><F34/><W67/><G24/><T69/><D69/><U58/><E96/><V100/><F73/><W90/><G67/><T10/><D10/><U36/><E91/><V43/><F88/><W18/><G89/><T66/><D66/><U101/><E101/><V87/><F100/><W77/><G90/><T0/><D0/><U2/><E2/><V26/><F75/><W1/><G102/><T41/><D41/><U5/><E5/><V76/><F43/><W110/><G42/><T65/><D65/><U31/><E31/><V123/><F26/><W126/><G40/><T38/><D38/><AGARI ba="0,0" hai="16,22,27,36,38,52,58,61" m="42570,31" machi="38" ten="30,3900,0" yaku="14,1,54,2" doraHai="103" who="1" fromWho="0" sc="310,-39,217,39,238,0,235,0" /><INIT seed="4,0,0,3,1,34" ten="271,256,238,235" oya="0" hai0="72,120,14,109,62,29,30,98,57,93,55,22,46" hai1="134,80,68,75,100,4,64,103,49,69,114,129,23" hai2="116,84,124,32,6,73,121,90,33,96,12,59,95" hai3="45,130,3,128,0,105,27,85,16,89,108,36,78"/><T111/><D120/><U67/><E129/><N who="3" m="49770" /><G105/><T79/><D46/><U131/><E131/><V123/><F116/><W43/><G78/><T88/><D79/><U47/><E75/><V122/><F124/><W71/><G71/><T94/><D72/><U41/><E134/><V42/><F73/><W66/><G66/><T20/><D94/><U39/><E39/><V9/><F42/><W104/><G104/><T37/><D37/><U86/><E4/><V70/><F70/><W26/><G108/><N who="0" m="41547" /><D14/><U127/><E127/><V31/><F31/><AGARI ba="0,0" hai="20,22,29,30,31,55,57,62,88,93,98" m="41547" machi="31" ten="30,2900,0" yaku="10,1,54,1" doraHai="34" who="0" fromWho="2" sc="271,29,256,0,238,-29,235,0" owari="300,39.0,256,6.0,209,-29.0,235,-16.0" /></mjloggm>