<mjloggm ver="2.3"><GO type="41"/><UN n0="%E3%82%A6%E3%83%AB%E3%83%88%E3%83%A9%E7%AB%8B%E7%9B%B4" n1="%4C%76%2E%31" n2="%E3%81%AA%E3%81%AA%E3%81%8F" n3="%E3%82%AD%E3%83%AA%E3%82%A3" dan="15,14,13,15" rate="2022,1903,1893,1954" sx="M,M,M,M"/><TAIKYOKU oya="0"/><INIT seed="0,0,0,2,3,70" ten="250,250,250,250" oya="0" hai0="106,6,14,124,135,101,7,113,83,91,104,105,116" hai1="29,126,13,121,94,4,85,30,12,61,24,49,46" hai2="2,125,45,87,31,57,59,74,81,77,78,123,58" hai3="34,64,33,108,90,22,99,79,44,111,62,72,92"/><T129/><D116/><U26/><E121/><V132/><F123/><W65/><G72/><T9/><D113/><U32/><E126/><V51/><F125/><W118/><G118/><T133/><D124/><U109/><E61/><V42/><F2/><W36/><G79/><T41/><D129/><U35/><E109/><N who="3" m="42058" /><G22/><T60/><D101/><U112/><E4/><V40/><F132/><W93/><G92/><T20/><D20/><U63/><E63/><V39/><F31/><W86/><G99/><T23/><D23/><U54/><E112/><V96/><F96/><W43/><G65/><T0/><D60/><U68/><E68/><AGARI ba="0,0" hai="33,34,36,43,44,62,64,68,86,90,93" m="42058" machi="68" ten="30,2000,0" yaku="14,1,52,1" doraHai="70" who="3" fromWho="1" sc="250,0,250,-20,250,0,250,20" /><INIT seed="1,0,0,3,2,109" ten="250,230,250,270" oya="1" hai0="11,15,87,6,34,74,124,133,105,17,72,131,75" hai1="57,83,2,13,126,9,22,118,1,8,98,43,129" hai2="3,93,40,132,99,52,128,44,103,18,84,5,106" hai3="134,30,29,89,54,116,48,92,96,27,108,88,16"/><U100/><E118/><V35/><F35/><W78/><G108/><T61/><D105/><U33/><E33/><V101/><F132/><W64/><G116/><T38/><D38/><U71/><E71/><V46/><F128/><W122/><G122/><T111/><D111/><U107/><E129/><V63/><F106/><W0/><G0/><T90/><D131/><U80/><E22/><V123/><F123/><W4/><G4/><T79/><D133/><U36/><E126/><V86/><F103/><W53/><G134/><T20/><D34/><U65/><E43/><V76/><F76/><W14/><G78/><T127/><D79/><U49/><E36/><V31/><F31/><W113/><G64/><T7/><D61/><U70/><E70/><V104/><F104/><W73/><G73/><T97/><D97/><U68/><E68/><V51/><F18/><W81/><G54/><T19/><D19/><U24/><E24/><V77/><F77/><W117/><G117/><T39/><D39/><U26/><E26/><V135/><F135/><W112/><G27/><T25/><REACH who="0" step="1"/><D7/><REACH who="0" ten="240,230,250,270" step="2"/><U32/><E32/><V119/><F119/><W130/><G130/><T50/><D50/><U62/><E49/><V110/><F110/><W102/><G30/><T120/><D120/><U56/><E56/><V60/><F63/><W59/><G29/><T69/><D69/><U12/><E9/><V45/><F60/><W114/><REACH who="3" step="1"/><G81/><AGARI ba="0,1" hai="6,11,15,17,20,25,72,74,75,81,87,90,124,127" machi="81" ten="40,1300,0" yaku="1,1,53,0" doraHai="109" doraHaiUra="94" who="0" fromWho="3" sc="240,23,230,0,250,0,270,-13" /><INIT seed="2,0,0,5,3,45" ten="263,230,250,257" oya="2" hai0="51,63,91,25,30,37,86,34,87,4,3,80,93" hai1="67,43,61,121,123,98,127,94,62,114,120,96,115" hai2="84,31,28,7,70,17,22,107,90,73,8,76,134" hai3="2,106,55,33,104,23,6,50,9,105,124,81,58"/><V109/><F107/><W100/><G33/><T82/><D37/><U135/><E43/><V97/><F70/><W101/><G124/><T27/><D4/><U112/><E127/><V16/><F73/><W72/><G72/><T19/><D3/><U15/><E15/><V10/><F76/><W92/><G81/><T111/><D111/><U88/><E135/><V118/><F109/><W39/><G39/><T59/><D93/><U68/><E62/><V69/><F69/><W13/><G2/><T132/><D132/><U47/><REACH who="1" step="1"/><E47/><REACH who="1" ten="263,220,250,257" step="2"/><V130/><F134/><W89/><REACH who="3" step="1"/><G23/><REACH who="3" ten="263,220,250,247" step="2"/><T102/><D34/><U29/><E29/><V119/><F31/><W126/><G126/><T12/><D30/><U48/><E48/><V99/><F28/><W74/><G74/><T71/><D51/><U117/><E117/><V85/><F119/><W108/><G108/><T54/><D71/><U36/><E36/><V133/><F118/><W95/><G95/><T128/><D27/><U40/><E40/><V53/><F133/><W60/><G60/><T32/><D25/><U83/><E83/><V77/><F130/><W103/><G103/><T56/><D32/><U20/><E20/><V131/><F22/><W78/><G78/><T65/><D102/><U5/><E5/><V26/><F77/><W18/><G18/><T129/><D129/><U46/><E46/><V75/><F17/><W41/><G41/><T116/><D128/><U0/><E0/><V44/><F7/><W52/><G52/><T14/><D116/><U66/><E66/><V113/><F131/><W24/><G24/><RYUUKYOKU ba="0,2" sc="263,-15,220,15,250,-15,247,15" hai1="61,67,68,88,94,96,98,112,114,115,120,121,123" hai3="6,9,13,50,55,58,89,92,100,101,104,105,106" /><INIT seed="3,1,2,3,4,28" ten="248,235,235,262" oya="3" hai0="107,79,128,0,60,112,130,126,72,36,26,37,53" hai1="23,122,85,58,49,114,77,86,73,46,103,99,116" hai2="41,30,95,83,5,19,39,52,38,67,2,47,124" hai3="16,22,132,82,9,111,84,25,87,21,27,57,54"/><W70/><G70/><T31/><D107/><U50/><E122/><V120/><F120/><W4/><G132/><T81/><D0/><U32/><E114/><V12/><F38/><W110/><G82/><T91/><D112/><U78/><E116/><V118/><F118/><W1/><G57/><N who="0" m="34863" /><D91/><U71/><E71/><V134/><F134/><W43/><G54/><T121/><D121/><U44/><E58/><V59/><F67/><W127/><G43/><T56/><D56/><U68/><E23/><V15/><F30/><N who="3" m="17711" /><G84/><T97/><D97/><U13/><E13/><V11/><F124/><W42/><G42/><T98/><D98/><U123/><E99/><V75/><F95/><W40/><G40/><T65/><D65/><U24/><E24/><V76/><F19/><W104/><G87/><T94/><D94/><U89/><E68/><V3/><F3/><W29/><G104/><T129/><D126/><U96/><E96/><V133/><F133/><W125/><G29/><T113/><D113/><U106/><E106/><V90/><F90/><W61/><G61/><AGARI ba="1,2" hai="2,5,11,12,15,39,41,47,52,59,61,75,76,83" machi="61" ten="30,7700,0" yaku="7,1,25,2,54,1" doraHai="28" who="2" fromWho="3" sc="248,0,235,0,235,100,262,-80" /><INIT seed="4,0,0,5,3,93" ten="248,235,335,182" oya="0" hai0="31,134,21,58,57,19,0,116,107,3,100,67,82" hai1="41,115,101,89,9,129,51,64,118,128,18,20,86" hai2="117,56,45,124,46,90,123,32,26,94,95,133,37" hai3="49,88,131,97,63,47,74,130,60,42,34,96,121"/><T11/><D116/><U99/><E118/><V7/><F117/><W80/><G34/><T73/><D134/><U77/><E77/><V114/><F133/><W98/><G121/><T84/><D73/><U112/><E64/><V10/><F123/><W83/><G74/><T6/><D31/><U50/><E9/><V33/><F114/><N who="1" m="43561" /><E41/><V71/><F71/><W30/><G30/><T43/><D3/><U13/><E89/><V119/><F119/><W110/><G110/><T76/><D67/><U91/><E91/><V85/><F124/><W61/><REACH who="3" step="1"/><G88/><REACH who="3" ten="248,235,335,172" step="2"/><T125/><D125/><U1/><E86/><V24/><F33/><W15/><G15/><T14/><D84/><U39/><E1/><V127/><F32/><W62/><N who="3" m="15872" /><DORA hai="29" /><W103/><G103/><T113/><D113/><U65/><E65/><V4/><F127/><W25/><G25/><T102/><D102/><U38/><E51/><V48/><F26/><W16/><G16/><T53/><D76/><U108/><E50/><V105/><F48/><W59/><G59/><T69/><D58/><U126/><E108/><V72/><F56/><W109/><G109/><T111/><D111/><U44/><E126/><V135/><F72/><W81/><AGARI ba="0,1" hai="42,47,49,80,81,83,96,97,98,130,131" m="15872" machi="81" ten="50,12000,2" yaku="1,1,0,1,29,2,52,3,53,0" doraHai="93,29" doraHaiUra="68,120" who="3" fromWho="3" sc="248,-60,235,-30,335,-30,172,130" /><INIT seed="5,0,0,5,2,7" ten="188,205,305,302" oya="1" hai0="5,34,65,76,41,116,81,103,67,45,86,27,63" hai1="119,56,72,30,102,88,75,121,12,130,48,43,71" hai2="22,106,94,78,89,128,35,62,104,8,16,118,18" hai3="28,125,131,39,87,84,57,82,97,40,79,113,73"/><U3/><E71/><V129/><F118/><W6/><G113/><T90/><D116/><U96/><E3/><V14/><F35/><W37/><G125/><T32/><D103/><U11/><E119/><V0/><F0/><W99/><G131/><N who="2" m="50249" /><F78/><W123/><G123/><T54/><D54/><U47/><E121/><V115/><F62/><W91/><G28/><T44/><D44/><U135/><E130/><V64/><F64/><W50/><G73/><T80/><D27/><U108/><E135/><V93/><F115/><W111/><G111/><T9/><D65/><U107/><E30/><V13/><F13/><W4/><G39/><T77/><D90/><U17/><E108/><V117/><F117/><W42/><G37/><T29/><D29/><U133/><E133/><V38/><F38/><W1/><G1/><T85/><D63/><U126/><E126/><V74/><F74/><W127/><G42/><T101/><D101/><U55/><REACH who="1" step="1"/><E88/><REACH who="1" ten="188,195,305,302" step="2"/><V98/><F89/><W122/><G127/><T114/><D114/><U105/><E105/><V61/><F106/><W83/><G122/><T69/><D69/><U92/><E92/><V49/><F104/><W66/><G91/><T2/><REACH who="0" step="1"/><D67/><REACH who="0" ten="178,195,305,302" step="2"/><U59/><E59/><V120/><F120/><W15/><G66/><T25/><D25/><U60/><AGARI ba="0,2" hai="11,12,17,43,47,48,55,56,60,72,75,96,102,107" machi="60" ten="20,12000,1" yaku="1,1,0,1,7,1,52,1,53,1" doraHai="7" doraHaiUra="52" who="1" fromWho="1" sc="178,-40,195,140,305,-40,302,-40" /><INIT seed="5,1,0,0,0,112" ten="138,335,265,262" oya="1" hai0="42,6,93,129,99,4,85,1,80,72,46,43,7" hai1="44,36,28,79,45,73,119,120,60,97,9,40,89" hai2="102,24,51,75,19,104,95,31,124,98,91,50,86" hai3="135,26,23,13,29,34,126,82,52,87,115,88,61"/><U81/><E120/><V56/><F124/><W103/><G115/><T38/><D129/><U3/><E45/><V130/><F130/><W22/><G126/><T78/><D43/><U122/><E122/><V118/><F118/><W57/><G135/><T111/><D111/><U25/><E60/><V134/><F134/><W35/><G35/><T133/><D133/><U21/><E89/><V12/><F75/><W132/><G132/><T107/><D107/><U53/><E53/><V14/><F14/><W37/><G37/><T39/><D39/><U96/><E119/><V116/><F116/><W64/><G103/><T123/><D123/><U109/><REACH who="1" step="1"/><E109/><REACH who="1" ten="138,325,265,262" step="2"/><V101/><F101/><W76/><G64/><T54/><D54/><U32/><E32/><V84/><F102/><W70/><G70/><T65/><D65/><U8/><E8/><V62/><F62/><W114/><G114/><T2/><D99/><U110/><E110/><V100/><F100/><W20/><G34/><T83/><REACH who="0" step="1"/><D93/><REACH who="0" ten="128,325,265,262" step="2"/><U27/><E27/><V121/><F95/><W69/><G69/><T10/><D10/><U67/><E67/><V106/><F98/><W0/><G82/><T59/><D59/><U63/><E63/><V11/><F56/><W66/><G57/><T113/><D113/><U68/><E68/><V92/><F24/><W17/><G26/><T30/><D30/><U127/><E127/><V47/><F31/><W94/><G29/><T74/><D74/><U77/><E77/><AGARI ba="1,2" hai="1,2,4,6,7,38,42,46,72,77,78,80,83,85" machi="77" ten="40,1300,0" yaku="1,1,53,0" doraHai="112" doraHaiUra="55" who="0" fromWho="1" sc="128,36,325,-16,265,0,262,0" /><INIT seed="6,0,0,4,3,83" ten="164,309,265,262" oya="2" hai0="19,101,60,32,44,120,132,90,54,91,25,93,107" hai1="49,86,100,79,61,81,121,20,95,14,67,47,12" hai2="36,118,127,80,59,104,70,50,22,0,68,124,133" hai3="35,110,45,62,34,21,131,94,82,89,129,98,106"/><V23/><F118/><W123/><G123/><T5/><D120/><U108/><E108/><V42/><F0/><W1/><G1/><T28/><D132/><U66/><E121/><V126/><F36/><W97/><G110/><T92/><D5/><U84/><E100/><V128/><F104/><W29/><G45/><T26/><D101/><U115/><E115/><V13/><F133/><W30/><G82/><T27/><D107/><U73/><E73/><V113/><F113/><W63/><G106/><T76/><D76/><U6/><E6/><V48/><F128/><W43/><G21/><N who="2" m="7689" /><F13/><N who="1" m="5225" /><E61/><V7/><F7/><W122/><G122/><T116/><D19/><U15/><N who="1" m="5233" /><U114/><DORA hai="105" /><E20/><V16/><F80/><W64/><G43/><T40/><D116/><U10/><E10/><V11/><F16/><W24/><G94/><T78/><D78/><U135/><E135/><V77/><F11/><W69/><G89/><T87/><D60/><U51/><E114/><V134/><F77/><W109/><G109/><T37/><REACH who="0" step="1"/><D54/><REACH who="0" ten="154,309,265,262" step="2"/><N who="1" m="30015" /><E51/><V52/><F134/><W88/><G131/><T46/><D46/><AGARI ba="0,1" hai="42,46,48,50,52,59,68,70,124,126,127" m="7689" machi="46" ten="40,3900,0" yaku="18,1,54,1" doraHai="83,105" who="2" fromWho="0" sc="154,-39,309,0,265,49,262,0" /><INIT seed="6,1,0,1,0,88" ten="115,309,314,262" oya="2" hai0="15,44,68,55,133,29,89,20,110,67,1,10,39" hai1="101,91,69,54,107,135,27,59,93,102,38,128,112" hai2="129,84,122,3,56,42,25,62,117,36,48,5,4" hai3="40,71,120,21,96,57,58,73,114,105,113,78,82"/><V35/><F122/><W86/><G71/><T22/><D110/><U121/><E38/><V76/><F117/><W83/><G40/><T70/><D133/><U99/><E135/><V45/><F36/><W87/><G21/><T41/><D1/><U64/><E128/><V14/><F3/><W24/><G24/><T134/><D134/><U47/><E112/><N who="3" m="43114" /><G58/><T125/><D125/><U30/><E121/><V49/><F49/><W7/><G7/><T13/><D67/><U18/><E18/><V92/><F35/><W104/><G57/><T81/><D29/><U6/><E6/><V85/><F25/><W32/><G32/><T43/><D39/><U16/><E47/><V116/><F116/><W52/><G52/><T94/><D81/><U50/><E107/><N who="3" m="41034" /><G120/><T65/><D65/><U8/><E64/><N who="2" m="38983" /><F14/><W23/><G23/><T26/><D26/><U61/><E69/><V95/><F129/><W127/><G127/><T34/><D34/><U75/><E61/><V124/><F124/><W98/><G73/><T103/><D10/><U11/><E75/><V79/><F4/><W2/><G2/><T126/><D126/><U111/><E111/><V90/><F5/><W77/><AGARI ba="1,0" hai="77,78,82,83,86,87,96,98" m="41034,43114" machi="77" ten="30,7900,0" yaku="15,1,11,1,34,2" doraHai="88" who="3" fromWho="3" sc="115,-21,309,-21,314,-40,262,82" /><INIT seed="7,0,0,1,1,92" ten="94,288,274,344" oya="3" hai0="96,118,24,119,66,64,105,106,56,58,115,86,63" hai1="97,71,52,98,31,131,127,135,1,133,42,9,11" hai2="95,45,75,46,78,4,87,5,62,27,30,38,25" hai3="39,90,32,89,123,103,47,10,122,29,130,113,48"/><W88/><G39/><T85/><D24/><U8/><E42/><V100/><F75/><W67/><G32/><T35/><D63/><U53/><E71/><V73/><F73/><W112/><G29/><T3/><D115/><N who="3" m="44105" /><G67/><T55/><D55/><N who="1" m="21067" /><E31/><V49/><F38/><W114/><G114/><T84/><D84/><U132/><E127/><V91/><F78/><W44/><G130/><T111/><D3/><U60/><E60/><V129/><F129/><W0/><G103/><T108/><REACH who="0" step="1"/><D35/><REACH who="0" ten="84,288,274,344" step="2"/><U54/><E131/><V2/><F62/><W116/><G0/><T36/><D36/><U15/><E54/><V126/><F2/><W28/><G122/><T22/><D22/><U50/><E50/><V20/><F49/><W18/><G123/><T57/><D57/><U19/><E1/><V107/><F27/><W134/><G28/><T6/><D6/><U76/><E76/><V109/><F4/><W110/><G10/><AGARI ba="0,1" hai="8,9,10,11,15,19,97,98,132,133,135" m="21067" machi="10" ten="40,8000,1" yaku="20,1,52,2,54,1" doraHai="92" who="1" fromWho="3" sc="84,0,288,90,274,0,344,-80" owari="84,-42.0,378,49.0,274,7.0,264,-14.0" /></mjloggm>