<mjloggm ver="2.3"><GO type="169"/><UN n0="%E3%81%A7%E3%81%93%E3%81%98" n1="%EF%BC%88%E2%89%A7%E2%96%BD%E2%89%A6%EF%BC%89" n2="%E3%83%87%E3%82%B8%E3%82%BF%E3%83%AB%E4%BB%99%E4%BA%BA" n3="%4D%49%40%34%32%38" dan="16,18,17,16" rate="2102,2202,2116,2039" sx="M,M,F,M"/><TAIKYOKU oya="0"/><INIT seed="0,0,0,2,2,108" ten="250,250,250,250" oya="0" hai0="122,74,84,89,64,43,65,17,98,76,9,47,12" hai1="100,114,126,133,52,123,2,113,28,103,115,118,106" hai2="1,125,54,20,21,35,120,22,97,29,90,101,93" hai3="132,78,41,3,86,105,124,94,128,129,127,24,63"/><T58/><D122/><U70/><E118/><V71/><F120/><W95/><G3/><T31/><D31/><U116/><E116/><V36/><F125/><N who="3" m="48203" /><G41/><T8/><D74/><U88/><E126/><V99/><F1/><W15/><G15/><T67/><D76/><U4/><E123/><V68/><F36/><W60/><G24/><T79/><D79/><U42/><E133/><V112/><F112/><W85/><G105/><T56/><D98/><U32/><E70/><V117/><F117/><W121/><G78/><T69/><D69/><U119/><E119/><V135/><F135/><W59/><G59/><T83/><REACH who="0" step="1"/><D9/><REACH who="0" ten="240,250,250,250" step="2"/><N who="1" m="2199" /><E106/><V33/><F29/><W38/><G121/><T130/><D130/><U110/><E28/><V50/><F68/><W39/><G129/><T13/><D13/><U30/><E30/><V34/><F71/><W0/><G128/><T48/><AGARI ba="0,1" hai="8,12,17,43,47,48,56,58,64,65,67,83,84,89" machi="48" ten="30,11700,0" yaku="1,1,0,1,8,1,53,1" doraHai="108" doraHaiUra="87" who="0" fromWho="0" sc="240,127,250,-39,250,-39,250,-39" /><INIT seed="0,1,0,5,4,76" ten="367,211,211,211" oya="0" hai0="72,67,104,24,19,116,74,46,100,63,14,128,42" hai1="129,36,134,127,6,103,39,98,111,119,66,135,99" hai2="117,59,52,55,37,58,28,12,10,61,11,85,69" hai3="83,125,105,31,13,1,87,109,62,120,96,2,50"/><T124/><D116/><U23/><E119/><V95/><F37/><N who="1" m="14409" /><E6/><V110/><F69/><W17/><G109/><T93/><D104/><U48/><E111/><V26/><F117/><W101/><G125/><T57/><D124/><U123/><E123/><V27/><F110/><W5/><G120/><T75/><D128/><U70/><E127/><V108/><F108/><W113/><G113/><T68/><D24/><U41/><E23/><V114/><F114/><W115/><G115/><T80/><D68/><U16/><E16/><V60/><F28/><W88/><G5/><T49/><D93/><U84/><E84/><V92/><F85/><W106/><G106/><T131/><D100/><U73/><E73/><V38/><F38/><W30/><G62/><T82/><REACH who="0" step="1"/><D131/><REACH who="0" ten="357,211,211,211" step="2"/><U51/><E129/><V35/><F35/><W126/><G126/><T107/><D107/><U118/><E118/><V29/><F29/><W121/><G121/><T130/><D130/><U90/><E103/><V4/><F4/><W0/><REACH who="3" step="1"/><G50/><REACH who="3" ten="357,211,211,201" step="2"/><T15/><D15/><AGARI ba="1,2" hai="10,11,12,15,26,27,52,55,58,59,60,61,92,95" machi="15" ten="25,6400,0" yaku="22,2,8,1,54,1" doraHai="76" who="2" fromWho="0" sc="357,-67,211,0,211,87,201,0" /><INIT seed="1,0,0,3,3,72" ten="290,211,298,201" oya="1" hai0="42,73,89,44,124,66,120,85,54,9,75,28,122" hai1="77,17,91,65,8,51,61,98,20,23,25,6,3" hai2="107,35,106,95,129,88,87,69,30,10,126,102,50" hai3="67,40,36,130,16,68,60,125,39,101,127,48,111"/><U117/><E117/><V0/><F129/><W70/><G101/><T71/><D124/><N who="3" m="47689" /><G16/><T62/><D28/><U13/><E51/><V121/><F121/><N who="0" m="46698" /><D9/><U58/><E77/><V41/><F126/><W79/><G79/><T21/><D21/><U64/><E98/><V128/><F69/><N who="3" m="42215" /><G130/><T59/><D85/><U45/><E45/><V11/><F128/><W1/><G1/><T34/><D34/><U15/><E91/><V56/><F0/><W109/><G48/><N who="0" m="31175" /><D89/><U57/><REACH who="1" step="1"/><E23/><REACH who="1" ten="290,201,298,201" step="2"/><V53/><F35/><W94/><G94/><T32/><D32/><U12/><E12/><V55/><F95/><W123/><G123/><T2/><D2/><U46/><E46/><V135/><F88/><W112/><G112/><T131/><D131/><U14/><E14/><V92/><F92/><W37/><G40/><T74/><D73/><U99/><E99/><V26/><F41/><W96/><G96/><T27/><D27/><U90/><E90/><V7/><F26/><W103/><G103/><T63/><D62/><AGARI ba="0,1" hai="3,6,8,13,15,17,20,25,57,58,61,62,64,65" machi="62" ten="40,3900,0" yaku="1,1,9,1,53,0" doraHai="72" doraHaiUra="93" who="1" fromWho="0" sc="290,-39,201,49,298,0,201,0" /><INIT seed="1,1,0,1,0,14" ten="251,250,298,201" oya="1" hai0="31,109,90,64,66,55,73,135,120,121,99,107,32" hai1="127,117,124,25,41,7,3,48,52,105,33,36,34" hai2="12,130,84,27,123,76,134,65,35,54,20,30,91" hai3="122,119,92,75,106,17,9,95,67,133,108,118,116"/><U13/><E105/><V112/><F123/><N who="0" m="47178" /><D73/><U39/><E117/><V28/><F112/><W40/><G122/><T11/><D109/><U61/><E3/><V115/><F115/><W93/><G106/><T2/><D135/><U16/><E7/><V10/><F134/><W23/><G133/><T80/><D55/><U86/><E61/><V83/><F130/><W53/><G75/><T63/><D31/><N who="1" m="19695" /><E86/><V29/><F65/><W57/><G40/><T59/><D32/><U111/><E41/><V101/><F35/><W56/><G108/><T8/><D66/><U82/><E82/><V19/><F101/><W58/><G67/><T77/><D2/><U38/><E34/><V22/><F22/><W42/><G42/><T5/><D5/><U74/><E74/><V128/><F128/><W24/><REACH who="3" step="1"/><G9/><REACH who="3" ten="251,250,298,191" step="2"/><T89/><D107/><U97/><E111/><V88/><REACH who="2" step="1"/><F54/><AGARI ba="1,1" hai="17,23,24,53,54,56,57,58,92,93,95,116,118,119" machi="54" ten="50,12000,2" yaku="1,1,2,1,29,2,12,1,52,1,53,0" doraHai="14" doraHaiUra="81" who="3" fromWho="2" sc="251,0,250,0,298,-123,191,133" /><INIT seed="2,0,0,5,1,50" ten="251,250,175,324" oya="2" hai0="74,61,12,123,6,86,37,51,49,117,65,79,35" hai1="89,69,18,129,15,73,108,99,81,44,135,109,1" hai2="84,24,93,124,58,62,126,40,125,113,21,22,16" hai3="95,60,134,46,78,64,28,128,118,9,29,30,52"/><V102/><F113/><W56/><G118/><T20/><D123/><U32/><E129/><V63/><F40/><W57/><G128/><T111/><D37/><U45/><E1/><V127/><N who="2" m="31744" /><DORA hai="82" /><V59/><F22/><W92/><G78/><T94/><D35/><U25/><E69/><V100/><F59/><W75/><G75/><T72/><D117/><U131/><E131/><V119/><F119/><W105/><G105/><T36/><D36/><U3/><E3/><V26/><F26/><W33/><G33/><T71/><D111/><U70/><E70/><V41/><F41/><W53/><G134/><T10/><D20/><U38/><E135/><V90/><F63/><N who="3" m="36231" /><G9/><T88/><REACH who="0" step="1"/><D79/><REACH who="0" ten="241,250,175,324" step="2"/><U47/><E38/><V120/><REACH who="2" step="1"/><F120/><REACH who="2" ten="241,250,165,324" step="2"/><W77/><G77/><T76/><D76/><U98/><E32/><V42/><F42/><W66/><G66/><AGARI ba="0,2" hai="16,21,24,58,62,66,84,90,93,100,102" m="31744" machi="66" ten="70,18000,2" yaku="1,1,18,1,52,1,54,1,53,3" doraHai="50,82" doraHaiUra="87,96" who="2" fromWho="3" sc="241,0,250,0,165,200,324,-180" /><INIT seed="2,1,0,5,0,23" ten="241,250,365,144" oya="2" hai0="47,31,35,123,133,91,46,8,75,112,0,37,52" hai1="104,33,106,57,67,114,96,122,115,81,102,129,103" hai2="78,119,11,90,134,71,82,105,86,20,128,4,131" hai3="124,15,2,53,109,34,130,56,92,126,80,25,85"/><V1/><F119/><W42/><G2/><T116/><D112/><U3/><E122/><V38/><F105/><W51/><G109/><T87/><D123/><U66/><E3/><V58/><F71/><W64/><G130/><N who="2" m="49705" /><F38/><W113/><G113/><T54/><D75/><U98/><E129/><V70/><F70/><W101/><G42/><T21/><D35/><U28/><E81/><V49/><F134/><W9/><G64/><T121/><D121/><U107/><E107/><V74/><F20/><W108/><G108/><T94/><D133/><U24/><REACH who="1" step="1"/><E67/><REACH who="1" ten="241,240,365,144" step="2"/><V10/><F1/><W5/><G92/><T135/><D135/><U40/><E40/><V117/><F117/><W120/><G120/><T39/><D116/><U29/><E29/><V55/><F4/><W84/><G80/><AGARI ba="1,1" hai="10,11,49,55,58,74,78,80,82,86,90" m="49705" machi="80" ten="30,1500,0" yaku="19,1" doraHai="23" who="2" fromWho="3" sc="241,0,240,0,365,28,144,-18" /><INIT seed="2,2,0,1,1,134" ten="241,240,393,126" oya="2" hai0="113,79,124,65,27,129,77,131,21,38,74,29,85" hai1="101,94,31,2,22,60,45,48,7,99,41,66,105" hai2="40,18,102,43,120,64,96,118,73,93,61,25,70" hai3="14,5,122,11,84,133,32,87,88,81,30,97,36"/><V68/><F118/><W110/><G133/><T6/><D113/><U10/><E105/><V4/><F120/><W92/><G122/><T111/><D38/><U127/><E31/><V95/><F73/><W112/><G110/><T44/><D111/><U39/><E22/><V90/><F70/><W83/><G112/><T121/><D121/><U128/><E128/><V46/><F4/><W13/><G36/><T135/><D135/><U69/><REACH who="1" step="1"/><E39/><REACH who="1" ten="241,230,393,126" step="2"/><V51/><F25/><W116/><G116/><T72/><D21/><U52/><E52/><V125/><F40/><W76/><G30/><T91/><D29/><U63/><E63/><V20/><F20/><W9/><G32/><T59/><D27/><U24/><E24/><V17/><F61/><W15/><REACH who="3" step="1"/><G11/><REACH who="3" ten="241,230,393,116" step="2"/><T106/><D129/><U34/><E34/><V55/><F43/><W67/><G67/><T37/><D65/><U26/><E26/><V130/><F64/><W58/><G58/><T82/><D59/><U19/><E19/><V107/><F130/><W8/><G8/><T35/><D35/><U126/><AGARI ba="2,2" hai="2,7,10,41,45,48,60,66,69,94,99,101,126,127" machi="126" ten="30,7900,0" yaku="1,1,0,1,52,2,53,0" doraHai="134" doraHaiUra="104" who="1" fromWho="1" sc="241,-22,230,105,393,-41,116,-22" /><INIT seed="3,0,0,5,4,49" ten="219,335,352,94" oya="3" hai0="75,39,40,115,63,7,62,56,121,117,114,3,112" hai1="71,96,29,100,17,82,43,104,92,83,42,108,26" hai2="67,110,38,19,88,116,131,44,53,91,81,54,70" hai3="107,118,22,93,80,65,119,126,89,90,64,84,85"/><W113/><G107/><T94/><D121/><U102/><E108/><V125/><F116/><W103/><G103/><T86/><D117/><U47/><E71/><V28/><F110/><W0/><G0/><T55/><D75/><U27/><E104/><V46/><F28/><W98/><G113/><T122/><D122/><U69/><E69/><V6/><F6/><W76/><G126/><T48/><D7/><U9/><E102/><V78/><F125/><W99/><G118/><T133/><D3/><U106/><E106/><V58/><F70/><W11/><G119/><T18/><D18/><U59/><E59/><V1/><F1/><W45/><G11/><T130/><D130/><U32/><E42/><V37/><F131/><W101/><G98/><T111/><D111/><U31/><E17/><V128/><F128/><W25/><G45/><N who="2" m="17513" /><F37/><W95/><REACH who="3" step="1"/><G76/><REACH who="3" ten="219,335,352,84" step="2"/><T105/><D105/><U8/><E8/><V124/><F78/><W97/><G97/><T34/><D112/><U36/><E9/><V30/><F124/><W51/><G51/><T109/><D109/><U15/><E96/><V21/><F38/><W2/><G2/><T23/><D39/><U14/><E100/><V66/><F91/><W5/><G5/><T10/><D10/><U73/><E36/><V132/><F88/><W35/><G35/><T77/><D34/><U135/><E32/><V127/><F127/><W24/><G24/><T52/><D77/><U13/><E27/><V33/><F33/><W16/><AGARI ba="0,1" hai="16,22,25,64,65,80,84,85,89,90,93,95,99,101" machi="16" ten="20,12000,1" yaku="1,1,0,1,7,1,8,1,54,1,53,0" doraHai="49" doraHaiUra="57" who="3" fromWho="3" sc="219,-40,335,-40,352,-40,84,130" /><INIT seed="3,1,0,1,3,29" ten="179,295,312,214" oya="3" hai0="42,64,43,9,130,45,50,128,40,19,127,81,86" hai1="49,63,41,103,131,12,51,5,88,6,65,0,121" hai2="91,110,105,69,47,93,13,55,87,100,21,126,11" hai3="119,116,135,28,33,78,101,75,115,83,102,125,109"/><W53/><G115/><T2/><D127/><U27/><E121/><V44/><F126/><W111/><G125/><T72/><D72/><U82/><E0/><V54/><F110/><N who="3" m="41995" /><G53/><T99/><D64/><U48/><E103/><N who="3" m="39434" /><G135/><T74/><D74/><U14/><E131/><N who="0" m="50217" /><D99/><U108/><E108/><V124/><F124/><W59/><G59/><T3/><D19/><U7/><E41/><N who="0" m="15977" /><D9/><U112/><E112/><V96/><F55/><W56/><G56/><T35/><D35/><U20/><E65/><V92/><F54/><W60/><G60/><T1/><D1/><U104/><E63/><V133/><F69/><W37/><G37/><T107/><D107/><U36/><E104/><V85/><F105/><W132/><G132/><T4/><D4/><U123/><E36/><V23/><F133/><W77/><G28/><T58/><D58/><U120/><E123/><V66/><F66/><W10/><G10/><T39/><D39/><U8/><E120/><V113/><F113/><W118/><G33/><T95/><D95/><U79/><E8/><V15/><F11/><W38/><G38/><T97/><D97/><U24/><E6/><V62/><F62/><W26/><G26/><T89/><AGARI ba="1,0" hai="2,3,43,45,50,81,86,89" m="15977,50217" machi="89" ten="30,1100,0" yaku="19,1" doraHai="29" who="0" fromWho="0" sc="179,14,295,-4,312,-4,214,-6" /><INIT seed="4,0,0,1,3,18" ten="193,291,308,208" oya="0" hai0="51,68,79,26,125,95,98,106,115,94,60,120,81" hai1="55,73,36,74,123,3,102,112,13,132,12,88,90" hai2="19,111,84,21,78,28,103,116,33,93,65,49,113" hai3="58,54,135,92,30,62,4,105,70,56,133,117,108"/><T83/><D120/><U77/><E36/><V9/><F116/><W124/><G105/><T63/><D115/><U61/><E3/><V53/><F111/><W43/><G108/><T87/><D125/><U122/><E112/><V57/><F113/><W46/><G117/><T101/><D51/><U37/><E37/><V10/><F33/><W59/><G124/><T5/><D5/><U17/><E102/><V99/><F28/><W20/><G4/><T52/><D26/><U22/><E132/><N who="3" m="50762" /><G92/><T39/><D39/><U72/><E77/><V64/><F78/><W6/><G6/><T118/><D118/><U38/><E12/><N who="2" m="9447" /><F84/><W82/><G82/><T11/><D11/><AGARI ba="0,0" hai="9,10,11,49,53,57,64,65,93,99,103" m="9447" machi="11" ten="30,2000,0" yaku="8,1,52,1" doraHai="18" who="2" fromWho="0" sc="193,-20,291,0,308,20,208,0" /><INIT seed="5,0,0,0,4,29" ten="173,291,328,208" oya="1" hai0="9,56,74,115,2,80,107,46,77,96,34,89,27" hai1="36,42,53,113,132,16,40,100,127,67,110,62,93" hai2="85,12,131,57,44,114,103,134,47,76,41,81,21" hai3="135,99,61,20,49,19,38,90,13,60,75,6,111"/><U128/><E100/><V59/><F134/><W133/><G38/><T37/><D115/><U78/><E78/><V8/><F131/><W26/><G75/><T28/><D56/><N who="1" m="37319" /><E93/><V72/><F114/><W130/><G111/><T43/><D89/><U54/><E113/><V129/><F129/><W7/><G130/><T91/><D91/><U65/><E128/><V15/><F72/><W11/><G6/><N who="0" m="1239" /><D96/><U126/><E16/><N who="2" m="10399" /><F103/><W52/><G135/><T5/><D5/><U73/><E73/><V108/><F108/><W87/><G99/><T112/><D112/><U63/><E110/><V23/><F23/><W123/><G123/><T88/><D88/><U4/><E132/><V66/><F41/><N who="1" m="15977" /><E4/><N who="2" m="3079" /><F66/><W124/><G124/><N who="1" m="47658" /><E36/><V105/><F105/><AGARI ba="0,0" hai="27,28,34,37,43,46,74,77,80,105,107" m="1239" machi="105" ten="30,7700,0" yaku="25,1,33,2,52,1" doraHai="29" who="0" fromWho="2" sc="173,77,291,0,328,-77,208,0" /><INIT seed="6,0,0,4,4,110" ten="250,291,251,208" oya="2" hai0="98,56,131,16,50,14,40,119,100,55,87,13,43" hai1="46,32,88,11,60,7,49,121,54,37,24,69,105" hai2="99,22,120,47,48,93,9,80,71,31,65,39,30" hai3="117,106,104,1,51,3,67,27,36,28,75,21,57"/><V70/><F120/><W96/><G117/><T132/><D119/><U101/><E121/><V73/><F39/><W108/><G108/><T95/><D131/><U111/><E111/><V25/><F31/><W77/><G36/><T94/><D132/><U0/><E37/><V29/><F29/><W18/><G75/><T114/><D114/><U91/><E32/><V84/><F65/><W41/><G77/><T74/><D74/><U10/><E24/><V5/><F73/><W124/><G124/><T112/><D112/><U35/><E35/><V23/><F23/><W116/><G116/><T130/><D14/><U85/><E11/><V127/><F127/><W26/><G41/><T64/><D64/><U109/><E109/><V103/><F9/><W133/><G133/><T52/><D55/><U102/><E105/><V53/><REACH who="2" step="1"/><F5/><REACH who="2" ten="250,291,241,208" step="2"/><W79/><G79/><AGARI ba="0,1" hai="22,25,30,47,48,53,70,71,79,80,84,93,99,103" machi="79" ten="30,5800,0" yaku="1,1,2,1,7,1,53,0" doraHai="110" doraHaiUra="126" who="2" fromWho="3" sc="250,0,291,0,241,68,208,-58" /><INIT seed="6,1,0,1,3,109" ten="250,291,309,150" oya="2" hai0="34,63,66,120,122,18,114,91,20,80,103,41,121" hai1="50,99,21,25,42,39,1,115,126,89,87,94,79" hai2="33,65,11,131,69,78,19,112,10,81,125,13,17" hai3="129,48,75,102,130,58,56,108,67,104,86,128,2"/><V132/><F132/><W49/><G108/><T95/><D34/><U32/><E1/><V3/><F33/><W46/><G75/><T55/><D41/><U105/><E32/><V24/><F131/><N who="3" m="33539" /><W53/><DORA hai="4" /><G2/><T7/><D103/><U119/><E39/><V47/><F125/><W14/><G86/><T43/><D43/><U30/><E119/><V90/><F24/><W0/><G0/><T16/><D80/><N who="1" m="47519" /><E126/><V117/><F117/><W133/><G133/><T76/><D76/><U51/><E105/><V35/><F35/><W52/><G14/><T40/><D40/><U110/><E115/><V44/><F112/><W73/><G73/><T72/><D72/><U8/><E110/><V98/><F3/><W71/><G102/><T88/><D114/><U97/><E97/><V106/><F106/><W134/><G104/><T92/><D7/><U45/><E50/><N who="3" m="19562" /><G134/><T118/><D118/><U85/><E85/><V61/><F98/><W62/><G46/><T60/><D20/><U12/><E12/><V36/><F90/><W27/><G27/><T26/><D26/><U113/><E113/><V93/><F44/><W124/><G124/><T123/><D123/><U9/><AGARI ba="1,0" hai="8,9,21,25,30,42,45,51,89,94,99" m="47519" machi="9" ten="30,4000,0" yaku="8,1,52,2" doraHai="109,4" who="1" fromWho="1" sc="250,-11,291,43,309,-21,150,-11" /><INIT seed="7,0,0,5,0,30" ten="239,334,288,139" oya="3" hai0="107,6,45,122,127,102,44,110,42,39,7,99,71" hai1="114,28,73,70,61,106,103,113,86,123,46,75,63" hai2="15,97,40,48,54,132,25,66,38,64,43,8,77" hai3="83,58,59,133,24,12,94,135,5,78,49,10,62"/><W68/><G94/><T104/><D110/><U74/><E123/><V80/><F132/><N who="3" m="50763" /><G49/><T31/><D122/><U1/><E1/><V55/><F97/><W22/><G68/><T84/><D71/><U96/><E28/><V101/><F101/><W92/><G92/><T95/><D127/><U65/><E61/><V33/><F66/><W0/><G0/><T134/><D134/><U16/><E16/><V121/><F64/><W19/><G62/><T17/><D31/><U35/><E35/><V129/><F121/><W119/><G119/><T89/><D107/><U23/><E23/><V41/><F38/><W126/><G126/><T13/><D45/><U79/><E46/><V88/><F48/><W124/><G124/><T51/><D39/><U34/><E34/><V128/><F33/><W20/><G22/><AGARI ba="0,0" hai="6,7,13,17,22,42,44,51,84,89,95,99,102,104" machi="22" ten="30,1000,0" yaku="7,1" doraHai="30" who="0" fromWho="3" sc="239,10,334,0,288,0,139,-10" owari="249,-15.0,334,43.0,288,9.0,129,-37.0" /></mjloggm>