<mjloggm ver="2.3"><GO type="41"/><UN n0="%E3%82%A6%E3%83%AB%E3%83%88%E3%83%A9%E7%AB%8B%E7%9B%B4" n1="%E5%A3%B2%E3%82%8A%E3%81%A7%E3%80%82" n2="%E8%88%9E%E6%AB%BB" n3="%E2%98%85%E5%A4%9C%E5%B8%82%E2%98%85" dan="15,14,13,13" rate="1997,1928,1819,1906" sx="M,M,M,M"/><TAIKYOKU oya="0"/><INIT seed="0,0,0,0,3,48" ten="250,250,250,250" oya="0" hai0="50,14,112,43,29,133,32,88,41,106,58,123,108" hai1="84,60,118,125,55,109,6,132,100,95,19,126,81" hai2="40,67,101,42,117,110,63,5,21,7,72,52,28" hai3="71,105,20,11,59,3,24,75,89,35,76,115,65"/><T37/><D106/><U128/><E118/><V10/><F117/><W87/><G105/><T78/><D123/><U113/><E6/><V121/><F72/><W70/><G35/><T49/><D78/><U90/><E109/><V31/><F110/><W119/><G119/><T116/><D108/><U83/><E113/><V17/><F121/><W135/><G115/><T47/><D116/><U30/><E30/><V68/><F101/><W33/><G33/><T8/><D112/><U25/><E132/><V1/><F7/><W0/><G135/><T26/><D133/><U46/><E128/><V127/><F127/><N who="1" m="48649" /><E100/><V80/><F80/><W111/><G111/><T79/><D79/><U45/><E45/><V39/><F40/><W34/><G34/><T22/><D32/><U98/><E84/><V69/><F42/><W129/><G129/><T99/><D43/><U13/><E25/><V131/><F39/><W91/><G71/><T122/><D122/><U56/><E46/><V94/><F94/><W38/><G38/><T4/><REACH who="0" step="1"/><D58/><REACH who="0" ten="240,250,250,250" step="2"/><U74/><E74/><V93/><F69/><W102/><G59/><T120/><D120/><U86/><E98/><V73/><F131/><W64/><G75/><T62/><D62/><U107/><E107/><V23/><F73/><W18/><G76/><T104/><D104/><U61/><E61/><V66/><F68/><W57/><G57/><T130/><D130/><U134/><E134/><V97/><F63/><W15/><G70/><T96/><D96/><U82/><E60/><V114/><F97/><W85/><G85/><T9/><D9/><RYUUKYOKU ba="0,1" sc="240,30,250,-10,250,-10,250,-10" hai0="4,8,14,22,26,29,37,41,47,49,50,88,99" /><INIT seed="0,1,1,1,4,58" ten="270,240,240,240" oya="0" hai0="46,54,13,49,74,66,45,51,95,94,91,61,111" hai1="19,37,60,9,125,24,93,6,88,109,15,90,63" hai2="118,38,2,68,113,89,131,41,1,32,129,116,132" hai3="80,8,119,70,98,123,5,99,30,20,40,82,55"/><T76/><D111/><U112/><E37/><V69/><F89/><W62/><G119/><N who="2" m="45609" /><F41/><W128/><G123/><T56/><D74/><U92/><E109/><V48/><F48/><W73/><G128/><N who="2" m="49225" /><F38/><W110/><G110/><T53/><D76/><U25/><E125/><V124/><F32/><W84/><G73/><T43/><D13/><N who="1" m="5303" /><E112/><V26/><F124/><W0/><G40/><N who="0" m="24743" /><D94/><N who="1" m="36459" /><E25/><V134/><F26/><W102/><G102/><T81/><D81/><U22/><E24/><V107/><F107/><W50/><G82/><T59/><D59/><U101/><E101/><V135/><F1/><W28/><G28/><T126/><D126/><U31/><E31/><V127/><F2/><W79/><G20/><T18/><D18/><U120/><E120/><V65/><F65/><W85/><G85/><AGARI ba="1,1" hai="43,46,51,53,54,56,61,66,85,91,95" m="24743" machi="85" ten="30,2900,0" yaku="8,1,52,1" doraHai="58" who="0" fromWho="3" sc="270,42,240,0,240,0,240,-32" /><INIT seed="0,2,0,3,5,18" ten="312,240,240,208" oya="0" hai0="78,71,51,112,47,49,125,60,57,113,74,119,105" hai1="110,70,82,81,121,24,100,131,41,73,33,69,103" hai2="72,17,56,87,89,95,97,135,58,64,65,61,40" hai3="28,30,99,93,86,44,62,34,19,37,128,23,50"/><T10/><D105/><U36/><E121/><V122/><F122/><W124/><G37/><T15/><D119/><U109/><E131/><V107/><F135/><W108/><G108/><N who="1" m="41578" /><E41/><V2/><F2/><W52/><G128/><T4/><D71/><N who="1" m="27147" /><E36/><V5/><F5/><W29/><G124/><T134/><D125/><U123/><E123/><V13/><F72/><W129/><G129/><T26/><D134/><U126/><E126/><V96/><F40/><N who="3" m="24839" /><G86/><T54/><D51/><U9/><E9/><V45/><F45/><W120/><G34/><T104/><D104/><U90/><E90/><V117/><F107/><W25/><G120/><T16/><D74/><U48/><E48/><V118/><F117/><W132/><G132/><T75/><D75/><U127/><E127/><V14/><F118/><W85/><G85/><T43/><D78/><N who="1" m="44239" /><E82/><V67/><F14/><W8/><G8/><T91/><D91/><U20/><E33/><V6/><F6/><W42/><G42/><T77/><D77/><U114/><E114/><V115/><F115/><W94/><G94/><T22/><AGARI ba="2,0" hai="4,10,15,16,22,26,43,47,49,54,57,60,112,113" machi="22" ten="30,6000,0" yaku="0,1,52,1,54,1" doraHai="18" who="0" fromWho="0" sc="312,66,240,-22,240,-22,208,-22" /><INIT seed="0,3,0,0,5,124" ten="378,218,218,186" oya="0" hai0="66,20,103,131,19,116,135,102,101,88,112,92,33" hai1="18,38,67,125,13,47,114,30,108,85,133,71,87" hai2="99,121,109,86,50,29,77,59,123,93,21,110,97" hai3="81,89,104,54,6,11,70,90,23,132,94,64,95"/><T128/><D33/><U72/><E72/><V76/><F29/><W120/><G104/><T32/><D32/><U129/><E30/><V117/><F21/><W57/><G132/><T27/><D112/><U96/><E133/><V60/><F50/><W5/><G120/><T55/><D135/><U40/><E125/><V25/><F25/><W9/><G70/><T34/><D34/><U44/><E44/><V78/><F59/><W35/><G35/><T84/><D116/><U65/><E114/><V98/><F60/><W16/><G64/><T41/><D41/><U2/><E2/><V74/><F117/><W49/><G81/><T53/><D66/><U7/><E7/><V12/><F74/><W10/><G90/><T26/><REACH who="0" step="1"/><D27/><REACH who="0" ten="368,218,218,186" step="2"/><U46/><E67/><V1/><F1/><W3/><G3/><T83/><D83/><U75/><E65/><V0/><F0/><W126/><G126/><T134/><D134/><U106/><E40/><V51/><F12/><N who="3" m="9607" /><G95/><T127/><D127/><U37/><E71/><V68/><F68/><W62/><G94/><T80/><D80/><U91/><E106/><V107/><F107/><W119/><G119/><T115/><D115/><U42/><E42/><V58/><F93/><W122/><G122/><T111/><D111/><U105/><E108/><V61/><F123/><W17/><G5/><T31/><D31/><U4/><E105/><V100/><F121/><W43/><G6/><T28/><D28/><U73/><E4/><V45/><F110/><W56/><G43/><T39/><D39/><U63/><E38/><V130/><F109/><RYUUKYOKU ba="3,1" sc="368,30,218,-10,218,-10,186,-10" hai0="19,20,26,53,55,84,88,92,101,102,103,128,131" /><INIT seed="0,4,1,3,0,74" ten="398,208,208,176" oya="0" hai0="128,107,0,36,55,127,117,90,68,48,58,134,3" hai1="16,111,44,115,45,63,70,47,22,31,15,13,118" hai2="110,59,119,64,79,132,120,53,96,105,72,86,25" hai3="104,49,24,66,29,116,85,102,57,93,7,91,129"/><T6/><D107/><U51/><E118/><V34/><F120/><W124/><G129/><T27/><D117/><U60/><E111/><V99/><F119/><W77/><G124/><T54/><D127/><U30/><E115/><V41/><F110/><W46/><G116/><T11/><D128/><U14/><E70/><V78/><F72/><W18/><G7/><T95/><D36/><U76/><E76/><N who="2" m="29227" /><F105/><W83/><G66/><T33/><D68/><U40/><E63/><N who="2" m="38015" /><F34/><W87/><G57/><T69/><D69/><U126/><E126/><V97/><F41/><W89/><G18/><T109/><D109/><U92/><E60/><V61/><F132/><W4/><G4/><T21/><D33/><U133/><E133/><V37/><F37/><W80/><G104/><T17/><D134/><U113/><E113/><V75/><F75/><W1/><G1/><T5/><D55/><U84/><E40/><V8/><F8/><W98/><G29/><N who="1" m="10762" /><E51/><V123/><F123/><W71/><G71/><T106/><D106/><U81/><E81/><V56/><F86/><W32/><G32/><T12/><D5/><U101/><E84/><AGARI ba="4,1" hai="0,3,6,11,12,17,21,27,48,54,58,84,90,95" machi="84" ten="30,1500,0" yaku="7,1" doraHai="74" who="0" fromWho="1" sc="398,37,208,-27,208,0,176,0" /><INIT seed="0,5,0,2,2,79" ten="435,181,208,176" oya="0" hai0="83,34,70,30,48,87,59,11,119,8,117,17,82" hai1="118,27,25,129,73,50,105,12,57,74,110,86,37" hai2="0,95,101,23,61,38,60,2,43,33,127,89,108" hai3="21,123,125,55,104,99,13,76,54,46,121,1,134"/><T44/><D70/><U53/><E110/><V32/><F108/><W10/><G134/><T24/><D59/><U88/><E118/><V9/><F127/><W124/><G76/><T115/><D115/><U66/><E73/><V135/><F32/><W3/><G104/><T19/><D117/><U78/><E105/><V51/><F33/><W102/><G102/><T85/><D119/><U40/><E74/><V36/><F135/><W122/><G99/><T84/><D34/><U128/><E78/><V16/><F36/><W49/><G55/><T131/><D131/><N who="1" m="50251" /><E12/><V116/><F38/><W103/><G103/><T35/><D35/><U120/><E120/><V109/><F116/><W75/><G75/><T26/><D30/><U7/><E7/><V80/><F109/><W98/><G98/><T6/><D6/><U107/><E107/><V130/><F0/><W18/><REACH who="3" step="1"/><G10/><REACH who="3" ten="435,181,208,166" step="2"/><T39/><D11/><U31/><E66/><V67/><F130/><W97/><G97/><T93/><D8/><U91/><E53/><V52/><F101/><W92/><G92/><T133/><D93/><U62/><E40/><V106/><F106/><W65/><G65/><T96/><D133/><U41/><E41/><V4/><F67/><W63/><G63/><T14/><D96/><U71/><E91/><V64/><F64/><W20/><G20/><T100/><D100/><U29/><E88/><V126/><F43/><W111/><G111/><T5/><D85/><U58/><E62/><V68/><F60/><W72/><G72/><T90/><D87/><U42/><E86/><V56/><F61/><RYUUKYOKU ba="5,1" sc="435,-10,181,-10,208,-10,166,30" hai3="1,3,13,18,21,46,49,54,121,122,123,124,125" /><INIT seed="1,6,1,1,5,112" ten="425,171,198,196" oya="1" hai0="42,108,77,40,31,2,61,71,124,118,62,3,94" hai1="33,44,84,91,26,87,88,130,121,19,111,13,27" hai2="69,113,15,66,97,54,65,72,45,110,100,86,29" hai3="30,8,14,85,115,93,1,0,119,36,60,58,50"/><U52/><E121/><V95/><F113/><W70/><G115/><T24/><D77/><U122/><E122/><V89/><F72/><W39/><G70/><T10/><D94/><N who="1" m="54535" /><E130/><V120/><F120/><W4/><G39/><T129/><D42/><U48/><E33/><V17/><F110/><W35/><G36/><T90/><D40/><U82/><E111/><V37/><F69/><W78/><G119/><T11/><D118/><U92/><E92/><V6/><F29/><W57/><G35/><T68/><D90/><U75/><E75/><V133/><F6/><W67/><G30/><T9/><D108/><U126/><E126/><V125/><F133/><W105/><G105/><T131/><D124/><U49/><E48/><N who="2" m="28943" /><F125/><W103/><G103/><T63/><D68/><U41/><E41/><V22/><F37/><W99/><G99/><T55/><D71/><U23/><AGARI ba="6,1" hai="13,19,23,26,27,44,49,52,82,87,91" m="54535" machi="23" ten="30,6000,0" yaku="8,1,54,2" doraHai="112" who="1" fromWho="1" sc="425,-26,171,88,198,-26,196,-26" /><INIT seed="1,7,0,0,2,8" ten="399,259,172,170" oya="1" hai0="108,6,94,75,2,45,56,98,127,15,13,21,44" hai1="118,80,27,82,100,99,40,24,61,68,55,57,89" hai2="95,18,133,3,35,87,32,11,76,92,37,58,1" hai3="14,119,28,29,63,54,22,65,113,117,72,103,112"/><U90/><E118/><N who="3" m="45066" /><G72/><T38/><D75/><U93/><E68/><V41/><F133/><W105/><G105/><T77/><D77/><U26/><E40/><V12/><F32/><W51/><G103/><T46/><D38/><U33/><E33/><V70/><F35/><W7/><G29/><T16/><D127/><U39/><E39/><V96/><F70/><N who="3" m="42303" /><G28/><T62/><D108/><U81/><AGARI ba="7,0" hai="24,26,27,55,57,61,80,81,82,89,90,93,99,100" machi="81" ten="30,3000,0" yaku="0,1,8,1" doraHai="8" who="1" fromWho="1" sc="399,-17,259,51,172,-17,170,-17" /><INIT seed="1,8,0,2,4,10" ten="382,310,155,153" oya="1" hai0="115,17,52,105,12,38,113,58,26,121,124,101,54" hai1="19,88,132,55,85,45,125,40,95,131,36,70,6" hai2="79,117,67,93,9,43,96,57,134,102,75,49,73" hai3="21,81,4,72,97,18,92,69,11,127,61,111,37"/><U94/><E70/><V50/><F117/><W3/><G111/><T29/><D38/><U114/><E114/><V46/><F134/><W91/><G127/><T44/><D124/><U109/><E131/><V76/><F73/><W0/><G37/><T112/><D121/><U129/><E125/><V5/><F75/><W130/><G130/><T31/><D105/><U53/><E129/><V32/><F32/><W14/><G69/><T13/><D101/><U48/><E109/><V39/><F39/><W122/><G122/><T71/><D71/><U80/><E6/><V47/><F47/><W66/><G66/><T15/><D44/><U22/><E132/><V16/><F5/><W133/><G133/><T1/><D1/><U116/><E116/><V68/><F68/><W86/><G61/><T7/><D7/><U83/><E95/><V77/><F77/><W24/><REACH who="3" step="1"/><G72/><REACH who="3" ten="382,310,155,143" step="2"/><T128/><D128/><U25/><REACH who="1" step="1"/><E55/><REACH who="1" ten="382,300,155,143" step="2"/><V62/><F49/><W107/><G107/><T89/><D54/><U82/><E82/><V87/><REACH who="2" step="1"/><F87/><REACH who="2" ten="382,300,145,143" step="2"/><W59/><G59/><AGARI ba="8,3" hai="19,22,25,36,40,45,48,53,59,80,83,85,88,94" machi="59" ten="30,5800,0" yaku="1,1,7,1,54,1,53,0" doraHai="10" doraHaiUra="106" who="1" fromWho="3" sc="382,0,300,112,145,0,143,-82" /><INIT seed="1,9,0,3,1,32" ten="382,412,145,61" oya="1" hai0="91,133,54,7,76,99,18,12,56,11,104,118,97" hai1="128,126,5,53,117,110,29,0,78,116,66,121,101" hai2="88,16,82,95,81,51,20,38,80,52,84,127,130" hai3="55,120,22,111,61,72,4,98,35,47,34,71,77"/><U89/><E121/><V58/><F38/><W96/><G120/><T65/><D118/><U105/><E29/><V90/><F130/><W115/><G115/><T24/><D76/><U37/><E66/><V2/><F127/><W23/><G111/><T49/><D104/><U48/><E37/><V46/><F46/><W30/><G72/><T131/><D131/><U75/><E128/><V1/><F90/><W123/><G123/><T109/><D109/><U33/><E33/><V85/><F85/><W64/><G35/><T15/><D24/><U27/><E89/><V28/><F28/><W67/><G67/><T6/><D133/><U59/><E27/><V87/><REACH who="2" step="1"/><F84/><REACH who="2" ten="382,412,135,61" step="2"/><W31/><G30/><T103/><D91/><U60/><E126/><V102/><F102/><W107/><G31/><T108/><D103/><U129/><E101/><V70/><F70/><W119/><G71/><T68/><D108/><U92/><E129/><V17/><F17/><W10/><G47/><T45/><D68/><U19/><E19/><V14/><AGARI ba="9,1" hai="1,2,14,16,20,51,52,58,80,81,82,87,88,95" machi="14" ten="30,16000,3" yaku="1,1,0,1,25,2,52,2,54,3,53,0" doraHai="32" doraHaiUra="132" who="2" fromWho="2" sc="382,-49,412,-89,135,197,61,-49" /><INIT seed="2,0,0,4,1,8" ten="333,323,332,12" oya="2" hai0="110,11,90,100,108,103,62,68,92,53,24,38,37" hai1="105,128,44,5,29,33,7,109,0,21,36,26,1" hai2="83,104,99,43,46,56,115,18,82,119,32,94,80" hai3="76,72,59,130,49,85,15,50,89,2,71,66,63"/><V79/><F115/><W48/><G2/><T20/><D11/><U58/><E105/><V118/><F104/><W117/><G130/><T97/><D68/><U52/><E128/><V16/><F32/><W61/><G117/><T132/><D132/><U120/><E1/><V74/><F118/><W124/><G124/><T73/><D73/><U129/><E129/><V125/><F119/><W127/><G127/><T6/><D6/><U91/><E0/><V64/><F125/><W131/><G131/><T10/><D10/><U23/><E33/><V3/><F3/><W57/><G72/><T28/><D53/><U4/><E109/><N who="0" m="42089" /><D62/><N who="1" m="36167" /><E36/><AGARI ba="0,0" hai="20,24,28,36,37,38,90,92,97,100,103" m="42089" machi="36" ten="30,1000,0" yaku="14,1" doraHai="8" who="0" fromWho="1" sc="333,10,323,-10,332,0,12,0" /><INIT seed="3,0,0,3,0,11" ten="343,313,332,12" oya="3" hai0="50,118,116,23,93,78,70,106,128,66,120,1,27" hai1="132,83,48,10,131,85,103,6,135,94,117,12,77" hai2="73,111,21,133,51,59,99,33,37,24,102,90,32" hai3="119,126,100,65,45,20,22,81,14,64,82,108,17"/><W35/><G119/><T63/><D1/><U34/><E34/><V97/><F37/><W71/><G35/><T79/><D106/><U74/><E131/><V44/><F73/><W15/><G71/><T18/><D120/><U113/><E113/><V88/><F133/><N who="1" m="51273" /><E117/><V57/><F111/><W16/><G100/><T109/><D109/><U42/><E103/><V25/><F102/><W72/><G108/><T62/><D128/><U61/><E61/><N who="0" m="23049" /><D66/><N who="3" m="25705" /><G72/><T5/><D70/><U95/><E74/><V134/><F134/><W38/><G126/><T92/><D5/><U56/><E56/><V98/><F21/><N who="3" m="8299" /><G38/><T121/><D121/><U2/><E2/><V110/><F110/><W105/><G105/><T54/><D116/><U40/><E40/><V130/><F130/><W114/><G114/><T127/><D127/><U7/><E7/><V36/><F36/><W9/><G45/><AGARI ba="0,0" hai="6,10,12,42,45,48,77,83,85,94,95" m="51273" machi="45" ten="30,3900,0" yaku="25,1,20,1,52,1" doraHai="11" who="1" fromWho="3" sc="343,0,313,39,332,0,12,-39" owari="343,14.0,352,46.0,332,-7.0,-27,-53.0" /></mjloggm>