<mjloggm ver="2.3"><GO type="41"/><UN n0="%EF%BC%88%E2%89%A7%E2%96%BD%E2%89%A6%EF%BC%89" n1="%E6%B0%B4%E6%9C%88%E9%8F%A1%E8%8A%B1" n2="%6E%61%6B%6B%61%6E" n3="%E3%81%86%E3%81%99%E3%81%82%E3%81%98" dan="13,15,13,13" rate="1984,1981,1829,1812" sx="M,F,M,M"/><TAIKYOKU oya="0"/><INIT seed="0,0,0,0,1,19" ten="250,250,250,250" oya="0" hai0="51,4,77,67,94,119,103,135,110,32,37,122,108" hai1="81,9,107,89,118,48,30,16,71,134,79,78,56" hai2="25,121,1,54,75,62,87,116,74,95,106,50,15" hai3="61,39,17,125,84,105,13,63,22,23,109,83,92"/><T27/><D37/><U24/><E118/><V40/><F106/><W47/><G105/><T46/><D119/><U2/><E71/><V5/><F1/><W102/><G125/><T86/><D122/><U6/><E107/><V133/><F121/><W85/><G109/><N who="0" m="42091" /><D135/><U90/><E134/><V7/><F74/><W132/><G132/><T8/><D67/><U31/><E31/><V34/><F75/><W52/><G39/><T111/><D111/><U43/><E79/><V97/><F87/><W80/><G102/><T120/><D120/><U126/><E126/><V93/><F93/><W41/><G92/><T21/><D32/><U73/><E16/><V59/><F133/><W69/><G69/><T38/><D38/><U45/><REACH who="1" step="1"/><E56/><REACH who="1" step="2"/><V127/><F127/><W66/><G66/><T28/><D77/><U115/><E115/><V18/><F59/><W12/><G41/><T98/><D86/><U88/><E88/><V124/><F40/><W44/><G17/><T100/><D100/><U131/><E131/><V101/><F18/><W64/><REACH who="3" step="1"/><G64/><REACH who="3" step="2"/><T58/><D58/><U117/><E117/><V70/><F124/><W11/><G11/><T128/><D128/><U65/><E65/><V29/><F116/><W96/><G96/><T91/><D103/><U35/><AGARI ba="0,2" hai="2,6,9,24,30,35,43,45,48,73,78,81,89,90" machi="35" ten="20,5200,0" yaku="1,1,0,1,7,1,53,1" doraHai="19" doraHaiUra="76" who="1" fromWho="1" sc="250,-26,240,72,250,-13,240,-13" /><INIT seed="1,0,0,1,5,3" ten="224,312,237,227" oya="1" hai0="89,54,10,104,79,16,59,28,12,132,73,51,135" hai1="7,118,39,76,115,127,120,125,65,83,6,58,20" hai2="49,1,92,84,103,61,53,36,106,64,29,25,97" hai3="78,123,128,85,19,131,13,86,121,35,62,117,77"/><U55/><E115/><V32/><F36/><W17/><G35/><T113/><D104/><U80/><E118/><V94/><F1/><W70/><G62/><T23/><D113/><U26/><E120/><V114/><F84/><W37/><G37/><T74/><D89/><U41/><E65/><V57/><REACH who="2" step="1"/><F114/><REACH who="2" step="2"/><W48/><G117/><T2/><D79/><U21/><E76/><V66/><F66/><W122/><G122/><T110/><D110/><U91/><E39/><V40/><F40/><W81/><G13/><T8/><D2/><U15/><E41/><V11/><F11/><W102/><G123/><T27/><REACH who="0" step="1"/><D10/><REACH who="0" step="2"/><U0/><E0/><V100/><F100/><W111/><G121/><T126/><D126/><U82/><E125/><V96/><F96/><W14/><G111/><T116/><D116/><U46/><E127/><V112/><F112/><W119/><G119/><T68/><D68/><AGARI ba="0,2" hai="25,29,32,49,53,57,61,64,68,92,94,97,103,106" machi="68" ten="30,8000,1" yaku="1,1,7,1,25,2,53,1" doraHai="3" doraHaiUra="101" who="2" fromWho="0" sc="214,-80,312,0,227,100,227,0" /><INIT seed="2,0,0,4,5,114" ten="134,312,327,227" oya="2" hai0="98,20,135,120,44,91,26,35,14,108,74,125,78" hai1="101,72,123,85,42,23,87,50,86,51,77,5,117" hai2="32,40,106,25,126,92,81,134,130,8,47,53,48" hai3="9,34,16,70,102,109,31,58,3,36,95,10,107"/><V111/><F106/><W67/><G36/><T73/><D120/><U12/><E123/><V121/><F121/><W89/><G109/><T33/><D108/><U55/><E72/><V30/><F111/><W132/><G132/><T11/><D135/><U27/><E117/><V57/><F134/><W29/><G3/><T43/><D125/><U84/><E101/><V80/><F126/><W60/><G58/><T56/><D56/><U75/><E75/><V94/><F130/><W7/><G31/><T103/><D91/><U116/><E116/><V63/><F8/><W66/><G66/><T93/><D74/><U105/><E105/><V22/><F32/><W52/><G7/><T82/><D20/><U118/><E118/><V79/><REACH who="2" step="1"/><F81/><REACH who="2" step="2"/><W15/><G9/><T128/><D128/><U99/><E77/><V46/><F46/><W122/><G122/><T4/><REACH who="0" step="1"/><D26/><REACH who="0" step="2"/><U17/><E27/><V104/><F104/><W65/><G34/><T39/><AGARI ba="0,2" hai="4,11,14,33,35,39,43,44,73,78,82,93,98,103" machi="39" ten="20,8000,1" yaku="1,1,2,1,0,1,7,1,53,1" doraHai="114" doraHaiUra="96" who="0" fromWho="0" sc="124,100,312,-20,317,-40,227,-20" /><INIT seed="3,0,0,2,2,95" ten="224,292,277,207" oya="3" hai0="32,118,37,80,15,100,35,16,23,120,31,38,18" hai1="101,125,129,78,117,119,94,115,69,92,77,62,60" hai2="76,96,24,61,82,56,28,5,39,65,48,25,121" hai3="99,7,11,93,4,30,41,40,75,83,52,27,102"/><W46/><G75/><T122/><D118/><N who="1" m="45067" /><E115/><V12/><F39/><W66/><G66/><T86/><D100/><U89/><E129/><V131/><F131/><W6/><G83/><T84/><D31/><U85/><E125/><V3/><F3/><W108/><G108/><T103/><D103/><U8/><E8/><V74/><F121/><W64/><G64/><T130/><D130/><U9/><E9/><V91/><F48/><W111/><G111/><T55/><D55/><U87/><E69/><V29/><F29/><W123/><G123/><T17/><D17/><U133/><E133/><V53/><F28/><W1/><G7/><T73/><D80/><U113/><E113/><V128/><F128/><W33/><G6/><T88/><D73/><U79/><E101/><V116/><F116/><W112/><REACH who="3" step="1"/><G112/><REACH who="3" step="2"/><T34/><D122/><U106/><E106/><V71/><F5/><W44/><G44/><T126/><D120/><U19/><E92/><V59/><F65/><W114/><G114/><T54/><D126/><U42/><E94/><V109/><F109/><W26/><G26/><T51/><D34/><U13/><E13/><V50/><F25/><W21/><G21/><N who="0" m="11423" /><D35/><U110/><E110/><V63/><F12/><W104/><G104/><T20/><D32/><U132/><E132/><V81/><F24/><W0/><G0/><T45/><D23/><U58/><E58/><V90/><F59/><W47/><G47/><T134/><D134/><U14/><E14/><V70/><F56/><W49/><AGARI ba="0,1" hai="1,4,11,27,30,33,40,41,46,49,52,93,99,102" machi="49" ten="30,11700,0" yaku="1,1,0,1,52,1,54,1,53,0" doraHai="95" doraHaiUra="10" who="3" fromWho="3" sc="224,-39,292,-39,277,-39,197,127" /><INIT seed="3,1,0,0,4,27" ten="185,253,238,324" oya="3" hai0="134,32,22,9,55,59,94,114,30,19,36,83,127" hai1="15,92,71,123,81,26,132,62,129,4,93,99,1" hai2="64,69,58,56,6,5,23,46,33,122,111,49,112" hai3="115,133,70,101,34,103,35,12,57,131,89,54,45"/><W68/><G115/><T88/><D36/><U29/><E123/><V8/><F33/><W110/><G45/><T80/><D114/><U0/><E15/><V108/><F112/><W118/><G118/><T130/><D130/><U104/><E81/><V16/><F122/><W77/><G77/><T48/><D134/><U97/><E4/><N who="2" m="1643" /><F8/><W43/><G43/><T72/><D127/><U128/><E132/><V85/><F85/><W63/><G133/><T105/><D105/><U3/><E71/><V95/><F95/><N who="1" m="36425" /><E62/><V61/><F46/><W73/><G73/><T40/><D40/><U65/><E65/><V109/><F49/><W31/><G131/><N who="1" m="50250" /><E104/><V17/><F17/><W102/><G35/><AGARI ba="1,0" hai="0,1,3,26,29,35,97,99" m="50250,36425" machi="35" ten="40,2600,0" yaku="19,1,52,1" doraHai="27" who="1" fromWho="3" sc="185,0,253,29,238,0,324,-29" /><INIT seed="4,0,0,4,4,4" ten="185,282,238,295" oya="0" hai0="61,108,1,10,5,58,99,25,0,102,89,101,115" hai1="112,30,54,36,127,21,85,125,53,78,122,68,57" hai2="69,84,52,65,124,18,133,11,92,96,20,119,116" hai3="22,19,82,66,42,121,47,97,15,95,105,51,40"/><T12/><D115/><U83/><E122/><V6/><F133/><W55/><G121/><T98/><D108/><U17/><E68/><V104/><F124/><N who="1" m="47689" /><E112/><V46/><F104/><W123/><G123/><T131/><D131/><U23/><E36/><V75/><F75/><W9/><G105/><T49/><D49/><U62/><E30/><V8/><F84/><W132/><G132/><T113/><D113/><U87/><E85/><V86/><F86/><W28/><G66/><T44/><D44/><U100/><E100/><N who="2" m="60423" /><F6/><W109/><G109/><T91/><D0/><U33/><E33/><V106/><F106/><W126/><G126/><T93/><D1/><U130/><E130/><V73/><F73/><W50/><G82/><T135/><D135/><U114/><E114/><V39/><F69/><W129/><G129/><T90/><D25/><N who="1" m="14511" /><E23/><V32/><F32/><W7/><G28/><T63/><REACH who="0" step="1"/><D58/><REACH who="0" step="2"/><U71/><E71/><V26/><F65/><AGARI ba="0,1" hai="53,54,57,62,65,78,83,87" m="14511,47689" machi="65" ten="30,1000,0" yaku="18,1" doraHai="4" who="1" fromWho="2" sc="175,0,282,20,238,-10,295,0" /><INIT seed="5,0,0,5,2,125" ten="175,302,228,295" oya="1" hai0="131,53,64,27,135,57,109,8,124,69,48,20,67" hai1="51,101,96,134,80,65,13,62,100,117,29,70,77" hai2="9,97,59,132,107,31,25,90,106,91,55,11,119" hai3="126,73,22,33,10,102,35,83,45,68,86,30,76"/><U114/><E117/><V63/><F119/><W60/><G126/><T44/><D124/><U7/><E114/><V16/><F132/><W37/><G73/><T49/><D135/><U82/><E134/><V52/><F55/><W46/><G102/><T38/><D109/><U88/><E29/><V19/><F106/><W103/><G103/><T112/><D112/><U2/><E2/><V75/><F75/><W4/><G37/><T42/><D8/><N who="2" m="3146" /><F107/><W93/><G93/><T85/><D131/><U128/><E7/><V122/><F122/><W17/><G30/><T116/><D116/><U115/><E128/><V12/><F97/><W43/><G43/><T36/><D85/><U41/><E41/><V26/><F19/><W123/><G123/><T84/><D84/><U99/><E96/><V111/><F111/><W32/><G60/><N who="0" m="40071" /><D20/><U39/><E99/><V18/><F18/><W129/><G68/><T54/><D27/><N who="2" m="10250" /><F31/><W130/><G129/><T15/><D15/><U61/><E13/><V71/><F71/><W89/><G130/><T94/><D67/><U127/><E65/><V24/><N who="2" m="10258" /><V121/><DORA hai="6" /><F121/><W120/><G120/><T95/><D42/><U50/><E127/><V110/><F110/><W113/><G113/><T23/><D23/><AGARI ba="0,0" hai="12,16,23,52,59,63,90,91" m="10258,3146" machi="23" ten="30,12000,2" yaku="8,1,52,3,54,2" doraHai="125,6" who="2" fromWho="0" sc="175,-120,302,0,228,120,295,0" /><INIT seed="6,0,0,5,1,85" ten="55,302,348,295" oya="2" hai0="34,64,14,6,8,95,36,46,105,62,107,43,49" hai1="115,4,28,80,93,100,130,24,83,22,59,75,55" hai2="79,35,81,12,30,97,121,3,98,132,114,102,110" hai3="7,126,70,69,99,86,72,76,41,103,13,73,133"/><V87/><F121/><W42/><G133/><T56/><D34/><U53/><E115/><V117/><F3/><W54/><G126/><T19/><D6/><U135/><E135/><V38/><F132/><W78/><G72/><T17/><D17/><U27/><E130/><V74/><F38/><W44/><G73/><T129/><D129/><U0/><E75/><V108/><F117/><W92/><G54/><T106/><D106/><U120/><E120/><V29/><F114/><W122/><G122/><T116/><D116/><U101/><E0/><V2/><F2/><W68/><G86/><T50/><D50/><U90/><E4/><V60/><F74/><W127/><G127/><T23/><D8/><U40/><E40/><V71/><F35/><W58/><G58/><T96/><REACH who="0" step="1"/><D36/><REACH who="0" step="2"/><U88/><E28/><V89/><F29/><W77/><G7/><T113/><D113/><U66/><E22/><V119/><F30/><W94/><G13/><T33/><D33/><U84/><E24/><V112/><F12/><W25/><G25/><T51/><D51/><U10/><E27/><V131/><F112/><W125/><G125/><T124/><D124/><U61/><E10/><V67/><F131/><W91/><REACH who="3" step="1"/><G44/><REACH who="3" step="2"/><T65/><D65/><U1/><E1/><V118/><F119/><W5/><G5/><T128/><D128/><U31/><E66/><V109/><F118/><W123/><G123/><T63/><D63/><U9/><E61/><V45/><F45/><W37/><G37/><T26/><D26/><U57/><E31/><V18/><F60/><W82/><G82/><RYUUKYOKU ba="0,2" sc="45,15,302,-15,348,-15,285,15" hai0="14,19,23,43,46,49,56,62,64,95,96,105,107" hai3="41,42,68,69,70,76,77,78,91,92,94,99,103" /><INIT seed="7,1,2,5,4,127" ten="60,287,333,300" oya="3" hai0="78,57,14,44,64,104,16,70,52,116,74,118,26" hai1="81,8,3,48,40,27,96,2,100,20,87,18,67" hai2="60,110,106,49,5,86,83,109,54,102,22,129,35" hai3="111,125,88,101,89,34,9,95,91,68,97,23,123"/><W61/><G125/><T113/><D113/><U76/><E67/><V15/><F129/><W25/><G34/><T73/><D104/><U124/><E124/><V46/><F35/><W71/><G123/><T126/><D126/><U43/><E48/><V128/><F128/><W7/><G111/><T12/><D26/><U112/><E112/><V17/><F106/><W98/><G61/><T135/><D135/><U66/><E66/><V50/><F102/><W55/><G55/><T117/><D44/><U130/><E130/><V80/><F60/><W58/><G58/><T4/><D4/><U51/><E51/><V33/><F33/><W63/><G63/><T30/><D30/><U37/><E37/><V1/><F80/><W21/><G98/><T84/><D70/><U32/><E32/><V24/><F1/><W131/><G131/><T77/><D64/><U45/><E45/><V85/><F85/><W59/><G59/><T0/><D0/><U47/><E47/><V13/><F50/><W38/><G38/><T99/><D99/><U42/><REACH who="1" step="1"/><E8/><REACH who="1" step="2"/><V69/><F109/><W93/><G68/><T53/><D118/><U103/><E103/><V120/><F69/><W31/><G71/><T90/><D90/><U121/><E121/><V62/><F120/><W36/><G36/><T115/><D57/><U132/><E132/><V11/><F110/><W79/><G23/><T28/><D115/><U39/><E39/><V10/><F62/><W119/><G119/><T72/><D116/><U134/><E134/><V29/><F11/><W105/><G9/><T94/><D117/><RYUUKYOKU ba="1,3" sc="60,-10,277,30,333,-10,300,-10" hai1="2,3,18,20,27,40,42,43,76,81,87,96,100" owari="50,-45,307,11,353,45,290,-11" /></mjloggm>