<mjloggm ver="2.3"><GO type="137"/><UN n0="%EF%BC%88%E2%89%A7%E2%96%BD%E2%89%A6%EF%BC%89" n1="%E3%81%A8%E3%82%82%E3%81%A1%E3%82%83%E3%82%93" n2="%62%75%74%61%6D%65%6E" n3="%E3%83%8B%E3%83%8E%E3%83%B3" dan="12,12,10,11" rate="1925,1690,1596,1745" sx="M,M,M,M"/><TAIKYOKU oya="0"/><INIT seed="0,0,0,0,1,1" ten="250,250,250,250" oya="0" hai0="53,32,68,94,96,58,24,130,61,44,71,43,22" hai1="128,78,72,115,117,99,39,17,25,79,74,4,95" hai2="60,20,111,11,52,47,133,112,119,37,2,90,121" hai3="42,0,116,30,65,15,7,51,120,73,75,83,54"/><T5/><D130/><U82/><E117/><V49/><F133/><W88/><G116/><T105/><D105/><U46/><E4/><V109/><F121/><W113/><G113/><T126/><D32/><U69/><E69/><V57/><F112/><W14/><G42/><T81/><D81/><U27/><E39/><V127/><F127/><W93/><G65/><T122/><D122/><U41/><E115/><V26/><F37/><W9/><G30/><T80/><D80/><U114/><E114/><V98/><F11/><W35/><G35/><T10/><D126/><U92/><E128/><V86/><F98/><W36/><G36/><T108/><D108/><U135/><E135/><V28/><F2/><W64/><G64/><T132/><D132/><U106/><E17/><V91/><F86/><W97/><G120/><T123/><D123/><U124/><E124/><V45/><F45/><W107/><G107/><T131/><D131/><U102/><E46/><V66/><F119/><W50/><G50/><N who="0" m="26911" /><D10/><U12/><E12/><V70/><F70/><W104/><G104/><T40/><D40/><U118/><E41/><V3/><F3/><W89/><G75/><N who="1" m="28714" /><E118/><V77/><F77/><N who="1" m="29193" /><E82/><V21/><F20/><W16/><G73/><T34/><D34/><U85/><E25/><V8/><F8/><W76/><G76/><T29/><D5/><U13/><E13/><V62/><F60/><W84/><G0/><T18/><D29/><U87/><E27/><V23/><F21/><W63/><G15/><T59/><D59/><U19/><E19/><V125/><F125/><W100/><G7/><RYUUKYOKU ba="0,0" sc="250,10,250,10,250,10,250,-30" hai0="18,22,24,53,58,61,68,71,94,96" hai1="85,87,92,95,99,102,106" hai2="23,26,28,47,49,52,57,62,66,90,91,109,111" /><INIT seed="0,1,0,5,2,71" ten="260,260,260,220" oya="0" hai0="12,56,14,7,95,78,120,28,134,90,25,127,23" hai1="64,124,118,84,67,97,58,109,15,72,5,107,101" hai2="33,75,74,38,104,8,0,121,61,55,82,81,83" hai3="113,108,130,52,92,35,91,87,119,43,4,70,22"/><T39/><D120/><U80/><E118/><V68/><F121/><W98/><G119/><T126/><D134/><U21/><E124/><N who="0" m="47657" /><D78/><U63/><E72/><V51/><F38/><W100/><G35/><T31/><D7/><U44/><E109/><V62/><F68/><W99/><G108/><T20/><D56/><U46/><E67/><V50/><F33/><W24/><G70/><T57/><D57/><U42/><E42/><V65/><F65/><W34/><G34/><N who="0" m="20751" /><D39/><U9/><REACH who="1" step="1"/><E21/><REACH who="1" step="2"/><N who="0" m="8265" /><D31/><U93/><E93/><V69/><F69/><W133/><G133/><T36/><D36/><U86/><E86/><AGARI ba="1,1" hai="12,14,86,90,95" m="8265,20751,47657" machi="86" ten="30,1500,0" yaku="18,1" doraHai="71" who="0" fromWho="1" sc="260,28,250,-18,260,0,220,0" /><INIT seed="0,2,0,3,3,116" ten="288,232,260,220" oya="0" hai0="55,33,110,111,83,103,21,5,36,50,63,44,112" hai1="47,88,39,123,68,109,106,32,41,125,75,105,89" hai2="77,64,135,42,104,101,17,23,40,81,11,46,92" hai3="96,8,12,15,1,126,132,69,95,84,99,80,16"/><T133/><D112/><U58/><E123/><V62/><F135/><W6/><G132/><T38/><D133/><U65/><E109/><N who="0" m="41481" /><D33/><U37/><E125/><V115/><F115/><W53/><G126/><T131/><D131/><U78/><E58/><V122/><F104/><W24/><G69/><T119/><D119/><U108/><E108/><V7/><F122/><W4/><G96/><T82/><D5/><U127/><E127/><V14/><F92/><W27/><G1/><T124/><D124/><U29/><E37/><N who="0" m="14441" /><D103/><U85/><E89/><V71/><F46/><W113/><G113/><T93/><D93/><U48/><E48/><V51/><F51/><W107/><G107/><T73/><D73/><U59/><E59/><V19/><F19/><W3/><G3/><T86/><D86/><U100/><E100/><V43/><F101/><N who="3" m="60671" /><G53/><T45/><D45/><U60/><E85/><V9/><F43/><W118/><G118/><T117/><D117/><U34/><E88/><V28/><F28/><W128/><G128/><T54/><D21/><U67/><E67/><V20/><F20/><N who="3" m="11271" /><G6/><T97/><D97/><U2/><E2/><V56/><F71/><W91/><AGARI ba="2,0" hai="4,8,15,24,27,80,84,91" m="11271,60671" machi="91" ten="30,2000,0" yaku="8,1,54,1" doraHai="116" who="3" fromWho="3" sc="288,-12,232,-7,260,-7,220,26" /><INIT seed="1,0,0,4,2,29" ten="276,225,253,246" oya="1" hai0="76,110,8,15,62,97,60,108,43,107,124,128,4" hai1="78,38,68,53,5,132,20,125,77,102,7,36,59" hai2="90,67,17,28,39,116,81,57,32,98,73,131,0" hai3="123,89,48,26,79,37,122,44,9,49,88,115,3"/><U129/><E68/><V84/><F116/><W70/><G115/><T104/><D128/><U91/><E129/><V106/><F131/><W24/><G70/><T55/><D124/><U101/><E125/><V30/><F39/><N who="1" m="14889" /><E91/><V11/><F32/><W121/><G79/><N who="1" m="30218" /><E20/><V56/><F73/><W10/><G37/><T83/><D43/><U99/><E99/><V134/><F106/><N who="0" m="40490" /><D97/><U75/><E75/><V87/><F98/><W127/><G127/><T82/><D55/><U31/><E31/><V6/><F17/><W114/><G114/><T109/><D82/><U13/><E13/><V103/><F103/><N who="1" m="39433" /><E132/><V41/><F134/><W133/><G133/><T119/><D119/><U74/><E74/><AGARI ba="0,0" hai="4,8,15,60,62,74,76,83,108,109,110" m="40490" machi="74" ten="40,1300,0" yaku="14,1" doraHai="29" who="0" fromWho="1" sc="276,13,225,-13,253,0,246,0" /><INIT seed="2,0,0,5,5,112" ten="289,212,253,246" oya="2" hai0="3,68,99,25,101,11,95,114,66,17,100,71,110" hai1="52,77,117,59,16,81,82,113,51,28,41,135,75" hai2="37,47,83,40,94,23,121,126,119,4,76,109,84" hai3="10,133,130,88,74,22,19,79,64,93,14,128,6"/><V122/><F126/><W15/><G133/><T62/><D114/><U78/><E113/><V46/><F109/><W67/><G79/><T70/><D110/><U60/><E135/><V36/><F4/><W107/><G74/><T24/><D101/><U7/><E7/><V2/><F94/><W45/><G107/><T56/><REACH who="0" step="1"/><D3/><REACH who="0" step="2"/><U44/><E28/><V124/><F2/><W106/><G106/><T58/><D58/><U26/><E26/><V134/><F124/><W96/><REACH who="3" step="1"/><G45/><REACH who="3" step="2"/><T57/><D57/><U111/><E111/><V80/><F134/><W48/><G48/><T104/><D104/><U32/><E32/><V85/><F46/><W27/><G27/><T29/><D29/><U9/><E9/><V31/><F122/><W89/><G89/><T12/><AGARI ba="0,2" hai="11,12,17,24,25,56,62,66,68,70,71,95,99,100" machi="12" ten="40,2700,0" yaku="1,1,0,1,53,0" doraHai="112" doraHaiUra="102" who="0" fromWho="0" sc="279,47,212,-7,253,-13,236,-7" /><INIT seed="3,0,0,3,1,0" ten="326,205,240,229" oya="3" hai0="129,59,3,16,72,52,130,73,14,114,108,23,42" hai1="64,68,111,55,93,47,56,110,105,134,75,81,63" hai2="44,45,85,128,78,2,97,131,25,67,34,70,51" hai3="102,24,18,32,88,6,57,135,15,83,33,48,79"/><W122/><G122/><T39/><D108/><N who="1" m="41515" /><E105/><V7/><F25/><W9/><G102/><T91/><D114/><U74/><E47/><V17/><F34/><W123/><G123/><T84/><D3/><U60/><E134/><V4/><F2/><W1/><G135/><T19/><D19/><U117/><E117/><V86/><F17/><W116/><G116/><T90/><D42/><U100/><E81/><V77/><F97/><AGARI ba="0,0" hai="55,56,60,63,64,68,74,75,93,97,100" m="41515" machi="97" ten="30,1000,0" yaku="14,1" doraHai="0" who="1" fromWho="2" sc="326,0,205,10,240,-10,229,0" /><INIT seed="4,0,0,2,2,66" ten="326,215,230,229" oya="0" hai0="54,104,40,106,105,49,14,59,103,47,83,125,48" hai1="102,44,19,109,32,50,82,27,38,76,20,96,77" hai2="69,35,64,43,133,111,23,81,70,121,126,85,100" hai3="113,1,110,131,61,116,95,56,41,98,5,134,78"/><T36/><D125/><U114/><E109/><V58/><F133/><W119/><G5/><T13/><D103/><U22/><E32/><V21/><F35/><W57/><G1/><T72/><REACH who="0" step="1"/><D48/><REACH who="0" step="2"/><U92/><E38/><V79/><F126/><W26/><G134/><T115/><D115/><U52/><E114/><V73/><F121/><W129/><G113/><T122/><D122/><U130/><E130/><V74/><F111/><W39/><G110/><T86/><D86/><U33/><E33/><V28/><F100/><W15/><G116/><T24/><D24/><N who="1" m="14367" /><E82/><V9/><F9/><W127/><G119/><T29/><D29/><AGARI ba="0,1" hai="22,27,29,44,50,52,76,77,92,96,102" m="14367" machi="29" ten="30,2000,0" yaku="8,1,54,1" doraHai="66" who="1" fromWho="0" sc="316,-20,215,30,230,0,229,0" /><INIT seed="5,0,0,0,4,128" ten="296,245,230,229" oya="1" hai0="26,42,14,2,25,6,62,82,132,51,98,117,31" hai1="44,116,54,92,119,33,0,97,39,43,108,80,61" hai2="76,48,34,85,71,75,118,105,11,123,21,125,5" hai3="113,84,49,36,89,134,28,9,95,38,129,65,41"/><U55/><E0/><V58/><F123/><W99/><G129/><T73/><D117/><U87/><E33/><V67/><F67/><W35/><BYE who="2" /><G113/><T4/><D2/><U88/><E108/><V57/><F57/><W19/><G65/><UN n2="%62%75%74%61%6D%65%6E" /><T114/><D114/><U93/><E61/><V109/><F105/><W27/><G134/><T79/><D132/><U46/><E93/><V103/><F109/><W8/><G8/><T130/><D130/><U20/><E20/><V13/><F21/><W100/><G41/><T127/><D127/><U72/><E72/><V23/><F125/><W56/><G49/><T104/><D62/><U135/><E135/><V131/><F131/><W122/><G56/><T18/><D104/><U102/><REACH who="1" step="1"/><E46/><REACH who="1" step="2"/><V12/><F34/><W94/><G122/><T91/><D73/><U124/><E124/><V45/><F23/><W90/><G9/><T101/><D82/><U126/><E126/><V52/><F75/><W68/><G68/><T1/><D1/><U120/><E120/><V70/><F71/><W3/><G3/><T66/><D31/><U30/><E30/><V10/><F118/><AGARI ba="0,1" hai="39,43,44,54,55,80,87,88,92,97,102,116,118,119" machi="118" ten="40,3900,0" yaku="1,1,54,1,53,0" doraHai="128" doraHaiUra="110" who="1" fromWho="2" sc="296,0,235,49,230,-39,229,0" /><INIT seed="5,1,0,5,4,107" ten="296,284,191,229" oya="1" hai0="71,133,36,106,44,99,72,118,39,33,59,75,83" hai1="124,20,29,5,15,0,73,113,19,51,109,53,28" hai2="34,52,74,91,31,119,38,115,87,32,41,101,100" hai3="42,35,114,6,17,97,63,77,30,22,84,54,66"/><U111/><E73/><N who="0" m="28233" /><D59/><N who="1" m="33215" /><E124/><V62/><F115/><W56/><G114/><T68/><D83/><U24/><E113/><V102/><F119/><W57/><G6/><T93/><D93/><U116/><E116/><V37/><F74/><W10/><G42/><N who="0" m="22599" /><D118/><U4/><E0/><V58/><F41/><W123/><G123/><T18/><D18/><N who="1" m="12311" /><E111/><V78/><F78/><W67/><G35/><T89/><D89/><U125/><E125/><V85/><F31/><N who="1" m="11849" /><E109/><V21/><F21/><AGARI ba="1,0" hai="4,5,15,19,21" m="11849,12311,33215" machi="21" ten="30,1500,0" yaku="8,1" doraHai="107" who="1" fromWho="2" sc="296,0,284,18,191,-18,229,0" /><INIT seed="5,2,0,4,5,129" ten="296,302,173,229" oya="1" hai0="82,46,7,48,24,83,30,16,127,96,45,116,80" hai1="125,128,14,84,12,92,73,36,100,109,41,10,99" hai2="74,134,120,117,103,69,15,89,87,64,3,75,0" hai3="9,20,122,56,98,18,132,126,47,76,81,101,43"/><U86/><E73/><V63/><F120/><W50/><G122/><T21/><D116/><U34/><E128/><V94/><F117/><W49/><G126/><T5/><D127/><U31/><E34/><V66/><F134/><W124/><G124/><T135/><D135/><U71/><E125/><V28/><F103/><W121/><G121/><T79/><D79/><U95/><E109/><V106/><F106/><W35/><G35/><T19/><D96/><U88/><E71/><V108/><F108/><W133/><G9/><T97/><D97/><N who="1" m="59431" /><E36/><V6/><F28/><W42/><G98/><T55/><D45/><U90/><E41/><V107/><F107/><W130/><G101/><T61/><D61/><U58/><E58/><V60/><F6/><AGARI ba="2,0" hai="5,6,7,16,19,21,24,30,46,48,55,80,82,83" machi="6" ten="40,2600,0" yaku="8,1,54,1" doraHai="129" who="0" fromWho="2" sc="296,32,302,0,173,-32,229,0" /><INIT seed="6,0,0,0,4,83" ten="328,302,141,229" oya="2" hai0="0,76,132,54,10,71,106,99,16,57,94,104,86" hai1="29,13,68,100,135,117,82,73,128,81,38,3,25" hai2="63,97,51,28,34,105,107,26,9,88,60,7,52" hai3="103,42,101,36,43,119,91,5,67,89,111,17,69"/><V24/><F24/><W87/><G119/><T70/><D0/><U79/><E117/><V126/><F126/><W49/><G111/><T48/><D132/><U84/><E3/><V98/><F98/><W47/><G5/><T11/><D71/><U45/><E135/><V39/><F39/><W90/><G36/><T41/><D70/><U20/><E68/><V133/><F133/><W4/><G4/><T66/><D106/><U118/><E118/><V93/><F107/><W85/><G69/><T115/><D115/><U21/><E128/><V31/><F31/><W14/><G67/><T44/><D104/><U80/><E100/><N who="3" m="38474" /><G43/><T23/><D66/><U129/><E129/><V62/><F62/><W15/><G15/><N who="0" m="9631" /><D76/><U6/><E73/><V22/><F28/><W2/><G2/><T61/><D86/><N who="3" m="32777" /><G90/><AGARI ba="0,0" hai="10,11,41,44,48,54,57,61,90,94,99" m="9631" machi="90" ten="30,2000,0" yaku="8,1,54,1" doraHai="83" who="0" fromWho="3" sc="328,20,302,0,141,0,229,-20" /><INIT seed="7,0,0,2,1,101" ten="348,302,141,209" oya="3" hai0="34,69,32,29,43,37,117,24,16,99,41,72,11" hai1="76,112,95,85,79,36,50,51,25,91,12,106,119" hai2="121,6,49,0,78,22,124,39,94,116,109,7,131" hai3="62,115,81,125,70,45,96,40,77,118,35,84,92"/><W71/><G35/><T38/><D117/><U52/><E36/><V111/><F78/><W127/><G118/><T126/><D126/><N who="3" m="48137" /><G115/><T54/><D34/><U133/><E133/><V74/><F7/><W5/><G5/><T123/><D123/><U26/><E119/><V13/><F49/><N who="3" m="26791" /><G62/><T48/><D72/><U14/><E112/><V28/><F22/><W15/><G15/><N who="1" m="5674" /><E106/><V47/><F13/><W8/><G8/><T4/><D11/><U103/><E103/><AGARI ba="0,0" hai="70,71,77,81,84,92,96,103" m="26791,48137" machi="103" ten="30,1500,0" yaku="18,1" doraHai="101" who="3" fromWho="1" sc="348,0,302,-15,141,0,209,15" /><INIT seed="7,1,0,0,4,15" ten="348,287,141,224" oya="3" hai0="45,20,14,16,64,114,63,21,50,55,88,53,23" hai1="29,24,122,51,129,37,103,5,116,100,58,134,107" hai2="111,22,68,131,1,119,17,48,4,46,59,79,49" hai3="70,106,124,71,32,3,52,97,76,96,84,105,31"/><W10/><G32/><T117/><D117/><U0/><E122/><V33/><F119/><W108/><G31/><T27/><D114/><U112/><E116/><V113/><F111/><W126/><G108/><T12/><D53/><U11/><E112/><V47/><F131/><W67/><G96/><T95/><D12/><U57/><E37/><V127/><F68/><W98/><G98/><N who="0" m="57703" /><D14/><U133/><E129/><V123/><F127/><N who="3" m="48683" /><G67/><T77/><D77/><U60/><E51/><V41/><F123/><W74/><G74/><T92/><D92/><U66/><E57/><AGARI ba="1,0" hai="16,20,21,23,27,45,50,55,57,63,64" m="57703" machi="57" ten="30,7700,0" yaku="8,1,52,1,54,2" doraHai="15" who="0" fromWho="1" sc="348,80,287,-80,141,0,224,0" owari="428,53,207,-19,141,-36,224,2" /></mjloggm>