<mjloggm ver="2.3"><GO type="41"/><UN n0="%E6%A3%AE%E6%B0%B8%E3%81%8A%E3%82%93%E3%81%98" n1="%E3%82%A2%E3%82%B6%E3%83%9F%E3%82%A6%E3%83%9E" n2="%EF%BC%88%E2%89%A7%E2%96%BD%E2%89%A6%EF%BC%89" n3="%E3%82%88%E3%81%97%E3%81%A4%E3%81%90%6F%68" dan="14,13,14,15" rate="1903,1866,2050,1931" sx="M,M,M,M"/><TAIKYOKU oya="0"/><INIT seed="0,0,0,5,4,36" ten="250,250,250,250" oya="0" hai0="129,127,94,68,117,8,65,134,12,76,5,18,130" hai1="1,105,128,74,26,42,57,28,95,60,44,90,63" hai2="11,29,14,108,123,7,82,40,126,87,112,122,132" hai3="114,113,131,86,32,38,102,118,101,70,21,107,39"/><T0/><D117/><U45/><E128/><V106/><F112/><W133/><G118/><T71/><D76/><U10/><E74/><V56/><F132/><W53/><G131/><N who="0" m="50187" /><D65/><U120/><E105/><V16/><F106/><W96/><G133/><T80/><D80/><U77/><E77/><V59/><F126/><W47/><G70/><N who="0" m="26667" /><D134/><U34/><E45/><V49/><F29/><W121/><G121/><T124/><D94/><U25/><E120/><V69/><F69/><W98/><G32/><T84/><D84/><U19/><E63/><V89/><F122/><W13/><G86/><T41/><D41/><U2/><E10/><AGARI ba="0,0" hai="0,5,8,10,12,18,124,127" m="26667,50187" machi="10" ten="40,2000,0" yaku="19,1" doraHai="36" who="0" fromWho="1" sc="250,20,250,-20,250,0,250,0" /><INIT seed="0,1,0,0,5,24" ten="270,230,250,250" oya="0" hai0="115,14,1,77,111,112,131,80,16,106,40,20,15" hai1="42,21,44,39,58,69,47,41,38,84,5,52,95" hai2="126,133,134,65,12,18,119,92,22,97,71,28,88" hai3="99,17,4,6,9,45,26,83,85,105,68,29,107"/><T51/><D1/><U70/><E5/><V103/><F119/><W32/><G68/><N who="1" m="26218" /><E21/><V72/><F72/><W93/><G6/><T3/><D106/><U66/><E84/><V132/><F126/><W124/><G45/><N who="1" m="17482" /><E95/><V67/><F71/><W79/><G124/><T11/><D3/><U101/><E101/><V10/><F103/><W27/><G17/><T19/><D131/><U82/><E66/><V78/><F78/><W87/><G87/><T56/><D111/><U94/><E94/><V123/><F123/><W110/><G110/><T7/><D56/><U49/><E82/><V76/><F76/><W2/><REACH who="3" step="1"/><G27/><AGARI ba="1,0" hai="10,12,18,22,27,28,65,67,88,92,97,132,133,134" machi="27" ten="40,5200,0" yaku="20,1,52,1,54,1" doraHai="24" who="2" fromWho="3" sc="270,0,230,0,250,55,250,-55" /><INIT seed="1,0,0,5,3,63" ten="270,230,305,195" oya="1" hai0="90,4,27,38,71,135,42,83,114,105,73,101,104" hai1="61,130,111,15,46,116,94,20,110,133,75,117,134" hai2="97,78,3,56,123,120,98,95,129,54,45,37,36" hai3="87,126,119,11,72,58,115,118,16,13,64,74,81"/><U7/><E75/><V109/><F3/><W89/><G115/><T88/><D71/><U112/><E94/><V50/><F129/><W55/><G126/><T49/><D38/><U52/><E7/><V85/><F109/><N who="1" m="41481" /><E20/><V122/><F98/><W29/><G29/><T76/><D4/><U100/><E100/><V10/><F10/><W96/><G96/><T59/><D27/><U47/><E15/><V69/><F69/><W124/><G124/><T6/><D6/><U121/><E121/><V86/><F78/><W57/><G57/><T19/><D19/><U65/><E112/><V21/><F21/><W99/><G99/><T25/><D25/><U35/><E35/><V28/><F28/><W18/><G18/><T102/><D114/><U131/><E47/><V43/><REACH who="2" step="1"/><F37/><REACH who="2" step="2"/><W128/><G128/><N who="1" m="49194" /><E117/><V127/><F127/><W113/><G119/><T84/><D102/><AGARI ba="0,1" hai="36,43,45,50,54,56,85,86,95,97,102,120,122,123" machi="102" ten="40,1300,0" yaku="1,1,53,0" doraHai="63" doraHaiUra="33" who="2" fromWho="0" sc="270,-13,230,0,295,23,195,0" /><INIT seed="2,0,0,5,1,33" ten="257,230,318,195" oya="2" hai0="30,4,62,79,36,68,107,3,42,83,118,73,130" hai1="95,112,8,63,9,2,100,65,53,76,98,109,59" hai2="14,60,72,132,57,48,51,55,114,77,67,93,19" hai3="126,56,20,13,25,125,82,134,97,121,71,31,123"/><V87/><F114/><W89/><G71/><T111/><D111/><U70/><E112/><V92/><F132/><W40/><G134/><T45/><D130/><U0/><E109/><V5/><F5/><W69/><G69/><T15/><D15/><U27/><E76/><V12/><F72/><W103/><G40/><T39/><D30/><U16/><E9/><V108/><F108/><W18/><G56/><T46/><D118/><U23/><E8/><V26/><F26/><W17/><G17/><T120/><D120/><U135/><E135/><V35/><F35/><W58/><G58/><T75/><D75/><U52/><REACH who="1" step="1"/><E53/><REACH who="1" step="2"/><V11/><F77/><W113/><G123/><T81/><D107/><U99/><E99/><V38/><F55/><W90/><G121/><T44/><D83/><U61/><AGARI ba="0,1" hai="0,2,16,23,27,52,59,61,63,65,70,95,98,100" machi="61" ten="20,12000,2" yaku="1,1,0,1,7,1,52,2,54,2,53,0" doraHai="33" doraHaiUra="47" who="1" fromWho="1" sc="257,-30,220,130,318,-60,195,-30" /><INIT seed="3,0,0,1,0,26" ten="227,350,258,165" oya="3" hai0="35,10,59,131,15,40,38,89,52,97,127,71,7" hai1="78,62,64,75,31,54,114,18,108,23,13,3,93" hai2="1,34,121,42,133,77,63,73,86,109,122,66,118" hai3="85,132,43,90,92,119,129,84,135,19,125,128,30"/><W39/><G119/><T12/><D35/><U27/><E114/><V17/><F118/><W50/><G39/><T123/><D71/><U70/><E108/><V107/><F109/><W111/><G111/><T83/><D123/><N who="2" m="47114" /><F133/><N who="3" m="51275" /><G19/><T33/><D33/><U6/><E54/><V74/><F1/><W106/><G106/><T28/><D127/><U76/><E75/><N who="2" m="28683" /><F107/><W87/><G125/><T2/><D131/><N who="3" m="50249" /><G43/><T60/><D40/><U20/><E93/><V11/><F42/><W72/><G50/><T116/><D38/><U58/><E70/><V36/><F36/><W24/><G72/><T56/><D116/><U65/><E65/><V48/><F48/><W110/><G110/><T80/><D59/><U79/><E3/><V55/><F17/><W22/><AGARI ba="0,0" hai="22,24,30,84,85,87,90,92" m="50249,51275" machi="22" ten="30,6000,0" yaku="20,1,19,1,52,1" doraHai="26" who="3" fromWho="3" sc="227,-20,350,-20,258,-20,165,60" /><INIT seed="3,1,0,3,1,91" ten="207,330,238,225" oya="3" hai0="1,97,64,67,8,47,75,86,94,66,38,132,102" hai1="119,40,72,31,134,12,103,128,50,133,131,7,116" hai2="41,51,71,45,129,126,49,107,111,125,93,23,14" hai3="62,73,135,39,54,124,46,35,18,63,118,69,58"/><W37/><G73/><T11/><D132/><N who="1" m="50795" /><E72/><V115/><F115/><W106/><G135/><T33/><D33/><U100/><E31/><V84/><F107/><W92/><G106/><T55/><D75/><U21/><E40/><V77/><F71/><W2/><G35/><T79/><D1/><U25/><E50/><V99/><F129/><N who="1" m="49737" /><E103/><V52/><F111/><W98/><G2/><T88/><D79/><U36/><E100/><V123/><F77/><W105/><G105/><T17/><D38/><U113/><E36/><V28/><F49/><W109/><G118/><N who="1" m="45098" /><E113/><V34/><F41/><W68/><G39/><T9/><D17/><U57/><E57/><V117/><F28/><W53/><G18/><T120/><D120/><U65/><E65/><V82/><F123/><W32/><G32/><T10/><N who="0" m="2560" /><DORA hai="81" /><T24/><D24/><U59/><E59/><V48/><F117/><W16/><G37/><T74/><D74/><U56/><E56/><V89/><F48/><W70/><G58/><T83/><D47/><U76/><E76/><V60/><F45/><W96/><G46/><T29/><D29/><N who="1" m="17583" /><E12/><V13/><F14/><W112/><G69/><T44/><D44/><U121/><E121/><V61/><F13/><W20/><G70/><T0/><D0/><U6/><AGARI ba="1,0" hai="6,7" m="17583,45098,49737,50795" machi="6" ten="40,8000,1" yaku="20,1,19,1,12,1,34,2" doraHai="91,81" who="1" fromWho="1" sc="207,-21,330,83,238,-21,225,-41" /><INIT seed="4,0,0,4,4,87" ten="186,413,217,184" oya="0" hai0="81,35,125,91,78,52,34,30,57,29,28,38,126" hai1="17,32,50,11,98,117,93,62,113,107,75,106,76" hai2="97,114,88,109,89,102,51,60,131,55,23,63,10" hai3="26,5,71,123,129,66,8,36,100,15,79,86,13"/><T85/><D38/><U104/><E32/><V112/><F109/><W120/><G36/><T27/><D78/><U118/><E113/><N who="2" m="43627" /><F131/><W4/><G100/><T0/><D0/><U9/><E62/><N who="2" m="23595" /><F23/><W1/><G71/><T124/><REACH who="0" step="1"/><D35/><REACH who="0" step="2"/><U25/><E76/><V95/><F10/><W56/><G79/><T41/><D41/><U48/><E9/><V20/><F20/><W14/><G8/><T49/><AGARI ba="0,1" hai="27,28,29,30,34,49,52,57,81,85,91,124,125,126" machi="49" ten="30,18000,2" yaku="1,1,0,1,18,1,52,1,54,1,53,1" doraHai="87" doraHaiUra="53" who="0" fromWho="0" sc="176,190,413,-60,217,-60,184,-60" /><INIT seed="4,1,0,5,1,122" ten="366,353,157,124" oya="0" hai0="63,111,18,126,127,7,17,13,132,52,4,31,47" hai1="58,35,3,117,24,49,133,37,70,135,81,43,94" hai2="54,128,1,123,27,72,82,25,65,36,129,5,124" hai3="71,98,93,40,19,42,118,109,108,9,2,50,95"/><T62/><D31/><U114/><E117/><V28/><F123/><W41/><G118/><T55/><D132/><U110/><E70/><V88/><F124/><N who="0" m="47658" /><D47/><U51/><E3/><V119/><F119/><W106/><G71/><T78/><D78/><U30/><E114/><V10/><F36/><W99/><G106/><T38/><D38/><U125/><E125/><V45/><F65/><W90/><G50/><N who="1" m="18954" /><E58/><V53/><F72/><W22/><G2/><T64/><D111/><U68/><E68/><V32/><F27/><W57/><G57/><N who="0" m="36943" /><D63/><U26/><E94/><V20/><F45/><W130/><G130/><N who="2" m="50281" /><F32/><W21/><G9/><N who="0" m="4263" /><D7/><U101/><E81/><V75/><F75/><W107/><G107/><T77/><D77/><U61/><E61/><V104/><F104/><W103/><REACH who="3" step="1"/><G22/><REACH who="3" step="2"/><T69/><D69/><U92/><E35/><V112/><F112/><W79/><G79/><T102/><D102/><U113/><E101/><V120/><F120/><W100/><G100/><T76/><D76/><U39/><E39/><V29/><F20/><W85/><G85/><T115/><D115/><U8/><E37/><V67/><F1/><W23/><G23/><T12/><D12/><AGARI ba="1,1" hai="12,19,21,40,41,42,90,93,95,98,99,103,108,109" machi="12" ten="40,5200,0" yaku="1,1,52,2,53,0" doraHai="122" doraHaiUra="6" who="3" fromWho="0" sc="366,-55,353,0,157,0,114,65" /><INIT seed="5,0,0,3,0,23" ten="311,353,157,179" oya="1" hai0="58,3,20,134,77,110,86,14,69,79,11,2,62" hai1="133,73,50,42,117,71,109,99,24,115,68,13,43" hai2="65,30,61,10,102,53,113,35,107,111,8,22,108" hai3="130,121,90,100,16,46,12,94,84,88,64,37,55"/><U31/><E117/><V32/><F53/><W72/><G121/><T127/><D110/><U56/><E109/><V28/><F102/><W33/><G33/><T119/><D69/><U125/><E73/><V29/><F107/><W120/><G120/><T83/><D119/><U129/><E115/><V82/><F82/><W124/><G72/><T78/><D127/><U114/><E114/><V38/><F38/><W59/><G64/><T87/><D134/><U128/><E125/><V131/><F131/><N who="1" m="50249" /><E99/><V0/><F113/><W45/><G124/><T104/><D20/><N who="1" m="15751" /><E13/><V5/><F111/><W1/><G130/><T116/><D104/><U106/><E106/><V19/><F108/><W93/><G1/><T18/><D116/><U9/><E9/><N who="2" m="2215" /><F61/><N who="3" m="36095" /><G37/><T75/><D75/><U25/><E133/><V80/><F65/><W39/><G39/><T48/><D48/><U66/><E50/><V26/><F80/><W60/><G60/><T21/><D2/><U49/><E49/><V135/><F135/><W15/><G100/><T27/><D3/><U126/><E126/><V47/><F47/><W44/><G15/><T54/><D87/><U85/><E85/><V4/><F8/><N who="3" m="6151" /><G46/><T105/><REACH who="0" step="1"/><D105/><REACH who="0" step="2"/><U17/><E68/><V40/><F40/><W41/><G41/><T96/><D96/><AGARI ba="0,1" hai="44,45,84,88,90,93,94,96" m="6151,36095" machi="96" ten="30,3900,0" yaku="8,1,54,2" doraHai="23" who="3" fromWho="0" sc="301,-39,353,0,157,0,179,49" /><INIT seed="6,0,0,5,4,110" ten="262,353,157,228" oya="2" hai0="77,24,121,9,22,56,122,50,71,105,60,87,14" hai1="54,2,65,20,126,35,58,17,43,29,6,130,51" hai2="47,25,91,68,115,104,12,26,69,135,83,31,89" hai3="42,99,40,129,64,116,93,106,41,57,18,66,80"/><V107/><F47/><W111/><G111/><T34/><D34/><U79/><E130/><V125/><F12/><W5/><G116/><T7/><D105/><N who="2" m="40522" /><F31/><W30/><G106/><T94/><D71/><N who="2" m="27210" /><F83/><W13/><G30/><T123/><D77/><U108/><E126/><V32/><F32/><W0/><G129/><T19/><D50/><U61/><E108/><V49/><F49/><W114/><G80/><T81/><D94/><U3/><E79/><V67/><F67/><W131/><G131/><T27/><D27/><N who="2" m="10250" /><F125/><W120/><G120/><T124/><D124/><U82/><E82/><V48/><F48/><W86/><G86/><T118/><D118/><U76/><E29/><V21/><F21/><W78/><G78/><T90/><REACH who="0" step="1"/><D123/><REACH who="0" step="2"/><U46/><E35/><V84/><F135/><W109/><G109/><T73/><D73/><U101/><E76/><V10/><F84/><W85/><G85/><T33/><D33/><U117/><E117/><V92/><F92/><W59/><G93/><T63/><D63/><U96/><E61/><V16/><F115/><W119/><G114/><T95/><D95/><U100/><E51/><V112/><F112/><W70/><G70/><T53/><AGARI ba="0,1" hai="7,9,14,19,22,24,53,56,60,81,87,90,121,122" machi="53" ten="20,2700,0" yaku="1,1,0,1,7,1,53,0" doraHai="110" doraHaiUra="113" who="0" fromWho="0" sc="252,37,353,-7,157,-13,228,-7" /><INIT seed="7,0,0,5,4,30" ten="289,346,144,221" oya="3" hai0="133,79,46,71,102,41,55,58,87,65,12,121,78" hai1="24,97,23,95,82,64,3,39,14,59,89,132,29" hai2="27,34,100,114,76,128,2,113,77,84,56,125,6" hai3="129,105,5,66,88,13,98,103,25,51,81,40,31"/><W92/><G129/><T104/><D121/><U68/><E3/><V75/><F128/><W44/><G66/><T99/><D133/><U17/><E132/><V123/><F123/><W107/><G81/><T32/><D87/><U111/><E111/><V19/><F125/><W109/><G109/><T42/><D12/><U91/><E68/><V21/><F75/><W10/><REACH who="3" step="1"/><G103/><REACH who="3" step="2"/><T108/><D108/><U130/><E130/><V86/><F100/><W85/><G85/><T20/><D65/><U9/><E82/><V52/><F84/><W49/><G49/><T33/><D71/><U118/><E39/><V15/><F86/><W7/><G7/><T101/><D102/><N who="1" m="60735" /><E118/><V69/><F69/><W63/><G63/><AGARI ba="0,1" hai="9,14,17,23,24,29,59,63,64,89,91" m="60735" machi="63" ten="30,2000,0" yaku="25,1,8,1" doraHai="30" who="1" fromWho="3" sc="289,0,346,30,144,0,211,-20" owari="289,9.0,376,48.0,144,-36.0,191,-21.0" /></mjloggm>