<mjloggm ver="2.3"><GO type="169" lobby="0"/><UN n0="%E6%B0%97%E6%A5%BD%E3%81%AB%E6%89%93%E3%81%A4" n1="%EF%BC%88%E2%89%A7%E2%96%BD%E2%89%A6%EF%BC%89" n2="%E3%83%9F%E3%83%A9%E3%82%AF%E3%83%AB%E3%81%8A%E3%81%98%E3%81%95%E3%82%93" n3="%E6%AD%A6%E5%A3%AB%E6%B2%A2%E7%A7%80%E8%A1%8C" dan="16,17,17,17" rate="2153.07,2147.51,2161.73,2133.22" sx="M,M,M,M"/><TAIKYOKU oya="0"/><INIT seed="0,0,0,0,4,11" ten="250,250,250,250" oya="0" hai0="29,108,125,21,44,60,45,36,117,86,39,82,101" hai1="129,6,20,75,3,35,87,2,124,93,132,62,31" hai2="68,134,12,53,99,51,79,107,127,94,43,40,19" hai3="58,74,88,92,76,18,10,46,120,130,91,66,135"/><T128/><D117/><U7/><E75/><V38/><F38/><W69/><G120/><T119/><D119/><U67/><E132/><V0/><F0/><W57/><G135/><T9/><D125/><U28/><E124/><V55/><F127/><W123/><G123/><T72/><D128/><U23/><E129/><V33/><F134/><W22/><G130/><T104/><D72/><U54/><E35/><V41/><F107/><W80/><G10/><T109/><D60/><U70/><E54/><V84/><F33/><W17/><G17/><T114/><D114/><U106/><E106/><V30/><F68/><W25/><G91/><N who="0" m="51671" /><D9/><U73/><E73/><V115/><F115/><W95/><G92/><T96/><D39/><U100/><E2/><V61/><F30/><W131/><G131/><T103/><D101/><U14/><E3/><V105/><F105/><W64/><G46/><T97/><D96/><N who="1" m="59407" /><E70/><V126/><F126/><W52/><G69/><T122/><D36/><U8/><E6/><V37/><F37/><W48/><REACH who="3" step="1"/><G58/><REACH who="3" ten="250,250,250,240" step="2"/><T42/><D122/><U47/><E47/><V78/><F94/><W49/><G49/><N who="0" m="26775" /><D45/><U118/><E118/><V59/><F59/><W112/><G112/><T50/><D50/><U27/><E8/><V13/><F51/><W56/><G56/><T113/><D113/><U65/><E31/><V133/><F133/><W110/><G110/><N who="0" m="42603" /><D29/><U81/><E28/><V83/><F19/><W89/><G89/><T1/><D1/><U111/><E111/><V32/><F41/><W85/><AGARI ba="0,1" hai="18,22,25,48,52,57,64,66,74,76,80,85,88,95" machi="85" ten="20,12000,2" yaku="1,1,0,1,7,1,54,2,53,1" doraHai="11" doraHaiUra="16" who="3" fromWho="3" sc="250,-60,250,-30,250,-30,240,130" /><INIT seed="1,0,0,5,3,101" ten="190,220,220,370" oya="1" hai0="83,36,48,20,17,132,33,62,58,42,94,39,2" hai1="27,53,7,98,72,100,135,115,89,80,1,86,10" hai2="110,37,103,111,16,102,21,11,9,118,59,6,81" hai3="51,93,26,4,44,75,119,35,129,15,70,97,124"/><U99/><E115/><V104/><F118/><W19/><G119/><T73/><D132/><U40/><E135/><V74/><F37/><W82/><G124/><T22/><D33/><U38/><E72/><V25/><F103/><W67/><G129/><T125/><D125/><U61/><E27/><V134/><F134/><W105/><G4/><T121/><D121/><U30/><E30/><V64/><F11/><W117/><G117/><T133/><D133/><U122/><E122/><V54/><F64/><W60/><G75/><T14/><D2/><U13/><E1/><V34/><F34/><W131/><G82/><T91/><D73/><U65/><E53/><V95/><F74/><W63/><G63/><T66/><D83/><U77/><E89/><V23/><F81/><W28/><G131/><T88/><D91/><U84/><E84/><V128/><F128/><W3/><G3/><T76/><D76/><U55/><E55/><V43/><F43/><W90/><G90/><T78/><D78/><U79/><E79/><V112/><F54/><W68/><G35/><T71/><D22/><U31/><E31/><V108/><F23/><W24/><G28/><T106/><D106/><U96/><E100/><V52/><F102/><W8/><G93/><T41/><D41/><U87/><E87/><V123/><F95/><W130/><G130/><T47/><REACH who="0" step="1"/><D71/><REACH who="0" ten="180,220,220,370" step="2"/><N who="1" m="42415" /><E40/><V32/><F104/><W126/><G126/><T18/><D18/><U120/><E120/><V127/><F16/><W29/><G19/><T56/><D56/><U69/><E69/><V49/><F123/><W50/><G70/><RYUUKYOKU ba="0,1" sc="180,15,220,15,220,-15,370,-15" hai0="14,17,20,36,39,42,47,48,58,62,66,88,94" hai1="7,10,13,38,77,80,86,96,98,99" /><INIT seed="1,1,1,5,1,1" ten="195,235,205,355" oya="1" hai0="59,112,15,61,38,52,27,101,63,0,18,12,48" hai1="44,22,119,67,90,100,75,93,103,25,3,40,2" hai2="56,98,46,84,116,125,7,64,106,72,80,16,97" hai3="31,91,8,51,129,58,21,62,19,34,41,81,95"/><U124/><E119/><V87/><F116/><W39/><G129/><T110/><D112/><U86/><E124/><V69/><F125/><W4/><G39/><T96/><D110/><U60/><E75/><V6/><F72/><W14/><G34/><T73/><D73/><U92/><E2/><V77/><F69/><W43/><G31/><T26/><D0/><U42/><E3/><V49/><F106/><W30/><G30/><T130/><D38/><U23/><E93/><V29/><F29/><W89/><G81/><T65/><D130/><U132/><E132/><V126/><F126/><W117/><G117/><T24/><D18/><U37/><E40/><N who="2" m="24775" /><F87/><N who="3" m="52671" /><G51/><T57/><REACH who="0" step="1"/><D48/><REACH who="0" ten="185,235,205,355" step="2"/><U11/><E37/><V71/><F16/><W122/><G19/><T113/><D113/><U133/><E133/><V120/><F120/><W109/><G122/><T53/><D53/><U115/><E115/><V50/><F50/><W13/><G109/><T108/><D108/><U68/><E42/><V17/><F17/><N who="3" m="10415" /><G91/><T36/><D36/><U55/><E90/><V94/><F77/><W105/><G105/><AGARI ba="1,2" hai="12,15,24,26,27,52,57,59,61,63,65,96,101,105" machi="105" ten="40,2600,0" yaku="1,1,54,1,53,0" doraHai="1" doraHaiUra="74" who="0" fromWho="3" sc="185,49,235,0,205,0,355,-29" /><INIT seed="2,0,0,0,4,24" ten="234,235,205,326" oya="2" hai0="20,12,117,94,4,32,122,81,121,27,37,61,82" hai1="123,107,42,86,13,105,95,53,16,128,19,74,15" hai2="25,72,104,51,43,68,115,73,83,2,9,64,0" hai3="22,14,76,54,34,35,47,114,18,30,23,70,5"/><V58/><F115/><W134/><G70/><T41/><D117/><U1/><E1/><V28/><F104/><W110/><G114/><T67/><D37/><U63/><E74/><V21/><F68/><W96/><G110/><T97/><D41/><U120/><E128/><V65/><F0/><W36/><G134/><T49/><D49/><U125/><E42/><V133/><F133/><W62/><G36/><T85/><D122/><N who="1" m="46635" /><E125/><V90/><F73/><W39/><G39/><T52/><D121/><U33/><E33/><V92/><F83/><W101/><G76/><T131/><D131/><U46/><E86/><V116/><F72/><W113/><G5/><T118/><D118/><U91/><E91/><V102/><F102/><W126/><G126/><T93/><D32/><U40/><E95/><V7/><F116/><W31/><G113/><T50/><D81/><U112/><E112/><V127/><F127/><W8/><G35/><T71/><D85/><U44/><E107/><V111/><F111/><W130/><G34/><T99/><D82/><U56/><E105/><V38/><F38/><W60/><G130/><T109/><D109/><U103/><E103/><V124/><F124/><W78/><G78/><T106/><D106/><U55/><E40/><V89/><F89/><W132/><G132/><T10/><D94/><U66/><E44/><N who="2" m="26015" /><F58/><N who="3" m="34903" /><G47/><N who="0" m="27743" /><D93/><U75/><E75/><V135/><F135/><W100/><G100/><T17/><D99/><U6/><E46/><V87/><F2/><W88/><G101/><T3/><D97/><U79/><E79/><V69/><F69/><W98/><G96/><RYUUKYOKU ba="0,0" sc="234,15,235,-15,205,15,326,-15" hai0="3,4,10,12,17,20,27,61,67,71" hai2="7,9,21,25,28,64,65,87,90,92" /><INIT seed="2,1,0,5,2,84" ten="249,220,220,311" oya="2" hai0="34,21,68,86,89,121,126,75,108,15,125,90,22" hai1="16,94,104,116,25,85,42,107,12,50,111,2,53" hai2="19,93,31,103,24,63,29,40,67,59,33,37,5" hai3="96,8,4,132,123,118,45,64,23,47,134,133,131"/><V122/><F122/><W92/><G123/><T97/><D75/><U61/><E116/><V49/><F37/><W88/><G118/><T3/><D121/><U120/><E120/><V57/><F5/><W70/><G131/><T77/><D3/><U73/><E73/><V39/><F39/><W28/><G70/><T78/><D68/><U51/><E2/><V117/><F117/><W6/><G64/><T55/><D34/><U98/><E111/><V114/><F114/><W26/><G6/><T65/><D65/><U127/><E127/><N who="0" m="48649" /><D108/><U44/><E61/><V27/><F19/><W10/><REACH who="3" step="1"/><G8/><REACH who="3" ten="249,220,220,301" step="2"/><T14/><D55/><U11/><E11/><V106/><F67/><W1/><AGARI ba="1,1" hai="1,4,10,23,26,28,45,47,88,92,96,132,133,134" machi="1" ten="30,12000,2" yaku="1,1,2,1,0,1,20,1,52,1,54,1,53,0" doraHai="84" doraHaiUra="48" who="3" fromWho="3" sc="249,-31,220,-31,220,-61,301,133" /><INIT seed="3,0,0,0,0,38" ten="218,189,159,434" oya="3" hai0="109,103,39,45,106,55,18,62,70,24,133,121,29" hai1="85,86,9,50,40,41,51,69,108,111,93,88,15" hai2="1,21,13,56,79,71,32,10,49,92,11,132,60" hai3="129,78,73,17,95,122,37,134,81,105,64,80,113"/><W30/><G122/><T34/><D121/><U99/><E69/><V33/><F132/><W96/><G134/><T16/><D133/><U63/><E63/><V75/><F71/><W4/><G129/><T72/><D109/><N who="1" m="42059" /><E50/><V67/><F75/><W107/><G37/><T104/><D72/><U42/><E51/><V7/><F79/><W22/><G113/><T123/><D123/><U0/><E0/><V126/><F126/><W76/><G64/><N who="0" m="41239" /><D104/><U125/><E125/><V101/><F21/><W31/><G4/><AGARI ba="0,0" hai="4,9,15,40,41,42,85,86,88,93,99" m="42059" machi="4" ten="30,8000,1" yaku="14,1,52,3,54,1" doraHai="38" who="1" fromWho="3" sc="218,0,189,80,159,0,434,-80" /><INIT seed="4,0,0,0,4,55" ten="218,269,159,354" oya="0" hai0="12,33,19,27,76,34,100,47,122,39,83,41,52" hai1="58,30,106,13,114,51,88,61,60,94,24,107,126" hai2="93,124,92,38,18,79,20,16,128,90,116,69,123" hai3="28,84,72,80,29,65,119,133,64,36,46,115,56"/><T89/><D122/><U3/><E3/><V63/><F123/><W14/><G72/><T129/><D129/><U54/><E126/><V78/><F38/><W37/><G119/><T50/><D100/><U48/><E114/><V73/><F128/><W45/><G115/><T127/><D127/><U130/><E130/><V44/><F124/><W112/><G112/><T10/><D27/><U21/><E13/><V81/><F116/><W31/><G133/><T105/><D105/><U42/><E107/><V53/><F18/><W121/><G121/><T7/><D7/><U98/><E106/><V17/><F17/><W2/><G2/><T8/><D8/><U74/><E74/><V49/><F79/><W134/><G134/><T85/><REACH who="0" step="1"/><D76/><REACH who="0" ten="208,269,159,354" step="2"/><U26/><E24/><V132/><F132/><W82/><G31/><T35/><D35/><U0/><E0/><V102/><F102/><W135/><G135/><T118/><D118/><U71/><E71/><V25/><REACH who="2" step="1"/><F90/><REACH who="2" ten="208,269,149,354" step="2"/><W111/><G29/><T125/><D125/><U131/><E131/><V120/><F120/><W4/><G28/><T103/><D103/><U86/><E30/><V1/><F1/><W68/><G4/><T70/><D70/><U43/><E88/><V101/><F101/><W57/><G68/><T117/><D117/><U22/><E26/><V87/><F87/><W11/><G84/><T66/><D66/><AGARI ba="0,2" hai="16,20,25,44,49,53,63,66,69,73,78,81,92,93" machi="66" ten="40,5200,0" yaku="1,1,54,1,53,1" doraHai="55" doraHaiUra="77" who="2" fromWho="0" sc="208,-52,269,0,149,72,354,0" /><INIT seed="5,0,0,4,0,130" ten="156,269,221,354" oya="1" hai0="81,48,17,74,126,16,8,52,120,34,10,49,20" hai1="118,93,18,14,127,103,128,80,101,134,21,82,115" hai2="9,111,122,68,107,63,98,117,100,83,104,112,28" hai3="39,22,84,123,1,7,77,13,54,44,38,108,89"/><U78/><E118/><V86/><F117/><W61/><G123/><T109/><D109/><U116/><E116/><V12/><F122/><W60/><G108/><T43/><D120/><U19/><E115/><V55/><F111/><W121/><G121/><T65/><D34/><U31/><E128/><V76/><F112/><W91/><G1/><T46/><D126/><U3/><E127/><V96/><F28/><W85/><G77/><T70/><D70/><U73/><E3/><V25/><F25/><W90/><G38/><T2/><D65/><U41/><E41/><V11/><F11/><N who="3" m="4351" /><G22/><T79/><D2/><U114/><E114/><V42/><F42/><W35/><G39/><T57/><REACH who="0" step="1"/><D17/><REACH who="0" ten="146,269,221,354" step="2"/><U56/><E19/><V95/><F68/><W131/><G35/><T0/><D0/><U113/><E18/><V32/><F32/><W69/><G131/><T71/><D71/><U27/><E113/><V132/><F98/><W64/><G69/><T133/><D133/><U36/><E134/><V58/><REACH who="2" step="1"/><F132/><REACH who="2" ten="146,269,211,354" step="2"/><W62/><G64/><T24/><AGARI ba="0,2" hai="8,10,16,20,24,43,46,48,49,52,57,74,79,81" machi="24" ten="20,8000,1" yaku="1,1,0,1,7,1,54,2,53,0" doraHai="130" doraHaiUra="129" who="0" fromWho="0" sc="146,100,269,-40,211,-20,354,-20" /><INIT seed="6,0,0,3,3,78" ten="246,229,191,334" oya="2" hai0="39,51,12,5,49,72,101,123,63,66,27,108,91" hai1="76,124,8,74,98,117,16,131,58,126,127,24,37" hai2="118,128,133,28,9,13,130,48,103,53,67,107,88" hai3="135,40,119,68,114,73,42,134,109,93,31,60,23"/><V4/><F118/><W3/><G119/><T7/><D108/><U11/><E117/><V38/><F38/><W92/><G73/><T17/><D123/><U46/><E131/><N who="2" m="50219" /><F133/><N who="3" m="50699" /><G3/><T69/><D39/><U102/><E58/><N who="2" m="33063" /><F67/><N who="3" m="41063" /><G114/><T6/><D72/><U29/><E37/><V99/><F28/><W52/><G109/><T106/><D27/><U56/><E46/><V81/><F88/><W26/><G52/><T97/><REACH who="0" step="1"/><D91/><REACH who="0" ten="236,229,191,334" step="2"/><U32/><E24/><V85/><F85/><W71/><G71/><T96/><D96/><U19/><E98/><V83/><AGARI ba="0,1" hai="4,9,13,81,83,99,103,107" m="33063,50219" machi="83" ten="30,6000,0" yaku="19,1,52,2" doraHai="78" who="2" fromWho="2" sc="236,-20,229,-20,191,70,334,-20" /><INIT seed="6,1,0,4,3,99" ten="216,209,261,314" oya="2" hai0="98,35,106,30,114,0,135,65,95,63,81,110,124" hai1="31,58,91,125,87,92,133,112,70,94,43,41,77" hai2="32,122,60,16,103,9,76,96,28,66,113,5,48" hai3="34,29,107,100,13,57,89,75,23,26,68,86,108"/><V42/><F122/><W72/><G68/><T47/><D110/><U51/><E70/><V15/><F113/><W62/><G108/><T82/><D114/><U84/><E112/><V25/><F76/><W8/><G34/><T52/><D124/><U50/><E133/><V111/><F111/><W59/><G59/><T71/><D135/><U61/><E31/><V27/><F42/><N who="1" m="15881" /><E125/><V20/><F48/><N who="1" m="18473" /><E77/><V54/><F54/><N who="3" m="34103" /><G107/><T3/><D3/><U105/><E105/><V121/><F121/><W18/><G75/><T78/><D78/><U24/><E24/><V102/><F96/><W53/><G72/><T132/><D0/><U83/><E87/><V79/><F79/><W6/><G53/><AGARI ba="1,0" hai="53,58,61,83,84,91,92,94" m="18473,15881" machi="53" ten="30,1000,0" yaku="8,1" doraHai="99" who="1" fromWho="3" sc="216,0,209,13,261,0,314,-13" /><INIT seed="7,0,0,3,5,98" ten="216,222,261,301" oya="3" hai0="100,77,127,83,103,14,58,134,64,126,46,7,128" hai1="30,94,55,62,44,96,117,68,61,5,32,132,71" hai2="66,92,42,95,112,90,79,111,49,0,59,10,108" hai3="26,113,99,53,129,17,38,70,19,135,52,4,18"/><W84/><G70/><T74/><D134/><U34/><E132/><V28/><F112/><W65/><G135/><T101/><D128/><U21/><E117/><V27/><F79/><W56/><G129/><T41/><D64/><U43/><E5/><V3/><F95/><W48/><G38/><T78/><D58/><U76/><E76/><V29/><F29/><W130/><G130/><T39/><REACH who="0" step="1"/><D78/><REACH who="0" ten="206,222,261,301" step="2"/><U106/><E71/><V22/><F66/><W123/><G65/><T116/><D116/><U23/><E68/><V107/><F59/><W133/><G56/><T114/><D114/><U54/><E62/><V16/><F111/><W85/><G133/><T12/><D12/><U120/><E61/><V80/><F108/><W97/><G113/><T72/><D72/><U91/><E120/><V69/><F69/><W8/><G123/><T45/><D45/><U51/><E44/><V15/><F15/><W33/><G53/><T60/><D60/><U118/><E55/><V75/><F75/><W109/><G52/><T93/><D93/><U86/><E94/><V125/><F92/><W20/><G109/><T115/><D115/><U11/><E54/><V63/><F63/><W31/><G85/><T102/><N who="0" m="26112" /><DORA hai="131" /><T6/><D6/><U89/><E86/><V121/><F121/><W57/><G84/><T35/><D35/><U82/><E118/><V81/><F0/><N who="3" m="7" /><G33/><T105/><D105/><U2/><E32/><V110/><F107/><W73/><G73/><T37/><D37/><U87/><E34/><V119/><F3/><W124/><G57/><T13/><D13/><RYUUKYOKU ba="0,1" sc="206,30,222,-10,261,-10,301,-10" hai0="7,14,39,41,46,74,77,83,126,127" /><INIT seed="8,1,1,0,0,90" ten="236,212,251,291" oya="0" hai0="18,74,1,51,78,12,65,104,112,41,86,108,127" hai1="100,128,37,116,75,13,107,91,111,71,121,129,21" hai2="67,50,59,69,68,80,47,96,48,8,35,89,135" hai3="73,87,124,126,30,77,79,97,7,22,70,103,15"/><T85/><D112/><U63/><E111/><V6/><F35/><W118/><G70/><T113/><D113/><U58/><E121/><V54/><F135/><W131/><G118/><T120/><D120/><U94/><E75/><V19/><F19/><N who="3" m="10623" /><G73/><T23/><D108/><U24/><E71/><V93/><F80/><W32/><G87/><T38/><D127/><N who="3" m="48681" /><G131/><N who="1" m="50250" /><E37/><V64/><F64/><W62/><G62/><T133/><D133/><U20/><E116/><V11/><F11/><W34/><G7/><T43/><D1/><U26/><E107/><V31/><F31/><W0/><G0/><T98/><D38/><U60/><E60/><V27/><F27/><N who="1" m="10281" /><E13/><V42/><REACH who="2" step="1"/><F67/><REACH who="2" ten="236,212,241,291" step="2"/><W5/><G30/><T28/><D65/><N who="1" m="39159" /><E100/><V115/><F115/><W95/><G5/><T92/><D74/><U10/><E10/><V49/><F49/><W130/><G130/><T2/><D51/><U119/><E119/><V33/><F33/><AGARI ba="1,2" hai="32,33,34,77,79,95,97,103" m="48681,10623" machi="33" ten="30,2000,0" yaku="18,1,52,1" doraHai="90" who="3" fromWho="2" sc="236,0,212,0,241,-23,291,43" owari="236,4.0,212,-29.0,218,-18.0,334,43.0" /></mjloggm>