<mjloggm ver="2.3"><GO type="41"/><UN n0="%E9%AB%98%E7%94%BA%E3%83%B4%E3%82%A3%E3%83%B4%E3%82%A3%E3%82%AA%E2%98%86" n1="%EF%BC%88%E2%89%A7%E2%96%BD%E2%89%A6%EF%BC%89" n2="%E3%82%AB%E3%83%AD%E3%83%B3" n3="%E3%83%8A%E3%82%A4%E3%83%B3%EF%BC%90%EF%BC%90%EF%BC%99" dan="15,15,13,13" rate="1928,1981,1832,1832" sx="M,M,M,M"/><TAIKYOKU oya="0"/><INIT seed="0,0,0,4,4,43" ten="250,250,250,250" oya="0" hai0="78,37,105,99,92,20,18,75,130,135,51,21,96" hai1="3,64,104,110,108,36,74,133,14,70,124,113,71" hai2="76,97,116,38,68,5,131,44,67,26,12,114,102" hai3="15,72,30,95,9,69,82,40,56,84,50,2,11"/><T4/><D37/><U88/><RYUUKYOKU type="yao9" ba="0,0" sc="250,0,250,0,250,0,250,0" hai1="3,14,36,64,70,71,74,88,104,108,110,113,124,133" /><INIT seed="0,1,0,4,1,17" ten="250,250,250,250" oya="0" hai0="108,13,30,48,38,96,114,72,110,81,94,93,86" hai1="6,68,2,117,63,133,44,45,126,42,134,109,52" hai2="49,113,120,65,15,11,115,29,21,128,119,36,87" hai3="32,31,104,91,27,58,23,28,103,107,60,125,67"/><T121/><D38/><N who="1" m="21591" /><E2/><V129/><F36/><W54/><G125/><T41/><D114/><U99/><E6/><V19/><F120/><W66/><G103/><T25/><D72/><U135/><E99/><V64/><F119/><W130/><G130/><N who="2" m="50281" /><F87/><W92/><G66/><N who="2" m="25705" /><F49/><W43/><G43/><T16/><D48/><N who="1" m="28687" /><E117/><V61/><F61/><W50/><G31/><T12/><D41/><U34/><E34/><V35/><F35/><W56/><REACH who="3" step="1"/><G32/><REACH who="3" ten="250,250,250,240" step="2"/><T9/><D121/><U53/><E126/><V100/><F100/><W83/><G83/><T75/><D30/><U10/><E68/><V80/><F80/><W101/><G101/><T71/><D81/><U18/><E135/><V131/><F131/><W51/><G51/><T5/><D71/><U77/><E134/><V90/><F90/><W20/><G20/><T122/><D122/><U57/><E133/><V124/><F124/><W40/><G40/><T78/><D108/><U132/><E109/><V14/><F29/><W106/><G106/><T118/><D110/><U24/><E132/><V39/><F39/><W85/><AGARI ba="1,1" hai="23,27,28,50,54,56,58,60,67,85,91,92,104,107" machi="85" ten="20,5200,0" yaku="1,1,0,1,7,1,52,1,53,0" doraHai="17" doraHaiUra="97" who="3" fromWho="3" sc="250,-27,250,-14,250,-14,240,65" /><INIT seed="1,0,0,3,1,90" ten="223,236,236,305" oya="1" hai0="42,29,25,36,121,8,32,132,50,122,95,88,23" hai1="17,107,71,109,66,63,124,86,52,94,67,92,116" hai2="20,2,40,34,96,120,60,114,14,99,73,3,97" hai3="30,26,39,113,57,83,47,9,118,56,35,103,59"/><U1/><E116/><V33/><F120/><N who="0" m="46186" /><D132/><U98/><E1/><V0/><F73/><W77/><G113/><T112/><D8/><U89/><E107/><V76/><F40/><W38/><G118/><T64/><D64/><N who="1" m="24619" /><E71/><V28/><F76/><W72/><G103/><T37/><D112/><U19/><E124/><V51/><F114/><W55/><G9/><T108/><D108/><U12/><E12/><V106/><F51/><W79/><G77/><T53/><D42/><U69/><E69/><V54/><F106/><W117/><G117/><T125/><D32/><U70/><E70/><V11/><F54/><W119/><G119/><T45/><D125/><U13/><E13/><V49/><F49/><W129/><G129/><T101/><D101/><N who="1" m="60631" /><E109/><V111/><F111/><W100/><G100/><T105/><D105/><U133/><E133/><V62/><F20/><W68/><G68/><T123/><N who="0" m="46194" /><T91/><DORA hai="102" /><D91/><U31/><E31/><V48/><F48/><W58/><G58/><AGARI ba="0,0" hai="17,19,52,58,63,86,89,92" m="60631,24619" machi="58" ten="30,11600,0" yaku="8,1,52,2,54,1" doraHai="90,102" who="1" fromWho="3" sc="223,0,236,116,236,0,305,-116" /><INIT seed="1,1,0,4,4,24" ten="223,352,236,189" oya="1" hai0="37,56,120,109,76,119,114,107,88,55,63,135,22" hai1="50,84,29,32,77,134,103,31,101,104,78,115,44" hai2="117,26,92,74,8,95,47,5,111,11,82,130,118" hai3="125,90,1,102,14,86,35,85,40,60,30,131,100"/><U18/><E115/><V70/><F70/><W6/><G1/><T45/><D107/><U96/><E134/><V42/><F111/><W123/><G123/><T51/><D114/><U3/><E3/><V87/><F130/><W54/><G131/><T71/><D119/><U36/><E36/><V0/><F26/><W66/><G125/><T112/><D112/><U110/><E110/><V116/><F11/><W79/><G40/><N who="0" m="22671" /><D76/><N who="1" m="29291" /><E32/><V9/><F9/><W4/><G54/><T59/><D22/><U122/><E122/><V91/><REACH who="2" step="1"/><F74/><REACH who="2" ten="223,352,226,189" step="2"/><W17/><G35/><T53/><D109/><U46/><E104/><V68/><F68/><W12/><G79/><T126/><D71/><U93/><E103/><V16/><F16/><W127/><G127/><T23/><D126/><U38/><E38/><AGARI ba="1,1" hai="0,5,8,38,42,47,82,87,91,92,95,116,117,118" machi="38" ten="40,1300,0" yaku="1,1,53,0" doraHai="24" doraHaiUra="105" who="2" fromWho="1" sc="223,0,352,-16,226,26,189,0" /><INIT seed="2,0,0,3,2,116" ten="223,336,252,189" oya="2" hai0="10,88,4,30,2,41,85,48,76,96,120,33,115" hai1="15,14,109,69,66,99,79,36,75,19,13,57,52" hai2="35,89,71,93,94,125,133,26,112,97,37,72,103" hai3="54,53,31,58,42,104,18,135,132,0,108,38,25"/><V118/><F118/><W121/><G104/><T111/><D115/><U129/><E36/><V46/><F71/><W49/><G0/><T23/><D33/><U32/><E32/><V92/><F112/><W39/><G18/><T74/><D111/><U34/><E34/><V8/><F8/><W21/><G108/><T124/><D96/><U55/><E109/><V68/><F68/><W63/><G31/><T70/><D70/><U7/><E129/><V87/><F35/><W27/><G27/><T59/><D124/><U62/><E7/><V90/><F26/><W126/><G21/><T128/><D128/><U83/><E99/><N who="2" m="59895" /><F46/><N who="3" m="25815" /><G25/><T102/><D30/><U56/><REACH who="1" step="1"/><E19/><REACH who="1" ten="223,326,252,189" step="2"/><V123/><F37/><N who="3" m="13835" /><G126/><T45/><D4/><U81/><E81/><V1/><F125/><W61/><G121/><T114/><D120/><U110/><E110/><V122/><F1/><W6/><G6/><T127/><D2/><U22/><E22/><V24/><F24/><W107/><G107/><T16/><D23/><U40/><E40/><V64/><F122/><W3/><G3/><T91/><D41/><U134/><E134/><N who="3" m="51242" /><G54/><AGARI ba="0,1" hai="13,14,15,52,54,55,56,57,62,66,69,75,79,83" machi="54" ten="40,2600,0" yaku="1,1,54,1,53,0" doraHai="116" doraHaiUra="84" who="1" fromWho="3" sc="223,0,326,36,252,0,189,-26" /><INIT seed="3,0,0,2,5,14" ten="223,362,252,163" oya="3" hai0="34,57,126,12,21,95,115,76,79,73,74,80,122" hai1="22,16,72,111,47,103,123,7,96,15,1,100,23" hai2="38,85,117,48,109,10,98,114,46,52,6,134,112" hai3="9,20,17,82,106,59,28,75,37,93,26,3,51"/><W124/><G37/><T127/><D34/><U87/><E123/><V56/><F117/><W60/><G106/><T81/><D122/><U2/><E72/><V25/><F109/><W89/><G124/><N who="0" m="47659" /><D115/><U71/><E71/><V107/><F134/><W129/><G129/><T110/><D57/><U63/><E111/><V0/><F85/><W116/><G116/><T121/><D121/><U4/><E1/><V128/><F128/><W135/><G135/><T65/><D65/><U27/><E2/><V104/><F25/><W41/><G75/><N who="0" m="28683" /><D12/><U94/><E63/><V30/><F30/><W50/><G82/><N who="0" m="31851" /><D21/><U119/><E119/><V102/><F38/><W77/><G77/><N who="0" m="29771" /><D95/><U24/><E47/><V42/><F42/><W97/><G3/><T62/><D62/><U84/><E15/><V125/><F104/><W68/><G68/><T31/><D31/><U43/><E43/><V69/><F125/><W8/><G41/><T35/><D35/><U67/><E67/><V86/><F69/><W130/><G130/><T90/><D90/><N who="1" m="55383" /><E4/><V40/><F40/><W113/><G113/><N who="2" m="43625" /><F46/><W44/><G44/><T120/><D120/><U131/><E131/><V13/><F13/><N who="3" m="7335" /><G9/><T55/><D55/><AGARI ba="0,0" hai="20,26,28,50,51,55,59,60,89,93,97" m="7335" machi="55" ten="30,2900,0" yaku="8,1,52,1" doraHai="14" who="3" fromWho="0" sc="223,-29,362,0,252,0,163,29" /><INIT seed="3,1,0,5,4,53" ten="194,362,252,192" oya="3" hai0="23,84,3,54,83,132,24,102,35,2,20,1,16" hai1="18,111,65,101,81,42,12,78,43,5,106,100,104" hai2="36,26,52,103,125,34,30,71,11,0,113,47,127" hai3="66,31,94,95,72,60,51,46,67,22,114,45,62"/><W73/><G114/><T121/><D35/><U126/><E111/><V105/><F113/><W8/><G8/><T119/><D119/><U37/><E126/><N who="2" m="48139" /><F71/><W92/><G31/><T109/><D109/><U82/><E5/><N who="2" m="1447" /><F103/><N who="1" m="39497" /><E37/><V58/><F105/><W69/><G22/><T61/><D121/><U115/><E115/><V91/><F91/><W77/><G77/><T40/><D132/><U80/><E104/><V33/><F36/><W88/><G88/><T9/><D102/><U41/><E106/><V79/><F47/><W96/><G96/><T124/><D40/><U39/><E39/><V89/><F89/><W85/><G85/><T6/><D23/><N who="1" m="11719" /><E65/><N who="3" m="24586" /><G51/><T21/><D21/><U108/><E108/><V86/><F86/><AGARI ba="1,0" hai="41,42,43,78,80,81,82,86" m="11719,39497" machi="86" ten="30,1000,0" yaku="8,1" doraHai="53" who="1" fromWho="2" sc="194,0,362,13,252,-13,192,0" /><INIT seed="4,0,0,0,3,97" ten="194,375,239,192" oya="0" hai0="90,130,47,68,53,56,49,94,34,117,7,23,126" hai1="51,118,30,17,106,96,76,20,16,63,13,99,9" hai2="80,21,3,85,43,24,84,50,134,101,86,110,103" hai3="98,6,72,1,55,132,28,91,129,44,66,131,105"/><T22/><D117/><U67/><E118/><V102/><F3/><W32/><G72/><T57/><D68/><U0/><E30/><N who="2" m="17679" /><F134/><W95/><G132/><T64/><D34/><U31/><E31/><V70/><F110/><W40/><G66/><T82/><D130/><N who="3" m="49673" /><G105/><T93/><D126/><U124/><E124/><V12/><F70/><W119/><G119/><T26/><D7/><U122/><E122/><V87/><F12/><W123/><G123/><T38/><D23/><U2/><E76/><N who="2" m="46087" /><F43/><W14/><G55/><T88/><D38/><U19/><E51/><AGARI ba="0,0" hai="50,51,85,86,87,101,102,103" m="46087,17679" machi="51" ten="30,7700,0" yaku="8,1,52,3" doraHai="97" who="2" fromWho="1" sc="194,0,375,-77,239,77,192,0" /><INIT seed="5,0,0,4,2,105" ten="194,298,316,192" oya="1" hai0="11,61,35,91,88,51,41,29,129,19,115,16,104" hai1="54,116,34,95,24,121,8,94,37,84,69,57,43" hai2="25,103,87,18,17,46,119,12,68,77,102,23,85" hai3="56,5,66,113,131,112,133,2,3,64,22,126,6"/><U49/><E69/><V78/><F68/><W4/><G56/><T33/><D104/><U9/><E121/><V1/><F1/><W47/><G47/><T30/><D61/><U63/><E116/><V73/><F119/><W70/><G70/><T97/><D115/><N who="3" m="44105" /><G131/><T127/><D127/><U90/><E37/><V55/><F73/><W14/><G126/><T132/><D132/><U99/><E24/><V122/><F122/><W123/><G123/><T72/><D129/><U106/><E34/><V134/><F134/><W111/><G133/><T45/><D72/><U58/><E106/><V53/><F46/><W42/><G42/><T28/><D35/><U44/><REACH who="1" step="1"/><E58/><REACH who="1" ten="194,288,316,192" step="2"/><V98/><F25/><W31/><G111/><T114/><D33/><U82/><E82/><V32/><F32/><W62/><G31/><T108/><D108/><U67/><E67/><V79/><F102/><AGARI ba="0,1" hai="8,9,43,44,49,54,57,63,84,90,94,95,99,102" machi="102" ten="30,11600,0" yaku="1,1,7,1,8,1,53,1" doraHai="105" doraHaiUra="86" who="1" fromWho="2" sc="194,0,288,126,316,-116,192,0" /><INIT seed="5,1,0,3,1,50" ten="194,414,200,192" oya="1" hai0="79,99,54,76,122,81,115,42,10,109,111,20,102" hai1="129,56,96,31,37,93,80,61,69,19,51,74,16" hai2="2,88,125,128,117,67,44,35,127,100,47,98,64" hai3="33,9,101,119,5,12,62,39,58,4,13,121,36"/><U24/><E37/><V89/><F117/><W87/><G121/><T38/><D115/><U120/><E120/><V28/><F2/><W130/><G119/><T108/><D122/><U107/><E107/><N who="2" m="63895" /><F128/><W70/><G33/><T68/><D68/><U71/><E129/><V57/><F28/><W7/><G130/><T8/><D20/><N who="1" m="15751" /><E69/><V60/><F35/><W27/><G70/><T85/><D79/><U52/><E71/><V131/><F131/><W53/><G101/><T118/><D118/><U75/><E75/><V104/><F104/><W15/><G27/><T97/><D97/><U112/><E112/><V21/><F21/><W17/><G87/><T45/><REACH who="0" step="1"/><D54/><REACH who="0" ten="184,414,200,192" step="2"/><N who="1" m="33943" /><E74/><V116/><F116/><W135/><G135/><T40/><D40/><U43/><E43/><V66/><F67/><W46/><REACH who="3" step="1"/><G36/><REACH who="3" ten="184,414,200,182" step="2"/><T95/><AGARI ba="1,2" hai="8,10,38,42,45,76,81,85,95,99,102,108,109,111" machi="95" ten="30,8000,1" yaku="1,1,0,1,53,3" doraHai="50" doraHaiUra="123" who="0" fromWho="0" sc="184,103,414,-41,200,-21,182,-21" /><INIT seed="6,0,0,0,3,85" ten="287,373,179,161" oya="2" hai0="13,87,38,92,47,50,90,30,95,28,24,67,84" hai1="44,132,130,96,115,36,33,101,4,106,51,17,127" hai2="18,112,76,97,6,34,98,107,12,100,120,119,23" hai3="135,128,42,66,16,123,113,105,126,104,133,48,37"/><V109/><F119/><W78/><G123/><T31/><D38/><U88/><E33/><V41/><F120/><W3/><G3/><T91/><D67/><U62/><E36/><V22/><F34/><W54/><G78/><T52/><REACH who="0" step="1"/><D13/><REACH who="0" ten="277,373,179,161" step="2"/><U39/><E39/><V102/><F109/><W0/><G0/><T71/><D71/><U14/><E14/><V20/><F12/><W53/><G126/><T32/><AGARI ba="0,1" hai="24,28,30,31,32,47,50,52,84,87,90,91,92,95" machi="32" ten="20,12000,2" yaku="1,1,0,1,7,1,9,1,52,2,54,1,53,0" doraHai="85" doraHaiUra="59" who="0" fromWho="0" sc="277,130,373,-30,179,-60,161,-30" /><INIT seed="7,0,0,4,2,7" ten="407,343,119,131" oya="3" hai0="5,76,25,24,128,15,12,45,83,63,21,14,134" hai1="29,93,91,126,123,125,127,135,22,131,120,18,16" hai2="62,132,103,119,90,92,105,3,107,36,52,122,59" hai3="129,82,72,104,102,79,74,114,116,70,11,84,50"/><W117/><G70/><T13/><D128/><U97/><E131/><V30/><F119/><W2/><G129/><T81/><D134/><U55/><E135/><V10/><F132/><W35/><G35/><T9/><D76/><U94/><E55/><V54/><F36/><W64/><G64/><T56/><D45/><U130/><E130/><V47/><F30/><W115/><G50/><T8/><D8/><U77/><E77/><V69/><F122/><W109/><G2/><T4/><D4/><U1/><E1/><V43/><F103/><W113/><G109/><T98/><D98/><U108/><E108/><V23/><F69/><W100/><G11/><T0/><D0/><U61/><E61/><V27/><F54/><W88/><G74/><T41/><D41/><U33/><E94/><V60/><F62/><W26/><G26/><N who="0" m="10347" /><D21/><U67/><E67/><AGARI ba="0,0" hai="5,9,12,13,14,15,56,63,67,81,83" m="10347" machi="67" ten="30,2000,0" yaku="8,1,52,1" doraHai="7" who="0" fromWho="1" sc="407,20,343,-20,119,0,131,0" owari="427,53.0,323,12.0,119,-38.0,131,-27.0" /></mjloggm>