<mjloggm ver="2.3"><GO type="169"/><UN n0="%EF%BC%88%E2%89%A7%E2%96%BD%E2%89%A6%EF%BC%89" n1="%73%68%69%6E%6B%61%77%61" n2="%E8%99%8E%E5%85%90%E6%9C%97" n3="%31%E6%9C%88%31%31%E6%97%A5" dan="17,16,17,17" rate="2142,2071,2147,2111" sx="M,M,M,M"/><TAIKYOKU oya="0"/><INIT seed="0,0,0,2,1,10" ten="250,250,250,250" oya="0" hai0="68,59,127,81,132,130,78,119,116,120,121,51,65" hai1="32,23,18,40,13,129,103,96,1,113,109,36,50" hai2="56,29,112,33,89,131,53,60,101,19,134,125,44" hai3="123,88,111,70,42,99,31,135,117,38,8,69,133"/><T95/><D95/><U2/><E32/><V61/><F112/><W75/><G75/><T41/><D81/><U30/><E113/><V93/><F131/><W82/><G117/><N who="0" m="45131" /><D78/><U4/><E129/><V92/><F134/><W20/><G38/><T55/><D130/><U34/><E36/><V39/><F125/><W15/><G42/><T6/><D6/><U7/><E109/><V87/><F29/><W72/><G111/><T118/><D118/><U85/><E34/><V0/><F33/><W80/><G80/><T97/><D97/><U90/><E30/><V24/><F0/><W14/><G123/><T126/><D41/><U74/><E74/><V84/><F24/><W58/><G72/><T122/><D132/><N who="3" m="50761" /><G58/><T77/><D77/><U22/><E22/><V9/><F101/><W16/><G31/><T106/><D106/><U49/><E2/><V52/><F9/><W11/><G11/><T71/><D65/><U25/><E1/><V57/><F19/><N who="3" m="10367" /><G99/><T128/><D128/><U43/><E40/><V107/><F107/><W3/><G3/><T76/><D76/><U98/><E43/><V114/><F39/><W86/><AGARI ba="0,0" hai="8,14,16,69,70,82,86,88" m="10367,50761" machi="86" ten="30,8000,1" yaku="20,1,52,2,54,2" doraHai="10" who="3" fromWho="3" sc="250,-40,250,-20,250,-20,250,80" /><INIT seed="1,0,0,2,4,21" ten="210,230,230,330" oya="1" hai0="64,130,67,14,110,41,19,18,20,88,53,70,50" hai1="132,25,33,65,4,12,34,13,28,123,35,56,24" hai2="124,118,98,112,134,135,62,106,45,79,58,51,108" hai3="102,126,107,16,55,122,29,96,94,10,127,27,44"/><U73/><E73/><V78/><F118/><W32/><G122/><T72/><D72/><U30/><E123/><V57/><F108/><W69/><G94/><T119/><D119/><U128/><E65/><V120/><F120/><W1/><G69/><T54/><D110/><U47/><E47/><V117/><F117/><W42/><G55/><N who="0" m="21003" /><D70/><U121/><E56/><N who="2" m="21611" /><F62/><W83/><G83/><T36/><D36/><U7/><E121/><V2/><F2/><W100/><G102/><T99/><D130/><U15/><E128/><V116/><F116/><W87/><G87/><T95/><D18/><U23/><E132/><N who="2" m="50731" /><F124/><W59/><G59/><T115/><D115/><U43/><E43/><N who="2" m="25023" /><F112/><W113/><G113/><T85/><D41/><U49/><E49/><V104/><F98/><W38/><REACH who="3" step="1"/><G16/><REACH who="3" ten="210,230,230,320" step="2"/><N who="0" m="10263" /><D50/><U80/><E80/><V61/><F61/><W103/><G103/><N who="0" m="60927" /><D19/><U3/><E3/><V39/><F39/><W46/><G46/><T82/><AGARI ba="0,1" hai="64,67,82,85,88" m="60927,10263,21003" machi="82" ten="30,4000,0" yaku="8,1,54,2" doraHai="21" who="0" fromWho="0" sc="210,50,230,-20,230,-10,320,-10" /><INIT seed="2,0,0,4,4,48" ten="260,210,220,310" oya="2" hai0="76,63,12,81,126,106,28,40,53,82,74,41,34" hai1="124,58,94,130,105,55,1,133,119,77,11,46,50" hai2="62,57,14,29,125,2,15,128,21,24,131,6,117" hai3="22,9,20,127,13,27,90,23,0,5,37,98,60"/><V108/><F117/><W75/><G37/><T69/><D106/><U112/><E105/><V109/><F57/><W43/><G75/><T111/><D126/><U83/><E119/><V79/><F62/><W96/><G43/><T65/><D111/><N who="2" m="42570" /><F79/><W25/><G127/><T120/><D120/><U7/><E124/><V101/><F101/><W93/><G0/><T70/><D70/><U121/><E121/><V91/><F91/><W61/><G98/><T89/><D12/><N who="2" m="4650" /><F125/><W44/><G44/><T110/><D110/><U8/><E8/><AGARI ba="0,0" hai="2,6,8,21,24,29,128,131" m="4650,42570" machi="8" ten="30,11600,0" yaku="14,1,10,1,34,2" doraHai="48" who="2" fromWho="1" sc="260,0,210,-116,220,116,310,0" /><INIT seed="2,1,0,3,2,39" ten="260,94,336,310" oya="2" hai0="103,121,32,30,26,70,67,107,111,112,0,68,114" hai1="115,74,14,15,21,66,43,82,49,80,20,96,102" hai2="16,81,23,98,124,48,2,50,129,55,135,29,99" hai3="122,62,65,86,127,4,110,13,131,3,10,1,73"/><V56/><F2/><W108/><G122/><T116/><D121/><U58/><E115/><V46/><F124/><W72/><G127/><T33/><D116/><U118/><E118/><V97/><F129/><W18/><G131/><T57/><D57/><U37/><E37/><V88/><F135/><W90/><G1/><T53/><D53/><U24/><E21/><V134/><F134/><W95/><G18/><T85/><D85/><U71/><E71/><N who="0" m="27177" /><D67/><U45/><E74/><V106/><F29/><W89/><G3/><T17/><D17/><U41/><E82/><V132/><F132/><W31/><G31/><N who="0" m="19575" /><D0/><U125/><E80/><V35/><F35/><W40/><G90/><T128/><D111/><N who="3" m="42537" /><G40/><T83/><D83/><U79/><E43/><N who="2" m="24671" /><F106/><W78/><G78/><T123/><D123/><U6/><E79/><V9/><F9/><W8/><G10/><T75/><D75/><U117/><E117/><V27/><F81/><W47/><G47/><T25/><D128/><U130/><E130/><V87/><F87/><W101/><G101/><T28/><D28/><U11/><E125/><V36/><F36/><W34/><G34/><T59/><D59/><AGARI ba="1,0" hai="4,8,13,59,62,65,72,73,86,89,95" m="42537" machi="59" ten="30,1000,0" yaku="14,1" doraHai="39" who="3" fromWho="0" sc="260,-13,94,0,336,0,310,13" /><INIT seed="3,0,0,2,0,76" ten="247,94,336,323" oya="3" hai0="57,97,6,114,124,77,87,51,39,22,48,43,132" hai1="23,100,110,125,62,46,122,49,91,53,67,116,71" hai2="42,102,2,26,92,28,7,128,85,10,37,96,19" hai3="79,105,4,111,99,50,5,94,95,61,24,108,3"/><W131/><G105/><T72/><D72/><U98/><E122/><V101/><F128/><W86/><G131/><T88/><D39/><U60/><E110/><N who="3" m="42026" /><G3/><T84/><D132/><U35/><E116/><V119/><F119/><W93/><G99/><T55/><D124/><U135/><E135/><V59/><F59/><W134/><G134/><T58/><D114/><U9/><E125/><V89/><F19/><W81/><G50/><T103/><D6/><N who="3" m="2665" /><G24/><T12/><D43/><U38/><E38/><V25/><F37/><W36/><G36/><T115/><D115/><U13/><E62/><AGARI ba="0,0" hai="61,62,79,81,86,93,94,95" m="2665,42026" machi="62" ten="40,7700,0" yaku="14,1,10,1,52,1" doraHai="76" who="3" fromWho="1" sc="247,0,94,-77,336,0,323,77" /><INIT seed="3,1,0,3,2,12" ten="247,17,336,400" oya="3" hai0="127,3,100,27,110,56,75,67,1,23,64,104,107" hai1="31,85,118,84,134,52,11,46,83,122,33,72,53" hai2="88,115,58,60,41,47,22,74,44,99,30,5,10" hai3="17,62,14,71,125,80,124,59,130,63,103,94,97"/><W114/><G114/><T92/><D75/><U78/><E122/><V109/><F115/><W25/><G25/><T76/><D76/><U48/><E118/><V49/><F74/><W2/><G2/><T117/><D117/><U50/><E134/><V20/><F109/><W35/><G35/><T38/><D38/><U32/><E72/><V21/><F47/><W129/><G80/><T15/><D110/><U77/><E31/><V111/><F111/><W101/><G71/><T93/><D127/><N who="3" m="48713" /><G103/><T91/><D1/><U8/><E46/><V112/><F112/><W81/><G81/><AGARI ba="1,0" hai="8,11,32,33,48,50,52,53,77,78,81,83,84,85" machi="81" ten="25,3200,0" yaku="22,2,54,1" doraHai="12" who="1" fromWho="3" sc="247,0,17,35,336,0,400,-35" /><INIT seed="4,0,0,4,4,22" ten="247,52,336,365" oya="0" hai0="53,37,14,52,70,8,65,99,24,32,15,72,45" hai1="55,80,127,2,124,78,62,71,74,56,128,90,33" hai2="61,63,94,134,118,109,64,85,44,21,38,10,87" hai3="13,51,92,111,46,101,131,107,110,84,6,103,91"/><T73/><D70/><U69/><E2/><V129/><F109/><W75/><G131/><T29/><D65/><U100/><E100/><V43/><F129/><W116/><G116/><T30/><D30/><U35/><E128/><V105/><F105/><W133/><G6/><T77/><D99/><U19/><E35/><V7/><F118/><W113/><G13/><T25/><D77/><U67/><E71/><V36/><F36/><W48/><G113/><T49/><D37/><U135/><E135/><V108/><F108/><W16/><G16/><N who="0" m="8263" /><D32/><U27/><E90/><V106/><F106/><W58/><G58/><N who="0" m="33039" /><D73/><U31/><REACH who="1" step="1"/><E19/><REACH who="1" ten="247,42,336,365" step="2"/><V41/><F134/><W104/><G133/><T76/><D76/><U97/><E97/><V54/><F7/><W120/><G111/><T79/><D79/><U28/><E28/><V95/><F38/><W26/><G110/><T96/><D29/><U123/><E123/><V9/><F64/><W102/><G120/><T121/><D121/><U119/><E119/><V57/><F54/><W18/><G107/><T115/><D96/><U132/><E132/><V20/><F43/><W82/><G104/><T40/><D40/><U50/><AGARI ba="0,1" hai="27,31,33,50,55,56,62,67,69,74,78,80,124,127" machi="50" ten="30,7900,0" yaku="1,1,0,1,52,1,53,1" doraHai="22" doraHaiUra="23" who="1" fromWho="1" sc="247,-39,42,89,336,-20,365,-20" /><INIT seed="5,0,0,1,0,28" ten="208,131,316,345" oya="1" hai0="31,104,3,95,84,58,79,103,116,100,74,81,32" hai1="38,120,15,99,67,124,122,71,108,55,65,114,86" hai2="128,24,12,53,8,41,26,0,115,54,78,112,11" hai3="90,83,10,127,134,17,62,109,129,29,88,123,19"/><U121/><E38/><V77/><F41/><W36/><G109/><T97/><D3/><U6/><E108/><V126/><F0/><W75/><G123/><T48/><D116/><U98/><E114/><N who="2" m="43563" /><F126/><W82/><G36/><T7/><D7/><U68/><E124/><V61/><F128/><W93/><G127/><T37/><D37/><U102/><E86/><V59/><F54/><W135/><G62/><T40/><D100/><U110/><E110/><V47/><F47/><W76/><G129/><T119/><D119/><U52/><E6/><N who="2" m="3095" /><F11/><W9/><G29/><T33/><D31/><U113/><E113/><V73/><F73/><W66/><G66/><N who="1" m="25098" /><E15/><V70/><F70/><N who="1" m="26665" /><E102/><V105/><F105/><W94/><G75/><T27/><D27/><AGARI ba="0,0" hai="24,26,27,53,59,61,77,78" m="3095,43563" machi="27" ten="30,2000,0" yaku="15,1,11,1" doraHai="28" who="2" fromWho="0" sc="208,-20,131,0,316,20,345,0" /><INIT seed="6,0,0,3,2,107" ten="188,131,336,345" oya="2" hai0="75,69,104,45,129,94,37,82,130,22,122,125,120" hai1="66,63,84,58,116,8,62,42,12,53,64,68,11" hai2="126,5,70,71,98,88,47,76,1,59,33,117,2" hai3="121,16,100,14,56,65,109,39,6,20,106,50,10"/><V30/><F117/><W103/><G109/><T128/><D104/><U0/><E116/><V3/><F47/><W102/><G121/><T15/><D125/><U119/><E119/><V27/><F126/><W132/><G39/><T36/><D45/><U18/><E42/><V97/><F5/><W112/><G132/><T83/><D69/><U67/><E0/><V25/><F76/><W7/><G106/><T124/><D124/><U44/><E44/><V72/><F72/><W13/><G112/><T127/><D127/><U49/><E68/><V9/><F9/><W78/><G78/><N who="0" m="44383" /><D94/><U24/><E24/><V111/><F111/><W114/><G114/><T101/><D101/><U135/><E135/><V90/><F59/><W108/><G108/><T40/><D83/><U99/><E99/><V26/><F30/><W17/><G50/><T4/><D40/><U19/><REACH who="1" step="1"/><E84/><REACH who="1" ten="188,121,336,345" step="2"/><V29/><F71/><W113/><G113/><T93/><D122/><U110/><E110/><V51/><F70/><W92/><G92/><T60/><D120/><U95/><E95/><V31/><F27/><W118/><G118/><T54/><D93/><U41/><E41/><V46/><F46/><W34/><G34/><T28/><D128/><U89/><E89/><V96/><F26/><W80/><G80/><T131/><D131/><U133/><E133/><V123/><F123/><W105/><G105/><T85/><D130/><U21/><E21/><V74/><F31/><W86/><G86/><T79/><D129/><U87/><E87/><V81/><F29/><W43/><G43/><T52/><D28/><RYUUKYOKU ba="0,1" sc="188,-15,121,15,336,-15,345,15" hai1="8,11,12,18,19,49,53,58,62,63,64,66,67" hai3="6,7,10,13,14,16,17,20,56,65,100,102,103" /><INIT seed="7,1,1,4,4,9" ten="173,136,321,360" oya="3" hai0="69,90,51,120,86,76,104,121,30,65,0,126,71" hai1="111,134,16,42,114,27,58,109,119,49,19,57,89" hai2="92,10,66,85,70,41,39,115,129,43,127,61,33" hai3="122,32,35,48,38,12,1,11,67,131,97,95,56"/><W87/><G122/><T98/><D0/><U40/><E119/><V68/><F33/><W113/><G38/><T3/><D3/><U64/><E114/><V133/><F115/><W18/><G113/><T102/><D126/><U47/><E134/><V60/><F127/><W130/><G87/><T88/><D76/><U46/><E64/><N who="2" m="40967" /><F10/><W54/><G67/><T34/><D51/><U77/><E77/><V2/><F2/><W106/><G106/><T79/><D79/><U14/><E27/><V63/><F92/><W36/><G36/><T80/><D90/><U135/><E135/><V50/><F85/><W5/><G5/><T6/><D6/><U28/><E28/><V21/><F21/><W94/><G94/><T44/><D44/><U112/><E112/><V125/><F125/><W72/><G72/><T31/><D31/><U128/><E89/><V81/><F81/><W13/><G13/><T26/><D71/><U83/><E14/><V55/><F133/><W20/><G11/><T107/><D107/><U99/><E83/><V59/><F129/><N who="3" m="49163" /><G1/><T124/><D124/><U84/><E128/><V132/><F132/><W8/><G8/><T17/><D17/><U24/><E84/><V23/><F23/><W82/><G82/><T91/><D91/><AGARI ba="1,1" hai="12,18,20,32,35,48,54,56,91,95,97" m="49163" machi="91" ten="30,2900,0" yaku="19,1,52,1" doraHai="9" who="3" fromWho="0" sc="173,-32,136,0,321,0,360,42" owari="141,-26.0,136,-36.0,321,12.0,402,50.0" /></mjloggm>