<mjloggm ver="2.3"><GO type="169" lobby="0"/><UN n0="%E3%82%89%E3%81%84%E3%81%A1%E3%82%87%E3%81%86" n1="%EF%BC%88%E2%89%A7%E2%96%BD%E2%89%A6%EF%BC%89" n2="%E8%91%89%E6%9B%B8%E5%90%8D%E7%84%A1%E3%81%97" n3="%E3%81%A1%E3%82%85%E3%82%93%E3%81%A9" dan="16,18,16,16" rate="2013.30,2178.42,2070.43,2055.43" sx="M,F,M,M"/><TAIKYOKU oya="0"/><INIT seed="0,0,0,1,1,84" ten="250,250,250,250" oya="0" hai0="96,41,86,32,56,58,75,71,49,50,111,36,104" hai1="29,134,68,128,60,54,33,47,57,35,66,87,116" hai2="90,105,17,129,79,106,70,125,9,59,99,11,7" hai3="31,94,15,22,26,78,61,131,16,18,85,120,23"/><T126/><D75/><U46/><E116/><V38/><F70/><W67/><G131/><T5/><D32/><U101/><E128/><V37/><F79/><W81/><G120/><T65/><D5/><U0/><E0/><V113/><F113/><W114/><G114/><T73/><D73/><U108/><E108/><V122/><F122/><W109/><G109/><T48/><D86/><U30/><E134/><V55/><F129/><W8/><G94/><T44/><D104/><U77/><E101/><V103/><F125/><W2/><G2/><T97/><D111/><U119/><E119/><V24/><F106/><W98/><G98/><T130/><D130/><U92/><E33/><V76/><F76/><W12/><REACH who="3" step="1"/><G61/><REACH who="3" ten="250,250,250,240" step="2"/><N who="0" m="40367" /><D97/><U82/><E92/><V135/><F99/><W62/><G62/><T132/><D96/><U34/><E60/><V64/><F105/><W40/><G40/><N who="0" m="22535" /><D132/><U21/><E68/><V1/><F1/><W83/><G83/><T20/><D126/><U91/><E82/><V118/><F135/><W27/><G27/><T72/><D72/><U107/><E107/><V14/><F24/><W123/><G123/><T88/><D41/><U69/><E69/><V52/><F103/><W28/><G28/><T45/><D45/><U115/><E47/><V53/><F118/><W25/><G25/><T117/><D117/><U3/><E46/><V89/><F14/><W39/><G39/><T93/><D20/><U95/><E21/><V10/><F37/><W4/><G4/><T127/><D127/><U51/><E30/><V133/><F38/><W80/><G80/><RYUUKYOKU ba="0,1" sc="250,15,250,-15,250,-15,240,15" hai0="48,49,50,56,58,88,93" hai3="8,12,15,16,18,22,23,26,31,67,78,81,85" /><INIT seed="0,1,1,4,1,21" ten="265,235,235,255" oya="0" hai0="1,135,19,123,27,20,110,50,58,3,47,74,127" hai1="4,9,117,118,132,38,57,121,104,125,75,8,99" hai2="54,62,103,100,126,92,29,26,65,124,67,119,83" hai3="113,10,80,93,52,41,97,59,15,109,7,36,86"/><T115/><D123/><U33/><E33/><V39/><F39/><W130/><G109/><T31/><D115/><U32/><E32/><V71/><F119/><W102/><G113/><T116/><D116/><U72/><E38/><V87/><F67/><W12/><G130/><T90/><D110/><U5/><E121/><V49/><F92/><W105/><G105/><T84/><D74/><U129/><E57/><V66/><F66/><W46/><G15/><T56/><D135/><U81/><E81/><V44/><F124/><W55/><REACH who="3" step="1"/><G59/><REACH who="3" ten="265,235,235,245" step="2"/><N who="0" m="22571" /><D1/><U79/><E104/><V63/><F126/><W16/><G16/><T68/><D3/><U37/><E125/><V82/><F63/><W89/><AGARI ba="1,2" hai="7,10,12,36,41,46,52,55,80,86,89,93,97,102" machi="89" ten="20,5200,0" yaku="1,1,0,1,7,1,54,1,53,0" doraHai="21" doraHaiUra="35" who="3" fromWho="3" sc="265,-27,235,-14,235,-14,245,75" /><INIT seed="1,0,0,0,0,20" ten="238,221,221,320" oya="1" hai0="2,102,94,101,103,81,61,16,131,31,59,129,107" hai1="29,66,12,45,100,77,24,122,82,40,27,90,126" hai2="0,5,22,109,108,105,62,41,51,98,124,54,64" hai3="47,57,44,91,37,11,43,89,117,9,46,123,86"/><U15/><E122/><V125/><F5/><W28/><G123/><T71/><D71/><U34/><E126/><N who="2" m="48747" /><F0/><W118/><G28/><T88/><D2/><U33/><E100/><V7/><F7/><W84/><G57/><T52/><D81/><U39/><E66/><V106/><F22/><W32/><G32/><T128/><D31/><U63/><E63/><V99/><F41/><W104/><G104/><N who="2" m="40041" /><F98/><W75/><G43/><T58/><D107/><U60/><E60/><V111/><F99/><W25/><G37/><T1/><D1/><U97/><E33/><V56/><F109/><W130/><G47/><AGARI ba="0,0" hai="47,51,54,56,62,64,108,111" m="40041,48747" machi="47" ten="30,1000,0" yaku="18,1" doraHai="20" who="2" fromWho="3" sc="238,0,221,0,221,10,320,-10" /><INIT seed="2,0,0,4,2,20" ten="238,221,231,310" oya="2" hai0="57,107,4,9,38,39,74,1,86,128,68,111,94" hai1="71,46,85,54,28,110,132,25,126,70,66,5,64" hai2="81,98,120,73,87,109,103,12,65,11,82,27,113" hai3="108,44,134,83,10,84,52,122,125,35,36,0,16"/><V79/><F120/><W51/><G122/><T2/><D68/><U112/><E112/><V80/><F113/><W17/><G108/><T7/><D107/><U45/><E110/><V135/><F135/><W19/><G134/><T61/><D74/><U129/><E132/><V30/><F109/><W6/><G35/><T77/><D111/><U117/><E117/><V72/><F65/><W47/><G125/><T105/><D105/><U99/><E129/><V75/><F98/><W67/><G67/><T130/><D4/><U50/><E126/><V56/><F56/><W133/><G133/><T32/><D1/><U14/><E71/><V15/><F103/><W90/><REACH who="3" step="1"/><G36/><REACH who="3" ten="238,221,231,300" step="2"/><T26/><D39/><U63/><E66/><V49/><F49/><W95/><G95/><T53/><D38/><U40/><E64/><V21/><REACH who="2" step="1"/><F15/><REACH who="2" ten="238,221,221,300" step="2"/><W60/><G60/><T116/><D61/><U58/><E14/><V131/><F131/><W62/><G62/><T100/><D130/><U88/><E63/><V24/><F24/><W101/><G101/><T89/><D100/><U34/><E25/><V3/><F3/><W121/><G121/><T23/><D26/><U124/><E50/><V115/><F115/><W8/><G8/><T18/><D9/><U13/><E124/><V33/><F33/><W114/><G114/><T92/><D32/><U31/><E34/><V69/><F69/><W59/><AGARI ba="0,2" hai="0,6,10,16,17,19,44,47,51,52,59,83,84,90" machi="59" ten="30,7900,0" yaku="1,1,0,1,54,2,53,0" doraHai="20" doraHaiUra="102" who="3" fromWho="3" sc="238,-20,221,-20,221,-39,300,99" /><INIT seed="3,0,0,2,2,124" ten="218,201,182,399" oya="3" hai0="117,101,74,93,90,28,17,75,26,122,21,44,23" hai1="27,9,77,60,80,83,129,45,56,11,2,130,38" hai2="55,108,14,123,78,103,99,6,67,4,30,51,57" hai3="54,32,125,12,76,82,127,102,106,66,128,33,50"/><W104/><G66/><T135/><D117/><U46/><E27/><V13/><F108/><W114/><G114/><T134/><D101/><U31/><E31/><V133/><F133/><N who="0" m="50698" /><D44/><N who="1" m="17003" /><E38/><V71/><F123/><W87/><G12/><N who="0" m="9383" /><D122/><U109/><E109/><V120/><F78/><W131/><G102/><T41/><D41/><U86/><E2/><V84/><F84/><AGARI ba="0,0" hai="23,26,28,74,75,84,90,93" m="9383,50698" machi="84" ten="30,1000,0" yaku="20,1" doraHai="124" who="0" fromWho="2" sc="218,10,201,0,182,-10,399,0" /><INIT seed="4,0,0,4,0,4" ten="228,201,172,399" oya="0" hai0="35,19,58,21,135,59,20,3,103,73,113,83,98" hai1="118,69,39,50,27,49,2,111,90,64,93,74,117" hai2="9,79,87,60,91,67,61,123,5,37,85,24,28" hai3="65,26,23,68,116,16,10,31,17,7,92,70,77"/><T95/><D35/><U53/><E111/><V43/><F123/><W114/><G116/><T22/><D113/><U62/><E74/><V78/><F43/><W45/><G114/><T130/><D130/><U13/><E2/><V44/><F44/><W12/><G77/><T66/><D135/><U48/><E39/><V96/><F37/><W120/><G120/><T54/><D3/><U46/><E27/><V124/><F96/><W112/><G112/><T122/><D122/><U108/><E108/><V36/><F36/><W55/><G92/><T0/><D0/><U101/><E101/><V30/><F124/><W8/><G65/><T1/><D1/><U82/><E82/><V107/><F107/><W133/><G133/><T125/><D125/><U72/><E72/><V131/><F131/><W42/><G55/><T57/><D66/><U128/><E128/><V94/><F61/><W38/><G7/><T47/><D73/><U75/><E75/><V63/><F60/><W25/><G8/><T71/><D71/><U127/><E127/><V97/><F78/><W88/><G88/><T34/><D83/><U29/><E117/><V32/><F79/><W89/><REACH who="3" step="1"/><G89/><REACH who="3" ten="228,201,172,389" step="2"/><T132/><D132/><U100/><E90/><V80/><F80/><W115/><G115/><T76/><D76/><U126/><E118/><V51/><F91/><W109/><G109/><T105/><D95/><U110/><E126/><V6/><F94/><W14/><G14/><T52/><D54/><U106/><E110/><V104/><F5/><W119/><G119/><T84/><D52/><U102/><E93/><RYUUKYOKU ba="0,1" sc="228,-10,201,-10,172,-10,389,30" hai3="10,12,16,17,23,25,26,31,38,42,45,68,70" /><INIT seed="5,1,1,0,2,53" ten="218,191,162,419" oya="1" hai0="115,8,44,73,2,101,62,112,13,106,0,40,72" hai1="118,100,32,104,60,3,65,45,14,43,134,20,92" hai2="135,119,33,30,120,84,81,102,5,42,39,94,9" hai3="31,24,116,34,110,41,21,117,23,87,111,69,98"/><U46/><E3/><N who="0" m="1065" /><D62/><U108/><E32/><V130/><F119/><N who="3" m="45643" /><G69/><T52/><D101/><U97/><E118/><V121/><F42/><W12/><G41/><T133/><D106/><U123/><E108/><N who="3" m="41514" /><G98/><T96/><D96/><U61/><E104/><V114/><F39/><W107/><G107/><T85/><D85/><U83/><E43/><V15/><F120/><W18/><G87/><T26/><D26/><U27/><E123/><V124/><F121/><W29/><G29/><T64/><D64/><U59/><E83/><V95/><F30/><W86/><G86/><T129/><D52/><U55/><E134/><V90/><F84/><W82/><G82/><T132/><D129/><U128/><E128/><V68/><F81/><W16/><G18/><N who="0" m="8487" /><D73/><U7/><E27/><V75/><F75/><W54/><G54/><T126/><D72/><U51/><E61/><V35/><F130/><W47/><G47/><T49/><D126/><U67/><E67/><V113/><F124/><W1/><G1/><T11/><D132/><U70/><REACH who="1" step="1"/><E7/><REACH who="1" ten="218,181,162,419" step="2"/><V4/><F135/><W80/><G80/><T71/><D133/><U28/><E28/><V38/><F4/><W109/><G109/><T91/><D40/><U127/><E127/><V131/><F131/><W74/><G74/><T10/><D49/><U122/><E122/><V99/><F33/><AGARI ba="1,2" hai="12,16,21,23,24,31,33,34" m="41514,45643" machi="33" ten="30,7700,0" yaku="12,1,34,2,54,1" doraHai="53" who="3" fromWho="2" sc="218,0,181,0,162,-80,419,100" /><INIT seed="6,0,0,3,4,52" ten="218,181,82,519" oya="2" hai0="40,124,115,99,129,16,122,25,131,0,107,17,100" hai1="86,2,102,15,105,49,1,38,24,84,51,46,69" hai2="13,6,109,126,33,72,18,76,32,89,112,56,128" hai3="35,134,54,123,90,43,79,12,114,27,80,42,94"/><V34/><F112/><W73/><G114/><T108/><D122/><U4/><E69/><V98/><F109/><W11/><G134/><T65/><D108/><U29/><E38/><V118/><F118/><W85/><G123/><T36/><D0/><U135/><E135/><V82/><F128/><N who="0" m="49226" /><D124/><U81/><E2/><V63/><F126/><W117/><G117/><T104/><D104/><U22/><E1/><V21/><F6/><W9/><G9/><T120/><D120/><U111/><E111/><V28/><F98/><W55/><G54/><T93/><D115/><U26/><E105/><V96/><F96/><W125/><G55/><T23/><D107/><U130/><E102/><V31/><REACH who="2" step="1"/><F89/><REACH who="2" ten="218,181,72,519" step="2"/><W113/><G125/><T71/><D99/><U59/><E130/><V10/><F10/><W68/><G113/><T77/><D100/><U57/><E4/><V37/><F37/><W39/><G39/><T19/><D36/><U66/><E46/><V8/><F8/><W74/><G11/><T53/><D77/><U3/><E3/><V92/><F92/><W116/><G90/><T87/><D93/><U14/><E81/><V97/><F97/><W110/><G80/><T64/><D87/><U67/><E86/><V7/><F7/><W133/><G85/><T48/><D19/><U41/><E84/><V78/><F78/><W58/><G79/><T60/><D16/><U62/><E29/><V101/><F101/><W103/><G103/><T95/><D95/><U83/><E83/><V106/><F106/><W91/><G110/><T132/><D17/><U75/><E75/><RYUUKYOKU ba="0,1" sc="218,-10,181,-10,72,30,519,-10" hai2="13,18,21,28,31,32,33,34,56,63,72,76,82" /><INIT seed="6,1,1,2,4,1" ten="208,171,102,509" oya="2" hai0="123,19,66,5,3,72,125,127,58,132,118,0,88" hai1="24,115,43,31,26,131,10,56,16,96,36,70,52" hai2="107,2,45,38,119,8,67,130,76,49,86,135,90" hai3="54,114,80,57,82,39,78,11,94,69,32,17,74"/><V60/><F119/><W104/><G104/><T95/><D118/><U112/><E70/><V46/><F130/><W13/><G69/><T81/><D132/><U73/><E73/><V7/><F135/><W109/><G109/><T79/><D123/><U122/><E122/><V53/><F107/><W35/><G39/><T91/><D19/><U25/><E131/><V48/><F38/><W42/><G42/><T64/><D91/><U33/><E96/><V99/><F76/><W15/><G114/><N who="1" m="43562" /><E43/><V41/><F99/><W102/><G82/><T83/><D83/><U128/><E36/><V126/><F126/><N who="0" m="48138" /><D5/><U9/><E128/><V65/><REACH who="2" step="1"/><F60/><REACH who="2" ten="208,171,92,509" step="2"/><W21/><G78/><T93/><D79/><U4/><E10/><V85/><F85/><W55/><G11/><T71/><D72/><U62/><E16/><V12/><F12/><AGARI ba="1,2" hai="4,9,12,24,25,26,31,33,52,56,62" m="43562" machi="12" ten="30,3900,0" yaku="15,1,52,1,54,1" doraHai="1" who="1" fromWho="2" sc="208,0,171,62,92,-42,509,0" /><INIT seed="7,0,0,0,4,2" ten="208,233,50,509" oya="3" hai0="27,32,70,26,19,102,48,120,53,4,93,13,90" hai1="119,9,5,107,22,67,133,58,72,76,46,69,71" hai2="39,17,83,100,31,43,86,91,16,123,115,41,35" hai3="49,37,64,111,78,51,132,75,30,36,55,87,81"/><W74/><G64/><T61/><D120/><U135/><E107/><V38/><F31/><W114/><G30/><T117/><D102/><U103/><E103/><V122/><F35/><W116/><G132/><N who="1" m="50762" /><E22/><V77/><F115/><W21/><G114/><T68/><D117/><U92/><E92/><V99/><F99/><W20/><G51/><T96/><D32/><U101/><E101/><V11/><F100/><W89/><G55/><T108/><D108/><U63/><E46/><V24/><F77/><W97/><G49/><T47/><D70/><U124/><E124/><V57/><F57/><W131/><G37/><T44/><D44/><U6/><E6/><V121/><F24/><N who="0" m="9258" /><D61/><U28/><E28/><V14/><F17/><W125/><G36/><T127/><D68/><U128/><E119/><V88/><F39/><W118/><G125/><T130/><D130/><U34/><E128/><V12/><F38/><W59/><G131/><T50/><D50/><U29/><E29/><V82/><REACH who="2" step="1"/><F14/><REACH who="2" ten="208,233,40,509" step="2"/><W56/><G81/><T8/><D127/><U52/><E34/><V104/><F104/><W110/><G87/><T25/><D25/><U0/><E71/><V98/><F98/><W73/><G97/><T109/><D109/><U105/><E105/><V126/><F126/><W134/><G78/><T79/><D79/><U95/><E69/><V106/><F106/><W94/><G75/><T80/><D19/><U7/><E76/><V84/><AGARI ba="0,1" hai="11,12,16,41,43,82,83,84,86,88,91,121,122,123" machi="84" ten="40,12000,2" yaku="1,1,0,1,9,1,13,1,54,2,53,0" doraHai="2" doraHaiUra="129" who="2" fromWho="2" sc="208,-30,233,-30,40,130,509,-60" owari="178,-22.0,203,0.0,170,-33.0,449,55.0" /></mjloggm>