<mjloggm ver="2.3"><GO type="41"/><UN n0="%EF%BC%88%E2%89%A7%E2%96%BD%E2%89%A6%EF%BC%89" n1="%E8%82%A9%E5%B9%85%E7%8B%AD%E5%A4%AB" n2="%6D%61%74%74%65%77" n3="%4E%49%53%48%49" dan="18,13,13,15" rate="2194,1875,1808,2019" sx="M,M,M,M"/><TAIKYOKU oya="0"/><INIT seed="0,0,0,1,0,13" ten="250,250,250,250" oya="0" hai0="87,82,100,94,15,3,23,62,96,34,113,108,124" hai1="26,129,19,93,46,35,50,66,95,86,48,107,63" hai2="33,92,112,110,116,51,85,127,53,97,84,39,118" hai3="73,12,69,114,54,128,9,21,74,38,44,115,135"/><T55/><D3/><U102/><E129/><V60/><F112/><W31/><G128/><T49/><D34/><U40/><E107/><V29/><F39/><W65/><G69/><T83/><D113/><U126/><E126/><V75/><F75/><W131/><G65/><T79/><D124/><U27/><E35/><V67/><F127/><W121/><G74/><T103/><D108/><U80/><E50/><V14/><F33/><W20/><G73/><T32/><D32/><U77/><E102/><V104/><F104/><W41/><G131/><T133/><D133/><U18/><E27/><V105/><F105/><W101/><G101/><T24/><D82/><U122/><E122/><V2/><F2/><W78/><G78/><T76/><D62/><U134/><E134/><V45/><F29/><W72/><G72/><T37/><D103/><U132/><E132/><V99/><F14/><W123/><G135/><T4/><D37/><U0/><E0/><V36/><F36/><W98/><G54/><T43/><D43/><U91/><E26/><V22/><F22/><N who="3" m="8811" /><G98/><T70/><D70/><U64/><E95/><V57/><F110/><W58/><G31/><N who="0" m="17823" /><D76/><U52/><E40/><V8/><F8/><W88/><G115/><T130/><D130/><U117/><E117/><N who="2" m="45163" /><F99/><W68/><G114/><T30/><D30/><U47/><E47/><V28/><F28/><W109/><G68/><T89/><D79/><U42/><E42/><V16/><F45/><W7/><G109/><T10/><D55/><U71/><E66/><V106/><F67/><W120/><G58/><T90/><D100/><RYUUKYOKU ba="0,0" sc="250,10,250,10,250,-30,250,10" hai0="4,10,15,49,83,87,89,90,94,96" hai1="18,19,46,48,52,63,64,71,77,80,86,91,93" hai3="7,9,12,38,41,44,88,120,121,123" /><INIT seed="0,1,0,2,4,2" ten="260,260,220,260" oya="0" hai0="44,57,96,36,118,8,7,113,71,37,89,134,33" hai1="16,28,59,19,109,12,56,99,103,110,60,62,58" hai2="50,75,98,102,121,135,106,115,97,25,63,55,80" hai3="73,105,30,120,21,129,26,15,116,32,93,66,83"/><T101/><D71/><U29/><E99/><V76/><F115/><W39/><G105/><T91/><D113/><U20/><E103/><V42/><F121/><W3/><G39/><T128/><D118/><U126/><E126/><V111/><F98/><W107/><G107/><T48/><D33/><U112/><E112/><V52/><F111/><N who="1" m="42505" /><E12/><V38/><F135/><W122/><G116/><T68/><D68/><U72/><E20/><V130/><F130/><W84/><G3/><T94/><D128/><U74/><E28/><V61/><F25/><W108/><G66/><T100/><D134/><U0/><E29/><V54/><REACH who="2" step="1"/><F50/><REACH who="2" ten="260,260,210,260" step="2"/><W43/><G129/><T90/><D101/><U27/><E27/><V69/><F69/><W92/><G26/><T24/><D24/><U49/><E49/><V40/><F40/><W4/><G43/><T81/><D57/><U31/><E31/><V87/><F87/><W77/><G30/><T51/><D51/><U114/><E114/><V82/><F82/><W18/><G84/><T46/><D81/><U10/><E72/><V1/><F1/><W70/><G70/><T9/><D48/><U104/><E74/><V34/><F34/><W127/><G32/><T67/><D37/><U124/><E124/><V23/><F23/><W85/><G127/><T123/><D36/><U14/><E0/><V35/><F35/><W22/><G22/><T125/><D125/><U6/><E104/><V47/><AGARI ba="1,1" hai="38,42,47,52,54,55,61,63,75,76,80,97,102,106" machi="47" ten="30,7900,0" yaku="1,1,0,1,54,1,53,1" doraHai="2" doraHaiUra="79" who="2" fromWho="2" sc="260,-40,260,-21,210,92,260,-21" /><INIT seed="1,0,0,0,2,109" ten="220,239,302,239" oya="1" hai0="85,99,54,63,1,112,67,10,128,92,68,74,0" hai1="4,91,104,123,37,135,121,80,47,61,17,105,22" hai2="111,50,35,134,73,71,86,84,115,18,40,19,34" hai3="15,94,32,46,131,49,13,45,126,43,25,110,113"/><U77/><E135/><V59/><F71/><W87/><G110/><T130/><D74/><U7/><E61/><V107/><F107/><W90/><G131/><N who="0" m="50219" /><D85/><U70/><E70/><V83/><F111/><W21/><G32/><T30/><D30/><U56/><E56/><V31/><F134/><W51/><G126/><T76/><D76/><U5/><E91/><V93/><F35/><W81/><G113/><T98/><D98/><U12/><E105/><V9/><F115/><W66/><G66/><T23/><D23/><U20/><E104/><V118/><F118/><W96/><G46/><T39/><D39/><U3/><E22/><V26/><F93/><W116/><G51/><T48/><D10/><U44/><E3/><V14/><F19/><W29/><REACH who="3" step="1"/><G116/><REACH who="3" ten="220,239,302,229" step="2"/><T133/><D112/><U41/><REACH who="1" step="1"/><E47/><REACH who="1" ten="220,229,302,229" step="2"/><V38/><F38/><W106/><G106/><T6/><D133/><U60/><E60/><V120/><F120/><W64/><G64/><T53/><D67/><U36/><E36/><V69/><F69/><W33/><G33/><T2/><D63/><U42/><E42/><V114/><F114/><W72/><G72/><AGARI ba="0,2" hai="4,5,7,12,17,20,37,41,44,72,77,80,121,123" machi="72" ten="40,2000,0" yaku="1,1,53,0" doraHai="109" doraHaiUra="55" who="1" fromWho="3" sc="220,0,229,40,302,0,229,-20" /><INIT seed="1,1,0,5,1,13" ten="220,269,302,209" oya="1" hai0="127,4,28,16,134,122,133,7,125,54,97,61,1" hai1="79,72,43,46,103,52,119,63,89,62,91,88,130" hai2="47,53,42,116,74,59,94,84,75,37,73,112,115" hai3="23,96,86,32,26,128,68,132,83,113,109,95,76"/><U110/><E119/><V55/><F116/><W39/><G68/><T70/><D122/><U29/><E72/><V10/><F10/><W92/><G39/><T60/><D28/><U135/><E130/><V35/><F35/><W0/><G128/><T87/><D97/><U30/><E135/><N who="0" m="51721" /><D87/><U80/><E110/><V2/><F2/><W114/><G109/><T56/><D1/><U48/><E103/><V121/><F121/><W107/><G0/><T100/><D100/><U31/><E79/><V45/><F94/><W41/><G41/><T129/><D129/><U50/><REACH who="1" step="1"/><E80/><REACH who="1" ten="220,259,302,209" step="2"/><V12/><F84/><W90/><G132/><T82/><D82/><U18/><E18/><V118/><F118/><W44/><G114/><N who="2" m="43561" /><F75/><W34/><G113/><T64/><D16/><U25/><E25/><V102/><F102/><W6/><G6/><AGARI ba="1,1" hai="4,6,7,54,56,60,61,64,70,125,127" m="51721" machi="6" ten="30,1000,0" yaku="20,1" doraHai="13" who="0" fromWho="3" sc="220,23,259,0,302,0,209,-13" /><INIT seed="2,0,0,5,3,104" ten="243,259,302,196" oya="2" hai0="6,126,125,11,69,68,5,39,30,53,87,76,106" hai1="118,38,100,133,122,121,64,93,25,88,55,119,16" hai2="44,8,47,21,18,31,0,49,97,52,22,105,116" hai3="36,92,107,57,82,73,80,131,129,90,4,83,24"/><V96/><F116/><W42/><G4/><T89/><D39/><U102/><E38/><V17/><F105/><W81/><G42/><T128/><D106/><U3/><E64/><V41/><F0/><W78/><G24/><T70/><D128/><N who="3" m="49225" /><G57/><T112/><D112/><U95/><E55/><V29/><F8/><W61/><G61/><T79/><D30/><N who="2" m="11274" /><F41/><W1/><G107/><T28/><D28/><U54/><E3/><V85/><F47/><W127/><G1/><N who="0" m="431" /><D53/><U135/><E54/><V109/><F85/><N who="3" m="52303" /><G36/><T77/><D6/><U58/><E58/><V86/><F86/><N who="3" m="48407" /><G127/><N who="0" m="48651" /><D69/><U60/><E60/><V91/><F91/><W117/><G117/><T115/><D115/><U13/><E88/><V63/><F63/><W14/><G14/><T46/><D46/><U75/><E13/><N who="2" m="9391" /><F109/><W134/><G134/><T7/><D7/><U101/><E101/><V114/><F114/><W110/><G110/><T51/><D51/><U26/><REACH who="1" step="1"/><E16/><REACH who="1" ten="243,249,302,196" step="2"/><V62/><F62/><W65/><G65/><T120/><D68/><U98/><E98/><V108/><F108/><W56/><G56/><T43/><D70/><U84/><E84/><V113/><F113/><W33/><G33/><T71/><D71/><U35/><E35/><V94/><F94/><W123/><G123/><T111/><D120/><U45/><E45/><V124/><F124/><W130/><G130/><T23/><D111/><U32/><E32/><V59/><F59/><W67/><G67/><T12/><D43/><U99/><E99/><V37/><F37/><W50/><G50/><T9/><D12/><AGARI ba="0,1" hai="12,18,22,44,49,52,96,97" m="9391,11274" machi="12" ten="30,2900,0" yaku="8,1,54,1" doraHai="104" who="2" fromWho="0" sc="243,-29,249,0,302,39,196,0" /><INIT seed="2,1,0,2,3,111" ten="214,249,341,196" oya="2" hai0="107,74,50,110,42,15,68,35,46,128,100,70,72" hai1="80,8,124,79,93,127,115,5,62,45,25,3,86" hai2="7,0,41,76,91,12,39,71,24,36,54,65,96" hai3="121,130,116,95,120,32,126,99,122,132,40,89,52"/><V125/><F0/><W109/><G32/><T47/><D110/><U85/><E25/><V28/><F76/><W56/><G109/><T27/><D128/><U9/><E9/><V101/><F91/><W59/><G130/><T103/><D15/><U22/><E22/><V81/><F81/><W133/><G116/><T94/><D94/><U92/><E62/><V90/><F90/><W1/><G1/><T87/><D87/><U55/><E86/><V88/><F54/><W69/><G69/><T118/><D27/><U60/><E93/><V106/><F88/><W20/><G40/><T16/><D42/><U38/><E92/><V67/><F41/><W134/><G126/><T135/><D35/><U98/><E98/><V49/><F49/><N who="3" m="30735" /><G59/><T31/><D50/><U123/><E38/><V64/><F125/><N who="1" m="48201" /><E45/><V84/><F84/><W26/><G122/><T105/><D118/><U75/><E123/><V58/><F58/><W11/><G11/><T19/><REACH who="0" step="1"/><D31/><AGARI ba="1,0" hai="20,26,31,89,95,99,120,121,132,133,134" m="30735" machi="31" ten="30,2000,0" yaku="20,1,54,1" doraHai="111" who="3" fromWho="0" sc="214,-23,249,0,341,0,196,23" /><INIT seed="3,0,0,4,4,25" ten="191,249,341,219" oya="3" hai0="66,126,12,33,22,60,73,61,133,62,93,97,20" hai1="76,45,121,94,16,71,83,6,9,41,17,108,10" hai2="27,86,132,2,92,135,134,112,96,79,111,80,36" hai3="109,23,119,69,113,70,99,26,81,89,95,19,91"/><W118/><G113/><T28/><D73/><U105/><E121/><V50/><F2/><W7/><G7/><T29/><D133/><U98/><E105/><V42/><F50/><W107/><G107/><T114/><D114/><U127/><E71/><V74/><F27/><W35/><G35/><T37/><D37/><U90/><E10/><V54/><F54/><W15/><G109/><T55/><D126/><U88/><E90/><V1/><F112/><W63/><G70/><T87/><D33/><U115/><E127/><V110/><F1/><W8/><G81/><T14/><D66/><U72/><E108/><N who="2" m="41515" /><F42/><W3/><G89/><N who="0" m="55471" /><D87/><U49/><REACH who="1" step="1"/><E115/><REACH who="1" ten="191,239,341,219" step="2"/><V117/><F36/><W43/><G3/><AGARI ba="0,1" hai="3,6,9,16,17,41,45,49,72,76,83,88,94,98" machi="3" ten="30,8000,1" yaku="1,1,2,1,7,1,54,2,53,0" doraHai="25" doraHaiUra="102" who="1" fromWho="3" sc="191,0,239,90,341,0,219,-80" /><INIT seed="4,0,0,0,2,4" ten="191,329,341,139" oya="0" hai0="2,131,92,87,7,133,66,118,128,21,134,49,103" hai1="42,35,115,90,72,61,22,123,74,68,78,25,80" hai2="0,132,124,27,11,107,67,6,50,108,94,65,62" hai3="33,122,54,31,64,127,126,14,105,55,97,3,104"/><T1/><D118/><U99/><E123/><V53/><F108/><W98/><G3/><N who="0" m="1035" /><D66/><U113/><E35/><V102/><F107/><W38/><G64/><T59/><D7/><U45/><E68/><V26/><F124/><W29/><G14/><T121/><D21/><U114/><E61/><V116/><F116/><W17/><G17/><T101/><D121/><U73/><E99/><V20/><F132/><N who="0" m="50794" /><D87/><U71/><E71/><V15/><F0/><W77/><G122/><T39/><D39/><U111/><E90/><V86/><F62/><W79/><REACH who="3" step="1"/><G33/><REACH who="3" ten="191,329,341,129" step="2"/><T83/><D83/><U91/><E111/><V70/><F67/><W95/><G95/><T76/><D92/><U28/><REACH who="1" step="1"/><E91/><REACH who="1" ten="191,319,341,129" step="2"/><V106/><F70/><W16/><G16/><T13/><D131/><U81/><E81/><V23/><F65/><W41/><G41/><T40/><D128/><U47/><E47/><N who="2" m="27871" /><F106/><W10/><G10/><T88/><D40/><U120/><E120/><V56/><F11/><W52/><G52/><N who="0" m="32143" /><D88/><U129/><E129/><V135/><F6/><W60/><G60/><T96/><D103/><U24/><E24/><V43/><F102/><W100/><G100/><T44/><D101/><U112/><N who="1" m="29184" /><DORA hai="30" /><U18/><E18/><V75/><F26/><W8/><G8/><T34/><D34/><U93/><E93/><V36/><F27/><W19/><G19/><T37/><D13/><U117/><E117/><V58/><F94/><W84/><G84/><T109/><D109/><U32/><E32/><V57/><F86/><W9/><G9/><T125/><D125/><U89/><E89/><RYUUKYOKU ba="0,2" sc="191,-15,319,15,341,-15,129,15" hai1="22,25,28,42,45,72,73,74,78,80" hai3="29,31,38,54,55,77,79,97,98,104,105,126,127" /><INIT seed="5,1,2,5,2,23" ten="176,334,326,144" oya="1" hai0="90,98,65,104,88,25,34,115,84,4,122,42,56" hai1="83,22,77,94,128,74,3,70,120,47,82,51,36" hai2="9,87,96,113,15,101,116,27,7,126,24,103,61" hai3="54,46,107,37,106,21,29,92,10,73,95,14,110"/><U58/><E128/><V123/><F116/><W105/><G73/><T59/><D122/><U127/><E127/><V133/><F123/><W81/><G110/><T108/><D108/><U55/><E120/><V32/><F126/><W134/><G81/><T100/><D115/><U135/><E135/><V80/><F133/><W79/><G79/><T78/><D4/><U129/><E129/><V38/><F38/><W93/><G134/><T89/><D42/><U117/><E117/><V118/><F118/><W109/><G109/><T53/><D65/><U85/><E70/><V5/><F103/><W31/><G54/><T99/><D99/><U124/><E124/><V2/><F113/><W11/><G14/><T43/><D43/><U72/><E3/><V130/><F130/><W97/><G97/><T12/><D12/><U112/><E112/><V75/><F75/><W64/><G64/><T119/><D119/><U125/><E125/><V6/><F61/><W30/><G21/><T50/><D59/><U8/><E8/><V132/><F132/><W17/><REACH who="3" step="1"/><G17/><REACH who="3" ten="176,334,326,134" step="2"/><T102/><D78/><U19/><E83/><V131/><F131/><W48/><G48/><T18/><D18/><U60/><E36/><V67/><F67/><W13/><G13/><T52/><D53/><U71/><E71/><V26/><F15/><W35/><G35/><T0/><D34/><U45/><E74/><V39/><F32/><W40/><AGARI ba="1,3" hai="10,11,29,30,31,37,40,46,92,93,95,105,106,107" machi="40" ten="40,8000,1" yaku="1,1,0,1,29,2,53,0" doraHai="23" doraHaiUra="62" who="3" fromWho="3" sc="176,-21,334,-41,326,-21,134,113" /><INIT seed="6,0,0,5,1,125" ten="155,293,305,247" oya="2" hai0="5,49,59,52,78,27,128,83,110,76,107,82,64" hai1="114,47,103,44,104,87,24,6,135,95,32,17,84" hai2="68,43,20,93,18,66,31,105,108,36,46,3,61" hai3="2,102,85,71,115,13,131,80,12,40,133,101,67"/><V99/><F3/><W29/><G2/><T1/><D107/><U9/><E104/><V58/><F108/><W26/><G40/><T126/><D110/><U96/><E114/><V65/><F105/><W30/><G115/><T117/><D117/><U53/><E135/><V72/><F72/><W54/><G133/><T86/><D126/><U116/><E116/><V81/><F81/><W37/><G37/><T77/><D64/><U88/><E103/><V15/><F31/><W35/><G30/><T89/><D27/><U106/><E106/><V111/><F111/><W121/><G121/><T74/><REACH who="0" step="1"/><D128/><REACH who="0" ten="145,293,305,247" step="2"/><U130/><E130/><V113/><F113/><W112/><G131/><T42/><D42/><U62/><E32/><V39/><F68/><W34/><G112/><T0/><D0/><U120/><E120/><V38/><F66/><W123/><G35/><T55/><D55/><U119/><E119/><V73/><REACH who="2" step="1"/><F73/><REACH who="2" ten="145,293,295,247" step="2"/><W23/><G123/><T4/><D4/><U19/><E6/><V41/><F41/><W92/><G67/><T10/><AGARI ba="0,2" hai="1,5,10,49,52,59,74,76,77,78,82,83,86,89" machi="10" ten="30,4000,0" yaku="1,1,0,1,54,1,53,0" doraHai="125" doraHaiUra="122" who="0" fromWho="0" sc="145,60,293,-10,295,-20,247,-10" /><INIT seed="7,0,0,1,5,125" ten="205,283,275,237" oya="3" hai0="23,17,129,102,82,91,122,47,67,4,12,92,104" hai1="86,119,22,62,100,25,65,16,116,29,51,111,42" hai2="48,88,120,114,123,34,1,94,87,52,6,131,69" hai3="112,130,45,95,14,85,21,98,50,36,31,109,79"/><W15/><G36/><T71/><D122/><N who="2" m="46634" /><F34/><W10/><G109/><T115/><D104/><U33/><E111/><V73/><F73/><W93/><G112/><T19/><D115/><U113/><E113/><V121/><F114/><W37/><G37/><T7/><D129/><U81/><E100/><V46/><F69/><W77/><G130/><T66/><D47/><U32/><E42/><V40/><F131/><W3/><G3/><T26/><D82/><U89/><E51/><V103/><F103/><W64/><G64/><N who="0" m="24619" /><D102/><U108/><E108/><V76/><F76/><N who="3" m="29259" /><G98/><N who="0" m="57631" /><D71/><U132/><E132/><V56/><N who="2" m="46642" /><V84/><DORA hai="61" /><F1/><W2/><G85/><T53/><D53/><U60/><E60/><N who="2" m="35847" /><F6/><W96/><G2/><T75/><D75/><U97/><E97/><AGARI ba="0,0" hai="40,46,48,84,87,88,94,97" m="35847,46642" machi="97" ten="40,5200,0" yaku="13,1,54,2" doraHai="125,61" who="2" fromWho="1" sc="205,0,283,-52,275,52,237,0" owari="205,-29.0,231,-17.0,327,42.0,237,4.0" /></mjloggm>