<mjloggm ver="2.3"><GO type="41"/><UN n0="%E7%9C%9F%E5%86%AC" n1="%E5%8D%83%E8%91%89%E7%9C%8C%E6%B0%91" n2="%E6%9A%87%E5%9F%B7%E4%BA%8B" n3="%E3%82%A6%E3%83%AB%E3%83%88%E3%83%A9%E7%AB%8B%E7%9B%B4" dan="14,13,13,15" rate="1890,1830,1862,1982" sx="F,M,M,M"/><TAIKYOKU oya="0"/><INIT seed="0,0,0,4,1,60" ten="250,250,250,250" oya="0" hai0="39,30,67,43,37,124,111,87,20,10,48,96,45" hai1="69,63,110,21,68,5,36,7,116,16,115,109,83" hai2="127,133,75,57,117,88,54,0,101,77,129,114,128" hai3="86,62,47,14,6,49,121,59,130,41,3,104,42"/><T64/><D96/><U55/><E36/><V32/><F88/><W105/><G3/><T56/><D111/><N who="1" m="42507" /><E116/><V35/><F54/><W40/><G105/><T99/><D124/><U73/><E83/><V31/><F57/><W132/><G104/><T90/><D99/><U28/><E28/><V65/><F101/><W97/><G97/><T84/><D56/><N who="1" m="35231" /><E73/><V1/><F127/><W24/><G130/><T131/><D131/><U120/><E120/><V26/><F117/><W50/><G132/><T52/><D10/><U61/><E115/><V22/><F133/><W13/><G121/><T71/><D71/><N who="1" m="27211" /><E61/><V113/><F129/><W23/><G86/><T103/><D84/><U112/><E112/><V72/><F114/><W126/><G126/><T108/><D108/><U123/><E123/><V33/><F113/><W76/><G76/><T98/><D37/><U82/><E82/><V58/><F128/><W27/><G49/><T18/><D39/><U8/><E8/><V25/><F77/><W66/><G50/><T11/><D30/><U38/><E38/><V15/><F75/><W134/><G134/><T89/><D11/><U119/><E119/><V78/><F78/><W106/><G62/><T81/><D90/><U29/><E29/><V44/><F31/><W70/><G70/><T91/><D91/><U17/><E17/><V34/><F34/><W85/><G85/><T12/><D43/><U79/><E79/><V4/><F32/><W107/><G42/><T95/><AGARI ba="0,0" hai="12,18,20,45,48,52,64,67,81,87,89,95,98,103" machi="95" ten="20,18000,2" yaku="0,1,7,1,8,1,52,2,54,1" doraHai="60" who="0" fromWho="0" sc="250,180,250,-60,250,-60,250,-60" /><INIT seed="0,1,0,2,2,6" ten="430,190,190,190" oya="0" hai0="96,77,56,120,23,135,26,132,61,36,42,7,128" hai1="47,73,105,21,84,114,15,10,0,30,126,75,113" hai2="11,67,46,116,64,63,49,76,37,83,3,81,74" hai3="112,86,90,12,31,121,118,87,43,33,60,98,57"/><T80/><D120/><U117/><E105/><V122/><F116/><W85/><G31/><T24/><D96/><U4/><E117/><V124/><F124/><W79/><G33/><T50/><D36/><U99/><E126/><V109/><F109/><W34/><G34/><T127/><D127/><U103/><E84/><V45/><F83/><W94/><G118/><T52/><D128/><U71/><E47/><V59/><F64/><W40/><G112/><T110/><D110/><U1/><E1/><V91/><F91/><W70/><G70/><T88/><D7/><U38/><E38/><V29/><F29/><W55/><G121/><T9/><D9/><U78/><E78/><V130/><F130/><W68/><G68/><T14/><D14/><U97/><E97/><V108/><F108/><W39/><G39/><T51/><D42/><U72/><E71/><V27/><F27/><W19/><REACH who="3" step="1"/><G79/><REACH who="3" ten="430,190,190,180" step="2"/><T25/><D77/><U93/><E114/><V62/><F122/><W115/><G115/><T58/><D24/><U17/><E113/><V82/><F76/><W92/><G92/><T95/><D25/><U66/><E30/><V131/><F37/><W18/><G18/><T54/><D95/><U102/><REACH who="1" step="1"/><E66/><REACH who="1" ten="430,180,190,180" step="2"/><V28/><F67/><W53/><G53/><T8/><D54/><U125/><E125/><V16/><F131/><W44/><G44/><T100/><D52/><U35/><E35/><V129/><F45/><W13/><G13/><T119/><D119/><U2/><E2/><V5/><F3/><W104/><G104/><T134/><D26/><U65/><E65/><RYUUKYOKU ba="1,2" sc="430,-15,180,15,190,-15,180,15" hai1="0,4,10,15,17,21,72,73,75,93,99,102,103" hai3="12,19,40,43,55,57,60,85,86,87,90,94,98" /><INIT seed="1,2,2,0,4,94" ten="415,195,175,195" oya="1" hai0="116,133,44,86,57,14,47,56,4,75,33,22,108" hai1="99,104,60,25,74,54,84,83,107,120,27,3,38" hai2="124,78,59,106,2,21,129,89,123,18,70,46,23" hai3="63,126,19,40,43,128,73,90,101,130,121,100,55"/><U6/><E120/><V42/><F70/><W67/><G73/><T15/><D33/><U48/><E38/><V9/><F123/><W98/><G55/><T76/><D75/><U17/><E74/><V51/><F78/><W135/><G121/><T35/><D116/><U52/><E3/><V72/><F72/><W49/><G100/><T125/><D35/><U50/><E6/><V28/><F129/><N who="3" m="49771" /><G90/><T65/><D108/><U12/><E60/><V41/><F106/><W97/><G101/><T20/><D125/><U109/><E109/><V103/><F124/><W36/><G49/><T66/><D133/><U88/><E107/><V79/><F103/><W39/><G135/><T31/><D31/><U1/><E1/><V85/><F79/><W26/><G126/><T80/><D4/><U119/><E119/><V110/><F59/><N who="3" m="37375" /><G39/><T112/><D76/><U134/><E134/><V11/><F110/><W24/><G24/><N who="1" m="9290" /><E104/><V102/><F102/><W91/><G91/><T45/><D80/><U61/><E61/><V115/><F89/><W81/><G81/><T58/><D86/><U95/><E48/><V5/><F51/><W71/><G71/><T122/><D122/><U34/><E50/><V8/><F85/><W68/><G68/><T131/><D131/><U113/><E34/><V62/><F2/><W77/><G77/><T114/><D66/><U13/><E113/><N who="0" m="43625" /><D65/><U7/><E7/><V16/><F115/><W30/><G30/><T92/><D92/><U87/><E84/><V82/><F28/><W111/><G111/><T10/><D57/><U0/><E0/><RYUUKYOKU ba="2,2" sc="415,0,195,0,175,0,195,0" /><INIT seed="2,3,2,2,3,116" ten="415,195,175,195" oya="2" hai0="56,29,110,15,50,83,63,20,7,42,125,84,94" hai1="100,69,107,114,80,131,53,27,82,10,109,67,47" hai2="120,117,46,32,48,49,133,0,55,118,3,135,75" hai3="71,86,1,126,112,104,101,40,87,106,4,68,127"/><V123/><F75/><W113/><G4/><T102/><D125/><N who="3" m="47625" /><G40/><T17/><D110/><U45/><E109/><V38/><F38/><W13/><G13/><T6/><D29/><U79/><E131/><V62/><F62/><W64/><G101/><T12/><D102/><U89/><E114/><N who="3" m="44138" /><G64/><N who="0" m="39015" /><D94/><U59/><E69/><N who="3" m="26698" /><G1/><N who="2" m="585" /><F32/><W77/><G77/><N who="0" m="46191" /><D12/><U16/><E67/><V33/><F33/><W54/><G54/><T78/><D78/><U81/><E100/><V36/><F55/><W115/><N who="3" m="44146" /><W14/><DORA hai="30" /><G14/><T5/><D50/><N who="2" m="19562" /><F46/><N who="1" m="17417" /><E107/><AGARI ba="3,2" hai="86,87,104,106,107" m="26698,44146,47625" machi="107" ten="50,8000,1" yaku="28,2,18,1,11,1" doraHai="116,30" who="3" fromWho="1" sc="415,0,195,-89,175,0,195,109" /><INIT seed="3,0,0,1,1,35" ten="415,106,175,304" oya="3" hai0="1,12,66,56,126,25,116,37,99,111,54,107,59" hai1="3,134,122,30,57,109,101,93,46,72,70,13,121" hai2="91,14,7,85,117,32,38,108,80,5,34,77,135" hai3="26,75,41,81,90,62,17,76,53,36,124,95,0"/><W18/><G124/><T27/><D116/><U74/><E134/><V105/><F105/><W132/><G132/><T48/><D37/><U83/><E46/><V55/><F117/><W94/><G94/><T50/><D126/><U84/><E30/><V102/><F38/><W58/><G41/><T106/><D111/><U112/><E57/><V65/><F102/><W110/><G36/><T9/><D99/><U114/><E13/><V51/><F108/><W10/><G110/><T133/><D133/><U23/><E23/><V119/><F119/><W89/><G89/><T98/><D98/><U130/><E130/><V71/><F34/><W67/><G67/><T24/><D1/><U21/><E21/><V52/><F32/><W40/><G40/><T29/><D29/><U123/><E70/><V39/><F39/><W88/><G90/><T6/><D66/><U68/><E68/><V42/><F65/><W49/><G49/><T47/><D47/><U16/><E16/><V60/><F71/><W78/><G78/><T125/><D125/><U61/><E61/><V131/><F131/><W79/><G79/><T43/><D43/><U127/><E127/><V86/><F60/><W15/><G26/><T104/><D27/><U22/><E22/><V64/><F64/><W33/><G33/><T2/><D2/><U45/><E3/><V103/><F103/><W4/><REACH who="3" step="1"/><G15/><REACH who="3" ten="415,106,175,294" step="2"/><T44/><D50/><U73/><E109/><V118/><F14/><W100/><G100/><T82/><D82/><U92/><E45/><V97/><F135/><W115/><G115/><N who="1" m="44074" /><E101/><V87/><F42/><RYUUKYOKU ba="0,1" sc="415,10,106,10,175,-30,294,10" hai0="6,9,12,24,25,44,48,54,56,59,104,106,107" hai1="72,73,74,83,84,92,93,121,122,123" hai3="0,4,10,17,18,53,58,62,75,76,81,88,95" /><INIT seed="3,1,1,2,5,118" ten="425,116,145,304" oya="3" hai0="86,46,5,58,125,71,6,102,92,57,133,98,12" hai1="131,18,16,117,67,4,7,66,45,53,50,119,38" hai2="112,108,96,80,8,40,90,19,72,126,109,128,9" hai3="105,60,10,85,124,14,127,70,99,113,77,81,25"/><W13/><G113/><T76/><D71/><U103/><E38/><V47/><F112/><W110/><G14/><T122/><D122/><U59/><E103/><V64/><F64/><W115/><G115/><T114/><D114/><U130/><E59/><V62/><F62/><W87/><G60/><T11/><D125/><N who="3" m="48201" /><G70/><T73/><D73/><U83/><E83/><V43/><F128/><W74/><G25/><T123/><D133/><U63/><E63/><V107/><F43/><W78/><G78/><T23/><D123/><U2/><E2/><V32/><F32/><W48/><G48/><T116/><D116/><U54/><REACH who="1" step="1"/><E45/><REACH who="1" ten="425,106,145,304" step="2"/><V65/><F126/><W27/><G110/><N who="2" m="42601" /><F47/><W39/><G39/><T35/><D46/><U95/><E95/><V20/><F107/><W111/><G111/><T69/><D57/><U15/><E15/><V29/><F80/><W129/><G129/><T56/><D58/><U94/><E94/><V37/><F37/><W88/><G27/><T91/><D56/><U132/><E132/><V44/><F44/><W33/><G105/><T106/><D106/><U68/><E68/><V93/><F93/><N who="3" m="56743" /><G33/><T120/><D35/><U100/><E100/><V52/><F65/><W28/><G28/><T61/><D61/><U134/><E134/><V34/><F29/><W41/><G41/><T0/><D69/><U84/><E84/><V55/><F40/><W26/><G26/><T30/><D86/><U79/><E79/><V17/><F34/><W1/><G1/><T51/><D76/><U75/><E75/><V82/><F72/><W42/><G42/><RYUUKYOKU ba="1,2" sc="425,-15,106,15,145,-15,304,15" hai1="4,7,16,18,50,53,54,66,67,117,119,130,131" hai3="10,13,74,77,81,85,87" /><INIT seed="3,2,2,2,2,87" ten="410,121,130,319" oya="3" hai0="64,49,86,81,99,15,131,69,113,9,70,108,72" hai1="47,25,62,114,7,74,90,50,79,105,66,46,39" hai2="100,68,44,31,116,23,127,117,54,21,27,94,126" hai3="2,104,5,56,82,59,0,96,3,32,26,75,43"/><W10/><G56/><T80/><D113/><U132/><E105/><V30/><F68/><W33/><G59/><T122/><D122/><U85/><E114/><V38/><F38/><W93/><G43/><T123/><D123/><U1/><E132/><V109/><F44/><W11/><G11/><T129/><D108/><U110/><E25/><V102/><F94/><W120/><G120/><T88/><D49/><U34/><E34/><V125/><F54/><W98/><G98/><T45/><D45/><U111/><E50/><V16/><F109/><W19/><G93/><T76/><D99/><U20/><E20/><V67/><F67/><W128/><G128/><N who="0" m="49227" /><D64/><U24/><E24/><V29/><REACH who="2" step="1"/><F23/><REACH who="2" ten="410,121,120,319" step="2"/><N who="3" m="13695" /><G104/><T61/><D61/><U63/><E47/><V35/><F35/><N who="3" m="13387" /><G82/><T60/><D60/><U42/><E66/><V83/><F83/><W57/><G57/><T119/><D70/><U112/><E112/><V53/><F53/><W65/><G65/><T101/><D69/><U77/><E111/><V97/><F97/><W55/><G96/><T18/><D101/><AGARI ba="2,3" hai="16,21,27,29,30,31,100,101,102,116,117,125,126,127" machi="101" ten="50,6400,0" yaku="1,1,18,1,54,1,53,0" doraHai="87" doraHaiUra="48" who="2" fromWho="0" sc="410,-70,121,0,120,100,319,0" /><INIT seed="4,0,0,3,0,81" ten="340,121,220,319" oya="0" hai0="79,84,133,18,129,25,96,46,126,35,66,30,99" hai1="11,134,51,75,27,93,131,123,8,12,76,98,40" hai2="42,5,87,54,90,49,36,63,4,72,44,121,94" hai3="83,109,78,62,19,10,48,65,37,111,20,61,70"/><T104/><D104/><U108/><E123/><V92/><F72/><W17/><G37/><T116/><D116/><U23/><E108/><V58/><F121/><W95/><G95/><T91/><D129/><U7/><E131/><V53/><REACH who="2" step="1"/><F94/><REACH who="2" ten="340,121,210,319" step="2"/><W89/><G111/><T125/><D133/><U56/><E134/><V32/><F32/><W115/><G109/><T38/><D126/><U105/><E105/><V29/><F29/><W50/><G115/><T73/><D125/><U41/><E75/><V47/><AGARI ba="0,1" hai="4,5,36,42,44,47,49,53,54,58,63,87,90,92" machi="47" ten="20,8000,1" yaku="1,1,0,1,7,1,52,1,53,1" doraHai="81" doraHaiUra="86" who="2" fromWho="2" sc="340,-40,121,-20,210,90,319,-20" /><INIT seed="5,0,0,2,2,63" ten="300,101,300,299" oya="1" hai0="18,61,49,35,127,40,85,111,14,62,115,39,119" hai1="54,19,48,22,70,20,112,120,41,0,98,50,43" hai2="36,33,72,71,30,5,125,57,128,81,46,52,83" hai3="87,9,110,6,131,64,1,89,27,58,65,88,114"/><U107/><E120/><V53/><F71/><W101/><G110/><T38/><D119/><U93/><E0/><V116/><F116/><W108/><G108/><T113/><D111/><U15/><E70/><V68/><F68/><W130/><G101/><T92/><D35/><U82/><E82/><V118/><F118/><W104/><G104/><T105/><D105/><U60/><E107/><V42/><F125/><W28/><G89/><N who="0" m="53295" /><D127/><U123/><E123/><V117/><F117/><W3/><G3/><T133/><D133/><U44/><E112/><N who="0" m="43081" /><D49/><N who="1" m="28967" /><E60/><N who="0" m="23145" /><D40/><N who="1" m="15435" /><E20/><AGARI ba="0,0" hai="14,18,20,38,39" m="23145,43081,53295" machi="20" ten="30,1000,0" yaku="15,1" doraHai="63" who="0" fromWho="1" sc="300,10,101,-10,300,0,299,0" /><INIT seed="6,0,0,3,1,53" ten="310,91,300,299" oya="2" hai0="98,95,21,54,111,26,63,106,64,47,12,84,72" hai1="74,10,133,86,14,38,102,58,13,99,25,108,104" hai2="134,114,18,66,117,60,83,31,11,126,100,27,61" hai3="119,9,113,131,37,35,87,78,71,128,15,56,67"/><V80/><F117/><W90/><G35/><T92/><D72/><U36/><E74/><V1/><F114/><W29/><G29/><T32/><D32/><U40/><E108/><V135/><F100/><W105/><G37/><T46/><D111/><U51/><E133/><N who="2" m="50699" /><F126/><W75/><G71/><T81/><D106/><U130/><E130/><N who="3" m="49706" /><G119/><T41/><D54/><U34/><E34/><N who="2" m="20863" /><F61/><N who="3" m="38311" /><G105/><T6/><D98/><U49/><E25/><V79/><F79/><W55/><G78/><T69/><D6/><U85/><E10/><V44/><F44/><W127/><G75/><T3/><D12/><U129/><E129/><V0/><F18/><W24/><G24/><T50/><D3/><N who="2" m="1098" /><F11/><W96/><G127/><T76/><D47/><U43/><E99/><V59/><AGARI ba="0,0" hai="59,60,66,80,83" m="1098,20863,50699" machi="59" ten="30,3000,0" yaku="20,1,52,1" doraHai="53" who="2" fromWho="2" sc="310,-10,91,-10,300,30,299,-10" /><INIT seed="6,1,0,1,2,91" ten="300,81,330,289" oya="2" hai0="90,14,57,105,48,8,96,45,81,0,21,127,103" hai1="30,121,89,135,70,31,87,23,56,29,33,113,120" hai2="4,133,83,124,82,32,80,109,46,20,43,5,19" hai3="85,123,52,116,40,111,18,37,112,3,51,74,94"/><V79/><F32/><W2/><G74/><T93/><D0/><U107/><E107/><V110/><F124/><W60/><G111/><N who="2" m="42505" /><F79/><W68/><G123/><T38/><D38/><U100/><E100/><V71/><F71/><W15/><G116/><T129/><D129/><U88/><E135/><V95/><F133/><W1/><G112/><T16/><D127/><U12/><E113/><V97/><F20/><W55/><G40/><N who="0" m="24615" /><D57/><U27/><E70/><V24/><F24/><W58/><G37/><T67/><D67/><U119/><E119/><V59/><F59/><W44/><G68/><T28/><D105/><U69/><E69/><V101/><F19/><W114/><G114/><T17/><D28/><U22/><E56/><V125/><F125/><W73/><G73/><T126/><D126/><U75/><E75/><V102/><F102/><W99/><G85/><N who="0" m="50479" /><D17/><U134/><E134/><V41/><F41/><W39/><G39/><AGARI ba="1,0" hai="4,5,39,43,46,80,82,83,95,97,101" m="42505" machi="39" ten="30,2900,0" yaku="10,1,52,1" doraHai="91" who="2" fromWho="3" sc="300,0,81,0,330,32,289,-32" /><INIT seed="6,2,0,2,0,46" ten="300,81,362,257" oya="2" hai0="76,117,89,3,7,5,131,96,11,53,48,50,104" hai1="99,41,98,4,27,19,107,125,15,59,103,82,126" hai2="109,80,127,84,92,32,86,65,23,24,135,18,85" hai3="29,38,31,129,40,36,47,112,121,120,43,2,1"/><V28/><F109/><W111/><G47/><T56/><D117/><U106/><E41/><V25/><F135/><W124/><G112/><T91/><D131/><U78/><E4/><V95/><F127/><W90/><G90/><T69/><D69/><U66/><E27/><V108/><F108/><W134/><G111/><T6/><D76/><U115/><E115/><V45/><F65/><W74/><G74/><T67/><D67/><U87/><E66/><V110/><F110/><W0/><G134/><T55/><D104/><U72/><E59/><V119/><F119/><W20/><G20/><T42/><D42/><U8/><E99/><V22/><F80/><W58/><G58/><N who="0" m="33063" /><D3/><U122/><E122/><V62/><F62/><W64/><G64/><T21/><D11/><U81/><REACH who="1" step="1"/><E107/><REACH who="1" ten="300,71,362,257" step="2"/><V63/><F63/><W130/><G0/><T68/><D68/><U34/><E34/><V88/><F32/><W26/><G26/><T113/><D113/><U30/><E30/><V10/><F10/><W105/><G105/><T14/><D96/><U52/><E52/><V128/><F128/><W33/><G33/><T116/><D116/><U12/><E12/><V73/><F73/><W16/><G43/><T101/><D14/><U77/><AGARI ba="2,1" hai="8,15,19,72,77,78,81,82,87,98,103,106,125,126" machi="77" ten="30,2000,0" yaku="1,1,0,1,53,0" doraHai="46" doraHaiUra="39" who="1" fromWho="1" sc="300,-7,71,36,362,-12,257,-7" /><INIT seed="7,0,0,4,2,135" ten="293,107,350,250" oya="3" hai0="75,76,133,105,48,96,17,51,60,9,36,30,124" hai1="18,0,117,90,80,77,6,47,121,72,3,67,66" hai2="129,14,69,94,100,118,44,132,111,27,8,20,82" hai3="25,16,71,41,116,57,91,110,5,92,34,114,11"/><W37/><G71/><T38/><D124/><U29/><E121/><V93/><F118/><W35/><G116/><T130/><D130/><U12/><E29/><V125/><F125/><W70/><G70/><T49/><D133/><U120/><E120/><V52/><F132/><W98/><G110/><T73/><D60/><U33/><E33/><V4/><F69/><W53/><G41/><T40/><D30/><U74/><E74/><V81/><F129/><W28/><G37/><T10/><D40/><U102/><E102/><V46/><F46/><W7/><G114/><T31/><D31/><U61/><E117/><V39/><F39/><N who="0" m="14890" /><D17/><U115/><E61/><V24/><F24/><W95/><G95/><N who="2" m="36361" /><F100/><W134/><G134/><T123/><D76/><U59/><E90/><V87/><F87/><W62/><REACH who="3" step="1"/><G35/><REACH who="3" ten="293,107,350,240" step="2"/><T65/><D123/><U122/><E122/><V88/><F111/><W55/><G55/><T86/><D65/><U84/><E115/><V85/><F81/><W127/><G127/><T42/><D42/><U128/><E128/><V43/><F43/><W50/><G50/><T64/><D64/><U109/><E109/><V56/><F44/><W119/><G119/><T113/><D113/><U131/><E47/><V108/><F108/><W19/><G19/><T112/><D112/><U104/><E131/><V2/><F52/><W79/><G79/><T103/><D51/><U83/><E6/><V97/><F82/><W106/><G106/><T78/><D49/><U58/><E104/><V107/><F107/><W22/><G22/><T13/><D48/><U15/><E77/><RYUUKYOKU ba="0,1" sc="293,-10,107,-10,350,-10,240,30" hai3="5,7,11,16,25,28,34,53,57,62,91,92,98" /><INIT seed="7,1,1,2,2,80" ten="283,97,340,270" oya="3" hai0="108,20,100,26,35,27,47,85,40,103,123,13,91" hai1="37,89,124,56,122,125,66,90,68,88,31,127,121" hai2="129,12,39,23,2,19,52,45,98,60,86,34,120" hai3="83,1,9,73,11,29,99,51,116,70,42,53,135"/><W106/><G116/><T97/><D123/><U49/><E31/><V55/><F120/><W102/><G42/><T132/><D132/><U16/><E68/><V75/><F75/><W57/><G135/><T10/><D108/><U33/><E33/><V118/><F118/><W134/><G134/><T38/><D35/><U74/><E74/><V113/><F34/><W77/><G1/><T54/><D54/><U126/><E49/><N who="2" m="28719" /><F39/><W48/><G48/><T36/><D36/><U7/><E7/><V50/><F113/><W3/><G3/><T41/><D41/><U59/><N who="1" m="32256" /><DORA hai="104" /><U8/><E66/><V72/><F72/><W101/><G29/><T61/><D61/><U130/><E37/><V117/><F129/><W0/><G0/><T22/><D97/><U112/><E130/><V110/><F110/><W81/><G70/><T79/><D40/><U44/><E112/><V128/><F128/><W63/><G63/><T71/><D71/><U21/><E8/><V78/><F98/><W133/><G133/><T67/><D10/><U131/><E131/><V76/><F2/><W107/><REACH who="3" step="1"/><G83/><REACH who="3" ten="283,97,340,260" step="2"/><T15/><D38/><U64/><E44/><N who="2" m="28103" /><F117/><W46/><G46/><T17/><D47/><U28/><E28/><V115/><F115/><W14/><G14/><T69/><D15/><U6/><E6/><V32/><F32/><W82/><G82/><T94/><D13/><N who="1" m="9359" /><E56/><V43/><F43/><W58/><G58/><T96/><D69/><U18/><E18/><V114/><F114/><W93/><G93/><T30/><D94/><U95/><E95/><V25/><F12/><RYUUKYOKU ba="1,2" sc="283,-15,97,15,340,-15,260,15" hai1="59,64,88,89,90,121,122" hai3="9,11,51,53,57,73,77,81,99,101,102,106,107" /><INIT seed="7,2,2,1,1,10" ten="268,112,325,275" oya="3" hai0="40,91,60,32,18,59,39,2,79,68,24,114,25" hai1="31,58,101,85,119,1,37,89,103,90,80,57,20" hai2="12,81,46,98,65,34,4,87,92,88,63,43,42" hai3="97,99,78,53,17,135,108,19,23,48,29,83,13"/><W5/><G29/><T45/><D2/><U126/><E1/><V123/><F34/><W131/><G5/><T102/><D102/><U15/><E37/><V112/><F112/><W6/><G6/><T47/><D114/><U51/><E119/><V11/><F123/><W36/><G36/><T16/><D79/><U100/><E126/><V130/><F130/><W64/><G108/><T134/><D134/><U49/><E31/><V105/><F105/><W82/><G131/><T21/><D68/><U41/><E41/><N who="2" m="15371" /><F46/><N who="3" m="27799" /><G135/><T62/><D62/><U127/><E127/><V115/><F115/><W128/><G128/><T76/><D76/><U0/><E0/><V75/><F75/><W8/><G64/><T72/><D72/><U67/><E67/><V117/><F117/><W111/><G111/><T30/><D91/><U44/><E44/><V9/><F9/><W61/><G61/><T84/><D84/><U132/><E132/><V38/><F38/><W118/><G118/><T71/><D71/><U28/><E28/><V116/><F116/><W55/><G55/><T122/><D45/><U110/><E110/><V124/><F124/><W120/><G120/><T56/><D122/><U106/><E106/><V26/><F63/><W133/><G133/><T121/><D121/><U3/><E3/><V104/><F104/><W7/><G7/><T66/><D59/><U27/><E27/><V129/><F129/><W54/><G54/><T86/><D86/><U35/><E35/><V77/><F65/><W74/><G82/><T33/><D32/><U109/><E109/><V96/><F26/><AGARI ba="2,2" hai="8,13,17,19,23,26,74,78,83,97,99" m="27799" machi="26" ten="30,2900,0" yaku="6,1,52,1" doraHai="10" who="3" fromWho="2" sc="268,0,112,0,325,-35,275,55" owari="268,-13.0,112,-39.0,290,9.0,330,43.0" /></mjloggm>