<mjloggm ver="2.3"><GO type="169"/><UN n0="%E3%82%B4%E3%83%BC%E3%83%AB" n1="%EF%BC%88%E2%89%A7%E2%96%BD%E2%89%A6%EF%BC%89" n2="%2E%37%7A" n3="%E3%81%8A%E3%81%8A%E3%81%AD%E3%81%A8%E3%81%86%E3%81%8B" dan="16,16,16,17" rate="2131,2077,2048,2171" sx="M,M,M,F"/><TAIKYOKU oya="0"/><INIT seed="0,0,0,4,5,79" ten="250,250,250,250" oya="0" hai0="26,20,64,86,50,55,47,99,33,14,44,32,23" hai1="92,46,24,111,40,4,98,68,56,110,5,106,53" hai2="71,2,112,42,21,41,122,60,63,72,34,128,107" hai3="54,82,70,37,52,19,78,39,113,76,130,120,49"/><T114/><D114/><U15/><E68/><V59/><F34/><W90/><G113/><T103/><D64/><U3/><E3/><V88/><F112/><W127/><G70/><T132/><D132/><U77/><E106/><V81/><F122/><W67/><G67/><T126/><D126/><U9/><E24/><V83/><F2/><W7/><G7/><T25/><D14/><U11/><E77/><V69/><F107/><W80/><G49/><T85/><D103/><U118/><E118/><V27/><F72/><W13/><G13/><T102/><D102/><U75/><E75/><V57/><F128/><W18/><G90/><T30/><D99/><U97/><E53/><N who="2" m="33903" /><F69/><W10/><G10/><T93/><D93/><U131/><E56/><V35/><F35/><W117/><G127/><T62/><D62/><U48/><E131/><V104/><F104/><W65/><G65/><T123/><D123/><U1/><REACH who="1" step="1"/><E92/><REACH who="1" ten="250,240,250,250" step="2"/><V28/><F71/><W29/><G130/><T135/><D26/><U101/><E101/><V109/><F109/><AGARI ba="0,1" hai="1,4,5,9,11,15,40,46,48,97,98,109,110,111" machi="109" ten="40,2600,0" yaku="1,1,14,1,53,0" doraHai="79" doraHaiUra="129" who="1" fromWho="2" sc="250,0,240,36,250,-26,250,0" /><INIT seed="1,0,0,1,2,34" ten="250,276,224,250" oya="1" hai0="85,1,97,31,133,132,96,57,56,88,106,100,2" hai1="25,94,58,72,40,42,131,37,62,44,30,74,27" hai2="87,46,21,116,14,117,33,82,64,68,49,29,115" hai3="55,81,12,61,86,10,53,43,95,8,114,107,19"/><U3/><E131/><V135/><F33/><W52/><G107/><T129/><D31/><U24/><E30/><V41/><F135/><N who="0" m="51786" /><D97/><U77/><E40/><V93/><F115/><W11/><G114/><T63/><D129/><U45/><E45/><V38/><F68/><W125/><G125/><T50/><D50/><U120/><E120/><V4/><F64/><W28/><G28/><T13/><D13/><U122/><E122/><V73/><F93/><W5/><G43/><T67/><D57/><U130/><E130/><V80/><F73/><W124/><G124/><T91/><D91/><U54/><E77/><V109/><F109/><W103/><G61/><T102/><D100/><U113/><E113/><V6/><F38/><W127/><G127/><T79/><D79/><U70/><E70/><V26/><F6/><W9/><G103/><T17/><D17/><U98/><REACH who="1" step="1"/><E3/><REACH who="1" ten="250,266,224,250" step="2"/><V123/><F123/><W112/><G112/><T15/><D15/><U126/><E126/><V101/><F41/><W23/><G5/><T0/><D1/><U111/><E111/><V121/><F4/><W90/><N who="3" m="2048" /><DORA hai="48" /><W105/><REACH who="3" step="1"/><G105/><REACH who="3" ten="250,266,224,240" step="2"/><T83/><AGARI ba="0,2" hai="0,2,56,63,67,83,85,88,96,102,106" m="51786" machi="83" ten="30,7900,0" yaku="20,1,52,2,54,1" doraHai="34,48" who="0" fromWho="0" sc="250,99,266,-39,224,-20,240,-20" /><INIT seed="2,0,0,1,4,100" ten="349,227,204,220" oya="2" hai0="76,127,62,79,113,130,117,33,14,22,42,36,87" hai1="115,94,12,91,11,57,104,23,64,98,9,124,25" hai2="18,95,80,1,78,84,102,40,77,10,63,101,8" hai3="97,27,15,59,92,6,66,122,74,19,82,116,48"/><V55/><F40/><W39/><G39/><T131/><D33/><U7/><E115/><V133/><F133/><W20/><G122/><T135/><D113/><U5/><E124/><V128/><F128/><W68/><G116/><T132/><D117/><U72/><E72/><V109/><F101/><W106/><G68/><T86/><D62/><U49/><E104/><V81/><F109/><W28/><G106/><T111/><D36/><U17/><E64/><V73/><F1/><W31/><G74/><T37/><D37/><U60/><E49/><V16/><F10/><N who="3" m="4567" /><G82/><T107/><D42/><U41/><E41/><V103/><F102/><N who="3" m="60711" /><G48/><T96/><D111/><U119/><E119/><V71/><F8/><W121/><G121/><T58/><D127/><U69/><E69/><V112/><F112/><W50/><G50/><T52/><D107/><U56/><REACH who="1" step="1"/><E60/><AGARI ba="0,0" hai="19,20,27,28,31,59,60,66" m="60711,4567" machi="60" ten="30,1000,0" yaku="8,1" doraHai="100" who="3" fromWho="1" sc="349,0,227,-10,204,0,220,10" /><INIT seed="3,0,0,0,5,111" ten="349,217,204,230" oya="3" hai0="89,126,15,76,78,116,61,79,11,110,122,71,30" hai1="70,65,19,37,21,62,12,4,74,36,66,75,31" hai2="2,51,26,112,103,10,117,22,60,97,32,92,84" hai3="118,64,101,34,80,63,56,39,57,96,109,125,134"/><W40/><G118/><T49/><D116/><U77/><E66/><V106/><F117/><W72/><G34/><T104/><D104/><U100/><E4/><V46/><F32/><W58/><G109/><T135/><D30/><U41/><E100/><V24/><F60/><W6/><G6/><T87/><D135/><U8/><E41/><V88/><F112/><W38/><G134/><T130/><D122/><U13/><E77/><V14/><F2/><W29/><G29/><T133/><D130/><U85/><E85/><V127/><F127/><W119/><G125/><T94/><D110/><U95/><E95/><V99/><F99/><W55/><G119/><T0/><D0/><U20/><E31/><V9/><F22/><W114/><G114/><T67/><D126/><U123/><E123/><V93/><F106/><W43/><G43/><T7/><D133/><U105/><E105/><V73/><F73/><W45/><G38/><T129/><D129/><U5/><REACH who="1" step="1"/><E20/><REACH who="1" ten="349,207,204,230" step="2"/><V47/><F10/><W91/><G101/><T25/><D78/><U1/><E1/><V35/><F35/><W23/><G23/><T68/><D79/><U107/><E107/><V18/><REACH who="2" step="1"/><F47/><REACH who="2" ten="349,207,194,230" step="2"/><W50/><G72/><AGARI ba="0,2" hai="5,8,12,13,19,21,36,37,62,65,70,72,74,75" machi="72" ten="40,2600,0" yaku="1,1,53,1" doraHai="111" doraHaiUra="16" who="1" fromWho="3" sc="349,0,207,46,194,0,230,-26" /><INIT seed="4,0,0,4,4,29" ten="349,253,194,204" oya="0" hai0="35,51,11,66,104,6,65,59,56,26,71,82,62" hai1="81,83,93,123,49,24,38,88,43,53,112,23,90" hai2="25,130,79,44,10,37,111,55,72,75,74,4,114" hai3="0,20,103,117,70,8,98,116,12,89,122,120,102"/><T106/><D82/><U113/><E123/><N who="3" m="47146" /><G70/><T132/><D132/><U1/><E1/><V121/><F121/><W80/><G0/><T115/><D115/><N who="1" m="44107" /><E43/><V42/><F114/><W7/><G20/><T18/><D65/><U96/><E90/><V17/><F130/><W68/><G68/><T28/><D18/><N who="1" m="12407" /><E38/><V2/><F111/><W109/><G109/><T73/><D73/><U46/><AGARI ba="0,0" hai="46,49,53,81,83,88,93,96" m="12407,44107" machi="46" ten="30,4000,0" yaku="15,1,11,1,54,1" doraHai="29" who="1" fromWho="1" sc="349,-20,253,40,194,-10,204,-10" /><INIT seed="5,0,0,5,3,100" ten="329,293,184,194" oya="1" hai0="46,25,2,130,134,90,30,91,9,50,43,106,132" hai1="23,108,118,20,5,96,114,76,21,26,24,39,11" hai2="78,4,95,48,36,75,61,129,31,3,62,94,68" hai3="88,34,131,115,107,119,93,87,53,67,42,18,28"/><U49/><E39/><V59/><F36/><W57/><G115/><T13/><D2/><U54/><E118/><V6/><F129/><W7/><G131/><T105/><D91/><U17/><E114/><V121/><F121/><W72/><G72/><T45/><D45/><U111/><E76/><V83/><F31/><W38/><G119/><T84/><D130/><U16/><E96/><V35/><F35/><W113/><G113/><T99/><D99/><U74/><E74/><V27/><F27/><N who="1" m="10281" /><E54/><V64/><F48/><W60/><G34/><T63/><D63/><U41/><E49/><V86/><F3/><W102/><G28/><T44/><D46/><U122/><E41/><V37/><F37/><W12/><G7/><T135/><D90/><U97/><E97/><V98/><F75/><W77/><G77/><T79/><D79/><U101/><E101/><V92/><REACH who="2" step="1"/><F98/><REACH who="2" ten="329,293,174,194" step="2"/><N who="3" m="61911" /><G38/><T69/><D132/><U124/><E122/><V133/><F133/><W81/><G42/><T112/><D43/><U52/><E108/><V103/><F103/><W110/><G110/><T40/><D112/><U80/><E111/><V73/><F73/><W125/><G125/><T1/><D40/><U56/><E124/><V32/><F32/><W120/><G120/><T8/><D135/><U70/><E20/><V22/><F22/><W65/><G81/><T116/><D134/><U126/><E126/><V51/><F51/><W15/><G15/><T29/><D13/><N who="1" m="5359" /><E80/><V66/><AGARI ba="0,1" hai="4,6,59,61,62,64,66,68,78,83,86,92,94,95" machi="66" ten="30,8000,1" yaku="1,1,0,1,53,3" doraHai="100" doraHaiUra="89" who="2" fromWho="2" sc="329,-20,293,-40,174,90,194,-20" /><INIT seed="6,0,0,0,4,11" ten="309,253,264,174" oya="2" hai0="101,19,123,74,53,20,99,55,69,24,26,64,115" hai1="48,0,125,107,90,132,65,60,63,96,4,78,98" hai2="12,108,35,3,102,41,28,67,110,117,104,7,131" hai3="56,122,43,86,54,76,109,29,83,85,45,73,34"/><V6/><F117/><W71/><G109/><N who="2" m="42089" /><F67/><W124/><G124/><T30/><D74/><U89/><E125/><V72/><F72/><W15/><G71/><T75/><D75/><U134/><E78/><V52/><F3/><W105/><G105/><N who="0" m="63679" /><D115/><U112/><E112/><V66/><F66/><W106/><G106/><T46/><D46/><U57/><E48/><V14/><F41/><W59/><G122/><T10/><D10/><N who="1" m="2311" /><E63/><V114/><F114/><W62/><G59/><T1/><D1/><U100/><E98/><N who="2" m="61527" /><F131/><W8/><G29/><T18/><D123/><U82/><E82/><V116/><F116/><W111/><G34/><N who="0" m="20807" /><D19/><U126/><E126/><V97/><F97/><W127/><G111/><T23/><D18/><U21/><E21/><V13/><F52/><N who="0" m="20042" /><D26/><AGARI ba="0,0" hai="6,7,12,13,14,26,28,35" m="61527,42089" machi="26" ten="30,11600,0" yaku="10,1,52,3" doraHai="11" who="2" fromWho="0" sc="309,-116,253,0,264,116,174,0" /><INIT seed="6,1,0,5,3,107" ten="193,253,380,174" oya="2" hai0="118,68,51,95,22,128,47,58,130,83,17,41,104" hai1="21,111,49,80,129,74,98,12,33,103,4,86,90" hai2="114,91,94,27,69,120,125,19,75,87,3,101,93" hai3="15,88,28,20,61,81,117,9,133,43,32,16,108"/><V82/><F69/><W77/><G117/><T121/><D68/><U92/><E111/><V18/><F3/><W44/><G108/><T84/><D104/><U39/><E39/><V26/><F120/><W50/><G133/><T35/><D121/><U71/><E71/><V57/><F125/><W76/><G32/><T36/><D35/><U53/><E33/><V66/><F93/><W24/><G61/><T97/><D118/><U106/><E129/><N who="0" m="49769" /><D58/><U79/><E4/><V7/><F57/><W11/><G11/><T46/><D47/><U1/><E1/><V116/><F91/><W124/><G124/><T45/><D46/><N who="1" m="27831" /><E21/><V119/><F19/><W60/><G60/><T59/><D59/><U56/><E56/><V64/><F66/><W48/><G48/><T70/><D70/><U135/><E12/><V6/><F64/><W73/><G73/><T62/><D62/><U110/><E110/><V29/><F6/><W8/><G8/><T72/><D72/><U132/><AGARI ba="1,0" hai="74,79,80,86,90,92,98,103,106,132,135" m="27831" machi="132" ten="30,2000,0" yaku="24,1,52,1" doraHai="107" who="1" fromWho="1" sc="193,-6,253,23,380,-11,174,-6" /><INIT seed="7,0,0,5,2,0" ten="187,276,369,168" oya="3" hai0="56,107,117,119,43,105,74,11,8,123,80,134,37" hai1="19,21,39,17,65,4,42,96,82,33,18,66,120" hai2="78,133,102,135,84,5,47,72,45,7,30,108,61" hai3="14,132,90,92,110,130,32,100,24,27,111,99,20"/><W28/><G130/><T124/><D123/><U113/><E120/><V87/><F108/><W38/><G38/><T86/><D124/><U23/><E33/><V3/><F102/><W31/><G132/><T116/><D134/><U115/><E82/><V77/><F61/><W41/><G41/><T50/><D74/><U67/><E96/><V75/><F30/><W70/><G70/><T44/><D105/><U109/><E109/><V83/><F83/><W106/><REACH who="3" step="1"/><G14/><REACH who="3" ten="187,276,369,158" step="2"/><T128/><D128/><U62/><E42/><V35/><F3/><W118/><G118/><T60/><D37/><U89/><E39/><V53/><F133/><W103/><G103/><T51/><D43/><U127/><E127/><V22/><F135/><W57/><G57/><T2/><D56/><U40/><E40/><V69/><F69/><W98/><AGARI ba="0,1" hai="20,24,27,28,31,32,90,92,98,99,100,106,110,111" machi="98" ten="30,3000,0" yaku="1,1,0,1,53,0" doraHai="0" doraHaiUra="55" who="3" fromWho="3" sc="187,-10,276,-10,369,-10,158,40" /><INIT seed="7,1,0,2,0,40" ten="177,266,359,198" oya="3" hai0="112,113,0,26,77,105,121,63,13,54,12,53,41" hai1="89,15,135,70,87,74,73,32,56,50,115,62,64" hai2="61,36,108,28,35,128,101,5,90,92,93,45,51" hai3="132,109,27,104,42,96,99,52,48,103,118,78,82"/><W114/><G132/><T29/><D105/><U8/><E32/><V10/><F128/><W107/><G114/><N who="0" m="44139" /><D77/><U46/><E70/><V123/><F108/><W67/><G109/><T98/><D0/><U119/><E119/><V39/><F123/><W7/><G118/><T110/><D121/><U134/><E115/><V116/><F28/><W95/><G67/><T1/><D1/><U58/><E58/><V129/><F35/><W20/><G42/><T25/><D110/><U21/><E21/><V30/><F129/><W130/><G7/><T3/><D3/><U125/><E125/><V14/><F30/><W117/><G117/><T75/><D75/><U124/><E124/><V100/><F116/><W17/><G130/><T23/><D41/><U59/><E59/><V68/><F36/><W120/><G120/><T84/><D98/><U60/><E60/><V33/><F39/><W55/><G99/><T91/><D63/><U72/><E87/><V2/><F33/><W9/><G9/><T102/><D102/><U22/><E22/><V80/><F2/><W19/><G19/><T4/><D26/><U49/><E89/><V94/><F68/><W31/><G17/><T106/><D106/><U126/><E126/><V57/><F61/><W11/><G11/><N who="0" m="4199" /><D13/><U83/><E15/><V34/><F34/><W86/><G55/><T81/><AGARI ba="1,0" hai="23,25,29,53,54,81,84,91" m="4199,44139" machi="81" ten="30,2000,0" yaku="15,1,11,1" doraHai="40" who="0" fromWho="0" sc="177,23,266,-6,359,-6,198,-11" owari="200,-20.0,260,6.0,353,45.0,187,-31.0" /></mjloggm>