<mjloggm ver="2.3"><GO type="41" lobby="0"/><UN n0="%36%6C%61%63%78" n1="%E3%81%97%E3%81%92%E3%83%9D%E3%83%AA%E3%82%B9" n2="%E5%9B%9B%E9%81%8B%E5%88%BB" n3="%E3%82%A6%E3%83%AB%E3%83%88%E3%83%A9%E7%AB%8B%E7%9B%B4" dan="15,13,13,16" rate="2024.50,1869.99,1849.23,2041.83" sx="M,M,M,M"/><TAIKYOKU oya="0"/><INIT seed="0,0,0,0,0,40" ten="250,250,250,250" oya="0" hai0="15,25,111,24,88,68,135,62,83,70,130,17,89" hai1="114,43,92,60,7,54,82,113,29,133,118,90,37" hai2="101,81,21,97,93,39,19,49,104,117,80,121,0" hai3="128,102,66,98,115,87,1,116,4,20,129,94,78"/><T34/><D135/><U51/><E118/><V99/><F39/><W108/><G4/><T84/><D130/><U124/><E133/><V127/><F121/><W106/><G1/><T105/><D105/><U100/><E29/><V46/><F127/><W50/><G116/><T95/><D111/><U11/><E124/><V23/><F0/><W18/><G115/><T73/><D34/><U47/><E100/><V53/><F117/><W125/><G125/><T48/><D48/><U9/><E82/><V134/><F134/><W22/><G108/><T126/><D126/><U65/><E7/><V96/><F99/><W14/><G66/><T67/><D70/><U35/><E35/><V77/><F19/><W57/><G22/><T16/><D17/><U42/><E42/><V85/><REACH who="2" step="1"/><F80/><REACH who="2" ten="250,250,240,250" step="2"/><W5/><G129/><T112/><D112/><U122/><E122/><V61/><F61/><W2/><G128/><T64/><D64/><U69/><E114/><V119/><F119/><W131/><G131/><T13/><D62/><U27/><E113/><V72/><F72/><W56/><G2/><T26/><D73/><U3/><E3/><V55/><F55/><W120/><G120/><T63/><REACH who="0" step="1"/><D16/><REACH who="0" ten="240,250,240,250" step="2"/><U30/><E37/><V58/><F58/><W28/><G56/><T31/><D31/><U103/><E69/><V36/><F36/><W75/><G28/><T132/><D132/><U74/><E30/><V33/><F33/><W52/><G5/><T44/><D44/><U71/><E74/><V109/><F109/><W12/><G75/><T59/><D59/><U86/><E47/><RYUUKYOKU ba="0,2" sc="240,15,250,-15,240,15,250,-15" hai0="13,15,24,25,26,63,67,68,83,84,88,89,95" hai2="21,23,46,49,53,77,81,85,93,96,97,101,104" /><INIT seed="0,1,2,0,4,42" ten="255,235,255,235" oya="0" hai0="46,87,65,119,22,38,53,2,8,83,117,19,23" hai1="75,131,66,56,86,20,80,123,12,77,70,128,59" hai2="98,49,37,130,112,44,58,69,132,27,115,55,52" hai3="11,40,60,126,51,116,54,104,122,78,101,107,102"/><T89/><D65/><U96/><E123/><V118/><F27/><W127/><G116/><T45/><D38/><U71/><E96/><V35/><F35/><W33/><G33/><T94/><D117/><U121/><E121/><V108/><F98/><W26/><G122/><T1/><D119/><U64/><E20/><V97/><F97/><W120/><G120/><T84/><D2/><U62/><E12/><V111/><F118/><W135/><G104/><T0/><D0/><U129/><REACH who="1" step="1"/><E75/><REACH who="1" ten="255,225,255,235" step="2"/><V88/><F115/><W110/><G107/><T31/><D1/><U14/><E14/><V105/><F112/><W61/><G11/><T72/><D72/><U109/><E109/><V79/><F105/><W6/><G110/><T67/><D8/><U32/><E32/><V91/><F111/><W74/><G74/><T114/><D114/><U90/><E90/><V48/><F108/><W50/><G26/><N who="0" m="16855" /><D67/><U17/><E17/><V73/><F91/><W5/><G78/><N who="0" m="46199" /><D53/><U43/><E43/><V125/><F55/><W63/><G40/><T81/><D81/><U124/><E124/><V39/><F52/><W7/><G54/><T3/><D3/><U134/><E134/><V25/><F125/><N who="3" m="47627" /><G135/><T85/><D85/><U30/><E30/><V103/><F132/><W9/><G9/><T93/><D94/><U15/><E15/><AGARI ba="1,3" hai="15,19,23,45,46,87,89,93" m="46199,16855" machi="15" ten="30,5800,0" yaku="8,1,52,2" doraHai="42" who="0" fromWho="1" sc="255,91,225,-61,255,0,235,0" /><INIT seed="0,2,0,1,2,107" ten="346,164,255,235" oya="0" hai0="13,14,61,58,65,99,1,68,43,75,115,103,5" hai1="42,26,62,46,125,88,100,47,101,116,17,6,37" hai2="106,34,87,71,73,25,133,7,9,50,29,18,32" hai3="20,48,40,96,66,82,51,28,89,105,85,64,91"/><T0/><D115/><U104/><E116/><V119/><F119/><W30/><G105/><T54/><D43/><U57/><E104/><V74/><F106/><W23/><G96/><T22/><D75/><U134/><E125/><V38/><F38/><W127/><G127/><T114/><D114/><U109/><E134/><V56/><F71/><W4/><G4/><T126/><D126/><U12/><E47/><V111/><F18/><W129/><G129/><T67/><D67/><U132/><E6/><V45/><F34/><W27/><G40/><T10/><D22/><U86/><E132/><V77/><F133/><W110/><G110/><T76/><D76/><U15/><E26/><V59/><F111/><W39/><G39/><T31/><D31/><U124/><E124/><V130/><F130/><W44/><G44/><T118/><D118/><U49/><E37/><V102/><F102/><N who="1" m="39529" /><E17/><V35/><F35/><W79/><G79/><T24/><D24/><U41/><E41/><N who="2" m="24879" /><F56/><W53/><G27/><T94/><D0/><U120/><E120/><V108/><F59/><W128/><G128/><T52/><D54/><N who="1" m="34103" /><E109/><V21/><F32/><W131/><G131/><T81/><D81/><AGARI ba="2,0" hai="12,15,42,46,49,81,86,88" m="34103,39529" machi="81" ten="30,2000,0" yaku="8,1,54,1" doraHai="107" who="1" fromWho="0" sc="346,-26,164,26,255,0,235,0" /><INIT seed="1,0,0,5,0,21" ten="320,190,255,235" oya="1" hai0="16,97,123,36,79,34,50,130,93,101,54,37,87" hai1="66,94,91,108,105,26,6,42,10,59,15,5,129" hai2="60,62,22,84,133,113,28,106,74,52,2,115,81" hai3="122,58,90,12,117,13,61,47,18,104,65,128,11"/><U86/><E105/><V127/><F74/><W116/><G104/><T20/><D34/><U35/><E129/><V48/><F2/><W38/><G122/><T43/><D130/><U57/><E42/><V124/><F106/><W107/><G107/><T25/><D123/><U4/><E108/><V102/><F102/><W110/><G128/><T132/><D43/><U19/><REACH who="1" step="1"/><E66/><REACH who="1" ten="320,180,255,235" step="2"/><V63/><F115/><W41/><G110/><T112/><D112/><U56/><E56/><N who="2" m="32775" /><F113/><W121/><G121/><T40/><D40/><U103/><E103/><V82/><F124/><W27/><G41/><T114/><D114/><U68/><E68/><V51/><F127/><W125/><G125/><T72/><D101/><U64/><E64/><V98/><F133/><W17/><G47/><T39/><D132/><U70/><E70/><V1/><F63/><W29/><G38/><T76/><D39/><U44/><E44/><V45/><F62/><W118/><G58/><T0/><D37/><U131/><E131/><V53/><F60/><W71/><G61/><T99/><D36/><U23/><E23/><V88/><F22/><W3/><G65/><T32/><D20/><U126/><E126/><V120/><F120/><W95/><G71/><T111/><D111/><U119/><E119/><V55/><F53/><W7/><G117/><T30/><D54/><U8/><E8/><V85/><F55/><W69/><G69/><T9/><D9/><U134/><E134/><V78/><F45/><W46/><G46/><T75/><D32/><U49/><E49/><V80/><F51/><W77/><G118/><RYUUKYOKU ba="0,1" sc="320,-10,180,30,255,-10,235,-10" hai1="4,5,6,10,15,19,26,35,57,59,86,91,94" /><INIT seed="1,1,1,4,4,123" ten="310,210,245,225" oya="1" hai0="39,115,109,53,13,78,82,111,52,60,56,81,129" hai1="63,65,120,104,83,72,22,89,17,21,124,24,64" hai2="92,47,15,37,122,59,105,130,80,103,77,75,90" hai3="112,8,100,33,134,36,71,50,110,61,55,25,98"/><U35/><E120/><V23/><F122/><W121/><G36/><T88/><D115/><U16/><E35/><V99/><F130/><W85/><G121/><T7/><D39/><U46/><E104/><V84/><F59/><W2/><G112/><T49/><D129/><U97/><E124/><V106/><F37/><W66/><G134/><T44/><D78/><U67/><E63/><V70/><F47/><W93/><G8/><N who="0" m="4255" /><D88/><U116/><E116/><V26/><F15/><W20/><G2/><T132/><D132/><U58/><E58/><V34/><F34/><W127/><G127/><T69/><D69/><U10/><E10/><V74/><F70/><W51/><G55/><T40/><D40/><U87/><E72/><V14/><F14/><W114/><G114/><T125/><D125/><U48/><E97/><N who="2" m="57495" /><F26/><W19/><G33/><T107/><D107/><N who="2" m="40970" /><F23/><N who="1" m="8713" /><E24/><V135/><F135/><W62/><G62/><T3/><D3/><U131/><E131/><V9/><F9/><W79/><G51/><T113/><D113/><U128/><E128/><V32/><F32/><W133/><G50/><T4/><D4/><U18/><E67/><V38/><F38/><W94/><G133/><T96/><D96/><U102/><E102/><V6/><F6/><W86/><G66/><T73/><D73/><U29/><E29/><V118/><F118/><W95/><G71/><T108/><AGARI ba="1,1" hai="44,49,52,53,56,60,81,82,108,109,111" m="4255" machi="108" ten="30,8000,1" yaku="14,1,52,3,54,1" doraHai="123" who="0" fromWho="0" sc="310,93,210,-41,245,-21,225,-21" /><INIT seed="2,0,0,3,2,29" ten="403,169,224,204" oya="2" hai0="114,5,67,60,123,45,58,18,10,95,39,13,8" hai1="70,38,101,83,11,133,64,0,71,130,42,44,16" hai2="35,43,23,24,3,20,107,2,54,129,51,74,125" hai3="37,106,66,105,63,91,21,104,94,111,113,85,98"/><V41/><F74/><W27/><G37/><T112/><D123/><U1/><E130/><V80/><F129/><W4/><G4/><T15/><REACH who="0" step="1"/><D95/><REACH who="0" ten="393,169,224,204" step="2"/><U77/><E133/><V134/><F107/><W108/><G113/><T87/><D87/><U135/><E135/><V62/><F134/><W127/><G127/><T17/><D17/><U56/><E101/><V6/><F125/><W72/><G72/><T78/><D78/><U93/><E93/><V79/><F79/><W131/><G131/><T30/><D30/><U124/><E71/><V102/><F102/><W46/><G105/><T55/><D55/><U73/><E70/><V121/><F121/><W88/><G104/><T32/><D32/><U122/><E122/><V96/><F35/><W120/><G106/><T26/><D26/><U12/><REACH who="1" step="1"/><E124/><REACH who="1" ten="393,159,224,204" step="2"/><V22/><F80/><W53/><G120/><T57/><D57/><U47/><E47/><V76/><F76/><W40/><G46/><T31/><D31/><U49/><E49/><V59/><F51/><W48/><G48/><T7/><D7/><U110/><E110/><V119/><F24/><W109/><G109/><T92/><D92/><U118/><E118/><V65/><F6/><W34/><G111/><T115/><D115/><U82/><E82/><V25/><F119/><W116/><G94/><T69/><D69/><U52/><E52/><V90/><F25/><W50/><G27/><T33/><D33/><U28/><E28/><V128/><F128/><W126/><G126/><T36/><D36/><U100/><E100/><V103/><F54/><W68/><G108/><RYUUKYOKU ba="0,2" sc="393,15,159,15,224,-15,204,-15" hai0="5,8,10,13,15,18,39,45,58,60,67,112,114" hai1="0,1,11,12,16,38,42,44,56,64,73,77,83" /><INIT seed="3,1,2,2,5,26" ten="408,174,209,189" oya="3" hai0="126,93,109,122,87,98,63,94,62,119,96,13,50" hai1="64,52,78,23,95,3,99,134,18,132,30,112,100" hai2="14,11,9,91,123,102,39,72,35,66,124,59,121" hai3="8,17,85,110,76,101,68,27,71,113,106,29,6"/><W31/><G113/><T2/><D122/><N who="2" m="46602" /><F39/><W79/><G110/><T114/><D2/><U89/><E3/><V49/><F72/><W53/><G68/><T86/><D119/><U77/><E64/><V15/><F124/><W22/><G71/><T104/><D104/><U125/><E125/><V38/><F38/><W69/><G69/><T44/><D126/><U130/><E112/><V92/><F102/><W4/><G101/><N who="0" m="60559" /><D13/><N who="2" m="4618" /><F35/><W131/><G106/><T16/><D16/><U41/><E41/><V40/><F66/><W61/><G131/><T105/><D105/><U36/><E36/><V10/><F40/><W32/><G32/><T120/><D120/><U46/><E130/><V75/><F75/><W57/><G79/><T60/><D109/><U80/><E100/><V47/><F47/><W54/><G54/><N who="0" m="30023" /><D114/><U90/><E18/><V0/><F0/><W33/><G33/><T67/><D67/><U115/><E115/><V45/><F45/><W73/><G73/><T42/><D42/><U97/><E46/><V108/><F108/><W43/><G43/><T12/><D12/><U1/><E1/><V48/><F59/><W81/><REACH who="3" step="1"/><G8/><REACH who="3" ten="408,174,209,179" step="2"/><T118/><D118/><U129/><E129/><V5/><F9/><W74/><G74/><T55/><D55/><U70/><E52/><V133/><F10/><W34/><G34/><T24/><D24/><U88/><E70/><V20/><F11/><W28/><AGARI ba="1,3" hai="4,6,17,22,27,28,29,31,53,57,61,76,81,85" machi="28" ten="30,18000,2" yaku="1,1,0,1,8,1,52,3,53,0" doraHai="26" doraHaiUra="37" who="3" fromWho="3" sc="408,-61,174,-61,209,-61,179,213" /><INIT seed="3,2,0,0,5,2" ten="347,113,148,392" oya="3" hai0="9,38,28,84,72,80,126,133,20,113,34,123,45" hai1="57,124,54,15,33,8,92,114,59,30,125,83,97" hai2="78,51,89,71,112,74,55,120,0,69,79,86,130" hai3="23,93,56,107,101,37,103,36,46,50,85,63,96"/><W64/><G103/><T21/><D123/><U75/><E114/><V106/><F120/><W26/><G85/><T1/><D72/><U115/><E115/><V29/><F112/><W98/><G98/><T91/><D113/><U31/><E83/><V129/><F106/><W47/><G107/><T39/><D133/><U127/><E75/><V10/><F29/><W13/><G13/><T119/><D119/><U17/><E33/><V95/><F74/><W109/><G109/><T61/><D126/><U19/><E19/><V3/><F3/><W117/><G117/><T49/><D61/><U52/><E59/><N who="2" m="33279" /><F71/><W122/><G122/><T116/><D34/><U25/><E25/><V104/><F69/><W44/><REACH who="3" step="1"/><G50/><REACH who="3" ten="347,113,148,382" step="2"/><T105/><D105/><U94/><E97/><V102/><F102/><W66/><G66/><T41/><D116/><U135/><E127/><V7/><F104/><W68/><G68/><T108/><D108/><U18/><E15/><V4/><F0/><W6/><G6/><T118/><D118/><U100/><E100/><V111/><F111/><W11/><G11/><T60/><D49/><U110/><E110/><V53/><F10/><W77/><G77/><T88/><D9/><U43/><E8/><V27/><F4/><W14/><G14/><T35/><D1/><U82/><E125/><V132/><F7/><W67/><G67/><T40/><D84/><U76/><E76/><V5/><F5/><W58/><G58/><T131/><D39/><U48/><E57/><V128/><F79/><W81/><G81/><T22/><D38/><U24/><E48/><RYUUKYOKU ba="2,1" sc="347,-10,113,-10,148,-10,382,30" hai3="23,26,36,37,44,46,47,56,63,64,93,96,101" /><INIT seed="3,3,1,1,2,49" ten="337,103,138,412" oya="3" hai0="79,44,122,31,46,130,69,48,47,92,62,57,118" hai1="107,134,61,67,96,34,120,90,25,93,1,27,85" hai2="33,102,9,32,37,8,97,3,108,119,115,58,117" hai3="75,73,68,125,17,56,4,76,128,63,53,26,43"/><W100/><G125/><T81/><D122/><U132/><E1/><V106/><F115/><W24/><G128/><T80/><D118/><U64/><E120/><V39/><F108/><W40/><G68/><T23/><D130/><U95/><E67/><V101/><F9/><W71/><G71/><T19/><D69/><U104/><E64/><V28/><F58/><W89/><G4/><T127/><D127/><U111/><E61/><V21/><F21/><W52/><G75/><T86/><D31/><U22/><E34/><N who="2" m="13419" /><F101/><W98/><G76/><T0/><D0/><U7/><E7/><N who="2" m="1151" /><F28/><W66/><G73/><T5/><D5/><U87/><E22/><V103/><F103/><W70/><G70/><T41/><D92/><U50/><E50/><V14/><F14/><W123/><G123/><T124/><D124/><U72/><E72/><V38/><AGARI ba="3,1" hai="37,38,39,97,102,106,117,119" m="1151,13419" machi="38" ten="40,1500,0" yaku="23,1" doraHai="49" who="2" fromWho="2" sc="337,-7,103,-7,138,34,412,-10" /><INIT seed="4,0,0,3,1,112" ten="330,96,172,402" oya="0" hai0="47,135,94,87,80,81,96,83,59,32,67,41,128" hai1="39,40,13,123,119,131,66,78,62,8,77,50,124" hai2="107,117,116,103,10,61,28,98,60,18,69,49,126" hai3="51,6,82,22,58,25,63,2,74,48,5,65,0"/><T99/><D32/><U134/><E123/><V76/><F126/><W1/><G74/><T27/><D135/><U17/><E124/><V122/><F122/><W20/><G82/><T33/><D128/><U68/><E131/><V46/><F28/><W70/><G70/><T108/><D108/><U113/><E134/><V85/><F69/><W95/><G48/><T118/><D118/><N who="2" m="45674" /><F85/><W89/><G51/><N who="0" m="27119" /><D33/><U115/><E119/><V130/><F76/><W29/><REACH who="3" step="1"/><G20/><REACH who="3" ten="330,96,172,392" step="2"/><T127/><D127/><U75/><E39/><V4/><F130/><W97/><AGARI ba="0,1" hai="0,1,2,5,6,22,25,29,58,63,65,89,95,97" machi="97" ten="30,7900,0" yaku="1,1,2,1,0,1,53,1" doraHai="112" doraHaiUra="52" who="3" fromWho="3" sc="330,-39,96,-20,172,-20,392,89" /><INIT seed="5,0,0,1,2,33" ten="291,76,152,481" oya="1" hai0="122,40,47,129,112,52,78,104,115,15,99,90,105" hai1="27,85,43,55,60,114,12,101,32,70,0,16,125" hai2="71,95,135,10,109,134,130,58,13,41,5,49,120" hai3="67,63,117,36,39,59,45,19,18,21,17,42,24"/><U64/><E43/><V31/><F71/><W118/><REACH who="3" step="1"/><G39/><REACH who="3" ten="291,76,152,471" step="2"/><T61/><D115/><U83/><E114/><V56/><F134/><W22/><G22/><T111/><D112/><U98/><E125/><V108/><F135/><W25/><G25/><T79/><D111/><U34/><E55/><V1/><F108/><W48/><G48/><T80/><D129/><U119/><E119/><AGARI ba="0,1" hai="17,18,19,21,24,36,42,45,59,63,67,117,118,119" machi="119" ten="40,5200,0" yaku="21,2,12,1,53,0" doraHai="33" doraHaiUra="81" who="3" fromWho="1" sc="291,0,76,-52,152,0,471,62" /><INIT seed="6,0,0,3,3,112" ten="291,24,152,533" oya="2" hai0="78,4,83,76,80,51,64,9,15,117,107,100,58" hai1="5,48,57,116,30,7,121,54,119,88,74,20,33" hai2="134,68,41,3,24,56,120,49,70,77,126,42,86" hai3="36,62,0,11,113,29,125,45,111,118,92,103,40"/><V128/><F120/><W50/><G111/><T25/><D107/><U90/><E74/><V60/><F3/><W87/><G113/><T81/><D100/><U104/><E104/><V26/><F128/><W93/><G125/><T12/><D25/><U34/><E34/><V82/><F126/><W130/><G130/><T55/><D64/><U66/><E33/><V59/><F134/><W23/><G93/><T95/><D95/><U96/><E121/><V75/><F75/><W71/><G11/><T131/><D131/><U91/><E96/><V46/><F42/><W1/><G36/><T97/><D97/><U28/><E66/><V67/><REACH who="2" step="1"/><F70/><REACH who="2" ten="291,24,142,533" step="2"/><W105/><G1/><T16/><REACH who="0" step="1"/><D117/><REACH who="0" ten="281,24,142,533" step="2"/><U27/><REACH who="1" step="1"/><E30/><REACH who="1" ten="281,14,142,533" step="2"/><V32/><F32/><W10/><G29/><T101/><D101/><U132/><E132/><V135/><F135/><W35/><G103/><T38/><D38/><U22/><E22/><AGARI ba="0,3" hai="4,9,12,15,16,22,51,55,58,76,78,80,81,83" machi="22" ten="40,5200,0" yaku="1,1,8,1,54,1,53,0" doraHai="112" doraHaiUra="102" who="0" fromWho="1" sc="281,82,14,-52,142,0,533,0" owari="363,16.0,-38,-54.0,142,-26.0,533,64.0" /></mjloggm>