<mjloggm ver="2.3"><GO type="97"/><UN n0="%E3%81%AF%E3%81%BF%E3%82%82%E3%82%93" n1="%EF%BC%88%E2%89%A7%E2%96%BD%E2%89%A6%EF%BC%89" n2="%6F%77%61%72%69%2D" n3="%6D%6F%6F%6E%38" dan="14,15,14,13" rate="1944,1989,1934,1808" sx="M,M,M,M"/><TAIKYOKU oya="0"/><INIT seed="0,0,0,1,3,2" ten="250,250,250,250" oya="0" hai0="38,81,122,23,103,55,62,123,33,90,106,111,45" hai1="80,68,66,26,109,69,9,27,94,127,96,75,130" hai2="84,134,39,57,86,50,60,76,35,83,31,87,135" hai3="108,22,67,16,131,4,13,49,126,63,95,107,82"/><T125/><D125/><U77/><E130/><V0/><F39/><W15/><G108/><T93/><D33/><U70/><E127/><V124/><F124/><W64/><G126/><T3/><D111/><U51/><E109/><V47/><F31/><W36/><G36/><T99/><D3/><U44/><E66/><V21/><F21/><W17/><G107/><T71/><D81/><U43/><REACH who="1" step="1"/><E9/><REACH who="1" ten="250,240,250,250" step="2"/><V7/><F35/><W92/><G131/><T48/><D122/><U1/><E1/><V97/><F0/><W61/><G4/><T78/><D123/><U113/><E113/><V118/><F7/><W73/><G73/><T30/><D38/><U6/><E6/><V25/><F118/><W110/><G82/><T89/><D71/><U65/><E65/><V112/><F112/><W20/><G110/><T40/><D78/><U79/><E79/><V42/><F76/><W98/><G49/><T54/><D62/><U129/><E129/><V11/><F11/><W72/><G72/><T28/><D48/><U119/><E119/><V74/><F74/><W88/><G98/><T91/><D99/><U53/><E53/><V46/><F83/><W116/><G116/><T32/><D55/><U18/><E18/><V121/><F121/><W59/><REACH who="3" step="1"/><G88/><AGARI ba="0,1" hai="26,27,43,44,51,68,69,70,75,77,80,88,94,96" machi="88" ten="40,2600,0" yaku="1,1,54,1,53,0" doraHai="2" doraHaiUra="34" who="1" fromWho="3" sc="250,0,240,36,250,0,250,-26" /><INIT seed="1,0,0,5,5,52" ten="250,276,250,224" oya="1" hai0="56,53,97,131,15,22,67,101,127,35,59,118,45" hai1="94,43,34,113,39,33,130,107,90,133,109,80,134" hai2="81,14,82,55,58,78,76,110,27,16,7,62,31" hai3="124,105,12,89,42,100,4,85,115,9,26,68,74"/><U44/><E113/><V112/><F110/><W119/><G115/><T120/><D35/><U86/><E130/><V87/><F7/><W102/><G119/><T41/><D118/><U40/><E107/><V6/><F6/><W60/><G124/><T61/><D127/><U126/><E126/><V66/><F112/><W108/><G74/><T23/><D131/><U19/><E109/><V29/><F27/><W128/><G128/><T104/><D120/><U117/><E117/><V36/><F36/><W5/><G108/><T63/><REACH who="0" step="1"/><D15/><REACH who="0" ten="240,276,250,224" step="2"/><U92/><E134/><V69/><F69/><W21/><G105/><T122/><D122/><U47/><E133/><V0/><F0/><W116/><G116/><T20/><D20/><U2/><E2/><V10/><REACH who="2" step="1"/><F66/><REACH who="2" ten="240,276,240,224" step="2"/><W132/><G132/><T125/><D125/><U70/><E70/><V103/><F103/><W49/><G68/><T83/><D83/><U57/><E80/><V3/><F3/><W95/><G5/><T75/><D75/><AGARI ba="0,2" hai="10,14,16,29,31,55,58,62,75,76,78,81,82,87" machi="75" ten="30,8000,1" yaku="1,1,7,1,52,1,54,1,53,1" doraHai="52" doraHaiUra="51" who="2" fromWho="0" sc="240,-80,276,0,240,100,224,0" /><INIT seed="2,0,0,2,3,107" ten="160,276,340,224" oya="2" hai0="15,34,93,91,116,13,100,23,32,98,57,19,10" hai1="7,72,54,96,114,125,67,129,135,14,79,105,46" hai2="22,31,84,117,102,122,103,8,40,41,35,101,68" hai3="118,36,25,90,126,60,77,27,121,64,99,119,52"/><V85/><F117/><W50/><G121/><T111/><D111/><U104/><E114/><V88/><F68/><W1/><G36/><T123/><D123/><U20/><E135/><V113/><F113/><W82/><G1/><T70/><D70/><U130/><E125/><V6/><F35/><W12/><G126/><T106/><D116/><U112/><E112/><V83/><F122/><W29/><G119/><T110/><D110/><U61/><E54/><V120/><F120/><W134/><G118/><T73/><D73/><U26/><E46/><V87/><F31/><W109/><G109/><T94/><D57/><N who="1" m="37295" /><E96/><V53/><F53/><W131/><G134/><T9/><D23/><U37/><E37/><V115/><F115/><W42/><G131/><N who="1" m="50186" /><E14/><N who="2" m="5399" /><F22/><W108/><G108/><T62/><D62/><U17/><E7/><V3/><F3/><W5/><G42/><AGARI ba="0,0" hai="40,41,42,83,84,85,87,88,101,102,103" m="5399" machi="42" ten="30,2900,0" yaku="8,1,54,1" doraHai="107" who="2" fromWho="3" sc="160,0,276,0,340,29,224,-29" /><INIT seed="2,1,0,4,2,38" ten="160,276,369,195" oya="2" hai0="78,73,87,77,47,101,96,18,125,4,103,9,135" hai1="60,10,94,91,40,13,89,133,48,115,118,14,130" hai2="69,23,7,57,110,45,6,32,128,17,107,119,58" hai3="50,95,30,76,5,46,100,44,131,41,34,124,116"/><V27/><F119/><W127/><G116/><T108/><D135/><U80/><E118/><V55/><F107/><W67/><G34/><T72/><D108/><U64/><E115/><V11/><F69/><W117/><G30/><T21/><D125/><N who="3" m="48201" /><G117/><T126/><D126/><U53/><E133/><V26/><F128/><W63/><G131/><T52/><D73/><U42/><E130/><V70/><F70/><W35/><G76/><T37/><D72/><U62/><E80/><V86/><F110/><W8/><G35/><T129/><D129/><U84/><E91/><V3/><F6/><W81/><G81/><T132/><D132/><U29/><E29/><V39/><F86/><W66/><G100/><T19/><D103/><U43/><E64/><N who="3" m="24618" /><G95/><T33/><D33/><U102/><E102/><V123/><F123/><W65/><G50/><T49/><D37/><U88/><E89/><V85/><F39/><W15/><G41/><T83/><D78/><U93/><E93/><V31/><F85/><W109/><G109/><T2/><REACH who="0" step="1"/><D21/><REACH who="0" ten="150,276,369,195" step="2"/><U99/><E99/><V134/><F134/><W24/><G24/><T113/><D113/><U114/><E114/><V22/><F22/><W20/><G20/><T51/><D51/><U0/><E0/><V79/><F79/><W82/><G82/><T111/><D111/><U121/><E121/><V12/><F27/><W28/><G28/><T1/><D1/><U98/><E98/><V112/><F112/><W122/><G122/><T68/><D68/><AGARI ba="1,1" hai="5,8,15,44,46,63,65,68" m="24618,48201" machi="68" ten="30,1000,0" yaku="18,1" doraHai="38" who="3" fromWho="0" sc="150,-13,276,0,369,0,195,23" /><INIT seed="3,0,0,3,0,72" ten="137,276,369,218" oya="3" hai0="104,0,96,71,31,93,120,95,40,54,114,49,126" hai1="59,125,20,33,113,50,35,124,56,51,99,1,78" hai2="5,108,6,17,52,38,79,10,85,8,89,81,82" hai3="70,131,19,7,115,129,75,67,41,117,109,103,76"/><W60/><G115/><T13/><D0/><U94/><E1/><V53/><F38/><W25/><G117/><T14/><D120/><U44/><E113/><V121/><F108/><W30/><G109/><T22/><D114/><U87/><E20/><V102/><F102/><W28/><G76/><T4/><D104/><U127/><E87/><N who="2" m="48575" /><F17/><W84/><G75/><T130/><D71/><U34/><E78/><V66/><F66/><W61/><G7/><N who="2" m="2569" /><F121/><W43/><G103/><T122/><D122/><U110/><E110/><V37/><F37/><W83/><G60/><T39/><D39/><U55/><REACH who="1" step="1"/><E50/><REACH who="1" ten="137,266,369,218" step="2"/><V68/><F68/><W2/><G2/><T123/><D49/><U27/><E27/><V15/><F15/><W58/><G70/><T16/><D14/><U135/><E135/><V36/><F36/><W91/><G131/><T88/><D130/><U77/><E77/><V3/><F3/><W24/><G129/><T74/><D123/><U18/><E18/><V119/><F119/><W107/><G107/><T97/><D126/><U116/><E116/><V86/><F86/><W42/><REACH who="3" step="1"/><G25/><REACH who="3" ten="137,266,369,208" step="2"/><T90/><D74/><U32/><N who="1" m="8704" /><DORA hai="47" /><U48/><E48/><V128/><F128/><W73/><G73/><T29/><D4/><U23/><E23/><AGARI ba="0,2" hai="19,23,24,28,30,41,42,43,58,61,67,83,84,91" machi="23" ten="40,7700,0" yaku="1,1,8,1,53,1" doraHai="72,47" doraHaiUra="57,64" who="3" fromWho="1" sc="137,0,266,-77,369,0,208,97" /><INIT seed="3,1,0,3,1,73" ten="137,189,369,305" oya="3" hai0="106,21,120,123,124,132,5,17,105,91,50,19,71" hai1="10,49,102,72,121,15,85,127,104,20,134,135,53" hai2="112,62,59,129,42,54,103,37,32,35,131,2,16" hai3="82,110,78,40,22,122,47,34,107,84,108,65,24"/><W38/><G34/><T88/><D71/><U4/><E121/><V74/><F74/><W58/><G107/><N who="0" m="40971" /><D50/><U92/><E72/><V79/><F103/><W64/><G122/><N who="0" m="46635" /><D21/><U96/><E127/><V101/><F79/><W14/><G58/><T63/><D63/><U100/><E20/><V130/><F101/><W57/><G14/><T128/><D5/><U116/><E116/><V27/><F112/><W76/><G57/><T118/><D118/><U90/><REACH who="1" step="1"/><E100/><REACH who="1" ten="137,179,369,305" step="2"/><V119/><F119/><W9/><G9/><T60/><D124/><U8/><E8/><V98/><F35/><W46/><G78/><T97/><D132/><U93/><E93/><V83/><F32/><W43/><G110/><T23/><D23/><U111/><E111/><V51/><F130/><W30/><REACH who="3" step="1"/><G108/><REACH who="3" ten="137,179,369,295" step="2"/><T31/><D128/><U11/><E11/><V3/><F131/><W0/><G0/><T87/><D31/><U18/><E18/><V126/><F16/><W61/><G61/><T45/><D60/><U67/><E67/><V69/><F2/><W26/><G26/><T77/><D17/><U115/><E115/><V39/><F3/><W36/><AGARI ba="1,2" hai="22,24,30,36,38,40,43,46,47,64,65,76,82,84" machi="36" ten="20,12000,1" yaku="1,1,0,1,7,1,9,1,52,1,53,0" doraHai="73" doraHaiUra="109" who="3" fromWho="3" sc="137,-41,179,-41,369,-41,295,143" owari="96,-40.0,138,-26.0,328,13.0,438,53.0" /></mjloggm>