<mjloggm ver="2.3"><GO type="41"/><UN n0="%E3%83%9F%E3%82%B9%E3%82%BF%E3%83%BC%58" n1="%E3%82%A6%E3%83%AB%E3%83%88%E3%83%A9%E7%AB%8B%E7%9B%B4" n2="%41%4D%49%4E%59%4F%4D%55" n3="%E6%A3%AE%E9%87%8E%E7%86%8A%E3%81%95%E3%82%93" dan="14,15,14,13" rate="1914,2015,1868,1951" sx="M,M,M,M"/><TAIKYOKU oya="0"/><INIT seed="0,0,0,4,4,104" ten="250,250,250,250" oya="0" hai0="131,110,58,5,72,97,13,111,4,113,46,89,26" hai1="69,128,91,30,31,35,28,80,34,107,100,21,41" hai2="23,124,19,68,105,84,61,81,77,76,95,129,50" hai3="127,18,15,83,32,109,94,2,1,47,39,103,102"/><T25/><D113/><U17/><E41/><V66/><F124/><W16/><G127/><T134/><D134/><U98/><E128/><V38/><F129/><W60/><G32/><T75/><D131/><U40/><E69/><V90/><F105/><W49/><G39/><T9/><D4/><U43/><E43/><V8/><F38/><W85/><G109/><N who="0" m="41483" /><D46/><U71/><E71/><V93/><F8/><W57/><G18/><T118/><D118/><U88/><E40/><V14/><F95/><W59/><G1/><T117/><D117/><U74/><E35/><V78/><REACH who="2" step="1"/><F50/><REACH who="2" ten="250,250,240,250" step="2"/><W64/><G94/><N who="0" m="56527" /><D58/><U3/><E3/><V121/><F121/><W70/><G59/><T126/><D126/><U7/><E7/><V51/><F51/><W24/><G70/><T33/><D33/><U96/><E34/><V44/><F44/><W67/><G2/><T37/><D37/><U12/><REACH who="1" step="1"/><E98/><REACH who="1" ten="250,240,240,250" step="2"/><V115/><F115/><W82/><G47/><T135/><D135/><U10/><E10/><V52/><F52/><W42/><G42/><T130/><D130/><U99/><E99/><V87/><AGARI ba="0,2" hai="14,19,23,61,66,68,76,77,78,81,84,87,90,93" machi="87" ten="20,5200,0" yaku="1,1,0,1,7,1,53,1" doraHai="104" doraHaiUra="11" who="2" fromWho="2" sc="250,-26,240,-13,240,72,250,-13" /><INIT seed="1,0,0,5,4,82" ten="224,227,312,237" oya="1" hai0="40,116,131,26,134,122,46,36,50,89,95,85,106" hai1="51,60,17,62,21,57,0,13,97,124,23,109,113" hai2="31,41,103,64,125,75,83,84,126,96,38,16,135" hai3="102,110,100,90,68,92,15,20,91,18,37,35,107"/><U74/><E0/><V3/><F3/><W101/><G37/><T87/><D116/><U67/><E74/><V54/><F75/><W71/><G107/><T45/><D106/><U72/><E72/><V48/><F31/><W44/><G110/><T30/><D134/><U108/><E113/><V88/><F135/><W56/><G35/><T78/><D131/><U32/><E32/><V11/><F64/><W98/><G44/><T4/><D4/><U128/><E128/><V66/><F66/><W94/><REACH who="3" step="1"/><G56/><REACH who="3" ten="224,227,312,227" step="2"/><T130/><D130/><U93/><E109/><V7/><F38/><W34/><G34/><T104/><D122/><U79/><E108/><V49/><F126/><W52/><G52/><T47/><D104/><U8/><E124/><V123/><F54/><W69/><G69/><T25/><D36/><U121/><E121/><V115/><F125/><W19/><G19/><T59/><D59/><U6/><E17/><V55/><F16/><W1/><G1/><T112/><D112/><U42/><E62/><V10/><F55/><W43/><G43/><T14/><D30/><U12/><E42/><V111/><F41/><W22/><G22/><T117/><D117/><U58/><E51/><V61/><F48/><W118/><G118/><T9/><D47/><U5/><E57/><V105/><F49/><W28/><G28/><T132/><D46/><U114/><E114/><V119/><F115/><W77/><G77/><T76/><D132/><U133/><E133/><V27/><F123/><W63/><G63/><T24/><D78/><U33/><E79/><V70/><F111/><RYUUKYOKU ba="0,1" sc="224,-10,227,-10,312,-10,227,30" hai3="15,18,20,68,71,90,91,92,94,98,100,101,102" /><INIT seed="2,1,1,5,1,122" ten="214,217,302,257" oya="2" hai0="110,32,58,75,131,84,66,111,21,46,126,29,15" hai1="115,69,30,101,132,14,78,120,13,68,121,85,1" hai2="124,11,8,135,47,133,102,59,36,96,45,2,4" hai3="119,18,37,25,63,17,51,9,16,23,44,99,38"/><V76/><F124/><W20/><G119/><T86/><D32/><U7/><E115/><V56/><F76/><W105/><G63/><N who="0" m="38263" /><D75/><U41/><E41/><V113/><F36/><W40/><G9/><T118/><D126/><U127/><E127/><V61/><F113/><W67/><G67/><T73/><D73/><U33/><E101/><V82/><F102/><W48/><G105/><T112/><D112/><U83/><E1/><V27/><F2/><W114/><G114/><T57/><D57/><U125/><E125/><V81/><F61/><W103/><G38/><T87/><D131/><U62/><E62/><V42/><F42/><W106/><REACH who="3" step="1"/><G18/><REACH who="3" ten="214,217,302,247" step="2"/><N who="0" m="10463" /><D118/><U52/><E121/><V5/><F11/><W117/><G117/><T92/><D29/><U65/><E120/><V130/><F8/><W128/><G128/><T91/><D46/><U64/><E64/><V72/><F130/><W0/><G0/><T22/><D22/><U80/><E65/><V98/><F45/><W93/><G93/><T24/><D24/><AGARI ba="1,2" hai="16,17,20,23,24,25,37,40,44,48,51,99,103,106" machi="24" ten="30,7700,0" yaku="1,1,7,1,9,1,54,1,53,0" doraHai="122" doraHaiUra="88" who="3" fromWho="0" sc="214,-80,217,0,302,0,247,100" /><INIT seed="3,0,0,3,0,51" ten="134,217,302,347" oya="3" hai0="121,73,79,7,45,133,122,68,75,1,27,92,105" hai1="44,76,10,25,64,111,12,67,78,101,89,112,57" hai2="32,99,77,59,117,23,116,131,30,9,56,119,62" hai3="36,37,69,110,106,48,13,55,66,134,8,15,28"/><W61/><G134/><T87/><D105/><U102/><E112/><V52/><F32/><W83/><G106/><T3/><D68/><U115/><E115/><V54/><F131/><W130/><G130/><T90/><D133/><U123/><E123/><V16/><F77/><N who="1" m="29801" /><E25/><V127/><F127/><W113/><G113/><T100/><D100/><N who="1" m="38507" /><E111/><V91/><F30/><W26/><G83/><T49/><D27/><U88/><E44/><V34/><F9/><W40/><G40/><T38/><D38/><U50/><E50/><V4/><F4/><W97/><G97/><T71/><D71/><U35/><E35/><V20/><F34/><W129/><G129/><T46/><D46/><U120/><E120/><V17/><F119/><W42/><G42/><T43/><D122/><U94/><E57/><V107/><F62/><W58/><G110/><T53/><D121/><U60/><E60/><V103/><F107/><W81/><G15/><T109/><D109/><U33/><E33/><V104/><F104/><W24/><G81/><T72/><D79/><U93/><E12/><V85/><F103/><W11/><G26/><T84/><D43/><U65/><E10/><N who="3" m="3626" /><G13/><T2/><REACH who="0" step="1"/><D7/><REACH who="0" ten="124,217,302,347" step="2"/><U29/><E29/><V126/><F117/><W19/><G28/><T86/><AGARI ba="0,1" hai="1,2,3,45,49,53,72,73,75,84,86,87,90,92" machi="86" ten="40,8000,1" yaku="1,1,2,1,0,1,52,1,53,0" doraHai="51" doraHaiUra="95" who="0" fromWho="0" sc="124,90,217,-20,302,-20,347,-40" /><INIT seed="4,0,0,4,5,15" ten="214,197,282,307" oya="0" hai0="112,23,31,99,46,88,41,133,91,60,27,100,71" hai1="62,4,9,93,120,116,78,75,92,135,111,73,14" hai2="56,63,30,90,57,19,21,39,54,126,59,29,24" hai3="87,0,49,51,36,47,106,34,1,95,105,104,69"/><T45/><D133/><U58/><E120/><V118/><F126/><W68/><G34/><T38/><D112/><U37/><E37/><V132/><F132/><W70/><G36/><T94/><D71/><U108/><E116/><V40/><F118/><W16/><G51/><T8/><D46/><U86/><E135/><V32/><F39/><W35/><G35/><T50/><D38/><U77/><E75/><V2/><F40/><W113/><G113/><T81/><D81/><U128/><E73/><V64/><F2/><W110/><G110/><T17/><D60/><U119/><E119/><V117/><F117/><W130/><G130/><T7/><D31/><N who="2" m="11786" /><F32/><W74/><G74/><T48/><D48/><U115/><E128/><V134/><F134/><W33/><G33/><T20/><D20/><U28/><E28/><V6/><F6/><W61/><G61/><T18/><D18/><U53/><E115/><V84/><F64/><W131/><G131/><T55/><D41/><U96/><E108/><V129/><F129/><W26/><G49/><T83/><D83/><AGARI ba="0,0" hai="19,21,24,54,56,57,59,63,83,84,90" m="11786" machi="83" ten="30,2000,0" yaku="8,1,52,1" doraHai="15" who="2" fromWho="0" sc="214,-20,197,0,282,20,307,0" /><INIT seed="5,0,0,0,3,22" ten="194,197,302,307" oya="1" hai0="134,93,111,24,85,17,53,40,55,3,56,128,28" hai1="20,44,123,75,109,31,83,101,42,12,81,99,16" hai2="39,37,91,36,112,52,124,8,9,86,57,48,65" hai3="84,14,73,110,77,102,82,104,126,1,90,49,113"/><U30/><E123/><V95/><F124/><W67/><G1/><T6/><D111/><U78/><E83/><V7/><F112/><W27/><G110/><T4/><D134/><U43/><E109/><V97/><F65/><W133/><G133/><T71/><D71/><U33/><E33/><V130/><F130/><W5/><G113/><T19/><D40/><U116/><E116/><V32/><F32/><W10/><G126/><T66/><D128/><U29/><REACH who="1" step="1"/><E44/><REACH who="1" ten="194,187,302,307" step="2"/><V98/><REACH who="2" step="1"/><F9/><REACH who="2" ten="194,187,292,307" step="2"/><W129/><G129/><T115/><D115/><U88/><E88/><V74/><F74/><W132/><G73/><T118/><D118/><U35/><E35/><V70/><F70/><W89/><G132/><T25/><D3/><AGARI ba="0,2" hai="3,7,8,36,37,39,48,52,57,86,91,95,97,98" machi="3" ten="40,2600,0" yaku="1,1,54,1,53,0" doraHai="22" doraHaiUra="61" who="2" fromWho="0" sc="194,-26,187,0,292,46,307,0" /><INIT seed="6,0,0,0,3,100" ten="168,187,338,307" oya="2" hai0="12,62,48,117,21,124,18,120,115,53,49,3,0" hai1="70,106,95,110,91,133,41,6,116,89,36,57,105" hai2="27,59,98,25,81,56,52,42,93,50,34,84,43" hai3="10,1,30,4,122,66,131,134,118,46,127,47,101"/><V31/><F25/><W38/><G118/><T129/><D120/><U104/><E70/><V111/><F59/><W74/><G122/><T24/><D117/><U55/><E116/><V86/><F111/><W51/><G131/><T19/><D129/><U132/><E110/><V121/><F121/><W128/><G128/><T23/><D115/><U22/><E6/><V80/><F86/><W63/><G127/><T17/><D124/><U69/><E69/><V126/><F126/><W109/><G109/><T15/><D19/><U73/><E73/><V60/><F50/><W92/><G134/><N who="1" m="51818" /><E95/><V20/><F34/><W88/><G30/><T67/><D24/><U130/><E130/><V82/><REACH who="2" step="1"/><F84/><REACH who="2" ten="168,187,328,307" step="2"/><W123/><G123/><T68/><REACH who="0" step="1"/><D49/><REACH who="0" ten="158,187,328,307" step="2"/><N who="1" m="30959" /><E22/><V16/><F16/><W2/><G51/><T33/><D33/><U32/><E32/><V13/><F13/><W77/><G1/><T26/><D26/><U90/><E36/><V96/><F96/><N who="3" m="57351" /><G38/><T119/><D119/><U71/><E71/><V103/><AGARI ba="0,2" hai="20,27,31,42,43,52,56,60,80,81,82,93,98,103" machi="103" ten="30,11700,0" yaku="1,1,0,1,8,1,54,1,53,0" doraHai="100" doraHaiUra="44" who="2" fromWho="2" sc="158,-39,187,-39,328,137,307,-39" /><INIT seed="6,1,0,5,5,103" ten="119,148,465,268" oya="2" hai0="22,58,71,16,46,83,43,34,100,48,17,56,57" hai1="135,3,98,50,59,45,125,70,117,82,113,38,86" hai2="31,64,63,84,32,33,54,80,9,61,116,77,15" hai3="67,121,25,129,40,115,114,75,51,68,13,124,118"/><V94/><F116/><W131/><G75/><T122/><D34/><U11/><E70/><V14/><F31/><W0/><G0/><T23/><D122/><U26/><E117/><V2/><F2/><W72/><G118/><T44/><D71/><U73/><E125/><V107/><F107/><W91/><G121/><T55/><D100/><U109/><E135/><V41/><F54/><W8/><G124/><T47/><D83/><U4/><E113/><N who="3" m="43018" /><G72/><T123/><D123/><U127/><E127/><V76/><F76/><W108/><G108/><T66/><D66/><U24/><E98/><V37/><F94/><W106/><G25/><T89/><D89/><U120/><E120/><V1/><F15/><W62/><G91/><T65/><D65/><U78/><E86/><V81/><F1/><W35/><G35/><T99/><D99/><U88/><E88/><V21/><F14/><W92/><G92/><T18/><REACH who="0" step="1"/><D43/><REACH who="0" ten="109,148,465,268" step="2"/><N who="1" m="22775" /><E109/><V28/><F41/><W53/><G40/><T7/><D7/><U5/><E5/><V110/><F32/><W95/><G95/><T39/><D39/><U85/><E85/><V93/><F84/><W126/><G126/><T12/><D12/><U130/><E24/><V60/><F93/><W87/><G87/><T29/><D29/><U97/><E26/><V102/><F28/><W42/><G42/><T128/><D128/><N who="3" m="49225" /><G106/><T119/><D119/><U30/><E130/><V104/><F33/><W20/><G13/><T52/><D52/><N who="1" m="32151" /><E97/><V6/><F104/><W74/><G74/><T49/><D49/><U105/><E105/><V133/><F110/><RYUUKYOKU ba="1,1" sc="109,15,148,15,465,-15,268,-15" hai0="16,17,18,22,23,44,46,47,48,55,56,57,58" hai1="3,4,11,30,73,78,82" /><INIT seed="7,2,1,2,4,29" ten="124,163,450,253" oya="3" hai0="72,22,25,47,33,20,108,9,4,59,76,103,11" hai1="16,70,82,63,69,128,119,43,135,1,24,101,92" hai2="85,61,71,51,73,42,120,53,106,41,107,57,68" hai3="18,116,80,36,26,48,114,55,112,17,130,89,126"/><W49/><G116/><T90/><D108/><U122/><E1/><V118/><F73/><W8/><G36/><T84/><D103/><U12/><E122/><V37/><F85/><N who="3" m="50343" /><G130/><T104/><D104/><U134/><E128/><V60/><F106/><W111/><G126/><T6/><D72/><U67/><E119/><V83/><F83/><W44/><G111/><T65/><D76/><U5/><E5/><V117/><F107/><W62/><G62/><N who="2" m="24169" /><F120/><W14/><G112/><T38/><D65/><U46/><E70/><N who="2" m="26667" /><F37/><W23/><G114/><T34/><D59/><U50/><E82/><V21/><F21/><N who="3" m="13623" /><G48/><T58/><D58/><U31/><E92/><V79/><F79/><W123/><G123/><T75/><D75/><U81/><E81/><V95/><F95/><W19/><G19/><T125/><D125/><U113/><E101/><V35/><F35/><W88/><G23/><T99/><D99/><U45/><E113/><V0/><F0/><W2/><G2/><T7/><D38/><U110/><E110/><V129/><F129/><W54/><G88/><T109/><D109/><U102/><E102/><V66/><F118/><W94/><G94/><T131/><D131/><U87/><E87/><V40/><F117/><W64/><G64/><AGARI ba="2,1" hai="40,41,42,51,53,57,64,66" m="26667,24169" machi="64" ten="40,8000,1" yaku="35,5" doraHai="29" who="2" fromWho="3" sc="124,0,163,0,450,96,253,-86" owari="124,-38.0,163,-24.0,546,65.0,167,-3.0" /></mjloggm>