<mjloggm ver="2.3"><GO type="41"/><UN n0="%E3%82%A6%E3%83%AB%E3%83%88%E3%83%A9%E7%AB%8B%E7%9B%B4" n1="%E3%81%BF%E3%81%8B%E3%82%93%E3%81%99%E3%81%84" n2="%E3%81%AE%E3%82%8A%E3%81%A1%E3%82%85%E3%82%93" n3="%E3%81%A8%E3%81%8F%E3%82%82%E3%82%8A" dan="15,14,14,14" rate="1961,1940,1947,1903" sx="M,M,M,M"/><TAIKYOKU oya="0"/><INIT seed="0,0,0,2,0,99" ten="250,250,250,250" oya="0" hai0="119,17,121,131,15,33,89,87,113,95,77,116,118" hai1="56,68,55,102,110,4,128,14,42,29,117,48,90" hai2="52,66,91,12,10,5,31,133,114,32,112,16,51" hai3="109,43,65,101,58,36,34,85,115,9,111,107,122"/><T83/><D33/><U54/><E110/><N who="3" m="41994" /><G115/><T100/><D113/><U1/><E1/><V50/><F133/><W2/><G34/><T46/><D121/><U64/><E128/><V132/><F132/><W45/><G85/><T20/><D131/><U73/><E73/><V82/><F66/><W71/><G58/><T11/><D20/><U124/><E117/><V75/><F51/><W130/><G130/><T61/><D61/><U97/><E124/><V7/><F7/><N who="3" m="1271" /><G122/><T74/><D46/><N who="1" m="25687" /><E68/><V53/><F53/><N who="1" m="19977" /><E29/><V127/><F127/><W84/><G84/><T81/><D81/><U27/><E27/><V8/><F91/><W63/><G107/><T57/><D57/><U78/><E78/><V126/><F126/><W96/><G96/><T21/><D11/><N who="1" m="4455" /><E56/><V18/><F75/><W93/><G93/><T108/><REACH who="0" step="1"/><D108/><REACH who="0" ten="240,250,250,250" step="2"/><U94/><E64/><V6/><F82/><W134/><G134/><T80/><D80/><U28/><E28/><V39/><F114/><W25/><G25/><T40/><D40/><U88/><AGARI ba="0,1" hai="88,90,94,97,102" m="4455,19977,25687" machi="88" ten="30,4000,0" yaku="8,1,52,1,54,1" doraHai="99" who="1" fromWho="1" sc="240,-20,250,50,250,-10,250,-10" /><INIT seed="1,0,0,3,2,120" ten="220,300,240,240" oya="1" hai0="123,64,65,91,40,133,103,7,1,53,83,107,34" hai1="16,124,17,97,92,18,129,110,27,47,33,20,132" hai2="60,55,23,68,109,41,62,10,29,86,49,81,13" hai3="4,6,73,26,119,9,51,22,95,30,121,37,100"/><U69/><E69/><V126/><F68/><W114/><G37/><T67/><D7/><U105/><E105/><V2/><F2/><W106/><G106/><T84/><D1/><U71/><E71/><V42/><F126/><W35/><G73/><T58/><D34/><U50/><E33/><V28/><F23/><W45/><G121/><T72/><D123/><U39/><E39/><V115/><F115/><W134/><G119/><T116/><D116/><U88/><E124/><V61/><F81/><W117/><G117/><T90/><D133/><U76/><E132/><V118/><F118/><W112/><G134/><T113/><D113/><U44/><E129/><V125/><F86/><W94/><G35/><T78/><D40/><N who="1" m="24839" /><E76/><V85/><F85/><W5/><G114/><T46/><D46/><U80/><E80/><V102/><F125/><W75/><G75/><T63/><D91/><U122/><E122/><V32/><F32/><W77/><G77/><T8/><D8/><U127/><E127/><V57/><F102/><W130/><G130/><T56/><D103/><U3/><E3/><V25/><F25/><W98/><G95/><T89/><D107/><U38/><E38/><V66/><F66/><W43/><G112/><T24/><D24/><U59/><E47/><V87/><F87/><W96/><G96/><T15/><D72/><U12/><E59/><V52/><F41/><W135/><G135/><T54/><REACH who="0" step="1"/><D15/><AGARI ba="0,0" hai="4,5,6,9,15,22,26,30,43,45,51,94,98,100" machi="15" ten="30,2000,0" yaku="7,1,8,1" doraHai="120" who="3" fromWho="0" sc="220,-20,300,0,240,0,240,20" /><INIT seed="2,0,0,4,2,61" ten="200,300,240,260" oya="2" hai0="120,71,29,51,17,132,13,6,99,56,7,97,125" hai1="22,90,94,107,76,42,33,35,133,20,115,18,98" hai2="26,104,37,40,117,23,85,31,57,134,129,27,84" hai3="95,93,126,124,19,91,67,112,2,69,131,135,121"/><V100/><F117/><W21/><G121/><T15/><D71/><U9/><E133/><V79/><F134/><W59/><G135/><T68/><D68/><U54/><E115/><V119/><F119/><W60/><G112/><T63/><D120/><U96/><E76/><V48/><F37/><W52/><G2/><T87/><D125/><N who="3" m="48233" /><G131/><T130/><D130/><U83/><E83/><V114/><F129/><W72/><G72/><T49/><D29/><U39/><E39/><V64/><F114/><W78/><G78/><T92/><D132/><U123/><E42/><V25/><F104/><W101/><G101/><T30/><D30/><U89/><E123/><V53/><F100/><W88/><G95/><T103/><D99/><U5/><E22/><V65/><F40/><W4/><G4/><T28/><D87/><N who="2" m="33354" /><F79/><W45/><G45/><T36/><D36/><U118/><E118/><V109/><F109/><W66/><G69/><T12/><D28/><U43/><E43/><V74/><F74/><W14/><G91/><T86/><D86/><AGARI ba="0,0" hai="14,19,21,52,59,60,66,67,86,88,93" m="48233" machi="86" ten="30,8000,1" yaku="18,1,52,2,54,2" doraHai="61" who="3" fromWho="0" sc="200,-80,300,0,240,0,260,80" /><INIT seed="3,0,0,0,4,86" ten="120,300,240,340" oya="3" hai0="50,84,118,94,115,126,110,17,112,122,90,135,42" hai1="28,14,104,21,130,24,91,55,111,128,53,123,52" hai2="1,106,20,7,26,99,89,9,12,62,76,87,45" hai3="8,38,4,34,102,93,85,48,41,3,19,116,66"/><W113/><G116/><T119/><D50/><U58/><E104/><V44/><F62/><W2/><G113/><N who="0" m="43595" /><D42/><U81/><E123/><V18/><F106/><W88/><G38/><T40/><D40/><U73/><E73/><V103/><F1/><W31/><G66/><T70/><D70/><U35/><E111/><V13/><F76/><W133/><G133/><T69/><D69/><U51/><E35/><V37/><F37/><W121/><G121/><T72/><D72/><U23/><E21/><V97/><F103/><W125/><G125/><T78/><D78/><U5/><E5/><V54/><F54/><W131/><G131/><N who="1" m="50218" /><E14/><V6/><F6/><W32/><G102/><T65/><D65/><U43/><E43/><V117/><F117/><N who="0" m="44554" /><D126/><U124/><E124/><V127/><F127/><W39/><G39/><T107/><D135/><U75/><E75/><V114/><F114/><W101/><G101/><T0/><D0/><U108/><E108/><V71/><F71/><W134/><G134/><T22/><D107/><U56/><E51/><V109/><F109/><W80/><G3/><T74/><D74/><U15/><E15/><V79/><F79/><W63/><G63/><T67/><D110/><U29/><E29/><V64/><F64/><W120/><G31/><T46/><D67/><U100/><E100/><V10/><F45/><W77/><G120/><T96/><D46/><U95/><E81/><N who="2" m="49391" /><F44/><W98/><G48/><T16/><D122/><U68/><E68/><V57/><F57/><W11/><G41/><T59/><D59/><U47/><E47/><V36/><F36/><RYUUKYOKU ba="0,0" sc="120,-30,300,10,240,10,340,10" hai1="23,24,28,52,53,55,56,58,91,95" hai2="7,9,10,12,13,18,20,26,97,99" hai3="2,4,8,11,19,32,34,77,80,85,88,93,98" /><INIT seed="3,1,0,3,3,57" ten="90,310,250,350" oya="3" hai0="34,87,64,7,111,32,107,51,92,105,132,61,104" hai1="60,96,42,102,113,56,125,5,23,114,130,0,53" hai2="108,124,117,47,89,55,14,58,38,68,24,37,50" hai3="99,70,43,90,4,133,66,80,69,13,129,63,6"/><W77/><G129/><T97/><D132/><U35/><E35/><V49/><F24/><W40/><G133/><T95/><D111/><U46/><E130/><V83/><F14/><W84/><G70/><T29/><D7/><U127/><E23/><V88/><F83/><W3/><G3/><T52/><D29/><U33/><E33/><V109/><F117/><W103/><G4/><T93/><D87/><U17/><E17/><V72/><F72/><W73/><G6/><T18/><D97/><U15/><E15/><V12/><F12/><W116/><G116/><T110/><D18/><U26/><E26/><V82/><F68/><W112/><G112/><T122/><D122/><U134/><E5/><V76/><F76/><W126/><G126/><N who="1" m="48138" /><E0/><V41/><F124/><W62/><G62/><T74/><D74/><U45/><E134/><V54/><F82/><W22/><G22/><T106/><N who="0" m="27136" /><DORA hai="10" /><T121/><D121/><U21/><E21/><V71/><F71/><W98/><G98/><T25/><D110/><N who="2" m="42602" /><F41/><W78/><G78/><T20/><D20/><U119/><E119/><V81/><F81/><W118/><G118/><T8/><D8/><U28/><E28/><V100/><F100/><W128/><G128/><T11/><D11/><U44/><E96/><V48/><F47/><N who="1" m="17993" /><E102/><V91/><F58/><W1/><G1/><T59/><REACH who="0" step="1"/><D25/><REACH who="0" ten="80,310,250,350" step="2"/><U36/><AGARI ba="1,1" hai="36,42,46,53,56,60,113,114" m="17993,48138" machi="36" ten="30,7900,0" yaku="18,1,34,2,52,1" doraHai="57,10" who="1" fromWho="1" sc="80,-21,310,92,250,-21,350,-40" /><INIT seed="4,0,0,1,5,37" ten="59,402,229,310" oya="0" hai0="39,6,67,51,25,10,122,11,95,45,110,99,34" hai1="88,26,50,4,40,98,93,18,131,44,97,62,96" hai2="13,126,91,14,85,15,101,71,113,64,19,23,130" hai3="120,16,107,5,134,73,104,48,52,86,124,65,108"/><T125/><D122/><U24/><E131/><V115/><F130/><W53/><G108/><T3/><D39/><U80/><E4/><V92/><F101/><W128/><G128/><T33/><D110/><U135/><E135/><V32/><F32/><W57/><G73/><T111/><D111/><U89/><E62/><V132/><F71/><W105/><G120/><T76/><D125/><U133/><E133/><V12/><F64/><W90/><G124/><T20/><D67/><U75/><E75/><V38/><F132/><W84/><G5/><T77/><D11/><U69/><E69/><V83/><F126/><W81/><G134/><T87/><D76/><U1/><E1/><V78/><REACH who="2" step="1"/><F38/><REACH who="2" ten="59,402,219,310" step="2"/><W31/><G65/><T55/><D87/><AGARI ba="0,1" hai="12,13,14,15,19,23,78,83,85,87,91,92,113,115" machi="87" ten="40,2600,0" yaku="1,1,2,1,53,0" doraHai="37" doraHaiUra="70" who="2" fromWho="0" sc="59,-26,402,0,219,36,310,0" /><INIT seed="5,0,0,5,1,119" ten="33,402,255,310" oya="1" hai0="76,24,131,17,116,18,21,130,98,40,113,2,89" hai1="86,129,87,108,114,4,56,110,13,120,35,127,75" hai2="107,125,79,29,57,65,95,38,22,74,49,78,117" hai3="88,85,30,62,10,36,91,20,84,105,37,70,109"/><U121/><E35/><V60/><F38/><W67/><G105/><T93/><D2/><U118/><E75/><V32/><F117/><W103/><G103/><T73/><D116/><U133/><E118/><V16/><F107/><W41/><G109/><N who="1" m="42090" /><E114/><V77/><F74/><W12/><G41/><T96/><D40/><U66/><E133/><V71/><F125/><W31/><G84/><N who="1" m="32298" /><E127/><V122/><F32/><W124/><G91/><T69/><D76/><U61/><E129/><V6/><F29/><W34/><G34/><T83/><D73/><U14/><E4/><V97/><F6/><W3/><G3/><T43/><D113/><U72/><E72/><V112/><F112/><W7/><G124/><T11/><D83/><U126/><E126/><V81/><F81/><W44/><G44/><T26/><D93/><U135/><E135/><V50/><F71/><W47/><G47/><T51/><D69/><U52/><E66/><V64/><F65/><W82/><REACH who="3" step="1"/><G20/><REACH who="3" ten="33,402,255,300" step="2"/><T58/><D43/><U115/><E115/><V5/><F5/><W1/><G1/><T54/><D21/><U100/><E100/><V53/><F64/><W39/><AGARI ba="0,1" hai="7,10,12,30,31,36,37,39,62,67,70,82,85,88" machi="39" ten="30,4000,0" yaku="1,1,0,1,54,1,53,0" doraHai="119" doraHaiUra="90" who="3" fromWho="3" sc="33,-10,402,-20,255,-10,300,50" /><INIT seed="6,0,0,4,2,79" ten="23,382,245,350" oya="2" hai0="93,118,123,4,51,97,50,62,112,84,86,0,33" hai1="26,91,60,127,31,2,108,124,77,96,130,8,119" hai2="47,54,41,52,53,69,100,67,37,9,120,129,115" hai3="35,61,103,36,43,126,21,45,125,76,24,23,89"/><V15/><F120/><W88/><G103/><T135/><D4/><U27/><E108/><V55/><F100/><W90/><G61/><T75/><D33/><U32/><E119/><V94/><F94/><W105/><G105/><T28/><D0/><U102/><E77/><V72/><F72/><W92/><G35/><T111/><D93/><U56/><E91/><V44/><F9/><W5/><G5/><T13/><D75/><U68/><E27/><V22/><F15/><W131/><G131/><T73/><D73/><U16/><E130/><V70/><F22/><W101/><G76/><T3/><D3/><U95/><E68/><N who="2" m="26219" /><F129/><W117/><G117/><T80/><D80/><U114/><E114/><V46/><F115/><W6/><G6/><T63/><D28/><U42/><E42/><V98/><F98/><W116/><G116/><T14/><D97/><U71/><E71/><V132/><F132/><W59/><G59/><T83/><D118/><U82/><E82/><V10/><F10/><W104/><G104/><T20/><D135/><U49/><E2/><V113/><F113/><W74/><G74/><T109/><D112/><U57/><E16/><V12/><F12/><W38/><G38/><T133/><D133/><U99/><E8/><V110/><F110/><W48/><G36/><T85/><D85/><U134/><E99/><V34/><F34/><W7/><G7/><T128/><D128/><U107/><E107/><V18/><F18/><N who="3" m="12343" /><G23/><T1/><D20/><U66/><E134/><V19/><F19/><W29/><G29/><T39/><D111/><U30/><E30/><RYUUKYOKU ba="0,0" sc="23,-15,382,15,245,-15,350,15" hai1="26,31,32,49,56,57,60,66,95,96,102,124,127" hai3="43,45,48,88,89,90,92,101,125,126" /><INIT seed="7,1,0,3,4,102" ten="8,397,230,365" oya="3" hai0="93,23,96,82,74,130,29,69,129,79,103,41,26" hai1="105,48,121,40,11,97,123,112,55,34,15,73,49" hai2="1,135,39,95,8,72,86,106,90,9,67,61,117" hai3="43,126,88,128,28,71,98,22,32,132,17,38,13"/><W131/><G71/><T109/><D41/><U42/><E73/><V36/><F117/><W24/><G132/><T92/><D69/><U30/><E112/><V113/><F135/><W4/><G43/><T21/><D26/><U20/><E34/><V110/><F72/><W125/><G38/><T83/><D29/><U104/><E48/><V64/><F110/><W120/><G120/><T56/><D56/><U76/><E76/><V58/><F113/><W77/><G77/><T0/><D0/><U37/><E37/><V6/><F9/><W85/><G98/><T10/><D10/><U27/><E105/><V91/><F67/><W84/><G84/><T62/><D62/><U99/><E104/><V80/><REACH who="2" step="1"/><F106/><REACH who="2" ten="8,397,220,365" step="2"/><W75/><G75/><N who="0" m="43391" /><D23/><U111/><E111/><V12/><F12/><W50/><G4/><T114/><D21/><U66/><E66/><V89/><F89/><W53/><G13/><T2/><D2/><U108/><E108/><V122/><F122/><W57/><G32/><T127/><D109/><U101/><E123/><V25/><F25/><W33/><G33/><T14/><D14/><U70/><E121/><V19/><F19/><W134/><G17/><T87/><D114/><U16/><E16/><V68/><F68/><W31/><G31/><T124/><D74/><U115/><E70/><V107/><F107/><W35/><G35/><T46/><D93/><U18/><E115/><V78/><F78/><W94/><G134/><T65/><D65/><U116/><E116/><V63/><F63/><W60/><G60/><T133/><D133/><U59/><E101/><RYUUKYOKU ba="1,1" sc="8,-30,397,10,220,10,365,10" hai1="11,15,18,20,27,30,40,42,49,55,59,97,99" hai2="1,6,8,36,39,58,61,64,80,86,90,91,95" hai3="22,24,28,50,53,57,85,88,94,125,126,128,131" owari="-22,-52.0,417,51.0,230,-17.0,375,18.0" /></mjloggm>