<mjloggm ver="2.3"><GO type="41"/><UN n0="%E3%83%88%E3%83%94%E3%83%9E%E3%82%B9%E6%AE%BF" n1="%EF%BC%88%E2%89%A7%E2%96%BD%E2%89%A6%EF%BC%89" n2="%6B%6B%31%32%35" n3="%E9%96%A2%E7%AF%80%E5%8C%85%E5%86%85%E9%81%8B%E5%8B%95" dan="14,15,15,14" rate="1884,2027,2027,1885" sx="M,M,M,M"/><TAIKYOKU oya="0"/><INIT seed="0,0,0,5,5,81" ten="250,250,250,250" oya="0" hai0="108,24,12,13,123,53,119,116,75,133,129,104,82" hai1="62,57,103,3,1,5,86,42,10,39,80,107,14" hai2="50,2,69,105,110,52,97,22,37,79,64,111,41" hai3="4,109,85,19,49,73,44,8,45,122,40,26,55"/><T36/><D36/><U43/><E107/><V99/><F2/><W20/><G122/><T95/><D123/><U92/><E39/><V28/><F105/><W33/><G109/><N who="2" m="41481" /><F79/><W134/><G134/><T114/><D108/><U11/><E1/><V130/><F130/><W15/><G33/><T51/><D104/><U76/><E103/><V25/><F41/><W117/><G73/><T17/><D133/><U112/><E92/><V74/><F37/><W127/><G127/><T7/><D129/><U120/><E112/><V121/><F74/><W23/><G23/><T59/><D114/><U38/><E38/><V29/><F121/><W126/><G126/><T27/><D119/><U0/><E120/><V31/><F64/><W131/><G131/><T68/><D68/><U84/><E84/><V91/><F69/><W115/><G115/><T118/><D118/><U87/><E87/><V77/><F77/><W46/><G117/><T60/><D116/><U48/><E48/><V83/><F83/><W34/><G34/><T65/><D75/><U93/><E93/><N who="2" m="56511" /><F99/><W132/><G132/><T90/><D82/><U21/><E0/><V63/><F63/><W89/><G40/><T88/><D95/><AGARI ba="0,0" hai="4,8,15,19,20,26,44,45,46,49,55,85,89,95" machi="95" ten="30,3900,0" yaku="7,1,8,1,52,1" doraHai="81" who="3" fromWho="0" sc="250,-39,250,0,250,0,250,39" /><INIT seed="1,0,0,5,2,108" ten="211,250,250,289" oya="1" hai0="20,112,103,51,98,87,38,79,90,1,76,26,68" hai1="111,30,96,15,102,12,4,95,72,54,56,128,16" hai2="97,25,27,78,109,71,101,130,64,61,13,132,42" hai3="19,116,86,75,53,99,36,122,67,47,100,22,45"/><U58/><E128/><V73/><F130/><W44/><G122/><T29/><D38/><U8/><E111/><V104/><F109/><W37/><G75/><T120/><D120/><U43/><E72/><V31/><F132/><W133/><G133/><T57/><D68/><U113/><E113/><V110/><F110/><W85/><G116/><T119/><D119/><U135/><E135/><V126/><F126/><W0/><G0/><T69/><D69/><U6/><E43/><V77/><F25/><W46/><G67/><T93/><D1/><U14/><E30/><V91/><F42/><W70/><G70/><T121/><D121/><U123/><E123/><V134/><F134/><W88/><G85/><T107/><D112/><U89/><E102/><V115/><F13/><N who="1" m="5225" /><E58/><V105/><F105/><W52/><G37/><T9/><D9/><U65/><E65/><V81/><F77/><W114/><G114/><T118/><D118/><U28/><E28/><V117/><F115/><W74/><G74/><T17/><D29/><U23/><E8/><V39/><F39/><W84/><G84/><T34/><D34/><U62/><AGARI ba="0,0" hai="4,6,15,16,23,54,56,62,89,95,96" m="5225" machi="62" ten="30,3000,0" yaku="8,1,54,1" doraHai="108" who="1" fromWho="1" sc="211,-10,250,30,250,-10,289,-10" /><INIT seed="1,1,0,3,2,117" ten="201,280,240,279" oya="1" hai0="126,104,8,10,15,26,73,121,31,2,63,42,51" hai1="127,35,25,82,123,101,64,83,50,134,86,119,81" hai2="68,67,88,110,122,56,78,34,19,7,5,108,6" hai3="129,130,37,21,114,99,112,118,102,60,97,11,28"/><U107/><E119/><V23/><F34/><W45/><G118/><T20/><D104/><U106/><E64/><V3/><F68/><W84/><G11/><T77/><D63/><U1/><E1/><V124/><F78/><W103/><G60/><T62/><D62/><U33/><E25/><V125/><F3/><W109/><G45/><T43/><D73/><U89/><E134/><V52/><F67/><W116/><G116/><T30/><D77/><U39/><E39/><V80/><F122/><W17/><G28/><T105/><D105/><U85/><E127/><N who="2" m="48715" /><F80/><W41/><G41/><T87/><D126/><U54/><E123/><V100/><F100/><N who="3" m="38443" /><G37/><T14/><D121/><U27/><E27/><N who="2" m="14847" /><F88/><W115/><G17/><T18/><D87/><U13/><E82/><V57/><F57/><W128/><G21/><T75/><D75/><U66/><E66/><V61/><AGARI ba="1,0" hai="5,6,7,52,56,61,108,110" m="14847,48715" machi="61" ten="40,2700,0" yaku="18,1,54,1" doraHai="117" who="2" fromWho="2" sc="201,-8,280,-14,240,30,279,-8" /><INIT seed="2,0,0,2,0,111" ten="193,266,270,271" oya="2" hai0="29,36,80,21,131,102,130,22,2,87,45,58,78" hai1="74,95,56,5,82,88,27,93,23,33,55,66,119" hai2="50,13,57,91,123,67,16,64,39,61,41,81,7" hai3="31,65,3,122,106,83,32,4,15,46,86,70,128"/><V35/><F123/><W47/><G122/><T120/><D120/><U96/><E119/><V9/><F35/><W51/><G106/><T49/><D2/><U54/><E33/><V0/><F39/><W135/><G3/><T68/><D68/><U110/><E110/><V97/><F41/><W43/><G128/><N who="0" m="49195" /><D102/><N who="1" m="60687" /><E74/><V37/><F37/><W124/><G135/><T129/><N who="0" m="49203" /><T127/><DORA hai="85" /><D127/><U79/><E5/><V42/><F42/><W84/><G124/><T104/><D104/><U117/><E117/><V52/><F50/><W44/><G86/><T118/><D118/><U72/><E72/><V48/><F48/><W114/><G31/><T1/><D1/><U89/><E79/><V38/><F38/><W24/><G24/><T59/><D29/><N who="1" m="17663" /><E82/><V10/><REACH who="2" step="1"/><F81/><REACH who="2" ten="193,266,260,271" step="2"/><W8/><G32/><T113/><D36/><U100/><E66/><V60/><F60/><W132/><G132/><T99/><D49/><N who="1" m="30799" /><E55/><V30/><F30/><W53/><G53/><T133/><D133/><U103/><E103/><V25/><F25/><W126/><G126/><T75/><D45/><U76/><E76/><V94/><AGARI ba="0,1" hai="0,7,9,10,13,16,52,57,61,64,67,91,94,97" machi="94" ten="30,12000,1" yaku="1,1,0,1,52,1,54,2,53,0" doraHai="111,85" doraHaiUra="19,105" who="2" fromWho="2" sc="193,-40,266,-40,260,130,271,-40" /><INIT seed="2,1,0,1,1,55" ten="153,226,390,231" oya="2" hai0="19,116,107,69,21,61,26,33,102,93,84,16,59" hai1="77,6,96,45,80,53,4,86,58,20,128,44,2" hai2="31,23,78,83,99,48,70,94,52,8,11,72,30" hai3="40,106,57,81,24,64,130,104,118,25,119,18,62"/><V50/><F70/><W133/><G130/><T17/><D33/><U49/><E128/><V1/><F50/><W73/><G133/><T135/><D135/><U115/><E115/><V37/><F37/><W117/><G40/><T103/><D116/><U111/><E111/><V36/><F36/><W92/><G73/><T87/><D107/><U85/><E96/><V74/><F74/><W0/><G0/><T82/><D69/><U10/><E4/><V47/><F1/><W108/><G108/><T90/><D103/><U113/><E113/><V27/><REACH who="2" step="1"/><F31/><REACH who="2" ten="153,226,380,231" step="2"/><W134/><G134/><T114/><D114/><U76/><E20/><V41/><F41/><W22/><G25/><T63/><D63/><U88/><REACH who="1" step="1"/><E76/><REACH who="1" ten="153,216,380,231" step="2"/><V56/><F56/><W29/><G119/><T46/><D46/><U100/><E100/><AGARI ba="1,2" hai="8,11,23,27,30,47,48,52,72,78,83,94,99,100" machi="100" ten="30,5800,0" yaku="1,1,7,1,54,1,53,0" doraHai="55" doraHaiUra="101" who="2" fromWho="1" sc="153,0,216,-61,380,81,231,0" /><INIT seed="2,2,0,2,2,94" ten="153,155,461,231" oya="2" hai0="35,56,76,29,25,121,90,8,12,54,39,113,128" hai1="115,66,129,38,55,28,125,131,108,103,93,79,127" hai2="74,83,46,102,53,95,134,18,27,85,44,0,41" hai3="17,91,96,88,15,104,64,109,118,11,120,10,42"/><V132/><F0/><W116/><G120/><T92/><D121/><U24/><E38/><V75/><F53/><W89/><G42/><T21/><D113/><U23/><E115/><V14/><F27/><W105/><G109/><T77/><D128/><N who="1" m="49227" /><E108/><V50/><F46/><W51/><G64/><T31/><D39/><U111/><E111/><V70/><F70/><W5/><G51/><T33/><D33/><U26/><E66/><V3/><F3/><W86/><G86/><T36/><D36/><U84/><E55/><V130/><F130/><W40/><G40/><T58/><D58/><U98/><E26/><V19/><F19/><W126/><G126/><N who="1" m="48138" /><E84/><V7/><F85/><W48/><G48/><T124/><D124/><U32/><E79/><V37/><F50/><W20/><G10/><T82/><D35/><AGARI ba="2,0" hai="23,24,28,32,35,93,98,103" m="48138,49227" machi="35" ten="30,3900,0" yaku="19,1,18,1,52,1" doraHai="94" who="1" fromWho="0" sc="153,-45,155,45,461,0,231,0" /><INIT seed="3,0,0,4,1,17" ten="108,200,461,231" oya="3" hai0="85,6,100,134,75,70,95,84,87,127,43,94,54" hai1="51,9,45,3,36,113,125,116,111,81,59,57,133" hai2="86,102,63,4,5,109,115,34,122,60,38,105,41" hai3="117,30,23,79,10,65,48,21,89,49,107,106,112"/><W74/><G117/><T8/><D70/><U135/><E113/><V132/><F115/><W130/><G65/><T124/><D75/><U2/><E116/><V90/><F34/><W129/><G112/><T19/><D43/><N who="1" m="22759" /><E125/><V76/><F122/><W80/><G10/><T118/><D118/><U68/><E68/><V114/><F114/><W52/><G89/><T66/><D66/><U55/><E111/><V56/><F109/><W24/><G23/><T50/><D134/><N who="1" m="51211" /><E81/><V92/><F132/><W25/><G25/><T1/><D100/><U11/><E59/><V123/><F123/><W103/><G103/><T131/><D131/><N who="3" m="50185" /><G49/><T61/><D61/><U22/><E22/><V0/><F63/><W97/><G97/><T53/><D53/><U47/><E57/><AGARI ba="0,0" hai="21,24,30,48,52,57,74,79,80,106,107" m="50185" machi="57" ten="30,5800,0" yaku="19,1,52,1,54,1" doraHai="17" who="3" fromWho="1" sc="108,0,200,-58,461,0,231,58" /><INIT seed="3,1,0,0,4,99" ten="108,142,461,289" oya="3" hai0="76,117,126,18,97,19,68,81,129,46,111,72,55" hai1="135,31,80,48,71,102,8,93,118,22,26,25,69" hai2="56,28,116,24,49,91,98,83,95,33,42,100,108" hai3="54,51,36,29,13,64,58,32,52,124,106,12,1"/><W73/><G1/><T82/><D117/><U30/><E118/><V53/><F116/><W5/><G36/><T62/><D97/><U17/><E135/><V127/><F127/><W113/><G73/><T65/><D111/><U103/><E71/><V104/><F108/><W37/><G37/><T114/><D126/><U39/><E39/><V38/><F83/><W2/><G124/><T115/><D129/><U74/><E69/><V119/><F119/><W63/><G54/><T41/><D55/><U16/><E74/><V134/><F134/><W34/><G113/><N who="0" m="43019" /><D82/><U75/><E75/><V44/><REACH who="2" step="1"/><F104/><REACH who="2" ten="108,142,451,289" step="2"/><W86/><G106/><T20/><D20/><N who="1" m="15687" /><E80/><V128/><F128/><W130/><G130/><T125/><D125/><U43/><E93/><V79/><F79/><W94/><G34/><T78/><D78/><U87/><E8/><V70/><F70/><W66/><G32/><T60/><D60/><U105/><E105/><V11/><F11/><N who="3" m="4207" /><G2/><T77/><D77/><U27/><E22/><V45/><F45/><N who="3" m="27759" /><G13/><T50/><AGARI ba="1,1" hai="18,19,41,46,50,62,65,68,72,76,81" m="43019" machi="50" ten="30,1100,0" yaku="11,1" doraHai="99" who="0" fromWho="0" sc="108,24,142,-4,451,-4,289,-6" /><INIT seed="4,0,0,0,1,47" ten="132,138,447,283" oya="0" hai0="96,56,87,80,90,84,33,31,132,103,91,135,83" hai1="6,69,125,117,118,92,58,10,23,113,34,0,43" hai2="63,13,126,61,12,97,52,7,46,50,20,81,18" hai3="120,105,134,65,5,60,15,77,79,119,55,102,93"/><T9/><D33/><U104/><E104/><V17/><F126/><W122/><G119/><T4/><D31/><U131/><E69/><V54/><F7/><W19/><G105/><T133/><D56/><U94/><E125/><V25/><F25/><W28/><G134/><T41/><D41/><U38/><E131/><V35/><F35/><W57/><G28/><T36/><D36/><U24/><E34/><V30/><F30/><W108/><G5/><T14/><REACH who="0" step="1"/><D135/><REACH who="0" ten="122,138,447,283" step="2"/><U85/><E43/><V70/><F70/><W40/><G40/><T68/><D68/><U76/><E38/><V2/><F2/><W51/><G108/><T127/><D127/><U42/><E58/><V45/><F97/><N who="3" m="59695" /><G122/><T128/><D128/><U106/><E42/><V115/><F115/><W26/><G120/><T21/><D21/><U86/><E23/><N who="2" m="11687" /><F81/><W72/><G26/><T62/><D62/><U114/><E24/><V3/><F3/><W59/><G72/><T44/><D44/><U121/><E121/><V107/><F107/><AGARI ba="0,1" hai="4,9,14,80,83,84,87,90,91,96,103,107,132,133" machi="107" ten="40,3900,0" yaku="1,1,9,1,53,0" doraHai="47" doraHaiUra="53" who="0" fromWho="2" sc="122,49,138,0,447,-39,283,0" /><INIT seed="4,1,0,5,2,96" ten="171,138,408,283" oya="0" hai0="1,2,42,20,4,57,17,97,68,19,99,35,69" hai1="67,70,63,72,94,131,93,107,29,41,13,85,23" hai2="54,113,34,120,6,24,51,90,116,65,31,26,59" hai3="87,80,109,49,60,77,114,48,27,25,129,124,81"/><T135/><D35/><U108/><E108/><V100/><F120/><W75/><G109/><T53/><D42/><U103/><E72/><V71/><F116/><W45/><G114/><T84/><D135/><U52/><E131/><V30/><F113/><W44/><G124/><T111/><D111/><U125/><E125/><V40/><F40/><W73/><G60/><T92/><D84/><U134/><E134/><V55/><F6/><W101/><G101/><T126/><D126/><U36/><E107/><V123/><F123/><W8/><G8/><T104/><D104/><U128/><E128/><V22/><F71/><W11/><G11/><T47/><D47/><U76/><E41/><V115/><F115/><W74/><G129/><T106/><D106/><U83/><E36/><V64/><F100/><W127/><G127/><T82/><D82/><U38/><E38/><V56/><F90/><W112/><G112/><T61/><D4/><U0/><E0/><V33/><F22/><W86/><G75/><T50/><D1/><U15/><E52/><V133/><F133/><W66/><G66/><T12/><D2/><U62/><E62/><AGARI ba="1,0" hai="24,26,30,31,33,34,51,54,55,56,59,62,64,65" machi="62" ten="30,2000,0" yaku="7,1,9,1" doraHai="96" who="2" fromWho="1" sc="171,0,138,-23,408,23,283,0" /><INIT seed="5,0,0,2,2,59" ten="171,115,431,283" oya="1" hai0="130,50,97,114,13,69,87,53,61,109,106,89,55" hai1="68,34,11,76,92,28,80,96,120,77,5,43,94" hai2="2,129,14,98,82,47,112,128,10,23,66,22,118" hai3="100,38,72,104,119,74,115,86,131,125,122,70,60"/><U52/><E120/><V32/><F118/><W44/><RYUUKYOKU type="yao9" ba="0,0" sc="171,0,115,0,431,0,283,0" hai3="38,44,60,70,72,74,86,100,104,115,119,122,125,131" /><INIT seed="5,1,0,5,5,29" ten="171,115,431,283" oya="1" hai0="127,114,36,16,126,4,18,103,117,66,52,112,57" hai1="120,15,78,51,54,55,67,34,98,92,132,73,133" hai2="60,33,135,40,31,14,75,53,113,91,111,26,25" hai3="13,99,49,77,32,19,41,20,76,62,43,97,118"/><U88/><E120/><V45/><F111/><W89/><G118/><T44/><D117/><U58/><E67/><V80/><F113/><N who="0" m="43626" /><D103/><U27/><E15/><V85/><F135/><N who="1" m="51785" /><E55/><V109/><F109/><W72/><G32/><T63/><D4/><U129/><E129/><V42/><F75/><W1/><G1/><T84/><D84/><U93/><E93/><V86/><F25/><W8/><G62/><T6/><D6/><U2/><E2/><V35/><F35/><W83/><G77/><T110/><D110/><U125/><E125/><N who="0" m="47625" /><D36/><U59/><E59/><V22/><F14/><W50/><G8/><T17/><D44/><U119/><E119/><V69/><F33/><W130/><G130/><T56/><D18/><U105/><E105/><V0/><F0/><W10/><G10/><T37/><D37/><U30/><E78/><N who="2" m="46231" /><F69/><W46/><G89/><T21/><D21/><U81/><E81/><N who="2" m="49615" /><F60/><AGARI ba="1,0" hai="16,17,52,56,57,60,63,66" m="47625,43626" machi="60" ten="30,7700,0" yaku="15,1,18,1,54,2" doraHai="29" who="0" fromWho="2" sc="171,80,115,0,431,-80,283,0" /><INIT seed="6,0,0,3,0,0" ten="251,115,351,283" oya="2" hai0="97,76,80,100,52,134,14,94,16,9,103,93,81" hai1="53,59,38,69,112,85,43,113,37,46,3,41,78" hai2="129,18,99,131,90,29,55,91,68,117,22,106,79" hai3="61,51,26,84,105,72,71,82,121,77,27,30,88"/><V119/><F68/><W64/><G121/><T36/><D36/><U32/><E32/><V66/><F29/><W2/><G2/><T122/><D122/><U104/><E104/><V49/><F66/><W135/><G135/><T21/><D134/><U70/><E3/><V126/><F126/><W132/><G132/><T65/><D65/><U125/><E125/><V108/><F108/><W35/><G27/><T23/><D81/><U102/><E102/><V92/><F79/><W128/><G128/><N who="2" m="49225" /><F90/><W62/><G62/><T109/><D109/><U33/><E33/><V50/><F106/><W42/><G105/><T10/><D103/><U57/><E85/><V74/><F74/><W86/><G42/><T115/><D115/><N who="1" m="44107" /><E78/><V116/><F55/><W54/><REACH who="3" step="1"/><G88/><REACH who="3" ten="251,115,351,273" step="2"/><T47/><D76/><U5/><E5/><V130/><F130/><W67/><G67/><T124/><D124/><U114/><N who="1" m="44115" /><U31/><DORA hai="6" /><E31/><V48/><F119/><W15/><G15/><AGARI ba="0,1" hai="15,18,22,48,49,50,91,92,99,116,117" m="49225" machi="15" ten="30,1500,0" yaku="19,1" doraHai="0,6" who="2" fromWho="3" sc="251,0,115,0,351,25,273,-15" /><INIT seed="6,1,0,4,4,88" ten="251,115,376,258" oya="2" hai0="26,83,14,11,2,91,125,81,72,103,59,128,100" hai1="67,98,119,3,86,105,36,79,120,17,118,27,35" hai2="133,108,70,109,57,132,121,45,78,44,60,13,62" hai3="110,37,25,20,99,4,95,51,89,64,21,82,48"/><V90/><F78/><W0/><G110/><N who="2" m="42601" /><F121/><W94/><G37/><T58/><D2/><U8/><E120/><V55/><F13/><W101/><G64/><T61/><D128/><U85/><E36/><V113/><F113/><W74/><G74/><T134/><D134/><N who="2" m="51818" /><F90/><W73/><G73/><T7/><D72/><U15/><E3/><V126/><F126/><W46/><G82/><T12/><D125/><U56/><E119/><V68/><F62/><W117/><G117/><T114/><D114/><U47/><E118/><V71/><AGARI ba="1,0" hai="44,45,55,57,60,68,70,71" m="51818,42601" machi="71" ten="40,12000,1" yaku="10,1,20,1,34,2" doraHai="88" who="2" fromWho="2" sc="251,-41,115,-41,376,123,258,-41" /><INIT seed="6,2,0,1,3,43" ten="210,74,499,217" oya="2" hai0="7,8,45,102,110,85,54,26,104,84,32,38,92" hai1="123,127,39,59,61,135,46,75,122,76,58,97,20" hai2="65,51,111,124,81,78,109,12,56,44,90,50,129" hai3="0,62,4,118,130,10,42,31,66,35,64,9,41"/><V89/><F124/><W134/><G118/><T60/><D110/><N who="2" m="41994" /><F129/><W71/><G134/><T34/><D104/><U11/><E11/><V55/><F12/><W47/><G130/><T132/><D132/><U57/><E135/><V6/><F6/><W25/><G10/><T30/><D34/><U126/><E97/><V24/><F24/><W15/><G66/><T52/><D38/><U67/><E20/><V93/><F93/><W33/><G15/><T18/><D18/><U2/><E76/><V99/><F99/><W94/><G94/><T14/><D92/><U86/><E86/><N who="2" m="48439" /><F65/><W70/><G42/><AGARI ba="2,0" hai="42,44,50,51,55,56,89,90" m="48439,41994" machi="42" ten="30,2900,0" yaku="10,1,52,1" doraHai="43" who="2" fromWho="3" sc="210,0,74,0,499,35,217,-35" /><INIT seed="6,3,0,0,4,134" ten="210,74,534,182" oya="2" hai0="122,22,53,10,91,96,1,39,83,88,20,48,14" hai1="16,7,32,131,4,58,127,119,84,52,120,129,50" hai2="66,124,75,40,73,118,34,104,64,54,108,28,115" hai3="3,41,106,100,69,5,29,63,105,36,47,24,27"/><V110/><F40/><W18/><G18/><T121/><D39/><U111/><E119/><V99/><F54/><W112/><G27/><T86/><D1/><U107/><E111/><V67/><F28/><W123/><G123/><T11/><D122/><U56/><E120/><V103/><F34/><W85/><G85/><T109/><D109/><N who="2" m="42090" /><F118/><W38/><G112/><T116/><D116/><U95/><E107/><V81/><F115/><W62/><G62/><T90/><D121/><U79/><E32/><V43/><F43/><W60/><G60/><T2/><D2/><U93/><E127/><V44/><F44/><W21/><G38/><T76/><D96/><U8/><E58/><V135/><F135/><W130/><G130/><N who="1" m="49674" /><E79/><N who="2" m="44271" /><F75/><W133/><G133/><T113/><D113/><U65/><E65/><V0/><F0/><W30/><G30/><T42/><D42/><U55/><E55/><V46/><F46/><W59/><G69/><T101/><D101/><U74/><E74/><V33/><F33/><W31/><G100/><T45/><REACH who="0" step="1"/><D10/><REACH who="0" ten="200,74,534,182" step="2"/><U15/><E93/><V82/><F82/><W61/><G106/><T17/><AGARI ba="3,1" hai="11,14,17,20,22,45,48,53,76,83,86,88,90,91" machi="17" ten="30,12000,2" yaku="1,1,2,1,0,1,8,1,54,1,53,1" doraHai="134" doraHaiUra="80" who="0" fromWho="0" sc="200,139,74,-33,534,-63,182,-33" /><INIT seed="7,0,0,2,5,104" ten="339,41,471,149" oya="3" hai0="13,134,126,91,8,49,17,113,128,47,38,32,85" hai1="4,88,53,60,12,82,77,76,66,51,16,132,21" hai2="41,35,110,99,14,78,25,111,48,24,10,107,116" hai3="93,90,72,94,100,57,52,58,64,98,69,118,115"/><W97/><G118/><T120/><D120/><U6/><E132/><V123/><F116/><W20/><G72/><T83/><D134/><U46/><E77/><V80/><F123/><W5/><G69/><T108/><D108/><U68/><REACH who="1" step="1"/><E88/><REACH who="1" ten="339,31,471,149" step="2"/><V31/><F111/><W28/><G115/><T63/><D91/><U74/><AGARI ba="0,1" hai="4,6,12,16,21,46,51,53,60,66,68,74,76,82" machi="74" ten="20,12000,2" yaku="1,1,2,1,0,1,7,1,52,1,54,1,53,0" doraHai="104" doraHaiUra="23" who="1" fromWho="1" sc="339,-30,31,130,471,-30,149,-60" owari="309,11.0,161,-24.0,441,54.0,89,-41.0" /></mjloggm>