<mjloggm ver="2.3"><GO type="97"/><UN n0="%73%61%6E%6F%33%33%33" n1="%28%EF%BF%A3%28%EF%BD%B4%29%EF%BF%A3%29%EF%BE%89" n2="%EF%BC%88%E2%89%A7%E2%96%BD%E2%89%A6%EF%BC%89" n3="%48%2E%53%2E%52%53" dan="13,14,14,13" rate="1811,1853,2046,1862" sx="M,M,M,M"/><TAIKYOKU oya="0"/><INIT seed="0,0,0,5,0,69" ten="250,250,250,250" oya="0" hai0="128,19,51,102,28,88,120,24,114,61,34,16,36" hai1="107,133,23,37,12,46,130,84,38,67,55,132,29" hai2="95,109,113,78,112,4,25,62,56,87,10,68,50" hai3="94,41,20,98,101,18,66,99,119,63,86,110,76"/><T134/><D120/><U17/><E107/><V122/><F122/><W58/><G119/><T35/><D114/><U89/><E130/><V15/><F109/><W40/><G110/><T47/><D128/><U39/><E67/><V100/><F68/><W106/><G76/><T108/><D134/><U97/><E97/><V105/><F105/><W44/><G86/><T45/><D108/><U7/><E7/><V54/><F25/><W115/><G115/><T22/><D102/><U48/><REACH who="1" step="1"/><E29/><REACH who="1" step="2"/><V52/><F113/><W81/><G99/><T42/><D61/><U71/><E71/><V65/><F112/><W26/><G106/><T64/><D64/><U60/><E60/><V43/><F65/><W21/><G66/><T121/><D121/><U5/><E5/><V8/><F4/><W30/><G63/><T96/><D35/><U11/><E11/><V53/><F8/><W117/><G117/><T72/><D72/><U124/><E124/><V118/><F62/><W123/><G123/><T93/><D34/><U27/><E27/><V126/><F10/><W111/><G111/><T92/><D92/><AGARI ba="0,1" hai="12,17,23,37,38,39,46,48,55,84,89,92,132,133" machi="92" ten="40,8000,1" yaku="1,1,52,3,53,0" doraHai="69" doraHaiUra="116" who="1" fromWho="0" sc="250,-80,240,90,250,0,250,0" /><INIT seed="1,0,0,5,0,99" ten="170,330,250,250" oya="1" hai0="34,77,89,25,107,65,8,88,113,49,54,128,51" hai1="83,115,103,91,104,41,79,63,66,13,116,108,47" hai2="87,82,33,93,14,26,81,72,94,64,23,0,126" hai3="48,46,43,134,31,95,60,90,86,97,32,2,55"/><U84/><E115/><V102/><F0/><W114/><G114/><T110/><D113/><U67/><E116/><V74/><F126/><W78/><G2/><T35/><D128/><U85/><E108/><V18/><F64/><W76/><G134/><T16/><D65/><U121/><E121/><V129/><F129/><W105/><G60/><T56/><D107/><U73/><E63/><V36/><F36/><W118/><G118/><T21/><D110/><U101/><E104/><V42/><F42/><W106/><G106/><T69/><D69/><U52/><E73/><V68/><F68/><W44/><G31/><T24/><D77/><U37/><E13/><V28/><F82/><W40/><G32/><T75/><D75/><U122/><E122/><V45/><F45/><W50/><G55/><T109/><D109/><U10/><E10/><V22/><F33/><W71/><G71/><T124/><D124/><U100/><REACH who="1" step="1"/><E52/><REACH who="1" step="2"/><V3/><F3/><W127/><G127/><T39/><D39/><U135/><E135/><V112/><F112/><W59/><G59/><T27/><D8/><U30/><E30/><V20/><F28/><W131/><G131/><T7/><D35/><U5/><E5/><V125/><F72/><W12/><G12/><N who="0" m="9351" /><D7/><U120/><E120/><V96/><F74/><W29/><G29/><T53/><D34/><U80/><AGARI ba="0,1" hai="37,41,47,66,67,79,80,83,84,85,91,100,101,103" machi="80" ten="30,12000,1" yaku="1,1,0,1,52,3,53,0" doraHai="99" doraHaiUra="111" who="1" fromWho="1" sc="170,-40,320,130,250,-40,250,-40" /><INIT seed="1,1,0,2,0,52" ten="130,450,210,210" oya="1" hai0="33,117,91,42,0,94,28,22,21,103,129,108,90" hai1="57,46,67,41,93,10,105,79,36,40,130,61,72" hai2="131,135,73,92,17,7,102,32,112,49,3,47,110" hai3="89,81,104,23,69,29,125,55,114,106,20,48,96"/><U75/><E105/><V25/><F17/><W2/><G2/><T26/><D117/><U4/><E41/><V50/><F92/><W77/><G114/><T128/><D0/><N who="1" m="263" /><E72/><V118/><F102/><W111/><G69/><T53/><D42/><U59/><E93/><V6/><F6/><W133/><G133/><T123/><D123/><U85/><E85/><V70/><F7/><W132/><G132/><T66/><D66/><U14/><E14/><V15/><F118/><W62/><G62/><T76/><D76/><U107/><E107/><V34/><F70/><W19/><G29/><T83/><D108/><U98/><E98/><V39/><F110/><W119/><G111/><T43/><D43/><U27/><E27/><V45/><F25/><W58/><G119/><T71/><D71/><N who="1" m="42479" /><E130/><N who="0" m="50281" /><D83/><AGARI ba="1,0" hai="36,40,46,57,59,75,79,83" m="42479,263" machi="83" ten="30,5800,0" yaku="25,1,52,2" doraHai="52" who="1" fromWho="0" sc="130,-61,450,61,210,0,210,0" /><INIT seed="1,2,0,4,0,127" ten="69,511,210,210" oya="1" hai0="47,29,28,48,88,87,59,18,91,100,2,58,95" hai1="6,74,63,43,17,118,101,5,125,89,30,25,27" hai2="85,45,134,69,14,52,98,115,9,38,46,78,117" hai3="129,77,122,8,57,96,65,93,76,12,126,53,109"/><U68/><E118/><V60/><F117/><W132/><G122/><T23/><D2/><U55/><E74/><V36/><F115/><W104/><G126/><T75/><D75/><U106/><E125/><V114/><F114/><W112/><G104/><T119/><D119/><U108/><E108/><V39/><F134/><W4/><G132/><T107/><D107/><U61/><E43/><V102/><F85/><W35/><G35/><T3/><D3/><U24/><E89/><V33/><F78/><W56/><G112/><T62/><D100/><U120/><E120/><V13/><F33/><W37/><G37/><T66/><D58/><U130/><E130/><V99/><F69/><W72/><G72/><T83/><D91/><U20/><E63/><V64/><F64/><W86/><G86/><T116/><D116/><U123/><E123/><V1/><F1/><W41/><G41/><T79/><D79/><U44/><E44/><V94/><F99/><W34/><G34/><T71/><D71/><U0/><E0/><V82/><F82/><W124/><G124/><T103/><D103/><U73/><E73/><V10/><F45/><W7/><G109/><T49/><D83/><U121/><E121/><V15/><REACH who="2" step="1"/><F60/><REACH who="2" step="2"/><N who="3" m="38023" /><G129/><T50/><REACH who="0" step="1"/><D47/><REACH who="0" step="2"/><U113/><E68/><V131/><F131/><W32/><G77/><T97/><D97/><U51/><E113/><V133/><F133/><W67/><G76/><T70/><D70/><U54/><E61/><V11/><F11/><W81/><G81/><T105/><D105/><U128/><E106/><V42/><F42/><W92/><G96/><RYUUKYOKU ba="2,2" sc="59,15,511,-15,200,15,210,-15" hai0="18,23,28,29,48,49,50,59,62,66,87,88,95" hai2="9,10,13,14,15,36,38,39,46,52,94,98,102" /><INIT seed="2,3,2,2,1,126" ten="74,496,215,195" oya="2" hai0="39,20,15,115,69,7,50,13,111,83,90,73,34" hai1="56,62,28,3,123,103,88,17,67,78,19,94,16" hai2="6,122,4,119,134,58,114,121,57,18,66,10,102" hai3="93,21,132,37,55,77,75,101,63,9,11,98,110"/><V131/><F119/><W85/><G75/><T0/><D39/><U84/><E3/><V125/><F114/><W89/><G37/><T64/><D34/><U24/><E123/><V43/><F43/><W112/><G112/><T108/><D115/><U49/><E49/><V44/><F44/><W109/><G77/><T100/><D100/><U72/><E72/><V36/><F36/><W135/><G21/><T91/><D50/><U81/><E103/><V47/><F47/><W26/><G26/><T60/><D0/><U30/><E78/><V2/><F125/><W51/><G63/><T65/><D7/><U95/><REACH who="1" step="1"/><E30/><REACH who="1" step="2"/><V52/><F2/><W92/><G51/><T87/><D73/><U118/><E118/><V127/><F121/><W40/><G40/><T104/><D104/><U99/><E99/><V97/><F97/><W45/><G45/><T48/><D65/><U8/><E8/><V35/><F10/><N who="3" m="3595" /><G55/><T76/><D48/><U70/><E70/><V42/><F66/><W12/><G12/><T38/><D38/><U105/><E105/><V120/><F122/><W130/><G130/><T25/><D13/><U117/><E117/><V53/><F120/><W59/><G59/><T41/><D15/><U133/><E133/><AGARI ba="3,3" hai="85,89,92,93,98,101,109,110,132,133,135" m="3595" machi="133" ten="30,1000,0" yaku="20,1" doraHai="126" who="3" fromWho="1" sc="74,0,486,-19,215,0,195,49" /><INIT seed="3,0,0,0,2,87" ten="74,467,215,244" oya="3" hai0="16,80,34,44,89,120,61,53,48,81,17,64,63" hai1="5,84,0,83,113,21,30,56,135,9,45,25,75" hai2="2,37,39,109,58,51,92,130,96,62,95,118,12" hai3="133,90,52,40,31,38,4,124,82,86,110,28,103"/><W29/><G133/><T94/><D34/><U119/><E135/><V15/><F2/><W108/><G4/><T11/><D120/><U46/><E113/><V128/><F118/><W6/><G6/><T132/><D132/><U13/><E75/><V106/><F109/><N who="3" m="42091" /><G103/><T42/><D63/><U98/><E98/><V69/><F69/><W122/><G122/><T60/><D60/><U50/><E119/><V10/><F51/><W102/><G102/><T59/><D17/><U127/><E127/><V49/><F49/><W70/><G70/><T121/><D121/><U74/><E74/><V3/><F106/><W117/><G117/><T18/><D11/><U107/><E107/><V71/><F71/><W14/><G14/><T115/><D115/><U77/><E0/><V19/><F3/><W66/><G66/><T76/><D80/><U125/><E125/><V131/><F15/><W99/><G99/><T101/><D101/><U97/><E97/><V85/><F85/><W32/><G124/><T129/><D129/><U55/><AGARI ba="0,0" hai="5,9,13,21,25,30,45,46,50,55,56,77,83,84" machi="55" ten="30,2000,0" yaku="0,1,8,1" doraHai="87" who="1" fromWho="1" sc="74,-5,467,20,215,-5,244,-10" owari="69,-43.0,487,59.0,210,-19.0,234,3.0" /></mjloggm>