<mjloggm ver="2.3"><GO type="41"/><UN n0="%E9%8A%83%E5%BC%BE%E3%81%AE%E9%9B%A8" n1="%E7%9F%A2%E5%B3%B6%49%6E%64%65%78" n2="%E3%82%A6%E3%83%AB%E3%83%88%E3%83%A9%E7%AB%8B%E7%9B%B4" n3="%E8%BF%91%E3%82%AA%E3%83%AA%E5%85%9A" dan="16,15,15,15" rate="2062,1951,1964,2009" sx="M,M,M,M"/><TAIKYOKU oya="0"/><INIT seed="0,0,0,0,1,77" ten="250,250,250,250" oya="0" hai0="86,94,135,49,71,132,74,109,6,2,60,45,61" hai1="65,29,26,63,118,122,104,13,76,66,5,3,113" hai2="112,100,46,129,119,124,75,8,97,62,52,72,47" hai3="133,27,70,127,114,18,40,121,59,51,21,93,25"/><T53/><D74/><U37/><E118/><V15/><F112/><W128/><G70/><T103/><D71/><U16/><E113/><V82/><F75/><W36/><G114/><T92/><D109/><U0/><E104/><V64/><F119/><W19/><G128/><T85/><D2/><U96/><E37/><V116/><F116/><W123/><G127/><T110/><D110/><U120/><E96/><V30/><F124/><W90/><G133/><N who="0" m="51275" /><D6/><U105/><E105/><V24/><F47/><N who="3" m="26087" /><G59/><N who="0" m="34927" /><D61/><U31/><E65/><V43/><F64/><W34/><G36/><T35/><D35/><U54/><E54/><V56/><F72/><W79/><G34/><T58/><D58/><U28/><E63/><V87/><F129/><W12/><G19/><T101/><D94/><U69/><E76/><V17/><F46/><W1/><G79/><T9/><D9/><N who="1" m="4271" /><E66/><V95/><F43/><W4/><G1/><N who="1" m="586" /><E69/><V83/><F87/><N who="0" m="33290" /><D92/><U102/><E102/><V111/><F111/><W55/><G93/><T91/><D91/><U48/><E48/><V99/><F99/><W68/><G90/><T81/><D81/><U33/><E33/><AGARI ba="0,0" hai="8,15,17,24,30,33,52,56,62,82,83,95,97,100" machi="33" ten="30,7700,0" yaku="7,1,52,2,54,1" doraHai="77" who="2" fromWho="1" sc="250,0,250,-77,250,77,250,0" /><INIT seed="1,0,0,2,1,104" ten="250,173,327,250" oya="1" hai0="28,100,128,68,70,27,97,18,72,26,76,5,54" hai1="118,33,117,4,102,129,92,78,84,124,43,89,58" hai2="132,19,56,23,133,99,29,125,49,34,75,123,48" hai3="65,127,81,14,13,108,20,112,32,111,10,17,22"/><U105/><E33/><V116/><F29/><W98/><G65/><T21/><D128/><U62/><E4/><V80/><F34/><W40/><G98/><T52/><D5/><U120/><E43/><V95/><F56/><W15/><G40/><T25/><D70/><U35/><E35/><V119/><F48/><W37/><G81/><T69/><D69/><U44/><E120/><V57/><F49/><W16/><G37/><T93/><D68/><U67/><E44/><V63/><F57/><W113/><G32/><T42/><D42/><U96/><E129/><V66/><F63/><W135/><G127/><T131/><D131/><U59/><E124/><V73/><F66/><W83/><G83/><T51/><D76/><U50/><E50/><V46/><F80/><W0/><G0/><T106/><D72/><N who="2" m="27722" /><F46/><W79/><G79/><T134/><D134/><N who="2" m="51818" /><F123/><W55/><G55/><T88/><D28/><U38/><E58/><V6/><F6/><N who="3" m="3287" /><G135/><T121/><D121/><U1/><E1/><V24/><F125/><W11/><G11/><T90/><D106/><U7/><E7/><V41/><F41/><W9/><G9/><T91/><REACH who="0" step="1"/><D51/><REACH who="0" ten="240,173,327,250" step="2"/><U85/><E38/><V12/><F24/><AGARI ba="0,1" hai="18,21,24,25,26,27,52,54,88,90,91,93,97,100" machi="24" ten="40,8000,1" yaku="1,1,2,1,8,1,54,2,53,0" doraHai="104" doraHaiUra="115" who="0" fromWho="2" sc="240,90,173,0,327,-80,250,0" /><INIT seed="2,0,0,1,2,67" ten="330,173,247,250" oya="2" hai0="43,85,26,120,119,15,56,82,0,6,3,101,133" hai1="14,86,53,104,57,29,114,36,23,31,126,17,41" hai2="127,128,66,24,116,22,78,92,94,55,88,27,52" hai3="71,135,70,72,125,115,79,47,5,130,112,74,77"/><V100/><F116/><W58/><G47/><T8/><D120/><U42/><E104/><V123/><F123/><W121/><G121/><T37/><D119/><U25/><E114/><V105/><F105/><W65/><G5/><T38/><D101/><U33/><E126/><V96/><F127/><W64/><G125/><T18/><D133/><U32/><E86/><V48/><F78/><N who="3" m="29707" /><G58/><T62/><D26/><U108/><E108/><V117/><F117/><W111/><G135/><T9/><D3/><U80/><E80/><V30/><F128/><W95/><G95/><T61/><D43/><U89/><E89/><V10/><F66/><N who="3" m="25707" /><G111/><T63/><D56/><U83/><E83/><V81/><F81/><W12/><G12/><T109/><REACH who="0" step="1"/><D109/><REACH who="0" ten="320,173,247,250" step="2"/><U34/><E36/><V113/><F113/><N who="3" m="43595" /><G130/><T20/><D20/><U110/><E110/><V51/><F27/><W19/><G19/><T76/><AGARI ba="0,1" hai="0,6,8,9,15,18,37,38,61,62,63,76,82,85" machi="76" ten="30,2000,0" yaku="1,1,0,1,53,0" doraHai="67" doraHaiUra="122" who="0" fromWho="0" sc="320,30,173,-5,247,-10,250,-5" /><INIT seed="3,0,0,5,0,109" ten="350,168,237,245" oya="3" hai0="119,39,67,84,28,97,85,78,8,25,0,91,134" hai1="53,72,36,7,29,89,92,10,41,46,116,112,66" hai2="63,26,16,54,45,64,20,22,122,12,42,31,113" hai3="35,88,1,87,108,99,21,68,6,86,38,49,75"/><W5/><G35/><T65/><D119/><U56/><E29/><V19/><F122/><W130/><G38/><T61/><D39/><U51/><E116/><V62/><F113/><W133/><G75/><T30/><D134/><U57/><E72/><V15/><F54/><W4/><G68/><T103/><D78/><U107/><E107/><V52/><F52/><W50/><G133/><T90/><D0/><U128/><E128/><V93/><F93/><N who="3" m="56743" /><G1/><T101/><D97/><U74/><E74/><V125/><F125/><W96/><G130/><T100/><D8/><U131/><E131/><V121/><F121/><W13/><G96/><T95/><D25/><U27/><E27/><V71/><F71/><W47/><G108/><T80/><D61/><U117/><E117/><V24/><F64/><AGARI ba="0,0" hai="28,30,64,65,67,80,84,85,90,91,95,100,101,103" machi="64" ten="40,1300,0" yaku="8,1" doraHai="109" who="0" fromWho="2" sc="350,13,168,0,237,-13,245,0" /><INIT seed="4,0,0,1,0,15" ten="363,168,224,245" oya="0" hai0="119,112,100,3,88,89,39,87,32,21,2,57,97" hai1="33,18,102,41,127,63,1,83,54,76,125,12,109" hai2="99,9,60,26,14,40,73,105,129,30,78,45,70" hai3="122,58,77,134,74,79,130,56,69,27,90,124,96"/><T65/><D119/><U20/><E109/><V82/><F129/><W68/><G27/><T49/><D32/><U120/><E120/><V48/><F105/><W50/><G96/><T24/><D39/><U80/><E33/><V6/><F99/><W106/><G106/><T98/><D112/><U17/><E1/><V61/><F70/><W5/><G5/><T117/><D117/><U135/><E41/><V37/><F37/><W126/><G74/><T95/><D97/><U47/><E135/><V35/><AGARI ba="0,0" hai="6,9,14,26,30,35,40,45,48,60,61,73,78,82" machi="35" ten="20,1500,0" yaku="0,1,7,1" doraHai="15" who="2" fromWho="2" sc="363,-7,168,-4,224,15,245,-4" /><INIT seed="5,0,0,5,5,50" ten="356,164,239,241" oya="1" hai0="114,24,76,117,21,61,49,105,63,33,48,74,16" hai1="96,133,0,87,132,27,14,102,71,1,90,108,93" hai2="17,101,92,8,59,43,42,111,115,20,72,73,32" hai3="106,65,41,51,99,85,7,26,38,44,119,125,131"/><U95/><E71/><V77/><F32/><W31/><G119/><T47/><D117/><U120/><E27/><V66/><F73/><W75/><G75/><T81/><D105/><U109/><E14/><V78/><F72/><W124/><G7/><T30/><D49/><U39/><E39/><V122/><F8/><W100/><G65/><T62/><D114/><U69/><E69/><V37/><F37/><W129/><G85/><T60/><D60/><U134/><REACH who="1" step="1"/><E120/><REACH who="1" ten="356,154,239,241" step="2"/><V9/><F122/><W57/><G38/><T70/><D70/><U4/><E4/><V128/><F115/><W130/><REACH who="3" step="1"/><G57/><REACH who="3" ten="356,154,239,231" step="2"/><T82/><D33/><AGARI ba="0,2" hai="26,31,33,41,44,51,99,100,106,124,125,129,130,131" machi="33" ten="40,5200,0" yaku="1,1,2,1,19,1,53,0" doraHai="50" doraHaiUra="12" who="3" fromWho="0" sc="356,-52,154,0,239,0,231,72" /><INIT seed="6,0,0,5,3,64" ten="304,154,239,303" oya="2" hai0="133,98,1,16,65,58,99,81,27,97,95,60,11" hai1="121,119,96,53,22,42,0,70,9,20,126,80,45" hai2="49,78,111,31,108,4,100,118,102,93,35,74,56" hai3="112,132,125,48,86,117,29,3,92,54,135,2,85"/><V83/><F31/><W72/><G72/><T28/><D133/><N who="3" m="51273" /><G117/><T73/><D73/><U13/><E119/><V50/><F35/><W21/><G125/><T40/><D40/><U113/><E126/><V79/><F118/><W109/><G109/><N who="2" m="42057" /><F4/><W129/><G129/><T127/><D127/><U59/><E0/><N who="3" m="42" /><G92/><T12/><D81/><U68/><E96/><N who="2" m="59407" /><F102/><W107/><G107/><T36/><D36/><U91/><E42/><V105/><F105/><W124/><G124/><T52/><D1/><U62/><E113/><V7/><F7/><W34/><G34/><T26/><D95/><U14/><E121/><V15/><F79/><W33/><G33/><T131/><D131/><U8/><E8/><V71/><F15/><W134/><G112/><T128/><D128/><U69/><E14/><V63/><F56/><N who="3" m="32839" /><G134/><T66/><D27/><AGARI ba="0,0" hai="21,27,29,85,86" m="32839,42,51273" machi="27" ten="30,1000,0" yaku="20,1" doraHai="64" who="3" fromWho="0" sc="304,-10,154,0,239,0,303,10" /><INIT seed="7,0,0,3,4,77" ten="294,154,239,313" oya="3" hai0="54,122,37,55,51,3,70,49,66,16,68,104,80" hai1="14,113,5,126,103,23,108,101,10,109,96,74,44" hai2="7,82,112,29,93,125,133,120,91,116,132,72,48" hai3="4,30,1,32,28,9,13,31,92,71,12,41,57"/><W17/><G71/><T24/><D122/><U86/><E74/><V46/><F29/><N who="3" m="11371" /><G41/><T42/><D104/><U27/><E126/><V59/><F59/><W73/><G92/><T61/><D3/><U0/><E113/><V87/><F7/><W8/><G73/><T50/><D80/><U52/><E108/><V88/><F112/><W40/><G57/><N who="0" m="37167" /><D16/><U123/><E123/><V56/><F120/><W84/><G40/><T63/><D24/><U129/><E129/><V18/><F56/><W90/><G90/><T119/><D119/><U106/><E109/><V36/><F36/><W100/><G84/><T114/><D114/><U118/><E118/><V67/><F116/><W64/><G100/><T131/><D131/><U19/><E101/><V107/><F107/><W121/><G64/><N who="0" m="40991" /><D70/><U102/><E102/><V75/><F67/><W105/><G105/><T127/><D127/><U99/><E99/><N who="2" m="57767" /><F125/><W20/><G121/><T134/><D134/><N who="2" m="51818" /><F18/><N who="3" m="8455" /><G31/><T128/><D128/><U124/><E124/><V94/><F94/><W45/><G45/><AGARI ba="0,0" hai="37,42,45,49,50,51,54,55" m="40991,37167" machi="45" ten="30,8000,1" yaku="35,5" doraHai="77" who="0" fromWho="3" sc="294,80,154,0,239,0,313,-80" owari="374,48.0,154,-35.0,239,4.0,233,-17.0" /></mjloggm>