<mjloggm ver="2.3"><GO type="41"/><UN n0="%E3%82%A6%E3%83%AB%E3%83%88%E3%83%A9%E7%AB%8B%E7%9B%B4" n1="%E6%9E%97%E6%AA%8E%74%65%61" n2="%E5%AE%9F%E6%B3%81%E3%81%99%E3%82%8B%E3%81%98%E3%81%87" n3="%E3%83%AB%E3%83%8D%E3%83%AB%E3%82%B9" dan="15,13,13,14" rate="1980,1881,2046,1908" sx="M,M,F,M"/><TAIKYOKU oya="0"/><INIT seed="0,0,0,3,3,132" ten="250,250,250,250" oya="0" hai0="73,98,88,80,67,124,70,133,25,36,77,120,42" hai1="33,27,111,89,117,83,7,125,71,4,15,61,69" hai2="96,1,2,54,66,65,78,50,109,103,105,22,85" hai3="116,39,13,32,8,43,41,113,46,44,59,26,16"/><T90/><D120/><U49/><E117/><V40/><F109/><W118/><G113/><T112/><D112/><U47/><E125/><V107/><F40/><W55/><G26/><T101/><D133/><U75/><E15/><V28/><F105/><W9/><G9/><T72/><D72/><U121/><E89/><V129/><F129/><W52/><G32/><T10/><D124/><U19/><E121/><V48/><F48/><W110/><G110/><T21/><D70/><U115/><E115/><V86/><F2/><W51/><REACH who="3" step="1"/><G55/><REACH who="3" ten="250,250,250,240" step="2"/><T84/><D10/><U108/><E108/><V14/><F1/><W58/><G58/><T123/><D123/><U5/><E33/><V20/><F28/><W135/><G135/><T24/><D24/><U102/><E27/><V128/><F128/><W99/><G99/><T62/><D25/><U37/><E111/><V74/><F96/><W23/><G23/><T30/><D21/><U94/><E7/><V38/><F20/><W76/><G76/><T6/><D6/><U127/><E5/><V68/><F22/><W17/><G17/><T93/><D30/><U134/><E19/><V100/><F54/><W126/><G126/><T0/><D0/><U82/><E127/><V92/><F68/><W53/><G53/><T63/><D77/><U11/><E71/><V18/><F78/><W31/><G31/><T106/><D98/><U56/><E69/><V91/><F18/><W79/><G79/><T104/><D67/><U35/><E134/><V12/><F65/><W119/><G119/><T60/><D73/><U57/><E75/><RYUUKYOKU ba="0,1" sc="250,-10,250,-10,250,-10,240,30" hai3="8,13,16,39,41,43,44,46,51,52,59,116,118" /><INIT seed="1,1,1,1,4,10" ten="240,240,240,270" oya="1" hai0="100,90,42,12,114,16,125,40,0,128,65,62,75" hai1="124,102,104,14,30,98,79,109,31,17,66,51,28" hai2="97,41,133,38,39,118,25,96,134,27,78,132,47" hai3="71,50,77,81,55,129,80,72,19,74,108,64,103"/><U113/><E113/><V35/><F35/><W110/><G103/><T82/><D0/><U127/><E66/><V2/><F118/><W70/><G129/><T106/><D114/><U69/><E69/><V95/><F2/><W85/><G19/><T117/><D117/><U53/><E79/><V58/><F78/><W20/><G20/><T92/><D128/><U23/><REACH who="1" step="1"/><E109/><REACH who="1" ten="240,230,240,270" step="2"/><N who="3" m="42090" /><G72/><T60/><D75/><U130/><E130/><V86/><F39/><W94/><G64/><T119/><D119/><U8/><E8/><V34/><F38/><W93/><G71/><T115/><D115/><U5/><E5/><V45/><F133/><W54/><G70/><T37/><D37/><U91/><E91/><V6/><F132/><W21/><G74/><T11/><D65/><U48/><E48/><V105/><F6/><W46/><G50/><T87/><D125/><U63/><E63/><V52/><F134/><W83/><G77/><T43/><D62/><U122/><E122/><V135/><F135/><W61/><G61/><T1/><D60/><U88/><E88/><N who="2" m="53655" /><F105/><W126/><G126/><T111/><D106/><U107/><E107/><V59/><F97/><W89/><G89/><T36/><D36/><U44/><AGARI ba="1,2" hai="14,17,23,28,30,31,44,51,53,98,102,104,124,127" machi="44" ten="30,6000,0" yaku="1,1,0,1,52,1,53,0" doraHai="10" doraHaiUra="57" who="1" fromWho="1" sc="240,-21,230,83,240,-21,270,-21" /><INIT seed="1,2,0,4,1,18" ten="219,313,219,249" oya="1" hai0="73,74,70,53,127,7,80,122,36,52,79,75,46" hai1="81,110,87,84,8,57,131,129,92,134,17,117,23" hai2="102,119,98,100,120,62,37,61,2,58,106,56,34" hai3="85,50,48,114,108,105,25,99,40,42,31,113,112"/><U88/><E117/><V118/><F2/><W11/><G108/><T10/><D70/><U71/><E71/><V16/><F37/><W54/><G85/><T68/><D68/><U26/><E110/><V28/><F120/><W66/><G66/><T90/><D122/><U64/><E134/><V130/><F130/><N who="1" m="49673" /><E8/><V55/><F102/><W126/><G126/><T104/><D104/><U1/><E1/><V65/><F28/><W45/><G11/><T107/><D107/><U35/><E35/><V128/><F34/><W30/><G30/><T4/><D127/><U29/><E29/><V96/><F98/><W94/><G105/><T77/><D74/><U115/><E115/><V82/><F82/><W67/><G67/><T95/><D75/><U123/><E123/><V76/><F76/><W20/><REACH who="3" step="1"/><G50/><REACH who="3" ten="219,313,219,239" step="2"/><T22/><D10/><U9/><E9/><V125/><F128/><W86/><G86/><T72/><D72/><U27/><E64/><V60/><F125/><W111/><G111/><T39/><D73/><U93/><E84/><V32/><F62/><W41/><G41/><T101/><D39/><U3/><E3/><V121/><F121/><W63/><G63/><T33/><D36/><U44/><E87/><V14/><REACH who="2" step="1"/><F32/><REACH who="2" ten="219,313,209,239" step="2"/><W0/><G0/><T38/><D33/><U6/><E81/><V59/><F59/><W91/><AGARI ba="2,2" hai="20,25,31,40,42,45,48,54,91,94,99,112,113,114" machi="91" ten="30,4000,0" yaku="1,1,0,1,52,1,53,0" doraHai="18" doraHaiUra="69" who="3" fromWho="3" sc="219,-12,313,-22,209,-12,239,66" /><INIT seed="2,0,0,4,0,78" ten="207,291,197,305" oya="2" hai0="113,40,86,92,123,29,122,44,110,8,68,10,105" hai1="93,57,18,116,38,98,22,19,6,88,121,20,60" hai2="36,46,129,119,125,72,82,134,33,27,14,21,16" hai3="85,84,132,99,53,0,63,41,65,55,124,79,115"/><V7/><F125/><W94/><G115/><T104/><D68/><U28/><E116/><V87/><F119/><W39/><G0/><T131/><D29/><U64/><E38/><V51/><F72/><W45/><G124/><T1/><D113/><U43/><E121/><V127/><F127/><W133/><G133/><T71/><D71/><U47/><E6/><V26/><F36/><W76/><G76/><T95/><D1/><U5/><E5/><V15/><F134/><W118/><G118/><T13/><D13/><U11/><E11/><N who="2" m="4479" /><F33/><W70/><G132/><T75/><D44/><U73/><E28/><V106/><F129/><W107/><G107/><T109/><D40/><U101/><E73/><V35/><F106/><W32/><G32/><T74/><REACH who="0" step="1"/><D86/><REACH who="0" ten="197,291,197,305" step="2"/><U126/><E126/><V61/><F35/><W23/><G84/><T31/><D31/><U37/><E47/><V69/><F69/><W130/><G130/><AGARI ba="0,1" hai="8,10,74,75,92,95,104,105,109,110,122,123,130,131" machi="130" ten="25,3200,0" yaku="1,1,22,2,53,0" doraHai="78" doraHaiUra="30" who="0" fromWho="3" sc="197,42,291,0,197,0,305,-32" /><INIT seed="3,0,0,0,3,66" ten="239,291,197,273" oya="3" hai0="92,102,71,129,91,11,97,68,25,125,35,16,113" hai1="26,117,43,80,54,111,19,4,18,135,55,40,62" hai2="123,87,44,86,76,69,101,8,130,107,110,96,81" hai3="47,36,84,7,126,77,15,20,104,116,46,13,95"/><W73/><G104/><T59/><D129/><U23/><E4/><V21/><F130/><W53/><G116/><T51/><D125/><U112/><E112/><V133/><F110/><W90/><G36/><T37/><D37/><U14/><E135/><V52/><F133/><W115/><G115/><T105/><D113/><U131/><E131/><V3/><F21/><W93/><G126/><T17/><D17/><U61/><E80/><V10/><F123/><W114/><G114/><T120/><D120/><U88/><E117/><V94/><F3/><W22/><G73/><T128/><D128/><U27/><E88/><V72/><F69/><W50/><G77/><T58/><D35/><U134/><E134/><V78/><F87/><W121/><G121/><T109/><D109/><U127/><E111/><V63/><F78/><W12/><G7/><T1/><D1/><U28/><E127/><V45/><F45/><W29/><G29/><T30/><D30/><U64/><E23/><V33/><F33/><W42/><G42/><T2/><D2/><U49/><E28/><V118/><F118/><W79/><G79/><T122/><D122/><U103/><E103/><V31/><F31/><W98/><G47/><T65/><D105/><U6/><E6/><V60/><F44/><W82/><G82/><T124/><D102/><AGARI ba="0,0" hai="12,13,15,20,22,46,50,53,84,90,93,95,98,102" machi="102" ten="40,2000,0" yaku="8,1" doraHai="66" who="3" fromWho="0" sc="239,-20,291,0,197,0,273,20" /><INIT seed="3,1,0,0,5,35" ten="219,291,197,293" oya="3" hai0="51,69,118,62,7,58,1,4,45,44,71,12,102" hai1="130,114,11,78,65,31,47,73,89,54,21,80,92" hai2="13,5,41,27,28,110,133,3,90,72,49,96,67" hai3="124,94,75,93,127,125,36,104,111,59,86,61,129"/><W100/><G36/><T81/><D118/><U117/><E117/><V17/><F72/><W37/><G37/><T126/><D126/><U26/><E65/><V33/><F67/><W99/><G129/><T115/><D115/><U98/><E114/><V123/><F110/><W52/><G75/><T32/><D32/><U87/><E11/><V82/><F133/><W107/><G111/><T128/><D128/><U55/><E130/><V74/><F74/><W48/><G61/><T9/><D81/><U131/><E131/><V14/><F14/><W84/><REACH who="3" step="1"/><G94/><REACH who="3" ten="219,291,197,283" step="2"/><T106/><D106/><AGARI ba="1,1" hai="48,52,59,84,86,93,99,100,104,106,107,124,125,127" machi="106" ten="50,12000,1" yaku="1,1,2,1,18,1,54,1,53,0" doraHai="35" doraHaiUra="116" who="3" fromWho="0" sc="219,-123,291,0,197,0,283,133" /><INIT seed="3,2,0,4,1,81" ten="96,291,197,416" oya="3" hai0="107,95,60,79,104,121,66,99,49,91,58,105,133" hai1="83,33,31,100,132,35,61,20,29,19,39,126,129" hai2="94,86,70,65,21,92,135,117,5,63,130,28,14" hai3="44,47,12,55,25,9,116,37,127,78,23,96,22"/><W89/><G116/><T15/><D121/><U74/><E100/><V42/><F117/><W101/><G127/><T82/><D133/><U46/><E61/><V56/><F130/><W134/><G134/><T64/><D15/><U41/><E132/><V77/><F28/><W18/><G78/><T122/><D122/><U120/><E120/><V2/><F2/><W6/><G37/><T111/><D64/><U8/><E8/><N who="2" m="4367" /><F70/><W97/><G55/><T26/><D26/><U124/><E74/><V57/><F42/><W123/><G123/><T10/><D10/><U109/><E83/><N who="2" m="47471" /><F135/><W112/><G112/><T108/><REACH who="0" step="1"/><D49/><REACH who="0" ten="86,291,197,416" step="2"/><U54/><E126/><V48/><F21/><W52/><G23/><T103/><D103/><U110/><E124/><V17/><F48/><W51/><G101/><T76/><D76/><U32/><E129/><V72/><F65/><W84/><G44/><T67/><D67/><U125/><E125/><V98/><F63/><W36/><G36/><T71/><D71/><U11/><E46/><V7/><F7/><W128/><G128/><T34/><D34/><U69/><E39/><V68/><F68/><W114/><G114/><T90/><D90/><U115/><E69/><V3/><F3/><W93/><AGARI ba="2,1" hai="6,9,12,18,22,25,47,51,52,84,89,93,96,97" machi="93" ten="20,12000,1" yaku="0,1,7,1,8,1,52,1,54,1" doraHai="81" who="3" fromWho="3" sc="86,-42,291,-42,197,-42,416,136" /><INIT seed="3,3,0,3,4,115" ten="44,249,155,552" oya="3" hai0="88,119,134,112,122,110,125,40,44,57,35,106,16" hai1="39,89,41,75,7,56,63,10,24,94,65,68,84" hai2="0,91,72,23,83,19,97,118,101,62,102,5,108" hai3="66,34,1,123,18,93,20,77,67,82,55,78,90"/><W13/><G123/><T87/><D106/><U86/><E75/><V81/><F108/><W30/><G1/><T32/><D122/><U31/><E68/><V36/><F36/><W114/><G114/><T50/><D112/><U45/><E84/><V99/><F5/><W71/><G71/><T127/><D110/><U42/><E41/><V116/><F62/><W61/><G34/><T25/><D57/><U135/><E135/><V64/><F0/><W58/><G30/><T27/><D134/><U14/><E24/><V109/><F64/><W100/><G100/><N who="2" m="38505" /><F23/><W47/><G47/><T129/><D129/><U76/><E31/><V131/><F19/><W51/><G61/><T33/><D119/><N who="2" m="45610" /><F131/><W12/><G12/><T104/><D104/><U73/><E73/><V28/><F28/><W133/><G133/><T95/><REACH who="0" step="1"/><D16/><REACH who="0" ten="34,249,155,552" step="2"/><U21/><E21/><V15/><F109/><W96/><REACH who="3" step="1"/><G77/><REACH who="3" ten="34,249,155,542" step="2"/><T60/><D60/><U70/><E76/><N who="2" m="44167" /><F15/><W54/><G54/><T103/><D103/><U74/><E14/><V59/><F59/><W69/><G69/><T9/><D9/><U48/><E70/><V117/><F117/><W120/><G120/><T37/><D37/><U38/><E10/><V92/><F83/><W85/><AGARI ba="3,2" hai="13,18,20,51,55,58,66,67,78,82,85,90,93,96" machi="85" ten="20,7800,0" yaku="1,1,0,1,7,1,8,1,53,0" doraHai="115" doraHaiUra="128" who="3" fromWho="3" sc="34,-29,249,-29,155,-29,542,107" /><INIT seed="3,4,0,1,4,11" ten="5,220,126,649" oya="3" hai0="109,63,58,54,1,131,90,119,87,6,134,44,135" hai1="29,74,116,129,123,62,38,12,61,96,50,7,88" hai2="23,42,86,2,89,128,102,112,13,28,36,67,10" hai3="25,45,105,51,41,35,33,49,68,94,15,77,37"/><W70/><G105/><T20/><D119/><U95/><E38/><V18/><F112/><W124/><G77/><T53/><D6/><U126/><E123/><V22/><F128/><W19/><G124/><T60/><D1/><U65/><E74/><V34/><F102/><W108/><G108/><T92/><D131/><U99/><E29/><V118/><F118/><W101/><G37/><T125/><D125/><U27/><E129/><V107/><F107/><W24/><G35/><T5/><D5/><U78/><E126/><V48/><F36/><W110/><G110/><T115/><D109/><U16/><E27/><N who="2" m="16503" /><F34/><W0/><G0/><T132/><D115/><U3/><E78/><V52/><F67/><W104/><G104/><T17/><D44/><U98/><E3/><V73/><F42/><W133/><G133/><T117/><D117/><U130/><E7/><V31/><F73/><W114/><G114/><T64/><D60/><N who="1" m="23147" /><E65/><V122/><F122/><W55/><G68/><T69/><D69/><U82/><E116/><V97/><F97/><N who="1" m="37481" /><E82/><N who="2" m="49367" /><F2/><W79/><G70/><T72/><D72/><U91/><E130/><V43/><F43/><W81/><G41/><T127/><D127/><U66/><E66/><V100/><F100/><W75/><G101/><T8/><D8/><N who="1" m="6151" /><E50/><V14/><F31/><W106/><G33/><T39/><D39/><U103/><AGARI ba="4,0" hai="88,91,95,99,103" m="6151,37481,23147" machi="103" ten="30,7900,0" yaku="8,1,52,1,54,2" doraHai="11" who="1" fromWho="1" sc="5,-24,220,91,126,-24,649,-43" owari="-19,-52.0,311,11.0,102,-30.0,606,71.0" /></mjloggm>