<mjloggm ver="2.3"><GO type="169"/><UN n0="%6B%79%6F%6E%6B%6F%31%31" n1="%E5%88%BB%E5%AD%90%E5%B8%82%E6%B0%91" n2="%EF%BC%88%E2%89%A7%E2%96%BD%E2%89%A6%EF%BC%89" n3="%53%48%49%53%55%4B%45" dan="17,16,16,16" rate="2044,2082,2094,2028" sx="M,M,M,M"/><TAIKYOKU oya="0"/><INIT seed="0,0,0,3,0,42" ten="250,250,250,250" oya="0" hai0="132,135,106,6,110,94,11,84,45,14,133,125,104" hai1="101,50,44,67,25,54,36,93,59,15,8,35,128" hai2="24,43,64,12,119,80,58,1,99,38,51,31,77" hai3="83,34,29,65,52,39,89,26,75,117,122,30,102"/><T9/><D125/><U0/><E0/><V56/><F1/><W82/><G117/><T74/><D74/><U57/><E128/><V76/><F119/><W124/><G39/><T17/><D110/><U2/><E2/><V78/><F38/><W129/><G124/><T105/><D45/><U120/><E120/><V126/><F126/><W46/><G129/><T47/><D47/><U70/><E35/><V20/><F80/><W130/><G130/><T100/><D84/><U16/><E70/><V63/><F99/><W72/><G122/><T91/><D91/><U60/><E36/><V107/><F107/><W85/><G102/><T21/><REACH who="0" step="1"/><D6/><REACH who="0" ten="240,250,250,250" step="2"/><U113/><E113/><V19/><F43/><W103/><G75/><T95/><D95/><U55/><E25/><V92/><F92/><W4/><G4/><T123/><D123/><U88/><E101/><V68/><REACH who="2" step="1"/><F51/><REACH who="2" ten="240,250,240,250" step="2"/><N who="3" m="28791" /><G83/><T53/><D53/><U98/><E55/><V33/><AGARI ba="0,2" hai="12,19,20,24,31,33,56,58,63,64,68,76,77,78" machi="33" ten="30,2000,0" yaku="1,1,0,1,53,0" doraHai="42" doraHaiUra="90" who="2" fromWho="2" sc="240,-10,250,-5,240,40,250,-5" /><INIT seed="1,0,0,0,1,22" ten="230,245,280,245" oya="1" hai0="115,67,118,110,5,31,75,8,101,126,133,114,62" hai1="127,66,64,120,71,19,86,29,53,77,90,107,27" hai2="42,49,32,4,44,68,30,28,121,119,1,20,51" hai3="10,124,60,6,102,83,87,16,50,113,129,105,122"/><U13/><E107/><V94/><F119/><W111/><G122/><T12/><D118/><U59/><E71/><V3/><F32/><W57/><G113/><T55/><D75/><U98/><E77/><V99/><F68/><W35/><G35/><T17/><D110/><U48/><E98/><V70/><F70/><W88/><G111/><T128/><D101/><U93/><E120/><V54/><F121/><W97/><G124/><T58/><D126/><U14/><E127/><V56/><F4/><W79/><G129/><T135/><D31/><U47/><E47/><V116/><F116/><W2/><G50/><T91/><D128/><U9/><E13/><V108/><F108/><W134/><G134/><N who="0" m="51211" /><D91/><U61/><REACH who="1" step="1"/><E61/><REACH who="1" ten="230,235,280,245" step="2"/><V82/><F1/><W18/><REACH who="3" step="1"/><G79/><REACH who="3" ten="230,235,280,235" step="2"/><T33/><D115/><U78/><E78/><V25/><F3/><W0/><G0/><T41/><D114/><U74/><E74/><V39/><F39/><W73/><G73/><T21/><D33/><AGARI ba="0,2" hai="9,14,19,27,29,33,48,53,59,64,66,86,90,93" machi="33" ten="30,5800,0" yaku="1,1,7,1,52,1,53,0" doraHai="22" doraHaiUra="36" who="1" fromWho="0" sc="230,-58,235,78,280,0,235,0" /><INIT seed="1,1,0,3,1,127" ten="172,313,280,235" oya="1" hai0="41,36,5,77,122,35,26,29,130,8,22,65,15" hai1="27,66,18,117,30,53,75,84,39,89,17,34,111" hai2="31,100,105,73,50,64,121,95,85,79,109,98,97" hai3="55,52,42,10,135,16,12,23,0,38,45,7,93"/><U19/><E39/><V63/><F121/><W67/><G135/><T124/><D124/><U48/><E75/><V3/><F3/><W69/><REACH who="3" step="1"/><G93/><REACH who="3" ten="172,313,280,225" step="2"/><T72/><D122/><U49/><E117/><V76/><F95/><W104/><G104/><T11/><D65/><U112/><E66/><V61/><F105/><W46/><G46/><T107/><D107/><U51/><E112/><V58/><F64/><W119/><G119/><T37/><D41/><U114/><E114/><V43/><F43/><W110/><G110/><T1/><D37/><U101/><E111/><V14/><F109/><W59/><G59/><T132/><D36/><U60/><E53/><V115/><F58/><W4/><G4/><T24/><D132/><U134/><E134/><V87/><F115/><W125/><G125/><T102/><D5/><U123/><E123/><V33/><F73/><W68/><G68/><T129/><D72/><U118/><E118/><V126/><F126/><W106/><G106/><T2/><D2/><U80/><E101/><V6/><F100/><W128/><G128/><T57/><D102/><U103/><E103/><V32/><F6/><W90/><G90/><T78/><D57/><U47/><E47/><V9/><F76/><W71/><G71/><T99/><D1/><U62/><AGARI ba="1,1" hai="17,18,19,27,30,34,48,49,51,60,62,80,84,89" machi="62" ten="40,2100,0" yaku="0,1" doraHai="127" who="1" fromWho="1" sc="172,-8,313,34,280,-8,225,-8" /><INIT seed="1,2,0,1,2,41" ten="164,347,272,217" oya="1" hai0="59,32,8,29,2,53,65,38,23,35,30,19,39" hai1="131,1,14,43,100,119,68,98,3,17,24,77,103" hai2="120,128,117,61,73,64,70,33,45,28,129,12,87" hai3="90,127,99,69,110,34,26,108,0,48,135,97,75"/><U109/><E68/><V104/><F73/><W89/><G0/><T116/><D116/><U111/><E119/><V81/><F117/><W31/><G69/><T106/><D106/><U92/><E131/><N who="2" m="50251" /><F120/><W91/><G75/><T62/><D30/><U71/><E71/><V80/><F104/><W124/><G135/><T72/><D72/><U63/><E63/><V123/><F123/><W58/><G99/><T95/><D65/><U10/><E77/><V82/><F12/><W93/><G58/><T4/><D35/><U16/><E100/><V86/><F45/><W112/><G112/><T21/><D21/><N who="1" m="13351" /><E43/><V13/><F13/><W118/><G118/><T101/><D101/><U88/><E103/><V52/><F52/><W126/><REACH who="3" step="1"/><G48/><REACH who="3" ten="164,347,272,207" step="2"/><T84/><D38/><U11/><E11/><V5/><F70/><W54/><G54/><T96/><D53/><U57/><E57/><V132/><F132/><W42/><G42/><T46/><D59/><U15/><E3/><V40/><F40/><W50/><G50/><T51/><D39/><U130/><E1/><V7/><F64/><W105/><G105/><T121/><D2/><U18/><E130/><V25/><F61/><W6/><G6/><AGARI ba="2,1" hai="5,6,7,25,28,33,80,81,82,86,87" m="50251" machi="6" ten="30,1000,0" yaku="19,1" doraHai="41" who="2" fromWho="3" sc="164,0,347,0,272,26,207,-16" /><INIT seed="2,0,0,3,4,7" ten="164,347,298,191" oya="2" hai0="74,111,72,81,91,4,42,29,109,125,67,133,130" hai1="15,64,36,75,60,99,92,105,106,30,90,84,40" hai2="102,21,19,123,66,46,50,41,39,73,2,134,114" hai3="112,27,43,132,71,34,62,35,135,0,3,55,1"/><V79/><F123/><W80/><G112/><T70/><D29/><U120/><E75/><N who="0" m="28713" /><D42/><U59/><E30/><V78/><F114/><W107/><G107/><T110/><D67/><U65/><E120/><V127/><F2/><W23/><G43/><T128/><D70/><U18/><E65/><V11/><F73/><W37/><G37/><T85/><D4/><U38/><E40/><V95/><F39/><W26/><G80/><T126/><D133/><N who="3" m="51273" /><G71/><T52/><D52/><U129/><E129/><AGARI ba="0,0" hai="81,85,91,109,110,111,125,126,128,129,130" m="28713" machi="129" ten="40,8000,1" yaku="14,1,19,1,34,2" doraHai="7" who="0" fromWho="1" sc="164,80,347,-80,298,0,191,0" /><INIT seed="3,0,0,2,3,72" ten="244,267,298,191" oya="3" hai0="104,112,129,86,3,25,66,18,16,130,48,94,24" hai1="43,37,56,36,41,101,9,21,127,33,27,6,133" hai2="62,80,60,8,46,13,131,76,108,121,15,70,68" hai3="53,10,11,93,116,51,96,64,34,52,69,107,42"/><W134/><G116/><T31/><D104/><U85/><E33/><V32/><F32/><W1/><G34/><T0/><D66/><U74/><E74/><V102/><F131/><N who="0" m="50186" /><D48/><U65/><E133/><V99/><F121/><W115/><G115/><T20/><D94/><U118/><E127/><V114/><F114/><W82/><G134/><T63/><D63/><U57/><E118/><V58/><F108/><W100/><G42/><T90/><D90/><U95/><E37/><V7/><F46/><W89/><G82/><T29/><D86/><U87/><E87/><N who="2" m="48519" /><F68/><W28/><G28/><N who="0" m="10827" /><D112/><U39/><E39/><V79/><F70/><W111/><G111/><T91/><D91/><N who="1" m="53743" /><E101/><V97/><F79/><W45/><G53/><T30/><D18/><N who="1" m="12727" /><E36/><V2/><F102/><W26/><G69/><T23/><AGARI ba="0,0" hai="0,3,16,20,23,24,25,30" m="10827,50186" machi="23" ten="30,7900,0" yaku="19,1,34,2,54,1" doraHai="72" who="0" fromWho="0" sc="244,79,267,-20,298,-20,191,-39" /><INIT seed="4,0,0,5,1,125" ten="323,247,278,152" oya="0" hai0="49,81,24,91,7,113,72,21,127,87,2,100,74" hai1="104,129,35,52,63,93,66,88,33,70,54,5,14" hai2="47,126,95,89,18,44,130,98,68,38,6,78,12" hai3="111,53,84,135,83,85,120,112,79,29,97,75,41"/><T9/><D113/><U58/><E104/><V90/><F126/><W51/><G111/><T62/><D127/><U56/><E129/><V94/><F130/><W121/><G112/><T119/><D119/><U77/><E77/><V108/><F108/><W116/><G116/><T124/><D124/><U102/><E102/><V92/><F68/><W26/><G41/><T43/><D100/><U133/><E133/><V64/><F64/><W23/><G135/><T73/><D62/><U86/><E70/><V36/><F6/><W37/><G37/><T16/><D43/><U60/><E66/><V11/><F78/><W27/><G97/><T20/><D49/><U110/><E110/><V30/><F30/><W8/><G8/><AGARI ba="0,0" hai="5,8,14,33,35,52,54,56,58,60,63,86,88,93" machi="8" ten="40,5200,0" yaku="9,1,54,2" doraHai="125" who="1" fromWho="3" sc="323,0,247,52,278,0,152,-52" /><INIT seed="5,0,0,5,4,98" ten="323,299,278,100" oya="1" hai0="6,9,36,0,72,14,34,78,23,89,33,77,2" hai1="125,133,92,40,25,49,111,47,102,65,110,123,132" hai2="30,131,73,17,62,128,10,94,45,118,97,63,83" hai3="44,19,86,120,71,82,41,74,103,88,135,127,11"/><U99/><E123/><V24/><F118/><W95/><G120/><T70/><D70/><U13/><E125/><V115/><F115/><W126/><G71/><T54/><D36/><U109/><E65/><V56/><F45/><W61/><G61/><T87/><D54/><U3/><E3/><V1/><F73/><W31/><G31/><T76/><D72/><U51/><E25/><V81/><F1/><W106/><G135/><N who="1" m="51786" /><E13/><N who="2" m="7351" /><F24/><W84/><G74/><T130/><D130/><N who="2" m="49706" /><F30/><W5/><G106/><T21/><D0/><U116/><E116/><V93/><F93/><W124/><G19/><T35/><REACH who="0" step="1"/><D2/><REACH who="0" ten="313,299,278,100" step="2"/><U15/><E15/><V114/><F114/><W48/><G124/><T90/><D90/><U69/><E69/><V52/><F63/><W26/><G127/><T113/><D113/><U121/><E121/><V50/><F62/><W104/><G126/><T64/><D64/><U112/><E112/><V101/><AGARI ba="0,1" hai="50,52,56,81,83,94,97,101" m="49706,7351" machi="101" ten="30,4000,0" yaku="19,1,52,1,54,1" doraHai="98" who="2" fromWho="2" sc="313,-10,299,-20,278,50,100,-10" /><INIT seed="6,0,0,4,0,127" ten="303,279,328,90" oya="2" hai0="107,66,57,115,111,18,63,20,59,69,68,25,39" hai1="125,103,94,26,91,22,58,118,53,34,90,2,64" hai2="70,81,102,36,33,42,71,12,30,0,49,88,78" hai3="89,77,10,128,83,52,23,73,48,51,130,82,32"/><V54/><F0/><W60/><G32/><T14/><D111/><U4/><E34/><V105/><F33/><W86/><G23/><T17/><D107/><U47/><E125/><V116/><F30/><W80/><G80/><T7/><D39/><U96/><E118/><V75/><F116/><W50/><REACH who="3" step="1"/><G10/><REACH who="3" ten="303,279,328,80" step="2"/><T1/><D115/><U3/><E22/><V92/><F81/><W15/><G15/><T135/><D1/><U43/><E26/><V29/><F12/><W87/><G87/><T44/><D14/><U133/><E3/><V120/><F75/><W21/><G21/><T31/><D31/><U124/><E2/><V109/><F29/><W134/><G134/><T13/><D135/><U119/><E133/><V76/><F105/><W85/><G85/><T37/><D7/><U84/><E84/><V61/><F78/><W45/><G45/><T24/><D24/><U113/><E47/><V104/><F76/><W79/><G79/><T123/><D123/><U106/><E4/><V97/><F120/><W40/><G40/><T62/><D13/><U16/><E43/><V9/><F9/><W8/><G8/><T11/><D11/><U65/><E119/><V6/><F6/><W67/><G67/><N who="0" m="39391" /><D17/><U110/><E16/><V56/><F42/><W72/><G72/><T100/><D44/><U121/><E121/><V95/><F104/><W99/><G99/><T35/><D35/><U117/><E106/><V38/><F97/><W129/><G129/><T28/><D28/><U101/><E117/><V55/><F95/><W5/><G5/><T132/><D132/><RYUUKYOKU ba="0,1" sc="303,-10,279,-10,328,-10,80,30" hai3="48,50,51,52,60,73,77,82,83,86,89,128,130" /><INIT seed="7,1,1,0,2,21" ten="293,269,318,110" oya="3" hai0="133,110,105,1,34,101,53,107,41,102,16,49,52" hai1="33,78,84,6,122,40,59,65,30,86,27,135,125" hai2="127,8,39,29,54,18,64,121,17,47,129,3,109" hai3="68,44,4,57,79,89,37,14,25,97,120,82,75"/><W61/><G120/><T113/><D1/><U69/><E122/><V134/><F109/><W117/><G117/><T63/><D110/><U56/><E125/><V22/><F121/><W126/><G126/><T124/><D34/><U96/><E135/><V103/><F134/><W55/><G68/><T66/><D133/><U87/><E78/><V90/><F127/><W104/><G25/><T38/><D124/><U10/><E40/><V123/><F123/><W36/><G36/><T88/><D107/><U26/><E96/><V106/><F106/><W5/><G37/><T71/><D105/><U7/><E27/><N who="2" m="16631" /><F39/><W28/><G28/><T67/><D67/><U48/><E48/><N who="2" m="28959" /><F3/><W100/><G44/><N who="0" m="23607" /><D53/><U130/><E130/><V15/><F64/><W0/><G0/><T13/><D88/><U111/><E111/><V112/><F103/><W51/><G51/><T132/><D132/><U81/><E81/><V70/><F70/><W80/><REACH who="3" step="1"/><G14/><REACH who="3" ten="293,269,318,100" step="2"/><T72/><D49/><U23/><E33/><V62/><F15/><W77/><G77/><T24/><D13/><N who="1" m="5335" /><E69/><V92/><F129/><W85/><AGARI ba="1,2" hai="4,5,55,57,61,75,79,80,82,85,89,97,100,104" machi="85" ten="30,3000,0" yaku="1,1,0,1,53,0" doraHai="21" doraHaiUra="131" who="3" fromWho="3" sc="293,-11,269,-11,318,-11,100,53" /><INIT seed="7,2,0,2,2,66" ten="282,258,307,153" oya="3" hai0="71,41,27,134,63,116,89,80,112,32,135,30,22" hai1="72,67,2,84,86,25,125,44,77,17,16,105,61" hai2="123,8,33,4,73,83,14,28,132,75,9,130,59" hai3="98,101,88,51,119,21,69,57,103,19,93,23,47"/><W62/><G119/><T48/><D116/><U45/><E105/><V110/><F110/><W56/><G69/><T43/><D112/><U0/><E72/><V37/><F37/><W90/><G103/><T109/><D109/><U92/><E125/><V38/><F38/><W133/><G133/><N who="0" m="50699" /><D48/><U70/><E77/><V96/><F132/><W128/><G128/><T102/><D102/><U114/><E114/><V46/><F130/><W78/><G78/><T11/><D11/><U76/><E76/><V26/><F123/><W129/><G129/><T12/><D12/><U121/><E121/><V15/><F46/><W108/><G108/><T87/><D32/><U24/><E67/><AGARI ba="2,0" hai="22,27,30,41,43,63,67,71,80,87,89" m="50699" machi="67" ten="30,2000,0" yaku="20,1,52,1" doraHai="66" who="0" fromWho="1" sc="282,26,258,-26,307,0,153,0" owari="308,41.0,232,-17.0,307,11.0,153,-35.0" /></mjloggm>