<mjloggm ver="2.3"><GO type="97"/><UN n0="%EF%BC%88%E2%89%A7%E2%96%BD%E2%89%A6%EF%BC%89" n1="%72%6F%63%6B%31%39%36%35" n2="%E3%81%86%E3%81%84%E3%81%86%E3%81%84%E3%81%86%E3%81%84" n3="%E5%8F%8D%E9%99%BD%E5%AD%90%E3%81%95%E3%82%93" dan="15,14,13,15" rate="2007,1901,1859,1945" sx="M,M,M,M"/><TAIKYOKU oya="0"/><INIT seed="0,0,0,3,1,86" ten="250,250,250,250" oya="0" hai0="66,6,2,25,96,92,22,65,40,26,32,105,11" hai1="128,33,129,100,15,60,68,62,27,132,82,45,88" hai2="71,85,55,37,17,43,89,78,42,77,83,14,29" hai3="41,31,5,79,20,46,103,56,34,90,44,101,123"/><T73/><D73/><U122/><E122/><V124/><F71/><W117/><G34/><T61/><D105/><U102/><E132/><V24/><F124/><W4/><G117/><T1/><D1/><U74/><E74/><V110/><F110/><W99/><G123/><T53/><D32/><U94/><E82/><V104/><F104/><W125/><G125/><T126/><D40/><U95/><E95/><V21/><F55/><W81/><G56/><T58/><D126/><U64/><E62/><V39/><F39/><W118/><G118/><T109/><D109/><U98/><E45/><V10/><F37/><W67/><G67/><T106/><D106/><U47/><E47/><V114/><F114/><W72/><G46/><T69/><D69/><U130/><E15/><V0/><F0/><W54/><G54/><T107/><D107/><U112/><E112/><V52/><F77/><W28/><G44/><T38/><D38/><U93/><E93/><V36/><F36/><W131/><G41/><T48/><D48/><U57/><E68/><V97/><F52/><W119/><G119/><T63/><D63/><U87/><E98/><V108/><F108/><W30/><G20/><T75/><D75/><U134/><E134/><V121/><F121/><W84/><G131/><T115/><D115/><U19/><E19/><V120/><F120/><W133/><G133/><T8/><D11/><U113/><E113/><V135/><F135/><W70/><G70/><T18/><D26/><U80/><E80/><V51/><F51/><W59/><G59/><T111/><D111/><U127/><E127/><RYUUKYOKU ba="0,0" sc="250,10,250,10,250,10,250,-30" hai0="2,6,8,18,22,25,53,58,61,65,66,92,96" hai1="27,33,57,60,64,87,88,94,100,102,128,129,130" hai2="10,14,17,21,24,29,42,43,78,83,85,89,97" /><INIT seed="0,1,0,3,2,13" ten="260,260,260,220" oya="0" hai0="126,6,30,37,53,134,91,17,122,38,14,21,77" hai1="35,27,109,133,135,41,92,47,16,96,124,114,68" hai2="3,102,69,70,49,79,26,10,127,108,121,105,48" hai3="84,28,111,63,52,123,23,90,129,56,76,67,100"/><T113/><D122/><U132/><E68/><V39/><F121/><W0/><G123/><T58/><D113/><U73/><E73/><V12/><F3/><W81/><G0/><T9/><D134/><U72/><E72/><V50/><F39/><W46/><G129/><T31/><D126/><U78/><E78/><V4/><F127/><W2/><G2/><T86/><D77/><U11/><E124/><V104/><F108/><W59/><G111/><T22/><D38/><U99/><E109/><V130/><F130/><W71/><G100/><T118/><D37/><N who="1" m="21935" /><E114/><V97/><F105/><W24/><G71/><T44/><D44/><U66/><E66/><V20/><REACH who="2" step="1"/><F79/><REACH who="2" ten="260,260,250,220" step="2"/><W29/><G76/><T43/><D118/><U128/><E128/><V18/><AGARI ba="1,1" hai="4,10,12,18,20,26,48,49,50,69,70,97,102,104" machi="18" ten="30,7900,0" yaku="1,1,2,1,0,1,52,1,53,0" doraHai="13" doraHaiUra="74" who="2" fromWho="2" sc="260,-40,260,-21,250,92,220,-21" /><INIT seed="1,0,0,1,1,26" ten="220,239,342,199" oya="1" hai0="62,10,0,7,66,117,93,63,80,54,57,46,3" hai1="96,88,5,11,77,6,122,32,17,33,91,100,76" hai2="44,24,118,99,112,68,74,134,52,22,110,58,64" hai3="47,43,39,119,9,129,121,135,107,37,8,85,53"/><U61/><E122/><V49/><F118/><W20/><G107/><T18/><D117/><U15/><E33/><V12/><F110/><W133/><G119/><T84/><D93/><N who="1" m="58383" /><E32/><V50/><F68/><W123/><G20/><T31/><D18/><U67/><E67/><V40/><F74/><W60/><G85/><T45/><D3/><U104/><E61/><V16/><F134/><N who="3" m="51211" /><G9/><T75/><D75/><U81/><E104/><V21/><F112/><W87/><G8/><T114/><D114/><U128/><E128/><V38/><F99/><W48/><G87/><T56/><REACH who="0" step="1"/><D31/><REACH who="0" ten="210,239,342,199" step="2"/><U101/><E6/><V120/><F120/><N who="3" m="46155" /><G129/><T29/><D29/><U105/><E105/><V51/><F64/><W1/><G1/><T83/><D83/><U55/><E5/><V109/><F109/><W89/><G89/><AGARI ba="0,1" hai="0,7,10,45,46,54,56,57,62,63,66,80,84,89" machi="89" ten="30,2000,0" yaku="1,1,7,1,53,0" doraHai="26" doraHaiUra="102" who="0" fromWho="3" sc="210,30,239,0,342,0,199,-20" /><INIT seed="2,0,0,4,2,62" ten="240,239,342,179" oya="2" hai0="47,38,3,130,60,135,6,112,10,124,82,66,71" hai1="120,28,56,111,86,53,97,33,14,52,18,50,88" hai2="40,93,5,55,125,48,109,7,24,92,118,107,27" hai3="99,102,85,134,126,29,37,61,87,23,64,44,16"/><V49/><F118/><W34/><G134/><T127/><D112/><U26/><E120/><V83/><F107/><W115/><G115/><T110/><D135/><U128/><E128/><V68/><F68/><W95/><G126/><N who="0" m="48171" /><D130/><U98/><E111/><V75/><F125/><W54/><G34/><T32/><D32/><U30/><E30/><V113/><F109/><W39/><G29/><T63/><D110/><U78/><E78/><V101/><F113/><W77/><G39/><T116/><D116/><U59/><E59/><V2/><F2/><W100/><G102/><T8/><D8/><U22/><E53/><V17/><F101/><W91/><G77/><T57/><D82/><AGARI ba="0,0" hai="14,18,22,26,28,33,50,52,56,82,86,88,97,98" machi="82" ten="30,3900,0" yaku="7,1,54,2" doraHai="62" who="1" fromWho="0" sc="240,-39,239,39,342,0,179,0" /><INIT seed="3,0,0,0,0,96" ten="201,278,342,179" oya="3" hai0="63,24,35,66,29,126,19,99,50,104,72,87,1" hai1="12,25,30,48,62,33,118,73,82,88,41,54,76" hai2="115,47,89,8,134,31,79,78,103,20,97,43,18" hai3="111,71,7,83,23,70,6,15,94,65,2,27,56"/><W120/><G120/><T51/><D72/><U106/><E106/><V58/><F115/><W39/><G39/><T44/><D126/><U0/><E0/><V75/><F75/><W57/><G2/><T22/><D1/><U121/><E121/><V34/><F34/><W133/><G133/><T98/><D87/><U135/><E135/><V21/><F134/><W14/><G111/><T92/><D104/><U55/><E118/><V114/><F114/><W95/><G83/><T129/><D129/><U100/><E100/><V132/><F132/><W117/><G117/><T101/><D99/><U11/><E62/><V60/><F8/><W110/><G110/><T130/><D130/><U61/><E61/><V69/><F69/><W81/><G81/><T90/><D90/><U113/><E113/><V46/><F46/><W28/><G65/><T49/><D44/><U125/><E125/><V16/><F89/><W37/><G37/><T102/><D101/><U93/><E48/><V42/><F31/><W128/><G128/><T122/><D122/><U85/><REACH who="1" step="1"/><E41/><REACH who="1" ten="201,268,342,179" step="2"/><V17/><F43/><W109/><G109/><T105/><D105/><U26/><E26/><V52/><F42/><W40/><G40/><T108/><D108/><U5/><AGARI ba="0,1" hai="5,11,12,25,30,33,54,55,73,76,82,85,88,93" machi="5" ten="20,8000,1" yaku="1,1,0,1,7,1,54,1,53,1" doraHai="96" doraHaiUra="9" who="1" fromWho="1" sc="201,-20,268,90,342,-20,179,-40" owari="181,-22.0,358,46.0,322,12.0,139,-36.0" /></mjloggm>