<mjloggm ver="2.3"><GO type="41"/><UN n0="%77%61%6B%61%33" n1="%45%72%6F%67%65%6E%61%64" n2="%E3%83%9D%E3%83%B3%E5%A4%AA" n3="%EF%BC%88%E2%89%A7%E2%96%BD%E2%89%A6%EF%BC%89" dan="13,13,14,15" rate="1863,1974,1875,2002" sx="M,M,M,M"/><TAIKYOKU oya="0"/><INIT seed="0,0,0,3,5,60" ten="250,250,250,250" oya="0" hai0="4,112,125,121,30,106,94,8,128,80,72,83,23" hai1="126,70,86,97,1,48,35,21,54,135,81,110,14" hai2="51,67,33,107,127,45,73,76,18,82,108,41,61" hai3="20,123,36,42,25,91,68,17,85,124,117,96,64"/><T100/><D121/><U19/><E35/><V7/><F107/><W65/><G117/><T133/><D112/><U27/><E1/><V130/><F33/><W47/><G124/><T9/><D125/><U134/><E110/><V3/><F127/><W116/><G116/><T38/><D133/><U26/><E126/><V77/><F77/><W29/><G123/><T87/><D38/><U98/><E70/><V132/><F108/><W44/><G68/><T105/><D8/><U24/><E134/><V40/><F132/><W75/><G75/><T57/><D128/><U37/><E37/><V49/><F130/><W71/><G71/><T11/><D11/><U58/><REACH who="1" step="1"/><E135/><REACH who="1" step="2"/><V10/><F18/><W34/><G47/><T115/><D115/><U109/><E109/><V55/><F49/><W43/><G42/><T129/><D129/><U122/><E122/><V104/><F104/><W66/><G96/><T95/><D106/><U15/><E15/><V84/><F73/><W22/><REACH who="3" step="1"/><G17/><REACH who="3" step="2"/><T88/><D72/><U56/><E56/><AGARI ba="0,2" hai="3,7,10,40,41,45,51,55,56,61,67,76,82,84" machi="56" ten="30,2000,0" yaku="7,1,52,1" doraHai="60" who="2" fromWho="1" sc="250,0,240,-20,250,40,240,0" /><INIT seed="1,0,0,0,1,24" ten="250,220,290,240" oya="1" hai0="112,64,71,108,119,131,135,78,125,55,41,52,120" hai1="23,110,122,7,134,32,68,27,2,67,6,121,96" hai2="14,0,33,72,100,4,61,15,63,60,50,9,133" hai3="90,99,40,28,95,118,79,111,123,87,80,13,97"/><U37/><E37/><V73/><F33/><W20/><G123/><T127/><D78/><U57/><E68/><V48/><F100/><W22/><G118/><T98/><D98/><U107/><E134/><V38/><F38/><W3/><G3/><T16/><D41/><U102/><E32/><V70/><F70/><W84/><G111/><T91/><D91/><U69/><E110/><V128/><F133/><W65/><G65/><T36/><D64/><U56/><E69/><V81/><F128/><W76/><G40/><T58/><D58/><U115/><E115/><V105/><F105/><W83/><G13/><T103/><D55/><U86/><E86/><V44/><F50/><W35/><REACH who="3" step="1"/><G97/><REACH who="3" step="2"/><T109/><D108/><U45/><E2/><V34/><F0/><W25/><AGARI ba="0,1" hai="20,22,25,28,35,76,79,80,83,84,87,90,95,99" machi="25" ten="30,12000,2" yaku="1,1,2,1,0,1,9,1,52,1,53,1" doraHai="24" doraHaiUra="88" who="3" fromWho="3" sc="250,-30,220,-60,290,-30,230,130" /><INIT seed="2,0,0,2,3,39" ten="220,160,260,360" oya="2" hai0="45,85,49,67,24,133,18,114,98,78,31,132,121" hai1="107,73,89,112,40,37,19,1,72,2,9,41,15" hai2="62,117,35,83,108,134,66,38,36,87,61,4,124" hai3="10,28,92,100,111,25,76,119,64,58,130,23,8"/><V90/><F117/><W113/><G113/><T102/><D114/><U91/><E112/><V26/><F124/><W21/><G119/><T17/><D121/><U0/><E107/><V74/><F134/><N who="0" m="51818" /><D67/><U75/><REACH who="1" step="1"/><E37/><REACH who="1" step="2"/><V93/><F38/><W42/><G130/><T46/><D78/><U60/><E60/><V99/><F36/><W95/><G111/><T96/><D98/><U5/><E5/><V81/><F108/><W104/><G104/><T103/><D96/><U118/><E118/><V44/><F4/><W32/><G64/><T29/><D103/><U52/><E52/><V135/><F62/><W97/><G97/><T14/><D102/><U126/><E126/><V69/><F135/><W53/><G100/><T13/><D49/><U68/><E68/><V128/><F128/><W47/><G53/><T77/><D77/><U6/><E6/><V129/><F129/><W123/><G76/><T105/><D105/><U125/><E125/><V27/><F99/><W55/><G55/><T79/><D79/><U86/><E86/><V7/><F7/><W54/><G54/><T33/><D85/><U63/><E63/><V56/><F69/><W30/><G123/><T12/><D46/><U109/><E109/><V20/><F44/><W50/><G47/><T65/><D65/><U34/><E34/><V57/><F74/><W82/><G50/><T80/><D45/><U94/><E94/><V16/><F57/><W43/><G58/><T120/><D120/><U59/><E59/><V116/><F116/><W115/><G115/><T131/><D131/><U70/><E70/><RYUUKYOKU ba="0,1" sc="220,-15,150,15,260,15,360,-15" hai1="0,1,2,9,15,19,40,41,72,73,75,89,91" hai2="16,20,26,27,35,56,61,66,81,83,87,90,93" /><INIT seed="2,1,1,2,1,0" ten="205,165,275,345" oya="2" hai0="135,32,70,98,54,37,44,83,100,1,14,71,89" hai1="9,65,15,35,64,126,6,121,97,46,19,102,31" hai2="53,51,73,101,109,81,49,21,39,55,107,124,106" hai3="72,45,66,68,110,10,85,69,29,43,27,40,77"/><V95/><F39/><W38/><G110/><T94/><D135/><U74/><E74/><V48/><F109/><W50/><G72/><T134/><D134/><U78/><E78/><V122/><F122/><W58/><G10/><T125/><D1/><U129/><E126/><V128/><F124/><W90/><G77/><T3/><D3/><U82/><E129/><V84/><F73/><W28/><G43/><T56/><D125/><U123/><E82/><V41/><F41/><W8/><G8/><T116/><D116/><U52/><E19/><V22/><F106/><W80/><G68/><T26/><D14/><U36/><E31/><V99/><F107/><W61/><REACH who="3" step="1"/><G27/><REACH who="3" step="2"/><T62/><D70/><U18/><E9/><V20/><REACH who="2" step="1"/><F128/><REACH who="2" step="2"/><W59/><G59/><T33/><D37/><U13/><E36/><V57/><F57/><W86/><G86/><T96/><D56/><U105/><E121/><V2/><F2/><W127/><G127/><T87/><D71/><U112/><E123/><V42/><F42/><W60/><G60/><T34/><D62/><U108/><E108/><V76/><AGARI ba="1,3" hai="20,21,22,48,49,51,53,55,76,81,84,95,99,101" machi="76" ten="30,6000,0" yaku="1,1,0,1,8,1,53,0" doraHai="0" doraHaiUra="24" who="2" fromWho="2" sc="205,-21,165,-21,265,93,335,-21" /><INIT seed="2,2,0,5,4,92" ten="184,144,358,314" oya="2" hai0="86,95,14,67,57,40,1,116,4,81,65,51,26" hai1="61,131,74,30,55,110,115,39,119,34,63,125,48" hai2="85,91,108,114,107,111,66,68,60,9,135,28,78" hai3="124,96,47,22,38,35,49,13,20,53,12,72,19"/><V97/><F114/><W122/><G122/><T23/><D1/><U44/><E74/><V37/><F37/><W103/><G124/><T123/><D123/><U18/><E18/><V33/><F9/><W62/><G72/><T25/><D116/><U133/><E30/><V113/><F78/><W77/><G77/><T71/><D71/><U89/><E89/><V101/><F113/><W56/><G35/><T132/><D132/><U16/><E16/><V54/><F54/><W120/><G120/><T130/><D130/><U21/><E21/><V29/><F135/><W50/><G38/><T80/><D80/><U79/><E79/><V41/><F41/><W43/><G50/><T99/><D26/><U36/><E34/><V6/><F6/><W64/><G43/><T0/><D0/><U128/><E115/><V10/><F10/><W134/><G134/><T100/><D4/><U42/><E119/><V117/><F117/><W31/><G31/><T121/><D14/><U52/><E125/><V127/><F127/><W15/><REACH who="3" step="1"/><G22/><REACH who="3" step="2"/><T27/><D121/><U58/><E133/><V129/><F129/><N who="1" m="49737" /><E110/><N who="2" m="42027" /><F33/><W75/><G75/><T2/><D2/><U98/><E39/><V83/><AGARI ba="2,1" hai="28,29,60,66,68,83,85,91,97,101,107" m="42027" machi="83" ten="30,6000,0" yaku="14,1,10,1,52,1" doraHai="92" who="2" fromWho="2" sc="184,-22,144,-22,358,76,304,-22" /><INIT seed="2,3,0,3,1,59" ten="162,122,434,282" oya="2" hai0="43,97,92,94,17,120,61,78,23,49,127,134,28" hai1="88,64,84,37,60,29,100,15,16,48,75,93,74" hai2="21,20,51,121,19,25,116,58,31,70,30,108,40" hai3="103,126,0,125,68,13,14,4,6,44,111,102,22"/><V123/><F116/><W105/><G68/><T62/><D120/><U95/><E37/><V66/><F108/><W99/><G111/><T9/><D127/><N who="3" m="48649" /><G103/><T69/><D69/><U133/><E133/><V115/><F115/><W34/><G34/><T73/><D134/><U38/><E38/><V119/><F119/><W11/><G4/><T54/><D43/><U3/><E3/><V124/><F124/><W63/><G44/><T5/><D28/><U79/><E29/><V39/><F31/><W81/><G81/><T98/><D78/><U18/><E48/><V130/><F130/><W122/><G122/><T101/><D73/><U36/><E36/><V128/><F128/><W7/><G7/><T33/><D33/><U41/><E41/><V129/><F129/><W53/><G22/><T26/><D9/><N who="1" m="6255" /><E74/><V2/><F2/><W77/><G77/><T90/><D5/><U10/><E75/><V91/><F39/><W106/><G106/><T71/><D71/><U12/><E100/><V72/><F72/><W35/><G35/><T112/><D112/><U82/><E79/><V131/><F131/><W1/><G1/><T89/><D101/><U117/><E117/><V42/><F91/><W52/><G53/><T27/><D26/><U113/><E113/><V47/><F70/><W57/><AGARI ba="3,0" hai="0,6,11,13,14,52,57,63,99,102,105" m="48649" machi="57" ten="30,4000,0" yaku="18,1,52,1,54,1" doraHai="59" who="3" fromWho="3" sc="162,-13,122,-13,434,-23,282,49" /><INIT seed="3,0,0,5,1,48" ten="149,109,411,331" oya="3" hai0="22,0,70,16,39,52,45,100,49,130,113,86,55" hai1="110,94,18,114,54,33,56,51,25,98,66,8,44" hai2="121,38,115,109,31,112,92,46,78,68,58,105,13" hai3="53,81,24,85,102,36,4,30,88,50,7,43,95"/><W72/><G36/><T118/><D118/><U67/><E110/><V77/><F109/><W12/><G43/><T11/><D130/><U29/><E114/><V96/><F105/><W63/><G63/><T122/><D122/><U116/><E116/><V117/><F68/><W89/><G102/><T47/><D113/><U23/><E8/><V91/><F117/><W132/><G132/><T28/><D70/><U65/><E33/><V90/><F31/><W27/><G72/><T61/><D100/><U124/><E124/><V15/><F38/><W32/><G27/><T10/><D28/><U119/><E119/><V76/><F121/><W57/><REACH who="3" step="1"/><G12/><REACH who="3" step="2"/><T126/><D39/><U64/><E64/><V125/><F15/><W97/><AGARI ba="0,1" hai="4,7,24,30,32,50,53,57,81,85,88,89,95,97" machi="97" ten="20,24000,3" yaku="1,1,2,1,0,1,7,1,52,1,54,1,53,2" doraHai="48" doraHaiUra="1" who="3" fromWho="3" sc="149,-80,109,-80,411,-80,321,250" /><INIT seed="3,1,0,5,2,50" ten="69,29,331,571" oya="3" hai0="22,91,75,31,126,109,44,76,108,87,2,33,28" hai1="13,19,106,5,37,36,24,89,113,53,56,85,84" hai2="90,12,83,98,111,18,72,45,7,51,110,25,94" hai3="29,8,3,41,121,92,78,135,133,99,47,122,88"/><W34/><G78/><T32/><D75/><U39/><E113/><V1/><F1/><W23/><G34/><T30/><D76/><U134/><E106/><V127/><F7/><N who="3" m="1151" /><G23/><T42/><D126/><U40/><E134/><N who="3" m="51210" /><G29/><T15/><D2/><U46/><E5/><V132/><F132/><W77/><G77/><T58/><D58/><U66/><E66/><V79/><F25/><W101/><G101/><T95/><D15/><U38/><E24/><V82/><F127/><W59/><G59/><T118/><D22/><U61/><REACH who="1" step="1"/><E89/><REACH who="1" step="2"/><N who="2" m="55631" /><F110/><N who="0" m="42602" /><D118/><U93/><E93/><V103/><F90/><W4/><G4/><T129/><D129/><U105/><E105/><V10/><F111/><W128/><G128/><T21/><D21/><AGARI ba="1,1" hai="13,19,21,36,37,38,39,40,46,53,56,61,84,85" machi="21" ten="40,2600,0" yaku="1,1,52,1,53,0" doraHai="50" doraHaiUra="123" who="1" fromWho="0" sc="69,-29,19,39,331,0,571,0" /><INIT seed="4,0,0,0,0,121" ten="40,58,331,571" oya="0" hai0="112,119,118,114,15,2,105,67,23,48,43,32,90" hai1="76,80,25,64,1,16,19,125,66,65,98,86,27" hai2="26,38,120,14,128,96,35,69,97,24,12,44,84" hai3="42,62,21,111,33,117,109,71,18,95,126,73,68"/><T122/><D105/><U133/><E1/><V31/><F69/><W11/><G33/><T110/><D67/><U13/><E133/><V49/><F38/><W108/><G117/><N who="0" m="44555" /><D43/><U75/><E125/><V82/><F26/><N who="1" m="9737" /><E75/><V28/><F28/><W116/><G116/><T58/><D58/><U91/><E13/><V55/><F120/><W102/><G42/><T45/><D45/><U34/><E34/><V104/><F128/><W101/><G73/><T8/><D48/><U50/><E50/><V130/><F130/><W59/><G126/><T39/><D39/><U72/><E72/><V92/><F104/><W4/><G95/><AGARI ba="0,0" hai="16,19,64,65,66,76,80,86,91,95,98" m="9737" machi="95" ten="30,2000,0" yaku="8,1,54,1" doraHai="121" who="1" fromWho="3" sc="40,0,58,20,331,0,571,-20" /><INIT seed="5,0,0,0,2,82" ten="40,78,331,551" oya="1" hai0="4,92,117,5,67,93,10,119,84,64,71,11,26" hai1="77,56,101,34,106,108,29,52,80,24,57,41,28" hai2="103,102,20,135,120,113,53,97,39,48,111,66,79" hai3="35,133,78,109,18,132,51,7,32,114,98,122,100"/><U107/><E108/><V126/><F39/><W1/><G122/><T83/><D83/><U45/><E57/><V59/><F111/><W49/><G78/><T69/><REACH who="0" step="1"/><D26/><REACH who="0" step="2"/><U86/><E28/><V44/><F120/><W85/><G109/><T73/><D73/><U54/><E101/><V94/><F103/><W47/><G100/><T13/><D13/><U74/><E74/><V75/><F75/><W95/><G1/><T123/><D123/><U125/><E125/><V112/><F102/><W99/><G95/><T116/><D116/><U134/><E134/><V96/><F94/><W89/><G132/><T104/><D104/><U31/><E31/><V22/><F135/><W58/><G133/><T3/><D3/><U76/><E76/><V70/><F79/><W36/><G89/><T91/><D91/><U130/><E130/><V23/><F126/><W81/><G81/><T16/><D16/><U0/><E0/><V9/><F113/><W12/><G18/><T8/><D8/><U15/><E15/><V30/><F30/><W46/><G12/><T38/><D38/><U62/><E54/><V118/><F118/><W129/><G36/><AGARI ba="0,1" hai="24,29,34,36,41,45,52,56,62,77,80,86,106,107" machi="36" ten="30,5800,0" yaku="7,1,52,1,54,1" doraHai="82" who="1" fromWho="3" sc="30,0,78,68,331,0,551,-58" /><INIT seed="5,1,0,1,0,62" ten="30,146,331,493" oya="1" hai0="33,72,116,14,108,7,105,15,60,42,103,57,99" hai1="135,127,27,90,59,96,106,24,11,0,74,71,28" hai2="46,84,23,115,101,45,36,81,128,70,17,78,133" hai3="35,123,1,100,89,63,80,13,18,50,76,34,67"/><U98/><E74/><V86/><F133/><W111/><G123/><T9/><D116/><U58/><E71/><V31/><F128/><W3/><G111/><T32/><D108/><U38/><E38/><V56/><F70/><W125/><G125/><T55/><D72/><U134/><E127/><V97/><F36/><W29/><G100/><T47/><D15/><U69/><E69/><V51/><F31/><W126/><G126/><T107/><D105/><U85/><E0/><V20/><F115/><W87/><G35/><T22/><D22/><U49/><E11/><V8/><F8/><W92/><G50/><T44/><D44/><U52/><E59/><V95/><F84/><W10/><G29/><T43/><REACH who="0" step="1"/><D42/><REACH who="0" step="2"/><U19/><E106/><V64/><F23/><W122/><G34/><T40/><D40/><U132/><E28/><V37/><F46/><W16/><G122/><T73/><D73/><U94/><E27/><V21/><F21/><AGARI ba="1,1" hai="19,21,24,49,52,58,85,90,94,96,98,132,134,135" machi="21" ten="40,3900,0" yaku="20,1,54,1" doraHai="62" who="1" fromWho="2" sc="20,0,146,52,331,-42,493,0" /><INIT seed="5,2,0,1,4,20" ten="20,198,289,493" oya="1" hai0="38,105,61,115,1,7,54,76,94,12,67,22,29" hai1="125,65,36,11,51,8,102,132,129,68,63,16,49" hai2="6,99,17,84,113,106,75,109,97,21,133,122,43" hai3="41,47,42,120,98,0,89,79,78,37,93,23,34"/><U2/><E36/><V24/><F75/><W88/><G120/><T35/><D105/><U69/><E129/><V13/><F109/><W96/><G34/><T9/><D38/><U70/><E132/><V44/><F122/><W40/><G0/><T134/><D76/><N who="3" m="29225" /><G37/><T18/><D134/><U90/><E125/><V66/><F133/><W55/><G23/><T48/><D94/><U15/><E102/><V85/><F66/><W127/><G127/><T118/><D118/><U59/><REACH who="1" step="1"/><E90/><REACH who="1" step="2"/><V126/><F126/><W119/><G89/><T31/><D115/><U101/><E101/><V26/><F113/><W110/><G88/><T71/><REACH who="0" step="1"/><D35/><REACH who="0" step="2"/><U131/><E131/><V124/><F124/><W128/><G128/><T64/><D64/><U77/><E77/><V116/><F116/><W80/><G119/><T19/><D19/><U5/><AGARI ba="2,2" hai="2,5,8,11,15,16,49,51,59,63,65,68,69,70" machi="5" ten="40,7800,0" yaku="1,1,0,1,54,1,53,0" doraHai="20" doraHaiUra="83" who="1" fromWho="1" sc="10,-28,188,104,289,-28,493,-28" owari="-18,-52.0,292,9.0,261,-14.0,465,57.0" /></mjloggm>