<mjloggm ver="2.3"><GO type="169"/><UN n0="%6B%6F%68%73%68%69" n1="%E5%8F%AF%E7%87%83%E6%80%A7%E9%AB%98%E5%9C%A7%E3%82%AC%E3%82%B9" n2="%E9%AB%98%E7%94%BA%E3%83%B4%E3%82%A3%E3%83%B4%E3%82%A3%E3%82%AA%E2%98%86" n3="%EF%BC%88%E2%89%A7%E2%96%BD%E2%89%A6%EF%BC%89" dan="16,16,16,16" rate="2038,2058,2034,2079" sx="M,M,M,M"/><TAIKYOKU oya="0"/><INIT seed="0,0,0,0,3,19" ten="250,250,250,250" oya="0" hai0="61,99,106,117,92,2,13,31,79,112,8,17,26" hai1="40,25,87,50,113,65,86,4,82,132,76,42,74" hai2="41,85,105,83,5,34,64,22,51,55,91,63,100" hai3="122,7,75,18,14,37,111,97,108,130,84,72,59"/><T94/><D117/><U102/><E132/><V96/><F34/><W38/><G122/><T89/><D112/><U60/><E113/><V110/><F110/><N who="3" m="42027" /><G130/><T95/><D79/><U28/><E4/><V24/><F5/><W49/><G7/><T73/><D73/><N who="3" m="28233" /><G97/><T90/><D2/><U98/><E50/><V20/><F41/><W0/><G0/><T10/><D10/><U71/><E86/><V103/><F103/><W114/><G114/><T54/><D106/><U128/><E74/><V57/><REACH who="2" step="1"/><F24/><REACH who="2" ten="250,250,240,250" step="2"/><W80/><G38/><T46/><D99/><U44/><E128/><V135/><F135/><W109/><G37/><T133/><D133/><U58/><E44/><AGARI ba="0,1" hai="20,22,44,51,55,57,63,64,83,85,91,96,100,105" machi="44" ten="30,7700,0" yaku="1,1,7,1,52,2,53,0" doraHai="19" doraHaiUra="107" who="2" fromWho="1" sc="250,0,250,-77,240,87,250,0" /><INIT seed="1,0,0,1,3,103" ten="250,173,327,250" oya="1" hai0="8,51,19,54,89,78,68,12,27,0,64,73,126" hai1="105,40,10,56,104,1,134,43,24,107,95,53,30" hai2="25,48,9,97,42,67,99,17,57,119,96,76,65" hai3="38,100,23,39,111,52,91,83,123,101,63,7,128"/><U86/><E134/><V14/><F119/><W115/><G123/><T37/><D37/><U80/><E95/><V114/><F114/><W69/><G115/><T87/><D0/><U61/><E10/><V112/><F112/><W6/><G128/><T62/><D126/><U3/><E3/><V71/><F71/><W130/><G130/><T84/><D73/><U98/><E98/><V77/><F25/><W13/><G111/><T29/><D78/><N who="2" m="30314" /><F42/><W22/><G69/><T117/><D89/><U33/><REACH who="1" step="1"/><E1/><REACH who="1" ten="250,163,327,250" step="2"/><V4/><F99/><W122/><G122/><T131/><D131/><U102/><E102/><V41/><F97/><W11/><G101/><T55/><D117/><U44/><E44/><V35/><F96/><W129/><G100/><T2/><D2/><U74/><E74/><V108/><F9/><W94/><G129/><T106/><D106/><U118/><E118/><V85/><F108/><W72/><G72/><T58/><REACH who="0" step="1"/><D55/><REACH who="0" ten="240,163,327,250" step="2"/><U88/><AGARI ba="0,2" hai="24,30,33,40,43,53,56,61,80,86,88,104,105,107" machi="88" ten="30,18000,2" yaku="1,1,0,1,52,3,54,1,53,0" doraHai="103" doraHaiUra="45" who="1" fromWho="1" sc="240,-60,163,200,327,-60,250,-60" /><INIT seed="1,1,0,2,4,49" ten="180,363,267,190" oya="1" hai0="113,57,116,46,70,108,75,9,101,59,47,8,0" hai1="118,4,107,40,43,20,84,27,120,64,2,71,22" hai2="97,30,18,15,21,32,127,78,121,95,19,42,81" hai3="99,131,130,80,89,87,73,123,135,48,11,91,54"/><U114/><E120/><V129/><F121/><W133/><G123/><T50/><D70/><U82/><E118/><V37/><F127/><W66/><G66/><T72/><D116/><U109/><E107/><V88/><F129/><W56/><G73/><T55/><D113/><U34/><E114/><V16/><F37/><W105/><G11/><T92/><D108/><U124/><E34/><V94/><F42/><W45/><G45/><T33/><D33/><U76/><E124/><V122/><F95/><N who="3" m="56831" /><G105/><T68/><D68/><U128/><E22/><V102/><F102/><W117/><G117/><T3/><D92/><U134/><E128/><AGARI ba="1,0" hai="48,54,56,80,87,89,128,130,131,133,135" m="56831" machi="128" ten="30,2000,0" yaku="19,1,52,1" doraHai="49" who="3" fromWho="1" sc="180,0,363,-23,267,0,190,23" /><INIT seed="2,0,0,0,0,66" ten="180,340,267,213" oya="2" hai0="118,83,85,49,102,105,23,10,56,61,20,104,32" hai1="72,133,91,129,74,41,111,113,127,76,47,58,78" hai2="132,51,116,12,93,11,95,59,13,63,86,43,84" hai3="33,126,64,21,90,96,42,6,0,35,1,54,97"/><V135/><F116/><W46/><G126/><T68/><D32/><U38/><E113/><V114/><F43/><W75/><G75/><T36/><D36/><U124/><E133/><N who="2" m="51275" /><F51/><W14/><G64/><T29/><D118/><U88/><E129/><V26/><F26/><W70/><G0/><T112/><D112/><U44/><E58/><V81/><F13/><W101/><G1/><T128/><D128/><U110/><E41/><V106/><F106/><W39/><G35/><T3/><D102/><U17/><E17/><N who="2" m="8351" /><F86/><W27/><G33/><T53/><D3/><U25/><E25/><V4/><F4/><W9/><G27/><T67/><D10/><U37/><AGARI ba="0,0" hai="37,38,44,47,72,74,76,78,88,91,110,111,124,127" machi="37" ten="25,6400,0" yaku="0,1,22,2,54,1" doraHai="66" who="1" fromWho="1" sc="180,-16,340,64,267,-32,213,-16" /><INIT seed="3,0,0,2,4,60" ten="164,404,235,197" oya="3" hai0="127,41,89,22,15,28,45,96,133,50,103,115,86" hai1="24,46,62,56,78,64,98,58,107,76,129,106,19" hai2="124,82,5,80,18,134,121,94,34,16,88,43,123" hai3="81,38,57,23,52,87,109,8,71,7,4,74,55"/><W32/><G32/><T131/><D127/><U93/><E129/><V120/><F124/><W66/><G38/><T53/><D131/><U70/><E107/><V61/><F34/><W31/><G74/><T112/><D133/><U25/><E106/><V54/><F43/><W119/><G119/><T114/><D28/><U39/><E70/><V92/><F92/><W126/><G126/><T20/><D15/><U135/><E135/><V130/><F5/><W75/><G75/><T122/><D122/><U85/><E58/><N who="2" m="35031" /><F134/><W47/><G109/><T72/><D72/><U3/><E3/><V83/><F130/><W6/><G8/><T36/><D96/><AGARI ba="0,0" hai="16,18,80,82,83,88,94,96,120,121,123" m="35031" machi="96" ten="40,5200,0" yaku="13,1,54,2" doraHai="60" who="2" fromWho="0" sc="164,-52,404,0,235,52,197,0" /><INIT seed="4,0,0,4,0,80" ten="112,404,287,197" oya="0" hai0="6,105,58,23,26,76,44,113,59,15,124,81,35" hai1="73,102,115,94,62,14,45,129,128,91,56,42,99" hai2="78,79,33,30,18,43,111,10,101,72,19,70,103" hai3="119,92,125,122,50,117,17,88,109,123,37,47,107"/><T132/><D105/><U89/><E73/><V82/><F70/><W90/><G109/><T97/><D35/><U112/><E14/><V21/><F79/><W20/><G37/><T36/><D132/><U135/><E135/><V75/><F75/><W98/><G107/><T11/><D124/><U83/><E56/><V48/><F10/><W74/><G90/><N who="1" m="34314" /><E83/><V87/><F72/><W2/><G2/><T16/><D113/><N who="1" m="43595" /><E62/><V31/><F33/><W130/><G74/><T60/><D97/><U67/><E67/><V93/><F19/><W29/><G125/><T8/><D8/><U120/><E120/><N who="3" m="46122" /><G29/><N who="2" m="10761" /><F93/><W114/><G114/><T86/><REACH who="0" step="1"/><D60/><REACH who="0" ten="102,404,287,197" step="2"/><U71/><E99/><V51/><F111/><W32/><G32/><T38/><D38/><U40/><E129/><V22/><F22/><W53/><G130/><T54/><D54/><U55/><E55/><V34/><F34/><W41/><G53/><T100/><D100/><N who="2" m="38474" /><F43/><AGARI ba="0,1" hai="6,11,15,16,23,26,36,43,44,58,59,76,81,86" machi="43" ten="40,7700,0" yaku="1,1,52,1,54,1,53,0" doraHai="80" doraHaiUra="65" who="0" fromWho="2" sc="102,87,404,0,287,-77,197,0" /><INIT seed="4,1,0,2,5,118" ten="189,404,210,197" oya="0" hai0="4,103,0,88,76,131,123,28,68,109,87,6,2" hai1="133,65,84,58,55,104,22,74,13,115,25,42,14" hai2="121,31,45,95,111,37,20,53,116,114,56,83,27" hai3="82,15,40,72,135,97,67,35,43,1,132,99,61"/><T91/><D68/><U7/><E74/><V26/><F121/><W33/><G1/><T18/><D109/><U29/><E104/><V94/><F111/><W38/><G15/><T48/><D103/><U5/><E65/><V86/><F114/><W70/><G72/><T127/><D28/><U77/><E42/><N who="3" m="15914" /><G82/><T16/><D123/><U73/><E73/><V90/><F37/><W10/><G10/><T47/><D127/><U93/><E133/><N who="3" m="51274" /><G38/><T69/><D69/><U46/><E46/><V130/><F26/><W11/><G11/><T30/><D30/><U129/><E115/><V8/><F8/><W106/><G106/><T17/><D131/><U52/><E129/><V49/><F130/><W39/><G39/><T79/><D2/><U96/><E14/><V85/><F116/><W3/><G3/><T62/><D62/><U21/><E13/><V12/><F12/><W100/><G100/><T117/><D117/><U57/><E22/><V128/><F128/><W89/><G89/><T92/><D0/><U24/><E24/><V110/><F110/><W81/><G81/><T80/><D79/><U63/><E77/><N who="2" m="46319" /><F95/><W101/><G101/><T64/><D64/><U78/><E78/><V54/><F20/><W124/><G124/><T102/><D102/><N who="1" m="60687" /><E84/><V44/><F27/><W59/><G70/><T105/><D105/><U19/><E29/><V9/><F31/><W41/><G41/><N who="0" m="24687" /><D76/><U75/><E75/><V125/><F125/><W119/><G119/><T32/><D32/><AGARI ba="1,0" hai="32,33,35,59,61,67,97,99" m="51274,15914" machi="32" ten="30,1000,0" yaku="20,1" doraHai="118" who="3" fromWho="0" sc="189,-13,404,0,210,0,197,13" /><INIT seed="5,0,0,5,3,127" ten="176,404,210,210" oya="1" hai0="17,15,31,102,83,61,115,1,110,77,74,7,119" hai1="103,21,98,134,95,117,75,97,92,100,12,60,10" hai2="29,101,125,135,67,34,116,94,88,81,69,62,108" hai3="128,129,121,24,40,96,47,82,122,48,39,41,91"/><U11/><E117/><V111/><F116/><W87/><G24/><T79/><D119/><U130/><E75/><V6/><F125/><W113/><G113/><T126/><D110/><U76/><E76/><V14/><F135/><W107/><G107/><T4/><D126/><U26/><E134/><V20/><F34/><W118/><G118/><T37/><D37/><U16/><E130/><N who="3" m="50282" /><G96/><T63/><D1/><U42/><E42/><N who="3" m="16490" /><G39/><T52/><D102/><U27/><E60/><V84/><F29/><W46/><G46/><T19/><D31/><U58/><E58/><V30/><F30/><W23/><G23/><T28/><D28/><U59/><E59/><V45/><F45/><W2/><G2/><T86/><D115/><U109/><E109/><V44/><F44/><W22/><G22/><T68/><D68/><U55/><E55/><AGARI ba="0,0" hai="47,48,55,82,87,91,121,122" m="16490,50282" machi="55" ten="30,7700,0" yaku="19,1,52,3" doraHai="127" who="3" fromWho="1" sc="176,0,404,-77,210,0,210,77" /><INIT seed="6,0,0,4,5,5" ten="176,327,210,287" oya="2" hai0="126,61,69,43,66,131,100,88,85,42,39,78,134" hai1="122,36,21,105,111,58,34,71,50,24,106,72,81" hai2="32,15,118,84,63,96,13,20,14,37,74,97,133" hai3="130,11,10,109,99,29,60,120,56,70,113,65,41"/><V17/><F74/><W132/><G120/><T6/><D126/><U119/><E111/><V103/><F32/><W76/><G109/><T75/><D131/><U83/><E119/><V53/><F118/><W129/><G132/><T98/><D134/><U28/><E71/><V117/><F117/><W8/><G113/><T0/><D75/><U102/><E36/><V49/><F37/><W7/><G76/><T40/><D78/><U57/><E122/><V38/><F38/><W47/><G29/><T64/><D64/><U23/><E102/><V89/><F63/><W33/><G33/><T82/><D39/><U135/><E72/><V128/><F128/><N who="3" m="49259" /><G99/><T121/><D121/><U30/><E34/><V107/><F97/><W68/><G7/><T86/><D86/><U127/><E135/><V31/><F31/><W77/><G77/><T124/><D124/><U87/><E127/><V1/><F1/><W73/><G73/><T101/><REACH who="0" step="1"/><D98/><REACH who="0" ten="166,327,210,287" step="2"/><U45/><E87/><V125/><F125/><W62/><G62/><T115/><D115/><U4/><E50/><AGARI ba="0,1" hai="8,10,11,41,47,50,56,60,65,68,70" m="49259" machi="50" ten="30,7700,0" yaku="19,1,52,3" doraHai="5" who="3" fromWho="1" sc="166,0,327,-77,210,0,287,87" /><INIT seed="7,0,0,3,0,13" ten="166,250,210,374" oya="3" hai0="1,31,12,49,61,19,93,78,50,117,11,27,132" hai1="36,16,70,43,103,82,89,23,65,41,37,135,53" hai2="96,90,74,14,105,84,97,48,2,59,133,100,72" hai3="58,57,54,34,40,94,79,91,28,68,80,118,35"/><W113/><G68/><T119/><D132/><U102/><E135/><V131/><F2/><W21/><G40/><N who="1" m="15434" /><E37/><V24/><F133/><W87/><G34/><T128/><D128/><U17/><E36/><V8/><F24/><W47/><G35/><T109/><D109/><U52/><E70/><V20/><F20/><W15/><G47/><T99/><D78/><U33/><E33/><V101/><F131/><W56/><G21/><T55/><D1/><U111/><E65/><V110/><F110/><W66/><G66/><T104/><D104/><U106/><E106/><V46/><F59/><W114/><G79/><T7/><D119/><U62/><E111/><V18/><F97/><W76/><G57/><T29/><D117/><U45/><E62/><V30/><F101/><N who="1" m="38409" /><E45/><V60/><F60/><W69/><G69/><T0/><D61/><U126/><E126/><V83/><REACH who="2" step="1"/><F30/><REACH who="2" ten="166,250,200,374" step="2"/><W81/><G28/><T5/><D31/><U75/><E75/><V9/><F9/><W67/><G118/><T121/><D121/><U115/><E115/><V22/><F22/><W107/><G114/><T4/><D0/><U85/><E17/><V32/><F32/><W125/><G113/><T129/><D129/><U42/><E42/><AGARI ba="0,1" hai="8,14,18,42,46,48,72,74,83,84,90,96,100,105" machi="42" ten="30,7700,0" yaku="1,1,7,1,52,1,53,1" doraHai="13" doraHaiUra="44" who="2" fromWho="1" sc="166,0,250,-77,200,87,374,0" owari="166,-33.0,173,-23.0,287,9.0,374,47.0" /></mjloggm>