<mjloggm ver="2.3"><GO type="137"/><UN n0="%4E%6F%4D%6F%72%65" n1="%6F%6B%69%6D%75%72%61" n2="%EF%BC%88%E2%89%A7%E2%96%BD%E2%89%A6%EF%BC%89" n3="%E5%A4%A9%E9%87%8E%E4%BF%A1%E8%80%85" dan="11,12,12,12" rate="1533,1719,2007,1963" sx="M,M,M,M"/><TAIKYOKU oya="0"/><INIT seed="0,0,0,1,1,20" ten="250,250,250,250" oya="0" hai0="69,15,107,43,117,104,50,103,72,45,85,92,74" hai1="91,54,61,97,47,95,39,16,60,98,36,86,31" hai2="132,112,14,99,128,12,133,68,65,35,81,11,121" hai3="6,93,66,79,82,58,114,67,111,127,63,10,77"/><T105/><D117/><U84/><E31/><V83/><F121/><W28/><G127/><T129/><D69/><U102/><E36/><V51/><F112/><W116/><G116/><T3/><D3/><U4/><E39/><V37/><F37/><W94/><G114/><T80/><D129/><U22/><E4/><V73/><F128/><W90/><G111/><T5/><D5/><U126/><E126/><V118/><F118/><W34/><G34/><T122/><D122/><U25/><E60/><N who="2" m="39975" /><F35/><W7/><G7/><T26/><D15/><U119/><E119/><V21/><F99/><W108/><G108/><T52/><D43/><U18/><E18/><N who="2" m="10439" /><F51/><W135/><G135/><N who="2" m="51785" /><F73/><W64/><G93/><T71/><D71/><U70/><E70/><V48/><F48/><W78/><G82/><T33/><D33/><U40/><E40/><V59/><F59/><W88/><G90/><T30/><D103/><U49/><E61/><V2/><F2/><W1/><REACH who="3" step="1"/><G28/><REACH who="3" step="2"/><T106/><D92/><AGARI ba="0,1" hai="16,22,25,47,49,54,84,86,91,92,95,97,98,102" machi="92" ten="30,7700,0" yaku="7,1,8,1,52,1,54,1" doraHai="20" who="1" fromWho="0" sc="250,-77,250,87,250,0,240,0" /><INIT seed="1,0,0,3,5,102" ten="173,337,250,240" oya="1" hai0="47,64,118,1,53,9,135,19,70,133,7,43,44" hai1="117,110,65,50,54,107,2,92,13,93,89,5,22" hai2="128,12,66,106,49,15,122,40,83,35,16,111,18" hai3="96,20,48,130,132,17,134,57,121,90,38,23,97"/><U85/><E107/><V21/><F122/><W81/><G121/><T82/><D118/><U98/><E117/><V37/><F128/><W74/><G74/><T8/><D70/><U94/><E65/><V75/><F111/><W100/><G38/><T68/><D68/><U95/><E2/><V126/><F126/><W26/><G130/><T63/><D82/><U131/><E131/><V24/><F37/><W101/><G134/><T112/><D112/><U67/><E67/><V113/><F113/><W27/><G132/><N who="0" m="50763" /><D63/><U30/><E110/><V29/><F66/><W91/><G81/><T124/><D64/><U36/><E36/><V41/><F106/><W78/><G78/><T34/><D34/><U4/><E98/><V61/><F61/><W115/><G115/><T71/><D71/><U25/><REACH who="1" step="1"/><E13/><REACH who="1" step="2"/><V55/><F75/><W79/><G97/><T87/><D124/><U104/><E104/><V6/><F12/><W125/><G125/><T86/><D1/><U28/><E28/><V119/><F15/><W123/><G123/><T129/><D129/><U32/><E32/><V69/><F35/><W109/><G109/><T60/><D60/><U51/><E51/><V31/><F49/><W14/><G96/><T120/><D120/><U105/><E105/><V84/><F119/><W3/><G3/><T33/><D33/><U58/><AGARI ba="0,1" hai="4,5,22,25,30,50,54,58,85,89,92,93,94,95" machi="58" ten="30,6000,0" yaku="1,1,0,1,8,1,53,0" doraHai="102" doraHaiUra="42" who="1" fromWho="1" sc="173,-20,327,70,250,-20,240,-20" /><INIT seed="1,1,0,1,0,93" ten="153,397,230,220" oya="1" hai0="80,51,21,0,15,5,27,24,48,85,38,9,127" hai1="39,26,37,98,42,50,12,61,131,101,1,66,91" hai2="69,43,114,65,58,118,121,34,81,18,62,119,35" hai3="82,17,84,117,134,6,95,7,29,70,56,20,14"/><U104/><E1/><V8/><F121/><W125/><G117/><T130/><D38/><U68/><E131/><V36/><F114/><W133/><G70/><T100/><D130/><U3/><E3/><V28/><F81/><W111/><G111/><T78/><D127/><U108/><E108/><V107/><F18/><W106/><G106/><T64/><D64/><U75/><E75/><V105/><F58/><W32/><G125/><T112/><D112/><U120/><E120/><V30/><F30/><W40/><G40/><T86/><D86/><U23/><E12/><V45/><F8/><W94/><G32/><N who="2" m="12329" /><F28/><W33/><G29/><T122/><D122/><U57/><E91/><V83/><F83/><W90/><G33/><T52/><D0/><U19/><REACH who="1" step="1"/><E57/><REACH who="1" step="2"/><V2/><F2/><W4/><G56/><T25/><D100/><U92/><E92/><V49/><F107/><W79/><REACH who="3" step="1"/><G95/><REACH who="3" step="2"/><T71/><D71/><U59/><E59/><N who="2" m="37087" /><F105/><W88/><G88/><T11/><D11/><U126/><E126/><V22/><F69/><W89/><G89/><T73/><D73/><AGARI ba="1,2" hai="4,6,7,14,17,20,73,79,82,84,90,94,133,134" machi="73" ten="40,1300,0" yaku="1,1,53,0" doraHai="93" doraHaiUra="67" who="3" fromWho="0" sc="153,-16,387,0,230,0,210,36" /><INIT seed="2,0,0,3,2,45" ten="137,387,230,246" oya="2" hai0="57,29,3,35,92,93,12,18,15,17,77,27,54" hai1="61,4,89,110,112,31,84,114,44,74,39,134,123" hai2="50,73,0,75,108,25,14,63,125,53,120,81,42" hai3="118,79,2,107,117,82,121,80,10,88,28,70,36"/><V46/><F120/><W33/><G121/><T59/><D3/><U67/><E123/><V98/><F0/><W58/><G107/><T22/><D77/><U100/><E74/><V7/><F125/><W47/><G70/><T68/><D68/><U37/><E100/><V85/><F108/><W90/><G80/><T116/><D116/><U129/><E4/><V76/><F98/><W71/><G58/><T26/><D26/><U99/><E31/><V105/><F105/><W130/><G130/><T94/><REACH who="0" step="1"/><D54/><REACH who="0" step="2"/><U135/><E129/><V13/><F25/><W103/><G71/><T34/><D34/><U65/><E110/><V62/><F14/><W86/><G118/><T19/><D19/><U106/><E112/><V38/><F75/><W9/><G117/><T41/><D41/><U66/><E114/><V52/><F73/><W87/><G2/><T127/><D127/><U43/><E43/><V49/><F38/><W113/><G113/><T64/><D64/><U6/><E37/><V101/><F42/><W96/><G36/><T132/><D132/><U97/><E39/><V11/><REACH who="2" step="1"/><F101/><REACH who="2" step="2"/><W24/><G103/><T55/><D55/><U23/><E134/><V40/><F40/><W119/><G119/><T72/><D72/><U56/><E135/><V78/><F78/><W124/><G124/><T122/><D122/><U8/><E106/><V21/><F21/><AGARI ba="0,2" hai="12,15,17,18,21,22,27,29,35,57,59,92,93,94" machi="21" ten="40,5200,0" yaku="1,1,9,1,53,1" doraHai="45" doraHaiUra="20" who="0" fromWho="2" sc="127,72,387,0,220,-52,246,0" /><INIT seed="3,0,0,4,4,115" ten="199,387,168,246" oya="3" hai0="91,92,98,89,20,52,110,84,59,50,4,5,119" hai1="67,46,47,77,17,135,116,40,117,81,15,123,8" hai2="101,95,94,36,29,25,134,65,13,1,125,16,86" hai3="44,37,69,34,112,58,109,0,83,48,88,108,27"/><W102/><G112/><T87/><D110/><U70/><E123/><V10/><F36/><W124/><G69/><T11/><D119/><N who="1" m="45643" /><E135/><V22/><F134/><W133/><G133/><T74/><D74/><U49/><E47/><V32/><F125/><W80/><G124/><T66/><D66/><U54/><E70/><V73/><F73/><W71/><G71/><T85/><D11/><U60/><E60/><V26/><F65/><W97/><G37/><T62/><D50/><U33/><E33/><V105/><F86/><W53/><G0/><T99/><D99/><U45/><E67/><V107/><F1/><W6/><G44/><T7/><D89/><U76/><E81/><V96/><REACH who="2" step="1"/><F107/><REACH who="2" step="2"/><W14/><G109/><T56/><D56/><U100/><E100/><V104/><F104/><W121/><G108/><T114/><D114/><U64/><E64/><V78/><F78/><W75/><G75/><T129/><D129/><U38/><AGARI ba="0,1" hai="8,15,17,38,40,45,46,49,54,76,77" m="45643" machi="38" ten="30,7900,0" yaku="12,1,52,3" doraHai="115" who="1" fromWho="1" sc="199,-20,387,89,158,-20,246,-39" /><INIT seed="4,0,0,5,3,9" ten="179,476,138,207" oya="0" hai0="130,41,119,42,51,2,124,18,57,25,28,123,101" hai1="33,66,121,92,77,45,113,135,21,87,108,127,114" hai2="118,37,126,13,10,30,65,79,3,75,100,88,1" hai3="80,49,68,116,104,106,89,109,105,59,31,48,15"/><T17/><D123/><U71/><E33/><V132/><F37/><W86/><G116/><T110/><D124/><U111/><E21/><V4/><F126/><W133/><G68/><T58/><D130/><U82/><E45/><V38/><F118/><W78/><G109/><T128/><D128/><U85/><E71/><V83/><F132/><W22/><G133/><T90/><D119/><U43/><E43/><V19/><F38/><W72/><G59/><T84/><D2/><U63/><E66/><V134/><F134/><W53/><G53/><T94/><D110/><N who="1" m="42027" /><E63/><V67/><F100/><W8/><G22/><T20/><D101/><U103/><E135/><V36/><F36/><W64/><G64/><T69/><D69/><U107/><E127/><V7/><F30/><W131/><G131/><T122/><D122/><U62/><E62/><V93/><F1/><W55/><G55/><T97/><D97/><N who="1" m="61935" /><E121/><V52/><F52/><W129/><G129/><T115/><D115/><N who="1" m="44043" /><E92/><V125/><F125/><W16/><REACH who="3" step="1"/><G31/><REACH who="3" step="2"/><T26/><D58/><U99/><E99/><V29/><F29/><W6/><G6/><T70/><D70/><U98/><E98/><V27/><F7/><W74/><G74/><AGARI ba="0,1" hai="74,77,82,85,87" m="44043,61935,42027" machi="74" ten="30,7700,0" yaku="15,1,11,1,34,2" doraHai="9" who="1" fromWho="3" sc="179,0,476,87,138,0,197,-77" /><INIT seed="5,0,0,1,2,73" ten="179,563,138,120" oya="1" hai0="109,132,18,38,47,14,31,131,77,28,6,135,62" hai1="115,42,61,72,126,127,114,37,7,36,58,116,34" hai2="97,125,103,129,119,111,43,16,122,35,11,80,48" hai3="76,56,123,87,117,94,22,128,53,133,25,107,96"/><U88/><E72/><V39/><F35/><W45/><G133/><N who="0" m="51275" /><D109/><U83/><E34/><V40/><F122/><W89/><G128/><T90/><D38/><U70/><E7/><V124/><F119/><W26/><G123/><T93/><D131/><U21/><E21/><V95/><F129/><W23/><G117/><T32/><D47/><U59/><E83/><V85/><F39/><N who="1" m="14921" /><E88/><N who="2" m="51239" /><F111/><W130/><G107/><T19/><D62/><U120/><E120/><V52/><F125/><N who="1" m="47625" /><E116/><V30/><F30/><W17/><G130/><T27/><D93/><U0/><E0/><V46/><F124/><W105/><G45/><T24/><D90/><U121/><E121/><V41/><F41/><W100/><G105/><T29/><D77/><U57/><E42/><V86/><F86/><W98/><G76/><T74/><D74/><U65/><AGARI ba="0,0" hai="57,58,59,61,65,70,114,115" m="47625,14921" machi="65" ten="40,7800,0" yaku="18,1,34,2" doraHai="73" who="1" fromWho="1" sc="179,-26,563,78,138,-26,120,-26" /><INIT seed="5,1,0,4,1,95" ten="153,641,112,94" oya="1" hai0="50,130,75,101,23,69,77,58,97,80,78,118,61" hai1="60,116,51,48,16,32,11,37,29,84,100,91,59" hai2="26,46,31,42,76,72,85,30,108,18,125,40,99" hai3="54,35,28,39,120,114,86,129,0,89,102,67,3"/><U49/><E37/><V56/><F108/><W131/><G120/><T119/><D130/><U122/><E122/><V68/><F125/><W73/><G73/><T65/><D119/><U103/><E116/><V44/><F68/><W98/><G114/><T93/><D118/><U7/><E29/><V79/><F72/><W2/><G67/><T36/><D36/><U134/><E134/><V115/><F115/><W47/><G39/><T127/><D78/><U6/><E32/><V27/><F18/><W92/><G35/><T132/><D132/><U62/><E16/><V21/><F56/><W19/><G19/><T1/><D1/><U104/><E104/><V17/><F17/><W74/><G74/><T88/><D127/><U22/><E22/><V110/><F110/><W70/><G70/><T112/><D112/><U10/><E59/><V107/><F107/><W111/><G28/><T38/><D38/><U106/><E106/><V121/><F121/><W15/><G15/><T83/><D83/><U45/><E45/><V82/><F99/><W71/><G71/><T94/><D23/><U4/><E91/><V117/><F117/><W81/><G111/><T123/><D123/><U113/><E84/><V52/><F76/><W5/><G5/><T96/><REACH who="0" step="1"/><D50/><REACH who="0" step="2"/><U66/><E113/><V24/><F21/><W34/><REACH who="3" step="1"/><G34/><REACH who="3" step="2"/><T87/><D87/><U128/><E128/><V135/><F85/><W43/><G43/><T63/><D63/><N who="1" m="24107" /><E66/><V20/><F42/><W57/><G57/><AGARI ba="1,2" hai="57,58,61,65,69,75,77,80,88,93,94,96,97,101" machi="57" ten="40,8000,1" yaku="1,1,52,2,54,1,53,0" doraHai="95" doraHaiUra="13" who="0" fromWho="3" sc="143,103,641,0,112,0,84,-83" /><INIT seed="6,0,0,2,1,30" ten="246,641,112,1" oya="2" hai0="24,32,129,120,73,117,41,103,124,0,9,107,55" hai1="25,76,60,91,56,101,108,113,119,77,109,48,100" hai2="68,92,121,12,122,106,22,118,27,43,4,105,33" hai3="114,23,20,97,10,94,21,111,3,13,96,112,37"/><V64/><F118/><W84/><G111/><T125/><D73/><U29/><E119/><V46/><F92/><W82/><G37/><T66/><D120/><N who="2" m="46186" /><F22/><N who="3" m="5635" /><W57/><DORA hai="58" /><G57/><T81/><D129/><U8/><E109/><V79/><F79/><N who="3" m="46175" /><G3/><T135/><D135/><U95/><E108/><V36/><F12/><W89/><G114/><T126/><D107/><U42/><E113/><V40/><F40/><W19/><G112/><T132/><D132/><U69/><E69/><V18/><F18/><W87/><AGARI ba="0,0" hai="10,13,19,87,89,94,96,97" m="46175,5635" machi="87" ten="30,1100,0" yaku="8,1" doraHai="30,58" who="3" fromWho="3" sc="246,-3,641,-3,112,-5,1,11" /><INIT seed="7,0,0,4,5,112" ten="243,638,107,12" oya="3" hai0="2,102,66,45,71,122,115,56,33,107,46,108,73" hai1="106,109,79,39,132,12,18,123,10,65,42,19,1" hai2="120,81,49,75,3,92,25,57,43,125,60,53,134" hai3="83,135,13,44,26,67,9,15,110,77,94,54,100"/><W59/><G110/><T70/><D2/><U64/><E109/><V47/><F3/><W23/><G67/><T62/><D33/><U31/><E123/><V30/><F120/><W118/><G118/><T84/><D73/><U119/><E1/><V34/><F134/><W128/><G128/><T129/><D107/><U35/><E132/><V72/><F125/><W20/><G135/><T87/><D102/><U16/><E106/><V117/><F117/><W121/><G121/><T50/><D122/><U91/><E79/><V21/><F81/><W101/><G44/><T17/><D17/><U126/><E126/><V96/><F34/><W111/><G111/><T6/><D6/><U89/><E119/><V63/><F63/><W4/><G94/><T0/><D0/><U95/><E39/><V7/><F7/><W55/><G55/><T105/><D105/><U85/><E42/><V114/><F114/><W68/><G68/><T36/><D129/><U14/><E31/><V11/><F11/><W29/><G15/><T61/><D115/><U103/><E103/><AGARI ba="0,0" hai="21,25,30,43,47,49,53,57,60,72,75,92,96,103" machi="103" ten="30,1000,0" yaku="7,1" doraHai="112" who="2" fromWho="1" sc="243,0,638,-10,107,10,12,0" owari="243,4,628,73,117,-28,12,-49" /></mjloggm>