<mjloggm ver="2.3"><GO type="41"/><UN n0="%E3%81%BB%E3%81%AE%E3%83%91%E3%83%91" n1="%E3%82%A6%E3%83%AB%E3%83%88%E3%83%A9%E7%AB%8B%E7%9B%B4" n2="%65%69%74%61%72%6F%37%37" n3="%E7%96%BE%E9%A2%A8%E7%9F%A5%E5%8B%81%E8%8D%89" dan="14,15,15,15" rate="1893,1985,2014,2071" sx="M,M,M,F"/><TAIKYOKU oya="0"/><INIT seed="0,0,0,3,1,72" ten="250,250,250,250" oya="0" hai0="128,4,59,91,64,11,66,68,15,6,70,43,83" hai1="22,110,1,53,88,18,7,119,118,34,28,65,52" hai2="16,81,21,8,10,26,23,9,62,45,102,48,56" hai3="61,19,93,82,96,84,76,36,63,3,132,20,58"/><T33/><D33/><U79/><E65/><V50/><F102/><W32/><G132/><T55/><D43/><U54/><E110/><V57/><F62/><W67/><G32/><T87/><D68/><U99/><E118/><V116/><F116/><W135/><G135/><T13/><D70/><U123/><E123/><V92/><F92/><W80/><G36/><T113/><D113/><U124/><E119/><V69/><F69/><W25/><G3/><T46/><D46/><U5/><E124/><V94/><F94/><W47/><G47/><T90/><D128/><U40/><E40/><N who="2" m="24615" /><F81/><N who="3" m="47143" /><G63/><T30/><D30/><U0/><E28/><N who="2" m="17487" /><F50/><W75/><G75/><T14/><D90/><AGARI ba="0,0" hai="19,20,25,58,61,67,80,82,90,93,96" m="47143" machi="90" ten="30,2000,0" yaku="8,1,52,1" doraHai="72" who="3" fromWho="0" sc="250,-20,250,0,250,0,250,20" /><INIT seed="1,0,0,3,3,29" ten="230,250,250,270" oya="1" hai0="35,66,48,119,94,82,129,122,2,121,63,115,90" hai1="32,95,71,36,128,68,18,61,54,74,132,59,40" hai2="50,124,49,102,3,75,26,93,41,76,89,134,21" hai3="17,70,133,73,120,81,45,8,19,91,47,116,103"/><U25/><E74/><V80/><F134/><W84/><G70/><T105/><D105/><U52/><E132/><V44/><F124/><W22/><G73/><T130/><D2/><U62/><E18/><V34/><F102/><W23/><G120/><N who="0" m="46187" /><D119/><U39/><E95/><V113/><F3/><W79/><G133/><T88/><D115/><U77/><E77/><V27/><F113/><W106/><G116/><T118/><D118/><U37/><E128/><N who="0" m="49257" /><D48/><U99/><E99/><V110/><F110/><W60/><G60/><T126/><D126/><U65/><E25/><V5/><F5/><W135/><G106/><T58/><D82/><U64/><E32/><V85/><F27/><W53/><G103/><T107/><D107/><U42/><E39/><V92/><F34/><W100/><G100/><T112/><D112/><U104/><E104/><V72/><F93/><W20/><G135/><T83/><D83/><U109/><E109/><V33/><F33/><W0/><G0/><T55/><D35/><U4/><E4/><V16/><REACH who="2" step="1"/><F49/><REACH who="2" ten="230,250,240,270" step="2"/><W108/><G108/><T14/><D14/><U57/><AGARI ba="0,1" hai="36,37,40,42,52,54,57,59,61,62,64,65,68,71" machi="57" ten="25,24000,3" yaku="0,1,22,2,35,6,54,1" doraHai="29" who="1" fromWho="1" sc="230,-80,250,250,240,-80,270,-80" /><INIT seed="1,1,0,3,1,135" ten="150,500,160,190" oya="1" hai0="19,22,50,86,48,34,132,66,27,82,41,90,67" hai1="30,13,5,116,44,119,20,58,64,32,59,123,111" hai2="128,56,53,81,120,85,118,78,102,95,0,79,14" hai3="57,122,114,68,84,88,49,87,107,3,76,7,15"/><U9/><E59/><V38/><F0/><W6/><G68/><T54/><D34/><U35/><E58/><V133/><F38/><W18/><G107/><T51/><D132/><U74/><E44/><V40/><F133/><W92/><G122/><T98/><D41/><U124/><E64/><N who="0" m="24617" /><D98/><U26/><E74/><V126/><F40/><W89/><G3/><T115/><D115/><U108/><E123/><V104/><F120/><W63/><G76/><T21/><D21/><U80/><E80/><V93/><F118/><N who="1" m="45097" /><E124/><V70/><F126/><W77/><G77/><T134/><D134/><U31/><E31/><V37/><F70/><W121/><G121/><T52/><AGARI ba="1,0" hai="19,22,27,48,50,51,52,54,82,86,90" m="24617" machi="52" ten="30,2000,0" yaku="8,1,54,1" doraHai="135" who="0" fromWho="0" sc="150,23,500,-11,160,-6,190,-6" /><INIT seed="2,0,0,3,2,69" ten="173,489,154,184" oya="2" hai0="11,4,18,115,76,123,52,132,1,97,29,82,55" hai1="37,24,122,79,2,94,66,99,128,135,34,126,102" hai2="21,118,49,90,26,104,9,5,92,33,22,25,28" hai3="20,87,73,131,14,114,109,134,50,63,61,65,40"/><V106/><F118/><W95/><G73/><T111/><D29/><U32/><E2/><V17/><F49/><W46/><G109/><T107/><D111/><U125/><E79/><V64/><F33/><W127/><G131/><T108/><D123/><U54/><E66/><V62/><F90/><W93/><G134/><T60/><D108/><U88/><E135/><V23/><F22/><W75/><G75/><T10/><D132/><U59/><E128/><V36/><F92/><W15/><G127/><N who="1" m="48650" /><E37/><V133/><F36/><W86/><G114/><T83/><D115/><U68/><E68/><V57/><REACH who="2" step="1"/><F133/><REACH who="2" ten="173,489,144,184" step="2"/><W124/><G95/><T96/><D76/><U89/><E34/><V41/><F41/><W81/><G93/><T121/><D121/><U44/><E122/><V27/><F27/><W70/><G124/><T8/><D4/><U74/><E24/><V113/><F113/><W38/><G50/><T56/><D1/><AGARI ba="0,1" hai="1,5,9,17,21,23,25,26,28,57,62,64,104,106" machi="1" ten="30,2900,0" yaku="1,1,7,1,53,0" doraHai="69" doraHaiUra="130" who="2" fromWho="0" sc="173,-29,489,0,144,39,184,0" /><INIT seed="2,1,0,5,3,113" ten="144,489,183,184" oya="2" hai0="84,55,87,71,66,58,12,106,111,63,112,86,131" hai1="18,46,14,8,7,10,92,40,52,88,85,91,23" hai2="100,115,123,29,44,122,59,5,33,74,50,31,15" hai3="107,45,9,69,121,81,80,118,57,133,39,37,41"/><V22/><F115/><W11/><G69/><T97/><D106/><U114/><E114/><V30/><F33/><W43/><G107/><T54/><D112/><U130/><E130/><V72/><F59/><W25/><G121/><T62/><D131/><U117/><E117/><V27/><F100/><W65/><G133/><T17/><D97/><U129/><E129/><V38/><F38/><W96/><G96/><T94/><D111/><U47/><E40/><V126/><F126/><W102/><G102/><T132/><D132/><U35/><E35/><V68/><F68/><W99/><G99/><T73/><D73/><U105/><E105/><V110/><F110/><W51/><G25/><T67/><D94/><U76/><E76/><V98/><F98/><W49/><G57/><T90/><D90/><U20/><E20/><V60/><F60/><W83/><G65/><T34/><D34/><U0/><E10/><V108/><F108/><W19/><G118/><T16/><REACH who="0" step="1"/><D17/><REACH who="0" ten="134,489,183,184" step="2"/><U135/><E135/><V53/><F74/><W101/><G19/><T89/><D89/><U75/><E75/><V109/><F72/><W103/><G83/><T119/><D119/><U124/><E91/><V24/><F109/><W70/><G81/><T21/><AGARI ba="1,1" hai="12,16,21,54,55,58,62,63,66,67,71,84,86,87" machi="21" ten="30,4000,0" yaku="1,1,0,1,54,1,53,0" doraHai="113" doraHaiUra="95" who="0" fromWho="0" sc="134,53,489,-11,183,-21,184,-11" /><INIT seed="3,0,0,5,4,132" ten="187,478,162,173" oya="3" hai0="115,74,50,21,129,26,72,43,84,62,91,118,135" hai1="99,98,8,57,86,131,3,125,48,121,9,73,53" hai2="87,122,95,14,67,92,52,40,32,89,61,69,70" hai3="37,27,134,77,25,128,1,112,29,90,45,107,15"/><W60/><G1/><T46/><D74/><U71/><E71/><V23/><F122/><W22/><G107/><T5/><D72/><U75/><E3/><V127/><F32/><W10/><G112/><T66/><D115/><U80/><E131/><V97/><F70/><W117/><G117/><T109/><D118/><U7/><E7/><V96/><F40/><W110/><G134/><T64/><D129/><U76/><E75/><V18/><F87/><W19/><G128/><T93/><D135/><U105/><E73/><V81/><F81/><W56/><G77/><T78/><D5/><U102/><E121/><V120/><F120/><W12/><G110/><T82/><D109/><U55/><E125/><V17/><F18/><W11/><G90/><T130/><D130/><U124/><E124/><V106/><F106/><W36/><G45/><T4/><D4/><U116/><E116/><V34/><F34/><W88/><G88/><T123/><D123/><U83/><E83/><V20/><F127/><W65/><REACH who="3" step="1"/><G27/><REACH who="3" ten="187,478,162,163" step="2"/><T101/><D101/><U113/><E113/><V58/><F95/><W39/><G39/><T13/><D13/><U111/><E111/><V108/><F108/><W41/><G41/><T68/><D93/><U28/><E105/><V42/><F42/><W49/><G49/><T38/><D78/><U119/><E76/><V6/><F97/><W126/><G126/><T103/><D103/><U35/><E99/><V24/><F24/><W54/><G54/><T100/><D100/><U31/><E55/><V47/><F52/><W59/><G59/><T33/><D38/><RYUUKYOKU ba="0,1" sc="187,-10,478,-10,162,-10,163,30" hai3="10,11,12,15,19,22,25,29,36,37,56,60,65" /><INIT seed="3,1,1,5,5,36" ten="177,468,152,193" oya="3" hai0="105,112,54,62,52,118,122,67,50,53,117,45,49" hai1="25,15,100,16,95,48,99,13,120,44,123,73,27" hai2="78,82,86,11,93,74,65,5,32,77,40,127,98" hai3="71,22,2,1,128,34,130,9,63,41,4,61,14"/><W83/><G34/><T43/><D105/><U37/><E73/><V58/><F78/><W131/><G71/><N who="0" m="42487" /><D122/><U81/><E37/><V51/><F32/><W96/><G96/><T90/><D90/><U115/><E115/><V85/><F127/><W33/><G33/><T59/><D112/><U84/><E15/><V110/><F110/><W134/><G134/><T6/><D6/><U121/><E121/><V126/><F126/><W7/><G83/><T0/><D0/><U47/><E47/><V46/><F58/><W8/><REACH who="3" step="1"/><G41/><REACH who="3" ten="177,468,152,183" step="2"/><T17/><D17/><AGARI ba="1,2" hai="1,2,4,7,8,9,14,17,22,61,63,128,130,131" machi="17" ten="40,12000,1" yaku="1,1,2,1,9,1,19,1,53,0" doraHai="36" doraHaiUra="21" who="3" fromWho="0" sc="177,-123,468,0,152,0,183,143" /><INIT seed="3,2,0,5,3,18" ten="54,468,152,326" oya="3" hai0="119,24,33,132,88,58,6,116,21,100,5,102,122" hai1="28,70,91,107,66,130,99,126,57,68,13,133,87" hai2="34,0,22,108,104,62,125,42,112,43,80,7,93" hai3="44,12,114,113,59,2,31,19,16,85,10,72,51"/><W111/><G72/><T63/><D33/><U128/><E13/><V67/><F34/><W89/><G2/><T9/><D122/><U11/><E11/><V54/><F104/><W124/><G124/><T23/><D132/><U121/><E28/><V45/><F125/><W120/><G120/><T83/><D119/><U73/><E73/><V4/><F112/><W25/><G19/><T135/><D116/><U134/><E121/><V60/><F108/><W97/><G59/><T49/><D135/><N who="1" m="51723" /><E57/><V27/><F0/><W123/><G123/><T56/><D49/><U98/><E66/><V3/><F3/><W110/><G97/><N who="1" m="36874" /><E107/><V86/><F93/><N who="3" m="54447" /><G51/><T76/><D58/><U101/><E101/><N who="0" m="39017" /><D76/><U41/><E41/><N who="2" m="15371" /><F67/><W82/><G44/><T37/><D37/><U127/><E68/><V52/><F45/><W115/><G115/><T40/><D24/><U14/><E14/><V84/><F7/><N who="0" m="2570" /><D9/><U64/><E64/><V92/><F4/><W20/><G113/><T53/><D40/><U69/><E69/><V103/><F103/><W105/><G114/><T26/><D26/><U32/><E32/><V47/><F47/><W78/><G105/><T61/><D61/><N who="2" m="23658" /><F92/><W118/><G118/><T55/><D55/><N who="2" m="21034" /><F80/><W75/><G82/><T96/><D96/><U35/><E35/><V65/><F65/><W39/><G39/><T131/><D83/><N who="1" m="49663" /><E70/><V129/><F129/><AGARI ba="2,0" hai="126,127,128,129,130" m="49663,36874,51723" machi="129" ten="40,12000,2" yaku="30,2,19,1,20,1,34,2" doraHai="18" who="1" fromWho="2" sc="54,0,468,126,152,-126,326,0" /><INIT seed="4,0,0,5,1,115" ten="54,594,26,326" oya="0" hai0="9,101,56,34,47,62,51,74,25,108,79,112,67" hai1="0,75,33,72,73,124,70,123,24,104,97,17,64" hai2="38,53,128,122,37,110,63,65,105,102,78,32,27" hai3="54,55,133,114,135,29,36,35,98,131,130,106,85"/><T60/><D74/><U44/><E17/><V52/><F122/><W49/><G29/><T92/><D79/><U76/><E44/><V6/><F110/><W26/><G26/><T10/><D108/><U125/><E76/><V83/><F128/><N who="3" m="49195" /><G35/><T77/><D112/><U39/><E39/><V100/><F6/><W129/><G114/><T28/><D77/><U15/><E15/><V103/><F105/><W41/><G85/><T89/><D101/><N who="1" m="62511" /><E123/><V94/><F27/><W109/><G109/><T2/><D2/><U80/><E80/><V58/><F32/><W134/><G129/><T96/><REACH who="0" step="1"/><D62/><REACH who="0" ten="44,594,26,326" step="2"/><N who="1" m="40215" /><E0/><V111/><F111/><W22/><G133/><T13/><D13/><U14/><E14/><V93/><F38/><W82/><G36/><T18/><D18/><U132/><E132/><V1/><F37/><W8/><G134/><T84/><D84/><U20/><E75/><V30/><F1/><W23/><G135/><T42/><AGARI ba="0,1" hai="9,10,25,28,34,42,47,51,56,60,67,89,92,96" machi="42" ten="20,3900,0" yaku="1,1,0,1,7,1,53,0" doraHai="115" doraHaiUra="68" who="0" fromWho="0" sc="44,49,594,-13,26,-13,326,-13" /><INIT seed="4,1,0,5,3,32" ten="93,581,13,313" oya="0" hai0="68,50,92,27,102,28,4,10,53,133,40,56,79" hai1="123,98,66,43,52,115,101,58,26,126,113,84,94" hai2="104,103,17,8,22,54,130,25,44,19,31,117,64" hai3="2,134,41,116,108,95,129,65,124,33,70,71,62"/><T118/><D68/><U11/><E123/><V16/><F117/><W47/><G33/><T96/><D118/><U46/><E66/><V91/><F130/><W99/><G116/><T87/><D133/><U37/><E26/><V59/><F8/><W63/><G108/><T9/><D40/><U55/><E126/><V100/><F104/><W109/><G109/><T135/><D135/><U5/><E84/><V3/><F3/><W131/><G134/><T75/><D75/><U42/><E42/><V76/><F76/><W20/><G124/><T110/><D110/><U120/><E120/><V23/><F23/><W125/><G125/><T14/><D10/><U57/><E57/><V97/><F44/><W15/><G2/><T1/><D79/><U0/><E58/><V49/><REACH who="2" step="1"/><F64/><REACH who="2" ten="93,581,3,313" step="2"/><W74/><G47/><T18/><D1/><U105/><E105/><V106/><F106/><W122/><G122/><T128/><D128/><U85/><E85/><V77/><F77/><W78/><G78/><T86/><REACH who="0" step="1"/><D4/><REACH who="0" ten="83,581,3,313" step="2"/><U21/><E5/><V83/><F83/><W6/><G6/><T111/><D111/><U82/><E0/><V127/><F127/><W119/><G119/><T60/><D60/><U80/><E11/><V67/><F67/><W24/><G65/><T30/><D30/><U61/><E61/><V89/><F89/><W45/><G63/><T29/><D29/><U69/><E69/><V88/><F88/><W12/><G62/><T39/><D39/><U90/><E90/><V38/><F38/><W48/><G129/><T107/><D107/><U121/><E37/><RYUUKYOKU ba="1,2" sc="83,15,581,-15,3,15,313,-15" hai0="9,14,18,27,28,50,53,56,86,87,92,96,102" hai2="16,17,19,22,25,31,49,54,59,91,97,100,103" /><INIT seed="4,2,2,3,5,19" ten="98,566,18,298" oya="0" hai0="117,116,2,35,113,55,54,42,29,63,120,31,126" hai1="112,58,53,32,101,94,73,49,23,28,102,61,83" hai2="36,105,10,26,20,5,62,40,123,114,71,1,4" hai3="50,79,129,37,38,7,25,30,47,66,121,97,93"/><T68/><D2/><U90/><E32/><V52/><F5/><W135/><G129/><T125/><D120/><U70/><E70/><V21/><F114/><W14/><G66/><N who="0" m="41055" /><D113/><U33/><E33/><V122/><F105/><W133/><G79/><T74/><D74/><U17/><E28/><V91/><F26/><W3/><G3/><T77/><D77/><U41/><E112/><V8/><F40/><W45/><G121/><T127/><D35/><U86/><E73/><V130/><F36/><W75/><G75/><T100/><D100/><U110/><E110/><V69/><F130/><W56/><G56/><T104/><D104/><U88/><E41/><V96/><F122/><W92/><G14/><T57/><D42/><U18/><E18/><V119/><F10/><W134/><G7/><T131/><D131/><U111/><E111/><V43/><F43/><N who="3" m="24959" /><G45/><T109/><D109/><U65/><E65/><N who="2" m="41143" /><F71/><W78/><G78/><T24/><D24/><N who="1" m="14447" /><E49/><V16/><F123/><W118/><G92/><T72/><D72/><U124/><E124/><N who="0" m="31745" /><T103/><DORA hai="67" /><D103/><U34/><E34/><V82/><F119/><N who="0" m="45642" /><D55/><U60/><E101/><V27/><F52/><W80/><G118/><T51/><AGARI ba="2,2" hai="29,31,51,54,57" m="45642,31745,41055" machi="51" ten="50,4800,0" yaku="18,1,52,1" doraHai="19,67" who="0" fromWho="0" sc="98,74,566,-18,18,-18,298,-18" /><INIT seed="4,3,0,4,0,28" ten="172,548,0,280" oya="0" hai0="131,31,134,50,25,57,42,103,77,54,94,15,100" hai1="39,108,99,0,72,51,17,44,48,111,98,76,87" hai2="124,82,18,66,61,110,79,75,118,21,45,80,26" hai3="96,90,10,114,56,67,128,14,125,6,116,97,55"/><T129/><D77/><U86/><E17/><V8/><F118/><W36/><G36/><T71/><D71/><U120/><E44/><V23/><F110/><W63/><G116/><T109/><D109/><U88/><E39/><V62/><F124/><W106/><G125/><T89/><D42/><U117/><E0/><V35/><F35/><W1/><G114/><T127/><D127/><U81/><E51/><V41/><F82/><W37/><G37/><T32/><D15/><U33/><E48/><V59/><F62/><W130/><G1/><T19/><D19/><U104/><E33/><V3/><F3/><W107/><G67/><T9/><D9/><U113/><E113/><V65/><F23/><W123/><G123/><T20/><D20/><U105/><E120/><V69/><F8/><W85/><G107/><N who="1" m="41034" /><E117/><V38/><F69/><W101/><REACH who="3" step="1"/><G97/><REACH who="3" ten="172,548,0,270" step="2"/><N who="0" m="57551" /><D134/><U53/><E99/><V47/><F45/><W132/><G132/><T34/><D34/><U73/><E98/><V91/><F91/><W49/><G49/><T60/><D50/><U74/><E111/><V2/><F2/><W30/><G30/><T133/><D133/><U119/><E108/><V78/><F78/><W11/><G11/><T121/><D121/><U92/><E119/><V83/><F83/><AGARI ba="3,1" hai="6,10,14,55,56,63,83,85,90,96,101,106,128,130" machi="83" ten="40,1300,0" yaku="1,1,53,0" doraHai="28" doraHaiUra="40" who="3" fromWho="2" sc="172,0,548,0,0,-22,270,32" owari="172,-23.0,548,65.0,-22,-52.0,302,10.0" /></mjloggm>