<mjloggm ver="2.3"><GO type="41"/><UN n0="%EF%BC%88%E2%89%A7%E2%96%BD%E2%89%A6%EF%BC%89" n1="%E6%BA%80%E6%9C%88%E3%81%BD%E3%82%93" n2="%E5%86%99%E8%BC%AA%E7%9C%BC" n3="%E3%81%82%E3%82%8A%E2%98%86" dan="15,14,13,13" rate="2006,1834,1815,1814" sx="M,M,M,M"/><TAIKYOKU oya="0"/><INIT seed="0,0,0,1,4,108" ten="250,250,250,250" oya="0" hai0="97,26,135,117,92,43,55,98,38,64,36,130,12" hai1="128,44,50,125,30,22,110,90,41,101,7,86,82" hai2="46,112,131,57,40,91,120,9,94,60,37,106,49" hai3="63,72,105,96,113,4,132,28,14,19,78,129,74"/><T21/><D117/><U84/><E110/><V31/><F120/><W58/><G132/><T48/><D135/><U56/><E128/><V27/><F106/><W5/><G129/><T87/><D130/><U34/><E34/><V88/><F131/><W52/><G28/><T109/><D109/><U18/><E125/><V15/><F37/><W66/><G113/><T24/><D64/><U65/><E7/><V35/><F94/><W3/><G3/><T114/><D114/><U39/><E86/><V23/><F35/><W75/><G78/><T111/><D111/><U76/><E101/><V103/><F112/><W121/><G121/><T2/><D2/><U29/><E39/><V10/><F103/><W51/><G96/><N who="0" m="36971" /><D43/><U68/><E68/><V53/><F10/><W25/><G25/><T79/><D38/><U11/><E11/><V133/><F133/><W73/><N who="3" m="18944" /><DORA hai="116" /><W134/><G105/><T20/><D36/><U1/><E1/><V67/><REACH who="2" step="1"/><F40/><REACH who="2" ten="250,250,240,250" step="2"/><W54/><G134/><T124/><D92/><U0/><E0/><V104/><F104/><W59/><REACH who="3" step="1"/><G66/><REACH who="3" ten="250,250,240,240" step="2"/><T61/><D124/><U42/><E76/><V95/><F95/><W83/><G83/><T100/><D79/><U69/><E69/><V119/><F119/><W13/><G13/><T115/><D12/><N who="1" m="9543" /><E41/><V123/><F123/><W85/><G85/><T62/><D87/><U71/><E71/><V127/><F127/><W32/><G32/><T8/><D100/><U118/><E118/><V126/><F126/><W99/><G99/><T17/><D115/><U89/><E65/><V93/><F93/><RYUUKYOKU ba="0,2" sc="250,-15,250,-15,240,15,240,15" hai2="9,15,23,27,31,46,49,53,57,60,67,88,91" hai3="4,5,14,19,51,52,54,58,59,63" /><INIT seed="1,1,2,1,4,130" ten="235,235,255,255" oya="1" hai0="74,77,72,103,86,120,11,3,78,90,133,57,93" hai1="26,76,117,2,6,100,92,25,104,81,22,131,82" hai2="38,108,101,43,48,30,98,19,110,112,8,70,105" hai3="132,127,47,102,135,34,121,106,35,53,122,134,126"/><U41/><E117/><V123/><F70/><W12/><G53/><T94/><D57/><U71/><E71/><V88/><F123/><N who="3" m="47115" /><G47/><T128/><D11/><U83/><E131/><V66/><F66/><W61/><G61/><T4/><D4/><U45/><E104/><V42/><F112/><W89/><G89/><N who="0" m="53431" /><D3/><U16/><E26/><V20/><F38/><W33/><G102/><T13/><D13/><U18/><E18/><V97/><F30/><W10/><G106/><T91/><D128/><U113/><E113/><V51/><F8/><W109/><G109/><N who="2" m="42089" /><F97/><W29/><G29/><T79/><D120/><U0/><E6/><AGARI ba="1,2" hai="6,10,12,33,34,35,126,127,132,134,135" m="47115" machi="6" ten="50,12000,2" yaku="20,1,34,2,52,3" doraHai="130" who="3" fromWho="1" sc="235,0,235,-123,255,0,255,143" /><INIT seed="2,0,0,4,2,91" ten="235,112,255,398" oya="2" hai0="31,87,122,50,43,72,5,28,59,8,135,111,70" hai1="83,12,9,75,120,132,102,131,15,22,11,106,40" hai2="19,35,18,96,6,45,76,20,63,94,80,44,54" hai3="30,114,62,101,82,108,92,81,100,23,105,112,115"/><V38/><F35/><W77/><G30/><T46/><D72/><U71/><E120/><V34/><F34/><W109/><G23/><T24/><D122/><U113/><E132/><V51/><F6/><W116/><G62/><T61/><D135/><U29/><E71/><V67/><F38/><W39/><G39/><T4/><D111/><N who="3" m="42569" /><G105/><T69/><D87/><U49/><E131/><V55/><F80/><N who="3" m="30827" /><G77/><T0/><D4/><U118/><E118/><V14/><F19/><W98/><G116/><T85/><D85/><U25/><E113/><N who="3" m="28930" /><W95/><DORA hai="99" /><G98/><T21/><REACH who="0" step="1"/><D28/><REACH who="0" ten="225,112,255,398" step="2"/><U41/><E75/><V124/><F76/><W58/><G58/><T13/><D13/><U74/><E74/><V121/><F121/><W119/><G119/><T57/><D57/><U84/><E12/><V42/><F44/><W104/><G104/><T123/><D123/><U110/><E9/><V130/><F130/><W68/><G68/><T26/><D26/><U7/><E110/><V47/><F47/><W52/><G52/><AGARI ba="0,1" hai="0,5,8,21,24,31,43,46,50,52,59,61,69,70" machi="52" ten="30,8000,1" yaku="1,1,7,1,54,1,53,2" doraHai="91,99" doraHaiUra="107,65" who="0" fromWho="3" sc="225,90,112,0,255,0,398,-80" /><INIT seed="3,0,0,3,3,5" ten="315,112,255,318" oya="3" hai0="97,57,110,124,96,127,42,15,60,52,94,75,39" hai1="67,48,79,123,35,120,116,34,2,74,51,10,50" hai2="86,29,122,27,78,101,58,54,28,135,36,107,132" hai3="55,65,121,91,87,103,63,119,41,72,18,4,99"/><W8/><G119/><T53/><D75/><U131/><E116/><V77/><F36/><W105/><G121/><T1/><D1/><U16/><E67/><V32/><F122/><W33/><G33/><T70/><D110/><U68/><E68/><V0/><F0/><W85/><G72/><T117/><D117/><U126/><E2/><V6/><F6/><W19/><G85/><T7/><D70/><U40/><E120/><V9/><F9/><W73/><G73/><T83/><D53/><U47/><E123/><V118/><F118/><W108/><G41/><T134/><D83/><U24/><E131/><V37/><F37/><W38/><G55/><T88/><D134/><U92/><E92/><V66/><F66/><W30/><G30/><T115/><D115/><U125/><E79/><V31/><F101/><W14/><G38/><T102/><D42/><U46/><E74/><V25/><F107/><W59/><REACH who="3" step="1"/><G108/><REACH who="3" ten="315,112,255,308" step="2"/><T20/><D39/><U76/><E76/><N who="2" m="29291" /><F86/><W3/><G3/><T84/><D84/><U23/><E40/><V109/><F109/><W56/><G56/><T81/><D57/><U112/><E112/><V104/><F135/><W89/><G89/><T11/><D88/><U114/><E114/><V113/><F113/><W13/><G13/><T17/><D15/><N who="1" m="7287" /><E35/><V43/><F132/><W111/><G111/><T64/><D64/><U69/><E69/><V82/><F43/><W49/><G49/><N who="1" m="12546" /><U62/><DORA hai="100" /><E34/><V106/><F32/><W133/><G133/><T12/><D12/><U128/><E128/><V71/><F71/><W61/><G61/><RYUUKYOKU ba="0,1" sc="315,-10,112,-10,255,-10,308,30" hai3="4,8,14,18,19,59,63,65,87,91,99,103,105" /><INIT seed="3,1,1,2,1,29" ten="305,102,245,338" oya="3" hai0="131,117,69,32,107,133,106,59,77,39,127,89,24" hai1="50,109,125,84,45,25,13,108,74,18,2,58,103" hai2="76,134,122,98,6,42,128,47,67,37,132,16,5" hai3="100,83,51,113,0,63,119,34,12,28,66,27,38"/><W9/><G119/><T95/><D39/><U11/><E74/><V30/><F67/><W53/><G113/><T129/><D69/><U123/><E123/><V86/><F122/><W8/><G38/><T93/><D117/><U115/><E115/><V31/><F98/><W22/><G83/><T10/><D127/><U73/><E73/><V21/><F128/><N who="0" m="49226" /><D133/><N who="2" m="51306" /><F86/><W54/><G54/><T118/><D118/><U57/><E2/><V52/><F76/><W15/><G100/><T78/><D10/><U71/><E71/><V87/><F87/><W112/><G112/><T120/><D120/><U33/><E103/><V40/><F40/><W1/><G63/><T91/><D59/><U88/><E125/><V48/><F37/><W44/><G66/><T35/><D24/><U110/><E50/><V3/><F42/><W46/><G46/><T17/><D17/><U72/><E72/><V80/><F80/><W43/><G43/><T121/><D121/><U135/><E45/><V79/><F79/><N who="0" m="30218" /><D93/><N who="1" m="54407" /><E135/><V96/><F96/><W55/><G55/><T70/><D70/><U85/><E85/><V94/><F94/><W49/><G49/><T41/><D41/><U64/><E64/><V82/><F82/><W14/><REACH who="3" step="1"/><G22/><REACH who="3" ten="305,102,245,328" step="2"/><T65/><D65/><U99/><E99/><V124/><F124/><W116/><G116/><T92/><D95/><U36/><E36/><V105/><F105/><N who="0" m="39946" /><D92/><U56/><E56/><V19/><F21/><W7/><G7/><N who="2" m="2569" /><F3/><AGARI ba="1,2" hai="0,1,3,8,9,12,14,15,27,28,34,44,51,53" machi="3" ten="40,3900,0" yaku="1,1,52,1,53,0" doraHai="29" doraHaiUra="102" who="3" fromWho="2" sc="305,0,102,0,245,-42,328,62" /><INIT seed="3,2,0,1,3,82" ten="305,102,203,390" oya="3" hai0="87,80,98,108,91,122,106,115,77,58,30,21,18" hai1="6,92,7,75,28,95,102,54,19,38,94,46,3" hai2="16,12,67,45,48,5,4,72,132,112,126,129,17" hai3="60,37,50,20,100,14,35,74,117,109,123,107,59"/><W55/><G74/><T73/><D122/><U36/><E75/><V69/><F112/><W68/><G35/><T89/><D115/><U33/><E3/><V90/><F72/><W118/><G100/><N who="0" m="62743" /><D30/><U43/><E36/><V49/><F129/><W103/><G103/><T96/><D58/><U40/><E40/><V116/><F132/><W42/><G107/><T2/><D2/><U31/><E102/><V135/><F126/><W63/><G20/><T128/><D18/><U78/><E78/><V8/><F135/><W41/><G14/><T10/><D21/><U13/><E54/><V97/><F116/><W27/><G27/><T11/><D11/><U105/><E105/><V57/><F69/><W64/><G123/><T125/><D10/><U114/><E114/><V65/><F5/><W86/><G86/><N who="0" m="50375" /><D125/><U76/><E76/><V130/><F130/><W1/><G1/><T53/><D53/><U70/><E70/><V83/><F17/><W26/><G26/><T111/><D128/><U22/><REACH who="1" step="1"/><E28/><REACH who="1" ten="305,92,203,390" step="2"/><V23/><F67/><N who="3" m="41063" /><G109/><T34/><D111/><U131/><E131/><V99/><F65/><W9/><G9/><T47/><D108/><U120/><E120/><V124/><F124/><W113/><G113/><T51/><D77/><U85/><E85/><N who="2" m="50495" /><F8/><W29/><G29/><T24/><D73/><U101/><E101/><V39/><F39/><W133/><G133/><T52/><D87/><U119/><E119/><N who="3" m="45578" /><G37/><T25/><D91/><U56/><E56/><AGARI ba="2,1" hai="41,42,50,55,56,59,63,64" m="45578,41063" machi="56" ten="30,2900,0" yaku="34,2" doraHai="82" who="3" fromWho="1" sc="305,0,92,-35,203,0,390,45" /><INIT seed="3,3,0,0,0,28" ten="305,57,203,435" oya="3" hai0="71,22,82,74,129,93,122,70,113,20,58,23,116" hai1="78,41,95,48,45,135,14,47,112,91,53,39,100" hai2="107,67,55,130,59,17,87,76,24,83,106,128,124" hai3="56,85,52,60,13,4,18,29,57,125,11,131,44"/><W134/><G131/><N who="2" m="50217" /><F67/><W15/><G125/><T127/><D116/><U126/><E135/><V133/><F133/><W19/><G134/><T109/><D127/><U26/><E126/><V32/><F124/><W65/><G29/><T21/><D122/><U36/><E112/><V110/><F110/><W120/><G120/><T43/><D109/><U73/><E100/><V99/><F99/><W40/><G85/><T79/><D113/><U61/><E78/><V3/><F3/><W119/><G119/><T66/><D129/><U121/><E73/><V90/><F90/><W114/><G114/><T80/><D43/><U75/><E75/><V96/><F96/><W10/><G4/><T94/><D80/><U84/><E121/><V42/><F42/><W88/><G88/><T105/><D105/><N who="2" m="39946" /><F17/><W6/><G6/><T1/><D1/><U46/><E26/><V62/><F24/><W16/><G19/><T25/><D58/><U86/><E36/><V63/><F32/><W108/><G108/><T35/><D35/><U7/><E61/><AGARI ba="3,0" hai="55,59,61,62,63,76,83,87" m="39946,50217" machi="61" ten="30,1000,0" yaku="19,1" doraHai="28" who="2" fromWho="1" sc="305,0,57,-19,203,19,435,0" /><INIT seed="4,0,0,2,2,7" ten="305,38,222,435" oya="0" hai0="17,50,47,68,75,3,76,66,110,128,111,20,35" hai1="120,54,60,85,52,124,96,28,133,100,113,114,125" hai2="46,116,1,82,13,24,135,23,115,6,92,71,19" hai3="106,97,77,49,105,26,64,119,25,34,38,44,94"/><T43/><D35/><U39/><E28/><V108/><F108/><N who="0" m="41514" /><D128/><U93/><E39/><V109/><F109/><W80/><G38/><T27/><D3/><U8/><E120/><V95/><F71/><W122/><G122/><T89/><D89/><U42/><E42/><V98/><F116/><W58/><G119/><T56/><D68/><U63/><E85/><V91/><F135/><W2/><G2/><T9/><D66/><U123/><E123/><V99/><F115/><N who="1" m="44041" /><E133/><V61/><F1/><W33/><G33/><T67/><D67/><U101/><E8/><N who="2" m="4247" /><F46/><W5/><G5/><T86/><D56/><N who="1" m="34823" /><E101/><V69/><F69/><W32/><G32/><T107/><D107/><U14/><E14/><V127/><F127/><N who="1" m="48713" /><E54/><V74/><F74/><W131/><G131/><T62/><D75/><U36/><E36/><V88/><F61/><AGARI ba="0,0" hai="61,63,93,96,100" m="48713,34823,44041" machi="61" ten="30,7700,0" yaku="15,1,11,1,18,1,54,1" doraHai="7" who="1" fromWho="2" sc="305,0,38,77,222,-77,435,0" /><INIT seed="5,0,0,1,2,87" ten="305,115,145,435" oya="1" hai0="66,22,124,125,29,72,128,75,56,16,1,14,98" hai1="83,109,131,85,79,0,46,69,67,77,90,23,97" hai2="68,63,24,74,58,30,25,61,119,81,91,103,71" hai3="133,2,33,100,20,50,18,39,36,115,88,4,121"/><U127/><E0/><V104/><F119/><W134/><G121/><T21/><D1/><U110/><E46/><V84/><F25/><W55/><G100/><T10/><D128/><U132/><E69/><V118/><F118/><W57/><G33/><T135/><D135/><N who="3" m="51721" /><G115/><T130/><D98/><U112/><E132/><V111/><F111/><N who="1" m="42505" /><E67/><V123/><F123/><W96/><G4/><T17/><D29/><U8/><E131/><V28/><F28/><W35/><G35/><T34/><D34/><U41/><E127/><N who="0" m="48713" /><D130/><U106/><E112/><V114/><F114/><W38/><G2/><T42/><D42/><U27/><E8/><V13/><F13/><N who="3" m="9295" /><G36/><T89/><D89/><N who="1" m="51391" /><E106/><V54/><F74/><N who="0" m="28202" /><D17/><N who="1" m="12783" /><E41/><V3/><F3/><W44/><G44/><T99/><D99/><U105/><E105/><V92/><F104/><W53/><G53/><T47/><D47/><U7/><E7/><V93/><F103/><W19/><G19/><T101/><D101/><U76/><E97/><V52/><F71/><W107/><G107/><T95/><D95/><AGARI ba="0,0" hai="38,39,50,55,57,88,95,96" m="9295,51721" machi="95" ten="30,3900,0" yaku="20,1,52,1,54,1" doraHai="87" who="3" fromWho="0" sc="305,-39,115,0,145,0,435,39" /><INIT seed="6,0,0,5,3,78" ten="266,115,145,474" oya="2" hai0="116,104,73,135,18,25,31,67,19,42,84,120,128" hai1="93,38,85,64,1,30,134,22,123,28,33,117,47" hai2="6,7,106,9,113,129,11,60,114,96,0,100,39" hai3="88,41,40,62,89,26,66,102,44,83,107,35,70"/><V45/><F60/><W110/><G110/><T2/><D120/><U124/><E117/><V109/><F129/><W118/><G118/><T61/><D73/><U125/><E123/><V16/><F109/><W65/><G65/><T108/><D116/><U72/><E72/><V68/><F68/><W15/><G15/><T8/><D104/><U12/><E38/><V63/><F63/><W82/><G41/><T94/><D108/><U133/><E47/><V37/><F45/><W71/><G71/><T43/><D128/><U74/><E64/><V79/><F79/><W48/><G26/><T50/><D135/><N who="1" m="51723" /><E74/><V58/><F16/><W81/><REACH who="3" step="1"/><G35/><REACH who="3" ten="266,115,145,464" step="2"/><T131/><D25/><N who="1" m="16439" /><E33/><V111/><F111/><W23/><G23/><T56/><D67/><U130/><E1/><N who="2" m="207" /><F58/><W4/><G4/><T69/><D56/><U20/><E130/><V121/><F121/><W91/><G91/><T90/><D131/><U10/><E93/><V49/><F49/><W46/><G46/><T29/><D50/><U52/><E85/><V119/><F119/><W122/><G122/><T105/><D84/><U99/><E99/><AGARI ba="0,1" hai="40,44,48,62,66,70,81,82,83,88,89,99,102,107" machi="99" ten="40,8000,1" yaku="1,1,52,3,54,1,53,0" doraHai="78" doraHaiUra="132" who="3" fromWho="1" sc="266,0,115,-80,145,0,464,90" /><INIT seed="7,0,0,3,0,100" ten="266,35,145,554" oya="3" hai0="78,7,65,131,129,88,79,2,5,53,40,18,68" hai1="87,102,73,67,49,27,9,62,24,77,26,29,39" hai2="124,80,33,71,61,130,56,45,37,34,96,4,91" hai3="21,47,123,81,42,134,92,17,105,108,117,82,52"/><W111/><G123/><T31/><D40/><U23/><E39/><V36/><F4/><W85/><G117/><T35/><D2/><U109/><E73/><V135/><F135/><W107/><G134/><T115/><D65/><U32/><E109/><N who="3" m="42058" /><G92/><T122/><D68/><U89/><E102/><V126/><F130/><W99/><G99/><T118/><D35/><U63/><E49/><V66/><F80/><N who="3" m="30827" /><G85/><T58/><D31/><U128/><E128/><V43/><F91/><W13/><G52/><T64/><D53/><U70/><E63/><N who="2" m="40415" /><F96/><W51/><AGARI ba="0,0" hai="13,17,21,42,47,51,105,107" m="30827,42058" machi="51" ten="30,6000,0" yaku="10,1,52,2" doraHai="100" who="3" fromWho="3" sc="266,-20,35,-20,145,-20,554,60" owari="246,5.0,15,-48.0,125,-27.0,614,70.0" /></mjloggm>