<mjloggm ver="2.3"><GO type="169" lobby="0"/><UN n0="%E3%82%A2%E3%83%8B%E3%82%AA%E3%83%B3" n1="%EF%BC%88%E2%89%A7%E2%96%BD%E2%89%A6%EF%BC%89" n2="%6B%6F%67%65%70%61%6E" n3="%E3%82%B3%E3%83%8F%E3%83%AB%E3%82%B9%E3%82%BF%E3%83%BC" dan="17,17,17,16" rate="2154,2127,2201,2085" sx="F,M,M,F"/><TAIKYOKU oya="0"/><INIT seed="0,0,0,2,5,19" ten="250,250,250,250" oya="0" hai0="12,100,54,8,122,31,37,2,60,70,107,29,30" hai1="96,52,26,98,85,69,57,99,11,74,17,101,131" hai2="117,6,42,104,41,58,18,25,21,95,116,112,135" hai3="133,76,90,20,46,103,24,128,59,50,15,13,80"/><T51/><D122/><U48/><E74/><V61/><F104/><W0/><G0/><T94/><D37/><U132/><E69/><V127/><F112/><W115/><G115/><T55/><D2/><U123/><E123/><V106/><F106/><W119/><G119/><N who="2" m="45641" /><F127/><W9/><G133/><T22/><D107/><U27/><E132/><V14/><F135/><W121/><G121/><T1/><D1/><U28/><E131/><V68/><F68/><W56/><G128/><T3/><D3/><U91/><E101/><V82/><F82/><W71/><G71/><T64/><D51/><U62/><E48/><V43/><F95/><W73/><G103/><T39/><D39/><U33/><E11/><N who="2" m="4471" /><F42/><W38/><G90/><T79/><D79/><U77/><E77/><V105/><F105/><W92/><G92/><T87/><D8/><U134/><E134/><V89/><F89/><W67/><G9/><T93/><D93/><U86/><REACH who="1" step="1"/><E91/><REACH who="1" ten="250,240,250,250" step="2"/><V35/><F35/><W36/><G76/><T109/><D100/><U34/><E34/><V63/><F63/><W44/><G73/><T7/><D70/><U84/><E84/><V66/><AGARI ba="0,1" hai="18,21,25,41,43,58,61,66" m="4471,45641" machi="66" ten="30,2000,0" yaku="12,1,52,1" doraHai="19" who="2" fromWho="2" sc="250,-10,240,-5,250,30,250,-5" /><INIT seed="1,0,0,0,3,32" ten="240,235,280,245" oya="1" hai0="69,111,70,110,123,76,0,1,121,54,102,63,48" hai1="77,85,81,33,73,105,57,128,119,117,21,30,74" hai2="116,120,108,106,31,27,80,132,86,16,62,7,23" hai3="41,93,29,10,75,127,6,129,88,53,22,39,11"/><U47/><E33/><V42/><F116/><W113/><G75/><T28/><D76/><U96/><E128/><V90/><F120/><N who="0" m="46154" /><D28/><U124/><E124/><V89/><F108/><N who="0" m="41514" /><D102/><U20/><E30/><V130/><F132/><W104/><G104/><T45/><D69/><U92/><E74/><V14/><F106/><W65/><G127/><T5/><D5/><U114/><E114/><V109/><F130/><W59/><G113/><T107/><D107/><U95/><E105/><V79/><F109/><W34/><G34/><T133/><D133/><U67/><E73/><V115/><F115/><W83/><G83/><T103/><D103/><U51/><E117/><V56/><F42/><W101/><G101/><T36/><D36/><U55/><E119/><V91/><F7/><W18/><G29/><T25/><D25/><U64/><E95/><V13/><REACH who="2" step="1"/><F31/><REACH who="2" ten="240,235,270,245" step="2"/><W37/><G129/><T71/><D70/><U4/><E4/><V8/><F8/><W60/><G6/><T58/><D71/><U100/><REACH who="1" step="1"/><E47/><REACH who="1" ten="240,225,270,245" step="2"/><V38/><F38/><W61/><G37/><T131/><D131/><U35/><E35/><V52/><AGARI ba="0,2" hai="13,14,16,23,27,52,56,62,79,80,86,89,90,91" machi="52" ten="30,8000,1" yaku="1,1,0,1,8,1,54,2,53,0" doraHai="32" doraHaiUra="118" who="2" fromWho="2" sc="240,-20,225,-40,270,100,245,-20" /><INIT seed="2,0,0,5,5,2" ten="220,185,370,225" oya="2" hai0="127,92,36,130,83,73,47,71,72,51,38,29,50" hai1="133,57,42,19,43,63,125,44,100,104,21,95,131" hai2="70,103,48,27,67,86,132,121,89,39,88,107,68" hai3="97,78,105,111,5,40,8,61,18,23,45,90,26"/><V118/><F118/><W4/><G111/><T80/><D71/><U60/><E133/><V135/><F39/><W35/><G78/><T12/><D127/><U120/><E120/><V84/><F121/><W85/><G35/><T129/><D29/><U101/><E125/><V17/><F48/><N who="0" m="18474" /><D12/><U123/><E123/><V62/><F103/><W122/><G122/><T28/><D92/><U22/><E131/><N who="0" m="50185" /><D28/><U110/><E110/><V56/><F107/><W25/><G25/><T98/><D98/><U31/><E104/><V117/><F117/><W10/><G97/><T16/><D16/><U52/><E95/><V126/><F126/><W30/><G105/><T116/><D47/><U66/><E31/><V82/><F68/><W1/><G61/><T109/><D116/><U58/><E21/><N who="2" m="13743" /><F70/><W7/><G30/><T96/><D96/><U93/><E93/><N who="2" m="54407" /><F135/><W124/><G124/><T13/><D13/><N who="1" m="9583" /><E44/><V0/><F0/><W14/><G1/><T112/><D112/><U119/><E119/><V134/><F134/><W53/><G14/><T11/><D11/><U3/><E3/><V77/><F132/><W87/><G10/><T15/><D15/><U106/><E106/><V34/><F34/><W33/><G33/><T64/><D64/><U74/><E66/><V69/><F69/><W6/><G8/><T115/><D115/><U46/><E46/><V81/><F81/><N who="0" m="31306" /><D109/><U32/><E32/><V94/><F94/><W49/><G7/><T59/><D59/><U108/><E58/><V55/><F67/><W128/><G128/><T91/><D91/><AGARI ba="0,0" hai="55,56,62,77,82,86,89,91" m="54407,13743" machi="91" ten="30,2900,0" yaku="8,1,54,1" doraHai="2" who="2" fromWho="0" sc="220,-29,185,0,370,29,225,0" /><INIT seed="2,1,0,2,0,12" ten="191,185,399,225" oya="2" hai0="116,132,19,1,6,86,128,109,88,15,38,44,111" hai1="22,62,85,121,133,40,135,83,9,27,115,51,90" hai2="21,122,55,105,81,43,58,42,63,114,93,108,117" hai3="95,102,112,17,24,5,96,29,99,57,129,107,28"/><V74/><F105/><W82/><G112/><T110/><D128/><U39/><E115/><V119/><F114/><W30/><G129/><T127/><D132/><N who="1" m="50763" /><E121/><V71/><F122/><W113/><G113/><T89/><D127/><U13/><E39/><V18/><F108/><W130/><G130/><T60/><D116/><U16/><E62/><V118/><F71/><W52/><G82/><T14/><D60/><U126/><E126/><V124/><F124/><W7/><G107/><T64/><D64/><U106/><E106/><V77/><REACH who="2" step="1"/><F93/><REACH who="2" ten="191,185,389,225" step="2"/><W120/><G120/><T32/><D110/><U48/><E40/><V53/><F53/><W73/><G52/><T23/><D111/><U2/><E2/><V101/><F101/><W67/><G95/><T8/><D1/><U78/><E78/><V92/><F92/><W103/><G103/><T50/><D109/><U26/><E26/><AGARI ba="1,1" hai="18,21,26,42,43,55,58,63,74,77,81,117,118,119" machi="26" ten="40,3900,0" yaku="1,1,52,1,53,0" doraHai="12" doraHaiUra="91" who="2" fromWho="1" sc="191,0,185,-42,389,52,225,0" /><INIT seed="2,2,0,3,1,49" ten="191,143,441,225" oya="2" hai0="33,113,99,51,47,45,131,109,59,119,81,95,132" hai1="122,11,25,64,121,92,110,123,128,16,38,104,63" hai2="91,56,46,43,53,135,22,74,93,28,6,88,102" hai3="21,127,23,35,26,19,34,10,77,2,75,31,29"/><V101/><F74/><W58/><G75/><T30/><D113/><U40/><E104/><V79/><F79/><W118/><G77/><T105/><D105/><U96/><E128/><V44/><F6/><N who="3" m="1367" /><G58/><T14/><D131/><U0/><E110/><V37/><F135/><W83/><G83/><T42/><D132/><U32/><E40/><V111/><F111/><W54/><G54/><T13/><D109/><U3/><E38/><V12/><F44/><W87/><G87/><T65/><D119/><U130/><E130/><V108/><F108/><W98/><G98/><T84/><D30/><N who="3" m="11273" /><G127/><T39/><D33/><N who="3" m="12297" /><G118/><T36/><D36/><U60/><E64/><V94/><F94/><W20/><AGARI ba="2,0" hai="19,20,21,23,26" m="12297,11273,1367" machi="20" ten="30,8000,1" yaku="35,5" doraHai="49" who="3" fromWho="3" sc="191,-22,143,-22,441,-42,225,86" /><INIT seed="3,0,0,3,2,24" ten="169,121,399,311" oya="3" hai0="122,52,112,26,41,44,18,39,128,113,63,42,14" hai1="127,93,80,88,115,30,22,35,51,12,8,38,15" hai2="99,120,0,1,85,133,78,60,114,106,4,29,129" hai3="98,125,19,111,23,100,64,74,13,107,20,31,16"/><W7/><G74/><T33/><D122/><U75/><E38/><V11/><F114/><N who="0" m="44138" /><D128/><U102/><E115/><V92/><F129/><W67/><G7/><T71/><D39/><U101/><E127/><V10/><F133/><W134/><G134/><T81/><D81/><U117/><E117/><V84/><F120/><W121/><G125/><T109/><D109/><U40/><E35/><V57/><F106/><W65/><G111/><T56/><D71/><U61/><E61/><V130/><F130/><W34/><G121/><T48/><D26/><N who="1" m="16727" /><E80/><V17/><F78/><W68/><G19/><T28/><D33/><U94/><E75/><V70/><F70/><W132/><G132/><T116/><D116/><U86/><E94/><V3/><F17/><W79/><G79/><T47/><D44/><N who="1" m="25991" /><E15/><V45/><F45/><W73/><G73/><T90/><D90/><U123/><E123/><V97/><F1/><W32/><G68/><T103/><D103/><U104/><E104/><V118/><F3/><W83/><G83/><T76/><D76/><U5/><AGARI ba="0,0" hai="5,8,12,86,88,93,101,102" m="25991,16727" machi="5" ten="30,4000,0" yaku="8,1,52,1,54,1" doraHai="24" who="1" fromWho="1" sc="169,-10,121,40,399,-10,311,-20" /><INIT seed="4,0,0,1,5,91" ten="159,161,389,291" oya="0" hai0="70,133,99,116,36,35,125,83,24,111,102,42,77" hai1="48,86,21,50,88,75,123,76,45,97,72,17,29" hai2="113,104,60,58,20,90,2,62,19,92,87,94,93" hai3="32,66,16,23,25,79,55,80,107,63,78,1,7"/><T0/><D24/><U39/><E123/><V98/><F2/><W54/><G107/><T132/><D42/><U120/><E120/><V28/><F113/><W13/><G78/><T65/><D36/><U57/><E39/><V33/><F33/><W53/><G1/><T56/><D56/><U34/><E34/><V47/><F28/><W112/><G112/><T68/><D116/><U128/><E128/><V100/><F47/><W41/><G41/><T14/><D125/><U131/><E131/><V38/><F38/><W85/><G7/><T71/><D0/><U11/><E75/><V10/><F10/><W105/><G105/><N who="0" m="63711" /><D111/><U124/><E124/><V59/><F59/><W52/><N who="3" m="13824" /><DORA hai="51" /><W106/><G106/><T127/><D127/><U89/><E72/><V129/><F129/><W69/><REACH who="3" step="1"/><G32/><REACH who="3" ten="159,161,389,281" step="2"/><T96/><D35/><U135/><E76/><V30/><F104/><W22/><G22/><T115/><D115/><U118/><E21/><V108/><F20/><W44/><G44/><T101/><D133/><U18/><E45/><V4/><F4/><W12/><AGARI ba="0,1" hai="12,13,16,23,25,63,66,69,79,80,85" m="13824" machi="12" ten="40,16000,3" yaku="1,1,0,1,52,4,54,2,53,1" doraHai="91,51" doraHaiUra="31,82" who="3" fromWho="3" sc="159,-80,161,-40,389,-40,281,170" /><INIT seed="5,0,0,2,2,8" ten="79,121,349,451" oya="1" hai0="63,134,34,94,132,25,47,5,41,54,44,100,42" hai1="32,85,48,45,95,29,99,127,35,128,79,13,14" hai2="76,39,64,3,125,17,12,133,86,24,126,22,116" hai3="105,119,1,115,21,78,62,0,77,112,71,110,18"/><U102/><E128/><V6/><F116/><W23/><G119/><T103/><D5/><U84/><E127/><N who="2" m="48651" /><F39/><W120/><G120/><T61/><D25/><U4/><E35/><V88/><F64/><N who="3" m="41367" /><G23/><T131/><D94/><U7/><E29/><V49/><F76/><N who="3" m="29291" /><G105/><T20/><D20/><U91/><E32/><V114/><F133/><N who="0" m="51306" /><D54/><N who="1" m="29967" /><E79/><V69/><F69/><W37/><G37/><T46/><D34/><U121/><E121/><V28/><F49/><W51/><G51/><T75/><D75/><U38/><E38/><V108/><F108/><W30/><G30/><T124/><D131/><U27/><E27/><V55/><F55/><W81/><G81/><T130/><D130/><U113/><E113/><N who="3" m="43594" /><G110/><T53/><D53/><U111/><E111/><V83/><F114/><W82/><G82/><T11/><D11/><N who="1" m="4327" /><E102/><N who="0" m="38953" /><D124/><U66/><E66/><V98/><F3/><W106/><G106/><T101/><N who="0" m="38961" /><T109/><DORA hai="19" /><D109/><U122/><E122/><V107/><F107/><W73/><G73/><T26/><D26/><AGARI ba="0,0" hai="0,1,18,21,26" m="43594,29291,41367" machi="26" ten="30,2000,0" yaku="15,1,52,1" doraHai="8,19" who="3" fromWho="0" sc="79,-20,121,0,349,0,451,20" /><INIT seed="6,0,0,1,3,62" ten="59,121,349,471" oya="2" hai0="129,25,126,2,13,70,52,119,11,65,18,132,81" hai1="89,69,96,105,106,134,75,130,135,57,123,121,46" hai2="66,80,87,14,127,9,90,44,67,23,107,38,84" hai3="82,112,68,0,29,88,73,78,8,6,43,91,115"/><V24/><F107/><N who="1" m="40969" /><E69/><V86/><F127/><W1/><G68/><T21/><D126/><U83/><E130/><V79/><F38/><W30/><G0/><T31/><D129/><U28/><E28/><N who="2" m="17439" /><F44/><W37/><G30/><T72/><D119/><U5/><E5/><N who="2" m="3375" /><F87/><W39/><G29/><T56/><D132/><N who="1" m="50731" /><E57/><V49/><F49/><W34/><G34/><T61/><D2/><U104/><E46/><V113/><F113/><N who="3" m="43595" /><G43/><T97/><D97/><U74/><E104/><V118/><F118/><W22/><G22/><T125/><D125/><U95/><E83/><AGARI ba="0,0" hai="66,67,79,80,83,84,86,90" m="3375,17439" machi="83" ten="30,5800,0" yaku="8,1,52,2" doraHai="62" who="2" fromWho="1" sc="59,0,121,-58,349,58,471,0" /><INIT seed="6,1,0,1,2,98" ten="59,63,407,471" oya="2" hai0="41,121,15,18,103,30,5,122,40,28,97,37,131" hai1="7,6,26,82,79,135,46,14,27,24,116,43,16" hai2="38,93,109,35,44,84,19,101,1,68,57,54,112" hai3="69,39,126,29,48,20,80,47,108,4,58,124,78"/><V3/><F112/><W45/><G69/><T100/><D5/><U9/><E135/><V25/><F109/><W129/><G108/><T0/><D0/><U88/><E116/><V104/><F104/><W12/><G39/><T86/><D131/><U94/><E82/><V55/><F68/><W91/><G91/><T90/><D37/><U76/><E79/><V21/><F35/><W17/><G129/><T52/><D121/><U33/><E76/><V85/><F3/><W111/><G111/><T106/><D122/><U11/><E33/><V22/><F1/><W67/><G29/><N who="0" m="11371" /><D106/><U120/><E120/><V102/><F22/><W32/><G4/><T42/><D97/><N who="1" m="57543" /><E11/><V127/><F127/><N who="3" m="48683" /><G32/><T65/><D65/><U8/><E9/><V56/><F38/><W130/><G130/><T66/><D66/><U74/><E74/><V75/><F75/><N who="3" m="43103" /><G67/><T96/><D52/><AGARI ba="1,0" hai="12,17,20,45,47,48,52,58" m="43103,48683" machi="52" ten="30,2000,0" yaku="18,1,54,1" doraHai="98" who="3" fromWho="0" sc="59,-23,63,0,407,0,471,23" /><INIT seed="7,0,0,5,3,93" ten="36,63,407,494" oya="3" hai0="100,6,34,38,134,11,117,18,122,83,84,31,66" hai1="58,57,97,106,96,54,51,75,102,121,29,89,109" hai2="10,91,63,95,98,45,17,112,111,92,60,101,56" hai3="9,26,103,105,43,87,73,65,59,88,48,118,126"/><W53/><G73/><T39/><D122/><U132/><E75/><V16/><F112/><W114/><G118/><T55/><D117/><U135/><E121/><V20/><F111/><W50/><G114/><T69/><D134/><N who="1" m="51243" /><E29/><V30/><F45/><W25/><G126/><T2/><D18/><U46/><E109/><V127/><F127/><W119/><G119/><T3/><D3/><U124/><E124/><V37/><F37/><W131/><G131/><T82/><D100/><N who="1" m="62735" /><E89/><V1/><F1/><W104/><G65/><T61/><D55/><U130/><E130/><V42/><F42/><W67/><G67/><T14/><D14/><U78/><E78/><V80/><F80/><W52/><G43/><T90/><REACH who="0" step="1"/><D83/><REACH who="0" ten="26,63,407,494" step="2"/><U33/><E33/><V44/><F44/><W13/><G53/><T72/><D72/><U0/><E0/><V4/><F4/><W21/><G13/><T22/><D22/><U74/><E74/><V49/><F10/><W115/><G9/><T107/><D107/><AGARI ba="0,1" hai="46,51,54,57,58,96,102,107" m="62735,51243" machi="107" ten="30,3900,0" yaku="20,1,52,2" doraHai="93" who="1" fromWho="0" sc="26,-39,63,49,407,0,494,0" owari="-13,-51.0,112,-29.0,407,21.0,494,59.0" /></mjloggm>