<mjloggm ver="2.3"><GO type="169" lobby="0"/><UN n0="%E3%81%98%E3%82%87%E3%83%BC%E3%81%99%E3%81%9F%E3%83%BC%E2%98%85" n1="%EF%BC%88%E2%89%A7%E2%96%BD%E2%89%A6%EF%BC%89" n2="%E3%81%BE%E3%82%86%E3%81%BE%E3%82%86%37%37" n3="%E3%81%97%E3%81%BE%E3%81%9F%E3%82%8D%E3%81%86%EF%BC%A0" dan="16,19,18,16" rate="2033.25,2255.09,2168.79,2104.28" sx="F,M,F,M"/><TAIKYOKU oya="0"/><INIT seed="0,0,0,3,0,55" ten="250,250,250,250" oya="0" hai0="39,16,93,66,110,40,7,49,90,134,36,54,69" hai1="33,52,98,123,38,120,3,8,132,131,5,37,80" hai2="72,56,23,133,76,79,57,116,64,89,101,130,127" hai3="27,103,45,65,59,44,74,14,31,58,63,60,77"/><T108/><D134/><U50/><E132/><V102/><F72/><W30/><G74/><T109/><D7/><U111/><E33/><V12/><F133/><W4/><G77/><N who="2" m="29769" /><F64/><N who="3" m="38935" /><G103/><N who="2" m="39433" /><F130/><W68/><G68/><T82/><D40/><U118/><E131/><V25/><F127/><W117/><G117/><T86/><D82/><U104/><E118/><V87/><F12/><W26/><G26/><T78/><D78/><U112/><E80/><N who="2" m="49383" /><F116/><W85/><G85/><T9/><D69/><U126/><E126/><V92/><F92/><W88/><G88/><T135/><D135/><U67/><E38/><V46/><F46/><N who="3" m="18027" /><G27/><T106/><D106/><U32/><E104/><V22/><F22/><W21/><G21/><T2/><D2/><U83/><E3/><V114/><F114/><W6/><G6/><T71/><D71/><U1/><E5/><V29/><AGARI ba="0,0" hai="23,25,29,56,57" m="49383,39433,29769" machi="29" ten="30,4000,0" yaku="8,1,52,2" doraHai="55" who="2" fromWho="2" sc="250,-20,250,-10,250,40,250,-10" /><INIT seed="1,0,0,5,5,18" ten="230,240,290,240" oya="1" hai0="65,105,81,71,70,134,52,61,126,120,29,33,51" hai1="6,43,86,84,110,42,9,114,111,88,31,46,75" hai2="39,95,60,82,23,125,47,93,94,112,133,107,53" hai3="135,72,34,48,10,8,96,130,15,12,115,103,123"/><U57/><E75/><V5/><F107/><W16/><G115/><T17/><D134/><U106/><E106/><V50/><F133/><W21/><G123/><T97/><D126/><U32/><E114/><V89/><F125/><W108/><G34/><T40/><D120/><U99/><E57/><V66/><F5/><W90/><G72/><T109/><D71/><U38/><E43/><V87/><F112/><W0/><G135/><T2/><D2/><U67/><E67/><V92/><F39/><W41/><G130/><T27/><D109/><N who="1" m="41483" /><E31/><V30/><F92/><W100/><G0/><T35/><D81/><N who="1" m="49167" /><E32/><V24/><F60/><W73/><G73/><T19/><D40/><U14/><E99/><V1/><F1/><W122/><G122/><T118/><D35/><U56/><E56/><V69/><F69/><W45/><G108/><T3/><D3/><U44/><E44/><V49/><F49/><W98/><G98/><T101/><D118/><U28/><E28/><V77/><REACH who="2" step="1"/><F66/><REACH who="2" ten="230,240,280,240" step="2"/><W74/><G48/><T68/><D70/><U55/><E55/><V26/><F26/><N who="3" m="14631" /><G41/><T116/><D116/><U11/><E86/><AGARI ba="0,1" hai="23,24,30,47,50,53,77,82,86,87,89,93,94,95" machi="86" ten="30,7700,0" yaku="1,1,7,1,8,1,52,1,53,0" doraHai="18" doraHaiUra="121" who="2" fromWho="1" sc="230,0,240,-77,280,87,240,0" /><INIT seed="2,0,0,3,2,0" ten="230,163,367,240" oya="2" hai0="11,128,49,120,130,6,53,9,36,108,40,92,80" hai1="125,122,83,100,43,75,16,78,18,82,87,31,51" hai2="111,105,71,30,44,68,60,5,24,91,90,135,93" hai3="17,12,42,35,29,106,2,20,28,66,33,76,38"/><V61/><F105/><W77/><G106/><T50/><D120/><U102/><E122/><V127/><F127/><W101/><G101/><T34/><D34/><U103/><E31/><V117/><F117/><W48/><G38/><T104/><D104/><U54/><E43/><V74/><F74/><W4/><G66/><T47/><D108/><U131/><E131/><N who="0" m="50217" /><D92/><U55/><E125/><V52/><F135/><W64/><G64/><T10/><D80/><U32/><E32/><V94/><F24/><N who="3" m="18567" /><G42/><T112/><D112/><U15/><E15/><V89/><F30/><W19/><G48/><N who="0" m="18539" /><D53/><U81/><E55/><V41/><F41/><W107/><G107/><T114/><D114/><U96/><E96/><V45/><F90/><W129/><G129/><T46/><D46/><U113/><E113/><V39/><F52/><W63/><G63/><T72/><D72/><U97/><E97/><V84/><F111/><W118/><G118/><T8/><D8/><U86/><E75/><V134/><F134/><W67/><G67/><T133/><D133/><U69/><E69/><V99/><F99/><W22/><G76/><T123/><D123/><U13/><E78/><V62/><F62/><W21/><G77/><T14/><AGARI ba="0,0" hai="6,9,10,11,14,36,40,47" m="18539,50217" machi="14" ten="30,2000,0" yaku="19,1,52,1" doraHai="0" who="0" fromWho="0" sc="230,20,163,-5,367,-10,240,-5" /><INIT seed="3,0,0,0,0,23" ten="250,158,357,235" oya="3" hai0="118,111,57,95,126,21,84,29,123,43,34,37,96" hai1="40,112,98,51,119,62,115,120,60,133,1,100,7" hai2="42,79,63,11,0,70,67,47,35,52,41,122,69" hai3="44,99,26,102,125,22,103,92,104,82,56,45,49"/><W24/><G125/><T36/><D34/><U12/><E1/><V86/><F35/><W116/><G116/><T17/><D126/><U25/><E120/><V107/><F107/><W85/><G104/><T121/><D118/><U3/><E3/><V68/><F79/><W20/><G102/><T27/><D111/><U18/><E119/><V93/><F86/><W113/><G113/><T128/><D128/><U30/><E133/><V129/><F93/><W2/><G2/><T14/><D84/><U13/><E7/><V108/><F11/><W9/><G9/><T74/><D74/><U50/><E115/><V97/><F97/><W127/><G127/><T6/><D6/><U94/><E112/><V91/><F91/><N who="3" m="51639" /><G56/><T28/><D57/><U135/><E135/><V65/><F0/><W8/><G8/><T59/><D59/><U66/><E40/><V32/><F108/><W124/><G124/><T61/><D43/><N who="2" m="16394" /><F32/><W64/><G64/><T109/><D109/><U87/><E87/><V16/><F67/><W106/><G106/><T71/><D121/><U53/><E66/><V5/><F65/><W101/><G101/><T54/><D123/><U33/><E53/><V88/><F47/><N who="3" m="17995" /><G49/><T130/><D36/><U31/><E51/><V19/><F122/><W117/><G117/><T76/><D37/><U110/><E50/><V134/><F70/><W132/><G132/><T10/><D71/><U39/><E39/><V77/><F69/><W75/><G75/><T46/><D46/><U114/><E110/><V83/><F134/><W81/><G81/><T131/><D131/><RYUUKYOKU ba="0,0" sc="250,-10,158,-10,357,-10,235,30" hai3="20,22,24,26,92,99,103" /><INIT seed="3,1,0,2,0,38" ten="240,148,347,265" oya="3" hai0="31,96,45,13,125,51,117,98,12,52,3,129,135" hai1="126,72,97,91,5,60,11,123,2,22,114,100,50" hai2="33,83,8,77,87,71,110,75,23,6,65,84,59" hai3="58,47,64,127,132,89,80,17,4,20,66,15,1"/><W95/><G132/><T112/><D3/><U124/><E123/><V111/><F33/><W119/><G127/><T122/><D125/><U63/><E72/><V106/><F71/><W133/><G133/><T101/><D135/><U85/><E114/><V7/><F106/><W105/><G105/><T62/><D112/><U27/><E50/><V61/><F23/><W121/><G119/><T35/><D122/><U49/><E49/><V30/><F30/><W70/><G70/><T73/><D73/><U48/><E48/><V120/><F120/><W53/><G121/><T128/><D117/><U0/><E0/><N who="2" m="71" /><F7/><W107/><G107/><T28/><D62/><U57/><E124/><V42/><F42/><W88/><G47/><T37/><D37/><U10/><E126/><V24/><F24/><W18/><G4/><T118/><D118/><U67/><E63/><V82/><F82/><W41/><G41/><T19/><D12/><U9/><E85/><V29/><F29/><N who="0" m="11338" /><D101/><U93/><REACH who="1" step="1"/><E91/><REACH who="1" ten="240,138,347,265" step="2"/><V104/><F87/><N who="3" m="50279" /><G1/><T108/><D35/><U130/><E130/><V115/><F84/><N who="3" m="52647" /><G18/><AGARI ba="1,1" hai="2,5,9,10,11,18,22,27,57,60,67,93,97,100" machi="18" ten="30,3900,0" yaku="1,1,7,1,53,1" doraHai="38" doraHaiUra="21" who="1" fromWho="3" sc="240,0,138,52,347,0,265,-42" /><INIT seed="4,0,0,5,4,125" ten="240,190,347,223" oya="0" hai0="2,85,15,51,20,4,41,88,80,33,52,112,0" hai1="44,34,126,8,133,87,70,90,111,30,101,56,19" hai2="104,54,82,48,47,116,121,131,118,81,38,99,66" hai3="114,25,110,86,23,6,94,7,3,36,109,105,74"/><T97/><D33/><U89/><E70/><V76/><F121/><W21/><G36/><T24/><D112/><U65/><E111/><V67/><F38/><W61/><G105/><T59/><D41/><U124/><E133/><V26/><F26/><W28/><G74/><T45/><D97/><U18/><E101/><N who="2" m="62527" /><F131/><W120/><G114/><T106/><D106/><U123/><E123/><V11/><F11/><W32/><G61/><T10/><REACH who="0" step="1"/><D45/><REACH who="0" ten="230,190,347,223" step="2"/><U127/><E44/><V9/><F47/><W1/><G120/><T92/><D92/><U31/><E34/><V135/><F135/><W50/><G94/><T113/><D113/><U69/><E127/><V98/><F98/><W40/><G40/><T53/><D53/><U96/><E126/><V83/><F54/><W29/><G32/><T73/><D73/><U91/><E124/><V134/><F134/><W68/><G86/><T95/><D95/><U93/><E87/><V16/><F118/><W49/><G109/><T42/><D42/><U27/><E93/><V62/><F116/><W72/><G72/><T79/><D79/><U58/><E96/><V77/><F76/><W84/><G84/><T39/><D39/><U13/><E90/><V103/><F77/><W119/><G110/><T12/><D12/><U22/><E91/><V5/><F103/><W117/><G25/><T128/><D128/><U115/><E89/><V60/><F67/><W107/><G107/><T102/><D102/><U57/><E115/><V35/><F35/><W64/><G64/><T63/><D63/><N who="1" m="40127" /><E13/><N who="2" m="7215" /><F66/><W43/><G43/><T46/><D46/><RYUUKYOKU ba="0,1" sc="230,10,190,10,347,-30,223,10" hai0="0,2,4,10,15,20,24,51,52,59,80,85,88" hai1="8,18,19,22,27,30,31,56,57,58" hai3="1,3,6,7,21,23,28,29,49,50,68,117,119" /><INIT seed="4,1,1,1,4,50" ten="240,200,317,233" oya="0" hai0="133,11,134,99,20,40,64,129,114,78,44,121,80" hai1="116,38,16,115,91,13,2,15,110,109,92,21,88" hai2="97,103,39,98,117,35,34,1,89,4,36,131,66" hai3="33,82,3,85,135,93,75,104,112,87,56,9,65"/><T130/><D121/><U107/><E107/><V94/><F131/><N who="0" m="50186" /><D114/><U63/><E2/><V25/><F117/><W126/><G104/><T124/><D64/><U28/><E38/><V54/><F66/><W120/><G33/><T74/><D11/><U48/><E116/><V128/><F39/><W113/><G120/><T102/><D20/><U45/><E115/><V30/><F36/><W77/><G9/><T76/><D76/><U22/><E110/><V62/><F128/><W41/><G3/><T42/><D124/><U49/><E109/><V95/><F1/><W51/><G126/><T81/><D81/><U125/><E125/><V8/><F8/><W70/><G70/><T53/><D53/><N who="1" m="29839" /><E63/><V61/><F4/><W84/><G112/><T60/><D60/><U57/><E92/><V52/><F62/><W69/><G69/><T72/><D72/><U108/><E108/><V67/><F35/><W24/><G75/><T5/><D5/><U132/><E28/><V83/><F83/><W101/><G65/><T0/><D0/><U37/><E37/><V27/><F25/><W43/><G24/><T55/><D55/><N who="1" m="31983" /><E132/><N who="0" m="50793" /><D44/><U6/><E6/><V127/><F127/><W79/><G135/><T105/><AGARI ba="1,1" hai="40,42,74,78,80,99,102,105" m="50793,50186" machi="105" ten="30,3000,0" yaku="19,1,20,1" doraHai="50" who="0" fromWho="0" sc="240,43,200,-11,317,-11,233,-11" /><INIT seed="4,2,0,0,3,29" ten="283,189,306,222" oya="0" hai0="117,118,72,113,88,133,32,35,92,37,105,100,55" hai1="59,70,57,8,98,104,82,25,77,73,54,17,93" hai2="111,50,115,22,128,94,15,91,41,7,89,39,108" hai3="71,18,66,120,122,116,123,67,6,79,74,131,134"/><T106/><D72/><U40/><E70/><V60/><F39/><W65/><G116/><T86/><D37/><U20/><E104/><V36/><F36/><W103/><G6/><T81/><D133/><U21/><E40/><V16/><F128/><W99/><G131/><T28/><D28/><U34/><E34/><V38/><F38/><W112/><G112/><T9/><D113/><U78/><E78/><V56/><F91/><W85/><G134/><T132/><D132/><U97/><E8/><V107/><F107/><W11/><G71/><T31/><D9/><U83/><E83/><V114/><F7/><W95/><G74/><T46/><D31/><U80/><E80/><V10/><F10/><W68/><G68/><T53/><D105/><U52/><E21/><V109/><F50/><W5/><G18/><T135/><D106/><U62/><REACH who="1" step="1"/><E93/><REACH who="1" ten="283,179,306,222" step="2"/><V0/><F41/><W3/><G79/><T129/><D135/><U119/><E119/><V44/><F114/><W47/><G120/><T45/><D117/><U4/><E4/><V51/><F115/><W102/><G122/><T27/><D118/><U127/><E127/><V42/><F0/><W124/><G124/><T63/><D129/><U125/><E125/><V48/><F42/><W12/><G123/><T90/><D92/><U84/><E84/><V126/><F126/><W13/><G85/><T61/><D86/><U14/><E14/><V76/><F76/><W2/><G2/><T130/><D81/><U101/><E101/><V121/><F121/><W64/><N who="3" m="16896" /><DORA hai="24" /><W58/><G102/><T75/><D100/><RYUUKYOKU ba="2,1" sc="283,-10,179,30,306,-10,222,-10" hai1="17,20,25,52,54,57,59,62,73,77,82,97,98" /><INIT seed="5,3,1,1,3,67" ten="273,209,296,212" oya="1" hai0="73,44,21,125,126,86,56,104,46,10,66,115,75" hai1="78,99,13,82,127,94,31,80,93,71,87,68,61" hai2="48,89,81,97,119,65,27,39,34,8,9,50,101" hai3="26,95,79,121,30,25,5,62,41,117,22,84,24"/><U6/><E127/><V18/><F39/><W72/><G121/><T28/><D104/><U123/><E123/><V105/><F119/><W55/><G117/><T88/><D115/><U15/><E31/><V37/><F37/><W85/><G41/><T102/><D102/><U52/><E6/><V57/><F50/><W131/><G131/><T108/><D108/><U33/><E33/><V116/><F9/><W23/><G5/><T20/><D10/><U130/><E130/><V135/><F8/><W76/><G72/><T3/><D3/><U112/><E112/><V2/><F135/><W111/><G111/><T106/><D106/><U109/><E109/><V134/><F134/><W74/><G74/><T7/><D7/><U132/><E132/><V77/><F34/><W35/><G35/><T120/><D120/><U0/><E0/><V51/><F18/><W47/><G26/><N who="0" m="16455" /><D21/><U32/><E32/><V58/><F27/><W38/><G38/><T11/><D11/><U133/><E133/><V70/><F2/><W128/><G128/><T107/><D107/><U90/><E80/><V19/><F19/><W14/><G14/><T40/><D125/><U45/><E94/><V124/><F81/><W1/><G1/><T129/><D129/><U118/><E118/><V12/><F12/><N who="1" m="4681" /><E45/><V63/><F124/><W17/><G95/><N who="0" m="54679" /><D44/><U110/><E110/><V92/><F116/><W53/><G47/><T69/><D126/><U113/><E113/><V100/><F105/><W4/><G4/><T122/><D122/><U103/><E103/><N who="2" m="39499" /><F77/><W98/><G76/><T54/><D46/><RYUUKYOKU ba="3,1" sc="273,-15,209,15,296,15,212,-15" hai1="52,61,68,71,78,82,87,90,93,99" hai2="48,51,57,58,63,65,70,89,92,97" /><INIT seed="5,4,1,2,3,126" ten="258,224,311,197" oya="1" hai0="60,105,65,133,85,107,70,104,16,109,34,122,36" hai1="9,23,15,62,67,101,19,11,30,17,10,95,110" hai2="13,35,52,98,48,32,6,87,80,93,128,69,21" hai3="123,64,66,2,82,74,68,40,102,44,50,103,108"/><U58/><E110/><V116/><F69/><W130/><G108/><T118/><D109/><U57/><E30/><V47/><F116/><W117/><G123/><T78/><D118/><U61/><E101/><V94/><F128/><W106/><G130/><T26/><D122/><U7/><E95/><V131/><F94/><W3/><G117/><T33/><D36/><U112/><E112/><V46/><F131/><W91/><G68/><T113/><D113/><U20/><E7/><V28/><F35/><W76/><G3/><T88/><D78/><U43/><E43/><V37/><F32/><W1/><G1/><T4/><D4/><U135/><E135/><V99/><F37/><W90/><G2/><T115/><D133/><U31/><E31/><V124/><F46/><W97/><G102/><T14/><D26/><U111/><E111/><V92/><F124/><W55/><G40/><T81/><REACH who="0" step="1"/><D115/><REACH who="0" ten="248,224,311,197" step="2"/><U132/><E132/><V77/><F99/><W22/><G91/><T27/><D27/><N who="1" m="14735" /><E9/><AGARI ba="4,2" hai="9,14,16,33,34,60,65,70,81,85,88,104,105,107" machi="9" ten="40,5200,0" yaku="1,1,54,2,53,0" doraHai="126" doraHaiUra="125" who="0" fromWho="1" sc="248,84,224,-64,311,0,197,0" /><INIT seed="6,0,0,3,5,5" ten="332,160,311,197" oya="2" hai0="27,62,110,98,4,17,20,43,59,11,124,92,6" hai1="8,91,2,115,54,131,49,39,77,55,85,130,135" hai2="103,128,48,73,68,36,23,60,101,134,7,90,3" hai3="35,107,67,21,88,53,64,133,45,123,13,120,114"/><V108/><F36/><W111/><G35/><T132/><D110/><U82/><E39/><V40/><F73/><W99/><G111/><T112/><D112/><U95/><E115/><V42/><F23/><W37/><G114/><T56/><D124/><U12/><E2/><V26/><F26/><W83/><G133/><T72/><D132/><U38/><E38/><V81/><F101/><W58/><G107/><T52/><D72/><U0/><E0/><V16/><F103/><W96/><G45/><T106/><D43/><U66/><E66/><N who="3" m="25130" /><G37/><T94/><D106/><U29/><E29/><V78/><F16/><N who="3" m="10383" /><G120/><T44/><D44/><U87/><E135/><V104/><F104/><W117/><G117/><T93/><D98/><U80/><E95/><V51/><F68/><W31/><G31/><N who="0" m="17895" /><D56/><U118/><E118/><V33/><F33/><W84/><G123/><T19/><D19/><U30/><E30/><V102/><F102/><W25/><G25/><T109/><D109/><U22/><E22/><V1/><F1/><W122/><G122/><T18/><D18/><U121/><E121/><V15/><F3/><W9/><G9/><T32/><D32/><U71/><E71/><V34/><F34/><W10/><G10/><T119/><D119/><U70/><E70/><V126/><F126/><W100/><G100/><T75/><D75/><U63/><E8/><V125/><F125/><W127/><G127/><T76/><D11/><U57/><REACH who="1" step="1"/><E12/><REACH who="1" ten="332,150,311,197" step="2"/><V61/><F15/><W116/><G116/><T74/><D6/><U105/><E105/><V14/><F7/><W41/><G41/><RYUUKYOKU ba="0,1" sc="332,-15,150,15,311,-15,197,15" hai1="49,54,55,57,63,77,80,82,85,87,91,130,131" hai3="53,58,83,84,88,96,99" /><INIT seed="7,1,1,0,2,133" ten="317,165,296,212" oya="3" hai0="57,30,36,96,48,4,80,81,47,72,73,27,91" hai1="71,10,8,14,7,75,67,127,104,116,59,2,108" hai2="41,125,25,13,38,15,42,19,130,66,117,77,1" hai3="9,34,126,46,112,113,97,93,106,134,53,31,55"/><W51/><G106/><T124/><D36/><U61/><E108/><V23/><F1/><W101/><G134/><T22/><D4/><U86/><E75/><V24/><F117/><W52/><G126/><T76/><D124/><U37/><E116/><V39/><F130/><W50/><G34/><T100/><D57/><U102/><E37/><V49/><F77/><W20/><G9/><T74/><D91/><U119/><E119/><V18/><F49/><W105/><G105/><T123/><D81/><U78/><E127/><V85/><F125/><W21/><G55/><T122/><D122/><U132/><E132/><V94/><F66/><W99/><G99/><T35/><D35/><U5/><E71/><V6/><F23/><W128/><G128/><T64/><D64/><U82/><E104/><V114/><F85/><W115/><REACH who="3" step="1"/><G31/><REACH who="3" ten="317,165,296,202" step="2"/><T107/><D123/><U45/><E102/><V109/><F109/><W43/><G43/><AGARI ba="1,2" hai="22,27,30,43,47,48,72,73,74,76,80,96,100,107" machi="43" ten="30,1000,0" yaku="7,1" doraHai="133" who="0" fromWho="3" sc="317,33,165,0,296,0,202,-13" owari="350,44.0,165,-33.0,296,10.0,189,-21.0" /></mjloggm>