<mjloggm ver="2.3"><GO type="169"/><UN n0="%E3%82%86%E3%82%86" n1="%E9%AB%98%E7%94%BA%E3%83%B4%E3%82%A3%E3%83%B4%E3%82%A3%E3%82%AA%E2%98%86" n2="%E3%81%B3%E3%82%8A%E3%81%B3%E3%82%8A%E2%98%86%E3%83%93%E3%83%AA%E3%83%BC" n3="%EF%BC%88%E2%89%A7%E2%96%BD%E2%89%A6%EF%BC%89" dan="16,17,18,17" rate="2049,2113,2222,2116" sx="M,F,M,M"/><TAIKYOKU oya="0"/><INIT seed="0,0,0,2,3,91" ten="250,250,250,250" oya="0" hai0="69,102,28,78,119,46,134,66,101,72,39,4,110" hai1="93,76,3,121,40,59,19,96,68,74,120,99,63" hai2="109,118,57,9,12,135,122,80,77,6,23,113,125" hai3="92,15,85,65,41,20,114,53,26,86,14,94,33"/><T44/><D119/><U51/><E3/><V117/><F122/><W71/><G114/><T13/><D28/><U27/><E68/><V7/><F113/><W61/><G33/><T87/><D72/><U31/><E76/><V97/><F109/><W89/><G41/><T34/><D34/><U82/><E74/><V10/><F23/><W58/><G86/><T2/><D2/><U130/><E82/><V49/><F135/><W18/><REACH who="3" step="1"/><G94/><REACH who="3" ten="250,250,250,240" step="2"/><T55/><D87/><U129/><E93/><V75/><F97/><W116/><G116/><T83/><D134/><U132/><E40/><V42/><F42/><W105/><G105/><T47/><D39/><U108/><E132/><V54/><REACH who="2" step="1"/><F125/><REACH who="2" ten="250,250,240,240" step="2"/><W88/><G88/><T100/><D100/><U38/><E108/><V106/><F106/><W131/><G131/><T11/><D110/><U111/><E129/><V98/><F98/><W70/><G70/><T79/><D102/><U62/><E99/><V22/><F22/><W37/><G37/><T25/><D101/><U29/><E38/><V126/><F126/><W30/><G30/><T21/><D69/><U8/><E31/><V36/><F36/><W1/><G1/><AGARI ba="0,2" hai="1,6,7,9,10,12,49,54,57,75,77,80,117,118" machi="1" ten="40,5200,0" yaku="1,1,53,2" doraHai="91" doraHaiUra="115" who="2" fromWho="3" sc="250,0,250,0,240,72,240,-52" /><INIT seed="1,0,0,2,4,47" ten="250,250,312,188" oya="1" hai0="114,67,73,5,53,40,0,135,59,79,61,7,38" hai1="41,49,117,71,113,128,125,112,1,26,18,75,69" hai2="119,32,132,23,6,54,85,102,120,13,12,50,92" hai3="115,29,88,121,93,101,65,36,25,86,14,90,104"/><U127/><E75/><V76/><F32/><W66/><G36/><T80/><D114/><U39/><E1/><V62/><F119/><W57/><G121/><T45/><D135/><U96/><E39/><V35/><F35/><W11/><G115/><T8/><REACH who="0" step="1"/><D7/><REACH who="0" ten="240,250,312,188" step="2"/><U21/><E113/><V130/><F6/><W3/><G3/><T68/><D68/><U99/><E71/><V124/><F132/><W60/><G104/><T4/><D4/><U133/><E69/><V44/><F120/><W33/><G101/><T97/><D97/><U15/><E99/><V87/><F102/><W55/><REACH who="3" step="1"/><G90/><REACH who="3" ten="240,250,312,178" step="2"/><T9/><D9/><U58/><E133/><V27/><F130/><W46/><G46/><T24/><D24/><U82/><E26/><V118/><F27/><W123/><G123/><T63/><D63/><U30/><E128/><V72/><F62/><W78/><G78/><T109/><D109/><U129/><E112/><V83/><F76/><W42/><G42/><T56/><D56/><U116/><E58/><V37/><F44/><W19/><AGARI ba="0,2" hai="11,14,19,25,29,33,55,57,60,65,66,86,88,93" machi="19" ten="20,5200,0" yaku="1,1,0,1,7,1,54,1,53,0" doraHai="47" doraHaiUra="122" who="3" fromWho="3" sc="240,-13,250,-26,312,-13,178,72" /><INIT seed="2,0,0,0,0,57" ten="227,224,299,250" oya="2" hai0="26,55,86,108,8,9,105,33,20,69,49,114,21" hai1="98,41,99,52,75,0,78,58,126,63,74,36,19" hai2="27,81,107,4,128,51,79,6,16,43,62,46,1" hai3="70,23,82,65,71,25,24,42,94,125,60,90,73"/><V97/><F128/><W38/><G125/><T30/><D114/><U132/><E132/><V13/><F1/><W37/><G71/><T118/><D105/><U84/><E126/><V89/><F27/><W104/><G104/><T129/><D129/><U101/><E0/><V117/><F117/><W100/><G100/><T109/><D69/><U48/><E36/><V35/><F35/><W11/><G11/><T130/><D130/><U119/><E119/><V85/><F62/><W29/><G42/><T95/><D118/><U10/><E84/><V113/><F113/><W131/><G131/><T15/><D86/><U127/><E127/><V88/><F107/><W68/><G68/><T12/><D95/><U124/><E124/><V61/><F61/><W106/><G106/><T66/><D66/><U133/><E133/><V44/><F44/><W32/><G82/><T40/><D40/><U76/><E74/><V3/><F3/><W112/><G73/><T54/><D26/><U5/><E5/><N who="2" m="2155" /><F97/><N who="1" m="36873" /><E101/><V67/><F67/><W134/><G134/><T47/><D33/><U28/><E28/><V2/><F2/><W72/><G72/><T18/><D30/><U123/><E75/><V14/><F14/><W59/><G70/><T83/><D47/><N who="1" m="25711" /><E123/><V77/><F77/><W135/><G135/><T111/><D111/><U34/><E34/><V64/><F64/><W7/><G112/><T39/><D39/><U121/><E121/><V93/><F93/><W53/><G65/><T80/><D49/><U22/><E78/><V45/><F46/><W116/><G37/><T103/><D103/><RYUUKYOKU ba="0,0" sc="227,15,224,-15,299,15,250,-15" hai0="8,9,12,15,18,20,21,54,55,80,83,108,109" hai2="13,16,43,45,51,79,81,85,88,89" /><INIT seed="2,1,0,3,0,10" ten="242,209,314,235" oya="2" hai0="32,98,43,47,22,59,125,50,107,85,25,116,101" hai1="84,26,46,110,87,6,4,67,112,27,89,54,13" hai2="16,82,134,133,42,30,12,100,86,80,105,58,102" hai3="70,126,34,115,24,65,130,31,113,49,3,0,56"/><V94/><F30/><W63/><G130/><T124/><D32/><U37/><E112/><N who="3" m="43082" /><G126/><N who="0" m="48747" /><D116/><U35/><E110/><V88/><F42/><W68/><G49/><T2/><D2/><AGARI ba="1,0" hai="0,2,3,24,31,34,56,63,65,68,70" m="43082" machi="2" ten="30,1000,0" yaku="11,1" doraHai="10" who="3" fromWho="0" sc="242,-13,209,0,314,0,235,13" /><INIT seed="3,0,0,2,5,46" ten="229,209,314,248" oya="3" hai0="54,121,62,81,109,94,33,58,112,85,47,0,11" hai1="135,75,67,97,77,40,126,13,38,116,134,42,66" hai2="23,124,44,122,115,48,34,20,1,89,93,88,120" hai3="31,70,27,21,110,61,103,111,53,118,106,108,107"/><W60/><G118/><T71/><D121/><N who="2" m="46698" /><F115/><W16/><G103/><T29/><D112/><U79/><E116/><V98/><F34/><N who="3" m="20863" /><G53/><T24/><D71/><U96/><E126/><V68/><F68/><W45/><G45/><T87/><D81/><U76/><E13/><V30/><F124/><W65/><G61/><T25/><D25/><AGARI ba="0,0" hai="16,21,25,60,65,70,106,107,108,110,111" m="20863" machi="25" ten="30,5800,0" yaku="14,1,10,1,54,1" doraHai="46" who="3" fromWho="0" sc="229,-58,209,0,314,0,248,58" /><INIT seed="3,1,0,5,0,43" ten="171,209,314,306" oya="3" hai0="128,16,94,88,0,48,22,83,106,116,102,71,60" hai1="57,81,51,14,122,64,30,18,104,113,23,28,55" hai2="35,101,123,108,126,110,40,78,42,41,20,80,25" hai3="91,97,76,121,73,36,39,17,124,47,21,24,44"/><W132/><G121/><T99/><D0/><U9/><E104/><V50/><F35/><W90/><G132/><T8/><D116/><U115/><E122/><V89/><F123/><W129/><G129/><T86/><D128/><U53/><E64/><V112/><F112/><W75/><G124/><T98/><D8/><U111/><E111/><N who="2" m="42539" /><F126/><W65/><G65/><T26/><D71/><U56/><E81/><V62/><F62/><W10/><G76/><T105/><D60/><U87/><E87/><N who="2" m="50407" /><F101/><W79/><G79/><T15/><D48/><U4/><E115/><V67/><F67/><W58/><G58/><T72/><D72/><U66/><E66/><V107/><F107/><W52/><G97/><T63/><D63/><U125/><E125/><V3/><F3/><W13/><G75/><T135/><D135/><U82/><E113/><V5/><F5/><N who="3" m="3279" /><G73/><T131/><D131/><U68/><E68/><V49/><F78/><W133/><G133/><T54/><D106/><U46/><E82/><V109/><F109/><W7/><G7/><T74/><D74/><U19/><E4/><V127/><F127/><W37/><G91/><T38/><D105/><U27/><E57/><V61/><F61/><AGARI ba="1,0" hai="9,14,18,19,23,27,28,30,46,51,53,55,56,61" machi="61" ten="30,3900,0" yaku="7,1,8,1,52,1" doraHai="43" who="1" fromWho="2" sc="171,0,209,42,314,-42,306,0" /><INIT seed="4,0,0,2,3,131" ten="171,251,272,306" oya="0" hai0="11,133,15,84,77,33,52,19,85,32,118,46,107" hai1="62,97,106,21,72,42,74,71,12,50,127,36,121" hai2="43,40,17,89,18,78,54,130,8,28,5,73,126" hai3="76,94,63,110,95,64,81,26,91,3,115,38,13"/><T116/><D107/><U24/><E36/><V124/><F130/><W47/><G3/><T44/><D44/><U60/><E121/><V87/><F28/><W59/><G110/><T103/><D103/><U119/><E119/><V135/><F54/><W114/><G26/><T20/><D118/><U105/><E12/><N who="2" m="5135" /><F78/><W30/><G30/><T80/><D116/><U29/><E127/><N who="2" m="48683" /><F135/><W2/><G2/><T1/><D133/><U53/><E42/><N who="2" m="15915" /><F73/><W99/><G38/><T134/><D134/><U39/><E39/><V61/><F61/><W125/><G125/><T14/><D85/><U92/><E62/><V45/><F45/><W104/><G47/><T109/><D1/><U23/><E60/><V88/><F89/><W49/><G49/><T55/><D109/><U117/><E117/><V66/><F66/><W31/><G31/><T122/><D122/><U93/><E72/><V7/><F7/><W75/><G104/><T111/><D111/><U129/><E74/><V96/><F96/><W0/><G0/><T100/><D100/><U16/><E97/><V113/><F113/><W128/><G128/><T27/><D15/><U35/><E129/><V132/><F132/><W123/><G123/><T10/><D10/><U90/><E90/><V79/><F79/><W112/><G13/><T70/><D70/><U22/><E71/><V120/><F120/><W57/><G59/><T56/><D46/><N who="1" m="27863" /><E35/><N who="0" m="13385" /><D56/><U25/><E23/><V67/><F67/><W98/><G98/><T101/><D101/><U65/><E65/><V51/><F51/><W34/><G34/><T108/><D108/><RYUUKYOKU ba="0,0" sc="171,0,251,0,272,0,306,0" hai0="11,14,19,20,27,52,55,77,80,84" hai1="16,21,22,24,25,29,92,93,105,106" hai2="17,18,87,88" hai3="57,63,64,75,76,81,91,94,95,99,112,114,115" /><INIT seed="4,1,0,2,3,82" ten="171,251,272,306" oya="0" hai0="68,118,121,99,65,25,81,72,92,40,39,88,20" hai1="57,58,126,8,32,133,49,62,80,52,131,98,91" hai2="104,112,111,124,84,33,19,14,1,75,44,105,76" hai3="9,51,36,77,43,120,110,125,87,95,46,41,17"/><T56/><D121/><U53/><E32/><V109/><F1/><W97/><G110/><T78/><D118/><U129/><E126/><V107/><F33/><W22/><G125/><T70/><D40/><U27/><E133/><V117/><F124/><W61/><G120/><T134/><D39/><U30/><E8/><V113/><F75/><W132/><G132/><T63/><REACH who="0" step="1"/><D134/><REACH who="0" ten="161,251,272,306" step="2"/><U60/><E131/><V127/><F117/><W48/><G36/><T106/><D106/><U79/><E129/><V83/><F127/><W90/><G43/><T4/><D4/><U93/><E30/><AGARI ba="1,1" hai="20,25,30,56,63,65,68,70,72,78,81,88,92,99" machi="30" ten="30,5800,0" yaku="1,1,7,1,54,1,53,0" doraHai="82" doraHaiUra="15" who="0" fromWho="1" sc="161,71,251,-61,272,0,306,0" /><INIT seed="4,2,0,0,4,117" ten="232,190,272,306" oya="0" hai0="132,111,64,58,31,52,123,62,11,120,114,91,24" hai1="128,131,60,94,37,73,23,45,108,115,121,14,42" hai2="77,126,19,100,47,50,110,54,51,48,66,119,116" hai3="85,29,104,43,97,103,133,40,59,13,27,18,72"/><T86/><D132/><U89/><E73/><V88/><F110/><W96/><G72/><T20/><D111/><U35/><E35/><V49/><F77/><W7/><G133/><T33/><D114/><U38/><E115/><V79/><F79/><W61/><G7/><T75/><D75/><U65/><E108/><V44/><F126/><W112/><G112/><T46/><D11/><U1/><E1/><V36/><F100/><W95/><G85/><T102/><D102/><U30/><E38/><V69/><F88/><W53/><G96/><T118/><D118/><N who="2" m="45098" /><F19/><W63/><G63/><T80/><REACH who="0" step="1"/><D33/><REACH who="0" ten="222,190,272,306" step="2"/><U76/><E131/><V101/><F101/><W12/><G104/><T106/><D106/><U2/><E128/><V127/><F127/><W39/><G39/><T5/><D5/><U107/><E107/><V21/><F36/><W17/><G12/><T93/><D93/><U87/><E14/><V84/><F47/><W135/><G135/><T57/><D57/><U3/><E94/><V109/><F109/><W4/><G4/><T8/><D8/><U78/><E3/><V122/><F44/><W105/><G105/><T55/><D55/><U56/><E2/><V83/><F54/><W81/><G13/><T70/><D70/><U15/><E15/><V98/><F69/><W9/><G9/><T68/><D68/><U134/><E134/><V129/><F129/><W82/><G95/><T6/><D6/><U130/><E45/><V125/><F125/><W0/><G103/><T71/><D71/><U99/><E130/><V92/><N who="2" m="12288" /><DORA hai="74" /><V32/><F32/><RYUUKYOKU ba="2,1" sc="222,30,190,-10,272,-10,306,-10" hai0="20,24,31,46,52,58,62,64,80,86,91,120,123" /><INIT seed="4,3,1,5,2,30" ten="252,180,262,296" oya="0" hai0="135,60,47,72,64,61,51,91,48,45,57,6,116" hai1="127,31,83,58,131,90,16,74,82,18,123,62,75" hai2="28,111,5,106,39,95,4,35,97,36,11,15,94" hai3="124,42,110,100,113,34,66,38,128,22,23,54,21"/><T92/><D116/><U85/><E123/><V107/><F111/><W98/><G34/><T25/><D72/><U73/><E131/><V80/><F95/><W69/><G110/><T103/><D103/><U44/><E127/><V102/><F5/><W7/><G124/><T109/><D109/><U118/><E118/><V81/><F39/><W3/><G128/><T67/><D135/><U133/><E133/><V121/><F36/><W114/><G69/><T37/><D6/><U55/><E82/><V1/><F121/><W79/><G66/><T32/><D37/><U46/><REACH who="1" step="1"/><E31/><REACH who="1" ten="252,170,262,296" step="2"/><V105/><F81/><W119/><G119/><T86/><D47/><AGARI ba="3,2" hai="16,18,44,46,47,55,58,62,73,74,75,83,85,90" machi="47" ten="40,5200,0" yaku="1,1,2,1,54,1,53,0" doraHai="30" doraHaiUra="126" who="1" fromWho="0" sc="252,-61,170,81,262,0,296,0" /><INIT seed="5,0,0,4,1,99" ten="191,251,262,296" oya="1" hai0="124,96,87,41,92,123,120,93,69,46,34,47,121" hai1="8,74,129,62,119,100,91,102,3,75,67,133,18" hai2="29,104,114,33,117,90,110,106,31,134,32,9,16" hai3="11,116,73,112,95,38,79,88,131,68,26,48,115"/><U78/><E119/><V19/><F110/><W132/><G38/><T127/><D69/><U80/><E133/><V52/><F117/><W101/><G68/><T85/><D34/><N who="2" m="13418" /><F9/><W22/><G132/><T77/><D77/><U51/><E129/><V36/><F36/><W82/><G131/><T130/><D130/><U12/><E3/><V14/><F14/><W20/><G116/><T66/><D66/><U109/><E109/><V15/><F15/><W4/><G48/><T60/><D60/><U58/><E75/><V40/><F40/><W97/><G88/><N who="0" m="53263" /><D41/><U37/><E37/><V125/><F90/><W76/><G76/><T23/><D23/><U111/><E111/><V122/><F122/><N who="0" m="31234" /><T10/><DORA hai="27" /><D10/><U64/><E64/><V21/><F21/><W94/><G22/><T45/><D87/><U56/><REACH who="1" step="1"/><E91/><AGARI ba="0,0" hai="45,46,47,91,93,96,124,127" m="31234,53263" machi="91" ten="50,3200,0" yaku="13,1,54,1" doraHai="99,27" who="0" fromWho="1" sc="191,32,251,-32,262,0,296,0" /><INIT seed="6,0,0,5,5,50" ten="223,219,262,296" oya="2" hai0="61,95,1,134,68,23,18,84,58,112,28,100,30" hai1="40,80,133,11,87,98,12,114,78,38,62,47,13" hai2="15,101,51,16,72,67,90,2,52,39,76,25,59" hai3="77,37,96,115,131,110,56,27,53,118,122,126,46"/><V9/><F39/><W49/><G122/><T123/><D123/><U36/><E133/><V129/><F2/><W19/><G110/><T71/><D1/><U3/><E114/><V48/><F129/><W63/><G118/><T45/><D112/><U111/><E111/><V7/><F101/><W6/><G126/><T81/><D45/><U35/><E35/><V107/><F107/><W69/><G131/><T0/><D0/><U135/><E135/><V29/><F67/><W60/><G115/><T99/><D71/><U33/><E33/><V32/><F90/><W132/><G69/><T57/><D68/><U86/><E98/><V42/><F7/><W70/><G70/><T85/><D58/><U4/><E38/><V93/><F93/><W105/><G105/><T106/><D106/><U130/><E130/><V79/><REACH who="2" step="1"/><F72/><REACH who="2" ten="223,219,252,296" step="2"/><W17/><G37/><T91/><D134/><U120/><E120/><V5/><F5/><W24/><G6/><T73/><D73/><U43/><E3/><V21/><F21/><W125/><G132/><T92/><D95/><U41/><E4/><V113/><F113/><W8/><G125/><T22/><D22/><U102/><E102/><V82/><F82/><W44/><G8/><T108/><D108/><U83/><E11/><V65/><F65/><W121/><G121/><T104/><D104/><U119/><E80/><V34/><F34/><W26/><G17/><T109/><D109/><U64/><E119/><V75/><F75/><W89/><G19/><T20/><D18/><U97/><E83/><V14/><F14/><W103/><G103/><RYUUKYOKU ba="0,1" sc="223,-10,219,-10,252,30,296,-10" hai2="9,15,16,25,29,32,42,48,51,52,59,76,79" /><INIT seed="6,1,1,5,3,14" ten="213,209,282,286" oya="2" hai0="135,23,43,86,106,85,123,118,20,34,70,65,49" hai1="114,134,124,18,32,133,84,44,73,99,45,47,61" hai2="127,87,131,16,41,98,50,89,7,80,83,11,25" hai3="132,13,79,100,30,109,77,111,10,78,108,5,92"/><V88/><F131/><W46/><G132/><N who="1" m="50794" /><E73/><V62/><F127/><W1/><G30/><T115/><D135/><U37/><E32/><V8/><F62/><W68/><G68/><T69/><D34/><U54/><E124/><V113/><F113/><W67/><G67/><T121/><D65/><U93/><E114/><V58/><F7/><W107/><G107/><T60/><D60/><U117/><E117/><V64/><F64/><W40/><G100/><T130/><D115/><U81/><E18/><V120/><F120/><W2/><REACH who="3" step="1"/><G92/><REACH who="3" ten="213,209,282,276" step="2"/><T0/><D106/><U112/><E112/><V9/><F98/><W116/><G116/><T57/><D118/><U103/><E103/><V24/><F83/><W21/><G21/><T42/><D23/><U36/><E93/><V38/><F80/><W53/><G53/><T59/><D20/><U63/><E99/><V71/><F71/><W101/><G101/><T90/><D70/><U31/><E31/><V110/><F41/><W126/><G126/><T52/><D43/><U74/><E54/><V102/><F102/><W105/><G105/><T35/><D52/><U29/><E29/><V128/><F128/><W91/><G91/><T33/><D90/><N who="1" m="51471" /><E74/><V104/><F104/><W82/><G82/><T6/><D130/><U96/><E96/><V4/><F89/><W125/><G125/><T48/><D42/><U12/><E37/><AGARI ba="1,2" hai="1,2,5,10,13,37,40,46,77,78,79,108,109,111" machi="37" ten="50,1600,0" yaku="1,1,53,0" doraHai="14" doraHaiUra="51" who="3" fromWho="1" sc="213,0,209,-19,282,0,276,39" /><INIT seed="7,0,0,0,3,27" ten="213,190,282,315" oya="3" hai0="58,111,46,71,2,98,5,104,113,59,100,92,109" hai1="38,102,129,130,43,74,105,85,116,70,63,10,60" hai2="78,118,4,12,18,35,6,110,94,14,36,86,40" hai3="87,39,122,115,84,125,11,45,62,23,32,79,34"/><W124/><G122/><T81/><D71/><U37/><E74/><V75/><F35/><W90/><G115/><T88/><D113/><U31/><E116/><V42/><F36/><N who="1" m="13929" /><E70/><V97/><F75/><W135/><G135/><T117/><D117/><U131/><E43/><V132/><F110/><W55/><G11/><T133/><D133/><U83/><E10/><N who="2" m="4183" /><F4/><W15/><G79/><T49/><D5/><U67/><E102/><N who="2" m="60727" /><F132/><W33/><G39/><T54/><D2/><U24/><E105/><V26/><F26/><W3/><G3/><T28/><D104/><U127/><E67/><V69/><F69/><W22/><G15/><T8/><D8/><U128/><N who="1" m="32768" /><DORA hai="72" /><U61/><E127/><N who="3" m="48714" /><G87/><N who="0" m="50287" /><D109/><U76/><E63/><V7/><F7/><W57/><G45/><T0/><D0/><U25/><E25/><V89/><F118/><W16/><G16/><T95/><D111/><U65/><E65/><V108/><F108/><W107/><G107/><T48/><D49/><U134/><E134/><V121/><F121/><W123/><G123/><T47/><D47/><U1/><E1/><V103/><F18/><W119/><G119/><T101/><D28/><U9/><E9/><V68/><F68/><W53/><G53/><T112/><D112/><U82/><E82/><AGARI ba="0,0" hai="22,23,32,33,34,55,57,62,82,84,90" m="48714" machi="82" ten="40,2000,0" yaku="18,1" doraHai="27,72" who="3" fromWho="1" sc="213,0,190,-20,282,0,315,20" owari="213,-19.0,170,-33.0,282,8.0,335,44.0" /></mjloggm>