<mjloggm ver="2.3"><GO type="41"/><UN n0="%E5%8C%97%E8%A6%8B%E6%99%82%E9%9B%A8" n1="%E3%82%A6%E3%83%AB%E3%83%88%E3%83%A9%E7%AB%8B%E7%9B%B4" n2="%E7%96%91%E4%BC%BC%E9%80%A3%28%E7%AC%91%29" n3="%E3%83%9C%E3%83%AB%E3%83%86%E3%83%BC%E3%83%AB" dan="13,15,13,13" rate="1836,1991,1850,1921" sx="M,M,M,M"/><TAIKYOKU oya="0"/><INIT seed="0,0,0,2,5,58" ten="250,250,250,250" oya="0" hai0="26,34,14,30,126,77,3,127,117,81,85,114,5" hai1="43,32,11,134,119,79,29,104,98,94,75,103,21" hai2="59,133,50,109,13,93,122,71,96,18,130,105,110" hai3="23,49,87,56,44,41,82,48,112,69,120,7,17"/><T80/><D117/><U67/><E43/><V63/><F71/><W102/><G112/><T97/><D114/><U78/><E11/><V129/><F122/><W38/><G120/><T6/><D97/><U66/><E66/><V131/><F105/><W99/><G69/><T28/><D3/><U62/><E75/><V113/><F50/><W65/><G7/><T115/><D115/><U25/><E119/><V107/><F107/><W0/><G0/><T89/><D30/><U19/><E94/><V42/><F42/><W57/><G38/><T33/><D33/><U10/><E10/><N who="2" m="6455" /><F113/><W108/><G108/><N who="2" m="41577" /><F59/><W95/><G49/><T132/><D132/><U35/><E35/><V8/><F8/><W52/><G41/><T101/><D101/><U46/><E46/><V72/><F72/><W39/><G39/><T70/><D14/><U12/><REACH who="1" step="1"/><E134/><REACH who="1" ten="250,240,250,250" step="2"/><V15/><F133/><W40/><G40/><T90/><D70/><AGARI ba="0,1" hai="12,19,21,25,29,32,62,67,70,78,79,98,103,104" machi="70" ten="30,12000,2" yaku="1,1,2,1,7,1,25,2,52,1,53,0" doraHai="58" doraHaiUra="55" who="1" fromWho="0" sc="250,-120,240,130,250,0,250,0" /><INIT seed="1,0,0,4,0,121" ten="130,370,250,250" oya="1" hai0="56,125,22,74,94,70,83,49,97,57,32,0,13" hai1="113,61,30,78,106,100,46,5,45,76,42,19,29" hai2="95,107,21,73,64,122,109,75,51,17,23,117,134" hai3="65,44,112,2,114,27,91,60,72,93,102,88,18"/><U31/><E106/><V133/><F122/><W99/><G72/><T71/><D32/><U3/><E3/><V115/><F107/><W103/><G2/><T104/><D104/><U82/><E5/><V53/><F64/><W15/><G27/><T50/><D125/><U96/><E113/><V135/><F117/><W89/><G114/><T116/><D0/><U87/><E96/><V77/><F95/><W26/><G112/><T92/><D116/><U33/><E100/><N who="3" m="38442" /><G26/><T124/><D97/><U84/><E33/><V1/><F1/><W111/><G111/><T59/><D124/><U10/><E61/><V34/><F34/><W6/><G6/><T35/><D35/><U43/><E19/><V123/><F123/><W108/><G108/><T110/><D110/><U119/><E10/><V90/><F109/><W24/><G24/><T38/><D38/><U63/><E63/><V48/><F90/><W11/><G44/><N who="1" m="17002" /><E119/><V120/><F120/><W66/><G60/><T28/><D28/><U126/><E126/><V129/><F17/><W101/><AGARI ba="0,0" hai="11,15,18,65,66,88,89,91,93,99,101" m="38442" machi="101" ten="30,2000,0" yaku="8,1,54,1" doraHai="121" who="3" fromWho="3" sc="130,-5,370,-10,250,-5,250,20" /><INIT seed="2,0,0,4,5,129" ten="125,360,245,270" oya="2" hai0="19,70,131,130,68,87,96,57,32,124,50,67,5" hai1="3,69,99,16,73,56,71,94,75,106,111,54,93" hai2="118,46,33,60,90,95,6,102,84,117,85,122,113" hai3="9,29,25,47,7,128,98,14,103,132,21,26,121"/><V49/><F33/><W15/><G47/><T13/><D32/><U2/><E56/><V78/><F122/><W52/><G121/><T80/><D5/><U42/><E54/><V27/><F6/><W23/><G128/><N who="0" m="49195" /><D96/><U38/><E99/><V44/><F60/><W20/><G132/><T104/><D104/><U100/><E42/><V72/><F27/><N who="3" m="16615" /><G103/><T12/><D124/><U107/><E38/><V37/><F37/><W24/><G52/><N who="0" m="31895" /><D67/><U61/><E100/><V4/><F4/><N who="3" m="3367" /><G98/><T134/><D134/><U8/><E106/><V101/><F49/><W55/><G55/><T36/><D36/><U109/><E107/><V51/><F51/><W65/><G65/><T92/><D92/><U48/><E48/><V64/><F64/><W114/><G114/><T119/><D119/><U116/><E116/><N who="2" m="44651" /><F44/><W62/><G62/><T40/><D40/><U135/><E61/><V1/><F46/><W39/><G39/><T30/><D30/><U81/><E75/><V35/><F1/><W108/><G108/><T74/><D74/><U133/><E73/><V0/><F35/><W125/><G125/><T112/><D112/><U82/><E8/><AGARI ba="0,0" hai="7,8,15,21,23,24,25,26" m="3367,16615" machi="8" ten="30,12000,2" yaku="8,1,35,5" doraHai="129" who="3" fromWho="1" sc="125,0,360,-120,245,0,270,120" /><INIT seed="3,0,0,3,1,42" ten="125,240,245,390" oya="3" hai0="15,30,95,83,87,67,111,38,56,90,31,97,44" hai1="22,105,121,127,125,122,62,7,34,45,119,3,75" hai2="41,73,132,48,112,80,13,115,77,52,89,24,106" hai3="27,107,78,94,0,4,65,109,120,35,99,10,51"/><W18/><G120/><T103/><D111/><U101/><E22/><V50/><F24/><W26/><G109/><T98/><D98/><U104/><E62/><V76/><F106/><W25/><G107/><T9/><D38/><U11/><E75/><V8/><F76/><W102/><G78/><T88/><D103/><U84/><E84/><V12/><F12/><W54/><G65/><T72/><D72/><U118/><E34/><V63/><F63/><W21/><REACH who="3" step="1"/><G35/><REACH who="3" ten="125,240,245,380" step="2"/><T28/><D67/><U71/><E105/><V17/><F132/><W114/><G114/><T53/><D56/><AGARI ba="0,1" hai="0,4,10,18,21,25,26,27,51,54,56,94,99,102" machi="56" ten="30,5800,0" yaku="1,1,7,1,53,1" doraHai="42" doraHaiUra="92" who="3" fromWho="0" sc="125,-58,240,0,245,0,380,68" /><INIT seed="3,1,0,3,0,53" ten="67,240,245,448" oya="3" hai0="99,116,97,74,129,106,108,65,12,49,6,46,113" hai1="101,114,112,15,67,34,126,102,70,44,9,24,36" hai2="16,43,42,19,55,59,124,40,22,96,30,26,134" hai3="3,86,58,33,63,95,51,25,2,66,128,45,29"/><W50/><G128/><T91/><D91/><U13/><BYE who="0" /><E67/><V118/><F118/><W23/><G50/><T62/><D62/><U68/><E44/><V119/><F119/><W94/><G33/><T82/><D82/><U71/><E24/><V7/><F124/><W20/><G20/><T89/><D89/><U18/><E34/><V17/><F96/><W48/><G48/><T52/><D52/><U79/><E79/><V105/><F105/><W56/><G3/><T125/><D125/><U32/><E32/><V133/><REACH who="2" step="1"/><F7/><REACH who="2" ten="67,240,235,448" step="2"/><W85/><G2/><T130/><D130/><U35/><E126/><V131/><F131/><W127/><G127/><T21/><D21/><U31/><E112/><V76/><F76/><W28/><G28/><T122/><D122/><U120/><E114/><V93/><F93/><N who="3" m="35339" /><G58/><T64/><D64/><U121/><E31/><V72/><F72/><W87/><G87/><T38/><D38/><U14/><E36/><V83/><F83/><W47/><G47/><T81/><D81/><U73/><E73/><V84/><F84/><W8/><G8/><T132/><D132/><U37/><E37/><V39/><F39/><W115/><G115/><T100/><D100/><N who="1" m="38507" /><E35/><V92/><F92/><W41/><AGARI ba="1,1" hai="23,25,29,41,45,51,56,63,66,85,86" m="35339" machi="41" ten="30,3000,0" yaku="8,1,52,1" doraHai="53" who="3" fromWho="3" sc="67,-11,240,-11,235,-11,448,43" /><INIT seed="3,2,0,5,0,39" ten="56,229,224,491" oya="3" hai0="121,30,38,74,95,43,83,109,48,115,28,49,114" hai1="57,117,1,92,56,65,129,58,123,99,125,3,118" hai2="72,9,90,75,50,52,93,107,21,133,91,79,33" hai3="19,70,42,113,41,97,64,134,106,40,32,54,12"/><W110/><G113/><T14/><D14/><U8/><E123/><V86/><F33/><W46/><G32/><T34/><D34/><U102/><E125/><V59/><F107/><W17/><G134/><T89/><D89/><U26/><E129/><V135/><F21/><W126/><G126/><T122/><D122/><U63/><E26/><V100/><F9/><W69/><G64/><T53/><D53/><U76/><E76/><V18/><F18/><N who="3" m="6667" /><G106/><T60/><D60/><U88/><E102/><V22/><F22/><W10/><G54/><T130/><D130/><U62/><E8/><V73/><F79/><W78/><G78/><T103/><D103/><U55/><REACH who="1" step="1"/><E57/><REACH who="1" ten="56,219,224,491" step="2"/><V27/><F27/><W2/><G10/><T36/><D36/><U4/><E4/><V77/><F77/><W68/><G46/><T108/><D108/><U20/><E20/><V98/><F90/><W132/><G132/><N who="2" m="50761" /><F91/><W112/><G112/><T11/><D11/><U44/><E44/><V16/><F16/><W35/><G35/><T94/><D94/><U105/><E105/><V6/><F6/><W25/><G25/><T23/><D23/><U67/><E67/><V37/><F37/><W101/><G101/><T15/><D15/><U80/><E80/><V120/><F120/><W0/><G12/><T119/><D119/><AGARI ba="2,1" hai="1,3,55,56,58,62,63,65,88,92,99,117,118,119" machi="119" ten="40,5200,0" yaku="1,1,12,1,54,1,53,0" doraHai="39" doraHaiUra="71" who="1" fromWho="0" sc="56,-58,219,68,224,0,491,0" owari="-2,-50.0,287,9.0,224,-18.0,491,59.0" /></mjloggm>