<mjloggm ver="2.3"><GO type="41"/><UN n0="%6D%65%74%61%6C%69%63%61" n1="%E3%82%8F%E3%81%8B%E3%81%A0%E3%82%93" n2="%EF%BC%88%E2%89%A7%E2%96%BD%E2%89%A6%EF%BC%89" n3="%E3%81%B6%E3%81%A1%E3%82%83%E3%82%89%E3%81%A6%E3%81%83" dan="14,14,15,15" rate="2010,1925,2019,1946" sx="M,M,M,M"/><TAIKYOKU oya="0"/><INIT seed="0,0,0,1,2,114" ten="250,250,250,250" oya="0" hai0="104,3,22,87,85,66,77,13,46,120,8,23,62" hai1="44,121,28,111,17,92,40,132,117,11,58,2,94" hai2="14,7,69,42,47,130,61,135,27,70,38,19,98" hai3="37,45,122,34,101,93,48,73,119,86,21,82,26"/><T30/><D104/><U24/><E121/><V96/><F135/><W99/><G122/><T95/><D3/><U75/><E132/><V32/><F130/><W68/><G68/><T56/><D120/><U128/><E128/><V49/><F7/><W54/><G37/><T102/><D46/><U25/><E75/><V125/><F125/><W113/><G113/><T83/><D30/><U116/><E111/><V78/><F78/><W60/><G34/><T91/><REACH who="0" step="1"/><D102/><REACH who="0" ten="240,250,250,250" step="2"/><U15/><E2/><V63/><F47/><W109/><G109/><T124/><D124/><U107/><E107/><V64/><F38/><W29/><G73/><T53/><D53/><U39/><E58/><V31/><F69/><W10/><G54/><T80/><D80/><U0/><E0/><V74/><F70/><W18/><G45/><T6/><AGARI ba="0,1" hai="6,8,13,22,23,56,62,66,77,83,85,87,91,95" machi="6" ten="20,7800,0" yaku="1,1,0,1,7,1,8,1,53,0" doraHai="114" doraHaiUra="103" who="0" fromWho="0" sc="240,88,250,-26,250,-26,250,-26" /><INIT seed="0,1,0,0,5,43" ten="328,224,224,224" oya="0" hai0="10,86,58,60,79,41,65,82,18,54,61,62,37" hai1="122,72,135,112,8,50,17,59,16,93,116,80,2" hai2="109,87,94,114,113,9,133,100,13,1,57,45,44" hai3="20,7,32,107,69,129,83,108,64,111,33,56,117"/><T23/><D10/><U66/><E116/><V101/><F1/><W121/><G117/><T28/><D28/><U130/><E122/><V25/><F133/><W71/><G121/><T63/><D37/><U88/><E135/><V104/><F109/><N who="3" m="42059" /><G107/><T30/><D41/><U77/><E130/><V90/><F104/><W89/><G7/><T125/><D30/><U35/><E35/><N who="3" m="13386" /><G129/><T102/><D102/><N who="2" m="39530" /><F114/><W134/><G134/><T52/><REACH who="0" step="1"/><D125/><REACH who="0" ten="318,224,224,224" step="2"/><U49/><E112/><V98/><F113/><W85/><G20/><T99/><D99/><U119/><E119/><V110/><F110/><W24/><G24/><AGARI ba="1,1" hai="18,23,24,52,54,58,60,61,62,63,65,79,82,86" machi="24" ten="40,7700,0" yaku="1,1,8,1,54,1,53,0" doraHai="43" doraHaiUra="29" who="0" fromWho="3" sc="318,90,224,0,224,0,224,-80" /><INIT seed="0,2,0,1,3,20" ten="408,224,224,144" oya="0" hai0="71,78,73,15,117,103,3,121,91,0,123,95,25" hai1="83,63,32,93,10,129,39,37,76,12,115,90,107" hai2="61,110,85,36,8,28,102,23,126,109,118,19,101" hai3="92,4,46,99,114,24,98,132,79,65,135,66,60"/><T13/><D71/><U116/><E116/><V94/><F118/><W131/><G114/><T30/><D103/><U2/><E107/><V18/><F36/><W33/><G131/><T49/><D117/><U82/><E32/><V106/><F126/><W54/><G79/><T100/><D100/><U6/><E129/><V97/><F61/><W26/><G4/><T72/><D49/><U128/><E128/><V133/><F133/><N who="3" m="51275" /><G33/><T108/><D108/><N who="2" m="41578" /><F8/><W67/><G46/><T75/><D78/><U57/><E115/><V43/><F43/><W14/><G14/><T31/><D95/><U62/><E2/><V50/><F50/><W122/><G122/><T84/><D84/><U52/><E82/><V17/><F85/><W86/><G86/><T59/><D59/><U40/><E40/><V68/><F68/><W120/><G120/><T41/><D73/><U111/><E63/><V77/><F77/><W51/><G60/><T9/><D41/><U53/><E53/><V74/><F74/><W11/><G11/><T124/><D9/><U119/><E119/><V70/><F70/><W64/><N who="3" m="16384" /><DORA hai="42" /><W47/><G98/><T89/><REACH who="0" step="1"/><D124/><REACH who="0" ten="398,224,224,144" step="2"/><U125/><E125/><V88/><F106/><W29/><G29/><T112/><D112/><U56/><E56/><V87/><F87/><W130/><G130/><T5/><D5/><U58/><E58/><V45/><F102/><AGARI ba="2,1" hai="24,26,47,51,54,92,99,102" m="16384,51275" machi="102" ten="40,8000,1" yaku="20,1,52,3" doraHai="20,42" who="3" fromWho="2" sc="398,0,224,0,224,-86,144,96" /><INIT seed="1,0,0,2,3,38" ten="398,224,138,240" oya="1" hai0="67,2,80,81,29,57,113,44,1,15,60,73,70" hai1="77,21,50,7,54,114,110,23,71,89,99,111,55" hai2="105,94,108,101,92,48,58,43,115,112,42,69,10" hai3="93,53,0,98,51,12,103,49,17,88,128,16,127"/><U132/><E71/><V85/><F69/><W117/><G0/><T3/><D113/><N who="2" m="43594" /><F108/><W36/><G36/><T83/><D29/><U74/><E114/><V131/><F131/><W82/><G128/><T20/><D73/><U33/><E33/><V126/><F126/><W123/><G123/><T28/><D28/><U13/><E132/><V19/><F105/><W6/><G127/><T120/><D120/><U63/><E63/><V84/><F101/><W106/><G106/><T100/><D100/><U41/><E74/><V79/><F58/><N who="3" m="33071" /><G51/><T26/><D70/><U109/><E77/><V86/><F79/><W107/><G107/><T46/><D26/><U121/><E121/><V135/><F135/><W66/><G66/><T104/><D104/><U4/><E89/><V119/><F48/><W25/><G117/><T65/><D20/><N who="1" m="7755" /><E99/><V134/><F134/><W31/><G31/><T118/><D15/><U5/><E13/><N who="2" m="7607" /><F119/><W64/><G64/><T24/><D24/><U102/><E102/><V37/><F37/><W96/><G25/><T133/><D118/><U97/><E97/><V27/><F27/><W95/><G82/><T124/><D133/><U61/><E61/><V76/><F76/><W52/><G52/><N who="0" m="33831" /><D124/><U22/><N who="1" m="7763" /><U56/><DORA hai="72" /><E55/><V14/><F14/><W30/><G30/><T116/><D116/><U18/><E18/><V129/><F129/><W45/><G45/><T122/><D122/><U91/><E91/><V32/><F32/><W68/><G68/><T35/><D35/><U40/><AGARI ba="0,0" hai="4,5,7,40,41,50,54,56,109,110,111" m="7763" machi="40" ten="50,12000,1" yaku="14,1,10,1,52,2" doraHai="38,72" who="1" fromWho="1" sc="398,-40,224,120,138,-40,240,-40" /><INIT seed="1,1,0,5,5,63" ten="358,344,98,200" oya="1" hai0="55,129,43,128,77,61,118,106,111,62,123,41,42" hai1="122,9,21,64,96,107,54,110,31,69,117,87,79" hai2="45,15,99,51,127,88,89,130,0,40,108,49,73" hai3="47,115,125,112,58,102,120,1,121,20,78,84,91"/><U14/><E117/><V24/><F0/><W95/><G1/><T44/><D106/><U81/><E122/><V94/><F73/><W97/><G47/><T25/><D77/><U7/><E110/><V37/><F130/><N who="0" m="50282" /><D118/><U116/><E116/><V3/><F3/><W105/><G58/><T85/><D85/><U133/><E133/><V23/><F127/><W126/><G20/><T13/><D111/><U66/><E69/><V132/><F108/><W53/><G53/><T114/><D123/><N who="3" m="47177" /><G78/><T109/><D109/><U5/><E5/><V135/><F15/><W60/><G60/><T19/><D25/><U92/><E54/><V30/><REACH who="2" step="1"/><F89/><REACH who="2" ten="358,344,88,200" step="2"/><W67/><G126/><T28/><D13/><U33/><E107/><V57/><F57/><W71/><G125/><T70/><D70/><U65/><E33/><V18/><F18/><W39/><G115/><T38/><D114/><U12/><E12/><V59/><F59/><W46/><G112/><T11/><D19/><U17/><E31/><V35/><F35/><W27/><G71/><T90/><D28/><U98/><E92/><V75/><F75/><W2/><G95/><T113/><D113/><U74/><E74/><V72/><F72/><W80/><G2/><T83/><D44/><U124/><E124/><V101/><F101/><W76/><G46/><T10/><D83/><U48/><E17/><V36/><F36/><W86/><G39/><T26/><D38/><U131/><E131/><V103/><F103/><W68/><G80/><T22/><D26/><U29/><E29/><V82/><F82/><W100/><G27/><RYUUKYOKU ba="1,1" sc="358,-10,344,-10,88,30,200,-10" hai2="23,24,30,37,40,45,49,51,88,94,99,132,135" /><INIT seed="2,2,1,2,4,78" ten="348,334,118,190" oya="2" hai0="28,79,31,75,72,109,9,134,82,119,104,101,90" hai1="111,47,118,34,116,61,53,88,23,107,114,85,64" hai2="7,33,24,10,66,95,65,123,96,70,93,125,83" hai3="16,103,105,130,80,87,124,92,5,15,91,56,120"/><V112/><F123/><W4/><G120/><T38/><D38/><U117/><E114/><V43/><F112/><W63/><G130/><T20/><D119/><U22/><E34/><V110/><F125/><W54/><G124/><T74/><D109/><U41/><E107/><V35/><F110/><W32/><G32/><T36/><D36/><U17/><E111/><V126/><F126/><W131/><G131/><T89/><D9/><U122/><E122/><V6/><F43/><W49/><G105/><T52/><D134/><U57/><E64/><V45/><F45/><W81/><G63/><T76/><D20/><U73/><E73/><V26/><F10/><N who="3" m="6263" /><G103/><T77/><D52/><U55/><E55/><V37/><F37/><W12/><G12/><T18/><D18/><U30/><E30/><V84/><F84/><W129/><G129/><T1/><D1/><U58/><E58/><V44/><F44/><W48/><G49/><T42/><D42/><U29/><E29/><V71/><REACH who="2" step="1"/><F96/><REACH who="2" ten="348,334,108,190" step="2"/><W97/><G97/><N who="0" m="61487" /><D31/><U98/><E98/><V108/><F108/><W127/><G127/><T135/><D28/><U51/><REACH who="1" step="1"/><E17/><REACH who="1" ten="348,324,108,190" step="2"/><V62/><F62/><W106/><G106/><T133/><D133/><U39/><E39/><V3/><F3/><W46/><G46/><T100/><D135/><U121/><E121/><V13/><F13/><W132/><G132/><T86/><D100/><U0/><E0/><V67/><F67/><W40/><G40/><T94/><D74/><U14/><E14/><V60/><F60/><W68/><G68/><T50/><D50/><U128/><E128/><RYUUKYOKU ba="2,3" sc="348,0,324,0,108,0,190,0" hai0="72,75,76,77,79,82,86,89,90,94" hai1="22,23,41,47,51,53,57,61,85,88,116,117,118" hai2="6,7,24,26,33,35,65,66,70,71,83,93,95" hai3="4,5,48,54,56,80,81,87,91,92" /><INIT seed="2,3,3,5,4,7" ten="348,324,108,190" oya="2" hai0="46,17,61,3,117,91,60,63,102,36,23,26,18" hai1="34,116,125,77,30,119,68,86,12,105,82,74,99" hai2="6,48,25,41,104,33,124,83,113,98,78,14,16" hai3="134,44,43,52,128,120,93,8,135,38,90,92,84"/><V1/><F113/><W50/><G120/><T108/><D3/><U22/><E68/><V66/><F124/><W47/><G128/><T131/><D131/><U58/><E125/><V109/><F109/><W85/><G85/><T72/><D72/><U76/><E34/><V127/><F127/><W73/><G73/><T89/><D108/><U129/><E129/><V69/><F1/><W45/><G45/><T70/><D70/><U29/><E116/><V64/><F69/><W118/><G118/><T103/><D117/><U53/><E119/><V94/><F104/><W114/><G114/><T87/><D36/><U55/><E55/><V126/><F126/><W81/><REACH who="3" step="1"/><G8/><REACH who="3" ten="348,324,108,180" step="2"/><T51/><D17/><U42/><E74/><V2/><F6/><W79/><G79/><T31/><D18/><U115/><E76/><V75/><F2/><W95/><AGARI ba="3,4" hai="38,43,44,47,50,52,81,84,90,92,93,95,134,135" machi="95" ten="30,4000,0" yaku="1,1,0,1,54,1,53,0" doraHai="7" doraHaiUra="0" who="3" fromWho="3" sc="348,-13,324,-13,108,-23,180,89" /><INIT seed="3,0,0,0,5,51" ten="335,311,85,269" oya="3" hai0="17,126,42,57,123,6,13,92,37,53,74,85,55" hai1="133,15,63,46,93,73,24,80,29,67,118,48,100" hai2="75,130,95,107,78,111,119,135,106,66,113,112,124" hai3="69,84,54,0,89,18,8,127,58,116,49,68,77"/><W108/><G116/><T1/><D74/><U30/><E118/><V34/><RYUUKYOKU type="yao9" ba="0,0" sc="335,0,311,0,85,0,269,0" hai2="34,66,75,78,95,106,107,111,112,113,119,124,130,135" /><INIT seed="3,1,0,4,4,31" ten="335,311,85,269" oya="3" hai0="108,79,126,93,39,50,76,81,1,91,15,77,75" hai1="48,124,61,70,25,122,64,127,53,10,119,21,73" hai2="66,13,100,83,5,102,3,72,134,129,27,52,34" hai3="23,28,19,92,84,121,59,8,133,89,62,103,106"/><W38/><G121/><T29/><D39/><U51/><E73/><V120/><F134/><W65/><G133/><T135/><D1/><U37/><E122/><V16/><F129/><W11/><G38/><T101/><D135/><U109/><E37/><V14/><F120/><W4/><G4/><T128/><D128/><U68/><E109/><V20/><F66/><W41/><G41/><T24/><D108/><U0/><E119/><V132/><F132/><W86/><G86/><T67/><D126/><N who="1" m="48171" /><E0/><V33/><F72/><W63/><G63/><T87/><D67/><U112/><E10/><N who="2" m="2367" /><F83/><W82/><G106/><T40/><D15/><N who="2" m="5642" /><F52/><W42/><G42/><T110/><D110/><U71/><E112/><V113/><F100/><W95/><G95/><T105/><D50/><N who="1" m="18987" /><E53/><V6/><F102/><W60/><G60/><T7/><D7/><U32/><E32/><N who="2" m="12395" /><F113/><W94/><G94/><T46/><D46/><U114/><E114/><V107/><F107/><W104/><G104/><T56/><D56/><U47/><E47/><V117/><F6/><W115/><G115/><T49/><D49/><U80/><E80/><V88/><F88/><W43/><G43/><T99/><REACH who="0" step="1"/><D40/><REACH who="0" ten="325,311,85,269" step="2"/><U123/><E123/><V98/><F98/><N who="3" m="59847" /><G59/><T2/><D2/><U69/><E69/><V78/><F78/><W125/><G125/><T54/><D54/><U9/><E71/><V45/><F45/><W131/><G131/><T17/><D17/><U44/><E70/><V116/><AGARI ba="1,1" hai="16,20,27,116,117" m="12395,5642,2367" machi="116" ten="30,12000,2" yaku="34,2,52,3,54,1" doraHai="31" who="2" fromWho="2" sc="325,-31,311,-31,85,133,269,-61" /><INIT seed="4,0,0,3,5,77" ten="294,280,218,208" oya="0" hai0="21,82,99,133,75,58,34,57,101,41,59,52,94" hai1="102,19,115,15,129,112,120,11,88,109,135,132,96" hai2="10,79,69,18,14,16,90,114,47,84,64,95,71" hai3="83,46,24,72,3,45,17,103,42,66,124,110,125"/><T126/><D34/><U54/><E120/><V55/><F114/><N who="1" m="43561" /><E109/><V51/><F64/><W44/><G110/><T20/><D41/><U7/><E129/><V81/><REACH who="2" step="1"/><F18/><REACH who="2" ten="294,280,208,208" step="2"/><W27/><G17/><T123/><D123/><U29/><E19/><V9/><F9/><W74/><G125/><T119/><D126/><U6/><E6/><V61/><F61/><W8/><G66/><T73/><D119/><U111/><E29/><V130/><F130/><W68/><G8/><T128/><D128/><U38/><E111/><V30/><F30/><W37/><G124/><T117/><D117/><U35/><E35/><V39/><F39/><W93/><G37/><T12/><D133/><N who="1" m="51275" /><E38/><V2/><F2/><W36/><G3/><T98/><D12/><U4/><E4/><V76/><F76/><W122/><G36/><T127/><D127/><U134/><E134/><V48/><F48/><W121/><G122/><T1/><D1/><U104/><E54/><V97/><AGARI ba="0,1" hai="10,14,16,47,51,55,69,71,79,81,84,90,95,97" machi="97" ten="20,8000,1" yaku="1,1,0,1,7,1,52,1,54,1,53,0" doraHai="77" doraHaiUra="56" who="2" fromWho="2" sc="294,-40,280,-20,208,90,208,-20" /><INIT seed="5,0,0,1,4,0" ten="254,260,298,188" oya="1" hai0="54,9,11,39,63,87,135,47,125,74,27,127,57" hai1="26,93,4,99,98,5,65,12,24,112,81,36,18" hai2="52,31,90,97,55,34,114,131,80,70,78,109,38" hai3="77,14,119,100,117,76,61,134,62,126,116,122,106"/><U105/><E36/><V22/><F109/><W46/><G122/><T51/><D74/><U48/><E105/><V66/><F38/><W59/><G46/><T103/><D39/><U1/><E1/><V3/><F3/><W2/><G2/><T91/><D103/><U25/><E65/><V29/><F34/><W79/><G14/><T40/><D135/><U86/><E112/><V69/><F114/><W132/><G59/><T21/><D127/><U72/><E48/><V83/><F131/><W82/><G126/><T49/><D49/><U115/><E115/><V128/><F128/><W43/><G43/><T113/><D113/><U111/><E72/><V92/><F66/><W101/><G62/><T16/><REACH who="0" step="1"/><D125/><REACH who="0" ten="244,260,298,188" step="2"/><U94/><E111/><V42/><F42/><W96/><G61/><T108/><D108/><U32/><E32/><V85/><F70/><W58/><G101/><T88/><D88/><N who="1" m="51279" /><E99/><V53/><F69/><W95/><G106/><T56/><D56/><U33/><E33/><V44/><F44/><W45/><G45/><T133/><D133/><N who="3" m="51305" /><G58/><T15/><D15/><U60/><E98/><V73/><REACH who="2" step="1"/><F22/><REACH who="2" ten="244,260,288,188" step="2"/><W67/><G67/><T121/><D121/><U89/><E60/><V123/><F123/><W19/><G19/><T120/><D120/><U20/><E89/><AGARI ba="0,2" hai="29,31,52,53,55,73,78,80,83,85,89,90,92,97" machi="89" ten="40,2600,0" yaku="1,1,54,1,53,0" doraHai="0" doraHaiUra="129" who="2" fromWho="1" sc="244,0,260,-26,288,46,188,0" /><INIT seed="6,0,0,4,5,75" ten="244,234,334,188" oya="2" hai0="50,91,95,35,10,83,113,45,127,67,43,36,92" hai1="47,72,27,21,30,128,28,39,5,56,73,40,93" hai2="1,82,98,114,64,106,19,59,87,53,89,135,48" hai3="60,6,29,97,38,49,130,81,52,76,131,44,116"/><V129/><F1/><W22/><G116/><T133/><D35/><U90/><E128/><N who="3" m="49194" /><G6/><T62/><D113/><U79/><E5/><V31/><F129/><W37/><G97/><T124/><D10/><U0/><E0/><V102/><F114/><W63/><G29/><T11/><D11/><U77/><E30/><V24/><F135/><W25/><G25/><T111/><D133/><U32/><E32/><V66/><REACH who="2" step="1"/><F19/><REACH who="2" ten="244,234,324,188" step="2"/><W55/><G22/><AGARI ba="0,1" hai="22,24,31,48,53,59,64,66,82,87,89,98,102,106" machi="22" ten="30,11600,0" yaku="1,1,2,1,7,1,53,1" doraHai="75" doraHaiUra="99" who="2" fromWho="3" sc="244,0,234,0,324,126,188,-116" /><INIT seed="6,1,0,3,5,69" ten="244,234,450,72" oya="2" hai0="86,122,84,103,31,121,81,6,99,59,105,75,96" hai1="24,66,3,21,83,50,92,107,116,117,78,23,47" hai2="45,65,48,30,63,73,56,68,129,64,54,18,82" hai3="67,8,33,108,119,87,36,85,39,58,132,1,74"/><V94/><F30/><W53/><G119/><T131/><D31/><U110/><E107/><V7/><F7/><N who="3" m="1135" /><G108/><T128/><D6/><U102/><E110/><V130/><F94/><W62/><G33/><T89/><D59/><U100/><E3/><V109/><F109/><W111/><G111/><T98/><D75/><U4/><E4/><V104/><F104/><W70/><G74/><T97/><REACH who="0" step="1"/><D86/><REACH who="0" ten="234,234,450,72" step="2"/><U9/><E117/><V55/><F56/><W133/><G87/><T0/><D0/><U46/><E116/><V28/><F28/><W90/><G85/><T123/><AGARI ba="1,1" hai="81,84,89,96,97,98,99,103,105,121,122,123,128,131" machi="123" ten="40,8000,1" yaku="1,1,0,1,34,3,53,0" doraHai="69" doraHaiUra="26" who="0" fromWho="0" sc="234,93,234,-21,450,-41,72,-21" /><INIT seed="7,0,0,4,4,20" ten="327,213,409,51" oya="3" hai0="112,105,97,119,67,127,109,116,88,91,42,27,103" hai1="114,45,132,9,29,93,13,28,55,19,125,16,47" hai2="85,106,113,101,10,121,99,60,82,2,40,46,69" hai3="33,26,6,120,62,25,37,94,124,100,5,32,89"/><W79/><G120/><T51/><D67/><U64/><E132/><V102/><F121/><W74/><G37/><T115/><D109/><U107/><E125/><V84/><F113/><N who="0" m="43594" /><D42/><U68/><E114/><V36/><F102/><W86/><G124/><T21/><D51/><U38/><E107/><V34/><F34/><W3/><G3/><T65/><D65/><U35/><E38/><V22/><F69/><W118/><G118/><N who="0" m="45099" /><D127/><U4/><E64/><V11/><F60/><W133/><G133/><T58/><D58/><U14/><E68/><V73/><F22/><W59/><G33/><T130/><D130/><U78/><E78/><N who="2" m="44367" /><F11/><W77/><G32/><T49/><D49/><U12/><E93/><V0/><F0/><W7/><G74/><T87/><D87/><U134/><E134/><V122/><F122/><W110/><G110/><T43/><D43/><U75/><E75/><V76/><F76/><N who="3" m="29259" /><G100/><T48/><D48/><N who="1" m="29071" /><E47/><V81/><F81/><W41/><G41/><T52/><D52/><AGARI ba="0,0" hai="5,6,7,25,26,52,59,62,86,89,94" m="29259" machi="52" ten="30,11600,0" yaku="8,1,52,2,54,1" doraHai="20" who="3" fromWho="0" sc="327,-116,213,0,409,0,51,116" /><INIT seed="7,1,0,1,2,118" ten="211,213,409,167" oya="3" hai0="61,74,0,107,108,128,100,130,55,76,81,70,112" hai1="132,86,23,66,52,127,116,97,24,34,114,33,123" hai2="79,88,115,133,102,39,9,12,22,14,78,26,31" hai3="44,99,21,20,84,27,50,6,48,83,87,103,2"/><W101/><G2/><T105/><D0/><U35/><E116/><V41/><F133/><W73/><G73/><T121/><D108/><U29/><E132/><V94/><F115/><W46/><G6/><T56/><D112/><U75/><E114/><V28/><F102/><N who="3" m="38923" /><G99/><T19/><D121/><U15/><E97/><N who="2" m="57543" /><F39/><W77/><G27/><T16/><D70/><U109/><E109/><V8/><F41/><N who="3" m="24591" /><G87/><T96/><REACH who="0" step="1"/><D105/><REACH who="0" ten="201,213,409,167" step="2"/><U13/><E123/><V131/><F131/><AGARI ba="1,1" hai="16,19,55,56,61,74,76,81,96,100,107,128,130,131" machi="131" ten="40,8000,1" yaku="1,1,2,1,19,1,54,1,53,0" doraHai="118" doraHaiUra="47" who="0" fromWho="2" sc="201,93,213,0,409,-83,167,0" owari="294,9.0,213,-19.0,326,43.0,167,-33.0" /></mjloggm>