<mjloggm ver="2.3"><GO type="41"/><UN n0="%EF%BC%88%E2%89%A7%E2%96%BD%E2%89%A6%EF%BC%89" n1="%E5%A4%AA%E9%99%BD%E5%80%B6%E6%A5%BD%E9%83%A8" n2="%4D%4F%32" n3="%E3%83%9D%E3%82%B3%E3%83%94%E3%83%B3" dan="15,14,13,15" rate="2024,1875,1861,2001" sx="M,M,M,M"/><TAIKYOKU oya="0"/><INIT seed="0,0,0,3,4,57" ten="250,250,250,250" oya="0" hai0="30,103,8,94,39,41,118,35,18,25,96,98,114" hai1="6,42,74,107,126,3,81,62,112,117,64,86,5" hai2="106,88,122,51,27,28,32,102,34,66,71,1,132" hai3="77,48,20,111,73,89,95,65,63,76,7,40,69"/><T11/><D118/><U115/><E117/><V78/><F1/><W38/><G111/><T135/><D114/><N who="1" m="43563" /><E107/><V54/><F122/><W49/><G38/><T104/><D135/><U2/><E74/><V82/><F132/><W87/><G7/><N who="1" m="2570" /><E42/><V68/><F34/><W52/><G40/><T55/><D18/><U134/><E134/><V83/><F106/><W31/><G49/><T72/><D72/><U129/><E129/><V21/><F102/><W19/><G31/><T67/><D67/><U61/><E64/><V46/><F32/><W80/><G73/><T133/><D133/><U100/><E100/><V44/><F44/><W125/><G80/><T121/><D121/><U109/><E109/><V105/><F105/><W9/><G9/><T93/><D55/><U15/><E15/><V10/><F10/><W113/><G113/><T123/><D123/><U43/><E43/><V16/><F28/><W36/><G36/><T85/><D104/><U131/><E131/><V84/><REACH who="2" step="1"/><F66/><REACH who="2" ten="250,250,240,250" step="2"/><W0/><G0/><N who="1" m="42" /><E126/><V92/><F92/><W22/><G125/><T29/><D94/><U33/><E33/><V12/><F12/><W91/><G65/><T127/><D35/><U59/><E59/><V53/><F53/><W58/><G58/><T110/><D93/><U97/><E97/><V23/><F23/><W47/><G22/><T14/><D96/><U99/><E99/><V108/><F108/><W130/><G52/><T60/><D127/><U116/><E116/><V128/><F128/><W70/><G130/><T37/><D98/><U17/><E81/><V26/><F26/><RYUUKYOKU ba="0,1" sc="250,-10,250,-10,240,30,250,-10" hai2="16,21,27,46,51,54,68,71,78,82,83,84,88" /><INIT seed="1,1,1,1,1,102" ten="240,240,270,240" oya="1" hai0="82,94,35,52,101,126,87,7,112,77,108,65,106" hai1="103,11,130,24,48,123,122,71,44,105,34,56,55" hai2="47,83,113,88,50,3,49,31,81,95,12,61,75" hai3="85,109,115,17,30,131,104,41,13,117,9,92,119"/><U132/><E71/><V120/><F3/><W93/><G115/><T99/><D112/><U46/><E132/><V63/><F113/><W21/><G131/><T96/><D35/><U89/><E130/><V59/><F120/><W43/><G109/><T58/><D126/><U19/><E34/><V135/><F135/><W51/><G104/><T42/><D108/><U4/><E46/><V60/><F75/><W98/><G85/><T40/><D7/><U114/><E114/><V67/><F31/><W69/><G69/><T2/><D65/><U37/><E89/><V29/><F29/><W97/><G43/><T86/><D86/><U80/><E80/><N who="2" m="30795" /><F12/><W32/><G32/><T128/><D2/><U6/><E37/><V14/><F14/><W124/><G124/><T25/><D25/><U16/><E24/><V8/><F8/><W78/><G78/><T129/><D129/><U18/><E6/><V53/><F49/><W38/><G38/><T15/><D15/><U62/><E62/><V64/><F67/><W39/><G39/><T70/><D70/><U127/><E127/><V76/><F76/><W111/><G111/><T133/><D133/><U10/><E10/><V26/><F26/><W33/><G33/><T57/><D128/><U84/><E44/><V91/><F91/><W100/><G30/><T107/><D58/><U125/><E125/><V5/><F5/><W68/><G68/><T110/><D110/><U45/><E122/><V23/><F23/><W90/><G21/><T0/><D0/><U28/><E123/><V73/><F73/><W72/><G72/><RYUUKYOKU ba="1,1" sc="240,-15,240,-15,270,15,240,15" hai2="47,50,53,59,60,61,63,64,88,95" hai3="9,13,17,41,51,90,92,93,97,98,100,117,119" /><INIT seed="2,2,1,3,3,47" ten="225,225,285,255" oya="2" hai0="131,25,70,112,77,43,3,19,50,9,49,46,74" hai1="48,135,84,113,83,20,121,58,40,80,42,39,106" hai2="118,75,71,32,119,104,4,2,53,115,54,5,37" hai3="98,125,97,23,69,126,85,127,35,66,41,130,24"/><V132/><RYUUKYOKU type="yao9" ba="2,1" sc="225,0,225,0,285,0,255,0" hai2="2,4,5,32,37,53,54,71,75,104,115,118,119,132" /><INIT seed="2,3,1,4,2,127" ten="225,225,285,255" oya="2" hai0="46,68,106,33,112,38,113,6,101,92,11,76,105" hai1="49,93,60,63,15,84,59,74,53,32,51,116,103" hai2="27,57,31,14,115,73,123,69,72,29,24,47,104" hai3="37,117,30,125,130,81,20,126,21,71,88,96,129"/><V0/><F123/><W128/><G71/><T110/><D68/><U45/><E116/><V95/><F115/><W135/><G37/><T89/><D33/><U98/><E32/><V80/><F0/><W134/><G117/><T70/><D70/><U55/><E74/><V36/><F104/><N who="0" m="40042" /><D11/><U91/><REACH who="1" step="1"/><E15/><REACH who="1" ten="225,215,285,255" step="2"/><V13/><F14/><W18/><G30/><T43/><D112/><U50/><E50/><V86/><F13/><W58/><G18/><T94/><D113/><U114/><E114/><V67/><F29/><W44/><G44/><T52/><D46/><U25/><E25/><V17/><F17/><W77/><G58/><T85/><D6/><U119/><E119/><V79/><F69/><W34/><G34/><T7/><D7/><U22/><E22/><N who="3" m="8810" /><G96/><T102/><D38/><U64/><E64/><V2/><F36/><W124/><G88/><T39/><D89/><U97/><E97/><V8/><F47/><W111/><G111/><T78/><D110/><U132/><E132/><N who="3" m="50730" /><G77/><T118/><D78/><U65/><E65/><V109/><F31/><W5/><G5/><T133/><D118/><U75/><E75/><V48/><F72/><W26/><G26/><T83/><D133/><U12/><E12/><V62/><F24/><W100/><G100/><T19/><D102/><U4/><E4/><V99/><F27/><W42/><G42/><T1/><D101/><U56/><E56/><V23/><F73/><W16/><G16/><T54/><D19/><U82/><AGARI ba="3,2" hai="45,49,51,53,55,59,60,63,82,84,91,93,98,103" machi="82" ten="20,5200,0" yaku="1,1,0,1,7,1,8,1,53,0" doraHai="127" doraHaiUra="121" who="1" fromWho="1" sc="225,-16,215,81,285,-29,255,-16" /><INIT seed="3,0,0,4,5,4" ten="209,296,256,239" oya="3" hai0="43,35,120,99,74,84,13,121,79,66,125,31,12" hai1="129,2,83,132,117,70,91,96,10,95,82,101,52" hai2="42,67,104,111,57,97,69,40,92,76,54,87,17" hai3="16,78,36,22,65,34,0,5,108,7,24,103,41"/><W28/><G103/><T18/><D74/><U88/><E70/><V124/><F124/><W6/><G65/><T8/><D125/><U48/><E129/><V107/><F111/><W56/><G56/><T135/><D135/><U127/><E127/><V106/><F69/><W114/><G78/><T61/><D43/><U49/><E132/><V14/><F67/><W89/><G89/><N who="1" m="34378" /><E49/><V46/><F76/><W118/><G108/><T55/><D55/><U123/><E123/><V109/><F87/><W53/><G53/><T39/><D39/><U133/><E133/><V26/><F26/><N who="3" m="18711" /><G36/><T73/><D73/><U62/><E62/><V128/><F128/><W32/><G41/><T75/><D75/><U110/><E110/><V71/><F71/><W15/><G118/><T59/><D99/><U93/><E93/><V90/><F109/><W105/><G105/><T38/><D38/><U1/><E1/><V86/><F97/><W51/><G51/><T63/><D63/><U45/><E2/><V72/><F72/><W77/><G77/><T134/><D134/><U27/><E27/><V47/><F47/><W94/><G94/><T80/><REACH who="0" step="1"/><D13/><REACH who="0" ten="199,296,256,239" step="2"/><U130/><E130/><V20/><REACH who="2" step="1"/><F46/><REACH who="2" ten="199,296,246,239" step="2"/><W98/><G98/><T122/><D122/><U3/><E3/><V115/><F115/><W44/><G114/><T126/><D126/><U19/><E117/><V21/><F21/><W37/><G44/><T116/><D116/><U60/><E45/><V68/><F68/><W50/><G0/><T29/><D29/><U9/><E96/><V102/><F102/><W113/><G113/><RYUUKYOKU ba="0,2" sc="199,15,296,-15,246,15,239,-15" hai0="8,12,18,31,35,59,61,66,79,80,84,120,121" hai2="14,17,20,40,42,54,57,86,90,92,104,106,107" /><INIT seed="4,1,2,0,4,46" ten="214,281,261,224" oya="0" hai0="9,24,99,60,12,111,59,116,79,87,118,39,114" hai1="72,88,0,7,100,81,80,110,95,90,135,113,50" hai2="4,121,31,64,8,40,11,33,45,25,76,78,107" hai3="127,13,108,65,133,94,61,37,101,2,62,92,134"/><T86/><D39/><U106/><E0/><V97/><F121/><W105/><G2/><T55/><D114/><U3/><E3/><V117/><F117/><W82/><G37/><T104/><D111/><U28/><E28/><V98/><F64/><W91/><G108/><T63/><D24/><U26/><E110/><V85/><F8/><W115/><G115/><T112/><D112/><U89/><E26/><V83/><F107/><W42/><G42/><T53/><D104/><U1/><E1/><V34/><F34/><W14/><G105/><T96/><D9/><U102/><E113/><V27/><F78/><W20/><G82/><T21/><D79/><N who="1" m="44135" /><E50/><N who="2" m="26919" /><F27/><W126/><G20/><T51/><D21/><U30/><E30/><V131/><F131/><W17/><G17/><T103/><D103/><N who="1" m="39467" /><E7/><V109/><F109/><W84/><G101/><T22/><D22/><U32/><E106/><V57/><F57/><W43/><G43/><T29/><D29/><U52/><E32/><V6/><F4/><W93/><G65/><T38/><D59/><U128/><E52/><V5/><F6/><W48/><G48/><T70/><D51/><U73/><E128/><V16/><F16/><W66/><G66/><T132/><D38/><U56/><E56/><V122/><F122/><W129/><G129/><T41/><D12/><AGARI ba="1,2" hai="5,11,12,25,31,33,76,83,85,97,98" m="26919" machi="12" ten="30,2000,0" yaku="25,1,52,1" doraHai="46" who="2" fromWho="0" sc="214,-23,281,0,261,43,224,0" /><INIT seed="5,0,0,4,3,70" ten="191,281,304,224" oya="1" hai0="95,127,117,31,78,28,123,111,89,125,87,101,58" hai1="82,52,25,9,45,62,67,51,11,115,66,61,7" hai2="105,124,15,103,107,48,32,13,94,50,100,76,68" hai3="96,43,130,71,42,63,4,106,56,34,33,122,1"/><U14/><E115/><V2/><F68/><W60/><G122/><T21/><D111/><U57/><E62/><V27/><F2/><W40/><G130/><T19/><D123/><U131/><E131/><V133/><F133/><W12/><G1/><T53/><D117/><U116/><E116/><V47/><F124/><N who="0" m="47690" /><D78/><U35/><E35/><V55/><F32/><W90/><G71/><T24/><D101/><U108/><E108/><V110/><F27/><W118/><G118/><T75/><D75/><U92/><E82/><V77/><F107/><W18/><G4/><T69/><D69/><U113/><E113/><V102/><F105/><W80/><G60/><AGARI ba="0,0" hai="19,21,24,28,31,53,58,60,87,89,95" m="47690" machi="60" ten="30,1000,0" yaku="18,1" doraHai="70" who="0" fromWho="3" sc="191,10,281,0,304,0,224,-10" /><INIT seed="6,0,0,0,4,32" ten="201,281,304,214" oya="2" hai0="12,41,97,49,94,66,102,100,53,132,128,31,16" hai1="74,111,77,47,33,2,65,93,134,6,25,96,55" hai2="5,83,124,8,127,7,69,58,85,86,63,95,98" hai3="75,21,67,0,61,92,112,52,19,105,4,87,29"/><V101/><F69/><W131/><G105/><T28/><D132/><U13/><E111/><V42/><F42/><W108/><G75/><T135/><D135/><U50/><E134/><V64/><F5/><W26/><G108/><T113/><D128/><U39/><E65/><V71/><F71/><W70/><G131/><T10/><D113/><U62/><E62/><V120/><F120/><W9/><G112/><T78/><D66/><U20/><E33/><V23/><F23/><W84/><G92/><T103/><D78/><U73/><E77/><V107/><F107/><W106/><G106/><T40/><D40/><U121/><E121/><V11/><F11/><W17/><G17/><T122/><D41/><U81/><E81/><V30/><F30/><N who="0" m="11306" /><D122/><U109/><E109/><V119/><F119/><W43/><G43/><T123/><D123/><U3/><E39/><V46/><F46/><AGARI ba="0,0" hai="10,12,16,46,49,53,94,97,100,102,103" m="11306" machi="46" ten="30,2000,0" yaku="8,1,54,1" doraHai="32" who="0" fromWho="2" sc="201,20,281,0,304,-20,214,0" /><INIT seed="7,0,0,5,3,22" ten="221,281,284,214" oya="3" hai0="91,98,121,23,35,12,107,106,11,100,104,76,8" hai1="68,24,129,45,122,59,27,37,36,88,18,90,34" hai2="64,86,19,3,124,15,80,133,65,44,116,70,94" hai3="46,92,115,78,49,57,73,42,62,50,43,28,123"/><W126/><G123/><T102/><D121/><U95/><E68/><V29/><F116/><W47/><G126/><T96/><D35/><U101/><E122/><V5/><F124/><W118/><G118/><T53/><D76/><U33/><E33/><V31/><F133/><W30/><G115/><T109/><D109/><U38/><E34/><V55/><F70/><W81/><REACH who="3" step="1"/><G92/><REACH who="3" ten="221,281,284,204" step="2"/><T110/><D110/><U84/><E129/><V2/><F94/><W77/><G77/><T112/><D112/><U6/><E101/><V111/><F111/><W13/><G13/><T105/><D91/><U69/><E90/><N who="2" m="51527" /><F2/><W83/><G83/><T0/><D0/><U93/><E93/><V99/><F3/><W52/><AGARI ba="0,1" hai="28,30,42,43,46,47,49,50,52,57,62,73,78,81" machi="52" ten="20,18000,2" yaku="1,1,0,1,7,1,9,1,54,1,53,1" doraHai="22" doraHaiUra="75" who="3" fromWho="3" sc="221,-60,281,-60,284,-60,204,190" owari="161,-34.0,221,-18.0,224,2.0,394,50.0" /></mjloggm>