<mjloggm ver="2.3"><GO type="41"/><UN n0="%6D%6F%74%6F%79%61" n1="%E3%81%BF%E3%82%83%E3%81%9D%E3%80%82" n2="%63%6F%6D%61%7A" n3="%E3%82%A6%E3%83%AB%E3%83%88%E3%83%A9%E7%AB%8B%E7%9B%B4" dan="14,15,14,15" rate="1949,1986,1833,2021" sx="M,F,M,M"/><TAIKYOKU oya="0"/><INIT seed="0,0,0,0,0,12" ten="250,250,250,250" oya="0" hai0="123,31,28,87,33,13,119,70,26,120,35,27,16" hai1="118,42,8,39,131,127,115,67,25,101,88,76,23" hai2="129,90,22,64,69,135,86,58,29,0,117,66,60" hai3="106,57,37,19,103,84,61,130,41,52,93,132,62"/><T40/><D70/><U56/><E76/><V53/><F117/><W30/><G130/><T14/><D40/><U9/><E101/><V18/><F135/><W89/><G132/><T10/><D119/><U79/><E118/><V68/><F0/><W126/><G126/><T104/><D104/><U2/><E79/><V128/><F29/><W34/><G30/><T83/><D13/><U59/><E127/><V36/><F36/><W85/><G34/><T121/><D121/><U125/><E125/><V91/><F90/><AGARI ba="0,0" hai="10,14,16,26,27,28,31,33,35,83,87,90,120,123" machi="90" ten="30,11600,0" yaku="7,1,9,1,52,1,54,1" doraHai="12" who="0" fromWho="2" sc="250,116,250,0,250,-116,250,0" /><INIT seed="0,1,0,0,3,27" ten="366,250,134,250" oya="0" hai0="24,45,26,69,34,92,96,70,105,59,2,104,15" hai1="11,42,54,125,91,123,114,66,122,107,133,22,88" hai2="6,68,28,46,77,127,5,129,71,16,18,99,50" hai3="134,32,13,120,48,57,124,126,65,62,49,8,87"/><T75/><D2/><U90/><E107/><V30/><F77/><W35/><G87/><T67/><D75/><U12/><E66/><V3/><F3/><W1/><G1/><T43/><D24/><U7/><E125/><N who="3" m="48234" /><G134/><T118/><D118/><U112/><E133/><V51/><F127/><W86/><G86/><T79/><D79/><U116/><E116/><V89/><F89/><W106/><G106/><T58/><D105/><U100/><E100/><V29/><F99/><W33/><G120/><T55/><D104/><U110/><E42/><V9/><F129/><W130/><G130/><T80/><D80/><U108/><E54/><V4/><F9/><W39/><G39/><T121/><D121/><U53/><E53/><V93/><F93/><W117/><G117/><T74/><D74/><U135/><E135/><V83/><F83/><W95/><G95/><T23/><D15/><U76/><E76/><V64/><F64/><W47/><G47/><T21/><D34/><U113/><E22/><N who="0" m="8201" /><D26/><U78/><E78/><V111/><F111/><AGARI ba="1,0" hai="7,11,12,88,90,91,108,110,111,112,113,114,122,123" machi="111" ten="50,6400,0" yaku="14,1,11,1,54,1" doraHai="27" who="1" fromWho="2" sc="366,0,250,67,134,-67,250,0" /><INIT seed="1,0,0,0,1,2" ten="366,317,67,250" oya="1" hai0="17,82,89,65,43,8,117,63,33,49,81,64,97" hai1="121,83,134,40,111,27,19,76,61,131,7,25,31" hai2="14,116,16,90,114,54,51,112,132,6,32,36,86" hai3="58,133,39,41,115,125,15,73,99,127,4,1,9"/><U52/><E121/><V94/><F116/><W69/><G69/><T75/><D33/><U126/><E40/><V109/><F36/><W20/><G115/><N who="2" m="44073" /><F32/><W3/><G73/><T79/><D117/><U53/><E134/><V107/><F107/><W12/><G133/><T35/><D35/><U23/><E131/><V118/><F109/><W26/><G41/><T95/><D81/><U129/><E129/><V119/><F132/><W46/><G39/><T104/><D104/><U30/><E126/><N who="3" m="48138" /><G46/><T122/><D122/><U56/><E53/><V98/><F98/><W120/><G120/><T60/><D49/><U71/><E71/><V100/><F100/><W57/><G99/><T47/><D47/><U88/><E111/><V50/><F119/><W21/><G57/><T106/><D43/><U72/><E27/><V13/><F118/><W92/><G92/><T44/><D44/><U85/><REACH who="1" step="1"/><E7/><REACH who="1" ten="366,307,67,250" step="2"/><V37/><F37/><W24/><G24/><T91/><D64/><U48/><E48/><N who="2" m="18475" /><F54/><W59/><G59/><T11/><D65/><U45/><E45/><V110/><F110/><W102/><G58/><T10/><D63/><U38/><E38/><V93/><F6/><W18/><G102/><T29/><D60/><U78/><E78/><V22/><F13/><W5/><G5/><T84/><D106/><U66/><E66/><V101/><F101/><W87/><G1/><T68/><D68/><U62/><E62/><V70/><F70/><W123/><G3/><T135/><D135/><U80/><AGARI ba="0,1" hai="19,23,25,30,31,52,56,61,72,76,80,83,85,88" machi="80" ten="20,12000,1" yaku="1,1,0,1,7,1,54,2,53,0" doraHai="2" doraHaiUra="0" who="1" fromWho="1" sc="366,-40,307,130,67,-40,250,-40" /><INIT seed="1,1,0,4,3,55" ten="326,437,27,210" oya="1" hai0="103,78,57,90,70,84,29,5,77,100,132,124,59" hai1="12,118,119,54,19,134,35,98,108,51,56,115,0" hai2="73,14,75,129,8,74,64,68,62,21,72,105,49" hai3="2,47,18,42,67,10,117,102,80,60,69,37,20"/><U32/><E115/><V116/><F116/><W83/><G117/><T66/><D124/><U107/><E0/><V34/><F129/><W58/><G102/><N who="0" m="38955" /><D70/><U23/><E134/><V133/><F133/><W99/><G99/><T28/><D132/><U11/><E119/><V79/><F34/><W91/><G91/><T120/><D120/><U24/><E118/><V122/><F122/><W1/><G1/><T7/><D66/><U71/><E71/><V4/><F105/><W40/><G40/><T85/><D90/><U48/><E108/><V87/><F21/><W22/><G22/><T92/><D92/><U16/><E107/><V53/><F87/><N who="0" m="33354" /><D78/><U36/><E36/><V33/><F33/><W109/><G109/><T101/><N who="0" m="38963" /><T126/><DORA hai="6" /><D77/><U41/><E98/><V106/><F106/><W95/><G95/><T110/><D126/><U113/><E113/><V128/><F128/><W125/><G125/><T135/><D135/><U65/><E65/><V44/><REACH who="2" step="1"/><F72/><REACH who="2" ten="326,437,17,210" step="2"/><W94/><G94/><T111/><D110/><U25/><E35/><V76/><AGARI ba="1,1" hai="4,8,14,44,49,53,62,64,68,73,74,75,76,79" machi="76" ten="40,8000,1" yaku="1,1,2,1,0,1,52,1,53,1" doraHai="55,6" doraHaiUra="61,82" who="2" fromWho="2" sc="326,-21,437,-41,17,93,210,-21" /><INIT seed="2,0,0,4,3,60" ten="305,396,110,189" oya="2" hai0="112,106,81,111,34,128,132,105,12,20,17,54,107" hai1="59,94,123,110,95,7,127,76,85,3,23,126,115" hai2="26,9,8,64,83,101,58,11,104,57,31,30,122" hai3="62,84,121,41,28,129,118,133,0,71,93,91,49"/><V87/><F122/><W2/><G121/><T73/><D112/><U37/><E115/><V4/><F104/><W47/><G118/><T109/><D34/><U24/><E37/><V103/><F4/><W38/><G129/><T119/><D119/><U86/><E110/><N who="0" m="41993" /><D128/><U117/><E117/><V70/><F70/><W79/><G133/><T14/><D132/><U98/><E59/><V90/><F31/><W74/><G28/><T50/><D81/><U131/><E131/><V124/><F124/><W48/><G79/><T15/><D73/><U45/><E45/><AGARI ba="0,0" hai="12,14,15,17,20,45,50,54,105,106,107" m="41993" machi="45" ten="40,1300,0" yaku="14,1" doraHai="60" who="0" fromWho="1" sc="305,13,396,-13,110,0,189,0" /><INIT seed="3,0,0,0,5,43" ten="318,383,110,189" oya="3" hai0="56,10,94,21,14,30,34,75,4,24,116,81,134" hai1="40,19,23,120,125,67,36,105,78,126,97,72,124" hai2="119,27,83,25,121,82,54,42,92,57,44,107,66" hai3="101,31,2,98,135,18,100,85,86,117,64,70,29"/><W59/><G70/><T128/><D116/><U127/><E127/><V13/><F121/><W87/><G2/><T109/><D134/><U118/><E118/><V7/><F119/><W69/><G69/><T89/><D128/><U22/><E120/><V39/><F107/><W79/><G117/><T32/><D109/><U80/><E67/><V106/><F66/><W111/><G135/><T123/><D123/><U52/><E105/><V61/><F106/><W71/><G71/><T129/><D129/><U110/><E110/><V20/><F92/><W68/><G68/><T0/><D56/><U103/><E103/><V95/><F95/><W77/><G111/><T38/><D38/><U115/><E115/><V58/><F57/><W114/><G114/><T46/><D46/><N who="1" m="23815" /><E97/><V17/><REACH who="2" step="1"/><F7/><REACH who="2" ten="318,383,100,189" step="2"/><W50/><G98/><T63/><D94/><U132/><E132/><V12/><F12/><W102/><G64/><T76/><D14/><U15/><E23/><V74/><F74/><W6/><G6/><T88/><REACH who="0" step="1"/><D63/><REACH who="0" ten="308,383,100,189" step="2"/><U112/><E112/><V104/><F104/><W122/><G122/><T108/><D108/><U9/><E125/><V53/><F53/><W26/><G59/><T8/><D8/><U133/><E9/><V51/><F51/><W90/><G50/><T55/><D55/><U84/><E52/><V65/><F65/><W113/><G113/><T130/><D130/><U28/><E133/><V99/><F99/><W48/><G48/><T41/><D41/><U33/><E126/><V11/><F11/><W60/><G60/><T131/><D131/><U73/><E124/><RYUUKYOKU ba="0,2" sc="308,10,383,10,100,10,189,-30" hai0="0,4,10,21,24,30,32,34,75,76,81,88,89" hai1="15,19,22,28,33,72,73,78,80,84" hai2="13,17,20,25,27,39,42,44,54,58,61,82,83" /><INIT seed="4,1,2,4,0,132" ten="318,393,110,159" oya="0" hai0="25,46,37,130,110,9,28,127,66,59,109,83,16" hai1="114,126,135,105,116,34,2,90,23,97,76,61,15" hai2="19,101,6,95,122,106,131,99,24,57,42,118,75" hai3="36,125,29,30,49,103,85,50,92,120,133,27,18"/><T111/><D130/><U96/><E116/><V78/><F118/><W88/><G36/><T80/><D37/><U107/><E34/><V115/><F122/><W121/><G133/><T128/><D128/><U58/><E2/><V26/><F115/><W73/><G73/><T5/><D46/><U54/><E135/><V17/><F131/><W22/><G103/><T81/><D127/><U48/><E76/><V70/><F70/><W11/><G125/><T104/><D104/><U113/><E126/><V31/><F26/><W89/><G89/><T64/><D59/><U72/><E72/><V41/><F6/><W0/><G0/><N who="0" m="167" /><D16/><N who="1" m="10655" /><E97/><V14/><F19/><W39/><G39/><T55/><D55/><U43/><E43/><V98/><F57/><W65/><G65/><T32/><AGARI ba="1,2" hai="25,28,32,64,66,80,81,83,109,110,111" m="167" machi="32" ten="40,2100,0" yaku="10,1" doraHai="132" who="0" fromWho="0" sc="318,44,393,-8,110,-8,159,-8" /><INIT seed="4,2,0,5,3,127" ten="362,385,102,151" oya="0" hai0="9,73,132,61,75,101,51,43,80,67,130,49,105" hai1="94,113,133,124,14,79,40,36,98,32,55,10,86" hai2="66,91,16,81,104,64,47,85,88,20,108,120,63" hai3="112,41,30,68,28,15,38,62,119,2,99,118,82"/><T76/><D132/><U65/><E32/><V78/><F108/><W87/><G2/><T96/><D73/><U0/><E0/><V37/><F120/><W19/><G112/><T83/><D83/><U126/><E65/><V29/><F104/><W77/><G68/><T54/><D43/><U90/><E113/><V26/><F37/><W71/><G71/><T95/><D130/><U131/><E133/><V46/><F66/><W92/><G62/><T56/><D9/><U59/><E36/><V18/><F18/><W134/><G134/><T103/><REACH who="0" step="1"/><D67/><REACH who="0" ten="352,385,102,151" step="2"/><U123/><E40/><V3/><F64/><W60/><G119/><T35/><D35/><U117/><E117/><V7/><F63/><W84/><G118/><T125/><D125/><N who="1" m="48235" /><E123/><V107/><F107/><W48/><G60/><T22/><D22/><U6/><E131/><V129/><F129/><W31/><G38/><T1/><D1/><U52/><E79/><V13/><F78/><W135/><G135/><T110/><D110/><U5/><E6/><V102/><F102/><W39/><G39/><T122/><D122/><U17/><E5/><V12/><F91/><W70/><G70/><T11/><D11/><U27/><E10/><N who="2" m="4191" /><F3/><W21/><G41/><T4/><D4/><U24/><E90/><V74/><F74/><W57/><G77/><T89/><D89/><U114/><E114/><V115/><F115/><W42/><G42/><T53/><D53/><U44/><E55/><V23/><AGARI ba="2,1" hai="13,16,20,23,26,29,46,47,81,85,88" m="4191" machi="23" ten="30,4000,0" yaku="8,1,54,2" doraHai="127" who="2" fromWho="2" sc="352,-22,385,-12,102,56,151,-12" /><INIT seed="5,0,0,2,1,99" ten="330,373,158,139" oya="1" hai0="75,58,48,55,69,45,127,73,105,43,96,72,85" hai1="94,76,122,93,49,103,26,53,47,63,68,74,18" hai2="60,89,13,91,0,16,52,23,107,134,79,81,12" hai3="31,77,109,118,66,88,65,135,133,17,5,128,102"/><U41/><E122/><V25/><F0/><W130/><G109/><T44/><D127/><U57/><E74/><V61/><F134/><N who="3" m="51211" /><G77/><T51/><D69/><U123/><E123/><V34/><F107/><W84/><G5/><T64/><D64/><U117/><E117/><V125/><F125/><W86/><G31/><T129/><D129/><N who="3" m="49769" /><G118/><T10/><D10/><U90/><E76/><V35/><F35/><W46/><G46/><T131/><D131/><U27/><E68/><V101/><F34/><W67/><G17/><T100/><D85/><N who="3" m="32873" /><G102/><T2/><D2/><U29/><E18/><V114/><F114/><W92/><G92/><N who="1" m="35434" /><E103/><V32/><F32/><W98/><G98/><T87/><D87/><U1/><E1/><V132/><F101/><W38/><G88/><N who="2" m="33865" /><F132/><W62/><G62/><N who="2" m="24169" /><F79/><W39/><AGARI ba="0,0" hai="38,39,65,66,67" m="32873,49769,51211" machi="39" ten="40,8000,1" yaku="28,2,20,1,19,1" doraHai="99" who="3" fromWho="3" sc="330,-20,373,-40,158,-20,139,80" /><INIT seed="6,0,0,4,3,103" ten="310,333,138,219" oya="2" hai0="119,59,63,47,90,127,33,76,114,86,133,27,70" hai1="6,41,126,130,8,18,75,56,83,31,107,46,16" hai2="24,21,71,42,50,64,77,128,88,38,12,120,108" hai3="89,131,62,135,10,2,22,92,91,17,25,69,123"/><V104/><F120/><W106/><G123/><T13/><D70/><U129/><E31/><V81/><F108/><W117/><G117/><T51/><D119/><U30/><E30/><V85/><F128/><N who="1" m="49257" /><E126/><V35/><F35/><W29/><G131/><T73/><D114/><U112/><E112/><V43/><F38/><W80/><G135/><T110/><D110/><U105/><E56/><V61/><F77/><W97/><G69/><T84/><D133/><U79/><E46/><V115/><F115/><W3/><G62/><T113/><D113/><U72/><E41/><V132/><F132/><W116/><G116/><T4/><D127/><U20/><E75/><V5/><F104/><N who="1" m="40009" /><E20/><V67/><F67/><W14/><G106/><T99/><D27/><U40/><E40/><V36/><F36/><W52/><G52/><N who="0" m="29823" /><D73/><U60/><E60/><V109/><F50/><W44/><G44/><T45/><D45/><U68/><E68/><V98/><F109/><W53/><G53/><N who="0" m="34287" /><D76/><U23/><E23/><V118/><F118/><W111/><G111/><T94/><D33/><U87/><E87/><V1/><F98/><W134/><G134/><T101/><D101/><U26/><E26/><V58/><F71/><W122/><G122/><T0/><D0/><AGARI ba="0,0" hai="0,6,8,16,18,72,79,83" m="40009,49257" machi="0" ten="30,8000,1" yaku="19,1,52,3,54,1" doraHai="103" who="1" fromWho="0" sc="310,-80,333,80,138,0,219,0" /><INIT seed="7,0,0,0,5,129" ten="230,413,138,219" oya="3" hai0="6,79,114,39,106,16,34,61,116,42,74,46,35" hai1="109,55,60,97,18,33,125,98,23,124,56,0,52" hai2="64,9,133,77,24,99,103,37,110,118,117,87,51" hai3="53,83,11,12,107,113,66,17,59,115,85,57,84"/><W132/><G107/><T126/><D116/><U73/><E0/><V19/><F37/><W100/><G100/><T91/><D106/><U123/><E33/><V122/><F110/><W63/><G132/><T86/><D126/><N who="1" m="48747" /><E73/><V111/><F133/><W95/><G95/><T31/><D114/><U48/><E123/><V112/><F112/><N who="3" m="43083" /><G83/><T47/><D6/><U81/><E81/><V49/><F111/><W2/><G2/><T105/><D105/><U134/><E134/><V120/><F64/><W121/><G121/><T71/><D31/><U72/><E72/><V27/><F87/><W102/><G102/><T69/><D79/><U1/><E1/><V54/><F77/><W5/><G5/><T10/><D74/><U76/><E76/><V58/><F49/><AGARI ba="0,0" hai="11,12,17,49,53,57,59,63,66,84,85" m="43083" machi="49" ten="30,1500,0" yaku="15,1" doraHai="129" who="3" fromWho="2" sc="230,0,413,0,138,-15,219,15" /><INIT seed="7,1,0,3,3,124" ten="230,413,123,234" oya="3" hai0="34,118,38,56,130,104,132,76,10,60,125,35,131" hai1="9,64,49,54,48,75,6,61,41,67,129,78,26" hai2="126,12,88,20,3,85,128,58,133,123,36,7,86" hai3="18,45,23,121,93,42,106,50,100,92,30,113,17"/><W1/><G1/><T46/><D104/><U87/><E129/><N who="0" m="49161" /><D118/><U119/><E75/><V81/><F128/><W114/><G121/><T65/><D76/><U120/><E120/><V44/><F126/><W37/><G106/><T24/><D125/><U135/><E26/><V22/><F133/><W16/><G100/><T101/><D101/><U116/><E78/><V8/><F123/><W103/><G37/><T99/><D99/><U29/><E87/><V14/><F58/><W21/><G103/><T102/><D102/><U39/><E29/><V71/><F71/><W68/><G68/><T89/><D89/><U11/><E39/><V110/><F110/><W15/><G30/><N who="0" m="19783" /><D35/><U111/><E111/><V134/><F134/><W31/><G31/><T97/><D97/><U105/><E105/><V109/><F109/><W28/><G28/><T43/><D132/><U27/><E135/><V25/><F25/><W19/><REACH who="3" step="1"/><G21/><REACH who="3" ten="230,413,123,224" step="2"/><T79/><D10/><U2/><E9/><V51/><F36/><W77/><G77/><T13/><D79/><U108/><E116/><V83/><F22/><W5/><G5/><T70/><D70/><U96/><E119/><V66/><F20/><W59/><G59/><T73/><D73/><U53/><E11/><V57/><F57/><W72/><G72/><T47/><D46/><U94/><E108/><V52/><REACH who="2" step="1"/><F66/><REACH who="2" ten="230,413,113,224" step="2"/><W91/><G91/><AGARI ba="1,2" hai="3,7,8,12,14,44,51,52,81,83,85,86,88,91" machi="91" ten="30,12000,2" yaku="1,1,2,1,7,1,9,1,54,2,53,0" doraHai="124" doraHaiUra="74" who="2" fromWho="3" sc="230,0,413,0,113,143,224,-123" owari="230,-17.0,413,51.0,256,6.0,101,-40.0" /></mjloggm>