<mjloggm ver="2.3"><GO type="169"/><UN n0="%E9%9C%A7%E3%81%AE%E6%B5%AE%E8%88%9F" n1="%E6%9C%A7%E5%A4%8F%E6%9C%88" n2="%E7%9C%89%E6%A4%BF%E7%B7%92%E4%BF%A1" n3="%EF%BC%88%E2%89%A7%E2%96%BD%E2%89%A6%EF%BC%89" dan="18,17,16,16" rate="2250,2207,2156,2132" sx="M,F,M,M"/><TAIKYOKU oya="0"/><INIT seed="0,0,0,4,0,132" ten="250,250,250,250" oya="0" hai0="24,58,119,20,16,3,44,85,26,45,10,84,112" hai1="131,77,46,129,17,28,92,123,83,97,106,22,134" hai2="133,93,95,30,108,50,63,0,67,31,105,71,15" hai3="33,121,55,94,35,8,88,98,9,18,37,99,111"/><T75/><D75/><U70/><E70/><V96/><F0/><W4/><G37/><T27/><D119/><U38/><E123/><V54/><F133/><W79/><G79/><T13/><D3/><U103/><E28/><V130/><F108/><W82/><G121/><T118/><D118/><U47/><E134/><V102/><F130/><N who="1" m="49673" /><E106/><V135/><F135/><W86/><G111/><T126/><D112/><U14/><E38/><V91/><F15/><W125/><G99/><T127/><D20/><U76/><E76/><V65/><F65/><W56/><G18/><T104/><D104/><U21/><E22/><V60/><F60/><W68/><G68/><T59/><D59/><U73/><AGARI ba="0,0" hai="14,17,21,46,47,73,77,83,92,97,103" m="49673" machi="73" ten="30,1100,0" yaku="19,1" doraHai="132" who="1" fromWho="1" sc="250,-5,250,11,250,-3,250,-3" /><INIT seed="1,0,0,0,4,75" ten="245,261,247,247" oya="1" hai0="117,103,23,97,67,77,47,22,26,15,122,105,34" hai1="1,115,28,101,39,24,16,66,107,4,90,94,83" hai2="14,38,119,69,60,128,118,85,29,112,121,52,109" hai3="48,92,49,72,46,129,93,45,65,114,10,80,11"/><U18/><E39/><V13/><F121/><W40/><G129/><T120/><D117/><U96/><E115/><V59/><F112/><W57/><G114/><T35/><D67/><U106/><E66/><V53/><F118/><W58/><G80/><T111/><D111/><U27/><E107/><V79/><F119/><W81/><G81/><T42/><D15/><U104/><E104/><V108/><F128/><W56/><G72/><T12/><D12/><U98/><E27/><V124/><F124/><W131/><G65/><T61/><D61/><U0/><E83/><N who="2" m="47359" /><F69/><W127/><G127/><T17/><D22/><U132/><E132/><V133/><F133/><W51/><G131/><T36/><REACH who="0" step="1"/><D77/><REACH who="0" ten="235,261,247,247" step="2"/><U113/><E113/><V6/><F13/><W20/><G20/><T50/><D50/><U125/><E125/><V130/><F130/><W116/><G116/><T73/><D73/><U55/><E1/><V84/><F14/><W9/><REACH who="3" step="1"/><G40/><REACH who="3" ten="235,261,247,237" step="2"/><T44/><D44/><AGARI ba="0,2" hai="9,10,11,44,45,46,48,49,51,56,57,58,92,93" machi="44" ten="50,12000,2" yaku="1,1,2,1,29,2,28,2,8,1,53,0" doraHai="75" doraHaiUra="135" who="3" fromWho="0" sc="235,-120,261,0,247,0,237,140" /><INIT seed="2,0,0,5,4,23" ten="115,261,247,377" oya="2" hai0="39,13,94,1,109,124,6,62,74,66,81,100,130" hai1="53,40,78,35,27,0,80,102,87,126,69,103,19" hai2="64,7,2,89,57,46,54,12,14,49,93,59,61" hai3="48,52,10,37,115,18,91,110,105,132,101,107,84"/><V85/><F2/><W73/><G73/><T71/><D109/><U77/><E0/><V119/><F119/><W117/><G117/><T134/><D130/><U116/><E116/><V96/><F7/><W25/><G37/><T75/><D134/><U79/><E126/><V4/><F4/><W31/><G110/><T82/><D124/><U15/><E69/><V20/><F20/><W129/><G129/><T45/><D13/><U86/><E40/><V36/><F36/><W28/><G132/><T98/><D82/><U111/><E111/><V104/><F104/><W128/><G115/><T11/><REACH who="0" step="1"/><D81/><REACH who="0" ten="105,261,247,377" step="2"/><U32/><E15/><V114/><F114/><W21/><G128/><T125/><D125/><U42/><E80/><V99/><F14/><W97/><G10/><T9/><D9/><U70/><E78/><V22/><F46/><W38/><G38/><T17/><D17/><AGARI ba="0,1" hai="12,17,22,49,54,57,59,61,64,85,89,93,96,99" machi="17" ten="40,7700,0" yaku="25,2,8,1" doraHai="23" who="2" fromWho="0" sc="105,-77,261,0,247,87,377,0" /><INIT seed="2,1,0,3,3,111" ten="28,261,334,377" oya="2" hai0="80,42,122,101,19,95,96,18,63,16,123,44,43" hai1="113,6,125,15,31,115,79,134,72,89,118,77,78" hai2="22,84,98,121,21,60,35,67,66,62,74,17,110" hai3="73,57,32,97,104,28,40,83,8,53,0,129,81"/><V126/><F121/><W37/><G129/><T108/><D108/><U133/><E118/><V7/><F74/><W85/><G73/><T70/><D43/><U46/><E31/><V103/><F110/><W4/><G28/><T33/><D33/><U87/><E72/><V61/><F35/><W64/><G32/><T41/><D41/><U14/><E46/><V90/><F126/><W100/><G64/><T102/><D102/><U71/><E71/><V52/><F7/><W105/><G105/><T54/><D80/><U25/><E25/><V20/><F17/><W12/><G0/><T59/><REACH who="0" step="1"/><D70/><REACH who="0" ten="18,261,334,377" step="2"/><U127/><E125/><V109/><F109/><W82/><G40/><T1/><D1/><U116/><E127/><V91/><F67/><W93/><G37/><AGARI ba="1,1" hai="16,18,19,37,42,44,54,59,63,95,96,101,122,123" machi="37" ten="40,2600,0" yaku="1,1,54,1,53,0" doraHai="111" doraHaiUra="30" who="0" fromWho="3" sc="18,39,261,0,334,0,377,-29" /><INIT seed="3,0,0,0,5,18" ten="57,261,334,348" oya="3" hai0="20,105,111,3,81,120,43,50,62,66,56,65,36" hai1="32,115,83,101,98,4,107,57,1,119,128,35,11" hai2="39,77,126,80,72,100,129,79,59,6,104,45,41" hai3="24,131,127,33,19,71,52,5,69,70,7,109,68"/><W30/><G131/><T53/><D105/><U124/><E115/><V103/><F126/><W112/><G112/><T51/><D3/><U58/><E124/><V125/><F129/><W25/><G127/><T97/><D120/><U121/><E128/><V91/><F125/><W63/><G109/><T8/><D8/><U95/><E121/><V12/><F79/><W27/><G27/><T82/><D111/><U130/><E130/><V23/><F104/><W29/><G19/><T10/><D10/><U132/><E132/><V85/><F59/><W0/><G0/><T64/><D97/><U106/><E119/><V93/><REACH who="2" step="1"/><F6/><REACH who="2" ten="57,261,324,348" step="2"/><W14/><G70/><T17/><D36/><U113/><E58/><V61/><F61/><W90/><G69/><T133/><D133/><U92/><E57/><V55/><F55/><W108/><G68/><T117/><D117/><U46/><E113/><V123/><F123/><W76/><G76/><T94/><D94/><U118/><E118/><V54/><F54/><W74/><G5/><T75/><D75/><U78/><E95/><V38/><F38/><W102/><G74/><T96/><D96/><U135/><E135/><V110/><F110/><W99/><G99/><T31/><D43/><U116/><E116/><V9/><F9/><W21/><G7/><T22/><D62/><U89/><E107/><V2/><F2/><W48/><G63/><T49/><D56/><U60/><E60/><V26/><F26/><W114/><G108/><T42/><D53/><U34/><E106/><V88/><F88/><W86/><G114/><T13/><D42/><RYUUKYOKU ba="0,1" sc="57,15,261,-15,324,15,348,-15" hai0="13,17,20,22,31,49,50,51,64,65,66,81,82" hai2="12,23,39,41,45,72,77,80,85,91,93,100,103" /><INIT seed="4,1,1,4,5,80" ten="72,246,339,333" oya="0" hai0="4,6,114,7,79,48,29,87,124,99,83,22,104" hai1="33,89,9,132,16,135,52,113,84,41,76,37,119" hai2="57,75,86,116,115,54,56,5,90,131,73,15,14" hai3="71,112,34,50,24,129,20,55,27,40,68,111,42"/><T92/><D104/><U103/><E119/><V72/><F116/><W43/><G111/><T61/><D114/><U60/><E33/><V110/><F110/><W2/><G2/><T74/><D124/><U107/><E76/><V100/><F115/><W91/><G112/><T63/><D74/><U133/><E113/><V106/><F131/><W30/><G91/><T122/><D122/><U82/><E41/><V45/><F45/><W3/><G3/><T88/><D48/><U102/><E37/><V109/><F109/><W19/><REACH who="3" step="1"/><G129/><REACH who="3" ten="72,246,339,323" step="2"/><T108/><REACH who="0" step="1"/><D108/><REACH who="0" ten="62,246,339,323" step="2"/><U44/><E133/><V17/><F75/><W123/><G123/><T36/><D36/><U8/><E135/><V120/><F73/><W66/><G66/><T118/><D118/><U13/><E132/><V69/><F72/><W38/><G38/><T125/><D125/><U134/><E134/><V39/><F120/><W98/><G98/><T117/><D117/><U97/><E97/><V12/><F39/><W49/><G49/><T47/><D47/><AGARI ba="1,3" hai="19,20,24,27,30,34,40,42,43,47,50,55,68,71" machi="47" ten="40,1300,0" yaku="1,1,53,0" doraHai="80" doraHaiUra="121" who="3" fromWho="0" sc="62,-16,246,0,339,0,323,46" /><INIT seed="5,0,0,0,1,28" ten="46,246,339,369" oya="1" hai0="86,70,120,125,111,123,10,18,62,0,5,58,90" hai1="31,78,81,119,2,55,127,93,46,105,7,67,19" hai2="17,34,16,13,99,52,91,65,40,66,102,36,133" hai3="33,69,54,84,32,74,79,92,68,29,101,96,122"/><U50/><E105/><V63/><F133/><W30/><G122/><T26/><D111/><U131/><E119/><V98/><F34/><W109/><G109/><T61/><D125/><U24/><E127/><V88/><F36/><W80/><G54/><T106/><D106/><U128/><E67/><V110/><F110/><W126/><G126/><T59/><D70/><U53/><E19/><V22/><F40/><W75/><G75/><T135/><D135/><U132/><E132/><V94/><F65/><W45/><G45/><T134/><D134/><U104/><E104/><V114/><F114/><W129/><G129/><N who="1" m="49738" /><E93/><V23/><F52/><W48/><G48/><T43/><D43/><N who="1" m="24927" /><E7/><V103/><F99/><W57/><G69/><T77/><D77/><U108/><E2/><V112/><F103/><W49/><G68/><T8/><D62/><U73/><E108/><V56/><F112/><W107/><G57/><T11/><D26/><AGARI ba="0,0" hai="13,16,17,22,23,26,56,63,66,88,91,94,98,102" machi="26" ten="30,7700,0" yaku="7,1,8,1,54,2" doraHai="28" who="2" fromWho="0" sc="46,-77,246,0,339,77,369,0" owari="-31,-53.0,246,-15.0,416,51.0,369,17.0" /></mjloggm>