<mjloggm ver="2.3"><GO type="41"/><UN n0="%E3%81%93%E3%81%93%E3%81%82%E3%83%BC%E3%82%93" n1="%74%61%6B%4D" n2="%E3%82%A6%E3%83%AB%E3%83%88%E3%83%A9%E7%AB%8B%E7%9B%B4" n3="%57%6F%6F%6C%77%69%63%68" dan="15,14,15,13" rate="1918,1881,1983,1853" sx="M,M,M,M"/><TAIKYOKU oya="0"/><INIT seed="0,0,0,0,4,63" ten="250,250,250,250" oya="0" hai0="54,102,18,130,50,77,71,65,111,98,13,6,57" hai1="94,48,55,115,75,39,56,69,70,97,123,82,3" hai2="116,72,15,79,93,120,67,129,19,51,105,61,43" hai3="66,119,23,25,125,78,28,83,22,113,8,131,99"/><T132/><D77/><U86/><E75/><V92/><F120/><W95/><G119/><T124/><D124/><U62/><E3/><V37/><F37/><W58/><G113/><T128/><D132/><U90/><E39/><V127/><F127/><W33/><G125/><T53/><D6/><U27/><E115/><V5/><F105/><W0/><G131/><N who="0" m="50219" /><D111/><U85/><E123/><V110/><F110/><W112/><G112/><T104/><D71/><U14/><E27/><V2/><F129/><W80/><G0/><T1/><D1/><U11/><E86/><V32/><F32/><W135/><G135/><T45/><D65/><U49/><E70/><V118/><F2/><W108/><G8/><N who="0" m="6439" /><D54/><U91/><REACH who="1" step="1"/><E69/><REACH who="1" step="2"/><V41/><F72/><W84/><G108/><T40/><D40/><U103/><E103/><V7/><F118/><W122/><G122/><T47/><AGARI ba="0,1" hai="45,47,50,53,57,98,102,104" m="6439,50219" machi="47" ten="30,1500,0" yaku="19,1" doraHai="63" who="0" fromWho="0" sc="250,25,240,-5,250,-5,250,-5" /><INIT seed="0,1,0,2,4,20" ten="275,235,245,245" oya="0" hai0="18,73,54,80,124,127,97,105,106,69,53,83,17" hai1="65,95,2,28,101,34,7,14,76,123,119,19,49" hai2="57,71,85,88,78,129,9,133,111,131,81,92,82" hai3="36,130,128,40,93,38,122,21,0,99,64,121,60"/><T48/><D69/><U5/><E123/><N who="3" m="47114" /><G0/><T116/><D116/><U87/><E119/><V61/><F71/><N who="3" m="42375" /><G21/><T37/><D37/><N who="3" m="14441" /><G93/><T120/><D120/><U50/><E65/><V56/><F82/><N who="0" m="31274" /><D73/><U16/><E76/><V25/><F9/><W70/><G99/><T12/><D97/><U107/><E107/><N who="0" m="40969" /><D12/><U89/><E101/><V90/><F90/><W96/><G96/><T86/><D86/><U29/><E2/><V115/><F88/><W63/><G40/><T66/><D66/><AGARI ba="1,0" hai="63,66,70,128,130" m="14441,42375,47114" machi="66" ten="40,8000,1" yaku="13,1,23,1,34,2" doraHai="20" who="3" fromWho="0" sc="275,-83,235,0,245,0,245,83" /><INIT seed="1,0,0,1,2,2" ten="192,235,245,328" oya="1" hai0="111,26,58,10,33,77,133,93,83,87,88,40,131" hai1="21,6,128,39,103,5,68,70,29,122,52,28,89" hai2="116,101,59,94,121,41,92,43,53,30,22,135,108" hai3="19,45,81,20,109,13,119,84,100,24,106,126,86"/><U36/><E122/><V15/><F116/><W67/><G119/><T79/><D111/><U113/><E113/><V31/><F121/><W11/><G109/><T27/><D133/><U85/><E128/><V74/><F74/><W91/><G126/><T105/><D131/><U49/><E103/><V8/><F135/><W104/><G67/><T16/><D105/><U37/><E70/><V23/><F108/><W123/><G123/><T112/><D112/><U32/><E68/><V134/><F134/><W125/><G125/><T60/><D33/><U78/><E78/><V82/><F82/><W98/><G84/><T62/><D40/><U61/><E32/><V4/><F43/><W117/><G117/><T64/><D62/><U38/><N who="1" m="9728" /><DORA hai="76" /><U95/><E61/><N who="2" m="36079" /><F41/><W44/><REACH who="3" step="1"/><G104/><REACH who="3" step="2"/><T7/><D77/><U54/><E29/><AGARI ba="0,1" hai="11,13,19,20,24,29,44,45,81,86,91,98,100,106" machi="29" ten="30,8000,1" yaku="1,1,2,1,7,1,52,1,53,1" doraHai="2,76" doraHaiUra="102,107" who="3" fromWho="1" sc="192,0,235,-80,245,0,318,90" /><INIT seed="2,0,0,0,5,50" ten="192,155,245,408" oya="2" hai0="14,8,101,19,103,129,3,62,77,124,58,99,25" hai1="18,116,10,20,107,59,16,83,112,111,9,13,22" hai2="43,45,54,37,2,117,91,115,66,26,15,118,57" hai3="72,98,53,51,48,105,44,27,79,109,93,120,67"/><V110/><F2/><W71/><G120/><T86/><D124/><U128/><E107/><V97/><F115/><W119/><G119/><T30/><D129/><U1/><E1/><V132/><F66/><W39/><G105/><T135/><D135/><U64/><E116/><V68/><F68/><W35/><G39/><T42/><D42/><U41/><E112/><V114/><F114/><W63/><G109/><T29/><D3/><U49/><E41/><V90/><F132/><W17/><G72/><T23/><D30/><U33/><E128/><V40/><F40/><W94/><G79/><T76/><D86/><U131/><E33/><V125/><F125/><W69/><G94/><T121/><D121/><U95/><E131/><V38/><F38/><W4/><G4/><T74/><D74/><U108/><E95/><N who="2" m="56567" /><F91/><W6/><G6/><T81/><D81/><U61/><E83/><V126/><F15/><W0/><G0/><T55/><D103/><U113/><E113/><V92/><F92/><AGARI ba="0,0" hai="8,14,19,23,25,29,55,58,62,76,77,92,99,101" machi="92" ten="30,3900,0" yaku="7,1,8,1,52,1" doraHai="50" who="0" fromWho="2" sc="192,39,155,0,245,-39,408,0" /><INIT seed="3,0,0,2,5,70" ten="231,155,206,408" oya="3" hai0="40,3,15,13,1,96,116,81,27,56,51,132,106" hai1="84,21,42,63,26,11,94,130,79,110,105,46,57" hai2="114,43,92,69,31,109,16,127,102,0,112,122,41" hai3="8,9,44,119,123,120,20,133,49,104,38,73,17"/><W68/><G119/><T85/><D116/><U10/><E105/><V89/><F0/><W128/><G104/><T118/><D118/><U117/><E110/><V24/><F69/><W77/><G68/><T14/><D132/><U87/><E117/><V35/><F109/><W131/><G73/><T34/><D34/><U25/><E87/><V12/><F102/><W88/><G77/><T52/><D27/><U4/><E130/><N who="3" m="49706" /><G133/><T72/><D72/><U97/><E21/><V7/><F127/><W54/><G88/><T108/><D108/><U59/><E11/><N who="3" m="4170" /><G38/><T83/><D83/><U53/><E59/><V32/><F89/><W67/><G67/><T76/><D40/><U134/><E134/><V103/><F43/><W113/><G113/><T28/><D106/><U5/><E5/><V101/><F41/><W90/><G90/><T65/><D65/><U30/><E79/><V39/><F39/><W71/><G71/><T47/><D96/><U75/><E84/><V58/><F7/><W121/><G121/><T45/><D47/><U18/><E75/><V29/><F122/><W78/><G78/><T48/><D45/><U124/><E94/><V135/><F135/><W22/><G22/><T37/><D37/><U115/><E97/><V91/><F91/><W61/><G61/><T6/><D51/><U23/><E115/><N who="2" m="44075" /><F92/><W66/><G66/><T95/><D95/><U19/><E42/><V99/><F99/><W111/><G111/><T60/><D60/><U50/><E63/><V82/><F101/><W86/><G86/><T129/><D129/><U62/><E62/><RYUUKYOKU ba="0,0" sc="231,-10,155,-10,206,-10,408,30" hai3="17,20,44,49,54,120,123" /><INIT seed="3,1,0,3,5,99" ten="221,145,196,438" oya="3" hai0="84,126,52,120,51,53,125,115,109,60,8,42,112" hai1="56,68,129,122,21,93,94,74,9,118,55,75,117" hai2="128,73,49,91,31,89,102,17,127,81,6,10,92" hai3="103,40,110,22,19,11,58,113,69,77,135,123,5"/><W64/><G123/><T23/><D8/><U66/><E9/><V25/><F127/><N who="0" m="48650" /><D23/><U95/><E68/><V78/><F128/><W133/><G69/><T7/><D7/><U114/><E66/><V62/><F17/><W86/><G40/><T85/><D120/><U14/><E114/><N who="0" m="43561" /><D109/><U2/><E129/><V106/><F62/><W3/><G113/><T16/><D16/><N who="1" m="10391" /><E2/><V131/><F131/><W119/><G110/><T33/><D33/><U96/><E122/><V43/><F10/><W100/><G119/><N who="1" m="45578" /><E96/><V28/><F6/><W116/><G116/><T105/><D105/><U45/><E45/><V54/><F28/><W38/><G38/><T76/><D76/><U37/><E37/><V67/><F31/><W111/><G111/><T90/><D90/><U65/><E65/><V20/><F67/><W132/><G77/><T1/><D1/><U18/><E18/><V82/><F20/><W30/><G86/><N who="0" m="33387" /><D60/><AGARI ba="1,0" hai="55,56,60,74,75,93,94,95" m="45578,10391" machi="60" ten="30,2000,0" yaku="12,1,54,1" doraHai="99" who="1" fromWho="0" sc="221,-23,145,23,196,0,438,0" /><INIT seed="4,0,0,4,4,5" ten="198,168,196,438" oya="0" hai0="46,50,30,84,120,72,113,24,100,102,126,110,79" hai1="48,21,81,35,22,88,3,6,49,106,44,4,37" hai2="66,17,78,34,19,95,116,89,124,54,121,70,68" hai3="129,67,131,16,18,104,105,135,45,33,56,119,94"/><T10/><D72/><U99/><E106/><V101/><F121/><W86/><G33/><T9/><D120/><U98/><E35/><V118/><F101/><N who="0" m="39018" /><D113/><U112/><E112/><V82/><F34/><W74/><G74/><T52/><D126/><U20/><E37/><V13/><F124/><W125/><G125/><T1/><D1/><U15/><E3/><V130/><F130/><W92/><G119/><T108/><D79/><U11/><E4/><V73/><F19/><W47/><G86/><T97/><D97/><U93/><E81/><V2/><F2/><W55/><G55/><T53/><D84/><U58/><E44/><V29/><F54/><W40/><G56/><T111/><D53/><U133/><E58/><V25/><F66/><W75/><G75/><T57/><D57/><U71/><E71/><V91/><F70/><W77/><G77/><T41/><D41/><U83/><E83/><V36/><F36/><W115/><G115/><T28/><D28/><U103/><REACH who="1" step="1"/><E133/><REACH who="1" step="2"/><V107/><F68/><W32/><G135/><T39/><D39/><U114/><E114/><V117/><F107/><W123/><G32/><AGARI ba="0,1" hai="9,10,24,30,32,46,50,52,108,110,111" m="39018" machi="32" ten="30,11600,0" yaku="10,1,52,2,54,1" doraHai="5" who="0" fromWho="3" sc="198,126,158,0,196,0,438,-116" /><INIT seed="4,1,0,2,2,110" ten="324,158,196,322" oya="0" hai0="135,39,94,4,52,5,72,27,81,68,62,82,90" hai1="102,113,120,97,105,49,1,85,101,96,114,26,87" hai2="57,119,124,48,70,130,10,9,29,132,2,46,32" hai3="14,103,98,54,33,76,40,86,35,24,34,116,112"/><T84/><D39/><U12/><E1/><V78/><F70/><W107/><G116/><T63/><D135/><U128/><E120/><V21/><F57/><W58/><G40/><T18/><D68/><U44/><E128/><V66/><F66/><W88/><G76/><T122/><D122/><U111/><E26/><N who="2" m="18487" /><F78/><W73/><G73/><T56/><D63/><U99/><E111/><V104/><F104/><W43/><G43/><T19/><D72/><U8/><E96/><V25/><F46/><W53/><G112/><N who="1" m="43114" /><E99/><V106/><F48/><W60/><G14/><T61/><D61/><U75/><E75/><V11/><F106/><W22/><G54/><T51/><D51/><U64/><E64/><V55/><F55/><W92/><REACH who="3" step="1"/><G34/><REACH who="3" step="2"/><T6/><D27/><U108/><E108/><V47/><F130/><W129/><G129/><T79/><D79/><U0/><E0/><V74/><F74/><W71/><G71/><T83/><AGARI ba="1,1" hai="4,5,6,18,19,52,56,62,81,82,83,84,90,94" machi="83" ten="30,6000,0" yaku="0,1,8,1,54,1" doraHai="110" who="0" fromWho="0" sc="324,73,158,-21,196,-21,312,-21" /><INIT seed="4,2,0,1,2,14" ten="397,137,175,291" oya="0" hai0="22,83,135,65,74,86,71,56,78,68,88,52,64" hai1="127,89,121,38,19,73,87,5,32,114,96,54,23" hai2="81,77,49,17,101,133,59,3,21,27,116,34,104" hai3="61,41,42,4,44,97,105,93,0,24,55,63,67"/><T76/><D135/><U120/><E32/><V26/><F3/><W123/><G105/><T126/><D126/><U7/><E38/><V110/><F110/><W70/><G123/><T94/><D71/><U122/><E73/><V66/><F133/><W95/><G0/><T112/><D112/><U60/><E114/><V20/><F34/><W43/><G4/><T69/><D69/><U50/><E127/><V6/><F6/><W108/><G108/><T10/><D10/><U90/><E60/><V119/><F101/><W30/><G63/><T118/><D118/><U35/><E35/><V99/><F99/><W125/><G125/><T11/><D11/><U109/><E109/><V45/><F104/><W48/><REACH who="3" step="1"/><G97/><REACH who="3" step="2"/><T92/><D68/><U117/><E96/><V9/><F116/><W16/><G16/><T85/><D74/><U102/><E117/><V115/><F119/><W37/><G37/><T47/><D47/><U15/><E102/><V132/><F115/><W33/><AGARI ba="2,1" hai="24,30,33,41,42,43,44,48,55,61,67,70,93,95" machi="33" ten="30,2000,0" yaku="1,1,0,1,53,0" doraHai="14" doraHaiUra="128" who="3" fromWho="3" sc="397,-12,137,-7,175,-7,281,36" /><INIT seed="5,0,0,2,2,131" ten="385,130,168,317" oya="1" hai0="130,0,24,1,39,107,4,128,35,6,46,57,114" hai1="56,95,92,133,30,41,96,97,49,80,86,11,64" hai2="74,69,8,104,20,103,88,100,15,32,34,113,117" hai3="36,16,77,99,19,12,66,106,81,59,26,126,37"/><U85/><E30/><V122/><F74/><W82/><G126/><T14/><D107/><U13/><E41/><V33/><F122/><W123/><G123/><T93/><D114/><U89/><E64/><V55/><F117/><W18/><G37/><T70/><D70/><U38/><E38/><V127/><F127/><W112/><G112/><T71/><D71/><U23/><E23/><V94/><F113/><W31/><G36/><T132/><D132/><U5/><E133/><V108/><F104/><W7/><G106/><T48/><D39/><U43/><E80/><V52/><F69/><W90/><G77/><T120/><D120/><U50/><E50/><V75/><F75/><W2/><G2/><T73/><D73/><U60/><E60/><V22/><F22/><W10/><G99/><T121/><D57/><U98/><E98/><V58/><F20/><W45/><G45/><T115/><D93/><U129/><E129/><V134/><F134/><W27/><G31/><T135/><D135/><U47/><REACH who="1" step="1"/><E56/><REACH who="1" step="2"/><V54/><F58/><W25/><G59/><T91/><D130/><U124/><E124/><V109/><F100/><AGARI ba="0,1" hai="5,11,13,43,47,49,85,86,89,92,95,96,97,100" machi="100" ten="30,11600,0" yaku="1,1,7,1,8,1,53,1" doraHai="131" doraHaiUra="84" who="1" fromWho="2" sc="385,0,120,126,168,-116,317,0" /><INIT seed="5,1,0,5,2,79" ten="385,246,52,317" oya="1" hai0="68,32,67,28,65,17,130,89,90,133,66,95,94" hai1="9,60,8,64,33,36,122,101,85,109,127,29,23" hai2="110,35,107,80,77,3,13,27,126,132,76,26,18" hai3="19,92,58,21,97,114,81,75,45,131,135,50,0"/><U2/><E36/><V111/><F3/><W93/><G131/><T15/><D68/><U71/><E122/><V115/><F107/><W86/><G0/><T30/><D133/><U44/><E127/><V54/><F132/><W4/><G135/><T108/><D130/><U63/><E33/><V12/><F54/><W105/><G114/><T70/><D70/><U57/><E2/><V61/><F61/><W118/><G118/><T31/><D108/><U91/><E44/><V53/><F53/><W104/><G75/><T69/><D69/><U48/><E101/><V34/><F18/><W38/><G38/><T116/><D116/><U123/><E123/><V40/><F40/><W129/><G129/><T73/><D73/><U59/><E48/><V87/><F87/><W16/><G4/><T51/><D51/><U55/><E109/><V112/><REACH who="2" step="1"/><F126/><REACH who="2" step="2"/><W42/><G105/><T124/><D124/><U119/><E119/><V24/><F24/><W100/><G19/><T121/><D121/><U74/><E74/><V62/><F62/><W98/><G98/><T11/><D32/><U106/><E106/><V41/><F41/><W56/><G56/><T82/><D82/><AGARI ba="1,1" hai="12,13,26,27,34,35,76,77,80,82,110,111,112,115" machi="82" ten="25,8000,1" yaku="1,1,22,2,52,2,53,0" doraHai="79" doraHaiUra="25" who="2" fromWho="0" sc="385,-83,246,0,42,93,317,0" /><INIT seed="6,0,0,4,1,57" ten="302,246,135,317" oya="2" hai0="0,98,125,20,17,60,18,2,29,124,42,112,13" hai1="36,77,73,78,50,34,15,10,88,106,104,23,58" hai2="85,97,133,99,93,127,83,102,35,55,79,91,114" hai3="103,43,101,96,63,129,25,6,8,11,59,80,26"/><V75/><F35/><W121/><G121/><T44/><D112/><U67/><E36/><V47/><F114/><W100/><G129/><T76/><D76/><U7/><E34/><V38/><F127/><N who="0" m="48714" /><D29/><U117/><E117/><V69/><F133/><W84/><G43/><T71/><D98/><U1/><E106/><V130/><F130/><W65/><G96/><T48/><D17/><U115/><E104/><N who="2" m="63567" /><F69/><W66/><G66/><AGARI ba="0,0" hai="0,2,13,18,20,42,44,48,60,66,71" m="48714" machi="66" ten="30,2000,0" yaku="18,1,52,1" doraHai="57" who="0" fromWho="3" sc="302,20,246,0,135,0,317,-20" /><INIT seed="7,0,0,2,2,134" ten="322,246,135,297" oya="3" hai0="27,0,100,109,99,130,69,31,71,66,113,76,84" hai1="36,4,79,49,11,18,107,115,43,59,17,42,72" hai2="51,68,129,28,56,64,101,135,32,20,114,87,15" hai3="128,34,9,12,26,5,80,29,132,46,110,53,98"/><W40/><G128/><T90/><D109/><U25/><E107/><V118/><F135/><W117/><G132/><T108/><D108/><U121/><E115/><V50/><F114/><W2/><G117/><T52/><D76/><U105/><E121/><V104/><F118/><W119/><G119/><T127/><D127/><U1/><E105/><V24/><F129/><W55/><G110/><T93/><D130/><U77/><E72/><V7/><F87/><W45/><G98/><T133/><D133/><U19/><E36/><V97/><F56/><W83/><G2/><T102/><D0/><U120/><E120/><V106/><F106/><W103/><G103/><T95/><D100/><U65/><E42/><V67/><F67/><W92/><G92/><T85/><D66/><U41/><E41/><V61/><REACH who="2" step="1"/><F20/><REACH who="2" step="2"/><W8/><G45/><T96/><D113/><U13/><E65/><V111/><F111/><W37/><REACH who="3" step="1"/><G9/><AGARI ba="0,1" hai="7,9,15,24,28,32,50,51,61,64,68,97,101,104" machi="9" ten="40,8000,1" yaku="1,1,25,2,53,1" doraHai="134" doraHaiUra="58" who="2" fromWho="3" sc="322,0,246,0,125,90,297,-80" owari="322,41,246,5,215,-28,217,-18" /></mjloggm>