<mjloggm ver="2.3"><GO type="169" lobby="0"/><UN n0="%EF%BC%88%E2%89%A7%E2%96%BD%E2%89%A6%EF%BC%89" n1="%E6%A1%9C%E4%BA%95%E3%82%A2%E3%82%BD%E3%82%B3" n2="%73%68%6F%65%73" n3="%E3%83%81%E3%83%BC%E3%82%BF%E3%83%BC" dan="17,17,16,16" rate="2191.68,2217.87,2060.66,2131.34" sx="M,M,M,M"/><TAIKYOKU oya="0"/><INIT seed="0,0,0,2,0,109" ten="250,250,250,250" oya="0" hai0="55,77,119,33,31,21,5,27,107,93,10,64,114" hai1="82,30,63,1,36,56,66,22,14,59,24,16,68" hai2="130,54,13,3,79,52,17,6,19,42,35,92,126" hai3="28,4,127,124,105,74,67,40,104,84,0,100,70"/><T51/><D107/><U20/><E36/><V76/><F3/><W88/><G74/><T135/><D119/><U134/><E1/><V46/><F35/><W38/><G28/><T132/><D77/><U113/><E134/><V115/><F130/><W133/><G133/><N who="0" m="51275" /><D64/><U57/><REACH who="1" step="1"/><E82/><REACH who="1" ten="250,240,250,250" step="2"/><V9/><F126/><W78/><G124/><T75/><D75/><U99/><E99/><V32/><F32/><W94/><G127/><T112/><D33/><U45/><E45/><V95/><F46/><W102/><G0/><N who="0" m="295" /><D93/><U34/><E34/><V15/><F95/><W2/><G2/><T123/><D123/><U89/><E89/><V29/><F92/><W108/><G78/><T25/><D25/><U129/><E129/><V49/><F79/><W80/><G104/><T125/><D125/><U96/><E96/><V48/><F76/><W86/><G105/><T8/><D8/><U62/><E62/><V111/><F9/><W87/><G80/><T101/><D101/><U122/><E122/><V60/><F60/><W11/><G100/><T85/><D85/><U81/><E81/><V18/><F111/><W26/><G102/><T116/><D116/><U110/><E110/><V103/><F103/><W69/><G108/><T106/><D106/><U121/><E121/><V61/><F61/><W53/><G26/><T120/><D120/><U37/><E37/><V72/><F72/><W71/><G38/><T90/><D90/><U47/><E47/><AGARI ba="0,1" hai="21,27,31,47,51,55,112,114" m="295,51275" machi="47" ten="30,5800,0" yaku="20,1,52,2" doraHai="109" who="0" fromWho="1" sc="250,68,240,-58,250,0,250,0" /><INIT seed="0,1,0,1,5,29" ten="318,182,250,250" oya="0" hai0="127,69,85,44,87,76,47,91,83,52,121,0,122" hai1="131,28,117,97,71,22,92,64,62,113,1,126,25" hai2="79,54,116,107,67,20,3,12,35,100,14,65,132" hai3="72,111,39,109,58,84,51,59,124,37,11,130,48"/><T49/><D127/><U32/><E126/><V99/><F3/><W125/><G72/><T31/><D0/><U23/><E1/><V55/><F79/><W5/><G5/><T43/><D69/><U98/><E113/><V24/><F116/><W70/><G84/><T74/><D31/><U101/><E117/><V10/><F14/><W119/><G11/><T118/><D118/><U21/><E131/><V108/><F132/><W78/><G78/><T60/><D60/><U93/><REACH who="1" step="1"/><E23/><REACH who="1" ten="318,172,250,250" step="2"/><V18/><F20/><W38/><G119/><T27/><D74/><U77/><E77/><V9/><F9/><W16/><G130/><T105/><D105/><U88/><AGARI ba="1,1" hai="21,22,25,28,32,62,64,71,88,92,93,97,98,101" machi="88" ten="20,8000,1" yaku="1,1,0,1,7,1,52,1,54,1,53,0" doraHai="29" doraHaiUra="133" who="1" fromWho="1" sc="318,-41,172,93,250,-21,250,-21" /><INIT seed="1,0,0,4,4,132" ten="277,265,229,229" oya="1" hai0="4,1,87,30,45,128,18,32,72,94,113,84,125" hai1="105,121,21,76,131,74,103,96,8,114,134,14,5" hai2="13,28,19,107,90,79,120,123,15,129,44,33,98" hai3="67,3,85,36,97,11,39,58,133,92,64,111,55"/><U16/><E114/><V77/><F33/><W127/><G133/><T130/><D72/><U83/><E134/><V29/><F44/><W23/><G111/><T75/><D75/><U62/><E131/><N who="0" m="50217" /><D113/><U31/><E62/><V86/><F129/><W112/><G112/><T61/><D45/><U101/><E101/><V68/><F68/><W48/><G85/><T57/><D94/><U60/><E60/><V73/><F73/><W117/><G117/><T40/><D40/><U2/><REACH who="1" step="1"/><E31/><REACH who="1" ten="277,255,229,229" step="2"/><V110/><F29/><W51/><G67/><T65/><D30/><U38/><E38/><V116/><F28/><W17/><G64/><T37/><D37/><U35/><E35/><V43/><F116/><W26/><G39/><T12/><D32/><U25/><E25/><V122/><F122/><AGARI ba="0,1" hai="2,5,8,14,16,21,74,76,83,96,103,105,121,122" machi="122" ten="40,7700,0" yaku="1,1,54,1,53,1" doraHai="132" doraHaiUra="6" who="1" fromWho="2" sc="277,0,255,87,229,-77,229,0" /><INIT seed="1,1,0,4,4,118" ten="277,342,152,229" oya="1" hai0="120,17,32,92,50,67,107,115,58,104,22,122,72" hai1="80,1,111,125,76,114,6,34,99,73,108,113,86" hai2="103,97,98,135,10,18,27,77,127,106,109,31,49" hai3="51,130,30,15,110,4,65,8,79,11,68,81,91"/><U100/><E34/><V63/><F109/><N who="1" m="42057" /><E6/><V78/><F127/><W19/><G110/><T128/><D32/><U126/><E86/><V119/><F119/><W54/><G30/><T33/><D33/><U69/><E69/><V55/><F135/><W60/><G130/><T40/><D72/><U38/><E1/><V47/><F63/><W132/><G132/><T133/><D133/><U0/><E0/><V26/><F98/><W64/><G64/><T24/><D115/><N who="1" m="44043" /><E38/><V37/><F37/><W117/><G117/><T46/><D128/><U105/><AGARI ba="1,0" hai="73,76,80,99,100,105,125,126" m="44043,42057" machi="105" ten="40,12000,1" yaku="14,1,10,1,23,1,34,2" doraHai="118" who="1" fromWho="1" sc="277,-41,342,123,152,-41,229,-41" /><INIT seed="1,2,0,1,3,128" ten="236,465,111,188" oya="1" hai0="127,17,59,44,8,92,55,63,50,93,48,95,36" hai1="76,132,99,43,97,74,87,57,7,71,89,130,83" hai2="0,129,56,1,122,86,133,106,40,10,90,79,88" hai3="110,58,54,53,19,69,31,124,42,9,47,117,118"/><U96/><E71/><V38/><F122/><W20/><G69/><T119/><D119/><U61/><E7/><V75/><F129/><W73/><G73/><T72/><D72/><U81/><E130/><V6/><F106/><W18/><G110/><T114/><D114/><U5/><E5/><V2/><F90/><W52/><G124/><T120/><D120/><U123/><E43/><V77/><F56/><W32/><G32/><T116/><D116/><N who="3" m="44649" /><G9/><T126/><D36/><U111/><E123/><V27/><F27/><N who="3" m="16871" /><G58/><T22/><D8/><U103/><E111/><V100/><F100/><W64/><G64/><T70/><D70/><U135/><REACH who="1" step="1"/><E103/><REACH who="1" ten="236,455,111,188" step="2"/><V39/><F40/><W3/><G3/><T13/><D126/><U34/><E34/><V112/><F112/><W85/><G85/><T121/><D127/><U105/><E105/><V134/><F2/><W46/><G46/><T91/><D121/><U25/><E25/><V101/><F1/><W104/><G104/><T28/><D44/><U14/><E14/><V84/><F101/><W21/><G21/><T24/><D24/><U29/><E29/><V113/><F113/><W62/><G62/><T33/><D28/><U68/><E68/><V82/><F75/><W115/><G115/><T94/><D33/><U98/><N who="1" m="25088" /><DORA hai="78" /><U15/><E15/><V16/><F79/><W30/><G30/><T131/><D131/><U35/><E35/><V37/><REACH who="2" step="1"/><F16/><REACH who="2" ten="236,455,101,188" step="2"/><W109/><G109/><T51/><D63/><U41/><E41/><V45/><F45/><W66/><G42/><T65/><D17/><N who="3" m="6153" /><G47/><T125/><D125/><RYUUKYOKU ba="2,2" sc="236,-30,455,10,101,10,188,10" hai1="57,61,74,76,81,83,87,89,132,135" hai2="0,6,10,37,38,39,77,82,84,86,88,133,134" hai3="52,53,54,66" /><INIT seed="1,3,2,0,3,92" ten="206,465,111,198" oya="1" hai0="25,90,57,111,22,73,59,36,121,77,19,51,29" hai1="94,134,82,100,31,86,65,62,44,69,5,6,83" hai2="8,64,78,122,20,24,127,132,48,108,87,101,56" hai3="81,27,74,124,11,103,37,17,113,0,55,38,30"/><U129/><E129/><V13/><F122/><W119/><G113/><T88/><D121/><U23/><E134/><V131/><F131/><W107/><G119/><T75/><D36/><U71/><E71/><V7/><F132/><W97/><G55/><T76/><D111/><U46/><E82/><V84/><F108/><W102/><G102/><T47/><D75/><U63/><E63/><V117/><F117/><W112/><G112/><T15/><D73/><U89/><E46/><V45/><F78/><N who="0" m="30314" /><D57/><N who="1" m="37071" /><E44/><V52/><F127/><W85/><G124/><T115/><D59/><U105/><E105/><V68/><F68/><W53/><G74/><T43/><D115/><U106/><E106/><V126/><F126/><W118/><G118/><T98/><D98/><N who="1" m="59479" /><E69/><V80/><F101/><W72/><G72/><T32/><D32/><U91/><E91/><N who="0" m="34857" /><D15/><U49/><E49/><V79/><F64/><W50/><G0/><T58/><D58/><U41/><E41/><V12/><F12/><W39/><G50/><T40/><D40/><U16/><E31/><AGARI ba="3,2" hai="19,22,25,29,31,43,47,51" m="34857,30314" machi="31" ten="30,2000,0" yaku="8,1,54,1" doraHai="92" who="0" fromWho="1" sc="206,49,465,-29,111,0,198,0" /><INIT seed="2,0,0,3,1,16" ten="255,436,111,198" oya="2" hai0="10,22,69,41,39,102,66,99,119,58,33,120,108" hai1="95,76,54,91,77,64,132,40,113,0,59,92,9" hai2="48,110,46,93,127,105,45,78,122,15,55,3,123" hai3="134,89,28,101,97,50,23,42,53,133,74,129,115"/><V94/><F105/><W121/><G121/><T68/><D33/><U1/><E113/><V20/><F3/><W85/><G74/><T56/><D120/><U75/><E64/><V67/><F123/><W112/><G42/><T79/><D119/><U72/><E40/><V37/><F122/><W124/><G124/><T98/><D108/><U118/><E118/><V106/><F106/><W34/><G34/><T17/><D79/><U51/><E132/><N who="3" m="50794" /><G129/><T7/><D69/><U14/><E76/><V5/><F127/><W88/><G28/><T109/><D109/><U30/><E92/><N who="2" m="35435" /><F110/><W80/><G89/><T60/><D39/><U32/><E30/><V31/><F37/><W131/><G131/><T43/><D68/><U117/><E32/><V62/><F78/><W87/><G87/><T126/><D126/><U27/><E75/><V128/><F128/><W49/><G97/><N who="0" m="36875" /><D102/><U6/><E77/><V86/><F86/><W38/><G101/><T57/><D43/><U26/><E72/><V19/><F31/><W18/><G38/><T8/><D41/><U103/><E103/><V13/><F67/><W4/><G4/><T65/><D65/><U47/><E117/><V116/><F116/><W83/><G83/><T135/><D135/><U44/><E1/><V21/><F21/><W100/><G100/><T82/><D82/><U24/><E0/><V107/><F107/><W114/><G53/><T73/><D73/><U104/><E104/><V63/><F46/><W71/><G71/><N who="0" m="42439" /><D7/><U12/><E47/><V25/><F5/><W52/><G52/><T125/><D125/><RYUUKYOKU ba="0,0" sc="255,10,436,-30,111,10,198,10" hai0="8,10,17,22,56,57,58" hai2="13,15,19,20,25,45,48,55,62,63" hai3="18,23,49,50,80,85,88,112,114,115" /><INIT seed="2,1,0,3,2,114" ten="265,406,121,208" oya="2" hai0="67,78,120,73,15,128,36,109,129,107,68,79,133" hai1="51,55,123,70,90,19,119,132,53,99,30,85,47" hai2="124,3,98,38,113,104,101,17,74,103,65,48,56" hai3="18,64,22,54,40,110,95,93,117,87,105,83,31"/><V118/><F38/><W116/><G105/><T13/><D120/><U86/><E70/><V34/><F74/><W2/><G2/><T14/><D133/><U45/><E132/><V39/><F39/><W29/><G40/><T7/><D109/><U75/><E75/><V80/><F113/><W43/><G43/><T52/><D36/><U41/><E123/><V121/><F121/><W127/><G64/><T24/><D107/><U102/><E30/><V27/><F103/><W63/><G127/><T91/><D7/><U44/><E41/><V126/><F3/><W72/><G72/><T92/><D24/><U1/><E1/><V8/><F80/><W49/><G63/><N who="0" m="40063" /><D52/><U96/><E19/><V9/><F118/><W71/><G71/><T88/><D91/><U28/><E28/><N who="2" m="19743" /><F17/><W25/><G110/><T81/><D81/><U76/><E47/><V32/><F32/><W5/><G5/><T94/><D94/><U11/><E90/><V16/><F16/><W21/><G31/><T6/><D6/><U42/><E42/><V58/><F58/><W122/><G122/><T131/><D73/><U62/><E102/><V84/><F84/><AGARI ba="1,0" hai="13,14,15,78,79,84,88,92,128,129,131" m="40063" machi="84" ten="40,2600,0" yaku="19,1,54,1" doraHai="114" who="0" fromWho="2" sc="265,29,406,0,121,-29,208,0" /><INIT seed="3,0,0,2,1,112" ten="294,406,92,208" oya="3" hai0="94,77,64,101,79,97,92,122,86,113,87,30,27" hai1="62,12,68,133,45,71,39,46,108,82,0,17,103" hai2="134,26,111,8,74,127,118,25,63,21,95,19,72" hai3="10,128,49,53,6,24,120,4,70,75,73,84,48"/><W57/><G70/><T56/><D122/><U16/><E0/><V58/><F111/><W96/><G120/><T28/><D113/><U41/><E108/><V107/><F107/><W100/><G128/><T66/><D56/><U67/><E133/><V7/><F134/><W117/><G117/><T99/><D27/><U11/><E103/><AGARI ba="0,0" hai="28,30,64,66,77,79,86,87,92,94,97,99,101,103" machi="103" ten="25,3200,0" yaku="22,2,8,1" doraHai="112" who="0" fromWho="1" sc="294,32,406,-32,92,0,208,0" /><INIT seed="4,0,0,0,5,36" ten="326,374,92,208" oya="0" hai0="21,135,42,33,87,80,57,117,126,70,102,40,112" hai1="13,46,61,58,98,82,132,4,103,74,60,69,131" hai2="71,127,83,34,130,6,72,107,19,37,109,31,49" hai3="116,15,47,3,39,0,5,105,41,114,84,64,8"/><T76/><D33/><U78/><E131/><V66/><F49/><W121/><G105/><T81/><D70/><U111/><E111/><V123/><F19/><W48/><G116/><T134/><D117/><U55/><E132/><N who="0" m="50729" /><D112/><U92/><E4/><V73/><F6/><W25/><G121/><T30/><D126/><U93/><E13/><V53/><F53/><W119/><G119/><T88/><D102/><U79/><E79/><V22/><F22/><W27/><G64/><T9/><D9/><U45/><E69/><V1/><F31/><W23/><G114/><T118/><D118/><U63/><E92/><V99/><F66/><W20/><G39/><T59/><D30/><U26/><E26/><V100/><F71/><W14/><G14/><T101/><D101/><U75/><E75/><V129/><F37/><W106/><G106/><T51/><D21/><U115/><REACH who="1" step="1"/><E115/><REACH who="1" ten="326,364,92,208" step="2"/><V68/><F68/><W28/><G27/><T91/><D91/><U29/><E29/><V16/><F1/><W38/><G0/><T44/><D42/><U133/><E133/><V120/><F109/><W86/><G3/><T89/><D89/><U85/><E85/><AGARI ba="0,1" hai="40,44,51,57,59,76,80,81,85,87,88" m="50729" machi="85" ten="30,5800,0" yaku="20,1,52,1,54,1" doraHai="36" who="0" fromWho="1" sc="326,68,364,-58,92,0,208,0" /><INIT seed="4,1,0,5,4,82" ten="394,306,92,208" oya="0" hai0="118,81,132,7,80,74,23,123,40,34,5,77,51" hai1="67,88,9,20,64,95,87,93,97,114,43,37,16" hai2="19,11,44,110,90,52,76,104,0,134,126,25,63" hai3="112,61,71,38,49,66,124,92,35,75,109,84,99"/><T57/><D34/><U12/><E114/><V68/><F104/><W60/><G75/><T58/><D123/><U42/><E37/><V6/><F126/><W21/><G38/><T117/><D132/><U85/><E85/><V107/><F107/><W26/><G35/><T56/><D23/><U96/><E96/><V18/><F134/><W32/><G32/><T89/><D40/><N who="1" m="15403" /><E20/><V91/><F110/><W36/><G36/><T8/><D5/><U113/><E113/><V73/><F73/><W4/><G4/><T50/><D118/><U83/><E95/><V79/><F91/><AGARI ba="1,0" hai="9,12,16,64,67,83,87,88,91,93,97" m="15403" machi="91" ten="30,7700,0" yaku="8,1,52,1,54,2" doraHai="82" who="1" fromWho="2" sc="394,0,306,80,92,-80,208,0" /><INIT seed="5,0,0,1,4,96" ten="394,386,12,208" oya="1" hai0="14,72,20,62,58,66,101,104,74,6,32,31,42" hai1="117,49,132,43,75,3,125,38,108,33,65,15,56" hai2="87,57,47,7,119,52,9,99,16,124,45,69,68" hai3="90,13,91,114,44,127,106,133,5,34,25,19,105"/><U92/><E75/><V12/><F119/><W37/><G5/><T78/><D42/><U1/><E117/><V82/><F124/><W51/><G37/><T111/><D111/><U86/><E33/><V131/><F131/><W48/><G114/><T50/><D50/><U103/><E108/><V112/><F112/><W134/><G127/><T100/><D104/><N who="3" m="40041" /><G25/><N who="0" m="16807" /><D72/><U17/><E125/><V81/><F69/><W98/><G34/><T110/><D32/><U22/><E38/><V35/><F68/><W24/><G24/><T67/><D110/><U85/><E132/><N who="3" m="50794" /><G98/><T118/><D118/><U40/><E3/><V126/><F35/><W123/><G51/><T109/><D109/><U71/><E71/><V26/><F126/><W120/><G120/><T121/><D121/><U130/><E130/><V97/><F82/><W59/><G59/><N who="0" m="37215" /><D74/><U39/><E39/><V88/><F99/><W8/><G123/><T95/><D78/><U64/><E1/><V107/><F107/><W83/><G83/><T10/><D95/><U77/><E77/><V46/><F97/><W102/><G102/><T122/><D122/><U18/><E103/><V76/><F76/><W21/><G8/><T11/><D11/><N who="1" m="6399" /><E92/><V54/><F57/><W128/><G128/><T23/><D23/><AGARI ba="0,0" hai="7,9,12,16,23,26,45,46,47,52,54,81,87,88" machi="23" ten="40,8000,1" yaku="8,1,54,3" doraHai="96" who="2" fromWho="0" sc="394,-80,386,0,12,80,208,0" /><INIT seed="6,0,0,2,1,4" ten="314,386,92,208" oya="2" hai0="36,78,61,20,27,17,34,32,55,71,22,47,85" hai1="129,120,79,87,30,91,88,102,8,29,68,113,76" hai2="75,3,133,104,57,93,112,60,11,134,15,5,127" hai3="12,121,116,37,7,110,67,107,28,74,13,49,50"/><V101/><F75/><W89/><G37/><T73/><D73/><U58/><E68/><V90/><F127/><W97/><G74/><T53/><D36/><U41/><E113/><V72/><F72/><W51/><G110/><T130/><D130/><U103/><E129/><V6/><F112/><W95/><G121/><T10/><D34/><U33/><E120/><V19/><F101/><N who="1" m="38409" /><E33/><V124/><F104/><W98/><G116/><T52/><D32/><U14/><E41/><V111/><F111/><W39/><G39/><T65/><D47/><U46/><E58/><V117/><F117/><W106/><G28/><N who="1" m="10858" /><E46/><V0/><F0/><W132/><G98/><T45/><D45/><U77/><E87/><N who="2" m="52447" /><F3/><W2/><G2/><T84/><D78/><U21/><E21/><V131/><F124/><W62/><G106/><T118/><D118/><U128/><E128/><V24/><F24/><W135/><G107/><T54/><D20/><U86/><E86/><V38/><F38/><W9/><REACH who="3" step="1"/><G13/><REACH who="3" ten="314,386,92,198" step="2"/><T69/><D84/><U64/><E64/><N who="2" m="38927" /><F131/><W48/><N who="3" m="12288" /><DORA hai="92" /><W126/><G126/><T81/><D85/><U1/><E1/><V59/><F59/><AGARI ba="0,1" hai="7,9,12,59,62,67,89,95,97,132,135" m="12288" machi="59" ten="50,8000,1" yaku="1,1,52,2,53,1" doraHai="4,92" doraHaiUra="125,63" who="3" fromWho="2" sc="314,0,386,0,92,-80,198,90" /><INIT seed="7,0,0,1,4,120" ten="314,386,12,288" oya="3" hai0="108,112,96,133,53,83,32,85,90,20,126,123,15" hai1="8,74,95,115,33,50,100,79,88,104,47,117,16" hai2="13,28,62,43,118,86,122,99,110,36,23,61,54" hai3="12,67,125,72,40,58,4,75,80,42,21,97,134"/><W18/><G134/><T111/><D32/><U116/><E115/><V121/><F118/><W41/><G125/><T57/><D123/><N who="2" m="47114" /><F99/><W93/><G4/><T78/><D133/><U52/><E33/><V71/><F86/><W77/><G75/><T84/><D96/><U22/><E8/><V105/><F105/><W68/><G68/><T59/><D112/><U64/><E64/><V7/><F71/><W92/><G92/><N who="0" m="54343" /><D59/><U5/><E5/><V114/><F114/><W66/><REACH who="3" step="1"/><G58/><REACH who="3" ten="314,386,12,278" step="2"/><T89/><D126/><U19/><E74/><V48/><F7/><W37/><G37/><T38/><D38/><U14/><E116/><V128/><F36/><W129/><G129/><T3/><D3/><U69/><E69/><V91/><F128/><W73/><G73/><T98/><D98/><U11/><E117/><V87/><F43/><W76/><G76/><T2/><D2/><U31/><E79/><V35/><F35/><W24/><G24/><T25/><D25/><N who="1" m="16823" /><E104/><V34/><F34/><W51/><G51/><N who="0" m="30911" /><D78/><U113/><E113/><V109/><F48/><W6/><G6/><T29/><D29/><U70/><E70/><V26/><F28/><W65/><G65/><T82/><D82/><U39/><E39/><V1/><F1/><W55/><G55/><T81/><D81/><U101/><E19/><AGARI ba="0,1" hai="15,19,20,83,85,89,108,111" m="30911,54343" machi="19" ten="30,3900,0" yaku="25,1,52,2" doraHai="120" who="0" fromWho="1" sc="314,49,386,-39,12,0,278,0" owari="363,46.0,347,15.0,12,-49.0,278,-12.0" /></mjloggm>