<mjloggm ver="2.3"><GO type="41"/><UN n0="%E3%82%A6%E3%83%AB%E3%83%88%E3%83%A9%E7%AB%8B%E7%9B%B4" n1="%67%75%6E%74%6F%72%61" n2="%E3%81%BE%E3%82%86%E3%81%BE%E3%82%86%37%37" n3="%70%69%63%6B" dan="15,14,15,15" rate="2032,1903,2013,1959" sx="M,M,F,M"/><TAIKYOKU oya="0"/><INIT seed="0,0,0,4,2,76" ten="250,250,250,250" oya="0" hai0="24,44,4,9,64,118,123,126,25,72,103,28,49" hai1="86,99,106,43,30,48,2,39,114,119,96,42,60" hai2="117,40,95,77,71,45,15,100,68,3,87,37,16" hai3="91,14,113,50,18,74,13,17,84,34,19,57,105"/><T21/><D123/><U69/><E2/><V52/><F3/><W120/><G113/><T102/><D118/><U23/><E119/><V54/><F117/><W33/><G74/><T58/><D72/><U70/><E39/><V111/><F100/><W85/><G105/><T78/><D126/><U5/><E5/><V81/><F95/><W26/><G120/><T104/><D104/><U56/><E86/><V11/><REACH who="2" step="1"/><F111/><REACH who="2" ten="250,250,240,250" step="2"/><W112/><G112/><T22/><D102/><U29/><E114/><V93/><F93/><W59/><G26/><T12/><D103/><U73/><E106/><V108/><F108/><W67/><G34/><T94/><D94/><U53/><E96/><V41/><F41/><W6/><G33/><T110/><D110/><U97/><E97/><V66/><F66/><W61/><G67/><T10/><D25/><U125/><E43/><V92/><F92/><W8/><G14/><T35/><D35/><U132/><E42/><V80/><F80/><W128/><G13/><T101/><D101/><U7/><E99/><V65/><F65/><W83/><G83/><T122/><D24/><U90/><E30/><V62/><F62/><W121/><G121/><T75/><D28/><U46/><E29/><V20/><F20/><W135/><G85/><T124/><D122/><U133/><E73/><V88/><F88/><W51/><G91/><T55/><D10/><U109/><E90/><V0/><F0/><W36/><G84/><T107/><D107/><U27/><E109/><V38/><F38/><W130/><G8/><T134/><D9/><U129/><E23/><RYUUKYOKU ba="0,1" sc="250,-10,250,-10,240,30,250,-10" hai2="11,15,16,37,40,45,52,54,68,71,77,81,87" /><INIT seed="1,1,1,4,5,67" ten="240,240,270,240" oya="1" hai0="54,120,125,58,62,7,131,69,30,16,19,84,43" hai1="105,127,35,50,74,75,79,6,83,135,80,0,106" hai2="57,42,2,123,66,31,103,115,51,73,23,56,133" hai3="10,63,5,99,29,9,25,53,55,92,116,48,100"/><U124/><E35/><V64/><F2/><W101/><G116/><T117/><D117/><U1/><E50/><V32/><F73/><W118/><G118/><T59/><D120/><U102/><E6/><V72/><F72/><W95/><G63/><T13/><D125/><N who="1" m="48203" /><E135/><V90/><F32/><W71/><G71/><T61/><D131/><U4/><E102/><V77/><F103/><W52/><G5/><T134/><D134/><U107/><E4/><V91/><F51/><W26/><G48/><T65/><D43/><U22/><E22/><V114/><F23/><W8/><REACH who="3" step="1"/><G29/><REACH who="3" ten="240,240,270,230" step="2"/><T46/><D30/><U82/><E79/><V96/><F77/><W87/><G87/><T3/><D69/><U20/><E75/><V121/><F31/><W49/><G49/><T78/><D46/><U68/><E68/><V37/><F133/><W130/><G130/><T60/><D60/><U14/><E74/><V113/><F113/><W97/><AGARI ba="1,2" hai="8,9,10,25,26,52,53,55,92,95,97,99,100,101" machi="97" ten="40,8000,1" yaku="1,1,0,1,9,1,8,1,54,1,53,0" doraHai="67" doraHaiUra="119" who="3" fromWho="3" sc="240,-21,240,-41,270,-21,230,103" /><INIT seed="2,0,0,5,5,9" ten="219,199,249,333" oya="2" hai0="77,53,81,28,105,59,19,32,36,91,1,85,48" hai1="122,97,121,103,25,37,58,79,52,21,55,33,128" hai2="64,2,130,50,70,86,30,82,120,23,119,96,43" hai3="80,124,125,98,109,100,17,61,102,133,132,22,47"/><V29/><F119/><W56/><G109/><T76/><D1/><U117/><E37/><V123/><F2/><W45/><G80/><T26/><D36/><U116/><E33/><V66/><F130/><W73/><G73/><T63/><D105/><U92/><E79/><V88/><F70/><W112/><G112/><T41/><D41/><U0/><E55/><V20/><F123/><N who="1" m="47113" /><E0/><V6/><F120/><W14/><G47/><T40/><D40/><U4/><E4/><V115/><F115/><W34/><G45/><T84/><D84/><U113/><E128/><V57/><F6/><W135/><G34/><T11/><D63/><N who="1" m="36295" /><E113/><V101/><F43/><W90/><G90/><T49/><D49/><U65/><E65/><V5/><F5/><W75/><G75/><T42/><D42/><U110/><E110/><V131/><F131/><W99/><G100/><T3/><D3/><U67/><E67/><V69/><F69/><W60/><G60/><T15/><AGARI ba="0,0" hai="11,15,19,26,28,32,48,53,59,76,77,81,85,91" machi="15" ten="30,2000,0" yaku="0,1,52,1" doraHai="9" who="0" fromWho="0" sc="219,20,199,-5,249,-10,333,-5" /><INIT seed="3,0,0,0,5,99" ten="239,194,239,328" oya="3" hai0="79,133,11,117,46,97,90,24,135,95,47,69,62" hai1="115,76,71,45,1,33,77,25,124,84,4,35,86" hai2="128,100,51,129,72,29,64,15,103,114,30,12,26" hai3="34,55,20,73,3,121,125,42,87,68,127,101,61"/><W78/><G121/><T107/><D117/><U52/><E115/><V31/><F72/><W7/><G73/><T67/><D79/><U0/><E71/><V81/><F26/><W10/><G34/><T56/><D107/><U130/><E130/><N who="2" m="50283" /><F114/><W36/><G36/><T111/><D111/><U57/><E45/><V75/><F64/><N who="3" m="40975" /><G42/><T14/><D69/><U8/><E1/><V60/><F60/><W49/><G20/><T22/><D133/><U19/><E124/><N who="3" m="47690" /><G87/><T106/><D106/><U126/><E126/><V58/><F75/><W27/><G27/><T2/><D2/><U9/><E19/><V66/><F66/><W50/><G78/><T70/><D70/><U116/><E116/><V104/><F104/><W108/><G108/><T63/><D63/><U5/><E25/><V21/><F81/><W83/><G83/><T44/><D135/><U6/><E0/><V118/><F118/><W16/><G55/><T41/><D22/><U105/><E105/><V113/><F113/><W98/><G16/><T28/><D24/><U13/><E35/><V88/><F21/><W23/><G23/><T119/><D119/><U132/><E33/><V74/><F74/><W112/><G112/><T65/><D28/><U96/><E132/><V91/><F15/><W131/><G131/><T38/><D65/><U94/><E13/><V37/><F12/><W110/><G110/><T43/><D38/><U48/><E77/><V17/><F37/><W102/><G98/><T134/><D134/><U53/><E76/><V32/><F32/><W40/><G40/><N who="0" m="15435" /><D14/><U93/><E8/><AGARI ba="0,0" hai="8,11,44,46,47,56,62,67,90,95,97" m="15435" machi="8" ten="30,2000,0" yaku="6,1,8,1" doraHai="99" who="0" fromWho="1" sc="239,20,194,-20,239,0,328,0" /><INIT seed="4,0,0,4,2,123" ten="259,174,239,328" oya="0" hai0="118,113,81,80,20,64,14,0,48,43,28,19,58" hai1="51,105,62,133,33,50,61,9,134,79,46,115,77" hai2="25,3,83,24,119,55,99,16,85,13,53,56,7" hai3="131,107,21,23,101,37,114,65,40,26,110,11,2"/><T120/><D120/><U47/><E105/><V116/><F7/><W84/><G110/><T109/><D118/><N who="2" m="45098" /><F3/><W54/><G65/><T8/><D109/><U15/><E33/><V6/><F6/><N who="3" m="1495" /><G37/><T57/><D113/><U93/><E93/><V130/><F99/><N who="3" m="61887" /><G40/><T117/><D117/><U108/><E9/><N who="2" m="6191" /><F130/><W92/><G54/><N who="2" m="20489" /><F56/><W22/><G131/><T98/><D0/><U68/><E108/><V49/><F49/><N who="1" m="18441" /><E15/><V5/><F5/><W35/><G114/><T129/><D129/><U45/><E68/><V1/><F1/><W89/><G26/><N who="0" m="16455" /><D98/><U112/><E112/><V75/><F75/><W34/><G84/><T31/><D57/><U27/><E27/><V94/><F94/><W73/><G73/><T52/><D43/><U44/><E115/><V36/><F36/><W17/><G92/><T72/><D72/><U67/><E67/><V69/><F69/><W125/><G125/><T30/><D64/><U96/><E96/><V122/><F122/><W132/><G132/><N who="1" m="50794" /><E46/><V124/><F124/><W38/><G38/><T74/><D74/><U128/><E128/><V60/><F60/><AGARI ba="0,0" hai="44,45,47,60,61,62,77,79" m="50794,18441" machi="60" ten="40,5200,0" yaku="28,2,20,1" doraHai="123" who="1" fromWho="2" sc="259,0,174,52,239,-52,328,0" /><INIT seed="5,0,0,2,5,107" ten="259,226,187,328" oya="1" hai0="72,122,68,40,55,42,95,132,126,20,14,41,108" hai1="86,3,65,87,79,30,84,43,62,78,57,13,48" hai2="52,35,93,51,99,54,109,67,26,71,80,17,106" hai3="90,76,75,22,124,16,64,69,117,120,29,34,7"/><U74/><E3/><V119/><F119/><W100/><G120/><T21/><D68/><U96/><E74/><V128/><F109/><W10/><G100/><T85/><D108/><U28/><E96/><V45/><F128/><W6/><G117/><T98/><D126/><U46/><E13/><V91/><F106/><W102/><G102/><N who="0" m="60767" /><D72/><U23/><E30/><V111/><F111/><W2/><G6/><T97/><D97/><U89/><REACH who="1" step="1"/><E89/><REACH who="1" ten="259,216,187,328" step="2"/><V135/><F91/><W104/><G90/><T53/><D14/><U63/><E63/><V50/><F99/><W115/><G75/><T39/><D122/><U103/><E103/><V9/><F9/><W73/><G73/><T12/><D12/><U123/><E123/><V113/><F17/><W11/><G29/><T129/><D85/><U4/><E4/><V47/><F35/><W49/><G7/><T61/><D61/><U66/><E66/><V18/><F67/><W36/><G64/><T131/><D21/><U94/><E94/><V101/><F93/><W88/><G22/><T77/><D20/><U33/><E33/><V114/><F101/><W27/><G11/><T44/><D131/><U56/><E56/><V121/><F121/><W83/><G10/><T110/><D129/><U5/><E5/><V112/><F18/><W31/><G2/><T134/><D110/><U60/><E60/><V58/><F58/><W125/><G31/><T59/><D59/><U130/><E130/><V70/><F114/><W118/><G115/><T15/><D15/><U116/><E116/><V133/><F80/><W92/><G118/><RYUUKYOKU ba="0,1" sc="259,-15,216,15,187,15,328,-15" hai1="23,28,43,46,48,57,62,65,78,79,84,86,87" hai2="26,45,47,50,51,52,54,70,71,112,113,133,135" /><INIT seed="5,1,1,2,0,50" ten="244,231,202,313" oya="1" hai0="93,56,64,120,114,41,85,31,5,99,116,129,130" hai1="70,101,27,86,7,53,39,2,71,3,26,25,121" hai2="127,89,87,42,80,95,15,10,28,126,59,97,43" hai3="11,23,33,103,63,1,52,108,78,13,66,34,91"/><U134/><E121/><V81/><F28/><W125/><G108/><T74/><D74/><U112/><E112/><V110/><F110/><W76/><G103/><T83/><D116/><U17/><E39/><V29/><F29/><W117/><G1/><T60/><D114/><U104/><E86/><V115/><F115/><W8/><G23/><T124/><D5/><U47/><E17/><V77/><F81/><W4/><G125/><N who="2" m="47625" /><F59/><N who="3" m="37247" /><G34/><T98/><D124/><U105/><E134/><V79/><F79/><N who="3" m="30251" /><G33/><T84/><D31/><U35/><E35/><V55/><F55/><W88/><G117/><T135/><D135/><U62/><E101/><V18/><AGARI ba="1,1" hai="10,15,18,42,43,77,80,87,89,95,97" m="47625" machi="18" ten="30,1100,0" yaku="18,1" doraHai="50" who="2" fromWho="2" sc="244,-4,231,-6,202,24,313,-4" /><INIT seed="6,0,0,0,1,34" ten="240,225,226,309" oya="2" hai0="2,13,102,125,38,57,7,19,117,116,52,25,24" hai1="56,43,79,86,53,130,104,18,26,128,63,121,68" hai2="70,44,20,135,97,89,29,96,80,47,60,67,6" hai3="30,77,12,65,41,46,107,35,88,109,75,14,22"/><V4/><F135/><W91/><G109/><T112/><D38/><U8/><E104/><V59/><F70/><W132/><G107/><T15/><D102/><U105/><E105/><V100/><F100/><W23/><G35/><T71/><D71/><U118/><E43/><V0/><F0/><W93/><G91/><T134/><D15/><N who="3" m="5673" /><G75/><T64/><D64/><U92/><E8/><V33/><F33/><W119/><G119/><N who="0" m="45643" /><D134/><U9/><E9/><V51/><F44/><W101/><G132/><T37/><D37/><U98/><E118/><V127/><F127/><W54/><G77/><T90/><D90/><U28/><E18/><V45/><F45/><W16/><G65/><T108/><D125/><U78/><E86/><N who="2" m="50375" /><F96/><N who="3" m="57383" /><G101/><T106/><D106/><U122/><E68/><V114/><F97/><W49/><G30/><T99/><D99/><U72/><E72/><V66/><F66/><W31/><G31/><T84/><D84/><U40/><E40/><N who="2" m="25063" /><F114/><W32/><G32/><T94/><D112/><U58/><E58/><V21/><F29/><W69/><G69/><T3/><D94/><U39/><E39/><V36/><F36/><W5/><G5/><AGARI ba="0,0" hai="4,5,6,20,21,59,60,67" m="25063,50375" machi="5" ten="30,1500,0" yaku="8,1" doraHai="34" who="2" fromWho="3" sc="240,0,225,0,226,15,309,-15" /><INIT seed="6,1,0,5,1,111" ten="240,225,241,294" oya="2" hai0="18,33,6,102,2,130,113,117,101,17,37,99,47" hai1="43,38,58,70,97,36,34,35,89,13,120,80,92" hai2="118,104,95,86,83,66,124,94,109,78,3,84,85" hai3="69,127,28,87,68,131,25,63,126,45,129,82,20"/><V106/><F3/><W119/><G119/><T79/><D33/><U46/><E70/><V23/><F66/><N who="3" m="41055" /><G45/><T77/><D117/><U52/><E13/><V19/><F118/><W105/><G105/><N who="2" m="40553" /><F19/><W72/><G72/><T67/><D67/><U10/><E120/><V61/><F23/><W108/><G108/><T54/><D99/><U53/><E53/><V11/><F11/><W110/><G110/><T133/><D54/><U8/><E38/><V55/><F61/><W39/><G39/><T134/><D47/><U49/><REACH who="1" step="1"/><E80/><REACH who="1" ten="240,215,241,294" step="2"/><N who="2" m="47127" /><F55/><W5/><G69/><T100/><D37/><U7/><E7/><V50/><F109/><W116/><G5/><T88/><D6/><U0/><E0/><V22/><F50/><W42/><G116/><T115/><D2/><U65/><E65/><V1/><F1/><W122/><G122/><T62/><D62/><U75/><E75/><V64/><F64/><W12/><G12/><T91/><D102/><U31/><E31/><V27/><F83/><W125/><G42/><T41/><D41/><U48/><E48/><V59/><F59/><W123/><G123/><T74/><D74/><U81/><E81/><V26/><F26/><W21/><G25/><T16/><D17/><U135/><E135/><V9/><F27/><W93/><G28/><T51/><D51/><U128/><E128/><AGARI ba="1,1" hai="16,18,77,79,88,91,100,101,113,115,128,130,133,134" machi="128" ten="25,12000,2" yaku="22,2,52,2,54,2" doraHai="111" who="0" fromWho="1" sc="240,133,215,-123,241,0,294,0" /><INIT seed="7,0,0,4,4,122" ten="373,92,241,294" oya="3" hai0="127,63,84,49,119,14,68,59,0,85,57,56,11" hai1="121,2,5,128,15,26,3,35,75,27,53,101,82" hai2="133,104,126,28,70,116,105,55,9,39,58,51,54" hai3="109,90,115,130,43,87,103,124,47,78,123,41,73"/><W79/><G123/><T29/><D0/><U44/><E121/><V134/><F28/><W17/><G73/><T10/><D68/><U24/><E101/><V93/><F9/><W92/><G124/><T97/><D119/><U19/><E75/><V40/><F93/><W114/><G130/><T83/><D127/><U13/><E82/><V81/><F81/><W89/><G103/><T37/><D37/><U117/><E53/><V64/><F126/><W22/><G43/><T18/><D97/><U80/><E80/><V108/><F105/><W67/><G67/><T6/><D29/><N who="1" m="19879" /><E44/><N who="2" m="23583" /><F104/><W45/><G45/><T120/><D120/><U72/><E72/><V8/><F116/><W110/><G89/><T36/><D36/><U106/><E106/><V33/><F33/><W69/><G69/><T30/><D30/><U112/><E128/><V12/><F55/><W16/><G22/><T100/><D49/><U42/><E42/><V48/><F48/><N who="3" m="26735" /><G78/><T60/><D100/><U50/><E50/><V95/><F64/><W7/><G7/><T135/><D6/><U4/><E117/><V86/><F70/><W46/><G79/><T88/><D88/><U77/><E77/><V94/><F51/><W96/><G46/><T52/><D63/><U99/><E5/><V62/><F62/><W74/><G74/><T34/><D60/><U71/><E71/><V31/><F58/><W76/><G76/><T132/><D57/><U61/><E61/><V38/><F38/><W98/><G98/><T1/><D59/><U21/><E99/><V66/><F66/><W129/><G96/><RYUUKYOKU ba="0,0" sc="373,0,92,0,241,0,294,0" owari="373,48.0,92,-41.0,241,-16.0,294,9.0" /></mjloggm>