<mjloggm ver="2.3"><GO type="169"/><UN n0="%EF%BC%88%E2%89%A7%E2%96%BD%E2%89%A6%EF%BC%89" n1="%E3%81%BF%E3%82%84%E3%81%93%E3%82%93%EF%BC%99%E6%AD%B3" n2="%E3%81%B9%E3%81%A3%E3%81%93%E3%83%BC%E2%99%AA" n3="%E7%89%99%E6%B1%AA" dan="16,16,16,16" rate="2105,2028,2081,2126" sx="M,F,F,M"/><TAIKYOKU oya="0"/><INIT seed="0,0,0,4,0,78" ten="250,250,250,250" oya="0" hai0="33,58,96,121,68,74,9,0,20,54,44,93,55" hai1="114,70,47,10,104,109,81,83,19,101,40,127,119" hai2="134,118,129,42,94,14,112,63,117,39,98,120,92" hai3="72,25,30,84,66,113,131,125,116,17,52,34,132"/><T8/><D33/><U79/><E119/><V95/><F120/><W115/><G116/><N who="2" m="44649" /><F112/><W6/><G72/><T122/><D74/><U85/><E70/><V80/><F134/><W110/><G6/><T89/><D68/><U53/><E114/><V28/><F63/><W15/><G66/><T99/><D0/><U45/><E127/><V135/><F135/><W46/><G132/><T128/><D128/><U51/><E109/><V133/><F133/><W91/><G131/><T100/><D122/><U38/><E104/><V130/><F28/><W31/><G31/><T18/><D44/><U56/><E101/><V16/><F98/><W107/><G107/><T67/><D67/><U24/><E24/><V123/><F123/><W105/><G105/><T103/><D121/><U108/><E108/><V1/><F1/><W2/><G110/><T57/><D89/><U26/><E26/><V59/><F59/><W36/><G125/><T23/><D93/><U126/><E126/><V11/><F80/><W106/><G106/><T64/><D64/><U22/><E83/><V32/><F32/><W27/><G2/><T86/><D86/><U71/><E71/><V37/><F37/><W76/><G113/><T111/><D111/><U77/><E47/><AGARI ba="0,0" hai="11,14,16,39,42,47,92,94,95,129,130" m="44649" machi="47" ten="40,2600,0" yaku="12,1,54,1" doraHai="78" who="2" fromWho="1" sc="250,0,250,-26,250,26,250,0" /><INIT seed="1,0,0,0,4,106" ten="250,224,276,250" oya="1" hai0="65,110,130,69,78,29,61,121,23,21,7,2,123" hai1="46,40,51,100,93,87,28,94,97,122,41,16,118" hai2="85,13,42,37,75,44,125,12,83,79,113,60,128" hai3="22,111,34,116,4,49,64,66,45,72,18,59,17"/><U36/><E122/><N who="0" m="46601" /><D130/><U81/><E118/><V104/><F113/><W117/><G34/><T54/><D110/><U33/><E94/><V126/><F128/><W105/><G111/><T88/><D29/><U131/><E131/><V8/><F104/><W1/><G105/><T129/><D129/><U14/><E28/><V132/><F132/><W70/><G70/><T57/><D78/><U119/><E33/><V76/><F60/><N who="3" m="37919" /><G66/><T109/><D109/><U67/><E67/><V35/><F35/><W20/><G1/><T27/><D27/><U120/><E119/><N who="3" m="45642" /><G4/><T86/><D7/><U25/><E25/><V53/><F53/><N who="3" m="29871" /><G72/><T48/><D2/><U133/><E133/><V96/><F13/><W114/><G114/><T31/><D31/><U84/><E120/><V107/><F76/><W108/><G108/><T73/><D73/><U10/><REACH who="1" step="1"/><E81/><AGARI ba="0,0" hai="21,23,48,54,57,61,65,69,81,86,88" m="46601" machi="81" ten="30,2000,0" yaku="13,1,54,1" doraHai="106" who="0" fromWho="1" sc="250,20,224,-20,276,0,250,0" /><INIT seed="2,0,0,3,0,87" ten="270,204,276,250" oya="2" hai0="21,90,48,132,35,43,28,0,52,112,82,100,27" hai1="46,113,78,53,61,58,24,55,54,70,4,41,18" hai2="68,93,105,129,110,109,118,79,123,120,119,6,69" hai3="102,128,34,80,91,86,60,114,117,135,62,77,75"/><V12/><F105/><W30/><G117/><N who="2" m="44553" /><F79/><W31/><G135/><T17/><D112/><U67/><E113/><V15/><F93/><W25/><G128/><T111/><D0/><U96/><E4/><V29/><F29/><W122/><G122/><N who="2" m="46633" /><F6/><W14/><G114/><T131/><D131/><U126/><E78/><V2/><F2/><W65/><G14/><N who="2" m="5161" /><F129/><W115/><G115/><T99/><D28/><U94/><E24/><V3/><F3/><W37/><G37/><T72/><D27/><U36/><E18/><V104/><F104/><W22/><G102/><T42/><D17/><U16/><E16/><V108/><AGARI ba="0,0" hai="68,69,108,109,110" m="5161,46633,44553" machi="108" ten="40,12000,1" yaku="28,2,14,1,10,1" doraHai="87" who="2" fromWho="2" sc="270,-40,204,-40,276,120,250,-40" /><INIT seed="2,1,0,3,1,60" ten="230,164,396,210" oya="2" hai0="94,120,64,53,76,45,56,86,17,19,105,116,134" hai1="14,26,84,27,69,132,122,73,89,133,16,81,50" hai2="79,30,100,111,71,88,74,49,121,39,127,10,67" hai3="8,77,61,113,115,13,130,124,85,25,12,123,2"/><V110/><F121/><W128/><G77/><T1/><D1/><U29/><E122/><V97/><F39/><W38/><G38/><T92/><D105/><U107/><E107/><N who="2" m="63887" /><F10/><W46/><G46/><T22/><D120/><U117/><E117/><V70/><F49/><W126/><G85/><T104/><D104/><U52/><E73/><V101/><F101/><W11/><G123/><T125/><D116/><U54/><E69/><V83/><F30/><W3/><G61/><N who="0" m="37927" /><D125/><U36/><E36/><V91/><F127/><W118/><REACH who="3" step="1"/><G25/><REACH who="3" ten="230,164,396,200" step="2"/><T58/><D45/><U75/><E75/><V66/><F71/><W7/><G7/><T6/><D6/><U20/><E26/><V102/><F70/><W106/><G106/><T63/><D76/><U43/><E43/><V131/><F131/><W93/><G93/><T135/><D86/><U51/><E51/><V40/><F40/><W80/><G80/><T90/><D94/><U5/><E5/><V31/><F102/><W98/><G98/><N who="0" m="57623" /><D17/><U37/><E37/><V9/><F31/><W4/><G4/><T47/><D47/><U18/><E18/><V55/><F91/><W108/><G108/><N who="2" m="41513" /><F88/><W21/><G21/><T99/><D99/><U78/><E89/><V28/><F28/><W57/><G57/><T129/><D129/><U119/><E119/><AGARI ba="1,1" hai="2,3,8,11,12,13,113,115,118,119,124,126,128,130" machi="119" ten="25,12000,2" yaku="1,1,22,2,34,3,53,0" doraHai="60" doraHaiUra="59" who="3" fromWho="1" sc="230,0,164,-123,396,0,200,133" /><INIT seed="3,0,0,4,3,118" ten="230,41,396,333" oya="3" hai0="46,70,59,8,25,101,88,119,14,4,20,3,81" hai1="73,35,129,92,39,82,95,43,75,68,51,30,100" hai2="87,45,10,12,116,28,27,90,79,31,42,128,37" hai3="125,53,57,17,103,80,66,52,117,0,121,54,131"/><W85/><G117/><T2/><D70/><U9/><E68/><V122/><F116/><W107/><G0/><T60/><D119/><U104/><E39/><V16/><F128/><W112/><G112/><T105/><D105/><U48/><E129/><V71/><F71/><W124/><G131/><T108/><D101/><U135/><E135/><V58/><F79/><W97/><G17/><T22/><D108/><U63/><E63/><V32/><F58/><W109/><G109/><T6/><D46/><U115/><E115/><V113/><F113/><W86/><G86/><N who="0" m="50255" /><D2/><U74/><E104/><V130/><F130/><W89/><REACH who="3" step="1"/><G121/><REACH who="3" ten="230,41,396,323" step="2"/><T72/><D3/><U50/><E75/><V36/><F122/><W120/><G120/><T13/><D72/><U5/><E74/><V126/><F31/><W123/><G123/><T98/><D98/><U1/><E73/><V106/><F126/><W55/><N who="3" m="13312" /><DORA hai="64" /><W21/><G21/><T61/><D22/><U23/><E23/><V134/><F134/><W96/><G96/><T47/><D20/><U132/><E132/><V44/><F44/><W102/><G102/><T99/><D47/><U56/><E100/><V69/><F37/><W11/><G11/><N who="0" m="4327" /><D99/><U7/><E1/><V29/><F29/><W38/><G38/><T84/><D84/><U91/><E30/><V127/><F127/><W77/><G77/><T76/><D76/><U93/><E9/><V94/><F106/><W49/><G49/><T41/><D8/><U62/><E48/><V65/><F65/><W114/><G114/><T19/><D19/><U15/><E50/><RYUUKYOKU ba="0,1" sc="230,-15,41,-15,396,15,323,15" hai2="10,12,16,27,28,32,36,42,45,69,87,90,94" hai3="57,66,80,85,89,97,103,107,124,125" /><INIT seed="3,1,1,3,0,44" ten="215,26,411,338" oya="3" hai0="100,41,36,13,8,54,6,16,4,129,59,38,110" hai1="40,97,120,21,30,95,113,24,74,78,108,9,14" hai2="27,23,92,43,133,119,34,103,89,5,52,31,70" hai3="130,118,11,28,37,58,26,51,132,102,84,98,2"/><W62/><G118/><T48/><D129/><U76/><E120/><V75/><F70/><W33/><G37/><T134/><D134/><U126/><E113/><V7/><F133/><W124/><G132/><T49/><D100/><U67/><E108/><V135/><F75/><W117/><G117/><T83/><D110/><U3/><E3/><V35/><F135/><W47/><G130/><T81/><D38/><U106/><E106/><V87/><F43/><W60/><G124/><T10/><D36/><U93/><E126/><V1/><F103/><W56/><G84/><T18/><D18/><U17/><E67/><V109/><F109/><W63/><G11/><T73/><D73/><U68/><E68/><V61/><F1/><W104/><REACH who="3" step="1"/><G2/><REACH who="3" ten="215,26,411,328" step="2"/><T105/><D8/><U57/><E74/><V85/><F119/><W88/><G88/><T114/><D114/><U32/><E9/><V0/><F85/><W69/><G69/><T46/><D105/><U86/><E40/><AGARI ba="1,2" hai="26,28,33,40,47,51,56,58,60,62,63,98,102,104" machi="40" ten="40,7700,0" yaku="1,1,52,1,53,1" doraHai="44" doraHaiUra="99" who="3" fromWho="1" sc="215,0,26,-80,411,0,328,100" owari="215,-18.0,-54,-55.0,411,21.0,428,52.0" /></mjloggm>