<mjloggm ver="2.3"><GO type="41"/><UN n0="%E5%86%85%E8%87%93%E3%81%8C%E7%84%A1%E3%81%84%E8%B1%A1" n1="%70%61%6C%65%70%61%72%72" n2="%EF%BC%88%E2%89%A7%E2%96%BD%E2%89%A6%EF%BC%89" n3="%70%6F%6E%70%69%6D%6F%6E" dan="14,13,15,14" rate="1960,1902,2028,1955" sx="M,M,M,M"/><TAIKYOKU oya="0"/><INIT seed="0,0,0,5,1,59" ten="250,250,250,250" oya="0" hai0="106,118,47,128,20,103,67,42,2,21,55,41,30" hai1="11,83,90,63,29,131,134,12,114,119,26,56,5" hai2="61,135,99,87,86,0,120,57,4,38,18,95,13" hai3="44,64,73,97,46,24,80,123,49,22,60,58,45"/><T3/><D118/><U111/><E119/><V33/><F120/><W101/><G123/><T78/><D78/><U36/><E114/><V85/><F135/><W66/><G66/><T32/><D32/><U7/><E134/><V48/><F38/><W84/><G73/><T54/><D67/><U72/><E111/><V9/><F33/><W126/><G126/><T100/><D47/><U81/><E131/><V92/><F48/><W110/><G110/><T77/><D77/><U76/><E36/><V10/><REACH who="2" step="1"/><F99/><REACH who="2" ten="250,250,240,250" step="2"/><W62/><G49/><T39/><D39/><U112/><E112/><V109/><F109/><W70/><G97/><T96/><D96/><U51/><E51/><V124/><F124/><W104/><G104/><T115/><D106/><U34/><E83/><V89/><F89/><W107/><G107/><T127/><D115/><U93/><E90/><V71/><F71/><W88/><G101/><T102/><D127/><U79/><E93/><V113/><F113/><W19/><REACH who="3" step="1"/><G45/><REACH who="3" ten="250,250,240,240" step="2"/><T14/><D103/><U50/><E50/><V35/><F35/><W129/><G129/><T8/><D128/><U27/><E79/><V40/><F40/><W98/><G98/><T37/><D100/><U133/><E133/><V82/><F82/><W94/><G94/><T43/><D102/><U74/><E34/><V105/><F105/><W69/><G69/><T122/><D37/><U116/><E81/><V117/><F117/><W25/><G25/><T31/><D42/><U53/><E27/><V68/><F68/><W28/><G28/><T6/><D41/><U108/><E116/><RYUUKYOKU ba="0,2" sc="250,-15,250,-15,240,15,240,15" hai2="0,4,9,10,13,18,57,61,85,86,87,92,95" hai3="19,22,24,44,46,58,60,62,64,70,80,84,88" /><INIT seed="1,1,2,5,0,66" ten="235,235,255,255" oya="1" hai0="113,46,53,52,111,92,128,68,109,41,90,89,121" hai1="43,22,30,98,50,34,18,83,21,63,86,39,95" hai2="125,104,26,10,74,132,129,99,54,1,82,93,122" hai3="87,44,48,91,42,13,8,55,62,23,124,15,103"/><U100/><E34/><V38/><F122/><W110/><G110/><N who="0" m="41995" /><D113/><U29/><E39/><V97/><F38/><W72/><G72/><T57/><D121/><U37/><E37/><V64/><F104/><W60/><G124/><T134/><D134/><U133/><E133/><V19/><F132/><W123/><G123/><T9/><D128/><U79/><E63/><V3/><F129/><W107/><G42/><T85/><D9/><U78/><E79/><V5/><F125/><W24/><G103/><T17/><D17/><U28/><REACH who="1" step="1"/><E18/><REACH who="1" ten="235,225,255,255" step="2"/><V2/><F19/><W40/><G62/><N who="0" m="36135" /><D89/><U114/><E114/><V75/><F5/><W45/><G91/><T117/><D117/><U25/><E25/><V77/><F26/><W65/><G24/><T105/><D90/><U61/><E61/><V71/><F77/><W20/><G60/><T12/><D41/><U69/><E69/><V119/><F71/><W4/><G40/><T67/><D68/><U36/><E36/><V31/><F119/><W88/><G88/><T35/><D67/><U135/><E135/><V58/><F64/><W80/><G65/><T126/><D35/><U102/><E102/><V14/><F54/><W56/><G55/><T6/><D53/><U32/><E32/><V112/><F112/><W27/><G27/><T70/><D70/><U127/><E127/><V51/><F58/><W49/><G56/><T47/><D126/><U76/><E76/><V7/><F7/><W108/><G4/><T96/><D6/><U84/><E84/><V101/><F101/><W59/><G108/><T0/><D96/><RYUUKYOKU ba="1,3" sc="235,-10,225,30,255,-10,255,-10" hai1="21,22,28,29,30,43,50,78,83,86,95,98,100" /><INIT seed="1,2,3,4,3,125" ten="225,255,245,245" oya="1" hai0="30,67,73,57,78,94,85,11,133,34,80,76,116" hai1="66,54,52,124,130,107,121,21,53,79,36,45,27" hai2="50,44,47,105,118,49,10,71,132,92,15,106,127" hai3="4,75,23,128,65,62,1,103,56,87,14,19,101"/><U89/><E124/><V123/><F123/><W108/><G75/><T32/><D116/><U16/><E121/><V12/><F118/><W112/><G112/><T61/><D133/><U83/><E107/><V90/><F127/><W95/><G108/><T13/><D30/><U20/><E66/><V26/><F132/><W134/><G134/><T111/><D111/><U96/><E130/><V51/><F71/><W110/><G110/><T86/><D73/><U40/><E96/><V77/><F77/><W117/><G117/><T18/><REACH who="0" step="1"/><D94/><REACH who="0" ten="215,255,245,245" step="2"/><U81/><E83/><AGARI ba="2,4" hai="11,13,18,32,34,57,61,67,76,78,80,83,85,86" machi="83" ten="40,5200,0" yaku="1,1,2,1,9,1,53,0" doraHai="125" doraHaiUra="42" who="0" fromWho="1" sc="215,98,255,-58,245,0,245,0" /><INIT seed="2,0,0,5,5,40" ten="313,197,245,245" oya="2" hai0="56,43,16,55,123,101,64,19,57,109,44,110,104" hai1="129,34,31,15,133,86,51,76,116,47,107,38,3" hai2="80,50,108,21,81,14,103,88,6,128,132,90,13" hai3="9,68,126,45,102,53,87,114,2,25,67,4,105"/><V70/><F70/><W134/><G126/><T5/><D123/><U11/><E116/><V7/><F132/><W8/><G134/><T71/><D71/><U100/><E133/><V42/><F128/><W82/><G114/><T85/><D64/><U127/><E129/><V46/><F108/><N who="0" m="41578" /><D5/><N who="2" m="1546" /><F103/><W65/><G9/><T24/><D85/><U32/><E127/><V73/><F73/><W119/><G119/><T22/><D19/><U75/><E3/><V89/><F21/><W66/><G68/><T97/><D55/><U72/><E38/><AGARI ba="0,0" hai="16,22,24,38,43,44,56,57,97,101,104" m="41578" machi="38" ten="30,3900,0" yaku="14,1,52,1,54,1" doraHai="40" who="0" fromWho="1" sc="313,39,197,-39,245,0,245,0" /><INIT seed="3,0,0,3,4,47" ten="352,158,245,245" oya="3" hai0="133,13,134,135,109,82,49,101,92,116,113,28,126" hai1="104,105,75,100,63,76,11,48,52,54,9,41,79" hai2="88,66,129,84,24,131,68,65,27,5,132,117,123" hai3="64,86,74,60,30,23,102,56,107,16,18,118,0"/><W12/><G74/><T58/><D116/><U96/><E105/><V80/><F117/><W59/><G118/><T62/><D113/><U51/><E41/><V8/><F123/><W45/><G0/><T42/><D109/><U90/><E63/><N who="2" m="39999" /><F66/><W19/><G30/><T21/><D126/><U99/><E75/><V6/><F6/><W29/><G29/><T98/><D82/><U94/><E9/><V95/><F80/><W111/><G111/><T119/><D119/><U43/><E43/><V40/><F40/><W34/><G34/><T35/><D35/><U14/><E14/><N who="2" m="5391" /><F132/><W71/><G102/><T50/><D42/><U15/><E15/><V67/><F67/><W25/><G107/><T39/><D39/><U83/><E11/><V112/><F112/><W125/><G125/><T130/><D130/><AGARI ba="0,0" hai="24,27,84,88,95,129,130,131" m="5391,39999" machi="130" ten="30,2000,0" yaku="19,1,54,1" doraHai="47" who="2" fromWho="0" sc="352,-20,158,0,245,20,245,0" /><INIT seed="4,0,0,2,1,46" ten="332,158,265,245" oya="0" hai0="84,60,27,10,90,54,123,19,35,118,47,23,85" hai1="106,5,28,41,1,48,66,43,97,114,87,112,34" hai2="126,7,39,17,63,105,49,12,72,8,113,45,100" hai3="15,98,16,73,11,2,36,65,125,122,99,74,83"/><T124/><D118/><U64/><E5/><V130/><F72/><W38/><G2/><T77/><D123/><U31/><E1/><V69/><F39/><W129/><G122/><T75/><D124/><U88/><E97/><V68/><F126/><W82/><G125/><T132/><D132/><U110/><E106/><V21/><F130/><W95/><G129/><T52/><D35/><U81/><E110/><V56/><F113/><N who="1" m="43625" /><E41/><V120/><F120/><W127/><G127/><T93/><D75/><U116/><E116/><V67/><F100/><W53/><G65/><N who="1" m="25194" /><E34/><V78/><F78/><W71/><G71/><T25/><D10/><U102/><E102/><V18/><F105/><W117/><G117/><T58/><D77/><U131/><E131/><V59/><F69/><W115/><G115/><T32/><D32/><U109/><E109/><V30/><F30/><W22/><G11/><T133/><D84/><U79/><E79/><V70/><F70/><W44/><G73/><T94/><D94/><U80/><E80/><V9/><F9/><W101/><G99/><T121/><D121/><U6/><E6/><V92/><F92/><W76/><REACH who="3" step="1"/><G83/><REACH who="3" ten="332,158,265,235" step="2"/><T57/><D93/><U24/><E24/><V29/><F68/><W3/><G3/><T62/><D27/><U51/><E43/><V13/><F8/><W33/><G33/><T42/><D23/><U86/><E86/><V111/><F21/><W55/><G55/><T14/><D25/><U119/><E119/><V107/><F107/><W20/><G20/><T50/><D54/><U91/><E81/><V104/><F111/><RYUUKYOKU ba="0,1" sc="332,-10,158,-10,265,-10,235,30" hai3="15,16,22,36,38,44,53,74,76,82,95,98,101" /><INIT seed="5,1,1,3,1,58" ten="322,148,255,265" oya="1" hai0="52,24,126,51,127,50,22,56,95,128,114,39,113" hai1="35,99,34,59,106,87,104,26,71,133,85,28,18" hai2="72,67,102,116,25,23,123,84,124,91,31,47,82" hai3="119,1,60,100,33,118,90,135,68,98,29,20,32"/><U61/><E133/><V73/><F123/><W79/><G1/><T131/><D95/><U120/><E120/><V15/><F116/><W134/><G79/><T74/><D74/><U129/><E129/><N who="0" m="49737" /><D24/><U92/><E71/><V10/><F124/><N who="0" m="47658" /><D22/><U80/><E34/><V103/><F67/><N who="3" m="41063" /><G90/><T122/><D122/><U86/><E18/><V9/><F9/><W17/><G17/><T13/><D13/><U30/><E30/><V63/><F73/><W94/><G20/><T16/><D16/><U75/><E75/><V76/><F47/><W130/><G130/><T96/><D96/><U101/><REACH who="1" step="1"/><E80/><REACH who="1" ten="322,138,255,265" step="2"/><V108/><F82/><W11/><G33/><T93/><D93/><U88/><E88/><V3/><F91/><W62/><G32/><T77/><D77/><U115/><E115/><N who="0" m="44041" /><D39/><U43/><E43/><V81/><F76/><W36/><G29/><T0/><D0/><U107/><E107/><V132/><F3/><W40/><G36/><T83/><D83/><U49/><E49/><AGARI ba="1,2" hai="49,50,51,52,56" m="44041,47658,49737" machi="49" ten="40,12000,2" yaku="19,1,18,1,15,1,34,2,54,1" doraHai="58" who="0" fromWho="1" sc="322,143,138,-123,255,0,265,0" /><INIT seed="6,0,0,3,3,63" ten="465,15,255,265" oya="2" hai0="110,101,22,74,14,96,28,49,16,31,70,25,77" hai1="86,105,68,88,12,72,119,17,33,27,92,103,87" hai2="52,42,26,9,59,90,111,43,80,2,78,102,97" hai3="7,116,51,127,122,69,73,40,6,30,37,13,36"/><V38/><F111/><W98/><G116/><T89/><D110/><U23/><E119/><V82/><F38/><W61/><G122/><T44/><D70/><U106/><E68/><V125/><F125/><W24/><G127/><T21/><D89/><U8/><E72/><V94/><F26/><W81/><G73/><T75/><D77/><U15/><E33/><V113/><F113/><W39/><G81/><N who="2" m="31337" /><F2/><W32/><G13/><T67/><D67/><U120/><E120/><V107/><F107/><W29/><G29/><T93/><D31/><U95/><E15/><V34/><F34/><W84/><G84/><T115/><D115/><U129/><E129/><V57/><F78/><W47/><REACH who="3" step="1"/><G98/><REACH who="3" ten="465,15,255,255" step="2"/><T46/><D28/><U65/><E103/><V131/><F131/><W18/><G18/><T58/><D14/><U53/><E105/><V121/><F121/><W109/><G109/><T10/><D16/><U132/><E106/><V114/><F114/><W79/><G79/><T55/><D96/><U133/><E132/><V50/><F9/><W76/><G76/><T124/><D10/><U19/><E133/><V134/><F134/><W20/><G20/><T60/><D22/><U135/><E135/><V83/><F57/><W104/><G104/><T1/><D58/><U4/><E19/><V54/><F54/><W5/><G5/><T62/><D55/><U11/><E53/><V112/><F112/><W117/><G117/><T126/><D126/><U35/><E35/><V45/><F59/><W64/><AGARI ba="0,1" hai="6,7,24,30,32,36,37,39,40,47,51,61,64,69" machi="64" ten="40,5200,0" yaku="1,1,0,1,52,1,53,0" doraHai="63" doraHaiUra="48" who="3" fromWho="3" sc="465,-13,15,-13,255,-26,255,62" /><INIT seed="7,0,0,5,0,57" ten="452,2,229,317" oya="3" hai0="107,58,83,60,33,93,34,68,134,62,116,120,104" hai1="24,21,43,85,100,101,88,69,41,0,125,87,111" hai2="105,14,6,49,31,119,53,132,96,13,27,30,9" hai3="99,59,66,70,82,92,47,90,48,65,32,8,45"/><W19/><G32/><T112/><D116/><U52/><E69/><V106/><F119/><W39/><G70/><T18/><D120/><U115/><E21/><V72/><F132/><W67/><G39/><T108/><D108/><U4/><E24/><V77/><F72/><W55/><G82/><T29/><D134/><U122/><E111/><V73/><F73/><W15/><REACH who="3" step="1"/><G48/><REACH who="3" ten="452,2,229,307" step="2"/><T110/><D83/><U129/><E122/><V5/><F77/><W97/><G97/><T16/><D110/><U71/><E71/><V12/><F96/><W94/><G94/><T124/><D93/><U89/><E115/><V63/><F106/><W103/><G103/><T28/><D68/><U75/><E75/><V36/><F105/><W10/><G10/><T130/><D112/><U135/><E135/><V1/><F36/><W35/><G35/><T46/><D107/><U17/><E129/><V20/><F6/><W40/><G40/><T102/><D130/><U22/><E4/><V80/><F80/><W44/><G44/><T54/><D104/><U78/><E78/><V2/><F2/><W98/><G98/><T95/><D102/><N who="1" m="39531" /><E0/><V25/><F49/><W50/><AGARI ba="0,1" hai="8,15,19,45,47,50,55,59,65,66,67,90,92,99" machi="50" ten="30,6000,0" yaku="1,1,0,1,8,1,53,0" doraHai="57" doraHaiUra="23" who="3" fromWho="3" sc="452,-20,2,-20,229,-20,307,70" owari="432,53.0,-18,-52.0,209,-19.0,377,18.0" /></mjloggm>