<mjloggm ver="2.3"><GO type="41"/><UN n0="%E3%83%9C%E3%83%93%E3%83%BC%E3%81%AB%E3%83%BB%E3%83%BB" n1="%68%65%67%65%31" n2="%EF%BC%88%E2%89%A7%E2%96%BD%E2%89%A6%EF%BC%89" n3="%E3%81%8B%E3%82%81%E3%81%84%E3%81%97" dan="13,13,15,14" rate="1857,1827,2054,1961" sx="M,M,M,M"/><TAIKYOKU oya="0"/><INIT seed="0,0,0,0,1,117" ten="250,250,250,250" oya="0" hai0="54,49,78,69,52,35,47,130,96,105,57,45,25" hai1="46,56,4,101,133,64,92,80,74,95,33,43,118" hai2="82,123,9,51,124,109,99,76,28,108,17,59,15" hai3="2,102,113,8,97,24,132,93,50,29,115,106,31"/><T79/><D69/><U87/><E33/><V10/><F124/><W3/><G132/><T91/><D130/><U34/><E133/><V120/><F28/><W40/><G29/><T22/><D35/><U126/><E34/><V41/><F99/><W114/><G8/><T119/><D119/><U73/><E74/><N who="2" m="43287" /><F9/><W103/><G103/><T98/><D105/><U37/><E73/><V83/><F83/><W77/><G77/><T1/><D1/><U85/><E126/><V67/><F67/><W6/><G6/><T94/><D98/><U23/><E101/><V39/><F39/><W55/><G40/><T112/><D112/><U134/><E134/><V12/><F12/><W30/><G30/><T20/><D20/><U88/><E92/><V70/><F70/><W53/><G53/><T62/><D45/><U81/><E23/><V116/><F116/><W72/><G72/><T128/><D128/><U13/><E95/><V36/><F36/><W84/><G24/><T110/><D110/><N who="2" m="42602" /><F59/><W63/><G31/><AGARI ba="0,0" hai="22,25,31,47,49,52,54,57,62,78,79,91,94,96" machi="31" ten="30,5800,0" yaku="7,1,8,1,54,1" doraHai="117" who="0" fromWho="3" sc="250,58,250,0,250,0,250,-58" /><INIT seed="0,1,0,5,3,53" ten="308,250,250,192" oya="0" hai0="2,19,119,61,111,129,73,42,120,15,25,114,12" hai1="43,94,67,124,51,55,45,54,80,58,90,113,91" hai2="96,44,17,109,98,48,4,117,76,100,75,64,40" hai3="85,104,102,123,49,29,14,32,34,118,135,68,50"/><T27/><D119/><U107/><E107/><V115/><F115/><W95/><G118/><T33/><D114/><U9/><E113/><V130/><F117/><W88/><G68/><T10/><D120/><U121/><E121/><V125/><F125/><W31/><G123/><T11/><D73/><U18/><E124/><V86/><F130/><W59/><G135/><T132/><D42/><U46/><E80/><V133/><F75/><W97/><G34/><T28/><D132/><U36/><E67/><V6/><F109/><W24/><G31/><T38/><D38/><U37/><E94/><N who="2" m="58391" /><F133/><W71/><G14/><T0/><D61/><U110/><E110/><V23/><F64/><W134/><G134/><T41/><D41/><U70/><E70/><V57/><F98/><W47/><G47/><T101/><D101/><U126/><E37/><V30/><F30/><W3/><G3/><N who="0" m="1067" /><D111/><U69/><E69/><V13/><F57/><W26/><G26/><N who="0" m="18583" /><D129/><U39/><E39/><V127/><F127/><W87/><G87/><T78/><D78/><U103/><E103/><V16/><F17/><AGARI ba="1,0" hai="10,11,12,15,17,19,25,27" m="18583,1067" machi="17" ten="30,12000,1" yaku="35,5" doraHai="53" who="0" fromWho="2" sc="308,123,250,0,250,-123,192,0" /><INIT seed="0,2,0,0,4,45" ten="431,250,127,192" oya="0" hai0="32,63,79,52,53,37,77,42,29,62,60,116,19" hai1="112,75,71,6,107,69,9,131,98,74,101,49,97" hai2="118,34,56,25,23,86,70,20,96,47,83,51,10" hai3="3,11,125,38,135,66,129,16,88,1,87,7,15"/><T76/><D116/><U67/><E112/><V108/><F70/><W89/><G125/><T0/><D0/><U93/><E131/><V130/><F118/><W54/><G129/><T33/><D19/><U36/><E36/><V30/><F130/><W12/><G135/><T124/><D124/><U28/><E28/><V57/><F108/><W61/><G38/><T17/><D17/><U5/><E5/><V128/><F128/><W92/><G54/><T78/><D78/><U14/><E71/><V39/><F39/><W109/><G89/><T90/><D90/><U82/><E82/><V18/><F96/><W44/><G44/><T58/><D37/><U35/><E35/><V48/><F10/><W126/><G126/><T24/><D42/><U114/><E114/><V113/><F113/><W119/><G109/><T120/><D120/><U133/><E133/><V21/><F18/><W94/><G94/><T26/><D58/><U100/><E67/><V8/><F8/><W55/><G55/><T123/><REACH who="0" step="1"/><D123/><REACH who="0" step="2"/><U41/><E69/><V105/><F47/><W106/><G119/><T117/><D117/><U2/><E2/><V111/><F111/><W91/><G91/><T84/><D84/><U73/><E41/><V110/><F110/><W22/><REACH who="3" step="1"/><G106/><REACH who="3" step="2"/><T85/><D85/><U134/><E134/><V72/><F105/><W103/><G103/><T102/><D102/><U59/><E74/><V81/><F72/><W115/><G115/><T121/><D121/><U31/><E75/><V46/><F46/><W99/><G99/><T65/><D65/><U95/><E73/><RYUUKYOKU ba="2,2" sc="421,15,250,-15,127,-15,182,15" hai0="24,26,29,32,33,52,53,60,62,63,76,77,79" hai3="1,3,7,11,12,15,16,22,61,66,87,88,92" /><INIT seed="0,3,2,2,1,53" ten="436,235,112,197" oya="0" hai0="103,21,94,55,38,105,15,118,39,67,101,77,13" hai1="54,9,42,62,36,3,64,68,5,89,126,18,0" hai2="110,22,83,14,85,106,79,97,74,24,32,111,41" hai3="46,107,57,88,123,78,12,44,27,6,121,35,96"/><T91/><D118/><U10/><E126/><V130/><F130/><W132/><G132/><T56/><D77/><U124/><E124/><V102/><F41/><W93/><G107/><T34/><D34/><U33/><E33/><V72/><F14/><W58/><G78/><T66/><D105/><U70/><E70/><V11/><F11/><N who="3" m="4215" /><G35/><T108/><D108/><N who="2" m="41514" /><F32/><W120/><G27/><T47/><D39/><U92/><E18/><AGARI ba="3,2" hai="18,22,24,72,74,79,83,85,97,102,106" m="41514" machi="18" ten="30,1000,0" yaku="14,1" doraHai="53" who="2" fromWho="1" sc="436,0,235,-19,112,39,197,0" /><INIT seed="1,0,0,4,0,122" ten="436,216,151,197" oya="1" hai0="116,17,20,134,47,72,19,120,73,126,119,92,102" hai1="60,81,101,29,107,114,37,46,117,11,58,50,93" hai2="128,36,63,118,113,39,85,40,121,110,69,22,31" hai3="135,124,1,94,129,104,98,0,9,83,99,57,89"/><U55/><E117/><V79/><F118/><W53/><G124/><T108/><D120/><U127/><E114/><V26/><F121/><W8/><G135/><T23/><D47/><U45/><E127/><V106/><F106/><W54/><G129/><T71/><D71/><U82/><E107/><V100/><F100/><W33/><G33/><T6/><D102/><U27/><E37/><V87/><F113/><W132/><G132/><T35/><D92/><U28/><E11/><V75/><F128/><W74/><G104/><T52/><D6/><U77/><E46/><V67/><F110/><W34/><G34/><T88/><D35/><U12/><E12/><V13/><F13/><W32/><G32/><T105/><D105/><U96/><E27/><V115/><F115/><W38/><G38/><T103/><D103/><U3/><E3/><V66/><F66/><W130/><G130/><T86/><D86/><N who="1" m="48431" /><E82/><V49/><F49/><W7/><G83/><T43/><D126/><U95/><E95/><V125/><F125/><W44/><G44/><T111/><D134/><U65/><AGARI ba="0,0" hai="28,29,45,50,55,58,60,65,93,96,101" m="48431" machi="65" ten="30,1500,0" yaku="8,1" doraHai="122" who="1" fromWho="1" sc="436,-5,216,15,151,-5,197,-5" /><INIT seed="1,1,0,4,3,134" ten="431,231,146,192" oya="1" hai0="112,77,21,94,117,67,69,9,10,56,35,60,66" hai1="82,73,62,51,81,89,12,103,13,42,107,5,71" hai2="28,78,2,1,57,11,65,116,91,87,129,93,96" hai3="16,88,0,27,45,90,15,59,127,102,121,17,38"/><U29/><E71/><V25/><F116/><W47/><G121/><T61/><D117/><U54/><E73/><V72/><F129/><W133/><G0/><T98/><D35/><U126/><E29/><V123/><F123/><W118/><G118/><T8/><D112/><U128/><E128/><V23/><F72/><W97/><G133/><T50/><D77/><U39/><E39/><V34/><F34/><W105/><G127/><T125/><D125/><U22/><E126/><V44/><F44/><W58/><G38/><T37/><D37/><U111/><E111/><V130/><F130/><W6/><G6/><T46/><D21/><U63/><E103/><V48/><F11/><W14/><G105/><T18/><D18/><N who="3" m="7273" /><G102/><T76/><D76/><U74/><E107/><V33/><F33/><W84/><G27/><T106/><D8/><N who="1" m="4111" /><E74/><V36/><F36/><W113/><G113/><T85/><D85/><N who="1" m="50351" /><E82/><V70/><F70/><W86/><G97/><T40/><D106/><U7/><E22/><V43/><F78/><W122/><G122/><T135/><D135/><U99/><E42/><V68/><F43/><W24/><G24/><T3/><D3/><U104/><E99/><V41/><F96/><W79/><G79/><T55/><REACH who="0" step="1"/><D40/><REACH who="0" step="2"/><U108/><E104/><V4/><F41/><W64/><G15/><T30/><D30/><U114/><E114/><V80/><F4/><W132/><G14/><T19/><D19/><U52/><E13/><V100/><F1/><W83/><G132/><T115/><D115/><U124/><E7/><V110/><F2/><W32/><G32/><RYUUKYOKU ba="1,1" sc="421,30,231,-10,146,-10,192,-10" hai0="9,10,46,50,55,56,60,61,66,67,69,94,98" /><INIT seed="2,2,1,4,4,64" ten="451,221,136,182" oya="2" hai0="107,130,76,31,72,14,126,9,5,108,115,33,87" hai1="25,104,129,114,55,88,63,36,106,66,120,71,95" hai2="24,69,111,41,39,132,58,124,42,23,30,117,44" hai3="51,48,81,32,3,102,46,60,29,40,19,4,53"/><V34/><F117/><W61/><G3/><T85/><D115/><U83/><E114/><V82/><F132/><W15/><G4/><T54/><D107/><U65/><E36/><V89/><F124/><W86/><G102/><T127/><D130/><U13/><E129/><V49/><F111/><W11/><G29/><T96/><D108/><U121/><E65/><V68/><F34/><W122/><G32/><T123/><D123/><N who="1" m="47179" /><E83/><V134/><F134/><W78/><REACH who="3" step="1"/><G122/><REACH who="3" step="2"/><T7/><D127/><U110/><E110/><V37/><F37/><W101/><G101/><T97/><D126/><U43/><E13/><V28/><F28/><W0/><G0/><T99/><D31/><U10/><E25/><V22/><F22/><W125/><G125/><T56/><D33/><U79/><E10/><V50/><F39/><W93/><G93/><T45/><D5/><U116/><E116/><V105/><F105/><W18/><G18/><T73/><D7/><U67/><E106/><V100/><F100/><W128/><G128/><T47/><D9/><U118/><E118/><V103/><F103/><W27/><G27/><T92/><D14/><U38/><E38/><V131/><F131/><W74/><G74/><T90/><D72/><U6/><E6/><V16/><F30/><W119/><G119/><T80/><D73/><U77/><E104/><V1/><F1/><W98/><G98/><T26/><D26/><U17/><E17/><V21/><F16/><W113/><G113/><T135/><D135/><U2/><E2/><V12/><F24/><W35/><G35/><T133/><D133/><RYUUKYOKU ba="2,2" sc="451,15,221,-15,136,-15,172,15" hai0="45,47,54,56,76,80,85,87,90,92,96,97,99" hai3="11,15,19,40,46,48,51,53,60,61,78,81,86" /><INIT seed="3,3,2,3,2,48" ten="466,206,121,187" oya="3" hai0="45,65,19,10,127,109,129,105,38,40,93,88,106" hai1="103,86,42,111,116,94,122,76,95,53,123,100,16" hai2="64,13,124,98,8,5,71,34,126,20,66,84,46" hai3="15,49,27,33,112,37,114,82,4,3,17,56,131"/><W55/><G37/><T63/><D127/><N who="2" m="48682" /><F34/><W43/><G43/><T67/><D67/><N who="2" m="25642" /><F71/><W73/><G3/><T23/><D10/><U29/><E116/><V25/><F98/><W115/><G4/><T128/><D109/><U90/><E29/><N who="2" m="17575" /><F84/><W119/><G119/><T32/><D32/><U135/><E111/><V89/><F89/><W74/><G131/><T113/><D113/><U99/><E76/><V79/><F46/><W18/><G82/><T24/><D129/><U102/><E123/><V62/><F79/><W125/><G125/><T0/><D0/><U35/><E35/><V121/><F62/><W60/><G60/><T77/><D77/><U44/><E122/><AGARI ba="3,2" hai="5,8,13,121,122" m="17575,25642,48682" machi="122" ten="30,1000,0" yaku="18,1" doraHai="48" who="2" fromWho="1" sc="466,0,206,-19,121,39,187,0" /><INIT seed="4,0,0,0,3,18" ten="466,187,160,187" oya="0" hai0="67,79,95,11,100,96,84,24,127,77,76,82,56" hai1="131,28,14,106,17,44,10,98,69,22,53,34,124" hai2="111,35,86,21,135,42,40,58,25,114,65,37,63" hai3="32,20,16,47,30,59,38,129,68,60,93,133,132"/><T26/><D127/><U52/><E69/><V39/><F111/><W15/><G68/><T128/><D128/><U123/><E124/><V94/><F35/><W50/><G129/><T125/><D125/><U57/><E123/><V45/><F135/><N who="3" m="51787" /><G93/><T110/><D110/><U62/><E131/><V13/><F114/><W108/><G108/><T92/><D92/><U99/><E106/><V71/><F13/><W7/><G7/><T64/><D11/><U6/><E34/><V49/><F40/><W103/><G103/><T119/><D119/><U120/><E28/><V51/><F51/><W117/><G117/><T87/><D87/><U122/><E120/><V0/><F0/><W1/><G1/><T89/><D56/><U91/><E91/><V19/><REACH who="2" step="1"/><F71/><REACH who="2" step="2"/><W78/><G38/><T81/><D24/><N who="1" m="14415" /><E122/><V115/><F115/><W48/><G32/><T116/><D116/><U54/><E44/><V70/><F70/><W83/><G47/><T113/><D113/><U134/><E134/><V23/><F23/><W105/><G30/><T126/><D126/><U112/><E112/><V97/><F97/><AGARI ba="0,1" hai="6,10,14,52,53,54,57,62,97,98,99" m="14415" machi="97" ten="30,3900,0" yaku="8,1,52,1,54,1" doraHai="18" who="1" fromWho="2" sc="466,0,187,49,150,-39,187,0" /><INIT seed="5,0,0,1,0,34" ten="466,236,111,187" oya="1" hai0="76,133,109,115,26,28,73,106,59,97,98,108,14" hai1="37,90,83,40,117,135,130,79,60,105,63,78,23" hai2="101,54,116,45,93,64,13,107,48,33,100,2,77" hai3="120,114,65,68,44,43,47,126,18,124,9,72,84"/><U29/><E117/><V61/><F116/><W80/><G72/><T92/><D106/><U39/><E105/><V42/><F33/><W51/><G18/><T15/><D115/><U128/><E135/><V53/><F107/><W1/><G84/><T4/><D133/><U66/><E40/><V69/><F77/><N who="1" m="29193" /><E90/><V111/><F111/><W81/><G81/><T21/><D109/><U20/><E83/><V86/><F2/><W56/><G80/><T22/><D108/><U96/><E96/><V17/><F86/><W127/><G9/><T123/><D123/><U5/><E5/><V12/><F12/><W131/><G1/><T38/><D38/><N who="1" m="14347" /><E29/><V6/><F6/><W62/><G131/><N who="1" m="50218" /><E66/><V103/><REACH who="2" step="1"/><F93/><REACH who="2" step="2"/><W87/><G120/><T110/><D110/><U30/><E30/><V32/><F32/><W27/><G124/><T7/><D7/><U122/><E122/><V129/><F129/><W112/><G126/><T70/><D4/><U113/><E113/><V11/><AGARI ba="0,1" hai="11,13,17,42,45,48,53,54,61,64,69,100,101,103" machi="11" ten="30,2000,0" yaku="1,1,0,1,53,0" doraHai="34" doraHaiUra="74" who="2" fromWho="2" sc="466,-5,236,-10,101,30,187,-5" /><INIT seed="6,0,0,2,2,50" ten="461,226,131,182" oya="2" hai0="34,8,74,112,100,36,104,118,26,19,42,63,125" hai1="101,129,82,7,58,31,72,43,78,73,6,96,22" hai2="109,37,0,62,38,76,64,81,33,67,61,13,3" hai3="45,16,133,132,51,88,126,110,24,66,86,77,14"/><V91/><F33/><W102/><G110/><T2/><D118/><U119/><E119/><V40/><F109/><W115/><G77/><T32/><D112/><U90/><E73/><V124/><F124/><W28/><G115/><T131/><D19/><U79/><E78/><V54/><F91/><W29/><G126/><T134/><D125/><U69/><E69/><V106/><F106/><W93/><G102/><T59/><D131/><U121/><E129/><V105/><F105/><W128/><G128/><T113/><D113/><U98/><E43/><V80/><F13/><W114/><G114/><T47/><D134/><N who="3" m="51817" /><G66/><N who="2" m="25129" /><F40/><W75/><G24/><T71/><D74/><U44/><E90/><V12/><F12/><W70/><G70/><T97/><D71/><U127/><E101/><V25/><F25/><W55/><G75/><T123/><D123/><U60/><E121/><V99/><F76/><W35/><G35/><T117/><D117/><U49/><E127/><V15/><F15/><W53/><G53/><T41/><D41/><U89/><E89/><V87/><F54/><W130/><G130/><T103/><D100/><U48/><E79/><N who="2" m="46495" /><F99/><W46/><G46/><T1/><D26/><U27/><E72/><V21/><F81/><W4/><G4/><T107/><D107/><U135/><E82/><V30/><F30/><W108/><G108/><T122/><D122/><U23/><E135/><V52/><F21/><AGARI ba="0,0" hai="14,16,21,28,29,45,51,55,86,88,93" m="51817" machi="21" ten="30,7700,0" yaku="20,1,52,1,54,2" doraHai="50" who="3" fromWho="2" sc="461,0,226,0,131,-77,182,77" /><INIT seed="7,0,0,3,4,32" ten="461,226,54,259" oya="3" hai0="99,130,90,127,9,64,74,111,120,72,95,85,54" hai1="62,129,119,101,122,109,123,37,105,7,0,66,110" hai2="73,83,61,18,29,1,42,87,17,65,58,131,35" hai3="38,27,96,59,41,82,51,113,103,46,77,53,3"/><W28/><G113/><T22/><D120/><N who="1" m="46123" /><E37/><V100/><F131/><W4/><G96/><T104/><D64/><U40/><E40/><V44/><F73/><W21/><G103/><T71/><D71/><U118/><E129/><V24/><F100/><W114/><G114/><T125/><D130/><U68/><E101/><V134/><F134/><W92/><G92/><T31/><D9/><N who="1" m="2279" /><E105/><V106/><F106/><W107/><G107/><T98/><D54/><U6/><E6/><V78/><F18/><W52/><G59/><T63/><D63/><U88/><E88/><V135/><F135/><W116/><G116/><AGARI ba="0,0" hai="62,66,68,109,110,116,118,119" m="2279,46123" machi="116" ten="30,3900,0" yaku="12,1,23,1,52,1" doraHai="32" who="1" fromWho="3" sc="461,0,226,39,54,0,259,-39" owari="461,56.0,265,7.0,54,-45.0,220,-18.0" /></mjloggm>