<mjloggm ver="2.3"><GO type="169" lobby="0"/><UN n0="%E3%83%97%E3%83%AD%E3%82%B8%E3%83%A3%E3%83%B3%E6%B0%8F" n1="%E3%82%B3%E3%83%8F%E3%83%AB%E3%82%B9%E3%82%BF%E3%83%BC" n2="%EF%BC%88%E2%89%A7%E2%96%BD%E2%89%A6%EF%BC%89" n3="%68%61%67%69%31%30%32%39" dan="17,16,17,16" rate="2138.44,2082.32,2154.80,2025.07" sx="M,F,M,M"/><TAIKYOKU oya="0"/><INIT seed="0,0,0,5,5,97" ten="250,250,250,250" oya="0" hai0="4,11,88,85,131,14,17,30,62,107,31,130,5" hai1="66,128,6,108,39,22,133,80,109,96,1,111,15" hai2="34,102,35,101,126,19,92,3,105,114,48,58,119" hai3="77,67,63,127,75,36,103,106,74,61,71,121,64"/><T99/><D62/><U56/><E39/><V115/><F3/><W68/><G36/><T118/><D118/><U73/><E1/><V37/><F37/><W91/><G121/><T110/><D110/><U125/><E66/><V18/><F105/><W124/><G91/><T13/><D99/><U0/><E0/><V100/><F119/><W132/><G132/><T47/><D47/><U83/><E56/><V120/><F120/><W32/><G32/><T45/><D45/><U135/><E6/><N who="0" m="2665" /><D107/><U78/><E22/><V90/><F126/><N who="3" m="48171" /><G77/><T57/><D57/><U87/><E15/><V42/><F35/><W54/><G54/><T27/><D88/><N who="1" m="51303" /><E125/><V46/><F34/><W49/><G49/><T24/><D85/><U53/><E53/><N who="2" m="32039" /><F115/><W95/><G95/><T81/><D81/><U93/><E128/><N who="0" m="49193" /><D13/><U52/><E52/><V123/><F123/><W134/><G134/><T84/><D84/><U41/><E41/><V129/><F129/><W76/><G76/><T20/><D27/><U94/><E94/><V55/><F42/><W40/><G40/><T9/><D31/><U72/><E72/><V28/><F28/><W112/><G112/><T122/><D122/><U65/><E65/><V16/><F114/><W86/><G86/><T29/><D29/><U116/><E116/><V69/><F46/><W25/><G25/><T89/><D89/><AGARI ba="0,0" hai="73,78,83,89,93,96,108,109,111,133,135" m="51303" machi="89" ten="30,7700,0" yaku="14,1,34,2,54,1" doraHai="97" who="1" fromWho="0" sc="250,-77,250,77,250,0,250,0" /><INIT seed="1,0,0,3,5,95" ten="173,327,250,250" oya="1" hai0="71,59,93,17,94,56,73,6,47,37,9,110,20" hai1="8,80,79,53,2,18,91,74,45,109,111,103,66" hai2="50,72,68,16,63,133,52,119,97,29,64,104,76" hai3="134,90,48,102,82,44,77,124,61,67,96,108,30"/><U1/><E66/><V55/><F119/><W100/><G108/><N who="1" m="41546" /><E91/><V114/><F114/><W10/><G124/><T40/><D110/><U60/><E60/><V105/><F133/><W15/><G134/><T126/><D71/><U65/><E65/><V13/><F29/><W107/><G30/><T89/><D126/><U122/><E122/><V26/><F26/><W12/><G90/><T4/><D73/><U42/><E53/><V69/><F69/><W39/><G39/><T28/><D28/><U121/><E121/><V130/><F55/><W23/><G23/><T75/><D75/><U128/><E128/><V70/><F70/><W11/><G102/><T31/><D31/><U129/><E129/><V7/><F130/><W123/><G123/><T112/><D112/><U113/><E113/><V14/><F72/><W81/><G77/><T54/><D54/><U132/><E103/><V21/><F76/><W135/><G135/><T46/><D89/><U5/><E132/><V78/><F78/><W41/><G10/><T101/><D9/><U51/><E18/><V49/><F64/><W117/><G117/><T62/><D101/><U36/><E51/><V106/><F50/><W83/><REACH who="3" step="1"/><G11/><REACH who="3" ten="173,327,250,240" step="2"/><T92/><D37/><U118/><E118/><V27/><F106/><W86/><G86/><T87/><D87/><U25/><E1/><V57/><F105/><W120/><G120/><T24/><D20/><U22/><E22/><V131/><F131/><W116/><G116/><T43/><D4/><U125/><E125/><V19/><F7/><W38/><G38/><T33/><D6/><RYUUKYOKU ba="0,1" sc="173,-15,327,15,250,-15,240,15" hai1="2,5,8,25,36,42,45,74,79,80" hai3="12,15,41,44,48,61,67,81,82,83,96,100,107" /><INIT seed="1,1,1,1,0,68" ten="158,342,235,255" oya="1" hai0="124,109,80,87,1,11,2,81,9,65,12,32,113" hai1="76,66,8,30,22,122,91,128,123,52,108,111,18" hai2="112,24,101,13,110,55,25,15,79,74,125,29,94" hai3="131,61,46,95,78,104,70,0,71,102,73,116,49"/><U6/><E76/><V33/><F110/><N who="1" m="42025" /><E30/><V21/><F125/><W16/><G104/><T64/><D32/><U82/><E66/><V37/><F112/><W96/><G0/><T45/><D109/><U4/><E128/><V118/><F118/><W36/><G36/><T28/><D28/><U23/><E18/><V38/><F74/><W62/><G16/><T51/><D65/><U119/><E119/><V120/><F79/><W57/><G70/><T59/><D64/><U130/><E130/><V99/><F120/><N who="1" m="46121" /><E4/><V34/><F34/><W10/><G71/><T75/><D75/><U43/><E43/><V14/><REACH who="2" step="1"/><F55/><REACH who="2" ten="158,342,225,255" step="2"/><N who="3" m="31983" /><G73/><T129/><D129/><U93/><E52/><V53/><F53/><W58/><G78/><T89/><D113/><U44/><E44/><V31/><AGARI ba="1,2" hai="13,14,15,21,24,25,29,31,33,37,38,94,99,101" machi="31" ten="30,7900,0" yaku="1,1,0,1,52,2,53,0" doraHai="68" doraHaiUra="77" who="2" fromWho="2" sc="158,-21,342,-40,225,102,255,-21" /><INIT seed="2,0,0,1,2,50" ten="137,302,327,234" oya="2" hai0="67,63,24,127,0,102,68,15,121,125,34,5,77" hai1="2,93,26,29,95,109,55,98,38,31,54,110,11" hai2="36,130,89,81,53,10,132,19,82,114,104,133,20" hai3="108,74,94,112,111,33,58,105,120,107,76,84,122"/><V83/><F36/><W128/><G33/><T49/><D121/><N who="3" m="46697" /><G58/><T12/><D77/><U88/><E38/><V62/><F104/><N who="3" m="40011" /><G128/><T37/><D37/><U70/><E70/><V129/><F10/><W13/><G13/><T113/><D113/><U18/><E31/><V22/><F89/><N who="3" m="53543" /><G112/><T92/><D12/><N who="1" m="7455" /><E93/><V71/><F114/><W97/><G97/><T8/><D15/><U14/><E14/><N who="2" m="9335" /><F22/><W28/><G28/><T90/><D34/><N who="1" m="20791" /><E2/><V6/><F71/><W65/><G65/><T48/><D67/><U116/><E116/><V39/><F39/><W17/><G17/><T85/><D68/><U51/><E51/><V25/><F6/><W45/><G45/><T57/><D49/><U69/><E69/><V119/><F119/><W117/><G117/><T131/><D48/><U44/><E44/><V64/><F25/><W134/><G134/><N who="2" m="51817" /><F64/><W124/><G74/><T4/><D24/><U100/><E100/><V115/><F115/><W118/><G118/><T91/><D102/><U106/><E106/><V79/><F79/><W99/><G76/><T75/><D75/><U41/><E41/><V3/><F3/><W61/><G99/><N who="0" m="57751" /><D4/><U30/><E30/><V47/><F47/><W35/><G35/><T9/><D5/><U32/><E32/><V101/><F101/><W43/><G43/><T21/><D0/><U52/><E98/><V7/><F7/><W27/><G27/><T59/><D59/><AGARI ba="0,0" hai="53,59,62,81,82,83,129,130" m="51817,9335" machi="59" ten="40,3900,0" yaku="20,1,52,1" doraHai="50" who="2" fromWho="0" sc="137,-39,302,0,327,39,234,0" /><INIT seed="2,1,0,2,1,35" ten="98,302,366,234" oya="2" hai0="41,37,122,99,100,42,22,15,16,124,34,92,85" hai1="116,59,86,46,114,75,117,71,30,111,115,108,64" hai2="129,19,10,39,14,7,81,48,65,32,133,5,96" hai3="123,23,45,95,55,77,106,119,31,84,0,20,125"/><V72/><F39/><W26/><G119/><N who="1" m="45642" /><E75/><V2/><F32/><W8/><G123/><T3/><D124/><U87/><E30/><V89/><F133/><W80/><G106/><T70/><D122/><U12/><E12/><V98/><F129/><W127/><G95/><T78/><D70/><U9/><E9/><V126/><F126/><N who="3" m="48139" /><G45/><T93/><D34/><U58/><E46/><V67/><F72/><W4/><G55/><T66/><D66/><N who="2" m="25098" /><F2/><W101/><G101/><T43/><D37/><U105/><E105/><V49/><F5/><W118/><G118/><T33/><D33/><AGARI ba="1,0" hai="0,4,8,20,23,26,31,33,77,80,84" m="48139" machi="33" ten="30,2000,0" yaku="18,1,52,1" doraHai="35" who="3" fromWho="0" sc="98,-23,302,0,366,0,234,23" /><INIT seed="3,0,0,1,0,130" ten="75,302,366,257" oya="3" hai0="46,72,44,104,111,13,58,20,107,34,19,33,59" hai1="127,3,65,35,81,1,131,125,74,98,117,82,132" hai2="93,66,29,61,100,123,83,128,25,135,30,5,31" hai3="118,129,126,75,78,113,108,43,55,53,56,62,71"/><W120/><G113/><T124/><D72/><U27/><E117/><V47/><F128/><W18/><G129/><T110/><D124/><N who="1" m="47691" /><E131/><V76/><F123/><W11/><G126/><T42/><D20/><U105/><E65/><V115/><F115/><W14/><G118/><T103/><D13/><U97/><E74/><V85/><F5/><W39/><G120/><T73/><D73/><U112/><E112/><V86/><F47/><N who="0" m="17962" /><D42/><U26/><E105/><N who="0" m="40521" /><D19/><U84/><E35/><N who="0" m="13321" /><D103/><U116/><E116/><V114/><F100/><W134/><G43/><T0/><D0/><U99/><E84/><V119/><F86/><W64/><G75/><T96/><D96/><U121/><E121/><V67/><F85/><W92/><G18/><T77/><D77/><U8/><E1/><V7/><F76/><W21/><G14/><T122/><D122/><U88/><E3/><V87/><F119/><W50/><G21/><T23/><D23/><U2/><E2/><V95/><F87/><W9/><G78/><T106/><N who="0" m="40529" /><T28/><DORA hai="38" /><D28/><U80/><E98/><V24/><F30/><W37/><G9/><T36/><D36/><U22/><E97/><V63/><F114/><W94/><G11/><T70/><D70/><U16/><E8/><V68/><F68/><W52/><G71/><T54/><D54/><U69/><E69/><V102/><F102/><W109/><G53/><T17/><D17/><U15/><E15/><V4/><F31/><W12/><G55/><T101/><D101/><U41/><E16/><V60/><F29/><W133/><G12/><T40/><D40/><RYUUKYOKU ba="0,0" sc="75,30,302,-10,366,-10,257,-10" hai0="58,59,110,111" /><INIT seed="4,1,0,3,4,79" ten="105,292,356,247" oya="0" hai0="112,84,64,65,99,41,13,15,117,28,17,3,80" hai1="123,43,96,109,18,130,81,10,125,128,40,21,1" hai2="34,108,95,11,58,94,49,103,100,2,25,105,54" hai3="101,37,119,62,68,23,7,53,89,69,98,71,111"/><T124/><D117/><U106/><E123/><V50/><F108/><W77/><G111/><T59/><D124/><U120/><E109/><V14/><F2/><W129/><G119/><T73/><D73/><U36/><E36/><V66/><F105/><W27/><G37/><T33/><D112/><U72/><E120/><V35/><F35/><W6/><G129/><N who="1" m="49770" /><E125/><V0/><F0/><W115/><G115/><T97/><D3/><U107/><E107/><V74/><F74/><W86/><G77/><N who="0" m="46095" /><D33/><U104/><E104/><V31/><F66/><N who="0" m="25706" /><D28/><U42/><E106/><V48/><F103/><W91/><G101/><T22/><D41/><U85/><E72/><V88/><F100/><W131/><G68/><T16/><D59/><U76/><E96/><V26/><F31/><W110/><G98/><T4/><D4/><N who="1" m="1295" /><E42/><V127/><F127/><W20/><G6/><T8/><AGARI ba="1,0" hai="8,13,15,16,17,22,97,99" m="25706,46095" machi="8" ten="30,6000,0" yaku="8,1,52,1,54,1" doraHai="79" who="0" fromWho="0" sc="105,63,292,-21,356,-21,247,-21" /><INIT seed="4,2,0,4,3,134" ten="168,271,335,226" oya="0" hai0="105,38,91,15,16,94,89,121,117,13,132,28,22" hai1="97,74,100,110,65,126,17,83,63,109,84,87,124" hai2="96,66,55,2,85,92,35,135,44,118,81,41,19" hai3="130,51,128,107,12,46,52,47,102,40,1,11,0"/><T111/><D117/><U78/><E17/><V10/><F35/><W133/><G133/><T24/><D121/><U36/><E36/><V115/><F135/><W98/><G130/><T99/><D132/><U90/><E65/><V86/><F118/><W54/><G128/><T76/><D111/><N who="1" m="42507" /><E63/><V4/><F115/><W60/><G60/><T116/><D116/><U114/><E114/><V53/><F19/><W103/><G103/><T75/><D105/><N who="1" m="63631" /><E87/><V61/><F85/><W77/><G77/><T21/><D38/><U34/><E34/><V50/><F61/><W27/><G27/><T123/><D123/><U5/><E5/><V14/><F66/><W67/><G67/><T62/><D62/><U39/><E39/><V8/><F8/><W72/><G72/><T64/><D64/><U93/><AGARI ba="2,0" hai="74,78,83,84,90,93,124,126" m="63631,42507" machi="93" ten="30,8000,1" yaku="24,1,34,2,52,2" doraHai="134" who="1" fromWho="1" sc="168,-42,271,86,335,-22,226,-22" /><INIT seed="5,0,0,3,2,6" ten="126,357,313,204" oya="1" hai0="71,127,21,82,79,80,12,39,87,78,44,73,109" hai1="121,28,2,112,81,86,45,13,54,133,77,103,23" hai2="51,100,26,122,38,119,67,37,64,50,134,1,99" hai3="65,10,129,89,98,4,52,14,88,58,16,68,135"/><U0/><E121/><V76/><F1/><W55/><G68/><T84/><D127/><U15/><E133/><V96/><F122/><W57/><G135/><T111/><D73/><U93/><E112/><V128/><F76/><W83/><G129/><T90/><D71/><U17/><E28/><V27/><F134/><W110/><G110/><T124/><D90/><N who="3" m="34921" /><G98/><T60/><D124/><U75/><E75/><V56/><F56/><N who="3" m="21611" /><G65/><T74/><D74/><U91/><E2/><V94/><F94/><W116/><G116/><T7/><D60/><U61/><E0/><V11/><F119/><W53/><G83/><T48/><D39/><U105/><E105/><V114/><F128/><W43/><G43/><T126/><D126/><U3/><E3/><V62/><F62/><W24/><G24/><T41/><REACH who="0" step="1"/><D21/><REACH who="0" ten="116,357,313,204" step="2"/><U22/><E61/><V59/><F38/><W46/><G46/><T49/><D49/><U115/><E23/><V95/><F50/><W117/><G117/><T101/><D101/><U120/><E103/><V72/><F59/><W29/><G29/><T118/><D118/><U92/><E120/><V19/><F51/><W20/><G20/><T104/><D104/><U9/><E22/><V66/><F37/><W30/><G30/><T131/><D131/><U5/><E45/><V8/><F72/><W85/><G85/><T35/><D35/><U47/><E86/><V69/><F69/><W107/><G107/><T70/><D70/><U33/><E47/><V40/><F100/><W125/><G125/><T97/><D97/><U102/><E102/><V36/><F99/><RYUUKYOKU ba="0,1" sc="116,15,357,-15,313,-15,204,15" hai0="7,12,41,44,48,78,79,80,82,84,87,109,111" hai3="4,10,14,16,52,53,55" /><INIT seed="6,1,1,3,3,89" ten="131,342,298,219" oya="2" hai0="6,76,1,86,91,69,41,59,54,129,49,10,77" hai1="105,134,83,84,98,117,95,132,0,27,72,57,18" hai2="25,108,31,70,133,67,7,128,23,97,71,50,116" hai3="52,107,55,103,74,110,32,17,24,94,75,21,13"/><V121/><F121/><W135/><G107/><T124/><D124/><U30/><E117/><V99/><F116/><W64/><G110/><T19/><D129/><U104/><E72/><V63/><F108/><W125/><G125/><T43/><D69/><U8/><E57/><V29/><F128/><W38/><G38/><T65/><D65/><U78/><E18/><V45/><F70/><W9/><G32/><T22/><D43/><U51/><E51/><V88/><F133/><N who="1" m="51305" /><E8/><V119/><F119/><W56/><G135/><T61/><D61/><U93/><E0/><V35/><F7/><N who="3" m="3263" /><G75/><T39/><D41/><U12/><E12/><V113/><F31/><W81/><G81/><T131/><D39/><U34/><E95/><V4/><F4/><W37/><G74/><T62/><D62/><U47/><E47/><V118/><F118/><W101/><G101/><AGARI ba="1,1" hai="27,30,34,78,83,84,93,98,101,104,105" m="51305" machi="101" ten="30,2000,0" yaku="20,1,52,1" doraHai="89" who="1" fromWho="3" sc="131,0,342,33,298,0,219,-23" /><INIT seed="7,0,0,4,3,130" ten="131,375,298,196" oya="3" hai0="122,41,79,80,69,50,3,127,88,7,62,31,128" hai1="84,39,6,87,25,89,134,5,110,135,35,44,26" hai2="8,46,95,118,86,61,49,38,32,15,16,19,52" hai3="24,36,117,23,30,125,72,4,82,111,131,64,45"/><W58/><G117/><T14/><D127/><U47/><E110/><V1/><F118/><W106/><G106/><T18/><D128/><U59/><E59/><V63/><F32/><W56/><G131/><T133/><D122/><U77/><E77/><V90/><F1/><W40/><G125/><T0/><D31/><U91/><E35/><V53/><F38/><AGARI ba="0,0" hai="5,6,25,26,38,39,44,47,84,87,89,91,134,135" machi="38" ten="25,6400,0" yaku="22,2,52,2" doraHai="130" who="1" fromWho="2" sc="131,0,375,64,298,-64,196,0" owari="131,-37.0,439,54.0,234,3.0,196,-20.0" /></mjloggm>