<mjloggm ver="2.3"><GO type="41" lobby="0"/><UN n0="%E3%83%8F%E3%83%A0%E3%82%A4%E3%83%81" n1="%E3%82%A6%E3%83%AB%E3%83%88%E3%83%A9%E7%AB%8B%E7%9B%B4" n2="%6C%75%73%74%61" n3="%52%79%6F%39%38%37%34" dan="13,16,13,15" rate="1869.34,2055.84,1895.02,2059.95" sx="M,M,M,M"/><TAIKYOKU oya="0"/><INIT seed="0,0,0,1,3,128" ten="250,250,250,250" oya="0" hai0="80,127,13,70,78,24,19,6,18,72,47,120,46" hai1="95,134,11,51,133,100,74,12,99,135,42,54,7" hai2="10,91,64,87,63,75,94,119,88,68,8,121,109" hai3="25,122,73,62,65,117,9,102,90,15,93,132,77"/><T55/><D120/><U52/><E74/><V86/><F121/><W129/><G122/><T126/><D70/><U125/><E125/><N who="0" m="47625" /><D6/><U81/><E81/><V85/><F75/><W40/><G117/><T36/><D36/><U16/><E42/><V71/><F119/><W1/><G1/><T3/><D3/><N who="1" m="511" /><E51/><V98/><F109/><W114/><G40/><T43/><D43/><U69/><E69/><V45/><F71/><W21/><G114/><T4/><D55/><U111/><E111/><V56/><F45/><N who="0" m="16906" /><D24/><U14/><E14/><V124/><F124/><W96/><G129/><T34/><D34/><U97/><E97/><V60/><REACH who="2" step="1"/><F91/><REACH who="2" ten="250,250,240,250" step="2"/><W59/><G90/><T113/><D113/><U49/><E49/><V28/><F28/><W84/><G73/><T82/><D80/><U131/><E131/><V115/><F115/><W44/><G44/><T58/><D58/><U107/><E107/><V79/><F79/><W106/><G77/><T27/><D27/><U37/><E37/><V39/><F39/><W38/><G38/><T48/><D48/><U104/><E104/><V29/><F29/><W112/><G106/><T66/><D66/><AGARI ba="0,1" hai="8,10,56,60,63,64,66,68,85,86,87,88,94,98" machi="66" ten="40,8000,1" yaku="1,1,54,1,53,2" doraHai="128" doraHaiUra="5" who="2" fromWho="0" sc="250,-80,250,0,240,90,250,0" /><INIT seed="1,0,0,3,3,7" ten="170,250,330,250" oya="1" hai0="35,126,11,87,61,64,71,8,65,56,86,121,69" hai1="111,45,12,19,49,10,48,117,30,101,39,114,92" hai2="28,116,55,20,79,0,52,88,105,1,103,9,77" hai3="127,91,90,44,14,22,26,70,118,3,100,57,95"/><U25/><E117/><V62/><F116/><W33/><G118/><T75/><D75/><U46/><E114/><V129/><F105/><W128/><G70/><T31/><D35/><U134/><E134/><V125/><F103/><W94/><G3/><T72/><D72/><U73/><E73/><V99/><F125/><W18/><G100/><T133/><D31/><U124/><E124/><V40/><F40/><W85/><G127/><T97/><D126/><U82/><E111/><V6/><F0/><W113/><G113/><T5/><D5/><U98/><E82/><V122/><F122/><W106/><G106/><T68/><D121/><U50/><REACH who="1" step="1"/><E39/><REACH who="1" ten="170,240,330,250" step="2"/><V115/><F115/><W132/><G132/><T23/><D133/><U2/><E2/><V80/><F129/><W51/><G128/><T29/><D97/><U47/><E47/><V83/><F80/><W107/><G44/><T17/><D29/><U16/><E16/><V59/><F55/><W37/><G18/><T102/><D65/><U93/><E93/><V15/><F83/><W104/><G37/><T60/><D102/><U4/><E4/><V43/><F1/><W81/><G107/><T24/><REACH who="0" step="1"/><D61/><REACH who="0" ten="160,240,330,250" step="2"/><U89/><E89/><V130/><F130/><W21/><G91/><T66/><D66/><U108/><E108/><V131/><F131/><W58/><G90/><T34/><D34/><AGARI ba="0,2" hai="10,12,19,25,30,34,45,46,48,49,50,92,98,101" machi="34" ten="40,3900,0" yaku="1,1,52,1,53,0" doraHai="7" doraHaiUra="67" who="1" fromWho="0" sc="160,-39,240,59,330,0,250,0" /><INIT seed="1,1,0,4,5,127" ten="121,299,330,250" oya="1" hai0="68,111,64,113,102,82,89,81,61,42,87,57,94" hai1="45,103,24,6,86,20,63,101,23,44,112,50,108" hai2="83,19,99,38,22,21,95,91,53,98,65,11,39" hai3="132,52,74,100,33,36,31,96,2,93,12,46,90"/><U105/><E112/><V129/><F65/><W123/><G2/><T49/><D113/><U40/><E108/><V104/><F83/><W9/><G123/><T121/><D121/><U124/><E124/><V84/><F129/><W18/><G74/><T92/><D111/><U106/><E106/><V47/><F104/><W107/><G132/><T4/><D4/><U10/><E105/><V37/><F11/><W109/><G109/><T66/><D66/><U70/><E70/><V48/><REACH who="2" step="1"/><F22/><REACH who="2" ten="121,299,320,250" step="2"/><W51/><G33/><T14/><D68/><U117/><E23/><V67/><F67/><W55/><G107/><T135/><D135/><U15/><E117/><V79/><F79/><W41/><G100/><T34/><D34/><U8/><E8/><V133/><F133/><W54/><G31/><T125/><D125/><U17/><E103/><V97/><F97/><W131/><REACH who="3" step="1"/><G131/><REACH who="3" ten="121,299,320,240" step="2"/><T28/><D28/><U116/><E101/><V0/><F0/><W16/><G16/><T118/><D102/><U71/><E17/><V85/><F85/><W115/><G115/><T60/><D118/><U5/><E86/><V58/><F58/><AGARI ba="1,2" hai="9,12,18,36,41,46,51,52,54,55,58,90,93,96" machi="58" ten="30,3900,0" yaku="1,1,7,1,54,1,53,0" doraHai="127" doraHaiUra="25" who="3" fromWho="2" sc="121,0,299,0,320,-42,240,62" /><INIT seed="2,0,0,1,0,32" ten="121,299,278,302" oya="2" hai0="62,21,7,38,30,44,71,61,133,18,131,93,128" hai1="51,56,105,79,0,9,89,104,96,48,132,120,75" hai2="121,72,16,6,35,98,81,124,90,40,76,5,68" hai3="24,109,57,91,4,43,2,41,123,64,23,14,46"/><V78/><F121/><W116/><G123/><T59/><D30/><U52/><E120/><V101/><F68/><W1/><G116/><T112/><D7/><U100/><E132/><V60/><F35/><W118/><G118/><T86/><D86/><U83/><E89/><V63/><F40/><W122/><G122/><T55/><D93/><U53/><E9/><V134/><F134/><W119/><G119/><T117/><D133/><U50/><E50/><V88/><F124/><W95/><G43/><N who="0" m="22647" /><D21/><U11/><E11/><V65/><F65/><W69/><G14/><T129/><D18/><U125/><E125/><V58/><F78/><W33/><G33/><T28/><D28/><U34/><E34/><V39/><F39/><W130/><G4/><T67/><D117/><U36/><E36/><V82/><F90/><W113/><G69/><T127/><D127/><U12/><E12/><V135/><F135/><W66/><G113/><AGARI ba="0,0" hai="55,59,61,62,67,71,112,113,128,129,131" m="22647" machi="113" ten="30,3900,0" yaku="19,1,34,2" doraHai="32" who="0" fromWho="3" sc="121,39,299,0,278,0,302,-39" /><INIT seed="3,0,0,2,3,104" ten="160,299,278,263" oya="3" hai0="66,89,46,57,9,81,109,87,49,126,40,48,97" hai1="83,15,127,113,53,32,38,95,130,20,77,119,125" hai2="36,63,44,94,101,21,92,55,14,74,60,106,1" hai3="118,120,65,85,121,5,90,62,50,93,35,51,102"/><W17/><G5/><T108/><D126/><U52/><E32/><V12/><F106/><W99/><G35/><T111/><D97/><U78/><E38/><V86/><F36/><W26/><G118/><T37/><D9/><U73/><E113/><V56/><F1/><W27/><G27/><T28/><REACH who="0" step="1"/><D28/><REACH who="0" ten="150,299,278,263" step="2"/><U135/><E125/><V0/><F0/><W64/><G121/><T82/><D82/><U122/><E127/><V16/><F101/><W67/><G120/><T13/><D13/><U24/><E15/><V72/><F12/><W4/><G4/><T3/><D3/><U70/><E122/><V47/><F60/><AGARI ba="0,1" hai="37,40,46,48,49,57,60,66,81,87,89,108,109,111" machi="60" ten="40,8000,1" yaku="1,1,14,1,53,3" doraHai="104" doraHaiUra="123" who="0" fromWho="2" sc="150,90,299,0,278,-80,263,0" /><INIT seed="4,0,0,3,0,83" ten="240,299,198,263" oya="0" hai0="42,101,77,55,1,85,60,22,25,105,90,69,2" hai1="113,28,131,95,50,53,75,31,114,49,7,27,122" hai2="47,40,59,46,3,44,129,99,30,34,58,21,4" hai3="86,133,12,61,18,24,130,0,124,14,41,36,116"/><T68/><D42/><U126/><E75/><V135/><F34/><W66/><G116/><T107/><D77/><U118/><E118/><V80/><F3/><W112/><G0/><T73/><D73/><U119/><E119/><V16/><F4/><W123/><G14/><T111/><D111/><U71/><E71/><V65/><F135/><W88/><G24/><T108/><D108/><U51/><E122/><V39/><F129/><W128/><G133/><T11/><D55/><U87/><E7/><V10/><F99/><W100/><G100/><T125/><D125/><U9/><E9/><V98/><F98/><W78/><G78/><T57/><D57/><U110/><E110/><V20/><F80/><N who="3" m="49223" /><G124/><T35/><D11/><U64/><E131/><N who="3" m="50218" /><G112/><T134/><D134/><U106/><E126/><V62/><F59/><N who="3" m="37183" /><G123/><T45/><D45/><U8/><E8/><V103/><F103/><W52/><G41/><T15/><D15/><U23/><E31/><V94/><F94/><W132/><G36/><T67/><D69/><U17/><E106/><V48/><F30/><W84/><G132/><T92/><D107/><U5/><E28/><V38/><F10/><N who="3" m="6423" /><G84/><T33/><D33/><U6/><E53/><AGARI ba="0,0" hai="52,53" m="6423,37183,50218,49223" machi="53" ten="30,7700,0" yaku="19,1,52,1,54,2" doraHai="83" who="3" fromWho="1" sc="240,0,299,-77,198,0,263,77" /><INIT seed="5,0,0,2,2,59" ten="240,222,198,340" oya="1" hai0="67,45,87,70,77,16,124,128,117,25,43,63,6" hai1="78,41,125,96,81,47,89,27,56,19,10,62,101" hai2="57,31,72,49,82,71,33,111,30,95,80,120,42" hai3="79,127,51,61,129,105,131,118,36,9,15,60,98"/><U107/><E125/><V113/><F120/><W103/><G36/><T109/><D109/><U74/><E10/><V93/><F111/><W114/><G127/><T38/><D117/><U106/><E19/><V5/><F71/><W84/><G118/><T108/><D108/><U122/><E27/><V34/><F72/><W21/><G21/><T23/><D124/><U75/><E122/><V24/><F57/><W83/><G51/><T44/><D44/><U48/><E89/><V134/><F49/><W121/><G121/><T3/><D128/><N who="3" m="49225" /><G114/><T14/><D3/><U76/><E76/><V119/><F119/><W39/><G39/><T86/><D77/><U29/><E29/><V22/><F113/><W130/><G130/><T126/><D126/><U8/><E8/><V88/><F42/><W112/><G112/><T46/><D46/><U0/><E0/><V102/><F102/><W133/><G133/><T1/><D1/><U65/><REACH who="1" step="1"/><E75/><REACH who="1" ten="240,212,198,340" step="2"/><V58/><F5/><AGARI ba="0,1" hai="5,9,15,60,61,79,83,84,98,103,105" m="49225" machi="5" ten="30,3900,0" yaku="19,1,52,2" doraHai="59" who="3" fromWho="2" sc="240,0,212,0,198,-39,340,49" /><INIT seed="6,0,0,5,3,79" ten="240,212,159,389" oya="2" hai0="3,101,127,8,84,88,36,23,10,26,126,119,52" hai1="29,15,45,9,18,50,55,111,51,31,0,124,92" hai2="122,78,89,25,5,109,30,33,34,120,43,39,62" hai3="32,104,107,96,24,61,116,49,82,110,54,46,27"/><V63/><F78/><W37/><G116/><T12/><D36/><U68/><E68/><V40/><F5/><W69/><G110/><T99/><D3/><U86/><E0/><V21/><F109/><W77/><G37/><T129/><D129/><U102/><E124/><N who="0" m="47657" /><D119/><U108/><E108/><V16/><F39/><W38/><G38/><T123/><D123/><U74/><E74/><V83/><F40/><W35/><G107/><N who="0" m="63935" /><D12/><U100/><E111/><V60/><F43/><W42/><G27/><T103/><D103/><U131/><E131/><V11/><F34/><W2/><G2/><T48/><D23/><U75/><E75/><V125/><F125/><W44/><G35/><T57/><D26/><U94/><E100/><V117/><F11/><W87/><G104/><T81/><AGARI ba="0,0" hai="8,10,48,52,57,81,84,88" m="63935,47657" machi="81" ten="30,7900,0" yaku="18,1,52,1,54,2" doraHai="79" who="0" fromWho="0" sc="240,79,212,-20,159,-39,389,-20" /><INIT seed="7,0,0,3,5,46" ten="319,192,120,369" oya="3" hai0="23,21,61,91,66,105,29,74,25,38,67,75,28" hai1="81,93,84,90,78,47,108,116,49,79,37,63,60" hai2="71,17,36,87,121,83,24,124,44,126,34,115,5" hai3="88,45,32,117,100,89,31,77,1,52,64,30,69"/><W112/><G117/><T118/><D118/><U130/><E37/><V129/><F87/><W26/><G1/><T131/><D131/><U16/><E130/><V13/><F83/><W99/><G31/><T7/><D7/><U50/><E108/><V122/><F44/><W33/><G32/><T18/><D38/><U53/><E116/><V3/><F36/><W62/><G77/><T134/><D134/><U55/><E79/><V19/><F71/><W104/><G112/><T107/><D91/><U4/><E4/><V125/><F129/><W11/><G11/><T12/><D61/><U65/><E65/><V128/><F128/><W72/><G72/><T96/><D96/><U132/><E132/><V101/><F101/><W127/><G127/><N who="2" m="32513" /><V97/><DORA hai="39" /><F97/><W0/><G0/><T48/><D48/><AGARI ba="0,0" hai="26,30,33,45,48,52,62,64,69,88,89,99,100,104" machi="48" ten="40,12000,1" yaku="25,2,52,1,54,2" doraHai="46,39" who="3" fromWho="0" sc="319,-120,192,0,120,0,369,120" owari="199,0.0,192,-21.0,120,-38.0,489,59.0" /></mjloggm>