<mjloggm ver="2.3"><GO type="97"/><UN n0="%E5%B9%B3%E5%9D%87%E9%A0%86%E4%BD%8D%E9%87%8D%E8%A6%96" n1="%EF%BC%88%E2%89%A7%E2%96%BD%E2%89%A6%EF%BC%89" n2="%E3%81%A7%E3%82%93%E3%81%A7%E3%82%93%E2%99%AA" n3="%E3%82%B4%E3%83%B3%E3%82%B3" dan="16,15,13,13" rate="2054,1986,1913,1843" sx="M,M,F,M"/><TAIKYOKU oya="0"/><INIT seed="0,0,0,0,4,96" ten="250,250,250,250" oya="0" hai0="5,48,57,15,124,133,55,78,35,131,22,40,84" hai1="39,41,99,101,83,27,6,125,66,67,20,25,10" hai2="87,31,50,51,1,89,74,33,59,119,52,121,94" hai3="85,76,11,7,91,79,82,90,62,63,129,106,34"/><T65/><D35/><U120/><E120/><V2/><F121/><W88/><G34/><T97/><D133/><U29/><E125/><V28/><F74/><W122/><G122/><T21/><D124/><U18/><E83/><V86/><F119/><W9/><G129/><T19/><D131/><U128/><E128/><V108/><F108/><W58/><G79/><T73/><D73/><U134/><E134/><V98/><F33/><W70/><G106/><T105/><D5/><U16/><E39/><V126/><F126/><W17/><G70/><T43/><D65/><U112/><E41/><V3/><F50/><W102/><G102/><T69/><D69/><U81/><E81/><V44/><F44/><W23/><G62/><T4/><D4/><U54/><E54/><V37/><F37/><W111/><G7/><T109/><D109/><U61/><E112/><V13/><F13/><N who="3" m="9647" /><G111/><T24/><D97/><U103/><E99/><V93/><REACH who="2" step="1"/><F86/><REACH who="2" ten="250,250,240,250" step="2"/><W100/><G100/><AGARI ba="0,1" hai="1,2,3,28,31,51,52,59,87,89,93,94,98,100" machi="100" ten="40,8000,1" yaku="1,1,2,1,52,1,54,1,53,0" doraHai="96" doraHaiUra="75" who="2" fromWho="3" sc="250,0,250,0,240,90,250,-80" /><INIT seed="1,0,0,3,4,28" ten="250,250,330,170" oya="1" hai0="37,111,56,42,35,13,128,101,121,70,27,115,122" hai1="19,50,51,132,49,75,90,43,126,59,60,92,84" hai2="55,32,30,23,117,3,108,29,113,96,41,73,4" hai3="58,87,124,22,63,116,7,62,110,1,33,102,81"/><U39/><E132/><V88/><F73/><W98/><G33/><T9/><D70/><U94/><E75/><V2/><F117/><W44/><G1/><N who="2" m="9" /><F88/><N who="3" m="51311" /><G7/><T26/><D115/><U134/><E134/><V130/><F55/><N who="3" m="34143" /><G22/><T71/><D71/><U34/><E126/><V118/><F96/><W40/><G110/><T21/><D111/><U12/><E34/><V36/><F41/><W14/><G124/><T131/><D35/><U72/><E72/><V89/><F36/><W103/><G116/><T91/><D42/><U5/><E5/><V99/><F89/><W104/><G104/><T114/><D37/><U86/><E39/><V61/><F99/><W57/><G14/><T46/><D91/><N who="1" m="53367" /><E43/><V45/><F61/><W129/><G129/><T11/><D114/><U64/><E50/><V80/><F4/><W0/><G0/><T133/><D133/><U78/><E78/><V93/><F108/><W127/><G127/><T97/><D131/><U79/><E79/><V8/><F118/><W6/><G6/><T24/><D128/><U31/><E31/><V48/><F29/><W82/><G82/><T17/><D46/><U83/><E83/><V109/><F30/><W65/><G98/><T77/><D77/><U18/><E18/><V135/><F80/><W95/><G95/><N who="0" m="58559" /><D121/><U47/><E47/><V74/><F32/><W54/><G40/><T106/><D122/><U123/><E123/><V38/><F130/><W120/><G120/><T68/><D68/><U125/><E125/><V53/><F135/><W67/><G44/><T66/><D106/><U76/><E76/><RYUUKYOKU ba="0,0" sc="250,10,250,10,330,-30,170,10" hai0="9,11,13,17,21,24,26,27,56,66" hai1="12,19,49,51,59,60,64,84,90,94" hai3="54,57,63,65,67,102,103" /><INIT seed="1,1,0,4,4,26" ten="260,260,300,180" oya="1" hai0="53,24,72,98,95,113,102,39,64,128,7,86,9" hai1="49,6,57,87,52,5,91,44,108,127,123,132,1" hai2="18,17,135,54,71,126,122,111,114,19,93,30,55" hai3="48,15,31,75,109,90,103,81,120,89,131,59,43"/><U63/><E123/><V124/><F122/><W2/><G120/><T119/><D72/><U10/><E132/><V40/><F71/><W121/><G2/><T85/><D113/><U112/><E112/><V16/><F114/><W69/><G121/><T29/><D119/><U4/><E127/><N who="2" m="48683" /><F135/><W46/><G69/><T70/><D128/><U125/><E108/><V97/><F111/><W101/><G109/><T115/><D115/><U25/><E25/><V12/><F40/><W0/><G0/><T105/><D39/><U68/><E68/><V82/><F82/><W129/><G75/><T104/><D53/><N who="2" m="19978" /><F12/><W20/><G59/><T27/><D70/><U133/><E133/><V51/><F51/><W73/><G73/><T134/><D64/><U92/><REACH who="1" step="1"/><E125/><REACH who="1" ten="260,250,300,180" step="2"/><V79/><F79/><W35/><G131/><T74/><D134/><U94/><E94/><V80/><F80/><W56/><G129/><T96/><D95/><U99/><E99/><V50/><F50/><W33/><G81/><T36/><D98/><U62/><E62/><V61/><F61/><W28/><G56/><T117/><D96/><U13/><E13/><V110/><F110/><W38/><G38/><T11/><D36/><U23/><E23/><V14/><F14/><W37/><G37/><T65/><D24/><U41/><AGARI ba="1,1" hai="1,4,5,6,10,41,44,49,52,57,63,87,91,92" machi="41" ten="20,7800,0" yaku="1,1,0,1,7,1,54,1,53,0" doraHai="26" doraHaiUra="107" who="1" fromWho="1" sc="260,-27,250,91,300,-27,180,-27" /><INIT seed="1,2,0,3,5,118" ten="233,341,273,153" oya="1" hai0="32,61,17,119,124,10,102,46,101,99,48,103,76" hai1="2,41,52,134,19,58,98,79,80,97,123,21,111" hai2="71,5,77,114,86,38,27,106,69,115,50,56,60" hai3="25,53,70,12,26,39,78,14,131,36,95,116,127"/><U4/><E123/><V28/><F106/><W55/><G95/><T24/><D119/><U65/><E134/><V132/><F132/><W100/><G116/><T1/><D124/><U93/><E111/><V91/><F38/><W112/><G127/><T110/><D110/><U120/><E120/><V45/><F77/><W104/><G100/><T13/><D1/><U3/><E65/><V40/><F5/><W128/><G78/><T31/><D61/><U92/><E41/><V47/><F47/><W68/><REACH who="3" step="1"/><G104/><REACH who="3" ten="233,341,273,143" step="2"/><T130/><D76/><U33/><E93/><N who="2" m="54519" /><F115/><AGARI ba="2,1" hai="12,14,25,26,36,39,53,55,68,70,112,115,128,131" machi="115" ten="25,8000,1" yaku="1,1,22,2,53,2" doraHai="118" doraHaiUra="23" who="3" fromWho="2" sc="233,0,341,0,273,-86,143,96" /><INIT seed="2,0,0,5,1,126" ten="233,341,187,239" oya="2" hai0="82,124,58,12,46,41,101,20,113,130,110,1,115" hai1="96,22,47,53,14,135,132,125,108,60,27,70,59" hai2="123,91,16,98,118,62,116,7,34,129,56,119,103" hai3="37,30,112,71,21,9,44,97,0,122,93,45,86"/><V4/><F123/><W18/><G71/><T17/><D1/><U49/><E125/><V5/><F34/><W2/><G122/><T25/><D124/><U57/><E108/><V128/><F91/><W90/><G112/><T75/><D110/><U28/><E96/><V64/><REACH who="2" step="1"/><F16/><REACH who="2" ten="233,341,177,239" step="2"/><W6/><G30/><T54/><D17/><U100/><E100/><V40/><F40/><W76/><G0/><T10/><D41/><U23/><E132/><V73/><F73/><W89/><G37/><T104/><D75/><U50/><E135/><V127/><F127/><W85/><G76/><T88/><D88/><U11/><E70/><V61/><F61/><W51/><G90/><T52/><D101/><U109/><E109/><V79/><F79/><W35/><G35/><T111/><D111/><U69/><E69/><V83/><F83/><W114/><G114/><T84/><D82/><U3/><E60/><V15/><F15/><W39/><G39/><T24/><D12/><U55/><E3/><V78/><F78/><W42/><G45/><T8/><D46/><N who="1" m="27863" /><E23/><V13/><F13/><AGARI ba="0,1" hai="2,6,9,13,18,21,42,44,51,85,86,89,93,97" machi="13" ten="30,1000,0" yaku="7,1" doraHai="126" who="3" fromWho="2" sc="233,0,341,0,177,-10,239,20" /><INIT seed="3,0,0,2,5,110" ten="233,341,167,259" oya="3" hai0="106,29,30,3,50,108,9,72,117,17,24,73,103" hai1="5,27,41,40,133,100,124,96,105,97,90,79,34" hai2="11,6,64,84,112,109,26,46,104,37,7,70,92" hai3="43,14,22,15,45,71,42,12,19,131,8,135,1"/><W87/><G71/><T63/><D117/><U53/><E133/><V75/><F109/><W80/><G135/><T132/><D108/><U10/><E124/><V55/><F104/><W113/><G113/><T49/><D132/><U91/><E79/><V58/><F75/><W48/><G131/><T121/><D121/><U62/><E34/><V60/><F26/><W126/><G126/><T35/><D29/><U82/><E27/><V111/><F111/><W2/><G43/><N who="1" m="16458" /><E105/><V0/><F84/><W59/><G59/><T32/><D32/><U127/><E127/><V81/><F92/><W69/><G69/><T116/><D116/><U38/><E38/><V16/><F81/><W98/><G98/><N who="1" m="37994" /><E100/><V21/><F6/><W23/><G23/><T83/><D103/><U67/><E67/><V28/><F28/><W85/><G85/><T52/><D106/><U47/><E82/><V54/><F54/><W129/><G129/><T56/><D3/><U51/><E62/><V18/><F18/><W36/><G36/><T118/><D118/><U33/><E33/><V86/><F86/><W25/><REACH who="3" step="1"/><G8/><REACH who="3" ten="233,341,167,249" step="2"/><T122/><D122/><U114/><E114/><V123/><F123/><W89/><AGARI ba="0,1" hai="1,2,12,14,15,19,22,25,42,45,48,80,87,89" machi="89" ten="30,11700,0" yaku="1,1,2,1,0,1,53,1" doraHai="110" doraHaiUra="77" who="3" fromWho="3" sc="233,-39,341,-39,167,-39,249,127" owari="194,-21.0,302,10.0,128,-37.0,376,48.0" /></mjloggm>