<mjloggm ver="2.3"><GO type="97"/><UN n0="%E6%BD%B0%E7%98%8D%E6%80%A7%E5%A4%A7%E8%85%B8%E7%82%8E" n1="%E3%82%AB%E3%83%95%E3%82%A7%E3%82%A4%E3%83%B3%E4%B8%AD%E6%AF%92" n2="%EF%BC%A0%E9%B7%B2%E5%B7%A3%E9%BA%BB%E9%9B%80" n3="%EF%BC%88%E2%89%A7%E2%96%BD%E2%89%A6%EF%BC%89" dan="14,13,14,13" rate="1841,1851,1925,1979" sx="M,M,M,M"/><TAIKYOKU oya="0"/><INIT seed="0,0,0,4,3,76" ten="250,250,250,250" oya="0" hai0="15,40,14,46,65,128,120,106,47,36,69,71,72" hai1="94,86,87,114,92,118,121,18,99,97,81,102,44" hai2="55,1,80,110,8,60,95,22,67,37,101,49,66" hai3="132,127,89,41,23,24,12,48,90,17,73,124,9"/><T117/><D106/><N who="1" m="63823" /><E44/><V115/><F115/><W53/><G132/><T109/><D72/><U108/><E18/><V131/><F37/><W58/><G73/><T2/><D2/><U16/><E16/><V70/><F110/><W54/><G41/><T61/><D47/><U88/><E108/><V64/><F131/><W113/><G113/><T29/><D109/><U7/><E7/><V123/><F123/><W62/><G127/><T38/><D120/><U125/><E125/><V100/><F22/><W30/><REACH who="3" step="1"/><G124/><REACH who="3" step="2"/><T35/><D40/><U42/><E42/><V6/><F70/><W13/><G13/><T112/><D69/><U5/><E114/><V105/><F1/><W3/><G3/><T98/><D112/><U26/><E121/><V10/><F105/><W21/><G21/><T32/><D15/><U83/><E26/><V4/><F10/><W45/><AGARI ba="0,1" hai="9,12,17,23,24,30,45,48,53,54,58,62,89,90" machi="45" ten="20,5200,0" yaku="1,1,0,1,7,1,8,1,53,0" doraHai="76" doraHaiUra="111" who="3" fromWho="3" sc="250,-26,250,-13,250,-13,240,62" /><INIT seed="1,0,0,1,5,99" ten="224,237,237,302" oya="1" hai0="105,66,8,67,130,124,82,44,102,61,123,83,29" hai1="48,38,81,134,7,63,60,5,104,45,54,4,19" hai2="27,88,50,85,41,17,129,131,65,92,62,57,86" hai3="23,113,127,25,40,31,80,120,11,125,42,96,28"/><U108/><E104/><V30/><F17/><N who="3" m="12527" /><G120/><T46/><D130/><U68/><E134/><V95/><F41/><N who="3" m="15979" /><G113/><T106/><D124/><N who="3" m="47689" /><G11/><T76/><D123/><U90/><E38/><V43/><F43/><W98/><G80/><T56/><D67/><U55/><E19/><V111/><F111/><W33/><G33/><T1/><D82/><U24/><E24/><V3/><F3/><W39/><G39/><T107/><D29/><AGARI ba="0,0" hai="28,29,31,96,98" m="47689,15979,12527" machi="29" ten="30,1000,0" yaku="18,1" doraHai="99" who="3" fromWho="0" sc="224,-10,237,0,237,0,302,10" /><INIT seed="2,0,0,0,1,108" ten="214,237,237,312" oya="2" hai0="67,12,48,19,112,45,85,4,107,111,125,118,87" hai1="83,8,109,37,50,97,52,36,105,29,2,94,96" hai2="22,64,25,28,27,75,35,106,56,100,68,5,91" hai3="70,49,53,132,0,65,43,88,1,21,61,99,39"/><V57/><F75/><W104/><G132/><T3/><D111/><U60/><E109/><V73/><F73/><W133/><G133/><T38/><D38/><U76/><E60/><N who="2" m="39943" /><F91/><W98/><G21/><T55/><D107/><U130/><E29/><N who="2" m="17591" /><F5/><W84/><G104/><T103/><D125/><U129/><E105/><V26/><F26/><W115/><G115/><T121/><D67/><U18/><E18/><V80/><F80/><N who="3" m="49159" /><G0/><T30/><D30/><U74/><E2/><V127/><F127/><W23/><G23/><T34/><D34/><U126/><E126/><V128/><F128/><N who="1" m="49257" /><E8/><V89/><F89/><W90/><G90/><T86/><D4/><U72/><E74/><V120/><F120/><W66/><G66/><T95/><D112/><U135/><E135/><V42/><F42/><W17/><G17/><T93/><D118/><U33/><E33/><V116/><F116/><W40/><G40/><T131/><D121/><U54/><E54/><V41/><F41/><W59/><G1/><T134/><D3/><U31/><E31/><V58/><F58/><W63/><G63/><T46/><D131/><U13/><E13/><V114/><F114/><W81/><G81/><T124/><D124/><U69/><E69/><V92/><F92/><W20/><G20/><T102/><D134/><U14/><E14/><V119/><F119/><W71/><G71/><T62/><D62/><U78/><E78/><V6/><F6/><W51/><G51/><T7/><D7/><U101/><E97/><AGARI ba="0,0" hai="27,28,35,56,57,97,100,106" m="17591,39943" machi="97" ten="30,1500,0" yaku="25,1" doraHai="108" who="2" fromWho="1" sc="214,0,237,-15,237,15,312,0" /><INIT seed="2,1,0,5,3,99" ten="214,222,252,312" oya="2" hai0="6,32,100,42,45,124,122,92,128,60,40,86,108" hai1="113,80,75,96,79,13,111,131,101,58,118,29,76" hai2="8,12,9,47,7,90,11,20,4,26,33,78,37" hai3="120,18,55,107,68,21,2,56,30,64,59,134,117"/><V73/><F33/><W81/><G120/><T35/><D122/><U22/><E113/><V17/><F73/><W114/><G117/><T65/><D108/><U62/><E118/><V61/><F78/><W48/><G107/><T83/><D42/><U70/><E70/><V31/><F90/><W84/><G2/><T91/><D6/><U135/><E79/><V57/><F37/><W66/><G114/><T15/><D124/><U43/><E43/><V126/><F126/><W88/><G134/><T123/><D123/><U54/><E111/><V23/><REACH who="2" step="1"/><F47/><REACH who="2" step="2"/><N who="3" m="28063" /><G68/><T16/><D35/><U3/><E135/><V69/><F69/><W89/><G89/><T44/><D32/><U87/><E75/><V105/><F105/><W34/><G34/><T25/><D91/><U121/><E121/><V82/><F82/><W63/><G59/><T27/><D83/><U127/><E127/><V46/><F46/><W36/><G36/><T71/><D44/><U109/><E80/><V72/><F72/><W50/><G56/><T102/><D45/><U85/><E76/><V41/><F41/><W39/><G39/><T38/><D38/><U97/><E109/><V19/><F19/><W130/><G18/><T106/><D40/><U67/><E58/><V125/><F125/><W129/><G81/><T110/><D110/><U115/><E115/><V132/><F132/><W1/><G88/><T51/><D71/><U5/><E5/><V104/><F104/><W95/><G95/><T14/><D106/><U74/><E74/><V10/><N who="2" m="2560" /><DORA hai="0" /><V53/><AGARI ba="1,1" hai="4,7,12,17,20,23,26,31,53,57,61" m="2560" machi="53" ten="40,18000,2" yaku="1,1,4,1,0,1,8,1,52,2,53,0" doraHai="99,0" doraHaiUra="98,119" who="2" fromWho="2" sc="214,-61,222,-61,242,193,312,-61" /><INIT seed="2,2,0,2,1,117" ten="153,161,435,251" oya="2" hai0="87,14,120,53,131,52,10,105,71,22,101,104,47" hai1="77,48,1,9,113,55,23,6,134,15,114,36,25" hai2="49,135,74,99,123,29,46,31,83,119,57,103,3" hai3="86,125,27,24,8,17,32,11,18,88,26,121,79"/><V54/><F119/><W42/><G125/><T35/><D35/><U75/><E36/><V73/><F3/><W78/><G121/><T110/><D71/><U81/><E134/><V107/><F123/><W28/><G42/><T70/><D120/><U63/><E63/><V96/><F135/><W132/><G132/><T51/><D70/><U115/><E1/><V67/><F73/><W102/><G102/><T41/><D104/><U59/><REACH who="1" step="1"/><E115/><REACH who="1" step="2"/><V5/><F67/><W56/><G32/><T7/><D110/><U127/><E127/><V44/><F107/><W65/><G28/><AGARI ba="2,1" hai="6,9,15,23,25,28,48,55,59,75,77,81,113,114" machi="28" ten="30,2000,0" yaku="1,1,7,1,53,0" doraHai="117" doraHaiUra="124" who="1" fromWho="3" sc="153,0,151,36,435,0,251,-26" /><INIT seed="3,0,0,3,3,120" ten="153,187,435,225" oya="3" hai0="65,81,102,126,24,7,124,43,61,79,36,49,73" hai1="60,34,128,94,105,8,23,56,71,51,129,67,66" hai2="44,47,29,93,28,68,121,86,78,5,103,85,110" hai3="35,130,40,114,111,74,118,37,15,100,14,13,0"/><W57/><G118/><T50/><D102/><U45/><E105/><V122/><F110/><W134/><G0/><T127/><D7/><U113/><E34/><V59/><F68/><W26/><G74/><T131/><D131/><N who="1" m="50251" /><E94/><V20/><F5/><W75/><G75/><T17/><D36/><U116/><E23/><V19/><F59/><W104/><G104/><T80/><D43/><N who="1" m="25023" /><E8/><V72/><F72/><W18/><G130/><T38/><D38/><U31/><E31/><V115/><F115/><W106/><G106/><T33/><D80/><U53/><E113/><V3/><F3/><W9/><G114/><T89/><D89/><U42/><E42/><V77/><F103/><W91/><G35/><T1/><D1/><U117/><E71/><V92/><F20/><W30/><G40/><T22/><REACH who="0" step="1"/><D33/><REACH who="0" step="2"/><U54/><E67/><V133/><F133/><W88/><G37/><T32/><D32/><U6/><E6/><V25/><F19/><W90/><G18/><T98/><D98/><U16/><E16/><V55/><F55/><AGARI ba="0,1" hai="53,54,55,56,60,66,116,117" m="25023,50251" machi="55" ten="30,3900,0" yaku="19,1,34,2" doraHai="120" who="1" fromWho="2" sc="143,0,187,49,435,-39,225,0" owari="143,-36,236,4,396,49,225,-17" /></mjloggm>