<mjloggm ver="2.3"><GO type="41"/><UN n0="%E5%92%B2%EF%BC%A0%E7%9B%A3%E7%9D%A3" n1="%67%61%72%75%63%69%61" n2="%72%65%3A%E3%81%BF%E3%81%AA%E3%81%84%E3%81%A0%E3%82%93" n3="%E3%82%A6%E3%83%AB%E3%83%88%E3%83%A9%E7%AB%8B%E7%9B%B4" dan="13,15,15,15" rate="1898,1965,1934,2029" sx="M,M,M,M"/><TAIKYOKU oya="0"/><INIT seed="0,0,0,0,3,41" ten="250,250,250,250" oya="0" hai0="120,112,38,18,24,40,103,12,130,89,39,7,107" hai1="78,74,125,110,31,14,99,70,4,9,19,85,83" hai2="21,97,95,73,20,51,98,129,86,69,42,2,37" hai3="28,81,15,52,75,56,116,49,108,27,10,111,34"/><T65/><D120/><U66/><E110/><V55/><F73/><W93/><G116/><T44/><D112/><U23/><E125/><V101/><F69/><W84/><G93/><T13/><D130/><U123/><E123/><V133/><F129/><W100/><G100/><T36/><D65/><U17/><E74/><V80/><F2/><W11/><G75/><T90/><D24/><N who="1" m="16799" /><E70/><V102/><F37/><W0/><G0/><T5/><D103/><U115/><E115/><V92/><F42/><W121/><G121/><T104/><D18/><N who="1" m="6667" /><E99/><V48/><F133/><W94/><G94/><T6/><D44/><U8/><E8/><V96/><F96/><W79/><REACH who="3" step="1"/><G11/><REACH who="3" ten="250,250,250,240" step="2"/><T119/><D119/><U58/><E66/><V3/><F3/><W109/><G109/><T16/><D40/><U45/><E58/><V91/><F51/><W22/><G22/><T63/><D63/><U54/><E54/><V26/><F26/><W72/><G72/><T50/><D50/><U113/><E113/><V106/><REACH who="2" step="1"/><F106/><REACH who="2" ten="250,250,240,240" step="2"/><W25/><G25/><T29/><D29/><U67/><E67/><V46/><AGARI ba="0,2" hai="20,21,46,48,55,80,86,91,92,95,97,98,101,102" machi="46" ten="20,12000,2" yaku="1,1,2,1,0,1,7,1,9,1,8,1,52,1,53,0" doraHai="41" doraHaiUra="64" who="2" fromWho="2" sc="250,-60,250,-30,240,140,240,-30" /><INIT seed="1,0,0,2,3,4" ten="190,220,380,210" oya="1" hai0="116,50,67,81,113,23,66,16,44,42,63,57,14" hai1="93,107,91,127,97,18,75,22,80,60,128,96,79" hai2="15,69,88,78,34,84,112,49,72,28,54,43,41" hai3="108,104,109,40,56,30,45,64,58,98,62,92,89"/><U77/><E127/><V3/><F3/><W122/><G122/><T24/><D116/><U123/><E123/><V27/><F69/><W133/><G133/><T10/><D113/><U2/><E2/><V103/><F103/><W68/><G104/><T129/><D129/><U25/><E128/><V106/><F106/><W83/><G30/><T121/><D121/><U32/><E32/><V6/><F72/><W110/><REACH who="3" step="1"/><G83/><REACH who="3" ten="190,220,380,200" step="2"/><T46/><D81/><U8/><E79/><V82/><F112/><W11/><G11/><T125/><D125/><U61/><E107/><V7/><F78/><W115/><G115/><T47/><REACH who="0" step="1"/><D66/><REACH who="0" ten="180,220,380,200" step="2"/><U119/><E119/><V26/><F82/><W12/><G12/><T117/><D117/><U135/><E135/><V85/><F26/><W70/><G70/><T94/><D94/><U86/><E75/><V17/><F15/><W35/><G35/><T118/><D118/><U73/><E73/><V55/><F34/><W31/><G31/><AGARI ba="0,2" hai="10,14,16,23,24,31,42,44,46,47,50,57,63,67" machi="31" ten="30,8000,1" yaku="1,1,7,1,8,1,52,1,54,1,53,0" doraHai="4" doraHaiUra="29" who="0" fromWho="3" sc="180,100,220,0,380,0,200,-80" /><INIT seed="2,0,0,4,3,131" ten="280,220,380,120" oya="2" hai0="36,33,124,87,73,15,9,54,25,79,72,12,135" hai1="113,75,99,46,52,109,106,2,32,13,43,107,86" hai2="128,105,129,23,60,90,91,117,82,108,38,11,132" hai3="62,64,55,41,94,102,29,53,49,26,83,112,120"/><V115/><F38/><W127/><G120/><T70/><D70/><U118/><E2/><V37/><F37/><W22/><G112/><T122/><D122/><U35/><E75/><V48/><F115/><W10/><G127/><T125/><D36/><U3/><E3/><V111/><F117/><W47/><G83/><T95/><D33/><U93/><E118/><V119/><F119/><W66/><G66/><T89/><D25/><U92/><E113/><V31/><F11/><W134/><G10/><T98/><D54/><U58/><E109/><N who="2" m="42059" /><F105/><W17/><G17/><T84/><D12/><U14/><E107/><V59/><F48/><W16/><G134/><T8/><D8/><U65/><E106/><V77/><F31/><W101/><G29/><T56/><D56/><U78/><E65/><N who="2" m="39071" /><F23/><W69/><G94/><T30/><D30/><U42/><E35/><V63/><F63/><W7/><G7/><T4/><D135/><U5/><E32/><V71/><F71/><W110/><G110/><T45/><D45/><U34/><E34/><V51/><F51/><W39/><G55/><T100/><D72/><U126/><E126/><N who="0" m="48745" /><D100/><N who="1" m="60519" /><E46/><AGARI ba="0,0" hai="16,22,26,39,41,46,47,49,53,62,64,69,101,102" machi="46" ten="30,2000,0" yaku="7,1,54,1" doraHai="131" who="3" fromWho="1" sc="280,0,220,-20,380,0,120,20" /><INIT seed="3,0,0,3,1,47" ten="280,200,380,140" oya="3" hai0="19,66,89,131,63,32,64,35,76,34,133,25,81" hai1="48,123,28,21,96,68,106,1,86,95,2,55,105" hai2="97,93,113,13,103,42,118,111,27,11,43,53,67" hai3="82,5,120,132,98,22,16,88,39,83,15,73,60"/><W119/><G39/><T129/><D89/><U57/><E123/><V104/><F113/><W91/><G119/><T49/><D19/><U72/><E72/><V51/><F118/><W40/><G120/><T14/><D14/><U84/><E68/><V4/><F111/><W7/><G40/><T52/><D25/><N who="1" m="16431" /><E2/><V8/><F67/><N who="0" m="25642" /><D63/><U78/><E1/><V62/><F62/><W79/><G132/><T115/><D115/><U0/><E0/><V85/><F8/><W108/><G108/><T109/><D109/><U24/><E106/><V134/><F27/><W12/><G60/><T26/><D26/><U92/><E105/><V37/><F134/><W33/><G33/><T29/><D29/><U59/><E78/><V58/><F37/><W3/><G3/><T61/><D61/><N who="1" m="36031" /><E92/><V36/><F36/><W75/><G75/><N who="0" m="43167" /><D133/><U102/><E24/><V126/><F42/><W30/><G30/><T99/><D99/><U56/><E56/><V90/><F43/><W18/><G91/><T10/><D10/><U94/><E94/><V17/><F4/><W87/><G98/><T44/><D32/><U50/><E59/><V69/><F69/><W45/><G45/><T77/><D77/><U70/><E70/><V65/><F65/><W112/><G112/><T125/><D125/><U124/><E124/><V122/><F126/><W54/><G54/><T117/><D117/><U130/><E130/><N who="0" m="49673" /><D34/><U127/><E127/><V31/><F122/><W23/><AGARI ba="0,0" hai="5,7,12,15,16,18,22,23,73,79,82,83,87,88" machi="23" ten="20,12000,1" yaku="0,1,7,1,9,1,54,2" doraHai="47" who="3" fromWho="3" sc="280,-40,200,-40,380,-40,140,120" /><INIT seed="3,1,0,0,0,1" ten="240,160,340,260" oya="3" hai0="0,51,7,90,125,50,117,14,126,96,9,129,25" hai1="33,61,40,118,26,28,54,112,65,102,3,91,68" hai2="88,53,13,8,15,79,45,18,105,23,46,124,73" hai3="114,110,87,89,106,78,119,98,37,24,135,66,35"/><W115/><G37/><T38/><D117/><U67/><E112/><V55/><F105/><W72/><G119/><T49/><D38/><U30/><E118/><V97/><F73/><W17/><G17/><T94/><D129/><U63/><E102/><V32/><F32/><W57/><G57/><T127/><REACH who="0" step="1"/><D25/><REACH who="0" ten="230,160,340,260" step="2"/><U128/><E128/><V86/><F124/><W52/><G114/><T64/><D64/><U74/><E67/><V109/><F109/><W83/><G66/><T108/><D108/><U123/><E65/><V31/><F53/><W4/><G52/><T44/><D44/><U59/><E54/><V6/><F55/><W29/><G115/><T116/><D116/><U43/><E68/><V10/><F45/><W77/><G110/><T22/><D22/><U56/><E26/><V12/><F46/><W84/><G135/><T69/><D69/><U36/><E33/><V70/><F70/><W41/><G41/><T60/><D60/><U121/><E36/><V134/><F134/><W93/><G106/><T47/><D47/><U82/><E121/><V20/><F20/><W11/><REACH who="3" step="1"/><G78/><REACH who="3" ten="230,160,340,250" step="2"/><T80/><D80/><U62/><E123/><V76/><F76/><W100/><G100/><T92/><D92/><U107/><E107/><V99/><F79/><W104/><G104/><T42/><D42/><U21/><E43/><V75/><F31/><W48/><G48/><T39/><D39/><U120/><E40/><V2/><F18/><W130/><G130/><T101/><D101/><U131/><E30/><V58/><F58/><W81/><G81/><T85/><D85/><RYUUKYOKU ba="1,2" sc="230,15,160,-15,340,-15,250,15" hai0="0,7,9,14,49,50,51,90,94,96,125,126,127" hai3="4,11,24,29,35,72,77,83,84,87,89,93,98" /><INIT seed="3,2,2,1,3,54" ten="245,145,325,265" oya="3" hai0="39,69,3,66,82,67,47,74,48,91,98,93,114" hai1="31,113,64,44,89,103,56,36,126,29,86,71,9" hai2="27,99,117,125,63,2,123,127,133,37,61,88,0" hai3="135,92,115,51,124,59,53,78,58,102,55,122,34"/><W116/><G34/><T25/><D3/><U73/><E73/><V22/><F117/><W8/><G116/><T42/><D42/><U83/><E71/><V15/><F37/><W10/><G115/><T129/><D114/><U46/><E113/><V33/><F133/><W80/><G135/><T75/><D129/><U43/><E126/><V121/><F33/><W50/><G124/><N who="2" m="47689" /><F15/><W11/><G122/><N who="2" m="46601" /><F61/><W52/><G102/><T62/><D39/><U97/><E46/><V14/><F14/><W17/><G92/><T6/><D6/><U72/><E72/><V13/><F13/><W1/><G1/><T119/><D119/><U21/><E9/><V35/><F63/><W77/><G17/><T106/><D67/><U112/><E112/><V18/><F35/><W118/><G118/><T109/><D109/><U24/><E64/><V134/><F134/><W65/><G65/><T30/><D82/><U105/><REACH who="1" step="1"/><E31/><REACH who="1" ten="245,135,325,265" step="2"/><V23/><F22/><W104/><G104/><T76/><D106/><U107/><E107/><V100/><F100/><W5/><G5/><T95/><D75/><U132/><E132/><V60/><F23/><W96/><G55/><T12/><D74/><U94/><E94/><V32/><F32/><W120/><G120/><T45/><D95/><U68/><E68/><V4/><F4/><W101/><G80/><T19/><D30/><U111/><E111/><V130/><F0/><W84/><G84/><T79/><D47/><U57/><AGARI ba="2,3" hai="21,24,29,36,43,44,56,57,83,86,89,97,103,105" machi="57" ten="30,8000,1" yaku="1,1,0,1,52,2,53,1" doraHai="54" doraHaiUra="20" who="1" fromWho="1" sc="245,-22,135,116,325,-22,265,-42" /><INIT seed="4,0,0,3,4,69" ten="223,251,303,223" oya="0" hai0="102,60,17,8,106,19,71,50,77,24,132,36,62" hai1="42,107,84,94,27,130,26,68,25,114,63,5,104" hai2="30,72,55,3,10,121,39,87,126,31,20,88,48" hai3="49,67,80,1,115,28,47,127,85,44,73,22,91"/><T125/><D132/><U108/><E108/><V113/><F121/><W103/><G1/><T23/><D125/><U112/><E42/><V0/><F126/><W119/><G119/><T78/><D106/><U2/><E130/><V134/><F72/><W97/><G127/><T12/><D102/><U41/><E41/><V101/><F101/><W29/><G73/><T100/><D100/><U53/><E5/><V131/><F131/><W92/><G115/><N who="1" m="44074" /><E2/><V54/><F113/><W6/><G6/><T135/><D135/><U129/><E129/><V81/><F3/><W35/><G35/><T86/><D36/><U7/><E7/><V123/><F123/><W9/><G9/><T75/><D75/><U64/><E53/><V18/><F54/><W45/><G67/><T109/><D109/><U32/><E32/><V21/><F0/><W79/><G22/><N who="2" m="8809" /><F39/><W15/><G15/><T46/><D86/><U95/><E95/><V99/><F99/><W70/><G70/><T52/><D71/><U11/><E11/><V66/><F66/><W59/><G103/><T110/><D110/><U40/><E40/><V65/><F65/><W56/><G49/><T37/><D37/><U82/><E94/><V122/><F134/><W93/><REACH who="3" step="1"/><G92/><REACH who="3" ten="223,251,303,213" step="2"/><T116/><D116/><U4/><E4/><V51/><F51/><W133/><G133/><T98/><D98/><U38/><E38/><V96/><F96/><W14/><G14/><T34/><D34/><U111/><E111/><V120/><F122/><W61/><G61/><AGARI ba="0,1" hai="8,12,17,19,23,24,46,50,52,60,61,62,77,78" machi="61" ten="40,3900,0" yaku="8,1,54,1" doraHai="69" who="0" fromWho="3" sc="223,49,251,0,303,0,213,-39" /><INIT seed="4,1,0,4,5,80" ten="272,251,303,174" oya="0" hai0="33,119,107,116,83,65,84,69,86,133,75,134,112" hai1="124,109,38,97,99,76,95,49,101,66,4,36,122" hai2="18,85,11,59,104,29,16,63,26,37,118,105,42" hai3="126,94,56,20,50,10,91,54,113,53,25,74,13"/><T3/><D3/><U28/><E28/><V43/><F118/><BYE who="1" /><W81/><G74/><T64/><D33/><U103/><E103/><V55/><F104/><W46/><G113/><T41/><D41/><U47/><E47/><V22/><F105/><W93/><G126/><T129/><D107/><U92/><E92/><V60/><F37/><W82/><G93/><T58/><D112/><U78/><E78/><V27/><F60/><W127/><G127/><T21/><D21/><U79/><E79/><V77/><F18/><W121/><G121/><T48/><D129/><U14/><E14/><N who="2" m="7263" /><F27/><W39/><G39/><T12/><D12/><U100/><E100/><V19/><F19/><W131/><G131/><T132/><D69/><U88/><E88/><V15/><F15/><W123/><G123/><T102/><D102/><U61/><E61/><V5/><F5/><W1/><G1/><T62/><D48/><U96/><E96/><V24/><F26/><W52/><G25/><T32/><D32/><U72/><E72/><V6/><F6/><N who="3" m="3287" /><G20/><T31/><D31/><U90/><E90/><V125/><F125/><W40/><G56/><T71/><D71/><U117/><E117/><N who="0" m="45129" /><D65/><U8/><E8/><V9/><F9/><W130/><G130/><T89/><D89/><U7/><E7/><V87/><F77/><AGARI ba="1,0" hai="58,62,64,75,77,83,84,86,132,133,134" m="45129" machi="77" ten="40,7700,0" yaku="20,1,52,2" doraHai="80" who="0" fromWho="2" sc="272,80,251,0,303,-80,174,0" /><INIT seed="4,2,0,5,4,60" ten="352,251,223,174" oya="0" hai0="47,55,130,73,0,128,90,117,97,118,46,37,111" hai1="86,69,103,61,27,19,14,95,108,126,107,45,115" hai2="52,5,110,40,35,134,72,62,104,131,31,49,50" hai3="74,53,77,100,93,32,82,127,16,29,81,66,8"/><T15/><D0/><U98/><E98/><V39/><F110/><W88/><G29/><T21/><D73/><U124/><E124/><V122/><F72/><W125/><G32/><T34/><D34/><U42/><E42/><V67/><F5/><W119/><G119/><T48/><D111/><U68/><E68/><V96/><F122/><W33/><G33/><T85/><D97/><U80/><E80/><V109/><F109/><W30/><G30/><T123/><D123/><U71/><E71/><V43/><F131/><N who="0" m="50218" /><D37/><U9/><E9/><V7/><F7/><W4/><G100/><T22/><D46/><U87/><E87/><V101/><F49/><W116/><G116/><N who="0" m="44651" /><D15/><U79/><E79/><V78/><F78/><W105/><G105/><T2/><D2/><U89/><E89/><V44/><F39/><W65/><G77/><T63/><D63/><U3/><E3/><V51/><F51/><W133/><G74/><T11/><D11/><U113/><E113/><V13/><F13/><N who="3" m="7207" /><G4/><T17/><D17/><U121/><E121/><V24/><F134/><W120/><G133/><T135/><D135/><U23/><E23/><V112/><F112/><W91/><G120/><T6/><D6/><U59/><E59/><AGARI ba="2,0" hai="24,31,35,40,43,44,50,52,59,62,67,96,101,104" machi="59" ten="30,3900,0" yaku="7,1,52,1,54,1" doraHai="60" who="2" fromWho="1" sc="352,0,251,-45,223,45,174,0" /><INIT seed="5,0,0,3,1,29" ten="352,206,268,174" oya="1" hai0="113,70,94,108,132,86,125,59,88,84,26,120,12" hai1="111,46,131,23,40,17,117,112,0,116,36,48,127" hai2="118,110,78,25,39,11,9,105,10,71,60,77,22" hai3="123,52,43,134,37,4,119,15,101,63,21,35,28"/><U128/><E128/><V50/><F118/><W56/><G43/><T135/><D108/><U133/><E133/><N who="0" m="51273" /><D70/><U13/><E13/><V18/><F39/><W47/><G134/><T24/><D120/><U87/><E87/><V126/><F110/><W7/><G123/><T90/><D59/><U79/><E79/><V61/><F105/><W91/><G119/><T3/><D3/><U102/><E102/><V85/><F126/><W5/><G37/><T72/><D72/><U98/><E98/><V1/><F1/><W89/><G47/><T57/><D57/><U80/><E80/><V107/><F107/><W96/><G35/><T20/><D125/><U62/><E62/><N who="2" m="24171" /><F71/><W51/><G63/><T75/><D75/><U115/><E115/><V8/><F8/><W100/><G100/><T41/><D41/><U103/><E103/><V14/><F25/><W54/><G54/><T34/><D113/><U45/><E45/><V30/><F30/><W99/><G28/><N who="0" m="19719" /><D12/><U67/><E67/><V32/><F32/><W33/><G33/><T83/><D26/><U81/><E81/><V65/><F65/><W42/><G42/><T74/><D74/><U68/><E68/><V73/><F73/><W49/><G49/><T106/><D106/><U16/><E16/><V44/><F85/><W31/><G31/><T66/><D66/><U64/><E64/><V97/><F97/><N who="3" m="37451" /><G101/><T121/><D121/><U27/><E27/><V6/><F6/><N who="3" m="1539" /><W93/><DORA hai="58" /><G93/><T2/><D2/><U104/><E104/><V114/><F114/><W53/><G53/><AGARI ba="0,0" hai="9,10,11,14,18,22,44,50,53,77,78" m="24171" machi="53" ten="30,7700,0" yaku="8,1,52,3" doraHai="29,58" who="2" fromWho="3" sc="352,0,206,0,268,77,174,-77" /><INIT seed="6,0,0,4,2,15" ten="352,206,345,97" oya="2" hai0="121,14,29,86,125,33,71,97,52,72,53,128,107" hai1="89,3,1,20,85,40,133,66,88,47,16,83,124" hai2="130,84,129,127,19,96,48,2,61,75,43,105,5" hai3="37,42,73,76,126,39,102,27,122,116,50,65,32"/><V74/><F127/><W134/><G102/><T26/><D121/><U34/><E34/><V110/><F110/><W18/><G76/><T23/><D125/><U82/><E82/><V93/><F105/><W98/><G73/><T135/><D135/><U123/><E123/><V25/><F2/><W81/><G81/><T21/><D71/><U87/><E87/><V108/><F108/><W70/><G98/><T24/><D72/><U99/><E99/><V36/><F5/><W55/><G126/><T30/><D128/><N who="2" m="49258" /><F36/><W51/><G134/><T4/><D107/><U31/><E31/><V35/><F61/><N who="3" m="40239" /><G18/><T91/><D97/><U80/><E80/><V7/><F7/><W106/><G27/><T45/><D45/><U78/><E78/><V17/><F84/><W11/><G11/><N who="0" m="4455" /><D33/><U111/><E111/><V56/><F74/><W94/><G94/><AGARI ba="0,0" hai="21,23,24,26,29,30,52,53,86,91,94" m="4455" machi="94" ten="30,2000,0" yaku="8,1,54,1" doraHai="15" who="0" fromWho="3" sc="352,20,206,0,345,0,97,-20" /><INIT seed="7,0,0,0,5,17" ten="372,206,345,77" oya="3" hai0="4,6,45,79,14,97,94,98,93,28,99,27,57" hai1="48,106,58,77,20,23,12,39,112,122,71,46,38" hai2="59,132,56,31,33,9,13,89,69,83,73,107,118" hai3="24,1,41,11,74,114,103,101,125,92,70,5,104"/><W105/><G125/><T102/><D79/><U84/><E84/><V55/><F118/><W22/><G114/><T100/><D97/><U54/><E54/><V81/><F69/><W21/><G74/><T121/><D121/><U44/><E44/><V133/><F107/><W96/><G70/><T66/><D45/><U123/><E123/><V128/><F33/><W80/><G41/><T18/><D66/><U29/><E29/><V108/><F108/><W126/><G126/><T68/><D68/><U67/><E67/><V52/><F31/><W72/><G101/><T90/><D57/><U0/><E0/><V16/><F128/><W10/><G10/><T61/><D61/><U88/><E88/><V37/><F37/><W60/><G60/><T40/><D40/><U91/><E91/><V124/><F124/><W42/><G42/><T85/><D27/><U119/><E119/><V50/><F73/><W129/><G129/><T15/><D28/><U51/><E51/><V113/><F113/><W131/><G131/><T86/><D90/><U47/><E47/><V127/><F127/><W34/><G34/><T30/><D30/><U120/><E120/><V64/><F64/><W35/><G35/><T7/><D7/><U130/><E130/><V82/><REACH who="2" step="1"/><F89/><REACH who="2" ten="372,206,335,77" step="2"/><W25/><G104/><T78/><D78/><U116/><E116/><V111/><F111/><W2/><G105/><T117/><D117/><U75/><E75/><V19/><F19/><AGARI ba="0,1" hai="4,6,14,15,18,19,85,86,93,94,98,99,100,102" machi="19" ten="25,3200,0" yaku="22,2,8,1" doraHai="17" who="0" fromWho="2" sc="372,42,206,0,335,-32,77,0" owari="414,51.0,206,-19.0,303,10.0,77,-42.0" /></mjloggm>