<mjloggm ver="2.3"><GO type="225"/><UN n0="%E6%9C%AC%E7%89%A9%E5%A5%B3%E5%AD%90%E9%AB%98%E7%94%9F" n1="%E3%81%8F%E3%81%BF%E3%81%A3%E3%81%8D%E3%83%BC" n2="%EF%BC%88%E2%89%A7%E2%96%BD%E2%89%A6%EF%BC%89" n3="%E3%82%8F%E3%81%A3%E3%81%A1%E3%83%BC%E2%99%AA" dan="16,16,16,16" rate="2088,2093,2038,2131" sx="F,F,M,M"/><TAIKYOKU oya="0"/><INIT seed="0,0,0,0,5,81" ten="250,250,250,250" oya="0" hai0="2,127,92,23,51,19,123,114,131,16,52,45,8" hai1="34,75,67,66,25,65,95,18,115,112,55,60,22" hai2="28,6,98,120,71,49,30,68,116,125,133,72,70" hai3="59,31,111,89,96,7,12,132,102,77,82,74,11"/><T15/><D123/><U76/><E34/><V62/><F72/><W108/><G132/><T94/><D114/><U32/><E32/><V105/><F120/><W101/><G31/><T110/><D131/><U9/><E9/><V58/><F133/><W87/><G59/><T47/><D127/><U88/><E76/><V90/><F125/><W119/><G119/><T83/><D110/><N who="3" m="42025" /><G96/><T24/><D2/><U5/><E5/><V46/><F6/><W86/><G74/><T42/><D83/><AGARI ba="0,0" hai="7,11,12,77,82,83,86,87,89,101,102" m="42025" machi="83" ten="30,3900,0" yaku="14,1,52,2" doraHai="81" who="3" fromWho="0" sc="250,-39,250,0,250,0,250,39" /><INIT seed="1,0,0,0,0,22" ten="211,250,250,289" oya="1" hai0="120,127,51,18,117,33,74,4,95,122,63,111,82" hai1="71,46,94,53,29,66,65,10,62,3,85,86,30" hai2="84,56,135,131,43,83,104,32,133,64,123,81,50" hai3="54,9,70,115,23,67,61,100,55,31,92,101,96"/><U16/><E66/><V76/><F104/><W39/><G39/><T88/><D117/><U11/><E3/><V12/><F123/><N who="0" m="47146" /><D33/><U42/><E53/><V134/><F131/><W47/><G115/><T13/><D111/><U36/><E11/><V68/><F68/><W59/><G100/><T37/><D37/><U132/><E132/><V128/><F128/><W21/><G70/><T19/><D127/><U78/><E94/><V90/><F32/><W89/><G9/><N who="0" m="4263" /><D63/><U121/><E121/><V112/><F112/><W0/><G0/><T107/><D107/><U6/><E6/><V129/><F129/><W91/><G21/><T99/><D51/><U40/><E40/><V130/><F130/><W35/><G35/><T116/><D116/><U93/><E93/><V79/><F12/><W44/><G44/><T77/><AGARI ba="0,0" hai="18,19,74,77,82,88,95,99" m="4263,47146" machi="77" ten="30,2000,0" yaku="13,1,54,1" doraHai="22" who="0" fromWho="0" sc="211,20,250,-10,250,-5,289,-5" /><INIT seed="2,0,0,4,4,28" ten="231,240,245,284" oya="2" hai0="95,102,74,99,118,21,62,113,33,46,129,47,30" hai1="41,127,83,69,71,105,51,115,98,134,10,120,100" hai2="24,116,29,31,96,77,91,0,131,55,63,103,56" hai3="112,130,52,45,79,61,133,37,4,42,8,32,86"/><V80/><F0/><W85/><G130/><T38/><D113/><U48/><E115/><V128/><F116/><W75/><G112/><T97/><D74/><U135/><E127/><V36/><F36/><W117/><G117/><T20/><D118/><U16/><E83/><V67/><F91/><W14/><G133/><N who="1" m="50698" /><E120/><V122/><F122/><W59/><G32/><T50/><D129/><N who="2" m="49738" /><F55/><W124/><G124/><T1/><D1/><U110/><E110/><V11/><F11/><W121/><G121/><T9/><D9/><U108/><E108/><V84/><F24/><W90/><G90/><T109/><D38/><U3/><E3/><V12/><F12/><W125/><G125/><T111/><D109/><U35/><E35/><V54/><F67/><W73/><G79/><T81/><D81/><U25/><E41/><V57/><F57/><W94/><G94/><AGARI ba="0,0" hai="29,31,54,56,63,77,80,84,94,96,103" m="49738" machi="94" ten="30,1500,0" yaku="19,1" doraHai="28" who="2" fromWho="3" sc="231,0,240,0,245,15,284,-15" /><INIT seed="2,1,0,5,0,32" ten="231,240,260,269" oya="2" hai0="114,37,81,39,118,76,23,68,43,61,126,93,104" hai1="44,67,2,12,80,120,78,51,6,11,86,128,52" hai2="90,4,84,77,134,69,99,33,82,38,15,102,115" hai3="100,34,132,131,35,25,16,71,92,65,26,135,74"/><V79/><F69/><W56/><G71/><T125/><D114/><U123/><E128/><V107/><F38/><N who="0" m="14346" /><D43/><U75/><E67/><V40/><F40/><W117/><G74/><N who="0" m="43159" /><D93/><U5/><E5/><V62/><F33/><W119/><G131/><T72/><D23/><U24/><E24/><V122/><F62/><N who="3" m="38087" /><G26/><T31/><D31/><U101/><E101/><V116/><F102/><W8/><G92/><T91/><D91/><U83/><REACH who="1" step="1"/><E12/><REACH who="1" ten="231,230,260,269" step="2"/><V121/><F15/><N who="3" m="7271" /><G100/><T60/><D118/><U110/><E110/><V106/><F116/><W42/><G25/><T10/><D104/><U108/><E108/><V21/><F107/><W50/><G119/><T85/><D72/><U54/><E54/><V88/><F106/><W45/><G117/><T0/><D68/><U19/><E19/><V7/><F115/><W111/><G111/><T49/><D85/><U55/><E55/><V95/><F84/><W129/><G129/><T14/><D49/><U64/><E64/><V70/><F70/><W105/><G105/><T66/><D66/><U59/><E59/><V97/><F97/><W27/><G27/><T124/><D14/><U47/><E47/><V112/><F112/><W98/><G98/><T28/><D28/><U22/><E22/><V13/><F21/><W87/><G87/><T58/><D58/><U109/><E109/><V46/><F13/><W3/><G34/><T36/><D36/><U53/><E53/><V133/><F99/><W1/><G35/><T30/><D30/><U57/><E57/><V73/><F73/><W113/><G113/><T48/><D48/><RYUUKYOKU ba="1,1" sc="231,10,230,10,260,-30,269,10" hai0="0,10,60,61,124,125,126" hai1="2,6,11,44,51,52,75,78,80,83,86,120,123" hai3="1,3,42,45,50,132,135" /><INIT seed="3,2,1,0,4,128" ten="241,240,230,279" oya="3" hai0="104,118,4,83,108,86,105,97,90,116,85,127,9" hai1="16,27,23,103,79,42,54,122,38,32,28,63,0" hai2="94,11,106,126,61,67,48,62,107,72,80,2,82" hai3="114,95,109,102,43,53,29,76,65,78,71,35,124"/><W125/><G114/><T112/><D108/><U18/><E0/><V44/><F126/><N who="3" m="48747" /><G43/><T8/><D127/><U33/><E122/><V37/><F37/><W6/><G6/><T7/><D112/><U75/><E103/><V115/><F115/><W121/><G109/><T91/><D97/><U19/><E38/><V39/><F39/><W96/><G53/><T20/><D20/><U30/><E42/><N who="2" m="24599" /><F72/><W47/><G47/><T100/><D100/><U98/><E98/><V3/><F107/><W51/><G51/><T45/><D45/><U22/><E79/><V70/><F106/><W131/><G131/><T120/><D83/><N who="2" m="31786" /><F70/><W52/><G52/><T130/><D130/><U88/><E75/><V133/><F133/><W40/><G40/><T111/><D111/><U13/><E54/><V99/><F2/><W5/><G5/><T132/><D120/><U84/><E63/><N who="2" m="24075" /><F3/><W14/><G71/><T113/><D113/><U134/><E134/><AGARI ba="2,1" hai="4,7,8,9,85,86,90,91,104,105,116,118,132,134" machi="134" ten="25,6400,0" yaku="22,2,52,2" doraHai="128" who="0" fromWho="1" sc="241,80,240,-70,230,0,279,0" owari="321,42.0,170,-33.0,230,-17.0,279,8.0" /></mjloggm>