<mjloggm ver="2.3"><GO type="97"/><UN n0="%E7%97%B4%E5%A5%B3%E3%81%AE%E5%AE%85%E6%80%A5%E4%BE%BF" n1="%EF%BC%88%E2%89%A7%E2%96%BD%E2%89%A6%EF%BC%89" n2="%6E%61%74%73%75%6F" n3="%E9%BA%97%E3%81%97%E3%81%8D%E8%B1%86%E8%85%90%E3%81%AE%E6%8B%9B%E5%BE%85" dan="14,15,13,14" rate="1911,1972,1839,1903" sx="M,M,M,M"/><TAIKYOKU oya="0"/><INIT seed="0,0,0,4,2,99" ten="250,250,250,250" oya="0" hai0="3,100,101,84,108,22,49,116,24,132,135,111,85" hai1="96,94,69,82,92,7,55,39,32,6,14,25,72" hai2="118,131,107,113,19,134,15,122,60,64,78,52,17" hai3="104,34,128,37,27,28,102,35,40,48,13,74,4"/><T80/><D3/><U26/><E39/><V109/><F122/><W110/><G37/><T130/><D116/><U129/><E69/><V77/><F113/><W53/><G40/><T63/><D63/><U71/><E71/><V46/><F118/><W47/><G74/><T68/><D49/><U61/><E129/><V103/><F131/><W16/><G128/><T97/><D97/><U29/><E26/><V86/><F109/><N who="0" m="42058" /><D68/><U5/><E14/><V115/><F134/><N who="0" m="51242" /><D130/><U114/><E114/><V30/><F30/><W75/><G110/><T125/><D125/><U2/><E2/><V91/><F19/><W57/><G35/><T127/><D127/><U50/><E61/><V8/><F64/><W62/><G75/><T10/><D10/><U43/><E96/><V98/><F115/><W66/><G4/><T18/><D85/><U124/><E124/><V58/><REACH who="2" step="1"/><F46/><REACH who="2" ten="250,250,240,250" step="2"/><W45/><G104/><T23/><D23/><U42/><E32/><V41/><F41/><W81/><G47/><T87/><D87/><U20/><E43/><V9/><F9/><W73/><G73/><T83/><D83/><AGARI ba="0,1" hai="8,15,17,52,58,60,77,78,83,86,91,98,103,107" machi="83" ten="30,7700,0" yaku="1,1,7,1,52,1,54,1,53,0" doraHai="99" doraHaiUra="117" who="2" fromWho="0" sc="250,-77,250,0,240,87,250,0" /><INIT seed="1,0,0,2,4,76" ten="173,250,327,250" oya="1" hai0="13,38,68,30,90,45,36,52,59,10,121,67,89" hai1="107,83,23,56,112,116,43,2,58,88,109,102,49" hai2="0,57,115,104,128,126,72,12,108,94,53,17,55" hai3="118,120,35,7,63,26,33,60,135,40,8,66,41"/><U101/><E116/><V15/><F104/><W39/><G120/><T132/><D30/><U44/><E2/><V51/><F115/><W21/><G118/><T93/><D132/><U16/><E112/><V28/><F0/><W125/><G135/><T91/><D121/><U87/><E109/><V84/><F108/><W124/><G39/><T99/><D67/><U119/><E119/><V19/><F72/><W111/><G111/><T48/><D68/><U131/><E131/><V64/><F128/><W113/><G113/><T74/><D74/><U34/><E34/><V9/><F126/><N who="3" m="48747" /><G33/><T105/><D105/><U25/><E107/><V54/><F28/><N who="3" m="17487" /><G35/><T50/><D38/><U31/><E31/><V1/><F1/><N who="3" m="111" /><G63/><T69/><D69/><AGARI ba="0,0" hai="40,41,60,66,69" m="111,17487,48747" machi="69" ten="30,1000,0" yaku="18,1" doraHai="76" who="3" fromWho="0" sc="173,-10,250,0,327,0,250,10" /><INIT seed="2,0,0,3,5,29" ten="163,250,327,260" oya="2" hai0="21,61,133,27,107,30,64,8,90,47,114,43,89" hai1="84,15,130,32,37,108,20,69,125,4,88,41,33" hai2="3,57,92,23,99,45,113,16,82,66,53,75,111" hai3="97,9,51,124,121,105,6,31,93,36,46,85,109"/><V106/><F113/><W77/><G121/><T98/><D114/><U14/><E69/><V79/><F3/><W44/><G36/><T78/><D78/><U17/><E130/><V110/><F106/><W62/><G105/><T83/><D8/><U135/><E135/><V59/><F66/><W129/><G129/><T73/><D73/><U120/><E120/><V1/><F45/><W123/><G123/><T102/><D83/><U2/><E2/><V96/><F1/><W34/><G124/><T55/><D55/><U40/><E125/><V91/><F96/><W70/><G46/><T81/><D81/><U122/><E122/><V67/><F67/><W71/><G109/><N who="2" m="41481" /><F53/><W94/><G62/><T52/><D52/><U5/><E108/><V87/><F75/><W25/><G77/><T131/><D131/><U42/><E37/><V115/><F115/><W72/><G72/><T132/><D90/><U128/><E128/><V126/><F126/><W116/><G116/><T74/><D89/><U60/><E60/><V86/><F86/><W101/><G93/><T63/><D74/><U38/><E38/><V54/><F54/><W65/><G65/><T58/><D63/><U26/><E40/><V118/><F118/><W100/><G85/><T22/><D21/><U119/><E42/><V95/><F95/><W18/><G101/><T28/><D28/><U127/><E41/><V104/><F104/><W117/><G117/><T10/><D10/><N who="1" m="4431" /><E119/><V68/><F68/><N who="3" m="26155" /><G6/><T134/><REACH who="0" step="1"/><D134/><REACH who="0" ten="153,250,327,260" step="2"/><U13/><E127/><V11/><F11/><W103/><G9/><T19/><D19/><RYUUKYOKU ba="0,1" sc="153,15,250,-15,327,15,260,-15" hai0="22,27,30,43,47,58,61,64,98,102,107,132,133" hai2="16,23,57,59,79,82,87,91,92,99" /><INIT seed="2,1,1,0,1,97" ten="168,235,342,245" oya="2" hai0="6,41,1,42,113,17,51,9,125,119,65,117,88" hai1="68,45,83,76,64,118,93,18,24,4,77,94,69" hai2="102,3,19,11,73,81,107,43,29,37,92,112,123" hai3="103,114,91,60,32,8,27,0,31,40,10,25,30"/><V121/><F112/><W74/><G114/><T62/><D113/><U34/><E118/><N who="0" m="45065" /><D17/><U116/><E116/><V22/><F92/><N who="1" m="35433" /><E34/><V90/><F90/><W75/><G40/><T70/><D51/><U79/><E69/><V127/><F127/><W78/><G91/><T12/><D1/><U52/><E68/><V115/><F115/><W129/><G129/><T48/><D48/><N who="1" m="28687" /><E64/><V26/><F19/><W7/><G10/><T39/><D39/><U13/><E4/><N who="2" m="1439" /><F22/><W35/><G78/><T85/><D125/><U105/><E105/><V82/><F81/><AGARI ba="1,1" hai="6,9,12,41,42,62,65,70,81,85,88" m="45065" machi="81" ten="30,2000,0" yaku="12,1,54,1" doraHai="97" who="0" fromWho="2" sc="168,33,235,0,342,-23,245,0" /><INIT seed="3,0,0,2,5,108" ten="201,235,319,245" oya="3" hai0="44,83,67,60,10,27,129,50,101,40,66,26,62" hai1="86,126,117,47,113,119,15,128,131,114,74,124,49" hai2="102,125,82,13,122,92,104,29,116,133,4,89,69" hai3="70,35,39,8,23,135,80,54,127,32,43,78,76"/><W57/><G70/><T107/><D129/><N who="1" m="49739" /><E74/><V18/><F116/><N who="1" m="44617" /><E86/><V63/><F122/><W105/><G105/><T12/><D101/><U46/><E15/><V94/><F133/><W55/><G135/><T75/><D107/><U51/><E51/><V41/><F125/><N who="1" m="48233" /><E47/><V59/><F69/><W85/><G127/><T93/><D93/><U1/><E1/><V123/><F123/><W11/><G39/><T65/><D83/><U22/><E22/><V20/><F41/><AGARI ba="0,0" hai="41,46,49,113,114" m="48233,44617,49739" machi="41" ten="40,12000,2" yaku="19,1,12,1,18,1,34,2,52,2" doraHai="108" who="1" fromWho="2" sc="201,0,235,120,319,-120,245,0" owari="201,-20.0,355,45.0,199,-30.0,245,5.0" /></mjloggm>