<mjloggm ver="2.3"><GO type="41"/><UN n0="%E3%82%A6%E3%83%AB%E3%83%88%E3%83%A9%E7%AB%8B%E7%9B%B4" n1="%62%69%6C%76%61" n2="%73%68%69%73%73%6F%75" n3="%E3%81%9F%E3%82%AB%E3%83%BC%E3%83%B3" dan="15,14,14,13" rate="1944,2012,1888,1814" sx="M,M,M,M"/><TAIKYOKU oya="0"/><INIT seed="0,0,0,5,0,47" ten="250,250,250,250" oya="0" hai0="34,3,64,38,26,18,22,12,30,115,107,50,84" hai1="66,6,63,53,104,113,78,95,55,43,58,71,46" hai2="126,129,4,39,77,91,40,93,90,21,116,131,109" hai3="7,102,119,117,97,37,124,80,106,28,42,108,68"/><T98/><D38/><U2/><E104/><V125/><F109/><W121/><G7/><T24/><D115/><U51/><E113/><V128/><F4/><W17/><G108/><T23/><D64/><U52/><E78/><V36/><F116/><W122/><G17/><T20/><D107/><U69/><E95/><V89/><F77/><W111/><G28/><T0/><D98/><U15/><E2/><N who="0" m="553" /><D84/><U35/><E35/><V99/><F21/><N who="0" m="8298" /><D50/><N who="1" m="26975" /><E15/><AGARI ba="0,0" hai="12,15,18,23,24,26,30,34" m="8298,553" machi="15" ten="30,12000,1" yaku="35,5" doraHai="47" who="0" fromWho="1" sc="250,120,250,-120,250,0,250,0" /><INIT seed="0,1,0,5,3,65" ten="370,130,250,250" oya="0" hai0="12,75,49,121,115,37,83,132,85,111,135,93,32" hai1="86,110,73,24,100,133,69,36,40,76,21,67,39" hai2="92,91,72,6,61,126,90,101,113,60,71,42,34" hai3="45,9,80,35,130,0,123,117,68,11,58,50,103"/><T1/><D1/><U98/><E73/><V122/><F113/><W16/><G117/><T79/><D37/><U56/><E110/><V19/><F122/><W22/><G35/><T43/><D32/><U4/><E133/><N who="0" m="51273" /><D49/><U134/><E134/><V63/><F72/><W128/><G123/><T74/><D43/><U89/><E76/><V10/><F34/><W116/><G116/><T118/><D118/><U66/><E4/><V52/><F126/><W2/><G103/><T95/><D12/><U57/><E40/><V108/><F108/><W30/><G30/><T13/><D13/><U131/><E131/><N who="3" m="50218" /><G80/><N who="0" m="47263" /><D121/><U5/><E39/><V88/><F42/><N who="3" m="24887" /><G68/><T18/><D18/><N who="1" m="12343" /><E69/><V105/><F105/><W94/><G58/><T82/><D115/><U38/><E5/><V33/><F33/><W53/><G94/><N who="0" m="35851" /><D111/><U46/><E38/><V27/><F27/><N who="3" m="14791" /><G53/><T106/><D106/><N who="1" m="63767" /><E57/><V51/><F19/><W114/><G114/><T124/><D124/><U107/><E107/><V125/><F125/><W104/><G104/><T25/><D25/><U102/><E56/><V7/><F61/><W81/><G81/><AGARI ba="1,0" hai="74,75,81,82,83" m="35851,47263,51273" machi="81" ten="30,5800,0" yaku="20,1,34,2" doraHai="65" who="0" fromWho="3" sc="370,61,130,0,250,0,250,-61" /><INIT seed="0,2,0,0,1,77" ten="431,130,250,189" oya="0" hai0="110,51,125,108,23,63,111,6,123,7,134,26,132" hai1="42,85,101,0,19,16,75,34,135,74,109,72,18" hai2="88,41,91,37,11,107,98,103,80,69,32,48,65" hai3="93,59,130,78,119,8,97,89,104,28,94,17,27"/><T47/><D63/><U128/><E109/><V43/><F32/><W57/><G119/><T120/><D51/><U12/><E34/><V54/><F37/><W83/><G104/><T35/><D47/><U62/><E0/><V95/><F69/><W106/><G106/><T29/><D35/><U122/><E122/><N who="0" m="46633" /><D125/><U73/><E135/><AGARI ba="2,0" hai="6,7,23,26,29,108,110,111,132,134,135" m="46633" machi="135" ten="40,12000,1" yaku="14,1,10,1,20,1,34,2" doraHai="77" who="0" fromWho="1" sc="431,126,130,-126,250,0,189,0" /><INIT seed="0,3,0,4,5,97" ten="557,4,250,189" oya="0" hai0="57,15,61,93,44,88,91,67,45,48,66,70,99" hai1="124,79,26,55,101,19,89,64,16,49,104,110,3" hai2="128,111,100,69,71,47,9,29,118,43,4,37,7" hai3="130,46,85,105,68,32,51,53,50,38,20,25,87"/><T34/><D34/><U121/><E121/><V106/><F118/><W14/><G105/><T115/><D115/><U6/><E110/><V83/><F111/><W120/><G120/><T54/><D70/><U117/><E117/><V18/><F29/><W28/><G68/><T56/><D67/><U35/><E79/><V119/><F119/><W132/><G130/><T11/><REACH who="0" step="1"/><D91/><REACH who="0" ten="547,4,250,189" step="2"/><U24/><E124/><V1/><F69/><W96/><G132/><T2/><D2/><U72/><E72/><V103/><F1/><W27/><G32/><T129/><D129/><U107/><E101/><V75/><F71/><W76/><G76/><T23/><D23/><U21/><E64/><V82/><F103/><W36/><G20/><T41/><D41/><U40/><E40/><V77/><F100/><W30/><G53/><T0/><D0/><U78/><E78/><V74/><F77/><W122/><G122/><T13/><D13/><U63/><E89/><V73/><F43/><W94/><G14/><T60/><D60/><U52/><E63/><V109/><F128/><W58/><G38/><T131/><D131/><U84/><E49/><V22/><F37/><W102/><G36/><T114/><D114/><U126/><E126/><V125/><F22/><W90/><G51/><T62/><D62/><U33/><E21/><V65/><F125/><W98/><G50/><T59/><D59/><U113/><E113/><V17/><F65/><W10/><G58/><T12/><D12/><U8/><E3/><V134/><F109/><W123/><G123/><T92/><D92/><U86/><E8/><RYUUKYOKU ba="3,1" sc="547,15,4,15,250,-15,189,-15" hai0="11,15,44,45,48,54,56,57,61,66,88,93,99" hai1="6,16,19,24,26,33,35,52,55,84,86,104,107" /><INIT seed="0,4,1,4,3,108" ten="562,19,235,174" oya="0" hai0="84,63,8,112,12,49,1,65,18,121,48,79,104" hai1="91,30,76,75,17,103,105,102,45,117,20,101,83" hai2="88,32,15,126,24,14,57,16,50,9,86,44,13" hai3="99,128,74,62,134,47,129,55,38,113,93,53,114"/><T61/><D104/><U97/><E117/><V52/><F126/><W115/><G74/><T80/><D1/><U26/><E91/><V100/><F100/><N who="3" m="60527" /><G134/><T6/><D121/><U122/><E122/><V64/><F32/><W98/><G98/><T28/><D112/><U3/><E3/><V2/><F2/><W68/><G68/><T37/><D37/><U71/><E71/><V131/><F131/><N who="3" m="50251" /><G62/><T119/><D119/><U33/><REACH who="1" step="1"/><E45/><REACH who="1" ten="562,9,235,174" step="2"/><V111/><F111/><W5/><G5/><T106/><D6/><U118/><E118/><V110/><F110/><W127/><G127/><T89/><D89/><U70/><E70/><V29/><F9/><W4/><G4/><T77/><D77/><U51/><E51/><V59/><F50/><W130/><G130/><T85/><D49/><U36/><E36/><V58/><F44/><W107/><G107/><T123/><D106/><U69/><E69/><V132/><F132/><W120/><G120/><T11/><D123/><U72/><E72/><V82/><F64/><W22/><G22/><T67/><D48/><U35/><E35/><V46/><F46/><W43/><AGARI ba="4,2" hai="38,43,47,53,55,113,114,115" m="50251,60527" machi="43" ten="40,8000,1" yaku="19,1,52,3" doraHai="108" who="3" fromWho="3" sc="562,-44,9,-24,235,-24,174,112" owari="518,62.0,-15,-52.0,211,-19.0,286,9.0" /></mjloggm>