<mjloggm ver="2.3"><GO type="41"/><UN n0="%E3%82%A6%E3%83%AB%E3%83%88%E3%83%A9%E7%AB%8B%E7%9B%B4" n1="%79%75%6B%69%63%68%61" n2="%E4%BC%BC%E9%9D%9E%E9%81%93%E5%8C%96" n3="%6D%72%2E%61%64%75%6C%74" dan="15,14,16,13" rate="1998,1864,2010,1883" sx="M,F,M,M"/><TAIKYOKU oya="0"/><INIT seed="0,0,0,2,2,111" ten="250,250,250,250" oya="0" hai0="117,123,66,64,13,29,94,43,133,128,101,89,9" hai1="107,26,114,116,63,79,130,62,23,72,33,8,99" hai2="45,100,104,103,126,2,84,110,75,102,122,85,127" hai3="118,55,0,19,74,44,131,52,71,67,70,32,129"/><T83/><D123/><U109/><E116/><V12/><F2/><W119/><G0/><T6/><D117/><N who="3" m="44553" /><G74/><T41/><D29/><U20/><E109/><V28/><F12/><W30/><G32/><T25/><D25/><U59/><E130/><N who="3" m="49674" /><G19/><T98/><D133/><U124/><E124/><N who="2" m="47659" /><F28/><W77/><G30/><T40/><D128/><U21/><E8/><V37/><F45/><W97/><G97/><T11/><D11/><U81/><E26/><V24/><F37/><W42/><G77/><T35/><D35/><U113/><E33/><V86/><F24/><W1/><G1/><T27/><D27/><U92/><E107/><V112/><F110/><W4/><G4/><T68/><D68/><N who="3" m="26153" /><G67/><T132/><D132/><U5/><E5/><V76/><F122/><W78/><G78/><T57/><D66/><U3/><E3/><V108/><F108/><W51/><AGARI ba="0,0" hai="42,44,51,52,55" m="26153,49674,44553" machi="51" ten="40,8000,1" yaku="19,1,34,2,54,1" doraHai="111" who="3" fromWho="3" sc="250,-40,250,-20,250,-20,250,80" /><INIT seed="1,0,0,5,3,33" ten="210,230,230,330" oya="1" hai0="89,112,98,19,46,49,102,103,83,29,94,23,78" hai1="60,111,109,37,69,96,101,59,116,85,92,128,115" hai2="132,5,40,0,99,125,55,10,104,41,105,27,122" hai3="70,88,16,120,21,18,84,63,4,72,64,119,3"/><U50/><E115/><V61/><F122/><W108/><G108/><N who="1" m="41546" /><E116/><V53/><F132/><W22/><G72/><T134/><D29/><U91/><E128/><V9/><F125/><W130/><G130/><T31/><D31/><U113/><E113/><V8/><F8/><W67/><G67/><T2/><D2/><U45/><E37/><V106/><F99/><W25/><G120/><T73/><D134/><U12/><E12/><V87/><F27/><W65/><G64/><T95/><D95/><N who="1" m="54767" /><E69/><V57/><F55/><W86/><G119/><T26/><REACH who="0" step="1"/><D112/><REACH who="0" step="2"/><U35/><E35/><V6/><F87/><W90/><G3/><AGARI ba="0,1" hai="0,3,5,6,9,10,40,41,53,57,61,104,105,106" machi="3" ten="40,5200,0" yaku="9,1,52,2" doraHai="33" who="2" fromWho="3" sc="200,0,230,0,230,62,330,-52" /><INIT seed="2,0,0,2,3,0" ten="200,230,292,278" oya="2" hai0="50,12,41,85,81,88,97,35,89,124,20,127,133" hai1="44,36,51,128,6,32,104,64,131,52,103,30,19" hai2="94,73,31,78,67,82,105,22,98,57,115,16,43" hai3="9,113,14,61,40,123,46,39,125,130,47,66,3"/><V26/><F43/><W84/><G3/><T72/><D35/><U24/><E64/><V93/><F115/><W111/><G123/><T13/><D133/><U29/><E19/><V5/><F105/><W48/><G111/><T91/><D72/><U116/><E116/><V132/><F132/><W99/><G125/><T69/><D69/><U106/><E36/><V109/><F109/><W11/><G130/><N who="1" m="49706" /><E30/><V68/><F68/><W119/><G119/><T135/><D135/><U122/><E122/><V63/><F5/><W90/><G99/><T49/><D124/><U15/><E103/><V54/><F98/><W129/><G14/><T53/><D127/><U59/><E44/><V114/><F114/><W74/><G74/><T117/><D117/><U60/><E60/><V7/><F7/><W37/><G37/><T25/><D41/><U76/><E76/><V21/><REACH who="2" step="1"/><F67/><REACH who="2" step="2"/><W87/><G113/><T108/><D108/><U126/><E126/><V79/><F79/><W1/><G129/><T42/><D42/><U38/><E38/><V71/><F71/><W83/><G1/><T96/><D96/><U55/><E55/><V134/><F134/><W110/><G110/><T77/><D97/><U2/><E2/><V17/><F17/><W56/><G87/><T92/><D53/><AGARI ba="0,1" hai="9,11,39,40,46,47,48,53,56,61,66,83,84,90" machi="53" ten="30,1000,0" yaku="7,1" doraHai="0" who="3" fromWho="0" sc="200,-10,230,0,282,0,278,20" /><INIT seed="3,0,0,3,4,80" ten="190,230,282,298" oya="3" hai0="18,89,29,71,56,75,130,11,50,28,94,60,40" hai1="125,126,77,63,7,67,59,90,33,64,73,122,107" hai2="112,23,98,42,99,120,108,96,132,109,92,106,128" hai3="129,85,21,110,123,131,1,70,36,37,34,121,32"/><W68/><G21/><T93/><D75/><U6/><E122/><N who="3" m="46602" /><G85/><T16/><D71/><N who="3" m="27177" /><G1/><T117/><D130/><N who="3" m="49673" /><G110/><T5/><D117/><U95/><E107/><V20/><F106/><W51/><G51/><T4/><D28/><U113/><E33/><AGARI ba="0,0" hai="32,33,34,36,37" m="49673,27177,46602" machi="33" ten="40,12000,1" yaku="28,2,19,1,31,2" doraHai="80" who="3" fromWho="1" sc="190,0,230,-120,282,0,298,120" /><INIT seed="3,1,0,4,3,19" ten="190,110,282,418" oya="3" hai0="13,18,132,36,1,117,27,112,59,72,57,113,121" hai1="8,116,75,103,133,52,12,123,110,100,88,99,128" hai2="134,106,80,78,47,14,62,108,15,56,66,63,87" hai3="71,83,33,4,91,25,107,50,49,77,74,11,55"/><W53/><G71/><T84/><D72/><U125/><E75/><V89/><F106/><W44/><G107/><T34/><D36/><U124/><E123/><V73/><F134/><W28/><G91/><T135/><D59/><U29/><E110/><V101/><F101/><W32/><G50/><T119/><D57/><U69/><E133/><N who="0" m="51273" /><D84/><U6/><E69/><V95/><F108/><W79/><G77/><T0/><D121/><U10/><E128/><V94/><F94/><W9/><G9/><T98/><D98/><U48/><E116/><N who="0" m="44617" /><D27/><U61/><E61/><V54/><F47/><W86/><G74/><T81/><D81/><U114/><E114/><N who="0" m="44137" /><D34/><U105/><E103/><V40/><F40/><W120/><G120/><T24/><D24/><U131/><E29/><V127/><F127/><N who="1" m="48713" /><E10/><AGARI ba="1,0" hai="0,1,10,13,18" m="44137,44617,51273" machi="10" ten="40,8000,1" yaku="20,1,11,1,34,2" doraHai="19" who="0" fromWho="1" sc="190,83,110,-83,282,0,418,0" /><INIT seed="4,0,0,3,5,32" ten="273,27,282,418" oya="0" hai0="93,49,20,56,135,1,99,27,14,122,19,23,101" hai1="54,16,2,39,48,115,134,22,9,109,34,86,128" hai2="127,70,58,60,77,74,51,6,33,35,5,13,11" hai3="82,119,17,40,91,98,50,66,79,44,104,63,41"/><T114/><D122/><U64/><E109/><V24/><F70/><W25/><G119/><T28/><D135/><U26/><E134/><V15/><F74/><W90/><G41/><T36/><D36/><U105/><E105/><V88/><F77/><W124/><G124/><T113/><D114/><U126/><E39/><V111/><F51/><W125/><G125/><T46/><D113/><U80/><E126/><V129/><F127/><W38/><G38/><T71/><D71/><U55/><E115/><V75/><F75/><W118/><G118/><T103/><D56/><U81/><E128/><V4/><F129/><W116/><G116/><T110/><D110/><U43/><E64/><V53/><F111/><W92/><G17/><T7/><D7/><U29/><E43/><V62/><F62/><W45/><G25/><T108/><D108/><U121/><E121/><V132/><F132/><W117/><G104/><T97/><D1/><U42/><E42/><V120/><F120/><W37/><G92/><T76/><D76/><U3/><E9/><V59/><F59/><W96/><G117/><T52/><D99/><N who="3" m="37929" /><G44/><T65/><D65/><U47/><E54/><V21/><F33/><W83/><G37/><T30/><D30/><U100/><E100/><AGARI ba="0,0" hai="14,19,20,23,27,28,46,49,52,93,97,100,101,103" machi="100" ten="30,5800,0" yaku="7,1,8,1,54,1" doraHai="32" who="0" fromWho="1" sc="273,58,27,-58,282,0,418,0" owari="331,13,-31,-53,282,-12,418,52" /></mjloggm>