<mjloggm ver="2.3"><GO type="41"/><UN n0="%47%77%69%6E%6F%4D%69%69" n1="%73%61%73%75%6B%65%33%33" n2="%E7%B5%90%E5%9F%8E%E5%B0%8F%E5%B1%B1" n3="%EF%BC%88%E2%89%A7%E2%96%BD%E2%89%A6%EF%BC%89" dan="14,13,15,15" rate="1994,1834,1941,1994" sx="F,M,M,F"/><TAIKYOKU oya="0"/><INIT seed="0,0,0,2,2,94" ten="250,250,250,250" oya="0" hai0="85,6,51,16,29,54,22,46,17,8,128,4,15" hai1="20,112,119,62,19,49,116,105,23,9,50,90,67" hai2="129,70,47,10,24,45,57,3,88,107,91,30,27" hai3="65,108,43,97,2,38,60,52,89,21,123,34,124"/><T32/><D128/><U117/><E105/><V71/><F129/><W26/><G123/><T110/><D110/><U93/><E112/><V77/><F107/><W42/><G34/><T79/><D32/><U48/><E9/><V73/><F77/><W28/><G124/><T33/><D33/><U115/><E115/><V81/><F57/><N who="3" m="37007" /><G2/><T78/><D29/><U84/><REACH who="1" step="1"/><E19/><REACH who="1" ten="250,240,250,250" step="2"/><V66/><F10/><W25/><G108/><T126/><D126/><U99/><E99/><V61/><F3/><W75/><G75/><T74/><D74/><U0/><E0/><V86/><F73/><W120/><G120/><T80/><REACH who="0" step="1"/><D79/><REACH who="0" ten="240,240,250,250" step="2"/><U1/><E1/><V59/><F30/><W96/><G28/><T72/><D72/><U39/><E39/><V41/><F27/><AGARI ba="0,2" hai="4,6,8,15,16,17,22,27,46,51,54,78,80,85" machi="27" ten="30,11600,0" yaku="1,1,7,1,8,1,54,1,53,0" doraHai="94" doraHaiUra="135" who="0" fromWho="2" sc="240,136,240,0,250,-116,250,0" /><INIT seed="0,1,0,0,0,107" ten="376,240,134,250" oya="0" hai0="28,26,125,89,43,53,20,65,118,134,133,21,98" hai1="27,77,71,34,23,63,66,101,7,31,33,91,74" hai2="30,62,80,79,92,38,35,32,67,88,112,99,113" hai3="122,120,116,114,41,60,82,4,76,42,102,135,25"/><T131/><D118/><U6/><E91/><V78/><F38/><W2/><G116/><T85/><D65/><U68/><E68/><V19/><F35/><W14/><G114/><T87/><D131/><U86/><E86/><V84/><F19/><W83/><G135/><N who="0" m="51723" /><D125/><U18/><E33/><V3/><F3/><W95/><G2/><T5/><D5/><U109/><E109/><V49/><F49/><W108/><G108/><T115/><D43/><U81/><REACH who="1" step="1"/><E101/><REACH who="1" ten="376,230,134,250" step="2"/><V130/><F130/><W47/><G102/><T1/><D87/><U75/><E75/><V40/><F78/><W51/><G76/><T64/><D85/><U121/><E121/><V93/><F113/><W54/><G122/><T50/><D89/><U104/><E104/><V70/><F112/><W24/><G120/><T126/><D115/><U12/><AGARI ba="1,1" hai="6,7,12,18,23,27,31,34,63,66,71,74,77,81" machi="12" ten="20,5200,0" yaku="1,1,0,1,7,1,52,1,53,0" doraHai="107" doraHaiUra="46" who="1" fromWho="1" sc="376,-27,230,65,134,-14,250,-14" /><INIT seed="1,0,0,0,0,29" ten="349,295,120,236" oya="1" hai0="114,72,37,120,115,75,70,121,97,11,134,101,111" hai1="33,36,24,21,18,31,48,12,127,78,63,88,6" hai2="1,112,76,43,65,116,118,15,68,9,2,130,32" hai3="122,129,87,5,71,44,85,10,56,108,95,39,83"/><U30/><E36/><V66/><F76/><W90/><G71/><T4/><D134/><U47/><E78/><V19/><F43/><W93/><G122/><N who="0" m="47211" /><D111/><U81/><E127/><V99/><F99/><W8/><G108/><T77/><D70/><U26/><E63/><V40/><F40/><W28/><G129/><T98/><D97/><U74/><E74/><N who="0" m="28201" /><D77/><U51/><E47/><V17/><F68/><W42/><G28/><T131/><D37/><U25/><E25/><V7/><F130/><W96/><G56/><T126/><D126/><U3/><E3/><V41/><F41/><W103/><REACH who="3" step="1"/><G5/><REACH who="3" ten="349,295,120,226" step="2"/><T38/><D131/><U59/><E6/><V60/><F7/><W117/><G117/><T123/><D123/><U106/><E59/><V79/><F118/><W35/><G35/><T16/><D115/><U135/><E135/><V104/><F32/><W110/><G110/><T84/><D114/><U53/><E33/><V0/><F112/><W119/><G119/><T133/><D4/><U100/><E30/><V124/><F116/><W52/><G52/><T14/><D133/><U82/><E31/><V34/><F124/><W67/><G67/><T102/><D38/><U62/><E53/><V61/><F34/><W89/><AGARI ba="0,1" hai="8,10,39,42,44,83,85,87,89,90,93,95,96,103" machi="89" ten="20,2700,0" yaku="1,1,0,1,7,1,53,0" doraHai="29" doraHaiUra="27" who="3" fromWho="3" sc="349,-7,295,-13,120,-7,226,37" /><INIT seed="2,0,0,1,5,22" ten="342,282,113,263" oya="2" hai0="24,14,73,130,16,108,125,67,34,53,100,5,107" hai1="2,21,79,51,85,93,6,10,115,42,48,31,29" hai2="135,92,113,28,7,122,94,8,110,84,35,59,131" hai3="45,96,39,119,86,89,58,3,47,78,106,105,99"/><V37/><F122/><W26/><G3/><T132/><D125/><U128/><E115/><V13/><F113/><W62/><G119/><T133/><D130/><U121/><E128/><V101/><F131/><W68/><G68/><T19/><D108/><U41/><E121/><V123/><F37/><W109/><G109/><T50/><D73/><U64/><E31/><V127/><F123/><W36/><G78/><T70/><D5/><U4/><E64/><V77/><F110/><W56/><G62/><N who="0" m="40311" /><D14/><U95/><E10/><V80/><F127/><W74/><G89/><T134/><D53/><U61/><E29/><V75/><F135/><W69/><G69/><T117/><D50/><U81/><E21/><V43/><F43/><N who="1" m="16393" /><E2/><V91/><F59/><W116/><G74/><T97/><D117/><U103/><E61/><V112/><F112/><W66/><G116/><T72/><D72/><U40/><N who="1" m="16401" /><U27/><DORA hai="11" /><E27/><V46/><F46/><W49/><G66/><T118/><D118/><U15/><E15/><V102/><REACH who="2" step="1"/><F94/><REACH who="2" ten="342,282,103,263" step="2"/><N who="1" m="35849" /><E103/><V33/><F33/><W38/><G38/><T126/><D126/><U90/><E79/><V114/><F114/><W63/><G36/><T124/><D124/><U87/><E87/><V104/><F104/><W52/><G39/><T57/><D57/><U129/><E129/><V65/><F65/><N who="3" m="39143" /><G106/><T17/><D34/><U32/><E32/><V1/><F1/><W25/><G86/><T98/><D98/><N who="3" m="37417" /><G105/><T76/><D76/><U0/><E0/><V60/><F60/><N who="3" m="35911" /><G47/><T30/><D134/><U12/><E85/><V9/><F9/><RYUUKYOKU ba="0,1" sc="342,10,282,-30,103,10,263,10" hai0="16,17,19,24,30,97,100,107,132,133" hai2="7,8,13,28,35,75,77,80,84,91,92,101,102" hai3="25,26,45,49" /><INIT seed="2,1,1,1,0,17" ten="352,252,113,273" oya="2" hai0="1,62,48,42,33,10,77,98,131,97,26,125,88" hai1="133,65,41,46,34,7,113,57,102,24,8,110,30" hai2="94,23,52,18,107,124,59,78,9,93,127,12,112" hai3="43,72,6,121,37,5,20,81,128,134,85,69,44"/><V54/><F107/><W40/><G121/><T36/><D36/><U32/><E113/><V130/><F112/><W3/><G128/><T87/><D131/><U119/><E110/><V104/><F104/><W0/><G134/><T21/><D125/><N who="2" m="48202" /><F130/><W92/><G69/><T16/><D33/><U106/><E133/><V101/><F78/><W4/><G40/><T91/><D62/><U80/><E119/><V68/><F68/><W27/><G92/><N who="2" m="35433" /><F101/><W120/><G120/><T89/><D1/><U39/><E34/><V73/><F73/><W111/><G111/><T28/><D28/><U29/><E29/><V15/><F59/><W84/><G72/><T25/><D25/><U50/><E80/><V99/><F99/><W49/><G37/><T90/><D10/><U114/><E114/><V66/><F66/><W13/><G85/><T11/><D11/><U61/><E102/><V103/><F103/><W22/><G84/><T75/><D75/><U108/><E106/><V135/><F135/><W109/><G81/><N who="0" m="47535" /><D91/><U19/><E108/><V31/><F31/><N who="3" m="17895" /><G109/><T71/><D71/><U56/><E39/><V2/><F2/><W79/><G79/><T95/><D95/><U129/><E129/><V117/><F117/><W47/><G0/><T45/><AGARI ba="1,1" hai="16,21,26,42,45,48,88,89,90,97,98" m="47535" machi="45" ten="30,7900,0" yaku="8,1,52,1,54,2" doraHai="17" who="0" fromWho="0" sc="352,92,252,-21,113,-40,273,-21" /><INIT seed="3,0,0,0,1,117" ten="444,231,73,252" oya="3" hai0="70,0,24,22,95,54,51,25,47,8,91,37,134" hai1="129,111,50,52,82,122,10,105,30,27,106,31,61" hai2="118,1,92,101,88,26,39,130,100,104,97,121,86" hai3="57,71,85,16,116,60,9,18,59,46,76,81,34"/><W64/><G116/><T80/><D70/><U127/><E111/><V74/><F1/><W48/><G34/><T78/><D37/><U65/><E129/><V83/><F39/><W73/><G73/><T124/><D134/><U41/><E41/><V56/><F118/><W72/><G72/><T14/><D124/><U126/><E82/><V66/><F26/><W2/><G2/><T75/><D0/><U69/><E10/><V28/><F28/><W43/><REACH who="3" step="1"/><G9/><REACH who="3" ten="444,231,73,242" step="2"/><T102/><D8/><U123/><E106/><V62/><F130/><W38/><G38/><T19/><D102/><U132/><E105/><V67/><F101/><W131/><G131/><T94/><D75/><U79/><E132/><V63/><F74/><W108/><G108/><T90/><D78/><U44/><E31/><V98/><F104/><W119/><G119/><T29/><D22/><U96/><E79/><V4/><F4/><W55/><G55/><T21/><D54/><U6/><E6/><V32/><F32/><W107/><G107/><T42/><D29/><U109/><E109/><V35/><F35/><W87/><G87/><N who="0" m="52575" /><D80/><U3/><E3/><V84/><F98/><AGARI ba="0,1" hai="14,19,21,24,25,42,47,51,91,95,98" m="52575" machi="98" ten="30,1000,0" yaku="8,1" doraHai="117" who="0" fromWho="2" sc="444,20,231,0,73,-10,242,0" /><INIT seed="4,0,0,5,3,83" ten="464,231,63,242" oya="0" hai0="59,42,76,98,52,79,123,68,69,27,48,81,121" hai1="116,4,126,21,85,46,86,60,103,31,113,53,35" hai2="77,28,127,135,25,102,54,15,73,101,19,111,57" hai3="1,95,133,33,67,34,119,70,38,5,55,2,41"/><T128/><D128/><U0/><E116/><V117/><F111/><W47/><G95/><T125/><D125/><U134/><E35/><N who="3" m="13322" /><G55/><T90/><D42/><U9/><E126/><V112/><F117/><W23/><G23/><T129/><D129/><U62/><E103/><V110/><F110/><W105/><G119/><T80/><D68/><U18/><E31/><V44/><F112/><W3/><G133/><T61/><D69/><U92/><E134/><V65/><F135/><W36/><G105/><T84/><D61/><U20/><E113/><V118/><F118/><W32/><G32/><T10/><D10/><U50/><E21/><V58/><F127/><W64/><G64/><T109/><D109/><U12/><REACH who="1" step="1"/><E92/><REACH who="1" ten="464,221,63,242" step="2"/><V56/><F28/><W82/><G82/><T6/><D123/><U11/><E11/><V132/><F132/><W120/><G120/><T104/><D121/><U108/><E108/><V26/><F102/><W107/><G107/><T124/><D124/><U13/><E13/><V94/><F101/><W16/><G2/><T40/><D104/><U66/><E66/><V87/><F94/><W97/><G1/><T72/><D80/><U106/><E106/><V71/><F15/><W8/><G3/><T100/><D81/><U114/><E114/><V75/><F65/><W96/><G67/><T51/><D100/><U39/><E39/><V45/><F71/><W14/><G70/><T131/><D131/><U17/><E17/><V130/><F19/><W37/><G16/><T63/><D6/><U30/><E30/><V91/><F130/><W29/><G29/><RYUUKYOKU ba="0,1" sc="464,-15,221,15,63,-15,242,15" hai1="0,4,9,12,18,20,46,50,53,60,62,85,86" hai3="5,8,14,36,37,38,41,47,96,97" /><INIT seed="5,1,1,2,4,55" ten="449,236,48,257" oya="1" hai0="43,10,41,52,92,34,42,7,81,90,104,130,38" hai1="118,68,28,113,80,54,110,114,84,61,111,15,26" hai2="129,63,37,125,40,58,6,126,134,135,108,62,101" hai3="39,119,30,17,29,123,93,44,103,73,21,1,76"/><U74/><E74/><V25/><F6/><W106/><G123/><T88/><D34/><U95/><E95/><V112/><F101/><W67/><G119/><T83/><D104/><U96/><E118/><V27/><F108/><N who="1" m="41513" /><E96/><V64/><F27/><W94/><G106/><T19/><D130/><U22/><E15/><V78/><F78/><W60/><G1/><T2/><D38/><U23/><E23/><V120/><F25/><W72/><G72/><T32/><D19/><U132/><E132/><N who="2" m="50731" /><F120/><W85/><G73/><T8/><D32/><U102/><E102/><V9/><F9/><W65/><G39/><T11/><D90/><U99/><E99/><V12/><F12/><N who="3" m="9383" /><G103/><T14/><D2/><U115/><E80/><V24/><F24/><W128/><G128/><T127/><D81/><U70/><E84/><V79/><F79/><W121/><G121/><T18/><D83/><U51/><E61/><N who="2" m="37943" /><F129/><W33/><G33/><T36/><D36/><U86/><E86/><V49/><F37/><W124/><G85/><N who="0" m="52239" /><D7/><U82/><E82/><V53/><F40/><W77/><G76/><T133/><D43/><U50/><E50/><V56/><F112/><N who="1" m="28673" /><U116/><DORA hai="48" /><E116/><V66/><F63/><W57/><G77/><T5/><D133/><U107/><E107/><V109/><F109/><W59/><G60/><T131/><D131/><U69/><E69/><AGARI ba="1,1" hai="49,53,56,62,66,69,125,126" m="37943,50731" machi="69" ten="30,12000,2" yaku="20,1,34,2,52,3" doraHai="55,48" who="2" fromWho="1" sc="449,0,236,-123,48,133,257,0" /><INIT seed="6,0,0,3,5,47" ten="449,113,181,257" oya="2" hai0="77,62,68,106,54,2,4,73,50,115,22,31,69" hai1="93,13,3,40,28,56,78,52,29,15,37,72,6" hai2="26,102,90,95,103,0,18,126,82,36,109,38,123" hai3="67,100,113,48,88,101,83,39,32,46,24,63,8"/><V118/><F123/><W10/><G39/><T42/><D115/><U99/><E37/><V61/><F0/><W134/><G113/><T107/><D77/><U43/><E3/><V66/><F118/><W132/><G32/><T135/><D73/><U122/><E72/><V45/><F109/><W41/><G24/><T79/><D79/><U80/><E78/><V108/><F82/><W105/><G105/><T59/><D135/><N who="3" m="51753" /><G83/><T20/><D69/><U53/><E80/><V117/><F117/><W64/><G64/><N who="0" m="40983" /><D31/><U89/><E122/><V96/><F108/><W9/><G88/><T5/><D2/><U12/><E6/><N who="0" m="2665" /><D107/><U23/><E23/><V129/><F38/><W17/><G17/><T119/><D106/><U110/><E110/><V58/><F126/><W111/><G111/><T76/><D76/><U121/><E121/><V91/><F91/><W49/><G49/><T51/><D51/><U7/><E7/><V114/><F114/><W85/><G85/><T25/><D25/><U98/><E98/><V27/><F129/><W112/><G112/><T97/><D97/><U87/><E99/><V33/><F33/><W81/><G81/><T116/><D116/><U131/><E131/><V104/><F104/><W70/><AGARI ba="0,0" hai="8,9,10,41,46,48,63,67,70,100,101" m="51753" machi="70" ten="30,2000,0" yaku="20,1,52,1" doraHai="47" who="3" fromWho="3" sc="449,-5,113,-5,181,-10,257,20" /><INIT seed="7,0,0,0,0,53" ten="444,108,171,277" oya="3" hai0="54,108,70,76,128,114,26,116,78,31,3,115,113" hai1="107,83,71,112,58,123,11,65,36,127,93,49,51" hai2="28,8,20,41,122,97,2,60,27,16,12,75,24" hai3="89,124,9,133,121,87,73,13,134,120,23,32,18"/><W111/><G73/><T17/><D116/><U82/><E107/><V47/><F75/><W135/><G111/><T94/><D128/><U0/><E0/><V86/><F122/><N who="3" m="47211" /><G89/><T118/><D108/><U110/><E123/><V100/><F86/><W22/><G87/><T64/><D118/><U62/><E11/><V50/><F2/><W55/><G55/><T131/><D3/><U90/><E110/><V125/><F125/><W10/><G124/><T45/><D131/><U63/><E127/><V74/><F74/><W48/><G32/><N who="0" m="20599" /><D17/><U15/><E36/><V42/><F42/><W126/><G48/><N who="0" m="28943" /><D64/><U99/><E15/><V106/><F24/><N who="3" m="14423" /><G126/><T68/><D94/><U19/><E19/><AGARI ba="0,0" hai="9,10,13,19,23,133,134,135" m="14423,47211" machi="19" ten="40,7700,0" yaku="20,1,34,2" doraHai="53" who="3" fromWho="1" sc="444,0,108,-77,171,0,277,77" /><INIT seed="7,1,0,0,3,78" ten="444,31,171,354" oya="3" hai0="64,114,91,26,123,19,112,44,83,21,118,88,23" hai1="38,82,109,36,30,125,104,75,33,49,89,116,0" hai2="102,53,24,79,42,119,10,72,58,133,92,32,120" hai3="110,3,66,85,45,108,39,61,97,86,107,103,96"/><W105/><G3/><T27/><D123/><U132/><E30/><V9/><F119/><W94/><G39/><T54/><D118/><U57/><E57/><V37/><F120/><W5/><G5/><T80/><D64/><U17/><E17/><V99/><F79/><W18/><G45/><T8/><D8/><U130/><E49/><V65/><F72/><W1/><G1/><T111/><D54/><U7/><E7/><V87/><F133/><W67/><G18/><N who="0" m="12599" /><D44/><U70/><E89/><N who="0" m="34377" /><D111/><N who="3" m="42537" /><G67/><T12/><D114/><U115/><REACH who="1" step="1"/><E82/><REACH who="1" ten="444,21,171,354" step="2"/><V59/><F37/><W43/><G43/><T55/><D112/><U135/><E135/><V2/><F42/><W22/><G22/><T95/><D23/><U50/><E50/><V51/><F51/><W28/><G28/><T35/><D83/><U6/><E6/><V34/><F59/><N who="3" m="37183" /><G96/><T74/><D80/><U128/><E128/><V101/><F99/><W106/><AGARI ba="1,1" hai="85,86,94,97,103,105,106,107" m="37183,42537" machi="106" ten="40,2100,0" yaku="10,1" doraHai="78" who="3" fromWho="3" sc="444,-8,21,-8,171,-8,354,34" /><INIT seed="7,2,0,2,0,9" ten="436,13,163,388" oya="3" hai0="74,98,67,25,36,102,76,57,16,35,77,109,26" hai1="53,71,132,12,113,106,97,93,39,134,69,49,89" hai2="11,96,14,21,10,78,38,15,120,54,63,111,55" hai3="4,86,23,29,60,27,42,48,7,37,40,17,46"/><W129/><G129/><T32/><D109/><U135/><E39/><V33/><F111/><W5/><G60/><N who="0" m="38287" /><D36/><U133/><N who="1" m="34304" /><DORA hai="104" /><U41/><E106/><V131/><F33/><W6/><N who="3" m="1024" /><DORA hai="99" /><W85/><REACH who="3" step="1"/><G29/><REACH who="3" ten="436,13,163,378" step="2"/><T82/><D74/><U95/><E113/><V62/><F131/><W119/><G119/><T68/><D76/><U73/><E73/><V114/><F78/><W2/><G2/><T121/><D77/><U81/><E81/><V107/><F114/><W13/><G13/><T94/><D82/><U20/><E41/><V52/><F15/><W122/><G122/><T88/><D121/><U64/><E95/><V83/><F14/><W79/><G79/><T110/><D94/><U124/><E124/><V118/><F120/><W117/><G117/><T44/><D26/><U125/><E125/><V47/><F118/><W3/><G3/><T116/><D25/><U56/><REACH who="1" step="1"/><E64/><REACH who="1" ten="436,3,163,378" step="2"/><V127/><F127/><W100/><G100/><T80/><D116/><U1/><E1/><V58/><F107/><W34/><G34/><T22/><D35/><U66/><E66/><V61/><F83/><W123/><G123/><T28/><D32/><U126/><E126/><V112/><F112/><W30/><G30/><T105/><D28/><U84/><E84/><V0/><F0/><W90/><G90/><T51/><D88/><U75/><E75/><V92/><F92/><W50/><G50/><T115/><D51/><U87/><E87/><V43/><F38/><W72/><G72/><T108/><D108/><U130/><E130/><V65/><F65/><W18/><G18/><AGARI ba="2,2" hai="12,18,20,49,53,56,69,71,89,93,97" m="34304" machi="18" ten="70,16000,3" yaku="1,1,6,1,20,1,52,1,53,5" doraHai="9,104,99" doraHaiUra="101,91,128" who="1" fromWho="3" sc="436,0,3,186,163,0,378,-166" owari="436,54.0,189,-21.0,163,-34.0,212,1.0" /></mjloggm>