<mjloggm ver="2.3"><GO type="169" lobby="0"/><UN n0="%4D%61%52%63%48" n1="%4D%61%72%6C%69%6E" n2="%E5%8D%81%E5%85%AD%E5%A4%9C%E2%99%AA" n3="%EF%BC%88%E2%89%A7%E2%96%BD%E2%89%A6%EF%BC%89" dan="16,17,16,17" rate="2065.39,2174.44,2050.72,2162.17" sx="M,M,M,M"/><TAIKYOKU oya="0"/><INIT seed="0,0,0,4,2,9" ten="250,250,250,250" oya="0" hai0="3,125,57,45,44,38,97,69,29,48,6,68,101" hai1="121,66,60,129,49,43,61,23,106,115,109,16,65" hai2="33,108,50,112,133,17,63,47,83,11,37,39,119" hai3="26,0,76,89,117,96,131,24,105,92,94,73,86"/><T7/><D125/><U124/><E106/><V93/><F112/><W103/><G117/><T1/><D29/><U42/><E121/><V72/><F33/><W35/><G131/><T128/><D128/><U10/><E129/><V78/><F108/><W54/><G0/><T18/><D38/><U85/><E109/><V113/><F113/><W80/><G35/><T20/><D57/><U70/><E115/><V4/><F133/><W51/><REACH who="3" step="1"/><G94/><REACH who="3" ten="250,250,250,240" step="2"/><T104/><D3/><U19/><E124/><V135/><F119/><W15/><G15/><T14/><D1/><U8/><E70/><V13/><F135/><W2/><G2/><T95/><D69/><U75/><E75/><V41/><F93/><W91/><G91/><T67/><D95/><U127/><E127/><V79/><F78/><W64/><G64/><T118/><D118/><U40/><E65/><V34/><F34/><W81/><G81/><T114/><D114/><U71/><E66/><V107/><F107/><W30/><G30/><T55/><REACH who="0" step="1"/><D45/><AGARI ba="0,1" hai="24,26,45,51,54,73,76,80,86,89,92,96,103,105" machi="45" ten="30,8000,1" yaku="1,1,7,1,24,2,53,1" doraHai="9" doraHaiUra="98" who="3" fromWho="0" sc="250,-80,250,0,250,0,240,90" /><INIT seed="1,0,0,3,2,10" ten="170,250,250,330" oya="1" hai0="89,27,35,71,53,76,46,41,75,36,29,7,120" hai1="118,31,128,37,126,50,26,87,34,83,45,28,92" hai2="66,81,20,30,113,6,105,86,33,12,125,3,59" hai3="122,85,133,18,84,88,2,44,52,63,130,15,40"/><U21/><E118/><V16/><F105/><W54/><G2/><T93/><D7/><U55/><E126/><V61/><F125/><W70/><G122/><T116/><D116/><U72/><E128/><V43/><F113/><W67/><G130/><T124/><D124/><U13/><E37/><V38/><F38/><W60/><G133/><T56/><D76/><U8/><E72/><V96/><F96/><W77/><G77/><T64/><D75/><U82/><E31/><V94/><F94/><W101/><G101/><T14/><D120/><U123/><E34/><V69/><F43/><W109/><G109/><T106/><D106/><U91/><REACH who="1" step="1"/><E123/><REACH who="1" ten="170,240,250,330" step="2"/><V65/><F33/><W51/><G60/><T131/><D131/><U57/><E57/><V132/><F30/><W104/><G104/><T62/><D56/><U9/><E9/><N who="2" m="4151" /><F69/><W103/><G103/><T11/><D53/><U0/><E0/><V74/><F3/><W68/><G68/><T107/><D107/><U100/><E100/><V114/><F74/><W47/><G47/><T4/><D93/><U119/><E119/><V90/><F114/><W39/><G39/><T23/><D35/><U127/><E127/><V98/><F132/><W108/><G40/><T99/><D71/><U121/><E121/><V32/><F32/><W58/><G70/><T22/><D62/><U111/><E111/><V49/><F59/><W80/><G54/><T95/><D64/><U79/><E79/><N who="2" m="46399" /><F61/><W78/><G108/><T97/><D27/><U129/><E129/><V25/><F49/><W115/><G115/><T135/><D135/><RYUUKYOKU ba="0,1" sc="170,-15,240,15,250,15,330,-15" hai1="8,13,21,26,28,45,50,55,82,83,87,91,92" hai2="16,20,25,65,66,90,98" /><INIT seed="1,1,1,2,3,99" ten="155,255,265,315" oya="1" hai0="129,40,68,130,7,81,111,42,133,94,118,41,47" hai1="64,123,98,66,59,88,96,1,127,45,131,54,21" hai2="48,0,115,132,22,71,6,117,53,27,33,135,90" hai3="26,125,11,14,102,109,74,37,18,78,44,12,34"/><U62/><E1/><V32/><F71/><W36/><G125/><T17/><D68/><U106/><E123/><V120/><F120/><W100/><G109/><T86/><D118/><U29/><E127/><V72/><F72/><W93/><G74/><T58/><D7/><U63/><E131/><N who="0" m="50185" /><D111/><U31/><E106/><V16/><F117/><W128/><G128/><T89/><D133/><N who="2" m="51274" /><F115/><W9/><G78/><N who="0" m="46391" /><D58/><N who="1" m="36983" /><E98/><V95/><F6/><W51/><G93/><T108/><D108/><U134/><E134/><V57/><F0/><W69/><G69/><T15/><D94/><N who="1" m="56391" /><E21/><V60/><F48/><AGARI ba="1,1" hai="29,31,45,48,54,59,62,66" m="56391,36983" machi="48" ten="30,2900,0" yaku="8,1,54,1" doraHai="99" who="1" fromWho="2" sc="155,0,255,42,265,-32,315,0" /><INIT seed="1,2,0,1,5,15" ten="155,297,233,315" oya="1" hai0="50,106,8,52,39,130,122,74,114,124,103,127,32" hai1="21,2,94,17,100,64,62,30,125,51,83,46,72" hai2="4,20,92,43,59,22,9,80,134,115,7,86,105" hai3="131,119,84,65,56,85,107,60,61,35,108,28,87"/><U25/><E2/><V3/><F105/><W63/><G107/><T128/><D39/><U129/><E125/><N who="0" m="48201" /><D32/><U67/><E129/><N who="0" m="49769" /><D74/><U135/><E135/><V24/><F134/><W96/><G131/><T49/><D114/><U36/><E36/><V54/><F115/><W120/><G120/><T41/><D122/><U133/><E133/><V11/><F92/><W38/><G38/><T55/><D8/><U53/><E62/><V113/><F43/><W102/><G119/><T121/><D121/><U132/><E132/><V116/><F113/><W82/><G82/><T97/><D49/><U34/><E72/><V45/><F45/><AGARI ba="2,0" hai="41,45,50,52,55,97,103,106" m="49769,48201" machi="45" ten="30,3900,0" yaku="18,1,19,1,54,1" doraHai="15" who="0" fromWho="2" sc="155,45,297,0,233,-45,315,0" /><INIT seed="2,0,0,4,2,9" ten="200,297,188,315" oya="2" hai0="56,21,71,78,14,49,27,97,117,30,23,121,40" hai1="38,20,90,60,15,44,87,89,99,93,66,48,1" hai2="86,24,111,54,62,92,22,25,36,133,70,46,124" hai3="2,51,127,128,53,47,110,16,19,18,50,80,67"/><V123/><F123/><W64/><G2/><T76/><D71/><U130/><E38/><V41/><F133/><W55/><G128/><T4/><D117/><U35/><E35/><V45/><F124/><W82/><G110/><T12/><D121/><U120/><E130/><V122/><F122/><W106/><G106/><T105/><D105/><U74/><E74/><V10/><F111/><W112/><G112/><T0/><D0/><U91/><E1/><V68/><F92/><W118/><G118/><T129/><D129/><U33/><E33/><V107/><F86/><W108/><G127/><T28/><D97/><U75/><E75/><V131/><F107/><W84/><G108/><T8/><D30/><U77/><E77/><V69/><F131/><W72/><G72/><T29/><D29/><U43/><E120/><V115/><F115/><W116/><G116/><T101/><D101/><U96/><E96/><V102/><F102/><W113/><G113/><T100/><D100/><U98/><E98/><V88/><F10/><W59/><REACH who="3" step="1"/><G80/><REACH who="3" ten="200,297,188,305" step="2"/><T58/><D76/><AGARI ba="0,1" hai="16,18,19,47,50,51,53,55,59,64,67,76,82,84" machi="76" ten="40,8000,1" yaku="1,1,2,1,8,1,54,1,53,0" doraHai="9" doraHaiUra="132" who="3" fromWho="0" sc="200,-80,297,0,188,0,305,90" /><INIT seed="3,0,0,0,5,11" ten="120,297,188,395" oya="3" hai0="130,73,86,114,56,42,22,16,123,36,64,105,37" hai1="29,34,26,4,103,50,135,134,106,69,110,68,43" hai2="41,83,6,133,7,2,97,94,30,91,121,20,71" hai3="62,47,109,66,24,57,63,55,59,58,116,46,28"/><W25/><G116/><T32/><D32/><U80/><E110/><V112/><F71/><W122/><G122/><T23/><D105/><U132/><E4/><V72/><F112/><W102/><G109/><T21/><D73/><U53/><E43/><V113/><F113/><W52/><G102/><T99/><D99/><N who="1" m="61823" /><E80/><V81/><F121/><W90/><G90/><T12/><D123/><U93/><E93/><V131/><F131/><W127/><G127/><T100/><D130/><U3/><E3/><V70/><F70/><W85/><G85/><T27/><D114/><U79/><E79/><V124/><F124/><W14/><G14/><T107/><D42/><U13/><E13/><V125/><F125/><W48/><REACH who="3" step="1"/><G25/><REACH who="3" ten="120,297,188,385" step="2"/><T33/><D86/><U60/><E135/><V78/><F133/><W10/><G10/><T119/><D119/><U129/><E129/><V15/><F15/><W39/><G39/><T17/><D36/><U108/><E108/><V75/><F91/><W54/><G54/><T87/><D37/><U104/><E134/><V92/><F75/><W74/><G74/><T82/><D100/><U38/><E38/><V67/><F72/><W5/><G5/><T76/><D107/><U31/><E104/><V96/><F41/><W111/><G111/><T45/><D27/><U51/><E26/><V128/><F78/><W61/><G61/><T84/><D87/><U77/><E60/><V117/><F128/><W89/><G89/><T40/><D84/><U0/><E132/><V18/><F117/><W98/><G98/><T95/><D76/><U9/><E77/><RYUUKYOKU ba="0,1" sc="120,-10,297,-10,188,-10,385,30" hai3="24,28,46,47,48,52,55,57,58,59,62,63,66" /><INIT seed="3,1,1,4,3,84" ten="110,287,178,415" oya="3" hai0="119,35,36,23,18,111,110,25,24,61,90,124,77" hai1="14,73,3,122,28,0,74,40,91,75,70,134,76" hai2="56,131,116,31,78,128,89,71,87,101,81,66,48" hai3="50,8,7,83,120,118,52,69,127,125,60,13,26"/><W88/><G118/><T109/><D119/><U97/><E122/><V10/><F116/><W30/><G120/><T129/><D36/><U130/><E70/><V67/><F71/><W98/><G60/><T11/><D77/><U79/><E28/><V82/><F31/><W64/><G64/><T123/><D123/><U38/><E134/><V117/><F117/><W2/><G2/><T65/><D129/><N who="2" m="49738" /><F101/><W51/><G69/><N who="0" m="42159" /><D124/><N who="3" m="47689" /><G52/><T32/><D25/><U100/><E14/><V16/><F56/><W86/><G98/><T112/><D112/><U27/><E27/><V42/><F48/><W43/><G43/><T1/><D1/><U85/><E0/><V21/><F42/><W34/><AGARI ba="1,1" hai="7,8,13,26,30,34,50,51,83,86,88" m="47689" machi="34" ten="30,6000,0" yaku="18,1,52,1,54,1" doraHai="84" who="3" fromWho="3" sc="110,-21,287,-21,178,-21,415,73" /><INIT seed="3,2,0,3,3,127" ten="89,266,157,488" oya="3" hai0="111,17,69,30,37,53,4,45,108,115,124,113,96" hai1="26,92,129,120,48,12,72,80,44,31,122,40,110" hai2="14,11,91,130,61,22,97,68,46,1,73,32,112" hai3="35,52,102,76,20,50,8,64,121,49,135,60,101"/><W106/><G121/><T7/><D69/><U86/><E110/><N who="0" m="42025" /><D30/><U55/><E72/><V128/><F73/><W6/><G35/><T79/><D79/><U84/><E129/><N who="2" m="49771" /><F112/><N who="0" m="43082" /><D124/><U51/><E12/><V78/><F32/><W0/><G76/><T118/><D118/><U29/><E92/><N who="2" m="56479" /><F46/><W85/><G106/><T93/><D17/><U39/><E86/><V10/><F78/><W18/><G85/><T89/><D53/><U71/><E84/><V38/><F38/><W117/><G52/><T33/><D33/><U90/><E39/><V13/><F1/><W16/><G0/><T114/><N who="0" m="43090" /><T98/><DORA hai="105" /><D98/><U103/><E44/><V19/><F13/><W34/><G34/><T65/><D65/><AGARI ba="2,0" hai="10,11,14,19,22,61,65,68" m="56479,49771" machi="65" ten="30,7700,0" yaku="19,1,52,3" doraHai="127,105" who="2" fromWho="0" sc="89,-83,266,0,157,83,488,0" /><INIT seed="4,0,0,3,3,40" ten="6,266,240,488" oya="0" hai0="14,102,116,42,88,74,62,101,93,39,9,26,44" hai1="1,110,66,52,92,129,118,2,65,38,46,7,35" hai2="16,70,132,25,86,77,105,13,90,123,30,97,71" hai3="115,45,69,134,55,127,76,75,81,78,27,128,135"/><T103/><D74/><U87/><E118/><V29/><F123/><W106/><G69/><T83/><D116/><U80/><E110/><V17/><F77/><W33/><G106/><T60/><D83/><U37/><E35/><V15/><F97/><W95/><G76/><T73/><D26/><U22/><E129/><V43/><F105/><W63/><G128/><T32/><D32/><U121/><E121/><V89/><F43/><W133/><G115/><T72/><D73/><U91/><E38/><V98/><F98/><W68/><G127/><T47/><D72/><U12/><E37/><V21/><F132/><W125/><G125/><T120/><D120/><U51/><E2/><V79/><F79/><W108/><G108/><T57/><D42/><U82/><E1/><V131/><F131/><W54/><G95/><T50/><D39/><U119/><E119/><V24/><F86/><W18/><G33/><T53/><D50/><U56/><E56/><V84/><F84/><W28/><G28/><T64/><D62/><U112/><E112/><V58/><F58/><N who="3" m="35295" /><G68/><T23/><D23/><AGARI ba="0,0" hai="13,15,16,17,21,23,24,25,29,30,70,71,89,90" machi="23" ten="25,3200,0" yaku="22,2,54,1" doraHai="40" who="2" fromWho="0" sc="6,-32,266,0,240,32,488,0" owari="-26,-53.0,266,-13.0,272,7.0,488,59.0" /></mjloggm>