<mjloggm ver="2.3"><GO type="97"/><UN n0="%E3%81%BB%E3%82%93%E3%82%8F%E3%83%BC" n1="%E3%82%A6%E3%83%AB%E3%83%88%E3%83%A9%E7%AB%8B%E7%9B%B4" n2="%52%75%72%75%70%70%65" n3="%E3%81%B0%E3%81%B0%E3%81%A7%E3%81%99" dan="14,15,14,14" rate="1954,1973,1914,1899" sx="M,M,M,M"/><TAIKYOKU oya="0"/><INIT seed="0,0,0,4,2,89" ten="250,250,250,250" oya="0" hai0="50,38,121,68,46,24,102,18,36,32,65,42,17" hai1="63,26,39,122,35,55,75,132,20,74,84,110,124" hai2="5,87,2,0,13,53,127,116,73,29,96,34,119" hai3="62,19,30,95,123,78,115,104,6,131,101,28,11"/><T70/><D121/><U12/><E122/><V106/><F73/><W49/><G115/><T79/><D79/><U9/><E39/><V97/><F127/><W76/><G104/><T56/><D17/><U133/><E35/><V90/><F34/><W1/><G123/><T52/><D102/><U77/><E124/><V10/><F29/><W99/><G131/><T88/><D36/><U41/><E41/><V120/><F120/><W71/><G49/><T83/><D65/><U108/><E84/><V109/><F109/><N who="1" m="42089" /><E63/><V64/><F64/><W58/><G71/><T129/><D129/><U82/><E55/><V86/><F53/><W91/><G101/><T85/><REACH who="0" step="1"/><D18/><REACH who="0" ten="240,250,250,250" step="2"/><N who="1" m="12567" /><E74/><V57/><F106/><W23/><G78/><T14/><D14/><U59/><E59/><V103/><F103/><W61/><G76/><T111/><D111/><U44/><E44/><V60/><F13/><W4/><G4/><AGARI ba="0,1" hai="4,9,12,75,77,82,132,133" m="12567,42089" machi="4" ten="30,1000,0" yaku="14,1" doraHai="89" who="1" fromWho="3" sc="240,0,250,20,250,0,250,-10" /><INIT seed="1,0,0,3,0,19" ten="240,270,250,240" oya="1" hai0="66,108,0,12,1,28,121,118,111,105,67,126,30" hai1="20,43,60,85,100,50,61,48,13,64,131,71,109" hai2="115,84,21,90,122,39,127,101,2,120,46,70,104" hai3="15,4,7,45,54,18,89,73,41,14,27,91,36"/><U86/><E131/><V69/><F115/><W103/><G73/><T25/><D12/><U53/><E100/><V82/><F127/><W132/><G132/><T135/><D25/><U35/><E35/><V63/><F2/><N who="0" m="1130" /><D105/><U124/><E124/><V134/><F134/><W49/><G103/><T98/><D98/><U128/><E128/><V107/><F101/><W24/><G36/><T99/><D99/><U114/><E114/><V55/><F104/><W93/><G41/><T68/><D135/><U57/><E109/><N who="0" m="42057" /><D126/><U123/><E123/><V76/><F107/><W56/><G45/><T87/><D87/><U3/><E3/><V10/><F10/><N who="3" m="4423" /><G7/><T29/><D121/><U112/><E112/><V62/><F122/><W75/><G75/><T44/><D44/><U8/><E85/><V42/><F120/><W106/><G106/><T94/><D94/><U96/><E96/><V72/><F69/><W40/><G40/><T9/><D9/><U79/><E43/><V116/><F116/><W52/><G54/><T117/><D68/><U37/><E37/><V125/><F125/><W113/><G113/><T31/><N who="0" m="7680" /><DORA hai="77" /><T5/><D5/><U58/><E71/><V38/><F70/><W11/><G93/><T74/><D74/><U17/><E8/><V97/><F39/><W78/><G78/><T110/><N who="0" m="42065" /><T130/><DORA hai="23" /><D130/><U47/><E47/><V16/><F97/><W26/><AGARI ba="0,0" hai="11,15,18,24,26,27,49,52,56,89,91" m="4423" machi="26" ten="30,8000,1" yaku="8,1,52,3,54,1" doraHai="19,77,23" who="3" fromWho="3" sc="240,-20,270,-40,250,-20,240,80" /><INIT seed="2,0,0,0,3,54" ten="220,230,230,320" oya="2" hai0="57,94,121,126,4,111,99,43,48,130,40,71,127" hai1="74,58,83,101,78,2,70,72,24,0,125,108,131" hai2="61,98,116,42,84,51,109,73,67,28,134,10,41" hai3="27,55,135,11,104,129,34,45,112,65,1,21,124"/><V26/><F73/><W119/><G65/><T3/><D71/><U56/><E70/><V89/><F116/><W29/><G104/><T30/><D121/><U31/><E125/><N who="0" m="47625" /><D30/><U16/><E131/><V8/><F134/><W132/><G55/><N who="0" m="31975" /><D130/><U53/><E108/><V110/><F98/><W118/><G45/><T102/><D111/><N who="2" m="42506" /><F26/><N who="3" m="18743" /><G129/><T120/><D120/><U69/><E69/><N who="2" m="42223" /><F28/><N who="3" m="17519" /><G112/><T113/><D113/><U106/><E31/><V59/><F42/><N who="0" m="15914" /><D4/><U86/><E74/><V64/><F41/><W7/><G124/><T107/><D3/><U90/><E2/><V81/><F51/><W38/><G38/><T85/><D85/><U68/><E0/><V49/><F49/><W82/><G82/><T79/><D79/><U95/><E68/><V93/><F81/><W100/><G100/><T22/><D22/><N who="1" m="13383" /><E53/><V75/><F75/><W32/><G32/><T23/><D23/><U37/><E37/><V9/><F64/><W14/><G1/><T44/><D44/><U77/><E77/><V60/><F60/><W92/><G92/><AGARI ba="0,0" hai="92,94,99,102,107" m="15914,31975,47625" machi="92" ten="30,2000,0" yaku="18,1,52,1" doraHai="54" who="0" fromWho="3" sc="220,20,230,0,230,0,320,-20" /><INIT seed="3,0,0,1,1,101" ten="240,230,230,300" oya="3" hai0="83,82,93,26,52,89,81,132,95,40,63,133,87" hai1="85,134,129,45,105,116,97,49,124,107,18,6,50" hai2="43,68,17,109,135,2,0,106,31,36,42,35,103" hai3="5,39,126,88,77,131,25,86,84,125,13,10,127"/><W96/><G131/><T16/><D40/><U44/><E129/><V37/><F43/><W46/><G25/><T23/><REACH who="0" step="1"/><D95/><REACH who="0" ten="230,230,230,300" step="2"/><U73/><E116/><V41/><F41/><N who="3" m="22847" /><G77/><T100/><D100/><U122/><E122/><V108/><F17/><W99/><G84/><T90/><D90/><U66/><E85/><V91/><F91/><W33/><G33/><T27/><D27/><U21/><E6/><V79/><F79/><W55/><G55/><T28/><D28/><U64/><E73/><V69/><F42/><W61/><G61/><T112/><D112/><U1/><E124/><V111/><F135/><W117/><G117/><T30/><D30/><U118/><E134/><V74/><F103/><W120/><G120/><T71/><D71/><N who="2" m="27210" /><F31/><W22/><G22/><T9/><D9/><U3/><E118/><V75/><F35/><W94/><AGARI ba="0,1" hai="5,10,13,86,88,94,96,99,125,126,127" m="22847" machi="94" ten="30,3000,0" yaku="18,1,54,1" doraHai="101" who="3" fromWho="3" sc="230,-10,230,-10,230,-10,300,40" owari="220,2.0,220,-18.0,220,-28.0,340,44.0" /></mjloggm>