<mjloggm ver="2.3"><GO type="169"/><UN n0="%E3%81%A1%E3%81%8F%E3%81%8D" n1="%E5%9F%BA%E7%A4%8E%E8%AB%96" n2="%EF%BC%88%E2%89%A7%E2%96%BD%E2%89%A6%EF%BC%89" n3="%70%70%67%75%6E" dan="18,16,18,16" rate="2177,2065,2146,2053" sx="M,M,M,M"/><TAIKYOKU oya="0"/><INIT seed="0,0,0,0,1,100" ten="250,250,250,250" oya="0" hai0="95,43,18,60,3,0,13,2,4,82,108,117,83" hai1="129,7,113,24,93,106,135,92,118,9,96,101,124" hai2="128,5,45,50,125,49,35,120,115,36,80,109,75" hai3="78,132,74,76,52,31,67,72,21,56,84,34,122"/><T107/><D4/><U85/><E118/><V114/><F35/><W69/><G34/><T61/><D117/><U39/><E39/><V57/><F5/><W112/><G112/><N who="2" m="43049" /><F80/><W1/><G1/><T42/><D107/><U110/><E113/><V28/><F28/><W41/><G132/><T111/><D95/><U64/><E64/><V71/><F75/><W58/><G69/><T98/><D98/><U119/><E24/><V26/><F26/><W33/><G33/><T102/><D102/><U126/><E9/><V17/><F17/><W47/><G67/><T81/><D13/><U94/><E7/><V8/><F8/><W130/><G130/><T59/><D18/><U23/><E23/><V105/><F105/><W88/><G122/><T86/><D86/><U20/><E20/><V30/><F120/><W14/><G56/><T22/><D22/><U51/><E51/><N who="2" m="19467" /><F71/><W97/><G97/><T90/><D90/><N who="1" m="53327" /><E135/><V77/><F77/><W131/><G131/><T25/><D25/><U32/><E129/><V6/><F6/><W123/><G123/><T37/><D37/><U29/><E32/><V10/><F10/><W27/><G14/><T68/><D68/><U53/><E29/><V46/><F46/><W65/><G72/><T15/><D15/><U19/><E19/><V73/><F73/><W89/><G74/><T38/><D38/><U63/><E94/><V70/><F70/><W40/><G47/><T54/><REACH who="0" step="1"/><D61/><REACH who="0" ten="240,250,250,250" step="2"/><U55/><E63/><V133/><F133/><W91/><G21/><T66/><D66/><U104/><E93/><V16/><F36/><RYUUKYOKU ba="0,1" sc="240,30,250,-10,250,-10,250,-10" hai0="0,2,3,42,43,54,59,60,81,82,83,108,111" /><INIT seed="0,1,1,1,4,68" ten="270,240,240,240" oya="0" hai0="80,85,125,88,124,52,134,73,35,31,74,70,53" hai1="6,8,22,28,132,103,63,121,29,69,15,24,105" hai2="37,11,21,87,78,17,32,14,119,23,115,83,19" hai3="76,10,107,61,75,128,99,108,27,100,133,97,129"/><T59/><D70/><U43/><E121/><V45/><F115/><W57/><G108/><T12/><D134/><U50/><E132/><V55/><F119/><W48/><G133/><T58/><D12/><U71/><E29/><V13/><F32/><W38/><G75/><T18/><D18/><U117/><E117/><V130/><F130/><N who="3" m="50283" /><G76/><T9/><D9/><U20/><E20/><V91/><F78/><W40/><G48/><N who="0" m="30983" /><D31/><U96/><REACH who="1" step="1"/><E63/><REACH who="1" ten="270,230,240,240" step="2"/><V106/><F106/><W67/><G10/><T47/><D35/><U102/><E102/><V114/><F114/><W101/><G100/><T1/><D1/><U123/><E123/><V46/><F11/><W72/><G101/><T7/><D7/><U77/><E77/><V26/><F26/><W66/><G27/><T92/><D74/><U2/><E2/><V36/><REACH who="2" step="1"/><F55/><REACH who="2" ten="270,230,230,240" step="2"/><W135/><G135/><T116/><D53/><U86/><E86/><V60/><F60/><W0/><G61/><T62/><D85/><U5/><E5/><V95/><F95/><W51/><G72/><T79/><D116/><U41/><E41/><V127/><F127/><W3/><G40/><T54/><D125/><U33/><E33/><V84/><F84/><W118/><G118/><T111/><D124/><U16/><E16/><V30/><F30/><W109/><G107/><T113/><D113/><U93/><E93/><V126/><F126/><W65/><G0/><T25/><D25/><U64/><E64/><V56/><F56/><W120/><G3/><T39/><D92/><U90/><E90/><V81/><F81/><W110/><G66/><RYUUKYOKU ba="1,3" sc="270,-15,230,15,230,15,240,-15" hai1="6,8,15,22,24,28,43,50,69,71,96,103,105" hai2="13,14,17,19,21,23,36,37,45,46,83,87,91" /><INIT seed="1,2,3,0,5,26" ten="255,245,245,225" oya="1" hai0="83,85,47,57,19,123,15,82,93,7,96,72,43" hai1="116,65,77,31,27,67,131,88,86,110,124,22,54" hai2="92,51,52,118,69,3,109,30,20,129,25,6,74" hai3="32,17,2,101,28,99,106,40,91,11,36,35,64"/><U108/><E116/><V58/><F118/><W111/><G111/><N who="1" m="42538" /><E131/><V122/><F109/><W12/><G2/><T128/><D123/><U114/><E114/><V79/><F69/><W4/><G4/><T16/><D128/><U21/><E124/><V37/><F37/><W60/><G36/><T104/><D104/><U44/><E77/><V38/><F38/><W8/><G40/><T95/><D72/><U105/><E105/><V10/><F129/><W41/><G41/><T134/><D134/><U80/><E22/><V90/><F122/><W126/><G8/><N who="0" m="4511" /><D57/><U78/><E78/><V71/><F71/><W39/><G39/><T125/><D125/><U127/><E127/><V81/><F90/><W49/><G49/><AGARI ba="2,3" hai="21,27,31,44,49,54,65,67,80,86,88" m="42538" machi="49" ten="30,11600,0" yaku="14,1,10,1,52,1,54,1" doraHai="26" who="1" fromWho="3" sc="255,0,245,152,245,0,225,-122" /><INIT seed="1,3,0,3,2,113" ten="255,397,245,103" oya="1" hai0="68,86,27,67,20,81,88,33,124,18,13,14,24" hai1="92,99,108,132,53,70,135,134,52,107,97,116,60" hai2="43,57,105,114,66,48,75,102,46,64,89,119,4" hai3="16,42,38,3,80,129,74,6,71,93,10,8,127"/><U120/><E120/><V95/><F75/><W94/><G71/><T79/><D124/><U7/><E7/><V32/><F32/><W51/><G127/><T65/><D68/><U39/><E39/><V84/><F114/><W131/><G51/><T12/><REACH who="0" step="1"/><D79/><REACH who="0" ten="245,397,245,103" step="2"/><U126/><E126/><V5/><F119/><W15/><G129/><T115/><D115/><U34/><E116/><V58/><F105/><W122/><G131/><T77/><D77/><U62/><E107/><V118/><F118/><W37/><G122/><T9/><D9/><U133/><E70/><V1/><F1/><W35/><G35/><T54/><D54/><U28/><E52/><V121/><F121/><W130/><G130/><T36/><D36/><U41/><E53/><V83/><F66/><W63/><G37/><T61/><D61/><U11/><E11/><V44/><F64/><W49/><G63/><T91/><D91/><U26/><E60/><V90/><F102/><W19/><G49/><T103/><D103/><U87/><E62/><V21/><F46/><N who="3" m="23895" /><G19/><T72/><D72/><U55/><E132/><V45/><F45/><W82/><G82/><T31/><AGARI ba="3,1" hai="12,13,14,18,20,24,27,31,33,65,67,81,86,88" machi="31" ten="30,4000,0" yaku="1,1,0,1,54,1,53,0" doraHai="113" doraHaiUra="2" who="0" fromWho="0" sc="245,59,397,-23,245,-13,103,-13" /><INIT seed="2,0,0,3,0,106" ten="304,374,232,90" oya="2" hai0="100,102,68,90,35,128,44,75,112,40,66,92,96" hai1="130,78,93,52,87,62,79,125,116,77,63,67,42" hai2="71,31,27,70,118,110,76,48,20,122,82,114,32" hai3="60,69,21,18,121,28,13,58,56,103,30,10,17"/><V55/><F122/><W38/><G121/><T85/><D112/><U109/><E116/><V86/><F118/><W126/><G126/><T25/><D128/><U45/><E125/><V89/><F114/><W24/><G38/><T73/><D102/><U123/><E130/><V1/><F1/><W80/><G69/><T3/><D3/><U37/><E109/><V53/><F110/><W81/><G58/><T46/><D46/><U120/><E63/><V6/><F6/><W99/><G28/><N who="0" m="19855" /><D44/><U19/><E19/><V43/><F43/><W94/><REACH who="3" step="1"/><G18/><REACH who="3" ten="304,374,232,80" step="2"/><T65/><D65/><AGARI ba="0,1" hai="10,13,17,21,24,30,56,60,65,80,81,94,99,103" machi="65" ten="30,12000,2" yaku="1,1,2,1,7,1,25,2,8,1,53,1" doraHai="106" doraHaiUra="91" who="3" fromWho="0" sc="304,-120,374,0,232,0,80,130" /><INIT seed="3,0,0,0,1,49" ten="184,374,232,210" oya="3" hai0="134,94,9,24,56,57,36,64,121,115,23,22,125" hai1="29,98,82,73,107,32,135,120,68,31,101,34,19" hai2="43,54,47,110,53,130,126,44,93,79,71,84,41" hai3="60,42,30,25,7,58,67,87,83,104,6,26,16"/><W99/><G42/><N who="2" m="15881" /><F71/><W20/><G99/><T100/><D121/><U85/><E120/><V18/><F130/><W51/><G51/><T122/><D122/><U118/><E68/><V37/><F37/><W76/><REACH who="3" step="1"/><G104/><REACH who="3" ten="184,374,232,200" step="2"/><T128/><D36/><U88/><E98/><V109/><F110/><W33/><AGARI ba="0,1" hai="6,7,16,20,25,26,30,33,58,60,67,76,83,87" machi="33" ten="20,18000,2" yaku="1,1,2,1,0,1,7,1,54,1,53,1" doraHai="49" doraHaiUra="52" who="3" fromWho="3" sc="184,-60,374,-60,232,-60,200,190" /><INIT seed="3,1,0,3,3,23" ten="124,314,172,390" oya="3" hai0="128,83,93,27,111,74,13,75,18,113,28,57,67" hai1="68,46,25,0,32,59,10,81,45,17,94,89,5" hai2="30,120,56,131,24,119,3,48,15,54,20,106,133" hai3="125,124,105,130,58,62,65,82,49,108,69,4,63"/><W92/><G105/><T51/><D111/><U123/><E68/><V76/><F119/><W132/><G4/><T22/><D128/><U72/><E123/><V91/><F3/><W53/><G82/><T99/><D113/><U43/><E59/><V117/><F117/><W19/><G19/><T95/><D83/><U104/><E104/><V101/><F120/><W86/><G92/><T109/><D109/><U129/><E129/><V115/><F115/><W11/><G86/><T126/><D126/><N who="3" m="48745" /><G11/><T96/><D51/><U21/><E32/><V127/><F131/><W44/><G130/><T29/><D57/><U103/><E43/><V31/><F127/><W135/><G108/><T6/><D67/><AGARI ba="1,0" hai="44,49,53,58,62,63,65,67,69,132,135" m="48745" machi="67" ten="30,5800,0" yaku="18,1,34,2" doraHai="23" who="3" fromWho="0" sc="124,-61,314,0,172,0,390,61" /><INIT seed="3,2,0,0,1,132" ten="63,314,172,451" oya="3" hai0="112,9,23,81,102,34,40,125,16,51,58,47,6" hai1="14,44,84,103,70,24,111,113,11,30,57,82,45" hai2="121,89,8,115,80,52,72,41,37,101,96,20,116" hai3="62,65,68,88,63,17,69,46,71,114,56,122,50"/><W133/><G114/><T25/><D112/><U33/><E70/><N who="3" m="27242" /><G88/><T31/><D102/><U77/><E113/><V54/><F115/><W28/><G17/><T124/><D58/><U10/><E111/><V73/><F116/><W13/><G13/><N who="0" m="9615" /><D81/><U42/><E103/><V43/><F121/><W59/><G28/><T4/><D4/><U127/><E57/><N who="3" m="22090" /><G122/><T3/><AGARI ba="2,0" hai="3,6,9,25,31,34,40,47,51,124,125" m="9615" machi="3" ten="30,7900,0" yaku="24,1,52,2,54,1" doraHai="132" who="0" fromWho="0" sc="63,85,314,-22,172,-22,451,-41" /><INIT seed="4,0,0,1,2,13" ten="148,292,150,410" oya="0" hai0="28,29,64,56,81,52,10,38,73,61,131,53,100" hai1="15,8,39,75,74,17,125,129,104,48,0,71,103" hai2="116,113,45,117,19,123,120,94,5,77,101,54,112" hai3="42,111,62,46,12,69,30,102,14,90,88,109,108"/><T98/><D38/><U128/><E39/><V107/><F5/><W85/><G102/><T105/><D131/><N who="1" m="50251" /><E71/><V59/><F45/><W40/><G30/><T25/><D10/><N who="1" m="6391" /><E125/><V49/><F107/><W121/><G121/><N who="2" m="46665" /><F77/><W95/><G90/><T57/><D29/><U122/><E122/><V24/><F94/><W21/><G21/><T78/><REACH who="0" step="1"/><D57/><REACH who="0" ten="138,292,150,410" step="2"/><U1/><E8/><V134/><F134/><W132/><G132/><T58/><D58/><U33/><E1/><V7/><F7/><W43/><G108/><T89/><D89/><U96/><E0/><V47/><F59/><W106/><G88/><T22/><AGARI ba="0,1" hai="22,25,28,52,53,56,61,64,73,78,81,98,100,105" machi="22" ten="20,7800,0" yaku="1,1,0,1,7,1,54,1,53,0" doraHai="13" doraHaiUra="4" who="0" fromWho="0" sc="138,88,292,-26,150,-26,410,-26" /><INIT seed="4,1,0,5,0,135" ten="226,266,124,384" oya="0" hai0="19,78,88,33,107,132,35,54,82,49,114,16,83" hai1="120,14,0,28,44,124,57,100,51,85,13,25,109" hai2="24,106,45,96,17,102,108,122,31,18,62,119,60" hai3="71,110,128,77,111,98,103,50,29,47,56,58,6"/><T115/><D107/><U99/><E120/><V130/><F122/><W91/><G71/><T79/><D132/><U73/><E0/><V92/><F108/><W86/><G77/><T1/><D1/><U34/><E73/><V67/><F130/><W116/><G116/><T81/><D88/><U80/><E57/><V112/><F112/><N who="0" m="43050" /><D49/><U89/><E109/><V11/><F119/><W75/><G75/><T66/><D66/><U37/><E37/><V12/><F45/><W70/><G47/><T127/><D54/><U90/><E90/><V76/><F76/><N who="0" m="29226" /><D127/><U26/><E124/><V23/><F106/><W8/><G91/><T72/><D72/><U101/><E101/><V10/><REACH who="2" step="1"/><F67/><REACH who="2" ten="226,266,114,384" step="2"/><W131/><G110/><T121/><D121/><U94/><E44/><V48/><F48/><W113/><G50/><T104/><D104/><U5/><E51/><V4/><F4/><W63/><G6/><T61/><D61/><U20/><E5/><V22/><F22/><W15/><G63/><T126/><D126/><U43/><E43/><V59/><F59/><W32/><G56/><T2/><D2/><U105/><E105/><V42/><F42/><W129/><G58/><T87/><D33/><U3/><E3/><V97/><F97/><W133/><G98/><T55/><D35/><U84/><E84/><V40/><F40/><W21/><G86/><T125/><D125/><U68/><E68/><V30/><F30/><AGARI ba="1,1" hai="13,14,20,25,26,28,30,34,80,85,89,94,99,100" machi="30" ten="30,1000,0" yaku="7,1" doraHai="135" who="1" fromWho="2" sc="226,0,266,23,114,-13,384,0" /><INIT seed="5,0,0,4,4,37" ten="226,289,101,384" oya="1" hai0="58,83,90,95,56,63,1,54,21,65,59,17,113" hai1="129,116,133,41,117,10,24,118,2,55,122,101,84" hai2="73,127,111,92,45,106,82,69,23,60,74,99,103" hai3="125,134,12,43,94,20,51,38,34,3,135,8,91"/><U100/><E122/><V4/><F111/><W66/><G34/><T75/><D1/><U29/><E129/><V9/><F127/><W6/><G125/><T14/><D113/><U47/><E133/><N who="3" m="50698" /><G38/><T121/><D121/><U61/><E84/><V81/><F74/><W105/><G105/><T16/><D75/><U131/><E131/><V11/><F73/><W40/><G66/><T42/><D83/><U80/><E80/><V79/><F79/><W89/><G51/><T86/><D42/><N who="3" m="15913" /><G94/><T78/><D78/><U44/><E61/><V87/><F60/><W130/><G130/><T46/><D17/><AGARI ba="0,0" hai="3,6,8,12,17,20,89,91" m="15913,50698" machi="17" ten="30,7700,0" yaku="20,1,52,3" doraHai="37" who="3" fromWho="0" sc="226,-77,289,0,101,0,384,77" /><INIT seed="6,0,0,5,1,106" ten="149,289,101,461" oya="2" hai0="24,15,6,37,65,8,103,31,42,9,2,17,72" hai1="71,58,47,28,18,3,75,100,33,13,5,64,121" hai2="0,51,90,4,60,34,133,108,117,109,40,7,23" hai3="84,49,39,130,41,131,70,21,123,10,48,93,112"/><V95/><F34/><W85/><G123/><T19/><D103/><U50/><E71/><V76/><F117/><W46/><G70/><T83/><D65/><U62/><E100/><V12/><F133/><W86/><G112/><T57/><D57/><U29/><E3/><V91/><F76/><W122/><G122/><T80/><D19/><U55/><E5/><N who="2" m="2123" /><F0/><W126/><G126/><T113/><D113/><U129/><E29/><V98/><F60/><W114/><G114/><T99/><D99/><U25/><E121/><V44/><F109/><W127/><G127/><T74/><D83/><U120/><E120/><V105/><F105/><W16/><G10/><T53/><D53/><U96/><E96/><V119/><F119/><W135/><G93/><T107/><D107/><U78/><E78/><V32/><F32/><W38/><G135/><T97/><D97/><U88/><E64/><V43/><F108/><W116/><G116/><T27/><D80/><U54/><E54/><N who="2" m="30055" /><F90/><W102/><G102/><T56/><D56/><U89/><E88/><V68/><F68/><W22/><G21/><T35/><REACH who="0" step="1"/><D27/><REACH who="0" ten="139,289,101,461" step="2"/><U73/><E25/><V1/><F1/><W30/><G30/><T134/><D134/><U26/><E28/><V132/><F132/><W63/><G63/><T115/><D115/><U14/><E26/><V66/><F66/><W128/><G39/><T94/><D94/><U111/><E62/><V125/><F125/><W67/><G67/><T36/><D36/><U77/><E111/><V101/><F101/><W20/><G16/><AGARI ba="0,1" hai="12,16,23,40,43,91,95,98" m="30055,2123" machi="16" ten="30,2900,0" yaku="8,1,54,1" doraHai="106" who="2" fromWho="3" sc="139,0,289,0,101,39,461,-29" /><INIT seed="6,1,0,3,1,65" ten="139,289,140,432" oya="2" hai0="91,133,2,26,21,45,90,117,10,54,44,88,86" hai1="130,135,14,43,58,49,7,111,105,12,27,127,23" hai2="6,13,134,72,114,39,104,4,35,120,34,128,62" hai3="77,109,15,38,31,61,85,107,82,97,87,16,42"/><V25/><F72/><W79/><G109/><T67/><D133/><U68/><E111/><V93/><F104/><W32/><G31/><N who="0" m="17871" /><D2/><U33/><E68/><V66/><F39/><W17/><G32/><T3/><D3/><U30/><E130/><V74/><F74/><W110/><G110/><T60/><D117/><U132/><E127/><V125/><F120/><W51/><G38/><T118/><D118/><U102/><E7/><V24/><F125/><W89/><G61/><T47/><D10/><U28/><E28/><V101/><F134/><W8/><G107/><T71/><D71/><U64/><E43/><V53/><F35/><W81/><G97/><T0/><D0/><U103/><E103/><V78/><F128/><W29/><G29/><T115/><D67/><U106/><E102/><V50/><F34/><W112/><G112/><T124/><D115/><U1/><E1/><V69/><F114/><W96/><G96/><T84/><D124/><U41/><E105/><V46/><F78/><W57/><G89/><T83/><D84/><U116/><E106/><V37/><F37/><W98/><G98/><T100/><D100/><U95/><E116/><V18/><F101/><W5/><G57/><AGARI ba="1,0" hai="44,45,47,54,57,60,83,86,88,90,91" m="17871" machi="57" ten="30,2000,0" yaku="8,1,54,1" doraHai="65" who="0" fromWho="3" sc="139,23,289,0,140,0,432,-23" /><INIT seed="7,0,0,2,3,8" ten="162,289,140,409" oya="3" hai0="77,101,44,20,73,132,34,83,45,105,74,29,42" hai1="93,23,18,122,55,87,70,68,17,33,69,6,80" hai2="9,76,35,89,21,61,65,100,12,25,0,14,109" hai3="102,135,30,86,1,88,62,71,99,97,39,58,2"/><W36/><G71/><T82/><D132/><U22/><E33/><V24/><F109/><W7/><G30/><T104/><D20/><U32/><E32/><V84/><F35/><W75/><G75/><N who="0" m="43327" /><D45/><U124/><E6/><N who="2" m="3127" /><F0/><W37/><G97/><N who="0" m="61487" /><D105/><U49/><E93/><N who="2" m="54439" /><F100/><W13/><G102/><T53/><D53/><U116/><E22/><V56/><F76/><W117/><G37/><N who="0" m="21583" /><D83/><U114/><E18/><AGARI ba="0,0" hai="14,18,21,24,25,56,61,65" m="54439,3127" machi="18" ten="30,3900,0" yaku="8,1,52,2" doraHai="8" who="2" fromWho="1" sc="162,0,289,-39,140,39,409,0" owari="162,-34.0,250,5.0,179,-22.0,409,51.0" /></mjloggm>