<mjloggm ver="2.3"><GO type="41"/><UN n0="%E6%96%B0%E7%A5%9E%E5%A4%A9%E6%97%A5" n1="%64%61%6E" n2="%E3%82%A6%E3%83%AB%E3%83%88%E3%83%A9%E7%AB%8B%E7%9B%B4" n3="%E7%9F%B3%E7%82%AD%E5%B0%8F%E5%83%A7" dan="14,13,15,13" rate="1960,1984,1969,1913" sx="M,M,M,M"/><TAIKYOKU oya="0"/><INIT seed="0,0,0,4,1,66" ten="250,250,250,250" oya="0" hai0="14,17,105,128,63,39,101,40,98,42,71,107,69" hai1="70,34,8,91,75,60,109,47,108,3,12,13,25" hai2="104,9,7,68,24,78,11,113,29,72,116,33,82" hai3="53,45,88,58,94,112,65,129,48,16,106,123,120"/><T87/><D107/><U114/><E75/><V0/><F113/><W15/><G106/><T92/><D39/><U31/><E114/><V80/><F116/><W26/><G112/><T115/><D115/><U117/><E117/><V50/><F50/><W35/><G129/><T52/><D105/><U18/><E47/><V134/><F134/><W54/><G65/><T22/><D128/><U19/><E91/><V77/><F11/><W37/><G37/><T32/><D32/><U41/><E41/><V127/><F104/><W56/><G45/><T122/><D122/><U96/><E96/><V55/><F55/><W74/><G74/><T21/><D87/><U133/><E60/><V6/><F6/><W10/><G26/><T95/><D95/><U135/><E70/><V64/><F127/><W85/><G35/><T49/><D22/><N who="1" m="11591" /><E3/><V5/><F5/><W99/><G99/><T89/><D101/><U119/><E119/><V124/><F124/><W100/><REACH who="3" step="1"/><G100/><REACH who="3" ten="250,250,250,240" step="2"/><T93/><D93/><U2/><E2/><V110/><F64/><W46/><G46/><T28/><D28/><U86/><E86/><V38/><F38/><W20/><G20/><T36/><D36/><U59/><E59/><V23/><F23/><W84/><G84/><T1/><D1/><U90/><E90/><V51/><F29/><W43/><G43/><T67/><REACH who="0" step="1"/><D71/><REACH who="0" ten="240,250,250,240" step="2"/><U61/><E135/><V81/><F68/><W132/><G132/><T83/><D83/><U126/><E133/><V130/><F81/><W125/><G125/><T121/><D121/><U76/><E126/><V97/><F82/><RYUUKYOKU ba="0,2" sc="240,15,250,-15,250,-15,240,15" hai0="14,17,21,40,42,49,52,63,67,69,89,92,98" hai3="10,15,16,48,53,54,56,58,85,88,94,120,123" /><INIT seed="0,1,2,2,4,69" ten="255,235,235,255" oya="0" hai0="79,20,10,8,57,113,75,112,3,135,58,89,101" hai1="132,31,122,117,77,119,68,7,121,128,85,59,123" hai2="86,120,127,49,62,38,129,45,111,32,64,36,2" hai3="54,51,93,90,65,83,66,87,13,48,23,22,82"/><T16/><BYE who="2" /><D75/><U15/><E68/><V74/><F74/><W133/><G133/><T96/><D79/><U105/><E105/><V109/><F109/><W81/><G48/><T118/><D89/><U21/><E59/><V106/><F106/><W60/><G13/><T30/><D58/><U50/><E50/><V43/><F43/><W14/><G14/><T91/><D91/><U28/><E85/><V34/><F34/><W108/><G108/><T94/><D57/><UN n2="%E3%82%A6%E3%83%AB%E3%83%88%E3%83%A9%E7%AB%8B%E7%9B%B4" /><U17/><E77/><V130/><F32/><W55/><G55/><T84/><D84/><U73/><E73/><V47/><F2/><W102/><G102/><T124/><D94/><U42/><E42/><N who="2" m="24759" /><F47/><N who="3" m="28031" /><G60/><T67/><D96/><U40/><E40/><V11/><F11/><W5/><G5/><T0/><D67/><AGARI ba="1,2" hai="22,23,65,66,67,81,82,83,87,90,93" m="28031" machi="67" ten="30,1000,0" yaku="8,1" doraHai="69" who="3" fromWho="0" sc="255,-13,235,0,235,0,255,33" /><INIT seed="1,0,0,1,2,35" ten="242,235,235,288" oya="1" hai0="98,87,99,93,126,100,20,11,3,47,84,118,16" hai1="119,5,60,80,1,8,85,6,48,21,30,130,23" hai2="74,135,67,112,56,31,89,49,76,63,51,24,40" hai3="28,34,109,12,42,18,7,121,17,122,4,36,97"/><U103/><E119/><V14/><F76/><W90/><G36/><T66/><D66/><U41/><E130/><V111/><F74/><W92/><G42/><T27/><D118/><U113/><E113/><V52/><F112/><W132/><G132/><T58/><D47/><U104/><E60/><V91/><F135/><W116/><G116/><T26/><D26/><U106/><E103/><V81/><F81/><W75/><G75/><T13/><D126/><U50/><E48/><V2/><F2/><W120/><G109/><T115/><D115/><U68/><E68/><V19/><F49/><W101/><G18/><T53/><D99/><U107/><E30/><V70/><F111/><W65/><G65/><T134/><D134/><U127/><E127/><V96/><F96/><W9/><G28/><T125/><D125/><U129/><E129/><V102/><F102/><W110/><G34/><T78/><D78/><U37/><E37/><V108/><F108/><W71/><G71/><T22/><D22/><U54/><E6/><V45/><F45/><W29/><G29/><T62/><REACH who="0" step="1"/><D3/><REACH who="0" ten="232,235,235,288" step="2"/><U133/><E133/><V15/><F40/><W38/><G110/><T105/><D105/><U128/><E41/><V77/><F77/><W55/><G38/><T117/><D117/><U10/><E128/><V82/><F67/><W69/><G69/><T43/><D43/><U32/><E32/><V0/><F24/><W46/><G46/><T73/><D73/><U57/><REACH who="1" step="1"/><E8/><REACH who="1" ten="232,225,235,288" step="2"/><V33/><F33/><W83/><G55/><T64/><D64/><U44/><E44/><V123/><F70/><RYUUKYOKU ba="0,2" sc="232,10,225,10,235,-30,288,10" hai0="11,13,16,20,27,53,58,62,84,87,93,98,100" hai1="1,5,10,21,23,50,54,57,80,85,104,106,107" hai3="4,7,9,12,17,83,90,92,97,101,120,121,122" /><INIT seed="1,1,2,3,3,83" ten="242,235,205,298" oya="1" hai0="0,12,72,134,91,55,45,29,53,69,64,71,41" hai1="21,13,94,109,95,61,124,76,4,51,26,62,100" hai2="54,43,60,88,135,75,129,96,42,127,123,85,27" hai3="70,19,49,92,57,74,15,25,118,121,119,50,3"/><U73/><E73/><V108/><F75/><W111/><G74/><T63/><D0/><U10/><E124/><V110/><F123/><W117/><G70/><T98/><D72/><U120/><E120/><V22/><F127/><W59/><G121/><T32/><D32/><U113/><E113/><V52/><F96/><W38/><G38/><T128/><D29/><U17/><E76/><V39/><F129/><W126/><G126/><T47/><D12/><U35/><E109/><N who="2" m="42091" /><F135/><W122/><G122/><T107/><D107/><U18/><E35/><V11/><F11/><W6/><G111/><T68/><D98/><U103/><E51/><N who="3" m="19466" /><G25/><T33/><D91/><U9/><E94/><N who="2" m="54543" /><F60/><N who="1" m="23145" /><E95/><V14/><F14/><AGARI ba="1,2" hai="4,9,10,13,14,17,18,21,26,100,103" m="23145" machi="14" ten="30,1500,0" yaku="8,1" doraHai="83" who="1" fromWho="2" sc="242,0,235,38,205,-18,298,0" /><INIT seed="1,2,0,4,2,20" ten="242,273,187,298" oya="1" hai0="85,8,83,87,79,48,9,30,2,128,131,91,17" hai1="60,43,115,123,114,92,32,6,21,86,39,34,105" hai2="120,116,117,3,53,133,27,37,100,104,76,23,135" hai3="67,28,103,59,118,88,96,84,10,101,65,134,93"/><U126/><E105/><V99/><F37/><W95/><G134/><N who="2" m="51209" /><F3/><W113/><G113/><T107/><D2/><U18/><E123/><V62/><F76/><W70/><G118/><T11/><D30/><U77/><E34/><V63/><F120/><W4/><G70/><T90/><D107/><U41/><E32/><V16/><F62/><W26/><G101/><T75/><D48/><U57/><E39/><V132/><F132/><W97/><G59/><AGARI ba="2,0" hai="16,23,27,53,59,63,99,100,104,116,117" m="51209" machi="59" ten="30,3900,0" yaku="20,1,52,1,54,1" doraHai="20" who="2" fromWho="3" sc="242,0,273,0,187,45,298,-45" /><INIT seed="2,0,0,2,5,65" ten="242,273,232,253" oya="2" hai0="120,99,1,34,91,52,28,19,92,124,55,94,5" hai1="27,72,133,35,75,82,113,13,30,49,47,130,118" hai2="3,38,125,106,46,12,83,32,25,115,64,60,24" hai3="51,68,109,61,0,22,119,53,135,15,102,33,39"/><V132/><F25/><W69/><G33/><T117/><D1/><U45/><E118/><V70/><F12/><W79/><G119/><T50/><D5/><U18/><E113/><V97/><F83/><W111/><G0/><T26/><D117/><U16/><E130/><V71/><F115/><W73/><G39/><T93/><D120/><U11/><E133/><V36/><F132/><W80/><G135/><T21/><D124/><U112/><E112/><V77/><F77/><W100/><G61/><T96/><D50/><U43/><E18/><V85/><F85/><W126/><G22/><T134/><D134/><U116/><E116/><V37/><F3/><W90/><G90/><T74/><D74/><U2/><E82/><V123/><F123/><W59/><G15/><T41/><D41/><U42/><REACH who="1" step="1"/><E2/><REACH who="1" ten="242,263,232,253" step="2"/><V67/><F125/><W81/><G81/><T104/><D104/><U4/><E4/><V105/><F105/><W84/><G126/><T29/><D94/><U17/><E17/><V14/><F14/><W108/><G73/><T40/><D40/><U128/><E128/><V7/><F7/><W103/><AGARI ba="0,1" hai="51,53,59,68,69,79,80,84,100,102,103,108,109,111" machi="103" ten="40,8000,1" yaku="0,1,14,1,52,2" doraHai="65" who="3" fromWho="3" sc="242,-20,263,-20,232,-40,253,90" /><INIT seed="3,0,0,5,5,120" ten="222,243,192,343" oya="3" hai0="5,74,105,130,108,117,85,86,0,17,32,66,61" hai1="63,114,7,51,46,125,67,24,9,126,82,10,38" hai2="44,107,131,68,34,124,97,30,55,78,123,115,95" hai3="91,8,64,22,84,37,71,103,76,35,52,50,18"/><W83/><G35/><T26/><D74/><U111/><E114/><V2/><F55/><W104/><G37/><T40/><D105/><U101/><E101/><V129/><F95/><W16/><G104/><T65/><D40/><U72/><E24/><V31/><F44/><N who="3" m="27719" /><G71/><T11/><D85/><U99/><E99/><V94/><F94/><W33/><G33/><T56/><D86/><U132/><E9/><V92/><F92/><W75/><G75/><T15/><D117/><U42/><E132/><V116/><F97/><W121/><G64/><T14/><D66/><U25/><E25/><V127/><F78/><W29/><G103/><T134/><D65/><U119/><E119/><V98/><F98/><W93/><G121/><T102/><D61/><U90/><E90/><V36/><F31/><W81/><G76/><T128/><D56/><U73/><E51/><V96/><F30/><W87/><G87/><T109/><D102/><U62/><E62/><V57/><F57/><W118/><G118/><T6/><D134/><U3/><E111/><N who="0" m="42569" /><D6/><U89/><E89/><V113/><F96/><W28/><G81/><T23/><D15/><U106/><E106/><V13/><F13/><N who="3" m="7207" /><G83/><T20/><D32/><U47/><E47/><V122/><F122/><W69/><G69/><T45/><D45/><U110/><E110/><V19/><F123/><W48/><G48/><T58/><D58/><N who="1" m="37367" /><E72/><V21/><F116/><W43/><G43/><T77/><D77/><AGARI ba="0,0" hai="3,7,10,38,42,46,73,77,82,125,126" m="37367" machi="77" ten="30,1000,0" yaku="25,1" doraHai="120" who="1" fromWho="0" sc="222,-10,243,10,192,0,343,0" /><INIT seed="4,0,0,4,0,133" ten="212,253,192,343" oya="0" hai0="7,32,6,9,75,80,15,96,28,87,17,82,77" hai1="105,71,114,104,62,102,16,74,109,20,126,120,34" hai2="124,30,84,129,13,57,29,79,69,41,89,54,11" hai3="38,70,18,121,61,36,37,60,99,68,26,12,45"/><T95/><D32/><U49/><E120/><V2/><F2/><W92/><G26/><T106/><D28/><U128/><E109/><V23/><F69/><W88/><G121/><T4/><D4/><U85/><E74/><V76/><F41/><W93/><G45/><T66/><D66/><U65/><E34/><V53/><F129/><W10/><G68/><T122/><D122/><U47/><E128/><V46/><F46/><W43/><G43/><T31/><D31/><U116/><E116/><V1/><F1/><W50/><G50/><T8/><D8/><U52/><E114/><V27/><F30/><W119/><G119/><T123/><D123/><U3/><E3/><V25/><F25/><W63/><G70/><T94/><D94/><U117/><E117/><V86/><F86/><W100/><REACH who="3" step="1"/><G60/><REACH who="3" ten="212,253,192,333" step="2"/><T21/><D21/><U127/><E85/><AGARI ba="0,1" hai="10,12,18,36,37,38,61,63,85,88,92,93,99,100" machi="85" ten="40,5200,0" yaku="1,1,2,1,54,1,53,0" doraHai="133" doraHaiUra="78" who="3" fromWho="1" sc="212,0,253,-52,192,0,333,62" /><INIT seed="5,0,0,3,0,27" ten="212,201,192,395" oya="1" hai0="2,67,82,53,117,46,107,21,55,12,52,129,23" hai1="91,114,25,13,54,103,83,125,4,45,61,58,44" hai2="70,71,98,26,104,96,17,50,39,36,49,32,42" hai3="74,115,18,69,123,31,76,90,97,89,101,127,84"/><U14/><E114/><V94/><F17/><W120/><G69/><T37/><D107/><U92/><E125/><V109/><F109/><W135/><G18/><T30/><D2/><U41/><E103/><V133/><F133/><W73/><G31/><T131/><D82/><U102/><E102/><V87/><F87/><W112/><G135/><T113/><D12/><U5/><E83/><V51/><F104/><W128/><G127/><T116/><D21/><U33/><E45/><V132/><F132/><W93/><G128/><N who="0" m="49227" /><D23/><U122/><E122/><N who="3" m="46634" /><G90/><T29/><D67/><U105/><E105/><V124/><F124/><W40/><G40/><N who="0" m="22799" /><D113/><N who="3" m="43593" /><G76/><T111/><D111/><U28/><E5/><V64/><F64/><W118/><G118/><AGARI ba="0,0" hai="29,30,52,53,55,116,117,118" m="22799,49227" machi="118" ten="40,8000,1" yaku="19,1,52,2,54,1" doraHai="27" who="0" fromWho="3" sc="212,80,201,0,192,0,395,-80" /><INIT seed="6,0,0,5,0,94" ten="292,201,192,315" oya="2" hai0="28,20,9,49,80,70,11,35,4,6,54,123,130" hai1="125,108,14,110,61,122,69,95,8,2,106,79,27" hai2="87,48,86,78,91,84,72,34,25,0,36,89,119" hai3="51,29,112,99,23,17,129,33,22,5,88,66,31"/><V64/><F36/><W73/><G73/><T114/><D70/><U75/><E14/><V44/><F0/><W40/><G129/><T47/><D80/><U63/><E27/><V128/><F119/><W65/><G33/><T7/><D47/><U93/><E122/><V16/><F128/><W115/><G5/><T18/><D49/><U39/><E39/><V15/><F64/><N who="3" m="24683" /><G51/><T126/><D54/><U81/><E106/><V21/><F72/><W68/><G40/><T124/><D130/><U76/><E75/><V30/><REACH who="2" step="1"/><F78/><REACH who="2" ten="292,201,182,315" step="2"/><W98/><G68/><T116/><D123/><U104/><E2/><V12/><F12/><N who="3" m="9511" /><G112/><T133/><D114/><U1/><E69/><V101/><F101/><W74/><G74/><T83/><D83/><U3/><E81/><V57/><F57/><W111/><G115/><T100/><D100/><U71/><E71/><V132/><F132/><W131/><G131/><T134/><D116/><U103/><E1/><V117/><F117/><W24/><G111/><T102/><D102/><U43/><E3/><V52/><AGARI ba="0,1" hai="15,16,21,25,30,34,44,48,52,84,86,87,89,91" machi="52" ten="30,11700,0" yaku="1,1,0,1,54,2,53,0" doraHai="94" doraHaiUra="32" who="2" fromWho="2" sc="292,-39,201,-39,182,127,315,-39" /><INIT seed="6,1,0,2,2,37" ten="253,162,309,276" oya="2" hai0="59,17,121,90,35,49,11,112,12,117,48,85,126" hai1="129,36,79,21,82,28,73,67,131,102,71,100,88" hai2="50,97,52,47,64,128,111,106,91,38,89,24,103" hai3="135,130,54,86,107,40,66,133,98,119,120,51,19"/><V122/><F128/><W60/><G130/><N who="1" m="49674" /><E71/><V93/><F122/><W62/><G119/><T3/><D35/><U53/><E67/><V25/><F111/><W4/><G120/><T92/><D121/><U104/><E53/><V32/><F32/><W83/><G4/><T118/><D3/><U113/><E36/><V27/><F64/><W95/><G107/><T109/><D109/><U46/><E46/><V123/><F123/><W70/><G19/><T134/><D112/><U68/><E21/><V15/><F38/><W43/><G60/><T26/><D126/><U72/><E28/><V5/><F106/><W96/><G96/><T30/><D134/><N who="3" m="51209" /><G86/><T33/><REACH who="0" step="1"/><D59/><REACH who="0" ten="243,162,309,276" step="2"/><U115/><E68/><V29/><F29/><W75/><G75/><T18/><D18/><U34/><E34/><V55/><F5/><W101/><G83/><T58/><D58/><AGARI ba="1,1" hai="40,43,51,54,58,62,66,70,95,98,101" m="51209" machi="58" ten="30,3900,0" yaku="20,1,52,2" doraHai="37" who="3" fromWho="0" sc="243,-42,162,0,309,0,276,52" /><INIT seed="7,0,0,2,3,120" ten="201,162,309,328" oya="3" hai0="76,50,111,30,20,72,109,108,43,15,129,133,101" hai1="74,25,96,103,92,77,85,93,4,87,60,35,113" hai2="44,6,5,71,70,83,55,100,8,14,23,56,57" hai3="114,128,130,46,65,135,39,99,90,118,102,18,110"/><W11/><G118/><T94/><D50/><U88/><E4/><V48/><F70/><W134/><G65/><T84/><D43/><U29/><E113/><V73/><F71/><W124/><G114/><T17/><D30/><U116/><E116/><V13/><F73/><W9/><G90/><N who="0" m="53575" /><D20/><U123/><E123/><V79/><F100/><W132/><G18/><T34/><D17/><U45/><E74/><V31/><F83/><W91/><G91/><T7/><D15/><U68/><E77/><V119/><F79/><W33/><G33/><T42/><D7/><U62/><E68/><V32/><F32/><W69/><G69/><T24/><D42/><U54/><E85/><V64/><F119/><W59/><G59/><T0/><D24/><U98/><E87/><V97/><F97/><W16/><G46/><T28/><D34/><U63/><REACH who="1" step="1"/><E45/><REACH who="1" ten="201,152,309,328" step="2"/><V2/><F2/><W40/><G132/><T67/><D0/><U105/><E105/><V81/><F44/><W112/><G112/><T19/><D67/><U125/><E125/><V49/><F64/><W104/><G124/><T80/><D28/><U106/><E106/><V115/><F115/><W53/><G104/><T75/><D19/><U10/><E10/><N who="2" m="4303" /><F31/><W126/><G126/><T26/><D26/><U82/><E82/><V1/><F81/><W52/><G134/><T38/><D133/><U131/><E131/><V127/><F127/><W12/><G135/><T78/><D129/><N who="3" m="49769" /><G9/><T107/><D38/><U86/><E86/><V47/><F49/><W95/><G39/><T3/><D3/><U51/><E51/><RYUUKYOKU ba="0,1" sc="201,-15,152,15,309,15,328,-15" hai1="25,29,35,54,60,62,63,88,92,93,96,98,103" hai2="1,6,8,14,23,47,48,55,56,57" owari="186,-21.0,167,-33.0,334,43.0,313,11.0" /></mjloggm>