<mjloggm ver="2.3"><GO type="169" lobby="0"/><UN n0="%EF%BC%88%E2%89%A7%E2%96%BD%E2%89%A6%EF%BC%89" n1="%E3%83%9F%E3%83%A9%E3%82%AF%E3%83%AB%E3%81%8A%E3%81%98%E3%81%95%E3%82%93" n2="%78%72%63%35%32%34%32%38" n3="%73%70%6F%69%6C%65%64" dan="19,17,16,17" rate="2285.07,2129.21,2116.54,2101.74" sx="M,M,M,M"/><TAIKYOKU oya="0"/><INIT seed="0,0,0,2,5,18" ten="250,250,250,250" oya="0" hai0="99,7,114,74,57,80,129,100,19,103,126,112,33" hai1="3,16,30,35,72,58,125,101,42,56,81,1,41" hai2="111,98,95,38,55,8,14,96,25,49,107,76,69" hai3="20,116,130,26,70,133,27,67,46,93,31,82,102"/><T34/><D7/><U15/><E125/><V61/><F38/><W47/><G116/><T21/><D126/><U120/><E120/><V63/><F111/><W24/><G130/><T9/><D9/><U29/><E101/><V32/><F76/><W97/><G133/><T87/><D74/><U4/><E4/><V134/><F134/><W91/><G70/><T83/><D129/><U12/><E81/><V51/><F51/><W64/><G64/><T60/><D103/><U115/><E72/><V68/><F98/><W0/><G67/><T37/><D83/><U50/><E50/><V2/><F107/><W53/><G0/><T108/><D108/><U44/><E44/><N who="3" m="16938" /><G53/><T59/><D59/><U54/><E54/><V79/><F55/><W84/><AGARI ba="0,0" hai="20,24,26,27,31,82,84,91,93,97,102" m="16938" machi="84" ten="30,2000,0" yaku="8,1,52,1" doraHai="18" who="3" fromWho="3" sc="250,-10,250,-5,250,-5,250,20" /><INIT seed="1,0,0,5,1,65" ten="240,245,245,270" oya="1" hai0="11,71,99,76,38,82,98,22,34,40,41,112,8" hai1="122,62,49,39,54,20,72,35,63,88,27,103,125" hai2="0,43,120,100,64,111,95,51,52,134,118,114,59" hai3="124,33,17,15,1,61,53,102,115,92,135,106,10"/><U104/><E122/><V70/><F120/><W87/><G106/><T74/><D34/><U79/><E39/><V44/><F118/><W81/><G33/><T83/><D112/><U46/><E35/><V113/><F0/><W78/><G115/><N who="2" m="44041" /><F134/><W128/><G128/><T66/><D22/><U16/><E125/><V60/><F95/><W31/><G31/><T101/><D82/><U45/><E46/><V85/><F85/><W29/><G29/><T56/><D56/><U127/><E127/><V105/><F100/><W90/><G102/><T94/><D99/><U96/><REACH who="1" step="1"/><E88/><REACH who="1" ten="240,235,245,270" step="2"/><V110/><F105/><W97/><G124/><T86/><D38/><AGARI ba="0,1" hai="38,43,44,51,52,59,60,64,70,110,111" m="44041" machi="38" ten="30,12000,2" yaku="24,1,11,1,34,2,52,1,54,1" doraHai="65" who="2" fromWho="0" sc="240,-120,235,0,245,130,270,0" /><INIT seed="2,0,0,2,4,78" ten="120,235,375,270" oya="2" hai0="42,91,93,109,37,100,2,79,25,103,34,49,81" hai1="1,87,30,60,58,45,21,51,54,6,85,115,48" hai2="18,89,47,4,16,74,70,130,86,9,8,43,63" hai3="135,129,113,68,39,133,101,96,50,15,41,108,55"/><V27/><F74/><W36/><G68/><T116/><D2/><U22/><E115/><V119/><F119/><W134/><G113/><T75/><D116/><U127/><E127/><V5/><F130/><W80/><G129/><T14/><D109/><U7/><E1/><V104/><F104/><N who="3" m="63527" /><G41/><T28/><D37/><U105/><E105/><V11/><F70/><W31/><G31/><T23/><D42/><U35/><E35/><V77/><F77/><W12/><G108/><T52/><D14/><N who="3" m="5161" /><G80/><T59/><REACH who="0" step="1"/><D34/><REACH who="0" ten="110,235,375,270" step="2"/><U53/><E6/><V121/><F4/><W112/><G112/><T98/><AGARI ba="0,1" hai="23,25,28,49,52,59,75,79,81,91,93,98,100,103" machi="98" ten="20,12000,2" yaku="1,1,2,1,0,1,7,1,52,1,54,1,53,1" doraHai="78" doraHaiUra="95" who="0" fromWho="0" sc="110,130,235,-30,375,-60,270,-30" /><INIT seed="3,0,0,5,2,112" ten="240,205,315,240" oya="3" hai0="120,131,101,104,20,27,30,38,105,107,117,12,13" hai1="82,15,121,94,92,74,73,96,106,0,21,52,135" hai2="89,14,1,97,18,102,41,79,42,126,39,114,28" hai3="134,33,109,23,61,65,69,119,116,47,133,93,2"/><W80/><G2/><T54/><D120/><U81/><E0/><V26/><F1/><W110/><G33/><T44/><D131/><U16/><E121/><V22/><F126/><W124/><G124/><T98/><D117/><N who="3" m="45129" /><G93/><T29/><D29/><U103/><E135/><N who="3" m="51722" /><G23/><T51/><REACH who="0" step="1"/><D38/><REACH who="0" ten="230,205,315,240" step="2"/><U72/><REACH who="1" step="1"/><E52/><REACH who="1" ten="230,195,315,240" step="2"/><V62/><F114/><W88/><G47/><T76/><D76/><U8/><E8/><V9/><F79/><W35/><G35/><T87/><D87/><AGARI ba="0,2" hai="61,65,69,80,87,88,109,110" m="51722,45129" machi="87" ten="40,12000,1" yaku="20,1,52,3,54,1" doraHai="112" who="3" fromWho="0" sc="230,-120,195,0,315,0,240,140" /><INIT seed="3,1,0,4,4,70" ten="110,195,315,380" oya="3" hai0="60,58,96,16,87,28,9,42,52,41,135,108,99" hai1="30,35,125,119,38,26,93,22,24,91,118,131,68" hai2="64,0,23,75,104,21,83,45,132,73,107,18,11" hai3="10,81,115,71,6,76,5,40,44,86,12,27,102"/><W94/><G71/><T57/><D135/><U82/><E68/><V88/><F132/><W109/><G109/><T123/><D123/><U101/><E125/><V105/><F64/><W8/><G115/><T77/><D108/><U47/><E131/><V19/><F45/><W62/><G62/><T61/><D28/><U43/><E82/><V120/><F120/><W121/><G121/><T25/><D77/><U129/><E101/><V84/><F0/><W114/><G114/><T95/><D87/><U56/><E56/><V122/><F122/><W20/><G94/><T59/><D59/><U112/><E129/><V7/><F7/><N who="3" m="3103" /><G10/><T33/><D33/><U97/><REACH who="1" step="1"/><E112/><REACH who="1" ten="110,185,315,380" step="2"/><V36/><F11/><W66/><G102/><N who="0" m="60703" /><D9/><U116/><E116/><V92/><F83/><W133/><G133/><T3/><D3/><U113/><E113/><V14/><REACH who="2" step="1"/><F36/><REACH who="2" ten="110,185,305,380" step="2"/><W80/><G81/><T106/><D58/><U17/><AGARI ba="1,2" hai="17,22,24,26,30,35,38,43,47,91,93,97,118,119" machi="17" ten="30,4000,0" yaku="1,1,0,1,52,1,53,0" doraHai="70" doraHaiUra="110" who="1" fromWho="1" sc="110,-11,185,63,305,-11,380,-21" /><INIT seed="4,0,0,4,5,103" ten="99,248,294,359" oya="0" hai0="106,7,83,92,96,63,44,129,41,76,5,97,25" hai1="113,102,87,109,59,68,101,12,60,36,122,71,11" hai2="16,99,65,88,123,38,126,35,80,45,125,0,2" hai3="8,28,24,105,27,81,74,46,51,43,3,6,121"/><T62/><D129/><U58/><E122/><V135/><F35/><W34/><G27/><T22/><D106/><U115/><E109/><V95/><F123/><W78/><G121/><T32/><D32/><U127/><E36/><V131/><F65/><W93/><G93/><T82/><D96/><U108/><E108/><V79/><F135/><W85/><REACH who="3" step="1"/><G105/><REACH who="3" ten="99,248,294,349" step="2"/><T73/><D83/><U91/><E115/><V98/><F131/><W15/><G15/><T49/><D5/><U30/><E113/><V133/><F133/><W19/><G19/><T116/><D7/><U56/><E12/><V13/><F0/><W84/><AGARI ba="0,1" hai="3,6,8,24,28,34,43,46,51,74,78,81,84,85" machi="84" ten="30,2000,0" yaku="1,1,0,1,53,0" doraHai="103" doraHaiUra="18" who="3" fromWho="3" sc="99,-10,248,-5,294,-5,349,30" /><INIT seed="5,0,0,4,0,81" ten="89,243,289,379" oya="1" hai0="105,55,72,74,24,109,54,96,125,49,62,0,39" hai1="94,61,10,134,86,45,110,27,25,77,3,89,101" hai2="20,11,15,97,84,93,42,127,18,117,13,52,21" hai3="112,63,16,5,8,131,119,40,19,91,48,26,133"/><U28/><E134/><V73/><F73/><W120/><G120/><T66/><D39/><U123/><E123/><V108/><F108/><W122/><G122/><T83/><D109/><U88/><E110/><V114/><F127/><W34/><G133/><T57/><D125/><U107/><E77/><V44/><F114/><W32/><G131/><T9/><D54/><U68/><E89/><N who="2" m="53415" /><F117/><W4/><G112/><T129/><D129/><U82/><E107/><V14/><F42/><W36/><G36/><T53/><D53/><U56/><E68/><V100/><F100/><W115/><G115/><T37/><D37/><U79/><E101/><V51/><F97/><W58/><G119/><T95/><D105/><U47/><E10/><N who="2" m="6455" /><F15/><W38/><G38/><T76/><D24/><N who="1" m="9291" /><E3/><V1/><F1/><W78/><G78/><T59/><D0/><U6/><E6/><AGARI ba="0,0" hai="6,11,14,20,21,44,51,52" m="6455,53415" machi="6" ten="30,3900,0" yaku="8,1,52,1,54,1" doraHai="81" who="2" fromWho="1" sc="89,0,243,-39,289,39,379,0" /><INIT seed="6,0,0,5,3,86" ten="89,204,328,379" oya="2" hai0="62,94,32,8,63,67,104,5,59,112,49,33,93" hai1="113,30,51,61,133,116,134,45,103,115,58,83,24" hai2="127,29,91,71,73,48,17,46,47,107,26,40,22" hai3="43,16,122,131,100,75,92,81,53,114,65,60,2"/><V84/><F107/><W50/><G2/><T1/><D104/><U44/><E116/><V70/><F73/><W79/><G43/><T4/><D112/><N who="1" m="43083" /><E103/><V39/><F127/><W68/><G114/><T19/><D49/><U130/><E83/><V90/><F29/><W14/><G122/><T15/><D5/><U72/><E72/><V25/><F25/><W69/><G69/><T9/><D93/><U11/><E11/><V66/><F66/><W132/><G132/><N who="1" m="50794" /><E51/><V76/><F76/><W34/><G34/><T117/><D117/><U106/><E106/><V36/><F36/><W96/><G75/><T89/><REACH who="0" step="1"/><D62/><REACH who="0" ten="79,204,328,379" step="2"/><U101/><E61/><V125/><F125/><W120/><G60/><T18/><D18/><U129/><E130/><V23/><F48/><W28/><G16/><T135/><D135/><U42/><E129/><V88/><F47/><W27/><G50/><T56/><D56/><U21/><E58/><V6/><F6/><W80/><G131/><T97/><AGARI ba="0,1" hai="1,4,8,9,15,19,32,33,59,63,67,89,94,97" machi="97" ten="20,5200,0" yaku="1,1,0,1,7,1,52,1,53,0" doraHai="86" doraHaiUra="121" who="0" fromWho="0" sc="79,62,204,-13,328,-26,379,-13" /><INIT seed="7,0,0,3,0,76" ten="141,191,302,366" oya="3" hai0="78,125,119,59,74,64,126,71,39,122,42,93,108" hai1="36,105,81,19,129,15,87,79,12,116,131,103,106" hai2="95,104,85,43,52,47,56,22,38,83,128,21,54" hai3="34,70,135,25,23,110,55,69,132,114,6,84,48"/><W2/><G34/><T127/><D119/><U27/><E36/><V9/><F104/><N who="1" m="40041" /><E103/><V58/><F128/><N who="1" m="49225" /><E116/><V57/><F9/><N who="3" m="2263" /><G84/><T66/><D122/><U88/><E79/><V49/><F95/><W100/><G100/><T60/><D108/><U67/><E67/><V40/><F38/><W62/><G62/><N who="0" m="40407" /><D93/><U7/><E7/><V1/><F1/><W61/><G61/><T65/><D78/><U112/><E112/><V77/><REACH who="2" step="1"/><F54/><REACH who="2" ten="141,191,292,366" step="2"/><W41/><G114/><T44/><D74/><U90/><E90/><V109/><F109/><W24/><G110/><T99/><D99/><U117/><E117/><V111/><F111/><W91/><G91/><T80/><D80/><U45/><E88/><V96/><F96/><W123/><G55/><AGARI ba="0,1" hai="39,42,44,55,59,60,64,65,125,126,127" m="40407" machi="55" ten="30,3900,0" yaku="18,1,34,2" doraHai="76" who="0" fromWho="3" sc="141,49,191,0,292,0,366,-39" owari="190,-31.0,191,-21.0,292,9.0,327,43.0" /></mjloggm>