<mjloggm ver="2.3"><GO type="169"/><UN n0="%E3%81%AF%E3%81%90%E3%82%8C%E3%83%9F%E3%83%B3%E3%83%88" n1="%EF%BC%88%E2%89%A7%E2%96%BD%E2%89%A6%EF%BC%89" n2="%E3%82%82%E3%81%A3%E3%81%97%E3%83%BC" n3="%E5%8D%83%E4%BB%A3%E3%81%AE%E5%AF%8C%E5%A3%AB" dan="16,18,16,16" rate="2086,2176,2062,2122" sx="F,M,M,M"/><TAIKYOKU oya="0"/><INIT seed="0,0,0,2,4,5" ten="250,250,250,250" oya="0" hai0="77,128,65,112,127,28,45,56,119,135,15,14,54" hai1="120,124,129,121,49,126,132,48,43,25,20,66,27" hai2="107,63,12,10,101,86,13,29,75,73,41,106,32" hai3="37,68,110,26,8,36,111,17,9,46,117,78,6"/><T4/><D119/><U51/><E132/><V95/><F41/><W69/><G117/><T47/><D112/><U52/><E129/><V74/><F63/><W133/><G133/><T61/><D135/><U2/><E2/><V80/><F13/><N who="3" m="7343" /><G26/><N who="1" m="9738" /><E20/><V42/><F42/><N who="3" m="22855" /><G37/><T118/><D118/><U44/><E66/><V23/><F32/><W115/><G78/><T53/><D128/><U72/><E72/><V33/><F33/><W131/><G115/><T22/><D28/><U94/><E94/><V19/><F29/><W11/><G131/><T100/><D127/><N who="1" m="48683" /><E49/><V18/><F95/><W125/><G125/><T103/><D77/><U59/><AGARI ba="0,0" hai="43,44,48,51,52,59,120,121" m="48683,9738" machi="59" ten="30,2000,0" yaku="18,1,54,1" doraHai="5" who="1" fromWho="1" sc="250,-10,250,20,250,-5,250,-5" /><INIT seed="1,0,0,3,2,126" ten="240,270,245,245" oya="1" hai0="20,0,115,78,3,41,88,31,113,133,102,52,25" hai1="19,11,60,74,98,61,13,129,87,21,84,93,2" hai2="96,34,45,86,50,134,56,46,80,47,24,111,108" hai3="85,90,64,55,66,42,33,68,8,95,125,116,130"/><U63/><E74/><V12/><F134/><W124/><G33/><T40/><D133/><U128/><E2/><V1/><F1/><W131/><G116/><T77/><D102/><U53/><E11/><V122/><F122/><W17/><G42/><T28/><D20/><U62/><E62/><V6/><F96/><W57/><G8/><T101/><D101/><U107/><E53/><N who="2" m="31799" /><F34/><W29/><G29/><T83/><D52/><U69/><E69/><V91/><F24/><W37/><G37/><T49/><D49/><U30/><E30/><V109/><F12/><W114/><G17/><T132/><D25/><U14/><E14/><V39/><F6/><W123/><G123/><T119/><D83/><U105/><E105/><V27/><F27/><W97/><G90/><T38/><D132/><U15/><E15/><V44/><F44/><W117/><G117/><T106/><D119/><U71/><E107/><V82/><F82/><W16/><G85/><T51/><D51/><U99/><E99/><V110/><F111/><W54/><G16/><T59/><D106/><U7/><E7/><V26/><F26/><W73/><G73/><T112/><D112/><U92/><E71/><V76/><F76/><W75/><G68/><T23/><D23/><U100/><REACH who="1" step="1"/><E93/><REACH who="1" ten="240,260,245,245" step="2"/><V4/><F4/><W10/><G95/><T127/><D0/><U89/><E89/><V5/><F5/><W104/><G97/><T43/><D3/><U32/><E32/><V48/><F39/><W22/><G75/><T58/><D38/><U118/><E118/><V120/><F120/><W36/><G36/><RYUUKYOKU ba="0,1" sc="240,-15,260,15,245,15,245,-15" hai1="13,19,21,60,61,63,84,87,92,98,100,128,129" hai2="45,46,47,48,80,86,91,108,109,110" /><INIT seed="1,1,1,3,1,129" ten="225,275,260,230" oya="1" hai0="27,71,107,18,11,80,101,45,90,111,28,84,66" hai1="46,94,109,88,7,44,26,113,104,122,13,126,49" hai2="59,4,6,134,43,58,29,97,68,100,125,78,48" hai3="30,95,64,54,61,92,62,93,25,23,57,89,60"/><U91/><E122/><V86/><F68/><W5/><G5/><T131/><D111/><U74/><E104/><V85/><F29/><W38/><G38/><T67/><D131/><U21/><E74/><V110/><F110/><W118/><G118/><T33/><D71/><U76/><E109/><V2/><F125/><W41/><G41/><T79/><D45/><U34/><E76/><V0/><F43/><W120/><G120/><T114/><D114/><U112/><E34/><V31/><F31/><W133/><G133/><T40/><D40/><N who="1" m="24711" /><E126/><V116/><F116/><W87/><REACH who="3" step="1"/><G62/><REACH who="3" ten="225,275,260,220" step="2"/><T102/><D107/><U69/><E113/><V82/><F134/><W63/><G63/><T3/><D3/><U121/><E112/><V14/><F2/><W73/><G73/><T130/><D130/><U22/><E121/><V128/><F0/><W108/><G108/><T51/><D51/><U98/><E7/><V103/><F48/><W99/><G99/><T9/><D66/><U77/><E98/><V135/><F135/><W35/><G35/><T16/><D67/><U1/><E1/><V83/><F97/><W8/><G8/><T115/><D115/><U72/><E72/><V105/><F128/><W17/><G17/><T55/><D55/><U12/><E21/><V106/><F14/><W70/><AGARI ba="1,2" hai="23,25,30,54,57,60,61,64,70,87,89,92,93,95" machi="70" ten="20,2700,0" yaku="1,1,0,1,7,1,53,0" doraHai="129" doraHaiUra="124" who="3" fromWho="3" sc="225,-8,275,-14,260,-8,220,50" /><INIT seed="2,0,0,2,2,20" ten="217,261,252,270" oya="2" hai0="1,7,4,52,21,86,59,134,71,26,29,90,126" hai1="99,91,120,75,79,10,22,30,104,105,31,133,46" hai2="34,108,84,111,85,41,40,17,70,65,74,83,47" hai3="119,124,0,8,69,58,123,56,3,89,113,16,19"/><V37/><F40/><W127/><G69/><T55/><D134/><U14/><E120/><V77/><F34/><W131/><G123/><T25/><D71/><U49/><E133/><V35/><F35/><W130/><G119/><T129/><D126/><N who="3" m="48169" /><G113/><T39/><D39/><U98/><E75/><V82/><F17/><N who="3" m="6731" /><G89/><T33/><D129/><N who="3" m="49161" /><G8/><T38/><D38/><U109/><E10/><V32/><F32/><W80/><G80/><T81/><D1/><AGARI ba="0,0" hai="0,1,3,56,58" m="49161,6731,48169" machi="1" ten="40,8000,1" yaku="28,2,18,1,19,1,54,1" doraHai="20" who="3" fromWho="0" sc="217,-80,261,0,252,0,270,80" /><INIT seed="3,0,0,2,4,27" ten="137,261,252,350" oya="3" hai0="34,57,19,26,119,43,42,125,132,14,75,25,118" hai1="1,39,76,10,37,17,16,84,101,15,36,13,127" hai2="31,29,92,114,33,58,77,8,3,124,18,126,109" hai3="115,41,82,104,91,7,68,60,74,24,94,122,111"/><W51/><G104/><T44/><D75/><U69/><E69/><V46/><F33/><W106/><G106/><T117/><D132/><U116/><E116/><V70/><F70/><W35/><G122/><T78/><D125/><N who="2" m="48234" /><F114/><W38/><G115/><T113/><D113/><U28/><E127/><V134/><F134/><W130/><G7/><T108/><D108/><U2/><E101/><V105/><F105/><W93/><G38/><T64/><D78/><U50/><E50/><V88/><F109/><W80/><G74/><T52/><D64/><U67/><E67/><V71/><F71/><W32/><G111/><T12/><D43/><U22/><REACH who="1" step="1"/><E28/><REACH who="1" ten="137,251,252,350" step="2"/><V5/><F46/><W11/><G68/><T79/><D117/><U59/><E59/><V135/><F58/><W23/><G51/><T83/><D118/><U112/><E112/><V133/><F133/><W45/><G45/><T121/><D119/><U4/><E4/><V96/><F135/><W48/><G48/><T100/><D57/><U120/><E120/><V63/><F63/><W61/><G61/><T6/><D121/><U0/><E0/><V81/><F18/><W95/><G60/><T97/><D6/><U56/><E56/><V55/><F55/><W110/><G110/><T102/><D102/><U62/><E62/><V86/><AGARI ba="0,1" hai="3,5,8,29,31,77,81,86,88,92,96" m="48234" machi="86" ten="30,7900,0" yaku="18,1,52,2,54,1" doraHai="27" who="2" fromWho="2" sc="137,-20,251,-20,252,89,350,-39" /><INIT seed="4,0,0,1,4,55" ten="117,231,341,311" oya="0" hai0="108,52,106,79,109,81,93,42,76,5,13,123,110" hai1="125,68,78,56,124,3,88,122,11,105,104,118,98" hai2="64,4,130,26,51,73,48,60,91,121,43,134,24" hai3="80,38,135,50,103,114,117,32,49,45,20,58,84"/><T100/><D123/><U29/><E68/><V67/><F121/><W7/><G32/><T83/><D42/><U129/><E122/><V41/><F73/><W37/><G117/><T120/><D120/><U28/><E118/><V57/><F130/><W71/><G71/><T65/><D65/><U66/><E78/><N who="0" m="29737" /><D106/><U89/><E129/><V95/><F134/><W75/><G75/><T35/><D35/><U27/><E3/><V9/><F67/><W54/><G103/><T19/><D5/><U14/><E98/><V102/><F102/><W40/><G114/><T17/><D52/><U53/><E66/><V46/><F43/><W1/><G135/><T63/><D63/><N who="1" m="36239" /><E104/><V22/><F48/><W44/><G20/><N who="0" m="11311" /><D19/><N who="1" m="8671" /><E29/><V99/><F22/><W113/><G113/><T70/><D70/><U0/><E0/><AGARI ba="0,0" hai="0,4,9,24,26,41,46,51,57,60,64,91,95,99" machi="0" ten="30,2000,0" yaku="7,1,52,1" doraHai="55" who="2" fromWho="1" sc="117,0,231,-20,341,20,311,0" /><INIT seed="5,0,0,5,2,55" ten="117,211,361,311" oya="1" hai0="27,117,83,21,12,92,79,67,82,110,101,73,23" hai1="28,65,112,8,50,104,132,31,80,4,94,63,56" hai2="123,105,26,1,96,30,68,24,133,128,99,125,7" hai3="89,40,107,130,119,81,0,14,60,25,103,17,39"/><U116/><E104/><V129/><F68/><W77/><G0/><T16/><D110/><U126/><E116/><V87/><F123/><W62/><G130/><T111/><D111/><U22/><E132/><V113/><F133/><W38/><G119/><T48/><D117/><U52/><E126/><V97/><F125/><W124/><G124/><T61/><D82/><U69/><E112/><V91/><F105/><W75/><G25/><T95/><D48/><U74/><E94/><V134/><F134/><W43/><G89/><T115/><D101/><U2/><REACH who="1" step="1"/><E22/><REACH who="1" ten="117,201,361,311" step="2"/><V44/><F113/><W131/><G107/><T88/><D115/><U9/><E9/><V135/><F135/><W18/><G131/><T86/><D73/><U29/><E29/><V114/><F114/><W47/><G75/><T84/><D95/><U85/><E85/><V36/><F87/><W6/><G81/><T49/><D49/><U3/><E3/><V98/><F30/><W120/><G120/><T5/><D5/><U54/><E54/><V70/><F7/><W108/><G6/><T53/><D53/><U59/><E59/><V71/><F1/><W51/><G51/><T20/><REACH who="0" step="1"/><D12/><REACH who="0" ten="107,201,361,311" step="2"/><U93/><E93/><V118/><F118/><W45/><G108/><T102/><D102/><U66/><E66/><V35/><F129/><W15/><G103/><T41/><D41/><U78/><AGARI ba="0,2" hai="2,4,8,28,31,50,52,56,63,65,69,74,78,80" machi="78" ten="30,11700,0" yaku="1,1,0,1,52,1,54,1,53,0" doraHai="55" doraHaiUra="90" who="1" fromWho="1" sc="107,-39,201,137,361,-39,311,-39" /><INIT seed="5,1,0,2,4,39" ten="68,338,322,272" oya="1" hai0="100,69,11,86,101,132,38,94,66,45,133,129,103" hai1="22,74,84,97,96,60,47,23,65,123,99,115,105" hai2="56,127,54,135,102,64,81,108,27,128,31,5,85" hai3="24,125,122,35,120,48,12,80,9,1,131,87,49"/><U50/><E74/><V124/><F108/><W8/><G131/><T7/><D129/><U32/><E123/><V53/><F128/><W2/><G125/><N who="2" m="48201" /><F135/><W106/><G106/><T111/><D111/><U30/><E115/><V29/><F102/><W41/><G49/><T16/><D7/><U34/><E105/><V6/><F64/><W68/><G68/><T57/><D69/><U18/><E30/><N who="2" m="11275" /><F27/><W75/><G75/><T19/><D86/><U104/><E84/><V14/><F14/><W90/><G24/><T109/><D109/><U26/><E22/><V126/><F126/><W95/><G35/><T134/><D94/><U0/><E0/><V121/><F121/><W98/><G120/><T73/><D73/><U113/><E113/><V110/><F110/><W4/><G9/><T67/><D11/><U116/><E104/><V78/><F54/><W62/><G122/><T15/><D15/><U71/><REACH who="1" step="1"/><E116/><REACH who="1" ten="68,328,322,272" step="2"/><V21/><F21/><W10/><G2/><T119/><D119/><U40/><AGARI ba="1,1" hai="18,23,26,32,34,40,47,50,60,65,71,96,97,99" machi="40" ten="30,11700,0" yaku="1,1,2,1,0,1,52,1,53,0" doraHai="39" doraHaiUra="82" who="1" fromWho="1" sc="68,-40,328,130,322,-40,272,-40" /><INIT seed="5,2,0,1,3,107" ten="28,458,282,232" oya="1" hai0="129,104,11,81,48,10,123,12,70,114,131,120,51" hai1="78,40,58,69,34,38,91,50,5,27,19,0,18" hai2="15,24,45,133,101,36,117,102,106,83,25,89,132" hai3="135,116,3,47,121,30,96,56,110,35,57,6,128"/><U134/><E69/><V95/><F117/><W87/><G87/><T74/><D70/><U33/><E0/><V118/><F118/><W90/><G90/><T97/><D114/><U44/><E5/><V23/><F106/><W39/><G96/><T66/><D104/><U119/><E119/><V68/><F68/><W72/><G30/><T17/><D97/><U9/><E78/><V64/><F64/><W20/><G20/><T67/><D81/><U49/><E38/><V43/><F83/><W41/><G6/><T28/><D28/><U42/><E134/><N who="2" m="51819" /><F15/><W73/><G35/><T75/><REACH who="0" step="1"/><D12/><REACH who="0" ten="18,458,282,232" step="2"/><U125/><E33/><V55/><F102/><W94/><G116/><T111/><D111/><U52/><E34/><V124/><F101/><W31/><G110/><T84/><D84/><U82/><E82/><V76/><F95/><W53/><G31/><T112/><D112/><U54/><E91/><V79/><F89/><W4/><G135/><T77/><D77/><U99/><E99/><V26/><F79/><W61/><G3/><T88/><D88/><U92/><E92/><V22/><F76/><W46/><G73/><T127/><D127/><U60/><E125/><V16/><F124/><W29/><G72/><T8/><D8/><U71/><E71/><V7/><F23/><W108/><G108/><T37/><D37/><U86/><E86/><V105/><F105/><W2/><G39/><T113/><D113/><U59/><E9/><V109/><F109/><W65/><G2/><T130/><D130/><U1/><E1/><V100/><F36/><W13/><G128/><RYUUKYOKU ba="2,1" sc="18,30,458,-10,282,-10,232,-10" hai0="10,11,17,48,51,66,67,74,75,120,123,129,131" /><INIT seed="6,3,1,1,2,0" ten="48,448,272,222" oya="2" hai0="118,2,13,26,108,15,40,25,18,43,58,32,135" hai1="22,112,30,28,24,96,68,48,131,88,128,76,4" hai2="23,78,35,116,52,60,39,10,67,83,80,121,113" hai3="63,107,20,56,125,109,9,102,115,132,31,64,111"/><V100/><F116/><W87/><G132/><T19/><D58/><U46/><E68/><V12/><F121/><W92/><G125/><T21/><D43/><U45/><E112/><V70/><F35/><W124/><G124/><T55/><D55/><U103/><E76/><V98/><F39/><W73/><G73/><T37/><D40/><U122/><E122/><V16/><F113/><W120/><G120/><T110/><D37/><U84/><E30/><V101/><F78/><W97/><G115/><T59/><D59/><U72/><E72/><V94/><F101/><W123/><G123/><T33/><D135/><U75/><E75/><V69/><F69/><W106/><G9/><T85/><D85/><U99/><E103/><V34/><F34/><W117/><G117/><T127/><D127/><U51/><E131/><V36/><F36/><W77/><G87/><T1/><REACH who="0" step="1"/><D21/><REACH who="0" ten="38,448,272,222" step="2"/><U90/><E84/><V89/><F23/><W66/><G20/><T6/><D6/><U81/><E22/><V17/><F17/><W54/><G54/><T14/><D14/><U11/><E4/><V61/><F52/><W104/><G56/><T133/><D133/><U44/><E44/><V134/><F134/><W41/><G41/><T86/><D86/><U62/><E46/><V27/><F27/><W79/><G66/><T3/><D3/><U126/><E24/><V53/><F53/><W82/><G64/><T105/><D105/><U74/><E45/><V93/><F61/><W119/><G106/><T130/><D130/><U7/><E62/><V95/><F80/><W47/><G82/><RYUUKYOKU ba="3,2" sc="38,15,448,-15,272,15,222,-15" hai0="1,2,13,15,18,19,25,26,32,33,108,110,118" hai2="10,12,16,60,67,70,83,89,93,94,95,98,100" /><INIT seed="6,4,2,2,0,36" ten="53,433,287,207" oya="2" hai0="20,125,42,123,47,65,53,46,120,13,17,130,56" hai1="100,129,54,131,97,25,74,64,19,68,31,92,109" hai2="127,94,43,40,80,82,7,67,8,29,60,124,2" hai3="62,113,73,93,22,103,118,11,30,39,87,78,70"/><V37/><F29/><W105/><G118/><T88/><D130/><N who="1" m="49675" /><E74/><V71/><F94/><W61/><G113/><T49/><D125/><N who="2" m="48202" /><F37/><W3/><G39/><T134/><D134/><U5/><E109/><V28/><F28/><W102/><G70/><T89/><D120/><U101/><E5/><V18/><F18/><W4/><G102/><T119/><D119/><U133/><E133/><V6/><F6/><W16/><G30/><T84/><D123/><U51/><E19/><V55/><F55/><W44/><G44/><T14/><D65/><U66/><E68/><V90/><F90/><W112/><G112/><T83/><D47/><N who="1" m="28031" /><E101/><V50/><F50/><W85/><G73/><T34/><D34/><AGARI ba="4,2" hai="25,31,34,64,66,92,97,100" m="28031,49675" machi="34" ten="30,1000,0" yaku="19,1" doraHai="36" who="1" fromWho="0" sc="53,-22,433,42,287,0,207,0" /><INIT seed="7,0,0,3,1,56" ten="31,475,287,207" oya="3" hai0="72,50,34,78,96,47,8,59,129,75,77,93,53" hai1="64,24,13,81,21,65,122,82,109,99,36,19,16" hai2="110,0,28,11,2,52,92,131,123,61,17,121,134" hai3="116,76,105,112,48,74,103,32,70,102,4,42,12"/><W132/><G32/><T69/><D69/><U118/><E36/><V18/><F110/><W3/><G116/><T106/><D106/><U130/><E122/><V71/><F28/><W30/><G3/><T63/><D34/><U108/><E130/><V98/><F131/><W41/><G70/><T51/><D129/><U27/><E99/><V80/><F134/><W117/><G117/><T46/><D75/><U35/><E35/><V135/><F135/><W23/><G132/><T49/><D72/><U86/><E118/><V125/><F125/><W120/><G120/><N who="2" m="46153" /><F80/><W44/><G112/><T126/><D126/><U20/><E13/><N who="2" m="7359" /><F18/><W55/><G74/><T25/><D25/><U22/><E22/><V54/><F54/><W91/><G91/><T39/><D39/><U88/><E81/><V95/><F95/><W62/><G76/><T101/><D8/><U79/><E79/><V68/><F68/><W100/><G105/><T94/><D47/><U38/><E108/><V31/><F31/><W37/><G37/><T6/><D6/><U7/><E38/><V128/><F128/><W90/><G90/><T87/><REACH who="0" step="1"/><D46/><REACH who="0" ten="21,475,287,207" step="2"/><U84/><E7/><V66/><F2/><W26/><G4/><T10/><D10/><U115/><E109/><V1/><F52/><N who="3" m="29703" /><G12/><T124/><D124/><U107/><E107/><V9/><F9/><W97/><G97/><T57/><D57/><AGARI ba="0,1" hai="23,26,30,41,42,55,57,62,100,102,103" m="29703" machi="57" ten="30,5800,0" yaku="8,1,52,1,54,1" doraHai="56" who="3" fromWho="0" sc="21,-58,475,0,287,0,207,68" owari="-37,-54.0,475,57.0,287,9.0,275,-12.0" /></mjloggm>