<mjloggm ver="2.3"><GO type="41"/><UN n0="%E4%B9%99%E3%81%BD%E3%81%AB%E3%83%BC" n1="%EF%BC%88%E2%89%A7%E2%96%BD%E2%89%A6%EF%BC%89" n2="%E8%B6%85%E9%88%B4%E6%9C%A8" n3="%EF%BD%8F%EF%BD%92%EF%BD%89%EF%BD%82%EF%BD%85" dan="13,14,15,16" rate="1893,2035,2027,2011" sx="M,M,M,M"/><TAIKYOKU oya="0"/><INIT seed="0,0,0,5,5,16" ten="250,250,250,250" oya="0" hai0="76,118,103,108,71,30,95,19,37,31,6,113,122" hai1="92,11,21,60,120,57,22,45,10,88,59,4,63" hai2="68,125,13,55,132,32,90,74,98,5,43,61,42" hai3="80,114,50,81,128,94,38,73,78,82,69,107,56"/><T18/><D118/><U54/><E120/><V27/><F74/><W48/><G69/><T127/><D122/><U2/><E45/><V121/><F121/><W117/><G117/><T115/><D113/><U58/><E11/><V36/><F125/><W20/><G38/><T24/><D127/><U102/><E102/><V112/><F112/><W135/><G114/><T106/><D115/><U87/><E58/><V105/><F132/><W8/><G107/><T25/><D71/><U131/><E131/><V116/><F116/><W46/><G8/><T65/><D37/><U67/><AGARI ba="0,0" hai="2,4,10,21,22,54,57,59,60,63,67,87,88,92" machi="67" ten="20,8000,1" yaku="0,1,7,1,52,2,54,1" doraHai="16" who="1" fromWho="1" sc="250,-40,250,80,250,-20,250,-20" /><INIT seed="1,0,0,3,0,70" ten="210,330,230,230" oya="1" hai0="120,1,97,67,51,103,113,92,42,8,14,66,135" hai1="78,26,55,74,12,80,118,85,2,48,101,62,132" hai2="124,100,6,11,117,110,108,127,56,126,46,45,61" hai3="83,63,47,13,19,122,86,87,4,94,75,36,69"/><U90/><E118/><V115/><F100/><W40/><G122/><T16/><D113/><U95/><E132/><V123/><F123/><W109/><G109/><N who="2" m="42089" /><F117/><W128/><G128/><T59/><D120/><U7/><E2/><N who="2" m="471" /><F115/><W5/><G86/><T99/><D135/><U34/><E101/><V105/><F105/><W98/><G75/><T52/><D1/><U96/><E62/><V73/><F73/><W21/><G63/><T107/><REACH who="0" step="1"/><D42/><REACH who="0" step="2"/><U79/><E74/><V82/><F82/><W9/><G83/><T58/><D58/><U39/><E80/><V104/><F104/><W133/><G69/><T129/><D129/><U44/><E79/><V116/><F116/><W102/><G133/><T72/><D72/><U106/><E78/><V131/><F131/><W25/><REACH who="3" step="1"/><G87/><REACH who="3" step="2"/><T20/><D20/><U93/><E96/><V76/><F76/><W15/><G15/><T125/><D125/><U88/><E12/><V89/><F127/><W43/><G43/><T71/><D71/><U77/><E77/><V0/><F126/><W27/><G27/><T38/><D38/><U24/><E39/><V65/><F124/><W57/><G57/><T50/><D50/><U18/><E26/><V81/><F0/><W68/><G68/><T130/><D130/><U64/><E24/><V121/><F121/><W84/><G84/><AGARI ba="0,2" hai="45,46,56,61,65,81,84,89" m="471,42089" machi="84" ten="30,1000,0" yaku="14,1" doraHai="70" who="2" fromWho="3" sc="200,0,330,0,230,30,220,-10" /><INIT seed="2,0,0,4,2,120" ten="200,330,260,210" oya="2" hai0="1,129,52,60,29,45,35,80,32,115,71,27,114" hai1="109,76,90,125,12,122,21,77,10,108,94,48,84" hai2="28,130,62,13,58,54,43,75,99,3,87,128,40" hai3="112,97,38,92,73,53,119,105,132,121,31,36,123"/><V34/><F75/><W51/><G119/><T134/><D1/><U22/><E122/><V37/><F3/><W82/><G105/><T23/><D134/><U42/><E125/><V65/><F99/><W74/><G132/><T33/><D129/><N who="2" m="49770" /><F37/><W46/><G36/><T30/><D80/><U78/><E42/><V63/><F13/><W135/><G38/><T5/><D5/><U101/><E48/><V133/><F133/><W70/><G135/><T104/><D104/><U44/><E44/><V117/><F117/><W88/><G112/><T103/><D103/><U59/><E59/><N who="2" m="37087" /><F87/><W83/><G73/><T96/><D96/><U118/><E101/><V14/><F14/><W25/><G74/><T24/><D71/><U81/><E118/><V8/><F8/><W61/><G121/><T95/><D95/><U100/><E94/><V20/><F34/><W107/><G107/><T41/><D41/><U91/><E100/><V11/><F11/><W18/><G123/><T56/><REACH who="0" step="1"/><D45/><REACH who="0" step="2"/><U110/><E91/><V39/><F39/><W111/><G88/><T49/><D49/><U102/><E102/><V47/><F47/><W85/><G51/><T89/><D89/><U0/><E0/><V16/><F43/><W7/><G46/><T64/><D64/><U50/><E50/><V17/><F40/><W19/><G7/><AGARI ba="0,1" hai="7,10,12,21,22,76,77,78,81,84,90,108,109,110" machi="7" ten="50,8000,1" yaku="14,1,52,3" doraHai="120" who="1" fromWho="3" sc="190,0,330,90,260,0,210,-80" /><INIT seed="3,0,0,0,4,64" ten="190,420,260,130" oya="3" hai0="78,33,94,10,30,119,44,100,82,106,120,96,32" hai1="73,47,1,22,18,99,128,13,81,83,27,41,133" hai2="89,8,79,66,48,42,17,65,101,24,123,77,37" hai3="114,58,117,130,115,57,56,19,108,29,71,122,75"/><W91/><G117/><T35/><D120/><U15/><E1/><V113/><F37/><W97/><G122/><T51/><D119/><U16/><E128/><V70/><F113/><W36/><G36/><T55/><D106/><U135/><E99/><V107/><F123/><W63/><G75/><T31/><REACH who="0" step="1"/><D10/><REACH who="0" step="2"/><N who="1" m="6199" /><E73/><AGARI ba="0,1" hai="30,31,32,33,35,44,51,55,73,78,82,94,96,100" machi="73" ten="40,1300,0" yaku="1,1,53,0" doraHai="64" doraHaiUra="3" who="0" fromWho="1" sc="180,23,420,-13,260,0,130,0" /><INIT seed="4,0,0,5,3,84" ten="203,407,260,130" oya="0" hai0="70,91,13,3,101,34,77,59,0,81,19,108,102" hai1="48,11,98,1,56,104,63,112,78,107,10,42,53" hai2="82,80,23,110,94,33,32,75,5,28,30,50,125" hai3="103,6,57,47,37,122,52,25,16,88,21,65,79"/><T76/><D70/><U99/><E112/><V87/><F110/><W131/><G122/><T134/><D34/><U44/><E78/><V133/><F5/><W115/><G115/><T130/><D108/><U8/><REACH who="1" step="1"/><E1/><REACH who="1" step="2"/><V36/><F125/><W26/><G79/><T73/><D76/><U83/><E83/><V129/><F82/><W55/><G131/><T132/><D130/><U49/><E49/><V119/><F50/><W121/><G121/><T64/><D0/><U105/><AGARI ba="0,1" hai="8,10,11,42,44,48,53,56,63,98,99,104,105,107" machi="105" ten="40,2700,0" yaku="1,1,0,1,53,0" doraHai="84" doraHaiUra="86" who="1" fromWho="1" sc="203,-13,397,37,260,-7,130,-7" /><INIT seed="5,0,0,4,3,41" ten="190,434,253,123" oya="1" hai0="89,70,5,17,74,32,135,48,81,40,102,54,33" hai1="22,69,92,15,19,2,94,85,27,121,112,3,23" hai2="61,6,91,31,13,118,46,24,36,60,55,95,0" hai3="58,109,90,110,128,84,30,11,130,67,119,7,106"/><U62/><E121/><V120/><F0/><W123/><G123/><T101/><D70/><U44/><E112/><V124/><F120/><W122/><G122/><T25/><D135/><U28/><E69/><V53/><F118/><W49/><G106/><T93/><D33/><U29/><E62/><V37/><F124/><W73/><G73/><T63/><D5/><U111/><E111/><V26/><F6/><W117/><G30/><T18/><D74/><U20/><E85/><V66/><F13/><W99/><G99/><N who="0" m="57775" /><D32/><N who="1" m="20511" /><E94/><V50/><F37/><W108/><G90/><T72/><D72/><U43/><E92/><V134/><F36/><W105/><G84/><T4/><D4/><U96/><E96/><N who="2" m="57471" /><F134/><W1/><G105/><T115/><D115/><U83/><E83/><V56/><F31/><W78/><G78/><T38/><D38/><U104/><E104/><V98/><F98/><W12/><G67/><T71/><D71/><U86/><E2/><V75/><F75/><W129/><G1/><T107/><D107/><U9/><E3/><V88/><F88/><W127/><G127/><T100/><D81/><U42/><E29/><V113/><F113/><W39/><G39/><T51/><D63/><U79/><E79/><V114/><F114/><W65/><REACH who="3" step="1"/><G49/><REACH who="3" step="2"/><T76/><D51/><N who="1" m="27031" /><E86/><V80/><F80/><W47/><G47/><T126/><D76/><U87/><E87/><V16/><F61/><AGARI ba="0,1" hai="7,11,12,58,61,65,108,109,110,117,119,128,129,130" machi="61" ten="50,3200,0" yaku="1,1,19,1,53,0" doraHai="41" doraHaiUra="116" who="3" fromWho="2" sc="190,0,434,0,253,-32,113,42" /><INIT seed="6,0,0,3,1,2" ten="190,434,221,155" oya="2" hai0="7,117,23,80,74,59,3,82,87,135,48,89,92" hai1="22,27,67,20,62,85,12,122,106,63,44,40,72" hai2="91,95,132,108,6,112,66,65,130,47,28,43,118" hai3="39,9,104,49,51,120,33,32,13,126,45,42,68"/><V93/><F118/><W70/><G104/><T54/><D117/><U84/><E72/><V102/><F112/><W119/><G119/><T4/><D135/><U64/><E106/><V98/><F108/><W29/><G120/><T88/><D3/><U134/><E122/><V133/><F130/><W11/><G126/><T105/><D105/><U99/><E134/><N who="2" m="51819" /><F28/><W113/><G113/><T5/><D23/><N who="1" m="8747" /><E99/><N who="2" m="57791" /><F6/><N who="0" m="1538" /><T52/><DORA hai="94" /><D74/><U90/><E27/><V73/><F73/><W18/><G11/><T128/><D128/><U71/><E12/><V131/><F131/><W61/><G29/><T16/><D54/><U83/><E71/><V107/><F107/><W41/><G41/><T125/><D125/><U56/><E40/><V103/><F103/><W60/><G70/><T109/><D109/><U36/><E36/><AGARI ba="0,0" hai="36,43,47,65,66,95,98,102" m="57791,51819" machi="36" ten="30,5800,0" yaku="20,1,52,2" doraHai="2,94" who="2" fromWho="1" sc="190,0,434,-58,221,58,155,0" /><INIT seed="6,1,0,0,4,88" ten="190,376,279,155" oya="2" hai0="46,132,43,134,42,5,106,124,120,26,54,125,86" hai1="53,3,114,98,34,48,108,60,115,40,36,20,78" hai2="59,89,121,7,41,79,28,10,92,93,4,129,94" hai3="15,112,109,6,30,25,47,22,87,72,52,49,62"/><V128/><F121/><W73/><G109/><T111/><D106/><U12/><E108/><V70/><F70/><W130/><G130/><N who="2" m="50281" /><F79/><W95/><G112/><N who="1" m="43050" /><E34/><V97/><F41/><N who="0" m="15370" /><D111/><U131/><E131/><V84/><F28/><W50/><G62/><T19/><D120/><U51/><E3/><N who="2" m="287" /><F7/><W63/><G63/><T104/><D5/><U35/><E35/><V11/><F11/><W32/><G32/><T8/><D104/><U105/><E78/><V75/><F75/><W67/><G67/><T45/><D86/><U135/><E135/><N who="0" m="51753" /><D54/><U127/><E127/><N who="0" m="48713" /><D8/><U16/><E40/><V96/><F59/><W118/><G118/><T24/><D19/><U23/><E105/><V116/><F116/><W74/><G74/><T77/><D77/><U117/><E117/><V44/><F44/><AGARI ba="1,0" hai="24,26,44,45,46" m="48713,51753,15370" machi="44" ten="40,8000,1" yaku="28,2,20,1,18,1" doraHai="88" who="0" fromWho="2" sc="190,83,376,0,279,-83,155,0" /><INIT seed="7,0,0,0,3,38" ten="273,376,196,155" oya="3" hai0="93,104,61,84,97,55,64,43,128,79,33,22,29" hai1="56,58,49,0,101,72,131,76,67,103,123,116,80" hai2="86,42,120,119,70,88,115,57,87,21,23,31,50" hai3="95,28,112,39,91,66,105,73,135,113,6,121,30"/><W62/><G121/><T52/><D128/><U133/><E123/><V127/><F70/><W98/><G73/><T96/><D79/><U109/><E109/><V68/><F68/><W18/><G6/><T44/><D84/><U129/><E0/><V89/><F120/><W85/><G135/><T81/><D81/><U117/><E133/><V34/><F119/><N who="1" m="45641" /><E49/><V114/><F127/><W90/><G105/><T63/><D63/><N who="1" m="38375" /><E58/><V82/><F34/><W36/><G18/><T60/><D60/><U65/><E65/><V53/><F31/><W74/><G74/><T130/><D130/><AGARI ba="0,0" hai="72,76,80,101,103,129,130,131" m="38375,45641" machi="130" ten="30,2000,0" yaku="19,1,12,1" doraHai="38" who="1" fromWho="0" sc="273,-20,376,20,196,0,155,0" owari="253,5,396,49,196,-20,155,-34" /></mjloggm>