<mjloggm ver="2.3"><GO type="41"/><UN n0="%4A%49%4E%47%33" n1="%6B%2D%6D%61%6E" n2="%E3%83%AD%E3%83%BC%E3%83%A9%E8%93%AE%E7%94%B0" n3="%E3%82%A6%E3%83%AB%E3%83%88%E3%83%A9%E7%AB%8B%E7%9B%B4" dan="13,14,14,15" rate="1837,1834,2033,2007" sx="M,M,M,M"/><TAIKYOKU oya="0"/><INIT seed="0,0,0,2,4,116" ten="250,250,250,250" oya="0" hai0="23,57,94,120,12,71,135,54,87,123,88,107,90" hai1="126,89,46,58,22,9,51,100,119,36,73,75,37" hai2="66,105,83,26,132,48,35,44,79,27,70,16,80" hai3="39,21,117,114,50,121,49,112,45,1,13,98,33"/><T122/><D71/><U115/><E119/><V86/><F132/><W56/><G33/><T18/><D107/><U82/><E100/><V15/><F105/><W38/><G1/><T104/><D104/><U76/><E58/><V62/><F35/><W96/><G21/><T28/><D28/><U118/><E118/><V14/><F14/><W17/><G13/><T125/><D125/><U2/><E126/><V111/><F83/><W84/><G117/><T78/><D78/><U3/><E115/><V47/><F111/><W129/><G17/><T95/><D135/><U60/><E60/><V0/><F47/><W68/><G56/><T52/><REACH who="0" step="1"/><D57/><REACH who="0" step="2"/><U30/><E30/><V69/><F69/><W67/><G68/><T65/><D65/><U128/><E76/><V31/><F31/><W127/><G67/><T5/><D5/><U42/><E73/><V93/><F0/><W19/><G127/><T11/><D11/><U53/><E75/><V8/><REACH who="2" step="1"/><F93/><REACH who="2" step="2"/><W6/><G114/><T61/><D61/><U113/><E3/><V110/><F110/><W32/><G112/><T34/><D34/><U106/><E2/><V131/><F131/><W109/><G32/><T43/><D43/><AGARI ba="0,2" hai="8,15,16,26,27,43,44,48,62,66,70,79,80,86" machi="43" ten="30,3900,0" yaku="1,1,7,1,54,1,53,0" doraHai="116" doraHaiUra="29" who="2" fromWho="0" sc="240,-39,250,0,240,59,250,0" /><INIT seed="1,0,0,5,0,66" ten="201,250,299,250" oya="1" hai0="109,74,38,57,17,92,79,105,61,34,78,119,122" hai1="30,93,116,67,4,102,134,72,59,123,27,3,20" hai2="33,37,107,110,71,98,70,51,2,15,100,53,104" hai3="62,108,115,125,114,28,55,97,69,113,124,118,99"/><U29/><E123/><V52/><F2/><W68/><G28/><T64/><D34/><U65/><E72/><V106/><F37/><W1/><G1/><T128/><D119/><U60/><E116/><V49/><F33/><W112/><G118/><T91/><D38/><U103/><E134/><V133/><F133/><W111/><G112/><T73/><D128/><U96/><E3/><V7/><F110/><N who="3" m="42027" /><G97/><T48/><D122/><U77/><E4/><V121/><F121/><W39/><G99/><T135/><D105/><U132/><E132/><V25/><F25/><W131/><G39/><T129/><D129/><U41/><E41/><V36/><F36/><W5/><G5/><T0/><D74/><U89/><E77/><V22/><F98/><W18/><G18/><T24/><D73/><U83/><E30/><V43/><F43/><W75/><G75/><T9/><D135/><U8/><E8/><V90/><F100/><N who="1" m="38441" /><E83/><V45/><F90/><W86/><G86/><T35/><D35/><U31/><E31/><V85/><F85/><W84/><G84/><T95/><D0/><U16/><E29/><V12/><F22/><W23/><G23/><T47/><D109/><U76/><E76/><V40/><F40/><W94/><G94/><T130/><D130/><U42/><E42/><V120/><F120/><W14/><G14/><T81/><D78/><U26/><E26/><V10/><F15/><W50/><G131/><T127/><D79/><U54/><AGARI ba="0,0" hai="16,20,27,54,59,60,65,67,89,93,96" m="38441" machi="54" ten="30,6000,0" yaku="25,1,8,1,54,1" doraHai="66" who="1" fromWho="1" sc="201,-20,250,60,299,-20,250,-20" /><INIT seed="1,1,0,4,3,69" ten="181,310,279,230" oya="1" hai0="115,92,10,27,113,96,99,31,18,133,64,22,67" hai1="129,15,12,54,50,89,59,32,107,46,38,82,30" hai2="135,51,128,13,5,6,41,26,95,121,39,112,24" hai3="68,9,29,72,36,62,131,102,75,58,108,73,87"/><U122/><E122/><V61/><F121/><W52/><G131/><T19/><D133/><U78/><E107/><V48/><F128/><W0/><G108/><T77/><D77/><U83/><E129/><V123/><F123/><W8/><G68/><T25/><D99/><U85/><E32/><V2/><F2/><W86/><G102/><T11/><D115/><U126/><E30/><V3/><F3/><W132/><G132/><T134/><D134/><U57/><E126/><V66/><F135/><W118/><G118/><T117/><D117/><U53/><E38/><V44/><F112/><W76/><G29/><T94/><D113/><U110/><E110/><V111/><F111/><W106/><G106/><T33/><D94/><N who="1" m="54575" /><E78/><V91/><F51/><W120/><G120/><T98/><D98/><U80/><E46/><V127/><F127/><W49/><G36/><T45/><D45/><U100/><E100/><V63/><F63/><AGARI ba="1,0" hai="12,15,50,53,54,57,59,63,80,82,83" m="54575" machi="63" ten="30,1500,0" yaku="8,1" doraHai="69" who="1" fromWho="2" sc="181,0,310,18,279,-18,230,0" /><INIT seed="1,2,0,3,4,68" ten="181,328,261,230" oya="1" hai0="113,63,74,14,20,111,106,116,87,19,42,78,1" hai1="37,82,104,119,8,79,26,96,65,95,23,100,35" hai2="129,0,94,130,28,41,16,105,31,46,126,77,81" hai3="80,29,134,112,10,99,98,117,32,89,3,12,58"/><U83/><E35/><V61/><F105/><W27/><G112/><T73/><D113/><U85/><E119/><V2/><F126/><W123/><G123/><T84/><D106/><U52/><E65/><V91/><F61/><W124/><G117/><T121/><D116/><U93/><E37/><V71/><F71/><W127/><G134/><T22/><D121/><U103/><E8/><V24/><F94/><W114/><G114/><T88/><D1/><U6/><E6/><V107/><F91/><W55/><G3/><T13/><D111/><U131/><E104/><V101/><F101/><N who="1" m="38985" /><E131/><N who="2" m="50187" /><F107/><W48/><G124/><T122/><D122/><U38/><E38/><N who="2" m="21815" /><F2/><W54/><G127/><T57/><D42/><U7/><E96/><V62/><F62/><W115/><G115/><T66/><D74/><U5/><E83/><V133/><F0/><W47/><G80/><T110/><D110/><U92/><E52/><V18/><F133/><W69/><G89/><T45/><D73/><U53/><E53/><V49/><F49/><W17/><G69/><T43/><D78/><U70/><E70/><V11/><F11/><W59/><G47/><T120/><D120/><U67/><E67/><V64/><F64/><W90/><G90/><T25/><D88/><U9/><E9/><V72/><F31/><AGARI ba="2,0" hai="5,7,23,26,31,79,82,85,92,93,95" m="38985" machi="31" ten="30,1500,0" yaku="8,1" doraHai="68" who="1" fromWho="2" sc="181,0,328,21,261,-21,230,0" /><INIT seed="1,3,0,5,2,13" ten="181,349,240,230" oya="1" hai0="101,102,37,10,115,16,89,122,50,107,79,1,60" hai1="120,29,90,38,54,64,73,118,129,11,96,30,113" hai2="12,92,108,3,114,26,57,61,112,75,103,20,51" hai3="23,81,47,2,19,42,62,104,82,43,53,116,27"/><U31/><E118/><V65/><F3/><W97/><G2/><T46/><D115/><U87/><E120/><V94/><F75/><W125/><G116/><T126/><D37/><U109/><E113/><N who="2" m="43627" /><F108/><W58/><G125/><T77/><D126/><U52/><E73/><V110/><F110/><W131/><G131/><T76/><D122/><U24/><E109/><V8/><F51/><W130/><G130/><T69/><D1/><U99/><E38/><V111/><F111/><W117/><G117/><T88/><D69/><U49/><E129/><V56/><F56/><W135/><G135/><T95/><D107/><U33/><E64/><V36/><F36/><W123/><G123/><T14/><D60/><U78/><E78/><N who="0" m="19969" /><T21/><DORA hai="66" /><D10/><U91/><E11/><V98/><F94/><W83/><G104/><T7/><D7/><U25/><E33/><V9/><F12/><W72/><G72/><T15/><D15/><U44/><E54/><V6/><F6/><W128/><G128/><T32/><D32/><U63/><E63/><V39/><F39/><W59/><G59/><T93/><D93/><N who="1" m="56375" /><E99/><V0/><F0/><W67/><G97/><N who="0" m="57575" /><D89/><U84/><E91/><V22/><F22/><W106/><G106/><T28/><D28/><AGARI ba="3,0" hai="8,9,20,26,28,57,61,65,92,98,103" m="43627" machi="28" ten="30,2000,0" yaku="25,1,11,1" doraHai="13,66" who="2" fromWho="0" sc="181,-29,349,0,240,29,230,0" /><INIT seed="2,0,0,5,2,122" ten="152,349,269,230" oya="2" hai0="21,16,110,111,9,104,43,120,94,65,96,126,86" hai1="49,105,54,10,133,4,6,74,33,81,35,127,87" hai2="52,58,125,42,116,113,131,80,62,24,0,71,5" hai3="18,30,28,107,70,38,97,57,17,83,14,106,55"/><V46/><F116/><W26/><G38/><T98/><D120/><U20/><E105/><V8/><F113/><W41/><G41/><T82/><D104/><U2/><E74/><V32/><F131/><W109/><G70/><T115/><D115/><U19/><E133/><V63/><F125/><W124/><G124/><T88/><D126/><U134/><E134/><V60/><F71/><W112/><G112/><T78/><D65/><U118/><E127/><V56/><F80/><W100/><G106/><T37/><D9/><U91/><E118/><V44/><F62/><W34/><G30/><T85/><D43/><U69/><E69/><V93/><F93/><W53/><G83/><T77/><D37/><U61/><E61/><V68/><F68/><W22/><G57/><T29/><D29/><U114/><E114/><V31/><REACH who="2" step="1"/><F42/><REACH who="2" step="2"/><W102/><G53/><AGARI ba="0,1" hai="0,5,8,24,31,32,44,46,52,53,56,58,60,63" machi="53" ten="30,12000,1" yaku="1,1,2,1,7,1,9,1,54,1,53,0" doraHai="122" doraHaiUra="123" who="2" fromWho="3" sc="152,0,349,0,259,130,230,-120" /><INIT seed="2,1,0,0,3,72" ten="152,349,389,110" oya="2" hai0="41,52,40,63,90,42,116,10,44,91,74,25,124" hai1="56,4,125,132,107,95,109,14,111,36,19,134,51" hai2="7,16,75,49,45,81,73,60,89,8,59,123,126" hai3="112,135,17,113,118,48,85,97,18,28,92,62,128"/><V101/><F123/><W12/><G118/><T78/><D124/><U83/><E107/><V65/><F126/><W46/><G28/><T3/><D116/><U55/><E125/><V38/><F38/><W61/><G128/><T131/><D131/><U57/><E36/><V35/><F35/><W67/><G85/><T102/><D102/><U79/><E4/><V80/><F101/><N who="3" m="60583" /><G135/><N who="1" m="51754" /><E95/><V122/><F122/><W15/><G15/><T2/><D25/><U93/><E93/><V103/><F103/><W104/><G104/><T37/><D41/><U77/><E57/><V13/><F7/><W96/><G96/><T30/><D30/><U50/><E50/><V6/><F6/><W115/><G67/><T26/><D26/><U0/><E83/><V58/><F58/><W24/><G24/><T133/><D40/><U100/><E100/><V84/><REACH who="2" step="1"/><F81/><REACH who="2" step="2"/><W71/><G71/><T47/><D133/><U82/><E82/><V5/><F5/><W33/><G33/><T114/><D44/><U130/><E130/><V99/><F99/><W117/><G117/><T43/><D47/><U27/><E0/><V9/><F9/><N who="3" m="6287" /><G18/><T94/><D37/><U1/><E1/><V29/><F29/><W108/><G108/><T120/><D2/><U129/><E129/><V22/><F22/><W21/><G21/><T64/><D3/><U86/><E86/><V105/><F105/><W98/><G98/><T34/><D34/><U87/><E87/><V11/><F11/><W88/><G88/><T32/><D10/><N who="1" m="6615" /><E27/><V31/><F31/><W23/><G23/><T20/><D32/><RYUUKYOKU ba="1,1" sc="152,-30,349,10,379,10,110,10" hai1="51,55,56,77,79,109,111" hai2="8,13,16,45,49,59,60,65,73,75,80,84,89" hai3="46,48,61,62,112,113,115" /><INIT seed="2,2,1,0,3,81" ten="122,359,389,120" oya="2" hai0="61,100,93,80,90,27,48,131,31,92,88,4,121" hai1="127,16,36,49,23,113,34,78,60,116,83,101,9" hai2="112,84,32,89,21,7,65,56,74,51,62,5,72" hai3="82,10,75,107,38,73,86,29,50,46,134,12,91"/><V77/><F32/><W18/><G38/><T37/><D37/><U0/><E34/><V128/><F112/><W53/><G107/><T114/><D121/><U120/><E120/><V59/><F128/><W105/><G105/><T47/><D114/><U13/><E36/><V67/><F77/><W1/><G1/><T57/><D4/><U119/><E101/><V22/><F51/><W130/><G130/><T129/><D131/><U126/><E113/><V124/><F124/><N who="1" m="47657" /><E60/><V106/><F106/><W115/><G115/><T30/><D100/><U42/><E42/><V19/><F19/><W79/><G134/><T69/><D69/><U76/><E49/><V28/><F28/><N who="0" m="10794" /><D27/><N who="1" m="14823" /><E0/><V11/><F89/><N who="0" m="34410" /><D129/><U109/><E109/><V64/><F11/><W111/><G111/><T94/><D48/><U54/><E54/><V123/><F65/><W35/><REACH who="3" step="1"/><G79/><REACH who="3" step="2"/><T40/><D47/><U102/><E76/><V98/><F123/><W15/><G15/><T87/><D40/><U52/><E13/><V39/><F39/><W26/><AGARI ba="2,2" hai="10,12,18,26,29,35,46,50,53,73,75,82,86,91" machi="26" ten="30,12000,2" yaku="1,1,0,1,25,2,52,1,53,1" doraHai="81" doraHaiUra="45" who="3" fromWho="3" sc="122,-32,359,-32,389,-62,110,146" /><INIT seed="3,0,0,1,0,51" ten="90,327,327,256" oya="3" hai0="131,63,126,123,110,97,16,88,46,64,52,17,117" hai1="83,43,30,1,19,81,92,6,62,96,86,106,127" hai2="122,22,5,134,60,38,2,26,72,91,116,40,23" hai3="66,102,68,47,115,87,28,4,33,128,48,24,21"/><W71/><G115/><T73/><D117/><U14/><E106/><V74/><F116/><W129/><G4/><T57/><D123/><U124/><E1/><V105/><F122/><W121/><G121/><T119/><D73/><U77/><E30/><V108/><F134/><W61/><G71/><T69/><D119/><U54/><E6/><V7/><F105/><W130/><G87/><T27/><D131/><U109/><E43/><V112/><F112/><W120/><G120/><T94/><D110/><U104/><E104/><V44/><F108/><W125/><G102/><T45/><D126/><N who="1" m="48171" /><E109/><V80/><F74/><W0/><G0/><T114/><D114/><U89/><E83/><V25/><F60/><W41/><REACH who="3" step="1"/><G125/><REACH who="3" step="2"/><T42/><D69/><U11/><E62/><V37/><F2/><W35/><AGARI ba="0,1" hai="21,24,28,33,35,41,47,48,61,66,68,128,129,130" machi="35" ten="40,12000,1" yaku="1,1,2,1,0,1,19,1,53,1" doraHai="51" doraHaiUra="20" who="3" fromWho="3" sc="90,-40,327,-40,327,-40,246,130" /><INIT seed="3,1,0,2,3,79" ten="50,287,287,376" oya="3" hai0="99,86,40,105,90,47,113,112,38,67,115,111,50" hai1="85,78,123,89,130,122,80,48,135,49,81,82,0" hai2="94,11,15,56,18,95,51,59,26,71,124,44,98" hai3="36,101,132,28,30,3,119,110,92,121,108,129,116"/><W37/><G92/><T61/><D111/><N who="3" m="42537" /><G101/><T66/><D38/><N who="3" m="14953" /><G121/><T27/><D27/><U88/><E0/><V73/><F71/><W109/><N who="3" m="42545" /><W58/><DORA hai="35" /><G58/><T64/><D105/><U102/><E135/><V75/><F124/><W42/><G42/><T104/><D99/><U65/><E130/><V93/><F98/><W22/><G129/><T21/><D21/><U106/><E65/><V84/><F84/><W14/><G3/><T17/><D17/><U133/><E133/><V134/><F134/><W41/><G41/><T63/><REACH who="0" step="1"/><D104/><REACH who="0" step="2"/><U52/><E123/><V128/><F128/><W70/><G132/><T114/><N who="0" m="29184" /><DORA hai="34" /><T91/><D91/><N who="1" m="34891" /><E106/><V31/><F75/><W57/><G22/><T103/><D103/><U5/><E102/><V32/><REACH who="2" step="1"/><F73/><REACH who="2" step="2"/><W23/><G119/><T45/><D45/><U20/><E122/><V117/><F117/><W69/><G116/><T72/><D72/><U13/><E85/><V76/><F76/><W6/><G30/><T77/><D77/><U62/><E78/><V60/><F60/><W24/><G28/><T97/><D97/><U25/><E5/><V131/><F131/><W43/><G6/><T125/><D125/><U33/><E33/><V4/><F4/><W46/><G69/><T68/><D68/><U126/><E126/><V19/><F19/><W127/><G70/><T118/><D118/><U83/><N who="1" m="20992" /><DORA hai="29" /><U10/><E10/><V55/><AGARI ba="1,2" hai="11,15,18,26,31,32,44,51,55,56,59,93,94,95" machi="55" ten="30,7900,0" yaku="1,1,0,1,52,1,53,1" doraHai="79,35,34,29" doraHaiUra="1,100,12,96" who="2" fromWho="2" sc="40,-21,287,-21,277,102,376,-40" /><INIT seed="4,0,0,1,3,67" ten="19,266,379,336" oya="0" hai0="124,50,96,68,105,42,29,107,47,2,44,52,98" hai1="54,62,55,59,45,86,31,134,25,15,35,110,133" hai2="17,13,60,36,126,118,121,28,32,109,69,1,80" hai3="77,56,83,88,111,6,46,22,10,63,24,4,93"/><T65/><D2/><U37/><E110/><V123/><F109/><W3/><G111/><T130/><D130/><U53/><E37/><V74/><F1/><W114/><G114/><T19/><D19/><U95/><E45/><V84/><F74/><W102/><G102/><T57/><D124/><U129/><E15/><V66/><F36/><W120/><G120/><T26/><D98/><U14/><E14/><V106/><F106/><W20/><G46/><T7/><D7/><U122/><E122/><V135/><F126/><W112/><G112/><T11/><D11/><U75/><E75/><V89/><F135/><N who="1" m="51721" /><E129/><V72/><F72/><W64/><G6/><T78/><D78/><U16/><E16/><V34/><F118/><W21/><G83/><T131/><D131/><U97/><E86/><V90/><F34/><W18/><REACH who="3" step="1"/><G77/><REACH who="3" step="2"/><T41/><D44/><U132/><N who="1" m="51729" /><U128/><DORA hai="125" /><E128/><V100/><F100/><AGARI ba="0,1" hai="25,31,35,53,54,55,59,62,95,97,100" m="51729" machi="100" ten="40,1300,0" yaku="20,1" doraHai="67,125" who="1" fromWho="2" sc="19,0,266,23,379,-13,326,0" /><INIT seed="5,0,0,3,3,48" ten="19,289,366,326" oya="1" hai0="127,37,16,11,34,122,55,79,121,28,135,93,45" hai1="114,69,50,41,116,27,60,76,77,120,13,31,108" hai2="133,88,7,63,1,24,29,40,73,53,18,102,100" hai3="117,98,109,0,20,56,104,30,113,9,3,57,4"/><U43/><E116/><V66/><F73/><W128/><G57/><T12/><D79/><U129/><E120/><V112/><F133/><W99/><G99/><T5/><D135/><U125/><E69/><V101/><F40/><W64/><G109/><T82/><D127/><U89/><E60/><V106/><F112/><W67/><G113/><T38/><D93/><U59/><E114/><V39/><F39/><W80/><G128/><T71/><D71/><U32/><E125/><V72/><F72/><W85/><G3/><T115/><D115/><U92/><E129/><V83/><F106/><W105/><G117/><T86/><D5/><U42/><E108/><V68/><F1/><W124/><G124/><T8/><D8/><U107/><E107/><V61/><F7/><W62/><G67/><T51/><D28/><U35/><E35/><V81/><F18/><W25/><G98/><T33/><D38/><U111/><E13/><V90/><F83/><W91/><AGARI ba="0,0" hai="0,4,9,20,25,30,56,62,64,80,85,91,104,105" machi="91" ten="20,1500,0" yaku="0,1,7,1" doraHai="48" who="3" fromWho="3" sc="19,-4,289,-7,366,-4,326,15" /><INIT seed="6,0,0,4,0,106" ten="15,282,362,341" oya="2" hai0="116,63,98,120,105,102,45,117,16,76,23,66,12" hai1="95,22,90,71,46,61,14,31,74,73,84,4,21" hai2="29,77,70,60,88,104,109,38,69,39,119,118,59" hai3="124,6,72,82,83,9,32,25,86,135,19,57,96"/><V1/><F104/><W101/><G124/><T3/><D3/><U51/><E71/><N who="2" m="27147" /><F1/><W89/><G135/><T54/><D76/><U26/><E61/><V92/><F77/><W110/><G110/><T24/><D120/><U113/><E113/><V134/><F29/><W107/><G57/><T5/><D45/><U18/><E4/><V52/><F92/><W34/><G19/><T13/><D54/><AGARI ba="0,0" hai="14,18,21,22,26,31,46,51,54,73,74,84,90,95" machi="54" ten="30,3900,0" yaku="7,1,52,2" doraHai="106" who="1" fromWho="0" sc="15,-39,282,39,362,0,341,0" owari="-24,-52.0,321,-8.0,362,46.0,341,14.0" /></mjloggm>