<mjloggm ver="2.3"><GO type="41"/><UN n0="%E3%82%B5%E3%83%B3%E3%83%A9%E3%83%BC" n1="%78%E3%82%AD%E3%83%AB%E3%82%A2%78" n2="%EF%BC%88%E2%89%A7%E2%96%BD%E2%89%A6%EF%BC%89" n3="%55%4E%73%61%6E" dan="15,14,15,14" rate="2035,1845,2024,1881" sx="M,M,M,F"/><TAIKYOKU oya="0"/><INIT seed="0,0,0,0,3,4" ten="250,250,250,250" oya="0" hai0="76,87,124,84,45,61,81,25,78,130,123,102,105" hai1="115,26,50,40,60,106,86,52,73,69,41,49,121" hai2="47,83,5,44,7,95,70,98,99,113,127,129,85" hai3="68,57,100,96,132,14,59,22,3,12,1,67,16"/><T48/><D123/><U133/><E73/><V128/><F70/><W126/><G132/><T74/><D130/><N who="2" m="50282" /><F113/><W33/><G33/><T0/><D124/><U11/><E133/><V104/><F104/><W72/><G72/><T62/><D0/><U122/><E106/><V88/><F127/><W31/><G126/><T13/><D102/><U125/><E125/><V117/><F117/><W135/><G135/><T89/><D105/><U18/><E115/><V80/><F80/><W119/><G119/><T56/><D74/><U111/><E122/><V82/><F82/><W134/><G134/><T17/><D25/><U114/><E114/><V23/><F23/><W90/><G31/><T10/><D87/><U65/><E86/><V91/><F99/><W54/><G68/><T58/><D58/><U71/><E71/><V55/><F55/><W27/><G67/><T107/><D107/><U8/><E121/><V93/><F83/><W37/><G59/><T19/><D19/><U6/><E69/><V94/><F95/><W35/><G35/><T66/><REACH who="0" step="1"/><D62/><REACH who="0" ten="240,250,250,250" step="2"/><U101/><E18/><V20/><F20/><W39/><G22/><T77/><D77/><U120/><E120/><V9/><F5/><W51/><G90/><T112/><D112/><U63/><E6/><V28/><F28/><W64/><G57/><T32/><D32/><U24/><E101/><V92/><F94/><W15/><G100/><T38/><D38/><U75/><E75/><V34/><F34/><W108/><G39/><T36/><D36/><U109/><E26/><V2/><AGARI ba="0,1" hai="2,7,9,44,47,85,88,91,92,93,98" m="50282" machi="2" ten="30,4000,0" yaku="19,1,52,1,54,1" doraHai="4" who="2" fromWho="2" sc="240,-20,250,-10,250,50,250,-10" /><INIT seed="1,0,0,1,0,4" ten="220,240,300,240" oya="1" hai0="109,122,20,13,125,123,78,47,35,1,57,70,85" hai1="112,84,82,98,54,25,0,129,52,72,101,10,7" hai2="107,88,102,67,124,11,37,41,17,21,116,38,104" hai3="75,90,63,22,64,134,66,28,113,91,3,89,33"/><U34/><E112/><V81/><F116/><W135/><G113/><T42/><D70/><U95/><E72/><V9/><F124/><W62/><G75/><T133/><D35/><U71/><E71/><V80/><F67/><N who="3" m="25643" /><G33/><T115/><D1/><U40/><E40/><V83/><F88/><W92/><G92/><T36/><D115/><U12/><E129/><V46/><F38/><W2/><G22/><T5/><D125/><U59/><E59/><V106/><REACH who="2" step="1"/><F102/><REACH who="2" ten="220,240,290,240" step="2"/><W58/><G91/><T100/><D100/><U55/><E0/><V105/><N who="2" m="26624" /><DORA hai="30" /><V73/><F73/><W49/><G90/><T86/><D36/><U97/><E101/><V6/><F6/><W94/><G2/><T48/><D5/><U8/><E7/><V44/><F44/><W69/><G3/><T103/><D103/><U50/><E50/><V111/><F111/><W43/><G89/><T126/><D109/><U118/><E118/><V127/><F127/><W27/><G49/><T96/><D126/><U26/><E98/><V110/><F110/><W51/><G51/><T15/><D96/><U77/><E97/><V32/><F32/><W65/><G65/><T131/><D48/><U56/><E34/><V16/><F16/><W120/><G94/><T61/><D86/><U60/><E95/><V108/><F108/><W121/><G121/><T19/><D85/><U117/><E117/><V114/><F114/><W79/><G120/><T18/><D123/><U128/><E84/><V29/><F29/><W53/><G28/><T76/><D122/><U119/><E119/><V130/><F130/><RYUUKYOKU ba="0,1" sc="220,-10,240,-10,290,30,240,-10" hai2="9,11,17,21,37,41,46,80,81,83" /><INIT seed="2,1,1,2,1,93" ten="210,230,320,230" oya="2" hai0="52,83,49,104,19,65,118,69,125,100,57,101,5" hai1="22,105,21,36,78,32,108,70,0,2,6,38,39" hai2="76,99,90,11,71,89,35,81,51,3,120,55,94" hai3="109,111,17,54,124,13,63,121,59,115,67,129,113"/><V20/><F35/><W31/><G121/><T37/><D125/><U66/><E32/><V64/><F120/><W12/><G124/><T134/><D118/><U61/><E105/><V135/><F135/><W41/><G129/><T86/><D134/><U74/><E22/><V62/><F89/><W26/><G41/><T45/><D5/><U28/><E21/><V132/><F132/><W95/><G54/><T47/><D19/><U85/><E85/><V77/><F20/><N who="3" m="15815" /><G95/><T116/><D116/><U24/><E6/><V88/><F90/><W10/><G13/><T14/><D14/><U42/><E108/><AGARI ba="1,1" hai="10,12,17,59,63,67,108,109,111,113,115" m="15815" machi="108" ten="30,1000,0" yaku="14,1" doraHai="93" who="3" fromWho="1" sc="210,0,230,-13,320,0,230,23" /><INIT seed="3,0,0,4,3,128" ten="210,217,320,253" oya="3" hai0="103,37,25,102,111,104,123,18,127,14,43,5,130" hai1="70,31,23,52,80,86,20,100,42,7,54,119,135" hai2="8,110,17,29,47,79,117,65,48,36,129,9,105" hai3="51,97,76,95,12,64,99,3,35,112,84,40,46"/><W74/><G3/><T106/><D123/><U57/><E70/><V125/><F105/><W39/><G112/><T109/><D130/><U96/><E119/><V56/><F117/><W10/><G35/><T6/><D25/><U72/><E72/><V124/><F129/><W4/><G74/><T58/><D127/><N who="2" m="48714" /><F110/><N who="0" m="41994" /><D58/><U98/><E42/><N who="2" m="22983" /><F29/><W115/><G115/><T122/><D122/><U73/><E73/><V118/><F118/><W121/><G121/><T15/><D43/><U27/><E7/><N who="0" m="2569" /><D37/><U87/><E87/><V34/><F34/><W16/><G64/><T28/><D28/><U50/><E54/><N who="2" m="31815" /><F79/><W82/><G39/><T94/><D94/><U1/><E1/><V77/><F77/><W21/><REACH who="3" step="1"/><G95/><REACH who="3" ten="210,217,320,243" step="2"/><T83/><D104/><U120/><E120/><V11/><F65/><W59/><G59/><T81/><D106/><U33/><E33/><V30/><F30/><W91/><G91/><T116/><D116/><U93/><E31/><V131/><F131/><W69/><G69/><T19/><D103/><U61/><E93/><V38/><F38/><W0/><AGARI ba="0,1" hai="0,4,10,12,16,21,40,46,51,76,82,84,97,99" machi="0" ten="20,7800,0" yaku="1,1,0,1,7,1,54,1,53,0" doraHai="128" doraHaiUra="60" who="3" fromWho="3" sc="210,-26,217,-26,320,-26,243,88" /><INIT seed="3,1,0,0,4,114" ten="184,191,294,331" oya="3" hai0="88,109,29,45,112,49,6,118,25,1,104,20,59" hai1="82,90,96,35,80,94,65,78,42,133,7,13,50" hai2="100,26,48,28,113,0,73,11,51,58,98,132,63" hai3="116,67,44,22,83,70,72,75,55,120,61,127,21"/><W74/><G120/><T125/><D104/><U134/><E35/><V92/><F113/><W85/><G127/><T122/><D112/><U103/><E65/><V119/><F73/><W60/><G116/><T97/><D122/><U64/><E64/><V123/><F123/><W15/><G15/><T9/><D125/><U71/><E71/><V84/><F132/><W47/><G61/><T23/><D109/><U37/><E37/><V79/><F119/><W17/><G55/><T87/><D97/><U126/><E126/><V40/><F40/><W5/><G5/><T69/><D69/><U110/><E50/><V31/><F11/><W130/><G130/><T4/><D4/><U8/><E42/><V52/><F0/><W16/><G21/><T53/><D118/><U62/><E62/><V54/><F26/><W77/><REACH who="3" step="1"/><G22/><REACH who="3" ten="184,191,294,321" step="2"/><T30/><D23/><U129/><E129/><V33/><F63/><W41/><G41/><T128/><D128/><U46/><E7/><V76/><F33/><W111/><G111/><T66/><D66/><U10/><E110/><V91/><F28/><W18/><AGARI ba="1,1" hai="16,17,18,44,47,60,67,70,72,74,75,77,83,85" machi="18" ten="40,7800,0" yaku="1,1,0,1,54,1,53,0" doraHai="114" doraHaiUra="39" who="3" fromWho="3" sc="184,-27,191,-27,294,-27,321,91" /><INIT seed="3,2,0,2,4,118" ten="157,164,267,412" oya="3" hai0="43,90,45,130,36,92,122,51,127,126,135,79,114" hai1="121,107,29,4,68,39,55,8,93,54,2,76,23" hai2="24,26,52,28,47,115,13,116,34,106,110,111,109" hai3="16,42,128,64,15,10,31,78,70,44,134,11,119"/><W89/><G119/><T105/><D105/><U22/><E107/><V57/><F116/><W102/><G128/><T112/><D79/><U101/><E68/><V58/><F115/><N who="0" m="44074" /><D130/><U75/><E39/><V100/><F13/><W120/><G102/><T20/><D20/><U66/><E66/><V73/><F73/><W91/><G134/><T21/><D21/><U84/><E75/><V1/><F1/><W7/><G78/><T108/><D135/><U74/><E74/><V30/><F106/><W96/><G31/><T88/><D108/><U5/><E5/><V27/><F100/><W69/><G120/><T97/><D122/><U61/><E76/><V40/><F34/><W32/><G32/><T123/><D123/><U62/><E121/><V86/><F86/><W33/><G33/><T35/><D35/><U117/><E117/><V131/><F131/><W59/><G96/><T49/><D90/><U67/><E101/><V48/><REACH who="2" step="1"/><F58/><REACH who="2" ten="157,164,257,412" step="2"/><W41/><G70/><T99/><D99/><U17/><E84/><V81/><F81/><W71/><G69/><T37/><D97/><U132/><E2/><V14/><F14/><N who="3" m="5471" /><G71/><T82/><D82/><U46/><E93/><V77/><F77/><W53/><G89/><T85/><D92/><U95/><E95/><V60/><AGARI ba="2,1" hai="24,26,27,28,30,40,47,48,52,57,60,109,110,111" machi="60" ten="40,8000,1" yaku="1,1,0,1,14,1,54,1,53,1" doraHai="118" doraHaiUra="50" who="2" fromWho="2" sc="157,-22,164,-22,257,96,412,-42" /><INIT seed="4,0,0,1,0,4" ten="135,142,353,370" oya="0" hai0="23,62,22,38,125,85,51,119,43,33,114,117,8" hai1="72,89,64,123,45,101,98,65,56,66,102,109,28" hai2="57,21,1,95,44,120,40,37,36,133,82,39,11" hai3="90,96,0,31,24,69,41,80,112,110,134,61,25"/><T5/><D114/><U68/><E72/><V83/><F120/><W26/><G112/><T27/><D38/><U94/><E109/><V79/><F133/><W52/><G110/><T12/><D125/><U77/><E123/><V124/><F124/><W107/><G0/><T103/><D33/><U16/><E77/><V63/><F21/><W2/><G2/><T34/><D34/><U10/><E68/><V127/><F127/><W91/><G41/><T116/><D103/><U32/><E32/><V84/><F95/><W58/><G69/><T104/><D104/><U17/><E28/><V74/><F83/><W15/><G134/><T55/><D85/><U48/><E56/><V7/><F84/><N who="3" m="50439" /><G107/><T126/><D126/><U129/><E129/><V132/><F132/><W54/><G15/><T118/><N who="0" m="30208" /><DORA hai="81" /><T19/><D23/><U97/><E97/><V75/><REACH who="2" step="1"/><F74/><REACH who="2" ten="135,142,343,370" step="2"/><W135/><G135/><T60/><REACH who="0" step="1"/><D43/><REACH who="0" ten="125,142,343,370" step="2"/><N who="1" m="24639" /><E102/><V105/><F105/><W100/><G100/><T49/><D49/><U6/><E101/><V122/><F122/><W130/><G130/><T50/><D50/><U78/><E78/><V88/><F88/><W93/><G31/><T115/><D115/><U111/><E111/><V106/><F106/><W9/><G96/><T3/><D3/><U20/><E20/><V86/><F86/><W131/><G131/><T99/><D99/><U53/><E98/><V87/><F87/><W71/><G91/><T14/><D14/><U108/><E89/><V76/><F76/><W73/><G73/><T128/><D128/><U70/><E108/><V67/><AGARI ba="0,2" hai="1,7,11,36,37,39,40,44,57,63,67,75,79,82" machi="67" ten="20,12000,2" yaku="1,1,5,1,0,1,7,1,25,2,52,1,53,0" doraHai="4,81" doraHaiUra="46,13" who="2" fromWho="2" sc="125,-60,142,-30,343,140,370,-30" /><INIT seed="5,0,0,1,4,134" ten="65,112,483,340" oya="1" hai0="94,27,30,101,130,75,8,87,28,37,5,58,103" hai1="92,125,93,90,60,88,116,120,66,95,69,17,84" hai2="33,61,48,57,111,16,7,26,128,53,47,10,67" hai3="31,73,70,126,79,113,83,97,104,74,35,50,4"/><U29/><E120/><V82/><F111/><W49/><G113/><T56/><D75/><U14/><E116/><V72/><F128/><W11/><G70/><T98/><D37/><U38/><E38/><V129/><F129/><W44/><G74/><T23/><D130/><U115/><E115/><V22/><F33/><W131/><G131/><T54/><D30/><U76/><E29/><V108/><F108/><W127/><G31/><T52/><D87/><U2/><E2/><V119/><F119/><W112/><G35/><T96/><D56/><U123/><E123/><V62/><F62/><W121/><G121/><T91/><D58/><U102/><E76/><V133/><F133/><W34/><G34/><T15/><REACH who="0" step="1"/><D91/><REACH who="0" ten="55,112,483,340" step="2"/><U71/><E71/><V36/><F36/><W32/><G112/><T106/><AGARI ba="0,1" hai="5,8,15,23,27,28,52,54,94,96,98,101,103,106" machi="106" ten="20,8000,1" yaku="1,1,2,1,0,1,7,1,54,1,53,0" doraHai="134" doraHaiUra="77" who="0" fromWho="0" sc="55,90,112,-40,483,-20,340,-20" /><INIT seed="6,0,0,2,3,62" ten="145,72,463,320" oya="2" hai0="53,25,56,44,104,3,34,23,2,97,79,74,38" hai1="105,52,108,118,72,93,8,12,60,39,86,49,37" hai2="41,68,5,114,77,7,36,43,80,33,132,94,14" hai3="30,82,129,19,75,6,85,133,46,10,119,47,28"/><V69/><F33/><W9/><G119/><T58/><D34/><U117/><E72/><V89/><F114/><W135/><G75/><T71/><D71/><U1/><E1/><V76/><F132/><N who="3" m="50763" /><G129/><T66/><D74/><U51/><E105/><V87/><F36/><W113/><G113/><T121/><D79/><N who="2" m="30282" /><F69/><W123/><G19/><T84/><D84/><U17/><E108/><V65/><F68/><W122/><G47/><T125/><D121/><N who="3" m="46089" /><G46/><T42/><D125/><U107/><E107/><V40/><F14/><N who="3" m="5431" /><G10/><T59/><D104/><U120/><E120/><V109/><F109/><W18/><G18/><T126/><D126/><U110/><E110/><V45/><F45/><W90/><AGARI ba="0,0" hai="28,30,82,85,90" m="5431,46089,50763" machi="90" ten="30,1100,0" yaku="20,1" doraHai="62" who="3" fromWho="3" sc="145,-3,72,-3,463,-5,320,11" /><INIT seed="7,0,0,0,4,135" ten="142,69,458,331" oya="3" hai0="113,114,16,25,129,2,104,71,9,13,68,132,120" hai1="99,23,52,121,130,79,117,115,0,51,5,123,7" hai2="28,30,107,91,3,54,62,105,75,17,36,100,134" hai3="43,6,83,90,12,64,18,74,14,38,77,88,124"/><W69/><G6/><T33/><D104/><U118/><E79/><V97/><F75/><W31/><G31/><N who="0" m="19695" /><D120/><U96/><E0/><V108/><F3/><W49/><G38/><T37/><D37/><U80/><E80/><V102/><F36/><W59/><G69/><T98/><D98/><U11/><E11/><V55/><F134/><W46/><G14/><T126/><D132/><U45/><E23/><V119/><F119/><W93/><G124/><T87/><D129/><U127/><E130/><V27/><F108/><W24/><G24/><T34/><D34/><U48/><E45/><V103/><F107/><W40/><G40/><T101/><D126/><U95/><E95/><N who="2" m="56575" /><F105/><W76/><G76/><T106/><D2/><U1/><E1/><V110/><F110/><W20/><REACH who="3" step="1"/><G93/><REACH who="3" ten="142,69,458,321" step="2"/><T128/><D71/><U116/><E127/><V92/><F92/><W65/><G65/><T29/><D68/><U72/><E72/><V66/><F66/><W63/><AGARI ba="0,1" hai="12,18,20,43,46,49,59,63,64,74,77,83,88,90" machi="63" ten="30,11700,0" yaku="1,1,0,1,54,1,53,1" doraHai="135" doraHaiUra="60" who="3" fromWho="3" sc="142,-39,69,-39,458,-39,321,127" owari="103,-30.0,30,-47.0,419,22.0,448,55.0" /></mjloggm>