<mjloggm ver="2.3"><GO type="169"/><UN n0="%EF%BC%88%E2%89%A7%E2%96%BD%E2%89%A6%EF%BC%89" n1="%E4%B8%B8%E5%8A%A9" n2="%6B%6E%6A%31%30%35%30" n3="%73%65%69%79%61%6A%70%35" dan="18,17,16,16" rate="2139,2114,2084,2105" sx="M,M,M,M"/><TAIKYOKU oya="0"/><INIT seed="0,0,0,2,0,15" ten="250,250,250,250" oya="0" hai0="22,85,80,33,73,122,24,45,108,112,91,114,121" hai1="2,25,21,9,48,126,59,47,116,130,41,6,128" hai2="64,11,104,89,94,42,106,14,40,77,31,83,95" hai3="75,10,101,115,82,13,90,100,53,123,133,102,7"/><T17/><BYE who="1" /><D108/><U39/><E39/><V66/><F31/><UN n1="%E4%B8%B8%E5%8A%A9" /><W125/><G115/><T67/><D73/><U103/><E116/><V54/><F54/><W27/><G133/><T134/><D134/><U68/><E68/><V74/><F94/><W119/><G119/><T8/><D33/><U49/><E126/><V5/><F104/><W96/><G125/><T34/><D34/><U46/><E103/><V131/><F106/><W28/><G123/><T117/><D117/><U44/><E59/><V72/><F72/><W61/><G75/><T3/><D67/><U120/><E120/><V76/><F76/><W18/><G7/><T109/><D109/><U30/><REACH who="1" step="1"/><E47/><REACH who="1" ten="250,240,250,250" step="2"/><V70/><F70/><W37/><G37/><T12/><D121/><U60/><E60/><V29/><F66/><W111/><G111/><T36/><D122/><U88/><E88/><V93/><F64/><W55/><G61/><T51/><D36/><U0/><E0/><V124/><F124/><W132/><G132/><T71/><D3/><U32/><E32/><V1/><F1/><W62/><G62/><T99/><D71/><U23/><E23/><V127/><F127/><W52/><G90/><T63/><D63/><U16/><E16/><V86/><F29/><W69/><G69/><T4/><REACH who="0" step="1"/><D99/><REACH who="0" ten="240,240,250,250" step="2"/><U20/><E20/><V19/><F74/><W98/><G96/><T26/><D26/><U92/><E92/><V58/><F95/><N who="3" m="58463" /><G82/><T65/><D65/><U97/><E97/><V50/><F93/><W79/><G79/><T113/><D113/><U87/><E87/><V56/><F77/><RYUUKYOKU ba="0,2" sc="240,10,240,10,250,-30,250,10" hai0="4,8,12,17,22,24,45,51,80,85,91,112,114" hai1="2,6,9,21,25,30,41,44,46,48,49,128,130" hai3="10,13,18,27,28,52,53,55,101,102" /><INIT seed="0,1,2,3,1,18" ten="250,250,220,260" oya="0" hai0="122,79,32,55,100,77,19,81,47,88,6,48,91" hai1="87,2,3,132,53,17,63,65,74,26,22,133,24" hai2="124,82,123,115,33,108,9,118,109,0,89,114,21" hai3="96,39,119,68,59,125,84,12,83,72,117,75,1"/><T135/><D32/><U61/><E74/><V57/><F57/><W86/><G1/><T80/><D122/><U38/><E38/><V14/><F89/><N who="0" m="34378" /><D135/><N who="1" m="51787" /><E87/><V15/><F82/><N who="0" m="31850" /><D6/><U129/><E129/><V103/><F103/><W50/><G39/><T16/><D100/><U41/><E41/><V126/><F33/><W73/><G68/><T106/><D106/><U76/><E76/><AGARI ba="1,2" hai="16,19,47,48,55,76,77,79" m="31850,34378" machi="76" ten="30,5800,0" yaku="8,1,54,2" doraHai="18" who="0" fromWho="1" sc="250,81,250,-61,220,0,260,0" /><INIT seed="0,2,0,0,5,20" ten="331,189,220,260" oya="0" hai0="90,68,53,30,73,82,19,85,51,18,13,49,46" hai1="75,133,135,35,41,28,47,16,12,3,132,88,102" hai2="120,94,66,84,95,52,56,61,38,92,112,4,6" hai3="108,54,9,122,78,116,107,70,14,83,115,57,58"/><T22/><D68/><U23/><E102/><V114/><F120/><W42/><G122/><T103/><D73/><U50/><E75/><V96/><F38/><W109/><G116/><T118/><D118/><U119/><E119/><V39/><F39/><W72/><G107/><T121/><D121/><U74/><E74/><V76/><F96/><W99/><G70/><T104/><D104/><U71/><E71/><V106/><F106/><W29/><G115/><T44/><D103/><U45/><E3/><V25/><F66/><W111/><G42/><T87/><D87/><U63/><E63/><V48/><F61/><W86/><G99/><T10/><D30/><U43/><E88/><V31/><F112/><W81/><G29/><T5/><REACH who="0" step="1"/><D22/><REACH who="0" ten="321,189,220,260" step="2"/><U21/><E21/><N who="2" m="15791" /><F114/><W130/><G72/><T33/><D33/><U98/><E98/><V69/><F69/><W11/><G86/><T7/><D7/><U24/><REACH who="1" step="1"/><E135/><REACH who="1" ten="321,179,220,260" step="2"/><V0/><F0/><W80/><G111/><T110/><D110/><U128/><E128/><V129/><F129/><W91/><G109/><T34/><D34/><U64/><E64/><V15/><F15/><W65/><G108/><T40/><AGARI ba="2,2" hai="5,10,13,18,19,40,44,46,49,51,53,82,85,90" machi="40" ten="20,7800,0" yaku="1,1,0,1,7,1,8,1,53,0" doraHai="20" doraHaiUra="17" who="0" fromWho="0" sc="321,104,179,-28,220,-28,260,-28" /><INIT seed="0,3,0,0,1,76" ten="425,151,192,232" oya="0" hai0="128,78,102,18,122,125,123,6,81,129,21,47,133" hai1="100,91,103,130,19,118,85,8,16,9,95,68,62" hai2="12,55,45,108,70,80,134,120,44,26,37,87,1" hai3="33,0,61,7,105,101,40,41,51,106,89,98,72"/><T28/><BYE who="1" /><D125/><UN n1="%E4%B8%B8%E5%8A%A9" /><U5/><E118/><V25/><F1/><W94/><G33/><T71/><D71/><U124/><E124/><V115/><F120/><W11/><G72/><T3/><D133/><U127/><E127/><V97/><F134/><W63/><G106/><T10/><D102/><N who="1" m="38955" /><E68/><V86/><F97/><W110/><G110/><T126/><D47/><U96/><E130/><N who="0" m="50281" /><D28/><U38/><E38/><V132/><F108/><W66/><G51/><T17/><D126/><U116/><E116/><V34/><F34/><W4/><G4/><T29/><D29/><U24/><E62/><V88/><F70/><W117/><G117/><T82/><D18/><N who="1" m="6699" /><E24/><V27/><F12/><W104/><G63/><T74/><D81/><N who="1" m="49583" /><E5/><V59/><F37/><W73/><G73/><T2/><D3/><U131/><E131/><V69/><F69/><W49/><G105/><T90/><D90/><AGARI ba="3,0" hai="8,9,90,95,96" m="49583,6699,38955" machi="90" ten="30,3900,0" yaku="8,1,52,1,54,1" doraHai="76" who="1" fromWho="0" sc="425,-48,151,48,192,0,232,0" /><INIT seed="1,0,0,0,4,57" ten="377,199,192,232" oya="1" hai0="92,2,121,40,4,41,123,46,93,60,112,38,52" hai1="96,58,105,5,88,39,116,19,62,55,42,80,64" hai2="125,111,83,78,89,132,24,98,103,134,7,36,106" hai3="94,79,129,133,53,63,3,16,37,47,90,32,99"/><U127/><E116/><V100/><F36/><W109/><G133/><T44/><D112/><U1/><E127/><V120/><F7/><W110/><G3/><T130/><D130/><U10/><E39/><V84/><F24/><W26/><G129/><T9/><D41/><U91/><E42/><V25/><F25/><W30/><G79/><T35/><D35/><U21/><E80/><V97/><F120/><N who="0" m="46154" /><D46/><U56/><E105/><V29/><F29/><W15/><G37/><T72/><D72/><U43/><E43/><V67/><F67/><W126/><G126/><T76/><D76/><U54/><E96/><V49/><F49/><W31/><G31/><T128/><D128/><U18/><E18/><V75/><F125/><W22/><REACH who="3" step="1"/><G47/><REACH who="3" ten="377,199,192,222" step="2"/><T107/><D107/><U117/><E117/><V69/><F111/><W59/><AGARI ba="0,1" hai="15,16,22,26,30,32,53,59,63,90,94,99,109,110" machi="59" ten="30,12000,2" yaku="1,1,2,1,0,1,52,1,54,1,53,2" doraHai="57" doraHaiUra="122" who="3" fromWho="3" sc="377,-30,199,-60,192,-30,222,130" /><INIT seed="2,0,0,1,4,87" ten="347,139,162,352" oya="2" hai0="90,64,8,23,22,62,20,129,0,13,125,31,115" hai1="116,110,2,101,123,16,113,73,7,88,30,9,36" hai2="132,103,46,43,66,127,75,11,55,56,91,122,124" hai3="95,58,94,77,44,49,128,3,10,92,18,130,29"/><V65/><F75/><W4/><G29/><T105/><D105/><U83/><E116/><V78/><F78/><W69/><G69/><T38/><D38/><U106/><E113/><V15/><F103/><W120/><G120/><T59/><D115/><U41/><E30/><V135/><F122/><W85/><G58/><T93/><D129/><N who="3" m="49769" /><G18/><N who="0" m="8487" /><D0/><U61/><E123/><V47/><F91/><N who="3" m="53359" /><G77/><T51/><D125/><N who="2" m="48202" /><F15/><W42/><AGARI ba="0,0" hai="3,4,10,42,44,49,94,95" m="53359,49769" machi="42" ten="30,2000,0" yaku="19,1,52,1" doraHai="87" who="3" fromWho="3" sc="347,-5,139,-5,162,-10,352,20" /><INIT seed="3,0,0,2,2,71" ten="342,134,152,372" oya="3" hai0="77,122,29,61,49,85,79,35,104,42,60,9,2" hai1="92,107,34,101,66,1,123,134,105,47,103,72,53" hai2="38,68,99,78,86,129,114,87,44,52,102,23,74" hai3="70,0,37,51,15,62,24,133,12,108,100,41,36"/><W116/><G116/><T43/><D122/><U113/><E123/><V30/><F68/><W88/><G0/><T18/><D104/><U80/><E113/><V83/><F114/><W94/><G100/><T13/><D2/><U4/><E34/><V7/><F7/><W93/><G133/><T109/><D109/><U69/><E134/><V26/><F129/><W31/><G108/><T58/><D29/><U59/><E69/><V121/><F121/><W84/><G94/><T16/><D35/><U22/><E66/><V64/><F64/><W32/><G70/><T96/><D96/><U110/><E110/><V90/><F38/><W98/><G62/><N who="0" m="24171" /><D18/><U17/><E47/><V118/><F118/><W119/><G119/><T75/><D75/><U57/><E105/><V6/><F6/><W132/><G132/><T14/><D14/><U126/><E107/><V65/><F65/><W111/><G111/><T76/><D85/><U46/><E72/><V40/><F40/><W124/><G84/><T128/><D128/><U130/><E130/><V131/><F131/><W33/><G124/><T89/><D89/><U56/><E126/><V115/><F90/><W112/><G112/><T54/><AGARI ba="0,0" hai="9,13,16,42,43,49,54,58,76,77,79" m="24171" machi="54" ten="30,2000,0" yaku="8,1,54,1" doraHai="71" who="0" fromWho="0" sc="342,20,134,-5,152,-5,372,-10" /><INIT seed="4,0,0,2,2,122" ten="362,129,147,362" oya="0" hai0="96,94,67,112,95,117,86,110,130,104,100,12,105" hai1="51,18,52,33,72,58,126,6,65,46,64,115,85" hai2="71,59,29,38,74,131,57,79,8,26,113,0,108" hai3="97,36,69,77,39,61,2,116,17,30,44,80,70"/><T114/><D67/><U31/><E72/><V109/><F59/><W10/><G116/><T1/><D1/><U84/><E6/><V134/><F57/><W82/><G30/><T9/><D117/><U68/><E68/><V83/><F131/><W55/><G97/><T50/><D50/><U41/><E126/><V14/><F14/><W124/><G124/><T20/><D20/><U119/><E119/><V63/><F134/><W127/><G127/><T42/><D42/><U76/><E115/><N who="0" m="44073" /><D130/><U75/><E75/><V21/><F38/><W48/><G69/><T4/><D110/><U121/><E121/><V73/><F73/><W19/><G19/><T45/><D45/><U99/><E31/><V25/><F25/><W47/><G47/><T15/><D12/><U34/><E34/><V37/><F37/><W56/><G70/><T118/><D118/><U81/><E33/><V93/><F93/><W22/><G82/><T5/><D5/><U53/><E53/><V24/><F24/><W13/><G10/><T92/><D105/><U111/><E111/><V120/><F120/><W87/><REACH who="3" step="1"/><G2/><REACH who="3" ten="362,129,147,352" step="2"/><T125/><D125/><U102/><E18/><V16/><F113/><W101/><G101/><T129/><D129/><U89/><E102/><V35/><F35/><W66/><AGARI ba="0,1" hai="13,17,22,36,39,44,48,55,56,61,66,77,80,87" machi="66" ten="20,2700,0" yaku="1,1,0,1,7,1,53,0" doraHai="122" doraHaiUra="107" who="3" fromWho="3" sc="362,-13,129,-7,147,-7,352,37" /><INIT seed="5,0,0,0,1,43" ten="349,122,140,389" oya="1" hai0="132,29,59,121,91,15,107,36,50,0,118,38,1" hai1="35,115,101,53,97,34,62,122,25,77,40,127,26" hai2="11,33,99,126,70,56,129,28,79,82,18,134,55" hai3="83,4,76,6,98,37,10,69,128,57,87,124,92"/><U39/><E122/><V125/><F70/><W41/><G69/><T102/><D118/><U86/><E115/><V68/><F68/><W103/><G128/><T16/><D121/><U3/><E3/><V114/><F99/><W51/><G124/><T61/><D38/><U9/><E127/><N who="2" m="48651" /><F114/><W60/><G37/><T108/><D36/><U84/><E39/><V71/><F71/><W58/><G10/><T112/><D112/><U109/><E40/><V111/><F111/><W78/><G78/><T135/><D108/><U74/><E74/><V110/><F110/><W12/><G12/><T44/><D107/><U47/><E109/><V13/><F28/><W30/><G30/><T19/><D29/><U106/><E9/><V120/><F33/><W75/><G75/><T64/><D102/><U49/><E62/><V90/><F90/><W105/><G105/><T42/><D91/><U116/><E116/><V23/><F120/><W130/><G130/><T45/><D19/><U133/><E133/><N who="0" m="51273" /><D45/><U21/><E26/><V94/><F94/><W93/><G93/><T123/><D123/><U14/><E14/><V22/><F129/><W65/><G41/><T80/><D80/><U119/><E119/><V2/><F2/><W81/><G81/><T100/><D100/><U31/><REACH who="1" step="1"/><E77/><REACH who="1" ten="349,112,140,389" step="2"/><V89/><F134/><W67/><G76/><T20/><AGARI ba="0,1" hai="0,1,15,16,20,42,44,50,59,61,64" m="51273" machi="20" ten="30,4000,0" yaku="20,1,52,1,54,1" doraHai="43" who="0" fromWho="0" sc="349,50,112,-20,140,-10,389,-10" /><INIT seed="6,0,0,3,5,28" ten="399,92,130,379" oya="2" hai0="101,12,126,131,25,61,116,86,53,16,19,95,90" hai1="99,40,129,39,14,8,83,88,78,69,18,76,74" hai2="59,97,80,22,50,32,48,68,51,44,38,24,7" hai3="92,4,72,26,56,9,2,89,23,41,67,82,34"/><V135/><F135/><W93/><G41/><T0/><D0/><U33/><E69/><V1/><F68/><W100/><G100/><T43/><D126/><U105/><E129/><V66/><F38/><W30/><G67/><T54/><D116/><U52/><E78/><V103/><F80/><W45/><G45/><T11/><D131/><U104/><E33/><V106/><F7/><W96/><G56/><N who="0" m="34959" /><D43/><U121/><E121/><V84/><F84/><W46/><G46/><T115/><D115/><U85/><E52/><V94/><F1/><W27/><G93/><T133/><D133/><U91/><E99/><V107/><F32/><W10/><G10/><T37/><D37/><U113/><E113/><V108/><F108/><W57/><G57/><T36/><D36/><U71/><E71/><V35/><F35/><W47/><G47/><T20/><D54/><U112/><E112/><V13/><F13/><W75/><REACH who="3" step="1"/><G82/><REACH who="3" ten="399,92,130,369" step="2"/><T77/><D101/><U17/><E40/><V130/><F130/><W65/><G65/><T134/><D134/><U6/><E39/><V102/><F102/><W110/><G110/><T128/><D128/><U132/><E132/><V21/><F44/><W87/><G87/><T111/><D111/><U70/><E70/><V119/><F106/><N who="1" m="41065" /><E85/><V58/><F107/><W60/><G60/><T118/><D118/><U125/><E125/><V31/><F119/><W29/><AGARI ba="0,1" hai="2,4,9,23,26,27,29,30,34,72,75,89,92,96" machi="29" ten="20,5200,0" yaku="1,1,0,1,7,1,52,1,53,0" doraHai="28" doraHaiUra="49" who="3" fromWho="3" sc="399,-13,92,-13,130,-26,369,62" /><INIT seed="7,0,0,4,0,7" ten="386,79,104,431" oya="3" hai0="128,103,13,62,70,59,37,86,125,131,50,100,21" hai1="78,11,64,27,117,130,3,8,111,42,54,19,52" hai2="34,126,4,98,88,102,67,81,114,38,93,66,56" hai3="18,31,60,83,16,47,5,2,6,119,40,124,51"/><W48/><G119/><T104/><D104/><U87/><E111/><V91/><F34/><W121/><G121/><T65/><D86/><U39/><E3/><V127/><F38/><W112/><G112/><T61/><D21/><N who="1" m="13759" /><E39/><V46/><F46/><N who="3" m="25671" /><G124/><N who="2" m="47657" /><F114/><W32/><G32/><T115/><D125/><U15/><E42/><V25/><F25/><W75/><G2/><T90/><D90/><N who="2" m="34346" /><F81/><W22/><G75/><T28/><D28/><U99/><E117/><V89/><F102/><W76/><G60/><N who="0" m="40231" /><D13/><U105/><E130/><N who="0" m="49705" /><D103/><U92/><E105/><V134/><F134/><W53/><G83/><T133/><D100/><N who="1" m="60519" /><E64/><N who="2" m="24619" /><F4/><N who="3" m="1643" /><G76/><T116/><D115/><U97/><E97/><V73/><F56/><W69/><G69/><T1/><D1/><U95/><E95/><V57/><F57/><W68/><G68/><T49/><D116/><U79/><E79/><V0/><F0/><W74/><G74/><AGARI ba="0,0" hai="73,74,89,93,98" m="24619,34346,47657" machi="74" ten="30,2000,0" yaku="18,1,54,1" doraHai="7" who="2" fromWho="3" sc="386,0,79,0,104,20,431,-20" owari="386,19.0,79,-42.0,124,-28.0,411,51.0" /></mjloggm>