<mjloggm ver="2.3"><GO type="169" lobby="0"/><UN n0="%EF%BC%A6%EF%BC%B8%E9%9B%80%E5%A3%AB" n1="%72%79%6F%74%61%53%53%53" n2="%EF%BC%88%E2%89%A7%E2%96%BD%E2%89%A6%EF%BC%89" n3="%E9%B3%B3%E6%8B%B3" dan="17,17,18,16" rate="2159.87,2110.78,2188.24,2084.34" sx="M,M,M,M"/><TAIKYOKU oya="0"/><INIT seed="0,0,0,5,1,50" ten="250,250,250,250" oya="0" hai0="57,84,88,85,19,37,78,8,59,66,55,3,47" hai1="0,99,76,128,9,51,56,97,30,48,81,126,58" hai2="106,25,54,67,105,98,113,90,87,130,127,96,17" hai3="120,16,68,31,23,22,118,12,70,94,74,27,13"/><T52/><D3/><U117/><E117/><V53/><F113/><W33/><G118/><T46/><D37/><U7/><E126/><V4/><F127/><W63/><G74/><T72/><D66/><U92/><E128/><V122/><F122/><W101/><G120/><T29/><D29/><U1/><E30/><V49/><F130/><W108/><G108/><T26/><D72/><U95/><E1/><V42/><F4/><W40/><G40/><T61/><D78/><U60/><E56/><V134/><F67/><W109/><G109/><T5/><D5/><U123/><E95/><N who="2" m="54751" /><F105/><W24/><G12/><N who="0" m="7559" /><D26/><U91/><E97/><N who="2" m="37483" /><F106/><W103/><G68/><T34/><D34/><U77/><E123/><V45/><F134/><W38/><G38/><T110/><D110/><U10/><E77/><V124/><F124/><W35/><G94/><N who="0" m="54535" /><D85/><N who="1" m="48295" /><E7/><V69/><F69/><W43/><G101/><T28/><D28/><U73/><E73/><V75/><F75/><W41/><G103/><T18/><D18/><U121/><E0/><V131/><F131/><W93/><G31/><T82/><D82/><U15/><E121/><V129/><F129/><W115/><G33/><T20/><D20/><AGARI ba="0,0" hai="17,20,25,42,45,49,53,54" m="37483,54751" machi="20" ten="30,3900,0" yaku="8,1,52,2" doraHai="50" who="2" fromWho="0" sc="250,-39,250,0,250,39,250,0" /><INIT seed="1,0,0,3,2,41" ten="211,250,289,250" oya="1" hai0="44,83,34,56,64,0,58,100,49,133,77,53,92" hai1="102,36,119,68,135,11,98,6,61,12,130,22,14" hai2="96,103,54,47,7,16,60,24,112,42,21,122,76" hai3="45,82,33,85,115,13,37,80,113,19,91,20,111"/><U17/><E119/><V93/><F122/><W31/><G111/><T50/><D34/><U23/><E36/><V105/><F112/><W15/><G15/><T134/><D0/><U32/><E32/><V18/><F7/><W3/><G3/><T86/><D64/><U51/><E130/><V88/><F76/><W90/><G33/><T114/><D114/><U97/><E135/><N who="0" m="51721" /><D50/><U128/><E128/><V131/><F131/><W79/><G31/><T117/><D117/><U94/><E98/><AGARI ba="0,0" hai="44,49,53,56,58,77,83,86,92,98,100" m="51721" machi="98" ten="30,2000,0" yaku="20,1,52,1" doraHai="41" who="0" fromWho="1" sc="211,20,250,-20,289,0,250,0" /><INIT seed="2,0,0,2,3,49" ten="231,230,289,250" oya="2" hai0="47,61,68,77,70,135,101,7,45,114,54,14,24" hai1="26,90,38,39,56,29,37,44,119,63,16,108,22" hai2="106,84,86,93,25,89,42,17,28,9,73,125,91" hai3="43,27,97,52,76,85,30,31,72,53,78,83,1"/><V129/><F106/><W79/><G1/><T128/><D114/><U126/><E108/><V55/><F73/><W40/><G97/><T69/><D101/><U96/><E126/><V50/><F42/><N who="3" m="15915" /><G72/><T71/><D77/><N who="3" m="29801" /><G27/><T2/><D2/><U116/><E44/><V100/><F100/><W103/><G103/><T124/><D124/><U104/><E29/><AGARI ba="0,0" hai="29,30,31,52,53,79,83,85" m="29801,15915" machi="29" ten="30,7700,0" yaku="8,1,52,2,54,1" doraHai="49" who="3" fromWho="1" sc="231,0,230,-77,289,0,250,77" /><INIT seed="3,0,0,2,0,72" ten="231,153,289,327" oya="3" hai0="124,133,108,93,69,77,34,36,109,113,38,12,66" hai1="3,78,55,45,120,63,16,20,89,61,74,26,43" hai2="100,119,98,17,85,56,86,82,73,59,60,83,13" hai3="33,23,130,51,9,53,76,132,22,112,47,31,131"/><W35/><G112/><T67/><D113/><U5/><E120/><V96/><F119/><W64/><G132/><T28/><D133/><U75/><E75/><V37/><F37/><W102/><G102/><T101/><D124/><U1/><E89/><N who="2" m="51391" /><F73/><W40/><G64/><T117/><D34/><U46/><E46/><V52/><F59/><W116/><G116/><T92/><D101/><U110/><E110/><V99/><F100/><W0/><G33/><T65/><D69/><U122/><E122/><V50/><F60/><W111/><G111/><T68/><D68/><U79/><E74/><V115/><F115/><W81/><G35/><T27/><D117/><U126/><E126/><V134/><F134/><W49/><G31/><T8/><D38/><U95/><E95/><V62/><F62/><W87/><G0/><T125/><D36/><U18/><E3/><V103/><F103/><W11/><G23/><N who="0" m="15487" /><D125/><U32/><E32/><V7/><F7/><W44/><REACH who="3" step="1"/><G22/><REACH who="3" ten="231,153,289,317" step="2"/><T121/><D109/><U88/><E1/><V128/><F128/><AGARI ba="0,1" hai="9,11,40,44,47,49,51,53,76,81,87,128,130,131" machi="128" ten="40,12000,1" yaku="1,1,2,1,19,1,52,1,53,0" doraHai="72" doraHaiUra="30" who="3" fromWho="2" sc="231,0,153,0,289,-120,317,130" /><INIT seed="3,1,0,4,0,117" ten="231,153,169,447" oya="3" hai0="27,88,121,3,80,34,60,124,56,126,83,105,18" hai1="113,66,51,104,114,33,67,110,89,129,86,71,21" hai2="68,50,1,55,2,47,37,9,20,130,125,72,90" hai3="61,58,59,98,87,75,127,31,25,120,26,52,49"/><W94/><G120/><T76/><D105/><U99/><E33/><V131/><F72/><W40/><G127/><N who="0" m="48683" /><D3/><U62/><E110/><V101/><F68/><W108/><G75/><T11/><D11/><U133/><E133/><V73/><F73/><W74/><G74/><T43/><D43/><U102/><E129/><N who="2" m="49163" /><F125/><W6/><G108/><T82/><D76/><U109/><E109/><V57/><F101/><W38/><G38/><T81/><D81/><U111/><E111/><V17/><F9/><W48/><G87/><T28/><D18/><U97/><E97/><V119/><F90/><N who="3" m="55639" /><G6/><T96/><D96/><U19/><E51/><N who="2" m="30975" /><F37/><W63/><G31/><T41/><D41/><U42/><E42/><N who="2" m="24951" /><F119/><W91/><G91/><T0/><D0/><U12/><REACH who="1" step="1"/><E67/><REACH who="1" ten="231,143,169,447" step="2"/><V93/><F93/><AGARI ba="1,1" hai="12,19,21,62,66,71,86,89,93,99,102,104,113,114" machi="93" ten="30,3900,0" yaku="1,1,2,1,7,1,53,0" doraHai="117" doraHaiUra="4" who="1" fromWho="2" sc="231,0,143,52,169,-42,447,0" /><INIT seed="4,0,0,5,2,32" ten="231,195,127,447" oya="0" hai0="73,127,134,120,35,129,6,22,81,46,16,125,100" hai1="114,115,44,7,54,14,66,15,91,48,29,117,31" hai2="104,76,97,57,59,118,47,42,49,4,131,5,17" hai3="25,94,103,56,133,45,116,51,126,28,69,30,128"/><T10/><D120/><U63/><E117/><V77/><F118/><W109/><G69/><T68/><D68/><U62/><E91/><V26/><F131/><W79/><G116/><T58/><D35/><U65/><E65/><V19/><F97/><W106/><G109/><T90/><D100/><U37/><E37/><V85/><F104/><W86/><G106/><T112/><D129/><U96/><E96/><V88/><F4/><W119/><G126/><N who="0" m="48139" /><D58/><N who="2" m="22026" /><F5/><W36/><G56/><T135/><D46/><U24/><E7/><V93/><F26/><W123/><G103/><T40/><D40/><U130/><E130/><V64/><F64/><W53/><G45/><T72/><D90/><U95/><E66/><V111/><F111/><W89/><G89/><T80/><D73/><U84/><E62/><V38/><F38/><W55/><G36/><T122/><D122/><U1/><E63/><V107/><F107/><W43/><G43/><T70/><D70/><U2/><E44/><V98/><F98/><W39/><G39/><T61/><D61/><U71/><E71/><V108/><F108/><W67/><G67/><T60/><D72/><U18/><E48/><V11/><F11/><W132/><G51/><T121/><D10/><U27/><E84/><V78/><AGARI ba="0,0" hai="17,19,42,47,49,76,77,78,85,88,93" m="22026" machi="78" ten="30,2000,0" yaku="8,1,54,1" doraHai="32" who="2" fromWho="2" sc="231,-10,195,-5,127,20,447,-5" /><INIT seed="5,0,0,1,2,107" ten="221,190,147,442" oya="1" hai0="27,70,129,112,91,46,130,28,43,126,119,71,81" hai1="64,56,108,16,4,31,45,96,74,35,14,30,73" hai2="18,5,93,94,114,89,80,103,10,63,115,12,23" hai3="131,0,106,78,37,76,20,33,3,92,25,122,85"/><U101/><E108/><V67/><F103/><W120/><G106/><T50/><D119/><U124/><E4/><V13/><F80/><W49/><G37/><T1/><D1/><U44/><E124/><V135/><F135/><W6/><G33/><T66/><D126/><U68/><E68/><V95/><REACH who="2" step="1"/><F89/><REACH who="2" ten="221,190,137,442" step="2"/><W79/><G122/><T132/><D91/><U7/><E101/><V109/><F109/><W8/><G120/><T9/><D81/><U82/><E82/><V117/><F117/><W51/><G76/><T118/><D132/><U47/><E74/><V55/><F55/><W42/><G78/><T29/><D118/><U2/><E73/><V105/><F105/><W34/><G79/><T60/><D129/><U133/><E133/><V121/><F121/><W123/><G123/><T110/><D130/><U127/><E127/><V102/><F102/><W97/><G131/><T116/><D116/><U53/><E53/><V86/><F86/><W22/><G85/><T111/><D111/><U62/><E96/><V36/><F36/><W17/><G97/><T59/><D110/><U98/><E98/><V15/><F15/><W125/><G125/><T57/><D66/><U21/><REACH who="1" step="1"/><E35/><REACH who="1" ten="221,180,137,442" step="2"/><V104/><F104/><W52/><G34/><T87/><D87/><U69/><E69/><AGARI ba="0,2" hai="5,10,12,13,18,23,63,67,69,93,94,95,114,115" machi="69" ten="40,1300,0" yaku="1,1,53,0" doraHai="107" doraHaiUra="32" who="2" fromWho="1" sc="221,0,180,-13,137,33,442,0" /><INIT seed="6,0,0,2,5,37" ten="221,167,170,442" oya="2" hai0="65,90,89,5,71,84,51,31,29,13,61,122,106" hai1="21,30,42,83,94,115,1,126,18,50,108,132,41" hai2="133,48,4,36,10,34,104,44,107,14,105,134,86" hai3="58,74,0,113,112,70,131,91,15,12,82,16,62"/><V47/><F34/><W121/><G0/><T2/><D2/><U116/><E116/><V93/><F36/><W72/><G70/><T3/><D3/><U38/><E108/><V135/><REACH who="2" step="1"/><F48/><REACH who="2" ten="221,167,160,442" step="2"/><W52/><G121/><T127/><D122/><U99/><E38/><V128/><F128/><W78/><G131/><T117/><D51/><U85/><E50/><V57/><F57/><W55/><G112/><T25/><D117/><U68/><E68/><V79/><F79/><W64/><G113/><T109/><D71/><U66/><E115/><V60/><F60/><W76/><G78/><T63/><D61/><U7/><E132/><V98/><F98/><W97/><G97/><T45/><D63/><U26/><E99/><V32/><F32/><W8/><G91/><AGARI ba="0,1" hai="4,10,14,44,47,86,91,93,104,105,107,133,134,135" machi="91" ten="50,4800,0" yaku="1,1,20,1,53,0" doraHai="37" doraHaiUra="111" who="2" fromWho="3" sc="221,0,167,0,160,58,442,-48" /><INIT seed="6,1,0,0,5,70" ten="221,167,218,394" oya="2" hai0="35,50,110,47,126,52,131,121,46,90,21,103,94" hai1="73,115,51,133,34,37,17,93,1,66,64,62,38" hai2="113,135,102,45,122,97,83,5,49,54,108,30,10" hai3="114,109,99,58,9,125,13,43,16,81,61,57,68"/><V111/><F122/><W96/><G109/><T124/><D110/><U63/><E73/><V18/><F30/><W128/><G125/><N who="0" m="48235" /><D35/><U0/><E34/><V117/><F117/><W26/><G43/><T39/><D121/><U87/><E51/><V53/><F113/><W59/><G128/><T72/><D72/><U106/><E106/><V88/><F135/><W134/><G134/><T116/><D131/><U76/><E133/><V112/><F112/><W60/><G114/><T4/><D4/><U98/><E115/><V25/><F54/><W7/><G81/><T100/><D21/><U86/><E17/><V105/><F25/><W55/><G68/><T129/><D116/><U42/><E42/><V119/><F119/><W12/><G26/><T69/><D69/><U15/><E15/><N who="2" m="7543" /><F5/><W79/><G79/><T89/><D89/><U22/><E76/><V123/><F123/><W132/><G132/><T31/><D31/><U29/><E29/><V74/><F74/><W19/><G19/><T85/><D129/><U48/><E22/><V71/><F71/><W36/><G36/><T127/><D127/><U80/><E1/><V20/><F20/><N who="3" m="11271" /><G58/><N who="0" m="33047" /><D39/><U91/><E0/><V6/><F6/><W8/><G8/><T11/><D11/><U82/><E38/><V101/><F101/><AGARI ba="1,0" hai="46,47,85,90,94,100,101,103" m="33047,48235" machi="101" ten="30,2000,0" yaku="18,1,54,1" doraHai="70" who="0" fromWho="2" sc="221,23,167,0,218,-23,394,0" /><INIT seed="7,0,0,5,3,73" ten="244,167,195,394" oya="3" hai0="78,119,60,2,131,133,120,47,50,26,107,108,74" hai1="102,70,64,3,39,96,38,97,100,33,9,16,88" hai2="112,101,93,90,42,103,123,7,51,115,10,105,134" hai3="59,116,68,23,109,71,86,41,49,132,99,129,45"/><W126/><G99/><N who="1" m="37962" /><E33/><V92/><F105/><W135/><G116/><T15/><D26/><U82/><E3/><N who="2" m="383" /><F123/><W67/><G23/><T104/><D15/><N who="1" m="7279" /><E39/><V25/><F25/><W111/><G86/><T4/><D107/><U17/><E38/><V43/><F134/><W127/><G129/><T85/><D2/><U11/><E70/><N who="3" m="26666" /><G59/><T57/><D131/><U69/><E69/><V12/><F12/><W28/><G67/><T83/><D104/><U22/><E11/><V113/><F51/><W65/><G28/><T77/><D119/><U98/><E64/><V6/><F6/><W84/><G65/><T66/><D66/><U121/><E121/><V0/><F0/><W91/><G132/><T114/><D133/><U40/><E40/><N who="2" m="15403" /><F93/><N who="3" m="54503" /><G135/><T29/><D120/><U24/><N who="1" m="37970" /><AGARI ba="0,0" hai="90,92,98,101,103,112,113,115" m="15403,383" machi="98" ten="30,2000,0" yaku="3,1,15,1" doraHai="73" who="2" fromWho="1" sc="244,0,167,-20,195,20,394,0" owari="244,4.0,147,-35.0,215,-18.0,394,49.0" /></mjloggm>