<mjloggm ver="2.3"><GO type="33"/><UN n0="%E3%81%AF%E3%82%84%E3%81%95%E3%82%93" n1="%E6%9C%AC%E7%89%A9%E5%A5%B3%E5%AD%90%E9%AB%98%E7%94%9F" n2="%EF%BC%88%E2%89%A7%E2%96%BD%E2%89%A6%EF%BC%89" n3="%E8%80%83%E3%81%88%E4%B8%AD%EF%BC%88%E5%8C%97" dan="13,16,15,13" rate="1807,1978,2027,1875" sx="M,F,M,M"/><TAIKYOKU oya="0"/><INIT seed="0,0,0,3,2,68" ten="250,250,250,250" oya="0" hai0="45,3,109,99,21,127,107,26,93,44,22,113,37" hai1="129,1,94,42,101,131,33,79,96,5,34,67,118" hai2="81,130,56,66,54,61,48,119,12,10,134,62,23" hai3="97,60,55,64,72,47,51,13,103,4,32,104,100"/><T11/><D113/><U9/><E118/><V102/><F119/><W133/><G133/><T27/><D107/><U89/><E67/><V80/><F134/><W123/><G32/><T108/><D127/><U73/><E42/><V88/><F130/><N who="1" m="49673" /><E89/><V8/><F102/><W36/><G123/><T2/><D11/><U7/><E5/><V111/><F111/><W35/><G72/><T39/><D93/><U124/><E124/><V58/><F23/><W50/><G35/><T76/><D99/><U112/><E112/><V41/><F8/><W70/><G100/><T95/><D95/><U19/><E19/><V116/><F116/><W74/><G74/><T18/><D18/><U98/><E98/><V91/><F80/><AGARI ba="0,0" hai="1,7,9,33,34,73,79,80,94,96,101" m="49673" machi="80" ten="30,1000,0" yaku="19,1" doraHai="68" who="1" fromWho="2" sc="250,0,250,10,250,-10,250,0" /><INIT seed="1,0,0,3,1,24" ten="250,260,240,250" oya="1" hai0="97,16,68,89,115,131,122,132,56,117,18,15,42" hai1="40,124,81,103,63,26,83,84,133,59,82,109,134" hai2="43,75,44,7,66,110,5,34,100,78,4,27,120" hai3="33,51,130,8,21,31,29,101,87,3,85,64,77"/><U76/><E124/><V32/><F120/><W0/><G33/><T62/><D115/><U92/><E109/><V60/><F110/><W111/><G111/><T72/><D117/><U93/><E40/><V107/><F78/><W96/><G0/><T65/><D72/><U50/><E50/><V28/><F75/><W53/><G3/><T126/><D126/><U118/><E118/><V90/><F90/><W46/><G130/><T79/><D79/><U17/><E17/><V95/><F95/><N who="1" m="36425" /><E26/><V13/><F34/><W22/><G64/><T129/><D122/><U99/><E59/><V61/><F13/><W71/><G71/><T58/><D132/><N who="1" m="50795" /><E63/><V1/><F1/><W6/><G96/><T94/><D56/><U39/><E39/><V116/><F116/><W52/><G101/><T54/><D42/><U55/><E55/><N who="3" m="21066" /><G8/><T37/><D37/><U127/><E127/><V48/><REACH who="2" step="1"/><F66/><REACH who="2" step="2"/><W106/><G77/><T91/><D15/><U45/><E45/><V114/><F114/><W105/><G6/><T10/><D91/><U74/><E74/><V67/><F67/><W41/><G106/><AGARI ba="0,1" hai="76,81,82,83,84,99,103,106" m="50795,36425" machi="106" ten="30,5800,0" yaku="20,1,34,2" doraHai="24" who="1" fromWho="3" sc="250,0,260,68,230,0,250,-58" /><INIT seed="1,1,0,1,3,16" ten="250,328,230,192" oya="1" hai0="96,60,44,68,111,76,89,21,83,99,101,12,80" hai1="3,82,41,134,63,102,64,43,67,28,110,15,119" hai2="92,121,72,1,79,19,73,93,47,124,98,57,10" hai3="4,81,56,128,55,84,37,49,25,36,125,130,0"/><U97/><E119/><V107/><F121/><W94/><G94/><T46/><D111/><U52/><E3/><V32/><F32/><W24/><G125/><T29/><D68/><U42/><E110/><V106/><F124/><W33/><G4/><T26/><D60/><U91/><E134/><V126/><F126/><W14/><G0/><T117/><D117/><U135/><E135/><V104/><F57/><W123/><G14/><T86/><D12/><U120/><E120/><V105/><F105/><W132/><G123/><T118/><D118/><U127/><E28/><V58/><F58/><W23/><G132/><T95/><REACH who="0" step="1"/><D99/><REACH who="0" step="2"/><U133/><E97/><V69/><F98/><W103/><G130/><T70/><D70/><U61/><E63/><V115/><F69/><W17/><G128/><T113/><D113/><U50/><E61/><V71/><F115/><W48/><G48/><T35/><D35/><U62/><E127/><V109/><F71/><W88/><REACH who="3" step="1"/><G103/><REACH who="3" step="2"/><T51/><D51/><U53/><E50/><V54/><F109/><W8/><G8/><T122/><D122/><U75/><E102/><V100/><F100/><W18/><G18/><T6/><D6/><U65/><E133/><V5/><F19/><W38/><G38/><T27/><D27/><U22/><E65/><V30/><F10/><W59/><G59/><T85/><AGARI ba="1,2" hai="21,26,29,44,46,76,80,83,85,86,89,95,96,101" machi="85" ten="20,8000,1" yaku="1,1,0,1,7,1,8,1,52,1,53,0" doraHai="16" doraHaiUra="114" who="0" fromWho="0" sc="240,103,328,-41,230,-21,182,-21" /><INIT seed="2,0,0,3,0,65" ten="343,287,209,161" oya="2" hai0="22,62,21,14,86,18,131,19,52,51,50,42,39" hai1="64,76,58,8,23,37,104,53,117,55,11,35,13" hai2="90,71,60,78,44,126,87,108,24,15,54,82,133" hai3="77,1,29,128,27,111,40,73,98,49,25,106,105"/><V101/><F133/><W45/><G111/><T59/><D131/><U47/><E35/><V121/><F121/><W114/><G128/><T129/><D129/><U83/><E117/><V120/><F120/><W134/><G134/><T88/><D42/><U34/><E34/><V61/><F126/><W80/><G114/><T113/><D39/><U127/><E104/><V32/><F108/><W7/><G98/><T68/><D68/><U36/><E127/><V92/><F71/><W100/><G100/><T43/><D43/><U31/><E64/><V46/><F15/><W103/><G103/><T56/><D59/><U112/><E53/><V91/><F24/><W81/><G81/><N who="0" m="49231" /><D113/><U79/><E83/><V93/><F32/><W118/><G118/><T33/><D33/><U132/><E132/><V84/><F101/><W41/><G41/><T4/><D4/><U2/><E2/><V109/><F109/><W123/><G123/><T3/><D3/><U26/><E36/><V97/><REACH who="2" step="1"/><F54/><REACH who="2" step="2"/><W102/><G102/><T30/><D30/><U94/><E31/><V67/><F67/><W6/><G27/><AGARI ba="0,1" hai="14,18,19,21,22,27,50,51,52,56,62" m="49231" machi="27" ten="30,3900,0" yaku="8,1,54,2" doraHai="65" who="0" fromWho="3" sc="343,49,287,0,199,0,161,-39" /><INIT seed="3,0,0,5,4,125" ten="392,287,199,122" oya="3" hai0="28,75,123,56,4,94,35,38,82,57,10,110,7" hai1="37,41,30,42,119,85,84,63,115,112,36,134,61" hai2="90,60,120,77,52,19,74,133,97,34,24,32,40" hai3="104,122,0,45,17,68,107,31,128,89,47,2,79"/><W53/><G122/><T102/><D123/><U26/><E26/><V48/><F120/><W67/><G31/><T5/><D38/><U105/><E30/><V127/><F127/><W62/><G89/><T64/><D110/><U20/><E20/><V92/><F133/><W13/><G79/><T44/><D44/><U15/><E15/><V11/><F40/><W124/><G124/><T130/><D130/><U126/><E126/><V132/><F132/><W70/><G70/><T76/><D64/><U25/><E25/><V6/><F77/><W46/><G53/><T117/><D117/><U78/><E78/><V71/><F74/><W100/><G128/><T131/><D131/><U50/><E50/><V106/><F106/><W33/><G33/><T83/><D83/><U118/><E105/><V23/><F71/><W9/><REACH who="3" step="1"/><G107/><REACH who="3" step="2"/><T103/><D35/><U16/><E134/><V96/><F34/><W81/><G81/><T109/><D28/><U72/><E72/><V91/><F32/><W14/><G14/><N who="0" m="5447" /><D82/><U29/><E29/><V66/><F91/><W116/><G116/><T111/><D76/><U3/><E3/><V114/><F114/><W1/><G1/><T86/><D75/><U21/><E115/><V113/><F113/><W55/><G55/><T18/><D111/><U49/><E112/><V121/><F121/><W129/><G129/><T59/><D109/><U108/><E108/><V95/><F90/><W65/><G65/><T69/><D69/><U99/><E118/><V22/><F66/><W88/><G88/><T98/><D103/><U87/><E119/><RYUUKYOKU ba="0,1" sc="392,-10,287,-10,199,-10,112,30" hai3="0,2,9,13,17,45,46,47,62,67,68,100,104" /><INIT seed="3,1,1,1,4,57" ten="382,277,189,142" oya="3" hai0="123,83,33,45,12,6,27,89,61,122,70,124,112" hai1="60,98,31,64,35,108,77,0,54,78,66,9,90" hai2="62,13,40,68,53,86,65,51,58,81,102,7,3" hai3="44,52,120,104,85,42,11,109,43,48,117,87,19"/><W22/><G120/><T114/><D124/><U56/><E108/><V92/><F3/><W116/><G104/><T88/><D45/><U105/><E35/><V76/><F40/><N who="3" m="15403" /><G116/><T129/><D129/><U84/><E31/><V111/><F111/><W41/><G117/><T106/><D106/><U47/><E105/><V94/><REACH who="2" step="1"/><F102/><REACH who="2" step="2"/><W36/><N who="3" m="15411" /><W50/><DORA hai="134" /><G36/><T91/><D123/><U20/><E0/><V16/><F16/><W28/><G109/><T121/><D122/><U17/><E9/><AGARI ba="1,2" hai="7,9,13,51,53,58,62,65,68,76,81,86,92,94" machi="9" ten="40,8000,1" yaku="1,1,52,1,53,2" doraHai="57,134" doraHaiUra="8,80" who="2" fromWho="1" sc="382,0,277,-83,179,103,142,0" owari="382,49.0,194,-21.0,282,8.0,142,-36.0" /></mjloggm>