<mjloggm ver="2.3"><GO type="169"/><UN n0="%E9%AB%98%E7%94%BA%E3%83%B4%E3%82%A3%E3%83%B4%E3%82%A3%E3%82%AA%E2%98%86" n1="%E3%81%9F%E3%82%8B" n2="%E3%81%84%E3%82%81%E3%81%91%E3%82%93" n3="%EF%BC%88%E2%89%A7%E2%96%BD%E2%89%A6%EF%BC%89" dan="17,16,16,17" rate="2096,2024,2045,2135" sx="M,M,M,M"/><TAIKYOKU oya="0"/><INIT seed="0,0,0,2,3,3" ten="250,250,250,250" oya="0" hai0="112,23,13,100,82,17,50,110,117,90,33,68,74" hai1="67,54,22,38,8,44,105,49,29,66,10,120,53" hai2="87,56,104,47,1,18,132,124,91,75,113,64,30" hai3="122,21,128,83,63,24,7,45,76,42,97,20,80"/><T96/><D117/><U127/><E105/><V103/><F113/><W71/><G122/><T2/><D68/><U121/><E38/><V118/><F75/><W95/><G128/><T114/><D33/><U84/><E127/><V57/><F124/><W108/><G108/><T73/><D110/><U58/><E121/><V78/><F78/><W14/><G71/><T16/><D2/><U130/><E130/><V43/><F132/><W19/><G63/><T0/><D0/><U79/><E120/><V102/><F1/><W70/><G70/><T28/><D28/><U134/><E134/><V39/><F118/><W41/><G76/><T69/><D69/><U106/><E106/><V99/><F103/><W131/><G131/><T89/><D50/><U94/><E10/><V11/><F30/><W81/><G45/><T101/><D96/><U61/><E8/><V6/><F64/><W98/><G98/><T60/><D23/><U36/><E36/><V35/><F35/><W126/><G126/><T34/><D34/><U88/><REACH who="1" step="1"/><E79/><REACH who="1" ten="250,240,250,250" step="2"/><V32/><F39/><W107/><G107/><T133/><D133/><U55/><E55/><V119/><F11/><N who="3" m="4479" /><G21/><T92/><D114/><U86/><E86/><V37/><F87/><W72/><G72/><T31/><D74/><U109/><E109/><V111/><F104/><W46/><G46/><T26/><D73/><U59/><E59/><V93/><F56/><W4/><G4/><T115/><D112/><U12/><E12/><V62/><F57/><W27/><G27/><AGARI ba="0,1" hai="22,27,29,44,49,53,54,58,61,66,67,84,88,94" machi="27" ten="40,5200,0" yaku="1,1,8,1,54,1,53,0" doraHai="3" doraHaiUra="9" who="1" fromWho="3" sc="250,0,240,62,250,0,250,-52" /><INIT seed="1,0,0,3,3,125" ten="250,302,250,198" oya="1" hai0="71,127,47,78,66,7,61,5,58,36,131,96,132" hai1="120,130,98,45,113,108,30,106,60,126,24,53,2" hai2="92,0,69,48,3,4,26,129,94,65,20,77,102" hai3="81,33,89,43,50,23,25,109,100,97,90,49,40"/><U91/><E120/><V19/><F77/><W105/><G33/><T13/><D127/><U114/><E126/><V52/><F129/><W101/><G109/><T28/><D131/><U35/><E130/><V75/><F75/><W17/><G101/><T73/><D132/><U93/><E2/><V80/><F80/><W121/><G121/><T44/><D28/><U12/><E108/><V9/><F0/><W64/><G64/><T72/><D78/><U70/><E12/><V42/><F42/><W76/><G43/><T103/><D73/><U133/><E133/><V107/><F65/><W112/><G112/><T31/><D72/><U8/><E8/><V135/><F69/><W111/><G111/><T39/><D71/><U56/><E70/><V27/><F135/><W10/><G10/><T122/><D31/><U83/><E45/><V51/><F51/><W85/><G40/><T55/><D122/><U14/><E14/><V82/><F82/><W134/><G134/><T62/><D13/><U110/><E110/><V29/><F102/><W118/><G118/><T63/><D44/><U22/><E35/><V95/><F107/><W16/><REACH who="3" step="1"/><G17/><REACH who="3" ten="250,302,250,188" step="2"/><T11/><D66/><U54/><E113/><V46/><REACH who="2" step="1"/><F95/><REACH who="2" ten="250,302,240,188" step="2"/><W18/><G18/><T1/><D7/><U99/><E114/><V15/><F15/><W79/><G79/><T38/><REACH who="0" step="1"/><D47/><REACH who="0" ten="240,302,240,188" step="2"/><U57/><E106/><AGARI ba="0,3" hai="1,5,11,36,38,39,55,58,61,62,63,96,103,106" machi="106" ten="40,2600,0" yaku="1,1,2,1,53,0" doraHai="125" doraHaiUra="87" who="0" fromWho="1" sc="240,56,302,-26,240,0,188,0" /><INIT seed="2,0,0,0,5,6" ten="296,276,240,188" oya="2" hai0="134,126,14,90,87,46,32,37,15,33,101,98,0" hai1="69,72,62,61,112,68,80,17,5,133,132,18,30" hai2="42,50,93,125,117,60,8,70,44,21,12,28,89" hai3="127,57,1,35,84,76,26,118,64,10,123,66,131"/><V114/><F114/><W92/><G123/><T77/><D0/><U11/><E30/><V79/><F125/><W53/><G118/><T83/><D126/><U100/><E100/><V107/><F107/><W95/><G131/><T39/><D134/><N who="1" m="51819" /><E112/><V3/><F117/><W36/><G36/><T13/><D77/><N who="1" m="44071" /><E62/><V55/><F79/><W75/><G75/><T135/><D135/><U4/><E4/><V9/><F3/><W130/><G130/><T85/><D85/><U27/><E27/><N who="2" m="16495" /><F12/><W97/><G127/><T31/><D31/><U48/><E48/><N who="2" m="26647" /><F60/><W88/><G76/><T24/><D24/><U29/><E29/><V105/><F105/><W115/><G115/><T121/><D121/><U73/><E73/><V119/><F70/><N who="1" m="27241" /><E61/><V86/><F119/><W45/><G35/><T19/><D19/><U51/><E51/><V47/><AGARI ba="0,0" hai="8,9,47,50,55,86,89,93" m="26647,16495" machi="47" ten="30,6000,0" yaku="8,1,52,2" doraHai="6" who="2" fromWho="2" sc="296,-20,276,-20,240,60,188,-20" /><INIT seed="2,1,0,0,4,115" ten="276,256,300,168" oya="2" hai0="63,92,99,58,93,113,130,79,127,40,84,25,101" hai1="9,44,82,73,131,67,128,118,4,135,56,95,39" hai2="12,87,83,104,35,46,1,120,110,85,27,18,65" hai3="134,117,24,6,90,100,112,42,124,23,38,14,102"/><V80/><F1/><W70/><G70/><T64/><D113/><U13/><E135/><V32/><F120/><W30/><G112/><T26/><D127/><U96/><E67/><V125/><F104/><W132/><G124/><T43/><D130/><U66/><E66/><V2/><F2/><W34/><G117/><T69/><D69/><U97/><E56/><V68/><F125/><W116/><G116/><T107/><D107/><U52/><E118/><V119/><F119/><W37/><G90/><N who="0" m="53319" /><D79/><U133/><E39/><V28/><F110/><W55/><G38/><T89/><D89/><U11/><E82/><V50/><F35/><W122/><G122/><T126/><D126/><U20/><E73/><V48/><F48/><W47/><G55/><T81/><D81/><U86/><E52/><V121/><F121/><W111/><G111/><T94/><D94/><U78/><E78/><V88/><F65/><W59/><G59/><T53/><D64/><U22/><E95/><V21/><F68/><W75/><G75/><T108/><D108/><U17/><E86/><V41/><F87/><W123/><G123/><T19/><D43/><U106/><E106/><V71/><F71/><W36/><G37/><T5/><D40/><U109/><E109/><V77/><F77/><W76/><G76/><T3/><D101/><N who="3" m="39017" /><G34/><T61/><D99/><U72/><E97/><V62/><F62/><W8/><G132/><T31/><D63/><U45/><E133/><V49/><F49/><N who="3" m="26871" /><G134/><T29/><D61/><U10/><E131/><V51/><F51/><W0/><G36/><T114/><D114/><RYUUKYOKU ba="1,0" sc="276,-15,256,-15,300,15,168,15" hai2="12,18,21,27,28,32,41,46,50,80,83,85,88" hai3="0,6,8,14,23,24,30" /><INIT seed="2,2,0,5,4,134" ten="261,241,315,183" oya="2" hai0="10,20,124,44,101,108,131,26,93,30,38,22,70" hai1="58,39,78,120,95,128,17,112,88,82,110,51,102" hai2="116,56,118,69,24,14,117,2,59,76,130,19,132" hai3="57,65,3,72,105,85,73,37,40,103,126,79,91"/><V29/><F69/><W9/><G79/><T66/><D70/><U107/><E39/><V7/><F76/><W100/><G105/><T23/><D66/><U41/><E112/><V111/><F59/><W52/><G72/><T94/><D108/><U61/><E110/><V113/><F111/><W55/><G73/><T49/><D124/><U11/><E120/><V115/><F56/><W81/><G126/><T8/><D131/><U64/><E128/><V125/><F130/><W54/><G3/><T45/><D38/><U6/><E107/><V13/><F132/><W35/><G35/><T47/><D49/><U122/><E102/><V77/><F77/><W86/><G9/><N who="0" m="3691" /><D101/><U27/><E122/><V84/><F84/><W33/><G86/><T90/><D94/><U36/><E36/><V18/><F125/><W109/><G33/><T121/><D121/><U127/><E127/><V60/><F60/><W99/><G99/><AGARI ba="2,0" hai="20,22,23,26,30,44,45,47,90,93,99" m="3691" machi="99" ten="30,1000,0" yaku="8,1" doraHai="134" who="0" fromWho="3" sc="261,16,241,0,315,0,183,-16" /><INIT seed="3,0,0,5,4,83" ten="277,241,315,167" oya="3" hai0="117,109,86,67,5,95,42,120,4,46,10,60,26" hai1="9,107,32,31,39,8,103,104,53,6,23,18,114" hai2="2,16,122,110,45,79,88,118,1,92,97,14,112" hai3="38,3,55,20,71,54,80,27,64,113,62,135,0"/><W22/><G113/><T36/><D117/><U35/><E39/><V102/><F118/><W132/><G38/><T78/><D120/><U25/><E114/><V7/><F110/><W41/><G41/><T59/><D109/><U133/><E133/><N who="3" m="51274" /><G22/><T74/><D5/><U121/><E121/><V76/><F122/><W94/><G94/><T44/><D44/><U105/><E103/><V100/><F100/><W70/><G70/><T47/><D47/><U48/><E9/><V131/><F131/><W85/><G0/><N who="0" m="263" /><D26/><U65/><E65/><V15/><F1/><W68/><G68/><T33/><D95/><U58/><REACH who="1" step="1"/><E31/><REACH who="1" ten="277,231,315,167" step="2"/><V123/><F123/><W116/><G116/><T50/><D67/><U40/><E40/><V93/><F112/><W56/><G71/><T130/><D42/><U49/><E49/><V30/><F30/><N who="3" m="17767" /><G3/><AGARI ba="0,1" hai="3,6,8,18,23,25,32,35,48,53,58,104,105,107" machi="3" ten="40,1300,0" yaku="1,1,53,0" doraHai="83" doraHaiUra="77" who="1" fromWho="3" sc="277,0,231,23,315,0,167,-13" /><INIT seed="4,0,0,0,4,41" ten="277,254,315,154" oya="0" hai0="24,63,120,18,123,108,9,109,93,67,83,27,19" hai1="90,75,119,46,124,4,56,68,55,8,95,53,54" hai2="101,22,82,10,11,92,48,79,97,117,129,47,91" hai3="61,5,118,132,133,20,25,104,17,71,100,50,84"/><T102/><D83/><U77/><E119/><V37/><F37/><W85/><G118/><T98/><D9/><U62/><E124/><V34/><F117/><W112/><G112/><T78/><D78/><U125/><E125/><V81/><F34/><W51/><G5/><T99/><D99/><U23/><E68/><V60/><F129/><W114/><G114/><T126/><D126/><U14/><E23/><V131/><F131/><W16/><G104/><T64/><D64/><U103/><E103/><V40/><F60/><W43/><G100/><T122/><D27/><U127/><E127/><V89/><F22/><W52/><G17/><T33/><D33/><U87/><E75/><V94/><F101/><W73/><G73/><T7/><D7/><U116/><E77/><V35/><F35/><W121/><G121/><T0/><D0/><U66/><REACH who="1" step="1"/><E116/><REACH who="1" ten="277,244,315,154" step="2"/><V115/><F79/><W110/><G71/><N who="0" m="42495" /><D93/><U106/><E106/><V88/><F94/><W49/><G110/><T13/><D122/><U58/><E58/><V86/><F92/><W32/><G32/><T76/><D120/><U42/><E42/><V36/><F40/><W74/><G74/><T39/><D123/><U69/><E69/><V28/><F82/><W70/><G43/><T107/><D108/><U59/><E59/><V111/><F81/><W26/><G70/><T44/><D109/><U72/><E72/><V1/><F111/><W135/><G26/><T57/><D24/><U45/><AGARI ba="0,1" hai="4,8,14,45,46,53,54,55,56,62,66,87,90,95" machi="45" ten="30,8000,1" yaku="1,1,0,1,8,1,52,2,53,0" doraHai="41" doraHaiUra="21" who="1" fromWho="1" sc="277,-40,244,90,315,-20,154,-20" /><INIT seed="5,0,0,4,5,0" ten="237,334,295,134" oya="1" hai0="115,116,130,15,10,79,12,37,68,29,16,135,27" hai1="82,35,87,114,134,111,125,95,98,110,24,76,103" hai2="72,107,43,86,55,51,41,33,25,102,88,22,121" hai3="5,81,20,42,69,64,133,18,61,84,74,32,39"/><U6/><E114/><V122/><F72/><W14/><G133/><T124/><D68/><U71/><E71/><V47/><F33/><W50/><G32/><N who="0" m="20543" /><D37/><U13/><E134/><V126/><F126/><W9/><G74/><T128/><D79/><U89/><E125/><V48/><F107/><W58/><G39/><T11/><D135/><U21/><E35/><V119/><F119/><W2/><G42/><T19/><D124/><U127/><E127/><V38/><F102/><W94/><G94/><T44/><D44/><U129/><E129/><N who="0" m="49769" /><D115/><U62/><E62/><V30/><F38/><W26/><G50/><T132/><D132/><U73/><E111/><V66/><F66/><W109/><G109/><T4/><D19/><N who="1" m="12351" /><E110/><V101/><F101/><W63/><G63/><T77/><D77/><U118/><E118/><AGARI ba="0,0" hai="4,10,11,12,15,16,116,118" m="49769,20543" machi="118" ten="30,8000,1" yaku="19,1,34,2,52,1,54,1" doraHai="0" who="0" fromWho="1" sc="237,80,334,-80,295,0,134,0" /><INIT seed="6,0,0,3,2,27" ten="317,254,295,134" oya="2" hai0="39,111,34,73,105,94,82,2,126,32,64,109,106" hai1="97,29,74,131,10,58,59,66,107,113,86,95,114" hai2="25,90,130,134,13,35,129,96,18,50,46,118,23" hai3="70,62,71,40,68,19,79,63,36,103,83,61,75"/><V99/><F118/><W57/><G103/><T67/><D39/><U101/><E74/><V33/><F134/><W30/><G30/><T135/><D2/><U6/><E131/><N who="2" m="50187" /><F90/><W88/><G19/><T122/><D94/><U56/><E66/><V116/><F116/><W125/><G125/><T119/><D82/><U128/><E128/><V112/><F112/><W37/><G40/><T115/><D73/><U5/><E86/><V72/><F72/><W92/><REACH who="3" step="1"/><G57/><REACH who="3" ten="317,254,295,124" step="2"/><T60/><D126/><U110/><E114/><V47/><F35/><W16/><G16/><T22/><D32/><U11/><E29/><N who="2" m="19631" /><F46/><W91/><G91/><T104/><D34/><U45/><E45/><V15/><F15/><W8/><G8/><T7/><D115/><U127/><E113/><V41/><AGARI ba="0,1" hai="13,18,23,41,47,50,96,99" m="19631,50187" machi="41" ten="30,3000,0" yaku="19,1,52,1" doraHai="27" who="2" fromWho="2" sc="317,-10,254,-10,295,40,124,-10" /><INIT seed="6,1,0,1,5,93" ten="307,244,335,114" oya="2" hai0="98,77,111,14,75,23,34,126,122,117,133,36,113" hai1="24,27,134,38,90,37,3,11,15,128,47,48,70" hai2="6,9,30,124,83,44,10,131,79,84,21,54,105" hai3="13,62,39,57,20,2,132,41,28,45,16,120,35"/><V121/><F121/><W0/><G132/><T103/><RYUUKYOKU type="yao9" ba="1,0" sc="307,0,244,0,335,0,114,0" hai0="14,23,34,36,75,77,98,103,111,113,117,122,126,133" /><INIT seed="6,2,0,2,5,117" ten="307,244,335,114" oya="2" hai0="40,54,104,103,48,3,20,38,14,86,121,95,126" hai1="84,87,36,41,24,99,81,74,22,12,78,115,1" hai2="37,101,93,60,111,116,118,19,124,119,42,13,102" hai3="21,66,55,110,76,57,72,35,113,29,106,59,47"/><V32/><F32/><W96/><G110/><T133/><D3/><U23/><E1/><V98/><F111/><W114/><G35/><T123/><D126/><U30/><E115/><N who="3" m="44042" /><G72/><T18/><D133/><U39/><E99/><V7/><F124/><W132/><G76/><T26/><D38/><U112/><E112/><V94/><F37/><W0/><G0/><T61/><D40/><U128/><E128/><V82/><F42/><W91/><G132/><T70/><D26/><U2/><E2/><V85/><F7/><W15/><G66/><N who="0" m="41295" /><D103/><U45/><E36/><V75/><F60/><W46/><G59/><N who="0" m="33223" /><D104/><U64/><E64/><V49/><F49/><N who="3" m="30959" /><G106/><T67/><D67/><U16/><AGARI ba="2,0" hai="12,16,22,23,24,30,39,41,45,74,78,81,84,87" machi="16" ten="30,2000,0" yaku="0,1,54,1" doraHai="117" who="1" fromWho="1" sc="307,-7,244,26,335,-12,114,-7" /><INIT seed="7,0,0,0,5,9" ten="300,270,323,107" oya="3" hai0="109,52,42,101,82,111,53,20,17,77,107,90,29" hai1="104,123,131,51,117,3,44,1,118,50,100,4,48" hai2="37,43,35,68,94,56,0,58,2,103,93,122,130" hai3="73,75,7,38,106,105,6,22,95,115,134,61,67"/><W99/><G38/><T10/><D42/><U79/><E123/><V98/><F68/><W66/><G134/><T121/><D121/><U19/><E131/><V88/><F35/><W12/><G115/><T126/><D126/><U34/><E34/><V55/><F130/><W18/><G106/><T129/><D129/><U124/><E124/><V33/><F33/><W92/><G105/><T110/><D90/><U114/><E79/><V36/><F58/><N who="3" m="37175" /><G73/><T60/><D29/><U14/><E4/><N who="3" m="1578" /><G75/><T30/><D30/><U11/><E114/><V87/><F37/><W89/><G92/><T125/><D125/><U65/><E65/><AGARI ba="0,0" hai="12,18,22,65,67,89,95,99" m="1578,37175" machi="65" ten="30,2900,0" yaku="8,1,52,1" doraHai="9" who="3" fromWho="1" sc="300,0,270,-29,323,0,107,29" /><INIT seed="7,1,0,2,2,73" ten="300,241,323,136" oya="3" hai0="55,112,32,0,36,116,53,105,108,130,29,21,114" hai1="20,24,110,8,37,64,82,100,14,56,75,78,121" hai2="57,41,42,58,17,90,66,81,71,92,67,122,113" hai3="40,44,99,6,1,68,63,35,102,52,39,101,31"/><W7/><G7/><T118/><D105/><U47/><E121/><V97/><F71/><W127/><G127/><T28/><D108/><U16/><E110/><V115/><F122/><W10/><G52/><N who="0" m="20043" /><D0/><U74/><E100/><V59/><F17/><W96/><G102/><T88/><D130/><U62/><E47/><V95/><F81/><W5/><G5/><T34/><D36/><U94/><E94/><V69/><F69/><W11/><G11/><T91/><D21/><U4/><REACH who="1" step="1"/><E37/><REACH who="1" ten="300,231,323,136" step="2"/><V131/><F95/><W119/><G119/><T111/><D111/><U13/><E13/><V33/><F131/><W22/><G35/><N who="0" m="13355" /><D118/><U124/><E124/><V65/><F33/><W49/><G39/><T79/><D116/><U25/><E25/><V2/><REACH who="2" step="1"/><F2/><REACH who="2" ten="300,231,313,136" step="2"/><W85/><G101/><T46/><D46/><U104/><E104/><V106/><F106/><W89/><G31/><T60/><D29/><U72/><AGARI ba="1,2" hai="4,8,14,16,20,24,56,62,64,72,74,75,78,82" machi="72" ten="20,12000,2" yaku="1,1,0,1,7,1,52,1,54,1,53,1" doraHai="73" doraHaiUra="15" who="1" fromWho="1" sc="300,-31,231,143,313,-31,136,-61" owari="269,-13.0,374,47.0,282,8.0,75,-42.0" /></mjloggm>