<mjloggm ver="2.3"><GO type="169"/><UN n0="%E3%83%97%E3%83%AD%E3%82%B8%E3%83%A3%E3%83%B3%E6%B0%8F" n1="%E6%9C%88%E9%95%B7%E7%9F%B3" n2="%E8%B2%A0%E3%81%91%E3%81%AA%E3%81%84%E3%82%88%E3%81%A3" n3="%EF%BC%88%E2%89%A7%E2%96%BD%E2%89%A6%EF%BC%89" dan="17,16,16,18" rate="2113,2018,2022,2241" sx="M,M,M,M"/><TAIKYOKU oya="0"/><INIT seed="0,0,0,0,4,117" ten="250,250,250,250" oya="0" hai0="95,67,41,53,121,50,6,3,27,100,80,57,45" hai1="72,71,18,20,46,14,94,2,32,114,116,10,93" hai2="124,75,35,70,133,123,110,83,77,91,36,126,76" hai3="61,92,81,54,43,131,115,98,66,68,51,34,19"/><T129/><D129/><U108/><E114/><V113/><RYUUKYOKU type="yao9" ba="0,0" sc="250,0,250,0,250,0,250,0" hai2="35,36,70,75,76,77,83,91,110,113,123,124,126,133" /><INIT seed="0,1,0,5,1,54" ten="250,250,250,250" oya="0" hai0="69,31,20,121,76,134,51,67,98,110,93,7,29" hai1="40,8,60,61,128,78,28,63,120,2,32,123,9" hai2="50,113,48,84,122,111,13,95,119,42,26,56,43" hai3="34,62,45,68,10,81,79,96,21,46,75,100,41"/><T6/><D134/><U66/><E128/><V59/><F113/><W65/><G21/><T83/><D121/><U108/><E78/><V49/><F122/><W38/><G10/><T14/><D110/><U91/><E108/><V114/><F114/><W39/><G34/><T30/><D69/><U135/><E135/><V104/><F104/><W116/><G116/><T16/><D67/><U17/><E40/><N who="2" m="15403" /><F119/><W15/><G15/><T82/><D51/><U47/><E47/><V117/><F117/><W106/><G45/><T77/><D77/><U22/><E8/><V52/><F26/><W44/><G46/><T72/><REACH who="0" step="1"/><D82/><REACH who="0" ten="240,250,250,250" step="2"/><U97/><E66/><V57/><F111/><W99/><REACH who="3" step="1"/><G96/><REACH who="3" ten="240,250,250,240" step="2"/><T115/><D115/><U12/><E97/><V87/><F52/><W118/><G118/><T131/><D131/><U126/><E123/><V90/><F13/><W18/><G18/><T92/><D92/><U55/><E120/><V4/><F4/><W80/><G80/><T85/><D85/><AGARI ba="1,2" hai="48,49,50,56,57,59,84,85,87,90,95" m="15403" machi="85" ten="40,8000,1" yaku="8,1,52,3" doraHai="54" who="2" fromWho="0" sc="240,-83,250,0,250,103,240,0" /><INIT seed="1,0,0,2,4,7" ten="157,250,353,240" oya="1" hai0="95,79,80,115,31,117,22,123,119,81,114,135,30" hai1="40,9,71,118,66,41,3,132,67,106,93,92,17" hai2="14,101,12,99,25,48,51,94,13,126,11,83,70" hai3="87,69,108,46,76,107,39,63,5,47,38,23,78"/><U24/><E106/><V36/><F70/><W59/><G69/><T89/><D22/><U42/><E118/><N who="0" m="45065" /><D31/><U102/><E132/><V2/><F36/><W100/><G100/><T124/><D30/><U74/><E74/><V133/><F133/><W15/><G107/><T16/><D16/><U44/><E44/><V68/><F68/><W73/><G73/><T54/><D54/><U64/><E71/><V26/><F126/><W55/><G39/><T35/><D35/><U105/><E105/><V32/><F83/><N who="0" m="31818" /><D135/><U52/><E102/><V60/><F60/><W27/><G38/><T6/><D6/><U65/><N who="1" m="16384" /><DORA hai="82" /><U19/><E52/><V120/><F120/><W103/><G103/><T116/><N who="0" m="45073" /><T111/><DORA hai="34" /><D111/><U96/><E24/><V90/><F101/><W112/><G108/><T97/><D124/><U0/><E96/><V134/><F134/><W18/><G47/><T122/><D79/><N who="3" m="30249" /><G46/><T33/><D33/><U84/><E84/><V10/><F32/><W75/><G75/><T43/><D43/><N who="1" m="11011" /><U50/><DORA hai="37" /><E50/><N who="2" m="18987" /><F2/><N who="1" m="553" /><E9/><AGARI ba="0,0" hai="9,10,11,12,13,14,25,26,90,94,99" m="18987" machi="9" ten="30,7700,0" yaku="8,1,52,3" doraHai="7,82,34,37" who="2" fromWho="1" sc="157,0,250,-77,353,77,240,0" /><INIT seed="2,0,0,4,2,24" ten="157,173,430,240" oya="2" hai0="99,100,103,15,26,109,13,68,85,127,69,18,30" hai1="134,77,101,110,48,27,63,92,7,108,87,93,111" hai2="91,38,19,51,5,76,52,129,28,57,2,17,80" hai3="79,66,131,61,21,64,75,106,78,54,22,47,33"/><V46/><F129/><W60/><G33/><T9/><D127/><U105/><E134/><V42/><F91/><W43/><G106/><T97/><D109/><U4/><E27/><V98/><F98/><W83/><G54/><T8/><D85/><U34/><E34/><V35/><F35/><W104/><G104/><T86/><D86/><U20/><E20/><V115/><F28/><W41/><G47/><T16/><D26/><U114/><E114/><V62/><F115/><W59/><G131/><T118/><D118/><U32/><E32/><V126/><F126/><W82/><REACH who="3" step="1"/><G59/><REACH who="3" ten="157,173,430,230" step="2"/><T0/><REACH who="0" step="1"/><D0/><REACH who="0" ten="147,173,430,230" step="2"/><U1/><E1/><V96/><F2/><W40/><G40/><T125/><D125/><U31/><E111/><V44/><F42/><W72/><AGARI ba="0,2" hai="21,22,41,43,60,61,64,66,72,75,78,79,82,83" machi="72" ten="25,12000,2" yaku="1,1,0,1,22,2,53,2" doraHai="24" doraHaiUra="56" who="3" fromWho="3" sc="147,-30,173,-30,430,-60,230,140" /><INIT seed="3,0,0,3,4,71" ten="117,143,370,370" oya="3" hai0="14,52,15,32,35,9,91,126,92,46,22,31,70" hai1="81,107,80,96,62,118,112,29,125,74,111,16,94" hai2="120,97,26,13,18,7,56,98,17,60,50,93,34" hai3="83,76,82,108,36,42,79,55,121,87,130,10,6"/><W39/><G121/><T68/><D126/><U132/><E112/><V25/><F120/><W47/><G130/><T102/><D102/><U114/><E118/><V69/><F69/><W123/><G55/><T128/><D128/><U21/><E125/><V57/><F34/><W99/><G99/><T33/><D70/><U77/><E114/><V122/><F7/><W115/><G115/><T41/><D68/><U40/><E132/><V0/><F0/><W48/><G123/><T5/><D41/><U65/><E111/><V4/><F4/><W44/><G44/><T133/><D133/><U51/><E107/><V105/><F105/><W8/><G8/><T53/><D46/><U27/><E81/><V72/><F72/><W24/><G24/><T124/><D124/><U19/><E51/><V38/><F50/><W134/><G108/><T110/><D110/><U11/><E11/><V100/><F100/><W45/><G45/><T63/><D63/><U3/><E3/><V73/><F60/><W85/><G134/><T117/><D117/><U12/><E40/><V30/><F122/><W37/><G39/><T109/><D109/><U64/><E12/><AGARI ba="0,0" hai="6,10,12,36,37,42,47,48,76,79,82,83,85,87" machi="12" ten="30,18000,2" yaku="7,1,9,1,25,2,52,2" doraHai="71" who="3" fromWho="1" sc="117,0,143,-180,370,0,370,180" owari="117,-28.0,-37,-54.0,370,17.0,550,65.0" /></mjloggm>