<mjloggm ver="2.3"><GO type="41"/><UN n0="%E9%B0%BB%E5%B1%8B%E7%AB%9C%E7%8E%8B" n1="%53%50%4F%4F%4E%46%55%4C" n2="%E6%9F%94" n3="%E3%82%A6%E3%83%AB%E3%83%88%E3%83%A9%E7%AB%8B%E7%9B%B4" dan="13,14,13,15" rate="1804,1805,1866,1992" sx="M,M,M,M"/><TAIKYOKU oya="0"/><INIT seed="0,0,0,5,5,6" ten="250,250,250,250" oya="0" hai0="124,86,3,115,126,89,64,58,93,2,135,133,51" hai1="23,60,14,9,88,13,52,8,121,76,67,39,71" hai2="118,47,4,104,30,120,10,77,116,16,119,68,108" hai3="69,129,18,130,1,46,107,132,125,40,49,26,101"/><T63/><D115/><U127/><E121/><V85/><F104/><W7/><G69/><T80/><D51/><U5/><E39/><V22/><F68/><W37/><G125/><N who="0" m="48235" /><D80/><U128/><E127/><V17/><F47/><W90/><G132/><AGARI ba="0,0" hai="2,3,58,63,64,86,89,93,132,133,135" m="48235" machi="132" ten="30,2900,0" yaku="20,1,18,1" doraHai="6" who="0" fromWho="3" sc="250,29,250,0,250,0,250,-29" /><INIT seed="0,1,0,4,0,11" ten="279,250,250,221" oya="0" hai0="66,6,96,68,62,32,29,12,38,100,98,53,102" hai1="99,61,83,42,114,121,94,104,39,0,101,2,77" hai2="64,51,73,14,118,78,79,103,63,48,129,119,8" hai3="122,128,120,35,87,26,55,91,23,76,80,50,92"/><T97/><D38/><U56/><E121/><V133/><F73/><W110/><G35/><T126/><D29/><U107/><E114/><V112/><F103/><W40/><G40/><T85/><D32/><U17/><E42/><V47/><F112/><W28/><G128/><T72/><D72/><U74/><E39/><V36/><F133/><W127/><G127/><T57/><D126/><U43/><E43/><V88/><F129/><W45/><REACH who="3" step="1"/><G110/><REACH who="3" ten="279,250,250,211" step="2"/><T117/><D117/><N who="2" m="44554" /><F36/><W7/><G7/><T44/><D44/><U106/><REACH who="1" step="1"/><E17/><REACH who="1" ten="279,240,250,211" step="2"/><N who="2" m="8391" /><F47/><W21/><G21/><T90/><D90/><U86/><E86/><AGARI ba="1,2" hai="23,26,28,45,50,55,76,80,86,87,91,92,120,122" machi="86" ten="40,1300,0" yaku="1,1,53,0" doraHai="11" doraHaiUra="113" who="3" fromWho="1" sc="279,0,240,-16,250,0,211,36" /><INIT seed="1,0,0,5,4,107" ten="279,224,250,247" oya="1" hai0="118,40,100,1,81,55,30,110,0,98,94,103,42" hai1="48,11,56,21,19,60,67,45,44,9,102,43,109" hai2="54,33,34,85,125,135,61,134,4,78,2,84,22" hai3="106,92,122,71,25,76,113,79,49,129,24,6,72"/><U15/><E109/><V97/><F2/><W68/><G106/><T73/><D118/><U105/><E105/><V115/><F4/><W86/><G6/><T91/><D110/><U120/><E120/><V27/><F115/><W126/><G49/><T50/><D1/><U131/><E131/><V5/><F125/><W130/><G86/><T47/><D0/><U82/><E102/><V104/><F5/><W124/><G92/><T80/><D42/><U52/><E82/><V23/><F104/><W14/><G14/><T20/><D81/><U75/><E75/><V93/><F78/><W69/><G122/><T133/><D133/><N who="2" m="50698" /><F23/><W51/><G51/><AGARI ba="0,0" hai="9,11,15,19,21,43,44,45,48,51,52,56,60,67" machi="51" ten="30,5800,0" yaku="7,1,8,1,54,1" doraHai="107" who="1" fromWho="3" sc="279,0,224,58,250,0,247,-58" /><INIT seed="1,1,0,2,1,75" ten="279,282,250,189" oya="1" hai0="120,45,61,6,8,135,113,60,31,34,84,126,62" hai1="115,15,14,94,2,66,3,51,63,55,28,20,71" hai2="112,110,124,49,100,114,65,79,93,89,76,130,10" hai3="82,81,13,88,103,0,12,50,23,30,47,78,58"/><U5/><E115/><N who="2" m="44075" /><F65/><W69/><G0/><T106/><D113/><U19/><E94/><V107/><F49/><W26/><G69/><T4/><D106/><U131/><E131/><V92/><F10/><W97/><G58/><T85/><D6/><U59/><E5/><V24/><F24/><W17/><G30/><T21/><D120/><U129/><E129/><V132/><F130/><W35/><G35/><T105/><D34/><U7/><E7/><V37/><F37/><W102/><G82/><T73/><D105/><U25/><E15/><V38/><F38/><W125/><G125/><T36/><D126/><U1/><REACH who="1" step="1"/><E1/><REACH who="1" ten="279,272,250,189" step="2"/><V116/><F116/><W42/><G13/><T128/><D4/><U95/><E95/><V98/><F110/><W119/><G12/><T127/><D128/><U16/><E16/><V64/><F124/><W68/><G119/><T111/><D127/><U134/><E134/><V123/><F123/><W86/><G68/><T44/><D135/><U90/><E90/><V122/><F132/><W133/><G133/><T77/><D111/><U87/><E87/><N who="2" m="52287" /><F122/><W27/><G27/><T121/><D85/><U32/><AGARI ba="1,1" hai="2,3,14,19,20,25,28,32,51,55,59,63,66,71" machi="32" ten="20,3900,0" yaku="1,1,0,1,7,1,53,0" doraHai="75" doraHaiUra="70" who="1" fromWho="1" sc="279,-14,272,52,250,-14,189,-14" /><INIT seed="1,2,0,0,1,18" ten="265,324,236,175" oya="1" hai0="73,96,23,56,110,10,54,75,60,119,46,1,16" hai1="78,101,87,115,41,91,28,108,134,127,76,65,15" hai2="125,103,51,83,58,89,29,105,93,37,123,3,57" hai3="122,99,8,9,81,35,132,128,84,30,98,104,21"/><U36/><E65/><V116/><F123/><W69/><G122/><T53/><D119/><U79/><E28/><V67/><F116/><W118/><G118/><T12/><D96/><N who="3" m="36905" /><G35/><T24/><D1/><U48/><E15/><V14/><F125/><W40/><G69/><T130/><D130/><U31/><E31/><V7/><F37/><W5/><G104/><T86/><D86/><U50/><E36/><V80/><F3/><W26/><G128/><T6/><D110/><U0/><E0/><V22/><F103/><W25/><G132/><T59/><REACH who="0" step="1"/><D46/><REACH who="0" ten="255,324,236,175" step="2"/><U88/><E108/><V34/><F105/><W133/><G133/><T62/><AGARI ba="2,1" hai="6,10,12,16,23,24,53,54,56,59,60,62,73,75" machi="62" ten="20,12000,2" yaku="1,1,2,1,0,1,7,1,9,1,52,1,54,1,53,0" doraHai="18" doraHaiUra="33" who="0" fromWho="0" sc="255,136,324,-62,236,-32,175,-32" /><INIT seed="2,0,0,4,5,105" ten="391,262,204,143" oya="2" hai0="10,113,94,20,99,41,44,87,132,21,114,18,42" hai1="126,17,127,24,0,93,88,38,92,32,129,116,22" hai2="97,75,30,37,65,85,19,28,69,125,130,112,27" hai3="124,79,80,90,36,89,58,2,13,45,117,59,51"/><V64/><F112/><W111/><G117/><T71/><D71/><U98/><E38/><V7/><F125/><N who="1" m="47625" /><E116/><V40/><F130/><W53/><G124/><T12/><D42/><U76/><E0/><V103/><F30/><W123/><G123/><T96/><D21/><U78/><E129/><V135/><F135/><W9/><G111/><T122/><D132/><U57/><E32/><V67/><F7/><W16/><G2/><T121/><D99/><N who="1" m="57735" /><E57/><V115/><F75/><W134/><G134/><T70/><D114/><U1/><E1/><V106/><F115/><W110/><G110/><T60/><D113/><U95/><E95/><V104/><F19/><W23/><G23/><T8/><D20/><U133/><E133/><V100/><F85/><W6/><G6/><T35/><D87/><U62/><E62/><N who="2" m="40087" /><F40/><W86/><G36/><T77/><D41/><U107/><E107/><V11/><F37/><W108/><G108/><T5/><D122/><U128/><E128/><V81/><F11/><W84/><G79/><T91/><D77/><U14/><E24/><V82/><F82/><AGARI ba="0,0" hai="9,13,16,45,51,53,58,59,80,82,84,86,89,90" machi="82" ten="30,12000,2" yaku="7,1,9,1,25,2,8,1,54,1" doraHai="105" who="3" fromWho="2" sc="391,0,262,0,204,-120,143,120" /><INIT seed="3,0,0,5,4,107" ten="391,262,84,263" oya="3" hai0="28,51,3,1,20,122,85,95,52,132,101,133,75" hai1="39,25,61,120,19,100,76,87,14,83,0,45,82" hai2="34,116,110,115,123,128,131,43,97,42,9,4,56" hai3="17,114,134,49,57,46,71,62,135,37,6,32,50"/><W38/><G6/><T24/><D122/><U22/><E0/><V44/><F34/><W5/><G5/><T58/><D75/><U27/><E120/><V79/><F43/><N who="3" m="24799" /><G17/><T102/><D102/><U86/><E61/><V121/><F56/><W77/><G32/><T126/><D126/><U111/><E111/><V105/><F79/><W118/><G77/><T8/><D8/><U72/><E100/><V69/><F69/><W81/><G81/><T67/><D67/><U80/><E39/><N who="3" m="14858" /><G118/><T68/><D68/><U104/><E104/><V84/><F84/><W108/><G114/><T55/><D101/><U18/><E45/><V89/><F116/><W91/><G91/><N who="0" m="53743" /><D55/><U15/><E72/><V59/><F115/><W33/><G33/><T73/><D73/><U13/><E76/><V98/><F110/><W88/><G88/><T35/><D35/><U70/><REACH who="1" step="1"/><E70/><REACH who="1" ten="391,252,84,263" step="2"/><V78/><F78/><W31/><G108/><T74/><D74/><U40/><E40/><V12/><F59/><W96/><G71/><T129/><D129/><N who="2" m="49738" /><F89/><W11/><G57/><T10/><D10/><U90/><E90/><V65/><F65/><W117/><G11/><T23/><D23/><AGARI ba="0,1" hai="13,14,15,18,19,22,23,25,27,80,82,83,86,87" machi="23" ten="40,5200,0" yaku="1,1,9,1,8,1,53,0" doraHai="107" doraHaiUra="60" who="1" fromWho="0" sc="391,-52,252,62,84,0,263,0" /><INIT seed="4,0,0,2,2,21" ten="339,314,84,263" oya="0" hai0="2,56,1,28,102,103,57,6,31,93,49,85,105" hai1="66,84,96,24,90,122,62,94,127,23,38,44,69" hai2="134,75,29,130,47,39,83,107,118,128,42,124,33" hai3="32,5,30,3,73,35,132,133,71,131,10,60,48"/><T36/><D36/><U89/><E122/><V70/><F83/><W81/><G48/><T113/><D105/><U111/><E111/><V99/><F47/><W41/><G41/><T116/><D116/><U120/><E120/><V123/><F42/><W129/><G81/><T135/><D6/><U110/><E110/><V86/><F99/><W72/><G60/><T104/><D104/><U87/><E127/><V15/><F86/><W22/><G71/><T52/><D85/><U121/><E121/><V80/><F15/><W112/><G112/><T59/><D113/><U74/><E74/><V43/><F43/><W4/><G22/><T25/><D25/><U108/><E108/><V88/><F88/><W109/><G109/><T98/><D59/><U76/><E44/><V14/><F123/><W7/><G7/><T51/><D98/><U45/><E45/><V63/><F118/><W78/><G78/><T61/><D93/><U27/><E23/><V82/><F124/><W17/><G17/><T106/><D106/><U64/><E38/><V67/><F107/><W26/><G32/><T65/><D65/><U50/><E50/><V11/><F39/><W119/><G5/><T91/><D61/><U53/><E53/><V92/><F92/><W58/><G58/><T79/><D52/><U117/><E117/><V95/><F75/><N who="3" m="28747" /><G119/><T97/><D97/><U9/><E9/><V34/><F34/><W101/><G101/><T54/><D54/><U16/><E69/><V37/><F70/><W55/><G55/><T125/><D125/><U13/><E76/><V68/><F68/><RYUUKYOKU ba="0,0" sc="339,-10,314,-10,84,-10,263,30" hai3="3,4,10,26,30,35,129,131,132,133" /><INIT seed="5,1,0,4,3,131" ten="329,304,74,293" oya="1" hai0="14,102,85,30,4,67,49,122,83,20,60,71,104" hai1="53,91,17,34,100,26,80,68,95,118,65,70,79" hai2="124,133,12,84,21,2,66,78,101,72,55,3,96" hai3="52,117,97,87,123,57,77,76,92,33,107,29,113"/><U81/><E118/><V0/><F72/><W129/><G123/><T86/><D102/><U36/><E36/><V56/><F66/><W103/><G117/><T110/><D104/><U25/><E70/><V5/><F124/><W8/><G129/><T39/><D39/><U73/><E68/><V82/><F133/><W114/><G29/><T24/><D86/><U35/><E65/><V38/><F38/><W9/><G33/><T46/><D110/><U121/><E100/><V28/><F5/><W98/><G9/><T58/><D122/><U54/><E95/><V10/><F10/><W27/><G27/><T88/><D71/><U42/><E91/><V48/><F12/><W105/><G8/><T134/><D134/><U13/><E13/><V116/><F116/><W51/><G105/><T112/><D112/><N who="3" m="43113" /><G87/><T108/><D108/><U128/><E79/><V59/><F21/><W127/><G127/><T44/><D49/><U23/><E121/><V125/><F28/><W19/><G19/><T41/><D41/><U120/><E120/><V115/><F115/><W75/><G75/><T109/><D109/><U6/><E73/><V47/><REACH who="2" step="1"/><F125/><REACH who="2" ten="329,304,64,293" step="2"/><W63/><G51/><T99/><D99/><U93/><E6/><V45/><F45/><W111/><G111/><T37/><D37/><U119/><E119/><V130/><F130/><W90/><AGARI ba="1,1" hai="52,57,63,76,77,90,92,97,98,103,107" m="43113" machi="90" ten="30,2000,0" yaku="15,1,54,1" doraHai="131" who="3" fromWho="3" sc="329,-6,304,-11,64,-6,293,33" /><INIT seed="6,0,0,0,1,130" ten="323,293,58,326" oya="2" hai0="34,50,52,0,96,71,114,80,133,113,48,58,36" hai1="31,8,65,88,129,51,128,19,122,131,13,123,121" hai2="39,87,41,11,25,22,76,20,75,67,26,21,102" hai3="125,63,12,32,5,1,100,6,127,83,101,62,110"/><V78/><F75/><W56/><G32/><T40/><D0/><U73/><E73/><V9/><F39/><W85/><G110/><T18/><D34/><U92/><E65/><V69/><F41/><W109/><G109/><T23/><D71/><U45/><E31/><V132/><F132/><W105/><G12/><T126/><D133/><U46/><REACH who="1" step="1"/><E51/><REACH who="1" ten="323,283,58,326" step="2"/><V91/><F67/><W57/><G127/><T49/><D126/><U97/><AGARI ba="0,1" hai="8,13,19,45,46,88,92,97,121,122,123,128,129,131" machi="97" ten="40,16000,3" yaku="1,1,2,1,0,1,13,1,19,1,54,1,53,3" doraHai="130" doraHaiUra="117" who="1" fromWho="1" sc="323,-40,283,170,58,-80,326,-40" owari="283,-12.0,453,55.0,-22,-52.0,286,9.0" /></mjloggm>