<mjloggm ver="2.3"><GO type="41"/><UN n0="%E3%81%93%E3%81%98%E3%82%8D" n1="%EF%BD%87%EF%BD%82%EF%BD%86%EF%BD%8A%EF%BD%93" n2="%EF%BC%88%E2%89%A7%E2%96%BD%E2%89%A6%EF%BC%89" n3="%53%70%68%65%72%65" dan="15,13,15,13" rate="2053,1871,2004,1817" sx="M,M,F,M"/><TAIKYOKU oya="0"/><INIT seed="0,0,0,0,2,127" ten="250,250,250,250" oya="0" hai0="4,14,51,122,53,97,55,40,126,38,63,67,8" hai1="68,118,84,58,31,108,93,72,106,43,100,86,32" hai2="46,28,77,85,104,135,2,120,94,6,76,54,20" hai3="36,132,96,130,71,61,52,11,13,109,3,39,129"/><T19/><D122/><U88/><E68/><V115/><F104/><W10/><G132/><T9/><D126/><U83/><E118/><V18/><F120/><W79/><G79/><T116/><D116/><U131/><E131/><N who="3" m="50186" /><G109/><T15/><D38/><U65/><E108/><V56/><F115/><W134/><G134/><T107/><D40/><U92/><E72/><V99/><F77/><W89/><G71/><T60/><D67/><U80/><E43/><V1/><F76/><W111/><G3/><T98/><D107/><U133/><E88/><V57/><F2/><W73/><G73/><T117/><D117/><U124/><E124/><V0/><F1/><W23/><G23/><T62/><REACH who="0" step="1"/><D55/><REACH who="0" ten="240,250,250,250" step="2"/><U69/><E65/><V102/><F54/><W110/><G111/><T35/><D35/><U59/><E32/><V37/><F37/><N who="3" m="14411" /><G110/><T24/><D24/><U48/><E106/><V29/><F135/><W121/><G121/><T42/><D42/><U16/><E133/><V70/><F70/><W128/><G128/><T105/><D105/><U119/><E69/><V33/><F33/><W64/><G64/><T90/><D90/><U27/><E119/><V34/><F34/><W66/><G66/><T114/><D114/><U12/><E27/><V82/><F82/><W112/><G112/><T5/><D5/><U22/><E80/><V30/><F6/><W101/><G101/><T50/><D50/><U81/><E83/><V26/><F102/><W74/><G89/><T87/><D87/><U17/><E84/><V75/><F85/><W123/><G123/><T95/><D95/><RYUUKYOKU ba="0,1" sc="240,30,250,-10,250,-10,250,-10" hai0="4,8,9,14,15,19,51,53,60,62,63,97,98" /><INIT seed="0,1,1,1,5,15" ten="270,240,240,240" oya="0" hai0="11,64,24,49,65,99,118,94,74,91,98,102,112" hai1="135,122,95,47,85,128,62,127,109,56,133,8,67" hai2="119,107,75,17,23,114,45,41,82,79,117,52,29" hai3="28,58,89,27,59,125,63,43,39,105,72,9,129"/><T16/><D118/><N who="2" m="45066" /><F114/><W111/><G105/><T104/><D74/><U33/><E122/><V22/><F107/><W14/><G72/><T1/><D112/><U10/><E33/><V25/><F52/><W42/><G39/><T123/><D123/><U54/><E109/><V18/><F23/><W12/><G12/><T35/><D1/><U21/><E128/><V120/><F120/><W130/><G111/><T71/><D71/><U86/><E127/><V55/><F55/><W84/><G125/><T26/><D11/><U110/><E110/><V66/><F66/><W87/><G87/><T19/><D49/><AGARI ba="1,1" hai="17,18,22,25,29,41,45,49,75,79,82" m="45066" machi="49" ten="30,3900,0" yaku="12,1,52,2" doraHai="15" who="2" fromWho="0" sc="270,-42,240,0,240,52,240,0" /><INIT seed="1,0,0,4,5,49" ten="228,240,292,240" oya="1" hai0="80,35,20,3,102,134,112,73,10,62,99,78,91" hai1="57,38,27,26,98,52,74,47,37,6,30,116,106" hai2="1,129,14,119,29,125,72,55,84,15,113,83,96" hai3="7,77,90,23,64,110,94,132,114,108,87,18,104"/><U31/><E74/><V75/><F119/><W17/><G114/><T79/><D35/><U42/><E116/><V48/><F1/><W25/><G104/><T85/><D112/><U111/><E37/><V34/><F113/><W5/><G132/><T128/><D134/><U0/><E111/><N who="3" m="42538" /><G64/><T115/><D128/><U24/><E0/><V100/><F129/><W68/><G68/><T105/><D115/><U93/><E6/><N who="3" m="2058" /><G77/><T44/><D10/><U2/><E106/><V101/><F125/><W118/><G118/><T76/><D3/><U71/><E71/><V130/><F130/><W53/><G53/><T21/><D62/><U127/><E127/><V122/><F122/><W97/><G18/><T107/><D20/><U59/><E59/><V82/><F72/><W61/><G61/><T33/><D33/><U117/><E117/><V41/><F75/><W4/><N who="3" m="2066" /><W109/><N who="3" m="42546" /><DORA hai="88" /><W9/><DORA hai="16" /><G9/><T58/><D58/><U135/><E135/><V11/><F11/><W19/><G19/><T103/><D21/><U133/><E133/><V124/><F124/><W60/><G60/><T63/><D63/><N who="1" m="36263" /><E2/><V54/><F34/><W28/><G28/><T69/><D44/><U32/><E32/><V13/><F29/><W50/><G50/><T92/><D69/><U43/><E43/><V56/><F41/><W120/><G120/><T121/><D121/><U86/><E86/><AGARI ba="0,0" hai="17,23,25,86,87,90,94,97" m="2066,42546" machi="86" ten="50,6400,0" yaku="14,1,52,2" doraHai="49,88,16" who="3" fromWho="1" sc="228,0,240,-64,292,0,240,64" /><INIT seed="2,0,0,1,2,100" ten="228,176,292,304" oya="2" hai0="34,89,66,16,102,133,46,97,14,120,119,127,20" hai1="71,106,116,43,11,129,72,22,19,84,63,121,115" hai2="104,55,130,2,27,90,77,33,21,18,9,123,111" hai3="88,5,62,48,41,25,56,42,94,0,83,87,1"/><V118/><F123/><W75/><G1/><T26/><D120/><U45/><E72/><V98/><F118/><W95/><G0/><T50/><D119/><U124/><E121/><V6/><F130/><W81/><G75/><T44/><D133/><U68/><E116/><V30/><F111/><W54/><G5/><T31/><D127/><U28/><E124/><V103/><F77/><W99/><G95/><T131/><D131/><U82/><E115/><V69/><F69/><W109/><G109/><T105/><D89/><U4/><E129/><V35/><F90/><W73/><G73/><T113/><D113/><U10/><E63/><V60/><REACH who="2" step="1"/><F30/><REACH who="2" ten="228,176,282,304" step="2"/><W29/><G29/><T78/><D78/><U114/><E68/><V128/><F128/><W86/><G88/><T51/><D51/><U64/><E28/><V122/><F122/><W74/><G48/><T52/><REACH who="0" step="1"/><D66/><REACH who="0" ten="218,176,282,304" step="2"/><U79/><E114/><V36/><F36/><W108/><G108/><T13/><D13/><U24/><E79/><V15/><F15/><W135/><G135/><T93/><D93/><U8/><E64/><V49/><F49/><W101/><G74/><T117/><D117/><U126/><E126/><V61/><F61/><W32/><G94/><T38/><D38/><U67/><E67/><V3/><F3/><W23/><G62/><T39/><D39/><U37/><E37/><V65/><F65/><W57/><G81/><T59/><AGARI ba="0,2" hai="14,16,20,26,31,34,44,46,50,52,59,97,102,105" machi="59" ten="20,16000,3" yaku="1,1,0,1,7,1,52,1,54,2,53,2" doraHai="100" doraHaiUra="40" who="0" fromWho="0" sc="218,180,176,-40,282,-80,304,-40" /><INIT seed="3,0,0,5,1,46" ten="398,136,202,264" oya="3" hai0="67,21,11,111,19,94,60,100,57,113,10,64,30" hai1="134,15,59,120,96,83,54,6,36,68,39,47,9" hai2="99,69,74,89,16,4,61,62,77,34,37,35,29" hai3="132,104,79,135,126,108,33,102,109,31,107,112,92"/><W5/><G112/><T84/><D111/><N who="3" m="42569" /><G5/><T73/><D73/><U2/><E120/><V127/><F37/><W70/><G70/><T81/><D113/><U91/><E68/><V86/><F127/><W0/><G0/><T20/><D64/><U129/><E134/><N who="3" m="51242" /><G31/><T63/><D60/><U51/><E129/><V23/><F61/><W80/><G33/><T43/><D43/><U3/><E3/><V116/><F62/><W78/><G126/><T119/><D119/><U71/><E71/><V101/><F69/><W8/><G8/><T41/><D41/><U106/><E59/><V65/><F4/><W13/><G13/><T118/><D118/><U50/><E50/><V25/><F116/><W82/><G102/><T42/><D42/><U18/><E36/><V45/><F65/><W123/><G123/><T53/><D53/><U66/><E54/><V117/><F29/><W17/><G17/><T27/><D100/><U14/><E39/><V133/><F133/><W122/><G122/><T95/><D10/><U103/><E66/><V124/><F124/><W1/><G1/><T72/><D11/><U121/><E121/><V48/><F117/><W44/><G44/><T87/><D72/><U98/><E2/><V22/><F22/><W76/><G92/><N who="0" m="35371" /><D81/><AGARI ba="0,0" hai="76,78,79,80,81,82,104,107" m="51242,42569" machi="81" ten="40,18000,2" yaku="28,2,14,1,10,1,20,1,34,2" doraHai="46" who="3" fromWho="0" sc="398,-180,136,0,202,0,264,180" /><INIT seed="3,1,0,4,5,74" ten="218,136,202,444" oya="3" hai0="101,111,86,23,31,24,76,49,83,68,90,88,65" hai1="19,8,82,125,12,124,10,109,28,73,69,60,48" hai2="84,41,115,56,59,29,75,91,26,39,123,14,25" hai3="110,128,0,4,127,106,114,50,87,94,9,79,105"/><W17/><G114/><T7/><D111/><U131/><E109/><V66/><F123/><W13/><G110/><T47/><D101/><U37/><E37/><V1/><F115/><W93/><G128/><T108/><D108/><U129/><E28/><V133/><F1/><W27/><G127/><N who="1" m="48714" /><E10/><V120/><F120/><W96/><G27/><T126/><D126/><U63/><E48/><V122/><F122/><W36/><G36/><T119/><D119/><U6/><E6/><V21/><F75/><W95/><G96/><T100/><D100/><U16/><E19/><V20/><F133/><W3/><G50/><T55/><REACH who="0" step="1"/><D7/><REACH who="0" ten="208,136,202,444" step="2"/><U80/><E69/><V72/><F29/><W62/><G4/><T35/><D35/><U118/><E118/><V46/><F26/><W117/><G117/><T51/><D51/><U112/><E112/><V15/><F25/><W40/><G0/><T103/><D103/><U5/><E5/><V42/><F39/><W53/><G3/><T22/><D22/><U52/><E63/><AGARI ba="1,1" hai="23,24,31,47,49,55,63,65,68,76,83,86,88,90" machi="63" ten="40,5200,0" yaku="1,1,52,1,54,1,53,0" doraHai="74" doraHaiUra="38" who="0" fromWho="1" sc="208,65,136,-55,202,0,444,0" /><INIT seed="4,0,0,2,5,25" ten="273,81,202,444" oya="0" hai0="102,20,61,118,50,33,79,9,122,24,124,22,28" hai1="114,49,55,67,89,60,36,93,19,112,52,99,109" hai2="106,59,69,92,75,81,131,108,46,3,44,87,72" hai3="58,71,134,41,18,7,63,97,120,130,32,128,53"/><T14/><D102/><U73/><E36/><V111/><F106/><W117/><G117/><T94/><D79/><U17/><E109/><N who="2" m="42059" /><F3/><W66/><G32/><T57/><D94/><U80/><E73/><N who="2" m="28235" /><F59/><W113/><G7/><T12/><D118/><U84/><E67/><V105/><F69/><W51/><G120/><T65/><D122/><U101/><E60/><V42/><F42/><W64/><G64/><T47/><D124/><U23/><E55/><V95/><F44/><W6/><G6/><T62/><D62/><U91/><E101/><V90/><F46/><W43/><G41/><T127/><D127/><U48/><E48/><V96/><F131/><W27/><G43/><T98/><D98/><U123/><E123/><V88/><F105/><W76/><G63/><T135/><D135/><U110/><E110/><V31/><F31/><W56/><G134/><T26/><D33/><U70/><E70/><V39/><F39/><W4/><G71/><T34/><D34/><U133/><E133/><V85/><F81/><W0/><G66/><T125/><D125/><U77/><E77/><V30/><F30/><W107/><G107/><T129/><D129/><U115/><REACH who="1" step="1"/><E23/><REACH who="1" ten="273,71,202,444" step="2"/><V74/><F74/><W1/><G51/><T45/><D50/><U132/><E132/><V103/><F103/><W38/><G53/><T100/><D100/><U83/><E83/><V121/><F121/><W126/><G38/><T29/><D14/><U78/><E78/><V13/><F13/><W11/><G126/><T104/><D104/><U2/><E2/><V82/><F82/><W68/><G130/><RYUUKYOKU ba="0,1" sc="273,10,71,10,202,10,444,-30" hai0="9,12,20,22,24,26,28,29,45,47,57,61,65" hai1="17,19,49,52,80,84,89,91,93,99,112,114,115" hai2="85,87,88,90,92,95,96" /><INIT seed="4,1,1,0,3,100" ten="283,81,212,414" oya="0" hai0="53,98,37,104,131,110,80,2,26,39,124,75,64" hai1="63,97,61,31,60,127,24,15,3,111,135,5,59" hai2="51,93,21,103,68,56,85,8,18,13,45,11,73" hai3="4,99,14,134,40,52,0,122,109,107,69,125,48"/><T83/><D2/><U132/><E3/><V12/><F73/><W91/><G109/><T57/><D64/><U32/><E111/><V46/><F68/><W71/><G0/><T62/><D110/><U116/><E116/><V23/><F56/><W88/><G71/><T19/><D131/><U126/><E97/><N who="2" m="59823" /><F85/><W67/><G40/><T41/><D124/><N who="1" m="47659" /><E59/><V72/><F72/><W30/><G125/><T50/><D37/><U119/><E119/><V108/><F108/><W86/><G30/><T35/><D39/><U113/><E113/><V66/><F66/><W20/><G122/><T128/><D128/><U10/><AGARI ba="1,1" hai="5,10,15,24,31,32,60,61,63,132,135" m="47659" machi="10" ten="40,1500,0" yaku="18,1" doraHai="100" who="1" fromWho="1" sc="283,-8,81,28,212,-5,414,-5" /><INIT seed="5,0,0,3,1,87" ten="275,109,207,409" oya="1" hai0="115,133,4,99,77,60,82,114,112,102,94,129,79" hai1="2,50,37,73,117,5,70,1,93,68,120,116,21" hai2="43,35,16,81,20,23,17,36,91,56,34,64,80" hai3="42,135,55,67,74,103,32,25,53,92,26,95,124"/><U84/><E120/><V13/><F36/><W22/><G74/><T44/><D4/><U113/><E73/><V127/><F127/><W76/><G76/><T28/><D28/><U61/><E37/><V46/><F43/><W15/><G124/><T86/><D60/><U52/><E113/><V131/><F46/><W88/><G42/><T66/><D66/><U57/><E116/><V72/><F131/><W63/><G135/><T7/><D7/><U119/><E119/><V96/><F72/><W75/><G75/><T27/><D44/><U78/><E117/><V62/><F35/><W132/><G132/><T90/><D27/><N who="3" m="10249" /><G32/><T38/><D38/><U134/><E21/><V48/><F48/><W19/><G63/><T71/><D71/><U110/><E134/><V54/><F64/><W130/><G67/><T45/><D45/><U111/><E5/><V108/><F108/><N who="1" m="41513" /><E61/><V18/><F34/><W8/><G8/><T97/><D133/><U51/><E51/><V118/><F118/><W65/><G130/><T33/><D33/><U69/><E78/><N who="0" m="29705" /><D99/><U126/><E126/><V105/><F105/><W59/><G59/><T125/><D125/><U14/><E14/><N who="2" m="9303" /><F17/><W40/><G40/><T98/><D98/><U29/><E29/><V10/><F10/><W58/><G58/><T83/><D129/><U41/><E41/><V107/><F107/><AGARI ba="0,0" hai="82,83,86,90,94,97,102,107,112,114,115" m="29705" machi="107" ten="30,7700,0" yaku="15,1,34,2,52,1" doraHai="87" who="0" fromWho="2" sc="275,77,109,0,207,-77,409,0" /><INIT seed="6,0,0,4,3,126" ten="352,109,130,409" oya="2" hai0="87,78,50,71,92,5,90,76,66,14,68,67,98" hai1="118,59,20,79,124,113,130,122,110,31,61,46,29" hai2="135,18,60,133,30,108,41,63,127,9,134,93,7" hai3="104,27,97,100,39,72,4,117,102,111,94,125,43"/><V47/><F127/><W51/><G125/><T114/><D114/><U40/><E124/><V96/><F18/><W99/><G117/><T22/><D71/><U82/><E118/><V48/><F30/><W64/><G72/><T25/><D68/><U12/><E110/><V62/><F108/><W34/><G111/><T86/><D86/><U32/><E113/><V23/><F23/><W15/><G39/><T105/><D105/><U49/><E122/><V80/><F80/><W65/><G34/><T69/><D69/><U56/><E32/><V132/><F132/><W91/><G27/><T119/><D119/><U103/><E103/><V131/><F131/><W83/><G83/><T70/><D70/><U55/><E130/><V77/><F77/><W123/><G123/><T42/><D76/><U17/><REACH who="1" step="1"/><E56/><REACH who="1" ten="352,99,130,409" step="2"/><V36/><F135/><W26/><G102/><T75/><D75/><AGARI ba="0,1" hai="12,17,20,29,31,40,46,49,55,59,61,75,79,82" machi="75" ten="30,7700,0" yaku="1,1,2,1,7,1,53,1" doraHai="126" doraHaiUra="58" who="1" fromWho="0" sc="352,-77,99,87,130,0,409,0" /><INIT seed="7,0,0,4,4,22" ten="275,186,130,409" oya="3" hai0="99,129,75,96,49,102,86,44,48,63,52,98,54" hai1="111,43,15,10,13,78,55,90,116,23,53,12,32" hai2="87,101,114,112,28,8,105,73,100,4,2,85,60" hai3="7,29,82,42,104,5,11,65,135,1,123,14,80"/><W33/><G123/><T26/><D75/><U117/><E32/><V37/><F37/><W27/><G104/><T9/><D129/><U69/><E69/><V59/><F73/><W50/><G65/><T74/><D74/><U61/><E111/><V6/><F105/><W113/><G113/><T40/><D63/><U68/><E78/><V130/><F130/><W103/><G103/><T124/><D124/><U66/><E43/><V134/><F134/><W31/><G31/><T128/><D128/><U76/><E76/><V56/><F28/><W89/><G135/><T120/><D120/><U17/><E90/><V97/><F60/><W106/><G106/><T46/><D9/><U115/><E115/><V125/><F8/><W25/><G25/><T39/><D86/><U72/><E72/><V47/><F47/><W121/><G5/><T126/><D126/><U30/><E30/><V57/><F57/><W3/><G121/><T94/><D39/><U95/><E95/><V18/><F125/><W119/><G119/><N who="1" m="45642" /><E10/><V92/><F92/><W62/><G62/><T0/><D0/><U79/><E79/><V77/><F77/><W71/><G71/><T122/><D122/><U84/><E84/><V58/><F58/><W81/><G89/><T19/><D40/><U21/><E21/><AGARI ba="0,0" hai="19,21,26,44,46,48,49,52,54,94,96,98,99,102" machi="21" ten="40,8000,1" yaku="9,1,8,1,52,1,54,1" doraHai="22" who="0" fromWho="1" sc="275,80,186,-80,130,0,409,0" owari="355,16.0,106,-39.0,130,-27.0,409,50.0" /></mjloggm>