<mjloggm ver="2.3"><GO type="97"/><UN n0="%E3%82%A6%E3%83%AB%E3%83%88%E3%83%A9%E7%AB%8B%E7%9B%B4" n1="%E3%81%B2%E3%81%92%E3%81%B6%E3%81%A1%E3%82%87%E3%81%86" n2="%E4%B8%80%E6%96%87%E5%AD%97%E9%9A%BC%E4%BA%BA" n3="%E5%A4%A7%E7%8E%84%E7%A5%9E" dan="15,14,15,14" rate="1950,1946,2010,1945" sx="M,M,M,M"/><TAIKYOKU oya="0"/><INIT seed="0,0,0,0,3,115" ten="250,250,250,250" oya="0" hai0="52,41,50,27,48,88,105,109,90,108,12,28,77" hai1="66,82,32,61,120,20,4,40,55,2,5,59,19" hai2="16,125,51,134,92,69,65,62,63,8,43,68,44" hai3="11,33,124,53,18,74,25,45,106,94,91,57,35"/><T132/><D105/><U37/><E120/><V87/><F134/><W56/><G106/><T42/><D77/><U80/><E32/><V46/><F125/><W79/><G124/><T13/><D132/><U81/><E2/><V60/><F46/><W78/><G45/><T107/><D107/><U119/><E119/><V83/><F92/><W98/><G57/><T70/><D70/><U113/><E113/><V85/><F85/><W123/><G123/><T135/><D135/><U49/><E37/><V129/><F129/><W114/><G114/><T128/><D128/><U89/><E40/><V0/><F69/><W116/><G116/><T103/><D103/><U31/><E89/><V71/><F71/><W7/><G74/><T58/><D58/><N who="1" m="37175" /><E31/><V22/><F8/><W118/><G118/><T75/><D28/><U73/><E73/><V15/><REACH who="2" step="1"/><F0/><REACH who="2" ten="250,250,240,250" step="2"/><W102/><G78/><AGARI ba="0,1" hai="15,16,22,43,44,51,60,62,63,65,68,78,83,87" machi="78" ten="30,7700,0" yaku="1,1,2,1,7,1,54,1,53,0" doraHai="115" doraHaiUra="127" who="2" fromWho="3" sc="250,0,250,0,240,87,250,-77" /><INIT seed="1,0,0,3,1,4" ten="250,250,327,173" oya="1" hai0="110,58,9,76,132,18,8,84,111,107,119,54,92" hai1="103,67,115,30,31,27,68,87,32,43,55,85,69" hai2="39,35,23,73,114,3,134,29,105,86,133,61,72" hai3="20,59,122,16,5,95,47,44,77,99,66,60,13"/><U112/><E43/><V128/><F105/><W56/><G122/><T50/><D107/><U52/><E103/><V108/><F3/><W45/><G77/><T53/><D119/><U118/><E27/><V129/><F35/><W37/><G5/><T19/><D132/><N who="2" m="50794" /><F39/><W75/><G75/><T123/><D123/><U109/><E109/><N who="0" m="41481" /><D54/><U24/><E24/><V22/><F108/><W120/><G120/><T65/><D65/><U88/><E67/><V41/><F41/><W106/><G106/><T51/><D51/><U83/><E83/><V1/><F1/><W126/><G126/><T15/><D76/><U101/><E101/><V113/><F61/><W104/><G104/><T102/><D102/><U25/><E25/><N who="2" m="16567" /><F23/><W70/><REACH who="3" step="1"/><G37/><REACH who="3" ten="250,250,327,163" step="2"/><T93/><D84/><U100/><E100/><AGARI ba="0,1" hai="13,16,20,44,45,47,56,59,60,66,70,95,99,100" machi="100" ten="40,8000,1" yaku="1,1,2,1,54,1,53,1" doraHai="4" doraHaiUra="63" who="3" fromWho="1" sc="250,0,250,-80,327,0,163,90" /><INIT seed="2,0,0,1,3,80" ten="250,170,327,253" oya="2" hai0="115,8,65,123,33,46,131,59,124,30,9,108,74" hai1="97,45,32,121,89,51,23,122,26,41,5,10,37" hai2="20,93,22,0,52,132,67,63,58,129,126,130,35" hai3="77,92,54,16,85,110,2,96,95,56,47,43,111"/><V125/><F35/><W71/><G2/><T135/><D59/><U109/><E109/><N who="3" m="41482" /><G71/><T70/><D9/><U127/><E32/><V106/><F106/><W25/><G96/><T31/><D8/><U120/><E127/><N who="2" m="48651" /><F0/><W4/><G4/><T133/><D46/><U116/><E116/><V48/><F93/><W86/><G77/><T107/><D65/><U12/><E97/><V18/><F132/><W3/><G3/><T17/><D17/><U38/><REACH who="1" step="1"/><E89/><REACH who="1" ten="250,160,327,253" step="2"/><V119/><F119/><W128/><G128/><N who="2" m="49257" /><F18/><AGARI ba="0,1" hai="5,10,12,18,23,26,37,38,41,45,51,120,121,122" machi="18" ten="40,5200,0" yaku="1,1,13,1,53,1" doraHai="80" doraHaiUra="7" who="1" fromWho="2" sc="250,0,160,62,327,-52,253,0" /><INIT seed="3,0,0,4,1,58" ten="250,222,275,253" oya="3" hai0="120,0,42,122,40,57,8,121,123,37,41,66,48" hai1="22,135,29,102,47,35,2,5,77,17,24,88,15" hai2="3,99,21,62,117,13,68,90,98,80,6,82,85" hai3="54,61,36,11,74,55,70,49,87,105,32,96,130"/><W1/><G74/><T69/><D123/><U93/><E77/><V9/><F117/><W46/><G32/><T56/><D8/><N who="1" m="2103" /><E102/><V81/><F3/><W119/><G119/><T109/><D0/><U110/><E47/><V44/><F44/><W19/><G130/><T78/><D78/><U108/><E135/><V71/><F21/><W95/><G105/><T115/><D115/><U43/><E43/><V20/><F20/><W67/><G87/><AGARI ba="0,0" hai="15,17,22,24,29,35,87,88,93,108,110" m="2103" machi="87" ten="30,2000,0" yaku="24,1,54,1" doraHai="58" who="1" fromWho="3" sc="250,0,222,20,275,0,253,-20" /><INIT seed="4,0,0,3,4,36" ten="250,242,275,233" oya="0" hai0="50,30,27,100,127,3,112,88,78,135,63,114,56" hai1="58,47,133,33,119,132,101,83,97,64,72,134,90" hai2="28,7,52,98,1,87,68,79,117,95,81,73,96" hai3="105,48,45,43,116,109,13,92,131,14,26,41,93"/><T15/><D3/><U85/><E119/><V111/><F111/><W5/><G109/><T55/><D127/><U37/><E33/><V110/><F110/><W38/><G105/><T9/><D135/><U20/><E20/><V39/><F68/><W123/><G116/><T12/><D100/><U40/><E72/><V8/><F117/><W32/><G131/><T113/><D78/><U80/><E64/><V54/><F98/><W108/><G108/><T61/><D88/><U21/><E21/><V51/><F28/><W67/><G123/><T11/><D27/><U25/><E25/><V99/><F99/><W120/><G67/><T24/><D24/><U69/><E58/><V0/><F39/><W104/><G104/><T121/><D30/><U4/><E4/><V124/><F124/><W49/><G120/><T65/><D121/><U115/><E69/><V91/><F1/><W74/><G74/><T70/><REACH who="0" step="1"/><D63/><REACH who="0" ten="240,242,275,233" step="2"/><U18/><E83/><V89/><F51/><W130/><G130/><T118/><D118/><U84/><E84/><V128/><REACH who="2" step="1"/><F128/><REACH who="2" ten="240,242,265,233" step="2"/><W46/><G38/><T76/><D76/><U31/><E31/><V94/><AGARI ba="0,2" hai="0,7,8,52,54,73,79,81,87,89,91,94,95,96" machi="94" ten="20,12000,2" yaku="1,1,2,1,0,1,7,1,54,1,53,1" doraHai="36" doraHaiUra="2" who="2" fromWho="2" sc="240,-60,242,-30,265,140,233,-30" owari="180,-32.0,212,1.0,405,51.0,203,-20.0" /></mjloggm>