<mjloggm ver="2.3"><GO type="41"/><UN n0="%4D%61%6E%7A%6F" n1="%E6%9E%9A%E6%96%B9%E3%81%9D%E3%82%93%E3%81%9D%E3%82%93" n2="%E3%81%A0%E3%82%8B%E3%82%8B" n3="%E3%82%A6%E3%83%AB%E3%83%88%E3%83%A9%E7%AB%8B%E7%9B%B4" dan="13,14,13,15" rate="1910,1896,1812,2016" sx="M,M,M,M"/><TAIKYOKU oya="0"/><INIT seed="0,0,0,0,1,97" ten="250,250,250,250" oya="0" hai0="45,16,67,110,107,66,113,108,75,43,125,54,69" hai1="64,96,86,63,13,17,4,134,24,95,73,79,2" hai2="38,9,10,3,39,111,117,41,0,103,84,56,105" hai3="35,14,72,55,76,65,116,19,51,70,42,78,59"/><T101/><D75/><U124/><E124/><V93/><F117/><W27/><G116/><T99/><D113/><U109/><E109/><N who="0" m="42089" /><D125/><U62/><E134/><V133/><F111/><W83/><G42/><T11/><D69/><U52/><E73/><V6/><F133/><W115/><G115/><T90/><D90/><U123/><E123/><V100/><F41/><W31/><G78/><T88/><D54/><U114/><E114/><V74/><F74/><W40/><G40/><T26/><D88/><U112/><E112/><V126/><F126/><W23/><G65/><T81/><D81/><U121/><E121/><V130/><F105/><W92/><G70/><T57/><D57/><U129/><E129/><V118/><F118/><W44/><G44/><T49/><D26/><U98/><E2/><V135/><F135/><W87/><G72/><T71/><D71/><U94/><E63/><V21/><F130/><W131/><G131/><T50/><D49/><U77/><E4/><V46/><F56/><W1/><G1/><T12/><AGARI ba="0,0" hai="11,12,16,43,45,50,66,67,99,101,107" m="42089" machi="12" ten="30,11700,0" yaku="14,1,10,1,52,1,54,1" doraHai="97" who="0" fromWho="0" sc="250,117,250,-39,250,-39,250,-39" /><INIT seed="0,1,0,1,1,5" ten="367,211,211,211" oya="0" hai0="95,113,102,28,77,55,72,51,106,110,82,41,39" hai1="74,46,123,90,114,59,99,10,14,100,33,107,132" hai2="65,60,34,92,79,6,78,70,27,11,17,131,40" hai3="44,96,108,85,75,57,119,122,97,93,129,89,66"/><T118/><D118/><U48/><E123/><V111/><F111/><W47/><G75/><T94/><D113/><U125/><E114/><V50/><F131/><W98/><G119/><T117/><D117/><U87/><E33/><V71/><F92/><W22/><G108/><T120/><D120/><U83/><E125/><V124/><F124/><W62/><G122/><T133/><D28/><U109/><E109/><V76/><F40/><W0/><G129/><T19/><D110/><U80/><E132/><V49/><F70/><W86/><G0/><T54/><D54/><U63/><E74/><V4/><F4/><W126/><G126/><T36/><D19/><U53/><E80/><V115/><F115/><W128/><G128/><T9/><D9/><U37/><E37/><V42/><F42/><W2/><G2/><T8/><D8/><U20/><E20/><V3/><REACH who="2" step="1"/><F17/><REACH who="2" step="2"/><W13/><G86/><T64/><D41/><U35/><E35/><V127/><F127/><W31/><G31/><AGARI ba="1,1" hai="3,6,11,27,31,34,49,50,60,65,71,76,78,79" machi="31" ten="40,5200,0" yaku="1,1,52,1,53,1" doraHai="5" doraHaiUra="56" who="2" fromWho="3" sc="367,0,211,0,201,65,211,-55" /><INIT seed="1,0,0,1,0,84" ten="367,211,266,156" oya="1" hai0="46,8,94,45,44,7,24,43,130,102,74,34,50" hai1="64,105,15,4,128,108,10,18,56,69,48,96,3" hai2="125,31,104,22,35,79,65,72,115,55,27,113,88" hai3="90,29,26,70,21,119,99,120,82,75,71,134,78"/><U77/><E69/><V49/><F104/><W109/><G120/><T106/><D130/><U98/><E128/><V132/><F65/><W20/><G109/><T85/><D74/><U123/><E123/><V23/><F72/><W127/><G134/><T40/><D106/><U1/><E105/><V9/><F79/><W61/><G127/><T67/><D46/><U19/><E108/><V101/><F101/><W114/><G114/><N who="2" m="43529" /><F132/><W47/><G119/><T118/><D67/><U13/><E77/><V122/><F122/><W83/><G61/><T17/><D118/><U95/><E98/><V103/><F103/><W28/><G47/><T36/><D102/><U80/><E80/><V117/><F9/><W51/><G51/><N who="0" m="27015" /><D34/><U0/><E48/><V14/><F125/><W32/><G32/><T126/><D36/><U111/><E111/><V42/><F14/><W93/><REACH who="3" step="1"/><G83/><REACH who="3" step="2"/><T133/><D126/><U116/><E116/><V87/><F117/><W81/><G81/><T110/><D133/><U89/><REACH who="1" step="1"/><E13/><REACH who="1" step="2"/><V37/><F37/><W63/><G63/><AGARI ba="0,2" hai="0,1,3,4,10,15,18,19,56,63,64,89,95,96" machi="63" ten="40,12000,1" yaku="1,1,2,1,52,1,53,1" doraHai="84" doraHaiUra="62" who="1" fromWho="3" sc="367,0,201,140,266,0,146,-120" /><INIT seed="1,1,0,5,5,133" ten="367,341,266,26" oya="1" hai0="91,78,72,120,86,58,77,60,26,44,94,103,70" hai1="111,15,31,99,106,68,66,130,16,73,24,41,75" hai2="9,42,14,45,102,90,76,28,49,100,40,2,59" hai3="85,83,132,56,11,7,119,67,50,25,51,0,115"/><U84/><E130/><V13/><F76/><W53/><G115/><T123/><D70/><U98/><E99/><V35/><F2/><W124/><G132/><T48/><D72/><U52/><E41/><V114/><F114/><W107/><G107/><T33/><D103/><U39/><E39/><V17/><F35/><W81/><G119/><T18/><D123/><U101/><E111/><V20/><F28/><W19/><G67/><T47/><D47/><U61/><E84/><V36/><F36/><W80/><G51/><T46/><D46/><U1/><E1/><V128/><F42/><W129/><G129/><T88/><D91/><U92/><E92/><V87/><F128/><W110/><G110/><T65/><D120/><U63/><E52/><N who="2" m="29743" /><F59/><W29/><G19/><T117/><D117/><U12/><E63/><V135/><F135/><W22/><REACH who="3" step="1"/><G85/><REACH who="3" step="2"/><T34/><D18/><U57/><E16/><N who="2" m="8239" /><F40/><W79/><G79/><T21/><D78/><U93/><E75/><V126/><F126/><AGARI ba="1,1" hai="0,7,11,22,25,29,50,53,56,80,81,83,124,126" machi="126" ten="40,5200,0" yaku="1,1,52,2,53,0" doraHai="133" doraHaiUra="118" who="3" fromWho="2" sc="367,0,341,0,266,-55,16,65" /><INIT seed="2,0,0,4,3,112" ten="367,341,211,81" oya="2" hai0="7,39,90,78,45,14,98,129,109,79,4,107,82" hai1="57,85,71,15,41,73,22,34,12,93,64,72,92" hai2="46,99,104,33,114,52,96,97,119,94,124,16,3" hai3="44,60,88,66,123,30,32,80,87,40,116,38,8"/><V35/><F114/><W77/><G123/><T10/><D109/><U95/><E71/><V28/><F3/><W132/><G132/><T2/><D129/><U54/><E34/><V91/><F104/><W62/><G30/><T5/><D79/><U135/><E135/><V48/><F124/><W63/><G32/><T58/><D58/><U25/><E41/><V121/><F121/><W37/><G116/><T83/><D14/><U128/><E85/><V43/><F119/><W125/><G125/><T102/><D83/><U42/><E42/><V111/><F111/><W17/><G38/><T27/><D90/><U61/><E128/><V69/><F69/><W100/><G100/><T67/><D27/><U50/><E15/><V20/><F28/><W76/><G66/><T105/><D67/><U24/><E12/><V1/><F1/><W21/><REACH who="3" step="1"/><G8/><REACH who="3" step="2"/><T75/><D107/><U55/><E73/><V51/><F35/><W70/><G70/><T19/><REACH who="0" step="1"/><D19/><REACH who="0" step="2"/><U47/><E72/><V89/><F89/><W6/><G6/><T103/><D103/><U134/><E134/><V131/><F131/><W23/><G23/><T106/><D106/><U53/><E22/><V118/><F33/><W122/><G122/><T101/><D101/><U65/><E64/><V36/><F36/><W13/><AGARI ba="0,2" hai="13,17,21,37,40,44,60,62,63,76,77,80,87,88" machi="13" ten="30,4000,0" yaku="1,1,0,1,54,1,53,0" doraHai="112" doraHaiUra="49" who="3" fromWho="3" sc="357,-10,341,-10,211,-20,71,60" /><INIT seed="3,0,0,2,1,98" ten="347,331,191,131" oya="3" hai0="91,106,15,44,85,81,99,132,29,61,11,134,68" hai1="116,35,102,55,53,28,23,111,79,120,51,96,65" hai2="4,88,58,56,74,33,52,100,24,82,12,62,45" hai3="49,77,113,17,36,1,130,22,129,69,86,71,59"/><W78/><G36/><T83/><D44/><U75/><E35/><V101/><F74/><W110/><G1/><T54/><D29/><U2/><E2/><V126/><F24/><W18/><G113/><T119/><D119/><U87/><E120/><V107/><F107/><W104/><G104/><T63/><D83/><U127/><E116/><V114/><F114/><W105/><G105/><T131/><D131/><N who="3" m="50185" /><G86/><T115/><D115/><U109/><E75/><V121/><F121/><W108/><G59/><T103/><D54/><U20/><E127/><V66/><F33/><W38/><G49/><T9/><D68/><N who="3" m="26185" /><G38/><T90/><D91/><U10/><E10/><N who="2" m="4167" /><F45/><W0/><G0/><T6/><REACH who="0" step="1"/><D9/><REACH who="0" step="2"/><U93/><E53/><V73/><F126/><W60/><G22/><T32/><D32/><U118/><E28/><V123/><F123/><W31/><G31/><T128/><D128/><U26/><E118/><V50/><F73/><W97/><G60/><AGARI ba="0,1" hai="6,11,15,60,61,63,81,85,90,99,103,106,132,134" machi="60" ten="40,2600,0" yaku="1,1,52,1,53,0" doraHai="98" doraHaiUra="25" who="0" fromWho="3" sc="337,36,331,0,191,0,131,-26" /><INIT seed="4,0,0,5,3,26" ten="373,331,191,105" oya="0" hai0="35,9,90,101,8,133,43,119,95,1,64,62,111" hai1="99,54,38,67,40,96,15,83,82,66,106,44,98" hai2="68,97,45,10,29,100,74,51,122,129,47,103,16" hai3="86,120,84,11,126,121,115,60,71,114,110,91,37"/><T102/><D119/><U59/><E106/><V12/><F122/><N who="3" m="47211" /><G37/><T50/><D1/><U41/><E40/><V81/><F74/><W63/><G71/><T19/><D133/><U116/><E116/><V78/><F68/><W53/><G53/><T48/><D111/><U49/><REACH who="1" step="1"/><E15/><REACH who="1" step="2"/><V36/><F36/><W128/><G110/><T125/><D43/><U13/><E13/><V65/><F12/><W57/><G11/><N who="0" m="4171" /><D125/><U5/><E5/><V4/><F10/><W28/><G126/><T105/><D105/><U80/><AGARI ba="0,1" hai="38,41,44,49,54,59,66,67,80,82,83,96,98,99" machi="80" ten="30,2000,0" yaku="1,1,0,1,53,0" doraHai="26" doraHaiUra="85" who="1" fromWho="1" sc="373,-10,321,30,191,-5,105,-5" /><INIT seed="5,0,0,1,3,58" ten="363,351,186,100" oya="1" hai0="72,64,41,24,105,98,133,63,93,31,15,45,114" hai1="65,27,118,19,71,68,11,2,42,32,12,21,67" hai2="130,117,29,96,78,121,47,66,81,75,74,55,26" hai3="14,110,107,108,16,22,18,6,131,87,119,77,99"/><U56/><E118/><V128/><F117/><W49/><G119/><T10/><D133/><U35/><E42/><V4/><F121/><W51/><G6/><T123/><D114/><U36/><E36/><V103/><F66/><W9/><G131/><N who="2" m="50217" /><F4/><W95/><G107/><T25/><D72/><U135/><E135/><V124/><F55/><W48/><G108/><T106/><D25/><U13/><E56/><V120/><F47/><W84/><G110/><T129/><D129/><U102/><E102/><V1/><F120/><W70/><G70/><T127/><D127/><U28/><E32/><N who="2" m="20535" /><F124/><W92/><G77/><T80/><D80/><U126/><E126/><V34/><F34/><W43/><G43/><T79/><D79/><U85/><E85/><V30/><F30/><W50/><N who="3" m="12800" /><DORA hai="116" /><W82/><G82/><T39/><D123/><U61/><E2/><V17/><F75/><W38/><G38/><T52/><D24/><U91/><E91/><V53/><F17/><W46/><G46/><T89/><D31/><U7/><E67/><V23/><F53/><W88/><G95/><T69/><D52/><U86/><E86/><V3/><F23/><W40/><G40/><T115/><D115/><U0/><E71/><V37/><F37/><W97/><G87/><T104/><D104/><AGARI ba="0,0" hai="1,3,74,78,81,96,103,104" m="20535,50217" machi="104" ten="30,2000,0" yaku="19,1,23,1" doraHai="58,116" who="2" fromWho="0" sc="363,-20,351,0,186,20,100,0" /><INIT seed="6,0,0,4,3,51" ten="343,351,206,100" oya="2" hai0="117,22,7,11,61,59,30,120,90,66,128,83,76" hai1="116,135,69,40,106,32,28,62,46,43,16,15,9" hai2="104,95,88,109,41,70,3,53,111,97,56,133,42" hai3="39,19,99,2,67,79,91,85,122,65,80,10,4"/><V125/><F3/><W52/><G122/><T132/><D120/><U50/><E106/><V44/><F70/><W20/><G39/><T77/><D117/><U57/><E69/><V115/><F44/><W60/><G79/><T48/><D128/><U24/><E116/><V101/><F125/><W21/><G21/><T93/><D132/><U6/><E135/><V72/><F72/><W113/><G113/><T36/><D36/><U118/><E118/><V134/><F115/><W127/><G127/><T14/><D83/><U123/><E123/><V73/><F73/><W38/><G38/><T29/><D48/><U131/><E131/><V119/><F119/><W98/><G98/><T5/><D5/><U54/><E6/><V130/><F130/><W107/><G107/><T84/><REACH who="0" step="1"/><D22/><REACH who="0" step="2"/><U105/><REACH who="1" step="1"/><E105/><REACH who="1" step="2"/><V18/><F134/><W102/><G4/><T47/><D47/><U27/><E27/><V108/><F133/><W8/><G2/><T103/><D103/><U25/><E25/><V100/><F100/><W13/><G102/><T81/><D81/><U26/><E26/><V71/><F71/><W89/><G10/><T112/><D112/><U1/><E1/><V114/><F114/><W78/><G8/><T58/><D58/><U92/><E92/><V37/><F37/><W0/><G0/><T17/><D17/><U126/><E126/><V82/><F82/><W63/><G80/><T35/><D35/><U87/><E87/><N who="2" m="52639" /><F18/><W55/><G19/><T121/><D121/><U34/><E34/><V124/><F124/><W86/><G86/><T12/><D12/><RYUUKYOKU ba="0,2" sc="333,10,341,10,206,10,100,-30" hai0="7,11,14,29,30,59,61,66,76,77,84,90,93" hai1="9,15,16,24,28,32,40,43,46,50,54,57,62" hai2="41,42,53,56,97,101,104,108,109,111" /><INIT seed="6,1,2,4,0,54" ten="343,351,216,70" oya="2" hai0="76,121,88,53,133,26,87,47,107,109,81,0,15" hai1="27,129,3,40,25,52,29,89,74,16,56,30,5" hai2="101,46,70,82,103,72,78,123,41,95,92,116,99" hai3="130,102,19,8,120,57,23,90,18,106,93,28,36"/><V91/><F70/><W117/><G36/><T38/><D121/><U96/><E74/><V24/><F123/><W7/><G120/><T97/><D109/><U4/><E129/><V127/><F24/><W68/><G68/><T71/><D71/><U75/><E75/><V21/><F21/><W73/><G73/><T111/><D111/><U35/><E40/><V62/><F116/><W113/><G117/><T45/><D133/><U11/><E4/><V112/><F62/><W55/><G130/><T58/><D38/><U60/><E96/><N who="2" m="57375" /><F46/><W33/><G113/><T105/><D0/><U2/><E89/><N who="2" m="55791" /><F112/><W98/><G33/><T39/><D39/><U50/><E60/><V43/><F43/><W84/><G28/><T100/><D107/><U12/><E5/><V83/><F41/><W49/><REACH who="3" step="1"/><G23/><AGARI ba="1,2" hai="2,3,11,12,16,23,25,27,29,30,35,50,52,56" machi="23" ten="30,7700,0" yaku="7,1,52,1,54,2" doraHai="54" who="1" fromWho="3" sc="343,0,351,100,216,0,70,-80" owari="343,14.0,451,55.0,216,-18.0,-10,-51.0" /></mjloggm>