<mjloggm ver="2.3"><GO type="41"/><UN n0="%E8%BB%92%E4%B8%8B%E4%B8%89%E5%AF%B8%E5%B8%AB" n1="%E3%83%95%E3%83%AC%E3%83%B3%E3%83%81%E3%83%96%E3%83%AB" n2="%E3%82%A6%E3%83%AB%E3%83%88%E3%83%A9%E7%AB%8B%E7%9B%B4" n3="%4B%72%69%73%54%65%61" dan="14,14,15,13" rate="1911,1910,1976,1812" sx="M,M,M,F"/><TAIKYOKU oya="0"/><INIT seed="0,0,0,4,4,13" ten="250,250,250,250" oya="0" hai0="125,123,71,85,90,88,5,131,51,100,110,98,69" hai1="117,106,76,83,28,46,35,63,68,74,38,40,7" hai2="130,91,17,57,45,79,67,92,107,84,104,14,112" hai3="19,53,41,109,34,10,135,115,18,81,82,32,23"/><T80/><D123/><U60/><E117/><V129/><F112/><W124/><G115/><T15/><D131/><U128/><E128/><N who="2" m="49259" /><F79/><W111/><G124/><T105/><D125/><U133/><E133/><V33/><F33/><W36/><G135/><T12/><D110/><N who="3" m="41993" /><G53/><T16/><D90/><U108/><E108/><V61/><F45/><N who="3" m="23719" /><G10/><AGARI ba="0,0" hai="10,14,17,57,61,67,84,91,92,104,107" m="49259" machi="10" ten="30,2000,0" yaku="19,1,52,1" doraHai="13" who="2" fromWho="3" sc="250,0,250,0,250,20,250,-20" /><INIT seed="1,0,0,5,0,7" ten="250,250,270,230" oya="1" hai0="3,4,39,2,12,72,43,132,75,55,121,53,13" hai1="86,32,94,51,68,45,95,108,56,16,85,20,52" hai2="79,131,134,66,33,49,0,9,73,10,30,22,65" hai3="109,124,50,81,41,102,17,61,87,24,113,36,14"/><U21/><E32/><V18/><F73/><W80/><G113/><T116/><D116/><U60/><E68/><V114/><F79/><W70/><G124/><T5/><D43/><U135/><E135/><V83/><F83/><W90/><G109/><T63/><D63/><U69/><E69/><V110/><F65/><W128/><G128/><T59/><D59/><U130/><E130/><V88/><F66/><W120/><G120/><T26/><D26/><U35/><E35/><V58/><F131/><W78/><G102/><T37/><REACH who="0" step="1"/><D121/><REACH who="0" step="2"/><U118/><E118/><V64/><F114/><W133/><G133/><AGARI ba="0,1" hai="2,3,4,5,12,13,37,39,53,55,72,75,132,133" machi="133" ten="25,12000,2" yaku="1,1,2,1,22,2,53,2" doraHai="7" doraHaiUra="106" who="0" fromWho="3" sc="240,130,250,0,270,0,230,-120" /><INIT seed="2,0,0,4,1,57" ten="370,250,270,110" oya="2" hai0="130,9,90,114,84,26,15,76,58,39,67,115,53" hai1="121,102,52,123,128,117,106,28,83,134,61,79,133" hai2="118,55,88,16,22,91,92,70,72,74,50,75,43" hai3="45,29,112,125,87,113,30,40,23,24,110,126,21"/><V98/><F118/><W89/><G40/><T116/><D39/><U96/><E28/><N who="3" m="10858" /><G45/><T93/><D116/><U42/><E42/><V120/><F70/><W49/><G49/><T97/><D130/><U85/><E128/><V13/><F43/><W111/><G89/><T54/><D115/><N who="3" m="44105" /><G87/><T12/><D114/><U11/><E11/><V59/><F120/><N who="1" m="46153" /><E117/><V2/><F2/><W7/><G7/><T131/><D26/><U38/><E38/><V66/><F66/><W14/><G14/><T27/><D131/><U101/><E101/><V51/><F51/><W119/><G119/><T107/><D27/><U35/><E35/><V78/><REACH who="2" step="1"/><F91/><REACH who="2" step="2"/><W82/><G82/><AGARI ba="0,1" hai="13,16,22,50,55,59,72,74,75,78,82,88,92,98" machi="82" ten="40,12000,1" yaku="1,1,2,1,54,2,53,0" doraHai="57" doraHaiUra="129" who="2" fromWho="3" sc="370,0,250,0,260,130,110,-120" owari="370,17,250,-15,390,49,-10,-51" /></mjloggm>