<mjloggm ver="2.3"><GO type="225"/><UN n0="%EF%BC%88%E2%89%A7%E2%96%BD%E2%89%A6%EF%BC%89" n1="%E5%85%88%E2%99%80%E7%94%9F" n2="%E3%81%8A%E3%81%8A%E3%81%AD%E3%81%A8%E3%81%86%E3%81%8B" n3="%E3%83%95%E3%82%A7%E3%83%BC%E3%83%AA%E3%81%9F%E3%82%93" dan="16,17,17,16" rate="2039,2131,2232,2096" sx="M,F,F,M"/><TAIKYOKU oya="0"/><INIT seed="0,0,0,3,3,55" ten="250,250,250,250" oya="0" hai0="122,73,12,116,40,129,93,3,4,31,9,84,28" hai1="70,60,124,5,134,128,94,6,86,78,34,99,25" hai2="105,46,26,133,67,63,103,1,30,8,59,117,54" hai3="97,74,106,18,107,41,102,15,123,114,111,88,44"/><T39/><D73/><U21/><E34/><V109/><F109/><W69/><G114/><T79/><D122/><U29/><E124/><V130/><F133/><W33/><G33/><T35/><D116/><U77/><E134/><V22/><F130/><W85/><G69/><T66/><D129/><U64/><E128/><V92/><F105/><W89/><G74/><T91/><D35/><U2/><E2/><V121/><F121/><W82/><G123/><T56/><D79/><U7/><REACH who="1" step="1"/><E86/><REACH who="1" ten="250,240,250,250" step="2"/><V104/><F1/><W10/><G111/><T14/><D3/><U110/><E110/><V50/><F117/><W135/><G135/><T113/><D113/><U17/><E17/><V23/><F104/><W45/><G107/><T108/><D108/><U43/><E43/><V76/><F76/><W87/><REACH who="3" step="1"/><G41/><REACH who="3" ten="250,240,250,240" step="2"/><T37/><D40/><U101/><AGARI ba="0,2" hai="5,6,7,21,25,29,60,64,70,77,78,94,99,101" machi="101" ten="30,2000,0" yaku="1,1,0,1,53,0" doraHai="55" doraHaiUra="52" who="1" fromWho="1" sc="250,-10,240,40,250,-5,240,-5" /><INIT seed="1,0,0,4,0,95" ten="240,280,245,235" oya="1" hai0="5,128,39,4,108,43,68,100,62,47,85,6,134" hai1="9,28,90,2,124,45,10,114,1,33,130,29,55" hai2="88,80,116,41,77,35,60,26,32,31,99,102,65" hai3="113,22,58,94,38,67,37,120,23,111,66,42,34"/><U69/><E114/><V30/><F116/><W11/><G113/><T129/><D108/><U19/><E69/><V92/><F41/><W122/><G120/><T133/><D85/><U106/><E124/><V87/><F30/><W118/><G122/><T98/><D62/><U109/><E109/><V18/><F18/><W64/><G111/><T52/><D52/><U24/><E106/><V91/><REACH who="2" step="1"/><F32/><REACH who="2" ten="240,280,235,235" step="2"/><W110/><G110/><T132/><REACH who="0" step="1"/><D68/><AGARI ba="0,1" hai="26,31,35,60,65,68,77,80,87,88,91,92,99,102" machi="68" ten="30,8000,1" yaku="1,1,2,1,7,1,52,1,54,1,53,0" doraHai="95" doraHaiUra="70" who="2" fromWho="0" sc="240,-80,280,0,235,90,235,0" /><INIT seed="2,0,0,1,2,57" ten="160,280,325,235" oya="2" hai0="128,75,92,135,63,43,119,121,11,77,86,127,82" hai1="97,91,4,23,67,2,3,56,5,44,15,10,36" hai2="81,85,34,83,66,114,55,88,101,64,14,110,18" hai3="87,122,78,9,80,16,79,95,42,41,129,99,116"/><V29/><F114/><W47/><G122/><T1/><D119/><U115/><E115/><V125/><F125/><W90/><G116/><T6/><D121/><U24/><E36/><V133/><F133/><W104/><G129/><T31/><D127/><U52/><E44/><V0/><F0/><W46/><G104/><T50/><D135/><U26/><E67/><V51/><F110/><W117/><G117/><T73/><D128/><U109/><E109/><V39/><F39/><W8/><G8/><T98/><D31/><U12/><E2/><V49/><F101/><W58/><G58/><T89/><REACH who="0" step="1"/><D63/><REACH who="0" ten="150,280,325,235" step="2"/><N who="1" m="36231" /><E3/><V68/><F29/><W94/><G94/><T132/><D132/><U108/><E108/><V60/><F60/><W112/><G112/><T70/><D70/><U100/><E4/><V20/><F68/><W134/><G134/><T126/><D126/><U71/><E71/><V27/><F83/><W32/><G95/><T45/><AGARI ba="0,1" hai="1,6,11,43,45,50,73,75,77,82,86,89,92,98" machi="45" ten="30,2000,0" yaku="1,1,0,1,53,0" doraHai="57" doraHaiUra="131" who="0" fromWho="0" sc="150,30,280,-5,325,-10,235,-5" /><INIT seed="3,0,0,0,2,41" ten="180,275,315,230" oya="3" hai0="23,108,106,73,25,66,112,115,116,38,37,91,87" hai1="118,26,65,117,123,127,69,53,56,131,13,21,80" hai2="129,28,61,95,39,83,31,9,124,81,110,105,85" hai3="104,55,102,46,18,42,19,15,99,77,75,17,67"/><W120/><G120/><T36/><D116/><N who="1" m="44651" /><E123/><V98/><F39/><W59/><G67/><T12/><D73/><U43/><E127/><V132/><F124/><W88/><G75/><T32/><D108/><U78/><E131/><V103/><F110/><W22/><G77/><T50/><D106/><U6/><E43/><V72/><F129/><W119/><G119/><T100/><D100/><U57/><E13/><V121/><F121/><W114/><G114/><T60/><D32/><U90/><E90/><N who="2" m="53711" /><F83/><W89/><G19/><T51/><D12/><U48/><E6/><V126/><F126/><W0/><G0/><T109/><D109/><U92/><E92/><V30/><F132/><W62/><REACH who="3" step="1"/><G18/><REACH who="3" ten="180,275,315,220" step="2"/><T97/><D112/><U1/><E1/><V40/><F72/><W125/><G125/><T113/><D115/><U10/><E65/><V70/><F28/><W130/><G130/><T101/><D113/><U5/><E78/><V4/><F31/><W135/><G135/><T96/><D66/><U47/><E5/><V84/><F30/><W94/><G94/><N who="0" m="54655" /><D101/><U128/><E128/><V8/><F4/><W86/><G86/><T45/><D97/><U76/><E76/><V107/><F107/><W27/><G27/><T33/><D96/><U24/><E26/><V54/><F98/><W79/><G79/><T74/><D74/><U63/><E24/><V49/><F103/><W64/><G64/><T133/><D133/><U52/><E80/><V93/><F81/><W14/><G14/><T111/><D111/><U71/><E69/><V2/><F70/><W16/><G16/><RYUUKYOKU ba="0,1" sc="180,-10,275,-10,315,-10,220,30" hai3="15,17,22,42,46,55,59,62,88,89,99,102,104" /><INIT seed="3,1,1,2,5,122" ten="170,265,305,250" oya="3" hai0="57,24,66,95,87,133,120,45,116,47,39,97,37" hai1="62,123,4,1,131,118,0,125,38,124,99,103,41" hai2="43,10,91,93,31,7,64,17,50,16,36,92,6" hai3="127,112,27,12,109,132,68,14,55,26,115,129,121"/><W21/><G121/><T49/><D120/><U60/><E123/><V94/><F36/><W11/><G68/><T89/><D116/><U85/><E118/><V80/><F31/><W130/><G109/><T40/><D133/><U107/><E131/><N who="3" m="50186" /><G55/><T88/><D24/><N who="3" m="9257" /><G132/><T2/><D2/><N who="1" m="1131" /><E4/><N who="2" m="1579" /><F64/><W98/><G98/><T90/><D45/><N who="1" m="23735" /><E85/><N who="2" m="50599" /><F10/><W110/><G110/><T34/><D34/><U96/><E96/><V108/><F108/><W119/><G119/><T33/><D33/><U113/><E113/><N who="3" m="43594" /><G127/><AGARI ba="1,1" hai="60,62,99,103,107,124,125,127" m="23735,1131" machi="127" ten="30,1000,0" yaku="18,1" doraHai="122" who="1" fromWho="3" sc="170,0,265,23,305,0,250,-13" owari="170,-33.0,288,9.0,305,40.0,237,-16.0" /></mjloggm>