<mjloggm ver="2.3"><GO type="169" lobby="0"/><UN n0="%EF%BC%88%E2%89%A7%E2%96%BD%E2%89%A6%EF%BC%89" n1="%E3%82%89%E3%81%84%E3%81%A1%E3%82%87%E3%81%86" n2="%E3%82%AA%E3%82%BA%E3%82%B0%E3%83%AB%E3%83%BC%E3%83%97" n3="%E3%81%93%E3%81%BE%E3%81%A3%E3%81%95%E3%82%93" dan="17,16,16,16" rate="2157.15,2050.08,2137.23,2138.63" sx="M,M,M,M"/><TAIKYOKU oya="0"/><INIT seed="0,0,0,2,5,35" ten="250,250,250,250" oya="0" hai0="77,25,2,24,54,95,43,100,112,129,63,98,51" hai1="122,13,70,42,37,28,36,67,23,55,69,111,29" hai2="86,39,44,11,130,22,0,96,15,81,5,118,126" hai3="12,117,91,21,114,131,49,47,73,85,72,48,124"/><T52/><D112/><U78/><E122/><V41/><F130/><W58/><G114/><T105/><D129/><U7/><E78/><V64/><F126/><W108/><G117/><T125/><D125/><U18/><E36/><V50/><F118/><W62/><G131/><T59/><D2/><U27/><E111/><V89/><F64/><W46/><G124/><T127/><D127/><U82/><E82/><V30/><F39/><W53/><G108/><T75/><D43/><U123/><E123/><V66/><F66/><W20/><G49/><T119/><D119/><U57/><E67/><V133/><F133/><W8/><G47/><T45/><REACH who="0" step="1"/><D95/><REACH who="0" ten="240,250,250,250" step="2"/><U115/><E115/><V121/><F121/><W90/><G72/><T83/><AGARI ba="0,1" hai="24,25,45,51,52,54,59,63,75,77,83,98,100,105" machi="83" ten="30,11700,0" yaku="1,1,2,1,0,1,54,1,53,0" doraHai="35" doraHaiUra="88" who="0" fromWho="0" sc="240,127,250,-39,250,-39,250,-39" /><INIT seed="0,1,0,4,0,53" ten="367,211,211,211" oya="0" hai0="32,34,60,110,104,129,47,46,67,6,70,66,10" hai1="58,126,85,54,0,52,65,44,83,49,19,118,88" hai2="80,75,3,14,18,125,64,28,94,99,39,23,36" hai3="51,50,41,98,124,33,112,43,74,97,135,127,73"/><T128/><D104/><U30/><E118/><V55/><F3/><W62/><G62/><T9/><D110/><U31/><E126/><V130/><F125/><W134/><REACH who="3" step="1"/><G33/><REACH who="3" ten="367,211,211,201" step="2"/><T29/><D60/><N who="1" m="38039" /><E0/><V56/><F130/><W106/><G106/><T117/><D129/><U40/><E19/><V68/><F64/><W121/><G121/><T37/><D128/><U108/><E108/><V38/><F68/><W132/><G132/><T96/><D34/><U131/><E131/><V114/><F114/><AGARI ba="1,1" hai="41,43,50,51,73,74,97,98,112,114,124,127,134,135" machi="114" ten="25,3200,0" yaku="1,1,22,2,53,0" doraHai="53" doraHaiUra="48" who="3" fromWho="2" sc="367,0,211,0,211,-35,201,45" /><INIT seed="1,0,0,4,4,91" ten="367,211,176,246" oya="1" hai0="97,26,117,34,11,30,22,102,47,35,38,75,133" hai1="53,50,57,67,77,0,78,16,79,20,84,89,55" hai2="39,29,44,46,112,4,27,114,92,108,2,5,98" hai3="15,119,96,42,74,122,73,8,88,64,51,9,17"/><U33/><E33/><V86/><F108/><W85/><G122/><T21/><D117/><U129/><E129/><V32/><F86/><W72/><G119/><T87/><D75/><U58/><E0/><V59/><F2/><W126/><G126/><T128/><D128/><U70/><E70/><V61/><F39/><W80/><G64/><T115/><D115/><N who="2" m="44074" /><F4/><W69/><G69/><T127/><D127/><U25/><E67/><N who="2" m="39359" /><F5/><W48/><G42/><T82/><D133/><U95/><E79/><V109/><F109/><W18/><G96/><T66/><D66/><U121/><E121/><V19/><F19/><W65/><G65/><T116/><D116/><U49/><AGARI ba="0,0" hai="16,20,25,49,50,53,55,57,58,77,78,84,89,95" machi="49" ten="20,18000,2" yaku="0,1,7,1,9,1,8,1,52,1,54,1" doraHai="91" who="1" fromWho="1" sc="367,-60,211,180,176,-60,246,-60" /><INIT seed="1,1,0,2,2,79" ten="307,391,116,186" oya="1" hai0="6,128,15,0,20,13,119,131,92,63,94,91,122" hai1="54,23,99,96,101,32,70,57,39,21,61,14,22" hai2="88,98,40,107,56,4,121,58,43,34,27,120,115" hai3="44,64,2,127,104,80,69,111,124,125,31,10,74"/><U130/><E32/><V48/><F115/><W118/><G118/><T16/><D119/><U66/><E130/><N who="0" m="49705" /><D122/><U68/><E39/><V41/><F4/><N who="3" m="1303" /><G104/><T1/><D63/><U24/><E24/><V102/><F48/><W37/><G111/><T52/><D52/><U7/><E66/><V46/><F46/><W65/><G31/><T42/><D42/><U71/><E101/><V85/><F34/><W113/><G113/><T9/><D94/><U93/><E93/><V60/><F27/><W47/><G47/><T59/><D59/><U55/><E55/><V133/><F133/><W73/><G73/><T12/><D0/><U11/><AGARI ba="1,0" hai="7,11,14,21,22,23,54,57,61,68,70,71,96,99" machi="11" ten="40,2100,0" yaku="0,1" doraHai="79" who="1" fromWho="1" sc="307,-8,391,24,116,-8,186,-8" /><INIT seed="1,2,0,2,1,123" ten="299,415,108,178" oya="1" hai0="22,100,26,33,6,20,126,95,3,1,83,124,86" hai1="67,36,61,19,13,81,43,122,77,89,52,40,93" hai2="16,42,55,64,59,17,119,7,45,98,4,71,39" hai3="111,80,12,15,102,135,27,104,65,113,106,90,10"/><U32/><E32/><V127/><F119/><W132/><G113/><T125/><D33/><U92/><E122/><V74/><F74/><W5/><G65/><T87/><D6/><U29/><E29/><V108/><F127/><W11/><G27/><T37/><D37/><U116/><E116/><V112/><F98/><W99/><G104/><T18/><D22/><U53/><E36/><V24/><F112/><W62/><G62/><T78/><REACH who="0" step="1"/><D86/><REACH who="0" ten="289,415,108,178" step="2"/><U94/><E13/><V50/><F24/><W54/><G12/><T68/><D68/><U134/><E134/><V133/><F133/><W101/><G15/><T0/><D0/><U103/><E19/><V2/><F2/><W34/><G34/><T70/><D70/><U47/><E103/><V73/><F73/><W30/><G5/><T38/><D38/><U114/><E114/><V131/><F131/><W49/><G102/><T63/><D63/><U66/><E61/><V21/><F17/><W82/><G135/><T72/><D72/><U107/><E67/><V76/><F7/><W97/><G132/><T35/><D35/><U23/><E23/><V129/><F4/><W46/><G101/><T60/><D60/><U84/><E66/><V117/><F71/><W120/><G106/><T110/><D110/><U109/><E109/><V14/><F64/><W91/><G111/><T9/><D9/><U105/><E107/><V48/><F108/><W130/><G130/><T31/><D31/><U8/><E105/><V25/><F129/><W121/><G121/><T85/><D85/><U57/><E8/><V128/><F39/><RYUUKYOKU ba="2,1" sc="289,30,415,-10,108,-10,178,-10" hai0="1,3,18,20,26,78,83,87,95,100,124,125,126" /><INIT seed="2,3,1,3,2,38" ten="319,405,98,168" oya="2" hai0="101,33,96,1,19,127,119,103,6,77,83,39,14" hai1="15,100,79,87,109,122,46,121,81,40,18,118,134" hai2="107,110,123,22,68,52,129,97,16,57,116,106,88" hai3="76,102,69,5,99,67,23,3,54,43,71,131,44"/><V48/><F123/><W90/><G54/><T17/><D33/><U74/><E118/><V65/><F116/><W108/><G23/><T29/><D119/><U0/><E0/><V59/><F68/><W24/><G24/><T31/><D127/><U47/><E109/><V30/><F30/><W126/><G90/><T91/><D1/><U27/><E134/><V42/><F110/><W130/><G108/><T86/><D39/><U70/><E70/><V73/><F73/><W133/><G76/><T104/><D103/><U113/><E27/><V85/><F129/><W49/><G126/><T10/><D19/><U124/><E124/><V84/><F97/><W94/><G133/><T82/><REACH who="0" step="1"/><D6/><REACH who="0" ten="309,405,98,168" step="2"/><U37/><E37/><V50/><F85/><AGARI ba="3,2" hai="10,14,17,29,31,77,82,83,85,86,91,96,101,104" machi="85" ten="30,3900,0" yaku="1,1,2,1,7,1,53,0" doraHai="38" doraHaiUra="20" who="0" fromWho="2" sc="309,68,405,0,98,-48,168,0" /><INIT seed="3,0,0,5,2,115" ten="377,405,50,168" oya="3" hai0="50,65,3,135,122,42,49,119,35,132,68,100,39" hai1="72,47,61,92,85,96,64,43,21,76,113,126,101" hai2="0,93,22,17,9,33,62,124,16,34,69,12,10" hai3="23,20,5,31,52,128,90,120,105,45,71,80,19"/><W84/><G120/><T108/><D3/><U48/><E126/><V26/><F69/><W67/><G105/><T2/><D2/><U41/><E113/><V60/><F62/><W89/><G128/><T109/><D35/><N who="2" m="13322" /><F60/><W53/><G71/><T107/><D122/><U98/><E72/><V46/><F46/><W37/><G5/><T94/><D107/><U102/><E76/><V118/><F93/><W104/><G104/><T127/><D127/><U133/><E133/><N who="0" m="51273" /><D119/><U25/><E85/><V8/><F124/><W99/><G67/><T1/><D1/><U4/><E4/><N who="2" m="1031" /><F118/><W15/><G37/><T40/><D94/><U30/><E98/><V106/><F106/><W114/><G114/><T14/><D100/><U130/><E130/><V6/><F10/><W7/><G99/><T88/><D68/><U83/><E83/><V75/><F75/><W116/><G116/><T24/><D65/><U125/><E125/><V27/><F27/><W117/><G117/><T13/><D24/><U91/><E43/><N who="0" m="16425" /><D39/><U112/><E112/><V129/><F129/><W73/><G80/><T134/><D134/><U59/><AGARI ba="0,0" hai="21,25,30,41,47,48,59,61,64,91,92,96,101,102" machi="59" ten="20,2700,0" yaku="0,1,7,1,8,1" doraHai="115" who="1" fromWho="1" sc="377,-7,405,27,50,-7,168,-13" /><INIT seed="4,0,0,1,5,35" ten="370,432,43,155" oya="0" hai0="76,25,127,12,84,26,129,98,14,54,31,72,45" hai1="16,38,29,71,7,134,119,58,125,56,33,107,124" hai2="92,117,115,1,2,93,74,44,18,36,77,21,88" hai3="10,97,5,52,8,85,20,104,123,102,81,13,59"/><T3/><D3/><U51/><E38/><V133/><F133/><W50/><G123/><T80/><D127/><U112/><E71/><V22/><F117/><W17/><G5/><T122/><D122/><U6/><E107/><V90/><F115/><W116/><G116/><T121/><D121/><U96/><E119/><V24/><F74/><W113/><G113/><T103/><D129/><U64/><E112/><V46/><F77/><AGARI ba="0,0" hai="8,10,13,17,20,50,52,59,77,81,85,97,102,104" machi="77" ten="30,2000,0" yaku="7,1,54,1" doraHai="35" who="3" fromWho="2" sc="370,0,432,0,43,-20,155,20" /><INIT seed="5,0,0,4,2,49" ten="370,432,23,175" oya="1" hai0="131,14,43,11,41,112,54,119,22,15,110,120,111" hai1="98,51,13,67,134,114,133,71,61,59,102,33,35" hai2="26,8,68,48,104,50,25,84,116,81,5,128,17" hai3="60,86,132,90,73,99,122,126,83,9,45,56,130"/><U85/><E114/><V70/><F104/><W117/><G122/><T30/><D119/><U79/><E13/><V32/><F116/><W31/><G117/><T78/><D112/><U37/><E37/><V3/><F128/><W55/><G73/><T66/><D120/><U87/><E51/><V108/><F108/><W6/><G130/><T52/><D131/><U96/><E71/><V69/><F17/><W24/><G132/><N who="1" m="50794" /><E96/><V2/><F2/><W38/><G126/><T39/><D39/><U75/><E75/><V105/><F105/><W21/><G38/><T34/><D34/><N who="1" m="12811" /><E79/><V115/><F115/><W123/><G123/><T63/><D78/><U127/><E127/><V80/><F32/><W27/><G27/><N who="0" m="16759" /><D111/><U20/><E20/><V125/><F125/><W107/><G107/><AGARI ba="0,0" hai="59,61,67,85,87,98,102,107" m="12811,50794" machi="107" ten="30,1500,0" yaku="20,1" doraHai="49" who="1" fromWho="3" sc="370,0,432,15,23,0,175,-15" /><INIT seed="5,1,0,0,1,15" ten="370,447,23,160" oya="1" hai0="36,23,17,7,76,83,114,66,19,107,129,53,30" hai1="120,50,28,40,80,27,55,14,16,34,69,47,45" hai2="104,110,133,70,37,56,119,65,21,22,94,13,58" hai3="85,79,3,35,10,93,41,78,113,42,32,89,71"/><U111/><E69/><V67/><F104/><W11/><G71/><T68/><D107/><U127/><E127/><V98/><F37/><W33/><G113/><T92/><D36/><U121/><E111/><V109/><F119/><W18/><G3/><T39/><D39/><U126/><E80/><V86/><F70/><W96/><G96/><T134/><D114/><U100/><E100/><V62/><F133/><W116/><G116/><T4/><D134/><U101/><E101/><V54/><F109/><W8/><G42/><T81/><D129/><U72/><E72/><V77/><F110/><W123/><G41/><T12/><D68/><U99/><E99/><V1/><F1/><W38/><G38/><T108/><D108/><U124/><E124/><V9/><F77/><W20/><G123/><T115/><D115/><U90/><E126/><V48/><F86/><W117/><G117/><T25/><D66/><U103/><E103/><V132/><F67/><W122/><G122/><T106/><D106/><U125/><E125/><V60/><F60/><W75/><G75/><T88/><D53/><U2/><E2/><V49/><F49/><W82/><G82/><N who="0" m="31243" /><D76/><U95/><E40/><V112/><F112/><W43/><G43/><T91/><D91/><U57/><E121/><V128/><F128/><W105/><G105/><T26/><D30/><U63/><E120/><V24/><F24/><N who="0" m="9322" /><D17/><U46/><E90/><N who="2" m="55639" /><F132/><W87/><G87/><AGARI ba="1,0" hai="4,7,12,19,23,87,88,92" m="9322,31243" machi="87" ten="30,3900,0" yaku="8,1,52,1,54,1" doraHai="15" who="0" fromWho="3" sc="370,42,447,0,23,0,160,-42" /><INIT seed="6,0,0,1,3,58" ten="412,447,23,118" oya="2" hai0="36,46,61,20,77,60,73,4,94,42,93,111,37" hai1="56,41,101,91,114,80,98,25,43,135,133,13,8" hai2="44,134,107,22,97,53,71,7,76,16,129,112,105" hai3="70,81,26,116,28,27,18,90,72,131,75,118,108"/><V62/><F112/><W69/><G108/><T126/><D111/><U33/><E114/><V15/><F134/><N who="1" m="51209" /><E56/><V92/><F129/><W49/><G18/><T95/><D37/><U115/><E115/><V55/><F76/><W117/><G49/><N who="0" m="26839" /><D73/><U119/><E119/><V121/><F121/><W48/><G48/><T50/><D36/><U32/><E91/><V63/><F71/><W19/><G19/><T85/><D126/><U109/><E80/><V6/><F107/><W12/><G12/><T124/><D124/><U84/><E84/><V83/><F83/><W31/><G90/><T52/><D4/><N who="2" m="1578" /><F105/><W40/><G81/><N who="0" m="47279" /><D20/><U11/><E109/><V35/><F35/><W79/><G79/><T64/><D64/><U74/><E74/><V96/><F44/><AGARI ba="0,0" hai="44,50,52,60,61,93,94,95" m="47279,26839" machi="44" ten="30,7700,0" yaku="8,1,52,2,54,1" doraHai="58" who="0" fromWho="2" sc="412,77,447,0,23,-77,118,0" owari="489,58.0,447,25.0,-54,-55.0,118,-28.0" /></mjloggm>