<mjloggm ver="2.3"><GO type="41" lobby="0"/><UN n0="%65%72%69%7A%61%62%65%73" n1="%61%73%30%37%36%30%33%69" n2="%74%61%6E%61%4B%61%E8%8A%8B%E5%AD%90" n3="%EF%BC%88%E2%89%A7%E2%96%BD%E2%89%A6%EF%BC%89" dan="14,15,14,17" rate="1986.54,1989.27,1890.57,2186.59" sx="M,M,F,M"/><TAIKYOKU oya="0"/><INIT seed="0,0,0,3,2,2" ten="250,250,250,250" oya="0" hai0="119,100,47,36,46,38,94,66,120,82,7,25,12" hai1="97,126,131,115,24,75,16,59,95,127,85,29,43" hai2="80,9,6,28,64,124,45,30,63,108,40,72,61" hai3="90,35,106,48,67,23,19,44,32,135,99,88,114"/><T91/><D119/><U17/><E75/><V4/><F108/><W73/><G114/><T50/><D120/><U109/><E109/><V112/><F112/><W31/><G73/><T20/><D66/><U69/><E69/><V39/><F124/><W98/><G135/><T129/><D129/><U105/><E105/><V18/><F63/><W55/><G67/><T0/><D0/><U102/><E131/><V132/><F132/><W133/><G133/><T103/><D36/><U54/><E85/><V79/><F18/><W107/><G31/><T11/><D82/><U14/><E43/><V70/><REACH who="2" step="1"/><F6/><REACH who="2" ten="250,250,240,250" step="2"/><W87/><G107/><T42/><D38/><U104/><E115/><V92/><F92/><W1/><G106/><T76/><D47/><U77/><E104/><V128/><F128/><W113/><G113/><T22/><D76/><U8/><E77/><V118/><F118/><W74/><G19/><N who="0" m="12447" /><D22/><U10/><E17/><V58/><F58/><W111/><G23/><T62/><D62/><U53/><E8/><V84/><F84/><AGARI ba="0,1" hai="7,11,12,42,46,50,84,91,94,100,103" m="12447" machi="84" ten="30,2900,0" yaku="8,1,52,1" doraHai="2" who="0" fromWho="2" sc="250,39,250,0,240,-29,250,0" /><INIT seed="0,1,0,3,4,46" ten="289,250,211,250" oya="0" hai0="17,114,0,78,132,70,83,127,102,72,43,36,87" hai1="59,61,120,110,3,42,129,15,128,104,47,49,21" hai2="103,91,116,27,79,2,100,37,94,109,35,38,23" hai3="122,54,134,4,80,40,19,56,45,5,41,88,20"/><T14/><D70/><U119/><E3/><V39/><F2/><W50/><G122/><T92/><D0/><U105/><E104/><V26/><F116/><W93/><G80/><T10/><D114/><U58/><E105/><V81/><F109/><W7/><G134/><T125/><D132/><U130/><E21/><V71/><F71/><W86/><G45/><T55/><D36/><U97/><E97/><V16/><F35/><W64/><G64/><T101/><D43/><U75/><E75/><V113/><F113/><W135/><G135/><T117/><D117/><U67/><E15/><AGARI ba="1,0" hai="4,5,7,15,19,20,40,41,50,54,56,86,88,93" machi="15" ten="40,8000,1" yaku="25,2,8,1,52,1,54,1" doraHai="46" who="3" fromWho="1" sc="289,0,250,-83,211,0,250,83" /><INIT seed="1,0,0,1,5,126" ten="289,167,211,333" oya="1" hai0="82,11,23,72,58,78,118,51,87,62,103,2,114" hai1="16,95,1,13,124,131,12,42,123,25,47,17,106" hai2="0,64,104,40,61,135,99,127,39,117,20,4,90" hai3="34,9,75,67,91,46,66,71,80,36,53,31,6"/><U52/><E123/><V74/><F117/><W130/><G71/><T18/><D118/><U86/><E106/><V93/><F127/><W60/><G60/><T84/><D114/><U101/><E1/><V48/><F74/><W125/><G53/><T45/><D103/><U57/><E124/><V105/><F135/><W44/><G44/><T32/><D32/><U98/><E131/><V27/><F39/><W77/><G130/><T115/><D115/><U33/><E86/><V30/><F4/><W24/><G91/><T41/><D11/><U49/><E33/><V69/><REACH who="2" step="1"/><F0/><REACH who="2" ten="289,167,201,333" step="2"/><N who="3" m="199" /><G125/><T110/><D2/><U50/><E25/><V128/><F128/><W79/><G79/><T65/><D110/><U22/><E22/><V129/><F129/><W89/><G77/><T37/><D37/><U112/><E112/><V94/><F94/><W108/><G36/><T92/><D92/><U85/><E85/><V96/><F96/><W7/><G24/><AGARI ba="0,1" hai="18,23,24,41,45,51,58,62,65,72,78,82,84,87" machi="24" ten="30,1000,0" yaku="7,1" doraHai="126" who="0" fromWho="3" sc="289,20,167,0,201,0,333,-10" /><INIT seed="2,0,0,3,4,48" ten="309,167,201,323" oya="2" hai0="35,16,78,82,65,121,52,105,61,60,85,8,95" hai1="125,106,56,122,7,107,131,19,86,88,115,71,113" hai2="51,37,114,68,50,40,42,110,26,10,94,79,120" hai3="127,76,128,74,98,38,18,69,20,2,4,3,104"/><V31/><F120/><W109/><G69/><T130/><D121/><U13/><E71/><V116/><F68/><W99/><G38/><T43/><D35/><U34/><E34/><V28/><F114/><W32/><G32/><T36/><D105/><U83/><E122/><V135/><F116/><W30/><G30/><T112/><D112/><U90/><E131/><V123/><F123/><W67/><G67/><T66/><D130/><U87/><E125/><V58/><F79/><W133/><G74/><T62/><D36/><U44/><E7/><V92/><F37/><W100/><G4/><T57/><D43/><U11/><E107/><V89/><F58/><W29/><G29/><T1/><D95/><U103/><E56/><V46/><F10/><W25/><G76/><T91/><D78/><U101/><E101/><V102/><F102/><W81/><G100/><T24/><D1/><U53/><E103/><V0/><F0/><W117/><G104/><T14/><D24/><U64/><E64/><AGARI ba="0,0" hai="8,14,16,52,57,60,61,62,64,65,66,82,85,91" machi="64" ten="40,8000,1" yaku="8,1,52,1,54,2" doraHai="48" who="0" fromWho="1" sc="309,80,167,-80,201,0,323,0" /><INIT seed="3,0,0,2,4,131" ten="389,87,201,323" oya="3" hai0="74,63,8,30,67,10,46,95,68,26,80,86,43" hai1="90,33,129,112,47,116,12,102,126,107,99,21,20" hai2="55,0,6,48,37,104,122,35,13,69,7,25,119" hai3="1,135,105,84,103,57,36,56,79,49,38,23,34"/><W109/><G34/><T32/><D74/><U94/><E116/><V2/><F119/><W128/><G1/><T92/><D8/><U65/><E112/><V120/><F69/><W121/><G121/><T44/><D44/><U41/><E129/><V113/><F113/><W29/><G128/><T5/><D86/><U115/><E115/><V96/><F37/><W97/><G109/><T108/><D80/><U15/><E33/><V77/><F77/><W60/><G49/><T58/><D68/><U91/><E65/><V110/><F110/><W114/><G114/><T124/><D124/><U4/><E126/><V17/><F55/><W78/><G57/><T123/><D123/><N who="2" m="47146" /><F48/><W16/><G78/><T125/><D108/><U117/><E117/><V72/><F72/><W59/><G38/><T19/><D19/><U54/><E54/><V66/><F96/><W101/><G97/><T39/><REACH who="0" step="1"/><D125/><REACH who="0" ten="379,87,201,323" step="2"/><U93/><E4/><V42/><F6/><W127/><G127/><T62/><D62/><U3/><E47/><V118/><F7/><W89/><G60/><T85/><D85/><U82/><E82/><V106/><F17/><W132/><G16/><T98/><D98/><U14/><E107/><V130/><F106/><W40/><G105/><T50/><D50/><U133/><E102/><V70/><F104/><W31/><G103/><T64/><D64/><U87/><E99/><V22/><F66/><W75/><G101/><T53/><D53/><U9/><E87/><V52/><F52/><W51/><G84/><T111/><D111/><U71/><E71/><V11/><F118/><RYUUKYOKU ba="0,1" sc="379,30,87,-10,201,-10,323,-10" hai0="5,10,26,30,32,39,43,46,58,63,67,92,95" /><INIT seed="4,1,1,4,0,88" ten="409,77,191,313" oya="0" hai0="47,90,125,114,4,28,85,67,55,32,112,120,34" hai1="77,82,73,10,8,0,25,107,121,54,23,131,126" hai2="133,117,56,19,6,102,87,18,98,37,51,27,81" hai3="116,44,3,80,105,16,92,71,7,45,15,1,68"/><T134/><D120/><U111/><E121/><V49/><F37/><W66/><G105/><T22/><D134/><U63/><E111/><V17/><F133/><W59/><G116/><T70/><D125/><U109/><E109/><V48/><F117/><W115/><G115/><N who="0" m="44075" /><D67/><U46/><E126/><V123/><F123/><W31/><G1/><T79/><D79/><U84/><E131/><V24/><F6/><W76/><G3/><T110/><D110/><U89/><E107/><V94/><REACH who="2" step="1"/><F56/><REACH who="2" ten="409,77,181,313" step="2"/><W122/><G7/><T93/><D4/><U58/><E0/><V9/><F9/><W108/><G108/><T11/><D70/><U64/><E46/><V2/><F2/><W21/><G45/><T100/><D11/><U60/><E8/><V5/><F5/><W53/><G44/><T61/><D47/><U72/><E10/><V127/><F127/><W26/><G68/><T43/><D43/><U12/><E12/><V36/><F36/><W14/><G71/><T91/><D22/><U41/><E41/><V29/><F29/><W119/><G31/><T69/><D28/><U13/><E13/><V57/><F57/><W104/><G14/><T124/><D69/><U74/><E64/><V50/><N who="2" m="12800" /><DORA hai="75" /><V40/><F40/><W62/><G66/><T97/><D124/><U128/><E60/><V103/><F103/><W135/><G122/><T96/><D61/><U20/><E128/><V106/><F106/><W86/><G104/><N who="0" m="63495" /><D55/><U35/><E35/><V30/><F30/><N who="3" m="17743" /><G135/><T42/><D42/><U65/><E65/><V38/><F38/><W113/><G119/><RYUUKYOKU ba="1,2" sc="409,15,77,-15,181,15,313,-15" hai0="32,34,85,90,91,93,97" hai2="17,18,19,24,27,81,87,94,98,102" /><INIT seed="4,2,2,1,2,57" ten="424,62,196,298" oya="0" hai0="84,119,126,74,33,63,12,114,124,71,17,5,115" hai1="49,8,131,54,118,125,29,26,85,20,64,65,100" hai2="94,73,106,44,107,6,35,14,13,86,112,81,4" hai3="48,90,18,133,28,62,21,95,135,109,67,22,34"/><T23/><D74/><U99/><E118/><V70/><F70/><N who="3" m="42359" /><G109/><T78/><D119/><U66/><E131/><V88/><F35/><W116/><G116/><T30/><D71/><U128/><E128/><V61/><F112/><N who="0" m="43050" /><D78/><U45/><E125/><N who="0" m="48233" /><D84/><U46/><E8/><V102/><F44/><W15/><G48/><T82/><D82/><U38/><E85/><V72/><F73/><W121/><G121/><T37/><D37/><U104/><E38/><V59/><F72/><W111/><G111/><T134/><D134/><N who="3" m="51209" /><G34/><T68/><D5/><N who="2" m="2154" /><F107/><W117/><G117/><T91/><D91/><U93/><E104/><V31/><F106/><W80/><G80/><T96/><D30/><U103/><E103/><V11/><F31/><W7/><G7/><T132/><D132/><U92/><E92/><V98/><F11/><N who="3" m="6527" /><G28/><T130/><D33/><U55/><E45/><V2/><F2/><W75/><G75/><T27/><D27/><U108/><REACH who="1" step="1"/><E108/><REACH who="1" ten="424,52,196,298" step="2"/><V36/><F36/><W3/><G3/><T122/><D130/><U1/><E1/><V53/><AGARI ba="2,3" hai="13,14,53,59,61,81,86,88,94,98,102" m="2154" machi="53" ten="30,4000,0" yaku="8,1,52,1,54,1" doraHai="57" who="2" fromWho="2" sc="424,-22,52,-12,196,76,298,-12" /><INIT seed="5,0,0,5,5,115" ten="402,40,272,286" oya="1" hai0="98,26,29,83,69,132,78,60,11,87,56,91,61" hai1="33,52,20,44,22,133,34,0,114,36,109,7,67" hai2="100,51,129,46,23,13,39,122,99,58,40,5,126" hai3="27,3,43,48,119,9,73,32,89,59,30,72,120"/><U57/><E114/><V124/><F122/><W12/><G120/><T105/><D11/><U130/><E109/><V42/><F129/><W80/><G3/><T117/><D132/><U65/><E133/><V85/><F85/><W64/><G119/><T102/><D117/><U93/><E130/><V17/><F5/><W123/><G123/><T31/><D60/><U68/><E68/><V90/><F90/><W94/><G80/><T79/><D31/><U19/><E22/><V74/><F74/><W6/><G64/><T2/><D2/><U4/><E34/><V70/><F70/><W50/><G50/><T28/><D56/><U49/><E33/><V53/><REACH who="2" step="1"/><F40/><REACH who="2" ten="402,40,262,286" step="2"/><W128/><G128/><T62/><D69/><U82/><E0/><V88/><F88/><W101/><G43/><T96/><D96/><U135/><E135/><V45/><F45/><W10/><G73/><T104/><D79/><U84/><E4/><V106/><AGARI ba="0,1" hai="13,17,23,39,42,46,51,53,58,99,100,106,124,126" machi="106" ten="30,2000,0" yaku="1,1,0,1,53,0" doraHai="115" doraHaiUra="108" who="2" fromWho="2" sc="402,-5,40,-10,262,30,286,-5" /><INIT seed="6,0,0,1,4,49" ten="397,30,292,281" oya="2" hai0="92,71,19,60,55,66,27,61,128,99,26,48,114" hai1="59,118,65,15,126,97,119,73,95,72,32,86,129" hai2="68,34,130,38,105,81,47,106,41,35,79,70,1" hai3="132,2,75,16,117,102,29,69,63,3,103,131,94"/><V42/><F130/><W36/><G75/><T77/><D128/><U120/><E32/><V4/><F42/><W100/><G36/><T22/><D61/><U62/><E129/><V93/><F93/><W9/><G131/><T18/><D77/><U108/><E108/><V54/><F54/><W78/><G78/><T24/><D19/><U113/><E113/><V96/><F96/><W17/><G117/><T76/><D76/><U56/><E126/><V90/><F90/><W133/><G29/><T46/><D114/><U39/><E39/><V10/><F81/><W11/><G94/><T30/><D30/><U5/><E120/><V7/><F7/><W121/><G121/><T109/><D109/><U28/><E28/><V107/><REACH who="2" step="1"/><F79/><REACH who="2" ten="397,30,282,281" step="2"/><W85/><G102/><AGARI ba="0,1" hai="18,22,24,26,27,46,48,55,60,66,71,92,99,102" machi="102" ten="30,2000,0" yaku="7,1,52,1" doraHai="49" who="0" fromWho="3" sc="397,30,30,0,282,0,281,-20" /><INIT seed="7,0,0,1,1,14" ten="427,30,282,261" oya="3" hai0="134,91,28,45,58,80,53,72,24,69,66,7,132" hai1="79,125,2,74,128,36,93,31,3,78,95,41,21" hai2="124,70,83,117,76,118,114,97,20,46,112,1,71" hai3="37,50,106,15,68,16,102,60,90,96,108,30,26"/><W35/><G37/><T19/><D7/><U64/><E128/><V29/><F1/><W27/><G27/><T84/><D72/><U131/><E131/><V48/><F124/><W105/><G108/><T116/><D116/><N who="2" m="44650" /><F97/><W39/><G39/><T67/><D69/><N who="2" m="26122" /><F29/><W59/><G106/><T73/><D45/><U89/><E64/><V126/><F20/><W107/><G107/><T101/><D101/><U127/><E36/><V123/><F126/><W65/><G90/><T33/><D73/><U5/><E41/><N who="2" m="24655" /><F83/><W40/><G40/><T8/><D8/><U122/><E122/><V99/><F99/><W17/><REACH who="3" step="1"/><G15/><REACH who="3" ten="427,30,282,251" step="2"/><T100/><D100/><U133/><E127/><V130/><F76/><W98/><G98/><T81/><D81/><U57/><E125/><V4/><F130/><W129/><G129/><T88/><D91/><U92/><E74/><V109/><F123/><W18/><G18/><T11/><D19/><U54/><E89/><V47/><F109/><W51/><G51/><T12/><D12/><U77/><E5/><V38/><F4/><W10/><G10/><T13/><D11/><U44/><E44/><V22/><F47/><W119/><G119/><T49/><D13/><U104/><E104/><V25/><F38/><W86/><G86/><T135/><AGARI ba="0,1" hai="24,28,33,49,53,58,66,67,80,84,88,132,134,135" machi="135" ten="30,4000,0" yaku="0,1,20,1,54,1" doraHai="14" who="0" fromWho="0" sc="427,50,30,-10,282,-10,251,-20" owari="477,58.0,20,-48.0,272,7.0,231,-17.0" /></mjloggm>