<mjloggm ver="2.3"><GO type="41"/><UN n0="%38%32%31%73%68%69%6E" n1="%EF%BC%88%E2%89%A7%E2%96%BD%E2%89%A6%EF%BC%89" n2="%6F%73%68%69%72%69" n3="%43%6F%64%65%42%6C%75%65" dan="14,15,13,15" rate="1864,2018,1810,2053" sx="M,M,M,M"/><TAIKYOKU oya="0"/><INIT seed="0,0,0,0,0,102" ten="250,250,250,250" oya="0" hai0="38,18,20,114,66,33,100,88,91,60,99,51,78" hai1="56,7,103,97,67,85,19,52,90,6,13,117,122" hai2="121,25,89,40,11,44,58,3,37,75,28,127,39" hai3="84,113,76,65,1,14,126,69,21,10,128,53,92"/><T132/><D114/><U70/><E67/><V48/><F75/><W109/><G1/><T93/><D33/><U95/><E70/><V71/><F121/><W129/><G113/><T134/><D38/><U22/><E117/><V105/><F71/><W86/><G21/><T46/><D78/><U9/><E122/><V87/><F127/><W17/><G65/><T123/><D123/><U36/><E36/><V135/><F135/><N who="0" m="51754" /><D60/><U63/><REACH who="1" step="1"/><E9/><REACH who="1" ten="250,240,250,250" step="2"/><V61/><F11/><W131/><G10/><T0/><D66/><U81/><AGARI ba="0,1" hai="6,7,13,19,22,52,56,63,81,85,90,95,97,103" machi="81" ten="20,12000,2" yaku="1,1,2,1,0,1,7,1,8,1,54,1,53,0" doraHai="102" doraHaiUra="125" who="1" fromWho="1" sc="250,-60,240,130,250,-30,250,-30" /><INIT seed="1,0,0,0,3,126" ten="190,370,220,220" oya="1" hai0="34,6,64,44,27,35,36,134,103,119,7,95,128" hai1="80,114,109,73,122,60,1,42,90,58,62,12,31" hai2="91,23,130,94,54,10,69,4,76,65,2,110,99" hai3="19,9,67,8,26,63,118,105,116,88,57,107,104"/><U41/><E122/><V56/><F110/><W74/><G74/><T135/><D119/><N who="3" m="45609" /><G26/><T55/><D64/><U0/><E114/><V82/><F69/><W48/><G19/><T117/><D117/><U13/><E109/><V123/><F65/><W15/><G15/><T133/><D95/><U131/><E31/><V33/><F123/><W93/><G48/><T113/><D103/><U115/><E115/><V77/><F33/><W96/><AGARI ba="0,0" hai="8,9,57,63,67,88,93,96,104,105,107" m="45609" machi="96" ten="40,2700,0" yaku="12,1,54,1" doraHai="126" who="3" fromWho="3" sc="190,-7,370,-13,220,-7,220,27" /><INIT seed="2,0,0,5,3,50" ten="183,357,213,247" oya="2" hai0="77,79,54,103,27,4,48,67,98,91,92,73,68" hai1="26,90,85,114,63,49,51,39,7,45,9,97,28" hai2="121,21,64,86,43,107,108,119,31,122,112,110,37" hai3="22,44,15,61,60,135,101,102,99,24,42,14,10"/><V41/><F119/><W18/><G135/><T100/><D67/><U75/><E75/><V125/><F112/><W20/><G20/><T123/><D68/><U30/><E114/><V65/><F107/><W5/><G14/><T57/><D123/><N who="2" m="47114" /><F86/><W71/><G71/><T0/><D73/><U95/><E39/><V124/><F31/><W58/><G99/><T126/><D126/><N who="2" m="48746" /><F21/><W19/><G5/><T29/><D4/><U127/><E127/><V53/><F53/><W89/><G22/><N who="0" m="15607" /><D0/><U33/><E28/><V3/><F3/><W109/><G19/><T93/><D103/><U120/><E120/><V17/><F17/><W129/><G102/><T40/><D40/><N who="2" m="15434" /><F37/><W113/><G113/><T96/><AGARI ba="0,0" hai="48,54,57,77,79,91,92,93,96,98,100" m="15607" machi="96" ten="30,2000,0" yaku="8,1,52,1" doraHai="50" who="0" fromWho="0" sc="183,20,357,-5,213,-10,247,-5" /><INIT seed="3,0,0,3,2,11" ten="203,352,203,242" oya="3" hai0="38,46,108,50,23,122,97,78,66,68,58,56,105" hai1="109,89,16,117,13,55,59,36,69,45,44,121,48" hai2="135,20,79,61,84,5,71,101,127,27,73,64,103" hai3="60,67,91,62,129,72,85,32,125,34,98,31,37"/><W24/><G72/><T81/><D122/><U14/><E121/><V19/><F127/><W96/><G37/><T1/><D108/><U7/><E109/><V95/><F135/><W3/><G3/><T93/><D1/><U6/><E117/><V77/><F73/><W116/><G116/><T92/><D38/><U17/><E69/><V99/><F5/><N who="1" m="1545" /><E36/><V2/><F2/><W87/><G125/><T35/><D35/><U41/><E89/><V57/><F71/><W104/><G129/><T51/><D68/><U8/><E41/><V10/><F103/><W124/><G124/><T76/><D105/><U94/><E94/><N who="0" m="36457" /><D97/><U43/><E43/><V15/><REACH who="2" step="1"/><F84/><REACH who="2" ten="203,352,193,242" step="2"/><W126/><G87/><N who="0" m="48551" /><D78/><U54/><E54/><V4/><AGARI ba="0,1" hai="4,10,15,19,20,27,57,61,64,77,79,95,99,101" machi="4" ten="20,8000,1" yaku="1,1,0,1,7,1,8,1,52,1,53,0" doraHai="11" doraHaiUra="113" who="2" fromWho="2" sc="203,-20,352,-20,193,90,242,-40" /><INIT seed="4,0,0,0,5,57" ten="183,332,283,202" oya="0" hai0="45,51,20,19,4,103,28,118,78,94,32,49,135" hai1="68,26,75,133,43,80,35,104,67,79,60,96,23" hai2="85,114,25,31,107,63,38,33,5,119,86,52,50" hai3="130,90,64,24,61,127,54,3,102,13,87,9,88"/><T69/><D135/><U121/><E121/><V12/><F107/><W132/><G3/><T134/><D118/><U72/><E133/><V58/><F38/><W27/><G127/><T65/><D134/><U116/><E116/><V77/><F119/><W29/><G130/><T36/><D78/><U97/><E43/><V0/><F0/><W46/><G102/><T70/><D36/><U122/><E122/><V113/><F77/><W110/><G110/><T129/><D4/><U99/><E75/><V6/><F12/><W125/><G125/><T14/><D129/><U59/><E35/><V124/><F124/><W84/><G64/><T98/><D51/><U126/><E126/><V115/><F50/><W100/><G100/><T111/><D111/><U22/><E104/><V93/><REACH who="2" step="1"/><F93/><REACH who="2" ten="183,332,273,202" step="2"/><W48/><G48/><T55/><REACH who="0" step="1"/><D65/><REACH who="0" ten="173,332,273,202" step="2"/><U105/><E67/><V95/><F95/><W11/><G132/><T101/><D101/><U131/><E105/><V71/><F71/><W10/><G29/><T62/><D62/><U8/><E79/><V108/><F108/><W16/><G61/><T47/><D47/><U7/><E60/><V112/><F112/><W82/><BYE who="2" /><G46/><T30/><D30/><UN n2="%6F%73%68%69%72%69" /><U15/><E131/><V18/><F18/><W21/><G54/><T76/><D76/><U1/><E7/><AGARI ba="0,2" hai="5,6,7,25,31,33,52,58,63,85,86,113,114,115" machi="7" ten="40,8000,1" yaku="1,1,15,1,52,1,54,1,53,0" doraHai="57" doraHaiUra="34" who="2" fromWho="1" sc="173,0,332,-80,273,100,202,0" /><INIT seed="5,0,0,5,3,103" ten="173,252,373,202" oya="1" hai0="8,133,78,129,116,124,86,54,3,122,69,110,114" hai1="80,32,37,74,92,77,127,6,51,58,63,35,101" hai2="64,48,44,55,68,79,7,132,0,61,91,87,14" hai3="81,83,38,111,126,46,84,23,109,56,98,50,72"/><U105/><E37/><V25/><F0/><W33/><G33/><T39/><RYUUKYOKU type="yao9" ba="0,0" sc="173,0,252,0,373,0,202,0" hai0="3,8,39,54,69,78,86,110,114,116,122,124,129,133" /><INIT seed="5,1,0,5,4,65" ten="173,252,373,202" oya="1" hai0="114,35,98,7,54,30,53,51,24,63,13,41,40" hai1="88,49,99,73,42,113,32,72,37,3,81,47,25" hai2="29,57,115,124,92,64,128,31,127,77,132,55,14" hai3="20,97,131,116,76,83,5,111,123,135,109,134,21"/><U27/><E113/><V0/><F0/><W133/><G5/><T28/><D114/><U103/><E3/><V90/><F115/><W102/><G123/><T46/><D28/><N who="2" m="10826" /><F77/><W66/><G66/><T18/><D7/><U130/><E130/><V33/><F33/><W74/><G131/><T105/><D105/><U43/><E43/><V1/><F1/><W38/><G38/><T120/><D120/><U94/><E37/><V16/><F128/><W119/><G21/><T70/><D98/><U93/><E81/><V62/><F132/><W12/><G20/><T108/><D108/><N who="3" m="41545" /><G12/><T85/><D85/><U91/><E103/><V121/><F121/><W80/><G80/><T61/><D63/><U104/><E104/><AGARI ba="1,0" hai="74,76,83,97,102,104,116,119,133,134,135" m="41545" machi="104" ten="40,8000,1" yaku="20,1,23,1,34,2" doraHai="65" who="3" fromWho="1" sc="173,0,252,-83,373,0,202,83" /><INIT seed="6,0,0,5,5,76" ten="173,169,373,285" oya="2" hai0="100,38,119,94,34,108,7,93,45,116,95,74,18" hai1="135,126,129,23,125,8,35,71,28,54,84,5,46" hai2="40,14,132,78,20,3,87,72,13,88,134,73,81" hai3="102,130,127,98,115,15,117,83,106,36,32,66,19"/><V41/><F3/><W48/><G32/><T89/><D34/><U25/><E71/><V39/><F39/><W22/><G36/><T90/><D108/><U6/><E46/><V101/><F101/><W16/><G117/><N who="0" m="45131" /><D7/><N who="1" m="2571" /><E54/><V42/><F72/><W86/><G127/><N who="1" m="48650" /><E84/><V47/><F47/><W131/><G115/><T65/><D65/><U2/><E135/><N who="2" m="51755" /><F20/><W58/><G19/><T124/><D18/><U57/><E57/><V63/><F63/><N who="3" m="38263" /><G48/><T82/><D124/><U122/><E122/><V9/><F9/><W68/><G68/><T91/><D45/><U114/><E114/><V107/><F107/><W113/><G86/><N who="0" m="50391" /><D38/><U21/><E129/><N who="3" m="49162" /><G113/><T26/><D26/><U64/><E64/><V60/><F60/><W30/><G30/><T120/><D120/><U128/><E128/><V50/><F50/><W110/><G110/><T33/><D33/><U104/><E104/><V61/><F61/><W105/><G105/><T53/><D53/><U56/><E56/><V4/><F4/><AGARI ba="0,0" hai="2,4,8,21,23,25,28,35" m="48650,2571" machi="4" ten="30,3900,0" yaku="18,1,34,2" doraHai="76" who="1" fromWho="2" sc="173,0,169,39,373,-39,285,0" /><INIT seed="7,0,0,5,5,123" ten="173,208,334,285" oya="3" hai0="56,17,30,85,46,73,97,118,7,108,112,61,124" hai1="122,76,90,60,105,70,20,64,98,83,6,0,106" hai2="82,71,92,102,49,120,8,84,93,89,78,114,11" hai3="5,19,59,50,1,113,104,101,53,24,126,111,35"/><W21/><G35/><T14/><D73/><N who="1" m="43407" /><E122/><V18/><F71/><W38/><G38/><T77/><D108/><U91/><E20/><V12/><F120/><W115/><G126/><T86/><D124/><U9/><E90/><V40/><F114/><N who="3" m="43531" /><G5/><T87/><D112/><U13/><E13/><N who="2" m="7463" /><F102/><W95/><G1/><T48/><D118/><U52/><E52/><V10/><F49/><W63/><G104/><N who="1" m="40042" /><E91/><V119/><F119/><W33/><G33/><T116/><D116/><U58/><E58/><V41/><F12/><W79/><G79/><T25/><D7/><U27/><E27/><V67/><F67/><N who="3" m="39423" /><G95/><N who="2" m="36425" /><F78/><W131/><G101/><T4/><D97/><U107/><E98/><V15/><F15/><W75/><G75/><T32/><D4/><U29/><E107/><V132/><F132/><W54/><G131/><T47/><D77/><U28/><E6/><V43/><AGARI ba="0,0" hai="10,11,40,41,43,82,84,89" m="36425,7463" machi="43" ten="30,1100,0" yaku="8,1" doraHai="123" who="2" fromWho="2" sc="173,-3,208,-3,334,11,285,-5" owari="170,-33.0,205,-19.0,345,44.0,280,8.0" /></mjloggm>