<mjloggm ver="2.3"><GO type="41"/><UN n0="%64%61%72%6A%69%6E%61" n1="%E3%82%AB%E3%83%AA%E3%83%BC%E3%83%8A" n2="%E7%99%BD%E3%82%B7%E3%83%A3%E3%83%84" n3="%E3%82%A6%E3%83%AB%E3%83%88%E3%83%A9%E7%AB%8B%E7%9B%B4" dan="14,14,13,15" rate="1948,1947,1836,1969" sx="M,M,M,M"/><TAIKYOKU oya="0"/><INIT seed="0,0,0,1,4,34" ten="250,250,250,250" oya="0" hai0="107,135,76,132,19,99,82,35,86,3,7,84,2" hai1="104,5,38,98,130,49,134,1,113,100,133,70,66" hai2="54,6,79,58,83,118,21,37,111,16,15,51,126" hai3="9,73,22,33,24,96,102,13,40,43,95,63,105"/><T31/><D7/><U23/><E38/><V94/><F37/><W92/><G73/><N who="0" m="43279" /><D19/><U131/><E113/><V77/><F126/><W44/><G33/><T59/><D59/><U112/><E112/><V45/><F118/><W67/><G105/><T129/><D129/><N who="1" m="49163" /><E23/><V4/><F94/><W8/><G95/><T48/><D48/><U68/><E66/><V101/><F101/><W75/><G75/><T110/><D110/><U103/><E49/><V25/><F79/><W10/><G44/><T55/><D55/><U115/><E103/><V122/><F111/><W114/><G114/><T0/><D86/><U53/><E53/><V120/><F58/><W36/><G36/><T32/><D84/><U57/><E57/><V74/><REACH who="2" step="1"/><F25/><REACH who="2" ten="250,250,240,250" step="2"/><W78/><G78/><T106/><D35/><U121/><E115/><V61/><F61/><W27/><G27/><N who="0" m="18559" /><D99/><U97/><E97/><V125/><F125/><W46/><G46/><T39/><D39/><U29/><E121/><AGARI ba="0,1" hai="4,6,15,16,21,45,51,54,74,77,83,120,121,122" machi="121" ten="40,8000,1" yaku="1,1,54,1,53,3" doraHai="34" doraHaiUra="116" who="2" fromWho="1" sc="250,0,250,-80,240,90,250,0" /><INIT seed="1,0,0,1,3,106" ten="250,170,330,250" oya="1" hai0="58,82,101,60,26,104,131,128,46,129,90,22,126" hai1="71,51,110,83,95,10,69,47,75,123,124,72,14" hai2="80,43,53,132,125,98,18,44,113,17,21,109,99" hai3="74,121,114,33,103,91,13,70,29,130,25,81,32"/><U115/><E115/><V4/><F113/><W37/><G114/><T108/><D108/><U36/><E123/><V20/><F109/><W31/><G121/><T116/><D116/><U118/><E36/><V41/><F132/><W120/><G120/><T23/><D126/><U96/><E110/><V87/><F125/><W15/><G91/><T102/><D104/><U63/><E118/><V67/><F4/><W0/><G103/><T100/><D46/><U56/><E124/><V11/><F67/><W12/><G70/><T112/><D112/><U119/><E83/><V7/><F53/><W39/><G130/><T27/><D90/><U38/><E38/><V42/><F44/><W73/><G0/><T40/><D40/><U134/><E119/><V2/><F18/><W19/><G19/><T1/><D82/><U78/><E78/><V117/><F117/><W57/><G57/><T35/><D35/><U5/><E134/><V88/><REACH who="2" step="1"/><F21/><REACH who="2" ten="250,170,320,250" step="2"/><W77/><G39/><T65/><D1/><U54/><E71/><V3/><F3/><W16/><G37/><T122/><D122/><U76/><E69/><V127/><F127/><W133/><G133/><T28/><D28/><U105/><E105/><V79/><F79/><W55/><G55/><T50/><D50/><U61/><E76/><V93/><F93/><W9/><G74/><T52/><REACH who="0" step="1"/><D65/><REACH who="0" ten="240,170,320,250" step="2"/><U48/><E48/><V45/><F45/><W8/><G8/><T89/><D89/><U64/><REACH who="1" step="1"/><E63/><REACH who="1" ten="240,160,320,250" step="2"/><V66/><F66/><W135/><G135/><T86/><D86/><U34/><E34/><V24/><AGARI ba="0,3" hai="2,7,11,17,20,24,41,42,43,80,87,88,98,99" machi="24" ten="30,12000,2" yaku="1,1,5,1,0,1,54,1,53,2" doraHai="106" doraHaiUra="94" who="2" fromWho="2" sc="240,-30,160,-60,320,150,250,-30" /><INIT seed="2,0,0,1,3,50" ten="210,100,470,220" oya="2" hai0="21,76,14,107,78,67,68,55,37,69,85,120,32" hai1="72,89,135,49,46,110,5,53,112,6,35,61,47" hai2="19,77,70,2,96,7,118,111,94,101,52,100,124" hai3="18,97,128,109,57,123,116,44,82,108,129,39,114"/><V33/><F118/><W99/><G18/><T121/><D37/><U83/><E35/><V81/><F124/><W65/><G82/><T104/><D32/><U24/><E112/><V58/><F70/><W9/><G9/><T11/><D21/><U90/><E110/><N who="3" m="42602" /><G99/><T40/><D40/><U34/><E135/><V91/><F33/><W105/><G97/><T31/><D31/><U22/><E34/><V62/><F111/><W119/><G105/><T41/><D41/><U12/><E72/><V113/><F113/><W26/><G26/><T38/><D38/><U59/><E83/><V29/><F29/><W16/><G16/><T36/><D36/><U73/><E73/><V1/><F19/><W13/><G13/><T30/><D30/><U117/><E117/><N who="3" m="45130" /><G114/><T23/><D23/><U10/><E6/><V51/><F7/><W56/><G123/><T92/><D14/><U75/><E75/><V20/><F20/><W3/><G3/><T131/><D131/><N who="3" m="50249" /><G65/><T48/><D11/><U93/><E93/><V125/><F1/><W102/><G102/><T4/><D4/><U63/><E63/><V42/><F2/><W133/><G133/><T127/><D67/><U43/><REACH who="1" step="1"/><E46/><REACH who="1" ten="210,90,470,220" step="2"/><V80/><F81/><W28/><G28/><AGARI ba="0,1" hai="5,10,12,22,24,28,43,47,49,53,59,61,89,90" machi="28" ten="30,12000,2" yaku="1,1,2,1,7,1,8,1,52,1,53,1" doraHai="50" doraHaiUra="54" who="1" fromWho="3" sc="210,0,90,130,470,0,220,-120" /><INIT seed="3,0,0,4,5,35" ten="210,220,470,100" oya="3" hai0="17,64,122,110,59,70,85,56,73,24,2,6,102" hai1="108,51,109,74,45,107,43,81,61,37,63,103,53" hai2="106,89,78,91,130,131,84,111,121,42,57,30,9" hai3="93,113,118,3,117,87,68,114,133,67,28,32,34"/><W20/><G87/><T75/><D122/><U8/><E107/><V132/><F121/><W14/><G93/><T49/><D110/><N who="1" m="42603" /><E74/><V54/><F111/><W39/><G39/><T125/><D125/><U0/><E81/><V96/><F42/><W12/><G67/><T44/><D102/><U105/><E105/><V62/><F132/><W5/><G68/><T41/><D75/><U83/><E83/><V29/><F78/><W124/><G20/><T98/><D73/><U127/><E103/><V135/><F135/><W94/><G94/><T46/><D98/><U126/><E8/><V60/><F9/><W36/><G36/><T4/><D85/><U1/><E1/><V18/><F62/><N who="1" m="23561" /><E0/><V123/><F123/><W40/><G40/><T134/><D134/><U47/><AGARI ba="0,0" hai="37,43,45,47,51,53,126,127" m="23561,42603" machi="47" ten="40,5200,0" yaku="14,1,34,2" doraHai="35" who="1" fromWho="1" sc="210,-13,220,52,470,-13,100,-26" /><INIT seed="4,0,0,1,0,65" ten="197,272,457,74" oya="0" hai0="5,99,32,83,40,130,97,47,23,1,87,118,77" hai1="34,25,55,46,76,133,92,91,89,131,115,66,36" hai2="70,109,88,90,85,57,30,12,101,2,79,112,37" hai3="104,38,28,94,8,6,4,27,114,7,84,16,73"/><T116/><D32/><U41/><E76/><V20/><F109/><W134/><G73/><T63/><D130/><U135/><E131/><V61/><F112/><W121/><G104/><T106/><D63/><U9/><E115/><V50/><F2/><W62/><G38/><T103/><D99/><U120/><E120/><V126/><F37/><W17/><G114/><T48/><D1/><U86/><E34/><V53/><F126/><W13/><G121/><T108/><D108/><U123/><E123/><V132/><F132/><N who="1" m="50761" /><E25/><V111/><F111/><W24/><G134/><T80/><D23/><U105/><E9/><V82/><F101/><W102/><G62/><T0/><D0/><U51/><E66/><V11/><F20/><N who="3" m="13319" /><G84/><T113/><D113/><U39/><E105/><V71/><F30/><W15/><G94/><T124/><D124/><U127/><E127/><V44/><F90/><W96/><G96/><T72/><D5/><U45/><E91/><AGARI ba="0,0" hai="40,47,48,72,77,80,83,87,91,97,103,106,116,118" machi="91" ten="30,1500,0" yaku="7,1" doraHai="65" who="0" fromWho="1" sc="197,15,272,-15,457,0,74,0" /><INIT seed="4,1,0,2,2,114" ten="212,257,457,74" oya="0" hai0="30,115,86,64,107,65,17,10,23,126,13,121,76" hai1="87,103,104,16,3,100,123,15,26,52,80,4,66" hai2="31,116,18,60,58,109,50,122,88,94,59,45,22" hai3="42,69,125,129,132,96,21,98,67,40,97,6,46"/><T72/><D72/><U133/><E123/><V93/><F109/><W32/><G32/><T5/><D121/><U37/><E66/><V25/><F122/><W53/><G67/><T20/><D107/><U54/><E37/><V128/><F128/><W33/><G33/><T78/><D115/><U39/><E39/><V99/><F116/><W47/><G69/><T27/><D126/><U71/><E71/><V61/><F94/><W110/><G110/><T8/><D8/><U112/><E112/><V90/><F90/><W34/><G34/><T44/><D44/><U43/><E43/><V131/><F131/><W62/><G129/><T19/><D30/><U35/><E104/><V11/><F61/><W89/><G125/><T36/><D36/><U63/><E3/><V0/><F60/><W55/><G6/><T38/><D38/><U119/><E4/><V135/><F135/><W127/><G62/><T29/><D29/><U70/><E133/><V120/><F120/><W84/><G127/><T102/><D102/><N who="1" m="38955" /><E70/><V124/><F124/><W12/><G132/><T2/><D76/><N who="1" m="46471" /><E119/><V82/><F0/><W105/><G105/><T24/><D2/><U74/><E74/><V134/><F134/><W118/><G118/><T111/><D111/><U1/><E35/><V49/><F31/><W73/><G73/><T108/><D108/><U92/><E1/><V81/><F11/><W56/><G42/><T7/><D5/><U57/><E26/><V83/><F45/><N who="3" m="16907" /><G40/><T79/><D79/><U28/><E28/><V106/><F106/><W41/><G41/><T101/><D101/><RYUUKYOKU ba="1,0" sc="212,15,257,-15,457,15,74,-15" hai0="7,10,13,17,19,20,23,24,27,64,65,78,86" hai2="18,22,25,49,50,58,59,81,82,83,88,93,99" /><INIT seed="4,2,0,0,4,54" ten="227,242,472,59" oya="0" hai0="115,48,38,85,126,72,28,88,132,100,5,59,68" hai1="109,56,39,114,4,1,25,71,50,91,41,97,0" hai2="23,6,27,135,55,7,35,45,94,74,113,89,16" hai3="46,24,65,15,87,31,42,92,116,3,19,66,134"/><T67/><D38/><U34/><E109/><V51/><F135/><W128/><G3/><T125/><D72/><U81/><E71/><V96/><F74/><W104/><G134/><T123/><D132/><U119/><E119/><V129/><F129/><W83/><G104/><T124/><D123/><U110/><E110/><V11/><F113/><W22/><G128/><T32/><D115/><U102/><E114/><V60/><F35/><W79/><G92/><N who="0" m="54287" /><D100/><U84/><E39/><V29/><F60/><W14/><G116/><T20/><D32/><U112/><E4/><V57/><F45/><W62/><G15/><AGARI ba="2,0" hai="6,7,11,15,16,23,27,29,51,55,57,89,94,96" machi="15" ten="40,5200,0" yaku="8,1,52,1,54,1" doraHai="54" who="2" fromWho="3" sc="227,0,242,0,472,58,59,-58" /><INIT seed="5,0,0,1,4,65" ten="227,242,530,1" oya="1" hai0="51,37,44,38,73,33,112,81,58,99,134,56,68" hai1="133,67,6,110,64,78,23,29,54,18,75,0,125" hai2="42,11,89,93,15,5,27,87,109,36,128,124,24" hai3="26,84,25,50,41,104,66,35,123,85,34,116,79"/><U118/><E118/><V92/><F128/><W10/><G66/><T74/><D33/><U32/><E110/><V90/><F109/><W40/><G50/><T107/><D112/><U103/><E103/><V63/><F124/><W19/><G19/><T57/><D134/><U127/><E0/><V4/><F4/><W39/><G10/><T97/><D107/><U46/><E6/><V120/><F120/><W114/><G79/><T28/><D28/><U101/><E101/><V45/><F63/><W98/><G98/><AGARI ba="0,0" hai="5,11,15,24,27,36,42,45,87,89,90,92,93,98" machi="98" ten="30,1000,0" yaku="7,1" doraHai="65" who="2" fromWho="3" sc="227,0,242,0,530,10,1,-10" owari="227,-17.0,242,4.0,540,64.0,-9,-51.0" /></mjloggm>