<mjloggm ver="2.3"><GO type="169"/><UN n0="%E5%BD%BC%E6%96%B9%E6%B5%81%E3%81%97" n1="%68%79%75%2D%69" n2="%EF%BC%88%E2%89%A7%E2%96%BD%E2%89%A6%EF%BC%89" n3="%EF%BC%A0%E5%BE%A1%E5%9D%82%E7%BE%8E%E7%90%B4" dan="16,17,17,17" rate="2112,2106,2194,2193" sx="M,M,M,F"/><TAIKYOKU oya="0"/><INIT seed="0,0,0,5,1,21" ten="250,250,250,250" oya="0" hai0="106,18,85,3,51,24,128,115,61,57,87,65,16" hai1="60,38,27,80,11,103,81,107,26,74,59,75,78" hai2="135,102,56,36,20,119,70,132,101,130,13,105,120" hai3="123,55,69,108,19,122,88,129,1,25,91,6,116"/><T79/><D115/><U54/><E38/><V5/><F70/><W31/><G116/><T35/><D3/><U52/><E11/><N who="2" m="4335" /><F36/><W40/><G69/><T112/><D112/><U10/><E10/><V7/><F7/><W49/><G108/><T29/><D106/><U48/><E103/><V66/><F105/><W109/><G109/><T76/><D128/><U71/><E107/><V41/><F41/><W104/><G104/><T117/><D117/><U84/><E75/><V121/><F130/><W44/><G19/><T53/><D79/><U131/><E131/><V22/><F119/><W2/><G129/><T133/><D133/><N who="2" m="51274" /><F56/><W50/><G40/><T125/><D125/><U33/><E33/><V14/><F66/><W0/><G50/><T92/><D85/><U93/><E93/><V43/><F43/><W8/><G8/><T83/><REACH who="0" step="1"/><D92/><REACH who="0" ten="240,250,250,250" step="2"/><U118/><E118/><V63/><F121/><N who="3" m="46091" /><G6/><T12/><D12/><U58/><E71/><AGARI ba="0,1" hai="16,18,24,29,35,51,53,57,61,65,71,76,83,87" machi="71" ten="30,11600,0" yaku="1,1,7,1,52,1,54,1,53,0" doraHai="21" doraHaiUra="90" who="0" fromWho="1" sc="240,126,250,-116,250,0,250,0" /><INIT seed="0,1,0,5,5,53" ten="366,134,250,250" oya="0" hai0="32,101,35,110,18,45,15,106,11,131,36,41,14" hai1="87,134,98,7,62,50,40,116,76,128,88,125,78" hai2="30,1,2,3,82,75,67,126,37,86,105,34,39" hai3="127,23,57,17,135,51,70,61,107,48,4,77,92"/><T44/><D131/><U10/><E128/><V100/><F126/><W31/><G107/><T120/><D120/><U122/><E125/><V73/><F86/><W46/><G127/><T55/><D110/><U54/><E116/><V69/><F82/><W63/><G31/><T114/><D114/><U83/><E122/><V81/><F81/><W9/><G70/><T130/><D130/><U25/><E134/><V71/><F100/><W16/><G135/><T124/><D124/><U93/><E40/><V99/><F99/><W22/><G77/><T43/><D55/><U113/><E113/><V33/><F105/><W97/><G4/><T20/><D101/><U19/><E62/><V109/><F109/><W119/><G9/><T72/><D72/><N who="2" m="27722" /><F30/><W123/><G123/><T103/><D103/><U102/><E25/><V29/><F29/><W79/><G79/><T8/><D20/><N who="3" m="7721" /><G63/><T13/><D106/><U24/><E24/><V111/><F111/><W129/><G129/><T133/><D133/><U112/><E112/><V80/><F80/><W65/><G119/><T85/><D85/><U52/><E54/><V42/><F42/><N who="3" m="24663" /><G51/><T0/><D0/><U94/><E94/><V96/><F96/><W66/><G66/><T58/><D36/><N who="2" m="13898" /><F67/><W21/><N who="3" m="7729" /><W12/><DORA hai="95" /><G12/><T38/><D38/><U49/><E49/><V27/><F27/><W108/><G108/><T132/><D14/><N who="1" m="7639" /><E7/><V59/><F59/><AGARI ba="1,0" hai="50,52,59,76,78,83,87,88,93,98,102" m="7639" machi="59" ten="30,8000,1" yaku="8,1,52,2,54,2" doraHai="53,95" who="1" fromWho="2" sc="366,0,134,83,250,-83,250,0" /><INIT seed="1,0,0,3,1,46" ten="366,217,167,250" oya="1" hai0="53,116,26,50,101,19,98,34,30,114,43,120,27" hai1="22,16,60,113,103,8,48,31,63,28,110,1,57" hai2="20,68,67,4,24,64,36,88,15,134,74,86,85" hai3="73,23,97,107,94,111,105,93,33,95,45,10,96"/><U115/><E103/><V126/><F74/><W112/><G33/><T131/><D116/><U109/><E1/><V106/><F106/><W9/><G112/><T108/><D114/><U37/><E37/><V71/><F36/><W81/><G111/><N who="1" m="42506" /><E8/><N who="2" m="4487" /><F71/><W82/><G23/><T18/><D108/><U99/><E115/><V2/><F2/><W7/><G45/><T32/><D120/><U21/><E99/><V123/><F68/><W14/><G73/><T3/><D3/><U104/><E22/><V102/><F102/><W49/><G14/><T129/><D43/><U0/><E104/><V118/><F118/><W117/><G94/><T127/><D127/><U59/><E0/><V42/><F126/><W70/><G70/><T125/><D125/><U87/><E87/><V17/><F123/><W13/><G117/><T12/><D98/><U128/><E128/><V65/><F86/><W72/><G72/><T11/><D101/><U54/><E113/><V25/><F134/><W135/><G135/><T51/><D129/><U62/><E59/><V119/><F119/><W92/><G7/><T80/><D131/><U55/><E55/><V79/><F79/><W78/><G78/><T77/><D53/><U44/><E44/><V124/><F124/><W132/><G132/><T75/><D32/><U56/><E56/><V58/><F42/><W90/><G105/><T69/><D69/><U47/><E57/><V39/><F39/><W5/><G107/><T89/><D89/><U29/><E63/><N who="2" m="38007" /><F25/><AGARI ba="0,0" hai="16,21,25,28,29,31,47,48,54,60,62" m="42506" machi="25" ten="30,11600,0" yaku="14,1,10,1,52,1,54,1" doraHai="46" who="1" fromWho="2" sc="366,0,217,116,167,-116,250,0" /><INIT seed="1,1,0,2,3,73" ten="366,333,51,250" oya="1" hai0="116,95,39,58,32,107,134,102,68,69,111,11,56" hai1="81,3,89,82,119,40,103,45,41,0,17,22,9" hai2="65,132,71,124,127,49,106,97,28,47,77,101,44" hai3="96,25,48,117,130,57,21,76,104,135,59,16,100"/><U14/><E119/><V79/><F132/><W123/><G135/><T6/><D116/><U50/><E103/><V131/><F131/><W88/><G130/><T121/><D121/><U78/><E41/><V86/><F28/><W72/><G117/><T19/><D134/><U109/><E109/><V31/><F31/><W66/><G123/><T12/><D111/><U51/><E51/><V52/><F44/><W90/><G66/><T115/><D115/><U83/><E89/><V34/><F34/><W38/><G38/><T18/><D107/><U75/><REACH who="1" step="1"/><E22/><REACH who="1" ten="366,323,51,250" step="2"/><V99/><F99/><W122/><G122/><T94/><D102/><U7/><E7/><V87/><F87/><W74/><G48/><T63/><D39/><U55/><E55/><V42/><F42/><W53/><G53/><T133/><D133/><U8/><E8/><V13/><F86/><W126/><G90/><T29/><D32/><U24/><E24/><V125/><REACH who="2" step="1"/><F13/><REACH who="2" ten="366,323,41,250" step="2"/><N who="3" m="9359" /><G74/><T23/><D12/><U1/><AGARI ba="1,2" hai="0,1,3,9,14,17,40,45,50,75,78,81,82,83" machi="1" ten="30,6000,0" yaku="1,1,0,1,52,1,53,0" doraHai="73" doraHaiUra="54" who="1" fromWho="1" sc="366,-21,323,83,41,-21,250,-21" /><INIT seed="1,2,0,4,1,121" ten="345,406,20,229" oya="1" hai0="38,130,40,14,112,113,106,29,16,85,128,0,32" hai1="111,105,75,36,131,41,64,12,34,53,33,116,76" hai2="82,62,11,133,47,125,118,55,119,44,58,46,24" hai3="88,56,48,102,51,63,74,93,54,6,79,115,43"/><U77/><E53/><V22/><F133/><W9/><G115/><N who="0" m="44107" /><D106/><U52/><E52/><V45/><N who="2" m="11264" /><DORA hai="103" /><V49/><F125/><W25/><G43/><T57/><D57/><U80/><E12/><V17/><F49/><W65/><G102/><T127/><D40/><U129/><E64/><V87/><REACH who="2" step="1"/><F11/><REACH who="2" ten="345,406,10,229" step="2"/><W107/><G51/><T122/><D127/><U123/><E123/><V135/><F135/><W67/><G48/><T69/><D38/><U109/><E41/><V86/><F86/><W84/><G84/><T28/><D85/><U92/><E36/><V8/><F8/><W89/><G9/><T19/><D122/><U96/><E131/><V7/><F7/><W39/><G39/><T20/><D0/><U101/><E129/><N who="0" m="49769" /><D69/><U108/><E116/><V104/><F104/><W78/><G107/><T94/><D32/><N who="1" m="12395" /><E105/><V2/><F2/><W61/><G6/><T60/><D60/><U30/><E77/><AGARI ba="2,1" hai="17,22,24,55,58,62,77,82,87,118,119" m="11264" machi="77" ten="50,1600,0" yaku="1,1,53,0" doraHai="121,103" doraHaiUra="126,132" who="2" fromWho="1" sc="345,0,406,-22,10,32,229,0" /><INIT seed="2,0,0,0,2,8" ten="345,384,42,229" oya="2" hai0="31,118,25,127,109,99,125,24,40,114,39,49,35" hai1="27,77,62,44,119,61,115,88,113,9,12,5,131" hai2="108,6,20,28,50,94,96,16,124,128,111,55,73" hai3="56,80,65,79,87,34,91,90,72,81,19,133,37"/><V18/><F73/><W107/><G37/><T135/><D39/><U11/><E119/><V26/><F6/><W32/><G107/><T120/><D114/><U53/><E77/><V51/><F128/><W71/><G71/><T67/><D67/><U123/><E131/><V66/><F124/><N who="0" m="47690" /><D120/><U54/><E123/><V84/><F66/><W101/><G101/><T97/><D109/><N who="2" m="42058" /><F84/><W100/><G56/><T102/><D135/><U64/><E27/><V110/><N who="2" m="42066" /><V58/><DORA hai="93" /><F51/><W42/><G19/><T76/><D76/><U78/><E78/><V70/><F70/><W130/><G87/><T14/><D118/><U92/><E64/><V134/><F134/><W41/><G80/><T17/><D25/><U60/><E44/><V129/><F129/><W83/><G130/><T74/><D102/><AGARI ba="0,0" hai="16,18,20,26,28,50,55,58,94,96,102" m="42066" machi="102" ten="40,12000,1" yaku="14,1,10,1,52,1,54,1" doraHai="8,93" who="2" fromWho="0" sc="345,-120,384,0,42,120,229,0" /><INIT seed="2,1,0,0,2,45" ten="225,384,162,229" oya="2" hai0="34,59,100,15,88,101,121,2,117,51,67,27,115" hai1="54,28,127,105,83,74,41,118,129,131,64,111,19" hai2="65,1,10,6,8,77,62,20,61,90,97,130,4" hai3="50,91,63,78,128,132,122,44,23,87,116,104,46"/><V47/><F130/><W112/><G116/><T106/><D121/><U57/><E105/><V24/><F77/><W107/><G122/><T32/><D115/><U109/><E28/><V110/><F110/><N who="1" m="41993" /><E41/><V86/><F97/><W60/><G78/><T92/><D2/><U119/><E64/><V82/><F47/><W99/><G112/><T135/><D117/><N who="1" m="44555" /><E19/><V80/><F80/><W40/><G128/><N who="1" m="49226" /><E83/><V18/><REACH who="2" step="1"/><F65/><REACH who="2" ten="225,384,152,229" step="2"/><W11/><G107/><T49/><D67/><U114/><E114/><V95/><F95/><W31/><G104/><T33/><D106/><U134/><E134/><V37/><F37/><W94/><G132/><T30/><D135/><U85/><E74/><V81/><F81/><W5/><G94/><T89/><D92/><U35/><E85/><V25/><F25/><N who="3" m="16831" /><G87/><T69/><D27/><U48/><E35/><V113/><F113/><W3/><G99/><T26/><D33/><U36/><E36/><V7/><F7/><W133/><G133/><T12/><D34/><U16/><E16/><V42/><F42/><W93/><G93/><T79/><D32/><U22/><E22/><V125/><F125/><AGARI ba="1,1" hai="48,54,57,125,127" m="49226,44555,41993" machi="125" ten="40,8000,1" yaku="14,1,19,1,34,2,52,1" doraHai="45" who="1" fromWho="2" sc="225,0,384,93,152,-83,229,0" /><INIT seed="3,0,0,2,5,8" ten="225,477,69,229" oya="3" hai0="76,23,54,25,135,95,123,69,96,17,122,93,119" hai1="120,21,45,5,41,121,65,19,63,48,68,97,106" hai2="42,40,116,44,72,59,27,66,124,64,90,43,58" hai3="89,107,0,86,94,83,20,31,87,39,24,101,13"/><W28/><G0/><T61/><D119/><U22/><E5/><V50/><F72/><W126/><G39/><T4/><D135/><U80/><E22/><V53/><F90/><W79/><G126/><T49/><D76/><U35/><E35/><V81/><F81/><W132/><G132/><T111/><D111/><U30/><E30/><V85/><F85/><W12/><REACH who="3" step="1"/><G31/><REACH who="3" ten="225,477,69,219" step="2"/><T100/><D123/><U10/><E121/><V91/><F124/><W36/><G36/><T1/><D122/><U92/><E120/><V75/><F116/><W127/><G127/><T71/><D1/><U114/><E114/><V60/><F75/><W117/><G117/><T55/><D4/><U15/><E106/><V108/><F108/><W33/><G33/><T134/><D134/><U16/><E80/><V84/><F27/><W98/><AGARI ba="0,1" hai="12,13,20,24,28,79,83,86,87,89,94,98,101,107" machi="98" ten="30,12000,1" yaku="1,1,0,1,52,2,53,1" doraHai="8" doraHaiUra="26" who="3" fromWho="3" sc="225,-40,477,-40,69,-40,219,130" /><INIT seed="3,1,0,0,2,133" ten="185,437,29,349" oya="3" hai0="98,118,94,124,6,17,1,128,7,33,113,101,108" hai1="78,61,125,27,70,84,67,48,16,127,135,87,39" hai2="11,89,116,43,51,77,64,115,105,14,109,126,63" hai3="74,10,52,53,12,88,60,102,21,100,19,110,57"/><W85/><G74/><T65/><D118/><U36/><E135/><V129/><F116/><W54/><G110/><T112/><D65/><U134/><E134/><V69/><F115/><N who="0" m="44106" /><D33/><U83/><E87/><V106/><F109/><W123/><G123/><T120/><D108/><U132/><E132/><V32/><F32/><W79/><G79/><T119/><D119/><U131/><E131/><V95/><F129/><W91/><G10/><N who="0" m="2383" /><D120/><U35/><E48/><V75/><F77/><W28/><G28/><T26/><D128/><U71/><E71/><V122/><F75/><W25/><G25/><T55/><D7/><U37/><REACH who="1" step="1"/><E35/><REACH who="1" ten="185,427,29,349" step="2"/><V58/><F122/><W5/><G5/><T96/><D98/><U117/><E117/><V3/><F3/><W44/><G91/><T66/><D96/><U41/><E41/><V47/><F69/><W121/><G121/><T62/><D62/><U20/><AGARI ba="1,1" hai="16,20,27,36,37,39,61,67,70,78,83,84,125,127" machi="20" ten="40,12000,2" yaku="1,1,0,1,52,2,54,1,53,1" doraHai="133" doraHaiUra="59" who="1" fromWho="1" sc="185,-31,427,133,29,-31,349,-61" owari="154,-25.0,560,66.0,-2,-50.0,288,9.0" /></mjloggm>