<mjloggm ver="2.3"><GO type="97"/><UN n0="%E3%81%AA%E3%81%8E%E3%81%AA%E3%81%9F%E6%88%A6%E5%A3%AB" n1="%E3%81%AA%E3%82%8B%E3%81%95%E3%82%93%E3%81%B1%E3%81%B4%E3%81%83" n2="%EF%BC%88%E2%89%A7%E2%96%BD%E2%89%A6%EF%BC%89" n3="%E7%8D%84%E9%95%B7%E3%83%91%E3%83%B3%E3%83%80" dan="14,14,15,14" rate="1989,1862,2019,1984" sx="F,M,M,M"/><TAIKYOKU oya="0"/><INIT seed="0,0,0,3,1,115" ten="250,250,250,250" oya="0" hai0="101,19,87,96,42,113,51,22,100,91,18,3,70" hai1="6,124,125,11,116,67,119,97,43,89,84,62,134" hai2="13,28,9,126,10,65,88,29,41,7,44,131,127" hai3="85,39,5,132,110,27,45,90,86,46,34,133,15"/><T64/><D113/><U23/><E43/><V105/><F105/><W99/><G110/><T54/><D3/><U80/><E23/><V48/><F131/><W32/><G99/><T47/><D70/><U73/><E73/><V14/><F65/><W81/><G85/><T109/><D64/><U26/><E26/><V2/><F2/><W102/><G102/><T0/><D0/><U83/><E97/><V121/><F121/><W59/><G59/><T104/><D101/><U60/><E83/><V106/><F106/><W78/><G78/><T66/><D66/><U118/><E134/><N who="3" m="51818" /><G27/><T79/><D79/><U8/><E6/><V111/><F111/><W50/><G39/><T1/><D1/><U20/><E20/><V103/><F103/><W58/><G58/><T25/><D109/><U31/><E31/><V35/><F35/><N who="3" m="13355" /><G50/><T4/><D42/><U117/><E117/><V57/><F57/><W123/><G123/><T112/><D112/><U135/><E135/><V122/><F122/><W40/><G40/><T63/><D63/><N who="1" m="24107" /><E67/><V75/><F75/><W16/><G5/><T114/><D4/><U74/><E74/><V92/><F7/><W52/><G52/><T30/><D114/><U68/><E68/><V55/><F55/><W49/><G81/><AGARI ba="0,0" hai="18,19,22,25,30,47,51,54,81,87,91,96,100,104" machi="81" ten="30,1500,0" yaku="7,1" doraHai="115" who="0" fromWho="3" sc="250,15,250,0,250,0,250,-15" /><INIT seed="0,1,0,4,0,66" ten="265,250,250,235" oya="0" hai0="9,98,73,64,43,88,128,104,86,127,17,10,44" hai1="102,55,18,115,132,4,116,27,19,16,69,134,50" hai2="3,113,36,79,38,34,99,65,81,61,30,75,107" hai3="84,21,118,82,25,59,45,71,35,14,70,117,46"/><T87/><D73/><U15/><E116/><V2/><F113/><W108/><G108/><T95/><D128/><U80/><E102/><N who="2" m="62943" /><F36/><W100/><G100/><T48/><D127/><U33/><E80/><V130/><F38/><W63/><G35/><T52/><D104/><U57/><E115/><V93/><F93/><W8/><G117/><T23/><D64/><U74/><E74/><V122/><F122/><W72/><G72/><T47/><D87/><U91/><E91/><V20/><F20/><W32/><G32/><T89/><D89/><U90/><E90/><V7/><F7/><W41/><G118/><T83/><D83/><U49/><E50/><V96/><F96/><W0/><G0/><T123/><D98/><U42/><E42/><V126/><F130/><W78/><G21/><T60/><D123/><U51/><E49/><V103/><F103/><W135/><G25/><T105/><D105/><U22/><E33/><V97/><F97/><W28/><G28/><T85/><D85/><U58/><E57/><V26/><F126/><W119/><G119/><T101/><D101/><U92/><E92/><V56/><F56/><W5/><G46/><T76/><D76/><U111/><E111/><V109/><F109/><W24/><G24/><N who="0" m="14447" /><D47/><U40/><E40/><V120/><F120/><W31/><G31/><T110/><D110/><U94/><E94/><V37/><F37/><W67/><G135/><N who="1" m="51754" /><E69/><N who="2" m="42159" /><F79/><W106/><G106/><T62/><D43/><U131/><E131/><V13/><F13/><W1/><G14/><T121/><D121/><U12/><E12/><V112/><F112/><RYUUKYOKU ba="1,0" sc="265,0,250,0,250,0,235,0" hai0="9,10,44,48,52,60,62,86,88,95" hai1="4,15,16,18,19,22,27,51,55,58" hai2="2,3,26,30,34,75,81" hai3="1,5,8,41,45,59,63,67,70,71,78,82,84" /><INIT seed="0,2,0,2,2,85" ten="265,250,250,235" oya="0" hai0="23,27,94,3,71,72,116,84,107,22,132,28,24" hai1="32,134,120,82,51,90,17,93,103,106,92,7,57" hai2="35,73,30,15,102,4,111,129,19,33,36,96,53" hai3="98,122,91,101,29,5,77,13,8,20,126,38,45"/><T70/><D107/><U52/><E120/><V63/><F73/><W0/><G122/><T26/><D116/><U42/><E32/><V49/><F36/><W56/><G77/><T41/><D72/><U74/><E134/><V108/><F129/><W50/><G126/><T128/><D3/><U123/><E123/><V121/><F121/><W131/><G131/><T69/><D128/><U97/><E7/><V9/><F63/><W133/><G133/><T125/><D132/><U54/><E42/><V2/><F30/><W86/><G38/><T95/><D41/><U47/><E17/><V44/><F111/><W12/><G56/><T67/><D67/><U14/><E14/><V117/><F108/><W58/><G58/><T75/><D75/><U37/><E37/><V48/><F48/><W87/><G87/><T112/><D112/><U115/><E115/><V130/><F130/><W39/><G39/><T18/><D125/><U46/><E74/><V64/><F64/><W16/><G29/><T79/><REACH who="0" step="1"/><D27/><REACH who="0" step="2"/><U68/><E106/><V55/><F117/><W78/><G0/><T89/><D89/><U99/><E68/><V81/><F53/><W110/><G110/><T11/><D11/><U10/><E10/><V127/><F127/><W83/><G91/><T59/><D59/><N who="1" m="33183" /><E82/><AGARI ba="2,1" hai="18,22,23,24,26,28,69,70,71,79,82,84,94,95" machi="82" ten="40,2000,0" yaku="1,1,53,0" doraHai="85" doraHaiUra="62" who="0" fromWho="1" sc="255,36,250,-26,250,0,235,0" /><INIT seed="0,3,0,4,3,88" ten="291,224,250,235" oya="0" hai0="125,72,43,120,57,127,130,54,17,28,66,34,21" hai1="93,110,68,131,134,116,115,100,20,1,2,18,27" hai2="121,106,95,50,124,26,129,118,84,19,117,16,12" hai3="49,40,33,42,73,36,98,55,91,6,8,108,94"/><T96/><D120/><U53/><E116/><N who="2" m="44651" /><F121/><W52/><G33/><T4/><D72/><U59/><E115/><V71/><F106/><W126/><G73/><T102/><D43/><U0/><E68/><V85/><F71/><W79/><G79/><T76/><D76/><U74/><E74/><V122/><F122/><W109/><G126/><N who="0" m="48139" /><D4/><U48/><E134/><V63/><F63/><W11/><G55/><T83/><D83/><U89/><E131/><V51/><F124/><W82/><G82/><T35/><D28/><U37/><E110/><N who="3" m="42602" /><G36/><T25/><D66/><U13/><E37/><V133/><F133/><W97/><G97/><T60/><D130/><U62/><E100/><V75/><F75/><W81/><G81/><T64/><D54/><U56/><E56/><V14/><F129/><W77/><G77/><T123/><D123/><U41/><E41/><N who="3" m="15978" /><G6/><T132/><D132/><U113/><E113/><V119/><F119/><W67/><G67/><T32/><D32/><U22/><E22/><N who="2" m="13639" /><F51/><W9/><G11/><T39/><D39/><U44/><E13/><V99/><F50/><W47/><AGARI ba="3,0" hai="8,9,47,49,52,91,94,98" m="15978,42602" machi="47" ten="30,4000,0" yaku="14,1,52,1,54,1" doraHai="88" who="3" fromWho="3" sc="291,-23,224,-13,250,-13,235,49" /><INIT seed="1,0,0,4,0,64" ten="268,211,237,284" oya="1" hai0="61,70,127,27,100,98,19,0,21,82,10,42,11" hai1="65,92,30,24,95,119,16,102,63,38,28,47,78" hai2="115,35,125,7,126,45,71,18,50,51,44,80,128" hai3="101,67,103,49,74,118,17,90,108,68,104,113,112"/><U40/><E119/><V5/><F35/><W94/><G118/><T39/><D127/><N who="2" m="48650" /><F128/><W31/><G74/><T20/><D0/><U29/><E78/><V84/><F115/><W85/><G108/><T116/><D116/><U15/><E102/><V52/><F18/><W135/><G31/><T33/><D82/><U41/><E40/><N who="2" m="24839" /><F71/><W110/><G110/><T114/><D114/><U3/><E3/><V8/><F8/><W134/><G17/><T57/><D70/><U43/><E43/><V23/><F23/><W130/><G130/><T96/><D21/><U73/><E73/><V109/><F109/><W60/><G112/><T12/><D33/><U83/><E83/><V13/><F13/><W122/><G113/><T132/><D39/><U121/><E121/><V72/><F72/><W1/><G122/><T58/><D42/><U124/><E124/><V91/><AGARI ba="0,0" hai="5,7,45,51,52,80,84,91" m="24839,48650" machi="91" ten="30,2000,0" yaku="18,1,54,1" doraHai="64" who="2" fromWho="2" sc="268,-5,211,-10,237,20,284,-5" /><INIT seed="2,0,0,5,0,84" ten="263,201,257,279" oya="2" hai0="23,30,68,85,122,61,19,120,127,24,128,16,107" hai1="18,40,97,39,105,31,90,14,73,33,114,26,17" hai2="4,86,118,88,134,32,71,102,65,96,44,83,124" hai3="3,110,108,21,135,100,109,112,37,22,63,54,91"/><V133/><F118/><W75/><G37/><T98/><D128/><U43/><E73/><V111/><F32/><W119/><G119/><T72/><D127/><U12/><E114/><V57/><F124/><W53/><G75/><T81/><D72/><U129/><E129/><V94/><F111/><W6/><G112/><T93/><D107/><U29/><E105/><V82/><F4/><W42/><G42/><T20/><D68/><U25/><E39/><V7/><F7/><W116/><G116/><T34/><D61/><U125/><E97/><V101/><F71/><W131/><G100/><N who="2" m="38505" /><F44/><W62/><G131/><T103/><D19/><U27/><E125/><V2/><F2/><W51/><G135/><N who="2" m="51721" /><F96/><W67/><G6/><T130/><D130/><U9/><E90/><V78/><F78/><W50/><G91/><T79/><REACH who="0" step="1"/><D34/><REACH who="0" step="2"/><N who="1" m="20783" /><E40/><V92/><F82/><W10/><G109/><T80/><D80/><U52/><E43/><V35/><F35/><W8/><G3/><T55/><D55/><U1/><E52/><V38/><F38/><W74/><G74/><T115/><D115/><U95/><E95/><V104/><F104/><W49/><G49/><T60/><D60/><AGARI ba="0,1" hai="57,60,65,83,86,88,92,94" m="51721,38505" machi="60" ten="30,5800,0" yaku="20,1,52,1,54,1" doraHai="84" who="2" fromWho="0" sc="253,-58,201,0,257,68,279,0" /><INIT seed="2,1,0,4,2,93" ten="195,201,325,279" oya="2" hai0="68,12,9,35,133,33,2,79,6,37,88,113,99" hai1="100,77,8,58,126,34,15,105,81,115,52,123,121" hai2="5,54,32,108,101,25,98,104,74,75,90,128,135" hai3="53,103,14,45,130,42,49,16,131,56,40,13,122"/><V29/><F135/><W18/><G122/><N who="1" m="46602" /><E34/><V84/><F128/><N who="3" m="49195" /><G103/><T97/><D133/><U71/><E71/><V17/><F108/><W50/><G42/><T7/><D113/><U67/><E126/><V26/><F5/><W87/><G87/><T91/><D68/><U3/><E67/><V23/><F54/><W73/><G73/><T55/><D37/><U110/><E3/><V70/><F70/><W19/><AGARI ba="1,0" hai="13,14,16,18,19,40,45,49,50,53,56" m="49195" machi="19" ten="30,2000,0" yaku="19,1,54,1" doraHai="93" who="3" fromWho="3" sc="195,-6,201,-6,325,-11,279,23" /><INIT seed="3,0,0,0,5,103" ten="189,195,314,302" oya="3" hai0="8,27,108,92,52,5,102,12,65,80,116,71,79" hai1="48,17,21,100,135,40,46,124,41,15,123,78,86" hai2="36,1,133,20,54,18,112,31,49,106,39,128,58" hai3="134,23,33,6,30,57,122,91,59,90,107,110,76"/><W84/><G122/><T125/><D116/><U53/><E123/><V43/><F112/><W61/><G33/><T118/><D118/><U60/><E135/><V47/><F1/><W10/><G107/><T83/><D125/><U72/><E124/><V101/><F133/><W14/><G134/><T16/><D108/><U99/><E72/><V32/><F128/><W67/><G110/><T19/><D71/><U34/><E34/><V88/><F32/><W13/><G59/><T93/><D65/><U9/><E60/><V73/><F73/><W87/><G76/><T114/><D114/><U127/><E127/><V105/><F31/><W22/><G30/><T51/><D102/><U126/><E126/><V37/><F88/><N who="3" m="33835" /><G14/><T55/><D55/><U98/><E100/><V131/><F131/><W109/><G109/><T42/><D42/><N who="1" m="16491" /><E9/><V62/><REACH who="2" step="1"/><F101/><REACH who="2" step="2"/><W94/><G94/><N who="0" m="36459" /><D79/><U132/><E132/><V50/><F50/><W7/><G7/><T75/><D75/><U29/><E29/><V64/><F64/><W104/><G104/><T129/><D129/><U2/><E2/><V119/><F119/><W24/><G24/><AGARI ba="0,1" hai="18,20,24,36,37,39,43,47,49,54,58,62,105,106" machi="24" ten="40,12000,2" yaku="1,1,52,2,53,3" doraHai="103" doraHaiUra="70" who="2" fromWho="3" sc="189,0,195,0,304,130,302,-120" owari="189,-21.0,195,0.0,434,53.0,182,-32.0" /></mjloggm>