<mjloggm ver="2.3"><GO type="41"/><UN n0="%E3%82%A6%E3%83%AB%E3%83%88%E3%83%A9%E7%AB%8B%E7%9B%B4" n1="%54%65%72%69%79%61%6B%69" n2="%E3%81%86%E3%81%8D%E3%82%87%E3%81%86" n3="%E3%82%B2%E3%82%AA%E3%83%AB%E3%82%B2%E3%83%8F%E3%82%B8%39%34" dan="15,14,13,14" rate="1980,1876,1887,1933" sx="M,M,M,M"/><TAIKYOKU oya="0"/><INIT seed="0,0,0,1,0,72" ten="250,250,250,250" oya="0" hai0="46,80,17,84,24,94,12,23,120,11,6,55,20" hai1="92,83,2,3,28,117,123,88,113,124,53,91,100" hai2="77,95,133,81,9,62,76,93,32,129,4,65,63" hai3="134,14,18,47,26,50,127,60,119,86,8,110,135"/><T98/><D120/><U61/><E117/><V101/><F32/><W39/><G39/><T99/><D23/><U128/><E123/><V85/><F133/><N who="3" m="50699" /><G119/><T29/><D6/><U71/><E124/><V64/><F129/><W82/><G127/><T131/><D131/><U57/><E128/><V25/><F25/><W75/><G75/><T104/><D104/><U0/><E113/><V90/><F101/><W105/><G105/><T116/><D116/><U7/><E28/><V49/><F49/><W78/><G60/><T38/><D94/><U96/><E71/><V43/><F43/><N who="3" m="24959" /><G26/><T48/><REACH who="0" step="1"/><D38/><REACH who="0" ten="240,250,250,250" step="2"/><U31/><E7/><V102/><F95/><W79/><G110/><T66/><D66/><U112/><E112/><V5/><F5/><W22/><G22/><T111/><D111/><U130/><E130/><V67/><F4/><W51/><G51/><T126/><D126/><U40/><E31/><V107/><F107/><W97/><G97/><T19/><D19/><U13/><E83/><V56/><F67/><W115/><G115/><T70/><D70/><U37/><E37/><V27/><F27/><W52/><G52/><T89/><AGARI ba="0,1" hai="11,12,17,20,24,29,46,48,55,80,84,89,98,99" machi="89" ten="20,18000,2" yaku="1,1,0,1,7,1,25,2,8,1,53,0" doraHai="72" doraHaiUra="121" who="0" fromWho="0" sc="240,190,250,-60,250,-60,250,-60" /><INIT seed="0,1,0,3,2,124" ten="430,190,190,190" oya="0" hai0="54,58,93,98,130,97,111,27,135,15,106,59,102" hai1="6,94,92,81,104,74,33,12,101,21,1,19,82" hai2="30,61,52,55,45,64,8,4,95,123,134,114,62" hai3="18,96,0,78,87,57,100,16,68,41,67,14,113"/><T107/><D135/><U44/><E33/><V60/><F123/><W112/><G0/><T70/><D70/><U79/><E104/><V66/><F30/><W83/><G68/><T42/><D42/><U132/><E132/><V80/><F80/><W90/><G41/><T5/><D58/><U119/><E119/><V9/><F134/><W50/><G18/><T46/><D46/><U51/><E101/><V65/><F114/><W69/><G69/><T28/><D107/><U72/><E1/><V99/><F45/><W108/><G108/><T110/><D15/><U103/><E103/><V38/><F38/><W133/><G133/><T88/><D5/><U49/><E6/><V25/><F25/><W53/><G67/><T10/><D10/><U86/><E49/><V91/><REACH who="2" step="1"/><F4/><REACH who="2" ten="430,190,180,190" step="2"/><W63/><G113/><T39/><D39/><U34/><E34/><V24/><F24/><W2/><G112/><T127/><D27/><U84/><E72/><V105/><F105/><W32/><G32/><T131/><D28/><U37/><E37/><V128/><F128/><N who="0" m="49194" /><D127/><U20/><E74/><V85/><F85/><W129/><G129/><T122/><D122/><U121/><E121/><V76/><F76/><W75/><G78/><T120/><D120/><U47/><E44/><V71/><F71/><W26/><G75/><T118/><D118/><U7/><E7/><V43/><F43/><W11/><G26/><T115/><D115/><U126/><E126/><V56/><F56/><W3/><REACH who="3" step="1"/><G63/><AGARI ba="1,1" hai="54,59,63,88,93,97,98,102,106,110,111" m="49194" machi="63" ten="30,12000,1" yaku="19,1,52,3,54,1" doraHai="124" who="0" fromWho="3" sc="430,133,190,0,180,0,190,-123" /><INIT seed="0,2,0,4,1,33" ten="563,190,180,67" oya="0" hai0="7,8,122,90,32,94,26,105,39,1,30,134,112" hai1="129,48,58,92,128,108,55,37,101,135,119,22,51" hai2="133,76,12,59,36,117,13,25,98,52,77,19,61" hai3="109,2,84,91,73,24,42,43,67,115,54,63,124"/><T57/><D105/><U83/><E119/><V5/><F36/><W70/><G73/><T121/><D112/><U15/><E37/><V10/><F25/><W80/><G115/><T82/><D39/><U3/><E3/><V60/><F117/><W87/><G109/><T75/><D134/><U0/><E108/><V126/><F133/><W44/><G124/><T103/><D57/><U9/><E135/><V27/><F27/><W125/><G125/><T4/><D4/><U66/><E66/><V81/><F126/><W78/><G2/><T110/><D110/><U85/><E101/><V71/><F98/><W107/><G107/><T17/><D17/><U34/><E34/><V116/><F116/><W123/><G123/><T56/><D56/><U23/><E92/><V68/><F77/><W29/><G54/><T131/><D131/><N who="1" m="50251" /><E51/><V127/><F61/><W89/><G78/><T72/><D103/><U18/><E0/><V113/><F113/><W45/><G43/><T88/><D75/><U38/><E38/><V74/><REACH who="2" step="1"/><F127/><REACH who="2" ten="563,190,170,67" step="2"/><W96/><G96/><T53/><D122/><U20/><E85/><V69/><F69/><W132/><G132/><T49/><D121/><U65/><E65/><V62/><F62/><W28/><G28/><T114/><D114/><U130/><E130/><V11/><AGARI ba="2,1" hai="5,10,11,12,13,19,52,59,60,68,71,74,76,81" machi="11" ten="20,12000,2" yaku="1,1,0,1,7,1,54,1,53,2" doraHai="33" doraHaiUra="6" who="2" fromWho="2" sc="563,-62,190,-32,170,136,67,-32" /><INIT seed="1,0,0,5,2,119" ten="501,158,306,35" oya="1" hai0="50,128,102,73,127,100,92,90,59,66,19,40,39" hai1="51,96,83,97,113,70,31,25,22,10,38,36,26" hai2="68,56,69,4,49,5,110,93,133,8,80,13,6" hai3="87,47,130,109,61,112,85,125,91,76,111,52,30"/><U35/><E113/><V121/><F121/><W1/><G112/><T12/><D73/><U67/><E10/><V57/><F110/><N who="3" m="41995" /><G125/><T116/><D39/><U29/><E83/><V54/><F133/><W53/><G130/><T72/><D72/><U41/><E51/><V24/><F24/><W129/><G129/><T98/><D127/><U46/><REACH who="1" step="1"/><E38/><REACH who="1" ten="501,148,306,35" step="2"/><V17/><F80/><N who="3" m="47239" /><G1/><T9/><D128/><U45/><E45/><V82/><F82/><N who="3" m="49655" /><G47/><N who="0" m="25959" /><D116/><U27/><E27/><V75/><F75/><W106/><G106/><T65/><D9/><U132/><E132/><V20/><F8/><W131/><G131/><T15/><D15/><U78/><E78/><V94/><REACH who="2" step="1"/><F57/><REACH who="2" ten="501,148,296,35" step="2"/><W107/><G107/><T16/><D59/><U88/><E88/><V37/><F37/><W79/><G79/><T77/><D77/><U11/><E11/><V134/><F134/><W58/><G30/><T81/><D90/><U105/><E105/><V62/><F62/><AGARI ba="0,2" hai="22,25,26,29,31,35,36,41,46,62,67,70,96,97" machi="62" ten="40,2000,0" yaku="1,1,53,0" doraHai="119" doraHaiUra="135" who="1" fromWho="2" sc="501,0,148,40,296,-20,35,0" /><INIT seed="1,1,0,5,4,53" ten="501,188,276,35" oya="1" hai0="126,122,131,81,67,93,70,50,76,135,54,102,35" hai1="23,9,95,94,112,83,68,115,39,117,60,125,31" hai2="71,98,13,97,51,108,47,120,52,25,42,14,11" hai3="66,38,17,4,130,43,20,72,62,16,128,132,61"/><U110/><E117/><V124/><F120/><W103/><G72/><T75/><D35/><U80/><E39/><V121/><F121/><W127/><G132/><T55/><D55/><U77/><E125/><V88/><F124/><W24/><G127/><T107/><D122/><U109/><E9/><V37/><F71/><W101/><G4/><T19/><D67/><U58/><E68/><V3/><F108/><N who="1" m="41577" /><E23/><V86/><F25/><W96/><G43/><T8/><D8/><U6/><E6/><V44/><F3/><W63/><G38/><T104/><D70/><U133/><E31/><V79/><F79/><W69/><G17/><T21/><D21/><U64/><E133/><V74/><F74/><W46/><G46/><T123/><D19/><U56/><E77/><V111/><F111/><W87/><G87/><T7/><D76/><U1/><E1/><V29/><F29/><W106/><REACH who="3" step="1"/><G103/><REACH who="3" ten="501,188,276,25" step="2"/><T82/><D7/><U2/><E2/><V84/><F84/><W92/><G92/><N who="1" m="35370" /><E56/><V34/><F34/><W134/><G134/><T49/><D135/><U30/><E30/><V33/><F33/><W59/><G59/><T45/><D126/><U78/><E83/><N who="2" m="49247" /><F13/><W89/><G89/><T0/><D0/><U10/><E10/><V100/><F100/><W118/><G118/><T91/><D82/><U116/><E116/><V129/><F129/><AGARI ba="1,1" hai="16,20,24,61,62,63,66,69,96,101,106,128,129,130" machi="129" ten="40,8000,1" yaku="1,1,19,1,54,1,53,1" doraHai="53" doraHaiUra="22" who="3" fromWho="2" sc="501,0,188,0,276,-83,25,93" /><INIT seed="2,0,0,5,4,99" ten="501,188,193,118" oya="2" hai0="47,135,51,100,6,98,62,60,32,67,105,85,93" hai1="33,96,65,57,86,117,50,35,29,0,106,77,82" hai2="119,45,114,4,58,5,130,40,131,101,92,116,18" hai3="37,97,66,21,17,52,3,109,133,76,11,134,121"/><V28/><F28/><W14/><G14/><T124/><D124/><U126/><E117/><V78/><F114/><W7/><G37/><T113/><D113/><U123/><E123/><V12/><F78/><W89/><G121/><T128/><D128/><N who="2" m="49194" /><F58/><W107/><G109/><T83/><D135/><N who="3" m="51721" /><G76/><T44/><D32/><U79/><E126/><V34/><F34/><W90/><G66/><T80/><D6/><N who="2" m="2666" /><F45/><W22/><G107/><T63/><D105/><U8/><E0/><V75/><F40/><W120/><G120/><T103/><D47/><U94/><E106/><V13/><F75/><W56/><G97/><T25/><D67/><U55/><E65/><V87/><F87/><W59/><G59/><T110/><D110/><U19/><E29/><V20/><F92/><W41/><G41/><T84/><D93/><U27/><E77/><V48/><F48/><N who="3" m="30727" /><G17/><T16/><D98/><U31/><E35/><V1/><F1/><W73/><G73/><T54/><D84/><U15/><E96/><V111/><F111/><W129/><G129/><T95/><D95/><U132/><E132/><V36/><F36/><W70/><G70/><T122/><D122/><U91/><E79/><V43/><F43/><W104/><G104/><T115/><D115/><U127/><E127/><V10/><F101/><N who="0" m="38986" /><D85/><U30/><E30/><V88/><F88/><AGARI ba="0,0" hai="3,7,11,21,22,88,89,90" m="30727,51721" machi="88" ten="30,3900,0" yaku="20,1,54,2" doraHai="99" who="3" fromWho="2" sc="501,0,188,0,193,-39,118,39" /><INIT seed="3,0,0,0,5,5" ten="501,188,154,157" oya="3" hai0="119,29,59,30,88,68,37,75,125,83,118,42,117" hai1="71,54,49,115,11,10,78,85,23,133,135,63,69" hai2="58,81,53,45,39,18,22,26,99,82,21,74,65" hai3="127,72,103,4,20,79,86,70,31,96,35,109,101"/><W107/><G127/><T98/><D68/><U94/><E115/><V48/><F74/><W47/><G70/><T40/><D37/><U126/><E126/><V28/><F39/><W111/><G35/><T12/><D125/><U106/><E106/><V66/><F66/><W121/><G121/><T77/><D59/><U76/><E23/><V24/><F99/><W17/><G31/><T95/><D12/><U108/><E108/><N who="3" m="41546" /><G103/><T93/><D30/><U46/><E94/><V52/><F65/><W36/><G4/><T33/><D29/><U60/><E85/><V15/><REACH who="2" step="1"/><F26/><REACH who="2" ten="501,188,144,157" step="2"/><N who="3" m="14607" /><G72/><T87/><D33/><U1/><E71/><V43/><F43/><N who="3" m="23015" /><G86/><T114/><D40/><U91/><E69/><V13/><F13/><W8/><G79/><T6/><D42/><U113/><E113/><V124/><F124/><W67/><G67/><T55/><D55/><U50/><E54/><V102/><F102/><W0/><G0/><T89/><D6/><U100/><E100/><V32/><F32/><W7/><G7/><T56/><D114/><U2/><E91/><V120/><F120/><W84/><G84/><T131/><D117/><U57/><E1/><V64/><F64/><W14/><G14/><T128/><D118/><U123/><E2/><V112/><F112/><W62/><G62/><AGARI ba="0,1" hai="15,18,21,22,24,28,45,48,52,53,58,62,81,82" machi="62" ten="30,7700,0" yaku="1,1,7,1,8,1,54,1,53,0" doraHai="5" doraHaiUra="134" who="2" fromWho="3" sc="501,0,188,0,144,87,157,-77" /><INIT seed="4,0,0,4,5,76" ten="501,188,231,80" oya="0" hai0="109,81,36,110,116,53,75,30,73,123,45,15,44" hai1="114,10,1,52,20,67,80,107,112,133,103,38,46" hai2="97,122,89,82,104,111,57,34,102,11,59,106,95" hai3="40,65,43,0,27,115,86,78,90,117,126,70,31"/><T128/><D30/><U79/><E133/><V12/><F34/><W74/><G0/><T14/><D123/><U83/><E67/><V100/><F122/><W29/><G117/><T56/><D116/><U84/><E20/><V108/><F11/><W58/><G115/><N who="1" m="44074" /><E107/><V33/><F33/><W77/><G126/><T127/><D127/><U16/><E103/><V8/><F8/><W92/><G70/><T130/><D56/><U129/><E129/><N who="0" m="49769" /><D53/><U32/><E32/><V105/><F12/><N who="0" m="4650" /><D36/><U120/><E120/><V37/><F37/><W71/><G71/><T99/><D99/><U55/><E16/><V47/><F47/><N who="0" m="17994" /><D81/><N who="1" m="47167" /><E10/><V5/><F5/><W61/><G74/><AGARI ba="0,0" hai="73,74,75,109,110" m="17994,4650,49769" machi="74" ten="40,7700,0" yaku="28,2,19,1" doraHai="76" who="0" fromWho="3" sc="501,77,188,0,231,0,80,-77" /><INIT seed="4,1,0,0,2,4" ten="578,188,231,3" oya="0" hai0="104,106,22,31,72,57,19,40,134,18,78,63,112" hai1="49,13,9,12,20,97,98,133,16,92,84,111,110" hai2="102,56,126,69,38,120,105,3,23,53,50,28,95" hai3="81,118,100,85,58,132,29,115,68,39,116,86,7"/><T64/><D134/><U103/><E133/><V89/><F120/><W60/><G68/><T45/><D112/><U61/><E61/><V27/><F3/><W80/><G132/><T131/><D131/><U30/><E30/><V70/><F38/><W83/><G39/><T26/><D104/><U114/><E114/><V8/><F126/><W44/><G115/><T91/><D106/><U62/><E62/><V0/><F102/><W90/><G116/><T124/><D124/><U99/><E84/><V117/><F105/><W54/><G118/><T96/><D78/><U43/><E111/><V15/><F0/><W122/><G122/><T129/><D72/><U113/><E113/><V101/><F101/><W125/><G125/><T93/><D129/><U128/><E128/><V2/><F2/><W65/><G100/><T71/><D71/><U5/><E110/><V37/><F37/><AGARI ba="1,0" hai="18,19,22,26,31,37,40,45,57,63,64,91,93,96" machi="37" ten="30,1500,0" yaku="7,1" doraHai="4" who="0" fromWho="2" sc="578,18,188,0,231,-18,3,0" /><INIT seed="4,2,0,0,5,0" ten="596,188,213,3" oya="0" hai0="122,116,7,84,109,14,106,35,119,42,117,74,55" hai1="127,24,130,49,31,11,113,9,68,79,54,19,18" hai2="104,95,61,29,10,28,40,37,96,36,128,132,82" hai3="123,83,34,48,133,27,131,67,97,111,66,118,2"/><T102/><D74/><U1/><E68/><V103/><F128/><W89/><G131/><T93/><D42/><U63/><E130/><V87/><F132/><W47/><G133/><T53/><D122/><U25/><E127/><V65/><F10/><W98/><G123/><T38/><D38/><U85/><E63/><V46/><F37/><W125/><G125/><T69/><D69/><U72/><E72/><V100/><F100/><W73/><G118/><T43/><D43/><U81/><E113/><V112/><F112/><W90/><G2/><T92/><D35/><U41/><E41/><V114/><F114/><W3/><G3/><T75/><D75/><U70/><E70/><V33/><F33/><W45/><G111/><T71/><D71/><U17/><E1/><V108/><F108/><W51/><G73/><T120/><D120/><U91/><E79/><V13/><F13/><W80/><G34/><T76/><D109/><U56/><E31/><V16/><F16/><W15/><G15/><T62/><D106/><U126/><E126/><V20/><F20/><W107/><G107/><T105/><D105/><U135/><E135/><V58/><F104/><W121/><G121/><T57/><D55/><U60/><E60/><V134/><F134/><W101/><G101/><T23/><D102/><U6/><E6/><V22/><F22/><W32/><G32/><T64/><D64/><U86/><E86/><V124/><F124/><W129/><G129/><T12/><D12/><U52/><E54/><V44/><F44/><W26/><AGARI ba="2,0" hai="26,27,45,47,48,51,66,67,80,83,89,90,97,98" machi="26" ten="25,6400,0" yaku="0,1,22,2,8,1" doraHai="0" who="3" fromWho="3" sc="596,-34,188,-18,213,-18,3,70" /><INIT seed="5,0,0,1,1,13" ten="562,170,195,73" oya="1" hai0="122,25,128,126,46,127,7,130,77,73,4,62,32" hai1="9,80,12,5,11,29,38,69,120,3,119,101,56" hai2="41,114,37,45,42,91,102,55,93,115,131,60,116" hai3="118,23,59,22,39,65,90,34,129,51,57,121,110"/><U95/><E119/><V33/><F33/><W92/><G118/><T19/><D77/><U89/><E120/><V54/><F116/><W135/><G121/><T84/><D73/><U98/><E69/><V112/><F102/><W43/><G34/><T71/><D84/><U0/><E38/><V31/><F31/><W48/><G129/><T64/><D122/><U66/><E29/><V99/><F131/><N who="0" m="50218" /><D32/><U124/><E124/><V30/><F30/><W87/><G39/><T86/><D86/><U26/><E26/><V111/><F111/><W61/><G110/><T49/><D7/><U72/><E72/><V58/><F42/><W16/><G23/><N who="0" m="13567" /><D4/><U94/><E80/><V52/><AGARI ba="0,0" hai="37,41,45,52,54,55,58,60,91,93,99,112,114,115" machi="52" ten="40,8000,1" yaku="0,1,15,1,11,1,54,1" doraHai="13" who="2" fromWho="2" sc="562,-20,170,-40,195,80,73,-20" /><INIT seed="6,0,0,4,1,123" ten="542,130,275,53" oya="2" hai0="90,54,53,23,34,0,93,128,100,55,114,29,94" hai1="43,134,62,96,2,126,89,75,86,1,58,122,60" hai2="131,9,119,111,4,125,91,97,76,95,46,3,38" hai3="85,105,31,33,21,116,57,82,130,92,20,11,44"/><V5/><F119/><W73/><G105/><T67/><D34/><U121/><E75/><V70/><F70/><W107/><G107/><T99/><D0/><U49/><E134/><V16/><F125/><W71/><G116/><T52/><D128/><U18/><E126/><V108/><F131/><W66/><G71/><T68/><D114/><U115/><E115/><V39/><F5/><W117/><G117/><T7/><D68/><U14/><E96/><V88/><F76/><W26/><G130/><T106/><D106/><U118/><E118/><V15/><F46/><W98/><G73/><T48/><D67/><U69/><E69/><V129/><F129/><W28/><G11/><T30/><D23/><N who="3" m="8777" /><G33/><T22/><D22/><U133/><E133/><V61/><F61/><N who="3" m="38191" /><G44/><N who="0" m="27655" /><D7/><U101/><E101/><V109/><REACH who="2" step="1"/><F91/><REACH who="2" ten="542,130,265,53" step="2"/><N who="3" m="51639" /><G26/><T25/><D25/><U80/><E122/><V112/><F112/><W10/><G10/><AGARI ba="0,1" hai="3,4,9,10,15,16,38,39,88,95,97,108,109,111" machi="10" ten="40,18000,2" yaku="1,1,10,1,52,3,54,2,53,0" doraHai="123" doraHaiUra="104" who="2" fromWho="3" sc="542,0,130,0,265,190,53,-180" owari="542,64.0,130,-27.0,455,26.0,-127,-63.0" /></mjloggm>