<mjloggm ver="2.3"><GO type="41"/><UN n0="%E3%82%A4%E3%83%AC%E3%82%AE%E3%83%A5%E3%83%A9%E3%83%BC" n1="%6D%6F%6B%61%73%69%73%69" n2="%E3%81%A1%E3%82%87%E3%81%B3%E5%90%89" n3="%EF%BC%88%E2%89%A7%E2%96%BD%E2%89%A6%EF%BC%89" dan="15,14,14,15" rate="2024,1933,1932,2008" sx="M,M,M,M"/><TAIKYOKU oya="0"/><INIT seed="0,0,0,4,0,96" ten="250,250,250,250" oya="0" hai0="124,71,59,106,79,1,56,41,2,23,93,91,132" hai1="9,85,17,118,49,21,24,68,35,94,126,54,110" hai2="131,120,113,52,45,84,87,15,129,65,104,125,95" hai3="82,32,44,112,61,30,89,16,108,7,19,69,4"/><T47/><D71/><U26/><E118/><V107/><F113/><W12/><G112/><T58/><D106/><U72/><E72/><V78/><F120/><W67/><G108/><T31/><D79/><U37/><E37/><V103/><F65/><W28/><G44/><T83/><D83/><U13/><E68/><V133/><F125/><W130/><G130/><N who="2" m="49673" /><F133/><W70/><G69/><T50/><D132/><U25/><E110/><V76/><F15/><W90/><G32/><T98/><REACH who="0" step="1"/><D124/><REACH who="0" ten="240,250,250,250" step="2"/><U77/><E126/><V111/><F111/><W88/><G82/><T127/><D127/><U73/><E77/><N who="2" m="29803" /><F107/><W122/><G122/><T134/><D134/><U116/><E73/><V60/><F104/><W14/><G14/><T114/><D114/><U43/><E13/><V81/><F81/><W115/><G115/><T128/><D128/><U20/><E116/><V99/><F45/><W62/><G12/><T102/><D102/><U135/><E135/><V48/><F48/><W3/><G70/><T97/><D97/><U109/><E49/><V105/><F105/><W75/><G75/><T33/><D33/><U121/><E35/><V18/><F18/><W40/><G16/><T10/><D10/><U92/><E17/><V55/><F60/><W86/><G62/><T100/><D100/><U117/><E109/><V39/><F39/><W38/><G61/><T80/><D80/><U119/><E121/><V57/><F57/><W46/><G38/><T34/><D34/><U29/><E119/><V53/><AGARI ba="0,1" hai="52,53,55,84,87,95,99,103" m="29803,49673" machi="53" ten="40,5200,0" yaku="19,1,52,1,54,1" doraHai="96" who="2" fromWho="2" sc="240,-26,250,-13,250,62,250,-13" /><INIT seed="1,0,0,1,5,85" ten="214,237,312,237" oya="1" hai0="29,2,98,64,57,112,96,61,91,5,72,11,110" hai1="40,108,84,52,93,94,118,51,134,73,4,37,8" hai2="34,47,32,33,130,120,7,126,109,44,31,77,113" hai3="22,58,45,6,14,13,18,87,123,79,82,89,55"/><U135/><E73/><V70/><F120/><W99/><G123/><T88/><D112/><U102/><E118/><V54/><F113/><W21/><G45/><T10/><D72/><U83/><E40/><V20/><F70/><W25/><G6/><T26/><D110/><U92/><E37/><V48/><F109/><W23/><G23/><N who="0" m="15583" /><D2/><U24/><E24/><V100/><F77/><W117/><G117/><T16/><D5/><U132/><E102/><V65/><F7/><W111/><G111/><T0/><D0/><U128/><E128/><V131/><F126/><W19/><G99/><N who="0" m="37931" /><D11/><U114/><E114/><V15/><F65/><W81/><G25/><T107/><D107/><U71/><E71/><V97/><F47/><W46/><G46/><T90/><D10/><U104/><E104/><V116/><F116/><W95/><G79/><T53/><D16/><U74/><E74/><V67/><F15/><W39/><G39/><T28/><D28/><U80/><E84/><V42/><F131/><W35/><G35/><T17/><D17/><U129/><E129/><V56/><F130/><W3/><G3/><T68/><D68/><U86/><E86/><V38/><F34/><W119/><G119/><T30/><D30/><U105/><E105/><V127/><F127/><W59/><G59/><T106/><D106/><U43/><E43/><V41/><F41/><W121/><G121/><T49/><D64/><U122/><E122/><V125/><F125/><W9/><G9/><T12/><D12/><N who="1" m="5127" /><E108/><V50/><F38/><W62/><AGARI ba="0,0" hai="13,14,18,19,21,22,55,58,62,81,82,87,89,95" machi="62" ten="20,8000,1" yaku="0,1,7,1,9,1,8,1,52,1" doraHai="85" who="3" fromWho="3" sc="214,-20,237,-40,312,-20,237,80" /><INIT seed="2,0,0,4,0,74" ten="194,197,292,317" oya="2" hai0="23,82,124,34,3,109,120,80,28,121,105,13,87" hai1="97,81,0,78,98,76,71,55,46,134,119,132,135" hai2="44,123,99,118,101,45,60,53,11,116,112,103,104" hai3="83,115,33,30,126,75,51,61,47,64,52,7,48"/><V130/><F123/><W42/><G126/><T108/><D105/><U128/><E119/><V62/><F112/><W93/><G115/><T77/><D3/><U14/><E128/><V21/><F130/><W27/><G7/><T127/><D34/><U49/><E0/><V125/><F125/><N who="0" m="48202" /><D28/><U50/><E71/><V102/><F118/><W68/><G93/><T111/><D23/><U70/><E70/><V25/><F11/><W65/><G65/><T117/><D13/><U73/><E14/><V37/><F37/><W72/><REACH who="3" step="1"/><G83/><REACH who="3" ten="194,197,292,307" step="2"/><N who="0" m="47599" /><D117/><U96/><E50/><V8/><F116/><W24/><G24/><T69/><D69/><U41/><E41/><V43/><F43/><W39/><G39/><T91/><D82/><U56/><E46/><AGARI ba="0,1" hai="27,30,33,42,46,47,48,51,52,61,64,68,72,75" machi="46" ten="30,3900,0" yaku="1,1,7,1,54,1,53,0" doraHai="74" doraHaiUra="4" who="3" fromWho="1" sc="194,0,197,-39,292,0,307,49" /><INIT seed="3,0,0,5,4,44" ten="194,158,292,356" oya="3" hai0="43,106,84,68,37,99,118,78,130,135,87,29,6" hai1="18,20,112,0,8,85,97,42,75,79,74,76,67" hai2="23,33,26,49,129,9,25,113,81,52,128,107,59" hai3="22,57,95,31,53,125,133,73,14,40,116,122,108"/><W12/><G122/><T15/><D118/><U16/><E112/><V127/><F113/><W28/><G116/><T80/><D68/><U90/><E67/><V56/><F107/><W38/><G73/><T134/><D29/><U89/><E42/><V94/><F127/><W96/><G125/><T7/><D130/><N who="2" m="50282" /><F9/><W61/><G133/><N who="0" m="50699" /><D15/><U114/><E114/><V132/><F132/><W10/><G108/><T117/><D117/><U35/><E35/><V41/><F41/><W32/><G32/><T27/><D27/><U101/><E0/><V30/><F94/><W86/><G40/><T102/><D84/><U5/><E5/><V11/><F11/><W34/><G34/><T1/><D1/><U3/><E3/><V92/><F92/><W120/><G38/><T82/><D82/><U50/><E8/><V71/><F81/><W83/><G120/><T98/><D98/><U77/><E74/><V46/><F71/><W119/><G119/><T54/><D54/><U69/><E69/><V100/><F100/><N who="3" m="60447" /><G22/><T72/><D72/><U123/><E75/><V24/><F24/><W17/><G14/><T126/><D126/><U47/><E123/><V115/><F115/><W39/><G39/><T19/><D19/><AGARI ba="0,0" hai="19,23,25,26,30,33,46,49,52,56,59" m="50282" machi="19" ten="30,3900,0" yaku="19,1,52,1,54,1" doraHai="44" who="2" fromWho="0" sc="194,-39,158,0,292,39,356,0" /><INIT seed="4,0,0,2,0,37" ten="155,158,331,356" oya="0" hai0="120,52,123,130,51,78,28,0,92,110,61,117,33" hai1="102,118,68,18,13,44,105,90,91,25,126,26,93" hai2="83,27,57,103,31,53,34,73,129,98,64,5,74" hai3="60,124,49,11,65,94,79,122,104,116,69,95,45"/><T12/><D117/><U97/><E118/><V59/><F129/><W133/><G116/><T3/><D78/><U2/><E2/><V127/><F127/><W40/><G124/><T30/><D61/><U134/><E68/><V76/><F5/><W14/><G122/><T115/><D12/><U15/><E126/><V87/><F59/><W131/><G131/><T128/><D115/><U8/><E134/><V101/><F64/><W36/><G133/><T75/><D92/><U89/><E105/><V43/><F103/><W62/><G104/><T35/><D51/><U22/><REACH who="1" step="1"/><E44/><REACH who="1" ten="155,148,331,356" step="2"/><V47/><F47/><W121/><G45/><T113/><D113/><U19/><AGARI ba="0,1" hai="8,13,15,18,19,22,25,26,89,90,91,93,97,102" machi="19" ten="30,7900,0" yaku="1,1,2,1,0,1,8,1,53,0" doraHai="37" doraHaiUra="125" who="1" fromWho="1" sc="155,-39,148,89,331,-20,356,-20" /><INIT seed="5,0,0,3,4,61" ten="116,237,311,336" oya="1" hai0="9,57,62,17,55,79,94,73,63,28,6,33,71" hai1="92,25,44,97,112,128,36,99,66,82,59,78,48" hai2="119,89,125,130,3,53,22,116,124,113,13,60,91" hai3="56,1,0,69,5,133,51,117,34,72,114,88,111"/><U2/><E2/><V39/><F3/><W83/><G111/><T103/><D17/><U45/><E112/><V85/><F39/><W4/><G69/><T41/><D41/><U11/><E128/><V40/><F130/><W35/><G114/><T77/><D73/><U108/><E108/><V132/><F40/><W121/><G72/><T131/><D131/><U109/><E109/><V67/><F53/><W96/><G121/><T98/><D33/><U14/><E36/><V87/><F132/><W58/><G133/><T106/><D28/><U95/><E25/><V32/><F32/><W118/><G51/><T50/><D106/><U65/><E59/><V126/><F113/><W21/><G21/><T84/><D71/><U10/><E82/><N who="2" m="49335" /><F13/><W43/><G43/><T54/><D84/><U26/><E26/><V100/><F100/><W123/><G123/><T81/><D81/><U31/><E78/><V46/><F46/><W64/><G83/><T129/><D129/><U107/><E107/><V86/><F22/><W42/><G42/><T7/><D63/><U115/><E115/><V12/><F12/><W37/><G37/><T105/><D105/><U102/><E31/><V52/><F52/><W135/><G135/><T120/><D120/><U104/><E104/><V16/><F16/><W23/><G23/><T8/><D6/><N who="1" m="3415" /><E11/><N who="0" m="4169" /><D7/><U15/><E15/><V76/><F76/><W110/><G110/><T70/><D70/><U47/><E48/><V101/><F101/><AGARI ba="0,0" hai="44,45,47,65,66,92,95,97,99,101,102" m="3415" machi="101" ten="30,5800,0" yaku="8,1,52,2" doraHai="61" who="1" fromWho="2" sc="116,0,237,58,311,-58,336,0" /><INIT seed="5,1,0,5,1,49" ten="116,295,253,336" oya="1" hai0="48,67,27,61,43,109,42,111,106,44,98,104,7" hai1="133,28,16,114,113,112,62,129,51,134,123,74,30" hai2="73,105,83,33,65,89,102,29,66,78,71,47,22" hai3="1,11,15,13,88,75,82,99,121,131,84,40,58"/><U94/><E74/><V108/><F108/><W4/><G121/><T19/><D7/><U53/><E123/><V54/><F89/><W128/><G75/><T63/><D98/><U86/><E129/><N who="3" m="49738" /><G40/><T85/><D85/><U110/><E62/><V127/><F127/><W17/><G58/><T60/><D104/><U36/><E36/><V24/><F22/><N who="3" m="11567" /><G99/><T52/><D106/><U25/><E110/><N who="0" m="41993" /><D19/><U96/><E86/><V3/><F3/><AGARI ba="1,0" hai="1,3,4,11,15,82,84,88" m="11567,49738" machi="3" ten="30,2000,0" yaku="19,1,54,1" doraHai="49" who="3" fromWho="2" sc="116,0,295,0,253,-23,336,23" /><INIT seed="6,0,0,3,4,91" ten="116,295,230,359" oya="2" hai0="89,28,52,1,129,39,15,69,118,77,120,57,2" hai1="53,86,12,16,49,66,107,114,75,64,50,125,131" hai2="42,119,101,41,38,9,113,62,85,48,127,106,37" hai3="61,70,0,23,96,30,4,3,17,45,79,46,73"/><V21/><F119/><W74/><G30/><T88/><D120/><U126/><E75/><V29/><F113/><W65/><G96/><T109/><D69/><U105/><E114/><V90/><F127/><N who="1" m="48649" /><E86/><V124/><F124/><W128/><G128/><T133/><D109/><U122/><E131/><V72/><F72/><W76/><G74/><T10/><D39/><U112/><E112/><V25/><F38/><W94/><G94/><T51/><D129/><U111/><E111/><V18/><F37/><W68/><G68/><T110/><D110/><U11/><E122/><V7/><F18/><W100/><G100/><T121/><D121/><U31/><E31/><V59/><F48/><N who="1" m="18537" /><E53/><V44/><F44/><W56/><G73/><T36/><D36/><U32/><E32/><V60/><F101/><W103/><G103/><T40/><D118/><U78/><E78/><V26/><F26/><W19/><G79/><T97/><D133/><U115/><E115/><V81/><F106/><AGARI ba="0,0" hai="11,12,16,64,66,105,106,107" m="18537,48649" machi="106" ten="30,2000,0" yaku="18,1,54,1" doraHai="91" who="1" fromWho="2" sc="116,0,295,20,230,-20,359,0" /><INIT seed="7,0,0,3,2,100" ten="116,315,210,359" oya="3" hai0="81,90,114,101,73,5,18,117,99,62,49,89,37" hai1="113,71,132,118,48,54,68,1,30,134,34,116,104" hai2="66,110,123,131,38,26,129,120,39,23,12,0,84" hai3="35,28,53,125,111,69,133,19,20,61,52,82,33"/><W98/><G125/><T80/><D37/><U50/><E1/><V44/><F110/><W121/><G121/><N who="2" m="46665" /><F0/><W78/><G111/><T14/><D117/><N who="1" m="45163" /><E113/><V127/><F12/><W21/><G133/><N who="1" m="51306" /><E30/><V63/><F84/><N who="3" m="48215" /><G35/><T75/><D5/><U56/><E34/><V115/><F115/><W6/><G33/><T130/><D130/><N who="2" m="49674" /><F44/><W95/><G69/><N who="1" m="26698" /><E48/><V96/><F127/><W25/><G6/><T92/><D62/><U57/><E104/><V65/><F96/><W109/><G61/><T76/><D49/><U9/><E9/><V83/><F83/><N who="0" m="31818" /><D18/><U91/><E91/><N who="0" m="34825" /><D14/><U41/><E41/><V40/><F40/><W70/><G28/><T112/><D76/><U27/><E27/><V13/><F13/><W8/><G25/><T24/><D24/><U85/><E85/><V74/><F63/><W77/><G77/><T58/><D58/><AGARI ba="0,0" hai="50,54,56,57,58" m="26698,51306,45163" machi="58" ten="40,8000,1" yaku="12,1,20,1,34,2" doraHai="100" who="1" fromWho="0" sc="116,-80,315,80,210,0,359,0" owari="36,-46.0,395,49.0,210,-19.0,359,16.0" /></mjloggm>