<mjloggm ver="2.3"><GO type="41"/><UN n0="%54%61%42" n1="%EF%BC%88%E2%89%A7%E2%96%BD%E2%89%A6%EF%BC%89" n2="%E3%82%8A%E3%82%93%E3%81%AD%E3%81%8D%E3%82%85%E3%82%89%E3%81%A3%E3%81%95" n3="%E7%B4%85%E3%81%AE%E8%B5%A4%E3%83%89%E3%83%A9" dan="14,18,15,15" rate="1888,2139,1964,1989" sx="M,M,M,M"/><TAIKYOKU oya="0"/><INIT seed="0,0,0,4,4,108" ten="250,250,250,250" oya="0" hai0="22,114,54,101,78,59,76,110,51,42,39,38,48" hai1="126,122,68,3,74,132,47,107,115,91,104,2,67" hai2="79,85,96,16,82,69,64,58,49,24,75,94,35" hai3="33,28,111,120,77,57,128,12,50,125,56,119,14"/><T11/><D110/><U13/><E122/><V36/><F36/><W134/><G119/><T93/><D11/><U105/><E132/><V27/><F69/><W41/><G134/><T44/><D22/><U86/><E74/><V6/><F6/><W23/><G111/><T117/><D117/><U15/><E126/><V55/><F64/><W52/><G125/><T97/><REACH who="0" step="1"/><D114/><REACH who="0" ten="240,250,250,250" step="2"/><U19/><E2/><V100/><F35/><W92/><G23/><T30/><D30/><U130/><E3/><V135/><F135/><W102/><G33/><T99/><D99/><U113/><E115/><V29/><F29/><W20/><G20/><T73/><D73/><U124/><E113/><V21/><F75/><W116/><G28/><T37/><AGARI ba="0,1" hai="37,38,39,42,44,48,51,54,59,76,78,93,97,101" machi="37" ten="30,3000,0" yaku="1,1,0,1,53,0" doraHai="108" doraHaiUra="9" who="0" fromWho="0" sc="240,40,250,-10,250,-10,250,-10" /><INIT seed="0,1,0,2,2,93" ten="280,240,240,240" oya="0" hai0="59,54,47,55,25,68,76,92,62,37,77,110,17" hai1="112,89,107,42,79,127,4,21,7,96,117,41,15" hai2="29,113,43,64,118,34,124,74,109,83,84,91,129" hai3="128,11,123,22,126,78,111,52,131,66,120,119,1"/><T86/><D25/><U23/><E117/><V122/><F122/><W36/><G119/><T103/><D68/><U49/><E127/><V81/><F113/><W57/><G36/><T114/><D114/><U108/><E108/><V18/><F124/><W24/><G126/><T100/><D17/><N who="1" m="10431" /><E107/><V72/><F109/><W19/><G111/><T51/><D37/><U65/><E65/><V71/><F129/><N who="3" m="49739" /><G78/><N who="0" m="30315" /><D110/><U6/><E112/><V35/><F35/><W10/><G66/><T98/><D86/><U31/><E79/><V104/><F104/><W30/><G30/><T105/><D105/><U121/><E121/><N who="3" m="46666" /><G1/><T46/><D46/><U75/><E75/><V14/><F118/><W48/><AGARI ba="1,0" hai="10,11,19,22,24,48,52,57" m="46666,49739" machi="48" ten="30,4000,0" yaku="19,1,13,1,54,1" doraHai="93" who="3" fromWho="3" sc="280,-21,240,-11,240,-11,240,43" /><INIT seed="1,0,0,5,4,42" ten="259,229,229,283" oya="1" hai0="123,74,116,1,62,81,35,90,75,57,4,69,53" hai1="45,106,70,16,122,34,41,76,23,65,107,5,19" hai2="84,88,134,2,54,46,85,110,128,3,72,80,83" hai3="102,92,82,55,63,132,120,121,38,11,44,28,13"/><U111/><E122/><V77/><F110/><W66/><G132/><T112/><D116/><U29/><E34/><V109/><F109/><W101/><G28/><T124/><D112/><U68/><E111/><V105/><F134/><W99/><G82/><T31/><D124/><U103/><E5/><V79/><F105/><W12/><G102/><T48/><D31/><U114/><E114/><V113/><F113/><W100/><G100/><T104/><D104/><U43/><E76/><V32/><F32/><W0/><G0/><T22/><D22/><U73/><E73/><V51/><REACH who="2" step="1"/><F128/><REACH who="2" ten="259,229,219,283" step="2"/><W14/><G121/><T18/><D35/><U37/><E107/><V59/><F59/><W56/><G120/><T39/><D57/><U21/><E106/><V20/><F20/><W133/><G133/><T91/><D123/><U118/><E23/><V17/><F17/><W119/><G119/><T93/><D18/><U64/><E21/><V115/><F115/><W67/><G11/><T26/><D69/><U125/><E118/><V15/><F15/><W95/><G12/><T131/><D131/><U9/><E9/><V40/><F40/><N who="3" m="22551" /><G13/><T127/><D1/><U94/><E19/><V89/><F89/><W47/><G14/><T61/><D91/><U108/><E16/><V60/><F60/><W129/><G129/><T33/><D61/><U49/><E70/><V97/><F97/><W25/><G99/><T71/><D62/><U30/><E68/><V135/><F135/><W7/><G63/><T6/><D90/><U36/><E108/><V8/><F8/><W52/><G56/><RYUUKYOKU ba="0,1" sc="259,-10,229,-10,219,30,283,-10" hai2="2,3,46,51,54,72,77,79,80,83,84,85,88" /><INIT seed="2,1,1,2,1,59" ten="249,219,249,273" oya="2" hai0="56,24,84,70,92,50,15,75,134,122,79,20,35" hai1="58,112,65,106,80,2,97,135,64,63,30,51,126" hai2="99,89,86,33,128,108,26,18,55,104,131,132,82" hai3="127,39,107,102,13,6,46,17,1,130,78,118,8"/><V10/><F132/><W85/><G118/><T22/><D122/><U125/><E2/><V98/><F108/><W66/><G130/><N who="2" m="49705" /><F104/><W49/><G127/><N who="1" m="48650" /><E112/><V14/><F55/><W42/><G102/><T60/><D75/><U36/><E36/><V67/><F67/><W29/><G107/><T16/><D134/><U0/><E0/><V25/><F25/><W3/><G29/><AGARI ba="1,1" hai="10,14,18,26,29,33,82,86,89,98,99" m="49705" machi="29" ten="30,1500,0" yaku="19,1" doraHai="59" who="2" fromWho="3" sc="249,0,219,0,249,28,273,-18" /><INIT seed="2,2,0,5,3,113" ten="249,219,277,255" oya="2" hai0="89,9,82,125,70,67,27,94,12,96,68,92,15" hai1="16,54,107,120,123,124,104,3,2,115,106,131,133" hai2="109,7,90,18,88,87,60,75,91,40,10,110,132" hai3="76,14,59,111,93,126,122,69,49,85,108,11,43"/><V65/><F75/><W64/><G122/><N who="1" m="46634" /><E115/><V46/><F132/><W117/><G126/><T36/><D125/><U47/><E124/><V30/><F18/><W50/><G69/><T62/><D36/><U23/><E133/><V53/><F53/><W72/><G72/><T38/><D38/><U100/><E100/><V45/><F30/><W83/><G93/><T121/><D121/><U24/><E131/><V41/><F87/><W98/><G98/><T71/><D27/><U22/><E22/><V129/><F129/><W73/><G73/><T127/><D127/><U17/><E17/><V55/><F55/><W74/><G74/><T86/><D82/><U1/><E54/><V114/><F114/><W52/><G64/><T39/><D39/><U34/><E47/><N who="2" m="17931" /><F10/><W21/><G43/><T66/><D66/><U105/><N who="1" m="27136" /><DORA hai="19" /><U80/><E80/><V5/><F41/><W97/><G83/><T31/><D31/><N who="1" m="19815" /><E1/><V103/><F40/><W102/><G52/><T130/><D130/><U61/><E61/><V44/><F44/><W28/><G49/><T0/><D0/><U32/><E32/><V33/><F33/><W25/><G50/><T95/><D9/><U35/><E35/><V58/><F103/><W112/><G102/><T8/><D8/><U135/><E135/><V99/><F99/><W116/><G11/><T13/><REACH who="0" step="1"/><D95/><REACH who="0" ten="239,219,277,255" step="2"/><U20/><E20/><V37/><F37/><W81/><G21/><T29/><D29/><U79/><E2/><V134/><F134/><W26/><G28/><T119/><D119/><U57/><E3/><V4/><AGARI ba="2,1" hai="4,5,7,58,60,65,88,90,91,109,110" m="17931" machi="4" ten="40,3900,0" yaku="5,1,54,1" doraHai="113,19" who="2" fromWho="2" sc="239,-15,219,-15,277,55,255,-15" /><INIT seed="2,3,0,2,4,121" ten="224,204,332,240" oya="2" hai0="17,99,83,16,75,122,133,24,14,29,82,7,1" hai1="63,37,62,48,103,15,130,70,32,53,11,54,23" hai2="19,119,86,113,38,112,10,78,45,3,115,87,102" hai3="65,58,100,5,43,95,40,22,47,91,61,2,77"/><V49/><F38/><W36/><G100/><T6/><D122/><U25/><E32/><V31/><F31/><W30/><G77/><T110/><D133/><U59/><E37/><V44/><F119/><W41/><G5/><T127/><D127/><U125/><E125/><V50/><F102/><W21/><G2/><T81/><D75/><U128/><E103/><V90/><F78/><W46/><G30/><T114/><D114/><U116/><E116/><V57/><F57/><W73/><G73/><T93/><D1/><U80/><E80/><V42/><F90/><W89/><G89/><T4/><D14/><U52/><E70/><V27/><F27/><W35/><G35/><T124/><D124/><U56/><E23/><N who="3" m="8714" /><G36/><T67/><D24/><U96/><E96/><AGARI ba="3,0" hai="40,41,43,46,47,58,61,65,91,95,96" m="8714" machi="96" ten="30,1000,0" yaku="8,1" doraHai="121" who="3" fromWho="1" sc="224,0,204,-19,332,0,240,19" /><INIT seed="3,0,0,2,3,113" ten="224,185,332,259" oya="3" hai0="14,66,132,8,78,115,133,75,89,87,116,42,70" hai1="108,125,134,54,83,103,48,69,60,68,93,120,35" hai2="80,16,81,85,109,59,76,91,52,34,24,84,94" hai3="17,88,31,45,96,37,64,122,19,0,2,43,18"/><W41/><G122/><T20/><D115/><U4/><E120/><V72/><F109/><W33/><G64/><T39/><D75/><U61/><E35/><V9/><F34/><W119/><G119/><T15/><D78/><U121/><E121/><V36/><F36/><W90/><G43/><T25/><D116/><U77/><E108/><V117/><F117/><W95/><REACH who="3" step="1"/><G90/><REACH who="3" ten="224,185,332,249" step="2"/><T10/><D66/><U29/><E69/><V5/><F5/><W50/><G50/><T57/><D70/><U56/><E68/><V130/><F91/><W47/><G47/><T49/><D49/><U86/><E48/><V27/><F81/><W131/><G131/><T12/><D42/><U100/><E83/><V6/><F80/><W22/><G22/><T53/><D39/><U74/><E54/><V127/><F6/><W123/><G123/><T30/><D132/><U1/><E4/><V98/><F52/><W3/><G3/><T82/><D133/><U71/><E1/><V124/><F130/><W110/><G110/><T26/><D20/><U126/><E134/><V67/><F67/><W7/><G7/><T65/><D89/><U51/><E71/><V101/><F9/><W107/><G107/><T38/><D8/><U73/><E61/><V28/><F76/><W63/><G63/><T21/><D10/><U23/><E60/><V135/><F135/><W46/><G46/><T11/><D11/><U44/><E51/><V112/><F112/><W58/><G58/><T13/><D38/><U97/><E56/><V128/><F59/><W104/><G104/><T118/><D57/><RYUUKYOKU ba="0,1" sc="224,-10,185,-10,332,-10,249,30" hai3="0,2,17,18,19,31,33,37,41,45,88,95,96" /><INIT seed="3,1,1,4,3,85" ten="214,175,322,279" oya="3" hai0="69,78,120,42,18,118,1,26,31,36,74,41,8" hai1="79,11,86,7,88,116,23,117,113,2,111,44,57" hai2="124,33,32,127,50,102,15,89,27,40,38,121,76" hai3="46,99,129,92,25,20,115,93,65,34,75,45,91"/><W37/><G115/><T0/><D118/><N who="1" m="45675" /><E113/><V119/><F119/><W56/><BYE who="2" /><G34/><T5/><D120/><U101/><E111/><V61/><F61/><N who="3" m="38055" /><G75/><T100/><D69/><UN n2="%E3%82%8A%E3%82%93%E3%81%AD%E3%81%8D%E3%82%85%E3%82%89%E3%81%A3%E3%81%95" /><U73/><E101/><V49/><F121/><W55/><G37/><T106/><D0/><U9/><E44/><V96/><F76/><W103/><G55/><T3/><D3/><U90/><E9/><V28/><F33/><W71/><G71/><T19/><D106/><U123/><E123/><V68/><F68/><W21/><G129/><T104/><D104/><U131/><E131/><V108/><F108/><W70/><G70/><T39/><D100/><U64/><E23/><N who="3" m="8778" /><G25/><T87/><D26/><U130/><E73/><V83/><F15/><W80/><G80/><T67/><D31/><U24/><E24/><V81/><F81/><W107/><G107/><T17/><D67/><U35/><E35/><V97/><F38/><W110/><G110/><T112/><D112/><U54/><E64/><V63/><F127/><W59/><G59/><T128/><D128/><U132/><E130/><V95/><F124/><W14/><G14/><T62/><D36/><U94/><E94/><V125/><F125/><W72/><G72/><T29/><D39/><U52/><E54/><V126/><F126/><W133/><G133/><T134/><D134/><U4/><E132/><V22/><F32/><W135/><G135/><T30/><D74/><U6/><E52/><V84/><F27/><W98/><AGARI ba="1,1" hai="45,46,91,92,93,98,99,103" m="8778,38055" machi="98" ten="30,3000,0" yaku="8,1,52,1" doraHai="85" who="3" fromWho="3" sc="214,-11,175,-11,322,-11,279,43" /><INIT seed="3,2,0,4,0,66" ten="203,164,311,322" oya="3" hai0="4,114,79,93,72,98,94,78,64,123,55,21,92" hai1="127,46,1,39,85,90,80,108,120,81,26,63,22" hai2="117,103,56,47,7,59,76,102,13,57,118,0,19" hai3="119,61,9,43,48,11,62,12,16,50,33,115,45"/><W74/><G115/><T99/><D123/><U109/><E120/><V71/><F0/><W104/><G33/><T75/><D114/><U89/><E127/><V67/><F7/><W60/><G104/><T124/><D124/><U53/><E1/><V111/><F111/><N who="1" m="42569" /><E63/><V88/><F47/><N who="3" m="25727" /><G74/><N who="0" m="28203" /><D64/><U40/><E53/><V97/><F76/><N who="0" m="29226" /><D55/><U96/><E96/><N who="0" m="36905" /><D4/><U58/><E58/><V129/><F57/><W27/><G27/><T101/><D21/><U41/><E41/><V44/><F56/><W100/><G11/><T23/><D23/><U30/><E89/><V105/><F59/><W132/><G45/><T91/><D101/><U25/><E25/><V116/><F44/><W8/><G100/><T133/><D133/><U14/><E14/><V29/><F102/><W70/><G132/><T95/><D95/><AGARI ba="2,0" hai="22,26,30,39,40,46,80,81,85,90,95" m="42569" machi="95" ten="30,1000,0" yaku="14,1" doraHai="66" who="1" fromWho="0" sc="203,-16,164,16,311,0,322,0" /><INIT seed="4,0,0,3,1,124" ten="187,180,311,322" oya="0" hai0="82,1,38,6,37,94,34,91,134,93,127,80,47" hai1="89,96,18,29,23,24,31,102,121,9,110,113,72" hai2="12,7,86,39,74,67,135,32,56,61,19,30,76" hai3="21,64,63,22,59,73,77,115,69,66,95,60,104"/><T43/><D127/><U98/><E110/><V130/><F74/><W126/><G104/><T42/><D34/><U116/><E121/><V27/><F39/><W4/><G126/><T65/><D134/><U83/><E116/><V28/><F28/><W13/><G115/><T128/><D128/><U49/><E113/><V10/><F135/><W133/><G133/><T51/><D65/><U2/><E2/><V117/><F117/><W122/><G122/><T40/><D1/><U99/><E102/><V8/><F130/><W14/><G95/><T87/><D6/><U3/><E3/><V92/><F92/><W78/><G4/><T54/><REACH who="0" step="1"/><D93/><REACH who="0" ten="177,180,311,322" step="2"/><U75/><E99/><V35/><F7/><W105/><G105/><T125/><D125/><U129/><E98/><V90/><F32/><W119/><G119/><T120/><D120/><U33/><E96/><V85/><F35/><W16/><G69/><T114/><D114/><U100/><E129/><V45/><F67/><W46/><G64/><T111/><D111/><U0/><E0/><V57/><F30/><W20/><G66/><T17/><D17/><U53/><E31/><V84/><F19/><W101/><G16/><T131/><D131/><U44/><E33/><V97/><F97/><W55/><G20/><T68/><D68/><U41/><E100/><V103/><F103/><W5/><G21/><T52/><D52/><U118/><E118/><V81/><F10/><W58/><G22/><T36/><AGARI ba="0,1" hai="36,37,38,40,42,43,47,51,54,80,82,87,91,94" machi="36" ten="40,3900,0" yaku="1,1,0,1,53,0" doraHai="124" doraHaiUra="107" who="0" fromWho="0" sc="177,49,180,-13,311,-13,322,-13" /><INIT seed="4,1,0,3,0,85" ten="226,167,298,309" oya="0" hai0="78,49,5,3,74,119,30,88,33,77,23,122,112" hai1="2,80,132,21,29,118,53,133,45,67,91,86,71" hai2="14,114,8,117,12,76,15,25,38,48,20,95,40" hai3="42,99,68,116,6,124,31,47,37,121,130,0,75"/><T50/><D119/><U120/><E2/><V98/><F38/><W94/><G116/><T22/><D122/><U46/><E118/><V4/><F114/><W105/><G68/><T54/><D33/><U134/><E120/><V89/><F117/><W13/><G121/><T107/><D107/><U83/><E83/><V131/><F76/><W82/><G105/><T32/><D32/><U115/><E115/><V123/><F123/><W17/><G31/><T27/><D3/><U59/><E67/><V73/><F73/><W100/><G130/><T63/><D5/><U11/><E71/><V9/><F9/><N who="3" m="2247" /><G13/><T16/><D112/><U44/><E11/><V102/><F131/><W72/><G72/><T96/><D63/><U79/><E79/><N who="0" m="30217" /><D74/><U70/><E70/><V57/><F102/><W52/><G100/><T81/><D54/><U58/><REACH who="1" step="1"/><E53/><REACH who="1" ten="226,157,298,309" step="2"/><N who="2" m="31911" /><F40/><W26/><G52/><T19/><D81/><U101/><E101/><V129/><F129/><W65/><G82/><T126/><D126/><U90/><E90/><V64/><F64/><W109/><G65/><T103/><D103/><U28/><E28/><AGARI ba="1,1" hai="4,8,12,14,15,20,25,28,89,95,98" m="31911" machi="28" ten="30,2000,0" yaku="8,1,52,1" doraHai="85" who="2" fromWho="1" sc="226,0,157,-23,298,33,309,0" /><INIT seed="5,0,0,5,1,124" ten="226,134,331,309" oya="1" hai0="8,101,94,89,37,26,74,61,119,72,15,9,123" hai1="1,116,90,106,59,45,64,28,41,0,60,36,31" hai2="21,91,32,43,16,73,14,63,129,102,135,76,2" hai3="108,29,52,122,44,120,109,92,112,79,95,99,5"/><U27/><E116/><V46/><F32/><W117/><G29/><T7/><D119/><U10/><E106/><V126/><F2/><W78/><G117/><T65/><D37/><U48/><E10/><V132/><F126/><W11/><G112/><T93/><D123/><U110/><E110/><V20/><F102/><W115/><G115/><T62/><D26/><U58/><E90/><V134/><F63/><W17/><G17/><T13/><D101/><U84/><E84/><V57/><F57/><W24/><G24/><T49/><D49/><U130/><E130/><V127/><F127/><W97/><G11/><T114/><D114/><U75/><E75/><V50/><F91/><W111/><G5/><T19/><D93/><N who="3" m="35913" /><G52/><T4/><D4/><U80/><E80/><N who="2" m="45071" /><F20/><W121/><G44/><T23/><D23/><U47/><E58/><V69/><F69/><W38/><G38/><T105/><D105/><U42/><REACH who="1" step="1"/><E31/><REACH who="1" ten="226,124,331,309" step="2"/><V86/><F86/><W30/><G30/><T82/><D72/><U51/><E51/><V128/><AGARI ba="0,1" hai="14,16,21,43,46,50,128,129,132,134,135" m="45071" machi="128" ten="40,8000,1" yaku="20,1,52,2,54,1" doraHai="124" who="2" fromWho="2" sc="226,-20,124,-40,331,90,309,-20" /><INIT seed="6,0,0,2,3,113" ten="206,84,421,289" oya="2" hai0="114,95,46,121,103,84,4,63,20,56,16,105,21" hai1="74,39,24,100,41,27,111,9,130,126,48,30,55" hai2="2,102,19,28,83,128,89,53,52,88,36,65,1" hai3="78,81,17,44,26,14,70,31,54,119,75,8,125"/><V129/><F36/><W93/><G70/><T127/><D121/><U3/><E111/><V40/><F40/><W10/><G125/><T124/><D114/><U43/><E126/><N who="0" m="48169" /><D105/><U120/><E120/><V50/><F28/><W33/><G10/><T7/><D46/><U112/><E112/><V47/><F102/><W72/><G93/><T106/><D106/><U122/><E122/><V71/><F53/><W79/><G44/><T118/><D118/><U134/><E130/><N who="2" m="50283" /><F19/><W51/><G54/><N who="0" m="34199" /><D20/><U90/><E134/><V6/><F83/><W0/><G0/><N who="2" m="105" /><F6/><W18/><G51/><T38/><D38/><U87/><E39/><V67/><F67/><W108/><G108/><T91/><D103/><U57/><E100/><V29/><F29/><W123/><G123/><T69/><D69/><U80/><E74/><V131/><F131/><W86/><G75/><T98/><D98/><U73/><E73/><V77/><F77/><W59/><G72/><T107/><D107/><U66/><E66/><V117/><F117/><W132/><G119/><T110/><D110/><U94/><E80/><V12/><F71/><W34/><G81/><T22/><D22/><U92/><E92/><V42/><F42/><N who="1" m="15881" /><E30/><V25/><F65/><W62/><G31/><T96/><D96/><U68/><E68/><V97/><F97/><W11/><G78/><T99/><D99/><U60/><E60/><V23/><F89/><W37/><G62/><T15/><AGARI ba="0,0" hai="4,7,15,16,21,84,91,95" m="34199,48169" machi="15" ten="30,2000,0" yaku="18,1,54,1" doraHai="113" who="0" fromWho="0" sc="206,20,84,-5,421,-10,289,-5" /><INIT seed="7,0,0,2,0,101" ten="226,79,411,284" oya="3" hai0="61,30,56,99,105,74,90,35,78,73,72,126,133" hai1="24,20,80,97,79,44,114,108,11,122,33,27,31" hai2="130,135,69,116,34,129,57,12,62,110,67,94,82" hai3="66,42,132,85,96,92,60,28,15,41,117,37,125"/><W84/><G117/><T26/><D126/><U106/><E114/><V134/><F34/><W18/><G125/><T76/><D133/><N who="2" m="50698" /><F116/><W14/><G28/><T89/><D89/><U7/><E122/><V59/><F110/><W6/><G6/><T8/><D8/><U86/><E108/><V119/><F119/><W95/><G132/><T1/><D1/><U98/><E33/><V83/><F94/><W40/><G37/><T16/><D16/><U77/><E27/><V121/><F12/><W9/><G15/><T53/><REACH who="0" step="1"/><D90/><REACH who="0" ten="216,79,411,284" step="2"/><U88/><E44/><V58/><F121/><W93/><REACH who="3" step="1"/><G96/><REACH who="3" ten="216,79,411,274" step="2"/><T124/><D124/><U39/><E39/><V25/><F25/><W47/><G47/><T52/><D52/><U36/><E36/><V5/><F5/><W4/><G4/><T43/><D43/><U21/><E21/><V115/><F115/><W0/><G0/><T127/><D127/><U22/><E22/><V17/><F17/><W111/><G111/><T103/><AGARI ba="0,2" hai="26,30,35,53,56,61,72,73,74,76,78,99,103,105" machi="103" ten="40,8000,1" yaku="1,1,0,1,52,1,53,1" doraHai="101" doraHaiUra="51" who="0" fromWho="0" sc="216,100,79,-20,411,-20,274,-40" owari="316,12.0,59,-44.0,391,49.0,234,-17.0" /></mjloggm>