<mjloggm ver="2.3"><GO type="97"/><UN n0="%31%67" n1="%E3%82%AA%E3%83%AA%E3%82%A8%E3%83%B3%E3%83%88%47%4D%54" n2="%EF%BC%88%E2%89%A7%E2%96%BD%E2%89%A6%EF%BC%89" n3="%E3%83%95%E3%82%A7%E3%83%AB%E3%83%8A%E3%83%B3%E3%83%89" dan="13,14,15,14" rate="1810,1905,2001,1939" sx="M,M,M,M"/><TAIKYOKU oya="0"/><INIT seed="0,0,0,5,3,38" ten="250,250,250,250" oya="0" hai0="1,91,78,53,23,116,95,43,126,97,115,124,96" hai1="55,40,87,93,125,22,46,101,117,2,111,27,62" hai2="12,42,5,89,57,70,29,15,75,4,130,112,11" hai3="114,7,41,58,54,109,98,85,90,61,127,100,110"/><T72/><D115/><U59/><E117/><V47/><F75/><W32/><G114/><T121/><D116/><U0/><E111/><N who="3" m="42506" /><G32/><T103/><D1/><U113/><E125/><V49/><F70/><W123/><G127/><N who="0" m="48683" /><D121/><U66/><E66/><V76/><F112/><W135/><G123/><T60/><D23/><U92/><E92/><V19/><F130/><W30/><G135/><T104/><D78/><U18/><E113/><V82/><F29/><W26/><G7/><T102/><D72/><U20/><E22/><V36/><F89/><W31/><G26/><T39/><D103/><U67/><E67/><V69/><F69/><W131/><G131/><T14/><D14/><U65/><E65/><V132/><F132/><W79/><G79/><T88/><D104/><U64/><E64/><V9/><F57/><W16/><G41/><T24/><D24/><U50/><REACH who="1" step="1"/><E101/><REACH who="1" ten="250,240,250,250" step="2"/><V33/><F33/><W17/><G100/><T68/><D102/><U80/><E80/><V13/><F82/><N who="3" m="49463" /><G98/><T48/><D97/><U25/><E25/><V120/><F120/><W10/><G10/><T56/><D96/><U74/><E74/><V35/><F11/><W86/><G86/><T108/><D108/><U8/><E8/><V77/><F35/><W133/><G133/><T134/><D134/><U106/><E106/><V51/><F4/><W6/><G6/><T119/><D119/><U45/><E45/><V63/><F5/><W73/><G73/><T71/><D68/><U128/><E128/><V52/><F9/><W129/><G129/><T94/><D71/><U84/><E84/><RYUUKYOKU ba="0,1" sc="250,-15,240,15,250,-15,250,15" hai1="0,2,18,20,27,40,46,50,55,59,62,87,93" hai3="16,17,30,31,54,58,61" /><INIT seed="1,1,1,1,0,108" ten="235,255,235,265" oya="1" hai0="26,51,75,127,74,82,25,28,2,18,100,119,106" hai1="11,49,76,101,13,66,125,114,111,4,115,3,118" hai2="131,54,68,43,15,59,65,53,23,46,99,86,64" hai3="56,122,89,1,35,95,8,33,110,5,41,63,98"/><U31/><E118/><V105/><F131/><W90/><G122/><T60/><D119/><U112/><E76/><V21/><F105/><W50/><G110/><T113/><D2/><U121/><E111/><V30/><F68/><W22/><G90/><T126/><D113/><U81/><E81/><V58/><F99/><W71/><G71/><T52/><D60/><U130/><E121/><V37/><F86/><W134/><G134/><T47/><D18/><U40/><E130/><V70/><F70/><W83/><G83/><T48/><D48/><U97/><E125/><N who="0" m="47625" /><D82/><U96/><E31/><V69/><F69/><W79/><G79/><T73/><D28/><U92/><E66/><V78/><F78/><W123/><G123/><T45/><D47/><U135/><E135/><V19/><F58/><W77/><G77/><T88/><D88/><BYE who="0" /><U24/><E24/><V42/><F42/><W109/><G22/><T16/><D16/><U85/><E85/><V72/><F72/><W38/><G38/><T93/><D93/><U34/><E34/><V12/><F54/><W133/><G133/><T117/><D117/><U10/><E40/><V7/><F30/><UN n0="%31%67" /><W44/><REACH who="3" step="1"/><G109/><REACH who="3" ten="235,255,235,255" step="2"/><T94/><D73/><U17/><REACH who="1" step="1"/><E96/><REACH who="1" ten="235,245,235,255" step="2"/><V87/><F87/><W27/><G27/><T36/><D25/><U32/><E32/><V124/><F124/><W84/><G84/><T0/><D26/><U103/><E103/><V104/><F43/><W128/><G128/><T29/><D100/><U129/><E129/><V132/><F132/><W61/><G61/><T20/><D74/><U6/><E6/><RYUUKYOKU ba="1,3" sc="235,-15,245,15,235,-15,255,15" hai1="3,4,10,11,13,17,49,92,97,101,112,114,115" hai3="1,5,8,33,35,41,44,50,56,63,89,95,98" /><INIT seed="1,2,3,1,3,15" ten="220,260,220,270" oya="1" hai0="17,47,7,44,8,31,79,118,11,71,55,48,65" hai1="103,105,49,35,59,112,81,25,53,92,0,58,122" hai2="113,4,131,54,75,127,23,95,3,27,56,99,2" hai3="13,26,22,16,1,110,68,66,134,86,116,85,21"/><U32/><E122/><V45/><F75/><W24/><G1/><T96/><D118/><U125/><E112/><V70/><F70/><W104/><G116/><T89/><D31/><U50/><E0/><V83/><F113/><W108/><G104/><T69/><D79/><U29/><E105/><V77/><F127/><W132/><G68/><T57/><D65/><U107/><E107/><V60/><F131/><W101/><G66/><T14/><D69/><U28/><E125/><V63/><F63/><W106/><G106/><T117/><D71/><U109/><E109/><N who="3" m="42090" /><G101/><T64/><D64/><U126/><E126/><V42/><F4/><W98/><G98/><T80/><D117/><U40/><E103/><V39/><F83/><W78/><G13/><N who="0" m="5279" /><D96/><U119/><E81/><V74/><F77/><W88/><G78/><T34/><D34/><U33/><E119/><V30/><REACH who="2" step="1"/><F74/><REACH who="2" ten="220,260,210,270" step="2"/><W82/><G86/><AGARI ba="2,4" hai="11,14,17,44,47,48,55,57,80,86,89" m="5279" machi="86" ten="30,2000,0" yaku="8,1,52,1" doraHai="15" who="0" fromWho="3" sc="220,66,260,0,210,0,270,-26" /><INIT seed="2,0,0,3,0,52" ten="286,260,210,244" oya="2" hai0="131,57,46,45,31,22,16,43,50,14,81,23,26" hai1="121,122,124,103,94,28,96,119,0,55,73,101,70" hai2="106,64,112,91,37,51,3,4,2,130,127,100,90" hai3="102,125,6,86,20,53,104,114,126,135,117,123,67"/><V66/><F37/><W10/><G117/><T33/><D131/><U61/><E119/><V76/><F112/><W17/><G123/><N who="1" m="47114" /><E73/><V36/><F36/><W24/><G114/><T41/><D81/><U99/><E124/><N who="3" m="47722" /><G135/><T105/><D105/><N who="1" m="63655" /><E28/><V87/><F127/><W59/><G67/><T65/><D33/><U60/><E0/><V63/><F130/><W56/><G53/><N who="0" m="31927" /><D65/><U132/><E132/><V108/><F66/><W32/><G32/><T12/><D12/><U13/><E13/><V133/><F64/><W92/><G104/><T83/><D83/><U93/><E70/><V69/><F69/><W111/><G111/><T98/><D98/><U39/><E39/><V49/><F108/><W38/><G38/><T25/><D25/><U95/><E61/><V11/><F63/><W44/><G44/><AGARI ba="0,0" hai="14,16,22,23,26,31,41,43,44,45,46" m="31927" machi="44" ten="30,3900,0" yaku="8,1,52,1,54,1" doraHai="52" who="0" fromWho="3" sc="286,39,260,0,210,0,244,-39" /><INIT seed="3,0,0,2,5,96" ten="325,260,210,205" oya="3" hai0="90,79,125,84,108,133,110,64,54,105,48,73,92" hai1="135,87,106,21,112,9,119,115,91,32,0,88,47" hai2="45,40,23,25,103,61,95,24,3,77,34,74,86" hai3="29,83,46,104,127,66,13,113,6,111,122,44,134"/><W4/><G113/><T57/><D105/><U63/><E32/><V10/><F34/><W20/><G122/><T58/><D125/><U35/><E35/><V82/><F61/><W89/><G127/><T62/><D133/><U5/><E135/><V36/><F23/><W50/><G134/><T67/><D79/><U17/><E119/><V60/><F60/><W123/><G123/><T12/><D12/><U130/><E130/><V131/><F131/><W1/><G1/><T72/><D64/><U39/><E39/><V22/><F22/><W75/><G66/><T41/><D41/><U55/><E106/><V71/><F71/><W114/><G114/><T53/><D53/><U102/><E102/><V19/><F19/><W98/><G46/><T118/><D118/><U124/><E124/><V51/><F51/><W15/><G111/><AGARI ba="0,0" hai="48,54,57,58,62,67,72,73,84,90,92,108,110,111" machi="111" ten="40,1300,0" yaku="14,1" doraHai="96" who="0" fromWho="3" sc="325,13,260,0,210,0,205,-13" owari="338,44.0,260,6.0,210,-19.0,192,-31.0" /></mjloggm>