<mjloggm ver="2.3"><GO type="41"/><UN n0="%E4%B8%B8%E5%8A%A9" n1="%EF%BD%93%EF%BD%8B%EF%BD%8D%EF%BD%94" n2="%66%69%73%6D%79" n3="%E3%82%A6%E3%83%AB%E3%83%88%E3%83%A9%E7%AB%8B%E7%9B%B4" dan="13,13,15,15" rate="2014,1900,1964,1964" sx="M,M,F,M"/><TAIKYOKU oya="0"/><INIT seed="0,0,0,5,5,92" ten="250,250,250,250" oya="0" hai0="73,103,48,72,113,131,61,129,2,22,59,17,116" hai1="96,0,36,94,101,60,68,97,111,78,74,66,43" hai2="42,6,63,50,41,32,134,46,98,91,18,31,8" hai3="70,16,64,38,69,120,29,127,35,45,117,77,83"/><T53/><D116/><U88/><E0/><V122/><F122/><W20/><G120/><T99/><D113/><U65/><E111/><V93/><F134/><W80/><G117/><T23/><D2/><U27/><E74/><V7/><F32/><W124/><G29/><T56/><D129/><U109/><E109/><V86/><F31/><W10/><G35/><T47/><D131/><U12/><E78/><V121/><F121/><W112/><G10/><T108/><D108/><U34/><E34/><V15/><F42/><N who="3" m="22743" /><G64/><T107/><D59/><N who="1" m="37023" /><E36/><V37/><F37/><W114/><G80/><T33/><D33/><U135/><E135/><V125/><F125/><N who="3" m="48203" /><G83/><T19/><D23/><U51/><E68/><N who="3" m="26218" /><G77/><T11/><D11/><U71/><E71/><V118/><F118/><W49/><G49/><T26/><REACH who="0" step="1"/><D19/><REACH who="0" ten="240,250,250,250" step="2"/><U82/><E12/><AGARI ba="0,1" hai="12,16,20,112,114" m="26218,48203,22743" machi="12" ten="30,2000,0" yaku="18,1,54,1" doraHai="92" who="3" fromWho="1" sc="240,0,250,-20,250,0,250,30" /><INIT seed="1,0,0,4,0,24" ten="240,230,250,280" oya="1" hai0="130,90,46,33,126,28,37,102,53,121,61,103,71" hai1="69,93,45,92,13,56,101,40,81,16,1,106,5" hai2="59,97,18,79,125,117,128,7,68,94,123,105,39" hai3="54,58,27,118,115,31,95,104,110,122,14,133,8"/><U11/><E69/><V65/><F123/><W135/><G104/><T23/><D33/><U91/><E106/><V22/><F117/><W77/><G122/><T2/><D2/><U57/><E101/><V129/><F105/><W99/><G77/><T63/><D71/><U4/><E4/><V119/><F119/><W44/><G44/><T49/><D37/><U6/><E81/><V120/><F39/><W15/><G115/><T89/><D121/><U83/><E83/><V112/><F79/><W25/><G25/><N who="0" m="16447" /><D126/><U20/><E6/><V51/><F125/><W100/><G118/><T62/><D130/><U131/><E131/><V55/><F68/><W113/><G113/><T66/><D66/><U9/><E9/><V26/><F65/><W78/><G78/><T124/><D124/><U109/><E109/><V127/><F127/><W70/><G70/><T38/><D38/><U35/><E35/><V29/><F112/><W87/><G110/><T80/><D90/><U17/><E17/><V47/><F120/><W12/><G87/><AGARI ba="0,0" hai="46,49,53,61,62,63,80,87,89,102,103" m="16447" machi="87" ten="30,2000,0" yaku="8,1,52,1" doraHai="24" who="0" fromWho="3" sc="240,20,230,0,250,0,280,-20" /><INIT seed="2,0,0,4,0,95" ten="260,230,250,260" oya="2" hai0="120,10,112,121,13,64,33,133,91,104,81,63,111" hai1="48,45,135,43,30,11,38,89,82,113,28,61,19" hai2="53,27,39,100,132,102,80,90,74,127,73,122,108" hai3="23,96,85,97,70,106,75,26,22,71,57,0,32"/><V56/><F39/><W76/><G106/><T50/><D112/><U93/><E113/><V125/><F122/><W114/><G75/><N who="2" m="28681" /><F27/><W99/><G0/><T68/><D33/><U98/><E135/><V86/><F56/><W124/><G114/><T54/><D104/><U3/><E38/><V105/><F53/><W92/><G32/><T116/><D133/><U1/><E1/><V72/><F132/><W126/><G70/><T128/><D128/><U62/><E3/><V18/><F18/><W25/><G71/><T101/><D101/><N who="2" m="39018" /><F105/><W15/><G15/><T49/><D49/><U58/><E62/><V123/><F123/><W47/><G47/><T103/><D120/><U12/><REACH who="1" step="1"/><E82/><REACH who="1" ten="260,220,250,260" step="2"/><N who="2" m="49495" /><F108/><W66/><G66/><AGARI ba="0,1" hai="11,12,19,28,30,43,45,48,58,61,66,89,93,98" machi="66" ten="30,7700,0" yaku="1,1,7,1,8,1,52,1,53,0" doraHai="95" doraHaiUra="130" who="1" fromWho="3" sc="260,0,220,87,250,0,260,-77" /><INIT seed="3,0,0,1,5,65" ten="260,307,250,183" oya="3" hai0="67,79,71,64,102,84,46,134,133,57,1,87,40" hai1="99,112,116,33,111,70,89,59,124,85,68,35,8" hai2="92,50,43,132,130,11,74,83,62,125,119,103,100" hai3="88,42,38,93,105,16,123,2,51,21,53,90,55"/><W58/><G2/><T78/><D1/><U34/><E112/><V63/><F119/><W22/><G105/><T82/><D102/><U110/><E116/><V101/><F130/><W30/><G123/><T10/><D57/><U117/><E117/><V106/><F106/><W3/><G3/><T32/><D32/><U31/><E124/><V121/><F125/><W131/><G131/><T39/><D10/><U66/><E99/><V24/><F121/><W95/><G38/><T49/><D39/><U0/><E31/><V86/><F74/><W25/><G42/><T36/><D36/><U26/><E26/><V107/><F107/><W47/><G93/><T118/><D118/><U91/><E91/><V126/><F126/><W81/><G81/><T17/><D17/><U56/><E56/><V127/><F127/><W114/><G114/><T120/><D120/><U54/><E66/><V61/><F92/><W60/><G95/><T115/><D115/><U76/><E76/><N who="2" m="46439" /><F24/><AGARI ba="0,0" hai="16,21,22,24,25,30,47,51,53,55,58,60,88,90" machi="24" ten="30,11600,0" yaku="7,1,8,1,54,2" doraHai="65" who="3" fromWho="2" sc="260,0,307,0,250,-116,183,116" /><INIT seed="3,1,0,5,5,98" ten="260,307,134,299" oya="3" hai0="116,131,123,117,88,0,67,19,130,53,51,28,12" hai1="129,39,134,7,84,44,33,97,49,107,16,48,68" hai2="20,62,64,46,95,52,34,2,106,57,102,122,21" hai3="18,81,135,113,60,37,8,63,91,17,66,86,80"/><W22/><G37/><T15/><D0/><U100/><E68/><V112/><F34/><W119/><G113/><T9/><D123/><U71/><E71/><V29/><F2/><W25/><G119/><T121/><D121/><U79/><E39/><V26/><F122/><W115/><G115/><T120/><D120/><U3/><E33/><V36/><F112/><W75/><G135/><T76/><D76/><U58/><E134/><V73/><F73/><W124/><G124/><T74/><D74/><U133/><E133/><V61/><F106/><W47/><G47/><T31/><D67/><U87/><E129/><N who="0" m="49161" /><D88/><U109/><E109/><V72/><F72/><W41/><G41/><T54/><D54/><U128/><E128/><V23/><F36/><W93/><G75/><T55/><D55/><U118/><E79/><V50/><F62/><W56/><G63/><T89/><D89/><U99/><E3/><V65/><F65/><W92/><G80/><T69/><D69/><U103/><E118/><N who="0" m="45673" /><D15/><AGARI ba="1,0" hai="8,15,17,18,22,25,56,60,66,81,86,91,92,93" machi="15" ten="40,2000,0" yaku="8,1" doraHai="98" who="3" fromWho="0" sc="260,-23,307,0,134,0,299,23" /><INIT seed="3,2,0,3,0,35" ten="237,307,134,322" oya="3" hai0="65,29,27,16,18,39,88,26,96,55,124,97,101" hai1="74,80,92,7,66,12,111,63,54,90,121,10,56" hai2="68,3,72,110,117,122,116,23,73,77,50,45,25" hai3="34,83,30,120,13,79,15,24,93,67,105,17,119"/><W14/><G105/><T32/><D124/><U33/><E121/><V86/><F68/><W95/><G120/><T99/><D39/><U109/><E33/><V98/><F122/><W76/><G119/><T103/><D65/><U1/><E74/><V2/><F110/><N who="1" m="41993" /><E80/><V130/><F130/><W59/><G67/><T82/><D32/><U8/><E66/><V75/><F77/><W38/><G38/><T60/><D29/><U37/><E37/><V62/><F62/><W64/><G64/><T94/><D82/><U19/><E92/><V46/><F86/><W28/><G59/><N who="0" m="34943" /><D27/><U100/><E90/><V114/><F114/><W57/><G57/><T69/><D69/><U84/><E84/><V41/><F98/><N who="0" m="37994" /><D18/><U128/><E100/><V6/><F46/><W108/><G108/><T40/><D40/><U47/><E47/><V51/><F51/><W22/><G34/><T115/><D115/><U85/><E85/><V20/><F20/><AGARI ba="2,0" hai="16,20,26,88,94,99,101,103" m="37994,34943" machi="20" ten="30,7700,0" yaku="25,1,8,1,54,2" doraHai="35" who="0" fromWho="2" sc="237,83,307,0,134,-83,322,0" /><INIT seed="4,0,0,3,0,69" ten="320,307,51,322" oya="0" hai0="64,17,56,1,22,58,133,18,40,73,104,46,31" hai1="114,10,88,16,41,9,128,92,6,102,106,82,57" hai2="11,132,108,80,14,72,99,5,125,25,121,129,71" hai3="65,63,42,131,62,15,91,27,61,35,68,123,74"/><T50/><D104/><U96/><E128/><V47/><F129/><W66/><G74/><T26/><D73/><U8/><E114/><V118/><F121/><W67/><G131/><T107/><D107/><U101/><E41/><V119/><F132/><W113/><G113/><T53/><D1/><U48/><E82/><V83/><F108/><W29/><G123/><T24/><D133/><U112/><E112/><V23/><F71/><W36/><G15/><T2/><D2/><U111/><E111/><V98/><F125/><W3/><G91/><T117/><D117/><N who="2" m="44554" /><F47/><W100/><G3/><T55/><D64/><U84/><E102/><V86/><F72/><W38/><G42/><T75/><D75/><U13/><E6/><V44/><F44/><W90/><G100/><T89/><D89/><U109/><REACH who="1" step="1"/><E109/><REACH who="1" ten="320,297,51,322" step="2"/><V94/><F83/><W105/><G105/><T4/><D4/><U126/><E126/><V0/><F80/><W34/><G68/><T130/><D130/><U20/><E20/><V134/><F134/><W85/><REACH who="3" step="1"/><G35/><REACH who="3" ten="320,297,51,312" step="2"/><T81/><D26/><U87/><E87/><V37/><F86/><W51/><G51/><N who="0" m="27079" /><D81/><AGARI ba="0,2" hai="27,29,34,36,38,61,62,63,65,66,67,81,85,90" machi="81" ten="40,5200,0" yaku="1,1,52,2,53,0" doraHai="69" doraHaiUra="120" who="3" fromWho="0" sc="320,-52,297,0,51,0,312,72" /><INIT seed="5,0,0,5,0,51" ten="268,297,51,384" oya="1" hai0="78,17,57,71,120,104,30,90,72,20,53,35,15" hai1="74,65,88,105,32,33,69,80,42,94,60,96,63" hai2="81,61,123,16,82,26,54,14,109,128,107,95,2" hai3="103,23,73,68,29,83,50,130,84,127,129,87,98"/><U21/><E42/><V8/><F107/><W62/><G29/><T119/><D119/><U36/><E36/><V43/><F123/><W12/><G73/><T46/><D104/><U124/><E124/><V24/><F109/><W126/><G62/><T6/><D71/><U19/><E105/><V112/><F128/><N who="3" m="49259" /><G68/><T70/><D70/><U106/><E60/><V121/><F121/><W52/><G98/><T91/><D120/><U45/><E45/><V64/><F2/><W102/><G23/><T89/><D46/><U22/><E22/><V75/><F43/><W131/><G12/><T135/><D135/><U11/><E11/><V76/><F112/><W31/><G31/><T41/><D41/><U101/><E80/><V114/><F114/><W132/><N who="3" m="49267" /><W92/><DORA hai="10" /><G132/><T108/><D108/><U4/><E4/><V110/><F110/><W55/><G92/><T97/><D6/><U100/><E74/><V113/><F113/><W111/><G111/><T93/><D35/><U122/><E122/><V18/><F95/><W59/><G55/><T56/><D30/><U27/><REACH who="1" step="1"/><E101/><REACH who="1" ten="268,287,51,384" step="2"/><N who="3" m="38410" /><G83/><T116/><D72/><U3/><E3/><V37/><F81/><W77/><G77/><T79/><D78/><U58/><E58/><V86/><F37/><W117/><G117/><T49/><D79/><U47/><E47/><V25/><F75/><W1/><G1/><T115/><D116/><U85/><AGARI ba="0,1" hai="19,21,27,32,33,63,65,69,85,88,94,96,100,106" machi="85" ten="20,7800,0" yaku="1,1,0,1,7,1,54,1,53,0" doraHai="51,10" doraHaiUra="34,9" who="1" fromWho="1" sc="268,-26,287,88,51,-26,384,-26" /><INIT seed="5,1,0,3,1,57" ten="242,375,25,358" oya="1" hai0="117,119,1,25,98,83,87,111,3,28,61,91,54" hai1="27,81,84,21,123,118,9,48,115,89,114,62,59" hai2="16,77,2,56,67,103,76,116,135,134,53,69,92" hai3="126,32,38,82,130,74,8,85,96,86,88,39,64"/><U120/><E118/><V122/><F116/><W5/><G126/><T131/><D111/><U26/><E9/><V22/><F122/><W42/><G130/><T65/><D131/><U11/><E11/><V71/><F2/><W14/><G32/><T24/><D117/><U36/><E36/><V127/><F127/><W105/><G74/><T63/><D119/><U110/><E110/><V18/><F67/><W112/><G112/><N who="1" m="43050" /><E48/><V121/><F121/><N who="1" m="46665" /><E21/><V75/><F75/><W6/><G6/><T33/><D25/><U73/><E73/><V50/><F71/><W19/><G42/><T37/><D37/><U128/><E128/><V97/><F69/><W51/><G51/><T101/><D54/><AGARI ba="1,0" hai="26,27,54,59,62,81,84,89" m="46665,43050" machi="54" ten="30,2900,0" yaku="15,1,52,1" doraHai="57" who="1" fromWho="0" sc="242,-32,375,32,25,0,358,0" /><INIT seed="5,2,0,5,0,67" ten="210,407,25,358" oya="1" hai0="16,97,102,109,68,53,17,43,99,74,13,120,119" hai1="31,62,94,110,98,72,121,117,89,58,126,115,39" hai2="12,19,112,82,66,118,83,88,30,114,79,36,96" hai3="42,69,93,7,32,29,10,116,70,129,50,35,133"/><U134/><E117/><V81/><F118/><W61/><G61/><T84/><D74/><U8/><E121/><V111/><F111/><W113/><G116/><T3/><D120/><U64/><E110/><V122/><F122/><W63/><G63/><T135/><D3/><U57/><E115/><N who="2" m="44075" /><F36/><W107/><G113/><T105/><D109/><U75/><E134/><V46/><F30/><W49/><G107/><T28/><D28/><U11/><E126/><V125/><F125/><W100/><G29/><T1/><D1/><U0/><E39/><V55/><F66/><W127/><G127/><T40/><D119/><U51/><E31/><V22/><F79/><W71/><G133/><T4/><D68/><U38/><E38/><V80/><F80/><W20/><G20/><T87/><D135/><U34/><E34/><V24/><F12/><W5/><G129/><T15/><D4/><U44/><E58/><V108/><F108/><W103/><G42/><T14/><D53/><U60/><E60/><V45/><F55/><W78/><G78/><T6/><D6/><N who="3" m="2057" /><G10/><N who="1" m="3626" /><E0/><V86/><F86/><N who="0" m="32810" /><D102/><N who="3" m="38953" /><G93/><AGARI ba="2,0" hai="19,22,24,45,46,81,82,83,88,93,96" m="44075" machi="93" ten="30,3900,0" yaku="15,1,11,1,54,1" doraHai="67" who="2" fromWho="3" sc="210,0,407,0,25,45,358,-45" /><INIT seed="6,0,0,1,5,2" ten="210,407,70,313" oya="2" hai0="66,48,4,55,19,81,36,108,85,41,124,73,14" hai1="120,130,17,110,38,118,21,70,79,59,53,116,34" hai2="43,129,42,100,68,65,72,15,123,63,87,18,25" hai3="60,40,24,99,122,80,89,8,28,64,86,20,82"/><V132/><F72/><W104/><G122/><T67/><D124/><U33/><E110/><V9/><F123/><W96/><G104/><T71/><D108/><U29/><E120/><V49/><F129/><W27/><G40/><T26/><D73/><U112/><E70/><V6/><F132/><W23/><G80/><T98/><D71/><U95/><E38/><V93/><F49/><W107/><G107/><T52/><D36/><U57/><E130/><V91/><F100/><W92/><G92/><T39/><D39/><U47/><E112/><V31/><REACH who="2" step="1"/><F18/><REACH who="2" ten="210,407,60,313" step="2"/><W114/><G114/><T97/><D48/><U113/><E17/><V5/><F5/><W102/><G102/><T128/><D4/><U101/><E101/><V61/><F61/><W133/><G133/><T16/><D128/><U0/><E113/><V121/><F121/><W1/><G60/><T94/><D26/><U125/><E118/><V106/><F106/><W76/><G24/><T35/><D16/><U115/><E116/><V117/><F117/><W51/><G27/><T105/><D19/><U135/><E115/><V32/><AGARI ba="0,1" hai="6,9,15,25,31,32,42,43,63,65,68,87,91,93" machi="32" ten="20,7800,0" yaku="1,1,0,1,7,1,52,1,53,0" doraHai="2" doraHaiUra="103" who="2" fromWho="2" sc="210,-26,407,-26,60,88,313,-26" /><INIT seed="6,1,0,2,0,122" ten="184,381,148,287" oya="2" hai0="99,78,117,91,19,0,83,71,127,93,4,30,125" hai1="44,115,22,62,3,72,94,86,12,42,46,20,47" hai2="121,27,116,17,95,49,52,77,58,26,39,110,55" hai3="81,131,63,65,104,101,14,114,133,43,34,40,88"/><V100/><F121/><W29/><G131/><T96/><D71/><U126/><E72/><V28/><F116/><W108/><G133/><T67/><D67/><U111/><E111/><V118/><F118/><W120/><G120/><T36/><D36/><U112/><E3/><V16/><F39/><W56/><G114/><N who="1" m="43562" /><E126/><N who="0" m="48137" /><D117/><U21/><E62/><V124/><F124/><W25/><G108/><T80/><D30/><U132/><E132/><V41/><F41/><W70/><G56/><T38/><D38/><N who="1" m="21591" /><E12/><V84/><F110/><W32/><G32/><T13/><D0/><U57/><E57/><N who="2" m="32911" /><F100/><W66/><G66/><T109/><D4/><U2/><E2/><V64/><F64/><W11/><G14/><T107/><D13/><U130/><E130/><V61/><F77/><W85/><REACH who="3" step="1"/><G11/><REACH who="3" ten="184,381,148,277" step="2"/><T74/><D109/><U10/><E10/><V105/><F105/><W76/><G76/><T5/><D5/><U129/><E129/><V92/><F84/><W113/><G113/><T24/><D107/><U79/><E79/><V51/><F61/><W69/><G69/><T9/><D78/><U89/><AGARI ba="1,1" hai="20,21,22,46,47,86,89,94" m="21591,43562" machi="89" ten="40,1500,0" yaku="15,1" doraHai="122" who="1" fromWho="1" sc="184,-5,381,28,148,-8,277,-5" /><INIT seed="7,0,0,2,2,31" ten="179,409,140,272" oya="3" hai0="81,85,104,59,71,15,73,51,122,118,41,28,61" hai1="25,82,14,65,18,45,98,78,94,89,92,99,13" hai2="111,35,74,60,24,63,1,47,79,117,97,107,55" hai3="11,102,2,121,77,101,48,36,96,50,23,7,53"/><W135/><G121/><T30/><D122/><U129/><E129/><V9/><F117/><W90/><G36/><T110/><D110/><U88/><E65/><V125/><F125/><W12/><G135/><T93/><D118/><U120/><E120/><V83/><F111/><W62/><G77/><N who="0" m="46255" /><D73/><U103/><E45/><V109/><F109/><W70/><G70/><T69/><D104/><U134/><E134/><V42/><F55/><W130/><G130/><T33/><D33/><U54/><E54/><V19/><F107/><W105/><G101/><T128/><D128/><U106/><E25/><V86/><F97/><W21/><G90/><T133/><D69/><U44/><E44/><V27/><F74/><W29/><G23/><T112/><D71/><U127/><E127/><V40/><F40/><W75/><G75/><T4/><D112/><U22/><E14/><V5/><F27/><W58/><REACH who="3" step="1"/><G12/><REACH who="3" ten="179,409,140,262" step="2"/><T91/><D133/><U43/><E103/><V6/><F6/><W46/><G46/><N who="0" m="26063" /><D15/><U39/><E22/><V95/><F5/><W3/><G3/><T49/><D4/><U66/><E89/><V68/><F1/><W131/><G131/><T80/><D91/><U119/><E88/><V76/><F68/><W16/><G16/><T132/><D80/><U52/><E18/><V64/><F19/><W100/><G100/><T37/><D132/><U57/><E13/><V113/><F83/><W0/><G0/><T115/><D37/><U72/><E82/><V34/><F79/><W8/><G8/><T38/><D38/><U124/><E39/><V26/><F76/><RYUUKYOKU ba="0,1" sc="179,-10,409,-10,140,-10,262,30" hai3="2,7,11,21,29,48,50,53,58,62,96,102,105" /><INIT seed="7,1,1,0,4,76" ten="169,399,130,292" oya="3" hai0="24,84,128,46,85,86,75,58,126,49,135,88,19" hai1="116,2,129,112,70,115,28,120,25,102,65,18,39" hai2="31,68,44,127,47,29,110,92,57,117,124,73,94" hai3="99,113,61,35,41,96,93,114,97,51,91,106,23"/><W132/><G35/><T17/><D126/><U134/><E120/><V12/><F68/><W122/><G122/><T21/><D128/><U26/><E39/><V82/><F117/><W87/><G61/><T22/><D135/><U48/><E2/><V33/><F110/><W78/><G132/><T74/><D58/><U79/><E134/><V27/><F12/><W81/><G23/><T69/><D69/><U111/><E111/><V63/><F31/><W53/><G41/><T60/><D60/><U130/><E116/><V15/><F15/><W121/><G121/><T118/><D118/><U36/><E36/><V40/><F127/><W37/><G37/><T32/><D32/><U77/><E102/><V0/><F124/><W43/><G43/><T119/><D119/><U105/><E105/><V9/><F47/><W20/><G20/><T107/><D107/><U52/><E65/><V11/><F0/><W6/><G6/><T50/><D75/><U64/><E64/><V72/><F72/><W4/><G4/><T42/><D50/><U45/><E18/><V90/><F94/><W7/><G7/><T125/><D74/><U56/><E45/><V14/><F14/><W3/><G3/><T1/><D1/><U80/><E70/><V5/><F5/><W131/><G131/><N who="1" m="50186" /><E79/><N who="2" m="44399" /><F40/><W38/><G38/><T59/><D59/><U95/><E95/><V104/><F104/><W103/><REACH who="3" step="1"/><G99/><REACH who="3" ten="169,399,130,282" step="2"/><T30/><D125/><U133/><E133/><V83/><F33/><W8/><G8/><T16/><D22/><N who="1" m="15415" /><E26/><V101/><F27/><W67/><G67/><T109/><D109/><RYUUKYOKU ba="1,2" sc="169,10,399,10,130,-30,282,10" hai0="16,17,19,21,24,30,42,46,49,84,85,86,88" hai1="48,52,56,77,80,112,115" hai3="51,53,78,81,87,91,93,96,97,103,106,113,114" /><INIT seed="7,2,2,4,3,12" ten="179,409,100,292" oya="3" hai0="110,73,49,78,85,106,74,7,129,27,125,21,126" hai1="55,24,109,123,50,86,100,1,19,130,61,9,29" hai2="58,59,102,113,108,47,101,23,133,71,4,83,120" hai3="94,98,44,57,66,15,88,96,42,122,33,43,112"/><W132/><G122/><T75/><D106/><U46/><E109/><V40/><F120/><W3/><G3/><T72/><N who="0" m="18944" /><DORA hai="48" /><T90/><D110/><U37/><E123/><V67/><F108/><W63/><G112/><T111/><D111/><U32/><E130/><V64/><F133/><W26/><G132/><T45/><D129/><U68/><E100/><V124/><F124/><W60/><G33/><T80/><D7/><U128/><E128/><V34/><F34/><W135/><G135/><T69/><D69/><U13/><E37/><V81/><F71/><W77/><G26/><T6/><D6/><U70/><E86/><V119/><F119/><W30/><G30/><T104/><D78/><U99/><E99/><V10/><F113/><W18/><G77/><T11/><D11/><U2/><E61/><V8/><F4/><W84/><G63/><T97/><D97/><N who="3" m="37481" /><G44/><T91/><D104/><U14/><E2/><V117/><F117/><W115/><G115/><T0/><D91/><U79/><E79/><V41/><F23/><AGARI ba="2,2" hai="15,18,23,42,43,57,60,66,84,88,94" m="37481" machi="23" ten="30,5800,0" yaku="8,1,52,1,54,1" doraHai="12,48" who="3" fromWho="2" sc="179,0,409,0,100,-64,292,84" /><INIT seed="7,3,0,4,1,16" ten="179,409,36,376" oya="3" hai0="73,49,9,124,38,54,4,32,14,107,94,129,72" hai1="21,127,123,22,84,31,125,53,25,50,102,121,46" hai2="23,104,98,26,62,35,128,17,20,100,48,39,83" hai3="44,97,58,134,115,70,79,92,43,69,64,101,8"/><W112/><G134/><T5/><D107/><U10/><E102/><V131/><F39/><W1/><G79/><T130/><D38/><U108/><E108/><V96/><F48/><W74/><G74/><N who="0" m="28779" /><D32/><U85/><E10/><V6/><F6/><N who="3" m="1103" /><G58/><N who="0" m="33103" /><D94/><U110/><E22/><V99/><F83/><W76/><G76/><T2/><D2/><U122/><E110/><V30/><F62/><N who="3" m="40087" /><G70/><T11/><D124/><AGARI ba="3,0" hai="21,25,31,46,50,53,84,85,121,122,123,124,125,127" machi="124" ten="50,3200,0" yaku="18,1,52,1" doraHai="16" who="1" fromWho="0" sc="179,-41,409,41,36,0,376,0" owari="138,-26.0,450,54.0,36,-46.0,376,18.0" /></mjloggm>