<mjloggm ver="2.3"><GO type="169"/><UN n0="%E8%99%8E%E5%85%90%E6%9C%97" n1="%E5%AF%9B%E3%83%94%E3%82%A8%E3%83%AD" n2="%EF%BC%88%E2%89%A7%E2%96%BD%E2%89%A6%EF%BC%89" n3="%E3%82%B4%E3%83%BC%E3%83%AB" dan="17,16,16,16" rate="2164,2085,2110,2129" sx="M,M,M,M"/><TAIKYOKU oya="0"/><INIT seed="0,0,0,5,0,55" ten="250,250,250,250" oya="0" hai0="85,118,46,30,125,35,114,117,100,132,49,97,96" hai1="112,29,15,8,127,121,86,59,101,27,20,4,53" hai2="63,23,54,120,51,119,84,130,105,110,50,76,9" hai3="58,102,10,124,81,3,109,93,72,41,88,38,65"/><T123/><D123/><U25/><E121/><V116/><F105/><W21/><G124/><T18/><D114/><U61/><E112/><V22/><F110/><W66/><G109/><T134/><D18/><U79/><E127/><V98/><F98/><W45/><G102/><T75/><D125/><U135/><E135/><N who="0" m="51753" /><D75/><U39/><E39/><V122/><F130/><W32/><G32/><T82/><D30/><U95/><E27/><V16/><F9/><W48/><G21/><T73/><D35/><U24/><E24/><N who="2" m="14407" /><F23/><W60/><G65/><T26/><D26/><U70/><E70/><V40/><F40/><W115/><G115/><T78/><D49/><U14/><E14/><V128/><F128/><W87/><G48/><T67/><D46/><U11/><E11/><V47/><F50/><W131/><G131/><T99/><D67/><U2/><E2/><V12/><F122/><W74/><G3/><T80/><D100/><U52/><E101/><V111/><F120/><W5/><G10/><T77/><AGARI ba="0,0" hai="73,77,78,80,82,85,96,97,99,117,118" m="51753" machi="77" ten="40,7800,0" yaku="20,1,34,2" doraHai="55" who="0" fromWho="0" sc="250,78,250,-26,250,-26,250,-26" /><INIT seed="0,1,0,2,3,7" ten="328,224,224,224" oya="0" hai0="67,73,40,129,135,86,17,132,68,4,84,74,123" hai1="108,133,32,75,126,41,56,96,98,2,58,19,72" hai2="6,14,47,21,92,43,59,27,76,128,57,104,83" hai3="30,24,117,77,105,28,82,95,69,49,125,88,87"/><T53/><D40/><U12/><E32/><V1/><F104/><W25/><G105/><T45/><D4/><U100/><E2/><V13/><F128/><W121/><G69/><T90/><D123/><U60/><E41/><V97/><F1/><W26/><G117/><T9/><D67/><U134/><E108/><V131/><F131/><W130/><G130/><T39/><D68/><U62/><E126/><V107/><F107/><W22/><G125/><T38/><D129/><U102/><E12/><V23/><F14/><W65/><G65/><T29/><D29/><U64/><E64/><V85/><F23/><W55/><G28/><T31/><D31/><U70/><E70/><V78/><F78/><W124/><G121/><T66/><D66/><U42/><E42/><V114/><F114/><W118/><G118/><T34/><D34/><U101/><E101/><N who="2" m="60583" /><F27/><W44/><REACH who="3" step="1"/><G124/><REACH who="3" ten="328,224,224,214" step="2"/><T63/><D135/><U36/><REACH who="1" step="1"/><E19/><REACH who="1" ten="328,214,224,214" step="2"/><N who="2" m="10479" /><F6/><W111/><G111/><T91/><D17/><U61/><E61/><V119/><F119/><W120/><G120/><T109/><D63/><U33/><E33/><V20/><F43/><W71/><G71/><T93/><D109/><U11/><E11/><V37/><F37/><AGARI ba="1,2" hai="36,37,56,58,60,62,72,75,96,98,100,102,133,134" machi="37" ten="25,8000,1" yaku="1,1,22,2,53,2" doraHai="7" doraHaiUra="94" who="1" fromWho="2" sc="328,0,214,103,224,-83,214,0" /><INIT seed="1,0,0,0,3,132" ten="328,317,141,214" oya="1" hai0="58,15,112,88,0,38,47,91,106,68,63,34,135" hai1="16,83,41,11,126,67,86,36,117,48,75,120,59" hai2="89,64,77,2,92,104,85,22,62,105,76,72,130" hai3="25,44,73,56,80,118,102,57,119,123,52,81,33"/><U43/><E75/><V127/><F2/><W84/><G123/><T31/><D112/><U55/><E36/><V8/><F130/><W133/><G102/><T46/><D0/><U93/><E120/><V1/><F22/><W98/><G98/><T6/><D68/><U49/><E117/><N who="3" m="44554" /><G133/><T30/><D106/><U3/><E126/><V13/><F1/><W101/><G101/><T28/><D34/><U26/><E3/><V53/><F127/><W10/><G10/><N who="0" m="4567" /><D38/><U29/><E67/><V9/><F53/><W60/><G73/><T42/><D135/><U131/><E131/><V109/><F8/><W97/><G97/><T116/><D116/><U27/><E93/><V78/><F72/><W79/><G81/><T95/><D42/><N who="1" m="15883" /><E48/><V17/><REACH who="2" step="1"/><F109/><REACH who="2" ten="328,317,131,214" step="2"/><W108/><G108/><T121/><D121/><U61/><E11/><V12/><F12/><W115/><G115/><T74/><D74/><U129/><E129/><V45/><F45/><N who="0" m="16906" /><D95/><U113/><E113/><V7/><F7/><W124/><G124/><T35/><D35/><U71/><E55/><AGARI ba="0,1" hai="28,30,31,55,58,63,88,91" m="16906,4567" machi="55" ten="30,2000,0" yaku="8,1,54,1" doraHai="132" who="0" fromWho="1" sc="328,30,317,-20,131,0,214,0" /><INIT seed="2,0,0,3,1,31" ten="358,297,131,214" oya="2" hai0="100,116,92,26,113,73,101,35,102,74,37,72,115" hai1="12,7,130,120,0,125,65,123,34,10,118,112,66" hai2="46,42,38,61,24,128,23,11,49,14,135,131,5" hai3="13,64,70,81,57,76,105,28,45,16,119,62,8"/><V108/><F135/><W4/><G119/><T25/><D37/><U69/><E118/><V59/><F108/><W55/><G105/><T86/><D116/><U58/><E112/><V124/><F124/><W77/><G45/><T19/><D19/><U106/><E106/><V87/><F38/><W44/><G44/><T104/><D104/><U75/><E75/><V127/><F127/><W21/><G28/><T103/><N who="0" m="25600" /><DORA hai="1" /><T122/><D122/><U30/><E125/><V94/><F94/><W97/><G97/><T48/><D48/><U63/><E130/><V56/><F87/><W117/><G117/><T96/><D96/><U17/><E69/><V78/><F78/><W82/><G77/><T134/><D134/><U109/><E66/><V99/><F99/><W93/><G93/><T67/><D67/><U95/><E95/><V121/><F121/><W114/><G114/><T32/><D92/><U22/><E109/><V39/><F39/><W43/><G43/><T40/><D40/><U18/><E18/><V41/><F41/><W91/><G91/><T60/><D86/><U2/><E2/><V79/><F79/><W107/><G107/><T20/><D60/><U54/><E65/><V36/><F36/><W51/><REACH who="3" step="1"/><G76/><REACH who="3" ten="358,297,131,204" step="2"/><T52/><D115/><U84/><REACH who="1" step="1"/><E84/><REACH who="1" ten="358,287,131,204" step="2"/><V85/><F85/><W9/><G9/><T110/><D113/><U80/><E80/><V15/><F11/><W129/><G129/><T68/><D73/><U98/><E98/><V90/><F131/><W50/><G50/><T71/><D74/><U33/><E33/><N who="0" m="12873" /><D72/><U27/><AGARI ba="0,2" hai="0,7,10,12,17,22,27,30,34,54,58,63,120,123" machi="27" ten="30,16000,3" yaku="1,1,5,1,0,1,24,2,52,2,53,1" doraHai="31,1" doraHaiUra="83,3" who="1" fromWho="1" sc="358,-40,287,180,131,-80,204,-40" /><INIT seed="3,0,0,4,1,13" ten="318,467,51,164" oya="3" hai0="52,19,57,12,127,72,20,109,107,36,79,90,78" hai1="48,22,45,82,74,38,69,66,124,54,122,132,15" hai2="58,7,134,10,96,125,121,92,104,27,42,93,110" hai3="103,85,128,30,80,43,40,5,99,23,56,94,17"/><W16/><G128/><T76/><D72/><U101/><E122/><V126/><F121/><W106/><G5/><T25/><D36/><U87/><E101/><N who="2" m="62503" /><F42/><N who="3" m="15915" /><G106/><T73/><D73/><U111/><E38/><V49/><F110/><W34/><G34/><T4/><D109/><U11/><E22/><V84/><F84/><W62/><G23/><T102/><D127/><N who="2" m="48650" /><F27/><W33/><G30/><T119/><D119/><U59/><E74/><V32/><F134/><W0/><G0/><T53/><D90/><U117/><E69/><V77/><F77/><N who="3" m="46223" /><G33/><T3/><D3/><U114/><E132/><V112/><F32/><W118/><G118/><T46/><D107/><U41/><E117/><V35/><F35/><W44/><G44/><T108/><D108/><U130/><E130/><V129/><F129/><W120/><G120/><T133/><D133/><U98/><E111/><V60/><F112/><W31/><G31/><T95/><D46/><U61/><E114/><V123/><F123/><W135/><G135/><T55/><D4/><U14/><E124/><V115/><F115/><W68/><G68/><T26/><D57/><U63/><E59/><V51/><F7/><W39/><G39/><T64/><D64/><AGARI ba="0,0" hai="16,17,56,62,64,94,99,103" m="46223,15915" machi="64" ten="30,11600,0" yaku="8,1,52,2,54,1" doraHai="13" who="3" fromWho="0" sc="318,-116,467,0,51,0,164,116" /><INIT seed="3,1,0,4,1,78" ten="202,467,51,280" oya="3" hai0="134,77,124,21,46,5,132,6,8,37,47,117,51" hai1="2,73,50,122,76,83,81,12,58,66,61,15,100" hai2="116,49,92,3,67,129,1,128,23,68,121,91,93" hai3="18,9,74,89,26,14,90,86,133,0,33,62,11"/><W39/><G74/><T70/><D117/><U84/><E2/><N who="2" m="523" /><F116/><W31/><G39/><T88/><D70/><U29/><E29/><V52/><F121/><W34/><G133/><N who="0" m="51307" /><D124/><U16/><E100/><V135/><F135/><W106/><G106/><T131/><D131/><N who="2" m="50250" /><F23/><W115/><G115/><T87/><D77/><U55/><E122/><V28/><F28/><W104/><G104/><T95/><D21/><U56/><REACH who="1" step="1"/><E16/><REACH who="1" ten="202,457,51,280" step="2"/><V20/><F20/><N who="3" m="11351" /><G34/><T24/><D8/><U103/><E103/><V27/><F27/><W43/><G9/><T79/><D24/><U42/><E42/><V45/><F91/><AGARI ba="1,1" hai="12,15,50,55,56,58,61,66,73,76,81,83,84,91" machi="91" ten="30,7700,0" yaku="1,1,7,1,52,2,53,0" doraHai="78" doraHaiUra="19" who="1" fromWho="2" sc="202,0,457,90,51,-80,280,0" owari="202,-20.0,547,65.0,-29,-53.0,280,8.0" /></mjloggm>