<mjloggm ver="2.3"><GO type="169"/><UN n0="%E3%81%93%E3%81%AE%E3%81%8D%E3%83%BC" n1="%EF%BC%A0%E5%BE%A1%E5%9D%82%E7%BE%8E%E7%90%B4" n2="%EF%BC%88%E2%89%A7%E2%96%BD%E2%89%A6%EF%BC%89" n3="%E3%81%A1%E3%82%85%E3%82%93%E3%81%A9" dan="18,17,16,16" rate="2102,2199,2044,2015" sx="M,F,M,M"/><TAIKYOKU oya="0"/><INIT seed="0,0,0,0,3,127" ten="250,250,250,250" oya="0" hai0="116,52,87,29,101,50,132,18,125,47,107,12,95" hai1="53,135,74,72,123,6,128,35,36,58,133,76,62" hai2="90,25,131,66,86,31,109,71,115,102,108,33,103" hai3="80,84,41,2,65,5,15,93,60,28,97,40,51"/><T126/><D116/><U64/><E123/><V73/><F73/><W43/><G2/><T78/><D107/><U79/><E35/><V69/><F115/><W16/><G28/><T27/><D132/><N who="1" m="50763" /><E36/><V32/><F32/><W89/><G5/><T7/><D7/><U114/><E6/><V111/><F131/><W23/><G60/><T82/><D101/><N who="2" m="38410" /><F66/><W13/><G65/><T37/><D37/><U83/><E114/><V45/><F45/><W96/><G96/><T91/><D29/><U9/><E9/><V117/><F117/><W10/><G51/><T11/><REACH who="0" step="1"/><D27/><REACH who="0" ten="240,250,250,250" step="2"/><U34/><E72/><AGARI ba="0,1" hai="11,12,18,47,50,52,72,78,82,87,91,95,125,126" machi="72" ten="40,7700,0" yaku="1,1,2,1,54,1,53,0" doraHai="127" doraHaiUra="110" who="0" fromWho="1" sc="240,87,250,-77,250,0,250,0" /><INIT seed="0,1,0,0,2,63" ten="327,173,250,250" oya="0" hai0="17,84,69,50,103,27,62,29,4,102,55,123,90" hai1="128,132,97,106,31,86,83,74,107,57,51,35,38" hai2="41,92,10,130,94,3,133,11,6,49,19,126,118" hai3="96,45,61,125,7,64,33,117,13,110,47,40,115"/><T21/><D123/><U104/><E38/><V28/><F133/><W76/><G117/><T129/><D129/><U43/><E132/><V73/><F73/><W134/><G115/><T82/><D4/><U30/><E74/><V5/><F118/><W46/><G134/><T120/><D120/><U87/><E128/><V121/><F28/><W68/><G33/><T65/><REACH who="0" step="1"/><D29/><REACH who="0" ten="317,173,250,250" step="2"/><U135/><E135/><V101/><F121/><W109/><G7/><T114/><D114/><U58/><E35/><V80/><F130/><W20/><G110/><T91/><D91/><U0/><E30/><V32/><F32/><W99/><G109/><T119/><D119/><U48/><E31/><V39/><F5/><W53/><G76/><T79/><D79/><U127/><E0/><V81/><F6/><W71/><G125/><T85/><D85/><U122/><E87/><V60/><F126/><W16/><G99/><T111/><D111/><U98/><E127/><V66/><F3/><W14/><G96/><T18/><D18/><U12/><E122/><V25/><F19/><W131/><G131/><T26/><D26/><U15/><E98/><V24/><F25/><W100/><G16/><T23/><D23/><U77/><E97/><V37/><F24/><W113/><G20/><T1/><D1/><U75/><E86/><V54/><F11/><W124/><G113/><T88/><D88/><U89/><E89/><V9/><F10/><W22/><G124/><T67/><D67/><U105/><E105/><V95/><F9/><W112/><G112/><T72/><D72/><U52/><E75/><RYUUKYOKU ba="1,1" sc="317,30,173,-10,250,-10,250,-10" hai0="17,21,27,50,55,62,65,69,82,84,90,102,103" /><INIT seed="0,2,1,0,0,6" ten="347,163,240,240" oya="0" hai0="81,120,46,12,27,82,91,53,111,65,13,1,106" hai1="59,129,33,96,52,125,20,88,2,117,72,61,83" hai2="94,54,70,0,114,62,45,108,134,99,90,47,124" hai3="23,133,57,130,76,5,42,35,123,77,15,109,60"/><T116/><D1/><U19/><E33/><V41/><F114/><W28/><G35/><T56/><D120/><U80/><E117/><V39/><F124/><W49/><G123/><T8/><D106/><U17/><E125/><V78/><F134/><W74/><G133/><T135/><D116/><U38/><E38/><V55/><F108/><W101/><G109/><T21/><D111/><U75/><E129/><V14/><F0/><W30/><G130/><T104/><D104/><U44/><E2/><V98/><F78/><N who="3" m="30315" /><G74/><T87/><D81/><U24/><E44/><V118/><F118/><W93/><G101/><T122/><D13/><U107/><E107/><V119/><F119/><W112/><G93/><T100/><D100/><U3/><E3/><V40/><F98/><W121/><G121/><T63/><D135/><U113/><E113/><V26/><F26/><W43/><G112/><T127/><D127/><U73/><E17/><V92/><F92/><AGARI ba="2,1" hai="19,20,24,52,59,61,72,73,75,80,83,88,92,96" machi="92" ten="40,8000,1" yaku="25,2,54,2" doraHai="6" who="1" fromWho="2" sc="347,0,163,96,240,-86,240,0" /><INIT seed="1,0,0,2,1,88" ten="347,259,154,240" oya="1" hai0="76,133,104,101,47,24,119,74,80,34,100,113,63" hai1="3,82,69,13,134,109,75,125,20,23,26,118,79" hai2="66,54,111,106,9,1,0,25,64,14,17,52,50" hai3="78,12,31,18,89,41,51,4,22,59,11,128,53"/><U15/><E3/><V99/><F111/><W7/><G128/><T115/><D119/><U129/><E118/><V35/><F35/><W97/><G78/><T29/><D133/><U124/><E69/><V132/><F132/><W105/><G41/><T8/><D101/><U37/><E37/><V42/><F25/><W27/><G105/><T32/><D32/><U122/><E134/><V87/><F0/><W19/><REACH who="3" step="1"/><G31/><REACH who="3" ten="347,259,154,230" step="2"/><T67/><D29/><N who="1" m="17607" /><E129/><V94/><F106/><W56/><G56/><T6/><D104/><U92/><E122/><V114/><F114/><W43/><G43/><T107/><D107/><U58/><E58/><V98/><F42/><W62/><G62/><T102/><D63/><U108/><E108/><V96/><F1/><W126/><G126/><T90/><D76/><U70/><E109/><V123/><F123/><W93/><AGARI ba="0,1" hai="4,7,11,12,18,19,22,27,51,53,59,89,93,97" machi="93" ten="30,7900,0" yaku="1,1,0,1,8,1,52,1,53,0" doraHai="88" doraHaiUra="36" who="3" fromWho="3" sc="347,-20,259,-39,154,-20,230,89" /><INIT seed="2,0,0,1,2,91" ten="327,220,134,319" oya="2" hai0="82,96,1,49,59,66,53,65,22,120,60,13,83" hai1="29,75,45,86,78,24,42,101,48,111,5,112,19" hai2="89,39,40,121,70,33,7,57,0,119,18,50,55" hai3="15,99,10,98,130,67,104,26,134,38,64,9,109"/><V77/><F121/><W54/><G38/><T97/><D1/><U73/><E112/><V30/><F119/><W17/><G109/><T25/><D13/><U2/><E19/><V20/><F70/><W118/><G118/><T127/><D127/><U61/><E111/><V116/><F116/><W47/><G130/><T51/><D51/><U114/><E114/><V32/><F77/><W35/><G134/><T69/><D120/><U81/><E101/><V6/><F30/><W11/><G104/><T103/><D66/><N who="3" m="25129" /><G35/><T106/><D97/><N who="3" m="36873" /><G26/><T44/><D69/><U135/><E61/><V117/><F117/><W72/><G72/><T108/><D108/><U115/><E115/><V52/><F33/><W94/><G94/><T95/><REACH who="0" step="1"/><D106/><REACH who="0" ten="317,220,134,319" step="2"/><U36/><E36/><V16/><F0/><W122/><G122/><T84/><D84/><U14/><E2/><V80/><F39/><W4/><G4/><T107/><D107/><U34/><E135/><V100/><F6/><W46/><G46/><T58/><D58/><U62/><E62/><V92/><F7/><W76/><G47/><T28/><AGARI ba="0,1" hai="22,25,28,44,49,53,59,60,65,82,83,95,96,103" machi="28" ten="20,12000,2" yaku="1,1,0,1,7,1,25,2,8,1,52,1,53,0" doraHai="91" doraHaiUra="71" who="0" fromWho="0" sc="317,130,220,-30,134,-60,319,-30" /><INIT seed="3,0,0,5,5,131" ten="447,190,74,289" oya="3" hai0="67,82,56,27,122,101,41,100,63,40,93,26,92" hai1="74,81,75,105,19,78,18,6,91,66,8,126,97" hai2="71,113,4,80,76,10,86,62,106,130,120,14,121" hai3="112,110,108,96,107,42,3,47,117,79,102,64,11"/><W128/><G117/><T88/><D122/><U84/><E126/><V35/><F113/><W24/><G112/><T70/><D70/><U30/><E30/><V12/><F130/><W116/><G116/><T36/><D82/><U127/><E127/><V85/><F35/><W118/><G118/><T90/><D36/><U50/><E66/><V77/><F106/><W72/><G128/><T33/><D33/><U32/><E32/><V13/><F71/><W21/><G64/><T45/><D45/><U89/><E50/><V98/><F98/><W9/><G3/><T65/><D56/><U23/><E75/><V115/><F62/><AGARI ba="0,0" hai="26,27,40,41,62,63,65,67,88,90,92,93,100,101" machi="62" ten="25,6400,0" yaku="22,2,8,1,54,1" doraHai="131" who="0" fromWho="2" sc="447,64,190,0,74,-64,289,0" /><INIT seed="4,0,0,2,4,76" ten="511,190,10,289" oya="0" hai0="14,66,118,57,106,101,102,131,11,18,93,92,88" hai1="29,17,103,127,120,12,21,7,27,4,94,128,112" hai2="53,40,16,56,46,75,74,81,107,58,13,59,90" hai3="36,79,42,54,64,38,61,9,15,3,70,68,130"/><T51/><D118/><U113/><E120/><V6/><F107/><W33/><G3/><T116/><D106/><U23/><E103/><V83/><F6/><N who="1" m="2089" /><E94/><V91/><F74/><W121/><G121/><T115/><D131/><U124/><E128/><V22/><F53/><W98/><G130/><T72/><D72/><U86/><E86/><V135/><F135/><W100/><G54/><N who="0" m="31967" /><D115/><AGARI ba="0,0" hai="12,17,21,23,27,29,112,113,115,124,127" m="2089" machi="115" ten="30,7700,0" yaku="15,1,11,1,34,2" doraHai="76" who="1" fromWho="0" sc="511,-77,190,77,10,0,289,0" /><INIT seed="5,0,0,5,4,45" ten="434,267,10,289" oya="1" hai0="75,96,84,121,116,0,81,90,94,107,27,125,10" hai1="20,67,108,105,118,12,8,130,124,37,47,31,113" hai2="89,40,30,51,83,32,79,28,63,104,76,71,21" hai3="73,58,48,43,119,9,77,52,17,41,42,82,61"/><U6/><E118/><V50/><F104/><W135/><G135/><T114/><D116/><U15/><E105/><V87/><F32/><W103/><G119/><T134/><D121/><U59/><E113/><V64/><F40/><W85/><G103/><T117/><D114/><U66/><E130/><V46/><F46/><N who="3" m="25695" /><G73/><T133/><D125/><U55/><E124/><V80/><F89/><W65/><G65/><T93/><D27/><U14/><E108/><V62/><F21/><W101/><G101/><N who="0" m="62887" /><D10/><U110/><E110/><V39/><F39/><W98/><G98/><T44/><D44/><U24/><E47/><V128/><F128/><W78/><G77/><N who="0" m="44223" /><D0/><U16/><E37/><V123/><F123/><W57/><G58/><T97/><D117/><U70/><E70/><V2/><F2/><W29/><G29/><T56/><D56/><U120/><E120/><V115/><F115/><W100/><G100/><AGARI ba="0,0" hai="84,90,93,94,97,100,133,134" m="44223,62887" machi="100" ten="30,3900,0" yaku="24,1,34,2" doraHai="45" who="0" fromWho="3" sc="434,39,267,0,10,0,289,-39" /><INIT seed="6,0,0,0,5,135" ten="473,267,10,250" oya="2" hai0="76,8,116,57,90,65,134,114,44,27,40,31,19" hai1="63,37,47,41,58,7,92,122,22,55,67,16,51" hai2="104,12,71,106,62,133,68,5,21,72,29,56,45" hai3="100,61,125,88,80,54,131,46,132,35,118,112,13"/><V126/><F72/><W110/><G118/><T25/><D114/><U98/><E122/><V60/><F133/><W48/><G110/><T130/><D76/><U95/><E7/><V2/><F2/><W33/><G132/><T30/><D130/><U127/><E127/><V1/><F1/><W10/><G125/><T32/><D134/><U91/><E95/><V81/><F126/><W113/><G131/><T102/><D102/><U82/><E82/><V73/><F73/><W103/><G61/><T36/><D57/><U89/><E89/><V28/><F81/><W119/><G119/><T14/><D65/><U86/><E86/><V109/><F5/><N who="3" m="3279" /><G35/><T78/><D78/><U26/><E37/><V3/><F3/><W15/><G15/><T85/><D116/><U59/><E59/><V79/><F12/><W38/><G38/><T6/><D6/><U52/><AGARI ba="0,0" hai="16,22,26,41,47,51,52,55,58,63,67,91,92,98" machi="52" ten="30,7900,0" yaku="0,1,8,1,54,2" doraHai="135" who="1" fromWho="1" sc="473,-20,267,79,10,-39,250,-20" owari="453,55.0,346,15.0,-29,-53.0,230,-17.0" /></mjloggm>