<mjloggm ver="2.3"><GO type="169" lobby="0"/><UN n0="%E3%81%B4%E3%81%AE" n1="%E4%BC%8A%E8%97%A4%E5%8D%83%E4%BD%B3" n2="%E3%81%B9%E3%81%A3%E3%81%93%E3%83%BC%E2%99%AA" n3="%EF%BC%88%E2%89%A7%E2%96%BD%E2%89%A6%EF%BC%89" dan="16,16,17,17" rate="2118.08,2069.32,2149.52,2169.88" sx="M,F,F,M"/><TAIKYOKU oya="0"/><INIT seed="0,0,0,5,0,29" ten="250,250,250,250" oya="0" hai0="41,110,130,131,82,121,81,77,56,84,55,109,8" hai1="63,103,59,91,30,86,85,79,83,15,72,70,1" hai2="3,25,123,2,127,33,53,57,9,21,20,24,104" hai3="134,125,71,50,106,44,98,32,43,16,42,26,19"/><T10/><D121/><U135/><E1/><V13/><F104/><W93/><G71/><T47/><D82/><U129/><E70/><V105/><F105/><W133/><G106/><T38/><D10/><U94/><E129/><N who="0" m="49161" /><D8/><U132/><E30/><V90/><F123/><W27/><G42/><T14/><D14/><U68/><E68/><V23/><F127/><W28/><G125/><T6/><D6/><U112/><E15/><V115/><F115/><W96/><G96/><T45/><D45/><U76/><E112/><V39/><F39/><W89/><REACH who="3" step="1"/><G27/><REACH who="3" ten="250,250,250,240" step="2"/><T95/><D95/><U46/><E94/><V102/><F24/><W35/><G35/><T37/><D37/><U116/><E132/><AGARI ba="0,1" hai="16,19,26,28,32,43,44,50,89,93,98,132,133,134" machi="132" ten="40,8000,1" yaku="1,1,20,1,52,1,54,1,53,0" doraHai="29" doraHaiUra="122" who="3" fromWho="1" sc="250,0,250,-80,250,0,240,90" /><INIT seed="1,0,0,5,2,10" ten="250,170,250,330" oya="1" hai0="59,11,27,95,15,113,63,82,62,40,114,66,73" hai1="89,48,86,97,132,52,100,127,0,102,117,69,49" hai2="126,104,51,122,20,61,13,128,109,75,60,90,56" hai3="108,23,77,41,83,32,107,125,131,124,26,71,17"/><U119/><E0/><V55/><F122/><W98/><G71/><T46/><D27/><U111/><E69/><V7/><F104/><W43/><G32/><T21/><D21/><U14/><E127/><N who="3" m="48714" /><G108/><T42/><D95/><U12/><E111/><V8/><F109/><W50/><G50/><T2/><D2/><U25/><E132/><V85/><F126/><W67/><G67/><T101/><D101/><N who="1" m="39019" /><E117/><V112/><F112/><W115/><G115/><T130/><D130/><U110/><E110/><V80/><F128/><W68/><G68/><T16/><D63/><U33/><E33/><V44/><F75/><N who="3" m="43455" /><G131/><T4/><D4/><U121/><E121/><V9/><F56/><W64/><G64/><T54/><D66/><U91/><E119/><V135/><F135/><W39/><G39/><T35/><D35/><U70/><E70/><V72/><F72/><W37/><G37/><T65/><D65/><U129/><E129/><V18/><REACH who="2" step="1"/><F9/><REACH who="2" ten="250,170,240,330" step="2"/><W3/><G107/><T81/><D73/><U34/><E34/><V133/><F133/><W92/><G3/><AGARI ba="0,1" hai="3,7,8,13,18,20,44,51,55,60,61,80,85,90" machi="3" ten="30,3900,0" yaku="1,1,7,1,52,1,53,0" doraHai="10" doraHaiUra="118" who="2" fromWho="3" sc="250,0,170,0,240,49,330,-39" /><INIT seed="2,0,0,0,1,130" ten="250,170,289,291" oya="2" hai0="126,98,131,89,106,23,60,85,122,104,53,29,135" hai1="14,117,74,114,0,120,86,124,67,51,17,10,129" hai2="7,123,30,59,64,109,38,41,52,19,61,134,45" hai3="96,48,132,107,102,91,75,110,21,49,6,125,22"/><V8/><F123/><W112/><G75/><T16/><D122/><U111/><E67/><V43/><F109/><W101/><G110/><T56/><D131/><U84/><E111/><V83/><F134/><W70/><G70/><T44/><D135/><U4/><E120/><V94/><F30/><W46/><G132/><T54/><D126/><U65/><E129/><V95/><F43/><W37/><G102/><T115/><D115/><U90/><E114/><V34/><F34/><W55/><G37/><T103/><D29/><U119/><E74/><V12/><F83/><W42/><G125/><T118/><D118/><U58/><E124/><V78/><F78/><W66/><G66/><T3/><D3/><U68/><E68/><V92/><F7/><W39/><G112/><T11/><D11/><U87/><E90/><V133/><F133/><W79/><G79/><T93/><D44/><U36/><E36/><V28/><F28/><W40/><G6/><T1/><D1/><U32/><E32/><V127/><F127/><W105/><G105/><T26/><REACH who="0" step="1"/><D54/><REACH who="0" ten="240,170,289,291" step="2"/><N who="1" m="32095" /><E117/><V18/><F19/><W76/><G55/><T73/><D73/><U33/><E119/><V72/><F72/><W97/><G46/><T35/><D35/><U50/><E33/><V20/><F8/><W24/><G39/><T27/><D27/><U13/><E0/><V69/><REACH who="2" step="1"/><F94/><AGARI ba="0,1" hai="16,23,26,53,56,60,85,89,93,94,98,103,104,106" machi="94" ten="30,7700,0" yaku="1,1,7,1,54,1,53,1" doraHai="130" doraHaiUra="57" who="0" fromWho="2" sc="240,87,170,0,289,-77,291,0" /><INIT seed="3,0,0,2,4,85" ten="327,170,212,291" oya="3" hai0="83,7,110,24,20,43,130,116,108,70,103,52,107" hai1="54,41,81,15,106,94,119,47,8,61,79,35,134" hai2="87,16,58,50,19,93,120,27,78,30,48,40,60" hai3="34,38,45,91,10,82,11,67,36,26,1,127,14"/><W71/><G1/><T128/><D70/><U104/><E35/><V74/><F74/><W4/><G127/><T89/><D116/><U90/><E119/><V132/><F120/><W55/><G11/><T64/><D43/><U115/><E115/><V125/><F125/><W126/><G126/><T37/><D37/><U129/><E129/><N who="0" m="49769" /><D64/><U124/><E124/><V75/><F132/><W105/><G105/><T72/><D7/><U69/><E134/><V39/><F75/><W59/><G45/><T117/><D117/><U0/><E0/><V111/><F111/><N who="0" m="42538" /><D52/><U28/><E28/><V121/><F121/><W62/><G26/><T51/><D51/><U9/><E54/><V77/><F39/><W57/><G34/><T80/><D72/><U123/><E123/><V29/><F40/><W56/><REACH who="3" step="1"/><G55/><REACH who="3" ten="327,170,212,281" step="2"/><T102/><D107/><U63/><E104/><V13/><F27/><W25/><G25/><T23/><D24/><U122/><E106/><V88/><F30/><W17/><G17/><N who="2" m="6729" /><F29/><W114/><G114/><T86/><D20/><U112/><E112/><V3/><F3/><W21/><G21/><T135/><D23/><U6/><E122/><V100/><F13/><W12/><G12/><T101/><D135/><U113/><E113/><V99/><F48/><W98/><G98/><T5/><D5/><U49/><E9/><V53/><F50/><W118/><G118/><T18/><D18/><U32/><E32/><V22/><F22/><W33/><G33/><T133/><D133/><U31/><E15/><V42/><F42/><W44/><G44/><T92/><AGARI ba="0,1" hai="80,83,86,89,92,101,102,103" m="42538,49769" machi="92" ten="40,12000,2" yaku="5,1,19,1,14,1,34,2,52,1" doraHai="85" who="0" fromWho="0" sc="327,130,170,-30,212,-30,281,-60" /><INIT seed="4,0,0,2,3,51" ten="457,140,182,221" oya="0" hai0="11,35,70,90,123,57,49,45,87,25,61,33,129" hai1="60,16,102,46,132,21,101,131,17,121,73,65,84" hai2="22,96,130,23,89,20,71,69,24,40,78,63,26" hai3="124,54,59,28,117,30,111,110,79,88,58,18,106"/><T94/><D123/><U100/><E121/><V19/><F78/><W86/><G106/><T103/><D70/><U44/><E73/><V31/><F40/><W56/><G117/><T10/><D129/><U104/><E131/><V36/><F36/><W1/><G1/><T128/><D103/><U93/><E132/><V43/><F43/><W13/><G124/><T133/><D133/><U39/><E104/><V105/><F130/><W118/><G118/><T113/><D113/><U81/><E39/><V2/><F2/><W27/><G79/><T125/><D125/><U12/><E93/><V122/><F122/><W48/><G110/><T6/><D25/><U55/><E17/><V108/><F108/><W115/><G115/><T91/><D91/><U127/><E127/><V120/><F120/><W3/><G3/><T52/><D128/><U134/><E134/><V114/><F114/><W112/><G112/><T107/><D107/><U109/><E109/><V14/><F63/><W80/><G111/><T97/><D97/><U8/><E8/><V38/><F38/><W0/><G0/><T34/><REACH who="0" step="1"/><D6/><REACH who="0" ten="447,140,182,221" step="2"/><U67/><E100/><V29/><REACH who="2" step="1"/><F89/><REACH who="2" ten="447,140,172,221" step="2"/><W5/><G88/><T135/><D135/><U126/><E126/><V42/><F42/><AGARI ba="0,2" hai="10,11,33,34,35,42,45,49,52,57,61,87,90,94" machi="42" ten="40,12000,1" yaku="1,1,52,1,54,1,53,2" doraHai="51" doraHaiUra="4" who="0" fromWho="2" sc="447,140,140,0,172,-120,221,0" /><INIT seed="4,1,0,1,0,65" ten="587,140,52,221" oya="0" hai0="38,16,36,44,39,101,45,80,19,72,129,110,35" hai1="47,46,59,103,29,91,22,33,122,132,68,26,135" hai2="10,126,107,64,114,104,42,95,105,78,7,30,89" hai3="27,40,94,66,28,60,69,32,118,57,134,17,102"/><T130/><D35/><U51/><E122/><V99/><F126/><W3/><G118/><T125/><D101/><U128/><E128/><V48/><F114/><W12/><G134/><N who="1" m="51242" /><E103/><V71/><F30/><W93/><G3/><T11/><D80/><U88/><E68/><V124/><F124/><W121/><G121/><T58/><D72/><U127/><E127/><V74/><F78/><W41/><G57/><T2/><D125/><U62/><E33/><V81/><F81/><W70/><G70/><T67/><D67/><N who="1" m="39391" /><E47/><V1/><F74/><W23/><REACH who="3" step="1"/><G93/><REACH who="3" ten="587,140,52,211" step="2"/><T119/><D119/><U54/><AGARI ba="1,1" hai="22,26,29,46,51,54,88,91" m="39391,51242" machi="54" ten="30,2000,0" yaku="20,1,54,1" doraHai="65" who="1" fromWho="1" sc="587,-11,140,33,52,-6,211,-6" /><INIT seed="5,0,0,1,1,25" ten="576,173,46,205" oya="1" hai0="85,27,132,64,41,81,92,76,115,72,52,95,65" hai1="0,30,7,67,120,106,39,111,80,122,49,119,97" hai2="31,134,84,15,101,103,99,9,40,98,133,46,57" hai3="24,116,53,88,34,26,113,2,37,118,62,28,43"/><U45/><E119/><N who="3" m="45610" /><G2/><T86/><D72/><U71/><E111/><V126/><F126/><W121/><G121/><T112/><D41/><U55/><E7/><V19/><F57/><N who="3" m="35119" /><G113/><T23/><D115/><U105/><E0/><V38/><F84/><W130/><G130/><T14/><D112/><U70/><E39/><V68/><F68/><W20/><G88/><T59/><D14/><U29/><E71/><V44/><F44/><N who="3" m="23663" /><G26/><T102/><D102/><U66/><E70/><V96/><REACH who="2" step="1"/><F31/><REACH who="2" ten="576,173,36,205" step="2"/><W125/><G125/><T58/><D86/><U109/><E29/><V17/><F17/><W89/><G89/><T108/><D85/><U8/><E30/><V104/><F104/><W63/><G63/><T83/><D108/><U79/><E109/><V110/><F110/><W129/><G129/><T54/><D76/><U91/><E79/><V35/><F35/><AGARI ba="0,1" hai="20,24,28,34,35" m="23663,35119,45610" machi="35" ten="30,2000,0" yaku="12,1,52,1" doraHai="25" who="3" fromWho="2" sc="576,0,173,0,36,-20,205,30" /><INIT seed="6,0,0,1,5,126" ten="576,173,16,235" oya="2" hai0="118,79,9,121,97,115,45,37,107,134,16,41,68" hai1="54,129,112,7,123,82,73,52,27,60,59,49,102" hai2="63,103,8,117,14,44,61,22,114,65,132,78,66" hai3="124,4,71,90,5,127,109,133,96,24,32,69,80"/><V76/><F117/><W34/><G109/><T87/><D68/><U74/><E7/><V101/><F132/><W36/><G36/><T46/><D134/><U28/><E123/><V55/><F22/><W50/><G50/><T39/><D107/><U20/><E112/><V51/><F114/><W56/><G56/><T10/><D97/><U130/><E102/><V64/><F101/><W95/><G80/><T72/><D72/><U108/><E108/><V40/><F103/><W85/><G96/><T38/><D115/><U57/><REACH who="1" step="1"/><E82/><REACH who="1" ten="576,163,16,235" step="2"/><V30/><F30/><N who="3" m="19527" /><G133/><T42/><D121/><U93/><E93/><V91/><F91/><W110/><G110/><T47/><D118/><U67/><E67/><V116/><F116/><W120/><G120/><T113/><D113/><U35/><E35/><V92/><F92/><W58/><G34/><T31/><D31/><U77/><E77/><N who="2" m="29803" /><F55/><W104/><G104/><T122/><D122/><U3/><E3/><V25/><F25/><W18/><G95/><T105/><D79/><U106/><E106/><V33/><F33/><W2/><G90/><T119/><D105/><U86/><E86/><V135/><F135/><W94/><G85/><T12/><D87/><U26/><E26/><V17/><AGARI ba="0,1" hai="8,14,17,40,44,51,61,63,64,65,66" m="29803" machi="17" ten="30,1500,0" yaku="8,1" doraHai="126" who="2" fromWho="2" sc="576,-5,163,-5,16,25,235,-5" /><INIT seed="6,1,0,0,5,81" ten="571,158,41,230" oya="2" hai0="50,25,20,113,128,0,45,31,132,3,67,18,23" hai1="133,47,27,108,34,26,119,52,9,79,101,40,62" hai2="72,90,75,1,98,94,11,4,35,61,33,66,28" hai3="111,36,126,55,89,100,14,19,43,102,77,104,65"/><V127/><F127/><W60/><G111/><T112/><D132/><U83/><E108/><V96/><F96/><W29/><G126/><T58/><D67/><U135/><E119/><V68/><REACH who="2" step="1"/><F28/><REACH who="2" ten="571,158,31,230" step="2"/><W57/><G29/><T42/><D31/><U51/><E34/><AGARI ba="1,1" hai="1,4,11,33,34,35,61,66,68,72,75,90,94,98" machi="34" ten="40,3900,0" yaku="1,1,2,1,53,0" doraHai="81" doraHaiUra="46" who="2" fromWho="1" sc="571,0,158,-42,31,52,230,0" /><INIT seed="6,2,0,5,3,21" ten="571,116,83,230" oya="2" hai0="48,101,30,25,133,105,53,22,78,135,36,40,96" hai1="28,87,129,99,84,122,66,71,89,131,90,3,16" hai2="121,57,11,58,94,62,39,42,79,104,134,24,68" hai3="44,49,34,26,70,74,64,1,100,128,125,18,108"/><V2/><F104/><W5/><G74/><T19/><D78/><U76/><E3/><V82/><F121/><W35/><G108/><T33/><D40/><U23/><E122/><V52/><F134/><N who="0" m="51210" /><D36/><U56/><E71/><V88/><F68/><W80/><G100/><T115/><D115/><U116/><E28/><V107/><F107/><W38/><G49/><T59/><D19/><U130/><E116/><V69/><F69/><W20/><G64/><T63/><D63/><N who="1" m="38247" /><E99/><V45/><F58/><W112/><G70/><T60/><D60/><U97/><E97/><V67/><F67/><W13/><G1/><T6/><D6/><U95/><E76/><V126/><F126/><W65/><G65/><T92/><D33/><U0/><E0/><V10/><F2/><W75/><G75/><T4/><D4/><U77/><E77/><V72/><REACH who="2" step="1"/><F24/><REACH who="2" ten="571,116,73,230" step="2"/><W109/><G26/><T113/><D113/><U111/><E111/><V81/><F81/><W54/><G80/><T17/><D105/><U14/><E95/><V31/><F31/><W106/><G106/><T117/><D30/><U41/><E129/><V73/><F73/><W124/><G124/><T37/><D92/><N who="1" m="54311" /><E131/><V118/><F118/><W9/><G125/><T132/><D132/><U123/><E130/><V32/><F32/><W114/><G128/><T8/><D117/><U7/><E123/><V127/><F127/><W47/><G114/><T102/><D59/><U85/><E85/><AGARI ba="2,1" hai="10,11,39,42,45,52,57,62,72,79,82,85,88,94" machi="85" ten="30,11600,0" yaku="1,1,7,1,54,2,53,0" doraHai="21" doraHaiUra="110" who="2" fromWho="1" sc="571,0,116,-122,73,132,230,0" owari="571,67.0,-6,-51.0,205,-19.0,230,3.0" /></mjloggm>