<mjloggm ver="2.3"><GO type="41"/><UN n0="%6D%69%74%75%30%39%32%32" n1="%E8%A5%BF%E3%82%A2%E3%82%BA%E3%83%8A%E3%83%96%E3%83%AB" n2="%E3%82%A6%E3%83%AB%E3%83%88%E3%83%A9%E7%AB%8B%E7%9B%B4" n3="%E8%A6%AA%E4%B8%8D%E5%AD%9D%E5%B8%8C" dan="14,14,15,14" rate="1902,1962,1936,1959" sx="M,M,M,M"/><TAIKYOKU oya="0"/><INIT seed="0,0,0,0,3,123" ten="250,250,250,250" oya="0" hai0="101,116,80,126,87,34,16,57,71,15,29,27,88" hai1="60,42,75,73,131,108,23,31,45,62,64,89,66" hai2="8,28,33,53,91,79,124,70,109,120,38,102,52" hai3="125,82,69,103,114,84,85,11,130,132,18,115,128"/><T92/><D116/><U2/><E2/><V127/><F102/><W105/><G69/><T93/><D71/><U41/><E131/><N who="3" m="50218" /><G11/><T10/><D126/><U54/><E89/><V95/><F79/><W30/><G30/><T113/><D113/><N who="3" m="43017" /><G18/><T98/><REACH who="0" step="1"/><D57/><REACH who="0" ten="240,250,250,250" step="2"/><U65/><E45/><V129/><F70/><W3/><G125/><T96/><D96/><U135/><E66/><V112/><F112/><W19/><G132/><T119/><D119/><U26/><E65/><V63/><F129/><W4/><G85/><T9/><D9/><U56/><E75/><V1/><F8/><W100/><G84/><T0/><D0/><U20/><E73/><V49/><F1/><W90/><G3/><T72/><D72/><U97/><E97/><V74/><F74/><W5/><G103/><T77/><D77/><U68/><E68/><V78/><F78/><W59/><G100/><T6/><D6/><U21/><E135/><V99/><F124/><W61/><G105/><AGARI ba="0,1" hai="10,15,16,27,29,34,80,87,88,92,93,98,101,105" machi="105" ten="30,11600,0" yaku="1,1,7,1,54,2,53,0" doraHai="123" doraHaiUra="58" who="0" fromWho="3" sc="240,126,250,0,250,0,250,-116" /><INIT seed="0,1,0,1,3,133" ten="366,250,250,134" oya="0" hai0="35,31,2,64,90,25,58,108,93,40,96,82,74" hai1="117,113,104,109,44,126,32,39,68,19,129,6,46" hai2="22,50,103,125,80,86,87,92,99,66,75,118,60" hai3="9,49,26,53,23,112,105,123,101,5,84,12,115"/><T95/><D2/><U121/><E46/><V62/><F62/><W106/><G123/><T134/><D134/><U91/><E44/><V17/><F50/><W127/><G127/><T72/><D40/><U111/><E91/><V76/><F118/><W36/><G36/><T100/><D82/><U1/><E19/><V10/><F10/><W59/><G84/><T132/><D132/><U110/><E6/><V116/><F116/><W119/><G119/><T28/><D28/><U79/><E79/><V14/><REACH who="2" step="1"/><F125/><REACH who="2" ten="366,250,240,134" step="2"/><W37/><G37/><T34/><D108/><U13/><E111/><V130/><F130/><W89/><G115/><T135/><D135/><U21/><E110/><V83/><F83/><W0/><G112/><T81/><D81/><U18/><E109/><V124/><F124/><W98/><G89/><T42/><D35/><U107/><E126/><V85/><F85/><W48/><G48/><T122/><D122/><U120/><E113/><V65/><F65/><W97/><G97/><T77/><D77/><U56/><E121/><V38/><F38/><W24/><G106/><T73/><D42/><U27/><E120/><V4/><F4/><W57/><G0/><T102/><REACH who="0" step="1"/><D95/><REACH who="0" ten="356,250,240,134" step="2"/><U3/><E117/><V94/><F94/><W63/><REACH who="3" step="1"/><G23/><REACH who="3" ten="356,250,240,124" step="2"/><T51/><D51/><U33/><E3/><V131/><F131/><W45/><G45/><T70/><D70/><AGARI ba="1,3" hai="14,17,22,60,66,70,75,76,80,86,87,92,99,103" machi="70" ten="30,2000,0" yaku="1,1,7,1,53,0" doraHai="133" doraHaiUra="69" who="2" fromWho="0" sc="356,-23,250,0,240,53,124,0" /><INIT seed="1,0,0,5,5,95" ten="333,250,293,124" oya="1" hai0="84,77,78,132,52,125,0,20,133,17,109,126,98" hai1="123,2,94,46,100,44,88,11,117,74,101,97,24" hai2="12,29,102,112,121,36,62,129,33,14,111,21,93" hai3="116,72,104,49,4,7,108,51,76,90,86,59,37"/><U134/><E123/><V61/><F36/><W47/><G37/><T9/><D109/><U122/><E122/><V107/><F33/><W85/><G104/><T115/><D84/><U82/><E117/><V35/><F35/><W54/><G108/><T114/><D9/><U135/><E24/><V23/><F107/><W30/><G116/><T124/><D0/><U69/><E69/><V70/><F70/><W41/><G30/><T99/><D52/><U32/><E32/><V1/><F1/><W26/><G26/><T31/><D31/><U43/><E46/><V45/><F45/><W105/><G105/><T81/><D20/><U131/><E74/><V25/><F112/><N who="0" m="43050" /><D17/><U67/><E67/><V53/><F111/><W83/><REACH who="3" step="1"/><G72/><REACH who="3" ten="333,250,293,114" step="2"/><N who="0" m="43175" /><D78/><U103/><E2/><V15/><F121/><W57/><G57/><T119/><D119/><U10/><E44/><V28/><F28/><W66/><G66/><T8/><D8/><N who="1" m="3115" /><E43/><V5/><F5/><W113/><G113/><T39/><D39/><U27/><E27/><V96/><F23/><W80/><AGARI ba="0,1" hai="4,7,41,47,49,51,54,59,76,80,83,85,86,90" machi="80" ten="20,12000,2" yaku="1,1,0,1,7,1,8,1,53,2" doraHai="95" doraHaiUra="3" who="3" fromWho="3" sc="333,-30,250,-60,293,-30,114,130" /><INIT seed="2,0,0,5,4,14" ten="303,190,263,244" oya="2" hai0="29,26,102,132,119,8,37,64,134,49,4,60,131" hai1="85,82,15,56,91,34,104,53,74,100,125,112,44" hai2="105,108,19,1,36,107,118,89,16,21,68,135,11" hai3="46,6,41,66,24,51,42,55,7,9,54,120,57"/><V115/><F36/><W45/><G120/><T32/><D37/><U28/><E112/><V128/><F68/><W31/><G66/><T83/><D119/><U106/><E125/><V97/><F118/><W43/><G9/><T73/><D49/><U98/><E44/><V121/><F121/><W101/><G101/><T99/><D131/><U59/><E56/><V126/><F115/><W103/><G103/><T23/><D83/><U65/><E65/><V35/><F35/><W70/><G70/><N who="0" m="42247" /><D23/><U111/><E74/><V114/><F114/><W30/><G46/><T130/><D130/><U79/><E28/><N who="3" m="10794" /><G24/><T113/><D113/><U58/><E53/><V2/><F105/><W122/><G122/><T96/><D96/><U77/><E34/><V76/><F107/><W78/><G78/><T123/><D123/><U88/><E106/><V71/><F71/><W0/><G0/><N who="0" m="7" /><D73/><U12/><E79/><V39/><F1/><W47/><G47/><T110/><D110/><U20/><E111/><V3/><F3/><W94/><G94/><T133/><D99/><U67/><E67/><V81/><F2/><W87/><G87/><T93/><D93/><U95/><E91/><V116/><F39/><W86/><G86/><T50/><D50/><AGARI ba="0,0" hai="6,7,41,42,43,45,50,51,54,55,57" m="10794" machi="50" ten="30,1000,0" yaku="8,1" doraHai="14" who="3" fromWho="0" sc="303,-10,190,0,263,0,244,10" /><INIT seed="3,0,0,2,3,90" ten="293,190,263,254" oya="3" hai0="39,29,116,56,51,64,115,126,44,111,11,96,108" hai1="117,75,94,61,131,134,40,69,84,23,48,88,66" hai2="77,95,133,59,105,118,128,132,70,33,0,121,52" hai3="20,122,86,32,79,62,58,101,71,104,125,13,27"/><W80/><G122/><T91/><D116/><U25/><E75/><V24/><F77/><W50/><G125/><T67/><D29/><U65/><E117/><V83/><F83/><W93/><G104/><T6/><D126/><U36/><E131/><V9/><F70/><W112/><G112/><T18/><D115/><U42/><E134/><N who="2" m="51819" /><F105/><W76/><G71/><T78/><D78/><U106/><E106/><V12/><F0/><W5/><G32/><T135/><D135/><U47/><E66/><N who="0" m="25129" /><D18/><U60/><E61/><V120/><F128/><W55/><G76/><T130/><D130/><U22/><E36/><V15/><F118/><W129/><G129/><T2/><D56/><U28/><REACH who="1" step="1"/><E40/><REACH who="1" ten="293,180,263,254" step="2"/><V21/><F121/><W103/><G62/><T19/><D39/><U17/><E17/><N who="2" m="12335" /><F120/><W34/><G5/><T41/><D19/><U35/><AGARI ba="0,1" hai="22,23,25,28,35,42,47,48,60,65,69,84,88,94" machi="35" ten="20,8000,1" yaku="1,1,0,1,7,1,52,1,54,1,53,0" doraHai="90" doraHaiUra="68" who="1" fromWho="1" sc="293,-20,180,90,263,-20,254,-40" /><INIT seed="4,0,0,3,4,46" ten="273,270,243,214" oya="0" hai0="55,37,15,75,98,29,126,52,132,17,93,100,78" hai1="91,85,13,123,106,1,84,68,11,73,2,31,47" hai2="36,45,30,135,5,56,134,9,42,16,65,96,10" hai3="40,32,128,129,53,87,44,112,108,131,69,127,20"/><T89/><D37/><U133/><E73/><V35/><F30/><W12/><G32/><T33/><D126/><U4/><E31/><V117/><F35/><W130/><G108/><T111/><D132/><N who="2" m="50730" /><F96/><W74/><G74/><T26/><D111/><U121/><E133/><V63/><F5/><W51/><G127/><T86/><D75/><U8/><E106/><V102/><F102/><W125/><G125/><T82/><REACH who="0" step="1"/><D78/><REACH who="0" ten="263,270,243,214" step="2"/><U92/><E123/><V101/><F117/><W6/><G128/><T54/><D54/><U95/><E121/><V79/><F79/><W118/><G118/><T116/><D116/><U24/><E84/><V107/><F36/><W7/><G87/><T38/><D38/><U43/><E85/><V59/><F65/><W22/><G53/><T97/><D97/><U114/><E43/><V83/><F42/><W113/><G40/><T18/><D18/><U94/><E4/><V110/><F16/><W34/><G131/><T67/><D67/><U115/><E91/><V3/><F110/><W48/><G12/><T21/><AGARI ba="0,1" hai="15,17,21,26,29,33,52,55,82,86,89,93,98,100" machi="21" ten="20,7800,0" yaku="1,1,0,1,7,1,54,1,53,0" doraHai="46" doraHaiUra="60" who="0" fromWho="0" sc="263,88,270,-26,243,-26,214,-26" /><INIT seed="4,1,0,4,0,53" ten="351,244,217,188" oya="0" hai0="33,43,95,125,32,5,21,91,42,100,67,3,128" hai1="76,56,64,131,27,15,31,57,9,51,45,82,68" hai2="13,117,54,103,0,89,60,35,118,23,58,99,22" hai3="130,80,104,55,18,108,46,37,17,52,106,12,85"/><T39/><D125/><U38/><E38/><V134/><F35/><W113/><G108/><T92/><D128/><U10/><E9/><V87/><F0/><W132/><G130/><T112/><D100/><U36/><E36/><V127/><F127/><W30/><G113/><T122/><D39/><U49/><E49/><V97/><F134/><W109/><G109/><T83/><D122/><U66/><E131/><V94/><F97/><W74/><G74/><T48/><D112/><U41/><E68/><V90/><F90/><W20/><G132/><T44/><D3/><U26/><E66/><V1/><F1/><W24/><G37/><T61/><D5/><U84/><E64/><V69/><F69/><W135/><G135/><T8/><D43/><U59/><REACH who="1" step="1"/><E31/><REACH who="1" ten="351,234,217,188" step="2"/><V119/><REACH who="2" step="1"/><F13/><REACH who="2" ten="351,234,207,188" step="2"/><W78/><G30/><T34/><D8/><U81/><E81/><AGARI ba="1,2" hai="22,23,54,58,60,81,87,89,94,99,103,117,118,119" machi="81" ten="40,8000,1" yaku="1,1,2,1,12,1,52,1,53,0" doraHai="53" doraHaiUra="124" who="2" fromWho="1" sc="351,0,234,-83,207,103,188,0" /><INIT seed="5,0,0,1,2,43" ten="351,151,310,188" oya="1" hai0="95,27,55,33,50,58,124,26,21,48,16,86,52" hai1="13,87,11,24,79,131,99,14,106,62,10,25,81" hai2="125,49,70,92,97,94,3,34,104,93,54,82,32" hai3="31,130,56,61,116,74,96,100,17,15,0,7,44"/><U117/><E117/><V9/><F70/><W73/><G130/><T123/><D33/><U68/><E131/><V39/><F39/><W128/><G116/><T8/><D124/><U105/><E99/><V75/><F34/><W84/><G128/><T59/><D123/><U77/><E68/><V71/><F32/><W133/><G133/><T29/><D8/><U66/><E62/><V4/><F71/><W35/><G84/><T46/><D29/><U28/><E66/><V134/><F134/><W108/><G108/><T37/><D37/><U6/><E28/><V12/><F3/><W69/><G69/><T118/><D118/><U85/><E81/><V89/><F125/><W88/><G44/><N who="0" m="27655" /><D27/><U47/><E47/><V119/><F119/><W42/><G42/><T23/><D23/><U129/><E129/><V110/><F110/><W121/><G121/><T67/><D67/><U64/><E64/><V112/><F112/><W111/><G111/><T30/><D30/><U102/><E102/><V135/><F135/><W65/><G31/><T103/><D103/><U41/><E41/><V114/><F114/><W122/><G35/><T72/><D72/><U83/><E83/><V36/><F36/><W22/><G122/><T78/><D78/><U120/><E120/><V80/><F104/><W51/><G0/><T1/><D1/><U38/><E38/><V57/><F75/><W5/><G73/><T90/><AGARI ba="0,0" hai="16,21,26,46,50,55,58,59,86,90,95" m="27655" machi="90" ten="30,8000,1" yaku="8,1,52,2,54,2" doraHai="43" who="0" fromWho="0" sc="351,80,151,-40,310,-20,188,-20" /><INIT seed="6,0,0,0,3,8" ten="431,111,290,168" oya="2" hai0="16,20,81,105,52,79,9,87,90,13,65,88,118" hai1="121,0,56,89,119,41,78,22,69,63,36,111,15" hai2="59,35,60,83,44,135,29,75,99,93,50,108,12" hai3="76,37,95,72,55,64,116,97,6,112,84,70,96"/><V114/><F29/><W125/><G116/><T48/><D105/><U123/><E119/><V58/><F35/><W47/><G125/><T103/><D65/><U104/><E78/><V115/><F83/><W133/><G133/><T14/><D118/><U67/><E104/><V61/><F75/><W49/><G112/><N who="2" m="43049" /><F135/><W92/><G37/><T71/><D71/><U68/><E89/><V106/><F106/><W10/><G72/><T28/><D28/><U33/><E33/><V127/><F127/><W24/><G24/><T117/><D103/><U73/><E0/><V132/><F132/><W38/><G38/><T23/><D117/><U126/><E73/><V130/><F130/><W46/><G46/><N who="0" m="27671" /><D9/><U66/><E126/><V100/><F108/><W40/><G40/><T27/><D23/><U53/><E15/><AGARI ba="0,0" hai="13,14,15,16,20,27,79,81,87,88,90" m="27671" machi="15" ten="30,12000,2" yaku="8,1,52,3,54,3" doraHai="8" who="0" fromWho="1" sc="431,120,111,-120,290,0,168,0" owari="551,65.0,-9,-51.0,290,9.0,168,-23.0" /></mjloggm>