<mjloggm ver="2.3"><GO type="41"/><UN n0="%E3%82%A6%E3%83%AB%E3%83%88%E3%83%A9%E7%AB%8B%E7%9B%B4" n1="%E8%8F%8A%E9%96%80%E9%96%8B%E8%8A%B1" n2="%61%6B%69%72%61%32" n3="%E3%82%A2%E3%82%B6%E3%83%9F%E3%82%A6%E3%83%9E" dan="15,13,13,14" rate="1934,2029,1869,1956" sx="M,M,M,M"/><TAIKYOKU oya="0"/><INIT seed="0,0,0,3,5,54" ten="250,250,250,250" oya="0" hai0="84,17,79,38,114,92,5,66,16,81,91,125,89" hai1="129,15,77,78,62,34,11,110,2,12,28,63,57" hai2="58,8,30,93,49,103,6,23,87,82,25,76,39" hai3="45,70,52,43,24,74,71,51,33,98,86,122,80"/><T42/><D114/><U131/><E110/><V4/><F39/><W31/><G74/><T127/><D5/><N who="1" m="1463" /><E34/><V119/><F119/><W29/><G29/><T61/><D42/><U69/><E69/><V132/><F132/><W100/><G43/><T3/><D38/><U104/><E28/><V117/><F117/><W44/><G44/><T73/><D3/><U47/><E47/><V19/><F30/><W75/><G75/><T112/><D112/><U72/><E63/><V21/><F21/><W133/><G122/><T121/><D121/><U115/><E104/><V41/><F8/><W65/><G65/><T105/><D105/><U123/><E123/><V37/><F37/><W68/><G133/><T102/><D91/><U46/><E46/><V35/><F35/><W13/><G13/><N who="1" m="5194" /><E72/><V99/><REACH who="2" step="1"/><F41/><REACH who="2" ten="250,250,240,250" step="2"/><W50/><G50/><T97/><D17/><U56/><E115/><V27/><F27/><W101/><REACH who="3" step="1"/><G98/><REACH who="3" ten="250,250,240,240" step="2"/><T126/><D126/><U26/><E26/><V18/><F18/><W53/><G53/><AGARI ba="0,2" hai="4,6,19,23,25,49,53,58,76,82,87,93,99,103" machi="53" ten="40,5200,0" yaku="1,1,8,1,52,1,53,0" doraHai="54" doraHaiUra="134" who="2" fromWho="3" sc="250,0,250,0,240,72,240,-52" /><INIT seed="1,0,0,5,2,91" ten="250,250,312,188" oya="1" hai0="115,72,56,103,19,37,96,61,35,100,29,119,24" hai1="125,62,113,123,36,6,49,110,79,9,30,85,98" hai2="132,89,67,106,111,87,47,63,134,38,57,46,76" hai3="50,53,97,83,31,68,104,12,17,4,60,118,8"/><U11/><E113/><V69/><F106/><W45/><G118/><T3/><D37/><U25/><E123/><V27/><F27/><W128/><G128/><T92/><D72/><U64/><E36/><V121/><F121/><W44/><G31/><T130/><D119/><U86/><E125/><V117/><F111/><W32/><G32/><T0/><D130/><U112/><E112/><V105/><F105/><W135/><G135/><N who="2" m="51753" /><F117/><W48/><G4/><T78/><D78/><U126/><E126/><V124/><F76/><W133/><G133/><T90/><D115/><U5/><E49/><V70/><F89/><W65/><G83/><T66/><D103/><U75/><E75/><V2/><F2/><W15/><G15/><T16/><D3/><U34/><E98/><V81/><F81/><W51/><G104/><T84/><D0/><U99/><E99/><V82/><F82/><AGARI ba="0,0" hai="16,19,24,29,35,56,61,66,82,84,90,92,96,100" machi="82" ten="30,3900,0" yaku="7,1,52,1,54,1" doraHai="91" who="0" fromWho="2" sc="250,39,250,0,312,-39,188,0" /><INIT seed="2,0,0,0,1,98" ten="289,250,273,188" oya="2" hai0="87,110,23,34,65,132,6,47,36,3,21,35,61" hai1="70,112,111,54,90,114,32,120,15,59,69,45,131" hai2="16,52,18,14,84,77,24,130,108,92,94,76,62" hai3="38,40,123,28,60,1,85,102,100,74,99,129,78"/><V48/><F130/><W126/><G1/><T49/><D36/><U7/><E32/><V27/><F108/><W105/><G28/><T64/><D34/><U25/><E25/><V117/><F117/><W127/><G60/><T33/><D35/><U58/><E7/><V20/><F62/><W26/><G26/><T104/><D6/><U4/><E4/><V121/><F121/><W82/><G40/><T86/><D3/><U43/><E90/><V89/><F94/><W5/><G5/><T17/><D104/><U93/><E93/><V103/><F103/><N who="3" m="62719" /><G38/><T109/><D33/><U29/><E15/><V96/><F96/><W118/><G118/><T122/><D122/><U128/><E29/><V79/><REACH who="2" step="1"/><F18/><REACH who="2" ten="289,250,263,188" step="2"/><W56/><G123/><T88/><D110/><U63/><E111/><V37/><F37/><W75/><G56/><AGARI ba="0,1" hai="14,16,20,24,27,48,52,56,76,77,79,84,89,92" machi="56" ten="40,18000,2" yaku="1,1,25,2,8,1,54,2,53,1" doraHai="98" doraHaiUra="46" who="2" fromWho="3" sc="289,0,250,0,263,190,188,-180" /><INIT seed="2,1,0,3,5,86" ten="289,250,453,8" oya="2" hai0="41,118,113,13,72,104,63,76,125,117,115,43,127" hai1="133,83,61,110,56,6,37,58,129,130,98,114,34" hai2="89,22,82,3,119,70,84,11,17,9,94,0,111" hai3="62,123,55,48,116,7,31,59,40,132,45,126,35"/><V57/><F70/><W18/><G7/><T23/><D23/><U54/><E34/><V92/><F119/><N who="0" m="45578" /><D13/><U12/><E37/><V38/><F38/><W14/><G116/><T4/><D4/><U100/><E114/><N who="0" m="43529" /><D104/><U134/><E110/><V24/><F111/><W29/><G123/><T93/><D76/><U68/><E68/><V85/><F3/><W21/><G132/><N who="1" m="50794" /><E83/><V33/><F0/><W16/><G126/><N who="0" m="48139" /><D72/><U51/><E6/><V102/><F33/><W28/><G35/><T96/><D93/><N who="1" m="58447" /><E12/><V39/><F39/><W19/><AGARI ba="1,0" hai="14,16,18,19,21,28,29,31,40,45,48,55,59,62" machi="19" ten="30,4000,0" yaku="0,1,8,1,54,1" doraHai="86" who="3" fromWho="3" sc="289,-11,250,-11,453,-21,8,43" /><INIT seed="3,0,0,2,2,109" ten="278,239,432,51" oya="3" hai0="104,88,16,116,129,51,122,86,127,36,107,95,112" hai1="44,108,132,47,0,43,94,70,12,119,31,58,123" hai2="24,79,90,92,39,100,111,56,133,25,4,110,42" hai3="26,98,40,62,10,21,84,99,117,20,57,135,96"/><W67/><G117/><T121/><D36/><U33/><E108/><N who="2" m="41515" /><F4/><W97/><N who="3" m="25088" /><DORA hai="34" /><W9/><G135/><T54/><D121/><U28/><E123/><V1/><F133/><W120/><G120/><T118/><D122/><U63/><E132/><V93/><F79/><W8/><G40/><T60/><D127/><U103/><E70/><V65/><F42/><W126/><G126/><T46/><D129/><U35/><E119/><V106/><F106/><W27/><REACH who="3" step="1"/><G84/><REACH who="3" ten="278,239,432,41" step="2"/><T66/><D118/><U134/><E43/><V77/><F39/><W82/><G82/><T105/><D116/><U19/><E134/><V113/><F113/><W53/><G53/><T114/><REACH who="0" step="1"/><D16/><REACH who="0" ten="268,239,432,41" step="2"/><U29/><E19/><V14/><F65/><W45/><G45/><T55/><D55/><U17/><E47/><V41/><F41/><W18/><G18/><T115/><D115/><U49/><E44/><V124/><F124/><W83/><G83/><T6/><D6/><U59/><E17/><V72/><F72/><W131/><G131/><T75/><D75/><U128/><E128/><V22/><F77/><W23/><AGARI ba="0,2" hai="8,9,10,20,21,23,26,27,57,62,67" m="25088" machi="23" ten="50,12000,1" yaku="1,1,0,1,29,2,8,1,53,0" doraHai="109,34" doraHaiUra="15,38" who="3" fromWho="3" sc="268,-40,239,-40,432,-40,41,140" /><INIT seed="3,1,0,1,3,57" ten="228,199,392,181" oya="3" hai0="48,51,32,72,60,114,130,1,63,77,44,101,100" hai1="11,129,84,0,102,21,16,87,15,89,123,110,68" hai2="61,103,46,105,53,116,42,91,99,67,29,132,56" hai3="125,111,133,128,106,124,20,82,22,26,62,17,13"/><W96/><G82/><T98/><D32/><U131/><E123/><V49/><F116/><W117/><G117/><T118/><D1/><U109/><E68/><V24/><F132/><W14/><G133/><T85/><D118/><U10/><E102/><N who="0" m="39529" /><D72/><U107/><E107/><V27/><F91/><W37/><G37/><T38/><D38/><U119/><E119/><V104/><F104/><W65/><G106/><T134/><D134/><U76/><E76/><V78/><F78/><W40/><G40/><T113/><D98/><U2/><E87/><V115/><F115/><N who="0" m="44042" /><D130/><N who="1" m="49675" /><E89/><V80/><F80/><W30/><G96/><T121/><D121/><U55/><E84/><V66/><REACH who="2" step="1"/><F24/><REACH who="2" ten="228,199,382,181" step="2"/><W79/><G79/><T97/><D97/><U45/><E109/><V52/><F52/><W50/><G128/><T8/><D77/><U126/><E110/><V3/><F3/><W71/><G111/><T74/><D85/><U28/><E2/><V93/><F93/><W90/><G90/><T54/><D74/><U120/><E0/><V25/><F25/><W19/><REACH who="3" step="1"/><G50/><REACH who="3" ten="228,199,382,171" step="2"/><T41/><D51/><U94/><E120/><V122/><F122/><W75/><G75/><T9/><D41/><U39/><E39/><V92/><F92/><W43/><G43/><T12/><D12/><U59/><E94/><V31/><F31/><W18/><G18/><T34/><D48/><U73/><E28/><V70/><F70/><W108/><G108/><T83/><D83/><U58/><E15/><V47/><F47/><W127/><G127/><T7/><D44/><U36/><E45/><V23/><AGARI ba="1,2" hai="23,27,29,42,46,49,53,56,61,66,67,99,103,105" machi="23" ten="20,8000,1" yaku="1,1,5,1,0,1,7,1,52,1,53,0" doraHai="57" doraHaiUra="112" who="2" fromWho="2" sc="228,-21,199,-21,382,103,171,-41" /><INIT seed="4,0,0,1,1,2" ten="207,178,485,130" oya="0" hai0="66,25,108,50,81,129,93,29,28,104,34,84,41" hai1="11,75,5,56,65,135,121,3,106,97,109,131,100" hai2="101,88,127,119,128,110,105,115,4,17,92,73,134" hai3="61,44,43,95,48,31,77,90,38,83,6,39,30"/><T70/><D108/><U132/><E109/><V51/><F110/><W103/><G103/><T96/><D129/><U27/><E131/><V33/><F128/><W46/><G61/><T0/><D29/><U18/><E121/><V71/><F71/><W82/><G82/><T67/><D0/><U79/><E79/><V120/><F120/><W16/><G6/><T111/><D111/><U24/><E75/><V114/><F33/><W49/><G39/><T36/><D36/><U12/><E65/><V7/><F119/><W80/><G38/><T117/><D117/><U118/><E56/><V21/><F134/><N who="1" m="51241" /><E118/><V91/><F127/><W125/><G83/><T22/><D34/><U89/><E89/><V116/><F116/><W102/><G102/><N who="0" m="60687" /><D70/><U64/><E64/><V126/><F73/><W85/><G125/><T78/><D104/><U98/><E98/><V58/><F105/><W20/><G95/><T62/><D62/><U94/><E106/><V60/><F126/><W99/><G99/><T87/><D87/><U14/><E3/><V74/><F51/><W10/><G10/><AGARI ba="0,0" hai="5,10,11,12,14,18,24,27,94,97,100" m="51241" machi="10" ten="30,2000,0" yaku="20,1,52,1" doraHai="2" who="1" fromWho="3" sc="207,0,178,20,485,0,130,-20" /><INIT seed="5,0,0,2,1,116" ten="207,198,485,110" oya="1" hai0="25,54,31,14,72,48,53,122,83,67,78,6,1" hai1="13,111,19,76,30,56,90,46,20,105,65,34,27" hai2="100,44,125,38,102,124,5,108,52,10,47,63,62" hai3="11,43,99,120,69,28,15,40,104,107,42,118,82"/><U119/><E119/><V127/><F108/><W80/><G118/><T64/><D1/><U114/><E111/><V7/><F10/><W96/><G69/><T61/><D14/><U121/><E114/><V98/><F98/><W103/><G28/><T79/><D6/><N who="2" m="2058" /><F38/><W16/><REACH who="3" step="1"/><G120/><REACH who="3" ten="207,198,485,100" step="2"/><T129/><D122/><U71/><E71/><V123/><F123/><W128/><G128/><T134/><D129/><U23/><E121/><V132/><F132/><W49/><G49/><T106/><D48/><U112/><E112/><V75/><F75/><W86/><G86/><T51/><D31/><U2/><E30/><V135/><F135/><W3/><G3/><T113/><D51/><U133/><E2/><V36/><F36/><W89/><G89/><T115/><D72/><U8/><E90/><V110/><F110/><W33/><G33/><T94/><D134/><U45/><E133/><V18/><F18/><W35/><G35/><T58/><D113/><U60/><E34/><V109/><F109/><W74/><G74/><T17/><D115/><U91/><E91/><V55/><F62/><W70/><G70/><T4/><D61/><U92/><E60/><V24/><F63/><W68/><G68/><T12/><D64/><U84/><E65/><V66/><F66/><W73/><G73/><T88/><D67/><U95/><E19/><V77/><F77/><W50/><G50/><T41/><D79/><U39/><E76/><V37/><F37/><W29/><G29/><T126/><D78/><U130/><E39/><V22/><F100/><AGARI ba="0,1" hai="11,15,16,40,42,43,80,82,96,99,100,103,104,107" machi="100" ten="40,8000,1" yaku="1,1,9,1,54,1,53,2" doraHai="116" doraHaiUra="101" who="3" fromWho="2" sc="207,0,198,0,485,-80,100,90" /><INIT seed="6,0,0,0,5,120" ten="207,198,405,190" oya="2" hai0="126,135,111,84,88,79,38,28,60,49,8,87,122" hai1="2,45,50,9,7,69,89,64,117,20,68,110,131" hai2="21,26,98,93,56,96,51,59,80,103,12,77,83" hai3="112,32,47,85,35,82,130,22,104,73,125,119,78"/><V3/><F3/><W55/><G119/><T92/><D38/><U62/><E117/><V123/><F123/><W44/><G130/><T27/><D122/><U95/><E131/><V100/><F12/><W63/><G104/><T97/><D126/><U81/><E81/><V90/><F51/><W18/><G125/><T91/><D135/><U61/><E20/><V46/><F46/><W105/><G105/><T43/><D111/><U13/><E2/><V16/><F100/><W72/><G112/><T108/><D108/><U128/><E128/><V53/><F77/><W76/><G63/><T75/><D75/><U134/><E134/><V6/><F6/><W54/><G22/><T10/><D60/><U11/><E11/><V106/><REACH who="2" step="1"/><F53/><REACH who="2" ten="207,198,395,190" step="2"/><W4/><G4/><T94/><D49/><U99/><E50/><V116/><F116/><W41/><G41/><T113/><D113/><U33/><E45/><V0/><F0/><W48/><G48/><T102/><D79/><U121/><E121/><V132/><F132/><W34/><G47/><T107/><REACH who="0" step="1"/><D43/><REACH who="0" ten="197,198,395,190" step="2"/><U31/><E110/><V52/><F52/><W109/><G76/><T36/><D36/><U57/><E62/><V118/><F118/><W101/><G44/><T58/><D58/><AGARI ba="0,2" hai="16,21,26,56,58,59,80,83,90,93,96,98,103,106" machi="58" ten="40,3900,0" yaku="1,1,54,1,53,0" doraHai="120" doraHaiUra="25" who="2" fromWho="0" sc="197,-39,198,0,395,59,190,0" /><INIT seed="6,1,0,5,1,127" ten="158,198,454,190" oya="2" hai0="57,69,129,15,116,9,59,43,30,122,121,119,47" hai1="39,58,133,80,45,106,41,61,51,8,19,88,12" hai2="64,40,75,42,33,46,92,5,16,11,93,25,48" hai3="50,21,27,68,86,103,104,111,13,52,120,36,62"/><V117/><F75/><W90/><G120/><N who="0" m="46187" /><D15/><U31/><E133/><V110/><F117/><N who="0" m="45130" /><D9/><U132/><E132/><V97/><F110/><W2/><G111/><T113/><D30/><U67/><E106/><V10/><F64/><W128/><G2/><T22/><D22/><U73/><E31/><V60/><F60/><W71/><G36/><N who="0" m="21991" /><D113/><U74/><E39/><V102/><F33/><W82/><G13/><T66/><D129/><U124/><E124/><V53/><F92/><W26/><G26/><T32/><D32/><U76/><E88/><V91/><F91/><W54/><G128/><T23/><D23/><U96/><E96/><V38/><F38/><W95/><G104/><T20/><D20/><U56/><E73/><V123/><F123/><W125/><G125/><T55/><D55/><U17/><E19/><V87/><F87/><W101/><G103/><T108/><D108/><U63/><E80/><V98/><F98/><W1/><G1/><T126/><D126/><U112/><E76/><V114/><F114/><W107/><G107/><T99/><D99/><U85/><E112/><V4/><F4/><W49/><G101/><T29/><D29/><U134/><E85/><V37/><F37/><W135/><G95/><T89/><D89/><U44/><E74/><V6/><F6/><W14/><G14/><T100/><D100/><U94/><E94/><V65/><F5/><W34/><G34/><T72/><D72/><U3/><E3/><V115/><F115/><W84/><G84/><T79/><D79/><U0/><E0/><V24/><F102/><W131/><G82/><RYUUKYOKU ba="1,0" sc="158,30,198,-10,454,-10,190,-10" hai0="57,59,66,69" /><INIT seed="7,2,0,5,1,5" ten="188,188,444,180" oya="3" hai0="70,123,131,68,99,96,105,37,17,10,7,45,127" hai1="11,61,49,63,26,42,84,33,51,106,126,4,19" hai2="95,22,81,130,36,97,73,82,48,91,35,54,116" hai3="25,89,1,88,30,113,40,0,29,129,83,28,9"/><W85/><G129/><T132/><D17/><U110/><E106/><V128/><F36/><W52/><G113/><T112/><D99/><U12/><E110/><V66/><F35/><W64/><G40/><N who="0" m="22671" /><D123/><U32/><E126/><V79/><F66/><W56/><G64/><T69/><D131/><N who="2" m="50218" /><F22/><W80/><G25/><T41/><D41/><U101/><E101/><V15/><F15/><W108/><G108/><T102/><D132/><U34/><E84/><N who="2" m="50575" /><F54/><W18/><G89/><T72/><D127/><U107/><E107/><V31/><F48/><W125/><G125/><T134/><D134/><U92/><E51/><V93/><F31/><W77/><G18/><T109/><D109/><U120/><E120/><V23/><F23/><W67/><G67/><T75/><D112/><U47/><E4/><V24/><F24/><W94/><G83/><T135/><D135/><U65/><E26/><V55/><F55/><W98/><REACH who="3" step="1"/><G9/><REACH who="3" ten="188,188,444,170" step="2"/><T103/><D103/><U87/><E65/><V58/><F116/><W53/><G53/><T43/><D43/><U133/><E133/><V111/><F111/><W119/><G119/><T118/><D118/><U62/><E33/><V60/><F97/><W57/><G57/><T27/><D27/><U39/><E34/><V16/><F16/><W59/><G59/><T86/><D69/><U6/><E32/><V46/><F46/><W21/><G21/><T76/><D70/><U44/><E19/><V50/><F50/><AGARI ba="2,1" hai="0,1,28,29,30,50,52,56,77,80,85,88,94,98" machi="50" ten="40,7700,0" yaku="1,1,54,2,53,0" doraHai="5" doraHaiUra="20" who="3" fromWho="2" sc="188,0,188,0,444,-83,170,93" /><INIT seed="7,3,0,2,1,125" ten="188,188,361,263" oya="3" hai0="134,63,16,71,126,38,0,123,119,102,49,61,108" hai1="68,90,31,64,103,18,105,86,40,100,131,93,98" hai2="83,116,2,59,39,69,47,62,133,6,22,84,20" hai3="78,91,122,5,66,9,46,85,89,45,27,74,112"/><W60/><G122/><T3/><D102/><U48/><E31/><V57/><F116/><W77/><G112/><T111/><D16/><U118/><E118/><V107/><F107/><W104/><G104/><T36/><D49/><U50/><E68/><V113/><F113/><W70/><G27/><T24/><D24/><U115/><E115/><V117/><F117/><W15/><G74/><T28/><D28/><U67/><E131/><V26/><F69/><W13/><G91/><T4/><D119/><U8/><E103/><V56/><F133/><W19/><G78/><T43/><D71/><U87/><E87/><V30/><F62/><W127/><G77/><T17/><D134/><U32/><E32/><V121/><F121/><W73/><G73/><T124/><D17/><U114/><E114/><V21/><F6/><W23/><REACH who="3" step="1"/><G127/><REACH who="3" ten="188,188,361,253" step="2"/><T130/><D123/><U37/><E105/><V99/><F2/><W94/><AGARI ba="3,1" hai="5,9,13,15,19,23,45,46,60,66,70,85,89,94" machi="94" ten="20,18000,2" yaku="1,1,2,1,0,1,7,1,53,2" doraHai="125" doraHaiUra="41" who="3" fromWho="3" sc="188,-63,188,-63,361,-63,253,199" owari="125,-27.0,125,-37.0,298,10.0,452,54.0" /></mjloggm>