<mjloggm ver="2.3"><GO type="41"/><UN n0="%E3%82%82%E3%81%A8%E3%81%9E%E3%81%86" n1="%E3%82%A6%E3%83%AB%E3%83%88%E3%83%A9%E7%AB%8B%E7%9B%B4" n2="%41%4D%49%4E%59%4F%4D%55" n3="%E6%BC%AB%E5%96%AB%E3%81%AE%E5%BA%97%E5%93%A1" dan="14,15,13,13" rate="1874,1930,1822,1967" sx="M,M,M,M"/><TAIKYOKU oya="0"/><INIT seed="0,0,0,4,5,101" ten="250,250,250,250" oya="0" hai0="45,2,96,73,48,44,19,21,56,60,122,29,43" hai1="86,65,108,18,105,3,111,89,37,129,124,88,115" hai2="103,24,87,133,54,28,76,107,78,30,9,15,77" hai3="49,123,22,82,117,127,41,32,39,66,130,120,64"/><T47/><D122/><N who="3" m="46633" /><G117/><T98/><D73/><U10/><E37/><V102/><F133/><W118/><G118/><T14/><D2/><U69/><E65/><N who="3" m="25194" /><G32/><T80/><D80/><U33/><E33/><V26/><F87/><W113/><G82/><T51/><D29/><U1/><E86/><V112/><F112/><W35/><G35/><T97/><REACH who="0" step="1"/><D43/><REACH who="0" ten="240,250,250,250" step="2"/><U71/><E3/><V119/><F28/><W36/><G41/><T95/><D95/><U126/><E1/><V131/><F30/><W67/><G113/><T99/><D99/><U23/><E115/><V12/><F119/><W34/><G34/><T84/><D84/><U0/><E0/><V46/><F131/><W125/><G130/><T25/><D25/><U128/><E128/><V121/><F24/><W92/><G92/><T31/><D31/><U16/><E129/><V42/><F42/><W55/><G127/><T90/><D90/><U79/><E124/><V109/><F26/><W52/><G125/><T11/><D11/><U132/><E126/><V114/><F121/><W72/><G72/><T100/><D100/><U106/><E10/><V135/><F102/><W59/><G22/><T53/><AGARI ba="0,1" hai="14,19,21,44,45,47,48,51,53,56,60,96,97,98" machi="53" ten="30,6000,0" yaku="1,1,0,1,8,1,53,0" doraHai="101" doraHaiUra="27" who="0" fromWho="0" sc="240,70,250,-20,250,-20,250,-20" /><INIT seed="0,1,0,5,5,100" ten="310,230,230,230" oya="0" hai0="24,62,49,80,86,123,129,106,113,76,105,9,116" hai1="26,63,96,32,104,60,21,70,130,77,67,17,111" hai2="103,82,128,46,39,133,29,30,90,119,71,114,109" hai3="108,11,126,22,101,121,115,52,102,72,84,89,95"/><T58/><D123/><U118/><E118/><V83/><F114/><W98/><G115/><T16/><D113/><U5/><E130/><V91/><F71/><W97/><G121/><T110/><D116/><U41/><E41/><V35/><F119/><W93/><G72/><T45/><D129/><U92/><E77/><V1/><F128/><W28/><G108/><T40/><D110/><U88/><E111/><V14/><F1/><W57/><G126/><T38/><D38/><U19/><E5/><V66/><F109/><W20/><G11/><T43/><D40/><U107/><E32/><V56/><F133/><W12/><G28/><T75/><D75/><U37/><E37/><V94/><F39/><W36/><G12/><T61/><D61/><U10/><E10/><V55/><F66/><W44/><G44/><T0/><D0/><U134/><E134/><V53/><F14/><W74/><G74/><T73/><D73/><U117/><E117/><V122/><F122/><W54/><G36/><T87/><D86/><U47/><E47/><V135/><F135/><W51/><REACH who="3" step="1"/><G54/><REACH who="3" ten="310,230,230,220" step="2"/><T18/><D9/><U132/><E132/><V64/><F46/><W2/><G2/><T48/><D45/><U34/><E19/><V131/><F55/><W3/><G3/><T50/><D18/><U6/><E6/><V124/><F53/><W7/><G7/><T79/><D43/><U23/><E17/><V112/><F29/><W25/><G25/><T69/><D24/><U8/><E26/><N who="2" m="18903" /><F124/><W120/><G120/><T31/><D31/><U33/><E33/><V81/><F131/><RYUUKYOKU ba="1,1" sc="310,-10,230,-10,230,-10,220,30" hai3="20,22,51,52,57,84,89,93,95,97,98,101,102" /><INIT seed="1,2,1,0,2,130" ten="300,220,220,250" oya="1" hai0="87,128,64,7,79,56,74,92,37,0,52,97,77" hai1="36,114,75,93,1,48,99,86,124,8,110,55,57" hai2="26,89,40,60,29,105,71,12,118,85,121,3,81" hai3="132,15,94,17,120,70,127,6,90,30,31,106,43"/><U20/><E75/><V11/><F118/><W21/><G106/><T59/><D128/><U44/><E114/><V45/><F121/><W100/><G70/><T68/><D74/><U25/><E124/><V66/><F105/><W2/><G120/><T131/><D131/><U69/><E69/><V4/><F3/><W78/><G127/><T109/><D109/><U129/><E129/><V39/><F29/><W113/><G113/><T53/><D37/><U35/><E35/><V83/><REACH who="2" step="1"/><F26/><REACH who="2" ten="300,220,210,250" step="2"/><W9/><G30/><T122/><D0/><U125/><E125/><V101/><F101/><W51/><G31/><T14/><D122/><U72/><E110/><V84/><F84/><W42/><G100/><T133/><D87/><U22/><E72/><V62/><F62/><W67/><G2/><T61/><D61/><U33/><E86/><V5/><F5/><W88/><G6/><T28/><D7/><U102/><E1/><V115/><F115/><W103/><G103/><T123/><D28/><U96/><E96/><V98/><F98/><W47/><G15/><T134/><D14/><U50/><E99/><V80/><AGARI ba="2,2" hai="4,11,12,39,40,45,60,66,71,80,81,83,85,89" machi="80" ten="20,5200,0" yaku="1,1,0,1,7,1,53,1" doraHai="130" doraHaiUra="58" who="2" fromWho="2" sc="300,-15,220,-28,210,78,250,-15" /><INIT seed="2,0,0,1,5,47" ten="285,192,288,235" oya="2" hai0="25,44,59,98,92,48,95,9,84,106,113,112,107" hai1="61,121,97,66,15,40,42,52,1,74,125,70,94" hai2="96,101,41,89,46,4,105,69,114,68,71,123,85" hai3="19,65,118,122,72,7,36,131,43,99,17,6,24"/><V79/><F114/><W132/><G118/><T87/><D25/><U18/><E1/><V11/><F123/><W117/><G117/><T119/><D119/><U120/><E74/><V76/><F79/><W116/><G116/><T30/><D44/><U27/><E125/><V53/><F76/><W31/><G72/><T16/><D30/><U10/><E27/><V34/><F34/><W128/><G122/><T108/><D59/><U124/><E124/><V0/><F53/><W104/><G132/><T12/><D108/><U90/><E120/><V80/><REACH who="2" step="1"/><F71/><REACH who="2" ten="285,192,278,235" step="2"/><W129/><G65/><T37/><D113/><U82/><E121/><V62/><F62/><W81/><G128/><T130/><D112/><U55/><E42/><V115/><F115/><W75/><G43/><T83/><D130/><U91/><E40/><V73/><F73/><W22/><G75/><T60/><D60/><U21/><E70/><V28/><F28/><W29/><G31/><T2/><D87/><N who="1" m="50551" /><E66/><V78/><F78/><W86/><G29/><T67/><D84/><U51/><E61/><V54/><F54/><W14/><G86/><T3/><D67/><U135/><E55/><V77/><F77/><W111/><G131/><T100/><D98/><U26/><E135/><V39/><AGARI ba="0,1" hai="0,4,11,39,41,46,68,69,80,85,89,96,101,105" machi="39" ten="20,3900,0" yaku="1,1,0,1,7,1,53,0" doraHai="47" doraHaiUra="13" who="2" fromWho="2" sc="285,-13,192,-13,278,49,235,-13" /><INIT seed="2,1,0,5,5,116" ten="272,179,327,222" oya="2" hai0="135,39,41,7,14,117,38,75,70,17,105,23,31" hai1="126,52,91,82,66,57,20,68,30,63,8,123,69" hai2="129,109,64,29,83,4,114,34,49,78,90,46,108" hai3="58,88,74,125,5,36,134,73,98,130,60,104,111"/><V106/><F114/><W54/><G111/><N who="2" m="42569" /><F106/><W113/><G113/><T59/><D70/><U43/><E126/><V77/><F34/><W15/><G125/><T18/><D75/><U12/><E43/><N who="2" m="24799" /><F29/><W132/><G36/><T99/><D41/><U25/><E123/><V120/><F129/><W11/><G130/><T6/><D59/><U47/><E47/><V72/><F77/><W22/><G22/><T101/><D117/><U44/><E44/><V89/><F120/><W71/><G71/><T85/><D31/><U93/><E66/><V42/><F42/><W0/><G0/><T124/><D124/><U27/><E27/><V79/><F78/><W26/><G26/><T24/><D39/><U53/><E53/><V37/><F37/><W1/><G1/><T97/><D38/><U61/><E61/><V95/><F64/><W3/><G3/><T10/><D105/><U110/><E110/><V127/><F127/><W128/><G128/><T107/><D107/><U94/><E69/><V86/><F4/><W9/><G104/><T40/><D40/><U81/><E68/><V45/><F45/><W115/><G115/><T2/><D7/><U55/><E55/><V56/><F90/><W48/><G5/><T121/><D121/><U118/><E118/><V133/><F56/><W103/><G58/><T87/><D2/><U13/><E91/><V122/><F122/><W21/><G88/><T102/><D6/><U131/><E131/><V76/><F79/><W67/><G67/><T92/><D102/><U16/><E57/><V33/><F33/><W19/><G103/><RYUUKYOKU ba="1,0" sc="272,-10,179,-10,327,30,222,-10" hai2="72,76,83,86,89,95,133" /><INIT seed="2,2,0,4,0,128" ten="262,169,357,212" oya="2" hai0="48,109,126,94,28,26,80,58,81,7,39,0,67" hai1="33,104,125,97,51,43,119,101,70,112,35,90,95" hai2="122,76,32,62,63,68,133,103,106,21,86,108,66" hai3="65,117,41,121,92,99,130,82,113,57,84,19,123"/><V34/><F122/><W110/><G117/><T45/><D39/><U2/><E119/><V47/><F106/><W96/><G130/><T134/><D126/><U74/><E70/><V20/><F103/><W52/><G110/><T79/><D109/><U118/><E118/><V8/><F108/><W25/><G113/><T10/><D94/><U105/><E2/><V60/><F76/><W18/><G41/><T77/><D134/><U83/><E112/><V64/><F86/><W114/><G114/><T129/><D129/><U75/><E125/><V111/><F8/><W50/><G65/><N who="2" m="25193" /><F20/><W116/><G116/><T31/><D67/><U27/><E104/><V13/><F13/><W59/><G59/><T73/><D58/><U78/><E75/><V56/><F21/><W9/><G18/><T29/><D26/><U23/><E43/><V15/><F15/><W131/><G131/><T14/><D0/><U53/><E23/><V61/><F47/><W5/><G25/><T69/><D69/><U30/><E27/><V93/><F93/><W46/><G46/><T36/><D73/><U49/><E30/><V107/><F107/><W132/><G9/><T120/><D120/><U72/><E72/><V11/><F11/><W22/><G22/><T89/><D77/><U1/><E1/><V4/><F4/><W127/><G5/><T54/><D79/><U38/><E78/><V135/><F111/><W6/><G121/><T71/><D71/><U42/><E105/><V12/><F12/><W55/><G123/><T98/><D31/><U3/><E3/><V124/><F124/><RYUUKYOKU ba="2,0" sc="262,0,169,0,357,0,212,0" /><INIT seed="3,3,0,1,2,131" ten="262,169,357,212" oya="3" hai0="11,107,6,74,111,25,3,112,7,22,63,78,9" hai1="105,81,14,91,90,39,28,126,127,121,27,32,61" hai2="82,75,17,15,101,130,55,102,36,120,99,23,2" hai3="118,64,94,41,108,66,4,37,119,26,21,29,133"/><W45/><G4/><T104/><D111/><U35/><E39/><V33/><F130/><W86/><G108/><T42/><D112/><U13/><E105/><V59/><F120/><W58/><G133/><T18/><D63/><U122/><E61/><V53/><F36/><W85/><G58/><T88/><D42/><U52/><E81/><V48/><F33/><N who="1" m="12873" /><E52/><N who="2" m="32135" /><F2/><W46/><G46/><T98/><D74/><U51/><E51/><V0/><F0/><W70/><G70/><T40/><D78/><U123/><E90/><V68/><F68/><W103/><G85/><T96/><D40/><U95/><E91/><V60/><F75/><W10/><G10/><T93/><REACH who="0" step="1"/><D96/><REACH who="0" ten="252,169,357,212" step="2"/><U106/><E121/><V54/><F99/><W110/><G110/><T132/><D132/><U24/><E122/><V65/><F60/><W72/><G72/><T77/><D77/><U30/><E123/><V47/><F65/><W129/><G129/><T5/><D5/><U43/><E43/><V16/><F55/><W83/><G64/><T87/><D87/><U67/><E67/><V92/><F54/><W38/><G66/><T49/><D49/><U76/><E76/><V34/><F53/><W50/><G50/><T116/><D116/><U1/><E126/><V134/><F47/><W62/><G62/><T97/><D97/><U19/><E127/><V113/><F134/><W115/><G115/><T124/><D124/><U44/><E44/><V80/><F113/><W89/><G38/><T117/><D117/><U73/><E73/><V31/><F82/><W71/><G71/><T114/><D114/><RYUUKYOKU ba="3,1" sc="252,15,169,-15,357,-15,212,15" hai0="3,6,7,9,11,18,22,25,88,93,98,104,107" hai3="21,26,29,37,41,45,83,86,89,94,103,118,119" /><INIT seed="3,4,1,0,2,44" ten="267,154,342,227" oya="3" hai0="126,2,135,107,74,72,105,108,71,116,99,26,121" hai1="16,115,9,65,17,10,88,98,90,124,52,70,19" hai2="37,100,92,8,28,53,103,50,73,133,76,68,122" hai3="55,56,29,66,109,102,58,34,61,40,14,59,0"/><W89/><G0/><T80/><RYUUKYOKU type="yao9" ba="4,1" sc="267,0,154,0,342,0,227,0" hai0="2,26,71,72,74,80,99,105,107,108,116,121,126,135" /><INIT seed="3,5,1,0,2,27" ten="267,154,342,227" oya="3" hai0="110,82,41,85,52,121,67,34,78,119,96,132,98" hai1="76,42,29,131,94,71,109,111,69,7,12,89,70" hai2="108,130,118,43,74,88,120,129,3,32,104,123,107" hai3="39,51,72,92,17,48,77,2,58,0,21,62,6"/><W13/><G39/><T64/><D121/><N who="2" m="46666" /><F3/><W84/><G72/><T53/><D119/><U95/><E42/><V60/><F43/><W5/><G0/><T87/><D132/><U127/><E12/><V55/><F118/><W125/><G125/><T33/><D41/><U49/><E7/><N who="3" m="2570" /><G2/><T24/><D24/><U36/><E36/><V16/><F108/><N who="1" m="41545" /><E49/><V15/><F74/><W40/><G40/><T28/><D110/><U4/><E4/><V112/><F112/><W56/><G56/><T90/><D90/><U135/><E89/><V114/><F114/><W75/><G75/><T101/><D82/><U102/><E102/><V103/><F103/><W106/><G106/><N who="2" m="40489" /><F32/><W124/><G124/><T100/><REACH who="0" step="1"/><D78/><REACH who="0" ten="257,154,342,227" step="2"/><U59/><E76/><V63/><F129/><W116/><G116/><T23/><D23/><U57/><E131/><V61/><F130/><W115/><G115/><T105/><D105/><U93/><E127/><V65/><F88/><N who="3" m="53255" /><G77/><T122/><D122/><U18/><E135/><V50/><F65/><AGARI ba="5,2" hai="13,17,21,48,51,58,62,65" m="53255,2570" machi="65" ten="30,2900,0" yaku="8,1,54,1" doraHai="27" who="3" fromWho="2" sc="257,0,154,0,342,-44,227,64" /><INIT seed="3,6,0,0,3,72" ten="257,154,298,291" oya="3" hai0="51,85,68,76,40,91,134,87,104,75,100,133,122" hai1="38,98,22,114,45,17,94,43,23,12,20,77,44" hai2="131,0,115,4,86,33,89,66,18,132,56,3,32" hai3="7,78,107,81,19,54,58,124,108,117,29,128,36"/><W64/><G107/><T57/><D68/><U24/><E114/><V79/><F115/><W5/><G117/><T53/><D40/><U39/><E24/><V116/><F116/><W103/><G36/><T10/><D122/><U25/><E25/><V97/><F131/><W129/><G103/><T83/><D10/><U60/><E60/><V127/><F132/><W61/><G124/><T21/><D21/><U112/><E112/><V62/><F127/><W50/><G29/><T55/><D87/><U90/><E39/><V119/><F119/><W27/><G108/><T2/><D2/><U13/><E45/><V11/><F0/><W31/><G19/><T99/><REACH who="0" step="1"/><D53/><REACH who="0" ten="247,154,298,291" step="2"/><U118/><E118/><V110/><F3/><W105/><G129/><T120/><D120/><U28/><E28/><V70/><F70/><W125/><G128/><T123/><D123/><U74/><REACH who="1" step="1"/><E13/><REACH who="1" ten="247,144,298,291" step="2"/><V93/><F110/><W34/><G125/><T8/><D8/><U41/><E41/><V37/><F11/><W30/><G30/><T73/><D73/><U35/><E35/><V46/><F33/><W126/><G126/><T92/><AGARI ba="6,2" hai="51,55,57,75,76,83,85,91,92,99,100,104,133,134" machi="92" ten="30,12000,2" yaku="1,1,0,1,24,2,52,1,53,1" doraHai="72" doraHaiUra="52" who="0" fromWho="0" sc="247,158,144,-36,298,-36,291,-66" /><INIT seed="4,0,0,0,5,61" ten="405,108,262,225" oya="0" hai0="45,59,19,48,87,12,73,132,127,55,44,58,3" hai1="103,1,66,14,2,26,75,74,121,40,97,102,120" hai2="32,54,80,114,36,118,57,130,42,89,34,104,51" hai3="101,108,112,131,65,96,20,50,15,81,13,41,95"/><T68/><D73/><U46/><E14/><V63/><F104/><W122/><G108/><T70/><D3/><U100/><E26/><V30/><F114/><W126/><G112/><T16/><D132/><U25/><E25/><V125/><F130/><W78/><G131/><T128/><D128/><U135/><E97/><V119/><F125/><W39/><G126/><T9/><D127/><U22/><E22/><V90/><F36/><W84/><G39/><T117/><D117/><N who="2" m="44554" /><F30/><W27/><G122/><N who="1" m="47210" /><E46/><N who="2" m="26071" /><F90/><W6/><G6/><T88/><D19/><U129/><E40/><V33/><F89/><W123/><G123/><T31/><D31/><U71/><E71/><V83/><AGARI ba="0,0" hai="32,33,34,54,57,63,80,83" m="26071,44554" machi="83" ten="40,1500,0" yaku="12,1" doraHai="61" who="2" fromWho="2" sc="405,-7,108,-4,262,15,225,-4" /><INIT seed="5,0,0,2,3,48" ten="398,104,277,221" oya="1" hai0="53,101,12,44,36,40,129,26,72,14,24,33,107" hai1="121,118,98,81,23,130,41,86,117,62,67,124,77" hai2="97,0,71,30,100,85,112,29,74,91,78,135,58" hai3="32,6,22,28,65,90,120,128,38,131,126,10,111"/><U3/><E3/><V61/><F71/><W134/><G38/><T43/><D129/><N who="3" m="49737" /><G65/><T83/><D26/><U59/><E130/><V39/><F112/><W9/><G90/><T15/><D40/><U122/><E124/><V35/><F135/><W18/><G111/><T127/><D127/><U93/><E41/><V133/><F133/><W20/><G126/><T110/><D110/><U109/><E109/><V37/><F0/><N who="3" m="199" /><G134/><T27/><D33/><U76/><E76/><V60/><F74/><W2/><G120/><T103/><D83/><U123/><REACH who="1" step="1"/><E23/><REACH who="1" ten="398,94,277,221" step="2"/><V7/><F78/><W105/><G20/><T50/><D72/><U125/><E125/><V11/><F35/><W70/><G32/><T55/><D43/><U52/><E52/><N who="0" m="20041" /><D36/><U56/><E56/><V79/><F79/><W116/><G22/><T80/><D44/><U16/><E16/><V89/><F39/><W119/><G18/><T115/><D115/><U106/><E106/><V42/><F42/><W31/><G105/><T4/><D107/><U68/><E68/><V87/><F37/><W19/><G70/><T88/><D4/><U5/><E5/><V64/><F7/><N who="3" m="1399" /><G19/><T63/><D63/><U46/><E46/><V92/><F60/><W45/><G45/><T57/><D57/><U17/><E17/><V94/><F11/><W8/><G8/><T73/><D73/><U96/><E96/><V113/><F113/><W25/><G25/><N who="0" m="9803" /><D50/><U66/><E66/><V51/><F51/><W1/><G1/><T104/><D104/><AGARI ba="0,1" hai="29,30,58,61,64,85,87,89,91,92,94,97,100,104" machi="104" ten="30,2000,0" yaku="7,1,9,1" doraHai="48" who="2" fromWho="0" sc="398,-20,94,0,277,30,221,0" /><INIT seed="6,0,0,3,5,129" ten="378,94,307,221" oya="2" hai0="117,15,122,8,92,39,54,57,99,125,64,7,93" hai1="42,35,96,62,16,1,3,88,48,97,105,36,126" hai2="95,2,10,91,75,37,61,49,33,115,83,94,59" hai3="107,67,45,18,5,68,108,40,19,90,66,128,77"/><V24/><F115/><W0/><G108/><T116/><D122/><U101/><E36/><V120/><F120/><W53/><G107/><T100/><D39/><U55/><E35/><V43/><F37/><W4/><G128/><T87/><D125/><U46/><E126/><V11/><F75/><W118/><G118/><N who="0" m="45675" /><D64/><N who="3" m="24617" /><G0/><T38/><D38/><U123/><E123/><V13/><F2/><W31/><G77/><T26/><D26/><U41/><E3/><V76/><F33/><W80/><G40/><T47/><D47/><U124/><E1/><V102/><F24/><W60/><G31/><T132/><D87/><U23/><E124/><V12/><F76/><W131/><G68/><T56/><D93/><N who="2" m="35338" /><F102/><W27/><G131/><T58/><D132/><U114/><E114/><V84/><F49/><AGARI ba="0,0" hai="7,8,15,49,54,56,57,58,92,99,100" m="45675" machi="49" ten="30,1000,0" yaku="12,1" doraHai="129" who="0" fromWho="2" sc="378,10,94,0,307,-10,221,0" /><INIT seed="7,0,0,1,1,117" ten="388,94,297,221" oya="3" hai0="37,59,56,42,17,76,72,68,73,116,74,11,80" hai1="47,70,61,127,130,109,27,81,65,106,50,87,78" hai2="20,93,5,64,55,49,79,14,135,133,9,53,22" hai3="99,132,40,32,129,60,52,98,77,86,34,71,45"/><W102/><G129/><T89/><D116/><U90/><E106/><V38/><F38/><W91/><G132/><T31/><D68/><U101/><E101/><V29/><F133/><W104/><G77/><T75/><D31/><U2/><E2/><V16/><F135/><W10/><G98/><T124/><D124/><U134/><E134/><V4/><F64/><W35/><G10/><T110/><D110/><U13/><E109/><V97/><F79/><W84/><G71/><T119/><D119/><U118/><E118/><V12/><F55/><W0/><G0/><T36/><D89/><U30/><E130/><V88/><F29/><W111/><G111/><T1/><D37/><U122/><E127/><V18/><REACH who="2" step="1"/><F9/><REACH who="2" ten="388,94,287,221" step="2"/><W23/><G23/><T121/><D36/><U46/><E78/><V25/><F25/><W44/><G40/><T123/><D42/><U6/><E27/><V8/><F8/><W128/><G128/><T41/><D41/><U7/><E30/><V103/><F103/><W58/><REACH who="3" step="1"/><G84/><REACH who="3" ten="388,94,287,211" step="2"/><T66/><D1/><U112/><E87/><V43/><F43/><W28/><G28/><T21/><D11/><U125/><E125/><V113/><F113/><W82/><AGARI ba="0,2" hai="32,34,35,44,45,52,58,60,82,86,91,99,102,104" machi="82" ten="30,6000,0" yaku="1,1,0,1,54,1,53,0" doraHai="117" doraHaiUra="131" who="3" fromWho="3" sc="388,-20,94,-20,287,-20,211,80" /><INIT seed="7,1,0,5,5,124" ten="368,74,267,291" oya="3" hai0="132,86,106,76,60,11,34,6,12,99,32,89,37" hai1="5,82,74,109,54,66,44,17,42,63,101,57,18" hai2="43,2,68,73,27,58,45,90,59,50,55,22,41" hai3="117,79,24,122,4,39,135,125,51,48,97,65,20"/><W49/><G122/><T94/><D132/><U28/><E82/><V119/><F119/><W7/><G117/><T102/><D37/><U46/><E74/><V56/><F68/><W75/><G39/><T108/><D108/><U131/><E101/><V10/><F73/><W52/><G125/><T104/><D104/><U80/><E80/><V110/><F110/><W120/><G120/><T103/><D102/><U107/><E107/><V93/><F2/><W64/><G135/><T87/><D76/><U130/><E28/><V113/><F113/><W77/><G97/><T85/><REACH who="0" step="1"/><D60/><REACH who="0" ten="358,74,267,291" step="2"/><U118/><E5/><N who="3" m="2122" /><G75/><T33/><AGARI ba="1,1" hai="6,11,12,32,33,34,85,86,87,89,94,99,103,106" machi="33" ten="30,4000,0" yaku="1,1,0,1,53,1" doraHai="124" doraHaiUra="1" who="0" fromWho="0" sc="358,53,74,-11,267,-11,291,-21" owari="411,51.0,63,-44.0,256,-14.0,270,7.0" /></mjloggm>