<mjloggm ver="2.3"><GO type="41"/><UN n0="%E3%82%A6%E3%83%AB%E3%83%88%E3%83%A9%E7%AB%8B%E7%9B%B4" n1="%E3%83%9F%E3%83%8D%E3%82%B9%E3%83%88%E3%83%AD%E3%83%B3%E2%85%A2%E4%B8%96" n2="%E3%82%B5%E3%82%AB%E3%82%A4%E3%83%91%E3%83%B3" n3="%68%72%6B%69%6E%67" dan="15,15,14,15" rate="1956,2027,1837,1967" sx="M,M,M,M"/><TAIKYOKU oya="0"/><INIT seed="0,0,0,1,2,28" ten="250,250,250,250" oya="0" hai0="14,79,117,109,118,56,19,125,67,127,93,12,130" hai1="66,92,76,80,111,15,116,18,87,51,72,4,5" hai2="82,47,73,102,54,27,94,7,90,33,103,99,44" hai3="59,40,97,123,86,113,52,37,101,115,34,68,65"/><T25/><D79/><U22/><E116/><N who="0" m="44649" /><D93/><U13/><E111/><V46/><F7/><W3/><G123/><T128/><D67/><U10/><E66/><V120/><F120/><W75/><G75/><T49/><D49/><U78/><E51/><V77/><F54/><W50/><G3/><T0/><D56/><U122/><E122/><V41/><F33/><W63/><G86/><T121/><D121/><U48/><E48/><V110/><F110/><W21/><G21/><N who="0" m="13503" /><D0/><U135/><E135/><V2/><F2/><W88/><G88/><T84/><D84/><U60/><E60/><V108/><F108/><W107/><G34/><T104/><D104/><U81/><E92/><V124/><F41/><W131/><REACH who="3" step="1"/><G131/><REACH who="3" ten="250,250,250,240" step="2"/><N who="0" m="50219" /><D109/><U29/><E72/><V70/><F73/><W96/><G96/><T114/><D114/><U53/><E78/><V36/><F77/><W20/><G20/><T112/><D112/><U8/><E76/><V43/><F90/><W98/><G98/><T38/><D38/><U1/><E87/><V74/><F99/><W126/><G126/><AGARI ba="0,1" hai="12,14,125,126,127" m="50219,13503,44649" machi="126" ten="40,12000,1" yaku="18,1,19,1,34,2" doraHai="28" who="0" fromWho="3" sc="250,130,250,0,250,0,240,-120" /><INIT seed="0,1,0,5,1,93" ten="380,250,250,120" oya="0" hai0="8,109,119,42,4,21,79,74,128,41,82,36,63" hai1="77,108,75,102,48,97,32,31,53,125,114,47,70" hai2="76,0,24,12,1,90,27,117,39,133,33,122,3" hai3="65,99,98,2,25,59,64,73,120,11,44,14,123"/><T91/><D119/><U7/><E70/><V15/><F122/><N who="3" m="46635" /><G73/><T67/><D42/><U56/><E114/><V129/><F39/><W60/><G2/><T85/><D21/><U100/><E108/><V134/><F76/><W112/><G112/><T86/><D128/><U17/><E125/><V23/><F117/><W95/><G25/><N who="2" m="9801" /><F90/><W121/><G65/><T49/><D49/><U55/><E7/><V89/><F89/><W34/><G34/><T84/><D109/><U20/><E77/><V54/><F54/><W62/><G62/><T72/><D72/><U96/><E75/><V10/><F23/><W118/><G118/><T115/><D115/><U83/><E83/><V92/><F92/><W110/><G110/><T45/><D91/><U127/><E127/><V106/><F106/><W61/><G95/><T18/><D18/><U26/><E102/><V6/><F33/><W37/><G61/><T111/><D111/><U16/><E100/><V105/><F105/><W71/><G71/><T19/><D19/><N who="1" m="7243" /><E32/><V9/><F129/><W43/><N who="3" m="46643" /><W135/><DORA hai="104" /><G135/><N who="2" m="51721" /><F6/><AGARI ba="1,0" hai="6,11,14,37,43,44,59,60,64,98,99" m="46643" machi="6" ten="40,5200,0" yaku="13,1,52,2" doraHai="93,104" who="3" fromWho="2" sc="380,0,250,0,250,-55,120,55" /><INIT seed="1,0,0,2,2,93" ten="380,250,195,175" oya="1" hai0="1,28,98,58,33,82,41,34,50,7,3,65,89" hai1="134,19,4,15,24,59,128,102,23,64,117,63,62" hai2="38,21,119,95,75,130,116,113,36,61,69,73,91" hai3="17,47,30,96,107,2,14,18,114,22,126,35,42"/><U110/><E117/><V76/><F113/><W29/><G2/><T16/><D58/><U132/><E102/><V121/><F121/><W46/><G114/><T43/><D50/><U123/><E123/><V112/><F112/><W66/><G66/><T5/><D89/><U54/><E128/><V80/><F73/><W39/><G126/><T67/><D82/><U10/><E110/><V40/><F130/><W88/><G35/><T52/><D28/><U12/><REACH who="1" step="1"/><E24/><REACH who="1" ten="380,240,195,175" step="2"/><V78/><F119/><W31/><G47/><T26/><D26/><U55/><E55/><V27/><F116/><W109/><G109/><T127/><D52/><U53/><E53/><V74/><F40/><W99/><G14/><T133/><D43/><U32/><E32/><V57/><F69/><AGARI ba="0,1" hai="4,10,12,15,19,23,54,59,62,63,64,69,132,134" machi="69" ten="40,2000,0" yaku="1,1,53,0" doraHai="93" doraHaiUra="90" who="1" fromWho="2" sc="380,0,240,30,195,-20,175,0" /><INIT seed="1,1,0,5,0,101" ten="380,270,175,175" oya="1" hai0="50,77,118,134,20,103,61,38,131,107,51,44,23" hai1="34,102,74,52,130,87,129,1,4,80,55,68,27" hai2="6,56,110,62,108,84,105,76,22,2,10,65,120" hai3="13,29,109,19,79,72,58,63,126,39,104,9,124"/><U18/><E68/><V132/><F120/><W14/><G39/><T37/><D77/><U83/><E74/><V33/><F33/><W24/><G109/><N who="2" m="42089" /><F132/><W11/><G79/><T60/><D103/><U49/><E102/><V21/><F105/><W15/><G72/><T122/><D44/><N who="1" m="27687" /><E55/><V94/><F94/><W46/><G46/><T91/><D91/><N who="1" m="51687" /><E83/><AGARI ba="1,0" hai="2,6,10,21,22,56,62,65,76,83,84" m="42089" machi="83" ten="30,1000,0" yaku="14,1" doraHai="101" who="2" fromWho="1" sc="380,0,270,-13,175,13,175,0" /><INIT seed="2,0,0,5,2,94" ten="380,257,188,175" oya="2" hai0="101,73,112,126,124,3,102,129,110,53,109,98,67" hai1="78,84,4,15,122,46,135,9,103,14,108,79,28" hai2="0,130,2,99,85,57,64,34,63,1,43,89,120" hai3="51,8,80,71,131,134,25,22,132,66,35,81,74"/><V37/><F34/><W42/><G35/><T32/><D3/><U50/><E122/><V114/><F120/><W16/><G131/><T87/><D67/><U30/><E108/><N who="0" m="41577" /><D73/><U88/><E135/><N who="3" m="51754" /><G8/><T54/><D32/><U96/><E15/><V23/><F114/><W61/><G74/><T11/><D11/><U111/><E111/><V105/><F130/><W21/><G22/><T5/><D5/><U47/><E47/><AGARI ba="0,0" hai="16,21,25,42,47,51,61,66,71,80,81" m="51754" machi="47" ten="30,2000,0" yaku="20,1,54,1" doraHai="94" who="3" fromWho="1" sc="380,0,257,-20,188,0,175,20" /><INIT seed="3,0,0,4,4,62" ten="380,237,188,195" oya="3" hai0="114,42,133,45,91,9,119,14,121,103,130,53,48" hai1="59,78,37,86,43,15,65,51,13,135,127,10,82" hai2="107,63,29,55,117,7,76,97,79,6,22,99,110" hai3="112,131,69,18,113,41,36,134,57,81,89,19,102"/><W50/><G36/><T66/><D103/><U74/><E135/><V83/><F117/><W54/><G134/><T26/><D119/><U21/><E127/><V23/><F107/><W120/><G41/><T96/><D121/><U35/><E35/><V104/><F104/><W125/><G120/><T87/><D96/><N who="2" m="36938" /><F110/><W116/><G102/><T33/><D33/><U61/><E37/><V64/><F55/><W8/><G116/><T109/><D26/><U4/><E74/><V1/><F1/><W20/><G125/><T126/><D109/><U95/><E95/><V84/><F79/><W16/><G69/><T98/><D98/><U31/><E15/><V58/><F29/><W5/><G131/><T30/><D30/><U28/><E21/><AGARI ba="0,0" hai="6,7,21,22,23,58,63,64,76,83,84" m="36938" machi="21" ten="30,2000,0" yaku="8,1,52,1" doraHai="62" who="2" fromWho="1" sc="380,0,237,-20,188,20,195,0" /><INIT seed="4,0,0,0,3,119" ten="380,217,208,195" oya="0" hai0="73,21,23,10,14,9,67,22,30,89,104,117,116" hai1="78,134,96,93,95,35,27,5,90,88,45,99,107" hai2="128,56,58,111,50,112,3,70,69,83,48,2,133" hai3="98,106,127,61,125,54,13,38,121,87,85,31,101"/><T12/><D104/><U47/><E5/><V131/><F83/><W126/><G38/><T19/><D73/><U63/><E134/><V86/><F86/><W51/><G31/><T42/><D67/><U44/><E107/><V29/><F29/><W113/><G61/><T123/><D42/><U52/><E78/><V18/><F112/><W68/><G68/><T60/><D60/><U57/><E35/><V1/><F18/><W11/><G113/><T92/><D92/><U20/><E45/><V132/><REACH who="2" step="1"/><F3/><REACH who="2" ten="380,217,198,195" step="2"/><W120/><G87/><T103/><D117/><U122/><E122/><N who="3" m="47210" /><G85/><T91/><D116/><U33/><E33/><V114/><F114/><W115/><G115/><T6/><D123/><U66/><E66/><V129/><F129/><W16/><G127/><T72/><D72/><U34/><E34/><V81/><F81/><W32/><G32/><T105/><D30/><AGARI ba="0,1" hai="20,27,30,44,47,52,57,63,88,90,93,95,96,99" machi="30" ten="30,8000,1" yaku="7,1,9,1,8,1,54,2" doraHai="119" who="1" fromWho="0" sc="380,-80,217,90,198,0,195,0" /><INIT seed="5,0,0,1,2,28" ten="300,307,198,195" oya="1" hai0="89,34,75,30,19,4,32,70,41,105,17,109,124" hai1="87,95,127,121,54,108,83,38,71,39,81,112,91" hai2="18,51,15,111,29,119,50,126,104,69,22,37,125" hai3="130,46,57,117,42,23,134,3,99,80,55,116,107"/><U133/><E121/><V114/><F119/><W135/><G3/><T122/><D70/><U45/><E108/><V132/><F37/><W92/><G107/><T13/><D75/><U78/><E133/><N who="3" m="50698" /><G130/><T44/><D105/><U31/><E127/><N who="2" m="48651" /><F69/><W93/><G80/><T123/><D89/><U128/><E128/><V33/><F104/><W52/><G23/><T62/><D62/><U61/><E112/><V67/><F111/><W26/><G26/><T129/><D129/><U85/><E31/><V56/><F132/><W10/><G10/><N who="0" m="4295" /><D30/><U60/><E71/><V16/><F18/><N who="0" m="6666" /><D109/><U90/><E38/><V79/><F114/><W102/><G93/><T84/><D84/><N who="1" m="48183" /><E39/><V14/><F79/><W96/><G99/><T131/><D131/><U21/><E21/><V76/><F76/><W11/><G11/><T113/><D124/><U118/><E118/><N who="3" m="45674" /><G57/><T27/><D113/><U82/><E83/><V63/><F15/><W98/><G98/><T58/><D58/><U66/><E66/><V103/><F103/><W43/><G46/><T47/><D27/><AGARI ba="0,0" hai="14,16,22,27,29,33,50,51,56,63,67" m="48651" machi="27" ten="30,3900,0" yaku="18,1,52,1,54,1" doraHai="28" who="2" fromWho="0" sc="300,-39,307,0,198,39,195,0" /><INIT seed="6,0,0,1,2,111" ten="261,307,237,195" oya="2" hai0="7,92,126,56,36,91,104,116,86,37,110,109,4" hai1="70,67,27,10,23,127,20,71,112,45,61,62,79" hai2="96,78,52,33,14,11,129,74,101,94,60,81,107" hai3="55,85,87,2,19,0,132,30,105,46,108,43,28"/><V121/><F129/><W3/><G108/><T47/><D104/><U128/><E127/><V9/><F33/><W51/><G105/><T114/><D56/><U82/><E128/><V18/><F121/><W102/><G102/><T120/><D120/><U77/><E10/><V90/><F60/><W122/><G122/><T80/><D47/><U63/><E45/><V68/><F68/><W113/><G132/><T40/><D40/><U1/><E1/><V118/><F118/><W42/><G19/><T8/><D92/><U66/><E112/><V48/><F18/><W38/><G113/><T31/><D91/><U133/><E133/><V119/><F14/><W97/><G97/><T16/><D86/><U106/><E106/><V131/><F131/><W123/><G123/><T13/><D80/><U84/><E62/><V89/><F119/><W39/><G43/><T5/><D37/><U57/><E57/><V24/><F24/><W32/><G32/><T44/><D44/><U54/><E54/><V64/><F64/><W83/><G55/><T69/><D36/><U17/><E23/><V95/><F90/><AGARI ba="0,0" hai="17,20,27,61,63,66,67,70,71,77,79,82,84,90" machi="90" ten="30,2000,0" yaku="7,1,9,1" doraHai="111" who="1" fromWho="2" sc="261,0,307,20,237,-20,195,0" /><INIT seed="7,0,0,3,0,122" ten="261,327,217,195" oya="3" hai0="92,48,123,43,130,49,60,124,116,129,14,58,67" hai1="57,105,110,35,56,23,117,3,44,73,127,104,125" hai2="26,100,69,16,36,45,74,68,101,9,15,13,93" hai3="106,47,32,10,34,72,50,109,63,120,96,88,4"/><W51/><G72/><T84/><D14/><U115/><E23/><V83/><F36/><W42/><G120/><T121/><D92/><U81/><E56/><V62/><F45/><W25/><G109/><T11/><D84/><U134/><E57/><V8/><F26/><W94/><G106/><T39/><D11/><U31/><E44/><V80/><F74/><W55/><G25/><T12/><D12/><U135/><E31/><V79/><F79/><W82/><G63/><T27/><D27/><U113/><E35/><V40/><F40/><W99/><G82/><T66/><D116/><U54/><E54/><V5/><F69/><W87/><G51/><T70/><D123/><U111/><E3/><V78/><F68/><W28/><G42/><T18/><D18/><U7/><E7/><V108/><F108/><N who="1" m="41513" /><E117/><V61/><F83/><W21/><G21/><T86/><D121/><U85/><E73/><V114/><F114/><N who="1" m="43529" /><E105/><V38/><F38/><W75/><G75/><T30/><D30/><U17/><E17/><V90/><F78/><W0/><REACH who="3" step="1"/><G28/><REACH who="3" ten="261,327,217,185" step="2"/><T53/><D39/><U132/><E104/><V97/><REACH who="2" step="1"/><F80/><REACH who="2" ten="261,327,207,185" step="2"/><W64/><G64/><T52/><D67/><U112/><E112/><V20/><F20/><W95/><G95/><T1/><D66/><U71/><E71/><V107/><F107/><W128/><G128/><T37/><D70/><U89/><AGARI ba="0,2" hai="81,85,89,125,127,132,134,135" m="43529,41513" machi="89" ten="40,12000,2" yaku="20,1,15,1,34,2,52,3" doraHai="122" who="1" fromWho="1" sc="261,-30,327,140,207,-30,185,-60" owari="231,3.0,467,56.0,177,-22.0,125,-37.0" /></mjloggm>