<mjloggm ver="2.3"><GO type="41"/><UN n0="%EF%BC%88%E2%89%A7%E2%96%BD%E2%89%A6%EF%BC%89" n1="%E3%82%B8%E3%82%A7%E3%83%AA%E3%83%BC%E5%AF%8C%E5%A3%AB" n2="%70%65%6E%5F%63%68%61%6E" n3="%74%6F%72%69%30%36%31%32" dan="14,15,13,16" rate="2030,2065,1819,2076" sx="M,M,M,M"/><TAIKYOKU oya="0"/><INIT seed="0,0,0,4,3,37" ten="250,250,250,250" oya="0" hai0="3,68,110,58,67,120,65,76,55,111,113,69,5" hai1="125,62,134,121,133,124,35,104,90,130,101,41,102" hai2="44,56,73,18,8,9,106,40,107,115,12,119,53" hai3="7,38,95,64,29,60,24,75,114,71,117,33,11"/><T48/><D76/><U45/><E35/><V0/><F115/><W108/><G114/><T28/><D113/><U14/><E121/><V131/><F119/><W128/><G117/><T26/><D5/><U2/><E2/><V74/><F131/><W30/><G30/><T32/><D3/><U80/><E62/><V66/><F66/><N who="0" m="25098" /><D120/><U4/><E104/><V135/><F74/><W50/><G128/><T100/><D100/><N who="1" m="38507" /><E130/><V81/><F53/><W36/><G75/><T105/><D105/><U109/><E109/><AGARI ba="0,0" hai="26,28,32,48,55,58,68,69,109,110,111" m="25098" machi="109" ten="30,2900,0" yaku="14,1,10,1" doraHai="37" who="0" fromWho="1" sc="250,29,250,-29,250,0,250,0" /><INIT seed="0,1,0,0,4,35" ten="279,221,250,250" oya="0" hai0="66,12,33,42,15,62,127,40,11,79,111,30,60" hai1="27,116,129,37,99,105,38,46,88,51,81,16,132" hai2="22,78,93,128,83,28,41,72,19,133,70,67,31" hai3="50,86,6,101,34,113,112,122,29,32,26,106,73"/><T0/><D127/><U43/><E116/><V13/><F41/><W109/><G86/><T57/><D79/><U49/><E132/><V125/><F70/><W18/><G122/><T45/><D111/><U103/><E129/><V1/><F67/><W56/><G73/><T7/><D62/><U24/><E49/><V4/><F128/><W108/><G101/><T48/><REACH who="0" step="1"/><D42/><REACH who="0" step="2"/><U77/><E77/><V14/><F125/><W102/><G108/><T44/><D44/><U120/><E120/><V59/><F133/><W75/><G109/><T76/><D76/><U92/><E81/><V87/><F72/><W91/><G75/><T74/><D74/><U58/><E58/><V52/><F93/><W3/><G56/><T10/><D10/><U121/><E121/><V17/><F4/><W107/><G6/><T97/><D97/><U47/><E37/><V25/><F25/><AGARI ba="1,1" hai="0,7,11,12,15,25,30,33,40,45,48,57,60,66" machi="25" ten="40,3900,0" yaku="1,1,52,1,53,0" doraHai="35" doraHaiUra="89" who="0" fromWho="2" sc="269,52,221,0,250,-42,250,0" /><INIT seed="0,2,0,3,3,7" ten="321,221,208,250" oya="0" hai0="133,99,83,12,8,102,131,90,16,89,26,97,0" hai1="114,130,21,129,103,122,88,9,135,13,69,20,109" hai2="19,47,124,44,107,80,45,53,100,71,86,68,32" hai3="23,111,17,24,116,72,119,125,50,42,77,104,64"/><T112/><D112/><U93/><E122/><V27/><F124/><W120/><G104/><T35/><D133/><U38/><E38/><V62/><F107/><W118/><G125/><T25/><D131/><N who="1" m="50187" /><E135/><V121/><F100/><W18/><G111/><T37/><D37/><U57/><E109/><V6/><F121/><W70/><G120/><T28/><D0/><U63/><E69/><V123/><F123/><W34/><G34/><T39/><D39/><U75/><E103/><V31/><F62/><W36/><G36/><T59/><D26/><U96/><E75/><V41/><F53/><W87/><G72/><T108/><D108/><U2/><E2/><V3/><F19/><W98/><G98/><T30/><D30/><U14/><E14/><V78/><REACH who="2" step="1"/><F41/><REACH who="2" step="2"/><W54/><G42/><T74/><D102/><U49/><E114/><V128/><F128/><W5/><G18/><T101/><D101/><U48/><E63/><V22/><F22/><N who="1" m="8809" /><E57/><V55/><F55/><W127/><G127/><T56/><D59/><U51/><E51/><V46/><F46/><W29/><G50/><T66/><D56/><U15/><E15/><V40/><F40/><W67/><G54/><T95/><D12/><U81/><E81/><V115/><F115/><W43/><G43/><T1/><D83/><U91/><E91/><V134/><F134/><W94/><G70/><T117/><D90/><U79/><E79/><V76/><F76/><W10/><G77/><T52/><D89/><U110/><E110/><V105/><F105/><W73/><G119/><T4/><D117/><U33/><E33/><RYUUKYOKU ba="2,1" sc="321,-15,221,15,198,15,250,-15" hai1="9,13,48,49,88,93,96" hai2="3,6,27,31,32,44,45,47,68,71,78,80,86" /><INIT seed="1,3,1,4,1,83" ten="306,236,213,235" oya="1" hai0="6,75,128,78,46,10,100,135,89,15,57,120,0" hai1="47,19,107,7,119,81,1,104,41,125,60,84,14" hai2="58,36,11,103,86,31,99,102,32,71,54,56,59" hai3="105,123,101,55,37,33,116,43,129,72,51,5,38"/><U88/><E119/><V64/><F36/><W42/><G72/><T95/><D135/><U121/><E125/><V20/><F32/><W48/><G33/><T134/><D134/><U76/><E121/><V124/><F124/><W23/><G5/><T87/><D128/><U90/><E60/><V114/><F114/><W131/><G101/><T74/><D120/><U13/><E1/><V63/><F11/><W92/><G92/><T24/><D100/><U122/><E122/><V113/><F102/><W27/><G105/><T98/><D46/><U118/><E118/><V73/><F73/><W80/><G80/><T65/><D24/><U66/><E66/><V26/><F113/><W77/><G77/><T34/><D34/><U44/><E107/><V28/><F28/><W111/><G123/><T25/><D25/><U35/><E104/><V94/><REACH who="2" step="1"/><F86/><REACH who="2" step="2"/><W93/><G37/><T18/><D75/><U62/><E35/><V108/><F108/><W82/><G111/><T115/><D74/><U50/><E7/><V106/><F106/><W49/><G38/><T39/><D39/><U29/><E29/><V110/><F110/><W61/><G116/><T12/><D115/><U45/><E13/><V68/><F68/><W2/><G131/><T52/><D15/><U70/><E70/><V53/><AGARI ba="3,2" hai="20,26,31,53,54,56,58,59,63,64,71,94,99,103" machi="53" ten="30,2000,0" yaku="1,1,0,1,53,0" doraHai="83" doraHaiUra="127" who="2" fromWho="2" sc="306,-8,236,-13,203,49,235,-8" /><INIT seed="2,0,0,3,5,99" ten="298,223,252,227" oya="2" hai0="32,68,101,122,128,46,114,106,33,96,25,44,41" hai1="116,104,115,79,113,9,30,98,5,37,97,2,47" hai2="124,76,89,74,90,100,7,55,48,80,119,73,77" hai3="16,8,118,27,6,92,67,10,94,59,110,105,49"/><V85/><F7/><W53/><G118/><T56/><D122/><U31/><E116/><V28/><F119/><W22/><G105/><T54/><D114/><U71/><E98/><V17/><F124/><W11/><G110/><T45/><D128/><U43/><E71/><V0/><F0/><W39/><G39/><T107/><D68/><U91/><E30/><V3/><F3/><W62/><REACH who="3" step="1"/><G6/><REACH who="3" step="2"/><T34/><D107/><U38/><E37/><V83/><F28/><W12/><G12/><T82/><D82/><U40/><E31/><V84/><F17/><W24/><G24/><T95/><D106/><U18/><E104/><V66/><F66/><W20/><G20/><T86/><D25/><U130/><E115/><V64/><F64/><W29/><G29/><T75/><D75/><U42/><E113/><V35/><F35/><W117/><G117/><T103/><D41/><U51/><E38/><V120/><F120/><W133/><G133/><T129/><D129/><U72/><E18/><V65/><F65/><W23/><G23/><T57/><D32/><U61/><E130/><V87/><REACH who="2" step="1"/><F100/><REACH who="2" step="2"/><W63/><G63/><T58/><D103/><U102/><E61/><V121/><F121/><W81/><G81/><T127/><D101/><U109/><E102/><V1/><F1/><W125/><G125/><T131/><D127/><U4/><E4/><V78/><F78/><W13/><G13/><T36/><D131/><U134/><E5/><V60/><F60/><W19/><G19/><T111/><D33/><U21/><E2/><V69/><F69/><AGARI ba="0,2" hai="8,10,11,16,22,27,49,53,59,62,67,69,92,94" machi="69" ten="40,2600,0" yaku="1,1,54,1,53,0" doraHai="99" doraHaiUra="93" who="3" fromWho="2" sc="298,0,223,0,242,-26,217,46" /><INIT seed="3,0,0,3,5,0" ten="298,223,216,263" oya="3" hai0="77,80,1,124,48,60,126,82,20,30,38,89,92" hai1="36,123,72,28,64,6,32,19,57,100,75,40,69" hai2="91,46,4,109,41,15,63,68,93,74,61,111,21" hai3="81,55,104,11,129,59,2,119,101,98,127,125,71"/><W108/><G71/><T133/><D38/><U27/><E123/><V49/><F74/><W107/><G119/><T13/><D1/><U103/><E57/><V45/><F68/><W79/><G129/><T102/><D133/><U99/><E103/><V83/><F83/><W97/><G108/><T132/><D132/><U52/><E19/><V90/><F45/><W135/><G135/><T95/><D102/><U5/><E52/><V3/><F3/><W84/><G98/><T58/><D48/><U120/><E120/><V122/><F122/><W65/><G65/><N who="0" m="39063" /><D77/><U128/><E128/><V87/><F91/><W134/><G134/><T76/><D89/><U39/><E72/><V62/><REACH who="2" step="1"/><F21/><REACH who="2" step="2"/><W114/><G114/><T110/><D80/><U118/><E75/><V50/><F50/><W116/><G116/><T8/><D82/><U105/><E118/><V23/><F23/><W31/><G81/><T47/><D47/><N who="1" m="23943" /><E39/><V34/><F34/><W16/><G79/><T67/><D76/><U70/><E70/><V44/><F44/><W18/><G101/><T94/><D20/><U29/><E29/><V25/><F25/><W86/><G2/><T7/><D30/><U121/><E121/><V117/><F117/><W22/><G31/><T51/><D51/><U26/><E26/><V35/><F35/><W112/><G22/><T54/><D13/><U17/><E17/><V131/><F131/><W43/><G18/><T42/><D42/><U24/><E24/><V56/><F56/><W14/><G59/><T9/><D9/><AGARI ba="0,1" hai="4,9,15,41,46,49,61,62,63,87,90,93,109,111" machi="9" ten="40,2600,0" yaku="1,1,52,1,53,0" doraHai="0" doraHaiUra="106" who="2" fromWho="0" sc="298,-26,223,0,206,36,263,0" /><INIT seed="4,0,0,3,2,37" ten="272,223,242,263" oya="0" hai0="55,99,83,30,122,90,102,68,8,16,26,93,1" hai1="117,20,110,128,82,21,79,64,71,58,73,113,126" hai2="60,51,125,131,115,22,23,81,124,56,34,47,6" hai3="42,38,77,28,2,92,74,50,109,86,57,135,97"/><T132/><D122/><U89/><E117/><V108/><F108/><W61/><G109/><T17/><D68/><U65/><E110/><V105/><F34/><W87/><G38/><T69/><D69/><U129/><E71/><V85/><F105/><W14/><G2/><T10/><D132/><U9/><E126/><V118/><F118/><W134/><G28/><T36/><D36/><U104/><E104/><V29/><F6/><W53/><G74/><T66/><D66/><U67/><E9/><N who="0" m="3689" /><D1/><U19/><E89/><V32/><F32/><W63/><G14/><T4/><D4/><U114/><E58/><V120/><F120/><W11/><G11/><T96/><D55/><U62/><E62/><V25/><F23/><W127/><G127/><T40/><D40/><U91/><E91/><V80/><F125/><W3/><G3/><T13/><D13/><N who="1" m="9327" /><E21/><V75/><F22/><W46/><G63/><T70/><D70/><U94/><E94/><V48/><F75/><W107/><G107/><N who="0" m="63943" /><D83/><U116/><E116/><V59/><F81/><W101/><REACH who="3" step="1"/><G77/><REACH who="3" step="2"/><T0/><D0/><U100/><E100/><V78/><F124/><W95/><G95/><T112/><D30/><U119/><E119/><V45/><F78/><W106/><G106/><T76/><D76/><U12/><E12/><V41/><F60/><W98/><G98/><T39/><D39/><U31/><E31/><V111/><F29/><W49/><G49/><T133/><D93/><U44/><E44/><V35/><F47/><W5/><G5/><T24/><D99/><U27/><E27/><V15/><F25/><RYUUKYOKU ba="0,1" sc="272,-15,223,15,242,-15,253,15" hai1="64,65,67,73,79,82,113,114,128,129" hai3="42,46,50,53,57,61,86,87,92,97,101,134,135" /><INIT seed="5,1,1,5,3,119" ten="257,238,227,268" oya="1" hai0="30,86,14,21,70,93,45,27,110,64,2,88,121" hai1="25,32,122,49,77,107,38,59,36,124,100,96,71" hai2="58,8,130,117,52,74,12,129,131,112,126,135,57" hai3="79,63,54,22,29,97,1,133,66,43,3,13,11"/><U23/><E71/><V115/><F117/><W61/><G133/><T7/><D110/><U20/><E122/><V95/><F135/><W125/><G125/><T123/><D2/><U105/><E124/><V5/><F126/><W92/><G79/><T128/><D128/><U81/><E107/><V90/><F74/><W15/><G43/><T127/><D127/><U91/><E32/><V94/><F58/><W84/><G84/><T99/><D45/><U51/><E91/><V28/><F28/><W83/><G83/><T108/><D108/><U19/><E23/><V111/><F111/><W24/><G54/><T68/><D68/><U41/><E41/><V98/><REACH who="2" step="1"/><F95/><REACH who="2" step="2"/><W65/><G66/><T39/><D64/><U37/><REACH who="1" step="1"/><E59/><REACH who="1" step="2"/><V80/><F80/><W35/><G35/><T106/><D70/><U53/><E53/><V69/><F69/><W33/><G65/><T48/><D123/><U116/><E116/><V50/><AGARI ba="1,3" hai="5,8,12,50,52,57,90,94,98,112,115,129,130,131" machi="50" ten="40,8000,1" yaku="1,1,0,1,19,1,54,1,53,0" doraHai="119" doraHaiUra="56" who="2" fromWho="2" sc="257,-21,228,-41,217,113,268,-21" /><INIT seed="6,0,0,1,4,60" ten="236,187,330,247" oya="2" hai0="112,98,29,21,85,53,33,79,88,73,64,75,11" hai1="102,92,99,101,130,27,23,5,129,128,16,125,1" hai2="71,31,91,35,96,63,48,46,3,126,131,124,17" hai3="106,115,72,68,70,49,122,13,66,28,54,67,18"/><V132/><F3/><W90/><G106/><T4/><D33/><U22/><E125/><V87/><F131/><W135/><G72/><T20/><D112/><U117/><E117/><V55/><F132/><W37/><G37/><T121/><D121/><U61/><E23/><V95/><F35/><W100/><G100/><T50/><D64/><N who="3" m="24617" /><G28/><T113/><D113/><U2/><E61/><V97/><F31/><W8/><G122/><T43/><D43/><U58/><E58/><V89/><F17/><W14/><G115/><T25/><D21/><U119/><E119/><V26/><F26/><W42/><G42/><T59/><D98/><U116/><E116/><V15/><F15/><N who="3" m="7527" /><G68/><T82/><D79/><U56/><E56/><V109/><F109/><W134/><G70/><T105/><D105/><U104/><REACH who="1" step="1"/><E5/><REACH who="1" step="2"/><V80/><F71/><W107/><G135/><T30/><D29/><U120/><E120/><V34/><F34/><W7/><G134/><T74/><D4/><U78/><E78/><V103/><REACH who="2" step="1"/><F63/><REACH who="2" step="2"/><W81/><G7/><T127/><D30/><U83/><E83/><V45/><F45/><N who="3" m="27951" /><G107/><AGARI ba="0,2" hai="46,48,55,80,87,89,91,95,96,97,103,107,124,126" machi="107" ten="40,2000,0" yaku="1,1,53,0" doraHai="60" doraHaiUra="108" who="2" fromWho="3" sc="236,0,177,0,320,40,247,-20" /><INIT seed="6,1,0,4,0,129" ten="236,177,360,227" oya="2" hai0="85,8,12,19,100,39,89,111,105,113,44,20,0" hai1="30,35,23,60,55,29,26,83,18,130,65,132,71" hai2="49,93,74,115,81,87,42,128,69,31,84,124,73" hai3="51,7,80,123,14,54,64,94,34,48,91,135,4"/><V47/><F69/><W11/><G34/><T101/><D111/><U16/><E130/><V28/><F128/><W122/><G64/><T125/><D125/><U134/><E83/><V76/><F124/><W70/><G70/><T116/><D116/><U38/><E38/><V5/><F115/><W107/><G107/><T37/><D113/><U117/><E117/><V57/><F5/><W86/><G48/><T133/><D105/><U25/><E55/><V17/><F74/><W50/><G50/><T90/><D37/><U95/><E95/><V106/><F106/><W61/><G61/><T103/><D39/><U88/><E88/><N who="0" m="33897" /><D0/><U79/><E79/><V96/><F57/><W58/><G135/><AGARI ba="1,0" hai="16,18,23,25,26,29,30,35,60,65,71,132,134,135" machi="135" ten="40,8000,1" yaku="20,1,52,3,54,1" doraHai="129" who="1" fromWho="3" sc="236,0,177,83,360,0,227,-83" /><INIT seed="7,0,0,3,4,64" ten="236,260,360,144" oya="3" hai0="94,19,12,71,83,52,48,36,125,107,43,15,80" hai1="2,37,88,29,35,38,10,112,114,85,33,66,135" hai2="7,101,58,76,25,122,70,47,24,82,53,3,16" hai3="30,56,132,79,39,9,126,22,31,11,50,23,28"/><W98/><G39/><T131/><D107/><U113/><E135/><V117/><F117/><W99/><G132/><T96/><D125/><U13/><E2/><V127/><F70/><W128/><G126/><T108/><D108/><U74/><E74/><V4/><F127/><W77/><G128/><T46/><D131/><U0/><E66/><V44/><F101/><W104/><G104/><T92/><D71/><U75/><E0/><V17/><F122/><W55/><G50/><T57/><D12/><U49/><E75/><V40/><F25/><W26/><G56/><T18/><D18/><N who="1" m="8503" /><E49/><V32/><F32/><N who="1" m="12361" /><E29/><V69/><F69/><W54/><G31/><T45/><D45/><U87/><E87/><V109/><F47/><W68/><G68/><T116/><D116/><U81/><AGARI ba="0,0" hai="37,38,81,85,88,112,113,114" m="12361,8503" machi="81" ten="40,2700,0" yaku="15,1,54,1" doraHai="64" who="1" fromWho="1" sc="236,-7,260,27,360,-7,144,-13" owari="229,-17,287,9,353,45,131,-37" /></mjloggm>