<mjloggm ver="2.3"><GO type="169" lobby="0"/><UN n0="%E5%AF%9B%E3%83%94%E3%82%A8%E3%83%AD" n1="%61%6D%61%6A%69%73%68%69" n2="%E8%B7%AF%E5%9C%B0%E8%A3%8F%E3%81%AE%E3%81%B2%E3%81%BE%E3%82%8F%E3%82%8A" n3="%EF%BC%88%E2%89%A7%E2%96%BD%E2%89%A6%EF%BC%89" dan="16,16,17,18" rate="2098.03,2137.93,2195.79,2194.59" sx="M,M,M,M"/><TAIKYOKU oya="0"/><INIT seed="0,0,0,3,3,81" ten="250,250,250,250" oya="0" hai0="95,96,55,8,84,40,3,32,31,74,132,82,30" hai1="98,100,63,25,15,7,46,56,39,107,124,53,129" hai2="127,33,78,133,110,102,18,48,29,1,103,125,23" hai3="6,50,86,60,131,130,115,58,73,62,112,71,79"/><T89/><D132/><U20/><E129/><N who="3" m="49162" /><G73/><T14/><D3/><U93/><E124/><N who="2" m="47691" /><F1/><W97/><G6/><N who="0" m="3351" /><D32/><U0/><E0/><V69/><F69/><W52/><G97/><T21/><D74/><U44/><E39/><V113/><F113/><N who="3" m="43595" /><G71/><T76/><D40/><U47/><E107/><V13/><F78/><W57/><G57/><T114/><D114/><U109/><E109/><V101/><F110/><W64/><G64/><T67/><D67/><U36/><E36/><V54/><F133/><W37/><G37/><T92/><D92/><U49/><E7/><V105/><F33/><W77/><G77/><T88/><D76/><U120/><E120/><V121/><F29/><N who="0" m="10762" /><D55/><U117/><E117/><V10/><F121/><W34/><G34/><T99/><D21/><U108/><E108/><V128/><F128/><W83/><AGARI ba="0,0" hai="50,52,58,60,62,79,83,86" m="43595,49162" machi="83" ten="40,5200,0" yaku="19,1,52,1,54,1" doraHai="81" who="3" fromWho="3" sc="250,-26,250,-13,250,-13,250,52" /><INIT seed="1,0,0,3,3,125" ten="224,237,237,302" oya="1" hai0="15,111,127,19,29,97,79,84,91,123,10,39,129" hai1="22,94,20,85,23,42,28,96,26,64,27,53,87" hai2="82,110,54,14,134,95,46,58,107,4,9,31,75" hai3="40,98,71,68,41,90,62,24,55,13,132,44,102"/><U89/><E42/><V76/><F107/><W16/><G132/><T126/><D39/><U70/><E70/><V119/><F119/><W101/><G71/><T1/><D1/><U61/><E64/><V118/><F118/><W83/><G68/><T73/><D123/><U43/><E43/><N who="3" m="16458" /><G24/><T120/><D120/><U18/><REACH who="1" step="1"/><E23/><REACH who="1" ten="224,227,237,302" step="2"/><V8/><F134/><W17/><G55/><T116/><D116/><U57/><AGARI ba="0,1" hai="18,20,22,26,27,28,53,57,61,85,87,89,94,96" machi="57" ten="30,18000,2" yaku="1,1,2,1,0,1,25,2,8,1,53,0" doraHai="125" doraHaiUra="104" who="1" fromWho="1" sc="224,-60,227,190,237,-60,302,-60" /><INIT seed="1,1,0,4,4,38" ten="164,417,177,242" oya="1" hai0="116,43,98,18,23,122,90,97,135,68,20,92,33" hai1="72,6,17,12,82,124,123,58,10,16,36,84,134" hai2="102,88,41,25,21,101,32,30,78,0,5,94,49" hai3="42,7,85,63,79,105,80,112,121,77,29,59,14"/><U86/><E123/><V96/><F78/><N who="3" m="46231" /><G105/><T110/><D33/><U119/><E119/><V37/><F37/><W31/><G112/><T108/><D68/><U48/><E134/><V127/><F127/><W95/><G121/><T75/><D75/><U83/><E36/><V114/><F114/><W107/><G107/><T113/><D122/><U133/><E124/><V50/><F50/><W13/><G95/><T109/><D113/><U129/><E133/><V93/><F21/><N who="0" m="8266" /><D116/><U8/><E72/><V103/><F5/><W62/><G62/><T57/><D135/><U61/><E48/><V35/><F35/><W54/><G7/><T120/><D120/><U87/><E129/><V28/><F0/><W81/><G77/><T55/><D18/><N who="1" m="7275" /><E10/><V34/><F34/><W131/><G131/><T56/><D98/><U76/><E76/><V104/><F104/><W3/><G3/><T2/><D2/><U15/><E15/><N who="3" m="5642" /><G42/><T115/><D115/><U9/><E9/><V52/><F41/><W27/><G27/><T69/><D69/><U47/><E47/><V74/><F74/><W64/><G79/><T66/><D43/><U26/><E26/><V70/><F70/><W46/><G81/><T128/><D128/><U130/><E130/><V4/><F25/><W1/><G1/><T40/><D40/><U22/><E22/><V132/><F132/><W19/><G19/><T111/><D111/><U118/><E118/><V73/><F32/><W39/><G39/><T117/><D117/><U125/><E125/><V11/><F73/><W65/><G46/><T24/><D110/><RYUUKYOKU ba="1,0" sc="164,-15,417,15,177,-15,242,15" hai1="6,8,12,58,61,82,83,84,86,87" hai3="29,31,54,59,63,64,65" /><INIT seed="1,2,0,1,0,129" ten="149,432,162,257" oya="1" hai0="89,91,12,35,123,121,119,57,50,85,3,22,98" hai1="47,87,5,29,74,36,42,118,115,99,28,68,105" hai2="114,126,21,131,133,55,24,63,110,71,80,92,1" hai3="101,8,48,46,9,103,2,66,94,82,111,15,25"/><U93/><E118/><V84/><F1/><W134/><G111/><T67/><D35/><U64/><E115/><V102/><F114/><W32/><G2/><T97/><D3/><U73/><E87/><V100/><F110/><W52/><G82/><T45/><D119/><U39/><E5/><V31/><F131/><W54/><G66/><T113/><D113/><U135/><E29/><V108/><F108/><W20/><G32/><T17/><D67/><U69/><E93/><V4/><F4/><N who="3" m="3463" /><G9/><T125/><D57/><U26/><E39/><V10/><F10/><W13/><G13/><T120/><D125/><U70/><E64/><V34/><F34/><W130/><G130/><T78/><D78/><U30/><E30/><V0/><F71/><W83/><G83/><N who="0" m="49343" /><D91/><U104/><E104/><V112/><F0/><W62/><G94/><T58/><D58/><U6/><E6/><V18/><F92/><W41/><G62/><T132/><D132/><U7/><E135/><V51/><F63/><W43/><G134/><T109/><D109/><U23/><E7/><V81/><F133/><W77/><G77/><T86/><D86/><U33/><E23/><N who="2" m="15775" /><F126/><W44/><G103/><AGARI ba="2,0" hai="26,28,33,36,42,47,68,69,70,73,74,99,103,105" machi="103" ten="40,7700,0" yaku="33,3" doraHai="129" who="1" fromWho="3" sc="149,0,432,83,162,0,257,-83" /><INIT seed="1,3,0,3,2,7" ten="149,515,162,174" oya="1" hai0="117,76,21,25,96,83,11,124,16,22,89,60,105" hai1="49,92,129,122,46,72,66,110,115,132,121,30,59" hai2="1,74,86,120,38,23,24,32,87,100,5,43,84" hai3="4,47,119,40,133,135,14,65,27,0,17,68,3"/><U85/><E115/><V82/><F120/><W19/><G119/><T88/><D117/><U62/><E72/><V8/><F32/><W97/><G97/><T57/><D124/><U20/><E132/><N who="3" m="50762" /><G68/><T113/><D113/><U9/><E9/><V79/><F100/><W35/><G65/><N who="0" m="39055" /><D105/><U33/><E33/><V13/><F13/><W18/><G47/><T51/><D51/><U106/><E106/><V134/><F134/><W99/><G99/><T55/><D55/><U31/><E31/><N who="2" m="17823" /><F87/><W37/><G40/><T45/><D45/><AGARI ba="3,0" hai="1,5,8,38,43,45,74,79,82,84,86" m="17823" machi="45" ten="30,2000,0" yaku="25,1,52,1" doraHai="7" who="2" fromWho="0" sc="149,-29,515,0,162,29,174,0" /><INIT seed="2,0,0,0,0,79" ten="120,515,191,174" oya="2" hai0="126,51,124,125,121,101,27,118,65,41,7,82,129" hai1="74,112,26,127,96,44,8,104,30,85,28,61,38" hai2="135,69,35,86,19,52,100,50,49,105,36,58,95" hai3="14,12,132,1,16,25,33,113,87,84,29,99,40"/><V2/><F36/><W110/><G1/><T92/><D121/><U106/><E96/><V107/><F69/><W108/><G113/><T70/><D129/><U22/><E112/><V134/><F35/><W91/><G40/><T115/><D115/><U83/><E30/><V75/><F75/><W80/><G132/><N who="2" m="50729" /><F2/><W120/><G120/><T78/><D118/><U98/><E74/><V37/><F37/><W64/><G64/><T94/><D7/><U103/><E127/><V23/><F50/><W34/><G34/><T46/><D27/><U102/><E102/><V53/><F53/><W0/><G0/><T57/><D70/><U10/><E61/><V63/><F63/><W11/><G99/><T5/><D5/><U111/><E111/><V81/><F95/><W31/><G31/><T15/><D15/><U89/><REACH who="1" step="1"/><E106/><REACH who="1" ten="120,505,191,174" step="2"/><V55/><F100/><W18/><REACH who="3" step="1"/><G84/><REACH who="3" ten="120,505,191,164" step="2"/><N who="0" m="48215" /><D101/><U54/><E54/><V21/><F55/><W32/><G32/><T122/><D122/><U67/><E67/><V133/><F133/><W123/><G123/><T60/><AGARI ba="0,2" hai="41,46,51,57,60,65,92,94,124,125,126" m="48215" machi="60" ten="40,2700,0" yaku="18,1,52,1" doraHai="79" who="0" fromWho="0" sc="120,47,505,-7,191,-13,164,-7" /><INIT seed="3,0,0,4,0,62" ten="167,498,178,157" oya="3" hai0="16,117,37,57,97,40,135,111,132,21,76,129,131" hai1="10,85,77,91,44,30,63,79,130,126,67,43,35" hai2="74,32,101,42,118,26,78,93,113,116,59,33,7" hai3="73,1,127,108,75,50,82,99,64,22,28,87,119"/><W89/><G119/><T46/><D117/><U17/><E126/><V112/><F78/><W29/><G1/><T45/><D111/><U41/><E130/><N who="0" m="49673" /><D76/><U8/><E35/><V61/><F7/><W55/><G127/><T120/><D120/><U69/><E30/><N who="3" m="11882" /><G73/><T72/><D72/><U39/><E43/><V110/><F74/><W100/><G75/><T20/><D46/><U11/><REACH who="1" step="1"/><E17/><REACH who="1" ten="167,488,178,157" step="2"/><V80/><F42/><W56/><G108/><T60/><D16/><U104/><E104/><V38/><F110/><W103/><G22/><T115/><D115/><U83/><AGARI ba="0,1" hai="8,10,11,39,41,44,63,67,69,77,79,83,85,91" machi="83" ten="30,4000,0" yaku="1,1,0,1,52,1,53,0" doraHai="62" doraHaiUra="102" who="1" fromWho="1" sc="167,-10,488,50,178,-10,157,-20" /><INIT seed="4,0,0,4,0,135" ten="157,538,168,137" oya="0" hai0="98,74,126,0,107,124,106,79,125,118,27,59,49" hai1="32,10,66,23,48,42,46,50,56,16,18,36,73" hai2="90,89,57,109,40,47,67,113,6,114,86,2,129" hai3="20,11,103,53,120,52,84,71,96,94,31,7,4"/><T95/><D118/><U28/><E32/><V117/><F109/><W122/><G71/><T68/><D68/><U83/><E73/><V115/><F117/><W133/><G133/><T9/><D27/><U130/><E130/><V88/><F129/><W58/><G84/><T92/><D74/><U102/><E83/><N who="2" m="49375" /><F6/><N who="3" m="2091" /><G11/><T97/><D79/><U60/><E102/><V8/><F8/><W72/><G72/><T22/><D22/><U13/><E28/><V69/><F69/><W127/><G127/><T93/><D0/><U19/><E19/><V44/><F2/><W12/><G58/><T87/><D9/><U24/><AGARI ba="0,0" hai="10,13,16,18,23,24,36,42,46,48,50,56,60,66" machi="24" ten="20,2700,0" yaku="0,1,7,1,54,1" doraHai="135" who="1" fromWho="1" sc="157,-13,538,27,168,-7,137,-7" /><INIT seed="5,0,0,3,2,15" ten="144,565,161,130" oya="1" hai0="46,121,83,38,109,69,33,49,67,86,72,84,0" hai1="21,6,107,132,45,24,133,23,37,43,80,52,114" hai2="92,76,3,73,124,127,31,53,115,74,22,88,30" hai3="39,126,123,135,65,125,119,134,42,71,29,47,20"/><U56/><E107/><V103/><F103/><W36/><G29/><N who="2" m="10761" /><F76/><W18/><G123/><T75/><D33/><U68/><E68/><V9/><F22/><W54/><G119/><T122/><D0/><U12/><E114/><V19/><F53/><W26/><G39/><T51/><D109/><U61/><E80/><V120/><F120/><N who="0" m="46186" /><D38/><U40/><E40/><V108/><F108/><W95/><G95/><T85/><D83/><U14/><E6/><N who="2" m="1247" /><F19/><W112/><G112/><T110/><D110/><U16/><REACH who="1" step="1"/><E23/><REACH who="1" ten="144,555,161,130" step="2"/><V17/><F115/><W58/><G71/><T100/><D69/><U106/><E106/><V28/><F73/><W97/><G42/><T87/><D72/><U7/><E7/><V130/><F74/><W101/><G20/><T98/><D75/><U34/><E34/><V55/><F92/><W81/><G81/><T8/><D8/><U94/><E94/><V78/><F78/><W44/><G126/><T62/><D84/><U32/><E32/><V5/><F5/><W25/><G125/><T1/><D85/><U79/><E79/><V27/><F127/><W118/><G118/><T66/><D86/><U77/><E77/><V116/><F124/><W91/><G97/><T48/><D87/><U113/><E113/><V11/><F116/><W102/><G135/><AGARI ba="0,1" hai="12,14,16,21,24,37,43,45,52,56,61,132,133,135" machi="135" ten="40,12000,1" yaku="1,1,20,1,52,1,54,2,53,0" doraHai="15" doraHaiUra="99" who="1" fromWho="3" sc="144,0,555,130,161,0,130,-120" /><INIT seed="5,1,0,1,5,36" ten="144,685,161,10" oya="1" hai0="85,124,118,83,18,37,106,110,0,24,12,77,114" hai1="130,63,127,91,111,6,123,20,135,98,55,129,13" hai2="15,34,69,116,10,94,97,46,59,100,78,43,101" hai3="27,30,1,4,104,121,86,65,35,96,51,131,3"/><U64/><E123/><V17/><F69/><W102/><G121/><T60/><D0/><U112/><E112/><V50/><F116/><W32/><G131/><T61/><D37/><U84/><E111/><V72/><F34/><W19/><G35/><T134/><D106/><U47/><E127/><V119/><F119/><W44/><G4/><T132/><D110/><U25/><E135/><V66/><F72/><W62/><G86/><T103/><D103/><U56/><E98/><V109/><F109/><W54/><REACH who="3" step="1"/><G19/><REACH who="3" ten="144,685,161,0" step="2"/><T107/><D18/><U52/><E130/><V99/><F99/><W53/><G53/><T9/><D85/><U40/><E129/><V113/><F97/><W71/><AGARI ba="1,1" hai="1,3,27,30,32,44,51,54,62,65,71,96,102,104" machi="71" ten="20,8000,1" yaku="1,1,0,1,7,1,25,2,53,0" doraHai="36" doraHaiUra="108" who="3" fromWho="3" sc="144,-21,685,-41,161,-21,0,93" /><INIT seed="6,0,0,5,5,109" ten="123,644,140,93" oya="2" hai0="59,123,96,43,85,54,133,118,112,56,10,111,2" hai1="106,30,95,48,25,102,69,34,36,67,27,62,41" hai2="90,3,94,66,87,33,55,126,92,81,45,63,83" hai3="46,19,134,100,132,65,129,17,76,121,38,9,13"/><V86/><F126/><W12/><G65/><T60/><D123/><U88/><E27/><V119/><F119/><W73/><G100/><T78/><D118/><U135/><E135/><N who="3" m="51754" /><G121/><T51/><D111/><U117/><E117/><V131/><F131/><W21/><G129/><T1/><D133/><U61/><E61/><V28/><F3/><W22/><G76/><T7/><D1/><U44/><E48/><N who="2" m="29071" /><F33/><W101/><G101/><T57/><D96/><U35/><E35/><V37/><F37/><W105/><G105/><T114/><D43/><U49/><E49/><V53/><F66/><W40/><G73/><T91/><D78/><U77/><E77/><N who="2" m="46383" /><F28/><W8/><G38/><T110/><D110/><U113/><E106/><V79/><F79/><W32/><G40/><T74/><D74/><U29/><E29/><V6/><F6/><N who="3" m="3095" /><G46/><N who="0" m="28023" /><D60/><U93/><E102/><V18/><F63/><W64/><G64/><T47/><D47/><U52/><E62/><V16/><F53/><W84/><G84/><T24/><D24/><U42/><E52/><V98/><F83/><W58/><G58/><T23/><D59/><U82/><E67/><V70/><F70/><W15/><G32/><T108/><D108/><U130/><E69/><V14/><F98/><W116/><G116/><T26/><D56/><U50/><E130/><V0/><F94/><W128/><G128/><T115/><D57/><U31/><E36/><V5/><F0/><W97/><G97/><T127/><D127/><U125/><E34/><V75/><F75/><W124/><G124/><T104/><D104/><U71/><E125/><RYUUKYOKU ba="0,0" sc="123,-15,644,-15,140,15,93,15" hai2="5,14,16,18,87,90,92" hai3="9,13,15,17,19,21,22" /><INIT seed="6,1,0,2,4,116" ten="108,629,155,108" oya="2" hai0="26,23,80,51,59,84,33,45,131,20,22,15,104" hai1="7,123,69,87,43,97,10,100,89,40,28,90,75" hai2="3,30,47,101,73,1,37,110,125,112,77,128,34" hai3="13,111,115,63,6,61,102,31,83,134,71,103,39"/><V62/><F125/><W12/><G39/><T132/><D104/><U81/><E69/><V106/><F128/><W86/><G111/><T74/><D74/><U91/><E123/><V27/><F110/><W32/><G134/><T60/><D131/><U120/><E120/><V2/><F112/><W29/><G115/><T122/><D122/><U0/><E28/><N who="3" m="10826" /><G71/><T135/><D33/><U21/><E21/><V126/><F126/><W129/><G32/><T92/><D92/><U98/><E98/><N who="2" m="61751" /><F62/><N who="3" m="23563" /><G129/><T108/><D108/><U121/><E121/><V8/><F8/><N who="3" m="4119" /><G13/><T109/><D15/><U9/><E9/><V16/><F16/><W54/><G54/><N who="0" m="33911" /><D109/><U55/><E55/><V44/><F44/><W35/><G35/><T113/><D113/><U46/><E75/><V56/><F56/><W96/><G96/><T76/><D132/><U41/><REACH who="1" step="1"/><E46/><REACH who="1" ten="108,619,155,108" step="2"/><V4/><F47/><W36/><G36/><T88/><D135/><U93/><AGARI ba="1,1" hai="0,7,10,40,41,43,81,87,89,90,91,93,97,100" machi="93" ten="30,12000,2" yaku="1,1,2,1,0,1,53,3" doraHai="116" doraHaiUra="85" who="1" fromWho="1" sc="108,-31,619,133,155,-61,108,-31" /><INIT seed="7,0,0,0,1,119" ten="77,752,94,77" oya="3" hai0="113,24,97,19,90,73,80,131,100,69,110,47,124" hai1="115,75,10,52,63,39,94,30,66,127,95,102,33" hai2="6,4,114,76,46,81,44,112,41,107,56,88,108" hai3="0,22,128,84,27,32,79,89,98,93,78,126,134"/><W116/><G116/><T8/><D69/><U62/><E75/><N who="2" m="43167" /><F107/><W43/><G0/><T83/><D113/><N who="2" m="43626" /><F108/><W49/><G32/><T72/><D110/><U45/><E52/><V28/><F28/><N who="3" m="17527" /><G134/><T12/><D72/><U111/><E62/><V35/><F35/><W70/><G70/><T29/><D73/><U68/><E45/><N who="2" m="17515" /><F41/><W40/><G128/><T7/><D131/><U23/><E94/><V122/><F122/><W3/><G3/><T42/><D42/><N who="3" m="15913" /><G126/><T65/><D124/><U109/><E23/><V38/><F38/><W132/><G132/><T64/><D8/><U87/><E102/><V91/><F56/><W104/><G104/><T20/><D100/><U61/><E87/><V16/><F16/><W86/><G49/><T125/><D125/><U36/><E127/><V120/><F120/><W51/><G51/><T48/><D48/><U14/><E115/><V58/><F58/><W15/><G15/><T34/><D12/><U74/><E111/><V31/><F31/><W25/><G25/><T67/><D29/><U55/><E74/><V103/><F103/><N who="3" m="60879" /><G86/><T17/><D34/><U121/><E121/><V82/><F82/><AGARI ba="0,0" hai="78,79,82,84,89" m="60879,15913,17527" machi="82" ten="30,1500,0" yaku="8,1" doraHai="119" who="3" fromWho="2" sc="77,0,752,0,94,-15,77,15" /><INIT seed="7,1,0,2,2,116" ten="77,752,79,92" oya="3" hai0="106,39,50,99,90,135,123,62,20,2,36,42,13" hai1="1,9,59,4,114,97,124,84,8,131,113,11,104" hai2="81,89,109,76,101,80,25,23,47,107,31,129,58" hai3="38,41,94,110,112,37,54,128,67,51,77,98,33"/><W6/><G33/><T48/><D2/><U17/><E124/><V79/><F109/><W126/><G128/><T122/><D135/><U130/><E1/><V60/><F129/><N who="1" m="49161" /><E4/><V91/><F107/><W125/><G112/><N who="1" m="43114" /><E84/><N who="2" m="50319" /><F47/><W72/><G6/><T117/><D117/><U49/><E49/><V63/><F101/><W65/><G51/><T15/><D62/><N who="2" m="23594" /><F58/><W86/><G125/><T118/><D118/><U111/><E111/><V121/><F121/><W34/><G110/><T66/><D48/><U21/><E59/><V44/><F44/><W10/><G126/><T52/><D50/><U115/><E115/><V120/><F120/><W133/><G133/><T100/><D122/><U108/><E108/><V12/><F12/><W64/><G38/><T18/><D123/><U127/><E127/><V26/><F26/><W68/><G37/><T95/><D13/><N who="1" m="7359" /><E21/><V93/><F80/><W3/><G3/><T61/><D42/><U24/><E24/><V85/><AGARI ba="1,0" hai="23,25,31,76,79,85,91,93" m="23594,50319" machi="85" ten="30,1100,0" yaku="8,1" doraHai="116" who="2" fromWho="2" sc="77,-4,752,-4,79,14,92,-6" owari="73,-43.0,748,85.0,93,-11.0,86,-31.0" /></mjloggm>