<mjloggm ver="2.3"><GO type="41"/><UN n0="%E3%82%A6%E3%83%AB%E3%83%88%E3%83%A9%E7%AB%8B%E7%9B%B4" n1="%6A%69%61%6E%62%6F%75" n2="%41%43%52%45" n3="%E5%B9%BB%E3%81%AE%E7%90%83%2E" dan="15,15,14,14" rate="2035,1953,1913,2018" sx="M,M,M,M"/><TAIKYOKU oya="0"/><INIT seed="0,0,0,3,4,100" ten="250,250,250,250" oya="0" hai0="97,69,44,45,14,40,55,29,132,36,117,19,31" hai1="98,64,39,109,15,4,42,86,81,54,51,120,74" hai2="103,13,2,23,50,118,102,53,107,82,124,134,7" hai3="71,0,75,12,70,37,5,26,78,60,101,114,104"/><T95/><D69/><U11/><E120/><V3/><F124/><W126/><G114/><T34/><D34/><U66/><E74/><V49/><F134/><W38/><G126/><T130/><D132/><U41/><E109/><V110/><F110/><W62/><G12/><T85/><D117/><U129/><E129/><V91/><F103/><W35/><G60/><T22/><D130/><U80/><E80/><V10/><F118/><W46/><G78/><T90/><D45/><U43/><E98/><V116/><F116/><W123/><G75/><T108/><D108/><U106/><E106/><V125/><F125/><W25/><G25/><T30/><D55/><U20/><E20/><V133/><F133/><W128/><G123/><T72/><D72/><U119/><E39/><V21/><F50/><W28/><G128/><T58/><D58/><U135/><E135/><V121/><F121/><W9/><G46/><T115/><D115/><U96/><E96/><V93/><F2/><W73/><G73/><T99/><AGARI ba="0,0" hai="14,19,22,29,30,31,36,40,44,85,90,95,97,99" machi="99" ten="30,1500,0" yaku="0,1" doraHai="100" who="0" fromWho="0" sc="250,15,250,-5,250,-5,250,-5" /><INIT seed="0,1,0,2,0,98" ten="265,245,245,245" oya="0" hai0="134,64,67,42,39,46,31,3,127,72,66,34,68" hai1="26,45,107,70,118,44,89,82,121,73,76,9,106" hai2="7,35,36,38,4,59,86,83,21,25,131,20,11" hai3="55,0,91,48,15,85,47,16,112,97,122,10,54"/><T27/><D127/><U18/><E118/><V65/><F131/><W29/><G122/><T19/><D134/><U49/><E70/><V51/><F35/><W53/><G112/><T56/><D72/><U128/><E128/><V32/><F32/><W133/><G133/><T79/><D79/><U41/><E121/><V50/><F36/><W1/><G29/><T95/><D3/><U62/><E62/><N who="2" m="38111" /><F38/><W43/><REACH who="3" step="1"/><G97/><REACH who="3" ten="265,245,245,235" step="2"/><T120/><D120/><U126/><E126/><V17/><F20/><W22/><G22/><T92/><D68/><U105/><E9/><V94/><F11/><W101/><G101/><T61/><D66/><U117/><E117/><V93/><F4/><W102/><G102/><T74/><D64/><U87/><E45/><V88/><F7/><W132/><G132/><T6/><D6/><U96/><E96/><V13/><F25/><W37/><G37/><T129/><D129/><U28/><E28/><V69/><F69/><W71/><G71/><T119/><D119/><U124/><E124/><V135/><F135/><W5/><G5/><T123/><D123/><U110/><E26/><V114/><F114/><W52/><N who="3" m="13824" /><DORA hai="108" /><W115/><G115/><T57/><D31/><U24/><E24/><V63/><F63/><W77/><G77/><T8/><D27/><U78/><E78/><V40/><F40/><W14/><G14/><N who="0" m="7623" /><D34/><U100/><E76/><V113/><F113/><W111/><G111/><T30/><D30/><U60/><E110/><V103/><F103/><W90/><G90/><T99/><D74/><U84/><E73/><V104/><F21/><RYUUKYOKU ba="1,1" sc="265,-10,245,-10,245,-10,235,30" hai3="0,1,10,15,16,43,47,48,85,91" /><INIT seed="1,2,1,2,4,58" ten="255,235,235,265" oya="1" hai0="66,116,114,1,28,15,29,27,53,75,68,52,95" hai1="7,127,56,98,54,63,104,25,119,17,57,105,51" hai2="37,50,3,34,133,96,81,92,115,134,24,42,83" hai3="112,67,111,117,130,8,132,110,5,128,43,97,100"/><U126/><E119/><V99/><F37/><W49/><G117/><T33/><D1/><U11/><E98/><V124/><F3/><W32/><G32/><T90/><D75/><U123/><E123/><V19/><F124/><N who="1" m="47657" /><E7/><V0/><F0/><W107/><G132/><N who="2" m="50793" /><F115/><W41/><G112/><T125/><D114/><U46/><E57/><V71/><F71/><W48/><G67/><T108/><D125/><U118/><E118/><V129/><F129/><N who="3" m="49771" /><G49/><T103/><D116/><U120/><E120/><V87/><F81/><W106/><G106/><T10/><D103/><U88/><E88/><N who="2" m="51327" /><F92/><W14/><G48/><T122/><D122/><U20/><E11/><V89/><F89/><W6/><G6/><T9/><D9/><U79/><E79/><V77/><F77/><W84/><G84/><T55/><D68/><U62/><E46/><N who="2" m="25943" /><F19/><W69/><G69/><T121/><D121/><U73/><E73/><V131/><F131/><W59/><G59/><T38/><D38/><U45/><E63/><V70/><F70/><W86/><G86/><T74/><D74/><U2/><E2/><V60/><F60/><W93/><G107/><T35/><D90/><U82/><E82/><V135/><N who="2" m="50801" /><V44/><DORA hai="30" /><F44/><W78/><G78/><T102/><D95/><U22/><E22/><V36/><F36/><W47/><G47/><T64/><D102/><U18/><E18/><V85/><F85/><W4/><G4/><T21/><D21/><U72/><E72/><V61/><F61/><W76/><G76/><T113/><D113/><U23/><E23/><V109/><F109/><AGARI ba="2,1" hai="5,8,14,41,43,93,97,100,109,110,111" m="49771" machi="109" ten="30,3900,0" yaku="6,1,14,1,19,1" doraHai="58,30" who="3" fromWho="2" sc="255,0,235,0,235,-45,265,55" /><INIT seed="2,0,0,3,0,95" ten="255,235,190,320" oya="2" hai0="99,92,75,101,108,10,55,27,34,5,102,87,60" hai1="119,80,11,84,39,97,8,112,104,135,103,113,26" hai2="70,74,21,114,22,56,12,47,59,69,63,122,1" hai3="24,3,7,51,66,90,77,125,71,49,61,15,67"/><V116/><F116/><W100/><G67/><T62/><D75/><U46/><E119/><V85/><F74/><W126/><G3/><T23/><D34/><U93/><E39/><V17/><F1/><W18/><G77/><T110/><D87/><U31/><E135/><V123/><F114/><W36/><G36/><T25/><D25/><U128/><E128/><V111/><F111/><N who="0" m="42538" /><D55/><U4/><E104/><V48/><F122/><W105/><G7/><T131/><D131/><U41/><E11/><V117/><F123/><W83/><G24/><T6/><D6/><U98/><E98/><V9/><F117/><W29/><G29/><N who="0" m="17663" /><D102/><U107/><E107/><V106/><F106/><W79/><G100/><T57/><D57/><U37/><E26/><V20/><F85/><W134/><G105/><T19/><D19/><U78/><REACH who="1" step="1"/><E31/><REACH who="1" ten="255,225,190,320" step="2"/><V33/><F9/><W65/><G134/><T53/><D53/><U88/><E88/><V94/><F69/><W68/><G90/><T81/><D81/><U42/><E42/><V73/><F70/><W129/><G129/><T127/><D127/><U121/><E121/><V52/><F33/><W82/><G79/><T120/><D120/><U130/><E130/><V30/><F30/><W44/><G126/><T58/><D58/><U38/><E38/><V133/><F59/><W64/><G125/><T14/><AGARI ba="0,1" hai="5,10,14,60,62,92,99,101" m="17663,42538" machi="14" ten="30,2000,0" yaku="14,1,52,1" doraHai="95" who="0" fromWho="0" sc="255,30,225,-5,190,-10,320,-5" /><INIT seed="3,0,0,1,3,31" ten="285,220,180,315" oya="3" hai0="11,23,3,27,71,25,35,14,124,68,121,132,65" hai1="118,26,34,113,112,56,116,130,51,96,106,122,91" hai2="55,73,86,115,83,24,134,84,8,57,123,10,135" hai3="69,97,85,103,16,61,2,21,100,67,53,101,74"/><W109/><G2/><T133/><D65/><U0/><E51/><V79/><F115/><W47/><G74/><T64/><D64/><U15/><E56/><V70/><F70/><W9/><G9/><N who="2" m="3689" /><F123/><W13/><G109/><T105/><D105/><U17/><E91/><V12/><F12/><W33/><G33/><T36/><D36/><U119/><E96/><V102/><F102/><W80/><G47/><T107/><D107/><U38/><E38/><V108/><F108/><W37/><G53/><T44/><D44/><U41/><E41/><V94/><F94/><W90/><REACH who="3" step="1"/><G37/><REACH who="3" ten="285,220,180,305" step="2"/><T127/><D3/><U20/><E0/><V6/><F73/><W7/><G7/><N who="0" m="3455" /><D121/><U50/><E122/><V5/><F134/><N who="0" m="51818" /><D35/><U22/><E34/><V128/><F135/><W58/><G58/><T46/><D46/><U110/><E110/><V82/><F128/><W1/><G1/><T98/><D71/><U88/><E130/><V78/><F24/><W131/><G131/><T92/><D68/><U30/><E113/><V42/><F42/><W126/><G126/><N who="0" m="48171" /><D23/><U48/><E112/><V77/><F57/><W52/><G52/><T129/><D129/><U76/><E22/><V29/><F55/><W66/><G66/><T99/><D27/><U114/><E114/><V72/><F72/><W19/><G19/><T81/><D25/><U75/><E26/><V40/><F40/><W39/><G39/><T89/><D92/><AGARI ba="0,1" hai="13,16,21,61,67,69,80,85,90,92,97,100,101,103" machi="92" ten="30,11600,0" yaku="1,1,7,1,54,1,53,1" doraHai="31" doraHaiUra="63" who="3" fromWho="0" sc="285,-116,220,0,180,0,305,126" /><INIT seed="3,1,0,3,0,116" ten="169,220,180,431" oya="3" hai0="3,113,107,52,68,119,128,42,132,34,30,22,90" hai1="76,13,44,54,41,53,120,55,126,32,29,85,115" hai2="89,72,88,31,63,67,104,133,98,40,77,57,0" hai3="78,49,48,26,103,125,92,105,39,2,10,36,111"/><W14/><G125/><T62/><D3/><U37/><E115/><V19/><F0/><W80/><G2/><T127/><D34/><U134/><E126/><V110/><F110/><W123/><G105/><T108/><D107/><U59/><E32/><V20/><F31/><W83/><G26/><N who="0" m="16727" /><D68/><U25/><E25/><V114/><F133/><W50/><G92/><T56/><D108/><U122/><E29/><V117/><F117/><W99/><G111/><T1/><D1/><U45/><E13/><V112/><F40/><W8/><G103/><T121/><D113/><U4/><E4/><V82/><F112/><W84/><G99/><T81/><D121/><N who="1" m="46699" /><E85/><V130/><F114/><W131/><G123/><T73/><D73/><U109/><E76/><V28/><F28/><W106/><G106/><T47/><D127/><U60/><E109/><V33/><F33/><W5/><G83/><T86/><D119/><U17/><E17/><V79/><F79/><W27/><G27/><T91/><D132/><U71/><E134/><V95/><F104/><W12/><G12/><T43/><D128/><U129/><E129/><V15/><REACH who="2" step="1"/><F130/><REACH who="2" ten="169,220,170,431" step="2"/><W58/><G131/><T9/><D43/><N who="1" m="22639" /><E71/><V61/><F61/><W118/><G118/><T100/><D62/><U24/><E24/><V38/><F38/><AGARI ba="1,1" hai="38,41,45,53,54,55,59,60" m="22639,46699" machi="38" ten="30,8000,1" yaku="34,2,52,3" doraHai="116" who="1" fromWho="2" sc="169,0,220,93,170,-83,431,0" /><INIT seed="4,0,0,5,5,68" ten="169,313,87,431" oya="0" hai0="30,48,128,17,123,19,50,100,81,15,47,28,9" hai1="54,133,129,51,107,13,130,20,32,99,77,80,22" hai2="58,105,91,31,75,122,116,8,16,117,96,119,59" hai3="33,125,35,86,18,93,101,53,63,118,92,114,39"/><T126/><D123/><U85/><E32/><V46/><F75/><W134/><G118/><T11/><D126/><U106/><E22/><V110/><F122/><W4/><G39/><T78/><D128/><U60/><E60/><V103/><F110/><W83/><G125/><T127/><D100/><U55/><E55/><V26/><F46/><W124/><G4/><T104/><D104/><U27/><E133/><V135/><F135/><W109/><G134/><T14/><D127/><U56/><E13/><V115/><F115/><W52/><G109/><T121/><D121/><U98/><E98/><V112/><F112/><W34/><G18/><T1/><D1/><U65/><E65/><V70/><F70/><W23/><G23/><T25/><D25/><U3/><E3/><V113/><F113/><W84/><G84/><T64/><D64/><U37/><E37/><V87/><F31/><W29/><G29/><T10/><D10/><U6/><E6/><V45/><F45/><W88/><G114/><T111/><D111/><U79/><E79/><V41/><F41/><W95/><G124/><T71/><D71/><U90/><E77/><V40/><F40/><W108/><G108/><T131/><D131/><N who="1" m="50187" /><E99/><V82/><REACH who="2" step="1"/><F8/><REACH who="2" ten="169,313,77,431" step="2"/><W67/><G34/><T73/><D48/><U2/><E51/><V61/><F61/><W24/><G35/><T44/><REACH who="0" step="1"/><D47/><REACH who="0" ten="159,313,77,431" step="2"/><U21/><E56/><V69/><F69/><W42/><G63/><T49/><D49/><U57/><E57/><V97/><F97/><W89/><G67/><T72/><D72/><U12/><E2/><V102/><F102/><RYUUKYOKU ba="0,2" sc="159,15,313,-15,77,15,431,-15" hai0="9,11,14,15,17,19,28,30,44,50,73,78,81" hai2="16,26,58,59,82,87,91,96,103,105,116,117,119" /><INIT seed="4,1,2,4,5,119" ten="174,298,92,416" oya="0" hai0="97,48,22,95,38,52,14,4,133,74,26,124,30" hai1="21,12,115,45,6,112,64,44,76,13,16,39,24" hai2="108,127,1,57,134,78,19,32,128,2,77,105,51" hai3="61,46,3,29,135,8,100,49,40,122,55,116,72"/><T93/><D38/><U110/><E110/><V58/><F32/><W91/><G116/><T67/><D74/><U54/><E64/><V131/><F108/><W60/><G72/><T102/><D124/><U90/><E76/><V18/><F105/><W83/><G100/><T94/><D133/><U65/><E65/><V15/><F15/><W84/><G135/><T86/><D67/><U0/><E39/><V113/><F134/><W71/><G71/><T63/><D63/><U118/><E118/><V109/><F109/><W27/><G122/><T75/><D75/><U42/><E42/><V62/><F51/><W107/><G107/><T7/><D86/><U85/><E0/><V53/><F53/><W123/><G123/><T87/><D87/><U68/><E68/><V106/><F106/><W5/><REACH who="3" step="1"/><G40/><REACH who="3" ten="174,298,92,406" step="2"/><T79/><D79/><U73/><E73/><V41/><F41/><W111/><G111/><T114/><D114/><U80/><E115/><V43/><F113/><W56/><G56/><T99/><D102/><U132/><E112/><V81/><F43/><W129/><G129/><T88/><D88/><U34/><E132/><V33/><F127/><W17/><G17/><T9/><D4/><U50/><E6/><V82/><F33/><AGARI ba="1,3" hai="3,5,8,27,29,33,46,49,55,60,61,83,84,91" machi="33" ten="30,3900,0" yaku="1,1,7,1,53,1" doraHai="119" doraHaiUra="47" who="3" fromWho="2" sc="174,0,298,0,92,-42,406,72" /><INIT seed="5,0,0,0,5,88" ten="174,298,50,478" oya="1" hai0="101,50,98,80,118,29,127,109,116,113,6,107,73" hai1="91,72,38,67,99,19,93,58,46,25,31,14,3" hai2="39,59,119,48,104,43,32,22,41,112,24,111,33" hai3="1,37,135,0,83,132,11,95,40,27,35,36,2"/><U105/><E72/><V16/><F111/><W103/><G11/><T8/><D109/><U85/><E3/><V68/><F68/><W62/><G83/><T17/><D127/><U82/><E105/><V52/><F119/><W15/><G15/><T129/><D129/><U125/><E125/><V79/><F112/><W76/><G76/><T110/><D110/><U64/><E38/><V86/><F104/><W44/><G62/><T45/><D113/><U106/><E106/><V96/><F96/><W94/><G103/><T9/><D29/><U117/><E117/><V66/><F66/><W69/><G69/><T56/><D56/><U42/><E58/><V89/><F79/><W120/><G36/><T123/><D123/><U34/><E46/><V30/><F33/><W47/><G44/><T71/><D71/><U5/><E5/><V74/><F74/><W121/><G121/><T51/><D51/><U55/><E55/><V130/><F130/><W4/><G4/><T28/><D28/><U97/><E42/><V78/><F78/><W108/><G108/><T26/><D80/><U128/><E99/><V21/><F39/><W87/><G120/><T54/><D73/><U20/><REACH who="1" step="1"/><E128/><REACH who="1" ten="174,288,50,478" step="2"/><V61/><F61/><W75/><G35/><T84/><D118/><U122/><E122/><V53/><F53/><W134/><G37/><T114/><D116/><U90/><AGARI ba="0,1" hai="14,19,20,25,31,34,64,67,82,85,90,91,93,97" machi="90" ten="20,7800,0" yaku="1,1,0,1,7,1,52,1,53,0" doraHai="88" doraHaiUra="57" who="1" fromWho="1" sc="174,-26,288,88,50,-26,478,-26" /><INIT seed="5,1,0,1,0,8" ten="148,376,24,452" oya="1" hai0="64,91,66,31,96,19,9,107,61,85,120,121,59" hai1="20,10,18,93,65,28,47,62,24,79,21,68,30" hai2="76,118,73,37,130,2,84,103,75,55,33,45,83" hai3="81,12,57,34,6,11,122,98,94,119,110,13,82"/><U132/><E132/><V46/><F33/><W25/><G110/><T124/><D124/><U126/><E126/><V127/><F2/><W116/><G122/><T60/><D31/><U117/><E117/><N who="3" m="45130" /><G57/><T129/><D96/><U101/><E10/><V43/><F127/><W123/><G123/><T113/><D107/><U133/><E133/><V108/><F108/><W97/><G97/><T88/><D129/><U104/><E104/><V100/><F130/><W112/><G112/><T48/><D48/><U14/><E79/><V71/><F71/><W67/><G67/><T80/><D113/><U99/><E47/><V0/><F0/><N who="3" m="455" /><G25/><T36/><D36/><U39/><E39/><V32/><F32/><W128/><G34/><T135/><D135/><U49/><E49/><V42/><F118/><W26/><G26/><T7/><D19/><AGARI ba="1,0" hai="14,18,19,20,21,24,28,30,62,65,68,93,99,101" machi="19" ten="30,2900,0" yaku="7,1,52,1" doraHai="8" who="1" fromWho="0" sc="148,-32,376,32,24,0,452,0" /><INIT seed="5,2,0,3,4,110" ten="116,408,24,452" oya="1" hai0="84,14,80,119,23,62,114,93,66,85,55,15,1" hai1="115,78,38,124,48,56,125,36,57,22,123,65,64" hai2="91,82,76,61,17,34,88,18,104,49,135,112,101" hai3="120,77,69,68,107,132,9,72,99,90,2,73,127"/><U30/><E78/><V116/><F116/><W24/><G120/><T11/><D1/><U87/><E87/><V111/><F111/><W16/><G127/><N who="1" m="48714" /><E22/><V53/><F34/><W100/><G132/><T5/><D119/><U19/><E19/><V58/><F135/><W41/><G41/><T21/><D55/><U45/><E30/><V98/><F49/><W109/><G109/><T3/><D3/><U117/><E117/><V103/><F103/><W28/><G90/><N who="0" m="53447" /><D114/><U39/><E115/><V44/><F112/><W33/><G16/><T129/><D129/><U43/><E123/><V74/><REACH who="2" step="1"/><F44/><REACH who="2" ten="116,408,14,452" step="2"/><W108/><G108/><T52/><D62/><N who="1" m="37959" /><E48/><V134/><F134/><W122/><G122/><T97/><D80/><U54/><E65/><V131/><F131/><W50/><G50/><T46/><D66/><U126/><E126/><V35/><F35/><W27/><G33/><T6/><D46/><U10/><E10/><V67/><F67/><W83/><G9/><T51/><D11/><U133/><E133/><V130/><F130/><W60/><G100/><T113/><D51/><U26/><E38/><V42/><F42/><W25/><G107/><T59/><D113/><U63/><E36/><V31/><F31/><W13/><G28/><T70/><D21/><U8/><E8/><V79/><F79/><W92/><G77/><T12/><D23/><U40/><E40/><V102/><F102/><W86/><G69/><T94/><D6/><U32/><E32/><V105/><F105/><W89/><G68/><T81/><D5/><U47/><E47/><V20/><F20/><RYUUKYOKU ba="2,1" sc="116,-15,408,15,14,15,452,-15" hai1="26,39,43,45,54,57,63" hai2="17,18,53,58,61,74,76,82,88,91,98,101,104" /><INIT seed="5,3,1,2,3,8" ten="101,423,29,437" oya="1" hai0="112,132,30,76,17,126,128,99,3,27,135,53,79" hai1="54,66,130,69,36,11,32,64,2,61,15,41,111" hai2="28,119,23,35,131,21,107,26,84,108,48,67,81" hai3="73,72,43,63,122,101,47,65,104,80,57,13,125"/><U96/><E2/><V37/><F107/><W83/><G122/><T74/><D74/><U5/><E32/><V123/><F37/><W52/><G125/><T120/><D120/><U29/><E130/><V106/><F131/><W133/><G133/><N who="0" m="51275" /><D128/><U100/><E29/><V115/><F123/><W134/><G134/><T16/><D3/><U39/><E111/><V86/><F106/><W114/><G114/><T116/><D112/><U87/><E66/><V51/><F115/><W113/><G113/><T103/><D53/><U71/><E71/><V59/><F108/><W45/><G73/><T95/><D126/><U56/><E87/><V90/><F119/><W62/><G13/><T38/><D38/><U7/><E7/><V109/><F109/><W58/><G72/><T82/><D82/><U10/><E10/><V22/><REACH who="2" step="1"/><F86/><REACH who="2" ten="101,423,19,437" step="2"/><W98/><G45/><T24/><D116/><U124/><E124/><V55/><F55/><W25/><G47/><T77/><D27/><U97/><E41/><V50/><F50/><W34/><G43/><T85/><D85/><U19/><E39/><V60/><AGARI ba="3,2" hai="21,22,23,26,28,35,48,51,59,60,67,81,84,90" machi="60" ten="30,4000,0" yaku="1,1,0,1,53,1" doraHai="8" doraHaiUra="20" who="2" fromWho="2" sc="101,-13,423,-23,19,69,437,-13" /><INIT seed="6,0,0,4,2,70" ten="88,400,88,424" oya="2" hai0="117,121,3,21,8,18,124,20,77,134,1,119,62" hai1="115,104,54,56,23,114,120,28,68,30,19,87,39" hai2="40,74,81,85,24,73,26,32,6,100,46,99,88" hai3="47,75,33,128,5,93,107,36,72,58,22,37,131"/><V118/><F118/><N who="0" m="45066" /><D62/><U41/><E104/><V101/><F6/><W38/><G107/><T112/><D77/><U135/><E68/><V92/><F101/><W60/><G33/><T69/><D69/><U116/><E116/><V13/><F13/><W95/><G5/><T96/><D96/><U84/><E135/><V42/><F42/><W7/><G7/><T125/><D134/><U57/><E120/><V83/><F83/><W51/><G22/><N who="0" m="8811" /><D121/><U55/><E23/><V35/><F35/><W53/><G95/><T49/><D49/><U17/><E41/><V111/><F111/><W14/><G93/><T4/><D112/><U106/><E106/><V113/><F113/><W71/><G14/><N who="0" m="5383" /><D18/><U9/><E9/><V50/><REACH who="2" step="1"/><F32/><REACH who="2" ten="88,400,78,424" step="2"/><W64/><G75/><AGARI ba="0,1" hai="24,26,40,46,50,73,74,75,81,85,88,92,99,100" machi="75" ten="40,7700,0" yaku="1,1,2,1,54,1,53,0" doraHai="70" doraHaiUra="108" who="2" fromWho="3" sc="88,0,400,0,78,87,424,-77" /><INIT seed="6,1,0,0,5,81" ten="88,400,165,347" oya="2" hai0="59,8,24,27,105,74,23,106,111,19,33,34,120" hai1="127,103,58,61,6,130,31,126,66,70,78,87,65" hai2="102,18,21,101,97,51,14,49,72,53,38,128,57" hai3="93,134,104,85,13,30,122,77,37,45,133,29,124"/><V115/><F38/><W68/><G104/><T83/><D120/><U5/><E103/><V110/><F72/><W17/><G68/><T131/><D111/><U132/><E31/><V50/><F110/><W96/><G122/><T48/><D131/><U123/><E123/><V35/><F35/><W42/><G124/><N who="1" m="47658" /><E130/><V125/><F128/><W3/><G3/><T64/><D105/><U89/><E78/><V39/><F39/><W10/><G134/><T109/><D106/><U107/><E107/><V114/><F125/><W2/><G133/><T62/><D109/><U94/><E132/><V63/><REACH who="2" step="1"/><F97/><REACH who="2" ten="88,400,155,347" step="2"/><W4/><G2/><T60/><D34/><U47/><E70/><V98/><F98/><W32/><G32/><T88/><D33/><U56/><E47/><V11/><F11/><W71/><G71/><T108/><D108/><U1/><E1/><V25/><F25/><W91/><G17/><T92/><D8/><U100/><E100/><AGARI ba="1,1" hai="14,18,21,49,50,51,53,57,63,100,101,102,114,115" machi="100" ten="40,2000,0" yaku="1,1,53,0" doraHai="81" doraHaiUra="22" who="2" fromWho="1" sc="88,0,400,-23,155,33,347,0" /><INIT seed="6,2,0,4,1,39" ten="88,377,188,347" oya="2" hai0="93,112,131,45,52,113,54,72,73,13,97,60,48" hai1="16,64,121,31,114,1,30,36,3,98,63,46,26" hai2="61,130,117,105,25,55,80,81,18,106,103,35,49" hai3="67,110,118,133,68,88,86,87,120,109,90,15,53"/><V2/><F2/><W56/><G120/><T38/><D13/><U23/><E121/><V62/><F117/><W78/><G118/><T135/><D73/><U74/><E74/><V14/><F130/><W92/><G133/><T101/><D72/><U100/><E114/><V79/><F81/><W11/><G78/><T32/><D32/><U20/><E31/><V40/><F105/><W50/><G68/><T122/><D122/><U94/><E46/><V33/><F33/><W69/><G69/><T107/><D131/><U42/><E42/><V43/><F62/><W83/><REACH who="3" step="1"/><G67/><REACH who="3" ten="88,377,188,337" step="2"/><T132/><D135/><U66/><E66/><V82/><F79/><W4/><AGARI ba="2,1" hai="4,11,15,50,53,56,83,86,87,88,90,92,109,110" machi="4" ten="20,12000,2" yaku="1,1,2,1,0,1,7,1,54,1,53,1" doraHai="39" doraHaiUra="91" who="3" fromWho="3" sc="88,-32,377,-32,188,-62,337,136" /><INIT seed="7,0,0,1,4,41" ten="56,345,126,473" oya="3" hai0="73,3,96,13,48,57,38,45,92,109,43,101,49" hai1="24,103,118,16,78,125,60,59,110,12,46,89,80" hai2="18,20,108,124,94,31,54,83,87,28,14,106,66" hai3="1,44,55,115,111,40,112,117,79,39,129,51,123"/><W135/><G1/><T10/><D73/><U72/><E110/><V47/><F106/><W86/><G123/><T126/><D109/><U98/><E118/><V7/><F108/><W65/><G117/><T113/><D3/><U75/><E125/><V127/><F66/><W35/><G111/><T119/><D119/><U17/><E72/><V70/><F70/><W52/><G35/><T67/><D126/><N who="2" m="48170" /><F94/><W6/><G129/><T114/><D67/><U61/><E17/><V50/><F7/><W42/><G6/><T128/><D128/><U88/><E24/><V0/><F0/><W105/><G105/><T37/><D57/><U62/><E46/><V71/><F71/><W33/><G33/><T120/><D120/><U121/><E121/><V82/><F82/><W97/><G44/><T4/><REACH who="0" step="1"/><D38/><REACH who="0" ten="46,345,126,473" step="2"/><U74/><E74/><V36/><F36/><W8/><G39/><T85/><D85/><U15/><E59/><V69/><F69/><W76/><G86/><T2/><D2/><U104/><REACH who="1" step="1"/><E15/><REACH who="1" ten="46,335,126,473" step="2"/><V100/><F14/><W81/><G8/><AGARI ba="0,2" hai="8,12,16,60,61,62,75,78,80,88,89,98,103,104" machi="8" ten="40,8000,1" yaku="1,1,2,1,54,2,53,0" doraHai="41" doraHaiUra="116" who="1" fromWho="3" sc="46,0,335,100,126,0,473,-80" owari="46,-45.0,435,53.0,126,-27.0,393,19.0" /></mjloggm>