<mjloggm ver="2.3"><GO type="41"/><UN n0="%E3%82%A6%E3%83%AB%E3%83%88%E3%83%A9%E7%AB%8B%E7%9B%B4" n1="%E3%81%8F%E3%82%8D%E3%81%B5%E3%81%AD%74%6B" n2="%E4%BA%8C%E4%BA%BA%E7%9B%AE%E3%81%AE%E3%81%8B%E3%81%A4%E3%81%B2%E3%81%93" n3="%E3%82%AB%E3%82%AB%E3%82%AB" dan="14,15,14,15" rate="1949,1979,1938,1955" sx="M,M,M,M"/><TAIKYOKU oya="0"/><INIT seed="0,0,0,4,0,105" ten="250,250,250,250" oya="0" hai0="124,104,102,26,21,130,76,117,9,43,88,74,131" hai1="58,62,12,18,60,3,66,50,16,125,30,47,8" hai2="17,48,116,111,45,32,112,15,134,53,101,113,127" hai3="0,5,118,83,89,126,86,70,4,90,54,95,6"/><T7/><D117/><U64/><E3/><V71/><F116/><W57/><G118/><T78/><D43/><U19/><E30/><V22/><F71/><W114/><G70/><T135/><D102/><U24/><E125/><V103/><F32/><W34/><G34/><T82/><D104/><U87/><E87/><V93/><F127/><W14/><G126/><T94/><D124/><U63/><E24/><V120/><F120/><W79/><G0/><T123/><D78/><U41/><REACH who="1" step="1"/><E62/><REACH who="1" ten="250,240,250,250" step="2"/><V39/><F113/><W55/><G114/><T108/><D123/><U109/><E109/><V49/><F111/><W28/><G28/><T106/><D108/><U40/><E40/><V1/><F1/><W59/><G14/><T44/><D135/><U11/><E11/><V96/><F134/><W107/><G107/><T69/><D106/><U65/><E65/><V98/><F112/><W129/><G129/><T67/><D130/><U133/><E133/><V72/><F72/><W75/><REACH who="3" step="1"/><G90/><REACH who="3" ten="250,240,250,240" step="2"/><T121/><D131/><U36/><E36/><V80/><F39/><W35/><G35/><T122/><D122/><U97/><E97/><V85/><F98/><W61/><G61/><T92/><D121/><U37/><E37/><V128/><F128/><W10/><G10/><T23/><D9/><U51/><E51/><N who="2" m="28911" /><F103/><W81/><G81/><T77/><D82/><U2/><E2/><V119/><F119/><W31/><G31/><T46/><D88/><AGARI ba="0,2" hai="15,17,22,48,49,80,85,88,93,96,101" m="28911" machi="88" ten="30,2000,0" yaku="8,1,54,1" doraHai="105" who="2" fromWho="0" sc="250,-20,240,0,250,40,240,0" /><INIT seed="1,0,0,0,2,121" ten="230,240,290,240" oya="1" hai0="11,74,1,57,71,54,48,131,105,26,12,66,36" hai1="3,91,90,56,133,47,15,10,40,35,97,65,41" hai2="96,42,63,110,68,76,58,129,4,72,108,117,111" hai3="127,84,21,53,25,30,81,73,102,93,94,19,60"/><U109/><E3/><V78/><F117/><W51/><G73/><T23/><D1/><U124/><E35/><V99/><F68/><W120/><G120/><T37/><D105/><U50/><E124/><V44/><F4/><W88/><G127/><T135/><D74/><U7/><E133/><V118/><F118/><W104/><G104/><T115/><D115/><U61/><E109/><V2/><F2/><W59/><G102/><T49/><D23/><U28/><E28/><V34/><F34/><W83/><G94/><T33/><D26/><U32/><E32/><V122/><F122/><W87/><G30/><T134/><D12/><U5/><E5/><V55/><F129/><W107/><G107/><T86/><D11/><U128/><E128/><V95/><F72/><W46/><REACH who="3" step="1"/><G84/><REACH who="3" ten="230,240,290,230" step="2"/><T89/><D131/><U39/><E97/><N who="2" m="37451" /><F95/><W17/><G17/><T77/><D86/><U125/><E125/><V16/><F16/><W38/><G38/><AGARI ba="0,1" hai="38,42,44,55,58,63,76,78,108,110,111" m="37451" machi="38" ten="30,7700,0" yaku="14,1,52,3" doraHai="121" who="2" fromWho="3" sc="230,0,240,0,290,87,230,-77" /><INIT seed="2,0,0,4,1,75" ten="230,240,377,153" oya="2" hai0="6,64,87,104,120,66,22,9,33,89,126,1,5" hai1="26,46,114,81,122,61,36,78,32,44,135,57,119" hai2="110,84,98,27,95,103,79,7,70,53,25,108,113" hai3="111,117,82,62,109,132,35,56,37,105,71,20,67"/><V43/><F70/><W123/><G117/><T29/><D104/><U65/><E119/><V52/><F7/><W19/><G35/><T34/><D120/><U2/><E114/><V129/><F43/><W125/><G123/><T118/><D118/><U101/><E122/><V41/><F41/><W60/><G105/><T39/><D39/><U28/><E2/><V51/><F113/><W58/><G37/><T47/><D47/><U30/><E135/><V17/><F129/><W68/><G132/><T128/><D128/><U100/><E30/><V88/><F79/><W45/><G82/><T16/><D126/><U90/><E90/><V133/><F133/><W23/><G19/><T112/><D112/><U38/><E38/><V116/><F116/><W55/><G125/><T91/><D91/><U12/><E12/><V85/><F85/><W83/><G83/><T48/><D48/><U50/><E36/><V130/><F130/><W74/><G74/><T8/><D87/><U18/><E18/><V63/><F63/><W77/><G45/><T31/><D89/><U94/><E94/><N who="2" m="58839" /><F17/><W40/><G40/><T54/><D54/><N who="2" m="21098" /><F51/><W14/><G55/><T73/><D73/><U121/><E121/><V102/><F102/><W0/><G0/><N who="0" m="39" /><D66/><U131/><E131/><V99/><F99/><W69/><G14/><N who="0" m="9495" /><D64/><U42/><REACH who="1" step="1"/><E46/><REACH who="1" ten="230,230,377,153" step="2"/><V96/><F96/><W134/><G134/><T24/><D31/><U97/><E97/><V3/><F3/><W92/><G67/><T80/><D80/><U115/><E115/><V49/><F49/><W72/><G71/><T4/><D4/><RYUUKYOKU ba="0,1" sc="230,10,230,10,377,10,153,-30" hai0="1,6,9,24,29,33,34" hai1="26,28,32,42,44,50,57,61,65,78,81,100,101" hai2="25,27,84,88,95,108,110" /><INIT seed="2,1,1,5,2,74" ten="240,240,387,123" oya="2" hai0="68,32,120,122,78,44,71,130,73,108,76,127,15" hai1="5,66,24,116,23,59,51,45,27,124,7,100,110" hai2="61,107,135,101,10,16,25,58,90,99,37,123,77" hai3="43,125,47,98,103,2,20,42,109,50,91,94,89"/><V82/><F37/><W96/><G2/><T84/><D15/><U105/><E116/><V128/><F123/><W62/><G109/><T80/><D32/><U87/><E110/><V93/><F128/><W118/><G118/><T88/><D108/><U69/><E69/><V12/><F25/><W106/><G125/><T26/><D26/><U29/><E124/><V56/><F135/><W54/><G62/><T17/><D17/><U83/><E27/><V114/><F114/><W28/><G89/><T3/><D3/><U95/><E105/><V18/><F18/><W1/><G1/><T102/><D44/><U119/><E119/><V131/><F131/><W21/><G28/><T57/><D57/><U35/><E35/><V132/><F132/><W64/><G64/><T46/><D46/><U85/><E59/><V53/><F56/><W9/><REACH who="3" step="1"/><G9/><REACH who="3" ten="240,240,387,113" step="2"/><T129/><D127/><U33/><E66/><V133/><F133/><W65/><G65/><T67/><D67/><U13/><E29/><V63/><F63/><W113/><G113/><T14/><D71/><U40/><E33/><V126/><F126/><W75/><G75/><T22/><D68/><U97/><E13/><V60/><F60/><W38/><G38/><T72/><D14/><U8/><E8/><V86/><F107/><W0/><G0/><T49/><D130/><U6/><E24/><V31/><F31/><W112/><G112/><T92/><D129/><U111/><E111/><V48/><F61/><W19/><G19/><T39/><D39/><U11/><E11/><V36/><F36/><W81/><G81/><RYUUKYOKU ba="1,2" sc="240,-15,240,-15,387,15,113,15" hai2="10,12,16,48,53,58,77,82,86,90,93,99,101" hai3="20,21,42,43,47,50,54,91,94,96,98,103,106" /><INIT seed="2,2,2,3,3,55" ten="225,225,402,128" oya="2" hai0="75,51,34,61,77,4,104,126,82,13,38,58,27" hai1="52,81,53,30,119,114,113,93,97,67,122,59,101" hai2="57,64,22,76,66,23,7,127,26,102,20,46,62" hai3="14,35,31,9,16,116,95,25,63,50,8,48,69"/><V3/><F127/><W47/><G116/><T85/><D38/><U94/><E119/><V71/><F76/><W33/><G33/><T43/><D126/><U24/><E122/><V79/><F79/><W5/><G47/><N who="0" m="26111" /><D104/><U40/><E40/><V132/><F132/><W106/><G106/><T103/><D34/><U120/><E120/><V87/><F87/><W117/><G117/><T121/><D121/><U72/><E94/><V37/><F102/><W115/><G115/><T29/><D75/><U68/><E68/><V49/><F37/><W39/><G39/><T0/><D0/><U86/><E72/><V125/><F125/><W96/><G69/><T65/><D103/><U99/><E99/><V80/><F80/><W12/><REACH who="3" step="1"/><G63/><REACH who="3" ten="225,225,402,118" step="2"/><T15/><D4/><U44/><E114/><V98/><F7/><W130/><G130/><T36/><D36/><U83/><E113/><V2/><F26/><W89/><AGARI ba="2,3" hai="5,8,9,12,14,16,25,31,35,48,50,89,95,96" machi="89" ten="20,5200,0" yaku="1,1,0,1,7,1,54,1,53,0" doraHai="55" doraHaiUra="54" who="3" fromWho="3" sc="225,-15,225,-15,402,-28,118,88" /><INIT seed="3,0,0,5,0,120" ten="210,210,374,206" oya="3" hai0="51,43,15,17,52,115,119,94,88,117,110,9,64" hai1="102,2,95,18,53,111,125,40,99,6,31,112,14" hai2="29,96,48,60,26,55,24,84,19,126,106,41,61" hai3="36,10,85,80,86,135,62,74,50,77,75,130,39"/><W121/><G121/><T59/><D115/><U4/><E112/><V11/><F126/><W37/><G130/><T20/><D110/><U133/><E125/><V114/><F114/><W8/><G62/><T57/><D43/><U105/><E133/><V7/><F41/><W63/><G63/><T113/><D113/><U73/><E73/><V5/><F106/><W56/><G135/><T90/><D90/><U42/><E31/><V25/><F96/><W71/><G71/><T47/><D64/><U12/><E111/><V109/><F109/><W97/><G97/><T54/><D47/><U21/><E105/><V83/><F29/><W87/><G77/><T58/><D9/><N who="3" m="3689" /><G80/><T66/><D66/><U108/><E108/><V3/><F19/><W124/><G50/><N who="0" m="30871" /><D58/><U92/><E2/><V0/><F5/><N who="1" m="2153" /><E14/><V118/><F0/><W100/><G56/><T35/><D35/><U91/><E53/><V76/><REACH who="2" step="1"/><F118/><REACH who="2" ten="210,210,364,206" step="2"/><W81/><G124/><T28/><D28/><U23/><E42/><V49/><F49/><W34/><G100/><T46/><D46/><AGARI ba="0,1" hai="3,7,11,24,25,26,46,48,55,60,61,76,83,84" machi="46" ten="40,2600,0" yaku="1,1,53,1" doraHai="120" doraHaiUra="1" who="2" fromWho="0" sc="210,-26,210,0,364,36,206,0" /><INIT seed="4,0,0,4,1,0" ten="184,210,400,206" oya="0" hai0="54,117,59,3,109,74,50,62,14,105,19,33,31" hai1="135,15,108,56,80,20,22,132,53,55,92,27,125" hai2="63,96,131,123,36,107,28,37,78,102,43,35,103" hai3="69,112,97,40,65,88,119,57,16,66,25,79,81"/><T34/><D117/><U39/><E108/><V122/><F102/><W130/><G69/><T13/><D3/><U93/><E39/><V45/><F78/><W84/><G119/><T38/><D38/><U100/><E80/><V70/><F36/><W85/><G112/><T98/><D109/><U129/><E125/><V101/><F101/><W18/><G40/><T120/><D120/><U127/><E127/><V30/><F30/><W21/><G130/><T58/><D74/><U89/><E129/><V24/><REACH who="2" step="1"/><F131/><REACH who="2" ten="184,210,390,206" step="2"/><W12/><G97/><T86/><D31/><U61/><E100/><V126/><F126/><W11/><REACH who="3" step="1"/><G57/><REACH who="3" ten="184,210,390,196" step="2"/><T134/><D98/><U47/><E56/><V128/><F128/><W6/><G6/><T71/><D71/><U72/><E135/><V60/><F60/><W29/><G29/><T111/><D134/><U104/><E61/><V67/><AGARI ba="0,2" hai="24,28,35,37,43,45,63,67,70,96,103,107,122,123" machi="67" ten="30,12000,2" yaku="1,1,0,1,25,2,23,2,53,0" doraHai="0" doraHaiUra="87" who="2" fromWho="2" sc="184,-60,210,-30,390,140,196,-30" /><INIT seed="5,0,0,3,0,30" ten="124,180,530,166" oya="1" hai0="85,42,13,43,72,52,83,105,129,77,71,110,135" hai1="100,127,19,82,7,24,109,120,16,31,123,23,64" hai2="36,0,58,11,98,21,97,47,121,89,40,3,108" hai3="79,131,56,4,115,102,37,38,10,17,91,76,9"/><U49/><E100/><V94/><F121/><N who="1" m="46665" /><E49/><V75/><F75/><W5/><G115/><T99/><D71/><U41/><E64/><V74/><F74/><W116/><G116/><T81/><D129/><U51/><E82/><V68/><F68/><W122/><G122/><T22/><D135/><U59/><E59/><V106/><F21/><W117/><G117/><T93/><D105/><U12/><E51/><V84/><F58/><W2/><G17/><N who="1" m="6730" /><E41/><V114/><F97/><W1/><G102/><T107/><D107/><U86/><E86/><V50/><F98/><W111/><G56/><T66/><D66/><U57/><E57/><V90/><F90/><W80/><G91/><T113/><D52/><U104/><E104/><V15/><F106/><W101/><G101/><T126/><D43/><U128/><E127/><V53/><F53/><W134/><G134/><T124/><D42/><U8/><E109/><V87/><F50/><W28/><G111/><T54/><D54/><U61/><E61/><V60/><F60/><W34/><G80/><N who="0" m="47247" /><D110/><U45/><E45/><V18/><F108/><W39/><REACH who="3" step="1"/><G131/><AGARI ba="0,0" hai="7,8,12,23,24,31,128,131" m="6730,46665" machi="131" ten="30,5800,0" yaku="34,2,54,1" doraHai="30" who="1" fromWho="3" sc="124,0,180,58,530,0,166,-58" /><INIT seed="5,1,0,3,4,9" ten="124,238,530,108" oya="1" hai0="45,68,87,90,40,10,27,85,91,60,93,112,121" hai1="42,59,76,51,33,28,12,96,122,113,20,133,77" hai2="99,11,15,78,82,129,6,36,88,26,31,22,103" hai3="110,135,13,75,64,89,108,16,19,107,124,55,70"/><U115/><E122/><V61/><F36/><W98/><G75/><T30/><D121/><U116/><E116/><V100/><F129/><W37/><G37/><T66/><D112/><N who="1" m="43083" /><E133/><V74/><REACH who="2" step="1"/><F61/><REACH who="2" ten="124,238,520,108" step="2"/><W94/><G135/><T53/><D60/><U118/><E118/><V52/><F52/><W119/><G119/><T106/><D53/><N who="1" m="32191" /><E42/><V97/><F97/><W65/><G110/><T101/><D66/><U79/><E96/><V41/><F41/><W114/><G108/><T57/><D40/><U84/><E33/><V95/><AGARI ba="1,1" hai="6,11,15,22,26,31,74,78,82,88,95,99,100,103" machi="95" ten="30,8000,1" yaku="1,1,0,1,52,1,54,1,53,1" doraHai="9" doraHaiUra="17" who="2" fromWho="2" sc="124,-21,238,-41,520,93,108,-21" /><INIT seed="6,0,0,3,3,36" ten="103,197,613,87" oya="2" hai0="120,81,32,129,119,58,80,105,48,135,67,24,84" hai1="73,110,50,46,70,112,21,111,26,7,39,100,89" hai2="121,69,29,23,16,60,35,52,98,42,114,62,101" hai3="13,41,126,28,65,12,19,31,102,77,25,53,27"/><V133/><F121/><W17/><G126/><T2/><D120/><U68/><E39/><V6/><F6/><W131/><G131/><T132/><D2/><U106/><E73/><V66/><F133/><N who="0" m="51274" /><D105/><U85/><E7/><V123/><F29/><N who="3" m="11339" /><G53/><N who="0" m="32039" /><D129/><U118/><E118/><V76/><F76/><W38/><G65/><T56/><D119/><U22/><E112/><V99/><F35/><W134/><G38/><T15/><D32/><U88/><E68/><V0/><F0/><W5/><G102/><T130/><D24/><N who="3" m="9289" /><G134/><T115/><D130/><U117/><E70/><V47/><F123/><W3/><G77/><T86/><D115/><U93/><E117/><V107/><F114/><W10/><G41/><T51/><D15/><AGARI ba="0,0" hai="3,5,10,12,13,15,17,19" m="9289,11339" machi="15" ten="30,8000,1" yaku="35,5" doraHai="36" who="3" fromWho="0" sc="103,-80,197,0,613,0,87,80" /><INIT seed="7,0,0,5,5,111" ten="23,197,613,167" oya="3" hai0="71,125,61,100,128,127,119,126,131,95,75,62,93" hai1="85,133,74,120,77,3,29,65,105,42,113,59,135" hai2="53,132,108,2,24,8,109,99,112,23,63,17,31" hai3="107,41,68,64,16,97,13,26,104,51,78,35,81"/><W76/><G107/><T122/><D71/><U87/><E120/><V46/><F112/><W28/><G51/><T121/><D75/><U123/><E113/><V44/><F2/><W40/><G76/><T12/><D12/><U9/><E123/><N who="0" m="47113" /><D100/><U4/><E105/><V11/><F132/><N who="1" m="50761" /><E29/><V134/><F134/><W48/><G48/><T47/><D47/><U80/><E42/><V25/><F109/><W98/><G98/><T43/><D43/><U67/><E59/><N who="2" m="35311" /><F108/><W20/><G64/><AGARI ba="0,0" hai="3,4,9,64,65,67,74,77,80,85,87" m="50761" machi="64" ten="30,1000,0" yaku="20,1" doraHai="111" who="1" fromWho="3" sc="23,0,197,10,613,0,167,-10" owari="23,-48.0,207,1.0,613,71.0,157,-24.0" /></mjloggm>