<mjloggm ver="2.3"><GO type="169" lobby="0"/><UN n0="%74%6A%2D%6D%69%63%72%6F" n1="%E5%90%A0%E3%81%88%E3%82%8B%E5%BD%A1%E2%98%86" n2="%E6%9C%A7%E5%A4%8F%E6%9C%88" n3="%EF%BC%88%E2%89%A7%E2%96%BD%E2%89%A6%EF%BC%89" dan="16,16,19,19" rate="2098.08,2123.39,2217.57,2277.94" sx="M,M,F,M"/><TAIKYOKU oya="0"/><INIT seed="0,0,0,5,1,18" ten="250,250,250,250" oya="0" hai0="119,52,131,65,115,39,135,32,63,100,61,34,101" hai1="48,77,38,50,110,111,28,43,127,45,12,53,89" hai2="72,56,57,60,126,42,19,47,8,64,104,29,124" hai3="105,25,70,68,113,74,21,76,58,16,133,91,81"/><T9/><D119/><U134/><E77/><V4/><F72/><W15/><G113/><T69/><D39/><U6/><E28/><V7/><F104/><W123/><G123/><T83/><D115/><U35/><E35/><V30/><F19/><W125/><G105/><T78/><D131/><U95/><E134/><V5/><F8/><W62/><G133/><T44/><D135/><U31/><E31/><V26/><F57/><W82/><G125/><N who="2" m="48233" /><F26/><W107/><G107/><T99/><D9/><N who="1" m="4151" /><E53/><V116/><F116/><W0/><G0/><T87/><D101/><U93/><E127/><V114/><F114/><W1/><G1/><T3/><D3/><U55/><E55/><V85/><F85/><W2/><G2/><T13/><D13/><U88/><E95/><V132/><F132/><W98/><G25/><T120/><D120/><U106/><E106/><V79/><F79/><W94/><REACH who="3" step="1"/><G81/><REACH who="3" ten="250,250,250,240" step="2"/><T117/><D117/><U24/><E24/><V97/><F97/><W92/><G92/><T41/><D99/><U17/><E93/><V103/><F103/><W40/><G40/><T112/><D100/><U11/><E43/><V90/><F90/><W66/><AGARI ba="0,1" hai="15,16,21,58,62,66,68,70,74,76,82,91,94,98" machi="66" ten="20,12000,2" yaku="1,1,0,1,7,1,52,1,54,1,53,1" doraHai="18" doraHaiUra="84" who="3" fromWho="3" sc="250,-60,250,-30,250,-30,240,130" /><INIT seed="1,0,0,2,0,105" ten="190,220,220,370" oya="1" hai0="79,120,75,72,0,69,131,96,104,44,61,4,133" hai1="34,21,82,6,108,51,125,83,20,93,55,84,130" hai2="119,26,41,68,60,106,56,134,45,100,70,23,113" hai3="2,80,122,123,50,30,76,98,54,7,85,17,47"/><U32/><E125/><V48/><F119/><W97/><G30/><T115/><D115/><U67/><E130/><V14/><F113/><W39/><G39/><T64/><D131/><U99/><E67/><V78/><F134/><W52/><G17/><T8/><D133/><U19/><E6/><V62/><F14/><W29/><G29/><T103/><D120/><U59/><E108/><V24/><F24/><W18/><G18/><T13/><D79/><U109/><E109/><V132/><F132/><W5/><G2/><T22/><D22/><U107/><E21/><V110/><F110/><W86/><G76/><T1/><D13/><U77/><E83/><V87/><F106/><W101/><G50/><T43/><REACH who="0" step="1"/><D0/><REACH who="0" ten="180,220,220,370" step="2"/><U38/><E107/><V35/><F23/><W126/><G123/><T36/><AGARI ba="0,1" hai="1,4,8,36,43,44,61,64,69,72,75,96,103,104" machi="36" ten="20,16000,3" yaku="1,1,2,1,0,1,7,1,33,3,52,2,53,0" doraHai="105" doraHaiUra="53" who="0" fromWho="0" sc="180,170,220,-80,220,-40,370,-40" /><INIT seed="2,0,0,4,0,3" ten="350,140,180,330" oya="2" hai0="43,4,46,81,26,102,135,29,51,11,93,96,24" hai1="19,28,122,54,2,48,63,99,129,69,57,111,18" hai2="125,42,91,33,56,116,59,130,120,8,27,128,41" hai3="67,105,22,64,35,119,52,94,16,95,71,134,32"/><V49/><F116/><W44/><G105/><T112/><D112/><U62/><E111/><V47/><F120/><W55/><G119/><T37/><D135/><U68/><E129/><N who="2" m="49771" /><F125/><W109/><G134/><T103/><D103/><U107/><E69/><V23/><F33/><W118/><G118/><T15/><D29/><U1/><E122/><V108/><F108/><W133/><G133/><T31/><D31/><U84/><E28/><N who="2" m="17535" /><F42/><W79/><G109/><T7/><D37/><U34/><E34/><V30/><F30/><W114/><G114/><T88/><D7/><U73/><E73/><V104/><F104/><W115/><G115/><T132/><D132/><U58/><E68/><V89/><F8/><W6/><G35/><T12/><D12/><U40/><E2/><V13/><F13/><W110/><G32/><T86/><AGARI ba="0,0" hai="4,11,15,24,26,43,46,51,81,86,88,93,96,102" machi="86" ten="30,7900,0" yaku="0,1,8,1,52,1,54,1" doraHai="3" who="0" fromWho="0" sc="350,79,140,-20,180,-39,330,-20" /><INIT seed="3,0,0,3,1,134" ten="429,120,141,310" oya="3" hai0="7,17,115,86,53,103,99,25,98,87,45,128,114" hai1="133,130,62,127,36,118,126,35,129,65,106,71,13" hai2="60,97,108,61,100,91,132,79,76,0,11,92,112" hai3="90,123,95,66,34,104,1,101,82,32,29,102,57"/><W31/><G1/><T88/><D7/><U12/><E106/><V74/><F112/><W85/><G123/><T3/><D3/><U105/><E105/><V124/><F132/><W75/><G104/><T23/><D128/><N who="1" m="49259" /><E35/><V59/><F108/><W10/><G34/><T50/><D86/><U94/><E36/><V33/><F33/><W110/><G110/><T70/><D70/><U109/><E133/><V4/><F74/><W2/><G2/><T26/><D26/><U125/><E109/><V42/><F42/><W78/><G10/><T39/><D39/><U18/><E118/><V28/><F28/><W27/><G31/><T96/><D103/><U122/><E122/><V43/><F43/><W81/><G66/><T121/><D121/><U58/><E94/><V24/><F24/><W113/><G113/><N who="0" m="43019" /><D99/><U64/><E18/><V14/><F0/><W131/><G131/><T8/><D8/><U37/><E37/><V73/><F73/><W119/><G119/><T117/><D117/><U20/><E20/><V55/><F100/><W77/><REACH who="3" step="1"/><G57/><REACH who="3" ten="429,120,141,300" step="2"/><T5/><D5/><U68/><E65/><V9/><F9/><W30/><G30/><T52/><D23/><U84/><E84/><AGARI ba="0,1" hai="27,29,32,75,77,78,81,82,84,85,90,95,101,102" machi="84" ten="30,2900,0" yaku="1,1,7,1,53,0" doraHai="134" doraHaiUra="49" who="3" fromWho="1" sc="429,0,120,-29,141,0,300,39" /><INIT seed="3,1,0,4,4,106" ten="429,91,141,339" oya="3" hai0="55,53,19,70,135,108,22,1,127,9,4,18,134" hai1="75,129,117,60,85,56,123,13,81,45,59,94,23" hai2="33,17,100,109,98,46,27,95,64,77,111,63,61" hai3="57,121,116,12,110,122,101,126,42,93,43,5,15"/><W36/><G116/><T40/><D70/><U79/><E123/><V54/><F77/><W32/><G32/><T133/><D108/><N who="2" m="41546" /><F64/><W38/><G110/><T88/><D127/><U103/><E117/><V78/><F78/><W44/><G57/><T113/><D113/><U86/><E129/><V11/><F11/><W76/><G76/><T65/><D65/><U91/><E103/><V39/><F17/><W132/><G126/><T83/><D40/><U104/><E104/><V74/><F74/><W21/><G5/><T8/><D8/><U28/><E45/><V2/><F2/><W67/><G67/><T69/><D69/><U90/><E60/><V35/><F54/><W66/><G66/><T84/><REACH who="0" step="1"/><D18/><REACH who="0" ten="419,91,141,339" step="2"/><U71/><E71/><V99/><F39/><W114/><G36/><T58/><D58/><U50/><E28/><V130/><F46/><W68/><G44/><T80/><D80/><U124/><E124/><V128/><F128/><W119/><G38/><T48/><D48/><U7/><E50/><V30/><F130/><W41/><G68/><T87/><D87/><U125/><E125/><V14/><F63/><W26/><G114/><T72/><D72/><U89/><E75/><V62/><F61/><W115/><G115/><T97/><D97/><U10/><E23/><N who="2" m="15743" /><F62/><W92/><G119/><T0/><D0/><U120/><E120/><V73/><F73/><W102/><G122/><T34/><D34/><N who="2" m="12810" /><F99/><W105/><G121/><T16/><D16/><U25/><E25/><AGARI ba="1,1" hai="1,4,9,19,22,25,53,55,83,84,88,133,134,135" machi="25" ten="40,5200,0" yaku="1,1,20,1,54,1,53,0" doraHai="106" doraHaiUra="107" who="0" fromWho="1" sc="419,65,91,-55,141,0,339,0" /><INIT seed="4,0,0,4,1,61" ten="484,36,141,339" oya="0" hai0="38,35,39,115,56,19,135,65,133,132,116,125,80" hai1="119,37,60,7,20,49,59,48,118,13,105,57,24" hai2="15,28,25,47,128,46,98,74,69,112,8,93,66" hai3="79,10,4,104,113,64,34,27,92,29,102,26,89"/><T84/><D35/><U130/><E37/><V45/><F74/><W22/><G113/><T54/><D116/><U11/><E105/><V68/><F112/><W67/><G79/><T44/><D115/><U31/><E130/><V91/><F128/><W103/><G104/><T83/><D83/><U9/><E119/><V3/><F3/><W126/><G126/><T17/><D125/><U70/><E118/><V55/><F55/><W23/><G103/><T111/><D111/><U123/><E123/><V14/><F66/><W110/><G102/><T12/><D65/><U99/><E70/><V85/><F98/><W72/><G72/><T51/><D56/><U106/><E57/><V108/><F108/><W101/><G101/><T18/><REACH who="0" step="1"/><D12/><REACH who="0" ten="474,36,141,339" step="2"/><U2/><E106/><V117/><F15/><N who="3" m="5575" /><G34/><T52/><D52/><U36/><E2/><V81/><F81/><W77/><G110/><T122/><D122/><U100/><E13/><V5/><F117/><W90/><G77/><AGARI ba="0,1" hai="17,18,19,38,39,44,51,54,77,80,84,132,133,135" machi="77" ten="50,4800,0" yaku="1,1,20,1,53,0" doraHai="61" doraHaiUra="114" who="0" fromWho="3" sc="474,58,36,0,141,0,339,-48" /><INIT seed="4,1,0,2,2,58" ten="532,36,141,291" oya="0" hai0="84,22,85,98,16,4,18,117,90,120,72,74,27" hai1="49,36,23,33,105,114,107,5,26,2,113,123,39" hai2="11,132,46,38,95,135,13,43,97,134,73,70,125" hai3="50,1,0,20,9,100,106,88,79,96,60,10,75"/><T102/><D4/><U7/><E49/><V19/><F73/><W101/><G101/><T25/><D117/><U48/><E48/><V111/><F111/><W17/><G50/><T14/><D120/><U65/><E123/><V121/><F121/><W6/><G75/><T12/><D74/><U57/><E33/><V55/><F125/><W119/><G79/><T53/><D72/><U115/><E57/><V45/><F70/><W29/><G29/><T32/><D32/><U77/><E77/><V130/><F130/><W89/><G119/><T56/><D98/><U28/><E65/><V118/><F118/><W35/><G35/><T15/><D102/><U30/><E2/><V81/><F81/><W62/><G9/><T94/><D85/><U104/><REACH who="1" step="1"/><E28/><REACH who="1" ten="532,26,141,291" step="2"/><V82/><F134/><W37/><G0/><T3/><D3/><U34/><E34/><V31/><F31/><W116/><G116/><T83/><D18/><U103/><E103/><V126/><F135/><W21/><G17/><T41/><D41/><U54/><E54/><V124/><F132/><W71/><G1/><T68/><D53/><U61/><E61/><V8/><F55/><W42/><G62/><T112/><D56/><U76/><E76/><V40/><F40/><W67/><G42/><T63/><D16/><U78/><E78/><V108/><F43/><W24/><G60/><T110/><D63/><U133/><E133/><V129/><F19/><N who="3" m="12319" /><G67/><T92/><D110/><U128/><E128/><V109/><F129/><W87/><G100/><T44/><D68/><U66/><E66/><V47/><F109/><RYUUKYOKU ba="1,1" sc="532,-10,26,30,141,-10,291,-10" hai1="5,7,23,26,30,36,39,104,105,107,113,114,115" /><INIT seed="5,2,1,4,4,44" ten="522,56,131,281" oya="1" hai0="111,109,83,116,18,94,54,3,34,31,20,25,58" hai1="33,57,105,80,40,120,46,92,81,107,17,131,108" hai2="96,60,128,5,37,24,67,56,78,89,112,114,86" hai3="101,39,85,122,53,16,12,88,11,123,7,70,6"/><U32/><E120/><V76/><F128/><W48/><G39/><T99/><D83/><U9/><E131/><V65/><F37/><W51/><G70/><T90/><D3/><U28/><E108/><V2/><F96/><W134/><G134/><T117/><D117/><U75/><E107/><V82/><F67/><W47/><G101/><T129/><D129/><U66/><E105/><V79/><F24/><W69/><G69/><T52/><D116/><U93/><E33/><V87/><F2/><W124/><G124/><T126/><D54/><U42/><E32/><V36/><F36/><W68/><G68/><T63/><D126/><U55/><E66/><V30/><F30/><W41/><G123/><T118/><D118/><U133/><E28/><V45/><F5/><W61/><G61/><T135/><D135/><U22/><E9/><V110/><F110/><W104/><G104/><T43/><D43/><N who="1" m="16427" /><E46/><V27/><F45/><N who="3" m="27887" /><G122/><T100/><D100/><U74/><E74/><V115/><REACH who="2" step="1"/><F27/><AGARI ba="2,1" hai="18,20,25,27,31,34,52,58,63,90,94,99,109,111" machi="27" ten="30,7700,0" yaku="7,1,25,2,54,1" doraHai="44" who="0" fromWho="2" sc="522,93,56,0,131,-83,281,0" /><INIT seed="6,0,0,4,3,15" ten="615,56,48,281" oya="2" hai0="77,51,40,19,25,24,69,21,88,31,108,92,20" hai1="37,2,12,128,57,84,75,61,10,95,132,74,90" hai2="47,30,125,35,112,96,64,55,94,93,113,4,13" hai3="118,115,45,120,41,107,97,11,100,103,49,44,68"/><V65/><F125/><W26/><G68/><T33/><D69/><U42/><E2/><V126/><F126/><W116/><G120/><T82/><D108/><U3/><E3/><V58/><F47/><W38/><G115/><N who="2" m="44105" /><F30/><W76/><G103/><T18/><D40/><U83/><E132/><V78/><F78/><W8/><G76/><T62/><D62/><U67/><E128/><V99/><F35/><W34/><G34/><T70/><D70/><U104/><E104/><V28/><F28/><W91/><G26/><T22/><D51/><U6/><REACH who="1" step="1"/><E83/><REACH who="1" ten="615,46,48,281" step="2"/><V80/><F80/><W7/><G107/><T36/><D82/><U50/><E50/><N who="2" m="31095" /><F93/><W89/><G49/><T85/><D92/><U134/><E134/><V53/><F53/><W81/><G81/><T109/><D36/><U87/><E87/><V72/><F72/><W54/><G38/><T102/><D85/><U131/><E131/><V39/><F39/><W60/><G54/><T9/><D31/><U29/><E29/><V16/><F4/><W14/><G7/><T32/><D33/><U129/><E129/><V114/><N who="2" m="44113" /><V130/><DORA hai="48" /><F130/><W127/><G127/><T0/><D32/><U122/><E122/><V79/><F79/><W52/><G52/><T98/><D77/><U121/><E121/><V66/><F94/><W17/><G41/><T105/><D105/><U63/><E63/><V86/><F86/><W27/><G60/><T124/><D124/><U106/><E106/><V46/><F46/><AGARI ba="0,1" hai="6,10,12,37,42,46,57,61,67,74,75,84,90,95" machi="46" ten="40,1300,0" yaku="1,1,53,0" doraHai="15,48" doraHaiUra="117,101" who="1" fromWho="2" sc="615,0,46,23,48,-13,281,0" /><INIT seed="7,0,0,0,2,101" ten="615,69,35,281" oya="3" hai0="127,97,80,83,4,63,57,126,25,69,39,111,9" hai1="43,3,134,103,59,1,20,110,17,67,89,29,77" hai2="91,37,28,120,66,105,2,92,40,102,61,65,104" hai3="72,121,19,0,41,130,117,115,96,55,93,33,18"/><W13/><G72/><T99/><D39/><U118/><E110/><V56/><F2/><W75/><G33/><T119/><D69/><U95/><E29/><V58/><F102/><W68/><G75/><T86/><D25/><U34/><E34/><V74/><F74/><W15/><G68/><T133/><D133/><U7/><E103/><V108/><F108/><W35/><G0/><T129/><D129/><U26/><E77/><V113/><F28/><W51/><G41/><T45/><D45/><U90/><E134/><V64/><F113/><W6/><G18/><T12/><D83/><U98/><E118/><V60/><F120/><W62/><G19/><T70/><D70/><U128/><E128/><V27/><F27/><W106/><G55/><T10/><D10/><U46/><E7/><V11/><F65/><W47/><G51/><T49/><D49/><N who="1" m="26847" /><E3/><V21/><F21/><W116/><G6/><T107/><D111/><U31/><E1/><V22/><F22/><W23/><G23/><T42/><D119/><U135/><E135/><V114/><F114/><W78/><G35/><T38/><D42/><U5/><E5/><V50/><F37/><W123/><G115/><T52/><D38/><U124/><E124/><V71/><F11/><W112/><G116/><T94/><D126/><U30/><E90/><V24/><F24/><W81/><G112/><T48/><D127/><U82/><E82/><V32/><F32/><W73/><G81/><T87/><D80/><U44/><E44/><N who="2" m="25863" /><F71/><W16/><G117/><T79/><D4/><U54/><E67/><V85/><AGARI ba="0,0" hai="56,58,60,61,64,66,85,91,92,104,105" m="25863" machi="85" ten="30,4000,0" yaku="5,1,52,2" doraHai="101" who="2" fromWho="2" sc="615,-10,69,-10,35,40,281,-20" owari="605,70.0,59,-44.0,75,-32.0,261,6.0" /></mjloggm>