<mjloggm ver="2.3"><GO type="41"/><UN n0="%E5%96%AB%E8%8C%B6" n1="%E3%82%A6%E3%83%AB%E3%83%88%E3%83%A9%E7%AB%8B%E7%9B%B4" n2="%E3%81%94%E3%81%8F%E3%81%86" n3="%70%70%6B%31" dan="14,15,14,13" rate="1932,1992,1898,1910" sx="M,M,M,M"/><TAIKYOKU oya="0"/><INIT seed="0,0,0,4,4,39" ten="250,250,250,250" oya="0" hai0="57,106,50,90,71,65,55,51,44,37,66,121,42" hai1="110,68,133,84,73,78,104,14,89,125,47,128,19" hai2="86,126,107,5,69,61,119,103,54,123,13,122,81" hai3="45,64,98,16,99,76,22,27,91,120,63,95,117"/><T9/><D106/><U56/><E68/><V49/><F119/><W118/><G120/><T83/><D121/><U21/><E104/><V80/><F126/><W112/><G112/><T109/><D9/><U124/><E78/><V12/><F107/><W31/><G76/><T15/><D15/><U3/><E3/><V77/><F103/><W34/><G99/><T32/><D32/><U82/><E73/><V134/><F134/><W72/><G72/><T58/><D109/><U116/><E116/><V70/><F77/><W101/><G91/><T74/><D74/><U53/><E133/><V94/><F94/><W1/><G1/><T24/><D83/><U10/><E128/><V79/><F79/><W17/><G45/><N who="0" m="23759" /><D90/><U11/><E47/><V0/><F86/><W30/><G30/><T26/><D26/><U130/><E130/><V20/><F0/><W135/><G135/><T87/><D87/><U115/><E115/><V18/><F5/><W52/><G52/><N who="0" m="31903" /><D24/><U35/><E35/><V105/><F105/><W100/><G100/><T46/><D71/><U43/><E10/><V41/><F70/><W60/><G60/><N who="0" m="35935" /><D44/><U127/><E11/><V92/><F69/><W88/><G101/><T108/><D108/><U40/><E110/><V6/><F122/><W85/><G85/><T36/><D36/><U29/><E29/><V129/><F123/><W67/><G118/><T7/><D7/><U4/><E4/><V62/><F6/><W113/><G117/><T102/><D102/><U96/><E96/><V132/><F80/><W93/><G113/><T131/><D131/><RYUUKYOKU ba="0,0" sc="250,15,250,15,250,-15,250,-15" hai0="46,50,65,66" hai1="14,19,21,40,43,53,56,82,84,89,124,125,127" /><INIT seed="0,1,0,3,4,96" ten="265,265,235,235" oya="0" hai0="45,18,92,57,82,95,32,4,52,3,102,58,88" hai1="19,70,44,16,114,119,117,135,81,99,62,39,74" hai2="51,133,36,2,101,131,116,10,90,56,108,25,77" hai3="134,59,33,113,22,94,63,84,40,121,34,97,132"/><T112/><D32/><U26/><E19/><V103/><F36/><W27/><G121/><T115/><D3/><U41/><E114/><V38/><F38/><W85/><G40/><T49/><D4/><U29/><E135/><N who="3" m="51754" /><G113/><T17/><D112/><U124/><E16/><N who="0" m="6249" /><D115/><U47/><E47/><V123/><F133/><W68/><G68/><T129/><D129/><U37/><E37/><V64/><F131/><W128/><G128/><T35/><D35/><N who="3" m="13321" /><G22/><T1/><D1/><U93/><E26/><V110/><F123/><W86/><G27/><T42/><D42/><U21/><E21/><V54/><F25/><W120/><G120/><T31/><D31/><U98/><E29/><V106/><F106/><W125/><G125/><T23/><D23/><U80/><E124/><V126/><F126/><W104/><G104/><T8/><D8/><U7/><E41/><V91/><F77/><W89/><G84/><N who="0" m="50199" /><D95/><U13/><E93/><V14/><F2/><W5/><G5/><T71/><D71/><U107/><E7/><N who="2" m="3423" /><F116/><W105/><G105/><T66/><D66/><AGARI ba="1,0" hai="59,63,66,85,86,89,94,97" m="13321,51754" machi="66" ten="30,1000,0" yaku="20,1" doraHai="96" who="3" fromWho="0" sc="265,-13,265,0,235,0,235,13" /><INIT seed="1,0,0,1,4,19" ten="252,265,235,248" oya="1" hai0="62,71,11,5,73,22,21,134,55,47,51,10,74" hai1="64,92,31,46,126,53,82,34,83,91,109,135,12" hai2="68,111,7,115,23,120,90,69,88,49,122,37,72" hai3="86,61,95,112,133,67,27,17,57,38,118,107,123"/><U84/><E126/><V40/><F37/><W75/><G75/><T60/><D134/><U81/><E135/><V114/><F72/><W117/><G38/><T103/><D103/><U100/><E64/><V78/><F78/><W45/><G107/><T41/><D71/><N who="2" m="27210" /><F7/><W36/><G133/><T20/><D74/><U125/><E125/><V35/><F35/><W87/><G123/><N who="2" m="47145" /><F40/><W89/><G112/><N who="2" m="43049" /><F49/><W127/><G127/><T131/><D131/><U48/><E109/><V101/><F101/><W58/><G58/><T52/><D73/><U110/><E110/><V65/><F65/><W97/><G118/><T130/><D130/><U1/><E1/><V96/><F96/><W56/><G117/><T105/><D105/><U15/><E34/><V16/><F111/><W9/><G56/><N who="0" m="34847" /><D5/><U6/><E6/><V14/><AGARI ba="0,0" hai="14,16,23,88,90" m="43049,47145,27210" machi="14" ten="40,8000,1" yaku="11,1,52,1,54,2" doraHai="19" who="2" fromWho="2" sc="252,-20,265,-40,235,80,248,-20" /><INIT seed="2,0,0,3,5,80" ten="232,225,315,228" oya="2" hai0="121,29,30,135,66,78,55,108,122,106,111,22,70" hai1="89,0,46,126,127,45,32,17,47,13,12,75,41" hai2="23,113,104,115,69,131,90,24,16,36,27,57,14" hai3="31,109,117,125,87,35,81,59,15,112,64,50,10"/><V123/><F123/><W2/><G117/><T42/><D106/><U132/><E0/><V43/><F69/><W1/><G125/><T105/><D105/><U124/><E32/><V26/><F104/><W84/><G112/><T72/><D135/><U114/><E114/><V98/><F131/><W34/><G109/><T52/><D42/><U130/><E75/><V133/><F133/><W79/><G35/><T11/><D11/><U99/><E132/><V38/><F57/><W19/><G31/><T68/><D72/><U83/><E130/><V39/><F43/><W119/><G34/><T56/><D56/><U9/><E13/><V25/><N who="2" m="6656" /><DORA hai="101" /><V71/><REACH who="2" step="1"/><F71/><REACH who="2" ten="232,225,305,228" step="2"/><W97/><G119/><T120/><D120/><U44/><E44/><V37/><N who="2" m="9728" /><DORA hai="92" /><V67/><F67/><W103/><G59/><T20/><D66/><U53/><E41/><V61/><F61/><W94/><G64/><T107/><D107/><U65/><E65/><V60/><F60/><W91/><REACH who="3" step="1"/><G50/><REACH who="3" ten="232,225,305,218" step="2"/><T54/><REACH who="0" step="1"/><D55/><REACH who="0" ten="222,225,305,218" step="2"/><U116/><E53/><V95/><AGARI ba="0,3" hai="14,16,23,90,95,98,113,115" m="9728,6656" machi="95" ten="80,12000,1" yaku="1,1,0,1,52,1,54,1,53,0" doraHai="80,101,92" doraHaiUra="49,40,5" who="2" fromWho="2" sc="222,-40,225,-40,305,150,218,-40" /><INIT seed="2,1,0,4,0,102" ten="182,185,455,178" oya="2" hai0="101,54,71,83,22,31,38,110,47,96,73,123,72" hai1="26,13,44,120,5,107,51,88,106,24,63,93,116" hai2="32,65,6,0,53,135,104,132,50,49,84,128,21" hai3="100,81,130,55,133,79,115,9,77,117,61,82,17"/><V74/><F74/><W45/><G117/><T114/><D71/><U7/><E116/><V118/><F32/><W33/><G33/><T27/><D114/><U111/><E63/><V58/><F118/><W90/><G115/><T10/><D123/><U98/><E120/><V20/><F128/><W41/><G130/><T29/><D110/><U48/><E111/><V67/><F0/><W28/><G28/><T76/><D29/><U64/><E64/><V112/><F6/><W37/><G133/><T1/><D54/><U95/><E13/><V39/><F39/><W14/><G100/><T122/><D122/><U42/><E98/><V126/><F112/><W134/><G134/><T97/><D73/><U70/><E70/><V127/><F84/><W35/><G35/><T86/><D86/><U56/><E56/><V119/><F119/><W34/><G34/><T92/><D92/><U91/><E44/><V131/><F131/><W59/><REACH who="3" step="1"/><G90/><REACH who="3" ten="182,185,455,168" step="2"/><T109/><D101/><U85/><E85/><V87/><F87/><W25/><G25/><T11/><D109/><U43/><AGARI ba="1,1" hai="5,7,24,26,42,43,48,51,88,91,93,95,106,107" machi="43" ten="25,12000,2" yaku="0,1,22,2,52,2,54,1" doraHai="102" who="1" fromWho="1" sc="182,-31,185,133,455,-61,168,-31" /><INIT seed="3,0,0,0,5,18" ten="151,318,394,137" oya="3" hai0="71,59,80,35,76,11,19,17,29,135,61,99,131" hai1="40,67,121,60,73,88,0,86,117,122,108,82,103" hai2="45,16,120,104,57,64,70,126,129,109,8,127,78" hai3="56,115,13,133,33,113,55,118,34,1,87,50,14"/><W21/><G1/><T26/><D71/><U111/><E0/><V20/><F70/><W119/><G87/><T44/><D131/><U37/><E40/><V51/><F104/><W62/><G133/><T91/><D135/><U63/><E37/><V101/><F101/><W89/><G89/><T69/><D69/><U24/><E63/><N who="2" m="37999" /><F129/><W49/><G62/><T65/><D44/><U66/><E60/><V84/><F8/><W28/><G28/><T30/><D30/><U93/><E66/><V105/><F105/><W41/><G41/><T58/><D58/><U2/><E67/><V75/><F75/><W130/><G130/><T7/><D91/><U5/><E5/><V15/><F120/><N who="1" m="46185" /><E24/><V102/><F102/><W97/><G97/><T48/><D48/><U83/><E2/><V90/><F78/><W85/><G85/><T116/><D99/><N who="1" m="59887" /><E117/><V98/><F51/><W96/><G96/><T23/><D35/><U81/><E73/><V43/><F43/><W92/><G92/><AGARI ba="0,0" hai="81,82,83,86,88,92,108,111" m="59887,46185" machi="92" ten="30,3900,0" yaku="34,2,54,1" doraHai="18" who="1" fromWho="3" sc="151,0,318,39,394,0,137,-39" /><INIT seed="4,0,0,4,3,132" ten="151,357,394,98" oya="0" hai0="135,88,97,65,42,101,57,72,63,93,45,70,9" hai1="37,64,13,0,29,111,51,50,116,90,12,23,107" hai2="130,71,26,114,35,21,15,28,129,39,46,127,94" hai3="106,134,78,124,11,10,55,122,22,4,48,38,52"/><T104/><D72/><U87/><E37/><V66/><F114/><W91/><G38/><T54/><D135/><U33/><E107/><V24/><F15/><W118/><G134/><T69/><D9/><U73/><E73/><V25/><F71/><W82/><G106/><T84/><REACH who="0" step="1"/><D65/><REACH who="0" ten="141,357,394,98" step="2"/><U6/><E64/><V75/><F66/><W112/><G122/><T126/><D126/><U8/><E116/><V100/><F127/><W16/><G124/><T59/><D59/><U27/><E111/><V86/><F75/><W47/><G118/><T58/><D58/><U7/><E7/><V81/><F129/><W89/><G112/><T62/><D62/><U44/><E44/><V40/><F130/><W76/><G11/><T131/><D131/><U31/><E8/><V117/><F117/><W99/><G10/><T60/><D60/><U105/><E6/><V2/><F35/><W14/><G4/><T68/><D68/><U109/><E33/><V103/><F2/><W77/><G55/><T18/><D18/><U53/><E109/><V67/><F67/><W36/><G36/><AGARI ba="0,1" hai="36,42,45,54,57,63,69,70,84,88,93,97,101,104" machi="36" ten="30,5800,0" yaku="1,1,7,1,54,1,53,0" doraHai="132" doraHaiUra="115" who="0" fromWho="3" sc="141,68,357,0,394,0,98,-58" /><INIT seed="4,1,0,1,3,38" ten="209,357,394,40" oya="0" hai0="67,56,12,72,120,99,81,60,116,127,88,28,90" hai1="1,58,7,113,98,132,13,118,95,117,40,89,18" hai2="121,41,15,34,85,30,64,2,100,8,110,42,126" hai3="24,129,21,114,80,26,76,115,9,105,73,109,124"/><T68/><D120/><U74/><E74/><V47/><F121/><W130/><G105/><T92/><D116/><U106/><E106/><V108/><F2/><W46/><G9/><T23/><D127/><U104/><E104/><V3/><F3/><W53/><G26/><N who="0" m="16479" /><D68/><U75/><E75/><V111/><F126/><W65/><G65/><T103/><D72/><U101/><E118/><V0/><F0/><W70/><G70/><T62/><D62/><U16/><E117/><V33/><F100/><W77/><G77/><T102/><D102/><U86/><E1/><V93/><F64/><W48/><G124/><T91/><D12/><U50/><E132/><V55/><F30/><W37/><G37/><T135/><D135/><U122/><E122/><V131/><F33/><W35/><G35/><T4/><D4/><U134/><E134/><V94/><F34/><W44/><G44/><T32/><D32/><U31/><E31/><V51/><F131/><N who="3" m="50187" /><G109/><T43/><D43/><U78/><E78/><V17/><REACH who="2" step="1"/><F85/><AGARI ba="1,0" hai="56,60,67,81,85,88,90,91,92,99,103" m="16479" machi="85" ten="30,5800,0" yaku="25,1,8,1,54,1" doraHai="38" who="0" fromWho="2" sc="209,61,357,0,394,-61,40,0" /><INIT seed="4,2,0,4,5,104" ten="270,357,333,40" oya="0" hai0="23,86,63,7,127,102,82,99,133,97,88,68,101" hai1="31,33,96,126,34,78,55,50,67,118,108,94,43" hai2="57,100,64,134,59,0,14,105,45,21,42,124,75" hai3="48,83,20,28,109,87,17,113,52,111,6,115,16"/><T4/><D127/><U11/><E118/><V89/><F0/><W10/><G28/><T8/><D133/><U12/><E108/><V72/><F134/><W54/><G54/><T80/><D68/><U70/><E43/><V93/><F124/><W98/><G98/><T53/><D23/><U22/><E34/><V35/><F35/><W30/><G30/><T119/><D119/><U95/><E33/><V81/><F81/><W40/><G40/><T91/><D53/><U61/><E95/><V77/><F77/><W121/><G121/><T74/><D74/><U3/><E3/><V37/><F100/><W69/><G69/><T24/><D24/><U135/><E135/><V60/><F59/><N who="3" m="33159" /><G109/><T39/><D39/><U58/><E22/><V32/><F32/><W13/><G111/><T117/><D117/><U120/><E31/><V46/><F46/><W29/><G29/><T62/><D86/><U129/><E120/><V47/><F47/><W92/><G92/><T18/><D18/><U128/><E126/><V76/><F76/><N who="3" m="46567" /><G20/><T116/><REACH who="0" step="1"/><D116/><REACH who="0" ten="260,357,333,40" step="2"/><U36/><E36/><V71/><F71/><W38/><G38/><T107/><D107/><U5/><E78/><V122/><F105/><W85/><G85/><T41/><D41/><U123/><E123/><V25/><F122/><W106/><G106/><T125/><D125/><U131/><E131/><V2/><F25/><W110/><G110/><T49/><D49/><U65/><E65/><V84/><F42/><W66/><G66/><T27/><D27/><U9/><E9/><AGARI ba="2,1" hai="4,7,8,9,62,63,80,82,88,91,97,99,101,102" machi="9" ten="25,18000,2" yaku="1,1,22,2,8,1,54,1,53,2" doraHai="104" doraHaiUra="1" who="0" fromWho="1" sc="260,196,357,-186,333,0,40,0" /><INIT seed="4,3,0,0,2,31" ten="456,171,333,40" oya="0" hai0="125,1,22,81,95,55,28,48,122,64,91,43,39" hai1="16,108,59,78,54,112,98,134,86,67,96,25,70" hai2="34,17,117,113,38,26,76,104,71,124,8,50,12" hai3="103,119,41,72,42,97,110,131,23,123,62,24,87"/><T66/><D122/><U129/><E108/><V83/><F117/><W35/><G110/><T63/><D1/><U65/><E70/><V73/><F38/><W21/><G72/><T102/><D125/><U121/><E121/><V111/><F111/><W75/><G75/><T135/><D135/><U5/><E5/><V19/><F104/><W92/><G123/><T45/><D81/><N who="1" m="47415" /><E129/><V115/><F71/><W7/><G119/><T15/><D102/><U32/><E32/><V106/><F106/><W13/><G131/><T20/><D28/><U120/><E120/><V84/><F73/><W18/><G35/><T107/><D107/><U61/><E112/><N who="2" m="43083" /><F124/><W49/><G49/><T51/><D51/><U46/><E134/><V29/><F50/><W109/><G109/><T33/><D33/><U80/><E80/><V114/><N who="2" m="43091" /><V37/><DORA hai="126" /><F37/><W6/><G6/><AGARI ba="3,0" hai="6,8,12,17,19,26,29,34,76,83,84" m="43091" machi="6" ten="40,2600,0" yaku="15,1,52,1" doraHai="31,126" who="2" fromWho="3" sc="456,0,171,0,333,35,40,-35" /><INIT seed="5,0,0,0,4,95" ten="456,171,368,5" oya="1" hai0="70,25,125,78,26,71,60,38,115,9,93,27,11" hai1="17,131,30,57,44,97,89,128,111,55,108,21,43" hai2="123,73,112,18,79,62,90,41,63,4,134,14,16" hai3="127,64,66,120,37,82,42,132,56,23,2,72,13"/><U33/><E30/><V1/><F123/><W50/><G2/><T91/><D38/><U0/><E33/><V19/><F1/><W58/><G120/><T92/><D125/><U80/><E0/><V121/><F121/><W126/><G23/><T96/><D78/><U94/><E80/><V40/><F134/><W114/><G13/><T32/><D32/><U5/><E5/><V110/><F110/><N who="1" m="42025" /><E44/><V117/><F117/><W8/><G8/><T59/><D115/><U54/><E43/><V130/><F130/><N who="1" m="49705" /><E57/><N who="3" m="22122" /><G82/><T3/><D3/><U12/><E55/><V103/><F73/><W119/><G72/><T69/><D93/><U129/><N who="1" m="49713" /><U109/><N who="1" m="42033" /><DORA hai="85" /><U122/><DORA hai="87" /><E54/><V133/><F41/><W20/><G20/><T107/><REACH who="0" step="1"/><D107/><REACH who="0" ten="446,171,368,5" step="2"/><U45/><E45/><V76/><F112/><W22/><G37/><T15/><D15/><U75/><E75/><V47/><F14/><W84/><G114/><T74/><D74/><U24/><E12/><V67/><F79/><W65/><G119/><T86/><D86/><U7/><E7/><V39/><F4/><W28/><G84/><T35/><D35/><U49/><E49/><V124/><F39/><W105/><G105/><T6/><D6/><U116/><E116/><V51/><F76/><W10/><G10/><T104/><D104/><U48/><E48/><V81/><F51/><W88/><G50/><T34/><D34/><U68/><E68/><V106/><F106/><W46/><G46/><T61/><D61/><U36/><E36/><V29/><F62/><W98/><G42/><T83/><D83/><RYUUKYOKU ba="0,1" sc="446,15,171,15,368,-15,5,-15" hai0="9,11,25,26,27,59,60,69,70,71,91,92,96" hai1="17,21,24,89,94,97,122" owari="471,57.0,186,-21.0,353,15.0,-10,-51.0" /></mjloggm>