<mjloggm ver="2.3"><GO type="97"/><UN n0="%E2%80%90%E7%94%B0%E4%BA%95%E4%B8%AD%E5%BE%8B%E2%80%90" n1="%E2%98%86%E6%97%A5%E5%90%91%E5%A4%8F%E7%BE%8E%E2%98%86" n2="%E5%AE%87%E5%AE%99%E9%9B%86%E4%BC%9A" n3="%EF%BC%88%E2%89%A7%E2%96%BD%E2%89%A6%EF%BC%89" dan="15,15,15,15" rate="1894,2043,1955,2007" sx="F,F,F,M"/><TAIKYOKU oya="0"/><INIT seed="0,0,0,1,0,4" ten="250,250,250,250" oya="0" hai0="42,59,19,100,81,105,15,82,118,96,27,44,104" hai1="17,117,92,127,70,22,77,24,13,89,37,57,114" hai2="66,106,33,26,21,72,107,7,2,31,112,109,14" hai3="108,95,99,93,25,76,12,3,131,48,90,16,41"/><T86/><D118/><U36/><E117/><V45/><F72/><W74/><G3/><T52/><D27/><U71/><E127/><V58/><F109/><W5/><G131/><T94/><D82/><U115/><E77/><V83/><F112/><N who="1" m="43049" /><E57/><V80/><F45/><N who="3" m="25647" /><G74/><T103/><D103/><U64/><E24/><V135/><F135/><W63/><G108/><T84/><D84/><N who="1" m="52263" /><E64/><V125/><F125/><W32/><G32/><T69/><D69/><AGARI ba="0,0" hai="13,17,22,36,37,69,70,71" m="52263,43049" machi="69" ten="30,1000,0" yaku="11,1" doraHai="4" who="1" fromWho="0" sc="250,-10,250,10,250,0,250,0" /><INIT seed="1,0,0,4,4,20" ten="240,260,250,250" oya="1" hai0="123,5,127,22,133,73,25,24,15,99,34,9,56" hai1="121,115,103,27,35,49,78,79,113,83,134,94,44" hai2="107,75,28,23,19,61,130,101,90,10,131,86,125" hai3="36,132,108,71,116,33,16,13,126,29,60,110,32"/><U102/><E121/><V119/><F75/><W55/><G36/><T26/><D73/><U43/><E134/><V47/><F119/><W105/><G105/><T85/><D133/><U41/><E41/><V7/><F125/><W31/><G132/><T89/><D34/><N who="3" m="13417" /><G126/><T81/><D127/><U91/><E103/><V42/><F28/><N who="3" m="10827" /><G71/><T8/><D8/><U76/><E35/><V4/><F61/><W87/><G87/><T62/><D123/><U77/><E102/><V100/><F107/><W111/><G55/><N who="0" m="34079" /><D99/><U37/><E37/><V58/><F58/><W97/><G97/><T53/><D53/><U48/><E48/><N who="2" m="26743" /><F101/><W104/><G60/><T65/><D65/><U120/><E120/><V84/><F100/><W72/><G72/><T11/><D11/><U30/><E30/><AGARI ba="0,0" hai="5,9,15,22,24,25,26,30,81,85,89" m="34079" machi="30" ten="30,7700,0" yaku="8,1,52,3" doraHai="20" who="0" fromWho="1" sc="240,77,260,-77,250,0,250,0" /><INIT seed="2,0,0,0,2,60" ten="317,183,250,250" oya="2" hai0="85,13,82,76,33,39,84,103,121,53,110,79,46" hai1="135,27,88,26,58,37,11,80,73,124,104,68,65" hai2="120,47,67,30,12,49,23,92,93,17,106,63,126" hai3="131,43,50,5,122,28,119,55,64,74,66,40,89"/><V77/><F120/><W19/><G74/><T108/><D121/><U48/><E37/><V123/><F126/><W134/><G122/><T87/><D33/><U6/><E68/><V133/><F123/><W22/><G119/><T59/><D39/><U91/><E104/><V45/><F106/><W42/><G134/><T1/><D1/><U71/><E71/><V15/><F133/><W95/><G28/><T69/><D69/><U38/><E38/><V9/><F77/><W105/><G5/><T70/><D70/><U117/><E117/><V41/><F47/><N who="3" m="28127" /><G105/><T101/><D46/><U99/><E135/><V0/><F0/><W81/><G81/><N who="0" m="47167" /><D13/><N who="1" m="5367" /><E73/><V16/><F30/><W94/><G131/><T32/><D85/><N who="1" m="50215" /><E124/><V44/><F44/><W3/><G3/><T107/><D32/><U72/><E72/><V18/><F18/><W10/><G10/><T54/><D107/><U51/><E51/><V57/><AGARI ba="0,0" hai="9,12,15,16,17,23,41,45,49,57,63,67,92,93" machi="57" ten="20,12000,1" yaku="0,1,7,1,8,1,52,1,54,1" doraHai="60" who="2" fromWho="2" sc="317,-40,183,-40,250,120,250,-40" /><INIT seed="2,1,0,5,0,127" ten="277,143,370,210" oya="2" hai0="31,60,79,34,37,27,10,14,9,133,106,114,73" hai1="69,17,118,35,91,92,94,95,107,126,54,8,105" hai2="116,53,59,113,90,40,130,87,21,124,75,36,2" hai3="44,55,131,82,109,4,0,57,88,128,74,11,81"/><V22/><F116/><W100/><G100/><T85/><D114/><U110/><E69/><V76/><F113/><W65/><G109/><T1/><D106/><N who="1" m="40459" /><E35/><V89/><F2/><W25/><G25/><T29/><D37/><U20/><E8/><V62/><F124/><W71/><G44/><T135/><D73/><U64/><E64/><V72/><F75/><W52/><G74/><T112/><D60/><U18/><E126/><V96/><F72/><W49/><G55/><T111/><D111/><U58/><E110/><V93/><F36/><W101/><G101/><T103/><D103/><U12/><E118/><V63/><F40/><W78/><G78/><T121/><D112/><U46/><E46/><V33/><F76/><W86/><REACH who="3" step="1"/><G81/><REACH who="3" ten="277,143,370,200" step="2"/><N who="0" m="47295" /><D27/><U104/><E54/><V117/><F117/><W28/><G28/><T120/><D31/><U19/><E104/><V70/><F53/><W84/><G84/><T56/><D29/><U97/><E91/><V66/><F89/><W102/><G102/><T13/><D34/><U43/><E43/><V45/><F33/><W15/><G15/><T3/><D14/><U122/><E12/><V129/><F45/><W26/><G26/><T68/><D13/><U38/><E122/><V41/><F41/><W77/><G77/><T24/><D120/><U51/><E97/><V39/><F96/><W98/><G98/><T7/><D121/><U80/><E38/><V30/><F39/><W123/><G123/><T108/><D108/><U134/><E134/><V115/><F115/><W119/><G119/><T125/><D133/><U61/><E20/><RYUUKYOKU ba="1,1" sc="277,-10,143,-10,370,-10,200,30" hai3="0,4,11,49,52,57,65,71,82,86,88,128,131" /><INIT seed="3,2,1,1,0,120" ten="267,133,360,230" oya="3" hai0="65,12,111,52,19,17,78,2,11,81,95,33,34" hai1="22,77,6,7,15,102,79,31,49,25,126,10,3" hai2="45,58,70,114,131,134,47,64,30,128,104,91,50" hai3="85,92,129,82,125,130,39,13,93,57,72,14,26"/><W74/><G39/><T18/><D111/><U121/><E102/><V61/><F104/><W37/><G37/><T124/><D124/><U54/><E79/><V36/><F114/><W108/><G125/><T44/><D2/><U51/><E77/><V41/><F134/><W118/><G118/><T32/><D65/><U115/><E54/><N who="2" m="32087" /><F30/><W106/><G106/><T89/><D44/><U60/><E60/><V27/><F27/><W83/><G57/><T46/><D46/><U4/><E51/><V68/><F47/><W69/><G69/><T103/><D103/><U90/><E49/><V23/><F23/><W56/><G56/><T38/><D52/><U1/><E90/><V28/><F28/><W20/><G20/><T59/><D59/><U117/><E126/><V71/><F91/><W24/><G85/><T122/><D122/><U62/><E62/><V63/><F63/><W5/><G5/><N who="1" m="2154" /><E121/><V105/><F105/><W98/><G98/><T133/><D133/><U135/><E135/><V107/><F107/><W99/><G99/><N who="0" m="57839" /><D38/><U9/><E115/><V21/><F21/><W53/><G53/><T75/><D75/><U29/><E117/><V67/><F61/><W110/><AGARI ba="2,1" hai="13,14,24,26,72,74,82,83,92,93,108,110,129,130" machi="110" ten="25,12000,1" yaku="0,1,22,2,52,2" doraHai="120" who="3" fromWho="3" sc="267,-42,133,-42,360,-42,230,136" owari="225,-17.0,91,-41.0,318,12.0,366,46.0" /></mjloggm>