<mjloggm ver="2.3"><GO type="41"/><UN n0="%E3%83%89%E3%83%AB%E3%83%81" n1="%48%41%52%45%4D" n2="%E3%82%B7%E3%82%AB%E3%82%B4" n3="%EF%BC%88%E2%89%A7%E2%96%BD%E2%89%A6%EF%BC%89" dan="13,15,13,15" rate="1843,2041,1939,1999" sx="M,M,M,M"/><TAIKYOKU oya="0"/><INIT seed="0,0,0,2,0,123" ten="250,250,250,250" oya="0" hai0="13,72,26,64,88,126,65,87,78,100,95,24,44" hai1="98,17,8,121,89,35,10,21,12,73,29,54,28" hai2="101,11,42,79,135,20,56,128,43,19,115,93,94" hai3="113,6,27,55,99,47,31,68,105,62,103,50,2"/><T81/><D126/><U52/><E73/><V48/><F115/><W25/><G113/><T14/><D14/><U74/><E74/><V83/><F128/><W122/><G122/><T9/><D44/><U118/><E118/><V15/><F135/><W4/><G2/><T60/><D100/><U76/><E76/><V18/><F43/><W82/><G82/><T57/><REACH who="0" step="1"/><D64/><REACH who="0" ten="240,250,250,250" step="2"/><U70/><E121/><V106/><F101/><W120/><G120/><T33/><D33/><U104/><E35/><V0/><F0/><W119/><G119/><T69/><D69/><U46/><E70/><V130/><F130/><W41/><G68/><T1/><D1/><U97/><E46/><V71/><F71/><W34/><G27/><T22/><D22/><U16/><E10/><V85/><F106/><W66/><G66/><T32/><D32/><U5/><E104/><V7/><F20/><W40/><G40/><T37/><D37/><U129/><E129/><V110/><F56/><W75/><G41/><T77/><D77/><U45/><E45/><V91/><F79/><W92/><G105/><T127/><D127/><U67/><E67/><V63/><F42/><W58/><G58/><T51/><D51/><U116/><E116/><V86/><F48/><W61/><G50/><T134/><D134/><U90/><E21/><V30/><F11/><W59/><G47/><T132/><D132/><U125/><E125/><V36/><F36/><W23/><G34/><T114/><D114/><U80/><E8/><V3/><F3/><W107/><G107/><T38/><D38/><U124/><E124/><RYUUKYOKU ba="0,1" sc="240,30,250,-10,250,-10,250,-10" hai0="9,13,24,26,57,60,65,72,78,81,87,88,95" /><INIT seed="0,1,1,1,4,121" ten="270,240,240,240" oya="0" hai0="126,93,9,58,61,74,122,21,51,1,28,65,116" hai1="30,12,69,130,15,47,132,78,17,68,7,134,22" hai2="40,35,24,59,81,18,109,89,42,96,90,117,123" hai3="11,94,14,16,66,33,31,38,80,53,70,91,25"/><T102/><D116/><U50/><E78/><V49/><F123/><W104/><G38/><T29/><D122/><U95/><E130/><V8/><F117/><W75/><G104/><T97/><D74/><U77/><E30/><V20/><F35/><W73/><G80/><T83/><D126/><U85/><E95/><N who="2" m="56431" /><F8/><W82/><G82/><T125/><D125/><U100/><E100/><V2/><F2/><W103/><G103/><T86/><D21/><U98/><E98/><V64/><F109/><W76/><G76/><T63/><D51/><U0/><E0/><V10/><F10/><W92/><G92/><T131/><D131/><U115/><E115/><V6/><F6/><W101/><G101/><T79/><REACH who="0" step="1"/><D63/><REACH who="0" ten="260,240,240,240" step="2"/><U27/><E22/><V133/><F20/><W45/><G73/><T41/><D41/><U105/><E50/><V124/><F49/><W56/><G75/><T13/><D13/><U54/><E12/><V3/><F42/><W48/><G45/><T88/><D88/><U108/><E15/><V4/><F90/><W57/><G91/><T46/><D46/><U23/><E47/><V60/><F40/><W120/><G120/><T55/><D55/><U107/><E54/><V99/><F124/><W87/><G53/><T34/><D34/><U72/><E23/><V26/><F60/><N who="3" m="40263" /><G48/><T111/><D111/><U128/><E108/><V112/><F3/><W84/><G84/><T119/><D119/><U43/><E85/><V129/><F129/><W44/><G44/><T5/><AGARI ba="1,2" hai="1,5,9,28,29,58,61,65,79,83,86,93,97,102" machi="5" ten="30,6000,0" yaku="1,1,0,1,53,1" doraHai="121" doraHaiUra="62" who="0" fromWho="0" sc="260,83,240,-21,240,-21,240,-21" /><INIT seed="0,2,0,5,2,56" ten="343,219,219,219" oya="0" hai0="13,39,98,78,33,36,129,1,99,133,72,44,73" hai1="80,115,74,126,4,110,79,131,18,55,62,0,29" hai2="16,113,49,60,134,84,12,125,95,90,17,37,24" hai3="106,46,120,87,52,20,9,57,101,86,22,121,85"/><T66/><D1/><U89/><E115/><V34/><F113/><W135/><G135/><T10/><D133/><U104/><E104/><V81/><F134/><W116/><G116/><T69/><D129/><U65/><E131/><V127/><F37/><W114/><G114/><T123/><D123/><N who="3" m="47177" /><G46/><T112/><D112/><U77/><E126/><N who="2" m="48139" /><F49/><N who="3" m="30863" /><G9/><T108/><D44/><U67/><E29/><N who="2" m="19751" /><F12/><W48/><G48/><T119/><D13/><U26/><E79/><V35/><F35/><W107/><G101/><T53/><D10/><U14/><E110/><V118/><F118/><W130/><G130/><T43/><D108/><U97/><E0/><V70/><F81/><W50/><G50/><T68/><D39/><U21/><E4/><V23/><F23/><AGARI ba="2,0" hai="20,22,23,85,86,87,106,107" m="30863,47177" machi="23" ten="30,2000,0" yaku="13,1,54,1" doraHai="56" who="3" fromWho="2" sc="343,0,219,0,219,-26,219,26" /><INIT seed="1,0,0,5,2,85" ten="343,219,193,245" oya="1" hai0="18,126,75,54,7,71,120,58,86,37,33,51,103" hai1="11,16,67,57,106,4,88,49,32,22,104,28,62" hai2="79,31,68,77,61,97,109,119,9,115,89,87,1" hai3="44,82,129,81,99,80,105,6,132,60,48,70,10"/><U50/><E28/><V134/><F119/><W74/><G74/><T124/><D75/><U27/><E32/><V111/><F31/><W72/><G72/><T19/><D120/><U101/><E106/><V100/><F68/><W20/><G132/><T38/><D71/><U52/><E67/><V0/><F61/><W121/><G121/><T102/><D33/><U47/><E47/><V3/><F9/><W65/><G129/><T29/><D29/><U94/><E101/><V91/><F134/><W43/><G20/><T112/><D112/><U135/><E104/><N who="2" m="63503" /><F115/><W127/><G127/><N who="0" m="48683" /><D7/><U78/><E78/><N who="2" m="29707" /><F87/><W131/><G131/><T45/><D86/><N who="1" m="52503" /><E135/><V118/><F118/><W122/><G122/><T2/><D2/><U95/><E95/><V5/><F5/><W13/><G105/><T108/><D38/><U30/><E4/><V84/><F84/><W55/><G99/><T8/><D102/><U42/><E42/><V107/><F107/><W64/><G70/><T98/><D103/><U23/><E11/><V110/><AGARI ba="0,0" hai="0,1,3,89,91,109,110,111" m="29707,63503" machi="110" ten="40,5200,0" yaku="14,1,52,2" doraHai="85" who="2" fromWho="2" sc="343,-13,219,-26,193,52,245,-13" /><INIT seed="2,0,0,0,5,28" ten="330,193,245,232" oya="2" hai0="96,45,90,60,33,70,8,128,78,39,135,120,54" hai1="79,69,29,62,102,26,12,61,59,97,74,15,105" hai2="35,126,124,6,103,9,114,56,10,89,86,119,127" hai3="34,118,92,125,49,98,7,30,47,64,58,110,18"/><V67/><F119/><W36/><G118/><T104/><D120/><U0/><E0/><V66/><F114/><W93/><G125/><T108/><D108/><U42/><E42/><V134/><F103/><W46/><G110/><T95/><D33/><U73/><E79/><V100/><F100/><W20/><G36/><T68/><D104/><U84/><E84/><V14/><F134/><W87/><G7/><T130/><D135/><U37/><E37/><V72/><F72/><W52/><G34/><T40/><D78/><U53/><E74/><V71/><F71/><W50/><G30/><T94/><D8/><U23/><E73/><V24/><F56/><W21/><G87/><T85/><D54/><U75/><E75/><V117/><F10/><W25/><G21/><T19/><D19/><U63/><REACH who="1" step="1"/><E69/><REACH who="1" ten="330,183,245,232" step="2"/><V131/><F117/><W112/><G112/><T51/><D39/><U132/><E132/><V88/><F131/><W17/><G98/><T4/><D130/><U101/><E101/><V123/><F123/><W44/><G93/><T32/><D128/><U38/><E38/><V115/><F115/><W83/><G92/><T3/><D3/><U111/><E111/><V27/><F86/><W11/><G83/><T133/><D94/><U107/><E107/><V13/><F126/><W91/><G91/><T121/><D90/><U82/><E82/><V16/><F124/><W106/><G106/><T65/><D95/><U48/><AGARI ba="0,1" hai="12,15,23,26,29,48,53,59,61,62,63,97,102,105" machi="48" ten="30,2000,0" yaku="1,1,0,1,53,0" doraHai="28" doraHaiUra="31" who="1" fromWho="1" sc="330,-5,183,30,245,-10,232,-5" /><INIT seed="3,0,0,0,4,117" ten="325,213,235,227" oya="3" hai0="37,91,113,94,84,68,128,23,90,38,99,112,98" hai1="86,130,104,134,116,97,5,73,108,103,61,53,4" hai2="115,83,88,55,46,105,81,35,107,85,122,11,135" hai3="78,111,29,131,114,6,121,9,79,27,72,18,110"/><W100/><G114/><N who="0" m="44139" /><D68/><U92/><E108/><N who="3" m="41514" /><G131/><T44/><D128/><U52/><E130/><V69/><F115/><W64/><G64/><T17/><D44/><U12/><E134/><V28/><F69/><W25/><G100/><T109/><D109/><U57/><E73/><V87/><F135/><W120/><G18/><T70/><D70/><U48/><E116/><V127/><F28/><W65/><G65/><T2/><D2/><U19/><E86/><V42/><F35/><N who="3" m="20911" /><G27/><N who="0" m="14831" /><D99/><U22/><REACH who="1" step="1"/><E104/><REACH who="1" ten="325,203,235,227" step="2"/><V123/><F107/><W36/><G36/><T40/><D40/><U71/><E71/><V49/><F105/><W67/><G67/><T133/><D133/><U13/><E13/><V20/><F42/><W26/><G26/><T119/><D119/><U59/><AGARI ba="0,1" hai="4,5,12,19,22,48,52,53,57,59,61,92,97,103" machi="59" ten="20,12000,2" yaku="1,1,0,1,7,1,8,1,54,1,53,2" doraHai="117" doraHaiUra="51" who="1" fromWho="1" sc="325,-30,203,130,235,-30,227,-60" /><INIT seed="4,0,0,1,2,131" ten="295,333,205,167" oya="0" hai0="94,119,125,110,27,107,106,45,81,36,54,84,42" hai1="35,118,11,80,76,126,2,19,15,44,52,113,20" hai2="102,71,87,86,78,95,10,67,130,115,101,104,82" hai3="50,129,121,64,62,92,120,30,116,85,90,109,39"/><T37/><D119/><U49/><E118/><V9/><F67/><W83/><G116/><T105/><D125/><U98/><E126/><V53/><F71/><W41/><G39/><T132/><D110/><U97/><E35/><V46/><F130/><W74/><G129/><T48/><D94/><U100/><E113/><V75/><F115/><W38/><G38/><T66/><D66/><U63/><E63/><V23/><F104/><W22/><G109/><T61/><D61/><U1/><E20/><V56/><F46/><W111/><G111/><T24/><D37/><U16/><E19/><V65/><F65/><W7/><G7/><T3/><D3/><U14/><E15/><V5/><F75/><W128/><G128/><T96/><D96/><U34/><E34/><V59/><F23/><W8/><G8/><N who="2" m="3177" /><F5/><W89/><G22/><T21/><D21/><U60/><E60/><N who="2" m="35855" /><F59/><W103/><G64/><T108/><D108/><U123/><E123/><V29/><F29/><W112/><G121/><T26/><D42/><U13/><E13/><V43/><F43/><W134/><G41/><T31/><D36/><U77/><E77/><V33/><F33/><W4/><G120/><T124/><D124/><U18/><E18/><V135/><F135/><W32/><G134/><T58/><D31/><U114/><E114/><V93/><F93/><W40/><G92/><T69/><D69/><U73/><REACH who="1" step="1"/><E100/><REACH who="1" ten="295,323,205,167" step="2"/><V127/><F127/><W99/><G112/><T0/><D0/><AGARI ba="0,1" hai="0,1,2,11,14,16,44,49,52,73,76,80,97,98" machi="0" ten="40,8000,1" yaku="1,1,2,1,54,2,53,0" doraHai="131" doraHaiUra="70" who="1" fromWho="0" sc="295,-80,323,90,205,0,167,0" /><INIT seed="5,0,0,4,0,19" ten="215,413,205,167" oya="1" hai0="85,39,32,83,8,93,56,41,35,120,105,79,64" hai1="118,71,30,102,99,25,125,5,131,61,126,116,65" hai2="22,133,77,17,55,76,66,4,100,23,128,98,60" hai3="7,115,9,40,123,20,134,63,18,80,69,42,101"/><U114/><E5/><V16/><F4/><W44/><G123/><T110/><D105/><N who="1" m="63711" /><E114/><V124/><F128/><W103/><G115/><T31/><D120/><U104/><E104/><V119/><F119/><W43/><G134/><T92/><D39/><U87/><E87/><V38/><F38/><W74/><G44/><T94/><D41/><U26/><E26/><N who="2" m="14663" /><F133/><W127/><G127/><N who="1" m="48650" /><E131/><V10/><F124/><W82/><G74/><T75/><D75/><U106/><E106/><V12/><F66/><W107/><G107/><T59/><D31/><U97/><E97/><V2/><F2/><W49/><G7/><T70/><D70/><U129/><E129/><V88/><F100/><W135/><G101/><T67/><D85/><U45/><E45/><V21/><F60/><W62/><G63/><T130/><D130/><U57/><E57/><V46/><F46/><N who="3" m="25799" /><G62/><T54/><D59/><U3/><E3/><V96/><F55/><W48/><G69/><T0/><D56/><U1/><E1/><V89/><F98/><W73/><G73/><T47/><D0/><U6/><E6/><V132/><F132/><W109/><G135/><T122/><D67/><U84/><E84/><V91/><F96/><W72/><G72/><T78/><D64/><U112/><E112/><V95/><F95/><W52/><G103/><T13/><D93/><U53/><E53/><V14/><F14/><W37/><G37/><T29/><D94/><U111/><E111/><V11/><F11/><W108/><G9/><T58/><D8/><U51/><E51/><V28/><F10/><W34/><G109/><RYUUKYOKU ba="0,0" sc="215,-15,413,15,205,15,167,-15" hai1="25,30,61,65,71,116,118" hai2="12,17,21,23,28,76,77,88,89,91" /><INIT seed="5,1,0,0,5,126" ten="200,428,220,152" oya="1" hai0="120,11,101,127,116,106,66,33,34,48,39,94,128" hai1="23,76,41,17,56,129,71,79,80,124,4,104,1" hai2="12,105,113,19,96,6,0,44,81,95,78,8,65" hai3="83,107,32,130,59,14,31,35,72,40,25,29,92"/><U119/><E104/><V61/><F105/><W5/><G107/><T114/><D39/><U102/><E102/><V112/><F44/><W62/><G40/><T135/><D120/><U57/><E71/><V16/><F95/><W122/><G122/><T111/><D94/><U68/><E68/><V99/><F96/><W73/><G92/><T118/><D48/><U103/><E103/><V52/><F99/><W24/><G83/><T132/><D114/><N who="2" m="44138" /><F0/><W43/><G43/><T117/><D111/><U133/><E1/><V97/><F97/><W100/><G100/><T87/><D87/><U63/><E80/><V37/><F37/><W45/><G45/><T110/><D110/><U115/><E41/><V134/><F134/><N who="0" m="51242" /><D66/><U51/><E133/><V67/><F67/><W86/><G86/><T125/><D106/><U64/><E115/><V30/><F30/><W82/><G82/><T2/><D101/><U131/><E119/><V108/><F65/><W84/><G84/><T22/><D22/><U9/><E124/><N who="0" m="47689" /><D128/><N who="1" m="49227" /><E51/><V38/><F38/><W123/><G130/><T91/><D91/><U21/><E21/><V77/><F108/><W18/><G123/><T75/><D75/><U88/><E88/><V46/><F78/><N who="1" m="29737" /><E63/><V13/><F77/><W98/><G73/><T26/><D26/><N who="1" m="14703" /><E64/><V47/><F81/><W7/><G72/><T89/><D89/><U3/><AGARI ba="1,0" hai="3,4,9,56,57" m="14703,29737,49227" machi="3" ten="30,11700,0" yaku="19,1,52,3" doraHai="126" who="1" fromWho="1" sc="200,-40,428,120,220,-40,152,-40" /><INIT seed="5,2,0,1,0,26" ten="160,548,180,112" oya="1" hai0="126,113,14,61,2,116,71,22,16,42,6,87,90" hai1="57,45,75,83,40,84,133,1,73,94,49,114,98" hai2="3,67,72,15,62,58,46,128,106,10,27,119,4" hai3="104,43,54,51,17,56,41,105,130,48,13,19,86"/><U93/><E133/><V47/><F119/><W111/><G130/><T129/><D116/><U76/><E1/><V132/><F106/><W44/><G111/><T118/><D118/><U101/><E114/><V28/><F72/><W125/><G125/><T39/><D126/><U35/><E35/><V85/><F128/><W107/><G86/><T123/><D123/><U124/><E124/><V97/><F132/><W23/><REACH who="3" step="1"/><G19/><REACH who="3" ten="160,548,180,102" step="2"/><T68/><D129/><U24/><E75/><V12/><F85/><W60/><G60/><T82/><D87/><U34/><E73/><V53/><F97/><W91/><G91/><T52/><D61/><U96/><E96/><V31/><F3/><W108/><G108/><T99/><D90/><U109/><E98/><V79/><F79/><W110/><G110/><T95/><D2/><U81/><E84/><V38/><F27/><W63/><G63/><T127/><D16/><U55/><E24/><V8/><F38/><W100/><G100/><T103/><D39/><U112/><E76/><V36/><F36/><W29/><G29/><N who="2" m="11337" /><F67/><W64/><G64/><T115/><D99/><U102/><E109/><V33/><F33/><W65/><G65/><T78/><D78/><U0/><E34/><V131/><F131/><W59/><G59/><T20/><D127/><U30/><E0/><V11/><F4/><W5/><G5/><T66/><D66/><U21/><E57/><V88/><F88/><W121/><G121/><T77/><D6/><U69/><E102/><V122/><F122/><W37/><G37/><T134/><D77/><U32/><E101/><RYUUKYOKU ba="2,1" sc="160,-15,548,-15,180,15,102,15" hai2="8,10,11,12,15,46,47,53,58,62" hai3="13,17,23,41,43,44,48,51,54,56,104,105,107" /><INIT seed="6,3,1,3,0,114" ten="145,533,195,117" oya="2" hai0="46,84,61,21,31,95,62,47,30,75,122,20,72" hai1="29,53,24,3,86,101,76,73,125,60,39,79,83" hai2="36,109,9,52,65,88,27,120,67,17,97,37,92" hai3="106,131,51,8,123,11,85,121,129,19,10,80,78"/><V111/><F120/><W1/><G106/><T89/><D122/><U44/><E3/><V64/><F9/><W66/><G1/><T112/><D89/><U43/><E125/><V132/><F132/><W135/><G135/><T134/><D134/><U81/><E101/><V26/><F17/><W6/><G6/><T102/><D95/><U54/><E60/><V13/><F13/><W2/><G2/><T104/><D84/><U94/><E94/><V33/><F33/><AGARI ba="3,1" hai="24,29,33,39,43,44,53,54,73,76,79,81,83,86" machi="33" ten="30,1000,0" yaku="7,1" doraHai="114" who="1" fromWho="2" sc="145,0,533,29,195,-19,117,0" /><INIT seed="7,0,0,0,0,25" ten="145,562,176,117" oya="3" hai0="59,49,110,21,16,18,14,10,11,121,96,117,82" hai1="101,118,126,63,40,0,58,127,130,125,44,8,64" hai2="47,1,72,78,62,112,43,124,77,29,76,123,129" hai3="99,113,48,39,30,97,102,19,61,116,122,45,90"/><W15/><G122/><T68/><D68/><U32/><E32/><V6/><F123/><W104/><G116/><T92/><D110/><U88/><E88/><V73/><F1/><W34/><G113/><T89/><D121/><U100/><E118/><V42/><F6/><W9/><G39/><T33/><D33/><U109/><E130/><V38/><F112/><W7/><G61/><T17/><D117/><U131/><E109/><V31/><F129/><W119/><G119/><T50/><D10/><U56/><E56/><V94/><F124/><W134/><G134/><T26/><D50/><N who="1" m="26887" /><E131/><V2/><F2/><W54/><G7/><AGARI ba="0,0" hai="0,7,8,58,63,64,100,101,125,126,127" m="26887" machi="7" ten="30,1000,0" yaku="18,1" doraHai="25" who="1" fromWho="3" sc="145,0,562,10,176,0,117,-10" owari="145,-25.0,572,66.0,176,-2.0,107,-39.0" /></mjloggm>