<mjloggm ver="2.3"><GO type="41"/><UN n0="%E3%81%95%E3%81%95%E3%82%8A%E3%81%BE%E3%81%99" n1="%EF%BC%88%E2%89%A7%E2%96%BD%E2%89%A6%EF%BC%89" n2="%44%69%72%74%79%41%54%4D" n3="%59%55%54%41" dan="14,15,13,15" rate="1907,2011,1867,2011" sx="M,M,M,M"/><TAIKYOKU oya="0"/><INIT seed="0,0,0,1,5,69" ten="250,250,250,250" oya="0" hai0="66,60,108,41,1,110,40,90,92,100,116,65,52" hai1="101,89,57,97,30,83,67,113,124,123,38,43,39" hai2="36,80,25,20,75,10,129,84,16,120,2,105,107" hai3="126,96,28,88,78,34,15,47,32,81,48,72,77"/><T111/><D116/><U98/><E123/><V119/><F120/><W21/><G126/><T128/><D1/><U61/><E113/><V115/><F115/><W73/><G73/><T33/><D33/><U95/><E124/><V0/><F75/><W54/><G78/><T24/><D128/><U86/><E43/><V125/><F125/><W106/><G106/><T5/><D5/><U17/><E30/><V104/><F36/><W23/><G23/><T13/><D100/><U118/><E118/><V63/><F119/><W94/><REACH who="3" step="1"/><G15/><REACH who="3" ten="250,250,250,240" step="2"/><T22/><D13/><U132/><E132/><V59/><F129/><W3/><G3/><T19/><D41/><U79/><REACH who="1" step="1"/><E17/><REACH who="1" ten="250,240,250,240" step="2"/><V27/><F16/><W49/><G49/><T76/><D40/><U87/><E87/><V6/><F84/><W99/><G99/><N who="0" m="57751" /><D76/><U103/><E103/><V50/><F6/><W45/><G45/><T8/><D8/><U26/><E26/><AGARI ba="0,2" hai="21,26,28,32,34,47,48,54,72,77,81,88,94,96" machi="26" ten="40,2600,0" yaku="1,1,54,1,53,0" doraHai="69" doraHaiUra="71" who="3" fromWho="1" sc="250,0,240,-26,250,0,240,46" /><INIT seed="1,0,0,5,3,18" ten="250,214,250,286" oya="1" hai0="73,58,69,8,22,133,113,45,114,63,103,62,37" hai1="96,10,3,50,15,2,93,19,116,101,81,25,126" hai2="78,110,132,89,61,65,84,7,9,105,129,135,33" hai3="43,27,86,34,57,117,125,35,60,21,47,102,16"/><U0/><E116/><V29/><F105/><W88/><G125/><T26/><D73/><U122/><E126/><V131/><F110/><W13/><G102/><T56/><D103/><U14/><E122/><V127/><F78/><W94/><G27/><T39/><D8/><U68/><E68/><V41/><F41/><W100/><G100/><T44/><D26/><U106/><E25/><V67/><F127/><W38/><G117/><T123/><D123/><U120/><E120/><V130/><F29/><W108/><G108/><T20/><D133/><N who="2" m="51274" /><F33/><W79/><G79/><T12/><D12/><U70/><E70/><AGARI ba="0,0" hai="20,22,37,39,44,45,56,58,62,63,69,70,113,114" machi="70" ten="25,6400,0" yaku="22,2,52,2" doraHai="18" who="0" fromWho="1" sc="250,64,214,-64,250,0,286,0" /><INIT seed="2,0,0,3,2,20" ten="314,150,250,286" oya="2" hai0="74,120,103,98,11,66,17,23,10,72,39,40,123" hai1="127,131,12,4,50,33,47,87,6,44,67,108,122" hai2="54,46,92,7,128,32,48,113,13,126,2,16,130" hai3="49,83,64,111,82,35,94,51,73,19,38,116,107"/><V121/><F121/><W55/><G38/><T24/><D66/><U75/><E75/><V106/><F106/><W78/><G107/><T85/><D123/><U43/><E127/><V41/><F32/><W26/><G51/><T36/><D120/><U61/><E122/><V1/><F113/><W70/><G116/><T89/><D39/><U77/><E108/><V86/><F126/><W79/><G111/><T102/><D102/><U124/><E124/><V112/><F112/><W95/><G64/><T133/><D133/><U5/><E131/><N who="2" m="50219" /><F7/><W58/><G70/><T45/><D74/><U14/><E33/><V28/><F28/><W117/><G117/><T80/><REACH who="0" step="1"/><D72/><REACH who="0" ten="304,150,250,286" step="2"/><U91/><E77/><V59/><F86/><W110/><G73/><T62/><D62/><U96/><E44/><V135/><F135/><W34/><G110/><T134/><D134/><U90/><E96/><V21/><F92/><AGARI ba="0,1" hai="10,11,17,23,24,36,40,45,80,85,89,92,98,103" machi="92" ten="30,3900,0" yaku="1,1,7,1,52,1,53,0" doraHai="20" doraHaiUra="115" who="0" fromWho="2" sc="304,49,150,0,250,-39,286,0" /><INIT seed="3,0,0,5,5,66" ten="353,150,211,286" oya="3" hai0="21,126,51,45,39,83,9,107,75,91,63,62,82" hai1="74,2,70,89,123,60,47,104,130,33,134,68,102" hai2="56,119,121,42,92,32,35,20,80,127,48,108,41" hai3="78,103,18,115,10,8,40,114,61,49,22,24,31"/><W129/><G78/><T109/><D109/><U11/><E89/><V120/><F119/><W26/><G103/><T17/><D126/><U28/><E123/><N who="2" m="47179" /><F127/><W44/><G129/><T57/><D107/><U76/><E130/><V81/><F108/><W128/><G128/><T88/><D9/><U50/><E134/><V84/><F92/><W5/><G10/><T133/><D133/><U64/><E50/><V4/><F4/><W93/><G93/><T34/><D34/><N who="2" m="12842" /><F20/><W71/><G115/><T131/><D131/><U55/><E55/><N who="2" m="31847" /><F80/><W87/><G114/><T122/><D122/><U13/><E47/><V6/><F6/><W117/><G117/><T96/><D39/><U7/><E13/><V1/><F1/><W125/><G125/><T113/><D113/><U105/><E102/><V124/><F124/><W65/><G31/><T77/><D82/><N who="1" m="45335" /><E70/><V100/><F100/><W110/><G26/><AGARI ba="0,0" hai="2,7,11,26,28,33,60,64,68,104,105" m="45335" machi="26" ten="30,3900,0" yaku="33,2,52,1" doraHai="66" who="1" fromWho="3" sc="353,0,150,39,211,0,286,-39" /><INIT seed="4,0,0,1,3,61" ten="353,189,211,247" oya="0" hai0="62,6,126,55,24,7,14,65,109,105,115,0,72" hai1="18,124,97,120,100,130,99,103,37,63,133,51,60" hai2="50,22,28,129,46,1,112,106,128,113,36,13,34" hai3="32,75,5,45,84,119,40,71,67,9,85,49,48"/><T83/><D105/><U35/><E35/><V70/><F106/><W47/><G75/><T101/><D101/><U123/><E37/><V77/><F77/><W12/><G32/><T27/><D109/><U41/><E133/><V89/><F36/><W102/><G102/><T53/><D126/><U80/><E124/><V29/><F1/><W78/><G119/><T38/><D38/><U56/><E130/><N who="2" m="50283" /><F70/><W95/><G95/><T94/><D115/><N who="2" m="44106" /><F89/><W52/><REACH who="3" step="1"/><G78/><REACH who="3" ten="353,189,211,237" step="2"/><T107/><D94/><U26/><E103/><V90/><F34/><W104/><G104/><T59/><D107/><U135/><E100/><V81/><F81/><W25/><G25/><T79/><D27/><U74/><E80/><V93/><F93/><W64/><G64/><T121/><D24/><U68/><E26/><V39/><F90/><W16/><G16/><T86/><D72/><U3/><E74/><V58/><F39/><W57/><G57/><T98/><D98/><U118/><E99/><V131/><F58/><W116/><G116/><T88/><D79/><U108/><E118/><V122/><F131/><W76/><G76/><T127/><D127/><U69/><E69/><V43/><F122/><W21/><G21/><T2/><D121/><U73/><E123/><V96/><F96/><W19/><G19/><AGARI ba="0,1" hai="13,19,22,28,29,43,46,50" m="44106,50283" machi="19" ten="30,2000,0" yaku="19,1,15,1" doraHai="61" who="2" fromWho="3" sc="353,0,189,0,211,30,237,-20" /><INIT seed="5,0,0,5,5,49" ten="353,189,241,217" oya="1" hai0="0,15,44,28,20,130,125,111,67,14,107,87,88" hai1="25,45,39,97,22,13,102,9,115,26,122,120,58" hai2="79,24,90,91,35,84,3,63,62,82,77,36,72" hai3="103,31,33,135,114,64,92,21,68,124,80,18,46"/><U86/><E115/><V16/><F3/><W83/><G124/><T2/><D125/><U43/><E86/><V38/><F36/><W105/><G114/><T47/><D107/><U133/><E133/><V10/><F38/><W94/><G135/><T132/><D132/><U4/><E58/><V54/><F63/><W12/><G33/><T66/><D111/><U70/><E70/><V40/><F40/><W27/><G31/><T134/><D134/><U76/><E76/><V104/><F104/><W52/><G27/><T6/><D130/><U41/><E41/><V74/><F35/><W17/><G68/><T100/><D100/><U32/><E32/><V108/><F108/><W93/><G64/><T29/><D87/><U112/><E112/><V81/><F84/><W129/><G18/><T57/><D57/><U127/><E127/><V51/><F62/><W109/><G109/><T7/><D20/><U73/><E73/><V128/><F128/><W106/><G129/><T23/><D23/><U71/><E71/><V123/><F123/><W61/><G106/><T55/><D88/><U42/><E42/><V30/><F30/><W59/><REACH who="3" step="1"/><G46/><REACH who="3" ten="353,189,241,207" step="2"/><T113/><D113/><U96/><E26/><V34/><F34/><W78/><G78/><T85/><D67/><U101/><E122/><V48/><F24/><W11/><G11/><T60/><D66/><U110/><E120/><V131/><F131/><W89/><G89/><T99/><D47/><U116/><E110/><V65/><F65/><W117/><G117/><T118/><D118/><U1/><E116/><V56/><F91/><RYUUKYOKU ba="0,1" sc="353,-10,189,-10,241,-10,207,30" hai3="12,17,21,52,59,61,80,83,92,93,94,103,105" /><INIT seed="6,1,1,2,4,16" ten="343,179,231,237" oya="2" hai0="102,71,128,117,23,135,115,30,7,100,69,124,92" hai1="34,24,40,127,49,60,1,43,29,67,31,0,37" hai2="98,9,42,28,122,10,83,125,76,66,109,64,45" hai3="97,25,62,33,91,105,82,6,104,80,55,79,51"/><V13/><F122/><W113/><G6/><T112/><D128/><U5/><E127/><V99/><F125/><W130/><G130/><T41/><D124/><U88/><E37/><V106/><F109/><W52/><G62/><T108/><D108/><U36/><E36/><V126/><F9/><W78/><G113/><T54/><D41/><U110/><E110/><V95/><F126/><W114/><G114/><T70/><D7/><U53/><E31/><V111/><F111/><W56/><G55/><T3/><D3/><U58/><E1/><V77/><F28/><W116/><G116/><T48/><D117/><U74/><E74/><V35/><F35/><W107/><G82/><T65/><D65/><U133/><E133/><V22/><F76/><W68/><G68/><T26/><D135/><U93/><E5/><N who="2" m="3279" /><F106/><W2/><G2/><T50/><D50/><U18/><E18/><V89/><F99/><W15/><G33/><T86/><D115/><U47/><REACH who="1" step="1"/><E0/><REACH who="1" ten="343,169,231,237" step="2"/><V103/><F42/><W75/><G75/><T72/><D72/><U81/><E81/><V4/><F83/><W134/><G80/><T11/><D112/><U14/><E14/><V129/><F4/><W84/><G15/><T17/><D30/><U85/><AGARI ba="1,2" hai="24,29,34,40,43,47,49,53,58,60,67,85,88,93" machi="85" ten="20,5200,0" yaku="1,1,0,1,7,1,54,1,53,0" doraHai="16" doraHaiUra="101" who="1" fromWho="1" sc="343,-14,169,75,231,-27,237,-14" /><INIT seed="7,0,0,1,2,13" ten="329,244,204,223" oya="3" hai0="99,87,109,100,126,76,94,55,93,89,111,72,134" hai1="106,114,132,59,51,11,49,135,78,80,108,30,117" hai2="122,101,127,36,24,0,64,17,48,97,19,56,8" hai3="53,83,23,15,92,63,75,103,6,98,74,50,28"/><W35/><G35/><T21/><D134/><N who="1" m="51243" /><E108/><N who="0" m="41545" /><D55/><U25/><E114/><V77/><F36/><W68/><G83/><N who="0" m="45447" /><D21/><N who="1" m="15663" /><E117/><V41/><F122/><W69/><G68/><T42/><D42/><U105/><E11/><V129/><F77/><W27/><G69/><T37/><D37/><U62/><E49/><V46/><F129/><W79/><G63/><T58/><D58/><U88/><E51/><V31/><F127/><AGARI ba="0,0" hai="87,89,93,94,99,100,126,127" m="45447,41545" machi="127" ten="30,2000,0" yaku="34,2" doraHai="13" who="0" fromWho="2" sc="329,20,244,0,204,-20,223,0" owari="349,46.0,244,4.0,184,-32.0,223,-18.0" /></mjloggm>