<mjloggm ver="2.3"><GO type="169" lobby="0"/><UN n0="%E9%8A%80%E9%81%8A%E7%A7%81%E4%BA%BA" n1="%E3%82%A2%E3%83%8B%E3%82%AA%E3%83%B3" n2="%74%6E%6B%73%68%74" n3="%EF%BC%88%E2%89%A7%E2%96%BD%E2%89%A6%EF%BC%89" dan="17,17,16,17" rate="2090,2131,2087,2116" sx="M,F,M,M"/><TAIKYOKU oya="0"/><INIT seed="0,0,0,1,3,74" ten="250,250,250,250" oya="0" hai0="116,125,10,49,7,0,3,108,47,95,99,13,56" hai1="100,103,96,9,130,64,68,50,16,38,81,57,30" hai2="87,126,17,135,65,12,105,75,134,45,94,129,114" hai3="84,42,91,48,122,62,51,118,70,35,102,79,107"/><T20/><D116/><U5/><E38/><V19/><F105/><W93/><G118/><T67/><D125/><U89/><E30/><V78/><F126/><W110/><G122/><T43/><D108/><U46/><E68/><V80/><F114/><W90/><G35/><T8/><D20/><U104/><E130/><V120/><F129/><W37/><G110/><T127/><D127/><U18/><E103/><V31/><F120/><W40/><G107/><T33/><D33/><U88/><E57/><V27/><F65/><W61/><G102/><T76/><D76/><U24/><E64/><V119/><F119/><W83/><G37/><T72/><D72/><U124/><E124/><V54/><F54/><W26/><G26/><T128/><D128/><U6/><E6/><V44/><F94/><W133/><G133/><N who="2" m="50697" /><F75/><W66/><G91/><T4/><D56/><U131/><E131/><V109/><F109/><W22/><G22/><T28/><D28/><U73/><E73/><V14/><F14/><W29/><G29/><T113/><D67/><U132/><E132/><V121/><F121/><W101/><G101/><T117/><D117/><U71/><E71/><V97/><F97/><W123/><G123/><T25/><D25/><U111/><E111/><V92/><F92/><W69/><G69/><T36/><D113/><U86/><E89/><V15/><F15/><W63/><G66/><T59/><D36/><U77/><E24/><V115/><F115/><W106/><G70/><T11/><D59/><U98/><E88/><V82/><F12/><W112/><G112/><T52/><D13/><RYUUKYOKU ba="0,0" sc="250,0,250,0,250,0,250,0" /><INIT seed="1,1,0,3,5,76" ten="250,250,250,250" oya="1" hai0="41,35,0,40,23,104,26,11,103,131,95,80,78" hai1="50,27,51,1,45,58,10,118,48,94,24,32,53" hai2="67,12,109,86,115,73,34,106,60,117,101,121,92" hai3="3,75,74,63,128,61,57,100,88,134,123,31,42"/><U89/><E118/><V126/><F12/><W135/><G3/><T87/><D35/><U127/><E127/><V2/><F86/><W55/><G123/><T30/><D104/><U49/><E32/><V77/><F77/><W102/><G128/><T90/><D103/><N who="3" m="39465" /><G42/><T33/><D33/><U64/><E10/><V83/><F101/><W16/><G31/><T82/><D131/><U14/><E1/><V47/><F92/><W113/><G113/><T69/><D69/><U97/><E14/><V114/><F114/><W15/><G61/><AGARI ba="1,0" hai="24,27,45,48,49,50,51,53,58,61,64,89,94,97" machi="61" ten="40,2000,0" yaku="8,1" doraHai="76" who="1" fromWho="3" sc="250,0,250,23,250,0,250,-23" /><INIT seed="1,2,0,4,4,112" ten="250,273,250,227" oya="1" hai0="90,119,64,56,13,23,26,15,107,84,106,28,8" hai1="93,45,85,88,17,12,38,74,47,134,2,39,103" hai2="11,76,65,16,72,33,55,61,0,5,24,43,58" hai3="1,75,89,70,115,30,99,127,109,118,49,94,34"/><U116/><E116/><V50/><F43/><W9/><G115/><T100/><D119/><U97/><E2/><V92/><F72/><W95/><G75/><T35/><D100/><U133/><E74/><V52/><F76/><W125/><G118/><T121/><D121/><U102/><E102/><V37/><F37/><W69/><G109/><T51/><D35/><U130/><E130/><V20/><F33/><W79/><G79/><T31/><D31/><U98/><E98/><V60/><F92/><W113/><G113/><T54/><D64/><U132/><E45/><V48/><REACH who="2" step="1"/><F65/><REACH who="2" ten="250,273,240,227" step="2"/><W7/><G95/><T3/><D107/><N who="1" m="63983" /><E47/><AGARI ba="2,1" hai="0,5,11,16,20,24,47,48,50,52,55,58,60,61" machi="47" ten="30,12000,2" yaku="1,1,7,1,54,2,53,2" doraHai="112" doraHaiUra="59" who="2" fromWho="1" sc="250,0,273,-126,240,136,227,0" /><INIT seed="2,0,0,5,5,22" ten="250,147,376,227" oya="2" hai0="79,68,98,76,129,56,106,24,21,58,132,126,101" hai1="96,52,59,108,39,13,105,82,119,125,44,135,46" hai2="41,48,14,34,110,62,63,90,111,73,18,53,118" hai3="38,1,99,84,120,122,93,54,91,47,7,27,115"/><V17/><F118/><W113/><G1/><T60/><D126/><U32/><E119/><V37/><F34/><W88/><G7/><T12/><D129/><U80/><E32/><V16/><F73/><W55/><G38/><T6/><D132/><U85/><E135/><V35/><F35/><W61/><G27/><T23/><D68/><U50/><E108/><N who="2" m="41515" /><F14/><W83/><G61/><N who="2" m="23049" /><F37/><W29/><G29/><T36/><D36/><U66/><E125/><V5/><F5/><W87/><G99/><T112/><D112/><N who="3" m="43081" /><G47/><T121/><D121/><AGARI ba="0,0" hai="54,55,83,84,87,88,91,93,120,121,122" m="43081" machi="121" ten="30,2000,0" yaku="11,1,54,1" doraHai="22" who="3" fromWho="0" sc="250,-20,147,0,376,0,227,20" /><INIT seed="3,0,0,3,4,43" ten="230,147,376,247" oya="3" hai0="29,22,13,82,126,134,0,17,63,75,54,55,36" hai1="14,105,118,77,124,65,39,113,106,49,57,23,80" hai2="112,24,92,85,122,96,31,72,47,133,12,4,110" hai3="99,59,1,7,103,34,51,104,70,120,8,102,58"/><W127/><G120/><T26/><D36/><U2/><E113/><V94/><F72/><W95/><G70/><T123/><D123/><U41/><E2/><V32/><F122/><W19/><G34/><T33/><D0/><U52/><E124/><V11/><F112/><W73/><G73/><T101/><D126/><U69/><E118/><V109/><F133/><W38/><G38/><T88/><D134/><U89/><E89/><V111/><F85/><W135/><G135/><T119/><D119/><U115/><E115/><V100/><REACH who="2" step="1"/><F47/><REACH who="2" ten="230,147,366,247" step="2"/><W21/><G127/><T74/><D74/><U56/><E56/><V48/><F48/><W97/><REACH who="3" step="1"/><G51/><REACH who="3" ten="230,147,366,237" step="2"/><T128/><D75/><U16/><E39/><V6/><F6/><W78/><G78/><T60/><D128/><U132/><E132/><V61/><F61/><W79/><G79/><T130/><D60/><U81/><E77/><V18/><F18/><W40/><G40/><T83/><D63/><U30/><E41/><V98/><F98/><W25/><AGARI ba="0,2" hai="1,7,8,19,21,25,58,59,95,97,99,102,103,104" machi="25" ten="20,3900,0" yaku="1,1,0,1,7,1,53,0" doraHai="43" doraHaiUra="62" who="3" fromWho="3" sc="230,-13,147,-13,366,-13,237,59" /><INIT seed="3,1,0,0,3,133" ten="217,134,353,296" oya="3" hai0="58,29,5,83,21,34,14,8,126,20,30,48,59" hai1="132,89,66,107,18,0,37,10,42,31,112,129,87" hai2="19,114,124,26,9,64,128,100,56,23,102,44,134" hai3="36,17,27,50,97,78,99,47,104,117,79,88,93"/><W127/><G117/><T98/><D34/><U123/><E112/><V35/><F114/><W111/><G36/><T118/><D118/><U105/><E123/><V110/><F134/><W32/><G111/><T69/><D69/><U76/><E76/><V6/><F110/><W96/><G127/><T39/><D39/><U13/><E132/><V24/><F128/><W67/><G67/><T46/><D126/><U106/><E129/><V116/><F116/><W28/><G17/><T38/><D38/><U11/><E66/><V49/><F124/><W33/><G33/><T72/><D98/><U16/><E31/><N who="0" m="11785" /><D72/><U80/><E42/><V63/><F26/><W103/><REACH who="3" step="1"/><G97/><REACH who="3" ten="217,134,353,286" step="2"/><T95/><D83/><U71/><E37/><V7/><F35/><W61/><G61/><T25/><D95/><U74/><E80/><V92/><F92/><W125/><G125/><T15/><D25/><U73/><E105/><V121/><F121/><W81/><G81/><T120/><D120/><U77/><E106/><V113/><F113/><W3/><G3/><T91/><D15/><U115/><E0/><V130/><F130/><W119/><G119/><T1/><D1/><U57/><E115/><V41/><F6/><W12/><G12/><AGARI ba="1,1" hai="7,9,12,19,23,24,41,44,49,56,63,64,100,102" machi="12" ten="30,2000,0" yaku="7,1,8,1" doraHai="133" who="2" fromWho="3" sc="217,0,134,0,353,33,286,-23" /><INIT seed="4,0,0,1,2,119" ten="217,134,386,263" oya="0" hai0="61,41,40,39,30,44,27,42,120,135,117,56,54" hai1="67,111,6,82,18,107,33,101,62,130,12,60,91" hai2="133,90,38,8,55,99,94,121,4,122,95,25,128" hai3="115,15,134,131,103,106,72,22,127,74,17,13,47"/><T14/><D117/><U48/><E111/><V57/><F38/><W102/><G115/><T96/><D135/><U97/><E33/><V29/><F133/><W21/><G134/><T2/><D2/><U116/><E116/><V24/><F128/><W43/><G131/><T79/><D79/><U1/><E130/><V75/><F75/><W59/><G127/><T3/><D3/><U108/><E108/><V129/><F129/><W92/><G106/><T88/><D120/><U28/><E28/><V31/><F95/><W118/><G118/><T10/><D96/><U68/><E48/><V9/><F31/><W58/><G92/><T85/><D27/><U51/><E51/><V105/><F105/><W78/><G78/><T98/><D98/><U71/><E6/><V66/><F66/><W84/><G84/><T110/><D30/><U69/><E1/><V7/><F24/><W65/><G65/><T16/><REACH who="0" step="1"/><D110/><REACH who="0" ten="207,134,386,263" step="2"/><U63/><E97/><V113/><F25/><W104/><G104/><T132/><D132/><U81/><E107/><V5/><F29/><W93/><G13/><T125/><D125/><U36/><E12/><V89/><F113/><W50/><G15/><T123/><D123/><U64/><E69/><V73/><F122/><W77/><G77/><T0/><D0/><U86/><E68/><V19/><F121/><W126/><G126/><T45/><D45/><U49/><E71/><V83/><F99/><W46/><G47/><T124/><D124/><U100/><E100/><V112/><F112/><W20/><G46/><T53/><D53/><U26/><E101/><RYUUKYOKU ba="0,1" sc="207,30,134,-10,386,-10,263,-10" hai0="10,14,16,39,40,41,42,44,54,56,61,85,88" /><INIT seed="4,1,1,2,5,80" ten="237,124,376,253" oya="0" hai0="59,18,104,121,55,5,114,11,3,24,38,130,89" hai1="63,110,88,105,22,29,53,2,92,37,52,83,124" hai2="42,133,78,36,76,19,109,90,98,61,28,40,122" hai3="96,34,46,64,125,84,26,81,77,27,113,60,50"/><T49/><D114/><U30/><E37/><V10/><F109/><W4/><G125/><T107/><D121/><U79/><E124/><V134/><F122/><W45/><G113/><T93/><D38/><U57/><E2/><V128/><F28/><W101/><G4/><T91/><D130/><U31/><E105/><V43/><F36/><W7/><G7/><T23/><REACH who="0" step="1"/><D91/><REACH who="0" ten="227,124,376,253" step="2"/><U102/><E110/><V39/><F128/><W1/><G34/><T17/><D17/><U111/><E111/><V21/><F39/><W118/><G118/><T100/><D100/><U116/><E102/><V85/><F90/><W41/><G1/><T106/><D106/><U127/><E127/><V86/><F19/><W108/><G108/><T73/><D73/><U54/><E116/><V58/><F134/><W67/><G101/><T129/><D129/><U6/><E6/><V95/><F133/><W82/><G77/><T97/><AGARI ba="1,2" hai="3,5,11,18,23,24,49,55,59,89,93,97,104,107" machi="97" ten="20,12000,1" yaku="1,1,0,1,7,1,53,2" doraHai="80" doraHaiUra="103" who="0" fromWho="0" sc="227,143,124,-41,376,-41,253,-41" /><INIT seed="4,2,0,1,2,48" ten="370,83,335,212" oya="0" hai0="86,51,53,106,133,32,131,18,34,17,121,58,79" hai1="70,36,124,35,24,62,91,128,115,110,47,41,83" hai2="30,92,80,67,103,77,31,81,119,55,68,8,127" hai3="94,54,3,117,95,134,130,132,23,64,39,101,16"/><T45/><D121/><U88/><E110/><V75/><F119/><W93/><G117/><T73/><D73/><U102/><E115/><V4/><F127/><W20/><G39/><T76/><D106/><U38/><E124/><V111/><F111/><W109/><G109/><T108/><D108/><U57/><E128/><V120/><F120/><W61/><G3/><T46/><D131/><U14/><E102/><V72/><F67/><W13/><G130/><T63/><D133/><N who="3" m="51305" /><G101/><T28/><D46/><U56/><E14/><V19/><F68/><N who="3" m="41999" /><G23/><T112/><D112/><U11/><E11/><V114/><F114/><W10/><G20/><T15/><D18/><U129/><E129/><V78/><F19/><W85/><G85/><T21/><D28/><U5/><E5/><V12/><REACH who="2" step="1"/><F55/><AGARI ba="2,0" hai="10,13,16,54,55,93,94,95" m="41999,51305" machi="55" ten="30,7700,0" yaku="20,1,52,2,54,1" doraHai="48" who="3" fromWho="2" sc="370,0,83,0,335,-83,212,83" /><INIT seed="5,0,0,2,5,70" ten="370,83,252,295" oya="1" hai0="18,7,12,72,53,94,80,85,131,115,122,106,91" hai1="111,130,134,55,38,81,57,9,127,47,42,76,29" hai2="104,100,41,33,11,32,102,90,0,118,87,56,108" hai3="101,58,132,89,69,26,105,22,27,6,99,64,59"/><U83/><E111/><V123/><F118/><W4/><G132/><T112/><D106/><U15/><E134/><V23/><F123/><W116/><G116/><T71/><D71/><U5/><E127/><V73/><F108/><W19/><G69/><T50/><D7/><U43/><E130/><V77/><F41/><W45/><G45/><T36/><D36/><U39/><E29/><V21/><F77/><W97/><G27/><T110/><D110/><U37/><E43/><V51/><F73/><W67/><G67/><T46/><D131/><U84/><E83/><V135/><F135/><W78/><G78/><T119/><D119/><U31/><E31/><V125/><F125/><W14/><G64/><T124/><D124/><U120/><E120/><V103/><F104/><W66/><G66/><T60/><D60/><AGARI ba="0,0" hai="5,9,15,37,38,39,42,47,55,57,60,76,81,84" machi="60" ten="30,11600,0" yaku="7,1,52,3" doraHai="70" who="1" fromWho="0" sc="370,-116,83,116,252,0,295,0" /><INIT seed="5,1,0,5,4,38" ten="254,199,252,295" oya="1" hai0="39,12,88,0,130,114,21,46,69,34,124,3,27" hai1="29,25,96,78,109,79,126,59,72,105,91,60,43" hai2="45,44,48,80,108,83,57,100,54,47,106,33,117" hai3="120,2,49,31,97,92,1,30,11,19,32,42,77"/><U127/><E109/><V62/><F108/><W56/><G120/><T14/><D69/><U26/><E72/><V87/><F117/><W41/><G32/><T84/><D34/><U70/><E43/><N who="3" m="16394" /><G2/><T133/><D46/><U4/><E4/><V15/><F33/><W89/><G1/><T53/><D53/><U23/><E70/><V116/><F116/><W35/><G35/><T5/><D39/><U61/><E26/><V95/><F106/><W128/><G77/><N who="1" m="29194" /><E59/><V63/><F15/><N who="3" m="7679" /><G128/><T58/><D130/><U107/><E91/><N who="2" m="53759" /><F100/><W6/><G6/><T132/><D88/><U20/><E20/><V104/><F104/><N who="1" m="40009" /><E96/><V82/><AGARI ba="1,0" hai="44,45,47,48,54,57,62,63,80,82,83" m="53759" machi="82" ten="30,1100,0" yaku="8,1" doraHai="38" who="2" fromWho="2" sc="254,-4,199,-6,252,14,295,-4" /><INIT seed="6,0,0,4,4,124" ten="250,193,266,291" oya="2" hai0="82,129,75,97,86,79,14,24,111,89,93,103,113" hai1="80,81,95,96,7,110,76,112,52,117,35,83,94" hai2="44,65,122,135,56,12,77,131,72,0,109,25,133" hai3="2,36,61,120,87,100,114,13,15,132,51,1,115"/><V34/><F0/><N who="3" m="107" /><G36/><T85/><D14/><U4/><E35/><V19/><F122/><W29/><G120/><T8/><D8/><U38/><E38/><V60/><F109/><W37/><G37/><T116/><D24/><U64/><E117/><V26/><F77/><W43/><G100/><T134/><D111/><U70/><E110/><V27/><F72/><W130/><G29/><T46/><D46/><U6/><E112/><N who="3" m="43050" /><G132/><N who="2" m="50761" /><F44/><N who="3" m="26015" /><G130/><T73/><D113/><U74/><E52/><N who="2" m="33799" /><F34/><W69/><G87/><T30/><D134/><U63/><REACH who="1" step="1"/><E95/><REACH who="1" ten="250,183,266,291" step="2"/><V40/><F40/><W20/><G20/><T50/><D93/><U32/><E32/><V41/><F41/><W17/><G17/><T102/><D116/><U119/><E119/><V18/><F65/><AGARI ba="0,1" hai="13,15,61,65,69" m="26015,43050,107" machi="65" ten="30,2000,0" yaku="15,1,11,1" doraHai="124" who="3" fromWho="2" sc="250,0,183,0,266,-20,291,30" /><INIT seed="7,0,0,2,1,116" ten="250,183,246,321" oya="3" hai0="12,13,26,1,59,58,55,134,90,108,83,128,101" hai1="98,30,103,17,14,71,56,120,48,129,34,111,5" hai2="102,104,23,85,20,74,51,32,3,11,63,84,76" hai3="41,6,121,124,61,113,43,19,33,27,4,72,123"/><W73/><G61/><T81/><D1/><U125/><E71/><V117/><F117/><W67/><G67/><T65/><D108/><U25/><E111/><V109/><F109/><W91/><G91/><T22/><D128/><U44/><E129/><V105/><F32/><W50/><G33/><T7/><D134/><U78/><E78/><V114/><F74/><W35/><G35/><T86/><D101/><U21/><E125/><V53/><F114/><W79/><G79/><T18/><D7/><U75/><E56/><V80/><F63/><W70/><G50/><N who="0" m="31095" /><D81/><U88/><E75/><V131/><F131/><W110/><G27/><T15/><D59/><U47/><E5/><V46/><F85/><W135/><G135/><T29/><D65/><U45/><E120/><V106/><REACH who="2" step="1"/><F102/><REACH who="2" ten="250,183,236,321" step="2"/><W60/><G60/><T130/><D130/><U24/><E24/><V8/><F8/><AGARI ba="0,1" hai="8,12,13,15,18,22,26,29,83,86,90" m="31095" machi="8" ten="30,1000,0" yaku="8,1" doraHai="116" who="0" fromWho="2" sc="250,20,183,0,236,-10,321,0" owari="270,7.0,183,-32.0,226,-17.0,321,42.0" /></mjloggm>