<mjloggm ver="2.3"><GO type="41"/><UN n0="%69%6E%69%65%73%74%CE%B1" n1="%E3%82%A6%E3%83%AB%E3%83%88%E3%83%A9%E7%AB%8B%E7%9B%B4" n2="%E7%84%A1%E8%92%99" n3="%4A%2E%E3%83%90%E3%82%A6%E3%82%A2%E3%83%BC" dan="13,15,13,14" rate="1898,1986,1882,1952" sx="M,M,M,M"/><TAIKYOKU oya="0"/><INIT seed="0,0,0,5,2,93" ten="250,250,250,250" oya="0" hai0="32,21,54,124,48,41,119,134,103,61,77,15,68" hai1="78,69,96,3,12,87,59,108,109,1,36,0,70" hai2="101,62,20,82,65,4,133,91,55,122,94,89,25" hai3="113,81,86,66,16,18,123,71,85,53,105,99,34"/><T106/><D119/><U19/><E36/><V11/><F122/><W116/><G116/><T28/><D32/><U114/><E114/><V40/><F133/><W131/><G113/><T118/><D118/><U125/><E59/><V79/><F40/><W7/><G123/><T39/><D77/><U111/><E125/><V115/><F101/><W98/><G34/><T35/><D35/><U24/><E24/><V130/><F115/><W72/><G131/><T95/><D106/><U47/><E47/><V51/><F130/><W88/><G7/><T31/><D39/><U10/><E87/><N who="2" m="48607" /><F4/><W2/><G2/><T92/><D41/><U84/><E84/><N who="2" m="52519" /><F11/><W50/><G66/><T127/><D92/><U121/><E78/><V44/><F91/><N who="3" m="51631" /><G72/><T104/><D104/><U117/><E117/><V57/><F25/><W58/><G71/><T17/><D68/><N who="1" m="26219" /><E121/><V6/><F6/><W45/><G105/><T26/><D61/><U120/><E120/><V76/><F76/><W63/><G63/><T29/><D26/><U60/><E60/><V37/><F37/><W30/><G30/><T23/><D23/><AGARI ba="0,0" hai="20,23,44,51,55,57,62,65" m="52519,48607" machi="23" ten="30,1000,0" yaku="8,1" doraHai="93" who="2" fromWho="0" sc="250,-10,250,0,250,10,250,0" /><INIT seed="1,0,0,1,4,101" ten="240,250,260,250" oya="1" hai0="80,112,99,118,59,16,7,92,35,66,94,44,53" hai1="104,111,95,107,39,120,89,29,84,24,65,109,43" hai2="13,102,20,6,57,40,54,62,67,130,110,96,78" hai3="32,27,63,69,103,56,79,123,26,31,125,12,105"/><U135/><E135/><V93/><F130/><W48/><G123/><T133/><D118/><U82/><E120/><V68/><F110/><N who="1" m="41993" /><E65/><V126/><F126/><W64/><G79/><T76/><D133/><U55/><E55/><V45/><F78/><W121/><G121/><T17/><D112/><U51/><E51/><V58/><F6/><W33/><G125/><T61/><D35/><N who="1" m="20903" /><E82/><V60/><F20/><W131/><G12/><T117/><D117/><U83/><E83/><V128/><F13/><W75/><G131/><T115/><D115/><U70/><E70/><V81/><F128/><W108/><G75/><T85/><D94/><U15/><E15/><V22/><F22/><W21/><G21/><T5/><D5/><U71/><E71/><V119/><F119/><W114/><G108/><T46/><D7/><U73/><E73/><V38/><F81/><W18/><G114/><T88/><REACH who="0" step="1"/><D46/><AGARI ba="0,0" hai="39,43,46,84,89,95,104,107" m="20903,41993" machi="46" ten="30,11600,0" yaku="14,1,10,1,52,2" doraHai="101" who="1" fromWho="0" sc="240,-116,250,116,260,0,250,0" /><INIT seed="1,1,0,4,3,123" ten="124,366,260,250" oya="1" hai0="94,111,65,108,57,48,46,15,77,125,60,114,37" hai1="119,122,89,103,99,66,134,63,41,24,47,124,106" hai2="9,45,52,105,107,97,20,32,40,33,4,61,131" hai3="59,27,50,91,49,26,6,78,8,43,104,31,67"/><U42/><E122/><V112/><F112/><W92/><G104/><T16/><D114/><U1/><E119/><V132/><F132/><W62/><G78/><T126/><D77/><U76/><E134/><V19/><F131/><W38/><G38/><T64/><D94/><U84/><E124/><N who="0" m="47721" /><D37/><U127/><E127/><V68/><F107/><W115/><G115/><T101/><D101/><U28/><E1/><V3/><F105/><W17/><G43/><N who="0" m="24671" /><D65/><U55/><E76/><V71/><F71/><W22/><G6/><T87/><D87/><U90/><E55/><V128/><F128/><W135/><G135/><T12/><D12/><U5/><E5/><V18/><F18/><W0/><G0/><T81/><D81/><U96/><E96/><V82/><F82/><W118/><G118/><T129/><D129/><U116/><E116/><V120/><F120/><W121/><G121/><T56/><D56/><U72/><E84/><V93/><F68/><W100/><G100/><T110/><D110/><U133/><E133/><V95/><F95/><W34/><REACH who="3" step="1"/><G8/><AGARI ba="1,0" hai="8,15,16,57,60,64,108,111" m="24671,47721" machi="8" ten="30,7700,0" yaku="18,1,52,2,54,1" doraHai="123" who="0" fromWho="3" sc="124,80,366,0,260,0,250,-80" /><INIT seed="2,0,0,0,4,29" ten="204,366,260,170" oya="2" hai0="3,57,73,114,80,38,84,55,119,118,23,110,94" hai1="74,40,70,126,24,81,106,120,17,25,115,69,33" hai2="88,50,109,6,100,133,48,68,26,125,21,46,7" hai3="47,90,32,130,93,13,51,53,82,97,22,127,41"/><V75/><F109/><W20/><G32/><T122/><D3/><U49/><E25/><V27/><F75/><W87/><G130/><T83/><D38/><U121/><E106/><V107/><F68/><W102/><G127/><T85/><D114/><U89/><E115/><V112/><F112/><W43/><G43/><T45/><D45/><N who="1" m="25767" /><E126/><V76/><F125/><W108/><G108/><T15/><D73/><U11/><E11/><V10/><F133/><W128/><G128/><T79/><D94/><U5/><E5/><N who="2" m="1547" /><F76/><W65/><G65/><T14/><D110/><U113/><E113/><V36/><F36/><W66/><G66/><T131/><D131/><U58/><E70/><V86/><F107/><W98/><G98/><T72/><D72/><U105/><E69/><V8/><F100/><W111/><G111/><T37/><D37/><U129/><E105/><V134/><F134/><W101/><G101/><T64/><D64/><U104/><E104/><V56/><F56/><W62/><G62/><T30/><D30/><N who="1" m="19655" /><E58/><V4/><N who="2" m="1555" /><V31/><DORA hai="44" /><F26/><W34/><G34/><T91/><D23/><U61/><E61/><V2/><F2/><W60/><G13/><T19/><D14/><U1/><E1/><V67/><F67/><W35/><G35/><T39/><D39/><U77/><E129/><V42/><F48/><W54/><G41/><T135/><D135/><U124/><E124/><V16/><F31/><W95/><G82/><AGARI ba="0,0" hai="8,10,16,21,27,42,46,50,82,86,88" m="1555" machi="82" ten="30,11600,0" yaku="8,1,52,1,54,2" doraHai="29,44" who="2" fromWho="3" sc="204,0,366,0,260,116,170,-116" /><INIT seed="2,1,0,5,5,65" ten="204,366,376,54" oya="2" hai0="77,55,3,124,16,129,5,88,33,66,90,20,34" hai1="95,39,128,23,26,43,110,25,21,115,6,81,75" hai2="106,36,89,111,70,94,52,105,122,62,60,120,35" hai3="53,96,22,29,37,8,135,13,9,98,114,49,85"/><V86/><F35/><W127/><G37/><T82/><D124/><U51/><E115/><V102/><F36/><W69/><G114/><T132/><D132/><U79/><E128/><V118/><F118/><W109/><G135/><T72/><D129/><U17/><E110/><V101/><F62/><W28/><G127/><T1/><D66/><U67/><E95/><V50/><F60/><W74/><G74/><T47/><D34/><U14/><E67/><V54/><F89/><W131/><G69/><T61/><D33/><U41/><E51/><V93/><F50/><W133/><G133/><T18/><D18/><U42/><E39/><V113/><F86/><W24/><G131/><T87/><D5/><U57/><E57/><V7/><F7/><W38/><G38/><T121/><D121/><U112/><E112/><V27/><F113/><W78/><G28/><T68/><D68/><U0/><E0/><V134/><F134/><W119/><G119/><T92/><D90/><U108/><E108/><V44/><F44/><N who="3" m="27815" /><G109/><T91/><D91/><U48/><E6/><V116/><F111/><W104/><G104/><T100/><D100/><U73/><E14/><V99/><F116/><W45/><G45/><T30/><D30/><U84/><REACH who="1" step="1"/><E48/><REACH who="1" step="2"/><V10/><F122/><W83/><G13/><N who="0" m="9231" /><D3/><U15/><E15/><V58/><F120/><W2/><G2/><T125/><D1/><U12/><E12/><V4/><F58/><W31/><G31/><AGARI ba="1,1" hai="17,21,23,25,26,31,41,42,43,73,75,79,81,84" machi="31" ten="40,1300,0" yaku="1,1,53,0" doraHai="65" doraHaiUra="40" who="1" fromWho="3" sc="204,0,356,26,376,0,54,-16" /><INIT seed="3,0,0,5,5,129" ten="204,382,376,38" oya="3" hai0="63,76,49,103,16,26,74,56,105,37,51,90,113" hai1="0,42,95,102,115,58,15,77,86,62,82,99,71" hai2="36,118,27,101,4,57,78,128,66,52,125,60,35" hai3="106,24,124,72,9,91,79,17,67,135,69,100,7"/><W130/><G130/><T104/><D37/><U10/><E0/><V28/><F118/><W116/><G116/><T96/><D113/><U122/><E71/><V53/><F36/><W114/><G114/><T23/><D105/><U30/><E115/><V13/><F125/><W121/><G121/><T6/><D6/><U110/><E110/><V123/><F123/><W131/><G131/><T20/><D74/><U68/><E68/><V81/><F101/><W45/><G124/><T89/><D76/><U61/><E122/><V39/><F39/><W40/><G106/><T33/><D33/><U85/><E30/><V111/><F111/><W88/><G100/><T83/><D23/><U54/><E42/><V84/><F128/><W112/><G112/><T65/><D89/><U55/><E86/><V117/><F117/><W119/><G119/><T109/><D109/><U29/><E29/><V34/><F34/><W70/><G67/><T46/><D46/><U75/><E75/><V22/><F35/><W108/><G108/><T50/><D90/><U80/><E80/><V93/><F93/><W133/><G79/><T38/><D38/><U120/><E120/><V32/><REACH who="2" step="1"/><F32/><REACH who="2" step="2"/><W8/><G72/><T73/><D83/><U87/><E82/><V31/><F31/><W98/><G7/><T134/><REACH who="0" step="1"/><D73/><REACH who="0" step="2"/><U18/><E77/><V21/><F21/><W3/><G3/><T1/><D1/><U43/><E43/><V5/><F5/><W11/><G24/><T47/><D47/><U94/><E94/><V127/><F127/><W48/><G45/><T19/><D19/><RYUUKYOKU ba="0,2" sc="194,10,382,10,366,10,38,-30" hai0="16,20,26,49,50,51,56,63,65,96,103,104,134" hai1="10,15,18,54,55,58,61,62,85,87,95,99,102" hai2="4,13,22,27,28,52,53,57,60,66,78,81,84" /><INIT seed="4,1,2,4,1,16" ten="204,392,376,8" oya="0" hai0="91,76,94,8,127,102,77,29,129,109,24,68,92" hai1="53,49,133,95,103,52,40,107,110,99,37,30,96" hai2="124,12,41,1,36,72,97,19,13,80,108,66,115" hai3="73,15,10,54,88,7,64,78,128,130,135,79,38"/><T123/><D68/><U56/><E133/><V106/><F1/><W131/><G38/><T118/><D123/><U61/><E110/><V85/><F72/><W46/><G135/><T34/><D118/><U69/><E69/><V2/><F108/><W14/><G64/><T74/><D109/><U22/><E37/><V27/><F2/><W126/><G73/><T119/><D119/><U50/><E40/><V98/><F115/><W58/><G126/><T43/><D43/><U26/><E53/><V63/><F124/><W83/><G46/><T101/><D127/><U125/><E125/><V4/><F106/><W3/><G3/><T75/><D129/><U121/><E121/><V6/><F36/><W32/><G32/><T62/><D75/><U0/><E0/><V44/><F44/><W82/><G14/><N who="2" m="5737" /><F41/><W9/><G9/><T112/><D112/><U122/><E122/><V90/><F66/><W31/><G31/><T35/><D35/><U42/><E42/><V60/><F98/><W116/><G116/><T17/><D62/><N who="2" m="23594" /><F97/><W113/><G113/><T111/><D111/><U86/><E86/><V87/><F85/><N who="3" m="50231" /><G83/><T45/><D45/><U18/><E30/><V104/><F104/><W55/><G58/><T47/><D47/><U23/><E23/><AGARI ba="1,2" hai="4,6,19,23,27,80,87,90" m="23594,5737" machi="23" ten="30,2000,0" yaku="8,1,52,1" doraHai="16" who="2" fromWho="1" sc="204,0,392,-23,376,43,8,0" /><INIT seed="5,0,0,0,4,108" ten="204,369,419,8" oya="1" hai0="85,57,87,115,20,95,113,107,117,46,4,93,48" hai1="133,127,34,74,62,121,104,32,72,126,36,59,111" hai2="22,78,52,132,11,68,2,122,69,70,123,43,23" hai3="7,119,71,55,92,99,124,63,15,134,88,131,24"/><U38/><E59/><V39/><F78/><W19/><G119/><T91/><D107/><U58/><E58/><V1/><F39/><N who="1" m="14889" /><E62/><V84/><F43/><W102/><G134/><T109/><D109/><U42/><E42/><V105/><F105/><W76/><G131/><T40/><D117/><U114/><E111/><V35/><F35/><N who="1" m="13353" /><E104/><V125/><F132/><W94/><G124/><N who="1" m="47658" /><E133/><V60/><F125/><W75/><G75/><N who="1" m="28714" /><E114/><N who="0" m="43529" /><D57/><U56/><E56/><V103/><F84/><N who="0" m="32330" /><D4/><U97/><E97/><V3/><F103/><W61/><G76/><T47/><D47/><U26/><E26/><V14/><F60/><W83/><G83/><T86/><D20/><U0/><E0/><V98/><F98/><N who="3" m="57607" /><G71/><T5/><D5/><U90/><E90/><V65/><F68/><W129/><G55/><T17/><D17/><U9/><E9/><V54/><F70/><W96/><G96/><T66/><D66/><U67/><E67/><V80/><F69/><W44/><G44/><T37/><D37/><U79/><E79/><V89/><F65/><W64/><G7/><T77/><D77/><U128/><E128/><V6/><F89/><W10/><G64/><T50/><D50/><U12/><E12/><V8/><F80/><AGARI ba="0,0" hai="40,46,48,80,86,91,93,95" m="32330,43529" machi="80" ten="30,7700,0" yaku="15,1,52,3" doraHai="108" who="0" fromWho="2" sc="204,77,369,0,419,-77,8,0" /><INIT seed="6,0,0,5,0,0" ten="281,369,342,8" oya="2" hai0="113,53,109,61,29,72,103,6,15,14,69,123,47" hai1="121,16,52,1,27,99,55,79,120,7,102,74,134" hai2="60,18,70,87,119,100,31,26,42,118,8,93,130" hai3="84,48,64,23,108,129,63,111,91,90,62,95,107"/><V122/><F130/><W17/><G129/><T44/><D123/><N who="1" m="47179" /><E134/><V126/><F122/><W68/><G107/><T78/><D109/><U54/><E79/><V22/><F126/><W45/><G63/><T11/><D113/><U88/><E74/><V28/><F42/><W2/><G2/><T10/><D29/><U59/><E88/><N who="2" m="53407" /><F119/><W21/><G21/><T36/><D103/><U85/><E85/><V115/><F118/><W46/><G46/><T34/><D34/><U82/><E82/><V105/><F105/><W58/><G91/><T49/><D36/><U76/><E76/><V101/><F70/><W41/><G68/><T131/><D131/><U35/><E1/><V112/><F8/><W97/><G84/><T94/><D94/><N who="1" m="58743" /><E7/><V114/><F60/><W125/><G125/><T37/><D37/><U124/><E124/><V12/><F26/><AGARI ba="0,0" hai="17,23,26,41,45,48,58,62,64,90,95,97,108,111" machi="26" ten="30,1000,0" yaku="7,1" doraHai="0" who="3" fromWho="2" sc="281,0,369,0,342,-10,8,10" /><INIT seed="7,0,0,1,2,16" ten="281,369,332,18" oya="3" hai0="19,42,56,25,118,94,40,81,28,72,88,11,18" hai1="70,99,113,80,46,26,23,31,9,106,77,103,22" hai2="7,124,101,59,29,130,71,117,133,61,54,93,111" hai3="75,0,10,57,120,30,13,6,37,109,85,58,60"/><W76/><G37/><T41/><D118/><U50/><E70/><V95/><F117/><W105/><G120/><T123/><D123/><U48/><E113/><V62/><F111/><W91/><G105/><T100/><D100/><U129/><E129/><V96/><F133/><W49/><G109/><T38/><D38/><U47/><E9/><V20/><F130/><W35/><G35/><T36/><D36/><U1/><E1/><V121/><F121/><W8/><G75/><T126/><D126/><U89/><E89/><V67/><F124/><W107/><G76/><T125/><D125/><U92/><E106/><V63/><F7/><W68/><G107/><T39/><D39/><U74/><E48/><V17/><F29/><W108/><G30/><T24/><D24/><U66/><E66/><V86/><F86/><W69/><G108/><T34/><D56/><U110/><E110/><V135/><F135/><W21/><G58/><T104/><D104/><U98/><E98/><V132/><F132/><W112/><G112/><T115/><D115/><U73/><E47/><V87/><F87/><W78/><G78/><T27/><D72/><U97/><E97/><V79/><F79/><W14/><G0/><T90/><D81/><U5/><E5/><V127/><F127/><W51/><G21/><T32/><D34/><N who="1" m="20855" /><E73/><V44/><F44/><W45/><G69/><T134/><D32/><U102/><E102/><V65/><F71/><W4/><G68/><T64/><D134/><U12/><E12/><N who="2" m="9255" /><F95/><N who="3" m="54767" /><G45/><T3/><D94/><U53/><E92/><V33/><F33/><W122/><G122/><RYUUKYOKU ba="0,0" sc="281,-30,369,10,332,10,18,10" hai1="22,23,46,50,53,74,77,80,99,103" hai2="54,59,61,62,63,65,67,93,96,101" hai3="4,6,8,10,13,14,49,51,57,60" /><INIT seed="7,1,0,2,4,75" ten="251,379,342,28" oya="3" hai0="36,44,22,66,65,48,80,82,62,123,92,68,2" hai1="27,76,74,94,61,135,124,21,26,132,59,112,57" hai2="87,120,78,30,28,43,130,81,31,84,121,39,72" hai3="8,67,0,115,100,6,85,69,42,110,11,88,83"/><W119/><G119/><T25/><D123/><N who="2" m="47178" /><F130/><W101/><G110/><T7/><D65/><N who="1" m="39087" /><E124/><V64/><F64/><W71/><G115/><T12/><D2/><U18/><E112/><V33/><F33/><W3/><G42/><T107/><D107/><U77/><E74/><V63/><F63/><W129/><G129/><T93/><D36/><U91/><E59/><V117/><F117/><W4/><REACH who="3" step="1"/><G67/><REACH who="3" step="2"/><T16/><D66/><U13/><E132/><V133/><F133/><W131/><G131/><T60/><D68/><AGARI ba="1,1" hai="0,3,4,6,8,11,68,69,71,83,85,88,100,101" machi="68" ten="40,7700,0" yaku="1,1,9,1,54,1,53,0" doraHai="75" doraHaiUra="125" who="3" fromWho="0" sc="251,-80,379,0,342,0,18,90" /><INIT seed="7,2,0,0,1,127" ten="171,379,342,108" oya="3" hai0="15,86,81,57,50,91,14,116,88,28,61,84,35" hai1="3,82,115,100,63,58,109,46,76,45,93,73,65" hai2="89,37,122,123,9,117,11,1,29,71,26,120,90" hai3="78,52,106,27,102,55,30,44,48,33,20,101,75"/><W83/><G106/><T2/><D116/><U107/><E109/><V70/><F117/><W25/><REACH who="3" step="1"/><G55/><REACH who="3" step="2"/><T38/><D38/><U99/><E115/><V133/><F133/><W66/><G66/><N who="0" m="39215" /><D35/><U87/><E3/><V49/><F123/><W95/><G95/><N who="0" m="54663" /><D28/><AGARI ba="2,1" hai="20,25,27,28,30,33,44,48,52,75,78,83,101,102" machi="28" ten="30,11600,0" yaku="1,1,7,1,54,1,53,1" doraHai="127" doraHaiUra="42" who="3" fromWho="0" sc="171,-122,379,0,342,0,98,132" /><INIT seed="7,3,0,4,3,11" ten="49,379,342,230" oya="3" hai0="31,111,99,122,49,25,109,73,36,22,1,63,74" hai1="110,48,70,108,119,78,51,80,66,54,102,47,132" hai2="85,91,60,83,29,39,43,12,17,35,84,18,65" hai3="68,104,87,94,112,56,52,27,86,20,105,2,130"/><W41/><G68/><T4/><D122/><U107/><E102/><V100/><F100/><W61/><G2/><T38/><D73/><U76/><E107/><V117/><F117/><W42/><G112/><T16/><D74/><U19/><E78/><V124/><F124/><W135/><G130/><T127/><D127/><U79/><E79/><N who="2" m="46207" /><F39/><W116/><G116/><T77/><D77/><U118/><E66/><V133/><F133/><W3/><G3/><T98/><D109/><U88/><E70/><V95/><F35/><W115/><G135/><T97/><D111/><N who="1" m="42539" /><E132/><V81/><F43/><N who="3" m="16395" /><G115/><T69/><D69/><U134/><E134/><V30/><F65/><W75/><G75/><T96/><N who="0" m="25088" /><DORA hai="131" /><T82/><D82/><U50/><E76/><N who="2" m="46247" /><F60/><W0/><G0/><T59/><D49/><U8/><E51/><V13/><F95/><W24/><G105/><T7/><D7/><U90/><E50/><V114/><F91/><N who="3" m="53623" /><G104/><T53/><D1/><U21/><E118/><V5/><F5/><W37/><G37/><T58/><D4/><U10/><E119/><V128/><F128/><W62/><G87/><T101/><D101/><U15/><E80/><V106/><F106/><W28/><G27/><T23/><REACH who="0" step="1"/><D59/><REACH who="0" step="2"/><U67/><E48/><AGARI ba="3,1" hai="20,24,28,48,52,56,61,62" m="53623,16395" machi="48" ten="30,2900,0" yaku="8,1,54,1" doraHai="11,131" who="3" fromWho="1" sc="39,0,379,-38,342,0,230,48" /><INIT seed="7,4,0,4,1,63" ten="39,341,342,278" oya="3" hai0="68,88,12,105,35,8,50,132,72,96,128,73,122" hai1="62,37,33,4,100,109,129,22,119,38,53,133,130" hai2="1,71,29,82,2,106,135,18,21,6,17,43,56" hai3="104,95,16,55,51,3,84,44,40,45,79,118,123"/><W70/><G123/><T103/><D122/><U24/><E33/><V59/><F71/><W25/><G104/><T0/><D0/><U126/><E109/><V46/><F106/><W64/><G118/><T32/><D68/><U30/><E119/><V116/><F116/><W124/><G3/><T20/><D132/><U28/><E133/><V39/><F135/><W93/><G124/><T83/><D128/><N who="1" m="49259" /><E126/><V67/><F29/><W23/><G64/><T101/><D101/><U90/><E100/><V76/><F17/><W54/><G70/><T15/><D32/><U42/><E4/><V5/><F6/><W77/><G95/><T26/><D35/><U108/><E108/><V120/><F120/><W58/><G93/><T61/><D72/><U34/><E90/><V113/><F113/><W27/><G27/><T57/><D50/><U98/><E98/><V41/><F41/><W114/><G114/><T125/><D125/><U127/><E127/><V7/><F7/><W112/><G112/><T78/><D8/><U110/><E110/><V117/><F117/><W94/><G58/><N who="2" m="22057" /><F67/><W87/><G87/><T74/><D74/><U102/><E102/><V111/><F111/><W66/><G66/><T85/><D61/><U48/><E62/><V11/><F2/><W10/><G10/><T89/><D89/><U14/><E42/><V86/><F18/><W75/><G75/><T47/><D73/><U134/><E134/><V49/><F39/><N who="3" m="21535" /><G54/><T13/><D88/><U52/><E48/><V19/><F19/><W69/><G69/><T115/><D103/><U31/><E34/><RYUUKYOKU ba="4,0" sc="39,-15,341,-15,342,15,278,15" hai2="1,5,11,21,43,46,49,76,82,86" hai3="16,23,25,45,51,55,77,79,84,94" /><INIT seed="7,5,0,1,2,13" ten="24,326,357,293" oya="3" hai0="47,33,87,42,53,51,62,127,1,0,58,118,57" hai1="90,128,97,56,68,12,23,29,124,65,11,79,123" hai2="107,10,28,133,48,69,64,103,61,110,15,100,119" hai3="73,102,34,84,71,7,91,109,135,88,74,46,114"/><W80/><G34/><T106/><D106/><U20/><E68/><V120/><F120/><W121/><G71/><T50/><D87/><U6/><E123/><V76/><F133/><W36/><G121/><T8/><D33/><U125/><E79/><V49/><F119/><W83/><G7/><T126/><D8/><U99/><E128/><V63/><F110/><W2/><G2/><T35/><D35/><U40/><E40/><V111/><F111/><W104/><G109/><T17/><D17/><N who="1" m="8351" /><E29/><V52/><F76/><W105/><G46/><T24/><D24/><U77/><E77/><V16/><F28/><W92/><G36/><T72/><D72/><N who="3" m="27753" /><G135/><T54/><D1/><U86/><E6/><V9/><F107/><W95/><G114/><T89/><D89/><U101/><E101/><V44/><F9/><W115/><G115/><T117/><D0/><U75/><E75/><V55/><F63/><W67/><G67/><T30/><REACH who="0" step="1"/><D30/><REACH who="0" step="2"/><U132/><E132/><V26/><F26/><W43/><G102/><T27/><D27/><U31/><E31/><V25/><F25/><W98/><G43/><T85/><D85/><U93/><E23/><V94/><F94/><W14/><G14/><T39/><D39/><U96/><E20/><V81/><F81/><AGARI ba="5,1" hai="80,81,83,84,88,91,92,95,98,104,105" m="27753" machi="81" ten="30,18000,2" yaku="35,5,54,1" doraHai="13" who="3" fromWho="2" sc="14,0,326,0,357,-195,293,205" owari="14,-49,326,13,162,-24,498,60" /></mjloggm>