<mjloggm ver="2.3"><GO type="169"/><UN n0="%E3%83%94%E3%82%A8%E3%83%BC%E3%83%AB%E7%A0%82%E5%9F%8E" n1="%E4%B8%B8%E5%8A%A9" n2="%E3%82%82%E3%81%A3%E3%81%97%E3%83%BC" n3="%EF%BC%88%E2%89%A7%E2%96%BD%E2%89%A6%EF%BC%89" dan="16,16,16,17" rate="2050,2141,2063,2174" sx="M,M,M,M"/><TAIKYOKU oya="0"/><INIT seed="0,0,0,1,2,3" ten="250,250,250,250" oya="0" hai0="81,87,131,50,94,37,60,5,15,45,65,4,82" hai1="111,64,134,59,120,13,97,89,83,96,69,115,40" hai2="108,11,17,7,20,35,36,22,121,0,132,31,14" hai3="67,9,122,133,77,70,19,124,27,85,16,26,32"/><T49/><D37/><U118/><E69/><V100/><F36/><W112/><G112/><T66/><D131/><U38/><E118/><V10/><F100/><W42/><G70/><T21/><D94/><U57/><E120/><V18/><F121/><W88/><G32/><T52/><D50/><U99/><E40/><V79/><F79/><W123/><G124/><T110/><D110/><U113/><E64/><N who="0" m="24681" /><D60/><U39/><E13/><N who="2" m="7359" /><F108/><W76/><G67/><T80/><D87/><N who="1" m="50431" /><E134/><V117/><F117/><W30/><G42/><T48/><D48/><U116/><E116/><V51/><F51/><W24/><G30/><T74/><D74/><U6/><E6/><V2/><F132/><W75/><G75/><T62/><D62/><U95/><E95/><V98/><F98/><W102/><G102/><T34/><D34/><U84/><E84/><V56/><F56/><N who="1" m="21577" /><E111/><V125/><F125/><W119/><G119/><T55/><D55/><U127/><E127/><V128/><F128/><W43/><G133/><T29/><D15/><U103/><E103/><V68/><F68/><W8/><G43/><T129/><D129/><U63/><E63/><V107/><F107/><W12/><G123/><T54/><D54/><U44/><E44/><V53/><F53/><W93/><G122/><T1/><D1/><N who="2" m="618" /><F18/><W58/><G58/><T61/><D61/><U90/><E39/><V73/><F73/><W41/><G41/><T135/><D135/><U109/><E109/><V92/><F92/><W72/><G72/><T71/><D71/><U106/><E38/><V105/><F105/><W28/><G77/><RYUUKYOKU ba="0,0" sc="250,15,250,-15,250,15,250,-15" hai0="4,5,21,29,45,49,52,80,81,82" hai2="7,10,14,20,22,31,35" /><INIT seed="0,1,0,3,0,6" ten="265,235,265,235" oya="0" hai0="65,0,43,71,110,91,31,62,95,126,30,44,83" hai1="105,9,49,113,8,123,104,35,28,69,125,20,115" hai2="63,128,119,84,4,92,96,109,76,15,77,114,108" hai3="118,57,129,52,24,38,122,13,78,61,10,89,99"/><T41/><D0/><U101/><E69/><V51/><F114/><N who="1" m="43529" /><E35/><V124/><F119/><W47/><G118/><T87/><D126/><U45/><E123/><V131/><F63/><W67/><G122/><T22/><D110/><N who="2" m="42602" /><F51/><N who="3" m="28799" /><G38/><T18/><D83/><U26/><E125/><V94/><F124/><W23/><G78/><N who="2" m="30313" /><F4/><N who="3" m="3271" /><G129/><N who="2" m="49737" /><F15/><W53/><G67/><T33/><D33/><U40/><E101/><V46/><F46/><W50/><G61/><T106/><D106/><AGARI ba="1,0" hai="8,9,20,26,28,40,45,49,104,105,106" m="43529" machi="106" ten="30,3900,0" yaku="11,1,52,2" doraHai="6" who="1" fromWho="0" sc="265,-42,235,42,265,0,235,0" /><INIT seed="1,0,0,0,0,52" ten="223,277,265,235" oya="1" hai0="50,129,99,109,4,57,51,132,64,110,72,35,76" hai1="19,91,135,67,75,25,80,116,54,58,85,131,95" hai2="22,56,122,31,107,43,121,108,126,20,5,46,32" hai3="0,90,124,123,86,69,28,71,34,84,94,9,8"/><U73/><E116/><V89/><F107/><W39/><G39/><T82/><D35/><U21/><E131/><V61/><F32/><W115/><G123/><T112/><D112/><U87/><E135/><V114/><F114/><W47/><G115/><T26/><D132/><U102/><E67/><V104/><F104/><W119/><G119/><T13/><D129/><U66/><E66/><V49/><F108/><N who="0" m="41578" /><D99/><U101/><E75/><V127/><F5/><W37/><G124/><N who="2" m="47657" /><F89/><W96/><G69/><T41/><D26/><U111/><E73/><V81/><F81/><W128/><G128/><T120/><D120/><N who="2" m="46186" /><F31/><W2/><G28/><T79/><D79/><N who="1" m="46239" /><E111/><V53/><AGARI ba="0,0" hai="20,22,43,46,49,53,56,61" m="46186,47657" machi="53" ten="30,2000,0" yaku="18,1,52,1" doraHai="52" who="2" fromWho="2" sc="223,-5,277,-10,265,20,235,-5" /><INIT seed="2,0,0,2,0,37" ten="218,267,285,230" oya="2" hai0="74,29,31,105,57,62,33,35,53,10,50,60,118" hai1="18,81,64,90,7,94,12,58,132,54,16,32,9" hai2="11,100,109,75,127,78,66,51,25,19,3,130,77" hai3="42,120,104,79,52,116,20,88,113,114,84,43,44"/><V108/><F127/><W133/><G120/><T134/><D74/><U27/><E132/><V135/><F135/><W67/><G133/><T28/><D134/><U30/><E64/><V41/><F130/><W103/><G116/><T48/><D105/><U131/><E81/><V26/><F66/><W21/><G79/><N who="2" m="30217" /><F75/><W40/><G67/><T98/><D118/><U1/><E131/><V4/><F100/><W107/><G107/><T87/><D98/><U102/><E102/><V110/><F19/><W38/><G103/><T5/><D87/><U93/><E90/><V23/><F23/><N who="3" m="8779" /><G104/><T22/><D22/><N who="1" m="11527" /><E18/><V121/><F121/><W86/><G86/><T2/><REACH who="0" step="1"/><D50/><AGARI ba="0,0" hai="1,7,9,27,30,32,50,54,58,93,94" m="11527" machi="50" ten="30,2000,0" yaku="24,1,54,1" doraHai="37" who="1" fromWho="0" sc="218,-20,267,20,285,0,230,0" /><INIT seed="3,0,0,1,3,117" ten="198,287,285,230" oya="3" hai0="34,94,38,104,19,54,63,114,111,116,89,88,73" hai1="56,49,131,113,135,25,118,5,52,85,6,37,125" hai2="45,17,122,91,86,102,83,74,121,112,93,81,24" hai3="0,110,66,101,50,120,68,40,130,51,30,26,80"/><W44/><G0/><T55/><D116/><U128/><E118/><V115/><F45/><W35/><G130/><N who="1" m="49706" /><E113/><N who="2" m="43595" /><F24/><W33/><G33/><T12/><D114/><U78/><E37/><V126/><F17/><W70/><G101/><T96/><D34/><U18/><E125/><V11/><F11/><W87/><G66/><T79/><D111/><U23/><E135/><V20/><F20/><W107/><G107/><T106/><D38/><U69/><E69/><V98/><F126/><W108/><G51/><T92/><D73/><U21/><E21/><V8/><F8/><W58/><G58/><T95/><D79/><AGARI ba="0,0" hai="74,79,81,83,86,91,93,98,102,121,122" m="43595" machi="79" ten="30,7700,0" yaku="34,2,52,2" doraHai="117" who="2" fromWho="0" sc="198,-77,287,0,285,77,230,0" /><INIT seed="4,0,0,5,0,40" ten="121,287,362,230" oya="0" hai0="60,102,103,109,96,14,21,51,54,31,70,9,18" hai1="79,99,26,76,84,75,81,3,107,131,134,45,129" hai2="118,116,74,16,111,55,33,133,89,132,78,42,22" hai3="25,128,86,72,36,98,30,82,13,67,59,28,88"/><T65/><D109/><U44/><E3/><V135/><F33/><W20/><G36/><T101/><D96/><U46/><E134/><V35/><F35/><W73/><G128/><N who="1" m="49226" /><E26/><N who="2" m="14663" /><F111/><W63/><G30/><T90/><D90/><N who="1" m="51471" /><E75/><V15/><F42/><W64/><G64/><T62/><D62/><U11/><E11/><V110/><F110/><W17/><REACH who="3" step="1"/><G98/><REACH who="3" ten="121,287,362,220" step="2"/><T119/><D119/><U19/><E19/><V10/><F118/><W117/><G117/><T85/><D31/><U92/><E107/><V57/><F116/><W69/><G69/><T104/><D104/><U4/><E4/><V49/><F135/><W12/><G12/><T115/><D115/><U52/><E52/><V66/><F15/><W122/><G122/><T2/><D2/><U68/><E68/><V58/><F55/><W32/><AGARI ba="0,1" hai="13,17,20,25,28,32,59,63,67,72,73,82,86,88" machi="32" ten="20,5200,0" yaku="1,1,0,1,7,1,54,1,53,0" doraHai="40" doraHaiUra="126" who="3" fromWho="3" sc="121,-26,287,-13,362,-13,220,62" /><INIT seed="5,0,0,1,0,47" ten="95,274,349,282" oya="1" hai0="117,52,62,30,23,57,91,49,39,94,7,89,110" hai1="125,58,15,60,16,48,81,116,6,2,79,103,32" hai2="123,27,38,85,135,56,33,72,42,76,118,98,8" hai3="28,127,43,97,90,132,93,9,96,46,78,80,21"/><U128/><E116/><V82/><F118/><W68/><G68/><T86/><D117/><U12/><E32/><V26/><F123/><W64/><G64/><T44/><D110/><U10/><E125/><V67/><F135/><W112/><G112/><T51/><D7/><U124/><E124/><V40/><F98/><W1/><G132/><T22/><D91/><U53/><E128/><V35/><F35/><W63/><G63/><T131/><D131/><U92/><E2/><V126/><F126/><W5/><G127/><T115/><D115/><U120/><E120/><V77/><F76/><W20/><G28/><T84/><D84/><N who="1" m="48191" /><E92/><V114/><F114/><W69/><G97/><T88/><D89/><U54/><E103/><V65/><F72/><N who="3" m="43079" /><G69/><T121/><D121/><U107/><E107/><V61/><F38/><AGARI ba="0,0" hai="1,5,9,20,21,38,43,46,90,93,96" m="43079" machi="38" ten="30,1000,0" yaku="25,1" doraHai="47" who="3" fromWho="2" sc="95,0,274,0,349,-10,282,10" /><INIT seed="6,0,0,4,4,115" ten="95,274,339,292" oya="2" hai0="83,75,44,91,114,42,3,124,103,107,38,36,18" hai1="20,8,76,120,80,47,46,65,70,121,14,99,7" hai2="48,78,134,10,84,15,133,100,74,92,11,39,66" hai3="32,61,106,67,25,43,132,93,87,111,135,22,129"/><V31/><F39/><W51/><G106/><T49/><D114/><U89/><E70/><V55/><F74/><W72/><G72/><T126/><D3/><U90/><E65/><V110/><F110/><W117/><G32/><T130/><D107/><U13/><E120/><V109/><F109/><W88/><G111/><T85/><D103/><U5/><E121/><V123/><F123/><W17/><G129/><T50/><D75/><U119/><E119/><V6/><F66/><W16/><G117/><T94/><D130/><U9/><E20/><V29/><F78/><W113/><G113/><T2/><D2/><U4/><E99/><N who="2" m="59495" /><F11/><N who="1" m="4169" /><E76/><V24/><F24/><W56/><REACH who="3" step="1"/><G17/><REACH who="3" ten="95,274,339,282" step="2"/><T105/><D105/><U1/><E1/><V45/><F134/><W28/><G28/><T122/><D122/><U112/><E112/><V37/><F133/><W27/><G27/><T26/><D26/><U23/><E80/><V21/><F31/><W96/><G96/><N who="0" m="57439" /><D18/><N who="1" m="10703" /><E14/><V58/><F29/><W86/><G86/><T118/><D118/><U73/><E73/><V127/><F84/><W77/><G77/><T19/><D19/><U0/><E0/><V69/><F15/><W30/><G30/><T102/><D85/><U108/><E108/><V35/><F35/><W60/><G60/><T125/><D83/><U33/><E33/><V71/><F6/><N who="1" m="1537" /><U95/><DORA hai="54" /><E95/><V40/><F10/><W52/><G52/><T104/><D104/><U53/><E53/><V128/><F128/><W64/><G64/><T57/><D102/><U116/><E116/><V82/><F82/><W41/><G41/><RYUUKYOKU ba="0,1" sc="95,10,274,10,339,-30,282,10" hai0="36,38,42,44,49,50,57,124,125,126" hai1="46,47,89,90" hai3="16,22,25,43,51,56,61,67,87,88,93,132,135" /><INIT seed="7,1,1,3,3,107" ten="105,284,309,292" oya="3" hai0="98,88,41,84,80,92,89,111,104,11,116,59,72" hai1="34,63,27,46,87,13,130,125,124,135,47,25,118" hai2="50,26,69,76,82,7,58,73,133,68,9,60,77" hai3="31,62,78,129,24,117,86,94,29,39,40,2,23"/><W131/><G2/><T43/><D111/><U113/><E113/><V52/><F133/><W106/><G106/><T51/><D116/><U21/><E135/><V30/><F77/><W54/><G117/><T126/><D126/><N who="1" m="48747" /><E118/><V35/><F60/><W65/><G54/><N who="0" m="32223" /><D104/><U108/><E108/><V85/><F73/><W45/><G31/><T121/><D72/><U28/><E130/><N who="3" m="49674" /><G94/><N who="0" m="56655" /><D121/><U119/><E119/><V90/><F76/><W81/><G62/><T79/><D11/><U16/><E63/><V96/><F96/><W57/><G57/><T18/><D18/><N who="1" m="12471" /><E87/><V128/><F128/><W20/><G65/><T1/><D1/><AGARI ba="1,1" hai="1,7,9,26,30,35,50,52,58,68,69,82,85,90" machi="1" ten="30,2000,0" yaku="7,1,54,1" doraHai="107" who="2" fromWho="0" sc="105,-23,284,0,309,33,292,0" owari="82,-42.0,284,-12.0,342,45.0,292,9.0" /></mjloggm>