<mjloggm ver="2.3"><GO type="41" lobby="0"/><UN n0="%E3%82%A6%E3%83%AB%E3%83%88%E3%83%A9%E7%AB%8B%E7%9B%B4" n1="%6B%75%72%6F%6B%75%6D%6F" n2="%E8%B6%85%E5%A4%9A%E7%89%8C" n3="%66%65%65%6C%31%35" dan="16,13,13,14" rate="2065.66,1851.50,1800.69,1870.14" sx="M,M,M,M"/><TAIKYOKU oya="0"/><INIT seed="0,0,0,3,3,46" ten="250,250,250,250" oya="0" hai0="18,38,75,32,48,61,71,70,109,10,23,135,2" hai1="128,26,49,127,55,17,134,123,130,73,60,47,5" hai2="114,9,54,16,7,119,74,110,57,53,82,22,62" hai3="31,21,85,28,125,113,83,105,122,78,120,39,27"/><T93/><D38/><U111/><E123/><V117/><F114/><W42/><G113/><T108/><D32/><U89/><E111/><N who="0" m="42569" /><D75/><U33/><E127/><V115/><F110/><W14/><G105/><T104/><D104/><U45/><E134/><V101/><F115/><W129/><G129/><N who="1" m="49770" /><E73/><V69/><F101/><W66/><G125/><T88/><D135/><U65/><E5/><V77/><F69/><W29/><G66/><T41/><D61/><U50/><E89/><V11/><F54/><W59/><G59/><T13/><D2/><U0/><E0/><V67/><F67/><W52/><G14/><T116/><D116/><N who="2" m="44618" /><F7/><W92/><G42/><T30/><D70/><N who="1" m="42279" /><E17/><V58/><F58/><W95/><G39/><T91/><D71/><U133/><E133/><V44/><F44/><N who="1" m="16969" /><E55/><V121/><F121/><N who="3" m="46699" /><G52/><T96/><D41/><U132/><E132/><V8/><F8/><W81/><G81/><T106/><D91/><U79/><E79/><V72/><F72/><W63/><G63/><T4/><D106/><U112/><E112/><V118/><F118/><W103/><G103/><T131/><D131/><U51/><E26/><AGARI ba="0,0" hai="9,11,16,22,26,53,57,62,74,77,82" m="44618" machi="26" ten="30,2000,0" yaku="12,1,54,1" doraHai="46" who="2" fromWho="1" sc="250,0,250,-20,250,20,250,0" /><INIT seed="1,0,0,3,5,55" ten="250,230,270,250" oya="1" hai0="29,13,52,74,113,132,88,53,133,37,66,7,65" hai1="41,1,47,67,70,76,26,63,128,12,19,107,129" hai2="97,8,96,131,21,135,75,106,46,85,89,100,17" hai3="103,20,14,27,42,126,54,72,125,36,79,81,92"/><U121/><E121/><V11/><F75/><W116/><G116/><T110/><D74/><U68/><E107/><V61/><F135/><W108/><G108/><T119/><D37/><N who="1" m="21935" /><E76/><V16/><F131/><N who="1" m="50249" /><E26/><V18/><F21/><W6/><G42/><T44/><D110/><U2/><E70/><V111/><F111/><W123/><G36/><T101/><D101/><U57/><E68/><V51/><F61/><W99/><G123/><T23/><D119/><U105/><E105/><V91/><F97/><W49/><G14/><T60/><D113/><U114/><E114/><V90/><REACH who="2" step="1"/><F85/><REACH who="2" ten="250,230,260,250" step="2"/><W80/><G125/><T73/><D73/><U71/><E71/><V127/><F127/><W124/><G126/><T109/><D109/><U64/><E64/><V87/><F87/><W134/><G124/><T39/><D66/><U69/><E69/><V28/><F28/><W5/><G134/><T50/><D132/><U34/><E34/><V104/><F104/><W9/><G72/><T22/><D29/><U78/><E78/><V86/><F86/><W118/><G79/><T115/><D115/><U94/><E94/><V40/><AGARI ba="0,1" hai="8,11,16,17,18,40,46,51,89,90,91,96,100,106" machi="40" ten="30,7900,0" yaku="1,1,0,1,54,1,53,1" doraHai="55" doraHaiUra="38" who="2" fromWho="2" sc="250,-20,230,-39,260,89,250,-20" /><INIT seed="2,0,0,3,5,52" ten="230,191,349,230" oya="2" hai0="71,84,22,65,106,32,81,115,109,134,67,110,46" hai1="113,60,90,133,11,4,100,82,122,3,72,87,34" hai2="121,21,130,29,35,19,2,114,5,85,26,38,95" hai3="105,40,12,99,14,131,27,0,111,31,63,70,48"/><V112/><F38/><W96/><G0/><T129/><D32/><U102/><E113/><V25/><F95/><W77/><G111/><T123/><D123/><U15/><E133/><V83/><F121/><W53/><G40/><T107/><D115/><U126/><E122/><V37/><F37/><W17/><G77/><T80/><D134/><U78/><E126/><V10/><REACH who="2" step="1"/><F130/><REACH who="2" ten="230,191,339,230" step="2"/><W49/><G131/><T75/><D129/><U93/><E34/><V16/><F16/><W74/><G105/><T104/><D104/><U41/><E41/><V66/><F66/><W118/><G17/><T68/><D106/><U47/><E47/><V13/><F13/><W39/><G39/><T57/><D107/><U18/><REACH who="1" step="1"/><E60/><REACH who="1" ten="230,181,339,230" step="2"/><V88/><AGARI ba="0,2" hai="2,5,10,19,21,25,26,29,35,83,85,88,112,114" machi="88" ten="20,7800,0" yaku="1,1,0,1,7,1,54,1,53,0" doraHai="52" doraHaiUra="98" who="2" fromWho="2" sc="230,-26,181,-26,339,98,230,-26" /><INIT seed="2,1,0,3,4,46" ten="204,155,437,204" oya="2" hai0="58,43,85,77,93,107,105,12,70,54,10,34,3" hai1="113,101,88,120,87,19,134,33,109,68,5,38,7" hai2="31,125,102,30,76,99,53,131,100,39,51,92,130" hai3="95,44,18,121,84,59,89,122,97,135,62,106,45"/><V82/><F39/><W49/><G135/><T63/><D34/><U52/><E113/><V56/><F102/><W133/><G44/><T41/><D3/><U72/><E134/><V11/><F11/><W115/><G115/><T1/><D1/><U128/><E120/><V81/><F125/><W27/><G133/><T66/><D105/><U103/><E109/><V75/><REACH who="2" step="1"/><F81/><REACH who="2" ten="204,155,427,204" step="2"/><W15/><G121/><T98/><D107/><U21/><E103/><V104/><F104/><W50/><G122/><T42/><D10/><U20/><E101/><V40/><F40/><W78/><G106/><T17/><D42/><U47/><E38/><V22/><F22/><W123/><G123/><T71/><D43/><U16/><E21/><V94/><F94/><W61/><G95/><T74/><D41/><U132/><E20/><V8/><F8/><W69/><G97/><T86/><D93/><U23/><E33/><V6/><F6/><W25/><G84/><T110/><D98/><U48/><E23/><V57/><F57/><W96/><G59/><T28/><D86/><U13/><E87/><V114/><F114/><W60/><G96/><T117/><D85/><U64/><E7/><V37/><F37/><W55/><G69/><T65/><D71/><U127/><E5/><V32/><F32/><W73/><G73/><T24/><D70/><U111/><E127/><V29/><AGARI ba="1,1" hai="29,30,31,51,53,56,75,76,82,92,99,100,130,131" machi="29" ten="30,6000,0" yaku="1,1,0,1,52,1,53,0" doraHai="46" doraHaiUra="2" who="2" fromWho="2" sc="204,-21,155,-21,427,73,204,-21" /><INIT seed="2,2,0,0,0,45" ten="183,134,500,183" oya="2" hai0="116,41,78,91,16,111,22,42,83,81,51,50,66" hai1="129,76,67,124,88,107,28,94,70,34,3,58,90" hai2="56,75,44,128,4,132,125,19,102,55,87,26,110" hai3="73,68,113,69,49,40,15,18,57,23,21,46,89"/><V5/><F75/><W119/><G73/><T43/><D116/><U60/><E129/><V47/><F128/><W38/><G119/><T118/><D118/><U12/><E124/><V11/><F125/><W52/><G113/><T77/><D111/><U10/><E107/><V96/><F110/><W122/><G122/><T29/><D29/><U31/><E3/><V93/><F132/><W14/><G89/><T64/><D91/><U79/><E34/><V135/><F135/><W82/><G82/><T127/><D127/><U114/><E114/><V71/><F71/><W63/><G38/><T74/><D74/><U105/><E105/><V2/><F5/><W27/><G14/><T133/><D133/><U115/><E115/><V32/><F87/><W65/><REACH who="3" step="1"/><G40/><REACH who="3" ten="183,134,500,173" step="2"/><T0/><D0/><U85/><E88/><V39/><F39/><W80/><G80/><T33/><D81/><U121/><E90/><V72/><F72/><W103/><G103/><T108/><D108/><U6/><E12/><V8/><F2/><W59/><G59/><T99/><D83/><U100/><E58/><V20/><F56/><W117/><G117/><T7/><D78/><U131/><E100/><V84/><F102/><W98/><G98/><T62/><D77/><U37/><E76/><V48/><F96/><W17/><AGARI ba="2,1" hai="15,17,18,21,23,27,46,49,52,57,63,65,68,69" machi="17" ten="20,8000,1" yaku="1,1,0,1,7,1,52,1,54,1,53,0" doraHai="45" doraHaiUra="92" who="3" fromWho="3" sc="183,-22,134,-22,500,-42,173,96" /><INIT seed="3,0,0,2,4,25" ten="161,112,458,269" oya="3" hai0="105,87,98,135,9,45,79,73,31,41,15,36,12" hai1="39,16,124,93,33,53,19,6,10,81,131,77,88" hai2="17,83,67,52,85,129,14,127,80,35,62,75,122" hai3="20,96,44,71,107,26,118,27,70,101,69,13,51"/><W104/><G118/><T123/><D123/><U61/><E131/><V22/><F129/><W84/><G107/><T47/><D73/><U42/><E124/><V43/><F127/><W49/><G49/><T0/><D0/><U94/><E33/><V110/><F110/><W99/><G99/><T63/><D135/><U128/><E128/><V89/><F122/><W100/><G100/><T60/><D12/><U8/><E8/><V48/><F43/><W97/><G97/><T117/><D117/><U86/><E94/><V58/><F35/><W72/><G72/><T106/><D47/><U28/><E28/><V21/><F75/><W32/><G84/><T68/><D68/><U113/><E113/><V121/><F121/><W64/><G13/><T130/><D130/><U116/><E116/><V65/><F65/><W34/><G26/><T1/><D1/><U46/><E53/><V50/><F50/><W112/><G112/><T66/><D66/><U103/><E61/><V57/><F80/><W119/><G119/><T95/><D63/><U134/><E134/><V78/><F78/><W133/><G133/><T115/><D60/><U3/><E103/><V82/><F82/><W38/><G38/><T5/><D115/><U102/><E102/><V30/><F21/><W125/><G125/><T24/><D98/><AGARI ba="0,0" hai="3,6,10,16,19,39,42,46,77,81,86,88,93,98" machi="98" ten="30,3900,0" yaku="7,1,54,2" doraHai="25" who="1" fromWho="0" sc="161,-39,112,39,458,0,269,0" /><INIT seed="4,0,0,5,0,28" ten="122,151,458,269" oya="0" hai0="63,36,89,45,13,2,76,59,102,14,75,119,39" hai1="78,47,66,74,57,97,38,118,84,1,77,4,61" hai2="48,69,103,55,129,117,51,23,73,0,25,24,112" hai3="127,90,72,29,26,12,19,94,7,41,16,43,49"/><T33/><D119/><U126/><E118/><V27/><F117/><W91/><G72/><T106/><D2/><U3/><E126/><V54/><F73/><W32/><G127/><T98/><D33/><U9/><E3/><V10/><F69/><W99/><G49/><T40/><D39/><U42/><E97/><V15/><F112/><W20/><G7/><T56/><D56/><U35/><E35/><V111/><F111/><W68/><G68/><T93/><D76/><U62/><E62/><V8/><F129/><W70/><G70/><T31/><D75/><U122/><E122/><V18/><F103/><W17/><REACH who="3" step="1"/><G90/><REACH who="3" ten="122,151,458,259" step="2"/><T123/><D123/><U44/><E74/><V110/><F110/><W133/><G133/><T114/><D114/><U115/><E78/><V64/><F51/><W5/><G5/><T135/><D135/><U81/><REACH who="1" step="1"/><E44/><REACH who="1" ten="122,141,458,259" step="2"/><V58/><F0/><W104/><G104/><T121/><D121/><U108/><E108/><V132/><F132/><W34/><G34/><T96/><REACH who="0" step="1"/><D31/><REACH who="0" ten="112,141,458,259" step="2"/><U113/><AGARI ba="0,3" hai="1,4,9,38,42,47,57,61,66,77,81,84,113,115" machi="113" ten="30,2000,0" yaku="1,1,0,1,53,0" doraHai="28" doraHaiUra="124" who="1" fromWho="1" sc="112,-10,141,50,458,-5,259,-5" /><INIT seed="5,0,0,0,5,67" ten="102,191,453,254" oya="1" hai0="61,111,71,55,35,110,52,60,135,96,128,63,124" hai1="23,125,0,94,14,97,130,10,39,4,11,26,15" hai2="41,91,127,99,88,132,59,85,74,47,25,109,34" hai3="42,118,38,81,77,134,68,37,36,32,76,43,123"/><U46/><E125/><V19/><F109/><W114/><G123/><T112/><D35/><U33/><E130/><V17/><F127/><W78/><G114/><T72/><D72/><U22/><E46/><V21/><F74/><W133/><G118/><T29/><D29/><N who="1" m="19639" /><E39/><V73/><F73/><W87/><G32/><T49/><D124/><U45/><E45/><V30/><F132/><N who="3" m="50795" /><G68/><T62/><D135/><U89/><E94/><V107/><F59/><W90/><AGARI ba="0,0" hai="36,37,38,42,43,76,77,78,81,87,90" m="50795" machi="90" ten="40,1500,0" yaku="20,1" doraHai="67" who="3" fromWho="3" sc="102,-4,191,-7,453,-4,254,15" /><INIT seed="6,0,0,2,5,56" ten="98,184,449,269" oya="2" hai0="41,103,51,85,79,49,108,46,130,135,2,105,77" hai1="25,35,94,76,109,75,120,36,6,122,84,43,133" hai2="129,5,1,67,57,21,39,126,18,111,90,117,62" hai3="45,97,118,24,87,66,48,23,127,17,27,63,98"/><V96/><F117/><W106/><G118/><T54/><D2/><U64/><E133/><V28/><F39/><W86/><G127/><T14/><D135/><U16/><E109/><V70/><F126/><W40/><G106/><T114/><D114/><U22/><E75/><V8/><F111/><W26/><G97/><T73/><D108/><U19/><E35/><V12/><F129/><W44/><G44/><T102/><D130/><U9/><E64/><V31/><F70/><W104/><G104/><T10/><D73/><U33/><E33/><V37/><F37/><W112/><G98/><T13/><D105/><U61/><E61/><V30/><F96/><W115/><G86/><T3/><D3/><N who="1" m="223" /><E43/><V95/><F95/><W125/><G87/><T119/><D119/><U83/><E94/><V58/><F58/><N who="3" m="37239" /><G125/><T55/><D13/><U131/><E36/><V52/><REACH who="2" step="1"/><F90/><REACH who="2" ten="98,184,439,269" step="2"/><W91/><G91/><T116/><D116/><U47/><E131/><V93/><F93/><W59/><G59/><T34/><D103/><U53/><E122/><V100/><F100/><W4/><G112/><T78/><D102/><U65/><E120/><V92/><F92/><W71/><G71/><T107/><D107/><U11/><E83/><V89/><F89/><W132/><G115/><T113/><D113/><U20/><E76/><V134/><F134/><W80/><G132/><T69/><D69/><U74/><E74/><V101/><F101/><W32/><G80/><T29/><D78/><U128/><E128/><V38/><F38/><W72/><G72/><T81/><D77/><U123/><E123/><RYUUKYOKU ba="0,1" sc="98,-10,184,-10,439,30,269,-10" hai2="1,5,8,12,18,21,28,30,31,52,57,62,67" /><INIT seed="6,1,1,4,5,0" ten="88,174,469,259" oya="2" hai0="23,87,52,1,101,82,14,97,4,45,53,108,32" hai1="39,38,33,51,41,60,93,90,48,84,95,78,69" hai2="34,11,28,49,36,85,8,123,37,105,65,20,102" hai3="77,119,66,99,91,132,70,129,62,56,111,134,26"/><V127/><F34/><W15/><G119/><T29/><D108/><U42/><E33/><V89/><F123/><W58/><G111/><T22/><D1/><U5/><E5/><V115/><F115/><W47/><G129/><T24/><D32/><U131/><E131/><V80/><F127/><W43/><G26/><T7/><D53/><U117/><E117/><V9/><F65/><W122/><G77/><T75/><D75/><U81/><E69/><V92/><F105/><W121/><G15/><T19/><D45/><U94/><E60/><V68/><F68/><W46/><G99/><T128/><D128/><U31/><E31/><V10/><F10/><W116/><G47/><T76/><REACH who="0" step="1"/><D52/><REACH who="0" ten="78,174,469,259" step="2"/><U54/><E54/><V71/><F71/><W120/><G116/><T118/><D118/><U124/><E124/><V98/><REACH who="2" step="1"/><F49/><REACH who="2" ten="78,174,459,259" step="2"/><W79/><G122/><T133/><D133/><U72/><E51/><V96/><F96/><W83/><G121/><T64/><D64/><U114/><E48/><V6/><F6/><W103/><G120/><T88/><D88/><U44/><E114/><V57/><F57/><W12/><G132/><T30/><D30/><U3/><E3/><V107/><F107/><AGARI ba="1,3" hai="4,7,14,19,22,23,24,29,76,82,87,97,101,107" machi="107" ten="30,8000,1" yaku="1,1,7,1,52,2,53,1" doraHai="0" doraHaiUra="74" who="0" fromWho="2" sc="78,113,174,0,459,-83,259,0" /><INIT seed="7,0,0,4,2,45" ten="191,174,376,259" oya="3" hai0="101,84,83,118,55,15,9,53,18,17,52,62,132" hai1="108,117,43,135,133,116,82,119,25,129,121,31,58" hai2="14,87,20,16,48,65,27,68,134,124,131,102,85" hai3="64,32,19,23,77,95,73,6,72,100,40,86,5"/><W112/><G32/><T71/><D118/><N who="1" m="30211" /><U127/><DORA hai="8" /><E82/><V89/><F134/><N who="1" m="51209" /><E58/><V113/><F131/><W111/><G112/><T123/><D132/><U81/><E81/><V130/><F113/><W35/><G35/><T98/><D123/><U66/><E66/><V94/><F130/><W28/><G111/><T79/><D71/><U78/><E78/><V114/><F114/><W3/><G3/><T128/><D128/><U59/><E59/><V106/><F106/><W42/><G28/><T12/><D62/><U125/><E43/><V69/><F65/><W92/><G64/><T97/><D101/><U37/><E37/><V126/><F102/><W26/><G100/><T22/><AGARI ba="0,0" hai="9,12,15,17,18,22,52,53,55,79,83,84,97,98" machi="22" ten="30,8000,1" yaku="0,1,8,1,52,2,54,1" doraHai="45,8" who="0" fromWho="0" sc="191,80,174,-20,376,-20,259,-40" owari="271,7.0,154,-35.0,356,46.0,219,-18.0" /></mjloggm>