<mjloggm ver="2.3"><GO type="169" lobby="0"/><UN n0="%E3%81%98%E3%82%83%E3%82%80%E2%99%AD" n1="%4C%61%73%6B%26%59%75" n2="%E6%B0%97%E6%A5%BD%E3%81%AB%E6%89%93%E3%81%A4" n3="%EF%BC%88%E2%89%A7%E2%96%BD%E2%89%A6%EF%BC%89" dan="16,16,17,17" rate="2049,2101,2160,2135" sx="M,M,M,M"/><TAIKYOKU oya="0"/><INIT seed="0,0,0,4,4,30" ten="250,250,250,250" oya="0" hai0="58,82,105,113,6,88,104,33,43,103,74,4,48" hai1="85,42,126,135,77,16,37,87,52,24,114,63,78" hai2="20,116,128,69,61,73,134,83,80,21,101,110,68" hai3="106,38,3,57,108,17,112,129,120,97,26,100,90"/><T50/><D113/><U127/><E114/><V27/><F110/><W59/><G112/><T67/><D103/><U117/><E117/><V8/><F116/><W49/><G38/><T25/><D105/><U11/><E135/><V91/><F134/><W5/><G120/><T34/><D104/><U93/><E37/><V86/><F128/><W122/><G122/><T28/><D33/><U109/><E42/><V9/><F101/><W7/><G129/><T71/><D71/><U107/><E107/><V133/><F133/><W1/><G108/><T29/><D29/><U119/><E119/><V19/><F73/><W102/><G106/><T84/><D74/><U60/><E109/><V98/><F98/><W55/><G90/><T32/><D32/><U54/><E93/><V45/><F45/><W14/><G97/><T12/><D12/><U99/><E99/><V118/><F118/><W96/><G96/><T89/><D89/><U10/><E24/><V56/><F83/><W94/><G94/><T72/><D72/><U46/><E46/><V132/><F132/><W47/><G26/><T79/><D79/><U31/><E31/><N who="2" m="17895" /><F68/><W130/><G130/><T64/><D43/><U123/><E123/><V115/><F69/><W65/><G1/><T121/><D121/><U51/><E51/><N who="0" m="19497" /><D64/><U66/><E66/><N who="2" m="39207" /><F115/><W131/><G131/><T15/><D15/><AGARI ba="0,0" hai="8,9,15,19,21,80,86,91" m="39207,17895" machi="15" ten="30,1000,0" yaku="8,1" doraHai="30" who="2" fromWho="0" sc="250,-10,250,0,250,10,250,0" /><INIT seed="1,0,0,5,1,72" ten="240,250,260,250" oya="1" hai0="7,96,111,119,106,43,116,60,89,83,19,33,14" hai1="61,90,69,68,118,79,13,84,26,102,35,130,127" hai2="121,107,103,126,122,45,51,46,57,12,92,114,25" hai3="9,82,85,24,30,21,15,16,91,70,86,44,124"/><U4/><E118/><V27/><F126/><W31/><G124/><T28/><D111/><U110/><E127/><V71/><F71/><W2/><G70/><T36/><D7/><U58/><E110/><V94/><F114/><W125/><G125/><T37/><D106/><U10/><E102/><V66/><F107/><W135/><G135/><T133/><D133/><U17/><E130/><V22/><F12/><W3/><G31/><T40/><D60/><U18/><E18/><V5/><F5/><W80/><REACH who="3" step="1"/><G44/><REACH who="3" ten="240,250,260,240" step="2"/><T8/><D28/><U100/><E68/><V123/><F46/><W52/><G52/><T73/><D116/><U132/><E69/><V55/><F45/><W0/><G0/><T32/><D119/><U48/><E132/><V62/><F121/><W115/><G115/><T129/><D129/><U78/><E48/><V117/><F123/><W53/><G53/><T23/><D40/><U20/><E35/><V87/><F122/><W101/><G101/><T104/><D43/><U1/><E1/><V97/><F117/><W65/><G65/><T99/><D32/><U56/><E100/><V113/><F113/><W81/><G81/><T74/><D83/><N who="1" m="49439" /><E58/><V38/><F51/><W88/><AGARI ba="0,1" hai="2,3,9,15,16,21,24,30,80,82,85,86,88,91" machi="88" ten="20,12000,2" yaku="1,1,0,1,7,1,9,1,54,2,53,0" doraHai="72" doraHaiUra="42" who="3" fromWho="3" sc="240,-30,250,-60,260,-30,240,130" /><INIT seed="2,0,0,0,5,44" ten="210,190,230,370" oya="2" hai0="101,73,12,79,71,33,135,83,91,121,80,122,54" hai1="41,42,19,31,16,96,116,65,29,130,13,32,126" hai2="5,60,66,94,58,22,69,106,4,87,62,93,64" hai3="118,109,17,15,113,47,67,10,111,55,86,72,85"/><V20/><F106/><W37/><G72/><T36/><D33/><U129/><E116/><V84/><REACH who="2" step="1"/><F69/><REACH who="2" ten="210,190,220,370" step="2"/><W21/><G118/><T48/><D71/><U114/><E130/><V92/><F92/><W81/><G111/><T30/><D121/><U35/><E129/><V0/><F0/><W125/><G109/><T76/><D122/><U119/><E119/><V34/><F34/><W68/><G68/><T61/><D83/><U27/><E35/><V43/><F43/><W110/><G110/><T78/><D80/><U9/><E41/><V77/><F77/><W132/><G81/><T90/><D78/><U24/><E42/><V115/><F115/><W70/><G70/><T107/><D107/><U7/><E114/><V49/><F49/><W45/><G37/><T112/><D36/><U52/><E32/><V8/><F8/><W88/><G10/><T89/><D112/><U99/><E9/><V51/><F51/><W26/><G113/><T134/><D79/><U102/><E126/><V46/><F46/><W50/><G45/><T117/><D76/><U53/><E7/><V23/><F23/><W123/><G21/><T105/><D105/><U1/><E1/><V97/><F97/><W127/><G125/><T2/><D2/><U25/><E99/><V103/><F103/><W38/><G127/><T82/><D101/><U75/><E75/><V128/><F128/><W63/><G38/><T133/><D73/><U57/><E96/><V131/><F131/><W14/><G123/><T6/><D117/><U120/><E120/><V11/><F11/><W95/><G95/><RYUUKYOKU ba="0,1" sc="210,-10,190,-10,220,30,370,-10" hai2="4,5,20,22,58,60,62,64,66,84,87,93,94" /><INIT seed="2,1,1,0,2,101" ten="200,180,250,360" oya="2" hai0="54,133,128,122,26,34,33,39,132,72,7,27,97" hai1="50,114,105,15,56,111,17,65,35,81,45,78,130" hai2="104,134,38,85,117,40,63,24,9,31,79,10,89" hai3="67,60,53,46,96,86,95,62,98,36,16,109,87"/><V112/><F117/><W42/><G109/><T124/><D122/><U32/><E114/><V88/><F112/><W58/><G16/><T0/><D39/><U64/><E111/><V70/><F134/><N who="0" m="51818" /><D72/><U30/><E130/><V1/><F104/><W41/><G41/><T37/><D37/><U52/><E105/><V44/><F79/><W102/><REACH who="3" step="1"/><G98/><REACH who="3" ten="200,180,250,350" step="2"/><T55/><D97/><U126/><E30/><V29/><F29/><W22/><G22/><T99/><D99/><U129/><E129/><V43/><F43/><W25/><G25/><T127/><D128/><U68/><E35/><V8/><F24/><W92/><G92/><T23/><D27/><U135/><E32/><V6/><F31/><W14/><G14/><T3/><D33/><U21/><E135/><V66/><REACH who="2" step="1"/><F89/><REACH who="2" ten="200,180,240,350" step="2"/><W100/><G100/><T51/><D26/><U91/><E91/><V28/><F28/><W71/><AGARI ba="1,3" hai="36,42,46,53,58,60,62,67,71,86,87,95,96,102" machi="71" ten="20,2700,0" yaku="1,1,0,1,7,1,53,0" doraHai="101" doraHaiUra="110" who="3" fromWho="3" sc="200,-8,180,-8,240,-14,350,60" /><INIT seed="3,0,0,5,2,14" ten="192,172,226,410" oya="3" hai0="125,24,36,109,72,123,82,75,3,5,84,78,35" hai1="61,21,119,94,25,68,34,33,106,4,128,60,27" hai2="74,131,54,7,126,38,107,6,83,45,52,30,51" hai3="124,62,130,63,129,66,121,65,57,116,77,18,97"/><W26/><G121/><T22/><D123/><U79/><E106/><V71/><F126/><W133/><G116/><T49/><D125/><U115/><E115/><V31/><F107/><W113/><G113/><T86/><D36/><U2/><E119/><V81/><F131/><N who="3" m="50187" /><G77/><T48/><D35/><U50/><E33/><V135/><F135/><W8/><G124/><T127/><D109/><U114/><E114/><V95/><F71/><N who="3" m="42423" /><G133/><T85/><D127/><U110/><E34/><V69/><F69/><W92/><G8/><T42/><D72/><U117/><E79/><V98/><F38/><W73/><G73/><T58/><D75/><U41/><E68/><V102/><F74/><W103/><G26/><T76/><D76/><U10/><E117/><V80/><REACH who="2" step="1"/><F54/><REACH who="2" ten="192,172,216,410" step="2"/><W20/><G20/><T19/><D22/><U99/><E128/><V96/><F96/><W55/><G55/><T28/><D85/><U111/><E21/><V87/><F87/><W37/><G37/><T0/><D86/><U104/><E99/><V108/><F108/><W47/><G97/><T16/><D84/><U89/><E110/><V64/><F64/><W88/><G66/><T23/><D23/><U134/><E134/><V112/><F112/><W101/><G92/><T1/><D82/><U11/><E111/><V9/><F9/><W53/><G53/><T17/><D78/><U118/><E118/><V15/><F15/><W46/><G103/><T91/><D0/><N who="1" m="263" /><E104/><V40/><F40/><W13/><G101/><T93/><D42/><U67/><E41/><V12/><F12/><W43/><G43/><RYUUKYOKU ba="0,1" sc="192,-10,172,-10,216,30,410,-10" hai2="6,7,30,31,45,51,52,80,81,83,95,98,102" /><INIT seed="4,1,1,3,5,9" ten="182,162,246,400" oya="0" hai0="66,27,16,65,94,25,85,35,45,0,4,32,49" hai1="119,24,98,15,132,38,20,123,51,83,57,6,69" hai2="39,134,13,103,100,116,89,54,133,22,43,70,21" hai3="130,104,84,92,55,127,44,62,12,120,95,7,121"/><T61/><D0/><U105/><E119/><V50/><F116/><W126/><G104/><T60/><D4/><U81/><E123/><N who="3" m="47178" /><G130/><T118/><D118/><U129/><E38/><V101/><F70/><W46/><G62/><N who="0" m="24171" /><D32/><U33/><E69/><V80/><F39/><W11/><G55/><N who="0" m="30127" /><D35/><U82/><E33/><V53/><F43/><W110/><G110/><T30/><D30/><U93/><E105/><V91/><F101/><W63/><G63/><T19/><D27/><U90/><E132/><V79/><F79/><W17/><G7/><T5/><D5/><U41/><E129/><V29/><F29/><W3/><G3/><T88/><D25/><U117/><E117/><V42/><F50/><W96/><G84/><T97/><D97/><U122/><E122/><V131/><F131/><W37/><G37/><T74/><D74/><U47/><E57/><V14/><REACH who="2" step="1"/><F42/><REACH who="2" ten="182,162,236,400" step="2"/><W71/><G71/><T1/><D1/><U31/><E6/><V64/><F64/><AGARI ba="1,2" hai="16,19,64,65,66,85,88,94" m="30127,24171" machi="64" ten="30,5800,0" yaku="8,1,54,2" doraHai="9" who="0" fromWho="2" sc="182,81,162,0,236,-61,400,0" /><INIT seed="4,2,0,5,0,68" ten="263,162,175,400" oya="0" hai0="4,32,31,9,135,28,58,90,101,95,92,99,77" hai1="17,105,49,85,120,21,19,119,71,56,133,116,38" hai2="78,103,102,128,113,7,45,70,0,111,127,41,57" hai3="11,88,20,108,94,42,75,93,114,130,131,39,36"/><T34/><D135/><U98/><E120/><V5/><F111/><W62/><G75/><T64/><D77/><U69/><E133/><V60/><F113/><W74/><G74/><T89/><D101/><U118/><E105/><V65/><F127/><W121/><G121/><T84/><D64/><U25/><E98/><V123/><F123/><W91/><G108/><T129/><D129/><N who="3" m="49161" /><G114/><T132/><D132/><U86/><E38/><N who="3" m="14378" /><G42/><T30/><REACH who="0" step="1"/><D58/><REACH who="0" ten="253,162,175,400" step="2"/><U27/><E56/><V50/><F128/><W10/><G62/><T16/><D16/><U6/><E118/><V117/><F117/><W12/><G91/><T59/><D59/><U33/><E6/><V24/><F78/><W55/><G88/><T83/><D83/><U22/><E49/><V53/><F7/><W40/><G40/><T14/><AGARI ba="2,1" hai="4,9,14,28,30,31,32,34,84,89,90,92,95,99" machi="14" ten="30,11700,0" yaku="1,1,0,1,53,2" doraHai="68" doraHaiUra="29" who="0" fromWho="0" sc="253,133,162,-41,175,-41,400,-41" /><INIT seed="4,3,0,3,5,28" ten="386,121,134,359" oya="0" hai0="126,3,47,61,100,6,114,113,134,70,76,60,119" hai1="8,4,132,104,15,48,71,14,38,58,36,116,49" hai2="109,23,19,37,12,133,32,30,13,25,130,92,97" hai3="79,78,16,46,31,106,115,7,117,131,91,68,107"/><T59/><D119/><U85/><E116/><V42/><F109/><W112/><G117/><T95/><D134/><U66/><E104/><N who="3" m="39978" /><G68/><T101/><D126/><U87/><E71/><V129/><F133/><W17/><G131/><N who="2" m="50185" /><F37/><W89/><G46/><T33/><D76/><N who="3" m="29225" /><G31/><T74/><D74/><U98/><E132/><V51/><F51/><W54/><G54/><T44/><D70/><U90/><E36/><V73/><F42/><W125/><G7/><T21/><D60/><N who="1" m="38167" /><E38/><V45/><F45/><W1/><G1/><T26/><D44/><U11/><E49/><V94/><F73/><W82/><G125/><T67/><D47/><U5/><E48/><V122/><F122/><W120/><G120/><T102/><D3/><U99/><E87/><V63/><F63/><W20/><G82/><AGARI ba="3,0" hai="4,5,8,11,14,15,82,85,90,98,99" m="38167" machi="82" ten="30,1000,0" yaku="8,1" doraHai="28" who="1" fromWho="3" sc="386,0,121,19,134,0,359,-19" /><INIT seed="5,0,0,2,0,94" ten="386,140,134,340" oya="1" hai0="34,7,129,15,18,8,53,133,122,116,74,103,73" hai1="128,10,40,30,50,85,135,77,79,5,107,72,68" hai2="45,69,61,41,62,108,98,110,115,134,31,39,78" hai3="67,4,96,83,63,60,48,2,112,26,65,111,54"/><U44/><E107/><V19/><F31/><W102/><G111/><T57/><D116/><U22/><E68/><V24/><F134/><W130/><G130/><T101/><D133/><U80/><E128/><V70/><F78/><W105/><G112/><T89/><D129/><U99/><E135/><V93/><F115/><W114/><G114/><T20/><D34/><U12/><E99/><V64/><F24/><W46/><G83/><T58/><D122/><U87/><E72/><V84/><F84/><W56/><G26/><T121/><D121/><U33/><E33/><V36/><F19/><W71/><G4/><T28/><D28/><U14/><E30/><V47/><F93/><W100/><G2/><T1/><D89/><U51/><E51/><V88/><F88/><W35/><G35/><T38/><D38/><U3/><REACH who="1" step="1"/><E22/><REACH who="1" ten="386,130,134,340" step="2"/><V90/><F98/><W109/><G109/><T25/><D74/><U97/><E97/><V37/><F90/><W13/><G102/><T127/><D73/><U86/><E86/><V55/><F36/><W0/><G96/><T66/><D101/><U82/><AGARI ba="0,1" hai="3,5,10,12,14,40,44,50,77,79,80,82,85,87" machi="82" ten="30,12000,1" yaku="1,1,0,1,9,1,53,2" doraHai="94" doraHaiUra="75" who="1" fromWho="1" sc="386,-40,130,130,134,-40,340,-40" /><INIT seed="5,1,0,4,2,21" ten="346,260,94,300" oya="1" hai0="8,50,70,61,28,119,126,56,37,88,45,103,110" hai1="31,120,32,74,52,4,127,106,98,51,49,125,17" hai2="20,29,0,14,57,75,115,105,12,123,108,109,59" hai3="78,85,129,54,99,94,128,93,92,10,62,19,34"/><U47/><E120/><V68/><F68/><W1/><G34/><T16/><D110/><U124/><E74/><V100/><F123/><W60/><G99/><T73/><D119/><U26/><E4/><V46/><F0/><W67/><G54/><T11/><D73/><U64/><E64/><V112/><F75/><W66/><G78/><T27/><D126/><U55/><E17/><V111/><F46/><W69/><G85/><T24/><D103/><N who="1" m="62839" /><E49/><V15/><F100/><W89/><G89/><T65/><D37/><U3/><E3/><V83/><F83/><W6/><REACH who="3" step="1"/><G19/><REACH who="3" ten="346,260,94,290" step="2"/><T43/><D16/><U71/><E71/><AGARI ba="1,1" hai="1,6,10,60,62,66,67,69,71,92,93,94,128,129" machi="71" ten="40,5200,0" yaku="1,1,2,1,9,1,53,0" doraHai="21" doraHaiUra="39" who="3" fromWho="1" sc="346,0,260,-55,94,0,290,65" /><INIT seed="6,0,0,0,5,29" ten="346,205,94,355" oya="2" hai0="3,70,13,67,112,105,116,95,65,107,111,58,33" hai1="85,68,72,80,43,108,45,25,64,22,132,126,27" hai2="18,40,47,98,63,134,32,1,60,21,110,75,89" hai3="86,14,106,42,52,115,92,120,9,83,0,59,17"/><V4/><F134/><W97/><G120/><T96/><D111/><U93/><E108/><V114/><F110/><W24/><G115/><T130/><D112/><U104/><E132/><V57/><F75/><W2/><G106/><T77/><D3/><U128/><E104/><V123/><F114/><W118/><G118/><T79/><D116/><U99/><E72/><V78/><F123/><W48/><G42/><T131/><D70/><U15/><E64/><N who="0" m="24649" /><D58/><U44/><E68/><V19/><F78/><N who="0" m="29706" /><D13/><U31/><E15/><V5/><F40/><W117/><G117/><T119/><D119/><U62/><E62/><V36/><F57/><W109/><G109/><T127/><D33/><U16/><E43/><V30/><F1/><W103/><G24/><T41/><D41/><U87/><E126/><V121/><F121/><W37/><G37/><T81/><D81/><U133/><E133/><V49/><F36/><W74/><G74/><T124/><D105/><U101/><E128/><N who="0" m="49193" /><D107/><U7/><E7/><V94/><F32/><W84/><G84/><N who="1" m="32330" /><E80/><V54/><F4/><W88/><AGARI ba="0,0" hai="0,2,9,14,17,48,52,59,83,86,88,92,97,103" machi="88" ten="20,5200,0" yaku="0,1,7,1,54,2" doraHai="29" who="3" fromWho="3" sc="346,-13,205,-13,94,-26,355,52" /><INIT seed="7,0,0,5,0,128" ten="333,192,68,407" oya="3" hai0="23,25,126,40,83,66,26,75,57,45,76,89,96" hai1="10,30,78,46,19,110,92,101,59,116,47,60,20" hai2="87,6,91,77,90,36,28,132,70,109,41,122,51" hai3="124,3,34,53,50,13,98,39,33,121,99,0,127"/><W56/><G39/><T134/><D126/><N who="3" m="48169" /><G13/><T86/><D96/><N who="3" m="36905" /><G121/><T62/><D23/><U106/><E106/><V55/><F122/><W68/><G68/><T31/><D31/><U44/><E78/><V79/><F109/><W104/><G104/><T107/><D107/><U43/><E110/><V27/><F70/><W32/><AGARI ba="0,0" hai="0,3,32,33,34,50,53,56" m="36905,48169" machi="32" ten="40,2100,0" yaku="18,1" doraHai="128" who="3" fromWho="3" sc="333,-7,192,-7,68,-7,407,21" owari="326,13.0,185,-21.0,61,-44.0,428,52.0" /></mjloggm>