<mjloggm ver="2.3"><GO type="41"/><UN n0="%64%61%7A%61%69" n1="%E3%81%82%E3%81%B0%E3%82%93%E3%81%A6%E3%81%83" n2="%6F%6F%62%61" n3="%E3%82%A6%E3%83%AB%E3%83%88%E3%83%A9%E7%AB%8B%E7%9B%B4" dan="14,14,13,15" rate="1937,1924,2068,1987" sx="M,M,M,M"/><TAIKYOKU oya="0"/><INIT seed="0,0,0,3,3,15" ten="250,250,250,250" oya="0" hai0="2,40,84,23,123,41,119,102,5,99,50,8,38" hai1="48,105,52,109,112,67,117,100,19,57,56,29,22" hai2="75,79,25,6,65,96,88,98,80,59,10,0,127" hai3="42,91,77,36,43,7,76,66,16,11,37,122,95"/><T4/><D123/><U92/><E117/><V33/><F127/><W20/><G66/><T32/><D119/><U82/><E105/><V106/><F106/><W34/><G34/><T74/><D32/><U69/><E69/><V46/><F65/><W68/><G68/><T27/><D74/><U49/><E109/><V103/><F59/><W125/><G122/><T70/><D70/><U35/><E35/><V116/><F116/><W115/><G115/><T53/><D5/><U118/><E29/><V12/><F103/><W114/><G114/><T86/><D38/><U126/><E126/><V28/><F88/><W60/><G60/><T30/><D41/><U124/><E124/><V63/><F63/><W3/><G125/><T108/><D40/><U107/><E107/><V83/><F83/><W21/><G21/><T134/><D108/><U9/><E67/><V62/><F62/><W73/><G42/><T45/><REACH who="0" step="1"/><D134/><REACH who="0" step="2"/><U132/><E132/><V71/><F71/><W90/><G73/><T14/><D14/><U31/><E118/><V94/><F0/><W51/><G37/><T58/><D58/><U18/><E57/><V89/><F46/><W44/><G36/><T135/><D135/><U54/><E56/><V120/><F120/><W101/><G43/><T130/><D130/><U47/><E47/><V13/><F12/><W72/><G44/><T129/><D129/><U110/><E110/><V93/><F33/><W64/><G72/><T24/><D24/><U55/><E112/><V81/><F25/><W128/><G128/><T131/><D131/><U121/><E121/><RYUUKYOKU ba="0,1" sc="240,30,250,-10,250,-10,250,-10" hai0="2,4,8,23,27,30,45,50,53,84,86,99,102" /><INIT seed="0,1,1,0,5,21" ten="270,240,240,240" oya="0" hai0="40,4,55,116,8,18,47,36,34,111,37,6,63" hai1="10,78,135,57,80,75,100,68,86,9,74,89,39" hai2="19,30,16,102,82,7,127,38,110,129,56,134,22" hai3="14,24,20,85,126,92,125,95,50,31,112,42,32"/><T26/><D116/><U103/><E39/><V49/><F38/><W93/><G112/><T90/><D37/><U73/><E68/><V58/><F110/><W67/><G67/><T52/><D34/><U43/><E43/><V77/><F134/><W113/><G113/><T33/><D33/><U108/><E108/><V61/><F127/><W54/><G42/><T59/><D111/><U101/><E135/><V94/><F129/><W133/><G133/><T5/><D90/><U105/><E57/><V76/><F7/><W53/><G85/><T131/><D131/><U106/><E9/><V64/><F49/><W109/><G109/><T98/><D98/><U0/><E0/><V107/><F58/><W44/><G53/><T12/><REACH who="0" step="1"/><D55/><REACH who="0" step="2"/><U62/><E62/><V65/><F61/><W25/><G32/><T2/><D2/><U13/><REACH who="1" step="1"/><E89/><REACH who="1" step="2"/><V115/><F115/><W124/><G125/><T69/><D69/><U51/><E51/><V35/><F35/><W79/><G126/><T11/><D11/><U70/><E70/><V48/><F48/><W28/><G124/><T119/><D119/><U84/><E84/><V88/><F88/><W130/><G130/><T83/><D83/><U99/><E99/><V41/><F41/><W91/><G91/><T114/><D114/><U3/><E3/><V122/><F56/><W81/><G81/><T23/><AGARI ba="1,3" hai="4,5,6,8,12,18,23,26,36,40,47,52,59,63" machi="23" ten="30,11700,0" yaku="1,1,0,1,52,1,54,1,53,0" doraHai="21" doraHaiUra="118" who="0" fromWho="0" sc="260,150,230,-40,240,-40,240,-40" /><INIT seed="0,2,0,5,2,116" ten="410,190,200,200" oya="0" hai0="61,7,77,115,58,100,35,12,42,11,124,15,51" hai1="33,130,112,121,127,125,95,21,49,86,134,47,111" hai2="120,54,92,91,126,46,90,41,110,103,129,119,89" hai3="93,108,18,106,80,23,123,62,48,122,94,128,68"/><T114/><D35/><U118/><E21/><V101/><F119/><W65/><G106/><T24/><D124/><U34/><E95/><V73/><F126/><W20/><G128/><T6/><D100/><U104/><E86/><V26/><F129/><W16/><G80/><T74/><D24/><U132/><E49/><V36/><F110/><W84/><G108/><T27/><D27/><U71/><E47/><V78/><F120/><N who="3" m="46123" /><G48/><T28/><D28/><U45/><E45/><V17/><F54/><W88/><G94/><T99/><D99/><U69/><E69/><V107/><F107/><W72/><G72/><T1/><D1/><U63/><E63/><V135/><F135/><W52/><G52/><T76/><D74/><U56/><E56/><V0/><F0/><W57/><G57/><T22/><D115/><U87/><E87/><V8/><F92/><W29/><G29/><T55/><D114/><U37/><E134/><V96/><F96/><W44/><G44/><N who="0" m="26007" /><D22/><AGARI ba="2,0" hai="16,18,20,22,23,62,65,68,84,88,93" m="46123" machi="22" ten="30,12000,2" yaku="13,1,52,3,54,2" doraHai="116" who="3" fromWho="0" sc="410,-126,190,0,200,0,200,126" /><INIT seed="1,0,0,3,0,27" ten="284,190,200,326" oya="1" hai0="110,45,126,1,123,106,96,30,65,68,14,51,62" hai1="54,13,103,128,97,129,49,125,80,42,41,78,99" hai2="29,20,127,107,63,16,131,81,90,5,111,75,57" hai3="70,58,124,50,0,116,53,35,33,9,79,36,134"/><U43/><E125/><V119/><F119/><W56/><G70/><T61/><D126/><U121/><E121/><V98/><F127/><W83/><G124/><T22/><D123/><U117/><E117/><V100/><F111/><W94/><G116/><T18/><D1/><U132/><E132/><V31/><F131/><N who="1" m="50249" /><E13/><V112/><F5/><W74/><G134/><T17/><D110/><U135/><E135/><V44/><F44/><W82/><G82/><T7/><D7/><U133/><E133/><V73/><F112/><W59/><G94/><T101/><D62/><U95/><E99/><V11/><F11/><W19/><G36/><T105/><D18/><U92/><E92/><V113/><F113/><W32/><REACH who="3" step="1"/><G19/><REACH who="3" step="2"/><T108/><D108/><U130/><E130/><V86/><F75/><W77/><G77/><T67/><D105/><U39/><E39/><V6/><F73/><W84/><G84/><T52/><REACH who="0" step="1"/><D67/><REACH who="0" step="2"/><U4/><E4/><AGARI ba="0,2" hai="0,4,9,32,33,35,50,53,56,58,59,74,79,83" machi="4" ten="40,2600,0" yaku="1,1,53,1" doraHai="27" doraHaiUra="72" who="3" fromWho="1" sc="274,0,190,-26,200,0,316,46" /><INIT seed="2,0,0,0,3,73" ten="274,164,200,362" oya="2" hai0="80,34,106,118,109,105,113,131,57,47,134,64,76" hai1="68,101,37,23,0,13,7,55,121,45,74,58,93" hai2="24,5,43,40,86,111,8,41,1,19,11,10,15" hai3="22,6,104,32,102,12,126,70,53,59,49,3,115"/><V98/><F111/><W83/><G32/><T36/><D57/><U100/><E121/><V108/><F108/><W77/><G115/><T66/><D134/><U39/><E68/><V123/><F123/><W117/><G117/><T65/><D131/><U87/><E74/><V79/><F98/><W60/><G126/><T97/><D113/><U84/><E0/><V95/><F95/><W119/><G119/><T50/><D118/><U2/><E2/><V89/><F89/><W78/><G3/><T130/><D36/><U103/><E7/><V85/><F79/><N who="3" m="30219" /><G104/><T124/><D109/><U17/><E45/><V128/><F128/><W132/><G132/><T25/><D124/><U92/><E39/><V61/><F61/><W129/><G129/><T81/><D81/><U30/><E37/><V107/><F107/><W62/><G102/><T35/><D130/><U16/><E30/><V67/><F67/><W120/><G120/><T88/><D106/><U114/><E114/><V18/><REACH who="2" step="1"/><F24/><REACH who="2" step="2"/><W133/><G133/><T122/><D122/><U112/><E112/><V82/><F82/><W75/><G83/><T135/><D135/><U125/><E125/><V110/><F110/><W9/><G70/><T99/><D105/><U31/><E93/><V56/><F56/><W21/><G75/><T44/><D25/><U63/><E92/><V29/><F29/><W54/><G62/><T20/><D80/><U52/><E31/><V48/><F48/><W42/><G42/><T69/><D69/><U28/><E28/><V94/><F94/><W26/><G26/><T51/><D76/><RYUUKYOKU ba="0,1" sc="274,-15,164,-15,190,15,362,15" hai2="1,5,8,10,11,15,18,19,40,41,43,85,86" hai3="6,9,12,21,22,49,53,54,59,60" /><INIT seed="2,1,1,5,3,65" ten="259,149,205,377" oya="2" hai0="42,101,119,39,57,89,117,122,36,120,84,44,76" hai1="78,56,135,35,9,102,127,31,62,90,83,13,91" hai2="53,41,68,114,124,51,32,82,77,104,107,86,50" hai3="118,92,15,133,60,21,111,131,70,100,105,0,98"/><V4/><F114/><W103/><G0/><T3/><D3/><U16/><E135/><V87/><F32/><W7/><G118/><N who="0" m="45067" /><D101/><U116/><E127/><V85/><F124/><W19/><G133/><T97/><D97/><U93/><E116/><V113/><F113/><W38/><G38/><T22/><D76/><U34/><E31/><V110/><F68/><W29/><G131/><T69/><D69/><U46/><E46/><V26/><F110/><W123/><G123/><N who="0" m="47147" /><D22/><U33/><E102/><V109/><F109/><W43/><G103/><T27/><D27/><U126/><E126/><V24/><F4/><W132/><G7/><T81/><D57/><U12/><E12/><V10/><F10/><W130/><G111/><T72/><D36/><U73/><REACH who="1" step="1"/><E93/><REACH who="1" step="2"/><V20/><F107/><W8/><G105/><T30/><D30/><U58/><E58/><N who="2" m="33079" /><F104/><W2/><G2/><T40/><D40/><U18/><E18/><N who="2" m="12311" /><F26/><W63/><G15/><T45/><D45/><AGARI ba="1,2" hai="41,45,51,77,82,85,86,87" m="12311,33079" machi="45" ten="30,1500,0" yaku="8,1" doraHai="65" who="2" fromWho="0" sc="259,-18,139,0,205,38,377,0" /><INIT seed="2,2,0,3,2,101" ten="241,139,243,377" oya="2" hai0="20,63,34,18,8,93,50,84,88,97,39,85,106" hai1="92,115,81,37,83,21,72,102,123,25,118,111,2" hai2="70,67,117,69,104,128,41,14,108,53,60,126,10" hai3="56,57,89,135,120,110,95,31,75,36,107,71,46"/><V26/><F117/><W22/><G120/><T30/><D39/><U116/><E2/><V13/><F104/><W0/><G0/><T35/><D106/><U131/><E37/><V40/><F126/><W4/><G71/><T45/><D30/><U127/><E21/><V15/><F128/><W47/><G75/><T98/><D35/><U125/><E25/><V80/><F70/><W132/><G107/><T62/><D34/><U122/><E72/><V66/><F108/><W61/><G4/><T1/><D1/><U49/><E49/><V121/><F121/><W9/><G9/><T3/><D3/><U12/><E12/><N who="2" m="4715" /><F69/><W59/><G61/><N who="0" m="23051" /><D8/><U28/><E28/><V114/><F114/><W100/><G100/><T52/><D98/><U105/><E105/><V99/><F26/><AGARI ba="2,0" hai="18,20,26,45,50,52,84,85,88,93,97" m="23051" machi="26" ten="30,3900,0" yaku="8,1,54,2" doraHai="101" who="0" fromWho="2" sc="241,45,139,0,243,-45,377,0" /><INIT seed="3,0,0,0,3,121" ten="286,139,198,377" oya="3" hai0="96,91,98,120,7,82,21,6,112,128,97,36,28" hai1="31,103,135,102,63,22,129,24,74,13,126,93,72" hai2="68,23,25,46,32,14,71,18,57,55,15,47,26" hai3="86,132,127,38,134,45,37,84,43,67,16,87,50"/><W122/><G122/><T60/><D120/><U4/><E135/><N who="3" m="51754" /><G67/><T107/><D36/><U65/><E129/><V54/><F32/><W117/><G117/><T52/><D128/><U76/><E126/><V70/><F57/><W8/><G127/><T88/><D107/><U108/><E103/><V92/><F92/><W53/><G53/><T34/><D34/><U11/><E76/><V110/><F68/><W89/><G89/><N who="0" m="34379" /><D112/><U100/><E100/><V105/><F105/><W79/><G79/><T61/><D82/><U99/><REACH who="1" step="1"/><E108/><REACH who="1" step="2"/><V69/><F110/><W27/><G8/><T41/><D41/><U48/><E48/><V119/><F119/><W1/><G1/><T90/><D90/><U10/><E10/><V62/><F62/><W130/><G130/><T118/><D118/><U17/><E17/><V125/><F18/><W58/><G38/><T64/><D64/><U109/><E109/><V3/><F3/><W51/><G37/><T49/><D61/><U78/><E78/><V39/><F39/><W44/><G51/><T40/><D60/><U77/><E77/><V101/><F101/><W20/><G44/><N who="0" m="27687" /><D40/><U80/><E80/><V75/><F125/><W5/><G5/><T123/><D123/><U0/><E0/><V116/><F116/><W2/><G2/><T56/><D56/><AGARI ba="0,1" hai="4,11,13,22,24,31,56,63,65,72,74,93,99,102" machi="56" ten="30,12000,2" yaku="1,1,7,1,25,2,53,2" doraHai="121" doraHaiUra="104" who="1" fromWho="0" sc="286,-120,129,130,198,0,377,0" /><AGARI ba="0,0" hai="16,20,27,43,45,50,56,58,84,86,87" m="51754" machi="56" ten="30,2900,0" yaku="20,1,54,1" doraHai="121" who="3" fromWho="0" sc="166,-29,259,0,198,0,377,29" /><INIT seed="3,1,0,4,3,102" ten="137,259,198,406" oya="3" hai0="85,30,72,19,31,112,27,77,82,115,56,44,29" hai1="103,12,100,86,124,11,80,66,122,3,17,75,88" hai2="87,133,117,127,35,20,74,111,53,42,97,0,89" hai3="113,57,110,99,61,5,71,68,43,48,70,22,45"/><W104/><G113/><T13/><D27/><U98/><E122/><V129/><F42/><W81/><G5/><T69/><D69/><U4/><E124/><V95/><F20/><W64/><G81/><T14/><D72/><U58/><E75/><V37/><F53/><W78/><G78/><T93/><D44/><U16/><E17/><V18/><F18/><W73/><G73/><T116/><D116/><U52/><E66/><V90/><F97/><W79/><G79/><T1/><D1/><U94/><E3/><V134/><F87/><W109/><G22/><T40/><D40/><U62/><REACH who="1" step="1"/><E4/><REACH who="1" step="2"/><V26/><F0/><W55/><G99/><T92/><D115/><U65/><E65/><V47/><F127/><W135/><G135/><T114/><D112/><U36/><E36/><V10/><F37/><N who="3" m="21743" /><G104/><T121/><D114/><U83/><E83/><V6/><F74/><W25/><G25/><T54/><D121/><U46/><E46/><AGARI ba="1,1" hai="46,48,55,57,61,64,68,70,71,109,110" m="21743" machi="46" ten="40,3900,0" yaku="34,2" doraHai="102" who="3" fromWho="1" sc="137,0,249,-42,198,0,406,52" /><INIT seed="3,2,0,4,2,114" ten="137,207,198,458" oya="3" hai0="48,93,17,8,5,33,6,51,111,19,28,89,69" hai1="59,3,0,102,110,73,52,84,105,22,14,78,108" hai2="130,62,64,87,116,44,79,58,75,85,30,66,120" hai3="128,39,34,81,106,132,27,95,53,1,37,61,124"/><W104/><G95/><T135/><D69/><U43/><E73/><V26/><F130/><W67/><G53/><T113/><D113/><U32/><E32/><V68/><F120/><W49/><G49/><T91/><D135/><U10/><E43/><V76/><F116/><W21/><G21/><T118/><D111/><N who="1" m="42539" /><E22/><V2/><F2/><W88/><G88/><T24/><D118/><U12/><E102/><V90/><F44/><W127/><G81/><T121/><D121/><U9/><E105/><V65/><F75/><W72/><G72/><T83/><D83/><N who="1" m="47223" /><E9/><V109/><F109/><W99/><G1/><N who="1" m="586" /><E10/><V42/><F42/><W63/><G128/><T46/><D91/><U35/><E35/><V13/><F13/><W18/><G132/><T11/><D51/><AGARI ba="2,0" hai="12,14,51,52,59" m="586,47223,42539" machi="51" ten="30,2000,0" yaku="14,1,54,1" doraHai="114" who="1" fromWho="0" sc="137,-26,207,26,198,0,458,0" /><INIT seed="4,0,0,1,1,68" ten="111,233,198,458" oya="0" hai0="110,93,21,16,44,74,122,14,30,46,75,9,132" hai1="111,107,3,61,49,128,72,41,63,127,87,58,133" hai2="91,119,38,125,102,52,82,54,47,73,67,19,99" hai3="32,106,79,76,12,36,55,131,109,94,8,23,4"/><T39/><D122/><U104/><E111/><V53/><F125/><W114/><G106/><T62/><D110/><U101/><E127/><V103/><F119/><W42/><G32/><T48/><D62/><U51/><E72/><V126/><F126/><W97/><G109/><T56/><D132/><U45/><E3/><V33/><F33/><W10/><G114/><T50/><D75/><U5/><E5/><V15/><F67/><W98/><G42/><T105/><D74/><U20/><E133/><V69/><F69/><W71/><G71/><T7/><D105/><U6/><E6/><V28/><F28/><W81/><G36/><T11/><D39/><U129/><E20/><V2/><F2/><W121/><G121/><T64/><D93/><U78/><E101/><V117/><F117/><W92/><G55/><N who="0" m="30087" /><D30/><U22/><E22/><V116/><F116/><W1/><G23/><T115/><D115/><U89/><E78/><V34/><F34/><W124/><G124/><T135/><D135/><U123/><E123/><V57/><F73/><W43/><G43/><N who="0" m="24927" /><D7/><U59/><E107/><V113/><F113/><W118/><G4/><T27/><D27/><U0/><E104/><V120/><F120/><W13/><G1/><T108/><D108/><U70/><E0/><V96/><F38/><W85/><G118/><T18/><D18/><U95/><E70/><V86/><F47/><W90/><G92/><T26/><D26/><U112/><E112/><V134/><F134/><W24/><G24/><T65/><D56/><N who="1" m="21547" /><E51/><V37/><F57/><W84/><G94/><T35/><D35/><RYUUKYOKU ba="0,0" sc="111,15,233,15,198,-15,458,-15" hai0="9,11,14,16,21,64,65" hai1="41,45,49,61,63,87,89,95,128,129" /><INIT seed="4,1,0,2,5,131" ten="126,248,183,443" oya="0" hai0="2,113,68,15,102,65,24,73,124,79,7,80,14" hai1="50,106,60,69,6,58,98,129,44,64,127,120,95" hai2="34,8,36,86,71,94,87,51,90,116,20,43,75" hai3="130,118,11,22,85,54,41,63,99,100,18,66,35"/><T105/><D14/><U78/><E120/><V57/><F34/><W92/><G35/><T31/><D15/><U21/><E106/><V48/><F75/><W4/><G130/><T117/><D117/><U132/><E129/><V104/><F71/><W61/><G41/><T133/><D124/><U107/><E107/><V96/><F104/><W123/><G118/><T114/><D133/><U125/><E6/><V67/><F36/><W103/><G103/><T134/><D134/><U12/><E132/><V115/><F115/><N who="0" m="44042" /><D105/><U53/><E78/><V5/><F116/><W93/><G123/><T74/><D102/><U42/><E12/><N who="2" m="5135" /><F20/><W40/><G11/><N who="0" m="2551" /><D73/><U9/><E9/><V26/><F26/><W46/><G4/><T59/><D59/><U16/><E21/><V52/><F67/><W56/><G85/><N who="2" m="32265" /><F43/><W83/><G83/><T29/><D24/><U101/><REACH who="1" step="1"/><E16/><REACH who="1" step="2"/><V10/><F10/><W19/><G22/><T126/><D126/><U47/><E47/><V13/><F13/><W70/><G93/><T111/><D111/><U17/><E17/><V0/><F0/><W25/><G25/><T122/><D122/><U112/><E112/><V37/><F37/><AGARI ba="1,1" hai="18,19,37,40,46,54,56,61,63,66,70,92,99,100" machi="37" ten="30,1000,0" yaku="7,1" doraHai="131" who="3" fromWho="2" sc="126,0,238,0,183,-13,443,23" /><AGARI ba="1,0" hai="37,42,44,50,53,58,60,64,69,95,98,101,125,127" machi="37" ten="40,8000,1" yaku="1,1,24,2,53,1" doraHai="131" doraHaiUra="49" who="1" fromWho="2" sc="126,0,238,80,170,-80,466,0" /><INIT seed="5,0,0,0,0,37" ten="126,318,90,466" oya="1" hai0="90,98,44,110,109,102,115,72,36,23,46,89,77" hai1="59,93,69,101,125,94,27,49,127,129,16,14,39" hai2="58,34,63,61,96,53,126,76,122,73,42,31,79" hai3="78,106,0,135,134,100,113,124,20,114,32,103,4"/><U26/><E69/><V17/><F122/><W92/><G32/><T5/><D5/><U99/><E39/><V116/><F116/><W50/><G4/><T105/><D115/><N who="3" m="44041" /><G0/><T13/><D46/><U3/><E3/><V40/><F126/><N who="1" m="48137" /><E129/><V82/><F76/><W10/><G10/><T87/><D89/><U123/><E123/><V128/><F128/><W95/><G124/><T65/><D65/><U130/><E130/><V48/><F17/><W41/><G20/><T6/><D6/><U24/><E59/><V25/><F96/><N who="3" m="61703" /><G78/><T132/><D132/><N who="3" m="50729" /><G103/><T11/><D23/><N who="1" m="11671" /><E49/><V19/><F19/><W71/><G71/><T75/><D13/><U80/><E80/><V107/><F107/><AGARI ba="0,0" hai="24,26,27,93,94,99,101,107" m="11671,48137" machi="107" ten="30,2900,0" yaku="18,1,54,1" doraHai="37" who="1" fromWho="2" sc="126,0,318,29,90,-29,466,0" /><INIT seed="5,1,0,0,0,17" ten="126,347,61,466" oya="1" hai0="127,104,111,31,123,85,34,98,109,124,103,66,101" hai1="67,94,28,59,93,4,2,9,131,29,61,92,21" hai2="18,22,23,90,69,37,130,32,20,0,42,33,72" hai3="51,6,122,110,119,91,46,26,126,43,12,83,97"/><U7/><E131/><V27/><F72/><W112/><G122/><T47/><D66/><U76/><E76/><V108/><F69/><W121/><G121/><T107/><D123/><U39/><E39/><V129/><F37/><W120/><G120/><T58/><D58/><U71/><E7/><V88/><F42/><W134/><G110/><N who="0" m="41995" /><D47/><U115/><E115/><V84/><F108/><W40/><G126/><N who="0" m="48171" /><D31/><U13/><REACH who="1" step="1"/><E71/><REACH who="1" step="2"/><V8/><F129/><W57/><G112/><T100/><D34/><U105/><E105/><N who="0" m="40521" /><D85/><U117/><E117/><V11/><F130/><W102/><G119/><T78/><D78/><U80/><E80/><N who="2" m="49159" /><F32/><W48/><G83/><T116/><D116/><U49/><E49/><V38/><F33/><W3/><G51/><T54/><D54/><U99/><E99/><AGARI ba="1,1" hai="98,99,100,101,103" m="40521,48171,41995" machi="99" ten="40,8000,1" yaku="28,2,18,1,34,2" doraHai="17" who="0" fromWho="1" sc="126,93,337,-83,61,0,466,0" /><INIT seed="6,0,0,3,3,124" ten="219,254,61,466" oya="2" hai0="67,61,24,16,47,134,8,123,125,113,49,80,89" hai1="119,52,60,48,14,11,96,59,40,54,53,131,15" hai2="75,117,29,87,120,132,127,44,105,79,28,129,130" hai3="13,65,26,86,111,92,69,70,68,94,56,121,98"/><V31/><F117/><W0/><G0/><T41/><D134/><U74/><E74/><V22/><F120/><W27/><G121/><T122/><D113/><U55/><E119/><V102/><F127/><W63/><G111/><T109/><D125/><U88/><E131/><N who="2" m="50187" /><F132/><W50/><G13/><N who="1" m="4618" /><E11/><V39/><F87/><W4/><G4/><T84/><D109/><U38/><E38/><V90/><F90/><W126/><G126/><T21/><REACH who="0" step="1"/><D8/><REACH who="0" step="2"/><U81/><E81/><N who="2" m="45311" /><F39/><W51/><G86/><T83/><D83/><U58/><E96/><N who="2" m="61639" /><F44/><W73/><G73/><T128/><D128/><U62/><E88/><V7/><F7/><W77/><G98/><T78/><D78/><U97/><E97/><V72/><F72/><W57/><G77/><T82/><D82/><U107/><E107/><V118/><F118/><W114/><G94/><T133/><D133/><U19/><E19/><V37/><F37/><W116/><G92/><T66/><D66/><U46/><AGARI ba="0,1" hai="40,46,48,52,53,54,55,58,59,60,62" m="4618" machi="46" ten="30,2000,0" yaku="8,1,54,1" doraHai="124" who="1" fromWho="1" sc="209,-5,254,30,61,-10,466,-5" /><INIT seed="7,0,0,5,5,54" ten="204,284,51,461" oya="3" hai0="14,79,128,116,72,41,105,80,1,111,82,18,103" hai1="16,12,101,81,77,96,61,121,118,46,44,49,39" hai2="5,129,124,88,68,97,75,28,74,87,15,73,22" hai3="59,86,50,19,29,57,92,126,84,127,56,66,65"/><W78/><G29/><T98/><D111/><U0/><E0/><V133/><F68/><W90/><G50/><T130/><D1/><U89/><E121/><V99/><F5/><W27/><G27/><T55/><D41/><U112/><E89/><V52/><F28/><W6/><G6/><T33/><D33/><U24/><E24/><V31/><F31/><W106/><G106/><T45/><D116/><U83/><E118/><V53/><F22/><W34/><G34/><T13/><D13/><U85/><E83/><V119/><F119/><W100/><G100/><T117/><D117/><U7/><E7/><V122/><F15/><W134/><G19/><T132/><D132/><U104/><E112/><V120/><F133/><W30/><G30/><T3/><D3/><U43/><E61/><V123/><F129/><W17/><G17/><T8/><D82/><U93/><E104/><V23/><F23/><W94/><G134/><T42/><D130/><U115/><E115/><V108/><F124/><N who="3" m="47659" /><G78/><T62/><D128/><U26/><E26/><V32/><F32/><W9/><G9/><T110/><D110/><U114/><E114/><V48/><F108/><W131/><G131/><T109/><D109/><U135/><E135/><V21/><F21/><W113/><G113/><T69/><D42/><U11/><E39/><V102/><F102/><W51/><G51/><T40/><D40/><U76/><E76/><V64/><F64/><N who="3" m="24683" /><G90/><T38/><D38/><U58/><E46/><V70/><F70/><W107/><G107/><T60/><D69/><U25/><E25/><V37/><F37/><RYUUKYOKU ba="0,0" sc="204,10,284,10,51,-30,461,10" hai0="8,14,18,45,55,60,62,72,79,80,98,103,105" hai1="11,12,16,43,44,49,58,77,81,85,93,96,101" hai3="56,57,59,84,86,92,94" /><INIT seed="7,1,0,1,3,45" ten="214,294,21,471" oya="3" hai0="68,129,116,16,11,33,34,10,127,105,89,82,13" hai1="64,1,126,4,60,43,59,63,74,88,112,78,124" hai2="107,69,6,67,70,108,36,111,53,9,5,47,2" hai3="51,95,98,83,58,125,93,41,113,109,50,99,130"/><W55/><G109/><T134/><D105/><U15/><E1/><V52/><F107/><W65/><G125/><N who="1" m="48234" /><E112/><V96/><F96/><W122/><G122/><T115/><D127/><U104/><E104/><V120/><F9/><W49/><G113/><T103/><D68/><U14/><E43/><V118/><F6/><W0/><G0/><T101/><D115/><U17/><E74/><V94/><F94/><W135/><G65/><T86/><D116/><U22/><E78/><V90/><F90/><N who="3" m="55607" /><G130/><T66/><D66/><U12/><E4/><V57/><F5/><W35/><G35/><T133/><D129/><U132/><E132/><V121/><F2/><W26/><G135/><T87/><D134/><U18/><E18/><V100/><F100/><N who="3" m="60543" /><G41/><T29/><D133/><U123/><E123/><V19/><F19/><W46/><G46/><T24/><D34/><U114/><E114/><V73/><F73/><W37/><G37/><T54/><D11/><U42/><E42/><V85/><F85/><W76/><G26/><T7/><D87/><AGARI ba="1,0" hai="49,50,51,55,58,76,83,87" m="60543,55607" machi="87" ten="30,11600,0" yaku="8,1,52,3" doraHai="45" who="3" fromWho="0" sc="214,-119,294,0,21,0,471,119" owari="95,-30,294,9,21,-48,590,69" /></mjloggm>