<mjloggm ver="2.3"><GO type="41"/><UN n0="%63%68%65%72%72%79%25" n1="%E9%9D%92%E6%A3%AE%E7%9C%8C%E6%B0%91" n2="%EF%BC%88%E2%89%A7%E2%96%BD%E2%89%A6%EF%BC%89" n3="%E6%B5%AA%E4%BA%BA%E5%A4%AA%E9%83%8E" dan="14,14,15,13" rate="1894,1999,2062,1835" sx="M,F,M,M"/><TAIKYOKU oya="0"/><INIT seed="0,0,0,5,5,80" ten="250,250,250,250" oya="0" hai0="49,130,40,11,103,84,113,56,134,117,127,92,17" hai1="70,63,27,35,102,66,68,6,14,60,58,89,75" hai2="78,124,19,119,74,57,52,69,88,29,90,76,82" hai3="59,106,44,1,115,120,31,51,98,25,93,39,15"/><T37/><D117/><U114/><E75/><V126/><F69/><W73/><G1/><T101/><D113/><U105/><E114/><V94/><F119/><W36/><G115/><T18/><D37/><U45/><E45/><V135/><F135/><W112/><G112/><T23/><D134/><U50/><E50/><V71/><F71/><W133/><G73/><T86/><D130/><U0/><E0/><V28/><F76/><W8/><G133/><T129/><D129/><U46/><E46/><V107/><F19/><N who="0" m="7178" /><D11/><U91/><E70/><V30/><F107/><W9/><G106/><T42/><D23/><U118/><E118/><V109/><F109/><W38/><G120/><T99/><D101/><U116/><E116/><V77/><F77/><W61/><G15/><T79/><D79/><U2/><E2/><V21/><F21/><W26/><G9/><T16/><N who="0" m="7186" /><T47/><DORA hai="125" /><D127/><N who="2" m="48682" /><F94/><W128/><G8/><T34/><D34/><U108/><E108/><V53/><F53/><W12/><G12/><T10/><D10/><U85/><E14/><V41/><F41/><N who="0" m="15978" /><D56/><U32/><E58/><V33/><F33/><W7/><G128/><T83/><D83/><U122/><E35/><V43/><F43/><AGARI ba="0,0" hai="43,47,49,84,86,92,99,103" m="15978,7186" machi="43" ten="30,11600,0" yaku="8,1,52,2,54,1" doraHai="80,125" who="0" fromWho="2" sc="250,116,250,0,250,-116,250,0" /><INIT seed="0,1,0,0,4,87" ten="366,250,134,250" oya="0" hai0="58,125,68,118,38,4,39,126,35,100,13,127,49" hai1="122,20,115,101,29,31,12,32,63,77,43,102,111" hai2="37,116,97,65,26,28,24,98,0,86,113,133,8" hai3="73,106,80,70,110,62,3,34,81,134,90,7,84"/><T72/><D35/><U53/><E122/><V83/><F116/><W89/><G106/><T131/><D72/><U56/><E115/><V22/><F133/><W51/><G134/><T105/><D118/><U130/><E130/><V57/><F113/><W69/><G34/><T85/><D68/><U128/><E128/><V61/><F37/><W2/><G110/><T67/><D131/><U15/><E111/><V47/><F47/><W92/><G51/><T54/><D67/><U91/><E77/><V129/><F129/><W107/><G107/><T103/><D85/><U99/><E43/><V93/><F26/><W119/><G119/><T11/><REACH who="0" step="1"/><D103/><REACH who="0" step="2"/><U14/><E32/><V60/><F65/><W52/><G73/><T109/><D109/><U104/><E104/><V30/><F83/><W45/><G84/><T9/><D9/><U135/><E135/><V46/><F86/><W19/><G69/><T78/><D78/><U79/><E79/><V66/><F8/><W55/><G70/><T42/><D42/><U132/><E132/><V95/><F66/><W74/><G74/><T112/><D112/><U25/><E31/><V120/><F30/><W44/><G81/><T33/><D33/><U1/><E1/><V82/><F0/><W27/><G80/><T10/><D10/><U17/><E29/><V123/><F28/><W114/><G3/><T124/><N who="0" m="32256" /><DORA hai="71" /><T23/><D23/><U21/><E21/><V96/><F22/><N who="3" m="13791" /><G2/><T41/><D41/><U59/><E101/><V16/><F82/><W6/><G114/><T75/><D75/><U94/><E102/><RYUUKYOKU ba="1,1" sc="356,15,250,15,134,-15,250,-15" hai0="4,11,13,38,39,49,54,58,100,105" hai1="12,14,15,17,20,25,53,56,59,63,91,94,99" /><INIT seed="0,2,1,1,3,31" ten="371,265,119,235" oya="0" hai0="43,70,67,30,99,86,60,83,39,65,92,126,132" hai1="36,19,135,76,50,29,3,125,53,28,63,35,134" hai2="98,16,101,42,95,113,25,68,6,26,64,37,96" hai3="80,111,78,108,107,27,93,87,41,15,129,47,10"/><T121/><D121/><U75/><E36/><V128/><F113/><W116/><G107/><T103/><D67/><U7/><E29/><V106/><F128/><W123/><G129/><T88/><D132/><N who="1" m="50731" /><E125/><V127/><F127/><W72/><G116/><T51/><D126/><U54/><E63/><V13/><F6/><W55/><G123/><T23/><D39/><U89/><E19/><V45/><F64/><W21/><G55/><T11/><D11/><N who="1" m="2559" /><E50/><V4/><F4/><W69/><G69/><T17/><D30/><U90/><E76/><V18/><F68/><W5/><G93/><T122/><D122/><U34/><E28/><V85/><F85/><W9/><G9/><T74/><D74/><U94/><E75/><V120/><F120/><W114/><G114/><T79/><D51/><U2/><E2/><V8/><REACH who="2" step="1"/><F18/><REACH who="2" step="2"/><N who="3" m="12727" /><G72/><T38/><D38/><U112/><E112/><V49/><F49/><N who="3" m="26863" /><G108/><T84/><D43/><U48/><E48/><V62/><F62/><W1/><G111/><T0/><D0/><AGARI ba="2,2" hai="0,1,5,10,15,78,80,87" m="26863,12727" machi="0" ten="30,1000,0" yaku="25,1" doraHai="31" who="3" fromWho="0" sc="371,-16,265,0,109,0,235,36" /><INIT seed="1,0,0,5,4,64" ten="355,265,109,271" oya="1" hai0="12,68,19,50,114,7,3,128,60,110,23,51,0" hai1="21,41,18,87,120,77,125,92,57,24,98,71,52" hai2="47,134,86,35,101,38,133,56,45,58,122,66,119" hai3="2,20,96,108,124,132,22,115,116,37,16,109,15"/><U13/><E120/><V39/><F86/><W102/><G37/><N who="2" m="13833" /><F101/><W10/><G115/><T67/><D114/><U26/><E125/><V91/><F91/><W31/><G124/><T82/><D128/><U49/><E41/><V43/><F35/><W93/><G116/><T121/><D121/><U76/><E71/><V1/><F1/><W84/><G132/><N who="2" m="50793" /><F122/><W131/><G131/><T5/><D110/><N who="3" m="42601" /><G2/><T42/><D82/><N who="1" m="47559" /><E77/><V78/><F78/><W55/><G31/><T81/><D81/><U46/><E46/><N who="2" m="17419" /><F119/><W9/><G84/><T8/><D42/><U33/><E33/><V104/><F104/><W40/><G40/><T27/><D27/><U85/><E85/><V100/><F100/><AGARI ba="0,0" hai="13,18,21,24,26,49,52,57,92,98,100" m="47559" machi="100" ten="30,2900,0" yaku="8,1,54,1" doraHai="64" who="1" fromWho="2" sc="355,0,265,29,109,-29,271,0" /><INIT seed="1,1,0,0,3,7" ten="355,294,80,271" oya="1" hai0="13,115,81,44,39,117,59,97,130,91,36,41,82" hai1="23,52,71,42,4,129,113,33,8,68,89,22,101" hai2="76,123,1,0,25,95,66,10,88,132,99,79,65" hai3="26,108,127,75,83,46,18,5,86,118,131,85,37"/><U70/><E113/><V77/><F123/><W51/><G108/><T19/><D117/><U38/><E33/><V119/><F119/><W106/><G118/><T84/><D115/><U32/><E32/><V43/><F132/><W92/><G131/><T90/><D130/><U20/><E129/><V16/><F43/><W57/><G106/><T24/><D24/><U103/><E89/><V110/><F110/><W80/><G127/><T98/><D36/><U60/><E42/><V104/><F104/><W14/><G37/><T125/><D125/><U133/><E133/><V12/><REACH who="2" step="1"/><F25/><REACH who="2" step="2"/><W100/><G26/><T21/><D41/><U55/><E38/><V114/><F114/><W96/><G75/><T64/><D39/><U124/><E124/><V112/><F112/><W11/><G5/><T93/><D44/><U69/><E69/><V35/><F35/><W45/><G57/><T47/><D47/><U29/><E60/><V61/><F61/><W111/><G111/><T109/><D109/><U128/><E128/><V116/><F116/><W67/><G67/><AGARI ba="1,1" hai="0,1,10,12,16,65,66,67,76,77,79,88,95,99" machi="67" ten="40,8000,1" yaku="1,1,52,1,54,2,53,0" doraHai="7" doraHaiUra="53" who="2" fromWho="3" sc="355,0,294,0,70,93,271,-83" /><INIT seed="2,0,0,5,0,50" ten="355,294,163,188" oya="2" hai0="7,0,115,116,132,37,70,119,92,42,32,6,25" hai1="102,21,28,35,121,81,56,120,75,95,73,84,114" hai2="49,110,2,52,13,112,54,131,79,29,44,113,74" hai3="98,105,51,17,106,63,78,96,134,90,65,130,19"/><V125/><F2/><W87/><G130/><T23/><D70/><U101/><E114/><V16/><F131/><W129/><G129/><T67/><D67/><U77/><E35/><V69/><F69/><W26/><G134/><T91/><D32/><U100/><E56/><V99/><F125/><W18/><G78/><T24/><D115/><U108/><E28/><V55/><F110/><W68/><G26/><T58/><D25/><U10/><E10/><V85/><F74/><N who="1" m="28169" /><E21/><N who="2" m="11407" /><F113/><W15/><G15/><T45/><D132/><U8/><E8/><V82/><F112/><W14/><G14/><T123/><D123/><N who="1" m="47179" /><E108/><V22/><F99/><AGARI ba="0,0" hai="77,81,84,95,99,100,101,102" m="47179,28169" machi="99" ten="30,3900,0" yaku="13,1,34,2" doraHai="50" who="1" fromWho="2" sc="355,0,294,39,163,-39,188,0" /><INIT seed="3,0,0,1,2,52" ten="355,333,124,188" oya="3" hai0="9,81,18,59,14,65,64,49,133,63,105,57,116" hai1="73,92,44,19,110,45,51,28,20,60,111,78,91" hai2="128,77,12,127,48,8,84,130,72,93,120,122,2" hai3="103,33,90,119,101,123,25,132,26,75,11,40,43"/><W82/><G119/><T88/><D105/><U125/><E125/><V32/><F32/><W0/><G123/><N who="2" m="47145" /><F2/><W99/><G132/><T1/><D1/><U38/><E38/><V108/><F48/><W35/><G0/><T61/><D133/><U24/><E73/><V70/><F70/><W17/><G35/><T126/><D126/><U131/><E131/><N who="2" m="50219" /><F12/><N who="3" m="7327" /><G75/><T53/><D116/><U118/><E118/><V39/><F8/><W54/><G33/><T23/><D23/><U107/><E20/><V37/><F39/><W114/><G114/><T6/><D6/><U56/><E51/><V117/><F37/><W124/><G124/><T15/><D15/><U50/><E50/><V7/><F7/><W16/><G54/><T55/><D49/><U109/><E109/><V86/><F127/><W5/><G5/><T34/><D34/><U80/><E110/><V115/><F117/><W89/><G26/><T95/><D81/><U41/><E24/><V121/><N who="2" m="47153" /><V94/><DORA hai="113" /><F115/><W47/><G82/><T79/><D79/><U98/><E111/><V36/><F36/><W85/><G47/><T29/><D29/><U10/><E28/><V102/><F108/><W83/><G40/><T104/><D104/><U134/><E45/><V67/><F67/><W13/><G25/><T97/><AGARI ba="0,0" hai="9,14,18,53,55,57,59,61,63,64,65,88,95,97" machi="97" ten="20,12000,2" yaku="0,1,7,1,9,1,8,1,52,2,54,1" doraHai="52,113" who="0" fromWho="0" sc="355,120,333,-30,124,-30,188,-60" /><INIT seed="4,0,0,1,4,94" ten="475,303,94,128" oya="0" hai0="93,9,108,2,11,29,41,30,49,135,105,103,123" hai1="134,46,20,83,72,3,111,53,28,47,40,100,73" hai2="116,128,65,120,107,129,22,98,115,14,118,44,38" hai3="4,81,117,104,54,12,97,71,15,48,92,45,80"/><T84/><D123/><U130/><E3/><V77/><F120/><W24/><G71/><T106/><D135/><U70/><E70/><V51/><F38/><W109/><G109/><T7/><D9/><U27/><E111/><V110/><F110/><W125/><G104/><T102/><D108/><U33/><E134/><V19/><F115/><W10/><G117/><N who="2" m="45161" /><F65/><W121/><G121/><T60/><D60/><U69/><E69/><V74/><F74/><W13/><G125/><T50/><D11/><U59/><E130/><N who="2" m="50283" /><F77/><W88/><REACH who="3" step="1"/><G24/><REACH who="3" step="2"/><T32/><D106/><U124/><E27/><V1/><F1/><AGARI ba="0,1" hai="1,4,10,12,13,15,45,48,54,80,81,88,92,97" machi="1" ten="40,12000,2" yaku="1,1,2,1,52,1,54,1,53,2" doraHai="94" doraHaiUra="79" who="3" fromWho="2" sc="475,0,303,0,94,-120,118,130" owari="475,58.0,303,10.0,-26,-53.0,248,-15.0" /></mjloggm>