<mjloggm ver="2.3"><GO type="137"/><UN n0="%EF%BC%88%E2%89%A7%E2%96%BD%E2%89%A6%EF%BC%89" n1="%48%61%72%75%33%36" n2="%76%6F%78%78%78" n3="%30%33%32" dan="11,11,11,11" rate="1873,1598,1567,1542" sx="M,M,M,M"/><TAIKYOKU oya="0"/><INIT seed="0,0,0,5,5,6" ten="250,250,250,250" oya="0" hai0="135,61,97,2,109,30,68,1,106,131,14,16,121" hai1="129,103,82,35,26,9,80,42,23,10,119,40,113" hai2="34,133,36,120,127,15,44,96,83,46,84,39,130" hai3="25,62,69,86,50,54,112,108,88,29,66,117,76"/><T59/><D121/><U3/><E119/><V53/><F120/><W58/><G117/><T7/><D135/><U21/><E103/><V124/><F133/><W4/><G112/><T134/><D134/><U27/><E113/><V38/><F130/><W13/><G76/><T93/><D106/><U55/><E35/><V31/><F96/><W79/><G108/><T115/><D115/><U71/><E55/><V70/><F70/><W60/><G79/><T52/><D131/><U122/><E122/><V85/><F15/><W43/><G43/><T48/><D109/><U8/><E3/><V87/><F83/><N who="1" m="31785" /><E129/><V104/><F104/><W90/><G62/><T116/><D116/><U94/><E71/><V57/><F34/><W75/><G75/><T5/><D30/><N who="1" m="17743" /><E94/><V73/><F73/><W63/><G63/><T19/><D1/><U45/><E45/><V99/><F31/><AGARI ba="0,0" hai="8,9,10,23,27,31,40,42" m="17743,31785" machi="31" ten="30,7700,0" yaku="8,1,52,3" doraHai="6" who="1" fromWho="2" sc="250,0,250,77,250,-77,250,0" /><INIT seed="1,0,0,5,0,94" ten="250,327,173,250" oya="1" hai0="59,39,57,11,97,27,76,10,32,31,134,61,42" hai1="82,103,7,63,50,115,18,120,101,44,125,34,43" hai2="129,124,104,48,119,106,28,49,74,65,60,23,123" hai3="14,8,128,21,1,0,91,64,90,116,132,69,89"/><U45/><E115/><V130/><F119/><W118/><G69/><T30/><D134/><U16/><E34/><V62/><F123/><W38/><G38/><T67/><D31/><U55/><E120/><V66/><F124/><W73/><G64/><N who="2" m="24681" /><F74/><W17/><G73/><T26/><D76/><U88/><E125/><V53/><F28/><W109/><G132/><T46/><D27/><U6/><E6/><V133/><F133/><W37/><G37/><T5/><D97/><U13/><E44/><V79/><F79/><W95/><G128/><N who="2" m="49257" /><F23/><W20/><G109/><T78/><D78/><U84/><E63/><N who="2" m="24107" /><F53/><W77/><G77/><T72/><D72/><U122/><E122/><V51/><AGARI ba="0,0" hai="48,49,51,104,106" m="24107,49257,24681" machi="51" ten="40,5200,0" yaku="28,2,19,1" doraHai="94" who="2" fromWho="2" sc="250,-13,327,-26,173,52,250,-13" /><INIT seed="2,0,0,3,4,30" ten="237,301,225,237" oya="2" hai0="51,88,32,27,126,92,87,112,29,42,94,93,15" hai1="66,45,60,0,98,95,21,132,61,10,3,24,131" hai2="20,86,102,81,47,59,67,124,130,5,77,55,107" hai3="84,63,68,62,111,13,103,1,2,109,6,135,37"/><V106/><F124/><W18/><G37/><T117/><D112/><U39/><E131/><V79/><F130/><W75/><G75/><T82/><D126/><U64/><E132/><V110/><F110/><W83/><G103/><T97/><D117/><U56/><E39/><V50/><F77/><W114/><G68/><T17/><D42/><U33/><E10/><V73/><F73/><W113/><G135/><T38/><D38/><U54/><E45/><V74/><F74/><W7/><G84/><T4/><D51/><U91/><E66/><V123/><F123/><W128/><G83/><T104/><D4/><N who="3" m="1577" /><G128/><T129/><D129/><U90/><E33/><V36/><F36/><W115/><G13/><T9/><REACH who="0" step="1"/><D104/><REACH who="0" step="2"/><U99/><E0/><N who="3" m="106" /><G18/><T96/><AGARI ba="0,1" hai="9,15,17,27,29,32,82,87,88,92,93,94,96,97" machi="96" ten="30,7900,0" yaku="1,1,0,1,52,1,54,1,53,0" doraHai="30" doraHaiUra="35" who="0" fromWho="0" sc="227,89,301,-20,225,-39,237,-20" /><INIT seed="3,0,0,2,2,117" ten="316,281,186,217" oya="3" hai0="94,79,128,51,70,36,26,116,75,73,127,23,58" hai1="88,47,38,104,10,37,81,78,90,50,103,105,46" hai2="20,33,74,125,0,39,65,7,59,126,24,27,48" hai3="55,43,40,106,45,82,61,133,1,11,118,91,109"/><W107/><G118/><T14/><D116/><U6/><E105/><V98/><F39/><W21/><G133/><T44/><D70/><U35/><E35/><V25/><F74/><W18/><G43/><T86/><D128/><U87/><E46/><V29/><F98/><W135/><G135/><T110/><D110/><U12/><E37/><V111/><F111/><W124/><G124/><N who="2" m="47721" /><F20/><W63/><G109/><T112/><D127/><U17/><E38/><V80/><F80/><W2/><G11/><T67/><D112/><U129/><E129/><V96/><F96/><W83/><G55/><T114/><D114/><U19/><E104/><N who="3" m="39978" /><G91/><N who="0" m="53623" /><D36/><U99/><E17/><V115/><F115/><W66/><G66/><T134/><D134/><U130/><E130/><V53/><F65/><W28/><G28/><T22/><D73/><U4/><E4/><V5/><F5/><W119/><G119/><T85/><D75/><U49/><E19/><V122/><F122/><W15/><G40/><T71/><D67/><U121/><E50/><V8/><AGARI ba="0,0" hai="0,7,8,24,25,27,29,33,48,53,59" m="47721" machi="8" ten="30,1100,0" yaku="18,1" doraHai="117" who="2" fromWho="2" sc="316,-3,281,-3,186,11,217,-5" /><INIT seed="4,0,0,5,2,38" ten="313,278,197,212" oya="0" hai0="134,66,72,90,80,14,123,12,70,10,30,92,48" hai1="63,124,79,53,22,42,100,87,119,3,44,89,61" hai2="77,127,114,98,50,76,40,74,45,34,23,46,4" hai3="2,41,110,47,121,109,83,95,115,88,132,52,19"/><T39/><D39/><U106/><E3/><V104/><F114/><W43/><G2/><T29/><D123/><U62/><E119/><V126/><F34/><W118/><G83/><T128/><D128/><U20/><E124/><N who="2" m="47659" /><F74/><W125/><G19/><T65/><D134/><U59/><E106/><V105/><F4/><W69/><G69/><T1/><D1/><U35/><E100/><N who="2" m="62487" /><F105/><W113/><G125/><T57/><D72/><U58/><E35/><V135/><F135/><W94/><G132/><T27/><D70/><U5/><E5/><V86/><F86/><N who="3" m="52503" /><G95/><T8/><D92/><U93/><E79/><V32/><F32/><W101/><G101/><T91/><D90/><U73/><E73/><V103/><F103/><W97/><G97/><T116/><D91/><U64/><REACH who="1" step="1"/><E61/><REACH who="1" step="2"/><V13/><F23/><W9/><G9/><T28/><D8/><U33/><E33/><V37/><F13/><W36/><G118/><T107/><D116/><U71/><E71/><V111/><F111/><N who="3" m="42507" /><G121/><T129/><D10/><U56/><E56/><V85/><F85/><W102/><G102/><T15/><D12/><U75/><E75/><V49/><F49/><AGARI ba="0,1" hai="20,22,42,44,49,53,58,59,62,63,64,87,89,93" machi="49" ten="30,7700,0" yaku="1,1,7,1,8,1,52,1,53,0" doraHai="38" doraHaiUra="26" who="1" fromWho="2" sc="313,0,268,87,197,-77,212,0" /><INIT seed="5,0,0,3,0,63" ten="313,355,120,212" oya="1" hai0="89,127,37,53,72,116,62,91,36,70,93,114,60" hai1="24,100,108,77,131,14,122,134,40,42,22,47,106" hai2="96,21,83,41,129,103,85,16,78,17,82,59,48" hai3="92,112,87,34,109,49,4,105,102,67,101,94,23"/><U45/><E122/><V39/><F39/><W33/><G109/><T86/><D116/><U2/><E108/><V75/><F129/><W5/><G112/><T7/><D114/><U18/><E2/><V8/><F8/><W90/><G49/><T28/><D72/><U115/><E115/><V79/><F21/><W69/><G23/><T64/><D127/><U99/><E134/><V74/><F74/><W121/><G121/><T80/><D7/><U19/><E131/><V57/><F57/><W3/><G3/><T6/><D6/><U84/><E77/><V27/><F27/><W107/><G69/><T95/><D28/><U44/><REACH who="1" step="1"/><E84/><REACH who="1" step="2"/><V98/><F98/><W66/><REACH who="3" step="1"/><G90/><REACH who="3" step="2"/><T1/><D1/><U9/><AGARI ba="0,2" hai="9,14,18,19,22,24,40,42,44,45,47,99,100,106" machi="9" ten="30,11700,0" yaku="1,1,2,1,0,1,53,1" doraHai="63" doraHaiUra="11" who="1" fromWho="1" sc="313,-39,345,137,120,-39,202,-39" /><INIT seed="5,1,0,2,4,21" ten="274,482,81,163" oya="1" hai0="78,52,112,121,80,111,31,120,70,131,69,71,117" hai1="67,48,13,103,41,75,77,107,16,124,97,35,108" hai2="104,63,102,25,44,100,47,1,14,11,79,73,24" hai3="2,88,127,59,61,32,12,62,20,74,50,29,87"/><U23/><E35/><V83/><F1/><W0/><G74/><T42/><D117/><U96/><E108/><V130/><F130/><W43/><G127/><T85/><D111/><U82/><E124/><V55/><F100/><W65/><G2/><T128/><D112/><U95/><E67/><V18/><F47/><N who="3" m="25983" /><G0/><T5/><D5/><U15/><E96/><V94/><F104/><W125/><G125/><T105/><D105/><U27/><REACH who="1" step="1"/><E95/><REACH who="1" step="2"/><V6/><F94/><N who="3" m="54559" /><G32/><T57/><D42/><U46/><AGARI ba="1,1" hai="13,15,16,23,27,41,46,48,75,77,82,97,103,107" machi="46" ten="30,11700,0" yaku="1,1,0,1,52,1,54,1,53,0" doraHai="21" doraHaiUra="89" who="1" fromWho="1" sc="274,-40,472,130,81,-40,163,-40" /><INIT seed="5,2,0,3,0,2" ten="234,602,41,123" oya="1" hai0="134,10,130,104,78,9,3,83,102,74,61,4,39" hai1="81,11,37,126,17,6,116,75,135,38,40,68,53" hai2="13,27,24,129,63,18,110,121,71,30,58,119,109" hai3="92,77,43,60,33,117,35,21,84,72,98,91,120"/><U82/><E116/><V106/><F119/><W73/><G120/><T114/><D114/><U101/><E135/><V49/><F121/><W105/><G117/><T118/><D134/><U5/><E126/><V47/><F71/><W69/><G43/><T108/><D118/><U41/><E101/><V12/><F106/><W45/><G45/><T66/><D108/><U44/><E17/><V54/><F129/><W113/><G113/><T31/><D130/><U100/><E100/><V124/><F124/><W62/><G69/><N who="0" m="42191" /><D10/><U115/><E53/><V70/><F70/><W112/><G112/><T122/><D31/><U127/><E115/><V97/><F97/><W52/><G21/><T19/><D19/><U107/><E127/><V25/><F30/><W50/><G77/><T87/><D87/><U123/><E68/><V93/><F93/><W76/><G76/><T128/><D128/><U86/><E86/><V16/><F110/><W1/><G1/><T131/><D131/><U7/><E123/><V94/><F94/><W55/><G50/><T59/><D59/><U32/><E11/><V42/><REACH who="2" step="1"/><F109/><REACH who="2" step="2"/><W103/><G105/><T67/><D122/><U57/><E107/><V56/><F56/><N who="3" m="34823" /><G33/><T46/><D104/><U15/><E57/><V90/><F90/><N who="3" m="53319" /><G35/><T132/><D132/><U36/><E32/><V29/><F29/><W0/><G91/><T26/><D102/><U22/><E75/><V48/><F48/><W89/><G0/><T34/><D3/><U8/><E36/><V64/><F64/><W79/><G89/><T85/><D39/><U20/><E38/><RYUUKYOKU ba="2,1" sc="234,-10,602,-10,31,30,123,-10" hai2="12,13,16,18,24,25,27,42,47,49,54,58,63" /><INIT seed="6,3,1,1,3,71" ten="224,592,61,113" oya="2" hai0="48,43,80,119,16,20,56,99,47,101,81,120,112" hai1="10,66,96,87,3,74,94,25,73,116,72,103,102" hai2="85,53,92,134,97,60,54,125,90,88,118,34,37" hai3="75,18,117,91,31,33,104,12,98,131,17,70,42"/><V29/><F118/><W6/><G117/><T65/><D120/><U8/><E66/><V21/><F34/><W13/><G75/><T133/><D119/><U59/><E25/><V132/><F125/><W32/><G70/><T52/><D112/><U38/><E59/><V28/><F37/><W100/><G131/><T50/><D133/><N who="2" m="51306" /><F54/><W24/><G42/><T127/><D65/><U122/><E116/><V64/><F53/><W109/><G91/><T113/><D113/><U89/><E8/><V110/><F110/><W55/><G109/><T68/><D68/><U35/><E10/><V41/><F41/><W57/><G33/><T79/><D127/><U2/><E2/><V7/><F7/><W9/><G13/><T40/><D79/><U46/><E46/><V14/><F14/><W107/><G107/><T86/><D86/><U121/><E38/><V30/><F21/><W44/><REACH who="3" step="1"/><G44/><REACH who="3" step="2"/><T11/><D40/><U128/><E35/><V15/><F15/><W78/><G78/><T126/><D126/><U45/><E45/><V83/><F29/><W22/><G22/><T58/><D20/><U123/><E3/><V95/><F95/><W27/><G27/><T115/><D115/><U82/><E128/><V108/><F108/><W49/><AGARI ba="3,2" hai="6,9,12,17,18,24,31,32,49,55,57,98,100,104" machi="49" ten="20,5200,0" yaku="1,1,0,1,7,1,53,1" doraHai="71" doraHaiUra="4" who="3" fromWho="3" sc="224,-16,592,-16,61,-29,103,81" /><INIT seed="7,0,0,2,5,94" ten="208,576,32,184" oya="3" hai0="98,92,54,52,17,124,63,6,62,61,7,13,120" hai1="19,47,24,91,4,25,81,12,30,116,85,35,90" hai2="88,8,10,50,26,130,68,42,65,77,36,102,28" hai3="112,117,60,89,111,128,18,20,34,40,46,70,59"/><W133/><G70/><T96/><D120/><U51/><E116/><V16/><F130/><W115/><G34/><T78/><D78/><U121/><E25/><V37/><F36/><W15/><G117/><T135/><D135/><U73/><E73/><V80/><F37/><N who="3" m="21775" /><G111/><T66/><D66/><U134/><E134/><V9/><F68/><W131/><G89/><N who="0" m="55311" /><D98/><U32/><E32/><V105/><F65/><N who="3" m="39071" /><G133/><T122/><D122/><U74/><E74/><V11/><N who="2" m="2560" /><DORA hai="99" /><V1/><F1/><W108/><G108/><T29/><D29/><U106/><E106/><V67/><F105/><W3/><G3/><T5/><D124/><U45/><E121/><V95/><F102/><W22/><G20/><AGARI ba="0,0" hai="5,6,7,13,17,20,52,54,61,62,63" m="55311" machi="20" ten="30,3900,0" yaku="8,1,52,1,54,1" doraHai="94,99" who="0" fromWho="3" sc="208,39,576,0,32,0,184,-39" owari="247,5,576,67,32,-47,145,-25" /></mjloggm>