<mjloggm ver="2.3"><GO type="41"/><UN n0="%E3%82%A6%E3%83%AB%E3%83%88%E3%83%A9%E7%AB%8B%E7%9B%B4" n1="%E3%83%99%E3%83%B3%E3%82%BE%E3%83%BC" n2="%67%6F%6B%75%72%61%6B%75" n3="%E3%81%B6%E3%81%A1%E3%82%83%E3%82%89%E3%81%A6%E3%81%83" dan="15,13,14,15" rate="2000,1850,1886,1972" sx="M,F,M,F"/><TAIKYOKU oya="0"/><INIT seed="0,0,0,3,2,17" ten="250,250,250,250" oya="0" hai0="81,131,14,11,34,125,124,122,86,126,120,37,55" hai1="27,50,84,112,105,66,6,51,67,89,92,88,26" hai2="53,93,77,48,76,52,15,28,54,20,25,3,116" hai3="40,31,80,127,82,75,117,42,104,46,41,71,97"/><T94/><D34/><U38/><E38/><V57/><F3/><W45/><G117/><T60/><D37/><U43/><E105/><V1/><F1/><W2/><G71/><T96/><D131/><U5/><E43/><V18/><F116/><W90/><G2/><T72/><D72/><U110/><E112/><V87/><F77/><W47/><G31/><T49/><D60/><U95/><E110/><V132/><F132/><W102/><G127/><T135/><D135/><U85/><AGARI ba="0,0" hai="5,6,26,27,50,51,66,67,84,85,88,89,92,95" machi="85" ten="25,8000,1" yaku="0,1,22,2,8,1,54,1" doraHai="17" who="1" fromWho="1" sc="250,-40,250,80,250,-20,250,-20" /><INIT seed="1,0,0,5,0,15" ten="210,330,230,230" oya="1" hai0="133,3,91,101,68,61,75,0,56,58,54,93,100" hai1="86,116,63,36,34,102,51,7,109,85,107,30,130" hai2="62,71,134,114,8,124,49,99,132,123,6,41,9" hai3="103,113,37,120,83,57,26,32,40,80,31,19,5"/><U18/><E116/><V70/><F123/><W89/><G120/><T119/><D75/><U126/><E36/><V110/><F114/><W12/><G113/><T24/><D68/><U95/><E126/><V21/><F124/><W28/><G28/><T39/><D39/><U84/><E7/><V48/><F110/><W27/><G27/><T64/><D119/><U14/><E130/><V90/><F21/><W127/><G127/><T25/><D133/><N who="2" m="51306" /><F8/><W44/><G5/><T96/><D3/><U135/><E135/><V92/><F62/><W1/><G1/><T67/><D0/><U45/><E63/><V43/><F49/><W87/><G103/><N who="0" m="39499" /><D67/><U65/><E65/><V33/><F33/><W129/><G129/><T88/><D91/><U29/><E34/><V97/><F97/><W16/><G57/><T117/><D117/><U42/><E107/><V112/><F112/><W17/><G83/><T13/><D13/><U22/><E109/><V78/><F78/><W4/><G4/><T104/><D104/><U108/><E108/><V125/><F125/><W118/><G118/><T98/><D98/><AGARI ba="0,0" hai="14,18,22,29,30,42,45,51,84,85,86,95,98,102" machi="98" ten="40,3900,0" yaku="8,1,52,1" doraHai="15" who="1" fromWho="0" sc="210,-39,330,39,230,0,230,0" /><INIT seed="1,1,0,0,4,126" ten="171,369,230,230" oya="1" hai0="129,67,24,17,41,70,47,103,50,109,101,15,123" hai1="45,125,58,81,20,3,131,97,75,91,35,102,46" hai2="25,104,122,108,6,37,99,21,63,61,30,96,28" hai3="9,68,88,105,87,29,12,114,5,0,19,71,43"/><U84/><E35/><V16/><F122/><W38/><G105/><T98/><D109/><U116/><E125/><V42/><F6/><W23/><G114/><T53/><D123/><U27/><E3/><V90/><F108/><W120/><G120/><T111/><D111/><U82/><E116/><V86/><F42/><W85/><G85/><T62/><D24/><U13/><E13/><V44/><F44/><W135/><G135/><T73/><D73/><U10/><E10/><V93/><F37/><W14/><G14/><T124/><D124/><U26/><E26/><V134/><F134/><W60/><G60/><N who="2" m="23113" /><F104/><W74/><G74/><T106/><D101/><U94/><E58/><V31/><AGARI ba="1,0" hai="16,21,25,28,30,31,86,90,93,96,99" m="23113" machi="31" ten="30,2000,0" yaku="8,1,54,1" doraHai="126" who="2" fromWho="2" sc="171,-6,369,-11,230,23,230,-6" /><INIT seed="2,0,0,3,5,64" ten="165,358,253,224" oya="2" hai0="50,8,116,113,73,98,97,26,34,100,107,16,48" hai1="65,53,129,92,54,2,44,90,51,76,42,77,68" hai2="23,29,91,6,79,115,60,126,120,45,82,12,56" hai3="30,83,96,133,123,38,28,106,17,99,109,43,40"/><V52/><F120/><W130/><G109/><T13/><D113/><U87/><E2/><V57/><F115/><W81/><G123/><T24/><D73/><U9/><E129/><V118/><F118/><W117/><G130/><T105/><D116/><U3/><E3/><V66/><F126/><W11/><G117/><T46/><D34/><U1/><E1/><V122/><F122/><W0/><G0/><T101/><REACH who="0" step="1"/><D50/><REACH who="0" ten="155,358,253,224" step="2"/><U104/><E104/><V67/><F91/><W124/><G106/><T80/><D80/><U71/><E9/><N who="2" m="4151" /><F45/><W63/><G11/><T55/><AGARI ba="0,1" hai="8,13,16,24,26,46,48,55,97,98,100,101,105,107" machi="55" ten="20,12000,2" yaku="1,1,0,1,7,1,9,1,54,1,53,1" doraHai="64" doraHaiUra="10" who="0" fromWho="0" sc="155,130,358,-30,253,-60,224,-30" /><INIT seed="3,0,0,4,4,89" ten="285,328,193,194" oya="3" hai0="36,34,7,32,39,20,126,61,108,96,40,132,23" hai1="38,33,113,72,78,52,81,98,8,79,53,24,45" hai2="0,42,85,50,44,65,9,5,21,118,127,101,106" hai3="97,104,120,67,76,14,17,49,30,102,11,63,86"/><W121/><G49/><T90/><D7/><U83/><E113/><V131/><F118/><W37/><G37/><T82/><D40/><U94/><E8/><V71/><F127/><W92/><G30/><T16/><D126/><U66/><E66/><V26/><F131/><W100/><G100/><T115/><D115/><U105/><E105/><V111/><F111/><W46/><G46/><T22/><D108/><U95/><E33/><V119/><F119/><W87/><G87/><T124/><D124/><U28/><E38/><V54/><F85/><W77/><G77/><T41/><D132/><U4/><E4/><V27/><F42/><W80/><REACH who="3" step="1"/><G104/><REACH who="3" ten="285,328,193,184" step="2"/><T75/><D39/><U112/><E112/><V135/><F135/><W56/><AGARI ba="0,1" hai="11,14,17,56,63,67,76,80,86,92,97,102,120,121" machi="56" ten="20,12000,1" yaku="1,1,2,1,0,1,7,1,52,1,53,0" doraHai="89" doraHaiUra="35" who="3" fromWho="3" sc="285,-40,328,-40,193,-40,184,130" /><INIT seed="3,1,0,1,1,69" ten="245,288,153,314" oya="3" hai0="84,112,126,48,135,15,134,115,75,54,61,40,11" hai1="127,26,62,89,49,93,25,122,108,88,50,63,123" hai2="36,132,79,64,131,23,10,35,91,109,87,78,46" hai3="102,29,51,5,53,97,120,72,92,38,74,119,1"/><W12/><G120/><T31/><D75/><U60/><E127/><V83/><F35/><W37/><G119/><T56/><D31/><U107/><E107/><V82/><F131/><W111/><G1/><T98/><D98/><U133/><E133/><N who="0" m="50697" /><D84/><U130/><E130/><V9/><F64/><W100/><G100/><T124/><D15/><U105/><E105/><V0/><F132/><W118/><G118/><T59/><D11/><U16/><E108/><V96/><F109/><W27/><G111/><T117/><D117/><U14/><E122/><V106/><F23/><W99/><G99/><T85/><D85/><N who="1" m="52367" /><E89/><V128/><F128/><W7/><G74/><T43/><D43/><U18/><E123/><V66/><F66/><W113/><G72/><T71/><D71/><U33/><E33/><V42/><F83/><W13/><G13/><T57/><D40/><U47/><E18/><V94/><F106/><W8/><G5/><T80/><D80/><U41/><E49/><V17/><F0/><W20/><G113/><N who="0" m="43595" /><D61/><N who="1" m="15619" /><U21/><AGARI ba="1,0" hai="14,16,21,25,26,41,47,50" m="15619,52367" machi="21" ten="30,7900,0" yaku="4,1,8,1,54,2" doraHai="69" who="1" fromWho="1" sc="245,-21,288,82,153,-21,314,-40" /><INIT seed="4,0,0,0,1,127" ten="224,370,132,274" oya="0" hai0="63,115,124,101,126,73,4,67,37,3,42,48,25" hai1="114,105,43,68,65,98,120,1,38,2,30,110,130" hai2="113,57,39,45,17,16,89,31,97,53,51,15,46" hai3="88,55,133,78,93,54,129,75,9,29,94,49,86"/><T92/><D73/><U52/><E30/><V40/><F113/><W36/><G133/><T32/><D115/><U123/><E52/><V11/><F31/><W33/><G36/><T66/><D37/><U64/><E114/><V80/><F97/><W125/><G125/><N who="0" m="48235" /><D66/><U47/><E110/><V87/><REACH who="2" step="1"/><F57/><REACH who="2" ten="224,370,122,274" step="2"/><W12/><G29/><N who="0" m="19503" /><D48/><U58/><E98/><V119/><F119/><W35/><G49/><T100/><D42/><U56/><E58/><V18/><AGARI ba="0,1" hai="11,15,16,17,18,39,40,45,46,51,53,80,87,89" machi="18" ten="20,12000,2" yaku="1,1,0,1,7,1,25,2,54,1,53,0" doraHai="127" doraHaiUra="131" who="2" fromWho="2" sc="224,-60,370,-30,122,130,274,-30" /><INIT seed="5,0,0,1,3,43" ten="164,340,252,244" oya="1" hai0="33,99,8,104,51,16,42,103,67,11,69,17,132" hai1="93,77,1,29,47,79,127,68,19,109,84,83,82" hai2="111,90,80,40,32,36,31,117,71,58,24,7,131" hai3="115,5,86,134,12,10,48,98,26,2,100,114,20"/><U89/><E68/><V130/><F117/><W39/><G39/><T15/><D132/><U9/><E127/><V4/><F111/><W105/><G134/><T128/><D128/><N who="2" m="49194" /><F71/><W61/><G61/><T78/><D33/><U37/><E109/><V23/><F58/><W38/><G38/><T49/><D69/><U53/><E29/><V57/><F57/><W95/><G48/><T13/><D67/><U85/><E37/><V133/><F133/><W121/><G121/><T50/><REACH who="0" step="1"/><D78/><REACH who="0" ten="154,340,252,244" step="2"/><U25/><E77/><V97/><F32/><W112/><G105/><T96/><D96/><U55/><E79/><V46/><F97/><W41/><G86/><AGARI ba="0,1" hai="4,7,23,24,31,36,40,46,80,86,90" m="49194" machi="86" ten="30,2000,0" yaku="19,1,52,1" doraHai="43" who="2" fromWho="3" sc="154,0,340,0,252,30,244,-20" /><INIT seed="6,0,0,3,1,49" ten="154,340,282,224" oya="2" hai0="43,45,12,19,127,18,88,90,110,10,93,20,119" hai1="16,57,4,40,71,17,15,55,108,60,77,133,7" hai2="61,62,75,36,38,118,56,112,74,34,46,13,72" hai3="73,33,134,24,109,30,58,76,78,35,116,52,106"/><V9/><F118/><W14/><G109/><T65/><D127/><U67/><E108/><V84/><F112/><W25/><G116/><T99/><D119/><U111/><E111/><V32/><F84/><W39/><G39/><T135/><D135/><U122/><E122/><V0/><F0/><W94/><G106/><T8/><D110/><U114/><E133/><V86/><F86/><W63/><G134/><T66/><D90/><U3/><E114/><V6/><F62/><W21/><G94/><T5/><D10/><U104/><E104/><V128/><F128/><W81/><G78/><T64/><D64/><U50/><E3/><V130/><F130/><W2/><G2/><T131/><D131/><U41/><E77/><V120/><F120/><W89/><G89/><T132/><D132/><U82/><E17/><V42/><REACH who="2" step="1"/><F38/><REACH who="2" ten="154,340,272,224" step="2"/><W124/><G124/><T121/><D121/><U47/><E41/><V27/><F27/><W54/><G25/><T98/><D98/><U37/><E82/><V85/><F85/><W51/><G14/><T31/><D31/><U95/><E95/><V115/><F115/><W44/><AGARI ba="0,1" hai="21,24,30,33,35,44,51,52,54,58,63,73,76,81" machi="44" ten="20,8000,1" yaku="0,1,7,1,52,2,54,1" doraHai="49" who="3" fromWho="3" sc="154,-20,340,-20,272,-40,224,90" /><INIT seed="7,0,0,0,0,61" ten="134,320,232,314" oya="3" hai0="28,87,109,16,19,128,132,21,25,31,75,66,58" hai1="40,32,17,46,34,42,52,8,117,106,93,24,92" hai2="74,6,20,111,129,1,71,110,84,77,11,89,72" hai3="94,91,69,53,26,98,68,114,113,51,120,116,5"/><W50/><G120/><T85/><D75/><U76/><E106/><V60/><F129/><W134/><G116/><T38/><D109/><U83/><E117/><V47/><F74/><W79/><G134/><T104/><D38/><U130/><E130/><V95/><F20/><W124/><G124/><T56/><D104/><U125/><E125/><V108/><F47/><N who="3" m="27871" /><G79/><T27/><D128/><U78/><E34/><V126/><F126/><W15/><G26/><T100/><D132/><U99/><E32/><V118/><F118/><W115/><G51/><T48/><D48/><N who="1" m="28695" /><E83/><V97/><F72/><W121/><G121/><T9/><D100/><N who="1" m="60519" /><E93/><V90/><F77/><N who="1" m="29801" /><E24/><V67/><REACH who="2" step="1"/><F111/><REACH who="2" ten="134,320,222,314" step="2"/><W54/><G54/><T119/><D119/><U33/><E33/><V70/><F70/><W55/><G55/><T123/><D123/><U43/><E8/><AGARI ba="0,1" hai="5,8,15,68,69,91,94,98,113,114,115" m="27871" machi="8" ten="30,1500,0" yaku="15,1" doraHai="61" who="3" fromWho="1" sc="134,0,320,-15,222,0,314,25" owari="134,-37.0,305,11.0,222,-18.0,339,44.0" /></mjloggm>