<mjloggm ver="2.3"><GO type="41"/><UN n0="%E3%82%B5%E3%82%AF%E3%83%A9%E3%83%95%E3%83%96%E3%82%AD" n1="%79%75%73%68%75%6E%32%31" n2="%E6%B4%9E%E7%88%BA%E6%B9%96" n3="%E3%82%A6%E3%83%AB%E3%83%88%E3%83%A9%E7%AB%8B%E7%9B%B4" dan="13,13,14,15" rate="1952,1843,2080,1991" sx="M,M,M,M"/><TAIKYOKU oya="0"/><INIT seed="0,0,0,4,3,100" ten="250,250,250,250" oya="0" hai0="56,68,124,109,55,0,104,72,24,63,128,111,6" hai1="132,21,18,108,74,42,76,35,96,93,123,57,118" hai2="116,121,66,46,83,75,23,114,25,22,129,52,17" hai3="62,54,49,86,27,3,15,107,105,90,133,16,80"/><T58/><D72/><U79/><E35/><V34/><F121/><W115/><G3/><T50/><D68/><U85/><E123/><V97/><F114/><W26/><G115/><T41/><D128/><U39/><E118/><V64/><F129/><W1/><G1/><T117/><D117/><U47/><E74/><V112/><F112/><W48/><G62/><T40/><D124/><U20/><E108/><N who="0" m="41545" /><D24/><U30/><E30/><V37/><F34/><W70/><G70/><T53/><D104/><N who="3" m="40009" /><G49/><T84/><D84/><U125/><E125/><V78/><F116/><W113/><G113/><T122/><D122/><U120/><E120/><V32/><F32/><W12/><G12/><T2/><D2/><U77/><E85/><V94/><F22/><W98/><G98/><T31/><D31/><U9/><E57/><V81/><F37/><W73/><G73/><T119/><D119/><U95/><E96/><V91/><F75/><W110/><G110/><T33/><D33/><U38/><E9/><AGARI ba="0,0" hai="0,6,9,40,41,50,53,55,56,58,63" m="41545" machi="9" ten="30,2900,0" yaku="14,1,10,1" doraHai="100" who="0" fromWho="1" sc="250,29,250,-29,250,0,250,0" /><INIT seed="0,1,0,2,2,114" ten="279,221,250,250" oya="0" hai0="73,100,35,72,5,122,117,39,8,124,84,75,25" hai1="108,120,51,115,59,58,68,31,130,46,119,125,110" hai2="74,9,53,64,85,65,62,52,63,79,36,111,0" hai3="50,131,19,71,22,128,4,107,7,134,10,106,132"/><T21/><D117/><U70/><E31/><V56/><F36/><W103/><G50/><T88/><D122/><U32/><E32/><V127/><F74/><W78/><G78/><T45/><D100/><U89/><E89/><V23/><F111/><N who="1" m="42537" /><E115/><V129/><F129/><N who="3" m="49739" /><G71/><N who="1" m="27178" /><E120/><V54/><F127/><W20/><G103/><T17/><D35/><U123/><E123/><V121/><F121/><W1/><G106/><T118/><D118/><U60/><E119/><V133/><F133/><N who="3" m="51307" /><G107/><T98/><D98/><U126/><E130/><V96/><F96/><W82/><G82/><T95/><D45/><U102/><E102/><V80/><F23/><N who="3" m="8747" /><G19/><T104/><D104/><U30/><E30/><V40/><F40/><W14/><G7/><T61/><D39/><U97/><E97/><V33/><F33/><W49/><G49/><T90/><D90/><U112/><E112/><V87/><F80/><W113/><G113/><T83/><D61/><U26/><E26/><V81/><F81/><W94/><G94/><T42/><D83/><U99/><E99/><V93/><F93/><W41/><G41/><T2/><REACH who="0" step="1"/><D42/><REACH who="0" ten="269,221,250,250" step="2"/><N who="1" m="25047" /><E60/><V109/><F79/><W24/><G24/><T6/><D6/><U57/><AGARI ba="1,1" hai="57,58,59,125,126" m="25047,27178,42537" machi="57" ten="40,5200,0" yaku="14,1,34,2" doraHai="114" who="1" fromWho="1" sc="269,-27,221,65,250,-14,250,-14" /><INIT seed="1,0,0,4,0,16" ten="242,286,236,236" oya="1" hai0="107,111,1,99,76,19,77,59,13,70,35,81,29" hai1="47,130,95,0,6,62,103,92,10,17,54,33,26" hai2="3,75,25,129,24,2,125,36,73,124,38,87,69" hai3="14,109,105,128,85,15,110,4,100,23,71,46,126"/><U84/><E130/><V121/><F87/><W80/><G71/><T101/><D70/><U90/><E33/><V119/><F129/><W57/><G128/><T9/><D111/><N who="3" m="42505" /><G100/><T44/><D44/><U55/><E103/><V115/><F69/><W112/><G105/><T68/><D68/><U37/><E95/><V104/><F104/><W117/><G112/><T98/><D98/><U108/><E108/><V134/><F115/><W79/><G126/><N who="2" m="48745" /><F134/><W5/><G46/><T45/><D45/><U31/><E31/><V78/><F119/><W49/><G117/><T82/><D1/><N who="2" m="10" /><F121/><W28/><G4/><T34/><D29/><U18/><E26/><N who="2" m="10347" /><F78/><W40/><G5/><T135/><D135/><U72/><E72/><AGARI ba="0,0" hai="36,38,72,73,75" m="10347,10,48745" machi="72" ten="40,5200,0" yaku="28,2,18,1" doraHai="16" who="2" fromWho="1" sc="242,0,286,-52,236,52,236,0" /><INIT seed="2,0,0,3,0,62" ten="242,234,288,236" oya="2" hai0="60,75,96,74,93,81,102,68,112,57,31,33,124" hai1="25,24,98,26,11,58,67,79,126,10,13,101,107" hai2="127,130,91,38,18,64,88,135,42,15,6,8,59" hai3="76,121,105,125,43,4,41,22,52,115,117,14,16"/><V73/><F73/><W111/><G105/><T0/><D124/><U37/><E37/><V53/><F127/><W66/><G121/><T19/><D112/><U3/><E126/><V83/><F130/><W82/><G117/><T50/><D0/><U99/><E79/><V103/><F135/><W108/><G125/><T70/><D74/><U85/><E3/><V12/><F103/><W7/><G115/><T28/><D28/><U84/><E99/><V123/><F123/><W56/><G108/><T87/><D75/><U1/><E1/><V97/><F97/><W27/><G111/><T30/><D30/><U63/><REACH who="1" step="1"/><E11/><REACH who="1" ten="242,224,288,236" step="2"/><V47/><F38/><W78/><G78/><T92/><D92/><U34/><E34/><V51/><F83/><W77/><G82/><T106/><D93/><U132/><E132/><V2/><F2/><W49/><G77/><T114/><D114/><U129/><E129/><V109/><F109/><W71/><G76/><T35/><D35/><U89/><E89/><V36/><F36/><W122/><G122/><T120/><D120/><U69/><E69/><V32/><F32/><W116/><G116/><T40/><D68/><U21/><E21/><N who="2" m="11487" /><F42/><W39/><G39/><T44/><D70/><U90/><E90/><V113/><F113/><W23/><G43/><T55/><D33/><U134/><E134/><V17/><F91/><W119/><G41/><T94/><D94/><U61/><E61/><N who="2" m="37951" /><F88/><W110/><G110/><T86/><D96/><U5/><AGARI ba="0,1" hai="5,10,13,24,25,26,58,63,67,84,85,98,101,107" machi="5" ten="30,4000,0" yaku="1,1,0,1,52,1,53,0" doraHai="62" doraHaiUra="46" who="1" fromWho="1" sc="242,-10,224,50,288,-20,236,-10" /><INIT seed="3,0,0,4,0,98" ten="232,274,268,226" oya="3" hai0="6,82,5,34,18,122,80,60,61,95,8,59,104" hai1="64,120,10,22,93,91,108,21,51,27,115,103,130" hai2="65,88,81,56,32,42,24,0,3,30,125,83,9" hai3="37,38,35,131,86,101,112,96,13,109,31,72,116"/><W2/><G13/><T54/><D104/><U132/><E120/><V20/><F42/><W111/><G86/><T46/><D122/><U124/><E115/><V49/><F125/><W134/><G31/><T36/><D34/><U26/><E124/><V62/><F49/><W44/><G44/><T126/><D126/><U78/><E78/><V73/><F32/><W53/><G53/><T16/><D6/><U29/><E64/><V69/><F69/><W105/><G38/><T119/><D119/><U23/><E10/><V110/><F110/><W128/><G128/><T47/><D60/><U15/><E108/><V99/><F73/><W12/><G12/><T19/><D95/><U55/><E130/><V57/><F9/><W79/><G101/><T71/><D36/><U68/><E68/><V135/><F56/><W118/><G96/><T63/><D71/><U74/><E74/><V58/><F58/><W90/><G90/><T127/><D127/><U67/><E67/><V114/><F99/><W39/><G79/><T100/><D100/><U66/><E66/><V7/><F7/><W107/><G105/><T117/><D117/><N who="3" m="45161" /><G107/><T89/><D63/><U70/><E103/><V106/><F106/><W40/><G39/><T14/><D82/><U48/><E70/><V17/><F83/><W28/><G111/><T76/><REACH who="0" step="1"/><D89/><REACH who="0" ten="222,274,268,226" step="2"/><U52/><E91/><V25/><F88/><W97/><G109/><T133/><D133/><U11/><E132/><V121/><F135/><W84/><G134/><T41/><D41/><U45/><E93/><V4/><F81/><W85/><G131/><RYUUKYOKU ba="0,1" sc="222,30,274,-10,268,-10,226,-10" hai0="5,8,14,16,18,19,46,47,54,59,61,76,80" /><INIT seed="4,1,1,4,2,65" ten="252,264,258,216" oya="0" hai0="80,29,125,99,116,23,122,97,54,131,48,13,112" hai1="47,49,87,7,68,114,90,41,88,30,113,56,60" hai2="109,75,6,72,108,17,22,82,64,8,63,9,5" hai3="102,42,78,95,129,12,127,44,27,3,62,40,135"/><T20/><D112/><N who="1" m="43115" /><E30/><V11/><F82/><W37/><G3/><T91/><D116/><U118/><E118/><V126/><F126/><W104/><G104/><T74/><D122/><U46/><E7/><V50/><F50/><W121/><G121/><T94/><D125/><U35/><E35/><V96/><F96/><W106/><G106/><T14/><D131/><U84/><E47/><V16/><F63/><W32/><G127/><T73/><D73/><N who="2" m="28234" /><F64/><W85/><G129/><T124/><D124/><U53/><E68/><V34/><F34/><W130/><G130/><T132/><D132/><U120/><E120/><V61/><F61/><W100/><G135/><T10/><D99/><U133/><E133/><V117/><F22/><W69/><G40/><T36/><D36/><U92/><E90/><V115/><F117/><W2/><G2/><T123/><D123/><U55/><E41/><V24/><F24/><W66/><G12/><T89/><D29/><U103/><E103/><V19/><F115/><W70/><G70/><T76/><D91/><U52/><E53/><V67/><F67/><W0/><G0/><T128/><D128/><U77/><E77/><V101/><F101/><W57/><G57/><T86/><D74/><U45/><E45/><V31/><F31/><W38/><G38/><T51/><D51/><U93/><E93/><V43/><F43/><W28/><REACH who="3" step="1"/><G95/><REACH who="3" ten="252,264,258,206" step="2"/><T59/><REACH who="0" step="1"/><D14/><REACH who="0" ten="242,264,258,206" step="2"/><U26/><E26/><V18/><N who="2" m="4096" /><DORA hai="33" /><V39/><F39/><W105/><G105/><T81/><D81/><AGARI ba="1,3" hai="27,28,32,37,42,44,62,66,69,78,81,85,100,102" machi="81" ten="40,8000,1" yaku="1,1,52,1,53,3" doraHai="65,33" doraHaiUra="83,98" who="3" fromWho="0" sc="242,-83,264,0,258,0,206,113" /><INIT seed="5,0,0,1,4,131" ten="159,264,258,319" oya="1" hai0="6,82,132,103,84,89,22,57,134,45,71,77,15" hai1="81,130,107,10,56,76,99,36,62,105,24,50,49" hai2="74,119,111,32,43,51,85,1,126,46,63,104,60" hai3="5,110,67,75,4,100,91,2,47,64,69,59,61"/><U31/><E36/><V122/><F111/><W129/><G110/><T118/><D71/><U135/><E130/><V106/><F74/><W66/><G100/><T0/><D0/><U117/><E117/><V20/><F32/><W109/><G109/><T73/><D118/><U30/><E10/><V127/><F119/><W128/><G75/><T16/><D6/><N who="3" m="2665" /><G69/><T125/><D125/><N who="2" m="47626" /><F1/><W115/><G115/><T95/><D45/><U18/><E18/><V37/><F37/><W113/><G113/><T102/><D57/><U120/><E120/><V40/><F40/><W7/><G7/><T38/><D38/><U80/><E24/><V41/><F41/><W48/><G2/><T33/><D33/><U8/><E62/><V29/><F122/><W11/><G11/><T12/><D12/><U23/><E8/><V42/><F42/><N who="3" m="24695" /><G128/><T68/><D68/><U25/><E25/><N who="2" m="16551" /><F85/><W96/><G129/><T65/><D65/><U70/><E70/><V14/><F14/><W3/><G3/><T53/><D53/><U86/><E86/><V13/><F13/><W98/><G66/><T92/><D92/><U88/><E56/><V9/><F9/><W44/><G44/><T87/><D87/><U121/><E23/><V83/><F83/><W27/><G27/><T133/><AGARI ba="0,0" hai="15,16,22,73,77,82,84,89,95,102,103,132,133,134" machi="133" ten="30,12000,2" yaku="0,1,20,1,52,3,54,1" doraHai="131" who="0" fromWho="0" sc="159,120,264,-60,258,-30,319,-30" /><INIT seed="6,0,0,0,0,124" ten="279,204,228,289" oya="2" hai0="90,134,55,107,35,82,6,133,54,129,50,111,96" hai1="19,84,77,56,67,14,69,97,10,30,94,26,115" hai2="88,16,12,66,53,125,8,63,0,130,31,28,38" hai3="1,110,13,127,102,23,74,47,42,29,40,71,92"/><V72/><F72/><W109/><G71/><T27/><D6/><U44/><E69/><V135/><F38/><W105/><G105/><T46/><D111/><U3/><E115/><V104/><F104/><W9/><G1/><T18/><D107/><U85/><E44/><V80/><F125/><W79/><G74/><T2/><D2/><U52/><E67/><V17/><F135/><W113/><G113/><T89/><D96/><U123/><E77/><V58/><F0/><W5/><G127/><T45/><D82/><U100/><E3/><V108/><F108/><W116/><G116/><T103/><D103/><U118/><E118/><V61/><F17/><W101/><G79/><T51/><D35/><U34/><E123/><V78/><F130/><W83/><G83/><T59/><D59/><U33/><E33/><V48/><F61/><AGARI ba="0,0" hai="10,14,19,26,30,34,52,56,61,84,85,94,97,100" machi="61" ten="30,2000,0" yaku="7,1,54,1" doraHai="124" who="1" fromWho="2" sc="279,0,204,20,228,-20,289,0" /><INIT seed="7,0,0,2,3,45" ten="279,224,208,289" oya="3" hai0="108,111,29,113,118,55,47,112,116,1,120,32,127" hai1="119,100,73,62,82,83,124,91,27,54,93,97,24" hai2="68,128,84,39,44,131,23,57,72,17,49,10,5" hai3="129,34,8,114,21,71,99,107,95,13,133,105,64"/><W92/><G34/><T65/><D1/><U115/><E119/><N who="0" m="45609" /><D29/><U19/><E73/><V28/><F68/><W58/><G71/><T125/><D32/><U37/><E37/><V6/><F72/><W20/><G105/><T2/><D2/><U0/><E0/><V130/><F28/><W63/><G107/><T75/><D75/><U67/><E115/><N who="0" m="44105" /><D65/><U33/><E124/><N who="0" m="47689" /><D120/><U110/><E33/><V31/><F31/><W132/><G114/><T80/><D80/><U43/><E43/><N who="2" m="22655" /><F84/><W117/><G117/><T96/><D96/><U52/><E100/><V81/><F81/><N who="1" m="30729" /><E110/><V87/><F87/><W74/><G74/><T103/><D103/><U106/><E106/><V25/><F10/><W98/><G129/><N who="2" m="33025" /><V101/><DORA hai="86" /><F101/><W35/><G35/><T15/><D15/><U42/><E42/><V126/><F126/><W61/><G13/><T109/><D47/><U69/><E24/><V7/><F7/><W78/><G8/><T104/><D104/><U123/><E123/><V14/><F25/><W59/><G78/><T30/><D30/><U66/><E66/><AGARI ba="0,0" hai="20,21,58,59,61,63,64,66,92,95,98,99,132,133" machi="66" ten="25,2400,0" yaku="22,2" doraHai="45,86" who="3" fromWho="1" sc="279,0,224,-24,208,0,289,24" owari="279,8.0,200,-30.0,208,-19.0,313,41.0" /></mjloggm>