<mjloggm ver="2.3"><GO type="41"/><UN n0="%E3%82%AB%E3%83%9E%E3%82%BF%56" n1="%E3%81%AF%E3%82%8B%E3%82%8A%E3%82%93" n2="%48%49%52%4F%33%32%36" n3="%E3%82%A6%E3%83%AB%E3%83%88%E3%83%A9%E7%AB%8B%E7%9B%B4" dan="13,14,15,14" rate="1913,1844,1979,1920" sx="M,M,M,M"/><TAIKYOKU oya="0"/><INIT seed="0,0,0,4,3,80" ten="250,250,250,250" oya="0" hai0="87,64,15,72,9,41,36,58,118,130,71,26,86" hai1="66,83,90,47,132,89,97,19,29,84,20,0,75" hai2="96,102,51,63,24,103,62,108,49,128,17,76,134" hai3="60,100,55,69,77,73,27,94,122,125,38,104,105"/><T91/><D118/><U126/><E132/><V124/><F76/><W107/><G55/><T112/><D112/><U67/><E126/><V1/><F1/><W28/><G38/><T114/><D114/><U115/><E0/><V61/><F124/><W99/><G125/><T113/><D113/><U85/><E29/><V123/><F134/><W120/><G60/><T117/><D117/><U53/><E75/><V50/><F123/><N who="3" m="47147" /><G69/><T52/><D72/><U39/><E97/><V8/><F108/><W33/><G77/><T110/><D110/><U30/><E30/><V116/><F116/><W40/><G40/><T135/><D135/><U14/><E115/><V92/><F128/><W79/><G79/><T12/><D130/><U43/><REACH who="1" step="1"/><E53/><REACH who="1" ten="250,240,250,250" step="2"/><V5/><F102/><W6/><G6/><T35/><D35/><U18/><E18/><V48/><N who="2" m="12800" /><DORA hai="121" /><V37/><F37/><W65/><G65/><T2/><D2/><U68/><E68/><V46/><F46/><W54/><G54/><T131/><D71/><U31/><E31/><V81/><F17/><W119/><G119/><T111/><D131/><U11/><E11/><V16/><F16/><W70/><G70/><T101/><D36/><U88/><E88/><V25/><F81/><AGARI ba="0,1" hai="14,19,20,39,43,47,66,67,81,83,84,85,89,90" machi="81" ten="30,12000,2" yaku="1,1,7,1,9,1,52,2,53,2" doraHai="80,121" doraHaiUra="82,44" who="1" fromWho="2" sc="250,0,240,130,250,-120,250,0" /><INIT seed="1,0,0,5,5,61" ten="250,370,130,250" oya="1" hai0="80,134,63,124,132,76,117,121,90,1,40,47,62" hai1="0,5,2,95,106,46,64,24,73,44,52,89,34" hai2="98,51,116,21,16,65,99,43,38,49,60,35,114" hai3="83,59,97,69,105,11,72,14,68,39,70,50,104"/><U29/><E106/><N who="3" m="41066" /><G97/><T27/><D117/><U12/><E73/><V55/><F35/><W77/><G14/><T17/><D124/><U36/><E12/><V10/><F114/><W78/><G59/><T87/><D1/><U26/><E26/><V58/><F116/><W22/><G50/><T79/><D121/><U122/><E122/><V108/><F10/><W71/><G22/><T96/><D96/><U82/><E82/><V8/><F8/><W110/><G11/><T81/><D27/><U53/><E5/><V115/><F115/><W127/><G127/><T28/><D28/><U20/><E34/><V103/><F108/><W31/><G31/><T118/><D118/><U123/><E123/><V126/><F126/><W119/><G119/><T130/><D130/><U25/><E25/><V100/><F103/><W74/><G110/><T56/><D90/><U109/><E109/><V84/><F100/><W88/><G88/><N who="0" m="51303" /><D81/><U93/><E36/><V133/><F84/><W112/><G83/><T6/><D56/><U111/><E111/><V9/><F9/><W113/><N who="3" m="17920" /><DORA hai="3" /><W13/><G13/><T94/><D94/><U67/><E24/><V30/><F30/><W19/><G78/><N who="0" m="29739" /><D6/><U33/><E33/><V92/><F92/><W85/><G77/><T7/><D7/><U75/><E75/><N who="3" m="28714" /><G19/><T125/><D125/><U120/><E120/><V23/><F16/><W131/><G131/><T32/><D17/><U101/><E29/><V41/><F98/><W86/><G39/><N who="0" m="21919" /><D32/><U128/><E128/><V15/><F99/><W107/><G107/><T66/><D66/><RYUUKYOKU ba="0,0" sc="250,15,370,-15,130,-15,250,15" hai0="62,63,132,134" hai3="85,86,112,113" /><INIT seed="2,1,0,3,5,76" ten="265,355,115,265" oya="2" hai0="104,28,100,126,92,19,32,65,61,134,123,34,63" hai1="93,51,91,95,56,15,35,39,37,46,106,45,52" hai2="78,62,11,49,4,120,3,42,112,124,101,130,36" hai3="70,83,97,27,85,47,69,40,73,77,125,114,58"/><V53/><F120/><W94/><G114/><T90/><D123/><U107/><E35/><V127/><F112/><W122/><G122/><T68/><D63/><U103/><E39/><V64/><F101/><W20/><G58/><T55/><D134/><U111/><E111/><V54/><F78/><W67/><G67/><T108/><D108/><U2/><E2/><V88/><F130/><W121/><G121/><T31/><D126/><U66/><E45/><V48/><F36/><W113/><G113/><T12/><D34/><U44/><E44/><V50/><F42/><W128/><G128/><T38/><D38/><U29/><E29/><V14/><F3/><W98/><G125/><N who="2" m="48201" /><F88/><W115/><G115/><T87/><D32/><U102/><E95/><V0/><F0/><W22/><G73/><T86/><D86/><U25/><E25/><V21/><F21/><W74/><G74/><T96/><REACH who="0" step="1"/><D55/><REACH who="0" ten="255,355,115,265" step="2"/><N who="1" m="30199" /><E37/><V8/><F8/><AGARI ba="1,1" hai="8,12,19,28,31,61,65,68,87,90,92,96,100,104" machi="8" ten="30,2000,0" yaku="1,1,7,1,53,0" doraHai="76" doraHaiUra="116" who="0" fromWho="2" sc="255,33,355,0,115,-23,265,0" /><INIT seed="3,0,0,5,3,115" ten="288,355,92,265" oya="3" hai0="118,50,21,14,49,68,117,130,18,79,114,87,25" hai1="77,88,30,40,53,65,73,56,104,119,58,133,93" hai2="94,69,101,41,112,55,22,13,2,39,72,8,109" hai3="62,70,74,99,95,132,67,52,80,35,7,134,47"/><W26/><G7/><T122/><D122/><U61/><E104/><V60/><F109/><W78/><G35/><T82/><D68/><U27/><E133/><N who="3" m="51306" /><G26/><T38/><D38/><U63/><E40/><V131/><F112/><W12/><G12/><T71/><D71/><U116/><E77/><V59/><F2/><W9/><G9/><T45/><D114/><U76/><E76/><V42/><F22/><W100/><G47/><T5/><D130/><U110/><E73/><V20/><F131/><W51/><G51/><T19/><D5/><U32/><REACH who="1" step="1"/><E110/><REACH who="1" ten="288,345,92,265" step="2"/><V90/><F39/><W108/><G108/><T123/><D123/><U44/><E44/><V89/><F72/><W6/><G6/><T129/><D129/><U96/><AGARI ba="0,1" hai="27,30,32,53,56,58,61,63,65,88,93,96,116,119" machi="96" ten="30,8000,1" yaku="1,1,0,1,52,2,54,1,53,0" doraHai="115" doraHaiUra="107" who="1" fromWho="1" sc="288,-20,345,90,92,-20,265,-40" /><INIT seed="4,0,0,4,1,68" ten="268,435,72,225" oya="0" hai0="4,93,85,65,113,130,25,96,78,40,76,122,23" hai1="49,62,15,39,36,120,99,84,121,53,116,11,102" hai2="77,2,75,10,111,126,67,114,26,27,24,89,31" hai3="61,71,18,0,5,131,3,128,73,16,38,45,79"/><T51/><D122/><U104/><E116/><V1/><F111/><W123/><G123/><T42/><D113/><U17/><E120/><V74/><F114/><W8/><G3/><T34/><D34/><U66/><E121/><V95/><F67/><W41/><G61/><T101/><D130/><N who="3" m="49705" /><G71/><T124/><D124/><U83/><E62/><V132/><F126/><W127/><G127/><T9/><D65/><U30/><E66/><V58/><F132/><W37/><G37/><T57/><D85/><U20/><E30/><V92/><F31/><W90/><G90/><T22/><D4/><U7/><E84/><V29/><F29/><W35/><G35/><T125/><D125/><U106/><E83/><AGARI ba="0,0" hai="0,5,8,16,18,38,41,45,73,79,83" m="49705" machi="83" ten="30,7700,0" yaku="25,1,19,1,52,1,54,1" doraHai="68" who="3" fromWho="1" sc="268,0,435,-77,72,0,225,77" /><INIT seed="5,0,0,3,4,16" ten="268,358,72,302" oya="1" hai0="79,3,75,46,117,65,127,10,118,77,115,81,72" hai1="5,61,131,104,36,58,70,90,121,28,120,21,41" hai2="108,12,82,51,112,26,87,42,114,29,111,45,2" hai3="68,11,73,25,113,89,44,91,32,84,83,62,56"/><U80/><E104/><V39/><F2/><W7/><G68/><T97/><D115/><U23/><E70/><V47/><F12/><W43/><G113/><T4/><D65/><U6/><E36/><V135/><F114/><W88/><G25/><T9/><D9/><U71/><E71/><V67/><F112/><W101/><G101/><T34/><D97/><U119/><E41/><V15/><F67/><W99/><G32/><T59/><D59/><U22/><E119/><N who="0" m="45577" /><D46/><U27/><E131/><V37/><F135/><W100/><G73/><T130/><D130/><U94/><E80/><V125/><F125/><W63/><G56/><T55/><D55/><U103/><E103/><V92/><F92/><W133/><G133/><T126/><D34/><U8/><E6/><V18/><F108/><W35/><G35/><T122/><D122/><U1/><E120/><V40/><F51/><W20/><G63/><T102/><D102/><U124/><E124/><V128/><F128/><W53/><G62/><T60/><D60/><U106/><E106/><V132/><F132/><W66/><G53/><T134/><D134/><U38/><E38/><V129/><F129/><W64/><G99/><T123/><D123/><U57/><E121/><V98/><F98/><W78/><G100/><T24/><D24/><U109/><E109/><V13/><F18/><W54/><G54/><T14/><D14/><U17/><E17/><V50/><F111/><W33/><G43/><T49/><D49/><U93/><E58/><V85/><F50/><W69/><G69/><T31/><D31/><U74/><E28/><RYUUKYOKU ba="0,0" sc="268,30,358,-10,72,-10,302,-10" hai0="3,4,10,72,75,77,79,81,126,127" /><INIT seed="6,1,0,5,2,27" ten="298,348,62,292" oya="2" hai0="48,105,128,82,131,49,114,92,47,26,78,74,87" hai1="64,135,115,102,19,118,129,29,63,76,8,86,35" hai2="71,77,53,90,124,133,56,33,50,4,103,10,123" hai3="62,7,126,15,132,54,40,43,3,13,98,39,65"/><V110/><F123/><W5/><G3/><T55/><D105/><U73/><E86/><V37/><F33/><W130/><G39/><T12/><D114/><U52/><E118/><V100/><F71/><W91/><G126/><T16/><D26/><N who="1" m="18871" /><E115/><V24/><F37/><W80/><G130/><N who="0" m="49707" /><D92/><U21/><E129/><V45/><F110/><W117/><G117/><T58/><D74/><U30/><E76/><V89/><F77/><W127/><G127/><T46/><D58/><U81/><E81/><V0/><F124/><W95/><G80/><T85/><D85/><U67/><E73/><V109/><F109/><W101/><G54/><T41/><D41/><U36/><E36/><V111/><F111/><W99/><G95/><T1/><D1/><U28/><E8/><V34/><F133/><W61/><G132/><T59/><D49/><U69/><E52/><V11/><F11/><AGARI ba="1,0" hai="11,12,16,46,47,48,55,59,78,82,87" m="49707" machi="11" ten="30,2000,0" yaku="19,1,54,1" doraHai="27" who="0" fromWho="2" sc="298,23,348,0,62,-23,292,0" /><INIT seed="7,0,0,5,3,29" ten="321,348,39,292" oya="3" hai0="45,69,87,37,109,15,127,107,18,24,100,1,64" hai1="71,23,80,65,33,81,17,113,32,54,106,2,116" hai2="6,67,90,68,66,56,42,7,3,114,73,131,50" hai3="39,35,94,103,85,31,77,26,102,88,104,8,121"/><W124/><G121/><T30/><D109/><U93/><E106/><V126/><F73/><W84/><G124/><T97/><D1/><U115/><E2/><V53/><F3/><W19/><G39/><T78/><D127/><U28/><E116/><V129/><F6/><W46/><G104/><T72/><D72/><U128/><E128/><V92/><F7/><W59/><G46/><T62/><D37/><U9/><E9/><V63/><F90/><W125/><G125/><T14/><D45/><U112/><E93/><V95/><F92/><W12/><REACH who="3" step="1"/><G59/><REACH who="3" ten="321,348,39,282" step="2"/><T44/><D44/><U10/><E10/><V58/><F95/><W11/><G11/><T60/><D60/><N who="1" m="40359" /><E54/><V49/><F126/><W135/><G135/><T123/><D123/><U36/><E36/><V74/><F114/><W47/><G47/><T130/><D130/><U101/><E101/><V110/><F110/><W21/><G21/><T89/><D89/><U5/><E5/><V99/><F129/><W38/><G38/><T108/><D108/><U133/><E133/><V76/><F131/><W0/><G0/><T122/><D122/><U91/><E91/><V118/><F118/><W57/><G57/><T120/><D120/><U75/><E75/><V132/><F74/><W55/><G55/><T105/><D105/><U79/><E79/><V22/><F76/><W82/><AGARI ba="0,1" hai="8,12,19,26,31,35,77,82,84,85,88,94,102,103" machi="82" ten="30,12000,1" yaku="1,1,0,1,52,1,54,1,53,1" doraHai="29" doraHaiUra="86" who="3" fromWho="3" sc="321,-40,348,-40,39,-40,282,130" owari="281,-12.0,308,11.0,-1,-50.0,412,51.0" /></mjloggm>