<mjloggm ver="2.3"><GO type="169" lobby="0"/><UN n0="%EF%BC%88%E2%89%A7%E2%96%BD%E2%89%A6%EF%BC%89" n1="%E4%BC%8A%E8%97%A4%E5%8D%83%E4%BD%B3" n2="%4D%61%72%6C%69%6E" n3="%E3%83%AA%E3%83%BC%E3%83%81%EF%BC%91" dan="17,16,17,16" rate="2188.12,2132.44,2178.00,2094.99" sx="M,F,M,M"/><TAIKYOKU oya="0"/><INIT seed="0,0,0,5,1,61" ten="250,250,250,250" oya="0" hai0="50,55,58,94,40,4,0,106,102,1,96,49,46" hai1="110,84,76,64,63,39,80,45,48,130,22,72,86" hai2="118,88,12,87,65,10,93,26,121,71,111,5,74" hai3="120,119,133,67,31,11,115,57,135,51,35,16,25"/><T66/><D4/><U90/><E110/><V52/><F74/><W62/><G115/><T98/><REACH who="0" step="1"/><D66/><REACH who="0" ten="240,250,250,250" step="2"/><U73/><E130/><V78/><F65/><W38/><G120/><T83/><D83/><U56/><E39/><V127/><F121/><W23/><G38/><T69/><D69/><U15/><E80/><V134/><F71/><W7/><G119/><T34/><D34/><U9/><E64/><V36/><F36/><W24/><REACH who="3" step="1"/><G51/><REACH who="3" ten="240,250,250,240" step="2"/><T53/><D53/><U126/><E48/><V47/><F52/><W103/><G103/><AGARI ba="0,2" hai="0,1,40,46,49,50,55,58,94,96,98,102,103,106" machi="103" ten="30,2900,0" yaku="1,1,7,1,53,0" doraHai="61" doraHaiUra="60" who="0" fromWho="3" sc="240,49,250,0,250,0,240,-29" /><INIT seed="0,1,0,2,5,33" ten="289,250,250,211" oya="0" hai0="97,114,45,3,133,117,80,14,10,7,105,107,59" hai1="21,109,28,0,94,87,122,41,111,56,35,20,75" hai2="4,98,52,29,85,22,18,91,15,124,38,134,67" hai3="61,2,63,132,27,5,110,36,103,74,53,118,92"/><T120/><D117/><U125/><E122/><V47/><F124/><W76/><G36/><T55/><D120/><U113/><E75/><V72/><F72/><W88/><G118/><T8/><D114/><U121/><E121/><V126/><F126/><W9/><G103/><T49/><D133/><U83/><E125/><V70/><F134/><W112/><G132/><T127/><D127/><U1/><E113/><V40/><F29/><W102/><G102/><T68/><D68/><U12/><E41/><V131/><F131/><W108/><G112/><T50/><D80/><U16/><E94/><V43/><F98/><W101/><G101/><T54/><REACH who="0" step="1"/><D97/><REACH who="0" ten="279,250,250,211" step="2"/><U93/><E111/><V42/><F38/><W11/><G108/><T123/><D123/><U31/><E109/><V24/><F70/><W57/><G110/><T79/><D79/><U46/><E35/><V77/><F77/><W95/><G76/><T44/><D44/><U106/><E46/><V115/><F115/><W60/><G95/><T64/><D64/><U30/><E93/><N who="2" m="54511" /><F67/><W129/><G74/><T81/><D81/><U73/><E73/><V34/><F34/><W6/><G129/><T17/><AGARI ba="1,1" hai="3,7,8,10,14,17,45,49,50,54,55,59,105,107" machi="17" ten="20,7800,0" yaku="1,1,0,1,7,1,52,1,53,0" doraHai="33" doraHaiUra="99" who="0" fromWho="0" sc="279,91,250,-27,250,-27,211,-27" /><INIT seed="0,2,0,3,4,22" ten="370,223,223,184" oya="0" hai0="52,4,113,21,65,59,85,130,92,111,8,100,78" hai1="51,30,126,120,60,38,47,114,34,112,133,69,123" hai2="66,110,45,16,129,1,108,17,3,10,117,67,99" hai3="13,40,122,71,127,26,96,125,81,12,11,72,134"/><T77/><D113/><N who="1" m="43627" /><E34/><V31/><F129/><W25/><G71/><T83/><D130/><U5/><E30/><V84/><F31/><W54/><G40/><T32/><D32/><U87/><E5/><N who="2" m="1327" /><F3/><W131/><G131/><T49/><D111/><N who="2" m="42538" /><F117/><W116/><G116/><T41/><D41/><N who="1" m="22967" /><E133/><V44/><F99/><W101/><G134/><T42/><D42/><U9/><E9/><V0/><F0/><W37/><G37/><T107/><D107/><U61/><E87/><V119/><F84/><W75/><G54/><T128/><D128/><U103/><E103/><V104/><F104/><N who="3" m="63527" /><G13/><N who="0" m="5255" /><D65/><N who="2" m="24586" /><F119/><W95/><G122/><N who="1" m="46634" /><E69/><V135/><F135/><W15/><G15/><T93/><D100/><U43/><E126/><N who="3" m="48138" /><G95/><N who="0" m="36427" /><D21/><U102/><E102/><V33/><F33/><W88/><G72/><T20/><D20/><U105/><E105/><V74/><F74/><W118/><G118/><T58/><D78/><U90/><E90/><V14/><F17/><N who="3" m="8351" /><G75/><T7/><D7/><U106/><E106/><V94/><F94/><W73/><G73/><T80/><D83/><U19/><E19/><V36/><F36/><W132/><G132/><T70/><D70/><U89/><E89/><V28/><F28/><W57/><G57/><AGARI ba="2,0" hai="49,52,57,58,59,77,80,85" m="36427,5255" machi="57" ten="30,2900,0" yaku="8,1,54,1" doraHai="22" who="0" fromWho="3" sc="370,35,223,0,223,0,184,-35" /><INIT seed="0,3,0,3,3,73" ten="405,223,223,149" oya="0" hai0="61,5,108,86,85,1,84,123,128,87,118,29,24" hai1="104,2,21,47,25,42,127,109,12,46,83,70,67" hai2="19,51,99,3,20,134,94,80,56,0,50,64,17" hai3="88,125,35,77,53,114,96,129,132,28,69,119,31"/><T131/><D123/><U124/><E104/><V107/><F107/><W106/><G114/><T41/><D118/><U15/><E2/><V57/><F134/><W36/><G119/><T55/><D41/><U79/><E109/><V82/><F64/><W65/><G132/><T16/><D108/><U92/><E92/><V97/><F20/><W32/><G36/><T62/><D85/><N who="1" m="48383" /><E67/><V74/><F94/><W115/><G69/><T112/><D112/><U68/><E70/><V103/><REACH who="2" step="1"/><F74/><REACH who="2" ten="405,223,213,149" step="2"/><W75/><G65/><T72/><D72/><U126/><E68/><V39/><F39/><W95/><G106/><T9/><D29/><N who="1" m="17583" /><E47/><V59/><F59/><W100/><G115/><T10/><D10/><U44/><E44/><V54/><F54/><W6/><G53/><T49/><D55/><U14/><E14/><V93/><F93/><W110/><G95/><T116/><D116/><U38/><AGARI ba="3,1" hai="12,15,38,42,46,124,126,127" m="17583,48383" machi="38" ten="30,2000,0" yaku="18,1,52,1" doraHai="73" who="1" fromWho="1" sc="405,-13,223,39,213,-8,149,-8" /><INIT seed="1,0,0,3,1,51" ten="392,262,205,141" oya="1" hai0="115,7,130,109,68,11,127,125,78,56,41,119,129" hai1="5,98,61,53,133,8,22,120,94,29,17,31,3" hai2="124,104,32,49,91,72,66,70,96,59,4,102,114" hai3="67,79,97,14,9,103,117,113,108,76,82,20,6"/><U116/><E120/><V35/><F124/><N who="0" m="47690" /><D68/><U84/><E116/><V28/><F72/><W105/><G108/><T24/><D115/><U36/><E36/><V27/><F114/><W0/><G117/><T74/><D109/><U85/><E133/><V54/><F4/><W25/><G113/><T23/><D41/><U110/><E110/><V16/><F35/><W43/><G67/><T2/><D119/><U95/><E84/><V55/><F91/><W52/><G43/><T30/><D56/><U92/><E85/><V19/><F55/><W93/><G0/><T46/><D46/><U57/><REACH who="1" step="1"/><E98/><REACH who="1" ten="392,252,205,141" step="2"/><V75/><F75/><W69/><G69/><T80/><AGARI ba="0,1" hai="2,7,11,23,24,30,74,78,80,129,130" m="47690" machi="80" ten="30,1100,0" yaku="18,1" doraHai="51" who="0" fromWho="0" sc="392,21,252,-5,205,-3,141,-3" /><INIT seed="2,0,0,3,0,61" ten="413,247,202,138" oya="2" hai0="82,34,120,11,71,109,104,17,128,113,47,1,28" hai1="19,95,116,60,87,36,0,8,70,92,133,102,78" hai2="25,5,32,106,68,88,21,29,135,127,22,14,44" hai3="62,2,134,31,65,45,43,4,83,23,126,16,51"/><V13/><F106/><W48/><G134/><T40/><D113/><U90/><E116/><V114/><F68/><W94/><G126/><T130/><D120/><U89/><E36/><V59/><F114/><W69/><G31/><T20/><D104/><U26/><E133/><V80/><F135/><W55/><G83/><T97/><D97/><U103/><E78/><V12/><F127/><W10/><G94/><T93/><D93/><U49/><E49/><V129/><F129/><W15/><REACH who="3" step="1"/><G51/><REACH who="3" ten="413,247,202,128" step="2"/><N who="0" m="27111" /><D82/><U110/><E92/><V7/><F80/><W57/><G57/><T50/><D28/><U86/><E95/><V117/><F59/><W76/><G76/><T91/><D128/><U58/><E58/><V115/><F117/><W56/><G56/><T66/><D130/><U81/><E81/><V38/><F115/><W30/><G30/><T67/><D71/><U107/><E70/><V105/><F105/><W101/><G101/><T35/><D35/><U125/><E107/><V53/><F38/><W75/><G75/><T132/><D34/><U27/><E125/><V84/><F32/><W72/><G72/><T41/><D132/><U39/><E39/><V73/><F73/><W111/><G111/><T24/><D109/><U46/><E110/><V118/><F118/><W6/><G6/><N who="0" m="1487" /><D91/><U121/><E102/><V74/><F74/><W33/><G33/><T64/><D50/><U54/><E103/><V100/><F100/><W131/><G131/><T85/><D85/><U37/><E87/><V122/><F84/><W63/><G63/><T124/><D124/><U52/><E60/><RYUUKYOKU ba="0,1" sc="413,15,247,-15,202,-15,128,15" hai0="17,20,24,41,64,66,67" hai3="2,4,10,15,16,23,43,45,48,55,62,65,69" /><INIT seed="3,1,1,4,2,65" ten="428,232,187,143" oya="3" hai0="20,112,127,125,74,54,64,121,132,52,71,63,97" hai1="32,68,108,47,8,18,99,43,96,22,11,44,27" hai2="81,89,103,5,38,102,45,28,36,109,10,124,114" hai3="56,93,17,29,41,1,80,116,73,101,130,84,83"/><W31/><G116/><T70/><D121/><U30/><E108/><V34/><F114/><W58/><G130/><T86/><D74/><U95/><E68/><N who="0" m="26153" /><D112/><U14/><E47/><V21/><F124/><N who="0" m="47690" /><D132/><U49/><E96/><V92/><F34/><W87/><G73/><T6/><D6/><U111/><E111/><V98/><F5/><W82/><G1/><T75/><D75/><U77/><E77/><V39/><F109/><W37/><G37/><T50/><D97/><U128/><E128/><V94/><F98/><N who="3" m="59599" /><G41/><T55/><D86/><N who="3" m="32809" /><G17/><T118/><D118/><U133/><E133/><V129/><F129/><W62/><G58/><N who="0" m="36983" /><D20/><U67/><E67/><AGARI ba="1,1" hai="29,31,56,62,67,80,82,83" m="32809,59599" machi="67" ten="30,1500,0" yaku="8,1" doraHai="65" who="3" fromWho="1" sc="428,0,232,-18,187,0,143,28" /><INIT seed="3,2,0,1,5,35" ten="428,214,187,171" oya="3" hai0="53,114,82,132,89,6,97,19,29,86,125,67,81" hai1="63,47,96,60,34,57,36,134,70,73,61,131,2" hai2="4,59,77,68,32,9,92,124,112,40,7,23,109" hai3="22,38,50,46,41,80,74,118,49,107,106,65,103"/><W62/><G118/><T78/><D125/><U121/><E121/><V104/><F104/><W30/><G103/><T51/><D114/><U129/><E34/><V13/><F68/><N who="3" m="42039" /><G50/><T48/><D132/><U54/><E134/><V126/><F32/><W83/><G22/><T102/><D29/><U128/><E73/><V90/><F112/><W76/><G83/><T0/><D67/><N who="1" m="41343" /><E96/><N who="2" m="57367" /><F77/><W17/><G17/><T52/><D19/><U20/><E2/><V25/><F40/><W116/><G30/><T55/><D0/><U24/><E60/><V27/><F59/><W26/><G26/><N who="2" m="9737" /><F23/><W100/><G116/><T113/><D113/><U105/><E105/><N who="3" m="39946" /><G100/><T123/><D123/><U117/><E117/><V58/><F58/><W14/><G14/><T15/><D102/><U71/><E71/><V110/><F4/><W43/><G49/><T93/><D82/><U122/><E122/><V33/><F33/><W21/><G21/><T37/><D48/><U69/><E69/><V79/><F79/><W99/><G99/><T8/><D51/><U64/><E64/><V31/><F31/><W88/><G88/><T75/><D97/><U44/><E36/><V119/><F119/><W12/><G12/><T101/><D37/><U45/><E45/><V130/><F13/><W115/><G43/><T66/><D101/><U84/><E84/><V56/><F56/><W135/><G115/><T18/><D66/><U39/><E39/><V10/><F9/><W11/><G11/><T28/><D28/><AGARI ba="2,0" hai="20,24,28,44,47,54,57,61,128,129,131" m="41343" machi="28" ten="30,1000,0" yaku="19,1" doraHai="35" who="1" fromWho="0" sc="428,-16,214,16,187,0,171,0" /><INIT seed="4,0,0,1,2,62" ten="412,230,187,171" oya="0" hai0="21,23,46,2,25,124,132,84,131,87,37,125,48" hai1="75,121,42,52,56,14,64,39,81,130,53,10,82" hai2="126,26,79,0,18,127,38,51,102,50,97,135,109" hai3="99,6,59,24,98,108,68,69,47,22,74,34,95"/><T83/><D2/><U65/><E121/><V119/><F109/><W58/><G108/><T28/><D25/><U33/><E33/><V112/><F38/><W101/><G74/><T129/><D37/><U76/><E130/><N who="0" m="49673" /><D28/><U107/><E107/><V115/><F0/><W35/><G6/><T120/><D120/><U85/><E42/><V57/><F79/><W49/><G69/><T114/><D114/><N who="2" m="43562" /><F135/><W103/><G68/><T7/><D7/><U89/><E39/><V61/><F26/><W122/><G122/><T86/><D83/><U67/><REACH who="1" step="1"/><E56/><REACH who="1" ten="412,220,187,171" step="2"/><V78/><F119/><W1/><G34/><T36/><D132/><U12/><E12/><V96/><F57/><W73/><G35/><T123/><D36/><U92/><E92/><V134/><F134/><W45/><G1/><T60/><D123/><U104/><E104/><V88/><F126/><N who="0" m="48746" /><D60/><U105/><E105/><V41/><F61/><W111/><G111/><T54/><AGARI ba="0,1" hai="21,23,46,48,54,84,86,87" m="48746,49673" machi="54" ten="40,3900,0" yaku="19,1,18,1" doraHai="62" who="0" fromWho="0" sc="412,49,220,-13,187,-13,171,-13" /><INIT seed="4,1,0,3,2,10" ten="461,207,174,158" oya="0" hai0="33,51,105,38,13,73,3,42,125,2,69,92,26" hai1="5,44,18,122,99,16,110,65,37,112,20,128,61" hai2="94,109,31,80,55,25,93,113,60,68,70,19,41" hai3="119,97,91,40,32,29,85,21,34,4,127,130,123"/><T107/><D51/><U46/><E110/><V75/><F109/><W86/><G119/><T81/><D92/><U47/><E122/><V90/><F113/><W101/><G123/><T64/><D13/><U84/><E128/><V77/><F41/><W22/><G130/><T129/><D125/><U100/><E112/><V120/><F120/><W24/><G127/><T104/><D129/><U72/><E72/><V117/><F117/><W116/><G116/><T48/><D48/><U106/><E5/><V43/><F43/><W58/><G40/><T135/><D135/><U89/><E37/><V133/><F133/><W12/><G86/><T111/><D111/><U126/><E20/><V39/><F39/><W7/><G34/><T30/><D81/><U35/><E35/><V96/><F19/><N who="3" m="10471" /><G32/><T63/><D73/><U11/><E11/><V103/><F55/><W28/><G29/><T66/><D66/><U108/><E108/><V23/><REACH who="2" step="1"/><F60/><REACH who="2" ten="461,207,164,158" step="2"/><W50/><G50/><T124/><D124/><U36/><E36/><V49/><F49/><W83/><G58/><T71/><D69/><U27/><E126/><V15/><F15/><W59/><G59/><T17/><D42/><U121/><E121/><V74/><F74/><W53/><G53/><T78/><D38/><U0/><E18/><V62/><F62/><W6/><G97/><AGARI ba="1,1" hai="23,25,31,68,70,75,77,80,90,93,94,96,97,103" machi="97" ten="30,2000,0" yaku="1,1,7,1,53,0" doraHai="10" doraHaiUra="118" who="2" fromWho="3" sc="461,0,207,0,164,33,158,-23" /><INIT seed="5,0,0,3,1,16" ten="461,207,197,135" oya="1" hai0="72,133,119,49,85,95,1,58,47,91,48,84,42" hai1="34,28,13,100,8,112,51,90,89,130,75,70,123" hai2="73,25,105,109,67,64,134,5,4,9,132,21,22" hai3="117,97,94,26,65,63,92,98,23,135,87,35,118"/><U53/><E123/><V77/><F105/><W54/><G35/><T60/><D72/><U19/><E70/><V40/><F109/><W15/><G135/><N who="2" m="51753" /><F40/><W131/><G131/><T93/><D1/><U57/><E75/><V24/><F77/><W62/><G15/><T107/><D107/><U82/><E130/><V33/><F73/><W129/><G129/><T36/><D119/><U45/><E112/><V81/><F81/><W80/><G54/><T10/><D10/><U86/><E100/><V7/><F9/><W128/><G128/><T96/><D133/><U29/><E34/><V120/><F33/><W31/><G94/><T52/><D85/><U78/><E57/><V111/><F111/><W41/><G41/><T59/><D58/><U116/><E116/><V110/><F110/><W113/><G113/><T124/><D124/><U126/><E126/><V44/><F44/><W3/><G3/><T56/><D59/><U2/><E2/><V61/><F120/><W74/><G74/><T43/><D43/><U20/><E8/><V69/><F64/><W55/><G55/><T104/><D104/><U17/><E17/><N who="2" m="12335" /><F4/><W50/><G117/><T88/><AGARI ba="0,0" hai="36,42,47,48,49,52,56,60,84,88,91,93,95,96" machi="88" ten="20,5200,0" yaku="0,1,7,1,54,2" doraHai="16" who="0" fromWho="0" sc="461,52,207,-26,197,-13,135,-13" /><INIT seed="6,0,0,0,5,26" ten="513,181,184,122" oya="2" hai0="10,135,84,35,39,18,119,83,71,57,127,111,112" hai1="4,113,81,123,6,63,17,0,74,55,15,25,115" hai2="133,41,88,11,96,92,62,126,61,65,73,53,99" hai3="94,51,43,66,114,32,130,22,47,116,76,120,118"/><V121/><F73/><W129/><G32/><T80/><D71/><U13/><E123/><V108/><F121/><W85/><G120/><T50/><D35/><U30/><E0/><V34/><F34/><W104/><G104/><T58/><D39/><U75/><E63/><V36/><F126/><W16/><G66/><T12/><D111/><U132/><E132/><V69/><F133/><W52/><G43/><T46/><D112/><N who="1" m="43083" /><E55/><V134/><F134/><W70/><G70/><T56/><D80/><U64/><E64/><V14/><F108/><W117/><G114/><T48/><D135/><U101/><E101/><V27/><F27/><W110/><G110/><T54/><D119/><U21/><E15/><V103/><F41/><W72/><G72/><N who="1" m="27690" /><E81/><V33/><F33/><AGARI ba="0,0" hai="4,6,13,17,21,25,30,33" m="27690,43083" machi="33" ten="30,2000,0" yaku="15,1,52,1" doraHai="26" who="1" fromWho="2" sc="513,0,181,20,184,-20,122,0" /><INIT seed="7,0,0,5,3,42" ten="513,201,164,122" oya="3" hai0="52,57,83,46,89,85,50,14,128,81,74,47,116" hai1="131,51,39,79,44,38,26,135,60,119,87,40,34" hai2="68,27,31,7,91,61,11,13,49,99,48,41,84" hai3="111,0,16,9,127,19,94,100,71,121,62,54,10"/><W58/><G71/><T4/><D116/><U130/><E119/><V72/><F72/><W109/><G121/><T56/><D128/><N who="1" m="49195" /><E135/><V129/><F129/><W123/><G123/><T125/><D74/><U117/><E117/><V3/><F99/><N who="3" m="59511" /><G127/><T108/><D125/><U103/><E103/><V35/><F41/><W133/><G133/><T23/><D108/><N who="3" m="41545" /><G10/><N who="0" m="4423" /><D83/><N who="1" m="47615" /><E60/><V112/><F112/><W113/><G113/><T86/><D86/><U29/><AGARI ba="0,0" hai="26,29,34,38,39,40,44,51" m="47615,49195" machi="29" ten="30,2000,0" yaku="19,1,52,1" doraHai="42" who="1" fromWho="1" sc="513,-5,201,20,164,-5,122,-10" owari="508,61.0,221,2.0,159,-24.0,112,-39.0" /></mjloggm>