<mjloggm ver="2.3"><GO type="169" lobby="0"/><UN n0="%4D%49%40%34%32%38" n1="%EF%BC%88%E2%89%A7%E2%96%BD%E2%89%A6%EF%BC%89" n2="%E3%81%B4%E3%81%AE" n3="%E4%B8%83%E3%83%84%E7%9B%AE%E7%8E%89" dan="16,17,16,18" rate="2075.46,2159.19,2112.22,2230.71" sx="M,M,M,M"/><TAIKYOKU oya="0"/><INIT seed="0,0,0,3,0,72" ten="250,250,250,250" oya="0" hai0="118,12,35,108,48,94,15,62,117,113,105,57,112" hai1="75,23,127,110,99,24,37,90,76,106,119,120,109" hai2="73,46,133,0,34,66,103,10,54,50,97,114,96" hai3="83,38,22,53,9,18,39,91,2,100,87,85,64"/><T41/><D105/><U59/><E120/><V28/><F133/><W102/><G64/><T98/><D35/><U80/><E119/><V55/><F114/><W40/><G2/><T92/><D108/><N who="1" m="41579" /><E37/><V101/><F66/><W49/><G40/><T6/><D117/><U31/><E127/><V42/><F34/><W5/><G39/><T7/><D118/><U81/><E59/><V67/><F67/><W33/><G33/><T69/><D69/><U130/><E130/><V16/><F28/><W29/><G29/><T43/><D48/><U61/><E61/><V4/><F73/><W27/><G38/><T3/><D57/><U65/><E65/><V86/><F86/><W36/><G36/><T123/><D62/><U51/><E51/><V131/><F131/><W56/><REACH who="3" step="1"/><G87/><REACH who="3" ten="250,250,250,240" step="2"/><T63/><D3/><U58/><E31/><V126/><F126/><W68/><G68/><T74/><D74/><U30/><E30/><V45/><F42/><W44/><G44/><T70/><D70/><U89/><E58/><V122/><F45/><W17/><G17/><T19/><D19/><N who="1" m="12415" /><E81/><V60/><F46/><W82/><G82/><T95/><D113/><U77/><E77/><V26/><F55/><W32/><G32/><T128/><D112/><U134/><E134/><V79/><F54/><W20/><G20/><T135/><D135/><U116/><E116/><V107/><F122/><W129/><G129/><T115/><D128/><U111/><E111/><V21/><F97/><W8/><G8/><T84/><D98/><U13/><E13/><N who="0" m="5193" /><D115/><U93/><E106/><V14/><F107/><RYUUKYOKU ba="0,1" sc="250,-15,250,15,250,-15,240,15" hai1="75,76,80,89,90,93,99" hai3="5,9,18,22,27,49,53,56,83,85,91,100,102" /><INIT seed="1,1,1,1,3,84" ten="235,265,235,255" oya="1" hai0="99,109,2,1,79,62,64,105,91,0,54,14,115" hai1="58,77,67,46,94,55,81,102,18,121,82,118,32" hai2="85,108,22,43,134,111,3,133,29,73,110,49,28" hai3="119,9,120,33,90,30,21,34,75,126,96,61,51"/><U20/><E118/><V37/><F73/><W89/><G75/><T11/><D115/><U74/><E32/><V25/><F3/><W130/><G120/><T80/><D109/><U45/><E121/><V125/><F125/><W100/><G126/><T59/><D105/><U131/><E131/><V57/><F37/><W95/><G130/><T93/><D64/><U15/><E67/><V103/><F103/><W66/><G119/><T123/><D123/><U135/><E135/><N who="2" m="51723" /><F85/><W52/><G33/><T97/><D97/><N who="1" m="59703" /><E74/><V104/><F104/><W19/><G34/><T50/><D62/><N who="1" m="36191" /><E77/><V41/><F29/><W12/><G30/><T13/><REACH who="0" step="1"/><D11/><REACH who="0" ten="225,265,235,255" step="2"/><U88/><E82/><V6/><F111/><W16/><G66/><T128/><D128/><U70/><E70/><V39/><F110/><W44/><REACH who="3" step="1"/><G61/><REACH who="3" ten="225,265,235,245" step="2"/><T114/><D114/><U129/><E129/><V53/><F108/><W56/><G56/><T68/><D68/><U47/><E81/><V71/><F57/><W8/><G8/><T113/><D113/><U98/><E46/><V4/><F71/><W106/><G106/><T112/><D112/><U42/><E42/><V78/><F43/><W24/><AGARI ba="1,3" hai="9,12,16,19,21,24,44,51,52,89,90,95,96,100" machi="24" ten="20,16000,3" yaku="1,1,0,1,7,1,8,1,52,2,54,2,53,1" doraHai="84" doraHaiUra="40" who="3" fromWho="3" sc="225,-41,265,-81,235,-41,245,193" /><INIT seed="2,0,0,2,2,86" ten="184,184,194,438" oya="2" hai0="90,13,43,119,35,83,36,80,46,40,103,110,78" hai1="77,91,52,131,76,30,15,126,72,29,95,21,79" hai2="3,114,9,71,47,49,62,130,100,116,27,16,99" hai3="88,122,7,123,120,0,109,31,128,92,118,23,63"/><V56/><F116/><W135/><G118/><T68/><D119/><U93/><E131/><V12/><F114/><W51/><G128/><T65/><D35/><U50/><E126/><V28/><F130/><W57/><G51/><T39/><D103/><U48/><E72/><V125/><F125/><W38/><G38/><T107/><D107/><U75/><E75/><V25/><F71/><W94/><G94/><T74/><D110/><U69/><E69/><V45/><F3/><W8/><G109/><T134/><D134/><U70/><E70/><V60/><F60/><W53/><G135/><T5/><D68/><U87/><E95/><V58/><F58/><W84/><G31/><T113/><D65/><U98/><E98/><V101/><F25/><W129/><G129/><T26/><D26/><U37/><E37/><V20/><F49/><W14/><REACH who="3" step="1"/><G23/><REACH who="3" ten="184,184,194,428" step="2"/><T32/><D39/><U19/><REACH who="1" step="1"/><E48/><REACH who="1" ten="184,174,194,428" step="2"/><V6/><F62/><W102/><G102/><T133/><D36/><U61/><E61/><V73/><F101/><W24/><G24/><T85/><D133/><U89/><E89/><V96/><F100/><W33/><G33/><T59/><D32/><U111/><E111/><V81/><F27/><W54/><G54/><T4/><D90/><U115/><E115/><V42/><F81/><W82/><G82/><T55/><D113/><U112/><E112/><V104/><F104/><W106/><G106/><T34/><D34/><U1/><E1/><AGARI ba="0,2" hai="0,1,7,8,14,53,57,63,84,88,92,120,122,123" machi="1" ten="40,5200,0" yaku="1,1,52,1,54,1,53,0" doraHai="86" doraHaiUra="66" who="3" fromWho="1" sc="184,0,174,-52,194,0,428,72" /><INIT seed="3,0,0,5,1,119" ten="184,122,194,500" oya="3" hai0="58,95,52,96,53,26,87,121,47,44,23,71,39" hai1="84,104,106,89,36,78,70,20,45,94,120,30,5" hai2="40,92,116,2,7,88,83,103,105,18,101,65,98" hai3="66,130,56,9,12,90,86,102,21,135,85,99,46"/><W81/><G130/><T64/><D121/><U91/><E70/><V112/><F112/><W19/><G135/><T109/><D109/><U108/><E108/><V38/><F116/><W73/><G73/><T125/><D125/><U134/><E134/><V28/><F28/><W10/><G46/><T97/><D71/><U25/><E78/><V126/><F126/><W113/><G113/><T107/><D64/><U124/><E124/><V75/><F65/><W42/><G42/><T34/><D34/><U35/><E5/><V79/><F18/><W8/><G86/><T77/><D107/><U11/><E11/><N who="2" m="2551" /><F105/><W1/><G1/><T37/><D77/><U29/><E120/><V31/><F31/><W76/><G76/><T100/><D87/><U115/><E115/><V61/><F61/><N who="3" m="38183" /><G99/><T27/><D96/><U15/><E89/><V131/><F131/><W57/><G57/><T67/><D39/><U24/><REACH who="1" step="1"/><E15/><REACH who="1" ten="184,112,194,500" step="2"/><V17/><F79/><W49/><G9/><T55/><D37/><U93/><E93/><V60/><F38/><W13/><G10/><T118/><D118/><U110/><E110/><V0/><F92/><W50/><G102/><T51/><D100/><U14/><E14/><V63/><F103/><W43/><G13/><T72/><D95/><U122/><E122/><V127/><F101/><W128/><G128/><T32/><D27/><U59/><E59/><V123/><F127/><W4/><G4/><T54/><D26/><U48/><E48/><N who="3" m="18538" /><G8/><T22/><D58/><U82/><E82/><V68/><F83/><W62/><G62/><T114/><D114/><RYUUKYOKU ba="0,1" sc="184,-15,112,15,194,-15,500,15" hai1="20,24,25,29,30,35,36,45,84,91,94,104,106" hai3="12,19,21,43,81,85,90" /><INIT seed="3,1,1,5,1,59" ten="169,127,179,515" oya="3" hai0="31,29,52,8,11,124,72,110,21,62,22,119,95" hai1="4,93,133,19,42,135,48,108,111,17,94,32,103" hai2="34,130,85,3,88,43,82,134,127,55,20,50,54" hai3="125,60,14,106,68,63,24,12,73,84,96,99,13"/><W16/><G73/><T98/><D119/><U67/><E32/><V28/><F134/><N who="1" m="51209" /><E4/><V105/><F130/><W26/><G68/><T41/><D72/><U58/><E42/><V40/><F127/><W86/><G106/><T122/><D41/><U38/><E38/><V0/><F105/><W115/><G125/><T101/><D122/><U56/><E48/><V74/><F34/><W129/><G129/><T46/><D110/><N who="1" m="42027" /><E103/><V75/><F0/><W113/><G13/><T102/><D102/><U53/><E67/><V49/><F3/><W23/><G23/><N who="0" m="8715" /><D124/><U81/><E81/><V79/><F40/><W47/><G47/><T5/><D46/><U118/><E118/><V65/><F43/><W131/><G131/><T107/><D107/><U61/><E56/><V97/><F65/><W30/><G30/><N who="0" m="11275" /><D5/><U123/><E123/><V45/><F28/><W64/><G64/><T76/><D76/><U69/><E69/><V7/><F7/><W92/><G92/><AGARI ba="1,1" hai="17,19,53,58,61,92,93,94" m="42027,51209" machi="92" ten="30,3900,0" yaku="20,1,14,1,52,1" doraHai="59" who="1" fromWho="3" sc="169,0,127,52,179,0,515,-42" /><INIT seed="4,0,0,5,0,25" ten="169,179,179,473" oya="0" hai0="39,5,67,93,42,105,102,50,53,59,65,90,128" hai1="75,68,91,12,13,134,28,112,6,125,44,1,133" hai2="110,87,45,118,80,35,84,77,60,0,7,76,9" hai3="24,124,79,96,106,15,97,73,129,34,104,92,17"/><T88/><D128/><U3/><E75/><V10/><F110/><W120/><G129/><T82/><D5/><U54/><E68/><V36/><F118/><W40/><G40/><T27/><D105/><U47/><E125/><V100/><F35/><W127/><G120/><T21/><D39/><U63/><E112/><V37/><F100/><W109/><G109/><T95/><D42/><U66/><E91/><N who="0" m="34857" /><D82/><U83/><E83/><V135/><F135/><N who="1" m="51721" /><E54/><V113/><F113/><W23/><G106/><T8/><D8/><N who="1" m="4119" /><E13/><V41/><F87/><W72/><G72/><T132/><D132/><U101/><E101/><V29/><F76/><W4/><G73/><T108/><D108/><U116/><E116/><V121/><F80/><W130/><G79/><T52/><D53/><U32/><E66/><N who="0" m="25097" /><D102/><U38/><E38/><V123/><F36/><W99/><G130/><T122/><D122/><U20/><E32/><V115/><F37/><W55/><G34/><T131/><D131/><U64/><E3/><V18/><F0/><W19/><G55/><T48/><D48/><U11/><E11/><V111/><F123/><W85/><G124/><T16/><AGARI ba="0,0" hai="16,21,27,50,52,59,93,95" m="25097,34857" machi="16" ten="30,11700,0" yaku="8,1,54,3" doraHai="25" who="0" fromWho="0" sc="169,117,179,-39,179,-39,473,-39" /><INIT seed="4,1,0,0,5,68" ten="286,140,140,434" oya="0" hai0="39,18,94,125,121,113,81,31,47,110,15,1,97" hai1="80,111,118,75,61,27,26,108,85,117,82,104,79" hai2="24,69,106,115,9,0,127,103,123,134,17,64,2" hai3="129,66,30,74,12,56,45,44,4,78,29,36,43"/><T93/><D121/><U100/><E61/><V57/><F69/><W52/><G66/><T35/><D1/><U55/><E55/><V89/><F123/><W6/><G45/><T130/><D113/><U22/><E22/><V16/><F115/><W83/><G129/><T63/><D130/><U3/><E3/><V60/><F106/><W116/><G116/><N who="1" m="44650" /><E26/><V122/><F24/><W131/><G131/><T37/><D125/><U86/><E27/><V46/><F127/><W48/><REACH who="3" step="1"/><G12/><REACH who="3" ten="286,140,140,424" step="2"/><T119/><D47/><U87/><E82/><V90/><F46/><W8/><G8/><T99/><D81/><U20/><E20/><V96/><F9/><W88/><G88/><T53/><D119/><U51/><E108/><V67/><F89/><W84/><G84/><T5/><D110/><U14/><E111/><V13/><F90/><W76/><G76/><T135/><D35/><U38/><E14/><V102/><F13/><W107/><G107/><T40/><D15/><U77/><E77/><V71/><F67/><W32/><G32/><T112/><D112/><U109/><E109/><V133/><F64/><W92/><G92/><T128/><D128/><U98/><E85/><V124/><F122/><W41/><G41/><T65/><D40/><U34/><E34/><V126/><F124/><W101/><G101/><T49/><D65/><U54/><E38/><V33/><F126/><W58/><G58/><T114/><D114/><U50/><E54/><V11/><F0/><W25/><G25/><T10/><D10/><U42/><E42/><V7/><F2/><W95/><G95/><RYUUKYOKU ba="1,1" sc="286,-15,140,15,140,-15,424,15" hai1="50,51,75,79,80,86,87,98,100,104" hai3="4,6,29,30,36,43,44,48,52,56,74,78,83" /><INIT seed="5,2,1,4,5,20" ten="271,155,125,439" oya="1" hai0="43,40,1,3,76,23,86,96,121,2,130,75,94" hai1="69,11,70,124,57,35,58,90,107,68,111,14,126" hai2="119,105,38,132,33,19,131,92,36,65,49,82,133" hai3="61,31,17,100,60,101,21,67,87,127,5,77,97"/><U84/><E107/><V95/><F119/><W104/><G31/><T32/><D32/><U41/><E41/><V108/><F105/><W29/><G29/><T47/><D75/><U72/><E72/><V106/><F106/><W88/><G5/><T52/><D130/><U16/><E35/><V48/><F33/><W26/><G127/><N who="1" m="48682" /><E111/><V71/><F65/><W63/><G101/><T56/><D121/><U116/><E116/><V13/><F82/><AGARI ba="2,1" hai="11,14,16,57,58,68,69,70,82,84,90" m="48682" machi="82" ten="40,3900,0" yaku="18,1,54,1" doraHai="20" who="1" fromWho="2" sc="271,0,155,55,125,-45,439,0" /><INIT seed="5,3,0,1,3,126" ten="271,210,80,439" oya="1" hai0="70,122,63,19,119,101,123,82,85,21,13,97,129" hai1="94,15,116,59,20,66,115,134,25,35,48,67,93" hai2="112,106,33,128,44,79,31,49,124,47,45,135,111" hai3="71,103,131,38,130,87,80,37,41,57,132,34,43"/><U8/><E116/><V12/><F106/><W121/><G71/><T23/><D119/><U10/><E35/><V100/><F79/><W127/><G121/><T14/><D70/><U99/><E134/><V98/><F33/><W84/><G34/><T92/><D63/><N who="1" m="38271" /><E115/><V120/><F31/><W2/><G2/><T55/><D55/><U11/><E67/><V39/><F120/><N who="0" m="46122" /><D129/><U75/><E75/><V105/><F112/><W7/><G7/><T96/><D96/><U52/><E15/><N who="0" m="5641" /><D19/><N who="1" m="12447" /><E99/><V18/><F39/><W58/><G132/><T17/><D17/><U68/><E68/><V29/><F135/><W133/><G133/><T50/><D50/><U51/><E51/><V109/><F109/><W5/><G127/><T107/><D107/><U113/><E113/><V53/><F124/><W118/><G118/><T81/><D81/><U125/><E125/><V16/><F111/><W54/><G80/><T72/><D72/><U89/><E89/><AGARI ba="3,0" hai="21,23,82,85,89,92,97,101" m="5641,46122" machi="89" ten="30,1000,0" yaku="13,1" doraHai="126" who="0" fromWho="1" sc="271,19,210,-19,80,0,439,0" /><INIT seed="6,0,0,2,5,47" ten="290,191,80,439" oya="2" hai0="41,32,107,122,73,33,17,19,18,74,64,134,71" hai1="100,54,118,133,16,43,34,1,95,89,79,48,10" hai2="112,76,39,90,104,14,42,50,45,30,77,108,44" hai3="124,111,109,69,2,81,49,127,23,119,37,12,20"/><V126/><F104/><W28/><G37/><T83/><D122/><U106/><E34/><V5/><F126/><N who="3" m="48171" /><G2/><T101/><D41/><U61/><E118/><V87/><F112/><W67/><G119/><T113/><D113/><U131/><E131/><V21/><F108/><W26/><G81/><T62/><D134/><U63/><E133/><V121/><F121/><W128/><G128/><T27/><D83/><U58/><E79/><V98/><F98/><W59/><G69/><T13/><D13/><N who="1" m="7223" /><E1/><V22/><F22/><W38/><G38/><T40/><D40/><U125/><E106/><V97/><F97/><W4/><G67/><T66/><D64/><U80/><E125/><V115/><F115/><W52/><G23/><T84/><D84/><N who="1" m="50311" /><E43/><V129/><F129/><W70/><G70/><T93/><D93/><U132/><E132/><V9/><F30/><W57/><G111/><T99/><D33/><U56/><E56/><V65/><F21/><W8/><G109/><T53/><D53/><U86/><E100/><V6/><F65/><W46/><AGARI ba="0,0" hai="4,8,12,20,26,28,46,49,52,57,59" m="48171" machi="46" ten="30,4000,0" yaku="18,1,52,1,54,1" doraHai="47" who="3" fromWho="3" sc="290,-10,191,-10,80,-20,439,40" /><INIT seed="7,0,0,5,3,46" ten="280,181,60,479" oya="3" hai0="87,81,78,56,92,5,106,42,131,130,13,38,74" hai1="85,37,6,31,77,29,111,2,88,7,135,70,113" hai2="44,11,101,0,133,41,19,66,80,112,59,93,55" hai3="114,83,3,107,72,28,23,124,125,24,64,68,108"/><W62/><G107/><T117/><D117/><U4/><E2/><V97/><F133/><W132/><G3/><T49/><D106/><U67/><E37/><V69/><F112/><W110/><G114/><T16/><D5/><U61/><E111/><N who="3" m="42538" /><G132/><T134/><D134/><U121/><E121/><V14/><F0/><W47/><G47/><N who="0" m="25847" /><D56/><U103/><E113/><V105/><F105/><W94/><G94/><T1/><D1/><U57/><E103/><V91/><F69/><W8/><G8/><T120/><D38/><U84/><E135/><V54/><F66/><W100/><G100/><T39/><D39/><U40/><E40/><V63/><F41/><W30/><G28/><T86/><D92/><U128/><E70/><V122/><F122/><W17/><G30/><T12/><D12/><U18/><E128/><N who="0" m="49193" /><D120/><U51/><E51/><V95/><F101/><W123/><G123/><T104/><D104/><U26/><E77/><AGARI ba="0,0" hai="17,23,24,62,64,68,72,77,83,124,125" m="42538" machi="77" ten="30,1500,0" yaku="10,1" doraHai="46" who="3" fromWho="1" sc="280,0,181,-15,60,0,479,15" owari="280,8.0,166,-23.0,60,-44.0,494,59.0" /></mjloggm>