<mjloggm ver="2.3"><GO type="9"/><UN n0="%6D%61%6D%69%6E%65%6B%6F" n1="%EF%BC%88%E2%89%A7%E2%96%BD%E2%89%A6%EF%BC%89" n2="%70%6F%6E%63%61%74" n3="%EF%BC%AE%EF%BC%A7%E9%A0%AD" dan="5,2,12,0" rate="1588,1572,1708,1500" sx="M,M,M,M"/><TAIKYOKU oya="0"/><INIT seed="0,0,0,0,0,113" ten="250,250,250,250" oya="0" hai0="65,19,47,23,135,117,99,118,26,84,28,15,14" hai1="21,62,29,102,122,120,2,40,71,61,67,93,133" hai2="25,132,69,53,124,27,95,90,128,85,24,57,60" hai3="36,106,8,5,20,42,34,3,96,127,83,68,35"/><T104/><D135/><U16/><E2/><V1/><F132/><W126/><G68/><T30/><D65/><U129/><E133/><V134/><F134/><W41/><G83/><T119/><D84/><U88/><E129/><V63/><F1/><W70/><G70/><T13/><D47/><U123/><E40/><V89/><F124/><W111/><G111/><T114/><D99/><U115/><E115/><V82/><F69/><W52/><G36/><T130/><D114/><U76/><E76/><V50/><REACH who="2" step="1"/><F128/><REACH who="2" step="2"/><W59/><G127/><T78/><D130/><U49/><E71/><V116/><F116/><W112/><G112/><T10/><D104/><U44/><E123/><V9/><F9/><W97/><G126/><T125/><D125/><U87/><E122/><V131/><F131/><W108/><G108/><T109/><D109/><U18/><E120/><V56/><F56/><W7/><G106/><T43/><D43/><N who="1" m="24735" /><E102/><V74/><F74/><W33/><G41/><T46/><D46/><U64/><E64/><V92/><F92/><W100/><G42/><T58/><D58/><N who="1" m="37303" /><E62/><V75/><F75/><W6/><G100/><T77/><REACH who="0" step="1"/><D10/><REACH who="0" step="2"/><U12/><E93/><V110/><F110/><W66/><G8/><T17/><D17/><U22/><E18/><V48/><F48/><W39/><G39/><T91/><D91/><U101/><E101/><V94/><F94/><W72/><G72/><T4/><D4/><U54/><E88/><V51/><F51/><W37/><G37/><T55/><D55/><U86/><E54/><V107/><F107/><W45/><G45/><RYUUKYOKU ba="0,2" sc="240,10,250,10,240,10,250,-30" hai0="13,14,15,19,23,26,28,30,77,78,117,118,119" hai1="12,16,21,22,29,86,87" hai2="24,25,27,50,53,57,60,63,82,85,89,90,95" /><INIT seed="0,1,2,0,2,122" ten="250,260,250,220" oya="0" hai0="54,47,64,84,96,94,131,18,91,71,108,75,30" hai1="45,67,34,23,103,62,7,110,92,113,27,112,48" hai2="90,127,19,61,0,118,56,66,81,52,9,65,101" hai3="21,11,120,117,109,126,119,17,38,44,70,3,41"/><T121/><D75/><U24/><E34/><V22/><F118/><W51/><G120/><T49/><D121/><U106/><E106/><V2/><F101/><W36/><G126/><T73/><D73/><U63/><E7/><V104/><F104/><W33/><G33/><T55/><D131/><U16/><E27/><V93/><F127/><W57/><G3/><T68/><D30/><U28/><E110/><V89/><F81/><W107/><G107/><T86/><D108/><U1/><E1/><V12/><F89/><W116/><G11/><T134/><D134/><U102/><E28/><V13/><F0/><W100/><G100/><N who="1" m="38442" /><E67/><V83/><F83/><W85/><G85/><T98/><D64/><U8/><E8/><V125/><F2/><W60/><G17/><T97/><D18/><U50/><E92/><V6/><REACH who="2" step="1"/><F125/><REACH who="2" step="2"/><W111/><G21/><T4/><D4/><U82/><E82/><V130/><F130/><W135/><G135/><T129/><D129/><U87/><E87/><AGARI ba="1,3" hai="6,9,12,13,19,22,52,56,61,65,66,87,90,93" machi="87" ten="30,7700,0" yaku="1,1,7,1,8,1,54,1,53,0" doraHai="122" doraHaiUra="124" who="2" fromWho="1" sc="250,0,260,-80,240,110,220,0" /><INIT seed="1,0,0,1,4,123" ten="250,180,350,220" oya="1" hai0="80,101,119,70,58,56,9,0,24,63,116,5,42" hai1="25,14,1,40,12,94,79,92,61,134,88,57,7" hai2="114,110,46,60,8,30,11,13,83,75,73,36,3" hai3="125,38,132,81,84,74,48,64,50,103,122,15,69"/><U26/><E134/><V39/><F30/><W4/><G122/><T91/><D42/><U51/><E1/><V106/><F106/><W127/><G132/><T52/><D101/><U98/><E79/><V121/><F121/><W23/><G74/><T20/><D70/><U76/><E76/><V111/><F60/><W120/><G120/><T54/><D80/><U32/><E32/><V43/><F114/><W131/><G131/><T35/><D35/><U18/><E94/><V72/><F83/><W31/><G38/><T45/><D45/><N who="1" m="26023" /><E7/><V17/><F39/><W100/><G69/><T77/><D77/><U112/><E112/><V71/><F71/><W34/><G34/><T66/><D91/><U102/><E102/><V37/><F37/><W104/><G104/><T29/><D66/><N who="1" m="39215" /><E12/><V21/><REACH who="2" step="1"/><F3/><REACH who="2" step="2"/><W28/><G31/><T47/><D47/><U65/><E65/><V135/><F135/><W117/><G64/><T27/><D27/><U113/><E113/><V95/><F95/><W62/><G28/><T96/><D96/><U105/><E105/><V6/><F6/><W86/><G4/><T89/><D89/><U67/><E67/><V99/><F99/><W107/><G107/><T19/><D29/><U118/><E118/><V108/><AGARI ba="0,1" hai="8,11,13,17,21,36,43,46,72,73,75,108,110,111" machi="108" ten="40,12000,2" yaku="1,1,0,1,14,1,52,3,53,0" doraHai="123" doraHaiUra="44" who="2" fromWho="2" sc="250,-30,180,-60,340,130,220,-30" /><INIT seed="2,0,0,5,1,102" ten="220,120,470,190" oya="2" hai0="12,128,75,88,14,55,27,113,34,79,65,99,17" hai1="120,15,80,61,49,97,8,135,73,64,111,50,132" hai2="70,35,56,123,107,22,2,121,45,43,112,13,62" hai3="130,63,5,19,20,96,133,114,11,87,10,59,106"/><V82/><F107/><W40/><G133/><N who="1" m="51274" /><E120/><V103/><F103/><W67/><G130/><T25/><D75/><U109/><E97/><V44/><F70/><W115/><G40/><T81/><D65/><U78/><E15/><V37/><F112/><W116/><G116/><T105/><D128/><U18/><E18/><V26/><F35/><W58/><G115/><T117/><D113/><U118/><E8/><V1/><F1/><W48/><G114/><T119/><D34/><U32/><E32/><V124/><F124/><W108/><G108/><N who="1" m="41546" /><E118/><V127/><F127/><W83/><G106/><T57/><D117/><U51/><E51/><V134/><F2/><W77/><G96/><T101/><D119/><U46/><E46/><V72/><F72/><W94/><G94/><T0/><D0/><U68/><AGARI ba="0,0" hai="49,50,61,64,68,73,78,80" m="41546,51274" machi="68" ten="30,2000,0" yaku="20,1,14,1" doraHai="102" who="1" fromWho="1" sc="220,-5,120,20,470,-10,190,-5" /><INIT seed="3,0,0,4,5,3" ten="215,140,460,185" oya="3" hai0="49,94,21,50,8,129,33,65,80,31,51,7,116" hai1="24,77,66,95,36,59,96,133,104,81,67,107,74" hai2="99,45,19,105,88,79,71,90,20,11,61,130,46" hai3="70,39,132,48,13,35,37,28,87,44,108,10,127"/><W89/><G70/><T113/><D116/><U135/><E36/><V97/><F130/><W57/><G132/><N who="1" m="50762" /><E24/><V56/><F71/><W69/><G127/><T110/><D33/><U68/><E68/><V85/><F105/><N who="1" m="40521" /><E59/><V52/><F11/><W47/><G69/><T55/><D129/><U134/><N who="1" m="50770" /><U118/><DORA hai="115" /><E118/><V102/><F102/><AGARI ba="0,0" hai="66,67,74,77,81,95,96,102" m="40521,50770" machi="102" ten="40,1300,0" yaku="20,1" doraHai="3,115" who="1" fromWho="2" sc="215,0,140,13,460,-13,185,0" /><INIT seed="4,0,0,0,5,111" ten="215,153,447,185" oya="0" hai0="76,37,74,55,52,121,3,126,104,6,0,86,17" hai1="36,114,49,124,109,42,59,13,56,98,123,75,9" hai2="57,20,32,22,134,119,117,112,45,133,65,73,79" hai3="87,29,40,58,91,72,47,50,90,130,99,66,94"/><T67/><D121/><U68/><E123/><V84/><F32/><W63/><G130/><T89/><D104/><U48/><E109/><V85/><F73/><W83/><G72/><T16/><D37/><U30/><E75/><V8/><F8/><W81/><REACH who="3" step="1"/><G29/><REACH who="3" step="2"/><T95/><D74/><U12/><E30/><V107/><F107/><W129/><G129/><T26/><D0/><U118/><E118/><V38/><F38/><W88/><G88/><T18/><D3/><U100/><E36/><V27/><F79/><W28/><G28/><T35/><D76/><U120/><E120/><V2/><F2/><W23/><G23/><N who="0" m="13671" /><D126/><U62/><E124/><V5/><F5/><W61/><G61/><T60/><D6/><U46/><E62/><V71/><F22/><W132/><G132/><T4/><D4/><U1/><E1/><V92/><F119/><W31/><G31/><T41/><D35/><U101/><E9/><V78/><F117/><W7/><G7/><T102/><D102/><U53/><E101/><V33/><F33/><W125/><G125/><T14/><D41/><U116/><E116/><V127/><F127/><W15/><G15/><T44/><D14/><U43/><E12/><V80/><F134/><W115/><G115/><T122/><D122/><U34/><E114/><V77/><F112/><W51/><G51/><N who="0" m="28775" /><D67/><U103/><E13/><V82/><F133/><W64/><G64/><T69/><D69/><U97/><E68/><V70/><F71/><W24/><G24/><T128/><D128/><U39/><E34/><V113/><F70/><W25/><G25/><RYUUKYOKU ba="0,1" sc="215,15,153,-15,447,-15,175,15" hai0="17,18,55,60,86,89,95" hai3="40,47,50,58,63,66,81,83,87,90,91,94,99" /><INIT seed="4,1,1,3,0,4" ten="230,138,432,190" oya="0" hai0="43,105,53,77,0,48,68,8,31,128,12,16,49" hai1="39,92,58,21,1,47,66,18,100,59,109,96,98" hai2="7,88,85,94,79,116,20,69,41,72,50,17,14" hai3="29,22,24,6,46,95,62,40,34,112,27,129,91"/><T84/><D68/><U45/><E109/><V30/><F69/><W83/><G129/><T124/><D105/><U123/><E123/><V26/><F116/><W108/><G108/><T110/><D110/><U80/><E1/><V126/><F126/><W35/><G112/><T130/><D124/><U134/><E134/><V44/><F72/><W73/><G73/><T99/><D31/><U65/><E39/><V2/><F2/><W135/><G135/><T56/><D99/><U19/><E80/><V9/><F79/><W93/><G62/><T28/><D28/><AGARI ba="1,1" hai="7,9,14,17,20,26,28,30,41,44,50,85,88,94" machi="28" ten="40,5200,0" yaku="8,1,52,1,54,1" doraHai="4" who="2" fromWho="0" sc="230,-55,138,0,432,65,190,0" /><INIT seed="5,0,0,3,1,3" ten="175,138,497,190" oya="1" hai0="63,2,60,95,73,82,135,65,86,13,14,123,129" hai1="67,0,32,108,110,52,44,89,126,133,70,40,8" hai2="99,81,12,122,56,104,77,105,96,78,106,68,120" hai3="36,88,58,116,124,75,80,24,45,31,117,29,119"/><U19/><E32/><V42/><F68/><W97/><G75/><T93/><D2/><U100/><E133/><V55/><F42/><W98/><G36/><T83/><D135/><U76/><E126/><V9/><F56/><W51/><G124/><T21/><D73/><U23/><E76/><V6/><F55/><W39/><G39/><T72/><D72/><U90/><E100/><V33/><F33/><W4/><G4/><T121/><D129/><U113/><E113/><V111/><F111/><N who="1" m="42537" /><E70/><V62/><F62/><W66/><G24/><T25/><D86/><U103/><E103/><V94/><F78/><W49/><G80/><T10/><D10/><U28/><E67/><V114/><F114/><W22/><G22/><T92/><D25/><N who="1" m="16447" /><E52/><V11/><F11/><W118/><N who="3" m="30208" /><DORA hai="37" /><W79/><G79/><T48/><D48/><N who="1" m="26631" /><E19/><V131/><F131/><W16/><G66/><T132/><D132/><U27/><E27/><V20/><F20/><W128/><G128/><T57/><D21/><U1/><E1/><V91/><REACH who="2" step="1"/><F99/><REACH who="2" step="2"/><N who="3" m="37899" /><G58/><T47/><D47/><U127/><E127/><V43/><F43/><W46/><G31/><T17/><D57/><U26/><E26/><V101/><F101/><W30/><G30/><T74/><D65/><U115/><E115/><V130/><F130/><W35/><G35/><T84/><D123/><U125/><E125/><V34/><F34/><W5/><G29/><T59/><D121/><U69/><E69/><V102/><F102/><W109/><G109/><T107/><D59/><U7/><AGARI ba="0,1" hai="0,7,8,89,90" m="26631,16447,42537" machi="7" ten="30,6000,0" yaku="10,1,52,2" doraHai="3,37" who="1" fromWho="1" sc="175,-20,138,70,487,-20,190,-20" /><INIT seed="5,1,0,2,3,35" ten="155,208,467,170" oya="1" hai0="85,6,50,57,72,67,44,25,91,80,13,51,73" hai1="62,7,110,116,40,105,64,99,78,71,134,125,98" hai2="100,75,34,19,108,95,102,119,111,122,130,21,81" hai3="9,48,129,53,52,96,94,37,115,24,39,76,36"/><U126/><E116/><V15/><F34/><W77/><G9/><T41/><D25/><U89/><E134/><V27/><F119/><W46/><G115/><T28/><D28/><U135/><E135/><V107/><F107/><W42/><G24/><T97/><D97/><U12/><E110/><V31/><F122/><W74/><G74/><T10/><D67/><U88/><E78/><V29/><F29/><W112/><G112/><T101/><D101/><N who="1" m="62647" /><E99/><V26/><F26/><W104/><G104/><T2/><D2/><U86/><E40/><V106/><F130/><W4/><G4/><T60/><D60/><U66/><E66/><V33/><F106/><W3/><G3/><T17/><D6/><U84/><E7/><V47/><F47/><W117/><G117/><T121/><D121/><U114/><E12/><V103/><F75/><W18/><G129/><T45/><D57/><U131/><E114/><V63/><F81/><W5/><G5/><T82/><REACH who="0" step="1"/><D80/><REACH who="0" step="2"/><N who="1" m="49159" /><E131/><V93/><REACH who="2" step="1"/><F63/><REACH who="2" step="2"/><W23/><G18/><T55/><AGARI ba="1,2" hai="10,13,17,41,44,45,50,51,55,72,73,82,85,91" machi="55" ten="20,8000,1" yaku="1,1,0,1,7,1,25,2,53,0" doraHai="35" doraHaiUra="133" who="0" fromWho="0" sc="145,103,208,-41,457,-21,170,-21" /><INIT seed="6,0,0,4,3,110" ten="248,167,436,149" oya="2" hai0="24,28,22,69,11,66,5,23,107,60,124,35,75" hai1="112,99,89,0,87,3,116,94,62,131,95,76,32" hai2="4,7,45,18,81,52,90,42,86,27,68,21,61" hai3="121,73,38,19,109,98,67,2,92,125,106,126,26"/><V9/><F68/><W114/><G109/><T96/><D124/><U108/><E116/><V53/><F61/><W51/><G121/><T80/><D80/><U83/><E108/><V102/><F102/><W135/><G73/><T31/><D31/><U44/><E131/><V65/><F65/><W85/><G38/><T72/><D23/><U97/><E112/><V134/><F134/><W12/><G2/><N who="0" m="439" /><D22/><U100/><E32/><V111/><F111/><W133/><G67/><T115/><D115/><U78/><E78/><V43/><F43/><W101/><G51/><T39/><D39/><U105/><E62/><V37/><F7/><W49/><G49/><T132/><D132/><N who="3" m="50761" /><G26/><T36/><D36/><U46/><REACH who="1" step="1"/><E105/><REACH who="1" step="2"/><V40/><REACH who="2" step="1"/><F40/><REACH who="2" step="2"/><W41/><G41/><T74/><D74/><U29/><E29/><V104/><F104/><W88/><G114/><T119/><D119/><U127/><E127/><N who="3" m="48650" /><G19/><T16/><D16/><U33/><E33/><V117/><F117/><W59/><G59/><T30/><D30/><U93/><E93/><V128/><F128/><W13/><AGARI ba="0,2" hai="12,13,85,88,92,98,101,106" m="48650,50761" machi="13" ten="40,5200,0" yaku="20,1,18,1,54,1" doraHai="110" who="3" fromWho="3" sc="248,-13,157,-13,426,-26,149,72" /><INIT seed="7,0,0,0,1,15" ten="235,144,400,221" oya="3" hai0="21,0,83,59,31,48,109,73,10,118,74,4,49" hai1="128,65,89,76,19,87,42,18,3,88,61,13,103" hai2="127,17,8,58,60,1,41,24,68,72,113,9,97" hai3="91,92,32,102,23,39,25,112,115,66,75,104,16"/><W6/><G39/><T93/><D118/><U134/><E3/><V38/><F38/><W133/><G75/><T7/><D109/><U63/><E134/><V108/><F72/><W34/><G66/><T5/><D31/><U80/><E128/><V100/><F113/><W70/><G70/><T125/><D125/><U37/><E103/><V82/><F127/><W85/><G104/><T114/><D114/><N who="3" m="43561" /><G102/><T2/><D7/><U98/><E37/><V28/><F108/><W106/><G106/><T52/><D93/><N who="1" m="56615" /><E42/><V129/><F129/><W14/><G133/><T62/><D21/><N who="1" m="11471" /><E76/><V54/><F41/><W111/><G111/><T79/><D73/><U55/><E65/><V45/><F68/><W124/><G124/><T86/><D74/><U51/><E19/><V120/><F120/><W121/><G121/><T30/><D30/><U46/><E63/><V50/><F1/><W107/><G107/><T117/><D117/><U36/><E36/><V71/><F71/><W56/><G56/><T43/><D43/><N who="1" m="25055" /><E61/><V126/><F126/><W130/><G130/><T116/><D116/><U69/><E69/><V40/><F82/><W27/><G6/><T90/><D79/><U123/><E123/><V105/><F17/><W20/><G14/><T57/><D57/><U67/><E67/><V12/><F12/><W81/><G81/><T47/><D47/><U26/><E26/><V84/><F84/><W131/><G131/><T33/><D33/><AGARI ba="0,0" hai="8,9,24,28,33,40,45,50,54,58,60,97,100,105" machi="33" ten="30,1000,0" yaku="7,1" doraHai="15" who="2" fromWho="0" sc="235,-10,144,0,400,10,221,0" owari="225,3,144,-36,410,51,221,-18" /></mjloggm>