<mjloggm ver="2.3"><GO type="169"/><UN n0="%EF%BC%88%E2%89%A7%E2%96%BD%E2%89%A6%EF%BC%89" n1="%6B%69%63%6B%63%68%69" n2="%E3%82%82%E3%81%A3%E3%81%97%E3%83%BC" n3="%E3%81%84%E3%81%A1%E3%81%94%E3%83%9D%E3%83%83%E3%82%AD%E3%83%BC" dan="17,17,17,17" rate="2099,2127,2124,2135" sx="M,M,M,F"/><TAIKYOKU oya="0"/><INIT seed="0,0,0,0,5,133" ten="250,250,250,250" oya="0" hai0="43,35,30,42,36,130,71,68,69,119,0,34,21" hai1="60,91,111,129,29,100,66,122,31,17,77,88,106" hai2="12,117,126,78,102,105,8,11,83,57,37,33,79" hai3="81,16,113,53,120,114,80,124,128,64,45,110,20"/><T52/><D0/><U19/><E122/><V39/><F33/><W13/><G110/><T14/><D119/><U134/><E111/><V46/><F117/><W62/><G120/><T7/><D130/><U9/><E77/><V112/><F112/><W5/><G128/><T92/><D36/><U96/><E129/><V41/><F78/><W10/><G124/><T23/><D92/><U107/><E107/><V76/><F76/><W61/><G114/><T51/><D35/><U95/><E134/><V54/><F126/><W82/><G113/><T116/><D116/><U97/><E91/><V4/><F8/><W67/><G45/><T55/><D34/><U22/><E9/><V27/><F27/><W32/><G32/><T115/><D115/><U103/><E103/><V94/><F105/><W65/><REACH who="3" step="1"/><G53/><REACH who="3" ten="250,250,250,240" step="2"/><T89/><D55/><U84/><E96/><V127/><F127/><W6/><G6/><T28/><D7/><U48/><E97/><V47/><F47/><W99/><G99/><T86/><D42/><U58/><E106/><V131/><F131/><W93/><G93/><N who="0" m="54455" /><D43/><U85/><E95/><V1/><F94/><W15/><AGARI ba="0,1" hai="5,10,13,15,16,20,61,62,64,65,67,80,81,82" machi="15" ten="30,7900,0" yaku="1,1,0,1,8,1,54,1,53,0" doraHai="133" doraHaiUra="98" who="3" fromWho="3" sc="250,-39,250,-20,250,-20,240,89" /><INIT seed="1,0,0,1,1,11" ten="211,230,230,329" oya="1" hai0="61,46,128,16,101,26,37,48,92,134,90,84,24" hai1="104,120,88,55,103,31,86,110,65,70,23,29,62" hai2="123,69,79,63,64,98,3,78,32,76,2,4,121" hai3="68,122,117,67,15,36,42,34,81,28,44,83,40"/><U135/><E120/><V109/><F32/><W27/><G122/><T71/><D134/><U49/><E135/><V125/><F109/><W20/><G40/><T74/><D74/><U72/><E72/><V113/><F113/><W39/><G39/><T95/><D37/><U115/><E115/><V97/><F125/><W0/><G0/><T127/><D127/><U100/><E110/><V82/><F82/><W30/><G117/><T58/><D71/><U54/><E54/><V102/><F97/><W47/><G47/><T6/><D6/><U38/><E38/><V124/><F124/><W73/><G30/><T89/><D101/><U33/><E33/><V119/><F119/><W91/><G73/><T59/><D128/><U14/><E104/><V7/><F3/><W75/><G75/><T77/><D77/><U22/><E22/><V66/><F66/><W50/><G36/><T5/><D5/><U35/><E35/><V116/><F116/><W9/><G34/><T131/><D131/><U45/><E31/><V132/><F132/><W51/><G51/><T56/><D61/><U107/><E107/><N who="2" m="63959" /><F2/><W1/><G1/><T93/><D16/><U94/><REACH who="1" step="1"/><E14/><REACH who="1" ten="211,220,230,329" step="2"/><V99/><F123/><W80/><G15/><T85/><REACH who="0" step="1"/><D95/><REACH who="0" ten="201,220,230,329" step="2"/><U105/><E105/><V96/><F121/><W118/><G118/><T8/><D8/><U13/><E13/><V87/><F7/><W108/><G9/><T53/><AGARI ba="0,2" hai="24,26,46,48,53,56,58,59,84,85,89,90,92,93" machi="53" ten="30,7900,0" yaku="1,1,0,1,9,1,8,1,53,0" doraHai="11" doraHaiUra="10" who="0" fromWho="0" sc="201,99,220,-39,230,-20,329,-20" /><INIT seed="2,0,0,3,0,69" ten="300,181,210,309" oya="2" hai0="80,133,103,66,88,44,71,121,90,27,104,13,91" hai1="7,3,97,120,58,52,45,35,5,43,106,34,70" hai2="131,9,2,126,32,76,67,125,57,38,48,40,72" hai3="83,86,68,117,51,100,61,20,89,63,65,16,132"/><V78/><F32/><W114/><G117/><T74/><D121/><U107/><E70/><V123/><F123/><W96/><G132/><T41/><D133/><U98/><E120/><V94/><F131/><W6/><G114/><T39/><D27/><U84/><E84/><V93/><F67/><W8/><G51/><T77/><D13/><U29/><E29/><V85/><F72/><W127/><G127/><N who="2" m="48649" /><F57/><W19/><G63/><T105/><REACH who="0" step="1"/><D103/><REACH who="0" ten="290,181,210,309" step="2"/><U112/><E112/><V55/><F2/><W102/><G102/><T119/><D119/><U24/><E3/><V82/><F76/><W11/><G20/><T79/><D79/><U26/><E34/><V73/><F9/><W59/><G11/><T111/><D111/><U25/><E35/><V1/><F1/><W42/><G8/><T115/><D115/><U122/><E122/><V21/><F21/><W134/><G134/><T31/><D31/><U22/><E22/><V50/><F73/><W62/><G100/><T60/><AGARI ba="0,1" hai="39,41,44,60,66,71,74,77,80,88,90,91,104,105" machi="60" ten="30,7900,0" yaku="1,1,0,1,52,1,54,1,53,0" doraHai="69" doraHaiUra="99" who="0" fromWho="0" sc="290,89,181,-20,210,-39,309,-20" /><INIT seed="3,0,0,4,0,11" ten="379,161,171,289" oya="3" hai0="135,95,20,6,31,45,27,82,29,75,35,25,9" hai1="126,73,33,13,115,134,72,76,96,78,3,64,70" hai2="106,32,120,122,129,86,37,66,1,41,93,74,8" hai3="116,5,107,42,113,85,16,18,56,99,119,123,117"/><W21/><G113/><T89/><D135/><U109/><E3/><V38/><F32/><W121/><G5/><T132/><D132/><U67/><E33/><V94/><F106/><W26/><G42/><T44/><D82/><U40/><E40/><V91/><F74/><W131/><G131/><T114/><D75/><U63/><E115/><V4/><F129/><W88/><G56/><T2/><REACH who="0" step="1"/><D114/><REACH who="0" ten="369,161,171,289" step="2"/><U98/><E134/><V19/><F122/><W92/><REACH who="3" step="1"/><G18/><REACH who="3" ten="369,161,171,279" step="2"/><T49/><D49/><U84/><E73/><V43/><F38/><W83/><G83/><T48/><D48/><U47/><E72/><V100/><F37/><W55/><G55/><T36/><D36/><U112/><E112/><V118/><F19/><W130/><G130/><T24/><D24/><U39/><E39/><V90/><F43/><W133/><G133/><T22/><D22/><U14/><E67/><V51/><F51/><W23/><G23/><T52/><D52/><U34/><E64/><V80/><F41/><W111/><G111/><T58/><D58/><U97/><E109/><V61/><F66/><W87/><G87/><AGARI ba="0,2" hai="2,6,9,20,25,27,29,31,35,44,45,87,89,95" machi="87" ten="30,2000,0" yaku="1,1,7,1,53,0" doraHai="11" doraHaiUra="104" who="0" fromWho="3" sc="369,40,161,0,171,0,279,-20" /><INIT seed="4,0,0,5,0,107" ten="409,161,171,259" oya="0" hai0="86,113,130,66,106,14,31,75,74,12,2,134,132" hai1="84,25,129,111,1,5,103,71,69,19,62,42,72" hai2="108,38,81,105,98,112,63,67,32,45,114,89,28" hai3="11,47,77,16,70,4,15,3,133,58,35,118,50"/><T60/><D2/><U30/><E111/><V39/><F108/><W110/><G70/><T79/><D106/><U34/><E129/><V20/><F89/><W7/><G110/><T33/><D130/><U46/><E103/><N who="2" m="62711" /><F20/><W80/><G118/><T41/><D41/><U120/><E120/><V92/><F92/><W18/><G35/><T56/><D113/><N who="2" m="43626" /><F81/><W10/><G58/><T121/><D121/><U24/><E62/><V87/><F87/><W64/><G64/><T73/><D31/><U21/><E84/><V8/><F8/><W122/><G133/><N who="0" m="51307" /><D33/><U91/><E91/><V0/><F0/><W57/><G57/><T55/><D66/><U94/><E94/><V29/><F45/><W127/><G127/><T61/><D60/><U97/><E97/><V135/><F135/><W26/><G26/><T88/><D79/><U101/><E101/><V68/><F28/><W17/><G122/><T128/><D128/><U125/><E125/><V85/><F85/><W82/><REACH who="3" step="1"/><G77/><REACH who="3" ten="409,161,171,249" step="2"/><T90/><D90/><U48/><E69/><V99/><F99/><W83/><G83/><AGARI ba="0,1" hai="12,14,55,56,61,73,74,75,83,86,88" m="51307" machi="83" ten="40,12000,1" yaku="20,1,52,3,54,1" doraHai="107" who="0" fromWho="3" sc="409,130,161,0,171,0,249,-120" /><INIT seed="4,1,0,0,1,34" ten="539,161,171,129" oya="0" hai0="121,30,128,87,67,85,96,125,63,48,42,26,84" hai1="71,79,93,92,134,64,50,102,43,69,4,44,91" hai2="108,89,23,77,66,81,22,126,59,100,68,19,117" hai3="135,15,47,90,36,112,31,13,7,49,55,104,29"/><T18/><D121/><U118/><E118/><V56/><F108/><W45/><G104/><T78/><D125/><U107/><E107/><V127/><F100/><W75/><G75/><T0/><D128/><U61/><E134/><V113/><F113/><W106/><G106/><T60/><D78/><U20/><E79/><V52/><F117/><W83/><G112/><T115/><D115/><U74/><E74/><V65/><F89/><W110/><G110/><T124/><D124/><N who="2" m="47658" /><F68/><W8/><G135/><T25/><D96/><U111/><E111/><V10/><F10/><W24/><G15/><T41/><D48/><U1/><E102/><V122/><F59/><W62/><G62/><T27/><D60/><U120/><E120/><V2/><F2/><W35/><G31/><T133/><D30/><U99/><E20/><N who="2" m="7723" /><F19/><W123/><G123/><T33/><D133/><U114/><E114/><V51/><F122/><W97/><G97/><T38/><D33/><U94/><REACH who="1" step="1"/><E71/><REACH who="1" ten="539,151,171,129" step="2"/><V46/><F46/><W98/><G36/><T130/><D38/><U131/><E131/><V132/><F132/><W109/><G109/><T5/><D130/><U11/><AGARI ba="1,1" hai="1,4,11,43,44,50,61,64,69,91,92,93,94,99" machi="11" ten="30,4000,0" yaku="1,1,0,1,52,1,53,0" doraHai="34" doraHaiUra="116" who="1" fromWho="1" sc="539,-21,151,53,171,-11,129,-11" /><INIT seed="5,0,0,1,2,49" ten="518,204,160,118" oya="1" hai0="16,116,96,91,125,110,70,37,3,94,120,13,38" hai1="44,135,36,53,56,54,8,28,124,17,107,48,11" hai2="80,78,105,57,100,98,92,88,1,35,60,108,19" hai3="69,115,82,123,2,46,33,14,128,79,5,15,7"/><U30/><E107/><V0/><F35/><W86/><G123/><T72/><D3/><U26/><E124/><V112/><F108/><W114/><G69/><T29/><D110/><U119/><E119/><V34/><F34/><W77/><G128/><T23/><D72/><U89/><E135/><V41/><F41/><W104/><G104/><T58/><D116/><U127/><E127/><V109/><F109/><W10/><G33/><T90/><D70/><U129/><E129/><V126/><F126/><W74/><G2/><T9/><D120/><U113/><E113/><N who="3" m="43018" /><G46/><T83/><D125/><U97/><E36/><V117/><F117/><W4/><G15/><T66/><D29/><N who="1" m="11371" /><E26/><V68/><F68/><W43/><G43/><T51/><D38/><U27/><E27/><V52/><F112/><W6/><G74/><T40/><D37/><U75/><E75/><N who="2" m="43103" /><F19/><W47/><G47/><N who="0" m="26087" /><D9/><U99/><E89/><AGARI ba="0,0" hai="4,5,6,7,10,14,77,79,82,86,89" m="43018" machi="89" ten="30,1000,0" yaku="15,1" doraHai="49" who="3" fromWho="1" sc="518,0,204,-10,160,0,118,10" /><INIT seed="6,0,0,3,5,107" ten="518,194,160,128" oya="2" hai0="76,102,45,4,133,103,23,118,89,20,36,121,55" hai1="29,135,13,17,67,51,1,7,3,14,130,96,43" hai2="111,87,49,95,83,115,85,116,34,75,56,73,33" hai3="19,114,61,2,98,108,112,81,52,8,124,101,72"/><V134/><F116/><W32/><G108/><T90/><D4/><U48/><E67/><V54/><F111/><W105/><G32/><T0/><D0/><U58/><E29/><V126/><F115/><N who="3" m="44075" /><G124/><T113/><D76/><U120/><E130/><V12/><F126/><W63/><G2/><T42/><D90/><U131/><E135/><V15/><F134/><W78/><G52/><T119/><D121/><U53/><E131/><V109/><F109/><W59/><G59/><T11/><D11/><U65/><E65/><V132/><F132/><W74/><G74/><T69/><D69/><U122/><E3/><V79/><F34/><W94/><G105/><T39/><D39/><U28/><E1/><V50/><F33/><W106/><G106/><T88/><D133/><U5/><E58/><V71/><F71/><W25/><G25/><T38/><D38/><U127/><E53/><V60/><F60/><W92/><G92/><T70/><D70/><U21/><E43/><V16/><F49/><W68/><G68/><T18/><D89/><U9/><E127/><V84/><F12/><AGARI ba="0,0" hai="8,12,19,61,63,72,78,81,94,98,101" m="44075" machi="12" ten="30,3900,0" yaku="15,1,11,1,52,1" doraHai="107" who="3" fromWho="2" sc="518,0,194,0,160,-39,128,39" /><INIT seed="7,0,0,4,2,71" ten="518,194,121,167" oya="3" hai0="79,16,22,125,66,121,111,11,117,114,91,49,10" hai1="92,2,4,25,9,23,32,36,126,123,122,93,17" hai2="29,39,55,27,101,127,104,105,99,119,128,94,102" hai3="37,13,40,69,21,34,45,96,84,6,5,116,135"/><W58/><G69/><T100/><D121/><N who="1" m="46091" /><E36/><V78/><F119/><W30/><G135/><T15/><D114/><U90/><E90/><V0/><F0/><W50/><G116/><T43/><D125/><U95/><E95/><V12/><F78/><W113/><G96/><T46/><D10/><U57/><E57/><V86/><F127/><W42/><G113/><T72/><D15/><N who="1" m="9663" /><E126/><V33/><F128/><W14/><G34/><T60/><D16/><U19/><E19/><V59/><F86/><W89/><G42/><T47/><D22/><U54/><E54/><V7/><F102/><W70/><G70/><T124/><D111/><U133/><E133/><V73/><F73/><W63/><G37/><T65/><D117/><U97/><E97/><V81/><F81/><W88/><G89/><T67/><D91/><U51/><E51/><V82/><F82/><N who="3" m="49175" /><G5/><T120/><D120/><U87/><E87/><V115/><F115/><W130/><G6/><T85/><D124/><U118/><E118/><V48/><F105/><W8/><G8/><T77/><D11/><U28/><AGARI ba="0,0" hai="2,4,9,25,28,32,92,93" m="9663,46091" machi="28" ten="30,1100,0" yaku="24,1" doraHai="71" who="1" fromWho="1" sc="518,-3,194,11,121,-3,167,-5" owari="515,61.0,205,1.0,118,-38.0,162,-24.0" /></mjloggm>