<mjloggm ver="2.3"><GO type="169"/><UN n0="%E3%82%82%E3%81%A3%E3%81%97%E3%83%BC" n1="%EF%BC%88%E2%89%A7%E2%96%BD%E2%89%A6%EF%BC%89" n2="%E3%81%B2%E3%81%A0%E3%82%8A" n3="%E3%80%93%E3%81%84%E3%81%A1%E3%81%AF%E3%82%89%E3%80%93" dan="16,16,16,18" rate="2013,2135,2049,2172" sx="M,M,M,M"/><TAIKYOKU oya="0"/><INIT seed="0,0,0,5,2,65" ten="250,250,250,250" oya="0" hai0="6,44,111,8,54,107,28,16,79,50,39,1,35" hai1="26,103,23,106,73,75,41,114,71,120,58,81,110" hai2="90,132,74,102,96,80,46,42,13,98,84,12,45" hai3="108,7,129,83,25,121,63,24,123,4,66,99,95"/><T105/><D39/><U119/><E119/><V56/><F132/><W40/><G108/><T100/><D111/><U2/><E2/><V69/><F69/><W36/><G129/><T37/><D37/><U17/><E71/><V59/><F74/><W53/><G53/><T57/><D79/><U115/><E41/><V113/><F113/><N who="1" m="43017" /><E120/><V116/><F116/><W55/><G83/><T43/><D100/><U78/><E110/><V9/><F13/><W94/><G55/><T127/><D127/><U52/><E103/><V64/><F64/><W86/><G86/><T92/><D92/><U47/><E106/><V126/><F126/><W88/><G95/><T49/><REACH who="0" step="1"/><D16/><REACH who="0" ten="240,250,250,250" step="2"/><U76/><E76/><V38/><F102/><W117/><G117/><T67/><D67/><U131/><E131/><V122/><F122/><N who="3" m="46603" /><G25/><AGARI ba="0,1" hai="1,6,8,25,28,35,43,44,49,50,54,57,105,107" machi="25" ten="40,2000,0" yaku="1,1,53,0" doraHai="65" doraHaiUra="62" who="0" fromWho="3" sc="240,30,250,0,250,0,250,-20" /><INIT seed="0,1,0,2,0,5" ten="270,250,250,230" oya="0" hai0="34,6,7,118,135,106,115,72,61,126,47,54,75" hai1="55,8,127,3,79,68,123,37,78,103,46,42,109" hai2="99,50,84,51,1,66,105,80,0,33,29,129,83" hai3="10,91,124,27,16,41,93,2,4,13,14,101,108"/><T23/><D118/><U133/><E123/><V85/><F129/><W73/><G108/><T120/><D120/><U77/><E133/><V36/><F36/><W52/><G73/><T92/><D115/><U86/><E127/><V102/><F66/><W128/><G124/><T38/><D126/><U98/><E68/><V96/><F33/><W122/><G128/><T28/><D106/><U107/><E109/><V95/><F29/><W43/><G122/><T22/><D135/><U116/><E116/><V48/><F99/><W65/><G101/><T113/><D113/><U97/><E97/><V12/><F105/><W58/><G27/><T11/><D34/><U110/><E110/><V117/><F117/><W40/><G65/><T88/><D6/><U74/><E55/><V35/><F35/><W59/><G2/><T82/><D38/><U64/><E86/><V18/><F84/><N who="3" m="52455" /><G52/><T39/><D39/><U24/><E24/><V69/><F69/><W15/><G15/><T67/><D67/><U45/><E45/><V9/><REACH who="2" step="1"/><F83/><REACH who="2" ten="270,250,240,230" step="2"/><W60/><G60/><T71/><D82/><N who="1" m="45367" /><E64/><V53/><F53/><W81/><G81/><T63/><D71/><U49/><E49/><V25/><F25/><W19/><G19/><T131/><D131/><U94/><E107/><V119/><F119/><W32/><G32/><T70/><D70/><U114/><E114/><V130/><F130/><W134/><G134/><T111/><D111/><U17/><E17/><V104/><F104/><W21/><AGARI ba="1,1" hai="4,10,13,14,16,21,40,41,43,58,59" m="52455" machi="21" ten="30,4000,0" yaku="8,1,52,1,54,1" doraHai="5" who="3" fromWho="3" sc="270,-21,250,-11,240,-11,230,53" /><INIT seed="1,0,0,2,1,87" ten="249,239,229,283" oya="1" hai0="67,91,113,122,12,79,23,132,110,105,22,44,120" hai1="32,117,119,86,62,35,93,7,108,55,42,28,72" hai2="25,30,29,80,40,103,15,95,133,43,134,70,34" hai3="98,83,74,88,5,4,125,2,104,112,3,96,129"/><U84/><E72/><V16/><F70/><W135/><G112/><T121/><D113/><U50/><E108/><V102/><F30/><W45/><G135/><N who="2" m="51721" /><F80/><W97/><G129/><T81/><D132/><U65/><E42/><N who="2" m="15915" /><F95/><W100/><G125/><T73/><D110/><U118/><E7/><N who="3" m="2634" /><G74/><T109/><D109/><U66/><E28/><V54/><F54/><W53/><G3/><T63/><D105/><U17/><E17/><V8/><AGARI ba="0,0" hai="8,15,16,25,29,34,102,103" m="15915,51721" machi="8" ten="30,2000,0" yaku="20,1,54,1" doraHai="87" who="2" fromWho="2" sc="249,-5,239,-10,229,20,283,-5" /><INIT seed="2,0,0,4,0,42" ten="244,229,249,278" oya="2" hai0="108,64,32,14,7,118,107,0,120,87,55,50,10" hai1="43,127,30,117,86,110,5,47,21,57,15,16,79" hai2="60,65,99,75,35,73,115,39,62,25,49,27,24" hai3="92,8,45,58,104,119,100,102,122,72,69,112,18"/><V94/><F35/><W6/><G69/><T28/><D120/><U74/><E74/><V13/><F115/><W113/><G122/><T109/><D107/><U89/><E117/><V52/><F39/><W134/><G119/><T70/><D118/><U2/><E127/><V61/><F65/><W20/><G104/><T91/><D70/><U97/><E110/><N who="0" m="42601" /><D64/><U19/><E2/><V126/><F126/><W106/><G106/><T124/><D124/><U71/><E71/><V132/><F132/><W77/><G134/><T88/><D28/><U84/><E5/><V67/><F67/><W121/><G121/><T63/><D63/><U44/><E30/><V85/><F85/><N who="1" m="32873" /><E79/><V33/><F13/><W51/><G58/><N who="0" m="33143" /><D32/><U56/><E43/><V23/><F33/><W95/><G95/><N who="0" m="54687" /><D91/><U46/><E19/><V34/><F34/><W123/><G123/><T129/><D129/><U37/><E37/><V38/><F38/><W93/><G93/><AGARI ba="0,0" hai="15,16,21,44,46,47,56,57,89,93,97" m="32873" machi="93" ten="30,8000,1" yaku="8,1,52,3,54,1" doraHai="42" who="1" fromWho="3" sc="244,0,229,80,249,0,278,-80" /><INIT seed="3,0,0,0,1,89" ten="244,309,249,198" oya="3" hai0="23,104,113,3,94,96,125,122,58,51,20,42,10" hai1="36,103,83,18,32,87,79,28,5,64,2,39,68" hai2="63,22,129,118,70,48,100,59,30,67,135,11,9" hai3="29,86,115,16,52,80,17,110,49,107,14,34,98"/><W46/><G115/><T8/><D122/><U116/><E116/><V33/><F118/><W71/><G71/><T85/><D113/><U134/><E134/><V131/><F135/><W75/><G75/><T120/><D120/><U126/><E126/><V45/><F33/><W127/><G127/><T6/><D125/><U41/><E103/><V130/><F70/><W73/><G73/><T92/><D104/><U4/><E64/><V38/><F38/><W0/><G0/><T53/><D10/><U78/><E78/><V106/><F106/><W123/><G123/><T111/><D111/><U119/><E68/><V1/><F100/><W61/><G110/><T76/><D42/><U24/><E41/><N who="2" m="24623" /><F1/><W31/><G34/><T77/><D76/><U15/><E4/><V35/><F35/><W95/><G61/><T88/><D77/><U121/><E119/><V109/><F109/><W128/><G107/><T21/><D20/><N who="1" m="11359" /><E121/><V93/><F93/><W66/><G66/><T47/><D47/><U84/><E84/><V56/><F59/><W81/><G128/><T82/><D82/><N who="3" m="31849" /><G86/><T40/><D40/><U43/><E43/><V55/><F67/><W13/><G13/><T108/><D108/><U50/><E50/><V27/><AGARI ba="0,0" hai="9,11,22,27,30,55,56,63,129,130,131" m="24623" machi="27" ten="40,1500,0" yaku="19,1" doraHai="89" who="2" fromWho="2" sc="244,-4,309,-4,249,15,198,-7" /><INIT seed="4,0,0,1,2,12" ten="240,305,264,191" oya="0" hai0="91,81,76,47,72,51,115,123,83,31,87,116,132" hai1="80,16,50,33,57,101,97,58,121,130,102,107,114" hai2="129,120,6,15,54,89,52,119,134,36,126,113,104" hai3="65,44,110,69,99,66,0,59,26,42,63,28,79"/><T18/><D116/><U13/><E33/><V20/><F119/><W109/><G0/><T9/><D123/><U68/><E68/><V71/><F120/><W103/><G79/><T122/><D122/><U45/><E121/><V43/><F71/><W90/><G90/><T135/><D31/><U27/><E130/><V93/><F104/><W8/><G8/><T11/><D115/><U100/><E114/><V64/><F113/><W35/><G59/><T24/><D24/><U55/><E27/><V19/><F129/><W40/><G66/><T118/><D118/><U112/><E112/><V108/><F108/><W67/><G67/><T111/><D111/><U92/><E80/><V10/><F64/><W124/><G42/><T74/><D74/><U88/><E107/><V78/><F78/><W60/><G60/><T77/><D76/><U75/><E75/><V125/><F134/><W32/><G32/><T38/><D38/><U94/><E94/><V37/><F43/><W86/><G86/><T17/><D9/><AGARI ba="0,0" hai="9,13,16,45,50,55,57,58,88,92,97,100,101,102" machi="9" ten="40,8000,1" yaku="8,1,52,1,54,2" doraHai="12" who="1" fromWho="0" sc="240,-80,305,80,264,0,191,0" /><INIT seed="5,0,0,4,3,85" ten="160,385,264,191" oya="1" hai0="8,36,69,33,72,81,128,101,118,51,109,79,37" hai1="30,65,35,123,80,108,23,116,56,29,40,27,112" hai2="93,70,49,21,77,76,133,100,24,67,19,73,13" hai3="119,98,3,31,121,96,97,104,68,38,15,42,57"/><U110/><E40/><V117/><F117/><W26/><G68/><T92/><D118/><U18/><E112/><V126/><F126/><W127/><G3/><T28/><D109/><U89/><E123/><V50/><F133/><W32/><G121/><T39/><D69/><U10/><E10/><V84/><F73/><W125/><G119/><T2/><D128/><U0/><E0/><V87/><F70/><W16/><G104/><T14/><D2/><U53/><E65/><V17/><F67/><W106/><G106/><T61/><D61/><N who="1" m="35983" /><E35/><V71/><F71/><W102/><G102/><T60/><D60/><U122/><E122/><V115/><F115/><W64/><G57/><T5/><D51/><N who="2" m="19466" /><F100/><W114/><G64/><T103/><D33/><U111/><E116/><V41/><F41/><W55/><G55/><T4/><D28/><U83/><E83/><V44/><F44/><W95/><G114/><T135/><D135/><U1/><E1/><V134/><F134/><W6/><G6/><T63/><D63/><U34/><E34/><V94/><F76/><W113/><G113/><T22/><D4/><U66/><E66/><V88/><F77/><W86/><G42/><T11/><D39/><U107/><E107/><V12/><F19/><W43/><G43/><T132/><D132/><U52/><E52/><V48/><F48/><W129/><G38/><T45/><D37/><U82/><E82/><V62/><F62/><W130/><G129/><T46/><D36/><U90/><E80/><V7/><F7/><W78/><G130/><T59/><D5/><U105/><E105/><RYUUKYOKU ba="0,0" sc="160,-15,385,15,264,15,191,-15" hai1="18,23,27,29,30,89,90,108,110,111" hai2="12,13,17,21,24,84,87,88,93,94" /><INIT seed="5,1,0,0,3,129" ten="145,400,279,176" oya="1" hai0="104,94,33,5,46,90,85,34,109,80,114,1,15" hai1="113,29,21,89,78,76,106,61,9,91,133,134,18" hai2="11,95,127,37,24,100,88,58,131,40,3,70,121" hai3="99,75,119,52,39,87,14,96,4,68,101,7,30"/><U41/><E106/><V120/><F70/><W123/><G75/><T83/><D109/><U98/><E41/><V116/><F116/><W50/><G39/><T62/><D104/><U115/><E29/><V38/><F131/><W92/><G68/><T122/><D1/><U47/><E47/><V56/><F100/><W66/><G66/><T126/><D122/><U49/><E49/><V128/><F128/><W8/><G123/><T71/><D126/><U118/><E9/><V63/><F127/><W82/><G99/><T43/><D114/><N who="1" m="43531" /><E61/><V124/><F124/><W36/><G36/><T130/><D130/><U135/><E118/><V69/><F69/><W102/><G30/><T125/><D125/><U110/><E110/><V12/><F3/><W19/><G102/><T74/><D71/><U97/><E97/><V79/><F40/><W112/><G119/><T35/><D62/><U59/><E59/><V60/><F11/><W17/><G17/><T105/><D105/><U32/><E32/><V107/><F107/><W20/><G20/><T28/><D28/><U2/><E2/><V53/><F121/><W77/><REACH who="3" step="1"/><G112/><REACH who="3" ten="145,400,279,166" step="2"/><T117/><D117/><U73/><E98/><V72/><F120/><W132/><G132/><T51/><D74/><U42/><E73/><V65/><F72/><W108/><G108/><T23/><D23/><U27/><E135/><V67/><F38/><W26/><G26/><T0/><D0/><U81/><E134/><V86/><F37/><W6/><G6/><T22/><D22/><N who="1" m="13783" /><E133/><V31/><F31/><W48/><G48/><T44/><D51/><RYUUKYOKU ba="1,1" sc="145,-10,400,-10,279,-10,166,30" hai3="4,7,8,14,19,50,52,77,82,87,92,96,101" /><INIT seed="6,2,1,5,1,81" ten="135,390,269,196" oya="2" hai0="89,108,26,100,135,21,48,96,132,14,1,33,41" hai1="79,103,30,15,133,111,125,56,122,28,126,43,47" hai2="71,98,17,130,134,94,35,6,73,78,109,31,80" hai3="64,75,116,9,131,12,90,44,88,129,39,113,45"/><V2/><F71/><W70/><G75/><T84/><D1/><U0/><E0/><V5/><F130/><W32/><G32/><T114/><D108/><U77/><E122/><V120/><F109/><W58/><G70/><T50/><D33/><U13/><E103/><V36/><F120/><W102/><G116/><T93/><D114/><U54/><E133/><N who="0" m="51273" /><D14/><N who="1" m="5131" /><E111/><V91/><F134/><W22/><G113/><T82/><D41/><U118/><E118/><V107/><F36/><W24/><G39/><T76/><D76/><N who="1" m="29259" /><E47/><V66/><F66/><W62/><G131/><T34/><D34/><U119/><E43/><V27/><F2/><W128/><G128/><T68/><D68/><U23/><E23/><V3/><F3/><W61/><G129/><T25/><D25/><U59/><E59/><V19/><F107/><W85/><G102/><T52/><D52/><U63/><E119/><V110/><F110/><W104/><G104/><T65/><D65/><U42/><E42/><V115/><F115/><W11/><G61/><T49/><D49/><U86/><E63/><V46/><F46/><N who="3" m="18027" /><G12/><T4/><D4/><U60/><E60/><V105/><F105/><W74/><G74/><T124/><D124/><U16/><E54/><V57/><F57/><W53/><G53/><T69/><D69/><U101/><E56/><V123/><F123/><W7/><G7/><T106/><D106/><U72/><E126/><V8/><F5/><W37/><G37/><T127/><D127/><U99/><E125/><V38/><F38/><W20/><G64/><T117/><D117/><U83/><E72/><RYUUKYOKU ba="2,1" sc="135,15,390,-15,269,15,196,-15" hai0="21,26,48,50,82,84,89,93,96,100" hai2="6,8,17,19,27,31,35,73,78,80,91,94,98" /><INIT seed="6,3,1,4,2,121" ten="150,375,284,181" oya="2" hai0="35,31,66,73,101,68,113,65,81,6,99,116,88" hai1="85,32,115,19,54,46,29,126,5,82,76,94,117" hai2="135,67,2,50,59,49,56,120,77,24,26,45,41" hai3="48,25,92,87,131,39,33,51,98,70,103,90,22"/><V34/><F2/><W97/><G39/><T63/><D113/><U123/><E117/><V15/><F120/><W105/><G33/><T62/><D116/><U74/><E115/><V18/><F135/><W23/><G70/><T107/><D6/><U7/><E126/><V42/><F34/><W129/><G23/><T111/><D111/><U96/><E74/><V1/><F1/><W75/><G75/><T134/><D134/><U44/><E29/><V91/><F77/><W58/><G98/><T12/><D12/><U13/><E32/><V17/><F67/><W3/><G3/><T40/><D40/><U127/><E127/><V128/><F128/><N who="3" m="49227" /><G58/><T72/><D31/><AGARI ba="3,1" hai="22,25,31,48,51,87,90,92,97,103,105" m="49227" machi="31" ten="30,1000,0" yaku="19,1" doraHai="121" who="3" fromWho="0" sc="150,-19,375,0,284,0,181,29" /><INIT seed="7,0,0,1,2,85" ten="131,375,284,210" oya="3" hai0="125,8,99,9,75,120,60,68,23,91,20,4,96" hai1="71,26,108,79,118,93,24,36,7,101,19,54,63" hai2="106,78,58,40,15,111,114,28,17,52,0,98,110" hai3="103,29,109,31,92,82,41,39,38,50,22,18,94"/><W48/><G109/><T11/><D75/><U47/><E79/><V107/><F0/><W12/><G39/><T88/><D120/><U44/><E7/><V127/><F114/><W1/><G38/><T6/><D125/><U84/><E71/><V57/><F127/><W113/><G1/><T27/><D68/><U87/><E36/><V124/><F124/><W70/><G113/><T62/><D9/><U55/><E19/><V86/><F28/><W97/><G70/><T119/><D119/><U135/><E101/><V21/><F40/><W5/><G5/><T104/><D104/><U132/><E63/><V43/><F43/><W14/><G14/><T131/><REACH who="0" step="1"/><D27/><REACH who="0" ten="121,375,284,210" step="2"/><U80/><E24/><V123/><F123/><W74/><G74/><T95/><D95/><U13/><E93/><V33/><F107/><W35/><G94/><T81/><D81/><U3/><E80/><V10/><F111/><W64/><G82/><T72/><D72/><U133/><E26/><V45/><F110/><W59/><G92/><T30/><D30/><U83/><E108/><V77/><F106/><W128/><G31/><T100/><D100/><U76/><E83/><V105/><F105/><W134/><G29/><T112/><D112/><U89/><E118/><V67/><F10/><W117/><G117/><T56/><D56/><U42/><E133/><V126/><F58/><W90/><G59/><T66/><D66/><U115/><E135/><V51/><F67/><W49/><G103/><T53/><D53/><U69/><E55/><V65/><F52/><W102/><G102/><T121/><D121/><RYUUKYOKU ba="0,1" sc="121,30,375,-10,284,-10,210,-10" hai0="4,6,8,11,20,23,60,62,88,91,96,99,131" owari="151,-35.0,375,48.0,274,7.0,200,-20.0" /></mjloggm>