<mjloggm ver="2.3"><GO type="169" lobby="0"/><UN n0="%E6%AD%A6%E5%A3%AB%E6%B2%A2%E7%A7%80%E8%A1%8C" n1="%EF%BC%88%E2%89%A7%E2%96%BD%E2%89%A6%EF%BC%89" n2="%56%65%6E%75%73%53%61%79" n3="%E6%B0%91%E8%8A%B8" dan="16,18,17,17" rate="2107.50,2152.39,2141.21,2147.68" sx="M,M,M,M"/><TAIKYOKU oya="0"/><INIT seed="0,0,0,5,3,39" ten="250,250,250,250" oya="0" hai0="16,121,127,120,126,9,52,8,7,84,29,25,37" hai1="38,5,108,91,124,0,41,34,112,2,59,45,97" hai2="28,20,82,109,103,95,81,105,61,78,23,70,42" hai3="76,63,85,110,77,86,57,74,4,69,47,32,33"/><T116/><D37/><U56/><E34/><V131/><F105/><W71/><G4/><T68/><D68/><U54/><E108/><V49/><F109/><W22/><G110/><T94/><D84/><U1/><E112/><V6/><F131/><W134/><G22/><T128/><D94/><U26/><E26/><N who="2" m="16455" /><F70/><W130/><G74/><T40/><D116/><U18/><E18/><V87/><F6/><W53/><G47/><T65/><D65/><U111/><E111/><V30/><F61/><W132/><G63/><T73/><D73/><U83/><E5/><V99/><F82/><W123/><G130/><T104/><D104/><U67/><E67/><V98/><F98/><W50/><G123/><N who="0" m="47179" /><D128/><U72/><E72/><V66/><F66/><W133/><G69/><T11/><D52/><U113/><E113/><V55/><F55/><W31/><G71/><T79/><D79/><N who="3" m="30281" /><G32/><N who="0" m="20527" /><D40/><U75/><E75/><V118/><F118/><W51/><G133/><T102/><D102/><U100/><E100/><V119/><F119/><W129/><G129/><T35/><D35/><U3/><E54/><V46/><F30/><W13/><G132/><T27/><D7/><U19/><E83/><V14/><F78/><W43/><G134/><T12/><D27/><U15/><E97/><V93/><F81/><W88/><G33/><T21/><AGARI ba="0,0" hai="8,9,11,12,16,21,126,127" m="20527,47179" machi="21" ten="40,7800,0" yaku="34,2,54,1" doraHai="39" who="0" fromWho="0" sc="250,78,250,-26,250,-26,250,-26" /><INIT seed="0,1,0,4,4,100" ten="328,224,224,224" oya="0" hai0="2,87,74,75,36,103,90,106,26,88,44,23,94" hai1="123,92,18,54,10,120,56,64,20,135,72,33,11" hai2="69,13,58,8,108,37,17,134,81,53,7,115,16" hai3="83,6,121,60,114,55,91,77,102,68,118,125,96"/><T79/><D2/><U27/><E72/><N who="0" m="27689" /><D23/><U32/><E135/><V25/><F134/><W15/><G114/><T5/><D26/><U98/><E64/><V49/><F108/><W133/><G118/><T65/><D44/><U76/><E76/><V116/><F115/><W1/><G133/><T29/><D5/><U127/><E127/><V131/><F131/><W113/><G113/><T24/><D24/><U21/><E21/><V85/><F37/><W82/><G125/><T66/><D29/><U35/><E11/><V73/><F73/><W78/><G15/><T46/><D46/><U4/><E10/><V84/><F69/><W101/><G68/><T104/><D36/><U50/><REACH who="1" step="1"/><E4/><REACH who="1" ten="328,214,224,224" step="2"/><V59/><F116/><W41/><G6/><T47/><D65/><U70/><E70/><V97/><F7/><W86/><G1/><T61/><D66/><U42/><E42/><V119/><F119/><W117/><G41/><T107/><D47/><U67/><E67/><V31/><F8/><W71/><G117/><T128/><D128/><U51/><E51/><V130/><F130/><W122/><G71/><T126/><D61/><U45/><E45/><V34/><F49/><W0/><G0/><T38/><D38/><U39/><E39/><V111/><F59/><W124/><G124/><T109/><D126/><U99/><E99/><V132/><F58/><N who="3" m="34911" /><G96/><N who="0" m="59799" /><D109/><U93/><E93/><V112/><F111/><W52/><G52/><T30/><D30/><U40/><E40/><V43/><F132/><W28/><G28/><T12/><D12/><U19/><E19/><N who="2" m="7243" /><F13/><W22/><G22/><RYUUKYOKU ba="1,1" sc="328,15,214,15,224,-15,224,-15" hai0="79,87,88,90,104,106,107" hai1="18,20,27,32,33,35,50,54,56,92,98,120,123" /><INIT seed="0,2,1,0,3,50" ten="343,229,209,209" oya="0" hai0="132,76,87,57,48,74,105,99,88,63,120,15,109" hai1="21,40,114,107,119,59,115,127,131,37,47,10,101" hai2="70,135,67,123,12,108,128,121,2,122,23,56,125" hai3="118,86,85,95,38,129,117,55,103,36,41,34,106"/><T28/><D120/><U124/><E119/><V116/><F2/><W52/><G34/><T110/><D132/><U98/><E131/><V112/><F23/><W53/><G129/><T65/><D28/><U60/><E21/><V126/><F12/><W20/><G106/><T111/><D15/><U46/><E46/><V18/><F18/><W25/><G85/><T68/><D74/><U42/><E42/><V33/><F33/><W100/><G100/><N who="0" m="62623" /><D76/><U3/><E10/><V84/><F84/><W75/><G75/><T45/><D45/><U113/><REACH who="1" step="1"/><E3/><REACH who="1" ten="343,219,209,209" step="2"/><V9/><F128/><W44/><G36/><T72/><D72/><U49/><E49/><V43/><F9/><W102/><G117/><T77/><D77/><U82/><E82/><V97/><F116/><W83/><G118/><T81/><D48/><U104/><E104/><V66/><F43/><W61/><G61/><T62/><D62/><U32/><E32/><V96/><F135/><W39/><G39/><T31/><D31/><U93/><E93/><V80/><F80/><W16/><REACH who="3" step="1"/><G95/><REACH who="3" ten="343,219,209,199" step="2"/><T134/><D134/><U94/><E94/><V14/><F123/><W19/><G19/><T6/><D6/><U0/><E0/><V27/><F122/><W8/><G8/><T73/><D73/><U1/><E1/><V91/><F121/><W7/><G7/><T22/><D22/><U71/><E71/><AGARI ba="2,3" hai="57,63,65,68,71,81,87,88,109,110,111" m="62623" machi="71" ten="30,5800,0" yaku="14,1,10,1,54,1" doraHai="50" who="0" fromWho="1" sc="343,94,219,-64,209,0,199,0" /><INIT seed="0,3,0,3,0,72" ten="437,155,209,199" oya="0" hai0="56,19,52,131,81,30,126,107,98,40,96,110,89" hai1="78,8,44,24,92,114,59,3,67,53,69,17,10" hai2="115,84,135,68,77,118,6,39,124,36,7,113,99" hai3="28,60,122,70,134,0,2,66,85,117,11,49,105"/><T55/><D126/><U79/><E114/><V41/><F68/><W127/><G117/><T88/><D131/><U23/><E69/><V46/><F39/><W75/><G75/><T47/><D110/><U74/><E74/><V132/><F99/><N who="0" m="37930" /><D107/><U64/><E92/><V86/><F86/><W4/><G105/><T120/><D120/><U133/><E133/><N who="2" m="51275" /><F124/><W58/><G134/><T102/><D102/><U94/><E94/><V63/><F63/><W37/><G127/><T57/><D30/><U25/><E25/><V32/><F32/><W93/><G37/><T116/><D116/><U71/><E71/><V34/><F34/><W112/><G28/><T91/><D81/><U13/><E3/><V16/><F118/><W62/><G122/><T35/><D35/><U29/><E8/><V15/><F115/><W103/><G112/><T76/><D76/><N who="1" m="29227" /><E44/><V73/><F73/><W61/><G0/><T82/><D82/><U31/><E29/><V83/><F113/><W18/><G70/><T130/><D130/><U20/><E10/><AGARI ba="3,0" hai="6,7,10,15,16,36,41,46,77,83,84" m="51275" machi="10" ten="30,3900,0" yaku="20,1,52,1,54,1" doraHai="72" who="2" fromWho="1" sc="437,0,155,-48,209,48,199,0" /><INIT seed="1,0,0,3,1,71" ten="437,107,257,199" oya="1" hai0="94,129,60,113,59,62,107,79,66,21,65,82,84" hai1="73,89,80,78,70,10,18,31,97,25,11,34,83" hai2="41,93,88,23,68,2,47,125,16,5,102,39,96" hai3="104,101,38,118,45,108,99,131,58,27,119,111,110"/><U12/><E70/><V114/><F68/><W64/><G131/><T22/><D129/><U46/><E46/><V20/><F125/><W8/><G27/><T132/><D107/><U115/><E115/><V95/><F114/><W53/><G64/><T43/><D113/><U134/><E134/><V117/><F117/><N who="3" m="44555" /><G8/><T48/><D132/><U37/><E80/><V130/><F130/><W105/><G105/><T90/><D43/><U49/><E49/><V106/><F106/><W63/><G45/><T4/><D4/><U3/><E37/><AGARI ba="0,0" hai="37,38,53,58,63,99,101,104,108,110,111" m="44555" machi="37" ten="40,8000,1" yaku="14,1,12,1,52,2" doraHai="71" who="3" fromWho="1" sc="437,0,107,-80,257,0,199,80" /><INIT seed="2,0,0,1,1,108" ten="437,27,257,279" oya="2" hai0="7,115,132,119,128,25,58,30,29,55,124,1,12" hai1="94,39,47,2,36,113,32,76,54,130,41,74,56" hai2="4,35,66,111,10,112,67,114,26,120,40,126,51" hai3="21,135,105,86,57,28,60,97,83,22,99,122,82"/><V27/><F120/><W20/><G122/><T44/><D119/><U88/><E130/><V104/><F104/><W15/><G135/><T59/><D128/><U134/><E134/><V131/><F131/><W38/><G38/><T102/><D132/><U46/><E32/><V78/><F78/><W71/><G71/><T109/><D109/><U81/><E2/><V96/><F111/><W69/><G69/><T5/><D124/><U8/><E8/><V13/><F126/><W18/><G105/><T73/><D73/><U52/><E113/><V87/><F96/><N who="3" m="36939" /><G28/><T37/><D115/><U45/><E36/><V43/><F87/><W68/><G68/><T3/><D37/><U48/><REACH who="1" step="1"/><E54/><REACH who="1" ten="437,17,257,279" step="2"/><V106/><F114/><W62/><G21/><T14/><D55/><U84/><AGARI ba="0,1" hai="39,41,45,46,47,48,52,56,74,76,81,84,88,94" machi="84" ten="20,12000,2" yaku="1,1,2,1,0,1,7,1,54,2,53,0" doraHai="108" doraHaiUra="64" who="1" fromWho="1" sc="437,-30,17,130,257,-60,279,-30" /><INIT seed="3,0,0,4,4,64" ten="407,147,197,249" oya="3" hai0="117,130,56,55,1,81,112,109,69,35,72,49,45" hai1="101,87,28,52,110,53,98,120,51,90,99,131,20" hai2="57,71,60,86,37,89,58,33,62,12,67,70,104" hai3="125,7,122,119,23,46,66,93,97,107,128,47,94"/><W126/><G119/><T121/><RYUUKYOKU type="yao9" ba="0,0" sc="407,0,147,0,197,0,249,0" hai0="1,35,45,49,55,56,69,72,81,109,112,117,121,130" /><INIT seed="3,1,0,3,0,21" ten="407,147,197,249" oya="3" hai0="125,19,35,34,33,42,96,117,41,130,24,25,53" hai1="88,67,107,118,58,40,30,85,51,32,44,11,6" hai2="1,115,124,97,100,8,93,17,75,50,77,10,104" hai3="126,48,72,12,56,119,122,99,101,47,39,23,135"/><W81/><G119/><T79/><D117/><U113/><E107/><V89/><F115/><W86/><G122/><T103/><D130/><U108/><E118/><V9/><F124/><W110/><G72/><T38/><D125/><U14/><E113/><V78/><F1/><W15/><G126/><T69/><D79/><U83/><E108/><V57/><F17/><W134/><G39/><T120/><D120/><U73/><E73/><V4/><F4/><W74/><G74/><T64/><D53/><U91/><E32/><V87/><F75/><W45/><G56/><T31/><D38/><U49/><E30/><V28/><F28/><W66/><G66/><T13/><D42/><U123/><E123/><V36/><F36/><W84/><G110/><T121/><D41/><U52/><E67/><V63/><REACH who="2" step="1"/><F50/><REACH who="2" ten="407,147,187,249" step="2"/><W5/><G5/><T131/><D121/><U98/><REACH who="1" step="1"/><E98/><REACH who="1" ten="407,137,187,249" step="2"/><V90/><F90/><AGARI ba="1,2" hai="6,11,14,40,44,49,51,52,58,83,85,88,90,91" machi="90" ten="30,12000,2" yaku="1,1,2,1,7,1,8,1,54,2,53,1" doraHai="21" doraHaiUra="54" who="1" fromWho="2" sc="407,0,137,143,187,-123,249,0" /><INIT seed="4,0,0,0,2,107" ten="407,280,64,249" oya="0" hai0="25,48,129,101,72,40,33,10,65,128,60,115,105" hai1="117,22,35,127,78,16,45,122,2,86,81,68,97" hai2="52,53,119,49,83,73,55,120,9,95,36,106,131" hai3="54,57,71,134,59,1,4,91,112,116,104,85,89"/><T0/><D72/><U8/><E122/><V80/><F106/><W77/><G71/><N who="0" m="42407" /><D115/><U11/><E68/><V19/><F36/><W27/><G116/><T29/><D48/><U28/><E117/><V66/><F119/><W74/><G104/><T113/><D40/><U23/><E127/><V99/><F120/><W43/><G43/><T46/><D46/><U58/><E2/><V13/><F131/><W56/><G112/><T24/><D24/><N who="1" m="16415" /><E35/><V126/><F126/><W100/><G100/><T88/><D88/><N who="1" m="51279" /><E45/><V133/><F133/><W18/><G1/><T31/><D31/><U5/><E5/><V44/><F66/><W7/><G134/><T125/><D113/><U87/><E97/><V21/><F21/><W42/><G42/><T110/><D125/><U124/><E58/><V39/><F39/><W90/><G4/><N who="0" m="1287" /><D110/><U132/><E132/><V3/><F3/><W64/><G7/><T96/><AGARI ba="0,0" hai="25,29,33,96,101,105,128,129" m="1287,42407" machi="96" ten="30,3000,0" yaku="25,1,23,1" doraHai="107" who="0" fromWho="0" sc="407,30,280,-10,64,-10,249,-10" /><INIT seed="4,1,0,5,4,40" ten="437,270,54,239" oya="0" hai0="75,28,87,88,22,49,110,51,72,66,63,93,26" hai1="117,12,13,96,53,106,81,2,29,44,8,126,121" hai2="129,6,74,10,115,27,17,60,94,68,1,120,18" hai3="91,41,30,19,9,34,90,43,98,58,54,7,16"/><T14/><D110/><U20/><E121/><V79/><F120/><W123/><G123/><T111/><D111/><U84/><E117/><V78/><F115/><W48/><G34/><T73/><REACH who="0" step="1"/><D14/><REACH who="0" ten="427,270,54,239" step="2"/><U3/><E13/><V104/><F1/><W85/><G41/><T42/><D42/><U119/><E12/><V31/><F10/><W4/><G43/><T89/><D89/><U56/><E8/><V33/><F79/><W128/><G90/><T101/><D101/><U45/><E2/><V77/><F78/><W102/><G102/><T38/><D38/><U134/><E3/><V95/><F77/><W80/><G9/><T36/><D36/><U64/><E119/><V52/><F6/><W32/><G4/><T122/><D122/><U132/><E132/><V70/><F27/><W131/><G7/><T67/><D67/><U113/><E64/><V107/><F52/><W108/><G108/><T37/><D37/><U62/><E53/><V23/><F74/><W71/><G54/><T82/><D82/><U118/><E81/><V35/><F23/><W99/><G80/><T97/><D97/><U61/><E20/><V24/><F24/><W103/><G98/><T39/><D39/><U55/><E55/><V83/><F83/><W133/><G99/><T105/><D105/><U76/><E106/><V21/><F21/><W46/><G103/><T0/><D0/><U69/><E96/><V112/><F107/><W11/><G91/><T47/><D47/><U92/><E118/><V135/><F104/><W59/><G11/><T25/><D25/><U50/><E134/><RYUUKYOKU ba="1,1" sc="427,30,270,-10,54,-10,239,-10" hai0="22,26,28,49,51,63,66,72,73,75,87,88,93" /><INIT seed="4,2,1,0,0,78" ten="457,260,44,229" oya="0" hai0="126,64,3,57,25,41,44,110,53,97,130,31,58" hai1="2,4,6,96,76,51,104,125,133,117,21,59,112" hai2="15,119,116,131,69,26,120,23,89,107,70,33,124" hai3="8,91,94,68,46,16,118,123,11,40,10,39,86"/><T60/><D3/><U28/><E117/><N who="2" m="45131" /><F120/><W27/><G123/><T108/><D126/><U45/><E2/><V71/><F107/><W19/><G118/><T0/><D0/><U67/><E125/><V18/><F124/><W77/><G68/><N who="2" m="17409" /><V135/><DORA hai="24" /><F131/><W115/><G115/><T43/><D130/><U55/><E112/><V129/><F129/><W52/><G77/><T109/><D97/><U36/><E76/><V5/><F135/><W47/><REACH who="3" step="1"/><G27/><REACH who="3" ten="457,260,44,219" step="2"/><T42/><D25/><U13/><E133/><V93/><F5/><W102/><G102/><T20/><D110/><U92/><E4/><V82/><F82/><W38/><G38/><T106/><D109/><U132/><E36/><V49/><F49/><AGARI ba="2,2" hai="8,10,11,16,19,39,40,46,47,49,52,86,91,94" machi="49" ten="40,5200,0" yaku="1,1,54,2,53,0" doraHai="78,24" doraHaiUra="121,29" who="3" fromWho="2" sc="457,0,260,0,44,-58,219,78" owari="457,55.0,260,-14.0,-14,-51.0,297,10.0" /></mjloggm>