<mjloggm ver="2.3"><GO type="169" lobby="0"/><UN n0="%E3%83%9E%E3%83%84%E3%82%B6%E3%82%AD" n1="%E3%82%AA%E3%82%BA%E3%82%B0%E3%83%AB%E3%83%BC%E3%83%97" n2="%EF%BC%88%E2%89%A7%E2%96%BD%E2%89%A6%EF%BC%89" n3="%E3%81%91%E3%82%93%31%39%37%30" dan="16,16,18,16" rate="2087.15,2084.83,2218.62,2148.79" sx="M,M,M,M"/><TAIKYOKU oya="0"/><INIT seed="0,0,0,4,3,53" ten="250,250,250,250" oya="0" hai0="66,56,13,120,90,61,129,19,28,101,16,24,99" hai1="77,23,87,18,81,98,69,6,68,44,116,27,32" hai2="25,22,30,31,1,10,3,34,130,46,36,71,35" hai3="95,37,124,14,43,70,65,63,41,84,127,86,100"/><T39/><D39/><U82/><E116/><V108/><F71/><W80/><G37/><T105/><D120/><U21/><E32/><N who="2" m="12331" /><F46/><W2/><G2/><N who="2" m="521" /><F36/><W125/><G14/><T102/><D129/><U104/><E6/><V59/><F59/><W114/><G114/><T107/><D90/><U132/><E44/><V62/><F62/><W78/><G100/><T17/><D13/><U50/><E50/><V131/><F108/><W76/><G95/><T57/><D28/><N who="2" m="10794" /><F10/><W4/><G4/><T121/><D121/><U40/><E40/><N who="3" m="15434" /><G78/><T33/><D33/><U96/><E104/><V75/><F75/><AGARI ba="0,0" hai="63,65,70,75,76,80,84,86,124,125,127" m="15434" machi="75" ten="30,1000,0" yaku="18,1" doraHai="53" who="3" fromWho="2" sc="250,0,250,0,250,-10,250,10" /><INIT seed="1,0,0,1,2,6" ten="250,250,240,260" oya="1" hai0="11,8,61,129,87,32,80,112,131,1,101,85,132" hai1="48,107,130,30,94,51,122,121,73,19,109,92,63" hai2="47,68,79,50,21,39,38,116,40,46,78,55,15" hai3="119,7,60,64,26,98,126,20,89,133,108,70,77"/><U76/><E107/><V33/><F33/><W128/><G77/><T104/><D32/><U13/><E130/><N who="0" m="49673" /><D1/><U95/><E30/><V65/><F116/><W3/><G128/><T59/><D112/><U58/><E109/><V115/><F115/><W99/><G119/><T134/><D101/><U74/><E76/><V45/><F21/><W83/><G108/><T118/><D104/><U114/><E114/><V22/><F22/><W102/><G99/><T69/><D69/><U67/><E74/><V52/><F15/><W96/><G96/><T66/><D118/><U105/><E105/><V125/><F125/><W9/><G126/><T111/><D111/><U18/><E73/><V31/><F31/><W37/><G37/><N who="2" m="13833" /><F79/><W117/><G117/><T12/><D12/><U53/><E51/><N who="2" m="28799" /><F78/><W16/><G83/><T28/><D28/><U4/><E4/><V86/><F86/><N who="0" m="32778" /><D80/><U110/><E110/><V34/><F34/><W71/><G89/><T27/><D27/><U84/><E84/><V72/><F72/><W103/><G71/><T17/><D17/><U54/><E19/><V43/><F46/><W42/><G103/><T91/><D91/><U5/><E5/><V97/><F97/><W36/><G98/><T29/><D29/><U127/><E127/><V25/><F25/><W82/><G102/><T24/><D24/><U56/><E13/><V14/><F14/><W2/><G2/><T124/><D124/><U113/><E18/><V23/><F23/><W106/><G106/><T49/><D49/><N who="1" m="30767" /><E113/><V90/><F90/><W81/><G3/><T93/><D93/><RYUUKYOKU ba="0,0" sc="250,10,250,10,240,10,260,-30" hai0="8,11,59,61,66,132,134" hai1="48,54,58,63,67,92,94,95,121,122" hai2="40,43,45,50,55,65,68" /><INIT seed="1,1,0,4,0,122" ten="260,260,250,230" oya="1" hai0="54,19,22,27,29,76,110,1,53,66,81,127,72" hai1="14,113,17,33,107,28,86,129,101,75,132,128,123" hai2="71,8,114,25,6,45,50,74,39,60,56,104,99" hai3="31,34,67,62,12,5,42,133,111,23,65,124,102"/><U3/><E75/><V130/><F74/><W10/><G42/><T13/><D1/><U57/><E107/><V87/><F39/><W55/><G55/><T126/><D66/><U135/><E101/><V82/><F71/><W32/><G67/><T63/><D110/><U48/><E3/><V94/><F104/><W116/><G102/><T43/><D43/><U80/><E123/><V115/><F130/><N who="1" m="50281" /><E113/><N who="2" m="43019" /><F25/><W85/><G85/><T2/><D2/><U108/><E33/><V58/><F60/><W125/><G62/><T112/><D112/><U52/><E28/><V30/><F30/><W24/><G65/><T118/><D118/><U95/><E95/><V119/><F119/><W21/><G116/><T20/><REACH who="0" step="1"/><D63/><REACH who="0" ten="250,260,250,230" step="2"/><U18/><E108/><V38/><F38/><W35/><G111/><T93/><D93/><U83/><E83/><V36/><F36/><W88/><G133/><N who="1" m="51274" /><E14/><N who="2" m="5399" /><F94/><W0/><G88/><AGARI ba="1,1" hai="17,18,48,52,57,80,86,88" m="51274,50281" machi="88" ten="30,11600,0" yaku="19,1,20,1,54,2" doraHai="122" who="1" fromWho="3" sc="250,0,260,129,250,0,230,-119" /><INIT seed="1,2,0,4,0,35" ten="250,389,250,111" oya="1" hai0="108,31,123,9,24,69,77,88,118,34,38,85,79" hai1="29,124,131,52,68,1,82,96,0,128,110,81,122" hai2="33,16,67,8,73,107,100,4,93,18,90,116,20" hai3="2,71,27,44,114,30,127,83,119,105,98,86,134"/><U72/><E122/><V57/><F33/><W78/><G114/><T92/><D69/><U12/><E68/><V115/><F116/><W41/><G119/><T26/><D38/><U61/><E110/><V14/><F73/><W80/><G71/><T112/><D108/><U111/><E124/><V103/><F115/><W40/><G127/><T75/><D75/><U47/><E29/><V60/><F107/><W42/><G134/><T101/><D101/><U59/><E72/><V7/><F18/><W45/><G105/><T15/><D112/><U10/><E96/><V23/><F23/><W130/><G98/><T5/><D118/><U132/><E111/><V36/><F36/><W51/><G130/><N who="1" m="49706" /><E132/><V3/><REACH who="2" step="1"/><F7/><REACH who="2" ten="250,389,240,111" step="2"/><W21/><G83/><N who="1" m="31754" /><E47/><V65/><F65/><W32/><G32/><T28/><D123/><U87/><E87/><AGARI ba="2,1" hai="3,4,8,14,16,20,57,60,67,87,90,93,100,103" machi="87" ten="30,7700,0" yaku="1,1,7,1,52,1,54,1,53,0" doraHai="35" doraHaiUra="135" who="2" fromWho="1" sc="250,0,389,-83,240,93,111,0" /><INIT seed="2,0,0,0,1,42" ten="250,306,333,111" oya="2" hai0="112,19,109,55,130,20,118,23,128,111,49,120,83" hai1="29,56,59,14,57,34,74,100,119,27,101,131,54" hai2="67,117,60,24,48,123,84,18,65,102,116,98,1" hai3="104,72,37,103,7,51,82,5,15,126,39,53,94"/><V52/><F1/><W61/><G104/><T32/><D32/><U30/><E74/><V9/><F123/><W122/><G122/><T17/><D112/><U8/><E119/><V63/><F84/><W88/><G39/><T133/><D120/><U114/><E131/><N who="0" m="50217" /><D118/><U132/><E114/><V135/><F135/><W92/><G37/><T12/><D83/><U71/><E71/><V93/><F117/><W70/><G126/><T21/><D133/><U108/><E132/><V95/><F95/><W2/><G2/><T62/><D62/><N who="2" m="23594" /><F116/><W125/><G125/><T80/><D80/><U124/><E124/><V66/><F9/><W6/><G103/><T3/><D3/><U47/><E108/><N who="0" m="41545" /><D12/><U77/><E77/><V13/><F24/><W73/><G94/><T33/><D33/><U113/><E30/><V31/><F31/><W36/><G36/><T121/><D121/><U35/><E35/><V38/><F38/><W68/><G15/><T79/><D79/><U28/><E28/><V64/><F13/><W16/><G16/><N who="0" m="6219" /><D20/><U99/><E113/><V11/><F18/><W76/><G73/><T43/><D43/><U89/><E14/><V50/><F11/><W26/><G26/><T78/><D78/><U107/><E8/><V58/><N who="2" m="16384" /><DORA hai="75" /><V97/><F48/><W110/><G61/><T106/><D106/><U4/><E107/><V90/><F102/><W10/><G10/><T0/><D0/><U127/><E101/><V87/><AGARI ba="0,0" hai="50,52,58,87,90,93,97,98" m="16384,23594" machi="87" ten="40,3900,0" yaku="8,1,54,1" doraHai="42,75" who="2" fromWho="2" sc="250,-13,306,-13,333,39,111,-13" /><INIT seed="2,1,0,0,2,11" ten="237,293,372,98" oya="2" hai0="4,5,98,134,59,67,132,34,106,86,124,75,22" hai1="72,107,94,58,20,54,35,100,80,103,43,79,87" hai2="51,85,82,25,68,50,77,129,32,31,105,130,21" hai3="61,29,120,49,24,118,73,109,113,47,76,28,0"/><V127/><F68/><W84/><G0/><T111/><D75/><U119/><E35/><V17/><F105/><W36/><G120/><T70/><D34/><U9/><E119/><V55/><F127/><W83/><G118/><T102/><D124/><U46/><E107/><V122/><F122/><W64/><G36/><T13/><D70/><U89/><E20/><V14/><REACH who="2" step="1"/><F51/><REACH who="2" ten="237,293,362,98" step="2"/><W71/><G113/><T60/><D111/><U93/><E93/><V12/><F12/><W90/><G109/><T16/><REACH who="0" step="1"/><D86/><REACH who="0" ten="227,293,362,98" step="2"/><U125/><E125/><V96/><F96/><W95/><REACH who="3" step="1"/><G24/><REACH who="3" ten="227,293,362,88" step="2"/><T63/><D63/><U135/><E135/><AGARI ba="1,3" hai="4,5,13,16,22,59,60,67,98,102,106,132,134,135" machi="135" ten="40,8000,1" yaku="1,1,20,1,52,1,54,1,53,0" doraHai="11" doraHaiUra="108" who="0" fromWho="1" sc="227,113,293,-83,362,0,88,0" /><INIT seed="3,0,0,3,0,32" ten="340,210,362,88" oya="3" hai0="133,80,77,40,130,89,35,0,57,105,61,45,78" hai1="125,31,86,68,114,102,96,121,93,112,98,123,99" hai2="113,115,85,120,119,118,103,3,72,30,2,107,122" hai3="14,100,58,17,38,7,75,59,50,41,22,87,74"/><W84/><G100/><T66/><D35/><U28/><E68/><V64/><F64/><W62/><G75/><T26/><D105/><U117/><E86/><V48/><F72/><W60/><G74/><T108/><D108/><U104/><E125/><V83/><F48/><W18/><G38/><T126/><D126/><U15/><E117/><N who="2" m="44555" /><F30/><N who="1" m="11305" /><E15/><V9/><F9/><W131/><G7/><T65/><D26/><U111/><E93/><V69/><F69/><W25/><G131/><T29/><D29/><U4/><E4/><V97/><F85/><W44/><G62/><T132/><D130/><U33/><E33/><V55/><F55/><W53/><REACH who="3" step="1"/><G59/><REACH who="3" ten="340,210,362,78" step="2"/><T13/><D132/><U6/><E102/><V127/><F127/><W56/><G56/><T47/><D133/><U19/><E6/><V88/><F113/><W12/><G12/><T21/><D13/><U39/><E39/><V51/><F115/><W124/><G124/><T116/><D116/><U52/><E112/><V42/><F103/><W101/><G101/><T135/><D135/><U46/><E114/><V37/><F37/><W81/><G81/><T8/><D80/><U106/><E106/><V71/><F83/><W16/><G16/><T36/><D36/><U73/><E19/><V63/><F63/><W129/><G129/><T90/><D61/><U43/><E104/><V5/><F5/><W95/><G95/><T110/><D57/><U70/><E73/><V76/><F71/><W1/><G1/><T20/><D0/><U134/><E70/><V27/><F3/><W109/><G109/><T24/><D110/><RYUUKYOKU ba="0,1" sc="340,-10,210,-10,362,-10,78,30" hai3="14,17,18,22,25,41,44,50,53,58,60,84,87" /><INIT seed="3,1,1,1,1,12" ten="330,200,352,108" oya="3" hai0="70,122,45,128,114,24,39,77,118,88,113,108,44" hai1="105,76,19,22,20,42,81,100,15,28,116,63,95" hai2="29,52,10,32,106,117,61,57,64,25,132,11,135" hai3="97,53,85,134,0,80,51,31,47,79,94,109,7"/><W91/><G134/><N who="2" m="51241" /><F117/><W90/><G109/><T125/><D45/><U59/><E116/><V71/><F106/><W54/><G31/><T66/><D77/><U58/><E105/><V8/><F8/><W26/><G26/><T36/><D118/><U67/><E42/><V73/><F73/><W82/><G0/><T13/><D122/><U35/><E35/><V121/><F121/><W68/><G68/><T40/><D108/><U129/><E129/><V30/><F29/><W33/><G33/><T133/><D133/><U14/><E59/><V18/><F18/><W130/><G130/><T65/><D128/><U96/><E28/><V50/><AGARI ba="1,1" hai="10,11,25,30,32,50,52,57,61,64,71" m="51241" machi="50" ten="30,2000,0" yaku="20,1,54,1" doraHai="12" who="2" fromWho="2" sc="330,-6,200,-6,352,33,108,-11" /><INIT seed="4,0,0,1,2,25" ten="324,194,385,97" oya="0" hai0="35,6,38,7,12,61,102,71,64,88,28,123,73" hai1="22,72,69,117,119,90,125,5,47,113,101,91,92" hai2="120,76,29,55,2,54,114,19,37,30,34,56,104" hai3="49,93,108,87,127,103,70,60,100,99,85,58,107"/><T67/><D123/><U134/><E69/><V24/><F120/><W13/><G108/><T0/><D0/><U118/><E5/><V95/><F104/><W45/><G127/><T26/><D73/><U74/><E22/><N who="2" m="13407" /><F2/><W15/><G70/><T40/><D67/><U44/><E125/><V109/><F34/><W23/><G107/><T83/><D12/><U111/><E111/><V51/><F37/><W116/><G103/><T48/><D38/><U16/><E134/><V112/><F76/><W46/><G46/><N who="1" m="17450" /><E101/><V97/><F109/><W84/><G116/><T94/><D40/><U8/><E92/><V126/><F126/><W133/><G133/><T3/><D3/><U59/><E59/><N who="2" m="33247" /><F114/><W131/><G131/><T96/><REACH who="0" step="1"/><D48/><REACH who="0" ten="314,194,385,97" step="2"/><U43/><E113/><V62/><F112/><W65/><REACH who="3" step="1"/><G23/><REACH who="3" ten="314,194,385,87" step="2"/><T68/><D68/><U78/><E119/><V11/><F11/><W20/><G20/><T41/><D41/><AGARI ba="0,2" hai="13,15,41,45,49,58,60,65,84,85,87,93,99,100" machi="41" ten="40,5200,0" yaku="1,1,8,1,53,1" doraHai="25" doraHaiUra="57" who="3" fromWho="0" sc="314,-52,194,0,385,0,87,72" /><INIT seed="5,0,0,1,1,16" ten="262,194,385,159" oya="1" hai0="126,61,117,108,66,120,73,135,113,96,11,71,99" hai1="10,3,35,129,133,48,26,78,95,88,29,92,91" hai2="58,115,5,122,104,76,56,42,17,37,128,39,67" hai3="72,82,127,7,59,124,93,6,69,46,54,13,34"/><U87/><E129/><V103/><F122/><W74/><G69/><T119/><D73/><U89/><E133/><V24/><F5/><W41/><G34/><T19/><D120/><U51/><E3/><V49/><F128/><W131/><G131/><T132/><D108/><U100/><E100/><V4/><F4/><W12/><G93/><T81/><D81/><U114/><E114/><V75/><F115/><W31/><G31/><T2/><D113/><U43/><E10/><V64/><F103/><W60/><G82/><T55/><D55/><U84/><E78/><V110/><F104/><W23/><G13/><T14/><D2/><U118/><E118/><V107/><F107/><W134/><G134/><N who="0" m="51243" /><D126/><N who="3" m="48169" /><G7/><T57/><D71/><U79/><E79/><V52/><F76/><W9/><G23/><T63/><D63/><U62/><E91/><V97/><F75/><W85/><G85/><T40/><D40/><U94/><E94/><V15/><F42/><W130/><G130/><T1/><D1/><U121/><E121/><V32/><F32/><W36/><AGARI ba="0,0" hai="6,9,12,36,41,46,54,59,60,72,74" m="48169" machi="36" ten="30,1100,0" yaku="18,1" doraHai="16" who="3" fromWho="3" sc="262,-3,194,-5,385,-3,159,11" /><INIT seed="6,0,0,4,2,5" ten="259,189,382,170" oya="2" hai0="36,126,124,29,46,75,78,98,25,107,44,94,86" hai1="61,93,132,66,103,28,101,109,50,7,88,68,52" hai2="108,65,113,131,99,102,128,26,104,111,60,1,125" hai3="39,58,72,91,85,24,34,10,95,110,121,59,45"/><V135/><F113/><W100/><G110/><N who="2" m="42025" /><F135/><W118/><G121/><T82/><D107/><U32/><E132/><V15/><F1/><W133/><G118/><T53/><D75/><U0/><E109/><V81/><F81/><W21/><G72/><T67/><D67/><U76/><E76/><V22/><F15/><W43/><G34/><T122/><D122/><U23/><E32/><V41/><F41/><W84/><G100/><N who="0" m="60503" /><D53/><U2/><E28/><N who="2" m="17495" /><F125/><N who="0" m="48234" /><D36/><U42/><E23/><AGARI ba="0,0" hai="23,25,29,44,46,78,82,86" m="48234,60503" machi="23" ten="30,1000,0" yaku="18,1" doraHai="5" who="0" fromWho="1" sc="259,10,189,-10,382,0,170,0" /><INIT seed="7,0,0,1,3,27" ten="269,179,382,170" oya="3" hai0="101,31,73,132,43,90,114,35,123,134,92,93,79" hai1="21,55,121,37,6,29,128,106,115,56,16,129,50" hai2="15,111,24,88,49,40,119,9,47,22,0,62,120" hai3="61,104,1,131,70,57,76,82,67,26,124,122,52"/><W110/><G122/><T89/><D43/><U78/><E106/><V19/><F111/><W126/><G104/><T87/><D123/><U96/><E37/><V18/><F120/><W23/><G1/><T97/><D35/><U12/><E121/><V28/><F119/><W54/><G110/><T66/><D66/><U51/><E78/><V133/><F133/><N who="0" m="51306" /><D31/><U105/><E115/><V72/><F72/><W74/><G131/><N who="1" m="50250" /><E6/><N who="2" m="3511" /><F0/><W20/><G20/><T44/><D44/><U95/><E105/><V125/><F62/><W103/><G103/><T68/><D68/><U53/><E29/><V64/><F64/><W118/><G118/><T100/><D114/><U59/><E95/><V127/><F88/><W85/><G74/><T46/><D46/><U102/><E96/><V60/><F60/><W109/><G109/><T4/><D4/><U38/><E38/><V14/><F14/><W91/><G76/><T117/><D117/><U5/><E5/><V36/><F36/><W65/><G65/><T2/><D2/><U112/><E112/><V113/><F113/><W7/><G7/><T84/><D73/><U41/><E102/><V48/><F48/><W63/><REACH who="3" step="1"/><G54/><REACH who="3" ten="269,179,382,160" step="2"/><T69/><D79/><U86/><E41/><V32/><F22/><W116/><G116/><T98/><D101/><U58/><E86/><V25/><F32/><W11/><G11/><T42/><D100/><U83/><E83/><V17/><F40/><W75/><G75/><T107/><D107/><U71/><E71/><V45/><F25/><W94/><G94/><T33/><D69/><U135/><E135/><RYUUKYOKU ba="0,1" sc="269,-15,179,15,382,-15,160,15" hai1="12,16,21,50,51,53,55,56,58,59" hai3="23,26,52,57,61,63,67,70,82,85,91,124,126" /><INIT seed="7,1,1,4,0,55" ten="254,194,367,175" oya="3" hai0="9,5,39,104,42,23,51,98,20,11,6,124,131" hai1="53,43,64,121,88,10,128,3,71,73,1,57,66" hai2="100,38,76,125,101,111,8,21,50,31,92,127,112" hai3="60,63,61,117,7,94,87,12,116,96,108,44,110"/><W75/><G75/><T80/><D39/><U135/><E121/><V15/><F38/><W41/><G87/><T103/><D124/><N who="2" m="47690" /><F111/><N who="3" m="42539" /><G7/><T32/><D32/><U123/><E73/><V22/><F76/><W27/><G27/><T30/><D131/><U58/><E123/><V69/><F112/><W72/><G12/><T78/><D30/><U49/><E128/><V133/><F31/><W36/><G72/><T115/><D115/><U106/><E106/><V4/><F92/><W105/><G105/><T54/><D6/><U59/><E71/><V48/><F21/><W52/><G94/><T130/><D130/><U79/><E79/><V113/><F113/><W19/><G19/><T40/><D23/><U118/><E1/><V37/><F22/><W34/><G96/><T68/><D20/><U29/><E3/><V95/><F95/><W83/><G83/><T129/><D129/><U77/><E10/><V126/><F8/><W107/><G107/><T90/><D11/><U122/><E77/><V120/><F4/><W99/><G99/><T81/><D81/><U74/><E29/><V24/><F120/><W25/><G25/><T56/><D78/><U33/><E74/><V82/><F24/><W93/><G93/><T85/><D68/><U109/><E33/><V114/><F82/><W26/><G52/><T28/><D28/><AGARI ba="1,1" hai="26,28,34,36,41,44,60,61,63,116,117" m="42539" machi="28" ten="30,1500,0" yaku="10,1" doraHai="55" who="3" fromWho="0" sc="254,-18,194,0,367,0,175,28" /><INIT seed="7,2,0,4,2,60" ten="236,194,367,203" oya="3" hai0="57,31,45,118,54,69,74,103,6,19,9,33,25" hai1="73,27,56,18,120,41,61,0,100,66,47,133,24" hai2="17,23,68,117,38,63,14,70,46,29,126,34,88" hai3="123,37,22,1,39,134,77,51,95,16,62,15,72"/><W87/><G123/><T102/><D74/><U89/><E120/><V8/><F117/><W11/><G134/><T65/><D118/><U80/><E0/><V124/><F34/><W13/><G1/><T111/><D45/><U105/><E133/><V7/><F29/><W52/><G62/><T5/><D5/><U121/><E121/><V99/><F38/><W58/><G72/><T43/><D43/><U104/><E100/><V55/><F99/><W109/><G109/><T107/><D19/><U90/><E105/><V36/><F88/><N who="1" m="33897" /><E104/><V115/><F115/><W128/><G128/><T93/><D107/><U48/><E73/><V12/><F36/><W21/><G21/><T108/><D54/><U2/><E2/><V116/><F116/><W40/><G40/><T10/><D69/><U35/><E80/><V114/><F114/><W71/><G71/><T76/><D103/><U81/><E81/><V86/><F86/><W50/><G39/><T122/><D122/><U119/><E119/><V92/><F92/><W112/><G37/><T91/><D93/><U3/><E3/><V110/><F110/><W97/><G112/><T106/><D33/><U42/><E35/><V135/><F135/><W59/><G77/><T30/><D76/><U132/><E132/><V130/><F130/><W98/><G87/><T113/><D113/><U44/><E18/><V84/><F84/><W49/><G95/><T85/><D108/><U94/><E94/><V82/><F82/><W53/><G51/><AGARI ba="2,0" hai="24,27,41,42,44,47,48,51,56,61,66" m="33897" machi="51" ten="30,3900,0" yaku="8,1,52,1,54,1" doraHai="60" who="1" fromWho="3" sc="236,0,194,45,367,0,203,-45" owari="236,-16.0,239,4.0,367,46.0,158,-34.0" /></mjloggm>