<mjloggm ver="2.3"><GO type="41"/><UN n0="%E8%87%AA%E7%94%B1%E3%81%AA%E9%81%8A%E3%81%B3%E5%BF%83" n1="%E3%82%A6%E3%83%AB%E3%83%88%E3%83%A9%E7%AB%8B%E7%9B%B4" n2="%EF%BC%B3%EF%BD%95%EF%BC%A5%EF%BD%88%EF%BC%A9%EF%BD%92%EF%BC%AF" n3="%74%65%6E%70%6F%69%6E%74" dan="15,15,14,14" rate="1982,1982,1830,1910" sx="M,M,M,M"/><TAIKYOKU oya="0"/><INIT seed="0,0,0,1,4,19" ten="250,250,250,250" oya="0" hai0="62,13,0,100,108,26,47,21,126,33,74,95,10" hai1="48,73,60,80,41,85,14,31,75,132,106,104,120" hai2="29,84,12,40,49,109,76,4,57,94,116,22,17" hai3="113,98,28,71,69,59,129,101,34,18,66,93,81"/><T54/><D74/><U99/><E104/><V11/><F109/><W103/><G113/><T118/><D118/><U24/><E120/><V122/><F122/><W5/><G129/><T79/><D126/><U124/><E132/><V1/><F116/><W51/><G81/><T96/><D108/><U3/><E3/><V92/><F76/><W127/><G127/><T114/><D114/><U123/><E123/><V128/><F128/><W70/><G5/><T58/><D33/><U134/><E134/><V102/><F102/><W7/><G7/><T15/><D79/><U83/><E83/><V110/><F110/><W130/><G130/><T112/><D112/><U107/><E107/><V105/><F105/><W36/><G36/><T52/><D0/><U45/><E14/><N who="0" m="5129" /><D10/><U25/><E25/><V135/><F84/><W61/><G51/><T115/><D115/><U8/><E8/><V67/><F135/><W43/><G43/><T97/><D97/><U53/><E124/><V78/><F78/><W125/><G125/><T131/><D131/><U82/><E73/><V121/><F121/><W68/><G18/><N who="0" m="12599" /><D47/><U63/><E75/><V117/><F117/><W55/><G28/><T90/><D54/><U38/><E99/><V89/><F1/><W86/><G34/><T35/><D35/><U23/><E106/><V42/><F11/><W16/><G86/><T6/><D6/><U133/><E133/><V32/><F4/><W111/><G111/><T87/><D87/><U20/><E82/><V56/><F32/><W37/><G98/><T64/><D64/><U77/><E85/><RYUUKYOKU ba="0,0" sc="250,30,250,-10,250,-10,250,-10" hai0="52,58,62,90,95,96,100" /><INIT seed="0,1,0,0,2,129" ten="280,240,240,240" oya="0" hai0="57,125,86,19,25,83,50,110,107,133,117,63,39" hai1="113,69,108,114,9,112,118,6,76,4,13,92,73" hai2="64,105,96,24,89,20,74,31,134,98,3,79,71" hai3="116,11,100,44,81,30,51,18,17,28,1,47,23"/><T26/><D117/><U90/><E69/><V94/><F3/><W115/><G116/><T22/><D107/><U78/><E118/><V65/><F134/><W97/><G115/><T2/><D39/><U42/><E108/><V33/><F20/><W131/><G131/><T5/><D2/><U36/><E6/><V21/><F21/><W56/><G1/><T34/><D5/><U121/><E121/><V126/><F126/><W66/><G81/><T135/><D125/><U93/><E93/><V61/><F65/><W91/><G91/><N who="0" m="51679" /><D50/><U120/><E120/><V15/><F15/><W122/><G122/><T60/><D110/><U85/><E73/><V49/><F49/><W52/><G11/><T40/><D40/><U132/><E132/><N who="0" m="50761" /><D57/><U106/><E106/><V12/><F105/><W102/><G102/><T16/><D16/><N who="3" m="6249" /><G66/><T88/><D88/><U0/><E0/><V32/><F64/><W87/><G87/><T109/><D109/><U8/><E8/><V35/><F89/><W29/><G23/><T7/><D7/><U37/><E37/><V80/><F33/><W128/><G128/><T54/><D54/><U75/><E75/><V58/><F74/><W119/><G119/><T59/><D59/><U70/><E36/><V45/><F58/><W101/><G101/><T27/><D34/><U41/><E41/><V43/><F35/><W38/><G38/><T84/><D84/><U123/><E42/><V48/><F43/><W99/><G100/><T111/><D111/><U103/><E123/><V68/><F32/><W72/><G72/><T55/><D55/><RYUUKYOKU ba="1,0" sc="280,15,240,-15,240,-15,240,15" hai0="19,22,25,26,27,60,63" hai3="28,29,30,44,47,51,52,56,97,99" /><INIT seed="0,2,0,0,3,16" ten="295,225,225,255" oya="0" hai0="106,68,131,116,66,127,84,97,32,92,132,46,5" hai1="34,53,124,10,119,90,80,19,121,23,82,79,49" hai2="133,52,118,30,15,111,135,93,134,108,18,98,115" hai3="77,4,3,39,11,60,14,99,64,88,103,91,9"/><T36/><D116/><U100/><E34/><V94/><F118/><W72/><G39/><T48/><D32/><U122/><E100/><V50/><F30/><W114/><G114/><T1/><D36/><U69/><E69/><V130/><F115/><W125/><G125/><T73/><D73/><U71/><E71/><V89/><F130/><W107/><G77/><T27/><D132/><U74/><E119/><V42/><F42/><W83/><G83/><T44/><D127/><U104/><E104/><V117/><F117/><W20/><G72/><T2/><D131/><U76/><E10/><V126/><F126/><W7/><REACH who="3" step="1"/><G20/><REACH who="3" ten="295,225,225,245" step="2"/><T8/><D8/><U41/><E124/><V70/><F70/><AGARI ba="2,1" hai="3,4,7,9,11,14,60,64,70,88,91,99,103,107" machi="70" ten="30,7700,0" yaku="1,1,2,1,7,1,54,1,53,0" doraHai="16" doraHaiUra="75" who="3" fromWho="2" sc="295,0,225,0,225,-83,245,93" /><INIT seed="1,0,0,3,4,134" ten="295,225,142,338" oya="1" hai0="77,121,115,53,90,35,72,52,57,73,23,104,39" hai1="62,7,20,31,91,34,71,28,11,51,126,123,116" hai2="4,109,44,132,1,119,12,10,70,110,85,97,59" hai3="37,45,26,107,125,2,114,102,106,98,36,75,84"/><U76/><E76/><V105/><F132/><W48/><G114/><T74/><D35/><U14/><E91/><V120/><F120/><W135/><G135/><T29/><D115/><U96/><E96/><V131/><F131/><W33/><G125/><T5/><D121/><U40/><E123/><V129/><F70/><W27/><G75/><T118/><D39/><U127/><E116/><V17/><F119/><W65/><G2/><T18/><D104/><U56/><E71/><V46/><F129/><W111/><G111/><N who="2" m="42505" /><F59/><W95/><G84/><T50/><D118/><U92/><E34/><V108/><N who="2" m="42513" /><V61/><DORA hai="93" /><F61/><W19/><G27/><T67/><D5/><U15/><E51/><V117/><F85/><W100/><G65/><T43/><D29/><U78/><E40/><V94/><F105/><W8/><G33/><T89/><D43/><U9/><E92/><V64/><F64/><W13/><G26/><T79/><D67/><U58/><E78/><V49/><F49/><W81/><G81/><T80/><D77/><U112/><E112/><V6/><F4/><W60/><G60/><T99/><D99/><U24/><E58/><V86/><F86/><W55/><G95/><T41/><D41/><U87/><E87/><V30/><F30/><W68/><REACH who="3" step="1"/><G68/><REACH who="3" ten="295,225,142,328" step="2"/><T128/><D128/><U22/><E62/><V122/><F122/><W25/><G25/><N who="0" m="14583" /><D73/><U42/><E24/><V47/><F117/><W0/><G0/><T88/><D72/><U130/><E130/><V82/><F82/><W21/><G21/><T63/><D63/><U54/><E20/><RYUUKYOKU ba="0,1" sc="295,15,225,-15,142,-15,328,15" hai0="50,52,53,57,74,79,80,88,89,90" hai3="8,13,19,36,37,45,48,55,98,100,102,106,107" /><INIT seed="2,1,1,2,0,125" ten="310,210,127,343" oya="2" hai0="79,5,82,97,16,62,1,37,101,110,81,108,20" hai1="2,135,65,51,60,45,124,99,47,32,74,102,57" hai2="41,132,34,103,13,4,3,90,18,29,89,25,58" hai3="86,77,46,116,27,87,76,59,33,55,8,123,68"/><V112/><F112/><W78/><G68/><T63/><D37/><U56/><E74/><V52/><F132/><W43/><G123/><T48/><D1/><U66/><E2/><V120/><F103/><W54/><G116/><T115/><D115/><U92/><E32/><V71/><F71/><W75/><G75/><N who="0" m="43263" /><D5/><U61/><E135/><V30/><F30/><W104/><G104/><N who="0" m="63535" /><D48/><U14/><E124/><V11/><F41/><W0/><G0/><T96/><D96/><U117/><E117/><V70/><F70/><W83/><G33/><T24/><D82/><U64/><E64/><V28/><F28/><W94/><G27/><T127/><D127/><U15/><E47/><V122/><F122/><W67/><G8/><T17/><D17/><U39/><E39/><V91/><F120/><W100/><G67/><T22/><D22/><U80/><E80/><V72/><F72/><W7/><G7/><T19/><D19/><U36/><E36/><V105/><F105/><W31/><G31/><T53/><D53/><AGARI ba="1,1" hai="14,15,45,51,53,56,57,60,61,65,66,92,99,102" machi="53" ten="30,3900,0" yaku="7,1,9,1,8,1" doraHai="125" who="1" fromWho="0" sc="310,-42,210,52,127,0,343,0" /><INIT seed="3,0,0,0,2,64" ten="268,262,127,343" oya="3" hai0="134,56,48,135,58,87,91,27,35,113,6,8,17" hai1="93,132,112,60,44,33,111,105,66,96,94,2,103" hai2="19,62,3,97,79,36,14,129,0,83,53,23,46" hai3="22,21,78,131,32,120,73,128,45,51,31,88,117"/><W72/><G117/><T52/><D113/><U50/><E2/><V65/><F129/><N who="3" m="49739" /><G120/><T100/><D100/><U11/><E11/><V125/><F125/><W57/><G57/><N who="0" m="32903" /><D27/><U24/><E112/><V99/><F0/><W101/><G101/><T82/><D17/><U41/><E132/><N who="0" m="50729" /><D35/><U95/><E111/><V15/><F3/><AGARI ba="0,0" hai="3,6,8,56,58,82,87,91" m="50729,32903" machi="3" ten="30,2000,0" yaku="20,1,54,1" doraHai="64" who="0" fromWho="2" sc="268,20,262,0,127,-20,343,0" /><INIT seed="4,0,0,5,3,2" ten="288,262,107,343" oya="0" hai0="132,1,125,25,40,39,130,31,47,94,84,69,128" hai1="119,71,35,21,52,8,68,109,6,59,78,75,115" hai2="111,120,98,85,63,124,95,57,105,102,34,129,41" hai3="42,66,123,64,12,96,93,24,83,89,92,36,80"/><T113/><D113/><U77/><E35/><V101/><F34/><W43/><G36/><T131/><D1/><U104/><E104/><V99/><F41/><N who="3" m="15371" /><G24/><T122/><D69/><U86/><E75/><V67/><F120/><W91/><G12/><T53/><D122/><U14/><E119/><V49/><F111/><W55/><G55/><T100/><D53/><U110/><E115/><V19/><F129/><W73/><G73/><T46/><D46/><U30/><E71/><V87/><F124/><W26/><G26/><T0/><D0/><U32/><E32/><V82/><F49/><W106/><G106/><T5/><D125/><U54/><E68/><V112/><F112/><W23/><G23/><N who="0" m="15807" /><D132/><U79/><E54/><V126/><F126/><W133/><G133/><T45/><D45/><U108/><E21/><V121/><F121/><W70/><G70/><T88/><D100/><U13/><E30/><V56/><F19/><W90/><G96/><T18/><D18/><U135/><E135/><V44/><F44/><W58/><G123/><T62/><D62/><U65/><E14/><V28/><F28/><W33/><G33/><T27/><D27/><U76/><E65/><N who="3" m="25194" /><G58/><T3/><D3/><U72/><E72/><V97/><F56/><W61/><G61/><T7/><AGARI ba="0,0" hai="5,7,39,40,47,84,88,94,128,130,131" m="15807" machi="7" ten="40,12000,1" yaku="19,1,52,2,54,1" doraHai="2" who="0" fromWho="0" sc="288,120,262,-40,107,-40,343,-40" /><INIT seed="4,1,0,4,2,30" ten="408,222,67,303" oya="0" hai0="89,117,13,45,21,135,126,90,37,81,43,17,39" hai1="7,120,16,80,83,131,72,86,34,111,100,61,15" hai2="67,51,59,36,66,60,55,124,76,25,97,82,9" hai3="46,38,32,14,91,105,73,121,123,122,56,22,0"/><T52/><D117/><U24/><E111/><V11/><F124/><W106/><G56/><T6/><D126/><U26/><E100/><V125/><F125/><W47/><G91/><T8/><D135/><U48/><E120/><V107/><F36/><W95/><G95/><T132/><D132/><U42/><E80/><V114/><F66/><W29/><G14/><T85/><D52/><U68/><E72/><V12/><F114/><W27/><G22/><T20/><D20/><U40/><E131/><V93/><F107/><N who="3" m="40971" /><G47/><T28/><D28/><U3/><E26/><V99/><F25/><W75/><G0/><T119/><D119/><U88/><E68/><V87/><F97/><W116/><G116/><T130/><D130/><U71/><E71/><V98/><F11/><W79/><G79/><T33/><D89/><U41/><E61/><V74/><F93/><W115/><G115/><T110/><D110/><U54/><E3/><V77/><F77/><W35/><G35/><T65/><D65/><U53/><E7/><V101/><F101/><W118/><G118/><T57/><D57/><U31/><REACH who="1" step="1"/><E48/><REACH who="1" ten="408,212,67,303" step="2"/><V94/><F74/><W1/><G1/><T104/><D39/><U112/><E112/><V10/><F94/><W2/><G2/><T62/><D104/><U78/><E78/><V69/><F9/><AGARI ba="1,1" hai="9,15,16,24,31,34,40,41,42,53,54,83,86,88" machi="9" ten="40,8000,1" yaku="1,1,52,1,54,2,53,1" doraHai="30" doraHaiUra="4" who="1" fromWho="2" sc="408,0,212,93,67,-83,303,0" owari="408,51.0,305,11.0,-16,-52.0,303,-10.0" /></mjloggm>