<mjloggm ver="2.3"><GO type="169"/><UN n0="%E5%8F%AF%E7%87%83%E6%80%A7%E9%AB%98%E5%9C%A7%E3%82%AC%E3%82%B9" n1="%EF%BC%88%E2%89%A7%E2%96%BD%E2%89%A6%EF%BC%89" n2="%43%2D%E3%83%93%E3%83%83%E3%82%AF" n3="%E6%9D%A5%E6%A0%96%E9%B3%A5" dan="16,16,17,16" rate="2056,2085,2149,2117" sx="M,M,M,M"/><TAIKYOKU oya="0"/><INIT seed="0,0,0,3,1,16" ten="250,250,250,250" oya="0" hai0="133,104,106,74,75,4,100,93,120,60,88,94,46" hai1="117,119,116,91,118,96,49,30,80,79,102,53,121" hai2="123,6,78,67,36,26,42,125,131,135,111,19,32" hai3="128,39,23,126,99,113,22,2,112,66,124,55,52"/><T69/><D4/><U0/><E121/><V63/><F123/><W14/><G39/><T90/><D46/><U3/><E91/><N who="0" m="34857" /><D60/><U45/><E30/><V28/><F78/><W43/><G2/><T101/><D69/><U84/><N who="1" m="29696" /><DORA hai="7" /><U73/><REACH who="1" step="1"/><E73/><REACH who="1" ten="250,240,250,250" step="2"/><N who="0" m="27657" /><D133/><U109/><E109/><V12/><F111/><W37/><G113/><T11/><D120/><U114/><E114/><V85/><F28/><W97/><G112/><T51/><D51/><U33/><E33/><V129/><F32/><W82/><G37/><T31/><D31/><U29/><E29/><V21/><F135/><W105/><G124/><T77/><D77/><U130/><E130/><V62/><F129/><W89/><G126/><T86/><D86/><U98/><E98/><V115/><F85/><N who="3" m="50359" /><G128/><T61/><D61/><U8/><E8/><V95/><F63/><W68/><G99/><N who="0" m="59503" /><D11/><U18/><E18/><V10/><F19/><W1/><G68/><T83/><D83/><U65/><E65/><V64/><F67/><W9/><G66/><T59/><D59/><U20/><E20/><V5/><F21/><W87/><G23/><T76/><D76/><U92/><AGARI ba="0,1" hai="0,3,45,49,53,79,80,84,92,96,102" m="29696" machi="92" ten="60,7900,0" yaku="1,1,0,1,53,1" doraHai="16,7" doraHaiUra="71,48" who="1" fromWho="1" sc="250,-39,240,89,250,-20,250,-20" /><INIT seed="1,0,0,0,2,31" ten="211,329,230,230" oya="1" hai0="47,87,33,63,72,1,41,75,117,42,23,114,109" hai1="118,27,100,20,124,4,111,43,99,84,133,71,49" hai2="24,5,46,132,131,53,21,103,92,15,89,59,22" hai3="32,120,2,125,56,129,76,105,44,13,52,112,62"/><U6/><E118/><V106/><F106/><W45/><G105/><T58/><D117/><U68/><E133/><V73/><F73/><W78/><G112/><T91/><D1/><U25/><E124/><V94/><F132/><W135/><G2/><T36/><D114/><U110/><E84/><V90/><F46/><W54/><G120/><T28/><D109/><N who="1" m="41483" /><E43/><V30/><F131/><W127/><G32/><T74/><D23/><U101/><E49/><V107/><F107/><W134/><G54/><T85/><D42/><U0/><E0/><V10/><F22/><W93/><G93/><T70/><D70/><N who="1" m="26667" /><E99/><N who="2" m="59895" /><F92/><W51/><G44/><T95/><D87/><U69/><N who="1" m="26675" /><U18/><DORA hai="115" /><E27/><V19/><F30/><W98/><G129/><T67/><REACH who="0" step="1"/><D28/><REACH who="0" ten="201,329,230,230" step="2"/><U35/><E35/><AGARI ba="0,1" hai="33,35,36,41,47,58,63,67,72,74,75,85,91,95" machi="35" ten="40,8000,1" yaku="1,1,2,1,52,2,53,1" doraHai="31,115" doraHaiUra="130,38" who="0" fromWho="1" sc="201,90,329,-80,230,0,230,0" /><INIT seed="2,0,0,5,4,99" ten="291,249,230,230" oya="2" hai0="80,62,51,47,102,21,68,10,61,11,19,75,44" hai1="38,45,46,129,53,108,48,31,135,91,7,58,18" hai2="92,110,105,107,115,16,25,26,76,20,70,65,117" hai3="72,103,63,33,96,127,81,15,39,97,35,22,55"/><V93/><F115/><W82/><G39/><T120/><D120/><U119/><E119/><V113/><F113/><W69/><G127/><T56/><D68/><U89/><E135/><V36/><F36/><W121/><G96/><T57/><D75/><U132/><E132/><V2/><F2/><W1/><G1/><T106/><D80/><U17/><E129/><V0/><F0/><W124/><G124/><T74/><D74/><U131/><E131/><V84/><F117/><W40/><G40/><T64/><D106/><U88/><E108/><V78/><F110/><W100/><G69/><T30/><D30/><U37/><E7/><V130/><F130/><W85/><G72/><T14/><D102/><N who="3" m="38953" /><G35/><T86/><D86/><U128/><E128/><V134/><F105/><W87/><G33/><T104/><D104/><U5/><E38/><V41/><F70/><W23/><G97/><T50/><D50/><U98/><E37/><V8/><F107/><W101/><G101/><T13/><D51/><U79/><E98/><V49/><F134/><W122/><G15/><T133/><D133/><U83/><E31/><V12/><F12/><W24/><G122/><T66/><D21/><N who="3" m="7689" /><G24/><T9/><D9/><U60/><E5/><AGARI ba="0,0" hai="5,10,11,13,14,19,44,47,56,57,61,62,64,66" machi="5" ten="30,3900,0" yaku="7,1,9,1,8,1" doraHai="99" who="0" fromWho="1" sc="291,39,249,-39,230,0,230,0" /><INIT seed="3,0,0,3,3,37" ten="330,210,230,230" oya="3" hai0="122,110,41,17,59,118,82,39,63,97,52,95,60" hai1="119,135,65,117,131,56,99,49,83,6,14,127,0" hai2="18,102,21,24,8,15,43,61,85,2,5,114,67" hai3="10,104,51,4,40,123,112,20,50,113,22,27,69"/><W120/><G69/><T23/><D118/><U54/><E0/><V44/><F114/><W132/><G104/><T78/><D122/><U29/><E135/><V3/><F102/><W47/><G132/><T84/><D110/><U103/><E131/><V91/><F61/><W94/><G22/><T81/><D81/><U12/><E127/><V96/><F96/><W25/><G25/><T77/><D77/><U38/><E38/><V115/><F67/><W32/><G32/><T34/><D34/><U73/><E29/><V55/><F115/><W125/><G125/><T76/><D76/><N who="1" m="44431" /><E65/><V111/><F111/><W19/><G112/><T68/><D68/><U121/><E6/><V86/><F55/><W35/><G35/><T109/><D109/><U64/><E64/><V100/><F100/><W45/><G113/><T101/><D39/><U79/><E79/><V74/><F74/><W98/><G94/><T90/><D63/><U134/><E134/><V58/><F58/><W9/><G98/><T31/><D31/><U70/><E70/><V30/><F91/><W80/><G80/><T128/><D128/><U124/><E124/><V13/><F3/><W107/><G107/><T105/><D105/><N who="1" m="63743" /><E121/><N who="3" m="46666" /><G4/><T33/><D33/><U28/><E28/><V129/><F129/><W42/><G10/><T92/><D92/><U53/><E53/><V108/><F108/><W57/><G9/><T87/><D78/><U26/><E26/><V106/><F106/><W130/><G130/><T46/><D52/><U71/><E71/><V66/><F8/><W133/><G133/><T62/><D23/><RYUUKYOKU ba="0,0" sc="330,-15,210,15,230,-15,230,15" hai1="12,14,49,54,56,117,119" hai3="19,20,27,40,42,45,47,50,51,57" /><INIT seed="3,1,0,0,4,69" ten="315,225,215,245" oya="3" hai0="25,28,48,98,41,36,63,110,2,57,49,92,39" hai1="125,73,97,47,75,84,55,59,72,6,82,40,60" hai2="103,111,79,99,81,56,46,87,26,96,129,52,94" hai3="121,122,61,3,8,86,42,29,64,74,131,88,71"/><W123/><G131/><T83/><D2/><U14/><E125/><V124/><F124/><W120/><G74/><T66/><D83/><U128/><E128/><V18/><F129/><W37/><N who="3" m="30720" /><DORA hai="15" /><W27/><G8/><T130/><D130/><U13/><E97/><N who="2" m="59831" /><F46/><W67/><G3/><T65/><D65/><U20/><E20/><N who="2" m="13591" /><F111/><W107/><G107/><T119/><D119/><U77/><REACH who="1" step="1"/><E6/><REACH who="1" ten="315,215,215,245" step="2"/><V62/><AGARI ba="1,1" hai="52,56,62,79,81,87,96,99" m="13591,59831" machi="62" ten="30,4000,0" yaku="8,1,52,1,54,1" doraHai="69,15" who="2" fromWho="2" sc="315,-11,215,-11,215,53,245,-21" /><INIT seed="4,0,0,1,0,5" ten="304,204,268,224" oya="0" hai0="129,65,9,31,87,16,102,96,67,50,11,107,10" hai1="17,19,20,43,22,117,73,47,18,49,37,100,103" hai2="41,92,45,40,84,60,53,97,83,71,88,95,64" hai3="135,110,12,72,76,58,23,127,2,86,3,24,8"/><T6/><D31/><U126/><E117/><V113/><F113/><W108/><G72/><T69/><D129/><U101/><E126/><V115/><F115/><W38/><G38/><T134/><D134/><U132/><E132/><V48/><REACH who="2" step="1"/><F95/><REACH who="2" ten="304,204,258,224" step="2"/><W13/><G135/><T21/><D50/><U25/><E73/><V42/><F42/><W114/><G114/><T61/><D67/><U124/><E124/><V46/><F46/><W63/><G127/><T62/><D62/><U4/><E37/><V116/><F116/><W30/><G110/><T15/><REACH who="0" step="1"/><D87/><REACH who="0" ten="294,204,258,224" step="2"/><U33/><E49/><V89/><AGARI ba="0,2" hai="40,41,45,48,53,60,64,71,83,84,88,89,92,97" machi="89" ten="20,5200,0" yaku="1,1,0,1,7,1,54,1,53,0" doraHai="5" doraHaiUra="128" who="2" fromWho="2" sc="294,-26,204,-13,258,72,224,-13" /><INIT seed="5,0,0,3,3,80" ten="268,191,330,211" oya="1" hai0="35,19,53,107,103,134,110,42,114,51,76,21,24" hai1="62,32,58,39,2,118,33,129,127,95,73,121,64" hai2="131,48,101,25,115,82,10,132,63,11,70,59,90" hai3="102,113,30,3,23,97,108,54,52,45,28,111,88"/><U18/><E121/><V8/><F70/><W26/><G3/><T74/><D110/><U61/><E118/><V117/><F117/><W99/><G113/><T67/><D114/><U135/><E73/><V85/><F132/><W92/><G108/><T86/><D134/><U17/><E135/><V60/><F131/><W122/><G122/><T96/><D42/><U133/><E133/><V1/><F1/><W27/><G45/><T13/><D67/><U38/><E129/><V68/><F101/><W69/><G69/><T112/><D112/><U130/><E130/><V123/><F123/><W75/><G75/><T36/><D36/><U119/><E119/><V84/><F68/><W37/><G37/><T100/><D100/><U9/><E2/><V15/><F25/><W20/><G111/><T128/><D74/><U94/><E64/><V41/><F15/><W98/><G97/><T126/><D126/><U125/><E9/><V44/><F115/><W89/><G89/><T81/><D128/><U65/><E65/><N who="2" m="39071" /><F63/><W66/><G66/><T31/><D53/><U116/><E116/><V78/><F10/><W71/><G71/><T106/><REACH who="0" step="1"/><D51/><REACH who="0" ten="258,191,330,211" step="2"/><U57/><AGARI ba="0,1" hai="17,18,32,33,38,39,57,58,61,62,94,95,125,127" machi="57" ten="25,4800,0" yaku="0,1,22,2" doraHai="80" who="1" fromWho="1" sc="258,-16,191,58,330,-16,211,-16" /><INIT seed="5,1,0,5,4,16" ten="242,249,314,195" oya="1" hai0="14,38,100,113,6,110,76,96,17,104,75,9,84" hai1="89,101,5,46,51,68,41,64,65,30,116,86,27" hai2="92,56,21,99,1,132,59,60,39,31,83,70,57" hai3="112,95,54,11,97,26,43,47,130,3,49,121,125"/><U102/><E116/><V42/><F1/><W52/><G121/><T129/><D110/><U90/><E5/><V114/><F39/><W58/><G112/><T69/><D69/><U4/><E4/><V22/><F42/><W107/><G107/><T25/><D38/><U123/><E123/><V8/><F8/><W62/><G130/><T33/><D129/><U20/><E89/><V88/><F31/><W19/><G3/><T117/><D117/><U118/><E118/><V7/><F7/><W36/><G125/><T10/><D113/><U71/><E71/><V24/><F24/><W72/><G72/><T32/><D75/><U73/><E73/><V111/><F111/><W134/><G134/><T18/><D18/><U50/><E50/><V108/><F108/><W13/><G26/><T98/><D98/><U15/><E15/><V61/><F132/><W55/><REACH who="3" step="1"/><G36/><REACH who="3" ten="242,249,314,185" step="2"/><T53/><D25/><U127/><E127/><V94/><F114/><W119/><G119/><T77/><D104/><U122/><E122/><V103/><F61/><W82/><G82/><T78/><D14/><U93/><REACH who="1" step="1"/><E68/><REACH who="1" ten="242,239,314,185" step="2"/><V12/><F70/><W79/><G79/><T67/><D76/><U37/><E37/><V115/><F115/><W80/><G80/><T35/><D78/><U29/><E29/><V81/><F83/><W23/><G23/><T106/><D77/><U109/><E109/><V28/><F22/><W48/><G48/><T0/><D0/><U105/><E105/><V34/><F21/><W2/><G2/><T128/><D106/><U120/><E120/><V85/><F81/><RYUUKYOKU ba="1,2" sc="242,-15,239,15,314,-15,185,15" hai1="20,27,30,41,46,51,64,65,86,90,93,101,102" hai3="11,13,19,43,47,49,52,54,55,58,62,95,97" /><INIT seed="5,2,2,1,3,13" ten="227,254,299,200" oya="1" hai0="36,122,100,78,107,46,83,126,88,70,118,134,15" hai1="0,5,34,111,14,123,50,102,21,101,7,77,135" hai2="39,69,10,3,127,38,33,30,49,106,17,103,47" hai3="128,97,45,64,98,61,57,48,74,16,41,96,73"/><U28/><E123/><V37/><F69/><W54/><G128/><T59/><D118/><U71/><E71/><V23/><F127/><W105/><G105/><T131/><D70/><U12/><E111/><V130/><F130/><W91/><G91/><T82/><D131/><U67/><E67/><V92/><F106/><W2/><G2/><T120/><D126/><U6/><E135/><V114/><F114/><W56/><REACH who="3" step="1"/><G16/><REACH who="3" ten="227,254,299,190" step="2"/><T29/><D107/><U108/><E0/><V125/><F17/><W94/><G94/><T79/><D100/><U115/><E115/><V26/><F92/><W32/><G32/><T52/><D29/><U25/><E34/><V20/><F30/><W133/><G133/><T27/><D134/><U112/><E112/><V99/><F103/><W35/><G35/><T22/><D15/><N who="1" m="5675" /><E108/><V90/><F3/><W8/><G8/><T68/><D120/><U18/><E77/><V9/><F10/><W116/><G116/><T44/><D122/><U24/><E28/><V60/><F9/><W4/><G4/><T132/><D132/><U109/><E109/><V72/><F33/><W31/><G31/><N who="0" m="17911" /><D79/><U95/><E25/><V51/><F26/><W58/><G58/><T124/><D78/><U80/><E95/><V86/><F90/><W87/><G87/><N who="0" m="50295" /><D124/><U53/><E80/><V84/><F125/><W63/><AGARI ba="2,3" hai="41,45,48,54,56,57,61,63,64,73,74,96,97,98" machi="63" ten="30,2000,0" yaku="1,1,0,1,53,0" doraHai="13" doraHaiUra="117" who="3" fromWho="3" sc="227,-7,254,-12,299,-7,190,56" /><INIT seed="6,0,0,2,2,17" ten="220,242,292,246" oya="2" hai0="16,31,90,44,86,85,108,39,42,24,14,32,69" hai1="89,41,73,64,66,61,118,96,50,12,34,22,135" hai2="43,8,87,6,57,36,93,18,65,72,19,119,70" hai3="46,45,104,35,58,111,4,116,102,95,82,76,0"/><V130/><F72/><W28/><G111/><T11/><D69/><U33/><E118/><V99/><F119/><W92/><G104/><T110/><REACH who="0" step="1"/><D85/><REACH who="0" ten="210,242,292,246" step="2"/><U37/><E73/><V27/><F87/><W47/><G116/><T56/><D56/><U10/><E135/><V30/><F70/><W112/><G58/><T83/><AGARI ba="0,1" hai="11,14,16,24,31,32,39,42,44,83,86,90,108,110" machi="83" ten="20,8000,1" yaku="1,1,0,1,7,1,54,1,53,1" doraHai="17" doraHaiUra="78" who="0" fromWho="0" sc="210,90,242,-20,292,-40,246,-20" /><INIT seed="7,0,0,1,2,86" ten="300,222,252,226" oya="3" hai0="104,88,80,62,47,10,84,108,28,13,120,97,57" hai1="25,6,53,101,103,102,14,12,111,4,50,26,126" hai2="33,2,1,134,23,119,63,133,20,39,3,72,89" hai3="18,127,65,110,51,106,37,90,60,54,48,105,87"/><W15/><G37/><T118/><D108/><U55/><E126/><V21/><F39/><W45/><G110/><T76/><D118/><U129/><E129/><V31/><F72/><W107/><G51/><T135/><D120/><U24/><E111/><V123/><F63/><W78/><G78/><T36/><D28/><U8/><REACH who="1" step="1"/><E50/><REACH who="1" ten="300,212,252,226" step="2"/><V64/><F123/><W94/><G127/><T11/><D36/><U100/><N who="1" m="25600" /><DORA hai="131" /><U0/><E0/><V67/><F2/><W124/><G124/><T125/><D125/><U68/><E68/><V117/><F1/><W91/><G91/><T96/><D104/><U128/><E128/><V112/><F3/><W61/><REACH who="3" step="1"/><G65/><REACH who="3" ten="300,212,252,216" step="2"/><N who="0" m="39119" /><D88/><U44/><E44/><V42/><F89/><W5/><G5/><N who="0" m="3279" /><D47/><U59/><E59/><V46/><F46/><W22/><AGARI ba="0,2" hai="15,18,22,45,48,54,60,61,87,90,94,105,106,107" machi="22" ten="30,6000,0" yaku="1,1,0,1,52,1,53,0" doraHai="86,131" doraHaiUra="30,130" who="3" fromWho="3" sc="300,-20,212,-20,252,-20,216,80" /><INIT seed="7,1,0,2,0,103" ten="280,192,232,296" oya="3" hai0="12,57,8,13,77,134,50,74,87,34,80,93,122" hai1="49,125,86,1,25,37,120,55,85,33,23,123,82" hai2="70,91,76,6,28,84,133,18,106,43,90,71,54" hai3="63,52,99,88,51,101,7,44,36,24,40,118,127"/><W104/><G127/><T0/><D122/><U96/><E125/><V126/><F126/><W9/><G118/><T78/><D34/><U5/><E37/><V92/><F43/><W130/><G130/><T27/><D134/><U110/><E33/><V109/><F109/><W61/><G88/><N who="0" m="51303" /><D74/><U29/><E110/><V129/><F76/><N who="0" m="29290" /><D0/><U38/><E38/><V31/><F71/><W117/><G24/><T4/><D93/><U108/><E108/><V95/><F70/><W22/><G22/><T60/><D27/><U56/><E96/><V41/><F41/><W2/><G117/><T83/><D83/><U66/><E66/><V45/><F129/><W107/><G107/><T89/><D89/><U135/><E135/><V111/><F91/><W131/><G131/><T73/><D73/><U26/><E26/><V102/><F92/><W64/><G64/><N who="0" m="38927" /><D13/><U59/><E59/><AGARI ba="1,0" hai="2,7,9,36,40,44,51,52,59,61,63,99,101,104" machi="59" ten="30,5800,0" yaku="7,1,52,1,54,1" doraHai="103" who="3" fromWho="1" sc="280,0,192,-61,232,0,296,61" owari="280,8.0,131,-37.0,232,-17.0,357,46.0" /></mjloggm>