<mjloggm ver="2.3"><GO type="41"/><UN n0="%E9%A6%99%E5%9D%82%E5%BC%BE%E6%AD%A3" n1="%EF%BC%88%E2%89%A7%E2%96%BD%E2%89%A6%EF%BC%89" n2="%E9%9D%92%E3%82%AA%E3%83%BC%E3%83%A9%EF%BC%88%E5%A4%A7%EF%BC%89" n3="%E3%83%9D%E3%83%9D%E3%83%AD%E7%95%B0%E4%B8%96%E7%95%8C" dan="13,17,13,15" rate="1815,2113,1977,1996" sx="M,M,M,M"/><TAIKYOKU oya="0"/><INIT seed="0,0,0,1,4,10" ten="250,250,250,250" oya="0" hai0="16,98,117,47,12,55,14,5,11,57,128,130,72" hai1="59,131,24,79,64,73,134,76,28,104,9,77,50" hai2="20,29,78,123,69,6,42,122,94,103,84,93,107" hai3="7,8,53,23,63,115,41,49,31,19,75,58,44"/><T48/><D117/><U95/><E104/><V91/><F69/><W129/><G115/><T82/><D72/><U51/><E134/><V68/><F68/><W96/><G75/><T66/><D82/><U102/><E73/><V1/><F1/><W54/><G129/><N who="0" m="49771" /><D98/><N who="1" m="59743" /><E131/><V85/><F6/><W86/><G96/><T36/><D36/><U106/><E9/><V30/><F42/><W43/><G86/><T90/><D90/><U92/><E92/><V121/><F20/><W65/><G31/><T112/><D112/><U88/><E88/><V135/><F135/><W125/><G125/><T101/><D101/><U3/><E3/><V22/><F22/><W83/><G83/><T52/><D66/><U116/><E106/><V46/><F78/><W56/><G65/><T89/><D89/><U34/><E34/><V38/><F103/><W33/><G33/><T133/><D133/><U35/><E116/><V113/><F107/><W109/><G43/><T67/><D67/><U60/><E77/><V71/><F113/><W17/><G41/><N who="0" m="24687" /><D57/><U0/><E0/><V25/><F91/><W4/><G58/><T111/><D111/><U40/><E40/><V27/><F123/><W74/><G109/><T37/><D37/><U13/><E79/><V15/><F38/><W26/><G74/><T87/><D87/><U132/><E132/><V127/><F122/><W81/><G81/><T61/><D61/><U118/><E118/><V18/><F121/><W126/><G126/><T62/><D62/><U108/><E108/><V99/><F127/><W45/><G45/><T70/><D70/><RYUUKYOKU ba="0,0" sc="250,15,250,-15,250,-15,250,15" hai0="5,11,12,14,16,52,55" hai3="4,7,8,17,19,23,26,44,49,53,54,56,63" /><INIT seed="0,1,0,0,3,117" ten="265,235,235,265" oya="0" hai0="128,33,108,97,118,88,16,123,61,10,42,129,20" hai1="98,80,1,122,112,24,92,49,77,110,56,52,121" hai2="103,86,96,46,100,55,116,30,76,21,5,47,83" hai3="45,125,9,68,59,29,85,84,94,106,126,67,22"/><T72/><D118/><U37/><E37/><V71/><F116/><W132/><G106/><T13/><D33/><U66/><E1/><V73/><F71/><W44/><G68/><T111/><D72/><U17/><E66/><V34/><F34/><W101/><G132/><T15/><D42/><U4/><E4/><V65/><F65/><W127/><G9/><T28/><D61/><U0/><E0/><V78/><F78/><W31/><G101/><T81/><D123/><U75/><E110/><N who="0" m="42025" /><D28/><N who="3" m="10825" /><G22/><T48/><D48/><U63/><E49/><V18/><F73/><W104/><G104/><T2/><D2/><U74/><E74/><V90/><F76/><W115/><G115/><T36/><D36/><U119/><E112/><V79/><F79/><W38/><G38/><T7/><D97/><U105/><E119/><V8/><F30/><W70/><G70/><T25/><D25/><U135/><E135/><V95/><F103/><W35/><G35/><T26/><D26/><U133/><E133/><V54/><F46/><N who="3" m="18027" /><G94/><T109/><D109/><U120/><E105/><V130/><F47/><W60/><AGARI ba="1,0" hai="59,60,67,84,85,125,126,127" m="18027,10825" machi="60" ten="40,1500,0" yaku="18,1" doraHai="117" who="3" fromWho="3" sc="265,-8,235,-5,235,-5,265,18" /><INIT seed="1,0,0,0,5,52" ten="257,230,230,283" oya="1" hai0="102,79,129,95,46,21,43,63,118,94,121,132,35" hai1="44,19,20,27,116,113,77,99,37,0,36,39,127" hai2="106,87,98,40,50,96,115,71,47,78,125,53,90" hai3="123,76,70,119,108,42,18,10,101,93,97,107,74"/><U135/><E116/><V126/><F71/><W31/><G70/><T45/><D118/><U24/><E113/><V83/><F115/><W17/><G31/><T51/><D35/><U67/><E0/><V84/><F40/><W48/><G123/><T7/><D121/><U66/><E135/><V128/><F128/><W120/><G120/><T105/><D132/><U103/><E77/><V8/><F8/><W73/><G108/><T91/><D129/><U133/><E133/><V65/><F65/><W111/><G111/><T2/><D105/><U1/><E1/><V114/><F114/><W62/><G62/><T58/><D2/><U60/><E127/><N who="2" m="48651" /><F106/><W22/><G10/><T25/><D7/><U57/><E67/><V30/><F30/><W131/><G131/><T49/><D79/><U81/><E81/><AGARI ba="0,0" hai="47,50,53,78,81,83,84,87,90,96,98" m="48651" machi="81" ten="30,1000,0" yaku="18,1" doraHai="52" who="2" fromWho="1" sc="257,0,230,-10,230,10,283,0" /><INIT seed="2,0,0,1,1,11" ten="257,220,240,283" oya="2" hai0="103,25,5,2,87,63,74,30,91,129,19,58,86" hai1="42,18,122,112,128,73,88,49,20,55,64,77,95" hai2="33,120,60,1,66,82,53,81,67,43,110,44,133" hai3="3,21,4,14,39,124,75,115,130,131,99,41,111"/><V29/><F120/><W98/><G75/><T27/><D74/><U85/><E112/><V96/><F1/><W34/><G34/><T17/><D2/><U36/><E122/><V22/><F33/><W78/><G78/><T109/><D5/><U94/><E128/><N who="3" m="49194" /><G124/><T108/><D129/><U57/><E64/><V12/><F133/><W119/><G119/><T38/><D38/><U40/><E36/><V104/><F110/><N who="0" m="42602" /><D103/><U52/><E55/><V123/><F123/><W7/><G115/><T101/><D101/><U90/><E77/><V37/><F53/><W45/><G3/><T16/><D30/><U23/><E73/><V80/><F60/><W6/><G111/><T102/><D102/><U105/><E105/><V92/><F104/><W56/><G56/><T48/><D48/><U28/><E28/><V15/><F29/><W54/><G54/><N who="0" m="34263" /><D86/><N who="1" m="52503" /><E23/><V89/><REACH who="2" step="1"/><F22/><REACH who="2" ten="257,220,230,283" step="2"/><W51/><G21/><T97/><D25/><AGARI ba="0,1" hai="18,20,25,40,42,49,52,57,85,90,95" m="52503" machi="25" ten="30,3900,0" yaku="8,1,54,2" doraHai="11" who="1" fromWho="0" sc="257,-39,220,49,230,0,283,0" /><INIT seed="3,0,0,3,3,51" ten="218,269,230,283" oya="3" hai0="116,93,36,30,12,28,77,47,46,22,70,67,11" hai1="84,18,1,132,6,122,59,64,13,55,44,15,127" hai2="82,100,95,32,117,79,75,21,126,130,124,97,125" hai3="81,40,2,8,20,94,48,69,66,34,50,53,92"/><W87/><G34/><T0/><D116/><U37/><E122/><V105/><F32/><W68/><G68/><T76/><D0/><U83/><E132/><V109/><F117/><W39/><G69/><T96/><D70/><U26/><E127/><V16/><F109/><W123/><G123/><T49/><D67/><U133/><E133/><V41/><F130/><W38/><G66/><T119/><D119/><U61/><E1/><V33/><F33/><W42/><G39/><T120/><D120/><U45/><E37/><V63/><F41/><N who="3" m="15979" /><G38/><T29/><D36/><U102/><E102/><V118/><F118/><W23/><G2/><T114/><D114/><U10/><E26/><V135/><F135/><W78/><G8/><T129/><D129/><U65/><E65/><V80/><F80/><W74/><G74/><T131/><D131/><U71/><E64/><V85/><F63/><W31/><G48/><T104/><D104/><U52/><E55/><V56/><F56/><N who="3" m="32823" /><G31/><T58/><D58/><U62/><E62/><V99/><F75/><W17/><G20/><T14/><D22/><N who="1" m="11615" /><E71/><V106/><REACH who="2" step="1"/><F99/><REACH who="2" ten="218,269,220,283" step="2"/><W25/><AGARI ba="0,1" hai="17,23,25,78,81,87,92,94" m="32823,15979" machi="25" ten="30,3000,0" yaku="8,1,52,1" doraHai="51" who="3" fromWho="3" sc="218,-10,269,-10,220,-10,283,40" /><INIT seed="3,1,0,0,3,77" ten="208,259,210,323" oya="3" hai0="113,122,63,45,125,11,106,2,58,85,128,59,6" hai1="98,60,107,109,103,40,27,84,8,69,12,120,25" hai2="74,29,42,104,55,21,93,22,105,14,16,117,135" hai3="4,57,17,49,124,127,52,87,129,71,130,30,70"/><W86/><G30/><T81/><D122/><U72/><E120/><V114/><F117/><W115/><G4/><T34/><D34/><U76/><E72/><V32/><F32/><W61/><G17/><T20/><D106/><U48/><E109/><V121/><F114/><W56/><G86/><T26/><D113/><U33/><E33/><V10/><F121/><W28/><G87/><T65/><D128/><N who="3" m="49257" /><G28/><T92/><D125/><N who="3" m="48201" /><G115/><T91/><D45/><U90/><E76/><V7/><F74/><W123/><G123/><T118/><D118/><U132/><E25/><V43/><F29/><W36/><G36/><T133/><D92/><U108/><E27/><V47/><F93/><W50/><G50/><T41/><D41/><U38/><E38/><V80/><F7/><W99/><G99/><T134/><REACH who="0" step="1"/><D59/><REACH who="0" ten="198,259,210,323" step="2"/><U131/><E40/><V44/><F42/><W37/><G37/><T79/><D79/><U95/><E131/><V89/><F43/><W18/><G18/><AGARI ba="1,1" hai="2,6,11,18,20,26,58,63,65,81,85,91,133,134" machi="18" ten="40,2600,0" yaku="1,1,52,1,53,0" doraHai="77" doraHaiUra="126" who="0" fromWho="3" sc="198,39,259,0,210,0,323,-29" /><INIT seed="4,0,0,3,0,24" ten="237,259,210,294" oya="0" hai0="41,76,67,28,37,52,18,115,8,112,63,71,32" hai1="94,75,20,74,85,127,57,33,132,106,104,43,95" hai2="119,102,61,47,83,17,53,87,27,101,3,103,81" hai3="59,133,62,72,100,79,134,60,128,77,97,86,25"/><T113/><D37/><U10/><E33/><V16/><F3/><W14/><G72/><T107/><D107/><U40/><E20/><V124/><F124/><W117/><G117/><T19/><D41/><U0/><E0/><V49/><F119/><W50/><G128/><T29/><D32/><U56/><E85/><V131/><F131/><W68/><G50/><T109/><D76/><U73/><E73/><V84/><F61/><W120/><G120/><T54/><D109/><U92/><E92/><V116/><F116/><W58/><G68/><T22/><D8/><U51/><E51/><V108/><F108/><W118/><G118/><T70/><D70/><U11/><REACH who="1" step="1"/><E132/><REACH who="1" ten="237,249,210,294" step="2"/><V93/><F93/><N who="3" m="58415" /><G134/><T5/><D22/><U1/><E1/><V90/><REACH who="2" step="1"/><F27/><REACH who="2" ten="237,249,200,294" step="2"/><W135/><G25/><T45/><D115/><U126/><AGARI ba="0,2" hai="10,11,40,43,56,57,74,75,94,95,104,106,126,127" machi="126" ten="25,6400,0" yaku="1,1,0,1,22,2,53,0" doraHai="24" doraHaiUra="46" who="1" fromWho="1" sc="237,-32,249,84,200,-16,294,-16" /><INIT seed="5,0,0,1,5,56" ten="205,333,184,278" oya="1" hai0="103,49,101,39,92,67,91,57,76,110,24,52,25" hai1="96,34,46,70,87,131,5,95,115,79,36,62,125" hai2="37,29,51,66,31,12,105,16,18,120,134,71,13" hai3="116,23,109,55,107,50,68,128,74,20,119,0,38"/><U113/><E34/><V32/><F37/><W98/><G109/><T21/><D110/><U65/><E131/><V93/><F105/><W30/><G38/><T15/><D39/><U28/><E28/><V121/><F71/><W83/><G68/><T100/><D76/><U63/><E5/><V118/><F66/><W43/><G43/><T126/><D126/><U58/><E125/><V41/><F32/><W35/><G0/><T59/><D67/><U81/><E46/><V69/><F69/><W54/><G54/><T123/><D123/><U130/><E130/><V102/><F118/><N who="3" m="45099" /><G35/><T73/><D59/><U106/><E106/><V1/><F1/><W108/><G30/><T72/><D72/><U53/><REACH who="1" step="1"/><E36/><REACH who="1" ten="205,323,184,278" step="2"/><V77/><F29/><W19/><G107/><T61/><D73/><U82/><E82/><V90/><F31/><W127/><G83/><T2/><D2/><U17/><E17/><V8/><F18/><W10/><G74/><T97/><D49/><U84/><E84/><V124/><F51/><W132/><G50/><T88/><D88/><AGARI ba="0,1" hai="53,58,62,63,65,70,79,81,87,88,95,96,113,115" machi="88" ten="40,12000,1" yaku="1,1,52,2,54,1,53,1" doraHai="56" doraHaiUra="78" who="1" fromWho="0" sc="205,-120,323,130,184,0,278,0" /><INIT seed="5,1,0,3,4,25" ten="85,453,184,278" oya="1" hai0="79,26,45,0,47,61,8,15,90,91,89,41,17" hai1="49,69,109,63,105,28,92,121,11,129,46,44,81" hai2="39,133,101,75,36,85,77,93,10,126,111,82,128" hai3="134,1,71,70,53,76,34,117,100,73,29,104,125"/><U21/><E105/><V122/><F122/><W64/><G53/><T96/><D0/><U2/><E121/><V18/><F111/><W115/><G115/><T13/><D79/><U43/><E129/><V103/><F128/><W24/><G134/><T108/><D108/><U66/><E109/><V48/><F126/><W6/><G125/><T56/><D13/><U57/><E81/><V78/><F133/><W55/><G55/><T38/><D45/><U124/><E124/><V14/><F36/><W95/><G95/><T132/><D132/><U50/><E69/><V7/><F39/><W83/><G117/><T88/><N who="0" m="23040" /><DORA hai="23" /><T30/><D96/><U62/><E62/><V27/><F93/><W97/><G64/><T74/><D74/><U123/><E92/><V113/><F113/><W118/><G118/><T86/><D86/><U110/><E123/><V99/><F99/><W40/><G40/><T51/><D38/><U60/><E60/><V131/><F131/><W31/><G31/><T22/><D61/><U87/><E87/><V84/><F75/><W116/><G116/><T80/><REACH who="0" step="1"/><D80/><REACH who="0" ten="75,453,184,278" step="2"/><U54/><E2/><V120/><F120/><W68/><REACH who="3" step="1"/><G68/><REACH who="3" ten="75,453,184,268" step="2"/><T130/><D130/><U9/><E110/><V59/><F82/><W32/><G32/><T52/><D52/><U16/><E54/><V107/><F84/><W67/><G67/><T72/><D72/><U35/><E66/><V4/><F85/><W42/><G42/><T65/><D65/><U127/><E43/><V135/><F135/><W119/><G119/><T98/><D98/><U33/><E127/><RYUUKYOKU ba="1,2" sc="75,15,453,-15,184,-15,268,15" hai0="8,15,17,22,26,30,41,47,51,56" hai3="1,6,24,29,34,70,71,73,76,83,97,100,104" /><INIT seed="6,2,2,5,3,113" ten="90,438,169,283" oya="2" hai0="124,25,87,65,8,132,32,52,94,82,92,28,31" hai1="131,12,35,72,101,23,46,102,30,107,60,55,15" hai2="95,2,66,83,69,98,54,110,14,58,127,108,116" hai3="84,114,126,80,103,45,44,77,6,117,59,106,64"/><V129/><F2/><W119/><G114/><T130/><D28/><U26/><E72/><V0/><F0/><W118/><G126/><T10/><D124/><U97/><E131/><V115/><F115/><W76/><G6/><T93/><D130/><U5/><E35/><V57/><F129/><W27/><G77/><T3/><D3/><U21/><E5/><V85/><F127/><W20/><G103/><N who="1" m="39434" /><E97/><V78/><F69/><W11/><G11/><T112/><D112/><U120/><E107/><V109/><F66/><W53/><G64/><T121/><D65/><U24/><E120/><V29/><F29/><W125/><G106/><T133/><D121/><U104/><E104/><V68/><F68/><W48/><REACH who="3" step="1"/><G125/><REACH who="3" ten="90,438,169,273" step="2"/><T89/><REACH who="0" step="1"/><D52/><REACH who="0" ten="80,438,169,273" step="2"/><U38/><E55/><V50/><F54/><W122/><G122/><T96/><D96/><U86/><E30/><AGARI ba="2,4" hai="20,27,30,44,45,48,53,59,76,80,84,117,118,119" machi="30" ten="40,8000,1" yaku="1,1,52,3,53,0" doraHai="113" doraHaiUra="7" who="3" fromWho="1" sc="80,0,438,-86,169,0,273,126" /><INIT seed="7,0,0,1,2,103" ten="80,352,169,399" oya="3" hai0="39,8,29,2,36,132,34,126,16,97,71,122,5" hai1="93,67,18,105,58,20,111,96,19,13,94,118,17" hai2="131,14,7,76,73,66,12,56,32,1,110,72,11" hai3="22,117,80,28,120,38,49,68,74,23,114,128,53"/><W30/><G117/><T10/><D122/><U50/><E111/><V121/><F110/><W9/><G120/><T46/><D71/><U26/><E118/><V102/><F32/><W85/><G38/><T61/><D61/><U125/><E125/><V130/><F121/><W95/><G68/><T104/><D126/><U109/><E109/><V6/><F102/><W123/><G123/><T64/><D64/><U115/><E115/><V40/><F40/><W45/><G114/><T35/><D46/><U24/><E105/><V63/><F76/><N who="3" m="46215" /><G74/><N who="2" m="28777" /><F6/><W98/><G9/><T84/><D84/><U60/><E50/><V107/><F107/><W3/><G3/><T119/><D119/><U106/><E106/><V55/><F55/><W87/><G87/><T91/><D104/><U81/><E81/><V65/><F65/><W42/><G42/><T47/><D47/><U37/><E37/><V21/><F21/><N who="3" m="7691" /><G128/><AGARI ba="0,0" hai="1,7,11,12,14,56,63,66,128,130,131" m="28777" machi="128" ten="30,1000,0" yaku="19,1" doraHai="103" who="2" fromWho="3" sc="80,0,352,0,169,10,399,-10" owari="80,-42.0,352,15.0,179,-22.0,389,49.0" /></mjloggm>