<mjloggm ver="2.3"><GO type="169"/><UN n0="%CE%9A%CE%95%CE%99" n1="%EF%BC%88%E2%89%A7%E2%96%BD%E2%89%A6%EF%BC%89" n2="%6D%61%63%6A%72" n3="%6C%69%67%68%74%39%39" dan="17,17,16,17" rate="2123,2133,2082,2147" sx="M,M,M,M"/><TAIKYOKU oya="0"/><INIT seed="0,0,0,3,4,51" ten="250,250,250,250" oya="0" hai0="97,95,122,124,54,101,103,92,79,125,106,32,75" hai1="76,27,7,63,74,69,61,55,25,72,80,42,81" hai2="53,87,20,35,21,133,77,11,57,126,94,117,19" hai3="120,112,59,99,100,127,123,91,110,52,131,2,29"/><T58/><D122/><N who="3" m="46633" /><G112/><T33/><D79/><U86/><E42/><V31/><F35/><W108/><G2/><T26/><D75/><U88/><E7/><V70/><F70/><W47/><G47/><T89/><D103/><U12/><E72/><V24/><F133/><W18/><G131/><T129/><D129/><U66/><REACH who="1" step="1"/><E12/><REACH who="1" ten="250,240,250,250" step="2"/><V17/><F117/><W44/><G127/><N who="0" m="48715" /><D26/><U50/><E50/><V28/><F126/><W3/><G3/><T73/><D73/><U49/><E49/><V23/><F24/><W107/><G44/><T14/><D14/><U46/><E46/><V56/><F28/><W40/><G40/><T121/><D121/><U71/><E71/><V36/><F31/><W45/><G45/><T48/><D106/><U9/><E9/><V38/><F11/><W105/><G107/><T22/><D22/><U104/><E104/><V13/><F23/><W84/><G29/><T68/><D68/><U39/><E39/><V30/><F30/><W41/><G41/><T118/><D118/><U8/><E8/><V16/><F36/><W67/><G18/><T114/><D114/><U34/><E34/><V62/><F38/><W0/><G0/><T109/><D109/><U85/><E85/><AGARI ba="0,1" hai="32,33,48,54,58,85,89,92,95,97,101" m="48715" machi="85" ten="30,2900,0" yaku="18,1,52,1" doraHai="51" who="0" fromWho="1" sc="250,39,240,-29,250,0,250,0" /><INIT seed="0,1,0,3,1,28" ten="289,211,250,250" oya="0" hai0="34,44,114,56,22,68,67,110,50,11,53,58,124" hai1="121,134,103,9,20,14,122,30,31,47,96,119,12" hai2="111,90,135,87,127,23,24,84,83,39,16,48,117" hai3="33,100,107,2,29,86,57,79,133,5,25,131,118"/><T97/><D114/><U51/><E119/><V7/><F39/><W36/><G118/><T62/><D34/><U93/><E134/><V98/><F117/><W130/><G133/><T32/><D32/><U80/><E80/><V46/><F135/><W132/><G132/><T112/><D112/><U55/><E122/><V37/><F111/><W94/><G36/><T129/><D110/><U99/><E121/><V125/><F37/><W6/><G107/><T13/><D129/><N who="3" m="49161" /><G2/><T66/><D22/><U108/><E108/><V91/><F7/><W78/><G57/><T113/><D113/><U95/><E20/><V38/><F38/><W126/><G126/><T52/><D124/><U4/><REACH who="1" step="1"/><E14/><REACH who="1" ten="289,201,250,250" step="2"/><V1/><F1/><W42/><G78/><T123/><D123/><U82/><E82/><V116/><F116/><W59/><G79/><T109/><D109/><U89/><AGARI ba="1,1" hai="4,9,12,30,31,47,51,55,89,93,95,96,99,103" machi="89" ten="20,8000,1" yaku="1,1,0,1,7,1,8,1,53,1" doraHai="28" doraHaiUra="41" who="1" fromWho="1" sc="289,-41,201,93,250,-21,250,-21" /><INIT seed="1,0,0,4,0,39" ten="248,294,229,229" oya="1" hai0="104,5,56,134,117,46,132,93,44,62,92,69,124" hai1="31,9,34,15,91,68,25,72,83,19,78,95,47" hai2="59,79,99,131,113,11,77,23,81,75,22,10,1" hai3="111,103,7,45,76,24,114,88,60,109,97,106,67"/><U82/><E68/><V126/><F126/><W54/><G114/><T8/><D104/><U128/><E128/><V49/><F113/><W41/><G54/><T38/><D117/><U16/><E47/><V3/><F131/><W18/><G76/><T107/><D107/><U87/><REACH who="1" step="1"/><E82/><REACH who="1" ten="248,284,229,229" step="2"/><V20/><F81/><W115/><G115/><T94/><D69/><U66/><E66/><V70/><F70/><W27/><G67/><N who="0" m="39367" /><D124/><U105/><E105/><V21/><F59/><W118/><G118/><T63/><D46/><U48/><E48/><V120/><F49/><W2/><G60/><T28/><D63/><U73/><E73/><V33/><F75/><W12/><G106/><T26/><D44/><U35/><E35/><V130/><F33/><W102/><G45/><T52/><D38/><U133/><E133/><N who="0" m="51305" /><D52/><U50/><E50/><V108/><F130/><W65/><G65/><T36/><D36/><U119/><E119/><V89/><N who="2" m="5120" /><DORA hai="85" /><V51/><F51/><W29/><G111/><T71/><D71/><U98/><E98/><V64/><F64/><W32/><G97/><T6/><D94/><U57/><E57/><V30/><F108/><W37/><G32/><N who="0" m="20503" /><D93/><U90/><E90/><V42/><F89/><W84/><G88/><T61/><D61/><U127/><E127/><V96/><F96/><W74/><G37/><T4/><D92/><U110/><E110/><V101/><F99/><W58/><G58/><T14/><AGARI ba="0,1" hai="4,5,6,8,14" m="20503,51305,39367" machi="14" ten="30,1100,0" yaku="20,1" doraHai="39,85" who="0" fromWho="0" sc="248,21,284,-5,229,-3,229,-3" /><INIT seed="2,0,0,4,3,50" ten="269,279,226,226" oya="2" hai0="26,82,15,48,18,45,117,47,84,87,10,116,128" hai1="1,93,114,16,29,63,72,60,73,28,96,122,42" hai2="53,9,129,30,59,11,49,12,39,6,31,83,79" hai3="55,78,89,91,22,90,0,64,67,57,81,65,41"/><V130/><F39/><W25/><G41/><T7/><D128/><U76/><E114/><V88/><F11/><W131/><G0/><T86/><D82/><U34/><E1/><V2/><F2/><W127/><G131/><N who="2" m="50185" /><F88/><W113/><G127/><T118/><D48/><U101/><E122/><V77/><F77/><W14/><G14/><T71/><D71/><U119/><E119/><V38/><F38/><W102/><G102/><T43/><D43/><U132/><E132/><V104/><F104/><W23/><G113/><T19/><D7/><U110/><E34/><V33/><F33/><W4/><G4/><T51/><D51/><U85/><E73/><AGARI ba="0,0" hai="6,9,12,30,31,49,53,59,73,79,83" m="50185" machi="73" ten="30,2900,0" yaku="19,1,52,1" doraHai="50" who="2" fromWho="1" sc="269,0,279,-29,226,29,226,0" /><INIT seed="2,1,0,4,3,46" ten="269,250,255,226" oya="2" hai0="47,61,21,5,28,37,127,39,81,31,34,7,91" hai1="70,38,20,125,76,60,80,41,117,87,36,94,106" hai2="57,71,103,95,26,107,53,112,75,100,45,78,64" hai3="66,124,90,48,118,120,63,67,17,2,119,16,32"/><V114/><F107/><W132/><G120/><T108/><D34/><U50/><E106/><V133/><F133/><W74/><G32/><T92/><D108/><U59/><E117/><V11/><F45/><W4/><G74/><T121/><D121/><U82/><E125/><V111/><F111/><W115/><G67/><T56/><D81/><U27/><E70/><V52/><F71/><W129/><G132/><T8/><D127/><U55/><E94/><V84/><F75/><W122/><G122/><T49/><D39/><U99/><E99/><N who="2" m="59519" /><F114/><W110/><G124/><T105/><D37/><U123/><E123/><V40/><F40/><W25/><G110/><T93/><D93/><U6/><E6/><N who="0" m="2057" /><D8/><U22/><E22/><V69/><F69/><W85/><G115/><T98/><D21/><U104/><E104/><V113/><F113/><W83/><G129/><T77/><D77/><U44/><REACH who="1" step="1"/><E82/><REACH who="1" ten="269,240,255,226" step="2"/><N who="2" m="47191" /><F112/><W68/><G119/><T89/><D105/><U65/><E65/><V0/><F64/><W10/><G118/><T72/><D98/><U62/><E62/><V18/><F11/><W88/><G25/><T79/><D92/><U102/><E102/><V86/><F103/><W101/><G101/><T58/><D61/><U9/><E9/><V13/><F26/><W1/><G1/><T24/><D24/><U30/><AGARI ba="1,1" hai="20,27,30,36,38,41,44,50,55,59,60,76,80,87" machi="30" ten="20,5200,0" yaku="1,1,0,1,7,1,52,1,53,0" doraHai="46" doraHaiUra="12" who="1" fromWho="1" sc="269,-14,240,65,255,-27,226,-14" /><INIT seed="3,0,0,5,4,126" ten="255,305,228,212" oya="3" hai0="45,10,112,105,70,6,133,46,64,68,54,50,96" hai1="7,124,134,97,16,58,17,79,57,80,83,32,59" hai2="89,3,85,119,129,73,74,21,98,106,18,13,113" hai3="99,20,41,8,100,42,53,2,47,34,33,82,92"/><W69/><G69/><T87/><D133/><U78/><E32/><V38/><F119/><W114/><G114/><T86/><D112/><U36/><E36/><V35/><F113/><W91/><G53/><T93/><D105/><U116/><E116/><V107/><F38/><W49/><G41/><T51/><D64/><U22/><E134/><V108/><F3/><W65/><G65/><T56/><D56/><U66/><E66/><V11/><F35/><W40/><G40/><T48/><D48/><U110/><E110/><V77/><F77/><N who="1" m="29193" /><E124/><V72/><F108/><W117/><G117/><T26/><D26/><N who="1" m="14663" /><E7/><V125/><F125/><W115/><G115/><T19/><D19/><U5/><E5/><V118/><F118/><W31/><G2/><T23/><D23/><U67/><E67/><V14/><F14/><W30/><G8/><T101/><D68/><U39/><E39/><V0/><F0/><W94/><G34/><T122/><D70/><U111/><E111/><V131/><F11/><W24/><G33/><T71/><D122/><U29/><E29/><V109/><F109/><W88/><G31/><T123/><D123/><U55/><E97/><V27/><F13/><W63/><G63/><T12/><REACH who="0" step="1"/><D71/><REACH who="0" ten="245,305,228,212" step="2"/><U1/><E17/><V15/><F27/><W102/><REACH who="3" step="1"/><G82/><REACH who="3" ten="245,305,228,202" step="2"/><T90/><D90/><U62/><E83/><V132/><F89/><W60/><G60/><T121/><D121/><U103/><E80/><V28/><F28/><W25/><G25/><T135/><D135/><U43/><E62/><V130/><F132/><W61/><G61/><T76/><D76/><RYUUKYOKU ba="0,2" sc="245,15,305,-15,228,-15,202,15" hai0="6,10,12,45,46,50,51,54,86,87,93,96,101" hai3="20,24,30,42,47,49,88,91,92,94,99,100,102" /><INIT seed="3,1,2,5,4,78" ten="260,290,213,217" oya="3" hai0="82,123,114,11,58,87,45,69,2,121,15,34,106" hai1="105,68,8,128,18,76,59,98,85,92,9,80,111" hai2="12,35,67,94,129,72,41,48,96,133,19,109,29" hai3="70,33,101,47,3,39,21,71,37,63,55,77,26"/><W23/><G3/><T134/><D69/><U118/><E68/><V135/><F72/><W27/><G101/><T91/><D34/><U89/><E128/><V104/><F104/><W125/><G125/><T79/><D2/><U131/><E131/><V6/><F129/><W28/><G33/><T95/><D106/><U32/><E32/><V13/><F109/><W107/><G107/><T30/><D30/><U1/><E1/><V74/><F74/><W49/><G77/><T113/><D134/><N who="2" m="51210" /><F67/><W52/><G71/><T38/><D58/><U40/><E40/><V122/><F122/><W84/><G84/><N who="0" m="52711" /><D45/><U65/><E118/><V90/><F6/><W4/><G4/><N who="0" m="3559" /><D38/><U44/><E44/><N who="2" m="25615" /><F19/><W7/><G7/><T22/><D22/><U51/><E111/><V99/><F99/><W54/><G70/><T50/><D50/><U46/><E105/><V100/><F100/><W56/><REACH who="3" step="1"/><G55/><REACH who="3" ten="260,290,213,207" step="2"/><T64/><D64/><U31/><E65/><V42/><F42/><W112/><G112/><AGARI ba="1,3" hai="79,82,87,112,113,114,121,123" m="3559,52711" machi="112" ten="30,2000,0" yaku="11,1,52,1" doraHai="78" who="0" fromWho="3" sc="260,53,290,0,213,0,207,-23" /><INIT seed="4,0,0,5,3,112" ten="313,290,213,184" oya="0" hai0="70,3,39,122,58,7,96,131,119,69,60,105,117" hai1="125,97,75,4,21,83,132,78,72,107,63,103,128" hai2="15,6,123,77,98,95,12,1,13,48,44,32,126" hai3="101,57,42,45,19,47,102,40,116,52,11,27,16"/><T92/><D122/><U33/><E33/><V115/><F115/><W51/><G116/><T38/><D131/><U23/><E132/><V81/><F123/><W79/><G79/><T71/><D105/><U114/><E114/><V90/><F32/><W5/><G27/><T113/><D113/><U30/><E128/><V111/><F111/><W118/><G118/><T25/><D25/><U9/><E125/><V91/><F126/><W64/><G64/><T24/><D24/><U46/><E72/><V80/><F1/><W54/><G54/><T127/><D127/><U121/><E30/><V106/><F106/><W76/><G76/><T134/><D134/><U35/><E35/><V29/><F29/><W135/><G135/><T129/><D129/><U66/><E46/><N who="3" m="17418" /><G5/><T17/><D17/><N who="3" m="6729" /><G11/><T14/><D3/><U55/><E55/><N who="2" m="30087" /><F77/><W59/><G57/><T50/><D50/><U67/><E67/><V37/><F37/><W109/><G109/><T36/><D14/><U18/><E18/><V82/><F6/><W85/><G85/><AGARI ba="0,0" hai="12,13,15,80,81,82,85,90,91,95,98" m="30087" machi="85" ten="30,1000,0" yaku="8,1" doraHai="112" who="2" fromWho="3" sc="313,0,290,0,213,10,184,-10" /><INIT seed="5,0,0,1,3,40" ten="313,290,223,174" oya="1" hai0="59,115,122,24,73,15,88,36,6,33,104,80,74" hai1="55,13,135,92,123,8,105,64,134,23,46,93,37" hai2="108,72,125,111,87,130,20,124,103,95,48,30,100" hai3="2,52,94,39,12,131,79,45,58,26,22,42,99"/><U77/><E105/><V1/><F1/><W114/><G114/><T3/><D115/><U96/><E64/><V66/><F66/><W129/><G12/><T32/><D3/><U63/><E77/><V69/><F69/><W16/><G79/><T91/><D104/><U50/><E37/><V21/><F72/><W71/><G71/><T54/><D36/><U82/><E82/><V90/><F130/><W120/><G120/><T89/><D122/><U61/><E23/><N who="2" m="8779" /><F30/><W0/><G131/><T68/><D68/><U41/><E123/><V5/><F5/><W34/><G34/><T17/><D6/><N who="1" m="3223" /><E41/><V27/><F27/><W133/><G129/><T35/><D24/><U70/><E93/><V49/><F108/><W128/><G128/><T53/><D80/><U11/><E70/><V44/><F49/><W75/><G75/><T121/><D121/><U43/><E43/><N who="2" m="24607" /><F111/><W19/><G19/><T47/><D74/><U14/><E14/><V67/><F67/><W51/><G133/><N who="1" m="50698" /><E11/><V112/><F112/><W116/><REACH who="3" step="1"/><G116/><REACH who="3" ten="313,290,223,164" step="2"/><T57/><D73/><U101/><AGARI ba="0,1" hai="46,50,55,61,63,92,96,101" m="50698,3223" machi="101" ten="30,3000,0" yaku="20,1,52,1" doraHai="40" who="1" fromWho="1" sc="313,-10,290,40,223,-10,164,-10" /><INIT seed="5,1,0,5,1,103" ten="303,330,213,154" oya="1" hai0="58,105,114,8,65,2,120,31,77,115,93,36,84" hai1="27,14,133,81,108,56,62,53,125,68,73,85,24" hai2="127,92,0,3,60,112,128,1,63,6,113,123,99" hai3="28,101,130,13,129,76,25,50,70,59,97,37,124"/><U7/><E73/><V74/><F74/><W33/><G70/><T135/><D36/><U19/><E133/><V11/><F123/><W104/><G37/><T35/><D135/><U47/><E125/><V122/><F122/><W34/><G124/><T117/><D120/><U32/><E32/><V83/><F127/><W38/><G38/><T72/><D117/><U51/><E68/><V116/><F83/><W29/><G76/><T57/><D105/><U42/><E108/><V88/><F116/><W22/><G13/><T45/><D72/><U109/><E109/><V52/><F128/><N who="3" m="49259" /><G29/><T20/><D35/><N who="3" m="13321" /><G59/><T41/><D77/><N who="1" m="46255" /><E7/><V132/><F132/><W67/><G50/><T106/><D2/><N who="2" m="1130" /><F52/><W21/><G21/><AGARI ba="1,0" hai="14,19,21,24,27,42,47,51,53,56,62" m="46255" machi="21" ten="30,1500,0" yaku="8,1" doraHai="103" who="1" fromWho="3" sc="303,0,330,18,213,0,154,-18" /><INIT seed="5,2,0,3,1,54" ten="303,348,213,136" oya="1" hai0="47,84,101,5,83,99,107,48,12,80,76,131,2" hai1="58,118,96,49,111,125,126,56,11,123,75,119,65" hai2="120,22,89,18,114,86,115,30,33,27,72,8,13" hai3="132,133,94,29,67,122,127,6,92,128,95,20,53"/><U105/><E75/><V43/><F72/><W134/><G6/><T62/><D131/><U7/><E123/><V98/><F120/><W110/><G122/><T50/><D2/><U68/><E111/><V100/><F43/><W31/><G110/><T91/><D62/><N who="1" m="39991" /><E49/><V1/><F86/><W102/><G102/><T135/><D135/><U34/><E34/><V44/><F89/><W79/><G67/><T130/><D130/><U129/><E96/><V26/><F44/><W82/><G128/><T63/><D63/><U103/><E103/><V36/><F36/><W93/><N who="3" m="23552" /><DORA hai="40" /><W17/><G127/><N who="1" m="48650" /><E105/><V113/><F98/><W117/><G117/><N who="1" m="44554" /><E129/><V15/><F100/><W37/><G37/><T106/><D107/><U104/><E104/><V108/><F108/><W90/><G90/><T21/><D50/><U51/><E51/><V59/><F59/><W87/><REACH who="3" step="1"/><G53/><REACH who="3" ten="303,348,213,126" step="2"/><T109/><D109/><U121/><E121/><V25/><F1/><AGARI ba="2,1" hai="1,7,11,56,58" m="44554,48650,39991" machi="1" ten="30,5800,0" yaku="18,1,52,2" doraHai="54,40" who="1" fromWho="2" sc="303,0,348,74,213,-64,126,0" /><INIT seed="5,3,0,0,0,26" ten="303,422,149,126" oya="1" hai0="0,67,14,99,53,90,5,122,81,62,68,21,22" hai1="79,133,34,20,75,101,2,50,13,78,85,109,115" hai2="127,107,83,110,15,91,57,8,100,102,135,6,40" hai3="28,129,134,121,38,82,118,96,64,30,23,105,65"/><U46/><E2/><V31/><F110/><W116/><G121/><T74/><D0/><U51/><E34/><V132/><F127/><W114/><G38/><T111/><D111/><U63/><E75/><V94/><F40/><W131/><G114/><T4/><D122/><U108/><E115/><V69/><F69/><W120/><G120/><T60/><D99/><U27/><E101/><V103/><F107/><W12/><G134/><N who="2" m="51241" /><F57/><W18/><G82/><T123/><D123/><U1/><E1/><V86/><F31/><N who="3" m="11819" /><G105/><T66/><D53/><U89/><E78/><V76/><F76/><W10/><G96/><AGARI ba="3,0" hai="6,8,15,83,86,91,94,96,100,102,103" m="51241" machi="96" ten="30,1000,0" yaku="20,1" doraHai="26" who="2" fromWho="3" sc="303,0,422,0,149,19,126,-19" /><INIT seed="6,0,0,4,5,54" ten="303,422,168,107" oya="2" hai0="74,38,93,124,29,88,66,2,123,9,39,41,57" hai1="13,27,24,6,121,71,117,23,92,99,90,118,0" hai2="20,12,128,119,67,48,7,49,42,134,98,19,62" hai3="85,107,129,17,103,96,111,3,91,120,116,55,78"/><V47/><F119/><W5/><G116/><T86/><D123/><U97/><E71/><V58/><F128/><W36/><G36/><T109/><D109/><U65/><E0/><V10/><F134/><W133/><G120/><T100/><D74/><U26/><E121/><V8/><F98/><W89/><G5/><T34/><D124/><U50/><E65/><V84/><F84/><W80/><G3/><T16/><D100/><U101/><E50/><V59/><F10/><W30/><G30/><T81/><D41/><U94/><E118/><V110/><F110/><W95/><G111/><T51/><D81/><U106/><E106/><V15/><REACH who="2" step="1"/><F48/><REACH who="2" ten="303,422,158,107" step="2"/><W1/><G133/><T43/><D39/><U52/><E117/><V115/><F115/><W76/><G129/><T25/><D38/><U33/><E97/><V87/><F87/><W108/><G108/><T56/><D51/><U31/><E99/><V68/><AGARI ba="0,1" hai="7,8,12,15,19,20,42,47,49,58,59,62,67,68" machi="68" ten="20,18000,2" yaku="1,1,0,1,7,1,52,2,53,1" doraHai="54" doraHaiUra="40" who="2" fromWho="2" sc="303,-60,422,-60,158,190,107,-60" /><INIT seed="6,1,0,4,1,56" ten="243,362,348,47" oya="2" hai0="81,64,124,31,79,1,106,91,4,32,45,37,28" hai1="109,2,61,85,83,103,29,71,13,19,54,84,78" hai2="69,26,42,118,68,44,123,128,51,27,77,75,33" hai3="94,115,98,48,34,30,22,119,24,110,96,6,116"/><V99/><F118/><W49/><G110/><T111/><D106/><U59/><E2/><V50/><F123/><W80/><G6/><T53/><D111/><U9/><E109/><V52/><F128/><W114/><G98/><T12/><D12/><U67/><E29/><V93/><F77/><W133/><G133/><T117/><D91/><U104/><E104/><V72/><F72/><W35/><G80/><T60/><D124/><U62/><E103/><V132/><F75/><AGARI ba="1,0" hai="9,13,19,54,59,61,62,67,71,75,78,83,84,85" machi="75" ten="30,3900,0" yaku="7,1,52,2" doraHai="56" who="1" fromWho="2" sc="243,0,362,42,348,-42,47,0" /><INIT seed="7,0,0,2,3,111" ten="243,404,306,47" oya="3" hai0="121,81,110,101,74,43,113,100,2,0,125,93,60" hai1="63,12,133,5,62,132,39,21,107,95,78,8,4" hai2="26,11,84,48,79,106,55,15,71,54,126,92,75" hai3="91,104,117,70,37,36,68,1,52,80,134,50,7"/><W108/><G104/><T103/><D110/><U119/><E107/><V61/><F106/><W14/><G108/><T77/><D121/><U67/><E39/><V118/><F75/><W69/><G1/><T16/><D125/><U87/><E119/><V76/><F118/><W73/><G117/><T120/><D120/><U45/><E45/><V23/><F71/><W59/><G134/><T56/><D43/><U33/><E33/><V85/><F61/><W115/><G115/><T35/><D35/><U13/><E21/><V22/><F55/><W97/><G73/><T57/><D93/><U98/><E87/><N who="2" m="33355" /><F92/><W24/><G80/><T123/><D123/><U44/><E67/><V6/><F126/><W38/><G24/><T114/><D16/><U27/><E27/><V42/><F42/><W46/><G97/><T124/><D124/><U72/><E72/><V17/><F23/><W112/><G112/><N who="0" m="43115" /><D57/><AGARI ba="0,0" hai="6,11,15,17,22,26,48,54,57,76,79" m="33355" machi="57" ten="30,1000,0" yaku="8,1" doraHai="111" who="2" fromWho="0" sc="243,-10,404,0,306,10,47,0" owari="233,-17.0,404,50.0,316,12.0,47,-45.0" /></mjloggm>