<mjloggm ver="2.3"><GO type="169" lobby="0"/><UN n0="%6B%61%69%6B%6F%75%37" n1="%E6%B0%97%E6%A5%BD%E3%81%AB%E6%89%93%E3%81%A4" n2="%EF%BC%88%E2%89%A7%E2%96%BD%E2%89%A6%EF%BC%89" n3="%E6%AD%A6%E5%A3%AB%E6%B2%A2%E7%A7%80%E8%A1%8C" dan="16,16,17,16" rate="2055.20,2151.96,2129.74,2108.94" sx="F,M,M,M"/><TAIKYOKU oya="0"/><INIT seed="0,0,0,3,3,73" ten="250,250,250,250" oya="0" hai0="85,11,100,86,52,106,105,32,38,35,58,93,39" hai1="126,36,112,8,133,44,26,98,28,123,111,116,14" hai2="4,30,77,43,84,102,49,7,121,51,41,78,129" hai3="13,29,12,48,64,82,2,128,108,15,68,122,46"/><T96/><D11/><U55/><E116/><V76/><F121/><W75/><G122/><T19/><D19/><U113/><E123/><V53/><F129/><W81/><G128/><T16/><D106/><U34/><E111/><V42/><F30/><W109/><G2/><T79/><D86/><U92/><E126/><V95/><F84/><W124/><G29/><T104/><D104/><U37/><E133/><V18/><F18/><W40/><G124/><T10/><D35/><U90/><E55/><V119/><F119/><W74/><G64/><T120/><D32/><U54/><E54/><V66/><F66/><W132/><G68/><T20/><D10/><U9/><E9/><V83/><F83/><N who="3" m="31755" /><G132/><T60/><D120/><U87/><E87/><V6/><F53/><W101/><G101/><T27/><D79/><U22/><E34/><V21/><F21/><W45/><G45/><T118/><REACH who="0" step="1"/><D118/><REACH who="0" ten="240,250,250,250" step="2"/><U130/><E130/><V67/><F67/><W63/><G75/><T62/><D62/><U125/><E125/><V135/><F135/><W110/><G74/><T72/><D72/><U89/><E8/><V131/><F131/><W70/><G63/><T91/><AGARI ba="0,1" hai="16,20,27,38,39,52,58,60,85,91,93,96,100,105" machi="91" ten="30,11700,0" yaku="1,1,0,1,54,2,53,0" doraHai="73" doraHaiUra="115" who="0" fromWho="0" sc="240,127,250,-39,250,-39,250,-39" /><INIT seed="0,1,0,5,0,3" ten="367,211,211,211" oya="0" hai0="50,49,66,115,70,107,13,112,116,106,119,84,2" hai1="83,15,86,44,71,21,69,61,108,23,124,87,31" hai2="78,90,4,22,34,125,30,81,16,85,129,121,95" hai3="27,33,6,117,99,75,48,12,40,51,60,59,18"/><T74/><D2/><U100/><E108/><V43/><F121/><W96/><G75/><T55/><D74/><U63/><E124/><V25/><F129/><W54/><G117/><T58/><D84/><U46/><E15/><V80/><F125/><W37/><G37/><T97/><D13/><U132/><E100/><V17/><F43/><W82/><G82/><T42/><D97/><U45/><E45/><V131/><F131/><W52/><G40/><T20/><D20/><U73/><E73/><V91/><F4/><W135/><G135/><T32/><D32/><U28/><REACH who="1" step="1"/><E83/><REACH who="1" ten="367,201,211,211" step="2"/><V98/><F34/><W72/><G72/><AGARI ba="1,1" hai="16,17,22,25,30,72,78,80,81,85,90,91,95,98" machi="72" ten="30,2000,0" yaku="7,1,54,1" doraHai="3" who="2" fromWho="3" sc="367,0,201,0,211,33,211,-23" /><INIT seed="1,0,0,5,1,26" ten="367,201,244,188" oya="1" hai0="99,46,116,96,109,21,123,79,124,134,86,1,107" hai1="6,132,98,27,71,31,115,131,55,47,95,4,16" hai2="91,76,97,11,38,33,59,127,0,101,54,117,121" hai3="45,119,128,112,68,129,12,40,41,72,78,89,114"/><U81/><E115/><V60/><F121/><W49/><G72/><T42/><D1/><U73/><E132/><V9/><F117/><W17/><G78/><T23/><D109/><U102/><E131/><N who="3" m="50250" /><G119/><T64/><D134/><U130/><E130/><V62/><F127/><W93/><G41/><T5/><D5/><U126/><E126/><V106/><F38/><W7/><G7/><T28/><D124/><U14/><E71/><V120/><F120/><W51/><G51/><T43/><D64/><U90/><E55/><V2/><F76/><W92/><G68/><T84/><D123/><U35/><E47/><V36/><F36/><W39/><G39/><T3/><D3/><U88/><E73/><V108/><F108/><W61/><G61/><T82/><D116/><U13/><E13/><V111/><F111/><W48/><G48/><T105/><D79/><U74/><E74/><V125/><F125/><W103/><G103/><T135/><D135/><U70/><E70/><V58/><F91/><W77/><G77/><T29/><D82/><U67/><E90/><V50/><F50/><W66/><G66/><T25/><D25/><U104/><E81/><V94/><F60/><W20/><G93/><T83/><D83/><U57/><E67/><N who="2" m="39383" /><F94/><W87/><AGARI ba="0,0" hai="12,17,20,40,45,49,87,89,92,112,114" m="50250" machi="87" ten="30,1100,0" yaku="19,1" doraHai="26" who="3" fromWho="3" sc="367,-3,201,-5,244,-3,188,11" /><INIT seed="2,0,0,4,5,131" ten="364,196,241,199" oya="2" hai0="123,83,129,133,6,66,117,128,82,22,71,2,132" hai1="90,63,25,70,52,95,74,17,54,61,20,99,12" hai2="53,68,126,23,58,88,104,57,15,121,59,48,21" hai3="40,13,85,76,45,80,5,130,120,89,34,36,41"/><V79/><F121/><W4/><G130/><N who="0" m="50283" /><D123/><U19/><E74/><V49/><F104/><W37/><G120/><T77/><D22/><N who="2" m="8202" /><F68/><W114/><G114/><T81/><D117/><U24/><E70/><V29/><F126/><W9/><G34/><T39/><D39/><U113/><E113/><V107/><F107/><W116/><G116/><T87/><D71/><U111/><E111/><V106/><F106/><W10/><G41/><T43/><D43/><U55/><REACH who="1" step="1"/><E19/><REACH who="1" ten="364,186,241,199" step="2"/><V91/><F29/><W119/><G119/><T35/><D35/><U67/><E67/><V94/><F79/><W135/><G37/><T62/><D6/><U75/><E75/><V118/><F118/><W110/><G110/><T105/><D105/><U64/><E64/><V31/><F31/><W3/><REACH who="3" step="1"/><G76/><REACH who="3" ten="364,186,241,189" step="2"/><T33/><D33/><U122/><E122/><V42/><F42/><W84/><G84/><T78/><D87/><U108/><E108/><V124/><F124/><W0/><G0/><T109/><D2/><U98/><E98/><N who="2" m="57671" /><F53/><W16/><G16/><T44/><D109/><U60/><AGARI ba="0,2" hai="12,17,20,24,25,52,54,55,60,61,63,90,95,99" machi="60" ten="30,7900,0" yaku="1,1,0,1,8,1,54,1,53,0" doraHai="131" doraHaiUra="30" who="1" fromWho="1" sc="364,-20,186,99,241,-39,189,-20" /><INIT seed="3,0,0,5,1,2" ten="344,285,202,169" oya="3" hai0="70,53,97,118,92,11,98,1,78,89,39,44,106" hai1="120,57,40,31,131,115,30,112,132,72,76,122,60" hai2="29,84,124,54,37,14,13,110,48,102,79,35,36" hai3="25,66,61,119,121,68,91,104,109,32,45,74,6"/><W73/><G121/><T9/><D70/><U12/><E40/><V22/><F35/><W33/><G119/><T64/><D64/><U55/><E132/><V94/><F124/><W128/><G128/><T21/><D118/><U75/><E131/><V71/><F71/><W26/><G109/><T23/><D78/><U19/><E122/><V113/><F113/><W43/><G91/><T49/><D39/><U81/><E75/><V114/><F114/><W4/><G26/><T103/><D11/><U27/><E120/><V83/><F110/><W117/><G117/><T108/><D108/><U5/><E31/><V34/><F34/><W24/><G24/><T69/><D69/><U56/><E57/><N who="2" m="32967" /><F37/><W7/><G104/><T87/><REACH who="0" step="1"/><D98/><REACH who="0" ten="334,285,202,169" step="2"/><U86/><E115/><V58/><F36/><W51/><REACH who="3" step="1"/><G33/><REACH who="3" ten="334,285,202,159" step="2"/><T8/><D8/><N who="1" m="6535" /><E112/><V127/><F79/><W47/><G47/><T63/><D63/><U67/><E60/><V123/><F123/><W85/><G85/><T125/><D125/><U135/><E86/><V82/><F127/><W90/><G90/><T130/><D130/><U101/><E76/><V59/><F84/><W96/><G96/><T28/><D28/><AGARI ba="0,2" hai="4,6,7,25,28,32,43,45,51,61,66,68,73,74" machi="28" ten="40,12000,1" yaku="1,1,52,3,53,0" doraHai="2" doraHaiUra="52" who="3" fromWho="0" sc="334,-120,285,0,202,0,159,140" /><INIT seed="3,1,0,3,4,28" ten="214,285,202,299" oya="3" hai0="71,86,91,81,92,13,17,6,114,38,52,110,64" hai1="123,21,0,121,20,44,33,18,8,102,19,47,54" hai2="105,36,22,124,116,95,4,61,90,130,42,72,85" hai3="46,48,34,63,128,39,35,88,98,59,32,53,60"/><W29/><G128/><T106/><D38/><U66/><E66/><V101/><F116/><W56/><G29/><T55/><D106/><U118/><E118/><V12/><F130/><W58/><G39/><T45/><D6/><U77/><E102/><V68/><F124/><W80/><REACH who="3" step="1"/><G80/><REACH who="3" ten="214,285,202,289" step="2"/><T82/><D114/><U16/><E121/><V73/><F36/><W107/><G107/><T9/><D110/><U117/><E123/><V132/><F105/><W120/><G120/><T3/><D82/><U5/><E117/><V27/><F95/><AGARI ba="1,1" hai="32,34,35,46,48,53,56,58,59,60,63,88,95,98" machi="95" ten="50,12000,1" yaku="1,1,52,3,54,1,53,0" doraHai="28" doraHaiUra="10" who="3" fromWho="2" sc="214,0,285,0,202,-123,289,133" /><INIT seed="3,2,0,1,1,117" ten="214,285,79,422" oya="3" hai0="39,87,122,52,23,6,22,29,67,88,3,118,42" hai1="82,125,78,59,107,53,95,35,0,101,123,115,49" hai2="126,74,48,84,56,86,110,128,91,45,12,11,41" hai3="2,106,112,32,72,58,46,85,77,61,127,15,64"/><W47/><G72/><T34/><D122/><U16/><E115/><V132/><F128/><W36/><G112/><T105/><D105/><U71/><E125/><V55/><F126/><W38/><G2/><T60/><D118/><U133/><E133/><V99/><F132/><W10/><G127/><T73/><D73/><U81/><E123/><V90/><F110/><W5/><G106/><T83/><D67/><U44/><E71/><V92/><F74/><W31/><G38/><T26/><D6/><U25/><E107/><V103/><F103/><W8/><G8/><T131/><D131/><U102/><E0/><V4/><REACH who="2" step="1"/><F91/><REACH who="2" ten="214,285,69,422" step="2"/><W51/><G77/><T1/><D1/><U129/><E129/><V7/><F7/><W66/><G5/><T75/><D3/><U69/><E102/><V63/><AGARI ba="2,1" hai="4,11,12,41,45,48,55,56,63,84,86,90,92,99" machi="63" ten="20,8000,1" yaku="1,1,0,1,7,1,8,1,53,1" doraHai="117" doraHaiUra="89" who="2" fromWho="2" sc="214,-22,285,-22,69,96,422,-42" /><INIT seed="4,0,0,3,4,40" ten="192,263,165,380" oya="0" hai0="95,99,133,5,20,82,109,15,16,86,93,94,11" hai1="126,117,19,112,14,57,0,53,41,51,49,135,21" hai2="81,3,58,131,54,111,72,52,96,65,48,130,92" hai3="123,75,44,134,4,39,83,85,68,27,114,46,6"/><T120/><D120/><U71/><E117/><V77/><F111/><W35/><G123/><T61/><D133/><U67/><E135/><V59/><F3/><W63/><G134/><T76/><D109/><U18/><E126/><V78/><F78/><W132/><G132/><T55/><D55/><U87/><E112/><V33/><F33/><W128/><G75/><T79/><D61/><U116/><E116/><V47/><F65/><W73/><G73/><T13/><REACH who="0" step="1"/><D79/><REACH who="0" ten="182,263,165,380" step="2"/><U38/><E53/><V7/><F7/><W119/><G119/><T30/><D30/><U9/><E19/><V113/><F113/><W43/><G114/><T70/><D70/><U105/><E18/><V32/><F32/><W8/><G68/><T69/><D69/><U36/><E71/><V29/><F29/><W64/><G63/><T66/><D66/><U98/><E67/><V121/><F121/><W90/><G35/><T26/><D26/><U74/><E38/><V108/><F108/><W115/><G64/><T24/><D24/><U2/><E36/><V102/><REACH who="2" step="1"/><F59/><REACH who="2" ten="182,263,155,380" step="2"/><W91/><G115/><T42/><D42/><U23/><E41/><V22/><F22/><W28/><G43/><T1/><D1/><U107/><E2/><V62/><AGARI ba="0,2" hai="47,48,52,54,58,62,72,77,81,92,96,102,130,131" machi="62" ten="30,12000,2" yaku="1,1,0,1,52,1,54,1,53,2" doraHai="40" doraHaiUra="125" who="2" fromWho="2" sc="182,-60,263,-30,155,140,380,-30" /><INIT seed="5,0,0,0,4,98" ten="122,233,295,350" oya="1" hai0="39,120,96,126,25,99,27,52,110,80,84,15,132" hai1="1,97,81,40,42,9,43,79,47,72,90,63,8" hai2="55,38,82,117,93,22,29,127,30,104,85,92,21" hai3="3,58,12,116,32,24,5,125,101,51,115,73,65"/><U94/><E63/><V100/><F38/><W17/><G115/><T121/><D39/><N who="1" m="21919" /><E9/><V71/><F71/><W129/><G73/><T111/><D132/><U130/><E130/><V18/><F117/><W107/><G116/><T114/><D15/><U113/><E113/><V59/><F104/><W49/><G129/><T135/><D135/><U95/><E94/><N who="2" m="36459" /><F127/><W64/><G125/><T68/><D68/><U89/><E90/><N who="2" m="51511" /><F100/><W2/><G101/><T45/><D114/><U133/><E133/><V75/><F75/><W13/><G107/><T123/><D126/><U88/><E89/><V6/><F6/><AGARI ba="0,0" hai="1,6,8,42,43,72,79,81,88,95,97" m="21919" machi="6" ten="30,2900,0" yaku="25,1,54,1" doraHai="98" who="1" fromWho="2" sc="122,0,233,29,295,-29,350,0" /><INIT seed="5,1,0,0,1,47" ten="122,262,266,350" oya="1" hai0="33,129,52,116,13,29,46,96,30,134,40,27,24" hai1="84,3,65,87,49,55,92,17,119,123,103,86,93" hai2="6,132,56,130,23,95,70,126,11,124,15,68,16" hai3="118,48,104,77,125,57,59,115,36,122,133,44,113"/><U80/><E123/><V63/><F95/><W35/><G122/><T135/><D116/><U91/><E119/><V53/><F130/><W12/><G118/><T58/><D129/><U61/><E3/><V2/><REACH who="2" step="1"/><F132/><REACH who="2" ten="122,262,256,350" step="2"/><W108/><G133/><N who="0" m="50699" /><D13/><U112/><E93/><V127/><AGARI ba="1,1" hai="2,6,11,15,16,23,53,56,63,68,70,124,126,127" machi="127" ten="30,8000,1" yaku="1,1,0,1,18,1,54,1,53,1" doraHai="47" doraHaiUra="1" who="2" fromWho="2" sc="122,-21,262,-41,256,93,350,-21" /><INIT seed="6,0,0,2,2,91" ten="101,221,349,329" oya="2" hai0="40,104,80,76,38,28,118,68,56,61,75,99,93" hai1="85,17,12,11,57,106,79,51,109,113,37,58,5" hai2="122,45,114,134,124,66,33,127,30,130,84,88,108" hai3="4,69,135,103,121,16,53,42,14,41,50,111,105"/><V94/><F122/><W59/><G121/><T48/><D118/><U74/><E109/><V87/><F108/><W26/><G111/><T49/><D104/><U2/><E113/><V15/><F114/><W97/><G69/><T131/><D131/><U112/><E112/><V8/><F130/><W89/><G135/><T125/><D125/><N who="2" m="48202" /><F66/><W78/><G78/><T31/><D68/><U90/><E37/><V35/><F134/><W63/><G4/><T3/><D3/><U81/><E106/><V77/><F30/><W43/><G26/><T62/><D38/><U20/><REACH who="1" step="1"/><E51/><REACH who="1" ten="101,211,349,329" step="2"/><V13/><F45/><W123/><G123/><T128/><D49/><U36/><E36/><V132/><F132/><W46/><REACH who="3" step="1"/><G89/><REACH who="3" ten="101,211,349,319" step="2"/><T73/><D128/><U18/><E18/><N who="2" m="8487" /><F15/><W96/><G96/><T119/><D119/><U70/><E70/><V21/><F77/><W71/><G71/><T32/><D32/><U34/><E34/><V102/><F35/><W6/><G6/><T116/><D116/><U120/><E120/><V110/><F33/><W101/><G101/><N who="0" m="60655" /><D76/><U129/><E129/><V55/><F110/><W54/><G54/><T117/><D117/><U23/><E23/><AGARI ba="0,2" hai="14,16,23,41,42,43,46,50,53,59,63,97,103,105" machi="23" ten="30,3900,0" yaku="1,1,7,1,54,1,53,0" doraHai="91" doraHaiUra="86" who="3" fromWho="1" sc="101,0,211,-39,349,0,319,59" /><INIT seed="7,0,0,4,1,111" ten="101,172,349,378" oya="3" hai0="40,79,119,134,100,82,77,44,32,81,56,117,16" hai1="135,130,27,23,20,104,74,25,73,8,19,116,58" hai2="94,106,113,85,47,31,33,101,86,92,30,38,105" hai3="17,72,22,28,70,2,123,26,91,13,9,107,45"/><W110/><G70/><T122/><D32/><U121/><E121/><V96/><F33/><W129/><G123/><T75/><D122/><U6/><E135/><V93/><F113/><W15/><G110/><T49/><D134/><U54/><E130/><V3/><F3/><W36/><G72/><T43/><D43/><U68/><E68/><V108/><F108/><W21/><G129/><T34/><D34/><U69/><E69/><V37/><F47/><W5/><G107/><N who="2" m="40969" /><F101/><W57/><G57/><T120/><D100/><U67/><E67/><V59/><F59/><W63/><G63/><T127/><D120/><U102/><E116/><V46/><F46/><W90/><REACH who="3" step="1"/><G2/><REACH who="3" ten="101,172,349,368" step="2"/><T115/><D127/><U60/><E104/><V97/><F96/><W12/><G12/><T14/><D115/><U71/><E71/><V42/><F97/><W0/><G0/><T99/><D56/><U76/><E58/><V80/><F80/><W126/><G126/><T133/><D99/><U61/><E61/><V78/><F78/><W83/><G83/><T62/><D62/><U66/><E60/><V103/><F103/><W109/><G109/><T55/><D133/><U98/><E102/><V50/><F50/><W114/><G114/><T10/><REACH who="0" step="1"/><D55/><REACH who="0" ten="91,172,349,368" step="2"/><U128/><E54/><V131/><F131/><W65/><G65/><T1/><D1/><U18/><E66/><V48/><F42/><AGARI ba="0,2" hai="5,9,13,15,17,21,22,26,28,36,42,45,90,91" machi="42" ten="40,2000,0" yaku="1,1,53,0" doraHai="111" doraHaiUra="118" who="3" fromWho="2" sc="91,0,172,0,349,-20,368,40" owari="91,-41.0,172,-23.0,329,13.0,408,51.0" /></mjloggm>