<mjloggm ver="2.3"><GO type="97"/><UN n0="%E6%B0%97%E6%A5%BD%E3%81%AB%E6%89%93%E3%81%A4" n1="%E7%81%BC%E7%9C%BC%E3%81%AE%E3%82%B7%E3%83%A3%E3%83%8A%E3%82%BF%E3%83%B3" n2="%E6%9C%80%E9%80%9F%E3%82%BD%E3%83%BC%E3%83%8A%E3%83%B3%E3%82%B9" n3="%EF%BC%88%E2%89%A7%E2%96%BD%E2%89%A6%EF%BC%89" dan="13,15,14,14" rate="1859,1996,2022,2043" sx="M,F,M,M"/><TAIKYOKU oya="0"/><INIT seed="0,0,0,5,1,115" ten="250,250,250,250" oya="0" hai0="73,39,110,135,76,126,107,25,1,124,79,101,50" hai1="2,118,93,72,32,84,35,123,109,24,131,120,0" hai2="59,108,11,47,102,119,88,85,82,92,8,116,68" hai3="41,44,127,36,74,60,45,10,132,66,46,14,121"/><T104/><D39/><U62/><E72/><V94/><F68/><W7/><G132/><T80/><D1/><U67/><E84/><V96/><F47/><W112/><G112/><T134/><D73/><U77/><E77/><N who="0" m="29769" /><D50/><U95/><E24/><V54/><F108/><W65/><G74/><T12/><D25/><U9/><E9/><V57/><F57/><W64/><G127/><N who="0" m="48683" /><D12/><U43/><E2/><V100/><F82/><W21/><G121/><T75/><D101/><U90/><E0/><V31/><F31/><W38/><G38/><T105/><D110/><U117/><E109/><V128/><F128/><W71/><G36/><T78/><AGARI ba="0,0" hai="75,78,80,104,105,107,134,135" m="48683,29769" machi="78" ten="40,7800,0" yaku="18,1,34,2" doraHai="115" who="0" fromWho="0" sc="250,78,250,-26,250,-26,250,-26" /><INIT seed="0,1,0,2,5,77" ten="328,224,224,224" oya="0" hai0="46,118,44,96,127,68,116,133,43,40,99,80,9" hai1="88,26,108,72,83,61,86,75,130,82,45,52,2" hai2="117,41,79,76,37,47,49,38,70,93,33,98,90" hai3="17,55,22,134,119,24,132,101,65,71,20,10,25"/><T112/><D9/><U54/><E2/><V74/><F117/><W36/><G119/><T21/><D21/><U89/><E108/><V129/><F70/><W12/><G36/><T27/><D27/><N who="3" m="10313" /><G101/><T97/><D68/><U30/><E130/><V59/><F33/><W63/><G55/><T131/><D99/><U62/><E45/><V78/><F129/><W125/><G125/><T135/><D131/><U29/><E26/><V51/><F74/><W122/><G122/><T1/><D1/><U114/><E86/><V66/><F38/><W94/><G94/><T18/><D127/><U84/><E84/><V35/><F35/><W67/><G67/><T69/><D69/><U58/><E58/><V23/><F23/><W5/><G17/><T113/><REACH who="0" step="1"/><D18/><REACH who="0" step="2"/><U103/><E103/><V104/><F104/><W123/><G123/><T120/><D120/><U107/><E107/><V39/><F39/><W110/><G110/><T109/><D109/><U4/><E4/><V50/><F37/><W34/><G34/><T115/><D115/><AGARI ba="1,1" hai="29,30,52,54,61,62,72,75,82,83,88,89,114,115" machi="115" ten="25,12000,2" yaku="22,2,52,2,54,2" doraHai="77" who="1" fromWho="0" sc="318,-123,224,133,224,0,224,0" /><INIT seed="1,0,0,4,0,25" ten="195,357,224,224" oya="1" hai0="89,20,112,125,109,108,80,50,81,83,63,59,68" hai1="103,99,130,84,18,106,41,11,77,13,29,102,6" hai2="28,114,76,107,0,42,61,129,118,66,55,31,46" hai3="35,97,14,32,27,49,86,135,52,120,24,43,126"/><U92/><E130/><V96/><F118/><W91/><G120/><T12/><D112/><U90/><E41/><V121/><F129/><W44/><G135/><T5/><D125/><U17/><E103/><V78/><F121/><W124/><G35/><T65/><D89/><U69/><E69/><V39/><F114/><W117/><G117/><T3/><D3/><U58/><E58/><V23/><F0/><W128/><G128/><T21/><D5/><U110/><E110/><N who="0" m="42601" /><D12/><U67/><E67/><V2/><F2/><W93/><G32/><T60/><D50/><U73/><REACH who="1" step="1"/><E29/><REACH who="1" step="2"/><V56/><F107/><W7/><G126/><T48/><D48/><U122/><E122/><V88/><F23/><W22/><G124/><T26/><D26/><U57/><E57/><V85/><F66/><AGARI ba="0,1" hai="20,21,59,60,63,65,66,68,80,81,83" m="42601" machi="66" ten="30,1000,0" yaku="14,1" doraHai="25" who="0" fromWho="2" sc="195,20,347,0,224,-10,224,0" /><INIT seed="2,0,0,2,2,70" ten="215,347,214,224" oya="2" hai0="20,101,56,45,25,134,5,75,115,94,46,11,59" hai1="130,14,116,33,108,0,61,77,49,68,39,89,66" hai2="99,42,119,100,31,109,121,76,2,62,60,127,107" hai3="128,15,3,122,90,24,112,17,18,92,38,4,23"/><V124/><F121/><W126/><G122/><T6/><D75/><U82/><E0/><V123/><F123/><W114/><G128/><T102/><D115/><N who="3" m="44073" /><G126/><N who="2" m="48169" /><F119/><W87/><G38/><T58/><D134/><U74/><E39/><V132/><F132/><W7/><G3/><T12/><D5/><U40/><E33/><V85/><F109/><W22/><AGARI ba="0,0" hai="4,7,15,17,18,22,23,24,87,90,92" m="44073" machi="22" ten="30,1100,0" yaku="11,1" doraHai="70" who="3" fromWho="3" sc="215,-3,347,-3,214,-5,224,11" /><INIT seed="3,0,0,1,1,106" ten="212,344,209,235" oya="3" hai0="79,82,100,98,16,34,73,107,0,9,46,10,105" hai1="134,14,44,85,47,22,1,12,114,29,81,5,36" hai2="113,118,112,65,61,17,43,87,32,20,52,33,49" hai3="19,111,51,58,135,69,54,55,94,92,39,104,90"/><W80/><G39/><T101/><D34/><U102/><E114/><V109/><F118/><W45/><G104/><T2/><D46/><U37/><E1/><V125/><F125/><W41/><G69/><T117/><D117/><U21/><E102/><V116/><F116/><W126/><G126/><T56/><D56/><U99/><E99/><V86/><F109/><W128/><G128/><T75/><D98/><U6/><E29/><V48/><F43/><W18/><G135/><T110/><D82/><U103/><E103/><V91/><F49/><W4/><G4/><T124/><D124/><U127/><E127/><V35/><F87/><N who="3" m="50535" /><G41/><T67/><D16/><N who="3" m="6185" /><G111/><T53/><D110/><U132/><E85/><V120/><F120/><W97/><G97/><T7/><D7/><U74/><E81/><V38/><F38/><W72/><G72/><AGARI ba="0,0" hai="5,6,12,14,21,22,36,37,44,47,72,74,132,134" machi="72" ten="25,6400,0" yaku="22,2,52,2" doraHai="106" who="1" fromWho="3" sc="212,0,344,64,209,0,235,-64" owari="212,1.0,408,51.0,209,-19.0,171,-33.0" /></mjloggm>