<mjloggm ver="2.3"><GO type="169"/><UN n0="%6D%61%63%6A%72" n1="%E5%94%AF%E4%B8%98%E6%A9%98%E8%91%89" n2="%EF%BC%88%E2%89%A7%E2%96%BD%E2%89%A6%EF%BC%89" n3="%E3%83%87%E3%82%B8%E3%82%BF%E3%83%AB%E4%BB%99%E4%BA%BA" dan="16,17,18,16" rate="2121,2091,2226,2166" sx="F,F,M,F"/><TAIKYOKU oya="0"/><INIT seed="0,0,0,1,3,27" ten="250,250,250,250" oya="0" hai0="18,78,70,56,77,91,63,130,9,80,105,61,71" hai1="17,113,86,57,35,66,72,62,43,134,114,81,32" hai2="117,88,21,58,133,64,125,122,33,120,99,100,26" hai3="135,45,13,24,28,111,2,39,51,8,73,119,41"/><T10/><D105/><U44/><E72/><V19/><F133/><W30/><G119/><T92/><D130/><U69/><E134/><V23/><F125/><W96/><G135/><T6/><D18/><U3/><E3/><V121/><F117/><W131/><G131/><T67/><D10/><U1/><E1/><V118/><F118/><W89/><G2/><T12/><D80/><U50/><E35/><V123/><F33/><W75/><G39/><T124/><D124/><U82/><E82/><V15/><F122/><W107/><G111/><T106/><D106/><U104/><E104/><V109/><F109/><W102/><G89/><T97/><REACH who="0" step="1"/><D71/><REACH who="0" ten="240,250,250,250" step="2"/><U90/><E17/><V98/><F121/><W11/><G11/><T5/><D5/><U38/><E32/><V53/><F123/><W115/><G115/><N who="1" m="44042" /><E69/><V101/><F120/><W22/><REACH who="3" step="1"/><G30/><REACH who="3" ten="240,250,250,240" step="2"/><T36/><D36/><AGARI ba="0,2" hai="36,38,43,44,50,57,62,66,81,86,90" m="44042" machi="36" ten="30,1000,0" yaku="11,1" doraHai="27" who="1" fromWho="0" sc="240,-10,250,30,250,0,240,0" /><INIT seed="1,0,0,5,4,50" ten="230,280,250,240" oya="1" hai0="53,121,30,33,51,14,111,59,103,118,67,107,89" hai1="1,77,95,45,110,58,105,91,108,27,96,39,71" hai2="63,4,70,72,7,83,11,90,131,28,132,5,37" hai3="124,117,0,32,26,69,114,38,82,41,46,98,24"/><U62/><E1/><V134/><F37/><W54/><G117/><T35/><D118/><U64/><E105/><V93/><F28/><W84/><G114/><T92/><D111/><N who="1" m="42539" /><E77/><N who="2" m="44455" /><F131/><W86/><G69/><T10/><D121/><U43/><E27/><V25/><F25/><W130/><G130/><T79/><D79/><U3/><E3/><V40/><F40/><W34/><G0/><T75/><D75/><U65/><E71/><V74/><F74/><W60/><G98/><T8/><D8/><U115/><E115/><V78/><F78/><W21/><G26/><T123/><D123/><U94/><E94/><V19/><F19/><W56/><G124/><T81/><D81/><U6/><E6/><V128/><F128/><W113/><G113/><T109/><D30/><U120/><E120/><V101/><F11/><W122/><G122/><T125/><D125/><U57/><E57/><V9/><F9/><W15/><G15/><T61/><D107/><U135/><E135/><V29/><F29/><W112/><G112/><T23/><D10/><U17/><E17/><V55/><F70/><W47/><G82/><T80/><D80/><U22/><E22/><V97/><F134/><W66/><G21/><T16/><D109/><U12/><E12/><V102/><F132/><W127/><G127/><T133/><D133/><U76/><E76/><V31/><F31/><N who="3" m="19559" /><G34/><T87/><D35/><U36/><E36/><V126/><F126/><W13/><G13/><T52/><D33/><U18/><E18/><V68/><F68/><W106/><G106/><T42/><D14/><U49/><E39/><RYUUKYOKU ba="0,0" sc="230,-30,280,10,250,10,240,10" hai1="43,45,49,58,62,64,65,91,95,96" hai2="4,5,7,55,63,90,93,97,101,102" hai3="38,41,46,47,54,56,60,66,84,86" /><INIT seed="1,1,0,4,1,80" ten="200,290,260,250" oya="1" hai0="110,77,125,60,86,92,99,41,112,102,117,69,78" hai1="19,84,61,47,22,40,8,23,0,46,76,107,34" hai2="27,13,30,17,90,65,21,98,68,97,73,74,114" hai3="49,66,100,101,1,79,111,35,20,57,9,26,88"/><U3/><E107/><V120/><F120/><W55/><G35/><T105/><D112/><U126/><E34/><V58/><F68/><W14/><G1/><T2/><D2/><U63/><E126/><V106/><F114/><W33/><G79/><T104/><D41/><U72/><E72/><V129/><F129/><W43/><G43/><T116/><D60/><N who="1" m="23115" /><E3/><V7/><F65/><W44/><G33/><T38/><D38/><U37/><E37/><V53/><F106/><N who="0" m="41066" /><D69/><U96/><E96/><V81/><F74/><W31/><G66/><T131/><D131/><U12/><E0/><V95/><F7/><W133/><G44/><N who="1" m="16938" /><E40/><V54/><F98/><W121/><G121/><T132/><D125/><U130/><E130/><V6/><F6/><W103/><G9/><T62/><D62/><U118/><E118/><V32/><F73/><W25/><G14/><T71/><D71/><U94/><E76/><V48/><F54/><W29/><G55/><T108/><D78/><U45/><E45/><V135/><F32/><W42/><G42/><T83/><D132/><U18/><E18/><V10/><F135/><W128/><G133/><T124/><D124/><U28/><E28/><V16/><F17/><W87/><G128/><T24/><D24/><U15/><E15/><V50/><F48/><W5/><G25/><T134/><D134/><U4/><E4/><V91/><F91/><AGARI ba="1,0" hai="8,12,19,22,23,84,91,94" m="16938,23115" machi="91" ten="30,2900,0" yaku="8,1,52,1" doraHai="80" who="1" fromWho="2" sc="200,0,290,32,260,-32,250,0" /><INIT seed="1,2,0,4,5,30" ten="200,322,228,250" oya="1" hai0="64,106,107,115,77,20,36,21,97,81,100,87,63" hai1="76,83,122,19,47,50,41,57,116,60,66,95,14" hai2="59,90,86,123,125,7,32,75,22,37,10,128,114" hai3="96,127,85,91,42,88,103,98,23,120,54,130,124"/><U93/><E122/><V2/><F75/><W79/><G120/><T0/><D115/><U111/><E116/><V135/><F37/><W1/><G1/><T44/><D0/><U51/><E51/><V56/><F123/><W35/><G42/><T94/><D36/><U26/><E26/><V3/><F3/><W72/><G35/><T105/><REACH who="0" step="1"/><D44/><REACH who="0" ten="190,322,228,250" step="2"/><U73/><REACH who="1" step="1"/><E111/><REACH who="1" ten="190,312,228,250" step="2"/><V12/><F114/><W99/><G127/><T27/><D27/><U68/><E68/><AGARI ba="2,2" hai="20,21,63,64,68,77,81,87,94,97,100,105,106,107" machi="68" ten="40,1300,0" yaku="1,1,53,0" doraHai="30" doraHaiUra="132" who="0" fromWho="1" sc="190,39,312,-19,228,0,250,0" /><INIT seed="2,0,0,1,1,100" ten="229,293,228,250" oya="2" hai0="31,81,57,72,118,90,44,97,74,16,85,48,21" hai1="7,88,124,134,117,28,86,127,77,5,78,64,25" hai2="126,108,60,11,50,101,106,27,49,93,79,46,92" hai3="71,80,105,82,102,4,133,122,103,94,47,113,13"/><V42/><F126/><N who="1" m="48169" /><E117/><V131/><F131/><W59/><G122/><T123/><D123/><U41/><E134/><V135/><F135/><W76/><G71/><T62/><D118/><U89/><E89/><V0/><F108/><W111/><G133/><T66/><D31/><U96/><E96/><V15/><F0/><W38/><G59/><T119/><D97/><U55/><E64/><V63/><F79/><N who="1" m="30217" /><E55/><V91/><F27/><W14/><G76/><T30/><D30/><U18/><E18/><V95/><F91/><W125/><G94/><T56/><D119/><U20/><E41/><V68/><F68/><W132/><G125/><T19/><D57/><U87/><E87/><V54/><F101/><W130/><G132/><T73/><REACH who="0" step="1"/><D21/><REACH who="0" ten="219,293,228,250" step="2"/><U9/><E9/><V75/><F75/><W22/><G22/><T1/><D1/><U110/><E110/><V98/><F98/><W114/><G111/><T35/><D35/><U6/><E6/><N who="2" m="3575" /><F106/><W107/><G4/><T45/><D45/><AGARI ba="0,1" hai="42,45,46,49,50,54,60,63,92,93,95" m="3575" machi="45" ten="30,1500,0" yaku="8,1" doraHai="100" who="2" fromWho="0" sc="219,-15,293,0,228,25,250,0" /><INIT seed="2,1,0,0,2,53" ten="204,293,253,250" oya="2" hai0="101,24,8,41,42,102,66,80,131,69,7,15,129" hai1="50,39,2,85,82,34,5,27,132,0,45,33,105" hai2="106,99,54,83,17,60,38,103,134,13,12,72,51" hai3="122,76,114,77,44,120,125,74,30,107,123,10,133"/><V35/><F38/><W111/><G30/><T86/><D69/><U115/><E105/><V109/><F35/><W116/><G10/><T90/><D66/><U9/><E115/><V20/><F134/><W63/><G44/><T127/><D127/><U118/><E118/><V58/><F109/><W67/><G107/><T126/><D126/><U92/><E132/><V31/><F31/><W98/><G133/><T14/><D24/><U113/><E113/><V97/><F97/><W73/><G125/><T36/><D36/><U95/><E2/><V11/><F72/><W28/><G114/><T52/><D129/><U93/><E27/><V135/><F83/><W43/><G111/><T112/><D112/><U130/><E39/><V6/><REACH who="2" step="1"/><F135/><REACH who="2" ten="204,293,243,250" step="2"/><W49/><G74/><T84/><D131/><U75/><E75/><V81/><F81/><W16/><G73/><T1/><D84/><U71/><E130/><V78/><F78/><W94/><G28/><T70/><D80/><U56/><E34/><V47/><F47/><W88/><G116/><T29/><D86/><U119/><E45/><V26/><F26/><W91/><G77/><T19/><D29/><U104/><E33/><V22/><F22/><W21/><G76/><T59/><D8/><U64/><E82/><V100/><F100/><W3/><G21/><T87/><D101/><U108/><E9/><V65/><F65/><W32/><G67/><T121/><D102/><U79/><E108/><V96/><F96/><W25/><G25/><T4/><D87/><U89/><E85/><V68/><F68/><W57/><G32/><RYUUKYOKU ba="1,1" sc="204,-10,293,-10,243,30,250,-10" hai2="6,11,12,13,17,20,51,54,58,60,99,103,106" /><INIT seed="2,2,1,4,3,118" ten="194,283,273,240" oya="2" hai0="70,120,122,112,31,29,60,35,113,81,44,66,126" hai1="45,22,108,43,97,7,134,56,128,17,73,25,103" hai2="65,63,133,114,3,14,42,26,64,96,54,129,69" hai3="85,99,33,15,102,30,88,62,4,28,77,109,116"/><V68/><F3/><W8/><G116/><T115/><D126/><U72/><E108/><V2/><F2/><W127/><G127/><T39/><D81/><U41/><E41/><V12/><F114/><W86/><G109/><T21/><D21/><U49/><E134/><V40/><F133/><W61/><G77/><T34/><D31/><N who="3" m="11817" /><G33/><N who="0" m="12299" /><D29/><U90/><E128/><V100/><F129/><W110/><G110/><T92/><D92/><U105/><E7/><V13/><F54/><W53/><G102/><T80/><D80/><U107/><E107/><V125/><F26/><W82/><G99/><T93/><D93/><U67/><E90/><V121/><F125/><W89/><G53/><T52/><D52/><U94/><E105/><V71/><F121/><W119/><G119/><T95/><D95/><AGARI ba="2,1" hai="4,8,15,61,62,82,85,86,88,89,95" m="11817" machi="95" ten="30,2000,0" yaku="8,1,54,1" doraHai="118" who="3" fromWho="0" sc="194,-26,283,0,273,0,240,36" /><INIT seed="3,0,0,2,4,11" ten="168,283,273,276" oya="3" hai0="128,104,32,73,48,45,56,74,135,8,102,89,34" hai1="17,1,9,99,13,86,96,85,124,30,122,77,120" hai2="103,115,18,78,83,42,129,111,110,23,29,58,66" hai3="108,41,43,39,53,101,47,26,79,132,6,21,123"/><W87/><G123/><T116/><D116/><U130/><E130/><V117/><F117/><W10/><G132/><T7/><D128/><U107/><E124/><V54/><F129/><W51/><G101/><T72/><D135/><U88/><E1/><V94/><F115/><W0/><G108/><T37/><D56/><U25/><E107/><V69/><F42/><W28/><G39/><T3/><D89/><U55/><E55/><V67/><F29/><W93/><G93/><T90/><D90/><U65/><E65/><V49/><F69/><W14/><REACH who="3" step="1"/><G0/><REACH who="3" ten="168,283,273,266" step="2"/><T119/><D119/><U97/><E122/><V22/><F111/><W12/><G12/><T70/><D37/><U64/><E120/><V127/><F110/><W100/><G100/><T63/><D102/><U113/><E113/><V114/><F114/><W52/><G52/><T118/><D118/><U98/><E64/><V16/><F67/><W15/><G15/><T95/><D95/><U4/><E13/><N who="2" m="9487" /><F66/><W126/><G126/><T61/><D104/><U71/><E71/><V31/><F127/><W82/><AGARI ba="0,1" hai="6,10,14,21,26,28,41,43,47,51,53,79,82,87" machi="82" ten="30,18000,2" yaku="1,1,0,1,8,1,52,1,53,2" doraHai="11" doraHaiUra="38" who="3" fromWho="3" sc="168,-60,283,-60,273,-60,266,190" /><INIT seed="3,1,0,1,0,80" ten="108,223,213,456" oya="3" hai0="124,61,100,28,47,105,67,101,88,133,0,50,23" hai1="51,70,95,41,31,106,111,9,113,26,84,6,55" hai2="110,94,40,39,102,134,72,131,115,109,79,36,33" hai3="99,121,15,22,32,65,112,17,128,96,71,48,135"/><W58/><G121/><T37/><D0/><U74/><E106/><V120/><F33/><W97/><G32/><T118/><D118/><U119/><E74/><V54/><F115/><W90/><G112/><T38/><D133/><U93/><E70/><V78/><F134/><W57/><G128/><T21/><D124/><U68/><E68/><V123/><F131/><W127/><G127/><T129/><D129/><U104/><E104/><V62/><F62/><W10/><G135/><T35/><D35/><U12/><E113/><V73/><F54/><W49/><G71/><T75/><D75/><N who="2" m="28746" /><F40/><W34/><G34/><T4/><D4/><U25/><E41/><V66/><F66/><W27/><G90/><T91/><D61/><U89/><E119/><V46/><F46/><W42/><G65/><T117/><D47/><U63/><E63/><V56/><F56/><N who="3" m="21611" /><G42/><T87/><D105/><U69/><E69/><V85/><F39/><W98/><N who="3" m="24576" /><DORA hai="18" /><W107/><G107/><T83/><D67/><U59/><E55/><V92/><F36/><W77/><G77/><N who="2" m="29193" /><F102/><W132/><G132/><T7/><D117/><U82/><E59/><V2/><F2/><W8/><G8/><T24/><D38/><U86/><E9/><V108/><F123/><W45/><G45/><T103/><D37/><U60/><E60/><V30/><F120/><W16/><AGARI ba="1,0" hai="10,15,16,17,22,27,48,49" m="24576,21611" machi="16" ten="40,7800,0" yaku="8,1,52,1,54,1" doraHai="80,18" who="3" fromWho="3" sc="108,-27,223,-27,213,-27,456,81" /><INIT seed="3,2,0,1,0,126" ten="81,196,186,537" oya="3" hai0="57,5,12,31,111,53,10,50,58,87,69,133,19" hai1="107,124,105,38,125,88,129,24,39,70,85,54,132" hai2="78,86,119,82,93,91,99,40,4,25,48,103,63" hai3="32,65,44,26,49,120,83,0,121,47,51,23,123"/><W73/><G0/><T118/><D69/><U134/><E70/><V77/><F119/><W13/><G32/><T9/><D118/><U35/><E54/><V127/><F127/><N who="1" m="48713" /><E35/><V59/><F4/><W110/><G65/><T42/><D111/><U61/><E61/><V20/><F48/><W115/><G110/><T27/><D133/><N who="1" m="51307" /><E24/><V104/><F104/><N who="1" m="40009" /><E129/><V90/><F40/><W34/><G34/><T56/><D42/><U21/><E21/><V43/><F43/><W128/><G128/><T7/><D31/><U92/><AGARI ba="2,0" hai="38,39,85,88,92" m="40009,51307,48713" machi="92" ten="40,5200,0" yaku="18,1,20,1,54,1" doraHai="126" who="1" fromWho="1" sc="81,-15,196,58,186,-15,537,-28" /><INIT seed="4,0,0,3,3,51" ten="66,254,171,509" oya="0" hai0="105,24,60,114,2,63,14,129,23,9,61,71,125" hai1="127,88,128,48,72,121,0,15,83,18,99,135,102" hai2="89,13,104,96,107,120,40,11,103,130,20,17,30" hai3="47,33,31,37,108,35,97,1,95,53,101,26,29"/><T85/><D105/><U116/><E0/><V92/><F120/><W69/><G108/><T44/><D2/><U55/><E121/><V94/><F130/><W22/><G1/><T6/><D129/><U19/><E116/><V66/><F40/><W42/><G69/><T68/><D114/><U54/><E72/><V111/><F111/><W62/><G31/><T74/><D74/><U80/><E135/><V34/><F34/><W3/><G3/><T56/><D125/><U122/><E122/><V58/><F66/><W81/><G81/><N who="1" m="31306" /><E102/><V7/><F30/><W86/><G86/><T124/><D124/><U8/><E128/><V93/><F58/><W126/><G126/><T75/><D75/><U27/><E48/><V78/><F78/><W21/><G35/><T64/><D85/><U73/><E73/><V49/><F49/><W91/><G101/><T50/><D68/><U25/><E25/><V123/><F123/><W117/><G117/><T5/><D5/><U131/><E131/><V82/><F107/><W119/><G119/><T110/><D110/><U32/><E32/><V115/><F115/><W45/><G62/><T67/><D67/><U84/><E99/><N who="2" m="61567" /><F82/><W134/><G134/><T132/><D132/><U4/><E127/><V46/><F46/><W28/><G28/><N who="0" m="17439" /><D71/><U59/><E84/><V90/><F96/><W112/><G112/><T106/><D106/><U87/><E87/><V52/><F90/><W113/><G113/><T109/><D109/><U39/><E88/><V57/><F89/><W118/><G118/><T98/><D98/><U70/><E70/><RYUUKYOKU ba="0,0" sc="66,15,254,-15,171,-15,509,15" hai0="6,9,14,44,50,56,60,61,63,64" hai3="21,22,26,29,33,37,42,45,47,53,91,95,97" /><INIT seed="4,1,0,0,0,25" ten="81,239,156,524" oya="0" hai0="102,6,113,47,121,29,92,39,11,100,30,73,15" hai1="62,5,91,61,115,118,9,133,94,27,8,53,20" hai2="28,44,0,122,49,7,134,79,68,70,107,123,59" hai3="105,1,74,57,83,112,114,14,66,111,72,65,48"/><T88/><D121/><U41/><E118/><V46/><F107/><W58/><G1/><T109/><D73/><U40/><E133/><V76/><F134/><W2/><G2/><T26/><D113/><N who="3" m="43625" /><G105/><T90/><D109/><U52/><E115/><V77/><F59/><N who="3" m="22539" /><G48/><T50/><D39/><U3/><E41/><V13/><F0/><W33/><G33/><T93/><D26/><U135/><E40/><V119/><F77/><W130/><G130/><T22/><D22/><U97/><E135/><V16/><F7/><W125/><G125/><T67/><D67/><N who="3" m="25609" /><G83/><T51/><D51/><U131/><E131/><V17/><F49/><W110/><G14/><T4/><D4/><U117/><E117/><V31/><F119/><W24/><G24/><T12/><D12/><AGARI ba="1,0" hai="12,13,16,17,28,31,44,46,68,70,76,79,122,123" machi="12" ten="25,8000,1" yaku="22,2,52,2,54,1" doraHai="25" who="2" fromWho="0" sc="81,-83,239,0,156,83,524,0" owari="-2,-50.0,239,4.0,239,-16.0,524,62.0" /></mjloggm>