<mjloggm ver="2.3"><GO type="169"/><UN n0="%E3%83%AD%E3%83%AA%E3%83%BC%E3%82%BF%E3%81%AA%E7%84%BC%E8%82%89" n1="%41%53%41%50%49%4E" n2="%EF%BC%88%E2%89%A7%E2%96%BD%E2%89%A6%EF%BC%89" n3="%E3%81%AA%E3%81%BE%E3%81%AF%E3%81%92%E3%83%AA%E3%83%BC%E3%83%81%E2%98%86" dan="16,17,18,17" rate="2087,2158,2191,2098" sx="M,M,M,M"/><TAIKYOKU oya="0"/><INIT seed="0,0,0,4,3,124" ten="250,250,250,250" oya="0" hai0="86,23,53,100,16,85,10,130,7,102,20,89,107" hai1="47,43,114,64,57,24,17,45,117,34,81,127,74" hai2="109,11,40,96,67,27,42,69,2,52,135,83,125" hai3="95,129,116,58,37,75,8,46,134,29,35,131,59"/><T65/><D65/><U106/><E117/><V61/><F125/><W105/><G105/><T63/><D107/><U88/><E127/><V49/><F135/><W104/><G104/><T119/><D119/><U51/><E106/><V39/><F96/><W98/><G116/><T126/><D126/><U76/><E114/><V3/><F109/><W82/><G134/><T9/><D130/><N who="3" m="49673" /><G8/><N who="0" m="3179" /><D23/><U28/><E17/><V77/><F11/><W97/><G29/><T70/><D7/><U94/><E47/><N who="2" m="23967" /><F27/><W4/><G35/><T0/><D70/><U122/><E57/><N who="3" m="21514" /><G4/><T41/><D41/><U78/><E64/><V18/><F67/><W56/><N who="3" m="21522" /><W62/><DORA hai="112" /><G62/><T84/><D63/><U79/><REACH who="1" step="1"/><E122/><REACH who="1" ten="250,240,250,250" step="2"/><V113/><F113/><W128/><G128/><T73/><D16/><U92/><E92/><V33/><F18/><W71/><G71/><T91/><D53/><U115/><E115/><V31/><F69/><W26/><G95/><T90/><D20/><U123/><E123/><V13/><F61/><W22/><G46/><T44/><D44/><U50/><E50/><V48/><F49/><W121/><G121/><T99/><D99/><AGARI ba="0,1" hai="24,28,34,43,45,51,74,76,78,79,81,88,94,99" machi="99" ten="30,7700,0" yaku="1,1,7,1,54,1,53,1" doraHai="124,112" doraHaiUra="19,36" who="1" fromWho="0" sc="250,-77,240,87,250,0,250,0" /><INIT seed="1,0,0,4,0,36" ten="173,327,250,250" oya="1" hai0="125,84,37,11,3,8,103,99,66,71,121,46,75" hai1="112,123,33,15,7,50,113,119,16,94,74,14,70" hai2="85,5,22,13,117,110,109,133,65,58,19,89,93" hai3="81,49,1,30,128,118,62,2,86,26,88,127,24"/><U47/><E119/><V34/><F34/><W27/><G118/><T104/><D84/><U9/><E123/><V106/><F106/><W18/><G128/><T63/><D11/><U39/><E33/><V134/><F117/><W48/><G127/><T129/><D125/><U77/><E70/><V51/><F5/><W79/><G30/><T115/><D129/><U124/><E39/><V35/><F35/><W6/><G6/><N who="0" m="1119" /><D115/><U135/><E135/><N who="2" m="51723" /><F65/><W17/><G2/><T38/><D121/><U41/><E124/><V108/><F58/><W67/><G1/><T95/><D95/><U31/><E31/><V72/><F51/><W44/><G79/><T61/><D61/><U42/><E42/><V102/><F102/><W90/><G90/><T57/><D57/><U111/><E111/><V76/><F76/><W101/><G101/><T114/><D114/><U122/><E122/><V97/><F72/><W116/><G116/><T20/><D20/><U28/><E28/><V98/><AGARI ba="0,0" hai="13,19,22,85,89,93,97,98,108,109,110" m="51723" machi="98" ten="40,2700,0" yaku="14,1,20,1" doraHai="36" who="2" fromWho="2" sc="173,-7,327,-13,250,27,250,-7" /><INIT seed="2,0,0,1,2,89" ten="166,314,277,243" oya="2" hai0="104,81,23,71,115,69,33,43,44,56,82,38,74" hai1="37,55,31,14,129,8,132,59,117,67,118,73,49" hai2="130,34,46,52,75,100,62,98,26,77,41,76,3" hai3="2,68,121,96,6,87,18,72,126,47,79,54,85"/><V17/><F3/><W103/><G121/><T110/><D115/><U78/><E37/><V4/><F4/><W102/><G68/><T45/><D33/><U15/><E129/><V122/><F122/><W5/><G126/><T35/><D35/><U10/><E132/><V16/><F130/><W65/><G65/><T119/><D119/><U112/><E112/><V64/><F75/><W133/><G72/><T57/><D110/><U105/><E105/><N who="2" m="63639" /><F77/><W93/><G133/><T19/><D104/><U111/><E111/><V40/><F76/><W123/><G123/><T91/><D74/><U114/><E114/><V39/><F41/><W32/><G32/><T51/><D71/><U107/><E107/><V113/><F113/><W92/><G2/><T109/><D69/><U48/><E78/><V60/><F52/><W90/><G102/><T94/><D109/><U24/><E73/><V27/><F62/><W131/><G18/><N who="2" m="7273" /><F34/><W36/><G131/><T29/><D29/><U99/><E67/><V63/><F64/><W30/><G30/><T84/><D57/><U13/><E49/><V120/><F120/><W116/><G116/><N who="1" m="44650" /><E99/><V66/><F66/><W101/><G101/><T0/><D0/><U1/><E1/><V86/><F86/><W95/><G36/><T125/><D56/><U12/><N who="1" m="3072" /><DORA hai="80" /><U70/><E70/><V128/><F128/><W53/><G79/><T83/><D38/><U88/><E88/><V21/><F27/><W50/><G53/><T58/><D58/><U42/><E42/><V124/><F124/><W97/><G97/><T28/><D125/><RYUUKYOKU ba="0,0" sc="166,-30,314,10,277,10,243,10" hai1="8,10,24,31,48,55,59" hai2="21,26,39,40,46,60,63" hai3="5,6,47,50,54,85,87,90,92,93,95,96,103" /><INIT seed="2,1,0,3,3,89" ten="136,324,287,253" oya="2" hai0="72,67,4,106,53,94,55,24,80,63,37,51,107" hai1="30,129,119,90,79,126,103,38,109,120,13,131,33" hai2="48,97,32,100,91,75,41,46,134,114,86,60,23" hai3="99,73,20,3,76,49,28,83,78,36,14,16,115"/><V113/><F75/><W87/><G36/><T81/><D37/><U57/><E119/><V132/><F32/><W17/><G3/><T118/><D118/><U1/><E38/><V84/><F60/><W62/><G115/><T61/><D4/><U31/><E1/><V64/><F64/><W27/><G73/><T68/><D72/><U54/><E109/><V47/><F23/><N who="3" m="15487" /><G62/><T19/><D61/><N who="1" m="36023" /><E126/><V102/><F91/><N who="3" m="51711" /><G49/><T21/><D55/><U11/><E33/><V44/><F48/><W77/><G17/><T2/><D2/><U12/><E120/><V108/><F108/><W124/><G124/><T123/><D123/><U65/><E65/><V88/><F41/><W85/><G99/><T22/><D22/><U15/><E79/><V117/><F117/><W71/><G71/><T7/><D7/><U105/><E11/><V111/><F111/><W58/><G58/><T69/><D69/><U116/><E116/><V104/><F113/><W96/><G96/><T6/><D6/><U34/><E34/><V39/><F114/><W130/><G130/><N who="1" m="49674" /><E90/><V128/><F128/><W26/><G85/><T110/><D110/><U98/><AGARI ba="1,0" hai="12,13,15,30,31,98,103,105" m="49674,36023" machi="98" ten="40,1500,0" yaku="19,1" doraHai="89" who="1" fromWho="1" sc="136,-5,324,18,287,-8,253,-5" /><INIT seed="3,0,0,5,5,91" ten="131,342,279,248" oya="3" hai0="43,27,42,81,76,2,92,4,56,89,113,65,49" hai1="111,7,55,36,83,96,130,38,102,61,90,5,29" hai2="107,84,129,22,97,80,103,116,51,74,18,75,9" hai3="62,131,14,8,60,109,118,26,121,106,85,25,93"/><W39/><G106/><T17/><D113/><U71/><E111/><V37/><F116/><W1/><G1/><T88/><D2/><U31/><E130/><V54/><F37/><W52/><G39/><T133/><D4/><U101/><E38/><V112/><F129/><W57/><G121/><T124/><D124/><U110/><E36/><V126/><F126/><W44/><G118/><T114/><D114/><U11/><E110/><V20/><F112/><W132/><G131/><T127/><D127/><U45/><E71/><V77/><F9/><W30/><G109/><T98/><D133/><U73/><E73/><V119/><F119/><W40/><G132/><T12/><D27/><U59/><E45/><V122/><F122/><W134/><G134/><T3/><D3/><U58/><E58/><V100/><F100/><W66/><G40/><T34/><D34/><U95/><E101/><V115/><F22/><W24/><G30/><N who="1" m="11274" /><E11/><V78/><F78/><W67/><G44/><T28/><D28/><U123/><E123/><V68/><F68/><W50/><G67/><T82/><D76/><U15/><E15/><V70/><F70/><W21/><G66/><T19/><D65/><U128/><E128/><V63/><F115/><W41/><G41/><N who="0" m="15371" /><D12/><U79/><E79/><V94/><F107/><W87/><G24/><T47/><D47/><U105/><E105/><V53/><F20/><W104/><G25/><T64/><D64/><U10/><E10/><V13/><F13/><W32/><G26/><T48/><D56/><U16/><E16/><V69/><F69/><W23/><G14/><RYUUKYOKU ba="0,0" sc="131,-10,342,30,279,-10,248,-10" hai1="5,7,55,59,61,83,90,95,96,102" /><INIT seed="4,1,0,0,1,22" ten="121,372,269,238" oya="0" hai0="103,57,115,24,135,133,6,101,67,89,59,70,51" hai1="4,5,124,106,56,28,26,10,12,127,48,7,100" hai2="52,134,38,72,20,74,39,18,108,71,9,96,53" hai3="93,131,87,112,65,122,79,130,83,13,0,11,92"/><T125/><D115/><U76/><E76/><V33/><F33/><W123/><G0/><T46/><D125/><N who="1" m="48203" /><E100/><V40/><F71/><W25/><G65/><T64/><D6/><N who="1" m="2667" /><E106/><V88/><F40/><W90/><G112/><T119/><D119/><U116/><E56/><V55/><F108/><W41/><G41/><T105/><D105/><U68/><E48/><V66/><F134/><W47/><G47/><T104/><D104/><U3/><E68/><V80/><F66/><W63/><G63/><T111/><D89/><U128/><E128/><N who="3" m="49194" /><G93/><T110/><D70/><U15/><E116/><V102/><F39/><W16/><G25/><T19/><D24/><U78/><E78/><V82/><F38/><W27/><G27/><T43/><D43/><U129/><E129/><V14/><F72/><AGARI ba="1,0" hai="11,13,16,72,79,83,87,90,92,122,123" m="49194" machi="72" ten="30,2000,0" yaku="19,1,54,1" doraHai="22" who="3" fromWho="2" sc="121,0,372,0,269,-23,238,23" /><INIT seed="5,0,0,4,0,51" ten="121,372,246,261" oya="1" hai0="56,120,93,90,19,57,115,13,62,64,61,77,131" hai1="116,50,10,66,108,123,46,112,88,21,68,82,85" hai2="48,126,125,18,32,60,83,81,8,28,20,35,0" hai3="26,17,135,134,1,101,100,103,132,41,73,54,63"/><U113/><E116/><V95/><F60/><W44/><G73/><T49/><D120/><U58/><E123/><V76/><F95/><W39/><G1/><T79/><D115/><N who="1" m="44107" /><E68/><V117/><F117/><W74/><G74/><T78/><D131/><U4/><E21/><V36/><F36/><W75/><G75/><T128/><D128/><U43/><E108/><V87/><F81/><W9/><G26/><T94/><D49/><U89/><E58/><V16/><F18/><W72/><G72/><T91/><D93/><U109/><E66/><V107/><F107/><W102/><N who="3" m="25600" /><DORA hai="7" /><W121/><G121/><T114/><D114/><U124/><E124/><N who="2" m="47723" /><F48/><W104/><G104/><T92/><D92/><U69/><E69/><V37/><F37/><W6/><G6/><T129/><D129/><U71/><E71/><V96/><F28/><W98/><G98/><T24/><D24/><U27/><E27/><N who="2" m="14727" /><F96/><W130/><G130/><T86/><D91/><N who="1" m="51639" /><E109/><V12/><F0/><AGARI ba="0,0" hai="0,4,10,43,46,50,88,89" m="51639,44107" machi="0" ten="30,5800,0" yaku="15,1,52,1,54,1" doraHai="51,7" who="1" fromWho="2" sc="121,0,372,58,246,-58,261,0" /><INIT seed="5,1,0,5,4,67" ten="121,430,188,261" oya="1" hai0="114,132,41,26,58,47,69,4,117,80,81,5,99" hai1="16,43,121,30,13,32,111,53,97,66,40,116,124" hai2="61,108,79,106,14,131,113,133,48,100,77,60,93" hai3="28,89,110,39,65,71,104,21,23,115,55,6,101"/><U75/><E116/><V37/><F108/><W92/><G39/><T35/><D117/><U45/><E75/><V130/><F37/><W84/><G110/><T3/><D114/><U98/><E111/><V62/><F106/><W78/><G115/><T88/><D132/><U134/><E121/><V83/><F113/><W57/><G6/><T112/><D112/><U91/><E134/><V85/><F133/><W74/><G28/><T128/><D128/><N who="2" m="49194" /><F48/><W123/><G123/><T42/><D58/><U56/><E124/><V24/><F24/><W126/><G126/><T94/><D69/><U51/><E32/><V127/><F127/><W19/><G65/><T73/><D73/><U90/><E30/><V49/><F49/><N who="3" m="30959" /><G19/><T72/><D72/><U22/><E66/><V1/><F1/><W17/><G17/><T8/><D5/><U95/><E45/><V119/><F14/><W25/><G71/><T96/><D96/><U86/><E98/><N who="2" m="59471" /><F119/><W9/><G25/><T20/><D35/><U18/><E18/><V125/><F125/><W27/><G27/><T63/><D63/><U68/><E68/><V15/><F15/><W11/><G104/><T120/><D120/><U102/><E90/><AGARI ba="1,0" hai="60,61,62,77,79,83,85,90" m="59471,49194" machi="90" ten="30,1000,0" yaku="19,1" doraHai="67" who="2" fromWho="1" sc="121,0,430,-13,188,13,261,0" /><INIT seed="6,0,0,4,3,68" ten="121,417,201,261" oya="2" hai0="77,31,38,104,134,128,0,28,70,125,103,93,4" hai1="73,17,36,112,105,69,67,119,79,132,20,6,113" hai2="48,80,46,107,120,86,127,56,58,100,54,3,33" hai3="24,89,87,57,126,65,8,76,71,52,45,96,14"/><V131/><F120/><W15/><G126/><T30/><D125/><U39/><E119/><V98/><F127/><W101/><G76/><T114/><D114/><N who="1" m="44139" /><E105/><V16/><F131/><W82/><G71/><T129/><D134/><U51/><E132/><V95/><F33/><W2/><G65/><T130/><D70/><U11/><E51/><V42/><F3/><W61/><G24/><T124/><D124/><U109/><E109/><V106/><F16/><W47/><G2/><T53/><D77/><U19/><E19/><V32/><F56/><W21/><G21/><T75/><D75/><U34/><E34/><V118/><F32/><W43/><G8/><N who="0" m="2055" /><D53/><U60/><E11/><V35/><F35/><W41/><G41/><T27/><D104/><U22/><E6/><V50/><REACH who="2" step="1"/><F118/><REACH who="2" ten="121,417,191,261" step="2"/><W13/><G13/><T83/><D27/><N who="1" m="14735" /><E22/><V18/><F18/><W116/><G116/><T66/><D28/><U97/><E97/><V62/><F62/><W29/><G29/><T108/><D30/><U110/><E110/><V115/><F115/><W92/><G45/><T74/><D31/><U84/><E73/><V37/><F37/><AGARI ba="0,1" hai="14,15,37,43,47,52,57,61,82,87,89,92,96,101" machi="37" ten="30,3900,0" yaku="7,1,52,1,54,1" doraHai="68" who="3" fromWho="2" sc="121,0,417,0,191,-39,261,49" /><INIT seed="7,0,0,3,2,63" ten="121,417,152,310" oya="3" hai0="25,115,110,43,5,111,109,16,24,100,10,26,83" hai1="32,17,73,88,28,30,114,96,0,75,29,67,23" hai2="62,65,77,118,69,108,60,45,18,130,48,27,125" hai3="31,95,39,58,21,41,66,93,3,59,40,82,47"/><W15/><G3/><N who="0" m="319" /><D83/><U68/><E114/><V13/><F118/><W104/><G104/><T57/><D100/><U116/><E116/><V112/><F108/><N who="0" m="27650" /><T133/><DORA hai="85" /><D57/><U74/><E0/><V6/><F112/><W131/><G131/><T89/><D43/><U107/><E32/><V113/><F113/><W56/><G66/><T106/><D89/><U55/><E55/><N who="2" m="30095" /><F130/><W53/><G40/><T123/><D106/><U81/><E107/><V91/><F69/><W22/><G53/><T117/><D115/><U42/><E42/><V105/><F105/><W86/><G22/><N who="0" m="13383" /><D117/><U76/><E67/><V79/><F125/><W12/><G12/><T97/><D97/><U46/><E68/><V19/><F91/><W64/><G64/><T2/><D123/><U37/><E46/><V11/><F27/><N who="0" m="10250" /><D2/><U124/><E124/><V128/><F128/><W80/><G31/><T99/><D99/><U132/><E132/><AGARI ba="0,0" hai="132,133" m="10250,13383,27650,319" machi="132" ten="50,6400,0" yaku="34,2,54,1" doraHai="63,85" who="0" fromWho="1" sc="121,64,417,-64,152,0,310,0" owari="185,-21.0,353,45.0,152,-35.0,310,11.0" /></mjloggm>