<mjloggm ver="2.3"><GO type="41" lobby="0"/><UN n0="%EF%BC%A4%EF%BD%85%EF%BD%93%EF%BD%94%EF%BD%89%EF%BD%8E%EF%BD%99" n1="%E3%82%A6%E3%83%AB%E3%83%88%E3%83%A9%E7%AB%8B%E7%9B%B4" n2="%E9%B3%A5%E5%8F%96%E7%9C%8C" n3="%44%75%61%6C%43%6F%72%65" dan="15,16,15,14" rate="2005.64,2026.56,1954.15,1977.66" sx="M,M,M,M"/><TAIKYOKU oya="0"/><INIT seed="0,0,0,3,2,75" ten="250,250,250,250" oya="0" hai0="106,130,1,79,113,33,72,63,48,105,57,13,126" hai1="29,119,20,135,132,108,52,116,125,93,82,100,124" hai2="42,117,64,40,110,50,115,38,134,41,35,39,92" hai3="34,71,114,10,87,95,6,128,45,27,30,80,5"/><T28/><D113/><U3/><E20/><V68/><F35/><W44/><G114/><T9/><D1/><U15/><E29/><V24/><F24/><W66/><G128/><T85/><D72/><U32/><E15/><V84/><F117/><W51/><G44/><T18/><D130/><U22/><E22/><V17/><F17/><W91/><G71/><T8/><D126/><N who="1" m="48747" /><E32/><V129/><F129/><W69/><G69/><T111/><D111/><U16/><E16/><V86/><F115/><W2/><G66/><T60/><D8/><U7/><E7/><V61/><F86/><W25/><G6/><T131/><D131/><U99/><E3/><V98/><F84/><W56/><G56/><T77/><D105/><U90/><E52/><V43/><F92/><W67/><G67/><T102/><D102/><U37/><E37/><N who="2" m="13835" /><F98/><W59/><G59/><T19/><D106/><U14/><E14/><V0/><F0/><W26/><G95/><T89/><D19/><U118/><E108/><V133/><F110/><W94/><G94/><T65/><D28/><U81/><E100/><V109/><F109/><W36/><G36/><T121/><D33/><U104/><E104/><V120/><F120/><W74/><G74/><T46/><D121/><U31/><E31/><V76/><F76/><W88/><G91/><T112/><D63/><U83/><AGARI ba="0,0" hai="81,82,83,90,93,99,116,118,119,132,135" m="48747" machi="83" ten="40,5200,0" yaku="18,1,34,2" doraHai="75" who="1" fromWho="1" sc="250,-26,250,52,250,-13,250,-13" /><INIT seed="1,0,0,0,3,76" ten="224,302,237,237" oya="1" hai0="90,31,59,107,113,23,51,20,114,69,77,27,55" hai1="110,133,132,116,112,44,46,108,10,124,57,34,102" hai2="85,89,32,39,118,92,26,13,100,17,2,127,65" hai3="123,79,16,45,62,126,4,15,5,66,35,75,41"/><U52/><E34/><V101/><F2/><W60/><G123/><T28/><D69/><U47/><E102/><V128/><F39/><W122/><G122/><T6/><D107/><U29/><E29/><V1/><F118/><W125/><G35/><T42/><D6/><U8/><E116/><V78/><F1/><W131/><G131/><T58/><D42/><U91/><E112/><V80/><F128/><W40/><G40/><T87/><D77/><U96/><E124/><N who="3" m="47722" /><G60/><T7/><D7/><U111/><E96/><V105/><F127/><W25/><G25/><T94/><REACH who="0" step="1"/><D58/><REACH who="0" ten="214,302,237,237" step="2"/><U81/><E132/><V12/><F105/><W93/><G79/><T53/><D53/><U82/><E133/><V84/><F65/><W73/><G5/><T49/><D49/><N who="1" m="30863" /><E91/><V83/><F78/><W117/><G4/><T61/><D61/><U37/><E37/><V74/><F101/><W38/><G117/><T67/><D67/><U70/><E70/><V33/><F100/><W71/><G93/><T121/><D121/><U106/><E106/><V22/><F92/><W103/><G103/><T119/><D119/><U104/><E104/><V129/><F129/><W0/><G0/><T135/><D135/><U109/><N who="1" m="28160" /><DORA hai="3" /><U130/><E130/><V19/><F74/><W36/><G36/><T43/><D43/><U18/><E18/><V48/><F19/><W11/><AGARI ba="0,1" hai="11,15,16,38,41,45,62,66,71,73,75" m="47722" machi="11" ten="30,2000,0" yaku="18,1,54,1" doraHai="76,3" who="3" fromWho="3" sc="214,-5,302,-10,237,-5,237,30" /><INIT seed="2,0,0,0,4,23" ten="209,292,232,267" oya="2" hai0="78,93,5,67,46,99,131,94,28,32,8,127,68" hai1="63,104,13,0,41,7,84,113,43,122,22,110,47" hai2="74,107,36,62,17,38,95,49,2,48,70,96,31" hai3="35,54,82,66,125,134,120,14,33,37,55,123,39"/><V53/><F2/><W69/><G125/><T65/><D127/><U77/><E104/><V128/><F74/><W11/><G134/><T103/><D131/><U97/><E113/><V29/><F107/><W19/><G37/><T108/><D108/><U121/><E110/><V75/><F75/><W109/><G109/><T6/><D6/><U45/><E0/><V116/><F116/><W24/><G39/><T12/><D78/><U111/><E111/><V79/><F79/><W87/><G69/><T73/><D73/><U18/><E7/><V59/><F128/><W3/><G3/><T64/><D68/><U129/><E97/><V42/><F70/><W102/><G102/><T9/><D9/><U92/><E129/><V10/><F38/><W114/><G114/><T91/><D46/><U16/><E63/><V124/><F36/><W58/><G35/><T4/><D4/><U135/><E135/><V26/><F124/><W81/><G120/><T56/><D28/><N who="2" m="10826" /><F42/><W52/><G123/><T105/><D32/><U50/><E121/><V76/><F76/><W44/><G44/><T130/><D105/><U100/><E122/><V126/><F126/><W30/><REACH who="3" step="1"/><G87/><REACH who="3" ten="209,292,232,257" step="2"/><N who="0" m="52479" /><D130/><U85/><E85/><V60/><F96/><W98/><G98/><T90/><D103/><U133/><E100/><V115/><F115/><W1/><G1/><T15/><D99/><U106/><E133/><V86/><F86/><W117/><G117/><T101/><D101/><U27/><E106/><V89/><F89/><W132/><G132/><T25/><D90/><U112/><E112/><V119/><F119/><RYUUKYOKU ba="0,1" sc="209,-10,292,-10,232,-10,257,30" hai3="11,14,19,24,30,33,52,54,55,58,66,81,82" /><INIT seed="3,1,1,4,3,66" ten="199,282,222,287" oya="3" hai0="80,78,101,16,37,14,70,40,123,58,91,59,54" hai1="117,57,53,72,62,79,73,125,44,84,134,51,122" hai2="19,24,36,107,48,5,106,35,47,46,85,23,128" hai3="8,2,28,65,94,93,26,76,11,6,124,133,83"/><W31/><G133/><T104/><D123/><U42/><E122/><V39/><F128/><W50/><G124/><T109/><D109/><U13/><E134/><V111/><F111/><W130/><G130/><T52/><D37/><U132/><E132/><V115/><F115/><W131/><G131/><T3/><D40/><U96/><E125/><V120/><F120/><W71/><G31/><T64/><D3/><U90/><E117/><V12/><F5/><W81/><G11/><T0/><D0/><U43/><E73/><V1/><F1/><W27/><G27/><T92/><D101/><U60/><E72/><V49/><F85/><W127/><G127/><T87/><D104/><U75/><E75/><V38/><F35/><W103/><G76/><T118/><D118/><U95/><E13/><V61/><F61/><W135/><G135/><T116/><D70/><U55/><E60/><V69/><F69/><W89/><G65/><T108/><D108/><U9/><E9/><V129/><F129/><W33/><G71/><T99/><D116/><U100/><REACH who="1" step="1"/><E79/><REACH who="1" ten="199,272,222,287" step="2"/><V63/><F63/><W86/><REACH who="3" step="1"/><G50/><REACH who="3" ten="199,272,222,277" step="2"/><T126/><D126/><U22/><E22/><V21/><F48/><W4/><G4/><T30/><D64/><U68/><E68/><V32/><F49/><W7/><G7/><T17/><D78/><U102/><E102/><V10/><F36/><W20/><G20/><T67/><D67/><U110/><E110/><V82/><F39/><W74/><G74/><T15/><D91/><U112/><E112/><V98/><F38/><W56/><G56/><T25/><D59/><RYUUKYOKU ba="1,3" sc="199,-15,272,15,222,-15,277,15" hai1="42,43,44,51,53,55,57,62,84,90,95,96,100" hai3="2,6,8,26,28,33,81,83,86,89,93,94,103" /><INIT seed="3,2,3,1,2,101" ten="184,287,207,292" oya="3" hai0="2,14,65,69,42,47,126,1,103,92,35,10,45" hai1="4,28,3,74,40,127,86,31,44,89,125,109,66" hai2="133,70,37,90,24,36,62,17,116,96,77,51,59" hai3="117,67,71,131,32,23,76,18,19,5,80,94,97"/><W105/><G32/><T61/><D126/><N who="1" m="48139" /><E74/><V15/><F116/><W91/><G117/><T13/><D47/><U113/><E113/><V108/><F108/><W12/><G5/><T130/><D14/><U68/><E109/><V132/><F77/><W121/><G121/><T114/><D35/><U16/><E66/><V123/><F24/><W88/><G131/><T95/><D130/><U99/><E68/><V78/><F78/><W106/><G91/><T128/><D128/><U129/><E99/><V63/><F51/><W83/><G83/><T93/><D103/><U48/><E16/><V73/><F73/><W55/><G55/><T100/><D100/><U20/><E20/><V104/><F123/><W124/><G124/><T6/><REACH who="0" step="1"/><D114/><REACH who="0" ten="174,287,207,292" step="2"/><U25/><E129/><V29/><F15/><W107/><G19/><T38/><AGARI ba="2,4" hai="1,2,6,10,13,38,42,45,61,65,69,92,93,95" machi="38" ten="30,4000,0" yaku="1,1,2,1,0,1,53,0" doraHai="101" doraHaiUra="135" who="0" fromWho="0" sc="174,86,287,-12,207,-12,292,-22" /><INIT seed="4,0,0,0,2,64" ten="260,275,195,270" oya="0" hai0="8,69,86,108,75,65,93,84,41,30,76,27,12" hai1="5,96,15,47,2,6,23,83,17,3,91,99,68" hai2="103,104,116,113,95,77,31,107,25,110,7,130,134" hai3="102,0,97,11,18,81,59,49,80,82,98,53,125"/><T61/><D108/><U51/><E3/><V56/><F116/><W79/><G125/><T35/><D41/><U52/><E2/><V10/><F110/><W131/><G131/><T74/><D84/><U60/><E96/><V28/><F77/><W66/><G97/><T73/><D93/><U43/><E99/><V115/><F56/><W57/><G0/><T129/><D86/><U85/><E68/><V70/><F70/><W109/><G109/><T100/><D100/><U50/><REACH who="1" step="1"/><E60/><REACH who="1" ten="260,265,195,270" step="2"/><V40/><F113/><W33/><G33/><T19/><REACH who="0" step="1"/><D129/><REACH who="0" ten="250,265,195,270" step="2"/><U72/><E72/><V112/><F130/><W32/><G102/><T122/><D122/><U90/><E90/><V26/><F112/><W128/><G98/><T24/><D24/><U48/><E48/><V1/><F115/><W46/><G128/><T55/><D55/><U111/><E111/><V13/><F103/><W42/><G53/><T94/><D94/><U58/><AGARI ba="0,2" hai="5,6,15,17,23,43,47,50,51,52,58,83,85,91" machi="58" ten="20,8000,1" yaku="1,1,0,1,7,1,8,1,54,1,53,0" doraHai="64" doraHaiUra="132" who="1" fromWho="1" sc="250,-40,265,100,195,-20,270,-20" /><INIT seed="5,0,0,0,3,10" ten="210,365,175,250" oya="1" hai0="134,7,126,31,81,87,113,36,14,122,50,60,97" hai1="71,75,52,73,9,118,91,124,17,12,20,70,95" hai2="133,121,102,44,123,2,24,41,55,127,104,28,115" hai3="131,68,6,4,45,125,38,61,11,34,120,112,100"/><U108/><E118/><V51/><F2/><W69/><G4/><T42/><D36/><U62/><E108/><V128/><F104/><W48/><G120/><T135/><D122/><U84/><E124/><V63/><F102/><W8/><G8/><T16/><D31/><U18/><E70/><V5/><F5/><W114/><G34/><T26/><D126/><U98/><E71/><V27/><F127/><W67/><G125/><T22/><D113/><U23/><E9/><V77/><F77/><W3/><G69/><T82/><D97/><U1/><E1/><V46/><F28/><W78/><G131/><T57/><D7/><U83/><E62/><V39/><F27/><W40/><G100/><T56/><D26/><U76/><E52/><V58/><F24/><AGARI ba="0,0" hai="12,17,18,20,23,24,73,75,76,83,84,91,95,98" machi="24" ten="30,2900,0" yaku="7,1,52,1" doraHai="10" who="1" fromWho="2" sc="210,0,365,29,175,-29,250,0" /><INIT seed="5,1,0,1,2,36" ten="210,394,146,250" oya="1" hai0="50,135,132,123,66,116,17,112,8,15,0,98,99" hai1="108,32,133,57,77,81,33,45,27,114,68,86,111" hai2="54,7,128,31,71,96,70,93,61,119,84,2,37" hai3="42,107,38,75,40,110,126,9,39,87,72,10,53"/><U48/><E68/><V49/><F119/><W115/><G110/><T129/><D129/><U94/><E133/><N who="0" m="51273" /><D116/><U92/><E114/><V97/><F37/><W4/><G115/><T35/><D66/><U74/><E57/><V64/><F128/><W6/><G87/><T22/><D112/><U55/><E74/><V106/><F106/><W130/><G130/><T109/><D50/><U28/><E33/><V104/><F104/><W121/><G107/><T3/><D99/><U23/><E32/><V131/><F131/><W67/><G67/><T19/><D98/><U82/><E82/><V26/><F84/><W117/><G53/><T58/><D58/><U118/><E118/><V101/><F97/><W79/><G117/><T44/><D44/><U122/><E122/><V78/><F78/><W91/><G91/><T60/><D60/><U29/><E29/><V46/><F7/><W63/><G126/><T5/><D109/><AGARI ba="1,0" hai="23,27,28,45,48,55,77,81,86,92,94,108,109,111" machi="109" ten="40,2000,0" yaku="10,1" doraHai="36" who="1" fromWho="0" sc="210,-23,394,23,146,0,250,0" /><INIT seed="5,2,0,0,5,92" ten="187,417,146,250" oya="1" hai0="56,118,89,74,62,0,106,14,71,59,16,86,54" hai1="120,10,116,51,53,78,130,15,38,133,79,28,48" hai2="128,50,5,98,45,49,1,132,37,103,80,33,99" hai3="44,119,23,69,9,27,63,105,95,134,55,107,8"/><U22/><E38/><V24/><F132/><W4/><G134/><T117/><D0/><U77/><E120/><V34/><F128/><W42/><G119/><T30/><D71/><U129/><E116/><V135/><F135/><W112/><G112/><T97/><D74/><U101/><E133/><V121/><F121/><W46/><G9/><T96/><D30/><U11/><E11/><V29/><F80/><W17/><G69/><T18/><D106/><U43/><E43/><V68/><F68/><W31/><G46/><T64/><D118/><U90/><E129/><V104/><F34/><W87/><G31/><T84/><D84/><U65/><E65/><V73/><F73/><W47/><G47/><T70/><D18/><U83/><E130/><V6/><F1/><W82/><G95/><N who="0" m="54711" /><D70/><U7/><E101/><V12/><F12/><W131/><G131/><T91/><D91/><U127/><E127/><V109/><F109/><W25/><G25/><T35/><D35/><U100/><E100/><V60/><F60/><W76/><G55/><T66/><D117/><U36/><E36/><V123/><F123/><W81/><G81/><T20/><D64/><U122/><E122/><V102/><F37/><W125/><G63/><AGARI ba="2,0" hai="14,16,20,54,56,59,62,63,66,96,97" m="54711" machi="63" ten="30,7700,0" yaku="8,1,52,2,54,1" doraHai="92" who="0" fromWho="3" sc="187,83,417,0,146,0,250,-83" /><INIT seed="6,0,0,1,5,98" ten="270,417,146,167" oya="2" hai0="84,77,31,34,3,5,92,106,103,43,112,49,42" hai1="86,0,8,15,116,14,33,68,65,99,102,111,46" hai2="19,104,38,101,60,81,47,59,134,51,121,74,115" hai3="7,21,58,39,117,124,20,118,130,119,2,44,83"/><V35/><F121/><W36/><G7/><T76/><D34/><U94/><E33/><V17/><F38/><N who="3" m="14379" /><G83/><T109/><D31/><U10/><E68/><V82/><F134/><W96/><G96/><T63/><D106/><U131/><E0/><V55/><F115/><W129/><G2/><T88/><D112/><U72/><E72/><V24/><F74/><W23/><G58/><T71/><D5/><U27/><E27/><V122/><F122/><W57/><G57/><T16/><D109/><U66/><E111/><V125/><F125/><W56/><G56/><T4/><D4/><U95/><E46/><V45/><F45/><W90/><G44/><T128/><D3/><U91/><E116/><V67/><F19/><W105/><G105/><T54/><D63/><U120/><E120/><V93/><F104/><W70/><G90/><T18/><D71/><U22/><E22/><N who="2" m="13391" /><F35/><W11/><G11/><T13/><D18/><N who="1" m="8519" /><E131/><N who="3" m="50186" /><G70/><T132/><D132/><U30/><E30/><V85/><F85/><W133/><G133/><T41/><D128/><U89/><E89/><V37/><F37/><W114/><G114/><T126/><D126/><AGARI ba="0,0" hai="20,21,23,117,118,119,124,126" m="50186,14379" machi="126" ten="50,6400,0" yaku="28,2,19,1" doraHai="98" who="3" fromWho="0" sc="270,-64,417,0,146,0,167,64" /><INIT seed="7,0,0,4,2,44" ten="206,417,146,231" oya="3" hai0="127,55,39,93,54,10,9,85,113,24,14,16,70" hai1="52,12,114,20,83,25,15,121,90,103,8,133,76" hai2="89,100,106,63,58,74,124,122,51,0,59,115,118" hai3="135,57,43,91,1,123,78,97,80,23,94,71,128"/><W86/><G71/><T61/><D39/><U101/><E121/><V41/><F122/><W34/><G123/><T33/><D127/><U116/><E116/><V75/><F0/><W110/><G1/><T27/><D113/><U64/><E114/><V2/><F124/><W130/><G34/><T50/><D70/><U3/><E3/><V17/><F2/><W134/><G43/><T95/><D33/><U84/><E64/><V65/><F118/><W132/><G57/><N who="0" m="35007" /><D9/><U77/><E133/><V28/><F115/><W102/><G23/><T53/><D53/><U119/><E119/><V81/><F28/><W129/><G110/><T111/><D111/><U13/><E8/><V107/><F17/><W108/><G108/><T120/><D120/><U125/><E125/><V21/><F21/><W98/><G98/><T19/><D19/><U30/><E52/><V62/><F100/><AGARI ba="0,0" hai="12,13,15,20,25,30,76,77,83,84,90,100,101,103" machi="100" ten="40,1300,0" yaku="8,1" doraHai="44" who="1" fromWho="2" sc="206,0,417,13,146,-13,231,0" owari="206,-19.0,430,53.0,133,-37.0,231,3.0" /></mjloggm>