<mjloggm ver="2.3"><GO type="169" lobby="0"/><UN n0="%E3%83%A4%E3%83%9E%E3%83%84%E3%82%AB%E3%83%9F" n1="%E5%A4%A2%E8%A6%8B%E3%82%8B%E5%B0%91%E5%A5%B3" n2="%EF%BC%88%E2%89%A7%E2%96%BD%E2%89%A6%EF%BC%89" n3="%E5%88%BB%E5%AD%90%E5%B8%82%E6%B0%91" dan="16,16,17,16" rate="2048.00,2075.30,2131.06,2036.18" sx="M,F,M,M"/><TAIKYOKU oya="0"/><INIT seed="0,0,0,2,1,92" ten="250,250,250,250" oya="0" hai0="114,89,132,93,115,120,44,111,30,110,18,100,12" hai1="1,78,68,22,128,16,59,97,135,47,102,46,64" hai2="96,117,14,77,38,69,99,98,104,0,40,63,43" hai3="49,87,10,45,126,41,4,134,123,113,109,70,85"/><T94/><D120/><U80/><E68/><V121/><F121/><W75/><G75/><T130/><D30/><U32/><E32/><V88/><F117/><W90/><G70/><T73/><D73/><U54/><E1/><V7/><F0/><W86/><G123/><T5/><D5/><U48/><E135/><V8/><F104/><W131/><G113/><T50/><D132/><U133/><E128/><V108/><F108/><N who="0" m="41514" /><D100/><U60/><E133/><V3/><F3/><W17/><G109/><T9/><D130/><U20/><E47/><V112/><F112/><N who="0" m="43050" /><D89/><U25/><E22/><V57/><F69/><W2/><G134/><T103/><D103/><U34/><E34/><V118/><F118/><W15/><G131/><T51/><D51/><U76/><REACH who="1" step="1"/><E80/><REACH who="1" ten="250,240,250,250" step="2"/><V28/><F38/><W129/><G129/><T55/><AGARI ba="0,1" hai="9,12,18,44,50,55,93,94" m="43050,41514" machi="55" ten="30,3000,0" yaku="14,1,10,1" doraHai="92" who="0" fromWho="0" sc="250,40,240,-10,250,-10,250,-10" /><INIT seed="0,1,0,3,5,135" ten="290,230,240,240" oya="0" hai0="123,80,131,98,59,87,66,44,82,31,58,103,74" hai1="53,110,25,106,88,124,70,132,96,116,36,104,45" hai2="42,101,41,105,56,0,37,30,121,8,130,1,33" hai3="10,26,61,118,43,126,38,92,2,3,99,112,50"/><T95/><D123/><U40/><E116/><V127/><F121/><W108/><G38/><T102/><D131/><U24/><E132/><V97/><F130/><W64/><G112/><T57/><D74/><U34/><E70/><V111/><F56/><W16/><G118/><T134/><D134/><U77/><E77/><V6/><F41/><W15/><G108/><T86/><D31/><U129/><E110/><V113/><F111/><W119/><G119/><T133/><D102/><U65/><E129/><V17/><F17/><W35/><G35/><T39/><D39/><U71/><E53/><V73/><F113/><W75/><G75/><T12/><D44/><U125/><E65/><V21/><F21/><W60/><G26/><N who="1" m="10346" /><E71/><V19/><F19/><W67/><G61/><N who="0" m="38191" /><D133/><U46/><E46/><N who="2" m="23887" /><F73/><W18/><G67/><T94/><D94/><N who="1" m="56391" /><E34/><V11/><F33/><W13/><G43/><T89/><D12/><U5/><E5/><N who="2" m="1071" /><F30/><W91/><G50/><T107/><D107/><U48/><E48/><V49/><F49/><W9/><G3/><T47/><D47/><U32/><E32/><V120/><F120/><W27/><G2/><T22/><D22/><U90/><E90/><AGARI ba="1,0" hai="58,59,80,82,86,87,89,90,95,98,103" m="38191" machi="90" ten="30,1500,0" yaku="8,1" doraHai="135" who="0" fromWho="1" sc="290,18,230,-18,240,0,240,0" /><INIT seed="0,2,0,5,1,104" ten="308,212,240,240" oya="0" hai0="113,86,23,94,90,35,37,130,116,134,126,69,49" hai1="127,114,67,43,106,78,82,50,51,122,74,54,16" hai2="5,117,76,135,27,3,44,28,59,1,79,110,48" hai3="6,93,107,81,72,58,108,83,15,30,10,103,24"/><T70/><D113/><U120/><E114/><V20/><F110/><W68/><G107/><T73/><D37/><U63/><E106/><V109/><F109/><W115/><G68/><T31/><D35/><U4/><E127/><V129/><F117/><W60/><G115/><T121/><D116/><U128/><E4/><V34/><F135/><W97/><G72/><T46/><D121/><U102/><E102/><V57/><F129/><W52/><REACH who="3" step="1"/><G108/><REACH who="3" ten="308,212,240,230" step="2"/><T36/><D73/><U124/><E122/><V38/><F1/><W85/><G85/><T2/><D2/><U66/><E120/><V88/><F3/><W61/><G61/><T132/><D132/><U0/><E0/><V133/><F133/><W99/><G99/><T55/><D134/><U118/><E63/><V131/><F131/><W92/><G92/><T65/><D130/><U40/><E128/><V101/><F79/><W95/><G95/><T33/><D126/><U56/><E124/><V9/><F76/><W62/><G62/><T8/><D86/><U64/><E118/><V22/><F101/><W19/><G19/><T87/><D87/><U13/><REACH who="1" step="1"/><E50/><REACH who="1" ten="308,202,240,230" step="2"/><V25/><F48/><W71/><G71/><T125/><D125/><U32/><E32/><AGARI ba="2,2" hai="6,10,15,24,30,32,52,58,60,81,83,93,97,103" machi="32" ten="30,7700,0" yaku="1,1,7,1,54,1,53,1" doraHai="104" doraHaiUra="26" who="3" fromWho="1" sc="308,0,202,-83,240,0,230,103" /><INIT seed="1,0,0,1,0,98" ten="308,119,240,333" oya="1" hai0="130,36,83,20,58,16,111,118,8,92,102,91,82" hai1="54,42,64,60,62,72,84,78,27,45,63,53,4" hai2="35,90,37,134,49,69,29,22,126,94,103,71,127" hai3="23,128,12,1,76,31,110,85,55,15,32,120,80"/><U51/><E72/><V95/><F37/><W67/><G120/><T46/><D118/><U21/><E4/><V38/><F38/><W79/><G1/><T115/><D115/><U75/><E75/><V112/><F35/><W26/><G67/><T59/><D111/><U96/><E64/><V57/><F112/><W124/><G110/><T73/><D130/><U89/><E78/><V77/><F77/><W10/><G128/><T107/><D8/><U11/><E11/><V131/><F131/><W14/><G124/><N who="2" m="47657" /><F134/><W119/><G119/><T43/><D83/><N who="1" m="49311" /><E96/><N who="2" m="59807" /><F49/><W108/><G108/><T116/><D116/><U17/><AGARI ba="0,0" hai="17,21,27,42,45,51,53,54,60,62,63" m="49311" machi="17" ten="30,1500,0" yaku="8,1" doraHai="98" who="1" fromWho="1" sc="308,-5,119,15,240,-5,333,-5" /><INIT seed="1,1,0,1,2,102" ten="303,134,235,328" oya="1" hai0="104,77,67,108,96,29,101,115,28,9,69,7,111" hai1="31,55,124,82,21,74,72,41,38,14,91,5,130" hai2="44,85,131,58,27,15,121,113,18,89,54,45,59" hai3="134,79,62,65,117,23,125,12,1,47,116,40,83"/><U88/><E41/><V100/><F131/><W81/><G1/><T13/><D77/><U0/><E38/><V24/><F121/><W37/><G125/><T50/><D115/><U112/><E112/><V70/><F100/><W16/><G134/><T76/><D76/><U49/><E0/><V3/><F3/><W90/><G90/><T63/><REACH who="0" step="1"/><D50/><REACH who="0" ten="293,134,235,328" step="2"/><U39/><E124/><V114/><F113/><W73/><REACH who="3" step="1"/><G83/><REACH who="3" ten="293,134,235,318" step="2"/><T71/><D71/><AGARI ba="1,2" hai="12,16,23,37,40,47,62,65,71,73,79,81,116,117" machi="71" ten="40,5200,0" yaku="1,1,2,1,54,1,53,0" doraHai="102" doraHaiUra="95" who="3" fromWho="0" sc="293,-55,134,0,235,0,318,75" /><INIT seed="2,0,0,5,5,67" ten="238,134,235,393" oya="2" hai0="122,56,70,84,5,113,35,58,9,98,131,93,2" hai1="20,129,52,26,135,68,74,90,18,36,54,87,95" hai2="91,62,22,60,88,133,80,83,13,82,130,77,128" hai3="101,120,103,124,105,59,27,96,127,97,7,10,6"/><V117/><F117/><W89/><G120/><T112/><D122/><U65/><E36/><V55/><F133/><W49/><G89/><N who="2" m="34377" /><F77/><W71/><G27/><T16/><D35/><U61/><E135/><V11/><F22/><W34/><G34/><T17/><D70/><U76/><REACH who="1" step="1"/><E129/><REACH who="1" ten="238,124,235,393" step="2"/><N who="2" m="49771" /><F55/><W100/><G127/><T116/><D131/><U123/><E123/><V0/><F0/><W38/><G124/><T31/><D116/><U46/><E46/><V75/><F75/><W110/><G38/><T66/><D113/><U111/><E111/><V19/><AGARI ba="0,1" hai="11,13,19,60,62,80,82,83" m="49771,34377" machi="19" ten="40,3900,0" yaku="19,1,54,1" doraHai="67" who="2" fromWho="2" sc="238,-13,124,-13,235,49,393,-13" /><INIT seed="2,1,0,3,4,52" ten="225,111,284,380" oya="2" hai0="50,37,2,25,106,98,97,96,17,118,112,42,0" hai1="122,58,93,87,95,124,9,65,108,131,123,72,134" hai2="12,110,15,32,128,73,38,109,35,22,130,36,81" hai3="29,1,28,57,64,71,47,40,69,13,125,46,6"/><V70/><F70/><W39/><G1/><T120/><D120/><U41/><E72/><V19/><F81/><W132/><G6/><T10/><D112/><U92/><E41/><V18/><F73/><W99/><G99/><T94/><D106/><U107/><E107/><V7/><F7/><W105/><G13/><T59/><D118/><U14/><E108/><N who="2" m="41579" /><F36/><W68/><G29/><T129/><D37/><U31/><E31/><V34/><F38/><N who="3" m="21783" /><G28/><T113/><D113/><U83/><E134/><V90/><F90/><W114/><G105/><T43/><D2/><U4/><E131/><V21/><AGARI ba="1,0" hai="12,15,18,19,21,22,32,34,35,128,130" m="41579" machi="21" ten="40,12000,1" yaku="14,1,10,1,34,2" doraHai="52" who="2" fromWho="2" sc="225,-41,111,-41,284,123,380,-41" /><INIT seed="2,2,0,1,5,26" ten="184,70,407,339" oya="2" hai0="3,96,35,126,44,93,117,77,125,23,94,12,63" hai1="67,33,61,42,130,38,19,121,108,9,60,65,2" hai2="123,80,97,114,113,50,107,128,40,70,99,47,8" hai3="133,59,69,89,127,27,106,83,28,111,11,120,73"/><V122/><F70/><W104/><G69/><T116/><D35/><U15/><E108/><V134/><F134/><W88/><G120/><T115/><D3/><U49/><E121/><V58/><F128/><W100/><G111/><T119/><D115/><U32/><E130/><V30/><F123/><W92/><G133/><T45/><D77/><U71/><E38/><V81/><F122/><W4/><G100/><T62/><D12/><U72/><E72/><V41/><F107/><W118/><G118/><T48/><D23/><U51/><E2/><V82/><F41/><W85/><G59/><T36/><D36/><U98/><E98/><V55/><F8/><W39/><G39/><T34/><D34/><U53/><E49/><V105/><F105/><W56/><G56/><T54/><D45/><U131/><E42/><V102/><F102/><W7/><G7/><T1/><D1/><U37/><E37/><V79/><F79/><W101/><G101/><N who="0" m="60559" /><D94/><U10/><E10/><V46/><F46/><W84/><G73/><T6/><D6/><U76/><E76/><V25/><F114/><W64/><G64/><T16/><D16/><U57/><REACH who="1" step="1"/><E131/><REACH who="1" ten="184,60,407,339" step="2"/><V132/><F132/><W52/><G11/><T66/><D63/><U74/><E74/><V103/><F103/><W91/><G4/><T110/><D110/><U29/><E29/><V24/><F113/><W75/><G75/><T22/><D62/><U87/><E87/><V68/><F30/><W21/><G104/><T43/><D119/><U135/><E135/><V0/><F0/><W14/><G106/><T78/><D117/><RYUUKYOKU ba="2,1" sc="184,-10,60,30,407,-10,339,-10" hai1="9,15,19,32,33,51,53,57,60,61,65,67,71" /><INIT seed="3,3,1,2,0,22" ten="174,90,397,329" oya="3" hai0="74,92,77,67,7,102,66,87,5,29,79,118,78" hai1="2,88,95,89,31,83,35,27,90,19,41,16,123" hai2="91,108,11,3,20,99,10,64,109,70,40,121,112" hai3="13,114,8,122,126,57,61,6,32,76,73,106,4"/><W14/><G32/><T30/><D74/><U50/><E2/><V107/><F112/><W42/><G106/><T125/><D118/><U39/><E39/><V101/><F121/><W48/><G122/><T26/><D125/><U128/><E123/><V98/><F40/><W62/><G114/><T46/><D46/><U58/><E128/><V115/><F115/><W25/><G126/><T17/><D102/><U28/><E31/><N who="0" m="11785" /><D92/><U1/><E1/><V100/><F3/><W75/><G76/><T56/><D87/><U24/><E83/><V63/><F91/><N who="1" m="34889" /><E35/><V9/><REACH who="2" step="1"/><F20/><REACH who="2" ten="174,90,387,329" step="2"/><W82/><G42/><T81/><D81/><U105/><E28/><V110/><F110/><W43/><G82/><T131/><D131/><U135/><E135/><V53/><F53/><N who="3" m="31911" /><G43/><T134/><D134/><U80/><E80/><V120/><F120/><W129/><G129/><T15/><D67/><U49/><E41/><V68/><F68/><W71/><G71/><T37/><D37/><U94/><E90/><V93/><AGARI ba="3,2" hai="9,10,11,63,64,70,93,98,99,100,101,107,108,109" machi="93" ten="30,2000,0" yaku="1,1,0,1,53,0" doraHai="22" doraHaiUra="33" who="2" fromWho="2" sc="174,-8,90,-8,387,49,329,-13" /><INIT seed="4,0,0,4,5,8" ten="166,82,436,316" oya="0" hai0="49,95,90,41,118,46,83,84,73,97,126,61,64" hai1="20,1,91,76,28,15,120,0,13,66,14,34,57" hai2="3,24,103,35,12,50,30,48,26,117,75,113,31" hai3="87,79,44,93,29,18,19,86,22,110,88,105,102"/><T16/><D126/><U116/><E76/><V11/><F75/><W4/><G110/><T39/><D118/><U134/><E91/><V25/><F117/><W112/><G112/><T32/><D32/><U51/><E116/><V109/><F109/><W33/><G33/><T5/><D5/><U131/><E34/><V60/><F113/><W111/><G111/><T68/><D73/><U82/><E82/><V129/><F129/><W101/><G4/><T114/><D114/><U58/><E120/><V47/><F3/><W17/><G105/><T6/><D6/><U78/><E78/><V96/><F60/><W108/><G44/><T107/><D107/><U10/><E131/><V38/><F38/><W70/><G70/><T130/><D130/><U40/><E134/><V122/><F122/><W53/><G53/><T42/><D39/><U127/><E127/><V92/><F35/><W100/><G108/><T62/><D62/><N who="1" m="38223" /><E0/><V85/><F85/><N who="3" m="52367" /><G79/><T55/><REACH who="0" step="1"/><D16/><REACH who="0" ten="156,82,436,316" step="2"/><N who="3" m="6249" /><G29/><T7/><D7/><N who="1" m="3295" /><E1/><V72/><F72/><W119/><G119/><T36/><D36/><U135/><E135/><V98/><F31/><W125/><G125/><T56/><D56/><U52/><E40/><V45/><F30/><W80/><G80/><T124/><D124/><U43/><E43/><V121/><F26/><AGARI ba="0,1" hai="19,22,26,86,87,100,101,102" m="6249,52367" machi="26" ten="30,3900,0" yaku="8,1,54,2" doraHai="8" who="3" fromWho="2" sc="156,0,82,0,436,-39,316,49" /><AGARI ba="0,0" hai="14,15,20,26,28,51,52,58" m="3295,38223" machi="26" ten="30,8000,1" yaku="8,1,52,3,54,1" doraHai="8" who="1" fromWho="2" sc="156,0,82,80,397,-80,365,0" /><INIT seed="5,0,0,5,2,114" ten="156,162,317,365" oya="1" hai0="83,89,52,17,60,103,133,57,92,14,51,49,105" hai1="127,109,41,97,4,76,98,6,64,129,33,71,7" hai2="19,37,108,31,101,115,29,58,119,5,12,23,102" hai3="55,74,61,107,120,28,0,66,118,9,36,44,34"/><U116/><E33/><V30/><F37/><W91/><G91/><T112/><D112/><U132/><E129/><V8/><F115/><W70/><G55/><T81/><D133/><U77/><E132/><V25/><F108/><W67/><G67/><T84/><D105/><U2/><E2/><V10/><F119/><W48/><G48/><N who="0" m="18507" /><D103/><U135/><E135/><V72/><F72/><W123/><G74/><T128/><D128/><U99/><E109/><V43/><F43/><N who="3" m="22631" /><G107/><T1/><D1/><U125/><E41/><V126/><F126/><N who="1" m="48137" /><E116/><V47/><F47/><W134/><G134/><T117/><D117/><U3/><E3/><V95/><F58/><W73/><G73/><T53/><D53/><U111/><E111/><V27/><F95/><W78/><G78/><N who="1" m="30314" /><E64/><V46/><F46/><W56/><G56/><T69/><D69/><AGARI ba="0,0" hai="4,6,7,69,71,97,98,99" m="30314,48137" machi="69" ten="40,7700,0" yaku="28,2,18,1" doraHai="114" who="1" fromWho="0" sc="156,-77,162,77,317,0,365,0" /><INIT seed="5,1,0,1,3,129" ten="79,239,317,365" oya="1" hai0="23,41,134,9,29,106,31,122,22,43,102,86,72" hai1="121,3,40,4,10,53,98,5,85,32,126,79,65" hai2="2,105,96,113,124,110,109,94,75,103,33,135,55" hai3="108,13,42,62,11,61,90,30,131,12,54,26,21"/><U44/><E121/><V20/><F33/><W83/><G108/><T132/><D72/><U67/><E32/><V77/><F2/><W16/><G131/><T118/><D118/><U6/><E126/><V128/><F124/><W51/><G42/><N who="0" m="15883" /><D9/><U91/><E53/><V59/><F128/><W18/><G83/><T80/><D122/><U87/><E3/><V36/><F36/><W19/><G90/><N who="0" m="51527" /><D102/><U84/><E10/><V123/><F123/><W104/><G104/><T93/><D93/><N who="1" m="56639" /><E79/><V76/><F77/><W28/><G28/><N who="0" m="10827" /><D106/><U101/><E101/><V0/><F103/><W48/><G48/><AGARI ba="1,0" hai="4,5,6,40,44,48,65,67,84,85,87" m="56639" machi="48" ten="30,1500,0" yaku="8,1" doraHai="129" who="1" fromWho="3" sc="79,0,239,18,317,0,365,-18" /><INIT seed="5,2,0,0,5,90" ten="79,257,317,347" oya="1" hai0="27,26,120,55,71,49,115,57,68,11,61,88,35" hai1="131,125,134,18,85,70,74,118,87,46,17,6,29" hai2="22,129,5,82,102,95,1,122,23,25,128,53,12" hai3="39,44,98,109,96,81,72,65,2,62,20,92,3"/><U103/><E118/><V124/><F122/><W31/><G109/><T10/><D120/><U110/><E74/><V91/><F124/><W75/><G98/><T99/><D115/><U133/><E70/><V42/><F1/><W34/><G34/><T33/><D71/><U77/><E110/><V64/><F64/><W48/><G39/><T119/><D119/><U58/><E125/><V60/><F42/><W105/><G105/><T100/><D35/><U41/><E29/><V32/><F32/><W4/><G4/><T97/><D97/><U89/><E103/><V106/><F82/><W132/><G132/><N who="1" m="50794" /><E131/><N who="2" m="50251" /><F102/><W56/><G81/><T79/><D79/><U130/><E130/><V50/><F60/><W8/><G8/><T76/><D76/><U121/><E6/><V101/><F101/><N who="3" m="60551" /><G75/><T15/><D33/><U36/><E121/><V37/><F37/><W63/><G63/><T24/><D100/><U117/><E117/><V104/><F104/><W135/><G72/><T108/><D108/><U52/><E77/><V73/><F73/><W47/><G135/><T43/><D15/><U80/><E87/><N who="2" m="52735" /><F106/><W84/><G84/><T54/><D43/><U83/><E80/><V38/><F38/><W123/><G123/><T112/><D112/><U94/><E83/><V59/><F25/><N who="3" m="16807" /><G48/><AGARI ba="2,0" hai="17,18,36,41,46,48,52,58,85,89,94" m="50794" machi="48" ten="30,5800,0" yaku="20,1,52,1,54,1" doraHai="90" who="1" fromWho="3" sc="79,0,257,64,317,0,347,-64" /><INIT seed="5,3,0,3,2,109" ten="79,321,317,283" oya="1" hai0="22,54,103,73,80,88,127,51,13,126,114,42,28" hai1="133,53,0,121,31,48,38,94,57,128,102,6,25" hai2="36,70,113,46,90,106,34,64,66,87,37,78,40" hai3="129,91,19,17,107,59,105,3,131,33,44,119,4"/><U30/><E121/><V118/><F118/><W108/><G119/><T45/><D103/><U125/><E38/><V2/><F106/><W65/><G33/><T10/><D73/><U97/><E128/><N who="3" m="49226" /><G44/><T58/><D28/><U112/><E133/><V29/><F2/><W41/><G41/><T35/><D22/><U18/><E125/><V89/><F78/><W74/><G74/><T101/><D101/><U71/><E71/><V134/><F64/><W21/><G91/><T61/><D35/><U75/><E75/><V85/><F29/><W81/><G81/><T135/><D135/><U117/><E0/><V9/><F34/><W93/><G93/><T99/><D114/><U77/><E6/><V14/><F113/><W55/><G21/><T50/><D61/><U104/><E112/><V100/><F100/><W68/><G19/><T47/><D58/><U60/><E77/><V5/><F134/><W39/><G59/><T132/><D132/><U23/><E117/><V130/><F130/><W1/><G17/><T11/><D99/><U124/><E124/><V20/><F20/><W120/><G4/><T110/><D110/><U32/><E32/><V123/><F5/><W49/><G108/><T83/><D83/><U92/><E104/><V111/><F111/><W52/><G107/><T115/><D115/><U82/><E82/><V76/><F87/><W27/><G105/><T26/><D26/><U122/><E122/><V24/><F123/><W43/><G27/><T72/><D72/><U79/><E79/><V62/><F76/><W63/><G120/><T69/><D127/><RYUUKYOKU ba="3,0" sc="79,0,321,0,317,0,283,0" /><INIT seed="6,4,0,2,2,82" ten="79,321,317,283" oya="2" hai0="21,106,122,0,9,39,42,130,8,107,19,133,53" hai1="51,67,46,109,134,74,20,60,90,43,52,26,91" hai2="36,47,65,41,108,93,59,64,63,32,22,100,131" hai3="77,80,38,33,95,6,56,24,25,99,72,49,92"/><V4/><F32/><W61/><G38/><T83/><D122/><U111/><E74/><V128/><F4/><W12/><G49/><T88/><D133/><U35/><E134/><V17/><F108/><W13/><G95/><T102/><D130/><N who="2" m="49706" /><F93/><W30/><G25/><T50/><D39/><U31/><E109/><V97/><F97/><W118/><G6/><T116/><D116/><U10/><E111/><V58/><F100/><W89/><G118/><T81/><D42/><U34/><E43/><V44/><F44/><W101/><G89/><T2/><D102/><U55/><E55/><AGARI ba="4,0" hai="12,13,24,30,33,55,56,61,72,77,80,92,99,101" machi="55" ten="30,1000,0" yaku="7,1" doraHai="82" who="3" fromWho="1" sc="79,0,321,-22,317,0,283,22" /><INIT seed="7,0,0,0,0,109" ten="79,299,317,305" oya="3" hai0="47,31,3,29,13,14,91,105,53,104,33,30,108" hai1="97,11,24,23,71,98,26,34,36,7,87,48,62" hai2="123,17,88,99,58,38,28,107,122,69,127,70,79" hai3="50,85,134,86,119,12,132,15,66,83,129,18,128"/><W93/><G119/><T45/><D108/><U52/><E36/><V64/><F38/><W59/><G93/><T75/><D75/><U94/><E34/><V6/><F6/><W115/><G115/><T43/><D43/><U41/><E71/><V51/><F28/><W73/><G73/><T39/><D39/><U117/><E117/><V1/><F1/><W4/><G4/><T49/><D49/><U133/><E133/><N who="3" m="51306" /><G86/><T114/><D33/><U124/><E124/><V120/><F127/><W96/><G96/><N who="1" m="36970" /><E41/><V113/><F113/><W68/><G68/><T95/><D3/><U111/><E111/><V118/><F118/><W65/><G50/><T35/><D35/><U32/><E32/><V82/><F51/><W42/><G42/><T40/><D40/><U110/><E110/><V16/><F70/><W72/><G72/><T125/><D125/><U46/><E62/><N who="2" m="37975" /><F69/><W74/><G74/><T80/><D31/><U126/><E126/><V78/><F99/><W10/><G15/><T67/><D67/><N who="3" m="25609" /><G59/><T76/><D76/><AGARI ba="0,0" hai="10,12,18,76,83,85,128,129" m="25609,51306" machi="76" ten="30,1500,0" yaku="20,1" doraHai="109" who="3" fromWho="0" sc="79,-15,299,0,317,0,305,15" owari="64,-44.0,299,-10.0,317,12.0,320,42.0" /></mjloggm>