<mjloggm ver="2.3"><GO type="169" lobby="0"/><UN n0="%EF%BC%88%E2%89%A7%E2%96%BD%E2%89%A6%EF%BC%89" n1="%E3%83%8F%E3%82%B4%E2%98%85%E6%B2%B3%E7%AB%A5" n2="%E5%89%A3%E5%9F%8E" n3="%E6%9D%8F%E4%BB%81%E3%81%A9%E3%81%86%E3%81%B5%E3%83%BC" dan="18,16,16,16" rate="2181.65,2189.22,2049.71,2041.76" sx="M,M,M,M"/><TAIKYOKU oya="0"/><INIT seed="0,0,0,2,1,89" ten="250,250,250,250" oya="0" hai0="8,105,106,76,103,130,80,87,69,108,84,117,14" hai1="5,55,39,0,121,96,35,112,50,116,48,118,11" hai2="49,71,18,95,97,41,63,58,124,102,22,92,78" hai3="122,12,109,29,51,123,113,47,135,82,77,1,46"/><T36/><D36/><U30/><E121/><N who="3" m="46090" /><G1/><T81/><D69/><U40/><E112/><V100/><F71/><W25/><G113/><T64/><D64/><U104/><E39/><V74/><F124/><W31/><G109/><T91/><D117/><U2/><E2/><V131/><F131/><W70/><G70/><T34/><D34/><U44/><E30/><N who="3" m="11274" /><G25/><T6/><D130/><U98/><E35/><V24/><F74/><W111/><G111/><T68/><D68/><U127/><E127/><V88/><F78/><W16/><G51/><T52/><D108/><U37/><E37/><V3/><F3/><W133/><G133/><T42/><D42/><U20/><E20/><V60/><F100/><W17/><G135/><T67/><D67/><U38/><E38/><V107/><F107/><W45/><G12/><T27/><D27/><U32/><E32/><V119/><F119/><W83/><G77/><T53/><REACH who="0" step="1"/><D106/><REACH who="0" ten="240,250,250,250" step="2"/><U134/><E134/><V101/><F41/><W28/><G28/><T129/><D129/><U4/><E104/><V115/><F115/><W128/><G128/><T114/><D114/><U72/><E118/><V23/><F23/><W26/><G26/><T99/><AGARI ba="0,1" hai="6,8,14,52,53,76,80,81,84,87,91,99,103,105" machi="99" ten="30,6000,0" yaku="1,1,0,1,54,1,53,0" doraHai="89" doraHaiUra="126" who="0" fromWho="0" sc="240,70,250,-20,250,-20,250,-20" /><INIT seed="0,1,0,0,0,56" ten="310,230,230,230" oya="0" hai0="73,61,119,104,60,23,94,83,40,106,42,38,125" hai1="18,77,121,50,92,135,47,45,44,75,51,17,124" hai2="120,26,55,109,82,46,36,95,35,12,19,37,65" hai3="88,24,63,21,62,129,1,112,134,76,74,68,13"/><T15/><D119/><U9/><E121/><V72/><F120/><W127/><G1/><T131/><D131/><U0/><E124/><V34/><F65/><W25/><G112/><T100/><D125/><U43/><E135/><V86/><F72/><W64/><G127/><T32/><D32/><U111/><E111/><V11/><F109/><W53/><G134/><T10/><D38/><U105/><E105/><V70/><F70/><W52/><G129/><T20/><D73/><U130/><E130/><V58/><F95/><W91/><G76/><T3/><D3/><U33/><E33/><V116/><F116/><W48/><G74/><T123/><D123/><U71/><E71/><V103/><F103/><W79/><G79/><T108/><D83/><U49/><E43/><N who="0" m="16425" /><D106/><U97/><E75/><V133/><F46/><W90/><G63/><N who="0" m="24139" /><D104/><U5/><REACH who="1" step="1"/><E77/><REACH who="1" ten="310,220,230,230" step="2"/><N who="2" m="46415" /><F133/><W87/><G68/><T128/><D128/><U22/><E22/><V102/><F34/><W118/><G118/><T80/><D108/><U41/><E41/><V54/><F35/><W4/><G21/><T99/><D80/><U57/><E57/><V66/><F58/><W110/><G110/><T6/><AGARI ba="1,1" hai="6,10,15,20,23,94,99,100" m="24139,16425" machi="6" ten="30,11700,0" yaku="8,1,52,3" doraHai="56" who="0" fromWho="0" sc="310,130,220,-40,230,-40,230,-40" /><INIT seed="0,2,0,4,1,1" ten="440,180,190,190" oya="0" hai0="91,109,18,76,12,40,117,6,114,85,4,133,119" hai1="16,132,87,64,29,108,82,58,24,123,39,61,97" hai2="10,26,70,92,129,8,113,38,100,116,36,72,96" hai3="30,50,112,3,98,111,45,42,80,65,66,88,115"/><T34/><D34/><U128/><E128/><V54/><F113/><W11/><G111/><T25/><D114/><U21/><E108/><V41/><F70/><W44/><G30/><T43/><D109/><U57/><E123/><V135/><F72/><W0/><G66/><T106/><D106/><U71/><E39/><V32/><F32/><W90/><G65/><T73/><D73/><U83/><E132/><V60/><F38/><W103/><G45/><T81/><D133/><U59/><E97/><V107/><F135/><W51/><G51/><T122/><D122/><U118/><E118/><V47/><F116/><W89/><G80/><T15/><D117/><U104/><E104/><V5/><F5/><N who="0" m="2154" /><D76/><U94/><E94/><V35/><F107/><W31/><G0/><T62/><D62/><U125/><E125/><V93/><F93/><W52/><G3/><T56/><D56/><U28/><REACH who="1" step="1"/><E82/><REACH who="1" ten="440,170,190,190" step="2"/><V74/><F92/><N who="3" m="58823" /><G115/><T134/><D134/><U69/><E69/><V77/><F129/><W7/><G112/><T46/><D119/><U124/><E124/><V20/><F96/><W14/><G31/><T126/><D126/><U68/><E68/><V84/><F100/><W79/><G79/><AGARI ba="2,1" hai="16,21,24,28,29,57,58,59,61,64,71,79,83,87" machi="79" ten="40,2600,0" yaku="1,1,54,1,53,0" doraHai="1" doraHaiUra="130" who="1" fromWho="3" sc="440,0,170,42,190,0,190,-32" /><INIT seed="1,0,0,5,0,55" ten="440,212,190,158" oya="1" hai0="32,108,24,91,99,83,37,105,29,85,58,68,35" hai1="80,12,121,36,61,38,81,131,52,117,71,132,27" hai2="22,41,66,47,78,97,120,75,74,125,39,135,13" hai3="51,10,134,57,79,113,122,48,118,94,89,82,6"/><U88/><E117/><V54/><F120/><W43/><G122/><T76/><D68/><U128/><E121/><V64/><F135/><W8/><G113/><T73/><D37/><U87/><E132/><V11/><F125/><W9/><G134/><T19/><D108/><U116/><E116/><V2/><F2/><W86/><G118/><T67/><D19/><U101/><E101/><V42/><F42/><W1/><G48/><T5/><D5/><U50/><E27/><V33/><F33/><W18/><G18/><T119/><D119/><U90/><E12/><V112/><F22/><W133/><G133/><T17/><D17/><U103/><E103/><V14/><F112/><W104/><G104/><T25/><D99/><U15/><E15/><V21/><F14/><W31/><G31/><T4/><D4/><U109/><E109/><V20/><F20/><W62/><G51/><T114/><D105/><U84/><E61/><V72/><F21/><W70/><G43/><T49/><D114/><U59/><E71/><V95/><F78/><W98/><REACH who="3" step="1"/><G70/><REACH who="3" ten="440,212,190,148" step="2"/><T53/><D29/><U115/><E115/><V96/><F41/><W46/><G46/><T92/><D35/><U124/><E124/><V123/><F47/><W106/><G106/><T44/><D32/><U7/><E7/><V63/><F123/><W130/><G130/><AGARI ba="0,1" hai="36,38,50,52,59,80,81,84,87,88,90,128,130,131" machi="130" ten="40,12000,1" yaku="9,1,19,1,52,1,54,2" doraHai="55" who="1" fromWho="3" sc="440,0,212,130,190,0,148,-120" /><INIT seed="1,1,0,2,2,4" ten="440,342,190,28" oya="1" hai0="5,66,106,111,26,135,11,131,123,83,86,125,14" hai1="47,61,19,82,44,121,18,32,42,21,34,79,54" hai2="126,132,15,16,27,100,29,38,112,72,104,69,76" hai3="33,90,94,120,68,28,35,105,1,95,37,52,67"/><U129/><E121/><V122/><F122/><W63/><G120/><T133/><D106/><U55/><E129/><V17/><F38/><W9/><G105/><T6/><D123/><U45/><E42/><V75/><F69/><W128/><G37/><T116/><D116/><U103/><E103/><V3/><F3/><W48/><G128/><T24/><D111/><U98/><E98/><V117/><F117/><W53/><G28/><T88/><D125/><U84/><E18/><V134/><F126/><W7/><G53/><T65/><D5/><U43/><E43/><V114/><F100/><W39/><G39/><T56/><D131/><U77/><E77/><V74/><F76/><W59/><REACH who="3" step="1"/><G95/><REACH who="3" ten="440,342,190,18" step="2"/><T46/><D135/><N who="2" m="51754" /><F104/><W8/><G8/><T96/><D133/><U78/><E54/><V110/><F110/><W101/><G101/><T36/><D36/><U64/><E55/><V13/><F112/><W2/><G2/><T40/><D66/><U81/><E64/><V119/><F114/><W31/><G31/><T62/><D65/><U73/><REACH who="1" step="1"/><E61/><REACH who="1" ten="440,332,190,18" step="2"/><V58/><F119/><W0/><G0/><N who="0" m="455" /><D62/><U109/><E109/><V102/><F102/><W130/><G130/><T41/><D41/><U71/><E71/><V93/><F58/><W91/><G91/><T30/><D88/><U113/><E113/><V99/><F17/><W25/><G25/><T50/><D24/><U49/><E49/><V115/><F16/><W92/><G92/><T20/><D56/><U108/><E108/><V60/><F115/><W127/><G127/><T12/><D50/><U124/><E124/><RYUUKYOKU ba="1,2" sc="440,-15,332,15,190,-15,18,15" hai1="19,21,32,34,44,45,47,73,78,79,81,82,84" hai3="1,7,9,33,35,48,52,59,63,67,68,90,94" /><INIT seed="1,2,2,3,4,125" ten="425,347,175,33" oya="1" hai0="97,35,113,91,105,37,129,44,52,14,45,39,18" hai1="110,130,121,55,98,38,21,40,42,1,17,79,19" hai2="131,128,120,74,99,7,15,127,48,80,119,126,111" hai3="58,56,81,135,67,5,87,68,93,2,64,47,50"/><U57/><E121/><V28/><F119/><W76/><G135/><T115/><D35/><U3/><E79/><N who="2" m="44151" /><F120/><W73/><G73/><T32/><BYE who="3" /><D32/><U133/><E133/><V63/><F111/><W13/><G13/><T118/><D118/><UN n3="%E6%9D%8F%E4%BB%81%E3%81%A9%E3%81%86%E3%81%B5%E3%83%BC" /><U86/><E3/><V134/><F134/><W109/><G109/><T90/><D115/><U92/><E86/><V36/><F36/><W11/><G93/><T60/><D113/><U25/><E1/><V82/><F28/><W85/><G85/><T65/><D39/><U69/><E110/><V10/><F82/><W24/><G24/><T46/><D37/><U123/><E69/><V4/><F4/><W0/><G0/><T33/><D33/><U116/><E123/><V106/><F48/><W53/><REACH who="3" step="1"/><G67/><REACH who="3" ten="425,347,175,23" step="2"/><T95/><D65/><U61/><E116/><V124/><F63/><AGARI ba="2,3" hai="2,5,11,47,50,53,56,58,63,64,68,76,81,87" machi="63" ten="40,2600,0" yaku="1,1,2,1,53,0" doraHai="125" doraHaiUra="94" who="3" fromWho="2" sc="425,0,347,0,175,-32,23,62" /><INIT seed="2,0,0,4,2,126" ten="425,347,143,85" oya="2" hai0="30,3,32,127,58,51,78,69,54,76,124,102,15" hai1="31,24,7,105,0,66,122,20,96,35,80,65,74" hai2="4,21,121,47,11,95,128,37,117,93,45,13,110" hai3="63,125,53,44,77,109,94,68,123,50,40,87,61"/><V6/><F117/><W84/><G123/><T38/><D3/><U98/><E122/><V25/><F121/><W18/><G125/><N who="0" m="48203" /><D38/><U134/><E134/><V103/><F4/><W81/><G109/><T79/><D69/><U97/><E105/><V119/><F119/><W17/><G68/><T73/><BYE who="3" /><D102/><U131/><E74/><V41/><F110/><W129/><G129/><T64/><D64/><U91/><E80/><UN n3="%E6%9D%8F%E4%BB%81%E3%81%A9%E3%81%86%E3%81%B5%E3%83%BC" /><V59/><F128/><W5/><G5/><T23/><D73/><U83/><E131/><V2/><F2/><W111/><G111/><T90/><D90/><U33/><E0/><V85/><F45/><W43/><G43/><T67/><D67/><N who="1" m="25611" /><E35/><V107/><F85/><W113/><G113/><T1/><D1/><U22/><E33/><V101/><F101/><W89/><REACH who="3" step="1"/><G40/><REACH who="3" ten="425,347,143,75" step="2"/><T56/><D54/><U75/><E7/><V14/><F59/><W132/><G132/><T10/><D56/><U46/><E46/><V106/><F103/><W8/><G8/><T55/><D10/><U118/><E118/><V92/><REACH who="2" step="1"/><F13/><REACH who="2" ten="425,347,133,75" step="2"/><W88/><G88/><T133/><D133/><U39/><E91/><V49/><F49/><W12/><G12/><T27/><D15/><U52/><E39/><V86/><F86/><W36/><G36/><T42/><D51/><U112/><E112/><V72/><F72/><W19/><AGARI ba="0,2" hai="17,18,19,44,50,53,61,63,77,81,84,87,89,94" machi="19" ten="30,4000,0" yaku="1,1,0,1,8,1,53,0" doraHai="126" doraHaiUra="100" who="3" fromWho="3" sc="425,-10,347,-10,133,-20,75,60" /><INIT seed="3,0,0,3,2,29" ten="415,337,113,135" oya="3" hai0="5,74,40,64,39,12,81,79,116,107,28,101,6" hai1="118,24,124,122,15,121,49,99,108,100,134,45,84" hai2="110,25,60,130,83,109,53,43,62,95,9,42,128" hai3="47,68,87,30,72,126,106,20,46,75,69,26,90"/><W96/><G126/><T3/><D116/><U13/><E124/><V70/><F83/><W52/><G75/><T2/><D28/><U117/><E108/><N who="2" m="41579" /><F9/><W111/><G72/><T22/><D64/><U61/><E134/><V92/><F25/><W17/><G111/><T19/><D5/><U21/><E84/><V125/><F125/><W102/><G17/><T32/><D32/><U73/><E73/><V48/><F95/><W67/><G67/><T127/><D127/><U89/><E89/><V66/><F92/><W33/><G20/><T85/><D85/><U103/><E61/><V119/><F62/><W112/><G112/><T114/><D114/><U80/><E80/><V18/><F18/><W104/><G104/><T123/><D6/><U51/><E24/><V76/><F76/><W41/><G47/><T86/><D74/><U120/><E21/><V91/><F91/><W93/><REACH who="3" step="1"/><G52/><REACH who="3" ten="415,337,113,125" step="2"/><T38/><D107/><U98/><E120/><V59/><F119/><W77/><G77/><T8/><D123/><U14/><E45/><V11/><F11/><W82/><G82/><T58/><D8/><U132/><E132/><V57/><F57/><W54/><G54/><T115/><D58/><U10/><E10/><V34/><F34/><W37/><AGARI ba="0,1" hai="26,30,33,37,41,46,68,69,87,90,93,96,102,106" machi="37" ten="20,12000,1" yaku="1,1,0,1,7,1,52,1,53,1" doraHai="29" doraHaiUra="36" who="3" fromWho="3" sc="415,-40,337,-40,113,-40,125,130" /><INIT seed="3,1,0,1,1,90" ten="375,297,73,255" oya="3" hai0="122,54,92,86,104,81,56,42,19,103,126,16,41" hai1="82,11,52,47,84,77,40,24,9,31,66,74,99" hai2="132,59,27,87,63,102,50,32,67,114,35,113,13" hai3="34,98,51,39,116,38,91,46,25,110,8,23,128"/><W36/><G128/><T109/><D104/><U58/><E66/><V80/><F132/><W78/><G116/><T83/><D122/><U134/><E134/><V65/><F102/><W48/><G78/><N who="0" m="46391" /><D83/><U125/><E125/><V7/><F50/><W93/><G110/><T111/><D126/><U2/><E74/><V119/><F119/><W127/><G127/><T53/><D53/><U97/><E2/><V10/><F65/><W96/><G34/><T0/><D0/><U120/><E120/><V70/><F70/><W61/><G61/><N who="0" m="35991" /><D111/><U94/><E99/><V101/><F101/><W131/><G131/><T55/><D55/><U121/><E121/><V17/><F35/><W33/><G33/><T14/><D109/><U22/><E40/><N who="0" m="15465" /><D14/><U6/><E6/><V112/><F32/><W130/><G130/><T45/><D45/><U26/><E47/><V28/><F28/><W108/><G108/><T71/><D71/><U29/><E26/><V18/><REACH who="2" step="1"/><F27/><REACH who="2" ten="375,297,63,255" step="2"/><W1/><G48/><T115/><D115/><U49/><REACH who="1" step="1"/><E31/><REACH who="1" ten="375,287,63,255" step="2"/><V64/><F64/><W4/><G39/><T79/><D79/><AGARI ba="1,2" hai="7,10,13,17,18,59,63,67,79,80,87,112,113,114" machi="79" ten="40,2600,0" yaku="1,1,53,1" doraHai="90" doraHaiUra="72" who="2" fromWho="0" sc="375,-29,287,0,63,49,255,0" /><INIT seed="4,0,0,1,4,52" ten="346,287,112,255" oya="0" hai0="39,98,104,76,105,126,50,114,22,78,68,41,54" hai1="96,127,91,111,2,103,7,95,97,51,112,12,125" hai2="11,61,53,90,106,83,20,47,3,48,86,64,45" hai3="65,35,25,79,8,100,62,71,116,55,40,85,19"/><T63/><D126/><U109/><E2/><V102/><F106/><W132/><G116/><T133/><D133/><U27/><E27/><V128/><F102/><W30/><G40/><T70/><D114/><U29/><E29/><V77/><F128/><W88/><G100/><N who="0" m="62487" /><D22/><U21/><E51/><V58/><F20/><W1/><G132/><T92/><D92/><N who="1" m="58759" /><E21/><V69/><REACH who="2" step="1"/><F77/><REACH who="2" ten="346,287,102,255" step="2"/><W93/><G79/><T82/><D78/><U99/><E112/><V94/><F94/><W43/><G93/><T115/><D105/><U49/><E125/><V122/><F122/><W17/><G35/><T89/><D76/><U44/><E127/><V26/><F26/><W130/><G130/><T37/><D115/><U74/><E111/><V59/><F59/><W42/><G25/><T120/><D120/><U113/><E109/><V31/><F31/><W73/><G30/><T134/><D134/><U46/><E113/><V6/><AGARI ba="0,1" hai="3,6,11,45,47,48,53,58,61,64,69,83,86,90" machi="6" ten="30,4000,0" yaku="1,1,0,1,52,1,53,0" doraHai="52" doraHaiUra="121" who="2" fromWho="2" sc="346,-20,287,-10,102,50,255,-10" /><INIT seed="5,0,0,0,1,1" ten="326,277,152,245" oya="1" hai0="124,74,46,5,45,3,17,99,73,108,4,83,18" hai1="75,131,51,63,13,119,54,130,37,39,16,113,104" hai2="129,120,114,82,122,29,87,117,91,109,81,78,38" hai3="34,40,116,92,94,72,55,71,33,10,111,50,20"/><U43/><E104/><V107/><F38/><W70/><G40/><T52/><D108/><U0/><E75/><V30/><F109/><W57/><G72/><T133/><D133/><U88/><E119/><V128/><F29/><W106/><G106/><T85/><D124/><U115/><E0/><V96/><F30/><W6/><G20/><T41/><D3/><U44/><E63/><V68/><F68/><W60/><G111/><T22/><D99/><U103/><E103/><N who="2" m="62951" /><F117/><W11/><G116/><T42/><D22/><N who="1" m="11535" /><E43/><N who="0" m="16393" /><D73/><U80/><E39/><V134/><F134/><W7/><G60/><T59/><D74/><U21/><E21/><V8/><F8/><W118/><G118/><T14/><D18/><U36/><E37/><V48/><F48/><W89/><G50/><N who="0" m="31127" /><D17/><U93/><E80/><N who="2" m="49639" /><F114/><N who="1" m="43529" /><E36/><V132/><F132/><W98/><G34/><T135/><D135/><U27/><E27/><V127/><F127/><W102/><G33/><T32/><D32/><U90/><E90/><V97/><F97/><AGARI ba="0,0" hai="44,51,54,88,93,97,130,131" m="43529,11535" machi="97" ten="30,5800,0" yaku="15,1,54,2" doraHai="1" who="1" fromWho="2" sc="326,0,277,58,152,-58,245,0" /><INIT seed="5,1,0,2,4,96" ten="326,335,94,245" oya="1" hai0="16,26,94,93,1,92,78,47,130,88,79,129,98" hai1="118,4,112,102,17,50,24,103,69,105,97,87,104" hai2="83,18,91,40,111,5,39,107,61,51,22,55,8" hai3="84,116,6,68,20,101,119,23,106,46,30,65,25"/><U131/><E118/><N who="3" m="45098" /><G6/><T134/><D1/><U125/><E69/><V53/><F107/><W110/><G110/><T73/><D134/><U44/><E112/><V67/><F111/><W35/><G84/><T58/><D47/><U56/><E131/><N who="0" m="50185" /><D58/><U135/><E135/><V11/><F39/><W121/><G121/><T76/><D73/><U115/><E115/><V113/><F113/><W57/><G46/><T38/><D38/><U21/><E125/><V128/><F128/><W29/><G29/><T117/><D117/><U120/><E120/><V45/><F83/><W95/><G106/><T124/><D124/><U114/><E114/><V7/><F91/><W52/><G65/><T33/><D33/><U81/><E4/><V80/><F80/><W77/><G77/><T72/><D72/><U15/><E56/><N who="2" m="37287" /><F5/><W37/><G37/><T133/><D133/><U70/><E70/><V74/><F74/><W60/><G68/><T49/><D49/><U86/><E105/><V90/><F7/><W122/><G122/><T48/><D48/><U19/><E104/><V41/><F90/><W27/><G27/><T43/><D43/><N who="2" m="16458" /><F53/><W127/><G127/><T132/><D132/><U12/><E81/><V63/><F63/><W75/><G75/><T54/><D54/><N who="1" m="30023" /><E97/><AGARI ba="1,0" hai="20,23,25,30,35,52,57,60,95,97,101" m="45098" machi="97" ten="30,3900,0" yaku="12,1,52,1,54,1" doraHai="96" who="3" fromWho="1" sc="326,0,335,-42,94,0,245,42" /><INIT seed="6,0,0,1,3,29" ten="326,293,94,287" oya="2" hai0="111,1,68,81,124,44,27,17,59,82,4,77,56" hai1="99,67,106,43,21,127,31,28,70,69,129,84,48" hai2="38,83,64,51,94,23,16,41,91,117,33,32,20" hai3="88,47,42,96,123,128,130,113,131,66,52,3,35"/><V60/><F38/><N who="3" m="21975" /><G123/><T7/><D124/><U101/><E127/><V37/><F37/><W6/><G66/><T90/><D68/><U97/><E129/><V2/><F2/><W108/><G108/><T12/><D1/><U8/><E70/><V87/><F117/><W109/><G109/><T5/><D111/><U78/><E8/><V55/><F41/><W26/><G113/><T62/><D77/><U125/><E125/><V24/><F23/><W79/><G79/><T25/><D44/><U122/><E122/><V93/><F94/><N who="3" m="56391" /><G52/><N who="0" m="34055" /><D59/><U102/><E69/><V80/><F60/><W103/><G103/><T45/><D45/><U49/><E67/><V135/><F64/><W54/><G54/><T30/><D90/><U132/><E43/><V85/><F135/><W133/><G133/><T76/><D76/><U121/><E132/><V115/><F115/><W72/><G72/><T120/><D120/><U0/><E121/><V63/><F63/><W134/><G134/><T57/><D57/><U118/><E0/><V19/><F19/><W58/><G58/><T110/><D110/><U116/><E116/><V22/><F22/><W61/><G61/><T119/><D119/><U53/><E118/><V9/><F9/><N who="3" m="2271" /><G26/><N who="0" m="9739" /><D30/><U15/><E31/><V107/><F107/><W14/><G14/><T100/><D100/><U114/><E114/><V95/><F33/><AGARI ba="0,0" hai="33,35,128,130,131" m="2271,56391,21975" machi="33" ten="30,7700,0" yaku="19,1,52,2,54,1" doraHai="29" who="3" fromWho="2" sc="326,0,293,0,94,-77,287,77" /><INIT seed="7,0,0,0,0,65" ten="326,293,17,364" oya="3" hai0="106,64,116,23,122,135,12,56,47,10,48,9,60" hai1="33,86,55,5,52,102,43,51,117,72,39,4,130" hai2="93,49,61,38,121,123,73,104,89,44,129,16,14" hai3="41,79,125,68,62,63,20,99,13,17,88,71,103"/><W29/><G79/><T110/><D110/><U107/><E72/><V0/><F104/><W77/><G77/><T111/><D111/><U134/><E33/><V45/><F73/><W82/><G41/><T91/><D106/><U40/><E39/><V127/><F0/><W28/><G71/><T31/><D122/><U128/><E107/><V105/><F105/><W80/><G125/><T32/><D116/><U92/><E117/><V36/><F127/><W90/><G68/><T6/><D135/><U30/><E30/><N who="3" m="11882" /><G103/><T34/><D10/><U35/><E35/><V58/><F129/><N who="1" m="49769" /><E134/><V124/><F124/><W87/><G82/><T131/><D131/><U59/><E102/><V126/><F126/><W113/><G113/><T18/><D91/><U97/><E97/><V25/><F36/><W85/><G99/><T67/><D31/><U54/><E59/><V78/><F38/><W95/><AGARI ba="0,0" hai="13,17,20,62,63,80,85,87,88,90,95" m="11882" machi="95" ten="30,3000,0" yaku="8,1,54,1" doraHai="65" who="3" fromWho="3" sc="326,-10,293,-10,17,-10,364,30" owari="316,12.0,283,-12.0,7,-49.0,394,49.0" /></mjloggm>