<mjloggm ver="2.3"><GO type="41"/><UN n0="%E3%81%A8%E3%81%8F%E3%82%82%E3%82%8A" n1="%E3%82%A6%E3%83%AB%E3%83%88%E3%83%A9%E7%AB%8B%E7%9B%B4" n2="%41%61%72%61%61%6D" n3="%E3%81%8B%E3%81%BC%E3%81%A1%E3%82%83%E3%82%B9%E3%83%BC%E3%83%97" dan="14,14,14,13" rate="1916,1932,1872,1846" sx="M,M,M,M"/><TAIKYOKU oya="0"/><INIT seed="0,0,0,5,0,54" ten="250,250,250,250" oya="0" hai0="72,125,127,80,16,38,3,2,106,6,123,48,120" hai1="79,104,13,30,96,46,34,116,73,129,81,77,75" hai2="109,88,59,101,19,70,89,99,105,43,78,115,65" hai3="53,68,21,42,67,26,9,83,71,8,20,11,0"/><T52/><D38/><U102/><E13/><V133/><F78/><W27/><G42/><T87/><D106/><U110/><E46/><V58/><F43/><W56/><G83/><T66/><D66/><U37/><E37/><V60/><F115/><W131/><G131/><T85/><D72/><U74/><E30/><V40/><F133/><W84/><G84/><T39/><D39/><U33/><E116/><V24/><F109/><W64/><G0/><T103/><D103/><U126/><E110/><V130/><F130/><W111/><G111/><T112/><D112/><U90/><E129/><V62/><F40/><W36/><G36/><T31/><D31/><U114/><E34/><V86/><F70/><W107/><G107/><T17/><D80/><N who="1" m="45103" /><E33/><V94/><F89/><W135/><G135/><T45/><D6/><U12/><E12/><V117/><F117/><W119/><G119/><T108/><D108/><U122/><E114/><V76/><F76/><W10/><N who="3" m="2560" /><DORA hai="69" /><W22/><G53/><T98/><D52/><U132/><E132/><V50/><F50/><W51/><G56/><T23/><D23/><N who="3" m="5889" /><W91/><DORA hai="61" /><G91/><T63/><D63/><U32/><E75/><V25/><REACH who="2" step="1"/><F19/><REACH who="2" ten="250,250,240,250" step="2"/><W92/><G51/><T93/><D48/><U1/><E90/><V113/><F113/><W118/><G118/><T95/><REACH who="0" step="1"/><D98/><REACH who="0" ten="240,250,240,250" step="2"/><U82/><E96/><V5/><F5/><W124/><G124/><T44/><AGARI ba="0,2" hai="2,3,16,17,44,45,85,87,93,95,120,123,125,127" machi="44" ten="25,18000,2" yaku="1,1,2,1,0,1,22,2,54,1,53,0" doraHai="54,69,61" doraHaiUra="29,7,128" who="0" fromWho="0" sc="240,200,250,-60,240,-60,250,-60" /><INIT seed="0,1,0,0,5,26" ten="440,190,180,190" oya="0" hai0="127,53,25,68,11,94,124,104,44,9,99,34,6" hai1="76,14,115,89,84,37,49,78,40,0,63,103,119" hai2="59,75,98,109,67,38,60,85,86,50,80,32,62" hai3="31,91,116,135,132,93,45,101,36,121,118,69,64"/><T77/><D68/><U125/><E0/><V42/><F38/><W48/><G101/><T92/><D77/><N who="1" m="29803" /><E37/><V4/><F75/><W22/><G93/><T88/><D104/><U90/><E119/><N who="3" m="45610" /><G91/><N who="1" m="34826" /><E103/><V65/><F109/><W51/><G22/><T2/><D11/><U20/><E125/><N who="0" m="48201" /><D94/><U110/><E110/><V8/><F32/><W134/><G31/><N who="0" m="19823" /><D44/><N who="1" m="25735" /><E115/><V106/><F80/><W126/><G126/><T100/><D53/><U18/><E63/><V66/><F98/><W15/><G15/><T46/><D46/><U52/><E52/><V114/><F106/><W61/><G121/><T16/><D100/><U27/><E14/><V3/><F67/><W17/><G17/><AGARI ba="1,0" hai="2,6,9,16,17,88,92,99" m="19823,48201" machi="17" ten="30,11600,0" yaku="18,1,52,1,54,2" doraHai="26" who="0" fromWho="3" sc="440,119,190,0,180,0,190,-119" /><INIT seed="0,2,0,1,1,33" ten="559,190,180,71" oya="0" hai0="86,84,44,96,125,108,78,7,135,73,40,38,127" hai1="14,65,85,49,4,61,58,89,99,123,120,100,30" hai2="128,76,21,79,93,87,16,118,106,63,8,109,81" hai3="64,80,107,70,131,43,113,71,51,68,114,133,12"/><T57/><D135/><U105/><E30/><V46/><F106/><W115/><G107/><T5/><D96/><U59/><E14/><V28/><F118/><W124/><G12/><T55/><D108/><U22/><E22/><V119/><F119/><W83/><G80/><T53/><D84/><U18/><E18/><V54/><F128/><W23/><G83/><T26/><D26/><U48/><E4/><V117/><F117/><W35/><G23/><T13/><D73/><U34/><E34/><V97/><F109/><W72/><G35/><T50/><D55/><U42/><E42/><V39/><F28/><W94/><G94/><T75/><D75/><U24/><E24/><V134/><F8/><W104/><G104/><T15/><D86/><U129/><E49/><V112/><F112/><W103/><G103/><T69/><D78/><U90/><E129/><V31/><F31/><W6/><G6/><T91/><D91/><U111/><E111/><V0/><F134/><W36/><G72/><T19/><D15/><U60/><E48/><V62/><F0/><W92/><G92/><T82/><D82/><U67/><REACH who="1" step="1"/><E85/><REACH who="1" ten="559,180,180,71" step="2"/><V20/><F21/><W130/><G36/><N who="0" m="21511" /><D7/><U77/><E77/><V121/><F39/><W132/><G43/><T74/><D38/><U101/><E101/><V116/><F116/><W52/><G64/><T27/><D5/><U32/><E32/><V2/><F79/><W17/><G17/><T41/><D41/><U25/><E25/><V56/><F16/><W45/><G124/><N who="0" m="47691" /><D27/><U122/><AGARI ba="2,1" hai="58,59,60,61,65,67,89,90,99,100,105,120,122,123" machi="122" ten="30,4000,0" yaku="1,1,0,1,9,1,53,0" doraHai="33" doraHaiUra="9" who="1" fromWho="1" sc="559,-22,180,56,180,-12,71,-12" /><INIT seed="1,0,0,0,0,130" ten="537,236,168,59" oya="1" hai0="127,41,6,128,81,82,61,28,59,36,122,119,16" hai1="131,32,38,62,115,11,1,72,120,129,39,80,3" hai2="58,66,31,0,93,88,90,78,65,133,22,42,107" hai3="46,49,92,56,19,37,102,9,105,57,94,85,48"/><U97/><E97/><V99/><F99/><W79/><G105/><T40/><D119/><U118/><E62/><V51/><F0/><N who="1" m="73" /><E11/><V27/><F107/><W7/><G19/><T84/><D122/><U109/><E118/><V70/><F70/><W104/><G104/><T52/><D128/><N who="1" m="49227" /><E120/><V117/><F78/><W67/><G37/><N who="1" m="13834" /><E115/><V110/><F117/><W116/><G116/><T50/><D36/><U14/><E14/><V45/><F90/><W83/><G48/><T20/><D6/><U113/><E113/><V98/><F66/><W64/><G67/><T10/><D10/><U35/><E109/><V15/><F65/><W25/><G25/><T23/><D61/><U69/><E69/><V71/><F110/><W126/><G126/><T4/><D4/><U125/><E125/><V68/><F15/><W54/><G102/><T134/><D127/><U76/><AGARI ba="0,0" hai="32,35,72,76,80" m="13834,49227,73" machi="76" ten="40,3900,0" yaku="19,1,23,1" doraHai="130" who="1" fromWho="1" sc="537,-13,236,39,168,-13,59,-13" /><INIT seed="1,1,0,1,3,89" ten="524,275,155,46" oya="1" hai0="45,25,81,30,39,97,100,31,60,126,77,14,93" hai1="104,96,117,124,74,112,119,65,98,47,110,82,5" hai2="43,59,37,86,29,20,73,118,78,2,63,13,90" hai3="113,83,9,133,34,22,49,80,91,16,67,121,61"/><U38/><E65/><V36/><F2/><W132/><G121/><T108/><D108/><U48/><E48/><V40/><F118/><N who="1" m="45065" /><E5/><V72/><F73/><W24/><G113/><T120/><D126/><U94/><E47/><V1/><F1/><W12/><G34/><T87/><D120/><U122/><E38/><V62/><F72/><W88/><G49/><T42/><D60/><U3/><E3/><V28/><F78/><W7/><G80/><T109/><D109/><U92/><E122/><V116/><F116/><W0/><G83/><T114/><D114/><U130/><E110/><V52/><F13/><W131/><G131/><T46/><D45/><U23/><E23/><V21/><F90/><W55/><G55/><T106/><D14/><U123/><E123/><V54/><F86/><W10/><G132/><T125/><D125/><U66/><E66/><V84/><F84/><W102/><G102/><T15/><D15/><U56/><E56/><AGARI ba="1,0" hai="20,21,28,29,36,37,40,43,52,54,56,59,62,63" machi="56" ten="25,3200,0" yaku="22,2,54,1" doraHai="89" who="2" fromWho="1" sc="524,0,275,-35,155,35,46,0" /><INIT seed="2,0,0,5,4,2" ten="524,240,190,46" oya="2" hai0="83,74,114,116,73,123,31,0,87,21,5,41,13" hai1="33,50,24,11,79,47,52,82,67,85,127,121,97" hai2="110,3,75,70,76,42,17,86,53,32,81,65,95" hai3="112,35,6,44,49,103,107,131,100,29,88,133,99"/><V9/><F32/><W20/><G35/><T94/><D114/><U25/><E121/><V72/><F42/><W7/><G112/><T117/><D123/><U104/><E127/><V1/><F110/><W4/><G131/><T129/><D129/><U96/><E104/><V51/><F70/><W122/><G122/><T27/><D94/><U124/><E124/><V30/><F30/><W91/><G103/><T46/><D0/><U55/><E67/><V89/><F65/><W61/><G61/><T111/><D111/><U80/><E33/><V37/><F37/><W115/><G115/><T12/><D12/><U58/><E82/><V28/><F28/><W69/><G69/><T108/><D108/><U132/><E132/><V128/><F128/><W101/><G101/><T102/><D102/><U134/><E134/><V43/><F43/><W126/><G126/><T119/><D87/><U22/><E11/><V118/><F118/><W16/><G29/><T77/><D74/><U98/><E22/><V64/><F64/><W93/><G107/><T90/><D90/><U63/><AGARI ba="0,0" hai="24,25,47,50,52,55,58,63,79,80,85,96,97,98" machi="63" ten="30,4000,0" yaku="0,1,8,1,54,1" doraHai="2" who="1" fromWho="1" sc="524,-10,240,40,190,-20,46,-10" /><INIT seed="3,0,0,2,3,101" ten="514,280,170,36" oya="3" hai0="35,132,134,9,55,56,57,76,107,62,26,58,16" hai1="88,51,49,13,78,97,109,131,41,117,81,8,129" hai2="11,87,31,126,98,89,119,7,3,125,105,19,5" hai3="43,2,135,74,95,24,96,92,66,102,90,127,4"/><W93/><G43/><T67/><D76/><U123/><E123/><V80/><F31/><W34/><G34/><T86/><D86/><U59/><E109/><V112/><F119/><W75/><G24/><T25/><D107/><U44/><E117/><V77/><F112/><W133/><G66/><T116/><D116/><U82/><E59/><V128/><F128/><N who="1" m="49225" /><E51/><V106/><F19/><W33/><G33/><T1/><D35/><U120/><E120/><V121/><F7/><W22/><G22/><T28/><D28/><U20/><E20/><V46/><F46/><W30/><G30/><T23/><D26/><U68/><E68/><V48/><F48/><W45/><G45/><T113/><D113/><U42/><E42/><V50/><F50/><W73/><G4/><T15/><D1/><U60/><E60/><V70/><F70/><W114/><G2/><T83/><D83/><U14/><E82/><V53/><F53/><W38/><G38/><T27/><D27/><U64/><E64/><V122/><F122/><W115/><G127/><N who="2" m="48649" /><F121/><W111/><G111/><T12/><D25/><U108/><E108/><V91/><F91/><W21/><G21/><T72/><D55/><U39/><E39/><V17/><F17/><W71/><G71/><T10/><D23/><U69/><E69/><V18/><F18/><W124/><G124/><T54/><D54/><U94/><E8/><V32/><F32/><W103/><G90/><T36/><D36/><U47/><E47/><V63/><F63/><W40/><G40/><T61/><D57/><U65/><E65/><V84/><F89/><RYUUKYOKU ba="0,0" sc="514,-10,280,30,170,-10,36,-10" hai1="13,14,41,44,49,78,81,88,94,97" /><INIT seed="4,1,0,2,0,112" ten="504,310,160,26" oya="0" hai0="7,41,123,107,32,30,40,117,89,75,127,72,49" hai1="78,84,65,68,46,116,2,103,35,63,19,114,24" hai2="26,13,34,111,105,11,71,43,76,130,15,118,0" hai3="83,94,22,54,96,119,88,95,57,62,52,21,82"/><T64/><D123/><U66/><E19/><V109/><F71/><W36/><G36/><T100/><D7/><U104/><E84/><V8/><F105/><W44/><G94/><T47/><D41/><U14/><E14/><V93/><F76/><W126/><G126/><T122/><D122/><U58/><E78/><V67/><F43/><W6/><G6/><T87/><D64/><U121/><E121/><V38/><F67/><W9/><G9/><N who="2" m="3657" /><F38/><W135/><G135/><T115/><D127/><U17/><E58/><V128/><F93/><W42/><G54/><T110/><D110/><N who="2" m="41994" /><F0/><W60/><G60/><T132/><D132/><U129/><E46/><V61/><F61/><W59/><G59/><T29/><D115/><U50/><E50/><V4/><F4/><W113/><G113/><T33/><D100/><U90/><E2/><V20/><F34/><W5/><G5/><T99/><D99/><N who="1" m="61567" /><E66/><V101/><F101/><W73/><G73/><T106/><D87/><U133/><E114/><V10/><F10/><W131/><G131/><N who="2" m="50217" /><F118/><W39/><REACH who="3" step="1"/><G119/><REACH who="3" ten="504,310,160,16" step="2"/><T55/><D117/><U25/><E116/><V79/><F79/><W124/><G124/><T102/><D107/><U134/><E129/><V92/><F92/><W56/><G56/><T69/><D106/><U77/><E77/><V51/><F51/><W28/><G28/><T91/><D30/><N who="1" m="19911" /><E90/><V12/><F20/><AGARI ba="1,1" hai="20,21,22,39,42,44,52,57,62,82,83,88,95,96" machi="20" ten="40,5200,0" yaku="1,1,54,2,53,0" doraHai="112" doraHaiUra="27" who="3" fromWho="2" sc="504,0,310,0,160,-55,16,65" /><AGARI ba="1,0" hai="17,20,25,63,65,68,133,134" m="19911,61567" machi="20" ten="30,1000,0" yaku="25,1" doraHai="112" who="1" fromWho="2" sc="504,0,310,10,105,-10,81,0" /><INIT seed="5,0,0,0,4,82" ten="504,320,95,81" oya="1" hai0="103,23,53,39,80,87,4,83,101,18,38,13,35" hai1="42,54,45,113,60,34,112,86,62,107,6,11,126" hai2="41,12,15,22,14,70,132,77,98,1,59,100,16" hai3="46,90,133,73,64,120,111,0,84,88,5,122,58"/><U96/><E34/><V9/><F70/><W28/><G111/><T51/><D35/><U125/><E96/><V108/><F41/><W61/><G133/><T121/><D80/><U135/><E107/><V68/><F68/><W85/><G73/><T29/><D121/><U52/><E11/><V3/><F132/><W44/><G28/><T26/><D4/><U48/><E6/><V78/><F108/><W79/><G79/><T74/><D74/><U25/><E25/><V97/><F59/><W49/><G0/><T76/><D103/><U116/><E116/><V105/><F98/><W10/><G5/><T37/><D101/><U92/><E135/><V128/><F128/><W63/><G10/><T118/><D118/><U24/><E24/><V69/><F69/><W109/><G109/><T31/><REACH who="0" step="1"/><D26/><REACH who="0" ten="494,320,95,81" step="2"/><U115/><E92/><V47/><F3/><W30/><G122/><T123/><D123/><U127/><E86/><V129/><F1/><W104/><G120/><T71/><D71/><U20/><E20/><V99/><F129/><W119/><G85/><T32/><D32/><U106/><E106/><V27/><F99/><W124/><G84/><T67/><D67/><U102/><E102/><V75/><F75/><W94/><G119/><T56/><AGARI ba="0,1" hai="13,18,23,29,31,37,38,39,51,53,56,76,83,87" machi="56" ten="30,4000,0" yaku="1,1,0,1,52,1,53,0" doraHai="82" doraHaiUra="131" who="0" fromWho="0" sc="494,50,320,-20,95,-10,81,-10" /><INIT seed="6,0,0,0,2,134" ten="544,300,85,71" oya="2" hai0="13,93,42,125,126,69,49,53,133,82,68,58,116" hai1="103,9,65,92,130,54,122,75,8,60,57,106,14" hai2="101,102,43,80,16,41,27,1,123,48,35,7,109" hai3="31,78,127,114,5,24,86,39,59,71,104,36,115"/><V96/><F123/><W85/><G104/><T33/><D33/><U23/><E106/><V111/><F80/><W26/><G71/><N who="0" m="27211" /><D82/><U61/><E75/><V19/><F1/><W56/><G5/><T17/><D93/><U84/><E130/><V32/><F7/><W21/><G78/><T2/><D17/><N who="1" m="10679" /><E122/><V89/><F89/><W64/><G64/><T18/><D18/><U22/><E22/><V135/><F96/><W29/><REACH who="3" step="1"/><G21/><REACH who="3" ten="544,300,85,61" step="2"/><T47/><D2/><U12/><E65/><V79/><F79/><W20/><G20/><T70/><D13/><U131/><E12/><V30/><F135/><W34/><G34/><T99/><D133/><U98/><E8/><V128/><F128/><W44/><G44/><T107/><D70/><U66/><E9/><V62/><F27/><W40/><G40/><T108/><D107/><U67/><E131/><V45/><F45/><W73/><G73/><T6/><D6/><U95/><E66/><V87/><F43/><W52/><G52/><T15/><D15/><U0/><E0/><V38/><F41/><W51/><G51/><T119/><D99/><U50/><E67/><V72/><F48/><W46/><G46/><T4/><D4/><U91/><AGARI ba="0,1" hai="50,54,57,60,61,84,91,92,95,98,103" m="10679" machi="91" ten="30,2000,0" yaku="25,1,8,1" doraHai="134" who="1" fromWho="1" sc="544,-5,300,30,85,-10,61,-5" /><INIT seed="7,0,0,1,0,95" ten="539,330,75,56" oya="3" hai0="19,20,70,8,54,81,0,123,106,11,77,100,21" hai1="30,131,111,107,103,86,132,7,125,46,31,67,101" hai2="35,74,38,117,72,114,13,34,120,133,61,52,25" hai3="129,113,108,71,62,128,96,53,82,48,92,23,66"/><W109/><G82/><T78/><D70/><U27/><E46/><V91/><F38/><W44/><G23/><T110/><D123/><U93/><E27/><V124/><F117/><W64/><G64/><T9/><D110/><N who="3" m="42601" /><G113/><T18/><D0/><U126/><E67/><V47/><F120/><W127/><G127/><T12/><D54/><U41/><E41/><V58/><F133/><W130/><G92/><T1/><D1/><U60/><E111/><V14/><F124/><W105/><G105/><T69/><D69/><U16/><E93/><V5/><F35/><W122/><G122/><T121/><D121/><U104/><E86/><V119/><F119/><W33/><G33/><T37/><D37/><U51/><E51/><V76/><F114/><W29/><G29/><T68/><D68/><U112/><E60/><V65/><F76/><W49/><G49/><T115/><D115/><U4/><E112/><V116/><F116/><W75/><G75/><T32/><D32/><U135/><E16/><V90/><F5/><W88/><G88/><T59/><D81/><U45/><E45/><V22/><F34/><W57/><G96/><T2/><D2/><U134/><E134/><V50/><F74/><W63/><G63/><T10/><D59/><AGARI ba="0,0" hai="44,48,53,57,59,62,66,71,128,129,130" m="42601" machi="59" ten="40,12000,1" yaku="19,1,10,1,34,2" doraHai="95" who="3" fromWho="0" sc="539,-120,330,0,75,0,56,120" /><INIT seed="7,1,0,2,2,123" ten="419,330,75,176" oya="3" hai0="4,23,83,20,92,91,104,81,90,113,71,10,124" hai1="38,72,55,128,51,80,120,93,94,61,46,116,102" hai2="28,73,22,57,7,30,78,33,8,98,40,52,53" hai3="19,65,3,67,97,24,82,95,101,21,111,12,0"/><W132/><G82/><T99/><D104/><U68/><E120/><V48/><F33/><W87/><G87/><T18/><D71/><U2/><E116/><V134/><F98/><W127/><G127/><T115/><D124/><U25/><E128/><V118/><F118/><W41/><G41/><T64/><D64/><U6/><E102/><V45/><F134/><W39/><G39/><T105/><D91/><U63/><E25/><V36/><F53/><W86/><G132/><T26/><D23/><U75/><E6/><V34/><F22/><W77/><G111/><T37/><D37/><U49/><E2/><V112/><F112/><N who="0" m="43082" /><D105/><U11/><E11/><V17/><F17/><W29/><G86/><T60/><D60/><U62/><E38/><V103/><F103/><W56/><G77/><T84/><D84/><U27/><E27/><V50/><F34/><W122/><G122/><T58/><D58/><U96/><E68/><V14/><F36/><W129/><G129/><T15/><AGARI ba="1,0" hai="4,10,15,18,20,26,81,83,90,92,99" m="43082" machi="15" ten="30,2000,0" yaku="15,1,11,1" doraHai="123" who="0" fromWho="0" sc="419,23,330,-6,75,-6,176,-11" owari="442,54.0,324,12.0,69,-43.0,165,-23.0" /></mjloggm>