<mjloggm ver="2.3"><GO type="41"/><UN n0="%EF%BC%88%E2%89%A7%E2%96%BD%E2%89%A6%EF%BC%89" n1="%E3%83%84%E3%82%AD%E3%83%84%E3%82%AD%E3%83%9E%E3%82%B7%E3%83%B3" n2="%E7%9F%A2%E5%B3%B6%49%6E%64%65%78" n3="%E5%B8%AB%E8%B5%B0%E4%B8%83" dan="15,13,15,14" rate="2001,1860,1967,1926" sx="M,M,M,M"/><TAIKYOKU oya="0"/><INIT seed="0,0,0,5,5,23" ten="250,250,250,250" oya="0" hai0="20,7,11,114,124,48,106,1,31,78,127,85,131" hai1="83,38,58,5,35,24,41,62,84,89,34,81,72" hai2="52,16,18,67,128,93,45,70,44,54,103,74,33" hai3="98,22,57,53,86,111,104,110,36,29,109,21,116"/><T113/><D106/><U77/><E41/><V4/><F74/><W125/><G36/><T30/><D48/><U123/><E38/><V100/><F4/><W39/><G39/><T118/><D118/><U49/><E123/><V134/><F33/><W6/><G116/><T130/><D78/><U91/><E49/><V15/><F128/><N who="0" m="49194" /><D85/><U59/><E5/><V37/><F37/><W92/><G6/><T133/><D133/><U51/><E51/><V102/><F134/><W126/><G86/><T42/><D42/><U32/><E91/><V46/><F93/><W26/><G104/><T64/><D64/><U69/><E69/><V17/><F70/><W25/><G53/><N who="2" m="20585" /><F67/><W27/><G57/><T105/><D105/><U96/><E96/><V8/><AGARI ba="0,0" hai="8,15,16,17,18,44,45,46,100,102,103" m="20585" machi="8" ten="40,5200,0" yaku="8,1,54,2" doraHai="23" who="2" fromWho="2" sc="250,-26,250,-13,250,52,250,-13" /><INIT seed="1,0,0,1,4,23" ten="224,237,302,237" oya="1" hai0="56,78,64,62,20,114,133,41,91,70,11,39,10" hai1="119,102,53,104,61,59,117,92,115,113,100,16,96" hai2="103,7,131,34,80,123,28,124,110,97,132,46,1" hai3="63,116,33,67,50,130,6,108,2,8,76,128,89"/><U109/><E104/><V30/><F110/><W31/><G76/><T88/><D114/><U52/><E102/><V38/><F131/><N who="3" m="50219" /><G108/><T37/><D133/><U58/><E109/><V48/><F132/><W32/><G50/><T45/><D39/><U47/><E113/><V68/><F123/><W21/><G89/><T69/><D78/><U9/><E115/><V66/><F124/><W120/><G63/><T3/><D10/><U60/><E47/><V43/><F80/><W77/><G67/><T107/><D107/><U93/><E93/><V35/><F28/><W0/><G77/><T98/><D20/><U112/><E112/><V72/><F48/><W13/><G120/><T18/><D91/><U86/><E86/><V118/><F118/><W74/><G116/><T82/><D82/><U19/><E19/><V71/><F72/><W40/><G40/><T126/><D126/><U24/><REACH who="1" step="1"/><E9/><REACH who="1" ten="224,227,302,237" step="2"/><N who="2" m="2287" /><F30/><W99/><G74/><T51/><D18/><U121/><E121/><V94/><F94/><W83/><G99/><T42/><D98/><U84/><E84/><V75/><F75/><W57/><G83/><T127/><D127/><U111/><E111/><V135/><F135/><W54/><G8/><T81/><D11/><U122/><E122/><V65/><F103/><W29/><G2/><T25/><D3/><U79/><E79/><V12/><F97/><W27/><G0/><T105/><D105/><U15/><E15/><V17/><F12/><W49/><G31/><T95/><D81/><U36/><E36/><V85/><F85/><W73/><G73/><T55/><D37/><RYUUKYOKU ba="0,1" sc="224,-15,227,15,302,-15,237,15" hai1="16,24,52,53,58,59,60,61,92,96,100,117,119" hai3="6,13,21,27,29,32,33,49,54,57" /><INIT seed="1,1,1,5,1,52" ten="209,242,287,252" oya="1" hai0="61,101,90,26,8,25,116,98,66,132,114,46,51" hai1="123,108,36,38,72,81,67,15,119,21,118,29,39" hai2="112,79,135,120,91,115,60,58,44,130,77,18,14" hai3="105,124,12,16,129,70,37,53,80,111,27,54,63"/><U126/><E123/><V109/><F109/><W83/><G105/><T95/><D116/><U68/><E126/><V20/><F130/><W84/><G37/><T47/><D114/><N who="2" m="43562" /><F135/><W128/><G27/><T9/><D132/><U30/><E108/><V65/><F120/><W74/><G74/><T103/><D25/><U122/><E122/><V117/><F117/><W19/><G111/><T40/><D46/><U32/><E32/><V48/><F91/><W94/><G94/><T99/><D26/><U41/><E119/><V87/><F87/><W57/><G70/><T0/><D0/><U96/><E118/><V49/><F49/><W3/><G3/><T113/><D113/><U76/><E41/><AGARI ba="1,1" hai="14,18,20,41,44,48,58,60,65,77,79" m="43562" machi="41" ten="30,2000,0" yaku="11,1,52,1" doraHai="52" who="2" fromWho="1" sc="209,0,242,-23,287,33,252,0" /><INIT seed="2,0,0,2,3,4" ten="209,219,320,252" oya="2" hai0="40,54,122,24,64,93,110,58,57,107,16,102,76" hai1="132,104,56,106,100,9,131,39,62,38,95,84,135" hai2="108,97,126,85,6,52,41,14,69,21,2,44,11" hai3="82,73,27,32,88,133,115,47,55,72,113,42,50"/><V99/><F69/><W29/><G42/><T74/><D122/><U105/><E84/><V92/><F126/><W116/><G116/><T71/><D107/><U101/><E95/><V67/><F67/><W37/><G37/><N who="1" m="13834" /><E131/><V78/><F41/><W112/><REACH who="3" step="1"/><G133/><REACH who="3" ten="209,219,320,242" step="2"/><N who="1" m="51274" /><E56/><V13/><F44/><W8/><G8/><T15/><D58/><U130/><E130/><V83/><F108/><W43/><G43/><T25/><D57/><U129/><E129/><V77/><F11/><W48/><G48/><T120/><D110/><U103/><E62/><V118/><F118/><W68/><G68/><T49/><D71/><U46/><E46/><V12/><F2/><W63/><G63/><T17/><D40/><U7/><E106/><V35/><F6/><W36/><G36/><T127/><D49/><U128/><E128/><V121/><F121/><W18/><G18/><T81/><D17/><U94/><E94/><V65/><F92/><W3/><G3/><AGARI ba="0,1" hai="3,7,9,100,101,103,104,105" m="51274,13834" machi="3" ten="40,2600,0" yaku="20,1,52,1" doraHai="4" who="1" fromWho="3" sc="209,0,219,36,320,0,242,-26" /><INIT seed="3,0,0,2,0,123" ten="209,255,320,216" oya="3" hai0="65,17,66,16,57,26,36,90,134,58,107,31,94" hai1="39,42,6,61,28,8,48,32,130,82,37,45,43" hai2="83,14,15,24,10,53,18,72,79,80,3,97,70" hai3="104,129,4,12,91,127,71,2,81,95,86,110,135"/><W122/><G71/><T40/><D107/><U76/><E61/><V25/><F70/><W44/><G2/><T84/><D134/><U55/><E130/><V88/><F3/><W19/><G122/><T106/><D106/><U60/><E60/><V112/><F112/><W50/><G104/><T85/><D36/><U111/><E111/><V27/><F53/><W64/><G64/><T100/><D40/><U87/><E37/><V20/><F72/><W128/><G4/><T120/><D120/><U117/><E117/><V133/><F133/><W109/><G135/><T62/><D100/><U63/><E39/><V52/><F79/><W124/><G81/><T102/><D102/><U1/><E32/><V33/><F33/><W54/><G129/><T29/><D84/><U101/><E28/><N who="0" m="10825" /><D26/><U118/><E118/><V89/><F52/><W9/><REACH who="3" step="1"/><G128/><REACH who="3" ten="209,255,320,206" step="2"/><T69/><D69/><U132/><E132/><V56/><F83/><W46/><G46/><T22/><D66/><U38/><E38/><V78/><F78/><W23/><G23/><T116/><D116/><U7/><E7/><V131/><F131/><W21/><G21/><T92/><D22/><U105/><E63/><V108/><F20/><W125/><AGARI ba="0,1" hai="9,12,19,44,50,54,86,91,95,109,110,124,125,127" machi="125" ten="40,12000,1" yaku="1,1,0,1,18,1,52,2,53,0" doraHai="123" doraHaiUra="115" who="3" fromWho="3" sc="209,-40,255,-40,320,-40,206,130" /><INIT seed="3,1,0,0,5,33" ten="169,215,280,336" oya="3" hai0="100,85,12,88,19,42,24,55,4,84,71,87,35" hai1="103,1,52,117,76,47,32,108,80,59,7,69,44" hai2="13,26,113,50,17,91,43,37,116,40,124,5,39" hai3="75,95,112,57,27,83,28,46,110,96,29,2,0"/><W53/><G112/><T65/><D100/><U134/><E32/><V132/><F113/><W18/><G46/><T79/><D42/><U34/><E34/><V101/><F116/><W98/><G98/><T56/><D79/><U133/><E69/><V131/><F131/><W38/><G38/><T94/><D71/><U60/><E117/><V68/><F68/><W70/><G70/><T119/><D65/><U3/><E103/><V122/><F122/><W127/><G18/><T120/><D120/><U67/><E108/><V64/><F64/><W72/><G29/><T23/><D119/><U121/><E7/><V114/><F114/><W48/><G110/><T82/><D82/><U30/><E30/><V78/><F43/><W89/><G127/><T6/><D35/><U31/><E31/><V97/><F124/><W129/><G129/><T11/><REACH who="0" step="1"/><D6/><REACH who="0" ten="159,215,280,336" step="2"/><U115/><E121/><V99/><F5/><W118/><G118/><T73/><D73/><N who="1" m="43023" /><E115/><V86/><F78/><W36/><G83/><T128/><D128/><U25/><E67/><V111/><F111/><W16/><G75/><T135/><D135/><N who="1" m="51723" /><E25/><V61/><F132/><W107/><G27/><T62/><AGARI ba="1,1" hai="4,11,12,19,23,24,55,56,62,84,85,87,88,94" machi="62" ten="20,12000,2" yaku="1,1,0,1,7,1,8,1,54,1,53,1" doraHai="33" doraHaiUra="10" who="0" fromWho="0" sc="159,133,215,-31,280,-31,336,-61" /><INIT seed="4,0,0,2,2,59" ten="292,184,249,275" oya="0" hai0="55,91,53,103,128,121,131,35,30,25,134,66,108" hai1="117,33,114,79,14,21,60,13,65,72,11,49,109" hai2="77,86,130,102,54,34,135,93,47,101,80,1,129" hai3="46,39,45,15,52,41,127,5,125,31,105,98,118"/><T58/><D121/><U74/><E109/><V73/><F34/><W23/><G118/><T100/><D108/><U112/><E117/><V24/><F1/><W10/><G105/><T12/><D134/><U133/><E33/><V71/><F24/><W94/><G31/><T32/><D66/><U20/><E49/><V106/><F71/><W28/><G28/><T115/><D115/><N who="1" m="44075" /><E133/><V61/><F47/><W124/><G23/><N who="1" m="8778" /><E79/><V81/><F135/><W70/><G70/><T113/><D113/><U84/><E84/><V16/><F16/><N who="3" m="8311" /><G41/><T96/><D32/><U64/><E64/><V83/><F54/><W110/><G39/><T87/><D55/><U76/><E76/><N who="2" m="46343" /><F106/><W56/><G5/><T123/><D87/><U8/><E14/><V43/><F43/><W18/><G18/><T85/><D12/><U90/><E90/><V38/><F38/><W119/><G119/><T132/><D132/><U68/><E11/><V88/><F83/><W107/><G107/><T3/><D3/><U99/><E99/><N who="2" m="57767" /><F61/><N who="3" m="35975" /><G110/><T116/><D116/><U40/><E40/><V42/><F42/><W63/><G63/><T29/><D35/><U26/><E26/><V126/><F126/><W97/><G97/><T95/><D25/><U2/><E2/><V36/><F36/><W6/><G6/><AGARI ba="0,0" hai="6,8,13,60,65,68,72,74" m="8778,44075" machi="6" ten="30,3900,0" yaku="15,1,11,1,52,1" doraHai="59" who="1" fromWho="3" sc="292,0,184,39,249,0,275,-39" /><INIT seed="5,0,0,3,4,15" ten="292,223,249,236" oya="1" hai0="59,6,34,38,27,124,31,132,73,1,61,58,125" hai1="84,14,33,119,57,29,49,107,74,94,20,87,53" hai2="3,76,8,91,77,19,108,112,21,46,69,48,129" hai3="30,96,12,41,16,104,89,72,17,45,117,97,55"/><U134/><E119/><V120/><F108/><W80/><G30/><T99/><D73/><U114/><E74/><V68/><F120/><W79/><G55/><T0/><D132/><U90/><E107/><V4/><F77/><W118/><G12/><T95/><D38/><U71/><E33/><V78/><F129/><W82/><G97/><T67/><D58/><U85/><E71/><V52/><F78/><W66/><G66/><T83/><D83/><U70/><E70/><V133/><F133/><W25/><G25/><T24/><D24/><U92/><E134/><V126/><F126/><N who="0" m="48746" /><D6/><U5/><E114/><V98/><F112/><W43/><G82/><T44/><D44/><U2/><E2/><V50/><F76/><W13/><G13/><T62/><D61/><U86/><E5/><V23/><F50/><W81/><G81/><T93/><D93/><N who="1" m="54471" /><E29/><V40/><F40/><N who="3" m="15435" /><G45/><T103/><AGARI ba="0,0" hai="0,1,27,31,34,59,62,67,95,99,103" m="48746" machi="103" ten="30,1100,0" yaku="18,1" doraHai="15" who="0" fromWho="0" sc="292,11,223,-5,249,-3,236,-3" /><INIT seed="6,0,0,5,2,5" ten="303,218,246,233" oya="2" hai0="12,43,20,127,27,99,107,101,115,24,111,114,28" hai1="73,87,133,134,119,37,62,36,26,1,46,91,59" hai2="33,102,89,86,77,70,123,112,15,69,103,19,66" hai3="98,128,21,40,105,96,94,135,42,132,54,126,65"/><V124/><F123/><W23/><G65/><T72/><D111/><U44/><E119/><V88/><F33/><W85/><G54/><T8/><D127/><U63/><E73/><V121/><F121/><W93/><G85/><T3/><D72/><U50/><E1/><V2/><F2/><W53/><G53/><T0/><D43/><N who="3" m="16425" /><G105/><T17/><D27/><U10/><E26/><V6/><F124/><W16/><G126/><T22/><D22/><N who="3" m="8201" /><G128/><T76/><D76/><U11/><E46/><V129/><F6/><W104/><G104/><T13/><D13/><U9/><E50/><V80/><F129/><W32/><G32/><T97/><D97/><N who="3" m="37481" /><G16/><T110/><D110/><U41/><E36/><V71/><F66/><W25/><G25/><T47/><D47/><U78/><E78/><V95/><F112/><AGARI ba="0,0" hai="0,3,8,12,17,20,24,28,99,101,107,112,114,115" machi="112" ten="40,2600,0" yaku="15,1,52,1" doraHai="5" who="0" fromWho="2" sc="303,26,218,0,246,-26,233,0" /><INIT seed="7,0,0,0,1,26" ten="329,218,220,233" oya="3" hai0="17,30,113,98,5,35,6,23,104,8,115,42,62" hai1="48,95,25,76,116,37,93,129,80,120,46,31,61" hai2="122,94,0,118,87,27,84,128,126,13,79,74,1" hai3="47,109,124,38,132,36,100,99,24,64,11,44,91"/><W97/><G64/><T43/><D62/><U55/><E120/><V28/><F118/><W106/><G11/><T130/><D130/><U60/><E129/><V78/><F128/><W123/><G123/><T40/><D104/><U88/><E116/><V111/><F122/><W3/><G3/><N who="0" m="63" /><D98/><U15/><E37/><V127/><F111/><W12/><G12/><N who="0" m="9639" /><D6/><U20/><E15/><V72/><F13/><W21/><G124/><N who="2" m="47657" /><F0/><W59/><G132/><T9/><D9/><U92/><E76/><N who="2" m="29227" /><F1/><W82/><G59/><T134/><D134/><U50/><E50/><V63/><F63/><N who="1" m="24137" /><E80/><V105/><F105/><W51/><G109/><T18/><D18/><U39/><E39/><V65/><F65/><W110/><G110/><T68/><D68/><U108/><E108/><V81/><F81/><W53/><G44/><T33/><D33/><U114/><E114/><V133/><F133/><W66/><G66/><T89/><D89/><AGARI ba="0,0" hai="20,25,31,46,48,55,88,89,92,93,95" m="24137" machi="89" ten="30,3900,0" yaku="8,1,52,1,54,1" doraHai="26" who="1" fromWho="0" sc="329,-39,218,39,220,0,233,0" /><INIT seed="8,0,0,0,2,121" ten="290,257,220,233" oya="0" hai0="132,42,72,96,3,65,34,32,26,108,84,46,102" hai1="61,6,18,10,81,80,23,79,1,113,41,35,119" hai2="47,103,19,31,40,88,109,100,110,0,45,76,33" hai3="63,87,64,44,39,4,97,117,51,53,124,74,131"/><T95/><D72/><U94/><E119/><V86/><F0/><W129/><G74/><T134/><D3/><U24/><E61/><V123/><F123/><W75/><G4/><T29/><D108/><U126/><E126/><V122/><F122/><W21/><G75/><T38/><D65/><U125/><E125/><V68/><F76/><W7/><G124/><T14/><D14/><U98/><E113/><V93/><F68/><W59/><G7/><T15/><D15/><U16/><E35/><V91/><F19/><W70/><G21/><N who="0" m="15567" /><D84/><U115/><E115/><V82/><F33/><W57/><G97/><T67/><D67/><U112/><E112/><V60/><F60/><N who="3" m="40199" /><G87/><T17/><D17/><U114/><E114/><V77/><F31/><W78/><G78/><T83/><D83/><U116/><E116/><V69/><F69/><W133/><G133/><AGARI ba="0,0" hai="32,34,38,42,46,95,96,102,132,133,134" m="15567" machi="133" ten="30,1500,0" yaku="20,1" doraHai="121" who="0" fromWho="3" sc="290,15,257,0,220,0,233,-15" owari="305,40.0,257,6.0,220,-18.0,218,-28.0" /></mjloggm>