<mjloggm ver="2.3"><GO type="97"/><UN n0="%E7%B2%98%E7%9D%80" n1="%E9%9B%AA%31%36%67" n2="%EF%BC%88%E2%89%A7%E2%96%BD%E2%89%A6%EF%BC%89" n3="%E3%83%87%E3%83%9D%E3%82%89%E3%82%8C%6D%61%78" dan="13,14,14,13" rate="1973,1944,2042,1863" sx="M,M,M,M"/><TAIKYOKU oya="0"/><INIT seed="0,0,0,5,1,31" ten="250,250,250,250" oya="0" hai0="134,22,32,104,102,34,3,42,7,45,131,9,71" hai1="5,66,86,93,99,59,40,120,78,48,89,129,118" hai2="117,107,0,16,111,58,113,83,73,85,67,92,97" hai3="68,24,121,33,52,19,49,44,95,13,15,115,47"/><T41/><D41/><U90/><E120/><V27/><F0/><W84/><G68/><T6/><D22/><U57/><E118/><V12/><F113/><W14/><G121/><T53/><D53/><U70/><E129/><V69/><F69/><W132/><G132/><T38/><D7/><U123/><E123/><V30/><F117/><W72/><G72/><T80/><D80/><U10/><E78/><V17/><F111/><W50/><G115/><T94/><D94/><U100/><E70/><V54/><F107/><W125/><G125/><T114/><D114/><U23/><E23/><V46/><F73/><W91/><G33/><N who="0" m="12907" /><D71/><U81/><E89/><V110/><F54/><N who="3" m="29991" /><G24/><T126/><D126/><U75/><E66/><V88/><F27/><W25/><G25/><T74/><D74/><U103/><E75/><V43/><F67/><W87/><G87/><T76/><D76/><U56/><E100/><V130/><F85/><W135/><G135/><T29/><D29/><U61/><E61/><V18/><F30/><W124/><G124/><T105/><D134/><U108/><E40/><V79/><F43/><W4/><G4/><T21/><D21/><AGARI ba="0,0" hai="13,14,15,19,21,47,50,52,84,91,95" m="29991" machi="21" ten="30,2000,0" yaku="8,1,54,1" doraHai="31" who="3" fromWho="0" sc="250,-20,250,0,250,0,250,20" /><INIT seed="1,0,0,4,5,54" ten="230,250,250,270" oya="1" hai0="93,56,71,41,16,112,101,85,14,83,36,65,134" hai1="0,61,73,100,80,51,129,110,55,22,44,67,40" hai2="111,2,118,37,5,18,116,98,115,97,35,88,72" hai3="63,74,99,119,91,21,19,108,68,120,96,15,10"/><U103/><E129/><V7/><F35/><W82/><G119/><T94/><D112/><U89/><E0/><V45/><F72/><W30/><G120/><T90/><D71/><U32/><E32/><V58/><F115/><W50/><G108/><T123/><D123/><U62/><E110/><V125/><F111/><W79/><G91/><T46/><D134/><U49/><E22/><V38/><F18/><W23/><G50/><T34/><D34/><U135/><E135/><V1/><F45/><W127/><G127/><T53/><D65/><U6/><E6/><V122/><F122/><W29/><G21/><T86/><D85/><U27/><E27/><V102/><F102/><W9/><G9/><T20/><REACH who="0" step="1"/><D101/><REACH who="0" step="2"/><U77/><E100/><V64/><F64/><W84/><G84/><T39/><D39/><U66/><E103/><V28/><F125/><W81/><G68/><T128/><D128/><U132/><E66/><V92/><F38/><W24/><G74/><T75/><D75/><U113/><E67/><V117/><F37/><W52/><G99/><T126/><D126/><U107/><E132/><V25/><F98/><W95/><G96/><T114/><D114/><U124/><E113/><V26/><F97/><W87/><G87/><T69/><D69/><U17/><E124/><V4/><F2/><W106/><G79/><T13/><D13/><U48/><E77/><V8/><F1/><W104/><G15/><T70/><D70/><U121/><E73/><V33/><F118/><W60/><G24/><T31/><D31/><U76/><E121/><V43/><F117/><RYUUKYOKU ba="0,1" sc="220,30,250,-10,250,-10,270,-10" hai0="14,16,20,36,41,46,53,56,83,86,90,93,94" /><INIT seed="2,1,1,2,2,100" ten="250,240,240,260" oya="2" hai0="11,115,12,16,2,109,0,38,34,66,62,26,119" hai1="133,84,42,43,17,104,132,79,94,76,60,31,131" hai2="106,97,83,82,33,46,129,122,86,22,21,44,41" hai3="54,81,116,70,37,96,125,65,85,64,124,135,56"/><V80/><F122/><W92/><G116/><T52/><D38/><U98/><E131/><V99/><F129/><W9/><G37/><T95/><D119/><U58/><E31/><V23/><F33/><W107/><G135/><N who="1" m="51786" /><E17/><V61/><F61/><W49/><G107/><T25/><D115/><U123/><E123/><V111/><F111/><W68/><G9/><T88/><D109/><U105/><E43/><V19/><F19/><W32/><G32/><T13/><D2/><U57/><E42/><V50/><F106/><N who="1" m="41065" /><E84/><V75/><F75/><W118/><G118/><T77/><D0/><U90/><E58/><V69/><F69/><W40/><G40/><T114/><D114/><U130/><E130/><V120/><F120/><W78/><G68/><T89/><D34/><U126/><E126/><N who="3" m="48746" /><G70/><T101/><D13/><U29/><E29/><V113/><F113/><W10/><G10/><T71/><D26/><U1/><E1/><V127/><F127/><W30/><G30/><T15/><D15/><U67/><AGARI ba="1,1" hai="57,60,67,76,79,90,94,98" m="41065,51786" machi="67" ten="30,7900,0" yaku="20,1,52,3" doraHai="100" who="1" fromWho="1" sc="250,-21,240,92,240,-40,260,-21" /><INIT seed="3,0,0,5,0,18" ten="229,332,200,239" oya="3" hai0="3,47,27,73,10,78,69,16,63,111,110,131,133" hai1="40,60,39,118,93,13,66,59,52,97,91,15,104" hai2="36,116,70,99,113,76,80,81,62,26,54,95,28" hai3="49,82,35,115,24,128,125,12,9,53,106,100,1"/><W8/><G115/><T14/><D131/><U72/><E118/><V119/><F113/><W107/><G128/><T4/><D133/><U43/><E72/><V121/><F121/><W112/><G112/><T51/><D27/><U124/><E124/><V45/><F36/><W0/><G125/><T117/><D117/><U102/><E66/><V20/><F70/><W92/><G0/><T77/><D73/><U65/><E65/><V74/><F81/><W67/><G67/><T98/><D98/><U48/><E39/><V50/><REACH who="2" step="1"/><F62/><REACH who="2" step="2"/><W5/><G82/><T42/><D63/><U114/><E60/><V75/><F75/><W37/><G37/><T38/><D69/><U2/><E114/><V11/><F11/><W31/><G9/><N who="0" m="6223" /><D38/><U61/><E61/><V57/><F57/><W130/><G130/><T30/><D3/><U33/><E59/><V44/><F44/><W103/><G1/><T120/><D120/><U108/><E2/><V90/><AGARI ba="0,1" hai="20,26,28,45,50,54,74,76,80,90,95,99,116,119" machi="90" ten="20,8000,1" yaku="1,1,0,1,7,1,52,1,53,1" doraHai="18" doraHaiUra="105" who="2" fromWho="2" sc="229,-20,332,-20,190,90,239,-40" owari="209,-19.0,312,41.0,280,8.0,199,-30.0" /></mjloggm>