<mjloggm ver="2.3"><GO type="169" lobby="0"/><UN n0="%E5%B6%BA%E4%B8%8A%E9%96%89%E8%8A%B1" n1="%E6%AF%94%E5%98%89%E7%A7%80%E4%BB%81" n2="%E3%83%9E%E3%83%84%E3%82%B6%E3%82%AD" n3="%EF%BC%88%E2%89%A7%E2%96%BD%E2%89%A6%EF%BC%89" dan="16,18,16,18" rate="2022.66,2229.55,2112.71,2271.49" sx="F,M,M,M"/><TAIKYOKU oya="0"/><INIT seed="0,0,0,0,2,29" ten="250,250,250,250" oya="0" hai0="6,74,125,23,62,34,80,88,100,67,75,105,70" hai1="98,15,106,16,107,7,78,115,41,69,5,117,99" hai2="60,109,118,58,122,12,33,135,101,68,14,8,81" hai3="127,73,24,57,126,50,3,71,17,18,40,123,13"/><T97/><D125/><N who="3" m="47625" /><G71/><T21/><D6/><U132/><E69/><V10/><F122/><W2/><G73/><T96/><D34/><U129/><E117/><V130/><F118/><W82/><G82/><T9/><D9/><U95/><E132/><V104/><F130/><W45/><G123/><T55/><D55/><U53/><E129/><V56/><F135/><W108/><G108/><T76/><REACH who="0" step="1"/><D74/><REACH who="0" ten="240,250,250,250" step="2"/><U72/><E7/><V84/><F33/><W54/><G3/><T46/><D46/><U119/><E5/><V44/><F44/><W87/><G2/><T48/><D48/><U91/><E53/><V4/><F4/><W20/><G45/><T28/><D28/><U65/><E119/><V36/><F10/><N who="3" m="6327" /><G40/><T113/><D113/><U19/><E115/><V47/><F47/><W26/><G87/><T89/><D89/><U38/><E41/><V128/><F84/><W66/><G66/><T42/><D42/><U134/><E65/><V1/><F1/><W92/><G54/><T27/><D27/><U112/><E72/><V64/><F64/><W85/><G26/><T103/><D103/><U116/><E112/><V43/><F101/><W49/><G49/><T83/><D83/><U0/><E116/><V90/><F81/><W39/><G50/><T93/><AGARI ba="0,1" hai="21,23,62,67,70,75,76,80,88,93,96,97,100,105" machi="93" ten="30,6000,0" yaku="1,1,0,1,54,1,53,0" doraHai="29" doraHaiUra="110" who="0" fromWho="0" sc="240,70,250,-20,250,-20,250,-20" /><INIT seed="0,1,0,5,1,94" ten="310,230,230,230" oya="0" hai0="99,67,32,71,120,132,118,26,3,46,52,116,4" hai1="20,11,81,119,115,84,2,10,63,75,82,15,130" hai2="79,77,133,131,44,97,135,55,30,112,37,9,78" hai3="73,24,106,0,40,95,33,6,74,100,38,128,8"/><T21/><D120/><U129/><E119/><V93/><F112/><W111/><G95/><T127/><D127/><U48/><E115/><V19/><F30/><N who="3" m="19655" /><G111/><T68/><D32/><U29/><E2/><V12/><F131/><W7/><G7/><T18/><D132/><U85/><E75/><V59/><F44/><N who="3" m="23575" /><G128/><N who="1" m="49258" /><E63/><V45/><F45/><W98/><AGARI ba="1,0" hai="0,6,8,73,74,98,100,106" m="23575,19655" machi="98" ten="30,4000,0" yaku="33,2,52,1" doraHai="94" who="3" fromWho="3" sc="310,-21,230,-11,230,-11,230,43" /><INIT seed="1,0,0,5,5,131" ten="289,219,219,273" oya="1" hai0="36,6,123,134,7,63,99,33,26,76,65,117,39" hai1="48,49,34,71,22,28,135,10,88,122,116,20,73" hai2="77,8,60,101,93,130,87,66,40,97,13,111,4" hai3="110,64,89,44,90,112,127,3,0,16,100,69,125"/><U25/><E122/><V12/><F130/><W70/><G112/><T18/><D117/><U133/><E116/><V30/><F111/><W103/><G44/><T52/><D123/><U128/><E71/><N who="3" m="27146" /><G64/><T9/><D76/><U67/><E73/><V115/><F115/><W119/><G119/><T118/><D118/><U55/><E67/><V53/><F40/><W121/><G16/><T37/><D65/><U27/><E128/><V79/><F66/><W15/><G15/><T104/><D104/><U95/><E10/><V47/><F30/><W113/><G113/><T17/><D99/><U102/><E102/><N who="3" m="38954" /><G110/><T114/><D114/><U62/><E62/><V50/><F60/><W80/><G80/><T23/><D33/><U129/><E129/><V83/><F13/><W74/><G74/><T81/><D81/><U98/><E34/><V57/><F47/><W14/><G14/><T21/><D9/><U92/><E92/><V109/><F109/><W54/><G54/><T35/><D35/><U1/><E1/><N who="3" m="586" /><G121/><T24/><D37/><U29/><E49/><V41/><F41/><W132/><G132/><T120/><D134/><U51/><E51/><V2/><REACH who="2" step="1"/><F2/><REACH who="2" ten="289,219,209,273" step="2"/><W106/><G106/><T59/><D120/><U61/><E61/><V96/><F96/><W45/><G45/><AGARI ba="0,1" hai="20,22,25,27,28,29,45,48,55,88,95,98,133,135" machi="45" ten="40,12000,1" yaku="9,1,52,2,54,1" doraHai="131" who="1" fromWho="3" sc="289,0,219,130,209,0,273,-120" /><INIT seed="1,1,0,2,2,111" ten="289,349,209,153" oya="1" hai0="133,29,33,57,77,23,30,32,105,45,36,131,97" hai1="72,118,124,125,3,120,41,37,121,76,14,17,50" hai2="103,86,12,46,107,51,134,74,126,11,49,91,64" hai3="115,56,117,26,52,84,7,62,101,119,13,100,69"/><U93/><E118/><N who="3" m="45066" /><G69/><T78/><D133/><U98/><E3/><V54/><F74/><W25/><G84/><T94/><D105/><U0/><E0/><V1/><F1/><W67/><G67/><T116/><D116/><U48/><E37/><V47/><F134/><W112/><G7/><T88/><D32/><U89/><E76/><V21/><F64/><W83/><G13/><T16/><D131/><U82/><E82/><V92/><F126/><N who="1" m="48745" /><E72/><V113/><F21/><W5/><G5/><T42/><D57/><U20/><E41/><V15/><F113/><N who="3" m="43595" /><G83/><T24/><REACH who="0" step="1"/><D30/><REACH who="0" ten="279,349,209,153" step="2"/><U79/><E121/><V8/><F107/><W65/><G65/><T28/><D28/><U55/><E120/><V61/><F61/><W135/><G135/><T9/><D9/><N who="2" m="3658" /><F103/><AGARI ba="1,1" hai="25,26,52,56,62,100,101,103" m="43595,45066" machi="103" ten="30,8000,1" yaku="12,1,52,3,54,1" doraHai="111" who="3" fromWho="2" sc="279,0,349,0,209,-83,153,93" /><INIT seed="2,0,0,4,1,71" ten="279,349,126,246" oya="2" hai0="34,80,65,21,108,0,109,81,67,8,12,95,40" hai1="103,97,11,115,63,16,24,66,55,120,45,64,133" hai2="112,96,23,73,44,25,20,17,102,29,6,107,131" hai3="110,2,28,88,90,4,125,5,75,69,87,54,124"/><V49/><F131/><W94/><G75/><T30/><D34/><U77/><E115/><V51/><F112/><W15/><G2/><T27/><D0/><U56/><E120/><V1/><F73/><W62/><G110/><N who="0" m="42603" /><D95/><N who="1" m="58815" /><E133/><V58/><F58/><N who="3" m="35159" /><G28/><T127/><D40/><U83/><E45/><V61/><F61/><W86/><G69/><T33/><D33/><U111/><E111/><V78/><F78/><W14/><G125/><T129/><D129/><U31/><E31/><V60/><F60/><W82/><G124/><T130/><D130/><U98/><E98/><V89/><F89/><W85/><G85/><T84/><D127/><U72/><E72/><V121/><F121/><W104/><G104/><T91/><D80/><U35/><E35/><V118/><F118/><W117/><G117/><T53/><D53/><U76/><E83/><V47/><F1/><W134/><G134/><T3/><D3/><U126/><E126/><V68/><F68/><W43/><G43/><T18/><AGARI ba="0,0" hai="8,12,18,21,27,30,65,67,81,84,91" m="42603" machi="18" ten="30,1100,0" yaku="14,1" doraHai="71" who="0" fromWho="0" sc="279,11,349,-3,126,-5,246,-3" /><INIT seed="3,0,0,2,4,116" ten="290,346,121,243" oya="3" hai0="66,64,16,33,14,2,44,78,53,73,72,17,124" hai1="12,31,24,130,40,114,51,104,81,68,107,90,96" hai2="89,37,119,109,131,101,133,28,117,25,121,103,1" hai3="35,84,62,134,8,23,100,98,82,75,94,27,115"/><W10/><G115/><T112/><D2/><U38/><E114/><V18/><F37/><W5/><G134/><T86/><D33/><U128/><E68/><V92/><F1/><W79/><G35/><T39/><D112/><U4/><E38/><V108/><F133/><W52/><G5/><T120/><D120/><U105/><E4/><V48/><F48/><W59/><REACH who="3" step="1"/><G75/><REACH who="3" ten="290,346,121,233" step="2"/><T54/><D72/><U60/><E130/><V15/><F119/><W69/><G69/><T95/><D73/><U70/><E128/><V126/><F117/><W87/><G87/><T34/><D86/><U61/><E70/><V9/><F131/><W71/><G71/><T80/><D34/><U132/><E132/><V19/><F126/><W13/><G13/><T91/><D14/><U135/><E12/><V30/><F121/><W57/><G57/><T36/><D124/><U67/><E135/><V50/><F109/><W106/><G106/><T45/><D44/><U65/><E107/><V76/><F15/><W122/><G122/><T118/><D45/><U0/><E105/><V29/><F108/><W99/><G99/><T110/><D110/><U77/><E96/><V83/><F25/><W111/><G111/><T113/><D118/><U21/><E104/><V42/><F19/><AGARI ba="0,1" hai="8,10,19,23,27,52,59,62,79,82,84,94,98,100" machi="19" ten="30,11600,0" yaku="1,1,7,1,8,1,54,1,53,0" doraHai="116" doraHaiUra="102" who="3" fromWho="2" sc="290,0,346,0,121,-116,233,126" /><INIT seed="3,1,0,3,2,15" ten="290,346,5,359" oya="3" hai0="7,22,115,134,89,49,3,20,12,110,31,118,18" hai1="71,96,28,77,35,8,4,92,39,61,33,123,79" hai2="23,75,93,114,70,54,6,94,29,101,133,91,106" hai3="100,125,108,130,5,10,87,36,85,47,69,52,103"/><W16/><G69/><T0/><D49/><U34/><E39/><V64/><F75/><W121/><G121/><T40/><D40/><U78/><E123/><V38/><F38/><W44/><G130/><T43/><D43/><U76/><N who="1" m="19456" /><DORA hai="84" /><U37/><E37/><V57/><F6/><W26/><G125/><T124/><D124/><U9/><E28/><V117/><F117/><W24/><G108/><T104/><D104/><U59/><E71/><V63/><F133/><W127/><G127/><T107/><D107/><U45/><E45/><N who="3" m="17482" /><G52/><T116/><D134/><U86/><E86/><N who="3" m="32778" /><G36/><T135/><D135/><U90/><REACH who="1" step="1"/><E4/><REACH who="1" ten="290,336,5,359" step="2"/><V67/><F114/><W72/><G5/><T25/><D7/><U105/><E105/><V1/><F106/><W62/><G72/><T68/><D115/><U32/><N who="1" m="8192" /><DORA hai="102" /><U129/><E129/><V2/><F101/><W30/><G103/><T81/><D68/><U58/><E58/><V122/><F122/><W46/><G100/><T97/><D110/><U80/><E80/><V113/><F113/><W17/><G46/><T27/><D81/><U73/><E73/><V83/><F83/><W51/><G30/><T95/><REACH who="0" step="1"/><D27/><REACH who="0" ten="280,336,5,359" step="2"/><U88/><E88/><V82/><F82/><W19/><G26/><T109/><D109/><U120/><E120/><V55/><F91/><W50/><G24/><T41/><D41/><U112/><E112/><V119/><F119/><AGARI ba="1,2" hai="0,3,12,18,20,22,25,31,89,95,97,116,118,119" machi="119" ten="40,8000,1" yaku="1,1,52,2,53,1" doraHai="15,84,102" doraHaiUra="126,65,14" who="0" fromWho="2" sc="280,103,336,0,5,-83,359,0" owari="383,48.0,336,-6.0,-78,-58.0,359,16.0" /></mjloggm>