<mjloggm ver="2.3"><GO type="41"/><UN n0="%E8%99%8E%E7%8D%85%E3%81%8F%E3%82%93" n1="%68%61%7A%69%6D%65%32%34" n2="%E9%87%8C%E4%B8%AD%E9%9D%99%E6%B5%81" n3="%E3%82%A6%E3%83%AB%E3%83%88%E3%83%A9%E7%AB%8B%E7%9B%B4" dan="13,13,13,15" rate="1823,1854,1857,1949" sx="M,M,M,M"/><TAIKYOKU oya="0"/><INIT seed="0,0,0,1,4,104" ten="250,250,250,250" oya="0" hai0="6,128,30,89,82,38,126,18,114,62,71,33,56" hai1="1,135,73,113,122,36,125,25,88,100,112,12,27" hai2="132,13,47,31,0,9,116,103,70,24,52,76,86" hai3="17,133,43,34,111,79,130,80,77,5,63,37,66"/><T94/><D38/><U84/><E36/><V7/><F116/><W117/><G17/><T91/><D114/><N who="1" m="44139" /><E12/><V127/><F127/><W59/><G79/><T83/><D71/><U99/><E1/><V105/><F132/><W78/><G78/><T48/><D6/><U35/><E35/><V118/><F70/><W53/><G34/><T50/><D126/><U57/><E125/><V65/><F118/><W131/><G117/><T58/><D128/><N who="3" m="49193" /><G5/><T85/><D82/><N who="1" m="49175" /><E135/><V3/><F65/><W124/><G124/><T29/><D33/><U119/><E119/><V51/><F103/><W106/><G43/><T40/><D18/><U69/><E69/><V42/><F42/><W107/><G37/><T41/><D50/><U96/><E122/><V92/><F105/><W81/><G133/><T19/><D19/><U110/><E110/><V21/><REACH who="2" step="1"/><F92/><REACH who="2" ten="250,250,240,250" step="2"/><W44/><G107/><T49/><D41/><U2/><E100/><V95/><F95/><W45/><G111/><T10/><D40/><U8/><E57/><V121/><F121/><W97/><G59/><T64/><D58/><U39/><E39/><V123/><F123/><W4/><G66/><T60/><D64/><U14/><E2/><V129/><F129/><W61/><G45/><T108/><D56/><U54/><E54/><V120/><F120/><W20/><G53/><T74/><D108/><U23/><E99/><V32/><F32/><W55/><G97/><T98/><D98/><U72/><E96/><V26/><F26/><N who="1" m="9737" /><E23/><V46/><F46/><W67/><G20/><T68/><D68/><U115/><E115/><RYUUKYOKU ba="0,1" sc="250,-15,250,15,240,15,250,-15" hai1="8,14,72,73" hai2="0,3,7,9,13,21,24,31,47,51,52,76,86" /><INIT seed="1,1,1,0,4,83" ten="235,265,255,235" oya="1" hai0="74,111,36,26,56,122,132,120,106,134,72,102,5" hai1="10,9,113,75,68,21,58,76,81,123,27,0,45" hai2="25,16,17,63,39,91,34,116,77,90,40,131,78" hai3="124,24,70,11,85,105,12,55,28,52,66,73,14"/><U79/><E113/><V101/><F116/><W84/><G73/><N who="0" m="28267" /><D36/><U64/><E68/><V69/><F131/><W126/><G70/><T118/><D5/><U19/><E123/><N who="0" m="47145" /><D56/><U127/><E127/><N who="3" m="48682" /><G66/><T44/><D44/><U121/><E121/><V6/><F101/><W108/><G108/><T119/><D26/><U98/><E45/><V67/><F6/><N who="3" m="3191" /><G14/><T87/><D111/><U35/><E35/><V31/><F77/><W100/><G105/><T22/><D22/><U103/><E79/><V115/><F78/><W54/><G100/><T8/><D8/><U104/><E0/><V133/><F115/><W99/><G99/><N who="0" m="61791" /><D87/><U130/><E130/><V18/><REACH who="2" step="1"/><F133/><AGARI ba="1,1" hai="118,119,132,133,134" m="61791,47145,28267" machi="133" ten="40,8000,1" yaku="20,1,13,1,23,1,34,2" doraHai="83" who="0" fromWho="2" sc="235,93,265,0,255,-83,235,0" /><INIT seed="2,0,0,4,5,26" ten="328,265,172,235" oya="2" hai0="32,130,99,67,14,42,65,12,89,13,22,81,135" hai1="82,4,17,50,90,29,134,103,59,126,115,75,79" hai2="74,51,133,53,70,57,76,98,46,72,85,92,61" hai3="38,18,107,0,111,71,129,87,118,131,49,124,108"/><V127/><F70/><W102/><G49/><T73/><D32/><U69/><E69/><V15/><F133/><W28/><G87/><T64/><D130/><N who="3" m="49673" /><G102/><T5/><D5/><U37/><E37/><V21/><F127/><W45/><G45/><T16/><D135/><U31/><E134/><V47/><F47/><W56/><G56/><T9/><D73/><U78/><E78/><V30/><F85/><W86/><G86/><N who="0" m="50383" /><D42/><U101/><E126/><V121/><F121/><W93/><G93/><T114/><D114/><U11/><E17/><V8/><F76/><W19/><G71/><T84/><D9/><U113/><E90/><V97/><F97/><W88/><G107/><T119/><D119/><U66/><E103/><N who="2" m="60871" /><F74/><W6/><G88/><T48/><D99/><U25/><E101/><V60/><F72/><W2/><G38/><T36/><D36/><U91/><E91/><V122/><F46/><W23/><G118/><T44/><D84/><U55/><E25/><N who="2" m="16687" /><F122/><W128/><N who="3" m="49681" /><W68/><DORA hai="40" /><G68/><T33/><D33/><U80/><E66/><V20/><F20/><W120/><G120/><T110/><D65/><U10/><E82/><V116/><F116/><W52/><G124/><T34/><D67/><U96/><E96/><V100/><F100/><W62/><G0/><T83/><D64/><U132/><E132/><V35/><F35/><W112/><G112/><N who="1" m="43082" /><E11/><V63/><F63/><W27/><G62/><T58/><D34/><U3/><E3/><V77/><F77/><W54/><G2/><T41/><D83/><U104/><E104/><V109/><F109/><RYUUKYOKU ba="0,0" sc="328,-15,265,15,172,15,235,-15" hai1="4,10,29,31,50,55,59,75,79,80" hai2="8,15,51,53,57,60,61" /><INIT seed="2,1,0,5,5,59" ten="313,280,187,220" oya="2" hai0="91,58,49,113,79,72,81,118,88,37,69,100,97" hai1="27,108,57,63,95,8,84,67,128,32,9,60,96" hai2="66,35,45,51,104,4,5,109,129,107,2,24,85" hai3="77,34,132,30,73,111,7,13,125,16,21,92,110"/><V124/><F124/><W10/><G77/><T68/><D37/><U119/><E108/><N who="3" m="41514" /><G73/><T40/><D113/><U94/><E119/><V12/><F109/><W6/><G92/><T39/><D118/><U102/><E128/><V19/><F129/><W46/><G46/><T36/><D36/><U62/><E27/><V28/><F66/><W123/><G123/><T134/><D134/><U38/><E38/><V90/><F5/><N who="3" m="1547" /><G132/><T41/><D39/><U127/><E32/><V103/><F103/><W74/><G74/><T65/><D40/><U71/><E127/><V116/><F116/><W76/><G76/><T54/><D41/><U122/><E122/><V106/><F106/><W115/><G125/><T114/><D114/><U70/><E70/><V82/><F4/><W18/><G115/><T56/><D56/><U130/><E71/><V83/><F2/><W126/><G126/><T75/><D75/><U64/><E130/><V29/><F29/><W0/><G0/><T133/><D133/><U43/><E43/><V98/><F98/><W48/><G48/><T17/><D17/><U99/><E84/><V15/><F15/><N who="3" m="9375" /><G30/><T52/><D54/><U101/><E57/><V112/><F112/><W135/><G135/><T33/><D69/><U42/><E42/><N who="2" m="25015" /><F83/><W61/><G34/><T44/><D33/><U26/><E26/><V22/><F107/><W93/><G93/><T105/><D68/><U87/><E87/><V80/><F104/><W47/><G47/><T3/><D3/><U14/><E14/><V55/><F82/><W131/><G131/><T25/><D25/><RYUUKYOKU ba="1,0" sc="313,0,280,0,187,0,220,0" hai0="44,49,52,58,65,72,79,81,88,91,97,100,105" hai1="8,9,60,62,63,64,67,94,95,96,99,101,102" hai2="12,19,22,24,28,35,55,80,85,90" hai3="10,13,18,61" /><INIT seed="2,2,0,4,0,126" ten="313,280,187,220" oya="2" hai0="57,11,123,80,101,36,39,44,91,63,16,66,28" hai1="60,81,134,125,61,5,67,62,2,121,55,79,90" hai2="30,12,102,87,49,85,117,3,23,70,100,40,131" hai3="10,97,27,45,77,108,112,42,72,18,133,92,132"/><V43/><BYE who="1" /><F117/><W116/><G116/><UN n1="%68%61%7A%69%6D%65%32%34" /><T19/><D101/><U129/><E121/><V68/><F3/><W105/><G105/><T29/><D123/><U82/><E125/><V4/><F30/><W110/><G77/><T118/><D118/><U54/><E134/><N who="3" m="51818" /><G72/><T26/><D44/><U103/><E103/><V128/><F23/><N who="3" m="13815" /><G10/><T120/><D120/><U6/><E129/><N who="2" m="49739" /><F100/><N who="3" m="60455" /><G112/><T48/><D11/><U22/><E22/><V38/><F102/><W51/><AGARI ba="2,0" hai="42,45,51,108,110" m="60455,13815,51818" machi="51" ten="30,1100,0" yaku="20,1" doraHai="126" who="3" fromWho="3" sc="313,-5,280,-5,187,-7,220,17" /><INIT seed="3,0,0,0,1,59" ten="308,275,180,237" oya="3" hai0="8,3,39,131,117,49,84,37,99,83,70,21,72" hai1="29,104,87,124,64,16,4,32,130,54,46,122,26" hai2="77,134,55,103,120,13,53,69,119,48,51,90,107" hai3="113,114,31,12,50,1,132,33,80,10,133,44,24"/><W27/><G50/><T7/><D117/><U81/><E124/><V36/><F119/><W126/><G44/><T58/><D70/><U106/><E130/><V112/><F36/><W101/><G80/><T94/><D72/><U109/><E109/><V57/><F112/><W43/><G101/><T67/><D21/><U97/><E4/><V17/><F69/><W78/><G78/><T127/><D127/><U15/><E64/><V28/><F134/><N who="3" m="51819" /><G43/><T129/><D49/><U14/><E122/><V82/><F120/><W20/><G1/><T19/><D19/><U52/><E97/><V68/><F68/><W73/><G73/><T93/><D58/><U40/><E14/><V42/><F42/><W60/><G60/><T111/><D67/><U96/><E96/><V121/><F121/><W118/><G118/><T9/><D99/><U5/><E5/><V23/><F90/><W110/><G126/><T91/><D39/><U34/><E34/><V100/><F107/><W108/><G113/><T45/><D45/><U95/><E95/><V75/><REACH who="2" step="1"/><F28/><REACH who="2" ten="308,275,170,237" step="2"/><N who="3" m="17415" /><G114/><T98/><D37/><U92/><E106/><V74/><F74/><W65/><G65/><T56/><D91/><U76/><E104/><V71/><F71/><W22/><G33/><T6/><D129/><U102/><E102/><V63/><F63/><W66/><G66/><T128/><D131/><U11/><REACH who="1" step="1"/><E92/><REACH who="1" ten="308,265,170,237" step="2"/><V47/><AGARI ba="0,2" hai="13,17,23,47,48,51,53,55,57,75,77,82,100,103" machi="47" ten="20,2700,0" yaku="1,1,0,1,7,1,53,0" doraHai="59" doraHaiUra="30" who="2" fromWho="2" sc="308,-7,265,-7,170,47,237,-13" /><INIT seed="4,0,0,3,3,95" ten="301,258,217,224" oya="0" hai0="58,91,20,105,134,84,53,42,99,135,2,129,89" hai1="14,63,25,72,119,55,39,11,73,49,17,120,118" hai2="130,23,46,47,122,128,48,117,13,131,116,21,19" hai3="24,86,7,101,10,44,80,1,40,88,61,60,93"/><T113/><D113/><U28/><E39/><V45/><F122/><W31/><G101/><N who="0" m="62655" /><D2/><U22/><E120/><V76/><F76/><W77/><G24/><T37/><D37/><U51/><E51/><V94/><F94/><W9/><G9/><T110/><D42/><U43/><E43/><V115/><F115/><W82/><G82/><T30/><D20/><U87/><E63/><V64/><F64/><W74/><REACH who="3" step="1"/><G31/><REACH who="3" ten="301,258,217,214" step="2"/><T18/><D30/><U62/><E119/><V103/><F103/><W8/><G8/><T85/><D134/><U50/><E118/><N who="2" m="45675" /><F23/><W97/><G97/><T59/><D135/><U123/><E123/><V109/><F109/><W102/><G102/><T70/><D110/><U92/><E92/><V83/><F83/><W100/><G100/><T75/><D129/><U114/><E28/><V15/><F15/><W71/><G71/><T121/><D70/><U66/><E25/><V132/><F132/><W32/><G32/><T65/><D121/><U133/><E11/><V108/><F108/><W111/><G111/><T54/><D75/><U79/><E72/><V90/><F90/><W124/><G124/><T34/><D91/><U96/><E73/><V4/><F4/><W125/><G125/><T57/><D89/><U36/><E14/><V52/><AGARI ba="0,1" hai="13,19,21,45,46,47,48,52,128,130,131" m="45675" machi="52" ten="40,5200,0" yaku="19,1,12,1,54,1" doraHai="95" who="2" fromWho="2" sc="301,-26,258,-13,217,62,214,-13" /><INIT seed="5,0,0,3,4,44" ten="275,245,279,201" oya="1" hai0="59,116,109,112,86,72,41,50,110,132,126,107,125" hai1="33,67,5,24,104,119,106,105,32,74,18,26,87" hai2="127,53,65,70,54,23,17,43,88,63,69,34,124" hai3="92,114,12,8,99,25,76,93,79,51,29,22,52"/><U10/><E119/><V134/><F34/><W84/><G114/><T4/><D72/><U38/><E38/><V118/><F118/><W80/><G79/><T6/><D107/><U58/><E74/><V101/><F101/><W57/><REACH who="3" step="1"/><G99/><REACH who="3" ten="275,245,279,191" step="2"/><T130/><D112/><U122/><E122/><V7/><F127/><W20/><G20/><T48/><D125/><U121/><E121/><V15/><F124/><W31/><G31/><T16/><D126/><U89/><E33/><V62/><F23/><W85/><G85/><T90/><D86/><U1/><E32/><V113/><F113/><W61/><G61/><T37/><D110/><U19/><E18/><AGARI ba="0,1" hai="8,12,18,22,25,29,51,52,57,76,80,84,92,93" machi="18" ten="30,12000,2" yaku="1,1,7,1,8,1,52,1,54,1,53,1" doraHai="44" doraHaiUra="46" who="3" fromWho="1" sc="275,0,245,-120,279,0,191,130" /><INIT seed="6,0,0,1,1,64" ten="275,125,279,321" oya="2" hai0="1,37,67,89,134,130,59,115,92,53,42,43,73" hai1="3,44,107,10,129,31,29,63,112,113,96,55,75" hai2="120,103,111,46,131,20,90,80,109,60,0,27,125" hai3="123,28,6,21,34,81,78,71,101,100,19,56,77"/><V104/><F120/><W15/><G123/><T51/><D73/><U94/><E10/><V117/><F117/><W135/><G135/><T87/><D1/><U127/><E3/><V30/><F0/><W22/><G34/><T50/><D134/><U8/><E8/><V39/><F131/><W93/><G71/><T62/><D130/><U97/><E31/><V84/><F125/><W114/><G6/><T69/><D115/><N who="1" m="44107" /><E29/><V32/><F32/><W88/><G114/><T83/><D50/><U119/><E129/><V14/><F14/><W95/><G56/><T45/><D43/><U74/><E63/><V66/><F103/><W102/><G81/><AGARI ba="0,0" hai="37,42,45,51,53,59,62,67,69,81,83,87,89,92" machi="81" ten="40,5200,0" yaku="24,2,52,1" doraHai="64" who="0" fromWho="3" sc="275,52,125,0,279,0,321,-52" /><INIT seed="7,0,0,4,3,103" ten="327,125,279,269" oya="3" hai0="77,126,93,119,80,12,110,6,10,86,98,131,104" hai1="79,124,15,123,95,46,130,9,129,4,45,60,30" hai2="75,29,133,99,41,84,87,36,85,22,66,71,109" hai3="20,59,72,34,62,83,67,21,88,107,106,135,58"/><W13/><G34/><T17/><D119/><U68/><E79/><V27/><F109/><W108/><G108/><T89/><D110/><U94/><E94/><V102/><F75/><W116/><G116/><T39/><D39/><U28/><E95/><V18/><F133/><W132/><G72/><T134/><D134/><N who="3" m="51241" /><G21/><T73/><D131/><N who="1" m="50187" /><E60/><V81/><F66/><W91/><G58/><T51/><D126/><U97/><E97/><V125/><F125/><W48/><G48/><T127/><D127/><U70/><E124/><V117/><F117/><W8/><G20/><T101/><D51/><U76/><E76/><V35/><F71/><N who="1" m="27177" /><E123/><V56/><F56/><W105/><G83/><T64/><D64/><U31/><E15/><V111/><F111/><W16/><AGARI ba="0,0" hai="8,13,16,59,62,67,88,91,105,106,107" m="51241" machi="16" ten="40,18000,2" yaku="20,1,52,3,54,2" doraHai="103" who="3" fromWho="3" sc="327,-60,125,-60,279,-60,269,180" owari="267,7.0,65,-43.0,219,-18.0,449,54.0" /></mjloggm>