<mjloggm ver="2.3"><GO type="169" lobby="0"/><UN n0="%E6%98%A5%E6%97%A5%E3%81%8B%E3%82%8C%E3%82%93" n1="%E5%90%A0%E3%81%88%E3%82%8B%E5%BD%A1%E2%98%86" n2="%EF%BC%88%E2%89%A7%E2%96%BD%E2%89%A6%EF%BC%89" n3="%E3%81%97%E3%82%85%E3%81%86%E3%83%BC%E3%80%82" dan="16,16,19,17" rate="2036.33,2138.10,2263.23,2089.92" sx="F,M,M,M"/><TAIKYOKU oya="0"/><INIT seed="0,0,0,4,0,24" ten="250,250,250,250" oya="0" hai0="63,130,78,18,10,73,126,105,87,61,48,30,72" hai1="31,29,12,41,109,79,4,46,65,20,54,101,60" hai2="33,110,0,55,94,127,9,90,80,68,76,37,103" hai3="123,88,107,120,59,25,84,27,132,7,95,62,28"/><T92/><D105/><U32/><E32/><V53/><F68/><W118/><G118/><T34/><D126/><U91/><E109/><V97/><F37/><W16/><G107/><T42/><D130/><U58/><E101/><V14/><F127/><W69/><G69/><T115/><D115/><U47/><E79/><V51/><F110/><W98/><G132/><T75/><D10/><N who="1" m="4167" /><E41/><V67/><F67/><W124/><G7/><T66/><D18/><U23/><E91/><V64/><F64/><W117/><G117/><T21/><D34/><U129/><E129/><V102/><F0/><W26/><G124/><T40/><D63/><U50/><E47/><V82/><F33/><W119/><G119/><T111/><D111/><U56/><E56/><V131/><F131/><W96/><G16/><T36/><D36/><U99/><E99/><V81/><F76/><W39/><G39/><T106/><D106/><U77/><E77/><V3/><F3/><W52/><REACH who="3" step="1"/><G28/><AGARI ba="0,0" hai="20,23,28,29,31,46,50,54,58,60,65" m="4167" machi="28" ten="30,7700,0" yaku="8,1,52,3" doraHai="24" who="1" fromWho="3" sc="250,0,250,77,250,0,250,-77" /><INIT seed="1,0,0,5,0,18" ten="250,327,250,173" oya="1" hai0="88,89,72,132,40,26,65,44,51,29,104,117,73" hai1="37,135,79,103,46,102,17,127,115,20,52,134,108" hai2="83,64,130,22,23,25,36,31,122,69,13,80,128" hai3="70,12,48,63,119,27,118,78,87,74,92,94,67"/><U96/><E115/><V62/><F36/><W110/><G110/><T15/><D104/><U106/><E127/><V47/><F47/><W0/><G0/><T39/><D117/><U77/><E108/><V30/><F122/><W9/><G74/><T53/><D132/><N who="1" m="50731" /><E103/><V120/><F120/><W16/><G48/><T66/><D72/><U21/><E17/><N who="2" m="10543" /><F31/><W129/><G129/><AGARI ba="0,0" hai="23,25,30,62,64,69,80,83,128,129,130" m="10543" machi="129" ten="30,3900,0" yaku="19,1,52,2" doraHai="18" who="2" fromWho="3" sc="250,0,327,0,250,39,173,-39" /><INIT seed="2,0,0,5,5,32" ten="250,327,289,134" oya="2" hai0="113,59,4,42,37,110,22,39,129,49,40,89,26" hai1="131,64,50,117,88,80,51,118,46,20,128,78,127" hai2="114,24,91,56,15,55,72,67,45,87,109,68,19" hai3="8,31,35,71,48,120,58,53,18,83,104,122,73"/><V60/><F114/><W90/><G104/><T27/><D113/><U77/><E127/><V47/><F72/><W100/><G100/><T17/><D129/><N who="1" m="49739" /><E64/><V93/><F24/><W102/><G102/><T81/><D110/><U36/><E36/><V108/><F108/><W85/><G71/><T57/><D4/><U62/><E62/><V121/><F121/><W111/><G111/><T92/><D81/><U112/><E112/><V1/><F1/><W130/><G73/><T96/><D39/><U119/><E20/><V86/><F86/><W105/><G105/><T33/><D37/><U9/><E9/><V7/><F7/><W21/><G130/><T29/><D42/><N who="1" m="24919" /><E51/><V75/><F75/><W134/><G8/><T13/><D27/><U116/><E116/><V97/><F109/><W65/><G65/><T3/><D3/><U34/><E34/><V101/><F67/><W43/><G43/><T123/><D123/><U135/><E135/><V23/><REACH who="2" step="1"/><F68/><REACH who="2" ten="250,327,279,134" step="2"/><W76/><G122/><T98/><D26/><U25/><E25/><V115/><F115/><W132/><G120/><T126/><D96/><U99/><E99/><V84/><F84/><AGARI ba="0,1" hai="77,78,80,84,88,117,118,119" m="24919,49739" machi="84" ten="40,2600,0" yaku="19,1,54,1" doraHai="32" who="1" fromWho="2" sc="250,0,327,36,279,-26,134,0" /><INIT seed="3,0,0,0,5,108" ten="250,363,253,134" oya="3" hai0="15,112,115,32,70,17,95,133,68,37,99,9,105" hai1="26,109,135,6,104,98,85,86,38,8,92,103,52" hai2="114,131,132,57,33,106,113,30,128,76,49,48,16" hai3="61,23,24,88,75,5,90,130,31,29,120,44,1"/><W100/><G120/><T87/><D32/><U14/><E38/><V55/><F106/><W64/><G75/><T54/><D37/><U2/><E109/><V121/><F121/><W63/><G130/><N who="2" m="49705" /><F132/><W97/><G31/><T94/><D133/><U101/><E135/><V66/><F66/><W69/><G63/><T51/><D87/><U78/><E26/><N who="2" m="18647" /><F76/><W83/><G44/><N who="0" m="28007" /><D105/><U79/><E79/><V110/><F110/><W96/><G83/><T80/><D80/><U119/><E78/><V122/><F122/><W123/><G123/><T10/><D10/><U34/><E8/><V116/><F116/><W27/><G27/><T81/><D81/><U0/><E119/><V72/><F72/><W3/><G97/><T107/><D107/><U129/><E98/><V36/><F36/><W118/><G118/><T13/><D13/><U41/><E14/><V21/><F49/><W111/><G111/><T124/><D124/><U42/><E0/><V117/><F117/><W84/><G84/><T82/><D82/><U22/><E86/><V43/><F43/><W40/><G40/><T28/><D28/><U19/><E85/><V127/><F127/><W50/><G50/><T102/><D95/><U65/><E92/><V71/><F71/><W89/><REACH who="3" step="1"/><G5/><REACH who="3" ten="250,363,253,124" step="2"/><T91/><D102/><U11/><E6/><V20/><F16/><W73/><G73/><T77/><D77/><U74/><E19/><V46/><F46/><W47/><G47/><T62/><D62/><U93/><E101/><V59/><F57/><W45/><G45/><T125/><D125/><U4/><E103/><RYUUKYOKU ba="0,1" sc="250,10,363,-30,253,10,124,10" hai0="9,15,17,68,70,91,94,99,112,115" hai2="20,21,48,55,59,113,114" hai3="1,3,23,24,29,61,64,69,88,89,90,96,100" /><INIT seed="3,1,1,0,5,51" ten="260,333,263,134" oya="3" hai0="42,135,82,90,32,100,6,21,41,112,30,63,71" hai1="110,93,57,2,81,35,123,74,46,127,88,84,31" hai2="103,28,40,39,22,8,65,105,70,61,69,87,134" hai3="0,126,120,117,111,3,52,116,18,75,47,124,53"/><W98/><G75/><T7/><D135/><U56/><E123/><V10/><F70/><W107/><G120/><T48/><D32/><U36/><E2/><N who="3" m="554" /><G18/><T27/><D100/><U62/><E110/><V130/><F134/><W131/><G47/><T55/><D112/><U79/><E127/><N who="3" m="48682" /><G111/><T76/><D90/><U78/><E78/><V43/><F39/><W24/><G24/><T101/><D101/><U38/><E46/><V50/><F103/><N who="3" m="62967" /><G131/><T9/><D6/><U17/><E17/><V37/><F130/><W29/><G29/><T132/><D132/><U73/><E73/><V106/><F28/><W129/><G129/><T49/><D7/><U118/><E31/><V16/><F16/><W86/><G86/><T94/><D30/><U60/><E35/><V83/><F87/><W113/><G113/><T92/><D27/><U11/><E11/><V33/><F8/><W133/><G133/><T54/><D9/><U104/><E84/><V64/><F10/><W67/><G67/><T44/><D21/><U77/><E74/><V58/><F65/><W1/><N who="3" m="562" /><W121/><DORA hai="5" /><G121/><T91/><D41/><U59/><E93/><V68/><F64/><W80/><G80/><T85/><D42/><U115/><E81/><V108/><F40/><W14/><G14/><T13/><D13/><U23/><E115/><V72/><F43/><W97/><G97/><T114/><D114/><U119/><E119/><AGARI ba="1,1" hai="52,53,116,117,119" m="62967,48682,562" machi="119" ten="50,12000,1" yaku="18,1,52,2,54,1" doraHai="51,5" who="3" fromWho="1" sc="260,0,333,-123,263,0,134,133" /><INIT seed="3,2,0,0,4,86" ten="260,210,263,267" oya="3" hai0="20,33,118,114,0,90,105,69,94,78,53,48,4" hai1="126,13,11,35,1,22,71,41,62,119,133,111,97" hai2="117,5,47,88,19,45,95,34,121,52,125,85,61" hai3="122,30,60,42,76,89,107,55,130,58,115,75,74"/><W109/><G122/><T16/><D105/><U131/><E111/><V65/><F34/><W123/><G123/><T135/><D69/><U40/><E35/><V92/><F121/><W36/><G115/><T27/><D118/><U127/><E119/><V77/><F117/><W32/><G107/><T100/><D135/><U54/><E133/><V103/><F125/><N who="1" m="47625" /><E131/><V104/><F104/><W38/><G130/><T6/><D100/><U98/><E1/><V113/><F113/><W101/><G101/><T21/><D33/><U96/><E22/><V26/><F5/><W51/><G109/><T66/><D66/><N who="1" m="41431" /><E54/><V25/><F65/><W128/><G128/><T124/><D0/><U2/><E2/><V57/><F77/><W83/><G74/><T59/><D114/><U99/><N who="1" m="25088" /><DORA hai="129" /><U80/><E80/><N who="2" m="49191" /><F103/><W112/><G112/><T31/><D78/><U79/><E79/><V28/><F28/><W50/><G30/><T18/><D31/><U67/><E67/><V134/><F134/><W3/><G32/><T23/><D124/><U8/><E8/><V24/><F19/><AGARI ba="2,0" hai="11,13,19,40,41" m="25088,41431,47625" machi="19" ten="40,1300,0" yaku="18,1" doraHai="86,129" who="1" fromWho="2" sc="260,0,210,19,263,-19,267,0" /><INIT seed="4,0,0,3,5,87" ten="260,229,244,267" oya="0" hai0="36,79,15,43,25,11,60,81,113,92,55,44,82" hai1="24,120,102,131,134,104,33,73,34,125,83,63,29" hai2="46,111,13,30,2,128,9,7,59,49,76,0,64" hai3="41,38,107,123,1,8,56,124,80,10,127,112,72"/><T26/><D113/><U18/><E120/><V20/><F111/><W94/><G107/><T99/><D60/><U57/><E125/><V65/><F128/><W27/><G112/><T19/><D55/><U69/><E69/><V126/><F126/><W51/><G38/><T132/><D132/><U121/><E121/><V100/><F76/><W93/><G27/><T47/><D47/><U78/><E131/><V97/><F0/><W117/><G56/><T84/><REACH who="0" step="1"/><D82/><REACH who="0" ten="250,229,244,267" step="2"/><U37/><E134/><V66/><F46/><W52/><G52/><T118/><D118/><U71/><E71/><V4/><F59/><W40/><G80/><T109/><D109/><U75/><E57/><V58/><F58/><W67/><G117/><T14/><D14/><U103/><E63/><V101/><F13/><W74/><G123/><T62/><D62/><U135/><E83/><V68/><F68/><W122/><G122/><T105/><D105/><U119/><E104/><V32/><F65/><W35/><G67/><T6/><D6/><U110/><E110/><V21/><F66/><W95/><G127/><T70/><D70/><U61/><E61/><V5/><F64/><W31/><G124/><T86/><D86/><U42/><E135/><V130/><F5/><W23/><G74/><T54/><D54/><U28/><E75/><V89/><F4/><W91/><G72/><T133/><D133/><U85/><E85/><V98/><F7/><W77/><G1/><T96/><D96/><U108/><E73/><V129/><F2/><W115/><G115/><T114/><D114/><U17/><E108/><RYUUKYOKU ba="0,1" sc="250,30,229,-10,244,-10,267,-10" hai0="11,15,19,25,26,36,43,44,79,81,84,92,99" /><INIT seed="4,1,1,0,5,75" ten="280,219,234,257" oya="0" hai0="51,117,107,112,2,88,20,134,103,78,5,49,36" hai1="32,19,52,124,42,100,125,3,104,74,71,128,109" hai2="76,130,47,56,116,34,135,118,95,27,132,23,60" hai3="77,17,69,18,11,121,108,67,0,50,119,54,13"/><T97/><D112/><U12/><E109/><V35/><F47/><W83/><G108/><T65/><D117/><N who="2" m="45162" /><F95/><W123/><G0/><T79/><D36/><U106/><E128/><V58/><F130/><W64/><G18/><T48/><D134/><N who="2" m="51242" /><F76/><W93/><G93/><T30/><D65/><U84/><E104/><V57/><F60/><W81/><G81/><T43/><D43/><U4/><E42/><V41/><F41/><W37/><G37/><T10/><REACH who="0" step="1"/><D88/><REACH who="0" ten="270,219,234,257" step="2"/><U122/><E124/><V105/><F105/><W129/><G119/><T39/><D39/><U115/><E125/><V114/><F114/><W14/><G129/><T92/><D92/><U66/><E115/><V99/><F99/><W110/><G110/><T40/><D40/><U26/><E106/><V59/><N who="2" m="14336" /><DORA hai="111" /><V127/><F127/><W96/><G96/><T113/><D113/><U45/><E100/><V16/><AGARI ba="1,2" hai="16,23,27,34,35" m="14336,51242,45162" machi="16" ten="50,6400,0" yaku="12,1,20,1,54,1" doraHai="75,111" who="2" fromWho="2" sc="270,-33,219,-17,234,87,257,-17" /><INIT seed="5,0,0,2,0,130" ten="237,202,321,240" oya="1" hai0="51,14,101,92,79,73,84,0,91,123,115,116,2" hai1="15,122,126,63,102,67,27,17,113,11,78,21,43" hai2="49,59,121,30,89,12,42,104,70,117,71,68,88" hai3="131,53,98,127,120,35,18,7,81,44,119,39,60"/><U41/><E122/><V20/><F104/><W52/><G35/><T40/><D116/><U8/><E113/><V109/><F121/><W77/><G120/><T36/><D123/><U103/><E126/><V85/><F117/><W94/><G119/><T66/><D36/><U87/><E8/><V58/><F109/><W1/><G131/><T107/><D66/><U76/><E102/><V61/><F42/><W64/><G18/><T24/><D24/><U47/><E103/><V95/><F49/><W75/><G127/><T105/><D105/><U62/><E43/><V38/><F38/><W132/><G39/><T83/><D14/><U124/><E124/><V74/><F74/><W90/><G44/><N who="0" m="25991" /><D115/><U108/><E108/><V99/><F61/><N who="1" m="23049" /><E67/><V48/><F48/><W110/><G110/><T106/><D106/><U80/><E41/><V125/><F125/><W46/><G46/><T133/><D133/><U37/><E37/><V135/><F135/><W55/><G132/><T5/><D5/><N who="1" m="3567" /><E47/><V114/><F114/><W96/><G7/><T34/><D34/><U22/><E22/><V13/><F59/><W97/><REACH who="3" step="1"/><G1/><REACH who="3" ten="237,202,321,230" step="2"/><T128/><D128/><U31/><E17/><V111/><F111/><W118/><G118/><T45/><D45/><U16/><E16/><V33/><F33/><W93/><G93/><T3/><D0/><U112/><E112/><V72/><F95/><W86/><G86/><T134/><D134/><U129/><E129/><V100/><F85/><W56/><AGARI ba="0,1" hai="52,53,55,56,60,64,75,77,81,90,94,96,97,98" machi="56" ten="30,4000,0" yaku="1,1,0,1,54,1,53,0" doraHai="130" doraHaiUra="6" who="3" fromWho="3" sc="237,-10,202,-20,321,-10,230,50" /><INIT seed="6,0,0,5,4,17" ten="227,182,311,280" oya="2" hai0="28,65,129,119,84,122,16,89,114,80,5,27,86" hai1="77,45,130,133,72,134,50,63,64,92,73,116,19" hai2="124,108,13,41,112,131,37,18,104,9,14,47,29" hai3="2,67,93,34,52,3,6,49,7,62,25,8,106"/><V83/><F104/><W75/><G75/><T109/><D122/><U21/><E116/><V70/><F70/><W66/><G106/><T20/><D109/><U26/><E130/><V51/><F108/><W11/><G93/><T44/><D129/><U43/><E92/><V42/><F131/><W53/><G49/><T100/><D100/><U33/><E33/><V35/><F112/><W78/><G78/><T94/><D114/><U91/><E91/><V46/><F124/><W118/><G118/><T88/><D119/><U74/><REACH who="1" step="1"/><E77/><REACH who="1" ten="227,172,311,280" step="2"/><V81/><F35/><W15/><G34/><T48/><D65/><U39/><E39/><V135/><F37/><W56/><G67/><T113/><D113/><U59/><AGARI ba="0,1" hai="19,21,26,43,45,50,59,63,64,72,73,74,133,134" machi="59" ten="40,8000,1" yaku="1,1,0,1,52,1,53,1" doraHai="17" doraHaiUra="61" who="1" fromWho="1" sc="227,-20,172,90,311,-40,280,-20" /><INIT seed="7,0,0,3,0,6" ten="207,262,271,260" oya="3" hai0="105,35,20,66,28,70,4,85,103,100,106,120,107" hai1="93,10,129,8,72,57,64,26,59,77,17,130,30" hai2="135,87,68,88,91,110,21,43,78,22,73,109,23" hai3="111,50,53,97,75,132,96,131,90,51,31,126,65"/><W32/><G75/><T102/><D120/><U25/><E93/><V92/><F68/><W1/><G1/><T83/><D4/><U18/><E77/><V15/><F135/><W63/><G132/><T54/><D54/><U62/><E72/><V52/><F43/><W119/><G119/><T118/><D118/><U61/><E30/><V29/><F29/><W39/><G39/><T122/><D122/><U124/><E64/><V117/><F117/><W134/><G134/><T44/><D44/><U2/><E124/><V80/><F15/><W27/><G126/><T104/><D20/><U127/><E127/><V121/><F121/><W3/><G3/><AGARI ba="0,0" hai="2,3,8,10,17,18,25,26,57,59,61,62,129,130" machi="3" ten="25,6400,0" yaku="22,2,52,2" doraHai="6" who="1" fromWho="3" sc="207,0,262,64,271,0,260,-64" owari="207,-19.0,326,42.0,271,7.0,196,-30.0" /></mjloggm>