<mjloggm ver="2.3"><GO type="169"/><UN n0="%E6%BC%A2%E8%A7%92%E7%94%B0" n1="%E3%83%A4%E3%82%AD%E3%83%B3" n2="%4B%E3%80%82" n3="%EF%BC%88%E2%89%A7%E2%96%BD%E2%89%A6%EF%BC%89" dan="16,16,16,18" rate="2098,2130,2080,2196" sx="M,M,M,M"/><TAIKYOKU oya="0"/><INIT seed="0,0,0,0,4,100" ten="250,250,250,250" oya="0" hai0="27,56,26,13,77,20,15,103,25,74,81,33,117" hai1="7,122,58,99,90,68,128,87,105,51,94,19,86" hai2="17,60,112,78,135,134,4,131,85,75,125,36,0" hai3="73,29,5,49,40,130,118,46,22,107,61,96,11"/><T43/><D117/><U127/><E68/><V57/><F112/><W50/><G73/><T104/><D33/><U55/><E122/><V109/><F36/><W89/><G118/><T124/><D124/><U93/><E7/><V76/><F75/><W116/><G116/><T41/><D56/><U80/><E128/><V110/><F125/><W10/><G130/><T65/><D65/><U37/><E37/><V123/><F131/><W95/><G107/><T132/><D132/><U52/><E127/><V2/><F123/><W30/><G61/><T32/><D32/><U1/><E1/><V114/><F114/><W54/><G22/><T67/><D67/><U92/><E19/><V47/><F47/><W62/><G62/><T126/><D126/><U71/><E71/><V101/><F101/><W108/><G108/><T63/><D63/><U91/><REACH who="1" step="1"/><E55/><REACH who="1" ten="250,240,250,250" step="2"/><V39/><F39/><W66/><G66/><T9/><D43/><U8/><E8/><N who="3" m="3114" /><G5/><T83/><D9/><U115/><E115/><V53/><F4/><W45/><AGARI ba="0,1" hai="29,30,40,45,46,49,50,54,89,95,96" m="3114" machi="45" ten="30,1100,0" yaku="8,1" doraHai="100" who="3" fromWho="3" sc="250,-5,240,-3,250,-3,250,21" /><INIT seed="1,0,0,4,0,103" ten="245,237,247,271" oya="1" hai0="61,14,86,47,64,9,12,66,105,46,76,67,85" hai1="18,108,126,92,53,38,50,135,33,15,97,134,27" hai2="29,58,57,71,77,4,109,21,128,56,6,133,82" hai3="102,93,130,35,52,26,119,48,30,49,129,41,43"/><U5/><E38/><V34/><F34/><W88/><G102/><T63/><D76/><U99/><E126/><V42/><F71/><W51/><G119/><T68/><D68/><U37/><E37/><V115/><F42/><W98/><REACH who="3" step="1"/><G52/><REACH who="3" ten="245,237,247,261" step="2"/><T79/><D105/><U111/><E53/><V121/><F121/><W40/><AGARI ba="0,1" hai="26,30,35,40,41,43,48,49,51,88,93,98,129,130" machi="40" ten="40,8000,1" yaku="1,1,2,1,0,1,54,1,53,0" doraHai="103" doraHaiUra="7" who="3" fromWho="3" sc="245,-20,237,-40,247,-20,261,90" /><INIT seed="2,0,0,3,0,114" ten="225,197,227,351" oya="2" hai0="15,68,47,32,41,49,80,58,126,50,51,37,31" hai1="62,29,25,130,112,100,124,56,94,104,97,9,109" hai2="12,85,28,82,72,4,110,120,43,46,60,121,1" hai3="54,98,96,24,42,119,95,135,44,66,17,21,127"/><V53/><F28/><W128/><G135/><T20/><D32/><U106/><E112/><V2/><F110/><W74/><G74/><T125/><D68/><U48/><E109/><V131/><F131/><W67/><G128/><T79/><D58/><U0/><E130/><V83/><F83/><W88/><G127/><N who="0" m="48651" /><D15/><U75/><E75/><V134/><F134/><W91/><G54/><T107/><D107/><U69/><E48/><V30/><F30/><W73/><G73/><T27/><D37/><U116/><E69/><V33/><F33/><W77/><G77/><T59/><D59/><U36/><E36/><V84/><F84/><AGARI ba="0,0" hai="20,27,31,41,47,49,50,51,79,80,84" m="48651" machi="84" ten="30,1000,0" yaku="18,1" doraHai="114" who="0" fromWho="2" sc="225,10,197,0,227,-10,351,0" /><INIT seed="3,0,0,2,4,106" ten="235,197,217,351" oya="3" hai0="120,37,20,49,25,16,44,45,87,53,107,76,129" hai1="77,103,94,95,57,62,82,56,15,121,72,64,3" hai2="8,92,85,46,40,35,31,109,78,68,74,91,102" hai3="84,48,33,51,30,4,125,118,99,134,34,131,9"/><W130/><G118/><T123/><D107/><U124/><E3/><V90/><F68/><W122/><G122/><T38/><D129/><N who="3" m="49161" /><G125/><T21/><D120/><U54/><E121/><V22/><F35/><N who="3" m="13323" /><G134/><T117/><D117/><U89/><E124/><V39/><F109/><W65/><G30/><T66/><D66/><U23/><E103/><V11/><F102/><W7/><G65/><T50/><D123/><U73/><E73/><V17/><F31/><W75/><G99/><T28/><D87/><U128/><E128/><V112/><F112/><W116/><G116/><T115/><D76/><U113/><E113/><V93/><F78/><W10/><G84/><T60/><D60/><U61/><REACH who="1" step="1"/><E89/><REACH who="1" ten="235,187,217,351" step="2"/><V26/><REACH who="2" step="1"/><F74/><REACH who="2" ten="235,187,207,351" step="2"/><W101/><G75/><T132/><D115/><U36/><E36/><V52/><F52/><W58/><G101/><T135/><D132/><U97/><E97/><AGARI ba="0,2" hai="8,11,17,22,26,39,40,46,85,90,91,92,93,97" machi="97" ten="30,3900,0" yaku="1,1,7,1,53,1" doraHai="106" doraHaiUra="80" who="2" fromWho="1" sc="235,0,187,-39,207,59,351,0" /><INIT seed="4,0,0,2,2,122" ten="235,148,266,351" oya="0" hai0="109,95,4,130,113,59,89,106,114,75,103,16,111" hai1="33,132,11,54,92,99,119,117,66,22,97,79,43" hai2="60,35,20,96,82,118,62,29,123,56,69,53,24" hai3="115,12,38,133,17,126,46,14,128,72,77,129,26"/><T13/><D75/><U121/><E33/><V76/><F123/><W31/><G115/><N who="0" m="44043" /><D130/><N who="3" m="50281" /><G126/><T9/><D59/><U55/><E121/><V91/><F118/><W36/><G133/><T64/><D64/><U87/><E66/><V68/><F35/><N who="3" m="20983" /><G46/><T57/><D57/><U101/><E132/><V25/><F62/><W67/><G12/><N who="0" m="5159" /><D103/><U19/><E101/><V81/><F25/><W94/><G94/><T50/><D50/><U15/><E92/><V52/><F53/><W32/><G67/><T120/><D106/><U61/><E55/><V134/><F134/><W44/><G44/><T34/><D34/><U107/><E54/><V116/><F116/><W7/><G32/><T8/><D120/><U74/><E107/><V0/><F69/><W83/><G7/><T3/><D3/><U86/><E117/><V27/><F0/><W135/><G135/><T90/><D90/><U42/><E119/><V10/><F68/><W98/><G98/><AGARI ba="0,0" hai="8,13,16,89,95,98,109,111" m="5159,44043" machi="98" ten="30,11600,0" yaku="15,1,52,2,54,1" doraHai="122" who="0" fromWho="3" sc="235,116,148,0,266,0,351,-116" /><INIT seed="4,1,0,2,3,60" ten="351,148,266,235" oya="0" hai0="58,38,12,41,71,23,61,73,134,79,68,121,135" hai1="84,35,118,4,120,33,49,64,50,43,45,17,69" hai2="96,131,75,42,22,107,87,36,8,52,110,85,74" hai3="7,95,10,18,90,93,83,11,9,28,101,91,125"/><T54/><D73/><U104/><E118/><V128/><F110/><W55/><G125/><T13/><D79/><U86/><E120/><V111/><F111/><W27/><G7/><T57/><D23/><U47/><E104/><V103/><F8/><W19/><G101/><T21/><D21/><U2/><E2/><V56/><F22/><N who="3" m="15479" /><G83/><T31/><D13/><U26/><E4/><V126/><F126/><W37/><G37/><T99/><D12/><U109/><E109/><V92/><F36/><W3/><G3/><T62/><D99/><U48/><E17/><N who="3" m="6154" /><G55/><N who="0" m="33983" /><D31/><U30/><E33/><V14/><F42/><W66/><G66/><T132/><D121/><U78/><E78/><V116/><F116/><W24/><G24/><T39/><D39/><U15/><E15/><V130/><F14/><W94/><AGARI ba="1,0" hai="9,10,11,90,91,93,94,95" m="6154,15479" machi="94" ten="40,1500,0" yaku="8,1" doraHai="60" who="3" fromWho="3" sc="351,-8,148,-5,266,-5,235,18" /><INIT seed="5,0,0,2,4,73" ten="343,143,261,253" oya="1" hai0="45,42,15,113,77,109,69,54,86,133,59,58,78" hai1="29,60,107,20,104,30,31,64,122,53,46,82,9" hai2="17,102,48,50,28,61,124,128,35,14,16,116,25" hai3="125,6,93,23,135,91,18,63,27,4,19,117,105"/><U126/><E122/><V36/><F116/><W0/><G105/><T114/><D69/><U75/><E9/><V66/><F36/><W97/><G117/><T83/><D109/><U108/><E108/><V3/><F3/><W49/><G135/><T56/><D133/><U134/><E134/><V26/><F128/><W98/><G125/><T70/><D70/><U22/><E126/><V90/><F124/><W131/><G131/><T65/><D65/><U127/><E127/><V132/><F132/><W120/><G120/><T129/><D15/><U8/><E8/><V81/><F102/><W37/><G37/><T72/><D54/><U1/><E1/><V11/><F26/><W79/><G79/><N who="0" m="46463" /><D72/><U74/><E74/><V21/><F35/><W43/><G0/><T71/><D71/><U103/><E53/><V123/><F123/><W68/><G68/><T33/><D33/><U34/><E34/><V95/><F28/><W87/><G63/><T96/><D96/><N who="3" m="36969" /><G19/><T85/><D85/><U10/><E75/><V76/><F61/><W115/><G115/><N who="0" m="44043" /><D129/><U80/><E60/><V13/><F66/><W52/><G43/><T5/><D5/><U101/><E31/><V24/><F13/><W111/><G111/><T62/><D62/><U99/><E99/><N who="2" m="57847" /><F25/><W110/><G110/><T57/><D57/><AGARI ba="0,0" hai="4,6,18,23,27,49,52,57,87,91,93" m="36969" machi="57" ten="30,2000,0" yaku="8,1,54,1" doraHai="73" who="3" fromWho="0" sc="343,-20,143,0,261,0,253,20" /><INIT seed="6,0,0,5,5,34" ten="323,143,261,273" oya="2" hai0="104,106,51,98,37,84,15,35,96,67,13,57,18" hai1="7,115,3,52,69,126,134,21,114,9,26,117,94" hai2="89,86,90,97,43,101,40,55,48,133,50,47,42" hai3="38,75,73,99,59,76,28,4,0,93,25,116,129"/><V108/><F133/><W102/><G116/><T121/><D37/><U79/><E69/><V125/><F125/><W118/><G118/><T6/><D35/><U32/><E117/><V58/><F108/><W82/><G129/><T123/><D84/><U128/><E79/><V88/><REACH who="2" step="1"/><F86/><REACH who="2" ten="323,143,251,273" step="2"/><W65/><G73/><T11/><D121/><U10/><E126/><V29/><F29/><W113/><G28/><T17/><D123/><U71/><E134/><V1/><F1/><W77/><G0/><T8/><D104/><AGARI ba="0,1" hai="40,42,43,47,48,50,55,58,88,89,90,97,101,104" machi="104" ten="40,3900,0" yaku="1,1,54,1,53,0" doraHai="34" doraHaiUra="107" who="2" fromWho="0" sc="323,-39,143,0,251,49,273,0" /><INIT seed="6,1,0,5,2,46" ten="284,143,300,273" oya="2" hai0="64,61,105,59,86,11,45,54,40,48,6,91,20" hai1="7,0,69,74,50,134,127,82,123,12,66,79,119" hai2="44,110,13,120,78,76,47,124,108,131,71,81,27" hai3="114,112,65,121,8,135,29,32,43,125,94,80,63"/><V30/><F120/><W83/><G121/><T41/><D105/><U16/><E123/><V39/><F71/><W118/><G118/><T23/><D40/><U89/><E119/><V75/><F131/><W104/><G104/><T18/><D18/><U129/><E129/><V67/><F67/><W70/><G135/><T106/><D106/><U93/><E134/><V52/><F124/><W95/><G125/><T113/><D113/><N who="3" m="43625" /><G8/><T103/><D103/><U102/><E127/><V25/><F78/><W21/><G32/><T101/><D101/><U111/><E111/><N who="2" m="42539" /><F13/><W116/><G43/><T24/><D24/><U107/><E0/><V49/><F30/><W38/><G38/><T115/><D115/><U15/><E7/><V26/><F39/><W33/><G33/><T5/><D64/><U72/><E66/><V34/><F34/><W55/><G116/><T100/><D100/><U109/><E109/><V31/><F31/><W122/><G122/><T126/><D126/><U92/><E69/><V128/><F128/><W17/><G29/><T99/><D6/><U56/><E107/><V77/><F77/><W68/><G68/><T37/><D37/><U60/><E102/><V3/><F3/><W2/><G2/><T132/><D132/><U4/><E74/><V51/><F44/><W36/><G36/><T90/><D5/><U88/><E4/><V97/><F97/><W28/><G28/><T117/><D117/><U35/><E35/><V53/><F47/><W57/><G70/><T10/><D99/><U22/><E12/><V58/><F58/><W14/><G65/><RYUUKYOKU ba="1,0" sc="284,-15,143,-15,300,15,273,15" hai2="25,26,27,49,51,52,53,75,76,81" hai3="14,17,21,55,57,63,80,83,94,95" /><INIT seed="6,2,0,3,0,28" ten="269,128,315,288" oya="2" hai0="110,66,52,20,40,16,71,33,73,85,57,4,118" hai1="80,78,70,91,116,120,114,124,68,18,12,7,101" hai2="15,17,29,19,125,92,129,123,37,90,35,49,96" hai3="21,64,14,79,36,38,72,39,63,133,127,121,1"/><V107/><F37/><W74/><G121/><T84/><D73/><U134/><E116/><V65/><F123/><W97/><G1/><T54/><D110/><U104/><E120/><V135/><F107/><W2/><G2/><T130/><D4/><U128/><E7/><V83/><F135/><W30/><G133/><T45/><D33/><U50/><E134/><V108/><F108/><W23/><G127/><T99/><D130/><U88/><E104/><V113/><F129/><W81/><G72/><T43/><D99/><U26/><E128/><V109/><F109/><W31/><G97/><T3/><D3/><U62/><E101/><V75/><F125/><W24/><G14/><T44/><D71/><U22/><E124/><V95/><F65/><W115/><G115/><T58/><D66/><U51/><E114/><V126/><F126/><W119/><G119/><T46/><D118/><U82/><E70/><V89/><F49/><W9/><G9/><T93/><D93/><U94/><E68/><V122/><F122/><W32/><REACH who="3" step="1"/><G31/><REACH who="3" ten="269,128,315,278" step="2"/><T69/><D85/><N who="1" m="48279" /><E12/><V8/><F113/><W47/><G47/><T60/><D84/><N who="1" m="50199" /><E62/><V6/><F15/><W34/><G34/><T5/><D5/><U0/><E0/><V53/><F35/><W42/><G42/><T77/><D43/><U98/><AGARI ba="2,1" hai="18,22,26,50,51,91,94,98" m="50199,48279" machi="98" ten="30,2000,0" yaku="8,1,54,1" doraHai="28" who="1" fromWho="1" sc="269,-7,128,36,315,-12,278,-7" /><INIT seed="7,0,0,3,2,105" ten="262,164,303,271" oya="3" hai0="36,104,127,56,132,24,51,2,74,30,37,63,92" hai1="0,22,83,23,43,1,98,123,108,31,88,106,46" hai2="91,82,73,113,117,13,129,66,17,86,112,14,99" hai3="121,70,77,125,135,54,5,50,97,103,33,101,89"/><W75/><G70/><T62/><D2/><U9/><E123/><V12/><F117/><W131/><G33/><T84/><D104/><U96/><E108/><V49/><F129/><W8/><G121/><T28/><D132/><U134/><E134/><V114/><F66/><W111/><G135/><T35/><D127/><U41/><E106/><V42/><F73/><W39/><G39/><T93/><D74/><U64/><E64/><V34/><F34/><W10/><G125/><T109/><D109/><U90/><E9/><N who="2" m="6287" /><F99/><W48/><G131/><T72/><D72/><U102/><E83/><V100/><F100/><W71/><G71/><T118/><D118/><U11/><E11/><V76/><F76/><W80/><G10/><T128/><D128/><U26/><E26/><V58/><F58/><W53/><G111/><T55/><D30/><U126/><E31/><V79/><F79/><W94/><G103/><T47/><D63/><U68/><E68/><V19/><F19/><W6/><G101/><T122/><D122/><U29/><E102/><V45/><AGARI ba="0,0" hai="13,14,42,45,49,82,86,91,112,113,114" m="6287" machi="45" ten="40,1500,0" yaku="15,1" doraHai="105" who="2" fromWho="2" sc="262,-4,164,-4,303,15,271,-7" owari="258,-14.0,160,-34.0,318,42.0,264,6.0" /></mjloggm>