<mjloggm ver="2.3"><GO type="41"/><UN n0="%6E%61%67%61%79%61%6E%3F" n1="%EF%BC%88%E2%89%A7%E2%96%BD%E2%89%A6%EF%BC%89" n2="%E2%80%A1%E2%80%A0%E3%82%B3%E3%82%A6%E3%83%A1%E3%82%A4%E2%80%A0%E2%80%A1" n3="%6E%65%6F%61%6C%65%78" dan="14,15,15,13" rate="1932,2071,2003,1891" sx="M,M,M,M"/><TAIKYOKU oya="0"/><INIT seed="0,0,0,0,4,0" ten="250,250,250,250" oya="0" hai0="1,32,63,35,67,66,2,5,40,110,14,45,17" hai1="124,81,65,115,64,27,70,25,130,96,79,55,34" hai2="134,73,87,30,28,108,61,37,97,75,20,107,92" hai3="89,6,47,38,93,3,103,129,46,121,78,99,23"/><T128/><D128/><U68/><E115/><V12/><F37/><W127/><G78/><T71/><D67/><U19/><E130/><V109/><F107/><W123/><G129/><T36/><D17/><U8/><E124/><V135/><F61/><W72/><G72/><N who="2" m="27721" /><F12/><W106/><G127/><T31/><D14/><U51/><E34/><N who="0" m="12841" /><D31/><N who="2" m="11818" /><F87/><N who="3" m="52415" /><G23/><T100/><D110/><N who="2" m="42602" /><F20/><W102/><G102/><AGARI ba="0,0" hai="92,97,102,134,135" m="42602,11818,27721" machi="102" ten="40,1300,0" yaku="14,1" doraHai="0" who="2" fromWho="3" sc="250,0,250,0,250,13,250,-13" /><INIT seed="1,0,0,2,5,69" ten="250,250,263,237" oya="1" hai0="12,36,82,0,110,98,17,40,51,67,2,37,68" hai1="54,103,43,7,133,101,29,16,30,64,80,94,60" hai2="115,96,112,57,121,59,77,75,106,35,48,102,27" hai3="1,135,85,119,11,74,95,79,131,33,15,107,105"/><U6/><E133/><V58/><F121/><W99/><G33/><T87/><D67/><U83/><E43/><V28/><F75/><W47/><G1/><T120/><D68/><U111/><E54/><V117/><F77/><W118/><G47/><T130/><D120/><U114/><E114/><V62/><F117/><N who="3" m="44555" /><G15/><T73/><D73/><U50/><E50/><V76/><F76/><W113/><G11/><T39/><D110/><U92/><E111/><V26/><F48/><W8/><G8/><T19/><D130/><U61/><E64/><V123/><F123/><W56/><G56/><T55/><D40/><U46/><E46/><V71/><REACH who="2" step="1"/><F27/><REACH who="2" step="2"/><W42/><G131/><T70/><D70/><U38/><E38/><V52/><F52/><W5/><G113/><T132/><D132/><U129/><E129/><V20/><F20/><W24/><G42/><T134/><D134/><U81/><E80/><V32/><F32/><W128/><G24/><T25/><D25/><U65/><REACH who="1" step="1"/><E65/><AGARI ba="0,1" hai="26,28,35,57,58,59,62,65,71,96,102,106,112,115" machi="65" ten="40,12000,2" yaku="1,1,25,2,53,3" doraHai="69" doraHaiUra="53" who="2" fromWho="1" sc="250,0,250,-120,253,130,237,0" /><INIT seed="2,0,0,0,2,133" ten="250,130,383,237" oya="2" hai0="101,120,123,129,88,55,73,60,5,2,80,61,115" hai1="131,108,33,27,69,97,31,89,132,109,15,23,62" hai2="46,95,21,36,10,83,54,87,77,105,96,94,90" hai3="85,122,24,59,45,41,57,119,75,49,11,110,34"/><V7/><F36/><W32/><G122/><T14/><D115/><U112/><E112/><V8/><F7/><W64/><G119/><T78/><D2/><U72/><E72/><V70/><F70/><W79/><G75/><T121/><D129/><U106/><E132/><V50/><F105/><W1/><G110/><N who="1" m="42602" /><E131/><V30/><F30/><W118/><G118/><T42/><D42/><U20/><E15/><V4/><F4/><W29/><G34/><T12/><D101/><N who="1" m="62767" /><E89/><V84/><REACH who="2" step="1"/><F21/><REACH who="2" step="2"/><W48/><G1/><T37/><D37/><U43/><E43/><V114/><F114/><W102/><G11/><T130/><D130/><U53/><E53/><V56/><F56/><W74/><G64/><AGARI ba="0,1" hai="20,23,27,31,33,62,64,69" m="62767,42602" machi="64" ten="30,2000,0" yaku="25,1,14,1" doraHai="133" who="1" fromWho="3" sc="250,0,130,30,373,0,237,-20" /><INIT seed="3,0,0,5,2,53" ten="250,160,373,217" oya="3" hai0="127,70,45,36,104,65,54,120,125,94,23,96,64" hai1="55,39,51,119,18,14,8,80,4,114,56,105,26" hai2="88,50,17,33,121,86,49,32,95,77,11,46,107" hai3="129,13,59,117,42,126,73,84,60,108,20,16,99"/><W22/><G117/><T69/><D104/><U122/><E114/><V133/><F133/><W87/><G73/><T131/><D23/><U72/><E105/><V7/><F121/><W12/><G126/><N who="0" m="48139" /><D94/><U115/><E115/><V83/><F107/><W68/><G129/><T100/><D96/><U97/><E122/><V91/><F49/><W101/><G68/><N who="0" m="26219" /><D120/><U103/><E119/><V44/><F44/><W47/><G108/><T43/><D100/><U27/><E39/><V40/><F17/><W30/><G30/><T112/><D112/><U124/><E124/><V29/><F29/><W25/><G25/><T28/><D28/><U82/><E72/><V35/><REACH who="2" step="1"/><F95/><REACH who="2" step="2"/><N who="3" m="58623" /><G22/><T92/><D92/><N who="1" m="58791" /><E18/><V2/><AGARI ba="0,1" hai="2,7,11,32,33,35,40,46,50,77,83,86,88,91" machi="2" ten="30,7900,0" yaku="1,1,0,1,54,1,53,1" doraHai="53" doraHaiUra="1" who="2" fromWho="2" sc="250,-20,160,-20,363,89,217,-39" /><INIT seed="4,0,0,5,2,32" ten="230,140,452,178" oya="0" hai0="4,51,57,42,121,8,13,64,124,5,26,102,29" hai1="82,132,80,37,18,46,87,69,10,61,49,103,72" hai2="108,60,100,92,76,54,128,114,106,133,43,125,83" hai3="105,14,131,30,79,127,65,9,123,62,52,15,110"/><T45/><D121/><U116/><E116/><V89/><F43/><W120/><G105/><T27/><D124/><U24/><E132/><V130/><F60/><W73/><G127/><T97/><D4/><U41/><E103/><V23/><F54/><W111/><G30/><T99/><D102/><U134/><E134/><V35/><F35/><W11/><G65/><T50/><D27/><U1/><E72/><N who="2" m="43399" /><F23/><W53/><G73/><T39/><D39/><U96/><E96/><N who="2" m="61703" /><F125/><W7/><G79/><T118/><D118/><U0/><E82/><V21/><F21/><W38/><G38/><T66/><D66/><U59/><E24/><V17/><F17/><W122/><G62/><T28/><D28/><U88/><E69/><V129/><F133/><W93/><G93/><T109/><D109/><N who="3" m="41481" /><G131/><T104/><D104/><U74/><E74/><V107/><F108/><W77/><G77/><T22/><D51/><U44/><E18/><AGARI ba="0,0" hai="7,9,11,14,15,18,52,53,120,122,123" m="41481" machi="18" ten="40,2600,0" yaku="13,1,54,1" doraHai="32" who="3" fromWho="1" sc="230,0,140,-26,452,0,178,26" /><INIT seed="5,0,0,1,1,63" ten="230,114,452,204" oya="1" hai0="35,98,118,67,68,37,61,29,30,76,40,49,27" hai1="26,81,5,11,33,10,53,125,131,16,57,12,121" hai2="92,47,102,20,18,51,54,79,46,132,71,50,120" hai3="2,113,42,6,38,114,77,110,73,104,64,103,129"/><U66/><E121/><V9/><F120/><W123/><G110/><T32/><D118/><U86/><E131/><V85/><F132/><W95/><G129/><T82/><D49/><U24/><E125/><V25/><F71/><W23/><G123/><T97/><D40/><U100/><E100/><V3/><F3/><W56/><G23/><T17/><D17/><U105/><E105/><V128/><F128/><W65/><G104/><T7/><D7/><U93/><E93/><V0/><F0/><W111/><G56/><T21/><D37/><U39/><E39/><V45/><F9/><W31/><G31/><T89/><D89/><U72/><E72/><V122/><F122/><W62/><G62/><T112/><D112/><N who="3" m="43113" /><G111/><T69/><D69/><U108/><E108/><V60/><F79/><W126/><G126/><T88/><D88/><N who="1" m="51279" /><E33/><V70/><F70/><W13/><G2/><T58/><D68/><U94/><E94/><V41/><F85/><W107/><G107/><T74/><REACH who="0" step="1"/><D30/><REACH who="0" step="2"/><U115/><E115/><V4/><F4/><W99/><G38/><T19/><D19/><U28/><E28/><V34/><F60/><W83/><G42/><T135/><D135/><U124/><E124/><V15/><F41/><W8/><AGARI ba="0,1" hai="6,8,13,64,65,73,77,83,95,99,103" m="43113" machi="8" ten="30,4000,0" yaku="15,1,52,2" doraHai="63" who="3" fromWho="3" sc="220,-10,114,-20,452,-10,204,50" /><INIT seed="6,0,0,3,4,21" ten="210,94,442,254" oya="2" hai0="94,109,126,123,35,69,61,128,88,56,102,115,52" hai1="98,68,19,103,64,121,133,92,107,23,83,55,0" hai2="58,77,3,134,86,78,45,130,46,129,25,51,38" hai3="118,57,112,28,65,24,105,26,124,7,89,125,2"/><V75/><F75/><W91/><G105/><T47/><D123/><U20/><E121/><V39/><F3/><W17/><G65/><T104/><D115/><U41/><E133/><V67/><F86/><W4/><G57/><T71/><D109/><U70/><E0/><V59/><F134/><W135/><G135/><T16/><D35/><U1/><E1/><V80/><F80/><W108/><G2/><T6/><D6/><N who="3" m="2089" /><G108/><T54/><D126/><N who="3" m="48745" /><G118/><T22/><D128/><U34/><E41/><V74/><F74/><W97/><G97/><T127/><D127/><U100/><E34/><V106/><F106/><W43/><G43/><T114/><D102/><U12/><E64/><V53/><F67/><W85/><G85/><T116/><D104/><U31/><E83/><V37/><F37/><W11/><G112/><T29/><D114/><U87/><E55/><V13/><F53/><W8/><G17/><T32/><D32/><U9/><E9/><N who="3" m="3658" /><G28/><T120/><D29/><U84/><E84/><V42/><F42/><W93/><G93/><T76/><D120/><U48/><E48/><V60/><F51/><W49/><G49/><N who="0" m="28735" /><D116/><U122/><E122/><V10/><F60/><W90/><AGARI ba="0,0" hai="24,26,89,90,91" m="3658,48745,2089" machi="90" ten="40,8000,1" yaku="28,2,18,1,52,2" doraHai="21" who="3" fromWho="3" sc="210,-20,94,-20,442,-40,254,80" /><INIT seed="7,0,0,3,1,116" ten="190,74,402,334" oya="3" hai0="4,64,112,118,42,87,19,27,89,88,63,75,124" hai1="82,15,76,10,39,58,81,32,121,5,47,20,101" hai2="84,57,24,62,21,71,8,35,60,113,77,125,129" hai3="50,92,41,134,133,72,120,16,78,25,91,48,30"/><W23/><G72/><T79/><D118/><U36/><E101/><V70/><F35/><W94/><G78/><T111/><D111/><U53/><E32/><V135/><F135/><N who="3" m="51723" /><G41/><T56/><D124/><U52/><E39/><V14/><F125/><W106/><G106/><T98/><D75/><U105/><E105/><V29/><F129/><W97/><G94/><T34/><D4/><U95/><E95/><V73/><F73/><W46/><G30/><T86/><D79/><U66/><E36/><V43/><F43/><N who="3" m="24671" /><G50/><T114/><D98/><U131/><E131/><V3/><F3/><W65/><G65/><T126/><D42/><U55/><E47/><V96/><F113/><N who="0" m="43626" /><D126/><U119/><E119/><V109/><F109/><W31/><G31/><N who="0" m="19839" /><D19/><U127/><E127/><V49/><F49/><W2/><G2/><T0/><D0/><U44/><E44/><V40/><F40/><W74/><G74/><T45/><D45/><U13/><E121/><AGARI ba="0,0" hai="16,23,25,91,92,97,120,121" m="24671,51723" machi="121" ten="30,11600,0" yaku="20,1,52,2,54,1" doraHai="116" who="3" fromWho="1" sc="190,0,74,-116,402,0,334,116" owari="190,-21.0,-42,-54.0,402,20.0,450,55.0" /></mjloggm>