<mjloggm ver="2.3"><GO type="169" lobby="0"/><UN n0="%E3%83%9F%E3%83%A9%E3%82%AF%E3%83%AB%E3%81%8A%E3%81%98%E3%81%95%E3%82%93" n1="%E3%81%8F%E3%82%8B%E3%82%8B" n2="%4C%61%73%6B%26%59%75" n3="%EF%BC%88%E2%89%A7%E2%96%BD%E2%89%A6%EF%BC%89" dan="17,17,16,18" rate="2155.15,2162.39,2116.92,2199.85" sx="M,M,M,M"/><TAIKYOKU oya="0"/><INIT seed="0,0,0,1,4,72" ten="250,250,250,250" oya="0" hai0="109,65,77,47,55,119,44,17,25,9,66,104,128" hai1="96,111,93,54,12,10,48,30,100,7,33,11,103" hai2="0,15,87,2,56,84,74,107,50,28,88,135,59" hai3="51,57,8,29,134,97,19,35,121,13,43,5,38"/><T71/><D119/><U94/><E111/><V95/><F74/><W122/><G134/><T90/><D104/><U114/><E114/><V18/><F107/><W70/><G70/><T115/><D115/><U21/><E33/><V36/><F36/><W20/><G38/><T92/><D128/><U24/><E10/><V52/><F28/><W110/><G97/><T118/><D118/><U34/><E34/><V79/><F135/><W53/><G43/><T99/><D109/><U45/><REACH who="1" step="1"/><E94/><REACH who="1" ten="250,240,250,250" step="2"/><V39/><F95/><W32/><G110/><T42/><D9/><U26/><E26/><V86/><F0/><N who="3" m="39" /><G32/><T117/><D117/><U133/><E133/><V41/><F2/><W80/><G35/><T132/><D132/><U73/><E73/><V40/><F39/><W76/><G122/><T81/><D25/><U127/><E127/><V106/><F106/><W78/><G121/><T16/><D92/><U89/><AGARI ba="0,1" hai="7,11,12,21,24,30,45,48,54,89,93,96,100,103" machi="89" ten="20,5200,0" yaku="1,1,0,1,7,1,8,1,53,0" doraHai="72" doraHaiUra="60" who="1" fromWho="1" sc="250,-26,240,62,250,-13,250,-13" /><INIT seed="1,0,0,5,1,133" ten="224,302,237,237" oya="1" hai0="46,106,97,39,81,132,22,114,14,89,61,4,36" hai1="8,87,1,93,111,11,5,123,24,126,37,119,56" hai2="104,75,0,25,70,17,57,33,50,51,92,116,122" hai3="128,48,58,34,54,130,100,115,7,131,65,31,84"/><U129/><E119/><V82/><F122/><W35/><G115/><T41/><D114/><U30/><E123/><V28/><F104/><W125/><G100/><T19/><D132/><U52/><E37/><V59/><F70/><W109/><G109/><T98/><D106/><U69/><E69/><V9/><F116/><W90/><G7/><T99/><D4/><U12/><E129/><V83/><F92/><W64/><G125/><T6/><D6/><U96/><E126/><V135/><F135/><W74/><G74/><T80/><D39/><U27/><E111/><V112/><F112/><W53/><G53/><T127/><D127/><U105/><E105/><V118/><F118/><W62/><G31/><T55/><REACH who="0" step="1"/><D89/><REACH who="0" ten="214,302,237,237" step="2"/><U85/><E5/><V101/><F0/><W120/><G120/><T45/><D45/><U94/><E1/><V76/><F101/><W110/><G110/><T49/><D49/><U3/><E3/><V44/><F50/><W32/><REACH who="3" step="1"/><G48/><REACH who="3" ten="214,302,237,227" step="2"/><T29/><D29/><U68/><E30/><V42/><F51/><W72/><G72/><T121/><D121/><U108/><E108/><V88/><F44/><W79/><G79/><T71/><D71/><U23/><E68/><V113/><F113/><W73/><G73/><T107/><D107/><U2/><E2/><V117/><F117/><W43/><G43/><T134/><D134/><U47/><E47/><V40/><F42/><W60/><G60/><T77/><D77/><U16/><E56/><AGARI ba="0,2" hai="14,19,22,36,41,46,55,56,61,80,81,97,98,99" machi="56" ten="40,2600,0" yaku="1,1,53,1" doraHai="133" doraHaiUra="38" who="0" fromWho="1" sc="214,46,302,-26,237,0,227,0" /><INIT seed="2,0,0,2,3,126" ten="260,276,237,227" oya="2" hai0="21,59,27,105,97,68,125,38,77,129,84,63,99" hai1="69,135,5,7,23,0,70,111,2,61,130,33,115" hai2="134,62,35,34,76,86,104,124,25,45,79,12,89" hai3="32,19,47,110,66,100,36,46,37,31,64,107,131"/><V65/><F104/><W57/><G32/><T41/><D68/><U128/><E33/><V88/><F124/><W13/><G31/><T50/><D125/><U90/><E115/><V73/><F73/><W16/><G110/><T1/><D38/><U14/><E111/><V82/><F134/><W11/><G107/><T85/><D1/><U58/><E135/><V40/><F12/><W132/><G100/><T96/><D105/><U95/><E0/><V106/><F106/><W53/><G132/><T116/><D116/><U74/><E74/><V108/><F79/><W120/><G120/><T123/><D123/><U56/><E2/><V92/><F25/><W29/><G29/><T22/><D129/><N who="1" m="49771" /><E58/><V30/><F30/><W98/><G131/><T4/><D4/><N who="1" m="1611" /><E23/><V78/><F34/><W17/><G11/><T48/><D21/><U80/><E14/><V71/><F35/><W52/><G13/><T113/><D22/><U3/><E80/><V51/><F108/><W42/><G57/><T93/><D59/><U43/><E43/><V122/><F122/><W112/><G112/><T102/><D41/><U55/><E3/><V39/><REACH who="2" step="1"/><F39/><REACH who="2" ten="260,276,227,227" step="2"/><W9/><G37/><T83/><D113/><U91/><E91/><V6/><F6/><W54/><G36/><T44/><D77/><U121/><E121/><V60/><F60/><W118/><G9/><T24/><D63/><U8/><E8/><V87/><AGARI ba="0,1" hai="40,45,51,62,65,71,76,78,82,86,87,88,89,92" machi="87" ten="20,18000,2" yaku="1,1,0,1,7,1,54,1,53,2" doraHai="126" doraHaiUra="75" who="2" fromWho="2" sc="260,-60,276,-60,227,190,227,-60" /><INIT seed="2,1,0,5,2,38" ten="200,216,417,167" oya="2" hai0="90,0,128,89,44,28,96,98,65,37,22,80,36" hai1="112,25,94,121,54,6,13,100,51,67,12,18,127" hai2="62,15,104,4,93,120,1,129,103,87,42,133,33" hai3="135,31,108,63,8,88,69,23,115,16,49,27,122"/><V113/><F120/><W47/><G122/><T64/><D0/><U21/><E112/><V55/><F113/><W60/><G115/><T76/><D128/><U111/><E121/><V123/><F123/><W114/><G114/><T73/><D28/><U43/><E67/><V72/><F72/><W26/><G135/><T97/><D22/><U11/><E111/><V71/><F1/><W119/><G119/><T95/><D89/><U39/><E127/><V126/><F33/><W99/><G108/><T105/><D105/><U32/><E32/><V46/><F104/><W92/><G69/><T58/><D36/><U41/><E39/><V59/><F71/><W52/><G8/><T84/><REACH who="0" step="1"/><D58/><REACH who="0" ten="190,216,417,167" step="2"/><N who="1" m="33119" /><E25/><V53/><F129/><W110/><G110/><T117/><D117/><U106/><E106/><V50/><F126/><W2/><G2/><T61/><D61/><U75/><E75/><V5/><F62/><W118/><G118/><T19/><D19/><U68/><E68/><V35/><F59/><W130/><G130/><T34/><D34/><AGARI ba="1,1" hai="16,23,26,27,31,34,47,49,52,60,63,88,92,99" machi="34" ten="30,7700,0" yaku="7,1,54,3" doraHai="38" who="3" fromWho="0" sc="190,-80,216,0,417,0,167,90" /><INIT seed="3,0,0,4,0,60" ten="110,216,417,257" oya="3" hai0="81,100,117,78,75,73,74,80,48,126,88,112,90" hai1="82,53,91,116,102,101,134,32,99,16,51,113,129" hai2="11,35,42,64,70,119,76,132,92,109,8,47,86" hai3="21,3,130,123,59,87,118,13,89,58,56,103,98"/><W14/><G3/><T108/><D48/><U46/><E113/><V38/><F119/><W66/><G123/><T84/><D117/><U0/><E32/><V9/><F35/><W62/><G118/><T39/><D39/><U122/><E122/><V44/><F109/><W29/><G130/><T128/><D108/><U31/><E129/><V85/><F132/><W36/><G36/><T4/><D4/><U106/><E31/><V23/><F23/><W127/><G127/><T96/><D128/><U55/><E0/><V41/><F76/><W83/><G29/><T5/><D5/><U18/><E134/><V22/><F22/><W43/><G43/><T24/><D24/><U63/><E116/><V93/><F70/><W27/><G27/><T2/><D2/><U12/><E102/><V1/><F1/><W67/><G21/><T107/><D126/><U114/><E114/><V133/><F133/><W40/><G40/><T95/><D112/><U57/><REACH who="1" step="1"/><E12/><REACH who="1" ten="110,206,417,257" step="2"/><N who="3" m="4714" /><G62/><T61/><D61/><U33/><E33/><V105/><F38/><W135/><G135/><T50/><REACH who="0" step="1"/><D50/><REACH who="0" ten="100,206,417,257" step="2"/><U111/><E111/><V131/><F131/><W120/><G120/><T79/><D79/><U54/><E54/><V69/><F41/><W104/><G66/><T15/><D15/><U121/><E121/><V17/><F64/><W77/><G67/><T72/><D72/><U34/><E34/><V52/><F52/><W65/><G65/><T68/><D68/><U45/><E45/><V7/><F69/><W26/><G77/><T115/><D115/><U20/><E20/><V19/><F42/><RYUUKYOKU ba="0,2" sc="100,10,206,10,417,-30,257,10" hai0="73,74,75,78,80,81,84,88,90,95,96,100,107" hai1="16,18,46,51,53,55,57,63,82,91,99,101,106" hai3="26,56,58,59,83,87,89,98,103,104" /><INIT seed="3,1,2,4,2,105" ten="110,216,387,267" oya="3" hai0="125,17,4,82,41,13,24,45,117,97,43,18,46" hai1="40,21,130,124,81,119,42,11,87,27,10,77,35" hai2="126,79,84,20,80,102,54,66,47,121,6,15,63" hai3="94,29,95,133,123,37,3,64,85,90,135,30,8"/><W110/><G123/><T101/><D117/><U92/><E124/><V51/><F126/><W59/><G37/><T116/><D116/><U57/><E130/><V25/><F121/><W12/><G3/><T58/><D125/><U9/><E35/><V36/><F36/><W52/><G64/><T98/><D58/><U113/><E113/><V19/><F102/><W48/><G110/><T31/><D82/><U115/><E115/><V74/><F6/><W32/><G32/><T111/><D4/><U108/><E108/><V38/><F38/><W2/><G2/><T0/><D0/><U122/><E122/><V53/><F25/><W16/><REACH who="3" step="1"/><G94/><REACH who="3" ten="110,216,387,257" step="2"/><T118/><D111/><U129/><E119/><V71/><F66/><W7/><G7/><T75/><D118/><U114/><E114/><V96/><F80/><W103/><G103/><T107/><D101/><U28/><E129/><V23/><F71/><W128/><G128/><T56/><D107/><U49/><E92/><V55/><F63/><W39/><G39/><T93/><D93/><U68/><E68/><V134/><F134/><AGARI ba="1,3" hai="8,12,16,29,30,48,52,59,85,90,95,133,134,135" machi="134" ten="40,12000,1" yaku="1,1,20,1,54,2,53,0" doraHai="105" doraHaiUra="34" who="3" fromWho="2" sc="110,0,216,0,387,-123,257,153" /><INIT seed="3,2,0,4,5,68" ten="110,216,264,410" oya="3" hai0="72,22,131,120,79,35,102,27,28,37,19,129,105" hai1="93,84,74,17,117,34,44,73,116,81,126,63,119" hai2="98,20,130,75,51,123,67,92,118,71,83,69,135" hai3="134,87,8,0,18,29,113,62,40,12,3,109,15"/><W9/><G113/><T121/><D72/><U50/><E34/><V47/><F118/><W80/><G134/><T127/><D79/><U85/><E126/><V132/><F130/><N who="0" m="49674" /><D102/><U125/><E125/><V16/><F123/><N who="0" m="47178" /><D105/><U76/><E63/><V14/><F67/><W57/><G109/><T2/><D37/><U49/><E17/><V1/><F1/><W114/><G114/><T65/><D65/><U54/><E50/><V38/><F83/><W128/><G128/><T103/><D103/><U107/><E107/><V91/><F75/><W13/><G40/><T66/><D66/><U6/><E6/><V89/><F89/><AGARI ba="2,0" hai="44,49,54,73,74,76,81,84,85,89,93,116,117,119" machi="89" ten="40,1300,0" yaku="12,1" doraHai="68" who="1" fromWho="2" sc="110,0,216,19,264,-19,410,0" /><INIT seed="4,0,0,4,3,3" ten="110,235,245,410" oya="0" hai0="118,31,47,112,27,28,96,16,52,22,77,117,130" hai1="48,127,104,63,23,10,79,38,121,89,113,84,65" hai2="75,14,95,61,30,11,72,82,85,50,58,70,87" hai3="101,66,124,106,123,69,107,102,100,133,42,109,7"/><T54/><D112/><U108/><E121/><V71/><F30/><W25/><G123/><T41/><D130/><U110/><E38/><V12/><F50/><W15/><G109/><T68/><D68/><U34/><E104/><V90/><F72/><W132/><G42/><T105/><D77/><U131/><E34/><V83/><F75/><W88/><G25/><T40/><D105/><U29/><E79/><N who="2" m="46303" /><F71/><W20/><G66/><T53/><D96/><U5/><E48/><V60/><F70/><W44/><G69/><T86/><D86/><U134/><E134/><N who="3" m="51818" /><G44/><T98/><D98/><U64/><E64/><N who="2" m="38935" /><F61/><W67/><G67/><T59/><D59/><U115/><E63/><V24/><F24/><W91/><G124/><T33/><D28/><U32/><E127/><V129/><F129/><W6/><G107/><T78/><D78/><U135/><E65/><V26/><F26/><W73/><G73/><T125/><D125/><U81/><E32/><V1/><F1/><W126/><G126/><T35/><D41/><U2/><E131/><V62/><F62/><W128/><G106/><T114/><D114/><N who="1" m="43531" /><E135/><V93/><F12/><W99/><G128/><T0/><D0/><U80/><E80/><V97/><F97/><W92/><G91/><T76/><D76/><U56/><E56/><V45/><F45/><W8/><G102/><T122/><D122/><U43/><E43/><V120/><F120/><W46/><G46/><T51/><REACH who="0" step="1"/><D31/><REACH who="0" ten="100,235,245,410" step="2"/><U36/><E36/><V119/><F87/><N who="3" m="52255" /><G101/><T49/><D49/><U55/><E55/><V116/><F83/><W4/><G100/><RYUUKYOKU ba="0,1" sc="100,15,235,15,245,-15,410,-15" hai0="16,22,27,33,35,40,47,51,52,53,54,117,118" hai1="2,5,10,23,29,81,84,89,108,110" /><INIT seed="4,1,1,3,5,49" ten="115,250,230,395" oya="0" hai0="48,65,112,54,0,96,11,26,32,88,38,70,91" hai1="66,106,8,90,33,111,127,128,56,101,18,120,41" hai2="60,125,22,124,107,47,71,77,24,58,37,45,25" hai3="9,133,105,115,132,59,2,27,131,86,98,51,99"/><T42/><D112/><U100/><E120/><V14/><F71/><W108/><G108/><T57/><D96/><U79/><E33/><V94/><F107/><W61/><G115/><T67/><D65/><U39/><E111/><V13/><F77/><W35/><G105/><T44/><D0/><U97/><E101/><V92/><F60/><W74/><G74/><T126/><D126/><N who="2" m="48746" /><F58/><W121/><G51/><T117/><D117/><U129/><E127/><V110/><F110/><W134/><G86/><T75/><D75/><U53/><E66/><V31/><F37/><W130/><G121/><T81/><D81/><U10/><E79/><V21/><F13/><W17/><G2/><T95/><D95/><N who="2" m="36394" /><F14/><N who="3" m="7375" /><G27/><N who="2" m="10313" /><F31/><W82/><G82/><T50/><D11/><U16/><E8/><V5/><F5/><W1/><G1/><T36/><D38/><U103/><E10/><V102/><F102/><W68/><G68/><T123/><D123/><U43/><E103/><V118/><F118/><W116/><G116/><T12/><D12/><U15/><E15/><V87/><F87/><W113/><G113/><T34/><D48/><N who="1" m="30759" /><E39/><V69/><F69/><W7/><G7/><T89/><D26/><U62/><E62/><AGARI ba="1,1" hai="32,34,36,42,44,50,54,57,62,67,70,88,89,91" machi="62" ten="40,12000,1" yaku="24,2,52,1,54,1" doraHai="49" who="0" fromWho="1" sc="115,133,250,-123,230,0,395,0" /><INIT seed="4,2,0,5,0,2" ten="248,127,230,395" oya="0" hai0="62,51,100,114,18,21,48,16,29,106,95,79,23" hai1="39,14,17,125,61,40,128,35,116,11,103,65,123" hai2="105,115,43,69,107,94,109,92,101,118,20,27,110" hai3="45,55,6,111,102,124,90,83,64,86,130,93,81"/><T60/><D106/><U54/><E123/><V22/><F69/><W91/><G111/><T25/><D114/><U53/><E116/><V36/><F118/><W63/><G130/><T44/><D79/><U24/><E128/><V10/><F115/><W133/><G133/><T96/><D51/><U99/><E125/><V76/><F76/><W59/><G124/><T30/><D30/><U73/><E73/><V119/><F119/><W108/><G108/><T89/><D100/><U3/><E3/><V33/><F33/><W19/><G102/><T126/><D126/><U82/><E82/><V113/><F113/><W15/><G6/><T12/><REACH who="0" step="1"/><D29/><REACH who="0" ten="238,127,230,395" step="2"/><U50/><E50/><V77/><F77/><W32/><G91/><T4/><D4/><U26/><E39/><V134/><F36/><W72/><G72/><T74/><D74/><U46/><E103/><V120/><F101/><W0/><G32/><T41/><AGARI ba="2,1" hai="12,16,18,21,23,25,41,44,48,60,62,89,95,96" machi="41" ten="20,18000,2" yaku="1,1,0,1,7,1,8,1,54,1,53,1" doraHai="2" doraHaiUra="9" who="0" fromWho="0" sc="238,196,127,-62,230,-62,395,-62" /><INIT seed="4,3,0,3,5,96" ten="434,65,168,333" oya="0" hai0="128,129,50,35,93,36,85,3,110,38,37,11,30" hai1="18,47,13,105,134,64,116,83,41,106,108,125,17" hai2="42,112,15,7,28,109,75,40,53,132,68,102,84" hai3="10,14,100,29,54,115,111,73,122,131,70,48,114"/><T56/><D110/><U130/><E108/><V123/><F109/><W60/><G73/><T120/><D120/><U34/><E116/><V65/><F123/><W107/><G111/><T91/><D35/><U61/><E34/><V4/><F75/><W58/><G29/><T86/><D30/><U44/><E130/><V133/><F112/><N who="3" m="43051" /><G122/><T113/><D113/><U79/><E134/><V49/><F28/><W23/><G23/><T45/><D56/><U19/><E125/><V119/><F119/><W20/><G20/><T90/><D11/><U32/><E32/><V87/><F65/><N who="3" m="41255" /><G131/><T82/><REACH who="0" step="1"/><D3/><REACH who="0" ten="424,65,168,333" step="2"/><U33/><E33/><V76/><F68/><W67/><G67/><T24/><D24/><U94/><E64/><V127/><F133/><W8/><G14/><T74/><D74/><U6/><E13/><V117/><F15/><W21/><G21/><T55/><AGARI ba="3,1" hai="36,37,38,45,50,55,82,85,86,90,91,93,128,129" machi="55" ten="40,3900,0" yaku="1,1,0,1,53,0" doraHai="96" doraHaiUra="66" who="0" fromWho="0" sc="424,58,65,-16,168,-16,333,-16" /><INIT seed="4,4,0,2,0,85" ten="482,49,152,317" oya="0" hai0="95,78,57,69,35,80,6,131,96,108,83,54,64" hai1="40,53,118,105,84,51,100,102,98,91,65,60,75" hai2="10,56,50,77,18,33,79,73,120,7,111,14,1" hai3="30,89,38,126,3,55,63,23,103,24,27,104,92"/><T76/><D35/><U110/><E118/><V124/><F111/><W34/><G38/><T128/><D108/><U59/><E75/><V20/><F120/><W31/><G3/><T74/><D6/><U17/><E110/><V41/><F124/><W116/><G116/><T88/><D64/><U15/><E40/><V52/><F73/><W58/><G126/><T133/><D69/><U86/><E102/><V19/><F41/><W129/><G129/><T125/><D125/><U112/><E112/><V130/><F130/><W5/><G5/><T134/><D57/><U90/><E86/><V32/><REACH who="2" step="1"/><F19/><REACH who="2" ten="482,49,142,317" step="2"/><W101/><REACH who="3" step="1"/><G104/><REACH who="3" ten="482,49,142,307" step="2"/><T26/><D131/><U132/><E132/><V11/><F11/><W66/><G66/><T8/><D128/><U97/><E97/><AGARI ba="4,2" hai="23,24,27,30,31,34,55,58,63,89,92,97,101,103" machi="97" ten="30,3900,0" yaku="1,1,7,1,52,1,53,0" doraHai="85" doraHaiUra="117" who="3" fromWho="1" sc="482,0,49,-51,142,0,307,71" owari="482,58.0,-2,-50.0,142,-26.0,378,18.0" /></mjloggm>