<mjloggm ver="2.3"><GO type="169"/><UN n0="%EF%BC%88%E2%89%A7%E2%96%BD%E2%89%A6%EF%BC%89" n1="%E6%AF%94%E5%98%89%E7%A7%80%E4%BB%81" n2="%E9%81%8A%E8%B5%B0" n3="%E6%A1%82%E3%83%92%E3%83%8A%E3%82%AE%E3%82%AF" dan="18,16,17,17" rate="2114,2083,2138,2150" sx="M,M,F,F"/><TAIKYOKU oya="0"/><INIT seed="0,0,0,1,5,60" ten="250,250,250,250" oya="0" hai0="10,132,4,80,85,81,135,48,16,117,55,11,65" hai1="24,14,99,116,84,32,20,95,113,67,133,28,127" hai2="43,54,126,87,90,56,0,6,40,134,100,123,77" hai3="64,74,102,49,35,33,50,62,41,29,107,53,115"/><T47/><D117/><U82/><E116/><V96/><F123/><W39/><G74/><T106/><D106/><U92/><E133/><N who="0" m="51273" /><D85/><U38/><E38/><V89/><F134/><W119/><G119/><T61/><D16/><U129/><E127/><V124/><F6/><W94/><G107/><T112/><D112/><U105/><E129/><V27/><F0/><W131/><G35/><T17/><D17/><U7/><E113/><V71/><F71/><W130/><G29/><T122/><D122/><U88/><E7/><V44/><F27/><W57/><G33/><T13/><D11/><U70/><E14/><V18/><F18/><W12/><G12/><T86/><D86/><U79/><E20/><V76/><F44/><N who="3" m="23615" /><G115/><T75/><D75/><U83/><E83/><V34/><F34/><W78/><G78/><N who="2" m="30313" /><F126/><W63/><G102/><T103/><D103/><N who="1" m="62719" /><E79/><V120/><F120/><W25/><G25/><T37/><D37/><U26/><E26/><V46/><F124/><W128/><G94/><T73/><D73/><U110/><E110/><V22/><F100/><W42/><G42/><T97/><D97/><U23/><E23/><V66/><F22/><W52/><G53/><T58/><AGARI ba="0,0" hai="4,10,13,47,48,55,58,61,65,80,81" m="51273" machi="58" ten="30,3000,0" yaku="20,1,52,1" doraHai="60" who="0" fromWho="0" sc="250,30,250,-10,250,-10,250,-10" /><INIT seed="0,1,0,5,5,17" ten="280,240,240,240" oya="0" hai0="11,12,55,42,120,21,91,46,54,43,114,110,14" hai1="122,118,70,18,61,107,60,22,74,47,45,44,119" hai2="9,41,132,13,121,7,20,64,73,23,57,116,106" hai3="59,96,25,100,34,28,92,124,89,24,86,6,83"/><T134/><D114/><U126/><E107/><V75/><F121/><W33/><G124/><T50/><D120/><U66/><E74/><V37/><F116/><W49/><G6/><T2/><D134/><U109/><E126/><V27/><F132/><W88/><G25/><T129/><D129/><U15/><E109/><V40/><F106/><W63/><G49/><T111/><D91/><U94/><E122/><V1/><F37/><W30/><G30/><T77/><D77/><U127/><E127/><V85/><F73/><W104/><G104/><T48/><D2/><U53/><REACH who="1" step="1"/><E94/><REACH who="1" ten="280,230,240,240" step="2"/><V79/><F75/><W117/><G117/><T78/><D111/><U67/><E67/><V93/><F1/><W38/><G38/><T82/><D110/><U123/><E123/><V16/><F93/><W71/><G71/><T125/><D125/><U133/><E133/><V51/><F64/><W39/><G39/><T65/><D65/><U101/><E101/><V103/><F103/><W90/><G34/><T52/><D82/><U68/><E68/><V131/><F131/><W32/><G33/><T99/><D46/><U36/><E36/><V29/><F79/><W19/><G19/><N who="0" m="10487" /><D78/><U98/><E98/><V115/><F115/><W35/><G35/><T130/><D99/><U56/><AGARI ba="1,1" hai="15,18,22,44,45,47,53,56,60,61,66,70,118,119" machi="56" ten="30,4000,0" yaku="1,1,0,1,52,1,53,0" doraHai="17" doraHaiUra="3" who="1" fromWho="1" sc="280,-21,230,53,240,-11,240,-11" /><INIT seed="1,0,0,0,4,30" ten="259,283,229,229" oya="1" hai0="2,43,50,21,65,40,22,72,9,114,119,108,51" hai1="94,128,14,23,113,84,121,4,19,77,96,20,54" hai2="134,118,13,28,116,106,32,31,56,63,85,66,122" hai3="10,123,109,101,75,111,1,6,49,62,18,131,99"/><U68/><E121/><V76/><F122/><W36/><G36/><T124/><D72/><U82/><E68/><V53/><F106/><W67/><G75/><T81/><D119/><U52/><E113/><V92/><F134/><W7/><G123/><T58/><D114/><U90/><E128/><V25/><F31/><W104/><G131/><T135/><D135/><U115/><E115/><V86/><F13/><W83/><G7/><T37/><D37/><U120/><E120/><V16/><F16/><W5/><G5/><T91/><D124/><U33/><E33/><V73/><F73/><W38/><G38/><T35/><D35/><U74/><E4/><V87/><F76/><W132/><G132/><T130/><D130/><U42/><E42/><N who="0" m="15913" /><D108/><U24/><REACH who="1" step="1"/><E74/><REACH who="1" ten="259,273,229,229" step="2"/><V59/><REACH who="2" step="1"/><F92/><REACH who="2" ten="259,273,219,229" step="2"/><N who="3" m="58599" /><G111/><T8/><D2/><U15/><E15/><V125/><F125/><W97/><G104/><T11/><D81/><U64/><E64/><V100/><F100/><W102/><G67/><T79/><D65/><U105/><E105/><V27/><F27/><W88/><G102/><T70/><D70/><U48/><E48/><AGARI ba="0,2" hai="25,28,32,48,53,56,59,63,66,85,86,87,116,118" machi="48" ten="40,5200,0" yaku="1,1,52,1,53,1" doraHai="30" doraHaiUra="26" who="2" fromWho="1" sc="259,0,273,-52,219,72,229,0" /><INIT seed="2,0,0,0,3,29" ten="259,221,291,229" oya="2" hai0="130,113,52,127,60,21,26,107,94,131,54,31,5" hai1="38,101,3,20,111,84,78,2,42,73,75,79,102" hai2="63,128,49,55,39,58,109,44,116,123,74,36,15" hai3="67,134,77,56,25,92,132,16,10,45,33,34,95"/><V120/><F74/><N who="1" m="28169" /><E20/><V30/><F30/><W46/><G77/><N who="1" m="29194" /><E42/><V6/><F116/><W7/><G92/><T103/><D113/><U85/><E38/><N who="2" m="14379" /><F15/><N who="3" m="5599" /><G95/><T70/><D5/><U27/><E27/><V22/><F22/><N who="3" m="13511" /><G56/><T133/><D70/><U66/><E66/><N who="2" m="39287" /><F6/><W90/><G67/><T122/><D94/><U72/><N who="1" m="28177" /><U23/><DORA hai="40" /><E23/><V11/><F11/><W126/><G90/><T19/><D21/><U14/><E14/><V0/><F0/><N who="1" m="41" /><E111/><V82/><F82/><W12/><G126/><T4/><D127/><U76/><N who="1" m="29202" /><U64/><DORA hai="100" /><E64/><V9/><F9/><W96/><G96/><T80/><D31/><U91/><E91/><V125/><F109/><W119/><G119/><T93/><D93/><U71/><E71/><V83/><F125/><W81/><G81/><T53/><D80/><U124/><E124/><V32/><F83/><W65/><G65/><T61/><D26/><U59/><E59/><V106/><F106/><W117/><G117/><T41/><D107/><U110/><E110/><V17/><F17/><W121/><G12/><T114/><D19/><U129/><E102/><V69/><F69/><W104/><G104/><T97/><D103/><U43/><E101/><V86/><F86/><W99/><G99/><T87/><D97/><U118/><E118/><V115/><F55/><W50/><G121/><T1/><D53/><U24/><E24/><V89/><F123/><W57/><G33/><T135/><D54/><U13/><E13/><V62/><F32/><W48/><G34/><T105/><D52/><U35/><E35/><RYUUKYOKU ba="0,0" sc="259,0,221,0,291,0,229,0" /><INIT seed="3,1,0,2,2,49" ten="259,221,291,229" oya="3" hai0="129,8,106,12,22,54,14,88,29,91,94,116,104" hai1="45,15,107,72,113,77,119,41,19,98,59,103,105" hai2="100,110,89,48,95,130,70,75,39,120,44,114,101" hai3="76,5,123,90,135,21,131,115,3,62,80,128,30"/><W83/><G123/><T60/><D116/><U16/><E119/><V64/><F114/><W125/><G115/><T36/><D36/><U85/><E113/><V55/><F75/><W26/><G125/><T11/><D129/><N who="3" m="49737" /><G135/><T56/><D106/><U24/><E72/><V27/><F130/><W96/><G62/><T6/><D104/><U117/><E107/><V124/><F120/><W118/><G76/><T35/><D35/><U28/><E117/><V99/><F124/><W58/><G58/><T102/><D102/><U23/><E59/><V33/><F110/><W112/><G112/><T109/><D109/><U134/><E134/><V63/><REACH who="2" step="1"/><F39/><REACH who="2" ten="259,221,281,229" step="2"/><W126/><G126/><T47/><D47/><U7/><E105/><V43/><F43/><W87/><G118/><T78/><D78/><U9/><E77/><V67/><F67/><W69/><G69/><T108/><D108/><U71/><E71/><V53/><F53/><W31/><G83/><T4/><REACH who="0" step="1"/><D94/><REACH who="0" ten="249,221,281,229" step="2"/><U34/><E45/><V122/><F122/><W84/><G80/><T86/><D86/><U132/><E85/><V1/><F1/><W52/><G3/><T97/><D97/><U38/><E98/><V13/><F13/><W37/><G96/><T68/><D68/><U93/><E132/><V61/><F61/><W50/><G87/><T121/><D121/><U79/><E38/><V81/><F81/><W46/><G37/><T74/><D74/><U66/><E93/><V92/><F92/><W40/><G84/><T20/><D20/><U25/><E23/><V42/><F42/><W111/><G40/><RYUUKYOKU ba="1,2" sc="249,15,221,-15,281,15,229,-15" hai0="4,6,8,11,12,14,22,29,54,56,60,88,91" hai2="27,33,44,48,55,63,64,70,89,95,99,100,101" /><INIT seed="4,2,2,4,3,117" ten="264,206,296,214" oya="0" hai0="60,94,61,3,33,66,87,50,79,114,35,115,107" hai1="113,32,20,13,134,29,36,49,28,70,10,77,51" hai2="42,88,111,18,131,133,9,38,125,57,27,122,103" hai3="98,119,82,7,0,104,100,37,102,110,21,31,121"/><T99/><D3/><U41/><E70/><V75/><F122/><W101/><G119/><T74/><D74/><U72/><E32/><N who="0" m="12361" /><D107/><U67/><E67/><V4/><F57/><W24/><G121/><T81/><D50/><U84/><E72/><V128/><F75/><W135/><G110/><T65/><D65/><U73/><E73/><V109/><F103/><W43/><G135/><T62/><D66/><U85/><E134/><V120/><F133/><W63/><G63/><T8/><D8/><U129/><E36/><V118/><F120/><W25/><G82/><T30/><D30/><U45/><E51/><V2/><F88/><W96/><G104/><T93/><D99/><U130/><E113/><AGARI ba="2,2" hai="60,61,62,79,81,87,93,94,113,114,115" m="12361" machi="113" ten="40,2000,0" yaku="15,1" doraHai="117" who="0" fromWho="1" sc="264,46,206,-26,296,0,214,0" /><INIT seed="4,3,0,3,3,58" ten="310,180,296,214" oya="0" hai0="44,90,75,49,7,19,73,78,32,63,89,36,132" hai1="20,33,46,56,133,94,125,113,5,42,25,83,103" hai2="68,41,50,127,95,109,102,15,86,135,8,23,10" hai3="27,2,54,106,39,51,11,4,104,124,100,118,74"/><T80/><D32/><U123/><E33/><V62/><F109/><W3/><G118/><T57/><D132/><U34/><E133/><V120/><F135/><W131/><G39/><T97/><D36/><U24/><E123/><V119/><F120/><W128/><G74/><T126/><D126/><U82/><E125/><V16/><F127/><W117/><G117/><T21/><D7/><U66/><E5/><V129/><F119/><W38/><G38/><T101/><D75/><U40/><E34/><V47/><F129/><N who="3" m="49739" /><G2/><T81/><D81/><U77/><E113/><V17/><F17/><W79/><G79/><T93/><D49/><N who="1" m="26823" /><E42/><V61/><F68/><W59/><G124/><T88/><D44/><U96/><E77/><V37/><F37/><W108/><G108/><T92/><D92/><U115/><E25/><V99/><F86/><W72/><G72/><T112/><D112/><U76/><E76/><V111/><F111/><W64/><G27/><N who="0" m="14783" /><D101/><U114/><E114/><V122/><F122/><W28/><G28/><T6/><D6/><U91/><E91/><V52/><F41/><W1/><G1/><T9/><D9/><AGARI ba="3,0" hai="8,9,10,15,16,23,47,50,52,61,62,95,99,102" machi="9" ten="40,8000,1" yaku="8,1,52,2,54,2" doraHai="58" who="2" fromWho="0" sc="310,-89,180,0,296,89,214,0" /><INIT seed="5,0,0,0,5,46" ten="221,180,385,214" oya="1" hai0="14,102,108,127,49,6,99,4,82,39,91,63,11" hai1="118,44,3,34,96,100,42,10,79,97,134,85,16" hai2="89,53,32,114,47,77,120,29,55,24,15,1,38" hai3="67,122,9,33,17,70,107,72,75,20,21,45,74"/><U40/><E118/><V130/><F120/><W2/><G122/><T58/><D39/><U5/><E34/><V23/><F130/><W71/><G33/><T81/><D108/><U92/><E134/><V36/><F114/><W54/><G107/><T65/><D127/><U76/><E85/><V18/><F77/><W28/><G67/><T132/><D132/><U104/><E16/><V110/><F110/><W48/><G28/><T12/><D91/><U51/><REACH who="1" step="1"/><E42/><REACH who="1" ten="221,170,385,214" step="2"/><V0/><F18/><W131/><G131/><T103/><D4/><U86/><E86/><V87/><F32/><W94/><G17/><T22/><D22/><U30/><E30/><V57/><F87/><W68/><G21/><T119/><D119/><U90/><AGARI ba="0,1" hai="3,5,10,40,44,51,76,79,90,92,96,97,100,104" machi="90" ten="20,7800,0" yaku="1,1,0,1,7,1,52,1,53,0" doraHai="46" doraHaiUra="128" who="1" fromWho="1" sc="221,-26,170,88,385,-26,214,-26" /><INIT seed="5,1,0,0,3,63" ten="195,258,359,188" oya="1" hai0="92,2,74,49,121,7,67,53,111,62,42,77,48" hai1="110,60,27,82,4,0,61,30,73,75,129,95,45" hai2="32,93,10,12,33,28,106,18,1,47,135,19,6" hai3="55,69,71,43,80,44,109,52,34,128,120,41,50"/><U35/><E129/><V78/><F106/><W58/><G34/><T131/><D111/><U39/><E110/><V98/><F78/><W134/><G109/><T26/><D131/><U88/><E4/><V37/><F135/><W125/><G134/><T17/><D121/><U108/><E0/><V15/><F37/><W3/><G3/><T90/><D2/><U81/><E108/><V116/><F47/><W96/><G120/><T68/><D7/><U5/><E5/><V76/><F76/><W99/><G125/><T101/><D101/><U54/><E82/><V66/><F66/><W85/><G128/><T126/><D126/><U130/><E130/><V13/><F116/><W16/><G71/><T123/><D123/><U113/><E113/><V133/><F133/><W29/><G69/><T94/><D77/><U107/><E107/><V115/><F115/><W21/><G29/><T114/><D74/><U118/><E118/><V65/><F65/><W87/><G41/><T89/><D114/><U97/><E81/><V100/><F28/><W102/><G55/><T86/><D42/><U119/><E119/><V104/><F104/><W72/><G72/><N who="1" m="27722" /><E39/><V117/><F117/><W91/><G85/><N who="0" m="52271" /><D53/><U132/><E132/><V9/><F1/><W31/><G31/><T46/><D46/><U59/><E45/><V57/><F57/><W79/><G79/><T36/><D36/><U103/><E61/><V105/><F105/><W122/><G122/><T11/><D11/><AGARI ba="1,0" hai="6,9,10,11,12,13,15,18,19,32,33,93,98,100" machi="11" ten="30,2000,0" yaku="7,1,9,1" doraHai="63" who="2" fromWho="0" sc="195,-23,258,0,359,23,188,0" /><INIT seed="6,0,0,0,4,134" ten="172,258,382,188" oya="2" hai0="106,46,73,90,63,54,89,114,7,77,130,33,118" hai1="125,82,120,103,101,35,76,30,32,6,108,79,104" hai2="18,85,67,1,83,58,87,60,59,81,9,96,0" hai3="62,10,47,95,3,43,71,122,24,25,64,102,68"/><V119/><F119/><W117/><G122/><T5/><D106/><U34/><E108/><V88/><F96/><W52/><G71/><T93/><D33/><U12/><E120/><V109/><F109/><W14/><G3/><T39/><D118/><U92/><E104/><V53/><F18/><W49/><G117/><T4/><D130/><U129/><E129/><V110/><F110/><W48/><G95/><T42/><D114/><U28/><E79/><V55/><F9/><W17/><REACH who="3" step="1"/><G102/><REACH who="3" ten="172,258,382,178" step="2"/><T80/><REACH who="0" step="1"/><D93/><REACH who="0" ten="162,258,382,178" step="2"/><U19/><E92/><V107/><F107/><W51/><G51/><T20/><D20/><U72/><E103/><V57/><F1/><W15/><G15/><T99/><D99/><U2/><E101/><V131/><F0/><W22/><G22/><T70/><D70/><U128/><E2/><V26/><F131/><W113/><G113/><T91/><D91/><U36/><E128/><V105/><F105/><W111/><G111/><T13/><D13/><U50/><E35/><V29/><F88/><W69/><G69/><T44/><D44/><AGARI ba="0,2" hai="10,14,17,24,25,43,44,47,48,49,52,62,64,68" machi="44" ten="30,3900,0" yaku="1,1,7,1,54,1,53,0" doraHai="134" doraHaiUra="78" who="3" fromWho="0" sc="162,-39,258,0,382,0,178,59" /><INIT seed="7,0,0,5,4,10" ten="123,258,382,237" oya="3" hai0="119,41,96,29,116,1,39,135,49,16,79,105,62" hai1="133,66,65,103,84,114,122,43,50,2,126,34,76" hai2="13,92,115,37,27,75,121,102,123,3,97,28,61" hai3="42,36,98,113,83,67,88,21,15,33,19,46,80"/><W129/><G33/><T54/><D1/><U32/><E122/><N who="2" m="46603" /><F115/><W57/><G113/><T130/><D135/><U124/><E103/><V55/><F3/><W118/><G118/><T52/><D130/><U26/><E50/><V68/><F37/><W131/><G67/><T58/><D29/><U7/><E84/><V48/><F75/><W109/><G109/><T91/><D79/><U132/><E66/><N who="2" m="41039" /><F13/><W74/><G57/><T112/><D112/><U5/><E114/><V77/><F77/><W71/><G71/><T93/><D105/><U60/><E76/><V4/><F4/><N who="1" m="1609" /><E2/><V24/><F28/><W59/><G59/><AGARI ba="0,0" hai="24,27,48,55,59,92,97,102" m="41039,46603" machi="59" ten="30,1000,0" yaku="13,1" doraHai="10" who="2" fromWho="3" sc="123,0,258,0,382,10,237,-10" owari="123,-38.0,258,6.0,392,49.0,227,-17.0" /></mjloggm>