<mjloggm ver="2.3"><GO type="41"/><UN n0="%E3%81%AE%E3%83%BC%E3%81%BF%E3%81%9D%E3%82%B3%E3%83%8D%E3%82%B3%E3%83%8D" n1="%EF%BC%88%E2%89%A7%E2%96%BD%E2%89%A6%EF%BC%89" n2="%4E%49%53%48%49" n3="%E7%A5%AD%E8%B0%B7%E4%B8%80%E6%96%97" dan="13,15,16,14" rate="1993,2025,1997,1948" sx="M,M,M,M"/><TAIKYOKU oya="0"/><INIT seed="0,0,0,4,3,103" ten="250,250,250,250" oya="0" hai0="11,44,110,34,117,135,79,101,39,69,68,6,133" hai1="40,43,26,63,41,48,116,8,17,75,14,15,94" hai2="23,42,112,7,91,62,37,95,27,89,77,64,51" hai3="33,107,38,123,105,127,113,93,98,29,24,49,134"/><T111/><D117/><U82/><E116/><V131/><F112/><W55/><G113/><T85/><D101/><U102/><E75/><V57/><F37/><W58/><G38/><T108/><D34/><U90/><E63/><V30/><F131/><W13/><G134/><N who="0" m="51211" /><D39/><U119/><E119/><V109/><F109/><W5/><G127/><T74/><D74/><U60/><E60/><V83/><F7/><W70/><G70/><N who="0" m="27243" /><D44/><U61/><E61/><V126/><F126/><W20/><G123/><T106/><D106/><U73/><E73/><V120/><F120/><W18/><REACH who="3" step="1"/><G5/><REACH who="3" ten="250,250,250,240" step="2"/><T35/><D6/><U22/><E8/><V52/><F42/><W21/><G21/><T115/><D11/><U46/><E40/><V16/><F30/><W59/><G59/><T88/><D115/><U125/><E125/><V130/><F130/><W71/><G71/><T81/><D35/><U19/><E41/><V9/><F9/><W72/><G72/><T92/><D79/><U99/><E19/><V132/><F132/><W96/><G96/><T56/><D56/><U3/><E3/><V50/><F64/><W47/><G47/><T12/><D12/><U53/><E43/><V84/><F77/><W0/><G0/><T65/><D65/><U104/><REACH who="1" step="1"/><E82/><AGARI ba="0,1" hai="81,82,85,88,92,108,110,111" m="27243,51211" machi="82" ten="40,12000,1" yaku="14,1,10,1,20,1,54,1" doraHai="103" who="0" fromWho="1" sc="250,130,250,-120,250,0,240,0" /><BYE who="1" /><INIT seed="0,1,0,2,5,126" ten="380,130,250,240" oya="0" hai0="86,0,115,33,42,26,23,101,36,88,10,124,21" hai1="94,99,19,90,7,130,61,107,129,54,98,79,30" hai2="9,57,111,113,73,76,119,11,77,6,75,15,82" hai3="18,128,46,131,60,96,132,50,100,63,123,74,5"/><T109/><D115/><U8/><E8/><V105/><F113/><UN n1="%EF%BC%88%E2%89%A7%E2%96%BD%E2%89%A6%EF%BC%89" /><W104/><G74/><T56/><D124/><U62/><E7/><V47/><F105/><W72/><G72/><T29/><D101/><N who="1" m="62903" /><E30/><V49/><F119/><W134/><G5/><T118/><D118/><U35/><E35/><V17/><F77/><W112/><G112/><T95/><D109/><U87/><E19/><V20/><F57/><W92/><G123/><T110/><D110/><U114/><E114/><V31/><F31/><W14/><G63/><T127/><D127/><U34/><E34/><V120/><F111/><W52/><G60/><T37/><D42/><U102/><E54/><V135/><F135/><N who="3" m="51755" /><G104/><T48/><D36/><U125/><E125/><V106/><F106/><W43/><G43/><T85/><D37/><U55/><E55/><V4/><F120/><W3/><G3/><T27/><D33/><U40/><E40/><V65/><F65/><W45/><G45/><T41/><D0/><U2/><E2/><V13/><F49/><W70/><G70/><T67/><D10/><AGARI ba="1,0" hai="10,14,18,46,50,52,92,96,100,128,131" m="51755" machi="10" ten="30,7700,0" yaku="20,1,52,2,54,1" doraHai="126" who="3" fromWho="0" sc="380,-80,130,0,250,0,240,80" /><INIT seed="1,0,0,5,0,63" ten="300,130,250,320" oya="1" hai0="134,25,135,27,46,77,78,33,110,7,15,92,124" hai1="14,56,82,50,70,121,40,111,115,36,54,86,65" hai2="68,107,88,48,10,59,76,101,72,104,5,83,53" hai3="106,26,90,100,16,123,119,60,71,8,130,84,37"/><U62/><E121/><V96/><F68/><W31/><G123/><T18/><D124/><U30/><E115/><V34/><F34/><W98/><G119/><T122/><D122/><U0/><E0/><V45/><F107/><W131/><G37/><T47/><D110/><U99/><E111/><V113/><F113/><W28/><G131/><T32/><D7/><U129/><E129/><V120/><F120/><W89/><G130/><T21/><D92/><U13/><E30/><V116/><F116/><W67/><G31/><T43/><D78/><U118/><E99/><V127/><F127/><W57/><G57/><T51/><D77/><U61/><E61/><V42/><F88/><W112/><G112/><T17/><D46/><N who="1" m="23815" /><E118/><V11/><REACH who="2" step="1"/><F5/><REACH who="2" ten="300,130,240,320" step="2"/><W109/><G109/><T69/><D69/><U108/><E108/><V102/><F102/><W114/><G114/><T95/><D32/><U91/><AGARI ba="0,1" hai="13,14,50,54,56,62,65,70,82,86,91" m="23815" machi="91" ten="30,3000,0" yaku="24,1,52,1" doraHai="63" who="1" fromWho="1" sc="300,-10,130,40,240,-10,320,-10" /><INIT seed="1,1,0,2,0,23" ten="290,170,230,310" oya="1" hai0="104,82,63,105,2,90,97,124,34,42,76,17,61" hai1="111,47,41,74,33,98,72,35,43,122,6,57,29" hai2="129,4,132,94,88,116,67,30,80,25,79,24,103" hai3="51,39,133,108,40,31,37,8,96,85,117,128,135"/><U95/><E122/><V77/><F116/><W68/><G117/><T115/><D115/><U9/><E111/><V131/><F67/><W26/><G68/><T92/><D2/><U100/><E41/><V12/><F30/><W106/><G108/><T66/><D34/><U62/><E33/><V15/><F103/><N who="3" m="62823" /><G85/><T118/><D118/><U1/><E29/><V16/><F4/><W38/><G8/><T56/><D124/><U109/><E35/><V70/><F70/><W22/><G128/><N who="2" m="49225" /><F12/><W19/><G51/><T65/><D42/><U14/><E1/><V27/><F80/><W73/><G73/><T11/><D17/><U119/><E109/><V10/><F132/><N who="3" m="50763" /><G19/><T84/><REACH who="0" step="1"/><D11/><REACH who="0" ten="280,170,230,310" step="2"/><U87/><E119/><V46/><F46/><AGARI ba="1,1" hai="22,26,31,37,38,39,40,46" m="50763,62823" machi="46" ten="30,2000,0" yaku="20,1,52,1" doraHai="23" who="3" fromWho="2" sc="280,0,170,0,230,-23,310,33" /><INIT seed="2,0,0,3,0,71" ten="280,170,207,343" oya="2" hai0="109,93,134,78,27,69,79,100,23,126,51,70,52" hai1="46,60,114,94,37,16,130,53,74,24,81,44,91" hai2="47,18,64,4,2,84,108,14,67,9,75,125,63" hai3="68,101,98,30,29,15,31,17,48,36,123,105,65"/><V3/><F75/><W40/><G123/><T38/><D109/><U121/><E121/><V55/><F108/><W35/><G36/><T119/><D38/><U19/><E114/><V76/><F125/><W73/><G73/><T124/><D134/><U43/><E130/><V85/><F76/><W41/><G48/><T104/><D104/><U45/><E74/><V83/><F2/><W66/><G35/><T112/><D112/><U26/><E81/><V116/><F116/><W34/><G34/><T0/><D0/><U42/><E60/><V131/><F131/><W88/><G41/><N who="1" m="15370" /><E53/><V54/><F83/><W135/><G40/><T28/><D119/><U90/><E37/><V59/><F55/><W25/><G135/><T89/><D100/><U5/><E5/><V50/><REACH who="2" step="1"/><F67/><REACH who="2" ten="280,170,197,343" step="2"/><W87/><G66/><T61/><D78/><U86/><E91/><V111/><F111/><W77/><G65/><T13/><D79/><U39/><E39/><V117/><F117/><W11/><G77/><T122/><D122/><U56/><E56/><V62/><F62/><W118/><G68/><T95/><D61/><U110/><E110/><V21/><AGARI ba="0,1" hai="3,4,9,14,18,21,47,50,54,59,63,64,84,85" machi="21" ten="20,7800,0" yaku="1,1,0,1,7,1,53,1" doraHai="71" doraHaiUra="32" who="2" fromWho="2" sc="280,-26,170,-26,197,88,343,-26" /><INIT seed="2,1,0,2,4,87" ten="254,144,285,317" oya="2" hai0="10,89,132,106,121,135,52,25,79,22,35,74,54" hai1="103,69,60,85,66,71,134,57,75,55,51,130,109" hai2="8,13,120,128,104,45,73,92,56,33,28,6,91" hai3="123,65,38,111,2,34,40,9,80,133,93,70,118"/><V41/><F104/><W83/><G34/><T110/><D121/><U64/><E75/><V61/><F73/><W18/><G123/><T86/><D110/><U43/><E103/><V47/><F33/><W29/><G118/><T95/><D35/><U53/><E109/><V115/><F120/><W27/><G65/><N who="1" m="25194" /><E85/><V101/><F28/><W84/><G70/><N who="1" m="26634" /><E134/><V122/><F122/><W4/><G133/><N who="0" m="51275" /><D106/><U98/><E98/><V32/><F32/><W82/><G111/><T72/><D10/><U131/><E131/><V7/><F128/><W3/><G29/><N who="0" m="17591" /><D79/><U77/><E77/><V90/><F6/><W63/><G27/><T36/><D36/><U105/><E105/><V108/><F108/><W97/><G18/><T76/><D72/><U21/><E21/><V124/><F101/><W42/><G3/><T46/><D46/><N who="1" m="26079" /><E130/><V113/><F91/><W23/><G23/><T17/><D17/><U1/><E1/><V50/><F90/><W37/><G9/><T114/><D114/><U24/><E24/><V5/><F113/><W100/><G4/><T44/><D44/><U26/><E26/><V96/><F47/><W39/><G2/><T49/><D74/><U119/><E119/><V102/><F115/><W30/><G30/><T94/><D76/><U62/><E53/><N who="0" m="20585" /><D95/><U15/><E15/><V116/><F5/><W68/><G84/><T19/><D19/><U14/><E14/><V125/><F13/><W99/><G93/><T127/><D127/><U112/><E112/><V129/><F124/><W58/><G83/><T0/><D0/><U16/><E16/><RYUUKYOKU ba="1,0" sc="254,15,144,15,285,-15,317,-15" hai0="49,86,89,94" hai1="55,57,60,62" /><INIT seed="3,2,0,3,5,89" ten="269,159,270,302" oya="3" hai0="68,56,37,7,39,118,113,45,30,121,129,70,73" hai1="22,123,97,20,25,17,112,87,117,74,33,102,27" hai2="88,38,0,13,82,126,46,105,10,48,94,109,127" hai3="41,63,29,120,9,26,119,104,52,23,71,76,130"/><W67/><G120/><T115/><D121/><U84/><E112/><N who="0" m="43081" /><D118/><U60/><E123/><V80/><F105/><W2/><G119/><T75/><D7/><U12/><E117/><V108/><F38/><N who="0" m="14346" /><D30/><U90/><E74/><N who="0" m="28169" /><D129/><U64/><E33/><V6/><F13/><W16/><G104/><T77/><D77/><U69/><E90/><V125/><F82/><W47/><G130/><T93/><D45/><U18/><REACH who="1" step="1"/><E12/><REACH who="1" ten="269,149,270,302" step="2"/><V21/><F80/><W132/><G76/><T110/><D110/><U50/><E50/><V122/><F109/><W62/><G62/><T79/><D79/><U3/><E3/><V103/><F108/><W54/><G2/><T124/><D124/><U81/><E81/><V34/><F122/><W101/><G101/><T43/><D43/><U61/><E61/><V24/><F34/><W83/><G83/><T42/><D42/><U107/><AGARI ba="2,1" hai="17,18,20,22,25,27,60,64,69,84,87,97,102,107" machi="107" ten="20,5200,0" yaku="1,1,0,1,7,1,9,1,53,0" doraHai="89" doraHaiUra="53" who="1" fromWho="1" sc="269,-15,149,68,270,-15,302,-28" /><INIT seed="4,0,0,2,1,135" ten="254,217,255,274" oya="0" hai0="7,133,82,92,6,71,88,53,84,57,1,17,54" hai1="126,23,100,95,90,73,31,20,105,77,131,16,70" hai2="56,59,26,61,60,46,55,52,83,28,63,62,69" hai3="76,81,58,25,30,12,115,109,122,96,22,32,72"/><T87/><D133/><U27/><E131/><V38/><F83/><W10/><G115/><T65/><D71/><U124/><E70/><V130/><F130/><W43/><G122/><T15/><D1/><U99/><E77/><V128/><F128/><W3/><G109/><T36/><D36/><U123/><E73/><V125/><F26/><W134/><G134/><T97/><D65/><U108/><E108/><V48/><F28/><W42/><G3/><T51/><D54/><U13/><REACH who="1" step="1"/><E123/><REACH who="1" ten="254,207,255,274" step="2"/><V110/><F110/><W85/><G72/><T64/><D64/><U18/><E18/><V117/><F117/><W74/><G74/><T39/><D39/><U78/><E78/><V114/><F114/><W19/><G32/><T127/><D6/><U98/><AGARI ba="0,1" hai="13,16,20,23,27,31,90,95,98,99,100,105,124,126" machi="98" ten="30,12000,2" yaku="1,1,0,1,52,2,54,1,53,2" doraHai="135" doraHaiUra="94" who="1" fromWho="1" sc="254,-60,207,130,255,-30,274,-30" /><INIT seed="5,0,0,4,3,117" ten="194,337,225,244" oya="1" hai0="39,93,105,135,114,83,72,90,124,34,53,81,64" hai1="19,44,71,107,41,75,56,94,20,74,128,109,123" hai2="67,7,112,127,51,49,96,59,91,26,5,12,32" hai3="1,79,113,104,6,3,18,68,31,125,58,63,87"/><U111/><E107/><V86/><F127/><W9/><G104/><T38/><D105/><U29/><E71/><V4/><F96/><W102/><G125/><T119/><D124/><U88/><E29/><V69/><F32/><W42/><G113/><T22/><D119/><U57/><E128/><V121/><F26/><W130/><G130/><T98/><D34/><U60/><E123/><V103/><F69/><W126/><G126/><T84/><D114/><U25/><E74/><V55/><F103/><W54/><G102/><T10/><D135/><U61/><E75/><V110/><F67/><W77/><G31/><T0/><D72/><U85/><E57/><V129/><F112/><W62/><G42/><T92/><D64/><U133/><E133/><V17/><F110/><N who="1" m="41993" /><E56/><V116/><F116/><W45/><G3/><T40/><D0/><U97/><E97/><V115/><F115/><W13/><G45/><T35/><D35/><U122/><E122/><V2/><F2/><W101/><G101/><T132/><D132/><U23/><E20/><V99/><F99/><W14/><G1/><T33/><D33/><U100/><E100/><V82/><F121/><W37/><G37/><AGARI ba="0,0" hai="19,23,25,37,41,44,60,61,85,88,94" m="41993" machi="37" ten="30,2900,0" yaku="10,1,54,1" doraHai="117" who="1" fromWho="3" sc="194,0,337,29,225,0,244,-29" /><INIT seed="5,1,0,4,2,41" ten="194,366,225,215" oya="1" hai0="28,84,8,74,72,116,76,47,26,48,0,23,40" hai1="35,80,130,22,7,99,119,110,19,38,67,133,106" hai2="95,2,52,100,69,12,18,45,132,17,34,125,89" hai3="97,115,55,121,70,6,68,3,112,93,32,88,27"/><U127/><E35/><V82/><F69/><N who="3" m="26731" /><G121/><T101/><D116/><U50/><E38/><V54/><F2/><W10/><G27/><T91/><D101/><U39/><E39/><V61/><F34/><W122/><G32/><T71/><D71/><U129/><E106/><V87/><F132/><W51/><G122/><T31/><D76/><U36/><E36/><V124/><F61/><W134/><G134/><T14/><D0/><U114/><E133/><V102/><F18/><W75/><G75/><T66/><D66/><U9/><E119/><V81/><F81/><W109/><G109/><T120/><D31/><U56/><E110/><V1/><F1/><W13/><G55/><T20/><D20/><U46/><E80/><V43/><F100/><W90/><G51/><T21/><D21/><U135/><E22/><V25/><F25/><W104/><G104/><T126/><D126/><N who="2" m="48746" /><F102/><N who="3" m="60719" /><G3/><T60/><D60/><U33/><E127/><V92/><F43/><W111/><G111/><T113/><D113/><AGARI ba="1,0" hai="6,10,13,88,90,112,113,115" m="60719,26731" machi="113" ten="30,2000,0" yaku="15,1,54,1" doraHai="41" who="3" fromWho="0" sc="194,-23,366,0,225,0,215,23" /><INIT seed="6,0,0,0,1,107" ten="171,366,225,238" oya="2" hai0="69,34,39,7,109,64,48,96,0,117,42,126,50" hai1="13,28,128,37,131,102,21,95,100,85,22,63,88" hai2="15,111,134,60,86,24,29,91,12,73,84,25,71" hai3="72,46,114,56,41,16,68,65,94,133,92,75,6"/><V43/><F73/><W113/><G68/><T19/><D109/><U124/><E124/><V122/><F122/><W49/><G6/><T81/><D126/><U9/><E37/><V93/><F111/><W11/><G133/><T118/><D39/><U116/><E116/><V10/><F43/><W47/><G94/><T104/><D34/><U5/><E63/><V67/><F134/><W62/><G92/><T70/><D81/><U51/><E51/><V59/><F71/><W90/><G90/><T82/><D82/><U127/><E127/><V108/><F108/><W20/><G11/><T106/><D96/><U26/><E22/><V53/><F84/><W38/><G47/><T58/><D19/><U121/><E121/><V45/><F29/><W17/><G38/><T31/><D31/><U2/><E2/><V132/><F15/><N who="3" m="9247" /><G17/><T4/><D0/><U129/><AGARI ba="0,0" hai="5,9,13,21,26,28,85,88,95,100,102,128,129,131" machi="129" ten="30,4000,0" yaku="0,1,19,1,54,1" doraHai="107" who="1" fromWho="1" sc="171,-10,366,40,225,-20,238,-10" /><INIT seed="7,0,0,1,2,30" ten="161,406,205,228" oya="3" hai0="34,9,41,17,25,16,127,99,39,6,36,15,117" hai1="70,130,131,114,76,135,37,104,93,126,57,48,20" hai2="92,84,74,62,59,85,132,111,44,49,106,29,4" hai3="116,108,94,129,26,83,5,101,103,1,88,43,24"/><W14/><G116/><T77/><D127/><U38/><E70/><V53/><F106/><W55/><G1/><T113/><D77/><U123/><E104/><V105/><F74/><W31/><G108/><T3/><D99/><U115/><E123/><V79/><F105/><W63/><G43/><T46/><D117/><U60/><E126/><V134/><F111/><W45/><G129/><N who="1" m="49162" /><E135/><N who="2" m="51755" /><F4/><W90/><G5/><T107/><D107/><U65/><E76/><V42/><F79/><W0/><G0/><T23/><D113/><U33/><E33/><V21/><F92/><W28/><G14/><T73/><D73/><U71/><E20/><V61/><F61/><W35/><G83/><T98/><D98/><U133/><E133/><V32/><F21/><W87/><G63/><T81/><D81/><U125/><E125/><V10/><F10/><W54/><G90/><T50/><REACH who="0" step="1"/><D34/><REACH who="0" ten="151,406,205,228" step="2"/><U27/><E115/><V8/><F8/><AGARI ba="0,1" hai="3,6,8,9,15,16,17,23,25,36,39,41,46,50" machi="8" ten="30,7700,0" yaku="1,1,2,1,7,1,54,1,53,0" doraHai="30" doraHaiUra="122" who="0" fromWho="2" sc="151,87,406,0,205,-77,228,0" owari="238,4.0,406,50.0,128,-37.0,228,-17.0" /></mjloggm>