<mjloggm ver="2.3"><GO type="41"/><UN n0="%EF%BC%88%E2%89%A7%E2%96%BD%E2%89%A6%EF%BC%89" n1="%E3%82%8B%E3%83%BC%E3%81%8F%EF%BC%A0" n2="%E3%80%93%E6%A1%9C%E4%B8%BC%E7%AB%A0%E4%B8%80%E3%80%93" n3="%E7%97%B4%E5%A5%B3%E3%81%AE%E5%AE%85%E6%80%A5%E4%BE%BF" dan="14,14,14,13" rate="2081,1931,2003,1845" sx="M,M,M,M"/><TAIKYOKU oya="0"/><INIT seed="0,0,0,5,1,72" ten="250,250,250,250" oya="0" hai0="99,40,27,28,11,24,12,91,22,76,13,60,36" hai1="35,92,120,110,64,20,8,82,46,0,45,42,116" hai2="9,34,39,70,53,87,18,111,103,94,79,113,6" hai3="61,129,15,5,134,37,118,19,115,106,7,17,49"/><T114/><D114/><U51/><E116/><V102/><F34/><W85/><G118/><T3/><D3/><U119/><E119/><V14/><F70/><W23/><G115/><T130/><D130/><U43/><E35/><V69/><F69/><W32/><G129/><T109/><D109/><U125/><E120/><V62/><F39/><W31/><G37/><T101/><D91/><U84/><E125/><V133/><F113/><W55/><G106/><T67/><D27/><U44/><E110/><V124/><F111/><W16/><G61/><T52/><D76/><U105/><E105/><V73/><F73/><W78/><G134/><T1/><D1/><U48/><E64/><V63/><F133/><W30/><G32/><T107/><D52/><U89/><E0/><V71/><F71/><W90/><G90/><T88/><D88/><U77/><E8/><V2/><F124/><W41/><G41/><T10/><D40/><U95/><E20/><V126/><F126/><W123/><G123/><T56/><REACH who="0" step="1"/><D36/><REACH who="0" step="2"/><U83/><REACH who="1" step="1"/><E44/><REACH who="1" step="2"/><V97/><F2/><W21/><G55/><T86/><D86/><AGARI ba="0,2" hai="42,43,45,46,48,51,77,82,83,84,86,89,92,95" machi="86" ten="30,12000,2" yaku="1,1,2,1,7,1,9,1,8,1,52,1,53,0" doraHai="72" doraHaiUra="104" who="1" fromWho="0" sc="240,-120,240,140,250,0,250,0" /><INIT seed="1,0,0,4,5,18" ten="120,380,250,250" oya="1" hai0="80,76,75,70,81,112,98,117,54,123,6,133,115" hai1="74,129,22,95,101,135,26,51,132,57,89,134,119" hai2="86,78,97,34,19,25,48,45,61,96,35,64,102" hai3="125,124,127,27,12,24,2,65,37,128,20,66,30"/><U46/><E119/><V82/><F96/><W0/><G37/><T13/><D70/><U90/><E74/><V93/><F19/><N who="3" m="10343" /><G128/><T44/><D117/><U130/><E57/><V68/><REACH who="2" step="1"/><F25/><REACH who="2" step="2"/><W88/><G27/><T116/><D98/><N who="1" m="59615" /><E129/><V84/><F84/><W47/><G24/><T39/><D116/><U58/><E130/><V113/><F113/><W99/><G30/><T8/><D115/><U43/><E58/><V10/><F10/><W71/><G47/><T63/><D112/><U131/><E131/><V40/><AGARI ba="0,1" hai="34,35,40,45,48,61,64,68,78,82,86,93,97,102" machi="40" ten="20,2700,0" yaku="1,1,0,1,7,1,53,0" doraHai="18" doraHaiUra="49" who="2" fromWho="2" sc="120,-7,380,-13,240,37,250,-7" /><INIT seed="2,0,0,5,2,87" ten="113,367,277,243" oya="2" hai0="13,90,97,127,91,17,125,9,132,37,102,75,130" hai1="0,2,49,59,21,116,12,18,93,23,94,42,72" hai2="29,126,119,20,135,123,66,111,88,1,103,73,85" hai3="36,10,50,60,15,82,100,105,43,113,131,39,107"/><V53/><F1/><W133/><G113/><T61/><D37/><U44/><E72/><V40/><F73/><W77/><G133/><T98/><D75/><U57/><E116/><V99/><F119/><W54/><G131/><T86/><D132/><U22/><E0/><V4/><F135/><W8/><G60/><T76/><D130/><U118/><E2/><V78/><F123/><W56/><G43/><T108/><D108/><U69/><E69/><V124/><F4/><W79/><G79/><T52/><D76/><U48/><E118/><V28/><F78/><W106/><G100/><T121/><D121/><U16/><E21/><V33/><F33/><W122/><G122/><T96/><D102/><U51/><E57/><V41/><F66/><W70/><G70/><T134/><D134/><U110/><E110/><V74/><F74/><W114/><G114/><T80/><REACH who="0" step="1"/><D91/><REACH who="0" step="2"/><U83/><E42/><V67/><F111/><W19/><G77/><T34/><D34/><U71/><E44/><V27/><F41/><W55/><G36/><T11/><D11/><U47/><E47/><V92/><F40/><W62/><G39/><T104/><D104/><U128/><E128/><V32/><F32/><W31/><G8/><T65/><D65/><U6/><E71/><V101/><F67/><W45/><G10/><T26/><D26/><U25/><E59/><AGARI ba="0,1" hai="9,13,17,52,59,61,80,86,90,96,97,98,125,127" machi="59" ten="40,5200,0" yaku="1,1,52,1,54,1,53,0" doraHai="87" doraHaiUra="112" who="0" fromWho="1" sc="103,62,367,-52,277,0,243,0" /><INIT seed="3,0,0,0,4,49" ten="165,315,277,243" oya="3" hai0="123,96,61,8,43,83,116,82,54,68,30,122,94" hai1="21,0,41,103,24,80,5,2,135,95,40,50,100" hai2="98,20,39,124,76,23,81,88,34,63,107,78,99" hai3="47,12,60,65,32,90,66,112,6,120,36,53,45"/><W18/><G32/><T28/><D116/><U85/><E135/><V42/><F34/><W56/><G120/><T74/><D43/><U106/><E106/><V1/><F1/><W33/><G33/><T113/><D113/><U69/><E69/><V97/><F124/><W31/><G112/><T84/><D74/><U79/><E0/><V11/><F11/><W132/><G132/><T22/><D8/><U4/><E2/><V71/><F107/><W38/><G31/><T29/><D22/><U92/><E4/><V72/><F76/><W14/><G6/><T134/><D134/><U129/><E5/><V119/><F119/><W75/><G75/><T118/><D118/><U46/><E41/><V109/><F109/><W105/><G105/><T93/><D68/><U115/><E129/><V35/><F35/><W111/><G111/><T131/><D131/><U19/><E115/><V77/><F77/><W108/><G108/><T62/><D28/><U133/><E133/><V26/><F42/><W37/><G90/><T15/><D84/><U17/><E19/><V3/><F39/><W7/><G7/><T86/><D86/><U57/><E57/><V110/><F3/><W73/><G73/><T126/><D126/><U89/><E95/><N who="2" m="56551" /><F110/><W87/><G87/><AGARI ba="0,0" hai="17,21,24,40,46,50,79,80,85,87,89,92,100,103" machi="87" ten="30,2000,0" yaku="7,1,8,1" doraHai="49" who="1" fromWho="3" sc="165,0,315,20,277,0,243,-20" /><INIT seed="4,0,0,5,3,56" ten="165,335,277,223" oya="0" hai0="6,33,129,36,34,97,79,135,39,58,106,42,122" hai1="81,21,72,102,128,99,0,127,73,49,1,82,31" hai2="24,16,48,124,117,29,120,27,2,60,116,71,85" hai3="28,111,134,14,115,45,65,100,132,12,57,55,62"/><T20/><D122/><U40/><E128/><V35/><F120/><W3/><G111/><T54/><D129/><U66/><E127/><V94/><F2/><W5/><G28/><T18/><D135/><N who="3" m="51753" /><G100/><T133/><D133/><U15/><E0/><V7/><F7/><W110/><G110/><T77/><D6/><U67/><E1/><V88/><F124/><W121/><G115/><T104/><D42/><U19/><E31/><V51/><F71/><W76/><G76/><T86/><D58/><U38/><E38/><V8/><F60/><W95/><G95/><T114/><D54/><U89/><E73/><V91/><F91/><W63/><G121/><T112/><D20/><U96/><E72/><V105/><F105/><W75/><G45/><T11/><D11/><U9/><E21/><N who="2" m="13351" /><F8/><N who="3" m="2111" /><G75/><T80/><D18/><U30/><E30/><V25/><F25/><W44/><G44/><T118/><D80/><U107/><E82/><V123/><F123/><W68/><AGARI ba="0,0" hai="12,14,55,57,62,63,65,68" m="2111,51753" machi="68" ten="30,4000,0" yaku="20,1,52,2" doraHai="56" who="3" fromWho="3" sc="165,-20,335,-10,277,-10,223,40" /><INIT seed="5,0,0,5,1,106" ten="145,325,267,263" oya="1" hai0="113,20,108,53,61,135,48,95,60,131,63,8,19" hai1="15,37,62,96,12,105,104,64,75,117,14,101,32" hai2="92,100,80,128,23,3,10,90,30,132,39,58,72" hai3="18,82,36,68,34,116,129,45,76,41,122,33,35"/><U16/><E75/><V9/><F39/><W124/><G122/><T93/><D108/><U56/><E117/><V110/><F110/><W22/><G116/><T125/><D135/><U118/><E118/><V52/><F100/><W17/><G68/><T4/><D131/><U74/><E74/><V69/><F69/><W121/><G129/><T44/><D125/><U6/><E37/><V47/><F128/><W134/><G124/><T28/><D28/><U29/><E6/><V109/><F47/><W83/><G121/><T7/><D113/><U11/><REACH who="1" step="1"/><E104/><REACH who="1" step="2"/><V115/><F109/><W103/><G134/><T13/><REACH who="0" step="1"/><D4/><REACH who="0" step="2"/><U27/><AGARI ba="0,2" hai="11,12,14,15,16,27,29,32,56,62,64,96,101,105" machi="27" ten="30,11700,0" yaku="1,1,2,1,0,1,54,1,53,0" doraHai="106" doraHaiUra="43" who="1" fromWho="1" sc="135,-39,315,137,267,-39,263,-39" /><INIT seed="5,1,0,3,0,26" ten="96,452,228,224" oya="1" hai0="5,62,21,116,94,46,9,59,134,31,0,20,129" hai1="8,72,97,135,1,121,75,89,47,102,128,36,32" hai2="113,54,115,107,28,81,87,132,24,7,88,124,90" hai3="131,95,56,50,100,70,133,14,22,77,65,44,51"/><U19/><E121/><V3/><F107/><W74/><G133/><T52/><D116/><U85/><E135/><V42/><F132/><W35/><G35/><T130/><D134/><U40/><E128/><V91/><F42/><W125/><G131/><T117/><D117/><U12/><E1/><V106/><F106/><W99/><G70/><T84/><D21/><U83/><REACH who="1" step="1"/><E32/><REACH who="1" step="2"/><V63/><F3/><W71/><G125/><T33/><D33/><U25/><E25/><V76/><F124/><W39/><G71/><T101/><D130/><U49/><E49/><V61/><F7/><W78/><G50/><T79/><D129/><U16/><E16/><V34/><REACH who="2" step="1"/><F54/><REACH who="2" step="2"/><W118/><G118/><T57/><D52/><U96/><E96/><V38/><F38/><W119/><G99/><T108/><D5/><U29/><E29/><V41/><F41/><W110/><G39/><T111/><D0/><U127/><E127/><V60/><AGARI ba="1,2" hai="24,28,34,60,61,63,76,81,87,88,90,91,113,115" machi="60" ten="40,8000,1" yaku="1,1,0,1,52,1,54,1,53,0" doraHai="26" doraHaiUra="10" who="2" fromWho="2" sc="96,-21,442,-41,218,103,224,-21" /><INIT seed="6,0,0,0,4,7" ten="75,401,321,203" oya="2" hai0="33,117,127,10,53,108,105,109,45,15,25,58,129" hai1="102,35,135,119,34,61,44,17,98,90,19,18,77" hai2="48,84,43,32,71,42,121,101,63,57,96,81,30" hai3="93,116,74,59,0,69,72,6,9,124,47,5,78"/><V67/><F121/><W97/><G116/><T73/><D73/><U133/><E119/><V89/><F48/><W21/><G69/><T131/><D105/><U92/><E77/><V68/><F68/><W31/><G124/><T86/><D117/><U26/><E44/><V3/><F3/><W50/><G59/><T2/><D45/><U75/><E75/><V106/><REACH who="2" step="1"/><F57/><REACH who="2" step="2"/><W29/><G0/><T76/><D2/><U23/><E61/><V107/><F107/><W8/><G47/><T11/><D127/><U46/><E46/><V20/><F20/><W88/><G50/><N who="0" m="31031" /><D108/><U55/><E34/><V66/><F66/><W103/><G21/><T13/><D109/><U125/><E35/><V123/><F123/><W12/><G74/><T94/><D33/><U79/><E125/><V113/><F113/><W83/><G72/><T128/><D25/><AGARI ba="0,1" hai="25,30,32,42,43,63,67,71,81,84,89,96,101,106" machi="25" ten="40,7700,0" yaku="1,1,25,2,53,0" doraHai="7" doraHaiUra="4" who="2" fromWho="0" sc="75,-77,401,0,311,87,203,0" owari="-2,-50,401,50,398,20,203,-20" /></mjloggm>