<mjloggm ver="2.3"><GO type="169"/><UN n0="%E6%A3%92%E8%A7%92" n1="%E5%8F%A4%E6%B8%85%E6%B0%B4%E5%87%9B" n2="%EF%BC%88%E2%89%A7%E2%96%BD%E2%89%A6%EF%BC%89" n3="%6A%6F%65%5F%31%39%37%34" dan="16,17,17,16" rate="2064,2168,2145,2030" sx="M,F,M,M"/><TAIKYOKU oya="0"/><INIT seed="0,0,0,4,5,127" ten="250,250,250,250" oya="0" hai0="70,128,80,16,112,84,36,20,117,71,79,8,38" hai1="129,39,107,24,82,3,33,32,27,18,65,114,135" hai2="102,52,119,26,10,23,123,121,1,122,12,49,6" hai3="34,37,105,125,2,101,61,78,133,56,41,77,132"/><T69/><D112/><U75/><E107/><V28/><F102/><W35/><G2/><T40/><D117/><U58/><E39/><V108/><F108/><W98/><G125/><T115/><D115/><U42/><E3/><V19/><F119/><W0/><G0/><T97/><D8/><U57/><E42/><V87/><F87/><W103/><G103/><T14/><D97/><U72/><E114/><V104/><F104/><W113/><G113/><T67/><D67/><U54/><E65/><V90/><F90/><W134/><G41/><T7/><D7/><U126/><E18/><V95/><F95/><W116/><G37/><T99/><D99/><U66/><E82/><V96/><F96/><W51/><G51/><T73/><D73/><U9/><E66/><V93/><F93/><W17/><G17/><T64/><D64/><U47/><E9/><V46/><REACH who="2" step="1"/><F122/><REACH who="2" ten="250,250,240,250" step="2"/><W130/><G116/><T89/><D89/><U11/><E126/><V92/><F92/><W48/><G78/><T131/><REACH who="0" step="1"/><D38/><REACH who="0" ten="240,250,240,250" step="2"/><U22/><E75/><V76/><F76/><W86/><G77/><T91/><D91/><U50/><E72/><V21/><AGARI ba="0,2" hai="1,6,10,12,19,21,23,26,28,46,49,52,121,123" machi="21" ten="20,5200,0" yaku="1,1,0,1,7,1,54,1,53,0" doraHai="127" doraHaiUra="111" who="2" fromWho="2" sc="240,-26,250,-13,240,72,250,-13" /><INIT seed="1,0,0,1,5,128" ten="214,237,312,237" oya="1" hai0="0,38,108,67,37,121,127,126,99,68,119,130,79" hai1="43,117,89,101,58,60,30,10,124,76,35,34,26" hai2="133,45,20,71,120,14,66,70,29,7,23,3,55" hai3="69,36,21,104,4,109,84,39,134,123,125,82,93"/><U88/><E124/><V61/><F120/><W73/><G69/><T110/><D79/><U9/><E117/><V49/><F3/><W16/><G123/><T42/><D99/><U17/><E35/><V57/><F133/><W114/><G114/><T129/><D0/><U111/><E43/><V32/><F32/><W12/><G104/><T48/><D48/><U13/><E10/><V59/><F71/><W75/><G125/><N who="0" m="47627" /><D121/><U18/><E18/><V72/><F72/><W116/><G134/><T19/><D19/><U83/><E101/><V2/><F2/><W15/><G93/><T40/><D40/><U1/><E1/><V96/><F96/><W85/><G85/><T100/><D100/><U74/><REACH who="1" step="1"/><E111/><REACH who="1" ten="214,227,312,237" step="2"/><N who="0" m="42537" /><D119/><U5/><E5/><V22/><F29/><W97/><G4/><T103/><D103/><U81/><E81/><V102/><F102/><W86/><G82/><T11/><D11/><U46/><E46/><V6/><F6/><W77/><G16/><T105/><D105/><U56/><E56/><V118/><F118/><W92/><G116/><T95/><D95/><U53/><AGARI ba="0,1" hai="9,13,17,26,30,34,53,58,60,74,76,83,88,89" machi="53" ten="20,12000,1" yaku="1,1,0,1,7,1,54,1,53,1" doraHai="128" doraHaiUra="28" who="1" fromWho="1" sc="214,-40,227,130,312,-40,237,-40" /><INIT seed="1,1,0,1,4,87" ten="174,357,272,197" oya="1" hai0="133,77,44,91,20,99,108,50,68,33,74,85,127" hai1="51,103,38,113,78,73,13,30,124,96,26,76,134" hai2="17,4,29,94,106,19,130,95,115,15,92,93,107" hai3="66,81,9,126,43,100,98,48,21,79,35,1,59"/><U12/><E38/><V37/><F130/><W89/><G35/><T102/><D33/><U34/><E124/><V122/><F122/><W112/><G112/><T120/><D68/><U18/><E134/><V111/><F115/><W80/><G126/><T129/><D127/><U82/><E78/><V70/><F111/><W86/><G1/><T84/><D108/><U75/><E75/><V132/><F132/><W24/><G9/><T22/><D85/><U46/><E18/><V121/><F121/><W135/><G135/><T47/><D47/><U28/><E28/><V90/><F37/><W64/><G43/><T32/><D32/><U36/><E36/><V52/><F70/><W125/><G48/><T101/><D101/><U131/><E131/><V14/><F29/><W31/><G59/><T0/><D0/><U11/><E11/><N who="2" m="4455" /><F106/><W60/><G60/><T54/><D120/><U56/><E56/><V104/><F104/><W83/><G83/><N who="0" m="45495" /><D129/><U88/><E113/><V118/><F107/><W114/><G114/><T61/><D61/><U71/><E71/><V3/><F3/><W116/><G125/><T63/><D63/><U7/><E7/><V5/><F118/><W23/><G116/><T119/><D119/><U41/><E103/><V49/><F5/><W42/><G42/><T8/><D8/><U45/><REACH who="1" step="1"/><E46/><REACH who="1" ten="174,347,272,197" step="2"/><N who="2" m="27703" /><F15/><W65/><G100/><T62/><D133/><U67/><E67/><V72/><F72/><W27/><G66/><T6/><D6/><U58/><E58/><V117/><F117/><W55/><G65/><T2/><D2/><U39/><E39/><RYUUKYOKU ba="1,1" sc="174,-15,347,15,272,15,197,-15" hai1="12,13,26,30,34,41,45,51,73,76,82,88,96" hai2="17,19,90,92,93,94,95" /><INIT seed="1,2,1,0,3,14" ten="159,362,287,182" oya="1" hai0="49,59,66,95,52,40,8,18,120,47,77,71,23" hai1="79,135,125,87,50,134,26,27,94,63,25,96,36" hai2="15,38,2,3,101,86,122,10,21,13,65,130,128" hai3="43,69,48,115,73,90,6,97,78,131,35,89,119"/><U11/><E36/><V4/><F38/><W0/><G35/><T22/><D120/><U92/><E125/><V82/><F101/><W72/><G69/><T64/><D77/><U91/><E50/><V57/><F122/><W32/><G32/><T127/><D127/><U124/><E124/><V53/><F65/><W126/><G48/><T45/><D71/><U114/><E114/><V74/><F74/><W106/><G43/><T39/><D95/><U105/><E105/><V118/><F118/><W88/><G6/><T80/><D80/><U99/><E63/><V29/><F29/><W93/><G0/><T56/><D8/><U16/><E79/><N who="2" m="46431" /><F21/><W111/><G126/><T103/><D23/><U30/><E30/><V132/><F13/><W121/><G121/><T68/><D103/><U55/><E55/><V123/><F132/><N who="1" m="50729" /><E92/><V51/><F123/><W81/><G115/><T58/><REACH who="0" step="1"/><D68/><REACH who="0" ten="149,362,287,182" step="2"/><U102/><E102/><V44/><F128/><W109/><G131/><T85/><D85/><U20/><E11/><V67/><F130/><W117/><G106/><T133/><D133/><U104/><E104/><V28/><F28/><W76/><G76/><T83/><D83/><U41/><E41/><N who="2" m="24975" /><F67/><W62/><G73/><T61/><D61/><AGARI ba="2,2" hai="2,3,4,10,15,53,57,61" m="24975,46431" machi="61" ten="30,1000,0" yaku="25,1" doraHai="14" who="2" fromWho="0" sc="149,-16,362,0,287,36,182,0" /><INIT seed="2,0,0,2,2,91" ten="133,362,323,182" oya="2" hai0="75,132,82,51,69,47,23,53,77,71,41,43,19" hai1="84,93,15,120,17,72,40,34,58,113,126,50,127" hai2="37,105,25,59,16,115,111,44,2,101,134,70,18" hai3="0,98,97,110,129,119,78,125,55,39,9,133,28"/><V130/><F70/><W103/><G39/><T100/><D132/><U6/><E34/><V27/><F2/><W46/><G119/><T29/><D29/><U88/><E72/><V86/><F115/><W112/><G112/><T32/><D32/><U89/><E113/><V45/><F134/><W12/><G0/><T31/><D31/><U74/><E74/><V26/><F130/><W94/><G133/><T81/><D81/><U60/><E6/><V109/><F59/><W10/><G78/><T62/><D100/><U118/><E118/><V102/><F86/><W13/><G129/><T95/><D95/><U3/><E3/><V5/><F5/><W79/><G79/><T49/><D49/><U68/><E50/><V1/><F1/><W85/><G28/><T131/><D131/><U56/><E93/><V30/><F30/><W33/><G33/><T87/><D75/><U114/><E89/><V123/><F123/><W8/><G125/><T57/><D43/><U90/><E120/><V22/><F37/><W52/><G110/><N who="2" m="41993" /><F105/><W104/><G85/><T11/><D11/><U42/><E84/><V54/><F54/><W99/><G104/><T36/><D36/><U117/><E114/><V107/><F107/><W67/><G67/><T21/><D21/><U7/><E7/><V121/><F121/><W116/><G116/><T63/><D63/><U106/><E117/><V92/><F92/><W96/><G46/><N who="2" m="18025" /><F22/><W83/><G83/><T76/><D76/><U108/><E108/><V48/><F48/><W20/><G20/><T124/><D124/><U135/><E126/><RYUUKYOKU ba="0,0" sc="133,10,362,-30,323,10,182,10" hai0="19,23,41,47,51,53,57,62,69,71,77,82,87" hai2="16,18,25,26,27,101,102" hai3="8,9,10,12,13,52,55,94,96,97,98,99,103" /><INIT seed="2,1,0,2,5,51" ten="143,332,333,192" oya="2" hai0="56,119,82,4,44,23,30,68,85,130,61,59,80" hai1="37,103,81,40,49,29,47,126,41,100,88,15,24" hai2="22,25,118,28,1,75,77,45,5,108,54,122,39" hai3="121,2,104,11,52,18,34,84,129,16,50,60,13"/><V93/><F122/><W99/><G34/><T58/><D119/><U65/><E126/><V70/><F70/><W27/><G121/><T8/><D130/><U106/><E106/><V114/><F114/><W131/><G2/><T78/><D68/><U31/><E31/><V112/><F112/><W127/><G127/><T110/><D110/><U48/><E65/><V123/><F123/><W92/><G84/><T17/><D30/><U6/><E37/><V135/><F118/><W120/><G60/><T97/><D97/><U62/><E62/><V79/><F135/><W3/><G3/><T69/><D82/><U115/><E6/><V133/><F133/><W102/><G120/><T125/><D44/><U101/><E15/><V124/><F124/><W42/><G42/><T86/><D86/><N who="1" m="50255" /><E115/><V98/><F108/><W89/><G27/><T7/><D69/><U10/><E10/><V33/><F75/><W14/><G104/><T132/><D132/><U111/><E111/><V57/><F33/><W63/><G63/><T83/><D83/><U117/><E117/><V53/><F1/><W109/><G109/><T55/><D125/><U71/><E71/><V128/><F128/><N who="3" m="49227" /><G102/><T9/><D9/><U94/><E103/><N who="2" m="60879" /><F5/><N who="0" m="2122" /><D8/><U20/><E101/><V64/><F39/><W72/><G72/><T36/><D36/><U19/><E100/><V91/><F91/><W35/><G35/><T38/><D38/><U26/><E94/><V87/><F87/><W105/><G105/><T73/><D73/><U95/><E95/><V107/><F107/><W96/><G11/><T46/><D85/><RYUUKYOKU ba="1,0" sc="143,0,332,0,333,0,192,0" /><INIT seed="3,2,0,2,1,98" ten="143,332,333,192" oya="3" hai0="65,109,40,22,116,44,95,122,45,11,68,78,28" hai1="127,14,133,105,96,1,61,102,67,47,106,71,128" hai2="31,59,58,87,103,7,129,132,131,90,46,92,24" hai3="113,117,82,43,100,124,110,13,6,39,79,66,21"/><W72/><G117/><T5/><D116/><U12/><E1/><V54/><F132/><W80/><G113/><T101/><D122/><U19/><E106/><V84/><F7/><W64/><G124/><T8/><D109/><U119/><E119/><V104/><F84/><W33/><G33/><T120/><D120/><U36/><E133/><V118/><F118/><W99/><G82/><T135/><D135/><U29/><E29/><V60/><F46/><W115/><G115/><T126/><D78/><U94/><E128/><N who="2" m="49227" /><F59/><W83/><G83/><T20/><D45/><U70/><E105/><V93/><F104/><W35/><G35/><T108/><D44/><U4/><E4/><V97/><F24/><W56/><G56/><T85/><D5/><U50/><E127/><V57/><F57/><W134/><G6/><T26/><D108/><U25/><E36/><V18/><F18/><W107/><G134/><T73/><D26/><U74/><E74/><V16/><F16/><N who="3" m="10383" /><G110/><T37/><D73/><U121/><E70/><V89/><F31/><W130/><G130/><T88/><D28/><U69/><E69/><V125/><F125/><W30/><G30/><T49/><D37/><U62/><E121/><V41/><F41/><W81/><G81/><T63/><D126/><U51/><E71/><V91/><AGARI ba="2,0" hai="54,58,60,87,89,90,91,92,93,97,103" m="49227" machi="91" ten="30,2000,0" yaku="19,1,52,1" doraHai="98" who="2" fromWho="2" sc="143,-7,332,-7,333,26,192,-12" /><INIT seed="4,0,0,5,1,96" ten="136,325,359,180" oya="0" hai0="122,124,126,103,66,79,110,78,94,21,13,18,99" hai1="57,87,76,6,83,100,64,28,129,41,115,111,55" hai2="135,112,11,37,52,108,59,10,46,130,61,34,40" hai3="24,106,53,29,128,20,86,62,97,114,70,42,27"/><T74/><D122/><U85/><E111/><V73/><F108/><W133/><G128/><T132/><D110/><U88/><E129/><V90/><F130/><W80/><G42/><T0/><D0/><U31/><E41/><V65/><F73/><W95/><G106/><T9/><D132/><U104/><E64/><V32/><F135/><W25/><G133/><T58/><D74/><U107/><E6/><V45/><F112/><W119/><G119/><T98/><D9/><U77/><E77/><V19/><F90/><W89/><G114/><T120/><D120/><U36/><E36/><V3/><F10/><W54/><G70/><T69/><D69/><U56/><E107/><V33/><F3/><W84/><G84/><T38/><D38/><U49/><E57/><V47/><REACH who="2" step="1"/><F65/><REACH who="2" ten="136,325,349,180" step="2"/><W75/><G75/><T12/><D79/><U113/><E88/><V60/><F60/><W51/><G62/><N who="0" m="38231" /><D78/><U4/><E76/><V68/><F68/><W121/><G121/><T22/><D126/><U44/><E113/><V92/><F92/><W50/><G50/><T82/><D82/><U39/><E83/><V116/><F116/><W81/><G81/><T17/><D124/><U8/><E8/><V1/><F1/><W91/><REACH who="3" step="1"/><G54/><REACH who="3" ten="136,325,349,170" step="2"/><T43/><D43/><U101/><E55/><V127/><F127/><W131/><G131/><T48/><D48/><U30/><E49/><V2/><F2/><W14/><G14/><AGARI ba="0,2" hai="11,14,19,32,33,34,37,40,45,46,47,52,59,61" machi="14" ten="40,2600,0" yaku="1,1,54,1,53,0" doraHai="96" doraHaiUra="125" who="2" fromWho="3" sc="136,0,325,0,349,46,170,-26" /><INIT seed="5,0,0,2,3,121" ten="136,325,395,144" oya="1" hai0="97,52,84,125,70,78,131,34,2,115,81,33,101" hai1="28,129,41,18,100,74,57,124,82,112,54,109,35" hai2="73,92,95,111,56,103,63,86,61,133,110,22,113" hai3="134,126,1,49,123,94,44,5,40,39,135,23,120"/><U72/><E112/><V10/><F73/><W76/><G76/><T102/><D2/><U93/><E35/><V59/><F113/><W11/><G126/><T62/><D115/><U13/><E28/><V69/><F69/><W71/><G71/><T75/><D125/><U38/><E124/><V114/><F114/><W8/><G94/><T16/><D131/><U30/><E30/><V25/><F133/><N who="3" m="50699" /><G49/><T117/><D117/><U15/><E129/><V55/><F10/><N who="3" m="2351" /><G23/><T42/><D42/><U96/><E41/><V20/><F103/><W104/><G104/><T85/><D102/><U43/><E38/><V29/><F20/><W37/><G37/><T24/><D34/><U118/><E82/><V31/><F31/><W90/><G90/><T119/><D119/><U116/><E43/><V67/><F86/><W6/><G11/><T122/><D33/><U27/><E74/><V108/><AGARI ba="0,0" hai="22,25,29,55,56,59,61,63,67,92,95,108,110,111" machi="108" ten="30,7900,0" yaku="0,1,52,3" doraHai="121" who="2" fromWho="2" sc="136,-20,325,-39,395,79,144,-20" /><INIT seed="6,0,0,0,2,76" ten="116,286,474,124" oya="2" hai0="34,28,133,103,2,127,65,122,13,126,81,3,128" hai1="125,35,16,99,46,38,94,87,90,120,64,27,124" hai2="89,69,110,73,75,119,93,7,118,47,15,85,37" hai3="53,102,6,104,68,117,5,62,29,61,96,43,77"/><V25/><F69/><W54/><G117/><T10/><D103/><U48/><E38/><V82/><F47/><W70/><G43/><T55/><D55/><U63/><E120/><V78/><F15/><W32/><G77/><T36/><D65/><U20/><E35/><V106/><F106/><W26/><G62/><T121/><D36/><U18/><E18/><V12/><F12/><W51/><G54/><T92/><D92/><U72/><E72/><V23/><F7/><W100/><G100/><T71/><D81/><U101/><E48/><V83/><F78/><W39/><G39/><T58/><D58/><U60/><E46/><V97/><F75/><W22/><G22/><T11/><D71/><U17/><E17/><V86/><F23/><W45/><REACH who="3" step="1"/><G70/><REACH who="3" ten="116,286,474,114" step="2"/><T30/><D34/><U112/><E63/><V107/><F118/><W1/><G1/><T14/><D133/><U66/><E60/><V0/><F119/><W8/><G8/><T129/><AGARI ba="0,1" hai="2,3,10,11,13,14,28,30,121,122,126,127,128,129" machi="129" ten="25,12000,2" yaku="0,1,22,2,34,3" doraHai="76" who="0" fromWho="0" sc="116,130,286,-30,474,-60,114,-30" /><INIT seed="7,0,0,5,0,96" ten="246,256,414,84" oya="3" hai0="48,131,56,61,54,65,58,20,10,5,62,39,76" hai1="53,134,107,22,121,81,89,83,38,82,66,71,93" hai2="103,105,7,35,119,72,16,11,86,88,99,64,97" hai3="95,28,13,87,108,94,8,60,43,80,70,55,6"/><W36/><G108/><T18/><D131/><U120/><E38/><V0/><F119/><W75/><G28/><T21/><D39/><U100/><E134/><V90/><F72/><W111/><G111/><T110/><D110/><U85/><E71/><V37/><F37/><W130/><G75/><T129/><D129/><U2/><E2/><V26/><F64/><W49/><G130/><T102/><D76/><U44/><E66/><V41/><F41/><W117/><G117/><T115/><D115/><U112/><E112/><V68/><F68/><W132/><G132/><T32/><D32/><U50/><E22/><V101/><F86/><W31/><G31/><T52/><D102/><U14/><E14/><V19/><F35/><W4/><G4/><T30/><D30/><U59/><E59/><V9/><F26/><W51/><G36/><T133/><D133/><U29/><E29/><V127/><F127/><W34/><G34/><T124/><D124/><U33/><E33/><V114/><F114/><W1/><G1/><T12/><D5/><U57/><E44/><AGARI ba="0,0" hai="10,12,18,20,21,44,48,52,54,56,58,61,62,65" machi="44" ten="30,3900,0" yaku="7,1,8,1,54,1" doraHai="96" who="0" fromWho="1" sc="246,39,256,-39,414,0,84,0" owari="285,9.0,217,-18.0,414,51.0,84,-42.0" /></mjloggm>