<mjloggm ver="2.3"><GO type="169" lobby="0"/><UN n0="%EF%BC%88%E2%89%A7%E2%96%BD%E2%89%A6%EF%BC%89" n1="%4D%61%52%63%48" n2="%4B%E3%80%82" n3="%E3%81%BE%E3%82%86%E3%81%BE%E3%82%86%37%37" dan="17,16,17,16" rate="2139.68,2106.28,2200.24,2099.02" sx="M,M,M,F"/><TAIKYOKU oya="0"/><INIT seed="0,0,0,3,4,124" ten="250,250,250,250" oya="0" hai0="2,15,63,71,131,7,94,10,20,119,0,14,17" hai1="16,95,41,24,129,35,108,19,78,4,125,42,26" hai2="127,25,76,70,111,86,121,81,18,27,8,105,96" hai3="106,102,122,134,133,82,68,36,56,101,34,52,110"/><T44/><D119/><U33/><E95/><V43/><F121/><W55/><G34/><T48/><D131/><U100/><E100/><V9/><F70/><W54/><G68/><T85/><D71/><U50/><E78/><V75/><F127/><W1/><G1/><T104/><D104/><U38/><E50/><V92/><F111/><W90/><G110/><T30/><D63/><U113/><E108/><V103/><F43/><W77/><G122/><T135/><D135/><U79/><E79/><V98/><F98/><W93/><G36/><T97/><D30/><U132/><E4/><V61/><F61/><W120/><G56/><T91/><REACH who="0" step="1"/><D97/><REACH who="0" ten="240,250,250,250" step="2"/><U66/><E125/><V80/><F105/><W115/><G106/><T118/><D118/><U130/><E132/><V74/><F96/><W89/><G120/><T87/><D87/><U114/><E66/><V46/><F86/><W88/><G115/><T12/><D12/><U123/><E123/><V84/><F84/><W69/><G69/><T112/><D112/><U39/><AGARI ba="0,1" hai="16,19,24,26,33,35,38,39,41,42,113,114,129,130" machi="39" ten="25,12000,2" yaku="0,1,22,2,52,2,54,1" doraHai="124" who="1" fromWho="1" sc="240,-60,250,130,250,-30,250,-30" /><INIT seed="1,0,0,3,1,71" ten="180,380,220,220" oya="1" hai0="38,44,22,65,76,114,123,108,3,125,95,109,134" hai1="41,77,33,112,59,60,51,57,133,127,13,30,39" hai2="97,121,99,62,0,81,129,96,126,78,56,70,72" hai3="11,84,46,67,24,83,20,105,73,26,15,69,64"/><U107/><E107/><V21/><F121/><W88/><G105/><T2/><D114/><U34/><E77/><V113/><F113/><W89/><G73/><T92/><D123/><U86/><E86/><V79/><F70/><W75/><G75/><T111/><D134/><U49/><E13/><V61/><F0/><N who="0" m="42" /><D125/><U32/><E30/><V131/><F126/><W47/><G69/><T115/><D115/><U54/><E127/><V36/><F79/><W27/><G20/><T106/><D106/><U7/><E133/><V120/><F120/><W17/><G89/><T132/><D132/><U116/><E7/><V119/><F119/><W135/><G135/><T101/><D101/><U94/><E116/><V104/><F104/><W110/><G110/><T40/><D65/><AGARI ba="0,0" hai="11,15,17,24,26,27,46,47,64,65,67,83,84,88" machi="65" ten="40,2600,0" yaku="8,1,54,1" doraHai="71" who="3" fromWho="0" sc="180,-26,380,0,220,0,220,26" /><INIT seed="2,0,0,3,4,111" ten="154,380,220,246" oya="2" hai0="123,113,68,40,35,33,108,120,84,125,121,23,67" hai1="76,92,14,46,85,105,28,117,29,135,25,86,10" hai2="45,7,1,62,50,129,20,56,116,83,9,54,103" hai3="15,65,66,16,89,34,101,133,38,109,134,36,44"/><V124/><F116/><W78/><G34/><T5/><D125/><U0/><E105/><V73/><F124/><W19/><G109/><T69/><D108/><U77/><E0/><V131/><F103/><W114/><G101/><T102/><D102/><U104/><E104/><V22/><F73/><W3/><G3/><T47/><D5/><U48/><E135/><N who="3" m="51722" /><G114/><T91/><D113/><U41/><E117/><V11/><F83/><W79/><G89/><T132/><D132/><U106/><E106/><V97/><F97/><W59/><G44/><T8/><D8/><U118/><E118/><V21/><REACH who="2" step="1"/><F11/><REACH who="2" ten="154,380,210,246" step="2"/><W98/><G98/><T107/><D120/><U95/><E10/><V30/><F30/><W96/><G96/><T13/><D121/><U39/><E29/><V112/><F112/><W100/><G100/><T52/><D123/><U81/><E28/><V43/><AGARI ba="0,1" hai="1,7,9,20,21,22,43,45,50,54,56,62,129,131" machi="43" ten="30,6000,0" yaku="1,1,0,1,53,1" doraHai="111" doraHaiUra="53" who="2" fromWho="2" sc="154,-20,380,-20,210,70,246,-20" /><INIT seed="2,1,0,2,3,20" ten="134,360,280,226" oya="2" hai0="74,93,122,119,53,123,112,31,48,76,4,84,38" hai1="87,63,92,56,118,13,49,79,39,107,120,89,110" hai2="41,103,26,42,1,83,51,125,104,97,82,23,2" hai3="113,55,66,10,6,109,129,96,36,3,50,29,44"/><V34/><F34/><W77/><G109/><T37/><D112/><U94/><E107/><V9/><F125/><W117/><G117/><T45/><D119/><U47/><E39/><V40/><F51/><W130/><G113/><T115/><D115/><U52/><E118/><V95/><F104/><W62/><G36/><T86/><D74/><U100/><E110/><V64/><F64/><W106/><G77/><T28/><D4/><U12/><E120/><V46/><F46/><W131/><G29/><T65/><D65/><U11/><E79/><V81/><REACH who="2" step="1"/><F9/><REACH who="2" ten="134,360,270,226" step="2"/><W80/><G106/><T30/><D48/><U35/><E35/><V14/><F14/><W43/><G66/><T61/><D45/><U59/><E11/><V124/><F124/><W91/><G62/><T127/><D127/><U69/><E69/><V99/><F99/><W134/><G96/><T57/><D122/><U128/><E128/><V5/><F5/><W132/><G43/><T116/><D123/><U15/><E63/><V19/><AGARI ba="1,1" hai="1,2,19,23,26,40,41,42,81,82,83,95,97,103" machi="19" ten="30,6000,0" yaku="1,1,0,1,52,1,53,0" doraHai="20" doraHaiUra="27" who="2" fromWho="2" sc="134,-21,360,-21,270,73,226,-21" /><INIT seed="2,2,0,4,2,64" ten="113,339,343,205" oya="2" hai0="17,98,35,5,104,61,8,116,47,114,134,6,130" hai1="84,90,123,78,25,91,24,86,119,129,10,60,30" hai2="1,41,97,11,135,75,16,120,89,19,108,101,102" hai3="3,76,9,45,93,111,124,12,81,113,74,65,48"/><V20/><F120/><W50/><G111/><T0/><D114/><U26/><E119/><V18/><F75/><W105/><G105/><T122/><D116/><U21/><E129/><V100/><F135/><W125/><G3/><T92/><D122/><U70/><E123/><V33/><F108/><W68/><G113/><T53/><D134/><U58/><E10/><V31/><F41/><W39/><G39/><T85/><D130/><U95/><E78/><V22/><F33/><W110/><G110/><T82/><D35/><U103/><E103/><V34/><F34/><W37/><G37/><T38/><D104/><U69/><E25/><N who="2" m="16823" /><F1/><W27/><G27/><T72/><D72/><U109/><E24/><N who="2" m="14367" /><F11/><W32/><G50/><N who="0" m="28895" /><D0/><U42/><E42/><V28/><F28/><W87/><G32/><T79/><D38/><U13/><E13/><V62/><F62/><W121/><G121/><T106/><D61/><U51/><E51/><V115/><F115/><W131/><G131/><T67/><D106/><U23/><E23/><V132/><F132/><W63/><G74/><T96/><D5/><U7/><E7/><V117/><F117/><W52/><REACH who="3" step="1"/><G93/><AGARI ba="2,0" hai="16,18,89,93,97,100,101,102" m="14367,16823" machi="93" ten="30,2900,0" yaku="8,1,54,1" doraHai="64" who="2" fromWho="3" sc="113,0,339,0,343,35,205,-35" /><INIT seed="2,3,0,4,4,131" ten="113,339,378,170" oya="2" hai0="0,14,3,30,88,16,37,95,109,26,123,119,40" hai1="71,121,55,8,87,20,60,105,124,70,115,42,85" hai2="61,78,93,50,1,33,67,81,110,130,128,27,76" hai3="102,79,72,75,103,94,96,2,91,7,21,6,5"/><V39/><F39/><W126/><G2/><T45/><D123/><U35/><E105/><V53/><F1/><W117/><G117/><T58/><D109/><U48/><E35/><V82/><F110/><W114/><G126/><T113/><D113/><U17/><E8/><V11/><F11/><W104/><G114/><T92/><D92/><U44/><E124/><V15/><F15/><W68/><G68/><T120/><D120/><U34/><E34/><V89/><F33/><W135/><G135/><T116/><D58/><U46/><E121/><V49/><F27/><W47/><G47/><T59/><D59/><U97/><E115/><V54/><F67/><W74/><G103/><T12/><D12/><U108/><E97/><V31/><F61/><W98/><REACH who="3" step="1"/><G21/><REACH who="3" ten="113,339,378,160" step="2"/><T43/><D116/><U77/><E71/><V52/><F130/><W122/><G122/><T62/><D119/><U63/><E70/><V106/><F128/><W18/><G18/><T127/><D127/><U36/><E108/><V80/><F31/><W73/><G73/><T23/><D3/><U90/><E20/><V129/><F129/><W19/><G19/><T65/><D0/><U24/><E17/><V132/><F132/><W64/><G64/><T4/><D45/><U13/><E46/><V38/><F78/><AGARI ba="3,1" hai="5,6,7,72,74,75,78,79,91,94,96,98,102,104" machi="78" ten="50,1600,0" yaku="1,1,53,0" doraHai="131" doraHaiUra="32" who="3" fromWho="2" sc="113,0,339,0,378,-25,160,35" /><INIT seed="3,0,0,1,1,10" ten="113,339,353,195" oya="3" hai0="79,14,106,126,55,16,74,101,86,120,85,26,96" hai1="3,100,122,32,91,72,53,8,97,67,35,30,117" hai2="11,40,19,98,2,124,4,48,62,65,121,60,12" hai3="118,41,46,25,20,29,94,102,76,56,50,6,73"/><W44/><G118/><T33/><D120/><U87/><E72/><V9/><F121/><W123/><G123/><T105/><D105/><U43/><E122/><V128/><F128/><W110/><G110/><T77/><D126/><U93/><E43/><V34/><F34/><W1/><G1/><T134/><D134/><U92/><E117/><V112/><F124/><W68/><G68/><T66/><D66/><U78/><E67/><V129/><F129/><W107/><G107/><T5/><D5/><U45/><E78/><V95/><F112/><W90/><G102/><T0/><D0/><U21/><E45/><V75/><F75/><W24/><G6/><T135/><D135/><U52/><E21/><V114/><F114/><W88/><G56/><T63/><D74/><U58/><E30/><V116/><F116/><W133/><G133/><T54/><D33/><U81/><E81/><V89/><F65/><W22/><G73/><T64/><D77/><U132/><E132/><V15/><F2/><W38/><G94/><T47/><D79/><U111/><E111/><V37/><F37/><W31/><G76/><T130/><D130/><U83/><E83/><V104/><F104/><W99/><G99/><T108/><D108/><U36/><E36/><V84/><F98/><W131/><G131/><T69/><D47/><AGARI ba="0,0" hai="4,9,11,12,15,19,40,47,48,60,62,84,89,95" machi="47" ten="40,5200,0" yaku="8,1,52,2" doraHai="10" who="2" fromWho="0" sc="113,-52,339,0,353,52,195,0" /><INIT seed="4,0,0,2,1,51" ten="61,339,405,195" oya="0" hai0="118,124,52,35,79,18,84,97,32,78,13,47,25" hai1="135,61,117,17,77,94,36,128,64,30,82,108,55" hai2="38,132,39,133,63,10,83,2,115,74,134,81,67" hai3="99,60,92,122,113,6,98,4,112,14,130,59,29"/><T106/><D118/><U109/><E36/><N who="2" m="13867" /><F74/><W96/><G130/><T86/><D124/><U31/><E117/><V46/><F46/><W56/><G92/><T120/><D120/><U37/><E37/><V85/><F115/><N who="3" m="44107" /><G122/><T95/><D106/><U119/><E119/><V126/><F126/><W40/><G40/><T121/><D121/><U28/><E135/><V131/><F131/><W72/><G72/><T105/><D105/><U100/><E128/><V80/><F10/><W23/><G59/><T123/><D123/><U104/><E104/><V116/><F2/><W103/><G103/><N who="0" m="60863" /><D32/><U88/><E17/><V1/><F1/><W89/><G89/><T129/><D129/><U54/><E100/><V68/><F116/><W69/><G69/><T5/><D35/><U41/><E41/><V22/><F22/><W114/><N who="3" m="44115" /><W7/><DORA hai="66" /><G29/><T65/><D5/><U127/><E127/><V90/><AGARI ba="0,0" hai="63,67,68,80,81,83,85,90,132,133,134" m="13867" machi="90" ten="40,2700,0" yaku="20,1,52,1" doraHai="51,66" who="2" fromWho="2" sc="61,-13,339,-7,405,27,195,-7" /><INIT seed="5,0,0,5,3,45" ten="48,332,432,188" oya="1" hai0="8,38,81,97,98,85,16,56,27,111,134,102,122" hai1="57,6,89,94,44,36,90,79,113,5,53,58,43" hai2="117,55,131,115,12,109,76,71,101,124,30,86,11" hai3="62,116,31,104,10,28,75,123,73,125,33,34,83"/><U17/><E113/><V51/><F109/><W52/><G123/><T72/><D111/><U22/><E79/><V112/><F117/><W15/><G104/><T128/><D122/><U26/><E58/><V24/><F71/><W119/><G125/><T23/><D134/><U54/><E54/><V106/><F124/><W2/><G2/><T92/><D128/><U96/><REACH who="1" step="1"/><E90/><REACH who="1" ten="48,322,432,188" step="2"/><V77/><F115/><W7/><G52/><T25/><D72/><U120/><E120/><V126/><F112/><W108/><G75/><T93/><D56/><U65/><E65/><V35/><F131/><W59/><G59/><T69/><D69/><U130/><E130/><V3/><F126/><W18/><G73/><T74/><D74/><U68/><E68/><V103/><F77/><W64/><G64/><T87/><D38/><U88/><E88/><V118/><F76/><W99/><G108/><T42/><D42/><U132/><E132/><V63/><F118/><W107/><G119/><T32/><D81/><U41/><E41/><V0/><F55/><W19/><G83/><T127/><D127/><U13/><E13/><V61/><F12/><W82/><G15/><T49/><D49/><AGARI ba="0,1" hai="5,6,17,22,26,36,43,44,49,53,57,89,94,96" machi="49" ten="30,11600,0" yaku="1,1,7,1,52,1,53,1" doraHai="45" doraHaiUra="91" who="1" fromWho="0" sc="48,-116,322,126,432,0,188,0" owari="-68,-57.0,448,55.0,432,23.0,188,-21.0" /></mjloggm>