<mjloggm ver="2.3"><GO type="169" lobby="0"/><UN n0="%E3%83%9F%E3%83%A9%E3%82%AF%E3%83%AB%E3%81%8A%E3%81%98%E3%81%95%E3%82%93" n1="%E3%81%B3%E3%82%8A%E3%81%B3%E3%82%8A%E2%98%86%E3%83%93%E3%83%AA%E3%83%BC" n2="%E3%81%93%E3%81%BE%E3%81%A3%E3%81%95%E3%82%93" n3="%EF%BC%88%E2%89%A7%E2%96%BD%E2%89%A6%EF%BC%89" dan="17,18,16,17" rate="2177.57,2234.68,2091.92,2133.81" sx="M,M,M,M"/><TAIKYOKU oya="0"/><INIT seed="0,0,0,4,3,10" ten="250,250,250,250" oya="0" hai0="82,53,59,45,110,13,5,21,26,75,71,115,12" hai1="119,34,69,43,39,70,98,35,97,25,112,30,37" hai2="87,33,83,132,127,7,104,1,23,113,123,65,15" hai3="63,134,68,8,90,16,3,44,19,78,92,0,95"/><T54/><D115/><U48/><E119/><V41/><F113/><W79/><G134/><T11/><D71/><U66/><E112/><V124/><F104/><W100/><G100/><T47/><D110/><U27/><E48/><V89/><F33/><W4/><G0/><T122/><D122/><U64/><REACH who="1" step="1"/><E43/><REACH who="1" ten="250,240,250,250" step="2"/><V129/><F41/><W74/><G44/><T50/><D45/><U88/><E88/><V80/><F123/><W86/><G78/><T91/><D91/><U135/><E135/><V108/><F132/><W29/><G79/><T125/><D125/><U76/><E76/><V102/><F89/><W131/><G90/><T133/><D133/><U18/><E18/><V109/><F127/><W126/><G16/><N who="0" m="12583" /><D75/><U107/><E107/><V117/><F124/><W56/><G74/><T55/><D82/><N who="2" m="31274" /><F117/><W77/><G126/><T58/><D13/><U67/><E67/><V28/><F65/><W24/><G3/><T22/><D22/><U31/><AGARI ba="0,1" hai="25,27,30,31,34,35,37,39,64,66,69,70,97,98" machi="31" ten="25,12000,2" yaku="1,1,0,1,22,2,53,2" doraHai="10" doraHaiUra="94" who="1" fromWho="1" sc="250,-60,240,130,250,-30,250,-30" /><INIT seed="1,0,0,5,0,135" ten="190,370,220,220" oya="1" hai0="32,79,14,38,78,11,21,65,64,72,27,80,47" hai1="107,33,51,96,117,69,126,49,55,6,130,44,40" hai2="121,1,25,103,50,71,114,76,19,34,60,31,108" hai3="113,70,42,82,22,123,18,127,125,132,110,95,115"/><U26/><E117/><V52/><F121/><W9/><G123/><T89/><D32/><U74/><E74/><V29/><F1/><W122/><G122/><T91/><D79/><U87/><E69/><V118/><F118/><W12/><G132/><T15/><D14/><U86/><E130/><V124/><F114/><W17/><G70/><T98/><D38/><U20/><E33/><V62/><F71/><W88/><G42/><T63/><D47/><U13/><E107/><V37/><F37/><W93/><G82/><T133/><D133/><U83/><E96/><V94/><F76/><W100/><G100/><T16/><D98/><U35/><E35/><V116/><F31/><W43/><G43/><T2/><D2/><U112/><E112/><V57/><F116/><W84/><G95/><T81/><D81/><U4/><E13/><V28/><F28/><W129/><G110/><T36/><D36/><U85/><E83/><V105/><F108/><W106/><G106/><T90/><REACH who="0" step="1"/><D63/><REACH who="0" ten="180,370,220,220" step="2"/><U99/><E44/><N who="2" m="27719" /><F62/><W45/><G45/><T97/><D97/><U10/><E99/><V77/><F60/><W48/><G129/><T23/><D23/><U66/><E20/><V61/><F61/><W54/><G113/><T3/><D3/><U30/><E51/><V39/><F39/><W101/><G115/><T67/><D67/><U24/><E49/><V102/><F34/><W109/><G109/><T134/><D134/><U5/><E66/><V104/><F77/><W131/><G131/><T68/><D68/><U59/><E40/><V111/><F105/><W46/><G101/><RYUUKYOKU ba="0,1" sc="180,15,370,-15,220,-15,220,15" hai0="11,15,16,21,27,64,65,72,78,80,89,90,91" hai3="9,12,17,18,22,46,48,54,84,88,93,125,127" /><INIT seed="2,1,1,2,1,21" ten="195,355,205,235" oya="2" hai0="0,106,55,134,85,80,5,31,29,120,97,133,52" hai1="11,61,83,119,59,126,79,41,22,118,129,96,63" hai2="38,121,102,46,87,68,123,69,1,73,47,56,60" hai3="91,13,65,42,112,116,132,32,122,82,93,26,128"/><V15/><F73/><W90/><G122/><T37/><D120/><N who="2" m="46154" /><F1/><W70/><G116/><T7/><D37/><U36/><E11/><V53/><F15/><W76/><G42/><T2/><D106/><U108/><E83/><V6/><F87/><W92/><G92/><T54/><D97/><U28/><E96/><V110/><F6/><N who="0" m="2058" /><D85/><U75/><E75/><V20/><F20/><W124/><G65/><T44/><D80/><U66/><E22/><V18/><F18/><W101/><G101/><T99/><D99/><U30/><E30/><N who="0" m="11273" /><D44/><N who="2" m="16938" /><F102/><W107/><G107/><T95/><D95/><U9/><E118/><V58/><F38/><W12/><G93/><T109/><D109/><U84/><E108/><V88/><F88/><W39/><G90/><T24/><D24/><U8/><E36/><V51/><F110/><W117/><G91/><T3/><AGARI ba="1,1" hai="0,2,3,52,54,55,133,134" m="11273,2058" machi="3" ten="40,5200,0" yaku="28,2,54,1" doraHai="21" who="0" fromWho="0" sc="195,65,355,-14,205,-27,235,-14" /><INIT seed="3,0,0,1,5,49" ten="260,341,178,221" oya="3" hai0="25,58,61,12,0,18,14,67,21,113,96,121,75" hai1="119,106,124,101,51,7,95,104,65,48,35,71,125" hai2="9,30,31,120,20,8,69,77,36,89,6,37,81" hai3="1,40,111,10,24,57,3,116,19,129,98,109,62"/><W131/><G40/><T43/><D121/><U97/><E35/><V130/><F69/><W103/><G116/><T78/><D0/><U63/><E119/><V73/><F120/><W47/><G47/><T85/><D75/><U76/><E76/><V83/><F8/><W92/><G24/><T123/><D123/><U102/><E7/><V56/><F130/><N who="3" m="49675" /><G19/><T90/><D113/><U135/><E135/><V17/><F37/><W79/><G79/><T64/><D43/><U70/><E70/><V128/><F36/><W91/><G103/><T118/><D118/><U93/><E102/><V94/><F83/><W11/><G1/><T46/><D46/><U45/><E106/><V16/><F128/><W13/><G13/><T74/><D12/><U53/><REACH who="1" step="1"/><E51/><REACH who="1" ten="260,331,178,221" step="2"/><V72/><F73/><W108/><G3/><T50/><D74/><U5/><E5/><V80/><F72/><W60/><G60/><T68/><D61/><U100/><E100/><V133/><F77/><W127/><G127/><AGARI ba="0,1" hai="45,48,53,63,65,71,93,95,97,101,104,124,125,127" machi="127" ten="40,5200,0" yaku="1,1,18,1,52,1,53,0" doraHai="49" doraHaiUra="4" who="1" fromWho="3" sc="260,0,331,62,178,0,221,-52" /><INIT seed="4,0,0,2,0,70" ten="260,393,178,169" oya="0" hai0="133,34,83,127,55,42,40,132,95,115,109,129,121" hai1="130,43,20,28,12,84,96,38,2,76,90,97,78" hai2="68,56,25,33,9,36,87,112,8,60,135,27,102" hai3="77,48,108,6,125,19,113,92,101,30,79,58,50"/><T82/><D121/><U116/><E2/><V57/><F68/><W118/><G118/><T17/><D34/><U80/><E116/><V131/><F102/><W107/><G107/><T98/><D115/><U4/><E130/><V110/><F110/><W54/><G108/><T5/><D109/><U31/><E38/><V120/><F120/><W93/><G113/><T46/><D129/><U22/><E43/><N who="0" m="16425" /><D5/><U72/><E4/><V64/><F131/><W74/><G125/><T0/><D0/><U104/><E104/><V75/><F112/><W37/><G37/><T117/><D117/><U13/><E72/><V15/><F75/><W41/><G6/><T134/><D127/><U67/><E67/><V124/><F124/><W128/><G128/><T29/><D29/><N who="1" m="11339" /><E78/><N who="3" m="29706" /><G30/><T65/><D65/><U106/><E106/><V51/><F64/><W66/><G66/><T73/><D73/><U91/><E76/><V114/><F114/><W81/><G74/><T94/><D17/><N who="1" m="10279" /><E91/><V23/><F36/><W71/><G71/><T1/><D1/><U63/><E63/><V85/><F60/><N who="3" m="35927" /><G19/><AGARI ba="0,0" hai="13,19,22,80,84,90,96,97" m="10279,11339" machi="19" ten="30,1000,0" yaku="8,1" doraHai="70" who="1" fromWho="3" sc="260,0,393,10,178,0,169,-10" /><INIT seed="5,0,0,2,0,128" ten="260,403,178,159" oya="1" hai0="90,82,12,67,54,43,91,126,14,51,129,125,32" hai1="65,48,63,11,111,2,124,114,95,106,123,87,29" hai2="80,35,79,122,17,9,119,96,3,0,70,75,6" hai3="107,60,109,23,37,89,112,116,132,92,94,33,117"/><U52/><E123/><V131/><F122/><W100/><G109/><T49/><D32/><U98/><E106/><V57/><F70/><W55/><G33/><T40/><D67/><U42/><E111/><V21/><F35/><W133/><G37/><T72/><D129/><U39/><E29/><V62/><F131/><W61/><G112/><T93/><D72/><U104/><E104/><V15/><F96/><N who="3" m="61831" /><G23/><T83/><D93/><N who="3" m="35945" /><G89/><T97/><REACH who="0" step="1"/><D54/><REACH who="0" ten="250,403,178,159" step="2"/><U1/><E52/><V56/><F119/><N who="3" m="45643" /><G55/><T120/><D120/><U102/><E65/><V81/><F81/><W64/><G61/><T86/><D86/><U5/><E87/><V77/><F80/><W4/><G4/><T41/><D41/><U28/><E42/><V31/><F75/><W113/><G113/><T53/><D53/><U135/><E114/><V22/><F62/><W66/><G66/><T58/><D58/><AGARI ba="0,1" hai="58,60,64,132,133" m="45643,35945,61831" machi="58" ten="30,3900,0" yaku="12,1,52,2" doraHai="128" who="3" fromWho="0" sc="250,-39,403,0,178,0,159,49" /><INIT seed="6,0,0,2,4,54" ten="211,403,178,208" oya="2" hai0="120,98,47,25,22,31,58,29,80,83,16,45,106" hai1="89,63,51,84,26,43,34,67,65,27,8,104,32" hai2="108,68,76,48,93,19,135,111,127,57,92,117,1" hai3="124,69,91,87,10,114,116,40,95,41,81,60,15"/><V0/><F68/><W23/><G116/><T73/><D120/><U88/><E104/><V85/><F117/><W18/><G124/><T103/><D58/><U38/><E38/><V20/><F127/><W39/><G114/><T37/><D47/><U78/><E8/><V74/><F74/><W121/><G121/><T86/><D73/><U75/><E75/><V107/><F107/><W132/><G132/><T35/><D83/><U118/><E118/><V131/><F76/><N who="3" m="46503" /><G39/><T110/><D110/><N who="2" m="42026" /><F135/><W105/><G105/><T21/><D35/><U119/><E78/><V94/><F85/><N who="3" m="52719" /><G60/><T100/><D103/><U126/><E84/><V11/><F131/><W13/><G69/><T77/><REACH who="0" step="1"/><D22/><REACH who="0" ten="201,403,178,208" step="2"/><U72/><E119/><V125/><F125/><W66/><G66/><T17/><D17/><AGARI ba="0,1" hai="10,13,15,17,18,23,40,41" m="52719,46503" machi="17" ten="30,1000,0" yaku="8,1" doraHai="54" who="3" fromWho="0" sc="201,-10,403,0,178,0,208,20" /><INIT seed="7,0,0,4,2,23" ten="191,403,178,228" oya="3" hai0="3,116,40,15,82,121,89,62,25,50,43,35,22" hai1="111,103,75,127,126,0,48,81,21,87,6,28,114" hai2="101,67,34,8,57,31,54,129,16,132,36,7,64" hai3="93,99,53,9,37,122,119,71,133,61,108,46,123"/><W63/><G119/><T39/><D116/><U45/><E111/><V98/><F36/><W117/><G117/><T32/><D3/><U92/><E75/><V1/><F132/><W125/><G133/><T10/><D39/><U12/><E0/><V109/><F109/><W47/><G125/><N who="1" m="47626" /><E114/><V29/><F129/><W112/><G112/><T49/><D121/><U80/><E6/><V100/><F100/><W102/><G71/><T38/><D38/><U104/><E104/><V128/><F128/><W77/><G77/><T55/><D32/><U118/><E118/><V4/><F4/><W52/><G108/><T58/><D35/><U131/><E131/><V96/><F96/><W72/><G72/><T83/><D49/><U113/><E113/><V79/><F79/><W18/><G37/><T20/><D20/><U94/><E103/><V30/><F34/><W2/><G2/><T78/><D89/><U42/><E81/><N who="0" m="30729" /><D78/><N who="1" m="46487" /><E12/><V90/><F90/><W51/><G123/><T70/><D70/><U106/><E106/><V5/><F5/><W130/><G130/><T110/><D110/><U115/><E115/><V135/><F135/><W73/><G122/><T84/><D84/><U91/><E91/><V65/><F16/><W88/><G73/><T26/><D22/><U44/><E44/><V41/><F41/><N who="0" m="15946" /><D62/><U68/><E68/><V66/><N who="2" m="16896" /><DORA hai="86" /><V19/><F19/><AGARI ba="0,0" hai="10,15,19,25,26,50,55,58" m="15946,30729" machi="19" ten="30,3900,0" yaku="8,1,52,2" doraHai="23,86" who="0" fromWho="2" sc="191,39,403,0,178,-39,228,0" owari="230,3.0,403,50.0,139,-36.0,228,-17.0" /></mjloggm>