<mjloggm ver="2.3"><GO type="169"/><UN n0="%E3%81%B5%E3%81%83%E3%81%82" n1="%EF%BC%88%E2%89%A7%E2%96%BD%E2%89%A6%EF%BC%89" n2="%E2%98%85%E3%81%AA%E3%82%8A%E3%81%BD%E3%81%9F%E2%98%85" n3="%E3%82%86%E3%82%86" dan="16,18,16,16" rate="2057,2169,2099,2062" sx="M,M,F,M"/><TAIKYOKU oya="0"/><INIT seed="0,0,0,2,2,62" ten="250,250,250,250" oya="0" hai0="133,21,66,17,46,40,12,108,115,5,101,129,3" hai1="38,56,106,65,14,132,94,49,135,15,19,13,87" hai2="31,70,30,59,57,45,44,11,131,122,48,76,16" hai3="123,37,98,23,73,102,88,111,68,91,7,29,119"/><T84/><D115/><U128/><E38/><V80/><F70/><W92/><G119/><T42/><D133/><N who="1" m="51275" /><E106/><V100/><F122/><W77/><G37/><T95/><D129/><U71/><E128/><V10/><F100/><W33/><G33/><T86/><D108/><U60/><E87/><V78/><F131/><W35/><G35/><T4/><D3/><U112/><E94/><V127/><F48/><W110/><G7/><N who="0" m="2635" /><D66/><U1/><E1/><V97/><F97/><W75/><G68/><T130/><D130/><U9/><E112/><V96/><F96/><W43/><G43/><N who="0" m="16427" /><D46/><U104/><E104/><V79/><F79/><W20/><G123/><T61/><D61/><N who="1" m="40367" /><E49/><V107/><F107/><W51/><G51/><T41/><D41/><U26/><E26/><V93/><F93/><W74/><G77/><T63/><D101/><U124/><E124/><V34/><F34/><W53/><G102/><T85/><D95/><U134/><N who="1" m="51283" /><U24/><DORA hai="25" /><E24/><V28/><F28/><W118/><G29/><T2/><D2/><U121/><E121/><V114/><F114/><W58/><G92/><T69/><D86/><U72/><E72/><V39/><F39/><W99/><G99/><T0/><D0/><U83/><E83/><V64/><F80/><W109/><G98/><T18/><D85/><U117/><E117/><V125/><F64/><AGARI ba="0,0" hai="9,13,14,15,19,56,60,64" m="40367,51283" machi="64" ten="40,5200,0" yaku="20,1,52,2" doraHai="62,25" who="1" fromWho="2" sc="250,0,250,52,250,-52,250,0" /><INIT seed="1,0,0,0,0,66" ten="250,302,198,250" oya="1" hai0="9,106,40,52,102,110,76,109,83,111,120,133,28" hai1="104,53,24,124,61,96,16,119,38,113,51,11,45" hai2="36,58,35,73,78,93,55,121,8,23,32,88,31" hai3="98,115,77,82,131,54,100,46,1,17,101,44,2"/><U47/><E119/><V74/><F121/><W6/><G115/><T59/><D120/><U48/><E113/><V80/><F36/><W57/><G17/><T72/><D133/><U18/><E124/><V122/><F122/><W79/><G131/><T67/><D67/><U112/><E112/><V37/><F37/><W108/><G108/><T84/><D40/><U94/><E104/><V26/><F8/><W129/><G129/><T134/><D134/><U19/><E38/><V50/><REACH who="2" step="1"/><F73/><REACH who="2" ten="250,302,188,250" step="2"/><W135/><G135/><T0/><D72/><U42/><E11/><V125/><F125/><W75/><G75/><T15/><D9/><U105/><E105/><V29/><F29/><W107/><G107/><T10/><D28/><U127/><E127/><V34/><F34/><W27/><G2/><T30/><D30/><U128/><E128/><V60/><F60/><W85/><G1/><T132/><D132/><U95/><E61/><V12/><F12/><W130/><G130/><T7/><D0/><U4/><E4/><V25/><F25/><W91/><G27/><T123/><D123/><U116/><E116/><V118/><F118/><W41/><G6/><T21/><D106/><U49/><E24/><V43/><F43/><W70/><G41/><T87/><D7/><U39/><REACH who="1" step="1"/><E94/><REACH who="1" ten="250,292,188,250" step="2"/><V68/><F68/><W64/><G70/><T90/><D111/><U126/><E126/><V81/><F81/><W114/><G114/><T99/><D110/><U5/><E5/><V71/><F71/><W69/><G69/><T65/><D109/><U103/><AGARI ba="0,2" hai="16,18,19,39,42,45,47,48,49,51,53,95,96,103" machi="103" ten="30,18000,2" yaku="1,1,0,1,54,1,53,3" doraHai="66" doraHaiUra="14" who="1" fromWho="1" sc="250,-60,292,200,188,-60,250,-60" /><INIT seed="1,1,0,0,1,90" ten="190,492,128,190" oya="1" hai0="111,46,21,103,26,85,54,0,87,115,53,16,119" hai1="108,25,32,131,124,12,41,5,104,27,132,135,18" hai2="79,36,68,77,93,52,30,63,50,31,42,99,113" hai3="23,95,96,102,134,123,15,38,65,97,130,51,88"/><U107/><E41/><V1/><F1/><W80/><G123/><T121/><D115/><U11/><E104/><V83/><F113/><W13/><G38/><T129/><D119/><U91/><E91/><V67/><F79/><W86/><G65/><T35/><D0/><N who="1" m="423" /><E107/><V59/><F36/><W29/><G134/><N who="1" m="51242" /><E131/><V56/><F42/><W6/><G130/><T71/><D129/><U39/><E39/><V106/><F106/><W94/><G51/><T72/><D72/><U61/><E61/><V133/><F68/><W112/><G112/><T47/><D71/><U24/><E124/><V20/><F20/><W84/><G6/><T75/><D75/><U66/><E66/><V126/><F126/><W81/><G81/><T34/><D121/><U14/><E108/><V82/><F133/><W9/><G9/><T92/><D111/><U2/><E2/><V109/><F109/><W100/><G84/><T58/><D87/><U70/><E70/><V76/><F76/><W37/><G37/><T45/><D54/><U57/><E57/><V64/><F67/><W127/><G127/><T10/><D85/><U122/><E122/><V78/><F78/><W128/><G128/><T3/><D103/><U40/><E40/><V117/><F77/><W73/><G73/><T105/><D105/><U101/><E101/><V62/><F64/><W125/><G125/><T43/><D43/><U69/><E69/><V114/><F114/><W98/><G98/><T8/><D3/><U74/><E74/><V49/><F99/><W19/><G15/><N who="1" m="5674" /><E32/><N who="0" m="12329" /><D92/><U89/><E89/><V7/><F93/><RYUUKYOKU ba="1,0" sc="190,10,492,10,128,-30,190,10" hai0="8,10,16,21,26,45,46,47,53,58" hai1="18,24,25,27" hai3="13,19,23,29,80,86,88,94,95,96,97,100,102" /><INIT seed="1,2,0,2,2,49" ten="200,502,98,200" oya="1" hai0="23,53,22,70,91,76,59,17,79,89,82,45,103" hai1="34,57,6,104,115,19,52,40,28,86,72,119,18" hai2="5,81,2,13,106,66,51,87,126,93,44,111,48" hai3="8,129,121,102,83,133,101,132,33,15,16,108,127"/><U73/><E104/><V94/><F106/><W80/><G121/><T54/><D70/><U112/><E119/><V58/><F2/><W56/><G33/><T84/><D103/><N who="3" m="39433" /><G129/><T42/><D79/><U92/><E73/><V68/><F68/><W130/><G130/><T135/><D135/><N who="3" m="51785" /><G127/><T10/><D10/><U90/><E90/><BYE who="1" /><N who="2" m="51567" /><F126/><W124/><G124/><T88/><D59/><U107/><E107/><V100/><F111/><UN n1="%EF%BC%88%E2%89%A7%E2%96%BD%E2%89%A6%EF%BC%89" /><W122/><G122/><T41/><D23/><U75/><E75/><V110/><F110/><W116/><G108/><T134/><D134/><U71/><E72/><V31/><F31/><W21/><G116/><T29/><D29/><U117/><E71/><V96/><F94/><W43/><G43/><N who="0" m="16395" /><D45/><U99/><E28/><V9/><F44/><W7/><G56/><T64/><D64/><U4/><E57/><V24/><F24/><AGARI ba="2,0" hai="7,8,15,16,21,24,80,83" m="51785,39433" machi="24" ten="30,2000,0" yaku="20,1,54,1" doraHai="49" who="3" fromWho="2" sc="200,0,502,0,98,-26,200,26" /><AGARI ba="2,0" hai="17,22,24,53,54,76,82,84,88,89,91" m="16395" machi="24" ten="30,7700,0" yaku="8,1,52,2,54,1" doraHai="49" who="0" fromWho="2" sc="200,77,502,0,72,-77,226,0" owari="277,8.0,502,60.0,-5,-51.0,226,-17.0" /></mjloggm>