<mjloggm ver="2.3"><GO type="169" lobby="0"/><UN n0="%EF%BC%88%E2%89%A7%E2%96%BD%E2%89%A6%EF%BC%89" n1="%E3%82%A4%E3%83%AC%E3%82%AE%E3%83%A5%E3%83%A9%E3%83%BC" n2="%E6%82%A0%E9%9B%85" n3="%E3%83%A4%E3%82%AD%E3%83%B3" dan="17,16,16,16" rate="2159.66,2018.40,2099.36,2132.46" sx="M,M,M,M"/><TAIKYOKU oya="0"/><INIT seed="0,0,0,5,0,22" ten="250,250,250,250" oya="0" hai0="13,65,24,48,26,134,132,12,77,14,7,49,127" hai1="11,33,4,42,35,130,102,61,111,20,23,10,125" hai2="94,1,110,80,9,91,3,74,84,116,114,123,34" hai3="83,40,121,27,118,6,119,98,87,86,29,15,92"/><T82/><D65/><U54/><E102/><V67/><F123/><W25/><G121/><T105/><D105/><U21/><E42/><V45/><F114/><W41/><G118/><T106/><D106/><U56/><E111/><V60/><F110/><W81/><G119/><T95/><D95/><U32/><E130/><V89/><F116/><W101/><G29/><T47/><D7/><U46/><E125/><V72/><F34/><W51/><G83/><T75/><D127/><U58/><E46/><V96/><F45/><N who="3" m="26023" /><G41/><N who="0" m="24687" /><D49/><U2/><E11/><V113/><F113/><W97/><G97/><T8/><D8/><U39/><E39/><V55/><F55/><W44/><G44/><T79/><D79/><U28/><REACH who="1" step="1"/><E58/><REACH who="1" ten="250,240,250,250" step="2"/><V17/><F9/><N who="3" m="4535" /><G86/><T64/><D64/><U19/><E19/><V88/><F17/><W129/><G129/><T71/><D71/><U107/><E107/><V73/><F74/><W93/><G93/><T59/><D59/><U66/><E66/><V100/><F72/><W37/><G37/><T112/><D112/><U16/><E16/><V31/><F73/><W85/><G85/><T115/><D115/><U128/><E128/><V104/><F104/><W117/><G117/><T18/><D18/><U52/><E52/><V70/><F84/><W43/><G43/><T78/><D78/><AGARI ba="0,1" hai="25,27,78,81,87,92,98,101" m="4535,26023" machi="78" ten="30,7700,0" yaku="25,1,8,1,52,2" doraHai="22" who="3" fromWho="0" sc="250,-77,240,0,250,0,250,87" /><INIT seed="1,0,0,5,1,57" ten="173,240,250,337" oya="1" hai0="27,104,117,89,73,84,25,67,66,63,120,54,93" hai1="79,37,18,126,80,64,124,15,94,99,85,82,6" hai2="103,40,46,8,107,113,96,86,34,51,29,28,71" hai3="98,109,100,87,108,132,114,44,13,110,74,31,81"/><U75/><E37/><V48/><F113/><W49/><G114/><T91/><D117/><U52/><E6/><V42/><F34/><W90/><G31/><T72/><D120/><U45/><E64/><V92/><F71/><W111/><N who="3" m="28160" /><DORA hai="33" /><W23/><G132/><T30/><D104/><U7/><E7/><V135/><F135/><W129/><G129/><T101/><D101/><U53/><E94/><V43/><F8/><W0/><G0/><T47/><D27/><U125/><E99/><V3/><F3/><W78/><G13/><T77/><D77/><U10/><REACH who="1" step="1"/><E45/><REACH who="1" ten="173,230,250,337" step="2"/><V22/><F46/><W130/><G130/><T41/><D67/><U12/><E12/><V26/><F107/><W38/><G38/><T102/><D66/><U16/><E16/><V24/><F29/><W1/><G98/><T39/><D102/><U119/><E119/><V65/><F65/><W123/><G44/><T60/><D54/><U112/><E112/><V32/><F96/><W105/><G105/><T88/><D30/><U121/><E121/><V62/><F103/><W58/><G123/><T4/><D4/><U97/><E97/><V70/><F28/><W116/><G116/><T5/><D5/><U21/><E21/><V115/><F22/><W106/><G23/><T9/><D9/><U55/><E55/><V118/><F115/><W76/><G100/><T11/><D11/><U122/><E122/><V69/><F118/><W50/><G106/><T36/><D36/><U59/><E59/><V56/><F56/><W127/><G58/><T134/><D39/><U131/><E131/><RYUUKYOKU ba="0,1" sc="173,-10,230,30,250,-10,337,-10" hai1="10,15,18,52,53,75,79,80,82,85,124,125,126" /><INIT seed="1,1,1,4,2,7" ten="163,260,240,327" oya="1" hai0="100,101,128,78,5,18,40,105,8,12,79,87,81" hai1="54,112,10,68,127,133,46,70,9,62,124,118,71" hai2="51,98,25,86,57,36,35,47,43,26,93,77,6" hai3="116,20,11,63,92,135,21,110,3,121,106,104,65"/><U42/><E112/><V88/><F35/><W50/><G121/><T130/><D40/><U34/><E34/><V111/><F111/><W73/><G73/><T94/><D78/><U108/><E118/><V23/><F6/><W96/><G110/><T113/><D113/><U19/><E108/><V129/><F129/><N who="0" m="49770" /><D105/><U55/><E133/><V66/><F26/><W61/><G92/><T1/><D94/><U90/><E90/><V17/><F36/><W74/><G74/><T4/><D4/><U49/><E19/><V95/><F77/><W58/><G58/><T44/><D44/><U89/><E89/><V103/><F57/><W59/><G59/><T16/><D18/><U75/><E75/><V52/><F66/><W41/><G65/><T107/><D107/><U76/><E76/><V56/><F56/><W53/><G41/><AGARI ba="1,1" hai="17,23,25,41,43,47,51,52,86,88,93,95,98,103" machi="41" ten="40,5200,0" yaku="8,1,54,2" doraHai="7" who="2" fromWho="3" sc="163,0,260,0,240,65,327,-55" /><INIT seed="2,0,0,2,4,55" ten="163,260,305,272" oya="2" hai0="66,37,91,46,108,31,71,21,100,85,135,22,26" hai1="61,74,105,78,116,18,82,76,128,130,3,35,124" hai2="24,40,120,5,48,10,13,111,33,59,129,58,65" hai3="15,109,125,79,63,114,62,16,47,11,75,27,88"/><V97/><F120/><W112/><G109/><T89/><D108/><U52/><E105/><V28/><F111/><W0/><G125/><T49/><D135/><U121/><E116/><V20/><F129/><N who="1" m="49769" /><E124/><V102/><F65/><W73/><G0/><T53/><D100/><U119/><E119/><V98/><F33/><W6/><G47/><T90/><D37/><U92/><E121/><V50/><F98/><W34/><G79/><T43/><D43/><U99/><E35/><V87/><F87/><W56/><G63/><T84/><D71/><U110/><E3/><V64/><F64/><W14/><G88/><T96/><D96/><U80/><E18/><V133/><F133/><W81/><G27/><T17/><REACH who="0" step="1"/><D66/><REACH who="0" ten="153,260,305,272" step="2"/><U104/><E110/><V41/><F41/><W93/><G112/><T94/><D94/><U12/><E104/><V106/><REACH who="2" step="1"/><F40/><REACH who="2" ten="153,260,295,272" step="2"/><W39/><G114/><T30/><D30/><U8/><E99/><V67/><F67/><W123/><G123/><T7/><D7/><U25/><E74/><V83/><F83/><W2/><G81/><T42/><D42/><U101/><E82/><V57/><AGARI ba="0,2" hai="5,10,13,20,24,28,48,50,57,58,59,97,102,106" machi="57" ten="30,18000,2" yaku="1,1,0,1,52,3,53,1" doraHai="55" doraHaiUra="4" who="2" fromWho="2" sc="153,-60,260,-60,295,200,272,-60" /><INIT seed="2,1,0,3,4,66" ten="93,200,495,212" oya="2" hai0="43,130,77,48,3,30,101,76,134,73,90,78,0" hai1="58,107,62,24,102,124,105,104,27,116,109,32,129" hai2="63,97,83,75,42,71,103,7,117,14,131,72,40" hai3="53,82,122,55,68,113,81,6,10,45,13,120,88"/><V89/><F117/><W54/><G113/><T33/><D134/><U84/><E116/><V50/><F131/><W65/><G45/><T79/><D130/><U8/><E129/><V128/><F128/><W49/><G49/><T93/><D101/><U31/><E109/><V135/><F135/><W99/><G99/><T111/><D111/><U11/><E124/><V80/><F80/><W21/><G21/><T70/><D70/><U4/><E102/><V132/><F132/><W25/><G25/><T36/><D36/><U125/><E125/><V37/><F37/><W95/><G95/><T86/><N who="0" m="19456" /><DORA hai="85" /><T60/><D60/><U52/><E4/><V20/><F71/><W92/><G92/><T5/><D73/><U26/><REACH who="1" step="1"/><E84/><REACH who="1" ten="93,190,495,212" step="2"/><V22/><F103/><W1/><G6/><T127/><D127/><U17/><E17/><V106/><F7/><W9/><G122/><T87/><D87/><U118/><E118/><V126/><F126/><W51/><G120/><T23/><D5/><U19/><E19/><V12/><F72/><W35/><G1/><T121/><D121/><U94/><E94/><V114/><F75/><W59/><G82/><T61/><D0/><U29/><E29/><V44/><F83/><W15/><G81/><T46/><D3/><U112/><E112/><V28/><F114/><W41/><G10/><AGARI ba="1,1" hai="8,10,11,24,26,27,31,32,52,58,62,104,105,107" machi="10" ten="40,2600,0" yaku="1,1,54,1,53,0" doraHai="66,85" doraHaiUra="18,16" who="1" fromWho="3" sc="93,0,190,39,495,0,212,-29" /><INIT seed="3,0,0,2,4,0" ten="93,229,495,183" oya="3" hai0="31,83,34,13,107,7,24,19,102,86,123,8,18" hai1="76,25,84,41,132,14,116,15,114,112,113,1,81" hai2="56,68,37,5,47,17,22,90,80,43,133,29,61" hai3="109,73,122,36,88,97,98,59,125,118,39,110,50"/><W91/><G73/><T45/><D123/><U94/><E132/><V127/><F133/><W62/><G122/><T3/><D107/><U44/><E116/><V74/><F68/><W108/><G118/><T119/><D119/><U23/><E1/><V100/><F100/><W32/><G32/><T54/><D102/><U48/><REACH who="1" step="1"/><E94/><REACH who="1" ten="93,219,495,183" step="2"/><V82/><F127/><W66/><G125/><T30/><D3/><U63/><E63/><V55/><F61/><W131/><G131/><T135/><D135/><U4/><E4/><V96/><F5/><W117/><G117/><T105/><D105/><U60/><E60/><V121/><F121/><W26/><G50/><T52/><D31/><AGARI ba="0,1" hai="14,15,23,25,31,41,44,48,76,81,84,112,113,114" machi="31" ten="40,2600,0" yaku="1,1,53,1" doraHai="0" doraHaiUra="77" who="1" fromWho="0" sc="93,-26,219,36,495,0,183,0" /><INIT seed="4,0,0,1,0,44" ten="67,255,495,183" oya="0" hai0="114,69,47,76,108,60,77,34,7,116,49,5,122" hai1="30,13,129,135,67,126,42,86,75,73,87,43,54" hai2="110,32,105,17,52,10,118,31,104,9,124,27,115" hai3="90,112,46,56,113,72,98,64,106,109,93,29,99"/><T36/><D122/><U134/><E129/><V89/><F110/><W95/><G109/><T103/><D108/><U3/><E3/><V22/><F124/><W101/><G29/><T79/><D116/><U74/><E126/><V6/><F115/><N who="3" m="44107" /><G46/><T15/><D114/><U132/><E67/><V14/><F118/><W4/><G4/><T91/><D34/><U35/><E13/><V128/><F128/><W68/><G68/><T21/><D36/><U66/><E66/><V55/><F10/><W71/><G71/><T48/><D103/><U28/><E54/><N who="2" m="20523" /><F89/><N who="3" m="55599" /><G64/><T25/><D69/><U83/><E35/><V133/><F133/><W81/><G56/><T92/><D60/><U117/><E117/><V51/><F51/><N who="0" m="19530" /><D15/><U59/><E134/><V97/><F97/><N who="3" m="57591" /><G72/><T45/><D45/><U111/><E74/><V26/><F32/><W125/><G125/><T2/><D47/><U0/><E75/><V102/><F14/><W12/><G12/><T11/><D2/><U85/><E73/><V130/><F130/><W82/><AGARI ba="0,0" hai="81,82,99,101,106" m="57591,55599,44107" machi="82" ten="30,4000,0" yaku="15,1,34,2" doraHai="44" who="3" fromWho="3" sc="67,-20,255,-10,495,-10,183,40" /><INIT seed="5,0,0,5,0,10" ten="47,245,485,223" oya="1" hai0="47,2,66,63,60,97,48,103,80,59,105,90,1" hai1="131,112,69,23,26,133,72,108,0,8,74,44,58" hai2="76,50,37,25,126,52,70,122,7,36,94,124,12" hai3="99,34,119,30,24,88,132,6,29,41,42,32,38"/><U45/><E69/><V107/><F122/><W28/><G132/><T127/><D127/><U91/><E133/><V16/><F107/><W98/><G119/><T68/><D80/><U46/><E112/><V135/><F70/><W54/><G6/><T9/><D90/><U78/><E131/><V40/><F135/><W83/><G54/><T43/><REACH who="0" step="1"/><D9/><REACH who="0" ten="37,245,485,223" step="2"/><U3/><E8/><V117/><F126/><W86/><G88/><T128/><D128/><U27/><E91/><V111/><F124/><W100/><G83/><T129/><D129/><U53/><E108/><V134/><F111/><W96/><G100/><T93/><D93/><U84/><E78/><V17/><F94/><W67/><G99/><T82/><D82/><U116/><E116/><V15/><F76/><W75/><G98/><T125/><D125/><U4/><E72/><V35/><F117/><W81/><G96/><T123/><D123/><U77/><E74/><V113/><F134/><W92/><G92/><T11/><D11/><U106/><E77/><V19/><F113/><W110/><G81/><T95/><D95/><U89/><E89/><V56/><F36/><W31/><G75/><T33/><D33/><U71/><E0/><V49/><F37/><W21/><G38/><T109/><D109/><U130/><E3/><V5/><F35/><W118/><G118/><T114/><D114/><U22/><E130/><V121/><F121/><W104/><G110/><T14/><D14/><U73/><E73/><V39/><F39/><W85/><G34/><T57/><D57/><U55/><E58/><V18/><F56/><RYUUKYOKU ba="0,1" sc="37,30,245,-10,485,-10,223,-10" hai0="1,2,43,47,48,59,60,63,66,68,97,103,105" /><INIT seed="6,1,1,1,5,120" ten="67,235,475,213" oya="2" hai0="97,54,108,59,22,58,51,92,130,131,81,48,87" hai1="94,41,42,76,60,116,89,101,79,18,73,52,84" hai2="49,118,128,110,45,102,24,21,33,117,77,68,127" hai3="11,65,121,72,27,83,64,6,100,106,115,133,82"/><V0/><F33/><W53/><G121/><T80/><D22/><U85/><E116/><V46/><F68/><W109/><G106/><T90/><D108/><U28/><E73/><V99/><F110/><W31/><G100/><T43/><D43/><N who="1" m="16395" /><E28/><V12/><F0/><W113/><G109/><T98/><D98/><N who="1" m="59607" /><E18/><V26/><F77/><N who="1" m="29769" /><E89/><V74/><F74/><W29/><G72/><T78/><REACH who="0" step="1"/><D81/><REACH who="0" ten="57,235,475,213" step="2"/><U135/><E135/><V114/><F117/><W86/><G133/><T107/><D107/><U8/><E8/><V35/><F118/><W34/><G82/><T125/><D125/><U50/><E60/><V62/><F127/><W1/><G11/><T30/><D30/><U123/><E123/><V93/><F62/><W7/><G31/><T69/><D69/><U91/><E91/><V122/><F99/><W36/><G29/><T56/><D56/><AGARI ba="1,2" hai="50,52,56,84,85" m="29769,59607,16395" machi="56" ten="30,2000,0" yaku="8,1,54,1" doraHai="120" who="1" fromWho="0" sc="57,-23,235,43,475,0,213,0" /><INIT seed="7,0,0,4,4,96" ten="34,278,475,213" oya="3" hai0="120,45,106,133,48,34,39,56,125,78,72,35,33" hai1="87,58,122,51,50,22,62,52,108,49,81,110,93" hai2="128,89,64,114,130,7,1,17,21,40,100,119,116" hai3="12,95,26,85,27,107,67,132,24,18,10,94,57"/><W54/><G107/><T23/><D120/><U92/><E122/><V71/><F40/><W20/><G132/><T66/><D133/><U9/><E108/><V90/><F71/><W44/><G67/><T97/><D125/><U126/><E110/><V31/><F31/><W98/><G44/><T131/><D131/><U29/><E126/><V102/><F64/><W91/><G10/><T70/><D72/><U99/><E9/><V43/><F43/><W16/><G18/><T3/><D78/><N who="1" m="46519" /><E99/><V121/><F121/><W112/><G112/><T135/><D3/><U109/><E109/><V41/><F41/><W77/><G77/><T5/><D5/><U63/><E63/><V82/><F7/><W134/><G134/><T36/><D135/><U14/><E14/><V101/><F1/><W123/><G123/><T65/><D70/><U28/><E29/><V11/><F11/><W104/><G104/><T113/><D113/><U46/><E46/><V86/><F114/><W124/><G124/><T53/><D23/><U76/><E76/><N who="2" m="46407" /><F21/><W74/><G74/><T129/><D129/><N who="2" m="49770" /><F17/><W69/><G69/><T60/><REACH who="0" step="1"/><D66/><REACH who="0" ten="24,278,475,213" step="2"/><U13/><E13/><V83/><F83/><N who="3" m="49599" /><G98/><T59/><D59/><U8/><E8/><V0/><F0/><W47/><G47/><T80/><D80/><U68/><E68/><V127/><F127/><W42/><G42/><T30/><D30/><U84/><E58/><V118/><AGARI ba="0,1" hai="89,90,100,101,102,116,118,119" m="49770,46407" machi="118" ten="40,12000,2" yaku="19,1,34,2,52,3" doraHai="96" who="2" fromWho="2" sc="24,-30,278,-30,475,130,213,-60" owari="-6,-51.0,248,5.0,605,71.0,153,-25.0" /></mjloggm>