<mjloggm ver="2.3"><GO type="41"/><UN n0="%E8%99%8E%E4%B8%80%E6%97%8F%E2%98%85%E9%81%8A" n1="%42%6F%73%73" n2="%EF%BC%88%E2%89%A7%E2%96%BD%E2%89%A6%EF%BC%89" n3="%E3%83%89%E3%83%AB%E3%83%81" dan="14,13,15,13" rate="1854,1858,1975,1856" sx="F,M,M,M"/><TAIKYOKU oya="0"/><INIT seed="0,0,0,3,4,26" ten="250,250,250,250" oya="0" hai0="56,94,55,35,125,29,54,117,120,33,97,102,34" hai1="109,89,48,129,50,28,106,80,71,13,98,116,10" hai2="81,111,38,124,112,27,130,83,31,79,90,63,46" hai3="6,85,21,134,101,100,16,133,25,9,114,1,3"/><T59/><D120/><U69/><E116/><V5/><F112/><W108/><G101/><T77/><D117/><U51/><E129/><V99/><F130/><W88/><G100/><T32/><D77/><U93/><E109/><V132/><F111/><W17/><G108/><T58/><REACH who="0" step="1"/><D125/><REACH who="0" ten="240,250,250,250" step="2"/><U95/><E106/><V118/><F79/><W30/><G114/><T62/><D62/><U72/><E72/><V121/><F63/><W76/><G76/><T126/><D126/><U67/><E71/><V23/><F124/><W36/><G36/><T41/><D41/><U91/><E69/><V60/><F38/><W86/><G1/><T20/><D20/><U113/><E113/><V73/><F23/><W84/><G88/><T122/><D122/><U103/><E91/><V128/><F90/><W24/><REACH who="3" step="1"/><G17/><REACH who="3" ten="240,250,250,240" step="2"/><T131/><D131/><U135/><E89/><V110/><F128/><W8/><G8/><T39/><D39/><U127/><E127/><V18/><F121/><W96/><G96/><T53/><D53/><U14/><E10/><V66/><F99/><W52/><G52/><T123/><D123/><U64/><E98/><V65/><F110/><W22/><AGARI ba="0,2" hai="3,6,9,16,21,22,24,25,30,84,85,86,133,134" machi="22" ten="30,7900,0" yaku="1,1,0,1,52,1,54,1,53,0" doraHai="26" doraHaiUra="107" who="3" fromWho="3" sc="240,-39,250,-20,250,-20,240,99" /><INIT seed="1,0,0,5,3,105" ten="201,230,230,339" oya="1" hai0="6,99,96,27,103,54,44,9,3,107,31,14,98" hai1="72,132,7,23,20,70,69,75,76,25,15,33,113" hai2="60,97,127,117,21,52,134,77,125,45,38,56,86" hai3="65,18,30,130,78,55,118,126,82,50,114,115,84"/><U51/><E113/><V129/><F117/><W4/><G118/><T116/><D116/><U47/><E33/><V2/><F2/><W34/><G126/><N who="2" m="48137" /><F134/><W71/><G130/><T29/><D3/><U111/><E132/><V73/><F129/><W48/><G4/><T95/><D107/><U49/><E76/><V102/><F86/><W26/><G50/><N who="0" m="28999" /><D27/><U19/><E7/><V46/><F21/><W68/><G68/><T80/><D80/><U92/><E111/><V100/><F38/><W37/><G37/><T12/><D12/><U36/><E36/><V67/><F67/><W87/><G87/><T5/><D5/><U123/><E123/><V112/><F112/><W119/><G119/><T17/><D6/><U24/><E92/><N who="2" m="58407" /><F102/><W13/><G65/><T122/><D122/><U28/><E24/><V42/><F42/><W89/><G71/><T0/><D0/><U128/><E128/><V63/><F63/><W57/><G78/><T35/><D35/><U1/><E1/><V121/><F121/><W88/><REACH who="3" step="1"/><G89/><REACH who="3" ten="201,230,230,329" step="2"/><T120/><D120/><U32/><E70/><V79/><F79/><W22/><AGARI ba="0,1" hai="13,18,22,26,30,34,48,55,57,82,84,88,114,115" machi="22" ten="20,8000,1" yaku="1,1,2,1,0,1,7,1,54,1,53,0" doraHai="105" doraHaiUra="101" who="3" fromWho="3" sc="201,-20,230,-40,230,-20,329,90" /><INIT seed="2,0,0,1,2,84" ten="181,190,210,419" oya="2" hai0="26,123,113,37,11,70,2,111,21,117,53,92,54" hai1="109,60,32,135,104,110,46,130,125,47,128,106,3" hai2="78,56,76,129,35,9,52,67,121,75,61,80,81" hai3="58,24,116,27,40,74,30,95,124,17,65,41,99"/><V20/><F35/><W71/><G116/><T107/><D107/><N who="1" m="41003" /><E32/><V103/><F121/><W12/><G74/><T16/><D123/><U97/><E60/><V93/><F129/><N who="1" m="49769" /><E97/><V120/><F120/><W4/><G71/><T101/><D70/><U48/><E3/><V25/><F9/><W18/><G4/><T72/><D37/><U98/><E98/><V43/><F43/><W10/><G41/><T45/><D117/><U77/><E77/><V42/><F42/><W115/><G40/><T122/><D122/><U100/><E125/><V133/><F133/><W66/><G124/><T59/><D72/><U31/><E31/><V112/><F112/><W90/><G115/><T134/><D113/><U88/><E100/><V44/><F103/><W94/><G18/><T28/><D134/><U1/><E1/><V85/><F93/><W96/><G58/><T33/><D59/><U105/><N who="1" m="41011" /><U91/><DORA hai="38" /><E135/><V51/><F20/><W114/><G114/><T63/><D63/><U69/><E69/><V49/><F49/><W13/><G13/><N who="0" m="9359" /><D45/><N who="1" m="16907" /><E48/><V14/><REACH who="2" step="1"/><F25/><REACH who="2" ten="181,190,200,419" step="2"/><N who="3" m="9803" /><G30/><T108/><D101/><AGARI ba="0,1" hai="10,12,17,65,66,90,94,95,96,99,101" m="9803" machi="101" ten="30,2000,0" yaku="8,1,52,1" doraHai="84,38" who="3" fromWho="0" sc="181,-20,190,0,200,0,419,30" /><INIT seed="3,0,0,1,5,1" ten="161,190,200,449" oya="3" hai0="99,5,61,124,19,60,120,53,56,74,4,104,68" hai1="89,23,107,32,41,33,81,48,14,69,30,121,131" hai2="129,96,134,16,87,92,70,58,36,67,37,18,125" hai3="45,2,57,51,29,130,27,84,128,12,17,94,98"/><W43/><G2/><T77/><D120/><U135/><E69/><V110/><F70/><W66/><G84/><T65/><D124/><U9/><E131/><V116/><F116/><W117/><G117/><T38/><D38/><U109/><E107/><V106/><F125/><W119/><G119/><T108/><D108/><U7/><E135/><V78/><F134/><W42/><G42/><T54/><D54/><U22/><E109/><V90/><F110/><W52/><G66/><T55/><D55/><U0/><E48/><V93/><F129/><W62/><G17/><T10/><D104/><U11/><E41/><V83/><F106/><W13/><G128/><T59/><D68/><U25/><E89/><V103/><F37/><W112/><G112/><T118/><D118/><U20/><E81/><V47/><F47/><W44/><G44/><T21/><D99/><U6/><E121/><V3/><F3/><W72/><G72/><T102/><D102/><U31/><E25/><V91/><F36/><W40/><G40/><T113/><D113/><U97/><E97/><N who="2" m="59823" /><F78/><W111/><G111/><T114/><D114/><U39/><E39/><V46/><F46/><W115/><G115/><T86/><D74/><U132/><E132/><V15/><F15/><W8/><G8/><T73/><D73/><U123/><E123/><V50/><F50/><W71/><G71/><T34/><D34/><AGARI ba="0,0" hai="0,6,7,9,11,14,20,22,23,30,31,32,33,34" machi="34" ten="40,16000,3" yaku="35,6,52,2" doraHai="1" who="1" fromWho="0" sc="161,-160,190,160,200,0,449,0" /><INIT seed="4,0,0,3,5,0" ten="1,350,200,449" oya="0" hai0="58,80,30,107,67,120,50,31,42,124,49,66,17" hai1="88,130,71,94,116,10,28,40,104,72,60,131,56" hai2="78,12,18,74,99,29,21,13,16,52,97,96,64" hai3="132,119,125,121,15,38,76,6,22,108,3,83,68"/><T55/><D107/><U127/><E104/><V135/><F135/><W102/><G132/><T4/><D120/><U8/><E71/><V9/><F64/><N who="0" m="24618" /><D124/><U82/><E127/><V11/><F74/><W5/><G125/><T113/><D113/><U36/><E116/><V73/><F73/><W110/><G119/><T75/><D75/><U129/><E28/><N who="0" m="10793" /><D80/><U27/><E27/><N who="2" m="16623" /><F78/><W23/><G121/><T91/><D91/><U128/><E36/><V47/><F99/><W1/><G38/><T44/><D17/><U106/><E40/><V95/><F95/><W89/><G83/><T126/><D126/><U114/><E106/><V86/><F86/><W65/><G89/><T57/><D4/><U115/><E82/><V85/><F85/><W46/><G76/><T109/><D109/><U81/><E81/><V2/><F2/><W32/><G110/><T122/><D122/><U63/><E72/><V35/><F35/><W48/><G108/><T87/><D87/><N who="1" m="52511" /><E56/><AGARI ba="0,0" hai="42,44,49,50,55,56,57,58" m="10793,24618" machi="56" ten="30,1500,0" yaku="8,1" doraHai="0" who="0" fromWho="1" sc="1,15,350,-15,200,0,449,0" /><INIT seed="4,1,0,0,3,86" ten="16,335,200,449" oya="0" hai0="104,9,113,131,8,12,79,72,36,29,97,40,112" hai1="46,58,132,24,98,109,90,10,87,103,0,43,107" hai2="82,57,55,16,42,35,89,67,93,118,41,105,39" hai3="33,25,96,6,38,121,85,53,11,133,130,127,44"/><T125/><D29/><U63/><E132/><V4/><F35/><W69/><G133/><T50/><D36/><U99/><E109/><V56/><F105/><W102/><G121/><T78/><D131/><U26/><E98/><V27/><F118/><W13/><G130/><T95/><D104/><U81/><E10/><V135/><F135/><W30/><G69/><T124/><D50/><U110/><E0/><V66/><F4/><W74/><G74/><T94/><D40/><N who="2" m="15466" /><F82/><W28/><G28/><T68/><D68/><U100/><E103/><V116/><F39/><W59/><G127/><N who="0" m="48715" /><D72/><U117/><E110/><V73/><F73/><W15/><G38/><T49/><D49/><U128/><E128/><V119/><F119/><W22/><G33/><T134/><D134/><U84/><E87/><N who="2" m="52415" /><F116/><W31/><G85/><T5/><D8/><U120/><E120/><V71/><F71/><W92/><G44/><T70/><D70/><U2/><E2/><V14/><F27/><W45/><G45/><T111/><D111/><U52/><E117/><V21/><F57/><W114/><G25/><T47/><D47/><U77/><E77/><N who="0" m="29193" /><D94/><U61/><E63/><AGARI ba="1,0" hai="14,16,21,55,56,63,66,67" m="52415,15466" machi="63" ten="30,3900,0" yaku="8,1,52,1,54,1" doraHai="86" who="2" fromWho="1" sc="16,0,335,-42,200,42,449,0" /><INIT seed="5,0,0,4,2,116" ten="16,293,242,449" oya="1" hai0="45,97,69,8,115,93,105,135,79,30,21,64,106" hai1="31,131,12,48,49,89,102,3,44,85,17,118,121" hai2="56,87,58,90,63,47,127,19,110,39,27,29,42" hai3="101,25,103,33,113,65,132,0,126,40,11,22,6"/><U77/><E118/><V4/><F110/><W130/><G113/><T35/><D115/><U72/><E3/><V109/><F109/><W18/><G126/><T128/><D128/><U119/><E131/><V24/><F127/><W43/><G130/><T88/><D135/><U117/><E121/><V1/><F1/><W81/><G132/><T120/><D35/><U94/><E31/><V78/><F4/><W37/><G65/><T50/><D79/><U124/><E124/><V7/><F7/><W55/><G55/><T107/><D8/><U61/><E61/><V123/><F123/><W96/><G37/><T66/><D69/><U59/><E102/><V67/><F78/><W76/><G103/><T57/><D57/><U111/><E111/><V52/><F19/><W46/><G46/><T2/><D2/><U26/><E26/><V68/><F29/><W75/><G33/><T91/><D91/><U54/><E77/><V100/><F58/><W60/><G60/><T16/><D30/><U73/><E119/><V10/><F10/><W71/><G71/><T134/><D134/><U15/><E12/><V122/><F100/><W80/><G80/><T14/><REACH who="0" step="1"/><D120/><REACH who="0" ten="6,293,242,449" step="2"/><U41/><REACH who="1" step="1"/><E117/><REACH who="1" ten="6,283,242,449" step="2"/><V36/><F122/><W129/><G129/><T70/><D70/><U99/><E99/><V86/><F68/><W62/><G96/><T74/><D74/><U112/><E112/><V9/><F90/><W104/><G101/><T83/><D83/><U98/><E98/><V125/><F125/><W51/><G81/><T108/><D108/><U38/><E38/><V28/><F39/><RYUUKYOKU ba="0,2" sc="6,15,283,15,242,-15,449,-15" hai0="14,16,21,45,50,64,66,88,93,97,105,106,107" hai1="15,17,41,44,48,49,54,59,72,73,85,89,94" /><INIT seed="5,1,2,0,0,24" ten="21,298,227,434" oya="1" hai0="50,32,97,132,8,18,67,127,101,62,38,57,60" hai1="63,9,134,49,58,117,35,59,26,4,46,87,17" hai2="100,123,56,39,86,64,37,73,7,65,70,27,51" hai3="66,107,130,40,78,91,125,116,98,102,25,120,41"/><U42/><E117/><V71/><F73/><W111/><G116/><T114/><D32/><U89/><E134/><V84/><F123/><W43/><G120/><T72/><D132/><U104/><E104/><V94/><F7/><W1/><G111/><T2/><D72/><U85/><E87/><V13/><F13/><W80/><G125/><T55/><D38/><U31/><E17/><V79/><F79/><W113/><G113/><T110/><D127/><U69/><E69/><V34/><F34/><W90/><G130/><T48/><D114/><U92/><REACH who="1" step="1"/><E63/><REACH who="1" ten="21,288,227,434" step="2"/><V133/><F71/><W95/><G107/><T81/><D110/><U76/><E76/><V119/><F70/><W10/><G78/><T47/><D18/><U99/><E99/><V74/><F133/><W5/><G98/><T30/><D97/><U106/><E106/><V44/><F119/><W105/><G105/><T109/><D109/><U21/><E21/><V14/><F84/><W129/><G5/><T53/><D62/><U3/><AGARI ba="1,3" hai="3,4,9,26,31,35,42,46,49,58,59,85,89,92" machi="3" ten="20,7800,0" yaku="1,1,0,1,7,1,52,1,53,0" doraHai="24" doraHaiUra="122" who="1" fromWho="1" sc="21,-27,288,111,227,-27,434,-27" owari="-6,-51.0,399,20.0,200,-20.0,407,51.0" /></mjloggm>