<mjloggm ver="2.3"><GO type="41"/><UN n0="%6B%6F%7A%69" n1="%E5%9C%9F%E7%A0%82%E9%99%8D%E3%82%8A%E5%9D%8A%E4%B8%BB" n2="%E3%82%A6%E3%83%AB%E3%83%88%E3%83%A9%E7%AB%8B%E7%9B%B4" n3="%E3%82%AA%E3%83%90%E3%83%B3%E3%83%89%E3%83%BC" dan="13,14,15,13" rate="1834,2093,1965,1943" sx="M,M,M,M"/><TAIKYOKU oya="0"/><INIT seed="0,0,0,3,5,115" ten="250,250,250,250" oya="0" hai0="59,31,66,10,119,68,134,13,16,125,75,94,48" hai1="30,17,23,54,63,97,101,42,33,110,11,112,62" hai2="15,104,12,65,99,113,52,111,114,34,43,22,95" hai3="4,72,50,0,90,106,126,79,127,129,105,19,76"/><T39/><D75/><U87/><E112/><V38/><F34/><W86/><G0/><T135/><D39/><U56/><E110/><V64/><F104/><W2/><G2/><T100/><D31/><U74/><E74/><V44/><F111/><W26/><G4/><T91/><D100/><U20/><E42/><V3/><F3/><W8/><G8/><T67/><D125/><U49/><E33/><V41/><F22/><W18/><G50/><T89/><D68/><U29/><E87/><V120/><F95/><W123/><G26/><T82/><D82/><U6/><E62/><V108/><F99/><W83/><G18/><T14/><D14/><U78/><E78/><V103/><F103/><W51/><G51/><T27/><D27/><U71/><E71/><V96/><F96/><W122/><G19/><T77/><D77/><N who="3" m="29769" /><G72/><T117/><D91/><U70/><E70/><V28/><F28/><W61/><G61/><N who="0" m="38207" /><D48/><U35/><E35/><V128/><F12/><W93/><G129/><T25/><D25/><N who="1" m="14479" /><E49/><V36/><F15/><W40/><G40/><T130/><D67/><U109/><E109/><V9/><F9/><W80/><G106/><T55/><D55/><U118/><E23/><V53/><F108/><W81/><G105/><T121/><D121/><AGARI ba="0,0" hai="80,81,83,86,90,93,121,122,123,126,127" m="29769" machi="121" ten="40,5200,0" yaku="13,1,34,2" doraHai="115" who="3" fromWho="0" sc="250,-52,250,0,250,0,250,52" /><INIT seed="1,0,0,0,1,79" ten="198,250,250,302" oya="1" hai0="5,81,49,48,1,98,37,55,134,34,102,119,71" hai1="54,16,74,126,101,28,104,125,63,92,14,18,120" hai2="64,36,99,59,121,96,50,88,44,85,15,29,47" hai3="61,115,132,43,86,60,93,57,33,114,128,42,97"/><U130/><E120/><V108/><F108/><W90/><G33/><T20/><D37/><U11/><E104/><V105/><F121/><W100/><G128/><T82/><D34/><U89/><E101/><V8/><F105/><W131/><G131/><T58/><D119/><U62/><E130/><V56/><F29/><W135/><G42/><T122/><D122/><U38/><E38/><V117/><F36/><W39/><G39/><T0/><D0/><U66/><E74/><V17/><F117/><W41/><G41/><T2/><D71/><U69/><E28/><V112/><F112/><W68/><G68/><T72/><D72/><U23/><E62/><V124/><F124/><N who="1" m="47721" /><E54/><N who="2" m="30023" /><F47/><W19/><G43/><T40/><D2/><U76/><E76/><V83/><F59/><W67/><G115/><T107/><D1/><U109/><E109/><V6/><F6/><W70/><G114/><T24/><D5/><N who="1" m="3439" /><E23/><V129/><F129/><W110/><G110/><T26/><D134/><U94/><E94/><V21/><F21/><W10/><G135/><T106/><D106/><U51/><E51/><V111/><F111/><W22/><G10/><T31/><REACH who="0" step="1"/><D26/><REACH who="0" ten="188,250,250,302" step="2"/><U25/><E25/><V80/><F80/><W65/><G132/><T3/><D3/><U46/><E46/><AGARI ba="0,1" hai="20,24,31,40,46,48,49,55,58,81,82,98,102,107" machi="46" ten="40,8000,1" yaku="1,1,52,2,53,2" doraHai="79" doraHaiUra="45" who="0" fromWho="1" sc="188,90,250,-80,250,0,302,0" /><INIT seed="2,0,0,2,1,119" ten="278,170,250,302" oya="2" hai0="23,84,80,99,26,91,6,28,38,102,29,104,1" hai1="52,42,27,126,81,63,68,15,108,86,14,25,107" hai2="30,78,85,89,47,66,49,133,131,79,20,16,64" hai3="88,82,45,60,83,33,10,128,90,43,92,115,112"/><V93/><F30/><W111/><G33/><T96/><D38/><U57/><E107/><V51/><F131/><W130/><G60/><T76/><D1/><U71/><E126/><V13/><F133/><W72/><G10/><T41/><D41/><U67/><E108/><V87/><F78/><W9/><G9/><T8/><D99/><U94/><E94/><V24/><F24/><W69/><G69/><T95/><D8/><U36/><E71/><V7/><F7/><W127/><G45/><T2/><D2/><U61/><E42/><V122/><F122/><W77/><G43/><T11/><D11/><U4/><E36/><V123/><F123/><W46/><G46/><T3/><D3/><U121/><E4/><V0/><F0/><W110/><G92/><T97/><D6/><U56/><E121/><V34/><F34/><W17/><G17/><AGARI ba="0,0" hai="17,23,26,28,29,76,80,84,91,95,96,97,102,104" machi="17" ten="30,1000,0" yaku="7,1" doraHai="119" who="0" fromWho="3" sc="278,10,170,0,250,0,302,-10" /><INIT seed="3,0,0,3,2,133" ten="288,170,250,292" oya="3" hai0="119,88,100,21,31,37,99,70,91,78,35,95,83" hai1="36,102,56,135,30,97,1,113,8,14,28,129,66" hai2="74,81,55,116,71,117,120,4,10,105,69,53,124" hai3="23,43,98,63,121,0,19,87,67,94,38,27,79"/><W111/><G121/><T110/><D35/><U44/><E113/><V46/><F120/><W42/><G0/><T52/><D119/><U29/><E135/><V39/><F105/><W18/><G111/><T48/><D37/><U115/><E115/><V109/><F109/><W64/><G38/><T89/><D70/><U34/><E1/><V49/><F39/><W24/><G79/><T40/><D40/><U101/><E129/><V51/><F81/><W75/><G87/><T45/><D110/><U96/><E34/><V108/><F10/><W68/><G75/><T57/><D31/><U72/><E72/><V41/><F4/><W62/><G94/><T93/><D21/><U131/><E131/><V107/><F107/><W106/><G98/><T59/><REACH who="0" step="1"/><D95/><REACH who="0" ten="278,170,250,292" step="2"/><U12/><E36/><V103/><F108/><W58/><G106/><T20/><D20/><AGARI ba="0,1" hai="18,19,20,23,24,27,42,43,58,62,63,64,67,68" machi="20" ten="40,2000,0" yaku="9,1" doraHai="133" who="3" fromWho="0" sc="278,-20,170,0,250,0,292,30" /><INIT seed="3,1,0,4,5,72" ten="258,170,250,322" oya="3" hai0="94,18,128,40,56,29,5,31,87,6,102,13,61" hai1="39,82,0,64,106,133,4,129,23,58,48,19,132" hai2="62,113,118,75,28,130,38,112,27,89,67,115,126" hai3="33,71,95,12,123,103,45,100,25,109,135,104,81"/><W15/><G123/><T114/><D114/><U21/><E21/><V49/><F118/><W54/><G71/><T60/><D128/><U22/><E39/><V119/><F119/><W99/><G135/><T42/><D102/><U24/><E106/><V2/><F2/><W116/><G116/><T131/><D131/><U1/><E129/><V11/><F38/><W7/><G109/><T78/><D94/><U34/><E34/><V52/><F75/><W36/><G81/><T86/><D56/><U120/><E120/><V101/><F130/><W63/><G36/><T79/><D13/><U84/><E23/><V59/><F11/><W9/><G15/><T121/><D18/><U32/><E32/><V110/><F110/><W66/><G54/><T53/><REACH who="0" step="1"/><D53/><REACH who="0" ten="248,170,250,322" step="2"/><N who="1" m="32039" /><E132/><V74/><F101/><W98/><G45/><T70/><D70/><U127/><E133/><V125/><F74/><W85/><G95/><T92/><D92/><U10/><E1/><V14/><F14/><W51/><G103/><T77/><D77/><U122/><E122/><AGARI ba="1,1" hai="5,6,29,31,40,42,60,61,78,79,86,87,121,122" machi="122" ten="25,8000,1" yaku="1,1,22,2,52,2,53,0" doraHai="72" doraHaiUra="47" who="0" fromWho="1" sc="248,93,170,-83,250,0,322,0" /><INIT seed="4,0,0,3,2,46" ten="341,87,250,322" oya="0" hai0="53,135,126,67,59,52,104,62,12,106,44,123,110" hai1="76,131,51,121,77,111,124,13,7,66,82,58,15" hai2="127,43,133,101,26,19,94,21,32,1,120,88,5" hai3="8,128,83,108,100,80,122,37,6,71,130,72,60"/><T97/><D123/><U78/><E121/><V11/><F101/><W89/><G122/><T69/><D126/><U22/><E111/><V2/><F120/><W41/><G108/><T84/><D110/><U96/><E124/><V20/><F127/><W63/><G100/><T79/><D135/><U18/><E131/><V81/><F133/><W57/><G89/><T112/><D112/><U64/><E82/><V30/><F81/><W45/><G83/><T14/><D97/><U33/><E33/><V65/><F65/><W35/><G57/><T16/><D84/><U116/><E116/><V50/><F2/><W103/><G103/><T118/><D79/><U0/><E0/><V3/><F3/><N who="3" m="95" /><G63/><T49/><D118/><U90/><E7/><V70/><F70/><W119/><G119/><T10/><D14/><U17/><E96/><V114/><F114/><W98/><G98/><T74/><D74/><U36/><E36/><V86/><REACH who="2" step="1"/><F19/><REACH who="2" ten="341,87,240,322" step="2"/><W38/><G80/><T85/><D85/><U105/><E90/><V29/><F29/><W42/><G72/><T99/><D99/><U107/><E107/><V125/><F125/><W93/><G71/><T48/><AGARI ba="0,1" hai="10,12,16,44,48,49,52,53,59,62,67,69,104,106" machi="48" ten="20,18000,2" yaku="0,1,7,1,52,2,54,2" doraHai="46" who="0" fromWho="0" sc="341,190,87,-60,240,-60,322,-60" /><INIT seed="4,1,0,3,1,123" ten="531,27,180,262" oya="0" hai0="93,127,84,36,102,6,128,119,42,94,37,82,120" hai1="108,17,79,68,25,52,57,31,117,45,70,96,122" hai2="8,69,4,125,38,48,12,109,89,22,64,51,116" hai3="101,76,34,58,47,62,59,67,104,66,133,30,35"/><T99/><D119/><U32/><E122/><V134/><F38/><W3/><G3/><T118/><D120/><U107/><E117/><V9/><F116/><W53/><G76/><T71/><D118/><U95/><E107/><V11/><F64/><W46/><G101/><T55/><D71/><U126/><E126/><V106/><F106/><W39/><G104/><T105/><D127/><U28/><E28/><V114/><F69/><W43/><G30/><T115/><D115/><U33/><E33/><V130/><F125/><W60/><G34/><T16/><D6/><U20/><E45/><V135/><F114/><W74/><G74/><T14/><D128/><U73/><E108/><V23/><F130/><W110/><G35/><T124/><D124/><U41/><E41/><V87/><F4/><W44/><G110/><T21/><D37/><U131/><E131/><V75/><F75/><W13/><G13/><T56/><D42/><U0/><E0/><V1/><F1/><W65/><G133/><T81/><D36/><U50/><E79/><V15/><F109/><W100/><G100/><T91/><D105/><U88/><REACH who="1" step="1"/><E73/><REACH who="1" ten="531,17,180,262" step="2"/><V26/><F135/><W61/><G39/><T29/><D29/><U63/><E63/><AGARI ba="1,1" hai="14,16,21,55,56,63,81,82,84,91,93,94,99,102" machi="63" ten="30,5800,0" yaku="7,1,8,1,54,1" doraHai="123" who="0" fromWho="1" sc="531,71,17,-61,180,0,262,0" owari="602,70.0,-44,-54.0,180,-22.0,262,6.0" /></mjloggm>