<mjloggm ver="2.3"><GO type="41"/><UN n0="%E3%82%A6%E3%83%AB%E3%83%88%E3%83%A9%E7%AB%8B%E7%9B%B4" n1="%E6%B2%B3%E8%B1%9A%E5%BC%8F%E6%94%B9" n2="%73%75%62%74%65%72" n3="%70%70%61%61%6F%6F" dan="15,14,13,16" rate="1962,1907,1916,1986" sx="M,M,M,M"/><TAIKYOKU oya="0"/><INIT seed="0,0,0,1,3,43" ten="250,250,250,250" oya="0" hai0="8,58,21,120,49,74,88,123,114,112,94,69,85" hai1="27,5,77,59,113,26,79,11,91,55,104,48,41" hai2="57,1,92,97,32,80,44,24,7,90,52,135,64" hai3="122,126,106,110,125,37,67,4,9,68,50,108,81"/><T117/><D69/><U82/><E104/><V22/><F135/><W38/><G106/><T76/><D8/><U72/><E113/><N who="0" m="43625" /><D58/><U42/><E91/><V62/><F1/><W101/><G101/><T70/><D49/><U111/><E79/><V2/><F2/><W23/><G122/><N who="0" m="46635" /><D21/><U87/><E72/><V12/><F32/><W93/><G93/><T17/><D17/><U54/><E54/><V63/><F7/><W131/><G81/><N who="0" m="45207" /><D70/><U51/><E42/><V16/><F80/><W84/><G50/><T13/><D13/><U40/><E40/><V31/><F31/><W28/><G67/><T53/><D53/><U66/><E66/><V89/><F89/><W34/><G68/><T78/><D78/><U71/><E71/><V56/><F44/><W45/><G34/><T29/><D29/><U60/><E51/><V95/><F95/><W36/><G28/><T105/><D105/><U0/><E27/><AGARI ba="0,0" hai="12,16,22,24,27,52,56,57,62,63,64,90,92,97" machi="27" ten="40,5200,0" yaku="8,1,54,2" doraHai="43" who="2" fromWho="1" sc="250,0,250,-52,250,52,250,0" /><INIT seed="1,0,0,5,2,83" ten="250,198,302,250" oya="1" hai0="23,126,92,16,87,35,9,59,91,111,104,4,29" hai1="74,2,72,117,51,24,49,95,88,44,40,0,31" hai2="15,56,120,58,27,134,73,1,47,113,46,65,102" hai3="82,107,41,45,38,8,39,17,52,85,64,13,10"/><U118/><E51/><V124/><F120/><W109/><G107/><T70/><D70/><U96/><E118/><V131/><F1/><W78/><G109/><T130/><D111/><U30/><E117/><V135/><F73/><W3/><G64/><T101/><D104/><U26/><E26/><V50/><F113/><W63/><G39/><T36/><D101/><U42/><E42/><V14/><F102/><W68/><G3/><T133/><D36/><U67/><E2/><V121/><F121/><W119/><G68/><T66/><D29/><U93/><E0/><V127/><F27/><W106/><G106/><T122/><D35/><U90/><E67/><V89/><F89/><W112/><G112/><T98/><D122/><U80/><E80/><V25/><F25/><W12/><G119/><T75/><D75/><U114/><E114/><V110/><F110/><W5/><REACH who="3" step="1"/><G63/><REACH who="3" ten="250,198,302,240" step="2"/><N who="0" m="38271" /><D126/><N who="2" m="48170" /><F65/><W86/><G86/><T116/><D116/><U57/><E31/><V76/><F50/><W53/><AGARI ba="0,1" hai="5,8,10,12,13,17,38,41,45,52,53,78,82,85" machi="53" ten="30,8000,1" yaku="1,1,0,1,52,1,54,1,53,1" doraHai="83" doraHaiUra="79" who="3" fromWho="3" sc="250,-20,198,-40,302,-20,240,90" /><INIT seed="2,0,0,4,1,70" ten="230,158,282,330" oya="2" hai0="79,87,135,3,34,95,42,100,93,54,35,64,120" hai1="7,132,25,19,126,86,101,99,60,26,23,28,119" hai2="55,43,88,74,84,98,41,102,39,4,73,130,129" hai3="68,94,127,111,52,81,121,113,0,17,104,11,24"/><V75/><F4/><W90/><G104/><T91/><D120/><U36/><E7/><V49/><F39/><W29/><G121/><T10/><D135/><U13/><E119/><V78/><F78/><W58/><G68/><T8/><D64/><U108/><E132/><V67/><F67/><W16/><G111/><T50/><D3/><U21/><E108/><V30/><F30/><W40/><G127/><T9/><D79/><U107/><E126/><V44/><F102/><W72/><G40/><T1/><D1/><U112/><E112/><V51/><F98/><W61/><G113/><T133/><D133/><U33/><E86/><V124/><F124/><W46/><G46/><T69/><D69/><U118/><E118/><V92/><REACH who="2" step="1"/><F41/><REACH who="2" ten="230,158,272,330" step="2"/><W114/><G114/><T106/><D42/><U122/><E122/><V45/><AGARI ba="0,1" hai="43,44,45,49,51,55,73,74,75,84,88,92,129,130" machi="45" ten="40,12000,1" yaku="1,1,2,1,0,1,54,1,53,0" doraHai="70" doraHaiUra="65" who="2" fromWho="2" sc="230,-40,158,-40,272,130,330,-40" /><INIT seed="2,1,0,4,2,94" ten="190,118,402,290" oya="2" hai0="77,58,73,48,74,51,37,8,100,105,99,92,65" hai1="93,81,26,110,53,60,46,49,97,125,19,30,128" hai2="35,9,109,54,87,34,47,25,33,114,117,62,124" hai3="91,96,3,115,1,113,68,2,20,118,24,106,0"/><V32/><F117/><W126/><G118/><T66/><D37/><U85/><E19/><V133/><F114/><N who="3" m="43531" /><G68/><T4/><D73/><U86/><E128/><V69/><F69/><W42/><N who="3" m="512" /><DORA hai="63" /><W95/><G126/><T28/><D28/><U104/><E104/><V122/><F122/><W79/><G79/><T45/><D77/><U5/><E5/><V23/><F124/><W10/><G10/><T38/><D74/><U83/><E125/><V101/><F9/><W132/><G42/><N who="0" m="24631" /><D105/><U41/><E110/><V27/><F27/><W44/><G44/><T17/><D4/><U84/><E60/><V59/><F47/><W18/><G106/><T52/><D38/><U98/><E41/><V43/><F43/><W135/><AGARI ba="1,0" hai="18,20,24,91,95,96,132,135" m="512,43531" machi="135" ten="70,4700,0" yaku="11,1,52,1" doraHai="94,63" who="3" fromWho="3" sc="190,-13,118,-13,402,-24,290,50" /><INIT seed="3,0,0,2,3,102" ten="177,105,378,340" oya="3" hai0="67,10,109,56,46,108,8,104,101,65,82,73,63" hai1="5,55,33,110,66,91,69,96,106,111,36,85,11" hai2="0,31,27,100,89,57,132,84,119,118,61,112,113" hai3="115,29,34,51,40,28,16,23,35,7,44,62,114"/><W64/><G7/><T25/><D82/><U41/><E55/><V43/><F43/><W45/><G34/><T22/><D73/><U53/><E33/><V79/><F0/><W93/><G93/><T121/><D121/><U122/><E122/><V131/><F79/><W19/><G35/><T135/><D46/><U88/><E53/><V60/><F100/><W49/><G114/><T47/><D47/><U98/><E41/><V1/><F1/><W68/><G115/><T105/><D101/><N who="1" m="62759" /><E36/><V117/><F132/><W13/><REACH who="3" step="1"/><G19/><REACH who="3" ten="177,105,378,330" step="2"/><T58/><D135/><U17/><E17/><V103/><F113/><W120/><G120/><T71/><D71/><U2/><E69/><V38/><F112/><W125/><G125/><T134/><D134/><U70/><E70/><V59/><F117/><W83/><G83/><T78/><D105/><U128/><E111/><V32/><F118/><W76/><G76/><T30/><D104/><U24/><E110/><N who="0" m="42601" /><D78/><U127/><E127/><V3/><F119/><W92/><G92/><T80/><D80/><U130/><E130/><V99/><F131/><W15/><G15/><T97/><D97/><U20/><E98/><V90/><F99/><W86/><G86/><T37/><D37/><U18/><E128/><V81/><F84/><W21/><G21/><T52/><D67/><U42/><E66/><V39/><F81/><W107/><G107/><T123/><D123/><U129/><E129/><V9/><F103/><W75/><G75/><T77/><D77/><U95/><E91/><V116/><F116/><W26/><G26/><T4/><D4/><RYUUKYOKU ba="0,1" sc="177,10,105,10,378,-30,330,10" hai0="8,10,22,25,30,52,56,58,63,65" hai1="2,5,11,18,20,24,42,85,88,95" hai3="13,16,23,28,29,40,44,45,49,51,62,64,68" /><INIT seed="3,1,1,3,5,58" ten="187,115,348,340" oya="3" hai0="80,126,44,68,107,72,96,42,133,13,28,27,123" hai1="52,125,128,115,77,63,130,109,20,2,101,54,0" hai2="61,116,124,32,34,95,10,118,19,131,3,51,60" hai3="25,78,84,6,135,90,47,114,65,103,83,74,22"/><W91/><G114/><T36/><D13/><U75/><E101/><V38/><F38/><W18/><G135/><T15/><D15/><U108/><E20/><V23/><F34/><W12/><G103/><N who="0" m="62951" /><D123/><U110/><E115/><V86/><F32/><W37/><G65/><T29/><D29/><U67/><E125/><V89/><F124/><W87/><G37/><T99/><D99/><U7/><E77/><V66/><F131/><N who="1" m="50217" /><E75/><V122/><F122/><W49/><G74/><T97/><D97/><U132/><E132/><V45/><F66/><W8/><G87/><T121/><D121/><U119/><E119/><V30/><F30/><W70/><G70/><T26/><D26/><U35/><E35/><V9/><F118/><W81/><G83/><T129/><D133/><U41/><E41/><AGARI ba="1,1" hai="6,8,12,18,22,25,41,47,49,78,81,84,90,91" machi="41" ten="30,11600,0" yaku="7,1,25,2,8,1" doraHai="58" who="3" fromWho="1" sc="187,0,115,-119,348,0,340,129" owari="187,-21.0,-4,-50.0,348,15.0,469,56.0" /></mjloggm>