<mjloggm ver="2.3"><GO type="97"/><UN n0="%E3%82%AA%E3%83%AA%E3%82%A8%E3%83%B3%E3%83%88%47%4D%54" n1="%28%C2%B4%E2%80%95%CF%89%E2%80%95%60%29" n2="%E7%8B%82%E3%81%A3%E3%81%BD%E3%83%BC" n3="%EF%BC%88%E2%89%A7%E2%96%BD%E2%89%A6%EF%BC%89" dan="14,13,13,15" rate="1903,1932,1905,1987" sx="M,M,F,M"/><TAIKYOKU oya="0"/><INIT seed="0,0,0,1,2,63" ten="250,250,250,250" oya="0" hai0="102,75,114,111,7,97,14,36,49,41,71,86,51" hai1="22,52,117,85,112,67,55,92,110,54,98,15,83" hai2="84,24,6,57,60,79,66,25,105,20,118,80,12" hai3="62,90,89,113,122,73,126,129,133,27,37,91,56"/><T103/><D114/><U30/><E117/><V40/><F105/><W76/><G122/><T81/><D75/><U68/><E112/><V26/><F118/><W94/><G113/><T87/><D87/><U74/><E74/><V38/><F38/><W5/><G37/><T13/><D71/><U100/><E110/><V0/><F0/><W108/><G108/><T124/><D111/><U31/><E68/><V88/><F40/><W9/><G126/><T116/><D116/><U44/><E44/><V2/><F2/><W8/><G129/><T123/><D103/><U59/><E15/><V32/><F32/><W77/><G133/><T134/><D134/><U131/><E131/><V69/><F69/><W120/><G120/><T61/><D123/><U127/><E127/><V128/><F128/><W11/><G94/><T17/><D61/><N who="1" m="38335" /><E22/><V1/><F1/><W135/><G135/><T72/><D124/><U115/><E115/><V99/><F99/><W4/><G27/><T121/><D97/><U47/><E47/><V39/><F39/><W130/><G130/><T19/><D36/><U18/><E18/><N who="2" m="10311" /><F6/><N who="3" m="2667" /><G73/><T35/><D72/><U132/><E132/><V23/><F79/><AGARI ba="0,0" hai="30,31,52,54,55,79,83,85,92,98,100" m="38335" machi="79" ten="30,3900,0" yaku="8,1,52,1,54,1" doraHai="63" who="1" fromWho="2" sc="250,0,250,39,250,-39,250,0" /><INIT seed="1,0,0,5,2,134" ten="250,289,211,250" oya="1" hai0="103,1,99,104,12,4,124,129,27,122,55,73,75" hai1="127,87,114,50,21,64,7,88,133,105,86,90,132" hai2="15,38,28,51,5,22,34,60,121,20,18,19,45" hai3="48,13,111,11,113,47,17,95,74,65,16,69,40"/><U25/><E105/><V54/><F121/><W44/><G113/><T125/><D122/><U70/><E114/><V59/><F38/><W126/><G74/><T101/><D101/><U118/><E118/><V116/><F116/><W135/><G135/><N who="1" m="51786" /><E7/><V107/><F107/><W0/><G111/><T33/><D129/><U85/><E50/><V110/><F110/><W56/><G0/><T80/><D80/><U10/><E10/><V52/><F5/><N who="3" m="3311" /><G69/><T2/><D55/><U120/><E120/><V57/><F34/><W98/><G47/><T71/><D71/><U42/><E42/><N who="2" m="25015" /><F28/><W3/><G3/><N who="0" m="1035" /><D4/><U96/><E96/><V92/><F92/><W36/><G36/><T26/><D12/><U93/><E93/><V32/><F32/><W89/><G126/><N who="0" m="48747" /><D33/><U81/><E127/><V24/><F59/><W72/><G72/><AGARI ba="0,0" hai="26,27,72,73,75,99,103,104" m="48747,1035" machi="72" ten="40,8000,1" yaku="18,1,52,3" doraHai="134" who="0" fromWho="3" sc="250,80,289,0,211,0,250,-80" /><INIT seed="2,0,0,1,0,29" ten="330,289,211,170" oya="2" hai0="78,68,94,75,50,82,24,72,100,66,62,41,123" hai1="108,120,77,130,20,116,37,46,133,28,109,55,71" hai2="113,4,39,22,106,58,38,115,1,134,13,87,11" hai3="17,61,6,59,129,101,42,35,74,44,67,56,60"/><V92/><F106/><W36/><G74/><T43/><D123/><U5/><E116/><V96/><F87/><W112/><G112/><T57/><D72/><U119/><E119/><V111/><F134/><W91/><G129/><T105/><D105/><U128/><E71/><V89/><F111/><N who="1" m="42569" /><E5/><V79/><F79/><W9/><G101/><T114/><D114/><U23/><E77/><V98/><F98/><W21/><G91/><T73/><D73/><U110/><E110/><V18/><F39/><W30/><G30/><T107/><D107/><U121/><E133/><V124/><F124/><W33/><G21/><N who="1" m="8266" /><E28/><V86/><F38/><W0/><REACH who="3" step="1"/><G17/><REACH who="3" ten="330,289,211,160" step="2"/><T127/><D100/><U81/><E130/><V49/><REACH who="2" step="1"/><F96/><REACH who="2" ten="330,289,201,160" step="2"/><W104/><G104/><T52/><D78/><U126/><E128/><V84/><F84/><W102/><G102/><T14/><D75/><U27/><E126/><V16/><F16/><W7/><G7/><T10/><D127/><U64/><E121/><V32/><F32/><W31/><G31/><T76/><D76/><U45/><E120/><V40/><F40/><W125/><G125/><T122/><D41/><U63/><E37/><V118/><F118/><W132/><G132/><T53/><D43/><U3/><E81/><V131/><F131/><W47/><G47/><T8/><D82/><U51/><E46/><V117/><F117/><W95/><G95/><T88/><D94/><U83/><E83/><V54/><AGARI ba="0,2" hai="1,4,11,13,18,22,49,54,58,86,89,92,113,115" machi="54" ten="30,11700,0" yaku="1,1,0,1,25,2,53,0" doraHai="29" doraHaiUra="69" who="2" fromWho="2" sc="330,-39,289,-39,201,137,160,-39" /><INIT seed="2,1,0,3,4,46" ten="291,250,338,121" oya="2" hai0="107,106,127,30,99,86,105,94,79,82,126,45,17" hai1="109,74,59,47,23,49,54,70,89,34,27,10,21" hai2="113,114,26,101,16,117,71,123,125,18,6,61,58" hai3="118,83,75,20,135,66,129,4,72,128,48,60,55"/><V14/><F123/><W103/><G118/><T110/><D30/><U80/><E70/><V29/><F117/><W62/><G103/><N who="0" m="60919" /><D45/><U2/><E109/><V134/><F71/><W33/><G33/><T12/><D17/><U81/><E34/><V43/><F134/><W108/><G135/><T5/><D12/><U132/><E132/><V3/><F125/><N who="0" m="47626" /><D5/><U98/><E74/><V120/><F120/><W8/><G20/><T69/><D69/><U78/><E78/><V112/><F3/><W121/><G121/><T56/><D56/><U63/><E2/><V104/><F43/><W100/><G100/><T90/><D110/><U130/><E10/><V9/><F101/><W64/><G108/><T73/><D73/><U131/><E130/><V35/><REACH who="2" step="1"/><F104/><REACH who="2" ten="291,250,328,121" step="2"/><W41/><G128/><T25/><D25/><U39/><E131/><V40/><F40/><W102/><G129/><T24/><D24/><U44/><E27/><V91/><F91/><AGARI ba="1,1" hai="79,82,86,90,91,105,106,107" m="47626,60919" machi="91" ten="40,5200,0" yaku="18,1,34,2" doraHai="46" who="0" fromWho="2" sc="291,65,250,0,328,-55,121,0" /><INIT seed="3,0,0,1,2,111" ten="356,250,273,121" oya="3" hai0="66,27,13,28,50,71,113,8,21,68,116,100,83" hai1="70,64,127,60,45,102,31,72,91,47,101,115,43" hai2="16,82,120,29,19,135,67,86,61,26,134,94,25" hai3="98,38,122,106,42,76,85,59,90,123,33,133,114"/><W130/><G33/><T69/><D116/><U36/><E72/><V41/><F120/><N who="3" m="46123" /><G42/><T32/><D32/><U95/><E127/><V58/><F94/><N who="3" m="54607" /><G38/><T53/><D100/><U23/><E47/><V54/><F41/><W2/><G59/><T17/><D83/><U24/><REACH who="1" step="1"/><E115/><REACH who="1" ten="356,240,273,121" step="2"/><V73/><F73/><W119/><G2/><T107/><D113/><U99/><AGARI ba="0,1" hai="23,24,31,36,43,45,60,64,70,91,95,99,101,102" machi="99" ten="20,5200,0" yaku="1,1,2,1,0,1,7,1,53,0" doraHai="111" doraHaiUra="78" who="1" fromWho="1" sc="356,-13,240,62,273,-13,121,-26" owari="343,44.0,302,10.0,260,-14.0,95,-40.0" /></mjloggm>