<mjloggm ver="2.3"><GO type="97"/><UN n0="%E3%82%A6%E3%83%AB%E3%83%88%E3%83%A9%E7%AB%8B%E7%9B%B4" n1="%E3%82%B3%E3%83%83%E3%82%AF%E3%83%AD%E3%83%BC%E3%83%81" n2="%E3%83%95%E3%82%A3%E3%82%AE%E3%83%B3%E3%82%B9" n3="%E3%81%98%E3%82%83%E3%82%80%E2%99%AD" dan="15,14,14,15" rate="1976,1920,1946,1915" sx="M,M,M,M"/><TAIKYOKU oya="0"/><INIT seed="0,0,0,4,4,101" ten="250,250,250,250" oya="0" hai0="83,94,30,54,84,113,13,123,60,16,21,86,18" hai1="72,55,121,106,77,31,43,93,104,91,29,127,52" hai2="105,64,128,76,85,38,51,37,114,132,3,46,80" hai3="79,28,100,88,122,74,19,9,14,118,45,1,11"/><T116/><D116/><U87/><E121/><V107/><F114/><W17/><G118/><T130/><D123/><U96/><E43/><V117/><F3/><W41/><G100/><T120/><D120/><U34/><E72/><V10/><F117/><W103/><G103/><T2/><D2/><U59/><E127/><V75/><F64/><W65/><G65/><T119/><D119/><U125/><E125/><V135/><F10/><W78/><G78/><T22/><D30/><U25/><E29/><V61/><F61/><W82/><G122/><T56/><D113/><U20/><E34/><V92/><F128/><W26/><G88/><N who="0" m="53511" /><D130/><U71/><E71/><V109/><F109/><W102/><G102/><T124/><D124/><U12/><E55/><N who="2" m="30199" /><F92/><W47/><G41/><T131/><D131/><U73/><E73/><V35/><F35/><W68/><G68/><T7/><D7/><U15/><E77/><V126/><F75/><W70/><G70/><T24/><D83/><U50/><REACH who="1" step="1"/><E96/><REACH who="1" ten="250,240,250,250" step="2"/><V90/><F76/><W8/><G1/><T58/><D58/><U66/><E66/><V48/><F126/><W6/><G6/><T108/><D108/><U95/><E95/><V4/><F4/><W27/><G28/><T63/><D86/><U40/><E40/><V81/><F38/><W134/><G14/><AGARI ba="0,1" hai="12,14,15,20,25,31,50,52,59,87,91,93,104,106" machi="14" ten="40,8000,1" yaku="1,1,52,2,54,1,53,0" doraHai="101" doraHaiUra="129" who="1" fromWho="3" sc="250,0,240,90,250,0,250,-80" /><INIT seed="1,0,0,4,1,110" ten="250,330,250,170" oya="1" hai0="15,16,84,23,85,65,86,1,73,46,64,43,18" hai1="134,24,135,93,9,131,17,103,32,75,105,6,112" hai2="118,101,35,124,40,98,2,108,54,88,89,106,26" hai3="44,36,58,126,29,111,79,107,39,130,95,42,104"/><U51/><E75/><V71/><F118/><W63/><G111/><T83/><D1/><U102/><E105/><V21/><F2/><W11/><G126/><T117/><D117/><U30/><E131/><V87/><F40/><W56/><G130/><T82/><D73/><U20/><E51/><V49/><F108/><W14/><G79/><T4/><D4/><U132/><E93/><V67/><F124/><W47/><G29/><T57/><D18/><U72/><E72/><V129/><F129/><W74/><G74/><T28/><D28/><U52/><E52/><V76/><F76/><W38/><G95/><T116/><D116/><U78/><E78/><V34/><F87/><W3/><G3/><T10/><D23/><U66/><E66/><V70/><F21/><W48/><G44/><T90/><D57/><U62/><E62/><N who="2" m="40311" /><F35/><W99/><G99/><T113/><D113/><U13/><E112/><V7/><F7/><W5/><REACH who="3" step="1"/><G58/><REACH who="3" ten="250,330,250,160" step="2"/><T127/><D127/><U50/><E50/><V8/><F71/><W25/><G25/><AGARI ba="0,1" hai="6,9,13,17,20,24,25,30,32,102,103,132,134,135" machi="25" ten="40,2000,0" yaku="20,1" doraHai="110" who="1" fromWho="3" sc="250,0,330,30,250,0,160,-20" /><INIT seed="1,1,0,2,1,20" ten="250,360,250,140" oya="1" hai0="8,96,4,13,75,87,106,133,101,2,51,128,65" hai1="53,43,24,117,42,116,32,19,7,111,83,66,9" hai2="98,108,21,48,132,125,44,76,131,59,69,62,12" hai3="71,84,82,109,135,113,61,0,27,26,31,39,126"/><U3/><E66/><V120/><F120/><W85/><G113/><T64/><D75/><U10/><E83/><V1/><F1/><W90/><G39/><T72/><D72/><U15/><E53/><V122/><F122/><W123/><G123/><T49/><D128/><U22/><E43/><V112/><F69/><W68/><G0/><T37/><D37/><U130/><E42/><V78/><F131/><W102/><G102/><T29/><D133/><U58/><E58/><V17/><F108/><W93/><G135/><T95/><D29/><N who="1" m="19495" /><E130/><V16/><F125/><W38/><G126/><T81/><D106/><U11/><E111/><V107/><F112/><W60/><G38/><T57/><D2/><U50/><E50/><N who="0" m="18953" /><D57/><U47/><E47/><V79/><F17/><W55/><G109/><T91/><AGARI ba="1,0" hai="4,8,13,64,65,81,87,91,95,96,101" m="18953" machi="91" ten="30,1100,0" yaku="8,1" doraHai="20" who="0" fromWho="0" sc="250,14,360,-6,250,-4,140,-4" /><INIT seed="2,0,0,1,0,13" ten="264,354,246,136" oya="2" hai0="70,103,53,42,24,81,130,37,44,11,34,45,12" hai1="135,9,39,76,115,95,41,22,97,94,82,110,80" hai2="72,60,125,75,131,86,120,99,114,116,57,111,104" hai3="64,5,79,10,46,113,38,7,112,102,90,77,66"/><V20/><F120/><W8/><G102/><T33/><D70/><U61/><E41/><V3/><F114/><W127/><G90/><T0/><D130/><U31/><E39/><V87/><F3/><W133/><G46/><T23/><D103/><U16/><E115/><V123/><F116/><W21/><G21/><T83/><D0/><U126/><E135/><V56/><F123/><W122/><G122/><T88/><D34/><U29/><E110/><V40/><F40/><W51/><G51/><T43/><D33/><U101/><E126/><V54/><F125/><W91/><G91/><T14/><D53/><U30/><E9/><V17/><F57/><W25/><G25/><T28/><D14/><N who="1" m="9495" /><E76/><V106/><F111/><W84/><G127/><T98/><D37/><U92/><E61/><V128/><F86/><W35/><G38/><T100/><D43/><U69/><E69/><V1/><F87/><W2/><G84/><N who="0" m="50191" /><D42/><U27/><E27/><N who="2" m="14735" /><F1/><W62/><G35/><T59/><D59/><U78/><E78/><V89/><F106/><W63/><REACH who="3" step="1"/><G2/><REACH who="3" ten="264,354,246,126" step="2"/><T65/><D100/><U121/><E121/><V19/><F104/><W15/><G15/><T74/><D12/><U49/><E49/><V96/><F89/><W32/><G32/><T108/><D108/><U18/><E101/><V26/><F75/><W47/><G47/><T132/><D45/><U105/><E105/><V68/><F72/><W129/><G129/><N who="2" m="49737" /><F68/><W58/><G58/><T6/><D74/><U118/><E118/><V119/><F119/><W93/><G93/><T117/><D117/><U71/><E95/><RYUUKYOKU ba="0,1" sc="264,-15,354,-15,246,15,126,15" hai2="19,26,54,56,60,96,99" hai3="5,7,8,10,62,63,64,66,77,79,112,113,133" /><INIT seed="2,1,1,5,2,107" ten="249,339,261,141" oya="2" hai0="37,29,25,12,51,133,76,81,47,127,46,22,48" hai1="60,74,58,1,23,24,117,130,131,7,15,100,118" hai2="98,108,110,57,125,96,38,45,109,59,112,17,114" hai3="77,36,102,11,42,33,27,82,90,70,119,111,121"/><V39/><F125/><W9/><G119/><T113/><D113/><N who="2" m="43626" /><F45/><W106/><G121/><T99/><D127/><U95/><E1/><V129/><F17/><W122/><G122/><T32/><D133/><U18/><E74/><V94/><F129/><N who="1" m="49161" /><E100/><N who="2" m="60439" /><F98/><W101/><G111/><T69/><D69/><U93/><E117/><V20/><F20/><W126/><G70/><T78/><D37/><AGARI ba="1,1" hai="37,38,39,57,59,108,109,110" m="60439,43626" machi="37" ten="40,3900,0" yaku="14,1,10,1" doraHai="107" who="2" fromWho="0" sc="249,-42,339,0,261,52,141,0" /><INIT seed="2,2,0,5,5,53" ten="207,339,313,141" oya="2" hai0="50,116,120,89,62,3,125,28,114,14,105,68,133" hai1="22,110,12,82,64,34,46,66,75,113,102,33,6" hai2="108,118,23,95,54,36,92,74,65,84,9,26,19" hai3="2,31,20,30,1,35,25,96,70,47,126,76,130"/><V80/><F118/><W10/><G70/><T21/><D21/><U56/><E113/><V59/><F74/><W94/><G76/><T8/><D8/><U38/><E110/><V134/><F36/><W0/><G47/><T51/><D14/><U15/><E102/><V69/><F134/><W37/><G37/><T98/><D28/><U128/><E128/><V78/><F108/><W27/><G94/><N who="2" m="35881" /><F69/><W67/><G96/><T109/><D50/><U71/><E71/><V4/><F65/><W17/><G67/><T131/><D51/><U43/><E66/><V83/><F83/><W16/><G130/><T57/><D57/><U40/><E40/><V121/><F121/><W112/><G112/><T91/><D62/><U72/><E72/><V101/><F101/><W49/><G49/><T123/><D89/><U111/><E111/><V122/><F122/><W61/><G61/><T5/><D91/><U124/><E75/><V11/><F4/><N who="3" m="1287" /><G126/><T55/><D5/><U103/><E124/><V115/><F115/><W90/><G90/><T99/><D55/><U18/><E103/><V13/><F26/><W42/><G42/><T52/><D52/><U97/><E82/><V45/><F45/><W7/><G7/><T39/><D99/><U106/><E97/><V81/><F81/><W73/><G73/><T24/><D98/><U41/><E41/><V100/><F100/><W85/><G85/><T129/><D24/><U32/><E106/><V127/><F127/><W93/><G93/><T60/><D123/><U132/><E6/><V104/><F104/><W107/><G107/><RYUUKYOKU ba="2,0" sc="207,-15,339,-15,313,15,141,15" hai2="9,11,13,19,23,54,59,78,80,84" hai3="1,2,16,17,20,25,27,30,31,35" /><INIT seed="2,3,0,4,5,19" ten="192,324,328,156" oya="2" hai0="40,15,131,111,83,52,50,57,114,76,110,95,70" hai1="61,100,118,6,109,1,44,21,4,120,132,90,63" hai2="12,29,62,22,127,7,24,47,122,102,89,105,49" hai3="79,36,51,39,106,3,68,85,80,73,23,26,0"/><V45/><F122/><W108/><G68/><T117/><D70/><U82/><E118/><V67/><F127/><W60/><G106/><T99/><D114/><U115/><E115/><V16/><F105/><W125/><G125/><T77/><D117/><U33/><E33/><V113/><F113/><W66/><G108/><T27/><D131/><U69/><E109/><N who="0" m="41481" /><D40/><U75/><E120/><V9/><F102/><W98/><G98/><T37/><D37/><U30/><E100/><V58/><F89/><W38/><G51/><T126/><D126/><U59/><E132/><V119/><F119/><W96/><G96/><T41/><D41/><U35/><E35/><V97/><F97/><W134/><G134/><T5/><D83/><U81/><E44/><N who="2" m="16971" /><F49/><W93/><G93/><T121/><D121/><U124/><E124/><V48/><F48/><W72/><G72/><T54/><D54/><U107/><E107/><V56/><F56/><W123/><G73/><T78/><D27/><U28/><E69/><V74/><F74/><W18/><REACH who="3" step="1"/><G123/><REACH who="3" ten="192,324,328,146" step="2"/><T104/><D104/><U91/><E75/><V65/><F65/><W46/><G46/><T2/><D2/><U129/><E1/><V14/><F14/><W32/><G32/><T34/><D34/><U53/><E82/><V64/><F64/><W128/><G128/><T55/><D55/><U42/><E129/><V87/><F87/><W31/><G31/><AGARI ba="3,1" hai="7,9,12,16,22,24,29,31,58,62,67" m="16971" machi="31" ten="30,5800,0" yaku="8,1,52,1,54,1" doraHai="19" who="2" fromWho="3" sc="192,0,324,0,328,77,146,-67" /><INIT seed="2,4,0,5,3,85" ten="192,324,405,79" oya="2" hai0="20,71,44,31,6,108,135,57,105,122,133,40,66" hai1="41,99,113,102,45,121,67,37,13,92,79,125,32" hai2="70,119,91,109,120,9,29,87,38,51,69,28,55" hai3="58,10,64,39,117,118,75,116,62,74,59,84,3"/><V24/><F38/><W33/><G39/><T101/><D101/><U107/><E113/><V86/><F119/><W35/><G84/><T95/><D105/><U73/><E32/><V78/><F109/><W5/><REACH who="3" step="1"/><G59/><REACH who="3" ten="192,324,405,69" step="2"/><T77/><D57/><U49/><E73/><AGARI ba="4,1" hai="3,5,10,33,35,58,62,64,73,74,75,116,117,118" machi="73" ten="50,6400,0" yaku="1,1,2,1,53,1" doraHai="85" doraHaiUra="52" who="3" fromWho="1" sc="192,0,324,-76,405,0,69,86" /><INIT seed="3,0,0,5,5,76" ten="192,248,405,155" oya="3" hai0="71,6,133,21,29,14,54,45,89,104,109,66,79" hai1="49,20,51,53,5,108,13,94,82,2,65,7,100" hai2="93,18,32,61,11,117,43,112,75,124,4,81,120" hai3="24,85,106,48,46,69,95,77,114,17,103,33,9"/><W10/><G114/><T60/><D133/><U125/><E125/><V28/><F117/><W84/><G69/><T98/><D109/><U41/><E108/><V70/><F43/><N who="3" m="24671" /><G106/><T122/><D122/><U135/><E135/><V123/><F124/><W92/><G33/><T67/><D67/><U99/><E65/><V130/><F93/><N who="3" m="35915" /><G103/><T0/><D89/><U97/><E2/><V87/><F112/><W107/><G107/><T40/><D0/><U72/><E99/><V101/><F75/><W38/><G38/><T47/><D79/><U111/><E111/><V1/><F101/><W27/><G27/><T68/><D68/><U31/><E41/><V50/><F70/><W73/><G73/><T131/><D98/><U26/><E51/><V23/><F123/><W83/><G85/><T22/><D104/><U127/><E127/><V42/><F120/><W62/><G62/><T118/><D118/><U55/><E55/><V91/><F61/><W74/><G74/><T110/><D110/><U63/><E63/><V37/><F37/><W113/><G113/><T56/><D29/><U126/><E126/><V102/><F102/><W119/><G119/><T39/><D45/><U58/><E13/><V115/><F28/><W134/><G134/><T88/><D88/><U52/><E53/><V121/><F32/><W90/><G90/><T3/><D3/><U128/><E72/><V30/><F121/><W129/><G129/><T16/><D131/><U59/><E128/><V19/><F130/><W64/><G64/><T78/><D66/><U12/><E97/><V96/><F96/><RYUUKYOKU ba="0,0" sc="192,-10,248,-10,405,-10,155,30" hai3="9,10,17,24,77,83,84" /><INIT seed="3,1,0,5,3,130" ten="182,238,395,185" oya="3" hai0="120,19,111,5,41,20,87,129,79,18,45,117,98" hai1="23,46,44,88,24,15,132,74,32,3,121,108,2" hai2="6,99,76,115,17,37,100,36,35,61,78,21,13" hai3="16,128,118,110,9,123,22,126,67,127,49,8,113"/><W95/><G113/><T101/><D117/><U72/><E32/><V85/><F35/><W93/><G118/><T103/><D120/><U66/><E121/><V112/><F6/><W84/><G123/><T52/><D129/><U28/><E66/><V133/><F133/><W57/><G128/><T53/><D111/><U47/><E132/><V125/><F125/><N who="3" m="47627" /><G110/><T81/><D5/><U7/><E108/><V25/><F76/><W116/><G116/><T62/><D62/><U96/><E3/><V97/><F61/><N who="3" m="38319" /><G49/><T109/><D109/><U77/><E2/><V73/><F73/><W119/><G119/><T10/><D10/><N who="3" m="4201" /><G84/><T34/><D34/><U12/><E77/><V31/><F37/><W14/><AGARI ba="1,0" hai="14,16,22,93,95" m="4201,38319,47627" machi="14" ten="30,3000,0" yaku="18,1,54,1" doraHai="130" who="3" fromWho="3" sc="182,-11,238,-11,395,-11,185,33" /><INIT seed="3,2,0,4,1,117" ten="171,227,384,218" oya="3" hai0="120,96,11,25,31,36,119,28,23,14,65,126,122" hai1="115,112,55,13,97,105,43,9,129,34,130,50,71" hai2="132,59,79,125,72,5,113,91,53,15,1,69,63" hai3="85,86,90,12,73,104,84,76,37,29,121,42,17"/><W0/><G0/><T32/><D65/><U16/><E34/><V27/><F1/><W47/><G104/><T127/><D96/><U106/><E43/><V102/><F113/><N who="1" m="43593" /><E97/><V52/><F69/><W94/><G121/><N who="0" m="46699" /><D36/><U68/><E71/><V49/><F102/><W44/><G29/><T33/><D119/><U46/><E68/><V89/><F125/><N who="0" m="47626" /><D31/><U64/><E64/><V48/><F132/><W82/><REACH who="3" step="1"/><G47/><REACH who="3" ten="171,227,384,208" step="2"/><T39/><D39/><U41/><E105/><V128/><F128/><N who="1" m="49257" /><E106/><V8/><F72/><W131/><G131/><T77/><D77/><U118/><E118/><V92/><F79/><W88/><G88/><T3/><D3/><U135/><E41/><V61/><F89/><W81/><G81/><T109/><D109/><U21/><E135/><V7/><F91/><W110/><G110/><T116/><D116/><U40/><E40/><V99/><F92/><W58/><G58/><T75/><D75/><U10/><AGARI ba="2,1" hai="9,10,13,16,21,46,50,55" m="49257,43593" machi="10" ten="40,2700,0" yaku="19,1,54,1" doraHai="117" who="1" fromWho="1" sc="171,-9,227,43,384,-9,208,-15" owari="162,-34.0,270,7.0,375,48.0,193,-21.0" /></mjloggm>