<mjloggm ver="2.3"><GO type="169"/><UN n0="%E5%AF%9B%E3%83%94%E3%82%A8%E3%83%AD" n1="%E5%A5%88%E8%90%BD%E3%81%AE%E7%8E%8B" n2="%E3%82%B6%E3%83%BC%E3%83%89" n3="%EF%BC%88%E2%89%A7%E2%96%BD%E2%89%A6%EF%BC%89" dan="16,17,16,17" rate="2077,2140,2064,2153" sx="M,M,M,M"/><TAIKYOKU oya="0"/><INIT seed="0,0,0,5,3,116" ten="250,250,250,250" oya="0" hai0="126,7,68,117,31,94,118,44,66,13,98,125,19" hai1="75,5,133,97,43,86,106,72,88,67,61,109,18" hai2="55,130,46,37,48,77,96,4,104,16,71,92,76" hai3="101,80,128,14,112,26,10,17,36,113,127,74,105"/><T25/><D7/><U135/><E5/><V102/><F130/><W90/><G36/><T62/><D44/><U11/><E43/><V84/><F71/><W38/><G38/><T34/><D19/><U89/><E109/><V54/><F37/><W58/><G127/><N who="0" m="48651" /><D13/><N who="1" m="7487" /><E106/><V12/><F4/><W49/><G128/><T123/><D123/><U93/><E89/><AGARI ba="0,0" hai="25,31,34,62,66,68,89,94,98,117,118" m="48651" machi="89" ten="30,1500,0" yaku="18,1" doraHai="116" who="0" fromWho="1" sc="250,15,250,-15,250,0,250,0" /><INIT seed="0,1,0,3,4,124" ten="265,235,250,250" oya="0" hai0="100,90,73,60,36,4,89,5,12,33,93,77,117" hai1="105,21,23,57,92,123,28,69,63,54,18,86,122" hai2="84,30,85,127,25,45,31,42,83,129,114,0,16" hai3="110,49,26,32,64,115,2,19,106,56,101,96,38"/><T13/><D36/><U35/><E105/><V109/><F114/><W125/><G125/><T48/><D33/><U24/><E69/><V116/><F127/><W51/><G115/><T44/><D117/><U55/><E35/><V41/><F116/><W11/><G38/><T81/><D60/><U118/><E118/><V131/><F0/><W46/><G110/><T40/><D100/><U133/><E133/><V29/><F109/><W108/><G108/><T9/><REACH who="0" step="1"/><D93/><REACH who="0" ten="255,235,250,250" step="2"/><U22/><E92/><V59/><F59/><W107/><G107/><T50/><D50/><U20/><E57/><V58/><F58/><W6/><G32/><T103/><D103/><U37/><E63/><V53/><F83/><W134/><G56/><T79/><D79/><U91/><E37/><V126/><F126/><W102/><G102/><T82/><D82/><U8/><E123/><V88/><F88/><W66/><G101/><T135/><D135/><U112/><E122/><V62/><F62/><W17/><G134/><T27/><D27/><U52/><E112/><V71/><F71/><W7/><G26/><T121/><D121/><U75/><E91/><V78/><F78/><W67/><G106/><T99/><D99/><U10/><E24/><V70/><F70/><W76/><G96/><T43/><D43/><N who="2" m="16394" /><F45/><W104/><G104/><T72/><D72/><U132/><E132/><V113/><F113/><W97/><G76/><T95/><D95/><U15/><E28/><V34/><F34/><W87/><G46/><T14/><D14/><U94/><E75/><V47/><F85/><W80/><G87/><RYUUKYOKU ba="1,1" sc="255,15,235,15,250,-15,250,-15" hai0="4,5,9,12,13,40,44,48,73,77,81,89,90" hai1="8,10,15,18,20,21,22,23,52,54,55,86,94" /><INIT seed="0,2,1,2,2,54" ten="270,250,235,235" oya="0" hai0="70,2,39,7,76,23,83,22,74,126,13,26,117" hai1="79,120,49,38,10,47,32,98,129,106,59,25,94" hai2="114,111,57,43,6,115,116,101,121,27,11,107,127" hai3="73,9,122,37,64,46,65,88,123,34,48,135,51"/><T86/><D39/><U108/><E106/><V31/><F121/><N who="3" m="46091" /><G73/><T52/><D70/><U3/><E120/><V4/><F116/><W103/><G34/><T30/><D117/><U45/><E79/><V67/><F111/><W130/><G130/><T102/><D126/><U113/><E108/><V133/><F127/><W96/><G135/><T60/><D2/><U131/><E113/><V124/><F124/><W1/><G37/><T105/><D105/><U85/><E85/><V61/><F133/><W55/><G51/><T20/><D102/><U69/><E69/><V16/><F43/><W99/><G88/><N who="0" m="51295" /><D74/><U89/><E38/><V125/><F125/><W71/><G71/><T29/><D76/><U82/><E82/><V18/><F115/><W42/><G42/><T97/><D97/><N who="3" m="37449" /><G103/><T132/><D132/><U68/><E68/><V19/><F114/><W75/><G75/><T21/><N who="0" m="5120" /><DORA hai="104" /><T91/><D91/><U93/><E89/><V14/><F101/><W77/><G77/><T62/><D26/><U17/><E98/><V80/><F107/><W58/><G46/><T78/><D78/><U56/><E32/><V41/><F41/><W44/><G44/><T50/><D7/><AGARI ba="2,1" hai="1,7,9,48,55,58,64,65" m="37449,46091" machi="7" ten="30,2000,0" yaku="13,1,52,1" doraHai="54,104" who="3" fromWho="0" sc="270,-26,250,0,235,0,235,36" /><INIT seed="1,0,0,5,4,101" ten="244,250,235,271" oya="1" hai0="36,44,102,76,22,91,13,83,45,33,56,110,54" hai1="90,133,115,112,32,55,72,21,62,66,68,41,23" hai2="79,8,104,93,96,67,25,50,129,81,100,86,57" hai3="126,85,2,14,134,65,74,113,130,37,20,77,26"/><U31/><E72/><V1/><F129/><W87/><G2/><T49/><D33/><U61/><E41/><V51/><F8/><W46/><G113/><T9/><D110/><U4/><E4/><V64/><F1/><W47/><G74/><T118/><D118/><U53/><E133/><V12/><F12/><W69/><G126/><T107/><D91/><U19/><E32/><V15/><F15/><W52/><G130/><T48/><D36/><U42/><E42/><V120/><F120/><W116/><G116/><T111/><D111/><U121/><E121/><V88/><F25/><W80/><G134/><T29/><D29/><U11/><E11/><V117/><F117/><W6/><G37/><T114/><D114/><U82/><E31/><V70/><F70/><W135/><G135/><T92/><D22/><U28/><E28/><V89/><F89/><W125/><G125/><T34/><D34/><U7/><E7/><V10/><F10/><N who="3" m="4439" /><G87/><N who="0" m="48615" /><D107/><U131/><E131/><V119/><F119/><W78/><G78/><T98/><D48/><N who="2" m="18474" /><F57/><W5/><G5/><AGARI ba="0,0" hai="5,9,13,44,45,49,54,56,92,98,102" m="48615" machi="5" ten="30,1000,0" yaku="8,1" doraHai="101" who="0" fromWho="3" sc="244,10,250,0,235,0,271,-10" /><INIT seed="2,0,0,0,0,25" ten="254,250,235,261" oya="2" hai0="78,2,60,70,56,120,17,94,42,54,3,99,62" hai1="112,134,79,15,87,69,90,0,16,14,123,36,84" hai2="18,107,47,30,109,115,108,37,102,76,61,38,77" hai3="33,4,89,85,75,127,122,28,26,95,6,93,31"/><V113/><F61/><W73/><G122/><T11/><D120/><U20/><E0/><V44/><F18/><W10/><G127/><T117/><D117/><U74/><E74/><V114/><F102/><W133/><G133/><T126/><D126/><U104/><E104/><V21/><F107/><W105/><G105/><T41/><D78/><N who="2" m="30314" /><F21/><W12/><G4/><T100/><D2/><U86/><E36/><N who="2" m="13931" /><F30/><W130/><G130/><T118/><D118/><U8/><E69/><V50/><F50/><W1/><G1/><T52/><D70/><U46/><E134/><V63/><F63/><W68/><G68/><T32/><D32/><U131/><E79/><V98/><F98/><W51/><G31/><T96/><D96/><U64/><E123/><V71/><F71/><W43/><REACH who="3" step="1"/><G93/><REACH who="3" ten="254,250,235,251" step="2"/><T29/><D29/><U22/><E131/><V101/><F101/><W124/><G124/><T40/><D3/><U66/><E16/><V110/><AGARI ba="0,1" hai="44,47,108,109,110,113,114,115" m="13931,30314" machi="110" ten="50,12000,1" yaku="28,2,14,1,10,1" doraHai="25" who="2" fromWho="2" sc="254,-40,250,-40,235,130,251,-40" /><INIT seed="2,1,0,1,3,105" ten="214,210,365,211" oya="2" hai0="16,130,74,115,103,106,104,32,23,4,54,107,119" hai1="134,72,17,125,57,85,77,25,18,121,91,118,98" hai2="90,94,5,35,3,80,51,84,36,128,48,66,55" hai3="40,82,102,111,14,95,11,92,131,114,120,127,64"/><V67/><F35/><W8/><G120/><T76/><D32/><U20/><E118/><V0/><F128/><W44/><G114/><T109/><D115/><U97/><E121/><V117/><F36/><W99/><G131/><T19/><D119/><U2/><E2/><V81/><F117/><W83/><G127/><T59/><D130/><U12/><E125/><V69/><F69/><W61/><G111/><T29/><D109/><U39/><E39/><V100/><F0/><W73/><G95/><T50/><D4/><U96/><E134/><V58/><F3/><W15/><G15/><T33/><D33/><U126/><E126/><V34/><F34/><W93/><G93/><T68/><D68/><U28/><E57/><V38/><F5/><W101/><G101/><T6/><D6/><U78/><E72/><V31/><F31/><W30/><G30/><T113/><D103/><U71/><E71/><V47/><F38/><W129/><G129/><T10/><D10/><N who="3" m="3625" /><G14/><T46/><D113/><U108/><E108/><V123/><F123/><W52/><G73/><T7/><D7/><U116/><E116/><V9/><F9/><W135/><G135/><T24/><REACH who="0" step="1"/><D59/><REACH who="0" ten="204,210,365,211" step="2"/><U60/><E12/><V122/><F122/><W26/><G26/><T41/><D41/><U79/><E25/><V124/><F124/><W42/><G42/><T63/><D63/><U43/><E60/><V89/><F100/><W65/><G40/><T132/><D132/><U45/><E43/><N who="2" m="24703" /><F94/><W21/><G61/><T13/><D13/><U86/><E45/><V62/><F62/><W56/><G44/><RYUUKYOKU ba="1,1" sc="204,15,210,-15,365,15,211,-15" hai0="16,19,23,24,29,46,50,54,74,76,104,106,107" hai2="51,55,58,66,67,80,81,84,89,90" /><INIT seed="2,2,1,0,4,14" ten="219,195,380,196" oya="2" hai0="57,29,1,116,100,132,63,113,85,6,0,70,119" hai1="108,64,135,4,120,68,16,69,96,92,71,104,19" hai2="15,44,123,51,95,17,91,9,66,20,84,134,45" hai3="43,109,8,72,25,35,75,118,81,37,34,86,121"/><V130/><F123/><W42/><G118/><T47/><D70/><U77/><E104/><V56/><F130/><W103/><G121/><T111/><D113/><U54/><E120/><V40/><F134/><W13/><G109/><T106/><D111/><U5/><E64/><V101/><F101/><W122/><G122/><T26/><D132/><U62/><E135/><V11/><REACH who="2" step="1"/><F45/><REACH who="2" ten="219,195,370,196" step="2"/><W39/><G103/><T7/><D100/><U80/><E108/><V38/><F38/><W102/><G102/><T74/><D47/><U79/><E71/><V115/><F115/><W58/><G39/><T49/><D116/><U50/><E69/><V99/><F99/><W88/><G37/><T61/><D119/><U112/><E112/><V124/><F124/><W97/><G97/><T65/><D106/><U60/><E68/><V55/><F55/><W36/><G36/><T127/><D127/><U125/><E125/><V59/><F59/><W82/><G58/><T114/><D57/><U94/><E96/><V128/><F128/><W28/><G43/><T3/><D114/><U31/><E54/><V93/><F93/><W133/><G133/><T129/><D129/><U53/><E53/><V41/><F41/><W21/><G42/><T73/><D65/><U126/><E126/><V76/><F76/><N who="3" m="44191" /><G72/><T83/><D73/><U110/><E110/><V52/><F52/><W23/><G35/><N who="0" m="20919" /><D74/><U12/><E79/><V27/><F27/><W98/><G98/><T105/><D105/><U30/><E77/><V22/><F22/><W46/><G46/><T18/><D49/><U24/><E50/><RYUUKYOKU ba="2,2" sc="219,-15,195,-15,370,15,196,15" hai2="9,11,15,17,20,40,44,51,56,66,84,91,95" hai3="8,13,21,23,25,28,34,82,86,88" /><INIT seed="2,3,2,1,4,119" ten="204,180,385,211" oya="2" hai0="52,108,92,47,27,0,16,5,2,114,9,74,120" hai1="10,125,41,118,102,34,53,40,19,112,131,64,99" hai2="8,80,33,12,132,49,1,11,81,84,123,32,97" hai3="134,18,82,45,51,103,66,77,86,14,38,110,69"/><V116/><F123/><W111/><G38/><T57/><D120/><U3/><E34/><V37/><F116/><W73/><G103/><T17/><D74/><U35/><E35/><V83/><F132/><W4/><G134/><T65/><D114/><U63/><E112/><V28/><F37/><W56/><G69/><T43/><D108/><N who="3" m="41513" /><G4/><T104/><D104/><U29/><E29/><V75/><F75/><W26/><G26/><T61/><D92/><U91/><E118/><V21/><F97/><W67/><G56/><T72/><D72/><U130/><E53/><V94/><F1/><W78/><G78/><T127/><D127/><U23/><E91/><V101/><F32/><W89/><G89/><T90/><D90/><U128/><E125/><V70/><F33/><W25/><G25/><T100/><D100/><U135/><E135/><V93/><F70/><W62/><G62/><T133/><D133/><U71/><E102/><V24/><F49/><W22/><G73/><T44/><D0/><U95/><E3/><V87/><F11/><W122/><G122/><T98/><D98/><U115/><E10/><V59/><F59/><W7/><G7/><T60/><D27/><N who="1" m="14847" /><E115/><V42/><F101/><W58/><G58/><T68/><REACH who="0" step="1"/><D47/><REACH who="0" ten="194,180,385,211" step="2"/><U79/><E99/><V36/><F94/><W121/><G121/><T107/><D107/><U76/><E95/><V124/><F124/><W113/><G113/><T31/><D31/><U48/><E79/><V106/><F93/><W30/><G30/><T6/><D6/><U39/><E76/><V109/><F106/><W54/><AGARI ba="3,3" hai="14,18,22,45,51,54,66,67,77,82,86" m="41513" machi="54" ten="30,2000,0" yaku="5,1,14,1" doraHai="119" who="3" fromWho="3" sc="194,-8,180,-8,385,-13,211,59" /><INIT seed="3,0,0,4,4,82" ten="186,172,372,270" oya="3" hai0="25,6,111,73,60,88,117,8,81,76,80,40,1" hai1="33,53,118,75,70,47,45,56,121,13,116,29,36" hai2="94,22,83,120,90,123,61,37,51,54,98,26,95" hai3="0,124,96,46,2,62,66,64,44,85,68,131,134"/><W14/><G124/><T19/><D117/><N who="1" m="45163" /><E70/><V112/><F37/><W38/><G134/><T129/><D129/><U99/><E75/><V71/><F112/><W109/><G131/><T9/><D111/><U16/><E99/><V10/><F10/><W104/><G109/><T20/><D40/><U128/><E121/><N who="2" m="46667" /><F61/><W97/><G38/><T110/><D110/><U59/><E36/><V107/><F71/><W135/><G68/><T108/><D108/><U11/><E128/><V3/><F3/><W24/><G62/><T15/><D60/><N who="1" m="35855" /><E59/><N who="2" m="33247" /><F107/><W103/><G104/><T130/><D130/><U50/><E50/><V84/><F98/><W52/><G97/><T77/><D73/><U39/><E39/><V27/><F27/><AGARI ba="0,0" hai="11,13,16,27,29,33,45,47" m="35855,45163" machi="27" ten="30,2000,0" yaku="12,1,54,1" doraHai="82" who="1" fromWho="2" sc="186,0,172,20,372,-20,270,0" /><INIT seed="4,0,0,4,5,10" ten="186,192,352,270" oya="0" hai0="36,53,56,108,86,65,100,58,29,84,67,128,73" hai1="80,115,132,2,89,5,49,26,27,23,61,114,20" hai2="6,81,19,57,40,95,90,111,126,123,52,25,135" hai3="39,54,124,77,85,66,64,63,18,98,48,120,16"/><T13/><D73/><U102/><E102/><V88/><F123/><W45/><G124/><T30/><D36/><U83/><E132/><V92/><F126/><W1/><G120/><T119/><D119/><U12/><E2/><V79/><F135/><W71/><G1/><T113/><D113/><N who="1" m="43019" /><E61/><N who="2" m="36007" /><F6/><W117/><G117/><T94/><D128/><U97/><E49/><V43/><F111/><W50/><G39/><T93/><D108/><U55/><E55/><V46/><F79/><W99/><G66/><T21/><D100/><U104/><E104/><V122/><F122/><W91/><G77/><T107/><D107/><U118/><E118/><V96/><F81/><N who="1" m="31305" /><E97/><N who="2" m="57479" /><F46/><W35/><G45/><T69/><D69/><U24/><E89/><V37/><F37/><W59/><G91/><T127/><D127/><U60/><E60/><V70/><F70/><W38/><G63/><T7/><D7/><U17/><E5/><V125/><F125/><W112/><G71/><T15/><D21/><AGARI ba="0,0" hai="12,17,20,21,23,24,26,27" m="31305,43019" machi="21" ten="40,5200,0" yaku="15,1,11,1,52,1" doraHai="10" who="1" fromWho="0" sc="186,-52,192,52,352,0,270,0" /><AGARI ba="0,0" hai="19,21,25,40,43,90,95,96" m="57479,36007" machi="21" ten="30,7700,0" yaku="25,1,8,1,54,2" doraHai="10" who="2" fromWho="0" sc="134,-77,244,0,352,77,270,0" /><INIT seed="5,0,0,0,0,27" ten="57,244,429,270" oya="1" hai0="71,106,40,68,87,49,66,58,80,22,63,34,60" hai1="3,75,32,15,33,29,39,48,13,98,114,23,10" hai2="25,121,90,59,92,42,51,50,46,84,14,35,134" hai3="115,93,77,91,104,132,122,105,112,19,69,41,108"/><U64/><E39/><V101/><F121/><W96/><G69/><N who="0" m="42207" /><D87/><U28/><E75/><V31/><F134/><W67/><G132/><T9/><D80/><U113/><E48/><V16/><F101/><W30/><G122/><T124/><D22/><U44/><E44/><V20/><REACH who="2" step="1"/><F59/><REACH who="2" ten="57,244,419,270" step="2"/><W125/><G112/><N who="1" m="43114" /><E98/><V73/><F73/><W2/><G96/><T45/><D124/><U78/><E64/><V8/><F8/><W1/><G67/><N who="0" m="39319" /><D106/><U126/><E126/><V47/><F47/><W65/><G104/><T81/><D9/><U107/><E107/><V79/><F79/><W128/><G77/><T116/><D116/><U74/><E78/><V38/><AGARI ba="0,1" hai="14,16,20,25,31,35,38,42,46,50,51,84,90,92" machi="38" ten="20,12000,2" yaku="1,1,0,1,7,1,52,1,54,1,53,1" doraHai="27" doraHaiUra="12" who="2" fromWho="2" sc="57,-30,244,-60,419,130,270,-30" /><INIT seed="6,0,0,0,2,36" ten="27,184,549,240" oya="2" hai0="111,87,117,49,110,103,76,114,38,40,15,98,25" hai1="18,121,81,6,19,90,123,64,85,69,108,35,26" hai2="57,45,28,51,118,105,12,126,95,46,79,86,73" hai3="32,61,60,14,128,130,113,58,5,80,0,88,82"/><V129/><F118/><W41/><G0/><T119/><D38/><U31/><E6/><V34/><F129/><N who="3" m="49771" /><G32/><T127/><D25/><U54/><E108/><N who="0" m="41513" /><D15/><U53/><E64/><V3/><F126/><W23/><G113/><T99/><D49/><U71/><E71/><V68/><F105/><W10/><G60/><T42/><D127/><U72/><E72/><V74/><F68/><W134/><G23/><T9/><D9/><U24/><E69/><V16/><F3/><W7/><G7/><T63/><D63/><U4/><E4/><V13/><F74/><W78/><G58/><T83/><D114/><U59/><E54/><V67/><F73/><W97/><G61/><T56/><D56/><U112/><E112/><V91/><F79/><W101/><G14/><T102/><D98/><U120/><E26/><V100/><F34/><W84/><G10/><T20/><D20/><U30/><E30/><V92/><F28/><W48/><G5/><T65/><D65/><U93/><E19/><V37/><F37/><W89/><G48/><T33/><D33/><U77/><E18/><V107/><F13/><W52/><G52/><T124/><D124/><U70/><E70/><V122/><F67/><W135/><G41/><N who="0" m="15979" /><D99/><N who="1" m="57783" /><E59/><V104/><F57/><W29/><G29/><T75/><D75/><U11/><E53/><V132/><F46/><W96/><G96/><T62/><D62/><U125/><E125/><V109/><F45/><W21/><G97/><T22/><D22/><U133/><E11/><V27/><F51/><W47/><G21/><T116/><AGARI ba="0,0" hai="76,83,87,102,103,116,117,119" m="15979,41513" machi="116" ten="40,8000,1" yaku="12,1,52,3" doraHai="36" who="0" fromWho="0" sc="27,80,184,-20,549,-40,240,-20" /><INIT seed="7,0,0,1,4,0" ten="107,164,509,220" oya="3" hai0="124,127,67,122,18,42,53,47,31,84,87,48,33" hai1="100,64,119,66,97,116,128,20,99,22,10,50,75" hai2="38,78,30,54,40,89,56,73,27,110,96,102,21" hai3="123,120,126,81,43,1,92,94,112,121,125,106,51"/><W70/><G70/><T111/><D111/><U15/><E75/><V104/><F110/><W59/><G1/><T80/><D122/><U11/><E50/><V76/><F73/><W25/><G106/><T37/><D67/><U117/><E128/><V63/><F89/><W36/><G36/><T58/><D18/><U115/><E115/><V16/><F30/><W19/><G112/><T68/><D68/><U7/><E11/><V131/><F131/><W105/><G105/><T101/><D101/><U71/><E97/><V86/><F86/><W133/><G133/><T90/><D31/><U74/><E74/><V113/><F113/><W44/><G59/><T72/><D72/><U13/><E71/><V28/><F28/><W4/><G19/><T118/><D33/><U12/><E66/><V91/><F91/><W39/><G121/><T41/><D41/><U26/><E64/><V52/><F54/><W93/><G43/><T45/><D45/><U95/><REACH who="1" step="1"/><E26/><REACH who="1" ten="107,154,509,220" step="2"/><V55/><F55/><N who="3" m="30183" /><G25/><T60/><D118/><U109/><E109/><V34/><F34/><W134/><G39/><T5/><D37/><U114/><E114/><V83/><F83/><W79/><G81/><T82/><REACH who="0" step="1"/><D5/><REACH who="0" ten="97,154,509,220" step="2"/><U129/><E129/><V103/><F103/><W32/><G4/><T3/><D3/><AGARI ba="0,2" hai="3,7,10,12,13,15,20,22,95,99,100,116,117,119" machi="3" ten="50,8000,1" yaku="1,1,12,1,52,1,53,1" doraHai="0" doraHaiUra="35" who="1" fromWho="0" sc="97,-80,154,100,509,0,220,0" owari="17,-48.0,254,5.0,509,61.0,220,-18.0" /></mjloggm>