<mjloggm ver="2.3"><GO type="41"/><UN n0="%46%61%6C%7A%65%6E" n1="%52%65%64%6D" n2="%43%68%72%6F%6E%75%73" n3="%EF%BC%88%E2%89%A7%E2%96%BD%E2%89%A6%EF%BC%89" dan="13,13,13,15" rate="1995,1843,2004,1995" sx="M,M,M,F"/><TAIKYOKU oya="0"/><INIT seed="0,0,0,2,4,26" ten="250,250,250,250" oya="0" hai0="19,109,37,119,34,124,73,133,49,47,55,99,17" hai1="39,88,69,75,71,2,60,4,28,116,40,126,112" hai2="32,110,129,106,82,50,107,22,115,36,93,132,38" hai3="16,29,43,135,98,125,56,94,74,97,7,14,68"/><T118/><D73/><U85/><E116/><V128/><F32/><W18/><G68/><T134/><D34/><U113/><E75/><V5/><F115/><N who="1" m="44105" /><E126/><V48/><F93/><W13/><G74/><T64/><D99/><U89/><E60/><V84/><F5/><W25/><G125/><T67/><D124/><U41/><E39/><V105/><F110/><W122/><G122/><T114/><D114/><U59/><E59/><V127/><F132/><N who="0" m="50794" /><D17/><N who="3" m="6761" /><G135/><T77/><D19/><U44/><E44/><V87/><F127/><W80/><G80/><T81/><D77/><U72/><E28/><V117/><F82/><W131/><G131/><N who="2" m="50249" /><F22/><N who="3" m="15543" /><G43/><N who="1" m="16458" /><E72/><V33/><F33/><W15/><G7/><T30/><D81/><N who="1" m="49199" /><E89/><V104/><N who="2" m="27136" /><DORA hai="96" /><V27/><F117/><N who="0" m="44554" /><D30/><U111/><E111/><V57/><F38/><W83/><G83/><T66/><D109/><U52/><E52/><N who="2" m="31879" /><F36/><AGARI ba="0,0" hai="36,37,47,49,55,64,66,67" m="44554,50794" machi="36" ten="40,7700,0" yaku="20,1,34,2" doraHai="26,96" who="0" fromWho="2" sc="250,77,250,0,250,-77,250,0" /><INIT seed="0,1,0,1,1,92" ten="327,250,173,250" oya="0" hai0="19,105,119,66,95,40,10,96,97,134,37,109,51" hai1="72,45,132,41,14,123,57,7,108,21,113,98,15" hai2="56,8,125,6,43,16,64,24,82,3,90,38,88" hai3="112,111,94,133,33,75,104,60,50,120,27,116,83"/><T79/><D119/><U32/><E123/><V70/><F70/><W22/><G116/><T25/><D37/><U93/><E32/><V129/><F125/><W118/><G118/><T46/><D134/><U117/><E117/><V110/><F110/><W58/><G133/><T5/><D109/><U20/><E132/><V71/><F71/><W28/><G111/><T55/><D79/><U63/><E108/><V124/><F124/><W107/><G120/><T126/><D126/><U29/><E72/><V131/><F43/><W44/><G112/><T68/><D55/><U101/><E113/><V30/><F38/><W4/><G4/><T130/><D130/><N who="2" m="49674" /><F82/><W121/><G121/><T73/><D73/><U127/><E127/><V87/><F87/><W61/><G33/><T47/><D105/><U9/><E15/><V54/><F30/><W36/><G36/><T34/><D47/><U103/><E101/><V128/><N who="2" m="49682" /><V42/><DORA hai="48" /><F64/><N who="3" m="38935" /><G107/><T67/><D68/><U77/><E77/><V102/><F102/><W62/><G104/><T26/><D34/><U81/><E81/><V13/><F24/><N who="0" m="9322" /><D5/><U18/><E29/><V114/><F42/><N who="3" m="24855" /><G75/><T100/><D96/><U86/><E86/><V11/><F114/><W69/><G69/><T1/><D1/><U53/><REACH who="1" step="1"/><E7/><REACH who="1" ten="327,240,173,250" step="2"/><V39/><F39/><AGARI ba="1,1" hai="9,14,18,20,21,39,41,45,53,57,63,93,98,103" machi="39" ten="30,12000,2" yaku="1,1,2,1,7,1,52,2,53,1" doraHai="92,48" doraHaiUra="52,84" who="1" fromWho="2" sc="327,0,240,133,173,-123,250,0" /><INIT seed="1,0,0,5,3,4" ten="327,373,50,250" oya="1" hai0="95,74,39,90,60,81,105,78,123,122,6,69,67" hai1="50,87,76,79,106,128,24,44,100,27,17,23,75" hai2="28,0,91,130,93,63,131,112,62,26,10,118,51" hai3="14,99,21,125,104,103,117,8,55,135,12,80,11"/><U102/><E75/><V107/><F118/><W86/><G117/><T40/><D105/><U77/><E128/><N who="2" m="49195" /><F107/><W111/><G135/><T134/><D134/><U54/><E106/><V47/><F112/><W64/><G125/><T73/><D95/><U116/><E116/><V132/><F132/><W115/><G115/><T30/><D90/><U3/><E3/><V124/><F124/><W126/><G126/><T13/><D30/><U109/><E109/><V45/><F45/><W114/><G114/><T88/><D88/><U61/><E27/><V53/><F0/><W127/><G127/><T65/><D13/><U121/><E121/><N who="0" m="46089" /><D6/><U59/><REACH who="1" step="1"/><E87/><REACH who="1" ten="327,363,50,250" step="2"/><N who="2" m="52479" /><F10/><W2/><G111/><T71/><D74/><U16/><E16/><V22/><AGARI ba="0,1" hai="22,26,28,47,51,53,62,63" m="52479,49195" machi="22" ten="30,1100,0" yaku="19,1" doraHai="4" who="2" fromWho="2" sc="327,-3,363,-5,50,21,250,-3" /><INIT seed="2,0,0,0,0,66" ten="324,358,71,247" oya="2" hai0="86,127,64,76,131,110,122,123,92,134,46,80,53" hai1="89,133,44,78,104,100,47,40,72,95,38,118,7" hai2="61,130,12,22,106,31,68,58,109,124,15,125,129" hai3="18,107,24,57,117,121,51,97,21,81,55,112,69"/><V52/><F106/><W2/><G121/><T19/><D64/><U28/><E118/><V88/><F109/><W90/><G117/><T71/><D71/><U102/><E28/><V82/><F31/><W84/><G112/><T42/><D110/><U67/><E133/><V32/><F32/><W41/><G2/><T113/><D113/><U54/><E7/><V13/><F22/><W116/><G116/><T120/><D134/><U26/><E26/><V73/><F68/><W60/><G41/><T23/><D131/><N who="2" m="50186" /><F73/><W39/><G39/><T27/><D127/><N who="2" m="48714" /><F82/><W126/><G126/><T11/><D11/><U59/><E67/><V98/><F98/><W6/><G6/><T99/><D53/><U56/><E47/><V50/><F88/><W96/><G107/><T29/><D29/><U17/><E104/><V34/><F34/><W105/><G105/><T14/><D14/><U74/><E72/><V10/><F61/><W20/><G69/><T132/><D132/><U35/><E35/><V65/><F65/><N who="3" m="39055" /><G21/><T77/><D77/><U43/><E78/><V33/><F33/><W93/><G81/><T114/><D114/><U36/><E74/><V79/><F79/><W108/><G108/><T91/><REACH who="0" step="1"/><D42/><REACH who="0" ten="314,358,71,247" step="2"/><U119/><E43/><V103/><F103/><W25/><G25/><T115/><D115/><U63/><E119/><V3/><F3/><W9/><G9/><AGARI ba="0,1" hai="9,10,12,13,15,50,52,58" m="48714,50186" machi="9" ten="40,7700,0" yaku="19,1,18,1,54,1" doraHai="66" who="2" fromWho="3" sc="314,0,358,0,71,87,247,-77" /><INIT seed="2,1,0,3,4,20" ten="314,358,158,170" oya="2" hai0="104,121,122,75,116,14,47,99,71,33,11,135,35" hai1="28,21,90,44,87,105,57,94,67,48,82,36,84" hai2="86,108,9,41,114,126,117,119,19,58,0,77,17" hai3="106,103,65,62,10,95,54,85,130,72,31,88,40"/><V100/><F114/><W93/><G130/><T4/><D71/><U68/><E105/><V15/><F126/><W101/><G72/><T39/><D75/><U63/><E36/><V97/><F0/><W53/><G106/><T111/><D111/><U45/><E68/><V79/><F41/><W113/><G113/><T133/><D116/><U83/><E48/><V37/><F37/><W22/><G40/><T16/><D47/><U1/><E1/><V56/><F108/><W25/><G10/><T12/><D39/><U124/><E124/><V29/><F29/><W123/><G123/><T69/><D99/><U23/><E94/><V55/><F19/><W5/><G5/><T46/><D46/><U78/><E23/><V73/><F73/><W59/><G103/><T115/><D104/><U107/><E107/><V26/><F26/><AGARI ba="1,0" hai="21,26,28,44,45,57,63,67,78,82,83,84,87,90" machi="26" ten="40,2600,0" yaku="8,1,52,1" doraHai="20" who="1" fromWho="2" sc="314,0,358,29,158,-29,170,0" /><INIT seed="3,0,0,5,4,119" ten="314,387,129,170" oya="3" hai0="112,30,20,29,84,108,114,48,127,34,22,83,132" hai1="61,107,75,113,64,28,12,120,101,86,130,9,3" hai2="96,63,135,50,14,0,10,88,94,53,71,100,76" hai3="122,44,43,82,104,45,91,39,60,116,95,115,5"/><W31/><G122/><T118/><D118/><U73/><E113/><N who="0" m="43625" /><D108/><U109/><E3/><V35/><F35/><W67/><G116/><T81/><D132/><U110/><E28/><N who="0" m="10857" /><D34/><U69/><E130/><V117/><F117/><W85/><G115/><T42/><D127/><U40/><E120/><V19/><F135/><W93/><G104/><T106/><D106/><U65/><E65/><V103/><F76/><W78/><G31/><T16/><D42/><U27/><E40/><V123/><F123/><W23/><G23/><N who="0" m="8747" /><D48/><U105/><E27/><V133/><F133/><W102/><G102/><T70/><D70/><U92/><E107/><V36/><F36/><W80/><G44/><T77/><D16/><N who="1" m="8207" /><E105/><V131/><F131/><W51/><G39/><T79/><D84/><U6/><E101/><V58/><REACH who="2" step="1"/><F0/><REACH who="2" ten="314,387,119,170" step="2"/><W128/><G128/><T49/><D49/><U37/><E37/><V33/><F33/><W125/><G51/><T68/><D68/><U8/><E69/><V41/><F41/><W99/><G78/><AGARI ba="0,1" hai="77,78,79,81,83" m="8747,10857,43625" machi="78" ten="30,3900,0" yaku="28,2,11,1" doraHai="119" who="0" fromWho="3" sc="314,49,387,0,119,0,170,-39" /><INIT seed="4,0,0,2,3,69" ten="363,387,119,131" oya="0" hai0="119,12,134,109,114,103,127,98,79,66,62,20,53" hai1="71,24,70,52,81,21,85,91,34,131,43,111,64" hai2="124,101,54,84,48,0,125,7,118,26,130,55,106" hai3="16,29,47,97,42,37,6,104,120,45,90,133,32"/><T63/><D119/><U28/><E111/><V8/><F118/><W105/><G120/><T77/><D109/><U23/><E43/><V132/><F132/><W56/><G133/><T2/><D134/><U89/><E131/><V110/><F110/><W51/><G6/><T72/><D2/><U135/><E135/><V80/><F130/><W87/><G56/><T39/><D114/><U27/><E71/><V75/><F75/><W13/><G97/><T46/><D127/><N who="2" m="48714" /><F26/><W129/><G129/><T30/><D72/><U116/><E116/><V57/><F101/><W49/><G29/><T25/><D12/><U99/><E34/><V112/><F106/><W50/><G32/><T41/><D53/><U76/><E70/><V44/><F112/><W92/><REACH who="3" step="1"/><G47/><REACH who="3" ten="363,387,119,121" step="2"/><T83/><D46/><U31/><E99/><V59/><F55/><W60/><G60/><T123/><D63/><U93/><E52/><V126/><F126/><W68/><G68/><T128/><D123/><U95/><REACH who="1" step="1"/><E64/><REACH who="1" ten="363,377,119,121" step="2"/><V19/><F54/><W5/><G5/><T35/><D66/><U15/><E15/><V38/><F7/><W86/><G86/><T17/><D128/><U117/><E117/><V121/><F84/><W82/><G82/><T102/><D83/><U88/><AGARI ba="0,2" hai="21,23,24,27,28,31,76,81,85,88,89,91,93,95" machi="88" ten="30,8000,1" yaku="1,1,0,1,9,1,8,1,54,1,53,0" doraHai="69" doraHaiUra="100" who="1" fromWho="1" sc="363,-40,377,100,119,-20,121,-20" /><INIT seed="5,0,0,4,0,33" ten="323,477,99,101" oya="1" hai0="70,48,59,105,87,99,45,9,115,18,62,103,73" hai1="49,42,51,135,72,116,19,54,120,29,63,22,76" hai2="13,61,127,123,37,124,41,119,35,43,108,66,90" hai3="64,30,112,28,104,8,88,0,31,21,111,12,84"/><U39/><E120/><V25/><F123/><W125/><G111/><T68/><D73/><U53/><E116/><V65/><F108/><W14/><G104/><T101/><D115/><U82/><E39/><V122/><F122/><W1/><G125/><N who="2" m="48201" /><F119/><W83/><G112/><T94/><D70/><U11/><E42/><N who="2" m="15883" /><F37/><W91/><G64/><N who="2" m="24681" /><F61/><W15/><G8/><T7/><D68/><U23/><E135/><V96/><F13/><W78/><REACH who="3" step="1"/><G21/><REACH who="3" ten="323,477,99,91" step="2"/><T24/><D9/><U67/><E22/><V77/><F77/><W10/><G10/><T60/><D105/><U4/><E11/><V85/><F96/><W26/><G26/><T44/><D24/><U113/><E113/><V56/><F56/><W17/><G17/><T80/><D59/><U81/><E23/><V69/><F69/><W97/><G97/><T34/><D18/><U128/><E19/><V79/><F79/><W129/><G129/><T46/><D99/><U134/><E128/><V106/><F106/><W126/><G126/><T71/><D71/><U75/><E76/><V6/><F6/><W100/><G100/><T57/><D101/><U117/><E4/><V98/><F98/><W95/><G95/><T131/><D94/><U47/><E117/><V16/><F35/><W130/><G130/><T121/><D103/><U36/><E29/><V92/><F25/><W32/><G32/><T110/><D34/><U55/><E75/><V114/><F16/><W38/><G38/><T102/><D131/><U52/><E72/><V2/><F114/><W40/><G40/><T74/><D121/><U27/><E27/><RYUUKYOKU ba="0,1" sc="323,-15,477,-15,99,15,91,15" hai2="2,85,90,92" hai3="0,1,12,14,15,28,30,31,78,83,84,88,91" /><INIT seed="6,1,1,3,4,37" ten="308,462,114,106" oya="2" hai0="59,77,116,101,72,41,80,65,107,67,106,18,58" hai1="47,78,34,60,114,104,123,87,13,7,16,119,125" hai2="76,26,98,25,64,73,71,110,79,83,24,109,50" hai3="22,28,3,128,117,88,36,105,30,118,14,66,15"/><V56/><F79/><W69/><G105/><T133/><D116/><N who="3" m="44649" /><G36/><T31/><D133/><U45/><E119/><V115/><F115/><W21/><G88/><T130/><D31/><N who="3" m="11817" /><G69/><T122/><D130/><U82/><E104/><V4/><F4/><W95/><G95/><T100/><D122/><U2/><E34/><V57/><F98/><W63/><G63/><T61/><D18/><U86/><E2/><V102/><F102/><W84/><G84/><T126/><D41/><U51/><E7/><V91/><F91/><W49/><G49/><T53/><D126/><U8/><E125/><V54/><F71/><W10/><G66/><T96/><REACH who="0" step="1"/><D59/><REACH who="0" ten="298,462,114,106" step="2"/><U33/><E123/><V74/><F57/><W75/><G128/><T121/><D121/><U1/><E114/><V99/><F56/><W111/><G111/><T29/><D29/><U127/><E33/><V48/><F110/><W62/><G22/><T129/><D129/><U124/><E127/><V38/><F109/><W93/><G21/><T17/><D17/><U131/><E124/><V5/><F5/><W113/><G113/><T23/><D23/><U20/><E131/><V89/><F26/><W70/><G70/><T12/><D12/><U135/><E135/><V94/><F25/><W19/><G15/><T81/><D81/><U90/><E1/><V92/><F83/><W40/><G3/><T85/><D85/><U120/><E86/><V46/><F24/><W43/><G14/><T44/><D44/><U42/><E120/><V6/><F46/><W0/><G19/><T103/><D103/><U108/><E82/><RYUUKYOKU ba="1,2" sc="298,30,462,-10,114,-10,106,-10" hai0="53,58,61,65,67,72,77,80,96,100,101,106,107" /><INIT seed="7,2,2,2,4,117" ten="328,452,104,96" oya="3" hai0="66,102,121,60,94,51,123,96,112,49,68,23,24" hai1="91,76,89,132,133,16,33,31,7,84,104,41,67" hai2="32,125,124,100,134,18,43,115,106,75,78,27,95" hai3="50,129,2,34,80,57,130,46,135,120,86,17,81"/><W22/><G34/><T35/><D35/><U65/><E104/><V42/><F115/><W1/><G135/><N who="1" m="51786" /><E7/><V55/><F106/><W19/><G57/><T131/><D131/><N who="3" m="50185" /><G120/><T37/><D37/><U4/><E4/><V116/><F78/><N who="3" m="46359" /><G81/><T109/><D109/><U21/><E33/><V82/><F82/><W110/><G110/><T38/><D38/><U53/><E31/><V93/><F75/><W15/><G19/><T6/><D6/><U83/><E41/><AGARI ba="2,2" hai="1,2,15,17,22,41,46,50" m="46359,50185" machi="41" ten="30,1500,0" yaku="19,1" doraHai="117" who="3" fromWho="1" sc="328,0,452,-21,104,0,96,41" /><INIT seed="7,3,0,4,5,77" ten="328,431,104,137" oya="3" hai0="92,57,99,79,7,41,13,35,120,30,87,31,14" hai1="116,84,69,122,22,10,9,45,38,75,21,66,3" hai2="36,94,132,62,5,123,81,115,18,112,25,71,65" hai3="117,95,100,2,118,108,121,104,128,17,20,58,61"/><W26/><G121/><T51/><D120/><U72/><E122/><V86/><F36/><W54/><G128/><T135/><D35/><U44/><E3/><V105/><F105/><W40/><G108/><T55/><D135/><U78/><E38/><V97/><F132/><W109/><G109/><T11/><D41/><U82/><E116/><V53/><F123/><W60/><G2/><T0/><D0/><U43/><E43/><V76/><F5/><W33/><G104/><T93/><D79/><U126/><E126/><V74/><F53/><W127/><G127/><T50/><D50/><U98/><E98/><V129/><F129/><W19/><G33/><T130/><D130/><U47/><E69/><V90/><F25/><W48/><G40/><T49/><D49/><U8/><REACH who="1" step="1"/><E66/><REACH who="1" ten="328,421,104,137" step="2"/><V46/><F46/><W16/><G118/><T59/><D87/><U73/><AGARI ba="3,1" hai="8,9,10,21,22,44,45,47,72,73,75,78,82,84" machi="73" ten="40,12000,2" yaku="1,1,2,1,0,1,29,2,52,1,53,0" doraHai="77" doraHaiUra="32" who="1" fromWho="1" sc="328,-33,421,139,104,-33,137,-63" owari="295,10.0,560,66.0,71,-43.0,74,-33.0" /></mjloggm>