<mjloggm ver="2.3"><GO type="41"/><UN n0="%4D%E7%90%86%E8%AB%96" n1="%42%50%E7%99%BD%E7%80%AC" n2="%E3%83%95%E3%83%BC%E3%81%A8%E3%83%81%E3%83%BC" n3="%EF%BC%88%E2%89%A7%E2%96%BD%E2%89%A6%EF%BC%89" dan="15,15,13,15" rate="1960,1954,1835,2031" sx="M,M,M,M"/><TAIKYOKU oya="0"/><INIT seed="0,0,0,4,2,99" ten="250,250,250,250" oya="0" hai0="65,114,101,19,100,7,52,113,61,81,46,105,107" hai1="84,16,85,117,77,39,115,97,111,47,20,89,38" hai2="130,4,6,12,27,53,23,110,50,22,96,134,71" hai3="90,21,54,33,91,45,25,1,104,128,109,57,83"/><T72/><D7/><U9/><E117/><V95/><F130/><W59/><G1/><T18/><D72/><U29/><E115/><V32/><F134/><W28/><G128/><T37/><D81/><U79/><E111/><V26/><F110/><W98/><G109/><T80/><D80/><U86/><E39/><V31/><F71/><W118/><G118/><T17/><D113/><U119/><E119/><V14/><F32/><W36/><G33/><T122/><D122/><U0/><E38/><V108/><F108/><W51/><G36/><T88/><D114/><U69/><E69/><V49/><F49/><W44/><G44/><T43/><D88/><U30/><E47/><V132/><F132/><W75/><G75/><T62/><D62/><U93/><E0/><V102/><F4/><W78/><G78/><N who="1" m="29706" /><E9/><V82/><F82/><W35/><G35/><T125/><D125/><U11/><E11/><V76/><F76/><W24/><G24/><AGARI ba="0,0" hai="16,20,24,29,30,84,85,86,89,93,97" m="29706" machi="24" ten="30,2000,0" yaku="8,1,54,1" doraHai="99" who="1" fromWho="3" sc="250,0,250,20,250,0,250,-20" /><INIT seed="1,0,0,0,3,44" ten="250,270,250,230" oya="1" hai0="8,24,126,61,134,127,47,121,97,65,68,73,52" hai1="124,92,94,66,3,22,96,46,20,115,10,82,87" hai2="113,102,40,129,37,0,4,18,114,85,48,81,45" hai3="14,100,132,53,56,89,111,26,103,39,70,32,23"/><U75/><E115/><N who="2" m="44043" /><F129/><W42/><G70/><T25/><D73/><U86/><E75/><V50/><F102/><W84/><G132/><T80/><D134/><U29/><E124/><N who="0" m="47657" /><D121/><U35/><E35/><V63/><F63/><W11/><G32/><T78/><D97/><U58/><E3/><V33/><F33/><W6/><G111/><T83/><D8/><U55/><E10/><N who="2" m="2311" /><F18/><N who="3" m="12663" /><G42/><T21/><D78/><AGARI ba="0,0" hai="37,40,45,48,50,78,81,85" m="2311,44043" machi="78" ten="30,3900,0" yaku="11,1,52,2" doraHai="44" who="2" fromWho="0" sc="250,-39,270,0,250,39,230,0" /><INIT seed="2,0,0,5,2,104" ten="211,270,289,230" oya="2" hai0="87,110,62,2,98,58,124,69,103,129,90,133,80" hai1="64,67,114,74,18,70,82,113,76,43,107,13,83" hai2="0,101,106,9,57,130,56,14,120,78,11,23,96" hai3="6,7,19,84,71,72,108,26,17,30,123,39,5"/><V59/><F120/><W37/><G123/><T73/><D2/><U29/><E107/><V20/><F130/><W51/><G72/><T41/><D41/><U111/><E111/><V117/><F117/><W91/><G108/><T15/><D69/><U112/><E70/><V118/><F118/><W75/><G75/><T125/><D110/><U28/><E83/><V65/><F65/><W53/><G71/><T36/><D36/><U95/><E43/><V128/><F128/><W25/><G39/><T77/><D129/><U85/><E64/><V102/><F78/><W3/><G3/><T132/><D15/><U66/><E67/><V48/><F48/><W105/><G105/><N who="0" m="63735" /><D58/><U12/><E66/><V79/><F79/><W119/><G37/><T8/><D8/><U127/><E12/><V63/><F63/><W55/><G119/><T109/><D62/><U93/><E85/><V121/><F121/><W10/><G10/><T40/><D40/><U54/><E54/><N who="3" m="20490" /><G51/><T116/><D116/><U135/><E114/><V27/><F27/><N who="3" m="10251" /><G30/><T126/><D109/><U35/><E29/><V21/><F102/><W88/><G84/><T81/><AGARI ba="0,0" hai="73,77,80,81,87,90,124,125,126,132,133" m="63735" machi="81" ten="40,8000,1" yaku="18,1,34,2,52,1" doraHai="104" who="0" fromWho="0" sc="211,80,270,-20,289,-40,230,-20" /><INIT seed="3,0,0,4,1,32" ten="291,250,249,210" oya="3" hai0="42,28,92,62,35,91,61,117,103,11,76,130,75" hai1="46,2,1,31,98,105,80,30,125,15,97,110,58" hai2="56,119,101,14,5,41,65,82,9,63,10,69,66" hai3="126,93,22,25,116,121,12,48,43,8,57,109,124"/><W16/><G121/><T129/><D117/><U24/><E105/><V100/><F119/><W19/><G116/><T122/><D122/><U33/><E46/><V133/><F133/><W37/><G109/><T73/><D103/><U106/><E106/><V39/><F82/><W123/><G123/><T107/><D107/><U118/><E118/><V34/><F34/><W3/><G37/><T85/><D42/><U51/><E110/><V112/><F112/><W53/><G43/><T47/><D47/><U95/><E125/><N who="3" m="48234" /><G93/><T78/><D11/><U111/><E111/><V72/><F72/><N who="0" m="27722" /><D28/><U120/><E80/><V79/><F79/><N who="0" m="30250" /><D35/><U13/><E31/><V132/><F132/><W88/><G88/><T54/><D54/><U45/><E97/><V27/><F27/><W99/><G99/><T128/><AGARI ba="0,0" hai="61,62,85,91,92,128,129,130" m="30250,27722" machi="128" ten="40,1500,0" yaku="19,1" doraHai="32" who="0" fromWho="0" sc="291,15,250,-4,249,-4,210,-7" /><INIT seed="4,0,0,4,3,114" ten="306,246,245,203" oya="0" hai0="69,10,92,128,121,72,89,20,13,4,73,63,51" hai1="40,59,131,16,50,134,110,5,53,75,9,22,83" hai2="116,2,12,62,28,57,133,3,98,126,17,132,60" hai3="56,7,87,18,55,91,106,101,88,32,77,81,78"/><T122/><D128/><U31/><E110/><V71/><F126/><W119/><G32/><T120/><D51/><U123/><E123/><V129/><F129/><W25/><G119/><T36/><D36/><U65/><E134/><V105/><F28/><W97/><G7/><T79/><D79/><U41/><E31/><V14/><F71/><W42/><G42/><T74/><D20/><U86/><E75/><V125/><F125/><W29/><G91/><T34/><D34/><U80/><E65/><V100/><F62/><W37/><G37/><T30/><D30/><U96/><E96/><V15/><F17/><W135/><G135/><N who="2" m="51785" /><F116/><W47/><G47/><T115/><D115/><U44/><E131/><V99/><F99/><W39/><G39/><T118/><D118/><U43/><E44/><V67/><AGARI ba="0,0" hai="2,3,12,14,15,57,60,67,98,100,105" m="51785" machi="67" ten="30,1100,0" yaku="20,1" doraHai="114" who="2" fromWho="2" sc="306,-5,246,-3,245,11,203,-3" /><INIT seed="5,0,0,3,2,94" ten="301,243,256,200" oya="1" hai0="49,123,0,106,27,126,131,21,78,42,79,46,75" hai1="92,73,113,72,97,86,3,15,85,110,127,107,102" hai2="119,22,74,16,65,118,130,133,83,122,62,31,43" hai3="77,48,51,45,104,135,87,116,54,95,70,89,91"/><U68/><E68/><V121/><F43/><W52/><G135/><T5/><D106/><U9/><E3/><V80/><F130/><W76/><G116/><T101/><D131/><U84/><E9/><V124/><F133/><W100/><G70/><T26/><D101/><U28/><E28/><V81/><F74/><N who="1" m="28777" /><E15/><V66/><F124/><W112/><G112/><T125/><D123/><U111/><E127/><N who="0" m="48649" /><D75/><U98/><E113/><V82/><F31/><W32/><G32/><T117/><D117/><U99/><E107/><V55/><F119/><W19/><G19/><N who="0" m="12607" /><D27/><U53/><E53/><V18/><F118/><W96/><REACH who="3" step="1"/><G89/><REACH who="3" ten="301,243,256,190" step="2"/><T57/><D5/><U63/><E63/><V11/><F62/><W20/><G20/><T8/><D8/><U7/><E7/><V129/><F22/><W14/><G14/><T60/><D0/><U105/><E105/><V34/><F34/><W128/><G128/><T40/><D40/><U33/><E33/><V88/><F11/><W71/><G71/><T90/><D90/><U37/><E37/><V2/><F88/><W61/><G61/><T103/><D60/><U6/><E6/><V109/><F129/><W56/><AGARI ba="0,1" hai="45,48,51,52,54,56,76,77,87,91,95,96,100,104" machi="56" ten="20,8000,1" yaku="1,1,0,1,7,1,52,1,54,1,53,0" doraHai="94" doraHaiUra="114" who="3" fromWho="3" sc="301,-20,243,-40,256,-20,190,90" /><INIT seed="6,0,0,0,5,54" ten="281,203,236,280" oya="2" hai0="33,72,21,101,44,96,48,117,30,64,106,52,8" hai1="18,89,51,36,41,94,32,13,15,77,27,91,83" hai2="134,80,19,129,14,108,49,113,63,0,11,53,9" hai3="81,50,29,3,126,123,84,62,20,6,114,67,60"/><V2/><F108/><W102/><G123/><T86/><D72/><U23/><E36/><V109/><F109/><W76/><G126/><T93/><D33/><U107/><E107/><V135/><F129/><W46/><G114/><T110/><D110/><U38/><E38/><V100/><F113/><W25/><G102/><T111/><D111/><U118/><E118/><V37/><F37/><W125/><G125/><T58/><D117/><U26/><E32/><V4/><F100/><W68/><G62/><N who="0" m="37975" /><D106/><U28/><E26/><V98/><F98/><W95/><G95/><T87/><D8/><U103/><E103/><V35/><F35/><W1/><REACH who="3" step="1"/><G6/><REACH who="3" ten="281,203,236,270" step="2"/><T59/><D44/><N who="1" m="25999" /><E94/><V24/><F80/><W43/><AGARI ba="0,1" hai="1,3,20,25,29,43,46,50,60,67,68,76,81,84" machi="43" ten="20,2700,0" yaku="1,1,0,1,7,1,53,0" doraHai="54" doraHaiUra="70" who="3" fromWho="3" sc="281,-7,203,-7,236,-13,270,37" /><INIT seed="7,0,0,5,5,13" ten="274,196,223,307" oya="3" hai0="63,122,123,62,91,17,20,36,124,100,48,44,88" hai1="68,67,60,4,22,29,58,2,108,105,66,19,49" hai2="96,35,14,126,103,37,135,119,118,12,55,51,120" hai3="56,38,117,21,127,104,41,47,72,129,32,27,28"/><W133/><G117/><T10/><D36/><U97/><E108/><V42/><F120/><W84/><G72/><T79/><D123/><U75/><E75/><V18/><F126/><W53/><G104/><T130/><D122/><U61/><E29/><V11/><F135/><W81/><G127/><T94/><D124/><U86/><E86/><V3/><F3/><W102/><G102/><T89/><D130/><U77/><E77/><V113/><F113/><W8/><G133/><T114/><D114/><U101/><E49/><V87/><F35/><W50/><G129/><T71/><D71/><U64/><E64/><V93/><F87/><W54/><G8/><T110/><D110/><U95/><E105/><V23/><F42/><W5/><G5/><T107/><D79/><U70/><E58/><V125/><F37/><W131/><G131/><T33/><D33/><U83/><E83/><V121/><F125/><W92/><G92/><T30/><D10/><U109/><E109/><V69/><F69/><W26/><G53/><N who="0" m="29831" /><D30/><U24/><REACH who="1" step="1"/><E4/><REACH who="1" ten="274,186,223,307" step="2"/><V31/><F31/><W9/><G28/><T43/><D107/><U80/><E80/><V90/><F121/><W45/><G56/><T112/><D112/><U1/><AGARI ba="0,1" hai="1,2,19,22,24,60,61,66,67,68,70,95,97,101" machi="1" ten="30,7900,0" yaku="1,1,0,1,9,1,52,1,53,0" doraHai="13" doraHaiUra="116" who="1" fromWho="1" sc="274,-20,186,89,223,-20,307,-39" /><INIT seed="8,0,0,5,3,81" ten="254,275,203,268" oya="0" hai0="87,38,106,42,68,119,45,22,12,86,26,91,92" hai1="14,93,71,78,29,41,9,37,50,10,27,76,63" hai2="58,40,117,80,8,114,49,130,43,32,67,65,21" hai3="132,126,127,73,79,131,18,23,60,95,48,56,36"/><T85/><D119/><U113/><E37/><V99/><F117/><W103/><G36/><T19/><D106/><U34/><E113/><V121/><F121/><W83/><G132/><T118/><D118/><U24/><E71/><V39/><F114/><W31/><G131/><T4/><D68/><U11/><E63/><V116/><F116/><W3/><G3/><T5/><REACH who="0" step="1"/><D12/><REACH who="0" ten="244,275,203,268" step="2"/><U0/><E14/><V44/><F32/><W15/><G15/><T33/><D33/><U64/><E0/><V96/><F130/><W109/><G127/><T59/><D59/><U77/><E27/><V66/><F80/><W82/><G126/><T89/><D89/><U125/><E125/><V20/><F8/><W98/><G82/><T47/><D47/><U74/><E10/><V7/><F7/><AGARI ba="0,1" hai="4,5,7,19,22,26,38,42,45,85,86,87,91,92" machi="7" ten="40,12000,1" yaku="1,1,52,3,53,1" doraHai="81" doraHaiUra="13" who="0" fromWho="2" sc="244,130,275,0,203,-120,268,0" owari="374,47.0,275,8.0,83,-42.0,268,-13.0" /></mjloggm>