<mjloggm ver="2.3"><GO type="41"/><UN n0="%6E%6F%6F%6D" n1="%E3%81%82%E3%81%8B%E3%81%B2%E3%82%8B" n2="%4E%61%72%69%62%6F%6F" n3="%E3%82%A6%E3%83%AB%E3%83%88%E3%83%A9%E7%AB%8B%E7%9B%B4" dan="15,13,15,15" rate="2106,1888,1966,2009" sx="M,M,M,M"/><TAIKYOKU oya="0"/><INIT seed="0,0,0,0,3,11" ten="250,250,250,250" oya="0" hai0="72,84,64,37,101,129,69,0,128,77,111,123,97" hai1="34,75,89,83,106,40,78,127,43,42,45,51,118" hai2="44,119,100,28,80,20,112,90,74,7,114,2,35" hai3="23,99,66,10,104,12,124,130,19,122,9,1,132"/><T31/><D37/><U116/><E34/><V133/><F35/><W91/><G124/><T58/><D0/><U5/><E127/><V29/><F100/><W60/><G130/><T76/><D69/><U73/><E106/><V121/><F121/><W93/><G132/><T81/><D123/><U103/><E103/><V120/><F133/><W98/><G122/><T126/><D31/><U18/><E18/><V115/><F119/><W87/><G104/><T107/><D126/><U46/><E89/><V135/><F20/><W39/><G39/><T71/><D71/><U125/><E125/><V61/><F135/><W38/><G38/><T62/><D76/><U85/><E5/><V13/><F2/><W96/><REACH who="3" step="1"/><G1/><REACH who="3" ten="250,250,250,240" step="2"/><T25/><D129/><U56/><E118/><V109/><F120/><W8/><G8/><T117/><D128/><U110/><E116/><V86/><F115/><W3/><G3/><T53/><D117/><U52/><REACH who="1" step="1"/><E110/><REACH who="1" ten="250,240,250,240" step="2"/><V41/><F109/><W33/><G33/><T14/><D111/><U15/><E15/><V47/><F13/><W70/><AGARI ba="0,2" hai="9,10,12,19,23,60,66,70,87,91,93,96,98,99" machi="70" ten="30,12000,2" yaku="1,1,0,1,52,1,53,3" doraHai="11" doraHaiUra="94" who="3" fromWho="3" sc="250,-60,240,-30,250,-30,240,140" /><INIT seed="1,0,0,2,3,74" ten="190,210,220,380" oya="1" hai0="58,25,111,15,120,44,9,117,1,101,107,121,11" hai1="113,82,34,115,61,27,29,22,13,94,32,64,62" hai2="40,24,42,83,63,129,79,71,57,48,90,134,131" hai3="51,26,78,70,124,109,106,127,55,16,73,54,53"/><U7/><E94/><V87/><F71/><W39/><G39/><T86/><D117/><U102/><E102/><V28/><F134/><W6/><G70/><T67/><D107/><U52/><E82/><V10/><F10/><W125/><G106/><T21/><D101/><U60/><E115/><V19/><F19/><W33/><G6/><T38/><D86/><U108/><E113/><V5/><F5/><W50/><G109/><T76/><D111/><U12/><E108/><V99/><F48/><W17/><G33/><T2/><D76/><U135/><E135/><V4/><F4/><W23/><G17/><T81/><D81/><AGARI ba="0,0" hai="16,23,26,50,51,53,54,55,73,78,81,124,125,127" machi="81" ten="50,6400,0" yaku="18,1,52,1,54,1" doraHai="74" who="3" fromWho="0" sc="190,-64,210,0,220,0,380,64" /><INIT seed="2,0,0,4,4,7" ten="126,210,220,444" oya="2" hai0="101,69,129,26,11,83,81,24,133,28,18,63,0" hai1="84,50,73,35,122,4,123,65,82,52,120,113,5" hai2="78,75,85,107,39,41,61,106,117,31,109,80,38" hai3="132,126,97,2,79,134,54,96,102,112,43,94,91"/><V90/><F117/><W128/><G43/><T17/><D133/><N who="3" m="51305" /><G2/><T44/><D129/><U34/><E73/><V3/><F31/><W47/><G79/><T114/><D101/><U95/><E113/><V33/><F33/><N who="1" m="12297" /><E95/><V19/><F61/><W45/><G126/><T99/><D99/><U49/><E65/><V100/><F39/><W72/><G72/><T110/><D69/><U125/><E125/><V108/><F41/><W77/><G77/><T14/><D63/><U127/><E127/><V74/><F38/><W86/><G128/><T135/><D44/><N who="1" m="27687" /><E50/><V9/><F75/><W48/><G112/><T92/><D114/><U111/><E111/><N who="2" m="42571" /><F100/><W42/><G102/><T62/><D110/><U64/><E64/><V76/><F76/><AGARI ba="0,0" hai="4,5,76,82,84,120,122,123" m="27687,12297" machi="76" ten="40,2600,0" yaku="13,1,54,1" doraHai="7" who="1" fromWho="2" sc="126,0,210,26,220,-26,444,0" /><INIT seed="3,0,0,3,4,108" ten="126,236,194,444" oya="3" hai0="114,109,22,134,41,5,87,68,34,54,18,132,95" hai1="32,104,44,58,117,13,30,73,55,94,46,66,125" hai2="49,78,7,74,50,79,9,40,31,60,71,93,106" hai3="83,77,61,57,4,56,98,101,10,51,122,128,27"/><W89/><G122/><T113/><D68/><U127/><E73/><V90/><F106/><W33/><G128/><T80/><D95/><U99/><E104/><V1/><F31/><W100/><G33/><T19/><D41/><U116/><E32/><V135/><F135/><N who="0" m="51754" /><D34/><U45/><E30/><V124/><F124/><N who="1" m="47689" /><E13/><V69/><F71/><W102/><G27/><T86/><D109/><U36/><E94/><V43/><F43/><W24/><G24/><T82/><D54/><U91/><E91/><V105/><F105/><W2/><G89/><T26/><D5/><U53/><E99/><V20/><F20/><W121/><G121/><T0/><D0/><U72/><E72/><V64/><F40/><W14/><G98/><T35/><D35/><U123/><E123/><V38/><F38/><W48/><G2/><T25/><D26/><U112/><E112/><N who="0" m="43113" /><D19/><U12/><E12/><V88/><F1/><W8/><G14/><T133/><N who="0" m="51762" /><T129/><DORA hai="28" /><D129/><U63/><E36/><V96/><F7/><W29/><G4/><T85/><AGARI ba="0,0" hai="18,22,25,80,82,85,86,87" m="43113,51762" machi="85" ten="50,8000,1" yaku="20,1,11,1,52,3" doraHai="108,28" who="0" fromWho="0" sc="126,80,236,-20,194,-20,444,-40" /><INIT seed="4,0,0,3,5,124" ten="206,216,174,404" oya="0" hai0="117,123,57,19,86,35,50,11,71,17,28,15,119" hai1="95,107,78,126,2,14,112,22,114,45,131,37,52" hai2="3,116,67,33,20,90,74,132,106,41,102,118,47" hai3="48,69,135,85,130,91,25,39,87,94,75,89,5"/><T31/><D71/><U100/><E107/><V93/><F33/><W64/><G39/><T42/><D123/><U9/><E126/><V97/><F3/><W99/><G75/><T109/><D109/><U24/><E2/><V4/><F4/><W134/><G64/><T29/><D35/><U81/><E37/><V55/><F67/><W125/><G69/><T127/><D127/><U101/><E131/><V105/><F55/><W38/><G38/><T70/><D70/><U129/><E129/><V26/><F74/><W51/><G130/><T8/><D42/><U111/><E111/><V18/><F132/><N who="3" m="50731" /><G99/><T92/><D117/><N who="2" m="45162" /><F102/><W88/><G89/><N who="0" m="53303" /><D119/><U40/><E95/><V34/><F34/><W58/><G125/><T115/><D115/><N who="1" m="44075" /><E40/><V6/><F6/><W73/><G5/><N who="0" m="3471" /><D11/><U72/><E9/><V104/><F104/><W82/><G73/><T96/><D96/><U7/><E7/><V128/><F128/><W59/><G87/><T98/><D98/><U60/><E14/><V36/><AGARI ba="0,0" hai="18,20,26,36,41,47,90,93,97,105,106" m="45162" machi="36" ten="30,1100,0" yaku="12,1" doraHai="124" who="2" fromWho="2" sc="206,-5,216,-3,174,11,404,-3" /><INIT seed="5,0,0,0,3,122" ten="201,213,185,401" oya="1" hai0="47,66,92,129,115,65,43,105,76,50,32,89,6" hai1="94,131,99,33,91,104,112,30,38,31,85,116,110" hai2="86,25,36,49,61,15,44,52,7,41,84,46,102" hai3="53,58,119,82,72,126,57,108,3,71,125,23,35"/><U69/><E116/><V90/><F102/><W22/><G71/><T60/><D115/><U4/><E112/><V118/><F118/><W97/><G3/><T54/><D129/><U75/><E131/><V63/><F86/><W18/><G35/><T127/><D127/><N who="3" m="48649" /><G119/><T87/><D32/><U78/><E69/><V16/><F25/><W100/><G57/><T114/><D105/><U95/><E38/><V59/><F7/><W73/><G82/><T120/><D120/><U21/><E33/><V81/><REACH who="2" step="1"/><F59/><REACH who="2" ten="201,213,175,401" step="2"/><W13/><G73/><T74/><D114/><U88/><E4/><V109/><F109/><W40/><G72/><T70/><D6/><U14/><E110/><V48/><F48/><W0/><G108/><T135/><D74/><U28/><E104/><V55/><F55/><W133/><G100/><T101/><D101/><U2/><E2/><V98/><F98/><W103/><G0/><T17/><D70/><U80/><REACH who="1" step="1"/><E14/><REACH who="1" ten="201,203,175,401" step="2"/><V39/><F39/><W24/><G13/><T68/><D68/><U42/><E42/><V5/><F5/><W123/><G40/><T128/><D43/><U124/><E124/><V121/><F121/><W45/><G123/><T79/><D128/><U111/><E111/><V34/><F34/><W9/><G24/><AGARI ba="0,2" hai="21,24,28,30,31,75,78,80,85,88,91,94,95,99" machi="24" ten="40,3900,0" yaku="1,1,54,1,53,0" doraHai="122" doraHaiUra="1" who="1" fromWho="3" sc="201,0,203,59,175,0,401,-39" /><INIT seed="5,1,0,2,4,3" ten="201,262,175,362" oya="1" hai0="117,58,60,33,78,90,76,2,132,116,63,111,4" hai1="44,100,123,57,106,71,75,32,79,68,50,15,13" hai2="127,36,108,16,112,38,26,40,107,10,34,59,113" hai3="52,124,51,65,64,46,87,131,77,29,96,37,122"/><U18/><E32/><V84/><F107/><W9/><G37/><T109/><D33/><U54/><E123/><V92/><F108/><W23/><G122/><T128/><D2/><U129/><E129/><V135/><F34/><W48/><G131/><T82/><D128/><U20/><E13/><V91/><F135/><W102/><G124/><T39/><D39/><U6/><E75/><V25/><F127/><W28/><G51/><T119/><D58/><U99/><E79/><V31/><F59/><W133/><G133/><T69/><D69/><U45/><REACH who="1" step="1"/><E6/><REACH who="1" ten="201,252,175,362" step="2"/><V53/><F26/><W94/><G77/><T24/><D132/><U42/><E42/><V61/><F25/><W86/><G29/><T81/><D24/><U74/><E74/><V114/><F40/><W125/><G125/><T105/><D119/><U73/><E73/><V88/><F31/><W95/><G28/><T85/><D4/><U83/><E83/><V70/><F114/><W35/><G35/><T101/><D117/><U97/><E97/><V72/><F72/><W80/><G80/><T104/><D116/><U11/><E11/><V67/><F10/><W103/><G9/><T7/><D7/><U1/><E1/><V49/><F113/><W110/><G23/><T17/><D78/><U22/><E22/><V8/><F8/><W47/><G96/><T130/><D130/><U30/><E30/><V118/><F112/><W21/><G21/><T126/><D76/><U5/><E5/><V12/><F12/><W41/><G41/><T43/><D126/><U98/><E98/><V27/><F118/><RYUUKYOKU ba="1,1" sc="201,-10,252,30,175,-10,362,-10" hai1="15,18,20,44,45,50,54,57,68,71,99,100,106" /><INIT seed="5,2,1,3,1,78" ten="191,282,165,352" oya="1" hai0="37,113,85,76,54,51,50,77,40,61,35,12,7" hai1="115,38,3,106,14,84,28,88,95,104,81,68,39" hai2="91,123,131,23,99,44,19,32,97,82,69,93,53" hai3="89,46,2,24,102,121,125,15,98,127,124,122,29"/><U67/><E115/><V0/><F123/><W16/><G2/><T118/><D35/><U92/><E3/><V47/><F69/><W18/><G89/><T21/><D37/><U74/><E28/><V45/><F32/><N who="3" m="20519" /><G46/><T10/><D118/><U111/><E111/><V42/><F0/><W26/><G26/><T4/><D77/><U25/><E25/><N who="2" m="14591" /><F42/><W135/><G135/><T27/><D113/><U36/><E14/><V11/><F11/><N who="3" m="6271" /><G18/><T31/><D7/><U70/><E67/><V64/><F64/><W34/><G34/><T75/><D75/><U83/><E74/><V66/><F66/><W49/><G49/><T33/><D33/><U108/><E108/><V30/><F30/><W130/><G130/><T17/><D40/><U87/><E39/><V79/><F131/><W100/><G100/><T41/><D41/><U48/><E48/><N who="2" m="28831" /><F99/><W73/><G73/><T20/><D61/><U56/><REACH who="1" step="1"/><E56/><REACH who="1" ten="191,272,165,352" step="2"/><V110/><F110/><W6/><G6/><T63/><D51/><U120/><E120/><V62/><F62/><W129/><G129/><T60/><D63/><U94/><E94/><AGARI ba="2,2" hai="94,98,102,121,122,124,125,127" m="6271,20519" machi="94" ten="30,2000,0" yaku="18,1,54,1" doraHai="78" who="3" fromWho="1" sc="191,0,272,-26,165,0,352,46" /><INIT seed="6,0,0,1,4,19" ten="191,246,165,398" oya="2" hai0="108,9,115,62,132,130,113,80,118,116,123,134,73" hai1="14,106,41,42,107,45,5,35,17,120,49,128,79" hai2="74,127,40,0,125,117,31,59,44,133,37,7,26" hai3="29,47,16,66,121,38,36,122,64,55,97,28,83"/><V43/><F117/><N who="0" m="45162" /><D9/><U67/><E35/><V33/><F43/><W126/><G97/><T88/><D62/><U103/><E120/><V114/><F59/><W85/><G126/><N who="2" m="48137" /><F114/><N who="0" m="43530" /><D123/><U119/><E128/><V93/><F93/><W129/><G85/><N who="0" m="50215" /><D108/><U94/><E119/><V20/><F133/><N who="0" m="51306" /><D73/><U76/><E5/><V32/><F74/><W10/><G10/><AGARI ba="0,0" hai="0,7,10,20,26,31,32,33,37,40,44" m="48137" machi="10" ten="30,2900,0" yaku="18,1,52,1" doraHai="19" who="2" fromWho="3" sc="191,0,246,0,165,29,398,-29" /><INIT seed="6,1,0,2,0,46" ten="191,246,194,369" oya="2" hai0="76,71,7,133,100,47,24,38,121,59,70,97,110" hai1="45,55,53,131,54,57,78,88,80,118,25,108,61" hai2="69,14,43,98,101,74,17,72,129,3,116,77,60" hai3="124,27,9,120,0,33,91,132,1,75,122,16,13"/><V86/><F116/><W19/><G91/><T103/><D76/><U119/><E108/><V34/><F3/><N who="3" m="1099" /><G75/><T37/><D7/><U63/><E131/><V18/><F129/><W94/><G94/><T128/><D24/><U10/><E118/><V21/><F34/><W31/><G124/><T134/><D128/><U20/><E119/><V115/><F86/><W130/><G130/><T90/><D90/><U104/><E104/><V51/><F77/><W6/><G132/><T99/><D59/><U56/><E10/><V102/><F102/><W4/><G4/><T52/><D47/><U48/><E78/><V82/><F82/><W73/><G73/><T123/><REACH who="0" step="1"/><D52/><REACH who="0" ten="181,246,194,369" step="2"/><U87/><REACH who="1" step="1"/><E25/><REACH who="1" ten="181,236,194,369" step="2"/><V92/><F115/><W89/><G27/><T95/><D95/><U36/><E36/><V26/><F92/><W68/><G9/><T85/><D85/><U135/><E135/><V15/><F74/><W106/><G106/><T11/><D11/><U117/><E117/><V127/><F72/><W62/><G6/><T84/><D84/><U65/><E65/><V64/><F26/><W105/><G105/><T28/><D28/><U79/><E79/><V42/><F127/><W107/><G31/><T50/><D50/><U109/><E109/><AGARI ba="1,2" hai="37,38,70,71,97,99,100,103,109,110,121,123,133,134" machi="109" ten="25,8000,1" yaku="1,1,22,2,53,2" doraHai="46" doraHaiUra="96" who="0" fromWho="1" sc="181,103,236,-83,194,0,369,0" /><INIT seed="7,0,0,4,1,104" ten="284,153,194,369" oya="3" hai0="84,7,71,110,70,127,78,33,49,72,36,111,68" hai1="53,60,96,23,88,119,115,5,86,6,130,17,106" hai2="55,50,122,117,87,48,114,90,54,123,37,19,102" hai3="62,73,63,85,10,12,95,41,82,66,18,91,43"/><W121/><G121/><T27/><D84/><U11/><E119/><V112/><F117/><W3/><G3/><T105/><D49/><N who="2" m="19050" /><F102/><W126/><G126/><T125/><D7/><U51/><E115/><N who="2" m="44075" /><F19/><W44/><G44/><T25/><D36/><U59/><E130/><V131/><F37/><W32/><G32/><T109/><D105/><U118/><E118/><V39/><F39/><W9/><G9/><T56/><D56/><U47/><E106/><V8/><F8/><W26/><G26/><T69/><N who="0" m="17920" /><DORA hai="34" /><T1/><D1/><U135/><E135/><V75/><F75/><W113/><G73/><T31/><D25/><U57/><E96/><V28/><F28/><W134/><G134/><T46/><D46/><U132/><E132/><V64/><F64/><W76/><G66/><T98/><D98/><U42/><E59/><V120/><F131/><W30/><G30/><T16/><D16/><U77/><E77/><V22/><F22/><W97/><G113/><T58/><D58/><U35/><E35/><V0/><F0/><W61/><AGARI ba="0,0" hai="10,12,18,41,43,61,62,63,76,82,85,91,95,97" machi="61" ten="30,3000,0" yaku="0,1,8,1" doraHai="104,34" who="3" fromWho="3" sc="284,-10,153,-10,194,-10,369,30" owari="274,7.0,143,-36.0,184,-22.0,399,51.0" /></mjloggm>