<mjloggm ver="2.3"><GO type="169"/><UN n0="%E5%A5%88%E8%90%BD%E3%81%AE%E7%8E%8B" n1="%E3%80%93%E6%9D%BE%E4%BA%95%EF%BC%A3%EF%BC%B3%E3%80%93" n2="%EF%BC%88%E2%89%A7%E2%96%BD%E2%89%A6%EF%BC%89" n3="%E5%AF%9B%E3%83%94%E3%82%A8%E3%83%AD" dan="17,16,16,16" rate="2121,2042,2118,2076" sx="M,M,M,M"/><TAIKYOKU oya="0"/><INIT seed="0,0,0,1,4,132" ten="250,250,250,250" oya="0" hai0="80,129,124,92,59,4,46,104,54,41,63,45,68" hai1="31,123,12,87,127,28,0,83,131,94,84,133,11" hai2="125,107,100,56,53,23,128,8,109,36,102,126,95" hai3="62,64,108,58,89,55,40,32,114,2,110,26,35"/><T88/><BYE who="2" /><D104/><U38/><E0/><V33/><F33/><W6/><G114/><T5/><D129/><U135/><E38/><V39/><F39/><W29/><G35/><T116/><D116/><U98/><E123/><V17/><F17/><W79/><G79/><T118/><D118/><U27/><E131/><V30/><F30/><W77/><G77/><T134/><D134/><U42/><E42/><V50/><F50/><W3/><G40/><T72/><D68/><U106/><E106/><V113/><F113/><W69/><G89/><T18/><D18/><U93/><E27/><V24/><F24/><W34/><G34/><T97/><D124/><U121/><E121/><V47/><F47/><W66/><G66/><T81/><D46/><U67/><E67/><V57/><F57/><W86/><G86/><T71/><D71/><U65/><E65/><V60/><F60/><N who="3" m="35935" /><G6/><UN n2="%EF%BC%88%E2%89%A7%E2%96%BD%E2%89%A6%EF%BC%89" /><T130/><D130/><U96/><E83/><N who="0" m="31817" /><D72/><U37/><E37/><V15/><F36/><W90/><G90/><T25/><D25/><U120/><E120/><V91/><F107/><W16/><G16/><T20/><D20/><U61/><E11/><V21/><F23/><W9/><G9/><T49/><AGARI ba="0,0" hai="4,5,41,45,49,54,59,63,88,92,97" m="31817" machi="49" ten="30,3000,0" yaku="8,1,54,1" doraHai="132" who="0" fromWho="0" sc="250,30,250,-10,250,-10,250,-10" /><INIT seed="0,1,0,5,3,22" ten="280,240,240,240" oya="0" hai0="64,65,112,16,10,12,72,6,2,5,89,126,38" hai1="14,116,74,104,25,100,30,24,63,0,80,123,17" hai2="21,97,48,82,85,60,133,20,26,105,77,1,111" hai3="118,79,59,37,113,62,114,109,56,68,36,27,55"/><T127/><D38/><U128/><E0/><V57/><F1/><W125/><G118/><T92/><D72/><U86/><E123/><V131/><F111/><W134/><G109/><T29/><D29/><U120/><E120/><V44/><F133/><W110/><G110/><T93/><D112/><U11/><E116/><V91/><F131/><W8/><G134/><T115/><D115/><U41/><E74/><V135/><F135/><W87/><G68/><T83/><D83/><U50/><E128/><V102/><F77/><W19/><G125/><N who="0" m="47627" /><D93/><U58/><E104/><V51/><F44/><W35/><G37/><T53/><D53/><N who="1" m="34255" /><E100/><V42/><F20/><W7/><G36/><T69/><D69/><U95/><E95/><V132/><F42/><W96/><G35/><T40/><D40/><U67/><E30/><V39/><F39/><W33/><G33/><T124/><N who="0" m="47635" /><T81/><DORA hai="71" /><D81/><U54/><E67/><N who="0" m="25673" /><D2/><U119/><E41/><V103/><F132/><W52/><G55/><T73/><D73/><U99/><E99/><AGARI ba="1,0" hai="5,6,10,12,16,89,92,99" m="25673,47635" machi="99" ten="40,3900,0" yaku="18,1,54,1" doraHai="22,71" who="0" fromWho="1" sc="280,42,240,-42,240,0,240,0" /><INIT seed="0,2,0,3,2,31" ten="322,198,240,240" oya="0" hai0="2,126,91,86,107,42,34,87,84,45,60,127,66" hai1="129,77,70,121,6,109,132,59,62,80,29,101,52" hai2="24,88,65,64,76,106,94,113,74,120,99,28,51" hai3="97,50,90,122,35,8,32,44,128,83,72,9,21"/><T43/><D107/><U27/><E121/><V47/><F106/><W11/><G122/><T123/><D2/><U111/><E101/><V75/><F113/><W85/><G128/><T82/><D123/><U41/><E6/><V116/><F116/><W73/><G21/><T16/><D16/><U78/><E41/><N who="0" m="15369" /><D45/><U134/><E70/><V26/><F26/><W4/><G4/><T38/><D34/><N who="1" m="20799" /><E129/><V96/><F96/><W7/><G7/><T114/><D114/><U57/><E57/><V68/><F120/><W49/><G97/><T14/><D14/><U69/><E69/><V102/><F102/><W5/><G5/><T25/><D25/><U89/><E89/><V133/><F133/><N who="1" m="51305" /><E80/><V115/><F115/><W95/><G83/><T110/><D38/><U53/><E53/><V37/><F37/><W17/><G17/><T33/><D33/><U0/><E0/><V130/><F68/><W61/><G35/><T93/><D82/><U103/><E103/><V15/><F130/><W131/><G32/><T125/><D110/><AGARI ba="2,0" hai="52,59,62,77,78,109,110,111" m="51305,20799" machi="110" ten="30,7700,0" yaku="14,1,20,1,52,1,54,1" doraHai="31" who="1" fromWho="0" sc="322,-83,198,83,240,0,240,0" /><INIT seed="1,0,0,1,2,42" ten="239,281,240,240" oya="1" hai0="125,112,79,2,34,134,88,117,104,28,0,37,20" hai1="29,74,65,24,108,107,69,38,127,119,3,100,110" hai2="97,39,13,59,96,72,61,93,47,94,55,86,21" hai3="17,5,22,99,64,48,11,77,113,7,98,105,35"/><U78/><E119/><V30/><F72/><W52/><G35/><T109/><RYUUKYOKU type="yao9" ba="0,0" sc="239,0,281,0,240,0,240,0" hai0="0,2,20,28,34,37,79,88,104,109,112,117,125,134" /><INIT seed="1,1,0,0,1,65" ten="239,281,240,240" oya="1" hai0="99,35,92,101,93,116,45,40,70,135,74,128,91" hai1="113,89,5,126,27,94,79,108,34,6,102,115,62" hai2="0,63,51,120,90,72,110,7,83,103,25,107,125" hai3="81,17,19,43,16,54,9,67,15,73,36,57,66"/><U24/><E126/><V100/><F120/><W29/><G29/><T11/><D35/><U2/><E102/><V86/><F125/><W31/><G31/><T68/><D116/><U122/><E122/><V3/><F110/><W53/><G36/><T61/><D74/><U104/><E104/><V114/><F114/><W28/><G28/><T47/><D128/><U129/><E79/><V117/><F117/><W10/><G43/><T18/><D135/><U87/><E34/><V41/><F72/><W38/><G38/><T105/><D61/><U20/><E129/><V97/><F103/><W124/><G124/><T21/><D11/><U12/><E2/><V64/><F25/><N who="1" m="9801" /><E108/><V127/><F127/><W75/><G75/><T71/><D40/><U80/><E115/><V13/><F13/><W76/><G54/><T85/><REACH who="0" step="1"/><D105/><REACH who="0" ten="229,281,240,240" step="2"/><U22/><E113/><V69/><REACH who="2" step="1"/><F7/><REACH who="2" ten="229,281,230,240" step="2"/><W30/><G73/><T134/><D134/><U26/><E5/><V88/><F88/><W44/><G76/><T77/><D77/><U48/><E6/><V59/><F59/><W39/><G57/><T123/><D123/><U42/><E89/><V55/><F55/><W106/><G53/><T32/><D32/><U23/><E42/><V60/><F60/><W52/><G52/><T8/><D8/><U121/><E62/><V131/><F131/><W82/><G10/><T119/><D119/><U98/><E121/><V14/><F14/><AGARI ba="1,2" hai="14,18,21,45,47,68,70,71,85,91,92,93,99,101" machi="14" ten="40,8000,1" yaku="1,1,52,3,53,0" doraHai="65" doraHaiUra="56" who="0" fromWho="2" sc="229,103,281,0,230,-83,240,0" /><INIT seed="2,0,0,3,5,15" ten="332,281,147,240" oya="2" hai0="115,100,97,5,59,26,56,60,50,32,66,119,113" hai1="78,72,117,108,34,37,90,132,68,54,106,131,110" hai2="7,11,127,95,70,111,25,40,17,13,12,14,114" hai3="33,102,18,135,31,125,27,22,84,94,6,130,98"/><V62/><F114/><W39/><G39/><T124/><D5/><U134/><RYUUKYOKU type="yao9" ba="0,0" sc="332,0,281,0,147,0,240,0" hai1="34,37,54,68,72,78,90,106,108,110,117,131,132,134" /><INIT seed="2,1,0,3,5,52" ten="332,281,147,240" oya="2" hai0="5,40,80,14,126,118,93,11,30,91,95,62,67" hai1="60,39,43,19,81,17,38,135,111,6,64,37,75" hai2="16,63,100,47,13,71,85,125,41,26,20,59,33" hai3="96,58,73,115,88,4,92,27,54,119,109,35,46"/><V87/><F71/><W76/><G119/><T133/><D118/><U102/><E102/><V97/><F125/><W29/><G109/><T77/><D126/><U74/><E6/><V21/><F33/><W69/><G69/><T7/><D133/><U22/><E111/><V129/><F129/><W83/><G115/><T86/><D30/><U113/><E113/><V94/><F47/><W28/><G28/><T82/><D40/><U134/><E43/><V90/><F41/><W57/><REACH who="3" step="1"/><G4/><REACH who="3" ten="332,281,147,230" step="2"/><T123/><D7/><U108/><E108/><V120/><F120/><W15/><G15/><T44/><D123/><U12/><E135/><V70/><F70/><W36/><G36/><T9/><D14/><U48/><E134/><V84/><F21/><W0/><G0/><T107/><D5/><U56/><E38/><V114/><F114/><W78/><G78/><T18/><D77/><U112/><E112/><V65/><REACH who="2" step="1"/><F13/><REACH who="2" ten="332,281,137,230" step="2"/><W128/><G128/><T105/><D11/><U106/><E22/><V122/><F122/><W104/><G104/><AGARI ba="1,2" hai="16,20,26,59,63,65,84,85,87,90,94,97,100,104" machi="104" ten="30,11600,0" yaku="1,1,7,1,52,1,54,1,53,0" doraHai="52" doraHaiUra="132" who="2" fromWho="3" sc="332,0,281,0,137,139,230,-119" /><INIT seed="2,2,0,3,3,103" ten="332,281,276,111" oya="2" hai0="97,30,33,28,87,61,132,59,32,14,26,92,36" hai1="113,40,38,15,91,102,129,63,125,77,118,23,58" hai2="121,96,1,135,80,107,24,41,79,104,90,4,21" hai3="119,35,3,122,130,7,108,116,98,42,86,64,17"/><V106/><F121/><W70/><G122/><T47/><D132/><U101/><E113/><V43/><F135/><W69/><G108/><T27/><D87/><U10/><E118/><V52/><F52/><W74/><G74/><T45/><D14/><U81/><E129/><V93/><F4/><W72/><G72/><T105/><D36/><U73/><E125/><V128/><F1/><W48/><G35/><T94/><D105/><U127/><E127/><V131/><F131/><W25/><G130/><T95/><REACH who="0" step="1"/><D97/><REACH who="0" ten="322,281,276,111" step="2"/><U100/><E38/><V20/><F128/><W55/><G86/><T82/><D82/><U109/><E109/><V112/><F112/><W134/><G98/><T62/><D62/><U37/><E37/><V39/><F39/><W11/><G134/><T54/><AGARI ba="2,1" hai="26,27,28,30,32,33,45,47,54,59,61,92,94,95" machi="54" ten="30,4000,0" yaku="1,1,0,1,9,1,53,0" doraHai="103" doraHaiUra="120" who="0" fromWho="0" sc="322,56,281,-12,276,-22,111,-12" /><INIT seed="3,0,0,1,4,107" ten="378,269,254,99" oya="3" hai0="11,2,34,69,15,73,101,130,133,13,122,3,88" hai1="75,65,41,121,20,85,77,39,117,59,94,60,124" hai2="72,32,97,81,30,5,63,113,42,54,112,98,74" hai3="83,78,127,26,50,95,135,126,21,12,92,120,90"/><W67/><G120/><T57/><D69/><U129/><E121/><V56/><F5/><W53/><G135/><T37/><D37/><U45/><E129/><V89/><F42/><W4/><G67/><T61/><D101/><U115/><E124/><N who="3" m="47658" /><G4/><T79/><D34/><U119/><E115/><V58/><F32/><W1/><G1/><T44/><D122/><U38/><E38/><V31/><F89/><W23/><G12/><T76/><D44/><U132/><E132/><V131/><F81/><W27/><G27/><T64/><D64/><U47/><E47/><V17/><F17/><N who="3" m="12591" /><G23/><T86/><D11/><U128/><E128/><V52/><REACH who="2" step="1"/><F63/><REACH who="2" ten="378,269,244,99" step="2"/><W108/><G90/><T80/><D88/><U25/><E60/><V84/><F84/><N who="3" m="48247" /><G108/><T96/><D61/><U71/><E85/><V111/><F111/><W8/><G8/><T104/><D86/><U36/><E20/><V103/><F103/><W6/><G6/><T99/><D130/><AGARI ba="0,1" hai="30,31,52,54,56,58,72,74,97,98,112,113,130,131" machi="130" ten="25,16000,3" yaku="1,1,22,2,52,2,54,1,53,2" doraHai="107" doraHaiUra="93" who="2" fromWho="0" sc="378,-160,269,0,244,170,99,0" /><INIT seed="4,0,0,0,3,80" ten="218,269,414,99" oya="0" hai0="33,91,103,21,101,64,122,27,93,130,95,135,25" hai1="116,92,99,121,34,8,82,20,113,37,53,58,52" hai2="126,115,49,104,124,117,66,105,13,38,31,18,62" hai3="2,28,57,23,123,127,4,6,83,102,51,75,77"/><T59/><D122/><U110/><E34/><V94/><F38/><W131/><G123/><T89/><D33/><U42/><E121/><V125/><F117/><W22/><G127/><T10/><D10/><U5/><E110/><V81/><F31/><W48/><G131/><T43/><D43/><U3/><E116/><V128/><F128/><W73/><G102/><T114/><D130/><U9/><E113/><V35/><F35/><W40/><G73/><T70/><D70/><U78/><E20/><N who="2" m="11343" /><F115/><W50/><G40/><T60/><D114/><U61/><E9/><V74/><F94/><W97/><G97/><N who="0" m="57535" /><D135/><U65/><E37/><V15/><F15/><W63/><G2/><T44/><D44/><U98/><E42/><V134/><F134/><W96/><G96/><N who="0" m="57455" /><D27/><U47/><E47/><V36/><F36/><W71/><G71/><T118/><D118/><U69/><E69/><N who="2" m="42199" /><F49/><W79/><G79/><AGARI ba="0,0" hai="74,79,81,104,105,124,125,126" m="42199,11343" machi="79" ten="30,1000,0" yaku="18,1" doraHai="80" who="2" fromWho="3" sc="218,0,269,0,414,10,99,-10" /><INIT seed="5,0,0,5,5,112" ten="218,269,424,89" oya="1" hai0="118,114,4,46,108,29,61,120,73,105,111,132,15" hai1="117,130,21,24,98,101,69,124,37,83,99,13,100" hai2="82,0,106,3,128,115,41,93,27,26,2,71,90" hai3="43,33,85,20,96,32,134,119,8,131,6,16,48"/><U63/><E37/><V122/><F106/><W127/><G131/><T72/><D61/><U79/><E130/><V19/><F71/><W52/><G134/><T25/><D46/><U113/><E113/><V94/><F128/><W91/><G127/><T70/><D15/><U39/><E39/><V22/><F122/><W89/><G43/><T126/><D4/><U56/><E69/><V7/><F7/><W54/><G96/><T133/><D25/><U121/><E121/><V60/><F115/><W77/><G77/><T123/><D29/><U49/><E124/><V17/><F41/><W75/><G75/><T88/><D88/><N who="3" m="33865" /><G32/><T62/><D62/><U9/><E49/><V35/><F60/><W74/><G33/><T78/><D78/><U81/><E117/><V5/><F5/><W30/><G74/><T95/><D95/><U34/><E34/><V67/><F67/><W66/><G66/><T18/><D70/><U28/><E99/><V76/><F90/><W45/><G119/><T92/><D92/><N who="1" m="58439" /><E101/><V68/><F68/><W12/><G30/><T103/><D103/><U38/><E38/><V44/><F35/><W102/><G102/><T129/><D114/><U53/><E79/><V42/><F76/><W64/><G64/><T58/><D129/><U50/><E63/><V51/><F82/><W14/><G85/><T40/><D133/><U1/><E1/><V31/><F31/><W36/><G36/><T47/><D132/><U11/><E11/><V109/><F109/><W104/><G104/><T135/><D111/><U55/><E53/><V84/><F84/><RYUUKYOKU ba="0,0" sc="218,-30,269,10,424,10,89,10" hai1="9,13,21,24,28,50,55,56,81,83" hai2="0,2,3,17,19,22,26,27,42,44,51,93,94" hai3="6,8,12,14,16,20,45,48,52,54" /><INIT seed="5,1,0,3,2,29" ten="188,279,434,99" oya="1" hai0="57,46,119,71,79,23,2,48,50,128,73,105,84" hai1="81,9,66,69,4,107,83,7,106,18,126,38,55" hai2="77,67,117,14,72,75,1,103,80,98,93,63,36" hai3="86,100,33,13,124,19,49,17,47,45,87,64,44"/><U61/><E38/><V21/><F1/><W116/><G116/><T125/><D2/><U20/><E126/><V97/><F36/><W96/><G124/><T132/><D105/><U70/><E70/><V5/><F117/><W52/><G64/><T39/><D73/><U134/><E134/><V12/><F72/><W78/><G33/><T35/><D23/><U25/><E55/><V102/><F21/><W6/><G6/><T56/><D84/><U123/><E123/><V58/><F5/><W8/><G19/><T32/><D79/><U99/><E4/><V133/><F133/><W94/><REACH who="3" step="1"/><G87/><REACH who="3" ten="188,279,434,89" step="2"/><T95/><D119/><U65/><E65/><V114/><F114/><W90/><G90/><T60/><D125/><U53/><E66/><V51/><F67/><W112/><G112/><T22/><D132/><U88/><E69/><V127/><F127/><W0/><G0/><T115/><D71/><U113/><E113/><V110/><F75/><W62/><G62/><T122/><D60/><U31/><E31/><V3/><F63/><W40/><G40/><T42/><D42/><U24/><E24/><V37/><F3/><W104/><G104/><T26/><D115/><U43/><E43/><V109/><F109/><W59/><G59/><T11/><D26/><U41/><E41/><V16/><F110/><W27/><G27/><T34/><D57/><N who="1" m="34991" /><E107/><N who="2" m="63951" /><F58/><W121/><G121/><T28/><D122/><U131/><E106/><V101/><F16/><W130/><G130/><T74/><D128/><U120/><E131/><V15/><F37/><W54/><G54/><T92/><D39/><RYUUKYOKU ba="1,1" sc="188,-10,279,-10,434,-10,89,30" hai3="8,13,17,44,45,47,49,52,78,86,94,96,100" /><INIT seed="6,2,1,4,3,101" ten="178,269,424,119" oya="2" hai0="90,83,71,25,19,24,100,16,7,8,48,120,74" hai1="1,28,23,40,61,109,77,26,31,18,76,106,131" hai2="105,135,20,47,53,92,0,93,11,52,32,50,110" hai3="65,96,111,15,68,3,84,58,95,129,2,12,88"/><V78/><F32/><W80/><G111/><T42/><D71/><U99/><E109/><V98/><F0/><W72/><G129/><T22/><D120/><U51/><E1/><V126/><F11/><W86/><G68/><T4/><D100/><U10/><E131/><V113/><F113/><W17/><G72/><T35/><D35/><U104/><E99/><V102/><F78/><N who="3" m="46103" /><G3/><T75/><D75/><U49/><E61/><V81/><F81/><N who="3" m="49231" /><G2/><T38/><D38/><U43/><E10/><V116/><F110/><W14/><G65/><T69/><D69/><U124/><E124/><V55/><F126/><W21/><G58/><T127/><D74/><U132/><E132/><V30/><F135/><W91/><AGARI ba="2,1" hai="12,14,15,17,21,91,95,96" m="49231,46103" machi="91" ten="30,2000,0" yaku="8,1,54,1" doraHai="101" who="3" fromWho="3" sc="178,-7,269,-7,424,-12,119,36" /><INIT seed="7,0,0,5,3,80" ten="171,262,412,155" oya="3" hai0="86,49,131,91,16,71,105,72,41,83,128,61,112" hai1="107,104,34,75,123,26,48,62,68,51,103,47,5" hai2="133,84,12,33,38,27,82,23,2,79,94,1,109" hai3="4,126,17,31,98,89,99,122,63,13,106,53,85"/><W134/><G122/><T77/><D105/><U57/><E75/><V40/><F109/><W50/><G126/><T43/><D112/><U32/><E68/><V113/><F113/><W116/><G116/><T96/><D96/><N who="3" m="36905" /><G106/><T37/><D37/><U76/><E103/><V101/><F33/><W52/><G134/><T100/><D100/><U119/><E123/><V97/><F133/><W24/><G4/><T70/><D16/><U60/><E76/><V69/><F69/><N who="0" m="26122" /><D61/><U110/><E110/><V18/><F40/><W115/><G115/><T11/><D11/><U6/><E119/><V21/><F38/><W124/><G124/><T20/><D20/><U45/><E57/><V15/><F15/><W127/><G127/><T87/><D49/><U111/><E111/><V3/><F3/><W129/><G129/><N who="0" m="49739" /><D72/><U65/><E26/><V0/><F0/><W78/><G63/><T56/><D56/><U92/><E65/><V25/><F12/><W35/><G78/><T30/><D30/><AGARI ba="0,0" hai="1,2,18,21,23,25,27,30,79,82,84,94,97,101" machi="30" ten="30,2000,0" yaku="7,1,52,1" doraHai="80" who="2" fromWho="0" sc="171,-20,262,0,412,20,155,0" owari="151,-35.0,262,6.0,432,53.0,155,-24.0" /></mjloggm>