<mjloggm ver="2.3"><GO type="41"/><UN n0="%E3%81%82%E3%83%BC%E3%82%8B" n1="%EF%BC%88%E2%89%A7%E2%96%BD%E2%89%A6%EF%BC%89" n2="%E3%83%95%E3%83%A9%E3%83%AF%E3%83%BC" n3="%E3%81%BE%E3%82%8B%E3%81%A1%E3%81%A3%E3%81%BD" dan="13,15,15,13" rate="1848,1989,1916,1884" sx="M,M,M,M"/><TAIKYOKU oya="0"/><INIT seed="0,0,0,5,5,85" ten="250,250,250,250" oya="0" hai0="16,5,103,14,122,126,28,59,46,135,108,130,79" hai1="62,97,128,115,86,94,63,61,121,21,106,0,3" hai2="109,52,19,23,65,24,134,104,127,87,116,70,8" hai3="17,88,45,56,11,98,72,119,53,22,4,41,105"/><T123/><D130/><U57/><E121/><V48/><F104/><W81/><G119/><T80/><D135/><U73/><E73/><V95/><F134/><W34/><G105/><T93/><D126/><U38/><E38/><V47/><F109/><W91/><G34/><T111/><D28/><U1/><E128/><V96/><F116/><W99/><G72/><T131/><D131/><U114/><E57/><V100/><F127/><W83/><G41/><T129/><D129/><U37/><E37/><V13/><F70/><W10/><G45/><T29/><D46/><U101/><REACH who="1" step="1"/><E21/><REACH who="1" ten="250,240,250,250" step="2"/><V42/><F42/><W31/><G4/><T77/><D59/><U43/><E43/><V35/><F35/><W74/><G74/><T107/><D5/><U113/><E113/><V117/><F117/><W49/><G31/><T132/><D29/><U82/><E82/><N who="3" m="31242" /><G11/><N who="0" m="6239" /><D80/><U12/><E12/><V66/><REACH who="2" step="1"/><F87/><REACH who="2" ten="250,240,240,250" step="2"/><W20/><G10/><T36/><D36/><U78/><E78/><V120/><F120/><W133/><G133/><T25/><D132/><U39/><E39/><V26/><F26/><N who="3" m="14607" /><G22/><T125/><D25/><U18/><E18/><AGARI ba="0,2" hai="8,13,18,19,23,24,47,48,52,65,66,95,96,100" machi="18" ten="30,7700,0" yaku="1,1,7,1,8,1,54,1,53,0" doraHai="85" doraHaiUra="84" who="2" fromWho="1" sc="250,0,240,-77,240,97,250,0" /><INIT seed="1,0,0,1,0,50" ten="250,163,337,250" oya="1" hai0="30,27,43,79,126,81,101,21,5,31,134,117,20" hai1="125,10,104,135,87,65,70,24,75,132,85,51,22" hai2="115,114,71,18,106,124,64,82,109,12,40,55,63" hai3="103,8,35,107,92,62,116,93,57,118,110,49,47"/><U7/><E75/><V76/><F106/><W56/><G35/><T11/><D117/><N who="3" m="45161" /><G110/><T94/><D134/><N who="1" m="51243" /><E104/><V16/><F40/><N who="3" m="24807" /><G107/><T45/><D126/><U73/><E73/><N who="2" m="43279" /><F109/><W6/><G103/><T78/><D101/><U90/><E125/><V33/><F33/><W26/><G26/><T96/><D96/><U128/><E128/><V119/><F119/><W36/><G36/><T121/><D121/><U129/><E129/><V13/><F124/><W102/><G102/><T67/><D67/><U53/><E90/><V122/><F122/><W105/><G105/><T88/><D94/><U19/><E65/><V37/><F37/><W120/><G57/><T29/><D43/><U44/><E70/><V0/><F0/><AGARI ba="0,0" hai="0,7,10,19,22,24,44,51,53,85,87" m="51243" machi="0" ten="30,2900,0" yaku="20,1,52,1" doraHai="50" who="1" fromWho="2" sc="250,0,163,29,337,-29,250,0" /><INIT seed="1,1,0,5,0,17" ten="250,192,308,250" oya="1" hai0="108,125,71,47,53,2,52,76,122,58,22,88,84" hai1="101,104,68,28,102,134,35,45,69,14,133,23,8" hai2="32,109,99,89,57,95,114,80,98,91,129,79,120" hai3="62,74,48,82,118,60,97,121,42,55,103,81,13"/><U30/><E35/><V40/><F32/><W119/><G121/><T78/><D122/><U123/><E123/><V132/><F40/><W112/><G112/><T25/><D2/><U44/><E104/><V51/><F120/><W24/><G42/><T41/><D71/><N who="1" m="27211" /><E8/><V117/><F117/><W21/><G13/><T4/><D108/><U29/><E14/><V10/><F109/><W66/><G74/><T39/><D125/><U77/><E77/><V96/><F114/><W6/><G6/><T50/><D4/><U130/><E130/><V3/><F129/><W128/><G128/><T59/><D53/><U64/><E64/><V73/><F3/><W131/><G131/><T93/><D59/><U31/><E23/><V87/><F10/><W135/><G135/><N who="1" m="51722" /><E28/><AGARI ba="1,0" hai="22,25,28,39,41,47,50,52,58,76,78,84,88,93" machi="28" ten="30,7700,0" yaku="7,1,52,1,54,2" doraHai="17" who="0" fromWho="1" sc="250,80,192,-80,308,0,250,0" /><INIT seed="2,0,0,0,5,132" ten="330,112,308,250" oya="2" hai0="99,48,112,107,76,47,103,18,75,116,20,129,9" hai1="61,69,100,30,4,73,127,78,85,55,95,65,6" hai2="1,87,42,53,113,102,34,54,79,86,16,19,25" hai3="13,105,121,29,43,3,89,117,108,44,111,124,58"/><V104/><F113/><W14/><G105/><T32/><D116/><U45/><E127/><V91/><F1/><W41/><G121/><T83/><D112/><U130/><E130/><V82/><F42/><W39/><G117/><T66/><D32/><U134/><E134/><V101/><F34/><W68/><G3/><T120/><D120/><U26/><E73/><V80/><F104/><W97/><G29/><T11/><D66/><U10/><E78/><V2/><F2/><W24/><G24/><T115/><D115/><U46/><E55/><N who="2" m="21003" /><F25/><W15/><G68/><T72/><D129/><U7/><E10/><V62/><F62/><W17/><G124/><T118/><D72/><U50/><E50/><V60/><F60/><W57/><G97/><T21/><D118/><U12/><E12/><V90/><F79/><W88/><G17/><AGARI ba="0,0" hai="16,17,19,80,82,86,87,90,91,101,102" m="21003" machi="17" ten="30,2900,0" yaku="8,1,54,1" doraHai="132" who="2" fromWho="3" sc="330,0,112,0,308,29,250,-29" /><INIT seed="2,1,0,0,1,40" ten="330,112,337,221" oya="2" hai0="68,19,47,32,76,49,44,98,5,37,30,95,90" hai1="3,99,106,81,50,104,118,88,51,113,109,131,87" hai2="38,28,57,20,107,86,124,24,58,45,16,89,135" hai3="15,64,2,52,108,134,82,7,75,105,110,42,35"/><V121/><F121/><W91/><G105/><T103/><D68/><U119/><E3/><V128/><F107/><N who="1" m="41001" /><E50/><V27/><F128/><W21/><G35/><T85/><D37/><U79/><E51/><V100/><F100/><W92/><G134/><T10/><D76/><U17/><E17/><V53/><F135/><W117/><G117/><N who="1" m="44554" /><E113/><V41/><F124/><W9/><G64/><T13/><D49/><U43/><E43/><V97/><F97/><W56/><G42/><T36/><D36/><U80/><E131/><V18/><F53/><W54/><G75/><T14/><D32/><U67/><E67/><V112/><F112/><W74/><G74/><T39/><D30/><U123/><E123/><V55/><F55/><W78/><G78/><T62/><D62/><U132/><E132/><V115/><F115/><W114/><G82/><N who="0" m="49463" /><D39/><U12/><E12/><V84/><F84/><W102/><G102/><T23/><AGARI ba="1,0" hai="5,10,13,14,19,23,44,47,95,98,103" m="49463" machi="23" ten="30,4000,0" yaku="8,1,52,2" doraHai="40" who="0" fromWho="0" sc="330,43,112,-11,337,-21,221,-11" /><INIT seed="3,0,0,0,0,24" ten="373,101,316,210" oya="3" hai0="59,55,99,75,102,90,47,46,50,133,87,44,106" hai1="71,53,83,60,78,86,66,12,56,15,98,41,126" hai2="79,119,16,95,109,130,112,11,108,0,116,10,67" hai3="72,125,3,113,34,45,81,62,110,29,85,14,49"/><W118/><G113/><T76/><D133/><U80/><E126/><V21/><F67/><W107/><G125/><T38/><D38/><U91/><E41/><V104/><F104/><W48/><G118/><N who="2" m="45097" /><F79/><W64/><G107/><T2/><D2/><U51/><REACH who="1" step="1"/><E98/><REACH who="1" ten="373,91,316,210" step="2"/><V17/><F112/><W25/><G72/><AGARI ba="0,1" hai="12,15,51,53,56,60,66,71,72,78,80,83,86,91" machi="72" ten="30,3900,0" yaku="1,1,2,1,7,1,53,0" doraHai="24" doraHaiUra="131" who="1" fromWho="3" sc="373,0,91,49,316,0,210,-39" /><INIT seed="4,0,0,2,1,7" ten="373,140,316,171" oya="0" hai0="104,115,59,18,52,30,58,89,99,79,121,33,103" hai1="117,92,22,129,16,47,134,73,2,109,57,97,11" hai2="86,36,9,105,116,77,106,64,25,41,29,35,130" hai3="118,76,67,14,119,20,51,107,101,49,110,87,112"/><T131/><D121/><U95/><E117/><V37/><F116/><W84/><G110/><T85/><D115/><U21/><E109/><V90/><F130/><W123/><G112/><T23/><D131/><U56/><E129/><V72/><F64/><W135/><G135/><T38/><D38/><U19/><E134/><V69/><F69/><W24/><G123/><T44/><D79/><U96/><E73/><V40/><F36/><W91/><G119/><T31/><D44/><U60/><E47/><V113/><F41/><W8/><G118/><T62/><D59/><U83/><E83/><V133/><F113/><W43/><G107/><T34/><D34/><U1/><E60/><V120/><F120/><W27/><G101/><T5/><D5/><U10/><AGARI ba="0,0" hai="1,2,10,11,16,19,21,22,56,57,92,95,96,97" machi="10" ten="25,12000,2" yaku="0,1,22,2,52,2,54,1" doraHai="7" who="1" fromWho="1" sc="373,-60,140,120,316,-30,171,-30" /><INIT seed="5,0,0,2,5,119" ten="313,260,286,141" oya="1" hai0="82,129,63,11,127,71,33,58,20,108,99,126,18" hai1="35,83,28,124,34,81,116,24,6,67,9,87,40" hai2="68,72,26,17,73,51,64,75,98,102,30,79,60" hai3="132,111,14,97,70,89,1,112,133,91,36,66,107"/><U15/><E116/><V128/><F17/><W92/><G1/><T130/><D108/><U123/><E124/><N who="0" m="47657" /><D71/><U12/><E35/><N who="2" m="20951" /><F51/><W110/><G36/><T85/><D33/><U19/><E123/><V74/><F128/><N who="0" m="49258" /><D99/><U10/><E67/><V86/><F86/><W62/><G14/><N who="0" m="9303" /><D11/><U29/><E28/><V76/><F79/><W105/><G62/><T121/><D121/><U65/><E65/><V95/><F95/><W16/><G66/><T4/><D4/><U120/><E120/><V96/><F98/><W106/><G16/><T122/><D122/><U2/><E40/><V59/><F59/><W114/><G70/><T134/><D134/><N who="3" m="51817" /><G91/><T23/><D23/><U43/><E43/><V78/><F75/><W80/><G80/><T52/><D85/><U39/><E39/><V77/><F77/><W31/><G31/><T104/><D82/><U48/><E48/><V88/><F88/><W125/><G125/><T7/><D7/><U25/><E25/><V49/><F78/><W103/><G89/><T3/><D104/><N who="3" m="40041" /><G92/><T5/><D5/><U90/><REACH who="1" step="1"/><E2/><AGARI ba="0,0" hai="2,3,52,58,63" m="9303,49258,47657" machi="2" ten="30,3900,0" yaku="18,1,19,1,54,1" doraHai="119" who="0" fromWho="1" sc="313,39,260,-39,286,0,141,0" /><INIT seed="6,0,0,4,4,90" ten="352,221,286,141" oya="2" hai0="60,0,51,114,132,104,11,80,88,78,36,134,18" hai1="127,9,14,67,31,94,115,63,133,5,103,101,102" hai2="52,66,49,4,27,29,21,76,81,83,128,59,1" hai3="69,100,74,135,45,89,65,39,87,68,95,22,77"/><V118/><F118/><W124/><G124/><T24/><D36/><U15/><E127/><V79/><F128/><W10/><G135/><N who="0" m="51755" /><D104/><U50/><E133/><V28/><F66/><W71/><G39/><T12/><D0/><U97/><E115/><V19/><F1/><W55/><G100/><T123/><D114/><U84/><E31/><V75/><REACH who="2" step="1"/><F4/><REACH who="2" ten="352,221,276,141" step="2"/><W34/><G65/><T109/><D123/><U47/><E14/><V56/><F56/><W16/><G74/><AGARI ba="0,1" hai="19,21,27,28,29,49,52,59,74,75,76,79,81,83" machi="74" ten="30,11600,0" yaku="1,1,7,1,9,1,54,1,53,0" doraHai="90" doraHaiUra="99" who="2" fromWho="3" sc="352,0,221,0,276,126,141,-116" /><INIT seed="6,1,0,3,0,67" ten="352,221,402,25" oya="2" hai0="52,5,128,82,89,21,19,105,64,132,81,37,31" hai1="108,99,43,2,68,113,70,51,58,24,107,17,125" hai2="65,33,20,96,91,61,111,57,85,134,32,13,94" hai3="22,129,123,35,119,80,130,12,62,84,9,46,1"/><V38/><F38/><W77/><G123/><T10/><D105/><U93/><E108/><V7/><F111/><W71/><G119/><T56/><D132/><U53/><E2/><V92/><F134/><W133/><G35/><T49/><D37/><U54/><E107/><V127/><F127/><W25/><G133/><T112/><D128/><U115/><E125/><V48/><F48/><W78/><G1/><T23/><D112/><N who="1" m="43083" /><E43/><V44/><F44/><W66/><G46/><T109/><D109/><U97/><E54/><V8/><F20/><W3/><G3/><T34/><D34/><U110/><E110/><V14/><REACH who="2" step="1"/><F13/><REACH who="2" ten="352,221,392,25" step="2"/><W135/><G135/><T28/><D23/><N who="1" m="13423" /><E99/><V50/><F50/><W45/><G45/><T63/><D31/><U131/><E131/><V59/><F59/><W72/><G130/><T18/><D28/><U55/><E53/><V4/><F4/><W73/><G129/><T40/><D40/><U121/><E121/><V106/><F106/><W76/><G73/><T15/><D89/><AGARI ba="1,1" hai="51,55,58,68,70,89,93,97" m="13423,43083" machi="89" ten="30,3900,0" yaku="15,1,52,2" doraHai="67" who="1" fromWho="0" sc="352,-42,221,52,392,0,25,0" /><AGARI ba="1,0" hai="7,8,14,32,33,57,61,65,85,89,91,92,94,96" machi="89" ten="30,2900,0" yaku="1,1,7,1,53,0" doraHai="67" doraHaiUra="101" who="2" fromWho="0" sc="310,-29,273,0,392,29,25,0" /><INIT seed="6,2,0,5,2,74" ten="281,273,421,25" oya="2" hai0="129,119,14,54,50,26,59,114,48,71,19,133,86" hai1="87,2,47,109,78,88,29,12,30,100,80,28,76" hai2="122,31,16,15,104,93,115,57,82,107,7,39,11" hai3="75,132,90,27,49,95,8,135,22,36,89,37,33"/><V116/><F39/><W10/><G75/><T43/><D71/><U20/><E2/><V67/><F115/><W108/><G33/><T112/><D129/><U17/><E109/><V61/><F116/><W73/><G73/><T68/><D119/><U35/><E35/><V128/><F128/><W124/><G108/><T65/><D133/><U85/><E100/><V84/><F93/><W38/><G49/><T13/><D68/><U91/><E47/><V113/><F113/><N who="0" m="43626" /><D65/><U58/><E58/><V52/><F31/><W5/><G124/><T103/><D103/><U63/><E63/><V83/><F83/><AGARI ba="2,0" hai="12,17,20,28,29,30,76,78,80,83,85,87,88,91" machi="83" ten="40,8000,1" yaku="9,1,8,1,52,2,54,1" doraHai="74" who="1" fromWho="2" sc="281,0,273,86,421,-86,25,0" /><INIT seed="7,0,0,2,3,1" ten="281,359,335,25" oya="3" hai0="70,74,93,13,96,39,64,19,98,55,135,75,101" hai1="47,16,57,118,116,9,76,24,114,3,91,69,92" hai2="60,12,78,15,79,119,110,35,38,77,106,53,41" hai3="94,100,131,83,122,54,95,34,129,89,46,132,28"/><W65/><G122/><T11/><D135/><U88/><E69/><V10/><F106/><W107/><G132/><T125/><D39/><U102/><E114/><V58/><F119/><N who="1" m="45609" /><E76/><V52/><F110/><W121/><G121/><T45/><D125/><U128/><E128/><N who="3" m="49226" /><G65/><T37/><D70/><U29/><E3/><V111/><F111/><W43/><G54/><T36/><D64/><U63/><E47/><V26/><F38/><W51/><G107/><T14/><D37/><U80/><E102/><V8/><F41/><W103/><G83/><T62/><D36/><U27/><E80/><V22/><F35/><W66/><G66/><T81/><D81/><U105/><E105/><V42/><F42/><W86/><G95/><T2/><D2/><U82/><E82/><V4/><F53/><W87/><G86/><T59/><D45/><U73/><E73/><V33/><F33/><W71/><G71/><T20/><REACH who="0" step="1"/><D98/><REACH who="0" ten="271,359,335,25" step="2"/><U49/><E57/><V68/><F68/><W112/><G112/><T134/><D134/><U5/><E63/><V127/><F127/><W0/><G0/><T56/><D56/><U17/><E49/><V40/><F79/><W108/><G108/><T21/><D21/><U85/><E85/><V25/><F22/><W7/><G7/><AGARI ba="0,1" hai="7,11,13,14,19,20,55,59,62,74,75,93,96,101" machi="7" ten="30,3900,0" yaku="1,1,7,1,52,1,53,0" doraHai="1" doraHaiUra="67" who="0" fromWho="3" sc="271,49,359,0,335,0,25,-39" owari="320,-8.0,359,45.0,335,14.0,-14,-51.0" /></mjloggm>