<mjloggm ver="2.3"><GO type="169"/><UN n0="%EF%BC%88%E2%89%A7%E2%96%BD%E2%89%A6%EF%BC%89" n1="%E3%83%88%E3%83%9E%E3%82%BD%E3%83%B3" n2="%44%65%78%69%63" n3="%E3%80%93%E6%9D%BE%E4%BA%95%EF%BC%A3%EF%BC%B3%E3%80%93" dan="18,17,16,17" rate="2196,2105,2121,2165" sx="M,M,M,M"/><TAIKYOKU oya="0"/><INIT seed="0,0,0,3,4,120" ten="250,250,250,250" oya="0" hai0="55,59,91,62,18,45,9,35,44,79,50,47,109" hai1="96,134,74,83,117,53,100,49,123,24,51,66,4" hai2="125,46,0,86,68,56,71,40,111,19,63,25,126" hai3="13,78,31,75,52,60,88,6,118,27,10,3,122"/><T85/><D35/><U133/><E117/><V28/><F0/><W119/><G122/><T106/><D106/><U94/><E123/><V76/><F19/><W110/><G78/><T15/><D79/><U102/><E66/><V16/><F76/><W26/><G75/><T112/><D112/><U39/><E39/><V32/><F86/><W11/><G27/><T22/><D109/><U1/><E74/><V69/><F111/><W87/><G110/><T5/><D5/><U41/><E83/><V93/><F93/><W30/><G30/><T20/><REACH who="0" step="1"/><D62/><REACH who="0" ten="240,250,250,250" step="2"/><U121/><E121/><V132/><F32/><W70/><G119/><T114/><D114/><U48/><E4/><V38/><F132/><W36/><G118/><T101/><D101/><U89/><E133/><V130/><F130/><W14/><G36/><T21/><D21/><U54/><E134/><V64/><F28/><W103/><G103/><T34/><D34/><U81/><E102/><V108/><F108/><W7/><G3/><T42/><D42/><U72/><E1/><V73/><F73/><W116/><G116/><T135/><D135/><U61/><E72/><V12/><REACH who="2" step="1"/><F25/><REACH who="2" ten="240,250,240,250" step="2"/><W33/><G33/><T90/><D90/><U77/><E77/><V65/><F65/><W37/><G26/><T23/><D23/><AGARI ba="0,2" hai="12,16,23,38,40,46,56,63,64,68,69,71,125,126" machi="23" ten="40,2600,0" yaku="1,1,54,1,53,0" doraHai="120" doraHaiUra="128" who="2" fromWho="0" sc="240,-26,250,0,240,46,250,0" /><INIT seed="1,0,0,2,3,112" ten="214,250,286,250" oya="1" hai0="76,85,77,41,99,69,11,27,51,67,125,59,4" hai1="28,19,106,92,101,21,134,65,55,35,71,38,42" hai2="7,13,49,82,91,78,10,1,84,22,61,97,36" hai3="25,114,20,79,87,75,39,12,18,133,135,123,111"/><U103/><E38/><V6/><F36/><W72/><G123/><T81/><D125/><U102/><E42/><V23/><F6/><W3/><G3/><T66/><D69/><U129/><E129/><V105/><F1/><W33/><G39/><T24/><D77/><U43/><E43/><V31/><F31/><W45/><G45/><N who="0" m="26031" /><D99/><U132/><E55/><V2/><F2/><W16/><G114/><T46/><D46/><U54/><E54/><V26/><F49/><W108/><G87/><T40/><D40/><U52/><E52/><V30/><F61/><W70/><G70/><T110/><D110/><N who="3" m="42025" /><G79/><T88/><D76/><U57/><E71/><V109/><F109/><W73/><G33/><T100/><D100/><U64/><E106/><V44/><F44/><W60/><G60/><N who="0" m="38175" /><D67/><U48/><E48/><V122/><F122/><W53/><G53/><T127/><D127/><U8/><E57/><V83/><F105/><W5/><G5/><T37/><D37/><U62/><E35/><V9/><F9/><AGARI ba="0,0" hai="9,12,16,18,20,25,72,73,75,133,135" m="42025" machi="9" ten="40,2600,0" yaku="14,1,54,1" doraHai="112" who="3" fromWho="2" sc="214,0,250,0,286,-26,250,26" /><INIT seed="2,0,0,5,1,105" ten="214,250,260,276" oya="2" hai0="77,15,59,41,74,81,30,56,84,13,14,73,97" hai1="35,95,98,122,9,11,72,132,36,129,125,85,70" hai2="114,92,82,28,22,46,101,54,78,42,117,102,49" hai3="40,5,34,76,75,31,118,48,24,111,133,110,100"/><V25/><F114/><W52/><G118/><T131/><D131/><U33/><E85/><V121/><F117/><W16/><G5/><T62/><D41/><U89/><E95/><V80/><F121/><W94/><G40/><T57/><D30/><U106/><E98/><V127/><F127/><W83/><G133/><T39/><D39/><U124/><E89/><V79/><F92/><W113/><G113/><T109/><D109/><N who="3" m="41481" /><G94/><T120/><D120/><U53/><E53/><V2/><F2/><W26/><G100/><T87/><D97/><U45/><E45/><V126/><F126/><W63/><G63/><T8/><D62/><U50/><E50/><V91/><F91/><W17/><G26/><T7/><REACH who="0" step="1"/><D87/><REACH who="0" ten="204,250,260,276" step="2"/><U66/><E125/><V64/><F42/><W29/><G29/><T44/><D44/><AGARI ba="0,1" hai="16,17,24,31,34,44,48,52,75,76,83" m="41481" machi="44" ten="30,7700,0" yaku="14,1,52,1,54,2" doraHai="105" who="3" fromWho="0" sc="204,-77,250,0,260,0,276,87" /><INIT seed="3,0,0,4,1,40" ten="127,250,260,363" oya="3" hai0="100,74,14,108,52,15,130,34,115,124,89,7,46" hai1="4,6,18,72,66,53,16,54,71,84,65,62,36" hai2="132,109,28,5,69,87,95,78,57,103,94,32,118" hai3="83,12,30,92,68,11,122,70,24,114,25,22,96"/><W3/><G114/><T123/><D74/><U20/><E72/><V59/><F69/><W127/><G122/><T128/><D34/><U37/><E62/><V75/><F32/><W104/><G104/><T101/><D123/><U133/><E84/><V35/><F35/><W2/><G127/><T79/><D79/><U90/><E20/><V107/><F28/><W39/><G39/><T98/><D124/><U110/><E90/><V76/><F5/><W19/><G83/><T117/><D117/><U80/><E80/><V0/><F0/><W47/><G3/><T73/><D73/><U8/><E8/><V102/><F75/><W48/><G2/><T64/><D64/><U135/><REACH who="1" step="1"/><E110/><REACH who="1" ten="127,240,260,363" step="2"/><V131/><F87/><W38/><G25/><T113/><D108/><U17/><E17/><V93/><F109/><W91/><REACH who="3" step="1"/><G38/><REACH who="3" ten="127,240,260,353" step="2"/><T51/><D113/><U41/><E41/><AGARI ba="0,2" hai="11,12,19,22,24,30,41,47,48,68,70,91,92,96" machi="41" ten="30,12000,1" yaku="1,1,2,1,7,1,52,1,53,1" doraHai="40" doraHaiUra="45" who="3" fromWho="1" sc="127,0,240,-120,260,0,353,140" /><INIT seed="3,1,0,4,5,119" ten="127,120,260,493" oya="3" hai0="25,27,92,86,87,49,62,9,54,109,43,89,67" hai1="130,77,60,118,31,79,97,66,111,2,134,117,39" hai2="128,114,107,53,72,76,15,82,106,45,10,78,51" hai3="6,46,127,37,121,129,26,108,23,8,59,36,38"/><W20/><G129/><T96/><D109/><U84/><E2/><V94/><F114/><W103/><G108/><T122/><D122/><U32/><E39/><V5/><F128/><W0/><G121/><T12/><D43/><U88/><E111/><V104/><F78/><W24/><G127/><T34/><D34/><U101/><E130/><V69/><F69/><W93/><G59/><N who="0" m="37343" /><D87/><U105/><E31/><V102/><REACH who="2" step="1"/><F94/><REACH who="2" ten="127,120,250,493" step="2"/><W58/><G93/><T7/><D96/><AGARI ba="1,1" hai="5,10,15,45,51,53,72,76,82,96,102,104,106,107" machi="96" ten="40,5200,0" yaku="1,1,2,1,53,1" doraHai="119" doraHaiUra="98" who="2" fromWho="0" sc="127,-55,120,0,250,65,493,0" /><INIT seed="4,0,0,3,1,58" ten="72,120,315,493" oya="0" hai0="0,66,30,4,72,49,28,55,110,112,113,74,81" hai1="93,103,76,80,99,6,70,52,101,95,40,51,26" hai2="36,48,46,73,131,100,12,43,129,98,122,64,10" hai3="27,25,91,71,17,97,107,47,24,124,135,87,38"/><T86/><D110/><U21/><E70/><V123/><F73/><W134/><G124/><T23/><D66/><U68/><E68/><V45/><F64/><W20/><G71/><T117/><D117/><U18/><E6/><V115/><F115/><N who="0" m="44106" /><D0/><U128/><E128/><N who="2" m="49227" /><F45/><W32/><G32/><T78/><D4/><U33/><E33/><V102/><F36/><W69/><G69/><T133/><D133/><N who="3" m="50697" /><G97/><T111/><D111/><U84/><E40/><V42/><F43/><N who="3" m="23031" /><G107/><T121/><D121/><N who="2" m="46090" /><F98/><W22/><G22/><T41/><D41/><U89/><REACH who="1" step="1"/><E95/><AGARI ba="0,0" hai="17,20,24,25,27,87,91,95" m="23031,50697" machi="95" ten="30,1000,0" yaku="20,1" doraHai="58" who="3" fromWho="1" sc="72,0,120,-10,315,0,493,10" /><INIT seed="5,0,0,5,2,93" ten="72,110,315,503" oya="1" hai0="86,24,38,66,117,15,131,57,68,79,111,125,128" hai1="41,13,14,18,16,103,130,83,56,45,28,104,91" hai2="73,8,22,113,72,112,5,71,29,84,109,59,114" hai3="32,60,62,4,12,31,43,47,134,34,120,3,106"/><U97/><E130/><N who="0" m="49705" /><D24/><U27/><E56/><V30/><F71/><W53/><G120/><T95/><D117/><U61/><E61/><V102/><F109/><W101/><G3/><T7/><D38/><U96/><E83/><V88/><F102/><W39/><G134/><T87/><D68/><U55/><E55/><V58/><F58/><W10/><G31/><N who="2" m="11785" /><F22/><W76/><G76/><T46/><D46/><U123/><E123/><V23/><F23/><W33/><G53/><T25/><D25/><U92/><E14/><N who="2" m="5391" /><F59/><W135/><G135/><T121/><D121/><U63/><E63/><V75/><F75/><W51/><G39/><T26/><D111/><U105/><E13/><V17/><F17/><W64/><G64/><T122/><D122/><U116/><E105/><V21/><F21/><W0/><G0/><T11/><D26/><U69/><E69/><V40/><F40/><W80/><G80/><AGARI ba="0,0" hai="72,73,80,84,88,112,113,114" m="5391,11785" machi="80" ten="30,3900,0" yaku="15,1,11,1,54,1" doraHai="93" who="2" fromWho="3" sc="72,0,110,0,315,39,503,-39" /><INIT seed="6,0,0,2,2,1" ten="72,110,354,464" oya="2" hai0="92,57,86,75,36,52,7,116,69,81,87,26,117" hai1="10,34,101,0,91,50,131,125,33,47,73,66,109" hai2="68,107,35,20,104,19,80,43,37,114,39,31,79" hai3="88,111,78,44,121,94,97,102,58,90,67,23,119"/><V46/><F19/><W15/><G111/><T8/><D69/><U98/><E109/><V18/><F18/><N who="3" m="10719" /><G119/><N who="0" m="45643" /><D36/><U100/><E73/><N who="2" m="43119" /><F20/><W108/><G108/><T120/><D120/><U84/><E125/><V76/><F76/><W49/><G121/><T62/><D26/><U12/><E131/><V27/><F114/><W124/><G78/><N who="0" m="44255" /><D92/><U96/><E0/><AGARI ba="0,0" hai="0,7,8,52,57,62,86,87" m="44255,45643" machi="0" ten="30,3900,0" yaku="12,1,52,1,54,1" doraHai="1" who="0" fromWho="1" sc="72,39,110,-39,354,0,464,0" /><INIT seed="7,0,0,4,5,5" ten="111,71,354,464" oya="3" hai0="6,17,102,111,50,38,49,86,32,30,75,29,134" hai1="65,47,9,119,135,8,83,117,16,92,70,116,90" hai2="127,73,58,106,81,103,57,118,105,94,96,34,78" hai3="28,25,71,0,4,55,45,68,112,12,79,2,104"/><W3/><G104/><T108/><D38/><U43/><E135/><V101/><F34/><W60/><G79/><T76/><D75/><U80/><E65/><V131/><F57/><W67/><G112/><T77/><D134/><U95/><E70/><V88/><F58/><W84/><G71/><T63/><D32/><U61/><E61/><V85/><F118/><N who="1" m="30209" /><U36/><DORA hai="7" /><E92/><N who="2" m="54287" /><F127/><W24/><G84/><T120/><D120/><U26/><E26/><V110/><F110/><W56/><G45/><T59/><D108/><U130/><E130/><V18/><F18/><W37/><G37/><T74/><D111/><U87/><E9/><V66/><F66/><W98/><G98/><T114/><D114/><U126/><E126/><V132/><F132/><W72/><G72/><T40/><D63/><U13/><AGARI ba="0,0" hai="8,13,16,36,43,47,80,83,87,90,95" m="30209" machi="13" ten="40,8000,1" yaku="12,1,52,2,54,1" doraHai="5,7" who="1" fromWho="1" sc="111,-20,71,80,354,-20,464,-40" owari="91,-41.0,151,-25.0,334,13.0,424,53.0" /></mjloggm>