<mjloggm ver="2.3"><GO type="41"/><UN n0="%EF%BC%88%E2%89%A7%E2%96%BD%E2%89%A6%EF%BC%89" n1="%6D%61%73%61%39%35%30%31" n2="%4C%76%2E%31" n3="%6D%61%6D%61%2D%6D%61%6B" dan="15,13,15,14" rate="2004,1896,2007,1860" sx="M,M,M,M"/><TAIKYOKU oya="0"/><INIT seed="0,0,0,4,5,6" ten="250,250,250,250" oya="0" hai0="128,22,10,79,72,9,43,59,101,46,60,96,29" hai1="33,89,103,37,26,70,28,133,135,36,45,73,48" hai2="92,12,32,67,1,23,119,84,125,14,38,11,112" hai3="109,68,88,106,0,105,107,93,4,115,65,131,40"/><T74/><D128/><U97/><E73/><V98/><F38/><W57/><G131/><T39/><D74/><U122/><E89/><V85/><F32/><W54/><G115/><T110/><D110/><U52/><E70/><V50/><F1/><W83/><G109/><T24/><D79/><U118/><E122/><V104/><F104/><W7/><G40/><T16/><D72/><U95/><REACH who="1" step="1"/><E118/><REACH who="1" ten="250,240,250,250" step="2"/><V78/><F119/><W134/><G0/><T91/><D91/><U100/><E100/><V108/><F108/><W30/><G134/><AGARI ba="0,1" hai="26,28,33,36,37,45,48,52,95,97,103,133,134,135" machi="134" ten="40,5200,0" yaku="1,1,20,1,54,1,53,0" doraHai="6" doraHaiUra="55" who="1" fromWho="3" sc="250,0,240,62,250,0,250,-52" /><INIT seed="1,0,0,3,3,66" ten="250,302,250,198" oya="1" hai0="23,72,103,21,35,53,114,61,27,69,13,14,77" hai1="22,32,34,33,18,80,76,0,9,116,118,51,94" hai2="131,40,56,113,62,71,89,105,112,96,107,73,119" hai3="127,42,28,93,102,15,88,60,123,41,11,49,57"/><U115/><E94/><V86/><F73/><W110/><G123/><T26/><D114/><N who="2" m="44138" /><F40/><N who="3" m="15467" /><G110/><T17/><D35/><U125/><E51/><V97/><F119/><W20/><G127/><T48/><D103/><U117/><E80/><N who="2" m="49351" /><F71/><W43/><N who="3" m="15475" /><W98/><DORA hai="55" /><G49/><T95/><D95/><U84/><E84/><V6/><F6/><N who="3" m="3575" /><G20/><T37/><D37/><U133/><E76/><V46/><F46/><W30/><G102/><T78/><D72/><U10/><E115/><V83/><F83/><W1/><G1/><T59/><D78/><U129/><E125/><V63/><F63/><W126/><G126/><T130/><D77/><U79/><E79/><V109/><F109/><W106/><G106/><N who="2" m="40457" /><F131/><W85/><G85/><T8/><D61/><U81/><E81/><V108/><F108/><W132/><G132/><T29/><D130/><U100/><E100/><V91/><F91/><W4/><G4/><T111/><D111/><U70/><E129/><V101/><F101/><W5/><G5/><N who="0" m="3215" /><D69/><U122/><E70/><V121/><F121/><W39/><G39/><T64/><D27/><U99/><E122/><V16/><F16/><W128/><G128/><T47/><D47/><U36/><E133/><V104/><N who="2" m="40465" /><V45/><DORA hai="2" /><F45/><W68/><G68/><T52/><D48/><U120/><E120/><V19/><F19/><W134/><G134/><T54/><D59/><U25/><E36/><V90/><F90/><W38/><G38/><T24/><D24/><U58/><E118/><V31/><F31/><W75/><G75/><T3/><D3/><U7/><E117/><RYUUKYOKU ba="0,0" sc="250,10,302,-30,250,10,198,10" hai0="14,17,21,23,26,29,52,53,54,64" hai2="56,62,96,97" hai3="28,30,57,60,88,93,98" /><INIT seed="2,1,0,5,5,35" ten="260,272,260,208" oya="2" hai0="13,126,57,38,52,77,41,112,19,51,116,10,114" hai1="83,42,115,90,29,1,79,28,46,2,3,47,103" hai2="59,108,48,104,70,125,113,37,76,91,69,105,40" hai3="26,33,129,43,93,122,75,99,36,54,50,30,89"/><V25/><F37/><W135/><G122/><T60/><D126/><U64/><E90/><V5/><F76/><W109/><G109/><T67/><D116/><U49/><E115/><V63/><F113/><W53/><G129/><T117/><D117/><U124/><E103/><V132/><F125/><W66/><G135/><T128/><D77/><U23/><E64/><V94/><F132/><W98/><G66/><T20/><D128/><U82/><E23/><V130/><F130/><W97/><G75/><T85/><D85/><U44/><E124/><V62/><F62/><W102/><G36/><T133/><D133/><U58/><E58/><V80/><F80/><W14/><G14/><T11/><D11/><U88/><E88/><V9/><F70/><W7/><G7/><T0/><D20/><U31/><REACH who="1" step="1"/><E82/><REACH who="1" ten="260,262,260,208" step="2"/><V87/><F108/><W121/><G102/><T71/><D0/><U22/><E22/><V86/><F69/><W4/><G4/><T12/><D13/><U110/><E110/><V73/><F25/><W134/><G134/><T34/><D34/><U68/><E68/><V72/><F91/><W81/><G81/><T119/><REACH who="0" step="1"/><D119/><REACH who="0" ten="250,262,260,208" step="2"/><U61/><E61/><V24/><F63/><W21/><G33/><T74/><D74/><AGARI ba="1,2" hai="1,2,3,28,29,31,42,44,46,47,49,74,79,83" machi="74" ten="50,8000,1" yaku="1,1,52,3,53,0" doraHai="35" doraHaiUra="65" who="1" fromWho="0" sc="250,-83,262,103,260,0,208,0" /><INIT seed="3,0,0,4,2,81" ten="167,365,260,208" oya="3" hai0="131,68,54,128,22,42,106,111,93,16,8,26,41" hai1="66,18,78,99,80,82,95,17,67,29,77,125,35" hai2="124,133,84,11,20,108,120,123,45,37,65,48,115" hai3="64,7,74,117,61,57,87,4,129,130,38,52,132"/><W112/><G117/><T135/><D106/><U97/><E29/><V56/><F37/><W69/><G112/><T24/><D68/><U104/><E35/><V72/><F115/><W121/><G121/><T1/><D135/><U70/><E104/><V100/><F133/><W98/><G132/><T90/><D111/><U0/><E70/><V28/><F72/><W55/><G74/><T89/><D54/><N who="3" m="20521" /><G98/><T107/><D107/><U105/><E95/><V33/><F108/><W73/><G73/><T36/><D26/><U126/><E105/><V92/><F33/><W102/><G102/><T79/><D79/><U3/><AGARI ba="0,0" hai="0,3,17,18,66,67,77,78,80,82,97,99,125,126" machi="3" ten="25,3200,0" yaku="0,1,22,2" doraHai="81" who="1" fromWho="1" sc="167,-8,365,32,260,-8,208,-16" /><INIT seed="4,0,0,5,2,92" ten="159,397,252,192" oya="0" hai0="120,113,23,82,134,112,58,90,87,104,79,57,133" hai1="55,15,130,26,72,101,75,37,95,66,35,60,88" hai2="34,50,97,67,36,40,119,10,29,102,18,124,69" hai3="33,63,11,83,38,129,84,99,135,53,65,1,94"/><T80/><D23/><U4/><E37/><V116/><F36/><W16/><G38/><T98/><D120/><U73/><E55/><V117/><F34/><W51/><G33/><T128/><D128/><U9/><E101/><V14/><F29/><W31/><G31/><T54/><D57/><U13/><E130/><V70/><F67/><W27/><G129/><T127/><D127/><U42/><E42/><V47/><REACH who="2" step="1"/><F124/><REACH who="2" ten="159,397,242,192" step="2"/><W77/><G135/><N who="0" m="51723" /><D58/><U2/><E35/><V76/><F76/><W7/><G65/><T78/><D54/><U103/><E26/><V126/><F126/><W43/><G63/><T62/><D62/><U100/><E60/><V106/><AGARI ba="0,1" hai="10,14,18,40,47,50,69,70,97,102,106,116,117,119" machi="106" ten="30,8000,1" yaku="1,1,0,1,12,1,52,1,53,1" doraHai="92" doraHaiUra="8" who="2" fromWho="2" sc="159,-40,397,-20,242,90,192,-20" /><INIT seed="5,0,0,2,0,25" ten="119,377,332,172" oya="1" hai0="108,54,13,111,18,110,71,115,56,94,49,113,21" hai1="15,40,102,118,11,1,31,42,4,133,62,14,24" hai2="63,121,26,20,131,99,58,116,33,2,95,103,96" hai3="68,112,60,44,81,117,88,61,41,127,37,34,124"/><U7/><E102/><V5/><F33/><W38/><G81/><T0/><D0/><U75/><E75/><V128/><F121/><W27/><G88/><T105/><D105/><U52/><E133/><V23/><F116/><W132/><G27/><T10/><D71/><U67/><E7/><V8/><F99/><W3/><G34/><T78/><D78/><U119/><E42/><V125/><F125/><N who="3" m="48203" /><G3/><T72/><D72/><U79/><E40/><V92/><F92/><W46/><G132/><T83/><D83/><U86/><E52/><V87/><F87/><W101/><G101/><T73/><D73/><U85/><E119/><V76/><F76/><W59/><G117/><T109/><N who="0" m="28160" /><DORA hai="36" /><T130/><D130/><N who="2" m="49706" /><F26/><W45/><G112/><T82/><D82/><U120/><E120/><V84/><F84/><W9/><G9/><T50/><D50/><U65/><E65/><AGARI ba="0,0" hai="2,5,8,20,23,58,63,65,95,96,103" m="49706" machi="65" ten="30,1000,0" yaku="19,1" doraHai="25,36" who="2" fromWho="1" sc="119,0,377,-10,332,10,172,0" /><INIT seed="6,0,0,2,4,7" ten="119,367,342,172" oya="2" hai0="33,64,98,113,11,81,68,132,97,52,34,53,117" hai1="50,127,62,126,47,124,35,91,69,4,5,30,116" hai2="95,27,43,10,29,76,73,17,107,8,65,109,114" hai3="0,100,101,82,84,48,58,74,2,80,86,32,57"/><V134/><F107/><W70/><G48/><T96/><D132/><U85/><E30/><V46/><F134/><W102/><G70/><T118/><D113/><U121/><E35/><N who="0" m="13321" /><D81/><N who="3" m="31337" /><G32/><T120/><D120/><U104/><E104/><V71/><F76/><W75/><G58/><T38/><D38/><U129/><E116/><N who="0" m="44649" /><D68/><U87/><E121/><V19/><F73/><N who="3" m="27659" /><G57/><T21/><D64/><N who="1" m="41111" /><E129/><V13/><F114/><W99/><G0/><T25/><D11/><U1/><E1/><V55/><F55/><N who="0" m="21066" /><D21/><U94/><E85/><N who="3" m="32874" /><G2/><T93/><D25/><U56/><E56/><V51/><F65/><W110/><G110/><T61/><D93/><AGARI ba="0,0" hai="93,99,100,101,102" m="32874,27659,31337" machi="93" ten="30,8000,1" yaku="35,5" doraHai="7" who="3" fromWho="0" sc="119,-80,367,0,342,0,172,80" /><INIT seed="7,0,0,5,5,28" ten="39,367,342,252" oya="3" hai0="122,134,96,66,0,62,130,19,112,123,3,129,68" hai1="71,23,33,85,25,18,34,52,127,58,57,82,111" hai2="41,114,47,108,35,131,16,110,91,55,17,15,40" hai3="6,75,56,119,9,124,53,81,4,133,38,70,65"/><W128/><G119/><T42/><D42/><U93/><E71/><V63/><F114/><W31/><G38/><T61/><D61/><BYE who="0" /><U106/><E106/><V69/><F131/><W120/><G128/><T26/><D26/><U113/><E111/><V48/><F17/><W5/><G120/><T76/><D76/><U132/><E58/><V115/><F115/><W24/><G70/><T74/><D74/><U83/><E132/><V89/><F35/><N who="3" m="20967" /><G65/><T13/><D13/><U100/><E127/><V7/><F7/><N who="3" m="2635" /><G56/><T64/><D64/><U32/><E113/><V107/><F107/><W8/><G53/><T84/><D84/><U46/><E46/><V37/><F41/><W99/><G99/><T29/><D29/><U117/><E117/><V39/><F39/><W116/><G81/><T10/><D10/><N who="3" m="4201" /><G75/><T86/><D86/><U87/><E87/><V50/><F50/><W45/><G45/><T95/><D95/><U90/><REACH who="1" step="1"/><E100/><REACH who="1" ten="39,357,342,252" step="2"/><V135/><F135/><W125/><G133/><T77/><D77/><U80/><E80/><V73/><F73/><W59/><G59/><T22/><D22/><U103/><E103/><V51/><F110/><UN n0="%EF%BC%88%E2%89%A7%E2%96%BD%E2%89%A6%EF%BC%89" /><W78/><N who="3" m="2643" /><W44/><DORA hai="79" /><G44/><T54/><D19/><U92/><E92/><V118/><F108/><W98/><G116/><T72/><D134/><U20/><E20/><N who="2" m="11295" /><F118/><W21/><G78/><T105/><D130/><U14/><E14/><V11/><F37/><W12/><G98/><T126/><D129/><U30/><E30/><V67/><F11/><W2/><G2/><T49/><D122/><U102/><E102/><RYUUKYOKU ba="0,1" sc="39,-30,357,10,342,10,252,10" hai1="18,23,25,32,33,34,52,57,82,83,85,90,93" hai2="40,47,48,51,55,63,67,69,89,91" hai3="12,21,124,125" /><INIT seed="7,1,1,5,2,120" ten="9,367,352,262" oya="3" hai0="110,87,115,133,50,98,132,31,111,76,64,86,71" hai1="135,93,38,51,104,1,13,36,73,124,45,99,121" hai2="109,26,25,63,39,125,42,82,134,127,20,95,9" hai3="12,129,22,2,7,107,49,28,96,24,105,4,65"/><W100/><G49/><T94/><D31/><U34/><E1/><V118/><F118/><W40/><G40/><T33/><D33/><U30/><E73/><V61/><F134/><W91/><G65/><T21/><D21/><U53/><E104/><V102/><F109/><W88/><G129/><T18/><D18/><U35/><E135/><V69/><F42/><W56/><G107/><T27/><D27/><U59/><E124/><N who="2" m="47691" /><F39/><W16/><G56/><T122/><D50/><U5/><E121/><V113/><F82/><W112/><G112/><T32/><D32/><U108/><E108/><V128/><F113/><W11/><REACH who="3" step="1"/><G7/><REACH who="3" ten="9,367,352,252" step="2"/><T23/><D23/><AGARI ba="1,2" hai="2,4,11,12,16,22,23,24,28,88,91,96,100,105" machi="23" ten="30,12000,1" yaku="1,1,2,1,7,1,54,2,53,0" doraHai="120" doraHaiUra="44" who="3" fromWho="0" sc="9,-123,367,0,352,0,252,143" owari="-114,-61.0,367,17.0,352,-5.0,395,49.0" /></mjloggm>