<mjloggm ver="2.3"><GO type="41"/><UN n0="%E3%81%B1%E3%83%BC%E3%81%9D%E3%82%93" n1="%E3%81%88%E3%81%9E%E5%AF%8C%E5%A3%AB" n2="%E3%82%A6%E3%83%AB%E3%83%88%E3%83%A9%E7%AB%8B%E7%9B%B4" n3="%45%52%52%4F%52" dan="15,14,15,13" rate="1922,1956,2016,1842" sx="M,M,M,M"/><TAIKYOKU oya="0"/><INIT seed="0,0,0,4,5,107" ten="250,250,250,250" oya="0" hai0="106,81,22,13,59,86,121,16,51,54,122,79,48" hai1="127,120,46,40,131,24,112,38,20,85,41,65,37" hai2="9,2,49,26,82,63,115,27,8,74,12,113,23" hai3="70,132,55,103,33,84,88,0,47,66,45,90,61"/><T15/><D106/><U72/><E72/><V56/><F49/><W34/><G0/><T75/><D75/><U89/><E112/><V21/><F82/><W77/><G132/><T4/><D4/><U71/><E120/><V35/><F74/><W10/><G10/><T97/><D97/><U119/><E127/><V76/><F76/><W36/><G103/><T93/><D93/><U124/><E124/><V69/><F56/><W129/><G129/><T64/><D64/><U110/><E110/><V117/><F63/><W32/><G77/><T14/><REACH who="0" step="1"/><D48/><REACH who="0" ten="240,250,250,250" step="2"/><U100/><E131/><V68/><F115/><W95/><G36/><T135/><D135/><U52/><E100/><V133/><F133/><W1/><G1/><T31/><D31/><U83/><E119/><V123/><F113/><W108/><G108/><T44/><D44/><U116/><E116/><V17/><F117/><W30/><G30/><T58/><D58/><U11/><E65/><V25/><F123/><AGARI ba="0,1" hai="13,14,15,16,22,51,54,59,79,81,86,121,122,123" machi="123" ten="40,3900,0" yaku="1,1,54,1,53,0" doraHai="107" doraHaiUra="28" who="0" fromWho="2" sc="240,49,250,0,250,-39,250,0" /><INIT seed="0,1,0,3,2,111" ten="289,250,211,250" oya="0" hai0="90,20,113,69,3,38,14,129,130,106,132,48,95" hai1="58,65,5,10,11,118,53,50,117,17,62,120,82" hai2="98,59,41,9,37,29,91,108,68,96,56,55,80" hai3="105,30,110,71,46,42,52,35,73,81,103,28,116"/><T33/><D69/><U72/><E120/><V86/><F68/><W36/><G110/><T119/><D33/><U92/><E17/><V101/><F108/><W85/><G116/><T63/><D38/><U76/><E92/><V107/><F29/><W31/><G85/><T25/><D106/><U67/><E11/><V66/><F41/><W123/><G123/><T32/><D32/><U75/><E75/><V100/><F37/><W64/><G52/><T121/><D3/><U44/><REACH who="1" step="1"/><E67/><REACH who="1" ten="289,240,211,250" step="2"/><V131/><F66/><W54/><G81/><T79/><D121/><U27/><E27/><V34/><F9/><W39/><G73/><T60/><D25/><U128/><E128/><V104/><F131/><W2/><G2/><AGARI ba="1,1" hai="2,5,10,44,50,53,58,62,65,72,76,82,117,118" machi="2" ten="30,7700,0" yaku="1,1,7,1,53,2" doraHai="111" doraHaiUra="114" who="1" fromWho="3" sc="289,0,240,90,211,0,250,-80" /><INIT seed="1,0,0,5,3,29" ten="289,330,211,170" oya="1" hai0="119,46,112,132,19,104,17,84,35,7,115,70,14" hai1="91,21,78,2,128,5,41,15,61,60,86,134,38" hai2="9,63,109,0,28,124,135,57,66,54,16,52,36" hai3="51,47,45,48,100,18,127,98,65,76,44,68,108"/><U96/><E134/><V10/><F36/><W93/><G127/><T118/><D104/><U24/><E128/><V88/><F124/><W55/><G108/><T114/><D70/><U129/><E2/><V42/><F109/><W40/><G76/><T85/><D46/><U123/><E123/><V111/><F111/><W110/><G110/><T131/><D35/><U75/><E129/><V26/><F42/><W12/><G68/><T11/><D132/><U32/><E96/><V121/><F121/><W64/><G47/><T13/><D131/><U101/><E101/><V73/><F73/><W92/><G93/><T1/><D85/><U50/><E75/><V49/><F135/><W67/><REACH who="3" step="1"/><G64/><REACH who="3" ten="289,330,211,160" step="2"/><T94/><D94/><U90/><E78/><V99/><F66/><W125/><G125/><T43/><D43/><U95/><E38/><V107/><F107/><W106/><G106/><T56/><D56/><U33/><E41/><V120/><F120/><W113/><G113/><T71/><D71/><U6/><E50/><V79/><F79/><W89/><G89/><T122/><D122/><U126/><E91/><V69/><F69/><W34/><G34/><T53/><D115/><U31/><E126/><V23/><F49/><W30/><G30/><T74/><D114/><U102/><E102/><V133/><F133/><W82/><G82/><T130/><D112/><U116/><E116/><V62/><F28/><W3/><G3/><T105/><D119/><U4/><E15/><V80/><F0/><W103/><G103/><T58/><D118/><U27/><E27/><V25/><F25/><RYUUKYOKU ba="0,1" sc="289,-15,330,15,211,-15,160,15" hai1="4,5,6,21,24,31,32,33,60,61,86,90,95" hai3="12,18,40,44,45,48,51,55,65,67,92,98,100" /><INIT seed="1,1,1,2,5,53" ten="274,345,196,175" oya="1" hai0="111,39,86,74,127,4,15,20,62,105,121,51,59" hai1="31,100,9,103,36,23,61,97,32,81,92,113,89" hai2="76,60,70,49,85,42,43,75,8,35,44,106,1" hai3="27,11,102,40,10,83,67,56,73,132,124,133,33"/><U41/><E113/><V50/><F106/><W34/><G40/><T26/><D105/><U129/><E129/><V30/><F30/><W48/><G102/><T45/><D74/><U128/><E128/><V117/><F35/><W96/><G96/><T119/><D119/><U68/><E9/><V57/><F117/><W120/><G83/><T112/><D121/><U69/><E69/><V118/><F118/><W58/><G73/><T94/><D39/><U108/><E32/><N who="3" m="12394" /><G120/><T134/><D134/><N who="3" m="51817" /><G27/><T3/><D112/><U12/><E108/><V52/><F75/><W82/><G82/><T65/><D111/><U115/><E115/><V79/><F85/><W55/><G124/><T99/><D127/><U95/><E81/><V54/><F76/><W6/><G6/><T46/><D3/><U5/><E36/><V17/><F79/><W98/><G98/><T28/><D86/><U38/><E38/><V130/><F130/><W93/><G93/><T91/><D51/><U123/><E41/><V25/><F42/><W116/><G116/><T87/><D87/><U22/><E123/><V29/><F50/><W16/><G16/><T107/><D107/><U19/><E5/><N who="2" m="1071" /><F17/><W37/><G37/><T90/><D91/><U84/><E68/><V101/><F101/><W7/><G7/><T80/><D80/><U13/><E61/><AGARI ba="1,1" hai="10,11,48,55,56,58,61,67" m="51817,12394" machi="61" ten="30,3900,0" yaku="20,1,52,2" doraHai="53" who="3" fromWho="1" sc="274,0,345,-42,196,0,175,52" /><INIT seed="2,0,0,3,2,49" ten="274,303,196,227" oya="2" hai0="56,22,17,3,122,118,62,89,47,43,87,28,58" hai1="94,133,46,81,21,73,29,107,88,4,121,25,2" hai2="36,119,85,65,26,109,31,78,70,57,110,125,129" hai3="33,82,130,77,48,128,102,132,117,100,55,45,27"/><V39/><F70/><W75/><G117/><T23/><D122/><U24/><E107/><V95/><F119/><W123/><G123/><T37/><D118/><U76/><E133/><V14/><F125/><W12/><G12/><T18/><D3/><U93/><E121/><V112/><F112/><W69/><G69/><T101/><D101/><U13/><E2/><V72/><F129/><W67/><G67/><T83/><D28/><U8/><E46/><V84/><F14/><W127/><G132/><T40/><D40/><U124/><E124/><V97/><F72/><W113/><G127/><T44/><D44/><U120/><E120/><V103/><F84/><W15/><G15/><T0/><D0/><U20/><REACH who="1" step="1"/><E88/><REACH who="1" ten="274,293,196,227" step="2"/><V5/><F36/><W10/><G113/><T71/><D47/><U19/><AGARI ba="0,1" hai="4,8,13,19,20,21,24,25,29,73,76,81,93,94" machi="19" ten="20,8000,1" yaku="1,1,2,1,0,1,7,1,53,1" doraHai="49" doraHaiUra="11" who="1" fromWho="1" sc="274,-20,293,90,196,-40,227,-20" /><INIT seed="3,0,0,2,5,26" ten="254,383,156,207" oya="3" hai0="105,90,134,52,51,86,91,97,33,18,10,55,31" hai1="14,48,27,21,130,68,102,119,43,89,29,109,47" hai2="16,107,57,19,128,88,12,42,35,7,94,20,112" hai3="133,78,80,0,113,67,125,95,62,13,25,100,41"/><W117/><G0/><T3/><D134/><U76/><E68/><V96/><F112/><W9/><G125/><T17/><D3/><U32/><E109/><V39/><F128/><W58/><G113/><T121/><D121/><U98/><E130/><V65/><F35/><W120/><G133/><T124/><D124/><U64/><E119/><V77/><F107/><W2/><G2/><T104/><D10/><U83/><E89/><V69/><F69/><W103/><G117/><T126/><D126/><U28/><E64/><V46/><F7/><W66/><G66/><T84/><D33/><U24/><E14/><V23/><F77/><W132/><G132/><T71/><D97/><U74/><E98/><V92/><F57/><W22/><G41/><T44/><D71/><U116/><E116/><V15/><F65/><W36/><G36/><T45/><D51/><U59/><E59/><V127/><F127/><W111/><G111/><T40/><D40/><U4/><E4/><V53/><F53/><W135/><G135/><T5/><D5/><U49/><E102/><V37/><F94/><W106/><G106/><T72/><D72/><U73/><E73/><V81/><F81/><W63/><G63/><T34/><D34/><U101/><E101/><V8/><F8/><W110/><G110/><T60/><D60/><U11/><E11/><V108/><F108/><W79/><G95/><T50/><D50/><AGARI ba="0,0" hai="21,24,27,28,29,32,43,47,48,49,50,74,76,83" machi="50" ten="30,3900,0" yaku="7,1,52,2" doraHai="26" who="1" fromWho="0" sc="254,-39,383,39,156,0,207,0" /><AGARI ba="0,0" hai="12,15,16,19,20,23,37,39,42,46,50,88,92,96" machi="50" ten="30,7700,0" yaku="7,1,9,1,54,2" doraHai="26" who="2" fromWho="0" sc="215,-77,422,0,156,77,207,0" /><INIT seed="4,0,0,4,2,88" ten="138,422,233,207" oya="0" hai0="55,92,66,121,22,27,81,122,61,133,3,108,28" hai1="68,77,85,24,116,82,63,125,41,52,50,49,10" hai2="76,83,72,74,128,54,114,25,111,14,123,20,98" hai3="101,26,124,93,17,112,2,91,97,36,51,29,56"/><T95/><D3/><U73/><E116/><V18/><F123/><W47/><G124/><T102/><D133/><U106/><E106/><V79/><F111/><W90/><G112/><T44/><D108/><U34/><E125/><V5/><F114/><W103/><G2/><T89/><D122/><U42/><E73/><V120/><F120/><W127/><G127/><T0/><D0/><U33/><E33/><V135/><F135/><W131/><G131/><T75/><D121/><U134/><E134/><V59/><F128/><W4/><G4/><T84/><D75/><U15/><E68/><V19/><F5/><W65/><G36/><T130/><D130/><U94/><E94/><N who="0" m="35881" /><D102/><U23/><E34/><V113/><F113/><W31/><G103/><T13/><D66/><U43/><E63/><V104/><F74/><W126/><G126/><T78/><D13/><U35/><E35/><V53/><F14/><W109/><G109/><T64/><D64/><U118/><E118/><V40/><F72/><W6/><G6/><T132/><D132/><U9/><E49/><V110/><F110/><W119/><G119/><T58/><D44/><N who="1" m="27719" /><E15/><V87/><F104/><W69/><G69/><T86/><D86/><U107/><E107/><V100/><F87/><W21/><G31/><AGARI ba="0,0" hai="9,10,23,24,31,41,42,43,77,82,85" m="27719" machi="31" ten="30,2000,0" yaku="8,1,54,1" doraHai="88" who="1" fromWho="3" sc="138,0,422,20,233,0,207,-20" /><INIT seed="5,0,0,5,2,40" ten="138,442,233,187" oya="1" hai0="48,38,121,88,24,84,123,69,115,72,49,112,110" hai1="3,102,65,128,134,60,10,77,100,51,119,114,47" hai2="36,16,4,62,98,94,56,107,124,31,43,39,18" hai3="95,91,61,22,14,129,26,57,80,12,74,32,23"/><U131/><E119/><V127/><F107/><W130/><G80/><N who="0" m="49159" /><D72/><U105/><E114/><N who="0" m="43561" /><D69/><U45/><E77/><V63/><F4/><W73/><G32/><T52/><D38/><U68/><E134/><V13/><F31/><W2/><G2/><T8/><D110/><U19/><E51/><V25/><F25/><W33/><G33/><T46/><D24/><U7/><E19/><V97/><F13/><W125/><G125/><T29/><D29/><U78/><E78/><V79/><F79/><W6/><G6/><T0/><D0/><U89/><E89/><V64/><F94/><W116/><G116/><T81/><D81/><U50/><E50/><V86/><F86/><W70/><G70/><T55/><D8/><U85/><E85/><V44/><F97/><W9/><G9/><T11/><D11/><U27/><E27/><V113/><F98/><W15/><G73/><T54/><D49/><U103/><REACH who="1" step="1"/><E105/><REACH who="1" ten="138,432,233,187" step="2"/><V1/><F113/><W42/><G74/><T126/><D126/><N who="2" m="48170" /><F39/><W93/><G91/><T75/><D75/><U35/><E35/><V120/><F36/><W135/><G135/><T5/><D5/><U76/><E76/><V99/><F18/><W96/><G96/><T17/><D17/><U30/><E30/><V66/><F16/><W109/><G26/><T28/><D28/><U41/><E41/><AGARI ba="0,1" hai="41,46,48,52,54,55,121,123" m="43561,49159" machi="41" ten="30,7700,0" yaku="15,1,52,1,54,2" doraHai="40" who="0" fromWho="1" sc="138,87,432,-77,233,0,187,0" /><INIT seed="6,0,0,4,0,8" ten="225,355,233,187" oya="2" hai0="7,81,53,82,87,90,99,68,62,80,3,24,113" hai1="34,132,84,78,115,91,25,31,15,79,5,96,72" hai2="21,55,71,103,43,108,70,124,48,6,20,111,133" hai3="27,13,36,38,65,66,125,93,16,49,109,18,28"/><V54/><F103/><W114/><G109/><N who="2" m="42057" /><F6/><W41/><G125/><T51/><D113/><U122/><E115/><V77/><F77/><W130/><G114/><T57/><D99/><U32/><E132/><V118/><F118/><W95/><G130/><T50/><D3/><U67/><E34/><V116/><F116/><W37/><G49/><T17/><D7/><U45/><E72/><V19/><F124/><W89/><G41/><T110/><D110/><U39/><E67/><V69/><F133/><W126/><G126/><T73/><D73/><U75/><E75/><V107/><F107/><W134/><G134/><T14/><D24/><U106/><E122/><V46/><F21/><W131/><G131/><T102/><D102/><U76/><E106/><V61/><F61/><W52/><G52/><N who="2" m="20009" /><F20/><W22/><G18/><AGARI ba="0,0" hai="18,19,43,46,48,69,70,71" m="20009,42057" machi="18" ten="40,3900,0" yaku="10,1,54,1" doraHai="8" who="2" fromWho="3" sc="225,0,355,0,233,39,187,-39" /><INIT seed="6,1,0,2,4,56" ten="225,355,272,148" oya="2" hai0="68,44,119,128,2,110,89,80,28,129,12,18,47" hai1="78,34,109,106,124,76,121,84,60,130,95,32,8" hai2="27,29,93,71,6,117,120,38,3,115,61,10,17" hai3="66,65,85,11,52,81,37,111,51,55,9,13,46"/><V125/><F120/><W99/><G111/><T83/><D110/><U96/><E109/><V43/><F117/><W98/><G37/><T1/><D68/><U75/><E8/><V48/><F125/><W113/><G9/><T123/><D28/><U64/><E124/><V20/><F115/><W90/><G113/><T134/><D123/><U62/><E130/><V73/><F73/><W54/><G55/><T16/><D119/><U105/><E75/><V7/><F7/><W36/><G36/><T91/><REACH who="0" step="1"/><D12/><REACH who="0" ten="215,355,272,148" step="2"/><U107/><E121/><V72/><F71/><W87/><G54/><T82/><D82/><U5/><E34/><V114/><F114/><W24/><G24/><T133/><AGARI ba="1,1" hai="1,2,16,18,44,47,80,83,89,91,128,129,133,134" machi="133" ten="25,12000,2" yaku="1,1,0,1,22,2,54,1,53,2" doraHai="56" doraHaiUra="14" who="0" fromWho="0" sc="215,133,355,-31,272,-61,148,-31" /><INIT seed="7,0,0,3,5,133" ten="348,324,211,117" oya="3" hai0="28,101,19,54,78,16,25,129,35,64,69,42,130" hai1="11,52,77,14,29,24,106,91,3,10,37,117,21" hai2="60,31,86,26,59,72,79,18,12,71,32,92,119" hai3="41,104,30,8,51,45,58,62,63,17,39,84,134"/><W65/><G104/><T70/><D42/><U93/><E37/><V55/><F71/><W110/><G30/><T34/><D101/><U57/><E106/><V108/><F119/><W126/><G8/><T50/><D34/><U40/><E117/><V68/><F68/><N who="3" m="42039" /><G17/><T124/><D124/><U112/><E112/><V95/><F72/><W43/><G84/><T47/><D78/><U67/><E40/><V22/><F92/><W76/><G76/><T131/><D69/><U74/><E67/><V46/><F79/><W105/><G105/><T15/><D15/><U125/><E125/><V113/><F113/><W9/><G9/><T94/><D94/><U53/><E74/><V13/><F86/><W122/><G122/><T61/><AGARI ba="0,0" hai="16,19,25,28,35,47,50,54,61,64,70,129,130,131" machi="61" ten="40,5200,0" yaku="0,1,19,1,54,1" doraHai="133" who="0" fromWho="0" sc="348,52,324,-13,211,-13,117,-26" owari="400,50.0,311,11.0,198,-20.0,91,-41.0" /></mjloggm>