<mjloggm ver="2.3"><GO type="41"/><UN n0="%EF%BC%88%E2%89%A7%E2%96%BD%E2%89%A6%EF%BC%89" n1="%41%70%70%6C%65%2A" n2="%50%69%6E" n3="%70%75%74%69%70%75%74%69" dan="14,16,14,14" rate="2068,2022,1888,1806" sx="M,M,M,M"/><TAIKYOKU oya="0"/><INIT seed="0,0,0,1,5,49" ten="250,250,250,250" oya="0" hai0="119,91,38,25,109,111,130,106,29,79,72,15,58" hai1="47,44,120,92,113,127,131,12,97,19,51,40,35" hai2="89,103,101,125,108,100,83,33,121,134,123,118,129" hai3="7,126,99,117,110,6,112,61,98,4,90,96,115"/><T65/><D119/><U27/><E120/><V94/><F33/><W21/><G117/><T63/><D130/><U133/><E113/><V82/><F118/><W67/><G126/><T53/><D106/><U81/><E133/><V93/><F125/><W74/><G74/><T14/><D38/><U46/><E131/><V68/><F68/><W8/><G110/><N who="0" m="41995" /><D91/><U54/><E127/><V59/><F108/><W45/><G45/><T114/><D114/><U42/><E81/><N who="2" m="30731" /><F59/><W116/><G90/><T78/><D72/><U105/><E105/><V39/><F39/><W48/><G48/><N who="0" m="31015" /><D79/><U18/><E42/><V124/><F124/><W16/><G116/><T85/><D85/><U2/><E40/><V50/><F50/><W36/><G36/><T104/><D104/><U87/><E87/><N who="2" m="52415" /><F134/><W71/><REACH who="3" step="1"/><G8/><REACH who="3" step="2"/><T31/><D78/><U52/><E47/><V77/><F129/><W23/><G23/><N who="0" m="15551" /><D31/><U32/><E35/><V62/><F62/><W135/><G135/><T122/><D122/><N who="2" m="46602" /><F77/><W66/><G66/><T88/><D88/><U1/><E32/><V17/><F17/><W3/><G3/><T20/><D20/><N who="1" m="13727" /><E2/><V24/><F24/><AGARI ba="0,1" hai="4,6,7,16,21,24,61,67,71,96,98,99,112,115" machi="24" ten="40,2600,0" yaku="1,1,54,1,53,0" doraHai="49" doraHaiUra="75" who="3" fromWho="2" sc="250,0,250,0,250,-26,240,36" /><INIT seed="1,0,0,5,0,35" ten="250,250,224,276" oya="1" hai0="104,118,18,53,97,43,132,135,20,77,13,25,61" hai1="40,66,127,126,50,22,27,87,62,80,7,47,58" hai2="101,45,34,110,21,79,134,81,109,113,102,41,131" hai3="74,64,59,129,5,2,72,75,52,90,111,60,95"/><U93/><E93/><V30/><F34/><W26/><G111/><N who="2" m="42505" /><F30/><W103/><G129/><T122/><D118/><U73/><E73/><N who="2" m="43247" /><F21/><W24/><G103/><N who="2" m="39433" /><F131/><W125/><G125/><T69/><D43/><U9/><E126/><V38/><F134/><W29/><G29/><T70/><D135/><U119/><E119/><V88/><F88/><W37/><G37/><T117/><D132/><U107/><E127/><V56/><F56/><W12/><G12/><T51/><D13/><U54/><E22/><V33/><F33/><W63/><G5/><T23/><D23/><U96/><E27/><V11/><F11/><W86/><G26/><T3/><D25/><U92/><E9/><V49/><F113/><W57/><REACH who="3" step="1"/><G24/><REACH who="3" step="2"/><T89/><D117/><U114/><E7/><V19/><F19/><W120/><G120/><T82/><D122/><U128/><E128/><V99/><F99/><W105/><G105/><T14/><D14/><U42/><E107/><V8/><F8/><W67/><G67/><T55/><D104/><U65/><E65/><V83/><F83/><W1/><AGARI ba="0,1" hai="1,2,52,57,59,60,63,64,72,74,75,86,90,95" machi="1" ten="40,12000,2" yaku="1,1,0,1,52,2,54,1,53,1" doraHai="35" doraHaiUra="91" who="3" fromWho="3" sc="250,-30,250,-60,224,-30,266,130" /><INIT seed="2,0,0,5,2,0" ten="220,190,194,396" oya="2" hai0="25,62,13,108,16,83,72,107,134,94,98,29,74" hai1="23,92,12,10,69,40,33,6,80,52,125,11,55" hai2="111,121,65,97,127,49,79,116,129,3,102,28,118" hai3="18,128,5,21,123,1,90,66,86,91,43,22,27"/><V117/><F3/><W7/><G123/><T37/><D108/><U70/><E33/><V100/><F28/><W51/><G1/><T110/><D110/><U119/><E119/><V32/><F111/><W103/><G103/><T64/><D134/><U44/><E125/><V101/><F32/><W71/><G128/><T113/><D113/><U4/><E23/><V99/><F65/><W19/><G71/><T54/><D37/><U67/><E92/><V20/><F20/><W96/><G66/><T38/><D38/><U93/><E93/><V126/><F49/><W124/><G124/><T26/><D54/><U73/><E69/><V133/><F127/><W9/><G9/><T61/><D107/><U81/><E67/><V95/><F126/><W112/><G112/><T131/><D131/><U42/><E70/><V109/><F129/><W46/><G96/><T132/><D132/><U15/><E44/><V57/><F109/><W8/><G8/><N who="0" m="6183" /><D83/><U76/><E76/><V135/><F57/><W59/><G59/><N who="0" m="36927" /><D62/><U58/><E58/><V30/><F30/><W36/><G36/><T106/><D106/><U17/><E17/><V35/><F35/><W34/><G34/><N who="0" m="20783" /><D26/><U77/><E77/><V31/><F31/><W47/><G47/><T56/><D56/><U75/><AGARI ba="0,0" hai="4,6,10,11,12,15,40,42,52,55,73,75,80,81" machi="75" ten="25,12000,2" yaku="0,1,22,2,52,2,54,1" doraHai="0" who="1" fromWho="1" sc="220,-30,190,120,194,-60,396,-30" /><INIT seed="3,0,0,4,1,21" ten="190,310,134,366" oya="3" hai0="71,99,73,22,3,66,8,39,68,38,114,29,41" hai1="118,63,134,45,123,83,60,57,70,67,17,117,25" hai2="98,28,105,64,53,95,76,79,12,124,106,33,88" hai3="5,26,126,133,48,74,82,59,7,128,65,121,80"/><W56/><G121/><T24/><D114/><U6/><E123/><V77/><F64/><W15/><G126/><T31/><D73/><U91/><E134/><V34/><F124/><W115/><G115/><T69/><D66/><U96/><E6/><V52/><F12/><W1/><G1/><T87/><D31/><U30/><E17/><V18/><F18/><W20/><G133/><T32/><D22/><U13/><E13/><V125/><F125/><W101/><G128/><T93/><D87/><U86/><E45/><V112/><F112/><W78/><G101/><T119/><D119/><U14/><E14/><V27/><REACH who="2" step="1"/><F34/><REACH who="2" step="2"/><W62/><G15/><T130/><D130/><U42/><E118/><V116/><F116/><W75/><G7/><T43/><D3/><U40/><E117/><V92/><F92/><W4/><G5/><T0/><D0/><U19/><E19/><V102/><F102/><W103/><G4/><T36/><REACH who="0" step="1"/><D8/><REACH who="0" step="2"/><U54/><E96/><V2/><F2/><W44/><G65/><T104/><D104/><AGARI ba="0,2" hai="27,28,33,52,53,76,77,79,88,95,98,104,105,106" machi="104" ten="40,8000,1" yaku="1,1,52,1,54,2,53,1" doraHai="21" doraHaiUra="85" who="2" fromWho="0" sc="180,-80,310,0,124,100,366,0" /><INIT seed="4,0,0,1,4,27" ten="100,310,224,366" oya="0" hai0="113,124,24,119,49,29,7,111,121,102,20,133,34" hai1="8,12,13,65,40,109,125,128,116,61,4,86,60" hai2="11,41,118,129,74,108,88,117,28,32,95,42,68" hai3="6,78,56,122,103,23,114,58,70,98,47,52,64"/><T26/><D102/><U92/><E116/><N who="2" m="44651" /><F68/><W123/><G114/><T31/><D119/><U2/><E109/><V71/><F71/><W43/><G78/><T22/><D121/><U90/><E128/><V55/><F74/><W132/><G132/><T110/><D113/><U51/><E125/><V45/><F129/><W62/><G6/><T57/><D124/><U39/><E39/><V21/><F11/><W38/><G23/><T66/><D133/><U73/><E73/><V53/><F21/><W127/><G127/><T67/><D7/><U63/><E65/><V3/><F3/><W112/><G112/><T80/><D34/><U106/><E106/><V130/><F130/><W76/><G76/><T10/><D10/><U115/><E115/><V75/><F75/><W44/><G98/><T48/><D80/><U97/><E97/><N who="2" m="57575" /><F108/><W1/><G103/><T50/><D50/><U104/><E104/><V17/><F17/><W77/><G77/><T18/><D57/><U107/><E107/><V79/><F79/><W100/><G100/><T94/><D18/><U126/><E126/><V54/><F45/><W84/><G1/><T87/><D94/><U0/><E2/><V69/><F69/><W30/><G123/><T36/><REACH who="0" step="1"/><D87/><REACH who="0" step="2"/><U33/><E33/><V120/><F120/><W135/><G84/><T105/><D105/><U35/><E35/><V83/><F83/><W59/><G135/><T81/><D81/><U72/><E72/><V25/><AGARI ba="0,1" hai="25,28,32,41,42,53,54,55" m="57575,44651" machi="25" ten="40,5200,0" yaku="12,1,52,1,54,1" doraHai="27" who="2" fromWho="2" sc="90,-26,310,-13,224,62,366,-13" /><INIT seed="5,0,0,2,2,94" ten="64,297,286,353" oya="1" hai0="131,10,0,109,43,24,105,127,9,107,134,5,98" hai1="1,58,129,71,81,91,92,61,128,70,23,102,78" hai2="36,3,133,76,44,87,17,22,86,35,25,49,27" hai3="103,48,106,121,93,100,66,34,124,41,108,80,46"/><U59/><E1/><V11/><F3/><W33/><G108/><T69/><D109/><U117/><E102/><V63/><F36/><W79/><G106/><T31/><D131/><N who="1" m="50251" /><E117/><V97/><F133/><W130/><G130/><T83/><D134/><U122/><E122/><V13/><F35/><W38/><G121/><T116/><D116/><U57/><E61/><V111/><F63/><W51/><G124/><T82/><D127/><U54/><E54/><V75/><F75/><W40/><G66/><T53/><D69/><U8/><E8/><V29/><F111/><W104/><G104/><T14/><D43/><U113/><E23/><V101/><F27/><W50/><G100/><T73/><D53/><U95/><E113/><V16/><F29/><W42/><G38/><T125/><D125/><U6/><E6/><V37/><F37/><W72/><G46/><T47/><D47/><U84/><E92/><N who="2" m="58535" /><F76/><W60/><G60/><T15/><D0/><U114/><E114/><V77/><F77/><W26/><G26/><T19/><D73/><AGARI ba="0,0" hai="57,58,59,70,71,73,78,81,84,91,95" m="50251" machi="73" ten="30,1500,0" yaku="19,1" doraHai="94" who="1" fromWho="0" sc="64,-15,297,15,286,0,353,0" /><INIT seed="5,1,0,1,5,42" ten="49,312,286,353" oya="1" hai0="117,64,127,66,124,122,112,10,6,52,9,118,130" hai1="61,22,82,39,21,133,51,48,119,65,94,104,57" hai2="8,84,56,58,46,59,115,44,14,79,31,105,114" hai3="20,120,135,83,37,3,70,67,45,103,28,15,4"/><U99/><E119/><N who="0" m="45577" /><D130/><U35/><E104/><V78/><F105/><W24/><G120/><T96/><D122/><U76/><E39/><V34/><F31/><W40/><G135/><T125/><D112/><N who="2" m="43050" /><F34/><W97/><G70/><T85/><D85/><N who="1" m="48327" /><E35/><V86/><F86/><W13/><G67/><N who="0" m="25643" /><D96/><U95/><E95/><V36/><F36/><W116/><G116/><T73/><D73/><U25/><E133/><V68/><F68/><W1/><G15/><T19/><D6/><U71/><E71/><V111/><F111/><W18/><G83/><T91/><D91/><N who="1" m="55775" /><E22/><V23/><F23/><W110/><G4/><T63/><D19/><AGARI ba="1,0" hai="19,21,25,48,51,57,61,65" m="55775,48327" machi="19" ten="30,1500,0" yaku="8,1" doraHai="42" who="1" fromWho="0" sc="49,-18,312,18,286,0,353,0" /><INIT seed="5,2,0,5,4,52" ten="31,330,286,353" oya="1" hai0="111,83,29,38,103,43,31,17,49,0,7,39,116" hai1="73,21,67,92,100,63,42,16,62,34,125,87,93" hai2="14,26,13,120,9,90,24,20,79,66,85,61,114" hai3="101,135,47,118,11,124,81,121,77,12,98,1,36"/><U25/><E73/><V109/><F120/><W4/><G121/><T23/><D116/><U44/><E34/><V70/><F109/><W84/><G118/><T110/><D103/><U74/><E74/><V32/><F79/><W33/><G124/><T108/><D83/><U115/><E115/><V48/><F114/><W102/><G135/><T95/><D95/><U57/><E125/><V129/><F129/><W6/><G33/><T89/><D89/><U88/><E100/><V10/><F32/><W55/><G101/><T134/><D134/><U30/><E63/><V130/><F130/><W64/><G64/><T19/><D49/><N who="1" m="26775" /><E30/><V86/><F48/><W40/><G55/><T76/><D76/><U2/><E2/><V41/><F41/><W96/><G96/><T131/><D131/><U126/><E126/><V119/><F119/><W123/><G1/><T15/><D17/><U132/><E132/><V58/><F70/><W50/><G36/><T72/><D72/><U22/><E22/><V18/><F20/><W59/><G123/><T82/><D82/><AGARI ba="2,0" hai="16,21,25,57,62,67,82,87,88,92,93" m="26775" machi="82" ten="30,11600,0" yaku="8,1,52,1,54,2" doraHai="52" who="1" fromWho="0" sc="31,-122,330,122,286,0,353,0" owari="-91,-59,452,55,286,-11,353,15" /></mjloggm>