<mjloggm ver="2.3"><GO type="43"/><UN n0="%EF%BC%88%E2%89%A7%E2%96%BD%E2%89%A6%EF%BC%89" n1="%E3%82%B9%E3%82%AF%E3%82%A8%E3%83%8B" n2="%E7%A7%8B%E3%81%AE%E6%B9%96" n3="%E5%BC%B7%E3%81%8F%E3%81%AA%E3%81%84%E3%81%8A" dan="15,13,13,16" rate="1991,1915,1959,2060" sx="M,M,M,M"/><TAIKYOKU oya="0"/><INIT seed="0,0,0,4,1,105" ten="250,250,250,250" oya="0" hai0="90,37,59,81,8,106,102,117,7,82,121,91,95" hai1="132,66,2,46,93,69,120,45,61,70,29,114,96" hai2="48,26,115,21,123,74,79,78,94,98,134,40,128" hai3="14,15,51,65,72,84,131,4,60,57,31,55,125"/><T89/><D37/><U42/><E120/><V27/><F123/><W16/><G131/><T118/><D121/><U135/><E114/><V23/><F115/><W36/><G36/><T11/><D11/><U122/><E122/><V34/><F134/><W6/><G125/><T108/><D108/><U32/><E2/><V64/><F128/><W39/><G39/><T101/><D59/><U83/><E69/><V43/><F64/><W68/><G31/><T20/><D20/><U76/><E29/><V80/><F34/><W130/><G130/><T86/><D8/><U5/><E5/><V35/><F35/><W47/><G72/><T97/><D7/><U92/><E32/><V71/><F71/><W113/><G113/><T62/><D62/><U129/><E129/><V112/><F112/><W28/><G28/><T107/><D118/><U17/><E17/><V44/><F79/><W126/><G126/><T88/><D117/><U25/><E25/><V49/><F23/><N who="3" m="11671" /><G68/><T99/><AGARI ba="0,0" hai="81,82,86,88,89,90,91,95,97,99,101,102,106,107" machi="99" ten="30,24000,3" yaku="0,1,9,1,35,6" doraHai="105" who="0" fromWho="0" sc="250,240,250,-80,250,-80,250,-80" /><INIT seed="0,1,0,0,4,88" ten="490,170,170,170" oya="0" hai0="78,8,124,101,125,65,104,42,50,19,130,34,133" hai1="92,127,86,49,83,66,41,58,68,96,81,93,98" hai2="80,53,57,97,60,26,74,14,38,132,67,95,32" hai3="0,71,45,35,79,40,102,73,43,39,129,27,16"/><T118/><D118/><U108/><E127/><N who="0" m="48713" /><D34/><U89/><E68/><V123/><F123/><W85/><G85/><T113/><D113/><U28/><E108/><V134/><F38/><W119/><G16/><T114/><D114/><U18/><E28/><V46/><F32/><W7/><G102/><T100/><D133/><N who="2" m="51306" /><F26/><W99/><G99/><T9/><D130/><U105/><E105/><V31/><F31/><W87/><G87/><T11/><D78/><U77/><E83/><V12/><F74/><W62/><G43/><T121/><D121/><U109/><E109/><V17/><F80/><W61/><G71/><T54/><D65/><U48/><E41/><V116/><F116/><W2/><G2/><T135/><D135/><U51/><E18/><V6/><F6/><W1/><G1/><T63/><D19/><U91/><E66/><V126/><F17/><W4/><G4/><T29/><D29/><U20/><E20/><V76/><F126/><W10/><G119/><T117/><D117/><U44/><E44/><V106/><F106/><W25/><G35/><T90/><D104/><U56/><AGARI ba="1,0" hai="48,49,51,56,58,77,81,86,89,91,92,93,96,98" machi="56" ten="30,8000,1" yaku="0,1,9,1,8,1,52,2" doraHai="88" who="1" fromWho="1" sc="490,-41,170,83,170,-21,170,-21" /><INIT seed="1,0,0,5,4,126" ten="449,253,149,149" oya="1" hai0="120,57,28,134,101,69,81,89,15,80,17,29,31" hai1="14,36,132,18,76,122,38,103,21,93,130,115,70" hai2="56,47,96,94,124,45,74,133,117,46,63,112,82" hai3="0,78,100,87,43,108,95,58,42,79,135,129,8"/><U64/><E122/><V5/><F117/><W109/><G135/><T68/><D134/><U26/><E132/><V39/><F124/><W104/><G104/><T119/><D119/><U113/><E76/><V40/><F112/><W106/><G106/><T83/><D120/><U114/><E70/><V10/><F133/><W102/><G58/><T34/><D34/><U131/><E64/><V127/><F127/><W123/><G95/><T61/><D101/><U30/><E93/><V53/><F94/><W107/><G107/><T116/><D116/><U121/><E103/><V90/><F96/><W54/><G8/><T9/><REACH who="0" step="1"/><D89/><REACH who="0" ten="439,253,149,149" step="2"/><U32/><REACH who="1" step="1"/><E121/><REACH who="1" ten="439,243,149,149" step="2"/><V98/><F90/><W13/><G102/><T2/><D2/><U52/><E52/><AGARI ba="0,2" hai="9,15,17,28,29,31,52,57,61,68,69,80,81,83" machi="52" ten="40,1300,0" yaku="1,1,53,0" doraHai="126" doraHaiUra="88" who="0" fromWho="1" sc="439,33,243,-13,149,0,149,0" /><INIT seed="2,0,0,2,4,47" ten="472,230,149,149" oya="2" hai0="133,135,33,75,83,134,22,118,100,101,39,107,21" hai1="4,46,130,99,34,129,11,29,72,67,113,90,76" hai2="131,12,54,71,43,78,28,30,31,119,17,125,6" hai3="61,96,10,103,58,80,13,122,36,32,111,93,116"/><V1/><F119/><W68/><G116/><T2/><D33/><U81/><E113/><V74/><F71/><W66/><G122/><T56/><D118/><U104/><E67/><V124/><F74/><W20/><G111/><T37/><D2/><U117/><E117/><V41/><F78/><W51/><G32/><T109/><D109/><U63/><E34/><V8/><F54/><W24/><G36/><N who="0" m="13899" /><D56/><U126/><E29/><N who="2" m="11371" /><F43/><W14/><G80/><T25/><D107/><U121/><E121/><V35/><F41/><W106/><G106/><T115/><D115/><U94/><E126/><N who="2" m="48747" /><F131/><W95/><G95/><T70/><D70/><U77/><E77/><V19/><F1/><W3/><G3/><T23/><D25/><AGARI ba="0,0" hai="6,8,12,17,19,25,31,35" m="48747,11371" machi="25" ten="30,5800,0" yaku="18,1,34,2" doraHai="47" who="2" fromWho="0" sc="472,-58,230,0,149,58,149,0" /><INIT seed="2,1,0,3,3,135" ten="414,230,207,149" oya="2" hai0="100,54,55,77,87,83,91,115,93,53,36,42,0" hai1="74,37,82,69,16,75,39,9,73,18,78,49,107" hai2="10,17,22,134,95,118,102,21,15,13,105,92,122" hai3="34,19,23,110,129,33,51,1,41,45,60,52,104"/><V133/><F122/><W76/><G104/><T94/><D115/><U48/><E69/><V131/><F118/><W31/><G110/><T64/><D0/><U12/><E107/><V67/><F67/><W89/><G129/><T109/><D109/><U124/><E18/><V113/><F113/><W103/><G103/><T106/><D64/><U71/><E71/><V81/><F105/><W3/><G76/><T56/><D56/><U72/><E49/><V27/><F81/><W46/><G34/><T26/><D26/><U50/><E48/><V44/><F44/><W96/><G31/><T25/><D25/><U2/><E2/><V35/><F102/><W111/><G33/><T59/><D59/><U6/><E6/><N who="2" m="3287" /><F92/><N who="3" m="56335" /><G46/><T116/><D116/><U62/><E62/><V121/><F95/><W130/><G130/><T97/><D36/><U84/><N who="1" m="18944" /><DORA hai="125" /><U20/><E124/><V86/><F86/><W112/><G111/><T119/><D119/><U57/><REACH who="1" step="1"/><E9/><REACH who="1" ten="414,220,207,149" step="2"/><N who="2" m="6383" /><F131/><W68/><G68/><T98/><D42/><U85/><E85/><V24/><F121/><W7/><G112/><T14/><D87/><U40/><E40/><V80/><F80/><W5/><G1/><T32/><D83/><U120/><E120/><V126/><F126/><W128/><G3/><T4/><D106/><U132/><E132/><N who="2" m="50795" /><F35/><W66/><G128/><T117/><D117/><U47/><E47/><V70/><F70/><N who="3" m="42311" /><G41/><T79/><D32/><U123/><E123/><V90/><F90/><W63/><G63/><T101/><D91/><U99/><E99/><V127/><F127/><W38/><G38/><RYUUKYOKU ba="1,1" sc="414,0,220,0,207,0,149,0" hai0="4,14,53,54,55,77,79,93,94,97,98,100,101" hai1="12,16,20,37,39,50,57,78,82,84" hai2="21,22,24,27" hai3="5,7,19,23,45,51,52" /><INIT seed="2,2,1,2,1,12" ten="414,220,207,149" oya="2" hai0="115,45,81,111,92,50,20,73,2,67,31,22,86" hai1="104,94,24,72,109,47,106,66,8,127,83,17,15" hai2="110,35,54,62,75,44,77,74,33,103,53,51,28" hai3="80,27,70,82,4,36,48,37,121,0,65,101,52"/><V21/><F110/><W130/><G121/><T87/><D115/><U98/><E109/><V134/><F134/><W128/><G101/><T71/><D2/><U113/><E113/><V58/><F103/><W18/><G4/><T135/><D111/><U85/><E127/><V78/><F21/><N who="3" m="13751" /><G0/><T102/><D135/><U41/><E72/><V108/><F108/><W7/><G7/><T46/><D73/><U79/><E66/><V49/><F28/><W3/><G3/><T55/><D45/><U116/><E24/><V132/><F132/><W76/><G65/><T133/><D133/><U124/><E124/><V63/><F58/><N who="3" m="33031" /><G70/><T61/><D31/><U26/><E26/><V125/><REACH who="2" step="1"/><F125/><REACH who="2" ten="414,220,197,149" step="2"/><W131/><G82/><T129/><D102/><U68/><E83/><V114/><F114/><W19/><G19/><T69/><D71/><U60/><E68/><V99/><F99/><W100/><G100/><T43/><D81/><U91/><E98/><V1/><F1/><W59/><G59/><T38/><D92/><U88/><E94/><V117/><F117/><W9/><G9/><T23/><D69/><U97/><E8/><V112/><F112/><W64/><G64/><T39/><D67/><U25/><E97/><V10/><F10/><W32/><G32/><T107/><D107/><U93/><E104/><V40/><F40/><W95/><G95/><T6/><D43/><U96/><E93/><V42/><F42/><W13/><G13/><T89/><D20/><U56/><E15/><V16/><F16/><W84/><AGARI ba="2,2" hai="36,37,76,80,84,128,130,131" m="33031,13751" machi="84" ten="30,2000,0" yaku="19,1,52,1" doraHai="12" who="3" fromWho="3" sc="414,-7,220,-7,197,-12,149,46" /><INIT seed="3,0,0,3,4,117" ten="407,213,185,195" oya="3" hai0="24,129,93,102,135,101,19,69,25,89,98,72,96" hai1="55,61,62,71,75,56,115,103,109,81,65,83,77" hai2="119,4,123,108,87,12,27,54,116,94,66,50,133" hai3="0,2,40,118,9,42,7,86,85,63,14,22,126"/><W3/><G118/><T52/><D69/><U95/><E115/><V134/><F66/><W114/><G114/><T121/><D121/><U10/><E109/><V32/><F87/><W127/><G63/><T79/><D135/><U82/><REACH who="1" step="1"/><E10/><REACH who="1" ten="407,203,185,195" step="2"/><N who="2" m="4167" /><F108/><W122/><G127/><T21/><D129/><U28/><E28/><N who="2" m="19487" /><F116/><W97/><G126/><T64/><D64/><U41/><E41/><V76/><F119/><W23/><G42/><T112/><D112/><U70/><E70/><V73/><F134/><W60/><G40/><T31/><D52/><U53/><E53/><V30/><F133/><W15/><G9/><T1/><D31/><U11/><E11/><V92/><F30/><W49/><G0/><T99/><D1/><U120/><E120/><V67/><F123/><W68/><G122/><T39/><D21/><U8/><E8/><V132/><F132/><W48/><G68/><T38/><D19/><U100/><E100/><V37/><F67/><W110/><G110/><T46/><D102/><U43/><E43/><V107/><F37/><W74/><G7/><T29/><D101/><U131/><E131/><V105/><F54/><W130/><G130/><T47/><D38/><U104/><E104/><V124/><F107/><W5/><G5/><T26/><D29/><U6/><E6/><V35/><F105/><W45/><G2/><T16/><D16/><U44/><E44/><N who="0" m="16937" /><D39/><U128/><E128/><V57/><F124/><W33/><G3/><T84/><D24/><U36/><E36/><V59/><F35/><W125/><G33/><T58/><D58/><N who="2" m="22026" /><F50/><N who="3" m="19563" /><G125/><T18/><D18/><RYUUKYOKU ba="0,1" sc="407,10,203,10,185,10,195,-30" hai0="25,26,72,79,84,89,93,96,98,99" hai1="55,56,61,62,65,71,75,77,81,82,83,95,103" hai2="73,76,92,94" /><INIT seed="4,1,1,5,3,64" ten="417,213,195,165" oya="0" hai0="54,90,59,3,86,44,118,134,40,62,31,12,82" hai1="128,35,27,114,56,41,6,22,111,25,130,52,23" hai2="101,19,0,66,85,20,88,131,126,53,37,55,17" hai3="115,33,13,45,79,96,9,60,46,67,121,39,107"/><T117/><D3/><U135/><E111/><V108/><F0/><W120/><G33/><T105/><D134/><U84/><E41/><V106/><F131/><W125/><G79/><T58/><D105/><U133/><E84/><V122/><F126/><W75/><G75/><T102/><D102/><U70/><E52/><V93/><F122/><N who="3" m="47211" /><G39/><T63/><D12/><U18/><E56/><V11/><F108/><W116/><G116/><T72/><D31/><U4/><E35/><V16/><F37/><W98/><G125/><T89/><D72/><U51/><E51/><V38/><F106/><W78/><G78/><T123/><D123/><U76/><E76/><V69/><F101/><N who="3" m="62887" /><G98/><T94/><D40/><U110/><E70/><V48/><F38/><W87/><G87/><T14/><D118/><U8/><E110/><V2/><F69/><N who="3" m="42215" /><G115/><T32/><D117/><U36/><E36/><V7/><F66/><W21/><G21/><T80/><D32/><U83/><E83/><V68/><F68/><W104/><G104/><T57/><D82/><U119/><E119/><V15/><REACH who="2" step="1"/><F55/><REACH who="2" ten="417,213,185,165" step="2"/><W24/><G24/><T97/><REACH who="0" step="1"/><D14/><REACH who="0" ten="407,213,185,165" step="2"/><U103/><E130/><V61/><F61/><W50/><G50/><AGARI ba="1,3" hai="44,50,54,57,58,59,62,63,80,86,89,90,94,97" machi="50" ten="40,12000,1" yaku="1,1,2,1,8,1,53,1" doraHai="64" doraHaiUra="49" who="0" fromWho="3" sc="407,153,213,0,185,0,165,-123" /><INIT seed="4,2,0,5,2,42" ten="560,213,185,42" oya="0" hai0="133,30,24,109,84,126,12,39,94,106,101,40,29" hai1="97,95,51,33,57,105,23,88,79,119,36,41,110" hai2="27,7,68,74,55,118,54,20,112,117,34,5,66" hai3="49,26,116,90,135,9,21,98,61,47,113,124,45"/><T130/><D106/><U4/><E33/><V127/><F74/><W82/><G116/><T38/><D38/><U35/><E119/><V102/><F127/><W44/><G124/><T17/><D130/><U8/><E35/><V129/><F34/><W65/><G113/><T59/><D30/><U18/><E110/><V62/><F129/><W52/><G135/><T86/><D133/><U125/><E125/><V25/><F112/><W91/><G9/><T71/><D71/><U53/><E105/><V6/><F102/><W31/><G82/><T120/><D120/><U87/><E41/><V81/><F118/><W131/><G131/><T72/><D72/><U69/><E36/><V22/><F117/><W111/><G111/><T48/><D39/><U96/><E69/><V107/><F107/><W16/><G31/><T80/><D29/><U1/><REACH who="1" step="1"/><E79/><REACH who="1" ten="560,203,185,42" step="2"/><V85/><F68/><W0/><G0/><T73/><D126/><U15/><AGARI ba="2,1" hai="1,4,8,15,18,23,51,53,57,87,88,95,96,97" machi="15" ten="20,12000,2" yaku="1,1,2,1,0,1,7,1,25,2,53,0" doraHai="42" doraHaiUra="58" who="1" fromWho="1" sc="560,-62,203,136,185,-32,42,-32" /><INIT seed="5,0,0,2,2,21" ten="498,339,153,10" oya="1" hai0="102,115,76,99,44,117,70,9,91,42,124,69,93" hai1="107,15,24,16,95,79,30,39,36,83,66,127,0" hai2="62,101,68,114,26,29,47,75,89,121,17,8,27" hai3="64,48,72,22,2,7,88,98,129,106,38,35,3"/><U23/><E107/><V40/><F121/><W14/><G38/><T120/><D117/><U54/><E127/><V80/><F101/><W67/><G72/><T128/><D124/><U51/><E66/><V25/><F114/><W5/><G35/><T81/><D120/><U78/><E0/><V100/><F100/><W134/><G106/><T33/><D115/><U6/><E6/><N who="3" m="2058" /><G2/><T92/><D33/><U1/><E1/><V41/><F75/><W122/><G3/><T73/><D9/><U37/><E83/><V96/><F68/><W109/><G109/><T32/><D32/><U58/><REACH who="1" step="1"/><E95/><REACH who="1" ten="498,329,153,10" step="2"/><N who="2" m="56431" /><F80/><W71/><G122/><T43/><D93/><U111/><E111/><V34/><F29/><W31/><G71/><T105/><D70/><U13/><E13/><N who="2" m="7335" /><F34/><AGARI ba="0,1" hai="15,16,23,24,30,34,36,37,39,51,54,58,78,79" machi="34" ten="40,3900,0" yaku="1,1,52,1,53,0" doraHai="21" doraHaiUra="118" who="1" fromWho="2" sc="498,0,329,49,153,-39,10,0" /><INIT seed="5,1,0,0,0,121" ten="498,378,114,10" oya="1" hai0="61,73,56,75,76,90,111,39,23,127,113,26,103" hai1="83,21,108,30,116,34,71,55,95,42,35,87,33" hai2="77,31,54,60,4,19,99,128,123,17,27,65,131" hai3="96,107,105,62,6,81,20,36,48,88,68,120,124"/><U72/><E116/><V14/><F123/><W134/><G36/><T24/><D111/><U22/><E71/><V129/><F77/><W126/><G120/><T45/><D113/><U8/><E42/><V63/><F54/><W92/><G134/><T9/><D127/><N who="3" m="48681" /><G6/><T16/><D103/><U94/><E72/><V130/><F4/><W86/><G48/><T133/><D133/><U0/><E22/><V41/><F41/><W85/><G20/><T49/><D39/><U118/><E118/><V52/><F52/><W15/><G15/><T51/><D9/><U47/><E94/><V67/><F99/><W104/><G62/><T66/><D76/><U12/><E95/><V43/><F43/><W70/><G70/><T89/><D26/><U2/><E2/><V102/><F102/><N who="3" m="62535" /><G68/><T46/><D73/><U125/><E125/><V13/><F131/><W93/><G93/><T11/><D75/><U5/><E0/><V101/><F130/><W82/><G82/><T25/><D11/><U84/><E30/><V53/><F129/><W135/><G135/><T28/><D49/><U91/><E21/><N who="2" m="15855" /><F128/><W37/><G37/><T110/><D45/><U100/><E100/><V29/><F101/><W59/><G59/><T44/><D46/><U80/><E47/><V97/><F67/><W117/><G117/><T50/><D44/><U3/><E55/><V122/><F65/><W40/><G40/><T114/><D28/><U132/><E132/><V10/><F29/><W7/><G7/><T78/><D25/><U79/><E3/><V119/><F119/><W112/><G112/><RYUUKYOKU ba="1,0" sc="498,-15,378,15,114,-15,10,15" hai1="5,8,12,33,34,35,79,80,83,84,87,91,108" hai3="81,85,86,88,92,105,107" /><INIT seed="5,2,0,5,2,85" ten="483,393,99,25" oya="1" hai0="35,106,14,89,20,124,108,30,32,69,104,87,97" hai1="101,62,96,122,4,93,67,57,113,45,88,19,56" hai2="47,130,28,29,68,76,6,38,24,27,102,63,53" hai3="98,83,12,121,15,16,9,50,54,81,49,94,13"/><U107/><E122/><V72/><F130/><W105/><G121/><T80/><D108/><U18/><E113/><V39/><F102/><W42/><G105/><T116/><D116/><U3/><E3/><V51/><F6/><W133/><G133/><T86/><D69/><U115/><E115/><V37/><F72/><W61/><G61/><T84/><D124/><U10/><E10/><V73/><F73/><W21/><G42/><T0/><D0/><U36/><E4/><V60/><F76/><W82/><G54/><T59/><D35/><U92/><E107/><V66/><REACH who="2" step="1"/><F63/><REACH who="2" ten="483,393,89,25" step="2"/><W110/><G110/><T90/><D104/><U117/><E117/><V44/><F44/><W95/><G95/><T128/><D106/><U43/><REACH who="1" step="1"/><E57/><REACH who="1" ten="483,383,89,25" step="2"/><V111/><F111/><W79/><G79/><N who="0" m="46111" /><D59/><U1/><E1/><V41/><F41/><W8/><G8/><T64/><D128/><U126/><E126/><V70/><F70/><W65/><G9/><T52/><D64/><U114/><E114/><V112/><F112/><W135/><G65/><T33/><D52/><U99/><AGARI ba="2,2" hai="18,19,36,43,45,56,62,67,88,92,93,96,99,101" machi="99" ten="20,7800,0" yaku="1,1,0,1,7,1,52,1,53,0" doraHai="85" doraHaiUra="120" who="1" fromWho="1" sc="483,-28,383,104,89,-28,25,-28" owari="455,26.0,487,58.0,61,-34.0,-3,-50.0" /></mjloggm>