<mjloggm ver="2.3"><GO type="41"/><UN n0="%E3%82%A6%E3%83%AB%E3%83%88%E3%83%A9%E7%AB%8B%E7%9B%B4" n1="%45%6B%69%62%65%6E" n2="%E3%82%AB%E3%83%83%E3%83%91%E3%83%89%E3%82%AD%E3%82%A2" n3="%50%73%69%5F%70%65%6E" dan="15,16,13,14" rate="1980,2069,1961,2021" sx="M,M,M,M"/><TAIKYOKU oya="0"/><INIT seed="0,0,0,3,4,32" ten="250,250,250,250" oya="0" hai0="93,61,90,27,129,79,6,0,106,134,18,104,86" hai1="17,81,85,26,68,127,1,30,98,103,126,38,13" hai2="23,10,122,48,49,16,96,115,59,50,47,135,128" hai3="33,7,92,109,40,15,73,99,80,94,4,125,31"/><T110/><D129/><U36/><E68/><V117/><F122/><W131/><G131/><T41/><D134/><U89/><E1/><V9/><F128/><W63/><G33/><T8/><D110/><U60/><E60/><V97/><F115/><W12/><G31/><T54/><D41/><U64/><E64/><V20/><F117/><W119/><G109/><T25/><D79/><U87/><E87/><V116/><F116/><W39/><G119/><T45/><D27/><U5/><E5/><V43/><F59/><W82/><G39/><T133/><D133/><U121/><E121/><V28/><F28/><W105/><G125/><N who="1" m="47626" /><E17/><V88/><F135/><W53/><G73/><T19/><D19/><U114/><E13/><V55/><F55/><W118/><G118/><T69/><D69/><U51/><E51/><V70/><F70/><W76/><G40/><T102/><D45/><U24/><E114/><V3/><F3/><W75/><G105/><T84/><D54/><U67/><E67/><V29/><F29/><W123/><G123/><T91/><D61/><U74/><E74/><V107/><F107/><W124/><G124/><T83/><D25/><N who="1" m="9835" /><E30/><V101/><F49/><W2/><G80/><T132/><D132/><U71/><E71/><V11/><F50/><W120/><G120/><T95/><D18/><U35/><E35/><V66/><F16/><W57/><G7/><T62/><D62/><U130/><E130/><V112/><F112/><W14/><G99/><T37/><D37/><U58/><E58/><V108/><F97/><W44/><G44/><T34/><D34/><RYUUKYOKU ba="0,0" sc="250,10,250,10,250,-30,250,10" hai0="0,6,8,83,84,86,90,91,93,95,102,104,106" hai1="36,38,81,85,89,98,103" hai3="2,4,12,14,15,53,57,63,75,76,82,92,94" /><INIT seed="0,1,0,3,3,30" ten="260,260,220,260" oya="0" hai0="56,14,125,78,62,12,113,54,49,45,35,16,92" hai1="66,93,133,55,43,41,47,124,7,84,31,15,38" hai2="46,72,57,90,70,106,52,21,119,117,65,103,59" hai3="68,129,80,79,100,24,118,74,98,61,108,32,94"/><T107/><D107/><U69/><E124/><V126/><F72/><W131/><G108/><T132/><D125/><U101/><E133/><V77/><F77/><W34/><G118/><T128/><D132/><U53/><E31/><V114/><F114/><W23/><G68/><T8/><D113/><U22/><E43/><V60/><F126/><W102/><G61/><T81/><D128/><N who="3" m="49225" /><G102/><T120/><D120/><U121/><E101/><V58/><F90/><W19/><AGARI ba="1,0" hai="19,23,24,32,34,74,79,80,94,98,100" m="49225" machi="19" ten="30,4000,0" yaku="19,1,52,2" doraHai="30" who="3" fromWho="3" sc="260,-21,260,-11,220,-11,260,43" /><INIT seed="1,0,0,4,1,129" ten="239,249,209,303" oya="1" hai0="125,60,70,12,59,101,54,23,132,0,57,67,19" hai1="9,117,114,25,90,18,135,16,119,8,89,107,74" hai2="128,51,77,123,93,124,126,20,43,29,4,65,80" hai3="41,118,26,98,37,35,83,30,113,46,39,31,130"/><U36/><E36/><V58/><F123/><W49/><G113/><T69/><D0/><U95/><E114/><V2/><F128/><W14/><G130/><T100/><D125/><U15/><E107/><V55/><F43/><W102/><G118/><T68/><D132/><U50/><E74/><V34/><F34/><W116/><G116/><T33/><REACH who="0" step="1"/><D33/><REACH who="0" ten="229,249,209,303" step="2"/><U88/><E135/><V82/><F2/><W42/><G35/><T111/><D111/><U85/><E119/><V27/><F126/><W72/><G39/><T108/><D108/><U79/><E117/><V3/><F3/><W22/><G37/><T10/><D10/><U94/><E50/><AGARI ba="0,1" hai="12,19,23,50,54,57,59,60,67,68,69,70,100,101" machi="50" ten="40,5200,0" yaku="1,1,53,2" doraHai="129" doraHaiUra="53" who="0" fromWho="1" sc="229,62,249,-52,209,0,303,0" /><INIT seed="2,0,0,0,0,122" ten="291,197,209,303" oya="2" hai0="58,45,26,113,89,119,93,51,36,47,11,31,131" hai1="134,29,116,80,84,78,22,25,82,71,17,20,130" hai2="63,52,76,121,42,124,102,133,13,118,35,46,112" hai3="79,127,107,90,32,129,123,60,48,128,37,8,103"/><V120/><F118/><W28/><G123/><T56/><D113/><U99/><E71/><V87/><F112/><W114/><G37/><T2/><D119/><U77/><E116/><V97/><F35/><W16/><G114/><T38/><D131/><N who="3" m="50249" /><G79/><T18/><D38/><U4/><E130/><V21/><F124/><W109/><G48/><T66/><D36/><U34/><E4/><V91/><F76/><W44/><G44/><T67/><D2/><U0/><E0/><V6/><F133/><W19/><G127/><T30/><D26/><U15/><E99/><V14/><F42/><W68/><G90/><T24/><D24/><U3/><E3/><V81/><F14/><W73/><G8/><T7/><D7/><U94/><E94/><V111/><F6/><W39/><G39/><T40/><D11/><U125/><E134/><V86/><F87/><W110/><G73/><T72/><D18/><N who="3" m="6697" /><G28/><N who="0" m="10795" /><D47/><U135/><E135/><V83/><F81/><W96/><G32/><T117/><D72/><U132/><E132/><V69/><F69/><W9/><G9/><T85/><D117/><U49/><E125/><V43/><F43/><W70/><G60/><T106/><D51/><U1/><E1/><V54/><F63/><W57/><G57/><N who="0" m="22123" /><D45/><U53/><E49/><V95/><F46/><W126/><G126/><T101/><D40/><U55/><E34/><V88/><F120/><W104/><G107/><T115/><D115/><U105/><E105/><V5/><F121/><W10/><G10/><T92/><D106/><U23/><E23/><V65/><F21/><W27/><G27/><RYUUKYOKU ba="0,0" sc="291,10,197,10,209,-30,303,10" hai0="66,67,85,89,92,93,101" hai1="15,17,20,22,25,29,53,55,77,78,80,82,84" hai3="68,70,96,103,104,109,110" /><INIT seed="3,1,0,5,4,106" ten="301,207,179,313" oya="3" hai0="122,12,21,82,61,55,77,80,135,129,123,38,71" hai1="130,113,89,18,105,88,42,4,109,26,25,126,75" hai2="0,73,97,23,98,92,133,1,35,116,47,90,29" hai3="108,100,17,128,121,119,64,127,52,93,30,115,120"/><W7/><G64/><T99/><D38/><U15/><E105/><V28/><F35/><W22/><G119/><T95/><D71/><U34/><E113/><V31/><F116/><W58/><G115/><T8/><D21/><U63/><E42/><V19/><F73/><W85/><G128/><T101/><D129/><U84/><E75/><V118/><F118/><W110/><G7/><T10/><D10/><U53/><E130/><V2/><F133/><W91/><G30/><T54/><D135/><U68/><E4/><V79/><F79/><W5/><G5/><T104/><D12/><U65/><E34/><V86/><REACH who="2" step="1"/><F47/><REACH who="2" ten="301,207,169,313" step="2"/><W74/><G74/><T125/><D77/><U48/><E126/><V43/><F43/><W76/><G76/><T112/><D125/><U40/><E40/><V81/><F81/><W96/><G127/><T57/><D82/><U44/><E109/><N who="3" m="42090" /><G100/><T24/><D101/><U41/><E41/><V32/><F32/><W83/><G83/><T6/><D80/><N who="1" m="49159" /><E89/><V27/><AGARI ba="1,1" hai="0,1,2,19,23,27,28,29,31,86,90,92,97,98" machi="27" ten="40,5200,0" yaku="1,1,0,1,53,1" doraHai="106" doraHaiUra="16" who="2" fromWho="2" sc="301,-14,207,-14,169,65,313,-27" /><INIT seed="4,0,0,1,0,35" ten="287,193,234,286" oya="0" hai0="91,9,15,127,82,114,55,44,97,115,134,93,101" hai1="118,16,72,131,10,107,67,50,20,132,95,52,19" hai2="11,34,31,120,102,51,94,60,88,128,133,117,99" hai3="109,108,87,1,86,43,6,110,0,100,129,123,25"/><T74/><D74/><U49/><E107/><V80/><F120/><W2/><G43/><T66/><D66/><U22/><E72/><V103/><F117/><W53/><G100/><T89/><D127/><U75/><E75/><V71/><F51/><W73/><G73/><T29/><D29/><U83/><E67/><V47/><F47/><W63/><G25/><T122/><D122/><U126/><E83/><V17/><F133/><W92/><G123/><T76/><D134/><U59/><E126/><V8/><F17/><W32/><G32/><T121/><D121/><U38/><E38/><V81/><F81/><W113/><G6/><T23/><D23/><U68/><E68/><V62/><F62/><W13/><G13/><T112/><D76/><U106/><E106/><V5/><F80/><W130/><G113/><T27/><D27/><U135/><E10/><V42/><F42/><W56/><REACH who="3" step="1"/><G92/><REACH who="3" ten="287,193,234,276" step="2"/><T7/><D82/><U104/><E104/><V116/><F34/><W119/><G119/><T21/><D21/><U36/><E95/><V85/><F94/><W45/><G45/><T69/><D69/><U3/><E22/><V70/><F71/><W40/><G40/><T24/><D24/><U125/><E20/><V58/><F70/><W33/><G33/><T41/><D41/><U37/><E125/><V98/><F116/><W77/><G77/><T48/><AGARI ba="0,1" hai="7,9,15,44,48,55,89,91,93,97,101,112,114,115" machi="48" ten="40,3900,0" yaku="0,1,15,1" doraHai="35" who="0" fromWho="0" sc="287,49,193,-13,234,-13,276,-13" /><INIT seed="4,1,0,2,4,30" ten="336,180,221,263" oya="0" hai0="34,8,56,126,72,102,11,129,45,114,17,71,73" hai1="105,127,13,28,29,97,120,107,9,48,123,88,35" hai2="49,110,38,53,115,77,135,67,6,125,90,70,101" hai3="108,32,111,42,95,7,25,31,22,134,20,85,65"/><T51/><D71/><U47/><E127/><V99/><F125/><W132/><G42/><T81/><D126/><U1/><E1/><V64/><F110/><N who="3" m="42027" /><G65/><T87/><D73/><U124/><E124/><V5/><F38/><W133/><G85/><T54/><D72/><U98/><E98/><V93/><F135/><W21/><G95/><T117/><D117/><U66/><E66/><N who="2" m="25131" /><F70/><W14/><G7/><N who="2" m="2569" /><F77/><W61/><G61/><T55/><D102/><U19/><E105/><V119/><F119/><W63/><G63/><T100/><D100/><U86/><E97/><V60/><F60/><W40/><G40/><T33/><D11/><U79/><E79/><V2/><F2/><W112/><G112/><T106/><D106/><U52/><E107/><V10/><F115/><W82/><G82/><T121/><D114/><U96/><E96/><V103/><F10/><W37/><G37/><T118/><D118/><U57/><E57/><AGARI ba="1,0" hai="49,53,57,90,93,99,101,103" m="2569,25131" machi="57" ten="30,1000,0" yaku="8,1" doraHai="30" who="2" fromWho="1" sc="336,0,180,-13,221,13,263,0" /><INIT seed="5,0,0,1,4,14" ten="336,167,234,263" oya="1" hai0="46,131,54,49,77,127,112,107,37,93,59,33,61" hai1="81,76,63,41,1,43,69,82,117,30,8,118,106" hai2="133,80,129,71,96,78,24,52,88,125,98,48,45" hai3="23,108,105,9,17,89,130,86,3,103,123,110,92"/><U111/><E106/><V6/><F71/><W11/><G123/><T90/><D107/><U18/><E111/><V102/><F129/><W44/><G130/><T100/><D33/><U58/><E69/><V55/><F6/><W97/><G44/><T53/><D100/><U22/><E30/><V101/><F133/><W20/><G23/><T26/><D77/><U27/><E81/><V95/><F125/><W51/><G51/><T7/><D37/><U91/><E91/><V29/><F55/><W94/><G105/><T132/><D132/><U83/><E83/><V79/><F98/><W121/><G121/><T68/><D68/><U65/><E8/><V120/><F79/><W115/><G115/><T2/><D112/><U5/><E5/><V116/><F116/><W19/><G3/><T75/><D75/><U126/><E1/><V0/><F0/><W73/><G73/><T40/><D127/><U32/><E32/><V122/><F122/><W124/><G124/><T64/><D131/><U128/><E128/><V67/><F67/><W84/><G110/><T42/><D42/><U74/><REACH who="1" step="1"/><E126/><REACH who="1" ten="336,157,234,263" step="2"/><V36/><F120/><W21/><G108/><T39/><D7/><U12/><E12/><V104/><F104/><W99/><REACH who="3" step="1"/><G89/><REACH who="3" ten="336,157,234,253" step="2"/><T38/><D2/><U4/><E4/><V113/><F88/><W10/><G10/><T87/><D26/><U16/><E16/><V47/><F24/><W31/><G31/><T28/><D28/><U135/><E135/><V72/><F29/><W34/><G34/><T114/><D114/><U35/><E35/><V85/><F113/><RYUUKYOKU ba="0,2" sc="336,10,157,10,234,-30,253,10" hai0="38,39,40,46,49,53,54,59,61,64,87,90,93" hai1="18,22,27,41,43,58,63,65,74,76,82,117,118" hai3="9,11,17,19,20,21,84,86,92,94,97,99,103" /><INIT seed="5,1,2,4,3,127" ten="346,167,204,263" oya="1" hai0="112,56,120,66,86,15,85,24,60,78,129,25,116" hai1="135,117,61,58,121,97,113,35,77,20,87,2,55" hai2="11,1,23,63,52,22,89,103,33,126,21,111,67" hai3="5,6,109,104,93,124,98,74,94,88,40,47,42"/><U54/><E35/><V80/><F33/><W62/><G109/><T72/><D116/><U128/><E2/><V133/><F126/><W82/><G124/><T18/><D72/><U91/><E117/><V46/><F103/><W16/><G104/><T83/><D120/><U100/><E121/><V64/><F111/><W13/><G62/><T96/><D112/><U106/><E135/><V107/><F107/><W59/><G59/><T9/><D96/><U34/><E34/><V12/><F1/><W71/><G71/><T51/><D129/><U75/><E113/><V92/><F80/><W27/><G27/><T41/><D86/><U17/><E128/><V115/><F115/><W31/><G31/><T99/><D99/><U45/><E77/><V30/><F30/><W79/><G93/><T32/><D32/><U36/><E75/><V102/><F102/><W4/><REACH who="3" step="1"/><G47/><AGARI ba="1,2" hai="9,15,18,24,25,41,47,51,56,60,66,78,83,85" machi="47" ten="40,1300,0" yaku="8,1" doraHai="127" who="0" fromWho="3" sc="346,36,167,0,204,0,263,-16" /><INIT seed="6,0,0,2,2,49" ten="382,167,204,247" oya="2" hai0="133,14,61,57,27,127,37,0,51,70,33,71,100" hai1="95,53,18,84,115,98,60,97,22,1,20,103,23" hai2="44,12,125,117,92,43,10,4,45,59,114,30,69" hai3="79,107,50,2,46,121,89,119,29,42,41,102,96"/><V24/><F117/><W134/><G121/><T25/><D0/><U67/><E1/><V54/><F69/><W91/><G119/><T26/><D33/><U31/><E115/><V21/><F114/><W80/><G2/><T35/><D35/><U116/><E116/><V68/><F68/><W99/><G134/><T118/><D37/><U126/><E67/><V75/><F75/><W62/><G29/><T7/><D71/><U101/><E84/><V15/><F125/><W52/><G62/><T86/><D70/><U76/><E76/><V3/><F92/><W129/><G129/><T122/><D122/><U72/><E72/><V74/><F74/><W111/><G111/><T78/><D118/><U66/><E66/><V32/><F43/><W36/><G42/><T40/><D133/><U34/><E34/><V17/><REACH who="2" step="1"/><F12/><REACH who="2" ten="382,167,194,247" step="2"/><W109/><G109/><T19/><D127/><U63/><E126/><V38/><F38/><W9/><G36/><T93/><D40/><U82/><E31/><V128/><F128/><W39/><G39/><T124/><D124/><U88/><E82/><V28/><F28/><W131/><G41/><T110/><D110/><U6/><E95/><V106/><F106/><W13/><G131/><T85/><D93/><U81/><E81/><V56/><F56/><W48/><G96/><T5/><D57/><U132/><E98/><V105/><F105/><W108/><G108/><T94/><D94/><U47/><E97/><V130/><F130/><W65/><G99/><T77/><D14/><U135/><E132/><V58/><F58/><W64/><G13/><RYUUKYOKU ba="0,1" sc="382,-10,167,-10,194,30,247,-10" hai2="3,4,10,15,17,21,24,30,32,44,45,54,59" /><INIT seed="6,1,1,1,2,42" ten="372,157,224,237" oya="2" hai0="127,9,119,69,23,14,94,15,130,118,43,75,112" hai1="44,99,68,5,120,0,74,83,95,117,96,64,107" hai2="4,77,6,21,126,81,39,109,38,93,30,63,105" hai3="57,65,60,128,114,58,70,129,102,79,116,13,46"/><V20/><F105/><W61/><G79/><T72/><D69/><U121/><E117/><N who="0" m="44553" /><D112/><U2/><E5/><V50/><F109/><W24/><G116/><T41/><D127/><U33/><E33/><V71/><F126/><W85/><G102/><T90/><D130/><N who="3" m="50281" /><G85/><T67/><D67/><U113/><E113/><V88/><F39/><W123/><G123/><N who="1" m="47178" /><E107/><V8/><F38/><W80/><G80/><T7/><D43/><U54/><E83/><V104/><F104/><W56/><G13/><T19/><D41/><U1/><E74/><V27/><F20/><W97/><G97/><AGARI ba="1,1" hai="7,9,14,15,19,23,72,75,90,94,97" m="44553" machi="97" ten="30,1000,0" yaku="12,1" doraHai="42" who="0" fromWho="3" sc="372,23,157,0,224,0,237,-13" /><INIT seed="7,0,0,2,4,131" ten="395,157,224,224" oya="3" hai0="89,37,55,64,29,100,123,91,58,106,33,87,96" hai1="10,92,13,28,45,119,52,4,85,76,118,31,21" hai2="77,48,11,86,26,126,103,68,108,20,2,24,134" hai3="109,101,8,30,46,12,72,62,121,83,105,120,117"/><W88/><G117/><T65/><D37/><U47/><E119/><V1/><F68/><W115/><G30/><T14/><D123/><U5/><E118/><V67/><F108/><W41/><G109/><T99/><D29/><U43/><E5/><V98/><F67/><W122/><G62/><T113/><D33/><U25/><E43/><V82/><F26/><W102/><G105/><T78/><D113/><U111/><E111/><V49/><F126/><W56/><G56/><T3/><D3/><U57/><E31/><V124/><F124/><W6/><G115/><T16/><D78/><U38/><E38/><V18/><F1/><W112/><G112/><T0/><D96/><U15/><E15/><V110/><F110/><W40/><G40/><T128/><D0/><U114/><E114/><V97/><F97/><W129/><G129/><T95/><D89/><U34/><E92/><V19/><F2/><W60/><G60/><T51/><D128/><U71/><E71/><V75/><F75/><W27/><G27/><T42/><D42/><U66/><E66/><V79/><F79/><W17/><G17/><T53/><D53/><U22/><E22/><AGARI ba="0,0" hai="14,16,22,51,55,58,64,65,87,91,95,99,100,106" machi="22" ten="30,7700,0" yaku="7,1,25,2,54,1" doraHai="131" who="0" fromWho="1" sc="395,77,157,-77,224,0,224,0" owari="472,58.0,80,-42.0,224,2.0,224,-18.0" /></mjloggm>