<mjloggm ver="2.3"><GO type="41"/><UN n0="%65%72%6F%73%75%6D%69" n1="%72%6F%63%6F" n2="%EF%BC%88%E2%89%A7%E2%96%BD%E2%89%A6%EF%BC%89" n3="%E3%82%BC%E3%83%AD%EF%BC%90%EF%BC%99" dan="14,14,15,14" rate="1962,1955,2068,1858" sx="M,M,M,M"/><TAIKYOKU oya="0"/><INIT seed="0,0,0,0,5,80" ten="250,250,250,250" oya="0" hai0="28,99,36,111,57,42,61,2,64,70,123,62,1" hai1="77,107,19,9,50,45,54,87,71,73,132,37,0" hai2="5,117,4,15,63,60,98,47,14,56,100,125,134" hai3="97,68,121,17,102,10,126,66,120,32,104,81,31"/><T130/><D123/><N who="3" m="47177" /><G31/><T129/><D28/><U127/><E107/><V128/><F134/><W72/><G32/><T40/><D99/><U27/><E71/><V79/><F128/><N who="0" m="49258" /><D2/><U22/><E132/><V30/><F125/><W7/><G126/><T29/><D1/><U114/><E127/><V33/><F117/><W18/><G66/><N who="0" m="41295" /><D29/><U3/><E114/><V105/><F79/><N who="3" m="44263" /><G68/><T135/><D135/><U52/><E9/><V53/><F63/><W103/><G103/><T82/><D82/><U12/><E73/><V113/><F113/><W78/><G78/><T93/><D93/><U8/><E3/><AGARI ba="0,0" hai="3,7,10,17,18,97,102,104" m="44263,47177" machi="3" ten="30,1000,0" yaku="13,1" doraHai="80" who="3" fromWho="1" sc="250,0,250,-10,250,0,250,10" /><INIT seed="1,0,0,2,1,82" ten="250,240,250,260" oya="1" hai0="80,97,46,66,101,23,90,131,42,56,3,69,81" hai1="89,52,117,75,110,7,50,74,37,53,73,109,98" hai2="91,122,34,29,10,48,111,78,64,103,104,116,65" hai3="133,36,125,35,129,11,72,121,79,19,1,57,130"/><U28/><E117/><V20/><F122/><W16/><G57/><T54/><D131/><N who="3" m="50185" /><G36/><T55/><D3/><U9/><E37/><V5/><F34/><W0/><G79/><T30/><D69/><U62/><E28/><V71/><F71/><W95/><G95/><T94/><D66/><U102/><E62/><V115/><F104/><W31/><G72/><T112/><D112/><U106/><E89/><V93/><F91/><W92/><G92/><T41/><D46/><U27/><E27/><V47/><F93/><W108/><G121/><T127/><D127/><U25/><E25/><V83/><F115/><W24/><G108/><N who="1" m="41578" /><E50/><V70/><F111/><W51/><G51/><T6/><D30/><U128/><E128/><V26/><F48/><W88/><G125/><T13/><D23/><U38/><E38/><V8/><F70/><W61/><G61/><T32/><D32/><U4/><E4/><V39/><F39/><W124/><G124/><T105/><D41/><U21/><E21/><V59/><F116/><W49/><G49/><T60/><D42/><U107/><E107/><V119/><F119/><W68/><G68/><T18/><D6/><U67/><E67/><V85/><F65/><W114/><G114/><T45/><D45/><U86/><E86/><V58/><F47/><W15/><G88/><T123/><D123/><U17/><E17/><N who="3" m="6730" /><G133/><T135/><D135/><U100/><E100/><V2/><F103/><W84/><G84/><T43/><D43/><U44/><E44/><V63/><F59/><W87/><G87/><T126/><D126/><U134/><E134/><RYUUKYOKU ba="0,0" sc="250,-30,240,10,250,10,260,10" hai1="7,9,52,53,73,74,75,98,102,106" hai2="2,5,8,10,20,26,29,58,63,64,78,83,85" hai3="0,1,11,15,24,31,35" /><INIT seed="1,1,0,5,4,47" ten="220,250,260,270" oya="1" hai0="134,30,13,6,107,20,61,37,104,7,92,71,79" hai1="45,118,10,131,77,95,121,12,128,53,62,127,49" hai2="36,43,8,19,28,0,105,29,67,52,21,94,42" hai3="129,15,22,123,5,74,23,68,27,124,18,85,63"/><U112/><E112/><V16/><F105/><W122/><G74/><T120/><D37/><U65/><E118/><V44/><F67/><W89/><G124/><T86/><D120/><U117/><E117/><V17/><F42/><W55/><G129/><N who="1" m="49738" /><E127/><V116/><F116/><W3/><G3/><T82/><D134/><U133/><E133/><V69/><F69/><W97/><G97/><T135/><D135/><U75/><E121/><V91/><F21/><W102/><G102/><T50/><D30/><U48/><E95/><V35/><F35/><W81/><G5/><T60/><D92/><U25/><E25/><V132/><F132/><W111/><G111/><T24/><D71/><N who="1" m="42423" /><E75/><V1/><F1/><W34/><G34/><T109/><D109/><U100/><E100/><V96/><REACH who="2" step="1"/><F52/><REACH who="2" step="2"/><W57/><G68/><T103/><D107/><U108/><E108/><V11/><F11/><W98/><G98/><T126/><D104/><U39/><E39/><V56/><F56/><W115/><REACH who="3" step="1"/><G115/><REACH who="3" step="2"/><T88/><D126/><U26/><E77/><V80/><F80/><W59/><G59/><T72/><D79/><U87/><E45/><V83/><F83/><W41/><G41/><T73/><D82/><U46/><E46/><V106/><F106/><W114/><G114/><T90/><D72/><U66/><E66/><V125/><F125/><W31/><AGARI ba="1,2" hai="15,18,22,23,27,31,55,57,63,81,85,89,122,123" machi="31" ten="20,5200,0" yaku="1,1,0,1,7,1,53,1" doraHai="47" doraHaiUra="78" who="3" fromWho="3" sc="220,-14,250,-27,250,-14,260,75" /><INIT seed="2,0,0,3,3,5" ten="206,223,236,335" oya="2" hai0="65,102,117,57,68,6,123,12,53,80,55,88,45" hai1="92,23,89,31,24,91,49,77,86,62,96,0,127" hai2="52,124,47,95,64,39,104,78,32,111,54,21,118" hai3="59,37,51,97,27,7,19,110,17,76,99,134,13"/><V11/><F104/><W83/><G37/><T3/><D123/><U70/><E0/><V81/><F118/><W66/><G110/><T135/><D3/><U8/><E127/><V43/><F32/><W71/><G71/><T9/><D117/><U98/><E77/><V56/><F124/><W2/><G134/><T28/><D135/><U10/><E49/><V94/><F111/><W109/><G109/><T105/><D68/><U132/><E132/><V103/><F21/><N who="3" m="13743" /><G2/><T22/><D105/><U58/><E70/><V112/><F112/><W36/><G36/><T34/><D34/><U20/><E20/><V30/><F30/><W29/><G29/><T84/><D102/><U108/><E108/><V130/><F130/><W114/><G7/><T107/><D107/><U115/><E115/><V25/><F25/><W126/><G126/><T128/><D128/><U60/><E60/><V100/><F100/><W42/><G114/><T61/><D45/><U113/><E113/><V50/><F64/><W72/><G72/><T121/><D121/><U46/><E46/><N who="2" m="27735" /><F103/><W41/><G76/><T33/><D33/><U1/><E1/><V38/><F38/><W122/><G83/><T101/><D101/><U90/><E98/><N who="3" m="37386" /><G122/><T125/><D125/><U74/><E74/><V82/><F78/><W93/><G93/><N who="2" m="35337" /><F82/><W133/><G133/><T69/><D69/><U26/><E96/><V63/><F81/><W18/><G66/><T73/><D73/><U16/><E26/><AGARI ba="0,0" hai="6,9,12,22,26,28,53,55,57,61,65,80,84,88" machi="26" ten="40,5200,0" yaku="8,1,52,1,54,1" doraHai="5" who="0" fromWho="1" sc="206,52,223,-52,236,0,335,0" /><INIT seed="3,0,0,5,3,101" ten="258,171,236,335" oya="3" hai0="32,95,2,84,4,35,47,39,130,5,80,49,76" hai1="129,89,55,106,40,66,125,14,58,94,42,26,81" hai2="116,120,96,98,45,93,68,112,103,65,13,37,69" hai3="7,59,104,16,133,128,21,132,73,135,61,113,122"/><W107/><G73/><T119/><D130/><U6/><E106/><N who="3" m="40490" /><G122/><T52/><D119/><U82/><E129/><V118/><F120/><W24/><G128/><T18/><D39/><U8/><E125/><V72/><F72/><W134/><N who="3" m="34304" /><DORA hai="127" /><W126/><G126/><T92/><D2/><U30/><E66/><V70/><F116/><W124/><G124/><T22/><D35/><U11/><E11/><V62/><F118/><W48/><G48/><T105/><D32/><U43/><E30/><V12/><F112/><W64/><G7/><N who="0" m="2635" /><D105/><U123/><E123/><V97/><F37/><W102/><G102/><T23/><D23/><U19/><E6/><V20/><F20/><W91/><G91/><T79/><D79/><U28/><E28/><V131/><F103/><W9/><G9/><T50/><D50/><N who="1" m="31095" /><E26/><AGARI ba="0,0" hai="18,22,26,47,49,52,76,80,84,92,95" m="2635" machi="26" ten="30,2000,0" yaku="8,1,54,1" doraHai="101,127" who="0" fromWho="1" sc="258,20,171,-20,236,0,335,0" /><INIT seed="4,0,0,5,4,124" ten="278,151,236,335" oya="0" hai0="99,109,94,89,100,63,116,133,60,67,134,52,5" hai1="120,30,14,69,44,46,58,54,15,10,105,93,6" hai2="23,35,111,40,79,78,22,32,13,51,49,62,127" hai3="91,121,33,50,88,29,19,82,26,77,72,115,24"/><T64/><D116/><U9/><E105/><V61/><F13/><W27/><G115/><T74/><D109/><U107/><E69/><V84/><F84/><W118/><G121/><T65/><D74/><U7/><E107/><V12/><F12/><W55/><G118/><T42/><D5/><U18/><E120/><V70/><F70/><W98/><G98/><T80/><D42/><U103/><E30/><V41/><REACH who="2" step="1"/><F127/><REACH who="2" step="2"/><W16/><G26/><T8/><D8/><U117/><E117/><V135/><F135/><N who="0" m="51722" /><D80/><U21/><E15/><V53/><F53/><W114/><G114/><T125/><D125/><U45/><E7/><V83/><F83/><W37/><G24/><T90/><D63/><N who="1" m="36311" /><E6/><V48/><F48/><W28/><G37/><T34/><D34/><U108/><E108/><AGARI ba="0,1" hai="22,23,32,35,40,41,49,51,61,62,78,79,108,111" machi="108" ten="25,3200,0" yaku="1,1,22,2,53,0" doraHai="124" doraHaiUra="4" who="2" fromWho="1" sc="278,0,151,-32,226,42,335,0" /><INIT seed="5,0,0,4,1,122" ten="278,119,268,335" oya="1" hai0="16,36,44,86,81,67,102,64,54,128,0,117,119" hai1="115,130,8,116,91,90,6,66,96,83,29,78,37" hai2="99,84,79,89,49,108,5,135,123,125,15,70,133" hai3="21,80,51,19,94,87,17,104,9,14,41,45,77"/><U32/><E116/><V71/><F108/><W11/><G104/><T112/><D0/><U52/><E37/><V95/><F123/><W27/><G94/><T109/><D112/><U107/><E115/><V34/><F34/><W105/><G105/><T126/><D109/><U65/><E130/><V23/><F125/><W60/><G60/><T22/><D128/><U56/><E32/><V33/><F33/><W73/><G73/><T131/><D126/><U47/><E29/><V92/><F49/><W31/><G11/><T98/><D131/><U118/><E118/><V127/><F127/><W53/><REACH who="3" step="1"/><G53/><REACH who="3" step="2"/><T68/><D119/><U132/><E132/><V93/><F135/><W100/><G100/><T134/><D117/><U58/><E107/><V103/><F133/><W28/><AGARI ba="0,1" hai="9,14,17,19,21,27,28,31,41,45,51,77,80,87" machi="28" ten="30,4000,0" yaku="1,1,0,1,8,1,53,0" doraHai="122" doraHaiUra="63" who="3" fromWho="3" sc="278,-10,119,-20,268,-10,325,50" /><INIT seed="6,0,0,2,1,115" ten="268,99,258,375" oya="2" hai0="103,124,81,126,96,107,70,15,92,118,4,1,5" hai1="49,123,43,116,42,105,40,35,28,14,9,75,62" hai2="119,36,102,60,3,84,76,46,109,67,39,87,27" hai3="20,10,56,53,17,85,134,22,11,8,57,66,94"/><V80/><F3/><W73/><G134/><T135/><D70/><U44/><E75/><V104/><F109/><W97/><G73/><T6/><D1/><U23/><E105/><V100/><F119/><W29/><G85/><T24/><D135/><U99/><E123/><V131/><F131/><W86/><G86/><T33/><D81/><U38/><E35/><V41/><F39/><W19/><G29/><T101/><D101/><U128/><E128/><V32/><F104/><W78/><G78/><T21/><D33/><U55/><E116/><V98/><F98/><W65/><G53/><T12/><D107/><U127/><E99/><V47/><F47/><W72/><G72/><T90/><D103/><U25/><E127/><N who="0" m="48681" /><D118/><U121/><E121/><V132/><F132/><W51/><G51/><T7/><N who="0" m="1536" /><DORA hai="68" /><T61/><D61/><U91/><E91/><V108/><F108/><W89/><G66/><T52/><D52/><U34/><E34/><V120/><F120/><W122/><G122/><T77/><D77/><U63/><REACH who="1" step="1"/><E38/><REACH who="1" step="2"/><V74/><F74/><W93/><G89/><T125/><D125/><U50/><E50/><V88/><F88/><W106/><G97/><T58/><D58/><U54/><E54/><V79/><F79/><W45/><G57/><T110/><D110/><U112/><E112/><V16/><F84/><W37/><G56/><T71/><D71/><U48/><E48/><V133/><F133/><W129/><G37/><T114/><D114/><U31/><E31/><AGARI ba="0,1" hai="12,15,21,24,31,90,92,96" m="1536,48681" machi="31" ten="40,1300,0" yaku="18,1" doraHai="115,68" who="0" fromWho="1" sc="268,23,89,-13,258,0,375,0" /><INIT seed="7,0,0,0,1,58" ten="291,76,258,375" oya="3" hai0="40,134,5,75,101,22,16,129,62,107,15,4,10" hai1="86,20,19,68,47,7,17,29,119,43,18,14,42" hai2="24,60,130,39,113,25,95,93,64,32,23,38,120" hai3="8,2,46,83,12,108,49,51,128,63,82,69,41"/><W114/><G128/><T79/><D134/><U90/><E68/><V122/><F130/><W111/><G2/><T124/><D129/><U21/><E119/><V96/><F113/><W88/><G114/><T36/><D124/><U77/><E77/><V97/><F32/><W84/><G49/><T6/><D107/><U132/><E132/><V56/><F95/><W100/><G82/><T50/><D101/><U45/><E86/><V125/><F125/><W55/><G100/><T70/><D36/><U127/><E127/><V135/><F135/><W98/><G98/><T78/><D75/><U131/><E131/><V92/><F92/><W112/><G112/><T30/><D40/><U67/><E67/><V71/><F71/><W44/><G44/><T91/><D50/><U123/><E123/><V37/><F97/><W53/><G69/><T73/><D73/><U126/><E126/><V94/><F94/><W52/><G63/><T133/><D91/><U66/><E66/><V26/><REACH who="2" step="1"/><F23/><REACH who="2" step="2"/><W87/><G108/><T0/><D133/><U9/><E90/><AGARI ba="0,1" hai="24,25,26,37,38,39,56,60,64,90,93,96,120,122" machi="90" ten="50,6400,0" yaku="1,1,2,1,52,1,53,0" doraHai="58" doraHaiUra="48" who="2" fromWho="1" sc="291,0,76,-64,248,74,375,0" owari="291,-11.0,12,-49.0,322,12.0,375,48.0" /></mjloggm>