<mjloggm ver="2.3"><GO type="169" lobby="0"/><UN n0="%E8%B6%85%E3%83%87%E3%82%B8%E3%82%BF%E3%83%AB%E6%B4%BE" n1="%EF%BC%88%E2%89%A7%E2%96%BD%E2%89%A6%EF%BC%89" n2="%E3%83%88%E3%83%8B%E3%83%BC%E2%99%AA%E2%99%AA" n3="%E3%82%89%E3%81%84%E3%81%A1%E3%82%87%E3%81%86" dan="17,17,16,16" rate="2149.64,2184.80,2027.69,2027.96" sx="M,M,M,M"/><TAIKYOKU oya="0"/><INIT seed="0,0,0,2,4,37" ten="250,250,250,250" oya="0" hai0="80,55,90,10,38,3,27,82,68,108,19,73,96" hai1="98,57,11,128,13,42,112,106,40,49,66,64,127" hai2="94,4,86,44,7,115,93,43,129,133,105,131,116" hai3="113,16,5,122,39,56,33,28,134,101,45,70,83"/><T85/><D68/><U9/><E128/><N who="2" m="49227" /><F115/><W50/><G113/><T110/><D38/><U65/><E127/><V21/><F105/><W91/><G70/><T79/><D55/><N who="1" m="31983" /><E106/><V103/><F133/><W61/><G134/><T35/><D96/><U104/><E104/><V102/><F21/><W15/><G5/><N who="2" m="2121" /><F116/><W72/><G122/><T120/><D120/><U63/><E112/><V17/><F17/><W126/><G126/><T95/><D3/><U51/><E98/><V22/><F22/><W118/><G118/><T123/><D123/><U8/><E63/><V76/><F76/><W24/><G39/><T97/><D35/><U89/><E13/><V130/><F86/><W46/><G101/><N who="2" m="38409" /><F130/><W54/><G61/><T1/><D1/><U53/><E89/><V71/><F71/><W117/><G117/><T26/><D10/><N who="1" m="2563" /><U135/><DORA hai="41" /><E135/><V52/><F52/><W109/><G72/><T59/><D59/><AGARI ba="0,0" hai="40,42,51,53,59,64,65,66" m="2563,31983" machi="59" ten="40,5200,0" yaku="8,1,52,2" doraHai="37,41" who="1" fromWho="0" sc="250,-52,250,52,250,0,250,0" /><INIT seed="1,0,0,2,5,93" ten="198,302,250,250" oya="1" hai0="124,88,64,56,129,61,19,94,42,59,21,34,83" hai1="10,81,7,108,119,80,22,69,67,127,97,71,48" hai2="33,116,128,78,82,102,14,40,117,118,35,73,11" hai3="9,13,31,47,8,46,104,16,87,113,68,98,125"/><U74/><E119/><V4/><F128/><W86/><G68/><T130/><D34/><U66/><E127/><V12/><F40/><W70/><G70/><T79/><D124/><U0/><E71/><V30/><F30/><W103/><G113/><T25/><D42/><U44/><E108/><V89/><F102/><W6/><G31/><T100/><D100/><U85/><E74/><V106/><F106/><W41/><G125/><T111/><D111/><U77/><E69/><V114/><F114/><W2/><REACH who="3" step="1"/><G47/><REACH who="3" ten="198,302,250,240" step="2"/><T23/><D59/><U90/><E22/><V36/><F36/><AGARI ba="0,1" hai="2,6,8,9,13,16,36,41,46,86,87,98,103,104" machi="36" ten="30,8000,1" yaku="1,1,2,1,7,1,52,1,54,1,53,0" doraHai="93" doraHaiUra="109" who="3" fromWho="2" sc="198,0,302,0,250,-80,240,90" /><INIT seed="2,0,0,2,4,36" ten="198,302,170,330" oya="2" hai0="134,104,42,40,7,29,28,124,2,128,11,14,19" hai1="121,88,76,86,122,65,52,41,105,96,38,118,17" hai2="30,50,20,106,27,3,119,26,95,59,45,91,113" hai3="123,79,114,63,34,23,85,44,6,21,100,66,64"/><V16/><F113/><W80/><G34/><T72/><D104/><U60/><E118/><V51/><F3/><W125/><G123/><N who="1" m="47114" /><E76/><V25/><F106/><W43/><G114/><T61/><D72/><U94/><E17/><V31/><F119/><W111/><G111/><T53/><D124/><U18/><E18/><V71/><F71/><W57/><G125/><T67/><D128/><U24/><E24/><N who="2" m="9323" /><F59/><W135/><G135/><T77/><D77/><U87/><E105/><V117/><F117/><W127/><G127/><T46/><D134/><U69/><E52/><N who="2" m="29775" /><F51/><N who="3" m="27039" /><G66/><T78/><D78/><U130/><E130/><V108/><F108/><W93/><G6/><T5/><D2/><U120/><E120/><V133/><F133/><W97/><AGARI ba="0,0" hai="21,23,57,63,64,79,80,85,93,97,100" m="27039" machi="97" ten="30,2000,0" yaku="8,1,52,1" doraHai="36" who="3" fromWho="3" sc="198,-5,302,-5,170,-10,330,20" /><INIT seed="3,0,0,2,1,48" ten="193,297,160,350" oya="3" hai0="26,63,34,70,126,97,59,89,23,120,44,85,81" hai1="13,42,75,135,0,76,52,45,121,113,71,35,14" hai2="73,134,129,28,82,46,30,79,29,131,95,64,4" hai3="119,110,43,62,40,104,67,1,124,93,96,16,106"/><W78/><G1/><T36/><D120/><U11/><E71/><V41/><F64/><W127/><G119/><T12/><D126/><N who="3" m="48169" /><G78/><T77/><D70/><U84/><E35/><V72/><F4/><W92/><G110/><T38/><D34/><U27/><E121/><V24/><F95/><N who="3" m="36427" /><G16/><T17/><D97/><U114/><E0/><V115/><F115/><W33/><G33/><T49/><D77/><U50/><E75/><V22/><F73/><W53/><G96/><T69/><D69/><U56/><E135/><V80/><F80/><W2/><G2/><T65/><REACH who="0" step="1"/><D12/><REACH who="0" ten="183,297,160,350" step="2"/><U91/><E76/><V122/><F122/><W31/><G106/><T86/><D86/><U111/><E14/><V132/><F132/><W60/><G104/><T105/><D105/><U7/><E111/><V107/><F107/><W57/><G31/><T108/><D108/><U117/><E117/><V98/><F134/><W37/><G37/><T74/><D74/><U66/><E114/><V19/><REACH who="2" step="1"/><F98/><REACH who="2" ten="183,297,150,350" step="2"/><W68/><AGARI ba="0,2" hai="40,43,53,57,60,62,67,68" m="36427,48169" machi="68" ten="30,3000,0" yaku="18,1,52,1" doraHai="48" who="3" fromWho="3" sc="183,-10,297,-10,150,-10,350,50" /><INIT seed="3,1,0,5,3,131" ten="173,287,140,400" oya="3" hai0="41,79,38,62,49,96,23,132,33,86,93,10,109" hai1="19,53,97,104,44,22,81,73,78,26,27,5,50" hai2="9,2,0,60,28,58,76,40,64,68,130,57,56" hai3="7,110,66,112,128,37,118,69,127,54,103,108,48"/><W70/><G7/><T63/><D33/><U129/><E129/><V88/><F130/><W91/><G103/><T18/><D38/><U84/><E5/><V119/><F119/><W12/><G128/><T94/><D109/><N who="3" m="42089" /><G12/><T135/><D10/><U65/><E65/><V61/><F40/><W39/><G91/><N who="0" m="53495" /><D79/><U99/><E104/><V83/><F28/><W24/><G24/><N who="0" m="14455" /><D49/><U90/><REACH who="1" step="1"/><E27/><REACH who="1" ten="173,277,140,400" step="2"/><V25/><F25/><W72/><G66/><T36/><D36/><U111/><E111/><V59/><F64/><W16/><G37/><T113/><D113/><U85/><E85/><V3/><F68/><W13/><G39/><T80/><D41/><U35/><E35/><V75/><F61/><W134/><G70/><T74/><D74/><U121/><E121/><V71/><F71/><W125/><G69/><T14/><D62/><U46/><E46/><V15/><F60/><W92/><G72/><T45/><D63/><U32/><E32/><V47/><F47/><W116/><G116/><T34/><D45/><U102/><E102/><V120/><F120/><W20/><G118/><T107/><D34/><U8/><E8/><V105/><F105/><W42/><G112/><T4/><D107/><U106/><E106/><V98/><F9/><W51/><G42/><T11/><D4/><U21/><E21/><V52/><F75/><W114/><G114/><T126/><D11/><U31/><E31/><V124/><F2/><W29/><G29/><T117/><D117/><U30/><E30/><V55/><N who="2" m="14336" /><DORA hai="133" /><V77/><F0/><W87/><G20/><T100/><D100/><RYUUKYOKU ba="1,1" sc="173,-10,277,30,140,-10,400,-10" hai1="19,22,26,44,50,53,73,78,81,84,90,97,99" /><INIT seed="4,2,1,0,5,81" ten="163,307,130,390" oya="0" hai0="40,95,24,89,25,33,28,31,16,12,10,103,125" hai1="112,48,53,58,54,5,70,17,23,111,64,122,130" hai2="107,131,37,39,76,126,87,113,73,98,41,56,43" hai3="26,100,102,94,90,27,85,128,129,42,84,0,88"/><T18/><D125/><U47/><E122/><V7/><F126/><W62/><G0/><T71/><D71/><U20/><E111/><V3/><F131/><N who="3" m="50251" /><G62/><T97/><D40/><U83/><E130/><V51/><F113/><W14/><G14/><T80/><D80/><U135/><E135/><V93/><F56/><W38/><G42/><T68/><D68/><U124/><E5/><V82/><F51/><W46/><G46/><T1/><D1/><U29/><E29/><V116/><F116/><W30/><G38/><T67/><D67/><U121/><E121/><V105/><F105/><W74/><G74/><T133/><D133/><U104/><E104/><V91/><F43/><W19/><G19/><T118/><D118/><U63/><E124/><V108/><F41/><W4/><G4/><T49/><D49/><U72/><E112/><V45/><F45/><W101/><G30/><T66/><D66/><U13/><E70/><V120/><F108/><W8/><G8/><T99/><D18/><U59/><E64/><V61/><F61/><W75/><G75/><T6/><D6/><U114/><E114/><V35/><F35/><W55/><G55/><T15/><D15/><U109/><E109/><V2/><F120/><W21/><G21/><T57/><D57/><N who="1" m="35255" /><E23/><V52/><F52/><W92/><AGARI ba="2,1" hai="26,27,84,85,88,90,92,94,100,101,102" m="50251" machi="92" ten="30,7900,0" yaku="19,1,52,2,54,1" doraHai="81" who="3" fromWho="3" sc="163,-41,307,-22,130,-22,390,95" /><INIT seed="5,0,0,2,4,2" ten="122,285,108,485" oya="1" hai0="72,109,64,75,13,54,8,104,131,12,127,86,92" hai1="71,76,50,115,134,116,47,87,121,99,3,120,20" hai2="53,67,19,60,62,29,5,33,41,94,100,112,98" hai3="59,43,119,6,48,68,91,35,84,56,30,83,102"/><U85/><E71/><V96/><F41/><W126/><G68/><T89/><D104/><U45/><E3/><V36/><F36/><W27/><G126/><T129/><D64/><U42/><E116/><V58/><F112/><W0/><G102/><T132/><D54/><U73/><E73/><N who="0" m="28233" /><D12/><U108/><E108/><V82/><F82/><W95/><G119/><T31/><D31/><U21/><E115/><V52/><F33/><W124/><G124/><T135/><D127/><U88/><E76/><V77/><F77/><W23/><G35/><T49/><D49/><U114/><E114/><V44/><F29/><W11/><G95/><T15/><D15/><U16/><E50/><V106/><F44/><W26/><G26/><T28/><D28/><U90/><E42/><V63/><F19/><W130/><G130/><N who="0" m="49675" /><D109/><U110/><E110/><V128/><F128/><W9/><G9/><T39/><D39/><U81/><E45/><V93/><F106/><W10/><G10/><T118/><D118/><U133/><E47/><V66/><F5/><AGARI ba="0,0" hai="5,8,13,86,89,92,132,135" m="49675,28233" machi="5" ten="30,2000,0" yaku="19,1,52,1" doraHai="2" who="0" fromWho="2" sc="122,20,285,0,108,-20,485,0" /><INIT seed="6,0,0,1,0,6" ten="142,285,88,485" oya="2" hai0="83,76,20,100,7,67,24,47,23,129,32,128,126" hai1="92,93,54,90,44,115,72,55,16,134,15,109,80" hai2="94,66,62,29,79,105,17,99,118,48,127,1,65" hai3="35,110,101,51,34,98,28,89,104,39,31,26,40"/><V74/><F118/><W10/><G110/><T14/><D126/><U73/><E109/><V107/><F1/><W86/><G39/><T132/><D132/><U119/><E119/><V88/><F127/><W0/><G40/><T21/><D67/><U9/><E134/><V70/><F65/><W121/><G121/><T36/><D100/><U8/><E115/><V120/><F120/><W95/><G51/><T30/><D7/><U116/><E116/><V131/><F131/><N who="0" m="50250" /><D47/><U13/><E73/><V63/><F63/><W97/><G86/><N who="0" m="48487" /><D36/><U42/><E72/><V71/><F71/><W53/><G53/><N who="1" m="19978" /><E80/><V68/><F68/><W81/><G81/><T103/><D103/><U111/><E90/><V4/><F79/><W96/><G101/><T18/><AGARI ba="0,0" hai="14,18,20,21,23,24,30,32" m="48487,50250" machi="18" ten="30,1100,0" yaku="19,1" doraHai="6" who="0" fromWho="0" sc="142,11,285,-3,88,-5,485,-3" /><INIT seed="7,0,0,2,3,66" ten="153,282,83,482" oya="3" hai0="76,61,46,70,116,58,79,83,81,74,111,62,44" hai1="17,72,19,54,126,24,36,110,78,113,51,107,80" hai2="95,133,103,73,104,132,89,129,52,120,7,26,48" hai3="10,13,35,77,109,4,43,25,29,105,12,20,21"/><W67/><G105/><T115/><D111/><U32/><E32/><V86/><F7/><N who="3" m="3167" /><G67/><T96/><D116/><U118/><E24/><V108/><F108/><W68/><G68/><T22/><D115/><U45/><E36/><V2/><F2/><W134/><G43/><T40/><D22/><U9/><E9/><V101/><F120/><W88/><G88/><T37/><D96/><U39/><E80/><V98/><F26/><W131/><G77/><T34/><D34/><U65/><E78/><V124/><F129/><W15/><G134/><T119/><D119/><U75/><E75/><V18/><F124/><W112/><G112/><T30/><D30/><U114/><E72/><V122/><F122/><W55/><G55/><T69/><D46/><U33/><E45/><V0/><F0/><W71/><G71/><T92/><D92/><U47/><E107/><V3/><F3/><W49/><G131/><T125/><D125/><U106/><E106/><V128/><F128/><W60/><G109/><T117/><D117/><U99/><E118/><V127/><F127/><W94/><G25/><T57/><D57/><U97/><E110/><V59/><F103/><W50/><G94/><T8/><D8/><U38/><E126/><V121/><F121/><W28/><G35/><T31/><D31/><U53/><E113/><V63/><F18/><W41/><G29/><T16/><D16/><U130/><E19/><V14/><F14/><W64/><G28/><T84/><D62/><U87/><E114/><V135/><F73/><W102/><G60/><T90/><D79/><U5/><E130/><RYUUKYOKU ba="0,0" sc="153,15,282,-15,83,15,482,-15" hai0="37,40,44,58,61,69,70,74,76,81,83,84,90" hai2="48,52,59,63,86,89,95,98,101,104,132,133,135" owari="168,-23.0,267,7.0,98,-40.0,467,56.0" /></mjloggm>