<mjloggm ver="2.3"><GO type="41"/><UN n0="%E3%81%A7%E3%81%93%E3%81%97%E3%81%87" n1="%79%6F%72%69%2E" n2="%E8%8C%A8%E5%9F%8E%E5%8C%97" n3="%E3%82%A6%E3%83%AB%E3%83%88%E3%83%A9%E7%AB%8B%E7%9B%B4" dan="14,14,15,15" rate="1932,1931,2056,2025" sx="M,M,M,M"/><TAIKYOKU oya="0"/><INIT seed="0,0,0,5,0,36" ten="250,250,250,250" oya="0" hai0="126,123,13,51,4,56,88,80,86,39,25,41,87" hai1="128,42,121,127,66,53,120,81,20,1,73,129,34" hai2="35,30,65,52,92,12,101,125,122,23,115,97,67" hai3="61,113,50,19,134,91,64,78,40,43,74,82,31"/><T57/><D123/><U21/><E34/><V75/><F122/><N who="1" m="47209" /><E1/><V79/><F115/><W38/><G38/><T84/><D39/><U106/><E106/><V9/><F125/><W116/><G116/><T22/><D126/><U93/><E66/><V105/><F35/><W44/><G113/><T47/><D86/><U68/><E68/><V10/><F75/><W110/><G31/><T0/><D0/><U17/><E127/><V70/><F79/><W95/><G19/><T62/><D84/><U98/><E53/><V132/><F132/><W118/><G134/><T48/><D48/><U37/><E73/><V124/><F124/><W58/><G118/><T60/><D13/><U26/><E81/><V54/><F105/><W6/><G6/><T18/><REACH who="0" step="1"/><D4/><REACH who="0" ten="240,250,250,250" step="2"/><U49/><E37/><V7/><F7/><W77/><G77/><T32/><D32/><U131/><E49/><V102/><F12/><W24/><G24/><T29/><D29/><U119/><E119/><V55/><F30/><W130/><G74/><T85/><D85/><U59/><E26/><V104/><F70/><W109/><G78/><T2/><D2/><U72/><E72/><V27/><F27/><W71/><G71/><T89/><D89/><U16/><E17/><V63/><F102/><W76/><G76/><T11/><D11/><U90/><E16/><V5/><F5/><W107/><G50/><T99/><D99/><U103/><E90/><V114/><F10/><W69/><G91/><T46/><D46/><U111/><E129/><V112/><F9/><W33/><G69/><T100/><D100/><RYUUKYOKU ba="0,1" sc="240,30,250,-10,250,-10,250,-10" hai0="18,22,25,41,47,51,56,57,60,62,80,87,88" /><INIT seed="0,1,1,2,0,122" ten="270,240,240,240" oya="0" hai0="84,12,31,110,99,107,93,10,82,130,129,115,36" hai1="13,73,5,61,127,19,77,108,70,45,92,46,89" hai2="106,16,15,116,74,33,21,134,41,94,26,100,80" hai3="48,51,20,75,111,112,81,96,38,52,43,85,121"/><T7/><D115/><U120/><E120/><V55/><F106/><W59/><G75/><T14/><D36/><U104/><E104/><V76/><F134/><W3/><G3/><T124/><D107/><U101/><E127/><V65/><F116/><W40/><G112/><T90/><D124/><U88/><E5/><V24/><F65/><W39/><G96/><T118/><D118/><U49/><E108/><V83/><F41/><N who="3" m="15947" /><G20/><T91/><D31/><U114/><E114/><V119/><F119/><W97/><G97/><T60/><D60/><U17/><E46/><V133/><F133/><W113/><G85/><T9/><REACH who="0" step="1"/><D110/><REACH who="0" ten="260,240,240,240" step="2"/><U87/><E61/><V105/><F105/><W11/><G111/><T27/><D27/><U25/><E25/><V1/><F26/><W28/><G113/><T23/><D23/><U30/><E30/><V62/><F62/><N who="3" m="36199" /><G11/><T22/><D22/><U72/><E70/><V135/><F135/><W64/><G28/><T18/><AGARI ba="1,2" hai="7,9,10,12,14,18,82,84,90,91,93,99,129,130" machi="18" ten="30,3000,0" yaku="1,1,0,1,53,0" doraHai="122" doraHaiUra="71" who="0" fromWho="0" sc="260,53,240,-11,240,-11,240,-11" /><INIT seed="0,2,0,0,0,20" ten="313,229,229,229" oya="0" hai0="41,42,27,30,69,60,59,131,104,94,81,29,62" hai1="134,120,71,49,118,111,125,52,83,114,78,99,91" hai2="135,128,95,54,1,116,115,56,110,88,72,7,46" hai3="96,122,86,113,50,89,112,31,48,35,19,18,57"/><T45/><D104/><U66/><E118/><V33/><F72/><W103/><G122/><T124/><D124/><U130/><E120/><V119/><F115/><W87/><G31/><T21/><D131/><U80/><E130/><V108/><F33/><W3/><G3/><T100/><D69/><U43/><E125/><V47/><F128/><W9/><G35/><T64/><D81/><U38/><E134/><V101/><F101/><W28/><G28/><T76/><D76/><U53/><E114/><V97/><F7/><W24/><G9/><T121/><D121/><U132/><E132/><V39/><F1/><W126/><G126/><T17/><D60/><U133/><E133/><V14/><F14/><W58/><G103/><T77/><D77/><U79/><E111/><N who="2" m="42539" /><F135/><W73/><G89/><T8/><D8/><U107/><E107/><V68/><F68/><W15/><G15/><T10/><D10/><U75/><E38/><V123/><F123/><W61/><G96/><N who="0" m="59415" /><D42/><U55/><E43/><N who="2" m="22911" /><F47/><W16/><G73/><T40/><D41/><U90/><E49/><AGARI ba="2,0" hai="49,54,56,88,95,97,116,119" m="22911,42539" machi="49" ten="30,2000,0" yaku="14,1,54,1" doraHai="20" who="2" fromWho="1" sc="313,0,229,-26,229,26,229,0" /><AGARI ba="2,0" hai="17,21,27,29,30,40,45,49,59,62,64" m="59415" machi="49" ten="30,2900,0" yaku="8,1,52,1" doraHai="20" who="0" fromWho="1" sc="313,29,203,-29,255,0,229,0" /><INIT seed="0,3,0,1,3,34" ten="342,174,255,229" oya="0" hai0="9,93,100,71,67,32,87,17,105,23,11,53,43" hai1="102,122,19,62,131,22,75,113,64,55,101,25,2" hai2="14,88,46,125,92,99,79,86,89,120,48,135,68" hai3="18,66,96,111,8,30,76,50,133,52,56,47,78"/><T65/><D32/><U109/><E122/><V4/><F120/><W7/><G133/><T69/><D105/><U132/><E2/><V51/><F135/><W16/><G111/><T20/><D43/><U39/><E39/><V15/><F68/><W13/><G30/><T58/><D69/><U119/><E119/><V77/><F125/><W85/><G96/><N who="0" m="59407" /><D87/><U37/><E37/><V54/><F15/><W24/><G24/><N who="0" m="14351" /><D23/><U114/><E132/><V38/><F38/><W117/><G117/><T35/><D35/><U36/><E36/><V74/><F74/><W129/><G129/><T42/><D42/><U1/><E1/><V60/><F60/><N who="3" m="38151" /><G76/><T70/><D70/><U130/><E75/><V5/><F51/><W10/><G10/><N who="0" m="3595" /><D71/><U104/><E104/><V127/><F127/><W108/><G108/><T31/><D31/><U59/><E64/><V6/><REACH who="2" step="1"/><F14/><REACH who="2" ten="342,174,245,229" step="2"/><W27/><G27/><T110/><D110/><U91/><E109/><V98/><F98/><W73/><G73/><T128/><D128/><N who="1" m="49195" /><E114/><V57/><F57/><W40/><G40/><T28/><D28/><U82/><E113/><V103/><F103/><W33/><G33/><T41/><D41/><U26/><E26/><V12/><F12/><W0/><G0/><T115/><D115/><U106/><E106/><V84/><F84/><AGARI ba="3,1" hai="19,22,25,55,59,62,82,84,91,101,102" m="49195" machi="84" ten="30,1000,0" yaku="19,1" doraHai="34" who="1" fromWho="2" sc="342,0,174,29,245,-19,229,0" /><INIT seed="1,0,0,5,5,117" ten="342,203,226,229" oya="1" hai0="122,5,118,78,3,116,68,40,66,57,102,97,47" hai1="48,69,129,62,76,51,72,132,112,16,104,123,107" hai2="27,93,49,115,23,125,35,108,52,6,86,106,127" hai3="98,55,88,135,22,95,85,91,71,41,89,0,80"/><U34/><E112/><V13/><F106/><W94/><G0/><T90/><D90/><U18/><E34/><V70/><F70/><W101/><G71/><T33/><D33/><U19/><E123/><V54/><F115/><W75/><G41/><T32/><D32/><U124/><E124/><N who="2" m="47691" /><F35/><W79/><G55/><T15/><D15/><U96/><E132/><V99/><F108/><W8/><G8/><N who="0" m="2111" /><D57/><U65/><E129/><V126/><F86/><N who="3" m="52503" /><G22/><T59/><D59/><U46/><E48/><V36/><F36/><W50/><G50/><T134/><D134/><U45/><E45/><V109/><F109/><W21/><G21/><T44/><D44/><U61/><E61/><V87/><F87/><W9/><G9/><T24/><D47/><U28/><E28/><N who="2" m="17535" /><F49/><W64/><G64/><T7/><D66/><U31/><E31/><V26/><F26/><W92/><G135/><T2/><D24/><U43/><REACH who="1" step="1"/><E96/><REACH who="1" ten="342,193,226,229" step="2"/><V110/><F110/><W131/><G131/><T113/><D97/><U130/><E130/><V58/><F126/><W11/><G11/><T63/><D63/><U30/><E30/><V119/><F99/><W37/><G37/><T111/><D113/><U1/><E1/><V74/><F58/><W56/><G56/><T29/><D2/><U81/><AGARI ba="0,1" hai="16,18,19,43,46,51,62,65,69,72,76,81,104,107" machi="81" ten="30,11700,0" yaku="1,1,0,1,54,1,53,1" doraHai="117" doraHaiUra="67" who="1" fromWho="1" sc="342,-39,193,127,226,-39,229,-39" /><INIT seed="1,1,0,1,1,125" ten="303,320,187,190" oya="1" hai0="133,17,23,53,110,122,109,51,68,22,112,126,73" hai1="118,4,71,81,10,28,74,130,84,102,87,39,129" hai2="41,69,9,127,21,49,36,83,54,58,117,93,6" hai3="134,123,104,75,100,121,95,8,90,105,35,120,92"/><U5/><E118/><V96/><F117/><W114/><G8/><T40/><D112/><U25/><E71/><V61/><F127/><W37/><G35/><T46/><D126/><U12/><E39/><V77/><F21/><W86/><G37/><T64/><D73/><U11/><E102/><V57/><F69/><W50/><G50/><T99/><D122/><U31/><E74/><V24/><F24/><W18/><G18/><T76/><D133/><U78/><E87/><V33/><F33/><W131/><G114/><T55/><D76/><U43/><E43/><V62/><F36/><W115/><G115/><T52/><D99/><U108/><E108/><N who="0" m="41577" /><D17/><U27/><E84/><V59/><F41/><W45/><G45/><T116/><D116/><U0/><E81/><V67/><F9/><W107/><G75/><T2/><D2/><U14/><E78/><V106/><F6/><W42/><G42/><T72/><D72/><U3/><AGARI ba="1,0" hai="0,3,4,5,10,11,12,14,25,27,28,31,129,130" machi="3" ten="25,24000,3" yaku="0,1,22,2,34,3,52,2" doraHai="125" who="1" fromWho="1" sc="303,-81,320,243,187,-81,190,-81" /><INIT seed="1,2,0,3,2,37" ten="222,563,106,109" oya="1" hai0="96,112,94,123,81,21,61,74,2,28,99,77,87" hai1="111,120,90,63,53,126,109,36,78,89,104,128,41" hai2="38,92,108,118,98,24,64,34,83,116,11,95,107" hai3="130,115,133,72,103,69,54,91,75,105,62,125,76"/><U3/><E120/><V106/><F38/><W102/><G62/><T32/><D2/><U10/><E104/><V114/><F64/><W12/><G12/><T49/><D112/><U33/><E33/><V15/><F114/><W5/><G54/><T80/><D32/><U17/><E128/><V39/><F39/><W101/><G5/><T43/><D123/><U0/><E126/><V44/><F108/><N who="1" m="41545" /><E78/><V132/><F132/><W82/><G69/><T46/><D61/><U22/><E10/><V18/><F44/><W124/><G115/><T60/><D60/><U16/><E17/><V71/><F71/><W110/><G110/><T134/><D134/><U29/><E29/><V88/><F107/><W122/><G122/><T50/><D50/><U85/><E85/><V26/><F106/><W129/><G133/><T70/><D70/><U51/><E36/><V23/><F34/><W9/><G9/><T7/><D7/><U58/><E0/><V135/><F135/><W86/><G105/><T65/><D65/><U19/><E3/><V45/><F26/><W40/><G40/><T73/><D73/><N who="3" m="28233" /><G76/><T52/><D43/><U13/><E19/><V67/><F67/><W119/><G119/><T1/><D1/><U48/><E63/><V68/><F68/><W55/><G55/><T35/><D35/><U131/><E131/><AGARI ba="2,0" hai="82,86,91,101,102,103,124,125,129,130,131" m="28233" machi="131" ten="40,5200,0" yaku="19,1,34,2" doraHai="37" who="3" fromWho="1" sc="222,0,563,-58,106,0,109,58" /><INIT seed="2,0,0,1,0,46" ten="222,505,106,167" oya="2" hai0="118,28,4,22,98,72,8,11,90,124,101,121,6" hai1="102,107,29,134,50,70,130,108,17,39,80,71,9" hai2="36,43,40,81,31,114,49,105,3,12,57,16,73" hai3="111,55,75,93,77,100,76,34,84,51,24,74,26"/><V133/><F3/><W38/><G38/><T14/><D72/><U21/><E39/><V13/><F105/><W54/><G84/><T44/><D121/><U112/><E112/><V7/><F114/><W116/><G93/><T104/><D124/><U37/><E37/><V86/><F73/><W23/><G23/><T15/><D118/><U123/><E123/><V120/><F36/><W88/><G88/><T103/><D103/><U122/><E122/><V106/><F106/><W69/><G69/><T52/><D90/><U131/><E108/><V115/><F31/><W63/><G63/><T79/><D79/><U87/><E134/><V0/><F0/><W117/><G100/><T132/><D132/><U66/><E70/><V19/><F115/><W85/><G85/><T113/><D113/><U97/><E9/><N who="2" m="6191" /><F7/><W59/><G59/><T5/><D5/><U42/><E29/><V67/><F120/><W125/><G125/><T96/><D96/><U20/><E71/><V83/><F133/><W56/><G56/><T129/><D129/><N who="1" m="49163" /><E66/><V94/><F67/><W127/><G127/><T41/><D28/><U2/><E2/><V48/><F94/><W10/><G34/><T35/><D35/><U58/><E17/><V119/><F119/><W95/><G95/><T47/><D22/><U128/><E128/><V25/><F25/><W109/><REACH who="3" step="1"/><G10/><REACH who="3" ten="222,505,106,157" step="2"/><T1/><D1/><U33/><E33/><V135/><F57/><W78/><G78/><T53/><D44/><N who="1" m="25879" /><E58/><V89/><F135/><W45/><G45/><T64/><D64/><U68/><E68/><V99/><F86/><RYUUKYOKU ba="0,1" sc="222,10,505,10,106,-30,157,10" hai0="4,6,8,11,14,15,41,47,52,53,98,101,104" hai1="20,21,80,87,97,102,107" hai3="24,26,51,54,55,74,75,76,77,109,111,116,117" /><INIT seed="3,1,1,4,5,115" ten="232,515,76,167" oya="3" hai0="5,91,104,106,77,26,76,82,110,32,98,38,60" hai1="33,93,87,54,29,127,74,4,121,63,53,24,69" hai2="70,64,132,30,85,13,51,47,100,27,129,112,84" hai3="22,133,1,95,113,9,96,56,17,34,41,88,6"/><W135/><G113/><T62/><D38/><U20/><E74/><V12/><F112/><W125/><G125/><T42/><D110/><U118/><E127/><V111/><F111/><W130/><G130/><T92/><D42/><U25/><E121/><V55/><F129/><W86/><G41/><T50/><D5/><U35/><E4/><V44/><F132/><W123/><G123/><T75/><D50/><U119/><E69/><V19/><F100/><W102/><G34/><N who="1" m="12810" /><E63/><V0/><F0/><W101/><G56/><T114/><D77/><U94/><E87/><V107/><F107/><W83/><REACH who="3" step="1"/><G102/><REACH who="3" ten="232,515,76,157" step="2"/><T66/><D114/><U8/><E8/><V2/><F70/><W105/><G105/><T65/><D104/><U57/><E57/><V79/><F47/><W31/><G31/><T126/><D126/><U134/><E29/><V36/><F30/><W40/><G40/><T80/><D106/><U99/><E134/><V15/><F36/><W37/><G37/><T89/><D32/><U46/><E46/><V122/><F122/><W81/><G81/><T3/><D82/><U49/><E93/><V128/><F128/><W117/><G117/><N who="1" m="44554" /><E94/><V7/><F44/><W59/><G59/><T48/><D92/><U103/><E103/><V21/><F7/><W73/><G73/><T10/><D75/><U18/><E99/><V72/><F72/><W43/><G43/><T16/><D98/><U23/><E49/><V61/><F51/><W124/><G124/><T68/><D48/><U78/><E78/><V120/><F79/><W11/><G11/><T90/><D10/><RYUUKYOKU ba="1,2" sc="232,-15,515,15,76,-15,157,15" hai1="18,20,23,24,25,53,54" hai3="1,6,9,17,22,83,86,88,95,96,101,133,135" /><INIT seed="3,2,2,1,1,4" ten="217,530,61,172" oya="3" hai0="111,33,106,40,98,64,68,84,71,110,112,134,96" hai1="128,130,48,121,67,44,12,46,2,42,89,60,51" hai2="65,3,113,32,25,78,127,29,21,117,126,80,16" hai3="85,76,131,124,10,120,63,77,103,35,75,41,56"/><W66/><G35/><T55/><D33/><U53/><E121/><V81/><F117/><W125/><G120/><T1/><D134/><U54/><E2/><V92/><F113/><W100/><G75/><T5/><D112/><U0/><E0/><V105/><F105/><W8/><G41/><T24/><D40/><U31/><E31/><V7/><F65/><W109/><G109/><T115/><D115/><U82/><E12/><N who="2" m="9351" /><F92/><W102/><G131/><N who="1" m="50218" /><E82/><V61/><F61/><W107/><G107/><T14/><D1/><U97/><E97/><V22/><F78/><N who="3" m="30315" /><G85/><T57/><D106/><U99/><E99/><V116/><F116/><W72/><G72/><T87/><D87/><U70/><E89/><V133/><F81/><W18/><G18/><T28/><D96/><U59/><E46/><V91/><F91/><W39/><G39/><T26/><D98/><U38/><E51/><V27/><F80/><W132/><G132/><T11/><D84/><U118/><E54/><V114/><F114/><W45/><G45/><T88/><D88/><U9/><E9/><N who="3" m="3690" /><G124/><N who="2" m="47657" /><F133/><W58/><G125/><T50/><D110/><U83/><E83/><V123/><F123/><W36/><G36/><T49/><D111/><U19/><E19/><N who="2" m="12511" /><F3/><W69/><G69/><T108/><D108/><U6/><E118/><V43/><F43/><W93/><G58/><N who="0" m="33135" /><D68/><U95/><E95/><AGARI ba="2,2" hai="56,63,66,93,95,100,102,103" m="3690,30315" machi="95" ten="30,11600,0" yaku="8,1,52,3" doraHai="4" who="3" fromWho="1" sc="217,0,530,-122,61,0,172,142" /><INIT seed="3,3,0,5,3,44" ten="217,408,61,314" oya="3" hai0="49,130,87,77,56,63,101,67,21,112,99,102,81" hai1="40,91,78,54,74,97,133,115,35,124,125,59,116" hai2="34,68,83,29,114,0,108,24,38,11,64,79,65" hai3="96,94,9,113,93,126,121,45,106,103,12,110,14"/><W127/><G121/><T61/><D130/><U104/><E35/><V123/><F114/><W13/><G113/><T52/><D112/><U16/><E115/><V95/><F123/><W84/><G110/><T88/><D21/><U72/><E40/><V118/><F108/><W47/><G9/><T4/><D4/><U85/><E116/><V23/><F118/><W76/><G76/><T15/><D15/><U31/><E31/><V37/><F65/><W32/><G32/><T135/><D135/><U19/><E133/><V58/><F58/><W43/><G84/><T17/><D17/><U98/><E78/><V42/><F95/><W26/><G26/><T122/><D122/><U50/><E98/><V71/><F23/><W28/><G28/><T57/><D63/><U18/><E85/><V10/><F10/><W80/><G80/><T1/><D1/><U25/><E25/><V69/><F38/><W92/><REACH who="3" step="1"/><G43/><REACH who="3" ten="217,408,61,304" step="2"/><T55/><D67/><U132/><E132/><V3/><F64/><W62/><G62/><T109/><D109/><U73/><REACH who="1" step="1"/><E91/><REACH who="1" ten="217,398,61,304" step="2"/><V90/><F90/><W36/><G36/><T7/><D7/><U82/><E82/><V111/><F111/><W20/><G20/><T5/><D5/><U134/><E134/><V128/><F83/><W8/><G8/><T129/><D129/><U119/><E119/><V120/><F128/><W39/><G39/><T117/><D117/><U105/><E105/><V30/><F79/><W51/><G51/><T86/><D99/><U41/><E41/><V53/><F120/><W131/><G131/><T6/><D6/><RYUUKYOKU ba="3,2" sc="217,10,398,10,61,-30,304,10" hai0="49,52,55,56,57,61,77,81,86,87,88,101,102" hai1="16,18,19,50,54,59,72,73,74,97,104,124,125" hai3="12,13,14,45,47,92,93,94,96,103,106,126,127" /><INIT seed="3,4,2,4,5,114" ten="227,408,31,314" oya="3" hai0="80,64,13,3,82,129,26,29,79,86,61,27,15" hai1="65,39,78,134,16,12,43,77,5,55,96,67,35" hai2="122,22,91,111,18,42,126,40,2,76,106,33,118" hai3="4,75,54,94,97,104,88,100,56,6,1,37,92"/><W83/><G37/><T93/><D3/><U107/><E35/><V124/><F33/><W74/><G1/><T11/><D129/><U113/><E113/><V45/><F2/><W123/><G123/><T17/><D93/><U41/><E134/><V66/><F106/><W53/><G53/><T101/><D101/><U121/><E121/><V58/><F76/><W131/><G131/><T105/><D105/><U52/><E107/><V10/><F122/><W63/><G94/><T89/><D15/><U20/><E96/><V112/><F10/><W60/><G60/><T108/><D108/><U116/><E116/><V62/><F112/><W14/><G14/><T119/><D119/><U109/><E109/><V31/><F111/><W57/><G57/><T32/><D27/><U102/><E102/><V84/><F31/><W81/><G81/><T34/><D34/><U115/><E115/><V0/><F0/><W120/><G120/><T8/><D8/><U117/><E117/><V38/><F42/><N who="1" m="15881" /><E5/><V85/><F118/><W72/><REACH who="3" step="1"/><G83/><REACH who="3" ten="227,408,31,304" step="2"/><T70/><D82/><U48/><E39/><V46/><F46/><W87/><AGARI ba="4,3" hai="4,6,54,56,63,72,74,75,87,88,92,97,100,104" machi="87" ten="30,11700,0" yaku="1,1,2,1,0,1,54,1,53,0" doraHai="114" doraHaiUra="23" who="3" fromWho="3" sc="227,-43,408,-43,31,-43,304,159" owari="184,-22.0,365,17.0,-12,-51.0,463,56.0" /></mjloggm>