<mjloggm ver="2.3"><GO type="169"/><UN n0="%52%65%4D%61%72%69%6D%6F" n1="%56%65%6E%75%73%53%61%79" n2="%EF%BC%88%E2%89%A7%E2%96%BD%E2%89%A6%EF%BC%89" n3="%E5%8D%8A%E6%9C%88%E3%81%95%E3%82%93" dan="16,17,18,17" rate="2047,2134,2215,2181" sx="M,M,M,M"/><TAIKYOKU oya="0"/><INIT seed="0,0,0,4,2,96" ten="250,250,250,250" oya="0" hai0="35,58,18,34,49,50,7,19,88,40,109,4,17" hai1="70,125,102,77,67,119,37,38,12,36,33,61,130" hai2="44,97,68,78,110,15,30,43,63,52,16,11,28" hai3="84,79,69,2,90,101,129,76,53,23,103,118,0"/><T60/><D109/><U59/><E33/><V133/><F110/><W106/><G118/><T8/><D88/><U54/><E77/><V104/><F133/><W62/><G129/><T31/><D31/><U95/><E12/><V26/><F78/><N who="3" m="29739" /><G0/><T74/><D74/><U21/><E21/><V47/><F47/><W14/><G106/><T51/><D40/><U39/><E119/><V126/><F126/><W82/><G69/><T121/><D121/><U116/><E116/><V85/><F85/><W46/><G2/><T108/><D108/><U66/><E130/><V112/><F112/><W117/><G117/><T10/><D58/><U13/><E13/><V92/><F104/><W6/><G6/><N who="0" m="2091" /><D60/><U127/><N who="1" m="9216" /><DORA hai="132" /><U94/><E67/><V20/><F43/><W3/><G3/><T22/><D22/><U27/><E27/><V83/><F83/><W114/><G114/><T111/><D111/><U55/><E54/><V128/><F128/><W1/><G1/><T5/><N who="0" m="2099" /><T32/><AGARI ba="0,0" hai="8,10,17,18,19,32,34,35,49,50,51" m="2099" machi="32" ten="50,12000,1" yaku="4,1,29,2,28,2" doraHai="96,132" who="0" fromWho="0" sc="250,120,250,-40,250,-40,250,-40" /><INIT seed="0,1,0,4,2,45" ten="370,210,210,210" oya="0" hai0="119,40,79,74,82,19,52,135,117,2,43,113,75" hai1="16,133,103,102,121,97,72,71,1,9,25,107,36" hai2="116,91,26,106,92,62,86,24,41,56,42,78,18" hai3="0,129,46,48,110,59,81,27,57,83,39,131,100"/><T90/><D113/><U122/><E36/><V108/><F106/><W96/><G0/><T111/><D135/><U49/><E133/><V4/><F116/><W38/><G110/><T15/><D2/><U55/><E71/><V50/><F108/><W3/><G3/><T63/><D75/><U53/><E72/><V132/><F132/><W134/><G134/><T51/><D63/><U76/><E76/><V32/><F4/><W58/><G27/><T127/><D127/><U109/><E109/><V5/><F5/><W64/><G64/><T105/><D105/><U70/><E70/><V11/><F78/><W84/><G38/><T125/><D125/><U34/><E103/><V30/><F50/><W67/><G67/><T13/><D111/><U31/><E55/><V69/><F69/><W112/><G39/><T35/><D35/><U118/><E118/><V28/><F18/><W44/><G44/><N who="0" m="27751" /><D90/><U22/><E9/><V128/><F11/><W94/><G112/><T80/><D80/><U88/><E88/><V130/><F130/><N who="3" m="49675" /><G84/><T12/><D19/><U54/><E54/><AGARI ba="1,0" hai="46,48,54,57,58,59,81,83,94,96,100" m="49675" machi="54" ten="30,2000,0" yaku="19,1,52,1" doraHai="45" who="3" fromWho="1" sc="370,0,210,-23,210,0,210,23" /><INIT seed="1,0,0,2,3,104" ten="370,187,210,233" oya="1" hai0="123,125,10,110,17,70,85,27,73,14,82,59,33" hai1="45,62,3,8,63,18,83,65,40,76,90,12,6" hai2="16,60,111,9,99,15,50,58,29,1,47,108,120" hai3="41,109,34,91,48,32,5,77,19,87,74,114,75"/><U80/><E90/><V25/><F120/><W49/><G114/><T117/><D117/><U81/><E76/><V54/><F99/><W52/><G5/><T133/><D110/><U23/><REACH who="1" step="1"/><E65/><REACH who="1" ten="370,177,210,233" step="2"/><V69/><F1/><W37/><G77/><T102/><D123/><U7/><E7/><V68/><F108/><W135/><G109/><T24/><D125/><U93/><E93/><V124/><F111/><W132/><G91/><T71/><D102/><U0/><E0/><V115/><F124/><W4/><G4/><T20/><D82/><U72/><E72/><V64/><REACH who="2" step="1"/><F115/><REACH who="2" ten="370,177,200,233" step="2"/><W39/><G135/><T103/><D103/><U46/><E46/><V116/><F116/><W86/><G132/><T79/><D133/><U11/><E11/><V78/><F78/><W128/><G128/><T92/><D79/><U96/><E96/><V30/><F30/><W51/><G87/><T126/><D85/><U105/><E105/><V55/><F55/><W107/><G86/><T113/><D113/><U13/><E13/><V118/><F118/><W130/><G107/><T66/><D10/><U36/><AGARI ba="0,2" hai="3,6,8,12,18,23,36,40,45,62,63,80,81,83" machi="36" ten="30,11700,0" yaku="1,1,0,1,53,2" doraHai="104" doraHaiUra="56" who="1" fromWho="1" sc="370,-39,177,137,200,-39,233,-39" /><INIT seed="1,1,0,1,4,45" ten="331,314,161,194" oya="1" hai0="66,12,26,11,125,30,107,9,124,85,58,31,79" hai1="84,62,43,100,65,22,54,3,37,15,1,129,110" hai2="88,120,67,82,123,69,76,133,44,29,80,104,25" hai3="53,16,56,114,90,83,73,8,113,97,91,6,10"/><U117/><E117/><V23/><F133/><W106/><G106/><T21/><D107/><U59/><E37/><V72/><F104/><W102/><G102/><T0/><D66/><U4/><E43/><V63/><REACH who="2" step="1"/><F44/><REACH who="2" ten="331,314,151,194" step="2"/><W89/><G114/><T32/><D125/><U98/><E129/><V103/><F103/><W105/><G113/><T46/><D124/><U18/><E110/><V55/><F55/><W52/><G105/><T14/><D46/><U121/><E121/><V122/><F122/><W78/><G97/><T111/><D111/><U7/><E98/><V41/><F41/><W131/><G131/><T134/><D134/><U60/><E100/><V116/><F116/><W20/><G53/><T94/><D32/><U39/><E39/><V70/><F70/><W115/><G115/><T2/><D58/><U92/><E3/><V51/><F51/><W127/><G127/><T49/><D49/><N who="1" m="31183" /><E1/><V71/><F71/><W5/><G5/><N who="1" m="2122" /><E65/><V112/><F112/><W61/><REACH who="3" step="1"/><G6/><REACH who="3" ten="331,314,151,184" step="2"/><T57/><D2/><U75/><E75/><V99/><F99/><W96/><G96/><T77/><D0/><U95/><E84/><AGARI ba="1,2" hai="23,25,29,63,67,69,72,76,80,82,84,88,120,123" machi="84" ten="40,2600,0" yaku="1,1,54,1,53,0" doraHai="45" doraHaiUra="35" who="2" fromWho="1" sc="331,0,314,-29,151,49,184,0" /><INIT seed="2,0,0,3,3,98" ten="331,285,200,184" oya="2" hai0="73,8,127,15,86,37,32,12,53,134,105,100,4" hai1="129,44,18,103,60,107,46,19,11,31,2,21,71" hai2="7,16,97,13,108,89,43,116,112,109,92,9,38" hai3="55,54,121,115,124,36,6,78,25,48,3,131,20"/><V33/><F116/><W68/><G121/><T17/><D73/><U80/><E129/><V132/><F112/><W35/><G36/><T96/><D134/><U27/><E80/><V118/><F118/><W120/><G120/><T114/><D114/><U128/><E128/><V58/><F33/><W45/><G35/><T24/><D127/><U14/><E2/><V72/><F72/><W101/><G115/><T94/><D37/><U79/><E79/><V57/><F132/><W111/><G131/><T75/><D75/><U74/><E74/><V125/><F125/><W90/><G124/><T130/><D130/><U56/><E71/><V104/><F104/><W69/><G78/><T52/><D105/><U41/><E41/><V23/><F43/><W81/><G111/><N who="2" m="42569" /><F38/><W123/><G123/><T26/><D86/><U93/><E19/><V77/><F77/><W87/><G69/><T30/><REACH who="0" step="1"/><D26/><AGARI ba="0,0" hai="7,9,13,16,23,26,57,58,89,92,97" m="42569" machi="26" ten="30,5800,0" yaku="14,1,10,1,54,1" doraHai="98" who="2" fromWho="0" sc="331,-58,285,0,200,58,184,0" /><INIT seed="2,1,0,0,3,16" ten="273,285,258,184" oya="2" hai0="101,109,18,7,41,64,60,33,4,122,123,113,23" hai1="74,0,34,14,92,84,38,8,27,72,88,66,96" hai2="94,53,132,39,15,107,9,108,78,58,43,114,11" hai3="36,69,129,97,20,77,82,111,91,76,75,131,86"/><V47/><F114/><W100/><G69/><T46/><D113/><U70/><E0/><V130/><F107/><N who="3" m="63887" /><G36/><T134/><D33/><U98/><E38/><V95/><F132/><W135/><G20/><T24/><D109/><U10/><E98/><V32/><F32/><W119/><G119/><T87/><D134/><U104/><E10/><V42/><F108/><W21/><G21/><T3/><D101/><N who="1" m="62503" /><E14/><V85/><F43/><W115/><G111/><T112/><D112/><U106/><E8/><V83/><F9/><W52/><G135/><T71/><D3/><U126/><E126/><V48/><REACH who="2" step="1"/><F130/><REACH who="2" ten="273,285,248,184" step="2"/><N who="3" m="49675" /><G115/><T125/><D125/><U121/><E106/><V79/><F79/><N who="3" m="44415" /><G52/><T68/><D41/><U5/><E5/><AGARI ba="1,1" hai="5,11,15,39,42,47,48,53,58,78,83,85,94,95" machi="5" ten="30,2900,0" yaku="1,1,7,1,53,0" doraHai="16" doraHaiUra="120" who="2" fromWho="1" sc="273,0,285,-32,248,42,184,0" /><INIT seed="2,2,0,0,3,31" ten="273,253,290,184" oya="2" hai0="106,45,16,56,122,105,126,36,104,80,103,70,12" hai1="101,77,58,93,128,110,38,22,91,79,92,13,44" hai2="21,62,99,129,114,0,130,100,37,10,127,33,47" hai3="51,18,133,50,26,119,68,19,4,115,9,66,109"/><V95/><F114/><W65/><G119/><T108/><D122/><U113/><E113/><V49/><F37/><W74/><G115/><T81/><D108/><U55/><E110/><V6/><F127/><W34/><G74/><T5/><D70/><U67/><E128/><V39/><F39/><W98/><G109/><T30/><D30/><U7/><E38/><V132/><F132/><W25/><G133/><T86/><D126/><U117/><E117/><V73/><F73/><W83/><G83/><T88/><D5/><U11/><E44/><V14/><F62/><W125/><G125/><T135/><D135/><U96/><E22/><V94/><F94/><W43/><G98/><T35/><D35/><U2/><E67/><V60/><F60/><W32/><G4/><T121/><D121/><U107/><E2/><V112/><F112/><W3/><G3/><T46/><D103/><U89/><E107/><V48/><F48/><W131/><G9/><T57/><D81/><U116/><E116/><V23/><F33/><W82/><G82/><T54/><D57/><U111/><E111/><V75/><F75/><W90/><G90/><N who="1" m="34314" /><E93/><V118/><F118/><W78/><G78/><T24/><D24/><U20/><E20/><N who="2" m="7755" /><F0/><W41/><REACH who="3" step="1"/><G68/><REACH who="3" ten="273,253,290,174" step="2"/><T87/><D80/><U59/><E79/><V29/><F130/><AGARI ba="2,1" hai="18,19,25,26,32,34,41,43,50,51,65,66,130,131" machi="130" ten="25,12000,2" yaku="1,1,2,1,22,2,52,2,53,0" doraHai="31" doraHaiUra="134" who="3" fromWho="2" sc="273,0,253,0,290,-126,174,136" /><INIT seed="3,0,0,0,5,21" ten="273,253,164,310" oya="3" hai0="125,116,28,48,102,135,32,31,69,96,65,83,46" hai1="121,54,101,109,81,134,76,1,39,114,42,107,53" hai2="120,36,115,16,127,14,72,40,122,8,104,92,43" hai3="25,133,86,20,112,44,63,75,56,29,71,99,94"/><W79/><G112/><T85/><D116/><U108/><E114/><V77/><F115/><W78/><G71/><T2/><D135/><U70/><E121/><N who="2" m="46699" /><F104/><W13/><G133/><T47/><D125/><U131/><E134/><V110/><F127/><W73/><G44/><T91/><D2/><U23/><E70/><V9/><F110/><W87/><G13/><T132/><D132/><U57/><E1/><V97/><F36/><W3/><G3/><T74/><D74/><U61/><E131/><V117/><F8/><W123/><G123/><T26/><D31/><U126/><E126/><V49/><F49/><W82/><G73/><T106/><D48/><U50/><E42/><N who="2" m="15915" /><F117/><W30/><G30/><T51/><D51/><U35/><E39/><V113/><F113/><W4/><G4/><T7/><D7/><U34/><E107/><V41/><N who="2" m="15923" /><V22/><DORA hai="68" /><F9/><W58/><G78/><T19/><REACH who="0" step="1"/><D19/><REACH who="0" ten="263,253,164,310" step="2"/><U90/><E50/><V103/><F72/><W64/><REACH who="3" step="1"/><G56/><REACH who="3" ten="263,253,164,300" step="2"/><T93/><D93/><U15/><E57/><V62/><F92/><W11/><G11/><T27/><D27/><U100/><E109/><V130/><F16/><W129/><G129/><T95/><D95/><U18/><E108/><V118/><F130/><W5/><G5/><T66/><D66/><U24/><E24/><V17/><F118/><W45/><G45/><T98/><D98/><U55/><E18/><V84/><F97/><W59/><G59/><T119/><D119/><U38/><E38/><V88/><F17/><W37/><G37/><T124/><D124/><U12/><E12/><RYUUKYOKU ba="0,2" sc="263,15,253,-15,164,-15,300,15" hai0="26,28,32,46,47,65,69,83,85,91,96,102,106" hai3="20,25,29,58,63,64,75,79,82,86,87,94,99" /><INIT seed="3,1,2,3,5,135" ten="278,238,149,315" oya="3" hai0="68,29,3,87,130,48,80,134,133,66,97,65,116" hai1="101,103,73,32,105,33,38,72,26,24,98,111,61" hai2="47,83,112,42,69,95,2,79,81,128,86,106,37" hai3="56,19,53,57,102,77,55,4,41,35,43,7,13"/><W27/><G77/><T107/><D3/><U91/><E38/><V15/><F112/><W127/><G102/><T78/><D116/><U84/><E111/><V62/><F128/><W108/><G35/><T59/><D130/><U100/><E98/><V125/><F125/><W122/><G122/><T44/><D29/><U46/><E46/><V119/><F119/><W0/><G0/><T89/><D68/><U71/><E105/><V92/><F106/><W50/><G108/><T63/><D66/><U31/><E71/><V17/><F2/><W120/><G120/><T18/><D18/><U39/><E39/><V132/><F132/><N who="0" m="50794" /><D107/><U70/><E61/><V25/><F25/><W49/><G27/><T6/><D6/><N who="3" m="2089" /><G127/><T8/><D8/><AGARI ba="1,2" hai="8,13,19,41,43,49,50,53,55,56,57" m="2089" machi="8" ten="30,1500,0" yaku="8,1" doraHai="135" who="3" fromWho="0" sc="278,-18,238,0,149,0,315,38" /><INIT seed="3,2,0,5,1,32" ten="260,238,149,353" oya="3" hai0="53,39,24,84,119,58,65,107,25,55,35,20,132" hai1="37,103,57,5,0,99,97,22,88,43,125,127,130" hai2="100,113,82,9,85,72,124,31,74,19,54,122,17" hai3="68,108,15,77,6,2,18,135,102,34,3,62,95"/><W50/><G34/><T123/><D119/><U118/><E118/><V91/><F113/><W14/><G77/><T86/><D123/><U120/><E120/><V134/><F122/><W129/><G50/><T67/><D39/><U89/><E130/><V49/><F134/><W116/><G116/><T46/><D107/><U133/><E133/><V1/><F124/><N who="1" m="47689" /><E22/><V101/><F31/><W51/><G135/><T71/><D71/><U69/><E69/><V96/><F101/><W106/><G106/><T92/><D35/><U36/><E57/><V105/><F17/><W7/><G129/><T41/><D132/><U59/><E59/><V114/><F114/><W128/><G128/><T26/><D20/><U78/><E78/><V29/><F29/><W64/><G108/><T115/><D115/><U8/><E99/><V28/><F28/><W87/><G51/><N who="0" m="27087" /><D55/><U33/><E33/><V131/><F131/><W48/><G48/><N who="0" m="31015" /><D92/><N who="1" m="58791" /><E37/><V80/><F80/><W90/><G102/><T104/><D104/><U21/><E21/><V38/><F38/><W45/><G45/><AGARI ba="2,0" hai="0,5,8,36,43,45,88,89" m="58791,47689" machi="45" ten="30,3900,0" yaku="18,1,52,1,54,1" doraHai="32" who="1" fromWho="3" sc="260,0,238,45,149,0,353,-45" /><INIT seed="4,0,0,3,0,58" ten="260,283,149,308" oya="0" hai0="66,43,46,38,65,51,73,1,106,82,135,16,129" hai1="3,76,53,131,121,23,62,54,52,96,6,64,18" hai2="80,72,12,101,84,115,68,99,133,24,79,71,49" hai3="100,83,32,26,57,35,102,120,95,30,117,7,134"/><T41/><D106/><U112/><E121/><V27/><F133/><W113/><G117/><T11/><D135/><U98/><E76/><V75/><F115/><W13/><G113/><T81/><D129/><U21/><E112/><V104/><F75/><W25/><G134/><T77/><D82/><U70/><E131/><V8/><F49/><W50/><G120/><T31/><D31/><U45/><E45/><V107/><F107/><W118/><G118/><T132/><D132/><U2/><E23/><V47/><F47/><W28/><G83/><T85/><D43/><U87/><E87/><V108/><F108/><W10/><G95/><T69/><D51/><U19/><E19/><V130/><F130/><W94/><G94/><T116/><D116/><U123/><E123/><V91/><F71/><W105/><G105/><T60/><D66/><U114/><E114/><V0/><F68/><W15/><G15/><T89/><D1/><U55/><E55/><AGARI ba="0,0" hai="7,10,13,25,26,28,30,32,35,50,55,57,100,102" machi="55" ten="40,1300,0" yaku="9,1" doraHai="58" who="3" fromWho="1" sc="260,0,283,-13,149,0,308,13" /><INIT seed="5,0,0,3,0,89" ten="260,270,149,321" oya="1" hai0="117,65,101,12,129,22,92,14,34,88,78,0,18" hai1="80,122,41,27,56,85,97,128,28,51,46,86,124" hai2="9,35,70,21,53,72,111,84,99,54,118,36,52" hai3="24,44,42,98,119,49,75,77,57,107,2,131,87"/><U96/><E122/><V43/><F118/><W116/><G2/><T104/><D117/><N who="3" m="45129" /><G75/><T3/><D129/><U48/><E128/><V31/><F111/><W68/><G68/><T123/><D123/><U55/><E124/><V25/><F72/><W67/><G131/><T102/><D34/><U106/><E106/><V134/><F134/><W5/><G5/><T69/><D78/><U90/><REACH who="1" step="1"/><E86/><REACH who="1" ten="260,260,149,321" step="2"/><V76/><F84/><W125/><G125/><T74/><D104/><U33/><AGARI ba="0,1" hai="27,28,33,41,46,48,51,55,56,80,85,90,96,97" machi="33" ten="20,7800,0" yaku="1,1,2,1,0,1,7,1,53,0" doraHai="89" doraHaiUra="100" who="1" fromWho="1" sc="260,-26,260,88,149,-26,321,-26" /><INIT seed="5,1,0,5,0,45" ten="234,348,123,295" oya="1" hai0="4,16,12,100,114,7,95,41,59,9,34,79,57" hai1="98,76,62,111,55,53,119,134,126,1,117,105,93" hai2="85,87,67,0,26,23,68,104,17,44,29,58,5" hai3="84,129,66,113,20,37,25,88,135,18,3,73,13"/><U124/><E105/><V60/><F104/><W80/><G37/><T31/><D114/><U51/><E1/><V15/><F68/><W10/><G3/><T91/><D79/><U14/><E76/><V70/><F70/><W127/><G113/><T90/><D41/><U103/><E111/><V92/><F92/><W36/><G36/><T86/><D100/><U48/><E14/><V125/><F125/><N who="1" m="48233" /><E134/><V71/><F71/><W40/><G127/><T72/><D72/><U102/><E102/><V22/><F0/><W106/><G106/><T43/><D43/><U64/><E64/><V122/><F122/><W94/><G135/><T107/><D107/><U61/><E61/><V77/><F5/><W54/><G129/><T133/><D133/><U8/><E8/><V75/><REACH who="2" step="1"/><F44/><REACH who="2" ten="234,348,113,295" step="2"/><W39/><G94/><T116/><D4/><U109/><E109/><V83/><AGARI ba="1,1" hai="15,17,22,23,26,29,58,60,67,75,77,83,85,87" machi="83" ten="30,7900,0" yaku="1,1,2,1,0,1,53,1" doraHai="45" doraHaiUra="24" who="2" fromWho="2" sc="234,-21,348,-40,113,92,295,-21" /><INIT seed="6,0,0,3,3,73" ten="213,308,205,274" oya="2" hai0="130,42,0,14,113,96,40,59,26,89,3,10,5" hai1="18,116,88,41,86,75,134,104,43,127,51,58,74" hai2="128,81,19,47,6,38,84,111,90,44,72,87,31" hai3="129,66,46,50,70,13,107,102,117,57,124,118,9"/><V98/><F72/><W68/><G107/><T52/><D113/><U32/><E116/><V91/><F128/><W82/><G102/><T114/><D114/><U12/><E104/><V133/><F133/><W119/><G129/><T49/><D130/><U22/><E32/><V53/><F111/><W54/><G124/><T23/><D3/><U126/><E134/><V123/><F123/><W94/><G94/><N who="0" m="56399" /><D0/><U77/><E43/><V17/><F6/><W4/><G66/><T69/><D69/><U1/><E1/><V83/><F31/><AGARI ba="0,0" hai="5,10,14,23,26,31,40,42,49,52,59" m="56399" machi="31" ten="30,2000,0" yaku="8,1,54,1" doraHai="73" who="0" fromWho="2" sc="213,20,308,0,205,-20,274,0" /><INIT seed="7,0,0,1,0,83" ten="233,308,185,274" oya="3" hai0="90,75,22,135,63,103,23,1,18,6,56,81,84" hai1="85,5,76,9,52,124,36,117,114,112,54,19,13" hai2="59,42,46,108,25,87,62,79,70,99,113,134,110" hai3="127,7,14,116,32,49,2,107,64,92,71,94,21"/><W0/><G107/><T12/><D135/><U80/><E36/><V33/><F134/><W91/><G32/><T97/><D75/><U132/><E132/><V65/><F113/><N who="1" m="43625" /><E117/><V74/><F74/><W45/><G116/><T40/><D40/><U131/><E131/><V69/><F99/><W102/><G127/><T77/><D77/><U15/><E124/><V35/><F70/><W129/><G129/><T104/><D6/><U11/><AGARI ba="0,0" hai="5,9,11,13,15,19,52,54,76,80,85" m="43625" machi="11" ten="30,4000,0" yaku="15,1,52,1,54,1" doraHai="83" who="1" fromWho="1" sc="233,-10,308,40,185,-10,274,-20" owari="223,-18.0,348,45.0,175,-32.0,254,5.0" /></mjloggm>