<mjloggm ver="2.3"><GO type="169" lobby="0"/><UN n0="%EF%BC%88%E2%89%A7%E2%96%BD%E2%89%A6%EF%BC%89" n1="%E3%81%B4%E3%81%AE" n2="%E5%B7%A3%E4%BD%9C%E3%82%8A%E3%83%89%E3%83%A9%E3%82%B4%E3%83%B3" n3="%E3%83%9A%E3%83%81%E3%83%A7%E3%83%BC%E3%83%AA%E3%83%B3%E3%83%81%E3%83%BC" dan="19,16,16,16" rate="2265.66,2119.73,2074.90,2058.85" sx="M,M,M,M"/><TAIKYOKU oya="0"/><INIT seed="0,0,0,3,5,100" ten="250,250,250,250" oya="0" hai0="105,27,84,98,59,38,129,97,45,130,108,47,61" hai1="16,90,118,86,0,6,131,74,54,119,62,99,42" hai2="4,106,48,7,103,73,134,24,15,115,17,102,67" hai3="3,121,83,101,125,43,117,66,34,20,82,18,88"/><T116/><D116/><U75/><E131/><N who="0" m="50185" /><D108/><U22/><E42/><V40/><F73/><W50/><G117/><T109/><D109/><U123/><E74/><V113/><F67/><W78/><G34/><T128/><D128/><U49/><E75/><V93/><F24/><W92/><G3/><T52/><D38/><U44/><E123/><V72/><F72/><W30/><G121/><T65/><D84/><U25/><E62/><V46/><F93/><W60/><G101/><N who="0" m="62639" /><D27/><U21/><E99/><V114/><F134/><W126/><G126/><T26/><D26/><U107/><E107/><V29/><F29/><W37/><G30/><T91/><D65/><U64/><E22/><V104/><F103/><W133/><G37/><T122/><D122/><U69/><E64/><V111/><F111/><W68/><G125/><T1/><D1/><U14/><E69/><V55/><F102/><W10/><G133/><T8/><D8/><U33/><E0/><V80/><F80/><W35/><G10/><T28/><D28/><U57/><E33/><V79/><F79/><W94/><G82/><T77/><D77/><U85/><E85/><V32/><F32/><W112/><G35/><T63/><D63/><N who="1" m="36279" /><E25/><V81/><F81/><W31/><G31/><T96/><D96/><U11/><E11/><N who="2" m="6399" /><F104/><W5/><G78/><T71/><D71/><U19/><E6/><N who="2" m="2091" /><F106/><W58/><G68/><T51/><D61/><U135/><E135/><V23/><F23/><W9/><G20/><T110/><D110/><U39/><E119/><V53/><F115/><W89/><G112/><T56/><D56/><RYUUKYOKU ba="0,0" sc="250,15,250,-15,250,15,250,-15" hai0="45,47,51,52,59,91,98" hai2="40,46,48,53,55,113,114" /><INIT seed="0,1,0,3,4,34" ten="265,235,265,235" oya="0" hai0="73,63,4,52,2,26,42,31,91,76,46,96,128" hai1="30,20,13,81,110,115,122,8,39,53,94,129,132" hai2="11,104,59,85,101,134,23,64,109,45,65,125,72" hai3="77,133,100,78,28,102,18,32,120,24,84,114,69"/><T97/><D97/><U12/><E39/><V131/><F72/><W51/><G114/><T22/><D128/><U88/><E122/><V119/><F131/><W98/><G69/><T16/><D73/><U92/><E129/><V66/><F109/><W25/><G120/><T43/><D76/><U58/><E110/><V21/><F134/><W67/><G133/><T123/><D123/><U6/><E132/><V15/><F125/><W35/><G67/><T48/><D63/><U17/><E115/><V29/><F59/><W108/><G108/><T40/><D31/><U117/><E30/><V82/><F119/><W118/><G118/><T105/><D105/><U19/><E117/><V55/><F29/><W7/><G18/><T79/><D79/><U0/><E81/><V90/><F101/><W33/><G24/><T3/><REACH who="0" step="1"/><D4/><REACH who="0" ten="255,235,265,235" step="2"/><U37/><E88/><V135/><F104/><W87/><G7/><T80/><D80/><U68/><E68/><V36/><F135/><W1/><G33/><T89/><D89/><U61/><REACH who="1" step="1"/><E37/><REACH who="1" ten="255,225,265,235" step="2"/><V124/><F36/><W38/><G38/><T126/><D126/><U111/><E111/><V10/><F124/><W49/><G35/><T107/><D107/><U95/><E95/><AGARI ba="1,2" hai="2,3,16,22,26,40,42,43,46,48,52,91,95,96" machi="95" ten="40,12000,1" yaku="1,1,52,2,54,2,53,0" doraHai="34" doraHaiUra="74" who="0" fromWho="1" sc="255,143,225,-123,265,0,235,0" /><INIT seed="0,2,0,1,4,52" ten="398,102,265,235" oya="0" hai0="28,91,80,30,118,112,123,39,62,18,117,45,23" hai1="19,58,9,47,41,66,95,21,44,68,40,65,128" hai2="104,74,38,109,46,107,53,130,17,1,85,2,56" hai3="22,71,99,98,64,113,89,7,11,94,97,102,114"/><T0/><D0/><U111/><E111/><V42/><F109/><W133/><G133/><T81/><D123/><U87/><E128/><V122/><F122/><W100/><G100/><T26/><D112/><U105/><E105/><V24/><F130/><W36/><G36/><T4/><D4/><U132/><E132/><V78/><F74/><W101/><G101/><T8/><D39/><U59/><E68/><V50/><F104/><W96/><G102/><T119/><D45/><N who="1" m="17483" /><E9/><V93/><F107/><W77/><G77/><T37/><D37/><U31/><E31/><V70/><F70/><W43/><G43/><N who="1" m="16458" /><E95/><V20/><REACH who="2" step="1"/><F93/><REACH who="2" ten="398,102,255,235" step="2"/><W14/><G113/><T5/><D119/><U54/><E87/><V126/><F126/><W88/><G114/><T92/><D118/><U110/><E110/><V90/><F90/><W35/><G89/><T61/><D117/><U115/><E115/><V15/><F15/><W116/><G116/><T84/><D92/><U16/><E54/><V57/><F57/><N who="1" m="21513" /><E19/><V12/><F12/><AGARI ba="2,1" hai="12,16,21,65,66" m="21513,16458,17483" machi="12" ten="30,8000,1" yaku="8,1,52,3,54,1" doraHai="52" who="1" fromWho="2" sc="398,0,102,96,255,-86,235,0" /><INIT seed="1,0,0,1,3,102" ten="398,198,169,235" oya="1" hai0="87,26,47,19,37,108,94,45,126,119,14,59,41" hai1="79,129,58,40,53,118,78,11,31,70,15,89,133" hai2="115,116,66,71,77,92,7,39,107,93,96,124,91" hai3="82,65,52,64,86,60,23,55,69,131,67,1,44"/><U123/><E70/><V84/><F116/><W61/><G1/><T43/><D119/><U98/><E118/><V121/><F121/><W132/><G132/><T33/><D126/><U76/><E123/><V104/><F124/><W42/><G131/><T125/><D125/><U30/><E129/><V99/><F39/><W21/><G65/><T0/><D0/><U36/><E40/><V80/><F7/><W114/><G114/><T8/><D108/><U49/><E36/><V18/><F18/><W120/><G21/><T74/><D74/><U135/><E89/><N who="2" m="55343" /><F66/><W81/><G23/><T111/><D111/><U51/><E98/><N who="2" m="57631" /><F71/><W112/><G120/><T88/><D59/><U90/><E90/><V100/><F115/><W10/><G112/><T97/><D97/><U75/><E75/><V130/><F130/><W9/><G44/><T56/><D56/><U95/><E95/><AGARI ba="0,0" hai="77,80,84,95,99,100,104,107" m="57631,55343" machi="95" ten="30,12000,2" yaku="35,5,52,2" doraHai="102" who="2" fromWho="1" sc="398,0,198,-120,169,120,235,0" /><INIT seed="2,0,0,4,3,35" ten="398,78,289,235" oya="2" hai0="36,97,69,88,109,48,106,47,28,122,92,125,10" hai1="12,104,101,6,91,89,33,66,112,124,121,129,81" hai2="134,131,64,45,58,86,98,25,22,5,42,38,1" hai3="87,68,105,84,93,43,3,128,90,65,70,130,133"/><V123/><F123/><W17/><G3/><T55/><D122/><U19/><E33/><V20/><F134/><W96/><G105/><T82/><D69/><N who="3" m="26729" /><G65/><T59/><D106/><U80/><E66/><V118/><F118/><W14/><G43/><T56/><D36/><U63/><E121/><V11/><F131/><N who="3" m="50219" /><G133/><T23/><D10/><AGARI ba="0,0" hai="10,14,17,84,87,90,93,96" m="50219,26729" machi="10" ten="30,1000,0" yaku="19,1" doraHai="35" who="3" fromWho="0" sc="398,-10,78,0,289,0,235,10" /><INIT seed="3,0,0,3,5,85" ten="388,78,289,245" oya="3" hai0="129,49,128,127,27,105,101,118,11,89,92,97,107" hai1="61,73,45,7,22,114,41,80,135,26,24,132,104" hai2="109,62,71,115,39,32,21,82,87,81,4,43,120" hai3="55,68,95,57,121,16,5,53,36,46,44,125,119"/><W130/><G119/><T99/><D118/><U133/><E114/><V78/><F115/><W91/><G121/><T72/><D127/><U108/><E108/><V86/><F32/><W10/><G68/><T94/><D27/><U66/><E104/><N who="0" m="40009" /><D11/><U106/><E106/><V23/><F109/><W30/><G125/><T67/><D67/><U113/><E113/><V14/><F120/><W103/><G103/><N who="0" m="60839" /><D49/><U111/><E111/><V98/><F98/><W29/><G130/><N who="0" m="50283" /><D72/><U83/><E73/><V48/><F39/><W117/><G117/><T50/><D50/><N who="1" m="26927" /><E7/><V17/><F62/><N who="3" m="36143" /><G5/><T116/><D116/><U2/><E2/><V20/><F71/><W74/><G36/><T6/><D6/><U126/><E126/><V0/><F0/><W63/><G74/><T25/><D25/><N who="1" m="9835" /><E22/><V64/><F64/><W38/><G38/><T124/><D124/><U12/><E12/><V96/><F4/><W79/><G44/><T75/><D75/><U3/><E3/><V34/><F34/><W110/><G110/><T35/><D35/><U31/><E31/><V112/><F23/><W123/><G46/><T8/><D8/><U77/><E66/><V122/><F21/><W19/><G30/><T65/><D65/><U42/><E61/><V37/><F112/><W56/><G29/><T90/><AGARI ba="0,0" hai="89,90,94,99,101" m="50283,60839,40009" machi="90" ten="40,8000,1" yaku="19,1,34,2,52,2" doraHai="85" who="0" fromWho="0" sc="388,80,78,-20,289,-20,245,-40" /><INIT seed="4,0,0,2,0,69" ten="468,58,269,205" oya="0" hai0="38,107,2,8,127,76,33,106,59,77,87,108,124" hai1="7,122,37,95,58,96,130,27,14,120,72,67,52" hai2="19,54,15,30,66,78,42,97,109,83,47,9,10" hai3="134,63,12,92,123,68,101,88,3,111,71,21,48"/><T94/><D33/><U125/><E72/><V82/><F109/><W80/><G111/><T29/><D29/><U64/><E125/><N who="0" m="48201" /><D59/><U102/><E130/><V84/><F66/><W22/><G3/><T61/><D61/><U135/><E67/><V26/><F97/><W103/><G123/><T99/><D8/><U40/><E64/><V31/><F26/><W105/><G105/><N who="0" m="39947" /><D2/><U119/><E58/><V128/><F128/><W6/><G68/><T23/><D23/><N who="3" m="8713" /><G71/><T126/><D38/><U75/><E37/><V43/><F83/><W113/><G63/><T41/><D41/><N who="2" m="15370" /><F10/><N who="3" m="4183" /><G80/><T1/><D1/><U46/><E40/><V131/><F131/><W100/><G48/><AGARI ba="0,0" hai="9,15,19,30,31,47,48,54,78,82,84" m="15370" machi="48" ten="30,1000,0" yaku="8,1" doraHai="69" who="2" fromWho="3" sc="468,0,58,0,269,10,205,-10" /><INIT seed="5,0,0,4,5,18" ten="468,58,279,195" oya="1" hai0="40,48,99,90,104,134,23,110,31,16,33,114,120" hai1="97,82,61,106,109,70,98,39,10,129,24,71,93" hai2="58,87,89,46,79,21,100,11,15,36,26,4,63" hai3="66,135,20,118,53,112,5,27,108,131,74,76,78"/><U57/><E109/><V80/><F100/><W34/><G108/><T19/><D110/><U1/><E129/><V83/><F36/><W3/><G131/><T52/><D120/><U64/><E39/><V95/><F46/><W121/><G121/><T38/><D33/><U101/><E82/><V115/><F79/><W13/><G135/><T125/><D125/><U124/><E124/><V119/><F119/><W56/><G118/><T32/><D32/><U14/><E1/><V103/><F103/><W126/><G74/><T77/><D77/><U54/><E54/><N who="2" m="34263" /><F115/><W47/><G112/><T123/><D134/><U88/><REACH who="1" step="1"/><E24/><REACH who="1" ten="468,48,279,195" step="2"/><V111/><F111/><W105/><G3/><T2/><D2/><U68/><E68/><V41/><F41/><W6/><G53/><T55/><D40/><U42/><E42/><V12/><F12/><W117/><G13/><T30/><D55/><U128/><E128/><V7/><F83/><W29/><G126/><T35/><D38/><U132/><E132/><V130/><F80/><W72/><G117/><T62/><D123/><U122/><E122/><V8/><F130/><W102/><G72/><T113/><D114/><U37/><E37/><V49/><F15/><W133/><G133/><T60/><D113/><U73/><E73/><V84/><F4/><AGARI ba="0,1" hai="4,10,14,57,61,64,70,71,88,93,97,98,101,106" machi="4" ten="30,5800,0" yaku="1,1,7,1,54,1,53,0" doraHai="18" doraHaiUra="116" who="1" fromWho="2" sc="468,0,48,68,279,-58,195,0" /><INIT seed="5,1,0,0,3,91" ten="468,116,221,195" oya="1" hai0="0,81,76,74,127,32,47,23,103,46,48,15,5" hai1="106,88,4,97,80,98,90,79,12,114,119,83,100" hai2="61,75,86,36,41,110,33,117,45,3,93,92,104" hai3="132,63,123,101,49,72,87,50,10,6,22,109,95"/><U99/><E114/><V24/><F117/><W18/><G109/><T21/><D32/><U34/><E119/><V51/><F110/><W25/><G123/><T67/><D127/><U115/><E115/><V57/><F104/><W44/><G72/><T2/><D2/><U122/><E34/><V108/><F108/><W89/><G132/><T55/><D0/><U121/><E4/><V120/><F120/><N who="1" m="46185" /><E12/><V43/><F75/><W60/><G101/><T64/><D103/><N who="1" m="62831" /><E98/><V70/><F3/><W26/><G26/><T65/><D5/><U19/><E19/><V107/><F86/><W124/><G124/><T96/><D96/><U35/><E35/><V113/><F107/><W54/><G50/><T14/><D14/><AGARI ba="1,0" hai="6,10,14,18,22,25,44,49,54,60,63,87,89,95" machi="14" ten="30,3900,0" yaku="7,1,8,1,52,1" doraHai="91" who="3" fromWho="0" sc="468,-42,116,0,221,0,195,42" /><INIT seed="6,0,0,5,2,36" ten="426,116,221,237" oya="2" hai0="19,82,10,66,105,61,115,47,77,20,116,65,134" hai1="111,100,104,12,58,45,101,125,26,32,39,35,109" hai2="88,119,40,97,132,50,56,85,9,44,118,63,43" hai3="99,15,95,37,30,34,84,62,75,41,112,17,23"/><V46/><F97/><W48/><G75/><T94/><D105/><U80/><E125/><V133/><F9/><W29/><G34/><T25/><D116/><N who="2" m="44586" /><F88/><N who="3" m="55783" /><G37/><T73/><D94/><U103/><E104/><V130/><F85/><W0/><G0/><T11/><D66/><U117/><E117/><V91/><F91/><W7/><G7/><T4/><D4/><U54/><E80/><V16/><F16/><W52/><G84/><T68/><D10/><U31/><E32/><V55/><F130/><W128/><G128/><T57/><D11/><U98/><E12/><V67/><F67/><W24/><G15/><T51/><D77/><U92/><E103/><V113/><F113/><W2/><G2/><T90/><D115/><U70/><E101/><V28/><F28/><W123/><G112/><T107/><D107/><U131/><E131/><V114/><F114/><W71/><G71/><T59/><D68/><U33/><E70/><V21/><F21/><W81/><G81/><T96/><D82/><U108/><E35/><V69/><F69/><W93/><G93/><T127/><D20/><U22/><E33/><V120/><F120/><W8/><G123/><T74/><D74/><U129/><E129/><V13/><F13/><W14/><G14/><T76/><D73/><U126/><E92/><V78/><F78/><W5/><G8/><T121/><D76/><U27/><E27/><V110/><F110/><W89/><G89/><T53/><D90/><U102/><E109/><V106/><F106/><W38/><G24/><T72/><D25/><U86/><E108/><V1/><F1/><RYUUKYOKU ba="0,0" sc="426,-10,116,-10,221,30,237,-10" hai2="40,43,44,46,50,55,56,63,132,133" /><INIT seed="6,1,0,3,4,22" ten="416,106,251,227" oya="2" hai0="82,55,14,105,25,15,135,0,41,95,43,78,45" hai1="76,119,60,31,100,92,32,42,72,111,54,90,85" hai2="113,88,112,86,123,39,75,65,36,115,61,24,116" hai3="53,120,56,131,94,122,19,35,63,2,18,12,23"/><V28/><F123/><W114/><G114/><T30/><D0/><U66/><E111/><V27/><F75/><W6/><G131/><T57/><D105/><U101/><E119/><V93/><F116/><W29/><G94/><T26/><D135/><U10/><E42/><V44/><F44/><W1/><G18/><T37/><D43/><U64/><E10/><V49/><F49/><W13/><G13/><T97/><D26/><N who="2" m="9770" /><F28/><W33/><G2/><T68/><D68/><AGARI ba="1,0" hai="36,39,61,65,68,86,88,93,112,113,115" m="9770" machi="68" ten="30,12000,1" yaku="15,1,52,3,54,1" doraHai="22" who="2" fromWho="0" sc="416,-123,106,0,251,123,227,0" /><INIT seed="6,2,0,3,1,60" ten="293,106,374,227" oya="2" hai0="54,88,23,47,83,126,17,9,63,32,128,62,11" hai1="108,58,87,43,122,75,24,82,41,44,37,27,12" hai2="123,115,6,116,55,96,28,97,77,84,49,7,78" hai3="134,65,52,38,89,92,81,91,135,31,125,127,33"/><V119/><F123/><W67/><G38/><T107/><D32/><U69/><E122/><V114/><F49/><W5/><G5/><T95/><D107/><U19/><E108/><V98/><F55/><W72/><G72/><T4/><D128/><U79/><E69/><V22/><F22/><W18/><G81/><T90/><D126/><N who="3" m="48137" /><G18/><T25/><D83/><U70/><E70/><V29/><F98/><N who="3" m="57615" /><G91/><N who="0" m="34859" /><D95/><U86/><E43/><V109/><REACH who="2" step="1"/><F109/><REACH who="2" ten="293,106,364,227" step="2"/><W26/><G52/><T3/><D54/><U93/><E37/><V80/><F80/><W104/><G104/><T130/><D23/><U73/><E82/><V120/><F120/><W101/><G101/><T42/><D42/><U50/><E41/><V61/><F61/><W102/><G102/><T131/><D63/><U112/><E50/><V132/><F132/><AGARI ba="2,1" hai="26,31,33,65,67,132,134,135" m="57615,48137" machi="132" ten="30,7700,0" yaku="20,1,18,1,52,2" doraHai="60" who="3" fromWho="2" sc="293,0,106,0,364,-83,227,93" /><INIT seed="7,0,0,3,5,49" ten="293,106,281,320" oya="3" hai0="127,107,87,57,63,105,84,118,123,70,52,109,75" hai1="42,29,95,40,111,114,59,45,64,51,62,24,124" hai2="56,54,129,4,80,50,120,22,81,68,15,14,113" hai3="27,12,48,82,28,30,117,103,31,11,9,83,2"/><W74/><G117/><T8/><D75/><U90/><E114/><V96/><F129/><W33/><G2/><T86/><D118/><U133/><E111/><V102/><F113/><W0/><G0/><T34/><D123/><U71/><E133/><V79/><F68/><W130/><G130/><T132/><D109/><U115/><E124/><V104/><F120/><W21/><G33/><T125/><D34/><U76/><E115/><V78/><F4/><N who="3" m="3111" /><G74/><T72/><D72/><U1/><E1/><V20/><F20/><W77/><G103/><T99/><D132/><U91/><E76/><V73/><REACH who="2" step="1"/><F22/><REACH who="2" ten="293,106,271,320" step="2"/><W17/><G21/><T36/><D70/><U66/><E71/><V131/><F131/><W126/><G126/><N who="0" m="48139" /><D36/><U110/><E110/><V92/><F92/><W93/><G93/><T89/><D8/><U135/><E135/><V55/><F55/><W88/><G11/><T16/><D16/><U10/><E10/><V18/><F18/><W23/><G17/><T119/><D119/><U38/><E95/><AGARI ba="0,1" hai="52,57,63,84,86,87,89,95,99,105,107" m="48139" machi="95" ten="30,3900,0" yaku="18,1,52,1,54,1" doraHai="49" who="0" fromWho="1" sc="293,49,106,-39,271,0,320,0" owari="342,44.0,67,-43.0,271,-13.0,320,12.0" /></mjloggm>