<mjloggm ver="2.3"><GO type="169"/><UN n0="%E9%BB%92%E6%9F%B1%E5%8B%83%E6%A8%B9" n1="%EF%BC%88%E2%89%A7%E2%96%BD%E2%89%A6%EF%BC%89" n2="%E4%B8%80%E6%96%B9%E9%80%9A%E8%A1%8C" n3="%E3%83%A4%E3%82%AD%E3%83%B3" dan="16,18,16,17" rate="2090,2182,2164,2174" sx="F,M,M,M"/><TAIKYOKU oya="0"/><INIT seed="0,0,0,1,3,16" ten="250,250,250,250" oya="0" hai0="68,99,79,115,87,84,27,88,72,46,22,33,133" hai1="85,54,13,92,74,47,31,77,43,60,132,28,2" hai2="80,37,30,61,127,90,78,41,109,63,102,17,125" hai3="113,118,93,91,20,44,108,101,15,25,67,24,94"/><T57/><D68/><U45/><E2/><V49/><F37/><W89/><G113/><T128/><D115/><U39/><E132/><V58/><F102/><W3/><G3/><T95/><D33/><U114/><E114/><V104/><F104/><W35/><G118/><T18/><D133/><U105/><E105/><V97/><F30/><W51/><G101/><T65/><D128/><U106/><E106/><V8/><F109/><W69/><G108/><T64/><D46/><U70/><E74/><V59/><F90/><W6/><G67/><N who="0" m="25675" /><D72/><U96/><E70/><V0/><F97/><N who="3" m="57519" /><G35/><T123/><D123/><U66/><E66/><V56/><F49/><W103/><G103/><T23/><D79/><U10/><E45/><V21/><F41/><N who="3" m="24975" /><G69/><T42/><D42/><U34/><E34/><V83/><F78/><W121/><G121/><T40/><D40/><U107/><E107/><V73/><F73/><W52/><G52/><T53/><D23/><U9/><E77/><V120/><F120/><W76/><G76/><T100/><D100/><N who="1" m="60423" /><E54/><V12/><F125/><W110/><G110/><T124/><D124/><U1/><E1/><V48/><F127/><W98/><G6/><T134/><D134/><U11/><E43/><V129/><F129/><W38/><G38/><T130/><D130/><U71/><E39/><V131/><F131/><W26/><G20/><T5/><D5/><N who="1" m="3247" /><E47/><V36/><F36/><W112/><G112/><T126/><D126/><U111/><E111/><V62/><F48/><AGARI ba="0,0" hai="18,22,27,48,53,57,84,87,88,95,99" m="25675" machi="48" ten="30,5800,0" yaku="8,1,52,1,54,1" doraHai="16" who="0" fromWho="2" sc="250,58,250,0,250,-58,250,0" /><INIT seed="0,1,0,2,0,2" ten="308,250,192,250" oya="0" hai0="5,47,82,108,66,87,6,103,19,13,14,84,135" hai1="120,100,52,125,110,34,8,96,31,113,36,99,42" hai2="122,58,56,33,4,86,126,114,128,45,76,1,60" hai3="119,15,68,61,28,74,12,77,43,97,11,25,57"/><T30/><D135/><U63/><E120/><V55/><F122/><W89/><G119/><T10/><D30/><U105/><E125/><V69/><F33/><W18/><G68/><T39/><D66/><U117/><E117/><V3/><F69/><W130/><G43/><T20/><D103/><U90/><E113/><V17/><F114/><W88/><G130/><T127/><D127/><U53/><E110/><V95/><F126/><W38/><G38/><T133/><D133/><U80/><E8/><V51/><F128/><W26/><G97/><T115/><D115/><U118/><E118/><V9/><F3/><W92/><G15/><T79/><D108/><U93/><E80/><V101/><F17/><W37/><G37/><T83/><D39/><U106/><E106/><V81/><REACH who="2" step="1"/><F60/><REACH who="2" ten="308,250,182,250" step="2"/><W7/><G18/><N who="0" m="10327" /><D47/><U32/><E63/><V109/><F109/><W73/><G61/><T124/><D124/><U22/><E34/><V91/><F91/><AGARI ba="1,1" hai="5,6,10,13,19,79,82,83,84,87,91" m="10327" machi="91" ten="30,5800,0" yaku="8,1,52,2" doraHai="2" who="0" fromWho="2" sc="308,71,250,0,182,-61,250,0" /><INIT seed="0,2,0,1,1,76" ten="379,250,121,250" oya="0" hai0="34,89,88,31,123,61,78,55,98,110,7,46,77" hai1="127,81,101,29,106,116,39,94,33,69,95,37,35" hai2="16,25,44,14,51,131,112,114,129,9,58,53,71" hai3="99,45,41,133,3,20,15,85,121,118,0,67,8"/><T59/><D123/><U40/><E116/><V52/><F71/><W74/><G74/><T105/><D7/><U17/><E69/><V134/><F134/><W57/><G118/><T60/><D34/><U84/><E127/><V90/><F25/><W68/><G68/><T48/><D31/><U125/><E125/><V4/><F4/><W108/><G99/><T47/><D110/><U21/><E106/><V54/><F90/><N who="0" m="34922" /><D105/><U63/><E63/><N who="0" m="24137" /><D98/><U38/><E29/><V70/><F70/><W72/><G72/><T87/><D77/><U11/><E35/><V115/><REACH who="2" step="1"/><F58/><REACH who="2" ten="379,250,111,250" step="2"/><W119/><G57/><T13/><D13/><U75/><E101/><V12/><F12/><W104/><G15/><T126/><D126/><U80/><E33/><V73/><F73/><W111/><G119/><T102/><D102/><U128/><E75/><V117/><F117/><W135/><G111/><T103/><D103/><U132/><E132/><V109/><F109/><W79/><G108/><T122/><D122/><U91/><E91/><V5/><F5/><N who="3" m="1063" /><G121/><T82/><AGARI ba="2,1" hai="46,47,48,55,59,78,82,87" m="24137,34922" machi="82" ten="30,6000,0" yaku="8,1,52,1,54,1" doraHai="76" who="0" fromWho="0" sc="379,76,250,-22,111,-22,250,-22" /><INIT seed="0,3,0,3,0,61" ten="455,228,89,228" oya="0" hai0="21,76,116,55,90,124,92,3,13,28,109,85,102" hai1="44,52,114,19,47,37,45,95,29,60,82,32,94" hai2="99,33,43,50,6,117,133,1,59,121,75,27,56" hai3="104,97,39,35,132,25,67,120,106,7,0,63,46"/><T118/><D3/><U110/><E110/><V113/><F121/><W66/><G120/><T88/><D109/><U24/><E114/><V26/><F75/><W119/><G119/><T64/><D76/><U122/><E122/><V101/><F117/><W18/><G132/><T48/><D124/><U8/><E37/><V128/><F113/><W65/><G0/><T130/><D130/><U23/><E82/><V129/><F133/><W89/><G7/><T38/><D38/><U69/><E8/><N who="2" m="2127" /><F43/><W86/><G63/><T22/><D102/><U135/><E135/><V105/><F50/><W9/><G97/><T115/><D115/><U53/><E53/><V40/><F40/><W111/><G111/><T78/><D78/><U57/><REACH who="1" step="1"/><E69/><REACH who="1" ten="455,218,89,228" step="2"/><V34/><F59/><W131/><G9/><T134/><D55/><U36/><E36/><V58/><F56/><W87/><G39/><T103/><D134/><U70/><E70/><V93/><F58/><W49/><G131/><N who="2" m="50249" /><F105/><W81/><G106/><T108/><D118/><U91/><E91/><V72/><F72/><W79/><G104/><T4/><D88/><U127/><E127/><V42/><F42/><W112/><G112/><T77/><D90/><U123/><E123/><V12/><F12/><AGARI ba="3,1" hai="12,19,23,24,29,32,44,45,47,52,57,60,94,95" machi="12" ten="40,5200,0" yaku="1,1,54,1,53,1" doraHai="61" doraHaiUra="17" who="1" fromWho="2" sc="455,0,218,71,89,-61,228,0" /><INIT seed="1,0,0,4,0,67" ten="455,289,28,228" oya="1" hai0="40,85,1,109,79,104,66,100,73,94,111,12,28" hai1="95,132,114,45,64,99,51,55,41,98,39,62,133" hai2="83,30,19,35,48,26,103,5,76,58,75,17,135" hai3="108,129,88,60,27,9,61,123,13,113,97,63,72"/><U86/><E86/><V80/><F135/><N who="1" m="51785" /><E95/><V77/><F103/><W92/><G72/><T121/><D85/><U125/><E114/><V89/><F89/><W47/><G113/><T120/><D94/><U38/><E125/><V2/><F2/><W57/><G123/><T52/><D120/><U43/><E99/><V116/><F5/><W4/><G108/><T84/><D111/><U37/><E98/><V33/><F116/><W128/><G47/><T16/><D84/><U36/><N who="1" m="9216" /><DORA hai="112" /><U44/><E44/><V7/><F7/><W11/><G27/><T20/><D73/><U91/><E91/><V68/><F68/><AGARI ba="0,0" hai="41,43,45,51,55,62,64,68" m="9216,51785" machi="68" ten="60,12000,1" yaku="20,1,34,2,52,1" doraHai="67,112" who="1" fromWho="2" sc="455,0,289,120,28,-120,228,0" owari="455,55.0,409,21.0,-92,-59.0,228,-17.0" /></mjloggm>