<mjloggm ver="2.3"><GO type="169" lobby="0"/><UN n0="%EF%BC%88%E2%89%A7%E2%96%BD%E2%89%A6%EF%BC%89" n1="%E3%83%99%E3%83%AB%E3%81%A0%E3%81%91%E8%A8%AD%E5%AE%9A%EF%BC%96" n2="%E3%83%AA%E3%83%84%E3%83%9F%E3%82%B5%E3%83%B3" n3="%70%61%72%75%6F%31%31" dan="17,16,18,16" rate="2159.37,2065.86,2179.87,2042.13" sx="M,M,M,M"/><TAIKYOKU oya="0"/><INIT seed="0,0,0,2,3,126" ten="250,250,250,250" oya="0" hai0="34,45,23,7,124,26,131,42,9,102,20,0,128" hai1="90,51,119,127,71,91,30,69,39,57,117,100,41" hai2="115,22,25,28,64,112,94,66,68,88,123,50,135" hai3="33,2,74,58,106,36,54,35,110,15,85,76,133"/><T31/><D102/><U59/><E30/><V47/><F135/><W79/><G2/><T72/><D72/><U95/><E127/><V111/><F123/><W17/><G74/><T84/><D84/><U104/><E104/><V75/><F75/><W37/><G106/><T38/><D124/><U87/><E100/><V103/><F111/><W108/><G133/><T121/><D121/><U40/><E39/><V19/><F103/><W29/><G29/><T92/><D92/><U24/><E24/><V46/><F46/><W132/><G132/><T125/><D125/><U78/><E78/><V56/><F68/><W134/><G134/><T16/><REACH who="0" step="1"/><D23/><REACH who="0" ten="240,250,250,250" step="2"/><U122/><E122/><V12/><F115/><W77/><G85/><T97/><D97/><U99/><E99/><V32/><F112/><W11/><G35/><T43/><D43/><U61/><E87/><V55/><F47/><W120/><G33/><T98/><D98/><AGARI ba="0,1" hai="12,19,22,25,28,32,50,55,56,64,66,88,94,98" machi="98" ten="30,2000,0" yaku="7,1,54,1" doraHai="126" who="2" fromWho="0" sc="240,-20,250,0,250,30,250,0" /><INIT seed="1,0,0,5,5,99" ten="220,250,280,250" oya="1" hai0="32,5,0,72,20,44,135,75,115,69,59,61,9" hai1="1,41,131,48,16,14,126,67,52,33,66,11,36" hai2="92,93,70,130,7,46,73,111,64,123,83,8,24" hai3="23,29,82,107,76,85,49,120,57,78,104,88,97"/><U19/><E131/><V31/><F123/><W77/><G120/><T71/><D115/><U116/><E116/><V96/><F130/><W108/><G108/><T68/><D32/><U30/><E126/><V100/><F111/><W101/><G107/><T106/><D135/><U102/><E1/><V79/><F70/><W54/><REACH who="3" step="1"/><G77/><REACH who="3" ten="220,250,280,240" step="2"/><T62/><D106/><U15/><E36/><V37/><F37/><W25/><AGARI ba="0,1" hai="23,25,29,49,54,57,76,78,82,85,88,97,101,104" machi="25" ten="30,8000,1" yaku="1,1,2,1,0,1,52,1,54,1,53,0" doraHai="99" doraHaiUra="105" who="3" fromWho="3" sc="220,-20,250,-40,280,-20,240,90" /><INIT seed="2,0,0,0,0,63" ten="200,210,260,330" oya="2" hai0="99,61,114,38,26,27,105,29,59,67,1,49,132" hai1="100,84,93,18,31,95,131,19,57,35,46,112,22" hai2="116,17,43,122,92,124,14,60,68,97,40,104,123" hai3="58,71,103,30,11,110,78,48,86,42,5,6,87"/><V82/><F116/><W119/><G119/><T88/><D114/><U111/><E112/><V2/><F2/><W72/><G71/><T106/><D38/><U90/><E111/><V50/><F124/><W83/><G110/><T65/><D1/><U4/><E131/><V28/><F104/><W37/><G37/><T126/><D126/><U128/><E128/><V33/><F82/><W34/><G103/><T125/><D125/><U94/><E4/><V62/><F28/><W32/><G5/><T91/><D132/><U47/><E35/><V101/><F33/><W134/><G134/><T25/><D29/><U53/><E100/><V113/><F62/><W15/><G42/><T56/><D67/><U98/><E31/><V52/><F113/><W130/><G130/><T24/><N who="0" m="6144" /><DORA hai="3" /><T9/><D9/><U10/><E10/><V66/><F123/><W89/><G30/><T69/><D69/><U44/><E98/><V13/><F122/><W115/><G115/><T0/><D0/><U21/><E21/><V120/><F120/><W96/><G96/><T80/><D80/><U20/><E20/><V77/><F77/><W36/><G36/><T107/><REACH who="0" step="1"/><D99/><REACH who="0" ten="190,210,260,330" step="2"/><U133/><E133/><V81/><F81/><W8/><G8/><T117/><D117/><U127/><E127/><V54/><F14/><W79/><G34/><T7/><D7/><U118/><E118/><V41/><REACH who="2" step="1"/><F50/><REACH who="2" ten="190,210,250,330" step="2"/><W45/><G32/><T55/><AGARI ba="0,2" hai="49,55,56,59,61,65,88,91,105,106,107" m="6144" machi="55" ten="50,8000,1" yaku="1,1,0,1,52,1,54,1,53,0" doraHai="63,3" doraHaiUra="70,12" who="0" fromWho="0" sc="190,100,210,-20,250,-40,330,-20" /><INIT seed="3,0,0,5,1,68" ten="290,190,210,310" oya="3" hai0="41,135,86,61,56,17,57,117,85,131,20,43,73" hai1="30,114,16,115,22,126,42,28,124,58,35,3,6" hai2="72,96,105,51,48,97,108,64,81,79,26,39,46" hai3="9,90,128,34,59,2,53,70,5,1,101,23,123"/><W21/><G123/><T63/><D73/><U37/><E58/><V80/><F64/><W11/><G70/><T69/><D117/><U95/><E95/><V119/><F119/><W66/><G34/><T8/><D69/><U65/><E65/><V93/><F108/><W111/><G66/><N who="0" m="39207" /><D8/><N who="1" m="2143" /><E42/><N who="0" m="15881" /><D135/><U120/><E37/><V75/><F105/><W60/><G111/><T7/><D7/><U127/><E120/><V55/><F26/><W54/><G101/><T83/><D131/><U18/><E35/><V109/><F93/><W31/><G128/><T82/><D82/><U116/><E116/><V121/><F109/><W47/><G90/><T110/><D83/><U67/><E67/><V14/><F14/><W102/><G102/><T33/><D33/><U77/><E77/><V27/><F27/><W99/><G99/><T62/><D110/><U89/><E89/><V129/><F129/><W92/><G92/><T76/><D76/><U133/><E133/><V71/><F71/><W32/><G32/><T107/><D107/><U98/><E98/><V134/><F134/><W130/><G130/><T78/><D78/><U104/><E104/><V24/><F24/><W50/><G1/><T10/><D85/><U29/><E22/><V0/><F0/><W100/><G21/><T25/><D86/><U94/><E94/><V45/><F79/><W132/><G2/><T112/><D57/><U4/><E4/><V44/><F121/><W118/><G5/><T19/><D112/><AGARI ba="0,0" hai="16,18,28,29,30,112,114,115,124,126,127" m="2143" machi="112" ten="40,8000,1" yaku="18,1,34,2,54,1" doraHai="68" who="1" fromWho="0" sc="290,-80,190,80,210,0,310,0" /><INIT seed="4,0,0,0,0,100" ten="210,270,210,310" oya="0" hai0="72,126,109,69,53,37,29,80,16,13,106,130,38" hai1="55,101,56,67,10,114,77,64,8,96,27,73,134" hai2="75,83,48,58,125,111,86,6,88,78,122,49,25" hai3="35,65,41,124,89,129,43,74,93,102,61,128,28"/><T23/><D106/><U17/><E134/><V99/><F122/><W87/><G74/><T15/><D69/><U90/><E90/><V21/><F111/><W85/><G124/><T132/><D126/><U60/><E114/><V105/><F125/><W44/><G102/><T42/><D109/><U62/><E77/><V46/><F6/><W94/><G44/><T18/><D132/><U26/><E73/><V110/><F110/><W107/><G107/><T131/><D29/><U70/><E55/><V9/><F9/><W1/><G1/><T81/><D53/><U82/><E82/><N who="0" m="31849" /><D72/><U52/><E64/><V31/><F58/><N who="3" m="37047" /><G93/><T51/><D51/><U104/><REACH who="1" step="1"/><E27/><REACH who="1" ten="210,260,210,310" step="2"/><V92/><F46/><W119/><G89/><T133/><D133/><U95/><E95/><V103/><AGARI ba="0,1" hai="21,25,31,48,49,75,78,83,86,88,92,99,103,105" machi="103" ten="30,8000,1" yaku="0,1,24,2,52,1,54,1" doraHai="100" who="2" fromWho="2" sc="210,-40,260,-20,210,90,310,-20" /><INIT seed="5,0,0,2,0,32" ten="170,240,300,290" oya="1" hai0="38,57,47,77,85,125,61,31,20,108,75,131,86" hai1="129,116,69,15,112,115,93,9,12,34,24,99,44" hai2="41,65,126,11,132,102,89,113,62,23,123,135,94" hai3="2,82,128,120,43,91,29,68,64,17,3,36,26"/><U97/><E69/><V46/><F123/><W95/><G120/><T42/><D108/><U84/><E116/><V27/><F126/><W109/><G109/><T37/><D37/><U124/><E124/><V48/><F102/><W1/><G128/><T40/><D40/><U8/><E129/><V101/><F101/><W39/><G43/><T66/><D131/><U79/><E44/><V96/><F11/><W71/><G17/><T22/><D125/><U106/><E106/><V105/><F105/><W54/><G54/><T63/><D75/><U90/><E34/><V130/><F130/><W58/><G58/><T7/><D7/><N who="1" m="3103" /><E24/><V110/><F110/><W103/><G103/><T114/><D114/><N who="1" m="43563" /><E79/><V78/><F78/><W72/><G72/><T28/><D77/><U127/><E127/><V60/><F113/><W25/><G25/><T133/><D133/><N who="2" m="51274" /><F65/><W122/><G64/><T117/><D117/><U5/><AGARI ba="0,0" hai="5,9,15,84,90,93,97,99" m="43563,3103" machi="5" ten="30,1500,0" yaku="15,1" doraHai="32" who="1" fromWho="1" sc="170,-5,240,15,300,-5,290,-5" /><INIT seed="5,1,0,5,2,104" ten="165,255,295,285" oya="1" hai0="21,117,57,101,111,12,113,118,125,129,34,51,133" hai1="15,87,131,36,24,120,100,130,89,122,112,49,27" hai2="134,30,91,71,37,135,96,82,52,93,65,105,18" hai3="9,8,98,127,64,54,121,13,42,7,69,86,85"/><U99/><E36/><V68/><F37/><W23/><G121/><T41/><D101/><U108/><E49/><V39/><F39/><W109/><G109/><T58/><D34/><U17/><E108/><V80/><F105/><W14/><G42/><T22/><D111/><U33/><E112/><V45/><F30/><W6/><G127/><T16/><D125/><U103/><E87/><V38/><F18/><W61/><G23/><T43/><D113/><U74/><E89/><V70/><F65/><W35/><G35/><T5/><D133/><N who="2" m="50698" /><F52/><W90/><G54/><T20/><D129/><N who="1" m="49163" /><E100/><V19/><F19/><W40/><G40/><AGARI ba="1,0" hai="38,40,45,68,70,71,80,82,91,93,96" m="50698" machi="40" ten="40,1300,0" yaku="20,1" doraHai="104" who="2" fromWho="3" sc="165,0,255,0,295,16,285,-16" /><INIT seed="6,0,0,0,3,133" ten="165,255,311,269" oya="2" hai0="59,116,39,118,78,24,102,28,111,126,99,74,16" hai1="95,120,11,53,58,51,131,112,119,6,98,20,132" hai2="91,94,26,55,49,130,42,23,21,87,15,48,3" hai3="50,47,7,34,105,61,114,17,103,29,69,56,121"/><V33/><F3/><W108/><G121/><T57/><D39/><U89/><E119/><N who="0" m="45609" /><D111/><U76/><E112/><V124/><F130/><W109/><G69/><T67/><D78/><U75/><E131/><V2/><F2/><W122/><G122/><T93/><D74/><U35/><E132/><V52/><F33/><W97/><G114/><T66/><D28/><U127/><E35/><V134/><F134/><W117/><G117/><T44/><D44/><U115/><E115/><V19/><F42/><W9/><G17/><T5/><D5/><U36/><E36/><V104/><F104/><W90/><G90/><T13/><D24/><U31/><E120/><V83/><F49/><W70/><G70/><T64/><D126/><U37/><E37/><V106/><F124/><W71/><G71/><T38/><D38/><U18/><E31/><V85/><F106/><W12/><G29/><T22/><AGARI ba="0,0" hai="13,16,22,57,59,64,66,67,93,99,102" m="45609" machi="22" ten="30,2000,0" yaku="12,1,54,1" doraHai="133" who="0" fromWho="0" sc="165,20,255,-5,311,-10,269,-5" /><INIT seed="7,0,0,5,1,45" ten="185,250,301,264" oya="3" hai0="60,124,86,85,68,13,27,74,80,94,64,46,8" hai1="35,38,61,23,125,120,75,76,108,122,19,84,67" hai2="34,126,102,11,50,104,15,56,89,44,130,88,129" hai3="132,119,70,55,98,97,96,57,65,25,90,66,33"/><W106/><G119/><T101/><D124/><U73/><E108/><V117/><F34/><W18/><G70/><T131/><D131/><N who="2" m="50186" /><F117/><W71/><G71/><T100/><D74/><U41/><E35/><V0/><F0/><W121/><G121/><T99/><D101/><U53/><E53/><N who="2" m="29895" /><F126/><W111/><G106/><T20/><D80/><U21/><E38/><V91/><F56/><W107/><G107/><T51/><D13/><U37/><E37/><V14/><F11/><W135/><G111/><T16/><REACH who="0" step="1"/><D8/><REACH who="0" ten="175,250,301,264" step="2"/><U110/><E75/><V103/><F104/><W127/><G127/><T6/><D6/><U30/><E73/><V92/><F92/><W12/><G12/><AGARI ba="0,1" hai="12,14,15,88,89,91,102,103" m="29895,50186" machi="12" ten="30,3900,0" yaku="19,1,52,1,54,1" doraHai="45" who="2" fromWho="3" sc="175,0,250,0,301,49,264,-39" owari="175,-32.0,250,5.0,350,44.0,225,-17.0" /></mjloggm>