<mjloggm ver="2.3"><GO type="41"/><UN n0="%EF%BC%88%E2%89%A7%E2%96%BD%E2%89%A6%EF%BC%89" n1="%7A%69%69%6E%6B" n2="%E2%96%A0%E2%96%A0%E2%96%A0" n3="%E3%82%AB%E3%83%8B%E3%83%99%E3%83%BC%E3%82%B9" dan="14,14,14,14" rate="2046,1913,1888,1951" sx="M,M,M,M"/><TAIKYOKU oya="0"/><INIT seed="0,0,0,4,5,96" ten="250,250,250,250" oya="0" hai0="120,4,67,79,117,3,113,48,126,131,76,115,31" hai1="114,30,35,65,121,100,112,22,14,61,71,62,64" hai2="13,49,107,92,97,81,6,123,58,134,135,37,5" hai3="42,19,59,47,73,52,45,106,104,83,132,54,94"/><T56/><D31/><U87/><E121/><V78/><F37/><W33/><G33/><T43/><D4/><U29/><E35/><V116/><F107/><W7/><G7/><T24/><D24/><U10/><E87/><V38/><F123/><W28/><G28/><T108/><D3/><U2/><E2/><V51/><F38/><W124/><G124/><T44/><D79/><U129/><E129/><V69/><F69/><W95/><G132/><N who="2" m="50729" /><F116/><W130/><G130/><T85/><D85/><U101/><E22/><V39/><F39/><W128/><G128/><T16/><D76/><U46/><E46/><V74/><F58/><W91/><G19/><T105/><D16/><U23/><E23/><V89/><F6/><W119/><G119/><T122/><D105/><U84/><E84/><V60/><F60/><W55/><G59/><T21/><D21/><U18/><E29/><V25/><F25/><W99/><G106/><T11/><D131/><U27/><E27/><V118/><F118/><W26/><G104/><T88/><D117/><U103/><E30/><V32/><F32/><W66/><G26/><T50/><D126/><U102/><N who="1" m="26112" /><DORA hai="9" /><U75/><REACH who="1" step="1"/><E75/><REACH who="1" step="2"/><V77/><F74/><W98/><G73/><T36/><D122/><U8/><E8/><N who="2" m="4239" /><F81/><W127/><G83/><T86/><D120/><U53/><E53/><V70/><F78/><W133/><G127/><T1/><D44/><U111/><E111/><V41/><F77/><W17/><G133/><T93/><D108/><U40/><E40/><V90/><F41/><W110/><G110/><T57/><D43/><RYUUKYOKU ba="0,1" sc="250,-10,240,30,250,-10,250,-10" hai1="10,14,18,61,62,64,65,71,112,114" /><INIT seed="1,1,1,4,4,21" ten="240,270,240,240" oya="1" hai0="48,53,62,17,129,130,76,58,12,127,117,36,89" hai1="66,67,38,14,78,108,122,42,107,74,31,119,135" hai2="118,113,50,3,15,104,102,28,69,39,9,18,68" hai3="82,87,88,70,121,49,79,103,47,80,63,10,33"/><U52/><E119/><V51/><F39/><W110/><G121/><T23/><D36/><U84/><E122/><V115/><F118/><W54/><G110/><T75/><D117/><U25/><E107/><V134/><F102/><W61/><G103/><T85/><D127/><U60/><E74/><V7/><F104/><W6/><G33/><T98/><D98/><U27/><E108/><V4/><F134/><W0/><REACH who="3" step="1"/><G70/><REACH who="3" step="2"/><T46/><D130/><U20/><E135/><V109/><F69/><W32/><G32/><T26/><D129/><U19/><E38/><V41/><F68/><W97/><G97/><T105/><D105/><U83/><E42/><V111/><F109/><W30/><G30/><T94/><D75/><AGARI ba="1,2" hai="0,6,10,47,49,54,61,63,75,79,80,82,87,88" machi="75" ten="30,7700,0" yaku="1,1,7,1,54,1,53,1" doraHai="21" doraHaiUra="34" who="3" fromWho="0" sc="240,-80,270,0,240,0,230,100" /><INIT seed="2,0,0,4,0,84" ten="160,270,240,330" oya="2" hai0="33,77,25,68,29,92,27,99,118,111,103,90,88" hai1="119,10,113,73,74,30,83,115,124,2,64,70,128" hai2="67,35,114,0,23,55,100,18,15,134,41,82,106" hai3="97,51,102,39,19,112,101,32,31,53,85,22,135"/><V58/><F67/><W75/><G39/><T47/><D68/><U45/><E119/><V43/><F114/><W36/><G112/><T108/><D118/><U42/><E83/><V59/><F59/><W109/><G75/><T50/><D25/><U7/><E124/><V80/><F134/><W105/><G36/><T87/><D77/><U62/><E128/><V38/><F35/><W17/><G135/><T95/><REACH who="0" step="1"/><D103/><REACH who="0" step="2"/><U121/><E121/><V107/><F100/><W60/><G102/><T91/><D91/><U98/><E113/><V72/><F38/><W1/><G101/><T127/><D127/><U133/><E115/><V4/><F106/><W40/><G105/><T117/><D117/><U12/><E133/><V122/><F107/><W126/><G126/><T9/><D9/><U78/><E73/><V26/><F72/><W131/><G131/><T120/><D120/><U125/><E125/><V69/><F122/><W3/><G32/><T71/><D71/><U13/><E74/><V48/><F69/><W24/><G24/><T93/><D93/><U130/><E78/><V116/><F116/><W46/><G1/><T76/><D76/><U20/><E130/><V5/><F0/><W123/><G123/><T61/><D61/><U56/><E70/><V8/><F4/><W132/><G3/><T86/><D86/><U52/><E98/><V104/><F104/><W54/><G97/><T129/><D129/><U49/><E2/><V79/><F79/><W57/><G85/><T6/><D6/><U81/><E81/><AGARI ba="0,1" hai="5,8,15,18,23,26,41,43,48,55,58,80,81,82" machi="81" ten="40,2000,0" yaku="8,1" doraHai="84" who="2" fromWho="1" sc="150,0,270,-20,240,30,330,0" /><INIT seed="2,1,0,3,5,10" ten="150,250,270,330" oya="2" hai0="116,126,20,96,36,122,128,90,87,41,103,81,47" hai1="38,123,114,13,15,83,131,66,78,18,101,120,25" hai2="42,132,59,32,3,31,98,91,74,55,71,110,73" hai3="125,67,2,58,76,118,105,4,34,102,84,130,61"/><V39/><F71/><W99/><G118/><T40/><D116/><U27/><E38/><V35/><F3/><W54/><G34/><T100/><D122/><N who="1" m="46635" /><E114/><V1/><F1/><W29/><G125/><T107/><D126/><U109/><E109/><V16/><F110/><W6/><G29/><T95/><D128/><U57/><E131/><V22/><F132/><W30/><G130/><T0/><D0/><U94/><E66/><V86/><F42/><W48/><G30/><T51/><D36/><U70/><E70/><V17/><F17/><W115/><G115/><T133/><D133/><U117/><E117/><V121/><F98/><W11/><G4/><T14/><D107/><U9/><E57/><V129/><F39/><W88/><G76/><T50/><D103/><U65/><E65/><V85/><F85/><W43/><G43/><N who="0" m="16459" /><D47/><U21/><E94/><N who="2" m="54647" /><F129/><W23/><G23/><T75/><D75/><N who="2" m="28682" /><F31/><W7/><G7/><T97/><D97/><U19/><E101/><V64/><F64/><W111/><G111/><T26/><D100/><U33/><E33/><V53/><F53/><W63/><G67/><T52/><D96/><U56/><E56/><V127/><F127/><W60/><G60/><T119/><D119/><U79/><E79/><V45/><F121/><W135/><G135/><T93/><D93/><AGARI ba="1,0" hai="2,6,11,48,54,58,61,63,84,88,93,99,102,105" machi="93" ten="30,2000,0" yaku="7,1,54,1" doraHai="10" who="3" fromWho="0" sc="150,-23,250,0,270,0,330,23" /><INIT seed="3,0,0,5,0,66" ten="127,250,270,353" oya="3" hai0="134,39,123,118,129,132,116,76,12,32,58,126,52" hai1="117,124,2,121,95,99,85,19,33,16,14,88,122" hai2="87,105,109,120,7,27,11,71,115,56,61,128,37" hai3="70,101,50,72,112,68,3,69,74,53,25,34,9"/><W79/><G112/><T54/><D32/><U131/><E124/><V82/><F115/><W4/><G101/><T97/><D76/><U133/><E131/><V10/><F109/><W75/><G34/><T83/><D83/><U55/><E133/><N who="0" m="51305" /><D97/><U51/><E117/><N who="0" m="45161" /><D12/><U102/><E19/><V63/><F71/><W113/><G113/><T91/><D91/><U17/><E2/><V49/><F63/><W38/><G38/><T40/><D123/><U107/><E17/><V77/><F49/><W98/><G98/><T119/><N who="0" m="45169" /><T48/><DORA hai="94" /><D126/><U78/><E78/><V47/><F37/><W60/><G25/><T5/><D5/><U6/><E6/><V125/><F47/><W59/><REACH who="3" step="1"/><G79/><REACH who="3" step="2"/><T46/><D129/><U13/><E33/><V21/><F128/><W100/><G100/><T23/><D23/><N who="1" m="11663" /><E14/><V31/><F125/><W114/><G114/><T130/><D130/><U18/><E18/><V1/><F120/><W104/><G104/><T8/><D8/><U43/><E43/><V28/><F105/><W73/><N who="3" m="18944" /><DORA hai="89" /><W110/><G110/><T62/><D39/><U80/><E80/><V41/><F41/><AGARI ba="0,1" hai="40,41,46,48,52,54,58,62" m="45169,51305" machi="41" ten="50,8000,1" yaku="20,1,34,2,54,1" doraHai="66,94,89" who="0" fromWho="2" sc="127,90,250,0,270,-80,343,0" /><INIT seed="4,0,0,2,2,80" ten="217,250,190,343" oya="0" hai0="100,127,14,84,101,108,98,128,63,51,117,92,135" hai1="44,90,17,121,0,4,99,62,69,134,122,13,106" hai2="72,59,91,58,48,37,110,133,27,77,111,120,38" hai3="11,19,74,35,39,115,61,129,94,112,104,42,46"/><T6/><D117/><U12/><E134/><V52/><F77/><W22/><G104/><T15/><D135/><U33/><E33/><V34/><F72/><W95/><G35/><T28/><D128/><U103/><E0/><V41/><F120/><W49/><G74/><T124/><D108/><U107/><E107/><V71/><F133/><W8/><G129/><T89/><D28/><U81/><E44/><N who="2" m="25615" /><F27/><W50/><G61/><T78/><D63/><U18/><E4/><V43/><F91/><W70/><G70/><T130/><D130/><U29/><E29/><V68/><F34/><W116/><G116/><T60/><D60/><U2/><E2/><V79/><F79/><W47/><G39/><N who="2" m="14857" /><F43/><W31/><G31/><T32/><D32/><U23/><E81/><V118/><F118/><W57/><G8/><N who="0" m="4375" /><D15/><U85/><E121/><V1/><F1/><W40/><G11/><T123/><D123/><U125/><E122/><V54/><F111/><W36/><G36/><T87/><D78/><U119/><E119/><V126/><F126/><N who="0" m="48170" /><D51/><U93/><E62/><N who="2" m="36167" /><F110/><W97/><G19/><T64/><D89/><U9/><E125/><V83/><F83/><W24/><G42/><T76/><D101/><U10/><E23/><V55/><F55/><W45/><G22/><T3/><D3/><U66/><E69/><V88/><F88/><W16/><G40/><T86/><D76/><U102/><E102/><V26/><F26/><W56/><G24/><T30/><D30/><U132/><E132/><V75/><F75/><W21/><G21/><T131/><D131/><U113/><E106/><RYUUKYOKU ba="0,0" sc="217,15,250,-15,190,15,343,-15" hai0="64,84,86,87,92,98,100" hai2="54,59,68,71" /><INIT seed="4,1,0,3,5,25" ten="232,235,205,328" oya="0" hai0="117,107,15,49,71,112,23,115,134,69,103,11,35" hai1="62,56,21,32,95,52,121,128,91,111,127,114,85" hai2="40,96,118,83,30,12,72,79,28,99,45,84,82" hai3="65,10,120,94,3,126,1,135,80,73,86,38,63"/><T16/><D117/><U41/><E111/><V92/><F118/><W90/><G38/><T129/><D129/><U66/><E128/><V26/><F26/><W5/><G126/><T47/><D134/><U68/><E127/><V122/><F122/><W14/><G135/><T50/><D35/><U77/><E121/><V75/><F75/><W53/><G120/><T6/><D103/><U43/><E32/><V42/><F12/><W110/><G53/><T24/><D107/><U2/><E2/><V93/><F93/><W101/><G110/><T64/><D49/><U20/><E114/><N who="0" m="43561" /><D64/><U13/><E77/><V70/><F70/><W106/><G106/><T125/><D125/><U130/><E21/><V55/><F55/><AGARI ba="1,0" hai="6,11,15,16,23,24,47,50,55,69,71" m="43561" machi="55" ten="30,2900,0" yaku="15,1,54,1" doraHai="25" who="0" fromWho="2" sc="232,32,235,0,205,-32,328,0" /><INIT seed="4,2,0,0,4,39" ten="264,235,173,328" oya="0" hai0="98,67,85,64,115,3,9,20,74,89,55,88,43" hai1="112,12,6,93,69,4,38,66,90,114,8,70,102" hai2="86,28,30,37,57,63,34,25,35,27,10,124,44" hai3="24,113,128,104,99,101,91,116,31,59,127,123,61"/><T62/><D74/><U14/><E38/><V49/><F37/><W110/><G116/><T68/><D115/><N who="1" m="44075" /><E102/><V100/><F124/><W52/><G113/><T11/><D3/><U45/><E45/><V77/><F100/><W105/><G110/><T50/><D20/><U16/><E6/><V1/><F10/><W32/><G127/><T72/><D72/><U80/><E80/><V13/><F13/><W106/><G128/><T23/><D23/><N who="1" m="11655" /><E66/><V103/><F103/><W2/><G2/><T56/><D67/><U54/><E54/><V29/><F1/><W96/><G123/><T33/><D33/><U53/><E53/><V111/><F111/><W107/><REACH who="3" step="1"/><G91/><REACH who="3" step="2"/><T75/><D89/><U26/><E26/><V131/><F131/><W122/><G122/><T84/><D88/><U119/><E119/><V83/><F35/><W79/><G79/><T15/><D75/><U76/><E76/><V21/><F34/><W51/><G51/><T7/><D50/><U78/><E78/><V120/><F120/><W58/><G58/><T92/><D56/><U133/><E133/><V71/><F71/><W5/><G5/><T42/><D7/><U118/><E118/><V36/><F36/><W41/><G41/><T73/><D43/><U17/><E4/><V130/><F130/><W82/><G82/><T18/><D42/><U0/><E0/><V135/><F135/><W125/><G125/><T109/><D68/><U48/><E48/><V65/><REACH who="2" step="1"/><F27/><REACH who="2" step="2"/><W126/><G126/><T46/><D109/><U132/><E132/><V47/><F47/><W97/><AGARI ba="2,2" hai="24,31,32,52,59,61,96,97,99,101,104,105,106,107" machi="97" ten="40,8000,1" yaku="1,1,5,1,0,1,54,1,53,0" doraHai="39" doraHaiUra="60" who="3" fromWho="3" sc="264,-42,235,-22,163,-22,318,106" /><INIT seed="5,0,0,4,2,102" ten="222,213,141,424" oya="1" hai0="112,64,42,29,38,82,94,106,26,54,76,3,59" hai1="5,109,4,72,128,132,73,125,27,31,51,52,114" hai2="48,10,135,39,103,113,93,37,97,13,83,134,56" hai3="7,62,121,126,60,68,15,78,12,33,25,63,81"/><U79/><E109/><V6/><F113/><W67/><G121/><T47/><D3/><U9/><E114/><V41/><F83/><W50/><G126/><T80/><D112/><U127/><E5/><V22/><F22/><W44/><G7/><T61/><D106/><U58/><E79/><V2/><F2/><W55/><G33/><T75/><D94/><U118/><E118/><V71/><F71/><W17/><G25/><T88/><D80/><U20/><E128/><V92/><F92/><W107/><G107/><T57/><D88/><U117/><E117/><V19/><F19/><W8/><G15/><T1/><D1/><U16/><E132/><V89/><F103/><W101/><G101/><T108/><D108/><U98/><E98/><V36/><F56/><W18/><G18/><T84/><D75/><AGARI ba="0,0" hai="8,12,17,44,50,55,60,62,63,67,68,75,78,81" machi="75" ten="30,1000,0" yaku="7,1" doraHai="102" who="3" fromWho="0" sc="222,-10,213,0,141,0,424,10" /><INIT seed="6,0,0,1,5,77" ten="212,213,141,434" oya="2" hai0="7,130,73,75,98,80,57,120,32,111,127,54,122" hai1="48,43,72,121,103,38,29,18,107,55,42,116,25" hai2="3,61,126,36,9,30,117,68,13,21,58,87,96" hai3="92,125,23,34,65,12,52,90,129,132,1,41,14"/><V24/><F117/><W118/><G34/><T104/><D32/><U114/><E116/><V53/><F126/><W17/><G118/><T134/><D111/><U28/><E72/><V0/><F68/><W56/><G1/><T97/><D127/><U109/><E109/><V105/><F36/><W119/><G119/><T85/><D134/><U113/><E121/><V33/><F33/><W89/><G125/><T79/><D130/><U31/><E103/><V76/><F105/><W5/><G65/><T128/><D128/><U64/><E64/><V100/><F96/><N who="0" m="36970" /><D57/><U26/><E107/><V20/><F20/><W44/><G132/><T4/><D54/><U15/><E38/><V10/><F10/><W37/><G129/><T6/><D6/><U69/><E69/><V106/><F100/><W8/><G90/><T60/><D60/><U11/><E48/><V124/><F106/><W63/><G89/><T86/><D4/><U16/><E55/><V59/><F124/><W99/><G99/><T94/><D7/><U2/><E2/><V50/><F87/><W135/><G135/><T19/><D19/><N who="1" m="7211" /><E15/><V112/><F76/><W22/><G92/><T84/><D104/><U108/><E11/><AGARI ba="0,0" hai="5,8,11,12,14,17,22,23,37,41,44,52,56,63" machi="11" ten="30,2000,0" yaku="7,1,54,1" doraHai="77" who="3" fromWho="1" sc="212,0,213,-20,141,0,434,20" /><INIT seed="7,0,0,2,3,71" ten="212,193,141,454" oya="3" hai0="72,33,37,109,83,66,135,34,47,23,13,50,42" hai1="76,120,38,67,20,63,93,84,11,119,105,128,134" hai2="73,48,125,52,0,82,129,75,9,130,117,89,81" hai3="28,122,95,111,51,22,62,57,124,44,106,99,94"/><W108/><G122/><T29/><D109/><N who="3" m="42057" /><G124/><T45/><D135/><U14/><E120/><V115/><F0/><W112/><G112/><T36/><D66/><U25/><E134/><V8/><F115/><W102/><G28/><T87/><D72/><U70/><E105/><V54/><F48/><W68/><G68/><T59/><D59/><U103/><E119/><V77/><F77/><W41/><G22/><T127/><D127/><U110/><E110/><V24/><F24/><W74/><G74/><T88/><D36/><U121/><E121/><V10/><F125/><W2/><G2/><T64/><D64/><AGARI ba="0,0" hai="41,44,51,57,62,64,94,95,99,102,106" m="42057" machi="64" ten="30,1500,0" yaku="10,1" doraHai="71" who="3" fromWho="0" sc="212,-15,193,0,141,0,454,15" owari="197,0.0,193,-21.0,141,-36.0,469,57.0" /></mjloggm>