<mjloggm ver="2.3"><GO type="41"/><UN n0="%E3%82%8A%E3%82%88%E3%81%9F%E3%82%93" n1="%E3%82%B7%E3%83%9F%E3%83%AA%E3%82%B9%E2%98%85" n2="%E5%BE%8B%E5%AD%90%50" n3="%E3%82%A6%E3%83%AB%E3%83%88%E3%83%A9%E7%AB%8B%E7%9B%B4" dan="15,13,15,15" rate="2009,1973,2010,2001" sx="M,F,F,M"/><TAIKYOKU oya="0"/><INIT seed="0,0,0,0,5,133" ten="250,250,250,250" oya="0" hai0="43,81,90,121,95,79,17,118,124,84,75,22,101" hai1="96,53,108,57,44,46,67,56,8,80,109,73,61" hai2="33,106,126,52,76,123,58,116,94,98,111,119,131" hai3="107,49,62,115,24,7,26,65,39,132,38,128,60"/><T71/><D121/><U72/><E8/><V19/><F123/><W12/><G115/><T34/><D118/><N who="2" m="45098" /><F33/><W92/><G107/><T104/><D34/><U18/><E18/><V40/><F40/><W13/><G132/><T129/><D129/><U11/><E11/><V110/><F76/><W4/><G92/><T27/><D43/><U117/><E96/><V100/><F131/><W112/><G112/><T37/><D37/><U87/><E117/><V66/><F66/><W14/><G128/><T78/><D78/><U41/><E73/><V10/><F106/><W99/><G65/><T21/><D21/><U120/><E72/><V114/><F114/><W105/><G105/><T31/><D71/><U63/><E120/><V30/><F30/><W74/><G74/><T130/><D130/><U97/><E97/><V28/><F28/><W91/><G99/><N who="0" m="61503" /><D31/><U51/><E87/><V45/><F45/><W50/><REACH who="3" step="1"/><G14/><REACH who="3" ten="250,250,250,240" step="2"/><T135/><D135/><U127/><E80/><V48/><F94/><W20/><G20/><T134/><D134/><U103/><E103/><V9/><F100/><W1/><G1/><T35/><D35/><U32/><E32/><V113/><F113/><W5/><G5/><T64/><D64/><U23/><E23/><V83/><F83/><W25/><G25/><T36/><D36/><U47/><REACH who="1" step="1"/><E127/><AGARI ba="0,1" hai="17,22,27,75,79,81,84,90,95,124,127" m="61503" machi="127" ten="30,5800,0" yaku="24,1,52,2" doraHai="133" who="0" fromWho="1" sc="250,68,250,-58,250,0,240,0" /><INIT seed="0,1,0,4,0,48" ten="318,192,250,240" oya="0" hai0="73,124,100,123,60,14,69,20,2,86,67,95,25" hai1="77,125,37,41,54,53,32,87,105,45,99,10,127" hai2="26,89,18,33,47,46,118,120,34,97,88,128,90" hai3="81,65,6,83,129,115,117,7,43,110,52,133,8"/><T1/><D123/><U78/><E32/><V3/><F120/><W13/><G117/><T11/><D73/><U9/><E105/><V39/><F3/><W107/><G107/><T71/><D71/><U116/><E116/><V76/><F118/><W108/><G115/><T85/><D124/><N who="1" m="47691" /><E99/><V5/><F5/><W55/><G129/><T68/><D68/><U36/><E36/><V119/><F76/><N who="1" m="29289" /><E87/><V51/><F97/><W94/><G133/><T35/><D35/><U130/><E130/><V92/><F128/><W38/><G65/><T80/><D86/><U75/><E75/><V109/><F92/><W17/><G94/><T4/><D95/><U62/><E62/><V29/><F33/><W21/><G83/><T28/><D100/><U96/><E96/><V16/><F119/><W135/><G135/><T49/><D80/><U113/><E113/><V79/><F79/><W61/><G81/><T122/><D85/><U101/><E101/><V91/><N who="2" m="22528" /><DORA hai="27" /><V121/><F121/><W57/><G7/><T0/><D122/><U40/><E40/><V63/><F63/><W56/><G43/><T102/><D102/><U31/><E31/><V24/><F39/><W19/><G38/><T23/><D60/><U30/><E30/><V134/><F134/><W132/><G132/><T112/><D28/><U50/><E37/><V64/><F29/><W111/><G21/><T126/><D23/><U74/><E74/><V12/><F34/><W104/><G104/><T98/><D126/><U70/><E70/><V15/><F51/><AGARI ba="1,0" hai="6,8,13,17,19,51,52,55,56,57,61,108,110,111" machi="51" ten="40,8000,1" yaku="14,1,52,2,54,1" doraHai="48,27" who="3" fromWho="2" sc="318,0,192,0,250,-83,240,83" /><INIT seed="1,0,0,1,0,118" ten="318,192,167,323" oya="1" hai0="91,47,58,87,11,56,82,128,55,104,17,43,74" hai1="131,61,0,70,125,1,65,103,51,123,80,113,81" hai2="98,95,133,16,119,36,99,28,57,89,15,120,75" hai3="22,83,72,67,78,44,105,35,102,52,20,129,84"/><U26/><E113/><V7/><F119/><W32/><G129/><T68/><D128/><U21/><E131/><V101/><F75/><W42/><G67/><T18/><D68/><U66/><E103/><V19/><F36/><W27/><G22/><T24/><D104/><U9/><E125/><V31/><F133/><W62/><G102/><T6/><D74/><U60/><E51/><V2/><F2/><W25/><G105/><T40/><D40/><U71/><E9/><V50/><F120/><W63/><G72/><T117/><D117/><U86/><E123/><V92/><F7/><W14/><G14/><T38/><D24/><U97/><E97/><V126/><F126/><W69/><G69/><T37/><D37/><U108/><E108/><V112/><F112/><W8/><G8/><T34/><D34/><U53/><E53/><V48/><F19/><W10/><G10/><T134/><D56/><U79/><REACH who="1" step="1"/><E81/><REACH who="1" ten="318,182,167,323" step="2"/><V85/><F99/><W116/><G52/><T121/><D121/><U29/><AGARI ba="0,1" hai="0,1,21,26,29,60,61,65,66,70,71,79,80,86" machi="29" ten="20,12000,1" yaku="1,1,2,1,0,1,7,1,9,1,53,0" doraHai="118" doraHaiUra="106" who="1" fromWho="1" sc="318,-40,182,130,167,-40,323,-40" /><INIT seed="1,1,0,0,5,86" ten="278,312,127,283" oya="1" hai0="84,66,1,105,22,114,41,49,70,64,76,62,110" hai1="112,89,119,87,30,60,4,107,18,123,36,40,9" hai2="118,27,103,120,100,82,122,59,58,29,132,129,21" hai3="95,14,61,67,31,25,94,13,7,92,37,98,35"/><U113/><E107/><V5/><F118/><W12/><G37/><T130/><D114/><U44/><E119/><V80/><F132/><W90/><REACH who="3" step="1"/><G7/><REACH who="3" ten="278,312,127,273" step="2"/><T133/><D133/><U81/><E123/><V125/><F5/><W65/><G65/><T117/><D64/><U108/><E108/><V16/><F122/><W56/><AGARI ba="1,1" hai="12,13,14,25,31,35,56,61,67,90,92,94,95,98" machi="56" ten="30,4000,0" yaku="1,1,0,1,52,1,53,0" doraHai="86" doraHaiUra="127" who="3" fromWho="3" sc="278,-11,312,-21,127,-11,273,53" /><INIT seed="2,0,0,2,2,67" ten="267,291,116,326" oya="2" hai0="57,15,65,99,18,135,94,56,101,59,54,29,13" hai1="76,93,70,71,16,28,34,46,132,69,103,49,86" hai2="36,117,64,10,73,0,39,90,81,8,87,98,82" hai3="11,62,9,37,2,72,102,78,84,53,88,121,130"/><V22/><F117/><W109/><G121/><T48/><D135/><U97/><E132/><V113/><F113/><W92/><G37/><T127/><D127/><U119/><E119/><V114/><F114/><W45/><G2/><T133/><D133/><U74/><E74/><V33/><F33/><W91/><G130/><T104/><D104/><U116/><E116/><V79/><F98/><W63/><G109/><T55/><D29/><U120/><E120/><V131/><F131/><W35/><G35/><T68/><D68/><U110/><E110/><V77/><F90/><W51/><G102/><T4/><D4/><U89/><E76/><V60/><F22/><W3/><G3/><T124/><D124/><U21/><E28/><V12/><F0/><W85/><G72/><T24/><D24/><U26/><E34/><V105/><F105/><W75/><G75/><T14/><D65/><U128/><E128/><V50/><F50/><W118/><G78/><T43/><D43/><U32/><E32/><V41/><F41/><W40/><G118/><T38/><D38/><U44/><REACH who="1" step="1"/><E49/><REACH who="1" ten="267,281,116,326" step="2"/><V31/><F31/><W115/><G115/><T96/><D48/><U17/><E17/><V126/><F126/><W123/><G123/><T125/><D125/><U111/><E111/><V100/><F39/><W95/><G40/><T83/><D18/><U27/><E27/><V19/><F36/><W129/><G129/><T30/><D30/><U42/><E42/><V112/><F112/><W20/><G20/><T7/><D7/><U47/><E47/><V25/><F25/><W66/><G51/><RYUUKYOKU ba="0,1" sc="267,-10,281,30,116,-10,326,-10" hai1="16,21,26,44,46,69,70,71,86,89,93,97,103" /><INIT seed="3,1,1,3,0,14" ten="257,311,106,316" oya="3" hai0="31,38,106,90,67,29,0,79,112,88,74,89,18" hai1="83,117,43,34,123,95,1,132,86,100,60,24,91" hai2="6,122,2,52,98,55,23,99,75,116,15,28,59" hai3="35,9,82,13,47,50,8,66,96,93,22,135,113"/><W48/><G35/><T77/><D106/><U78/><E1/><V97/><F116/><W21/><G113/><T131/><D0/><U109/><E43/><V16/><F122/><W61/><G135/><T3/><D3/><U87/><E60/><V111/><F111/><W46/><G82/><T19/><D38/><U65/><E65/><V64/><F75/><W37/><G37/><T25/><D112/><U54/><E54/><V36/><F36/><W102/><G48/><T76/><D131/><U125/><E24/><N who="2" m="16415" /><F2/><W71/><G47/><T104/><D104/><U124/><E34/><V108/><F108/><W44/><G44/><T94/><D74/><U4/><E4/><V69/><F69/><W129/><G129/><T7/><D7/><U114/><E114/><V70/><F70/><W26/><G26/><T42/><D42/><U10/><E10/><N who="2" m="6263" /><F6/><W62/><G62/><AGARI ba="1,1" hai="52,55,59,62,64,97,98,99" m="6263,16415" machi="62" ten="30,7700,0" yaku="8,1,52,1,54,2" doraHai="14" who="2" fromWho="3" sc="257,0,311,0,106,90,316,-80" /><INIT seed="4,0,0,4,4,124" ten="257,311,196,236" oya="0" hai0="51,120,105,129,22,35,49,83,52,106,29,75,118" hai1="55,3,31,0,103,48,76,98,11,116,54,57,43" hai2="26,27,62,119,117,23,134,91,107,10,104,53,93" hai3="131,32,82,1,41,85,21,132,121,87,81,88,64"/><T14/><D120/><U70/><E70/><V68/><F134/><W4/><G32/><T74/><D118/><N who="2" m="45066" /><F10/><W18/><G132/><T73/><D35/><U28/><E76/><V34/><F34/><W60/><G121/><T25/><D83/><U112/><E112/><V94/><F94/><W90/><G131/><T59/><D129/><U100/><E43/><V66/><F53/><W125/><G125/><T47/><REACH who="0" step="1"/><D14/><REACH who="0" ten="247,311,196,236" step="2"/><U37/><E116/><V39/><F27/><W99/><G1/><T110/><D110/><U95/><E3/><V113/><F113/><W84/><G4/><T50/><D50/><U58/><E0/><V69/><F39/><W115/><G115/><T135/><D135/><U77/><E37/><V56/><F26/><W17/><G17/><T78/><D78/><U79/><E48/><V42/><F42/><AGARI ba="0,1" hai="22,25,29,42,47,49,51,52,59,73,74,75,105,106" machi="42" ten="40,3900,0" yaku="1,1,54,1,53,0" doraHai="124" doraHaiUra="8" who="0" fromWho="2" sc="247,49,311,0,196,-39,236,0" /><INIT seed="4,1,0,2,0,23" ten="296,311,157,236" oya="0" hai0="116,101,124,51,133,104,12,65,76,94,31,129,119" hai1="10,77,11,1,58,41,113,105,126,29,64,123,103" hai2="4,96,59,106,63,32,15,107,26,115,47,55,122" hai3="28,34,86,120,24,111,25,5,90,19,40,27,97"/><T33/><D129/><U132/><E123/><V98/><F122/><W0/><G120/><T14/><D104/><U18/><E77/><V85/><F115/><W131/><G111/><T13/><D133/><U127/><E41/><V68/><F68/><W8/><G131/><T61/><D124/><N who="1" m="47659" /><E29/><V49/><F85/><W70/><G70/><T2/><D2/><U130/><E113/><V112/><F112/><W67/><G67/><T7/><D76/><U56/><E132/><V89/><F98/><W87/><G87/><T60/><D7/><N who="1" m="1391" /><E64/><V71/><F71/><W9/><G97/><T53/><D61/><U38/><E38/><V79/><F79/><W88/><G40/><T48/><D60/><U21/><E11/><V83/><F4/><W74/><G74/><T22/><D65/><U93/><E105/><V78/><F15/><W75/><G75/><T6/><D6/><U81/><E81/><V92/><F83/><W72/><G72/><T108/><D108/><U80/><E80/><V57/><F78/><W100/><G100/><T73/><D73/><U50/><E50/><V35/><F35/><W95/><REACH who="3" step="1"/><G90/><REACH who="3" ten="296,311,157,226" step="2"/><T128/><D128/><U125/><E130/><V134/><F134/><W20/><G20/><T135/><D135/><U121/><E125/><V109/><F109/><W17/><G17/><T39/><D22/><U91/><E103/><V52/><REACH who="2" step="1"/><F47/><REACH who="2" ten="296,311,147,226" step="2"/><W16/><G16/><T36/><D101/><U45/><E45/><V43/><F43/><W54/><G54/><T82/><D53/><U3/><E121/><V110/><F110/><W66/><G66/><RYUUKYOKU ba="1,2" sc="296,-15,311,-15,147,15,226,15" hai2="26,32,49,52,55,57,59,63,89,92,96,106,107" hai3="0,5,8,9,19,24,25,27,28,34,86,88,95" /><INIT seed="5,2,2,2,4,116" ten="281,296,162,241" oya="1" hai0="100,18,33,2,73,86,120,19,79,132,135,108,103" hai1="25,39,53,9,104,10,13,6,42,87,45,117,44" hai2="64,129,70,52,119,3,21,99,59,72,91,110,69" hai3="28,83,36,32,128,114,4,0,134,109,107,7,1"/><U93/><E104/><V74/><F110/><W124/><G83/><N who="0" m="47487" /><D108/><U77/><E117/><V27/><F119/><W92/><G92/><T97/><D73/><U80/><E25/><V111/><F3/><W121/><G28/><T20/><D33/><U35/><E35/><V12/><F111/><W47/><G4/><T54/><D2/><U60/><E93/><V113/><F113/><W67/><G7/><T96/><D120/><U43/><E10/><V58/><F12/><W71/><G67/><T123/><D123/><U102/><E102/><N who="0" m="38953" /><D54/><U90/><E60/><V68/><F129/><W11/><G11/><T76/><D76/><U131/><E131/><V61/><F91/><W57/><G47/><T105/><D105/><U125/><E125/><V37/><F99/><N who="0" m="37962" /><D20/><U17/><E53/><V84/><F37/><W30/><G57/><T29/><D29/><U26/><E26/><V49/><REACH who="2" step="1"/><F84/><REACH who="2" ten="281,296,152,241" step="2"/><W94/><G1/><T85/><D85/><U5/><E77/><V22/><F22/><W14/><G14/><T98/><D98/><U41/><E41/><V75/><F75/><W34/><G34/><T15/><D15/><U38/><AGARI ba="2,3" hai="5,6,9,13,17,38,39,42,43,44,45,80,87,90" machi="38" ten="20,3900,0" yaku="0,1,7,1,9,1" doraHai="116" who="1" fromWho="1" sc="281,-15,296,75,152,-15,241,-15" /><INIT seed="5,3,0,0,1,129" ten="266,371,137,226" oya="1" hai0="114,35,45,50,20,5,130,17,125,53,120,43,117" hai1="128,63,0,4,52,112,3,58,123,102,11,39,31" hai2="67,133,110,85,9,61,10,44,34,27,29,91,19" hai3="104,76,2,101,38,105,113,46,40,84,119,72,86"/><U23/><E39/><V49/><F110/><W98/><G119/><T135/><D117/><U134/><E123/><V111/><F111/><W82/><G113/><T90/><D35/><U57/><E128/><V6/><F19/><W81/><G105/><T8/><D130/><U41/><E134/><V100/><F100/><W107/><G107/><T71/><D71/><U88/><E102/><V48/><F133/><W16/><G82/><T79/><D135/><U106/><E106/><V99/><F99/><W126/><G126/><T80/><D125/><U13/><E41/><V94/><F44/><W36/><G36/><T132/><D132/><U121/><E112/><V64/><F9/><W75/><G75/><T42/><D114/><U26/><E121/><V118/><F64/><W69/><G69/><T78/><D120/><U47/><E47/><V32/><F118/><W56/><G56/><T12/><D90/><U66/><REACH who="1" step="1"/><E88/><REACH who="1" ten="266,361,137,226" step="2"/><V62/><F34/><W30/><G101/><T51/><D80/><U15/><E15/><V54/><F54/><W55/><G104/><T115/><D115/><U28/><E28/><V37/><F37/><W74/><G30/><T116/><D116/><U7/><E7/><V108/><F108/><W59/><G2/><T124/><D124/><U83/><E83/><V96/><F85/><W77/><G86/><T14/><D43/><U65/><E65/><V92/><F92/><W68/><G84/><T73/><D73/><U1/><E1/><N who="2" m="335" /><F67/><W70/><G74/><T18/><D12/><U131/><E131/><V21/><F21/><W93/><G72/><RYUUKYOKU ba="3,1" sc="266,-15,361,15,137,15,226,-15" hai1="0,3,4,11,13,23,26,31,52,57,58,63,66" hai2="27,29,32,48,49,61,62,91,94,96" /><INIT seed="5,4,1,5,5,71" ten="251,376,152,211" oya="1" hai0="36,32,106,41,19,13,109,62,127,42,83,105,24" hai1="8,20,31,121,129,88,90,81,73,113,25,80,11" hai2="55,22,116,66,53,101,134,37,4,100,18,48,15" hai3="125,0,3,79,77,14,97,115,68,58,52,131,12"/><U119/><E121/><V39/><F116/><W69/><G97/><T47/><D109/><U120/><E120/><V135/><F66/><W67/><G67/><T49/><D127/><U17/><E119/><V54/><F4/><W1/><G125/><T103/><D83/><N who="1" m="31819" /><E73/><V65/><F65/><W34/><G34/><T107/><D62/><U94/><E129/><V124/><F48/><W75/><G75/><T96/><D42/><U99/><E113/><V117/><F117/><W132/><G115/><T51/><D51/><U40/><E40/><V5/><F5/><W44/><G44/><T46/><D46/><U110/><E110/><V85/><F85/><W43/><G43/><T74/><D74/><U45/><E45/><V29/><F29/><W82/><G82/><T102/><D49/><U95/><E31/><V123/><F123/><W9/><G131/><T30/><REACH who="0" step="1"/><D102/><REACH who="0" ten="241,376,152,211" step="2"/><N who="2" m="39530" /><F124/><W35/><G68/><T128/><D128/><U126/><E126/><V28/><F28/><W108/><G69/><T56/><D56/><U114/><E114/><V89/><F89/><W63/><G108/><T61/><D61/><U87/><AGARI ba="4,2" hai="8,11,17,20,25,87,88,90,94,95,99" m="31819" machi="87" ten="30,3000,0" yaku="8,1,54,1" doraHai="71" who="1" fromWho="1" sc="241,-14,376,62,152,-14,211,-14" /><INIT seed="5,5,0,0,0,12" ten="227,438,138,197" oya="1" hai0="8,117,38,65,96,93,41,66,72,35,100,134,113" hai1="29,104,102,83,75,123,82,6,122,26,77,99,101" hai2="30,108,132,51,7,53,54,97,3,63,9,107,20" hai3="44,115,31,135,27,28,50,24,67,120,90,34,74"/><U130/><E130/><V88/><F108/><W33/><G74/><T127/><D117/><U2/><E83/><V57/><F132/><W25/><G120/><T114/><D134/><U56/><E56/><V89/><F30/><W37/><G135/><T78/><D35/><U84/><E102/><V48/><F63/><W58/><G115/><N who="0" m="44043" /><D127/><U18/><E18/><V129/><F129/><W119/><G119/><T40/><D8/><N who="1" m="2135" /><E84/><V86/><F20/><W79/><G27/><T55/><D55/><U23/><E23/><V118/><F118/><W13/><G37/><T32/><D32/><U15/><E15/><V133/><F133/><W68/><G68/><T94/><D94/><U46/><E26/><V47/><REACH who="2" step="1"/><F86/><REACH who="2" ten="227,438,128,197" step="2"/><W81/><G31/><T70/><D70/><U131/><E29/><V105/><F105/><W52/><G28/><T98/><D98/><U45/><E123/><V17/><F17/><W71/><G33/><T61/><D61/><U73/><E122/><V95/><F95/><W36/><G34/><T62/><D62/><U21/><E131/><V11/><F11/><W60/><G71/><T10/><D10/><U64/><E73/><V4/><F4/><W92/><G60/><T19/><D19/><U59/><E21/><V91/><F91/><W112/><G90/><T106/><D106/><U124/><E104/><V116/><F116/><W5/><G112/><T103/><D93/><U49/><E75/><V85/><F85/><N who="3" m="48319" /><G92/><T111/><D96/><U121/><E99/><V42/><F42/><N who="3" m="22599" /><G67/><T69/><D65/><U126/><E64/><V125/><F125/><RYUUKYOKU ba="5,1" sc="227,-15,438,-15,128,15,197,15" hai2="3,7,9,47,48,51,53,54,57,88,89,97,107" hai3="5,13,24,25,50,52,58" /><INIT seed="6,6,1,5,4,4" ten="212,423,143,212" oya="2" hai0="87,93,10,104,34,81,56,64,101,83,116,82,5" hai1="51,99,77,71,74,109,9,25,95,67,124,18,65" hai2="31,105,37,106,49,22,36,6,66,129,57,33,30" hai3="132,85,114,130,48,23,58,107,7,15,128,94,111"/><V98/><F33/><W96/><G111/><T102/><D34/><U80/><E109/><V134/><F134/><W62/><G132/><T92/><D104/><U26/><E124/><V72/><F72/><W28/><G107/><T1/><D116/><U46/><E71/><V63/><F129/><N who="3" m="49771" /><G114/><T84/><D93/><U76/><E77/><V113/><F113/><W131/><G131/><T27/><D27/><U69/><E69/><V41/><F49/><W121/><G121/><T21/><D21/><U90/><E26/><V127/><F127/><W133/><G133/><T55/><D64/><U122/><E122/><V8/><F37/><W126/><G126/><T47/><D47/><U54/><E25/><V120/><F120/><W50/><G85/><T88/><REACH who="0" step="1"/><D84/><REACH who="0" ten="202,423,143,212" step="2"/><U40/><E67/><V44/><F22/><W24/><G94/><T2/><D2/><U123/><E65/><V39/><F39/><W112/><G112/><T32/><D32/><U97/><E123/><V103/><F106/><W79/><G96/><T43/><D43/><U86/><E40/><V135/><F135/><W35/><G35/><T17/><D17/><U108/><E108/><V100/><F100/><W68/><G7/><T13/><D13/><AGARI ba="6,2" hai="6,8,13,30,31,36,41,44,57,63,66,98,103,105" machi="13" ten="30,2900,0" yaku="7,1,52,1" doraHai="4" who="2" fromWho="0" sc="202,-47,423,0,143,67,212,0" /><INIT seed="6,7,0,4,5,96" ten="155,423,210,212" oya="2" hai0="101,57,54,46,89,22,47,134,105,3,85,5,33" hai1="55,80,130,23,72,91,17,7,124,71,110,64,75" hai2="100,81,12,4,35,67,11,126,29,16,120,73,60" hai3="115,38,88,26,32,66,95,102,104,74,79,108,2"/><V119/><F120/><W109/><G38/><T122/><D33/><U15/><E110/><V121/><F119/><W127/><G2/><T93/><D122/><U51/><E124/><V39/><F39/><W99/><G66/><T70/><D70/><U77/><E91/><V125/><F121/><W117/><G117/><T69/><D69/><U18/><E7/><V37/><F37/><W86/><G127/><N who="2" m="48649" /><F100/><W56/><G56/><T76/><D76/><U48/><E130/><V44/><F44/><W49/><G49/><T87/><D134/><U94/><E51/><V106/><F106/><W92/><G92/><T21/><D85/><U131/><E131/><V128/><F128/><W84/><G84/><T24/><D5/><U53/><E53/><V65/><F4/><W132/><G132/><T68/><D68/><U62/><E94/><V112/><F60/><W30/><REACH who="3" step="1"/><G115/><REACH who="3" ten="155,423,210,202" step="2"/><T31/><D3/><U111/><E111/><V113/><F112/><W123/><G123/><T28/><D57/><U34/><E64/><V25/><F113/><W107/><G107/><T103/><D105/><U40/><E71/><V82/><F73/><W36/><G36/><T20/><D24/><U52/><E72/><V10/><F67/><W41/><G41/><T43/><D43/><U58/><E40/><V59/><F65/><W98/><G98/><T114/><D114/><U61/><E75/><V0/><F59/><W116/><G116/><T1/><D1/><U129/><E58/><V63/><F63/><W78/><G78/><T97/><D97/><U90/><E62/><V42/><F42/><RYUUKYOKU ba="7,1" sc="155,-15,423,-15,210,15,202,15" hai2="0,10,11,12,16,25,29,35,81,82" hai3="26,30,32,74,79,86,88,95,99,102,104,108,109" /><INIT seed="6,8,1,3,1,112" ten="140,408,225,217" oya="2" hai0="108,135,13,56,44,84,28,73,90,98,110,133,106" hai1="114,14,21,102,5,80,60,97,36,107,132,99,10" hai2="93,11,67,94,119,75,111,46,6,87,126,17,129" hai3="51,48,65,34,88,70,54,42,125,29,19,100,1"/><V18/><F119/><W32/><G1/><T59/><D73/><U37/><E114/><V38/><F75/><W0/><G0/><T91/><D28/><U39/><E132/><N who="0" m="50761" /><D13/><U4/><E80/><V81/><F111/><N who="0" m="42538" /><D44/><U89/><E21/><V57/><F129/><W104/><G19/><T53/><D84/><U130/><E130/><V77/><F126/><W58/><G32/><T72/><D72/><U40/><E60/><N who="2" m="38287" /><F46/><W31/><G31/><T20/><D20/><U117/><E117/><V127/><F127/><W68/><G125/><T27/><D27/><U8/><E89/><N who="0" m="33801" /><D53/><U7/><E97/><V50/><F38/><W45/><G88/><T61/><D61/><U121/><E37/><V43/><F43/><W15/><G15/><T76/><D76/><U16/><E40/><V74/><F74/><W83/><G29/><T85/><D85/><U118/><E118/><V25/><F50/><W52/><G34/><T69/><D69/><U12/><E39/><V124/><F124/><W79/><G42/><T41/><D41/><U55/><E36/><V134/><F134/><W35/><G35/><T95/><D106/><U128/><E55/><V30/><F30/><W71/><G65/><T2/><D2/><U122/><E128/><V92/><F25/><W96/><G71/><T109/><N who="0" m="42546" /><T123/><DORA hai="49" /><D123/><AGARI ba="8,1" hai="4,5,7,8,10,12,14,16,99,102,107,121,122,123" machi="123" ten="40,2600,0" yaku="13,1,54,1" doraHai="112,49" who="1" fromWho="0" sc="140,-50,408,60,225,0,217,0" /><INIT seed="7,0,0,3,4,108" ten="90,468,225,217" oya="3" hai0="72,6,55,76,114,101,24,61,32,20,97,29,107" hai1="102,100,124,88,82,99,58,22,48,115,125,85,25" hai2="54,122,30,31,0,93,84,51,11,63,104,28,37" hai3="9,75,40,34,133,116,45,117,44,62,77,123,83"/><W18/><G123/><T103/><D20/><U121/><E121/><V119/><F104/><W4/><G34/><T33/><D55/><N who="1" m="32103" /><E99/><V52/><F11/><W67/><G18/><T14/><D14/><U130/><E115/><V38/><F63/><W68/><G45/><T120/><D120/><U23/><E23/><V112/><F112/><W53/><G53/><T70/><D114/><U132/><E132/><V98/><F84/><W66/><G66/><T80/><D101/><U13/><E13/><V27/><F0/><W43/><G43/><T74/><D6/><U3/><E3/><V135/><F135/><W21/><G21/><T17/><D17/><U110/><E110/><V65/><F65/><W57/><G57/><T15/><D15/><U127/><E130/><V92/><F119/><W87/><G87/><T12/><D12/><U109/><E109/><V73/><F73/><W126/><G133/><T10/><D10/><U26/><E26/><V56/><F27/><W1/><REACH who="3" step="1"/><G126/><REACH who="3" ten="90,468,225,207" step="2"/><T118/><D118/><U39/><E39/><AGARI ba="0,1" hai="1,4,9,39,40,44,62,67,68,75,77,83,116,117" machi="39" ten="30,24000,3" yaku="1,1,2,1,7,1,25,2,23,2,53,1" doraHai="108" doraHaiUra="59" who="3" fromWho="1" sc="90,0,468,-240,225,0,207,250" owari="90,-41.0,228,3.0,225,-17.0,457,55.0" /></mjloggm>