<mjloggm ver="2.3"><GO type="169"/><UN n0="%6E%69%6B%71%75%65" n1="%EF%BC%88%E2%89%A7%E2%96%BD%E2%89%A6%EF%BC%89" n2="%E5%BD%B1%E5%8D%83%E4%BB%A3" n3="%6E%65%6F%40%75%6E%69" dan="16,18,17,17" rate="2061,2197,2143,2168" sx="M,M,F,M"/><TAIKYOKU oya="0"/><INIT seed="0,0,0,4,4,69" ten="250,250,250,250" oya="0" hai0="88,82,98,58,73,12,93,33,110,34,84,94,6" hai1="0,60,63,18,89,85,95,114,2,15,80,53,17" hai2="104,81,22,126,64,54,99,75,71,1,4,67,25" hai3="23,68,61,31,117,108,115,49,55,83,43,65,90"/><T116/><D116/><U56/><E114/><V109/><F126/><W59/><G108/><T42/><D110/><U79/><E63/><V35/><F109/><W16/><G115/><T91/><D42/><U45/><E45/><V52/><F35/><W101/><G117/><T70/><D70/><U128/><E128/><V13/><F1/><W40/><G101/><T10/><D73/><U66/><E66/><V113/><F113/><W29/><G31/><T106/><D106/><U119/><E119/><V92/><F104/><W7/><G7/><T28/><D28/><U36/><E36/><V51/><F54/><W11/><G11/><T102/><REACH who="0" step="1"/><D58/><REACH who="0" ten="240,250,250,250" step="2"/><U72/><REACH who="1" step="1"/><E18/><REACH who="1" ten="240,240,250,250" step="2"/><N who="2" m="12503" /><F71/><W107/><G29/><T100/><D100/><U132/><E132/><V124/><F124/><W24/><G107/><T105/><D105/><U26/><E26/><V76/><F13/><W131/><G131/><T50/><D50/><U37/><E37/><V122/><F51/><W133/><G133/><T112/><D112/><U5/><E5/><V47/><F4/><W78/><REACH who="3" step="1"/><G90/><REACH who="3" ten="240,240,250,240" step="2"/><T57/><D57/><U46/><E46/><V62/><F47/><W39/><G39/><T8/><D8/><AGARI ba="0,3" hai="0,2,8,15,17,53,56,60,72,79,80,85,89,95" machi="8" ten="30,2000,0" yaku="1,1,7,1,53,0" doraHai="69" doraHaiUra="125" who="1" fromWho="0" sc="240,-20,240,50,250,0,240,0" /><INIT seed="1,0,0,4,2,10" ten="220,290,250,240" oya="1" hai0="21,36,46,15,45,22,108,106,60,129,67,78,24" hai1="41,115,93,77,100,1,12,76,49,125,128,19,126" hai2="51,48,133,135,3,71,68,0,102,38,65,18,73" hai3="25,17,70,90,6,44,16,118,7,58,13,40,113"/><U124/><E1/><V53/><F38/><W98/><G70/><T54/><D106/><U89/><E115/><V82/><F102/><W9/><G113/><T14/><D108/><U134/><E100/><V99/><F99/><W27/><G58/><N who="0" m="37271" /><D36/><U34/><E34/><V122/><F48/><N who="3" m="26631" /><G118/><T43/><D129/><U92/><E128/><V119/><F119/><W11/><G11/><T59/><D78/><N who="1" m="30315" /><E134/><V63/><F122/><W107/><G107/><T87/><D87/><N who="1" m="52287" /><E93/><V83/><F68/><W50/><G50/><N who="0" m="26943" /><D46/><N who="1" m="25807" /><E19/><N who="3" m="7242" /><G6/><T81/><D81/><U29/><E29/><V4/><F82/><W62/><G62/><N who="0" m="36215" /><D24/><U52/><E52/><V111/><F53/><W31/><G31/><T35/><D35/><U116/><E116/><V96/><F133/><W110/><G110/><T23/><AGARI ba="0,0" hai="14,15,21,22,23" m="36215,26943,37271" machi="23" ten="30,4000,0" yaku="8,1,52,2" doraHai="10" who="0" fromWho="0" sc="220,40,290,-20,250,-10,240,-10" /><INIT seed="2,0,0,5,5,30" ten="260,270,240,230" oya="2" hai0="96,97,104,7,85,5,12,72,121,29,44,25,130" hai1="71,11,67,4,131,83,110,48,116,122,113,89,46" hai2="123,54,66,64,10,73,107,37,112,23,62,84,8" hai3="59,22,86,16,31,49,78,41,52,132,102,109,63"/><V119/><F119/><W101/><G109/><T128/><D72/><U58/><E116/><V79/><F73/><W68/><G132/><T17/><D121/><U92/><E71/><V99/><F37/><W70/><G31/><T129/><D85/><U61/><E113/><V38/><F38/><W88/><G78/><T82/><D82/><U19/><E110/><V75/><F75/><W57/><G70/><T93/><D44/><U90/><E122/><V60/><F107/><W74/><G68/><T126/><D104/><U69/><E131/><V9/><F99/><N who="0" m="37962" /><D93/><U77/><E19/><V20/><F123/><W53/><G41/><T135/><D135/><U56/><E92/><V134/><F134/><W13/><G74/><T133/><D133/><U76/><E69/><V34/><F112/><W1/><G1/><T95/><D95/><AGARI ba="0,0" hai="13,16,22,49,52,53,57,59,63,86,88,95,101,102" machi="95" ten="30,12000,2" yaku="7,1,25,2,8,1,54,3" doraHai="30" who="3" fromWho="0" sc="260,-120,270,0,240,0,230,120" /><INIT seed="3,0,0,0,1,100" ten="140,270,240,350" oya="3" hai0="56,129,36,80,119,54,87,61,49,30,101,115,134" hai1="24,67,66,2,104,6,116,121,20,117,16,41,72" hai2="131,13,68,32,3,34,5,14,84,7,9,59,127" hai3="46,60,77,43,132,122,124,39,55,99,17,53,81"/><W27/><G124/><T62/><D119/><N who="1" m="45643" /><E121/><V118/><F68/><W23/><G132/><T91/><D134/><U112/><E72/><V21/><F84/><W51/><G122/><T48/><D36/><U33/><E112/><V95/><F95/><W45/><G99/><T114/><D129/><U37/><E33/><N who="2" m="12907" /><F59/><W111/><G111/><T107/><D30/><U29/><E29/><V130/><F127/><W19/><G60/><T108/><D108/><U22/><E22/><V47/><F47/><W135/><G135/><T126/><D126/><U44/><E104/><V123/><F123/><W105/><G105/><T75/><D75/><U88/><E88/><V83/><F83/><W71/><G71/><T8/><D8/><AGARI ba="0,0" hai="2,6,8,16,20,24,37,41,44,66,67" m="45643" machi="8" ten="30,2000,0" yaku="12,1,54,1" doraHai="100" who="1" fromWho="0" sc="140,-20,270,20,240,0,350,0" /><INIT seed="4,0,0,2,1,56" ten="120,290,240,350" oya="0" hai0="104,50,102,76,135,60,105,33,75,92,29,27,73" hai1="17,131,8,28,80,63,48,24,83,84,127,30,133" hai2="103,49,51,108,54,91,94,46,23,89,124,9,47" hai3="77,3,101,42,113,10,115,57,0,132,55,110,18"/><T65/><D135/><U117/><E117/><V44/><F108/><W119/><G132/><T72/><D76/><U70/><E133/><V5/><F124/><W96/><G110/><T1/><D1/><U4/><E127/><V12/><F23/><W20/><G42/><T109/><D109/><U79/><E131/><V67/><F67/><W69/><G69/><T53/><D92/><U43/><E80/><V34/><F34/><W62/><G10/><T86/><D86/><U25/><E70/><V123/><F123/><W37/><G37/><T14/><D14/><N who="1" m="5383" /><E63/><V26/><F26/><N who="1" m="10345" /><E17/><V6/><F6/><W95/><G77/><T121/><D121/><U38/><E38/><V66/><F66/><W40/><G40/><T85/><D85/><U78/><E79/><V68/><F68/><W52/><G55/><T129/><D129/><U130/><E130/><V81/><F81/><W61/><G61/><T64/><D64/><U11/><E11/><V125/><F125/><W90/><G119/><T114/><D102/><U36/><E36/><V126/><F126/><W41/><G41/><T74/><N who="0" m="18432" /><DORA hai="100" /><T16/><D16/><U106/><E106/><V99/><F47/><AGARI ba="0,0" hai="28,30,43,47,48,78,83,84" m="10345,5383" machi="47" ten="30,2000,0" yaku="25,1,8,1" doraHai="56,100" who="1" fromWho="2" sc="120,0,290,20,240,-20,350,0" /><INIT seed="5,0,0,1,3,40" ten="120,310,220,350" oya="1" hai0="94,103,33,2,135,52,39,126,117,112,96,77,115" hai1="85,65,130,113,6,44,45,122,69,54,26,1,106" hai2="31,57,37,46,14,87,93,78,98,19,119,74,88" hai3="100,90,34,97,95,79,24,104,35,18,13,50,53"/><U84/><E122/><V51/><F119/><W0/><G79/><T109/><D33/><U121/><E106/><V27/><F37/><W76/><G76/><T22/><D2/><U12/><E121/><V36/><F36/><W105/><G0/><T133/><D117/><U58/><E1/><V72/><F57/><W56/><G24/><T17/><D109/><U131/><E113/><N who="0" m="43593" /><D39/><U29/><E69/><V43/><F78/><W48/><G48/><T63/><D126/><U5/><E65/><V89/><F14/><W25/><G25/><N who="0" m="14543" /><D77/><U20/><E12/><V67/><F67/><W59/><G59/><AGARI ba="0,0" hai="52,59,63,94,96,103,133,135" m="14543,43593" machi="59" ten="30,2000,0" yaku="15,1,54,1" doraHai="40" who="0" fromWho="3" sc="120,20,310,0,220,0,350,-20" /><INIT seed="6,0,0,5,3,79" ten="140,310,220,330" oya="2" hai0="53,60,85,120,89,19,31,36,75,13,32,72,81" hai1="84,122,56,45,64,46,94,0,111,10,14,62,83" hai2="58,26,98,28,43,34,131,102,29,68,38,52,123" hai3="93,86,135,11,59,41,6,132,108,116,30,47,134"/><V9/><F123/><W127/><G108/><T69/><D120/><U66/><E0/><V57/><F131/><W12/><G127/><T77/><D36/><U107/><E107/><V88/><F29/><W95/><G116/><T82/><D75/><U61/><E111/><V63/><F68/><W115/><G115/><T92/><D32/><U35/><E35/><V87/><F9/><W20/><G59/><T124/><D124/><U44/><E94/><V133/><F133/><W50/><G86/><T33/><D33/><U104/><E104/><V70/><F70/><W128/><G128/><T17/><D31/><U54/><E122/><V125/><F125/><W21/><G21/><T96/><D13/><U37/><E62/><V100/><F98/><W126/><G126/><T40/><D40/><U16/><E37/><V18/><F18/><N who="3" m="10311" /><G30/><T55/><D69/><U90/><AGARI ba="0,0" hai="10,14,16,44,45,46,54,56,61,64,66,83,84,90" machi="90" ten="30,7900,0" yaku="0,1,8,1,52,1,54,1" doraHai="79" who="1" fromWho="1" sc="140,-20,310,79,220,-39,330,-20" /><INIT seed="7,0,0,1,2,27" ten="120,389,181,310" oya="3" hai0="9,126,34,86,51,110,30,35,133,103,63,0,87" hai1="118,29,53,57,106,76,19,89,62,95,32,78,22" hai2="4,7,100,33,36,77,50,66,16,61,105,102,81" hai3="28,17,107,88,98,45,94,70,131,115,72,128,31"/><W5/><G72/><T122/><D110/><U3/><E106/><V2/><F36/><W58/><G70/><T11/><D122/><U44/><E3/><V120/><F120/><W41/><G115/><T12/><D133/><U97/><E118/><V48/><F33/><W90/><G5/><T6/><D126/><U55/><E32/><V20/><F2/><W124/><G124/><T46/><D103/><U38/><E29/><V134/><F134/><W125/><G125/><T1/><D35/><U101/><E101/><V73/><F7/><W99/><G17/><T15/><D63/><U18/><E38/><V69/><F4/><W56/><G107/><T40/><D0/><U116/><E116/><V93/><F93/><N who="3" m="56615" /><G58/><T135/><D135/><U111/><E111/><V92/><F92/><W67/><G56/><T84/><REACH who="0" step="1"/><D11/><REACH who="0" ten="110,389,181,310" step="2"/><U74/><E74/><N who="2" m="43191" /><F100/><W91/><G67/><T80/><D80/><U130/><E22/><V59/><F73/><W52/><G90/><T26/><AGARI ba="0,1" hai="1,6,9,12,15,26,30,34,40,46,51,84,86,87" machi="26" ten="30,4000,0" yaku="1,1,0,1,52,1,53,0" doraHai="27" doraHaiUra="117" who="0" fromWho="0" sc="110,50,389,-10,181,-10,310,-20" owari="160,-34.0,379,48.0,171,-23.0,290,9.0" /></mjloggm>