<mjloggm ver="2.3"><GO type="169"/><UN n0="%EF%BC%88%E2%89%A7%E2%96%BD%E2%89%A6%EF%BC%89" n1="%6C%69%67%68%74%39%39" n2="%E5%AF%9B%E3%83%94%E3%82%A8%E3%83%AD" n3="%E3%83%AF%E3%82%A4%E3%83%AB%E3%83%89" dan="18,17,16,16" rate="2238,2144,2057,2065" sx="M,M,M,M"/><TAIKYOKU oya="0"/><INIT seed="0,0,0,1,2,68" ten="250,250,250,250" oya="0" hai0="66,90,119,19,106,73,127,84,64,9,99,37,2" hai1="108,47,98,22,63,105,85,115,82,40,130,48,91" hai2="83,53,111,26,3,23,8,69,93,76,34,56,103" hai3="33,59,133,101,81,65,31,21,7,35,49,123,135"/><T55/><D73/><U71/><E108/><V60/><F69/><W88/><G7/><T107/><D119/><U39/><E130/><V11/><F111/><W61/><G101/><T52/><D127/><U126/><E126/><V109/><F34/><W12/><G123/><T97/><D107/><U16/><E115/><V18/><F3/><W132/><G49/><T78/><D78/><U27/><E105/><V87/><REACH who="2" step="1"/><F109/><REACH who="2" ten="250,250,240,250" step="2"/><W112/><G112/><T6/><D106/><U46/><E71/><V24/><F24/><N who="3" m="16783" /><G12/><T45/><D66/><U4/><E4/><V121/><F121/><W28/><G28/><T36/><D64/><U30/><E30/><V57/><F57/><W118/><G118/><T94/><D19/><U117/><E117/><V0/><F0/><W17/><G17/><T113/><D113/><U74/><E74/><V129/><F129/><W29/><G29/><T70/><D70/><U41/><REACH who="1" step="1"/><E98/><AGARI ba="0,1" hai="8,11,18,23,26,53,56,60,76,83,87,93,98,103" machi="98" ten="40,2600,0" yaku="1,1,8,1,53,0" doraHai="68" doraHaiUra="42" who="2" fromWho="1" sc="250,0,250,-26,240,36,250,0" /><INIT seed="1,0,0,0,5,76" ten="250,224,276,250" oya="1" hai0="135,70,95,48,33,97,23,59,102,74,94,118,29" hai1="39,5,22,99,93,53,133,19,134,125,114,21,67" hai2="107,71,132,92,17,113,104,100,126,78,120,110,9" hai3="24,77,115,84,13,44,35,108,85,20,87,57,91"/><U41/><E114/><V86/><F113/><W49/><G115/><T83/><D70/><U64/><E5/><V6/><F71/><W80/><G108/><T43/><D118/><U50/><E125/><V54/><F17/><W1/><G1/><T103/><D135/><N who="1" m="51723" /><E41/><V82/><F110/><W131/><G131/><T106/><D33/><U34/><E39/><V52/><F120/><W12/><G35/><T68/><D68/><U105/><E105/><V117/><F117/><W81/><G87/><T66/><D106/><U89/><E34/><V45/><F126/><W116/><G57/><T90/><D74/><U62/><E62/><V26/><F26/><W14/><G116/><T79/><D43/><U56/><E22/><V15/><F132/><W10/><G10/><T3/><D3/><U36/><E36/><V61/><F45/><W27/><REACH who="3" step="1"/><G20/><REACH who="3" ten="250,224,276,240" step="2"/><T130/><D23/><U124/><E124/><V42/><F9/><W112/><G112/><T28/><D130/><U60/><E50/><V55/><F86/><W69/><G69/><T51/><D48/><U75/><E75/><V98/><F61/><W37/><G37/><T16/><D51/><U88/><E89/><V123/><F123/><W38/><G38/><T109/><D90/><U31/><E31/><V32/><F32/><W4/><G4/><T122/><D29/><U129/><E129/><V73/><F6/><W96/><G96/><N who="0" m="59671" /><D28/><U0/><E0/><V101/><F98/><W128/><G128/><T121/><D109/><U63/><E60/><V46/><F73/><W8/><G8/><T127/><D127/><RYUUKYOKU ba="0,1" sc="250,-15,224,15,276,-15,240,15" hai1="19,21,53,56,63,64,67,88,93,99" hai3="12,13,14,24,27,44,49,77,80,81,84,85,91" /><INIT seed="1,1,1,0,3,124" ten="235,239,261,255" oya="1" hai0="127,132,82,3,55,26,90,17,45,41,30,134,50" hai1="108,122,106,73,22,101,64,113,116,121,60,104,65" hai2="9,67,109,2,39,95,48,5,34,6,23,16,118" hai3="29,86,40,115,47,93,110,18,111,37,117,91,24"/><U56/><E113/><V84/><F39/><W15/><G115/><T57/><D3/><U129/><E116/><V78/><F34/><W89/><G117/><T114/><D114/><U120/><E73/><V123/><F123/><W102/><G102/><T98/><D17/><U99/><E108/><V75/><F75/><W96/><G18/><T77/><D127/><U66/><E106/><V76/><F118/><W125/><G15/><T71/><D71/><U81/><E81/><V72/><F72/><W128/><G125/><T44/><D90/><U74/><E74/><V97/><F67/><W130/><G89/><T28/><D98/><U46/><E46/><V105/><F6/><W25/><G86/><N who="0" m="48463" /><D26/><N who="3" m="10345" /><G29/><N who="0" m="11371" /><D41/><U8/><E22/><V43/><F109/><AGARI ba="1,1" hai="37,40,47,91,93,96,109,110,111,128,130" m="10345" machi="109" ten="30,3900,0" yaku="14,1,52,2" doraHai="124" who="3" fromWho="2" sc="235,0,239,0,261,-42,255,52" /><INIT seed="2,0,0,4,4,7" ten="235,239,219,307" oya="2" hai0="40,106,16,31,77,111,59,105,107,29,13,108,4" hai1="48,109,70,131,30,80,115,53,3,102,87,78,114" hai2="46,101,83,42,11,21,39,41,26,10,135,134,116" hai3="98,81,15,54,104,90,18,38,60,92,49,67,123"/><V100/><F116/><W133/><G38/><T51/><D77/><U129/><E70/><V118/><F118/><W94/><G123/><T119/><D4/><U99/><E3/><V65/><F65/><W128/><G104/><T20/><D119/><U97/><E30/><N who="2" m="17743" /><F42/><W44/><G133/><N who="2" m="50697" /><F83/><W58/><G128/><N who="1" m="49226" /><E53/><V74/><F74/><W86/><REACH who="3" step="1"/><G98/><REACH who="3" ten="235,239,219,297" step="2"/><T27/><D107/><U35/><E99/><V36/><F36/><W56/><G56/><T63/><D106/><U126/><E97/><V33/><F33/><W72/><G72/><T75/><D105/><U62/><E35/><V95/><F95/><W1/><G1/><T89/><D75/><U120/><E120/><V121/><F121/><W12/><G12/><T124/><D13/><U50/><E115/><V132/><N who="2" m="50705" /><V113/><DORA hai="25" /><F113/><W47/><G47/><T17/><D59/><U52/><E114/><V88/><F88/><W93/><G93/><T37/><D89/><U57/><E102/><AGARI ba="0,1" hai="10,11,39,41,46,100,101,102" m="50705,17743" machi="102" ten="40,12000,1" yaku="20,1,52,3" doraHai="7,25" who="2" fromWho="1" sc="235,0,239,-120,219,130,297,0" /><INIT seed="2,1,0,0,1,8" ten="235,119,349,297" oya="2" hai0="105,16,77,75,130,10,80,17,90,29,95,125,118" hai1="117,50,31,47,58,72,32,82,109,84,5,102,7" hai2="56,44,1,3,128,98,24,36,91,67,57,92,114" hai3="26,49,18,126,83,135,100,119,12,2,59,81,78"/><V101/><F114/><W30/><G2/><T74/><D118/><U97/><E117/><V45/><F128/><W73/><G119/><T76/><D130/><U66/><E109/><V65/><F36/><W55/><G135/><T124/><D105/><U9/><E72/><V120/><F120/><W38/><G38/><T70/><D70/><U86/><E31/><V14/><F14/><W103/><G83/><N who="0" m="45471" /><D29/><U87/><E32/><V23/><F3/><W134/><G126/><N who="0" m="48747" /><D10/><U13/><E5/><V121/><F1/><W62/><G134/><T15/><D15/><U106/><E58/><N who="2" m="22635" /><F121/><W54/><G26/><T93/><D93/><U115/><E66/><N who="2" m="25099" /><F101/><W132/><G30/><AGARI ba="1,0" hai="23,24,30,44,45,91,92,98" m="25099,22635" machi="30" ten="30,1500,0" yaku="8,1" doraHai="8" who="2" fromWho="3" sc="235,0,119,0,349,18,297,-18" /><INIT seed="2,2,0,5,4,27" ten="235,119,367,279" oya="2" hai0="113,76,40,107,70,3,20,47,83,102,108,128,119" hai1="99,121,32,51,11,38,114,131,93,124,122,4,115" hai2="82,52,135,31,71,56,103,9,54,28,10,104,18" hai3="49,19,67,1,43,0,44,24,90,41,60,61,22"/><V95/><F71/><W45/><G90/><T77/><D3/><U129/><E51/><N who="2" m="30751" /><F104/><W79/><G79/><T97/><D70/><U2/><E38/><V109/><F109/><W13/><G13/><T68/><D68/><U36/><E36/><V110/><F110/><W94/><G94/><T65/><D65/><U66/><E66/><V29/><F135/><W74/><G74/><T50/><D119/><U30/><E93/><V118/><F118/><W34/><G34/><T85/><D113/><N who="1" m="43019" /><E99/><N who="2" m="59903" /><F82/><W100/><G100/><T46/><D108/><U112/><N who="1" m="43027" /><U80/><DORA hai="86" /><E80/><V57/><F18/><W84/><G84/><T37/><D128/><N who="1" m="49227" /><E124/><V23/><F23/><W58/><REACH who="3" step="1"/><G61/><AGARI ba="2,0" hai="9,10,28,29,31,54,57,61" m="59903,30751" machi="61" ten="30,12000,1" yaku="8,1,52,3,54,1" doraHai="27,86" who="2" fromWho="3" sc="235,0,119,0,367,126,279,-126" /><INIT seed="2,3,0,3,0,24" ten="235,119,493,153" oya="2" hai0="124,70,20,30,5,23,25,86,13,2,61,81,42" hai1="54,71,77,44,115,95,41,90,83,38,82,120,84" hai2="135,19,56,62,119,68,91,45,3,75,67,50,85" hai3="94,15,131,92,43,64,12,6,101,127,130,116,32"/><V80/><F3/><W55/><G32/><T126/><D2/><U104/><E115/><V8/><F75/><W1/><G116/><T18/><D42/><U47/><E120/><V87/><F119/><W52/><G127/><N who="0" m="48683" /><D5/><U76/><E104/><V14/><F135/><W31/><G64/><N who="0" m="41231" /><D86/><U69/><E44/><V72/><F72/><W49/><G1/><T63/><D63/><U17/><E54/><N who="2" m="30031" /><F85/><W79/><G79/><T100/><D100/><U34/><E34/><V22/><F22/><W105/><G105/><T117/><D117/><U110/><E110/><V122/><F122/><W132/><G132/><T27/><D81/><U21/><E82/><V65/><F68/><W53/><G6/><T0/><D0/><U112/><E112/><V33/><F33/><W7/><G7/><T134/><D134/><U88/><E76/><V57/><F57/><W59/><G59/><T125/><D125/><U29/><E90/><V123/><F123/><W118/><G118/><T4/><D4/><U89/><E89/><V106/><F106/><W133/><G133/><T93/><D93/><U78/><E78/><V35/><F35/><W103/><G94/><T98/><D98/><U9/><E77/><V28/><F67/><W16/><G92/><T37/><D37/><U108/><E95/><V66/><F66/><W74/><G101/><T111/><D111/><U11/><E108/><V97/><F97/><W40/><G103/><T58/><D58/><U36/><E83/><V113/><F113/><W51/><G74/><T46/><D46/><U121/><E121/><V96/><F96/><RYUUKYOKU ba="3,0" sc="235,15,119,-15,493,15,153,-15" hai0="13,18,20,23,25,27,30" hai2="8,14,19,28,56,62,65,80,87,91" /><INIT seed="2,4,0,2,3,99" ten="250,104,508,138" oya="2" hai0="68,75,62,71,85,57,127,12,112,76,1,63,132" hai1="23,42,10,9,49,98,22,61,105,123,101,17,46" hai2="25,51,125,102,94,77,0,103,52,3,54,29,20" hai3="130,41,83,8,67,110,53,50,60,135,113,19,5"/><V88/><F125/><W118/><G118/><T40/><D112/><U100/><E123/><V89/><F77/><W122/><G122/><T28/><D1/><U24/><E61/><V108/><F108/><W95/><G113/><T11/><D75/><U6/><E6/><V121/><F121/><W33/><G33/><T48/><D127/><U56/><E56/><N who="2" m="32799" /><F3/><W72/><G110/><T16/><D132/><U73/><E73/><V116/><F0/><W30/><G30/><T44/><D28/><U69/><E69/><V111/><F111/><W74/><G135/><T120/><D120/><U126/><E126/><V38/><F38/><W64/><G130/><T115/><D63/><U78/><E78/><V114/><F114/><W117/><G117/><T104/><D104/><U58/><E58/><V134/><F134/><W4/><G41/><T131/><D131/><U79/><E79/><V128/><F128/><W70/><G67/><T92/><D115/><U66/><E66/><V91/><F116/><W84/><G95/><T32/><D32/><U129/><E129/><V80/><F80/><W45/><G5/><T47/><D47/><U35/><E35/><V86/><F54/><W87/><G87/><T18/><D18/><N who="1" m="12375" /><E105/><V82/><F82/><W34/><G34/><T124/><D124/><U106/><E106/><V90/><AGARI ba="4,0" hai="20,25,29,86,88,89,90,91,94,102,103" m="32799" machi="90" ten="30,12000,1" yaku="8,1,52,2,54,2" doraHai="99" who="2" fromWho="2" sc="250,-44,104,-44,508,132,138,-44" /><INIT seed="2,5,0,5,4,42" ten="206,60,640,94" oya="2" hai0="91,104,53,12,123,19,76,45,126,37,114,0,74" hai1="89,119,60,59,90,99,30,82,72,70,130,41,51" hai2="93,39,129,52,2,23,92,69,6,110,97,24,46" hai3="64,113,55,102,48,121,100,56,9,26,11,40,58"/><V16/><F69/><W87/><G121/><T77/><D0/><U111/><E111/><V3/><F110/><W38/><G113/><T49/><D123/><U66/><E130/><V127/><F129/><W22/><G38/><T75/><D114/><U109/><E109/><V7/><F127/><W36/><G36/><T34/><D104/><U10/><E119/><V31/><F3/><W96/><G87/><T61/><D34/><U13/><E30/><V21/><F2/><W78/><G78/><T33/><D33/><U1/><E1/><V79/><F79/><W80/><G80/><T18/><D37/><U28/><E28/><V131/><F131/><W86/><G86/><T112/><D112/><U103/><E82/><V54/><F39/><W43/><G102/><T117/><D126/><U124/><E72/><V15/><F92/><W50/><G43/><T73/><D117/><U63/><E124/><V107/><F107/><W68/><G68/><T128/><D128/><U62/><E70/><V35/><F35/><W44/><G58/><T25/><D91/><U135/><E135/><V98/><F98/><W106/><REACH who="3" step="1"/><G64/><REACH who="3" ten="206,60,640,84" step="2"/><T57/><D77/><U27/><E66/><V120/><F120/><W20/><G20/><N who="0" m="13471" /><D76/><U32/><E41/><V122/><F122/><W88/><G88/><T101/><D101/><U17/><E103/><N who="2" m="60847" /><F54/><W8/><G8/><N who="0" m="6407" /><D75/><U108/><E108/><V84/><F84/><W134/><G134/><T125/><D125/><U133/><E133/><V132/><F132/><W47/><G47/><T115/><D115/><U85/><E85/><V116/><F116/><RYUUKYOKU ba="5,1" sc="206,10,60,-30,640,10,84,10" hai0="45,49,53,57,61,73,74" hai2="6,7,15,16,21,23,24,31,46,52" hai3="9,11,22,26,40,44,48,50,55,56,96,100,106" /><INIT seed="2,6,1,0,4,19" ten="216,30,650,94" oya="2" hai0="96,104,126,123,48,76,78,119,12,56,98,27,35" hai1="81,39,55,7,108,47,53,84,102,134,120,107,18" hai2="66,49,20,17,100,86,28,118,51,52,54,113,115" hai3="82,111,34,43,1,87,94,59,38,13,95,116,128"/><V42/><F118/><W62/><G1/><T112/><D123/><U72/><E72/><V117/><F117/><W93/><G34/><T37/><D37/><U6/><E108/><V4/><F100/><W10/><G116/><T77/><D112/><U97/><E120/><V127/><F127/><W83/><G111/><T129/><D104/><U110/><E110/><V75/><F75/><W36/><G128/><T26/><D129/><U33/><E33/><V31/><F4/><W46/><G38/><T63/><D126/><U44/><E134/><V2/><F2/><W90/><G83/><T30/><D119/><U121/><E121/><V89/><F66/><W133/><G133/><T101/><D101/><U124/><E124/><V24/><F113/><W40/><G40/><T5/><D48/><N who="2" m="18506" /><F42/><W60/><REACH who="3" step="1"/><G59/><REACH who="3" ten="216,30,650,84" step="2"/><T103/><D56/><U68/><E39/><V15/><F115/><W135/><G135/><T41/><D41/><U73/><E68/><V92/><F31/><W88/><G88/><T91/><D91/><U29/><E29/><V74/><F74/><W130/><G130/><T69/><D69/><U125/><E73/><V23/><AGARI ba="6,2" hai="15,17,20,23,24,28,52,54,86,89,92" m="18506" machi="23" ten="30,11700,0" yaku="8,1,52,2,54,1" doraHai="19" who="2" fromWho="2" sc="216,-45,30,-45,650,155,84,-45" owari="171,-3.0,-15,-52.0,805,91.0,39,-36.0" /></mjloggm>