<mjloggm ver="2.3"><GO type="41"/><UN n0="%E3%82%A6%E3%83%AB%E3%83%88%E3%83%A9%E7%AB%8B%E7%9B%B4" n1="%E9%BB%92%E3%82%81%E3%81%9D" n2="%E2%98%85%E5%A4%9C%E5%B8%82%E2%98%85" n3="%74%61%63%68%69%6F%63%68" dan="15,14,13,15" rate="1965,1928,1932,1938" sx="M,M,M,F"/><TAIKYOKU oya="0"/><INIT seed="0,0,0,4,2,37" ten="250,250,250,250" oya="0" hai0="35,23,135,19,95,33,80,60,63,109,119,106,29" hai1="50,75,94,48,5,113,117,129,4,25,59,52,134" hai2="89,132,26,111,69,122,130,103,123,92,125,127,108" hai3="38,82,27,55,49,24,81,41,18,47,85,0,66"/><T15/><D119/><U70/><E117/><V91/><F69/><W58/><G0/><T97/><D106/><U17/><E70/><V53/><F26/><W1/><G1/><T74/><D135/><U3/><E134/><V116/><F53/><W131/><G131/><T118/><D118/><U61/><E129/><V62/><F62/><W12/><G82/><T79/><D109/><N who="2" m="42058" /><F132/><W7/><G7/><N who="1" m="2634" /><E75/><V54/><F116/><W77/><REACH who="3" step="1"/><G66/><REACH who="3" ten="250,250,250,240" step="2"/><T56/><D29/><U112/><E3/><V65/><F65/><W46/><G46/><T73/><D73/><U71/><E113/><V114/><F130/><W83/><G83/><T44/><D44/><U64/><E64/><V16/><F114/><W102/><G102/><T42/><D80/><U86/><E112/><V84/><F54/><W21/><AGARI ba="0,1" hai="12,18,21,24,27,38,41,47,49,55,58,77,81,85" machi="21" ten="20,5200,0" yaku="1,1,0,1,7,1,52,1,53,0" doraHai="37" doraHaiUra="105" who="3" fromWho="3" sc="250,-26,250,-13,250,-13,240,62" /><INIT seed="1,0,0,5,0,121" ten="224,237,237,302" oya="1" hai0="58,126,130,56,117,131,40,128,23,122,79,68,35" hai1="69,71,0,48,44,105,110,28,8,7,87,33,132" hai2="54,98,94,76,75,111,91,85,51,42,26,133,45" hai3="9,95,119,77,46,90,88,34,2,99,32,31,19"/><U97/><E132/><V129/><F129/><W108/><G119/><T18/><D35/><U70/><E87/><V43/><F133/><W115/><G115/><T112/><D117/><U6/><E6/><V93/><F111/><W14/><G2/><T37/><D112/><U66/><E66/><V57/><F75/><W41/><G77/><T3/><D3/><U10/><E10/><V50/><F76/><W116/><G116/><T53/><D122/><U81/><E81/><V27/><REACH who="2" step="1"/><F43/><REACH who="2" ten="224,237,227,302" step="2"/><W127/><G108/><T20/><D79/><U106/><E110/><V124/><F124/><W25/><G127/><T114/><D126/><U113/><E113/><V1/><F1/><W36/><REACH who="3" step="1"/><G34/><REACH who="3" ten="224,237,227,292" step="2"/><T120/><D114/><U84/><E33/><V61/><F61/><W80/><G80/><T96/><D120/><U60/><E0/><V103/><AGARI ba="0,2" hai="26,27,42,45,50,51,54,57,85,91,93,94,98,103" machi="103" ten="20,5200,0" yaku="1,1,0,1,7,1,8,1,53,0" doraHai="121" doraHaiUra="64" who="2" fromWho="2" sc="224,-13,237,-26,227,72,292,-13" /><INIT seed="2,0,0,1,1,114" ten="211,211,299,279" oya="2" hai0="115,2,60,4,83,3,120,36,106,90,24,35,78" hai1="19,57,94,8,48,62,44,52,16,30,104,131,34" hai2="14,132,10,116,13,45,91,72,73,123,39,96,77" hai3="112,102,74,71,5,119,70,99,54,68,28,58,9"/><V121/><F116/><W26/><G74/><T134/><D90/><U12/><E104/><V11/><F123/><W103/><G112/><T76/><D76/><U50/><E131/><V21/><F121/><W29/><G119/><T7/><D115/><U110/><E110/><V25/><F132/><W47/><G47/><T129/><D60/><U61/><E94/><V59/><F39/><W125/><G125/><T111/><D106/><U40/><REACH who="1" step="1"/><E19/><REACH who="1" ten="211,201,299,279" step="2"/><V105/><F105/><W81/><G81/><T23/><D111/><U17/><E17/><V0/><F72/><W1/><G103/><T69/><D120/><U66/><E66/><V87/><F73/><W88/><G102/><T79/><D129/><U67/><E67/><V89/><F0/><W42/><G1/><T128/><D128/><U95/><E95/><V80/><F80/><W32/><G5/><T20/><D83/><U63/><E63/><V6/><F6/><W18/><G18/><T75/><D75/><U31/><E31/><V51/><F51/><W86/><G29/><T82/><D82/><U22/><E22/><V107/><F107/><W130/><G130/><T41/><D3/><U27/><AGARI ba="0,1" hai="8,12,16,27,30,34,40,44,48,50,52,57,61,62" machi="27" ten="30,7900,0" yaku="1,1,0,1,54,2,53,0" doraHai="114" doraHaiUra="97" who="1" fromWho="1" sc="211,-20,201,89,299,-39,279,-20" /><INIT seed="3,0,0,3,0,90" ten="191,290,260,259" oya="3" hai0="110,60,56,64,0,20,36,42,68,81,12,59,131" hai1="112,75,50,122,61,9,117,121,10,104,126,32,54" hai2="4,111,39,125,130,109,106,1,15,53,127,29,44" hai3="78,134,21,58,100,72,124,133,71,119,114,84,128"/><W49/><G119/><T115/><D0/><U23/><E117/><V27/><F106/><W76/><G71/><T18/><D115/><U28/><E32/><V69/><F69/><W66/><G114/><T14/><D131/><U52/><E112/><V57/><F39/><W17/><G128/><T73/><D110/><N who="2" m="41994" /><F44/><W41/><G100/><T70/><D56/><U93/><E104/><V16/><F57/><W129/><G129/><T80/><D68/><U46/><E75/><V98/><F53/><N who="3" m="32047" /><G41/><T88/><D73/><U108/><E108/><V35/><F98/><W113/><G72/><T101/><D101/><U8/><E61/><V65/><F65/><W116/><G116/><T30/><D70/><U7/><E54/><V38/><F38/><W89/><G66/><T33/><D42/><U102/><E126/><N who="2" m="48139" /><F130/><W79/><G124/><T103/><D36/><U19/><E28/><V62/><F62/><W82/><G113/><T85/><D59/><U94/><E7/><V96/><F96/><W22/><G17/><T123/><D60/><U74/><E74/><V105/><F105/><W132/><AGARI ba="0,0" hai="21,22,76,78,79,82,84,89,132,133,134" m="32047" machi="132" ten="40,2100,0" yaku="20,1" doraHai="90" who="3" fromWho="3" sc="191,-7,290,-7,260,-7,259,21" /><INIT seed="3,1,0,0,2,19" ten="184,283,253,280" oya="3" hai0="33,116,54,21,48,34,77,127,123,8,81,70,87" hai1="88,90,68,13,58,117,47,99,11,40,118,37,43" hai2="1,106,107,57,22,55,6,95,125,79,75,53,91" hai3="28,132,20,16,50,119,14,135,12,30,38,32,5"/><W56/><G38/><T113/><D70/><U74/><E68/><V76/><F107/><W18/><G119/><N who="1" m="45578" /><E43/><V27/><F106/><W100/><G100/><T67/><D116/><U17/><E74/><V92/><F125/><W49/><G5/><T121/><D127/><U66/><E99/><V134/><F134/><N who="3" m="51243" /><G32/><T85/><D121/><U59/><E59/><V15/><F1/><W60/><G30/><T120/><D123/><U2/><E2/><V4/><F75/><W65/><G28/><T101/><D120/><U64/><E58/><V115/><F115/><W25/><G25/><T124/><D113/><U130/><E130/><V26/><F95/><W9/><AGARI ba="1,0" hai="9,12,14,16,18,20,49,50,56,60,65" m="51243" machi="9" ten="30,6000,0" yaku="20,1,52,1,54,1" doraHai="19" who="3" fromWho="3" sc="184,-21,283,-21,253,-21,280,63" /><INIT seed="3,2,0,1,1,114" ten="163,262,232,343" oya="3" hai0="24,14,4,29,48,87,127,12,75,68,84,50,10" hai1="67,103,26,25,18,116,27,66,16,89,98,97,9" hai2="93,71,40,126,52,124,32,45,100,61,35,47,64" hai3="49,31,65,125,85,121,91,6,22,134,90,1,56"/><W79/><G121/><T43/><D68/><U133/><E133/><V120/><F120/><W92/><G134/><T54/><D75/><U70/><E70/><V41/><F93/><W123/><G123/><T15/><D127/><N who="2" m="48682" /><F100/><W20/><G1/><T101/><D101/><U94/><E116/><V30/><F30/><W112/><G6/><T42/><D10/><U73/><E73/><V59/><F35/><W13/><G112/><T17/><D17/><U36/><E36/><V19/><F19/><N who="3" m="10351" /><G79/><T63/><D4/><U102/><E102/><V96/><F96/><N who="3" m="57367" /><G65/><T104/><D104/><U76/><E76/><V38/><F32/><W113/><G113/><T86/><D63/><U0/><E0/><V5/><F5/><W33/><G33/><T2/><D2/><U110/><E67/><V44/><F41/><W60/><G49/><AGARI ba="2,0" hai="38,40,44,45,47,49,52,59,61,64,71" m="48682" machi="49" ten="30,8000,1" yaku="24,1,18,1,34,2,54,1" doraHai="114" who="2" fromWho="3" sc="163,0,262,0,232,86,343,-86" /><INIT seed="4,0,0,1,2,67" ten="163,262,318,257" oya="0" hai0="98,77,50,76,34,6,96,62,42,40,72,117,47" hai1="46,41,65,124,127,109,18,81,4,24,113,38,134" hai2="9,87,105,90,66,17,39,68,114,73,5,44,53" hai3="52,59,19,10,45,33,128,93,63,102,37,31,56"/><T64/><D34/><U54/><E109/><V130/><F73/><W91/><G102/><T85/><D117/><U88/><E134/><V28/><F105/><W7/><G128/><T12/><D72/><U70/><E4/><V97/><F114/><W119/><G119/><T95/><D42/><U92/><E81/><V112/><F112/><W8/><G33/><T32/><D32/><U60/><E54/><V13/><F130/><W123/><G31/><T101/><D85/><U58/><E58/><V69/><F97/><W21/><G123/><T79/><D98/><U75/><E75/><V94/><F66/><W84/><G7/><T86/><D86/><U80/><E80/><V29/><F5/><W1/><G1/><T106/><D6/><U125/><E113/><V126/><F126/><W120/><G120/><T14/><REACH who="0" step="1"/><D106/><REACH who="0" ten="153,262,318,257" step="2"/><U15/><E92/><V110/><F87/><W25/><G37/><T57/><AGARI ba="0,1" hai="12,14,40,47,50,57,62,64,76,77,79,95,96,101" machi="57" ten="30,11700,0" yaku="1,1,2,1,0,1,8,1,53,0" doraHai="67" doraHaiUra="115" who="0" fromWho="0" sc="153,127,262,-39,318,-39,257,-39" /><INIT seed="4,1,0,5,3,35" ten="280,223,279,218" oya="0" hai0="68,52,81,27,122,19,15,95,103,1,20,119,120" hai1="116,84,97,37,130,129,80,100,60,9,31,111,3" hai2="118,115,14,70,21,10,54,88,62,67,6,69,47" hai3="92,126,66,39,99,104,36,11,112,106,58,23,83"/><T121/><D68/><U82/><E111/><V29/><F115/><W131/><G112/><T102/><D119/><U96/><E116/><V107/><F118/><W72/><G131/><N who="1" m="50186" /><E37/><V124/><F107/><W71/><G71/><T105/><D105/><U91/><E31/><V46/><F124/><W26/><G126/><T74/><D95/><N who="1" m="56447" /><E60/><V33/><F33/><W50/><G39/><T45/><D81/><U108/><E108/><V90/><F70/><W76/><G36/><T78/><D74/><U113/><E113/><V32/><F32/><W123/><G123/><T109/><D78/><U56/><E56/><V34/><F34/><W2/><G2/><T43/><D109/><U18/><E18/><V63/><F47/><W86/><G72/><T25/><D1/><U41/><E41/><V13/><F46/><W4/><G66/><T64/><D64/><U134/><E134/><V7/><F7/><W117/><G117/><T12/><D43/><U59/><E59/><V42/><F42/><W79/><G58/><T22/><D120/><U135/><E135/><V28/><F28/><W133/><G50/><N who="0" m="28751" /><D121/><U8/><E3/><V30/><F30/><W125/><G133/><T55/><D122/><U48/><E48/><V17/><F29/><W49/><G49/><T5/><D55/><U75/><E75/><V98/><REACH who="2" step="1"/><F98/><REACH who="2" ten="280,223,269,218" step="2"/><W16/><G125/><T40/><D40/><U38/><E38/><V101/><F101/><N who="0" m="38410" /><D5/><U51/><E100/><V127/><F127/><W110/><G110/><T53/><D53/><U87/><E97/><V128/><F128/><W114/><G99/><RYUUKYOKU ba="1,1" sc="280,15,223,-15,269,15,218,-15" hai0="12,15,19,20,22,25,27" hai2="6,10,13,14,17,21,54,62,63,67,69,88,90" /><INIT seed="4,2,1,3,3,3" ten="295,208,284,203" oya="0" hai0="24,29,133,96,38,129,128,80,132,33,54,68,108" hai1="48,116,103,60,30,41,112,84,118,58,1,57,46" hai2="61,109,15,4,39,59,12,13,50,131,26,25,125" hai3="111,11,14,89,105,52,31,119,126,2,7,10,121"/><T9/><D68/><U62/><E1/><V6/><F39/><W35/><G119/><T82/><D38/><U42/><E103/><V110/><F131/><N who="0" m="50250" /><D108/><U18/><E30/><V115/><F110/><W122/><G105/><T65/><D65/><N who="1" m="39055" /><E18/><V77/><F109/><W85/><G111/><T17/><D96/><U75/><E84/><V66/><F115/><W72/><G72/><T91/><D91/><U27/><E27/><N who="2" m="10251" /><F125/><W37/><G37/><T106/><D106/><U88/><E88/><V44/><F77/><W69/><G69/><T113/><D113/><U20/><E20/><V63/><F63/><W92/><G126/><T8/><D17/><U83/><E83/><N who="0" m="31785" /><D54/><AGARI ba="2,1" hai="4,6,12,13,15,44,50,54,59,61,66" m="10251" machi="54" ten="30,3900,0" yaku="8,1,52,2" doraHai="3" who="2" fromWho="0" sc="295,-45,208,0,284,55,203,0" /><INIT seed="5,0,0,4,3,78" ten="250,208,339,203" oya="1" hai0="13,37,32,16,103,110,21,120,25,117,17,119,73" hai1="113,116,14,55,85,106,84,135,75,8,24,99,121" hai2="112,101,31,41,104,50,74,66,15,108,52,124,62" hai3="0,19,48,90,96,111,30,42,129,127,45,68,38"/><U23/><E75/><V80/><F74/><W93/><G68/><T54/><D37/><U98/><E121/><V81/><F108/><W28/><G111/><T89/><D110/><U39/><E116/><V51/><F124/><W2/><G127/><T118/><D103/><U100/><E113/><V105/><F112/><W79/><G129/><T34/><D54/><U58/><E135/><V72/><F31/><W43/><G79/><T95/><D73/><U20/><E39/><V29/><F72/><W109/><G109/><T26/><D89/><U27/><E98/><V76/><F29/><W6/><G19/><T57/><D95/><U102/><E102/><V69/><F76/><W12/><G0/><T83/><D57/><U131/><E23/><V125/><F125/><W65/><G2/><T33/><D83/><U92/><E131/><V10/><F105/><W46/><REACH who="3" step="1"/><G65/><REACH who="3" ten="250,208,339,193" step="2"/><T60/><D120/><U123/><E123/><V82/><F66/><W134/><G134/><T53/><D17/><N who="1" m="12303" /><E106/><V64/><F69/><W35/><G35/><T132/><D132/><U4/><E27/><V36/><F64/><W88/><G88/><T22/><D118/><U49/><AGARI ba="0,1" hai="4,8,14,49,55,58,84,85,92,99,100" m="12303" machi="49" ten="30,1500,0" yaku="8,1" doraHai="78" who="1" fromWho="1" sc="250,-5,208,25,339,-5,193,-5" /><INIT seed="5,1,0,3,2,99" ten="245,233,334,188" oya="1" hai0="4,64,31,34,124,101,71,129,43,130,20,24,83" hai1="19,110,128,39,118,30,80,67,36,98,17,73,105" hai2="117,28,68,94,65,29,95,85,37,96,51,41,100" hai3="93,18,25,49,6,10,112,48,106,86,52,104,120"/><U11/><E118/><V132/><F117/><W59/><G120/><T75/><D43/><U50/><E128/><N who="0" m="49257" /><D4/><U90/><E110/><V76/><F132/><W9/><G112/><T116/><D116/><U102/><E67/><V91/><F37/><W57/><G106/><T125/><D64/><U45/><E30/><V131/><F131/><W92/><G104/><T35/><D71/><U115/><E115/><V14/><F76/><W66/><G6/><T21/><D83/><U62/><E62/><V42/><F68/><W0/><G0/><T103/><D75/><U16/><E11/><V74/><F74/><W114/><G114/><T13/><D21/><U56/><E56/><V8/><F65/><W111/><G111/><T79/><D79/><U109/><E109/><V127/><F127/><N who="0" m="48714" /><D13/><U89/><E73/><V88/><F91/><W82/><G66/><T46/><D46/><U2/><E2/><V107/><F107/><W78/><G9/><T133/><D133/><U15/><E15/><V23/><F23/><N who="3" m="13559" /><G10/><T40/><D40/><N who="2" m="15466" /><F51/><W122/><G122/><T53/><D53/><AGARI ba="1,0" hai="48,49,52,53,57,59,78,82,86,92,93" m="13559" machi="53" ten="30,2000,0" yaku="8,1,54,1" doraHai="99" who="3" fromWho="0" sc="245,-23,233,0,334,0,188,23" /><INIT seed="6,0,0,1,2,80" ten="222,233,334,211" oya="2" hai0="85,95,15,1,117,116,2,97,125,69,134,75,33" hai1="28,103,25,119,31,112,40,42,62,122,12,46,67" hai2="18,7,121,61,73,96,37,45,124,130,129,133,30" hai3="89,41,52,78,86,100,39,58,26,71,123,102,8"/><V14/><F121/><W21/><G123/><T3/><D75/><U11/><E122/><V22/><F133/><W36/><G71/><T84/><D33/><U126/><E119/><N who="0" m="45641" /><D69/><U94/><E112/><V24/><F73/><W132/><G132/><T99/><D134/><U32/><E31/><V51/><F37/><W107/><G107/><T98/><D125/><U76/><E76/><V4/><F124/><W68/><G68/><T93/><D15/><U91/><E103/><N who="3" m="39466" /><G39/><T88/><D98/><U23/><E32/><V44/><F96/><W17/><G36/><T74/><D74/><U5/><E46/><V109/><F109/><W131/><G131/><N who="2" m="50185" /><F61/><N who="3" m="36039" /><G41/><T48/><D48/><U35/><E35/><N who="2" m="20935" /><F45/><W77/><G8/><T127/><D127/><U20/><E126/><V47/><F47/><W110/><G110/><T66/><D66/><U27/><E62/><V50/><F50/><W115/><G115/><T9/><D9/><U34/><E67/><V64/><F64/><W135/><G135/><T104/><D104/><U90/><E34/><V128/><N who="2" m="50193" /><V59/><DORA hai="54" /><F59/><W55/><G55/><AGARI ba="0,0" hai="4,7,14,18,22,44,51,55" m="20935,50193" machi="55" ten="40,2000,0" yaku="19,1" doraHai="80,54" who="2" fromWho="3" sc="222,0,233,0,334,20,211,-20" /><INIT seed="6,1,0,1,1,73" ten="222,233,354,191" oya="2" hai0="65,17,132,120,35,106,85,70,6,118,29,40,39" hai1="11,5,55,119,62,36,93,129,10,13,77,15,46" hai2="105,79,87,91,38,59,53,64,12,7,41,134,2" hai3="88,57,63,33,21,86,52,27,82,84,104,66,25"/><V110/><F105/><W102/><G33/><T113/><D17/><U135/><E119/><V97/><F2/><W67/><G104/><T31/><D85/><U121/><E135/><V124/><F134/><W48/><G102/><T1/><D29/><U130/><E121/><V43/><F38/><W89/><G66/><T78/><D120/><U71/><E93/><N who="2" m="56511" /><F124/><W100/><G100/><T4/><D4/><U72/><E71/><V68/><F110/><W116/><G116/><T34/><D31/><U69/><E69/><V96/><F96/><W18/><G27/><T125/><D125/><U76/><E72/><V122/><F68/><W128/><G128/><N who="1" m="49258" /><E62/><N who="2" m="36207" /><F64/><W58/><G84/><T0/><D132/><U112/><E112/><V50/><F122/><W81/><G81/><T22/><D113/><U37/><E37/><V127/><F127/><W26/><G26/><T61/><D1/><U123/><E123/><V9/><F50/><W42/><G42/><T101/><D39/><U109/><E109/><V80/><AGARI ba="1,0" hai="7,9,12,41,43,79,80,87" m="36207,56511" machi="80" ten="30,3000,0" yaku="8,1,52,1" doraHai="73" who="2" fromWho="2" sc="222,-11,233,-11,354,33,191,-11" /><INIT seed="6,2,0,0,5,6" ten="211,222,387,180" oya="2" hai0="97,35,131,74,106,36,9,4,110,16,129,45,117" hai1="134,64,132,111,135,70,122,88,28,128,109,52,65" hai2="63,72,12,37,57,27,85,1,71,19,115,55,133" hai3="126,96,108,90,89,31,26,23,47,42,107,101,80"/><V0/><F37/><W8/><G108/><N who="1" m="41546" /><E128/><N who="0" m="49225" /><D110/><U20/><E122/><V114/><F72/><W41/><G126/><T83/><D117/><U79/><E79/><V58/><F133/><W77/><G42/><N who="0" m="22727" /><D35/><U81/><E70/><V125/><F125/><W24/><G24/><T78/><D97/><U84/><E52/><N who="2" m="34215" /><F71/><W104/><G104/><T34/><D34/><U91/><E91/><V123/><F27/><AGARI ba="2,0" hai="20,27,28,64,65,81,84,88,132,134,135" m="41546" machi="27" ten="40,2600,0" yaku="20,1,54,1" doraHai="6" who="1" fromWho="2" sc="211,0,222,32,387,-32,180,0" /><INIT seed="7,0,0,4,4,12" ten="211,254,355,180" oya="3" hai0="66,108,26,9,15,88,93,48,134,6,116,113,63" hai1="62,131,52,54,77,130,95,127,17,34,119,118,103" hai2="102,50,79,58,4,84,135,101,7,47,59,23,89" hai3="5,19,8,38,69,46,115,16,71,80,37,10,31"/><W104/><G104/><T21/><D116/><N who="1" m="44587" /><E127/><V85/><F135/><W75/><G31/><T97/><D134/><U42/><E42/><N who="2" m="24951" /><F79/><N who="3" m="44159" /><G38/><T78/><D113/><U76/><E34/><V29/><F85/><W64/><G115/><T94/><D108/><U91/><E103/><N who="2" m="39435" /><F29/><W27/><G27/><T3/><D3/><U128/><E17/><N who="3" m="6730" /><G64/><T90/><D78/><N who="1" m="30315" /><E62/><V53/><F23/><W72/><G72/><T86/><D48/><U110/><E110/><V24/><F24/><W2/><G10/><T35/><D35/><U20/><E20/><V43/><F43/><AGARI ba="0,0" hai="2,5,8,37,43,46,69,71" m="6730,44159" machi="43" ten="30,12000,1" yaku="25,1,52,3,54,1" doraHai="12" who="3" fromWho="2" sc="211,0,254,0,355,-120,180,120" owari="211,-29.0,254,5.0,235,-16.0,300,40.0" /></mjloggm>