<mjloggm ver="2.3"><GO type="169"/><UN n0="%EF%BC%88%E2%89%A7%E2%96%BD%E2%89%A6%EF%BC%89" n1="%E8%B5%A4%E6%9C%A8%E3%81%97%E3%81%92%E3%82%8B%61%73" n2="%56%49%4E%43%45%4E%54" n3="%E3%81%84%E3%81%97%E3%81%97%E3%82%93%49%44%E7%B4%9B%E5%A4%B1" dan="18,16,16,16" rate="2211,2105,2065,2075" sx="M,F,M,M"/><TAIKYOKU oya="0"/><INIT seed="0,0,0,3,3,46" ten="250,250,250,250" oya="0" hai0="38,110,64,33,61,11,101,129,121,0,132,8,81" hai1="86,97,62,9,114,118,93,112,1,40,43,79,80" hai2="87,58,50,15,4,115,103,131,91,90,88,47,113" hai3="63,111,98,6,17,134,102,20,67,77,24,59,73"/><T120/><D38/><U39/><E118/><V32/><F131/><W104/><G111/><T28/><D129/><U56/><E1/><V23/><F32/><W35/><G134/><T126/><D132/><U76/><E76/><V57/><F103/><W36/><G36/><T116/><D116/><U42/><E9/><V3/><F3/><W125/><G125/><T60/><D126/><U71/><E71/><V12/><F87/><W2/><G35/><T13/><D61/><U107/><E107/><V84/><F84/><W100/><G100/><T25/><D110/><U72/><E72/><V122/><F122/><W26/><G2/><T34/><D34/><U31/><E31/><V135/><F135/><W99/><G99/><T106/><D81/><U74/><E74/><V69/><F69/><W49/><G6/><N who="0" m="1095" /><D13/><U55/><REACH who="1" step="1"/><E39/><REACH who="1" ten="250,240,250,250" step="2"/><V123/><F123/><W54/><G77/><T16/><D11/><U119/><E119/><V95/><F115/><W52/><G73/><T108/><D108/><U82/><E82/><V21/><F113/><W89/><G104/><T96/><D16/><U37/><E37/><V78/><F78/><W19/><G19/><T14/><D121/><U65/><E65/><V128/><F128/><W44/><G67/><T109/><D109/><U53/><E53/><V68/><F68/><W83/><G17/><T48/><D120/><U66/><E66/><V22/><F4/><W45/><G83/><T41/><D64/><U10/><E10/><V29/><F29/><W75/><G75/><T85/><D106/><U7/><E7/><V27/><F95/><RYUUKYOKU ba="0,1" sc="250,-10,240,30,250,-10,250,-10" hai1="40,42,43,55,56,62,79,80,86,93,97,112,114" /><INIT seed="1,1,1,5,0,74" ten="240,270,240,240" oya="1" hai0="56,129,93,67,17,34,32,39,127,69,35,26,19" hai1="21,125,128,45,112,121,31,77,94,100,114,120,73" hai2="113,47,5,65,66,90,88,29,42,82,68,1,27" hai3="36,49,105,83,110,20,118,96,123,0,86,11,13"/><U115/><E45/><V80/><F113/><W87/><G36/><T99/><D39/><U131/><E31/><V55/><F1/><W53/><G123/><N who="1" m="47178" /><E21/><N who="2" m="15599" /><F5/><W14/><G0/><T101/><D69/><U98/><E125/><V71/><F68/><W46/><G110/><T95/><D127/><U25/><E25/><V37/><F37/><W43/><G118/><T130/><D26/><U84/><E84/><V111/><F111/><W134/><G134/><T9/><D9/><U63/><E63/><V8/><F71/><W51/><G105/><N who="0" m="63679" /><D56/><U124/><E124/><V91/><F42/><W106/><G106/><T12/><D67/><N who="2" m="25610" /><F8/><W6/><G96/><T57/><D57/><U78/><E73/><V18/><F18/><N who="3" m="10319" /><G83/><T24/><D19/><U70/><E70/><V76/><F76/><AGARI ba="1,1" hai="76,77,78,94,98,100,112,114,115,128,131" m="47178" machi="76" ten="40,12000,1" yaku="34,2,52,3" doraHai="74" who="1" fromWho="2" sc="240,0,270,133,240,-123,240,0" /><INIT seed="1,2,0,5,2,105" ten="240,403,117,240" oya="1" hai0="31,38,14,17,73,62,6,46,100,129,23,50,58" hai1="36,11,87,21,10,134,44,112,118,39,15,116,3" hai2="114,128,34,92,107,33,133,20,108,61,132,98,51" hai3="1,86,135,52,42,77,22,109,93,0,60,29,24"/><U26/><E112/><V47/><F114/><W101/><G109/><T103/><D129/><U83/><E3/><V40/><F108/><W111/><G111/><T81/><D38/><U123/><E123/><V121/><F121/><W90/><G135/><N who="2" m="51785" /><F128/><W69/><G42/><T80/><D31/><U99/><E134/><V115/><F115/><W9/><G101/><N who="0" m="38987" /><D73/><U94/><E118/><V8/><F107/><W55/><G77/><T106/><D6/><U96/><E116/><V97/><F20/><W41/><G41/><N who="0" m="24911" /><D106/><U75/><E75/><V18/><F61/><W120/><G120/><T89/><D89/><U67/><E67/><AGARI ba="2,0" hai="14,17,23,58,62,67,80,81" m="24911,38987" machi="67" ten="30,1000,0" yaku="8,1" doraHai="105" who="0" fromWho="1" sc="240,16,403,-16,117,0,240,0" /><INIT seed="2,0,0,5,3,95" ten="256,387,117,240" oya="2" hai0="34,65,110,24,96,31,54,73,90,132,135,51,102" hai1="130,97,119,114,11,30,45,33,60,87,26,105,20" hai2="4,19,131,25,121,133,44,69,118,59,93,126,112" hai3="103,81,38,49,3,83,115,75,134,106,10,56,70"/><V72/><F93/><W55/><G70/><T9/><D110/><U47/><E114/><V129/><F4/><W84/><G38/><T85/><D73/><U122/><E119/><V101/><F101/><W113/><G134/><T50/><D65/><U116/><E116/><V14/><F25/><W12/><G3/><T104/><D9/><U37/><E130/><V89/><F89/><W98/><G75/><T7/><D7/><U74/><E74/><V2/><F14/><W53/><G53/><T109/><D109/><U108/><E108/><V91/><F19/><W0/><G0/><T16/><D16/><U92/><E122/><V58/><F91/><W17/><REACH who="3" step="1"/><G83/><REACH who="3" ten="256,387,117,230" step="2"/><T1/><D1/><U46/><E37/><V107/><F44/><W8/><G8/><T117/><D117/><U43/><E11/><V82/><F82/><W86/><G86/><T80/><REACH who="0" step="1"/><D50/><REACH who="0" ten="246,387,117,230" step="2"/><U76/><E43/><V68/><F2/><W40/><G40/><T29/><D29/><U100/><E30/><V99/><F118/><W27/><G27/><T120/><D120/><U42/><E26/><V57/><F121/><W67/><G67/><T88/><D88/><AGARI ba="0,2" hai="10,12,17,49,55,56,81,84,88,98,103,106,113,115" machi="88" ten="40,8000,1" yaku="1,1,52,1,54,1,53,1" doraHai="95" doraHaiUra="94" who="3" fromWho="0" sc="246,-80,387,0,117,0,230,100" /><INIT seed="3,0,0,4,2,28" ten="166,387,117,330" oya="3" hai0="51,109,133,66,122,43,108,47,12,30,91,11,130" hai1="112,3,102,76,128,55,9,8,100,44,99,104,26" hai2="21,114,83,70,59,2,84,53,10,98,61,72,34" hai3="124,50,23,38,96,120,36,69,111,115,7,49,82"/><W89/><G120/><T45/><D122/><U116/><E112/><V6/><F114/><W93/><G115/><T94/><D130/><U127/><E128/><V90/><F72/><W92/><G69/><T107/><D133/><U56/><E127/><V131/><F131/><W101/><G124/><T64/><D107/><U80/><E116/><V71/><F34/><W68/><G68/><T135/><D30/><U129/><E129/><V113/><F113/><W85/><G111/><N who="0" m="42571" /><D45/><U54/><E100/><V86/><F84/><W46/><G7/><N who="0" m="3199" /><D135/><U105/><E3/><V37/><F37/><W20/><G38/><T41/><D43/><U52/><E105/><V4/><F6/><W119/><G119/><T22/><D22/><N who="3" m="8233" /><G36/><T29/><D29/><U5/><E26/><V17/><REACH who="2" step="1"/><F98/><AGARI ba="0,0" hai="41,47,51,64,66,91,94,98" m="3199,42571" machi="98" ten="30,1000,0" yaku="14,1" doraHai="28" who="0" fromWho="2" sc="166,10,387,0,117,-10,330,0" /><INIT seed="4,0,0,5,4,10" ten="176,387,107,330" oya="0" hai0="56,13,130,86,38,96,22,127,5,84,114,30,108" hai1="61,4,57,32,124,134,126,112,131,94,48,23,115" hai2="67,102,3,82,16,72,85,33,49,55,109,69,91" hai3="83,45,121,44,89,66,70,26,122,129,27,9,7"/><T37/><D114/><N who="1" m="43563" /><E32/><V90/><F109/><W2/><G129/><T0/><D0/><U78/><E131/><V53/><F3/><W79/><G89/><T128/><D108/><U50/><E134/><V58/><F72/><N who="3" m="43495" /><G66/><T110/><D110/><U19/><E78/><V73/><F73/><W92/><G92/><T25/><D127/><N who="1" m="48683" /><E94/><V40/><F40/><W132/><G70/><T88/><D130/><U64/><E4/><V65/><F33/><W105/><G105/><T8/><D128/><U28/><E28/><V125/><F125/><W47/><G132/><T106/><D106/><U51/><E51/><N who="2" m="31039" /><F69/><W104/><G104/><T46/><D38/><U120/><E120/><AGARI ba="0,0" hai="2,7,9,26,27,44,45,47,120,121,122" m="43495" machi="120" ten="30,1000,0" yaku="13,1" doraHai="10" who="3" fromWho="1" sc="176,0,387,-10,107,0,330,10" /><INIT seed="5,0,0,4,2,51" ten="176,377,107,340" oya="1" hai0="110,60,29,66,37,68,52,81,125,82,79,89,104" hai1="69,70,13,56,10,101,92,127,55,65,19,49,12" hai2="57,39,84,15,9,113,1,122,91,131,93,87,42" hai3="47,34,109,76,96,24,22,21,5,38,30,18,8"/><U41/><E127/><V90/><F122/><W111/><G76/><T48/><D110/><U28/><E28/><V108/><F108/><N who="3" m="41547" /><G47/><T63/><D125/><U119/><E119/><V20/><F131/><W72/><G96/><T58/><D104/><U61/><E41/><V114/><F1/><N who="3" m="47" /><G72/><T6/><D6/><U45/><REACH who="1" step="1"/><E13/><REACH who="1" ten="176,367,107,340" step="2"/><V4/><F42/><W23/><G38/><T26/><D37/><U88/><E88/><V121/><F39/><W112/><G112/><T27/><D89/><U62/><E62/><V11/><F114/><W7/><G7/><T0/><D60/><U35/><E35/><V74/><F113/><W117/><G117/><T100/><D29/><U73/><E73/><V124/><F74/><W107/><G107/><T17/><D63/><U115/><E115/><V95/><F124/><W54/><G54/><T128/><D52/><U97/><AGARI ba="0,1" hai="10,12,19,45,49,55,56,61,65,69,70,92,97,101" machi="97" ten="30,6000,0" yaku="1,1,0,1,52,1,53,0" doraHai="51" doraHaiUra="85" who="1" fromWho="1" sc="176,-20,367,70,107,-20,340,-20" /><INIT seed="5,1,0,5,1,83" ten="156,437,87,320" oya="1" hai0="51,16,32,45,60,41,29,105,11,92,48,25,75" hai1="86,52,27,26,109,5,44,64,96,114,7,74,22" hai2="97,129,112,3,85,88,99,126,93,34,28,87,49" hai3="77,81,9,17,124,131,82,24,19,50,66,14,134"/><U79/><E74/><V118/><F3/><W43/><G134/><T47/><D105/><U55/><E114/><V36/><F36/><W120/><G120/><T113/><D113/><U54/><E64/><V70/><F112/><W10/><G131/><T31/><D75/><U132/><E132/><V128/><F70/><W63/><G124/><T71/><D71/><U104/><E109/><V133/><F118/><W68/><G82/><T20/><D60/><U103/><E44/><V18/><F133/><W1/><G1/><T121/><D121/><U30/><REACH who="1" step="1"/><E26/><REACH who="1" ten="156,427,87,320" step="2"/><V56/><F126/><W78/><G24/><T72/><D72/><U23/><E23/><V42/><F129/><W94/><G66/><T58/><D32/><U13/><E13/><V90/><F128/><W95/><G14/><T122/><D122/><U111/><E111/><V119/><F119/><W76/><G10/><T108/><D11/><U8/><E8/><V21/><F34/><W65/><G9/><T135/><D135/><U2/><E2/><V69/><F69/><W33/><G33/><T12/><D108/><U67/><E67/><V101/><F42/><W37/><G43/><N who="0" m="24703" /><D25/><U115/><E115/><V6/><F28/><N who="0" m="10826" /><D58/><U110/><E110/><V91/><F6/><W84/><G68/><T57/><D57/><U127/><E127/><V61/><F61/><W46/><G63/><T62/><D62/><U106/><E106/><V98/><F56/><W80/><G65/><T0/><D0/><U39/><E39/><V38/><F38/><W15/><G37/><T59/><D59/><U73/><E73/><RYUUKYOKU ba="1,1" sc="156,15,427,15,87,-15,320,-15" hai0="12,16,20,41,45,51,92" hai1="5,7,22,27,30,52,54,55,79,86,96,103,104" /><INIT seed="5,2,1,3,2,74" ten="171,442,72,305" oya="1" hai0="11,70,80,104,93,120,88,24,20,33,13,130,97" hai1="58,34,107,32,91,101,10,38,29,96,48,27,123" hai2="35,65,3,55,71,113,95,75,25,111,14,105,23" hai3="44,4,112,110,68,45,62,49,63,53,90,76,50"/><U85/><E123/><V83/><F111/><W132/><G110/><T125/><D70/><U100/><E38/><V57/><F105/><W66/><G112/><T54/><D120/><U129/><E129/><V52/><F113/><W73/><G4/><N who="0" m="3303" /><D104/><U2/><E101/><V22/><F3/><W94/><G132/><T59/><D33/><U126/><E126/><V69/><F65/><W0/><G63/><N who="0" m="36343" /><D130/><U84/><E34/><V67/><F67/><W19/><G0/><T46/><D46/><U36/><E36/><V47/><F47/><W118/><G118/><T128/><D125/><U133/><E133/><V64/><F64/><W87/><G73/><T26/><D128/><U5/><E91/><V41/><F41/><W43/><REACH who="3" step="1"/><G19/><REACH who="3" ten="171,442,72,295" step="2"/><N who="0" m="12319" /><D26/><U127/><E127/><V131/><F25/><W82/><G82/><AGARI ba="2,2" hai="80,82,88,93,97" m="12319,36343,3303" machi="82" ten="30,3900,0" yaku="25,1,8,1,54,1" doraHai="74" who="0" fromWho="3" sc="171,65,442,0,72,0,295,-45" /><INIT seed="6,0,0,1,5,128" ten="236,442,72,250" oya="2" hai0="124,55,40,17,102,93,123,131,94,28,119,15,74" hai1="91,12,106,127,19,42,87,14,90,54,101,103,108" hai2="30,49,113,60,73,9,39,114,133,83,43,76,81" hai3="11,56,36,99,122,0,58,72,20,4,68,77,29"/><V5/><F39/><W66/><G122/><T78/><D123/><U105/><E108/><V25/><F133/><W115/><G36/><T104/><D131/><U47/><E127/><V1/><F60/><W21/><G68/><T75/><D124/><U118/><E118/><V84/><F49/><W116/><G116/><T10/><D40/><U135/><E135/><V134/><F43/><W85/><G72/><T45/><D119/><U63/><E106/><V53/><F53/><W69/><G69/><T18/><D28/><U13/><E105/><V22/><REACH who="2" step="1"/><F134/><REACH who="2" ten="236,442,62,250" step="2"/><W80/><G66/><T62/><D62/><U110/><E110/><V23/><F23/><W107/><G21/><T16/><D55/><U48/><E63/><V26/><F26/><W82/><G20/><T34/><D45/><U37/><E37/><V125/><F125/><W50/><G50/><T27/><D27/><U79/><E42/><V44/><F44/><W120/><G120/><T89/><D34/><U64/><E64/><V70/><F70/><W8/><G58/><T52/><D52/><U46/><E46/><V6/><F6/><W2/><G4/><T51/><D51/><U109/><E109/><V129/><F129/><W117/><G56/><T111/><D111/><U59/><E47/><V97/><F97/><W88/><G99/><T132/><D132/><U112/><E48/><V61/><F61/><W3/><G117/><T67/><D67/><U130/><E54/><V24/><F24/><W35/><G35/><T92/><D18/><U38/><E130/><V57/><F57/><W33/><G33/><RYUUKYOKU ba="0,1" sc="236,-10,442,-10,62,30,250,-10" hai2="1,5,9,22,25,30,73,76,81,83,84,113,114" /><INIT seed="6,1,1,2,0,69" ten="226,432,92,240" oya="2" hai0="13,99,5,93,61,55,32,63,83,2,85,66,64" hai1="52,81,74,77,105,38,15,30,91,98,16,4,29" hai2="68,47,10,59,94,14,97,129,90,34,84,79,48" hai3="92,96,87,53,103,95,28,35,3,42,36,118,25"/><V22/><F34/><W50/><G3/><T102/><D32/><U18/><E38/><V60/><F68/><W119/><G42/><T11/><D2/><U1/><E18/><N who="2" m="8535" /><F129/><W26/><G36/><T120/><D120/><U114/><E114/><V131/><F131/><W126/><G126/><T89/><D55/><U40/><E40/><N who="2" m="24679" /><F22/><W108/><G108/><T43/><D43/><U113/><E113/><V112/><F112/><W9/><G9/><T115/><D115/><U65/><E65/><AGARI ba="1,1" hai="5,11,13,61,63,64,65,66,83,85,89,93,99,102" machi="65" ten="40,1300,0" yaku="8,1" doraHai="69" who="0" fromWho="1" sc="226,26,432,-16,92,0,240,0" /><INIT seed="7,0,0,1,3,42" ten="252,416,92,240" oya="3" hai0="37,99,95,50,32,5,31,127,115,19,107,61,76" hai1="93,96,4,122,16,8,1,133,27,85,124,82,80" hai2="109,9,63,13,108,74,88,24,72,97,12,83,10" hai3="22,67,36,98,6,46,41,89,75,30,105,39,126"/><W69/><G75/><T100/><D37/><U118/><E122/><V23/><F63/><W121/><G121/><T59/><D127/><U77/><E124/><V78/><F109/><W106/><G126/><T45/><D32/><U73/><E133/><V104/><F108/><W35/><G22/><T18/><D31/><U54/><E118/><V114/><F114/><W102/><G6/><T25/><D115/><U119/><E119/><V129/><F129/><W47/><G105/><T134/><D134/><U33/><E54/><V51/><F51/><W14/><G14/><T111/><D111/><U103/><E33/><V49/><F49/><W81/><G89/><T43/><D76/><U40/><E40/><V125/><F125/><W101/><G81/><T52/><D25/><U91/><E27/><V64/><F64/><W113/><G102/><T34/><D34/><U62/><E62/><V132/><F132/><W112/><G39/><T20/><D5/><U2/><E16/><N who="0" m="6185" /><D107/><U116/><E116/><V79/><F104/><W90/><G90/><T44/><D20/><U70/><E70/><V60/><F60/><N who="3" m="40167" /><G47/><AGARI ba="0,0" hai="43,44,45,47,50,52,59,61,95,99,100" m="6185" machi="47" ten="30,12000,2" yaku="8,1,52,3,54,2" doraHai="42" who="0" fromWho="3" sc="252,120,416,0,92,0,240,-120" owari="372,17.0,416,52.0,92,-41.0,120,-28.0" /></mjloggm>