<mjloggm ver="2.3"><GO type="1"/><UN n0="%EF%BC%88%E2%89%A7%E2%96%BD%E2%89%A6%EF%BC%89" n1="%E3%81%8B%E3%82%8A%E3%81%B5%E3%82%89%E3%82%8F%E3%83%BC" n2="%E3%83%8F%E3%82%B8%E3%82%AB%E3%83%AC%E3%83%88%E3%83%AD" n3="%E6%B7%B1%E7%AA%93%E3%81%AE%E4%BB%A4%E5%AC%A2" dan="4,3,10,10" rate="1630,1360,1520,1638" sx="M,F,M,M"/><TAIKYOKU oya="0"/><INIT seed="0,0,0,4,3,107" ten="250,250,250,250" oya="0" hai0="116,77,117,104,4,92,17,84,43,67,12,85,70" hai1="80,130,61,83,123,42,25,52,81,26,127,60,10" hai2="120,5,41,134,7,82,99,131,11,98,38,135,51" hai3="78,62,23,45,91,37,68,28,122,115,39,2,109"/><T27/><D104/><U3/><E42/><V101/><F38/><W9/><G115/><T119/><D43/><U0/><E123/><V133/><F41/><W54/><G122/><T21/><D77/><U49/><E127/><V8/><F120/><W88/><G109/><T111/><D111/><U6/><E130/><V125/><F82/><W18/><G78/><T56/><D70/><U75/><E75/><V71/><F71/><W58/><G28/><T124/><D124/><U76/><E0/><V50/><F125/><W55/><G2/><T44/><D44/><U95/><E95/><V13/><F131/><W1/><G1/><T33/><D92/><U90/><E90/><V48/><F101/><W40/><G37/><T73/><D73/><U86/><E83/><V112/><F112/><W34/><G34/><T64/><D33/><U72/><E81/><V129/><F129/><W22/><G9/><T29/><D4/><U31/><E86/><N who="0" m="33385" /><D56/><U113/><E113/><V102/><F102/><W126/><G126/><T74/><D74/><U114/><E114/><V94/><F94/><W97/><G97/><T128/><D128/><U118/><E118/><V121/><F121/><W65/><G23/><T103/><D103/><U24/><REACH who="1" step="1"/><E31/><REACH who="1" step="2"/><V89/><F89/><W15/><REACH who="3" step="1"/><G55/><REACH who="3" step="2"/><T36/><D36/><U87/><E87/><V100/><F100/><W59/><G59/><AGARI ba="0,2" hai="3,6,10,24,25,26,49,52,59,60,61,72,76,80" machi="59" ten="40,8000,1" yaku="1,1,52,1,54,1,53,1" doraHai="107" doraHaiUra="47" who="1" fromWho="3" sc="250,0,240,100,250,0,240,-80" /><INIT seed="1,0,0,5,1,124" ten="250,340,250,160" oya="1" hai0="57,59,98,27,88,23,66,43,50,49,44,56,85" hai1="8,65,108,123,135,17,76,75,73,106,11,12,24" hai2="72,34,70,39,62,42,9,117,45,119,115,29,22" hai3="78,90,105,41,37,107,99,91,114,10,89,113,16"/><U13/><E65/><V28/><F9/><W125/><G16/><T126/><D126/><U83/><E123/><V104/><F22/><W118/><G10/><T110/><D110/><U0/><E106/><V21/><F21/><W64/><G37/><T74/><D74/><U46/><E46/><V96/><F29/><W58/><G64/><T47/><D98/><U51/><E108/><V7/><F7/><W53/><G58/><T1/><D1/><U60/><E51/><V6/><F6/><W18/><G53/><T71/><D71/><U109/><E60/><V95/><F95/><W93/><G18/><T54/><D66/><U97/><E109/><V38/><F38/><W134/><G41/><T133/><D133/><U129/><E97/><V19/><F19/><W61/><G61/><T101/><D101/><U80/><E129/><V14/><F14/><W36/><G36/><T67/><D67/><U87/><E135/><V30/><F30/><W81/><G134/><T112/><D112/><N who="3" m="43113" /><G125/><T128/><D128/><U82/><E83/><V121/><F70/><W111/><G118/><N who="2" m="45065" /><F62/><W69/><G69/><T116/><D116/><U32/><E82/><V52/><F72/><N who="3" m="43207" /><G111/><T40/><D54/><U102/><E102/><AGARI ba="0,0" hai="89,90,91,93,99,102,105,107" m="43207,43113" machi="102" ten="30,2000,0" yaku="34,2" doraHai="124" who="3" fromWho="1" sc="250,0,340,-20,250,0,160,20" /><INIT seed="2,0,0,4,2,6" ten="250,320,250,180" oya="2" hai0="78,101,12,33,48,61,44,10,100,117,31,50,111" hai1="28,73,70,58,7,4,38,94,9,79,135,8,88" hai2="118,5,23,57,42,84,90,104,18,55,53,41,3" hai3="80,95,86,85,51,19,87,103,2,37,29,11,0"/><V119/><F3/><W46/><G37/><T14/><D117/><U30/><E38/><V1/><F104/><W43/><G2/><T113/><D113/><U62/><E70/><V130/><F130/><W121/><G121/><T129/><D129/><U112/><E135/><V109/><F109/><W47/><G0/><T40/><D111/><U122/><E112/><V102/><F102/><W66/><G66/><T65/><D78/><U16/><E122/><V69/><F69/><W89/><G103/><T114/><D114/><U98/><E7/><V81/><F1/><W68/><G68/><T132/><D132/><U82/><E9/><V108/><F5/><W131/><G131/><T125/><D125/><U20/><E4/><V72/><F55/><W39/><G29/><T25/><D48/><U36/><E36/><V34/><F72/><W27/><G27/><T76/><D76/><U120/><E120/><V45/><F34/><W91/><G39/><T13/><REACH who="0" step="1"/><D10/><REACH who="0" step="2"/><U123/><E123/><V115/><F108/><W93/><G46/><T133/><D133/><U134/><E134/><V127/><F45/><W54/><G43/><T15/><N who="0" m="3072" /><DORA hai="77" /><T75/><D75/><U74/><E74/><V64/><F127/><W35/><G11/><T99/><D99/><U83/><E83/><V92/><F81/><W128/><G35/><T49/><D49/><U21/><E21/><V63/><F115/><W59/><G19/><T116/><D116/><U17/><E17/><V26/><F64/><W97/><G128/><T110/><D110/><U107/><E107/><V67/><F67/><RYUUKYOKU ba="0,1" sc="240,15,320,-15,250,15,180,-15" hai0="25,31,33,40,44,50,61,65,100,101" hai2="18,23,26,41,42,53,57,63,84,90,92,118,119" /><INIT seed="2,1,1,1,2,116" ten="255,305,265,165" oya="2" hai0="13,54,66,87,4,11,82,84,74,19,75,98,120" hai1="30,70,53,23,112,62,44,17,47,133,50,78,108" hai2="61,14,104,57,94,90,48,0,10,33,99,49,1" hai3="39,60,96,20,107,31,71,34,24,5,130,95,28"/><V26/><F104/><W109/><G107/><T41/><D120/><U35/><E108/><V37/><F37/><W51/><G109/><T129/><D129/><U46/><E112/><V132/><F132/><W125/><G39/><T92/><D41/><U117/><E78/><V21/><F33/><W16/><G130/><T18/><D66/><U7/><E117/><V42/><F0/><W40/><G125/><T64/><D64/><U80/><E133/><V43/><F1/><W52/><G71/><T113/><D113/><U100/><E80/><V86/><F86/><W119/><G119/><T8/><D74/><U56/><E100/><V65/><F43/><W93/><G34/><T134/><D75/><U127/><E7/><V58/><F58/><W131/><G131/><T73/><D73/><U85/><E85/><N who="0" m="32841" /><D134/><U77/><E77/><V110/><F110/><W97/><G40/><T123/><D123/><U69/><E35/><V126/><F126/><W59/><G5/><N who="0" m="3215" /><D54/><U36/><E30/><V115/><F42/><W38/><G38/><T25/><D82/><U27/><E127/><V124/><F124/><W88/><REACH who="3" step="1"/><G51/><REACH who="3" step="2"/><T9/><D4/><U29/><E36/><V79/><F115/><W106/><G106/><T15/><D92/><U76/><E69/><V101/><F101/><AGARI ba="1,2" hai="16,20,24,28,31,52,59,60,88,93,95,96,97,101" machi="101" ten="30,16000,3" yaku="1,1,7,1,25,2,8,1,54,3,53,2" doraHai="116" doraHaiUra="89" who="3" fromWho="2" sc="255,0,305,0,265,-163,155,183" /><INIT seed="3,0,0,0,0,72" ten="255,305,102,338" oya="3" hai0="57,130,9,96,119,135,106,5,8,26,110,97,129" hai1="24,14,32,19,83,133,7,91,70,69,74,55,59" hai2="0,81,68,127,60,1,117,87,65,4,107,53,66" hai3="101,56,62,42,44,98,132,128,121,88,2,64,90"/><W50/><G121/><T92/><D119/><U46/><E46/><V71/><F117/><W17/><G2/><T76/><D135/><U52/><E32/><V22/><F22/><W85/><G132/><T105/><D110/><U112/><E112/><V131/><F131/><W118/><G118/><T16/><D129/><U67/><E69/><V40/><F53/><W89/><G128/><T93/><D130/><U43/><E133/><V18/><F18/><W120/><G120/><T35/><D35/><U28/><E7/><V48/><F40/><W54/><G17/><T12/><D76/><U103/><E103/><V3/><F48/><W73/><G73/><T114/><D114/><U124/><E124/><V51/><F51/><W84/><REACH who="3" step="1"/><G64/><REACH who="3" step="2"/><T30/><D30/><U125/><E43/><V25/><F25/><W23/><G23/><T102/><D57/><U27/><E125/><V95/><F127/><W36/><G36/><T6/><D6/><U108/><E67/><V10/><F107/><AGARI ba="0,1" hai="42,44,50,54,56,62,84,85,88,89,90,98,101,107" machi="107" ten="40,3900,0" yaku="1,1,54,1,53,0" doraHai="72" doraHaiUra="33" who="3" fromWho="2" sc="255,0,305,0,102,-39,328,49" owari="255,-14,305,11,63,-44,377,47" /></mjloggm>