<mjloggm ver="2.3"><GO type="43"/><UN n0="%EF%BC%88%E2%89%A7%E2%96%BD%E2%89%A6%EF%BC%89" n1="%E9%9D%92%E9%B3%B3%E7%84%A1%E6%88%91" n2="%E3%82%B9%E3%82%AF%E3%82%A8%E3%83%8B" n3="%E9%A3%9B%E8%A1%8C%E3%83%9A%E3%83%B3%E3%82%AE%E3%83%B3" dan="15,15,14,16" rate="1993,2204,1975,2001" sx="F,M,M,M"/><TAIKYOKU oya="0"/><INIT seed="0,0,0,4,3,106" ten="250,250,250,250" oya="0" hai0="26,99,11,24,102,44,100,70,57,3,51,35,50" hai1="60,5,61,89,134,81,19,21,13,64,6,9,54" hai2="84,122,101,73,45,76,113,72,15,2,58,67,108" hai3="66,121,128,49,86,123,94,77,22,131,18,71,133"/><T65/><D70/><U107/><E134/><V48/><F2/><W96/><G133/><T56/><D35/><U87/><E107/><V69/><F122/><N who="3" m="46603" /><G49/><N who="0" m="18443" /><D3/><U135/><E135/><V30/><F69/><W112/><G112/><T55/><D11/><U63/><E64/><V68/><F68/><W129/><G66/><T130/><D130/><U40/><E40/><V62/><F113/><W20/><G71/><T114/><D114/><U43/><E43/><V83/><F101/><N who="0" m="39018" /><D99/><U38/><E38/><V117/><F117/><W119/><G119/><T105/><D105/><U8/><E54/><V91/><F108/><W41/><G41/><T17/><D44/><U75/><E75/><V33/><F91/><N who="3" m="55391" /><G18/><T85/><D85/><U53/><E53/><V115/><F115/><W95/><G95/><T80/><D80/><AGARI ba="0,0" hai="20,22,77,80,86,128,129,131" m="55391,46603" machi="80" ten="40,2600,0" yaku="19,1,13,1" doraHai="106" who="3" fromWho="0" sc="250,-26,250,0,250,0,250,26" /><INIT seed="1,0,0,2,1,5" ten="224,250,250,276" oya="1" hai0="98,22,60,104,126,107,100,24,6,12,52,109,55" hai1="25,80,10,69,113,16,122,2,101,58,47,121,40" hai2="3,118,27,105,74,87,102,39,82,70,8,110,129" hai3="63,59,44,75,56,86,42,18,71,66,61,43,114"/><U19/><E113/><V68/><F118/><W90/><G75/><T15/><D126/><U92/><E69/><V93/><F39/><W20/><G114/><T33/><D109/><U46/><E80/><V28/><F110/><W84/><G90/><T64/><D33/><U79/><E79/><V134/><F129/><W32/><G32/><T117/><D107/><U23/><E58/><V125/><F125/><W106/><G106/><T17/><D117/><U14/><E2/><V95/><F134/><W81/><G81/><T73/><D73/><U112/><E112/><V38/><F38/><W131/><G131/><T124/><D124/><U72/><E72/><V119/><F119/><W97/><G97/><T11/><REACH who="0" step="1"/><D24/><REACH who="0" ten="214,250,250,276" step="2"/><U83/><E122/><V31/><F74/><W48/><G63/><T88/><D88/><U34/><E34/><V54/><F105/><W13/><G61/><T132/><D132/><U50/><E121/><V0/><F27/><W57/><G66/><T76/><D76/><U77/><E77/><V21/><F102/><W29/><G71/><AGARI ba="0,1" hai="6,11,12,15,17,22,52,55,60,64,71,98,100,104" machi="71" ten="30,7700,0" yaku="1,1,7,1,52,1,53,1" doraHai="5" doraHaiUra="62" who="0" fromWho="3" sc="214,87,250,0,250,0,276,-77" /><INIT seed="2,0,0,3,3,22" ten="301,250,250,199" oya="2" hai0="13,38,93,46,19,11,88,98,44,66,0,4,70" hai1="117,89,108,92,29,75,3,127,24,42,49,69,99" hai2="64,6,36,35,91,62,58,28,100,61,16,129,34" hai3="31,53,101,82,60,48,126,76,5,131,45,21,119"/><V80/><F36/><W84/><G119/><T105/><D105/><U122/><E117/><V2/><F129/><W7/><G131/><T85/><D38/><U133/><E127/><V104/><F2/><W41/><G126/><T110/><D110/><U132/><E108/><V43/><F6/><W102/><G7/><T17/><D17/><U107/><E122/><V32/><F43/><W90/><G5/><T112/><D112/><U97/><E3/><V18/><F104/><W57/><REACH who="3" step="1"/><G76/><REACH who="3" ten="301,250,250,189" step="2"/><T125/><D125/><U25/><E69/><V94/><F32/><W33/><G33/><T55/><D70/><U123/><E123/><V109/><F34/><W121/><G121/><T79/><D79/><U106/><E75/><V30/><F109/><W15/><G15/><T103/><D4/><U47/><E107/><V54/><F35/><W113/><G113/><T10/><D0/><U134/><E29/><V114/><F30/><W12/><G12/><T23/><D13/><U118/><E118/><V52/><F28/><W67/><G67/><T135/><D66/><U50/><E50/><V130/><F64/><W20/><G20/><T115/><D23/><U27/><REACH who="1" step="1"/><E106/><REACH who="1" ten="301,240,250,189" step="2"/><V81/><F114/><W26/><AGARI ba="0,2" hai="21,26,31,41,45,48,53,57,60,82,84,90,101,102" machi="26" ten="30,7900,0" yaku="1,1,0,1,8,1,52,1,53,0" doraHai="22" doraHaiUra="1" who="3" fromWho="3" sc="301,-20,240,-20,250,-39,189,99" /><INIT seed="3,0,0,1,3,80" ten="281,220,211,288" oya="3" hai0="49,134,44,92,124,135,68,50,62,71,104,3,106" hai1="18,73,105,31,2,25,122,130,65,113,46,120,89" hai2="78,63,53,32,64,108,112,14,16,99,131,38,97" hai3="114,19,21,20,58,127,47,10,5,8,61,88,75"/><W37/><G75/><T43/><D3/><U9/><E113/><V1/><F112/><W117/><G114/><T87/><D124/><U28/><E130/><V74/><F131/><W132/><G127/><T57/><D50/><U102/><E73/><V45/><F1/><W109/><G117/><T123/><D123/><U51/><E65/><V110/><F32/><W85/><G132/><N who="0" m="50731" /><D92/><U133/><E133/><V0/><F0/><W60/><G109/><T48/><D48/><U101/><E31/><V59/><F74/><W52/><G5/><T26/><D26/><U125/><E125/><V128/><F128/><W12/><G37/><T29/><D29/><U27/><E27/><V129/><F129/><W81/><G8/><T42/><D42/><U35/><E101/><V69/><F78/><W82/><G47/><T107/><D87/><U115/><E115/><V6/><F6/><W90/><G61/><T66/><AGARI ba="0,0" hai="43,44,49,57,62,66,68,71,104,106,107" m="50731" machi="66" ten="40,1500,0" yaku="20,1" doraHai="80" who="0" fromWho="0" sc="281,15,220,-4,211,-4,288,-7" /><INIT seed="4,0,0,0,1,56" ten="296,216,207,281" oya="0" hai0="6,118,114,132,5,70,24,91,13,65,69,23,20" hai1="46,122,53,58,3,75,74,97,50,31,61,16,30" hai2="112,89,17,130,113,133,107,11,106,14,78,36,21" hai3="103,92,42,57,105,55,73,2,111,26,101,18,134"/><T49/><D118/><U99/><E122/><V25/><F36/><W60/><G111/><T54/><D114/><N who="2" m="44138" /><F133/><W90/><G2/><T19/><D132/><U35/><E3/><V121/><F121/><W104/><G134/><T117/><D117/><U135/><E135/><V59/><F78/><W0/><G42/><T129/><D129/><U102/><E16/><V100/><F130/><W87/><G0/><T126/><D126/><U71/><E97/><V79/><F79/><W48/><G73/><T127/><D127/><U40/><E71/><V110/><F110/><W76/><G76/><T9/><D65/><U22/><E35/><V125/><F125/><W83/><G105/><T131/><D131/><U32/><E22/><V45/><F45/><W67/><G104/><T4/><D91/><U108/><E108/><V88/><F100/><W37/><G37/><T115/><D115/><U128/><E128/><V123/><F123/><W66/><G83/><T120/><D120/><U27/><REACH who="1" step="1"/><E31/><REACH who="1" ten="296,206,207,281" step="2"/><V116/><F116/><W68/><REACH who="3" step="1"/><G67/><REACH who="3" ten="296,206,207,271" step="2"/><T51/><D24/><U10/><E10/><V80/><F25/><W94/><G94/><AGARI ba="0,2" hai="27,30,32,40,46,50,53,58,61,74,75,94,99,102" machi="94" ten="30,3900,0" yaku="1,1,7,1,52,1,53,0" doraHai="56" doraHaiUra="62" who="1" fromWho="3" sc="296,0,206,59,207,0,271,-39" /><INIT seed="5,0,0,3,3,108" ten="296,265,207,232" oya="1" hai0="84,117,92,75,103,104,61,41,58,38,59,112,39" hai1="87,57,69,72,96,48,62,45,23,134,52,79,28" hai2="118,127,121,24,89,115,73,0,8,20,25,91,102" hai3="17,54,131,119,126,88,43,21,81,50,70,56,35"/><U63/><E134/><V71/><F118/><W19/><G119/><T128/><D117/><U123/><E72/><V110/><F121/><W42/><G70/><T86/><D75/><U11/><E123/><V90/><F110/><W97/><G35/><T113/><D128/><U6/><E69/><V12/><F127/><W2/><G2/><T122/><D122/><U29/><E96/><V34/><F0/><W77/><G131/><T100/><D104/><U109/><E109/><V130/><F130/><W14/><G126/><T99/><D41/><U105/><E105/><V80/><F71/><W116/><G116/><T27/><D27/><U98/><E98/><V120/><F120/><W95/><REACH who="3" step="1"/><G19/><REACH who="3" ten="296,265,207,222" step="2"/><T16/><D16/><U4/><E4/><V106/><F34/><W44/><G44/><T32/><D32/><U114/><E29/><V10/><F90/><W55/><G55/><N who="0" m="34015" /><D103/><U74/><E28/><V94/><F89/><W5/><G5/><T7/><D7/><U26/><E45/><V49/><F91/><W107/><G107/><T3/><D3/><U65/><E6/><V93/><F102/><W22/><G22/><T18/><D18/><U135/><E23/><V33/><F106/><W51/><G51/><T101/><D101/><U31/><E31/><V1/><F49/><W76/><G76/><T30/><D30/><U47/><E47/><V66/><F33/><W111/><G111/><T68/><D68/><U124/><E79/><V9/><F20/><W67/><G67/><T83/><D100/><U46/><E65/><V36/><F66/><W15/><G15/><RYUUKYOKU ba="0,1" sc="296,-10,265,-10,207,-10,222,30" hai3="14,17,21,42,43,50,54,56,77,81,88,95,97" /><INIT seed="6,1,1,3,3,117" ten="286,255,197,252" oya="2" hai0="109,23,124,13,108,7,21,15,131,132,12,89,16" hai1="70,61,94,116,37,90,40,121,10,58,25,33,63" hai2="48,59,96,133,66,30,119,71,120,4,18,8,122" hai3="42,29,79,107,73,92,129,135,82,54,51,65,47"/><V39/><F119/><W53/><G107/><T35/><D132/><U99/><E116/><V1/><F133/><W88/><G135/><T68/><D68/><U0/><E70/><V84/><F39/><W27/><G65/><T41/><D35/><U31/><E121/><V9/><F71/><W100/><G100/><T114/><D131/><U38/><E63/><V5/><F30/><W56/><G56/><T105/><D105/><U26/><E26/><V123/><F18/><W34/><G129/><T67/><D67/><U85/><E40/><V49/><F96/><AGARI ba="1,1" hai="27,29,34,42,47,51,53,54,73,79,82,88,92,96" machi="96" ten="30,1000,0" yaku="7,1" doraHai="117" who="3" fromWho="2" sc="286,0,255,0,197,-13,252,23" /><INIT seed="7,0,0,3,5,21" ten="286,255,184,275" oya="3" hai0="111,113,3,39,15,50,20,135,119,104,17,60,40" hai1="52,117,78,55,129,30,65,81,0,84,25,69,91" hai2="90,80,126,54,75,56,82,35,110,37,116,132,27" hai3="42,108,97,26,114,134,106,23,49,61,44,118,103"/><W98/><G118/><T31/><D119/><U66/><E129/><V128/><F116/><W43/><G114/><T38/><D104/><U115/><E115/><V79/><F128/><W86/><G134/><T1/><D111/><U51/><E0/><V94/><F132/><W14/><G108/><T70/><D135/><U53/><E117/><V41/><F110/><W88/><G14/><T112/><D113/><U10/><E10/><V45/><F126/><W9/><G9/><T46/><D112/><U123/><E123/><V62/><F82/><W57/><G42/><T8/><D1/><U18/><E18/><V101/><F101/><W109/><G103/><T74/><D74/><U5/><E5/><V127/><F127/><W34/><G34/><T48/><D38/><U107/><E107/><V105/><F105/><W2/><G2/><T19/><D31/><U122/><E122/><V67/><F67/><N who="1" m="25609" /><E69/><V29/><F94/><N who="3" m="54551" /><G106/><T124/><D124/><U120/><E120/><V87/><REACH who="2" step="1"/><F90/><REACH who="2" ten="286,255,174,275" step="2"/><W16/><G109/><T95/><D70/><U130/><E130/><V99/><F99/><W59/><G59/><T28/><D95/><U96/><E96/><V7/><F7/><W6/><G6/><T72/><D3/><U68/><E91/><V71/><F71/><W64/><AGARI ba="0,1" hai="16,23,26,43,44,49,57,61,64,97,98" m="54551" machi="64" ten="30,3000,0" yaku="8,1,52,1" doraHai="21" who="3" fromWho="3" sc="286,-10,255,-10,174,-10,275,40" owari="276,8.0,245,-15.0,164,-34.0,315,41.0" /></mjloggm>