<mjloggm ver="2.3"><GO type="41" lobby="0"/><UN n0="%E3%82%A6%E3%83%AB%E3%83%88%E3%83%A9%E7%AB%8B%E7%9B%B4" n1="%E2%98%85%E7%85%89%E7%8D%84%E2%98%85" n2="%E3%82%86%E3%81%A3%E3%81%A1%E3%81%87%E3%82%8B" n3="%74%68%69%6E%32%32" dan="16,13,13,15" rate="2027.60,1866.64,1807.24,1930.51" sx="M,M,M,M"/><TAIKYOKU oya="0"/><INIT seed="0,0,0,3,0,117" ten="250,250,250,250" oya="0" hai0="55,98,34,61,29,5,78,106,103,21,54,57,89" hai1="100,48,112,118,80,116,76,84,88,31,127,3,63" hai2="19,102,91,59,45,14,46,7,24,97,109,69,126" hai3="49,20,67,32,77,53,12,60,111,128,33,23,81"/><T65/><D78/><U50/><E3/><V37/><F69/><W58/><G128/><T22/><D5/><U8/><E8/><V74/><F74/><W107/><G107/><T16/><D89/><U18/><E18/><V135/><F126/><W83/><G111/><T71/><D22/><U93/><E31/><V38/><F109/><W41/><G41/><T79/><D79/><U27/><E27/><V36/><F135/><W125/><G125/><T44/><D44/><U110/><E127/><V82/><F59/><W99/><G99/><T113/><D113/><U70/><E110/><V75/><F24/><W105/><G105/><T35/><D55/><U129/><E112/><V104/><F7/><W62/><G62/><T64/><D64/><U124/><E124/><V56/><F56/><W52/><G53/><T87/><D87/><U47/><E129/><V68/><F68/><W43/><G43/><T40/><D40/><U2/><E2/><V9/><F91/><W72/><G81/><T92/><D92/><U13/><E13/><V134/><F134/><W94/><G94/><T26/><REACH who="0" step="1"/><D29/><REACH who="0" ten="240,250,250,250" step="2"/><U120/><E116/><V108/><F108/><W131/><G131/><T96/><D96/><U15/><E118/><V30/><F30/><W73/><G23/><T85/><D85/><U1/><E84/><V123/><F46/><N who="3" m="27703" /><G72/><T133/><D133/><U115/><E47/><V101/><F45/><W66/><G66/><T114/><D114/><U121/><E115/><V11/><F75/><W51/><G20/><T95/><D95/><U132/><E93/><V39/><F82/><RYUUKYOKU ba="0,1" sc="240,30,250,-10,250,-10,250,-10" hai0="16,21,26,34,35,54,57,61,65,71,98,103,106" /><INIT seed="0,1,1,0,0,78" ten="270,240,240,240" oya="0" hai0="8,128,107,1,68,6,29,9,88,109,92,108,40" hai1="74,97,56,19,5,13,4,11,81,25,133,46,55" hai2="10,111,77,12,53,22,101,124,93,105,37,32,82" hai3="100,26,67,41,38,17,73,24,39,75,30,76,131"/><T52/><D107/><U112/><E112/><V72/><F32/><W127/><G127/><T102/><D102/><U27/><E133/><V61/><F124/><W49/><G131/><T86/><D68/><U36/><E97/><V103/><F37/><W15/><G67/><T79/><D128/><U16/><E19/><V57/><F111/><N who="0" m="42570" /><D40/><U114/><E114/><V64/><F22/><W104/><G104/><T34/><D79/><U54/><E55/><V62/><F93/><W125/><G100/><T63/><D29/><U2/><E4/><V118/><F118/><W21/><G125/><T71/><D34/><U126/><E126/><V43/><F43/><W115/><G115/><T120/><D120/><U110/><E110/><V95/><F95/><W3/><G3/><T45/><D71/><U35/><E35/><V42/><F42/><W129/><G129/><T28/><D28/><U135/><E135/><V47/><F47/><W99/><G76/><T50/><D63/><U91/><E46/><V96/><F103/><W106/><G106/><T7/><D7/><U51/><E36/><V123/><F123/><W80/><G30/><T44/><D9/><U70/><E70/><V113/><F113/><W94/><G38/><T33/><D33/><U116/><E74/><V83/><F83/><W132/><G39/><T69/><D69/><U14/><E2/><V98/><F98/><W134/><G132/><T122/><D122/><U58/><E116/><V23/><F23/><W90/><G134/><T130/><D130/><U117/><E117/><V0/><F10/><W84/><G41/><RYUUKYOKU ba="1,1" sc="270,30,240,-10,240,-10,240,-10" hai0="1,6,8,44,45,50,52,86,88,92" /><INIT seed="0,2,1,2,2,58" ten="300,230,230,230" oya="0" hai0="96,40,37,2,76,74,101,105,69,60,5,79,87" hai1="120,21,48,18,111,103,16,123,23,107,118,22,133" hai2="17,122,56,129,32,8,71,124,126,27,116,4,132" hai3="135,43,119,99,131,114,24,30,62,47,108,42,13"/><T9/><D87/><U128/><E118/><V95/><F71/><W70/><G119/><T97/><D97/><U117/><E117/><V78/><F116/><W77/><G114/><T0/><D79/><U65/><E107/><V86/><F122/><W63/><G108/><T51/><D51/><U127/><E103/><V33/><F129/><W45/><G135/><T98/><D98/><U52/><E111/><V130/><F130/><W88/><G70/><T31/><D31/><U112/><E128/><V85/><F132/><W59/><G77/><T39/><D40/><N who="3" m="15401" /><G131/><T106/><D106/><U121/><E133/><V3/><F86/><W53/><G13/><T38/><D2/><U92/><E92/><V10/><F10/><W83/><G62/><T29/><D29/><U100/><E100/><V94/><F27/><W125/><G125/><T80/><REACH who="0" step="1"/><D37/><REACH who="0" ten="290,230,230,230" step="2"/><U68/><E127/><V61/><F126/><W104/><G104/><T90/><D90/><U11/><E112/><V28/><F78/><W113/><G113/><T110/><D110/><U75/><E75/><V35/><F85/><N who="3" m="50239" /><G99/><T44/><D44/><U19/><E11/><V46/><F8/><W14/><G14/><T57/><D57/><U12/><E12/><V54/><F56/><W89/><G89/><T81/><D81/><U20/><N who="1" m="5120" /><DORA hai="109" /><U55/><REACH who="1" step="1"/><E48/><REACH who="1" ten="290,220,230,230" step="2"/><V15/><F124/><W134/><G134/><T72/><D72/><U36/><E36/><V49/><F15/><W34/><G45/><T25/><D25/><U73/><E73/><V6/><F46/><W115/><G115/><T50/><D50/><RYUUKYOKU ba="2,3" sc="290,10,220,10,230,-30,230,10" hai0="0,5,9,38,39,60,69,74,76,80,96,101,105" hai1="16,18,19,52,55,65,68,120,121,123" hai3="24,30,34,47,53,59,63" /><INIT seed="0,3,3,3,3,135" ten="300,230,200,240" oya="0" hai0="96,94,60,70,8,118,33,110,134,23,82,123,17" hai1="66,56,107,16,130,132,117,125,91,24,129,131,1" hai2="102,79,45,15,113,98,3,86,61,104,89,65,39" hai3="48,0,71,101,81,97,14,49,50,75,85,116,133"/><T40/><D123/><U2/><E107/><V77/><F113/><W90/><G71/><T111/><D33/><U43/><E43/><V88/><F3/><W68/><G68/><T46/><D118/><U31/><E117/><V78/><F15/><W87/><G0/><T126/><D8/><U99/><E132/><V44/><F39/><W121/><G116/><T83/><D134/><U105/><E105/><V100/><F100/><W128/><G133/><T12/><D60/><N who="1" m="38151" /><E99/><V119/><F119/><W27/><G121/><T92/><D70/><U18/><E91/><V74/><F74/><W63/><G128/><T41/><D41/><U29/><E29/><V4/><F4/><W28/><G14/><T59/><D59/><U69/><E69/><V115/><F115/><W108/><G63/><T38/><D126/><U72/><E72/><V112/><F112/><W124/><G124/><T51/><D38/><U64/><E64/><V42/><F42/><W30/><G75/><T54/><D40/><U10/><E125/><V80/><REACH who="2" step="1"/><F89/><REACH who="2" ten="300,230,190,240" step="2"/><W106/><G27/><T122/><D122/><U58/><E1/><V127/><F127/><W37/><G37/><T25/><D12/><U84/><E2/><V76/><N who="2" m="19456" /><DORA hai="93" /><V47/><F47/><W53/><G90/><T95/><REACH who="0" step="1"/><D96/><REACH who="0" ten="290,230,190,240" step="2"/><U35/><E131/><V103/><F103/><W5/><G97/><T11/><D11/><U19/><E130/><V26/><F26/><W21/><G101/><T52/><D52/><U120/><E129/><V57/><AGARI ba="3,5" hai="44,45,57,61,65,80,86,88,98,102,104" m="19456" machi="57" ten="40,8000,1" yaku="1,1,0,1,52,1,54,1,53,0" doraHai="135,93" doraHaiUra="22,7" who="2" fromWho="2" sc="290,-43,230,-23,190,139,240,-23" /><INIT seed="1,0,0,1,1,16" ten="247,207,329,217" oya="1" hai0="73,86,74,128,44,10,53,49,78,105,97,72,17" hai1="94,132,64,47,120,5,61,3,28,1,85,43,114" hai2="66,42,71,117,69,21,81,98,77,18,118,90,9" hai3="119,102,95,76,24,91,62,7,75,96,79,124,111"/><U134/><E120/><V12/><F42/><W46/><G119/><T89/><D128/><U50/><E114/><V107/><F69/><W129/><G129/><T101/><D78/><U48/><E5/><V115/><F115/><W83/><G124/><T36/><D36/><U131/><E131/><V55/><F55/><W45/><G111/><T123/><D123/><U109/><E109/><V110/><F110/><W32/><G7/><T0/><D0/><U106/><E106/><V65/><F71/><W93/><G76/><T2/><D2/><U133/><E50/><V60/><F60/><W29/><G62/><T121/><D121/><U113/><E113/><V108/><F108/><W39/><G39/><T13/><REACH who="0" step="1"/><D74/><REACH who="0" ten="237,207,329,217" step="2"/><U4/><E4/><V104/><F77/><W40/><G40/><T14/><D14/><U51/><E1/><V23/><F12/><W34/><G32/><T27/><D27/><U59/><E3/><V82/><F118/><W58/><G58/><T37/><D37/><N who="1" m="21999" /><E28/><V116/><F116/><W26/><G26/><T127/><D127/><U126/><E126/><V30/><F30/><W41/><G41/><T57/><D57/><U35/><E35/><V31/><F31/><W11/><G34/><T25/><D25/><U56/><E56/><V20/><F117/><W67/><G24/><T103/><D103/><U8/><E8/><V54/><F107/><W70/><G29/><T19/><D19/><U112/><E112/><V6/><F18/><W22/><G75/><T88/><D88/><AGARI ba="0,1" hai="48,51,59,61,64,85,88,94,132,133,134" m="21999" machi="88" ten="30,2900,0" yaku="20,1,54,1" doraHai="16" who="1" fromWho="0" sc="237,-29,207,39,329,0,217,0" /><INIT seed="1,1,0,4,0,22" ten="208,246,329,217" oya="1" hai0="11,117,88,96,21,41,100,99,67,43,4,91,7" hai1="104,60,59,32,76,29,112,113,126,64,111,124,40" hai2="103,97,27,89,63,1,80,44,72,34,9,0,118" hai3="70,79,98,108,120,54,42,128,125,107,68,57,50"/><U31/><E104/><V121/><F121/><W13/><G120/><T119/><D21/><U23/><E76/><V77/><F118/><W39/><G79/><T3/><D67/><U17/><E40/><V58/><F44/><W20/><G128/><T90/><D100/><U25/><E31/><V122/><F122/><W74/><G74/><T18/><D18/><U53/><E111/><V2/><F89/><W56/><G108/><T134/><D134/><U131/><E64/><V33/><F9/><W84/><G84/><T15/><D15/><U81/><E81/><V71/><F71/><W49/><G107/><T83/><D83/><U94/><E94/><V78/><F78/><W46/><G98/><T106/><D106/><U51/><E51/><V92/><REACH who="2" step="1"/><F27/><REACH who="2" ten="208,246,319,217" step="2"/><W95/><G125/><N who="1" m="48234" /><E131/><V24/><F24/><AGARI ba="1,1" hai="17,23,24,25,29,32,53,59,60,112,113" m="48234" machi="24" ten="30,5800,0" yaku="18,1,52,2" doraHai="22" who="1" fromWho="2" sc="208,0,246,71,319,-61,217,0" /><INIT seed="1,2,0,1,5,98" ten="208,317,258,217" oya="1" hai0="9,77,131,79,93,4,12,86,0,62,118,94,105" hai1="130,30,87,48,80,121,65,47,10,20,122,124,107" hai2="51,31,33,104,60,115,75,3,76,26,40,84,70" hai3="56,24,28,23,59,111,1,64,133,88,95,55,42"/><U67/><E107/><V13/><F3/><W18/><G1/><T29/><D105/><U27/><E130/><V81/><F75/><W8/><G133/><T39/><D118/><U14/><E124/><V6/><F104/><W117/><G117/><T89/><D39/><U114/><E114/><V63/><F115/><W5/><G42/><T78/><D131/><U44/><E44/><N who="2" m="25991" /><F70/><W21/><G111/><T34/><D0/><U43/><E122/><V54/><F54/><W17/><G64/><T2/><D2/><U69/><E69/><V52/><F52/><W132/><G132/><T35/><D29/><U134/><E134/><V106/><F106/><W110/><G110/><T36/><D36/><U71/><E71/><V102/><F102/><W91/><G28/><T127/><D127/><U25/><E121/><V125/><F125/><W32/><G32/><T108/><D108/><U129/><E129/><V82/><F82/><W37/><G37/><T126/><D126/><U83/><E83/><V100/><F100/><W46/><G5/><T103/><REACH who="0" step="1"/><D62/><REACH who="0" ten="198,317,258,217" step="2"/><U135/><E135/><V74/><F63/><W112/><G112/><T50/><D50/><U123/><E123/><V7/><F60/><W68/><G24/><T128/><D128/><U66/><E27/><V85/><F26/><W119/><G119/><T92/><D92/><U58/><E67/><V61/><F31/><W101/><G95/><T45/><D45/><U49/><E48/><V16/><F61/><W116/><G46/><T99/><AGARI ba="2,1" hai="4,9,12,34,35,77,78,79,86,89,93,94,99,103" machi="99" ten="30,4000,0" yaku="1,1,0,1,52,1,53,0" doraHai="98" doraHaiUra="113" who="0" fromWho="0" sc="198,56,317,-22,258,-12,217,-12" /><INIT seed="2,0,0,3,5,21" ten="254,295,246,205" oya="2" hai0="4,6,122,27,65,16,115,0,111,25,119,12,118" hai1="42,82,52,96,44,5,131,33,66,103,15,133,114" hai2="38,73,98,79,120,101,40,86,126,135,89,35,104" hai3="61,78,116,54,88,2,13,117,76,124,7,92,106"/><V20/><F120/><W90/><G2/><T110/><D65/><U85/><E33/><V91/><F35/><W70/><G106/><T28/><D115/><U43/><E131/><V112/><F112/><W64/><G124/><T32/><D27/><U100/><E133/><V74/><F126/><W58/><G90/><T134/><D134/><U67/><E114/><V127/><F127/><W80/><G7/><N who="0" m="2603" /><D0/><U72/><E72/><V94/><F135/><W45/><G45/><T51/><D51/><N who="1" m="28775" /><E15/><V22/><F40/><N who="1" m="15401" /><E5/><V63/><F38/><W3/><G3/><T56/><D56/><U87/><E96/><V48/><F73/><W17/><G116/><N who="0" m="44587" /><D122/><U108/><E108/><V71/><F74/><W121/><G121/><T62/><D62/><U95/><E95/><V57/><F63/><W19/><G117/><T69/><D69/><U36/><E36/><V99/><F104/><W68/><G68/><T83/><D83/><U9/><E9/><AGARI ba="0,0" hai="9,12,16,25,28,32,110,111" m="44587,2603" machi="9" ten="30,8000,1" yaku="12,1,34,2,52,1,54,1" doraHai="21" who="0" fromWho="1" sc="254,80,295,-80,246,0,205,0" /><INIT seed="3,0,0,0,2,73" ten="334,215,246,205" oya="3" hai0="112,96,8,110,117,99,34,3,20,132,125,28,88" hai1="128,78,87,65,72,120,118,59,79,25,19,133,45" hai2="93,124,17,135,98,40,91,126,46,80,2,121,55" hai3="35,106,5,84,67,33,44,82,71,4,111,41,69"/><W68/><G106/><T48/><D34/><U130/><E120/><V62/><F2/><W32/><G67/><T129/><D117/><U105/><E72/><V92/><F121/><W64/><G64/><T21/><D21/><N who="1" m="13503" /><E105/><V38/><F135/><W89/><REACH who="3" step="1"/><G111/><REACH who="3" ten="334,215,246,195" step="2"/><T95/><D110/><U109/><E109/><V74/><F126/><W70/><N who="3" m="17920" /><DORA hai="108" /><W56/><G56/><T90/><D125/><U14/><E118/><V49/><F124/><W131/><G131/><N who="1" m="50218" /><E133/><V127/><F127/><W61/><G61/><T85/><D132/><U101/><E45/><V30/><F62/><W10/><G10/><T94/><D129/><U107/><E59/><V83/><F46/><W63/><G63/><T0/><D8/><U100/><E65/><V47/><F47/><W104/><G104/><T97/><D96/><U86/><E107/><V76/><F98/><W43/><G43/><T53/><D99/><U24/><E24/><V29/><F40/><W102/><G102/><N who="1" m="39530" /><E14/><V116/><F116/><W31/><G31/><T51/><D97/><U66/><E66/><V26/><F30/><W23/><G23/><T113/><D20/><U54/><E54/><V37/><F29/><W13/><G13/><T1/><D28/><U134/><E134/><V36/><F55/><W103/><G103/><T58/><D53/><U16/><E16/><V114/><F17/><W15/><G15/><T119/><D58/><U39/><E39/><AGARI ba="0,1" hai="4,5,32,33,35,39,41,44,82,84,89" m="17920" machi="39" ten="70,3400,0" yaku="1,1,53,0" doraHai="73,108" doraHaiUra="60,9" who="3" fromWho="1" sc="334,0,215,-34,246,0,195,44" /><INIT seed="3,1,0,0,3,83" ten="334,181,246,239" oya="3" hai0="134,11,30,24,66,7,64,47,12,13,103,1,124" hai1="21,58,78,42,31,32,40,112,84,77,53,69,70" hai2="60,90,38,114,96,45,87,19,63,94,50,109,68" hai3="131,120,65,15,49,122,81,119,62,132,88,17,36"/><W99/><G36/><T73/><D73/><U97/><E112/><V48/><F114/><W41/><G119/><T74/><D74/><U22/><E32/><V105/><F109/><W80/><G132/><T130/><D134/><U56/><E97/><V118/><F118/><W79/><G131/><T113/><D113/><U34/><E34/><V59/><F68/><W108/><G108/><T117/><D117/><U33/><E33/><V5/><F5/><W57/><G41/><T89/><D124/><U116/><E116/><V72/><F72/><W20/><G49/><T104/><D1/><U3/><E3/><V51/><F38/><W37/><G37/><T101/><D104/><U0/><E0/><V85/><F85/><N who="3" m="48287" /><G120/><T67/><D12/><U2/><E2/><V55/><F19/><W135/><G135/><T129/><D47/><U82/><E82/><V121/><F121/><W95/><G122/><T9/><D9/><U107/><E107/><V123/><F123/><W25/><G81/><T98/><D89/><U75/><E75/><V71/><F71/><W76/><G76/><T92/><REACH who="0" step="1"/><D103/><REACH who="0" ten="324,181,246,239" step="2"/><U46/><E46/><V14/><F14/><AGARI ba="1,1" hai="14,15,17,20,25,57,62,65,88,95,99" m="48287" machi="14" ten="30,5800,0" yaku="8,1,52,1,54,1" doraHai="83" who="3" fromWho="2" sc="324,0,181,0,246,-61,239,71" /><INIT seed="3,2,0,1,3,20" ten="324,181,185,310" oya="3" hai0="110,46,134,96,119,2,51,71,101,120,92,111,48" hai1="86,95,33,39,11,6,89,115,84,93,129,135,114" hai2="58,5,4,28,26,107,31,126,21,7,85,23,130" hai3="3,90,0,67,59,82,22,45,43,38,116,57,14"/><W68/><G116/><T36/><D2/><U37/><E33/><V47/><F107/><W29/><G68/><T132/><D71/><U100/><E100/><V122/><F47/><W32/><G32/><T24/><D36/><U128/><E11/><V53/><F85/><W102/><G102/><T118/><D120/><U124/><E6/><V74/><F74/><W54/><G67/><T25/><D101/><U44/><E44/><V18/><F122/><W41/><G41/><T65/><D92/><U17/><E17/><V99/><F99/><W73/><G14/><T88/><D96/><U97/><E97/><V72/><F72/><W77/><G90/><T113/><D88/><U87/><E87/><V62/><F126/><W105/><G105/><T121/><D65/><U104/><E104/><V35/><F130/><W27/><REACH who="3" step="1"/><G59/><REACH who="3" ten="324,181,185,300" step="2"/><T69/><D69/><U34/><E89/><V94/><F35/><W66/><G66/><T10/><D121/><U123/><E34/><V13/><F94/><W91/><G91/><T55/><D118/><U56/><E123/><V40/><F40/><W9/><G9/><T81/><D119/><U127/><E56/><V78/><F78/><W108/><G108/><T125/><D10/><U76/><E76/><V64/><F64/><W131/><G131/><T49/><D110/><U112/><E112/><V50/><F58/><W52/><G52/><T70/><D111/><U60/><E60/><AGARI ba="2,1" hai="0,3,22,27,29,38,43,45,54,57,60,73,77,82" machi="60" ten="30,11600,0" yaku="1,1,7,1,52,1,53,1" doraHai="20" doraHaiUra="42" who="3" fromWho="1" sc="324,0,181,-122,185,0,300,132" /><INIT seed="3,3,0,5,5,79" ten="324,59,185,432" oya="3" hai0="52,99,11,46,77,84,64,50,93,92,40,87,6" hai1="65,127,131,83,104,59,0,81,12,45,20,91,111" hai2="78,106,14,43,38,61,36,112,115,32,31,80,119" hai3="58,7,98,70,103,86,132,124,75,101,108,68,4"/><W21/><G75/><T109/><D109/><U133/><E0/><V39/><F119/><W126/><G108/><T1/><D64/><U44/><E104/><V26/><F106/><W71/><G132/><T18/><D18/><U100/><E133/><V56/><F43/><W102/><G98/><T94/><D99/><U67/><E131/><V90/><F90/><W33/><G33/><T89/><D77/><U72/><E111/><V5/><F5/><W63/><G21/><T16/><D87/><U53/><E72/><V27/><F14/><W13/><G86/><T62/><D62/><U73/><E73/><V120/><F27/><W134/><G134/><T69/><D69/><U34/><E34/><V8/><F8/><W30/><G30/><T74/><D74/><U130/><E130/><V48/><F48/><W42/><G42/><T25/><REACH who="0" step="1"/><D40/><REACH who="0" ten="314,59,185,432" step="2"/><U22/><E127/><N who="3" m="48682" /><G13/><T47/><D47/><N who="1" m="17995" /><E12/><V128/><F78/><W107/><G107/><T113/><D113/><U123/><E100/><V9/><F128/><W57/><G63/><T97/><D97/><U105/><E123/><V85/><F61/><W110/><G110/><T82/><D82/><N who="1" m="31243" /><E105/><V95/><F120/><W28/><G28/><T35/><D35/><U55/><E91/><V66/><F31/><W121/><G121/><T88/><D88/><U41/><E41/><V3/><F32/><W116/><G116/><T51/><D51/><N who="1" m="31167" /><E55/><V10/><F112/><W118/><G118/><T23/><AGARI ba="3,1" hai="1,6,11,16,23,25,46,50,52,84,89,92,93,94" machi="23" ten="30,7900,0" yaku="1,1,0,1,54,2,53,0" doraHai="79" doraHaiUra="114" who="0" fromWho="0" sc="314,98,59,-23,185,-23,432,-42" /><INIT seed="4,0,0,5,1,58" ten="412,36,162,390" oya="0" hai0="91,38,33,128,118,94,135,27,114,76,60,129,123" hai1="78,70,101,22,54,66,46,80,92,96,111,21,1" hai2="20,106,117,30,102,108,88,134,127,87,49,42,31" hai3="67,17,15,74,95,6,122,68,86,44,26,16,133"/><T63/><D38/><U57/><E1/><V56/><F108/><W50/><G74/><T126/><D118/><U14/><E111/><V9/><F127/><W11/><G122/><T18/><D123/><U71/><E70/><V51/><F134/><W83/><G133/><T61/><D135/><U84/><E71/><V23/><F9/><W24/><G95/><T43/><D43/><U41/><E66/><V77/><F77/><W75/><G75/><T81/><D126/><U32/><E32/><V19/><F42/><W113/><G113/><T8/><D114/><U97/><E96/><V34/><F34/><W64/><G26/><T104/><D104/><U107/><E107/><V59/><F106/><W40/><G68/><T12/><D27/><U116/><E116/><V55/><F102/><W119/><G119/><T28/><D28/><U5/><E54/><N who="2" m="31823" /><F23/><N who="3" m="13415" /><G17/><T124/><D33/><U0/><E57/><V82/><F117/><W69/><G69/><T99/><REACH who="0" step="1"/><D124/><REACH who="0" ten="402,36,162,390" step="2"/><U103/><E103/><V98/><F98/><W29/><G29/><T112/><D112/><U2/><E2/><V7/><F7/><W90/><AGARI ba="0,1" hai="6,11,15,40,44,50,64,67,83,86,90" m="13415" machi="90" ten="30,2000,0" yaku="8,1,54,1" doraHai="58" who="3" fromWho="3" sc="402,-10,36,-5,162,-5,390,30" /><INIT seed="5,0,0,1,5,37" ten="392,31,157,420" oya="1" hai0="0,43,114,124,15,95,10,58,66,121,29,31,53" hai1="60,81,122,120,102,54,84,40,55,129,85,49,67" hai2="133,127,111,77,33,109,128,26,63,93,110,14,101" hai3="103,2,42,64,39,47,48,8,118,30,91,83,79"/><U69/><E129/><V107/><F107/><W115/><G118/><T68/><D0/><U125/><E102/><V80/><F127/><W27/><G115/><T3/><D3/><U52/><E125/><V59/><F128/><W25/><G103/><T131/><D114/><U65/><E84/><V7/><F133/><W28/><G64/><T92/><D124/><U88/><REACH who="1" step="1"/><E67/><REACH who="1" ten="392,21,157,420" step="2"/><V45/><F101/><W82/><G79/><T76/><D76/><U117/><E117/><V12/><F77/><W5/><G91/><T100/><D100/><U98/><E98/><V4/><F110/><W35/><G39/><T70/><D131/><U57/><E57/><V19/><F59/><W72/><G72/><T75/><D75/><U17/><E17/><V22/><F19/><W74/><G74/><T11/><D66/><U135/><E135/><V132/><F132/><W106/><G106/><T18/><D18/><U20/><E20/><AGARI ba="0,1" hai="2,5,8,20,25,27,28,30,35,42,47,48,82,83" machi="20" ten="30,2000,0" yaku="7,1,52,1" doraHai="37" who="3" fromWho="1" sc="392,0,21,-20,157,0,420,30" /><INIT seed="6,0,0,2,3,71" ten="392,1,157,450" oya="2" hai0="23,105,46,108,4,15,44,111,31,69,51,115,42" hai1="90,18,63,98,83,43,16,101,84,50,56,2,29" hai2="41,100,72,103,6,30,35,28,68,22,5,67,36" hai3="17,80,73,91,129,25,58,60,79,135,62,26,75"/><V64/><F72/><W95/><G135/><T131/><D105/><U53/><E2/><V122/><F122/><W107/><G107/><T57/><D69/><U113/><E29/><V102/><F68/><W40/><G129/><T114/><D23/><U66/><E113/><N who="0" m="43017" /><D31/><U116/><E116/><V3/><F3/><W112/><G112/><T33/><D15/><U20/><E43/><V133/><F133/><W52/><G40/><N who="0" m="24967" /><D4/><U54/><E50/><V19/><F35/><W1/><G1/><T61/><D33/><U87/><E84/><V74/><F74/><W99/><G73/><T132/><D132/><U32/><E32/><V77/><F77/><W10/><G62/><T81/><D81/><U21/><E18/><V14/><F30/><W70/><G70/><T127/><D131/><U39/><E21/><V120/><F120/><W123/><G123/><T78/><D78/><U13/><E39/><V88/><F28/><W11/><G26/><T93/><D93/><AGARI ba="0,0" hai="13,16,20,53,54,56,63,66,83,87,90,93,98,101" machi="93" ten="30,3900,0" yaku="7,1,8,1,54,1" doraHai="71" who="1" fromWho="0" sc="392,-39,1,39,157,0,450,0" /><INIT seed="7,0,0,4,3,7" ten="353,40,157,450" oya="3" hai0="105,120,96,31,65,64,28,80,129,19,74,116,107" hai1="15,81,23,34,55,46,83,115,67,1,3,27,102" hai2="79,103,91,132,16,92,127,12,45,22,35,0,112" hai3="54,110,14,66,26,98,77,71,125,75,48,131,39"/><W118/><G39/><T128/><D96/><U82/><E115/><V36/><F112/><W99/><G118/><T86/><D86/><U41/><E102/><V135/><F35/><W25/><G110/><T56/><D56/><U63/><E34/><V130/><F0/><W29/><G131/><T52/><D80/><U78/><E3/><V2/><F2/><W93/><G125/><T37/><D37/><U68/><E1/><V6/><F6/><W97/><G14/><T42/><D42/><U84/><E55/><V100/><F130/><W90/><G29/><T17/><D120/><U94/><E94/><V111/><F111/><W62/><G75/><T24/><D24/><U104/><E104/><V73/><F127/><W50/><G77/><T106/><D106/><U9/><E23/><V33/><F33/><W30/><G30/><T53/><REACH who="0" step="1"/><D116/><REACH who="0" ten="343,40,157,450" step="2"/><U47/><E27/><N who="3" m="10250" /><G97/><T89/><D89/><U108/><E46/><V20/><F45/><W13/><G98/><T133/><D133/><U72/><E72/><AGARI ba="0,1" hai="17,19,28,31,52,53,64,65,72,74,105,107,128,129" machi="72" ten="25,6400,0" yaku="1,1,22,2,54,1,53,0" doraHai="7" doraHaiUra="85" who="0" fromWho="1" sc="343,74,40,-64,157,0,450,0" owari="417,22.0,-24,-52.0,157,-24.0,450,54.0" /></mjloggm>