<mjloggm ver="2.3"><GO type="41"/><UN n0="%6D%61%6B%69%74%79%75" n1="%73%2E%77%61%64%61" n2="%EF%BC%88%E2%89%A7%E2%96%BD%E2%89%A6%EF%BC%89" n3="%CE%B1%CE%B9%E2%80%A0%E5%A7%AB%E3%80%91" dan="13,14,15,14" rate="1908,1891,2074,1888" sx="M,M,M,M"/><TAIKYOKU oya="0"/><INIT seed="0,0,0,2,4,68" ten="250,250,250,250" oya="0" hai0="35,112,99,27,60,15,97,93,92,55,9,7,44" hai1="82,75,106,89,94,3,111,105,24,133,78,127,86" hai2="84,61,95,50,10,98,91,33,83,20,108,67,2" hai3="100,37,1,126,28,72,87,18,59,73,79,51,54"/><T29/><D112/><U109/><E3/><V85/><F33/><W4/><G28/><T48/><D60/><U113/><E24/><V38/><F108/><N who="1" m="41545" /><E127/><V124/><F124/><W34/><G34/><T118/><D118/><U70/><E70/><V58/><F20/><W129/><G100/><T45/><D93/><U19/><E19/><V13/><F2/><W114/><G114/><T40/><REACH who="0" step="1"/><D92/><REACH who="0" step="2"/><U116/><E113/><V22/><F61/><N who="3" m="36087" /><G126/><T5/><D5/><U56/><E116/><V23/><F95/><W65/><G4/><T121/><D121/><U14/><E133/><V90/><F98/><W132/><G132/><T77/><D77/><U71/><E71/><V12/><F83/><W76/><G79/><T119/><D119/><U131/><E131/><V17/><F67/><W66/><G76/><T6/><D6/><U96/><E14/><V123/><F12/><W26/><G66/><T11/><D11/><U42/><E42/><V74/><F13/><W88/><G65/><T31/><D31/><U81/><E56/><V128/><F58/><W64/><G129/><T49/><AGARI ba="0,1" hai="7,9,15,27,29,35,40,44,45,48,49,55,97,99" machi="49" ten="20,3900,0" yaku="1,1,0,1,7,1,53,0" doraHai="68" doraHaiUra="16" who="0" fromWho="0" sc="240,49,250,-13,250,-13,250,-13" /><INIT seed="0,1,0,5,3,35" ten="289,237,237,237" oya="0" hai0="132,115,112,64,45,131,91,18,95,34,29,119,84" hai1="24,42,48,94,118,87,127,122,71,133,72,0,97" hai2="22,79,41,104,40,121,25,39,49,126,69,109,81" hai3="92,2,77,30,66,27,57,120,123,86,15,65,83"/><T54/><D119/><U52/><E118/><V20/><F121/><N who="3" m="46667" /><G15/><T56/><D131/><U3/><E122/><V7/><F104/><W98/><G2/><T82/><D132/><U19/><E71/><V59/><F69/><W105/><G105/><T33/><D33/><U73/><E42/><V124/><F39/><W75/><G75/><T14/><D29/><U50/><E50/><V116/><F116/><W62/><G62/><T90/><D34/><U101/><E127/><N who="2" m="48683" /><F7/><W43/><G43/><N who="2" m="16457" /><F109/><W10/><G57/><T100/><D100/><U53/><E133/><V47/><F59/><W103/><G10/><T85/><D64/><U117/><E53/><N who="2" m="29887" /><F25/><W108/><G108/><T99/><D85/><AGARI ba="1,0" hai="20,22,79,81,85" m="29887,16457,48683" machi="85" ten="30,1000,0" yaku="18,1" doraHai="35" who="2" fromWho="0" sc="289,-13,237,0,237,13,237,0" /><INIT seed="1,0,0,4,3,51" ten="276,237,250,237" oya="1" hai0="97,7,41,59,32,93,19,25,95,52,122,111,101" hai1="3,11,31,63,34,62,75,94,90,123,83,26,43" hai2="14,20,17,112,50,130,54,22,89,42,44,0,10" hai3="21,27,64,18,38,113,6,37,67,127,73,28,35"/><U115/><E115/><V24/><F112/><W82/><G113/><T48/><D122/><U29/><E123/><V49/><F130/><W56/><G127/><T103/><D111/><U125/><E125/><V13/><F0/><W124/><G124/><T99/><D41/><U2/><E43/><V87/><F13/><W98/><G6/><T39/><D39/><U57/><E31/><V81/><REACH who="2" step="1"/><F24/><REACH who="2" step="2"/><W106/><G27/><T65/><D25/><U5/><E75/><V46/><AGARI ba="0,1" hai="10,14,17,20,22,42,44,46,49,50,54,81,87,89" machi="46" ten="20,16000,3" yaku="1,1,2,1,0,1,7,1,25,2,8,1,52,1,53,0" doraHai="51" doraHaiUra="23" who="2" fromWho="2" sc="276,-40,237,-80,240,170,237,-40" /><INIT seed="2,0,0,5,5,21" ten="236,157,410,197" oya="2" hai0="95,55,77,29,60,70,111,40,83,127,131,129,93" hai1="36,98,134,17,122,54,74,108,89,37,35,78,120" hai2="66,19,79,99,65,12,133,43,121,48,132,38,119" hai3="15,75,86,130,22,82,64,50,14,96,87,106,97"/><V8/><F38/><W123/><G123/><T109/><D40/><U31/><E108/><N who="0" m="41545" /><D29/><U11/><E134/><N who="2" m="51819" /><F121/><N who="1" m="46697" /><E74/><V92/><F79/><W110/><G110/><T27/><D27/><N who="1" m="18943" /><E78/><V117/><F43/><W26/><G130/><N who="0" m="49675" /><D127/><U114/><E114/><V47/><F47/><W126/><G126/><T94/><D55/><U28/><E28/><V73/><F48/><W42/><G75/><N who="0" m="43455" /><D60/><U16/><E54/><V100/><F73/><W104/><G64/><AGARI ba="0,0" hai="8,12,19,64,65,66,92,99,100,117,119" m="51819" machi="64" ten="30,1500,0" yaku="20,1" doraHai="21" who="2" fromWho="3" sc="236,0,157,0,410,15,197,-15" /><INIT seed="2,1,0,1,1,64" ten="236,157,425,182" oya="2" hai0="130,81,34,118,47,39,60,29,0,2,115,45,123" hai1="94,46,113,93,36,135,79,86,37,49,116,19,133" hai2="131,38,95,54,3,75,99,24,106,126,14,134,44" hai3="84,125,30,127,87,104,117,96,5,16,129,110,10"/><V50/><F3/><W107/><G117/><T6/><D81/><U17/><E113/><V101/><F75/><W73/><G73/><T56/><D118/><U13/><E116/><V132/><F126/><N who="3" m="48139" /><G129/><T108/><D123/><U31/><E31/><V26/><F38/><W43/><G30/><T78/><D78/><U89/><E79/><V63/><F131/><W65/><G110/><T18/><D18/><U121/><E94/><V69/><F14/><N who="3" m="7255" /><G5/><T15/><D130/><U32/><E32/><V128/><F128/><W90/><G43/><T66/><D108/><U122/><E49/><V27/><REACH who="2" step="1"/><F106/><REACH who="2" step="2"/><W83/><G107/><T80/><D115/><U42/><E36/><V62/><F62/><W92/><G65/><AGARI ba="1,1" hai="24,26,27,44,50,54,63,65,69,95,99,101,132,134" machi="65" ten="40,3900,0" yaku="1,1,52,1,53,0" doraHai="64" doraHaiUra="53" who="2" fromWho="3" sc="236,0,157,0,415,52,182,-42" /><INIT seed="2,2,0,1,3,92" ten="236,157,467,140" oya="2" hai0="116,89,55,76,134,24,22,87,93,96,2,125,59" hai1="32,82,81,118,108,19,131,8,41,114,34,69,95" hai2="120,7,97,9,13,122,15,4,29,35,135,33,14" hai3="28,48,124,42,68,123,43,111,78,66,63,75,62"/><V102/><F135/><W38/><G28/><T88/><D116/><U132/><E114/><V53/><F53/><W25/><G25/><T73/><D125/><U71/><E118/><V65/><F65/><W16/><G16/><T47/><D2/><U130/><E41/><V127/><F127/><W12/><G75/><T100/><D47/><U99/><E108/><V18/><F4/><W52/><G124/><T27/><D134/><U67/><E132/><V11/><F14/><W129/><G12/><T36/><D36/><U44/><E44/><V103/><F103/><W17/><G17/><N who="0" m="12367" /><D27/><U50/><E50/><V0/><F0/><W10/><G10/><T31/><D31/><U39/><E39/><V45/><F45/><N who="3" m="23767" /><G78/><T64/><D64/><U74/><BYE who="3" /><E8/><V72/><F72/><W112/><G112/><T49/><D73/><UN n3="%CE%B1%CE%B9%E2%80%A0%E5%A7%AB%E3%80%91" /><U26/><E67/><V113/><F113/><W121/><G111/><T84/><D84/><U83/><E74/><V115/><F115/><W20/><G20/><T104/><D104/><U85/><E85/><V105/><REACH who="2" step="1"/><F29/><REACH who="2" step="2"/><W106/><G129/><T70/><D70/><U109/><E71/><V110/><F110/><W90/><G121/><AGARI ba="2,1" hai="7,9,11,13,15,18,33,35,97,102,105,120,121,122" machi="121" ten="40,3900,0" yaku="1,1,52,1,53,0" doraHai="92" doraHaiUra="126" who="2" fromWho="3" sc="236,0,157,0,457,55,140,-45" /><INIT seed="2,3,0,3,1,16" ten="236,157,512,95" oya="2" hai0="131,116,60,98,130,11,39,37,127,14,91,70,9" hai1="121,104,124,117,48,111,30,135,5,28,106,105,18" hai2="33,6,81,80,83,59,88,128,4,44,50,49,56" hai3="38,32,103,24,21,63,97,2,107,71,78,31,108"/><V27/><F128/><N who="0" m="49194" /><D127/><U55/><E117/><V0/><F33/><W36/><G108/><T132/><D132/><U96/><E111/><V43/><F0/><W52/><G78/><T113/><D113/><U62/><E124/><V42/><F27/><W85/><G85/><T77/><D77/><U12/><E135/><V46/><F88/><W123/><G123/><T34/><D34/><U102/><E5/><AGARI ba="3,0" hai="4,5,6,42,43,44,46,49,50,56,59,80,81,83" machi="5" ten="40,3900,0" yaku="9,1,8,1" doraHai="16" who="2" fromWho="1" sc="236,0,157,-48,512,48,95,0" /><INIT seed="2,4,0,0,0,38" ten="236,109,560,95" oya="2" hai0="99,79,42,121,22,103,118,3,70,31,100,66,45" hai1="69,58,25,130,108,11,15,124,89,39,72,111,131" hai2="29,54,114,123,112,88,9,8,30,101,90,60,84" hai3="14,56,55,87,77,119,102,5,40,26,129,104,53"/><V51/><F123/><W105/><G119/><T24/><D121/><U2/><E69/><V34/><F101/><W28/><G129/><N who="1" m="49162" /><E72/><V75/><F75/><W37/><G104/><T128/><D128/><U117/><E117/><V4/><F34/><W48/><G105/><T44/><D3/><U10/><E39/><V13/><F114/><W49/><G102/><T46/><D66/><U80/><E124/><V6/><F112/><W57/><G5/><T98/><D70/><U21/><E58/><V78/><F60/><W62/><G14/><T20/><D20/><U76/><E76/><V50/><F78/><W19/><G19/><T0/><D0/><U52/><E80/><V85/><F13/><W74/><G74/><T68/><D68/><U94/><E52/><AGARI ba="4,0" hai="4,6,8,9,29,30,50,51,52,54,84,85,88,90" machi="52" ten="25,12000,1" yaku="22,2,8,1,54,2" doraHai="38" who="2" fromWho="1" sc="236,0,109,-132,560,132,95,0" owari="236,4.0,-23,-52.0,692,78.0,95,-30.0" /></mjloggm>