<mjloggm ver="2.3"><GO type="41"/><UN n0="%E3%82%B5%E3%83%B3%E3%83%A9%E3%83%BC" n1="%E3%82%A6%E3%83%AB%E3%83%88%E3%83%A9%E7%AB%8B%E7%9B%B4" n2="%6C%6F%75%69%73%65" n3="%E3%82%B8%E3%83%A5%E3%83%B3%E3%81%AB%E3%82%83%E3%82%93%E6%A7%98%E3%81%81" dan="15,15,14,15" rate="2032,1973,1906,1931" sx="M,M,M,M"/><TAIKYOKU oya="0"/><INIT seed="0,0,0,1,0,105" ten="250,250,250,250" oya="0" hai0="34,37,4,38,101,60,134,63,106,91,26,109,13" hai1="117,116,121,82,6,133,125,73,102,96,123,3,1" hai2="79,28,20,108,86,62,8,29,0,126,24,59,135" hai3="77,25,87,68,84,7,36,98,81,39,132,99,69"/><T31/><D134/><U128/><E6/><V21/><F135/><W129/><G132/><T103/><D103/><U118/><E133/><V83/><F108/><W48/><G129/><T78/><D109/><U104/><E128/><V80/><F126/><W72/><G7/><T65/><D63/><U127/><E3/><V54/><F0/><W64/><G48/><T120/><D91/><U131/><E1/><V70/><F70/><W114/><G114/><T14/><D120/><N who="1" m="46155" /><E131/><V94/><F8/><W97/><G25/><T42/><D42/><U111/><E111/><V17/><F83/><W45/><G64/><T40/><D40/><U9/><E9/><V61/><F62/><W47/><G47/><T55/><D55/><U100/><E100/><V85/><F21/><W113/><G113/><T43/><D43/><U22/><E22/><V49/><F49/><W53/><G53/><T51/><D51/><U23/><E23/><V30/><F30/><W11/><G11/><T41/><D41/><U89/><E89/><AGARI ba="0,0" hai="17,20,24,28,29,54,59,61,79,80,85,86,89,94" machi="89" ten="40,1300,0" yaku="8,1" doraHai="105" who="2" fromWho="1" sc="250,0,250,-13,250,13,250,0" /><INIT seed="1,0,0,5,4,67" ten="250,237,263,250" oya="1" hai0="97,128,105,10,109,55,64,60,132,86,114,48,73" hai1="15,124,62,9,120,78,66,130,17,108,88,11,106" hai2="77,44,2,111,123,131,99,34,116,115,26,80,65" hai3="12,47,68,134,79,96,126,98,100,54,1,39,61"/><U58/><E120/><V71/><F116/><W101/><G1/><T41/><D114/><U37/><E106/><V32/><F123/><W30/><G134/><T72/><D132/><U107/><E107/><V112/><F2/><W87/><G126/><T45/><D109/><U125/><E37/><V57/><F111/><W25/><G98/><T22/><D128/><U59/><E108/><V85/><F131/><W93/><G101/><T7/><D86/><U76/><E130/><V8/><F99/><W129/><G129/><T74/><D22/><U4/><E124/><V14/><F57/><W5/><G5/><T75/><D97/><U49/><E125/><V13/><F44/><W63/><G12/><T40/><D105/><U117/><E117/><V53/><F53/><W119/><G119/><T42/><D72/><U35/><E35/><V31/><F32/><W6/><G6/><T133/><D133/><U118/><E118/><V0/><F0/><W20/><G68/><T84/><D84/><U38/><E38/><V89/><F77/><W43/><G54/><T122/><D122/><U52/><E88/><V50/><F115/><W19/><REACH who="3" step="1"/><G30/><REACH who="3" ten="250,237,263,240" step="2"/><T24/><D55/><U103/><E103/><V23/><F31/><W70/><G70/><T135/><D135/><U90/><E90/><V56/><F71/><W69/><G69/><T16/><D7/><U94/><E94/><V92/><F92/><W83/><AGARI ba="0,1" hai="19,20,25,39,43,47,61,63,79,83,87,93,96,100" machi="83" ten="30,4000,0" yaku="1,1,0,1,53,1" doraHai="67" doraHaiUra="18" who="3" fromWho="3" sc="250,-10,237,-20,263,-10,240,50" /><INIT seed="2,0,0,3,3,108" ten="240,217,253,290" oya="2" hai0="97,48,9,49,133,86,88,11,68,73,66,45,105" hai1="113,35,25,39,82,63,77,119,3,42,81,100,2" hai2="110,106,115,24,23,135,6,72,40,50,44,79,120" hai3="76,36,74,7,80,59,83,41,125,0,18,90,29"/><V116/><F120/><W107/><G125/><T94/><D73/><N who="1" m="43183" /><E82/><V132/><F116/><W22/><G107/><T51/><D133/><N who="2" m="51274" /><F106/><W56/><G29/><T89/><D68/><U85/><E100/><V61/><F6/><W71/><G71/><T52/><D66/><U32/><E85/><V99/><F99/><W96/><G96/><T109/><D109/><U4/><E63/><V117/><F110/><W98/><G98/><T33/><D33/><N who="1" m="12875" /><E25/><V130/><F117/><W21/><G90/><T93/><D105/><U43/><E43/><V91/><F91/><W64/><G83/><T1/><D1/><U15/><E15/><V5/><F5/><W62/><G56/><T47/><D51/><U54/><E54/><AGARI ba="0,0" hai="9,11,45,47,48,49,52,54,86,88,89,93,94,97" machi="54" ten="30,8000,1" yaku="7,1,9,1,8,1,54,2" doraHai="108" who="0" fromWho="1" sc="240,80,217,-80,253,0,290,0" /><INIT seed="3,0,0,2,0,49" ten="320,137,253,290" oya="3" hai0="120,23,94,63,132,101,119,78,107,65,98,4,135" hai1="121,28,39,74,130,123,21,62,51,13,77,125,3" hai2="83,6,0,17,90,116,8,18,79,47,95,85,14" hai3="27,55,31,34,15,112,124,129,38,99,7,70,29"/><W96/><G112/><T100/><D120/><U33/><E39/><V126/><F116/><W43/><G129/><T1/><D119/><U128/><E77/><V54/><F126/><W89/><G124/><T118/><D118/><U111/><E74/><V102/><F102/><W93/><G70/><T44/><D78/><U104/><E104/><V117/><F117/><W58/><G31/><T113/><D113/><U25/><E125/><V11/><F0/><W64/><G64/><T87/><D23/><U45/><E62/><V32/><F32/><W103/><G43/><T69/><D44/><U16/><E111/><V19/><F47/><W134/><G38/><T84/><D4/><U127/><E127/><V110/><F110/><W61/><G134/><N who="0" m="51243" /><D1/><U71/><E71/><V73/><F11/><W50/><G7/><T22/><D22/><U115/><E115/><V40/><F40/><W92/><REACH who="3" step="1"/><G15/><REACH who="3" ten="320,137,253,280" step="2"/><T10/><D10/><U122/><REACH who="1" step="1"/><E3/><REACH who="1" ten="320,127,253,280" step="2"/><V56/><F6/><W105/><G105/><T42/><D107/><U20/><E20/><V133/><F133/><W37/><G37/><T57/><D69/><U53/><AGARI ba="0,2" hai="13,16,21,25,28,33,45,51,53,121,122,123,128,130" machi="53" ten="40,8000,1" yaku="1,1,0,1,52,1,54,1,53,0" doraHai="49" doraHaiUra="91" who="1" fromWho="1" sc="320,-20,127,100,253,-20,280,-40" /><INIT seed="4,0,0,1,5,31" ten="300,227,233,240" oya="0" hai0="92,109,119,55,8,63,18,66,115,87,79,75,106" hai1="0,118,135,89,22,95,12,36,50,69,120,25,26" hai2="84,51,90,45,98,61,68,70,81,37,65,5,33" hai3="85,117,100,74,82,34,47,125,43,107,38,20,10"/><T110/><D106/><U112/><E36/><V111/><F37/><W54/><G117/><T24/><D119/><U57/><E0/><V52/><F111/><N who="0" m="42506" /><D115/><U121/><E69/><V102/><F5/><W7/><G74/><T123/><D123/><U80/><E118/><V122/><F122/><W108/><G125/><T60/><D75/><U48/><E112/><V35/><F70/><W16/><G108/><T19/><D8/><U46/><E135/><V99/><REACH who="2" step="1"/><F98/><REACH who="2" ten="300,227,223,240" step="2"/><W1/><G107/><AGARI ba="0,1" hai="33,35,45,51,52,61,65,68,81,84,90,99,102,107" machi="107" ten="30,12000,2" yaku="1,1,2,1,7,1,52,2,54,1,53,0" doraHai="31" doraHaiUra="126" who="2" fromWho="3" sc="300,0,227,0,223,130,240,-120" /><INIT seed="5,0,0,4,0,66" ten="300,227,353,120" oya="1" hai0="67,86,40,51,113,63,1,0,103,108,35,18,21" hai1="105,69,121,93,132,50,61,97,7,46,45,49,9" hai2="48,60,84,42,89,6,135,52,17,90,126,75,68" hai3="58,114,24,87,134,128,127,57,71,85,47,110,56"/><U76/><E105/><V19/><F75/><W101/><G110/><T41/><D35/><U38/><E121/><V16/><F135/><W119/><G114/><T79/><D108/><U80/><E132/><V92/><F126/><W72/><G72/><T54/><D113/><U112/><E112/><V95/><F6/><W117/><G134/><T91/><D103/><U82/><E38/><V65/><F42/><W78/><G101/><T5/><D79/><U109/><E109/><V14/><F14/><W11/><G127/><T115/><D1/><U107/><E107/><V2/><F2/><W28/><G128/><T3/><D3/><U64/><E46/><V15/><F15/><W124/><G124/><T120/><D120/><U96/><E49/><V81/><REACH who="2" step="1"/><F90/><REACH who="2" ten="300,227,343,120" step="2"/><W111/><G119/><T31/><D5/><U77/><E7/><V123/><F123/><W118/><G117/><T36/><D0/><U22/><E9/><V104/><F104/><W55/><G118/><T34/><D115/><U25/><E77/><V130/><F130/><W37/><G78/><T59/><D36/><U131/><E131/><V99/><F99/><W10/><G37/><T116/><D116/><U83/><E76/><V106/><F106/><W125/><G111/><T53/><D41/><U62/><E96/><V100/><F100/><W20/><G125/><T27/><D91/><U122/><E122/><V88/><F88/><W73/><G73/><T8/><D86/><U23/><E25/><V39/><F39/><W44/><G87/><T13/><D8/><U33/><E97/><V70/><F70/><RYUUKYOKU ba="0,1" sc="300,15,227,-15,343,15,120,-15" hai0="13,18,21,27,31,34,40,51,53,54,59,63,67" hai2="16,17,19,48,52,60,65,68,81,84,89,92,95" /><INIT seed="6,1,1,2,0,69" ten="315,212,358,105" oya="2" hai0="24,9,54,122,90,25,15,86,62,128,44,18,121" hai1="113,109,100,67,82,37,39,108,91,35,6,99,21" hai2="134,81,104,88,94,22,127,129,48,98,115,117,0" hai3="63,16,26,61,132,85,31,60,14,27,41,58,124"/><V116/><F0/><W43/><G132/><T29/><D128/><U130/><E21/><V79/><F134/><W34/><G124/><T55/><D25/><U78/><E91/><V17/><F129/><W84/><G58/><T13/><D13/><U20/><E20/><V114/><F127/><W93/><G93/><T3/><D3/><U70/><E6/><V125/><F104/><W102/><G102/><T64/><D55/><U2/><E2/><V95/><F48/><W77/><G27/><T45/><D45/><U30/><E130/><V51/><F51/><W56/><G56/><T40/><D54/><U57/><E57/><V66/><F66/><W46/><G77/><T107/><D107/><N who="1" m="63903" /><E113/><N who="2" m="43019" /><F125/><W119/><G119/><T131/><D131/><U112/><E112/><V76/><F95/><W123/><G123/><T75/><D75/><N who="1" m="43359" /><E30/><V80/><F17/><W110/><G110/><N who="1" m="42602" /><E35/><V71/><F22/><W5/><G5/><T32/><D62/><AGARI ba="1,1" hai="37,39,62,67,70" m="42602,43359,63903" machi="62" ten="30,3900,0" yaku="23,1,52,2" doraHai="69" who="1" fromWho="0" sc="315,-42,212,52,358,0,105,0" /><INIT seed="7,0,0,3,3,101" ten="273,264,358,105" oya="3" hai0="113,131,4,94,16,76,128,102,71,20,27,37,19" hai1="6,52,114,62,112,8,66,35,33,53,98,45,118" hai2="120,25,31,117,54,11,124,67,88,38,32,77,108" hai3="9,107,87,5,93,30,99,43,1,17,40,55,3"/><W36/><G3/><T28/><D71/><U100/><E118/><V57/><F38/><W115/><G115/><N who="1" m="44074" /><E45/><V58/><F108/><W132/><G132/><T81/><D37/><U78/><E78/><V49/><F117/><W21/><G30/><T82/><D113/><U41/><E41/><V89/><F124/><W63/><G36/><T60/><D60/><U2/><E66/><V96/><F120/><W104/><G87/><N who="0" m="48551" /><D4/><U56/><E53/><V127/><F77/><W83/><G83/><T121/><D121/><U39/><E39/><V133/><F133/><W34/><G34/><T123/><D123/><U47/><E47/><V12/><F127/><W0/><G0/><T79/><D94/><AGARI ba="0,0" hai="2,6,8,33,35,52,56,62,94,98,100" m="44074" machi="94" ten="30,2000,0" yaku="15,1,54,1" doraHai="101" who="1" fromWho="0" sc="273,-20,264,20,358,0,105,0" owari="253,-15.0,284,8.0,358,46.0,105,-39.0" /></mjloggm>