<mjloggm ver="2.3"><GO type="65"/><UN n0="%4F%70%65%72%61%E3%81%82%E3%81%8D" n1="%EF%BC%88%E2%89%A7%E2%96%BD%E2%89%A6%EF%BC%89" n2="%6B%6F%75%32" n3="%74%61%6D%75%72%61%40" dan="3,6,0,12" rate="1413,1693,1500,1670" sx="M,M,F,M"/><TAIKYOKU oya="0"/><INIT seed="0,0,0,0,3,37" ten="250,250,250,250" oya="0" hai0="22,88,129,65,54,32,112,59,49,116,9,115,50" hai1="93,121,128,77,40,84,26,124,117,34,56,122,7" hai2="133,114,17,48,83,46,39,44,78,72,97,110,51" hai3="25,57,125,111,41,76,104,101,71,96,60,75,123"/><T28/><D116/><U109/><E117/><V127/><F39/><W27/><G123/><T58/><D65/><U30/><E128/><V43/><F114/><W74/><G71/><T62/><D129/><U23/><E124/><V102/><F127/><W85/><G111/><T89/><D9/><U98/><E109/><V86/><F110/><W79/><G125/><T6/><D6/><U38/><E7/><V20/><F133/><W55/><G75/><T92/><D32/><U66/><E34/><V82/><F97/><W12/><G74/><T33/><D33/><U3/><E3/><V108/><F102/><W94/><G104/><T130/><D130/><U87/><E77/><N who="3" m="29770" /><G85/><N who="1" m="32842" /><E38/><V99/><F108/><W1/><G1/><T13/><D115/><U4/><E4/><V16/><F99/><W29/><G27/><N who="0" m="16503" /><D112/><U15/><E15/><V132/><F132/><W113/><G113/><T19/><D92/><U63/><E40/><N who="2" m="24583" /><F72/><W131/><G12/><T47/><D47/><U36/><E36/><V67/><F67/><W91/><G131/><T42/><D42/><U53/><E53/><V119/><F119/><W103/><G41/><T35/><D35/><U24/><E24/><N who="2" m="14343" /><F17/><W10/><G10/><N who="0" m="6583" /><D49/><U105/><E105/><V8/><F8/><W81/><G81/><AGARI ba="0,0" hai="43,46,51,78,81,82,83,86" m="14343,24583" machi="81" ten="30,7700,0" yaku="8,1,52,2,54,1" doraHai="37" who="2" fromWho="3" sc="250,0,250,0,250,77,250,-77" /><INIT seed="1,0,0,3,0,68" ten="250,250,327,173" oya="1" hai0="44,102,113,111,80,84,8,72,46,103,74,26,124" hai1="79,45,14,126,18,75,0,115,100,57,67,63,85" hai2="55,22,12,97,20,1,56,40,41,15,48,121,9" hai3="11,70,116,99,91,17,27,32,118,86,110,83,122"/><U5/><E115/><V39/><F1/><W38/><G70/><T112/><D26/><U132/><E126/><V25/><F121/><W33/><G122/><T52/><D8/><U28/><E132/><V95/><F20/><W130/><G130/><T134/><D80/><N who="1" m="47263" /><E75/><N who="0" m="28713" /><D84/><U47/><E28/><V65/><F65/><W109/><G99/><T13/><D13/><U98/><E0/><V101/><F15/><N who="3" m="7423" /><G38/><T96/><D96/><U6/><E98/><V93/><F93/><W117/><G27/><T89/><D124/><U43/><E100/><N who="0" m="38441" /><D89/><U135/><E135/><V24/><F24/><W107/><G107/><T120/><D120/><U64/><E64/><V104/><F104/><W42/><G42/><T88/><D88/><U77/><E77/><V62/><F48/><W23/><G23/><T131/><D134/><U31/><E31/><N who="2" m="17847" /><F39/><W82/><G82/><T35/><D35/><AGARI ba="0,0" hai="32,33,35,83,86,91,109,110,116,117,118" m="7423" machi="35" ten="40,1300,0" yaku="12,1" doraHai="68" who="3" fromWho="0" sc="250,-13,250,0,327,0,173,13" /><INIT seed="2,0,0,5,2,23" ten="237,250,327,186" oya="2" hai0="102,6,72,12,115,80,30,105,109,69,5,118,100" hai1="62,13,44,119,64,103,43,73,74,54,78,87,130" hai2="0,106,71,126,135,31,53,77,101,85,107,116,81" hai3="86,61,117,108,70,52,111,83,11,84,41,14,50"/><V51/><F71/><W34/><G117/><T20/><D115/><U59/><E119/><V32/><F116/><W58/><G34/><T48/><D109/><N who="3" m="42057" /><G70/><T33/><D118/><U125/><E125/><V132/><F0/><W113/><G113/><T16/><D69/><U4/><E130/><V45/><F126/><W21/><G41/><T96/><D102/><U17/><E103/><V121/><F121/><W28/><G86/><T68/><D68/><U25/><E73/><V110/><F110/><W18/><G28/><T93/><D48/><U128/><E74/><V29/><F101/><W133/><G133/><N who="2" m="51273" /><F32/><W19/><G84/><T94/><D33/><U27/><E128/><V55/><F55/><W39/><G39/><T10/><D30/><AGARI ba="0,0" hai="29,30,31,45,51,53,77,81,85,106,107" m="51273" machi="30" ten="30,1500,0" yaku="20,1" doraHai="23" who="2" fromWho="0" sc="237,-15,250,0,327,15,186,0" /><INIT seed="2,1,0,1,4,102" ten="222,250,342,186" oya="2" hai0="132,54,91,112,53,92,114,4,133,24,126,45,8" hai1="84,101,32,20,59,35,110,3,83,94,119,89,10" hai2="22,65,129,99,86,37,121,104,29,69,68,19,62" hai3="44,9,56,96,75,117,127,105,124,46,70,16,81"/><V41/><F86/><W115/><G70/><T66/><D24/><U125/><E119/><V18/><F121/><W26/><G117/><T0/><D66/><U109/><E125/><N who="3" m="48202" /><G115/><T88/><D126/><U38/><E38/><V64/><F129/><W49/><G105/><T100/><D100/><U80/><E3/><V85/><F85/><W135/><G96/><T48/><D92/><U1/><E1/><V51/><F37/><W23/><G135/><N who="0" m="51787" /><D54/><U120/><E10/><V79/><F79/><N who="3" m="44287" /><G9/><T61/><D61/><U90/><E120/><V123/><F123/><W14/><G14/><T31/><D31/><U103/><E20/><V34/><F51/><W52/><AGARI ba="1,0" hai="16,23,26,44,46,49,52,56" m="44287,48202" machi="52" ten="30,4000,0" yaku="18,1,54,2" doraHai="102" who="3" fromWho="3" sc="222,-11,250,-11,342,-21,186,43" /><INIT seed="3,0,0,5,1,108" ten="211,239,321,229" oya="3" hai0="42,110,35,3,30,50,13,104,120,47,34,101,15" hai1="49,56,95,17,68,4,75,134,64,89,116,48,83" hai2="67,126,61,5,105,20,29,93,119,52,85,18,87" hai3="88,46,112,59,7,62,131,23,107,133,129,130,84"/><W79/><G107/><T114/><D104/><U53/><E116/><V80/><F105/><W26/><G79/><T96/><D110/><U106/><E134/><V45/><F119/><W28/><G7/><T22/><D120/><U44/><E106/><V51/><F126/><W21/><G46/><T16/><D101/><U41/><E75/><V76/><F5/><W55/><G133/><T58/><D58/><U57/><E4/><V36/><F29/><W118/><G118/><T98/><D98/><U103/><E68/><V99/><F36/><W14/><G112/><T70/><D70/><U27/><E83/><V86/><F61/><W69/><G69/><T72/><D72/><U0/><E0/><V115/><F67/><W113/><G113/><T82/><D82/><U71/><E71/><V66/><F66/><W60/><G14/><N who="0" m="5131" /><D96/><U81/><E81/><V11/><F11/><W77/><G77/><T102/><D102/><U132/><E103/><N who="2" m="60911" /><F115/><W1/><G1/><T117/><D42/><U65/><E56/><V24/><AGARI ba="0,0" hai="18,20,24,45,51,52,76,80,85,86,87" m="60911" machi="24" ten="30,2000,0" yaku="8,1,54,1" doraHai="108" who="2" fromWho="2" sc="211,-5,239,-5,321,20,229,-10" owari="206,-29,234,3,341,44,219,-18" /></mjloggm>