<mjloggm ver="2.3"><GO type="169"/><UN n0="%6D%69%69%6B%6F" n1="%EF%BC%88%E2%89%A7%E2%96%BD%E2%89%A6%EF%BC%89" n2="%E5%A4%A7%E8%83%86%E3%81%AB%E3%83%80%E3%82%A4%E3%82%BF" n3="%E3%83%A1%E3%82%A4%E3%83%89%E5%A4%A9%E4%BD%BF%E9%95%B7" dan="17,17,16,16" rate="2170,2211,2022,2065" sx="M,M,M,M"/><TAIKYOKU oya="0"/><INIT seed="0,0,0,0,1,26" ten="250,250,250,250" oya="0" hai0="121,96,51,48,134,43,122,105,63,8,58,31,113" hai1="65,54,27,124,22,23,126,50,99,120,45,115,83" hai2="28,76,132,30,55,49,35,74,85,133,56,41,46" hai3="13,127,40,98,25,24,3,103,29,34,33,97,7"/><T107/><D113/><U131/><E120/><V95/><F74/><W114/><G40/><T10/><D134/><N who="2" m="51818" /><F35/><W1/><G127/><T89/><D96/><U20/><E115/><V78/><F76/><W118/><G98/><T69/><D43/><U36/><E131/><V66/><F66/><W77/><G77/><T91/><D58/><U92/><E36/><V37/><F95/><W11/><G114/><T9/><D63/><U12/><E12/><V39/><F39/><W128/><G118/><T47/><D47/><U106/><E106/><V81/><AGARI ba="0,0" hai="28,30,37,41,46,49,55,56,78,81,85" m="51818" machi="81" ten="30,4000,0" yaku="20,1,52,2" doraHai="26" who="2" fromWho="2" sc="250,-20,250,-10,250,40,250,-10" /><INIT seed="1,0,0,3,0,1" ten="230,240,290,240" oya="1" hai0="63,60,112,92,34,108,57,69,67,21,93,55,79" hai1="10,22,135,33,99,12,0,9,86,116,117,16,7" hai2="87,65,78,124,88,39,81,125,50,17,90,110,30" hai3="134,46,54,133,13,103,64,2,11,131,76,42,23"/><U36/><E36/><V35/><F39/><W41/><G103/><T109/><D34/><U111/><E135/><N who="3" m="51722" /><G64/><T102/><D112/><U104/><E111/><N who="0" m="42569" /><D102/><U98/><E33/><V5/><F110/><W18/><G76/><T66/><D79/><U24/><E104/><V129/><F129/><W106/><G106/><T84/><D84/><U26/><E26/><V70/><F65/><W49/><G131/><T27/><D55/><U91/><E117/><V68/><F68/><W71/><G71/><T37/><D37/><U4/><E116/><V15/><F70/><W3/><G3/><T97/><D97/><U28/><E28/><AGARI ba="0,0" hai="21,27,28,57,60,63,66,67,69,92,93" m="42569" machi="28" ten="30,1000,0" yaku="14,1" doraHai="1" who="0" fromWho="1" sc="230,10,240,-10,290,0,240,0" /><INIT seed="2,0,0,5,0,1" ten="240,230,290,240" oya="2" hai0="88,62,91,76,27,103,9,124,68,47,108,31,0" hai1="104,120,80,127,95,5,23,32,28,74,20,61,131" hai2="25,99,130,37,42,77,18,84,51,78,11,135,121" hai3="49,2,81,64,56,110,114,126,43,10,82,116,69"/><V71/><F121/><W60/><G116/><T48/><D108/><U4/><E104/><V16/><F71/><W67/><G126/><T44/><D124/><U132/><E127/><V85/><F37/><W65/><G114/><T87/><D103/><U117/><E117/><V105/><F105/><W40/><G110/><T86/><D47/><U14/><E120/><V59/><F99/><W75/><G75/><T123/><D123/><U102/><E32/><V39/><F39/><W19/><G69/><T54/><D76/><U7/><E131/><V72/><F130/><W55/><G2/><T35/><D87/><U15/><E132/><V93/><F72/><W66/><G40/><T29/><D29/><U133/><E133/><V36/><F36/><W107/><G107/><T79/><D79/><U30/><E61/><V106/><F106/><W38/><G38/><T134/><D86/><U24/><E80/><N who="3" m="30826" /><G43/><T109/><D109/><U129/><E129/><V58/><F93/><W92/><G92/><T119/><D119/><U13/><E74/><V57/><F135/><W50/><G67/><T70/><D70/><U122/><E122/><V34/><F34/><W98/><G98/><T113/><D113/><U17/><E23/><N who="2" m="13543" /><F77/><W112/><G112/><T33/><D33/><U63/><E63/><V6/><F78/><W97/><G97/><AGARI ba="0,0" hai="4,5,7,13,14,15,17,20,24,28,30,95,97,102" machi="97" ten="40,8000,1" yaku="8,1,52,3" doraHai="1" who="1" fromWho="3" sc="240,0,230,80,290,0,240,-80" /><INIT seed="3,0,0,0,0,127" ten="240,310,290,160" oya="3" hai0="4,73,42,29,129,69,17,37,43,11,5,10,134" hai1="57,15,125,22,36,76,100,1,75,34,103,72,41" hai2="58,47,7,31,99,55,65,117,91,63,132,50,62" hai3="131,79,93,23,26,74,95,39,52,98,68,110,97"/><W122/><G122/><T121/><D73/><U67/><E1/><V123/><F117/><W54/><G68/><T89/><D69/><U2/><E2/><V85/><F123/><W12/><G39/><T33/><D134/><U86/><E34/><V120/><F132/><W105/><G105/><T19/><D37/><U128/><E72/><V130/><F99/><W21/><G54/><T87/><D121/><U20/><E75/><V124/><F124/><W96/><G110/><T24/><D43/><U106/><E106/><V83/><F120/><W61/><G79/><T133/><D42/><U40/><E36/><V27/><F7/><N who="0" m="2634" /><D89/><U45/><E41/><V115/><F63/><W14/><G74/><T111/><D87/><U6/><E86/><V25/><F25/><W113/><G113/><T8/><D111/><U112/><E40/><V114/><REACH who="2" step="1"/><F130/><REACH who="2" ten="240,310,280,160" step="2"/><W51/><G61/><T71/><D133/><U108/><E128/><V109/><F109/><W44/><G131/><T9/><D129/><U82/><E108/><V49/><F49/><W70/><G70/><T59/><D71/><U28/><E125/><V104/><F104/><W0/><G26/><T35/><D59/><U46/><E57/><V90/><F90/><W13/><G0/><T60/><D60/><U84/><E46/><V3/><F3/><W81/><G81/><T64/><D64/><U18/><E67/><V118/><F118/><W135/><G135/><T16/><N who="0" m="2048" /><DORA hai="119" /><T38/><D38/><U77/><E45/><V56/><F56/><W30/><G30/><T102/><D102/><U126/><E103/><RYUUKYOKU ba="0,1" sc="240,10,310,-30,280,10,160,10" hai0="16,17,19,24,29,33,35" hai2="27,31,47,50,55,58,62,65,83,85,91,114,115" hai3="12,13,14,21,23,44,51,52,93,95,96,97,98" /><INIT seed="3,1,1,3,2,70" ten="250,280,290,170" oya="3" hai0="62,127,116,43,3,59,76,100,26,7,5,4,90" hai1="68,123,107,40,91,11,109,105,49,122,129,31,18" hai2="112,121,58,37,110,67,128,101,120,97,29,27,74" hai3="19,56,1,92,6,15,33,103,89,81,131,10,51"/><W104/><G33/><T86/><D116/><U46/><E68/><V66/><F74/><W42/><G131/><T53/><D127/><U28/><E129/><V83/><F112/><W47/><G104/><T72/><D72/><U63/><E107/><V75/><F75/><W114/><G114/><T106/><D76/><U115/><E105/><V45/><F83/><W39/><G103/><T52/><D43/><U134/><E115/><V108/><F128/><W50/><G81/><T14/><D3/><U24/><E134/><V71/><F58/><W124/><G124/><T80/><D26/><U130/><E130/><V82/><F82/><W8/><REACH who="3" step="1"/><G56/><REACH who="3" ten="250,280,290,160" step="2"/><T41/><D100/><U94/><E122/><V88/><F120/><W96/><AGARI ba="1,2" hai="1,6,8,10,15,19,39,42,47,50,51,89,92,96" machi="96" ten="20,12000,1" yaku="1,1,2,1,0,1,7,1,52,1,53,0" doraHai="70" doraHaiUra="102" who="3" fromWho="3" sc="250,-41,280,-41,290,-41,160,143" /><INIT seed="3,2,0,5,3,2" ten="209,239,249,303" oya="3" hai0="133,61,106,88,39,45,78,101,6,44,80,117,91" hai1="132,89,82,95,47,104,127,96,15,29,130,53,42" hai2="83,35,125,36,69,110,48,26,128,99,10,108,122" hai3="51,49,0,52,77,57,79,111,64,18,107,67,14"/><W86/><G107/><T76/><D117/><U27/><E127/><V97/><F69/><W8/><G0/><T74/><D133/><U124/><E124/><V118/><F36/><W28/><G28/><T94/><D39/><U41/><E104/><V72/><F118/><W16/><G18/><T75/><D61/><U1/><E1/><V56/><F122/><W62/><G111/><T68/><D68/><U84/><E132/><V3/><F125/><W73/><G73/><T113/><D113/><U58/><E15/><V23/><F35/><W70/><G86/><T17/><D17/><U63/><E47/><V100/><F128/><W103/><G103/><T55/><D55/><U32/><REACH who="1" step="1"/><E130/><REACH who="1" ten="209,229,249,303" step="2"/><V7/><F108/><W119/><G119/><T37/><D45/><U93/><E93/><V4/><F110/><W43/><G70/><T129/><D106/><U131/><E131/><V81/><F81/><W30/><G43/><T116/><D80/><U31/><E31/><V33/><F83/><W90/><G30/><T126/><D94/><U60/><E60/><V115/><F115/><W134/><G134/><T121/><D129/><U20/><E20/><V24/><F23/><W66/><G90/><AGARI ba="2,1" hai="27,29,32,41,42,53,58,63,82,84,89,90,95,96" machi="90" ten="30,2000,0" yaku="1,1,7,1,53,0" doraHai="2" doraHaiUra="102" who="1" fromWho="3" sc="209,0,229,36,249,0,303,-26" /><INIT seed="4,0,0,2,1,90" ten="209,265,249,277" oya="0" hai0="83,103,130,88,56,106,74,63,48,93,53,22,122" hai1="78,1,4,95,111,135,102,66,52,89,117,128,115" hai2="34,108,107,62,72,104,92,80,2,99,35,76,82" hai3="6,27,96,64,101,121,11,129,33,0,44,49,25"/><T30/><D122/><U12/><E117/><V71/><F2/><W3/><G64/><T133/><D133/><U100/><E1/><V20/><F82/><W57/><G3/><T85/><D130/><U70/><E111/><V68/><F108/><W123/><G33/><T112/><D112/><U118/><E118/><V19/><F34/><W110/><G110/><T54/><D106/><U67/><E135/><V94/><F35/><W51/><G57/><T50/><D74/><U46/><E78/><V119/><F119/><W98/><G51/><T84/><D54/><U31/><E31/><V15/><F94/><N who="3" m="58519" /><G98/><N who="0" m="59855" /><D85/><N who="1" m="52655" /><E70/><V132/><F132/><W73/><G73/><T23/><D30/><U109/><E115/><V113/><F113/><W105/><G105/><T39/><D39/><U42/><E42/><V47/><F47/><W127/><G129/><T45/><D50/><N who="1" m="28759" /><E128/><V18/><F62/><W75/><G75/><T7/><D7/><U97/><E109/><V17/><F104/><W86/><G86/><T61/><D61/><U36/><E36/><V16/><REACH who="2" step="1"/><F107/><REACH who="2" ten="209,265,239,277" step="2"/><W77/><G123/><T60/><D63/><U8/><E100/><AGARI ba="0,1" hai="15,16,17,18,19,20,68,71,72,76,80,92,99,100" machi="100" ten="40,8000,1" yaku="1,1,2,1,52,1,54,1,53,0" doraHai="90" doraHaiUra="81" who="2" fromWho="1" sc="209,0,265,-80,239,90,277,0" /><INIT seed="5,0,0,1,1,84" ten="209,185,329,277" oya="1" hai0="68,122,110,3,15,58,31,55,2,96,75,12,54" hai1="82,36,17,76,103,118,117,78,92,65,119,124,133" hai2="89,99,107,130,50,21,62,106,67,123,30,108,27" hai3="19,77,28,47,13,10,37,126,61,134,24,64,11"/><U59/><E36/><V29/><F123/><W35/><G134/><T48/><D75/><U9/><E133/><V44/><F108/><W22/><G77/><T56/><D110/><U38/><E38/><V6/><F30/><W127/><G47/><T4/><D68/><U45/><E124/><N who="3" m="47658" /><G37/><T34/><D122/><U128/><E128/><V88/><F6/><W98/><G98/><T91/><D34/><U53/><E45/><V121/><F130/><W5/><G61/><T129/><D31/><U8/><E65/><V32/><F21/><W85/><G85/><T72/><D72/><U40/><E40/><V70/><F121/><W101/><G64/><T112/><D112/><U86/><E76/><V0/><F0/><N who="3" m="295" /><G101/><T26/><D129/><U1/><E1/><V43/><F107/><W95/><G95/><T81/><D3/><U18/><E103/><AGARI ba="0,0" hai="27,29,32,43,44,50,62,67,70,88,89,99,103,106" machi="103" ten="40,8000,1" yaku="25,2,52,2,54,1" doraHai="84" who="2" fromWho="1" sc="209,0,185,-80,329,80,277,0" /><INIT seed="6,0,0,4,0,38" ten="209,105,409,277" oya="2" hai0="36,87,121,42,51,114,81,66,73,90,64,0,44" hai1="105,54,47,74,125,55,26,58,85,110,97,35,119" hai2="40,61,116,63,32,133,127,4,132,92,43,2,18" hai3="79,16,91,57,25,46,31,94,98,107,9,120,70"/><V122/><F116/><W111/><G70/><T86/><D121/><U5/><E119/><V11/><F122/><W109/><G120/><T49/><D114/><U134/><E74/><V77/><F127/><W12/><G79/><T56/><D0/><U78/><E125/><V123/><F123/><W130/><G107/><T50/><D73/><U131/><E131/><V115/><F115/><W59/><G130/><T67/><REACH who="0" step="1"/><D87/><REACH who="0" ten="199,105,409,277" step="2"/><U52/><E134/><V13/><F133/><W27/><G109/><T33/><D33/><U75/><E75/><V17/><F32/><W53/><G111/><T84/><D84/><U126/><E110/><V103/><F2/><W82/><G31/><T95/><D95/><U45/><E126/><V23/><F92/><W108/><G108/><T113/><D113/><U62/><E85/><V89/><F132/><W117/><G117/><T135/><D135/><U99/><E105/><V65/><F77/><W93/><G93/><T37/><D37/><U6/><E78/><V83/><F83/><W39/><G82/><T68/><D68/><U128/><E128/><V28/><F103/><W14/><G39/><T7/><D7/><N who="1" m="2571" /><E35/><V104/><F104/><W72/><G72/><T118/><D118/><U124/><E124/><V102/><F102/><W101/><G101/><T24/><D24/><U22/><E62/><AGARI ba="0,1" hai="36,42,44,49,50,51,56,62,64,66,67,81,86,90" machi="62" ten="40,2600,0" yaku="1,1,52,1,53,0" doraHai="38" doraHaiUra="100" who="0" fromWho="1" sc="199,36,105,-26,409,0,277,0" /><INIT seed="7,0,0,3,0,131" ten="235,79,409,277" oya="3" hai0="26,128,14,96,98,113,8,27,4,0,7,116,34" hai1="82,61,99,78,47,10,70,65,11,126,108,75,16" hai2="6,73,125,93,122,50,9,29,85,80,74,52,92" hai3="58,105,127,33,25,64,110,115,104,48,84,23,69"/><W124/><G33/><T55/><D116/><U18/><E126/><N who="3" m="48170" /><G69/><T57/><D128/><U17/><E108/><V95/><F125/><W107/><G110/><T5/><D113/><U76/><E76/><V134/><F122/><W72/><G72/><T53/><D34/><U35/><E35/><V101/><F73/><W40/><G115/><T60/><D55/><U89/><E99/><N who="0" m="37929" /><D0/><U94/><E94/><V90/><F134/><W123/><G123/><T91/><D91/><U67/><E89/><V68/><F68/><W100/><G84/><T62/><D62/><U106/><E106/><V111/><F29/><N who="3" m="17599" /><G40/><T71/><D71/><U19/><N who="1" m="4096" /><DORA hai="42" /><U120/><E120/><V32/><F32/><W2/><G2/><T3/><D3/><U121/><E121/><V81/><F74/><W12/><G12/><T49/><D60/><U31/><E31/><V45/><F101/><W133/><G100/><T28/><D28/><U20/><E20/><V22/><F22/><W66/><G133/><T129/><D129/><U51/><REACH who="1" step="1"/><E67/><REACH who="1" ten="235,69,409,277" step="2"/><V97/><F111/><W21/><G21/><T103/><D103/><U13/><E13/><V102/><F9/><W43/><G66/><T46/><D14/><U41/><AGARI ba="0,1" hai="10,11,41,47,51,61,65,70,75,78,82" m="4096" machi="41" ten="40,16000,3" yaku="1,1,0,1,52,1,54,1,53,4" doraHai="131,42" doraHaiUra="117,15" who="1" fromWho="1" sc="235,-40,69,170,409,-40,277,-80" owari="195,-30.0,239,4.0,369,46.0,197,-20.0" /></mjloggm>