<mjloggm ver="2.3"><GO type="41"/><UN n0="%E2%98%85%E3%81%BF%E3%81%95%E3%81%8D%E2%98%86" n1="%E3%82%A6%E3%83%AB%E3%83%88%E3%83%A9%E7%AB%8B%E7%9B%B4" n2="%E3%83%91%E3%83%83%E3%83%88%E3%83%B3" n3="%67%69%68%72%65%6E" dan="14,14,14,15" rate="1975,1943,1913,1956" sx="F,M,M,M"/><TAIKYOKU oya="0"/><INIT seed="0,0,0,5,3,114" ten="250,250,250,250" oya="0" hai0="112,120,79,84,7,118,76,2,36,17,15,56,4" hai1="80,11,104,100,128,57,73,67,55,121,81,3,90" hai2="70,83,20,107,40,75,9,111,37,46,51,127,16" hai3="19,34,41,126,93,92,66,135,117,113,119,38,24"/><T39/><D120/><U130/><E67/><V106/><F70/><W78/><G113/><T101/><D112/><U129/><E121/><V54/><F111/><W61/><G78/><T35/><D35/><U62/><E73/><V86/><F75/><W103/><G135/><T125/><D2/><U5/><E90/><V87/><F87/><W64/><G126/><T116/><D101/><U91/><E91/><V47/><F127/><W105/><G105/><T96/><D96/><AGARI ba="0,0" hai="3,5,11,55,57,62,80,81,96,100,104,128,129,130" machi="96" ten="40,1300,0" yaku="19,1" doraHai="114" who="1" fromWho="0" sc="250,-13,250,13,250,0,250,0" /><INIT seed="1,0,0,2,5,98" ten="237,263,250,250" oya="1" hai0="7,120,43,56,60,38,59,94,128,78,46,21,72" hai1="61,85,106,14,28,123,92,90,84,11,51,108,113" hai2="44,32,37,103,112,121,65,73,63,19,58,132,69" hai3="86,10,111,6,39,93,107,96,22,29,131,13,133"/><U8/><E123/><V122/><F32/><W116/><G116/><T55/><D120/><U49/><E113/><V115/><F73/><W15/><G39/><T64/><D72/><U4/><E106/><V102/><F132/><W31/><G133/><T127/><D78/><U9/><E108/><V119/><F119/><W27/><G111/><T12/><D127/><U80/><E28/><V33/><F33/><W18/><G131/><T25/><D128/><U97/><E61/><V36/><F122/><W0/><G107/><T52/><D94/><U99/><E99/><V62/><F121/><W130/><G130/><T35/><D35/><U48/><REACH who="1" step="1"/><E85/><REACH who="1" ten="237,253,250,250" step="2"/><V110/><F110/><W68/><G86/><T66/><D60/><U134/><E134/><V74/><F74/><W16/><G31/><T114/><D114/><U125/><E125/><V1/><F115/><W100/><REACH who="3" step="1"/><G68/><REACH who="3" ten="237,253,250,240" step="2"/><T20/><D66/><U101/><AGARI ba="0,2" hai="4,8,9,11,14,48,49,51,80,84,90,92,97,101" machi="101" ten="30,12000,1" yaku="1,1,0,1,8,1,52,1,53,1" doraHai="98" doraHaiUra="79" who="1" fromWho="1" sc="237,-40,253,140,250,-40,240,-40" /><INIT seed="1,1,0,2,3,2" ten="197,393,210,200" oya="1" hai0="47,38,69,18,123,114,87,96,81,56,82,21,64" hai1="91,1,104,23,99,51,116,26,19,84,42,55,83" hai2="131,129,20,53,120,8,40,4,122,15,58,88,0" hai3="118,72,10,70,5,57,50,97,110,12,43,6,24"/><U121/><E121/><V85/><F40/><W94/><G70/><T98/><D123/><U41/><E116/><V134/><F134/><W37/><G37/><T11/><D69/><U105/><E1/><V112/><F112/><W76/><G118/><T78/><D82/><U35/><E35/><V89/><F120/><W61/><G24/><T135/><D135/><U13/><E104/><V66/><F66/><W30/><G30/><T9/><D114/><U127/><E127/><V79/><F122/><W52/><G110/><T32/><D32/><U77/><E105/><V92/><F79/><W22/><G22/><T36/><D36/><U25/><E99/><V3/><F20/><W80/><G43/><N who="1" m="16394" /><E77/><V126/><F126/><W117/><G117/><T75/><D47/><AGARI ba="1,0" hai="13,19,23,25,26,47,51,55,83,84,91" m="16394" machi="47" ten="30,1500,0" yaku="8,1" doraHai="2" who="1" fromWho="0" sc="197,-18,393,18,210,0,200,0" /><INIT seed="1,2,0,4,4,114" ten="179,411,210,200" oya="1" hai0="131,37,113,21,2,41,64,90,0,18,123,98,27" hai1="16,36,121,6,94,67,15,130,116,112,73,43,82" hai2="101,99,88,135,33,129,70,127,66,96,10,23,87" hai3="124,71,25,57,122,65,61,78,83,75,9,32,97"/><U11/><E112/><V63/><F135/><W93/><G122/><T34/><D113/><U54/><E130/><V102/><F129/><W59/><G124/><T125/><D131/><U77/><E67/><V48/><F127/><W62/><G9/><T39/><D125/><U45/><E121/><V100/><F33/><W86/><G71/><T28/><D123/><U58/><E94/><V110/><F110/><W85/><G25/><T24/><D64/><U105/><E105/><V47/><F10/><W60/><G32/><T49/><D49/><U89/><E89/><V3/><F23/><W118/><G118/><T38/><D41/><U29/><E29/><V84/><F84/><W26/><G26/><T95/><AGARI ba="2,0" hai="0,2,18,21,24,27,28,34,37,38,39,90,95,98" machi="95" ten="40,1500,0" yaku="0,1" doraHai="114" who="0" fromWho="0" sc="179,21,411,-9,210,-6,200,-6" /><INIT seed="2,0,0,0,4,22" ten="200,402,204,194" oya="2" hai0="110,9,96,104,68,20,111,129,128,40,67,124,105" hai1="107,5,58,116,11,6,102,27,18,92,34,21,8" hai2="108,3,44,7,50,85,12,84,89,49,93,52,56" hai3="10,100,131,101,113,26,81,97,59,53,127,125,76"/><V109/><F3/><W30/><G10/><T66/><D40/><U98/><E107/><V64/><F64/><N who="0" m="24618" /><D20/><U79/><E34/><V35/><F35/><N who="3" m="20951" /><G131/><N who="0" m="50251" /><D68/><U75/><E116/><V134/><F134/><W63/><G97/><T1/><D124/><N who="3" m="47689" /><G113/><T51/><D51/><U87/><E75/><AGARI ba="0,0" hai="53,59,63,75,76,81,100,101" m="47689,20951" machi="75" ten="30,2000,0" yaku="18,1,52,1" doraHai="22" who="3" fromWho="1" sc="200,0,402,-20,204,0,194,20" /><INIT seed="3,0,0,4,4,46" ten="200,382,204,214" oya="3" hai0="99,114,93,126,132,14,81,40,87,55,51,15,104" hai1="124,68,134,30,122,56,110,2,80,70,43,10,91" hai2="123,135,85,128,83,18,50,36,32,79,45,96,88" hai3="113,73,116,106,109,34,94,103,37,39,23,125,61"/><W101/><G34/><T102/><D132/><U75/><E122/><V48/><F32/><W86/><G106/><T66/><D126/><U89/><E68/><V57/><F135/><W117/><G73/><T108/><D108/><U100/><E70/><V26/><F128/><W33/><G33/><T13/><D114/><U41/><E100/><V20/><F36/><W28/><G125/><T65/><D40/><U67/><E124/><V17/><F123/><W78/><G113/><T42/><D42/><U24/><E110/><V77/><F96/><W120/><G120/><T12/><D104/><U121/><E134/><V58/><F17/><W98/><G109/><T127/><D127/><U52/><E67/><V111/><F111/><W92/><G61/><T64/><N who="0" m="3072" /><DORA hai="35" /><T72/><D72/><U8/><E121/><V38/><F38/><W74/><G74/><T130/><D130/><U0/><E24/><V19/><F18/><W129/><G129/><T119/><D119/><U4/><E30/><V29/><F29/><W133/><G133/><T27/><D27/><U44/><E75/><V21/><F20/><W16/><G28/><T84/><REACH who="0" step="1"/><D81/><REACH who="0" ten="190,382,204,214" step="2"/><U95/><E80/><V7/><F7/><W97/><G117/><T82/><D82/><U107/><E107/><V112/><F112/><W5/><G116/><T53/><D53/><U47/><E43/><N who="2" m="24639" /><F58/><AGARI ba="0,1" hai="51,55,58,64,65,66,84,87,93,99,102" m="3072" machi="58" ten="50,6400,0" yaku="1,1,8,1,52,1,53,0" doraHai="46,35" doraHaiUra="118,1" who="0" fromWho="2" sc="190,74,382,0,204,-64,214,0" /><INIT seed="4,0,0,0,4,15" ten="264,382,140,214" oya="0" hai0="64,43,58,32,75,80,74,91,56,106,113,13,12" hai1="124,105,14,128,82,116,33,134,103,81,95,123,72" hai2="48,84,44,100,99,23,68,114,27,57,126,110,16" hai3="133,9,7,102,115,62,96,36,93,98,70,71,45"/><T86/><D32/><U55/><E33/><V22/><F110/><W8/><G115/><T29/><D29/><U135/><E105/><V38/><F68/><W21/><G133/><N who="1" m="50698" /><E124/><V24/><F114/><W34/><G34/><T118/><D118/><U104/><E104/><V132/><F132/><W3/><G9/><T125/><D113/><U54/><E128/><V30/><F126/><W39/><G39/><T67/><D125/><U97/><E123/><V130/><F130/><W47/><G47/><T51/><D106/><U108/><E108/><V111/><F111/><W17/><G62/><T10/><D75/><U101/><E101/><V18/><F38/><W129/><G98/><T50/><D74/><U60/><E116/><V25/><F84/><W4/><G129/><T109/><D109/><U69/><E14/><N who="0" m="5737" /><D10/><U52/><E72/><V0/><F0/><W79/><G4/><T31/><D31/><U46/><E46/><V20/><F57/><N who="0" m="22122" /><D43/><U41/><E41/><V11/><F11/><W89/><G36/><T107/><D107/><U65/><AGARI ba="0,0" hai="52,54,55,60,65,69,81,82,95,97,103" m="50698" machi="65" ten="40,2700,0" yaku="20,1,54,1" doraHai="15" who="1" fromWho="1" sc="264,-13,382,27,140,-7,214,-7" /><INIT seed="5,0,0,4,2,16" ten="251,409,133,207" oya="1" hai0="37,41,7,129,4,81,104,86,124,12,130,113,82" hai1="83,97,131,94,50,133,34,20,62,105,91,69,92" hai2="67,30,77,108,5,31,2,78,66,101,79,32,0" hai3="98,116,8,68,106,9,118,121,127,57,85,44,3"/><U63/><E34/><V109/><F101/><W29/><G68/><T19/><D104/><U61/><E105/><V125/><F32/><W40/><G121/><T47/><D113/><U10/><E131/><N who="0" m="50185" /><D124/><U87/><E133/><V119/><F5/><N who="0" m="2122" /><D86/><U51/><E69/><V134/><F134/><W53/><G85/><T135/><D135/><U39/><E10/><AGARI ba="0,0" hai="10,12,19,37,41,47,81,82" m="2122,50185" machi="10" ten="30,1000,0" yaku="19,1" doraHai="16" who="0" fromWho="1" sc="251,10,409,-10,133,0,207,0" /><INIT seed="6,0,0,4,0,33" ten="261,399,133,207" oya="2" hai0="18,12,134,131,98,125,80,37,105,110,121,57,42" hai1="7,13,92,103,3,21,72,28,2,66,90,77,17" hai2="81,91,60,32,106,52,104,58,0,84,55,23,24" hai3="117,34,59,39,130,6,95,135,129,87,94,73,44"/><V69/><F0/><W14/><G73/><T88/><D110/><U93/><E28/><V5/><F5/><W56/><G34/><T22/><D121/><U25/><E77/><V115/><F115/><W47/><G117/><T83/><D134/><U112/><E72/><V96/><F32/><W116/><G116/><T41/><D125/><U15/><E112/><V31/><F69/><W109/><G109/><T71/><D71/><U20/><E66/><V82/><F82/><W132/><G39/><T36/><D131/><N who="3" m="50185" /><G14/><T113/><D113/><U30/><E103/><V133/><F133/><N who="3" m="51275" /><G6/><T75/><D105/><U124/><E13/><V114/><F114/><W79/><G79/><T45/><D75/><U49/><E7/><V27/><F27/><W89/><G94/><T62/><D42/><U86/><E92/><V61/><REACH who="2" step="1"/><F96/><REACH who="2" ten="261,399,123,207" step="2"/><W122/><G122/><T111/><D98/><U101/><E25/><V16/><F16/><W85/><G85/><T29/><D111/><U78/><E86/><V26/><F26/><W11/><G11/><T64/><D18/><U46/><E17/><V48/><F48/><W68/><G68/><T9/><D37/><U118/><E49/><V107/><F107/><W119/><G119/><T8/><D36/><U63/><E118/><V67/><F67/><W99/><G99/><T65/><D65/><U97/><E97/><V40/><F40/><W128/><G128/><T102/><D41/><U53/><E15/><V123/><F123/><W38/><G38/><T70/><D64/><U74/><E3/><V51/><F51/><W54/><G54/><RYUUKYOKU ba="0,1" sc="261,-15,399,-15,123,15,207,15" hai2="23,24,31,52,55,58,60,61,81,84,91,104,106" hai3="44,47,56,59,87,89,95" /><INIT seed="6,1,1,1,0,35" ten="246,384,138,222" oya="2" hai0="101,121,81,33,80,86,65,76,91,84,26,6,100" hai1="38,67,15,119,22,114,96,113,1,16,19,32,66" hai2="7,29,69,127,97,83,99,120,129,117,110,13,18" hai3="10,126,103,78,23,72,41,88,63,77,0,14,37"/><V53/><F69/><W95/><G103/><T75/><D121/><U93/><E32/><V36/><F117/><W71/><G126/><T9/><D65/><U11/><E38/><V48/><F120/><W20/><G72/><T132/><D132/><U4/><E19/><V46/><F36/><W45/><G23/><T5/><D5/><U105/><E105/><V60/><F129/><W3/><G20/><T123/><D123/><U74/><E74/><V62/><F127/><W49/><G37/><T115/><D115/><N who="1" m="44043" /><E119/><V56/><F29/><W44/><G44/><T59/><D59/><U107/><E107/><V134/><F134/><W8/><G8/><T131/><D131/><U43/><E43/><V118/><F118/><W125/><G125/><T122/><D122/><U98/><E98/><V104/><F104/><W73/><G73/><T116/><D116/><U40/><E40/><N who="2" m="24647" /><F7/><W24/><G71/><T130/><D130/><U82/><E82/><V55/><F110/><W64/><G24/><T85/><D85/><U42/><E42/><V2/><F2/><W112/><G77/><T51/><D51/><U111/><E111/><V17/><F83/><W108/><G78/><T57/><D75/><U133/><E133/><V21/><F18/><W54/><G108/><T25/><D33/><U34/><E34/><V27/><F27/><W61/><G41/><T58/><D25/><U102/><AGARI ba="1,1" hai="1,4,11,15,16,22,66,67,93,96,102" m="44043" machi="102" ten="30,4000,0" yaku="15,1,52,1,54,1" doraHai="35" who="1" fromWho="1" sc="246,-11,384,53,138,-21,222,-11" /><INIT seed="7,0,0,3,3,100" ten="235,437,117,211" oya="3" hai0="40,111,110,80,76,24,77,7,115,43,37,84,88" hai1="52,117,16,1,66,36,134,67,98,135,27,95,47" hai2="118,51,128,12,21,41,89,55,71,109,9,34,15" hai3="119,19,44,11,85,42,86,60,17,81,82,46,90"/><W70/><G119/><T132/><D132/><N who="1" m="50731" /><E1/><V106/><F71/><W2/><G46/><T133/><D133/><U125/><E125/><V45/><F118/><W38/><G2/><T69/><D69/><U102/><E117/><V78/><F109/><W48/><G11/><T101/><D101/><U79/><E79/><V0/><F34/><W23/><G38/><T93/><D77/><U35/><E52/><V22/><F0/><W131/><G131/><T124/><D124/><U50/><E50/><V74/><F128/><W104/><G104/><T105/><D105/><U116/><E116/><V28/><F106/><W114/><G114/><T130/><D130/><U4/><E4/><V39/><F74/><W94/><G19/><T53/><D7/><U56/><E56/><V3/><F78/><W126/><G126/><T63/><D115/><U31/><E16/><V97/><F3/><W107/><G107/><T87/><D37/><U8/><E8/><V68/><F68/><W14/><REACH who="3" step="1"/><G85/><REACH who="3" ten="235,437,117,201" step="2"/><T73/><D87/><U62/><E47/><V5/><F39/><W26/><G26/><T112/><D112/><U121/><E36/><V29/><F41/><W20/><G20/><T13/><D24/><U61/><E121/><V83/><F22/><W54/><G54/><T113/><D113/><U58/><E67/><AGARI ba="0,1" hai="14,17,23,42,44,48,60,67,70,81,82,86,90,94" machi="67" ten="40,3900,0" yaku="1,1,53,1" doraHai="100" doraHaiUra="10" who="3" fromWho="1" sc="235,0,437,-39,117,0,201,49" /><INIT seed="7,1,0,4,1,76" ten="235,398,117,250" oya="3" hai0="89,87,34,98,73,13,107,118,28,27,51,24,101" hai1="111,129,124,26,36,75,57,128,10,0,112,46,3" hai2="104,80,37,6,62,42,79,54,97,7,134,70,67" hai3="88,9,132,69,19,64,85,115,120,95,109,38,53"/><W59/><G120/><T30/><D73/><U35/><E112/><V21/><F21/><W83/><G115/><T16/><D51/><U72/><E124/><V102/><F54/><W108/><G38/><T135/><D135/><U47/><E57/><V105/><F6/><W32/><G32/><T126/><D126/><U11/><E111/><N who="3" m="42570" /><G132/><T65/><D65/><U117/><E117/><V71/><F134/><W55/><G69/><T49/><D49/><U1/><E26/><V82/><F71/><W2/><G2/><T66/><D66/><U81/><E81/><V114/><F114/><W29/><G29/><T52/><D52/><N who="3" m="20041" /><G19/><T63/><D63/><U133/><E133/><V122/><F122/><W123/><G9/><N who="1" m="3082" /><E35/><V60/><F60/><N who="3" m="37919" /><G123/><T17/><D13/><U125/><E125/><V8/><F105/><W15/><G15/><T78/><D78/><U121/><E121/><V94/><F94/><AGARI ba="1,0" hai="83,85,88,94,95" m="37919,20041,42570" machi="94" ten="30,11600,0" yaku="10,1,52,1,54,2" doraHai="76" who="3" fromWho="2" sc="235,0,398,0,117,-119,250,119" owari="235,-16.0,398,49.0,-2,-50.0,369,17.0" /></mjloggm>