<mjloggm ver="2.3"><GO type="41"/><UN n0="%E3%82%BF%E3%82%B3%E3%83%A4%E3%82%AD" n1="%EF%BC%88%E2%89%A7%E2%96%BD%E2%89%A6%EF%BC%89" n2="%E3%83%88%E3%83%94%E3%83%9E%E3%82%B9%E6%AE%BF" n3="%E6%9C%A8%E8%8A%B1%E5%92%B2%E4%B9%9F" dan="14,14,14,13" rate="1902,2010,1842,2094" sx="M,M,M,M"/><TAIKYOKU oya="0"/><INIT seed="0,0,0,1,5,44" ten="250,250,250,250" oya="0" hai0="10,54,30,37,58,124,7,22,102,115,12,87,67" hai1="23,79,74,81,19,1,62,105,83,2,17,126,133" hai2="92,28,89,85,84,128,34,48,25,90,107,97,110" hai3="46,94,98,100,99,35,135,27,91,0,78,49,21"/><T114/><D37/><U50/><E105/><V52/><F110/><W59/><G135/><T113/><D67/><U5/><E133/><V125/><F125/><W33/><G0/><T40/><D40/><U82/><E126/><V36/><F36/><W131/><G131/><T14/><D124/><U68/><E19/><V61/><F128/><W15/><G78/><T38/><D38/><U42/><E68/><V9/><F107/><W93/><G59/><T122/><D122/><U18/><E62/><V96/><F61/><W29/><REACH who="3" step="1"/><G15/><REACH who="3" step="2"/><T4/><D14/><U43/><E1/><V120/><F120/><W103/><G103/><T41/><D114/><U111/><E2/><V70/><F70/><W119/><G119/><T130/><D115/><U132/><E79/><V71/><F71/><W55/><AGARI ba="0,1" hai="21,27,29,33,35,46,49,55,91,93,94,98,99,100" machi="55" ten="20,5200,0" yaku="1,1,0,1,7,1,52,1,53,0" doraHai="44" doraHaiUra="80" who="3" fromWho="3" sc="250,-26,250,-13,250,-13,240,62" /><INIT seed="1,0,0,4,2,3" ten="224,237,237,302" oya="1" hai0="57,81,72,108,94,10,28,39,29,7,24,87,126" hai1="111,14,117,26,75,76,128,31,99,52,35,79,1" hai2="97,120,125,5,74,83,130,8,2,106,13,41,37" hai3="96,84,43,82,19,103,45,105,11,50,133,64,102"/><U107/><E117/><V36/><F120/><W38/><G133/><T25/><D72/><U129/><E1/><V42/><F13/><W23/><G102/><T65/><D39/><U86/><E75/><V119/><F119/><W62/><G38/><T132/><D132/><U115/><E115/><V109/><F130/><N who="1" m="50281" /><E111/><V20/><F20/><W69/><G11/><T90/><D126/><U118/><E118/><V92/><F109/><W113/><G113/><T34/><D108/><U60/><E86/><V6/><F6/><W134/><G134/><T78/><D57/><N who="1" m="34855" /><E14/><V33/><F33/><W40/><G19/><T100/><D100/><AGARI ba="0,0" hai="26,31,35,76,79,99,100,107" m="34855,50281" machi="100" ten="30,2900,0" yaku="19,1,54,1" doraHai="3" who="1" fromWho="0" sc="224,-29,237,29,237,0,302,0" /><INIT seed="1,1,0,0,4,12" ten="195,266,237,302" oya="1" hai0="79,45,67,78,65,80,129,76,42,1,34,51,122" hai1="6,50,16,88,123,103,52,98,120,74,85,91,69" hai2="55,104,44,121,99,75,110,109,24,100,25,36,30" hai3="92,5,124,107,4,105,128,10,135,66,72,40,115"/><U32/><E32/><V63/><F121/><W7/><G115/><T43/><D1/><U71/><E74/><V125/><F75/><W117/><G72/><T49/><D34/><U3/><E123/><V61/><F125/><W0/><G117/><T106/><D106/><U93/><E120/><V126/><F126/><W89/><G124/><T118/><D122/><U57/><E91/><V37/><F37/><W38/><G128/><T9/><D129/><U130/><E130/><V60/><F44/><W46/><G135/><T90/><D118/><U23/><E6/><V108/><F36/><W41/><G66/><T58/><D9/><U87/><E3/><V114/><F114/><W102/><G41/><T18/><D18/><U14/><E87/><V96/><F99/><W2/><G102/><T86/><REACH who="0" step="1"/><D58/><REACH who="0" step="2"/><U33/><E33/><V27/><REACH who="2" step="1"/><F30/><REACH who="2" step="2"/><W112/><G112/><T62/><D62/><U15/><REACH who="1" step="1"/><E15/><REACH who="1" step="2"/><V94/><F94/><AGARI ba="1,3" hai="14,16,23,50,52,57,69,71,85,88,93,94,98,103" machi="94" ten="30,24000,3" yaku="1,1,2,1,7,1,25,2,52,1,54,3,53,1" doraHai="12" doraHaiUra="53" who="1" fromWho="2" sc="185,0,256,273,227,-243,302,0" owari="185,-21.0,529,63.0,-16,-52.0,302,10.0" /></mjloggm>