<mjloggm ver="2.3"><GO type="169"/><UN n0="%E3%81%A7%E3%81%93%E3%81%98" n1="%E3%81%A1%E3%81%8F%E3%81%8D" n2="%6B%65%69%2E" n3="%EF%BC%88%E2%89%A7%E2%96%BD%E2%89%A6%EF%BC%89" dan="17,18,16,18" rate="2174,2199,2046,2156" sx="M,M,M,M"/><TAIKYOKU oya="0"/><INIT seed="0,0,0,1,2,127" ten="250,250,250,250" oya="0" hai0="24,73,122,107,66,109,62,30,9,58,94,105,47" hai1="69,125,95,8,135,77,3,50,5,18,55,0,31" hai2="17,60,131,86,38,26,16,98,101,22,36,25,91" hai3="88,29,68,84,71,76,99,128,116,112,85,121,1"/><T93/><D122/><U126/><E69/><V2/><F131/><W56/><G1/><T114/><D114/><U13/><E77/><V82/><F2/><W79/><G112/><T48/><D73/><U33/><E95/><V45/><F45/><W87/><G116/><T129/><D9/><U120/><E120/><V72/><F72/><W117/><G121/><T100/><D109/><U44/><E135/><V80/><F80/><W78/><G117/><T81/><D81/><U4/><E3/><V108/><F60/><W43/><G43/><T42/><D129/><U63/><E63/><V90/><F90/><W110/><G110/><T37/><D37/><U14/><E14/><V111/><F111/><W46/><G46/><T15/><D15/><U23/><REACH who="1" step="1"/><E4/><REACH who="1" ten="250,240,250,250" step="2"/><V6/><F6/><W104/><G128/><T39/><D93/><U123/><E123/><V70/><F70/><W113/><G113/><T41/><D94/><U130/><E130/><V57/><F108/><W96/><G71/><T132/><D132/><U53/><E53/><V19/><F26/><AGARI ba="0,1" hai="0,5,8,13,18,23,26,31,33,44,50,55,125,126" machi="26" ten="40,8000,1" yaku="1,1,24,2,53,1" doraHai="127" doraHaiUra="40" who="1" fromWho="2" sc="250,0,240,90,250,-80,250,0" /><INIT seed="1,0,0,1,2,128" ten="250,330,170,250" oya="1" hai0="22,36,39,28,75,102,26,101,88,58,77,20,115" hai1="92,112,96,116,134,10,119,89,14,109,120,98,27" hai2="66,72,70,84,15,118,24,1,49,8,129,37,44" hai3="7,91,107,63,29,42,104,82,71,108,78,131,21"/><U18/><E120/><V73/><F118/><W111/><G131/><T126/><D115/><U62/><E112/><V52/><F37/><W51/><G7/><T68/><D68/><U60/><E109/><N who="3" m="42058" /><G91/><T30/><D126/><U114/><E114/><V45/><F1/><W94/><G94/><T117/><D117/><U2/><E2/><V125/><F129/><W103/><G103/><T133/><D58/><U99/><E134/><V3/><F3/><W53/><G42/><T80/><D133/><U85/><REACH who="1" step="1"/><E27/><REACH who="1" ten="250,320,170,250" step="2"/><V12/><F125/><W16/><G71/><T25/><D39/><U87/><E87/><V76/><F24/><N who="3" m="14375" /><G29/><T106/><D36/><U86/><E86/><V54/><F84/><N who="3" m="48215" /><G63/><AGARI ba="0,1" hai="10,14,18,60,62,63,85,89,92,96,98,99,116,119" machi="63" ten="40,2000,0" yaku="1,1,53,0" doraHai="128" doraHaiUra="64" who="1" fromWho="3" sc="250,0,320,30,170,0,250,-20" /><INIT seed="1,1,0,3,5,83" ten="250,350,170,230" oya="1" hai0="18,66,6,71,40,102,90,101,22,45,105,96,123" hai1="80,57,107,121,0,75,98,20,41,1,4,120,95" hai2="50,15,100,21,109,82,69,114,103,130,67,52,53" hai3="72,134,74,59,132,54,47,13,51,85,12,77,129"/><U55/><E107/><V3/><F3/><W28/><G129/><T81/><D123/><U78/><E41/><V118/><F118/><W91/><G28/><T23/><D6/><U34/><E34/><V111/><F130/><W14/><G77/><T5/><D5/><U46/><E46/><V117/><F117/><W31/><G31/><T43/><D71/><U89/><E1/><V63/><F114/><W126/><G126/><T99/><D66/><U108/><E108/><N who="2" m="41547" /><F82/><W58/><G58/><T106/><D18/><U24/><E0/><V93/><F93/><W60/><G74/><T8/><D8/><U104/><E4/><V36/><F36/><W122/><G72/><T37/><D43/><U70/><E104/><V73/><F73/><W119/><G119/><T68/><D68/><U92/><E92/><V33/><F33/><W86/><G122/><T48/><D37/><U44/><E70/><V30/><F53/><N who="3" m="33903" /><G91/><T11/><D11/><U9/><E9/><V29/><F15/><W35/><G35/><T97/><REACH who="0" step="1"/><D99/><REACH who="0" ten="240,350,170,230" step="2"/><U2/><E121/><V112/><F112/><W133/><AGARI ba="1,1" hai="12,13,14,47,51,54,85,86,132,133,134" m="33903" machi="133" ten="40,5200,0" yaku="20,1,52,2" doraHai="83" who="3" fromWho="3" sc="240,-14,350,-27,170,-14,230,65" /><INIT seed="2,0,0,3,3,18" ten="226,323,156,295" oya="2" hai0="118,57,82,24,69,41,135,9,38,71,117,86,77" hai1="30,22,44,15,122,95,113,45,12,52,121,74,102" hai2="64,81,29,54,4,115,120,7,37,109,126,39,62" hai3="2,73,116,110,0,104,114,50,123,46,3,58,94"/><V34/><F120/><N who="1" m="46185" /><E74/><V63/><F115/><W27/><G104/><T36/><D135/><U1/><E1/><V28/><F126/><W68/><G68/><T21/><D57/><U75/><E75/><V49/><F109/><W8/><G73/><T20/><D9/><U134/><E113/><V14/><F34/><W6/><G114/><T60/><D60/><U25/><E134/><V130/><F130/><W107/><G123/><T88/><D77/><U40/><E52/><V129/><F129/><W133/><G107/><T84/><D84/><U98/><E44/><V106/><F106/><W61/><G133/><T31/><D21/><U96/><E96/><V132/><F132/><W67/><G116/><N who="0" m="44651" /><D41/><U128/><E128/><V65/><F81/><W13/><G110/><T111/><D111/><U127/><E127/><V92/><F92/><W78/><G78/><T91/><D91/><U56/><E56/><V47/><F14/><W11/><G94/><T19/><D31/><U100/><E100/><V26/><F47/><W89/><G89/><T105/><D105/><U108/><E108/><V70/><F70/><AGARI ba="0,0" hai="19,20,24,36,38,69,70,71,82,86,88" m="44651" machi="70" ten="30,3900,0" yaku="12,1,52,1,54,1" doraHai="18" who="0" fromWho="2" sc="226,39,323,0,156,-39,295,0" /><INIT seed="3,0,0,0,3,69" ten="265,323,117,295" oya="3" hai0="2,76,97,25,26,131,93,22,82,27,57,42,33" hai1="91,120,12,80,61,51,122,17,48,38,86,6,108" hai2="21,10,71,14,114,96,45,109,39,49,78,60,77" hai3="68,59,41,129,75,23,87,44,115,63,100,134,43"/><W36/><G75/><T3/><D131/><U98/><E38/><V11/><F114/><W37/><G115/><T94/><D33/><U101/><E108/><V54/><F109/><W67/><G100/><T19/><D42/><U52/><E6/><V135/><F135/><W133/><G129/><T16/><D57/><U79/><E79/><V64/><F39/><W107/><G107/><T128/><D128/><U34/><E34/><V5/><F21/><W30/><G87/><T105/><D105/><U7/><E7/><V32/><F32/><W74/><G74/><T83/><D22/><U8/><E51/><V103/><REACH who="2" step="1"/><F11/><REACH who="2" ten="265,323,107,295" step="2"/><W73/><G23/><T9/><D9/><U20/><E20/><V55/><F55/><N who="3" m="34303" /><G30/><T18/><D76/><U58/><REACH who="1" step="1"/><E48/><REACH who="1" ten="265,313,107,295" step="2"/><V110/><F110/><W90/><G37/><T118/><D118/><U117/><E117/><V104/><AGARI ba="0,2" hai="5,10,14,45,49,54,60,64,71,77,78,96,103,104" machi="104" ten="20,5200,0" yaku="1,1,0,1,7,1,53,1" doraHai="69" doraHaiUra="66" who="2" fromWho="2" sc="265,-13,313,-13,107,72,295,-26" /><INIT seed="4,0,0,5,1,28" ten="252,300,179,269" oya="0" hai0="68,21,80,82,104,67,79,101,19,81,126,22,109" hai1="6,128,17,116,7,76,37,47,1,39,129,117,78" hai2="72,42,110,20,124,15,125,0,73,63,25,70,4" hai3="31,13,105,54,49,40,106,90,71,62,121,108,103"/><T127/><D79/><N who="1" m="30251" /><E1/><V23/><F0/><W61/><G108/><T59/><D68/><U131/><E17/><V77/><F110/><W100/><G121/><T114/><D109/><U99/><E99/><V133/><F42/><W123/><G123/><T88/><D114/><U16/><E16/><N who="2" m="10271" /><F4/><N who="1" m="1577" /><E47/><V98/><F98/><W69/><G105/><T10/><D10/><U50/><E50/><V102/><F102/><W115/><G49/><T85/><D101/><U5/><E5/><V35/><F35/><W86/><G103/><T34/><D104/><U3/><E3/><V74/><F133/><W29/><G100/><T64/><D34/><U92/><E92/><V60/><F70/><W27/><G106/><T46/><D46/><U83/><E83/><N who="0" m="31817" /><D59/><U75/><E75/><V43/><F77/><W96/><G71/><T94/><D94/><U113/><E113/><V44/><F44/><W30/><G69/><T41/><D41/><U53/><E53/><V135/><F135/><W51/><G40/><T95/><D95/><U55/><E55/><V122/><F43/><W24/><G115/><T2/><D2/><U84/><E84/><V58/><F58/><N who="3" m="33119" /><G96/><T66/><D19/><U48/><E48/><V8/><F122/><W65/><G62/><T130/><D22/><U89/><E89/><V107/><F107/><W11/><G61/><N who="2" m="23625" /><F8/><W87/><G90/><T112/><D112/><U12/><E12/><V57/><F57/><W52/><G13/><T26/><D21/><U32/><E32/><V18/><F23/><N who="3" m="15519" /><G11/><T56/><D56/><U111/><E111/><V36/><F36/><AGARI ba="0,0" hai="36,37,39,116,117,128,129,131" m="1577,30251" machi="36" ten="40,8000,1" yaku="6,1,28,2,19,1" doraHai="28" who="1" fromWho="2" sc="252,0,300,80,179,-80,269,0" /><INIT seed="5,0,0,0,5,133" ten="252,380,99,269" oya="1" hai0="25,65,10,4,45,43,59,80,40,100,111,2,54" hai1="27,126,77,117,63,66,70,96,99,11,35,103,41" hai2="113,3,55,87,50,83,124,82,39,107,101,76,49" hai3="129,119,9,128,67,110,102,1,16,23,60,131,53"/><U30/><E117/><V97/><F39/><W71/><G110/><T108/><D100/><U92/><E77/><V130/><F3/><W86/><G119/><T37/><D43/><U29/><E29/><V62/><F130/><W120/><G120/><T52/><D25/><U73/><E73/><V0/><F0/><W125/><G102/><T127/><D127/><U114/><E114/><V36/><F36/><W12/><G86/><T31/><D31/><U95/><E41/><V21/><F113/><W104/><G104/><T89/><D65/><U15/><E126/><V81/><F124/><W13/><G125/><T7/><D7/><U75/><E75/><V56/><F21/><W34/><G34/><T48/><D54/><U115/><E115/><V98/><F97/><W28/><G28/><T121/><D121/><U134/><E134/><V20/><F20/><W118/><G118/><T6/><D6/><U61/><E61/><V42/><F42/><W69/><G53/><T5/><D5/><N who="1" m="3567" /><E96/><V44/><REACH who="2" step="1"/><F50/><REACH who="2" ten="252,380,89,269" step="2"/><W68/><G1/><T32/><D32/><U112/><E112/><V84/><F84/><W116/><G116/><T105/><D108/><U22/><E22/><V135/><F135/><W18/><AGARI ba="0,1" hai="9,12,13,16,18,23,60,67,68,69,71,128,129,131" machi="18" ten="40,5200,0" yaku="0,1,19,1,54,1" doraHai="133" who="3" fromWho="3" sc="252,-13,380,-26,89,-13,269,62" /><INIT seed="6,0,0,5,3,56" ten="239,354,76,331" oya="2" hai0="62,40,28,7,90,48,73,38,9,118,13,16,20" hai1="74,95,23,72,64,112,15,97,77,117,6,31,35" hai2="50,11,92,85,2,123,82,69,120,96,100,59,58" hai3="18,8,102,47,131,12,32,86,10,41,93,54,98"/><V65/><F69/><W30/><G131/><T81/><D118/><U128/><E117/><V121/><F65/><W79/><G32/><T39/><D28/><U57/><E128/><V115/><F115/><W71/><G71/><T1/><D62/><N who="1" m="37967" /><E35/><V106/><F50/><N who="3" m="26991" /><G30/><T114/><D114/><U52/><E77/><V127/><F127/><W108/><G108/><T14/><D1/><U44/><E112/><V26/><F26/><W3/><G3/><T76/><REACH who="0" step="1"/><D90/><REACH who="0" ten="229,354,76,331" step="2"/><U94/><E31/><V4/><REACH who="2" step="1"/><F106/><REACH who="2" ten="229,354,66,331" step="2"/><W89/><G89/><AGARI ba="0,2" hai="2,4,11,58,59,82,85,89,92,96,100,120,121,123" machi="89" ten="40,3900,0" yaku="1,1,2,1,53,0" doraHai="56" doraHaiUra="51" who="2" fromWho="3" sc="229,0,354,0,66,59,331,-39" /><INIT seed="6,1,0,5,4,14" ten="229,354,125,292" oya="2" hai0="105,115,72,21,24,90,43,31,0,22,85,123,132" hai1="69,81,102,12,66,8,111,30,116,130,98,51,5" hai2="77,124,97,56,57,129,29,34,86,58,26,89,100" hai3="45,127,71,48,134,20,53,39,50,117,40,112,120"/><V33/><F129/><W106/><G120/><T78/><D123/><U135/><E111/><V38/><F38/><W17/><G106/><T19/><D0/><U62/><E116/><V74/><F77/><W35/><G117/><T32/><D115/><U107/><E130/><V64/><F74/><W101/><G101/><T67/><D132/><U114/><E114/><V110/><F110/><W23/><G134/><T9/><D43/><U28/><E135/><V109/><F109/><W63/><G35/><T27/><D67/><U108/><E108/><V55/><F64/><W59/><G112/><T37/><D37/><U96/><E96/><V4/><F4/><W121/><G121/><T54/><D105/><U125/><E125/><V68/><F68/><W95/><G127/><T16/><D9/><U126/><E126/><V61/><F33/><W18/><G95/><T11/><D11/><U94/><E94/><V118/><F118/><W83/><G83/><T41/><D41/><U1/><E1/><V122/><F122/><W15/><G71/><T128/><D128/><U82/><E51/><V25/><F25/><AGARI ba="1,0" hai="15,17,18,20,23,25,39,40,45,48,50,53,59,63" machi="25" ten="30,3900,0" yaku="7,1,52,2" doraHai="14" who="3" fromWho="2" sc="229,0,354,0,125,-42,292,42" /><INIT seed="7,0,0,4,4,68" ten="229,354,83,334" oya="3" hai0="79,91,74,2,63,38,1,109,31,41,92,33,121" hai1="106,52,35,30,49,12,4,3,48,29,70,0,75" hai2="55,90,34,99,6,110,69,94,84,102,51,5,66" hai3="86,7,21,104,15,42,26,57,82,19,10,100,44"/><W98/><G57/><T18/><D109/><U97/><E70/><V37/><F34/><W120/><G120/><T81/><D121/><U9/><E75/><V95/><F110/><W80/><REACH who="3" step="1"/><G86/><REACH who="3" ten="229,354,83,324" step="2"/><T58/><D58/><N who="1" m="33031" /><E35/><V128/><F128/><W46/><G46/><T135/><D135/><U119/><E0/><V23/><F69/><W108/><G108/><T88/><D63/><U28/><E3/><V54/><F66/><W43/><G43/><T83/><D83/><U126/><E119/><V32/><F32/><W117/><G117/><T107/><D107/><U87/><E106/><V118/><F118/><W24/><G24/><T53/><D53/><U47/><E126/><V76/><F55/><W39/><AGARI ba="0,1" hai="7,10,15,19,21,26,39,42,44,80,82,98,100,104" machi="39" ten="20,12000,1" yaku="1,1,0,1,7,1,52,1,53,1" doraHai="68" doraHaiUra="36" who="3" fromWho="3" sc="229,-40,354,-40,83,-40,324,130" owari="189,-21.0,314,11.0,43,-46.0,454,56.0" /></mjloggm>