<mjloggm ver="2.3"><GO type="41"/><UN n0="%EF%BC%88%E2%89%A7%E2%96%BD%E2%89%A6%EF%BC%89" n1="%6E%61%67%61%79%61%6E%3F" n2="%E3%81%97%E3%81%8A%E3%82%84%E3%81%A0%E3%82%93" n3="%E3%82%B9%E3%83%88%E3%83%AC%E3%83%BC%E3%83%88%E3%83%86%E3%82%A3%E3%83%BC" dan="15,14,16,13" rate="2071,1937,2091,1893" sx="M,M,F,M"/><TAIKYOKU oya="0"/><INIT seed="0,0,0,0,0,46" ten="250,250,250,250" oya="0" hai0="10,79,64,101,110,68,134,106,30,72,54,126,105" hai1="33,40,122,108,73,21,42,75,29,51,96,49,104" hai2="45,6,48,78,131,93,89,23,132,20,109,32,37" hai3="119,14,50,103,85,69,107,57,53,76,38,26,94"/><T128/><D30/><U59/><E122/><V60/><F32/><W15/><G119/><T18/><D18/><U16/><E33/><V44/><F78/><W31/><G69/><T36/><D10/><U39/><E39/><V84/><F6/><W99/><G38/><T63/><D134/><U124/><E29/><V13/><F132/><W114/><G114/><T135/><D135/><U70/><E70/><V22/><F37/><W97/><G97/><N who="0" m="61615" /><D54/><N who="1" m="32207" /><E75/><V88/><F60/><W71/><G71/><T111/><D126/><U9/><E73/><V113/><F113/><W115/><G115/><T92/><D128/><U129/><E124/><V8/><F131/><W43/><G43/><T2/><D36/><U74/><E74/><V62/><F62/><W3/><G3/><T120/><D120/><U87/><E104/><V133/><F133/><W25/><G25/><T7/><D106/><U24/><E129/><V102/><F45/><W123/><G123/><T27/><D27/><U28/><E96/><N who="2" m="59663" /><F84/><W98/><G98/><T117/><D7/><U34/><E34/><V66/><F66/><W125/><G125/><T80/><D2/><U127/><E127/><V55/><F109/><N who="0" m="41482" /><D117/><U65/><E65/><V83/><F83/><N who="3" m="47335" /><G107/><T90/><D92/><U91/><E108/><V4/><AGARI ba="0,0" hai="4,8,13,20,22,23,44,48,55,88,89" m="59663" machi="4" ten="30,4000,0" yaku="8,1,52,1,54,1" doraHai="46" who="2" fromWho="2" sc="250,-20,250,-10,250,40,250,-10" /><INIT seed="1,0,0,4,2,78" ten="230,240,290,240" oya="1" hai0="44,6,114,64,90,122,111,48,30,102,24,52,4" hai1="98,70,96,89,46,9,36,2,56,118,115,7,31" hai2="85,54,113,69,13,60,131,8,135,83,29,14,101" hai3="21,49,130,99,117,62,25,123,77,39,11,18,61"/><U124/><E118/><V72/><F72/><W43/><G117/><T81/><D114/><U16/><E115/><V71/><F113/><W76/><G123/><T27/><D122/><U127/><E70/><V19/><F29/><W32/><G32/><T34/><D111/><U120/><E120/><V0/><F0/><W15/><G39/><T35/><D102/><U132/><E31/><V42/><F42/><W20/><G130/><T53/><D64/><U119/><E119/><V125/><F101/><W22/><G99/><T87/><D34/><U33/><E33/><V68/><F131/><W55/><G43/><T88/><D27/><U94/><E132/><V67/><F135/><W59/><G76/><T45/><D90/><U37/><E98/><V104/><F104/><W51/><G77/><T40/><D53/><U80/><E56/><V93/><F93/><W133/><G133/><T95/><D95/><U86/><E46/><V5/><F54/><W116/><G116/><T103/><D103/><U106/><E106/><V17/><F5/><W82/><G82/><T74/><D74/><U41/><E41/><V110/><F110/><W112/><G112/><T109/><D109/><U26/><E37/><AGARI ba="0,0" hai="4,6,24,30,35,37,40,44,45,48,52,81,87,88" machi="37" ten="30,7700,0" yaku="7,1,52,1,54,2" doraHai="78" who="0" fromWho="1" sc="230,77,240,-77,290,0,240,0" /><INIT seed="2,0,0,1,0,51" ten="307,163,290,240" oya="2" hai0="9,90,55,131,128,78,64,117,95,97,36,27,102" hai1="66,119,121,85,79,20,71,83,12,89,125,24,47" hai2="110,122,40,91,129,106,18,42,76,69,23,61,108" hai3="57,113,104,3,25,111,56,126,54,13,5,77,2"/><V14/><F122/><W15/><G104/><T32/><D36/><U43/><E121/><V17/><F106/><W70/><G113/><T86/><D117/><U72/><E119/><V39/><F76/><W49/><G70/><T37/><D37/><U10/><E125/><V120/><F120/><W80/><G126/><T50/><D64/><U60/><E20/><V133/><F39/><W45/><G111/><N who="2" m="42537" /><F133/><W67/><G25/><T114/><D114/><U124/><E124/><V103/><F103/><W100/><G100/><T29/><D9/><U22/><E22/><N who="2" m="11575" /><F129/><W98/><G98/><T112/><D78/><U99/><E99/><V33/><F33/><W87/><G67/><T130/><D112/><U105/><E105/><V101/><F101/><W58/><REACH who="3" step="1"/><G5/><REACH who="3" step="2"/><T92/><D102/><U109/><E24/><N who="2" m="14455" /><F91/><W134/><G134/><T0/><D130/><U1/><E109/><V132/><F132/><W16/><G16/><T62/><D131/><U59/><E71/><V8/><F8/><W48/><G48/><T6/><D128/><U26/><E26/><V127/><F127/><W135/><G135/><T123/><D123/><U53/><E66/><AGARI ba="0,1" hai="40,42,61,66,69" m="14455,11575,42537" machi="66" ten="30,2900,0" yaku="14,1,10,1" doraHai="51" who="2" fromWho="1" sc="307,0,163,-29,290,39,230,0" /><INIT seed="2,1,0,3,5,124" ten="307,134,329,230" oya="2" hai0="108,51,114,7,60,102,31,110,32,19,28,6,121" hai1="113,46,126,22,92,11,62,59,33,41,79,107,29" hai2="91,9,8,127,26,134,15,21,77,0,128,58,82" hai3="132,38,117,47,68,12,101,105,95,13,76,37,89"/><V50/><F127/><W125/><G117/><T106/><D106/><U66/><E126/><V34/><F34/><W67/><G125/><T2/><D102/><U57/><E107/><V72/><F134/><W135/><G105/><T112/><D60/><U119/><E119/><V49/><F0/><W53/><G101/><T10/><D51/><U74/><E113/><N who="0" m="43625" /><D121/><U97/><E33/><V80/><F9/><W116/><G116/><T111/><D32/><U94/><E59/><V70/><F70/><W56/><G68/><T16/><D6/><U98/><E74/><V90/><F58/><W4/><G67/><T14/><D19/><U88/><E11/><AGARI ba="1,0" hai="2,7,10,11,14,16,28,31,108,110,111" m="43625" machi="11" ten="40,8000,1" yaku="14,1,34,2,54,1" doraHai="124" who="0" fromWho="1" sc="307,83,134,-83,329,0,230,0" /><INIT seed="3,0,0,5,2,74" ten="390,51,329,230" oya="3" hai0="107,48,27,92,39,100,70,28,30,58,31,128,59" hai1="37,2,60,91,133,68,109,101,118,7,111,34,16" hai2="131,45,29,18,97,52,62,84,43,46,126,51,75" hai3="123,82,64,21,72,35,49,93,122,63,33,15,83"/><W61/><G49/><T67/><D39/><U54/><E37/><V99/><F75/><W86/><G72/><T25/><D128/><U11/><E34/><V19/><F131/><W40/><G40/><T76/><D107/><U10/><E101/><V4/><F4/><W90/><G63/><N who="0" m="38399" /><D70/><U134/><E91/><V120/><F120/><W0/><G0/><T112/><D112/><U110/><E68/><V17/><F29/><W98/><G122/><T105/><D105/><U26/><E54/><V50/><F126/><W13/><G123/><T129/><D129/><U102/><E102/><V1/><F1/><W36/><G36/><T106/><D106/><U5/><E60/><V114/><F114/><W44/><G44/><T65/><D65/><U94/><E94/><V71/><F71/><W81/><G33/><T89/><D100/><U53/><E53/><V20/><F62/><W80/><G35/><T113/><D113/><U8/><E118/><V73/><F73/><W12/><G21/><T41/><D58/><U47/><E47/><V124/><F124/><W23/><G23/><T121/><D121/><U9/><E7/><V135/><F135/><N who="1" m="51721" /><E26/><V24/><F84/><W125/><G125/><T115/><D115/><U88/><E88/><V56/><F46/><W42/><G42/><T103/><D103/><U132/><N who="1" m="51729" /><U116/><DORA hai="96" /><E116/><V69/><F69/><N who="3" m="42127" /><G98/><N who="0" m="57615" /><D41/><U14/><AGARI ba="0,0" hai="2,5,8,9,10,11,14,16,109,110,111" m="51729" machi="14" ten="50,8000,1" yaku="14,1,20,1,34,2,54,1" doraHai="74,96" who="1" fromWho="1" sc="390,-20,51,80,329,-20,230,-40" /><INIT seed="4,0,0,3,2,84" ten="370,131,309,190" oya="0" hai0="96,11,14,5,27,67,86,126,106,22,76,103,21" hai1="101,8,69,95,28,100,50,88,134,48,1,40,13" hai2="46,73,99,61,108,90,68,122,24,63,94,49,77" hai3="119,44,133,38,57,70,16,105,116,78,55,37,7"/><T66/><D126/><U112/><E69/><V43/><F122/><W98/><G70/><T26/><D27/><U19/><E134/><V31/><F68/><W132/><G7/><T10/><D22/><U107/><E107/><V54/><F108/><W127/><G127/><T30/><REACH who="0" step="1"/><D11/><REACH who="0" step="2"/><U91/><E112/><V128/><F24/><W129/><G132/><T89/><D89/><N who="1" m="34379" /><E1/><V80/><F31/><W130/><G133/><T47/><D47/><N who="1" m="25703" /><E28/><V20/><F20/><W52/><G129/><T58/><D58/><U124/><E124/><V85/><F128/><W113/><G130/><T62/><D62/><U36/><E36/><V41/><F63/><W53/><G113/><T97/><D97/><N who="1" m="59455" /><E101/><V64/><F73/><W0/><G116/><T93/><D93/><U18/><E50/><V104/><F104/><W4/><G119/><T114/><D114/><U65/><E65/><V118/><F118/><W111/><G57/><T82/><AGARI ba="0,1" hai="5,10,14,21,26,30,66,67,76,82,86,96,103,106" machi="82" ten="30,6000,0" yaku="1,1,0,1,53,1" doraHai="84" doraHaiUra="74" who="0" fromWho="0" sc="360,70,131,-20,309,-20,190,-20" /><INIT seed="4,1,0,3,0,132" ten="430,111,289,170" oya="0" hai0="77,27,109,120,17,82,23,30,127,93,70,68,63" hai1="26,87,29,130,122,16,34,114,22,59,5,88,43" hai2="105,99,78,33,25,21,107,7,20,35,66,117,52" hai3="94,104,106,19,42,41,15,95,49,11,134,110,79"/><T72/><D120/><U6/><E122/><V62/><F117/><W100/><G134/><T9/><D109/><U65/><E130/><V116/><F116/><W51/><G110/><T71/><D93/><U115/><E43/><V46/><F78/><W98/><G79/><T97/><D97/><U129/><E129/><V123/><F123/><W38/><G38/><T58/><D9/><U80/><E59/><V73/><F73/><W24/><G24/><T28/><D127/><U31/><E65/><V75/><F75/><W53/><G51/><T0/><REACH who="0" step="1"/><D0/><REACH who="0" step="2"/><U84/><E84/><V102/><F107/><W96/><G104/><T133/><D133/><U13/><REACH who="1" step="1"/><E31/><REACH who="1" step="2"/><V55/><F105/><W37/><G106/><T14/><D14/><U111/><E111/><V54/><F99/><W85/><G85/><T119/><D119/><U90/><E90/><V36/><F102/><N who="3" m="60695" /><G37/><T45/><D45/><AGARI ba="1,2" hai="11,15,19,41,42,45,49,53,95,98,100" m="60695" machi="45" ten="30,1000,0" yaku="8,1" doraHai="132" who="3" fromWho="0" sc="420,-13,101,0,289,0,170,33" /><INIT seed="5,0,0,5,4,36" ten="407,101,289,203" oya="1" hai0="133,45,86,79,49,55,1,35,100,29,94,131,37" hai1="129,106,125,123,9,132,119,13,114,32,130,57,84" hai2="42,19,0,16,46,128,10,87,63,120,95,124,43" hai3="127,50,104,59,5,66,67,56,6,52,22,38,24"/><U70/><RYUUKYOKU type="yao9" ba="0,0" sc="407,0,101,0,289,0,203,0" hai1="9,13,32,57,70,84,106,114,119,123,125,129,130,132" /><INIT seed="5,1,0,2,4,109" ten="407,101,289,203" oya="1" hai0="91,122,46,96,39,67,123,71,59,64,114,65,44" hai1="116,74,35,26,10,8,77,58,40,2,57,126,32" hai2="129,76,120,130,94,16,115,128,34,54,83,85,127" hai3="121,31,117,73,104,105,49,27,61,7,102,30,119"/><U87/><E116/><N who="3" m="44618" /><G121/><N who="0" m="46091" /><D71/><U1/><E74/><V112/><F34/><W124/><G73/><T90/><D39/><U134/><E40/><V43/><F120/><W5/><G124/><T88/><D96/><U50/><E50/><V63/><F43/><W45/><G61/><N who="0" m="37951" /><D114/><N who="2" m="43562" /><F127/><W118/><N who="3" m="44626" /><W20/><DORA hai="125" /><G31/><T100/><D100/><U33/><E126/><V25/><F94/><W133/><G133/><T13/><D13/><U36/><E36/><V22/><F54/><N who="3" m="29999" /><G102/><T12/><D12/><U51/><E51/><V62/><AGARI ba="1,0" hai="16,22,25,62,63,76,83,85,128,129,130" m="43562" machi="62" ten="40,16000,3" yaku="19,1,15,1,11,1,52,6,54,1" doraHai="109,125" who="2" fromWho="2" sc="407,-41,101,-81,289,163,203,-41" /><INIT seed="6,0,0,4,1,59" ten="366,20,452,162" oya="2" hai0="87,43,2,54,26,21,96,33,74,90,53,45,55" hai1="104,25,64,119,85,65,9,38,97,132,42,63,134" hai2="110,113,61,115,8,67,109,117,128,3,127,100,130" hai3="94,40,4,84,91,19,44,29,66,37,108,34,123"/><V56/><F100/><W103/><G123/><T46/><D2/><U106/><E119/><V30/><F30/><W27/><G108/><N who="2" m="41577" /><F3/><W79/><G4/><T118/><D118/><U49/><E49/><V32/><F117/><W101/><G79/><T126/><D74/><U98/><E85/><V17/><F8/><W11/><G11/><T6/><D126/><U22/><E9/><V13/><F13/><W10/><G10/><T86/><D6/><U121/><E42/><V50/><F17/><W111/><G111/><T76/><D33/><U80/><E80/><V92/><F92/><W81/><G19/><T131/><D131/><N who="2" m="50218" /><F32/><W105/><G105/><T18/><D76/><U120/><E38/><V107/><F107/><W116/><G116/><T95/><REACH who="0" step="1"/><D46/><REACH who="0" step="2"/><U68/><E68/><V73/><F73/><W0/><G0/><T62/><D62/><U78/><E78/><V60/><F127/><W1/><G1/><T89/><D89/><U124/><E124/><V77/><F77/><W57/><REACH who="3" step="1"/><G81/><REACH who="3" step="2"/><T16/><D16/><U41/><E41/><V135/><F135/><W114/><G114/><T47/><D47/><U82/><E82/><V83/><F83/><W112/><G112/><T5/><D5/><U75/><E75/><V35/><F115/><W88/><G88/><T125/><D125/><U133/><E133/><V48/><F113/><W71/><G71/><T24/><D24/><U129/><E129/><V23/><F35/><W58/><G58/><T102/><D102/><U36/><E25/><V99/><F56/><W72/><G72/><T28/><D28/><RYUUKYOKU ba="0,2" sc="356,15,20,-15,452,-15,152,15" hai0="18,21,26,43,45,53,54,55,86,87,90,95,96" hai3="27,29,34,37,40,44,57,66,84,91,94,101,103" /><INIT seed="7,1,2,1,4,128" ten="371,5,437,167" oya="3" hai0="53,126,112,33,93,86,70,24,60,48,16,55,1" hai1="61,132,77,115,44,127,124,104,25,14,21,78,67" hai2="100,122,125,23,135,133,40,12,35,30,0,74,109" hai3="59,38,36,27,15,56,89,110,51,90,17,72,131"/><W76/><G110/><T113/><D1/><U102/><E104/><V5/><F74/><W111/><G111/><T6/><D6/><U120/><E102/><V94/><F109/><W62/><G131/><T129/><D129/><U130/><E130/><V123/><F40/><W80/><G27/><T106/><D106/><U118/><E44/><V18/><F125/><W64/><G36/><T87/><D126/><U68/><E14/><V92/><F30/><W47/><G38/><T91/><D86/><U20/><E61/><V46/><F35/><W65/><G65/><N who="0" m="41255" /><D33/><U66/><E25/><V84/><F46/><W85/><G72/><T8/><D48/><U19/><E19/><V31/><F31/><W117/><G117/><T54/><D54/><U3/><E3/><V32/><F32/><W63/><G63/><T11/><D55/><U108/><E108/><V82/><F5/><W119/><G119/><T99/><D53/><U41/><E41/><V83/><F83/><W69/><G69/><T88/><D91/><U9/><E118/><V95/><F100/><W49/><G59/><T4/><D99/><U114/><E120/><N who="2" m="46123" /><F0/><W22/><REACH who="3" step="1"/><G51/><REACH who="3" step="2"/><T116/><D116/><U75/><E75/><V7/><F84/><W96/><G96/><T28/><D24/><U71/><E9/><V43/><F23/><W13/><G13/><N who="0" m="7231" /><D28/><U50/><E50/><V107/><F12/><W34/><G34/><T79/><D8/><U101/><E101/><V134/><F7/><W52/><AGARI ba="1,3" hai="15,17,22,47,49,52,56,62,64,76,80,85,89,90" machi="52" ten="20,18000,2" yaku="1,1,0,1,7,1,8,1,54,1,53,1" doraHai="128" doraHaiUra="73" who="3" fromWho="3" sc="371,-61,5,-61,437,-61,157,213" owari="310,-9.0,-56,-56.0,376,48.0,370,17.0" /></mjloggm>