<mjloggm ver="2.3"><GO type="169"/><UN n0="%E3%82%AA%E3%82%BA%E3%82%B0%E3%83%AB%E3%83%BC%E3%83%97" n1="%6E%65%6F%40%75%6E%69" n2="%23%37%34%E5%A4%A7%E6%B2%BB%E9%83%8E" n3="%EF%BC%88%E2%89%A7%E2%96%BD%E2%89%A6%EF%BC%89" dan="16,16,16,18" rate="2086,2116,2078,2173" sx="M,M,M,M"/><TAIKYOKU oya="0"/><INIT seed="0,0,0,0,3,8" ten="250,250,250,250" oya="0" hai0="18,6,132,59,114,53,41,55,108,60,34,123,44" hai1="125,107,83,78,31,80,23,120,49,70,77,13,101" hai2="116,4,100,117,40,50,71,57,62,91,76,56,9" hai3="133,72,118,69,90,33,85,89,48,64,129,111,73"/><T87/><D123/><U105/><E125/><V135/><F100/><W19/><G118/><T25/><D114/><U26/><E70/><V7/><F76/><W36/><G36/><T109/><D6/><U104/><E120/><V16/><F135/><W22/><G133/><T47/><D132/><U86/><E49/><V102/><F102/><W112/><G112/><T96/><D96/><U24/><E101/><V14/><F71/><W0/><G0/><T32/><D87/><U2/><E2/><V128/><F128/><W12/><G129/><T29/><D34/><U92/><E92/><V61/><F91/><W38/><G38/><T58/><D18/><U99/><E99/><V37/><F37/><W21/><G33/><T20/><D32/><U39/><E39/><V79/><F79/><W52/><G111/><N who="0" m="42571" /><D41/><U95/><E95/><V131/><F131/><W115/><G115/><T110/><N who="0" m="42579" /><T121/><DORA hai="103" /><D121/><U81/><E26/><V74/><F74/><W66/><G72/><T98/><D98/><U93/><REACH who="1" step="1"/><E13/><REACH who="1" ten="250,240,250,250" step="2"/><V43/><F117/><W126/><G12/><T84/><D84/><U27/><E27/><V3/><F116/><W94/><G85/><T88/><D88/><AGARI ba="0,1" hai="23,24,31,77,78,80,81,83,86,88,93,104,105,107" machi="88" ten="50,8000,1" yaku="1,1,52,3,54,1,53,0" doraHai="8,103" doraHaiUra="97,1" who="1" fromWho="0" sc="250,-80,240,90,250,0,250,0" /><INIT seed="1,0,0,3,1,38" ten="170,330,250,250" oya="1" hai0="85,55,62,44,47,120,104,30,109,71,123,68,124" hai1="76,135,18,64,81,28,63,101,99,54,117,122,121" hai2="40,66,42,60,93,34,69,73,29,58,0,39,41" hai3="111,78,114,13,51,95,86,8,105,43,16,35,90"/><U17/><E135/><V100/><F73/><W133/><G114/><T12/><D104/><U130/><E130/><V115/><F0/><W112/><G112/><T119/><D30/><U125/><E125/><V33/><F115/><W9/><G133/><T72/><D85/><U77/><E54/><V106/><F39/><W110/><G105/><T80/><D12/><U19/><E28/><V83/><F83/><W20/><G35/><T128/><D80/><U96/><E117/><V27/><F93/><W7/><G78/><T26/><D26/><U131/><E77/><V88/><F88/><W59/><G59/><N who="0" m="35199" /><D72/><U21/><E21/><V24/><F58/><W48/><G9/><T23/><D23/><U102/><E131/><V5/><F5/><W2/><REACH who="3" step="1"/><G43/><REACH who="3" ten="170,330,250,240" step="2"/><T52/><D128/><U56/><E76/><V53/><F53/><W75/><G75/><T70/><D124/><U65/><E56/><V87/><F106/><W84/><G84/><T98/><D98/><U79/><E99/><V10/><F87/><W113/><G113/><T14/><D14/><U3/><E96/><V91/><F34/><W32/><G32/><T89/><D89/><U31/><E79/><V22/><F91/><W67/><G67/><T74/><D74/><U108/><E65/><V45/><F100/><W49/><AGARI ba="0,1" hai="2,7,8,13,16,20,48,49,51,86,90,95,110,111" machi="49" ten="30,4000,0" yaku="1,1,0,1,54,1,53,0" doraHai="38" doraHaiUra="129" who="3" fromWho="3" sc="170,-10,330,-20,250,-10,240,50" /><INIT seed="2,0,0,3,5,9" ten="160,310,240,290" oya="2" hai0="105,83,132,54,64,44,17,32,42,76,103,56,120" hai1="59,26,69,50,85,78,73,129,34,121,10,27,84" hai2="86,114,37,87,57,125,43,58,109,18,117,16,89" hai3="40,31,108,116,96,128,45,81,49,93,62,95,97"/><V106/><F117/><W48/><G116/><T29/><D120/><U36/><E69/><V28/><F114/><W82/><G108/><T53/><D132/><U80/><E36/><V4/><F106/><W88/><G128/><T130/><D130/><U70/><E70/><V77/><F125/><W135/><G135/><T110/><D110/><U101/><E101/><V7/><F109/><W111/><G111/><T100/><D64/><U51/><E121/><V71/><F71/><W14/><G31/><T6/><D6/><U67/><E129/><V15/><F28/><W133/><G133/><T41/><D105/><U112/><E34/><V122/><F122/><W66/><G49/><T107/><D107/><U123/><E123/><V23/><F37/><W19/><G62/><T24/><D17/><U72/><E73/><V13/><F43/><W79/><G79/><T104/><D104/><U61/><E10/><N who="2" m="6519" /><F77/><W74/><G66/><T46/><D41/><U2/><E2/><V65/><F87/><W52/><G40/><T39/><D44/><U90/><E72/><V94/><F65/><W115/><G74/><T38/><D54/><U5/><E112/><V22/><F22/><N who="3" m="11639" /><G115/><T134/><D39/><U20/><E20/><V75/><F75/><W126/><G126/><T119/><D119/><U47/><E78/><V11/><F4/><W68/><G68/><T60/><REACH who="0" step="1"/><D134/><REACH who="0" ten="150,310,240,290" step="2"/><U35/><E67/><V99/><F7/><W12/><G12/><T92/><D92/><U131/><E5/><V118/><F118/><W3/><G3/><T30/><D30/><U33/><E131/><RYUUKYOKU ba="0,1" sc="150,15,310,-15,240,-15,290,15" hai0="24,29,32,38,42,46,53,56,60,76,83,100,103" hai3="45,48,52,81,82,88,93,95,96,97" /><INIT seed="3,1,1,1,1,89" ten="165,295,225,305" oya="3" hai0="32,50,4,84,86,65,102,31,130,60,70,68,63" hai1="22,91,96,108,106,112,54,40,134,0,69,10,103" hai2="55,7,26,81,94,76,45,42,49,19,105,92,109" hai3="117,125,38,72,15,107,120,82,135,56,74,71,8"/><W118/><G56/><T12/><D130/><U111/><E69/><V9/><F105/><W20/><G20/><T66/><D102/><U28/><E134/><V75/><F109/><W85/><G15/><T57/><D32/><U116/><E112/><V79/><F79/><N who="3" m="46303" /><G8/><T126/><D126/><U124/><E124/><V90/><F90/><W16/><G16/><T97/><D31/><U113/><E113/><V53/><F19/><W115/><G38/><T122/><D122/><U101/><E101/><V24/><F24/><W52/><G52/><T27/><D27/><U14/><E40/><V23/><F23/><W78/><G71/><T25/><D25/><U99/><E22/><V47/><F26/><W83/><G115/><T6/><D97/><U73/><E0/><V59/><F53/><W67/><G67/><T110/><D12/><U13/><E54/><V33/><F33/><W18/><G18/><T121/><D121/><U46/><E28/><V5/><F47/><W119/><G120/><T132/><D57/><U39/><E46/><V30/><F30/><W88/><G125/><T41/><D50/><U29/><E29/><V21/><F21/><W128/><G107/><T3/><D41/><U35/><E39/><V17/><F17/><W127/><G127/><T58/><D58/><U11/><E35/><V34/><F34/><W62/><G62/><T64/><D64/><U129/><E11/><V61/><REACH who="2" step="1"/><F5/><REACH who="2" ten="165,295,215,305" step="2"/><W98/><G88/><T93/><D6/><N who="1" m="3287" /><E91/><V123/><F123/><W114/><G114/><T43/><D70/><U77/><E106/><V2/><AGARI ba="1,2" hai="2,7,9,42,45,49,55,59,61,75,76,81,92,94" machi="2" ten="20,12000,2" yaku="1,1,5,1,0,1,7,1,52,2,53,1" doraHai="89" doraHaiUra="104" who="2" fromWho="2" sc="165,-31,295,-31,215,143,305,-61" /><INIT seed="4,0,0,4,1,131" ten="134,264,358,244" oya="0" hai0="63,103,120,53,34,132,54,86,135,31,93,69,7" hai1="78,33,24,11,114,60,75,67,41,27,126,42,38" hai2="50,66,70,62,125,57,4,2,37,45,123,116,77" hai3="12,87,25,58,28,90,94,22,82,16,118,18,5"/><T43/><D120/><U1/><E126/><V47/><F123/><W32/><G118/><T97/><D7/><U109/><E109/><V111/><F116/><W29/><G5/><T119/><D43/><U85/><E75/><V88/><F111/><W104/><G104/><T108/><D108/><U73/><E73/><V56/><F125/><W107/><G107/><N who="0" m="63983" /><D119/><U84/><E38/><V130/><F130/><W15/><G58/><T105/><D86/><U44/><E33/><V115/><F115/><W92/><REACH who="3" step="1"/><G29/><REACH who="3" ten="134,264,358,234" step="2"/><T112/><D105/><U46/><E114/><V8/><F57/><W52/><G52/><N who="0" m="20075" /><D93/><U3/><E67/><V71/><F66/><W124/><G124/><T30/><D112/><U49/><E42/><V79/><F56/><W0/><G0/><T100/><D100/><U36/><E3/><V83/><F2/><W99/><G99/><T23/><D23/><AGARI ba="0,1" hai="12,15,16,18,22,23,25,28,32,82,87,90,92,94" machi="23" ten="30,7700,0" yaku="1,1,7,1,9,1,54,1,53,0" doraHai="131" doraHaiUra="121" who="3" fromWho="0" sc="134,-77,264,0,358,0,234,87" /><INIT seed="5,0,0,0,2,30" ten="57,264,358,321" oya="1" hai0="0,132,8,18,117,80,122,68,99,111,134,25,14" hai1="100,43,49,89,120,17,37,130,135,3,107,92,116" hai2="24,62,9,129,106,20,65,23,52,98,47,54,125" hai3="70,50,109,72,4,105,66,103,51,112,44,77,127"/><U63/><E120/><V114/><F129/><W60/><G109/><T27/><D68/><U128/><E116/><V71/><F125/><W75/><G127/><T13/><D99/><U11/><E37/><V74/><F74/><W2/><G112/><T35/><D80/><U33/><E135/><N who="0" m="51753" /><D122/><U121/><E121/><V58/><F114/><W38/><G51/><T31/><D117/><U26/><E63/><V28/><F9/><N who="3" m="2199" /><G50/><T15/><D111/><U90/><E3/><V88/><F47/><W126/><G126/><T56/><D56/><U131/><E107/><V64/><F64/><W19/><G19/><N who="0" m="8615" /><D0/><U61/><E61/><V12/><F71/><W6/><G6/><T81/><D81/><U93/><E100/><V36/><F36/><W46/><G46/><T32/><D18/><U48/><E43/><V83/><F106/><W118/><G77/><T40/><D40/><U82/><E82/><V115/><F115/><W78/><G78/><T39/><D39/><U45/><E45/><V96/><F83/><W104/><G118/><T21/><D27/><U79/><E79/><V94/><F98/><N who="3" m="61559" /><G105/><T53/><D53/><U119/><E119/><V108/><F108/><W55/><G55/><T113/><D113/><U34/><E17/><AGARI ba="0,0" hai="12,17,20,23,24,28,52,54,58,62,65,88,94,96" machi="17" ten="40,5200,0" yaku="8,1,54,2" doraHai="30" who="2" fromWho="1" sc="57,0,264,-52,358,52,321,0" /><INIT seed="6,0,0,3,1,21" ten="57,212,410,321" oya="2" hai0="111,11,110,2,23,66,4,85,132,64,92,37,17" hai1="130,75,80,103,71,40,33,76,6,70,88,134,125" hai2="45,100,14,84,43,87,108,98,61,46,102,16,89" hai3="99,83,25,107,15,123,1,53,13,24,8,35,81"/><V34/><F34/><W67/><G123/><T38/><D132/><U74/><E134/><V113/><F113/><W129/><G129/><T72/><D72/><U135/><E135/><V82/><F108/><W12/><G35/><T77/><D111/><U68/><E125/><V117/><F117/><W56/><G107/><T118/><D110/><U60/><E130/><V18/><F61/><N who="3" m="38311" /><G1/><T133/><D118/><U48/><E103/><N who="2" m="39467" /><F98/><W93/><G8/><T126/><D126/><U97/><E33/><V59/><F43/><W22/><G53/><T32/><D32/><U122/><E122/><V78/><F59/><W94/><G94/><T69/><D133/><U95/><E6/><V51/><F51/><W57/><G57/><T115/><D115/><U91/><E75/><V0/><F0/><W79/><G22/><T52/><D69/><U114/><E114/><V36/><F36/><W10/><G10/><T65/><D77/><U96/><E97/><V5/><F5/><W49/><G49/><T54/><D38/><U119/><E119/><V105/><F105/><W31/><G31/><T29/><D29/><U28/><E28/><V27/><F18/><W62/><G62/><T7/><D7/><U124/><E60/><V101/><F101/><N who="3" m="60655" /><G79/><T128/><D37/><U116/><E116/><V58/><F58/><W90/><G90/><T112/><D128/><U131/><E131/><V3/><F3/><W104/><G104/><T127/><D112/><U30/><E124/><V39/><F39/><W50/><G50/><T106/><D127/><U44/><E91/><V20/><F78/><RYUUKYOKU ba="0,0" sc="57,-15,212,15,410,-15,321,15" hai1="30,40,44,48,68,70,71,74,76,80,88,95,96" hai3="12,13,15,24,25,81,83" /><INIT seed="7,1,0,2,0,69" ten="42,227,395,336" oya="3" hai0="58,8,93,57,48,119,95,21,52,67,125,38,88" hai1="75,105,79,12,109,70,16,117,110,49,113,123,96" hai2="32,25,28,108,106,60,97,29,39,50,128,54,87" hai3="30,22,120,64,114,76,44,27,33,112,85,135,90"/><W98/><G120/><T1/><D119/><U122/><E49/><V3/><F108/><W133/><G64/><T34/><D34/><U13/><E70/><V31/><F3/><W6/><G6/><T5/><D125/><U65/><E65/><V127/><F127/><W132/><G33/><T102/><D102/><U59/><E59/><V2/><F2/><W126/><G126/><T80/><D21/><U86/><E86/><V19/><F39/><W7/><G7/><T115/><D115/><N who="3" m="44073" /><G44/><T77/><D67/><U17/><E113/><V55/><F32/><W36/><G76/><T94/><D58/><U46/><E46/><V26/><F19/><W47/><G98/><T14/><D38/><U45/><E45/><V130/><F97/><W78/><G78/><T18/><D1/><U66/><E66/><V99/><F99/><W89/><G85/><T103/><D103/><U51/><E51/><V129/><F87/><W10/><G10/><T63/><D48/><U107/><E96/><V81/><F106/><W24/><G27/><N who="2" m="10249" /><F81/><W73/><G73/><T56/><D56/><U40/><E79/><V101/><F101/><W74/><G74/><T11/><D11/><U84/><E84/><V104/><F104/><W37/><G37/><T4/><REACH who="0" step="1"/><D77/><REACH who="0" ten="32,227,395,336" step="2"/><U92/><E117/><V61/><F50/><W35/><G35/><T68/><D68/><U116/><E116/><V62/><AGARI ba="1,1" hai="28,29,31,54,55,60,61,62,128,129,130" m="10249" machi="62" ten="40,8000,1" yaku="29,2,28,2,19,1" doraHai="69" who="2" fromWho="2" sc="32,-21,227,-21,395,93,336,-41" owari="11,-49.0,206,-19.0,488,58.0,295,10.0" /></mjloggm>