<mjloggm ver="2.3"><GO type="41"/><UN n0="%E9%81%BF%E3%81%91%E3%82%8B%E3%83%81%E3%83%BC%E3%82%BA" n1="%E5%A4%A9%E6%89%8D%E6%AD%A6%E8%97%A4" n2="%E3%82%A6%E3%83%AB%E3%83%88%E3%83%A9%E7%AB%8B%E7%9B%B4" n3="%54%65%72%69%79%61%6B%69" dan="15,14,14,14" rate="1987,1902,1976,1878" sx="F,M,M,M"/><TAIKYOKU oya="0"/><INIT seed="0,0,0,5,0,36" ten="250,250,250,250" oya="0" hai0="124,126,96,4,52,132,37,10,54,80,79,111,81" hai1="105,121,87,13,97,122,53,91,34,120,50,49,108" hai2="70,63,62,92,55,102,59,133,110,18,130,75,41" hai3="58,83,113,117,61,60,29,119,90,47,48,12,116"/><T35/><D35/><U39/><E34/><V11/><F75/><W51/><G113/><T65/><D132/><U5/><E39/><V45/><F133/><W85/><G29/><T57/><D37/><U68/><E68/><V66/><F130/><W71/><G71/><T28/><D28/><U20/><E108/><V56/><F110/><W134/><G134/><T118/><D118/><U23/><E105/><V38/><F102/><W129/><G129/><T44/><D111/><U77/><E97/><V43/><F92/><W27/><G27/><T103/><D65/><U0/><E77/><V100/><F100/><W84/><G84/><T69/><D69/><U42/><E0/><V95/><F95/><W76/><G12/><N who="0" m="5191" /><D44/><U46/><E5/><V104/><F104/><W25/><G25/><T30/><D30/><U101/><E101/><V114/><F114/><W7/><G7/><T131/><D131/><U123/><E123/><V127/><F18/><W82/><G76/><T19/><D19/><U128/><E128/><V109/><F11/><W2/><G2/><T22/><D22/><U17/><E23/><V31/><F31/><W74/><G74/><N who="0" m="43127" /><D81/><U6/><E6/><V125/><F109/><W67/><G82/><T98/><D98/><U64/><E64/><N who="2" m="38983" /><F43/><W21/><G21/><T135/><D135/><U15/><E15/><V89/><F89/><W33/><G33/><T32/><D32/><U94/><E122/><V99/><F99/><W93/><G83/><T72/><D72/><U16/><E17/><V14/><F14/><W26/><G117/><T88/><D96/><RYUUKYOKU ba="0,0" sc="250,-15,250,15,250,15,250,-15" hai1="13,16,20,42,46,49,50,53,87,91,94,120,121" hai2="38,41,45,55,59,63,66,70,125,127" /><INIT seed="1,1,0,4,3,89" ten="235,265,265,235" oya="1" hai0="9,55,102,107,79,33,65,8,31,134,20,94,97" hai1="60,63,117,103,11,64,68,92,101,87,135,91,112" hai2="24,27,106,119,12,115,80,126,53,104,121,73,128" hai3="58,100,17,93,47,127,74,75,10,85,38,120,78"/><U114/><E117/><V96/><F24/><W26/><G120/><T108/><D108/><U30/><E30/><V70/><F12/><W61/><G127/><T124/><D124/><U90/><E135/><V6/><F6/><W116/><G116/><T83/><D134/><U82/><E114/><V84/><F27/><W59/><G38/><T99/><D33/><U15/><E60/><V50/><F70/><W72/><G47/><T77/><D65/><U45/><E45/><V35/><F35/><W51/><G51/><T25/><D55/><U113/><E113/><V54/><F54/><W32/><G61/><T125/><D125/><U19/><REACH who="1" step="1"/><E112/><REACH who="1" ten="235,255,265,235" step="2"/><V81/><F115/><W110/><G110/><T49/><D49/><U39/><E39/><V52/><F50/><W37/><G37/><T86/><REACH who="0" step="1"/><D79/><REACH who="0" ten="225,255,265,235" step="2"/><U56/><E56/><V71/><F126/><W43/><G78/><T1/><D1/><U48/><E48/><V95/><F119/><W36/><G36/><T13/><D13/><U132/><E132/><V3/><F3/><W109/><G109/><T18/><D18/><U62/><E62/><V44/><F44/><W40/><G58/><T66/><D66/><U5/><E5/><V57/><F57/><W88/><G59/><T67/><D67/><U98/><AGARI ba="1,2" hai="11,15,19,63,64,68,82,87,90,91,92,98,101,103" machi="98" ten="20,7800,0" yaku="1,1,0,1,7,1,52,1,53,0" doraHai="89" doraHaiUra="28" who="1" fromWho="1" sc="225,-27,255,101,265,-27,235,-27" /><INIT seed="1,2,0,3,2,129" ten="198,356,238,208" oya="1" hai0="20,21,133,131,16,76,48,78,14,135,116,42,58" hai1="99,8,110,15,46,87,107,66,32,81,3,47,59" hai2="106,120,37,17,10,45,97,53,41,0,82,125,130" hai3="64,98,122,109,34,95,94,57,18,77,113,38,85"/><U74/><E32/><V29/><F130/><W88/><G113/><T103/><D131/><U35/><E35/><V92/><F120/><W93/><G122/><T19/><D116/><U52/><E74/><V96/><F29/><W6/><G38/><T105/><D105/><U67/><E3/><V117/><F117/><W7/><G34/><T132/><D103/><U75/><E75/><V73/><F53/><W4/><G109/><T2/><D2/><U25/><E25/><V56/><F56/><W65/><G18/><T108/><D108/><U80/><E110/><V118/><F17/><W63/><G64/><N who="1" m="24618" /><E99/><V33/><F33/><W68/><G68/><T101/><D101/><U70/><E70/><V31/><F31/><W71/><G71/><T111/><D111/><U104/><E104/><V79/><F118/><W89/><G77/><T55/><D42/><U91/><E80/><AGARI ba="2,0" hai="4,6,7,57,63,65,80,85,88,89,93,94,95,98" machi="80" ten="40,2600,0" yaku="8,1,54,1" doraHai="129" who="3" fromWho="1" sc="198,0,356,-32,238,0,208,32" /><INIT seed="2,0,0,5,1,115" ten="198,324,238,240" oya="2" hai0="13,2,59,113,57,30,112,39,100,79,90,71,81" hai1="69,91,1,62,28,15,9,26,40,17,92,106,116" hai2="23,80,117,52,56,135,93,64,85,55,41,94,72" hai3="89,46,129,123,12,31,22,0,114,107,101,68,98"/><V70/><F72/><W127/><G123/><T14/><D2/><U58/><E106/><V125/><F70/><W128/><G0/><T86/><D39/><U67/><E40/><V27/><F125/><W51/><G68/><T65/><D100/><U122/><E1/><V75/><F75/><W87/><G127/><T74/><D30/><U47/><E47/><V77/><F135/><W43/><G114/><T126/><D126/><U66/><E122/><V7/><F117/><W88/><G87/><T48/><D71/><U103/><E103/><V29/><F7/><W19/><G31/><T124/><D124/><U54/><E69/><V121/><F41/><W24/><REACH who="3" step="1"/><G24/><REACH who="3" ten="198,324,238,230" step="2"/><T25/><D25/><U118/><E26/><V35/><F121/><W132/><G132/><T120/><D120/><U76/><E28/><V102/><F35/><W73/><G73/><T131/><D113/><U134/><E134/><V83/><F83/><W45/><G45/><T105/><D112/><U4/><E76/><V8/><F93/><W95/><G95/><T97/><D79/><U49/><E4/><V10/><F64/><W21/><G21/><T99/><D65/><U11/><E11/><N who="2" m="4139" /><F56/><W20/><G20/><T108/><D59/><U37/><E67/><V133/><F133/><W38/><G38/><T36/><D57/><U110/><E37/><V130/><F130/><AGARI ba="0,1" hai="12,19,22,43,46,51,88,89,98,101,107,128,129,130" machi="130" ten="40,8000,1" yaku="1,1,19,1,54,1,53,1" doraHai="115" doraHaiUra="16" who="3" fromWho="2" sc="198,0,324,0,238,-80,230,90" /><INIT seed="3,0,0,1,4,134" ten="198,324,158,320" oya="3" hai0="79,0,38,90,92,11,125,118,57,45,89,80,20" hai1="18,7,67,84,28,1,27,44,115,108,120,104,74" hai2="39,102,24,95,119,16,58,96,22,106,10,29,112" hai3="14,56,98,97,2,63,133,105,99,59,122,86,72"/><W23/><G122/><T129/><D118/><U116/><E115/><V69/><F112/><W30/><G2/><T48/><D129/><U19/><E120/><V43/><F119/><W109/><G72/><T100/><D100/><U3/><E116/><V114/><F114/><W131/><G131/><T64/><D20/><U75/><E104/><V82/><F69/><W121/><G121/><T110/><D110/><U32/><E108/><V107/><F43/><W77/><G109/><T71/><D71/><U111/><E111/><V60/><F39/><W9/><G133/><T70/><D70/><U123/><E123/><V6/><F82/><N who="3" m="47439" /><G105/><T35/><D35/><U88/><E67/><V50/><F50/><W113/><G113/><T54/><D0/><U101/><E101/><V127/><F106/><W128/><G128/><T49/><D38/><U36/><E1/><V62/><F107/><W51/><G51/><T5/><D49/><U42/><E74/><V41/><F60/><W93/><G63/><T55/><D48/><U94/><REACH who="1" step="1"/><E75/><REACH who="1" ten="198,314,158,320" step="2"/><V83/><F102/><W40/><G40/><T61/><D64/><U132/><E132/><V124/><F41/><W87/><G59/><T135/><D57/><U13/><E13/><V76/><F58/><W33/><G56/><T34/><D135/><U25/><E25/><V17/><F62/><W37/><G37/><T21/><D45/><U103/><E103/><N who="2" m="60831" /><F76/><W15/><G33/><T53/><D55/><U4/><E4/><V12/><F83/><W85/><G14/><T117/><D79/><U78/><E78/><V46/><F46/><RYUUKYOKU ba="0,1" sc="198,-15,314,15,158,15,320,-15" hai1="3,7,18,19,27,28,32,36,42,44,84,88,94" hai2="6,10,12,16,17,22,24,29,124,127" /><INIT seed="4,1,1,2,2,13" ten="183,329,173,305" oya="0" hai0="66,116,115,33,61,94,9,1,127,65,25,63,52" hai1="100,117,74,64,102,14,81,77,4,98,99,60,35" hai2="38,59,8,132,93,69,107,29,44,36,7,118,119" hai3="31,37,108,20,46,133,10,78,124,120,88,17,16"/><T79/><D116/><N who="2" m="44586" /><F107/><W89/><G108/><T21/><D33/><U70/><E117/><V28/><F69/><W62/><G124/><T24/><D127/><U57/><E35/><V91/><F59/><W76/><G133/><T134/><D134/><U95/><E4/><V0/><F132/><W54/><G37/><N who="2" m="14441" /><F44/><W122/><G10/><T5/><D115/><U3/><E3/><V123/><F123/><N who="3" m="47147" /><G76/><T130/><D79/><U51/><E51/><V47/><F47/><W121/><G78/><T50/><D130/><U101/><E14/><V53/><F53/><W71/><G71/><T11/><D66/><U19/><E70/><V49/><F49/><N who="3" m="28983" /><G62/><T56/><D65/><U125/><E125/><V106/><F106/><W111/><G111/><T43/><D43/><U109/><E109/><V68/><F68/><W75/><G75/><T34/><D34/><U15/><REACH who="1" step="1"/><E98/><AGARI ba="1,1" hai="0,7,8,28,29,91,93,98" m="14441,44586" machi="98" ten="30,1000,0" yaku="12,1" doraHai="13" who="2" fromWho="1" sc="183,0,329,-13,173,23,305,0" /><INIT seed="5,0,0,5,5,78" ten="183,316,196,305" oya="1" hai0="42,122,119,67,36,55,80,66,93,48,26,101,18" hai1="34,15,40,77,31,100,108,56,76,3,45,62,68" hai2="4,10,82,51,1,54,71,27,50,37,91,7,103" hai3="130,43,92,60,72,107,105,114,59,35,97,124,69"/><U2/><E68/><V112/><F71/><W84/><G114/><T20/><D119/><U41/><E100/><V25/><F112/><W87/><G35/><T113/><D113/><U102/><E102/><V28/><F103/><W86/><G69/><T79/><D122/><U111/><E15/><V118/><F37/><W133/><G124/><T58/><D36/><N who="1" m="21639" /><E41/><V126/><F126/><W61/><G133/><T127/><D127/><U135/><E135/><V8/><F118/><W38/><G130/><T30/><D42/><U22/><E34/><V29/><F54/><W134/><G134/><T121/><D121/><U0/><E22/><V24/><F51/><W47/><G72/><T33/><D101/><U123/><E31/><V115/><F50/><W65/><G60/><T21/><D33/><U90/><E90/><V116/><F116/><W88/><AGARI ba="0,0" hai="38,43,47,59,61,65,84,86,87,88,92,97,105,107" machi="88" ten="30,2000,0" yaku="0,1,54,1" doraHai="78" who="3" fromWho="3" sc="183,-5,316,-10,196,-5,305,20" /><INIT seed="6,0,0,5,4,81" ten="178,306,191,325" oya="2" hai0="53,123,67,16,72,4,68,74,56,41,38,99,45" hai1="69,97,40,89,91,51,135,20,61,126,43,32,114" hai2="96,115,104,58,22,131,37,76,26,127,132,107,46" hai3="80,42,111,109,14,59,95,55,11,100,63,12,82"/><V23/><F104/><W13/><G42/><T93/><D4/><U33/><E114/><V124/><F115/><W105/><G105/><T87/><D123/><U50/><E20/><V112/><F112/><W10/><G111/><T36/><D36/><U54/><E69/><V73/><F23/><W19/><G109/><T129/><D129/><U85/><E61/><V117/><F117/><W28/><G28/><T49/><D16/><U29/><E97/><V121/><F121/><W77/><G77/><T118/><D118/><U27/><E126/><N who="2" m="48171" /><F131/><W44/><G44/><T134/><D134/><U17/><E17/><V94/><F107/><W78/><G78/><T79/><D79/><U47/><E135/><V2/><F2/><W75/><G75/><T70/><D70/><U84/><E33/><V92/><F132/><W106/><G106/><T122/><D122/><U21/><E32/><V130/><F130/><W5/><G12/><T113/><D113/><U86/><REACH who="1" step="1"/><E40/><REACH who="1" ten="178,296,191,325" step="2"/><N who="2" m="22799" /><F96/><AGARI ba="0,1" hai="5,10,11,13,14,19,55,59,63,80,82,95,96,100" machi="96" ten="40,1300,0" yaku="8,1" doraHai="81" who="3" fromWho="2" sc="178,0,296,0,191,-13,325,23" /><INIT seed="7,0,0,4,5,3" ten="178,296,178,348" oya="3" hai0="85,81,22,58,11,65,115,0,8,109,88,16,98" hai1="67,80,102,73,5,62,95,69,101,77,117,82,13" hai2="97,100,44,17,60,99,50,121,43,33,105,103,42" hai3="32,24,123,7,89,31,114,21,36,4,66,72,91"/><W54/><G123/><T126/><D109/><U118/><E82/><V135/><F121/><W107/><G107/><T134/><D134/><U30/><E30/><V61/><F135/><W53/><G36/><T94/><D126/><U14/><E14/><V27/><F42/><W63/><G72/><T104/><D104/><U120/><E120/><V110/><F110/><W47/><G114/><T75/><D75/><U10/><REACH who="1" step="1"/><E95/><REACH who="1" ten="178,286,178,348" step="2"/><V112/><F112/><W12/><G12/><N who="0" m="9479" /><D0/><U125/><E125/><V29/><F17/><W2/><G2/><T96/><D115/><U84/><E84/><V39/><F39/><W71/><G32/><T70/><D94/><AGARI ba="0,1" hai="27,29,33,43,44,50,60,61,94,97,99,100,103,105" machi="94" ten="30,1000,0" yaku="7,1" doraHai="3" who="2" fromWho="0" sc="178,-10,286,0,178,20,348,0" owari="168,-33.0,286,9.0,198,-20.0,348,44.0" /></mjloggm>