<mjloggm ver="2.3"><GO type="169"/><UN n0="%E7%89%99%E6%B1%AA" n1="%E3%83%89%E3%83%AF%E3%83%AA%E3%83%B3" n2="%EF%BC%88%E2%89%A7%E2%96%BD%E2%89%A6%EF%BC%89" n3="%E9%BA%BB%E9%9B%80%E6%88%A6%E5%A3%AB%E2%98%86%E3%81%AA%E3%81%AE%E3%81%AF" dan="17,16,18,16" rate="2109,2069,2182,2052" sx="F,M,M,F"/><TAIKYOKU oya="0"/><INIT seed="0,0,0,3,2,68" ten="250,250,250,250" oya="0" hai0="110,97,61,51,38,15,134,98,41,121,19,113,70" hai1="1,9,125,43,31,120,102,36,14,26,95,11,4" hai2="86,71,78,133,63,0,32,69,17,115,57,74,7" hai3="72,64,3,81,42,83,107,46,129,88,12,65,128"/><T27/><BYE who="1" /><D121/><U55/><E55/><V45/><F32/><W52/><G107/><T50/><D113/><U112/><E112/><V24/><F74/><W22/><G3/><T117/><D117/><U84/><E84/><V124/><F115/><W49/><G72/><T29/><D134/><U111/><E111/><V77/><F133/><UN n1="%E3%83%89%E3%83%AF%E3%83%AA%E3%83%B3" /><W94/><G22/><T58/><D110/><U56/><E120/><V109/><F109/><W92/><G12/><T82/><D70/><U2/><E56/><V135/><F135/><W8/><G8/><T103/><D82/><N who="3" m="31241" /><G94/><T25/><D25/><U126/><E95/><V118/><F24/><W101/><G42/><T105/><D97/><U54/><E54/><V131/><F118/><W23/><G23/><T37/><D51/><U35/><E102/><V39/><F0/><W122/><G101/><T21/><D50/><U89/><E89/><V33/><F78/><W53/><G53/><T123/><D41/><U44/><REACH who="1" step="1"/><E9/><REACH who="1" ten="250,240,250,250" step="2"/><V60/><F77/><W62/><G122/><T28/><D123/><U99/><E99/><V114/><F69/><W87/><G62/><T67/><REACH who="0" step="1"/><D29/><REACH who="0" ten="240,240,250,250" step="2"/><U100/><E100/><V80/><F71/><W5/><G129/><T10/><AGARI ba="0,2" hai="10,15,19,21,27,28,37,38,58,61,67,98,103,105" machi="10" ten="20,18000,2" yaku="1,1,2,1,0,1,7,1,52,2,53,0" doraHai="68" doraHaiUra="85" who="0" fromWho="0" sc="240,200,240,-60,250,-60,250,-60" /><INIT seed="0,1,0,4,4,30" ten="440,180,190,190" oya="0" hai0="47,101,57,129,24,126,84,110,133,50,87,35,73" hai1="122,28,102,117,72,34,38,62,124,20,58,68,40" hai2="45,128,65,16,27,95,63,78,109,21,42,60,53" hai3="114,25,9,41,134,61,135,43,105,2,48,26,93"/><T7/><D73/><U107/><E122/><V83/><F128/><W113/><G105/><T108/><D129/><U18/><E117/><V31/><F109/><N who="0" m="42090" /><D57/><U91/><E72/><V121/><F121/><W15/><G2/><T81/><D126/><U99/><E124/><V5/><F5/><W79/><G79/><N who="0" m="46143" /><D101/><U130/><E130/><V92/><F53/><W118/><G118/><T127/><D127/><U3/><E3/><V37/><F31/><W70/><G70/><T82/><D133/><N who="3" m="50697" /><G61/><T132/><D132/><U77/><E62/><V67/><F63/><W111/><G93/><T94/><D94/><U75/><E107/><V116/><F116/><W104/><G104/><T97/><D97/><U88/><E99/><V106/><F106/><W100/><G100/><T4/><D50/><U69/><E102/><V8/><F67/><W89/><G48/><T14/><D47/><U52/><E69/><V112/><F8/><W131/><G131/><T23/><D14/><U71/><E68/><V74/><REACH who="2" step="1"/><F112/><REACH who="2" ten="440,180,180,190" step="2"/><W51/><G111/><T96/><D96/><U125/><E125/><V39/><F39/><W1/><G114/><T115/><D115/><U19/><E38/><V86/><F86/><W11/><G113/><T33/><D4/><U59/><E75/><V98/><F98/><W44/><G1/><T32/><D7/><U46/><E71/><AGARI ba="1,1" hai="16,21,27,37,42,45,60,65,71,74,78,83,92,95" machi="71" ten="30,3900,0" yaku="1,1,7,1,54,1,53,0" doraHai="30" doraHaiUra="120" who="2" fromWho="1" sc="440,0,180,-42,180,52,190,0" /><INIT seed="1,0,0,0,0,64" ten="440,138,232,190" oya="1" hai0="31,84,120,132,127,76,65,50,53,109,12,69,21" hai1="49,27,93,105,78,2,34,6,35,72,66,57,42" hai2="33,104,67,22,122,134,95,5,103,54,81,113,59" hai3="9,17,85,108,77,61,7,18,100,130,48,52,10"/><U118/><E105/><V11/><F33/><W82/><G130/><T37/><D109/><U117/><E93/><V102/><F104/><W55/><G108/><T88/><D76/><U29/><E57/><V96/><F122/><W8/><G7/><T125/><D37/><U25/><E49/><V51/><F113/><W129/><G129/><T111/><D111/><U3/><E42/><V14/><F134/><W45/><G100/><T46/><D120/><U13/><E66/><V131/><F131/><W133/><G133/><T62/><D132/><U23/><E78/><V32/><F32/><N who="1" m="12329" /><E72/><V98/><F67/><W30/><G30/><T36/><D36/><U128/><E128/><V63/><F81/><W110/><G110/><T99/><D99/><U38/><E38/><V71/><F22/><W86/><G86/><T121/><D121/><U94/><E94/><V123/><F123/><W91/><G77/><T124/><D31/><U115/><E27/><V39/><F39/><W73/><G73/><T87/><D21/><U0/><E115/><V79/><F79/><W74/><G74/><T44/><D12/><U126/><E126/><V24/><F24/><W58/><AGARI ba="0,0" hai="8,9,10,17,18,45,48,52,55,58,61,82,85,91" machi="58" ten="30,4000,0" yaku="0,1,8,1,54,1" doraHai="64" who="3" fromWho="3" sc="440,-10,138,-20,232,-10,190,40" /><INIT seed="2,0,0,2,3,81" ten="430,118,222,230" oya="2" hai0="80,34,68,54,21,29,46,87,13,30,26,83,36" hai1="35,18,32,77,84,19,115,49,124,90,43,2,127" hai2="25,129,120,10,31,44,110,55,33,107,47,73,70" hai3="45,134,42,82,103,22,108,106,15,14,63,93,100"/><V130/><F120/><W72/><G134/><T3/><D68/><U85/><E2/><V122/><F122/><W38/><G108/><T60/><D3/><U88/><E115/><V113/><F113/><W4/><G106/><T92/><D34/><U37/><E37/><V132/><F132/><W51/><G38/><T75/><D75/><U62/><E62/><V116/><F116/><W56/><G93/><T99/><D80/><U48/><E43/><V94/><F107/><W131/><G131/><N who="2" m="50185" /><F73/><W9/><G82/><T133/><D133/><U12/><E12/><V5/><F70/><W66/><G72/><T41/><D13/><U109/><REACH who="1" step="1"/><E77/><REACH who="1" ten="430,108,222,230" step="2"/><V23/><F110/><AGARI ba="0,1" hai="18,19,32,35,48,49,84,85,88,90,109,110,124,127" machi="110" ten="25,12000,2" yaku="1,1,2,1,22,2,52,2,54,1,53,0" doraHai="81" doraHaiUra="40" who="1" fromWho="2" sc="430,0,108,130,222,-120,230,0" /><INIT seed="3,0,0,1,1,109" ten="430,238,102,230" oya="3" hai0="19,101,131,41,133,68,87,1,120,17,90,80,72" hai1="26,100,106,111,78,105,52,39,47,99,60,48,23" hai2="79,113,38,85,112,58,92,18,96,27,98,49,132" hai3="37,10,69,134,83,124,123,30,127,61,8,88,55"/><W116/><G116/><T65/><D120/><U13/><E111/><V71/><F38/><W4/><G123/><T117/><D117/><U102/><E78/><V108/><F71/><W20/><G134/><T130/><D133/><U54/><E13/><V15/><F132/><W128/><G128/><N who="0" m="49195" /><D1/><U56/><E39/><V34/><F108/><W64/><G37/><T31/><D41/><U75/><E75/><V121/><F121/><W11/><G55/><T59/><D68/><U126/><E126/><N who="3" m="48170" /><G20/><T43/><D43/><U86/><E86/><V40/><F34/><W44/><G44/><T22/><D72/><U84/><E84/><V115/><F27/><W36/><G30/><T25/><D101/><U16/><REACH who="1" step="1"/><E102/><REACH who="1" ten="430,228,102,230" step="2"/><V14/><F14/><N who="3" m="5383" /><G36/><T45/><D45/><U21/><E21/><N who="2" m="11487" /><F79/><W2/><G2/><T95/><D80/><U32/><E32/><V119/><F119/><W12/><G12/><T51/><D22/><U125/><E125/><V42/><F96/><W129/><G129/><T0/><D0/><U67/><E67/><V110/><F98/><W29/><G83/><T77/><D65/><U93/><AGARI ba="0,1" hai="16,23,26,47,48,52,54,56,60,93,99,100,105,106" machi="93" ten="20,8000,1" yaku="1,1,0,1,7,1,54,2,53,0" doraHai="109" doraHaiUra="114" who="1" fromWho="1" sc="430,-20,228,90,102,-20,230,-40" /><INIT seed="4,0,0,3,1,57" ten="410,318,82,190" oya="0" hai0="88,18,7,12,103,66,32,73,6,43,108,122,26" hai1="19,16,81,70,85,10,9,39,82,11,69,48,134" hai2="25,31,41,46,67,94,121,113,52,0,114,63,34" hai3="51,92,76,68,80,30,49,40,96,58,109,116,129"/><T50/><D122/><U135/><E39/><V38/><F121/><W65/><G129/><T62/><D73/><U77/><E48/><V42/><F0/><W90/><G109/><T47/><D103/><U125/><E125/><V45/><F94/><W14/><G116/><T127/><D127/><U72/><E70/><V27/><F27/><W118/><G118/><T79/><D79/><U86/><E69/><V93/><F93/><W119/><G119/><T13/><D13/><U22/><E72/><V115/><F52/><W91/><G68/><T17/><D108/><U101/><E101/><V4/><F4/><W29/><G91/><T107/><D107/><U89/><REACH who="1" step="1"/><E22/><REACH who="1" ten="410,308,82,190" step="2"/><V2/><F2/><W87/><G51/><T60/><D32/><U133/><AGARI ba="0,1" hai="9,10,11,16,19,77,81,82,85,86,89,133,134,135" machi="133" ten="40,8000,1" yaku="1,1,2,1,0,1,20,1,54,1,53,0" doraHai="57" doraHaiUra="95" who="1" fromWho="1" sc="410,-40,308,90,82,-20,190,-20" /><INIT seed="5,0,0,5,3,20" ten="370,398,62,170" oya="1" hai0="10,45,75,123,6,79,77,11,102,111,104,59,100" hai1="46,13,96,95,98,16,64,118,1,47,127,8,101" hai2="122,49,5,99,3,128,132,9,38,24,44,107,12" hai3="39,134,117,21,97,0,72,32,70,71,19,130,48"/><U7/><E118/><V22/><F122/><W23/><G39/><T93/><D104/><U81/><E127/><V61/><F132/><W120/><G134/><T65/><D111/><U54/><E64/><V69/><F128/><W109/><G32/><T84/><D75/><U114/><E114/><V30/><F38/><W29/><G0/><T33/><D33/><U86/><E96/><V58/><F69/><W40/><G109/><T74/><D74/><U89/><REACH who="1" step="1"/><E54/><REACH who="1" ten="370,388,62,170" step="2"/><V52/><F107/><W83/><G117/><T51/><D123/><U31/><E31/><V4/><F99/><W37/><G29/><T68/><D68/><U106/><E106/><V105/><F105/><W27/><G97/><N who="0" m="59439" /><D102/><U92/><E92/><V43/><REACH who="2" step="1"/><F3/><REACH who="2" ten="370,388,52,170" step="2"/><W103/><G71/><T26/><D65/><U121/><E121/><V80/><F80/><W25/><G70/><T78/><D78/><U90/><E90/><V56/><F56/><W126/><G83/><N who="0" m="47215" /><D59/><U110/><E110/><V53/><F53/><W94/><G120/><T112/><D112/><U91/><E91/><V73/><F73/><W124/><G72/><T85/><D79/><U14/><E14/><V67/><F67/><W87/><G126/><T82/><D82/><U119/><E119/><V60/><F60/><W50/><G124/><T36/><D85/><U42/><E42/><V129/><F129/><W88/><G130/><T34/><D45/><U63/><E63/><V55/><F55/><W125/><G125/><T57/><D57/><U62/><E62/><V108/><F108/><W15/><G103/><T18/><D36/><RYUUKYOKU ba="0,2" sc="370,-15,388,15,52,15,170,-15" hai1="1,7,8,13,16,46,47,81,86,89,95,98,101" hai2="4,5,9,12,22,24,30,43,44,49,52,58,61" /><INIT seed="5,1,2,2,0,83" ten="355,403,67,155" oya="1" hai0="118,59,94,77,12,114,113,134,132,17,91,11,0" hai1="9,88,7,44,56,18,90,95,16,50,103,98,60" hai2="43,33,58,130,70,99,72,92,86,131,100,27,81" hai3="115,63,105,25,89,121,122,28,48,96,76,124,61"/><U54/><E90/><V71/><F43/><W40/><G115/><N who="0" m="44043" /><D118/><U84/><E7/><V2/><F2/><W104/><G124/><T15/><D77/><U111/><E9/><V125/><F125/><W68/><G76/><T14/><D59/><U64/><E111/><V13/><F72/><W20/><G105/><AGARI ba="1,2" hai="16,18,44,50,54,56,60,64,84,88,95,98,103,105" machi="105" ten="30,11600,0" yaku="7,1,52,1,54,2" doraHai="83" who="1" fromWho="3" sc="355,0,403,139,67,0,155,-119" /><INIT seed="5,2,0,4,3,81" ten="355,542,67,36" oya="1" hai0="5,69,124,29,128,84,111,78,108,94,41,98,26" hai1="0,114,46,105,63,102,35,34,25,57,73,106,103" hai2="39,82,40,126,8,52,2,133,76,95,43,85,134" hai3="113,50,122,88,70,89,91,31,117,90,112,80,109"/><U20/><E0/><V18/><F126/><W116/><G70/><T47/><D124/><U129/><E73/><V19/><F39/><W104/><G31/><T17/><D69/><U30/><E114/><N who="3" m="44138" /><G50/><T3/><D128/><U58/><E129/><V107/><F2/><W38/><G38/><T59/><D17/><N who="2" m="6154" /><F8/><W123/><G104/><T79/><D59/><U13/><E46/><V22/><F107/><W45/><G45/><T127/><D127/><U99/><E13/><V4/><F4/><W10/><G10/><T11/><D78/><U77/><E77/><V53/><F22/><W32/><G32/><T96/><D108/><U120/><E120/><N who="3" m="46122" /><G109/><T92/><D111/><U121/><E121/><V61/><F61/><W23/><G23/><T7/><D7/><U28/><E30/><V119/><F40/><W68/><G68/><T21/><D94/><U42/><E42/><V36/><F43/><W44/><G44/><T75/><D92/><U100/><E58/><V33/><F33/><W67/><G67/><T12/><D3/><U56/><E56/><V1/><F1/><W72/><G72/><T87/><D75/><U93/><E106/><V51/><F36/><W9/><G9/><T115/><D115/><U125/><E105/><V16/><F16/><W132/><G132/><N who="2" m="50793" /><F51/><W60/><G60/><T55/><D41/><U48/><E48/><V110/><F110/><W131/><G131/><T118/><D47/><U101/><E125/><V6/><F6/><W54/><G54/><N who="2" m="21097" /><F119/><W66/><G66/><T15/><D118/><U37/><E37/><V74/><F74/><RYUUKYOKU ba="2,0" sc="355,-30,542,10,67,10,36,10" hai1="20,25,28,34,35,57,63,93,99,100,101,102,103" hai2="76,82,85,95" hai3="80,88,89,90,91,116,117" /><INIT seed="5,3,0,1,2,93" ten="325,552,77,46" oya="1" hai0="134,123,45,132,42,11,122,31,9,97,84,127,51" hai1="71,48,82,19,47,2,10,14,72,61,63,54,33" hai2="59,70,114,0,46,39,29,49,25,55,27,53,94" hai3="129,40,86,3,60,56,120,66,88,4,131,107,111"/><U92/><E33/><V32/><F70/><W36/><G120/><N who="0" m="46123" /><D84/><U69/><E2/><V34/><F0/><W96/><G111/><T1/><D31/><U6/><E6/><V106/><F106/><W90/><G4/><N who="0" m="1167" /><D11/><U100/><E71/><V52/><F114/><W8/><G8/><T83/><D83/><U110/><E69/><V128/><F128/><N who="3" m="49227" /><G3/><T18/><D18/><U16/><E110/><V85/><F39/><W101/><G86/><T12/><D12/><U7/><E72/><V20/><F27/><W22/><G22/><T125/><D97/><N who="1" m="59431" /><E82/><V99/><F85/><W116/><G116/><T81/><D81/><U112/><E112/><V130/><F130/><W67/><G67/><T37/><D51/><U109/><E109/><V43/><REACH who="2" step="1"/><F59/><REACH who="2" ten="325,552,67,46" step="2"/><W117/><G117/><T65/><D65/><U5/><E14/><V76/><F76/><W58/><G56/><T89/><D89/><AGARI ba="3,1" hai="20,25,29,32,34,43,46,49,52,53,55,89,94,99" machi="89" ten="40,5200,0" yaku="1,1,52,1,54,1,53,0" doraHai="93" doraHaiUra="126" who="2" fromWho="0" sc="325,-61,552,0,67,71,46,0" /><INIT seed="6,0,0,0,2,105" ten="264,552,138,46" oya="2" hai0="50,65,94,73,103,102,85,46,49,17,75,3,116" hai1="108,70,40,133,53,83,118,100,68,35,43,120,34" hai2="77,6,29,26,123,21,76,91,93,48,78,57,61" hai3="30,27,110,113,15,98,129,128,33,28,87,125,86"/><V112/><F112/><W119/><G119/><T92/><D3/><U117/><E108/><V81/><F123/><W39/><G39/><T0/><D0/><U7/><E100/><V44/><F6/><W99/><G110/><T38/><D65/><U84/><E7/><V24/><F24/><W2/><G2/><T14/><D38/><U132/><E53/><V9/><F9/><W25/><G15/><T47/><D85/><U5/><E5/><V52/><F81/><W54/><G113/><T71/><D14/><U95/><E84/><V104/><F104/><W127/><REACH who="3" step="1"/><G54/><REACH who="3" ten="264,552,138,36" step="2"/><T109/><D109/><U90/><E118/><V72/><F72/><W1/><G1/><T8/><D116/><U130/><E117/><V69/><F69/><W12/><G12/><T18/><D8/><U79/><E70/><AGARI ba="0,1" hai="17,18,46,47,49,50,70,71,73,75,92,94,102,103" machi="70" ten="25,6400,0" yaku="22,2,52,2" doraHai="105" who="0" fromWho="1" sc="264,74,552,-64,138,0,36,0" /><INIT seed="7,0,0,4,0,22" ten="338,488,138,36" oya="3" hai0="90,70,121,40,38,15,96,30,126,3,83,106,73" hai1="51,29,86,0,134,28,109,89,117,74,14,81,6" hai2="87,82,97,44,5,18,69,104,76,60,61,133,113" hai3="21,24,48,129,45,88,23,123,58,114,111,49,71"/><W9/><G123/><T16/><D121/><U65/><E109/><V26/><F69/><W4/><G71/><T72/><D70/><U127/><E0/><V36/><F133/><W2/><G129/><T34/><D3/><U108/><E108/><V39/><F113/><W122/><G114/><T80/><D126/><U128/><E134/><V43/><F39/><W47/><G122/><T85/><D80/><U105/><E105/><V8/><F104/><W112/><G112/><T115/><D115/><U35/><E128/><V103/><F103/><W46/><G111/><T31/><D31/><U11/><E127/><V66/><F97/><W64/><G88/><T77/><D38/><U32/><E117/><V132/><F66/><W13/><G2/><T54/><D40/><U116/><E65/><V110/><F110/><W27/><G64/><T57/><D106/><U101/><E101/><V107/><F107/><W94/><G94/><T125/><D125/><U17/><E116/><V63/><F132/><W20/><G58/><T119/><D119/><U91/><E74/><V10/><F5/><W52/><G47/><T98/><D72/><U102/><E102/><V53/><F53/><AGARI ba="0,0" hai="4,9,13,20,21,23,24,27,45,46,48,49,52,53" machi="53" ten="40,12000,1" yaku="9,1,8,1,52,2,54,1" doraHai="22" who="3" fromWho="2" sc="338,0,488,0,138,-120,36,120" /><INIT seed="7,1,0,4,1,59" ten="338,488,18,156" oya="3" hai0="87,22,10,82,57,132,60,121,37,2,50,90,127" hai1="31,76,52,116,108,107,93,44,7,113,4,83,95" hai2="26,24,19,126,69,105,106,30,64,62,35,78,63" hai3="12,65,56,27,43,54,96,49,94,79,8,99,115"/><W16/><G115/><T75/><D37/><U125/><E113/><V72/><F126/><W28/><G43/><T58/><D75/><U135/><E107/><V6/><F19/><W51/><G51/><T47/><D121/><U25/><E125/><V98/><F26/><W48/><G48/><T40/><D127/><U85/><E108/><V46/><F46/><W66/><G79/><T13/><D132/><U15/><E135/><V110/><F110/><W103/><REACH who="3" step="1"/><G99/><REACH who="3" ten="338,488,18,146" step="2"/><T117/><D117/><U133/><E133/><V70/><F6/><W97/><G97/><T38/><D38/><U74/><E116/><V53/><F98/><W11/><G11/><T34/><D34/><AGARI ba="1,1" hai="8,12,16,27,28,34,49,54,56,65,66,94,96,103" machi="34" ten="30,11600,0" yaku="1,1,7,1,54,1,53,1" doraHai="59" doraHaiUra="92" who="3" fromWho="0" sc="338,-119,488,0,18,0,146,129" /><INIT seed="7,2,0,0,2,14" ten="219,488,18,275" oya="3" hai0="24,46,93,114,116,70,36,15,18,26,88,49,124" hai1="107,45,96,23,102,126,85,118,6,83,27,87,38" hai2="84,65,51,20,94,131,30,82,67,1,133,103,9" hai3="3,121,120,4,25,44,109,59,22,113,80,17,99"/><W56/><G109/><T79/><D116/><U97/><E118/><V31/><F133/><W73/><G113/><T128/><D36/><U110/><E110/><V61/><F131/><W47/><G3/><T74/><D70/><U98/><E126/><V105/><F105/><W119/><G4/><T125/><D128/><U104/><E6/><V8/><F1/><W90/><G119/><T78/><D74/><U48/><E38/><V132/><F132/><W57/><G73/><T60/><D60/><U95/><E107/><V50/><F82/><W10/><G10/><T72/><D72/><U11/><E11/><V75/><F75/><W117/><G117/><T0/><D0/><U7/><E7/><V58/><F84/><N who="1" m="32329" /><E83/><V5/><F5/><W86/><REACH who="3" step="1"/><G99/><REACH who="3" ten="219,488,18,265" step="2"/><N who="0" m="57767" /><D114/><U122/><E122/><AGARI ba="2,1" hai="17,22,25,44,47,56,57,59,80,86,90,120,121,122" machi="122" ten="40,7700,0" yaku="1,1,52,1,53,1" doraHai="14" doraHaiUra="19" who="3" fromWho="1" sc="219,0,488,-83,18,0,265,93" /><INIT seed="7,3,0,0,1,128" ten="219,405,18,358" oya="3" hai0="73,44,36,31,72,16,75,92,129,2,0,7,85" hai1="43,56,88,62,40,82,101,96,57,24,30,22,66" hai2="64,20,107,13,116,81,23,77,89,59,37,99,39" hai3="123,14,4,12,45,108,6,134,25,33,38,9,78"/><W126/><G123/><T117/><D117/><U84/><E57/><V21/><F116/><W41/><G108/><T71/><D129/><U32/><E32/><V95/><F39/><W131/><G131/><T19/><D71/><U83/><E83/><V133/><F133/><W113/><G113/><T100/><D31/><U69/><E69/><V93/><F37/><W118/><G118/><T55/><D100/><U50/><E50/><V61/><F107/><AGARI ba="3,0" hai="22,24,30,40,43,56,62,66,82,84,88,96,101,107" machi="107" ten="30,2000,0" yaku="7,1,54,1" doraHai="128" who="1" fromWho="2" sc="219,0,405,29,18,-29,358,0" owari="219,-18.0,434,53.0,-11,-51.0,358,16.0" /></mjloggm>