<mjloggm ver="2.3"><GO type="41"/><UN n0="%EF%BC%AF%EF%BC%BA" n1="%E6%9E%9A%E6%96%B9%E3%81%9D%E3%82%93%E3%81%9D%E3%82%93" n2="%EF%BC%88%E2%89%A7%E2%96%BD%E2%89%A6%EF%BC%89" n3="%4B%69%53%68%69%6D%40" dan="15,14,14,14" rate="2035,1917,2029,1990" sx="F,M,M,M"/><TAIKYOKU oya="0"/><INIT seed="0,0,0,4,0,8" ten="250,250,250,250" oya="0" hai0="122,50,37,126,21,84,123,69,22,91,133,73,66" hai1="70,18,58,11,62,119,53,42,129,6,35,80,13" hai2="112,65,92,49,54,97,114,26,31,127,107,20,14" hai3="113,94,0,110,33,27,82,98,105,29,88,2,7"/><T93/><D73/><U1/><E35/><V75/><F127/><W17/><G113/><T59/><D37/><U132/><E119/><V101/><F75/><W131/><G105/><T19/><D126/><U36/><E70/><V116/><F116/><W23/><G110/><T76/><D69/><U117/><E117/><V56/><F107/><W86/><G131/><T9/><D76/><U104/><E104/><V78/><F78/><W135/><G135/><T102/><D102/><U118/><E118/><V108/><F108/><W10/><G0/><T34/><D34/><U39/><E129/><V24/><F24/><W100/><REACH who="3" step="1"/><G33/><REACH who="3" step="2"/><T89/><D133/><U4/><E132/><V38/><F38/><W48/><G48/><T63/><D50/><U103/><E36/><V43/><F43/><W40/><G40/><T52/><D123/><U68/><E39/><V67/><F114/><W64/><G64/><T106/><D106/><U51/><E42/><V81/><F112/><W12/><G12/><N who="0" m="7567" /><D122/><U74/><E1/><V5/><F67/><W16/><AGARI ba="0,1" hai="2,7,10,16,17,23,27,29,82,86,88,94,98,100" machi="16" ten="30,7900,0" yaku="1,1,0,1,54,2,53,0" doraHai="8" doraHaiUra="130" who="3" fromWho="3" sc="250,-39,250,-20,250,-20,240,89" /><INIT seed="1,0,0,5,3,60" ten="211,230,230,329" oya="1" hai0="97,76,67,127,90,123,8,20,120,122,25,23,33" hai1="26,129,68,55,128,102,9,19,130,79,69,103,87" hai2="58,39,83,116,124,2,126,37,92,64,0,41,18" hai3="125,114,96,4,51,131,27,132,43,115,11,85,75"/><U118/><E118/><V34/><F116/><W17/><G75/><T14/><D76/><U63/><E79/><V42/><F34/><W81/><G125/><N who="2" m="48233" /><F83/><W95/><G131/><T61/><D127/><U24/><E87/><V106/><F106/><W135/><G17/><T133/><D133/><N who="3" m="51273" /><G27/><N who="1" m="10282" /><E19/><V89/><F18/><W84/><G43/><N who="2" m="16393" /><F58/><W12/><G81/><T99/><D33/><U119/><E9/><V107/><F107/><W108/><G11/><T72/><D72/><U134/><E119/><V78/><F78/><W91/><G4/><N who="0" m="3335" /><D90/><U53/><E134/><V65/><F37/><W71/><G91/><T73/><D73/><U113/><E113/><V29/><F29/><W109/><G114/><T104/><D104/><U111/><E111/><V35/><F35/><W38/><G109/><T50/><D25/><U101/><E63/><V49/><F39/><W47/><G38/><T77/><D77/><U98/><E98/><N who="0" m="37385" /><D50/><U3/><E3/><N who="2" m="1067" /><F49/><W86/><G51/><T48/><D48/><U59/><E59/><AGARI ba="0,0" hai="20,23,59,61,67,120,122,123" m="37385,3335" machi="59" ten="30,2000,0" yaku="13,1,52,1" doraHai="60" who="0" fromWho="1" sc="211,20,230,-20,230,0,329,0" /><INIT seed="2,0,0,5,2,40" ten="231,210,230,329" oya="2" hai0="45,89,27,87,78,134,24,76,115,100,54,113,55" hai1="97,62,124,35,112,93,119,49,25,32,130,116,10" hai2="109,39,108,127,106,94,0,46,121,80,57,90,104" hai3="41,30,4,95,11,135,92,98,16,19,2,118,65"/><V13/><F121/><W29/><G118/><T51/><D100/><U36/><E112/><V26/><F0/><W64/><G135/><T74/><D134/><U120/><E36/><V42/><F127/><W91/><G41/><T37/><D37/><U75/><E120/><V43/><F43/><W122/><G122/><T66/><D66/><U86/><E75/><V123/><F123/><W107/><G107/><T85/><D74/><U68/><E124/><V20/><F13/><W132/><G132/><T96/><D96/><U58/><E130/><V50/><F80/><W83/><G83/><T111/><D111/><N who="2" m="42570" /><F57/><W9/><G19/><T99/><D99/><U38/><E38/><V18/><F39/><W103/><G29/><T105/><D105/><U88/><E68/><V56/><F56/><W114/><G114/><T133/><D133/><U5/><E49/><V84/><AGARI ba="0,0" hai="18,20,26,42,46,50,84,90,94,104,106" m="42570" machi="84" ten="30,6000,0" yaku="14,1,10,1,52,1" doraHai="40" who="2" fromWho="2" sc="231,-20,210,-20,230,60,329,-20" /><INIT seed="2,1,0,3,1,92" ten="211,190,290,309" oya="2" hai0="120,74,23,91,76,37,30,48,103,66,133,13,124" hai1="73,3,20,0,2,110,125,62,87,40,38,64,82" hai2="26,135,7,102,111,22,49,101,88,44,132,83,19" hai3="57,112,71,4,75,63,90,97,122,18,43,119,58"/><V117/><F117/><W46/><G119/><T93/><D37/><U11/><E73/><V6/><F111/><W126/><G122/><T69/><D120/><U17/><E110/><V54/><F135/><W116/><G116/><T128/><D133/><U99/><E125/><V105/><F132/><W114/><G75/><T79/><D74/><U50/><E38/><V80/><F105/><W85/><G4/><N who="2" m="1577" /><F80/><N who="3" m="49447" /><G126/><T51/><D103/><U118/><E118/><V123/><F123/><W109/><G109/><T56/><D69/><U115/><E115/><N who="3" m="44074" /><G18/><T52/><D124/><U15/><E99/><V78/><F78/><W35/><G35/><T129/><D76/><U28/><E40/><V70/><F70/><W77/><G77/><T108/><D79/><U98/><E50/><V106/><F106/><W94/><G63/><T86/><D108/><U59/><E98/><V84/><AGARI ba="1,0" hai="19,22,26,44,49,54,83,84,88,101,102" m="1577" machi="84" ten="30,3000,0" yaku="8,1,54,1" doraHai="92" who="2" fromWho="2" sc="211,-11,190,-11,290,33,309,-11" /><INIT seed="2,2,0,2,0,126" ten="200,179,323,298" oya="2" hai0="35,46,71,105,50,43,28,112,70,26,49,98,125" hai1="110,118,120,111,65,32,24,60,89,85,3,107,96" hai2="2,54,39,132,82,121,131,91,86,80,123,115,10" hai3="76,16,103,48,127,104,7,42,97,45,109,25,95"/><V117/><F39/><W53/><G127/><T83/><D112/><U52/><E118/><V119/><F54/><W67/><G67/><T106/><D125/><U77/><E3/><V31/><F31/><W99/><G109/><N who="1" m="41482" /><E120/><N who="2" m="46155" /><F10/><W15/><G76/><T68/><D98/><U101/><E32/><V135/><F2/><W63/><G25/><T130/><D83/><N who="2" m="31786" /><F115/><W59/><G7/><T134/><D134/><N who="2" m="51242" /><F131/><W30/><G30/><T8/><D130/><U22/><E77/><V21/><F21/><W12/><G16/><T122/><D122/><U114/><E114/><V23/><F23/><W87/><G12/><T73/><D8/><U37/><E37/><V17/><F17/><W13/><G13/><T1/><D1/><U9/><E9/><V90/><F86/><W75/><G15/><T41/><D73/><U88/><E85/><V56/><F56/><W116/><G75/><T55/><D55/><U14/><E14/><V133/><N who="2" m="51250" /><V38/><DORA hai="58" /><F38/><W129/><G129/><T5/><D5/><U57/><E65/><V61/><F61/><W18/><G18/><AGARI ba="2,0" hai="18,22,24,52,57,60,88,89,96,101,107" m="41482" machi="18" ten="30,7700,0" yaku="14,1,52,1,54,2" doraHai="126,58" who="1" fromWho="3" sc="200,0,179,83,323,0,298,-83" /><INIT seed="3,0,0,0,3,48" ten="200,262,323,215" oya="3" hai0="73,46,115,94,100,23,86,98,4,125,79,17,123" hai1="119,99,90,71,103,63,105,25,70,57,89,6,117" hai2="2,1,133,44,37,5,58,56,29,52,0,82,113" hai3="9,49,134,55,10,91,32,14,11,28,45,126,39"/><W77/><G77/><T22/><D123/><U15/><E25/><V43/><F113/><W92/><G134/><T112/><D4/><U35/><E35/><V111/><F133/><W118/><G118/><N who="1" m="45066" /><E15/><V124/><F124/><W60/><G126/><T26/><D73/><U85/><E6/><V88/><F111/><W95/><G39/><T19/><D125/><U33/><E33/><V36/><F36/><W7/><G92/><T18/><D46/><U27/><E27/><V72/><F29/><W109/><G109/><T114/><D23/><U64/><E89/><V61/><F58/><N who="3" m="34911" /><G28/><T74/><D74/><U102/><E102/><V130/><F130/><W13/><G32/><T131/><D131/><U106/><E106/><V53/><F53/><N who="3" m="29871" /><G7/><T135/><D135/><U83/><AGARI ba="0,0" hai="57,63,64,70,71,83,85,90,99,103,105" m="45066" machi="83" ten="30,1100,0" yaku="12,1" doraHai="48" who="1" fromWho="1" sc="200,-3,262,11,323,-3,215,-5" /><INIT seed="4,0,0,3,0,88" ten="197,273,320,210" oya="0" hai0="102,122,114,70,10,18,0,99,14,47,83,8,13" hai1="64,9,19,81,73,128,98,71,22,118,24,134,79" hai2="127,116,103,87,130,84,78,34,115,74,108,68,12" hai3="5,82,20,42,53,112,2,63,11,129,109,72,25"/><T35/><D122/><U121/><E118/><V28/><F108/><W1/><G109/><T119/><D119/><U97/><E121/><V17/><F116/><W94/><G42/><T41/><D70/><U93/><E128/><V50/><F68/><W58/><G129/><T65/><D35/><U135/><E71/><V86/><F130/><W80/><G112/><T45/><D0/><U55/><E64/><V92/><F115/><W52/><G1/><T54/><D65/><U106/><E9/><V36/><F36/><W49/><G72/><T62/><D83/><U124/><E124/><V31/><F127/><W100/><G100/><T117/><D114/><U6/><E6/><V51/><F74/><W38/><G38/><T61/><D41/><U27/><E106/><V76/><F34/><W59/><REACH who="3" step="1"/><G94/><REACH who="3" step="2"/><N who="0" m="58743" /><D117/><U37/><E37/><V29/><F92/><W110/><G110/><T126/><D126/><U90/><E55/><V120/><F103/><W23/><G23/><T91/><D91/><U4/><E97/><V123/><F123/><W7/><G7/><N who="0" m="3295" /><D54/><U131/><E4/><V57/><F120/><W21/><G21/><T66/><D66/><U3/><E131/><V77/><F57/><W48/><G48/><T26/><D26/><N who="1" m="14687" /><E3/><V96/><F96/><W32/><G32/><T107/><D107/><U85/><E73/><V56/><F56/><W39/><G39/><T15/><D14/><U111/><E111/><V101/><F101/><W44/><G44/><AGARI ba="0,1" hai="8,15,18,44,45,47,61,62" m="3295,58743" machi="44" ten="30,2900,0" yaku="8,1,52,1" doraHai="88" who="0" fromWho="3" sc="197,39,273,0,320,0,200,-29" /><INIT seed="4,1,0,5,5,117" ten="236,273,320,171" oya="0" hai0="107,96,120,40,4,69,84,15,0,1,44,74,34" hai1="35,97,68,116,33,108,87,39,130,77,59,133,105" hai2="80,82,72,127,22,112,104,14,110,88,12,125,95" hai3="13,101,48,89,50,19,2,129,64,42,65,37,62"/><T85/><D74/><U53/><E39/><V134/><F110/><W3/><G101/><T47/><D69/><U54/><E116/><V20/><F104/><W26/><G129/><T38/><D34/><U79/><E68/><V93/><F134/><W61/><G26/><T131/><D131/><U18/><E130/><V70/><F70/><W128/><G128/><T100/><D120/><U17/><E133/><V114/><F72/><W99/><G37/><T91/><D44/><U52/><E108/><V109/><F109/><W76/><G76/><T55/><D55/><U41/><E41/><V102/><F102/><W6/><G6/><T9/><REACH who="0" step="1"/><D85/><REACH who="0" step="2"/><U7/><E54/><V67/><F67/><W73/><G73/><T115/><D115/><U25/><E53/><V135/><F135/><W98/><G42/><T132/><D132/><U5/><E33/><V27/><F114/><W119/><G119/><T31/><D31/><U92/><E35/><V16/><F112/><W106/><G64/><T63/><D63/><U113/><E113/><V57/><F125/><W86/><G65/><T32/><D32/><U46/><E87/><N who="2" m="52383" /><F127/><W56/><G86/><T122/><D122/><U29/><E46/><V123/><F123/><W11/><G61/><T10/><D10/><U75/><E29/><V45/><F45/><W103/><G62/><T71/><D71/><U58/><E75/><V126/><F126/><W36/><G11/><T118/><D118/><U124/><E124/><V60/><F60/><W43/><G43/><T23/><D23/><U90/><E52/><V51/><F22/><RYUUKYOKU ba="1,1" sc="226,30,273,-10,320,-10,171,-10" hai0="0,1,4,9,15,38,40,47,84,91,96,100,107" /><INIT seed="4,2,1,4,0,43" ten="256,263,310,161" oya="0" hai0="118,69,129,117,71,73,125,37,92,77,101,94,131" hai1="128,76,27,132,12,39,56,6,115,58,112,130,40" hai2="32,80,122,14,30,83,95,35,36,34,2,113,20" hai3="3,42,66,8,19,65,87,98,44,10,46,121,119"/><T82/><D125/><U72/><E27/><V48/><F122/><W11/><G119/><T107/><D37/><U111/><E111/><V126/><F126/><W1/><G121/><T31/><D31/><U116/><E116/><N who="0" m="44649" /><D69/><U70/><E70/><V81/><F36/><W22/><G98/><N who="0" m="61879" /><D71/><U88/><E72/><V105/><F105/><W38/><G87/><T90/><D94/><U29/><E76/><V133/><F2/><W106/><G106/><T100/><D100/><U28/><E88/><V103/><F103/><W26/><REACH who="3" step="1"/><G44/><REACH who="3" step="2"/><T86/><AGARI ba="2,2" hai="73,77,82,86,90,92,129,131" m="61879,44649" machi="86" ten="30,6000,0" yaku="24,1,34,2" doraHai="43" who="0" fromWho="0" sc="256,86,263,-22,310,-22,151,-22" /><INIT seed="4,3,0,5,3,48" ten="342,241,288,129" oya="0" hai0="63,127,34,87,81,14,35,0,102,55,10,57,73" hai1="94,29,40,31,125,84,126,36,74,112,109,32,54" hai2="78,26,8,85,128,110,60,129,114,134,12,28,18" hai3="131,111,23,95,117,44,2,50,103,16,96,25,113"/><T116/><D0/><U52/><E109/><V82/><F110/><W56/><G111/><T58/><D116/><U124/><E74/><V132/><F60/><W17/><G117/><T38/><D38/><U68/><E68/><V72/><F72/><W83/><G2/><T92/><D73/><U115/><E36/><V104/><F104/><W45/><G113/><N who="1" m="43594" /><E40/><V75/><F75/><W4/><G131/><T91/><D102/><U59/><E32/><V7/><F7/><W69/><G69/><T130/><D127/><U11/><E11/><V120/><F120/><W19/><G4/><T133/><D133/><N who="2" m="51306" /><F114/><W22/><G83/><T21/><D21/><AGARI ba="3,0" hai="8,12,18,21,26,28,78,82,85,128,129" m="51306" machi="21" ten="30,1000,0" yaku="20,1" doraHai="48" who="2" fromWho="0" sc="342,-19,241,0,288,19,129,0" /><INIT seed="5,0,0,5,3,33" ten="323,241,307,129" oya="1" hai0="70,27,115,4,48,102,81,77,85,62,49,67,71" hai1="109,69,128,113,63,41,18,20,38,132,103,135,93" hai2="125,51,64,26,68,101,59,17,47,43,34,122,57" hai3="11,52,75,0,37,15,60,108,76,79,110,73,124"/><U19/><E109/><V40/><F122/><W86/><G37/><T104/><D70/><U127/><E113/><V129/><F125/><W114/><G114/><T97/><D115/><U35/><E35/><V74/><F129/><W100/><G124/><T31/><D4/><U72/><E127/><V53/><F74/><W134/><G134/><N who="1" m="51242" /><E72/><V105/><F17/><W36/><G36/><T106/><D104/><U30/><E128/><V13/><F13/><W10/><G100/><T24/><D24/><N who="1" m="16647" /><E38/><V121/><F121/><W5/><G86/><T44/><D44/><U12/><E41/><N who="2" m="15947" /><F26/><W2/><G15/><T29/><D29/><U56/><E69/><V16/><F34/><AGARI ba="0,0" hai="27,31,34,48,49,62,67,71,77,81,85,97,102,106" machi="34" ten="30,3900,0" yaku="7,1,25,2" doraHai="33" who="0" fromWho="2" sc="323,39,241,0,307,-39,129,0" /><INIT seed="6,0,0,4,3,92" ten="362,241,268,129" oya="2" hai0="38,128,53,102,68,127,6,121,21,51,105,18,35" hai1="118,126,56,31,28,11,99,59,130,131,80,48,110" hai2="101,7,0,47,83,46,25,69,95,85,14,86,119" hai3="107,40,79,5,87,106,93,32,97,17,9,98,124"/><V1/><F119/><W2/><G32/><T88/><D38/><U94/><E118/><V27/><F69/><W58/><G124/><T120/><D35/><U109/><E126/><V55/><F0/><W114/><G40/><T60/><D128/><N who="1" m="49195" /><E80/><V52/><F1/><W70/><G70/><T29/><D127/><U74/><E11/><N who="2" m="4479" /><F46/><W90/><G114/><T49/><D29/><N who="1" m="11339" /><E74/><V3/><F3/><W15/><G58/><N who="1" m="22058" /><E48/><N who="2" m="28703" /><F55/><W117/><G117/><T116/><D53/><U89/><AGARI ba="0,0" hai="89,94,99,109,110" m="22058,11339,49195" machi="89" ten="30,2000,0" yaku="19,1,52,1" doraHai="92" who="1" fromWho="1" sc="362,-5,241,20,268,-10,129,-5" /><INIT seed="7,0,0,0,5,41" ten="357,261,258,124" oya="3" hai0="49,47,76,84,83,135,74,93,23,89,5,125,101" hai1="127,48,2,64,113,7,55,107,26,133,11,58,70" hai2="54,37,4,109,31,59,114,50,33,129,30,25,67" hai3="10,105,53,134,81,39,86,78,128,15,44,124,65"/><W51/><G124/><T100/><D125/><U18/><E127/><V110/><F37/><W131/><G134/><T117/><D117/><U132/><E133/><V3/><F129/><W97/><G65/><T116/><D116/><U20/><E132/><V80/><F114/><W6/><REACH who="3" step="1"/><G39/><REACH who="3" step="2"/><T91/><D135/><U72/><E64/><V1/><F67/><W63/><G63/><T16/><D49/><U56/><E113/><V90/><F50/><W130/><G130/><T75/><D75/><U79/><E72/><V115/><F115/><W8/><G8/><T123/><D74/><U94/><E48/><V104/><F110/><W103/><AGARI ba="0,1" hai="6,10,15,44,51,53,78,81,86,97,103,105,128,131" machi="103" ten="30,11700,0" yaku="1,1,0,1,52,1,53,1" doraHai="41" doraHaiUra="99" who="3" fromWho="3" sc="357,-39,261,-39,258,-39,114,127" /><INIT seed="7,1,0,3,5,45" ten="318,222,219,241" oya="3" hai0="52,22,83,51,107,12,96,3,118,47,50,44,125" hai1="48,29,131,38,126,75,117,122,61,116,57,97,58" hai2="67,8,14,130,93,108,35,37,105,70,20,132,55" hai3="111,56,123,30,62,81,134,0,19,79,66,102,2"/><W18/><G123/><T72/><D3/><U34/><E122/><V15/><F108/><W32/><G134/><T76/><D118/><N who="1" m="45675" /><E38/><V43/><F105/><W10/><G111/><T112/><D112/><U86/><E75/><V85/><F35/><W11/><G102/><T124/><D107/><U113/><E113/><V88/><F132/><W63/><G32/><T28/><D96/><U21/><E126/><N who="0" m="48745" /><D28/><U64/><E34/><V4/><F130/><W109/><G30/><T1/><D1/><U26/><E131/><V120/><F120/><W100/><G109/><T110/><D110/><U5/><E5/><V17/><F55/><W65/><G100/><T59/><D50/><U127/><E127/><V24/><F24/><W54/><G0/><T25/><D25/><U114/><E114/><V128/><F128/><W98/><G98/><T60/><D60/><U71/><E97/><V49/><F37/><W33/><G2/><T84/><D72/><U135/><E135/><V27/><F27/><W101/><G62/><T89/><D76/><U39/><E86/><V133/><F133/><W129/><G129/><T92/><D83/><U68/><E39/><V9/><F9/><N who="3" m="3083" /><G33/><T121/><D121/><U31/><E31/><V16/><F4/><W115/><G115/><T90/><D90/><U36/><E36/><V103/><F103/><W73/><G101/><T6/><D6/><U13/><E13/><V53/><F43/><W94/><G94/><T104/><D104/><U42/><E42/><V40/><F40/><W74/><G74/><T69/><D69/><U95/><E95/><RYUUKYOKU ba="1,0" sc="318,10,222,10,219,-30,241,10" hai0="12,22,44,47,51,52,59,84,89,92" hai1="21,26,29,48,57,58,61,64,68,71" hai3="18,19,54,56,63,65,66,73,79,81" /><INIT seed="7,2,0,0,1,16" ten="328,232,189,251" oya="3" hai0="113,89,79,82,75,0,26,46,3,35,71,51,93" hai1="23,27,31,37,59,80,30,92,42,95,99,83,56" hai2="45,119,32,29,60,5,41,54,87,19,121,47,112" hai3="12,100,39,61,24,90,105,49,14,17,25,53,66"/><W11/><G39/><T133/><D71/><U127/><E127/><V116/><F119/><W65/><G105/><T76/><D76/><U129/><E37/><V134/><F116/><W102/><G90/><T84/><D113/><U118/><E42/><V7/><F112/><W70/><G65/><T110/><D110/><U122/><E122/><V40/><F121/><W33/><G14/><T73/><D73/><U117/><E129/><V64/><F134/><W36/><G36/><T72/><D72/><U86/><E118/><V74/><F74/><W22/><G33/><T98/><D75/><U85/><E117/><V96/><F96/><W55/><G25/><T123/><D133/><U103/><E92/><V2/><F87/><N who="1" m="33289" /><E31/><V21/><F54/><W68/><G68/><T91/><D79/><U63/><E59/><V69/><F41/><W62/><G62/><T4/><D51/><U109/><E109/><V1/><F1/><W13/><G13/><T10/><D3/><U38/><E38/><V135/><F135/><W101/><REACH who="3" step="1"/><G49/><REACH who="3" step="2"/><T126/><D123/><U94/><E95/><V111/><F111/><W107/><G107/><T52/><D26/><U78/><E78/><V120/><F120/><W34/><G34/><T131/><D93/><U97/><E99/><V124/><F124/><W44/><G44/><N who="2" m="16969" /><F2/><W67/><G67/><AGARI ba="2,1" hai="23,27,30,56,63,67,80,83,94,97,103" m="33289" machi="67" ten="30,3900,0" yaku="25,1,8,1,52,1" doraHai="16" who="1" fromWho="3" sc="328,0,232,55,189,0,241,-45" owari="328,42,287,9,189,-31,196,-20" /></mjloggm>