<mjloggm ver="2.3"><GO type="137"/><UN n0="%62%69%74%6F%6D%61" n1="%E3%81%BE%E3%81%8B%E3%82%8D%E3%81%AB%E3%81%90%E3%82%89%E3%81%9F%E3%82%93" n2="%EF%BC%88%E2%89%A7%E2%96%BD%E2%89%A6%EF%BC%89" n3="%67%75%61%62%61%73%73" dan="10,11,11,12" rate="1641,1710,1877,1666" sx="M,F,M,M"/><TAIKYOKU oya="0"/><INIT seed="0,0,0,5,1,124" ten="250,250,250,250" oya="0" hai0="88,28,44,102,10,37,20,45,125,83,105,60,107" hai1="70,36,87,19,94,53,75,108,3,4,80,131,96" hai2="15,13,118,66,132,23,50,120,30,9,113,52,69" hai3="40,101,65,18,58,21,122,61,25,73,7,106,78"/><T51/><D125/><U85/><E36/><V39/><F113/><W77/><G122/><T71/><D102/><U55/><E75/><V115/><F115/><W111/><G111/><T56/><D10/><U47/><E70/><V12/><F120/><W76/><G40/><T114/><D114/><U1/><E4/><V17/><F118/><W41/><G41/><T126/><D126/><U123/><E19/><V57/><F132/><W38/><G38/><T104/><D37/><U119/><E47/><V48/><F39/><W27/><G7/><T91/><D83/><U67/><E67/><V109/><F109/><W79/><G101/><T63/><D71/><U35/><E35/><V98/><F98/><W128/><G106/><T93/><D91/><U130/><E123/><V64/><F50/><W134/><G134/><T129/><D129/><N who="1" m="49163" /><E108/><V81/><F69/><W24/><G128/><T42/><D45/><U46/><E119/><V29/><F81/><W117/><G117/><T127/><D127/><U43/><E85/><V34/><F34/><W31/><G73/><T22/><D28/><N who="2" m="10858" /><F9/><W2/><G2/><N who="1" m="522" /><E43/><V100/><F100/><W14/><N who="3" m="19968" /><DORA hai="116" /><W26/><N who="3" m="6656" /><DORA hai="103" /><W95/><REACH who="3" step="1"/><G95/><REACH who="3" step="2"/><T99/><REACH who="0" step="1"/><D63/><REACH who="0" step="2"/><U84/><E80/><V82/><F82/><W89/><G89/><T112/><D112/><U32/><E46/><V8/><F8/><W11/><G11/><T86/><D86/><N who="1" m="32811" /><E32/><V6/><F6/><W90/><G90/><AGARI ba="0,2" hai="53,55,90,94,96" m="32811,522,49163" machi="90" ten="30,7700,0" yaku="19,1,52,3" doraHai="124,116,103" who="1" fromWho="3" sc="240,0,250,97,250,0,240,-77" /><INIT seed="1,0,0,2,1,51" ten="240,347,250,163" oya="1" hai0="31,58,95,125,46,48,3,54,36,103,29,37,11" hai1="116,134,45,82,14,131,133,2,120,78,100,35,39" hai2="63,94,18,113,61,85,92,74,1,106,130,47,6" hai3="30,26,119,101,121,5,24,69,13,80,8,111,68"/><U20/><E120/><V53/><F106/><W124/><G121/><T32/><D125/><U96/><E116/><V52/><F113/><W4/><G124/><T70/><D32/><U67/><E35/><V33/><F74/><W112/><G112/><T66/><D3/><U28/><E2/><V49/><F130/><W60/><G119/><T62/><D11/><U132/><E67/><V75/><F75/><W71/><G111/><T41/><D37/><U15/><E39/><V104/><F104/><W127/><G127/><T86/><REACH who="0" step="1"/><D86/><REACH who="0" step="2"/><N who="1" m="48471" /><E131/><V59/><F33/><W123/><G123/><T34/><D34/><U73/><E73/><V135/><F135/><W90/><G101/><T89/><D89/><U40/><E28/><V118/><F118/><W129/><G129/><T117/><D117/><U21/><E40/><V99/><F1/><W76/><G90/><T77/><D77/><U44/><E21/><V98/><F85/><W0/><G5/><T12/><D12/><N who="1" m="4651" /><E20/><V10/><F6/><W19/><G0/><T22/><D22/><U108/><E108/><V107/><F10/><W122/><G122/><T16/><D16/><U50/><E50/><N who="2" m="28767" /><F18/><W38/><G4/><T43/><D43/><U72/><E72/><V83/><F49/><W84/><G38/><T17/><D17/><U126/><E126/><V115/><F115/><W81/><G26/><T79/><D79/><U23/><E23/><V102/><F102/><W88/><G24/><T56/><D56/><U57/><E57/><V109/><F59/><W93/><G30/><T42/><D42/><U97/><E100/><RYUUKYOKU ba="0,1" sc="230,15,347,15,250,-15,163,-15" hai0="29,31,36,41,46,48,54,58,62,66,70,95,103" hai1="44,45,96,97,132,133,134" /><INIT seed="1,1,1,3,1,19" ten="245,362,235,148" oya="1" hai0="130,81,31,49,24,53,96,40,1,11,66,32,124" hai1="99,121,115,16,17,3,18,60,44,70,103,82,57" hai2="34,108,116,75,63,134,72,131,2,7,93,56,76" hai3="50,119,38,106,26,23,86,35,67,110,101,113,74"/><U36/><E121/><V10/><F116/><W114/><G74/><T129/><D66/><U45/><E3/><V87/><F134/><W79/><G38/><T55/><D96/><U58/><E115/><V15/><F131/><N who="0" m="50186" /><D124/><U51/><E36/><V95/><F108/><W127/><G110/><T128/><N who="0" m="50194" /><T120/><DORA hai="78" /><D120/><U33/><E33/><V6/><F34/><W77/><G119/><T71/><D71/><U29/><E29/><V98/><F2/><W8/><G127/><T64/><D64/><U4/><E4/><V126/><F126/><W92/><G35/><T39/><D39/><U52/><E70/><V41/><F41/><W30/><G106/><T68/><D68/><U125/><E125/><V27/><F6/><W112/><G67/><T48/><D1/><U102/><E103/><V122/><F122/><W14/><G50/><N who="0" m="19563" /><D40/><U88/><E60/><V22/><F98/><W46/><G46/><T80/><D11/><U20/><E58/><V59/><F10/><W84/><G101/><T104/><D104/><U54/><E54/><AGARI ba="1,1" hai="24,31,32,53,54,55,80,81" m="19563,50194" machi="54" ten="40,5200,0" yaku="19,1,52,2" doraHai="19,78" who="0" fromWho="1" sc="245,65,362,-55,235,0,148,0" /><INIT seed="2,0,0,3,1,6" ten="310,307,235,148" oya="2" hai0="113,11,57,9,48,121,93,104,18,68,19,80,135" hai1="49,3,26,99,41,0,14,12,75,124,109,110,67" hai2="20,22,89,69,66,117,27,63,114,73,50,106,127" hai3="17,42,88,62,59,74,120,90,126,38,128,94,77"/><V129/><F117/><W132/><G120/><T61/><D104/><U15/><E75/><V76/><F114/><W30/><G128/><T118/><D121/><U116/><E67/><V130/><F127/><W29/><G132/><T51/><D113/><U40/><E116/><V86/><F106/><W21/><G126/><T122/><D118/><U36/><E124/><V71/><F71/><W70/><G70/><T37/><D68/><U2/><E26/><V85/><F50/><W82/><G42/><T95/><D37/><U1/><E49/><V28/><F20/><W53/><G38/><T107/><D107/><U131/><E36/><V64/><F64/><W91/><REACH who="3" step="1"/><G94/><REACH who="3" step="2"/><T133/><D122/><U32/><E131/><V123/><F130/><W47/><G47/><T58/><D80/><U108/><N who="1" m="512" /><DORA hai="65" /><U119/><E119/><V34/><F129/><W84/><G84/><T24/><D24/><AGARI ba="0,1" hai="17,21,24,29,30,53,59,62,74,77,82,88,90,91" machi="24" ten="40,5200,0" yaku="1,1,54,1,53,1" doraHai="6,65" doraHaiUra="54,10" who="3" fromWho="0" sc="310,-52,307,0,235,0,138,62" /><INIT seed="3,0,0,0,2,44" ten="258,307,235,200" oya="3" hai0="37,60,35,123,29,51,27,75,8,41,36,104,38" hai1="16,102,21,17,68,117,46,92,56,59,83,77,62" hai2="25,34,105,0,49,110,111,55,91,132,23,2,30" hai3="109,87,1,97,86,121,79,70,131,85,54,95,65"/><W14/><G121/><T4/><D123/><U24/><E117/><V9/><F105/><W73/><G1/><T11/><D11/><U52/><E68/><V96/><F132/><W32/><G32/><T10/><D10/><U67/><E46/><V48/><F34/><W66/><G131/><T15/><D75/><U89/><E102/><V107/><F9/><W47/><G70/><T6/><D104/><U125/><E125/><V88/><F107/><W13/><G73/><T93/><D60/><U78/><E83/><V42/><F42/><W84/><G79/><T103/><D103/><U122/><E122/><V108/><F96/><W5/><N who="3" m="22016" /><DORA hai="99" /><W116/><G116/><T76/><D76/><U129/><E129/><V18/><F30/><W128/><G128/><T113/><D113/><U50/><REACH who="1" step="1"/><E17/><REACH who="1" step="2"/><V43/><F43/><W135/><G109/><T71/><D71/><U124/><E124/><V127/><F127/><W74/><G74/><T100/><D100/><U31/><E31/><V112/><F112/><W81/><G81/><T126/><D126/><U40/><E40/><V118/><F118/><W20/><G135/><T64/><D6/><U7/><E7/><V106/><F106/><W114/><G114/><T115/><D115/><U120/><E120/><V82/><F82/><W26/><G5/><T90/><D36/><U134/><E134/><V72/><F72/><W101/><G47/><T19/><D37/><U80/><E80/><V130/><F130/><W58/><G14/><T33/><D38/><U22/><E22/><V69/><F69/><W45/><G13/><RYUUKYOKU ba="0,1" sc="258,-10,297,30,235,-10,200,-10" hai1="16,21,24,50,52,56,59,62,67,77,78,89,92" /><INIT seed="4,1,1,0,0,93" ten="248,327,225,190" oya="0" hai0="25,69,52,36,96,99,27,97,29,55,92,112,85" hai1="74,98,73,57,81,95,44,18,80,43,4,50,104" hai2="46,75,76,107,130,86,108,38,67,66,131,1,62" hai3="39,49,88,122,23,7,42,10,109,128,47,56,126"/><T16/><D36/><U20/><E104/><V129/><F108/><W63/><G109/><T89/><D69/><U87/><E4/><V2/><F107/><W59/><G122/><T91/><D112/><U14/><E74/><V8/><F86/><W124/><G128/><T65/><D65/><U22/><E73/><V111/><F111/><W68/><G23/><N who="0" m="15551" /><D91/><U114/><E114/><V58/><F67/><W37/><G37/><T125/><D125/><U115/><E115/><V35/><F35/><W113/><G113/><T132/><D132/><U28/><E87/><V72/><F76/><W24/><G24/><T105/><D105/><U26/><REACH who="1" step="1"/><E57/><REACH who="1" step="2"/><V5/><REACH who="2" step="1"/><F1/><REACH who="2" step="2"/><W32/><G126/><T21/><AGARI ba="1,3" hai="16,21,27,52,55,85,89,92,96,97,99" m="15551" machi="21" ten="30,18000,2" yaku="8,1,52,3,54,2" doraHai="93" who="0" fromWho="0" sc="248,213,317,-61,215,-61,190,-61" /><INIT seed="4,2,0,3,4,58" ten="461,256,154,129" oya="0" hai0="57,21,71,7,35,75,11,93,104,6,131,17,122" hai1="68,72,115,135,59,121,42,96,118,89,102,9,84" hai2="109,28,73,13,112,3,127,98,23,116,43,55,18" hai3="46,60,133,41,97,92,123,62,124,47,34,10,81"/><T56/><D75/><U99/><E68/><V87/><F109/><W31/><G123/><T114/><D104/><N who="1" m="63559" /><E42/><V76/><F127/><W2/><G124/><T110/><D35/><U19/><E59/><V66/><F116/><W78/><G133/><T80/><D71/><U79/><E9/><V8/><F112/><W132/><G132/><T38/><D38/><U44/><E19/><V126/><F126/><W20/><G34/><T48/><D56/><U88/><E44/><V125/><F125/><W113/><G113/><T12/><D48/><U91/><E135/><V25/><F73/><W1/><G1/><T24/><D57/><U134/><E134/><V30/><F3/><W54/><G54/><T74/><D114/><U5/><E5/><V101/><F43/><W29/><G2/><T70/><D70/><U32/><E32/><V15/><F66/><W26/><G10/><T100/><D6/><U117/><E115/><V111/><F111/><W106/><G106/><T85/><D110/><U90/><E121/><V130/><F130/><W64/><G64/><T36/><D122/><U22/><E22/><V77/><F28/><W61/><G41/><T0/><D36/><U4/><E4/><N who="2" m="3207" /><F87/><N who="3" m="48567" /><G31/><T65/><D65/><U129/><E129/><V94/><F55/><W128/><G128/><T49/><D131/><U45/><E45/><V69/><F69/><W51/><G51/><T105/><D49/><U63/><E63/><V37/><F37/><W95/><G95/><T33/><D93/><N who="1" m="56743" /><E72/><V108/><F108/><W27/><G27/><T52/><D74/><U82/><AGARI ba="2,0" hai="79,82,84,89,90,91,117,118" m="56743,63559" machi="82" ten="30,7900,0" yaku="5,1,34,2,54,1" doraHai="58" who="1" fromWho="1" sc="461,-41,256,85,154,-22,129,-22" /><INIT seed="5,0,0,0,2,104" ten="420,341,132,107" oya="1" hai0="69,60,118,89,37,64,130,2,19,13,61,105,55" hai1="5,11,81,80,32,112,62,82,1,29,120,127,46" hai2="84,23,14,94,7,45,100,125,58,133,131,78,135" hai3="87,101,109,73,40,96,75,70,92,106,25,77,33"/><U79/><E120/><V122/><F122/><W16/><G70/><T129/><D105/><U47/><E112/><V53/><F45/><W0/><G40/><T86/><D2/><U68/><E127/><V12/><F125/><W91/><G0/><T65/><D118/><U27/><REACH who="1" step="1"/><E79/><REACH who="1" step="2"/><V56/><F78/><W63/><G109/><T10/><D129/><U17/><E17/><V42/><F131/><W39/><G39/><T114/><D130/><U83/><N who="1" m="20992" /><DORA hai="18" /><U108/><E108/><V98/><F135/><W126/><G126/><T6/><D114/><U66/><AGARI ba="0,1" hai="1,5,11,27,29,32,46,47,62,66,68" m="20992" machi="66" ten="40,3900,0" yaku="1,1,0,1,53,0" doraHai="104,18" doraHaiUra="52,121" who="1" fromWho="1" sc="420,-13,331,49,132,-13,107,-13" /><INIT seed="5,1,0,1,0,25" ten="407,380,119,94" oya="1" hai0="54,19,120,106,101,78,21,107,33,121,16,11,58" hai1="62,35,1,43,65,56,130,104,36,133,115,88,15" hai2="61,64,13,47,80,69,29,59,28,51,92,129,14" hai3="4,31,38,52,57,124,42,113,108,110,27,117,37"/><U100/><E115/><V77/><F129/><W23/><G117/><T105/><D33/><U3/><E133/><V6/><F69/><W109/><G113/><T79/><D101/><U63/><E35/><V134/><F134/><W34/><G124/><T103/><D103/><U93/><E130/><V44/><F92/><W98/><G98/><T128/><D11/><U46/><E63/><V95/><F95/><W12/><G42/><T24/><D128/><U40/><E43/><N who="2" m="24991" /><F47/><W91/><G91/><T72/><D72/><U132/><E132/><V18/><F6/><W71/><G71/><T90/><D90/><U74/><E74/><V53/><F64/><W125/><G125/><T85/><D19/><U55/><E15/><N who="2" m="5643" /><F18/><W122/><G122/><N who="0" m="47211" /><D85/><AGARI ba="1,0" hai="28,29,53,59,61,77,80,85" m="5643,24991" machi="85" ten="30,3900,0" yaku="8,1,52,2" doraHai="25" who="2" fromWho="0" sc="407,-42,380,0,119,42,94,0" /><INIT seed="6,0,0,3,0,125" ten="365,380,161,94" oya="2" hai0="15,71,63,75,8,103,21,2,51,73,42,99,109" hai1="84,32,77,133,16,89,6,121,111,98,116,24,46" hai2="22,54,50,60,94,83,3,28,100,80,65,90,87" hai3="78,105,95,30,14,29,27,9,127,72,56,19,122"/><V112/><F112/><W82/><G122/><T61/><D109/><U107/><E121/><V129/><F3/><W132/><G105/><T131/><D131/><U70/><E116/><V0/><F0/><W44/><G127/><T108/><D108/><U34/><E77/><V40/><F40/><W93/><G132/><T106/><D2/><U124/><E111/><V11/><F11/><W58/><G30/><T36/><D36/><U7/><E124/><V33/><F33/><W115/><G115/><T18/><D71/><U135/><E70/><V53/><F129/><W17/><G44/><T23/><D73/><U66/><E66/><V86/><F100/><W20/><G93/><T47/><D75/><U92/><E46/><V74/><F74/><W5/><G95/><T85/><D85/><U126/><E126/><V114/><F114/><W88/><G88/><T97/><D99/><U1/><E1/><V64/><F94/><W26/><REACH who="3" step="1"/><G5/><REACH who="3" step="2"/><T62/><AGARI ba="0,1" hai="8,15,18,21,23,42,47,51,61,62,63,97,103,106" machi="62" ten="30,1100,0" yaku="0,1" doraHai="125" who="0" fromWho="0" sc="365,21,380,-3,161,-5,84,-3" /><INIT seed="7,0,0,5,0,95" ten="386,377,156,81" oya="3" hai0="8,31,59,63,106,10,64,131,98,99,80,86,27" hai1="84,21,16,71,73,87,101,7,118,25,117,26,45" hai2="103,33,115,17,32,30,23,40,2,91,47,126,89" hai3="135,74,6,123,0,34,13,127,128,90,36,4,112"/><W44/><G6/><T55/><D106/><U110/><E73/><V39/><F2/><W56/><G13/><T70/><D131/><U1/><E71/><V58/><F126/><W134/><G44/><T93/><D8/><N who="1" m="2159" /><E25/><V14/><F115/><W51/><G90/><T62/><D10/><U65/><E45/><V104/><F58/><W132/><G4/><T11/><D93/><U81/><E65/><V97/><REACH who="2" step="1"/><F30/><REACH who="2" step="2"/><W60/><G135/><T48/><D70/><U72/><E110/><V85/><F85/><W9/><G56/><T92/><D59/><U100/><E87/><V124/><F124/><W96/><G60/><T79/><D63/><U15/><E72/><V28/><F28/><W75/><G96/><T41/><D31/><U52/><E26/><V120/><F120/><W43/><G134/><T24/><D86/><U119/><E52/><V116/><F116/><W18/><G43/><T57/><D24/><U19/><E19/><V77/><F77/><AGARI ba="0,1" hai="15,16,21,77,81,84,100,101,117,118,119" m="2159" machi="77" ten="30,2000,0" yaku="12,1,54,1" doraHai="95" who="1" fromWho="2" sc="386,0,377,30,146,-20,81,0" owari="386,19,407,50,126,-27,81,-42" /></mjloggm>