<mjloggm ver="2.3"><GO type="169" lobby="0"/><UN n0="%E5%89%A3%E5%9F%8E" n1="%EF%BC%88%E2%89%A7%E2%96%BD%E2%89%A6%EF%BC%89" n2="%E5%A4%A9%E8%A1%A3%E7%84%A1%E7%B8%AB%E3%82%88%E3%81%A4%E3%81%B0" n3="%E5%8F%A4%E6%B8%85%E6%B0%B4%E5%87%9B" dan="16,18,16,17" rate="2043.36,2167.21,2106.21,2095.30" sx="M,M,M,F"/><TAIKYOKU oya="0"/><INIT seed="0,0,0,0,0,16" ten="250,250,250,250" oya="0" hai0="17,107,127,86,93,101,125,89,44,98,110,135,70" hai1="43,117,114,121,91,50,11,60,1,113,37,32,87" hai2="45,73,15,119,111,3,40,76,74,124,27,67,65" hai3="12,39,47,100,78,30,132,71,4,21,82,8,48"/><T68/><D44/><N who="1" m="23663" /><E32/><V85/><F3/><W9/><G71/><T33/><D33/><U0/><E117/><V24/><F124/><N who="0" m="47690" /><D17/><U61/><E50/><V131/><F119/><W6/><G132/><T58/><D58/><U36/><E36/><V99/><F99/><W126/><G39/><T106/><D68/><U75/><E75/><V118/><F118/><W54/><G126/><T2/><D2/><N who="1" m="1131" /><E11/><V26/><F74/><W108/><G108/><T64/><D64/><U109/><E121/><V88/><F111/><W103/><G9/><T94/><D70/><U112/><E109/><V96/><F73/><W97/><G6/><T90/><D110/><U62/><E62/><V66/><F76/><W19/><G30/><T77/><D135/><U14/><E14/><V22/><F96/><W18/><G4/><T49/><D49/><U7/><E7/><V55/><F15/><W81/><G19/><T133/><D133/><U134/><E134/><V130/><F55/><W69/><G69/><T56/><D56/><U63/><E63/><V72/><F72/><W120/><G8/><T79/><D106/><U59/><E59/><V104/><F104/><W105/><G105/><T31/><D31/><U29/><E29/><V10/><F10/><W83/><G12/><T41/><D41/><U46/><E46/><V80/><REACH who="2" step="1"/><F22/><REACH who="2" ten="250,250,240,250" step="2"/><W52/><G21/><T38/><D38/><AGARI ba="0,1" hai="24,26,27,38,40,45,65,66,67,80,85,88,130,131" machi="38" ten="40,5200,0" yaku="1,1,2,1,54,1,53,0" doraHai="16" doraHaiUra="51" who="2" fromWho="0" sc="250,-52,250,0,240,62,250,0" /><INIT seed="1,0,0,0,3,99" ten="198,250,302,250" oya="1" hai0="41,80,48,126,65,35,29,8,26,112,30,90,117" hai1="103,133,130,23,107,27,63,40,105,108,59,75,110" hai2="53,89,66,22,18,64,134,91,44,71,16,70,60" hai3="115,13,76,109,47,58,24,42,14,82,21,121,77"/><U62/><E75/><V124/><F134/><W52/><G109/><N who="1" m="42090" /><E133/><V11/><F124/><W122/><G115/><T100/><D112/><U119/><E119/><V94/><F11/><W84/><G77/><T83/><D117/><U69/><E40/><V111/><F111/><W61/><G122/><T104/><D126/><U4/><E4/><V25/><F91/><W101/><G101/><T98/><D30/><N who="1" m="17791" /><E130/><V0/><F0/><W17/><REACH who="3" step="1"/><G121/><REACH who="3" ten="198,250,302,240" step="2"/><T38/><D90/><U78/><E78/><V81/><F81/><W95/><G95/><T74/><D83/><U68/><E103/><V106/><F106/><N who="1" m="40457" /><E63/><V72/><F72/><W92/><G92/><T125/><D125/><U43/><E43/><V2/><F94/><W102/><G102/><T120/><D80/><U128/><E128/><V9/><F89/><W93/><G93/><T118/><D74/><U73/><E73/><V10/><F60/><W31/><G31/><T50/><D118/><U113/><E113/><V55/><F2/><W135/><G135/><T51/><D120/><U49/><E49/><AGARI ba="0,1" hai="13,14,17,21,24,42,47,49,52,58,61,76,82,84" machi="49" ten="30,7700,0" yaku="1,1,7,1,8,1,54,1,53,0" doraHai="99" doraHaiUra="28" who="3" fromWho="1" sc="198,0,250,-77,302,0,240,87" /><INIT seed="2,0,0,1,3,101" ten="198,173,302,327" oya="2" hai0="11,2,74,1,6,125,40,89,61,17,80,21,132" hai1="53,87,90,38,48,10,127,49,65,50,44,43,66" hai2="51,28,34,82,121,77,119,14,84,76,79,123,36" hai3="16,105,37,23,0,63,135,69,68,129,45,81,134"/><V113/><F36/><W19/><G0/><T102/><D40/><U56/><E127/><V108/><F119/><W25/><G129/><T54/><D125/><U27/><E27/><V95/><F113/><W41/><G105/><T4/><D102/><U107/><E107/><V109/><F28/><W75/><G19/><T93/><D132/><U104/><E104/><V70/><F70/><W13/><G13/><T117/><D117/><U120/><E120/><N who="2" m="46155" /><F51/><N who="1" m="19529" /><E10/><V78/><F14/><W97/><G97/><T9/><D61/><N who="1" m="35983" /><E90/><N who="2" m="53703" /><F34/><W20/><G63/><T22/><D54/><N who="1" m="30023" /><E87/><AGARI ba="0,0" hai="76,77,78,79,82,87,108,109" m="53703,46155" machi="87" ten="40,3900,0" yaku="34,2" doraHai="101" who="2" fromWho="1" sc="198,0,173,-39,302,39,327,0" /><INIT seed="2,1,0,0,4,121" ten="198,134,341,327" oya="2" hai0="9,63,26,50,100,3,107,98,90,28,78,54,66" hai1="84,86,108,22,58,97,70,111,36,127,0,14,32" hai2="17,95,64,16,27,41,69,21,96,106,112,110,104" hai3="124,134,31,135,7,119,68,126,53,109,37,102,18"/><V114/><F41/><W116/><G102/><T8/><D78/><U11/><E70/><V48/><F48/><W103/><G103/><T38/><D38/><U80/><E36/><V30/><F114/><W89/><G37/><T71/><D90/><U51/><E127/><N who="3" m="48682" /><G68/><T55/><D3/><U56/><E32/><V72/><F72/><W82/><G53/><T132/><D132/><N who="3" m="50729" /><G31/><T52/><REACH who="0" step="1"/><D50/><REACH who="0" ten="188,134,341,327" step="2"/><U47/><E51/><V85/><F112/><W91/><G89/><T33/><AGARI ba="1,1" hai="8,9,26,28,33,52,54,55,63,66,71,98,100,107" machi="33" ten="30,12000,2" yaku="1,1,2,1,0,1,25,2,54,1,53,0" doraHai="121" doraHaiUra="120" who="0" fromWho="0" sc="188,133,134,-31,341,-61,327,-31" /><INIT seed="3,0,0,4,1,48" ten="321,103,280,296" oya="3" hai0="1,99,38,108,16,123,66,6,33,65,97,127,126" hai1="20,94,56,27,49,68,22,88,8,116,44,10,103" hai2="57,30,26,59,53,47,102,79,9,71,82,96,7" hai3="23,17,119,40,118,61,112,37,72,70,41,46,83"/><W113/><G41/><T31/><D38/><U0/><E68/><V89/><F71/><W122/><G122/><T67/><D123/><U121/><E121/><V24/><F89/><W131/><G131/><T86/><D108/><U110/><E110/><V50/><F96/><W106/><G106/><T62/><D33/><U104/><E116/><N who="3" m="44586" /><G23/><T107/><D31/><U36/><E0/><V101/><F101/><W42/><G40/><T87/><D6/><U11/><E36/><V39/><F102/><W45/><G45/><T35/><D1/><U51/><E103/><V5/><F5/><W55/><G17/><T90/><D35/><U74/><E104/><V32/><F26/><W91/><G55/><T124/><D107/><U21/><E74/><V3/><REACH who="2" step="1"/><F39/><REACH who="2" ten="321,103,270,296" step="2"/><W133/><G91/><T84/><D90/><U29/><E56/><V117/><F117/><W13/><G37/><T54/><D16/><U120/><E120/><V52/><F52/><W60/><G70/><T125/><D125/><U95/><E95/><V81/><F81/><W14/><G83/><T105/><D105/><U130/><E130/><V58/><F58/><AGARI ba="0,1" hai="54,58,62,65,66,67,84,86,87,97,99,124,126,127" machi="58" ten="50,8000,1" yaku="29,2,18,1,52,1" doraHai="48" who="0" fromWho="2" sc="321,90,103,0,270,-80,296,0" /><INIT seed="4,0,0,5,1,109" ten="411,103,190,296" oya="0" hai0="56,81,135,36,49,95,118,69,71,30,15,114,107" hai1="99,87,122,7,0,37,126,13,113,34,39,26,23" hai2="63,43,73,128,102,6,130,2,62,100,97,10,132" hai3="53,27,52,127,67,106,28,45,31,108,42,44,120"/><T48/><D107/><U38/><E122/><V19/><F132/><W96/><G108/><T88/><D36/><U55/><E126/><V74/><F43/><W35/><G127/><T17/><D118/><U47/><E0/><V1/><F97/><W112/><G31/><T123/><D123/><U131/><E131/><V84/><F84/><W90/><G120/><T46/><D30/><U125/><E125/><V50/><F50/><W103/><G67/><T22/><D135/><U11/><E34/><V93/><F93/><W110/><G110/><T80/><D69/><U41/><E113/><V61/><F19/><W54/><G112/><T29/><D71/><U14/><E14/><V129/><REACH who="2" step="1"/><F2/><REACH who="2" ten="411,103,180,296" step="2"/><W18/><G42/><N who="0" m="24663" /><D114/><U8/><E99/><V68/><F68/><W70/><G70/><T101/><D101/><AGARI ba="0,1" hai="1,6,10,61,62,63,73,74,100,101,102,128,129,130" machi="101" ten="50,8000,1" yaku="1,1,19,1,53,3" doraHai="109" doraHaiUra="58" who="2" fromWho="0" sc="411,-80,103,0,180,90,296,0" /><INIT seed="5,0,0,5,4,89" ten="331,103,270,296" oya="1" hai0="18,119,65,43,71,99,60,41,26,3,121,21,59" hai1="44,40,106,68,132,10,114,134,11,24,67,97,79" hai2="80,1,19,31,76,85,55,54,102,111,64,17,133" hai3="104,127,47,87,107,0,110,2,63,98,73,101,52"/><U57/><E114/><V38/><F111/><W32/><G73/><T96/><D119/><U14/><E68/><V86/><F1/><W45/><G32/><T84/><D3/><U51/><E79/><V66/><F38/><W123/><G110/><T27/><D121/><U15/><E24/><V77/><F102/><W128/><G107/><T23/><D71/><U88/><E67/><V108/><F108/><W116/><G128/><T70/><D70/><U48/><E106/><V78/><F31/><W62/><G127/><T28/><D84/><U58/><E40/><AGARI ba="0,0" hai="18,21,23,26,27,28,40,41,43,59,60,65,96,99" machi="40" ten="40,1300,0" yaku="8,1" doraHai="89" who="0" fromWho="1" sc="331,13,103,-13,270,0,296,0" /><INIT seed="6,0,0,5,1,17" ten="344,90,270,296" oya="2" hai0="5,80,77,52,44,71,123,50,21,25,125,19,76" hai1="58,59,114,101,36,40,43,128,122,62,74,42,135" hai2="118,106,92,134,89,95,61,88,94,31,41,48,107" hai3="82,112,109,51,98,1,22,54,120,90,32,100,9"/><V126/><F118/><W57/><G32/><T23/><D123/><U12/><E74/><V55/><F31/><W37/><G37/><T87/><D71/><U56/><E122/><V93/><F126/><W46/><G120/><T0/><D125/><U8/><E128/><V115/><F115/><W73/><G109/><T83/><D0/><U70/><E114/><V105/><F134/><W113/><G112/><T86/><D5/><U35/><E35/><V39/><F39/><W7/><G113/><T110/><REACH who="0" step="1"/><D23/><REACH who="0" ten="334,90,270,296" step="2"/><U124/><E135/><V130/><F130/><W117/><G22/><T30/><D30/><U132/><E124/><V111/><F111/><AGARI ba="0,1" hai="19,21,25,44,50,52,76,77,80,83,86,87,110,111" machi="111" ten="40,12000,2" yaku="1,1,9,1,52,1,54,1,53,2" doraHai="17" doraHaiUra="79" who="0" fromWho="2" sc="334,130,90,0,270,-120,296,0" /><INIT seed="7,0,0,4,1,79" ten="464,90,150,296" oya="3" hai0="66,63,49,105,69,7,86,103,127,38,65,30,59" hai1="118,22,95,104,36,129,28,124,62,112,41,115,89" hai2="131,70,88,55,8,4,15,52,61,45,11,24,3" hai3="33,44,83,18,42,77,26,81,9,96,23,76,46"/><W72/><G33/><T126/><D38/><U98/><E36/><V134/><F134/><W107/><G107/><T51/><D7/><U78/><E41/><V43/><F131/><W80/><G96/><N who="0" m="61671" /><D86/><N who="1" m="52663" /><E62/><V27/><F88/><W1/><G72/><T75/><D75/><U133/><E22/><V17/><F55/><W58/><G1/><T102/><D102/><N who="1" m="62551" /><E28/><V31/><F31/><N who="3" m="17887" /><G58/><T116/><D116/><U108/><E108/><V106/><F106/><W82/><N who="3" m="20480" /><DORA hai="125" /><W120/><G120/><T50/><D30/><U132/><E124/><N who="0" m="47657" /><D66/><U5/><E118/><V6/><F70/><AGARI ba="0,0" hai="49,50,51,59,63,65,69,70" m="47657,61671" machi="70" ten="30,1000,0" yaku="18,1" doraHai="79,125" who="0" fromWho="2" sc="464,10,90,0,150,-10,296,0" owari="474,57.0,90,-41.0,140,-26.0,296,10.0" /></mjloggm>