<mjloggm ver="2.3"><GO type="169" lobby="0"/><UN n0="%68%61%67%69%31%30%32%39" n1="%EF%BC%88%E2%89%A7%E2%96%BD%E2%89%A6%EF%BC%89" n2="%56%65%6E%75%73%53%61%79" n3="%E3%81%BE%E3%81%AA%E3%81%84%E3%81%9F%E3%82%88%E3%81%86%E3%81%98%E3%82%87" dan="16,18,17,16" rate="2051.84,2183.54,2128.62,2079.95" sx="M,F,M,M"/><TAIKYOKU oya="0"/><INIT seed="0,0,0,1,2,64" ten="250,250,250,250" oya="0" hai0="3,84,82,49,68,130,129,77,57,21,7,16,81" hai1="42,112,48,9,14,66,58,115,50,78,96,67,114" hai2="37,93,19,105,30,126,17,92,116,95,20,125,76" hai3="122,46,53,23,132,110,36,99,85,31,51,90,72"/><T74/><D3/><U73/><E96/><V32/><F37/><W118/><G118/><T8/><D7/><U127/><E127/><N who="2" m="48651" /><F105/><W5/><G36/><T22/><D68/><U33/><E33/><V101/><F32/><W47/><G72/><T27/><D8/><U106/><E106/><V103/><F76/><W83/><G5/><T4/><D4/><N who="1" m="3367" /><E42/><V41/><F41/><W55/><G132/><T45/><D22/><U75/><E75/><V134/><F116/><W123/><G23/><T29/><D57/><U113/><E113/><V102/><F134/><W94/><G31/><T10/><D10/><U2/><E2/><V54/><F54/><W86/><G55/><T34/><D34/><U98/><E98/><V6/><F6/><W61/><G99/><T80/><D29/><U65/><E58/><V28/><F20/><W15/><G47/><T91/><REACH who="0" step="1"/><D80/><AGARI ba="0,0" hai="48,50,65,66,67,73,78,80,112,114,115" m="3367" machi="80" ten="40,1300,0" yaku="11,1" doraHai="64" who="1" fromWho="0" sc="250,-13,250,13,250,0,250,0" /><INIT seed="1,0,0,5,3,108" ten="237,263,250,250" oya="1" hai0="80,120,119,43,19,45,36,72,1,127,89,96,26" hai1="94,90,102,2,44,37,46,79,15,92,132,62,10" hai2="42,8,131,7,69,83,104,56,130,11,70,118,78" hai3="41,75,32,99,12,58,50,18,88,6,84,40,22"/><U51/><E132/><V16/><F104/><W86/><G75/><T93/><D119/><U23/><E2/><N who="2" m="119" /><F56/><W57/><G32/><T4/><D127/><U134/><E134/><V65/><F65/><W106/><G6/><T125/><D125/><U103/><E79/><V60/><F60/><W107/><G106/><T117/><D117/><U47/><E37/><V128/><F42/><N who="3" m="16491" /><G107/><T67/><D67/><U101/><E23/><V66/><F66/><W135/><G135/><T21/><D120/><U31/><E31/><V87/><F118/><W74/><G74/><T49/><D72/><U38/><E38/><V13/><AGARI ba="0,0" hai="11,13,16,69,70,78,83,87,128,130,131" m="119" machi="13" ten="40,2700,0" yaku="19,1,54,1" doraHai="108" who="2" fromWho="2" sc="237,-7,263,-13,250,27,250,-7" /><INIT seed="2,0,0,1,3,91" ten="230,250,277,243" oya="2" hai0="29,68,116,120,80,82,46,100,55,69,51,71,84" hai1="47,60,110,86,133,66,30,85,34,94,125,21,24" hai2="4,23,105,40,96,16,131,74,32,76,57,63,2" hai3="113,50,101,107,65,132,31,0,22,18,15,108,11"/><V93/><F105/><W73/><G73/><T79/><D120/><U5/><E110/><V19/><F32/><W77/><G107/><T134/><D134/><U87/><E133/><V62/><F40/><W8/><G77/><T17/><D116/><U121/><E121/><V99/><F99/><W127/><G132/><T36/><D29/><U37/><E5/><V72/><F131/><W38/><G38/><T20/><D36/><U13/><E125/><V106/><F106/><W130/><G50/><T59/><D100/><U52/><E37/><V102/><F63/><W6/><G65/><T61/><D82/><U49/><E13/><V45/><F45/><W70/><G70/><T54/><REACH who="0" step="1"/><D71/><REACH who="0" ten="220,250,277,243" step="2"/><U67/><E34/><V42/><F102/><W128/><G101/><T7/><D7/><U83/><E83/><V27/><F4/><W92/><G31/><T111/><D111/><U135/><E135/><V48/><F19/><W117/><G108/><T95/><D95/><U35/><E35/><V78/><F93/><W123/><G92/><T109/><D109/><U58/><REACH who="1" step="1"/><E94/><REACH who="1" ten="220,240,277,243" step="2"/><V64/><F96/><W103/><G123/><T114/><D114/><U44/><E44/><N who="2" m="25623" /><F2/><W75/><G113/><T33/><D33/><U53/><AGARI ba="0,2" hai="21,24,30,47,49,52,53,58,60,66,67,85,86,87" machi="53" ten="30,7900,0" yaku="1,1,0,1,8,1,54,1,53,0" doraHai="91" doraHaiUra="124" who="1" fromWho="1" sc="220,-20,240,99,277,-39,243,-20" /><INIT seed="3,0,0,5,0,77" ten="200,339,238,223" oya="3" hai0="94,70,53,109,118,107,5,96,34,55,18,93,19" hai1="125,30,64,83,98,63,36,69,90,99,31,43,76" hai2="27,108,130,60,68,78,40,115,126,9,113,67,22" hai3="12,20,66,116,21,75,38,33,104,127,1,14,47"/><W49/><G104/><T25/><D118/><U42/><E125/><V4/><F126/><W11/><G38/><T89/><D70/><U110/><E110/><V135/><F108/><W81/><G66/><T61/><D107/><U26/><E31/><V106/><F106/><W124/><G116/><T65/><D109/><U0/><E0/><V23/><F23/><W17/><G33/><T46/><D5/><U97/><E36/><V87/><F40/><W84/><G75/><T6/><D6/><U13/><E90/><V88/><F78/><W129/><G1/><T50/><D34/><U16/><E26/><V48/><F48/><W132/><G129/><T29/><D29/><U58/><E30/><V71/><F71/><W95/><G95/><T128/><D128/><U105/><E69/><V117/><F135/><W15/><G132/><T41/><D65/><U2/><E2/><V123/><F123/><W100/><G100/><N who="0" m="60431" /><D61/><U134/><E105/><V44/><F117/><W114/><G127/><T10/><D10/><N who="1" m="6199" /><E134/><V119/><F119/><W73/><G73/><T79/><D79/><U52/><E64/><V82/><F130/><W131/><G131/><T37/><D25/><U28/><E28/><V45/><F115/><W7/><G114/><T86/><D37/><U3/><E3/><N who="2" m="159" /><F113/><W54/><G124/><T24/><D24/><U59/><E59/><V62/><F62/><W121/><G121/><T39/><D39/><U92/><E92/><V56/><F68/><W8/><G14/><T80/><D94/><U112/><E112/><V122/><F122/><W35/><G35/><RYUUKYOKU ba="0,0" sc="200,0,339,0,238,0,223,0" hai0="18,19,41,46,50,53,55,80,86,89" hai1="42,43,52,58,63,76,83,97,98,99" hai2="22,27,44,45,56,60,67,82,87,88" hai3="7,8,11,12,15,17,20,21,47,49,54,81,84" /><INIT seed="3,1,0,5,2,37" ten="200,339,238,223" oya="3" hai0="26,64,36,38,108,127,14,62,125,28,95,99,40" hai1="16,107,4,2,32,57,83,111,85,65,115,77,91" hai2="76,50,117,89,71,124,6,51,112,41,133,126,106" hai3="46,102,17,92,48,87,55,52,49,24,73,20,61"/><W12/><G73/><T128/><D108/><U7/><E107/><V122/><F117/><W103/><G61/><T129/><D14/><U45/><E32/><V100/><F112/><W96/><G87/><T90/><D38/><U132/><E132/><V93/><F71/><W10/><G102/><T22/><D36/><U25/><E115/><V56/><F76/><W63/><G63/><T79/><D79/><U0/><E0/><V88/><F6/><N who="1" m="2089" /><E2/><V114/><F122/><W69/><G69/><T9/><D9/><U121/><E121/><V68/><F68/><W118/><G118/><T109/><D109/><U86/><E45/><N who="2" m="25903" /><F106/><W75/><G75/><T80/><D80/><N who="1" m="49607" /><E111/><V54/><F133/><W120/><G120/><T66/><D66/><U105/><E105/><V27/><F114/><W60/><G60/><T11/><D62/><N who="1" m="38095" /><E25/><V34/><F27/><W84/><G84/><T97/><D64/><U59/><E59/><V98/><F34/><W18/><REACH who="3" step="1"/><G49/><REACH who="3" ten="200,339,238,213" step="2"/><T94/><D127/><AGARI ba="1,1" hai="51,54,56,88,89,93,98,100,124,126,127" m="25903" machi="127" ten="30,3900,0" yaku="18,1,52,1,54,1" doraHai="37" who="2" fromWho="0" sc="200,-42,339,0,238,52,213,0" /><INIT seed="4,0,0,2,4,2" ten="158,339,290,213" oya="0" hai0="82,8,108,47,132,119,5,24,45,111,30,43,69" hai1="50,52,33,37,104,115,117,57,75,90,23,44,73" hai2="12,39,66,130,1,106,0,15,88,67,59,114,102" hai3="53,107,84,123,54,63,34,85,95,4,92,42,55"/><T80/><D119/><U51/><E33/><V58/><F39/><W25/><G107/><T31/><D69/><U116/><E104/><V112/><F106/><W40/><G123/><T101/><D101/><U135/><E37/><V26/><F26/><W62/><G25/><T126/><D126/><U81/><E135/><V122/><F102/><W91/><G34/><T60/><D60/><U118/><E115/><V113/><F88/><N who="3" m="53255" /><G4/><T94/><D94/><U11/><E23/><V71/><F71/><W65/><G65/><N who="2" m="24585" /><F130/><W121/><G121/><T22/><D31/><U87/><REACH who="1" step="1"/><E11/><REACH who="1" ten="158,329,290,213" step="2"/><V93/><F122/><W48/><G48/><N who="0" m="26687" /><D132/><U98/><E98/><V89/><F114/><W133/><G133/><T10/><D10/><U29/><E29/><V35/><F35/><W36/><G36/><T78/><D111/><U21/><E21/><V105/><F105/><W56/><G63/><T103/><D108/><U76/><E76/><V74/><F113/><W28/><G28/><T17/><D78/><U20/><E20/><V127/><F112/><W68/><G62/><T32/><D32/><U9/><E9/><V110/><F110/><W70/><G68/><T72/><D30/><U41/><AGARI ba="0,1" hai="41,44,50,51,52,57,73,75,81,87,90,116,117,118" machi="41" ten="30,4000,0" yaku="1,1,0,1,54,1,53,0" doraHai="2" doraHaiUra="128" who="1" fromWho="1" sc="158,-20,329,50,290,-10,213,-10" /><INIT seed="5,0,0,0,5,50" ten="138,379,280,203" oya="1" hai0="104,1,57,6,132,83,16,59,32,24,69,33,53" hai1="103,0,123,52,131,18,115,66,134,47,99,12,8" hai2="100,37,72,129,14,71,65,4,119,77,46,61,86" hai3="48,87,81,124,80,13,91,15,68,3,79,44,70"/><U9/><E123/><V130/><F119/><W35/><G3/><T64/><D104/><U90/><E115/><V116/><F116/><W88/><G35/><T42/><D69/><U98/><E134/><V56/><F72/><W28/><G28/><T62/><D42/><U107/><E66/><V97/><F4/><W112/><G124/><T127/><D127/><U49/><E131/><V75/><F75/><W76/><G112/><T51/><D132/><U38/><E38/><V2/><F2/><W21/><G21/><T23/><REACH who="0" step="1"/><D83/><REACH who="0" ten="128,379,280,203" step="2"/><U58/><E107/><V7/><F71/><W85/><G68/><T121/><D121/><U22/><E0/><V92/><F130/><W17/><G70/><T117/><D117/><U10/><E103/><V25/><F129/><W5/><G80/><T63/><D63/><N who="1" m="36295" /><E90/><V40/><F100/><W125/><G91/><T39/><D39/><U93/><E93/><V26/><F92/><W109/><G125/><T73/><D73/><U36/><E36/><V108/><F37/><W67/><G88/><T20/><D20/><U60/><E60/><V89/><F89/><W126/><G126/><T120/><D120/><U122/><E122/><V105/><F105/><W84/><G81/><T78/><D78/><U135/><E135/><V96/><F77/><W95/><G76/><T74/><D74/><U55/><AGARI ba="0,1" hai="8,9,10,12,18,22,47,49,55,98,99" m="36295" machi="55" ten="30,11700,0" yaku="8,1,52,2,54,1" doraHai="50" who="1" fromWho="1" sc="128,-39,379,127,280,-39,203,-39" /><INIT seed="5,1,0,0,2,88" ten="89,506,241,164" oya="1" hai0="61,36,52,34,20,102,87,100,72,73,1,54,10" hai1="7,38,128,39,97,129,82,48,60,78,12,83,29" hai2="46,117,121,116,14,80,114,75,5,115,107,3,84" hai3="104,57,93,127,17,41,134,42,9,25,81,35,31"/><U71/><E29/><V96/><F3/><W135/><G104/><T103/><D34/><U124/><E124/><V79/><F46/><W132/><G127/><T51/><D36/><U131/><E48/><V90/><F14/><N who="3" m="7375" /><G81/><T125/><D125/><U106/><E82/><N who="2" m="45439" /><F5/><W91/><G57/><T62/><D20/><U49/><E49/><V30/><F30/><W21/><G35/><T26/><D26/><U44/><E44/><V32/><F121/><W118/><G118/><N who="2" m="45673" /><F32/><W105/><G105/><T19/><D87/><AGARI ba="1,0" hai="21,25,31,41,42,87,91,93,132,134,135" m="7375" machi="87" ten="30,2000,0" yaku="20,1,52,1" doraHai="88" who="3" fromWho="0" sc="89,-23,506,0,241,0,164,23" /><INIT seed="6,0,0,5,1,111" ten="66,506,241,187" oya="2" hai0="34,49,46,59,78,60,31,92,105,12,54,75,113" hai1="106,17,135,38,14,51,101,32,129,71,28,130,114" hai2="100,56,8,57,99,79,29,40,123,102,0,112,55" hai3="110,104,70,62,132,37,6,127,33,72,20,36,120"/><V22/><F123/><W128/><RYUUKYOKU type="yao9" ba="0,0" sc="66,0,506,0,241,0,187,0" hai3="6,20,33,36,37,62,70,72,104,110,120,127,128,132" /><INIT seed="6,1,0,1,5,68" ten="66,506,241,187" oya="2" hai0="100,33,90,58,63,128,74,36,55,23,19,42,103" hai1="44,108,25,41,78,69,127,10,115,130,31,30,133" hai2="24,13,107,123,48,40,82,21,39,119,20,134,0" hai3="2,76,117,66,99,97,129,67,45,5,81,43,96"/><V118/><F0/><W77/><G117/><T17/><D33/><U54/><E69/><V7/><F107/><W71/><G129/><T84/><D74/><U93/><E108/><V60/><F123/><W38/><G71/><T12/><D128/><U6/><E78/><V4/><F48/><W112/><G76/><T73/><D73/><U62/><E130/><V32/><F60/><W125/><G125/><T3/><D3/><U132/><E127/><V102/><F102/><W65/><G112/><T109/><D109/><U64/><E54/><V111/><F111/><W15/><G15/><T26/><D36/><U95/><E115/><V14/><F82/><W104/><G104/><T122/><D42/><U116/><E116/><V86/><F86/><W94/><G94/><T28/><D122/><U91/><E95/><V16/><F40/><W135/><G135/><T87/><D87/><U131/><E131/><V88/><F39/><W22/><G22/><T126/><D126/><U47/><E132/><V92/><F134/><W121/><G121/><T83/><REACH who="0" step="1"/><D28/><REACH who="0" ten="56,506,241,187" step="2"/><U11/><E31/><N who="2" m="17807" /><F32/><W113/><G113/><T34/><D34/><U37/><E133/><V53/><F119/><W106/><G2/><T51/><D51/><U59/><E41/><V89/><F118/><W72/><G43/><T85/><D85/><U9/><E37/><V56/><F7/><W124/><G5/><T61/><D61/><U8/><E6/><V29/><F29/><W101/><G124/><T79/><D79/><U114/><E114/><V80/><F4/><W75/><G75/><T70/><D70/><RYUUKYOKU ba="1,1" sc="56,15,506,-15,241,-15,187,15" hai0="12,17,19,23,26,55,58,63,83,84,90,100,103" hai3="38,45,65,66,67,72,77,81,96,97,99,101,106" /><INIT seed="7,2,1,0,2,12" ten="71,491,226,202" oya="3" hai0="113,98,106,58,105,116,27,67,15,35,111,92,36" hai1="91,109,97,31,48,5,44,102,16,11,73,64,59" hai2="133,123,30,103,84,52,117,83,43,119,125,39,72" hai3="45,49,53,129,40,8,2,46,18,1,23,100,94"/><W96/><G129/><T124/><D36/><U110/><E31/><V61/><F72/><W20/><G8/><T85/><D111/><U127/><E91/><V131/><F123/><W115/><G115/><T108/><D108/><U86/><E86/><V90/><F30/><W13/><REACH who="3" step="1"/><G23/><REACH who="3" ten="71,491,226,192" step="2"/><T47/><D113/><U41/><E11/><V65/><F119/><W78/><G78/><T101/><D116/><U19/><E110/><V122/><F117/><W68/><G68/><T26/><D124/><U81/><E109/><V88/><F125/><W56/><G56/><T128/><D58/><U60/><E59/><V57/><F57/><W14/><G14/><T135/><D15/><U79/><E127/><V107/><F65/><W114/><G114/><T32/><D67/><U6/><E64/><V132/><F132/><W9/><G9/><T0/><D128/><U42/><E79/><V69/><F131/><W93/><G93/><T51/><D92/><U54/><E60/><V77/><F69/><W99/><G99/><T104/><D98/><U17/><E97/><V4/><F133/><W21/><G21/><T22/><D22/><U28/><E5/><V3/><F4/><W130/><G130/><T134/><D135/><U87/><E6/><V62/><F61/><W38/><AGARI ba="2,2" hai="1,2,13,18,20,38,40,45,46,49,53,94,96,100" machi="38" ten="20,7800,0" yaku="1,1,0,1,7,1,52,1,53,0" doraHai="12" doraHaiUra="7" who="3" fromWho="3" sc="71,-28,491,-28,226,-28,192,104" /><INIT seed="7,3,0,3,2,16" ten="43,463,198,296" oya="3" hai0="25,83,107,41,15,130,116,133,135,124,9,73,117" hai1="37,101,114,106,74,45,36,85,38,72,34,105,28" hai2="100,129,108,61,0,103,64,132,29,50,59,58,39" hai3="89,20,11,104,13,122,68,62,71,46,12,42,90"/><W91/><G122/><T109/><D41/><N who="1" m="22695" /><E85/><V111/><F0/><W65/><G104/><N who="1" m="40042" /><E101/><V26/><F132/><N who="0" m="50762" /><D73/><N who="1" m="28267" /><E114/><V119/><F129/><W78/><G68/><T2/><D107/><U123/><E123/><V22/><F119/><N who="0" m="45642" /><D83/><U88/><E88/><V49/><F39/><W53/><G78/><T51/><D51/><N who="2" m="19466" /><F111/><W118/><G118/><T70/><D70/><U44/><E44/><V86/><F108/><W33/><G33/><T8/><D109/><U120/><E120/><V14/><F59/><W115/><G115/><T17/><D130/><U112/><E112/><V23/><F86/><W97/><G97/><T35/><D124/><U24/><AGARI ba="3,0" hai="24,28,34,37,38" m="28267,40042,22695" machi="24" ten="40,2700,0" yaku="33,2" doraHai="16" who="1" fromWho="1" sc="43,-10,463,36,198,-10,296,-16" owari="33,-47.0,499,60.0,188,-21.0,280,8.0" /></mjloggm>