<mjloggm ver="2.3"><GO type="169"/><UN n0="%EF%BC%88%E2%89%A7%E2%96%BD%E2%89%A6%EF%BC%89" n1="%E5%BD%B1%E5%8D%83%E4%BB%A3" n2="%53%48%49%53%55%4B%45" n3="%E2%80%9C%72%61%69%6E%E2%80%9D" dan="18,17,16,17" rate="2194,2148,2062,2161" sx="M,F,M,M"/><TAIKYOKU oya="0"/><INIT seed="0,0,0,1,3,26" ten="250,250,250,250" oya="0" hai0="60,131,90,107,89,50,97,14,100,0,109,21,53" hai1="96,66,33,81,37,54,133,7,98,132,36,121,75" hai2="72,20,80,79,56,35,92,122,4,29,115,103,111" hai3="15,1,113,88,2,120,86,95,123,30,93,57,84"/><T31/><D0/><U61/><E121/><N who="3" m="46666" /><G113/><T39/><D39/><U25/><E7/><V52/><F122/><W27/><G15/><T83/><D131/><U41/><E54/><V49/><F115/><W16/><G16/><T124/><D124/><U110/><E110/><V126/><F111/><W40/><G40/><T91/><D109/><U63/><E81/><V67/><F126/><W3/><G57/><T112/><D112/><U12/><E75/><V70/><F35/><N who="3" m="20959" /><G95/><T106/><D60/><U114/><E12/><V104/><F104/><W68/><G68/><T38/><D38/><U9/><E9/><V8/><F70/><W102/><G102/><T13/><D107/><U74/><E114/><V127/><F127/><W77/><G77/><T108/><D108/><U44/><E37/><V51/><F67/><W18/><G18/><T43/><D43/><U129/><E129/><V87/><F72/><W11/><G11/><T134/><D14/><U45/><E74/><V28/><F20/><W128/><G128/><T71/><D71/><U99/><E41/><V46/><F8/><W117/><G117/><T73/><D13/><U22/><E36/><V135/><F4/><W101/><G101/><T10/><D10/><U118/><E33/><V94/><F103/><W48/><G48/><T23/><D73/><U76/><E76/><V58/><F58/><W65/><G65/><T34/><D83/><U24/><E118/><V55/><F135/><N who="1" m="51785" /><E25/><V5/><F5/><W42/><G42/><T47/><D134/><U64/><E66/><V59/><F56/><W19/><G19/><RYUUKYOKU ba="0,0" sc="250,10,250,-30,250,10,250,10" hai0="21,23,31,34,47,50,53,89,90,91,97,100,106" hai2="28,29,46,49,51,52,55,59,79,80,87,92,94" hai3="1,2,3,84,86,88,93" /><INIT seed="0,1,0,5,1,2" ten="260,220,260,260" oya="0" hai0="104,48,133,77,63,5,24,37,6,109,74,105,127" hai1="67,79,25,40,82,23,61,18,54,73,126,51,33" hai2="52,41,112,93,59,26,94,118,135,7,128,39,116" hai3="60,17,123,30,53,120,22,68,106,84,96,10,78"/><T43/><D37/><U11/><E126/><V66/><F112/><W83/><G30/><T99/><D74/><U42/><E33/><V55/><F66/><N who="3" m="41031" /><G53/><T115/><D115/><U56/><REACH who="1" step="1"/><E11/><REACH who="1" ten="260,210,260,260" step="2"/><V12/><F118/><W88/><G10/><T8/><D127/><U49/><E49/><V91/><F116/><W103/><G123/><T16/><D133/><U21/><E21/><V119/><F135/><W108/><G120/><T129/><D8/><U46/><AGARI ba="1,1" hai="18,23,25,40,42,46,51,54,56,61,67,73,79,82" machi="46" ten="20,5200,0" yaku="1,1,0,1,7,1,53,1" doraHai="2" doraHaiUra="20" who="1" fromWho="1" sc="260,-27,210,65,260,-14,260,-14" /><INIT seed="1,0,0,4,0,83" ten="233,275,246,246" oya="1" hai0="5,119,63,35,122,110,88,76,7,109,56,36,43" hai1="29,47,93,128,87,21,82,120,28,91,103,115,3" hai2="81,50,111,22,102,55,127,96,58,53,99,41,132" hai3="32,57,40,25,13,97,19,69,30,62,74,94,106"/><U48/><E120/><V121/><F121/><W60/><G74/><T86/><D122/><U16/><E3/><V44/><F111/><N who="0" m="42506" /><D35/><U24/><E128/><V33/><F33/><W38/><G106/><T10/><D76/><U31/><E115/><V72/><F132/><W61/><G69/><T65/><D119/><U64/><E64/><V126/><F55/><W67/><G40/><T95/><D10/><U6/><E6/><N who="0" m="2057" /><D43/><N who="1" m="24703" /><E103/><V8/><F8/><W123/><G38/><AGARI ba="0,0" hai="36,38,56,63,65,86,88,95" m="2057,42506" machi="38" ten="30,3900,0" yaku="14,1,52,1,54,1" doraHai="83" who="0" fromWho="3" sc="233,39,275,0,246,0,246,-39" /><INIT seed="2,0,0,5,3,42" ten="272,275,246,207" oya="2" hai0="119,43,29,68,36,0,40,115,93,34,81,74,123" hai1="12,76,84,58,54,69,27,31,62,118,128,90,108" hai2="30,24,64,45,59,13,85,10,11,104,65,4,71" hai3="56,52,121,23,38,35,2,111,82,132,73,66,26"/><V129/><F71/><W96/><G121/><T70/><D123/><U6/><E118/><V106/><F129/><W48/><G38/><T107/><D93/><U101/><E128/><V20/><F106/><W1/><G35/><T130/><D40/><U91/><E108/><V63/><F104/><W39/><G39/><T18/><D18/><U87/><E101/><V116/><F116/><W86/><G111/><T122/><D122/><U61/><E76/><V15/><F85/><W19/><G132/><T127/><D130/><U79/><E79/><V21/><F21/><W8/><G73/><T5/><D119/><U95/><E69/><V89/><F89/><W17/><G66/><T80/><D80/><U37/><E37/><V88/><F88/><W14/><REACH who="3" step="1"/><G96/><REACH who="3" ten="272,275,246,197" step="2"/><T97/><D97/><U3/><E87/><V114/><F65/><W60/><G60/><T72/><D72/><U105/><E62/><V77/><F64/><W83/><G83/><T9/><D74/><U113/><E61/><V135/><F135/><W124/><G124/><T117/><D127/><U109/><E84/><V99/><F99/><W67/><G67/><T16/><D117/><U133/><E109/><V126/><F126/><W134/><G134/><T22/><D68/><U57/><E133/><V75/><F75/><W112/><G112/><T49/><D70/><U94/><E113/><V41/><F63/><W25/><G25/><T50/><D115/><U7/><E27/><V103/><F114/><W98/><G98/><T53/><D34/><U125/><E125/><V51/><F24/><W32/><G32/><RYUUKYOKU ba="0,1" sc="272,-10,275,-10,246,-10,197,30" hai3="1,2,8,14,17,19,23,26,48,52,56,82,86" /><INIT seed="3,1,1,5,3,96" ten="262,265,236,227" oya="3" hai0="1,101,10,82,72,33,4,35,127,20,52,89,57" hai1="6,61,56,66,118,68,79,54,85,7,100,27,84" hai2="24,87,42,110,123,119,130,0,83,5,49,40,44" hai3="135,71,77,121,3,131,9,13,113,103,95,106,122"/><W38/><G113/><T92/><D127/><U88/><E118/><V19/><F119/><W69/><G95/><T60/><D20/><U86/><E79/><V47/><F110/><W134/><G38/><T63/><D63/><U111/><E111/><V128/><F123/><N who="3" m="47115" /><G77/><T16/><D16/><U109/><E109/><V59/><F5/><N who="3" m="1215" /><G13/><T17/><D17/><U108/><E108/><V39/><F0/><W64/><G131/><N who="2" m="50217" /><F59/><W34/><G34/><T26/><D26/><U98/><E27/><V29/><F19/><W58/><G58/><T50/><D50/><U32/><E32/><N who="2" m="20519" /><F87/><W104/><G104/><T8/><D8/><U80/><E86/><V93/><F93/><W114/><G114/><T14/><D1/><U18/><E85/><V70/><F83/><W46/><G46/><T2/><D2/><U30/><E18/><V15/><F15/><W73/><G73/><T53/><D72/><U41/><E30/><V55/><F70/><N who="3" m="26635" /><G64/><N who="0" m="38927" /><D35/><U124/><E124/><V21/><F21/><W94/><G94/><T28/><D33/><U116/><E116/><V12/><F12/><W67/><G67/><T23/><D23/><U51/><E41/><AGARI ba="1,1" hai="39,40,41,42,44,47,49,55" m="20519,50217" machi="41" ten="30,1000,0" yaku="19,1" doraHai="96" who="2" fromWho="1" sc="262,0,265,-13,236,23,227,0" /><INIT seed="4,0,0,1,0,111" ten="262,252,259,227" oya="0" hai0="36,57,5,43,71,49,13,6,84,131,100,114,69" hai1="46,106,126,83,107,91,120,92,72,23,73,130,115" hai2="94,24,96,105,86,75,9,1,3,16,58,60,45" hai3="41,42,113,133,97,33,55,66,35,39,109,102,78"/><T34/><D34/><U93/><E120/><V79/><F75/><N who="1" m="28745" /><E46/><V65/><F105/><N who="1" m="39945" /><E23/><N who="2" m="13415" /><F3/><W32/><G109/><T10/><D36/><U26/><E26/><V15/><F1/><W110/><G110/><T104/><D5/><U77/><E130/><V134/><F134/><W99/><G66/><T124/><D131/><U85/><E126/><V29/><F29/><W11/><G39/><T70/><D124/><U112/><E93/><V74/><F74/><AGARI ba="0,0" hai="74,77,83,85,91,92,112,115" m="39945,28745" machi="74" ten="40,8000,1" yaku="34,2,52,2" doraHai="111" who="1" fromWho="2" sc="262,0,252,80,259,-80,227,0" /><INIT seed="5,0,0,5,1,5" ten="262,332,179,227" oya="1" hai0="132,30,82,11,58,56,46,12,118,114,133,61,124" hai1="121,55,116,63,70,47,65,2,54,24,106,53,94" hai2="112,98,104,99,44,16,49,57,7,88,31,27,43" hai3="14,108,111,96,89,19,92,79,128,37,100,51,67"/><U86/><E106/><V17/><F112/><W73/><G37/><T71/><D118/><U85/><E116/><V32/><F7/><W3/><G3/><T34/><D114/><U21/><E2/><V117/><F117/><W75/><G128/><T101/><D124/><U69/><E69/><V39/><F104/><N who="3" m="63495" /><G73/><T122/><D122/><U130/><E130/><V64/><F99/><W123/><G51/><T135/><D101/><U127/><E127/><V50/><F39/><W52/><G52/><N who="0" m="33991" /><D71/><U38/><E121/><V20/><F32/><W33/><G67/><T83/><D46/><U9/><E94/><N who="2" m="56647" /><F49/><W97/><G33/><T26/><D56/><U13/><E47/><V40/><F40/><W36/><G36/><T48/><D48/><U126/><E38/><V103/><F103/><W6/><G123/><T4/><AGARI ba="0,0" hai="4,11,12,26,30,34,82,83,132,133,135" m="33991" machi="4" ten="30,4000,0" yaku="20,1,52,1,54,1" doraHai="5" who="0" fromWho="0" sc="262,40,332,-20,179,-10,227,-10" /><INIT seed="6,0,0,3,5,29" ten="302,312,169,217" oya="2" hai0="62,75,42,121,28,37,91,80,21,5,81,78,15" hai1="86,90,23,12,34,131,51,39,107,10,38,105,117" hai2="58,57,104,127,116,46,129,74,85,120,94,0,118" hai3="96,16,49,45,36,30,11,61,83,130,82,112,88"/><V59/><F120/><W3/><G130/><T99/><D121/><U4/><E117/><V54/><F104/><W13/><G36/><T134/><D134/><U8/><E34/><V35/><F74/><W7/><G112/><T40/><D37/><U56/><E56/><V69/><F69/><W31/><G61/><T122/><D122/><U95/><E51/><V135/><F0/><W113/><G113/><T77/><D62/><U110/><E23/><V43/><F35/><W115/><G115/><T92/><D5/><U126/><E131/><V114/><F114/><W123/><G123/><T66/><D66/><U27/><E27/><V63/><F129/><W14/><G3/><T132/><D132/><U33/><E33/><V125/><F135/><W100/><G30/><T128/><D128/><U67/><E126/><N who="2" m="48139" /><F94/><N who="3" m="56391" /><G100/><T55/><D55/><U50/><E105/><V19/><F19/><W101/><G101/><T109/><D109/><U65/><E107/><V103/><F103/><W1/><G31/><T133/><D133/><U93/><E110/><V71/><F85/><W111/><G111/><T89/><D28/><U73/><E86/><V76/><F76/><N who="0" m="29290" /><D75/><U124/><E73/><V26/><F26/><W48/><G1/><T108/><D108/><U44/><E124/><V18/><F18/><W97/><G97/><T70/><D70/><U102/><E4/><V17/><F17/><W72/><G72/><T60/><D99/><U79/><E79/><V106/><F106/><W32/><G16/><N who="0" m="10399" /><D92/><U47/><E102/><V22/><F71/><W119/><G7/><T64/><D81/><RYUUKYOKU ba="0,0" sc="302,0,312,0,169,0,217,0" /><INIT seed="7,1,0,3,3,49" ten="302,312,169,217" oya="3" hai0="4,110,76,13,107,33,104,94,83,35,126,43,103" hai1="112,114,92,54,99,70,29,20,129,106,109,132,23" hai2="119,118,44,50,56,12,19,18,72,60,116,57,61" hai3="123,24,84,71,22,21,51,41,131,31,62,63,135"/><W69/><G123/><T28/><D110/><U111/><E106/><V64/><F72/><W117/><G117/><T17/><D107/><U100/><E132/><V37/><F12/><W91/><G135/><T8/><D104/><U77/><E70/><V115/><F115/><N who="1" m="44073" /><E129/><V34/><F34/><W120/><G120/><T128/><D128/><U105/><E77/><V85/><F37/><W26/><G131/><T113/><D113/><U101/><E54/><N who="2" m="30023" /><F85/><W53/><G41/><T96/><D126/><U52/><E101/><V82/><F82/><N who="3" m="49559" /><G69/><T30/><D43/><U95/><E92/><V25/><F25/><W90/><G90/><T39/><D39/><U93/><E95/><V45/><F19/><N who="3" m="12351" /><G71/><T98/><D98/><U48/><E105/><V75/><F18/><W46/><AGARI ba="1,0" hai="22,26,31,46,51,53,62,63" m="12351,49559" machi="46" ten="30,3000,0" yaku="8,1,52,1" doraHai="49" who="3" fromWho="3" sc="302,-11,312,-11,169,-11,217,33" /><INIT seed="7,2,0,4,3,97" ten="291,301,158,250" oya="3" hai0="48,25,14,3,110,68,45,40,55,109,72,71,116" hai1="65,35,126,122,84,46,23,112,94,77,64,19,128" hai2="134,76,54,15,27,119,6,91,7,17,113,18,133" hai3="103,125,79,81,12,58,56,39,75,124,104,29,52"/><W82/><G39/><N who="0" m="21663" /><D72/><U34/><E122/><V49/><F76/><W114/><G114/><T57/><D14/><U66/><E112/><V135/><F113/><W101/><G29/><T80/><D80/><U42/><E128/><V89/><F119/><W31/><G31/><T129/><D3/><U10/><E126/><N who="3" m="48746" /><G104/><T28/><D116/><U105/><E105/><V90/><F27/><W111/><G111/><N who="0" m="42507" /><D25/><U47/><E35/><V8/><REACH who="2" step="1"/><F7/><REACH who="2" ten="291,301,148,250" step="2"/><W16/><G81/><T87/><D129/><U20/><E77/><V50/><F50/><N who="3" m="30743" /><G58/><AGARI ba="2,1" hai="6,8,15,17,18,49,54,58,89,90,91,133,134,135" machi="58" ten="50,3200,0" yaku="1,1,20,1,53,0" doraHai="97" doraHaiUra="100" who="2" fromWho="3" sc="291,0,301,0,148,48,250,-38" owari="291,9.0,301,40.0,196,-30.0,212,-19.0" /></mjloggm>