<mjloggm ver="2.3"><GO type="41"/><UN n0="%E9%BB%92%E3%81%84%E9%AB%AA%E3%81%AE%E5%B0%91%E5%A5%B3" n1="%6D%6F%74%6F%79%61" n2="%EF%BC%88%E2%89%A7%E2%96%BD%E2%89%A6%EF%BC%89" n3="%73%75%74%65%6C%61" dan="14,13,15,13" rate="1890,1847,2013,1854" sx="M,M,M,M"/><TAIKYOKU oya="0"/><INIT seed="0,0,0,4,4,114" ten="250,250,250,250" oya="0" hai0="87,37,49,25,132,90,5,75,80,121,122,116,105" hai1="67,41,16,85,124,74,117,19,108,126,43,35,51" hai2="123,97,76,2,14,28,22,58,72,111,82,6,69" hai3="60,53,102,15,70,100,48,63,66,12,127,107,98"/><T27/><D116/><U61/><E117/><V38/><F123/><W1/><G127/><N who="1" m="48682" /><E35/><V125/><F69/><W9/><G1/><T11/><D37/><U95/><E74/><V18/><F125/><W113/><G113/><T104/><D75/><U128/><E128/><V7/><F111/><W78/><G9/><T24/><D132/><U30/><E108/><V44/><F2/><W86/><G60/><T68/><D68/><N who="1" m="42095" /><E30/><V52/><F28/><W55/><G102/><T31/><D31/><U46/><E43/><V77/><F77/><W0/><G0/><T34/><D34/><U20/><E20/><V36/><F97/><W103/><G103/><T129/><D129/><U115/><E115/><V17/><F17/><W109/><G109/><T119/><D119/><U59/><E59/><V71/><F71/><W73/><G73/><T4/><D49/><U62/><E62/><V84/><F72/><W130/><G78/><T120/><REACH who="0" step="1"/><D11/><REACH who="0" ten="240,250,250,250" step="2"/><U42/><E42/><V93/><F36/><W8/><G48/><T13/><D13/><U64/><E64/><V134/><F134/><W29/><G15/><T96/><D96/><U91/><AGARI ba="0,1" hai="16,19,41,46,51,85,91,95" m="42095,48682" machi="91" ten="30,2000,0" yaku="18,1,54,1" doraHai="114" who="1" fromWho="1" sc="240,-10,250,30,250,-5,250,-5" /><INIT seed="1,0,0,1,1,44" ten="230,280,245,245" oya="1" hai0="84,116,87,36,38,58,105,124,46,63,21,64,112" hai1="100,4,88,32,2,15,126,35,6,107,54,43,13" hai2="119,97,85,57,110,94,28,78,115,37,41,108,79" hai3="114,98,10,86,113,12,129,48,81,135,99,67,42"/><U19/><E43/><V16/><F119/><W26/><G114/><T117/><D112/><U131/><E107/><V134/><F115/><W132/><G129/><T3/><D105/><U59/><E100/><V83/><F134/><N who="3" m="51243" /><G113/><T55/><D124/><U11/><E131/><V121/><F121/><W118/><G67/><T20/><D3/><U90/><E126/><V18/><F28/><W62/><G62/><T104/><D104/><U68/><E68/><V8/><F78/><N who="3" m="46391" /><G26/><T61/><D117/><U106/><E106/><V49/><F37/><W53/><G118/><T60/><D116/><U56/><E56/><V22/><F8/><W72/><G72/><T69/><D38/><U92/><E90/><N who="2" m="55511" /><F22/><N who="0" m="8810" /><D36/><U7/><E2/><V71/><F71/><W123/><G123/><T70/><D70/><U31/><E31/><V50/><F57/><W125/><G125/><T29/><D69/><U1/><E1/><V89/><F79/><W40/><G53/><T120/><D29/><U45/><E45/><V5/><F41/><W30/><G40/><T133/><D120/><U0/><E0/><V96/><F96/><W130/><G30/><T103/><D133/><U33/><E13/><V52/><F5/><N who="3" m="3151" /><G130/><T122/><D122/><U34/><N who="1" m="8192" /><DORA hai="14" /><U25/><E25/><V95/><F52/><W74/><G74/><T80/><D55/><U23/><E54/><V51/><F83/><W109/><G109/><AGARI ba="0,0" hai="16,18,49,50,51,85,89,95,108,109,110" m="55511" machi="109" ten="30,12000,2" yaku="14,1,52,5,54,1" doraHai="44,14" who="2" fromWho="3" sc="230,0,280,0,245,120,245,-120" /><INIT seed="2,0,0,4,2,56" ten="230,280,365,125" oya="2" hai0="38,41,26,116,12,118,54,90,119,102,52,70,35" hai1="92,8,126,1,16,69,13,133,27,7,85,14,49" hai2="34,24,98,40,80,108,3,18,57,29,30,122,15" hai3="88,42,73,36,53,103,63,47,112,66,77,99,68"/><V62/><F122/><W10/><G112/><T89/><D102/><U59/><E69/><V67/><F108/><W43/><G43/><T23/><D70/><U55/><E126/><V121/><F121/><W91/><G10/><T135/><D135/><U51/><E133/><V72/><F3/><W65/><G65/><T76/><D76/><U129/><E129/><V107/><F40/><W114/><G114/><T105/><D105/><U94/><E27/><V123/><F123/><W106/><REACH who="3" step="1"/><G53/><REACH who="3" ten="230,280,365,115" step="2"/><N who="0" m="20587" /><D41/><U2/><E2/><V61/><F67/><W96/><G96/><T113/><D113/><U5/><E1/><V0/><F98/><W22/><G22/><T115/><D38/><U97/><E97/><V6/><F0/><W33/><G33/><T132/><D115/><U50/><E85/><V75/><F34/><W82/><AGARI ba="0,1" hai="36,42,47,63,66,68,73,77,82,88,91,99,103,106" machi="82" ten="30,8000,1" yaku="1,1,0,1,52,1,54,1,53,1" doraHai="56" doraHaiUra="71" who="3" fromWho="3" sc="230,-20,280,-20,365,-40,115,90" /><INIT seed="3,0,0,1,2,26" ten="210,260,325,205" oya="3" hai0="99,86,20,37,8,43,81,25,106,119,117,5,109" hai1="3,121,30,27,126,70,72,125,44,79,69,96,58" hai2="31,60,67,35,28,66,102,120,32,9,56,90,77" hai3="93,127,19,16,108,122,22,84,1,68,74,132,45"/><W131/><G122/><T63/><D109/><U75/><E121/><V12/><F120/><W57/><G68/><N who="1" m="26218" /><E79/><V59/><F102/><W11/><G74/><T107/><D43/><U112/><E112/><V65/><F77/><W113/><G113/><T23/><D37/><U129/><E3/><V55/><F90/><W64/><G132/><T130/><D63/><U78/><E129/><V18/><REACH who="2" step="1"/><F56/><REACH who="2" ten="210,260,315,205" step="2"/><W83/><G57/><T39/><D130/><U82/><E58/><V97/><F97/><W101/><G131/><T89/><D99/><U41/><E96/><V6/><F6/><W0/><G101/><T53/><D119/><U47/><E78/><V111/><F111/><W40/><G108/><T42/><D117/><U110/><E110/><V114/><F114/><W21/><G93/><T118/><D118/><U73/><E82/><V105/><F105/><W46/><G83/><T80/><D107/><U10/><E44/><V116/><F116/><W38/><G46/><T123/><D106/><U95/><E95/><V92/><F92/><W48/><G84/><T36/><D81/><U33/><E10/><V51/><F51/><W61/><G11/><T94/><D8/><U2/><E2/><V62/><F62/><W71/><G0/><T49/><D123/><U76/><E76/><V104/><F104/><W91/><G1/><T103/><D80/><U128/><E128/><V85/><F85/><W14/><G91/><T29/><D103/><U98/><E98/><V15/><F15/><W17/><G14/><T34/><D94/><U134/><E134/><V54/><F54/><RYUUKYOKU ba="0,1" sc="210,-15,260,15,315,15,205,-15" hai1="27,30,33,41,47,72,73,75,125,126" hai2="9,12,18,28,31,32,35,55,59,60,65,66,67" /><INIT seed="4,1,1,3,5,42" ten="195,275,330,190" oya="0" hai0="112,17,40,53,132,2,58,12,97,67,135,91,80" hai1="122,83,35,49,43,106,32,98,34,121,118,73,120" hai2="41,114,51,69,127,28,8,87,82,26,15,109,21" hai3="100,111,9,45,116,7,117,31,89,13,59,78,38"/><T46/><D2/><U65/><E118/><V105/><F109/><W115/><G111/><T81/><D67/><U113/><E65/><V79/><F69/><W84/><G115/><T71/><D71/><U23/><E113/><V5/><F114/><W102/><G116/><T6/><D6/><U134/><E134/><N who="0" m="51241" /><D112/><U119/><E119/><V64/><F127/><W125/><G125/><T57/><D97/><U55/><E43/><V14/><F64/><W62/><G31/><T0/><D0/><U86/><E73/><V16/><F105/><W124/><G78/><T30/><D30/><U110/><E110/><V36/><F36/><W66/><G124/><T99/><D99/><U93/><E106/><V20/><F41/><W131/><G131/><T24/><D24/><U11/><E11/><V29/><F51/><W103/><G117/><T75/><D75/><U4/><E4/><V48/><F48/><W60/><G38/><N who="0" m="21783" /><D91/><U52/><E23/><V95/><F29/><W128/><G128/><T68/><D68/><U56/><E55/><V61/><F61/><W63/><G62/><N who="0" m="36143" /><D58/><U129/><E129/><V133/><F133/><W107/><G107/><T39/><D39/><U96/><REACH who="1" step="1"/><E93/><AGARI ba="1,1" hai="5,8,14,15,16,20,21,26,28,79,82,87,93,95" machi="93" ten="40,2600,0" yaku="8,1,54,1" doraHai="42" who="2" fromWho="1" sc="195,0,275,-29,330,39,190,0" /><INIT seed="5,0,0,3,2,2" ten="195,246,369,190" oya="1" hai0="124,122,51,13,119,116,30,21,35,68,130,46,63" hai1="6,39,31,19,82,59,11,54,127,111,95,120,135" hai2="41,67,66,10,133,108,4,17,129,33,23,109,18" hai3="92,7,77,105,53,121,115,99,103,0,55,104,113"/><U70/><E39/><V107/><F107/><W62/><G121/><T15/><D122/><U110/><E120/><V44/><F33/><W79/><G62/><T102/><D102/><U80/><E70/><V5/><F133/><W91/><G104/><T58/><D124/><U73/><E135/><V37/><F129/><W26/><G26/><T36/><D130/><U118/><E118/><V27/><F17/><W125/><G125/><T94/><D68/><U25/><E127/><V88/><F4/><W3/><G3/><T114/><D36/><U75/><E19/><V65/><REACH who="2" step="1"/><F88/><REACH who="2" ten="195,246,359,190" step="2"/><N who="3" m="55687" /><G105/><T22/><D35/><U12/><E80/><V134/><F134/><W42/><G91/><T45/><D116/><U20/><E82/><V40/><F40/><W93/><G42/><T87/><D119/><U34/><E95/><V69/><F69/><W100/><G93/><T81/><D94/><U106/><E106/><V1/><AGARI ba="0,1" hai="1,5,10,18,23,27,37,41,44,65,66,67,108,109" machi="1" ten="30,7900,0" yaku="1,1,0,1,52,1,53,1" doraHai="2" doraHaiUra="32" who="2" fromWho="2" sc="195,-20,246,-39,359,89,190,-20" /><INIT seed="6,0,0,2,5,77" ten="175,207,448,170" oya="2" hai0="43,39,86,40,57,17,93,101,19,74,10,133,27" hai1="36,62,79,9,84,25,11,37,116,61,60,96,26" hai2="80,122,92,132,28,67,1,94,56,72,107,97,8" hai3="33,89,112,114,21,75,2,16,46,3,47,45,128"/><V121/><F28/><W29/><G128/><T104/><D74/><U48/><E116/><V51/><F132/><W125/><G75/><T81/><D104/><U119/><E119/><V124/><F124/><W108/><G125/><T18/><D133/><U123/><E123/><V88/><F107/><W52/><G108/><T127/><D127/><U15/><E96/><V98/><F1/><W66/><G89/><N who="0" m="51407" /><D39/><U5/><E9/><V63/><F8/><W41/><G66/><T31/><D10/><U85/><E79/><V0/><F0/><N who="3" m="43" /><G41/><N who="0" m="15947" /><D57/><U99/><E99/><V58/><F58/><W32/><G29/><T73/><D73/><U109/><E109/><V87/><F72/><W12/><G33/><T129/><D129/><U14/><E36/><V70/><F70/><W111/><G32/><T134/><D134/><U42/><E37/><V110/><F110/><W115/><G111/><T35/><D35/><U135/><E135/><V102/><F51/><AGARI ba="0,0" hai="12,16,21,45,46,47,51,52,112,114,115" m="43" machi="51" ten="40,8000,1" yaku="15,1,11,1,54,2" doraHai="77" who="3" fromWho="2" sc="175,0,207,0,448,-80,170,80" /><INIT seed="7,0,0,5,3,76" ten="175,207,368,250" oya="3" hai0="39,89,18,38,44,79,2,20,70,78,72,133,135" hai1="31,13,114,77,59,16,37,84,117,23,85,34,94" hai2="29,109,43,8,26,48,104,40,129,56,6,47,80" hai3="30,105,126,123,90,115,96,55,58,63,67,111,100"/><W0/><G123/><T108/><D70/><U91/><E37/><V53/><F109/><W128/><G0/><T51/><D108/><U95/><E117/><V9/><F104/><W73/><G111/><T35/><D35/><U45/><E114/><V69/><F129/><W74/><G73/><T127/><D2/><U61/><E45/><V82/><F69/><W102/><G115/><T52/><D127/><U41/><E41/><V87/><F40/><W121/><G121/><T122/><D122/><U112/><E112/><V64/><F64/><W50/><G74/><T71/><D71/><U42/><E42/><V103/><F103/><W17/><G102/><T124/><D89/><N who="1" m="53543" /><E34/><V131/><F131/><W65/><G128/><T33/><D33/><U134/><E134/><N who="0" m="51209" /><D124/><U27/><E77/><V130/><F130/><W49/><G30/><T132/><N who="0" m="51217" /><T22/><DORA hai="81" /><D22/><N who="1" m="15863" /><E61/><V120/><F120/><W75/><G75/><T19/><D19/><U46/><E46/><V15/><F47/><W7/><G126/><T1/><D1/><U125/><E125/><V118/><F43/><W10/><G17/><T113/><D113/><U36/><E36/><N who="0" m="13865" /><D72/><U66/><E66/><V101/><F118/><W60/><G67/><T107/><D107/><U106/><E106/><V68/><F68/><W97/><G65/><T14/><AGARI ba="0,0" hai="14,18,20,44,51,52,78,79" m="13865,51217" machi="14" ten="50,3200,0" yaku="20,1,54,1" doraHai="76,81" who="0" fromWho="0" sc="175,32,207,-8,368,-8,250,-16" owari="207,-19.0,199,-30.0,360,46.0,234,3.0" /></mjloggm>