<mjloggm ver="2.3"><GO type="41"/><UN n0="%E7%84%A1%E7%87%88" n1="%56%45%4E%4F%4D" n2="%EF%BC%88%E2%89%A7%E2%96%BD%E2%89%A6%EF%BC%89" n3="%4B%61%72%79%75" dan="14,14,15,14" rate="1887,1906,1983,1884" sx="M,M,F,M"/><TAIKYOKU oya="0"/><INIT seed="0,0,0,0,3,112" ten="250,250,250,250" oya="0" hai0="134,5,131,55,30,135,56,80,111,93,100,86,67" hai1="103,115,43,42,19,133,65,91,7,51,25,66,119" hai2="110,125,79,114,28,108,94,14,23,33,49,39,17" hai3="130,98,48,92,16,32,6,107,62,53,13,122,29"/><T120/><D120/><U113/><E7/><V59/><F39/><W41/><G130/><T46/><D5/><U26/><E103/><V95/><F114/><N who="1" m="43529" /><E19/><V44/><F79/><W126/><G126/><T40/><D30/><U105/><E51/><V47/><F59/><W74/><G74/><T50/><D131/><U116/><E91/><V129/><F125/><W104/><G122/><T11/><D11/><U52/><E52/><N who="2" m="29735" /><F47/><W3/><G62/><T15/><D15/><U117/><E105/><V132/><F132/><N who="0" m="50730" /><D111/><N who="2" m="42538" /><F129/><W69/><G69/><T20/><D20/><U31/><E133/><V18/><F18/><W12/><G41/><N who="1" m="15370" /><E26/><AGARI ba="0,0" hai="14,17,23,26,28,33,94,95" m="42538,29735" machi="26" ten="30,2000,0" yaku="14,1,54,1" doraHai="112" who="2" fromWho="1" sc="250,0,250,-20,250,20,250,0" /><INIT seed="1,0,0,1,2,27" ten="250,230,270,250" oya="1" hai0="50,54,14,29,102,38,87,132,69,86,108,26,1" hai1="118,22,127,134,17,25,21,3,47,56,9,105,107" hai2="60,32,6,24,23,45,79,77,20,90,81,91,52" hai3="8,111,19,123,101,74,126,46,49,48,89,11,93"/><U67/><E118/><V7/><F32/><W43/><G123/><T31/><D1/><U117/><E117/><V124/><F124/><W120/><G126/><T30/><D38/><U128/><E127/><V66/><F66/><W37/><G120/><T58/><D69/><U39/><E128/><V83/><F60/><W110/><G74/><T85/><D108/><N who="3" m="41513" /><G101/><T133/><D102/><U4/><E134/><N who="0" m="51817" /><D14/><U59/><E47/><V82/><F45/><W131/><G131/><T57/><D57/><U103/><E39/><V72/><F52/><N who="3" m="29719" /><G37/><T44/><D44/><U80/><E80/><V36/><F36/><W18/><G43/><T115/><D115/><U78/><E78/><N who="2" m="29707" /><F72/><W55/><G55/><T99/><D99/><U116/><E67/><V130/><F130/><W114/><G49/><T42/><D42/><U68/><E68/><V113/><F113/><W88/><G114/><T122/><D122/><U2/><E116/><V61/><F61/><W71/><G71/><T65/><D65/><U28/><E2/><V41/><F41/><W33/><G33/><AGARI ba="0,0" hai="26,29,30,31,33,50,54,58,85,86,87" m="51817" machi="33" ten="30,7700,0" yaku="20,1,52,3" doraHai="27" who="0" fromWho="3" sc="250,77,230,0,270,0,250,-77" /><INIT seed="2,0,0,1,0,75" ten="327,230,270,173" oya="2" hai0="124,33,110,114,126,32,94,74,76,36,55,20,28" hai1="97,66,61,81,79,49,53,127,34,54,19,117,15" hai2="73,40,29,51,72,21,134,27,93,16,35,22,95" hai3="23,65,37,91,104,63,128,10,48,44,87,92,125"/><V121/><F121/><W69/><G128/><T30/><D36/><U64/><E34/><V113/><F113/><W0/><G104/><T131/><D114/><U129/><E117/><V112/><F112/><W67/><G125/><T99/><D110/><U102/><E127/><N who="0" m="48681" /><D131/><U18/><E129/><V13/><F134/><W123/><G123/><T135/><D55/><U31/><E31/><N who="0" m="11817" /><D20/><U46/><E53/><V45/><REACH who="2" step="1"/><F22/><REACH who="2" ten="327,230,260,173" step="2"/><W39/><G23/><T116/><D135/><U120/><E120/><V47/><F47/><W1/><G10/><T59/><D116/><U119/><E119/><V85/><F85/><W84/><G0/><T115/><D115/><U96/><E97/><V5/><F5/><W100/><G1/><T130/><D130/><U106/><E66/><V118/><F118/><W82/><G65/><T12/><D33/><U122/><E122/><V78/><F78/><W58/><G69/><T62/><D32/><U133/><E133/><V70/><F70/><W105/><G105/><T6/><D76/><U38/><E106/><V83/><F83/><W109/><G109/><T43/><D74/><AGARI ba="0,1" hai="13,16,21,27,29,35,40,45,51,72,73,74,93,95" machi="74" ten="40,12000,1" yaku="1,1,54,1,53,3" doraHai="75" doraHaiUra="107" who="2" fromWho="0" sc="327,-120,230,0,260,130,173,0" /><INIT seed="2,1,0,4,2,98" ten="207,230,390,173" oya="2" hai0="9,104,54,89,53,87,88,133,28,129,58,0,86" hai1="56,64,102,27,67,66,13,49,119,100,79,16,25" hai2="5,123,42,75,31,39,78,109,40,93,94,121,128" hai3="19,63,110,32,10,48,126,83,82,95,76,116,21"/><V30/><F5/><W34/><G116/><T105/><D133/><U81/><E119/><V45/><F128/><W117/><G117/><T11/><D129/><U97/><E97/><V91/><F109/><W69/><G126/><T71/><D28/><U124/><E124/><V62/><F62/><W57/><G110/><T68/><D58/><U59/><E79/><V101/><F101/><N who="1" m="39017" /><E81/><V24/><F78/><W118/><G118/><T14/><REACH who="0" step="1"/><D14/><REACH who="0" ten="197,230,390,173" step="2"/><U111/><E111/><V96/><F31/><W52/><G69/><T130/><D130/><U135/><E135/><V115/><F30/><W125/><G125/><T41/><D41/><U43/><E43/><V73/><F42/><W134/><G134/><T18/><D18/><U2/><E2/><AGARI ba="1,1" hai="0,2,9,11,53,54,68,71,86,87,88,89,104,105" machi="2" ten="25,6400,0" yaku="1,1,22,2,54,1,53,0" doraHai="98" doraHaiUra="15" who="0" fromWho="1" sc="197,77,230,-67,390,0,173,0" /><INIT seed="3,0,0,5,2,63" ten="274,163,390,173" oya="3" hai0="77,81,135,12,51,127,57,124,28,132,109,67,129" hai1="75,72,56,126,85,70,35,30,66,105,104,106,122" hai2="23,89,27,92,120,107,91,11,29,14,88,76,90" hai3="117,46,100,17,21,68,47,93,61,86,49,37,123"/><W102/><G123/><T97/><D109/><U78/><E85/><N who="2" m="52239" /><F107/><N who="1" m="27393" /><U116/><DORA hai="134" /><E56/><V58/><F120/><W24/><G117/><T41/><D28/><U94/><E94/><V5/><F76/><W19/><G37/><T26/><D26/><N who="1" m="18903" /><E122/><V119/><F119/><W6/><G68/><T74/><D97/><U130/><E116/><V108/><F108/><W25/><G6/><T31/><D31/><U20/><E20/><V128/><F128/><W83/><G61/><N who="0" m="38319" /><D12/><U48/><E48/><V103/><F103/><W1/><G1/><T131/><D51/><U73/><E130/><N who="0" m="49673" /><D41/><U53/><E53/><V18/><F58/><W3/><G3/><T9/><D9/><U101/><E101/><V96/><F96/><W84/><G93/><T2/><D2/><U34/><E78/><V43/><F43/><W112/><G112/><T69/><D69/><U33/><E126/><AGARI ba="0,0" hai="74,77,81,124,126,127,132,135" m="49673,38319" machi="126" ten="30,16000,3" yaku="30,2,18,1,19,1,52,4" doraHai="63,134" who="0" fromWho="1" sc="274,160,163,-160,390,0,173,0" /><INIT seed="4,0,0,0,0,75" ten="434,3,390,173" oya="0" hai0="92,82,79,112,39,54,59,19,60,8,55,50,51" hai1="85,66,42,117,135,72,41,62,121,63,84,98,78" hai2="114,33,2,32,64,30,77,53,48,46,100,0,56" hai3="128,1,106,126,115,93,21,9,61,94,123,127,29"/><T95/><D112/><U76/><E72/><V28/><F114/><W40/><G115/><T111/><D39/><U5/><E121/><V105/><F105/><W22/><G106/><T13/><D111/><U74/><E74/><V43/><F100/><W80/><G123/><T113/><D113/><U10/><E98/><V45/><F33/><W17/><G128/><T68/><D68/><U122/><E117/><V132/><F132/><W133/><G133/><T18/><D18/><U7/><E122/><V87/><F32/><W131/><G131/><T24/><D24/><U134/><E10/><V16/><F64/><AGARI ba="0,0" hai="5,7,41,42,62,63,64,66,76,78,84,85,134,135" machi="64" ten="25,6400,0" yaku="22,2,52,2" doraHai="75" who="1" fromWho="2" sc="434,0,3,64,390,-64,173,0" /><INIT seed="5,0,0,3,0,68" ten="434,67,326,173" oya="1" hai0="78,74,3,101,92,69,49,66,79,91,129,80,14" hai1="105,64,48,15,104,44,106,132,62,67,22,39,123" hai2="57,73,52,47,28,10,131,55,60,124,42,133,25" hai3="98,53,30,51,85,41,135,45,50,35,32,126,29"/><U2/><E123/><V117/><F117/><W18/><G135/><T102/><D129/><U58/><E2/><V121/><F121/><W86/><G126/><T75/><D3/><U95/><E132/><V93/><F133/><W36/><G35/><T26/><D26/><U65/><E39/><V99/><F73/><W94/><G32/><T4/><D49/><U134/><E134/><V9/><F124/><W81/><G18/><T112/><D112/><U20/><E95/><V116/><F55/><W107/><G107/><T97/><D14/><U100/><E100/><V125/><F116/><W8/><G8/><T114/><D4/><U24/><E15/><V127/><F131/><W87/><G81/><T115/><D66/><U128/><E128/><V6/><F6/><W23/><G23/><T7/><D7/><U77/><E77/><V88/><F127/><W63/><G63/><T90/><D69/><U1/><E1/><V38/><F125/><W70/><G70/><T5/><D5/><U61/><E24/><V59/><F59/><W72/><G72/><T33/><D33/><AGARI ba="0,0" hai="9,10,25,28,33,38,42,47,52,57,60,88,93,99" machi="33" ten="30,7700,0" yaku="7,1,52,1,54,2" doraHai="68" who="2" fromWho="0" sc="434,-77,67,0,326,77,173,0" /><INIT seed="6,0,0,4,4,12" ten="357,67,403,173" oya="2" hai0="22,61,13,87,4,92,6,111,15,124,66,75,83" hai1="122,100,59,85,132,112,110,5,27,134,65,79,57" hai2="53,21,133,26,9,33,60,119,118,86,67,10,131" hai3="105,74,115,48,102,43,68,0,93,42,2,101,129"/><V1/><F133/><W113/><G74/><T78/><D111/><U84/><E100/><N who="3" m="38506" /><G68/><T41/><D41/><N who="3" m="15369" /><G129/><T31/><D124/><U39/><E110/><V49/><F131/><W135/><G135/><T58/><D75/><U88/><E39/><V29/><F1/><N who="3" m="619" /><G105/><T95/><D92/><U128/><E128/><V30/><F30/><W24/><G93/><T107/><D107/><U64/><E134/><V36/><F36/><W17/><G48/><T47/><D95/><U94/><E132/><V34/><F34/><W90/><G90/><T54/><D47/><U89/><E94/><V104/><F104/><W23/><G24/><N who="0" m="16791" /><D66/><U126/><E27/><V80/><F33/><W109/><G109/><T45/><D45/><U99/><E126/><V52/><F67/><W3/><G23/><T46/><D46/><U98/><E65/><V38/><F38/><W70/><G70/><T44/><D44/><U130/><E64/><V35/><F35/><W73/><G73/><T108/><D108/><U71/><E130/><V11/><F21/><W82/><G82/><T37/><D37/><U50/><E71/><V120/><F80/><W69/><G69/><T72/><D72/><U18/><E98/><V106/><F106/><W97/><N who="3" m="627" /><W56/><DORA hai="121" /><G97/><T25/><D25/><U28/><E99/><V76/><F26/><W16/><G56/><T103/><D103/><U32/><E59/><V55/><F49/><W77/><G77/><T125/><D125/><U116/><E79/><V19/><F76/><W91/><G91/><T8/><D8/><U51/><E89/><RYUUKYOKU ba="0,0" sc="357,15,67,-15,403,-15,173,15" hai0="4,6,13,15,54,58,61,78,83,87" hai3="16,17,113,115" /><INIT seed="7,1,0,0,2,111" ten="372,52,388,188" oya="3" hai0="27,44,84,41,74,37,51,95,70,32,47,22,40" hai1="23,28,109,133,134,10,119,30,98,63,114,80,106" hai2="57,45,87,12,123,0,18,115,60,55,65,66,16" hai3="1,94,36,118,29,73,34,92,129,89,56,69,14"/><W105/><G36/><T86/><D74/><U88/><E119/><V126/><F0/><W127/><G73/><T75/><D32/><U135/><E109/><V59/><F126/><W39/><G69/><T64/><D75/><U48/><E63/><N who="2" m="38143" /><F123/><W96/><G39/><T5/><D5/><U54/><E10/><V13/><F115/><W43/><G1/><T17/><D70/><U33/><E33/><V72/><F72/><W102/><G118/><T58/><D95/><U100/><E23/><N who="2" m="11655" /><F87/><W85/><G127/><T107/><REACH who="0" step="1"/><D107/><REACH who="0" ten="362,52,388,188" step="2"/><U76/><E114/><V46/><F66/><W67/><G105/><T50/><D50/><U82/><E76/><V104/><F104/><W3/><G129/><T124/><D124/><U4/><E4/><V132/><F132/><W35/><G35/><T97/><D97/><U19/><E82/><V31/><F31/><W53/><G34/><T93/><D93/><U101/><E101/><V25/><F25/><W112/><G29/><T20/><D20/><AGARI ba="1,1" hai="13,18,20,45,46,55,57,60" m="11655,38143" machi="20" ten="30,2000,0" yaku="8,1,54,1" doraHai="111" who="2" fromWho="0" sc="362,-23,52,0,388,33,188,0" owari="339,14.0,52,-45.0,421,52.0,188,-21.0" /></mjloggm>