<mjloggm ver="2.3"><GO type="169" lobby="0"/><UN n0="%E3%83%9A%E3%83%81%E3%83%A7%E3%83%BC%E3%83%AA%E3%83%B3" n1="%E3%83%88%E3%83%90%E3%82%BE" n2="%E5%9F%BA%E7%A4%8E%E8%AB%96" n3="%EF%BC%88%E2%89%A7%E2%96%BD%E2%89%A6%EF%BC%89" dan="17,17,17,17" rate="2169.86,2206.95,2145.61,2187.43" sx="M,M,M,M"/><TAIKYOKU oya="0"/><INIT seed="0,0,0,3,3,38" ten="250,250,250,250" oya="0" hai0="51,44,31,54,99,15,52,37,55,14,29,32,67" hai1="12,16,98,69,17,33,6,117,110,86,40,95,116" hai2="111,71,75,72,9,25,41,119,85,103,132,97,20" hai3="39,34,80,83,106,2,73,81,7,30,134,122,57"/><T50/><D37/><U128/><E69/><V63/><F111/><W113/><G106/><T18/><D67/><U91/><E33/><V58/><F132/><W93/><G113/><T126/><D126/><U68/><E68/><V104/><F71/><W112/><G112/><T127/><D127/><U8/><E110/><V26/><F26/><W102/><G73/><T89/><D32/><U19/><E128/><V131/><F131/><W59/><G134/><T92/><D15/><U65/><E65/><V133/><F133/><W45/><G122/><T74/><D74/><U114/><E114/><V118/><F9/><W35/><G35/><T135/><D135/><U107/><REACH who="1" step="1"/><E40/><REACH who="1" ten="250,240,250,250" step="2"/><V90/><F41/><W125/><G34/><T28/><REACH who="0" step="1"/><D51/><REACH who="0" ten="240,240,250,250" step="2"/><U27/><E27/><V53/><F118/><W123/><G125/><T121/><D121/><U94/><E94/><V49/><F49/><W47/><G93/><T66/><D66/><U60/><E60/><V130/><F119/><W46/><G123/><T79/><D79/><U1/><E1/><V64/><F64/><W48/><G2/><T24/><D24/><U115/><E115/><V105/><F130/><W108/><G48/><T43/><D43/><U76/><E76/><V129/><F129/><W87/><G108/><T96/><D96/><U13/><E13/><V100/><F105/><W36/><G36/><T78/><D78/><U22/><E22/><AGARI ba="0,2" hai="14,18,22,28,29,31,44,50,52,54,55,89,92,99" machi="22" ten="40,7700,0" yaku="1,1,8,1,54,1,53,0" doraHai="38" doraHaiUra="3" who="0" fromWho="1" sc="240,97,240,-77,250,0,250,0" /><INIT seed="0,1,0,2,2,126" ten="337,163,250,250" oya="0" hai0="35,109,58,78,128,84,40,11,69,98,124,63,55" hai1="59,37,47,70,61,99,17,75,105,7,38,30,127" hai2="3,6,1,72,26,13,54,23,18,48,86,10,28" hai3="123,125,41,8,120,68,46,21,57,60,27,33,4"/><T39/><D35/><U97/><E70/><V66/><F72/><W22/><G68/><T92/><D69/><U110/><E75/><V115/><F115/><W81/><G81/><N who="0" m="47159" /><D124/><U79/><E79/><V122/><F122/><N who="3" m="46635" /><G33/><T117/><D117/><U134/><E127/><V107/><F107/><W129/><G27/><T2/><D2/><U93/><E30/><V29/><F66/><N who="3" m="39183" /><G125/><T116/><D116/><U132/><E132/><V77/><F3/><N who="3" m="31" /><G129/><T80/><D11/><U0/><E105/><V62/><F62/><W108/><G108/><T102/><D80/><U135/><E110/><V5/><F5/><W87/><G87/><T82/><D109/><U95/><E7/><V96/><F1/><W119/><G119/><T34/><D34/><U25/><E0/><V104/><F86/><W36/><AGARI ba="1,0" hai="21,22,36,41,46" m="31,39183,46635" machi="36" ten="30,1100,0" yaku="13,1" doraHai="126" who="3" fromWho="3" sc="337,-6,163,-4,250,-4,250,14" /><INIT seed="1,0,0,5,5,112" ten="331,159,246,264" oya="1" hai0="11,97,103,115,7,71,13,74,85,101,66,12,133" hai1="4,54,98,134,25,40,28,107,127,110,36,63,88" hai2="47,124,80,76,50,84,14,109,77,51,69,16,79" hai3="123,5,87,24,113,10,94,56,95,121,48,42,2"/><U60/><E134/><V130/><F109/><W132/><G113/><T83/><D115/><U59/><E127/><V3/><F124/><W70/><G70/><T106/><D133/><U89/><E110/><V61/><F3/><W53/><G132/><T21/><D74/><U35/><E4/><V33/><F33/><W32/><G42/><T23/><D103/><U82/><E63/><V129/><F69/><W117/><G117/><T43/><D43/><U100/><REACH who="1" step="1"/><E82/><REACH who="1" ten="331,149,246,264" step="2"/><V64/><F61/><W72/><G5/><T30/><D7/><U1/><E1/><V22/><F64/><W20/><G2/><T135/><D83/><U52/><E52/><N who="2" m="29791" /><F51/><W34/><G48/><T49/><D135/><U114/><E114/><V55/><F55/><W99/><G53/><T96/><D49/><U45/><AGARI ba="0,1" hai="25,28,35,36,40,45,54,59,60,88,89,98,100,107" machi="45" ten="30,6000,0" yaku="1,1,0,1,54,1,53,0" doraHai="112" doraHaiUra="91" who="1" fromWho="1" sc="331,-20,149,70,246,-20,264,-20" /><INIT seed="1,1,0,1,3,54" ten="311,219,226,244" oya="1" hai0="24,51,40,14,133,41,37,118,128,87,80,130,39" hai1="15,3,53,18,103,71,90,36,12,122,43,55,70" hai2="124,16,45,99,58,21,97,120,91,49,46,47,65" hai3="108,0,27,1,134,77,66,109,35,75,135,104,129"/><U56/><E122/><V33/><F124/><W117/><G104/><T19/><D118/><U88/><E3/><N who="3" m="1098" /><G66/><T72/><D72/><U95/><E103/><V2/><F33/><W31/><G117/><T4/><D133/><N who="3" m="50697" /><G129/><N who="0" m="49771" /><D4/><U94/><E36/><N who="0" m="13897" /><D24/><U8/><E43/><V107/><F2/><W68/><G68/><T11/><D51/><U101/><E101/><V23/><F120/><W44/><G44/><N who="2" m="17001" /><F23/><W73/><G77/><AGARI ba="1,0" hai="11,14,19,40,41,77,80,87" m="13897,49771" machi="77" ten="30,1000,0" yaku="19,1" doraHai="54" who="0" fromWho="3" sc="311,13,219,0,226,0,244,-13" /><INIT seed="2,0,0,3,3,46" ten="324,219,226,231" oya="2" hai0="57,10,24,56,81,43,37,74,51,44,96,14,69" hai1="112,73,12,134,119,127,29,54,111,30,8,95,121" hai2="110,71,38,125,25,22,1,31,76,85,19,75,41" hai3="52,4,122,123,47,97,135,6,17,102,132,68,118"/><V36/><F1/><W62/><G118/><T108/><D108/><U109/><E112/><V79/><F110/><N who="1" m="41993" /><E73/><V117/><F75/><W100/><G17/><T26/><D69/><U39/><E39/><V116/><F71/><W67/><G47/><T80/><D96/><U66/><E66/><V106/><F106/><N who="3" m="63759" /><G102/><T3/><D3/><U113/><E113/><V7/><F7/><N who="3" m="2603" /><G52/><N who="0" m="31775" /><D74/><U13/><E119/><V107/><F107/><W124/><G124/><T131/><D37/><U11/><E127/><V128/><F125/><W101/><G101/><T16/><D131/><U115/><E115/><V87/><F128/><W32/><G32/><T94/><D94/><U133/><E121/><V60/><F36/><W0/><G0/><T23/><D57/><U104/><E104/><V21/><F116/><W72/><G72/><T55/><D43/><U105/><E105/><V90/><F41/><W92/><G92/><T126/><D126/><U49/><E95/><V50/><F38/><W58/><G68/><T27/><D23/><U33/><E33/><V40/><F117/><W35/><G35/><T18/><D18/><N who="1" m="8455" /><E29/><V82/><F31/><W99/><G99/><T61/><D61/><U89/><E30/><V15/><F60/><W5/><G5/><T70/><D70/><U34/><E34/><V91/><F22/><W64/><G64/><T20/><D20/><U65/><E65/><V9/><F9/><W114/><G114/><T88/><D88/><U63/><E63/><V2/><F2/><W42/><G42/><T129/><D129/><U103/><E11/><V78/><F40/><RYUUKYOKU ba="0,0" sc="324,15,219,-15,226,-15,231,15" hai0="10,14,16,24,26,27,44,55,80,81" hai3="58,62,67,122,123,132,135" /><INIT seed="3,1,0,2,3,33" ten="339,204,211,246" oya="3" hai0="32,22,23,45,64,14,69,91,65,123,84,61,74" hai1="82,36,6,90,28,132,131,51,59,7,1,122,4" hai2="17,29,125,60,113,107,37,99,62,88,47,43,92" hai3="66,9,19,12,105,75,68,108,114,13,104,127,79"/><W50/><G114/><T103/><D123/><U76/><E122/><V102/><F113/><W111/><G127/><T128/><D32/><U94/><E36/><V31/><F125/><W95/><G50/><T27/><D74/><U55/><E132/><V53/><F17/><W24/><G95/><T112/><D112/><U115/><E115/><V126/><F126/><W52/><G24/><T93/><D128/><U135/><E135/><V34/><F34/><W30/><G30/><T100/><D65/><U96/><E28/><V5/><F5/><W110/><G52/><T116/><D116/><U39/><E39/><V0/><F0/><W73/><G13/><T70/><D69/><U38/><E38/><V42/><F42/><W86/><G86/><T20/><D27/><U81/><E131/><V130/><F130/><W10/><G10/><T83/><D14/><U134/><E134/><V46/><F62/><N who="3" m="40023" /><G79/><T58/><D70/><U106/><E106/><AGARI ba="1,0" hai="9,12,19,73,75,104,105,106,108,110,111" m="40023" machi="106" ten="40,3900,0" yaku="14,1,10,1" doraHai="33" who="3" fromWho="1" sc="339,0,204,-42,211,0,246,42" /><INIT seed="3,2,0,4,2,105" ten="339,162,211,288" oya="3" hai0="103,135,83,52,38,125,60,43,98,47,71,25,128" hai1="111,86,82,100,77,73,113,99,58,27,74,95,11" hai2="64,123,17,93,63,112,44,115,88,85,5,89,119" hai3="65,57,80,1,9,22,46,34,6,32,90,117,96"/><W132/><G117/><T126/><D135/><U37/><E37/><V24/><F119/><W3/><G132/><T107/><D128/><U109/><E113/><V29/><F123/><W39/><G1/><T26/><D83/><U131/><E131/><V48/><F5/><W61/><G22/><T30/><D26/><U19/><E58/><V106/><F106/><W87/><REACH who="3" step="1"/><G96/><REACH who="3" ten="339,162,211,278" step="2"/><T114/><D114/><U108/><E11/><V16/><F112/><W55/><G55/><T68/><D52/><U121/><E121/><V118/><F115/><W134/><G134/><T2/><D2/><U62/><E62/><V4/><F118/><W92/><G92/><T54/><D54/><U53/><E53/><V49/><F93/><W76/><G76/><T133/><D133/><U56/><E56/><V84/><F44/><W50/><G50/><T31/><D31/><U18/><E27/><V78/><F48/><W129/><G129/><T81/><D81/><U69/><E69/><N who="0" m="26697" /><D60/><U33/><E33/><AGARI ba="2,1" hai="25,30,33,38,43,47,98,103,107,125,126" m="26697" machi="33" ten="30,1000,0" yaku="23,1" doraHai="105" who="0" fromWho="1" sc="339,26,162,-16,211,0,278,0" /><INIT seed="4,0,0,1,3,44" ten="365,146,211,278" oya="0" hai0="48,36,79,2,4,103,76,50,93,101,14,105,68" hai1="16,41,75,129,94,92,45,34,57,47,80,7,98" hai2="37,122,86,61,102,84,65,126,74,73,69,121,95" hai3="116,43,21,109,56,87,91,18,5,33,15,89,10"/><T132/><D36/><U81/><E34/><V60/><F37/><W118/><G109/><T40/><D68/><U67/><E7/><V85/><F126/><W135/><G135/><T120/><D120/><U17/><E129/><V63/><F65/><W97/><G33/><T133/><D105/><U110/><E110/><V77/><F69/><W42/><G118/><T53/><D2/><U125/><E125/><V96/><REACH who="2" step="1"/><F77/><REACH who="2" ten="365,146,201,278" step="2"/><W83/><G116/><T115/><D79/><U20/><E67/><V0/><F0/><W13/><G56/><T3/><D76/><U39/><E57/><V1/><F1/><W64/><G64/><T6/><D3/><U28/><E47/><V119/><F119/><W62/><G62/><T131/><D133/><U27/><E75/><AGARI ba="0,1" hai="60,61,63,73,74,75,84,85,86,95,96,102,121,122" machi="75" ten="50,1600,0" yaku="1,1,53,0" doraHai="44" doraHaiUra="32" who="2" fromWho="1" sc="365,0,146,-16,201,26,278,0" /><INIT seed="5,0,0,0,3,3" ten="365,130,227,278" oya="1" hai0="46,87,117,17,47,55,2,7,74,94,85,20,88" hai1="83,39,86,0,81,63,59,49,6,69,31,65,4" hai2="24,29,99,73,57,109,107,61,25,110,37,127,70" hai3="122,18,129,108,120,123,42,84,134,27,89,98,106"/><U90/><E39/><V41/><F24/><W52/><G108/><T26/><D74/><U71/><E31/><V125/><F73/><W130/><G42/><T95/><D117/><U91/><E0/><V102/><F41/><W43/><G43/><T115/><D115/><U38/><E38/><V48/><F48/><W76/><G134/><T112/><D112/><U33/><E33/><N who="2" m="20655" /><F37/><W77/><G18/><T126/><D126/><N who="2" m="48138" /><F70/><W14/><G14/><T124/><D124/><U66/><E66/><AGARI ba="0,0" hai="57,61,66,99,102,107,109,110" m="48138,20655" machi="66" ten="30,1000,0" yaku="18,1" doraHai="3" who="2" fromWho="1" sc="365,0,130,-10,227,10,278,0" /><INIT seed="6,0,0,0,3,27" ten="365,120,237,278" oya="2" hai0="10,68,89,75,19,67,106,1,48,38,103,25,18" hai1="122,99,121,114,92,77,69,20,58,90,97,113,46" hai2="117,5,21,93,37,108,60,54,71,32,107,39,76" hai3="111,63,14,16,56,83,66,74,135,64,33,128,43"/><V130/><F117/><W53/><G111/><T70/><D38/><U96/><E69/><V98/><F32/><W45/><G33/><T7/><D75/><U12/><E46/><V8/><F108/><W0/><G0/><T120/><D120/><N who="1" m="46187" /><E58/><V82/><F130/><W79/><G135/><T78/><D78/><U29/><E12/><V109/><F109/><W36/><REACH who="3" step="1"/><G128/><REACH who="3" ten="365,120,237,268" step="2"/><T131/><D131/><U65/><E65/><V59/><F71/><W42/><G42/><T61/><D1/><U134/><E134/><V95/><F37/><W101/><G101/><T2/><D103/><U91/><E77/><V110/><F39/><W40/><G40/><T28/><D2/><U105/><E105/><V41/><F41/><W4/><G4/><T102/><D7/><U129/><E129/><V49/><F110/><W26/><G26/><T133/><D25/><N who="1" m="16551" /><E91/><V52/><F107/><W30/><G30/><T125/><D28/><U85/><AGARI ba="0,1" hai="85,90,92,96,97,99,113,114" m="16551,46187" machi="85" ten="40,2700,0" yaku="13,1,52,1" doraHai="27" who="1" fromWho="1" sc="365,-7,120,37,237,-13,268,-7" /><INIT seed="7,0,0,3,2,47" ten="358,157,224,261" oya="3" hai0="57,8,14,2,121,101,78,16,34,4,62,123,88" hai1="86,17,67,84,64,115,80,104,82,43,20,7,85" hai2="25,96,68,36,40,58,54,53,125,29,112,83,15" hai3="52,3,18,113,116,95,117,132,131,105,110,6,90"/><W74/><G74/><T127/><D101/><U133/><E104/><V81/><F68/><W48/><G105/><T50/><D78/><U124/><E115/><V93/><F112/><W51/><G113/><T63/><D127/><U22/><E124/><V120/><F125/><W77/><G77/><T87/><D34/><U103/><E103/><V5/><F54/><W44/><G110/><T30/><D30/><U89/><E133/><V61/><F120/><W26/><G132/><T114/><D114/><U10/><E43/><V102/><F40/><W107/><G131/><T41/><D41/><U31/><E31/><V13/><F36/><W73/><G73/><T119/><D119/><U75/><E75/><V118/><F118/><W1/><G1/><T98/><D98/><U99/><E99/><V56/><F56/><N who="3" m="32775" /><G3/><T92/><D123/><U21/><E17/><V69/><F69/><W39/><G39/><T37/><D37/><U59/><E59/><V28/><F28/><W111/><G107/><T45/><D57/><U9/><E7/><V122/><F122/><W94/><G6/><T130/><D130/><U129/><E129/><V0/><F0/><W38/><G38/><T72/><D72/><U33/><E33/><V128/><F128/><W19/><G111/><T66/><D121/><U135/><E135/><V27/><F29/><W11/><G116/><T46/><D2/><U71/><E71/><V100/><F5/><W49/><G117/><T60/><D4/><U91/><E85/><V134/><F134/><W32/><G32/><T108/><D108/><U126/><E126/><RYUUKYOKU ba="0,0" sc="358,-10,157,30,224,-10,261,-10" hai1="9,10,20,21,22,64,67,80,82,84,86,89,91" owari="348,45.0,187,-31.0,214,-19.0,251,5.0" /></mjloggm>