<mjloggm ver="2.3"><GO type="41"/><UN n0="%E6%A1%90%E5%B1%B1%E9%9B%B6" n1="%E4%B9%99%E3%81%BD%E3%81%AB%E3%83%BC" n2="%EF%BD%8F%EF%BD%92%EF%BD%89%EF%BD%82%EF%BD%85" n3="%EF%BC%88%E2%89%A7%E2%96%BD%E2%89%A6%EF%BC%89" dan="14,13,16,14" rate="2010,1896,2005,2049" sx="M,M,M,M"/><TAIKYOKU oya="0"/><INIT seed="0,0,0,2,5,56" ten="250,250,250,250" oya="0" hai0="33,129,25,81,105,94,112,126,63,36,73,14,6" hai1="38,84,133,114,89,130,49,23,18,44,96,119,21" hai2="104,54,13,67,80,52,77,57,95,87,32,37,55" hai3="127,29,131,51,28,79,53,132,43,123,71,106,102"/><T93/><D112/><U40/><E119/><V5/><F32/><W47/><G123/><T11/><D105/><U16/><E114/><V48/><F37/><W7/><G132/><T22/><D33/><U8/><E133/><V124/><F104/><W107/><G131/><T26/><D36/><U111/><E111/><V90/><F124/><W78/><G127/><T62/><D126/><U92/><E130/><V100/><F100/><W91/><G71/><T110/><D110/><U74/><E74/><V9/><REACH who="2" step="1"/><F67/><REACH who="2" step="2"/><W41/><G102/><T42/><D129/><U125/><E38/><V118/><F118/><W85/><G107/><T120/><D120/><U98/><E125/><V117/><F117/><W128/><G106/><T64/><D64/><U76/><E76/><V15/><F15/><W24/><G85/><AGARI ba="0,1" hai="5,9,13,48,52,54,55,57,77,80,85,87,90,95" machi="85" ten="30,7700,0" yaku="1,1,7,1,8,1,54,1,53,0" doraHai="56" doraHaiUra="70" who="2" fromWho="3" sc="250,0,250,0,240,87,250,-77" /><INIT seed="1,0,0,4,3,42" ten="250,250,327,173" oya="1" hai0="66,131,134,88,72,87,71,11,16,94,14,68,67" hai1="26,41,113,79,135,28,121,20,10,46,30,70,2" hai2="97,43,69,39,108,7,105,90,25,44,27,110,17" hai3="65,0,13,1,55,52,61,100,120,56,109,132,83"/><U57/><E121/><V54/><F69/><W125/><G120/><T128/><D72/><U33/><E113/><V23/><F7/><W31/><G132/><T116/><D116/><U101/><E135/><V119/><F119/><W104/><G125/><T58/><D134/><U102/><E70/><N who="0" m="26665" /><D58/><U130/><E130/><AGARI ba="0,0" hai="11,14,16,66,67,87,88,94,128,130,131" m="26665" machi="130" ten="30,3900,0" yaku="19,1,54,2" doraHai="42" who="0" fromWho="1" sc="250,39,250,-39,327,0,173,0" /><INIT seed="2,0,0,2,2,54" ten="289,211,327,173" oya="2" hai0="79,135,66,103,25,104,96,132,87,92,99,116,57" hai1="119,16,22,12,63,18,59,129,101,39,32,126,76" hai2="27,80,55,35,65,46,90,42,8,26,74,4,19" hai3="58,23,109,127,14,3,123,91,34,48,31,44,107"/><V5/><F65/><W97/><G123/><T114/><D114/><U81/><E119/><V21/><F5/><W40/><G109/><T51/><D116/><U128/><E39/><V130/><F130/><N who="1" m="50281" /><E32/><V75/><F55/><W121/><G121/><T11/><D11/><N who="1" m="6175" /><E126/><V93/><F80/><W89/><G127/><T113/><D113/><U73/><E101/><V2/><F27/><W10/><G34/><T78/><D25/><U49/><E49/><V29/><F90/><W53/><G3/><T100/><D87/><U9/><E9/><V106/><F93/><W28/><G107/><T67/><D67/><N who="1" m="39423" /><E18/><V37/><F106/><W94/><G23/><AGARI ba="0,0" hai="22,23,73,76,81" m="39423,6175,50281" machi="23" ten="30,3900,0" yaku="19,1,52,1,54,1" doraHai="54" who="1" fromWho="3" sc="289,0,211,39,327,0,173,-39" /><INIT seed="3,0,0,3,2,123" ten="289,250,327,134" oya="3" hai0="35,97,132,45,112,100,53,28,16,76,118,62,8" hai1="31,108,70,65,83,92,74,82,106,3,40,89,49" hai2="85,4,126,103,24,79,84,78,23,10,90,134,2" hai3="57,125,20,87,25,60,42,17,86,21,6,114,130"/><W113/><G130/><T13/><D118/><U122/><E3/><V115/><F115/><W129/><G129/><T72/><D112/><U131/><E131/><V128/><F128/><W22/><G125/><T75/><D132/><U104/><E31/><V37/><F37/><W63/><G6/><T34/><D76/><U95/><E122/><V124/><F103/><W71/><G71/><T64/><D45/><U105/><E70/><V39/><F39/><W101/><G42/><T5/><D53/><U50/><E65/><V93/><F85/><N who="3" m="32267" /><G114/><T117/><D5/><U61/><E61/><N who="3" m="23626" /><G113/><T120/><D120/><U99/><E74/><V30/><F134/><W46/><G46/><T48/><D48/><U0/><E40/><V111/><F124/><W1/><G1/><T109/><D117/><U43/><E0/><V116/><F126/><W68/><G68/><T102/><D102/><U29/><E43/><V121/><F116/><W33/><G33/><T127/><D127/><U88/><E29/><V110/><REACH who="2" step="1"/><F121/><REACH who="2" step="2"/><W32/><G101/><T69/><D100/><U52/><E104/><V77/><AGARI ba="0,1" hai="2,4,10,23,24,30,77,78,79,84,90,93,110,111" machi="77" ten="30,8000,1" yaku="1,1,2,1,0,1,52,2,53,0" doraHai="123" doraHaiUra="15" who="2" fromWho="2" sc="289,-20,250,-20,317,90,134,-40" /><INIT seed="4,0,0,5,3,41" ten="269,230,407,94" oya="0" hai0="42,10,78,63,89,87,65,111,93,25,107,125,131" hai1="30,81,64,135,104,29,91,35,133,39,82,120,16" hai2="102,80,132,121,122,75,38,72,45,9,124,51,103" hai3="34,98,66,57,96,7,97,8,17,126,1,113,71"/><T70/><D107/><U43/><E120/><V68/><F68/><W116/><G116/><T129/><D125/><U6/><E35/><V56/><F38/><W52/><G126/><T123/><D123/><U36/><E104/><V118/><F124/><W134/><G113/><T94/><D111/><U110/><E110/><V26/><F132/><N who="1" m="50761" /><E64/><V32/><F9/><W49/><G134/><T28/><D78/><U24/><E6/><V27/><F56/><W33/><REACH who="3" step="1"/><G17/><REACH who="3" step="2"/><T109/><D109/><U128/><E16/><V62/><F118/><W88/><G88/><T112/><D112/><U50/><E91/><V101/><F121/><W108/><G108/><T73/><D129/><U13/><E128/><V19/><F122/><W23/><G23/><T31/><D131/><U0/><E39/><V127/><F19/><W59/><G59/><T77/><D70/><U79/><E36/><V55/><F32/><W4/><G4/><T119/><D89/><U85/><E79/><V86/><F127/><W60/><AGARI ba="0,1" hai="1,7,8,33,34,49,52,57,60,66,71,96,97,98" machi="60" ten="30,4000,0" yaku="1,1,0,1,54,1,53,0" doraHai="41" doraHaiUra="69" who="3" fromWho="3" sc="269,-20,230,-10,407,-10,84,50" /><INIT seed="5,0,0,2,2,93" ten="249,220,397,134" oya="1" hai0="31,87,39,84,68,110,134,128,125,48,7,18,132" hai1="107,65,50,88,131,89,13,74,29,4,72,129,109" hai2="86,117,47,90,62,80,61,101,66,135,104,1,108" hai3="46,98,77,40,94,92,45,6,116,14,28,111,53"/><U63/><E107/><V78/><F1/><W79/><G111/><T113/><D39/><U27/><E109/><V24/><F108/><W91/><G116/><T70/><D110/><U133/><E50/><V67/><F135/><N who="0" m="51754" /><D113/><U130/><E133/><V56/><F117/><W33/><G33/><T69/><D31/><U96/><E13/><V122/><F122/><W17/><G28/><T57/><D125/><U126/><E4/><V49/><F24/><W35/><G35/><T112/><D112/><U16/><E126/><V118/><F118/><W82/><G6/><T71/><D70/><N who="1" m="42303" /><E16/><V12/><F12/><W123/><G123/><T34/><D34/><N who="1" m="20799" /><E96/><V23/><F23/><W55/><G94/><T83/><D7/><U26/><E26/><V119/><F119/><W20/><G46/><T37/><D37/><U32/><E32/><V102/><F104/><W52/><REACH who="3" step="1"/><G82/><REACH who="3" step="2"/><T60/><D83/><U2/><E2/><V105/><F105/><W100/><G100/><T73/><D18/><U36/><E36/><AGARI ba="0,1" hai="14,17,20,36,40,45,52,53,55,77,79,91,92,98" machi="36" ten="40,5200,0" yaku="1,1,52,1,54,1,53,0" doraHai="93" doraHaiUra="0" who="3" fromWho="1" sc="249,0,220,-52,397,0,124,62" /><INIT seed="6,0,0,3,5,41" ten="249,168,397,186" oya="2" hai0="75,37,86,122,91,70,6,127,108,9,16,101,2" hai1="52,110,11,117,95,55,34,115,3,60,18,30,93" hai2="4,59,67,74,57,109,61,106,38,89,51,87,82" hai3="103,81,63,120,42,98,92,80,107,23,31,125,113"/><V54/><F38/><W129/><G120/><T114/><D122/><U69/><E110/><V99/><F106/><W130/><G125/><T0/><D108/><U133/><E117/><V83/><F109/><W33/><G113/><T105/><D37/><U29/><E115/><V84/><F74/><W20/><G42/><T40/><D40/><U48/><E133/><V126/><F126/><W97/><G33/><T132/><D75/><U78/><E78/><V131/><F131/><N who="3" m="50187" /><G63/><T66/><D114/><U94/><E34/><V28/><F28/><N who="1" m="10857" /><E3/><V8/><F99/><W121/><G121/><T79/><D0/><U24/><E69/><V44/><F59/><W68/><G68/><T123/><D79/><U49/><E60/><V64/><F8/><W25/><G20/><T39/><D39/><U65/><E65/><N who="2" m="39087" /><F4/><W111/><G111/><T13/><D123/><U43/><E43/><V88/><AGARI ba="0,0" hai="44,51,54,64,67,82,83,84,87,88,89" m="39087" machi="88" ten="30,6000,0" yaku="8,1,52,1,54,1" doraHai="41" who="2" fromWho="2" sc="249,-20,168,-20,397,60,186,-20" /><INIT seed="6,1,0,4,1,125" ten="229,148,457,166" oya="2" hai0="14,64,110,91,77,123,55,15,36,71,93,10,114" hai1="24,81,30,118,85,132,39,3,48,97,95,72,101" hai2="60,111,28,49,90,103,58,46,62,127,8,25,98" hai3="0,87,92,29,86,66,84,68,2,33,16,124,135"/><V79/><F127/><W119/><G124/><T41/><D110/><U37/><E118/><V126/><F126/><W75/><G75/><T38/><D123/><U69/><E69/><V65/><F79/><W40/><G119/><T107/><D107/><U121/><E121/><V1/><F90/><W117/><G117/><T21/><D77/><U51/><E132/><V53/><F1/><W47/><G135/><T112/><D21/><U31/><E3/><V44/><F8/><W133/><G133/><T7/><D55/><U73/><E31/><V74/><F74/><W34/><G92/><T89/><D15/><U122/><E122/><V11/><F11/><W128/><G34/><T17/><D17/><U50/><E73/><V116/><F116/><W115/><G115/><N who="0" m="44075" /><D41/><U94/><E95/><V4/><F4/><W80/><G80/><T108/><D108/><U105/><E105/><V61/><F46/><W35/><G0/><T67/><D91/><U19/><E19/><V120/><F120/><W20/><G2/><T109/><D109/><U131/><E131/><V76/><F76/><W106/><G128/><T83/><D83/><U13/><E13/><V23/><F111/><W12/><G106/><AGARI ba="1,0" hai="23,25,28,44,49,53,58,60,61,62,65,98,103,106" machi="106" ten="30,1500,0" yaku="7,1" doraHai="125" who="2" fromWho="3" sc="229,0,148,0,457,18,166,-18" /><INIT seed="6,2,0,3,0,31" ten="229,148,475,148" oya="2" hai0="7,121,105,116,58,76,112,16,14,92,15,48,87" hai1="103,36,113,72,50,46,118,69,73,107,33,127,10" hai2="37,21,49,23,129,131,100,89,132,85,28,4,26" hai3="81,24,5,41,71,34,52,6,38,124,125,12,86"/><V110/><F37/><W53/><G71/><T68/><D121/><U56/><E118/><V133/><F100/><W19/><G38/><T45/><D68/><U0/><E127/><N who="3" m="48714" /><G41/><T54/><D105/><U17/><E113/><V25/><F49/><W84/><G24/><T114/><D116/><U8/><E33/><V64/><F64/><W43/><G43/><T111/><D111/><U29/><E29/><N who="2" m="17583" /><F89/><N who="3" m="51343" /><G86/><T79/><D7/><N who="3" m="2569" /><G34/><T74/><D74/><U3/><E69/><V99/><F85/><W27/><G27/><T122/><D122/><U120/><E36/><V130/><F99/><W119/><G119/><T90/><D45/><U51/><E120/><V123/><F123/><W13/><G13/><T2/><D2/><U106/><E46/><V61/><F61/><W126/><G126/><T9/><D15/><U40/><E40/><V88/><F88/><W115/><G115/><AGARI ba="2,0" hai="9,14,16,48,54,58,76,79,87,90,92,112,114,115" machi="115" ten="40,2600,0" yaku="15,1,54,1" doraHai="31" who="0" fromWho="3" sc="229,32,148,0,475,0,148,-32" /><INIT seed="7,0,0,2,3,47" ten="261,148,475,116" oya="3" hai0="99,106,19,115,76,37,1,20,75,67,64,15,77" hai1="56,90,108,84,18,96,38,69,24,14,66,120,8" hai2="105,74,34,111,92,57,48,61,114,50,131,78,54" hai3="134,25,123,113,128,135,86,0,129,63,22,21,71"/><W12/><G123/><T94/><D106/><U109/><E69/><V130/><F111/><W26/><G113/><T17/><D1/><U97/><E38/><V81/><F105/><W107/><G107/><T46/><D115/><U43/><E120/><V104/><F104/><W70/><G0/><T39/><D19/><U60/><E109/><V52/><F34/><W32/><G86/><T59/><D75/><U23/><E108/><V89/><F114/><W3/><G3/><T95/><D39/><U82/><REACH who="1" step="1"/><E43/><REACH who="1" step="2"/><V80/><F80/><W127/><G127/><T44/><D37/><U118/><E118/><V40/><F40/><W100/><G100/><T31/><D31/><AGARI ba="0,1" hai="8,14,18,23,24,31,56,60,66,82,84,90,96,97" machi="31" ten="30,3900,0" yaku="1,1,7,1,8,1,53,0" doraHai="47" doraHaiUra="121" who="1" fromWho="0" sc="261,-39,138,49,475,0,116,0" owari="222,2,187,-21,475,57,116,-38" /></mjloggm>