<mjloggm ver="2.3"><GO type="137"/><UN n0="%EF%BC%88%E2%89%A7%E2%96%BD%E2%89%A6%EF%BC%89" n1="%E3%81%97%E3%82%85%E3%82%93%E3%81%98%E3%81%84" n2="%68%61%74%74%65%72%2F" n3="%61%6C%64%72%61%69%65" dan="10,10,10,13" rate="1850,1544,1428,1774" sx="M,M,M,M"/><TAIKYOKU oya="0"/><INIT seed="0,0,0,1,1,29" ten="250,250,250,250" oya="0" hai0="84,130,36,47,96,22,28,99,76,134,10,3,44" hai1="118,6,69,129,85,110,77,55,127,49,82,107,5" hai2="135,14,38,61,133,89,52,37,125,30,105,40,48" hai3="88,83,124,98,4,23,87,109,32,62,2,115,128"/><T97/><D134/><U108/><E69/><V101/><F125/><W9/><G115/><T81/><D130/><U35/><E107/><V68/><F133/><W19/><G109/><N who="1" m="42090" /><E129/><V34/><F135/><W72/><G128/><T74/><D74/><U53/><E118/><V132/><F132/><W126/><G72/><T21/><D36/><U26/><E127/><N who="3" m="48682" /><G62/><T1/><D1/><U63/><E63/><V7/><F89/><W57/><G57/><T79/><D79/><U92/><E92/><V91/><F91/><W33/><G98/><T117/><D117/><U58/><E55/><V112/><F112/><W43/><G43/><T116/><D116/><U64/><E64/><V8/><F40/><W16/><G19/><T119/><D119/><U80/><E80/><V66/><F52/><W51/><G51/><T13/><D3/><U59/><E59/><V20/><F48/><W15/><AGARI ba="0,0" hai="2,4,9,15,16,23,32,33,83,87,88" m="48682" machi="15" ten="30,8000,1" yaku="18,1,52,2,54,2" doraHai="29" who="3" fromWho="3" sc="250,-40,250,-20,250,-20,250,80" /><INIT seed="1,0,0,3,1,97" ten="210,230,230,330" oya="1" hai0="117,15,51,65,83,33,26,48,84,118,30,20,24" hai1="72,46,13,133,3,61,43,44,29,37,25,80,58" hai2="64,1,99,121,111,7,11,106,82,90,16,38,42" hai3="0,36,71,4,91,98,66,73,122,22,59,109,21"/><U94/><E3/><V55/><F121/><W68/><G73/><T125/><D125/><U96/><E133/><V79/><F111/><W124/><G36/><T95/><D65/><U14/><E72/><V131/><F131/><W67/><G4/><T135/><D135/><U10/><E46/><V134/><F134/><W103/><G0/><T77/><D15/><U128/><E128/><V86/><F64/><W81/><G59/><T6/><D6/><U54/><E80/><V28/><F28/><W88/><G81/><T120/><D120/><U62/><E62/><V27/><F55/><W17/><G122/><T35/><D95/><U112/><E112/><V34/><F34/><W50/><G50/><T92/><D92/><U70/><E70/><V85/><F90/><W32/><G32/><T53/><D51/><U76/><E76/><V12/><F12/><W74/><G74/><T102/><D102/><U104/><E104/><V49/><F49/><W45/><G45/><T5/><D5/><U31/><E10/><V52/><F52/><W132/><G132/><T60/><D60/><U47/><E47/><N who="2" m="24023" /><F27/><W18/><G98/><T9/><D9/><U105/><E105/><V123/><F123/><W129/><G129/><T23/><D35/><U41/><E41/><V108/><F108/><W78/><G109/><T19/><REACH who="0" step="1"/><D33/><REACH who="0" step="2"/><U113/><E113/><V126/><F126/><W63/><G124/><T56/><AGARI ba="0,1" hai="19,20,23,24,26,30,48,53,56,77,83,84,117,118" machi="56" ten="20,5200,0" yaku="1,1,2,1,0,1,7,1,53,0" doraHai="97" doraHaiUra="57" who="0" fromWho="0" sc="200,62,230,-26,230,-13,330,-13" /><INIT seed="2,0,0,1,0,104" ten="262,204,217,317" oya="2" hai0="64,14,3,52,81,0,10,20,105,121,87,99,84" hai1="44,134,23,51,89,132,5,40,65,61,119,36,103" hai2="38,109,30,27,50,120,31,24,53,59,19,15,130" hai3="11,21,57,17,32,108,92,25,123,35,126,91,49"/><V85/><F120/><W70/><G70/><T107/><D121/><U98/><E119/><V29/><F130/><W6/><G123/><T16/><D64/><U68/><E5/><V122/><F122/><W22/><G108/><T97/><D107/><U125/><E125/><V46/><F109/><W37/><G37/><T69/><D69/><U60/><E89/><V100/><F100/><W66/><G22/><T117/><D117/><U34/><E34/><V79/><F38/><W73/><G73/><T77/><D105/><U45/><E23/><V94/><F46/><W72/><G72/><T115/><D115/><U2/><E2/><V78/><F78/><W54/><G66/><T58/><D0/><U8/><E8/><V129/><F129/><W106/><G106/><T116/><D116/><U7/><E7/><V28/><N who="2" m="7680" /><DORA hai="86" /><V13/><F13/><W82/><G82/><N who="0" m="47183" /><D10/><U95/><E61/><V110/><F110/><W127/><G126/><T114/><D3/><U56/><REACH who="1" step="1"/><E68/><REACH who="1" step="2"/><V42/><F42/><AGARI ba="0,1" hai="36,40,42,44,45,51,56,60,65,95,98,103,132,134" machi="42" ten="40,8000,1" yaku="1,1,2,1,53,2" doraHai="104,86" doraHaiUra="48,39" who="1" fromWho="2" sc="262,0,194,90,217,-80,317,0" /><INIT seed="3,0,0,4,1,108" ten="262,284,137,317" oya="3" hai0="124,9,42,46,57,80,96,5,17,70,97,8,45" hai1="125,39,87,88,90,131,63,65,86,43,41,116,47" hai2="26,10,14,54,7,115,11,35,24,49,19,28,74" hai3="106,81,114,27,4,48,83,29,62,121,73,99,120"/><W82/><G4/><T123/><D70/><U50/><E116/><V101/><F74/><W117/><G117/><T109/><D123/><U52/><E125/><V15/><F101/><W33/><G73/><T78/><D124/><U25/><E131/><V122/><F122/><W71/><G48/><T111/><D17/><U95/><E25/><V75/><F75/><W6/><G6/><T105/><D57/><N who="1" m="37103" /><E39/><V64/><F64/><N who="3" m="41367" /><G114/><T104/><D78/><U22/><E22/><V59/><F115/><W31/><G31/><T40/><D5/><U92/><AGARI ba="0,0" hai="41,43,47,50,52,86,87,88,90,92,95" m="37103" machi="92" ten="30,4000,0" yaku="8,1,54,2" doraHai="108" who="1" fromWho="1" sc="262,-10,284,40,137,-10,317,-20" /><INIT seed="4,0,0,1,2,89" ten="252,324,127,297" oya="0" hai0="9,62,40,6,33,125,7,38,95,29,20,11,101" hai1="133,24,122,126,87,106,50,44,10,57,17,103,21" hai2="51,45,96,77,105,39,69,81,118,37,23,99,82" hai3="35,55,61,98,97,41,42,73,65,5,121,117,132"/><T67/><D125/><U22/><E126/><V80/><F69/><W100/><G35/><T109/><D109/><U83/><E122/><V127/><F127/><W92/><G73/><T86/><D33/><U25/><E133/><V72/><F118/><W53/><G132/><T19/><D29/><U4/><E106/><V120/><F120/><W8/><G117/><T27/><D40/><U116/><E116/><V102/><F99/><W88/><G42/><T76/><D38/><U107/><E107/><V2/><F2/><W52/><G41/><T113/><D113/><U47/><E103/><V14/><F39/><W78/><G78/><T34/><D34/><U124/><E124/><V112/><F37/><W134/><G134/><T119/><D119/><U32/><E32/><V63/><F112/><W15/><G121/><T79/><D9/><U74/><E57/><V28/><F63/><W56/><G100/><T48/><D48/><U59/><E50/><V128/><F128/><W70/><REACH who="3" step="1"/><G98/><REACH who="3" step="2"/><N who="0" m="59615" /><D86/><U36/><E74/><V31/><F31/><W115/><G115/><T46/><D79/><U12/><E36/><V60/><F60/><AGARI ba="0,1" hai="5,8,15,52,53,55,56,60,61,65,70,88,92,97" machi="60" ten="30,12000,2" yaku="1,1,7,1,52,1,54,2,53,1" doraHai="89" doraHaiUra="84" who="3" fromWho="2" sc="252,0,324,0,127,-120,287,130" /><INIT seed="5,0,0,1,4,31" ten="252,324,7,417" oya="1" hai0="96,21,62,119,19,47,114,99,121,45,115,74,43" hai1="49,70,97,104,8,51,54,94,81,117,7,135,35" hai2="129,111,58,110,33,100,4,118,91,3,122,28,107" hai3="63,61,55,128,22,72,44,18,106,71,101,59,79"/><U67/><E117/><V123/><F123/><W39/><BYE who="2" /><G72/><T2/><D119/><U103/><E135/><V93/><F93/><W27/><G79/><T134/><D121/><U102/><E81/><V0/><F0/><W53/><G128/><T130/><D130/><U92/><E70/><V85/><F85/><W11/><G106/><T76/><D134/><U48/><E67/><V133/><F133/><W131/><G131/><T12/><D2/><U98/><E104/><V126/><F126/><W15/><G101/><T57/><D76/><U32/><REACH who="1" step="1"/><E54/><REACH who="1" step="2"/><V86/><F86/><W34/><G71/><T127/><D74/><U13/><AGARI ba="0,1" hai="7,8,13,32,35,48,49,51,92,94,97,98,102,103" machi="13" ten="30,18000,2" yaku="1,1,2,1,0,1,9,1,52,2,53,0" doraHai="31" doraHaiUra="14" who="1" fromWho="1" sc="252,-60,314,190,7,-60,417,-60" owari="192,-21,504,60,-53,-55,357,16" /></mjloggm>