<mjloggm ver="2.3"><GO type="169" lobby="0"/><UN n0="%E3%83%88%E3%82%B7%E3%83%95%E3%83%BC%E3%83%8B" n1="%23%37%34%E5%A4%A7%E6%B2%BB%E9%83%8E" n2="%EF%BC%88%E2%89%A7%E2%96%BD%E2%89%A6%EF%BC%89" n3="%E5%94%90%E6%8F%9A%E5%A4%A7%E5%A5%BD%E3%81%8D" dan="17,16,18,16" rate="2134.75,2093.70,2229.69,2138.24" sx="M,M,M,M"/><TAIKYOKU oya="0"/><INIT seed="0,0,0,3,3,76" ten="250,250,250,250" oya="0" hai0="120,70,104,52,31,40,26,131,84,38,96,75,21" hai1="23,86,107,17,79,100,81,34,127,91,64,6,19" hai2="125,126,124,123,30,71,37,121,45,0,66,56,134" hai3="74,13,129,93,51,14,69,60,68,39,113,41,89"/><T9/><D75/><U46/><E34/><V116/><F0/><W90/><G74/><T33/><D120/><N who="2" m="46154" /><F30/><W50/><G113/><T59/><D70/><U29/><E127/><V133/><F116/><W22/><G129/><T63/><D131/><U119/><E119/><V7/><F7/><W78/><G78/><T62/><D9/><U122/><E122/><V4/><F4/><W12/><G39/><T117/><D117/><U57/><E6/><V24/><F56/><W132/><G132/><N who="2" m="50793" /><F24/><W27/><G41/><T1/><D1/><U35/><E35/><V53/><F53/><W32/><G32/><T42/><D38/><U20/><E46/><V128/><F128/><W16/><G68/><T135/><D135/><U28/><E57/><V83/><F83/><W82/><G69/><T108/><D33/><U49/><E64/><V88/><F88/><W99/><G60/><T77/><D63/><U54/><E91/><V73/><F73/><W5/><G5/><T48/><D62/><U3/><E3/><V15/><F15/><W130/><G130/><T36/><D36/><U44/><E23/><V114/><F114/><W67/><G67/><T97/><D42/><U92/><E19/><V72/><F72/><W112/><G112/><T118/><D40/><U55/><E55/><V43/><F126/><W109/><G109/><T18/><D108/><U102/><E20/><V87/><F87/><AGARI ba="0,0" hai="12,13,14,16,22,27,50,51,82,87,89,90,93,99" machi="87" ten="40,5200,0" yaku="8,1,52,1,54,1" doraHai="76" who="3" fromWho="2" sc="250,0,250,0,250,-52,250,52" /><INIT seed="1,0,0,3,2,3" ten="250,250,198,302" oya="1" hai0="60,31,134,54,75,108,76,2,110,22,45,23,14" hai1="10,69,65,20,95,78,9,117,114,11,119,46,113" hai2="87,44,101,56,103,32,16,71,112,34,91,131,73" hai3="98,93,28,115,58,128,7,67,70,81,127,100,77"/><U102/><E78/><V120/><F71/><W30/><G115/><T6/><D134/><U92/><E46/><V61/><F73/><W64/><G70/><T105/><D105/><U126/><E20/><V72/><F72/><W83/><G128/><T4/><D2/><U0/><E0/><V130/><F120/><W96/><G127/><T55/><D75/><U21/><E21/><N who="0" m="7689" /><D76/><U29/><E69/><V53/><F112/><W63/><G96/><T25/><D14/><U111/><E11/><V8/><F44/><W50/><G50/><N who="0" m="29007" /><D25/><U133/><E102/><V97/><F32/><W132/><G132/><T24/><D24/><U88/><E65/><V80/><F34/><W121/><G121/><T52/><D31/><U89/><E29/><V12/><REACH who="2" step="1"/><F103/><REACH who="2" ten="250,250,188,302" step="2"/><W79/><G100/><T36/><D36/><U107/><E133/><V116/><F116/><W129/><G129/><T40/><D40/><U15/><E126/><V109/><F109/><N who="0" m="42090" /><D55/><U85/><E107/><AGARI ba="0,1" hai="8,12,16,53,56,61,80,87,91,97,101,107,130,131" machi="107" ten="40,5200,0" yaku="1,1,54,1,53,1" doraHai="3" doraHaiUra="13" who="2" fromWho="1" sc="250,0,250,-52,188,62,302,0" /><INIT seed="2,0,0,2,3,43" ten="250,198,250,302" oya="2" hai0="90,79,41,67,122,104,51,55,68,95,17,19,72" hai1="30,26,57,14,80,22,54,15,114,69,88,101,42" hai2="73,99,133,130,120,58,83,24,66,98,20,93,37" hai3="75,39,127,123,32,62,71,100,5,36,76,2,128"/><V96/><F120/><W82/><G123/><T3/><D104/><U61/><E114/><V38/><F133/><W108/><G108/><T84/><D122/><U110/><E110/><V29/><F130/><W44/><G128/><T27/><D3/><U45/><E69/><V119/><F119/><W124/><G100/><T105/><D105/><U0/><E0/><V89/><F73/><W109/><G109/><T4/><D4/><U40/><E101/><N who="2" m="60559" /><F38/><W9/><G32/><T103/><D103/><U13/><E45/><V11/><F11/><W129/><G129/><T60/><D41/><U131/><E131/><V87/><F37/><N who="3" m="14411" /><G44/><T112/><D112/><U33/><REACH who="1" step="1"/><E33/><REACH who="1" ten="250,188,250,302" step="2"/><V107/><F107/><W64/><AGARI ba="0,1" hai="2,5,9,62,64,71,75,76,82,124,127" m="14411" machi="64" ten="30,1100,0" yaku="23,1" doraHai="43" who="3" fromWho="3" sc="250,-3,188,-3,250,-5,302,21" /><INIT seed="3,0,0,2,5,126" ten="247,185,245,323" oya="3" hai0="34,103,70,0,72,12,37,122,64,20,67,32,101" hai1="87,57,97,94,31,96,53,78,50,42,107,3,40" hai2="35,125,120,23,18,5,104,8,128,105,51,108,46" hai3="27,82,130,49,4,95,106,127,60,48,9,84,102"/><W58/><G127/><T123/><D37/><U63/><E3/><V13/><F125/><W75/><G75/><T115/><D0/><U129/><E129/><V7/><F120/><W134/><G106/><T89/><D72/><U59/><E107/><V39/><F39/><W116/><G116/><T54/><D115/><U1/><E1/><V111/><F35/><W25/><G134/><T91/><D54/><U65/><E31/><V109/><F128/><W15/><G130/><T118/><D12/><U74/><E74/><V98/><F98/><N who="3" m="59743" /><G60/><T47/><D47/><U6/><E6/><V86/><F86/><W133/><G133/><T22/><REACH who="0" step="1"/><D70/><REACH who="0" ten="237,185,245,323" step="2"/><U88/><E97/><V110/><F110/><W100/><G58/><T41/><D41/><U44/><E44/><V81/><F5/><W114/><G114/><T85/><D85/><U26/><E26/><N who="3" m="9738" /><G100/><T10/><D10/><U55/><REACH who="1" step="1"/><E65/><REACH who="1" ten="237,175,245,323" step="2"/><V2/><F109/><W124/><G124/><T17/><D17/><U61/><E61/><V52/><F111/><W29/><G29/><T21/><D21/><U38/><E38/><V43/><F108/><W30/><G30/><T33/><D33/><U73/><E73/><V77/><F43/><W119/><G119/><AGARI ba="0,2" hai="20,22,32,34,64,67,89,91,101,103,118,119,122,123" machi="119" ten="25,3200,0" yaku="1,1,22,2,53,0" doraHai="126" doraHaiUra="79" who="0" fromWho="3" sc="237,52,175,0,245,0,323,-32" /><INIT seed="4,0,0,5,5,135" ten="289,175,245,291" oya="0" hai0="104,4,97,86,117,72,35,6,110,98,78,66,133" hai1="113,76,84,16,14,96,39,59,13,107,12,20,31" hai2="114,125,28,23,123,17,92,3,121,99,126,77,94" hai3="10,58,68,62,42,15,56,132,29,75,7,111,1"/><T116/><D35/><U67/><E39/><V61/><F3/><W85/><G75/><T124/><D66/><U45/><E31/><V24/><F114/><W108/><G132/><T37/><D37/><U100/><E113/><V52/><F77/><W33/><G42/><T51/><D133/><U103/><E45/><V55/><F28/><W88/><G68/><T69/><D69/><U83/><REACH who="1" step="1"/><E103/><REACH who="1" ten="289,165,245,291" step="2"/><V129/><F121/><W65/><G29/><T90/><D117/><U48/><E48/><V5/><F123/><W53/><G111/><T87/><D51/><U43/><E43/><V115/><F115/><W63/><G108/><T49/><D110/><U21/><E21/><V109/><F109/><W70/><G33/><T2/><D49/><U131/><E131/><V79/><F129/><W130/><G130/><T25/><D116/><U128/><E128/><V47/><F47/><W44/><G44/><T27/><D25/><U8/><E8/><V134/><F24/><W101/><G101/><T119/><D27/><U38/><E38/><V122/><F23/><W11/><G11/><T34/><D119/><U127/><E127/><V105/><F126/><W102/><G102/><T89/><D124/><U120/><E120/><V40/><F125/><W36/><G36/><T30/><D34/><U54/><E54/><V64/><F134/><W0/><G70/><T91/><D30/><U112/><E112/><V57/><F122/><W18/><G7/><T93/><D4/><U19/><E19/><V9/><F5/><W46/><G46/><T74/><D6/><U26/><E26/><RYUUKYOKU ba="0,1" sc="289,-15,165,15,245,-15,291,15" hai1="12,13,14,16,20,59,67,76,83,84,96,100,107" hai3="0,1,10,15,18,53,56,58,62,63,65,85,88" /><INIT seed="5,1,1,3,4,6" ten="274,180,230,306" oya="1" hai0="0,115,127,1,50,95,60,48,46,90,78,29,34" hai1="99,15,49,62,19,98,30,36,56,22,83,111,71" hai2="106,43,13,100,122,11,89,103,121,84,101,130,67" hai3="76,132,3,24,79,102,64,116,77,8,38,113,80"/><U125/><E36/><V73/><F73/><W105/><G38/><T47/><D78/><U75/><E111/><V97/><F130/><W87/><G64/><T9/><D34/><U59/><E125/><V120/><F43/><W91/><G24/><T39/><D29/><U118/><E118/><V128/><F67/><W54/><G54/><T82/><D39/><U55/><E71/><V10/><F128/><W63/><G63/><T61/><D82/><U133/><E133/><V129/><F129/><W7/><G132/><T28/><D28/><U86/><E75/><V40/><F40/><W135/><G135/><T65/><D127/><U114/><E114/><V41/><F41/><W18/><G113/><T26/><D26/><U81/><E30/><V14/><F14/><W72/><G116/><T109/><D109/><U85/><E85/><V21/><F21/><W117/><G18/><T33/><D33/><U124/><E124/><V69/><F69/><W27/><G27/><T74/><D74/><U112/><E112/><V35/><F35/><W126/><G117/><T108/><D108/><U42/><E83/><V17/><REACH who="2" step="1"/><F11/><REACH who="2" ten="274,180,220,306" step="2"/><W110/><G110/><T104/><D115/><U20/><E20/><V37/><F37/><W88/><G126/><T66/><D66/><N who="1" m="39239" /><E42/><V2/><F2/><W70/><G70/><T123/><D65/><U4/><E4/><V44/><F44/><W96/><G72/><T131/><D47/><U31/><E31/><V92/><AGARI ba="1,2" hai="10,13,17,84,89,92,97,100,101,103,106,120,121,122" machi="92" ten="30,4000,0" yaku="1,1,0,1,52,1,53,0" doraHai="6" doraHaiUra="58" who="2" fromWho="2" sc="274,-11,180,-21,220,63,306,-11" /><INIT seed="6,0,0,2,4,92" ten="263,159,283,295" oya="2" hai0="84,36,19,130,20,16,48,55,108,74,103,110,127" hai1="51,7,116,43,31,114,61,133,105,82,53,21,68" hai2="125,101,117,27,47,12,78,40,90,17,113,106,54" hai3="63,123,66,8,50,32,57,81,104,67,5,52,10"/><V34/><F117/><W22/><G104/><T94/><D74/><U60/><E116/><V128/><F78/><W59/><G32/><T115/><D36/><U3/><E133/><V1/><F1/><W88/><G123/><T2/><D2/><U96/><E114/><V35/><F113/><W118/><G118/><T24/><D115/><U95/><E105/><V126/><F128/><W119/><G119/><T107/><D130/><U15/><E3/><V56/><F90/><W13/><G10/><T121/><D121/><U39/><E39/><N who="2" m="21919" /><F27/><W23/><G67/><T69/><D69/><U85/><E43/><V46/><F46/><W83/><G83/><T93/><D107/><U73/><E73/><V28/><F28/><W132/><G132/><T97/><D127/><N who="2" m="48650" /><F101/><W58/><G58/><T99/><D84/><AGARI ba="0,0" hai="5,8,13,22,23,50,52,57,59,63,66,81,84,88" machi="84" ten="40,5200,0" yaku="8,1,54,2" doraHai="92" who="3" fromWho="0" sc="263,-52,159,0,283,0,295,52" /><INIT seed="7,0,0,3,1,57" ten="211,159,283,347" oya="3" hai0="38,47,131,127,121,25,94,83,49,58,111,96,6" hai1="18,2,24,43,73,10,67,12,117,106,119,15,102" hai2="28,74,69,60,93,16,39,89,40,126,80,85,36" hai3="133,115,51,112,5,14,120,104,77,42,8,123,35"/><W19/><G104/><T52/><D121/><N who="3" m="46665" /><G77/><T3/><D131/><U41/><E73/><V45/><F28/><W110/><G51/><T116/><D127/><U101/><E67/><V31/><F31/><W54/><G54/><T53/><D111/><U105/><E10/><V27/><F126/><W11/><G42/><T135/><D135/><U4/><E24/><V125/><F125/><W134/><G35/><T22/><D116/><U92/><E92/><V98/><F74/><W34/><G34/><T70/><D70/><U56/><E56/><V90/><F39/><W61/><G61/><T30/><D83/><U9/><E9/><V0/><F0/><N who="3" m="39" /><G110/><T23/><D38/><U88/><E18/><V1/><F1/><W114/><AGARI ba="0,0" hai="11,14,19,112,114,115,133,134" m="39,46665" machi="114" ten="40,7800,0" yaku="15,1,34,2" doraHai="57" who="3" fromWho="3" sc="211,-26,159,-26,283,-26,347,78" owari="185,-21.0,133,-37.0,257,6.0,425,52.0" /></mjloggm>