<mjloggm ver="2.3"><GO type="41" lobby="0"/><UN n0="%E3%82%A6%E3%83%AB%E3%83%88%E3%83%A9%E7%AB%8B%E7%9B%B4" n1="%E3%83%AC%E3%83%B3%E3%82%AB" n2="%E7%A7%8B%E9%87%8E%E7%B4%85%E8%91%89" n3="%71%75%69%6C%74%65" dan="16,14,13,14" rate="2015.55,1992.77,2129.26,1934.33" sx="M,M,F,F"/><TAIKYOKU oya="0"/><INIT seed="0,0,0,5,1,51" ten="250,250,250,250" oya="0" hai0="24,11,60,3,97,91,36,93,62,105,33,125,100" hai1="58,107,88,121,89,111,28,0,10,59,13,64,129" hai2="128,87,110,32,76,112,57,47,38,72,46,16,117" hai3="23,14,56,25,5,86,37,75,133,94,41,67,134"/><T116/><D36/><U20/><E121/><V15/><F112/><W92/><G75/><T99/><D116/><U34/><E107/><V95/><F72/><W44/><G5/><T17/><D125/><U85/><E129/><V1/><F1/><W35/><G14/><T120/><D120/><U29/><E111/><V26/><F128/><W132/><G35/><T6/><REACH who="0" step="1"/><D17/><REACH who="0" ten="240,250,250,250" step="2"/><U27/><E64/><V73/><F117/><W114/><G114/><T18/><D18/><U108/><E108/><V70/><F38/><W80/><G67/><T39/><D39/><U131/><E131/><V65/><F65/><W83/><G132/><T19/><D19/><U43/><E29/><AGARI ba="0,1" hai="3,6,11,24,29,33,60,62,91,93,97,99,100,105" machi="29" ten="40,2000,0" yaku="1,1,53,0" doraHai="51" doraHaiUra="55" who="0" fromWho="1" sc="240,30,250,-20,250,0,250,0" /><INIT seed="0,1,0,5,4,124" ten="270,230,250,250" oya="0" hai0="12,9,17,110,135,91,92,101,79,120,126,98,128" hai1="74,5,117,52,43,118,18,70,59,103,112,54,29" hai2="53,96,28,10,41,6,16,64,0,58,119,87,73" hai3="25,38,55,125,34,68,57,130,116,33,115,31,23"/><T46/><D120/><U81/><E70/><V121/><F73/><W133/><G68/><T132/><D126/><U7/><E112/><V107/><F28/><W30/><G125/><T3/><D3/><U78/><E43/><V99/><F41/><W88/><G115/><T4/><D4/><U36/><E36/><V22/><F119/><W111/><G38/><T97/><D110/><U131/><E29/><V13/><F64/><W8/><G116/><T75/><D46/><U50/><E103/><V27/><F87/><W20/><G111/><T14/><D14/><U114/><E114/><V85/><F107/><W15/><G133/><T47/><D47/><U42/><E42/><V127/><F127/><W134/><G134/><N who="0" m="51243" /><D79/><U122/><E122/><V67/><F67/><W106/><G106/><N who="0" m="63791" /><D75/><U69/><E69/><V61/><F121/><W48/><G130/><AGARI ba="1,0" hai="9,12,17,91,92,98,128,130" m="63791,51243" machi="130" ten="30,5800,0" yaku="20,1,52,2" doraHai="124" who="0" fromWho="3" sc="270,61,230,0,250,0,250,-61" /><INIT seed="0,2,0,3,1,48" ten="331,230,250,189" oya="0" hai0="5,112,126,45,96,118,94,129,113,49,83,10,22" hai1="56,84,37,124,105,24,34,42,125,75,61,119,97" hai2="27,11,40,108,13,88,43,19,77,35,39,73,64" hai3="21,132,29,87,12,74,28,104,71,36,66,91,111"/><T32/><D32/><U135/><E75/><V14/><F64/><W106/><G111/><T98/><D118/><U26/><E119/><V116/><F108/><W52/><G132/><T2/><D126/><U1/><E1/><V86/><F116/><W92/><G74/><T18/><D129/><U55/><E135/><V130/><F130/><W62/><G36/><T51/><D51/><U38/><E84/><V72/><F72/><W123/><G28/><T78/><D98/><U70/><E70/><V109/><F109/><W41/><G41/><T6/><D6/><U127/><E42/><V7/><F77/><W85/><G85/><T120/><D120/><U95/><E105/><V90/><F73/><W67/><G67/><T46/><D46/><U81/><E81/><V8/><F90/><W102/><G102/><T9/><D9/><U58/><E58/><V3/><F3/><W100/><G100/><T15/><D83/><U68/><E68/><V54/><F39/><N who="1" m="14857" /><E34/><V133/><F133/><W53/><G123/><T99/><D78/><U30/><E30/><V131/><F131/><W59/><G71/><T80/><D80/><U0/><E0/><V60/><F35/><W17/><REACH who="3" step="1"/><G29/><REACH who="3" ten="331,230,250,179" step="2"/><T101/><D96/><U103/><AGARI ba="2,1" hai="24,26,55,56,61,95,97,103,124,125,127" m="14857" machi="103" ten="40,2700,0" yaku="18,1,52,1" doraHai="48" who="1" fromWho="1" sc="331,-15,230,43,250,-9,179,-9" /><INIT seed="1,0,0,1,2,133" ten="316,273,241,170" oya="1" hai0="117,60,35,115,10,31,13,85,129,97,94,70,4" hai1="64,63,100,34,40,37,44,65,48,119,1,30,62" hai2="114,32,108,75,101,72,28,74,69,67,90,89,132" hai3="22,78,49,105,87,16,43,15,104,41,19,9,58"/><U111/><E119/><V77/><F101/><W53/><G104/><T68/><D115/><U51/><E1/><V113/><F132/><W116/><G105/><T57/><D117/><U14/><E100/><V88/><F108/><W82/><REACH who="3" step="1"/><G116/><REACH who="3" ten="316,273,241,160" step="2"/><T122/><D122/><U2/><E111/><V110/><F110/><W38/><G38/><T36/><D36/><U18/><E2/><V91/><F114/><W134/><G134/><T83/><D129/><U92/><E92/><V26/><F113/><W106/><G106/><T55/><D94/><U95/><E95/><V39/><F39/><W8/><G8/><T20/><D97/><U86/><E86/><V0/><F0/><W71/><G71/><T99/><D99/><U102/><E102/><V66/><N who="2" m="22528" /><DORA hai="54" /><V76/><REACH who="2" step="1"/><F69/><REACH who="2" ten="316,273,231,160" step="2"/><W46/><G46/><T29/><D68/><U81/><E37/><V80/><F80/><W21/><G21/><T128/><D70/><U126/><E81/><V27/><F27/><AGARI ba="0,2" hai="9,15,16,19,22,27,41,43,49,53,58,78,82,87" machi="27" ten="30,12000,2" yaku="1,1,7,1,8,1,52,1,54,1,53,1" doraHai="133,54" doraHaiUra="11,127" who="3" fromWho="2" sc="316,0,273,0,231,-120,160,140" /><INIT seed="2,0,0,4,0,63" ten="316,273,111,300" oya="2" hai0="66,45,129,135,107,93,42,27,62,103,87,55,56" hai1="133,71,44,130,39,126,50,121,54,127,116,37,53" hai2="110,74,72,75,78,82,67,35,100,94,96,57,102" hai3="68,131,15,20,49,112,79,9,124,98,23,19,106"/><V24/><F35/><W48/><G112/><T89/><D129/><U58/><E116/><V86/><F24/><W6/><G131/><T81/><D135/><U11/><E11/><V105/><F67/><W4/><G124/><N who="1" m="47658" /><E130/><V22/><F57/><W21/><G68/><T77/><D107/><U128/><E128/><V17/><F110/><W92/><G106/><T114/><D103/><N who="2" m="39466" /><F22/><W51/><REACH who="3" step="1"/><G79/><REACH who="3" ten="316,273,111,290" step="2"/><T29/><D114/><U2/><E71/><V47/><F105/><W16/><G16/><T14/><D55/><U60/><E133/><V115/><F17/><W111/><G111/><T123/><D123/><U33/><E121/><V40/><F115/><W65/><G65/><T28/><D28/><U41/><E2/><V84/><F40/><W38/><G38/><N who="1" m="14346" /><E33/><V8/><F8/><W25/><G25/><T90/><D27/><U1/><E1/><V97/><F47/><W132/><G132/><T59/><D29/><U61/><E54/><V118/><F118/><W134/><G134/><T43/><D43/><U70/><E70/><V0/><F0/><W26/><G26/><T95/><D42/><U80/><E80/><V122/><F122/><W104/><G104/><T109/><D45/><U125/><E125/><V76/><F76/><W108/><G108/><T10/><D109/><U7/><E7/><V91/><AGARI ba="0,1" hai="72,74,75,78,82,84,86,91,94,96,97" m="39466" machi="91" ten="40,12000,1" yaku="35,5" doraHai="63" who="2" fromWho="2" sc="316,-40,273,-40,111,130,290,-40" /><INIT seed="2,1,0,5,2,23" ten="276,233,241,250" oya="2" hai0="116,49,123,108,7,83,99,63,85,55,60,64,81" hai1="37,62,103,21,15,119,66,12,113,52,133,56,34" hai2="32,110,20,93,96,42,75,94,135,114,30,129,100" hai3="73,91,46,101,22,89,109,118,72,107,77,134,92"/><V106/><F114/><W13/><G118/><T78/><D123/><U51/><E34/><V18/><F75/><W36/><G109/><T54/><D108/><U38/><E113/><V76/><F110/><W124/><G124/><T57/><D116/><U112/><E112/><V48/><F76/><W17/><G134/><T41/><D41/><U25/><E119/><V127/><F135/><W70/><G70/><T86/><D7/><U105/><E133/><V26/><F129/><W68/><G68/><T130/><D130/><U44/><E103/><V19/><F127/><W97/><G77/><T43/><D43/><U126/><E105/><V1/><F1/><W87/><G36/><T58/><D99/><U128/><E126/><V104/><F104/><W24/><G91/><T29/><D29/><U14/><REACH who="1" step="1"/><E128/><REACH who="1" ten="276,223,241,250" step="2"/><V90/><F32/><W59/><G46/><T16/><D64/><U65/><E65/><V10/><F106/><W31/><REACH who="3" step="1"/><G59/><REACH who="3" ten="276,223,241,240" step="2"/><T74/><D57/><U47/><E47/><N who="2" m="25719" /><F10/><AGARI ba="1,2" hai="10,13,17,22,24,31,72,73,87,89,92,97,101,107" machi="10" ten="30,7700,0" yaku="1,1,7,1,52,1,53,1" doraHai="23" doraHaiUra="95" who="3" fromWho="2" sc="276,0,223,0,241,-80,240,100" /><INIT seed="3,0,0,5,1,100" ten="276,223,161,340" oya="3" hai0="8,86,60,17,121,43,26,24,74,91,85,115,103" hai1="78,15,125,129,102,58,51,130,73,76,118,113,44" hai2="21,61,96,57,80,90,0,72,47,110,66,40,53" hai3="64,54,14,79,120,126,82,28,98,117,12,95,10"/><W131/><G117/><T5/><D74/><U41/><E113/><V20/><F0/><W37/><G120/><T94/><D121/><U106/><E118/><V50/><F110/><W68/><G37/><T99/><D115/><U101/><E125/><V111/><F111/><W55/><G28/><T75/><D75/><U128/><E73/><V18/><F72/><W123/><G14/><T27/><D43/><U127/><E127/><V9/><F66/><W124/><G123/><T39/><D39/><U83/><E83/><V71/><F71/><W34/><G34/><T105/><D60/><U59/><E102/><V30/><F30/><W133/><G68/><T42/><D42/><U45/><E45/><V13/><F80/><W52/><G64/><T132/><D132/><U19/><E78/><V31/><F31/><W119/><G119/><T77/><D77/><U107/><E76/><V134/><F134/><W35/><G35/><T32/><D32/><U22/><E101/><V4/><F4/><N who="3" m="3143" /><G133/><T36/><D36/><U16/><E19/><V114/><F114/><W89/><G131/><T29/><D29/><U62/><E58/><V97/><REACH who="2" step="1"/><F90/><REACH who="2" ten="276,223,151,340" step="2"/><W88/><G124/><T56/><D17/><U2/><E2/><V49/><F49/><W109/><G126/><T33/><D33/><U46/><E46/><V63/><F63/><W23/><G109/><T67/><D67/><AGARI ba="0,1" hai="15,16,22,41,44,51,59,62,67,106,107,128,129,130" machi="67" ten="40,8000,1" yaku="19,1,52,2,54,1" doraHai="100" who="1" fromWho="0" sc="276,-80,223,90,151,0,340,0" /><INIT seed="4,0,0,2,5,21" ten="196,313,151,340" oya="0" hai0="19,84,13,31,126,90,102,63,81,50,115,42,33" hai1="12,80,77,93,101,8,89,107,132,64,1,129,65" hai2="124,123,53,86,98,26,14,28,67,40,75,49,58" hai3="92,74,22,119,122,68,3,85,99,9,108,130,44"/><T55/><D126/><U37/><E1/><V114/><F75/><W106/><G119/><T83/><D115/><U116/><E116/><V112/><F124/><W54/><G108/><T60/><D42/><U121/><E121/><V66/><F123/><W20/><G74/><T69/><D69/><U135/><E37/><V62/><F14/><W25/><G68/><T79/><D102/><U131/><E101/><V73/><F73/><W70/><G70/><T38/><D38/><U6/><E107/><V39/><F39/><W52/><G3/><T113/><D113/><N who="2" m="43626" /><F98/><W94/><G106/><T56/><D31/><U57/><E80/><V96/><F96/><W4/><G130/><N who="1" m="49674" /><E77/><V118/><F86/><W105/><G105/><T127/><D33/><U41/><E41/><V29/><F118/><W46/><G94/><T109/><D109/><U78/><E78/><V43/><F67/><N who="1" m="25673" /><E57/><N who="2" m="37199" /><F29/><W24/><G92/><T110/><D110/><U125/><E125/><V15/><F15/><W27/><G122/><T59/><D127/><U34/><E34/><AGARI ba="0,0" hai="26,28,34,40,43,49,53,58" m="37199,43626" machi="34" ten="30,2000,0" yaku="15,1,52,1" doraHai="21" who="2" fromWho="1" sc="196,0,313,-20,151,20,340,0" /><INIT seed="5,0,0,2,3,43" ten="196,293,171,340" oya="1" hai0="75,25,65,16,24,115,28,97,108,88,13,9,30" hai1="119,86,49,129,46,73,123,71,93,34,22,69,92" hai2="36,130,8,121,7,4,133,23,17,91,105,56,61" hai3="37,21,94,38,114,53,52,79,109,50,96,48,112"/><U47/><E34/><V78/><F121/><W18/><G109/><T87/><D75/><U100/><E73/><V41/><F105/><W95/><G79/><T85/><D108/><U5/><E123/><V77/><F133/><W126/><G126/><T117/><D117/><U15/><E119/><V1/><F7/><W72/><G72/><T31/><D115/><N who="3" m="44073" /><G94/><N who="0" m="56519" /><D65/><U67/><E129/><V27/><F91/><N who="3" m="55423" /><G50/><T39/><D39/><N who="3" m="14857" /><G48/><T29/><N who="0" m="7680" /><DORA hai="124" /><T14/><D14/><AGARI ba="0,0" hai="14,18,21,52,53" m="14857,55423,44073" machi="14" ten="30,2000,0" yaku="15,1,54,1" doraHai="43,124" who="3" fromWho="0" sc="196,-20,293,0,171,0,340,20" /><INIT seed="6,0,0,5,3,115" ten="176,293,171,360" oya="2" hai0="35,109,71,2,40,19,10,119,112,73,42,33,1" hai1="121,132,58,88,53,39,68,94,69,67,16,47,117" hai2="44,62,123,12,25,20,52,29,81,50,100,95,37" hai3="85,0,3,46,51,131,41,118,60,4,27,125,78"/><V63/><F123/><W113/><G118/><T28/><D42/><U57/><E121/><V18/><F81/><W98/><G113/><T79/><D40/><U72/><E72/><V30/><F37/><W22/><G131/><T59/><D59/><U134/><E117/><V84/><F30/><W92/><G125/><T15/><D79/><U45/><E58/><V64/><F64/><W128/><G128/><T96/><D96/><U110/><E110/><V13/><F13/><W103/><G60/><T17/><D71/><U55/><E55/><V26/><F26/><W70/><G70/><T116/><D73/><U97/><E68/><V23/><REACH who="2" step="1"/><F84/><REACH who="2" ten="176,293,161,360" step="2"/><W87/><G85/><T122/><D122/><U80/><E80/><V6/><F6/><W24/><G87/><T11/><D112/><U65/><E39/><V105/><F105/><W130/><G4/><T21/><D109/><U8/><E67/><V74/><F74/><W114/><G114/><T7/><D28/><U36/><E65/><V108/><F108/><W83/><G83/><T76/><D76/><U49/><E36/><V99/><AGARI ba="0,1" hai="12,18,20,23,25,29,44,50,52,62,63,95,99,100" machi="99" ten="30,12000,1" yaku="1,1,0,1,8,1,54,1,53,1" doraHai="115" doraHaiUra="43" who="2" fromWho="2" sc="176,-40,293,-40,161,130,360,-40" /><INIT seed="6,1,0,4,5,81" ten="136,253,291,320" oya="2" hai0="1,58,65,26,12,39,49,53,102,9,19,97,67" hai1="91,77,55,15,14,70,6,20,135,88,84,28,30" hai2="76,63,104,117,89,29,79,132,44,105,99,82,106" hai3="54,21,66,92,48,40,114,120,133,56,4,31,2"/><V83/><F29/><W38/><G120/><T87/><D39/><U111/><E70/><V59/><F44/><W98/><G133/><T129/><D129/><U52/><E111/><V11/><F11/><W94/><G114/><T62/><D1/><U113/><E113/><V35/><F35/><W71/><G4/><T115/><D115/><U74/><E74/><V24/><F24/><N who="3" m="16783" /><G2/><T69/><D26/><U73/><E73/><V110/><F110/><W60/><G98/><T121/><D121/><U95/><E77/><V125/><F125/><W51/><G51/><T100/><D67/><U22/><E135/><V108/><F108/><W3/><G3/><T86/><REACH who="0" step="1"/><D100/><REACH who="0" ten="126,253,291,320" step="2"/><U118/><E118/><V123/><F123/><W96/><G96/><T107/><AGARI ba="1,1" hai="9,12,19,49,53,58,62,65,69,86,87,97,102,107" machi="107" ten="20,12000,2" yaku="1,1,2,1,0,1,7,1,52,2,53,0" doraHai="81" doraHaiUra="112" who="0" fromWho="0" sc="126,133,253,-31,291,-61,320,-31" /><INIT seed="7,0,0,0,5,127" ten="259,222,230,289" oya="3" hai0="88,119,64,90,106,58,45,117,0,87,11,26,37" hai1="104,69,54,52,49,17,48,72,60,82,79,111,24" hai2="39,103,81,75,73,114,130,13,6,95,8,18,51" hai3="135,131,67,10,89,66,19,97,14,50,4,105,59"/><W53/><G131/><T71/><D71/><U32/><E111/><V112/><F39/><W9/><G135/><T25/><D106/><U76/><E104/><V3/><F51/><W108/><G108/><T42/><D90/><U118/><E118/><V99/><F130/><W44/><G105/><T123/><D123/><U124/><E124/><V92/><F92/><N who="3" m="56463" /><G44/><T125/><D125/><U62/><E76/><V70/><F70/><W15/><AGARI ba="0,0" hai="4,9,10,14,15,19,50,53,59,66,67" m="56463" machi="15" ten="30,1500,0" yaku="8,1" doraHai="127" who="3" fromWho="3" sc="259,-5,222,-5,230,-5,289,15" owari="254,5.0,217,-28.0,225,-17.0,304,40.0" /></mjloggm>