<mjloggm ver="2.3"><GO type="97"/><UN n0="%4E%6F%4E%61%6D%65%EF%BC%A7%EF%BC%A7" n1="%E3%83%94%E3%83%BC%E3%82%BF%E3%83%BC%E5%80%89%E5%86%85" n2="%EF%BC%88%E2%89%A7%E2%96%BD%E2%89%A6%EF%BC%89" n3="%E2%99%AA%E5%85%AB%E7%A5%9E%E3%81%AF%E3%82%84%E3%81%A6%E2%99%AA" dan="13,14,15,13" rate="1834,1906,2003,1819" sx="M,M,M,F"/><TAIKYOKU oya="0"/><INIT seed="0,0,0,3,4,101" ten="250,250,250,250" oya="0" hai0="20,12,30,36,116,28,47,117,46,38,9,34,89" hai1="92,76,132,88,5,73,48,74,58,95,125,41,113" hai2="32,111,75,17,25,0,3,51,59,60,45,108,26" hai3="29,21,81,67,50,11,128,135,97,114,130,15,7"/><T98/><D89/><U40/><E113/><V33/><F75/><W115/><G67/><T23/><D98/><U96/><E5/><V64/><F17/><W19/><G50/><T127/><D12/><U71/><E71/><V52/><F25/><N who="3" m="16559" /><G97/><T106/><D9/><U80/><E74/><V121/><F121/><W112/><G135/><T16/><D34/><N who="2" m="13418" /><F26/><W83/><G83/><T14/><D14/><U70/><E132/><V110/><AGARI ba="0,0" hai="0,3,45,51,52,59,60,64,108,110,111" m="13418" machi="110" ten="40,2700,0" yaku="14,1,54,1" doraHai="101" who="2" fromWho="2" sc="250,-13,250,-7,250,27,250,-7" /><INIT seed="1,0,0,4,3,72" ten="237,243,277,243" oya="1" hai0="25,129,123,80,42,19,57,121,117,81,47,13,112" hai1="97,133,98,55,105,90,88,9,94,122,56,16,51" hai2="83,1,4,15,23,8,93,22,46,110,31,126,79" hai3="101,3,104,36,107,132,75,115,108,73,37,41,103"/><U28/><E133/><V35/><F126/><W131/><G41/><T40/><D117/><U100/><E122/><N who="0" m="46601" /><D112/><U18/><E28/><V135/><F135/><W125/><G125/><T91/><D129/><U85/><REACH who="1" step="1"/><E9/><REACH who="1" ten="237,233,277,243" step="2"/><V124/><F124/><W17/><G132/><T32/><D32/><U128/><E128/><V65/><F35/><W34/><G131/><T11/><D25/><U14/><E14/><V70/><F31/><W0/><G115/><T67/><D40/><U96/><E96/><V27/><F27/><W63/><G0/><T82/><D42/><U99/><E99/><V78/><F1/><W43/><G3/><T33/><D33/><U77/><E77/><V113/><F79/><W106/><G34/><T58/><D91/><U71/><E71/><V69/><F70/><W7/><G7/><T59/><D67/><U53/><E53/><V127/><F65/><W120/><G43/><T60/><D60/><U68/><E68/><V39/><F69/><W20/><G120/><T130/><D130/><U52/><E52/><V38/><F4/><W44/><G63/><T74/><D74/><U92/><AGARI ba="0,1" hai="16,18,51,55,56,85,88,90,92,94,97,98,100,105" machi="92" ten="20,18000,2" yaku="1,1,0,1,7,1,54,2,53,1" doraHai="72" doraHaiUra="48" who="1" fromWho="1" sc="237,-60,233,190,277,-60,243,-60" /><INIT seed="1,1,0,5,1,122" ten="177,423,217,183" oya="1" hai0="35,50,55,110,1,86,129,16,101,62,81,30,87" hai1="20,32,2,112,130,97,95,117,52,43,76,21,70" hai2="37,28,34,14,7,17,125,114,68,8,47,124,71" hai3="132,89,6,27,5,104,119,84,58,26,40,78,57"/><U134/><E32/><V10/><F114/><W94/><G119/><T74/><D1/><U91/><E70/><V36/><F34/><W128/><G104/><T106/><D129/><U29/><E130/><V92/><F28/><W115/><G128/><T126/><D110/><U53/><E2/><N who="2" m="119" /><F92/><W9/><G115/><T111/><D126/><N who="2" m="48746" /><F37/><W54/><G132/><T102/><D111/><U25/><E134/><V61/><F61/><W90/><G78/><T66/><D30/><U127/><E76/><V38/><F38/><W131/><G131/><T99/><D35/><U113/><E29/><V83/><F83/><W46/><G6/><T82/><D101/><U72/><E95/><V13/><F13/><W135/><G135/><T65/><D74/><U79/><E72/><V56/><F56/><W24/><G54/><T42/><D62/><U41/><E53/><V60/><F60/><W48/><REACH who="3" step="1"/><G90/><REACH who="3" ten="177,423,217,173" step="2"/><T85/><D42/><AGARI ba="1,1" hai="10,14,17,36,42,47,68,71" m="48746,119" machi="42" ten="30,1000,0" yaku="18,1" doraHai="122" who="2" fromWho="0" sc="177,-13,423,0,217,23,173,0" /><INIT seed="2,0,0,1,5,119" ten="164,423,240,173" oya="2" hai0="63,56,115,69,65,66,78,109,105,133,24,53,91" hai1="82,36,112,134,48,92,46,127,23,101,32,42,12" hai2="88,135,20,130,110,29,16,7,121,104,13,76,0" hai3="71,47,1,34,94,97,129,75,111,10,98,116,39"/><V114/><F104/><W30/><G116/><T49/><D105/><U17/><E112/><V118/><F118/><W125/><G125/><T9/><D78/><U50/><E127/><V64/><F114/><W26/><G129/><T41/><D115/><U21/><E32/><V102/><F102/><W72/><G111/><T67/><D91/><U19/><E134/><V58/><F110/><W107/><G98/><T124/><D9/><U85/><E92/><V103/><F103/><N who="3" m="62959" /><G71/><T117/><D24/><U57/><E57/><V79/><F130/><W87/><G87/><T84/><D84/><U93/><E93/><V33/><F33/><W95/><G95/><T28/><D28/><U74/><E74/><V59/><F79/><W40/><G94/><T100/><D100/><U3/><E3/><V25/><F76/><W77/><G77/><T62/><D117/><U45/><E101/><V43/><F64/><N who="0" m="24682" /><D109/><U61/><E85/><V5/><F29/><W73/><G73/><T6/><D6/><AGARI ba="0,0" hai="1,6,10,26,30,34,39,40,47,72,75" m="62959" machi="6" ten="30,2000,0" yaku="33,2" doraHai="119" who="3" fromWho="0" sc="164,-20,423,0,240,0,173,20" /><INIT seed="3,0,0,4,2,70" ten="144,423,240,193" oya="3" hai0="38,29,23,59,56,60,16,69,85,6,122,125,33" hai1="106,101,123,53,127,130,79,19,93,97,25,121,103" hai2="28,96,91,67,52,13,57,98,2,78,94,87,42" hai3="14,112,0,81,17,8,111,34,45,82,18,110,134"/><W133/><G34/><T54/><D122/><U24/><E25/><V9/><F2/><W113/><G45/><T71/><D125/><U55/><E127/><V95/><F28/><W88/><G81/><T5/><D29/><U31/><E19/><N who="3" m="7178" /><G82/><T36/><D33/><U46/><E79/><V35/><F35/><W43/><G43/><T84/><D71/><U86/><E55/><V128/><F42/><W99/><G99/><N who="2" m="37929" /><F67/><W10/><G88/><T104/><D69/><U66/><E66/><V11/><F128/><W61/><G61/><T76/><D59/><U74/><E130/><V41/><F41/><W105/><G105/><T131/><D104/><U132/><E74/><V77/><F94/><W89/><G89/><T109/><D131/><U20/><E106/><V39/><F39/><W116/><G116/><T80/><D85/><U115/><E86/><V117/><F117/><W114/><G0/><T50/><D50/><U32/><E32/><V72/><F72/><W51/><G51/><T108/><D109/><N who="3" m="41481" /><G14/><T107/><D107/><U22/><E46/><V68/><F68/><W1/><G1/><T12/><REACH who="0" step="1"/><D108/><REACH who="0" ten="134,423,240,193" step="2"/><U49/><E123/><V64/><F87/><W15/><G15/><T129/><D129/><U4/><E121/><V73/><F13/><W83/><G83/><T119/><D119/><U63/><E101/><V58/><F73/><W62/><G62/><T92/><D92/><U75/><E63/><N who="2" m="38007" /><F95/><W48/><G48/><T26/><D26/><U27/><E49/><V3/><F77/><W118/><G118/><T102/><D102/><U135/><E103/><RYUUKYOKU ba="0,1" sc="134,15,423,-15,240,-15,193,15" hai0="5,6,12,16,23,36,38,54,56,60,76,80,84" hai3="8,10,112,113,114,133,134" /><INIT seed="3,1,1,4,4,104" ten="149,408,225,208" oya="3" hai0="106,38,101,27,91,85,32,79,120,117,8,113,65" hai1="29,31,125,102,105,57,13,37,62,9,30,53,2" hai2="3,69,114,21,81,42,48,49,88,129,25,132,45" hai3="67,52,80,10,63,16,94,61,70,115,71,111,128"/><W24/><G115/><T123/><D117/><U87/><E37/><V131/><F3/><W12/><G111/><T15/><D113/><U19/><E125/><V6/><F114/><W83/><G128/><N who="2" m="49225" /><F132/><W124/><G124/><T39/><D65/><U22/><E105/><V78/><F69/><W107/><G107/><T135/><D135/><U26/><E102/><V112/><F112/><W44/><G94/><T133/><D133/><U41/><E41/><V54/><F6/><W73/><G73/><T11/><D101/><U77/><E2/><V110/><F110/><W109/><G109/><T95/><D106/><U72/><E72/><N who="2" m="43207" /><F88/><W1/><G1/><T4/><D79/><U127/><E127/><V20/><F25/><W134/><G134/><T14/><D120/><U76/><E76/><V36/><F49/><W7/><G7/><T46/><D123/><U55/><E53/><V66/><F66/><W43/><G24/><T84/><D32/><U17/><E17/><V118/><F118/><W34/><G34/><T82/><D27/><U126/><E126/><V68/><F68/><W64/><REACH who="3" step="1"/><G52/><REACH who="3" ten="149,408,225,198" step="2"/><T86/><D46/><AGARI ba="1,2" hai="20,21,36,42,45,46,48,54" m="43207,49225" machi="46" ten="30,2000,0" yaku="19,1,52,1" doraHai="104" who="2" fromWho="0" sc="149,-23,408,0,225,43,198,0" owari="126,-37.0,408,50.0,268,7.0,198,-20.0" /></mjloggm>