<mjloggm ver="2.3"><GO type="169" lobby="0"/><UN n0="%EF%BC%88%E2%89%A7%E2%96%BD%E2%89%A6%EF%BC%89" n1="%4D%61%72%6C%69%6E" n2="%E3%83%9A%E3%83%81%E3%83%A7%E3%83%BC%E3%83%AA%E3%83%B3" n3="%E8%B6%85%E3%83%92%E3%83%A2%E3%83%AA%E3%83%AD" dan="17,17,17,18" rate="2174.86,2176.32,2205.10,2241.11" sx="M,M,M,F"/><TAIKYOKU oya="0"/><INIT seed="0,0,0,3,2,90" ten="250,250,250,250" oya="0" hai0="47,59,38,57,58,94,70,14,12,127,5,10,62" hai1="2,21,48,65,25,77,115,17,15,49,111,80,135" hai2="18,60,99,8,45,52,96,107,73,30,82,33,4" hai3="130,132,114,97,102,7,98,108,83,16,56,1,69"/><T61/><D127/><U72/><E111/><V122/><F122/><W87/><G108/><T119/><D119/><U103/><E135/><V89/><F107/><W101/><G130/><T105/><D105/><U86/><E115/><V53/><F18/><W116/><G69/><T43/><D70/><U34/><E2/><V39/><F30/><W85/><G114/><T133/><D133/><U78/><E65/><V51/><F33/><W79/><G116/><T84/><REACH who="0" step="1"/><D14/><REACH who="0" ten="240,250,250,250" step="2"/><U40/><E15/><N who="2" m="5511" /><F39/><W66/><G132/><T41/><D41/><U109/><E40/><V120/><F120/><W46/><G1/><T123/><D123/><U55/><E109/><V24/><F24/><W3/><G3/><T112/><D112/><U121/><E25/><V36/><F36/><W126/><G126/><T50/><D50/><U19/><E49/><V26/><F26/><W93/><G7/><T129/><D129/><U106/><E121/><V63/><F63/><W13/><G46/><T74/><D74/><U44/><E72/><V37/><F73/><W64/><G56/><T28/><D28/><U131/><E131/><V32/><F37/><W124/><G124/><T20/><D20/><U125/><E21/><V110/><F110/><W67/><G13/><T118/><D118/><U88/><E125/><V71/><F71/><W9/><G9/><T31/><D31/><U27/><E27/><V75/><F75/><N who="3" m="43519" /><G16/><N who="1" m="6218" /><E34/><V76/><F32/><W92/><G85/><T81/><D81/><U54/><E48/><V104/><F51/><W29/><G87/><T91/><AGARI ba="0,1" hai="5,10,12,38,43,47,57,58,59,61,62,84,91,94" machi="91" ten="30,6000,0" yaku="1,1,0,1,52,1,53,0" doraHai="90" doraHaiUra="35" who="0" fromWho="0" sc="240,70,250,-20,250,-20,250,-20" /><INIT seed="0,1,0,0,4,94" ten="310,230,230,230" oya="0" hai0="11,17,4,38,65,12,13,135,122,60,75,120,126" hai1="123,64,82,81,37,90,89,16,92,18,51,62,58" hai2="9,129,70,100,8,79,80,23,77,88,103,55,96" hai3="52,31,24,116,3,21,102,0,68,124,99,98,95"/><T61/><D75/><U1/><E37/><V59/><F70/><W27/><G124/><T74/><D74/><U20/><E1/><V15/><F129/><W93/><G116/><T84/><D38/><U57/><E123/><V130/><F130/><W44/><G68/><T30/><D126/><U33/><E33/><V83/><F23/><W108/><G108/><T85/><D30/><U50/><E18/><V32/><F32/><W86/><G86/><T91/><D135/><U131/><E131/><V41/><F41/><W40/><G27/><T112/><D84/><N who="1" m="50327" /><E81/><N who="2" m="31307" /><F100/><W22/><G22/><T121/><D65/><U134/><E57/><V6/><F103/><W105/><G105/><T101/><D101/><U25/><E134/><V53/><F9/><W118/><G118/><T54/><D121/><U26/><E26/><V66/><F66/><W119/><G119/><T87/><D122/><U10/><E10/><V48/><F55/><W110/><G110/><T111/><D54/><U19/><E19/><V127/><F127/><W104/><G52/><T97/><D111/><U67/><E67/><V133/><F133/><W109/><G109/><T5/><D120/><U71/><E71/><V63/><F63/><W49/><G104/><T36/><D61/><U43/><E43/><V73/><F73/><W45/><G45/><T125/><D60/><U106/><E106/><V35/><F35/><W2/><G2/><T29/><D125/><U39/><E39/><V76/><F76/><W128/><G128/><T28/><D36/><U56/><E56/><V7/><F7/><W117/><G117/><RYUUKYOKU ba="1,0" sc="310,-30,230,10,230,10,230,10" hai1="16,20,25,50,51,58,62,64,90,92" hai2="6,8,15,48,53,59,77,79,88,96" hai3="0,3,21,24,31,40,44,49,93,95,98,99,102" /><INIT seed="1,2,0,2,0,25" ten="280,240,240,240" oya="1" hai0="125,58,106,11,123,60,65,42,92,113,130,103,16" hai1="10,122,48,104,39,79,20,120,90,128,95,1,63" hai2="35,0,135,6,14,8,53,50,126,52,116,71,43" hai3="96,72,67,111,54,82,74,110,47,15,38,88,87"/><U13/><E39/><V23/><F116/><W89/><G67/><T29/><D113/><U134/><E104/><V83/><F71/><W73/><G15/><N who="0" m="7295" /><D106/><U75/><E1/><V118/><F118/><W57/><G47/><T31/><D125/><U76/><E20/><V22/><F35/><W77/><G38/><T117/><D117/><U44/><E63/><V51/><F126/><W9/><G9/><T49/><D130/><U107/><E107/><V121/><F121/><W69/><G69/><T84/><D123/><U85/><E128/><V68/><F68/><W61/><REACH who="3" step="1"/><G96/><REACH who="3" ten="280,240,240,230" step="2"/><N who="0" m="59783" /><D84/><U46/><E122/><V33/><F14/><W40/><G40/><T36/><D36/><U59/><E120/><V5/><F43/><W32/><G32/><T108/><D108/><AGARI ba="2,1" hai="54,57,61,72,73,74,77,82,87,88,89,108,110,111" machi="108" ten="50,12000,2" yaku="1,1,14,1,54,1,53,3" doraHai="25" doraHaiUra="105" who="3" fromWho="0" sc="280,-126,240,0,240,0,230,136" /><INIT seed="2,0,0,4,3,8" ten="154,240,240,366" oya="2" hai0="37,87,79,74,0,96,112,27,44,104,105,20,91" hai1="2,97,107,65,6,34,123,84,95,15,29,67,61" hai2="92,11,133,68,23,18,80,101,81,115,85,47,78" hai3="17,134,118,55,7,54,127,93,1,56,30,103,98"/><V121/><F115/><W4/><G134/><T110/><D0/><U48/><E2/><V32/><F32/><W58/><G127/><T108/><D112/><U70/><E123/><V41/><F68/><W39/><G39/><T45/><D37/><U126/><E126/><V28/><F133/><W89/><G118/><T131/><D44/><U106/><E67/><V57/><F121/><W71/><G71/><T3/><D45/><U129/><E129/><V25/><F80/><W88/><G30/><T62/><D62/><U90/><E48/><V26/><F57/><W5/><G1/><T111/><D3/><U119/><E119/><V113/><F113/><W42/><G42/><T10/><D10/><U66/><E66/><V63/><F63/><N who="3" m="36247" /><G17/><T59/><D59/><U51/><E51/><AGARI ba="0,0" hai="4,5,7,51,55,58,88,89,93,98,103" m="36247" machi="51" ten="30,2000,0" yaku="8,1,54,1" doraHai="8" who="3" fromWho="1" sc="154,0,240,-20,240,0,366,20" /><INIT seed="3,0,0,0,3,89" ten="154,220,240,386" oya="3" hai0="31,55,33,120,30,86,110,0,27,7,78,122,126" hai1="75,26,67,64,20,93,24,91,51,106,54,87,11" hai2="15,128,28,70,25,102,43,1,68,130,37,96,131" hai3="17,32,124,98,21,58,97,12,38,35,14,118,56"/><W101/><G38/><T47/><D126/><U49/><E75/><V59/><F1/><W105/><G118/><T129/><D129/><U62/><E106/><V85/><F85/><W10/><G124/><T63/><D110/><U114/><E114/><V71/><F15/><W4/><REACH who="3" step="1"/><G98/><REACH who="3" ten="154,220,240,376" step="2"/><T81/><D122/><U74/><E74/><V3/><F37/><W39/><G39/><T133/><D120/><U41/><E41/><V76/><F43/><W99/><G99/><T23/><D133/><U19/><E26/><V127/><F96/><W2/><G2/><T119/><D0/><U104/><E104/><V52/><F3/><W95/><G95/><T121/><D27/><U40/><E40/><V53/><F127/><W77/><G77/><T5/><D78/><U60/><E24/><V125/><F76/><W135/><G135/><T48/><D119/><U115/><E115/><V94/><F125/><W45/><G45/><T72/><D47/><U132/><E93/><V107/><F107/><W84/><G84/><T44/><D121/><U123/><E132/><V61/><F94/><W109/><G109/><T8/><D86/><U108/><E87/><V66/><REACH who="2" step="1"/><F102/><REACH who="2" ten="154,220,230,376" step="2"/><W50/><G50/><T112/><D48/><U34/><E51/><V117/><F117/><W73/><G73/><T83/><D72/><U18/><E49/><V92/><F92/><W9/><G9/><T116/><D8/><U16/><E11/><V6/><F6/><W36/><G36/><T79/><D5/><U22/><E108/><V29/><F29/><W90/><G90/><T13/><D7/><RYUUKYOKU ba="0,2" sc="154,-15,220,-15,230,15,376,15" hai2="25,28,52,53,59,61,66,68,70,71,128,130,131" hai3="4,10,12,14,17,21,32,35,56,58,97,101,105" /><INIT seed="3,1,2,3,3,112" ten="139,205,245,391" oya="3" hai0="8,68,35,64,96,87,46,57,9,52,97,6,56" hai1="5,83,63,129,79,128,30,86,49,54,90,58,93" hai2="76,99,89,74,16,44,122,135,75,113,36,115,98" hai3="62,82,101,91,28,32,22,119,124,108,100,77,18"/><W134/><G124/><T13/><D35/><U37/><E37/><V110/><F36/><W50/><G134/><T106/><D68/><U133/><E133/><V0/><F0/><W20/><G32/><T38/><D106/><U111/><E111/><V24/><F44/><W19/><G28/><T41/><D64/><U48/><E5/><V72/><F110/><W31/><G31/><T67/><D67/><U114/><E30/><V1/><F1/><W39/><G39/><T85/><D57/><U15/><E15/><V66/><F66/><W53/><G108/><T7/><D97/><U26/><E26/><V51/><F51/><W17/><G62/><T73/><D96/><N who="1" m="57399" /><E114/><V130/><F135/><W126/><G91/><T25/><D25/><U109/><E109/><V117/><F89/><W125/><G119/><T103/><D103/><U55/><E54/><V65/><F117/><W40/><G40/><T59/><D73/><U42/><E42/><V33/><F74/><W61/><G61/><T34/><D34/><U14/><E14/><V4/><F75/><W123/><G123/><T127/><D59/><U95/><E95/><V60/><F72/><W102/><G125/><T70/><D127/><U121/><E121/><V21/><F122/><W107/><G107/><T2/><REACH who="0" step="1"/><D70/><REACH who="0" ten="129,205,245,391" step="2"/><U118/><E118/><V84/><F33/><W47/><G126/><T88/><D88/><U92/><E92/><V23/><F115/><W27/><G27/><T69/><D69/><U116/><E116/><V71/><F113/><W132/><G132/><T29/><D29/><U3/><E3/><RYUUKYOKU ba="1,3" sc="129,10,205,10,245,-30,391,10" hai0="2,6,7,8,9,13,38,41,46,52,56,85,87" hai1="48,49,55,58,63,79,83,86,128,129" hai3="17,18,19,20,22,47,50,53,77,82,100,101,102" /><INIT seed="3,2,3,1,2,107" ten="139,215,215,401" oya="3" hai0="44,75,100,65,106,94,112,17,76,26,28,46,51" hai1="0,111,68,93,86,35,82,135,104,98,126,3,114" hai2="96,117,14,47,55,132,122,72,133,6,58,124,71" hai3="62,13,61,64,116,120,21,8,31,2,10,109,39"/><W125/><G125/><T84/><D106/><U24/><E114/><V38/><F71/><W131/><G116/><T15/><D112/><U66/><E126/><V69/><F69/><W79/><G131/><T59/><D75/><U32/><E111/><V127/><F72/><W130/><G130/><T99/><D76/><U4/><E135/><N who="2" m="51787" /><F117/><W103/><G120/><T110/><D84/><U22/><E104/><V1/><F1/><W67/><G39/><T119/><D110/><U11/><E0/><V56/><F56/><W70/><G109/><T50/><D119/><U25/><E66/><V16/><F6/><W77/><G103/><T88/><D100/><U97/><E68/><V101/><F47/><N who="0" m="17962" /><D26/><U20/><E25/><V129/><F38/><W90/><G2/><T7/><D28/><U89/><E98/><V108/><F122/><W78/><G90/><T113/><D7/><U105/><E105/><N who="2" m="63655" /><F129/><W81/><G67/><T60/><D113/><U73/><E73/><V80/><F80/><W83/><G61/><T134/><D134/><U5/><E5/><V43/><F43/><W128/><G128/><T12/><D12/><U63/><E63/><N who="2" m="36319" /><F108/><W53/><G53/><T102/><D102/><U48/><E48/><V23/><AGARI ba="2,3" hai="14,16,23,124,127" m="36319,63655,51787" machi="23" ten="30,2000,0" yaku="20,1,54,1" doraHai="107" who="2" fromWho="2" sc="139,-7,215,-7,215,56,401,-12" /><INIT seed="4,0,0,1,0,77" ten="132,208,271,389" oya="0" hai0="132,56,1,16,83,106,49,58,53,10,18,60,45" hai1="129,126,76,2,68,130,127,3,13,4,29,62,84" hai2="25,66,19,111,133,93,51,81,123,28,24,95,120" hai3="30,52,121,103,88,67,14,96,112,118,27,23,107"/><T31/><D106/><U47/><E29/><V50/><F111/><W110/><G112/><T54/><D132/><U105/><E105/><V20/><F66/><W135/><G135/><T87/><D31/><U69/><E47/><V102/><F133/><W9/><G118/><T38/><D1/><N who="1" m="11" /><E4/><V91/><F102/><W72/><G72/><T11/><D38/><U32/><E13/><V35/><F95/><W115/><G115/><T75/><D75/><U122/><E32/><V34/><F34/><W90/><G110/><T7/><D45/><U39/><E39/><V22/><F35/><W131/><G131/><N who="1" m="50186" /><E122/><V124/><F24/><W40/><G67/><T61/><D49/><U108/><E108/><V57/><F25/><W74/><G40/><T59/><D56/><U71/><E62/><V44/><F44/><W8/><G74/><T128/><D128/><U26/><E26/><V65/><F28/><W12/><G121/><T85/><D7/><U125/><E76/><V64/><F123/><W43/><G43/><T55/><REACH who="0" step="1"/><D54/><REACH who="0" ten="122,208,271,389" step="2"/><U80/><E84/><V6/><F120/><W73/><G73/><T78/><D78/><U92/><E92/><V17/><F93/><N who="3" m="58767" /><G52/><T119/><D119/><U114/><E114/><V37/><F37/><W109/><G107/><T5/><D5/><U117/><E117/><V0/><F6/><N who="3" m="3095" /><G109/><T134/><D134/><U116/><E116/><V113/><F0/><W89/><G30/><T63/><D63/><U104/><E104/><V79/><F79/><W42/><G42/><T36/><D36/><U86/><E86/><V94/><F113/><RYUUKYOKU ba="0,1" sc="122,15,208,15,271,-15,389,-15" hai0="10,11,16,18,53,55,58,59,60,61,83,85,87" hai1="68,69,71,80,125,126,127" /><INIT seed="4,1,1,5,4,98" ten="137,223,256,374" oya="0" hai0="105,66,89,61,38,13,6,79,14,111,122,50,133" hai1="134,82,3,5,130,118,48,29,125,99,119,113,45" hai2="67,24,112,91,129,27,75,95,63,12,117,31,17" hai3="25,62,55,121,32,43,57,114,64,115,36,56,59"/><T18/><D38/><U87/><E125/><V46/><F75/><W101/><G121/><T102/><D122/><U72/><E72/><V86/><F112/><N who="3" m="43051" /><G101/><T124/><D124/><U96/><E113/><V70/><F129/><W26/><G32/><T41/><D133/><U108/><E108/><V104/><F104/><W51/><G57/><N who="0" m="37167" /><D105/><U126/><E126/><V47/><F117/><W0/><G0/><T1/><D1/><U28/><E134/><V2/><F2/><W34/><G34/><T11/><D111/><U9/><E130/><V85/><F85/><W4/><G4/><T69/><D69/><U44/><E119/><V103/><F103/><W71/><G71/><T49/><D79/><U40/><E118/><V37/><F37/><W16/><G16/><N who="0" m="8255" /><D102/><U100/><E45/><AGARI ba="1,1" hai="25,26,36,43,45,51,55,56,59,62,64" m="43051" machi="45" ten="30,1000,0" yaku="15,1" doraHai="98" who="3" fromWho="1" sc="137,0,223,-13,256,0,374,23" /><INIT seed="5,0,0,0,0,116" ten="137,210,256,397" oya="1" hai0="43,66,128,22,58,107,135,38,55,93,75,74,57" hai1="100,102,36,106,110,37,132,35,68,90,111,15,92" hai2="24,0,19,99,112,56,81,18,53,83,26,104,7" hai3="70,41,30,54,65,125,59,6,69,114,130,67,11"/><U10/><E35/><V20/><F112/><W122/><G122/><T25/><D107/><U98/><E68/><V105/><F0/><W49/><G114/><T101/><D128/><U131/><E131/><V91/><F7/><W119/><G119/><T4/><D135/><U121/><E132/><V94/><F105/><W85/><G130/><T8/><D38/><U14/><E121/><V76/><F104/><W96/><G125/><T62/><D43/><U134/><E134/><V95/><F95/><W127/><G127/><T28/><D8/><U118/><E118/><V45/><F45/><W47/><G30/><T117/><D4/><N who="1" m="3399" /><E15/><V61/><F76/><W60/><G96/><T63/><REACH who="0" step="1"/><D117/><REACH who="0" ten="127,210,256,397" step="2"/><U32/><E106/><V5/><F5/><W17/><G6/><T124/><D124/><U108/><E32/><V3/><F3/><W115/><G11/><T71/><D71/><U126/><E126/><V33/><F33/><W40/><G115/><T21/><D21/><AGARI ba="0,1" hai="18,19,20,21,24,26,53,56,61,81,83,91,94,99" machi="21" ten="40,8000,1" yaku="9,1,25,2,8,1" doraHai="116" who="2" fromWho="0" sc="127,-80,210,0,256,90,397,0" /><INIT seed="6,0,0,4,2,45" ten="47,210,346,397" oya="2" hai0="63,89,55,9,121,12,50,13,97,87,25,128,0" hai1="56,127,20,61,84,129,60,47,3,114,72,68,21" hai2="132,35,94,76,19,113,29,109,58,15,16,57,71" hai3="124,11,41,81,34,106,53,93,111,73,125,54,110"/><V134/><F71/><W115/><G106/><T135/><D121/><U130/><E72/><V5/><F76/><N who="3" m="44175" /><G34/><T14/><D135/><N who="2" m="51754" /><F113/><W78/><G78/><T98/><D128/><U90/><E3/><V40/><F40/><W37/><G115/><T80/><D0/><U27/><E114/><V122/><F122/><W75/><G75/><T6/><D25/><U8/><E8/><N who="2" m="4495" /><F109/><W96/><G11/><T39/><D39/><U17/><E68/><V66/><F94/><W51/><G37/><T99/><REACH who="0" step="1"/><D63/><REACH who="0" ten="37,210,346,397" step="2"/><U18/><E60/><N who="2" m="38159" /><F58/><AGARI ba="0,1" hai="6,9,12,13,14,50,55,58,80,87,89,97,98,99" machi="58" ten="40,5200,0" yaku="1,1,8,1,52,1,53,0" doraHai="45" doraHaiUra="101" who="0" fromWho="2" sc="37,62,210,0,346,-52,397,0" /><INIT seed="7,0,0,2,4,98" ten="99,210,294,397" oya="3" hai0="119,96,64,126,51,115,15,33,46,125,27,49,134" hai1="22,48,47,12,117,67,108,0,118,97,40,56,87" hai2="45,73,78,8,31,84,90,5,79,92,7,29,53" hai3="122,66,28,104,1,54,2,44,88,127,59,36,103"/><W81/><G122/><T55/><D119/><N who="1" m="45579" /><E0/><V62/><F73/><W131/><G66/><T133/><D15/><U60/><E97/><V130/><F130/><W69/><G69/><T23/><D23/><U86/><E108/><V83/><F79/><W82/><G82/><T25/><D33/><U75/><E75/><V111/><F111/><W10/><G127/><N who="0" m="48651" /><D25/><U58/><E58/><V26/><F31/><W18/><G131/><T110/><D27/><U89/><E89/><V30/><F84/><W37/><G88/><T11/><D11/><U135/><E135/><N who="0" m="51721" /><D96/><U107/><E107/><V72/><F8/><W101/><G59/><N who="0" m="33263" /><D110/><U94/><E94/><V132/><F92/><W68/><G28/><T42/><D115/><U102/><E12/><V76/><F26/><W113/><G18/><T57/><D57/><U91/><E22/><V13/><F29/><W105/><G2/><T61/><D61/><U95/><E87/><V77/><F13/><W14/><G14/><T34/><D34/><U121/><E86/><V116/><F30/><W70/><G1/><T16/><D64/><U43/><E67/><V93/><F62/><W123/><G113/><T99/><D99/><U80/><E60/><V112/><F132/><W85/><G10/><T74/><D74/><U17/><E56/><V128/><F72/><W24/><G24/><T6/><D6/><U63/><E63/><V20/><F5/><W39/><G104/><T109/><D109/><U19/><E95/><V100/><F93/><W124/><G105/><T32/><D32/><U106/><E106/><V71/><F112/><RYUUKYOKU ba="0,0" sc="99,30,210,-10,294,-10,397,-10" hai0="16,42,46,51" owari="129,-37.0,200,-20.0,284,8.0,387,49.0" /></mjloggm>