<mjloggm ver="2.3"><GO type="97"/><UN n0="%E3%82%A8%E3%82%A4%E3%82%B8" n1="%E3%83%97%E3%83%83%E3%83%81%E7%A5%9E%E7%88%B6" n2="%EF%BC%88%E2%89%A7%E2%96%BD%E2%89%A6%EF%BC%89" n3="%E8%AA%B0%E5%BE%97" dan="13,14,15,14" rate="1892,1983,1980,1859" sx="M,M,M,M"/><TAIKYOKU oya="0"/><INIT seed="0,0,0,3,1,90" ten="250,250,250,250" oya="0" hai0="113,105,89,45,82,39,87,31,133,23,6,66,127" hai1="60,42,129,77,46,29,108,116,114,52,47,38,56" hai2="24,32,28,74,122,78,7,33,134,0,130,63,44" hai3="94,115,81,25,64,49,93,101,57,96,48,15,112"/><T67/><D67/><BYE who="0" /><UN n0="%E3%82%A8%E3%82%A4%E3%82%B8" /><U10/><E116/><V117/><F117/><W30/><G115/><T107/><D113/><U111/><E114/><V4/><F122/><W35/><G112/><T18/><D66/><U106/><E106/><V75/><F130/><W128/><G128/><T102/><D127/><U5/><E129/><V13/><F134/><W104/><G49/><T9/><D133/><U11/><E11/><N who="2" m="2439" /><F63/><W50/><G48/><T83/><D31/><U22/><E46/><V27/><F44/><W91/><G15/><T21/><D83/><U124/><E124/><V53/><F53/><W100/><G101/><T65/><D65/><U34/><E34/><N who="2" m="20743" /><F78/><W36/><G36/><T92/><D23/><U3/><REACH who="1" step="1"/><E77/><REACH who="1" ten="250,240,250,250" step="2"/><V126/><F126/><W40/><G40/><T119/><D119/><U123/><E123/><V85/><F75/><W71/><G35/><N who="2" m="13385" /><F74/><W97/><G104/><T118/><D118/><U59/><E59/><V37/><F37/><W109/><G57/><T2/><D45/><U132/><E132/><V86/><F85/><W61/><G71/><T19/><D39/><U73/><E73/><V88/><F86/><W70/><G70/><T55/><D105/><U125/><E125/><V43/><F43/><W1/><G96/><T14/><D107/><U54/><E54/><V17/><F7/><W120/><G97/><N who="0" m="59687" /><D55/><U26/><AGARI ba="0,1" hai="3,5,10,22,26,29,38,42,47,52,56,60,108,111" machi="26" ten="30,4000,0" yaku="1,1,0,1,54,1,53,0" doraHai="90" doraHaiUra="8" who="1" fromWho="1" sc="250,-20,240,50,250,-10,250,-10" /><INIT seed="1,0,0,2,1,54" ten="230,290,240,240" oya="1" hai0="63,41,105,8,120,46,40,89,12,76,9,91,38" hai1="96,24,67,47,109,61,65,66,19,98,121,58,4" hai2="29,127,112,74,114,113,69,25,102,100,92,75,43" hai3="72,34,52,94,5,126,95,125,71,118,82,90,78"/><U50/><E121/><V44/><F69/><W117/><G71/><T11/><D105/><U10/><E109/><V132/><F132/><W103/><G34/><T30/><D120/><U48/><E48/><V15/><F127/><N who="3" m="48651" /><G5/><T28/><D76/><U73/><E73/><N who="2" m="27659" /><F15/><W88/><G103/><T60/><D41/><N who="1" m="24943" /><E4/><V64/><F92/><N who="3" m="35371" /><G52/><T104/><D12/><N who="1" m="7575" /><E24/><V35/><F64/><AGARI ba="0,0" hai="58,61,64,65,66,67,96,98" m="7575,24943" machi="64" ten="30,2900,0" yaku="8,1,52,1" doraHai="54" who="1" fromWho="2" sc="230,0,290,29,240,-29,240,0" /><INIT seed="1,1,0,1,0,78" ten="230,319,211,240" oya="1" hai0="31,20,33,102,63,58,9,47,30,76,72,21,100" hai1="83,131,93,86,36,130,82,91,132,39,133,68,71" hai2="2,23,90,25,27,103,44,4,11,117,62,89,26" hai3="111,105,29,0,32,129,24,80,57,66,16,134,114"/><U104/><E104/><V123/><F123/><W113/><G0/><T109/><D33/><U13/><E13/><V14/><F117/><W118/><G105/><T97/><D109/><U55/><E55/><V84/><F103/><W121/><G118/><T3/><D47/><U128/><E68/><V94/><F62/><W22/><G121/><T92/><D100/><U120/><E71/><V70/><F70/><W124/><G111/><T60/><D60/><U49/><E49/><V125/><F125/><W67/><G124/><T46/><D46/><U116/><E120/><V96/><F44/><W28/><G114/><T122/><D122/><U98/><E116/><V65/><F65/><W12/><G113/><T112/><D112/><U110/><E110/><V79/><F79/><W42/><G42/><T126/><D126/><U59/><E59/><V119/><F119/><W115/><G115/><T34/><D34/><U106/><E106/><V74/><F74/><W127/><G127/><T7/><D76/><N who="1" m="46407" /><E83/><N who="2" m="49311" /><F2/><W56/><G32/><T19/><D72/><U1/><E1/><V8/><F8/><W81/><G67/><T77/><D21/><AGARI ba="1,0" hai="4,11,14,21,23,25,26,27,90,94,96" m="49311" machi="21" ten="30,2000,0" yaku="8,1,52,1" doraHai="78" who="2" fromWho="0" sc="230,-23,319,0,211,23,240,0" /><INIT seed="2,0,0,5,3,95" ten="207,319,234,240" oya="2" hai0="38,45,78,125,68,81,21,59,119,112,70,126,103" hai1="8,85,11,28,66,65,120,135,64,101,52,62,44" hai2="35,55,128,129,54,6,82,77,42,16,105,116,33" hai3="86,18,114,47,98,24,12,14,71,36,46,134,75"/><V48/><F116/><W63/><G75/><T10/><D119/><U111/><E120/><V104/><F6/><W27/><G114/><T102/><D112/><U93/><E135/><V109/><F42/><W7/><G134/><T50/><D10/><N who="1" m="3627" /><E111/><V122/><F122/><W26/><G36/><T31/><D38/><U74/><E74/><N who="2" m="43319" /><F109/><W49/><G71/><T88/><D21/><U106/><E106/><N who="2" m="41067" /><F16/><W40/><G63/><T41/><D31/><U53/><E28/><V121/><F55/><N who="1" m="21065" /><E44/><N who="2" m="27911" /><F121/><W57/><G47/><T67/><D102/><U89/><E101/><V30/><F30/><W130/><G7/><T73/><D103/><U34/><E34/><V58/><F58/><AGARI ba="0,0" hai="58,62,64,65,66,85,89,93" m="21065,3627" machi="58" ten="30,2000,0" yaku="8,1,54,1" doraHai="95" who="1" fromWho="2" sc="207,0,319,20,234,-20,240,0" /><INIT seed="3,0,0,2,5,118" ten="207,339,214,240" oya="3" hai0="77,2,98,49,37,122,31,54,64,59,40,109,69" hai1="102,85,52,79,43,26,124,53,104,97,107,60,100" hai2="63,75,121,82,21,78,9,89,4,67,38,36,131" hai3="116,128,90,10,28,24,46,30,44,133,99,48,125"/><W106/><G116/><T117/><D122/><U96/><E43/><V94/><F21/><W86/><G133/><T11/><D117/><U72/><E124/><V71/><F131/><W91/><G125/><T29/><D77/><U18/><E72/><V114/><F114/><W14/><G128/><T32/><D32/><U27/><E18/><V83/><F83/><W6/><G106/><T80/><D80/><U55/><E60/><V120/><F38/><W1/><G1/><T95/><D109/><U57/><E57/><V132/><F36/><W35/><G30/><T108/><D108/><U62/><E62/><V76/><F76/><W119/><G119/><T112/><D112/><U17/><E17/><V45/><F45/><W84/><G99/><T23/><D23/><U42/><E42/><V68/><F68/><W7/><G6/><T123/><D123/><U19/><E19/><V12/><F132/><W20/><G35/><T135/><D135/><U110/><E110/><V47/><F47/><W105/><G105/><T51/><D51/><U15/><E15/><V127/><F127/><W3/><G3/><T113/><D113/><U34/><E34/><V70/><F71/><W66/><G66/><T101/><D11/><U74/><E74/><V56/><F70/><W134/><G134/><T111/><D2/><U92/><E79/><V81/><F82/><N who="3" m="49431" /><G48/><T8/><D8/><U103/><E103/><V13/><F12/><W87/><G91/><AGARI ba="0,0" hai="26,27,52,53,55,85,91,92,96,97,100,102,104,107" machi="91" ten="40,2600,0" yaku="9,1,54,1" doraHai="118" who="1" fromWho="3" sc="207,0,339,26,214,0,240,-26" owari="207,-29.0,365,47.0,214,1.0,214,-19.0" /></mjloggm>