<mjloggm ver="2.3"><GO type="169"/><UN n0="%4E%2D%54%61%6B%65%72" n1="%E3%83%87%E3%82%B8%E3%82%BF%E3%83%AB%E4%BB%99%E4%BA%BA" n2="%EF%BC%88%E2%89%A7%E2%96%BD%E2%89%A6%EF%BC%89" n3="%4B%69%53%68%69%6D%40" dan="16,17,18,16" rate="2019,2176,2176,2024" sx="M,F,M,M"/><TAIKYOKU oya="0"/><INIT seed="0,0,0,4,5,46" ten="250,250,250,250" oya="0" hai0="95,9,84,35,135,11,5,1,86,6,0,23,56" hai1="55,132,30,123,60,32,17,43,88,116,79,130,40" hai2="66,80,128,134,51,73,129,114,83,67,110,75,50" hai3="82,19,47,25,65,33,57,20,59,38,28,8,7"/><T105/><D105/><U31/><E116/><V109/><REACH who="2" step="1"/><F134/><REACH who="2" ten="250,250,240,250" step="2"/><W91/><G65/><T107/><D135/><U101/><E132/><V104/><F104/><W42/><G82/><T74/><D107/><U18/><E123/><V90/><F90/><W76/><G91/><T72/><D35/><U61/><E32/><V115/><AGARI ba="0,1" hai="50,51,66,67,73,75,80,83,109,110,114,115,128,129" machi="115" ten="25,16000,3" yaku="21,2,0,1,22,2,52,2,53,2" doraHai="46" doraHaiUra="121" who="2" fromWho="2" sc="250,-80,250,-40,240,170,250,-40" /><INIT seed="1,0,0,2,0,22" ten="170,210,410,210" oya="1" hai0="58,34,81,26,39,94,135,71,80,127,116,65,55" hai1="33,2,21,13,102,42,128,108,73,96,54,11,32" hai2="103,0,30,130,77,28,47,69,9,113,111,53,95" hai3="115,62,67,3,112,134,63,7,132,48,125,88,64"/><U105/><E73/><V61/><F113/><N who="3" m="43595" /><G7/><T72/><D39/><U131/><E42/><V66/><F77/><W114/><G3/><T104/><D116/><U123/><E123/><V100/><F0/><W45/><G88/><T126/><D135/><N who="3" m="51753" /><G125/><N who="0" m="47627" /><D94/><U16/><E108/><V75/><F95/><W93/><N who="3" m="43603" /><W107/><DORA hai="124" /><G93/><T82/><D104/><U97/><E97/><V83/><F103/><W122/><G107/><T5/><D5/><U37/><E37/><V85/><F100/><W133/><N who="3" m="51761" /><W68/><DORA hai="43" /><G122/><T106/><D106/><U129/><E54/><V44/><F85/><W79/><G79/><T1/><D1/><U36/><E36/><V41/><F83/><W119/><G119/><T57/><D71/><U23/><E2/><V89/><F89/><W12/><G12/><T50/><D72/><U87/><E87/><V52/><F69/><N who="3" m="42135" /><G48/><T84/><D84/><U8/><E8/><V29/><F9/><W86/><G86/><T49/><D49/><U10/><E10/><V27/><F75/><W59/><G68/><T78/><D78/><U91/><E91/><V15/><F15/><W117/><G117/><T70/><D80/><U31/><E11/><V99/><F99/><W76/><G76/><T18/><D70/><U118/><E118/><V24/><F30/><W40/><G40/><T35/><D35/><U19/><E31/><V17/><F29/><W101/><G101/><T6/><D34/><U109/><E109/><V51/><F111/><W60/><G60/><N who="0" m="38039" /><D6/><U38/><E38/><N who="2" m="21559" /><F28/><W120/><G120/><T110/><D110/><RYUUKYOKU ba="0,0" sc="170,10,210,10,410,-30,210,10" hai0="18,26,50,55,57,81,82" hai1="13,16,19,21,23,32,33,96,102,105,128,129,131" hai3="45,59,63,67" /><INIT seed="1,1,0,0,0,32" ten="180,220,380,220" oya="1" hai0="114,112,119,93,110,73,13,134,98,126,109,11,37" hai1="111,97,79,71,74,83,115,135,34,67,50,14,56" hai2="48,26,2,128,6,61,57,106,8,5,64,40,15" hai3="24,96,36,60,88,108,52,90,75,77,122,59,68"/><U107/><E115/><V124/><F106/><W99/><G122/><T104/><D37/><U82/><E135/><V27/><F128/><W120/><G120/><T19/><D134/><U72/><E111/><N who="0" m="42505" /><D119/><U16/><E34/><V45/><REACH who="2" step="1"/><F124/><REACH who="2" ten="180,220,370,220" step="2"/><W129/><G108/><T127/><D104/><U7/><E107/><V20/><F20/><W63/><G129/><T33/><D33/><U18/><E74/><V84/><F84/><W86/><G75/><T66/><D73/><U42/><E72/><V25/><F25/><W76/><G24/><T22/><D22/><U30/><E97/><V46/><F46/><W53/><G99/><T44/><D44/><U125/><E125/><N who="0" m="47625" /><D66/><U85/><E67/><V69/><F69/><W103/><G68/><T117/><D117/><U81/><E71/><V41/><F41/><W121/><G121/><T12/><D12/><U51/><E42/><V21/><F21/><W55/><G96/><T94/><D98/><U116/><E116/><V43/><F43/><W17/><G86/><T95/><AGARI ba="1,1" hai="11,13,19,93,94,95,112,114" m="47625,42505" machi="95" ten="40,2700,0" yaku="14,1,18,1" doraHai="32" who="0" fromWho="0" sc="180,40,220,-14,370,-8,220,-8" /><INIT seed="2,0,0,1,5,67" ten="220,206,362,212" oya="2" hai0="17,102,87,35,125,79,134,76,111,15,1,54,88" hai1="127,83,78,57,7,32,14,91,121,81,116,62,118" hai2="100,6,41,47,30,69,107,49,13,115,27,117,74" hai3="110,114,24,37,20,2,128,50,132,85,31,82,39"/><V36/><F117/><W29/><G2/><T90/><D35/><U0/><E121/><V75/><F115/><W16/><G114/><T33/><D33/><U108/><E127/><V43/><F43/><W46/><G110/><T34/><D34/><U93/><E108/><V92/><F92/><W120/><G120/><T26/><D1/><U3/><E32/><N who="2" m="20575" /><F49/><W80/><G128/><T25/><D125/><U98/><E83/><V133/><F13/><W64/><G132/><T40/><D134/><U52/><E14/><V9/><F133/><W109/><G109/><T51/><D40/><U11/><REACH who="1" step="1"/><E3/><REACH who="1" ten="220,196,362,212" step="2"/><N who="2" m="223" /><F69/><W18/><G82/><T61/><D15/><U123/><E123/><V12/><F12/><W60/><G80/><T21/><D111/><U129/><E129/><V71/><F71/><W59/><G24/><T58/><D26/><U53/><E53/><V55/><F55/><W97/><G20/><T70/><D70/><U42/><E42/><V23/><F23/><W48/><G64/><T106/><D25/><U95/><E95/><V8/><F8/><W130/><G130/><T72/><D21/><U124/><E124/><V135/><F135/><W5/><G29/><T65/><D65/><U122/><E122/><V66/><F66/><W77/><G31/><T45/><D54/><U99/><E99/><AGARI ba="0,1" hai="36,41,47,74,75,99,100,107" m="223,20575" machi="99" ten="30,2900,0" yaku="33,2" doraHai="67" who="2" fromWho="1" sc="220,0,196,-29,362,39,212,0" /><INIT seed="2,1,0,1,3,106" ten="220,167,401,212" oya="2" hai0="18,86,32,122,71,46,5,115,114,74,9,90,4" hai1="87,3,123,27,44,127,55,34,30,57,35,53,61" hai2="52,47,89,101,105,75,25,6,77,42,58,116,51" hai3="85,59,125,93,82,13,1,0,104,24,15,14,68"/><V16/><F116/><W45/><G104/><T121/><D71/><U134/><E123/><V29/><F6/><W67/><G68/><T21/><D32/><U91/><E134/><V117/><F117/><W124/><G93/><T128/><D128/><U33/><E127/><N who="3" m="48714" /><G45/><T60/><D60/><U131/><E3/><N who="3" m="1098" /><G24/><T84/><D46/><U108/><E131/><V31/><F105/><W132/><G132/><T11/><D18/><U38/><E108/><V12/><F101/><W37/><G37/><T69/><D69/><U19/><E19/><V65/><F25/><W109/><G109/><T103/><D90/><U83/><REACH who="1" step="1"/><E55/><REACH who="1" ten="220,157,401,212" step="2"/><V73/><F52/><W92/><G67/><T111/><D111/><U23/><E23/><V28/><F65/><W10/><G10/><T118/><D21/><U97/><E97/><V39/><F31/><W129/><G129/><T80/><D118/><U135/><E135/><V79/><F29/><W107/><G14/><T7/><D122/><U66/><E66/><V119/><F12/><W48/><G13/><T50/><D121/><U120/><E120/><V54/><F119/><W78/><G15/><T20/><D20/><U63/><E63/><V2/><F2/><W17/><G17/><T26/><D4/><U99/><E99/><V22/><F28/><W133/><G133/><T56/><D5/><U49/><E49/><V72/><F16/><W113/><G48/><T126/><D50/><U88/><E88/><V96/><REACH who="2" step="1"/><F22/><REACH who="2" ten="220,157,391,212" step="2"/><W64/><G64/><T43/><D126/><U70/><E70/><V40/><F40/><AGARI ba="1,2" hai="27,30,33,34,35,38,40,44,53,57,61,83,87,91" machi="40" ten="40,1300,0" yaku="1,1,53,0" doraHai="106" doraHaiUra="100" who="1" fromWho="2" sc="220,0,157,36,391,-16,212,0" /><INIT seed="3,0,0,4,0,49" ten="220,193,375,212" oya="3" hai0="86,54,16,55,23,129,104,14,72,91,90,29,107" hai1="9,59,41,108,95,64,89,83,58,103,84,68,82" hai2="93,32,110,76,45,113,33,99,92,126,20,2,127" hai3="8,101,40,37,74,30,53,50,79,120,128,51,69"/><W18/><G30/><T42/><D72/><U124/><E108/><V70/><F2/><W48/><G101/><T56/><D129/><U71/><E124/><N who="2" m="47659" /><F70/><W132/><G74/><T10/><D107/><U43/><E71/><V135/><F135/><W98/><G79/><T57/><D104/><U109/><E109/><V7/><F7/><W115/><G98/><T122/><D42/><U63/><E68/><V134/><F134/><W80/><G132/><T106/><D106/><U46/><E59/><N who="0" m="22601" /><D122/><U114/><E114/><V21/><F76/><W17/><G80/><N who="0" m="49479" /><D91/><U12/><E103/><N who="2" m="60903" /><F113/><W31/><G69/><T112/><D112/><U66/><E43/><V123/><F123/><W133/><G40/><T102/><D102/><U118/><E66/><V85/><F45/><W100/><G100/><T87/><D87/><U52/><E64/><V94/><F110/><W22/><G115/><T26/><AGARI ba="0,0" hai="10,14,16,23,26,29,54,55" m="49479,22601" machi="26" ten="30,7900,0" yaku="8,1,52,2,54,1" doraHai="49" who="0" fromWho="0" sc="220,79,193,-20,375,-20,212,-39" /><INIT seed="4,0,0,3,5,116" ten="299,173,355,173" oya="0" hai0="80,64,52,2,93,85,68,40,37,5,67,20,106" hai1="86,97,103,55,21,6,4,24,1,135,41,54,66" hai2="131,96,8,56,34,91,95,82,121,100,25,61,15" hai3="75,120,47,115,114,88,11,10,7,94,92,14,130"/><T33/><D106/><U98/><E135/><V101/><F131/><W132/><G75/><T125/><D125/><U17/><E41/><V99/><F121/><W133/><G130/><T77/><D33/><U46/><E66/><N who="2" m="39207" /><F34/><W39/><G120/><T112/><D112/><N who="3" m="43049" /><G11/><T22/><D5/><U65/><E65/><N who="0" m="25161" /><D2/><U19/><E86/><N who="2" m="50647" /><F25/><W29/><G29/><T12/><D68/><U59/><E1/><V127/><F127/><W71/><G71/><T0/><D0/><U129/><E129/><V109/><F109/><W38/><G94/><T31/><D37/><N who="3" m="13833" /><G47/><T3/><D3/><U111/><E111/><V18/><F96/><AGARI ba="0,0" hai="7,10,14,88,92,96,132,133" m="13833,43049" machi="96" ten="30,2000,0" yaku="15,1,54,1" doraHai="116" who="3" fromWho="2" sc="299,0,173,0,355,-20,173,20" /><INIT seed="5,0,0,4,2,21" ten="299,173,335,193" oya="1" hai0="79,6,70,11,28,134,12,99,102,44,52,124,20" hai1="128,72,133,93,59,53,97,80,76,116,88,13,61" hai2="23,119,95,71,47,91,125,49,122,67,1,19,26" hai3="114,96,56,105,110,107,78,123,101,131,87,73,30"/><U62/><E116/><V7/><F119/><W50/><G30/><T118/><D118/><U40/><E133/><V81/><F122/><W5/><G5/><T51/><D70/><U9/><E128/><V111/><F111/><W84/><G56/><T94/><D134/><U113/><E113/><V27/><F125/><W100/><G50/><T64/><D124/><U69/><E40/><N who="2" m="24807" /><F71/><W66/><G66/><T35/><D35/><U82/><E82/><V89/><F1/><W38/><G38/><T127/><D127/><U117/><E117/><V18/><F7/><W57/><G57/><T98/><D98/><U24/><E24/><N who="2" m="14455" /><F67/><W2/><G2/><T42/><D64/><U37/><E37/><V121/><F19/><W36/><G36/><T58/><D79/><U46/><E69/><V74/><F74/><W33/><G33/><T34/><D34/><U135/><E46/><V86/><F121/><W3/><G3/><T54/><D58/><U48/><REACH who="1" step="1"/><E135/><REACH who="1" ten="299,163,335,193" step="2"/><V130/><F130/><W68/><G68/><T65/><D42/><U129/><E129/><V63/><F63/><W31/><G131/><T29/><D44/><U43/><E43/><V0/><F0/><W106/><G123/><T55/><D65/><U120/><E120/><V132/><F132/><W104/><G114/><T108/><D108/><U10/><E10/><V39/><F39/><W25/><G110/><T83/><D11/><U92/><E92/><V41/><F41/><W32/><G107/><T8/><D94/><U75/><E75/><V90/><F95/><N who="3" m="58399" /><G101/><T22/><D102/><U16/><AGARI ba="0,1" hai="9,13,16,48,53,59,61,62,72,76,80,88,93,97" machi="16" ten="20,18000,2" yaku="1,1,5,1,0,1,7,1,54,2,53,0" doraHai="21" doraHaiUra="60" who="1" fromWho="1" sc="299,-60,163,190,335,-60,193,-60" /><INIT seed="5,1,0,3,1,23" ten="239,353,275,133" oya="1" hai0="87,129,69,110,14,100,80,21,127,85,44,79,31" hai1="60,17,114,119,46,8,104,118,33,75,43,107,10" hai2="83,122,135,66,34,86,126,128,9,76,19,117,62" hai3="20,120,98,37,121,1,50,101,88,56,16,7,105"/><U52/><E33/><V42/><F122/><W106/><G37/><T97/><D69/><U133/><E75/><V2/><F117/><W68/><G68/><T99/><D110/><U35/><E35/><V12/><F135/><W116/><G116/><T28/><D129/><U47/><E133/><V70/><F128/><W84/><G106/><T67/><D127/><U58/><E114/><V72/><F126/><W5/><G56/><T112/><D112/><U25/><E107/><V123/><F123/><W30/><G30/><T55/><D67/><U53/><E104/><V108/><F108/><W78/><G78/><T38/><D87/><U81/><E119/><V90/><F42/><W3/><G50/><T124/><D124/><U134/><E134/><V94/><F34/><W102/><G102/><T73/><D73/><U54/><E81/><V61/><F2/><W95/><G1/><T26/><D100/><U59/><E118/><V51/><F62/><W11/><REACH who="3" step="1"/><G7/><REACH who="3" ten="239,353,275,123" step="2"/><T49/><D38/><U92/><E59/><V45/><F51/><W40/><G40/><T63/><D31/><U0/><E43/><V41/><F41/><W29/><G29/><T71/><D71/><U48/><E0/><V36/><F36/><W39/><G39/><T131/><D131/><U103/><E47/><V96/><F45/><W74/><G74/><T82/><D63/><U24/><E46/><V27/><F72/><W115/><G115/><T32/><D44/><U77/><E48/><V125/><F125/><W65/><G65/><T91/><D49/><U57/><E60/><V13/><F61/><RYUUKYOKU ba="1,1" sc="239,-10,353,-10,275,-10,123,30" hai3="3,5,11,16,20,84,88,95,98,101,105,120,121" /><INIT seed="6,2,1,3,5,110" ten="229,343,265,153" oya="2" hai0="60,33,103,76,134,57,7,121,98,118,115,21,79" hai1="2,34,111,6,11,24,74,29,133,99,94,116,52" hai2="75,132,5,28,65,100,112,43,81,129,70,87,97" hai3="36,82,8,114,40,63,32,78,23,106,123,130,9"/><V59/><F132/><W31/><G123/><T56/><D121/><U86/><E111/><V66/><F70/><W19/><G106/><T62/><D134/><U135/><E74/><V77/><F129/><W1/><G130/><T49/><D33/><U73/><E73/><V26/><F43/><W20/><G32/><T120/><D120/><U85/><E116/><V25/><F5/><W125/><G125/><T83/><D7/><U102/><E135/><V92/><F112/><W13/><G63/><T89/><D115/><U55/><E133/><V46/><F46/><N who="3" m="23815" /><G114/><T119/><D49/><U22/><E34/><V126/><F126/><W71/><G31/><T50/><D50/><U108/><E108/><V105/><F59/><W104/><G104/><T3/><D3/><U4/><E4/><V101/><F101/><W16/><G71/><T107/><D21/><U127/><E127/><V48/><F48/><W67/><G67/><N who="2" m="25609" /><F28/><W10/><G1/><T88/><D107/><U41/><E41/><V51/><F51/><W80/><G19/><T61/><D61/><U72/><E72/><V38/><F38/><W14/><G16/><T124/><D124/><U54/><AGARI ba="2,1" hai="2,6,11,22,24,29,52,54,55,85,86,94,99,102" machi="54" ten="30,2000,0" yaku="0,1,54,1" doraHai="110" who="1" fromWho="1" sc="229,-7,343,36,265,-12,153,-7" /><INIT seed="7,0,0,3,0,5" ten="222,379,253,146" oya="3" hai0="57,109,105,48,2,6,87,41,121,95,73,125,24" hai1="52,10,122,47,26,21,133,68,1,62,86,14,12" hai2="117,11,16,129,67,75,35,119,103,79,131,61,44" hai3="65,85,25,102,40,134,18,66,80,111,13,17,98"/><W77/><G134/><T92/><D121/><U23/><E122/><V51/><F35/><W43/><G111/><T127/><D105/><U99/><E133/><V120/><F103/><W36/><G25/><T58/><D73/><U54/><E1/><V4/><F120/><W84/><G84/><T34/><D109/><U45/><E14/><N who="2" m="7263" /><F4/><W126/><G126/><T130/><D130/><N who="2" m="49674" /><F79/><W91/><G77/><T39/><D39/><U118/><E118/><V97/><F97/><W7/><G7/><T94/><D34/><U56/><E99/><V42/><F75/><W72/><G72/><T90/><D24/><U74/><E26/><V33/><F33/><W0/><G0/><T9/><D41/><N who="3" m="15945" /><G36/><T132/><D132/><U55/><E74/><V101/><F101/><W82/><G82/><N who="0" m="49527" /><D48/><U114/><E86/><V93/><F93/><N who="3" m="58703" /><G18/><T60/><D60/><U38/><E62/><V112/><F112/><W32/><G32/><T124/><AGARI ba="0,0" hai="2,6,9,57,58,92,94,95,124,125,127" m="49527" machi="124" ten="40,2700,0" yaku="18,1,52,1" doraHai="5" who="0" fromWho="0" sc="222,27,379,-7,253,-7,146,-13" owari="249,5.0,372,47.0,246,-15.0,133,-37.0" /></mjloggm>