<mjloggm ver="2.3"><GO type="41"/><UN n0="%E3%82%A6%E3%83%AB%E3%83%88%E3%83%A9%E7%AB%8B%E7%9B%B4" n1="%59%48%56%48" n2="%E5%A5%A5%E6%9D%91%E3%82%8A%E3%81%8A" n3="%E3%82%AB%E3%82%A8%E3%83%AB%2E" dan="15,15,14,13" rate="2014,1967,2052,2010" sx="M,F,F,M"/><TAIKYOKU oya="0"/><INIT seed="0,0,0,1,1,66" ten="250,250,250,250" oya="0" hai0="100,9,73,69,71,2,97,122,77,80,31,99,4" hai1="25,35,110,89,72,44,85,67,61,129,34,123,23" hai2="6,50,65,48,82,63,70,120,112,91,108,115,86" hai3="15,84,19,101,93,113,24,90,98,117,126,105,8"/><T76/><D122/><U42/><E123/><V53/><F120/><W74/><G117/><T41/><D77/><U0/><E0/><V54/><F108/><W132/><G113/><T30/><D30/><U68/><E72/><V116/><F116/><W134/><G126/><T135/><D135/><U87/><E129/><V109/><F109/><W43/><G43/><T18/><D99/><U102/><E102/><V49/><REACH who="2" step="1"/><F6/><REACH who="2" ten="250,250,240,250" step="2"/><W26/><REACH who="3" step="1"/><G74/><REACH who="3" ten="250,250,240,240" step="2"/><T133/><D133/><AGARI ba="0,2" hai="8,15,19,24,26,84,90,93,98,101,105,132,133,134" machi="133" ten="40,8000,1" yaku="1,1,2,1,20,1,53,1" doraHai="66" doraHaiUra="81" who="3" fromWho="0" sc="250,-80,250,0,240,0,240,100" /><INIT seed="1,0,0,3,4,0" ten="170,250,240,340" oya="1" hai0="50,43,37,52,94,17,25,129,2,35,59,81,57" hai1="56,36,4,3,108,126,30,39,23,91,113,6,28" hai2="12,53,84,119,64,48,79,19,63,8,100,80,96" hai3="76,18,38,20,114,90,111,105,67,26,118,65,21"/><U46/><E113/><V104/><F119/><W22/><G114/><T32/><D129/><U73/><E73/><V14/><F14/><W41/><G105/><T92/><D2/><U77/><E77/><V71/><F48/><W16/><G76/><T97/><D94/><U93/><E126/><V78/><F53/><W7/><G7/><T58/><D43/><U106/><E106/><V86/><F79/><W68/><G68/><T135/><D37/><U95/><E3/><V109/><F109/><W103/><G103/><T15/><D81/><U116/><E116/><V115/><F115/><W9/><G118/><T83/><D83/><U85/><E108/><V98/><F98/><W102/><G102/><T5/><D135/><U69/><E69/><V127/><F127/><W72/><G72/><AGARI ba="0,0" hai="8,12,19,63,64,71,72,78,80,84,86,96,100,104" machi="72" ten="30,1000,0" yaku="7,1" doraHai="0" who="2" fromWho="3" sc="170,0,250,0,240,10,340,-10" /><INIT seed="2,0,0,3,1,93" ten="170,250,250,330" oya="2" hai0="38,88,87,103,7,100,54,26,69,14,41,85,62" hai1="5,97,65,55,109,81,128,27,20,132,98,36,102" hai2="35,133,90,114,57,115,25,92,121,68,119,70,74" hai3="43,17,113,45,30,79,130,63,53,16,47,3,83"/><V49/><F119/><W67/><G3/><T86/><D41/><U78/><E36/><V112/><F121/><W111/><G111/><T33/><D38/><U40/><E40/><V118/><F118/><W84/><G130/><T134/><D134/><U22/><E109/><V9/><F133/><W96/><G113/><T10/><D69/><U80/><E132/><V99/><F74/><W56/><G30/><T12/><D33/><U126/><E128/><V125/><F125/><W11/><G11/><T95/><D26/><U135/><E135/><V106/><F106/><W124/><G124/><T73/><D73/><U8/><E126/><V131/><F131/><W13/><G13/><T108/><D108/><U101/><E65/><V107/><F107/><W21/><G21/><N who="1" m="8298" /><E27/><V59/><F9/><W94/><G67/><T120/><D14/><N who="1" m="5391" /><E55/><V58/><REACH who="2" step="1"/><F49/><REACH who="2" ten="170,250,240,330" step="2"/><N who="3" m="26815" /><G47/><T110/><D110/><U77/><E77/><V75/><F75/><W29/><G29/><AGARI ba="0,1" hai="25,29,35,57,58,59,68,70,90,92,99,112,114,115" machi="29" ten="50,9600,0" yaku="1,1,52,1,53,1" doraHai="93" doraHaiUra="23" who="2" fromWho="3" sc="170,0,250,0,240,106,330,-96" /><INIT seed="2,1,0,2,0,62" ten="170,250,346,234" oya="2" hai0="126,71,18,21,55,105,129,2,73,27,65,11,25" hai1="82,9,69,17,124,102,108,30,98,93,90,77,53" hai2="16,67,106,70,85,101,114,112,64,37,119,1,23" hai3="52,113,117,131,46,5,83,100,99,39,22,50,95"/><V19/><F119/><W68/><G117/><T81/><D105/><U132/><E30/><V130/><F37/><W4/><G68/><T51/><D126/><U44/><E124/><V123/><F123/><W91/><G39/><T94/><D129/><U6/><E108/><V35/><F35/><W14/><G113/><T97/><D27/><U45/><E69/><V92/><F130/><W58/><G131/><T80/><D73/><U0/><E132/><V56/><F1/><W20/><G46/><T87/><D2/><U120/><E120/><V36/><F36/><W74/><G74/><T116/><D116/><U57/><E17/><V15/><F70/><W127/><G127/><T121/><D121/><U40/><E102/><V31/><F31/><W42/><G42/><T32/><D32/><U47/><E57/><V118/><F118/><W79/><G79/><T89/><D71/><U78/><E53/><V96/><F56/><W10/><G4/><T128/><D128/><U60/><E60/><V3/><F3/><W41/><G41/><T24/><D24/><U109/><E109/><V135/><F135/><W13/><G13/><T28/><D65/><N who="2" m="25162" /><F19/><W29/><G29/><T66/><D66/><U111/><E111/><V115/><F114/><W134/><G134/><T49/><D28/><U76/><REACH who="1" step="1"/><E40/><REACH who="1" ten="170,240,346,234" step="2"/><V43/><F43/><W33/><G33/><T48/><D55/><U84/><AGARI ba="1,1" hai="0,6,9,44,45,47,76,77,78,82,84,90,93,98" machi="84" ten="30,4000,0" yaku="1,1,2,1,0,1,53,0" doraHai="62" doraHaiUra="133" who="1" fromWho="1" sc="170,-11,240,53,346,-21,234,-11" /><INIT seed="3,0,0,4,0,4" ten="159,293,325,223" oya="3" hai0="94,96,1,66,83,132,49,92,88,73,19,114,76" hai1="130,2,104,26,78,17,70,112,127,121,97,99,31" hai2="119,129,86,77,46,124,117,133,89,25,111,8,28" hai3="115,118,135,32,30,38,58,100,75,22,68,41,110"/><W106/><G100/><T57/><D114/><U29/><E78/><V91/><F111/><W50/><G58/><T44/><D132/><U3/><E97/><V40/><F133/><W134/><G50/><T93/><D1/><U56/><E56/><V131/><F124/><W43/><G22/><T81/><D81/><U87/><E87/><V90/><F77/><W72/><G30/><T63/><REACH who="0" step="1"/><D19/><REACH who="0" ten="149,293,325,223" step="2"/><U24/><E17/><V109/><F119/><W0/><G134/><T36/><D36/><U51/><E2/><V53/><F117/><W64/><G0/><T27/><D27/><U6/><E3/><V54/><F25/><W13/><G135/><T79/><D79/><U59/><E24/><V126/><F126/><W102/><G115/><T55/><AGARI ba="0,1" hai="44,49,55,57,63,66,73,76,83,88,92,93,94,96" machi="55" ten="20,8000,1" yaku="1,1,0,1,7,1,54,1,53,1" doraHai="4" doraHaiUra="45" who="0" fromWho="0" sc="149,90,293,-20,325,-20,223,-40" /><INIT seed="4,0,0,1,4,20" ten="239,273,305,183" oya="0" hai0="65,88,9,54,107,118,98,21,8,36,51,87,116" hai1="123,57,78,101,95,43,17,0,102,40,67,10,29" hai2="80,131,58,22,1,14,68,119,113,27,105,12,89" hai3="32,97,30,63,37,60,61,11,52,85,111,49,26"/><T117/><D36/><U77/><E123/><V79/><F1/><W81/><G111/><T99/><D65/><U74/><E74/><V72/><F68/><W110/><G110/><T127/><D127/><U130/><E130/><V48/><F131/><W4/><G37/><T35/><D35/><U50/><E29/><V33/><F105/><W115/><G97/><T135/><D135/><U70/><E70/><V124/><F124/><W90/><G115/><T132/><D132/><U15/><E0/><V24/><F113/><W96/><G96/><T112/><D112/><U64/><E64/><V53/><F119/><W55/><REACH who="3" step="1"/><G49/><REACH who="3" ten="239,273,305,173" step="2"/><T39/><D39/><U18/><E50/><V82/><F48/><W23/><G23/><T25/><D99/><U114/><E114/><V91/><F22/><W92/><G92/><T108/><D108/><U2/><E95/><V120/><F33/><W66/><G66/><T94/><D98/><U129/><E67/><V62/><F120/><W44/><G44/><T128/><D128/><U106/><E106/><V93/><F93/><W16/><G16/><T38/><D38/><U126/><E18/><V104/><F104/><W134/><G134/><T46/><REACH who="0" step="1"/><D107/><REACH who="0" ten="229,273,305,173" step="2"/><U100/><E129/><V41/><F80/><W83/><G83/><T76/><D76/><U47/><E126/><V103/><F82/><W73/><G73/><T84/><D84/><U71/><E78/><V6/><F79/><W5/><G5/><T133/><D133/><U86/><E77/><V7/><F72/><W109/><G109/><T31/><AGARI ba="0,2" hai="8,9,21,25,31,46,51,54,87,88,94,116,117,118" machi="31" ten="30,12000,1" yaku="1,1,0,1,52,1,54,1,53,1" doraHai="20" doraHaiUra="19" who="0" fromWho="0" sc="229,140,273,-40,305,-40,173,-40" /><INIT seed="4,1,0,2,1,32" ten="369,233,265,133" oya="0" hai0="81,60,83,99,35,77,7,79,20,36,66,121,17" hai1="117,10,65,21,82,120,59,85,63,48,113,11,69" hai2="18,129,71,55,8,50,93,105,132,101,30,54,95" hai3="108,57,19,128,39,124,125,115,1,90,38,110,47"/><T76/><D35/><U64/><E117/><V12/><F71/><W16/><G57/><T78/><D36/><N who="3" m="13865" /><G90/><T29/><D29/><U74/><E74/><V112/><F112/><W2/><G47/><T6/><D121/><U61/><E120/><V103/><F132/><W34/><G115/><T114/><D99/><U26/><E113/><V68/><F68/><W134/><G34/><T42/><D42/><U43/><E43/><V133/><F133/><W25/><G134/><T70/><D114/><U31/><REACH who="1" step="1"/><E48/><REACH who="1" ten="369,223,265,133" step="2"/><V92/><F50/><W46/><G46/><T24/><REACH who="0" step="1"/><D83/><REACH who="0" ten="359,223,265,133" step="2"/><U13/><E13/><V40/><F12/><W0/><G128/><T130/><D130/><U98/><E98/><V56/><F129/><W51/><G51/><T107/><D107/><U4/><E4/><V73/><F101/><W33/><G108/><T67/><D67/><U41/><E41/><V122/><F103/><W100/><G110/><T119/><D119/><U14/><E14/><V84/><F105/><W3/><N who="3" m="512" /><DORA hai="123" /><W9/><G100/><T118/><D118/><U75/><E75/><AGARI ba="1,2" hai="6,7,17,20,24,60,66,70,75,76,77,78,79,81" machi="75" ten="40,2000,0" yaku="1,1,53,0" doraHai="32,123" doraHaiUra="127,45" who="0" fromWho="1" sc="359,43,223,-23,265,0,133,0" /><INIT seed="4,2,0,4,0,126" ten="402,200,265,133" oya="0" hai0="52,34,69,74,16,32,131,116,1,134,85,133,50" hai1="5,90,87,82,57,66,83,47,94,75,36,22,102" hai2="132,77,24,73,80,56,11,30,118,3,12,48,15" hai3="9,99,105,76,67,59,112,14,91,58,39,7,111"/><T106/><D74/><U72/><E5/><V101/><F3/><W129/><G39/><T100/><D1/><U93/><E22/><V29/><F132/><N who="0" m="50794" /><D69/><U61/><E36/><V46/><F118/><W23/><G111/><T98/><D116/><U122/><E122/><V49/><F101/><W45/><G76/><T108/><D108/><U41/><E75/><V4/><F15/><W63/><G112/><T123/><D123/><U44/><E72/><V114/><F114/><W37/><G37/><T2/><D2/><U97/><E41/><V120/><F120/><W107/><G58/><N who="0" m="33047" /><D131/><U127/><E127/><V28/><F56/><W124/><G124/><T62/><D62/><U78/><E78/><V130/><F130/><W68/><G129/><T26/><D85/><U109/><E109/><V81/><F81/><AGARI ba="2,0" hai="44,47,57,61,66,81,82,83,87,90,93,94,97,102" machi="81" ten="40,1300,0" yaku="8,1" doraHai="126" who="1" fromWho="2" sc="402,0,200,19,265,-19,133,0" /><INIT seed="5,0,0,3,1,118" ten="402,219,246,133" oya="1" hai0="46,21,61,133,80,54,125,8,124,87,123,63,113" hai1="91,119,69,74,3,130,84,49,51,9,20,81,0" hai2="28,7,90,32,45,85,70,38,116,48,18,10,135" hai3="86,58,4,27,109,16,66,30,73,6,40,17,96"/><U5/><E119/><V75/><F116/><W47/><G73/><T57/><D113/><U55/><E69/><V99/><F75/><W100/><G109/><T52/><D8/><U88/><E130/><V104/><F70/><W134/><G134/><T60/><D133/><U77/><E3/><V108/><F108/><W39/><G86/><T53/><D123/><U42/><E42/><V19/><F38/><W26/><G4/><T117/><D117/><U36/><E36/><V114/><F114/><W79/><G79/><T56/><D21/><U107/><E107/><V82/><F135/><W68/><G6/><T41/><D87/><U23/><E51/><V132/><F132/><W31/><G31/><T131/><D80/><U44/><REACH who="1" step="1"/><E91/><REACH who="1" ten="402,209,246,133" step="2"/><V102/><F48/><W25/><G68/><T62/><D131/><U129/><E129/><V2/><F90/><W120/><G39/><N who="0" m="21823" /><D60/><U112/><E112/><V111/><F104/><W34/><G40/><T95/><D61/><U11/><E11/><V72/><F10/><W126/><G34/><T92/><D62/><U121/><E121/><V50/><F32/><W1/><G120/><T106/><D106/><U65/><E65/><V93/><F2/><W78/><G1/><T22/><D63/><U12/><E12/><V64/><F50/><W97/><G66/><T115/><D115/><U103/><E103/><V89/><F64/><W110/><G100/><T33/><D54/><U94/><AGARI ba="0,1" hai="0,5,9,20,23,44,49,55,74,77,81,84,88,94" machi="94" ten="20,7800,0" yaku="1,1,0,1,7,1,54,1,53,0" doraHai="118" doraHaiUra="127" who="1" fromWho="1" sc="402,-26,209,88,246,-26,133,-26" /><INIT seed="5,1,0,0,4,45" ten="376,297,220,107" oya="1" hai0="64,54,15,21,11,104,46,56,129,72,40,85,83" hai1="118,116,113,63,88,7,86,119,2,31,62,131,96" hai2="128,67,110,108,65,10,13,30,55,49,100,73,8" hai3="14,82,48,126,53,66,5,125,19,135,39,89,42"/><U23/><E96/><V34/><F73/><W90/><G66/><T20/><D104/><U91/><E113/><V97/><F108/><W57/><G5/><T16/><D72/><U47/><E131/><V33/><F110/><W61/><G39/><T101/><D64/><U122/><E122/><V58/><F67/><W4/><G4/><T79/><D101/><U32/><E32/><V121/><F121/><W12/><G135/><T98/><D98/><U95/><E2/><V109/><F109/><W0/><G0/><T94/><D94/><U69/><E7/><V102/><F102/><W133/><G133/><T29/><D29/><U114/><E114/><V18/><F128/><W123/><G123/><T134/><D134/><U105/><E105/><V71/><F8/><W52/><G42/><T120/><D120/><U43/><E69/><V26/><F65/><W84/><G89/><T93/><D93/><U111/><E111/><V74/><F74/><W81/><G81/><T35/><D35/><U22/><E91/><V60/><F71/><W75/><G75/><T132/><D132/><U37/><REACH who="1" step="1"/><E31/><REACH who="1" ten="376,287,220,107" step="2"/><V92/><REACH who="2" step="1"/><F34/><REACH who="2" ten="376,287,210,107" step="2"/><W17/><G126/><T38/><D129/><U117/><E117/><V103/><F103/><W107/><G125/><T59/><D79/><U112/><E112/><V115/><F115/><W9/><G107/><T130/><D130/><U70/><E70/><V77/><F77/><W87/><G87/><T6/><D85/><U106/><E106/><V1/><F1/><W41/><G84/><T28/><D6/><U3/><E3/><V50/><AGARI ba="1,2" hai="10,13,18,26,30,33,49,50,55,58,60,92,97,100" machi="50" ten="30,12000,2" yaku="1,1,5,1,0,1,52,2,53,1" doraHai="45" doraHaiUra="24" who="2" fromWho="2" sc="376,-31,287,-61,210,143,107,-31" /><INIT seed="6,0,0,4,3,119" ten="345,226,353,76" oya="2" hai0="16,59,1,128,86,116,87,78,49,13,36,124,27" hai1="83,67,3,61,81,12,104,126,70,47,29,130,6" hai2="28,131,57,109,14,111,55,94,75,132,129,45,93" hai3="71,32,4,98,88,35,37,123,74,92,21,63,38"/><V52/><F132/><W17/><G74/><T66/><D1/><U34/><E104/><V103/><F75/><W33/><G4/><T84/><D36/><U25/><E3/><V113/><F113/><W134/><G134/><T44/><D124/><U95/><E126/><V121/><F28/><W115/><G115/><T122/><D122/><U69/><E69/><V48/><F121/><W91/><G91/><T56/><D128/><N who="2" m="49226" /><F14/><W110/><G110/><N who="2" m="41993" /><F103/><W118/><G118/><T120/><D120/><U54/><E130/><V101/><F101/><W58/><G123/><T79/><D27/><U5/><E95/><V50/><AGARI ba="0,0" hai="45,48,50,52,55,57,93,94" m="41993,49226" machi="50" ten="40,7800,0" yaku="19,1,10,1,54,1" doraHai="119" who="2" fromWho="2" sc="345,-26,226,-26,353,78,76,-26" /><INIT seed="6,1,0,1,2,90" ten="319,200,431,50" oya="2" hai0="119,91,63,33,56,101,50,132,78,31,16,80,89" hai1="118,120,48,130,61,68,18,35,45,126,47,125,129" hai2="75,39,71,28,87,0,70,103,73,102,131,4,7" hai3="112,85,44,128,24,127,14,93,62,36,34,1,74"/><V15/><F15/><W135/><G24/><T84/><D132/><U40/><E35/><V57/><F57/><W11/><G14/><T110/><D110/><U53/><E18/><V81/><F28/><W2/><G11/><T82/><D119/><U107/><E107/><V23/><F23/><W60/><G44/><T20/><D31/><U49/><E118/><V59/><F59/><W104/><G60/><T66/><D33/><U21/><E21/><V30/><F30/><W124/><G62/><T115/><D115/><U25/><E25/><V106/><F39/><W3/><G85/><T134/><D134/><U79/><E79/><V76/><F106/><W5/><G93/><T29/><D29/><U88/><E88/><V64/><F64/><W26/><G5/><T17/><D101/><U95/><E95/><V9/><F131/><N who="1" m="50185" /><E120/><V10/><F87/><W98/><G2/><T55/><D82/><U72/><E72/><V111/><F111/><W6/><G6/><T99/><D99/><U46/><E46/><V22/><F22/><W37/><G26/><T65/><D17/><U100/><E100/><V96/><F75/><W41/><G98/><T86/><D86/><U123/><E123/><V116/><F116/><W42/><G1/><T94/><D94/><U92/><E92/><N who="2" m="58631" /><F103/><W12/><G3/><T27/><REACH who="0" step="1"/><D66/><AGARI ba="1,0" hai="40,45,47,48,49,53,61,66,68,125,126" m="50185" machi="66" ten="30,3900,0" yaku="19,1,34,2" doraHai="90" who="1" fromWho="0" sc="319,-42,200,42,431,0,50,0" /><INIT seed="7,0,0,2,3,32" ten="277,242,431,50" oya="3" hai0="0,113,95,86,64,70,115,94,134,135,62,41,81" hai1="15,48,25,66,80,112,71,91,24,120,106,40,21" hai2="103,77,110,125,14,36,82,65,78,98,92,109,47" hai3="9,72,45,100,102,122,99,127,13,73,67,54,1"/><W38/><G122/><T42/><D0/><U75/><E106/><V132/><F132/><N who="0" m="50730" /><D94/><U43/><E120/><V7/><F125/><W35/><G54/><T23/><D95/><U16/><E112/><N who="0" m="43081" /><D23/><U12/><E71/><V58/><F65/><W33/><G13/><T118/><D118/><U59/><E15/><V126/><F58/><W124/><G100/><T46/><D46/><U39/><E39/><V30/><F126/><N who="3" m="48171" /><G67/><T101/><D101/><U5/><E75/><N who="3" m="28746" /><G102/><T53/><D53/><N who="1" m="32167" /><E66/><V96/><F103/><W129/><G99/><T61/><D61/><U50/><E50/><V84/><F98/><W76/><G76/><AGARI ba="0,0" hai="41,42,62,64,70,76,81,86" m="43081,50730" machi="76" ten="30,3900,0" yaku="20,1,15,1,11,1" doraHai="32" who="0" fromWho="3" sc="277,39,242,0,431,0,50,-39" owari="316,12.0,242,-16.0,431,53.0,11,-49.0" /></mjloggm>