<mjloggm ver="2.3"><GO type="169" lobby="0"/><UN n0="%6D%61%63%6A%72" n1="%EF%BC%88%E2%89%A7%E2%96%BD%E2%89%A6%EF%BC%89" n2="%E9%8A%80%E9%81%8A%E7%A7%81%E4%BA%BA" n3="%E3%82%82%E3%81%A3%E3%81%97%E3%83%BC" dan="16,17,17,17" rate="2048.70,2141.73,2068.12,2129.59" sx="M,M,M,M"/><TAIKYOKU oya="0"/><INIT seed="0,0,0,3,2,121" ten="250,250,250,250" oya="0" hai0="8,60,34,30,24,120,124,92,46,74,132,47,67" hai1="113,75,61,73,48,80,1,83,63,88,112,64,82" hai2="90,116,54,99,105,27,38,86,50,125,127,44,18" hai3="51,58,55,53,97,70,15,65,87,101,3,20,22"/><T12/><D120/><U66/><E1/><V100/><F116/><W56/><G3/><T91/><D74/><N who="1" m="28171" /><E48/><V85/><F38/><W5/><G87/><T115/><D115/><N who="1" m="44107" /><E88/><V128/><F128/><W107/><G65/><AGARI ba="0,0" hai="61,63,64,65,66,80,82,83" m="44107,28171" machi="65" ten="40,5200,0" yaku="28,2,11,1" doraHai="121" who="1" fromWho="3" sc="250,0,250,52,250,0,250,-52" /><INIT seed="1,0,0,3,2,49" ten="250,302,250,198" oya="1" hai0="117,4,119,61,37,12,125,70,134,133,99,103,8" hai1="109,91,77,45,35,44,85,48,13,67,10,33,40" hai2="98,129,53,66,130,75,71,17,29,100,84,124,112" hai3="25,78,69,93,123,72,58,23,19,16,118,15,7"/><U126/><E126/><V101/><F75/><W108/><G69/><T41/><D125/><U96/><E109/><V114/><F124/><W62/><G123/><T34/><D34/><U3/><E3/><V89/><F29/><W27/><G108/><T28/><D28/><U73/><E73/><V110/><F110/><W18/><G118/><T57/><D70/><U30/><E67/><V82/><F17/><N who="3" m="6763" /><G72/><T9/><D41/><U43/><E96/><V50/><F66/><W115/><G115/><N who="2" m="44073" /><F71/><W54/><G78/><T68/><D37/><U42/><E77/><V86/><F86/><W121/><G121/><T32/><D8/><U39/><E43/><V127/><F127/><W95/><G7/><T64/><D32/><U106/><E106/><N who="2" m="63767" /><F101/><W21/><G21/><T24/><D24/><AGARI ba="0,0" hai="15,19,23,24,25,27,54,58,62,93,95" m="6763" machi="24" ten="30,3900,0" yaku="8,1,52,1,54,1" doraHai="49" who="3" fromWho="0" sc="250,-39,302,0,250,0,198,39" /><INIT seed="2,0,0,0,3,22" ten="211,302,250,237" oya="2" hai0="18,52,60,98,4,39,20,70,114,30,132,107,55" hai1="88,103,96,109,133,41,106,56,19,29,124,95,134" hai2="126,82,72,66,32,11,21,23,36,112,80,7,37" hai3="31,1,51,84,24,71,6,89,93,34,83,99,86"/><V81/><F32/><W15/><G71/><T50/><D39/><U43/><E109/><V128/><F72/><W38/><G38/><T48/><D114/><U8/><E124/><V28/><F126/><W97/><G1/><T26/><D132/><N who="1" m="50795" /><E29/><V53/><F112/><W90/><REACH who="3" step="1"/><G51/><REACH who="3" ten="211,302,250,227" step="2"/><T65/><D48/><U100/><E56/><V111/><F36/><W62/><G62/><T13/><D50/><U120/><E120/><V92/><F37/><W69/><G69/><T47/><D47/><U130/><E130/><V40/><F128/><W77/><G77/><T44/><D44/><U73/><E41/><V16/><F40/><W57/><G57/><T129/><D129/><U116/><E43/><V119/><F111/><W42/><G42/><T9/><D107/><U35/><E106/><V46/><F46/><W108/><G108/><T75/><D75/><U135/><E73/><V3/><F3/><W2/><G2/><T33/><REACH who="0" step="1"/><D98/><REACH who="0" ten="201,302,250,227" step="2"/><U10/><E96/><V125/><F125/><W67/><G67/><T121/><D121/><U117/><E135/><V110/><F66/><W113/><G113/><T58/><D58/><U122/><E122/><V63/><F110/><W118/><G118/><T12/><AGARI ba="0,2" hai="4,9,12,13,18,20,26,30,33,52,55,60,65,70" machi="12" ten="20,8000,1" yaku="1,1,0,1,7,1,52,1,54,1,53,0" doraHai="22" doraHaiUra="45" who="0" fromWho="0" sc="201,100,302,-20,250,-40,227,-20" /><INIT seed="3,0,0,3,0,20" ten="301,282,210,207" oya="3" hai0="127,10,111,27,67,19,41,95,48,6,106,46,77" hai1="39,34,51,58,44,73,61,3,70,54,119,42,125" hai2="116,76,38,8,130,109,89,1,35,30,74,52,26" hai3="31,0,16,59,12,47,90,79,49,80,86,88,91"/><W22/><G0/><T66/><D106/><U110/><E73/><V72/><F116/><W21/><G59/><T40/><D111/><U64/><E3/><V24/><F130/><W126/><G126/><T75/><D127/><U135/><E125/><V123/><F109/><W93/><G31/><T104/><D104/><U25/><E110/><V13/><F123/><W17/><G93/><T71/><D41/><U131/><E135/><V94/><F1/><W60/><G60/><T107/><D107/><U43/><E131/><V113/><F113/><W7/><G7/><T36/><D36/><U102/><E102/><V117/><F117/><W112/><G112/><T63/><D66/><U128/><E128/><V87/><F38/><W65/><G65/><T5/><D95/><U114/><E114/><V129/><F129/><W62/><G62/><T132/><D132/><U120/><E119/><V97/><F76/><W2/><G2/><T11/><D11/><U118/><E118/><V133/><F133/><W82/><G82/><T55/><D40/><N who="1" m="22559" /><E120/><V32/><F97/><W92/><G92/><T84/><D75/><U105/><E105/><V53/><F74/><W69/><G69/><T29/><D29/><AGARI ba="0,0" hai="25,29,34,42,43,51,54,58,61,64,70" m="22559" machi="29" ten="30,2000,0" yaku="24,1,52,1" doraHai="20" who="1" fromWho="0" sc="301,-20,282,20,210,0,207,0" /><INIT seed="4,0,0,4,4,98" ten="281,302,210,207" oya="0" hai0="28,10,9,30,29,124,77,68,17,31,0,96,85" hai1="121,90,76,130,116,88,109,41,24,131,101,102,103" hai2="81,56,55,122,94,51,4,87,123,57,7,8,91" hai3="3,69,128,73,61,127,12,99,23,59,132,18,106"/><T120/><D68/><U74/><E109/><V126/><F126/><W71/><G3/><T34/><D120/><U5/><E116/><V19/><F19/><W133/><G73/><T117/><D117/><U115/><E121/><V112/><F112/><W11/><G128/><N who="1" m="49194" /><E115/><V97/><F57/><W119/><G119/><T13/><D124/><U66/><E66/><V52/><F55/><W108/><G108/><T111/><D111/><U14/><E41/><V95/><F95/><W48/><G48/><T60/><D60/><U27/><E74/><V21/><F21/><W83/><G83/><T36/><D36/><U35/><E76/><V64/><F64/><N who="3" m="38975" /><G23/><T22/><D96/><U44/><E44/><V58/><F58/><W82/><G82/><N who="0" m="47311" /><D0/><U45/><E45/><V50/><F50/><W107/><G107/><T113/><D34/><U25/><E35/><V49/><F49/><W65/><G65/><T72/><D72/><U105/><E105/><V135/><F4/><W6/><G6/><T84/><N who="0" m="7168" /><DORA hai="26" /><T100/><D113/><U33/><E33/><V125/><F125/><W114/><G114/><T92/><D100/><U110/><E110/><V75/><F75/><W89/><G127/><T42/><D42/><U20/><E5/><V38/><F38/><W70/><G70/><T104/><D104/><U43/><E43/><V129/><F129/><W39/><G39/><T54/><D54/><U32/><E32/><V80/><F123/><W86/><G71/><T16/><D17/><AGARI ba="0,0" hai="14,17,20,24,25,27,88,90,101,102,103" m="49194" machi="17" ten="40,8000,1" yaku="19,1,52,3,54,1" doraHai="98,26" who="1" fromWho="0" sc="281,-80,302,80,210,0,207,0" /><INIT seed="5,0,0,0,0,29" ten="201,382,210,207" oya="1" hai0="77,31,110,42,60,102,112,28,12,34,68,23,116" hai1="43,83,64,74,45,44,129,14,133,56,9,84,35" hai2="6,134,4,50,131,38,13,65,122,127,91,135,48" hai3="57,66,70,107,118,80,11,126,100,119,15,41,111"/><U78/><E133/><N who="2" m="50699" /><F38/><W19/><G111/><T117/><D77/><U108/><E108/><V18/><F122/><W81/><G70/><T86/><D102/><U25/><E129/><V1/><F131/><W94/><G107/><T75/><D110/><U59/><E74/><V32/><F127/><W53/><G66/><T67/><D75/><U49/><E64/><V97/><F65/><W71/><G71/><T46/><D86/><U120/><E44/><V20/><F32/><W89/><G100/><T82/><D82/><U33/><E120/><V93/><F1/><W130/><G41/><T22/><D112/><U69/><E69/><V21/><F21/><W36/><G36/><T99/><D99/><U105/><E105/><V125/><F125/><W47/><G47/><T73/><D73/><U5/><E25/><V2/><F2/><W3/><G3/><T30/><D34/><AGARI ba="0,0" hai="5,9,14,33,34,35,43,45,49,56,59,78,83,84" machi="34" ten="40,12000,1" yaku="25,2,52,3" doraHai="29" who="1" fromWho="0" sc="201,-120,382,120,210,0,207,0" /><INIT seed="5,1,0,5,2,5" ten="81,502,210,207" oya="1" hai0="99,90,14,132,128,49,70,2,48,10,24,63,112" hai1="29,69,22,93,23,65,45,41,96,15,117,92,51" hai2="68,19,79,88,100,11,107,60,52,9,121,72,21" hai3="27,20,80,77,111,46,31,118,32,34,94,87,114"/><U8/><E117/><V36/><F121/><W18/><G111/><T1/><D112/><U75/><E75/><V64/><F36/><W82/><G114/><T33/><D128/><U105/><E105/><V73/><F107/><W131/><G131/><T16/><D132/><U108/><E108/><V130/><F100/><W55/><G118/><T113/><D113/><U104/><E104/><V58/><F130/><W44/><G94/><T76/><D76/><U0/><E0/><V66/><F66/><W116/><G116/><T7/><D99/><U95/><E96/><V28/><F28/><W124/><G124/><T12/><D90/><U134/><E134/><V119/><F119/><W83/><G34/><T37/><D37/><U59/><E69/><V98/><F79/><W85/><G55/><T61/><D1/><U81/><E81/><V67/><F67/><W50/><G50/><N who="0" m="19563" /><D2/><U109/><E29/><V30/><F30/><W74/><G74/><N who="2" m="28777" /><F64/><W42/><G82/><T133/><D33/><U26/><E109/><V127/><F68/><W62/><G32/><T102/><D70/><U17/><E26/><N who="2" m="14655" /><F127/><W110/><G110/><T25/><D102/><U91/><E91/><V56/><F56/><W86/><G77/><T35/><D133/><U89/><E89/><V101/><F101/><W125/><G125/><T47/><D35/><U120/><E120/><V84/><F84/><W97/><G86/><T115/><D115/><U122/><E122/><V39/><F39/><W4/><G87/><T71/><D71/><U103/><E59/><V43/><F43/><W3/><G85/><RYUUKYOKU ba="1,0" sc="81,-10,502,-10,210,30,207,-10" hai2="9,11,52,58,60,88,98" /><INIT seed="6,2,0,4,1,7" ten="71,492,240,197" oya="2" hai0="73,126,14,59,110,107,132,38,66,124,103,6,21" hai1="130,70,34,40,88,87,9,2,44,63,82,49,101" hai2="83,5,48,135,134,55,23,42,131,91,112,109,118" hai3="65,45,80,52,3,100,71,69,77,61,41,79,20"/><V99/><F118/><W86/><G3/><T35/><D35/><U106/><E34/><V10/><F42/><W0/><G0/><T62/><D110/><U74/><E74/><V16/><F109/><W108/><G108/><T92/><D73/><U22/><E130/><V47/><F131/><W89/><G71/><T72/><D72/><U113/><E113/><V4/><F112/><W127/><G127/><N who="0" m="48683" /><D38/><U123/><E123/><V31/><F31/><W24/><G100/><T64/><D107/><U28/><E106/><V125/><F125/><W19/><REACH who="3" step="1"/><G52/><REACH who="3" ten="71,492,240,187" step="2"/><N who="0" m="34151" /><D132/><U8/><E101/><V85/><F135/><W46/><G46/><T75/><D75/><U117/><E44/><V39/><F134/><W36/><AGARI ba="2,1" hai="19,20,24,36,41,45,61,65,69,77,79,80,86,89" machi="36" ten="20,2700,0" yaku="1,1,0,1,7,1,53,0" doraHai="7" doraHaiUra="25" who="3" fromWho="3" sc="71,-9,492,-9,240,-15,187,43" /><INIT seed="7,0,0,0,0,127" ten="62,483,225,230" oya="3" hai0="118,35,130,86,48,90,80,24,32,58,113,6,27" hai1="110,10,13,82,75,116,21,4,14,67,87,5,28" hai2="114,125,98,18,16,29,17,91,36,68,122,45,99" hai3="65,64,106,126,66,81,7,23,70,135,92,134,95"/><W123/><G106/><T2/><D118/><U3/><E75/><V19/><F125/><W111/><G126/><T102/><D113/><U100/><E110/><V85/><F114/><W46/><G123/><T11/><D102/><U121/><E121/><V49/><F36/><W43/><G111/><T51/><D32/><U47/><E116/><V38/><F38/><W132/><G7/><T8/><D35/><U52/><E67/><V62/><F122/><W69/><G81/><T60/><D8/><U97/><E28/><V0/><F0/><W78/><G78/><T119/><D119/><U42/><E21/><V108/><F108/><W37/><G23/><T107/><D107/><U54/><E3/><V57/><F29/><W77/><G77/><T93/><D2/><U41/><E13/><V26/><F26/><W25/><G25/><T104/><D104/><U72/><E72/><V55/><F68/><AGARI ba="0,0" hai="37,43,46,64,65,66,68,69,70,92,95,132,134,135" machi="68" ten="50,2400,0" yaku="20,1" doraHai="127" who="3" fromWho="2" sc="62,0,483,0,225,-24,230,24" /><INIT seed="7,1,0,1,5,55" ten="62,483,201,254" oya="3" hai0="122,2,37,7,29,63,0,26,91,87,67,33,82" hai1="115,100,28,133,88,8,54,129,99,125,49,119,52" hai2="84,15,40,89,103,80,30,131,116,48,61,107,19" hai3="127,123,1,106,11,9,86,10,117,36,118,128,24"/><W112/><G106/><T21/><D37/><U97/><E129/><V38/><F38/><W42/><G42/><T12/><D122/><U126/><E119/><N who="3" m="45578" /><G36/><T104/><D104/><U98/><E100/><V64/><F116/><W22/><G86/><T16/><REACH who="0" step="1"/><D7/><REACH who="0" ten="52,483,201,254" step="2"/><U62/><E28/><V57/><F107/><W53/><G123/><T70/><AGARI ba="1,1" hai="0,2,12,16,21,26,29,33,63,67,70,82,87,91" machi="70" ten="20,8000,1" yaku="1,1,2,1,0,1,7,1,54,1,53,0" doraHai="55" doraHaiUra="108" who="0" fromWho="0" sc="52,93,483,-21,201,-21,254,-41" owari="145,-35.0,462,56.0,180,-22.0,213,1.0" /></mjloggm>