<mjloggm ver="2.3"><GO type="41"/><UN n0="%E8%B0%B7%E3%81%8F%E3%82%93" n1="%EF%BC%88%E2%89%A7%E2%96%BD%E2%89%A6%EF%BC%89" n2="%E3%83%9A%E3%83%BC%E3%83%81%E3%83%A3%E3%83%B3" n3="%E3%81%97%E3%81%8A%E3%82%84%E3%81%A0%E3%82%93" dan="15,15,14,16" rate="1997,2065,1876,2089" sx="M,M,M,F"/><TAIKYOKU oya="0"/><INIT seed="0,0,0,4,4,67" ten="250,250,250,250" oya="0" hai0="63,109,34,130,8,133,54,47,9,25,135,74,37" hai1="87,86,65,30,115,104,112,16,132,55,21,48,69" hai2="64,95,83,97,100,7,106,92,2,73,101,124,32" hai3="108,40,51,131,75,77,90,24,35,12,15,46,85"/><T125/><D74/><U84/><E104/><V20/><F32/><W50/><G75/><T0/><D125/><U88/><E30/><V1/><F64/><W14/><G77/><T26/><D130/><U66/><E132/><N who="0" m="50761" /><D109/><U103/><E103/><V11/><F2/><W70/><G108/><T39/><D39/><U82/><E66/><V3/><F3/><W41/><G131/><T110/><D110/><U128/><E128/><V121/><F121/><W91/><G70/><T19/><D26/><N who="1" m="14631" /><E65/><V28/><F124/><W4/><G4/><T117/><D117/><U59/><E69/><V38/><F101/><W22/><G35/><T113/><D113/><AGARI ba="0,0" hai="48,55,59,82,84,86,87,88,112,113,115" m="14631" machi="113" ten="30,3900,0" yaku="11,1,54,2" doraHai="67" who="1" fromWho="0" sc="250,-39,250,39,250,0,250,0" /><INIT seed="1,0,0,4,1,65" ten="211,289,250,250" oya="1" hai0="106,53,64,34,82,4,81,132,68,47,129,72,44" hai1="120,69,24,119,102,7,25,97,0,76,135,42,15" hai2="88,128,115,127,83,43,8,51,73,93,67,105,78" hai3="55,26,108,63,13,94,71,100,33,125,29,116,84"/><U114/><E120/><V50/><F127/><W1/><G1/><T103/><D34/><U21/><E119/><V39/><F105/><W87/><G116/><T6/><D129/><U98/><E114/><V111/><F128/><W110/><G125/><T52/><D132/><U16/><E135/><V131/><F115/><W20/><G100/><T22/><D22/><U123/><E123/><V57/><F131/><W126/><G126/><T37/><D37/><U77/><E69/><V122/><F122/><W49/><G94/><T86/><D72/><U28/><E42/><V79/><F79/><W54/><G13/><T56/><D106/><U12/><E0/><V74/><F74/><W91/><G91/><N who="0" m="51663" /><D103/><U117/><E117/><V41/><F39/><W130/><G130/><T61/><D68/><U101/><E7/><N who="0" m="2601" /><D82/><U2/><E2/><V35/><F35/><W109/><G33/><T134/><D134/><U66/><E21/><V38/><F38/><W58/><REACH who="3" step="1"/><G71/><REACH who="3" step="2"/><T118/><D118/><U95/><E95/><V23/><F93/><W59/><AGARI ba="0,1" hai="20,26,29,49,54,55,58,59,63,84,87,108,109,110" machi="59" ten="40,8000,1" yaku="1,1,2,1,0,1,14,1,53,0" doraHai="65" doraHaiUra="5" who="3" fromWho="3" sc="211,-20,289,-40,250,-20,240,90" /><INIT seed="2,0,0,5,4,44" ten="191,249,230,330" oya="2" hai0="31,119,128,72,37,132,15,76,39,80,126,124,47" hai1="14,99,1,62,60,27,52,0,101,64,7,123,48" hai2="57,12,106,100,95,63,75,5,70,16,25,93,89" hai3="67,79,26,6,45,28,13,65,43,131,96,112,77"/><V46/><F75/><W36/><G112/><T68/><D119/><U86/><E123/><V110/><F70/><W134/><G134/><T32/><D15/><U8/><E86/><V51/><F106/><W78/><G131/><T20/><D20/><U56/><E27/><V55/><F100/><W59/><G96/><T61/><D128/><U22/><E22/><V50/><F5/><W58/><G6/><T98/><D132/><U83/><E83/><V105/><F105/><W9/><G9/><T17/><D17/><U4/><E4/><V29/><F95/><W117/><G13/><T115/><D98/><U92/><REACH who="1" step="1"/><E62/><REACH who="1" step="2"/><V84/><F110/><W135/><G26/><T40/><D115/><U34/><E34/><V53/><F63/><W118/><G78/><T10/><D10/><U49/><E49/><V69/><F69/><AGARI ba="0,1" hai="0,1,7,8,14,48,52,56,60,64,69,92,99,101" machi="69" ten="30,7700,0" yaku="1,1,7,1,52,1,54,1,53,0" doraHai="44" doraHaiUra="81" who="1" fromWho="2" sc="191,0,239,87,230,-77,330,0" /><INIT seed="3,0,0,2,3,115" ten="191,326,153,330" oya="3" hai0="61,101,4,74,21,120,36,78,22,47,41,38,80" hai1="96,94,24,111,86,73,104,102,25,130,116,30,50" hai2="8,2,31,44,35,99,37,62,114,16,57,52,105" hai3="134,117,49,5,67,127,56,91,65,10,118,122,112"/><W87/><G122/><T63/><D120/><U42/><E73/><V109/><F114/><W129/><G112/><T72/><D72/><U68/><E68/><V76/><F76/><W17/><G129/><T98/><D36/><U7/><E130/><V13/><F109/><W110/><G110/><T51/><D51/><U45/><E111/><V97/><F105/><W133/><G17/><T100/><D100/><U75/><E75/><V107/><F107/><W70/><G70/><T71/><D4/><U84/><E7/><V14/><F2/><W108/><G108/><T95/><REACH who="0" step="1"/><D71/><REACH who="0" step="2"/><U60/><E102/><V55/><F37/><W33/><G49/><T77/><D77/><U103/><E103/><V1/><F1/><W15/><G127/><T124/><D124/><U66/><E50/><N who="2" m="28743" /><F35/><W48/><G48/><T125/><D125/><U11/><E42/><V34/><F34/><W19/><G33/><T58/><D58/><U121/><E45/><V54/><F54/><W32/><G5/><T83/><D83/><U135/><E121/><V119/><F119/><N who="3" m="45579" /><G56/><T88/><D88/><U79/><E116/><V40/><F40/><W126/><G32/><T93/><D93/><U12/><E94/><V106/><F106/><W9/><G126/><T64/><D64/><U39/><E66/><V43/><F43/><W131/><G67/><T46/><D46/><U89/><E39/><V23/><F31/><W18/><G65/><T132/><D132/><N who="3" m="50793" /><G131/><T28/><D28/><U27/><E30/><V113/><F113/><W123/><G123/><T3/><D3/><U85/><E135/><RYUUKYOKU ba="0,1" sc="181,15,326,-15,153,15,330,-15" hai0="21,22,38,41,47,61,63,74,78,80,95,98,101" hai2="8,13,14,16,23,55,57,62,97,99" /><INIT seed="4,1,1,0,0,77" ten="196,311,168,315" oya="0" hai0="119,20,79,111,32,108,29,123,21,55,16,48,105" hai1="87,69,50,44,37,15,39,109,96,36,1,120,56" hai2="125,85,90,102,81,41,67,113,88,100,94,84,127" hai3="26,47,74,135,49,107,104,70,10,31,46,128,11"/><T131/><D105/><U86/><E120/><V45/><F67/><W106/><G74/><T83/><D123/><U53/><E1/><V98/><F45/><W114/><G70/><T23/><D119/><U103/><E109/><N who="0" m="42057" /><D32/><U124/><E124/><N who="2" m="47691" /><F41/><W121/><G121/><T129/><D29/><U101/><E69/><V40/><F40/><W6/><G11/><T122/><D122/><U12/><E44/><V64/><F64/><W33/><G46/><N who="0" m="28055" /><D16/><U72/><E72/><AGARI ba="1,1" hai="20,21,23,72,79,83,129,131" m="28055,42057" machi="72" ten="30,2900,0" yaku="10,1,52,1" doraHai="77" who="0" fromWho="1" sc="196,42,311,-32,168,0,315,0" /><INIT seed="4,2,0,5,5,94" ten="238,279,168,315" oya="0" hai0="105,59,65,32,130,34,64,128,116,121,16,92,74" hai1="122,13,70,47,5,78,62,15,25,96,38,85,79" hai2="41,8,67,46,82,69,91,112,71,4,9,28,3" hai3="77,56,58,101,83,135,29,103,73,36,108,35,0"/><T123/><D105/><U21/><E122/><V126/><F112/><W115/><G0/><T95/><D74/><U7/><E70/><V89/><F9/><W129/><G36/><T1/><D59/><U24/><E62/><V2/><F2/><W75/><G75/><T20/><D1/><U118/><E118/><V11/><F11/><W120/><G120/><T45/><D45/><U63/><E63/><V39/><F126/><W104/><G115/><T102/><D102/><U43/><E96/><V100/><F100/><W61/><G108/><T98/><D20/><U17/><E79/><V72/><F28/><W37/><G37/><T44/><D44/><U86/><E86/><V40/><F40/><W124/><G124/><T57/><D57/><U81/><REACH who="1" step="1"/><E15/><REACH who="1" step="2"/><V23/><F67/><W90/><G61/><T109/><D116/><U111/><E111/><V54/><F71/><W107/><G77/><T22/><D109/><U10/><E10/><V6/><F69/><W53/><G73/><T97/><D22/><U110/><E110/><V31/><F6/><AGARI ba="2,1" hai="5,6,7,13,17,21,24,25,38,43,47,78,81,85" machi="6" ten="40,1300,0" yaku="1,1,53,0" doraHai="94" doraHaiUra="50" who="1" fromWho="2" sc="238,0,269,29,168,-19,315,0" /><INIT seed="5,0,0,0,0,106" ten="238,298,149,315" oya="1" hai0="134,81,3,108,95,44,24,94,30,130,28,61,11" hai1="34,78,135,89,37,23,53,58,43,36,131,41,79" hai2="82,69,74,109,10,92,56,123,98,84,35,5,80" hai3="0,47,49,125,39,117,77,18,87,85,27,72,54"/><U17/><E34/><V62/><F69/><W52/><G0/><T38/><D108/><U16/><E135/><V2/><F35/><W25/><G117/><T68/><D134/><U51/><E131/><V129/><F123/><W83/><G125/><T96/><D130/><U102/><E102/><V12/><F129/><W73/><G39/><T7/><D81/><U21/><E89/><V97/><F2/><W70/><G70/><T15/><D3/><U64/><E64/><V103/><F109/><W33/><G87/><T26/><D26/><N who="1" m="14631" /><E37/><V90/><F74/><W71/><G71/><T115/><D115/><U48/><E36/><V19/><F98/><W6/><G6/><T122/><D122/><U57/><E58/><V22/><F5/><W66/><G66/><T121/><D121/><U1/><E1/><V114/><F114/><W105/><G105/><T124/><D38/><U126/><E126/><V42/><F42/><N who="1" m="15881" /><E51/><V133/><F133/><W13/><G54/><T104/><D44/><U55/><E53/><V63/><F10/><W100/><G100/><T111/><D124/><U45/><E45/><V9/><F9/><W118/><G118/><T14/><D111/><U8/><E8/><V40/><F40/><W113/><G113/><T120/><D11/><U65/><E65/><N who="2" m="39111" /><F63/><W75/><REACH who="3" step="1"/><G33/><REACH who="3" step="2"/><T116/><D68/><U91/><E91/><V93/><AGARI ba="0,1" hai="12,19,22,80,82,84,90,92,93,97,103" m="39111" machi="93" ten="30,1100,0" yaku="8,1" doraHai="106" who="2" fromWho="2" sc="238,-3,298,-5,149,21,305,-3" /><INIT seed="6,0,0,4,2,89" ten="235,293,170,302" oya="2" hai0="11,57,54,9,66,2,33,97,106,133,92,79,6" hai1="21,45,17,64,68,71,16,20,60,65,120,8,104" hai2="124,0,78,31,52,99,100,87,29,35,82,109,19" hai3="38,63,111,13,61,132,118,116,125,42,59,131,122"/><V86/><F0/><W91/><G122/><T129/><D33/><U4/><E120/><V107/><F124/><W10/><G125/><T103/><D133/><U76/><E104/><V25/><F31/><W93/><G111/><T24/><D129/><U53/><E76/><V26/><F109/><W105/><G105/><T34/><D66/><N who="1" m="25707" /><E71/><V50/><F19/><N who="1" m="7241" /><E68/><V135/><F25/><W44/><G131/><T130/><D9/><U47/><E60/><V98/><F98/><W77/><G77/><T72/><D130/><U40/><E53/><V123/><F123/><W113/><G132/><T55/><D106/><U56/><E56/><V115/><F115/><W27/><G27/><T95/><D55/><U119/><E119/><V69/><F69/><W41/><G41/><T1/><D1/><U22/><E40/><V128/><F128/><W96/><G113/><T37/><D37/><U43/><E43/><V3/><F3/><W110/><G110/><T80/><D54/><U108/><E108/><V74/><REACH who="2" step="1"/><F135/><REACH who="2" step="2"/><W117/><G117/><T5/><D2/><U23/><E22/><V14/><F14/><AGARI ba="0,1" hai="4,8,14,20,21,23,45,47" m="7241,25707" machi="14" ten="30,2000,0" yaku="8,1,54,1" doraHai="89" who="1" fromWho="2" sc="235,0,293,30,160,-20,302,0" /><INIT seed="7,0,0,5,0,117" ten="235,323,140,302" oya="3" hai0="129,8,47,66,70,103,80,127,85,126,92,105,48" hai1="71,135,30,39,9,11,116,45,17,120,49,25,100" hai2="113,58,14,101,35,40,67,99,131,104,61,32,38" hai3="20,132,89,65,7,51,50,42,78,63,83,55,68"/><W59/><G132/><T130/><D66/><U1/><E120/><V64/><F113/><W91/><G7/><T76/><D70/><U98/><E116/><V128/><F64/><W27/><G42/><T44/><D44/><U122/><E122/><V33/><F40/><W23/><G51/><T125/><D8/><U12/><E71/><V6/><F38/><W86/><REACH who="3" step="1"/><G23/><REACH who="3" step="2"/><T5/><D48/><U34/><E135/><V60/><F60/><W15/><G15/><T110/><D5/><U96/><E39/><V57/><F6/><W97/><G97/><N who="0" m="59815" /><D47/><U88/><E100/><V2/><F14/><W87/><G87/><T82/><D110/><U79/><E79/><V53/><F2/><W75/><G75/><T26/><D26/><U52/><REACH who="1" step="1"/><E88/><REACH who="1" step="2"/><V62/><AGARI ba="0,2" hai="32,33,35,53,57,58,61,62,67,99,101,104,128,131" machi="62" ten="40,1500,0" yaku="0,1" doraHai="117" who="2" fromWho="2" sc="235,-4,313,-4,140,35,292,-7" owari="231,-17.0,309,40.0,175,-32.0,285,9.0" /></mjloggm>