<mjloggm ver="2.3"><GO type="41"/><UN n0="%E9%AC%BC%E9%A0%AD%E5%96%AA" n1="%50%69%6B%75" n2="%E5%B9%BB%E3%81%AE%E7%90%83%2E" n3="%EF%BC%88%E2%89%A7%E2%96%BD%E2%89%A6%EF%BC%89" dan="15,14,14,15" rate="1951,1859,1982,2025" sx="M,M,M,M"/><TAIKYOKU oya="0"/><INIT seed="0,0,0,3,1,15" ten="250,250,250,250" oya="0" hai0="24,91,72,108,41,42,32,28,133,92,35,13,67" hai1="82,104,96,75,59,135,88,39,18,124,90,125,58" hai2="20,10,126,22,114,56,134,25,81,27,60,34,9" hai3="99,130,51,128,131,63,12,69,87,118,122,95,76"/><T116/><D116/><U55/><E39/><V123/><F123/><W64/><G118/><T94/><D72/><U61/><E135/><V14/><F134/><W52/><G122/><T47/><D133/><U43/><E43/><V50/><F34/><W86/><G76/><T111/><D32/><U29/><E29/><V57/><F114/><W53/><G12/><T110/><D67/><U73/><E59/><V71/><F71/><W98/><G53/><T70/><D70/><U54/><E104/><V38/><F38/><W62/><G62/><T2/><D2/><U0/><E54/><V37/><F37/><W105/><G105/><T74/><D74/><U101/><E0/><V113/><F113/><W45/><REACH who="3" step="1"/><G99/><REACH who="3" ten="250,250,250,240" step="2"/><N who="0" m="57759" /><D42/><U26/><E125/><V11/><F126/><W1/><G1/><T4/><D41/><U106/><E124/><V40/><F14/><W68/><G68/><T17/><D47/><U48/><E73/><V16/><F60/><W33/><G33/><T112/><D112/><U3/><E75/><V132/><F132/><W30/><G30/><T121/><D121/><U129/><E3/><V107/><F107/><W79/><G79/><T5/><D94/><U103/><E61/><V78/><F40/><W83/><G83/><T84/><D84/><U120/><E120/><V65/><F65/><W109/><G109/><T119/><D119/><U8/><E82/><V66/><F66/><W115/><G115/><T100/><D100/><AGARI ba="0,1" hai="45,51,52,63,64,69,86,87,95,98,100,128,130,131" machi="100" ten="40,8000,1" yaku="1,1,19,1,54,1,53,1" doraHai="15" doraHaiUra="93" who="3" fromWho="0" sc="250,-80,250,0,250,0,240,90" /><INIT seed="1,0,0,2,1,92" ten="170,250,250,330" oya="1" hai0="129,126,44,10,68,134,71,59,113,110,127,53,55" hai1="86,23,81,125,52,99,89,104,91,73,18,22,116" hai2="12,35,0,85,8,41,38,40,47,45,69,29,120" hai3="2,98,115,82,15,27,34,48,109,114,76,30,78"/><U130/><E116/><V84/><F120/><W42/><G109/><T74/><D74/><U102/><E130/><V93/><F69/><N who="0" m="26698" /><D10/><U87/><E125/><N who="0" m="47625" /><D129/><U66/><E66/><V28/><F0/><W88/><G2/><T90/><D90/><U75/><E22/><V112/><F112/><W5/><G115/><T70/><N who="0" m="26706" /><T119/><DORA hai="83" /><D113/><U51/><E87/><V49/><F93/><N who="3" m="56615" /><G34/><T57/><D110/><U94/><E91/><V95/><F95/><W131/><G131/><T118/><D134/><U64/><E64/><V106/><F106/><W62/><G114/><T1/><D1/><U7/><E7/><V79/><F79/><W33/><G33/><T124/><N who="0" m="47633" /><T11/><DORA hai="65" /><D11/><U54/><E54/><N who="0" m="20489" /><D44/><U72/><E72/><V100/><F100/><W80/><G76/><T20/><D20/><U96/><E81/><V67/><F35/><W16/><G80/><T132/><D132/><U3/><E3/><V19/><REACH who="2" step="1"/><F67/><REACH who="2" ten="170,250,240,330" step="2"/><W50/><G78/><T14/><D14/><U101/><E104/><V31/><AGARI ba="0,1" hai="8,12,19,28,29,31,38,40,41,45,47,49,84,85" machi="31" ten="30,16000,3" yaku="1,1,2,1,0,1,52,2,53,4" doraHai="92,83,65" doraHaiUra="25,21,13" who="2" fromWho="2" sc="170,-40,250,-80,240,170,330,-40" /><INIT seed="2,0,0,2,0,93" ten="130,170,410,290" oya="2" hai0="56,5,43,120,31,87,92,135,95,133,69,103,36" hai1="70,94,66,50,71,125,79,3,67,39,114,62,74" hai2="64,49,13,30,52,102,55,40,58,96,59,73,101" hai3="28,77,128,86,0,122,97,20,116,98,42,132,6"/><V18/><F73/><W1/><G122/><T105/><D120/><U126/><E114/><V130/><F130/><W107/><G116/><T80/><D69/><N who="1" m="26123" /><E3/><V22/><F64/><N who="1" m="24617" /><E94/><N who="0" m="35881" /><D5/><U82/><E82/><V134/><F30/><W129/><G132/><N who="0" m="50763" /><D31/><U68/><E79/><V121/><F134/><W106/><G42/><T23/><D23/><U44/><E74/><V72/><F72/><W88/><G77/><T90/><D56/><U75/><N who="1" m="26131" /><U29/><DORA hai="54" /><E29/><V51/><F40/><W9/><G28/><T91/><D43/><N who="1" m="22655" /><E75/><V115/><F121/><W109/><G0/><T12/><D36/><U48/><E62/><V61/><F115/><W45/><G20/><T65/><D12/><U25/><E25/><V85/><F85/><W108/><G1/><T34/><D34/><U10/><E10/><V131/><F61/><W24/><G9/><T35/><D35/><U32/><E32/><V60/><F60/><W63/><G63/><T84/><D65/><U78/><E78/><V7/><F22/><W111/><G24/><T123/><D123/><U19/><E19/><V8/><F18/><W26/><G26/><T83/><D103/><U17/><E17/><V11/><F102/><N who="3" m="62799" /><G6/><T21/><D21/><U127/><AGARI ba="0,0" hai="48,50,125,126,127" m="22655,24617,26131" machi="127" ten="50,6400,0" yaku="18,1,34,2" doraHai="93,54" who="1" fromWho="1" sc="130,-16,170,64,410,-32,290,-16" /><INIT seed="3,0,0,2,2,83" ten="114,234,378,274" oya="3" hai0="21,55,99,6,112,11,133,47,65,79,98,49,48" hai1="62,44,10,37,110,54,19,22,41,115,123,88,33" hai2="92,18,34,17,129,121,127,38,91,2,126,85,113" hai3="26,50,15,89,35,103,84,118,108,82,95,128,29"/><W101/><G118/><T134/><D112/><U14/><E115/><V24/><F113/><W69/><G128/><T73/><D65/><U67/><E123/><V39/><F2/><W40/><G69/><T13/><D21/><U120/><E120/><V20/><F121/><W117/><G117/><T74/><D79/><U102/><E33/><V106/><F34/><W87/><G108/><T61/><D61/><U72/><E72/><V77/><F106/><W16/><G50/><T107/><D107/><U70/><E102/><V93/><F77/><W135/><G40/><T105/><D105/><U59/><E10/><V71/><F71/><W9/><G135/><T122/><D122/><U94/><E110/><V7/><F7/><W131/><G131/><T119/><D119/><U96/><REACH who="1" step="1"/><E70/><REACH who="1" ten="114,224,378,274" step="2"/><V5/><F129/><W28/><G28/><T43/><D73/><U45/><E45/><V64/><F20/><W4/><G4/><T46/><REACH who="0" step="1"/><D74/><REACH who="0" ten="104,224,378,274" step="2"/><U32/><E32/><V66/><F5/><W3/><REACH who="3" step="1"/><G3/><REACH who="3" ten="104,224,378,264" step="2"/><T31/><D31/><U104/><E104/><V80/><F17/><W132/><G132/><AGARI ba="0,3" hai="6,11,13,43,46,47,48,49,55,98,99,132,133,134" machi="132" ten="40,2600,0" yaku="1,1,20,1,53,0" doraHai="83" doraHaiUra="53" who="0" fromWho="3" sc="104,56,224,0,378,0,264,-26" /><INIT seed="4,0,0,4,2,48" ten="160,224,378,238" oya="0" hai0="91,26,63,4,32,33,89,100,41,75,86,124,0" hai1="58,69,77,99,116,108,44,78,109,11,85,51,125" hai2="126,61,43,55,133,12,88,29,8,111,107,80,39" hai3="14,104,31,106,10,79,15,90,17,71,68,87,95"/><T45/><D75/><U105/><E69/><V62/><F107/><W92/><G31/><T70/><D100/><U102/><E116/><V25/><F133/><W98/><G79/><T23/><D124/><U22/><E125/><V27/><F126/><W103/><G104/><T110/><D110/><U1/><E1/><V60/><F111/><W37/><G37/><T20/><D20/><U132/><E132/><V65/><F39/><W76/><G95/><T54/><D0/><U128/><E128/><V113/><F43/><W28/><G28/><T5/><D32/><U24/><E11/><V30/><F65/><W84/><G84/><T2/><D2/><U120/><E120/><V94/><F80/><W117/><G117/><T72/><D72/><U73/><E73/><V131/><F55/><W122/><G122/><T130/><D130/><U19/><E77/><V53/><F53/><W114/><G114/><T59/><D70/><U57/><E109/><V49/><F49/><W74/><REACH who="3" step="1"/><G15/><REACH who="3" ten="160,224,378,228" step="2"/><T112/><D112/><U93/><E108/><V129/><F113/><W35/><G35/><T101/><D33/><U50/><E78/><V127/><F127/><W16/><G16/><N who="0" m="12647" /><D101/><U47/><E85/><N who="2" m="52495" /><F131/><W118/><G118/><T38/><D38/><U66/><E105/><V96/><F129/><W123/><G123/><T67/><D89/><U52/><E66/><V42/><F30/><W13/><G13/><T81/><D67/><U115/><E115/><V9/><F29/><W3/><G3/><T97/><D97/><U121/><E121/><V83/><F96/><W21/><G21/><RYUUKYOKU ba="0,1" sc="160,10,224,10,378,-30,228,10" hai0="4,5,41,45,54,59,63,81,86,91" hai1="19,22,24,44,47,50,51,52,57,58,93,99,102" hai3="10,14,17,68,71,74,76,87,90,92,98,103,106" /><INIT seed="4,1,1,0,0,111" ten="170,234,348,238" oya="0" hai0="124,127,134,22,9,82,73,65,39,37,12,32,49" hai1="123,87,132,0,43,112,83,99,58,97,98,122,71" hai2="107,119,45,10,117,23,15,115,85,88,93,92,57" hai3="28,4,75,29,21,102,69,64,91,129,55,79,40"/><T66/><D32/><U53/><E71/><V77/><F107/><W95/><G129/><T113/><D22/><U42/><E0/><V121/><F121/><W13/><G40/><T105/><D105/><U59/><E132/><V11/><F77/><W125/><G125/><N who="0" m="48203" /><D134/><U50/><E59/><V52/><F45/><W46/><G102/><T104/><D104/><U26/><E26/><V47/><F47/><W80/><G69/><T6/><D49/><U56/><E56/><V86/><F86/><W30/><G64/><N who="0" m="24683" /><D113/><U108/><E108/><V24/><F115/><W2/><G2/><T62/><D62/><U27/><E27/><V84/><F117/><W128/><G128/><T61/><D61/><U1/><E1/><V7/><F119/><W89/><G89/><T19/><BYE who="3" /><D6/><U3/><E3/><V94/><F11/><UN n3="%EF%BC%88%E2%89%A7%E2%96%BD%E2%89%A6%EF%BC%89" /><W78/><G79/><AGARI ba="1,1" hai="9,12,19,37,39,73,79,82" m="24683,48203" machi="79" ten="30,1500,0" yaku="18,1" doraHai="111" who="0" fromWho="3" sc="170,28,234,0,348,0,238,-18" /><INIT seed="4,2,0,0,1,135" ten="198,234,348,220" oya="0" hai0="80,9,16,112,65,36,99,14,38,117,43,2,69" hai1="40,31,6,77,119,0,72,103,130,61,21,41,111" hai2="100,5,58,134,7,51,15,126,129,124,24,95,46" hai3="89,70,44,20,3,86,73,93,39,110,22,123,34"/><T10/><D117/><U121/><E121/><V37/><F134/><W11/><G110/><T122/><D122/><U102/><E111/><V96/><F129/><W131/><G123/><T114/><D99/><U52/><E119/><V108/><F108/><W106/><G34/><T116/><D116/><U54/><E130/><V81/><F37/><W49/><G70/><T29/><D29/><U132/><E72/><V25/><F81/><W113/><G106/><T63/><D80/><U104/><E132/><V97/><F58/><W56/><G131/><T133/><D133/><U18/><E0/><V47/><F15/><W82/><G113/><N who="0" m="43627" /><D43/><N who="1" m="16459" /><E104/><V125/><F96/><W68/><G68/><T35/><D35/><U107/><E107/><V120/><F120/><W30/><G30/><T12/><D2/><U128/><E128/><V84/><F84/><W60/><G73/><T76/><D76/><U94/><E77/><V13/><F13/><W55/><G82/><T118/><D118/><U88/><E6/><AGARI ba="2,0" hai="6,9,10,12,14,16,36,38,63,65,69" m="43627" machi="6" ten="30,2900,0" yaku="15,1,54,1" doraHai="135" who="0" fromWho="1" sc="198,35,234,-35,348,0,220,0" /><INIT seed="4,3,0,1,4,91" ten="233,199,348,220" oya="0" hai0="6,106,88,44,28,98,70,113,69,76,63,11,55" hai1="134,75,66,45,102,101,36,5,96,123,58,53,15" hai2="57,26,22,129,84,131,56,52,60,42,47,68,81" hai3="17,32,78,9,19,86,20,130,111,37,77,100,118"/><T110/><D110/><U49/><E123/><V41/><F68/><W33/><G118/><T85/><D76/><U10/><E75/><V120/><F120/><W79/><G37/><T7/><D28/><U121/><E121/><V89/><F56/><W31/><G111/><T119/><D119/><U95/><E134/><V127/><F127/><W35/><G130/><N who="2" m="49673" /><F47/><W18/><G100/><T125/><D125/><U109/><E109/><V25/><F25/><W72/><G72/><T51/><D113/><U8/><E8/><V108/><F108/><W90/><G9/><T71/><D63/><U43/><REACH who="1" step="1"/><E66/><REACH who="1" ten="233,189,348,220" step="2"/><V27/><F27/><W61/><G61/><T2/><D7/><U82/><E82/><V132/><F132/><W135/><G135/><T93/><REACH who="0" step="1"/><D106/><REACH who="0" ten="223,189,348,220" step="2"/><U122/><E122/><V16/><AGARI ba="3,2" hai="16,22,26,41,42,52,57,60,81,84,89" m="49673" machi="16" ten="30,4000,0" yaku="19,1,54,2" doraHai="91" who="2" fromWho="2" sc="223,-23,189,-13,348,69,220,-13" /><INIT seed="5,0,0,0,5,21" ten="200,176,417,207" oya="1" hai0="53,125,15,48,75,117,107,98,131,31,127,13,60" hai1="4,29,49,108,23,34,68,46,99,8,93,28,56" hai2="70,0,55,50,123,86,95,52,110,85,40,90,10" hai3="114,30,122,80,63,116,76,105,87,73,109,135,102"/><U1/><E68/><V66/><F123/><W104/><G122/><T37/><D37/><U62/><E108/><V78/><F110/><W45/><G109/><T61/><D117/><U89/><E23/><V81/><F70/><W2/><G2/><T103/><D75/><U92/><E92/><V106/><F106/><W101/><G116/><T69/><D31/><U100/><E34/><V7/><REACH who="2" step="1"/><F66/><REACH who="2" ten="200,176,407,207" step="2"/><W32/><G105/><T14/><D69/><U71/><E71/><V51/><F51/><W77/><G104/><T83/><D131/><U128/><E128/><V74/><F74/><W11/><G73/><T27/><D61/><U133/><E133/><V79/><F79/><W118/><G76/><T111/><D60/><U36/><E36/><V16/><F16/><W126/><G118/><T17/><D111/><U120/><E120/><V6/><F6/><W43/><G77/><T91/><D17/><U82/><E82/><V44/><AGARI ba="0,1" hai="0,7,10,40,44,50,52,55,78,81,85,86,90,95" machi="44" ten="30,4000,0" yaku="1,1,0,1,54,1,53,0" doraHai="21" doraHaiUra="65" who="2" fromWho="2" sc="200,-10,176,-20,407,50,207,-10" /><INIT seed="6,0,0,1,1,81" ten="190,156,457,197" oya="2" hai0="47,32,29,16,82,116,132,124,55,91,68,71,2" hai1="78,28,84,83,46,123,15,34,37,89,86,107,35" hai2="92,128,41,64,26,17,118,129,1,119,127,9,104" hai3="72,88,98,85,66,109,135,8,3,51,87,90,58"/><V115/><F104/><W6/><G109/><T49/><D116/><U56/><E107/><V133/><F92/><W12/><G72/><T103/><D103/><U111/><E37/><V110/><F64/><W27/><G135/><T20/><D132/><U99/><E111/><V97/><F97/><W42/><G3/><T4/><D32/><U36/><E36/><V22/><F41/><W106/><G106/><T114/><D29/><U25/><E123/><V44/><F44/><N who="3" m="26007" /><G27/><T5/><D2/><U43/><E35/><V112/><F133/><W59/><G98/><T21/><D21/><N who="1" m="15407" /><E43/><V18/><F110/><W65/><G65/><T60/><D68/><U126/><E34/><V102/><F102/><W131/><G131/><N who="2" m="50249" /><F127/><W76/><G76/><T0/><D124/><U93/><E126/><V117/><F1/><W10/><G8/><T96/><D0/><U23/><E46/><V61/><F61/><N who="3" m="38199" /><G59/><T30/><D71/><U100/><E56/><V122/><F122/><W62/><G62/><T74/><D60/><U14/><E23/><N who="2" m="13687" /><F9/><W105/><G105/><T130/><D130/><U101/><E99/><V31/><F31/><W57/><G57/><T95/><D30/><U75/><E75/><V79/><F79/><W70/><G70/><T80/><D74/><U45/><E45/><V24/><AGARI ba="0,0" hai="17,22,24,112,115,117,118,119" m="13687,50249" machi="24" ten="40,7800,0" yaku="19,1,34,2" doraHai="81" who="2" fromWho="2" sc="190,-26,156,-26,457,78,197,-26" /><INIT seed="6,1,0,2,5,26" ten="164,130,535,171" oya="2" hai0="97,101,41,4,29,123,131,88,69,120,127,98,87" hai1="23,103,126,134,47,129,119,17,48,104,5,78,99" hai2="128,61,0,95,115,124,2,6,106,102,25,65,81" hai3="116,90,51,32,9,1,130,58,44,77,100,19,28"/><V10/><F115/><W30/><G116/><T108/><D69/><U135/><E119/><V74/><F128/><W37/><G130/><T79/><D131/><U12/><E129/><V109/><F124/><W73/><G32/><T71/><D71/><U21/><E126/><V24/><F0/><W40/><G100/><T45/><D127/><U110/><E110/><V66/><F109/><W43/><G90/><T31/><D108/><U14/><E78/><V64/><F106/><W80/><G19/><T56/><D4/><U39/><E39/><V85/><F74/><W60/><G51/><N who="0" m="27055" /><D79/><U132/><E5/><V38/><F38/><W107/><G40/><T70/><D70/><U7/><E7/><V53/><F53/><N who="3" m="33871" /><G107/><T114/><D114/><U62/><E62/><V68/><F102/><W57/><G57/><T16/><D120/><U72/><E72/><V52/><F95/><W8/><G8/><T3/><D3/><U18/><REACH who="1" step="1"/><E134/><REACH who="1" ten="164,120,535,171" step="2"/><V82/><F6/><AGARI ba="1,1" hai="1,6,9,28,30,37,43,44,73,77,80" m="33871" machi="6" ten="30,3900,0" yaku="25,1,52,2" doraHai="26" who="3" fromWho="2" sc="164,0,120,0,535,-42,171,52" /><INIT seed="7,0,0,2,5,39" ten="164,120,493,223" oya="3" hai0="107,80,105,110,40,121,52,47,1,118,25,65,32" hai1="60,117,2,3,45,73,74,8,103,114,64,122,133" hai2="87,90,76,36,10,130,16,26,124,18,5,129,29" hai3="119,79,13,135,4,109,131,6,56,72,77,9,31"/><W51/><G119/><T41/><D118/><U11/><E117/><V49/><F36/><W67/><G109/><T33/><D121/><U22/><E122/><V17/><F124/><W95/><G135/><T83/><D1/><U30/><E133/><V19/><F76/><W104/><G104/><T63/><D110/><U88/><E114/><V98/><F98/><W91/><G131/><T62/><D47/><U43/><E103/><V125/><F125/><W37/><G37/><T89/><D89/><U70/><E2/><V100/><F100/><W27/><G4/><T132/><D132/><U69/><E69/><V75/><F49/><W94/><G72/><T59/><D25/><U116/><E116/><V71/><F71/><W92/><G91/><T111/><D111/><U86/><E3/><V23/><F75/><W84/><G84/><T96/><D96/><U58/><E8/><V128/><F90/><W85/><G85/><T102/><D102/><U57/><E74/><V106/><F87/><W54/><G67/><T115/><D115/><U112/><E112/><V34/><F106/><W82/><G82/><T53/><D59/><N who="1" m="36895" /><E73/><V20/><N who="2" m="4096" /><DORA hai="44" /><V35/><F35/><W61/><G79/><T42/><D65/><U55/><E70/><V21/><F34/><W127/><G77/><T78/><D78/><U99/><E99/><V113/><F113/><W108/><G127/><T134/><D134/><U12/><E55/><V38/><F38/><W126/><G126/><T14/><D33/><U24/><E12/><AGARI ba="0,0" hai="5,10,12,20,21,23,26,29,128,129,130" m="4096" machi="12" ten="60,8000,1" yaku="19,1,34,3,54,1" doraHai="39,44" who="2" fromWho="1" sc="164,0,120,-80,493,80,223,0" owari="164,-24.0,40,-46.0,573,68.0,223,2.0" /></mjloggm>