<mjloggm ver="2.3"><GO type="41"/><UN n0="%E3%83%A9%E3%82%B9%E3%83%9C%E3%82%B9" n1="%EF%BC%88%E2%89%A7%E2%96%BD%E2%89%A6%EF%BC%89" n2="%68%6F%73%69%67%61%6D%69" n3="%70%65%61%73%6B%65" dan="14,13,14,15" rate="1864,1971,1922,1920" sx="F,M,M,F"/><TAIKYOKU oya="0"/><INIT seed="0,0,0,2,0,133" ten="250,250,250,250" oya="0" hai0="78,41,92,77,130,69,82,27,8,73,74,116,134" hai1="110,67,28,63,105,72,79,46,24,126,43,90,88" hai2="26,75,3,20,62,23,2,68,86,57,30,40,34" hai3="21,125,47,103,65,76,97,4,121,54,93,29,36"/><T61/><D116/><U55/><E105/><V128/><F75/><W117/><G117/><T91/><D134/><U120/><E120/><V37/><F128/><W135/><G4/><T32/><D130/><U14/><E110/><V113/><F113/><W19/><G135/><T123/><D123/><U94/><E126/><V25/><F68/><W9/><G76/><T18/><D41/><U85/><E55/><V17/><F40/><W84/><G121/><T58/><D69/><U45/><E14/><V109/><F37/><W38/><G65/><T112/><D112/><U31/><E90/><V33/><F109/><W104/><G125/><T129/><D129/><U64/><E64/><V101/><F34/><W6/><G29/><T98/><D32/><U87/><E72/><V60/><F60/><W1/><G84/><T127/><D127/><U59/><E24/><V122/><F122/><W10/><G10/><T0/><D0/><U107/><E107/><V132/><F132/><W52/><G38/><T51/><D51/><N who="1" m="27071" /><E46/><V71/><F71/><W100/><G47/><T102/><D8/><U5/><E5/><V22/><F33/><W115/><G36/><T16/><D102/><U131/><E131/><V48/><F48/><W111/><G115/><T81/><REACH who="0" step="1"/><D27/><REACH who="0" step="2"/><U15/><E15/><V49/><F49/><W89/><G111/><T13/><D13/><U118/><E118/><V106/><F26/><W96/><G103/><T124/><D124/><U70/><E70/><V53/><F101/><W80/><G80/><AGARI ba="0,1" hai="28,31,59,63,67,79,80,85,87,88,94" m="27071" machi="80" ten="30,2000,0" yaku="8,1,54,1" doraHai="133" who="1" fromWho="3" sc="240,0,250,30,250,0,250,-20" /><INIT seed="1,0,0,4,4,118" ten="240,280,250,230" oya="1" hai0="32,135,98,82,105,34,112,110,22,84,50,63,9" hai1="38,120,95,51,85,42,97,60,56,66,21,26,121" hai2="101,5,80,92,103,115,35,40,39,131,27,99,77" hai3="107,117,109,61,6,52,125,46,123,134,75,116,124"/><U78/><E38/><V20/><F131/><W108/><G6/><T24/><D112/><U14/><E14/><V0/><F115/><W36/><G107/><T126/><D135/><U68/><E78/><V16/><F35/><W90/><G75/><T62/><D126/><N who="3" m="48745" /><G123/><T58/><D110/><N who="3" m="42601" /><G90/><T96/><D105/><U30/><E85/><V81/><F81/><W8/><G8/><T91/><D34/><U4/><E4/><V55/><F5/><W87/><G87/><T47/><D32/><U67/><E67/><V23/><F0/><W100/><G100/><T133/><D133/><U69/><E42/><V59/><F40/><N who="3" m="22791" /><G134/><T33/><D33/><U43/><E43/><V89/><F23/><W129/><G129/><T7/><D7/><U132/><E132/><V13/><F13/><W74/><G74/><T54/><D9/><U86/><E86/><V130/><F130/><W25/><G25/><T106/><D106/><U102/><E51/><V18/><F39/><W128/><G128/><T44/><D63/><U57/><E57/><AGARI ba="0,0" hai="52,57,61,116,117" m="22791,42601,48745" machi="57" ten="40,8000,1" yaku="18,1,14,1,34,2,54,1" doraHai="118" who="3" fromWho="1" sc="240,0,280,-80,250,0,230,80" /><INIT seed="2,0,0,2,4,103" ten="240,200,250,310" oya="2" hai0="38,135,45,123,22,98,15,33,44,34,71,113,125" hai1="120,132,93,77,1,95,101,39,62,134,94,10,35" hai2="25,133,47,4,17,28,54,127,8,0,111,124,117" hai3="21,26,100,65,24,85,105,107,20,88,129,68,46"/><V80/><F117/><W97/><G129/><T69/><D22/><U99/><E35/><V126/><F133/><N who="1" m="51305" /><E39/><V7/><F7/><W29/><G46/><T122/><D15/><U121/><E62/><V42/><F54/><W51/><G51/><T81/><D135/><U36/><E36/><V70/><F70/><W60/><G26/><T112/><D98/><U106/><E1/><V11/><F111/><W104/><G20/><T109/><D38/><U55/><E10/><V31/><F80/><AGARI ba="0,0" hai="21,24,29,60,65,68,80,85,88,97,100,104,105,107" machi="80" ten="30,8000,1" yaku="7,1,52,3,54,1" doraHai="103" who="3" fromWho="2" sc="240,0,200,0,250,-80,310,80" /><INIT seed="3,0,0,4,5,75" ten="240,200,170,390" oya="3" hai0="53,66,14,117,81,22,13,8,18,96,52,25,41" hai1="51,37,38,111,127,4,68,3,107,40,72,30,59" hai2="36,119,92,64,133,24,9,99,79,21,47,124,108" hai3="49,128,88,90,86,104,6,61,5,103,91,123,16"/><W121/><G104/><T134/><D117/><U23/><E72/><V10/><F119/><W83/><G103/><T130/><D134/><U46/><E107/><V54/><F133/><W2/><G128/><T116/><D116/><U77/><E68/><V33/><F33/><W60/><G2/><T11/><D130/><U102/><E102/><V17/><F108/><W29/><G29/><T48/><D66/><U44/><E111/><V20/><F64/><W106/><G106/><T62/><D62/><N who="3" m="24169" /><G121/><T50/><D96/><U0/><E59/><V118/><F118/><W39/><G39/><T115/><D115/><U31/><E4/><N who="3" m="1642" /><G123/><T45/><D41/><U131/><E40/><V125/><F125/><W113/><G113/><T65/><D65/><U78/><E127/><V76/><F124/><W34/><G34/><T101/><D101/><U112/><E131/><V63/><F36/><W132/><G132/><T100/><D100/><U97/><E112/><V93/><F93/><W67/><G67/><T105/><D105/><U114/><E114/><V98/><F98/><W55/><G16/><T135/><D135/><U120/><E120/><V109/><F109/><W95/><G95/><T57/><REACH who="0" step="1"/><D81/><REACH who="0" step="2"/><U43/><E97/><V85/><F99/><W129/><G129/><T87/><D87/><U80/><E80/><V1/><F85/><W7/><G7/><T42/><D42/><U56/><E43/><V73/><F92/><W89/><G89/><T26/><D26/><U94/><E94/><V28/><F24/><W27/><G27/><T71/><D71/><U122/><E122/><RYUUKYOKU ba="0,1" sc="230,15,200,-15,170,-15,390,15" hai0="8,11,13,14,18,22,25,45,48,50,52,53,57" hai3="49,55,83,86,88,90,91" /><INIT seed="3,1,1,1,4,135" ten="245,185,155,405" oya="3" hai0="18,118,68,110,70,60,1,71,20,38,34,88,109" hai1="74,84,61,14,102,94,127,62,46,91,29,15,8" hai2="35,119,105,134,131,28,13,130,37,128,120,42,44" hai3="82,57,12,67,93,39,122,59,100,7,30,75,53"/><W50/><G39/><T11/><D118/><U52/><E74/><V3/><F119/><W116/><G122/><T76/><D34/><U97/><E127/><V33/><F3/><W19/><G7/><T98/><D38/><U54/><E29/><V124/><F124/><W16/><G30/><T77/><D60/><N who="1" m="23147" /><E46/><V104/><F134/><W45/><G116/><T55/><D55/><N who="1" m="21035" /><E8/><V27/><F120/><W108/><G108/><N who="0" m="41579" /><D11/><U125/><E125/><V115/><F115/><W112/><G112/><T48/><D48/><U23/><E23/><V132/><F132/><W26/><G26/><N who="0" m="14615" /><D1/><U133/><E133/><V101/><F13/><W24/><G24/><T113/><D113/><U17/><E17/><V111/><F111/><W83/><G19/><T25/><D25/><U49/><E49/><V106/><REACH who="2" step="1"/><F35/><REACH who="2" step="2"/><W96/><G75/><T21/><D21/><U117/><E117/><V87/><F87/><W4/><G4/><T31/><D31/><U41/><E41/><V99/><AGARI ba="1,2" hai="27,28,33,37,42,44,99,101,104,105,106,128,130,131" machi="99" ten="40,8000,1" yaku="1,1,0,1,19,1,23,2,53,0" doraHai="135" doraHaiUra="86" who="2" fromWho="2" sc="245,-21,185,-21,145,103,405,-41" /><INIT seed="4,0,0,2,3,69" ten="224,164,248,364" oya="0" hai0="116,119,126,120,95,82,90,30,68,117,88,111,77" hai1="60,73,16,97,2,103,132,122,72,49,63,39,83" hai2="3,92,98,37,106,61,130,81,47,93,53,129,21" hai3="6,79,45,41,11,67,64,26,8,31,27,107,125"/><T54/><D68/><U36/><E122/><V135/><F3/><W9/><G107/><T102/><D54/><U115/><E2/><V4/><F4/><W48/><G125/><T55/><D55/><U38/><E132/><V76/><F135/><W133/><G133/><T112/><D30/><U0/><E0/><V32/><F32/><W74/><G27/><T118/><N who="0" m="30208" /><DORA hai="89" /><T113/><D120/><U78/><E115/><N who="0" m="44105" /><D126/><U18/><E49/><V34/><F34/><W131/><G131/><N who="2" m="50185" /><F21/><W44/><G44/><T24/><D24/><U35/><E35/><V128/><F128/><W84/><G74/><N who="0" m="43319" /><D111/><U105/><REACH who="1" step="1"/><E73/><REACH who="1" step="2"/><V127/><F127/><W134/><G134/><T96/><AGARI ba="0,1" hai="88,90,95,96,102" m="43319,44105,30208" machi="96" ten="60,12000,1" yaku="15,1,34,2,52,1,54,1" doraHai="69,89" who="0" fromWho="0" sc="224,130,154,-40,248,-40,364,-40" /><INIT seed="4,1,0,4,5,50" ten="354,114,208,324" oya="0" hai0="109,54,32,117,84,57,12,92,19,102,77,53,69" hai1="61,49,44,116,78,114,52,0,91,40,38,55,115" hai2="17,133,60,35,81,16,123,51,42,107,125,3,79" hai3="108,82,4,27,70,20,87,46,121,124,118,122,24"/><T67/><D117/><U100/><E0/><V31/><F123/><N who="3" m="47115" /><G70/><T28/><D69/><U14/><E78/><V131/><F107/><W21/><G118/><T135/><D135/><U64/><E100/><V34/><F133/><W65/><G65/><T80/><D109/><U127/><E116/><V74/><F3/><W75/><G75/><T105/><D105/><U11/><E127/><V103/><F103/><W104/><G104/><T26/><D67/><U56/><E91/><V9/><F125/><W128/><G124/><T41/><D41/><U33/><E33/><V113/><F113/><N who="1" m="43017" /><E38/><V130/><F60/><W110/><G4/><AGARI ba="1,0" hai="4,11,14,40,44,49,52,55,56,61,64" m="43017" machi="4" ten="30,8000,1" yaku="15,1,11,1,52,2,54,1" doraHai="50" who="1" fromWho="3" sc="354,0,114,83,208,0,324,-83" /><INIT seed="5,0,0,1,3,88" ten="354,197,208,241" oya="1" hai0="105,70,23,35,10,16,67,74,40,49,110,79,119" hai1="124,41,5,4,82,1,76,95,101,113,91,54,2" hai2="28,117,106,104,84,134,133,31,126,33,63,81,36" hai3="25,89,3,7,9,30,132,44,45,26,21,120,103"/><U129/><E129/><V99/><F117/><W77/><G120/><T102/><D119/><U62/><E113/><V12/><F36/><W100/><G132/><T56/><D110/><U20/><E124/><V38/><F126/><W18/><G77/><T125/><D35/><U116/><E116/><V96/><F38/><W19/><G103/><T109/><D125/><U127/><E127/><V123/><F123/><W66/><G66/><T90/><D109/><U22/><E101/><V71/><F12/><W6/><G100/><T60/><D10/><U13/><E41/><V87/><F63/><W92/><G19/><T34/><D34/><U128/><E128/><V61/><F61/><W39/><G7/><N who="1" m="2634" /><E1/><V135/><F33/><W85/><REACH who="3" step="1"/><G39/><REACH who="3" step="2"/><T15/><D102/><U32/><E76/><V27/><F135/><W52/><G52/><T43/><D105/><U98/><E54/><V59/><F106/><W65/><G65/><T115/><D79/><U55/><E55/><V72/><F104/><W29/><G29/><T24/><D40/><U78/><E32/><AGARI ba="0,1" hai="3,6,9,18,21,25,26,30,32,44,45,85,89,92" machi="32" ten="30,3900,0" yaku="1,1,7,1,52,1,53,0" doraHai="88" doraHaiUra="112" who="3" fromWho="1" sc="354,0,197,-39,208,0,231,49" /><INIT seed="6,0,0,1,2,111" ten="354,158,208,280" oya="2" hai0="64,117,76,101,56,72,98,97,127,26,71,93,55" hai1="110,18,13,87,33,41,124,104,81,44,60,51,116" hai2="39,12,128,38,4,20,66,0,126,133,46,2,23" hai3="10,131,112,49,77,92,120,16,42,3,108,80,17"/><V19/><F126/><W35/><G108/><T89/><D127/><U103/><E110/><V27/><F128/><W47/><G120/><T67/><D71/><U107/><E124/><V114/><F133/><W118/><G35/><T32/><D117/><U90/><E116/><V11/><F66/><W109/><G118/><T29/><D76/><U119/><E119/><V37/><F114/><W121/><G109/><T30/><D30/><U123/><E123/><V134/><F134/><W58/><G121/><T106/><REACH who="0" step="1"/><D72/><REACH who="0" step="2"/><U84/><E33/><V113/><F113/><W48/><G112/><T129/><D129/><U102/><E60/><AGARI ba="0,1" hai="26,29,32,55,56,60,64,67,89,93,97,98,101,106" machi="60" ten="30,7700,0" yaku="1,1,7,1,53,2" doraHai="111" doraHaiUra="61" who="0" fromWho="1" sc="344,87,158,-77,208,0,280,0" /><INIT seed="7,0,0,0,3,91" ten="431,81,208,280" oya="3" hai0="128,39,0,93,36,20,57,98,4,2,63,27,84" hai1="76,26,106,32,15,65,90,44,68,73,16,99,100" hai2="64,117,56,83,75,119,62,5,96,54,127,22,9" hai3="12,24,107,115,74,52,42,17,13,67,28,41,18"/><W129/><G74/><T37/><D128/><U6/><E6/><V53/><F127/><W49/><G107/><T101/><D84/><U21/><E44/><V88/><F53/><W23/><G115/><T118/><D4/><U121/><E121/><V47/><F22/><W14/><G67/><T123/><D123/><U19/><E90/><V120/><F120/><W48/><G129/><T81/><D81/><U66/><E66/><V122/><F122/><W131/><G131/><T46/><D46/><U69/><E69/><V103/><F47/><W109/><G48/><T114/><D114/><U86/><E86/><V70/><F75/><W87/><G87/><T61/><D118/><U29/><E19/><N who="3" m="7178" /><G109/><T82/><D82/><U110/><E73/><V8/><F8/><W126/><G126/><T34/><D34/><U3/><E76/><V97/><F83/><W85/><G85/><T59/><D63/><U77/><E77/><V125/><F125/><W51/><G51/><T102/><D102/><U40/><E40/><V50/><F96/><W105/><G105/><T124/><D124/><U94/><E94/><V134/><F103/><W104/><G104/><T11/><D61/><U130/><E130/><V116/><F116/><W38/><G38/><T55/><D39/><U58/><E58/><AGARI ba="0,0" hai="12,13,14,23,24,28,41,42,49,52,58" m="7178" machi="58" ten="30,2900,0" yaku="8,1,54,1" doraHai="91" who="3" fromWho="1" sc="431,0,81,-29,208,0,280,29" /><INIT seed="7,1,0,5,2,1" ten="431,52,208,309" oya="3" hai0="37,131,127,14,22,120,16,9,10,97,75,54,111" hai1="107,23,87,126,94,38,29,81,80,52,77,73,53" hai2="3,6,134,78,36,89,62,124,84,66,63,19,27" hai3="92,17,55,31,110,32,28,96,71,61,2,135,5"/><W91/><G135/><T118/><D120/><U98/><E38/><V72/><F134/><W99/><G110/><T26/><D118/><U44/><E107/><V39/><F124/><W48/><G32/><T11/><D75/><U46/><E126/><V49/><F62/><W65/><G2/><T13/><D37/><U129/><E129/><V108/><F108/><W85/><G5/><T58/><D127/><U8/><E8/><N who="0" m="3177" /><D111/><U82/><E46/><V0/><F0/><W105/><G17/><N who="0" m="8383" /><D131/><U40/><E40/><V56/><F3/><W88/><G105/><T109/><D109/><U67/><E67/><V25/><F36/><W115/><G115/><T76/><D97/><U132/><E132/><V112/><F39/><W119/><G99/><T133/><D133/><U15/><E44/><V34/><F112/><W74/><G74/><T45/><D45/><U130/><E130/><V7/><F72/><W30/><G119/><T104/><D104/><U117/><E117/><V60/><F78/><W101/><REACH who="3" step="1"/><G85/><REACH who="3" step="2"/><T41/><D41/><U102/><E80/><V79/><F19/><W43/><G43/><T59/><D54/><U20/><E20/><V106/><F106/><W114/><G114/><T121/><D121/><U83/><E83/><V35/><F35/><W123/><G123/><T100/><D26/><U33/><E33/><V116/><F34/><W86/><G86/><T24/><D24/><N who="1" m="16543" /><E15/><V18/><F27/><W122/><G122/><T64/><D64/><U95/><E81/><V125/><F25/><W90/><G90/><T103/><D76/><N who="1" m="46535" /><E94/><V50/><F116/><RYUUKYOKU ba="1,1" sc="431,10,52,10,208,-30,299,10" hai0="14,16,22,58,59,100,103" hai1="52,53,73,77,95,98,102" hai3="28,30,31,48,55,61,65,71,88,91,92,96,101" /><INIT seed="7,2,1,1,5,1" ten="441,62,178,309" oya="3" hai0="53,121,15,54,103,118,57,66,84,87,18,93,20" hai1="37,123,29,39,85,89,12,120,126,10,48,2,43" hai2="76,94,8,130,73,72,38,95,34,44,16,100,49" hai3="78,55,131,28,35,68,13,90,124,3,70,4,52"/><W24/><G78/><T116/><D121/><U25/><E126/><V82/><F34/><W69/><G124/><T104/><D104/><U112/><E112/><V108/><F108/><W110/><G131/><T46/><D118/><U91/><E2/><V113/><F130/><W105/><G105/><T128/><D116/><U135/><E135/><V21/><F113/><W14/><G110/><T102/><D128/><U107/><E107/><V23/><F38/><W45/><G90/><N who="0" m="53447" /><D46/><U36/><E48/><V109/><F109/><W56/><G55/><N who="0" m="21003" /><D87/><U32/><E43/><V58/><F58/><W7/><G3/><T62/><AGARI ba="2,1" hai="15,18,20,57,62,66,102,103" m="21003,53447" machi="62" ten="30,1100,0" yaku="8,1" doraHai="1" who="0" fromWho="0" sc="441,27,62,-5,178,-5,309,-7" owari="468,57,57,-44,173,-23,302,10" /></mjloggm>