<mjloggm ver="2.3"><GO type="41"/><UN n0="%E3%82%BD%E3%82%A6%E3%83%AB%E3%81%B2%E3%81%A7" n1="%E3%83%AB%E3%83%B3%E3%83%A1%E3%83%8B%E3%82%B2" n2="%6B%61%64%75%6B%69%69" n3="%E3%82%A6%E3%83%AB%E3%83%88%E3%83%A9%E7%AB%8B%E7%9B%B4" dan="14,15,15,14" rate="1826,1909,2001,1970" sx="M,M,M,M"/><TAIKYOKU oya="0"/><INIT seed="0,0,0,1,5,50" ten="250,250,250,250" oya="0" hai0="92,97,22,130,53,104,28,2,4,113,115,54,108" hai1="118,103,98,116,51,114,110,46,107,68,63,80,52" hai2="19,121,64,14,111,77,3,109,79,23,100,48,55" hai3="31,29,32,89,61,90,5,85,76,43,57,96,81"/><T40/><D104/><U87/><E114/><V9/><F121/><W122/><G122/><T75/><D75/><U129/><E110/><N who="2" m="41995" /><F100/><W128/><G128/><T70/><D108/><U41/><E129/><V62/><F3/><W25/><G31/><T36/><D70/><U126/><E126/><V99/><F99/><W58/><G5/><T6/><D130/><U16/><E16/><N who="2" m="8271" /><F62/><W72/><G43/><T33/><D40/><U45/><E63/><V84/><F64/><W94/><G58/><T0/><D36/><U112/><E68/><V88/><F19/><W30/><G30/><T15/><D33/><U8/><E8/><V56/><F23/><W135/><G135/><T127/><D127/><U60/><E112/><V83/><AGARI ba="0,0" hai="48,55,56,77,79,83,84,88" m="8271,41995" machi="83" ten="30,7900,0" yaku="14,1,52,1,54,2" doraHai="50" who="2" fromWho="2" sc="250,-39,250,-20,250,79,250,-20" /><INIT seed="1,0,0,2,4,18" ten="211,230,329,230" oya="1" hai0="1,0,124,126,44,30,31,59,75,32,68,103,99" hai1="53,85,28,14,24,123,62,9,11,34,72,61,95" hai2="70,109,20,96,7,130,80,79,89,43,57,83,37" hai3="22,58,26,16,41,135,51,127,67,63,42,15,54"/><U122/><E72/><V133/><F70/><W35/><G127/><T8/><D59/><U92/><E123/><V4/><F37/><W82/><G135/><T104/><D31/><U125/><E125/><V64/><F43/><W21/><G82/><T23/><D75/><U48/><E122/><V111/><F133/><W88/><G35/><T10/><D10/><U33/><E11/><V106/><F130/><W120/><G120/><T84/><D84/><U74/><E74/><V113/><F113/><W86/><G63/><T134/><D44/><U116/><E34/><V56/><F106/><W90/><G67/><T107/><D107/><U3/><E3/><V76/><F20/><W91/><G86/><T77/><D77/><U19/><E116/><V25/><F25/><W29/><AGARI ba="0,0" hai="15,16,21,22,26,29,41,42,51,54,58,88,90,91" machi="29" ten="30,12000,2" yaku="0,1,8,1,52,2,54,2" doraHai="18" who="3" fromWho="3" sc="211,-30,230,-60,329,-30,230,120" /><INIT seed="2,0,0,1,4,91" ten="181,170,299,350" oya="2" hai0="26,129,111,4,6,106,116,125,15,23,54,8,114" hai1="80,98,79,52,105,38,64,118,49,86,71,61,18" hai2="25,58,90,76,28,97,123,115,122,84,107,3,119" hai3="100,92,95,65,40,51,132,93,53,77,42,16,110"/><V102/><F119/><W19/><G65/><T72/><D106/><U10/><E118/><V101/><F3/><W59/><G100/><T66/><D72/><U74/><E38/><V44/><F115/><W96/><G96/><T5/><D66/><U120/><E120/><V41/><F76/><W27/><G132/><T34/><D114/><U11/><E74/><V35/><F102/><W50/><G110/><T75/><D111/><U29/><E29/><V55/><F44/><W7/><G7/><T82/><D116/><U124/><E124/><V37/><F37/><W133/><G133/><T70/><D125/><U57/><E18/><N who="3" m="6698" /><G27/><T103/><D70/><U43/><E43/><N who="3" m="16426" /><G77/><T126/><D103/><U128/><E128/><V94/><REACH who="2" step="1"/><F41/><REACH who="2" ten="181,170,289,350" step="2"/><W45/><G45/><T62/><D126/><U130/><E130/><V9/><F9/><W88/><G88/><T109/><D129/><U87/><E10/><V81/><F81/><W112/><G112/><T99/><D82/><U83/><E11/><V85/><F85/><W60/><AGARI ba="0,1" hai="50,51,53,59,60,92,93,95" m="16426,6698" machi="60" ten="30,8000,1" yaku="8,1,52,3,54,1" doraHai="91" who="3" fromWho="3" sc="181,-20,170,-20,289,-40,350,90" /><INIT seed="3,0,0,1,2,67" ten="161,150,249,440" oya="3" hai0="106,27,105,108,124,35,90,39,83,65,126,32,50" hai1="36,123,66,26,127,78,73,114,133,77,15,71,37" hai2="13,2,110,102,122,68,11,9,128,92,8,103,89" hai3="132,87,130,4,20,84,117,93,22,125,76,58,135"/><W97/><G117/><T98/><D50/><U129/><E123/><V111/><F2/><W118/><G118/><T104/><D90/><U61/><E15/><V49/><F122/><W86/><G4/><T56/><D98/><U100/><E78/><V69/><F128/><W70/><G76/><T79/><D108/><N who="2" m="41514" /><F49/><W24/><G130/><T48/><D39/><U53/><E129/><V29/><F29/><W40/><G40/><T23/><D32/><U120/><E120/><V109/><F13/><W44/><G44/><T18/><D35/><U47/><E37/><V59/><F59/><W54/><G22/><T101/><D101/><N who="2" m="38410" /><F109/><W131/><G131/><T5/><D5/><U72/><E36/><V99/><AGARI ba="0,0" hai="8,9,11,68,69,89,92,99" m="38410,41514" machi="99" ten="40,5200,0" yaku="14,1,52,2" doraHai="67" who="2" fromWho="2" sc="161,-13,150,-13,249,52,440,-26" /><INIT seed="4,0,0,1,5,92" ten="148,137,301,414" oya="0" hai0="102,62,124,127,116,11,90,66,135,68,71,6,117" hai1="134,96,34,77,129,25,54,108,22,2,65,121,84" hai2="38,49,75,47,3,45,29,83,82,64,0,118,104" hai3="106,51,17,8,13,48,107,42,5,98,103,35,44"/><T1/><D90/><U4/><E121/><V133/><F118/><W122/><G35/><T9/><D9/><U131/><E108/><V99/><F133/><W87/><G122/><T79/><D135/><U63/><E134/><V86/><F82/><W37/><G107/><T10/><D10/><U50/><E34/><V53/><F75/><W112/><G112/><T14/><D14/><U126/><E4/><V33/><F47/><W91/><G17/><T125/><D68/><U78/><E2/><V41/><F64/><W56/><G56/><T130/><D130/><U61/><E65/><V18/><F29/><W73/><G73/><T12/><D12/><U39/><E39/><V119/><F33/><W101/><G101/><T94/><D79/><U60/><E84/><V27/><F27/><W95/><AGARI ba="0,0" hai="5,8,13,37,42,44,48,51,87,91,95,98,103,106" machi="95" ten="20,2700,0" yaku="0,1,7,1,52,1" doraHai="92" who="3" fromWho="3" sc="148,-13,137,-7,301,-7,414,27" /><INIT seed="5,0,0,0,2,115" ten="135,130,294,441" oya="1" hai0="42,25,3,20,15,26,134,21,95,12,133,54,41" hai1="79,31,50,29,83,123,97,61,132,65,23,28,51" hai2="58,46,128,93,67,80,125,59,37,24,96,62,69" hai3="75,49,92,111,88,27,17,8,18,94,7,66,122"/><U6/><E123/><V45/><F80/><W103/><G75/><T40/><D3/><U35/><E35/><V39/><F93/><W1/><G111/><T70/><D70/><U14/><E132/><V112/><F96/><W129/><G122/><T43/><D54/><U89/><E97/><V117/><F24/><W38/><G38/><N who="2" m="14345" /><F125/><W76/><G76/><T52/><D52/><U86/><E79/><V130/><F112/><W11/><G94/><T68/><D68/><U32/><E32/><V127/><F127/><W22/><G103/><T100/><D40/><U19/><REACH who="1" step="1"/><E6/><REACH who="1" ten="135,120,294,441" step="2"/><V113/><F113/><W101/><G7/><T124/><D124/><U36/><E36/><V33/><F33/><W74/><G101/><T109/><D109/><U56/><AGARI ba="0,1" hai="14,19,23,28,29,31,50,51,56,61,65,83,86,89" machi="56" ten="30,6000,0" yaku="1,1,0,1,8,1,53,0" doraHai="115" doraHaiUra="34" who="1" fromWho="1" sc="135,-20,120,70,294,-20,441,-20" /><INIT seed="5,1,0,2,1,31" ten="115,190,274,421" oya="1" hai0="56,113,131,117,130,107,41,115,9,105,116,89,30" hai1="122,63,85,126,42,38,124,125,10,73,135,43,106" hai2="70,103,87,104,81,0,134,11,15,24,29,101,22" hai3="90,59,36,108,97,20,21,17,79,49,86,23,54"/><U37/><E122/><V68/><F0/><W6/><G36/><N who="1" m="13930" /><E73/><V40/><F40/><N who="1" m="15401" /><E106/><N who="0" m="40457" /><D41/><U3/><E85/><V102/><F134/><W27/><G108/><T128/><D56/><U82/><E82/><V110/><F110/><W44/><G6/><T33/><D89/><U91/><E91/><V123/><F123/><W7/><G7/><T35/><D9/><U118/><E10/><V69/><F104/><W72/><G72/><T61/><D61/><U132/><E3/><V8/><REACH who="2" step="1"/><F15/><REACH who="2" ten="115,190,264,421" step="2"/><W127/><G97/><T28/><D28/><U14/><E14/><V100/><N who="2" m="26112" /><DORA hai="67" /><V39/><F39/><W46/><G21/><T120/><D120/><U53/><E118/><N who="0" m="45673" /><D30/><U95/><E95/><V16/><F16/><W88/><G23/><T26/><D26/><U34/><E34/><AGARI ba="1,1" hai="33,34,35,113,115,128,130,131" m="45673,40457" machi="34" ten="50,16000,3" yaku="28,2,19,1,31,2,52,3" doraHai="31,67" who="0" fromWho="1" sc="115,173,190,-163,264,0,421,0" /><INIT seed="6,0,0,0,0,35" ten="288,27,264,421" oya="2" hai0="27,87,83,113,63,76,50,22,43,109,132,93,100" hai1="41,66,49,64,85,124,103,59,116,119,24,4,133" hai2="122,68,102,121,67,20,115,89,56,114,60,51,7" hai3="52,55,58,99,25,18,80,90,110,118,21,77,127"/><V74/><F74/><W82/><G110/><T78/><D109/><U84/><E103/><V71/><F102/><W39/><G39/><T75/><D113/><N who="2" m="43018" /><F89/><W19/><G118/><T40/><D132/><U108/><E4/><V92/><F92/><N who="3" m="56727" /><G127/><T54/><D63/><U73/><E73/><V6/><F20/><W9/><G77/><T98/><D76/><U33/><E33/><V5/><F51/><N who="3" m="31007" /><G55/><T34/><D34/><U44/><E124/><V117/><F117/><W14/><AGARI ba="0,0" hai="9,14,18,19,21,25,80,82" m="31007,56727" machi="14" ten="30,2000,0" yaku="8,1,54,1" doraHai="35" who="3" fromWho="3" sc="288,-5,27,-5,264,-10,421,20" /><INIT seed="7,0,0,2,4,117" ten="283,22,254,441" oya="3" hai0="53,13,39,58,72,30,129,86,3,75,12,126,85" hai1="118,123,77,65,125,98,81,62,47,115,113,29,36" hai2="71,95,0,5,56,109,48,66,78,44,88,130,4" hai3="16,111,61,59,128,73,38,132,96,19,106,131,89"/><W92/><G38/><T68/><D3/><U18/><E18/><V120/><F71/><W67/><G73/><T133/><D68/><U122/><E98/><V41/><F109/><W2/><G2/><T102/><D39/><U31/><E31/><V54/><F130/><W108/><G106/><T7/><D129/><N who="3" m="49737" /><G132/><T34/><D133/><U45/><E29/><V70/><F0/><W110/><AGARI ba="0,0" hai="16,19,59,61,67,89,92,96,108,110,111" m="49737" machi="110" ten="40,7800,0" yaku="10,1,19,1,54,1" doraHai="117" who="3" fromWho="3" sc="283,-26,22,-26,254,-26,441,78" owari="257,6.0,-4,-50.0,228,-17.0,519,61.0" /></mjloggm>