<mjloggm ver="2.3"><GO type="97"/><UN n0="%4C%65%4E%6F%69%72" n1="%E6%9A%B4%E3%82%8C%E3%82%93%E5%9D%8A%E5%B0%8F%E8%BB%8D" n2="%EF%BC%88%E2%89%A7%E2%96%BD%E2%89%A6%EF%BC%89" n3="%E4%BC%8A%E4%BA%88%E3%81%8B%E3%82%82%E3%82%81" dan="13,14,14,13" rate="1855,1909,2017,1846" sx="M,M,M,M"/><TAIKYOKU oya="0"/><INIT seed="0,0,0,0,0,75" ten="250,250,250,250" oya="0" hai0="39,112,38,109,81,73,97,6,132,46,117,64,44" hai1="54,8,28,87,43,50,85,69,18,11,100,26,24" hai2="4,89,105,103,121,93,57,55,2,104,74,92,20" hai3="5,19,130,72,21,41,35,84,134,60,107,115,79"/><T68/><D117/><U15/><E69/><V120/><F74/><W30/><G115/><T16/><D112/><U31/><E100/><V125/><F125/><W122/><G72/><T99/><D64/><U71/><E71/><V34/><F34/><W70/><G107/><T3/><D68/><U108/><E43/><V110/><F110/><W36/><G5/><T22/><D39/><U76/><E8/><V82/><F82/><W90/><G130/><T91/><D46/><U133/><E108/><V42/><F42/><W66/><G134/><T47/><D109/><U53/><E133/><V62/><F121/><W65/><G66/><T1/><D132/><U17/><E15/><V116/><F116/><W49/><G36/><T119/><D119/><U77/><E11/><V37/><F120/><W27/><G79/><N who="0" m="44271" /><D47/><U101/><E101/><V48/><F37/><W124/><G124/><T59/><D59/><U95/><E95/><V126/><F126/><W128/><G122/><T131/><D3/><U129/><E50/><V80/><F48/><W127/><G127/><T12/><D131/><AGARI ba="0,0" hai="17,18,24,26,28,31,53,54,76,77,85,87,129,131" machi="131" ten="25,6400,0" yaku="22,2,52,2" doraHai="75" who="1" fromWho="0" sc="250,-64,250,64,250,0,250,0" /><INIT seed="1,0,0,2,4,114" ten="186,314,250,250" oya="1" hai0="36,75,126,3,97,5,115,19,101,134,60,86,24" hai1="95,98,99,17,21,59,104,94,18,121,38,14,51" hai2="29,93,53,119,48,6,118,31,58,44,56,65,11" hai3="103,110,57,20,32,4,129,87,8,62,120,13,128"/><U108/><E121/><V67/><F93/><W76/><G120/><T117/><D75/><U12/><E38/><V82/><F82/><N who="3" m="47559" /><G32/><T35/><D115/><U91/><E104/><V123/><F123/><W135/><G103/><T107/><D36/><U45/><E108/><V92/><F92/><W61/><G110/><T113/><D117/><U43/><E59/><V84/><F84/><W68/><G68/><T34/><D113/><U85/><E95/><V55/><F44/><W66/><G61/><T7/><D134/><U52/><REACH who="1" step="1"/><E43/><REACH who="1" step="2"/><V100/><F58/><W132/><G20/><AGARI ba="0,1" hai="12,14,17,18,20,21,45,51,52,85,91,94,98,99" machi="20" ten="30,18000,2" yaku="1,1,2,1,7,1,9,1,8,1,54,1,53,0" doraHai="114" doraHaiUra="105" who="1" fromWho="3" sc="186,0,304,190,250,0,250,-180" /><INIT seed="1,1,0,5,4,39" ten="186,494,250,70" oya="1" hai0="71,45,118,113,78,90,133,23,127,62,42,13,20" hai1="59,108,125,16,7,28,6,66,95,25,89,57,46" hai2="69,106,84,92,26,105,101,130,91,75,103,94,124" hai3="35,50,18,132,87,34,21,63,110,119,31,77,134"/><U114/><E114/><V48/><F26/><W115/><G119/><T88/><D118/><U129/><E129/><V0/><F0/><W117/><G115/><T83/><D113/><U9/><E125/><V70/><F48/><W14/><G117/><T49/><D127/><U43/><E108/><V38/><F38/><W73/><G73/><T100/><D133/><N who="3" m="51305" /><G31/><T11/><D100/><N who="2" m="38474" /><F69/><W5/><G5/><T17/><D71/><U74/><E74/><V52/><F70/><W86/><G77/><T123/><D123/><U12/><E59/><V85/><F124/><W64/><G50/><T65/><D65/><U15/><E57/><V51/><F51/><W30/><G30/><T112/><D62/><U47/><E66/><V79/><F52/><W93/><G93/><N who="2" m="35945" /><F130/><W98/><G98/><T68/><D112/><U128/><E128/><V27/><F27/><W3/><G3/><T107/><D68/><U121/><E121/><V96/><F96/><W4/><G4/><T81/><D23/><U41/><E47/><V102/><F102/><W32/><G110/><T99/><D20/><N who="1" m="15399" /><E46/><V2/><F2/><W126/><G126/><T29/><D45/><U109/><E7/><V111/><F111/><W40/><G40/><N who="1" m="15434" /><E109/><V76/><F75/><W80/><G80/><T60/><D83/><U8/><E95/><N who="2" m="54759" /><F85/><W1/><G1/><T53/><D49/><U36/><E36/><V19/><F19/><W131/><G131/><T97/><D17/><U54/><E54/><V116/><F116/><W58/><AGARI ba="1,0" hai="14,18,21,32,34,35,58,63,64,86,87" m="51305" machi="58" ten="40,1500,0" yaku="20,1" doraHai="39" who="3" fromWho="3" sc="186,-5,494,-8,250,-5,70,18" /><INIT seed="2,0,0,0,2,44" ten="181,486,245,88" oya="2" hai0="111,83,48,55,45,95,11,72,20,41,99,134,1" hai1="10,106,52,29,47,56,131,96,51,74,19,32,115" hai2="31,70,78,68,4,102,87,43,86,18,25,100,67" hai3="66,50,101,40,16,133,79,34,5,88,107,27,92"/><V22/><F4/><W30/><G107/><T110/><D134/><U3/><E74/><V76/><F43/><W9/><G133/><T125/><D125/><U69/><E69/><V26/><F67/><W120/><G120/><T49/><D72/><U104/><E131/><V108/><F18/><W0/><G101/><T61/><D61/><U82/><E115/><V89/><F89/><W28/><G28/><T54/><D83/><U65/><E32/><V132/><F132/><W126/><G79/><T121/><D121/><U85/><E29/><V103/><F108/><N who="0" m="41514" /><D20/><U129/><E96/><V97/><F97/><W91/><G66/><T117/><D117/><U57/><E129/><V128/><F128/><W119/><G126/><T130/><D130/><U2/><E2/><V42/><F42/><W124/><G124/><T73/><D73/><U75/><E75/><V109/><F109/><W63/><G119/><T59/><D11/><U36/><E36/><V113/><F113/><W38/><G38/><T116/><D1/><U12/><E3/><V35/><F35/><W118/><G118/><T62/><D116/><U90/><E65/><V127/><F127/><W23/><G63/><T112/><D112/><U64/><E64/><V105/><F70/><W13/><G92/><T135/><D135/><U21/><E21/><V7/><F68/><W80/><G80/><T33/><D33/><U71/><E71/><V93/><F22/><W8/><G9/><T77/><D77/><U98/><E106/><V84/><F78/><W122/><G122/><T81/><D81/><U114/><E114/><RYUUKYOKU ba="0,0" sc="181,-15,486,15,245,-15,88,15" hai1="10,12,19,47,51,52,56,57,82,85,90,98,104" hai3="0,5,8,13,16,23,27,30,34,40,50,88,91" /><INIT seed="3,1,0,4,5,73" ten="166,501,230,103" oya="3" hai0="131,38,52,53,0,23,39,112,113,74,50,11,37" hai1="99,15,105,121,133,76,125,104,24,117,55,43,124" hai2="61,127,58,79,3,100,102,95,135,68,72,60,118" hai3="32,96,110,16,94,84,1,78,36,67,46,85,128"/><W13/><G32/><T25/><D74/><U92/><E133/><V101/><F135/><W106/><G1/><T65/><D131/><U93/><E121/><V64/><F118/><W122/><G106/><T98/><D65/><U26/><E117/><V71/><F3/><W12/><G122/><T82/><D82/><U30/><E43/><V42/><F127/><N who="1" m="48713" /><E76/><V108/><F108/><W119/><G119/><T70/><D70/><U51/><E15/><V35/><F35/><W109/><G13/><T126/><D126/><U17/><E17/><V115/><F115/><N who="0" m="44106" /><D98/><U21/><E26/><V129/><F68/><W77/><G128/><T69/><D69/><U33/><E21/><V130/><F71/><W27/><G27/><T88/><D11/><U9/><E9/><V134/><F130/><W116/><G116/><T8/><D8/><U120/><E120/><V123/><F129/><W97/><G67/><T87/><D0/><U107/><E99/><N who="3" m="37962" /><G94/><N who="0" m="54559" /><D50/><U4/><E4/><V22/><F134/><W28/><G28/><AGARI ba="1,0" hai="23,25,28,37,38,39,52,53" m="54559,44106" machi="28" ten="40,5200,0" yaku="11,1,54,2" doraHai="73" who="0" fromWho="3" sc="166,55,501,0,230,0,103,-55" owari="221,-18.0,501,60.0,230,3.0,48,-45.0" /></mjloggm>