<mjloggm ver="2.3"><GO type="169"/><UN n0="%EF%BC%88%E2%89%A7%E2%96%BD%E2%89%A6%EF%BC%89" n1="%E3%82%B9%E3%83%86%E3%83%AB%E3%82%B9%E3%83%87%E3%83%96" n2="%6F%28%3E%E3%83%AD%3C%2A%29%6F" n3="%E3%81%97%E3%81%8A%E3%82%84%E3%81%A0%E3%82%93" dan="16,16,16,16" rate="2038,2084,2113,2094" sx="M,M,F,M"/><TAIKYOKU oya="0"/><INIT seed="0,0,0,1,0,12" ten="250,250,250,250" oya="0" hai0="89,135,34,24,121,133,62,11,6,33,25,9,93" hai1="134,32,130,110,3,65,36,31,101,21,56,98,96" hai2="74,41,63,111,118,61,117,19,8,46,81,14,112" hai3="59,113,48,1,10,57,16,132,73,51,72,37,15"/><T100/><D100/><U131/><E36/><V0/><F112/><W29/><G37/><T45/><D45/><U123/><E3/><V30/><F30/><W53/><G113/><T27/><D62/><N who="1" m="38087" /><E32/><N who="0" m="12393" /><D121/><U78/><E123/><V67/><F111/><W92/><G132/><N who="0" m="50763" /><D93/><U122/><E110/><V26/><F26/><W40/><G29/><T4/><D89/><U20/><E122/><V52/><F0/><W84/><G1/><T2/><D2/><U86/><E134/><V66/><F63/><W105/><G105/><T69/><D69/><U13/><E101/><V49/><F41/><W47/><G59/><T64/><D64/><U68/><E68/><V50/><F50/><W85/><REACH who="3" step="1"/><G92/><REACH who="3" ten="250,250,250,240" step="2"/><T75/><D75/><AGARI ba="0,1" hai="10,15,16,40,47,48,51,53,57,72,73,75,84,85" machi="75" ten="40,8000,1" yaku="1,1,2,1,52,1,54,1,53,0" doraHai="12" doraHaiUra="108" who="3" fromWho="0" sc="250,-80,250,0,250,0,240,90" /><INIT seed="1,0,0,5,3,98" ten="170,250,250,330" oya="1" hai0="103,20,93,71,22,45,113,132,81,121,115,90,36" hai1="5,107,37,0,119,70,11,75,39,123,41,26,64" hai2="38,18,19,51,34,40,63,1,76,114,4,3,30" hai3="67,82,21,53,61,80,56,42,58,6,134,23,72"/><U27/><E123/><V33/><F76/><W74/><G6/><T48/><D121/><U44/><E119/><V124/><F63/><W68/><G42/><T112/><D132/><U46/><E107/><V77/><F77/><W104/><G104/><T109/><D109/><U100/><E75/><V65/><F65/><W108/><G108/><T102/><D36/><U69/><E100/><V54/><F114/><W135/><G68/><T91/><D71/><U84/><E84/><V78/><F78/><W32/><G32/><T14/><D81/><U66/><E41/><V133/><F133/><W130/><G67/><T86/><D90/><U88/><E88/><V31/><F124/><W105/><G105/><T15/><D22/><U49/><E49/><V127/><F127/><W96/><G96/><T129/><D129/><U47/><E47/><V9/><F40/><W116/><G61/><T101/><REACH who="0" step="1"/><D20/><REACH who="0" ten="160,250,250,330" step="2"/><U12/><E69/><V59/><F38/><W94/><G130/><T110/><D110/><U83/><E83/><V99/><F34/><W73/><G73/><T43/><AGARI ba="0,1" hai="14,15,43,45,48,86,91,93,101,102,103,112,113,115" machi="43" ten="40,8000,1" yaku="1,1,0,1,52,3,53,0" doraHai="98" doraHaiUra="117" who="0" fromWho="0" sc="160,90,250,-40,250,-20,330,-20" /><INIT seed="2,0,0,2,0,132" ten="250,210,230,310" oya="2" hai0="86,5,63,9,44,12,130,83,13,89,17,8,61" hai1="36,14,16,2,19,7,100,79,99,70,124,94,53" hai2="59,123,50,103,26,98,131,56,41,29,135,40,55" hai3="128,33,101,80,91,27,34,38,109,134,31,0,105"/><V3/><F3/><W77/><G0/><T102/><D130/><U10/><E70/><V18/><F131/><W121/><G121/><T45/><REACH who="0" step="1"/><D102/><REACH who="0" ten="240,210,230,310" step="2"/><U90/><E100/><V71/><F123/><W116/><G101/><T32/><D32/><U74/><E36/><V115/><F115/><W57/><G38/><T46/><AGARI ba="0,1" hai="5,8,9,12,13,17,44,45,46,61,63,83,86,89" machi="46" ten="30,7900,0" yaku="1,1,0,1,8,1,53,1" doraHai="132" doraHaiUra="78" who="0" fromWho="0" sc="240,89,210,-20,230,-39,310,-20" /><INIT seed="3,0,0,5,2,49" ten="329,190,191,290" oya="3" hai0="128,129,135,134,20,107,4,101,11,89,104,26,93" hai1="97,42,32,18,22,111,64,27,29,113,44,14,38" hai2="15,21,47,116,95,63,87,98,114,127,115,50,75" hai3="33,103,110,71,59,118,36,35,88,133,117,37,119"/><W70/><G103/><T65/><D65/><U67/><E113/><V60/><F75/><W123/><G59/><T76/><D76/><U102/><REACH who="1" step="1"/><E111/><REACH who="1" ten="329,180,191,290" step="2"/><V34/><F115/><W58/><G110/><T81/><D129/><U90/><E90/><V46/><F114/><W105/><G88/><T45/><D89/><U56/><E56/><V124/><F127/><W13/><G58/><T100/><D128/><U122/><E122/><V69/><F124/><W85/><G123/><T91/><D91/><U40/><E40/><V12/><F69/><W28/><G71/><T61/><D134/><U10/><E10/><V30/><F63/><W77/><G70/><T3/><D11/><U23/><E23/><V1/><F60/><W9/><G133/><T106/><D20/><U112/><E112/><V66/><F21/><W73/><G9/><T99/><D135/><U54/><E54/><V72/><F34/><W84/><G35/><T8/><D61/><U39/><E39/><V92/><F50/><W5/><G33/><T94/><D8/><U108/><E108/><V130/><F130/><W86/><G37/><T55/><D55/><U120/><E120/><V80/><F47/><W16/><G36/><T62/><D45/><U25/><E25/><V7/><F46/><W19/><G118/><T79/><D62/><U96/><E96/><V121/><F98/><W43/><G117/><T74/><D26/><U17/><E17/><V78/><F116/><W24/><G119/><T6/><D3/><U125/><E125/><V51/><F121/><W82/><G43/><T2/><D2/><RYUUKYOKU ba="0,1" sc="329,15,180,15,191,-15,290,-15" hai0="4,6,74,79,81,93,94,99,100,101,104,106,107" hai1="14,18,22,27,29,32,38,42,44,64,67,97,102" /><INIT seed="4,1,1,0,3,12" ten="344,195,176,275" oya="0" hai0="59,27,39,24,103,71,129,32,109,135,118,14,37" hai1="107,101,74,104,66,87,132,92,61,33,48,126,1" hai2="54,85,76,19,94,44,65,18,97,81,64,72,95" hai3="52,46,49,55,125,4,38,133,127,122,90,121,96"/><T43/><D71/><U9/><E33/><V88/><F94/><N who="3" m="56407" /><G4/><T68/><D68/><U11/><E74/><V117/><F117/><W131/><G38/><T20/><D32/><U25/><E25/><V78/><F78/><W29/><G29/><T58/><D109/><U79/><E79/><V69/><F72/><W114/><G114/><T41/><D118/><U124/><E132/><V112/><F112/><W111/><G133/><T62/><D135/><U2/><E48/><N who="2" m="28935" /><F69/><W40/><G131/><T13/><D129/><U53/><E53/><N who="3" m="20554" /><G111/><T134/><D134/><U120/><E120/><AGARI ba="1,1" hai="40,46,49,120,121,122,125,127" m="20554,56407" machi="120" ten="30,2000,0" yaku="13,1,54,1" doraHai="12" who="3" fromWho="1" sc="344,0,195,-23,176,0,275,33" /><INIT seed="5,0,0,5,4,85" ten="344,172,176,308" oya="1" hai0="98,97,8,128,28,135,77,110,57,32,31,107,62" hai1="64,39,36,15,2,71,5,54,20,91,127,94,19" hai2="30,75,9,12,17,47,102,70,119,106,56,90,72" hai3="109,4,3,13,96,7,84,43,53,42,18,116,51"/><U76/><E127/><V92/><F70/><W63/><G116/><T60/><D110/><U0/><E76/><V80/><F30/><N who="0" m="11306" /><D32/><U27/><E71/><V83/><F119/><W1/><G109/><T129/><D135/><U103/><E64/><V6/><F47/><W125/><G96/><N who="0" m="36971" /><D107/><U88/><E0/><V58/><F106/><W25/><G25/><T118/><D118/><U113/><E113/><V117/><F102/><W112/><G63/><T52/><D8/><N who="1" m="4495" /><E2/><V87/><F117/><W49/><G112/><T34/><D34/><U100/><E39/><V86/><F6/><W48/><G53/><T50/><D77/><U82/><E36/><V65/><F65/><W33/><G33/><T108/><D108/><U29/><E82/><V73/><REACH who="2" step="1"/><F83/><REACH who="2" ten="344,172,166,308" step="2"/><W45/><G45/><T122/><D57/><U11/><E100/><V133/><F133/><W66/><G66/><T24/><D128/><U79/><E103/><V111/><F111/><W105/><G105/><T104/><D104/><U132/><E132/><V121/><F121/><W123/><G123/><T124/><D122/><U74/><E94/><V101/><F101/><W26/><G3/><T134/><D129/><U120/><E120/><V46/><F46/><W67/><G67/><T23/><D134/><U68/><E68/><V61/><F61/><W95/><G1/><T35/><D62/><U22/><E29/><V114/><F114/><W38/><G95/><T81/><D60/><U99/><E19/><V40/><F40/><W21/><G43/><T44/><D81/><N who="1" m="45303" /><E54/><V14/><F14/><W59/><G42/><RYUUKYOKU ba="0,1" sc="344,-10,172,-10,166,30,308,-10" hai2="9,12,17,56,58,72,73,75,80,86,87,90,92" /><INIT seed="6,1,1,0,3,118" ten="334,162,196,298" oya="2" hai0="54,119,100,92,121,21,132,90,94,36,73,109,99" hai1="87,51,40,48,97,108,62,120,106,49,56,19,126" hai2="60,124,80,25,110,3,5,20,37,107,44,78,82" hai3="45,46,135,30,128,116,72,42,88,33,9,43,84"/><V50/><F107/><W89/><G72/><T79/><D109/><U7/><E108/><V85/><F110/><W61/><G116/><T114/><D36/><U57/><E126/><V68/><F124/><W10/><G128/><T67/><D121/><U8/><E40/><N who="3" m="15402" /><G33/><T104/><D119/><U113/><E113/><V58/><F68/><W15/><G30/><T91/><D114/><U65/><E19/><V53/><F37/><W11/><G135/><T31/><D132/><U38/><E38/><V69/><F69/><W95/><G61/><T64/><D104/><U101/><E87/><V16/><F3/><W76/><G76/><T131/><D131/><U96/><E96/><V83/><REACH who="2" step="1"/><F5/><REACH who="2" ten="334,162,186,298" step="2"/><W18/><G89/><T32/><D91/><U13/><REACH who="1" step="1"/><E120/><REACH who="1" ten="334,152,186,298" step="2"/><V133/><F133/><W24/><G88/><T134/><D90/><U127/><E127/><V103/><F103/><W39/><G39/><T70/><D100/><U41/><E41/><AGARI ba="1,3" hai="16,20,25,41,44,50,53,58,60,78,80,82,83,85" machi="41" ten="30,11600,0" yaku="1,1,7,1,8,1,54,1,53,0" doraHai="118" doraHaiUra="123" who="2" fromWho="1" sc="334,0,152,-119,186,149,298,0" /><INIT seed="6,2,0,4,4,0" ten="334,33,335,298" oya="2" hai0="125,132,116,41,46,89,10,94,131,111,33,24,71" hai1="37,6,97,77,91,104,69,106,76,49,54,53,122" hai2="126,36,62,88,59,85,44,75,20,67,12,65,34" hai3="102,96,101,112,17,30,95,57,121,135,133,124,35"/><V84/><F34/><W72/><G72/><T82/><D71/><U31/><E37/><V51/><F75/><W39/><G39/><T70/><D70/><U68/><E31/><V26/><F36/><W130/><G121/><T74/><D111/><U11/><E122/><V45/><F126/><W81/><G124/><T110/><D110/><U9/><E97/><V93/><F12/><W80/><G130/><T92/><D125/><U114/><E49/><V8/><F8/><W90/><G30/><T87/><D131/><U23/><E23/><V127/><F127/><W107/><G35/><T52/><D116/><U134/><E114/><V22/><F65/><W98/><G57/><T21/><D33/><U28/><E28/><N who="2" m="17479" /><F22/><W50/><G50/><N who="0" m="26959" /><D74/><U129/><E129/><V25/><F25/><W123/><G17/><N who="0" m="12335" /><D10/><U108/><E108/><V2/><F2/><W27/><G27/><T55/><D132/><N who="3" m="50761" /><G123/><T128/><D128/><U113/><E134/><V99/><F44/><W16/><G16/><T13/><D13/><U15/><E15/><V73/><F73/><W105/><G112/><T100/><D100/><U115/><REACH who="1" step="1"/><E91/><REACH who="1" ten="334,23,335,298" step="2"/><V79/><F79/><W120/><G120/><T43/><D43/><AGARI ba="2,1" hai="43,45,51,59,62,67,84,85,88,93,99" m="17479" machi="43" ten="30,2900,0" yaku="8,1,54,1" doraHai="0" who="2" fromWho="0" sc="334,-35,23,0,335,45,298,0" /><INIT seed="6,3,0,0,2,64" ten="299,23,380,298" oya="2" hai0="45,63,118,106,29,84,95,74,44,6,131,127,41" hai1="32,55,21,50,107,109,62,47,100,93,91,11,34" hai2="37,96,129,128,116,9,8,90,30,17,78,13,80" hai3="56,125,40,124,98,46,14,122,70,28,57,19,101"/><V97/><F37/><W72/><G72/><T20/><D74/><U4/><E109/><V0/><F30/><W102/><G122/><T76/><D106/><U130/><E130/><N who="2" m="50283" /><F116/><W31/><G40/><T126/><D118/><U99/><E21/><V60/><F60/><W105/><G46/><T54/><D6/><U132/><E132/><V58/><F58/><W111/><G111/><T33/><D33/><U115/><E115/><V108/><F108/><W65/><G102/><T119/><D119/><U135/><E135/><V89/><F0/><W69/><G57/><N who="0" m="35255" /><D131/><U16/><E62/><V68/><F68/><N who="3" m="26219" /><G56/><T10/><D10/><U94/><E107/><V59/><F59/><W15/><G65/><T12/><D41/><U42/><E42/><V67/><F67/><W48/><G15/><T77/><D44/><U86/><REACH who="1" step="1"/><E4/><REACH who="1" ten="299,13,380,298" step="2"/><V22/><F22/><W71/><G105/><T103/><D20/><U35/><E35/><V75/><F9/><W66/><G66/><T61/><D61/><U83/><E83/><V121/><F121/><W53/><G71/><T92/><D92/><U51/><E51/><V38/><F38/><W88/><G48/><T25/><D95/><U123/><E123/><V110/><F110/><W73/><G53/><T134/><D134/><U117/><E117/><V26/><F26/><W52/><G52/><T39/><D25/><U133/><E133/><V2/><F8/><W18/><G31/><T87/><D29/><U3/><E3/><V104/><F2/><W81/><G28/><T120/><D120/><U5/><E5/><V49/><F104/><RYUUKYOKU ba="3,1" sc="299,-10,13,30,380,-10,298,-10" hai1="11,16,32,34,47,50,55,86,91,93,94,99,100" /><INIT seed="7,4,1,3,2,91" ten="289,43,370,288" oya="3" hai0="103,46,11,66,129,93,23,2,48,24,15,61,108" hai1="128,73,94,9,49,22,67,113,118,13,134,119,102" hai2="104,106,41,74,127,89,105,32,125,83,20,99,131" hai3="110,35,135,75,78,64,8,53,33,38,101,37,86"/><W5/><G75/><T85/><D108/><U4/><E73/><V68/><F32/><W58/><G101/><T0/><D129/><U7/><E128/><V123/><F68/><W47/><G110/><T10/><D0/><U63/><E113/><V17/><F123/><W21/><G64/><T124/><D2/><U69/><E134/><V121/><F121/><W19/><G135/><T25/><D124/><N who="2" m="47690" /><F41/><W51/><G38/><T79/><D79/><U1/><E7/><V31/><F31/><W109/><G109/><T6/><D11/><U112/><E112/><V16/><F131/><W3/><G78/><T52/><D23/><U72/><E72/><V57/><F57/><W59/><G59/><N who="0" m="37183" /><D85/><U81/><E81/><V62/><F62/><W133/><G133/><T120/><D120/><U14/><E49/><V60/><F60/><W34/><G86/><T28/><D28/><U30/><E1/><V65/><F65/><W80/><G80/><T26/><D103/><U107/><E107/><V98/><F74/><W27/><REACH who="3" step="1"/><G35/><REACH who="3" ten="289,43,370,278" step="2"/><T45/><D45/><U42/><E118/><V43/><F83/><W44/><G44/><T90/><D90/><U55/><E119/><V117/><F89/><W40/><AGARI ba="4,2" hai="3,5,8,19,21,27,33,34,37,40,47,51,53,58" machi="40" ten="30,3000,0" yaku="1,1,0,1,53,0" doraHai="91" doraHaiUra="100" who="3" fromWho="3" sc="289,-14,43,-14,370,-14,278,62" /><INIT seed="7,5,0,3,0,113" ten="275,29,356,340" oya="3" hai0="64,25,132,10,52,111,70,18,16,63,68,53,54" hai1="7,88,67,61,55,106,71,31,47,102,8,86,12" hai2="35,91,134,30,100,90,57,99,17,104,0,130,103" hai3="19,20,80,42,2,48,11,34,36,119,76,135,87"/><W37/><G119/><T69/><D111/><U101/><E106/><V6/><F130/><W50/><G34/><T124/><D124/><U125/><E125/><V66/><F134/><W33/><G33/><T107/><D132/><U39/><E31/><V78/><F78/><W72/><G135/><T62/><D107/><U9/><E9/><V115/><F115/><W83/><G37/><T97/><D97/><U58/><E39/><V108/><F108/><W109/><G109/><T44/><D44/><U82/><E71/><V85/><F103/><W27/><G83/><T74/><D74/><U29/><E29/><V129/><F129/><W127/><G87/><T123/><D123/><U1/><E1/><V112/><F112/><W94/><G94/><T65/><D25/><U45/><E45/><V95/><F30/><W59/><G127/><T81/><D81/><U84/><E84/><V118/><F35/><W114/><G114/><T21/><D21/><U13/><E13/><V128/><F128/><W133/><G133/><T126/><D126/><U3/><E3/><V96/><F0/><W24/><G24/><T92/><D92/><U77/><E77/><V14/><F99/><W79/><G79/><T105/><D105/><U117/><E117/><V93/><F118/><W5/><G59/><T121/><D121/><U120/><E120/><V28/><F104/><W43/><G43/><T122/><D122/><U38/><E38/><V73/><F73/><W75/><G72/><T56/><D10/><U4/><E4/><V89/><F93/><W49/><G36/><T23/><D18/><RYUUKYOKU ba="5,0" sc="275,10,29,10,356,-30,340,10" hai0="16,23,52,53,54,56,62,63,64,65,68,69,70" hai1="7,8,12,47,55,58,61,67,82,86,88,101,102" hai3="2,5,11,19,20,27,42,48,49,50,75,76,80" /><INIT seed="7,6,0,1,5,83" ten="285,39,326,350" oya="3" hai0="85,76,99,27,118,96,125,92,36,130,61,73,79" hai1="113,9,18,127,133,2,46,69,94,120,50,100,20" hai2="95,48,117,37,59,134,135,11,52,31,62,89,101" hai3="109,56,44,0,116,51,16,43,8,108,102,123,25"/><W63/><G123/><T45/><D118/><U12/><E120/><V5/><F117/><W68/><G116/><T3/><D3/><U40/><E113/><V60/><F31/><W84/><G68/><T81/><D125/><U128/><E127/><V110/><F110/><N who="3" m="42603" /><G102/><T26/><D130/><U32/><E128/><V64/><F101/><W72/><G72/><T58/><D36/><U111/><E111/><V41/><F37/><W19/><G25/><T30/><D45/><U22/><E133/><N who="2" m="50699" /><F41/><W112/><G112/><T93/><D76/><U21/><E69/><V24/><F24/><W65/><G84/><T131/><D131/><U105/><E32/><V126/><F126/><W47/><G44/><T70/><D70/><U114/><E114/><V4/><F64/><W75/><G75/><T29/><D73/><U7/><E105/><V49/><F49/><W88/><G88/><N who="0" m="55335" /><D30/><U17/><E2/><N who="2" m="407" /><F5/><AGARI ba="6,0" hai="0,5,8,16,19,43,47,51,56,63,65" m="42603" machi="5" ten="30,2900,0" yaku="10,1,54,1" doraHai="83" who="3" fromWho="2" sc="285,0,39,0,326,-47,350,47" owari="285,9.0,39,-46.0,279,-12.0,397,49.0" /></mjloggm>