<mjloggm ver="2.3"><GO type="169" lobby="0"/><UN n0="%EF%BC%88%E2%89%A7%E2%96%BD%E2%89%A6%EF%BC%89" n1="%E5%B8%B8%E7%A3%90%E7%B7%9A%E7%89%B9%E5%88%A5%E5%BF%AB%E9%80%9F" n2="%E9%80%A2%E9%AD%94%E3%81%8C%E6%99%82" n3="%E5%A5%88%E8%90%BD%E3%81%AE%E7%8E%8B" dan="17,17,16,17" rate="2141.13,2116.62,2086.03,2108.49" sx="M,F,M,M"/><TAIKYOKU oya="0"/><INIT seed="0,0,0,2,4,97" ten="250,250,250,250" oya="0" hai0="113,129,9,107,112,26,51,132,130,69,73,96,110" hai1="111,37,63,122,75,53,84,76,13,36,117,61,38" hai2="87,65,71,120,4,102,32,17,15,57,109,19,60" hai3="80,34,3,123,40,104,35,82,64,12,11,44,101"/><T88/><D69/><U94/><E122/><V46/><F32/><W91/><G3/><T23/><D73/><U105/><E105/><V108/><F120/><W28/><G64/><T68/><D68/><U5/><E117/><V83/><F46/><W56/><G56/><T114/><D132/><U24/><E75/><V119/><F71/><W42/><G42/><T118/><D118/><U74/><E74/><V43/><F43/><W126/><G126/><T121/><D121/><U49/><E24/><V21/><F4/><W103/><G104/><T18/><D110/><N who="2" m="42602" /><F119/><W124/><G124/><T125/><D125/><U62/><E111/><V30/><F30/><W81/><G91/><T7/><D51/><U95/><E5/><V128/><F19/><W70/><G70/><T25/><D25/><U92/><E13/><V16/><F17/><W115/><G115/><T133/><D133/><U131/><E131/><N who="0" m="50185" /><D113/><U54/><E49/><V1/><F1/><W106/><G123/><T39/><D39/><U89/><REACH who="1" step="1"/><E76/><REACH who="1" ten="250,240,250,250" step="2"/><N who="2" m="46567" /><F128/><W59/><G12/><N who="0" m="5183" /><D107/><U33/><E33/><V67/><F67/><W6/><G106/><T135/><D135/><U50/><E50/><V93/><F65/><W134/><G134/><T31/><D18/><U55/><AGARI ba="0,1" hai="36,37,38,53,54,55,61,62,63,84,89,92,94,95" machi="55" ten="40,8000,1" yaku="1,1,0,1,29,2,53,0" doraHai="97" doraHaiUra="98" who="1" fromWho="1" sc="250,-40,240,90,250,-20,250,-20" /><INIT seed="1,0,0,5,5,135" ten="210,330,230,230" oya="1" hai0="116,104,42,20,134,33,120,48,16,50,53,30,25" hai1="78,106,7,21,5,59,55,62,12,95,131,111,22" hai2="96,40,28,76,10,86,127,79,58,15,85,89,125" hai3="113,105,94,49,3,9,114,39,23,31,73,90,103"/><U81/><E106/><V27/><F40/><W61/><G39/><T11/><D116/><U77/><E131/><V68/><F68/><W74/><G61/><T130/><D104/><U29/><E111/><V133/><F96/><W129/><G129/><T45/><D130/><U122/><E122/><V24/><F58/><W18/><G49/><T44/><D134/><U93/><E78/><N who="2" m="29739" /><F133/><W99/><G31/><T13/><REACH who="0" step="1"/><D120/><REACH who="0" ten="200,330,230,230" step="2"/><U41/><E29/><V14/><F28/><W67/><G105/><T52/><D52/><U38/><E55/><V56/><F56/><W118/><G118/><T60/><D60/><U51/><E62/><V0/><F0/><W124/><G3/><T109/><D109/><U2/><E59/><V17/><F15/><W72/><G114/><T97/><D97/><U6/><E12/><V119/><F119/><W57/><G57/><T37/><D37/><U64/><E38/><V100/><F100/><W123/><G103/><T128/><D128/><U101/><E101/><V82/><F86/><W92/><G123/><T34/><AGARI ba="0,1" hai="11,13,16,20,25,30,33,34,42,44,45,48,50,53" machi="34" ten="30,4000,0" yaku="1,1,0,1,54,1,53,0" doraHai="135" doraHaiUra="1" who="0" fromWho="0" sc="200,50,330,-20,230,-10,230,-10" /><INIT seed="2,0,0,4,1,85" ten="250,310,220,220" oya="2" hai0="112,57,102,0,70,68,21,79,106,93,34,96,130" hai1="61,31,67,134,64,108,110,17,95,83,120,72,40" hai2="54,88,13,36,39,44,100,86,65,94,27,32,107" hai3="42,1,56,55,5,135,84,49,4,58,87,127,125"/><V45/><F65/><W9/><G135/><T19/><D34/><U116/><E116/><V69/><F69/><W46/><G5/><T97/><D112/><U12/><E134/><V131/><F131/><W53/><G58/><T10/><D79/><N who="1" m="44519" /><E31/><V105/><F13/><W133/><G133/><T90/><D130/><U109/><E40/><V6/><F6/><W8/><G8/><T78/><D78/><U16/><E120/><V71/><F71/><W104/><G104/><T3/><D3/><U29/><E29/><V81/><F32/><W51/><REACH who="3" step="1"/><G42/><REACH who="3" ten="250,310,220,210" step="2"/><T103/><D10/><U128/><E128/><V77/><F107/><W129/><G129/><T124/><D106/><U24/><E110/><V92/><F105/><W73/><G73/><T115/><D57/><U43/><E43/><V30/><F45/><W118/><G118/><T114/><D70/><U76/><E108/><V75/><F44/><W111/><G111/><T126/><D68/><U91/><E109/><V66/><F39/><W122/><G122/><T48/><D115/><U117/><E117/><V60/><F36/><W7/><G7/><T35/><D114/><U59/><E59/><V123/><F123/><W11/><G11/><T33/><D0/><U80/><E67/><V15/><F66/><W38/><G38/><T113/><D113/><U119/><E64/><V89/><F75/><W28/><G28/><T98/><D19/><U25/><E16/><V41/><F41/><W20/><G20/><T47/><D21/><U26/><E119/><V63/><F30/><W37/><G37/><T74/><D74/><RYUUKYOKU ba="0,1" sc="250,-10,310,-10,220,-10,210,30" hai3="1,4,9,46,49,51,53,55,56,84,87,125,127" /><INIT seed="3,1,1,2,2,79" ten="240,300,210,240" oya="3" hai0="124,36,127,16,6,91,14,13,130,20,78,97,30" hai1="133,41,31,1,120,86,29,9,59,87,21,2,19" hai2="53,98,85,117,56,60,123,134,108,64,94,126,46" hai3="103,116,48,37,96,27,83,118,75,45,63,39,23"/><W3/><G3/><T33/><D36/><U82/><E120/><V72/><F117/><W49/><G63/><T115/><D115/><U55/><E133/><V57/><F72/><W58/><G39/><T47/><D47/><U71/><E71/><V52/><F123/><W26/><G37/><T68/><D68/><U54/><E41/><V70/><F126/><N who="0" m="48170" /><D130/><U90/><E86/><V102/><F108/><W24/><G23/><T4/><D78/><U10/><E1/><V8/><F134/><W128/><G128/><T105/><D91/><U81/><E2/><V17/><F46/><W132/><G132/><T44/><D44/><U22/><E90/><V35/><F35/><W129/><G129/><T125/><D125/><U18/><E87/><V76/><F56/><AGARI ba="1,1" hai="9,10,18,19,21,22,29,31,54,55,56,59,81,82" machi="56" ten="25,8000,1" yaku="22,2,8,1,52,2" doraHai="79" who="1" fromWho="2" sc="240,0,300,93,210,-83,240,0" /><INIT seed="4,0,0,0,2,100" ten="240,393,127,240" oya="0" hai0="59,116,32,109,129,95,7,69,64,18,71,108,41" hai1="1,6,119,37,122,67,85,29,31,15,34,83,9" hai2="39,54,80,30,88,12,0,121,98,128,118,65,62" hai3="86,55,99,82,120,25,73,111,44,135,14,132,78"/><T87/><D32/><U70/><E122/><V103/><F0/><W113/><G111/><N who="0" m="42571" /><D7/><U89/><E37/><V35/><F39/><W115/><G120/><T72/><D72/><U68/><E119/><V20/><F118/><W92/><G25/><T90/><D129/><U110/><E110/><V58/><F128/><W43/><G55/><T134/><D134/><N who="3" m="51241" /><G14/><T75/><D75/><U74/><E67/><V63/><F121/><W112/><G44/><T48/><D116/><U23/><E31/><V13/><F35/><W19/><G19/><T97/><D87/><U79/><E34/><V24/><F80/><W33/><G43/><T126/><D18/><U102/><E1/><V84/><F84/><W117/><G33/><T47/><D126/><U27/><E102/><V49/><F88/><N who="3" m="55687" /><G117/><T133/><D133/><U66/><E66/><V50/><F50/><W107/><G73/><T21/><D21/><U60/><E60/><AGARI ba="0,0" hai="41,47,48,59,60,64,69,71,90,95,97" m="42571" machi="60" ten="30,1500,0" yaku="10,1" doraHai="100" who="0" fromWho="1" sc="240,15,393,-15,127,0,240,0" /><INIT seed="4,1,0,4,1,78" ten="255,378,127,240" oya="0" hai0="127,116,36,49,106,16,80,97,44,114,11,132,27" hai1="54,79,77,134,75,89,5,29,13,83,45,21,128" hai2="24,28,109,32,40,7,120,42,65,115,90,71,39" hai3="126,68,33,88,98,52,62,121,76,47,105,51,86"/><T67/><D36/><U41/><E134/><V8/><F109/><W46/><G126/><T93/><D116/><U1/><E1/><V122/><F115/><W94/><G33/><T124/><D106/><U66/><E66/><V102/><F102/><W20/><G121/><T95/><D67/><U48/><E128/><V82/><F42/><W59/><G68/><T107/><D107/><U129/><E129/><V130/><F130/><W9/><G9/><T26/><D114/><U92/><E77/><V58/><F58/><W99/><G105/><T119/><D95/><U117/><E117/><V96/><F96/><W19/><G76/><T18/><D132/><U118/><E118/><V38/><F38/><W91/><G91/><N who="0" m="55487" /><D119/><U10/><E29/><V12/><F40/><N who="3" m="25031" /><G47/><T37/><D37/><U17/><E41/><V6/><F39/><W131/><G131/><T30/><D11/><U2/><E2/><V3/><F3/><W123/><G123/><T72/><D72/><U57/><E45/><V53/><F120/><W55/><G55/><N who="0" m="30119" /><D127/><U31/><E10/><V43/><F122/><W84/><G99/><T25/><D124/><U0/><E0/><V64/><F43/><W70/><G70/><T74/><D30/><U110/><E31/><V125/><F125/><W15/><AGARI ba="1,0" hai="15,19,20,52,59,62,84,86,88,94,98" m="25031" machi="15" ten="30,4000,0" yaku="8,1,54,2" doraHai="78" who="3" fromWho="3" sc="255,-21,378,-11,127,-11,240,43" /><INIT seed="5,0,0,3,2,66" ten="234,367,116,283" oya="1" hai0="124,5,108,112,68,118,6,130,129,80,115,35,103" hai1="48,61,60,12,39,47,77,8,116,109,100,57,123" hai2="4,119,49,62,74,50,42,46,54,2,52,111,102" hai3="121,59,117,40,87,65,84,18,114,76,22,7,78"/><U69/><E123/><V16/><F74/><W95/><G121/><T92/><D118/><U51/><E116/><V94/><F111/><W104/><G104/><T91/><D35/><U133/><E39/><V71/><F119/><W83/><G117/><T34/><D34/><U21/><E133/><V56/><F4/><W41/><G7/><N who="0" m="2571" /><D108/><U55/><E21/><V67/><F2/><W26/><G114/><N who="0" m="43563" /><D124/><U25/><E8/><V1/><F1/><W75/><G75/><T93/><D68/><U126/><E69/><V70/><F94/><N who="0" m="36458" /><D103/><U106/><E100/><V9/><F102/><W135/><G135/><T27/><D27/><U31/><E25/><V110/><F110/><W105/><G105/><T82/><D91/><U125/><E106/><V33/><F33/><W13/><G26/><T72/><D72/><U88/><E88/><V120/><F120/><W3/><G3/><T132/><D132/><U38/><E109/><V127/><F127/><W101/><G101/><T17/><D17/><U97/><E125/><V53/><REACH who="2" step="1"/><F49/><REACH who="2" ten="234,367,106,283" step="2"/><W113/><G113/><T58/><D58/><N who="1" m="34911" /><E51/><V14/><AGARI ba="0,1" hai="9,14,16,42,46,50,52,53,54,56,62,67,70,71" machi="14" ten="30,12000,2" yaku="1,1,0,1,52,2,54,2,53,0" doraHai="66" doraHaiUra="107" who="2" fromWho="2" sc="234,-30,367,-60,106,130,283,-30" /><INIT seed="6,0,0,4,0,38" ten="204,307,236,253" oya="2" hai0="1,74,40,63,115,94,97,86,42,4,59,78,95" hai1="51,81,41,101,22,18,0,65,3,31,70,80,71" hai2="90,79,121,111,8,110,83,54,93,130,24,53,10" hai3="72,124,30,132,17,35,116,57,131,96,127,7,108"/><V73/><F121/><W26/><G72/><T125/><D74/><U61/><E71/><V103/><F130/><W33/><G96/><T64/><D125/><N who="3" m="48201" /><G57/><T2/><D115/><U128/><E31/><V28/><F103/><W104/><G104/><T75/><D75/><U19/><E128/><V48/><F10/><W109/><G131/><T112/><D112/><U12/><E101/><V45/><F8/><W133/><G116/><T129/><D129/><U77/><E19/><V25/><F54/><W106/><G106/><T122/><D122/><U135/><E81/><V120/><F120/><W68/><G68/><T36/><D36/><U50/><E50/><V21/><REACH who="2" step="1"/><F25/><REACH who="2" ten="204,307,226,253" step="2"/><W119/><G119/><T87/><D2/><U43/><E0/><V69/><F69/><W100/><G100/><N who="0" m="60471" /><D1/><U55/><E3/><V47/><F47/><W11/><G11/><T23/><D4/><U107/><E107/><V117/><F117/><W99/><G7/><T20/><D42/><U92/><E43/><V82/><F82/><W62/><G26/><T56/><D40/><U16/><E41/><V67/><F67/><W39/><G39/><T84/><D56/><U29/><E65/><V52/><F52/><W32/><G109/><T123/><D123/><U60/><E70/><V49/><F49/><W13/><G108/><T105/><D105/><U98/><E55/><V76/><F76/><W66/><G66/><T15/><D78/><U114/><E77/><V58/><F58/><W6/><G6/><T27/><D27/><U5/><E51/><V37/><F37/><W126/><G126/><RYUUKYOKU ba="0,1" sc="204,-10,307,-10,226,30,253,-10" hai2="21,24,28,45,48,53,73,79,83,90,93,110,111" /><INIT seed="6,1,1,3,4,40" ten="194,297,256,243" oya="2" hai0="125,88,100,50,35,18,129,114,14,77,122,24,58" hai1="78,38,102,26,52,121,107,11,130,15,92,131,63" hai2="71,132,126,73,37,65,57,116,96,47,32,10,2" hai3="134,12,17,86,82,79,64,119,70,117,45,55,112"/><V75/><F116/><W83/><G134/><T29/><D122/><U56/><E107/><V49/><F132/><W85/><G112/><T51/><D114/><U5/><E38/><V76/><F126/><W95/><G95/><T6/><D125/><U99/><E78/><V69/><F32/><W1/><G1/><T19/><D77/><U124/><E124/><V72/><F96/><W91/><G70/><T48/><D129/><N who="1" m="49163" /><E26/><V9/><F2/><W68/><G64/><T135/><D135/><U101/><E121/><V22/><F22/><W61/><G68/><T62/><D100/><AGARI ba="1,1" hai="5,11,15,52,56,63,92,99,100,101,102" m="49163" machi="100" ten="30,2000,0" yaku="19,1,54,1" doraHai="40" who="1" fromWho="0" sc="194,-23,297,33,256,0,243,0" /><INIT seed="7,0,0,2,5,9" ten="171,330,256,243" oya="3" hai0="125,63,42,132,60,116,10,121,78,109,93,5,83" hai1="68,115,21,47,65,92,127,118,71,54,51,85,24" hai2="67,0,75,70,35,57,98,110,7,77,53,135,45" hai3="50,112,81,100,128,96,113,126,102,72,3,64,130"/><W40/><G3/><T48/><D121/><U52/><E127/><V133/><F35/><W46/><G126/><T56/><D116/><U25/><E118/><V1/><F110/><W37/><G64/><T14/><D109/><U119/><E119/><V27/><F27/><W104/><G102/><T58/><D132/><N who="2" m="50762" /><F98/><W106/><G50/><T73/><D125/><U31/><E65/><V123/><F123/><W55/><G55/><T49/><D93/><U105/><E105/><V80/><F7/><W6/><G6/><T82/><D82/><U11/><E11/><V91/><F91/><W95/><G95/><T22/><D22/><U34/><E115/><N who="3" m="44106" /><G106/><T79/><D79/><AGARI ba="0,0" hai="37,40,46,72,79,81,96,100,104,128,130" m="44106" machi="79" ten="30,2900,0" yaku="15,1,23,1" doraHai="9" who="3" fromWho="0" sc="171,-29,330,0,256,0,243,29" /><INIT seed="7,1,0,0,0,51" ten="142,330,256,272" oya="3" hai0="121,54,85,16,77,89,17,132,4,23,46,48,71" hai1="6,82,95,5,52,66,112,83,120,103,100,69,105" hai2="10,104,64,124,99,131,97,60,22,113,9,84,36" hai3="20,88,72,130,67,53,92,73,75,98,29,86,33"/><W13/><G130/><T108/><D121/><U94/><E105/><V93/><F36/><W129/><G129/><T8/><D108/><U26/><E120/><V32/><F32/><W19/><G67/><T61/><D132/><U109/><E26/><V38/><F38/><W11/><G33/><T87/><D71/><U126/><E66/><V58/><F124/><W59/><G98/><T21/><D61/><U119/><E69/><V2/><F2/><W31/><REACH who="3" step="1"/><G11/><REACH who="3" ten="142,330,256,262" step="2"/><T56/><D56/><U28/><E126/><V40/><F10/><W81/><G81/><N who="0" m="49391" /><D4/><U45/><E6/><V102/><F9/><W127/><G127/><T42/><D42/><U24/><E5/><V68/><F40/><W123/><G123/><T91/><D77/><U7/><E7/><V78/><F58/><W37/><G37/><T1/><D1/><U110/><E110/><V57/><F78/><W0/><G0/><T14/><D17/><U118/><E109/><V43/><F57/><W74/><N who="3" m="18432" /><DORA hai="70" /><W3/><G3/><T125/><D125/><U49/><E83/><AGARI ba="1,1" hai="8,14,16,21,23,46,48,54,83,85,91" m="49391" machi="83" ten="30,7700,0" yaku="25,1,8,1,52,1,54,1" doraHai="51,70" who="0" fromWho="1" sc="142,90,330,-80,256,0,262,0" /><INIT seed="8,0,0,5,0,16" ten="232,250,256,262" oya="0" hai0="5,64,49,92,107,93,8,21,113,18,51,97,103" hai1="121,27,41,50,33,74,67,77,11,42,70,112,10" hai2="95,125,109,126,130,6,47,52,30,102,98,66,108" hai3="31,88,65,75,55,57,58,62,24,36,90,45,131"/><T37/><D37/><U34/><E121/><V99/><F130/><W82/><G131/><T128/><D128/><U86/><E74/><V20/><F6/><W132/><G132/><T110/><D113/><U72/><E72/><V116/><F66/><W26/><G26/><T12/><D64/><U15/><E112/><V117/><F99/><W48/><G36/><T14/><REACH who="0" step="1"/><D110/><REACH who="0" ten="222,250,256,262" step="2"/><U80/><E67/><V46/><F109/><W115/><G115/><T105/><D105/><U94/><E70/><V3/><F108/><W54/><G65/><T101/><D101/><U100/><E100/><V122/><F102/><W68/><G68/><T135/><D135/><U63/><E34/><V85/><F122/><W32/><G58/><T39/><D39/><U133/><E133/><V4/><F117/><W59/><G59/><T127/><D127/><U28/><E33/><V114/><F116/><W111/><G111/><T69/><D69/><U23/><E63/><V96/><F114/><W61/><G61/><T120/><D120/><U87/><E50/><AGARI ba="0,1" hai="5,8,12,14,18,21,49,50,51,92,93,97,103,107" machi="50" ten="40,3900,0" yaku="1,1,52,1,53,0" doraHai="16" doraHaiUra="53" who="0" fromWho="1" sc="222,49,250,-39,256,0,262,0" /><INIT seed="8,1,0,4,4,118" ten="271,211,256,262" oya="0" hai0="85,47,60,106,7,36,20,27,1,76,96,32,77" hai1="38,98,89,92,3,80,116,128,78,51,15,74,133" hai2="105,26,135,134,127,107,4,13,111,18,91,113,131" hai3="71,93,108,6,61,56,55,82,59,17,130,102,88"/><T44/><D32/><U10/><E38/><V29/><F111/><W35/><G35/><T21/><D21/><U101/><E133/><N who="2" m="50699" /><F127/><W115/><G115/><T68/><D1/><U40/><E128/><V73/><F73/><W70/><G108/><T90/><D7/><U87/><E116/><V97/><F4/><W94/><G6/><T11/><D11/><U57/><E3/><V37/><F37/><W39/><G39/><T83/><D36/><U0/><E0/><V58/><F58/><W30/><G30/><T65/><D77/><U129/><E129/><V52/><F52/><W121/><G55/><T9/><D9/><U100/><E74/><V14/><F131/><W48/><G48/><T5/><D5/><N who="1" m="3535" /><E57/><V45/><F45/><AGARI ba="1,0" hai="40,45,51,78,80,87,89,92,98,100,101" m="3535" machi="45" ten="30,2000,0" yaku="25,1,8,1" doraHai="118" who="1" fromWho="2" sc="271,0,211,23,256,-23,262,0" /><INIT seed="9,0,0,2,3,27" ten="271,234,233,262" oya="1" hai0="4,0,111,98,77,19,107,135,2,99,10,43,34" hai1="28,81,33,86,62,118,60,106,32,74,11,50,112" hai2="82,39,123,115,128,134,47,63,26,8,35,132,25" hai3="58,24,61,40,69,75,64,14,84,103,15,104,36"/><U126/><E112/><V53/><F123/><W42/><G75/><T30/><D0/><U38/><E38/><V52/><F115/><W18/><G69/><T45/><D111/><U21/><E106/><V76/><F128/><W117/><G104/><T129/><D129/><U5/><E74/><V113/><F113/><W120/><G120/><T78/><D135/><N who="2" m="51754" /><F26/><W89/><G103/><T46/><D46/><U83/><E126/><V41/><F8/><W17/><G36/><T133/><D107/><U125/><E125/><V105/><F63/><W122/><G117/><T88/><D99/><U121/><E118/><V95/><F95/><W92/><G24/><T3/><D3/><U67/><E60/><V94/><F94/><W93/><G93/><T20/><D2/><U110/><E110/><V100/><F100/><W9/><G122/><T80/><D10/><AGARI ba="0,0" hai="9,10,14,15,17,18,40,42,58,61,64,84,89,92" machi="10" ten="30,3900,0" yaku="7,1,9,1,8,1" doraHai="27" who="3" fromWho="0" sc="271,-39,234,0,233,0,262,39" owari="232,-27.0,234,3.0,233,-17.0,301,41.0" /></mjloggm>