<mjloggm ver="2.3"><GO type="169"/><UN n0="%EF%BC%88%E2%89%A7%E2%96%BD%E2%89%A6%EF%BC%89" n1="%E3%82%A2%E3%82%AB%E2%98%86%E3%82%A6%E3%83%BC%E3%83%94%E3%83%B3" n2="%E6%94%AF%E5%80%89%E6%9B%9C%E5%AD%90" n3="%E9%9D%92%E6%9C%A8%E8%8C%82" dan="18,17,16,16" rate="2172,2109,2026,2038" sx="M,M,F,M"/><TAIKYOKU oya="0"/><INIT seed="0,0,0,2,3,104" ten="250,250,250,250" oya="0" hai0="76,110,134,133,3,81,103,1,122,37,68,26,77" hai1="86,84,20,126,59,10,107,109,13,24,67,130,100" hai2="71,106,120,88,105,56,131,93,35,73,15,25,64" hai3="44,112,94,132,135,47,60,128,65,45,19,5,18"/><T54/><D122/><U61/><E109/><V7/><F120/><W33/><G112/><T51/><D37/><U129/><E126/><V23/><F131/><N who="1" m="50185" /><E100/><V21/><F35/><W40/><G128/><T2/><D68/><U62/><E107/><V66/><F71/><W113/><G113/><T124/><D124/><U38/><E62/><V125/><F73/><W14/><G33/><T4/><D110/><U32/><E38/><V80/><F80/><W108/><G108/><T53/><D103/><U117/><E32/><V58/><F105/><W98/><G40/><T30/><D4/><N who="1" m="3271" /><E117/><V79/><F106/><W118/><G118/><T83/><D77/><U31/><AGARI ba="0,0" hai="20,24,31,59,61,67,84,86" m="3271,50185" machi="31" ten="30,1100,0" yaku="19,1" doraHai="104" who="1" fromWho="1" sc="250,-5,250,11,250,-3,250,-3" /><INIT seed="1,0,0,5,0,72" ten="245,261,247,247" oya="1" hai0="91,87,11,105,41,129,95,39,102,13,108,84,52" hai1="101,85,35,131,88,17,103,109,123,125,122,93,21" hai2="34,12,53,33,120,67,70,49,2,16,79,48,111" hai3="37,44,77,59,8,74,28,114,65,55,15,24,117"/><U60/><E35/><V26/><F120/><W22/><G114/><T132/><D132/><U23/><E125/><V38/><F38/><W47/><G117/><T104/><D129/><U116/><E116/><V118/><F2/><W126/><G65/><T63/><D108/><U121/><E131/><V113/><F118/><W110/><G110/><T112/><D112/><U96/><E109/><V68/><F111/><W32/><G37/><T1/><D1/><U31/><E60/><V135/><F113/><W82/><G32/><T92/><D39/><U71/><E71/><V73/><F67/><W42/><G42/><T43/><D104/><U36/><E36/><V5/><F5/><W106/><G106/><T6/><D105/><U9/><E31/><V83/><F135/><W119/><G126/><T66/><D52/><U10/><E23/><V69/><F26/><W100/><G100/><T3/><D3/><U133/><E103/><V99/><F99/><W94/><G94/><T19/><D6/><U51/><E51/><V78/><F49/><W50/><REACH who="3" step="1"/><G119/><REACH who="3" ten="245,261,247,237" step="2"/><T86/><D102/><U80/><REACH who="1" step="1"/><E133/><REACH who="1" ten="245,251,247,237" step="2"/><V128/><F33/><W124/><G124/><T89/><D66/><U29/><E29/><V0/><F34/><W7/><AGARI ba="0,2" hai="7,8,15,22,24,28,44,47,50,55,59,74,77,82" machi="7" ten="20,8000,1" yaku="1,1,0,1,7,1,52,1,53,1" doraHai="72" doraHaiUra="20" who="3" fromWho="3" sc="245,-20,251,-40,247,-20,237,100" /><INIT seed="2,0,0,3,1,90" ten="225,211,227,337" oya="2" hai0="5,78,110,60,132,0,71,96,64,7,59,91,54" hai1="93,123,95,75,88,14,100,16,127,49,122,32,74" hai2="85,129,107,68,112,69,9,106,29,31,70,113,45" hai3="18,35,81,98,37,103,46,117,104,101,41,97,83"/><V30/><F129/><W114/><G117/><T50/><D132/><U125/><E32/><V3/><F45/><W66/><G35/><T52/><D110/><U82/><E49/><V121/><F121/><N who="1" m="46089" /><E100/><V47/><F47/><W17/><G114/><N who="2" m="44137" /><F85/><W63/><G83/><T42/><D42/><U26/><E26/><V72/><F9/><W8/><G81/><T27/><D78/><N who="1" m="44375" /><E75/><V126/><F72/><W44/><G44/><T22/><D54/><U1/><E1/><V80/><F80/><W61/><G8/><T6/><D0/><U118/><E118/><V102/><F3/><W135/><G135/><T21/><REACH who="0" step="1"/><D27/><REACH who="0" ten="215,211,227,337" step="2"/><U119/><E119/><V40/><F40/><W25/><G25/><T99/><D99/><N who="1" m="57767" /><E95/><AGARI ba="0,1" hai="5,6,7,21,22,50,52,59,60,64,71,91,95,96" machi="95" ten="40,5200,0" yaku="1,1,52,1,54,1,53,0" doraHai="90" doraHaiUra="11" who="0" fromWho="1" sc="215,62,211,-52,227,0,337,0" /><INIT seed="3,0,0,2,0,12" ten="277,159,227,337" oya="3" hai0="62,8,47,97,85,73,86,1,5,102,93,63,11" hai1="33,22,76,130,65,82,2,39,34,91,119,48,56" hai2="26,112,127,49,30,103,78,88,87,133,92,95,19" hai3="17,59,125,123,10,46,20,84,31,126,79,55,120"/><W116/><G116/><T67/><D73/><U13/><E39/><V32/><F112/><W101/><G101/><T96/><D47/><U109/><E2/><V99/><F133/><W60/><G31/><T9/><D63/><U98/><E109/><V113/><F113/><W43/><G10/><T107/><D85/><U64/><E130/><V105/><F127/><N who="3" m="48651" /><G84/><T89/><REACH who="0" step="1"/><D97/><REACH who="0" ten="267,159,227,337" step="2"/><U7/><E98/><V50/><F78/><W121/><G79/><T51/><D51/><U27/><E48/><V132/><F132/><W14/><G123/><T75/><D75/><U131/><E76/><V45/><F45/><W117/><G117/><T134/><D134/><U108/><E119/><V106/><F49/><AGARI ba="0,1" hai="14,17,20,43,46,49,55,59,60,120,121" m="48651" machi="49" ten="30,2900,0" yaku="18,1,52,1" doraHai="12" who="3" fromWho="2" sc="267,0,159,0,227,-29,337,39" /><INIT seed="3,1,0,4,0,32" ten="267,159,198,376" oya="3" hai0="71,36,62,91,130,112,117,103,27,96,43,8,101" hai1="76,128,72,15,95,111,24,102,108,100,0,81,58" hai2="40,34,119,55,47,61,4,92,115,31,7,87,73" hai3="110,123,83,131,89,67,51,90,48,29,118,107,17"/><W94/><G118/><T88/><D117/><U124/><E128/><V98/><F119/><W116/><G116/><T13/><D130/><U75/><E15/><V28/><F73/><N who="1" m="28233" /><E24/><V25/><F115/><W6/><G131/><T1/><D1/><U21/><E21/><V41/><F87/><W135/><G107/><T19/><D112/><U22/><E22/><V79/><F79/><W53/><G29/><T11/><D11/><U10/><E58/><N who="2" m="35039" /><F34/><W3/><G123/><T99/><D27/><U52/><E52/><V12/><F25/><W57/><G67/><T54/><D36/><U60/><E60/><V64/><F64/><W78/><G17/><T46/><D43/><N who="2" m="16458" /><F47/><W38/><G38/><T125/><D71/><U39/><E39/><V49/><F49/><W133/><G51/><N who="0" m="29047" /><D62/><U121/><E76/><V30/><F12/><W69/><G69/><T132/><D13/><U14/><E14/><V9/><F9/><W45/><G45/><T66/><D8/><U56/><E10/><V5/><F5/><W122/><G6/><T2/><D66/><U105/><E105/><V50/><F50/><W120/><G3/><T65/><D65/><U63/><E0/><V126/><F7/><W80/><G122/><T74/><D2/><U23/><E121/><V114/><F4/><W20/><G120/><T26/><D26/><U59/><E23/><V86/><F114/><W104/><G20/><T93/><D19/><U33/><E33/><V70/><F70/><W82/><G104/><T134/><D74/><U97/><E63/><V109/><F28/><W77/><G77/><RYUUKYOKU ba="1,0" sc="267,0,159,0,198,0,376,0" /><INIT seed="4,2,0,2,2,11" ten="267,159,198,376" oya="0" hai0="106,9,69,36,99,45,15,102,66,118,85,37,129" hai1="28,50,53,3,52,100,46,103,80,39,35,56,57" hai2="10,14,121,104,30,98,12,93,49,105,7,47,1" hai3="122,86,48,89,24,127,58,107,115,88,43,96,113"/><T94/><D118/><U4/><E80/><V20/><F121/><W90/><G122/><T83/><D129/><U25/><E3/><V60/><F60/><W76/><G127/><T68/><D106/><U120/><E120/><V38/><F38/><W29/><G76/><T13/><D37/><U16/><E4/><V87/><F87/><W77/><G77/><T63/><D69/><U81/><E81/><V64/><F64/><W126/><G126/><T42/><REACH who="0" step="1"/><D9/><REACH who="0" ten="257,159,198,376" step="2"/><U134/><E134/><V6/><F104/><W65/><G107/><T135/><D135/><U108/><E108/><V71/><F105/><W130/><G130/><T123/><D123/><U41/><REACH who="1" step="1"/><E16/><REACH who="1" ten="257,149,198,376" step="2"/><V27/><F6/><W128/><G128/><T84/><D84/><U18/><E18/><V75/><F75/><W111/><G86/><T74/><D74/><U54/><E54/><V117/><F117/><W124/><G111/><T70/><D70/><U55/><E55/><V116/><F71/><W119/><G124/><T5/><D5/><U114/><E114/><V59/><F116/><W19/><G119/><T26/><D26/><U21/><E21/><V17/><F17/><W0/><G115/><T62/><D62/><AGARI ba="2,2" hai="25,28,35,39,41,46,50,52,53,56,57,62,100,103" machi="62" ten="30,7700,0" yaku="1,1,7,1,54,1,53,1" doraHai="11" doraHaiUra="40" who="1" fromWho="0" sc="257,-83,149,103,198,0,376,0" /><INIT seed="5,0,0,5,0,78" ten="174,252,198,376" oya="1" hai0="102,116,125,37,36,107,63,113,87,64,71,89,127" hai1="34,82,77,56,131,120,7,80,70,10,55,91,54" hai2="112,23,76,31,124,135,25,43,48,79,58,9,61" hai3="104,57,68,30,62,20,129,67,59,4,98,103,18"/><U65/><E34/><V66/><F135/><W122/><G129/><T130/><D116/><U134/><E120/><V50/><F124/><N who="0" m="47690" /><D130/><U45/><E131/><V38/><F112/><W3/><G122/><T95/><D113/><U93/><E134/><V90/><F38/><N who="0" m="14954" /><D102/><U60/><E77/><N who="2" m="29771" /><F43/><W106/><G106/><AGARI ba="0,0" hai="63,64,71,87,89,95,106,107" m="14954,47690" machi="106" ten="30,1000,0" yaku="18,1" doraHai="78" who="0" fromWho="3" sc="174,10,252,0,198,0,376,-10" /><INIT seed="6,0,0,4,1,49" ten="184,252,198,366" oya="2" hai0="71,64,98,39,109,134,54,113,115,31,131,23,72" hai1="79,114,133,89,128,122,129,94,119,10,80,102,104" hai2="41,13,50,135,76,36,125,29,12,65,43,68,33" hai3="45,11,121,127,85,106,27,19,24,22,15,120,40"/><V60/><F36/><W2/><G106/><T66/><D109/><U124/><E119/><V126/><F76/><W58/><G127/><N who="2" m="48649" /><F135/><W18/><G2/><T110/><D110/><U77/><E124/><V46/><F41/><W0/><G0/><T67/><D134/><U107/><E133/><V6/><F6/><W35/><G85/><T132/><D132/><U95/><E114/><N who="0" m="43529" /><D131/><N who="1" m="50251" /><E122/><V75/><F75/><W38/><G58/><T99/><D72/><N who="1" m="43047" /><E79/><V70/><F70/><W44/><G44/><T9/><D71/><U96/><E10/><V92/><F92/><W97/><G97/><AGARI ba="0,0" hai="89,94,95,96,97,102,104,107" m="43047,50251" machi="97" ten="30,3900,0" yaku="19,1,34,2" doraHai="49" who="1" fromWho="3" sc="184,0,252,39,198,0,366,-39" /><INIT seed="7,0,0,3,3,112" ten="184,291,198,327" oya="3" hai0="40,30,59,7,9,56,49,107,12,4,100,113,27" hai1="111,98,97,26,92,11,125,17,3,131,35,2,13" hai2="34,132,114,45,119,42,61,121,6,54,116,134,24" hai3="133,63,44,5,84,28,14,29,94,120,85,57,66"/><W76/><G120/><T38/><D113/><U58/><E111/><V32/><F114/><W41/><G133/><N who="2" m="51305" /><F6/><W109/><G109/><T90/><D38/><U127/><E131/><V33/><F121/><W75/><G75/><T67/><D4/><U81/><E81/><V64/><F54/><W74/><G74/><T135/><D135/><U88/><E58/><N who="2" m="36919" /><F24/><W83/><G85/><T78/><D78/><U52/><E97/><V89/><F89/><W65/><G65/><T87/><D100/><U15/><E15/><V10/><F10/><N who="3" m="4431" /><G94/><N who="0" m="54623" /><D107/><U99/><E99/><V36/><AGARI ba="0,0" hai="32,33,34,36,42,45,116,119" m="36919,51305" machi="36" ten="40,5200,0" yaku="20,1,52,2" doraHai="112" who="2" fromWho="2" sc="184,-13,291,-13,198,52,327,-26" owari="171,-33.0,278,8.0,250,-15.0,301,40.0" /></mjloggm>