<mjloggm ver="2.3"><GO type="41"/><UN n0="%E3%81%AE%E3%81%A9%E3%81%A3%E3%81%A1%2E" n1="%E5%87%B8%E3%83%97%E3%83%A9%E3%82%B9%CE%B1" n2="%E3%82%A6%E3%83%AB%E3%83%88%E3%83%A9%E7%AB%8B%E7%9B%B4" n3="%61%6B%69%72%61%32" dan="16,13,15,13" rate="1990,1837,1971,1823" sx="F,M,M,M"/><TAIKYOKU oya="0"/><INIT seed="0,0,0,1,4,19" ten="250,250,250,250" oya="0" hai0="113,120,102,89,57,59,23,119,5,50,73,70,114" hai1="79,10,42,97,16,96,68,52,41,115,38,44,100" hai2="84,26,67,54,21,81,13,93,123,98,29,3,30" hai3="20,56,32,82,94,63,91,95,105,66,72,85,80"/><T134/><D70/><U117/><E68/><V88/><F3/><W75/><G105/><T22/><D119/><U130/><E117/><V83/><F123/><W14/><G32/><T17/><D120/><U48/><E115/><V2/><F2/><W39/><G39/><T46/><D73/><U108/><E130/><V25/><F13/><W36/><G36/><T47/><D134/><U99/><E79/><V62/><F54/><W34/><G34/><T45/><D5/><U71/><E71/><V6/><F6/><W104/><G104/><T51/><D89/><U76/><E76/><V128/><F128/><W61/><G75/><T60/><D17/><U126/><E126/><V86/><F62/><W9/><G72/><T103/><D46/><U28/><E28/><V110/><F67/><W11/><G63/><AGARI ba="0,0" hai="22,23,45,47,50,51,57,59,60,63,102,103,113,114" machi="63" ten="25,9600,0" yaku="22,2,52,2" doraHai="19" who="0" fromWho="3" sc="250,96,250,0,250,0,250,-96" /><INIT seed="0,1,0,5,5,102" ten="346,250,250,154" oya="0" hai0="113,135,76,12,4,123,65,1,88,19,46,125,120" hai1="82,105,61,124,39,75,73,103,35,22,70,21,40" hai2="86,37,94,107,128,8,133,84,53,97,6,104,79" hai3="111,36,106,33,9,20,17,126,45,43,49,109,55"/><T66/><D113/><U7/><E21/><V16/><F37/><W24/><G106/><N who="2" m="40489" /><F53/><W99/><G126/><T0/><D125/><U44/><E22/><V131/><F16/><W93/><G33/><T74/><D4/><U68/><E124/><V129/><F79/><W85/><G85/><T92/><D46/><U38/><E38/><V132/><F8/><W64/><G64/><T108/><D12/><U28/><E82/><V95/><F6/><W72/><G72/><N who="1" m="27722" /><E61/><V71/><F71/><W34/><G34/><T81/><D19/><U91/><E91/><N who="2" m="53607" /><F86/><W41/><G9/><T31/><D31/><U25/><E7/><V11/><F11/><W42/><REACH who="3" step="1"/><G36/><REACH who="3" ten="346,250,250,144" step="2"/><T83/><D65/><U5/><E5/><V13/><F13/><W50/><G50/><T10/><D66/><U122/><E122/><V15/><F15/><W3/><G3/><T62/><D0/><U118/><E70/><V115/><F115/><W27/><G27/><T32/><D10/><U60/><E68/><V134/><F131/><W117/><G117/><T56/><D1/><U127/><E118/><V14/><F14/><W57/><G57/><T59/><D135/><N who="2" m="34562" /><V121/><DORA hai="52" /><F121/><W48/><G48/><T90/><D59/><U54/><E127/><V63/><F63/><W130/><G130/><T112/><D56/><U114/><E114/><V89/><AGARI ba="1,1" hai="89,95,97,128,129" m="34562,53607,40489" machi="89" ten="50,12000,2" yaku="20,1,34,2,52,3" doraHai="102,52" who="2" fromWho="2" sc="346,-61,250,-31,250,133,144,-31" /><INIT seed="1,0,0,1,5,99" ten="285,219,383,113" oya="1" hai0="116,124,71,83,102,110,40,28,48,88,109,121,73" hai1="36,122,19,131,120,52,58,31,135,80,87,119,15" hai2="51,22,38,30,5,41,133,91,23,66,76,13,64" hai3="45,118,1,8,107,59,90,115,16,50,74,117,85"/><U57/><E119/><N who="3" m="45578" /><G107/><T97/><D71/><U37/><E131/><V114/><F38/><W95/><G74/><T112/><D28/><U104/><E135/><V49/><F133/><W94/><G115/><T62/><D62/><U68/><E68/><V125/><F125/><W129/><G129/><T101/><D40/><U82/><E31/><V12/><F41/><W10/><G59/><T93/><D48/><U21/><E104/><V4/><F30/><W2/><G95/><T108/><D116/><U24/><E57/><V103/><F76/><W7/><G1/><T63/><D63/><U25/><E82/><V53/><F91/><W70/><G70/><T34/><D34/><U6/><E37/><V105/><F105/><W111/><G111/><T132/><D132/><U81/><E80/><V33/><F53/><N who="3" m="29903" /><G10/><T126/><D112/><U89/><E36/><V47/><F47/><W65/><G65/><T79/><D121/><U127/><E127/><AGARI ba="0,0" hai="73,79,83,88,93,97,101,102,108,109,110,124,126,127" machi="127" ten="50,16000,3" yaku="14,1,18,1,34,3,52,2,54,1" doraHai="99" who="0" fromWho="1" sc="285,160,219,-160,383,0,113,0" /><INIT seed="2,0,0,0,5,27" ten="445,59,383,113" oya="2" hai0="49,74,117,93,89,82,38,48,7,47,107,50,123" hai1="32,33,57,45,20,34,56,23,25,12,60,22,17" hai2="66,97,101,44,95,14,6,125,77,16,133,129,1" hai3="42,55,37,100,65,88,120,46,26,91,76,41,75"/><V31/><F125/><W96/><G120/><T39/><D107/><U116/><E116/><V109/><F129/><W13/><G65/><T114/><D123/><U99/><E99/><V84/><F133/><W121/><G121/><T104/><D104/><U111/><E111/><V2/><F109/><W0/><G0/><T98/><D114/><U54/><E45/><V11/><F66/><W131/><G131/><T30/><D117/><U78/><E78/><V92/><F44/><W18/><G42/><T81/><D7/><U64/><REACH who="1" step="1"/><E25/><REACH who="1" ten="445,49,383,113" step="2"/><V71/><F71/><W19/><G76/><T40/><D74/><U10/><E10/><V79/><F2/><W130/><G130/><T8/><D8/><U53/><E53/><V15/><F1/><W102/><G55/><T72/><D72/><U86/><E86/><V35/><F35/><W68/><G75/><T105/><D47/><U61/><AGARI ba="0,1" hai="12,17,20,22,23,32,33,34,54,56,57,60,61,64" machi="61" ten="40,2700,0" yaku="1,1,0,1,53,0" doraHai="27" doraHaiUra="80" who="1" fromWho="1" sc="445,-7,49,37,383,-13,113,-7" /><INIT seed="3,0,0,0,3,65" ten="438,86,370,106" oya="3" hai0="9,93,81,107,114,68,135,33,47,82,59,79,85" hai1="67,2,49,128,29,87,77,17,44,58,133,88,42" hai2="119,46,4,124,55,10,41,24,102,27,35,19,13" hai3="117,12,57,22,69,32,108,112,34,45,74,52,91"/><W116/><G74/><T86/><D33/><U37/><E2/><V115/><F115/><W30/><G112/><T130/><D114/><U25/><E133/><V110/><F119/><W28/><G108/><T39/><D135/><U6/><E6/><V60/><F110/><W0/><G45/><T20/><D107/><U36/><E128/><V96/><F124/><W84/><G0/><T118/><D118/><U113/><E113/><V126/><F126/><W48/><G116/><T3/><D20/><U98/><E17/><V21/><F55/><W63/><G117/><T90/><D59/><U15/><E15/><V26/><F60/><W99/><G99/><T73/><D130/><U106/><E77/><V76/><F76/><W83/><G32/><T100/><D100/><U89/><E67/><V14/><F102/><W131/><G131/><T109/><D109/><U38/><E58/><V95/><F95/><W31/><G34/><T70/><D82/><U1/><E1/><V5/><F96/><W56/><G69/><T120/><D85/><U43/><E98/><V61/><F61/><W66/><REACH who="3" step="1"/><G12/><REACH who="3" ten="438,86,370,96" step="2"/><T111/><D111/><U129/><E129/><V54/><F46/><W62/><G62/><T92/><D68/><U123/><E106/><V94/><F41/><W7/><G7/><T80/><D70/><U11/><E43/><V78/><F5/><W71/><G71/><T18/><D3/><U132/><E132/><V50/><F35/><W134/><G134/><T101/><D47/><U75/><E44/><V23/><F13/><W122/><G122/><T51/><D120/><RYUUKYOKU ba="0,1" sc="438,-10,86,-10,370,-10,96,30" hai3="22,28,30,31,48,52,56,57,63,66,83,84,91" /><INIT seed="3,1,1,3,3,122" ten="428,76,360,126" oya="3" hai0="63,118,102,36,45,41,83,26,82,43,51,99,17" hai1="58,90,13,114,46,25,15,111,74,110,70,7,49" hai2="11,88,75,71,91,66,116,101,124,6,135,40,123" hai3="64,60,10,21,8,24,19,119,2,72,57,112,113"/><W115/><G72/><T39/><D118/><U89/><E114/><V35/><F91/><W128/><G119/><T32/><D63/><U79/><E70/><V131/><F88/><N who="1" m="33897" /><E74/><V125/><F11/><W84/><G128/><T80/><D51/><U9/><E79/><V68/><F6/><W109/><G109/><N who="1" m="41482" /><E25/><V48/><F101/><W61/><G2/><T107/><D82/><U38/><E58/><V134/><F75/><W59/><REACH who="3" step="1"/><G84/><REACH who="3" ten="428,76,360,116" step="2"/><T86/><D86/><U127/><E127/><V85/><F85/><W28/><G28/><T65/><D83/><U14/><E38/><V103/><F125/><W18/><G18/><T96/><D80/><U97/><E97/><V5/><F124/><W94/><G94/><T98/><D17/><U52/><AGARI ba="1,2" hai="7,9,13,14,15,46,49,52" m="41482,33897" machi="52" ten="30,12000,2" yaku="14,1,52,3,54,2" doraHai="122" who="1" fromWho="1" sc="428,-31,76,143,360,-31,116,-61" /><INIT seed="4,0,0,0,3,20" ten="397,219,329,55" oya="0" hai0="92,127,98,114,50,18,9,125,13,56,6,121,36" hai1="7,65,60,32,82,28,17,24,33,73,35,115,124" hai2="53,51,83,107,97,10,109,43,44,117,39,119,2" hai3="99,11,57,126,1,58,63,75,112,55,87,4,81"/><T130/><D36/><U79/><E124/><N who="0" m="47689" /><D121/><U108/><E108/><V129/><F109/><W118/><G75/><T26/><D114/><U8/><E115/><V103/><F129/><W113/><G118/><T71/><D71/><U101/><E17/><V70/><F70/><W74/><G74/><T85/><D85/><U12/><REACH who="1" step="1"/><E101/><REACH who="1" ten="397,209,329,55" step="2"/><V116/><F116/><W77/><G126/><T23/><D130/><U64/><E64/><V68/><F117/><W135/><G135/><T15/><D50/><U21/><E21/><V41/><F119/><W42/><G42/><T67/><D67/><U46/><E46/><V122/><F122/><W90/><REACH who="3" step="1"/><G57/><AGARI ba="0,1" hai="7,8,12,24,28,32,33,35,57,60,65,73,79,82" machi="57" ten="30,3900,0" yaku="1,1,7,1,52,1,53,0" doraHai="20" doraHaiUra="88" who="1" fromWho="3" sc="397,0,209,49,329,0,55,-39" /><INIT seed="5,0,0,4,1,118" ten="397,258,329,16" oya="1" hai0="112,84,100,28,130,98,62,35,5,94,44,70,30" hai1="37,22,47,23,99,45,134,27,86,63,131,33,38" hai2="77,117,64,91,82,135,3,79,120,71,78,40,92" hai3="10,106,85,69,121,2,129,31,101,68,88,67,51"/><U109/><E109/><V83/><F64/><W32/><G51/><T72/><D72/><U43/><E131/><V14/><F71/><N who="3" m="27211" /><G67/><T42/><D112/><U0/><E0/><V97/><F14/><W107/><G85/><T16/><D130/><U74/><E74/><V57/><F57/><W132/><G88/><T6/><D62/><U96/><E33/><V66/><F66/><W11/><G11/><T125/><D70/><U110/><E110/><V25/><F25/><N who="3" m="18543" /><G129/><T124/><D84/><U29/><E63/><V111/><F40/><W116/><G116/><T50/><D28/><U41/><E134/><V18/><F18/><W1/><G132/><T65/><D65/><U9/><E9/><V114/><F3/><N who="3" m="1035" /><G10/><T54/><D54/><U95/><E86/><V59/><F59/><W119/><G119/><T105/><D94/><U103/><E96/><V24/><F24/><W15/><G15/><T4/><D16/><U127/><E23/><V56/><F56/><W58/><G58/><T12/><D12/><U123/><E127/><N who="0" m="48713" /><D30/><U49/><E49/><V53/><F53/><W93/><G93/><T76/><D35/><U89/><E89/><V104/><F117/><W21/><G21/><T46/><D76/><U55/><E55/><V39/><F135/><W36/><G101/><T52/><D42/><U87/><E87/><V128/><F128/><W90/><G90/><T26/><D26/><U20/><E22/><V61/><F111/><W80/><G80/><N who="2" m="30761" /><F61/><W133/><G133/><T126/><D126/><U7/><E7/><V34/><F34/><W48/><G36/><RYUUKYOKU ba="0,0" sc="397,15,258,15,329,-15,16,-15" hai0="4,5,6,44,46,50,52,98,100,105" hai1="20,27,29,37,38,41,43,45,47,95,99,103,123" /><INIT seed="5,1,0,5,4,105" ten="412,273,314,1" oya="1" hai0="72,27,60,54,115,15,5,114,56,21,35,59,62" hai1="48,79,98,117,133,66,119,28,129,118,102,97,47" hai2="61,20,93,65,31,19,50,22,81,23,123,26,63" hai3="37,134,0,49,130,24,104,108,38,7,11,1,77"/><U6/><E129/><V80/><F123/><W2/><G130/><T131/><D131/><U43/><E133/><V103/><F23/><W10/><G134/><T101/><D101/><U33/><E66/><V88/><F50/><W135/><G135/><T55/><D35/><U90/><E6/><V120/><F103/><W132/><G132/><T99/><D99/><U113/><E113/><V18/><F120/><W3/><G49/><T13/><D72/><U124/><E124/><V29/><F81/><W34/><G77/><T67/><D67/><U74/><E90/><V68/><F80/><W112/><G112/><N who="0" m="43051" /><D5/><U32/><E98/><V85/><REACH who="2" step="1"/><F63/><REACH who="2" ten="412,273,304,1" step="2"/><W87/><G87/><T12/><D27/><AGARI ba="1,1" hai="18,19,20,22,26,27,29,31,61,65,68,85,88,93" machi="27" ten="30,8000,1" yaku="1,1,2,1,7,1,9,1,54,1,53,0" doraHai="105" doraHaiUra="110" who="2" fromWho="0" sc="412,-83,273,0,304,93,1,0" /><INIT seed="6,0,0,5,3,125" ten="329,273,397,1" oya="2" hai0="54,102,121,45,69,37,58,123,0,85,65,7,112" hai1="87,39,9,128,8,68,80,64,124,113,49,83,26" hai2="81,106,52,98,30,132,46,133,32,34,95,15,24" hai3="33,21,96,74,57,79,90,99,20,3,84,6,105"/><V63/><F106/><W88/><G33/><T27/><D102/><U127/><E39/><V122/><F122/><W89/><G57/><T31/><D85/><U75/><E113/><V12/><F34/><W119/><G6/><T117/><D7/><U11/><E75/><V94/><F81/><N who="3" m="45303" /><G21/><T1/><D1/><U36/><E36/><V56/><F46/><W5/><G5/><T40/><D0/><U71/><E49/><V38/><F38/><W35/><G20/><T120/><D27/><U108/><E108/><V44/><F44/><W118/><G35/><T51/><D31/><U23/><E87/><V131/><F131/><W76/><G3/><T86/><D86/><U129/><E23/><V104/><F104/><W82/><G119/><T116/><D112/><U55/><E55/><V50/><F50/><W135/><G135/><N who="2" m="51785" /><F95/><N who="3" m="56423" /><G118/><T67/><D67/><U126/><E26/><V13/><F13/><W114/><G114/><T59/><D59/><U111/><E111/><V103/><AGARI ba="0,0" hai="12,15,24,30,32,52,56,63,94,98,103" m="51785" machi="103" ten="30,3000,0" yaku="20,1,54,1" doraHai="125" who="2" fromWho="2" sc="329,-10,273,-10,397,30,1,-10" owari="319,12.0,263,-14.0,427,53.0,-9,-51.0" /></mjloggm>