<mjloggm ver="2.3"><GO type="169" lobby="0"/><UN n0="%E2%99%AA%E3%83%A2%E3%83%8E%E3%82%AF%E3%83%AD" n1="%E3%83%AD%E3%83%AA%E3%83%BC%E3%82%BF%E3%81%AA%E7%84%BC%E8%82%89" n2="%EF%BC%88%E2%89%A7%E2%96%BD%E2%89%A6%EF%BC%89" n3="%E3%81%8B%E3%81%92%E3%81%8D%E3%82%85%E3%81%86" dan="18,17,17,16" rate="2250.89,2150.62,2155.19,2090.49" sx="F,M,M,M"/><TAIKYOKU oya="0"/><INIT seed="0,0,0,4,1,4" ten="250,250,250,250" oya="0" hai0="70,85,102,28,31,68,100,32,122,55,130,51,97" hai1="78,75,12,106,25,56,105,33,89,0,134,86,128" hai2="131,98,79,15,118,61,120,115,11,63,123,27,101" hai3="65,67,107,80,22,96,66,76,3,84,124,64,38"/><T111/><D122/><U104/><E134/><V50/><F115/><W93/><G38/><T18/><D130/><U129/><E0/><V26/><F131/><N who="1" m="50249" /><E56/><V119/><F79/><W5/><G124/><T117/><D117/><N who="2" m="44554" /><F50/><W60/><G107/><T87/><D111/><U99/><E12/><V72/><F72/><W71/><G22/><T10/><D68/><U8/><E25/><N who="2" m="9227" /><F123/><W54/><G54/><T2/><D70/><U13/><E33/><V45/><F45/><W81/><G81/><T43/><D2/><U58/><E58/><V14/><F14/><W126/><G126/><T23/><D32/><U73/><E99/><V94/><F120/><W121/><G121/><T112/><D97/><U62/><E78/><V21/><F21/><W37/><G37/><T109/><D23/><U40/><E62/><V82/><F82/><W95/><REACH who="3" step="1"/><G96/><REACH who="3" ten="250,250,250,240" step="2"/><T20/><D20/><U132/><E132/><V113/><F113/><W92/><G92/><T90/><D112/><U77/><E77/><V83/><F83/><W133/><G133/><T35/><D35/><U17/><E40/><V125/><F125/><W7/><G7/><AGARI ba="0,1" hai="7,11,15,61,63,94,98,101" m="9227,44554" machi="7" ten="30,2000,0" yaku="12,1,52,1" doraHai="4" who="2" fromWho="3" sc="250,0,250,0,250,30,240,-20" /><INIT seed="1,0,0,4,2,74" ten="250,250,280,220" oya="1" hai0="125,24,100,15,85,14,3,29,8,91,104,82,77" hai1="101,30,42,110,126,59,60,122,38,26,108,4,93" hai2="123,22,58,71,6,97,78,79,117,62,99,20,118" hai3="27,68,127,89,134,105,114,40,81,135,2,131,49"/><U80/><E122/><V130/><F71/><W5/><G68/><T48/><D125/><U83/><E126/><V66/><F123/><W95/><G105/><T41/><D3/><U90/><E4/><V121/><F121/><W86/><G127/><T132/><D132/><N who="3" m="50729" /><G114/><T0/><D0/><U25/><E101/><V7/><F130/><W120/><G120/><T102/><D104/><U11/><E11/><V51/><F51/><W52/><G40/><T76/><D41/><U109/><E42/><V32/><F32/><W43/><G43/><T55/><D102/><U21/><E38/><V124/><F124/><W35/><G5/><N who="2" m="1545" /><F118/><W69/><G69/><T129/><D100/><U88/><E26/><V67/><F67/><W36/><G2/><T28/><D129/><U45/><E45/><V9/><F9/><W16/><G35/><T61/><D61/><U115/><E115/><V119/><F119/><W103/><G131/><T75/><D75/><U39/><E39/><V37/><F37/><W56/><G103/><T17/><D15/><U33/><E33/><V64/><F64/><W54/><G54/><T13/><D13/><U1/><E1/><V34/><F34/><W23/><G36/><T87/><D87/><N who="1" m="52383" /><E90/><V94/><F117/><W12/><G27/><T98/><D24/><U46/><E46/><V133/><F133/><W111/><G111/><N who="1" m="28418" /><U10/><DORA hai="53" /><E10/><V31/><F22/><W116/><G116/><T106/><D106/><U70/><E70/><V112/><F112/><W57/><G95/><T113/><D113/><U107/><E107/><V44/><F94/><RYUUKYOKU ba="0,0" sc="250,-15,250,15,280,-15,220,15" hai1="21,25,30,59,60,80,83" hai3="12,16,23,49,52,56,57,81,86,89" /><INIT seed="1,1,0,0,3,53" ten="235,265,265,235" oya="1" hai0="92,31,8,116,132,61,126,62,54,27,15,19,107" hai1="122,40,57,50,29,71,49,108,82,37,46,102,21" hai2="74,26,9,121,28,68,84,124,3,25,47,65,43" hai3="56,87,51,130,16,83,135,115,125,34,131,2,119"/><U35/><E35/><N who="2" m="20879" /><F26/><W13/><G2/><T113/><D107/><U104/><E122/><V99/><F84/><W58/><G34/><T10/><D113/><U77/><E71/><V0/><F121/><W39/><G115/><T80/><D116/><U17/><E108/><V14/><F14/><W76/><G39/><T109/><D109/><U111/><E111/><V120/><F124/><W70/><G70/><T112/><D112/><U55/><E29/><V128/><F128/><N who="3" m="49195" /><G119/><T97/><D132/><U127/><E127/><V36/><F9/><N who="3" m="6191" /><G125/><T89/><D126/><U7/><E7/><V23/><F120/><W100/><G135/><T22/><D80/><U52/><E102/><V42/><F23/><W91/><G100/><T38/><D38/><U72/><E104/><V96/><F3/><W64/><G64/><T6/><REACH who="0" step="1"/><D54/><REACH who="0" ten="225,265,265,235" step="2"/><U67/><E67/><V63/><F65/><W1/><G1/><AGARI ba="1,1" hai="1,6,8,10,15,19,22,27,31,61,62,89,92,97" machi="1" ten="30,8000,1" yaku="1,1,2,1,7,1,53,2" doraHai="53" doraHaiUra="5" who="0" fromWho="3" sc="225,93,265,0,265,0,235,-83" /><INIT seed="2,0,0,0,5,54" ten="318,265,265,152" oya="2" hai0="37,6,135,126,41,123,20,88,16,103,86,90,91" hai1="18,68,87,48,118,34,50,115,73,130,51,105,42" hai2="84,26,79,29,52,106,132,99,67,25,62,11,24" hai3="63,55,57,112,27,8,117,45,49,74,93,116,47"/><V32/><F132/><W110/><G74/><T19/><D123/><U7/><E73/><V66/><F66/><N who="3" m="39279" /><G27/><T30/><D126/><U5/><E118/><N who="3" m="45674" /><G93/><T9/><D135/><U14/><E105/><V111/><F11/><W80/><G80/><T65/><D103/><U98/><E34/><V35/><F35/><W23/><G23/><T77/><D65/><U22/><E68/><V104/><F104/><W78/><G78/><T13/><D41/><U64/><E115/><V21/><F32/><W10/><G8/><T101/><D37/><U121/><E121/><V1/><F1/><W81/><G10/><T60/><D60/><U124/><E64/><V28/><F28/><W122/><G81/><N who="0" m="47407" /><D101/><U58/><E42/><V0/><F0/><W39/><G122/><T129/><D129/><U83/><E50/><V120/><F120/><W133/><G133/><T69/><D69/><U128/><E48/><V15/><F106/><W102/><G102/><T82/><D82/><U96/><E51/><V125/><F125/><W31/><G31/><T3/><D3/><U97/><E124/><V89/><F29/><W131/><G112/><T17/><D30/><U85/><E83/><V56/><F79/><W94/><G94/><T38/><D38/><U134/><E134/><V92/><F92/><W36/><G131/><T72/><D72/><U114/><E114/><V12/><F21/><W4/><G4/><N who="1" m="1610" /><E130/><V95/><F84/><N who="1" m="32329" /><E128/><V61/><F95/><W46/><G110/><T107/><D107/><U108/><E108/><V100/><F111/><W127/><G127/><T71/><D71/><RYUUKYOKU ba="0,0" sc="318,10,265,10,265,-30,152,10" hai0="6,9,13,16,17,19,20,88,90,91" hai1="14,18,22,58,96,97,98" hai3="36,39,45,46,47,49,55" /><INIT seed="3,1,0,3,0,25" ten="328,275,235,162" oya="3" hai0="24,118,18,109,79,8,56,17,35,68,116,130,36" hai1="81,29,58,78,64,111,54,76,40,123,52,74,73" hai2="110,89,55,135,32,12,53,11,77,1,27,101,10" hai3="6,93,14,16,134,61,4,33,91,117,132,23,87"/><W50/><G33/><T103/><D68/><U80/><E123/><V70/><F70/><W43/><G117/><T30/><D36/><U83/><E111/><V107/><F110/><W71/><G43/><T51/><D109/><U2/><E2/><V114/><F114/><W104/><G104/><T133/><D130/><U15/><E40/><V60/><F135/><N who="3" m="51755" /><G50/><T124/><D133/><U106/><E106/><V3/><F77/><W37/><G37/><T49/><D124/><U65/><E81/><V13/><F1/><W99/><G87/><T46/><D103/><U120/><E120/><V0/><F0/><W72/><G72/><T45/><D56/><U92/><E29/><V125/><F125/><W21/><G23/><T9/><D79/><U86/><E15/><V20/><F32/><W59/><G71/><T128/><D128/><U57/><E92/><V127/><F127/><W41/><G41/><T129/><D129/><U131/><E86/><V98/><F3/><W115/><G115/><T7/><D35/><U5/><E131/><V88/><F10/><W62/><G62/><T90/><D9/><U34/><E34/><V75/><F75/><W100/><G100/><T126/><D8/><U122/><E122/><V97/><F60/><W19/><G19/><T94/><D126/><U26/><REACH who="1" step="1"/><E26/><REACH who="1" ten="328,265,235,162" step="2"/><V84/><F27/><W121/><G121/><T28/><D24/><U31/><E31/><V48/><F84/><W42/><G42/><T85/><D85/><U113/><E113/><V47/><F107/><W96/><G96/><T39/><D30/><U67/><E67/><AGARI ba="1,1" hai="4,6,14,16,21,59,61,67,91,93,99" m="51755" machi="67" ten="30,5800,0" yaku="6,1,20,1,54,1" doraHai="25" who="3" fromWho="1" sc="328,0,265,-61,235,0,162,71" /><INIT seed="3,2,0,0,1,80" ten="328,204,235,233" oya="3" hai0="39,96,120,135,66,32,34,59,74,33,2,8,75" hai1="131,67,46,16,12,115,0,126,97,83,92,88,111" hai2="5,30,79,98,14,119,84,125,6,123,86,116,122" hai3="45,9,76,93,81,105,99,85,20,95,15,113,61"/><W117/><G117/><N who="2" m="45129" /><F30/><W132/><G113/><T77/><D120/><N who="2" m="46122" /><F125/><W21/><G132/><T10/><D39/><U41/><E0/><V58/><F79/><W109/><G105/><T57/><D135/><U53/><E126/><V103/><F58/><W108/><G61/><T69/><D69/><U19/><E115/><V56/><F56/><W106/><G106/><T4/><D77/><U128/><E111/><N who="3" m="42570" /><G45/><T60/><D96/><U49/><E67/><V63/><F63/><W42/><G42/><T78/><D78/><U24/><E83/><V89/><F89/><N who="3" m="55791" /><G93/><T101/><D57/><N who="1" m="32943" /><E24/><V87/><F14/><W62/><G62/><T23/><D59/><U35/><E12/><V52/><F52/><W124/><G124/><T28/><D60/><U38/><E35/><V44/><F44/><W107/><G107/><AGARI ba="2,0" hai="5,6,84,86,87,98,103,107" m="46122,45129" machi="107" ten="40,8000,1" yaku="13,1,52,3" doraHai="80" who="2" fromWho="3" sc="328,0,204,0,235,86,233,-86" /><INIT seed="4,0,0,2,0,41" ten="328,204,321,147" oya="0" hai0="49,83,8,9,36,135,106,97,11,93,88,50,14" hai1="74,116,111,105,85,130,29,122,113,18,99,0,127" hai2="24,4,118,125,56,6,76,21,112,7,54,34,43" hai3="52,90,71,59,82,70,131,15,87,91,40,79,132"/><T12/><D36/><U129/><RYUUKYOKU type="yao9" ba="0,0" sc="328,0,204,0,321,0,147,0" hai1="0,18,29,74,85,99,105,111,113,116,122,127,129,130" /><INIT seed="4,1,0,2,1,18" ten="328,204,321,147" oya="0" hai0="89,91,61,76,84,73,27,122,55,101,13,17,39" hai1="94,35,22,72,120,85,41,66,64,123,25,112,114" hai2="37,7,74,88,113,54,98,100,103,126,0,47,96" hai3="117,124,104,82,69,106,33,75,30,10,93,21,129"/><T53/><D122/><N who="1" m="46635" /><E72/><V6/><F74/><W125/><G69/><T133/><D39/><U79/><E41/><V52/><F0/><W97/><G10/><T62/><D73/><U116/><E116/><V5/><F126/><N who="3" m="48747" /><G33/><T68/><D133/><U50/><E50/><N who="2" m="28767" /><F113/><N who="1" m="43625" /><E35/><V127/><F37/><W131/><G21/><T8/><D62/><U95/><E79/><V32/><F32/><W80/><G30/><T71/><D76/><U42/><E42/><V81/><F127/><W83/><G75/><T57/><D61/><U107/><E107/><N who="3" m="41002" /><G117/><T16/><D68/><U59/><E85/><N who="2" m="50223" /><F54/><W77/><G77/><T51/><D55/><U23/><E59/><V102/><AGARI ba="1,0" hai="5,6,7,96,98,100,102,103" m="50223,28767" machi="102" ten="30,4000,0" yaku="8,1,54,2" doraHai="18" who="2" fromWho="2" sc="328,-21,204,-11,321,43,147,-11" /><INIT seed="5,0,0,5,0,54" ten="307,193,364,136" oya="1" hai0="26,42,3,6,67,94,34,10,98,91,133,110,56" hai1="15,65,70,8,20,135,66,12,19,128,55,28,95" hai2="123,27,96,108,30,18,73,114,111,63,61,83,81" hai3="100,71,78,134,69,31,0,109,11,47,107,46,52"/><U99/><E135/><V59/><F123/><W76/><G31/><T29/><D110/><U41/><E70/><V1/><F1/><W32/><G32/><T84/><D133/><U129/><E41/><V118/><F118/><W103/><G134/><T132/><D132/><U90/><E28/><V68/><F68/><W5/><G109/><T116/><D116/><U43/><E43/><V22/><F114/><W14/><G0/><T119/><D119/><U127/><E127/><V35/><F63/><W38/><G38/><T117/><D117/><U113/><E113/><V122/><F122/><W7/><G107/><T4/><D42/><U33/><E33/><V17/><F111/><W21/><G21/><T64/><D6/><U88/><E90/><V125/><F125/><W62/><G62/><T77/><D77/><U87/><E99/><V85/><F108/><W101/><G71/><T23/><D98/><U97/><E97/><V80/><F73/><W115/><G69/><T72/><D72/><U51/><E129/><V126/><F126/><W48/><G115/><T40/><D40/><U49/><E49/><V39/><F39/><W124/><G124/><T57/><D34/><U105/><E105/><V104/><F35/><W82/><G5/><T58/><AGARI ba="0,0" hai="3,4,10,23,26,29,56,57,58,64,67,84,91,94" machi="58" ten="30,7900,0" yaku="0,1,52,3" doraHai="54" who="0" fromWho="0" sc="307,79,193,-39,364,-20,136,-20" /><INIT seed="6,0,0,2,1,42" ten="386,154,344,116" oya="2" hai0="67,50,75,73,64,26,37,77,98,34,49,17,58" hai1="128,45,52,16,36,114,87,15,113,82,35,76,102" hai2="44,11,122,39,133,109,107,46,125,106,130,6,89" hai3="33,112,127,126,38,2,83,80,68,116,115,134,29"/><V97/><F122/><W110/><G68/><T101/><D37/><U48/><E35/><V8/><F39/><W104/><G38/><T86/><D75/><U84/><E102/><V93/><F125/><N who="3" m="47627" /><G2/><T62/><D73/><N who="1" m="43279" /><E36/><V135/><F130/><W88/><G29/><T120/><D120/><U95/><E95/><V72/><F72/><W103/><G33/><T70/><D67/><U30/><E30/><V1/><F11/><W121/><G121/><T51/><D70/><U81/><E128/><V117/><F117/><W63/><G116/><T32/><D77/><U129/><E129/><V5/><F5/><W99/><G63/><T91/><D17/><U60/><E60/><V90/><F90/><W71/><G71/><T27/><D32/><U66/><E66/><V131/><F131/><W7/><G7/><T79/><D79/><U124/><E124/><V18/><F18/><W41/><G41/><T28/><D28/><U56/><E56/><V96/><F109/><W14/><G14/><T47/><D34/><U118/><E118/><V85/><F107/><W55/><G55/><N who="0" m="30143" /><D27/><U100/><E100/><N who="2" m="62735" /><F96/><N who="3" m="61543" /><G110/><T12/><D26/><U21/><E81/><N who="3" m="31306" /><G134/><AGARI ba="0,0" hai="1,6,8,44,46,85,89,93,133,134,135" m="62735" machi="134" ten="30,5800,0" yaku="20,1,52,2" doraHai="42" who="2" fromWho="3" sc="386,0,154,0,344,58,116,-58" /><INIT seed="6,1,0,3,0,105" ten="386,154,402,58" oya="2" hai0="36,76,91,61,89,133,28,40,132,55,106,80,127" hai1="24,120,131,41,15,102,108,51,19,10,48,13,27" hai2="98,92,16,0,116,77,130,88,47,123,100,66,42" hai3="2,50,129,12,93,85,119,99,122,18,110,17,8"/><V31/><F123/><W21/><G122/><T67/><D106/><U135/><E120/><V118/><F0/><W82/><G119/><T46/><D127/><U114/><E114/><V52/><F31/><W37/><G37/><T60/><D28/><U81/><E135/><N who="0" m="51785" /><D55/><U23/><E131/><V134/><F134/><W104/><G104/><T32/><D32/><U53/><E108/><V121/><F121/><W59/><G110/><T25/><D25/><U78/><E102/><V109/><F109/><W112/><G129/><T71/><D60/><U14/><E41/><V101/><F130/><W107/><G107/><T35/><D35/><U20/><E10/><V30/><F30/><W3/><G112/><T113/><D113/><U97/><E97/><V1/><F118/><W124/><G124/><T68/><D68/><U26/><E53/><V58/><F66/><W72/><G72/><AGARI ba="1,0" hai="36,40,46,61,67,71,72,76,80,89,91" m="51785" machi="72" ten="30,2000,0" yaku="20,1,52,1" doraHai="105" who="0" fromWho="3" sc="386,23,154,0,402,0,58,-23" /><INIT seed="7,0,0,5,1,23" ten="409,154,402,35" oya="3" hai0="121,38,95,47,125,35,109,134,2,50,14,43,131" hai1="102,105,33,24,119,31,112,41,96,132,80,52,28" hai2="40,74,99,129,34,67,113,93,19,115,68,123,5" hai3="32,135,8,56,126,70,111,118,78,107,9,44,91"/><W133/><G70/><T83/><D2/><U117/><E112/><N who="2" m="43083" /><F129/><W77/><G118/><N who="1" m="45066" /><E52/><V21/><F123/><W36/><G126/><T30/><D109/><U11/><E31/><V37/><F74/><W106/><G111/><T7/><D134/><N who="3" m="51209" /><G32/><T61/><D125/><U65/><E65/><V66/><F34/><W18/><G56/><T20/><D121/><U72/><E11/><N who="3" m="4170" /><G91/><T46/><D35/><U108/><E108/><V120/><F120/><W48/><G36/><T88/><D131/><U89/><E132/><V75/><F68/><W1/><G1/><T4/><D88/><U25/><E41/><V26/><F5/><W54/><G18/><T82/><D7/><U86/><E72/><V90/><F75/><W85/><G85/><T69/><D4/><U60/><E60/><V62/><F62/><W29/><G29/><T10/><D61/><U53/><E28/><V64/><F64/><W81/><G81/><T0/><D0/><U114/><E33/><V39/><F39/><W49/><G48/><T58/><D69/><U57/><E114/><V98/><F98/><W92/><G92/><T104/><D95/><U127/><E127/><V84/><F99/><W59/><G59/><T12/><D58/><U110/><E110/><V6/><F6/><W17/><G17/><T55/><D38/><U124/><E124/><V71/><F71/><W22/><G22/><T45/><D20/><U97/><E97/><V73/><F73/><W100/><G100/><T103/><D103/><U79/><E89/><V76/><F76/><AGARI ba="0,0" hai="44,49,54,76,77,78,106,107" m="4170,51209" machi="76" ten="30,1500,0" yaku="20,1" doraHai="23" who="3" fromWho="2" sc="409,0,154,0,402,-15,35,15" /><INIT seed="7,1,0,0,0,5" ten="409,154,387,50" oya="3" hai0="127,34,74,45,108,38,4,103,82,25,117,62,102" hai1="49,10,18,22,80,72,15,75,12,63,67,51,99" hai2="133,14,69,91,115,86,100,113,8,105,94,35,61" hai3="118,110,92,76,84,85,57,9,55,33,68,119,83"/><W19/><G68/><T78/><D108/><U90/><E75/><V93/><F35/><W20/><G33/><T47/><D117/><U37/><E72/><V60/><F133/><W77/><G110/><T107/><D127/><U134/><E37/><V135/><F105/><W7/><G20/><T128/><D128/><U116/><E134/><V58/><F69/><W24/><G19/><T26/><D107/><U1/><E1/><V41/><F41/><W73/><G24/><T95/><D95/><N who="1" m="56823" /><E80/><N who="2" m="49607" /><F135/><W65/><G65/><T79/><D79/><U59/><E116/><V71/><F71/><W66/><G66/><T111/><D111/><U132/><E132/><V31/><F31/><W32/><G32/><T39/><D62/><N who="2" m="24170" /><F100/><W28/><G28/><T130/><D130/><U121/><E121/><V87/><F58/><W52/><G73/><T122/><D122/><U104/><E104/><V6/><F87/><W126/><G126/><T43/><D34/><U0/><E0/><V44/><F44/><W23/><G23/><T109/><D109/><U114/><E114/><AGARI ba="1,0" hai="6,8,14,93,94,113,114,115" m="24170,49607" machi="114" ten="30,2000,0" yaku="15,1,52,1" doraHai="5" who="2" fromWho="1" sc="409,0,154,-23,387,23,50,0" owari="409,21.0,131,-27.0,410,51.0,50,-45.0" /></mjloggm>