<mjloggm ver="2.3"><GO type="169"/><UN n0="%E3%83%AA%E3%83%95%E3%83%AC%E3%82%AF%E3%83%86%E3%82%A3%E3%82%A2" n1="%EF%BC%BC%28%EF%BC%BE%6F%EF%BC%BE%29%EF%BC%8F%E2%98%85" n2="%EF%BC%8A%E7%B4%85%E7%83%8F%EF%BC%8A" n3="%EF%BC%88%E2%89%A7%E2%96%BD%E2%89%A6%EF%BC%89" dan="16,17,16,17" rate="2140,2133,2100,2152" sx="F,M,F,M"/><TAIKYOKU oya="0"/><INIT seed="0,0,0,0,5,113" ten="250,250,250,250" oya="0" hai0="81,86,120,125,101,16,8,21,25,111,31,80,116" hai1="32,63,93,13,6,69,89,114,53,14,85,79,24" hai2="58,51,108,96,128,19,110,134,129,12,91,48,41" hai3="55,123,117,83,29,126,57,115,11,18,64,104,44"/><T103/><D120/><U38/><E114/><V74/><F74/><W65/><G115/><T61/><D116/><U45/><E6/><V131/><F134/><W72/><G104/><T33/><D125/><U0/><E0/><V40/><F96/><W59/><G123/><T135/><D135/><U112/><E112/><V70/><F70/><W62/><G126/><T60/><D111/><N who="2" m="42538" /><F91/><W95/><G72/><T127/><D127/><U49/><E38/><V7/><F7/><W52/><G83/><T1/><D80/><U75/><E75/><V78/><F78/><W54/><G29/><T121/><D121/><U26/><E79/><V20/><F58/><W47/><G117/><T30/><D30/><U71/><E71/><V105/><F105/><W68/><G95/><T76/><D101/><U22/><E32/><V9/><F9/><W84/><G84/><T99/><D1/><U50/><E69/><V36/><F36/><W107/><G107/><T43/><D8/><U28/><E63/><V122/><F122/><W35/><G35/><T132/><D132/><U88/><E89/><V66/><F66/><W100/><G100/><T27/><REACH who="0" step="1"/><D43/><AGARI ba="0,0" hai="12,19,20,40,41,43,48,51,128,129,131" m="42538" machi="43" ten="40,2600,0" yaku="19,1,14,1" doraHai="113" who="2" fromWho="0" sc="250,-26,250,0,250,26,250,0" /><INIT seed="1,0,0,3,0,131" ten="224,250,276,250" oya="1" hai0="10,62,115,55,8,128,85,90,63,41,75,101,125" hai1="81,50,135,119,118,111,16,1,74,43,11,93,27" hai2="83,102,58,44,69,36,28,96,120,59,52,77,72" hai3="14,134,5,89,76,26,39,112,127,56,29,105,49"/><U17/><E111/><V3/><F120/><W0/><G105/><T71/><D128/><U124/><E124/><V122/><F122/><W108/><G39/><T109/><D75/><U86/><E74/><V6/><F69/><W79/><G0/><T80/><D109/><U54/><E43/><N who="2" m="22631" /><F28/><W113/><G127/><T84/><D115/><U19/><E93/><N who="2" m="58639" /><F52/><N who="3" m="31759" /><G108/><T45/><D55/><U31/><E119/><V114/><F114/><W117/><G117/><T57/><D71/><U30/><E118/><V47/><F47/><W68/><G68/><T65/><D45/><U46/><E31/><V91/><F91/><W22/><G113/><T97/><D90/><U34/><E1/><V107/><F107/><W21/><G112/><T12/><D125/><U33/><E33/><V67/><F67/><W48/><G89/><T106/><D65/><U87/><E87/><V4/><F4/><W116/><G5/><T103/><D84/><U82/><E11/><AGARI ba="0,0" hai="3,6,11,58,59,72,77,83" m="58639,22631" machi="11" ten="30,1000,0" yaku="25,1" doraHai="131" who="2" fromWho="1" sc="224,0,250,-10,276,10,250,0" /><INIT seed="2,0,0,1,1,41" ten="224,240,286,250" oya="2" hai0="51,105,10,48,25,59,53,131,126,70,60,33,93" hai1="61,116,1,69,133,102,43,35,50,22,56,112,76" hai2="82,15,58,87,95,127,104,73,31,16,67,23,81" hai3="64,46,38,99,17,115,108,71,52,62,5,19,98"/><V90/><F104/><W124/><G124/><T85/><D105/><U27/><E112/><V101/><F127/><W66/><G115/><T129/><D126/><U114/><E114/><V134/><F134/><W29/><G108/><T120/><D120/><U2/><E35/><V68/><F68/><W83/><G5/><T11/><D33/><U74/><E69/><V103/><F31/><W30/><G83/><N who="2" m="31753" /><F73/><W63/><G38/><T36/><D25/><U135/><E116/><V4/><F4/><W100/><G100/><T40/><D93/><U97/><E76/><V12/><F12/><W96/><G30/><T34/><D34/><U92/><E74/><V54/><F67/><N who="3" m="25643" /><G29/><T122/><D122/><U24/><E2/><V109/><F109/><W18/><G71/><T44/><D85/><U75/><E1/><V113/><F113/><W77/><G77/><T47/><D70/><U9/><E75/><V110/><F110/><W13/><G13/><T14/><D36/><U89/><E133/><V80/><N who="2" m="31761" /><V84/><DORA hai="125" /><F84/><W57/><G63/><AGARI ba="0,0" hai="15,16,23,54,58,63,87,90,95,101,103" m="31761" machi="63" ten="30,2900,0" yaku="8,1,54,1" doraHai="41,125" who="2" fromWho="3" sc="224,0,240,0,286,29,250,-29" /><INIT seed="2,1,0,1,5,82" ten="224,240,315,221" oya="2" hai0="45,115,76,0,95,56,128,20,114,120,78,103,110" hai1="28,26,11,68,134,109,123,50,4,14,52,31,58" hai2="118,51,132,67,100,133,60,61,18,111,96,13,81" hai3="6,125,97,27,42,105,5,22,89,44,135,108,29"/><V59/><F118/><W37/><G135/><T86/><D0/><U65/><E134/><V9/><F111/><W62/><G108/><T43/><D110/><U85/><E109/><V117/><F117/><W80/><G125/><T63/><D120/><U21/><E123/><V25/><F51/><W79/><G62/><T48/><D128/><U126/><E126/><V17/><F81/><W69/><G69/><T19/><D114/><U23/><E68/><V38/><F38/><W54/><G54/><T47/><D47/><U93/><E65/><V92/><REACH who="2" step="1"/><F60/><REACH who="2" ten="224,240,305,221" step="2"/><W87/><G37/><T75/><D115/><U15/><E50/><V83/><F83/><W30/><G80/><T71/><D63/><U8/><E58/><V130/><F130/><W102/><G79/><T106/><D56/><U40/><E40/><V64/><F64/><W99/><G44/><T16/><D71/><U34/><E52/><V90/><F90/><W112/><G42/><T2/><D43/><U104/><E104/><V53/><F53/><W66/><G89/><T70/><D48/><U57/><E57/><V77/><F77/><W7/><G66/><T74/><D70/><U49/><E49/><V94/><F94/><W98/><G112/><T46/><D106/><U73/><E93/><V24/><F24/><W88/><G105/><T122/><D95/><U41/><E41/><V116/><F116/><W72/><G102/><T119/><D119/><U124/><E124/><V12/><F12/><W121/><G121/><T35/><D122/><U84/><E15/><V39/><F39/><W10/><G27/><RYUUKYOKU ba="1,1" sc="224,-10,240,-10,305,30,221,-10" hai2="9,13,17,18,25,59,61,67,92,96,100,132,133" /><INIT seed="2,2,1,5,4,56" ten="214,230,335,211" oya="2" hai0="122,32,69,50,66,83,95,123,110,108,68,88,64" hai1="106,92,97,19,82,37,93,96,48,28,35,98,2" hai2="99,22,102,11,74,57,53,43,89,59,14,41,132" hai3="18,51,63,10,104,13,65,81,127,109,117,12,128"/><V100/><F74/><W47/><G104/><T16/><D32/><U73/><E37/><V25/><F132/><W84/><G117/><T116/><D83/><U90/><E2/><V27/><F89/><W114/><G114/><T55/><D116/><U134/><E35/><V115/><F115/><W85/><G109/><N who="0" m="42091" /><D68/><U6/><E6/><N who="2" m="3447" /><F59/><N who="3" m="37119" /><G128/><T103/><D103/><N who="2" m="39466" /><F99/><W38/><G38/><T76/><D76/><U1/><E1/><V94/><F94/><W20/><G127/><T129/><D129/><U52/><E134/><V107/><F107/><W101/><G101/><T91/><D91/><U111/><E111/><V21/><F27/><W33/><G33/><T86/><D69/><U23/><E106/><V70/><F70/><W60/><G81/><T31/><D31/><U75/><E28/><N who="2" m="17455" /><F22/><W49/><G84/><T42/><D16/><U105/><E105/><V67/><F67/><N who="0" m="25642" /><D42/><U79/><E75/><V118/><F118/><W78/><G78/><T125/><D125/><U34/><E34/><V126/><F126/><W15/><G85/><T8/><D8/><U124/><E124/><V17/><F17/><N who="3" m="10303" /><G12/><T71/><D71/><U121/><E79/><V36/><F36/><W29/><G29/><T54/><D54/><U62/><E52/><V30/><F30/><W45/><G18/><T39/><D39/><U5/><E19/><V119/><F119/><W44/><G13/><T72/><D72/><U133/><E73/><V130/><F130/><W9/><G9/><T135/><D135/><U46/><E133/><V61/><AGARI ba="2,1" hai="41,43,53,57,61" m="17455,39466,3447" machi="61" ten="30,3000,0" yaku="8,1,52,1" doraHai="56" who="2" fromWho="2" sc="214,-12,230,-12,335,46,211,-12" /><INIT seed="2,3,0,0,4,6" ten="202,218,381,199" oya="2" hai0="94,111,21,54,97,30,102,89,46,15,53,79,105" hai1="60,124,73,50,12,131,34,104,65,4,122,76,93" hai2="16,134,135,67,116,33,126,48,29,91,5,11,27" hai3="120,103,22,78,41,19,61,20,66,14,101,100,117"/><V31/><F67/><W123/><G117/><T23/><D111/><U9/><E104/><V28/><F116/><W98/><G78/><T121/><D121/><U0/><E34/><V83/><F48/><W87/><G87/><T49/><D79/><U71/><E122/><V86/><F126/><W88/><G41/><T107/><D107/><U44/><E124/><V52/><F52/><W74/><G74/><T106/><D106/><U38/><E38/><V127/><F127/><W43/><G43/><T92/><D30/><U80/><E131/><V26/><F33/><W7/><G7/><T64/><D64/><U42/><REACH who="1" step="1"/><E93/><REACH who="1" ten="202,208,381,199" step="2"/><V32/><F32/><W18/><G120/><T36/><D36/><U118/><E118/><V95/><F95/><N who="3" m="56679" /><G123/><T108/><D105/><U113/><E113/><V35/><F35/><W125/><G125/><T85/><D108/><U1/><AGARI ba="3,1" hai="0,1,4,9,12,42,44,50,60,65,71,73,76,80" machi="1" ten="30,4000,0" yaku="1,1,0,1,52,1,53,0" doraHai="6" doraHaiUra="99" who="1" fromWho="1" sc="202,-13,208,59,381,-23,199,-13" /><INIT seed="3,0,0,3,3,37" ten="189,267,358,186" oya="3" hai0="46,36,101,85,9,60,108,132,110,115,23,100,20" hai1="109,32,3,65,43,102,21,71,22,68,42,61,79" hai2="30,91,131,66,52,76,82,128,27,125,114,81,12" hai3="69,39,73,15,93,53,1,13,49,83,72,18,94"/><W35/><G35/><T0/><D60/><U130/><E32/><V45/><F114/><W40/><G1/><T55/><D115/><U58/><E3/><V19/><F66/><W67/><G69/><T8/><D85/><U129/><E102/><N who="0" m="39529" /><D132/><U78/><E58/><V75/><F125/><W92/><G67/><T33/><D33/><U126/><E109/><N who="0" m="42089" /><D36/><U106/><E106/><V97/><F30/><W87/><G72/><T112/><D112/><U124/><E65/><V86/><F97/><W74/><G73/><T26/><D0/><U89/><E89/><V11/><F27/><W24/><G74/><T47/><D55/><U90/><E90/><V16/><F19/><W48/><G39/><T51/><D51/><AGARI ba="0,0" hai="11,12,16,45,51,52,75,76,81,82,86,91,128,131" machi="51" ten="40,8000,1" yaku="25,2,54,2" doraHai="37" who="2" fromWho="0" sc="189,-80,267,0,358,80,186,0" /><INIT seed="4,0,0,3,4,49" ten="109,267,438,186" oya="0" hai0="64,6,29,46,48,55,103,4,65,45,115,10,102" hai1="117,11,3,88,110,129,23,34,109,133,5,111,95" hai2="44,66,131,81,73,28,36,69,124,122,39,15,94" hai3="1,40,99,75,37,91,125,104,79,14,33,24,12"/><T9/><D115/><U43/><E34/><V2/><F2/><W25/><G1/><T101/><D29/><U26/><E117/><V21/><F94/><N who="3" m="56799" /><G104/><T82/><D82/><U89/><E133/><V7/><F81/><W32/><G75/><T63/><D45/><U0/><E129/><V47/><F21/><W22/><G33/><T58/><REACH who="0" step="1"/><D65/><REACH who="0" ten="99,267,438,186" step="2"/><U59/><E111/><V106/><F47/><W83/><G83/><T62/><D62/><U54/><E110/><V50/><F66/><W123/><G123/><T38/><D38/><U114/><E109/><V78/><F28/><W80/><G37/><T77/><D77/><U71/><E114/><V108/><F78/><W96/><G80/><T18/><D18/><U86/><E5/><AGARI ba="0,1" hai="4,5,6,9,10,46,48,55,58,63,64,101,102,103" machi="5" ten="40,12000,1" yaku="1,1,8,1,52,1,53,1" doraHai="49" doraHaiUra="56" who="0" fromWho="1" sc="99,130,267,-120,438,0,186,0" /><INIT seed="4,1,0,2,1,1" ten="229,147,438,186" oya="0" hai0="122,13,119,74,124,69,98,89,118,45,28,47,83" hai1="72,43,50,120,112,129,55,125,80,33,97,86,110" hai2="18,103,109,132,88,42,36,108,84,6,39,85,15" hai3="75,107,82,73,17,37,9,7,133,94,62,0,117"/><T11/><D69/><U81/><E110/><V114/><F103/><W66/><G107/><T31/><D122/><U20/><E120/><V67/><F67/><W57/><G117/><T131/><D74/><U48/><E33/><V64/><F64/><W52/><G133/><T134/><D98/><U23/><E72/><V44/><F132/><W99/><G37/><T21/><D134/><U101/><E112/><V128/><F39/><W130/><G130/><T58/><D58/><U30/><E125/><V22/><F128/><W96/><G82/><T77/><D77/><U79/><E129/><V59/><F114/><W92/><G17/><T56/><D56/><U54/><E43/><V26/><F59/><W34/><G34/><T70/><D70/><U12/><E81/><V4/><F85/><W19/><G66/><T41/><D124/><U3/><E3/><V49/><F36/><W123/><G123/><T93/><D83/><U14/><E50/><V8/><F4/><W102/><G19/><T121/><D121/><U51/><E51/><V27/><F27/><W68/><G68/><T111/><D111/><U95/><E54/><V32/><F32/><W24/><G24/><N who="0" m="16399" /><D131/><U35/><E35/><V116/><F116/><W87/><G87/><N who="0" m="52415" /><D41/><U61/><E61/><V113/><F113/><W127/><G127/><T29/><D119/><U5/><E30/><N who="0" m="11273" /><D118/><U91/><E79/><V65/><F65/><W10/><G10/><T46/><D11/><N who="1" m="4207" /><E14/><AGARI ba="1,0" hai="13,14,45,46,47" m="11273,52415,16399" machi="14" ten="30,1500,0" yaku="8,1" doraHai="1" who="0" fromWho="1" sc="229,18,147,-18,438,0,186,0" /><INIT seed="4,2,0,4,0,13" ten="247,129,438,186" oya="0" hai0="26,108,135,58,37,110,61,76,47,53,112,81,85" hai1="127,73,15,35,69,68,16,86,45,90,124,98,49" hai2="55,39,22,34,122,93,63,12,126,25,5,14,43" hai3="18,44,130,4,65,46,114,102,120,2,60,111,100"/><T134/><D37/><U109/><E73/><V87/><F122/><W17/><G111/><N who="0" m="42539" /><D112/><U54/><E109/><V92/><F34/><W30/><G114/><T32/><D47/><N who="3" m="17961" /><G2/><T77/><D77/><U56/><E35/><V19/><F39/><W7/><G120/><T3/><D3/><U59/><E98/><V115/><F43/><W84/><G30/><AGARI ba="2,0" hai="26,30,32,53,58,61,76,81,85,134,135" m="42539" machi="30" ten="30,1500,0" yaku="10,1" doraHai="13" who="0" fromWho="3" sc="247,21,129,0,438,0,186,-21" /><INIT seed="4,3,0,1,1,20" ten="268,129,438,165" oya="0" hai0="13,100,43,50,69,5,27,135,70,133,47,129,123" hai1="118,41,83,22,115,26,132,14,89,30,130,111,99" hai2="82,33,103,1,44,21,81,37,76,88,114,77,38" hai3="101,96,48,110,3,9,28,15,121,80,91,56,108"/><T109/><D123/><U126/><E111/><V8/><F33/><W122/><G3/><T10/><D109/><U64/><E118/><V17/><F103/><W39/><G39/><T57/><D129/><U73/><E130/><V63/><F114/><W131/><G131/><T107/><D100/><U116/><E116/><V36/><F63/><W112/><G112/><T134/><D107/><U125/><E115/><V65/><F65/><W35/><G35/><T68/><D57/><U119/><E119/><V34/><F34/><W106/><G28/><T71/><N who="0" m="17408" /><DORA hai="24" /><T61/><D61/><U87/><E132/><V97/><F8/><W45/><G56/><T54/><REACH who="0" step="1"/><D27/><REACH who="0" ten="258,129,438,165" step="2"/><U2/><E126/><V79/><F44/><W72/><G110/><T16/><D16/><U60/><E125/><V6/><F17/><W85/><G108/><T4/><D4/><U86/><E60/><V40/><F6/><W105/><G105/><T84/><D84/><U94/><E86/><V53/><F97/><W127/><G127/><T25/><D25/><U19/><E73/><V52/><F36/><W32/><G72/><T102/><D102/><U113/><E113/><V104/><F37/><W11/><G122/><T124/><D124/><U120/><E120/><V0/><F38/><W55/><G121/><T66/><D66/><U75/><E75/><V74/><F74/><W78/><G101/><T7/><D7/><U58/><E64/><V46/><F104/><W42/><G106/><T18/><D18/><U12/><E19/><V67/><F67/><W62/><G85/><T128/><D128/><RYUUKYOKU ba="3,1" sc="258,30,129,-10,438,-10,165,-10" hai0="5,10,13,43,47,50,54,133,134,135" /><INIT seed="4,4,1,0,1,50" ten="288,119,428,155" oya="0" hai0="58,16,35,76,19,103,88,125,51,94,77,62,14" hai1="87,122,70,0,98,116,15,42,85,129,74,89,39" hai2="28,120,72,81,22,17,7,83,18,46,54,29,9" hai3="99,95,130,114,73,131,101,112,104,12,8,44,123"/><T2/><D35/><U36/><E0/><V67/><F120/><W117/><G117/><T10/><D125/><U79/><E116/><V133/><F67/><W75/><G123/><T45/><D103/><U43/><E70/><V61/><F133/><W107/><G44/><T48/><D19/><U27/><E122/><V91/><F72/><N who="3" m="27723" /><G12/><T92/><D92/><U134/><E134/><V128/><F128/><N who="3" m="49195" /><G8/><T84/><D2/><U124/><E129/><V40/><F40/><W26/><G26/><T1/><D1/><U118/><E118/><V69/><F69/><W135/><G135/><T65/><D51/><U78/><E74/><V34/><F34/><W38/><G38/><T132/><D132/><U20/><E36/><V109/><F9/><W127/><G127/><T25/><D25/><U56/><E15/><V31/><F7/><W33/><G33/><T41/><AGARI ba="4,1" hai="10,14,16,41,45,48,58,62,65,76,77,84,88,94" machi="41" ten="20,12000,1" yaku="0,1,7,1,8,1,54,2" doraHai="50" who="0" fromWho="0" sc="288,142,119,-44,428,-44,155,-44" /><INIT seed="4,5,0,3,4,134" ten="430,75,384,111" oya="0" hai0="100,18,21,43,67,110,45,22,132,116,28,117,3" hai1="66,104,44,19,102,105,97,109,30,92,124,29,96" hai2="35,80,5,115,125,0,133,27,7,9,38,127,107" hai3="46,15,85,40,33,114,63,120,71,83,42,130,48"/><T126/><D3/><U65/><E109/><V118/><F38/><W111/><G33/><T131/><D110/><U37/><E19/><V98/><F133/><W49/><G111/><T17/><D132/><U23/><E37/><V129/><F80/><W89/><G130/><T69/><D131/><U101/><E44/><V99/><F129/><W4/><G120/><T36/><D100/><U14/><E14/><V94/><F107/><W51/><G114/><T34/><D28/><U78/><E92/><V90/><F115/><W72/><G72/><T93/><D34/><U50/><E50/><N who="3" m="19562" /><G71/><T70/><D93/><U10/><E10/><V52/><F52/><N who="3" m="29815" /><G63/><T61/><D70/><U31/><E23/><V64/><F64/><W58/><G58/><T123/><D123/><U84/><E66/><V79/><F118/><W75/><G75/><T121/><D121/><U1/><E65/><V24/><F35/><W56/><G56/><T16/><D116/><U39/><E39/><V26/><F7/><W106/><G106/><T112/><D112/><U113/><E113/><V13/><F0/><W47/><G47/><T59/><D69/><U6/><E1/><V76/><REACH who="2" step="1"/><F99/><REACH who="2" ten="430,75,374,111" step="2"/><W103/><G40/><T119/><D119/><U135/><E6/><V88/><F88/><W57/><G42/><T87/><D117/><U86/><E135/><V12/><F12/><W82/><G82/><T95/><D36/><U128/><E128/><V54/><F54/><W55/><G15/><T91/><D43/><U2/><E2/><V32/><F32/><W25/><G4/><T60/><D67/><RYUUKYOKU ba="5,1" sc="430,-10,75,-10,374,30,111,-10" hai2="5,9,13,24,26,27,76,79,90,94,98,125,127" /><INIT seed="5,6,1,2,5,15" ten="420,65,404,101" oya="1" hai0="60,71,37,22,21,96,4,43,18,1,47,132,89" hai1="104,59,58,32,124,86,119,7,46,10,105,82,94" hai2="113,107,51,40,29,127,8,19,97,125,35,38,9" hai3="28,120,79,76,128,62,74,121,123,16,48,63,20"/><U92/><E32/><V34/><F38/><W77/><G74/><T44/><D132/><U11/><E119/><V87/><F8/><W106/><G128/><T83/><D22/><U69/><E69/><V66/><F66/><W122/><G122/><T108/><D108/><U99/><E124/><N who="2" m="47691" /><F29/><W129/><G129/><T102/><D60/><U130/><E130/><V17/><F87/><W31/><G106/><T55/><D71/><U12/><E11/><V23/><F113/><W134/><G134/><T115/><D115/><U70/><E70/><V81/><F81/><W61/><G48/><T33/><D33/><N who="2" m="12298" /><F9/><W90/><G90/><T65/><D89/><U135/><E135/><V26/><F40/><W116/><G116/><T6/><D83/><U41/><E104/><V75/><F51/><W101/><G101/><T64/><D43/><U73/><E105/><V100/><F17/><W112/><G112/><T3/><D37/><U118/><E73/><AGARI ba="6,1" hai="19,23,26,73,75,97,100,107" m="12298,47691" machi="73" ten="30,2000,0" yaku="18,1,52,1" doraHai="15" who="2" fromWho="1" sc="420,0,65,-38,404,48,101,0" /><INIT seed="6,0,0,2,3,50" ten="420,27,452,101" oya="2" hai0="94,16,38,49,29,125,1,83,14,123,96,6,135" hai1="30,78,27,44,53,82,77,35,131,89,71,106,32" hai2="127,10,110,60,4,34,2,84,63,117,72,109,15" hai3="25,54,37,51,11,91,42,102,73,39,43,101,5"/><V104/><F72/><W105/><G73/><T20/><D38/><U62/><E106/><V68/><F117/><W85/><G39/><T12/><D123/><U9/><E131/><V103/><F34/><W64/><G37/><T22/><D135/><U124/><E124/><V79/><F127/><W122/><G122/><T58/><D125/><U31/><E71/><V17/><F103/><N who="3" m="39435" /><G105/><T45/><D58/><U81/><E9/><V7/><F104/><W69/><G69/><T126/><D126/><U70/><E89/><V99/><F99/><W100/><G64/><T92/><D83/><U88/><E70/><V66/><F63/><W24/><G100/><T36/><D36/><U23/><E31/><V67/><F67/><W95/><G11/><N who="0" m="4215" /><D1/><U108/><E108/><N who="2" m="41579" /><F2/><W47/><G5/><T61/><D61/><U116/><E116/><V0/><F0/><W113/><G113/><T65/><D65/><U93/><E35/><V120/><F120/><W98/><G98/><T8/><D96/><N who="1" m="57383" /><E32/><V41/><F41/><AGARI ba="0,0" hai="24,25,41,42,43,47,51,54,85,91,95" m="39435" machi="41" ten="30,2000,0" yaku="8,1,52,1" doraHai="50" who="3" fromWho="2" sc="420,0,27,0,452,-20,101,20" /><INIT seed="7,0,0,5,5,132" ten="420,27,432,121" oya="3" hai0="40,111,5,87,115,33,18,123,85,42,13,100,50" hai1="25,48,80,93,124,133,63,88,129,76,16,92,122" hai2="31,131,21,81,41,125,7,103,35,19,27,37,114" hai3="75,46,96,110,105,101,52,66,60,120,44,10,34"/><W70/><G120/><T15/><D33/><U6/><E122/><V74/><F114/><W112/><G75/><T57/><D123/><U79/><E133/><V12/><F131/><W72/><G72/><T0/><D0/><U99/><E129/><V94/><F125/><W56/><G112/><T4/><D111/><U89/><E124/><V47/><F7/><N who="0" m="2634" /><D115/><U104/><E104/><V98/><F74/><W116/><G10/><N who="0" m="6455" /><D100/><U32/><E6/><V49/><REACH who="2" step="1"/><F81/><REACH who="2" ten="420,27,422,121" step="2"/><W130/><G130/><T43/><D15/><U69/><E80/><V128/><F128/><W39/><G56/><T108/><D108/><U54/><E69/><V28/><F28/><W51/><G96/><T71/><D71/><U64/><E32/><V30/><F30/><W117/><G51/><AGARI ba="0,1" hai="12,19,21,27,31,35,37,41,47,49,51,94,98,103" machi="51" ten="40,1300,0" yaku="1,1,53,0" doraHai="132" doraHaiUra="3" who="2" fromWho="3" sc="420,0,27,0,422,23,121,-13" owari="420,22.0,27,-47.0,445,54.0,108,-29.0" /></mjloggm>