<mjloggm ver="2.3"><GO type="97"/><UN n0="%EF%BC%88%E2%89%A7%E2%96%BD%E2%89%A6%EF%BC%89" n1="%E7%B4%AB%E6%8F%BA" n2="%E7%B5%B6%E5%AF%BE%E4%B8%8D%E5%8F%AF%E4%BE%B5%E9%A0%98%E5%9F%9F" n3="%E7%B7%91%E7%94%BA" dan="15,14,15,14" rate="2000,1883,1988,1961" sx="M,M,M,M"/><TAIKYOKU oya="0"/><INIT seed="0,0,0,1,2,93" ten="250,250,250,250" oya="0" hai0="87,34,55,109,12,73,110,18,105,83,124,79,98" hai1="33,49,20,106,70,84,0,65,89,47,128,116,129" hai2="101,19,104,115,72,24,9,62,88,28,82,26,126" hai3="10,78,6,112,85,14,132,45,102,69,37,114,100"/><T40/><D34/><U68/><E116/><V131/><F115/><W118/><G69/><T75/><D40/><U27/><E33/><V50/><F126/><W17/><G118/><T5/><D5/><U120/><E0/><V127/><F127/><W39/><G132/><T63/><D124/><U71/><E106/><V134/><F62/><W111/><G111/><N who="0" m="42507" /><D55/><U95/><E65/><V122/><F122/><W94/><G39/><T107/><D63/><U38/><E38/><V16/><F50/><W58/><G37/><T13/><D13/><U36/><E36/><V113/><F113/><W59/><G112/><T22/><D107/><U31/><REACH who="1" step="1"/><E120/><REACH who="1" ten="250,240,250,250" step="2"/><V96/><F134/><W30/><G114/><T64/><D64/><U66/><E66/><V108/><F108/><W54/><G30/><T57/><D57/><U32/><E32/><V103/><F104/><W97/><G58/><T76/><D76/><U60/><E60/><V43/><F43/><AGARI ba="0,1" hai="20,27,31,43,47,49,68,70,71,84,89,95,128,129" machi="43" ten="40,1300,0" yaku="1,1,53,0" doraHai="93" doraHaiUra="15" who="1" fromWho="2" sc="250,0,240,23,250,-13,250,0" /><INIT seed="1,0,0,1,2,105" ten="250,263,237,250" oya="1" hai0="10,122,1,62,83,120,40,15,101,74,63,23,28" hai1="35,121,88,52,100,56,127,7,70,123,111,57,119" hai2="22,82,27,68,91,107,48,0,104,114,71,45,116" hai3="16,26,92,85,93,30,96,135,3,32,43,49,4"/><U130/><E119/><V75/><F0/><W34/><G34/><T21/><D101/><U108/><E35/><V47/><F116/><W76/><G135/><T42/><D1/><U131/><E100/><V103/><F114/><W97/><G3/><T29/><D10/><U14/><E7/><V8/><F8/><W2/><G2/><T37/><D37/><U12/><E70/><V126/><F126/><W78/><G4/><T115/><D115/><U58/><E88/><V132/><F47/><W55/><G43/><T113/><D15/><N who="1" m="5675" /><E52/><V80/><F132/><W65/><G65/><T98/><D113/><U54/><E54/><V133/><F133/><W17/><G32/><T6/><D6/><U112/><E112/><V59/><F59/><N who="1" m="15105" /><U106/><DORA hai="19" /><E106/><V36/><F36/><W31/><G76/><T84/><D84/><U81/><E81/><V24/><F45/><N who="3" m="28079" /><G78/><T51/><D83/><U87/><E87/><V38/><F38/><W79/><G85/><T124/><D124/><U50/><E50/><V53/><F48/><W125/><G79/><T72/><D51/><U20/><E20/><V69/><F22/><N who="3" m="15703" /><G125/><T134/><D134/><U73/><E73/><V86/><F71/><W66/><G66/><T109/><D98/><N who="3" m="37993" /><G31/><T13/><D13/><U77/><E77/><N who="2" m="44095" /><F53/><W18/><AGARI ba="0,0" hai="16,17,18,92,93" m="37993,15703,28079" machi="18" ten="30,4000,0" yaku="8,1,52,1,54,1" doraHai="105,19" who="3" fromWho="3" sc="250,-10,263,-20,237,-10,250,40" /><INIT seed="2,0,0,5,4,104" ten="240,243,227,290" oya="2" hai0="95,17,102,131,19,130,96,32,52,71,50,22,123" hai1="64,9,124,125,75,3,88,7,119,69,77,67,43" hai2="72,63,84,27,111,70,114,53,38,68,87,76,40" hai3="0,108,109,35,8,1,127,57,99,83,120,60,33"/><V112/><F72/><W73/><G120/><T113/><D123/><U39/><E119/><V5/><F5/><W31/><G127/><N who="1" m="48714" /><E69/><V101/><F101/><W133/><G133/><T94/><D32/><U46/><E88/><V118/><F118/><W80/><G99/><N who="0" m="59767" /><D71/><U34/><E34/><N who="3" m="12810" /><G31/><T29/><D113/><U122/><E122/><V47/><F70/><W10/><G60/><T49/><D49/><U28/><E28/><V121/><F121/><W103/><G103/><N who="0" m="60831" /><D131/><U62/><E62/><V82/><F111/><N who="3" m="42571" /><G57/><N who="0" m="32919" /><D130/><U74/><E77/><V45/><F68/><W26/><G26/><AGARI ba="0,0" hai="17,19,22,26,29" m="32919,60831,59767" machi="26" ten="30,2000,0" yaku="8,1,54,1" doraHai="104" who="0" fromWho="3" sc="240,20,243,0,227,0,290,-20" /><INIT seed="3,0,0,0,2,1" ten="260,243,227,270" oya="3" hai0="9,112,18,44,124,7,50,77,89,54,45,71,30" hai1="53,72,63,46,25,26,104,126,58,92,40,48,132" hai2="11,90,37,87,34,130,57,73,127,3,125,83,101" hai3="110,115,5,103,56,31,16,116,99,13,75,85,100"/><W135/><G115/><T2/><D112/><U70/><E104/><V65/><F37/><W61/><G75/><T68/><D124/><U134/><E126/><V74/><F34/><W47/><G116/><T102/><D102/><U8/><E72/><V96/><F130/><W27/><G135/><T0/><D0/><U86/><E86/><V43/><F43/><W133/><G133/><N who="1" m="51306" /><E92/><V97/><F125/><W39/><G110/><T33/><D77/><U106/><E106/><V95/><F127/><W21/><G39/><T17/><D44/><U120/><E120/><V14/><F3/><W67/><G99/><T10/><D89/><U51/><E8/><V91/><F74/><W107/><G107/><T76/><D76/><U35/><E35/><V118/><F73/><W42/><G85/><T98/><D98/><U113/><E113/><V88/><F118/><W111/><G111/><T82/><D82/><U55/><E70/><V32/><F32/><W36/><REACH who="3" step="1"/><G5/><REACH who="3" ten="260,243,227,260" step="2"/><T78/><D7/><U41/><E41/><V94/><F101/><W69/><G69/><T62/><D71/><U23/><E23/><AGARI ba="0,1" hai="13,16,21,23,27,31,36,42,47,56,61,67,100,103" machi="23" ten="30,5800,0" yaku="1,1,7,1,54,1,53,0" doraHai="1" doraHaiUra="64" who="3" fromWho="1" sc="260,0,243,-58,227,0,260,68" owari="260,6.0,185,-31.0,227,-17.0,328,42.0" /></mjloggm>