<mjloggm ver="2.3"><GO type="41"/><UN n0="%E3%81%9B%E3%82%93%E3%81%9F%E3%82%93" n1="%E5%B9%B3%E5%92%8C%E3%83%80%E3%83%9E%E3%82%8B%E7%B3%BB%E9%9B%80%E5%A3%AB" n2="%53%69%7A%75%44%6F%75" n3="%E3%82%A6%E3%83%AB%E3%83%88%E3%83%A9%E7%AB%8B%E7%9B%B4" dan="14,15,14,15" rate="1833,1955,1966,1935" sx="F,F,M,M"/><TAIKYOKU oya="0"/><INIT seed="0,0,0,4,1,25" ten="250,250,250,250" oya="0" hai0="40,107,26,74,121,34,118,100,56,37,105,71,67" hai1="102,38,62,65,63,101,125,69,84,117,78,18,70" hai2="85,17,53,88,122,30,134,119,36,90,135,75,129" hai3="11,73,46,120,6,127,49,12,29,113,16,58,126"/><T7/><D118/><U106/><E117/><V114/><F119/><W61/><G73/><T10/><D121/><U51/><E38/><V86/><F122/><W99/><G120/><T54/><D40/><U19/><E106/><V27/><F36/><W110/><G113/><T111/><D37/><U133/><E133/><N who="2" m="50699" /><F75/><W94/><G6/><T60/><D74/><U57/><E125/><V97/><F114/><W59/><G110/><T32/><D111/><U5/><E5/><V128/><F53/><W116/><G116/><T64/><D67/><U41/><E70/><V8/><F8/><W96/><G96/><T79/><D79/><U48/><E69/><V22/><F17/><N who="1" m="6153" /><E62/><V109/><F109/><W42/><G127/><T80/><D80/><N who="1" m="47127" /><E41/><V14/><F14/><W68/><G68/><T21/><D32/><U9/><E9/><V20/><F20/><W91/><G126/><T123/><D34/><U130/><E130/><N who="2" m="50283" /><F97/><W47/><G47/><T72/><D72/><U83/><E83/><V1/><F1/><W45/><G45/><T24/><D123/><U89/><E89/><AGARI ba="0,0" hai="22,27,30,85,86,88,89,90" m="50283,50699" machi="89" ten="30,7700,0" yaku="20,1,19,1,52,1,54,1" doraHai="25" who="2" fromWho="1" sc="250,0,250,-77,250,77,250,0" /><INIT seed="1,0,0,3,5,2" ten="250,173,327,250" oya="1" hai0="84,50,87,94,38,30,107,105,0,90,14,6,49" hai1="111,16,1,100,97,9,59,5,135,10,48,96,39" hai2="74,110,8,40,128,20,104,64,117,12,81,18,67" hai3="60,7,42,32,119,83,53,130,134,54,93,41,113"/><U70/><E39/><V132/><F117/><W26/><G113/><T52/><D38/><U11/><E70/><V78/><F104/><W108/><G32/><T47/><D0/><U27/><E135/><V58/><F110/><W92/><G26/><T82/><D30/><U114/><E114/><V124/><F124/><W19/><G19/><T123/><D123/><U102/><E111/><V127/><F127/><W91/><G108/><T73/><D73/><U69/><E69/><V85/><F132/><W3/><G3/><T17/><D6/><U118/><E118/><V125/><F128/><W95/><G130/><T34/><D34/><U61/><E1/><V89/><F40/><N who="3" m="15467" /><G134/><T68/><D49/><U37/><E37/><V21/><F125/><W80/><G91/><T86/><D84/><U23/><E48/><V77/><F58/><W28/><G28/><T35/><D35/><U24/><E24/><V65/><F74/><W99/><G99/><N who="1" m="37962" /><E5/><V4/><REACH who="2" step="1"/><F21/><REACH who="2" ten="250,173,317,250" step="2"/><W101/><G119/><T121/><D68/><U29/><E29/><V88/><F88/><W57/><G57/><T79/><REACH who="0" step="1"/><D121/><REACH who="0" ten="240,173,317,250" step="2"/><U131/><E131/><V13/><AGARI ba="0,2" hai="4,8,12,13,18,20,64,65,67,77,78,81,85,89" machi="13" ten="30,7900,0" yaku="1,1,0,1,8,1,52,1,53,0" doraHai="2" doraHaiUra="112" who="2" fromWho="2" sc="240,-20,173,-39,317,99,250,-20" /><INIT seed="2,0,0,3,1,70" ten="220,134,416,230" oya="2" hai0="50,124,96,41,17,125,48,39,20,33,72,60,57" hai1="24,75,69,92,119,116,45,0,37,102,77,134,129" hai2="64,54,78,47,18,35,95,133,128,73,32,82,71" hai3="31,130,44,135,40,132,36,127,3,22,87,97,110"/><V120/><F120/><W5/><G5/><T105/><D33/><U4/><E69/><V101/><F133/><N who="3" m="51275" /><G3/><T29/><D29/><U99/><E134/><V86/><F128/><W11/><G11/><T103/><D72/><U91/><E129/><V21/><F64/><W118/><G118/><T16/><D41/><U7/><E7/><V23/><F71/><W88/><G130/><T12/><D17/><U113/><E113/><V108/><F108/><W28/><G110/><T51/><REACH who="0" step="1"/><D39/><REACH who="0" ten="210,134,416,230" step="2"/><U74/><E116/><V112/><F18/><W100/><G127/><T1/><D1/><U27/><E119/><V126/><F73/><W34/><G34/><T123/><D123/><U2/><E75/><V56/><F32/><W62/><G28/><T6/><D6/><U68/><E4/><V104/><F35/><W19/><G31/><T76/><D76/><U93/><E2/><V84/><F78/><W109/><G109/><T90/><D90/><U59/><E0/><V25/><F126/><W52/><G19/><T10/><D10/><U89/><E74/><V66/><F23/><W80/><G22/><T43/><D43/><U49/><E37/><V106/><F21/><W58/><G40/><T63/><D63/><U111/><E77/><V85/><F112/><W15/><G36/><T107/><D107/><U114/><E114/><V98/><F106/><N who="3" m="63759" /><G15/><T14/><D14/><U26/><E111/><V122/><F122/><W115/><G115/><T38/><D38/><U8/><E8/><V13/><F13/><W30/><G30/><T94/><D94/><U42/><E93/><RYUUKYOKU ba="0,1" sc="210,15,134,-15,416,-15,230,15" hai0="12,16,20,48,50,51,57,60,96,103,105,124,125" hai3="44,52,58,62,80,87,88" /><INIT seed="3,1,1,0,3,11" ten="225,119,401,245" oya="3" hai0="3,47,59,118,60,135,65,63,96,35,43,105,82" hai1="119,30,27,32,133,95,79,24,41,58,122,22,123" hai2="29,67,94,4,74,2,0,117,111,10,102,98,53" hai3="6,34,89,33,91,8,1,112,90,126,127,116,108"/><W40/><G116/><T46/><D3/><U18/><E119/><V17/><F117/><W84/><G112/><T56/><D35/><U15/><E133/><V104/><F74/><W16/><G40/><T101/><D118/><U69/><E69/><V62/><F111/><W99/><G99/><T77/><D135/><U61/><E27/><V26/><F17/><W132/><G132/><T14/><D14/><U37/><E79/><V19/><F19/><W28/><G108/><T76/><D46/><U110/><E110/><V25/><F53/><W73/><G73/><T52/><REACH who="0" step="1"/><D82/><REACH who="0" ten="215,119,401,245" step="2"/><U45/><REACH who="1" step="1"/><E95/><REACH who="1" ten="215,109,401,245" step="2"/><V131/><F26/><W20/><G34/><T107/><D107/><U36/><E36/><AGARI ba="1,3" hai="36,43,47,52,56,59,60,63,65,76,77,96,101,105" machi="36" ten="30,7700,0" yaku="1,1,7,1,54,1,53,1" doraHai="11" doraHaiUra="68" who="0" fromWho="1" sc="215,110,109,-80,401,0,245,0" /><INIT seed="4,0,0,0,5,45" ten="325,29,401,245" oya="0" hai0="4,128,133,83,77,120,106,108,109,24,37,117,61" hai1="126,66,114,100,26,35,31,79,93,59,74,125,55" hai2="76,42,135,17,21,28,132,40,119,115,43,90,127" hai3="57,16,71,96,104,8,36,110,92,86,15,67,121"/><T113/><D117/><U88/><E66/><V94/><F119/><W63/><G110/><N who="0" m="42603" /><D120/><U87/><E114/><V12/><F115/><W111/><G111/><T97/><D113/><U20/><E100/><V85/><F127/><N who="1" m="48649" /><E79/><V116/><F116/><W3/><G121/><T32/><D37/><U18/><E74/><V73/><F28/><W69/><G36/><T48/><D128/><U68/><E68/><V49/><F76/><W5/><G104/><T98/><D133/><N who="2" m="51274" /><F73/><W44/><G86/><N who="0" m="48495" /><D106/><U131/><E131/><V46/><AGARI ba="0,0" hai="12,17,21,40,42,43,46,49,85,90,94" m="51274" machi="46" ten="30,2000,0" yaku="20,1,52,1" doraHai="45" who="2" fromWho="2" sc="325,-10,29,-5,401,20,245,-5" /><INIT seed="5,0,0,5,0,27" ten="315,24,421,240" oya="1" hai0="74,35,38,85,29,133,73,79,87,31,131,88,39" hai1="28,22,18,113,118,60,41,64,93,76,17,7,56" hai2="65,128,94,107,43,114,119,23,48,106,45,13,70" hai3="66,102,1,80,89,115,72,117,12,90,16,84,126"/><U53/><E118/><V134/><F119/><W59/><G1/><T103/><D103/><U104/><E104/><V54/><F134/><W99/><G72/><T5/><D5/><U83/><E113/><V37/><F128/><W33/><G33/><T109/><D79/><U50/><E7/><V26/><F114/><W82/><G115/><T63/><D63/><U32/><E32/><V129/><F129/><W75/><G117/><T92/><D35/><U25/><E41/><V108/><F108/><W58/><G126/><T21/><D131/><U77/><E93/><V125/><F13/><W42/><G42/><T96/><D92/><U97/><E97/><V51/><F125/><W121/><G121/><T3/><D96/><U71/><REACH who="1" step="1"/><E76/><REACH who="1" ten="315,14,421,240" step="2"/><V67/><F94/><W2/><G99/><T101/><D109/><U9/><E9/><V40/><F107/><W86/><G102/><T14/><D101/><U111/><E111/><V78/><F43/><W110/><G110/><T98/><D98/><U61/><E61/><V20/><F78/><W11/><G2/><T135/><D3/><U112/><E112/><V6/><F40/><W68/><G11/><T127/><D21/><U46/><E46/><V15/><F6/><W47/><G47/><T130/><D130/><U116/><E116/><V120/><F45/><W122/><G122/><T123/><D123/><U62/><E62/><V91/><F20/><W100/><G100/><T24/><D127/><U34/><E34/><V36/><F23/><W10/><G89/><T44/><D44/><U30/><E30/><V55/><F120/><RYUUKYOKU ba="0,1" sc="315,-10,14,30,421,-10,240,-10" hai1="17,18,22,25,28,50,53,56,60,64,71,77,83" /><INIT seed="5,1,1,4,0,94" ten="305,44,411,230" oya="1" hai0="77,32,48,4,125,11,41,49,52,103,113,85,14" hai1="34,102,64,63,21,110,72,122,17,80,91,9,20" hai2="117,115,38,25,73,0,29,65,7,93,98,100,127" hai3="50,59,133,51,30,83,119,46,131,79,135,35,114"/><U75/><E34/><V43/><F117/><W132/><G30/><T104/><D32/><U81/><E122/><V16/><F73/><W107/><G35/><T23/><D104/><U60/><E110/><V1/><F127/><W42/><G107/><T99/><D125/><U69/><E63/><V2/><F65/><W88/><G119/><T108/><D108/><U40/><E40/><V97/><F115/><W95/><G114/><T70/><D70/><U36/><E36/><V82/><F82/><W8/><G8/><T53/><D23/><U22/><E102/><V109/><F29/><W90/><G131/><T12/><D14/><U26/><E9/><V96/><F7/><W126/><G126/><T31/><D31/><U101/><E101/><V19/><F109/><W44/><G59/><T68/><D68/><U18/><E21/><V54/><F25/><W106/><G106/><T124/><D124/><U3/><E3/><V120/><F120/><W130/><G130/><T89/><D103/><U71/><E71/><V5/><F5/><W129/><G129/><T28/><D28/><U87/><REACH who="1" step="1"/><E81/><REACH who="1" ten="305,34,411,230" step="2"/><V92/><F100/><W58/><G95/><T45/><D113/><U78/><E78/><V62/><F43/><W111/><G111/><T10/><D10/><U123/><E123/><V66/><F38/><W86/><G58/><T33/><D77/><U116/><E116/><V55/><F92/><W67/><G67/><T118/><D33/><U57/><E57/><N who="2" m="37199" /><F93/><W84/><G79/><T56/><D118/><U112/><E112/><V13/><F0/><W37/><G46/><RYUUKYOKU ba="1,2" sc="305,-15,34,15,411,-15,230,15" hai1="17,18,20,22,26,60,64,69,72,75,80,87,91" hai3="37,42,44,50,51,83,84,86,88,90,132,133,135" /><INIT seed="5,2,2,5,5,2" ten="290,49,396,245" oya="1" hai0="98,13,28,4,48,85,79,75,82,57,69,128,63" hai1="15,27,97,34,51,118,21,60,37,72,44,23,135" hai2="45,52,123,94,91,134,77,120,24,35,74,47,114" hai3="110,68,22,64,41,0,104,101,54,90,9,121,124"/><U61/><E72/><V129/><F134/><W39/><G22/><T3/><D128/><U73/><E73/><V130/><F77/><W43/><G90/><T19/><D28/><U71/><E37/><V56/><F74/><W49/><G101/><T14/><D3/><U131/><E34/><V8/><F8/><W12/><G104/><T113/><D113/><U18/><E118/><V87/><F114/><W109/><G0/><T1/><D1/><U80/><E131/><N who="2" m="50187" /><F24/><W38/><G12/><T88/><D98/><U5/><E135/><V65/><F65/><W81/><G81/><T11/><D69/><U33/><E33/><V58/><F56/><N who="3" m="32847" /><G9/><T119/><D48/><U100/><E71/><V106/><F106/><W133/><G133/><T132/><D132/><U96/><E80/><V20/><F20/><W125/><G121/><N who="2" m="46665" /><F35/><W89/><G89/><T70/><D70/><U112/><E112/><V127/><F127/><N who="3" m="48715" /><G38/><T116/><D116/><U107/><E96/><V117/><F117/><W53/><G53/><T83/><D119/><U55/><REACH who="1" step="1"/><E5/><REACH who="1" ten="290,39,396,245" step="2"/><V86/><F86/><W105/><G39/><T126/><D4/><U115/><E115/><V62/><AGARI ba="2,3" hai="45,47,52,58,62,87,91,94" m="46665,50187" machi="62" ten="30,2000,0" yaku="19,1,54,1" doraHai="2" who="2" fromWho="2" sc="290,-7,39,-12,396,56,245,-7" /><INIT seed="6,0,0,3,4,4" ten="283,27,452,238" oya="2" hai0="93,78,36,96,2,33,110,45,83,37,95,102,82" hai1="69,66,134,58,123,28,26,126,60,46,131,50,109" hai2="8,65,125,55,23,91,103,53,100,124,9,57,92" hai3="64,54,113,67,12,16,106,41,13,3,42,127,32"/><V98/><F23/><W108/><G32/><T104/><D33/><U1/><E1/><V39/><F39/><W116/><G3/><T77/><D2/><U80/><E80/><N who="0" m="30761" /><D45/><U121/><E26/><V75/><F75/><W120/><G106/><T70/><D70/><U24/><E28/><V6/><F6/><W114/><G120/><N who="1" m="46154" /><E24/><V94/><F65/><N who="3" m="25163" /><G108/><T99/><D36/><U18/><E18/><V44/><F44/><W132/><G54/><T7/><D37/><U128/><E109/><V51/><F55/><W10/><G116/><T15/><D15/><U130/><E134/><V89/><F100/><W117/><G117/><T59/><D7/><U25/><E25/><V14/><F103/><W71/><G71/><T118/><D110/><U62/><E126/><N who="2" m="48747" /><F14/><W43/><G127/><T49/><D118/><U19/><E19/><V111/><F111/><W17/><G132/><T122/><D122/><U27/><E27/><V5/><F5/><N who="3" m="3151" /><G13/><T30/><D30/><U105/><E105/><V107/><F107/><W76/><G76/><N who="0" m="29291" /><D59/><U29/><E29/><V34/><F34/><W87/><G87/><AGARI ba="0,0" hai="8,9,51,53,57,87,89,91,92,94,98" m="48747" machi="87" ten="30,5800,0" yaku="18,1,52,2" doraHai="4" who="2" fromWho="3" sc="283,0,27,0,452,58,238,-58" /><INIT seed="6,1,0,5,0,20" ten="283,27,510,180" oya="2" hai0="7,52,25,19,104,75,102,35,56,80,26,128,2" hai1="21,11,114,12,65,78,50,9,38,126,125,105,41" hai2="124,71,49,14,83,131,120,1,59,24,27,94,22" hai3="97,15,72,5,45,121,111,13,66,117,133,61,134"/><V28/><F1/><W96/><G72/><T48/><D35/><U37/><E105/><V32/><F71/><W57/><G121/><T54/><D104/><U110/><E110/><V36/><F36/><W42/><G117/><T107/><D107/><U112/><E78/><V4/><F120/><W88/><G111/><T68/><D68/><U46/><E65/><V79/><F131/><W118/><G118/><T87/><D102/><U74/><E74/><V91/><F124/><N who="1" m="47721" /><E21/><V89/><F14/><W31/><G31/><T100/><D100/><U90/><E90/><V77/><F4/><W67/><G67/><T16/><D2/><U108/><E108/><V70/><F70/><W98/><G88/><N who="0" m="51303" /><D75/><U17/><E9/><V85/><F91/><W10/><REACH who="3" step="1"/><G15/><REACH who="3" ten="283,27,510,170" step="2"/><T40/><D128/><U76/><E76/><V53/><F83/><W60/><G60/><N who="0" m="35847" /><D40/><U44/><E37/><AGARI ba="1,1" hai="5,10,13,37,42,45,57,61,66,96,97,98,133,134" machi="37" ten="40,2600,0" yaku="1,1,53,1" doraHai="20" doraHaiUra="58" who="3" fromWho="1" sc="283,0,27,-29,510,0,170,39" owari="283,8.0,-2,-50.0,510,61.0,209,-19.0" /></mjloggm>