<mjloggm ver="2.3"><GO type="41"/><UN n0="%E3%82%A6%E3%83%AB%E3%83%88%E3%83%A9%E7%AB%8B%E7%9B%B4" n1="%E3%81%BF%E3%82%8A%EF%BC%8B" n2="%E3%82%A2%E3%82%B5%E3%82%AE%E3%83%9E%E3%83%80%E3%83%A9" n3="%6D%61%7A%69%74%61%6E%69" dan="15,14,13,13" rate="2020,1880,1845,1865" sx="F,M,M,M"/><TAIKYOKU oya="0"/><INIT seed="0,0,0,0,5,41" ten="250,250,250,250" oya="0" hai0="91,53,71,62,113,114,59,128,60,50,74,21,104" hai1="102,119,52,97,120,129,123,34,35,0,124,43,79" hai2="23,105,6,109,95,63,22,51,82,77,48,87,28" hai3="106,20,85,3,122,5,115,86,76,110,64,67,125"/><T121/><D104/><U70/><E0/><V72/><F109/><W31/><G115/><T42/><D74/><U47/><E70/><V99/><F105/><W101/><G122/><T8/><D121/><U73/><E119/><V116/><F72/><W107/><G110/><T49/><D8/><U61/><E129/><V69/><F6/><W57/><G125/><T38/><D91/><U130/><E130/><V36/><F36/><W111/><G111/><T93/><D93/><U45/><E123/><V16/><F69/><W54/><G107/><T18/><D128/><U9/><E120/><V94/><F63/><W84/><G76/><T66/><D21/><U117/><E117/><V135/><F116/><W29/><G29/><T126/><D18/><U26/><E9/><V14/><F135/><W96/><G3/><T1/><D1/><U100/><E100/><V27/><F94/><W92/><G5/><T56/><D126/><U103/><E103/><AGARI ba="0,0" hai="14,16,22,23,27,28,48,51,77,82,87,95,99,103" machi="103" ten="30,3900,0" yaku="7,1,8,1,54,1" doraHai="41" who="2" fromWho="1" sc="250,0,250,-39,250,39,250,0" /><INIT seed="1,0,0,2,3,118" ten="250,211,289,250" oya="1" hai0="125,82,91,72,132,85,63,15,41,103,73,65,81" hai1="55,60,24,90,30,71,27,29,43,92,77,123,112" hai2="12,102,40,110,44,4,131,28,116,75,37,108,1" hai3="98,70,25,42,54,76,89,8,95,83,80,120,68"/><U109/><E112/><V114/><F116/><W21/><G80/><T11/><D125/><U104/><E104/><V134/><F114/><W48/><G42/><T14/><D132/><U47/><E77/><V117/><F117/><W106/><G106/><T86/><D103/><U119/><E119/><V9/><F134/><W64/><G64/><T56/><D41/><U57/><E71/><V2/><F102/><W22/><G8/><T58/><D58/><U26/><E109/><N who="2" m="42091" /><F75/><W13/><G13/><T135/><D135/><U50/><REACH who="1" step="1"/><E123/><REACH who="1" ten="250,201,289,250" step="2"/><V121/><F121/><W127/><G120/><T53/><D73/><U10/><E10/><V3/><F131/><W23/><G127/><T69/><D72/><U32/><E32/><V67/><F28/><W88/><G70/><T35/><D35/><U7/><E7/><V130/><F130/><W126/><G68/><T33/><D33/><U16/><E16/><V107/><F107/><W18/><G126/><T20/><D11/><U6/><E6/><V87/><F4/><W113/><G113/><T46/><D20/><U0/><E0/><V133/><F133/><W94/><G76/><T34/><D34/><U96/><AGARI ba="0,1" hai="24,26,27,29,30,43,47,50,55,57,60,90,92,96" machi="96" ten="30,6000,0" yaku="1,1,0,1,8,1,53,0" doraHai="118" doraHaiUra="66" who="1" fromWho="1" sc="250,-20,201,70,289,-20,250,-20" /><INIT seed="1,1,0,1,5,0" ten="230,271,269,230" oya="1" hai0="71,98,108,123,78,91,45,5,112,95,119,70,89" hai1="61,125,127,74,32,20,58,62,60,128,56,3,29" hai2="25,43,110,81,115,117,76,10,24,114,90,53,87" hai3="133,14,42,121,19,85,77,54,23,33,13,40,79"/><U66/><E32/><V63/><F117/><W99/><G121/><T130/><D112/><N who="2" m="43050" /><F110/><W49/><G133/><T93/><D119/><U105/><E105/><V12/><F43/><W36/><G33/><T30/><D130/><U31/><E74/><N who="2" m="43159" /><F53/><W34/><G34/><T50/><D108/><U134/><E134/><V101/><F63/><W96/><G36/><T97/><D123/><U67/><E128/><V103/><F25/><W41/><G79/><T28/><D78/><U80/><E3/><V129/><F24/><W65/><G65/><N who="1" m="24586" /><E80/><N who="2" m="49511" /><F129/><W57/><G85/><T84/><D84/><U7/><E7/><AGARI ba="1,0" hai="7,10,12,101,103" m="49511,43159,43050" machi="7" ten="30,2000,0" yaku="11,1,52,1" doraHai="0" who="2" fromWho="1" sc="230,0,271,-23,269,23,230,0" /><INIT seed="2,0,0,3,5,8" ten="230,248,292,230" oya="2" hai0="91,19,11,62,109,67,56,133,7,88,29,31,103" hai1="65,101,46,108,76,64,87,82,1,92,98,48,107" hai2="123,43,125,26,0,20,129,79,95,116,45,42,96" hai3="18,111,30,120,127,14,94,16,50,34,69,5,124"/><V21/><F0/><W12/><G120/><T84/><D133/><U23/><E1/><V72/><F116/><W58/><G69/><T32/><D109/><U55/><E108/><V132/><F123/><W114/><G111/><T117/><D117/><U39/><E39/><V66/><F132/><W60/><G114/><T77/><D77/><U102/><E102/><V61/><F129/><W93/><G5/><T68/><D103/><U51/><E107/><V128/><F125/><N who="3" m="48203" /><G50/><T130/><D130/><U115/><E115/><V28/><F128/><W59/><G34/><T2/><D32/><U36/><E36/><V6/><F6/><W106/><G30/><T9/><D68/><U75/><E75/><V112/><F112/><W37/><G37/><T49/><D49/><U78/><E78/><V135/><F135/><W89/><G106/><T33/><D33/><U71/><E71/><V22/><F79/><W134/><G134/><T80/><REACH who="0" step="1"/><D91/><REACH who="0" ten="220,248,292,230" step="2"/><U90/><E76/><V118/><F118/><W40/><G89/><T54/><D54/><U122/><E122/><V81/><F43/><W24/><G40/><T4/><D4/><U17/><REACH who="1" step="1"/><E51/><REACH who="1" ten="220,238,292,230" step="2"/><V10/><F72/><W74/><G74/><T85/><D85/><U53/><E53/><V3/><F42/><W131/><G131/><T57/><D57/><N who="3" m="21513" /><G60/><T83/><D83/><U86/><E86/><V105/><F81/><W44/><G44/><T104/><D104/><U110/><E110/><V121/><F45/><W41/><G41/><T38/><D38/><U13/><AGARI ba="0,2" hai="13,17,23,46,48,55,64,65,82,87,90,92,98,101" machi="13" ten="20,8000,1" yaku="1,1,0,1,7,1,8,1,52,1,53,0" doraHai="8" doraHaiUra="119" who="1" fromWho="1" sc="220,-20,238,100,292,-40,230,-20" /><INIT seed="3,0,0,2,0,135" ten="200,338,252,210" oya="3" hai0="88,100,113,20,94,122,6,115,126,24,81,120,125" hai1="118,19,21,3,57,10,110,65,16,60,117,18,37" hai2="49,129,105,22,27,127,75,112,123,28,32,55,58" hai3="90,114,50,70,42,56,7,64,35,80,124,52,134"/><W87/><G114/><N who="0" m="43531" /><D6/><N who="1" m="1375" /><E37/><V40/><F105/><W133/><G35/><T59/><D59/><U26/><E110/><V128/><F112/><W85/><G7/><T12/><D100/><U39/><E39/><V99/><F75/><W17/><G42/><T53/><D81/><U116/><AGARI ba="0,0" hai="16,18,19,21,26,57,60,65,116,117,118" m="1375" machi="116" ten="30,2000,0" yaku="12,1,54,1" doraHai="135" who="1" fromWho="1" sc="200,-5,338,20,252,-5,210,-10" /><INIT seed="4,0,0,4,1,74" ten="195,358,247,200" oya="0" hai0="32,129,44,95,1,125,45,81,9,124,64,134,14" hai1="19,106,3,47,101,28,66,131,42,104,108,56,51" hai2="37,110,7,103,12,120,121,34,111,21,39,60,8" hai3="115,20,0,30,52,96,48,59,33,98,85,31,94"/><T93/><D1/><U17/><E3/><N who="2" m="127" /><F39/><W50/><G0/><T100/><D32/><U53/><E131/><V88/><F37/><W130/><G130/><T105/><D129/><U43/><E108/><N who="2" m="41515" /><F60/><W84/><G115/><T54/><D134/><U29/><E106/><V107/><F88/><N who="3" m="55367" /><G33/><T73/><D64/><U2/><E2/><V4/><F103/><W69/><G69/><T89/><D105/><U5/><E5/><V128/><F107/><W109/><G109/><T67/><D67/><U40/><E101/><V78/><F128/><W87/><G98/><T11/><D100/><U83/><E104/><V68/><F78/><W126/><G126/><T41/><D89/><U117/><E83/><V13/><F68/><W123/><G123/><N who="2" m="47177" /><F34/><W70/><G70/><T82/><D73/><U25/><E56/><V118/><F118/><W58/><G20/><T57/><D124/><U23/><E66/><V135/><F135/><W119/><G119/><T91/><D125/><U6/><E117/><V99/><F99/><W132/><G132/><T102/><D102/><U22/><E6/><V35/><F35/><W122/><G122/><T65/><D65/><U15/><AGARI ba="0,0" hai="15,17,19,22,23,25,28,29,40,42,43,47,51,53" machi="15" ten="30,2000,0" yaku="0,1,8,1" doraHai="74" who="1" fromWho="1" sc="195,-10,358,20,247,-5,200,-5" /><INIT seed="5,0,0,4,4,62" ten="185,378,242,195" oya="1" hai0="58,127,131,3,80,18,123,85,48,67,126,75,22" hai1="130,100,129,90,82,73,102,122,119,32,96,97,14" hai2="47,5,0,66,81,37,128,111,116,8,21,99,17" hai3="108,38,51,103,74,50,7,46,40,132,44,36,31"/><U59/><E32/><V133/><F111/><W93/><G132/><T2/><D75/><U1/><E1/><N who="0" m="9" /><D131/><N who="1" m="50187" /><E122/><V84/><F116/><W34/><G108/><T91/><D123/><U68/><E68/><V83/><F133/><W28/><G74/><T30/><D30/><U26/><E119/><V134/><F128/><W109/><G109/><T78/><D78/><U120/><E120/><V113/><F134/><W87/><G7/><T19/><D48/><U65/><E26/><V86/><F113/><W56/><G56/><T112/><D112/><U117/><E117/><V95/><F47/><W41/><G31/><T72/><D72/><U29/><E29/><V45/><F37/><W55/><G55/><T101/><D101/><N who="1" m="39019" /><E14/><V124/><F45/><W11/><G11/><T23/><D23/><U25/><E25/><V49/><F124/><N who="0" m="47658" /><D22/><U135/><E135/><V94/><F0/><W4/><G4/><T43/><D43/><U92/><E73/><V52/><F5/><W61/><G61/><AGARI ba="0,0" hai="18,19,58,61,67,80,85,91" m="47658,9" machi="61" ten="30,2000,0" yaku="18,1,52,1" doraHai="62" who="0" fromWho="3" sc="185,20,378,0,242,0,195,-20" /><INIT seed="6,0,0,2,4,68" ten="205,378,242,175" oya="2" hai0="1,73,37,55,99,18,36,34,87,40,134,82,26" hai1="77,79,85,119,4,127,69,108,105,103,126,122,132" hai2="128,50,104,58,29,27,91,13,46,54,15,24,123" hai3="110,63,76,116,83,32,135,96,47,49,35,10,45"/><V52/><F104/><W28/><G110/><T61/><D73/><U88/><E4/><V20/><F128/><W106/><G116/><T129/><D1/><U17/><E17/><V133/><F123/><W14/><G135/><T67/><D129/><U65/><E65/><V2/><F2/><W118/><G118/><T9/><D134/><U7/><E7/><V80/><F133/><W131/><G131/><T111/><D111/><U31/><E31/><V3/><F3/><W95/><G106/><T101/><D55/><U53/><E53/><V84/><REACH who="2" step="1"/><F27/><REACH who="2" ten="205,378,232,175" step="2"/><W60/><G35/><T72/><D34/><U33/><E33/><V16/><F16/><W0/><G32/><T70/><D26/><U25/><E25/><V121/><F121/><W125/><G0/><T8/><D18/><U81/><E132/><V74/><F74/><W56/><G28/><T11/><D72/><U90/><E122/><V114/><F114/><W38/><G125/><T23/><D23/><U19/><E19/><V42/><F42/><W89/><G38/><T22/><D22/><U117/><E108/><V64/><F64/><W5/><G56/><T21/><D21/><U94/><E69/><V107/><F107/><W97/><G45/><T86/><D40/><U66/><E66/><V124/><F124/><N who="1" m="47657" /><E119/><V130/><F130/><W41/><REACH who="3" step="1"/><G96/><REACH who="3" ten="205,378,232,165" step="2"/><T39/><D39/><U100/><E117/><V112/><F112/><W43/><G43/><T75/><D37/><U102/><E105/><V71/><F71/><W78/><G78/><N who="0" m="44383" /><D36/><U59/><E59/><V92/><F92/><W51/><G51/><AGARI ba="0,2" hai="13,15,20,24,29,46,50,51,52,54,58,80,84,91" machi="51" ten="30,12000,1" yaku="1,1,6,1,7,1,8,1,54,1,53,0" doraHai="68" doraHaiUra="113" who="2" fromWho="3" sc="205,0,378,0,232,140,165,-120" /><INIT seed="6,1,0,2,0,108" ten="205,378,372,45" oya="2" hai0="95,130,43,17,105,0,135,104,38,65,11,85,48" hai1="132,123,98,87,124,106,30,78,12,28,81,113,2" hai2="73,69,127,103,23,50,6,26,51,59,46,33,39" hai3="125,111,16,120,71,8,88,36,118,75,94,126,44"/><V80/><F69/><W57/><G120/><T42/><D130/><U31/><E2/><V61/><F33/><W99/><G118/><T25/><D135/><U22/><E132/><V102/><F127/><W83/><G71/><T3/><D65/><U7/><E124/><V101/><F73/><W1/><G111/><T37/><D85/><U62/><E62/><V100/><F6/><W92/><G92/><T29/><D95/><U77/><E77/><V19/><F39/><W9/><G57/><T4/><D48/><U117/><E117/><V72/><N who="2" m="26112" /><DORA hai="112" /><V41/><F80/><W55/><G55/><T45/><D17/><U68/><E106/><V67/><F72/><W14/><G75/><T93/><D93/><U54/><E98/><V74/><F74/><W119/><G119/><T63/><D63/><U64/><E64/><V5/><F51/><W89/><G83/><T20/><D3/><U56/><E68/><V34/><F5/><W79/><G79/><T84/><D84/><U97/><E97/><V70/><F34/><W76/><G76/><T116/><D116/><U134/><E134/><V21/><F70/><W13/><G1/><T66/><D66/><U122/><E122/><V60/><F60/><W107/><G107/><T109/><D109/><U133/><E133/><V10/><REACH who="2" step="1"/><F23/><REACH who="2" ten="205,378,362,45" step="2"/><W91/><G125/><T53/><D20/><U110/><E123/><V82/><F82/><W86/><G126/><T129/><D38/><U47/><E110/><V18/><F18/><W96/><G36/><T128/><D37/><U24/><E7/><V114/><F114/><RYUUKYOKU ba="1,1" sc="205,-10,378,-10,362,30,45,-10" hai2="10,19,21,26,41,46,50,59,61,67" /><INIT seed="6,2,1,4,3,19" ten="195,368,392,35" oya="2" hai0="71,124,24,120,80,16,20,11,39,31,132,126,115" hai1="106,78,108,46,53,67,111,70,92,37,109,50,1" hai2="18,38,90,134,114,68,97,8,128,15,73,5,84" hai3="95,77,65,27,4,44,57,112,52,28,30,118,100"/><V103/><F68/><W130/><G118/><T105/><D105/><U66/><E106/><V133/><F73/><W83/><G130/><T36/><D71/><U32/><E32/><V89/><F128/><W61/><G28/><T22/><D120/><U107/><E107/><V94/><F114/><W87/><G112/><T129/><D115/><U42/><E1/><V10/><F38/><W74/><G74/><T35/><D129/><U54/><E92/><V25/><F25/><W121/><G121/><T60/><D60/><N who="1" m="40263" /><E78/><V88/><REACH who="2" step="1"/><F84/><REACH who="2" ten="195,368,382,35" step="2"/><W51/><G4/><T7/><D39/><U62/><E37/><V72/><F72/><W41/><G100/><T55/><D36/><U75/><E75/><V91/><N who="2" m="23040" /><DORA hai="40" /><V102/><F102/><W49/><G95/><T56/><D24/><U82/><E82/><V43/><F43/><W123/><G123/><T34/><D80/><U110/><E110/><V9/><F9/><W131/><G131/><T122/><D11/><U117/><E117/><V58/><F58/><AGARI ba="2,2" hai="42,46,50,53,54,58,62,67,108,109,111" m="40263" machi="58" ten="30,3900,0" yaku="34,2,52,1" doraHai="19,40" who="1" fromWho="2" sc="195,0,368,65,382,-45,35,0" /><INIT seed="7,0,0,3,5,95" ten="195,433,337,35" oya="3" hai0="36,0,134,7,110,81,65,98,42,113,87,104,25" hai1="40,29,6,82,119,132,66,51,38,47,62,75,49" hai2="59,5,17,39,107,44,60,20,71,15,13,27,22" hai3="126,57,122,63,116,131,18,4,3,32,64,108,26"/><W118/><G122/><T34/><D110/><U58/><E119/><V127/><F71/><W79/><G108/><T74/><D134/><U19/><E132/><V41/><F107/><W55/><G126/><T24/><D24/><U101/><E101/><V10/><F127/><W103/><G131/><T111/><D111/><U52/><E29/><V8/><F27/><W97/><G79/><T28/><D87/><U115/><E115/><V88/><F88/><W135/><G135/><T46/><D113/><U53/><E6/><V123/><F123/><W128/><G128/><T92/><D92/><U90/><E19/><V99/><F99/><W76/><G76/><T31/><D31/><U56/><E90/><V11/><F11/><W89/><G89/><T117/><D117/><U129/><E82/><V121/><F121/><W61/><G3/><T102/><D65/><AGARI ba="0,0" hai="5,8,10,13,15,17,20,22,39,41,44,59,60,65" machi="65" ten="30,1000,0" yaku="7,1" doraHai="95" who="2" fromWho="0" sc="195,-10,433,0,337,10,35,0" owari="185,-21.0,433,52.0,347,15.0,35,-46.0" /></mjloggm>