<mjloggm ver="2.3"><GO type="41"/><UN n0="%E3%81%BE%E3%82%8A%E3%82%82%E3%83%BC" n1="%E3%82%B7%E3%83%AD%E3%83%83%E3%82%B3%E2%99%AA" n2="%E3%82%A6%E3%83%AB%E3%83%88%E3%83%A9%E7%AB%8B%E7%9B%B4" n3="%62%6F%6B%6B%6F%6F" dan="15,14,15,14" rate="1891,1963,1997,2075" sx="M,M,M,M"/><TAIKYOKU oya="0"/><INIT seed="0,0,0,3,5,50" ten="250,250,250,250" oya="0" hai0="72,130,87,57,38,120,13,127,40,22,52,6,19" hai1="95,133,71,34,27,101,60,75,51,66,46,123,132" hai2="32,15,68,42,111,21,28,126,102,106,103,118,89" hai3="108,116,104,69,90,92,25,124,97,112,121,37,93"/><T67/><D72/><U14/><E75/><V84/><F68/><W9/><G37/><T81/><D120/><U10/><E123/><V88/><F106/><W94/><G69/><T70/><D130/><U131/><E131/><V63/><F32/><W122/><G116/><T80/><D127/><U16/><E34/><V56/><F126/><W1/><G124/><T20/><D67/><U18/><E27/><V53/><F118/><W82/><G112/><T45/><D70/><U117/><E117/><V48/><F111/><W11/><G108/><T100/><D100/><N who="2" m="38442" /><F84/><W23/><G104/><T44/><D44/><U91/><E101/><V41/><F48/><W35/><G35/><T86/><D86/><U128/><E128/><V83/><F83/><W39/><G82/><T62/><D6/><U61/><E61/><V98/><F15/><W4/><G39/><T31/><REACH who="0" step="1"/><D87/><REACH who="0" ten="240,250,250,250" step="2"/><U135/><E91/><N who="2" m="34891" /><F98/><W64/><G122/><T17/><D17/><N who="1" m="8407" /><E95/><V54/><F42/><AGARI ba="0,1" hai="16,18,42,46,51,60,66,71,132,133,135" m="8407" machi="42" ten="30,2000,0" yaku="20,1,54,1" doraHai="50" who="1" fromWho="2" sc="240,0,250,30,250,-20,250,0" /><INIT seed="1,0,0,2,1,110" ten="240,280,230,250" oya="1" hai0="69,115,20,67,130,112,122,50,104,118,4,42,102" hai1="125,128,80,15,48,116,100,45,54,60,17,121,117" hai2="81,97,36,91,35,1,8,114,64,127,41,3,93" hai3="92,40,46,79,33,106,5,58,18,29,16,53,126"/><U74/><E121/><V90/><F35/><W105/><G126/><T87/><D118/><U19/><E125/><V30/><F30/><W98/><G79/><T111/><D111/><U65/><E100/><V56/><F127/><W11/><G105/><T134/><D122/><U13/><E128/><V62/><F41/><W123/><G106/><T55/><D130/><U57/><E74/><V107/><F36/><W12/><G123/><T43/><D134/><U99/><E99/><V44/><F107/><W131/><G131/><T84/><D4/><U14/><REACH who="1" step="1"/><E80/><REACH who="1" ten="240,270,230,250" step="2"/><V86/><F81/><W75/><G75/><T21/><D102/><U59/><E59/><V47/><F97/><W71/><G71/><T39/><D69/><U135/><E135/><V72/><F72/><W108/><G108/><T51/><D104/><U78/><E78/><V83/><F83/><W9/><G92/><T34/><D39/><U94/><E94/><V32/><F93/><W88/><G98/><T7/><D84/><U120/><E120/><V85/><F56/><W6/><G58/><T63/><D87/><U26/><E26/><V23/><F86/><W66/><G88/><T2/><D67/><U28/><E28/><V113/><F85/><W22/><G66/><T82/><D82/><U24/><E24/><V76/><F64/><W0/><G29/><T37/><D37/><U132/><E132/><V133/><F133/><W96/><G96/><T68/><D68/><U77/><E77/><V124/><F76/><W101/><G101/><T73/><D73/><U31/><E31/><V61/><F124/><RYUUKYOKU ba="0,1" sc="240,-10,270,30,230,-10,250,-10" hai1="13,14,15,17,19,45,48,54,57,60,65,116,117" /><INIT seed="1,1,1,5,1,96" ten="230,300,220,240" oya="1" hai0="39,51,41,8,123,6,63,53,31,4,10,100,81" hai1="89,49,72,58,113,57,107,84,134,110,101,34,90" hai2="114,29,121,25,104,28,19,132,74,115,80,85,94" hai3="22,60,5,82,127,61,119,33,95,78,47,32,103"/><U20/><E34/><V42/><F104/><W125/><G5/><T75/><D123/><U70/><E70/><V27/><F121/><W117/><G47/><T131/><D131/><U48/><E72/><V120/><F120/><W135/><G22/><T59/><D31/><N who="2" m="11850" /><F74/><N who="3" m="43351" /><G61/><T54/><D75/><U79/><E113/><N who="2" m="43019" /><F94/><W55/><G55/><T106/><D81/><U17/><E107/><V56/><F42/><W13/><G60/><T43/><D39/><U128/><E128/><V40/><F132/><W76/><G135/><T109/><D109/><U98/><E134/><V45/><F56/><N who="1" m="21609" /><E79/><N who="2" m="46239" /><F19/><W129/><G76/><T124/><D43/><U64/><E64/><V93/><F93/><W91/><G103/><T99/><D41/><U126/><E126/><N who="3" m="48138" /><G129/><T130/><D124/><U50/><E110/><V65/><F65/><W36/><G36/><AGARI ba="1,1" hai="25,27,36,40,45" m="46239,43019,11850" machi="36" ten="30,1000,0" yaku="11,1" doraHai="96" who="2" fromWho="3" sc="230,0,300,0,220,23,240,-13" /><INIT seed="2,0,0,4,2,60" ten="230,300,243,227" oya="2" hai0="51,94,21,95,65,103,27,35,12,75,85,42,104" hai1="6,49,34,107,61,70,87,55,76,1,74,10,40" hai2="81,66,24,4,133,41,16,13,116,125,30,123,82" hai3="132,130,59,57,112,108,84,110,63,122,121,8,79"/><V126/><F123/><N who="3" m="47115" /><G84/><T114/><D114/><U56/><E107/><V20/><F116/><W111/><G79/><T32/><D75/><U62/><E34/><V69/><F41/><W128/><G8/><T11/><D104/><U105/><E105/><V44/><F44/><W119/><G119/><T97/><D42/><U58/><E74/><V101/><F101/><W89/><G89/><T7/><D51/><U86/><E40/><V14/><F82/><W50/><G112/><T134/><D134/><U25/><E70/><V0/><F81/><W2/><G2/><T52/><D52/><U135/><E135/><V78/><F133/><W38/><G38/><T5/><D5/><U117/><E117/><V83/><F0/><W43/><G132/><T67/><D32/><U106/><E106/><V39/><F39/><W73/><G73/><T23/><D35/><U15/><E25/><V113/><F113/><W47/><G59/><T77/><D23/><U131/><E76/><V36/><F36/><W88/><G88/><N who="0" m="53519" /><D77/><U109/><E1/><V53/><F83/><W99/><G99/><T72/><D72/><U91/><E86/><V100/><F78/><W80/><G80/><T115/><D115/><U31/><E87/><V33/><F4/><W96/><G96/><T71/><D71/><U48/><E91/><V18/><F100/><W19/><G19/><AGARI ba="0,0" hai="7,11,12,19,21,27,65,67,95,97,103" m="53519" machi="19" ten="30,7700,0" yaku="8,1,52,2,54,1" doraHai="60" who="0" fromWho="3" sc="230,77,300,0,243,0,227,-77" /><INIT seed="3,0,0,5,4,109" ten="307,300,243,150" oya="3" hai0="25,69,46,74,96,19,132,43,129,15,76,75,93" hai1="2,86,58,29,33,89,61,133,117,4,30,21,87" hai2="70,26,62,106,107,32,6,50,113,23,0,67,54" hai3="36,119,73,31,128,91,41,72,11,81,40,124,7"/><W49/><G119/><T16/><D69/><U102/><E117/><V51/><F51/><W44/><G36/><T59/><D132/><U105/><E33/><V79/><F79/><W39/><G128/><T100/><D129/><U121/><E133/><V64/><F64/><W98/><G124/><T83/><D25/><U13/><E2/><V8/><F32/><W112/><G112/><T88/><D75/><U47/><E121/><V134/><F134/><W17/><G31/><T5/><D59/><U53/><E105/><V37/><F37/><W60/><G17/><T56/><D56/><U45/><E102/><V34/><F34/><W48/><G60/><T130/><D130/><U90/><E87/><V131/><F131/><W114/><G114/><T85/><D5/><U92/><E89/><V1/><F1/><W12/><G98/><T115/><D15/><U28/><E21/><V14/><F0/><W101/><G101/><T127/><D127/><U24/><E24/><V108/><F113/><W63/><G63/><T125/><D125/><U103/><REACH who="1" step="1"/><E103/><REACH who="1" ten="307,290,243,150" step="2"/><V57/><F108/><W120/><G120/><T55/><D115/><U95/><E95/><V3/><F3/><W9/><G9/><AGARI ba="0,1" hai="4,9,13,28,29,30,45,47,53,58,61,86,90,92" machi="9" ten="40,2600,0" yaku="1,1,8,1,53,0" doraHai="109" doraHaiUra="68" who="1" fromWho="3" sc="307,0,290,36,243,0,150,-26" /><INIT seed="4,0,0,4,3,109" ten="307,326,243,124" oya="0" hai0="132,32,73,7,24,17,113,35,111,22,117,134,120" hai1="33,99,114,110,14,55,72,39,31,75,128,30,18" hai2="50,88,59,28,131,8,41,125,29,78,82,27,97" hai3="65,89,81,126,67,11,36,104,47,34,94,64,116"/><T0/><D73/><U105/><E39/><V45/><F125/><W84/><G116/><T112/><D117/><U60/><E110/><V115/><F131/><W53/><G104/><T87/><D111/><U46/><E128/><V135/><F135/><N who="0" m="51754" /><D87/><U103/><E72/><V56/><F28/><W19/><G34/><N who="0" m="12843" /><D120/><U100/><E75/><V43/><F43/><W57/><G126/><T80/><D80/><U68/><E31/><V133/><F133/><W96/><G36/><T79/><D79/><U107/><E46/><V61/><F59/><W77/><G47/><T42/><D42/><U71/><E55/><V123/><F123/><W69/><G69/><T5/><D0/><U10/><E71/><V23/><F78/><W21/><G11/><T1/><D1/><U4/><E4/><AGARI ba="0,0" hai="4,5,7,17,22,24,112,113" m="12843,51754" machi="4" ten="40,12000,1" yaku="20,1,34,2,52,2" doraHai="109" who="0" fromWho="1" sc="307,120,326,-120,243,0,124,0" /><INIT seed="4,1,0,2,0,96" ten="427,206,243,124" oya="0" hai0="119,106,68,62,31,83,55,123,93,85,61,35,105" hai1="38,120,34,89,1,22,112,125,95,84,29,48,67" hai2="118,57,92,56,90,3,121,32,126,71,15,23,47" hai3="99,12,113,24,88,132,30,49,127,82,101,10,69"/><T44/><D119/><U103/><E1/><V129/><F32/><W79/><G69/><T52/><D123/><U130/><E120/><V117/><F3/><W6/><G132/><T98/><D62/><U26/><E38/><V124/><F71/><W14/><G127/><N who="2" m="48681" /><F121/><W54/><G113/><T8/><D8/><U41/><E125/><V110/><F47/><W11/><G30/><T77/><D44/><U66/><E112/><V2/><F2/><W7/><G24/><T20/><D35/><U42/><E34/><V40/><F40/><W111/><G111/><T39/><D39/><U109/><E109/><V75/><F75/><W5/><G5/><T63/><D63/><U70/><E70/><V134/><F110/><W13/><G13/><T135/><D135/><U87/><E130/><V50/><F50/><W76/><G54/><T94/><D68/><U33/><E33/><V80/><F80/><W133/><G133/><T17/><D31/><U36/><E36/><V97/><F129/><W46/><G46/><T45/><D45/><N who="1" m="25647" /><E42/><V25/><F15/><W102/><G49/><T116/><D55/><U104/><E104/><V86/><F134/><W81/><G99/><T19/><D105/><U108/><E108/><V64/><F97/><W78/><G78/><T21/><D98/><N who="1" m="59871" /><E89/><AGARI ba="1,0" hai="6,7,10,11,12,14,76,79,81,82,88,89,101,102" machi="89" ten="25,12000,2" yaku="22,2,8,1,52,2,54,1" doraHai="96" who="3" fromWho="1" sc="427,0,206,-123,243,0,124,123" /><INIT seed="5,0,0,0,3,126" ten="427,83,243,247" oya="1" hai0="133,60,130,93,58,135,106,53,14,112,87,21,77" hai1="41,76,122,15,37,123,64,107,30,52,0,55,35" hai2="43,50,132,70,47,79,129,114,69,4,119,121,131" hai3="23,39,22,92,57,63,34,88,62,78,109,134,20"/><U89/><E0/><V124/><F124/><W108/><G34/><T61/><D106/><U116/><E107/><V24/><F121/><W120/><G120/><T3/><D3/><U48/><E64/><V45/><F119/><W12/><G39/><T11/><D21/><U96/><E116/><V56/><F4/><W94/><G134/><N who="0" m="51211" /><D112/><U40/><E76/><V29/><F132/><W111/><G78/><T101/><D130/><N who="2" m="49674" /><F114/><W9/><G92/><T49/><D101/><U95/><E37/><N who="2" m="21743" /><F79/><W103/><G57/><T44/><D77/><U110/><E110/><V115/><F56/><W42/><G42/><T117/><D117/><U31/><E15/><V59/><F59/><W17/><REACH who="3" step="1"/><G103/><REACH who="3" ten="427,83,243,237" step="2"/><T125/><D58/><N who="1" m="33031" /><E122/><V81/><F81/><W90/><G90/><N who="0" m="53471" /><D125/><U104/><E123/><V36/><F36/><W98/><AGARI ba="0,1" hai="9,12,17,20,22,23,62,63,88,94,98,108,109,111" machi="98" ten="40,5200,0" yaku="1,1,0,1,54,1,53,0" doraHai="126" doraHaiUra="100" who="3" fromWho="3" sc="427,-13,83,-26,243,-13,237,62" /><INIT seed="6,0,0,2,2,21" ten="414,57,230,299" oya="2" hai0="31,36,93,22,128,49,23,58,131,92,18,42,76" hai1="70,40,80,124,89,25,91,125,27,14,17,130,2" hai2="79,43,35,54,135,86,50,107,59,55,74,46,133" hai3="41,118,104,11,117,68,82,110,90,51,4,98,37"/><V16/><F74/><W45/><G110/><T87/><D36/><U1/><E70/><V123/><F107/><W105/><G90/><N who="1" m="34314" /><E40/><V5/><F123/><W71/><G51/><T57/><D31/><U65/><E65/><V77/><F5/><W60/><G82/><N who="0" m="47559" /><D22/><U129/><E80/><V66/><F66/><W67/><G71/><T120/><D120/><U48/><E48/><V106/><F106/><W12/><G104/><T6/><D6/><U95/><E95/><N who="0" m="36425" /><D131/><N who="1" m="50187" /><E14/><V97/><F97/><W111/><G111/><T122/><D122/><U73/><E17/><V24/><F86/><W32/><G32/><T30/><D30/><U20/><E20/><N who="2" m="13319" /><F35/><W39/><G39/><T3/><D3/><N who="1" m="1035" /><E73/><V132/><F55/><W116/><G98/><T47/><D128/><U85/><E85/><V94/><F94/><W15/><G105/><T114/><D42/><U10/><E10/><V29/><F29/><W109/><G109/><T119/><D49/><AGARI ba="0,0" hai="43,46,49,50,54,59,77,79,132,133,135" m="13319" machi="49" ten="30,5800,0" yaku="20,1,52,1,54,1" doraHai="21" who="2" fromWho="0" sc="414,-58,57,0,230,58,299,0" /><INIT seed="6,1,0,5,1,39" ten="356,57,288,299" oya="2" hai0="111,99,96,132,122,79,112,54,72,100,30,52,41" hai1="46,48,108,97,120,73,75,10,50,87,88,116,113" hai2="95,131,64,80,1,126,22,115,37,62,68,103,15" hai3="19,65,60,7,36,55,118,85,26,102,17,4,81"/><V98/><F1/><W18/><G118/><T42/><D111/><U133/><E108/><V59/><F37/><W114/><G102/><T105/><D122/><U43/><E120/><V78/><F126/><W92/><G92/><T51/><D132/><U89/><E116/><V127/><F127/><W107/><G107/><T66/><D66/><U123/><E133/><V0/><F0/><W14/><G114/><T28/><D112/><U61/><E61/><V129/><F115/><W32/><G55/><T134/><D134/><U71/><E71/><V83/><F68/><W58/><G36/><T29/><D54/><U70/><E70/><V53/><F53/><W124/><G124/><T135/><D135/><U67/><E67/><V35/><F35/><W119/><G119/><T69/><D69/><U38/><E113/><V12/><F80/><W82/><G82/><T77/><D99/><U9/><E123/><V57/><F57/><W128/><G128/><N who="2" m="49225" /><F22/><W21/><G32/><T40/><REACH who="0" step="1"/><D72/><AGARI ba="1,0" hai="12,15,59,62,64,72,78,83,95,98,103" m="49225" machi="72" ten="30,1500,0" yaku="19,1" doraHai="39" who="2" fromWho="0" sc="356,-18,57,0,288,18,299,0" /><INIT seed="6,2,0,3,3,85" ten="338,57,306,299" oya="2" hai0="34,38,27,81,6,18,37,11,93,128,120,63,75" hai1="4,29,102,109,67,33,71,69,28,126,108,7,43" hai2="41,25,56,119,26,90,20,104,65,82,134,39,96" hai3="35,135,44,46,24,68,0,123,131,121,83,53,49"/><V8/><F119/><W117/><G0/><T103/><D120/><U70/><E102/><V74/><F134/><W101/><G68/><T30/><D128/><U76/><E76/><V99/><F104/><W107/><G117/><T97/><D18/><U110/><E43/><V133/><F133/><W95/><G135/><T61/><D61/><U42/><E42/><V36/><F36/><W21/><G107/><T98/><D98/><N who="2" m="37418" /><F74/><W118/><G118/><T77/><REACH who="0" step="1"/><D63/><REACH who="0" ten="328,57,306,299" step="2"/><U54/><E67/><V105/><F105/><W55/><G121/><T86/><D86/><U91/><E126/><V14/><F39/><W87/><G123/><T125/><D125/><U130/><E130/><V1/><F41/><W50/><G131/><T40/><D40/><U94/><E54/><V124/><F124/><W52/><G53/><T132/><D132/><U10/><E33/><V114/><F20/><W15/><G35/><T22/><D22/><U78/><E10/><V9/><F9/><W72/><G72/><T66/><D66/><U48/><E48/><V17/><F114/><W2/><G50/><T19/><D19/><U113/><E113/><V115/><F115/><W57/><G21/><T100/><D100/><U122/><E122/><V16/><F17/><W47/><G49/><T80/><D80/><U3/><E3/><AGARI ba="2,1" hai="3,6,11,27,30,34,37,38,75,77,81,93,97,103" machi="3" ten="30,3900,0" yaku="1,1,7,1,53,1" doraHai="85" doraHaiUra="106" who="0" fromWho="1" sc="328,55,57,-45,306,0,299,0" /><INIT seed="7,0,0,0,4,78" ten="383,12,306,299" oya="3" hai0="38,28,49,58,65,113,61,56,46,64,106,98,85" hai1="35,7,31,81,34,27,76,126,22,67,21,80,75" hai2="92,6,51,40,63,48,91,110,45,100,0,44,68" hai3="20,129,73,90,134,8,23,77,57,15,53,18,94"/><W128/><G134/><T87/><D38/><U103/><E103/><V114/><F100/><W101/><G101/><T83/><D106/><U32/><E67/><V11/><F110/><W29/><G29/><T97/><D113/><U96/><E96/><V108/><F108/><W19/><G73/><T13/><D28/><U41/><E41/><V115/><F63/><W70/><G77/><N who="0" m="46319" /><D87/><U26/><E126/><V135/><F68/><W124/><G70/><T93/><D93/><U55/><E7/><V52/><F135/><W123/><G123/><T47/><D47/><U4/><E4/><V107/><REACH who="2" step="1"/><F107/><REACH who="2" ten="383,12,296,299" step="2"/><W105/><G105/><T37/><D37/><U112/><E112/><V99/><AGARI ba="0,1" hai="0,6,11,40,44,45,48,51,52,91,92,99,114,115" machi="99" ten="30,7900,0" yaku="1,1,2,1,0,1,54,1,53,0" doraHai="78" doraHaiUra="9" who="2" fromWho="2" sc="383,-20,12,-20,296,89,299,-39" owari="363,16.0,-8,-51.0,385,49.0,260,-14.0" /></mjloggm>