<mjloggm ver="2.3"><GO type="169" lobby="0"/><UN n0="%EF%BC%88%E2%89%A7%E2%96%BD%E2%89%A6%EF%BC%89" n1="%E5%A5%88%E8%90%BD%E3%81%AE%E7%8E%8B" n2="%E3%82%AA%E3%82%BA%E3%82%B0%E3%83%AB%E3%83%BC%E3%83%97" n3="%E9%B3%B3%E6%8B%B3" dan="18,17,16,16" rate="2140.79,2130.48,2117.26,2109.61" sx="F,M,M,M"/><TAIKYOKU oya="0"/><INIT seed="0,0,0,5,1,45" ten="250,250,250,250" oya="0" hai0="121,62,107,74,128,11,30,78,116,98,20,26,22" hai1="104,67,4,88,89,113,82,0,66,47,123,94,122" hai2="57,69,91,44,7,102,19,27,52,35,71,99,85" hai3="9,46,76,21,120,51,31,95,101,49,56,14,64"/><T111/><D121/><U34/><E104/><V68/><F7/><W86/><G120/><T70/><D116/><U119/><E34/><V38/><F35/><W114/><G114/><T73/><D128/><U105/><E105/><V61/><F27/><N who="3" m="16879" /><G46/><T131/><D131/><U28/><E28/><V134/><F19/><N who="3" m="8655" /><G76/><T24/><D78/><U50/><E119/><V17/><F17/><W130/><G130/><T127/><D107/><U75/><E113/><V87/><F134/><W90/><G101/><T43/><D70/><U135/><E135/><V54/><F38/><W40/><G40/><T42/><D30/><U12/><E0/><V37/><F91/><W18/><G18/><T84/><D43/><U100/><E100/><V110/><F110/><W33/><G33/><T60/><D42/><N who="1" m="24951" /><E75/><V23/><F23/><W32/><G32/><T39/><D39/><U124/><E123/><V63/><F37/><W65/><G56/><T36/><D36/><U79/><E79/><V8/><F8/><W55/><G55/><T6/><D74/><U13/><E122/><V5/><F5/><W92/><G92/><T97/><D73/><U126/><E4/><V3/><F3/><W132/><G132/><T59/><D6/><U53/><E53/><V103/><F103/><W25/><G25/><T29/><D26/><U16/><E16/><V133/><F133/><W106/><G106/><T72/><D24/><U109/><E13/><V117/><F117/><W80/><G95/><T1/><D1/><U112/><E112/><V96/><F71/><W81/><G81/><T83/><D83/><RYUUKYOKU ba="0,0" sc="250,-10,250,-10,250,-10,250,30" hai3="49,51,64,65,80,86,90" /><INIT seed="1,1,0,1,3,112" ten="240,240,240,280" oya="1" hai0="6,44,31,96,105,46,16,81,116,109,35,108,129" hai1="123,41,135,36,51,114,26,124,58,120,98,90,85" hai2="104,15,13,128,43,11,47,99,4,95,34,101,126" hai3="66,10,29,60,28,113,32,93,25,117,65,68,38"/><U53/><E114/><V22/><F34/><W74/><G113/><T30/><D6/><U83/><E135/><V133/><F133/><W71/><G28/><N who="0" m="10795" /><D35/><U82/><E124/><V80/><F126/><W39/><G74/><T14/><D81/><U84/><E26/><V97/><F128/><W56/><G56/><T77/><D77/><U33/><E33/><V55/><F55/><W88/><G117/><T67/><D67/><U24/><E24/><V118/><F80/><W111/><G111/><N who="0" m="42571" /><D129/><U63/><E98/><V94/><F118/><W103/><G103/><N who="0" m="62695" /><D116/><U70/><E36/><V86/><F86/><W57/><G10/><AGARI ba="1,0" hai="10,14,16,44,46" m="62695,42571,10795" machi="10" ten="30,2000,0" yaku="14,1,54,1" doraHai="112" who="0" fromWho="3" sc="240,23,240,0,240,0,280,-23" /><INIT seed="2,0,0,3,0,89" ten="263,240,240,257" oya="2" hai0="76,122,112,125,31,19,59,4,90,69,97,61,79" hai1="106,98,133,104,119,93,64,48,35,60,115,116,66" hai2="20,128,63,85,87,26,62,67,5,1,38,6,135" hai3="100,0,78,92,120,77,30,41,42,56,114,74,32"/><V9/><F38/><W109/><G120/><T18/><D69/><U24/><E115/><V34/><F34/><W44/><G114/><T68/><D68/><U113/><E113/><V107/><F107/><W126/><G42/><T49/><D122/><U102/><E133/><V7/><F135/><W65/><G0/><T124/><D31/><U71/><E64/><V72/><F72/><W11/><G11/><T99/><D49/><U28/><REACH who="1" step="1"/><E48/><REACH who="1" ten="263,230,240,257" step="2"/><V21/><F128/><W96/><G126/><T8/><D125/><U29/><E29/><V3/><F67/><W51/><G109/><T10/><D124/><U88/><E88/><V117/><F117/><AGARI ba="0,1" hai="24,28,35,60,66,71,93,98,102,104,106,116,117,119" machi="117" ten="40,2600,0" yaku="1,1,52,1,53,0" doraHai="89" doraHaiUra="132" who="1" fromWho="2" sc="263,0,230,36,240,-26,257,0" /><INIT seed="3,0,0,0,0,17" ten="263,266,214,257" oya="3" hai0="19,80,65,135,46,21,54,117,12,126,82,120,3" hai1="115,125,68,37,72,84,129,78,6,16,110,5,88" hai2="100,29,61,86,28,15,118,39,66,25,101,69,7" hai3="119,122,4,109,83,73,81,34,87,111,42,102,10"/><W26/><G119/><T48/><D120/><U75/><E68/><V105/><F118/><W116/><G116/><T22/><D117/><U128/><E37/><V63/><F101/><W99/><G122/><T94/><D3/><U92/><E115/><V32/><F29/><W40/><G83/><N who="0" m="31787" /><D135/><U107/><E107/><V89/><F39/><W38/><G73/><N who="1" m="28234" /><E78/><V76/><F76/><N who="3" m="46503" /><G38/><T62/><D126/><U50/><E125/><V27/><F63/><W70/><G70/><T121/><D121/><U59/><E110/><N who="3" m="41994" /><G34/><T113/><D113/><U96/><E84/><V74/><F74/><W67/><G67/><T57/><D94/><U24/><E92/><V45/><F27/><W9/><G26/><T71/><D71/><U108/><E24/><V55/><F15/><N who="3" m="5543" /><G10/><AGARI ba="0,0" hai="10,12,19,21,22,46,48,54,57,62,65" m="31787" machi="10" ten="30,3900,0" yaku="8,1,52,2" doraHai="17" who="0" fromWho="3" sc="263,39,266,0,214,0,257,-39" /><INIT seed="4,0,0,4,1,23" ten="302,266,214,218" oya="0" hai0="56,91,81,104,28,79,78,107,2,27,34,113,101" hai1="133,86,116,96,19,32,68,80,108,69,129,52,112" hai2="135,128,102,38,73,10,31,20,15,118,0,109,61" hai3="64,127,57,24,106,70,36,17,33,59,62,3,46"/><T95/><D2/><U120/><E108/><V49/><F38/><W4/><G127/><T76/><D113/><U41/><E41/><V130/><F73/><W50/><G36/><T132/><D132/><U12/><E116/><V119/><F49/><W111/><G111/><T72/><D56/><U25/><E120/><V92/><F61/><W125/><G125/><T85/><D107/><U83/><E96/><AGARI ba="0,0" hai="27,28,34,72,76,78,79,81,85,91,95,96,101,104" machi="96" ten="40,7700,0" yaku="24,2,52,1" doraHai="23" who="0" fromWho="1" sc="302,77,266,-77,214,0,218,0" /><INIT seed="4,1,0,4,4,84" ten="379,189,214,218" oya="0" hai0="107,9,41,42,115,96,111,53,70,116,122,54,102" hai1="20,128,43,97,72,88,68,64,94,63,89,103,109" hai2="74,46,59,124,132,67,86,18,112,32,131,44,65" hai3="36,95,98,99,83,71,129,28,133,0,92,87,123"/><T2/><D70/><U47/><E109/><V119/><F74/><W21/><G123/><T76/><D122/><U57/><E72/><V79/><F32/><W3/><G36/><T118/><D111/><U85/><E128/><V16/><F131/><W134/><G129/><T49/><D76/><U12/><E68/><V8/><F119/><W73/><G71/><T60/><D115/><U25/><E12/><N who="2" m="7175" /><F112/><W48/><G73/><T93/><D107/><U113/><E113/><V5/><F132/><N who="3" m="50795" /><G48/><T82/><D82/><U91/><E85/><V50/><F5/><W117/><G117/><T66/><D2/><N who="3" m="553" /><G21/><T110/><D110/><U31/><E103/><V4/><F4/><W105/><G105/><T7/><D7/><U17/><E17/><V135/><F18/><W14/><G14/><T35/><D102/><U34/><E34/><V45/><F135/><W101/><G28/><T6/><D116/><U100/><E100/><V33/><F124/><W29/><G29/><T30/><D30/><U81/><E81/><N who="2" m="47423" /><F33/><W19/><G19/><T55/><D35/><U80/><E80/><V75/><F75/><W52/><G101/><T108/><D108/><U121/><E121/><V130/><F130/><W56/><G98/><T126/><D118/><U78/><E78/><V15/><F15/><W1/><G99/><T23/><D96/><U40/><E40/><V114/><F114/><W61/><G1/><T120/><D42/><U38/><AGARI ba="1,0" hai="20,25,31,38,43,47,57,63,64,88,89,91,94,97" machi="38" ten="20,12000,2" yaku="0,1,7,1,52,3,54,1" doraHai="84" who="1" fromWho="1" sc="379,-61,189,123,214,-31,218,-31" /><INIT seed="5,0,0,0,5,52" ten="318,312,183,187" oya="1" hai0="67,68,83,118,33,32,30,126,54,7,13,129,62" hai1="100,69,22,49,108,99,125,95,45,93,24,127,122" hai2="65,105,101,117,37,16,88,19,3,8,23,31,111" hai3="75,27,86,0,26,17,1,63,39,70,85,21,6"/><U134/><E69/><V92/><F37/><W81/><G39/><T107/><D107/><U113/><E122/><V11/><F111/><W51/><G75/><T89/><D118/><U28/><E108/><V103/><F117/><W55/><G85/><T130/><D126/><N who="1" m="48139" /><E113/><V44/><F105/><W64/><G6/><T5/><D13/><U71/><E71/><V87/><F3/><W78/><REACH who="3" step="1"/><G27/><REACH who="3" ten="318,312,183,177" step="2"/><T40/><D7/><U102/><E134/><V79/><F65/><W110/><G110/><T91/><D5/><U96/><E96/><V46/><F79/><W106/><G106/><T109/><D67/><U128/><E128/><V41/><F103/><N who="1" m="39465" /><E99/><V74/><F101/><W25/><G25/><T35/><D130/><U36/><E36/><V119/><F119/><W56/><AGARI ba="0,1" hai="0,1,17,21,26,51,55,56,63,64,70,78,81,86" machi="56" ten="20,5200,0" yaku="1,1,0,1,7,1,52,1,53,0" doraHai="52" doraHaiUra="43" who="3" fromWho="3" sc="318,-13,312,-26,183,-13,177,62" /><INIT seed="6,0,0,5,3,93" ten="305,286,170,239" oya="2" hai0="8,54,126,74,39,120,90,106,35,122,76,102,124" hai1="34,70,99,53,131,49,37,20,118,128,56,64,123" hai2="17,48,30,94,127,45,86,108,130,57,3,59,109" hai3="32,12,23,80,110,50,132,52,84,71,79,134,77"/><V40/><F3/><W16/><G32/><T97/><D35/><U82/><E34/><V89/><F130/><N who="1" m="49705" /><E82/><V85/><F127/><N who="0" m="48682" /><D39/><U96/><E118/><V26/><F17/><W18/><G71/><T7/><D54/><U78/><E78/><V135/><F135/><N who="3" m="51755" /><G18/><T0/><D90/><U5/><E123/><V107/><F86/><W44/><G77/><T98/><D98/><N who="1" m="37419" /><E37/><V75/><F107/><W41/><G41/><T63/><D63/><N who="1" m="40223" /><E20/><N who="2" m="15687" /><F75/><W1/><G1/><T117/><D117/><U58/><E5/><V116/><F116/><W22/><G22/><T115/><D115/><U2/><E2/><V43/><F43/><W66/><G66/><T51/><D51/><U27/><E27/><V67/><F67/><W55/><G55/><T101/><D101/><U11/><E11/><V125/><F125/><W68/><G68/><T62/><D62/><U42/><E42/><V119/><F119/><W4/><G4/><T69/><D69/><U61/><E61/><V129/><F129/><W24/><G24/><T13/><D0/><U83/><E83/><AGARI ba="0,0" hai="7,8,13,74,76,83,97,102,106,120,122" m="48682" machi="83" ten="30,2000,0" yaku="18,1,52,1" doraHai="93" who="0" fromWho="1" sc="305,20,286,-20,170,0,239,0" /><INIT seed="7,0,0,5,2,104" ten="325,266,170,239" oya="3" hai0="62,49,48,125,122,134,71,57,116,18,61,117,130" hai1="47,132,85,55,27,37,87,108,29,76,100,86,6" hai2="129,120,97,38,75,59,93,51,74,103,106,124,107" hai3="111,39,11,123,96,13,16,72,35,28,0,105,128"/><W58/><G123/><T40/><D122/><U114/><E108/><V44/><F38/><W36/><G111/><T53/><D125/><U56/><E100/><V92/><F120/><W20/><G128/><T23/><D130/><U99/><E99/><V5/><F129/><W26/><G58/><N who="0" m="35023" /><D71/><U2/><E2/><V112/><F124/><W50/><G50/><T54/><D116/><U88/><E6/><V17/><F5/><N who="3" m="1447" /><G72/><N who="2" m="27689" /><F59/><W32/><G35/><T82/><D134/><U94/><E132/><V33/><F17/><W1/><G1/><T131/><D117/><U15/><E37/><V10/><F10/><W42/><G42/><T64/><D131/><U14/><E47/><V127/><F33/><W9/><G9/><T41/><D82/><U21/><E56/><V80/><F127/><W22/><G22/><T12/><D64/><U4/><E4/><V31/><F31/><W65/><G65/><T3/><D3/><U25/><E21/><V19/><F19/><W30/><G28/><T66/><D66/><U90/><E29/><V78/><F51/><AGARI ba="0,0" hai="12,18,23,40,41,48,49,51,54,57,62" m="35023" machi="51" ten="30,1000,0" yaku="8,1" doraHai="104" who="0" fromWho="2" sc="325,10,266,0,170,-10,239,0" owari="335,43.0,266,7.0,160,-34.0,239,-16.0" /></mjloggm>