<mjloggm ver="2.3"><GO type="169"/><UN n0="%EF%BC%A0%E3%82%8A%E3%82%87" n1="%EF%BC%88%E2%89%A7%E2%96%BD%E2%89%A6%EF%BC%89" n2="%E3%82%A4%E3%83%AC%E3%82%AE%E3%83%A5%E3%83%A9%E3%83%BC" n3="%4E%61%4E%61%E2%98%86" dan="16,18,16,16" rate="2067,2176,2011,2045" sx="M,M,M,F"/><TAIKYOKU oya="0"/><INIT seed="0,0,0,2,4,49" ten="250,250,250,250" oya="0" hai0="129,77,11,26,119,75,64,97,83,103,78,25,7" hai1="53,71,70,128,17,126,68,120,86,133,107,14,99" hai2="105,24,69,35,50,76,90,101,15,19,109,20,47" hai3="116,3,45,9,31,74,4,92,30,37,80,23,13"/><T108/><D119/><U18/><E120/><V27/><F69/><W66/><G116/><T16/><D129/><U58/><E128/><V59/><F109/><W96/><G66/><T56/><D77/><U100/><E133/><V12/><F76/><N who="3" m="44055" /><G13/><T67/><D26/><U81/><E126/><V44/><F59/><W124/><G23/><T91/><D56/><U46/><E46/><V85/><F105/><W131/><G124/><T6/><D91/><U1/><E1/><V51/><F101/><N who="3" m="60551" /><G131/><T135/><D135/><U32/><E32/><V55/><F35/><W132/><G132/><T28/><D7/><U8/><E18/><V48/><F15/><W61/><G61/><T79/><D79/><U94/><E107/><V39/><F39/><W114/><G114/><T21/><D28/><U115/><E115/><V88/><F50/><W130/><G130/><T84/><D75/><U82/><REACH who="1" step="1"/><E86/><REACH who="1" ten="250,240,250,250" step="2"/><V118/><F118/><W2/><G3/><T102/><D108/><U52/><E52/><N who="2" m="29703" /><F90/><W73/><G73/><T43/><D84/><U122/><E122/><V10/><F20/><W106/><G106/><T95/><D21/><U113/><E113/><V123/><F123/><W65/><G45/><T36/><D36/><U87/><E87/><V42/><F42/><W63/><G37/><T127/><D127/><U38/><E38/><V54/><F54/><W125/><G125/><T5/><D43/><U117/><E117/><V134/><F134/><W40/><G40/><T29/><D29/><U98/><E98/><V33/><F33/><W110/><G110/><T104/><D104/><RYUUKYOKU ba="0,1" sc="250,-30,240,10,250,10,250,10" hai1="8,14,17,53,58,68,70,71,81,82,94,99,100" hai2="10,12,19,24,27,47,51,55,85,88" hai3="2,4,9,30,31,63,65" /><INIT seed="1,1,1,2,1,7" ten="220,250,260,260" oya="1" hai0="62,110,47,77,88,130,16,131,96,8,21,102,80" hai1="31,98,10,109,11,64,106,48,42,18,103,128,59" hai2="39,50,115,86,70,52,54,0,105,29,113,1,67" hai3="20,55,97,23,66,126,101,100,112,122,37,45,120"/><U82/><E128/><N who="0" m="49193" /><D110/><U89/><E109/><V53/><F105/><W35/><G112/><N who="2" m="43081" /><F39/><W125/><G35/><T73/><D47/><N who="1" m="25719" /><E106/><V133/><F29/><W127/><G66/><T26/><D62/><N who="1" m="37983" /><E31/><V58/><F133/><W84/><G84/><N who="0" m="50183" /><D73/><U60/><E60/><N who="2" m="40295" /><F86/><W129/><G129/><T41/><D77/><U57/><E57/><N who="2" m="32919" /><F54/><W108/><G55/><T91/><D41/><U44/><E103/><V63/><AGARI ba="1,1" hai="0,1,53,58,63" m="32919,40295,43081" machi="63" ten="30,2000,0" yaku="11,1,54,1" doraHai="7" who="2" fromWho="2" sc="220,-6,250,-11,260,33,260,-6" /><INIT seed="2,0,0,1,4,27" ten="214,239,293,254" oya="2" hai0="116,46,91,10,101,102,42,5,114,88,84,22,86" hai1="75,77,39,63,93,76,33,9,123,2,11,18,25" hai2="73,21,34,121,135,26,45,118,124,6,48,47,20" hai3="64,131,40,31,132,129,100,68,62,57,29,89,54"/><V117/><F73/><W37/><G132/><T14/><D116/><U61/><E123/><V125/><F121/><W110/><G110/><T80/><D114/><U87/><E39/><V43/><F6/><W36/><G100/><T3/><D22/><N who="1" m="13527" /><E75/><V120/><F120/><W85/><G40/><T67/><D67/><U83/><E33/><V0/><F0/><W38/><G89/><T78/><D3/><U4/><E2/><V82/><F135/><W96/><G96/><T32/><D32/><U119/><E119/><N who="2" m="45579" /><F82/><W122/><G85/><T44/><D44/><U112/><E112/><V19/><F34/><W49/><REACH who="3" step="1"/><G122/><REACH who="3" ten="214,239,293,244" step="2"/><T1/><D1/><U108/><E108/><V12/><F43/><W94/><G94/><N who="0" m="54551" /><D91/><U71/><E93/><V53/><F124/><W106/><G106/><T65/><D65/><U103/><E103/><V134/><F125/><W98/><G98/><T52/><D42/><U107/><E107/><V111/><F134/><W66/><G66/><T50/><AGARI ba="0,1" hai="5,10,14,46,50,52,78,80,84,101,102" m="54551" machi="50" ten="30,4000,0" yaku="8,1,54,2" doraHai="27" who="0" fromWho="0" sc="214,50,239,-10,293,-20,244,-10" /><INIT seed="3,0,0,5,3,69" ten="264,229,273,234" oya="3" hai0="37,135,104,62,23,12,48,45,28,58,84,119,114" hai1="72,98,17,93,94,24,32,13,50,47,109,130,67" hai2="73,44,131,91,39,20,127,15,132,126,90,9,81" hai3="101,110,116,79,100,6,112,118,19,99,22,120,86"/><W10/><G120/><T49/><D104/><U27/><E72/><V8/><F132/><W3/><G112/><T52/><D119/><U63/><E130/><V53/><F131/><W56/><G110/><T40/><D114/><U26/><E32/><V121/><F121/><W29/><G29/><T46/><D135/><U43/><E109/><V70/><F70/><W95/><G101/><T96/><D96/><U117/><E117/><V124/><F20/><W88/><G79/><T85/><D62/><U87/><E87/><V66/><F66/><W1/><G56/><T2/><D2/><U55/><E55/><V14/><F73/><W128/><G1/><T64/><D64/><U51/><E51/><N who="2" m="28903" /><F39/><W41/><G41/><T59/><D58/><U21/><REACH who="1" step="1"/><E98/><REACH who="1" ten="264,219,273,234" step="2"/><V107/><F124/><W113/><G128/><T68/><D84/><U65/><E65/><V5/><F126/><W83/><REACH who="3" step="1"/><G113/><REACH who="3" ten="264,219,273,224" step="2"/><T60/><D85/><U16/><E16/><V57/><F127/><W76/><G76/><T125/><D125/><U122/><E122/><V30/><F30/><W61/><G61/><T106/><D28/><U18/><E18/><V115/><F115/><W102/><G102/><T108/><D108/><U123/><E123/><V42/><F42/><W34/><G34/><T103/><D40/><U75/><E75/><V71/><F5/><W25/><AGARI ba="0,2" hai="3,6,10,19,22,25,83,86,88,95,99,100,116,118" machi="25" ten="20,7800,0" yaku="1,1,0,1,7,1,54,1,53,0" doraHai="69" doraHaiUra="133" who="3" fromWho="3" sc="264,-26,219,-26,273,-26,224,98" /><INIT seed="3,1,0,0,0,109" ten="238,193,247,322" oya="3" hai0="119,56,113,127,126,90,102,86,115,94,37,93,79" hai1="17,106,105,121,116,100,64,101,118,67,36,123,73" hai2="54,95,16,41,107,125,3,2,12,7,128,55,24" hai3="52,91,129,30,22,84,28,89,51,108,134,13,33"/><W20/><G33/><T63/><D37/><U75/><REACH who="1" step="1"/><E17/><REACH who="1" ten="238,183,247,322" step="2"/><V26/><F16/><W14/><G108/><T99/><D119/><U70/><E70/><V92/><F125/><N who="0" m="47626" /><D79/><U76/><E76/><V6/><F128/><W81/><G129/><T82/><D82/><U68/><E68/><V122/><F122/><W117/><G117/><T21/><D21/><N who="3" m="8297" /><G134/><T71/><D71/><U103/><E103/><V85/><F6/><W0/><G91/><T40/><D40/><U42/><E42/><V98/><F7/><W69/><G69/><T88/><D102/><U46/><E46/><V77/><F41/><W49/><G0/><T38/><D38/><AGARI ba="1,1" hai="36,38,64,67,73,75,100,101,105,106,116,118,121,123" machi="38" ten="25,6400,0" yaku="21,2,22,2,53,0" doraHai="109" doraHaiUra="25" who="1" fromWho="0" sc="238,-67,183,77,247,0,322,0" /><INIT seed="4,0,0,2,5,60" ten="171,260,247,322" oya="0" hai0="43,106,133,123,48,70,66,122,55,51,41,128,81" hai1="14,62,109,120,45,65,67,82,58,5,16,92,44" hai2="102,40,119,103,131,101,49,32,34,83,127,132,20" hai3="64,75,25,108,90,15,23,68,28,7,91,112,135"/><T114/><D106/><U124/><E120/><N who="0" m="46121" /><D81/><U130/><E109/><V10/><F132/><W54/><G108/><T50/><D133/><U17/><E130/><V9/><F131/><W110/><G110/><T88/><D88/><U117/><E117/><V121/><F121/><W57/><G135/><T98/><D98/><U21/><E124/><V12/><F127/><W73/><G73/><T78/><D78/><U125/><E125/><V37/><F37/><W93/><G75/><T116/><D116/><U96/><E5/><V4/><F119/><W84/><G90/><T134/><D134/><U87/><E17/><V0/><F20/><W59/><G91/><T6/><D6/><U111/><E111/><V46/><REACH who="2" step="1"/><F83/><REACH who="2" ten="171,260,237,322" step="2"/><W71/><G23/><T104/><D128/><U129/><E129/><V47/><F47/><N who="1" m="17993" /><E82/><V36/><F36/><W3/><G3/><T52/><D114/><U74/><E74/><V69/><F69/><W115/><G68/><T77/><D77/><U89/><E87/><V33/><F33/><W118/><G71/><T61/><D104/><U72/><E72/><V38/><F38/><W85/><G112/><T86/><D86/><U13/><E13/><V97/><F97/><W24/><G15/><T31/><D31/><U19/><E19/><AGARI ba="0,1" hai="0,4,9,10,12,19,32,34,40,46,49,101,102,103" machi="19" ten="40,1300,0" yaku="1,1,53,0" doraHai="60" doraHaiUra="107" who="2" fromWho="1" sc="171,0,260,-13,237,23,322,0" /><INIT seed="5,0,0,1,0,17" ten="171,247,260,322" oya="1" hai0="66,14,103,114,134,27,97,48,28,84,51,16,56" hai1="86,121,49,40,70,57,59,119,43,100,80,124,26" hai2="11,107,130,53,85,42,0,128,68,36,79,117,95" hai3="101,15,131,55,82,133,33,71,76,20,104,126,3"/><U94/><E121/><V21/><F107/><W92/><G33/><T9/><D114/><U39/><E70/><V50/><F68/><W7/><G71/><T111/><D111/><U18/><E39/><V65/><F65/><W1/><G104/><T69/><D134/><U132/><E119/><V52/><F117/><W47/><G133/><T96/><D84/><U58/><E132/><V31/><F36/><W135/><G135/><T12/><D12/><U45/><E124/><V4/><F42/><W78/><G78/><T116/><D116/><U22/><E43/><V44/><F53/><W88/><G101/><T77/><D77/><U112/><E112/><V105/><F105/><W62/><G126/><T37/><D37/><U89/><REACH who="1" step="1"/><E100/><REACH who="1" ten="171,237,260,322" step="2"/><V102/><F102/><W61/><G131/><T123/><D69/><U113/><E113/><V72/><F128/><W106/><G1/><T108/><D123/><U5/><E5/><V29/><F130/><W30/><G3/><T67/><D108/><U24/><E24/><V13/><F0/><W46/><G7/><T34/><D103/><U115/><E115/><V73/><F4/><W38/><G106/><T122/><D122/><U127/><E127/><V54/><F13/><W8/><G38/><T41/><D41/><U74/><E74/><V90/><F73/><W32/><G15/><T93/><D93/><AGARI ba="0,1" hai="18,22,26,40,45,49,57,58,59,80,86,89,93,94" machi="93" ten="40,7700,0" yaku="1,1,8,1,52,1,53,0" doraHai="17" doraHaiUra="63" who="1" fromWho="0" sc="171,-77,237,87,260,0,322,0" /><INIT seed="5,1,0,2,4,106" ten="94,324,260,322" oya="1" hai0="92,70,48,58,63,77,85,8,117,23,16,116,15" hai1="33,93,39,105,121,21,134,100,130,18,26,112,78" hai2="64,29,45,72,47,54,17,50,107,35,4,129,67" hai3="111,79,31,37,42,76,125,2,51,114,96,118,104"/><U95/><E121/><V41/><F107/><W30/><G111/><T1/><D70/><U94/><E39/><V57/><F4/><W127/><G2/><T84/><D48/><U133/><E130/><V132/><F17/><W5/><G5/><T115/><D115/><U87/><E112/><V86/><F86/><W69/><G69/><T102/><D85/><U101/><E33/><V108/><F29/><N who="3" m="10763" /><G37/><T97/><D1/><U6/><E6/><V81/><F35/><W55/><G42/><T73/><D8/><U52/><E52/><V62/><F108/><W123/><G123/><T10/><D84/><U122/><E122/><V83/><F129/><W98/><G118/><T53/><REACH who="0" step="1"/><D10/><REACH who="0" ten="84,324,260,322" step="2"/><U43/><E87/><V60/><F50/><W66/><G114/><T120/><D120/><U126/><E78/><V128/><F128/><W56/><G79/><T68/><D68/><U90/><E134/><V3/><F3/><W19/><G76/><T113/><D113/><U89/><E133/><V91/><F132/><W74/><G98/><T59/><D59/><U14/><E43/><V71/><F57/><W34/><G96/><T40/><D40/><U20/><E126/><V7/><F41/><W0/><G51/><T36/><D36/><U124/><E124/><V80/><F71/><W65/><G0/><T11/><D11/><U9/><E9/><V38/><F38/><W110/><G125/><T13/><D13/><U46/><E14/><V12/><F12/><W135/><G127/><T75/><D75/><U32/><E32/><V88/><F72/><W25/><G74/><RYUUKYOKU ba="1,1" sc="84,30,324,-10,260,-10,322,-10" hai0="15,16,23,53,58,63,73,77,92,97,102,116,117" /><INIT seed="6,2,1,1,0,81" ten="114,314,250,312" oya="2" hai0="23,65,127,78,32,29,120,134,57,59,26,45,75" hai1="82,14,27,51,21,36,0,95,22,89,118,114,71" hai2="10,11,2,132,33,72,119,123,64,100,73,94,43" hai3="3,35,31,93,28,74,63,55,125,25,121,80,40"/><V88/><F119/><W6/><G121/><T20/><D120/><U68/><E36/><V5/><F123/><W111/><G111/><T12/><D134/><U122/><E0/><V84/><F132/><W113/><G31/><T110/><D127/><U38/><E38/><V15/><F33/><W50/><G125/><T85/><D110/><U102/><E118/><V79/><F43/><W17/><G40/><T99/><D75/><U70/><E122/><V58/><F100/><W46/><G63/><N who="0" m="38143" /><D32/><U13/><E114/><V107/><F107/><W52/><G113/><T126/><D126/><U62/><E62/><V19/><REACH who="2" step="1"/><F79/><REACH who="2" ten="114,314,240,312" step="2"/><W8/><G35/><T67/><D45/><U106/><E106/><V83/><F83/><W54/><G46/><T92/><D67/><U47/><E47/><V87/><F87/><W86/><G86/><T112/><D112/><U39/><E102/><V98/><F98/><W60/><G74/><T48/><D99/><U18/><E82/><V34/><F34/><W44/><G80/><N who="0" m="47255" /><D92/><U108/><E95/><V42/><F42/><W24/><G93/><T77/><D77/><U109/><E108/><V124/><F124/><W131/><G54/><N who="0" m="31943" /><D23/><U41/><E109/><V9/><F9/><W135/><G55/><T130/><D130/><U104/><E22/><V1/><F1/><W76/><G8/><T133/><D133/><U30/><E104/><V16/><F16/><W61/><G17/><T91/><D91/><U129/><E89/><V115/><F115/><W105/><G3/><T128/><D128/><U37/><E129/><V116/><F116/><RYUUKYOKU ba="2,2" sc="114,15,314,-15,240,15,312,-15" hai0="12,20,26,29" hai2="2,5,10,11,15,19,58,64,72,73,84,88,94" /><INIT seed="6,3,2,1,0,94" ten="129,299,255,297" oya="2" hai0="108,99,37,89,59,14,73,74,66,56,21,38,131" hai1="135,0,117,23,85,81,22,9,126,69,29,118,28" hai2="127,92,46,61,15,84,82,26,128,88,133,39,76" hai3="77,102,129,65,18,91,27,86,2,106,87,113,109"/><V97/><F133/><W25/><G109/><T110/><D131/><U72/><E69/><V36/><F128/><W79/><G2/><T71/><D71/><U70/><E70/><V83/><F127/><W75/><G129/><T67/><D14/><U134/><E72/><V80/><F26/><N who="3" m="9739" /><G106/><T64/><D21/><N who="1" m="7691" /><E126/><V16/><F61/><W120/><G120/><T112/><D112/><U49/><E49/><V7/><F7/><W58/><G102/><T122/><D122/><U52/><E52/><V78/><F46/><W114/><G18/><T4/><D4/><N who="1" m="1159" /><E85/><N who="3" m="32266" /><G91/><T90/><REACH who="0" step="1"/><D67/><REACH who="0" ten="119,299,255,297" step="2"/><U57/><E118/><V68/><F68/><W103/><G114/><T41/><D41/><U104/><E117/><V48/><F48/><W8/><G113/><T119/><D119/><U115/><E115/><V63/><F63/><W12/><G65/><T50/><D50/><U51/><E51/><V30/><F36/><W125/><G125/><T34/><D34/><U43/><E43/><V33/><F39/><W54/><G12/><T5/><D5/><U60/><E60/><V93/><F33/><W44/><G44/><T6/><D6/><U31/><E135/><V17/><F83/><W124/><G124/><T123/><D123/><U11/><E134/><V98/><F82/><W107/><G58/><T55/><D55/><U101/><E81/><V62/><F80/><W35/><G54/><T10/><D10/><U121/><E121/><V32/><F62/><W19/><G35/><T24/><D24/><U130/><E130/><V13/><F32/><W42/><G42/><T111/><D111/><RYUUKYOKU ba="3,3" sc="119,30,299,-10,255,-10,297,-10" hai0="37,38,56,59,64,66,73,74,89,90,99,108,110" /><INIT seed="7,4,3,0,5,90" ten="149,289,245,287" oya="3" hai0="92,58,60,52,109,91,28,132,99,106,3,43,33" hai1="127,130,19,54,122,93,94,7,113,34,67,37,108" hai2="45,23,76,104,100,35,119,85,61,103,79,82,47" hai3="84,8,50,5,18,59,115,46,111,42,117,13,65"/><W131/><G117/><T21/><D109/><U128/><E122/><V44/><F35/><W110/><G115/><T20/><D3/><U129/><E108/><N who="3" m="41514" /><G131/><T89/><D132/><U2/><E113/><V69/><F119/><W12/><G84/><T10/><D106/><U101/><E127/><V116/><F116/><W16/><G13/><T15/><D43/><U22/><E34/><V83/><F104/><W74/><G74/><T29/><D91/><U4/><E37/><V62/><F23/><N who="0" m="8778" /><D33/><U49/><E67/><V105/><F105/><W73/><G73/><T78/><D78/><U125/><E125/><V98/><F69/><W26/><G26/><T32/><D32/><U39/><E39/><V17/><F17/><AGARI ba="4,3" hai="10,15,17,28,29,52,58,60,89,92,99" m="8778" machi="17" ten="30,3900,0" yaku="8,1,52,1,54,1" doraHai="90" who="0" fromWho="2" sc="149,81,289,0,245,-51,287,0" /><INIT seed="8,0,0,5,0,29" ten="230,289,194,287" oya="0" hai0="87,34,118,98,40,128,2,119,132,45,53,121,22" hai1="38,13,70,52,112,86,7,109,127,77,31,130,10" hai2="67,19,48,6,66,74,27,111,42,123,50,79,1" hai3="62,63,93,106,89,103,43,117,84,96,0,85,5"/><T36/><D121/><U4/><E109/><V14/><F123/><W12/><G117/><N who="0" m="44555" /><D2/><U125/><E38/><V90/><F111/><W26/><G0/><T99/><D128/><U9/><E130/><V60/><F1/><W20/><G43/><T88/><D22/><U122/><E70/><V49/><F42/><W46/><G46/><T35/><D53/><U32/><E122/><V30/><F6/><W71/><G71/><T107/><D132/><U116/><E116/><V113/><F113/><W100/><G84/><T24/><D24/><N who="1" m="18535" /><E112/><V76/><F90/><W131/><G103/><N who="0" m="62967" /><D99/><U133/><E133/><V17/><F74/><W135/><G135/><T61/><D61/><U47/><E86/><V92/><F92/><AGARI ba="0,0" hai="34,35,36,40,45,87,88,92" m="62967,44555" machi="92" ten="30,11600,0" yaku="16,1,52,2,54,1" doraHai="29" who="0" fromWho="2" sc="230,116,289,0,194,-116,287,0" owari="346,44.0,289,9.0,78,-42.0,287,-11.0" /></mjloggm>