<mjloggm ver="2.3"><GO type="169"/><UN n0="%E3%81%AF%E3%81%90%E3%82%8C%E3%83%9F%E3%83%B3%E3%83%88" n1="%E7%B4%85%E9%89%84%E5%A7%AB" n2="%EF%BC%88%E2%89%A7%E2%96%BD%E2%89%A6%EF%BC%89" n3="%E3%81%9A%E3%81%97" dan="16,16,18,16" rate="2100,2109,2242,2072" sx="F,F,M,F"/><TAIKYOKU oya="0"/><INIT seed="0,0,0,4,2,114" ten="250,250,250,250" oya="0" hai0="33,18,49,121,29,14,83,133,99,111,16,12,110" hai1="61,24,86,122,85,94,52,53,57,55,47,36,63" hai2="71,80,118,93,75,119,67,51,78,1,3,96,26" hai3="48,46,39,84,134,20,130,54,90,70,105,127,113"/><T89/><D121/><U38/><E122/><V68/><F51/><W21/><G113/><T117/><D133/><U34/><E34/><V64/><F26/><W92/><G134/><T128/><D117/><N who="2" m="44554" /><F67/><W17/><G105/><T120/><D120/><U109/><E24/><V101/><F64/><W100/><G130/><T62/><D128/><U87/><E109/><N who="0" m="41481" /><D62/><U30/><E30/><V43/><F43/><W66/><G100/><T76/><D49/><U88/><E47/><V132/><F132/><W32/><G17/><N who="0" m="6763" /><D29/><U6/><E6/><V135/><F135/><W23/><G39/><T0/><D0/><AGARI ba="0,0" hai="0,1,3,68,71,75,78,80,93,96,101" m="44554" machi="0" ten="30,7700,0" yaku="12,1,52,3" doraHai="114" who="2" fromWho="0" sc="250,-77,250,0,250,77,250,0" /><INIT seed="1,0,0,0,1,91" ten="173,250,327,250" oya="1" hai0="72,132,18,60,65,70,54,2,26,95,66,45,99" hai1="0,98,92,10,102,3,63,120,75,104,57,116,129" hai2="115,39,134,106,6,12,37,103,67,94,34,40,112" hai3="80,46,131,31,93,14,86,133,23,27,24,68,84"/><U128/><E116/><V111/><F34/><W96/><G68/><T127/><D72/><U35/><E35/><V101/><F106/><W8/><G131/><N who="1" m="50250" /><E120/><V42/><F67/><W7/><G133/><T73/><D73/><U22/><E75/><V123/><F123/><W74/><G27/><T51/><D132/><U55/><E22/><V76/><F76/><W21/><G21/><T85/><D2/><N who="1" m="555" /><E10/><V36/><F134/><W130/><G130/><T71/><D127/><U69/><E69/><V64/><F115/><W122/><G122/><T32/><D85/><U33/><E33/><V126/><F112/><W15/><G15/><T79/><D79/><U61/><E61/><V97/><F12/><W100/><G80/><T9/><D66/><U53/><E53/><V52/><F52/><W47/><REACH who="3" step="1"/><G74/><REACH who="3" ten="173,250,327,240" step="2"/><T105/><D71/><U28/><E28/><V16/><F126/><W108/><G108/><T81/><D32/><U11/><E11/><V4/><F111/><W17/><G17/><T119/><D81/><U78/><E78/><V90/><F16/><W124/><G124/><T58/><D9/><U118/><E118/><V82/><F82/><W107/><G107/><AGARI ba="0,1" hai="55,57,63,92,98,102,104,107" m="555,50250" machi="107" ten="30,2900,0" yaku="19,1,52,1" doraHai="91" who="1" fromWho="3" sc="173,0,250,39,327,0,240,-29" /><INIT seed="1,1,0,1,5,3" ten="173,289,327,211" oya="1" hai0="110,117,93,26,1,22,51,86,66,21,29,9,11" hai1="60,5,57,73,95,69,59,81,71,133,80,31,94" hai2="78,19,106,8,134,24,34,27,107,122,125,43,111" hai3="17,113,124,135,12,115,63,103,55,99,123,101,30"/><U127/><E31/><V131/><F122/><W92/><G123/><T13/><D117/><U47/><E47/><V116/><F116/><W33/><G124/><T53/><D110/><U126/><E133/><V96/><F125/><W6/><G135/><T72/><D72/><U84/><E84/><V0/><F134/><W87/><G103/><T85/><D66/><U38/><E60/><V48/><F111/><W129/><G129/><T4/><D22/><U109/><E109/><V74/><F131/><W83/><G30/><T75/><D75/><U121/><E121/><V62/><F62/><W104/><G33/><T15/><D93/><U98/><E73/><V18/><F78/><W10/><G92/><T130/><D1/><U20/><E20/><V61/><F74/><W88/><G63/><T118/><D130/><U105/><E105/><V119/><F61/><W36/><G36/><T52/><D118/><U67/><E38/><V79/><F119/><W35/><G35/><T64/><D64/><U114/><E67/><V28/><F34/><W89/><G89/><T44/><D53/><U90/><E90/><V108/><F108/><W49/><REACH who="3" step="1"/><G17/><AGARI ba="1,0" hai="4,9,11,13,15,17,21,26,29,44,51,52,85,86" machi="17" ten="30,7700,0" yaku="7,1,8,1,52,1,54,1" doraHai="3" who="0" fromWho="3" sc="173,80,289,0,327,0,211,-80" /><INIT seed="2,0,0,1,4,1" ten="253,289,327,131" oya="2" hai0="69,97,109,89,41,23,54,51,27,33,28,94,47" hai1="25,58,106,2,3,37,99,80,95,110,74,134,90" hai2="11,77,30,79,129,59,119,20,123,24,49,84,50" hai3="70,53,29,22,66,101,126,88,56,105,0,92,102"/><V107/><F123/><W55/><G0/><T16/><D109/><U17/><E37/><V63/><F119/><W5/><G105/><T6/><D69/><U60/><E106/><V128/><F107/><W111/><G111/><T104/><D104/><U64/><E110/><V71/><F71/><W19/><G70/><T32/><D6/><U35/><E134/><V13/><F128/><W103/><G126/><T42/><REACH who="0" step="1"/><D33/><REACH who="0" ten="243,289,327,131" step="2"/><U124/><E124/><V38/><F129/><W130/><G5/><T108/><D108/><U131/><E131/><V98/><F38/><W14/><G130/><T21/><D21/><N who="1" m="13487" /><E35/><V26/><F20/><W68/><G68/><T116/><D116/><U82/><E2/><V18/><F11/><W67/><G29/><T121/><D121/><U114/><E3/><V120/><F30/><W44/><G44/><T36/><D36/><U8/><E8/><V86/><F120/><W83/><G83/><T73/><D73/><U43/><E74/><V65/><F26/><AGARI ba="0,1" hai="16,23,26,27,28,32,41,42,47,51,54,89,94,97" machi="26" ten="30,3900,0" yaku="1,1,7,1,54,1,53,0" doraHai="1" doraHaiUra="127" who="0" fromWho="2" sc="243,49,289,0,327,-39,131,0" /><INIT seed="3,0,0,5,2,90" ten="292,289,288,131" oya="3" hai0="4,77,129,16,62,14,53,42,118,92,39,93,40" hai1="120,26,25,121,134,63,11,108,84,54,111,1,31" hai2="73,131,123,127,69,115,102,32,100,58,37,9,41" hai3="8,55,20,50,71,24,47,3,82,74,13,91,27"/><W29/><G71/><T76/><D118/><U57/><E134/><V56/><F73/><W105/><G105/><T43/><D129/><U119/><E119/><V130/><F69/><W65/><G3/><T35/><D35/><U122/><E84/><V87/><F32/><W128/><G128/><N who="2" m="49193" /><F115/><W85/><G74/><T64/><D4/><U96/><E1/><V52/><F56/><W44/><G65/><T23/><D53/><U88/><E11/><V6/><F87/><W30/><G44/><T107/><D107/><U5/><E5/><V95/><F95/><N who="0" m="36426" /><D39/><U133/><E133/><V89/><F37/><W66/><G66/><T106/><D106/><U33/><E26/><N who="3" m="9770" /><G20/><T15/><D15/><U94/><AGARI ba="0,0" hai="25,31,33,54,57,63,88,94,96,108,111,120,121,122" machi="94" ten="40,5200,0" yaku="0,1,52,1,54,1" doraHai="90" who="1" fromWho="1" sc="292,-13,289,52,288,-13,131,-26" /><INIT seed="4,0,0,0,4,64" ten="279,341,275,105" oya="0" hai0="40,88,128,75,57,70,42,133,77,33,0,81,61" hai1="11,5,27,85,28,130,114,58,97,13,113,46,18" hai2="51,79,100,111,26,86,44,107,71,4,103,41,121" hai3="56,127,115,104,15,63,12,59,124,126,20,112,23"/><T8/><D128/><U10/><E130/><V117/><F121/><W67/><G104/><T123/><D123/><U53/><E46/><V95/><F111/><W110/><G110/><T82/><D70/><U98/><E85/><V1/><F117/><W35/><G35/><T76/><D33/><U135/><E135/><V24/><F71/><N who="3" m="42495" /><G15/><T102/><D133/><U83/><E83/><N who="2" m="47487" /><F1/><W78/><G78/><T118/><D118/><U6/><E6/><V106/><F106/><W34/><G34/><T84/><D102/><N who="2" m="38954" /><F107/><W32/><G32/><T25/><D25/><U38/><E38/><V122/><F122/><W101/><G101/><T116/><D116/><U94/><E28/><V21/><F4/><W45/><G45/><T14/><D0/><U90/><E98/><V65/><F65/><W60/><G12/><T119/><D119/><U93/><E93/><V80/><F80/><W125/><N who="3" m="31744" /><DORA hai="2" /><W29/><G29/><T129/><D129/><U36/><E36/><V108/><F108/><W19/><G60/><T105/><D105/><U54/><E54/><V22/><F95/><W73/><G73/><T89/><D77/><U74/><E74/><V87/><F26/><N who="3" m="14623" /><G23/><N who="2" m="8713" /><F24/><W49/><G49/><T99/><D99/><U48/><REACH who="1" step="1"/><E27/><REACH who="1" ten="279,331,275,105" step="2"/><V39/><F39/><W131/><G131/><T91/><D42/><U43/><E43/><V109/><F109/><W72/><G72/><T16/><D40/><U30/><E30/><V37/><F37/><W9/><G9/><T31/><D31/><U62/><E62/><V120/><F120/><W52/><G52/><AGARI ba="0,1" hai="8,14,16,52,57,61,75,76,81,82,84,88,89,91" machi="52" ten="30,11600,0" yaku="7,1,54,3" doraHai="64,2" who="0" fromWho="3" sc="279,126,331,0,275,0,105,-116" owari="405,50.0,331,13.0,275,-12.0,-11,-51.0" /></mjloggm>