<mjloggm ver="2.3"><GO type="97"/><UN n0="%E3%82%8B%E3%82%93%28%70%61%66%65%29" n1="%E9%9B%80%E9%AC%BC%E6%AA%B8%E6%AA%AC" n2="%D0%BA" n3="%EF%BC%88%E2%89%A7%E2%96%BD%E2%89%A6%EF%BC%89" dan="14,13,14,15" rate="1910,1862,2003,2008" sx="M,M,M,M"/><TAIKYOKU oya="0"/><INIT seed="0,0,0,5,2,112" ten="250,250,250,250" oya="0" hai0="32,42,99,78,29,28,14,15,101,80,75,134,122" hai1="102,56,117,9,69,94,21,49,30,85,113,33,118" hai2="135,90,126,34,82,6,38,55,130,114,35,129,109" hai3="46,116,70,57,73,111,124,26,84,133,79,71,123"/><T23/><D122/><U51/><E69/><V48/><F114/><W25/><G73/><T50/><D32/><U88/><E113/><V27/><F38/><W96/><G123/><T119/><D134/><U7/><E33/><V91/><F135/><W131/><G131/><N who="2" m="50185" /><F109/><W22/><G133/><T43/><D43/><U106/><E106/><V92/><F6/><W127/><G111/><T31/><D119/><U4/><E102/><V107/><F107/><W89/><G116/><T60/><D60/><U52/><E49/><V76/><F126/><W100/><G79/><T2/><D2/><U44/><E7/><V58/><F27/><W37/><G26/><T67/><D67/><U98/><E98/><N who="2" m="57623" /><F91/><W87/><G89/><T53/><D42/><U120/><E120/><V11/><F11/><W103/><G124/><T19/><D15/><U8/><E44/><V115/><F115/><W97/><G46/><T40/><D40/><U64/><E64/><V66/><F66/><W5/><G37/><T86/><D75/><AGARI ba="0,0" hai="34,35,48,55,58,75,76,82" m="57623,50185" machi="75" ten="30,1000,0" yaku="19,1" doraHai="112" who="2" fromWho="0" sc="250,-10,250,0,250,10,250,0" /><INIT seed="1,0,0,4,3,27" ten="240,250,260,250" oya="1" hai0="101,130,45,85,69,90,24,109,26,88,79,15,64" hai1="60,66,125,91,39,29,73,25,23,76,110,36,86" hai2="1,132,67,41,77,117,103,111,70,105,56,63,53" hai3="12,28,104,57,82,58,4,96,6,50,131,108,94"/><U13/><E125/><V98/><F117/><W83/><G104/><T135/><D101/><U21/><E110/><V11/><F111/><W81/><G131/><T7/><D109/><U49/><E49/><V87/><F132/><W33/><G108/><T68/><D135/><U113/><E113/><V97/><F97/><W121/><G121/><T42/><D130/><U22/><E36/><V122/><F122/><W107/><G107/><T84/><D64/><U35/><E39/><V9/><F41/><W62/><G33/><T34/><D79/><U72/><E76/><V3/><F3/><W120/><G120/><T14/><D42/><U106/><E13/><V75/><F75/><W89/><G28/><T99/><D45/><U134/><E106/><V128/><F1/><W54/><REACH who="3" step="1"/><G12/><REACH who="3" ten="240,250,260,240" step="2"/><T18/><D34/><U20/><E134/><V40/><F128/><W59/><G59/><T71/><D99/><U114/><E114/><V37/><F98/><W47/><G47/><T44/><D44/><U2/><E2/><V102/><F105/><W38/><G38/><T32/><D32/><U80/><N who="1" m="5632" /><DORA hai="100" /><U8/><REACH who="1" step="1"/><E8/><REACH who="1" ten="240,240,260,240" step="2"/><V95/><F9/><W0/><G0/><T129/><D129/><U124/><E124/><V93/><F11/><W19/><G19/><T31/><D18/><U74/><E74/><V16/><F16/><W126/><G126/><T92/><D14/><U115/><E115/><V10/><F10/><W51/><G51/><T65/><D15/><U112/><E112/><V123/><F37/><W127/><G127/><T116/><D116/><U30/><E30/><RYUUKYOKU ba="0,2" sc="240,-15,240,15,260,-15,240,15" hai1="25,29,35,60,66,72,73,80,86,91" hai3="4,6,50,54,57,58,62,81,82,83,89,94,96" /><INIT seed="1,1,2,2,0,42" ten="225,255,245,255" oya="1" hai0="39,84,86,69,50,25,135,17,134,67,79,65,85" hai1="99,18,126,27,115,87,94,125,110,100,21,113,95" hai2="105,71,104,118,74,38,47,43,11,89,1,34,114" hai3="129,0,108,66,37,63,116,7,77,16,75,23,41"/><U56/><E110/><V14/><F118/><W68/><G116/><T120/><D39/><U29/><E56/><V73/><F89/><W9/><G108/><T133/><D120/><U54/><E54/><V53/><F53/><W127/><G127/><N who="1" m="48650" /><E29/><V121/><F14/><W124/><G124/><T97/><D79/><U106/><E87/><V4/><F121/><W117/><G117/><T59/><D97/><U131/><E131/><V109/><F109/><W122/><G122/><T57/><D69/><U111/><E111/><V45/><F71/><W22/><G129/><T15/><D25/><U128/><E128/><V88/><F114/><AGARI ba="1,2" hai="18,21,27,94,95,99,100,106,113,114,115" m="48650" machi="114" ten="30,1500,0" yaku="18,1" doraHai="42" who="1" fromWho="2" sc="225,0,255,38,245,-18,255,0" /><INIT seed="1,2,0,1,5,6" ten="225,293,227,255" oya="1" hai0="0,33,102,44,42,37,113,123,110,99,69,22,86" hai1="78,87,58,98,27,129,127,74,48,36,28,131,60" hai2="83,89,122,56,73,134,21,80,43,26,84,92,126" hai3="103,40,3,105,18,39,70,100,88,96,64,130,35"/><U82/><E36/><V72/><F122/><W106/><G130/><N who="1" m="49674" /><E127/><V104/><F104/><W128/><G128/><T5/><D113/><U45/><E98/><V31/><F126/><W67/><G3/><T117/><D117/><U133/><E133/><V135/><F43/><W65/><G35/><T38/><D123/><U57/><E74/><V32/><F32/><W107/><G70/><T49/><D69/><U101/><E101/><V30/><F30/><W54/><G54/><T20/><D38/><U17/><E17/><V93/><F56/><W4/><G4/><T124/><D124/><U81/><E81/><N who="2" m="31307" /><F93/><W125/><G125/><T79/><D37/><U47/><E58/><V25/><F25/><W111/><G100/><T29/><D99/><U94/><E94/><V52/><F72/><W68/><G68/><T63/><D102/><U11/><E11/><V119/><F73/><W16/><G103/><T50/><D44/><U8/><E8/><V14/><F134/><W61/><G107/><T53/><D0/><U10/><E10/><V34/><F135/><W1/><G106/><T109/><D5/><U9/><E9/><V15/><F34/><W55/><G105/><T24/><D33/><N who="1" m="20639" /><E48/><V7/><F7/><W90/><G1/><T62/><D50/><U116/><E116/><V120/><F119/><W51/><G51/><T108/><D22/><U114/><E114/><V91/><F120/><W75/><G75/><T85/><D49/><U121/><E121/><V59/><F91/><W115/><G90/><T19/><D20/><U46/><E46/><V41/><F41/><RYUUKYOKU ba="2,0" sc="225,-15,293,15,227,15,255,-15" hai1="45,47,57,60,78,82,87" hai2="14,15,21,26,31,52,59,84,89,92" /><INIT seed="1,3,0,5,1,21" ten="210,308,242,240" oya="1" hai0="89,108,98,86,64,68,69,99,65,50,87,79,90" hai1="61,38,1,77,25,135,125,105,80,20,126,36,67" hai2="27,26,122,57,12,117,84,46,59,76,56,6,132" hai3="121,41,104,66,109,45,49,85,18,8,134,31,16"/><U131/><E105/><V92/><F117/><W70/><G121/><T14/><D108/><U60/><E1/><V112/><F122/><W40/><G104/><T118/><D14/><U48/><E48/><V73/><F132/><W119/><G119/><T47/><D118/><U130/><E135/><V123/><F123/><W128/><G134/><T100/><D79/><U7/><E7/><V97/><F73/><W82/><G109/><T58/><D58/><U74/><E36/><V39/><F39/><W0/><G128/><N who="1" m="49194" /><E38/><V107/><F107/><W11/><G31/><T23/><D50/><U91/><E91/><N who="2" m="55455" /><F46/><W113/><G40/><T51/><D100/><U17/><E61/><V101/><F101/><W63/><G113/><T120/><D120/><U93/><E93/><V4/><F112/><W96/><G96/><T129/><D129/><U103/><E103/><V106/><F106/><W24/><G0/><T53/><D99/><U102/><E102/><V54/><F54/><W35/><G70/><AGARI ba="3,0" hai="17,20,25,60,67,70,74,77,80,125,126" m="49194" machi="70" ten="30,2900,0" yaku="19,1,52,1" doraHai="21" who="1" fromWho="3" sc="210,0,308,38,242,0,240,-38" /><INIT seed="1,4,0,0,5,87" ten="210,346,242,202" oya="1" hai0="54,117,69,85,70,71,131,84,125,119,38,49,41" hai1="132,126,83,39,19,135,77,81,113,42,33,89,73" hai2="92,53,90,1,111,25,52,86,122,37,48,88,6" hai3="2,128,55,28,4,56,98,115,60,94,129,109,75"/><U43/><E33/><V116/><F116/><N who="0" m="44618" /><D84/><N who="1" m="50319" /><E19/><V32/><F37/><W27/><G75/><T121/><D85/><U23/><E23/><V93/><F122/><W30/><G115/><T47/><D121/><U127/><E39/><V97/><F111/><W74/><G74/><T107/><D107/><U26/><E26/><V110/><F110/><W68/><G68/><T96/><D96/><U100/><E42/><V22/><F32/><W63/><G63/><T120/><D120/><U105/><E43/><V14/><F1/><W123/><G123/><T36/><D125/><N who="1" m="47627" /><E113/><V7/><F14/><W99/><G109/><T35/><D35/><U133/><E100/><V34/><F34/><W72/><G28/><T67/><D38/><U102/><E102/><V0/><F0/><W40/><G40/><T118/><N who="0" m="44626" /><T130/><DORA hai="95" /><D67/><U103/><E103/><V59/><F53/><W21/><G55/><T9/><D9/><U15/><E15/><V29/><AGARI ba="4,0" hai="6,7,22,25,29,48,52,59,86,88,90,92,93,97" machi="29" ten="20,16000,3" yaku="0,1,7,1,8,1,52,3,54,2" doraHai="87,95" who="2" fromWho="2" sc="210,-44,346,-84,242,172,202,-44" /><INIT seed="2,0,0,3,3,63" ten="166,262,414,158" oya="2" hai0="34,17,113,15,46,96,60,62,70,57,30,44,16" hai1="91,69,3,129,83,38,54,127,100,41,47,102,25" hai2="125,105,61,110,79,74,55,40,86,22,0,50,85" hai3="118,7,4,71,72,18,126,99,24,35,117,88,131"/><V77/><F105/><W81/><G71/><T43/><D113/><U98/><E3/><V51/><F0/><W128/><G72/><T5/><D34/><U66/><E129/><N who="3" m="49738" /><G126/><T42/><D30/><U36/><E127/><V95/><F51/><W101/><G81/><T108/><D5/><N who="3" m="2121" /><G88/><T130/><D130/><U120/><E38/><V56/><F95/><N who="3" m="58623" /><G18/><T82/><D82/><U1/><E1/><V32/><F85/><W39/><G39/><T49/><D96/><U97/><E120/><V28/><F86/><W59/><G59/><T53/><D17/><U133/><E133/><V73/><F22/><W107/><G107/><T45/><D16/><U124/><E124/><V92/><F28/><AGARI ba="0,0" hai="24,28,35,117,118" m="58623,2121,49738" machi="28" ten="30,1000,0" yaku="19,1" doraHai="63" who="3" fromWho="2" sc="166,0,262,0,414,-10,158,10" /><INIT seed="3,0,0,1,0,61" ten="166,262,404,168" oya="3" hai0="97,17,62,130,87,51,81,66,94,32,26,52,43" hai1="85,13,131,37,59,67,133,9,19,42,39,8,83" hai2="25,129,105,50,11,45,93,120,127,5,110,4,33" hai3="48,82,121,109,38,64,96,108,2,18,68,3,35"/><W28/><G38/><T54/><D130/><U10/><E133/><V20/><F105/><W92/><G121/><T125/><D125/><U117/><E131/><V99/><F33/><W21/><G48/><T90/><D43/><U58/><E117/><V128/><F127/><W15/><G82/><T91/><D51/><U111/><E111/><N who="3" m="42570" /><G28/><T55/><D32/><U14/><E10/><V44/><F50/><W116/><G35/><T134/><D134/><U89/><E42/><V80/><F80/><W119/><G116/><T76/><D26/><U34/><E34/><V30/><F120/><W135/><G119/><T106/><D106/><U100/><E100/><V103/><F45/><W79/><G79/><T113/><D113/><U77/><E77/><V75/><F44/><W16/><G18/><T23/><D76/><U0/><E0/><N who="3" m="42" /><G135/><T1/><D1/><U57/><REACH who="1" step="1"/><E67/><REACH who="1" ten="166,252,404,168" step="2"/><V24/><F110/><W72/><G72/><T102/><D102/><U122/><E122/><V46/><F75/><W63/><G92/><T84/><D84/><U114/><E114/><V70/><F93/><W36/><G36/><T47/><D47/><U132/><E132/><V56/><F46/><W78/><G78/><T7/><D7/><AGARI ba="0,1" hai="7,8,9,13,14,19,37,39,57,58,59,83,85,89" machi="7" ten="40,1300,0" yaku="1,1,53,0" doraHai="61" doraHaiUra="126" who="1" fromWho="0" sc="166,-13,252,23,404,0,168,0" owari="153,-35.0,275,8.0,404,50.0,168,-23.0" /></mjloggm>