<mjloggm ver="2.3"><GO type="169"/><UN n0="%44%65%78%69%63" n1="%E3%83%AF%E3%82%A4%E3%83%AB%E3%83%89" n2="%EF%BC%88%E2%89%A7%E2%96%BD%E2%89%A6%EF%BC%89" n3="%75%73%6B%31%31%31%35" dan="16,17,17,16" rate="2088,2199,2114,2103" sx="M,M,M,M"/><TAIKYOKU oya="0"/><INIT seed="0,0,0,4,1,18" ten="250,250,250,250" oya="0" hai0="11,24,123,89,29,49,119,53,81,21,0,69,36" hai1="125,121,40,62,52,12,93,96,30,98,133,78,115" hai2="107,64,75,27,46,54,73,17,26,114,102,101,134" hai3="1,100,71,61,105,95,44,122,129,70,103,99,35"/><T65/><D119/><U58/><E121/><V41/><F114/><W80/><G1/><T3/><D123/><U32/><E115/><V91/><F134/><W109/><G44/><T51/><D36/><U68/><E133/><V7/><F7/><W47/><G47/><T85/><D69/><U118/><E118/><V25/><F64/><W72/><G122/><T14/><D65/><U56/><E68/><V76/><F54/><W106/><G35/><T128/><D128/><U6/><E125/><V110/><F110/><W87/><G61/><T111/><D111/><U116/><E116/><V37/><F91/><N who="3" m="53759" /><G109/><T42/><D42/><U86/><E40/><V23/><F76/><N who="3" m="44039" /><G129/><T31/><D31/><U83/><E30/><V2/><F2/><W13/><G13/><T90/><D90/><U20/><E32/><V39/><F39/><W130/><G130/><T113/><D51/><U77/><E77/><V104/><F73/><W55/><G55/><T4/><REACH who="0" step="1"/><D113/><REACH who="0" ten="240,250,250,250" step="2"/><U45/><E62/><V67/><F67/><W28/><G28/><T135/><D135/><U63/><E63/><V108/><F108/><W38/><G38/><T48/><D48/><U22/><E52/><V60/><F60/><W132/><G132/><T92/><D92/><U84/><E93/><V79/><F41/><W82/><G82/><T94/><D94/><U50/><E83/><N who="2" m="45567" /><F37/><W34/><G70/><T126/><D126/><U8/><E50/><V15/><F46/><AGARI ba="0,1" hai="0,3,4,11,14,21,24,29,46,49,53,81,85,89" machi="46" ten="30,5800,0" yaku="1,1,7,1,52,1,53,0" doraHai="18" doraHaiUra="88" who="0" fromWho="2" sc="240,68,250,0,250,-58,250,0" /><INIT seed="0,1,0,3,3,36" ten="308,250,192,250" oya="0" hai0="72,84,62,40,9,93,75,124,88,104,66,38,119" hai1="134,118,117,128,121,8,45,78,83,15,109,29,63" hai2="77,103,11,13,123,34,97,31,23,122,44,2,129" hai3="106,53,110,70,116,39,54,94,16,111,49,135,105"/><T47/><D124/><U14/><E121/><V101/><F129/><W21/><G116/><T67/><D119/><U74/><E109/><N who="3" m="41482" /><G39/><T89/><D104/><N who="3" m="40041" /><G70/><T91/><D9/><U76/><E128/><V18/><F77/><W125/><G135/><T25/><D25/><U61/><E134/><V24/><F44/><W112/><G112/><T52/><D67/><U81/><E29/><V127/><F127/><W96/><G49/><T43/><D43/><U10/><REACH who="1" step="1"/><E45/><REACH who="1" ten="308,240,192,250" step="2"/><V37/><F123/><W41/><G125/><T28/><D28/><U107/><E107/><V17/><F122/><W80/><G80/><T86/><D93/><U92/><E92/><V132/><F132/><W33/><G33/><T56/><REACH who="0" step="1"/><D66/><REACH who="0" ten="298,240,192,250" step="2"/><U12/><E12/><V69/><F13/><N who="3" m="9359" /><G41/><T99/><D99/><U59/><E59/><V130/><F97/><W26/><G26/><T20/><D20/><U64/><E64/><V6/><F23/><W4/><G94/><T115/><D115/><U120/><E120/><V108/><F24/><W87/><G96/><T46/><D46/><U68/><E68/><V27/><F108/><W35/><G35/><T7/><D7/><U126/><E126/><V90/><F69/><W95/><G4/><T65/><D65/><U30/><E30/><V0/><F130/><W19/><G19/><T57/><D57/><U102/><E102/><V58/><F101/><W3/><G3/><T48/><D48/><U85/><E85/><AGARI ba="1,2" hai="38,40,47,52,56,62,72,75,84,85,86,88,89,91" machi="85" ten="40,12000,1" yaku="1,1,52,1,54,2,53,0" doraHai="36" doraHaiUra="114" who="0" fromWho="1" sc="298,143,240,-123,192,0,250,0" /><INIT seed="0,2,0,5,5,18" ten="441,117,192,250" oya="0" hai0="57,126,7,72,109,132,23,69,46,34,105,1,60" hai1="128,54,59,115,33,24,16,29,32,22,5,81,113" hai2="44,64,67,77,43,130,94,90,95,99,42,71,39" hai3="110,56,2,87,31,41,58,49,76,14,114,62,125"/><T20/><D34/><U98/><E128/><V35/><F130/><W120/><G114/><N who="1" m="43530" /><E81/><V85/><F35/><N who="1" m="13385" /><E98/><V66/><F42/><W68/><G2/><T84/><D72/><U70/><E70/><V55/><F71/><W131/><G110/><T61/><D105/><U51/><E5/><V100/><F77/><W92/><G125/><T27/><D126/><U19/><AGARI ba="2,0" hai="16,19,22,24,29,51,54,59" m="13385,43530" machi="19" ten="40,5200,0" yaku="11,1,52,1,54,1" doraHai="18" who="1" fromWho="1" sc="441,-28,117,58,192,-15,250,-15" /><INIT seed="1,0,0,2,3,81" ten="413,175,177,235" oya="1" hai0="119,37,50,113,82,102,41,31,18,46,100,26,51" hai1="120,35,39,112,105,85,19,14,111,65,54,106,61" hai2="125,44,7,4,127,6,131,133,83,52,67,20,27" hai3="69,135,53,75,92,5,49,13,126,38,57,22,130"/><U42/><E35/><V8/><F67/><W129/><G69/><T124/><D113/><U91/><E120/><V30/><F131/><W2/><G38/><T80/><D119/><U16/><E112/><V24/><F133/><W70/><G70/><T99/><D124/><N who="2" m="47690" /><F83/><W47/><G126/><T21/><D100/><U132/><E132/><V97/><F97/><W79/><G135/><T73/><D80/><U76/><E76/><V40/><F40/><W77/><G2/><T36/><D36/><U121/><E121/><V64/><F64/><W95/><G75/><T9/><D73/><U78/><E78/><N who="3" m="29706" /><G47/><T88/><D9/><U43/><E111/><V108/><F108/><W11/><G22/><T12/><D12/><U123/><E123/><V134/><F134/><W59/><G59/><T87/><REACH who="0" step="1"/><D31/><REACH who="0" ten="403,175,177,235" step="2"/><U25/><E39/><V107/><F27/><W45/><G130/><T48/><D48/><U74/><E25/><V29/><F30/><W90/><G129/><T109/><D109/><U84/><E74/><V34/><F107/><AGARI ba="0,1" hai="18,21,26,37,41,46,50,51,82,87,88,99,102,107" machi="107" ten="30,7700,0" yaku="1,1,7,1,52,1,54,1,53,0" doraHai="81" doraHaiUra="58" who="0" fromWho="2" sc="403,87,175,0,177,-77,235,0" /><INIT seed="2,0,0,5,2,121" ten="490,175,100,235" oya="2" hai0="115,20,39,33,5,103,124,54,109,131,35,13,59" hai1="45,69,133,96,19,64,73,48,104,16,119,99,17" hai2="82,24,91,111,95,106,132,25,29,60,71,51,134" hai3="79,62,6,108,85,84,3,28,1,2,107,102,12"/><V101/><F82/><W56/><G28/><T87/><D39/><U86/><E73/><V66/><F51/><W34/><G34/><T32/><D115/><U14/><E119/><V4/><F4/><W52/><G79/><T110/><D103/><U97/><E133/><N who="2" m="51307" /><F29/><W53/><G53/><T88/><D124/><U76/><E104/><V100/><F106/><W67/><G107/><T94/><D131/><U57/><E69/><V26/><F111/><N who="0" m="42506" /><D5/><U18/><E76/><V120/><F120/><W46/><G102/><T63/><D13/><U41/><E86/><AGARI ba="0,0" hai="24,25,26,60,66,71,86,91,95,100,101" m="51307" machi="86" ten="30,1500,0" yaku="20,1" doraHai="121" who="2" fromWho="1" sc="490,0,175,-15,100,15,235,0" /><INIT seed="2,1,0,2,2,66" ten="490,160,115,235" oya="2" hai0="57,129,123,110,101,32,20,42,117,95,30,114,90" hai1="103,63,131,52,7,75,40,111,135,13,8,124,53" hai2="100,14,43,11,19,33,108,116,58,39,86,22,49" hai3="89,12,46,113,35,97,78,130,9,27,17,93,6"/><V115/><F116/><W77/><G130/><T133/><D32/><U69/><E75/><V23/><F115/><W74/><G113/><T120/><D114/><U68/><E111/><V102/><F33/><W3/><G74/><T45/><D117/><U67/><E135/><V21/><F108/><W98/><G98/><T91/><D110/><U125/><E131/><V26/><F39/><W79/><G46/><T88/><D129/><U2/><E103/><V72/><F72/><W85/><G97/><T1/><D1/><U29/><E40/><V121/><F121/><W51/><G51/><T73/><D73/><U134/><E134/><V94/><F26/><W96/><G96/><T16/><D133/><U24/><E2/><V118/><F118/><W107/><G107/><T109/><D109/><U92/><E92/><V41/><F41/><W82/><G82/><T10/><D101/><U99/><E99/><V5/><F5/><W81/><G81/><T76/><D76/><U0/><E0/><V59/><F59/><W31/><REACH who="3" step="1"/><G79/><REACH who="3" ten="490,160,115,225" step="2"/><T55/><D120/><U28/><E125/><V122/><F122/><W87/><G87/><T64/><D123/><U128/><E124/><V132/><F132/><W105/><G105/><T84/><D84/><U104/><E104/><V4/><F100/><W37/><G37/><T25/><D95/><U48/><E48/><V50/><F102/><W71/><G71/><T127/><D127/><U34/><E128/><V119/><F119/><W56/><G56/><T61/><D90/><U47/><E69/><V70/><F58/><W44/><G44/><RYUUKYOKU ba="1,1" sc="490,-10,160,-10,115,-10,225,30" hai3="3,6,9,12,17,27,31,35,77,78,85,89,93" /><INIT seed="3,2,1,3,4,91" ten="480,150,105,255" oya="3" hai0="26,56,111,99,41,30,3,72,127,92,94,89,45" hai1="0,54,105,25,47,110,51,88,87,108,73,68,46" hai2="66,69,55,109,64,57,135,2,97,67,37,104,132" hai3="115,33,101,77,74,71,9,75,39,121,93,95,129"/><W18/><G115/><T63/><D111/><N who="1" m="42539" /><E73/><V107/><F2/><W131/><G71/><T35/><D127/><U17/><E0/><V34/><F34/><W78/><G121/><T128/><D128/><N who="3" m="49225" /><G39/><T31/><D3/><U61/><E105/><V124/><F124/><W85/><G33/><T43/><D72/><N who="3" m="27689" /><G18/><T112/><D112/><U134/><E134/><N who="2" m="51243" /><F109/><W84/><G9/><T123/><D123/><U42/><E68/><V83/><F37/><W7/><G7/><T126/><D126/><U117/><E117/><V1/><F1/><W10/><G10/><T76/><D76/><N who="3" m="29289" /><G101/><T98/><D45/><U40/><E17/><V8/><F8/><W130/><N who="3" m="49233" /><W62/><DORA hai="44" /><G62/><T52/><D31/><U15/><E61/><N who="2" m="36031" /><F69/><W36/><G36/><T80/><D35/><U14/><E25/><V28/><F28/><W4/><G4/><T118/><D26/><U90/><E42/><N who="0" m="15881" /><D30/><U21/><E40/><V102/><F64/><W86/><AGARI ba="2,1" hai="84,85,86,93,95" m="29289,27689,49233" machi="86" ten="50,18000,2" yaku="28,2,19,1,34,2,52,2" doraHai="91,44" who="3" fromWho="3" sc="480,-62,150,-62,105,-62,255,196" /><INIT seed="3,3,0,1,1,1" ten="418,88,43,451" oya="3" hai0="64,97,29,43,40,13,99,7,61,52,25,30,102" hai1="23,76,72,34,94,38,27,133,104,71,74,35,86" hai2="117,98,3,89,28,9,11,18,107,51,69,68,84" hai3="6,15,12,81,22,116,36,48,44,121,111,59,55"/><W14/><G116/><T101/><D64/><U2/><E104/><V125/><F117/><W103/><G121/><T4/><D13/><N who="3" m="5225" /><G36/><T88/><D25/><U79/><E2/><V45/><F125/><W16/><G111/><T118/><D118/><U120/><E120/><V67/><F28/><N who="0" m="10858" /><D43/><U24/><E38/><V123/><F123/><W135/><G135/><T115/><D40/><U10/><E71/><V92/><F18/><W19/><G103/><N who="0" m="39435" /><D115/><U113/><E133/><V63/><F107/><W100/><G100/><T90/><D52/><U85/><E113/><V39/><F39/><W91/><G44/><T60/><D97/><U62/><E23/><V82/><F69/><W119/><G119/><T128/><D128/><U32/><E32/><V65/><F65/><W75/><G75/><T49/><D49/><U54/><E54/><V77/><REACH who="2" step="1"/><F3/><REACH who="2" ten="418,88,33,451" step="2"/><W106/><G106/><T42/><D42/><AGARI ba="3,1" hai="9,11,42,45,51,63,67,68,77,82,84,89,92,98" machi="42" ten="30,3900,0" yaku="1,1,2,1,7,1,53,0" doraHai="1" doraHaiUra="31" who="2" fromWho="0" sc="418,-48,88,0,33,58,451,0" /><INIT seed="4,0,0,2,5,11" ten="370,88,91,451" oya="0" hai0="56,127,39,59,111,97,88,113,61,83,0,43,34" hai1="50,129,73,63,78,92,106,42,4,75,66,40,55" hai2="122,10,7,130,45,85,81,14,124,62,26,118,103" hai3="47,86,114,134,82,120,70,69,19,79,80,57,101"/><T100/><D0/><U112/><E106/><V110/><F122/><W33/><G33/><T32/><D111/><U90/><E129/><V28/><F110/><W12/><G101/><T2/><D2/><U109/><E109/><V36/><F130/><W53/><G120/><T115/><D127/><U102/><E102/><V15/><F124/><W23/><G114/><N who="0" m="43531" /><D43/><U116/><E112/><V6/><F118/><W64/><G134/><T87/><D39/><U71/><E116/><V84/><F103/><W93/><G47/><T77/><D77/><U38/><E4/><V104/><F104/><W1/><G1/><T21/><D21/><U117/><E117/><V44/><F62/><W96/><G64/><N who="0" m="38951" /><D59/><N who="1" m="33271" /><E42/><V132/><F132/><W126/><G126/><T41/><D41/><U108/><E78/><N who="2" m="46135" /><F36/><W9/><G23/><T65/><D65/><U51/><E51/><V72/><F72/><W128/><G128/><T89/><D89/><U8/><E8/><N who="2" m="4383" /><F28/><W3/><G3/><T68/><D68/><U94/><E108/><V16/><F85/><W131/><G131/><T54/><D54/><U74/><E90/><V30/><F30/><W20/><G20/><AGARI ba="0,0" hai="6,10,15,16,20,26,44,45" m="4383,46135" machi="20" ten="30,7700,0" yaku="8,1,52,2,54,1" doraHai="11" who="2" fromWho="3" sc="370,0,88,0,91,77,451,-77" /><INIT seed="5,0,0,0,1,28" ten="370,88,168,374" oya="1" hai0="40,128,116,125,131,94,33,23,124,17,46,112,22" hai1="123,135,100,130,68,66,61,41,95,3,2,97,81" hai2="113,77,134,102,127,4,20,101,58,120,59,1,67" hai3="110,126,89,105,45,14,30,34,43,73,31,108,111"/><U129/><E123/><V85/><F120/><W48/><G105/><T69/><D69/><U72/><E135/><V76/><F134/><W8/><G73/><T107/><D107/><U26/><E41/><V78/><F127/><N who="0" m="48714" /><D116/><U56/><E68/><V117/><F117/><W91/><G126/><T5/><D5/><U99/><E99/><V132/><F132/><W98/><G98/><T6/><D6/><U37/><E37/><V121/><F121/><W83/><G83/><T115/><D94/><U52/><E66/><V103/><F113/><N who="0" m="43594" /><D33/><U15/><E15/><V106/><F106/><W27/><REACH who="3" step="1"/><G31/><REACH who="3" ten="370,88,168,364" step="2"/><T109/><D109/><U12/><E81/><V55/><F103/><W80/><G80/><T7/><D7/><AGARI ba="0,1" hai="7,8,14,27,30,34,43,45,48,89,91,108,110,111" machi="7" ten="40,2600,0" yaku="1,1,52,1,53,0" doraHai="28" doraHaiUra="64" who="3" fromWho="0" sc="370,-26,88,0,168,0,364,36" /><INIT seed="6,0,0,4,1,94" ten="344,88,168,400" oya="2" hai0="75,33,15,97,104,114,64,1,12,34,72,55,54" hai1="46,49,113,40,129,17,31,51,61,53,126,7,121" hai2="28,60,59,39,47,119,90,101,134,44,74,42,120" hai3="6,37,29,79,11,23,56,16,69,89,78,92,8"/><V67/><F120/><W38/><G69/><T99/><D104/><U87/><E121/><V111/><F119/><W86/><G29/><T13/><D64/><U106/><E106/><V103/><F74/><N who="0" m="28202" /><D1/><U43/><E113/><V107/><F134/><W130/><G130/><T131/><D131/><U0/><E129/><V25/><F111/><W125/><G125/><T100/><D100/><U124/><E31/><V14/><F107/><W48/><G38/><T57/><D57/><U85/><E7/><V41/><F90/><W32/><G37/><T68/><D68/><U10/><E0/><V35/><REACH who="2" step="1"/><F14/><REACH who="2" ten="344,88,158,400" step="2"/><W80/><G89/><T115/><D115/><U109/><E109/><V93/><F93/><W76/><G92/><T70/><D114/><U98/><E126/><V127/><F127/><W50/><G76/><T24/><D12/><U96/><E124/><V4/><F4/><W26/><G78/><T5/><D13/><U52/><E10/><V36/><AGARI ba="0,1" hai="25,28,35,36,39,41,42,44,47,59,60,67,101,103" machi="36" ten="20,12000,1" yaku="1,1,0,1,7,1,9,1,53,1" doraHai="94" doraHaiUra="62" who="2" fromWho="2" sc="344,-40,88,-40,158,130,400,-40" /><INIT seed="6,1,0,3,2,83" ten="304,48,288,360" oya="2" hai0="31,45,51,114,39,76,65,60,95,115,128,15,102" hai1="32,96,119,46,5,23,71,74,63,21,99,126,62" hai2="82,106,18,41,57,113,69,112,22,11,30,104,61" hai3="101,37,124,35,33,26,0,3,58,81,29,25,79"/><V90/><F69/><W103/><G37/><T34/><D39/><U116/><E5/><V105/><F41/><W130/><G124/><T66/><D128/><U59/><E126/><V44/><F44/><W111/><G111/><T48/><D76/><U20/><E46/><V98/><F30/><W77/><G58/><T38/><D31/><U17/><E59/><V53/><F11/><W28/><G81/><T121/><D34/><U133/><E71/><V87/><REACH who="2" step="1"/><F98/><REACH who="2" ten="304,48,278,360" step="2"/><W135/><G130/><T67/><D38/><U55/><E96/><V42/><F42/><W12/><G135/><T78/><D45/><U73/><E99/><V9/><F9/><W10/><G10/><T80/><D115/><U110/><E133/><V85/><F85/><W129/><G129/><T64/><D114/><U70/><E70/><V88/><F88/><W19/><G28/><T134/><D134/><U91/><E91/><V24/><AGARI ba="1,1" hai="18,22,24,53,57,61,82,87,90,104,105,106,112,113" machi="24" ten="40,7800,0" yaku="1,1,0,1,52,1,53,0" doraHai="83" doraHaiUra="4" who="2" fromWho="2" sc="304,-27,48,-27,278,91,360,-27" /><INIT seed="6,2,0,3,3,54" ten="277,21,369,333" oya="2" hai0="36,64,120,128,31,59,23,1,101,121,7,65,114" hai1="133,116,44,51,117,66,19,69,109,89,63,45,17" hai2="62,55,113,60,80,52,72,20,110,90,26,124,135" hai3="99,132,93,102,33,127,61,97,25,78,18,87,30"/><V74/><F135/><W2/><G2/><T134/><D36/><U100/><E109/><V118/><F118/><W91/><G132/><T83/><D134/><U88/><E133/><V82/><F110/><W67/><G127/><T34/><D34/><U96/><E51/><V43/><F124/><W103/><G78/><T27/><D128/><U107/><E116/><V53/><F113/><W49/><G49/><T14/><D114/><U57/><E117/><V22/><F43/><W40/><G40/><T75/><D1/><U35/><E19/><N who="2" m="12575" /><F74/><W92/><G18/><T10/><D101/><U76/><E76/><V5/><F5/><W125/><G125/><T71/><D71/><U105/><E105/><V84/><F72/><W122/><G122/><T79/><REACH who="0" step="1"/><D65/><REACH who="0" ten="267,21,369,333" step="2"/><U38/><E38/><V12/><F80/><W32/><G33/><T112/><D112/><U115/><E115/><V48/><F48/><W81/><G67/><T11/><D11/><U3/><E3/><V129/><F129/><W46/><G46/><T41/><D41/><U8/><E35/><V39/><F39/><W16/><G103/><T86/><D86/><U119/><E119/><V0/><F0/><W56/><G99/><T111/><D111/><U68/><E68/><V9/><F9/><W4/><G102/><T123/><D123/><U15/><REACH who="1" step="1"/><E69/><REACH who="1" ten="267,11,369,333" step="2"/><V58/><F62/><AGARI ba="2,2" hai="7,10,14,23,27,31,59,62,64,75,79,83,120,121" machi="62" ten="40,2600,0" yaku="1,1,52,1,53,0" doraHai="54" doraHaiUra="95" who="0" fromWho="2" sc="267,52,11,0,369,-32,333,0" /><INIT seed="7,0,0,1,4,102" ten="319,11,337,333" oya="3" hai0="23,100,96,75,94,16,93,2,118,83,111,10,26" hai1="132,11,61,8,128,86,92,119,17,73,25,59,51" hai2="48,4,47,107,97,89,115,24,85,123,18,109,27" hai3="37,42,129,1,14,28,55,21,38,58,133,29,78"/><W43/><G1/><T33/><D118/><U135/><E73/><V84/><F109/><W116/><G116/><T72/><D111/><U127/><E51/><V76/><F123/><W13/><G133/><N who="1" m="51274" /><E92/><N who="2" m="56463" /><F107/><W41/><G129/><T91/><D33/><U20/><E86/><N who="2" m="33387" /><F115/><W81/><G37/><T74/><D94/><U88/><E88/><V101/><F76/><W30/><G38/><T9/><D9/><U103/><E103/><V71/><F71/><W117/><G117/><T19/><D19/><U53/><E59/><V121/><F121/><W99/><G99/><T36/><D36/><U62/><E53/><N who="2" m="29855" /><F4/><W134/><G134/><T130/><D130/><U120/><E61/><V7/><F7/><W12/><G78/><T68/><D68/><U112/><E62/><V6/><F6/><W104/><G104/><T131/><D131/><U31/><E128/><V52/><F101/><W45/><G81/><T90/><REACH who="0" step="1"/><D83/><REACH who="0" ten="309,11,337,333" step="2"/><U60/><E120/><V0/><F18/><N who="3" m="10439" /><G45/><T32/><D32/><U110/><E17/><V49/><F0/><W35/><G35/><T87/><D87/><U125/><E110/><V40/><F40/><W50/><AGARI ba="0,1" hai="13,14,28,29,30,41,42,43,50,55,58" m="10439" machi="50" ten="30,1500,0" yaku="8,1" doraHai="102" who="3" fromWho="3" sc="309,-5,11,-5,337,-5,333,25" owari="304,-10.0,6,-49.0,332,13.0,358,46.0" /></mjloggm>