<mjloggm ver="2.3"><GO type="169"/><UN n0="%EF%BC%88%E2%89%A7%E2%96%BD%E2%89%A6%EF%BC%89" n1="%63%68%61%72%68%69%6D%65" n2="%6D%69%6E%6F%72%69%74%79" n3="%77%61%66%75%2D" dan="17,16,17,16" rate="2206,2090,2181,2082" sx="M,F,M,M"/><TAIKYOKU oya="0"/><INIT seed="0,0,0,5,5,100" ten="250,250,250,250" oya="0" hai0="36,66,7,23,56,91,37,108,18,73,76,41,54" hai1="35,14,134,92,105,22,110,40,32,84,64,55,27" hai2="33,57,4,118,42,95,5,2,102,122,62,0,31" hai3="48,39,101,131,80,52,20,1,127,53,120,89,78"/><T115/><D115/><U3/><E105/><V24/><F122/><W51/><G39/><T85/><D66/><U49/><E3/><V99/><F42/><W28/><G1/><T93/><D7/><U25/><E64/><V50/><F118/><W74/><G127/><T116/><D41/><U119/><E119/><V68/><F50/><W81/><G131/><T65/><D65/><U19/><E110/><V121/><F121/><W34/><G34/><T129/><D129/><U103/><E40/><V128/><F128/><W114/><G114/><T12/><D108/><U106/><E35/><V9/><F68/><W125/><G101/><T45/><D45/><U15/><E15/><V47/><F47/><W82/><G125/><T58/><D58/><N who="1" m="33135" /><E32/><V8/><F57/><W77/><G89/><T98/><D98/><N who="1" m="61815" /><E134/><V44/><F44/><W94/><G120/><T21/><D21/><U133/><E133/><V132/><F132/><W61/><G74/><T10/><D10/><U87/><E87/><V88/><F62/><W90/><G20/><T30/><D116/><U75/><E75/><V117/><F117/><W29/><G61/><T13/><D13/><U123/><E123/><V79/><F102/><W43/><G43/><T112/><D112/><U126/><E126/><V60/><F60/><W70/><G70/><T96/><D96/><U63/><E63/><V6/><F79/><W26/><G78/><T86/><D73/><U83/><E83/><V17/><F5/><W124/><G81/><N who="0" m="47271" /><D30/><U16/><E19/><AGARI ba="0,0" hai="0,2,4,6,8,9,17,19,24,31,33,88,95,99" machi="19" ten="40,2600,0" yaku="9,1,54,1" doraHai="100" who="2" fromWho="1" sc="250,0,250,-26,250,26,250,0" /><INIT seed="1,0,0,1,5,126" ten="250,224,276,250" oya="1" hai0="118,18,90,89,47,30,63,108,23,39,60,125,35" hai1="59,82,37,6,109,29,78,94,93,31,55,20,28" hai2="74,1,64,111,83,66,69,16,84,26,134,52,81" hai3="98,121,77,79,71,54,104,65,10,96,42,68,41"/><U85/><E37/><V46/><F1/><W128/><G121/><T132/><D118/><U50/><E6/><V116/><F116/><W103/><G10/><T76/><D125/><U45/><E109/><V57/><F111/><W34/><G34/><T101/><D108/><U130/><E130/><V49/><F134/><W124/><G124/><T88/><D76/><U99/><E20/><N who="2" m="13575" /><F74/><W75/><G54/><T67/><D101/><U13/><E13/><V95/><F69/><W22/><G22/><T102/><D102/><U97/><E45/><V58/><F95/><AGARI ba="0,0" hai="28,29,31,50,55,59,78,82,85,93,94,95,97,99" machi="95" ten="40,2000,0" yaku="8,1" doraHai="126" who="1" fromWho="2" sc="250,0,224,20,276,-20,250,0" /><INIT seed="1,1,0,0,1,10" ten="250,244,256,250" oya="1" hai0="107,83,103,133,18,98,95,108,82,71,127,90,111" hai1="91,81,135,45,16,123,44,75,129,96,40,55,112" hai2="4,76,43,122,59,33,39,51,66,92,48,104,121" hai3="72,56,80,65,50,70,73,97,84,68,119,78,29"/><U93/><E123/><V131/><F104/><W12/><G119/><T6/><D71/><U87/><E112/><V36/><F33/><W17/><G29/><T37/><D37/><U99/><E135/><V116/><F76/><W3/><G3/><T64/><D64/><U14/><E129/><V102/><F116/><W53/><G97/><N who="0" m="61935" /><D6/><U62/><E75/><V8/><F131/><W125/><G125/><T35/><D18/><U30/><E30/><V2/><F39/><W26/><G26/><T89/><D35/><U105/><E105/><V86/><F36/><W60/><REACH who="3" step="1"/><G70/><REACH who="3" ten="250,244,256,240" step="2"/><T79/><D127/><U134/><E99/><N who="2" m="59751" /><F121/><W54/><G54/><T67/><D133/><U63/><E134/><V19/><F2/><W132/><G132/><T126/><D126/><U28/><E28/><V88/><F122/><W52/><G52/><T130/><D130/><U11/><E55/><V57/><F43/><W25/><G25/><T46/><D67/><U115/><E115/><V106/><F66/><W47/><G47/><N who="1" m="17994" /><E40/><V13/><F59/><W31/><G31/><T23/><D46/><U74/><E74/><V77/><F57/><W5/><G5/><T113/><D113/><U7/><E7/><V21/><F4/><W1/><G1/><T41/><D41/><U117/><E117/><V109/><F48/><W69/><G69/><T128/><D128/><U27/><E27/><V24/><F51/><W34/><G34/><T9/><D98/><U114/><E114/><V15/><F24/><W120/><G120/><T118/><D118/><U22/><E22/><AGARI ba="1,1" hai="12,17,22,50,53,56,60,65,68,72,73,78,80,84" machi="22" ten="30,3900,0" yaku="1,1,7,1,52,1,53,0" doraHai="10" doraHaiUra="20" who="3" fromWho="1" sc="250,0,244,-42,256,0,240,52" /><INIT seed="2,0,0,5,4,53" ten="250,202,256,292" oya="2" hai0="9,120,24,19,10,94,42,118,29,59,116,108,107" hai1="84,106,18,125,83,28,7,46,134,11,21,0,123" hai2="114,31,51,13,36,88,111,27,2,96,5,43,104" hai3="65,77,20,23,121,97,87,3,30,62,135,102,73"/><V40/><F114/><W133/><G73/><T58/><D107/><U85/><E123/><V79/><F2/><W99/><G3/><T76/><D120/><U71/><E106/><V34/><F79/><W41/><G41/><T61/><D76/><U98/><E71/><V35/><F111/><W103/><G121/><T74/><D74/><U52/><E134/><V66/><F36/><W92/><G87/><T91/><D42/><U80/><E28/><V33/><F66/><W127/><G127/><T68/><D68/><U32/><E32/><V78/><F78/><W126/><G126/><T81/><D81/><U95/><E125/><V17/><F5/><W93/><G77/><T115/><D115/><U90/><E83/><V131/><F131/><W129/><G129/><T64/><D58/><U101/><E85/><V55/><F104/><W54/><G54/><T63/><D63/><U89/><E46/><V4/><F4/><W132/><G30/><T112/><D19/><U22/><E101/><V100/><F100/><W110/><G110/><T60/><D60/><U1/><E1/><V44/><F35/><W37/><G37/><T75/><D75/><U105/><E105/><V50/><F34/><W70/><AGARI ba="0,0" hai="20,23,62,65,70,92,93,97,99,102,103,132,133,135" machi="70" ten="30,4000,0" yaku="0,1,9,1,20,1" doraHai="53" who="3" fromWho="3" sc="250,-10,202,-10,256,-20,292,40" /><INIT seed="3,0,0,2,3,43" ten="240,192,236,332" oya="3" hai0="58,30,9,96,8,86,123,135,100,67,118,128,37" hai1="122,52,38,75,18,51,2,50,107,119,124,112,98" hai2="89,114,56,74,108,42,88,103,101,90,63,53,134" hai3="26,91,36,121,106,77,131,4,66,60,0,47,25"/><W127/><G121/><T23/><D123/><U71/><RYUUKYOKU type="yao9" ba="0,0" sc="240,0,192,0,236,0,332,0" hai1="2,18,38,50,51,52,71,75,98,107,112,119,122,124" /><INIT seed="3,1,0,5,2,96" ten="240,192,236,332" oya="3" hai0="52,122,20,62,19,125,77,16,103,105,48,13,0" hai1="117,30,111,73,78,6,126,49,104,108,68,58,88" hai2="112,42,12,135,34,55,65,53,59,25,128,132,17" hai3="127,27,11,64,35,133,119,95,24,45,1,39,116"/><W10/><G64/><T134/><D0/><U8/><E68/><V46/><F112/><W80/><G80/><T99/><D122/><U9/><E30/><V130/><F65/><W118/><G45/><T41/><D125/><U29/><E29/><V84/><F34/><W37/><G95/><T74/><D134/><N who="2" m="51242" /><F25/><W123/><G123/><T56/><D74/><U67/><E126/><V23/><F84/><W85/><G85/><T120/><D77/><U82/><E117/><V22/><F22/><W32/><G127/><T76/><D76/><U14/><E104/><V109/><F109/><N who="1" m="42057" /><E9/><N who="3" m="3082" /><G1/><T2/><D2/><U36/><E36/><N who="3" m="13898" /><G133/><T92/><D120/><U86/><E67/><V3/><F3/><W18/><G18/><N who="0" m="10319" /><D105/><U93/><E58/><V4/><F4/><W114/><G114/><T44/><AGARI ba="1,0" hai="16,19,41,44,48,52,56,62,92,99,103" m="10319" machi="44" ten="30,7900,0" yaku="8,1,52,1,54,2" doraHai="96" who="0" fromWho="0" sc="240,82,192,-21,236,-21,332,-40" /><INIT seed="4,0,0,4,4,100" ten="322,171,215,292" oya="0" hai0="37,12,88,123,106,64,4,68,62,113,40,42,70" hai1="32,87,93,5,28,58,99,131,115,96,30,107,95" hai2="11,39,43,83,61,50,94,126,34,44,35,86,27" hai3="29,130,1,77,48,65,21,52,14,133,7,18,125"/><T72/><D72/><U49/><E5/><V71/><F126/><W0/><G65/><T135/><D123/><U69/><E69/><V114/><F114/><W112/><G112/><T98/><D70/><U45/><E115/><V124/><F124/><W90/><G125/><T22/><D113/><U73/><E73/><V24/><F94/><W19/><G77/><T80/><D37/><U20/><E32/><V85/><F11/><W129/><G90/><T2/><D2/><U54/><E131/><N who="3" m="50186" /><G133/><T15/><D135/><U38/><E107/><V8/><F8/><N who="3" m="4383" /><G29/><T120/><D64/><U89/><E87/><V91/><F39/><W122/><G122/><T111/><D68/><U97/><E97/><V76/><F35/><W26/><G19/><T10/><D98/><U31/><E38/><V121/><F34/><W109/><G109/><T57/><D111/><U132/><E132/><V102/><F121/><W66/><G66/><T103/><D88/><U3/><E3/><V119/><F71/><W41/><G41/><T47/><D42/><U92/><E92/><V118/><F118/><W116/><G116/><T36/><D40/><U6/><E6/><V81/><F119/><W134/><G134/><T104/><D4/><U56/><REACH who="1" step="1"/><E20/><REACH who="1" ten="322,161,215,292" step="2"/><V16/><F102/><AGARI ba="0,1" hai="28,30,31,45,49,54,56,58,89,93,95,96,99,102" machi="102" ten="40,5200,0" yaku="1,1,2,1,8,1,53,0" doraHai="100" doraHaiUra="127" who="1" fromWho="2" sc="322,0,161,62,215,-52,292,0" /><INIT seed="5,0,0,5,5,29" ten="322,223,163,292" oya="1" hai0="82,5,123,64,129,4,53,132,39,90,113,30,58" hai1="43,78,56,130,17,85,127,62,67,98,121,20,124" hai2="99,2,25,75,66,131,72,61,96,104,83,3,13" hai3="33,23,60,65,70,40,89,116,100,106,31,9,76"/><U128/><E121/><V134/><F131/><N who="1" m="50217" /><E43/><V122/><F122/><W117/><G76/><T55/><D39/><U119/><E98/><V22/><F134/><W19/><G9/><T48/><D129/><U69/><E119/><V80/><F13/><N who="3" m="9711" /><G89/><T120/><D132/><U115/><E115/><V32/><F99/><N who="3" m="61727" /><G40/><T51/><D113/><U21/><E69/><V105/><F104/><W87/><G87/><N who="0" m="50551" /><D123/><U10/><E85/><V109/><F109/><W102/><G102/><T107/><D107/><U88/><E78/><V112/><F112/><W16/><G16/><T91/><D91/><U38/><E88/><V59/><F75/><W118/><G118/><T93/><D93/><U54/><E38/><V14/><F72/><W50/><G50/><T35/><D51/><U57/><E10/><V36/><F36/><W18/><G18/><T8/><D48/><N who="1" m="30791" /><E21/><V26/><F83/><W92/><G92/><T97/><D97/><U0/><E0/><V79/><F96/><W1/><G1/><T46/><D8/><U133/><E133/><V71/><F2/><W6/><G6/><T74/><D74/><U45/><E45/><V68/><F3/><W37/><G37/><T95/><D46/><U135/><E135/><V125/><F105/><W63/><G63/><N who="0" m="38007" /><D95/><U86/><E86/><V73/><F73/><W108/><G117/><T114/><D114/><U110/><E110/><V111/><F111/><W24/><G108/><T94/><D94/><U103/><E103/><V52/><F79/><W12/><G116/><T126/><D120/><U11/><E11/><V28/><F80/><RYUUKYOKU ba="0,0" sc="322,-15,223,15,163,-15,292,15" hai1="17,20,57,62,67,124,127" hai3="12,24,31,33,60,65,70" /><INIT seed="5,1,0,3,0,88" ten="307,238,148,307" oya="1" hai0="64,33,129,53,114,65,17,82,29,85,46,121,108" hai1="97,9,55,76,56,70,28,104,113,35,15,40,106" hai2="31,128,98,5,6,49,54,132,112,77,111,110,74" hai3="67,60,133,94,68,23,79,13,103,27,38,58,14"/><U96/><E70/><V81/><F132/><W75/><G133/><T120/><D108/><U39/><E76/><V102/><F128/><W123/><G38/><T86/><D114/><U45/><E113/><V115/><F112/><W30/><G123/><N who="0" m="47179" /><D129/><U37/><E37/><V10/><F115/><W126/><G126/><T32/><D17/><U18/><E28/><V4/><F31/><W135/><G135/><T8/><D8/><U26/><E26/><V101/><F10/><W20/><G68/><T89/><D85/><U34/><E34/><N who="0" m="13417" /><D29/><U125/><E35/><V25/><F25/><W21/><G79/><T90/><D90/><U92/><E97/><V2/><F2/><W119/><G119/><T66/><D53/><U72/><E72/><V12/><F12/><N who="3" m="4715" /><G75/><T59/><D46/><U47/><E47/><V22/><F22/><W83/><G83/><T105/><D105/><U134/><E125/><V99/><F99/><AGARI ba="1,0" hai="20,21,23,27,30,58,60,67,94,99,103" m="4715" machi="99" ten="30,3900,0" yaku="25,1,8,1,52,1" doraHai="88" who="3" fromWho="2" sc="307,0,238,0,148,-42,307,42" /><INIT seed="6,0,0,3,2,132" ten="307,238,106,349" oya="2" hai0="72,38,122,118,83,16,74,31,48,34,49,68,5" hai1="135,128,80,50,105,98,124,33,7,131,23,77,101" hai2="26,60,107,114,88,116,92,52,41,17,75,54,29" hai3="13,108,25,120,22,73,100,58,102,87,86,119,15"/><V30/><F107/><W32/><G73/><T106/><D38/><U113/><E33/><V89/><F116/><W20/><G108/><T76/><D72/><U47/><E7/><V1/><F1/><W4/><G32/><T84/><D68/><U71/><E71/><V96/><F75/><W133/><G133/><T91/><D5/><U9/><E135/><V95/><F114/><W18/><G4/><T64/><D64/><U55/><E9/><V121/><F41/><W69/><G69/><T43/><D43/><U39/><E39/><V112/><F112/><W40/><G40/><T85/><D85/><N who="1" m="48271" /><E23/><N who="2" m="13679" /><F121/><W103/><G58/><T0/><D0/><U79/><E79/><V126/><F126/><W81/><G120/><T125/><D125/><U24/><E24/><V67/><F67/><W27/><G119/><T66/><D66/><U111/><E113/><V44/><F44/><W56/><G56/><T46/><D46/><U21/><E21/><V123/><F123/><W70/><G70/><T12/><D106/><U97/><E111/><V62/><F62/><W104/><G104/><T109/><D109/><U99/><E124/><V37/><F37/><W2/><G2/><T93/><D118/><U94/><E105/><V36/><F36/><W35/><G35/><T51/><D122/><U3/><E3/><V61/><F61/><W19/><G87/><T8/><D34/><U117/><E117/><V110/><F110/><W45/><G45/><T6/><D6/><U82/><E82/><V14/><F60/><W28/><G28/><N who="2" m="10857" /><F14/><W10/><G15/><T90/><D31/><RYUUKYOKU ba="0,0" sc="307,10,238,10,106,10,349,-30" hai0="8,12,16,48,49,51,74,76,83,84,90,91,93" hai1="47,50,55,94,97,98,99,101,128,131" hai2="52,54,88,89,92,95,96" /><INIT seed="6,1,0,4,2,13" ten="317,248,116,319" oya="2" hai0="72,73,8,126,34,89,102,105,132,90,45,75,133" hai1="50,114,77,54,36,41,76,42,29,131,66,33,49" hai2="99,69,52,95,93,79,116,83,15,11,4,59,110" hai3="1,43,68,21,63,74,118,100,53,70,106,124,119"/><V112/><F69/><W92/><G74/><T14/><D34/><U88/><E33/><V7/><F116/><W19/><G106/><T5/><D126/><U81/><E29/><V109/><F112/><W96/><G1/><T120/><D120/><U55/><E114/><V0/><F0/><W98/><G124/><T30/><D30/><U46/><E66/><V122/><F122/><W128/><G98/><N who="0" m="61655" /><D45/><U87/><E131/><V101/><F95/><W125/><G125/><T38/><D38/><U58/><E42/><V6/><F109/><W51/><G128/><T97/><D97/><U134/><REACH who="1" step="1"/><E134/><AGARI ba="1,0" hai="5,8,14,72,73,75,89,90,132,133,134" m="61655" machi="134" ten="40,1300,0" yaku="20,1" doraHai="13" who="0" fromWho="1" sc="317,16,248,-16,116,0,319,0" /><INIT seed="7,0,0,0,0,72" ten="333,232,116,319" oya="3" hai0="111,21,52,89,37,102,10,87,63,35,3,73,26" hai1="112,49,82,2,95,31,13,46,128,48,42,107,16" hai2="43,67,4,39,99,71,69,94,74,134,93,113,114" hai3="54,100,12,33,120,115,117,77,81,98,27,5,92"/><W65/><G120/><T60/><D35/><U68/><E107/><V83/><F93/><W121/><G121/><T108/><D73/><U85/><E2/><V24/><F94/><W124/><G117/><T0/><D37/><U64/><E128/><V36/><F99/><W19/><G124/><T57/><D102/><U109/><E109/><V45/><F4/><W53/><G115/><T29/><D60/><U17/><E31/><V40/><F24/><W103/><G65/><T51/><D63/><U86/><E68/><V23/><F23/><N who="3" m="13823" /><G33/><T135/><D135/><U97/><E64/><V110/><F110/><W62/><G103/><T58/><D58/><U130/><E130/><V34/><F34/><W18/><G5/><T22/><D0/><U8/><E112/><V59/><F134/><W106/><G62/><T75/><D75/><U28/><E28/><V61/><F83/><W96/><G96/><T25/><D10/><U7/><E49/><V90/><F90/><W133/><G133/><T50/><D50/><U105/><E105/><V30/><F74/><W66/><G66/><T132/><D3/><U6/><E86/><V119/><F30/><W129/><G129/><T56/><D132/><U91/><REACH who="1" step="1"/><E6/><REACH who="1" ten="333,222,116,319" step="2"/><V41/><F119/><W104/><G106/><T70/><D111/><U131/><E131/><V123/><F123/><W125/><G104/><T47/><D108/><U38/><E38/><N who="2" m="14379" /><F114/><W32/><G32/><T20/><D70/><N who="2" m="26634" /><F113/><W78/><G125/><T15/><D29/><U116/><E116/><V126/><F126/><W101/><G101/><AGARI ba="0,1" hai="7,8,13,16,17,42,46,48,82,85,91,95,97,101" machi="101" ten="30,8000,1" yaku="1,1,7,1,8,1,54,1,53,1" doraHai="72" doraHaiUra="11" who="1" fromWho="3" sc="333,0,222,90,116,0,319,-80" owari="333,43.0,312,11.0,116,-38.0,239,-16.0" /></mjloggm>