<mjloggm ver="2.3"><GO type="41"/><UN n0="%70%65%61%63%68%63%61%74" n1="%EF%BC%88%E2%89%A7%E2%96%BD%E2%89%A6%EF%BC%89" n2="%4C%76%2E%31" n3="%E3%82%82%E3%81%A3%E3%81%A1%E9%A4%85" dan="14,16,15,14" rate="1880,2026,2001,1940" sx="M,M,M,F"/><TAIKYOKU oya="0"/><INIT seed="0,0,0,3,3,27" ten="250,250,250,250" oya="0" hai0="61,122,6,111,31,36,74,23,95,5,118,19,20" hai1="2,44,8,28,110,93,1,39,99,58,90,42,103" hai2="119,43,104,89,51,48,86,55,54,26,37,125,78" hai3="129,52,130,134,132,124,40,63,100,25,87,80,117"/><T59/><D118/><U57/><E110/><V131/><F119/><W128/><G117/><T73/><D122/><U60/><E28/><V82/><F104/><W33/><G40/><T127/><D36/><U96/><E8/><V112/><F37/><W50/><G100/><T15/><D111/><U49/><E39/><V53/><F112/><W114/><G114/><T32/><D32/><U12/><E12/><V35/><F131/><W71/><G71/><T79/><D127/><U22/><E22/><V81/><F125/><W14/><G63/><T75/><D79/><U41/><E41/><V116/><F116/><W69/><G69/><T94/><D31/><U66/><REACH who="1" step="1"/><E58/><REACH who="1" ten="250,240,250,250" step="2"/><V24/><F43/><W83/><G14/><T92/><REACH who="0" step="1"/><D23/><REACH who="0" ten="240,240,250,250" step="2"/><U97/><E97/><V47/><F35/><W21/><G124/><T17/><D17/><U0/><E0/><V56/><REACH who="2" step="1"/><F54/><AGARI ba="0,2" hai="5,6,15,19,20,54,59,61,73,74,75,92,94,95" machi="54" ten="50,4800,0" yaku="1,1,53,1" doraHai="27" doraHaiUra="9" who="0" fromWho="2" sc="240,68,240,0,250,-48,250,0" /><INIT seed="0,1,0,2,2,67" ten="308,240,202,250" oya="0" hai0="22,126,20,132,71,34,44,37,78,99,102,5,87" hai1="41,38,83,72,6,109,74,26,53,123,0,54,65" hai2="1,68,16,81,89,8,90,128,97,57,115,9,24" hai3="84,70,47,129,55,112,33,88,23,64,76,28,66"/><T113/><D113/><U62/><E123/><V14/><F68/><W131/><G112/><T117/><D117/><U69/><E109/><V98/><F128/><N who="3" m="49227" /><G33/><T110/><D132/><U58/><E26/><V96/><F115/><W7/><G7/><T93/><D126/><U59/><E6/><V77/><F1/><W116/><G116/><T100/><D34/><U73/><E0/><V3/><F3/><W49/><G76/><T51/><D37/><U35/><E35/><V42/><F9/><W92/><G70/><T120/><D120/><U56/><REACH who="1" step="1"/><E83/><REACH who="1" ten="308,230,202,250" step="2"/><V95/><F24/><AGARI ba="1,1" hai="23,24,28,47,49,55,64,66,84,88,92" m="49227" machi="24" ten="30,2000,0" yaku="19,1,54,1" doraHai="67" who="3" fromWho="2" sc="308,0,230,0,202,-23,250,33" /><INIT seed="1,0,0,4,3,24" ten="308,230,179,283" oya="1" hai0="44,14,132,99,36,102,20,61,131,78,87,73,101" hai1="135,106,62,21,84,54,8,126,121,123,81,82,53" hai2="111,31,129,13,42,122,64,28,92,19,66,108,56" hai3="120,86,88,68,15,47,98,43,97,23,80,75,29"/><U51/><E106/><V10/><F122/><W26/><G68/><T69/><D132/><U70/><E135/><V96/><F42/><W112/><G75/><T25/><D131/><U59/><E126/><V72/><F129/><W110/><G120/><T133/><D133/><U38/><E38/><V7/><F72/><W27/><G110/><N who="2" m="42025" /><F7/><W46/><G112/><T115/><D115/><U128/><E128/><V114/><F114/><W109/><G109/><T37/><D73/><U41/><E41/><V118/><F118/><W35/><G15/><T22/><D14/><U50/><E8/><V95/><F95/><W45/><REACH who="3" step="1"/><G43/><REACH who="3" ten="308,230,179,273" step="2"/><T63/><D69/><U9/><E70/><V105/><F105/><W113/><G113/><T134/><D134/><U117/><E117/><V85/><F85/><W107/><G107/><T124/><D87/><U4/><E84/><V3/><F3/><W130/><G130/><T5/><D99/><U33/><E123/><V100/><F56/><W6/><G6/><T0/><D5/><U17/><E121/><V103/><F103/><W30/><AGARI ba="0,1" hai="23,26,27,29,30,35,45,46,47,80,86,88,97,98" machi="30" ten="30,16000,3" yaku="1,1,0,1,52,2,54,1,53,3" doraHai="24" doraHaiUra="40" who="3" fromWho="3" sc="308,-40,230,-80,179,-40,273,170" /><INIT seed="2,0,0,2,2,118" ten="268,150,139,443" oya="2" hai0="131,107,11,30,120,127,6,49,135,7,54,109,115" hai1="53,13,57,62,129,121,123,12,80,90,31,84,5" hai2="101,58,61,94,32,79,3,38,48,0,74,41,76" hai3="47,35,22,93,116,92,45,34,91,40,50,17,126"/><V23/><F32/><W33/><G126/><T64/><D107/><U51/><E129/><V72/><F38/><W28/><G116/><T133/><D115/><U67/><E31/><V43/><F23/><W82/><G82/><T95/><D109/><U29/><E29/><V59/><F94/><W69/><G69/><T113/><D113/><U122/><REACH who="1" step="1"/><E5/><REACH who="1" ten="268,140,139,443" step="2"/><V75/><F101/><W15/><G28/><T87/><D131/><U102/><E102/><V98/><F98/><W1/><G1/><T89/><D127/><U124/><E124/><V56/><F61/><W36/><REACH who="3" step="1"/><G91/><REACH who="3" ten="268,140,139,433" step="2"/><T4/><D135/><U20/><E20/><V130/><F130/><W114/><G114/><T134/><D133/><U42/><E42/><AGARI ba="0,2" hai="15,17,22,33,34,35,36,40,42,45,47,50,92,93" machi="42" ten="40,1300,0" yaku="1,1,53,0" doraHai="118" doraHaiUra="112" who="3" fromWho="1" sc="268,0,140,-13,139,0,433,33" /><INIT seed="3,0,0,0,5,31" ten="268,127,139,466" oya="3" hai0="49,28,20,47,133,55,8,94,132,11,97,89,36" hai1="12,40,48,81,122,23,17,106,83,115,44,123,42" hai2="121,69,54,93,112,65,110,6,126,19,18,37,45" hai3="56,33,73,7,131,118,14,78,34,82,103,22,50"/><W27/><G131/><T101/><D36/><U96/><E115/><V5/><F112/><W61/><G103/><T63/><D63/><U74/><E42/><V24/><F110/><W72/><G72/><T107/><D28/><U128/><E128/><V53/><F126/><W104/><G104/><T75/><D75/><U60/><E60/><V92/><F65/><W41/><G118/><T0/><D20/><U13/><E74/><V134/><F24/><W52/><G14/><T58/><D47/><U30/><E30/><V57/><F57/><W68/><G7/><T119/><D119/><U116/><E116/><V90/><F90/><W91/><G91/><T35/><D35/><U117/><E117/><V130/><F45/><W1/><G1/><T25/><D25/><U46/><E46/><V98/><F130/><W135/><G135/><N who="0" m="51787" /><D0/><U43/><E43/><V39/><F134/><W125/><G125/><T105/><D105/><U51/><E51/><V32/><F98/><AGARI ba="0,0" hai="8,11,49,55,58,89,94,97,98,101,107" m="51787" machi="98" ten="30,1000,0" yaku="20,1" doraHai="31" who="0" fromWho="2" sc="268,10,127,0,139,-10,466,0" /><INIT seed="4,0,0,5,4,45" ten="278,127,129,466" oya="0" hai0="55,29,53,11,76,122,126,60,79,2,73,135,35" hai1="83,9,61,37,127,65,36,74,129,3,15,31,1" hai2="71,33,130,121,22,114,106,68,26,116,90,70,87" hai3="89,94,46,98,103,119,115,100,81,12,41,62,110"/><T78/><D122/><U84/><E127/><V63/><F106/><W66/><G110/><T59/><D126/><U16/><E129/><V107/><F107/><W58/><G115/><T0/><D73/><U82/><E74/><V123/><F114/><W118/><G12/><T50/><D135/><U40/><E31/><V18/><F130/><W13/><G13/><T97/><D97/><U27/><E27/><V117/><F63/><W23/><G23/><T75/><D75/><U24/><E24/><V4/><F33/><W20/><G20/><T38/><D38/><U10/><E40/><V95/><REACH who="2" step="1"/><F4/><REACH who="2" ten="278,127,119,466" step="2"/><W80/><G118/><AGARI ba="0,1" hai="18,22,26,68,70,71,87,90,95,116,117,118,121,123" machi="118" ten="50,6400,0" yaku="1,1,2,1,12,1,53,0" doraHai="45" doraHaiUra="93" who="2" fromWho="3" sc="278,0,127,0,119,74,466,-64" /><INIT seed="5,0,0,1,2,134" ten="278,127,193,402" oya="1" hai0="126,118,89,46,67,84,30,111,86,133,125,123,11" hai1="110,128,124,135,103,132,17,27,37,59,63,33,100" hai2="51,25,12,28,93,41,4,62,85,47,115,117,20" hai3="23,92,35,32,22,29,5,80,42,78,6,113,130"/><U8/><E37/><V48/><F117/><W129/><G113/><T102/><D118/><U97/><E128/><N who="3" m="49258" /><G42/><T60/><D111/><U2/><E110/><V68/><F115/><W75/><G92/><T26/><D133/><N who="1" m="51275" /><E97/><V119/><F119/><W122/><G122/><T31/><D123/><U77/><E77/><V121/><F121/><W65/><G65/><T81/><D102/><N who="1" m="38955" /><E33/><N who="3" m="12874" /><G29/><T94/><D11/><U1/><E124/><N who="0" m="47721" /><D46/><U3/><E27/><V69/><F69/><W50/><G50/><T55/><D55/><N who="1" m="34303" /><E17/><V101/><F51/><W116/><G116/><T106/><D106/><U76/><E76/><V13/><F4/><AGARI ba="0,0" hai="4,5,6,22,23,75,78,80" m="12874,49258" machi="4" ten="30,1000,0" yaku="19,1" doraHai="134" who="3" fromWho="2" sc="278,0,127,0,193,-10,402,10" /><AGARI ba="0,0" hai="1,2,3,4,8" m="34303,38955,51275" machi="4" ten="30,1500,0" yaku="20,1" doraHai="134" who="1" fromWho="2" sc="278,0,127,15,183,-15,412,0" /><INIT seed="5,1,0,3,0,61" ten="278,142,168,412" oya="1" hai0="121,45,59,2,72,73,26,117,63,71,122,46,110" hai1="65,132,11,120,0,64,77,15,4,34,25,13,101" hai2="52,24,88,20,75,125,86,126,70,104,38,129,60" hai3="67,128,84,124,12,27,105,68,91,100,7,118,111"/><U113/><E120/><N who="0" m="46185" /><D117/><U32/><E132/><V6/><F75/><N who="0" m="28746" /><D110/><U130/><E130/><V16/><F129/><W69/><G124/><N who="2" m="47721" /><F38/><W29/><G128/><T42/><D2/><U102/><E113/><V127/><F6/><W48/><G48/><N who="0" m="26679" /><D46/><U56/><E0/><V10/><F10/><W41/><G41/><T57/><D26/><U31/><E34/><V5/><F5/><W115/><G115/><T37/><D37/><U22/><E77/><V97/><F127/><W8/><G69/><T39/><D39/><U55/><E15/><V30/><F97/><W85/><G91/><T49/><D49/><N who="1" m="30831" /><E32/><V109/><F104/><W93/><G105/><T36/><D36/><U21/><E22/><V78/><F78/><W17/><G7/><T83/><D83/><U112/><E112/><V80/><F109/><W96/><G111/><T81/><D81/><U98/><E98/><V92/><F70/><W74/><G74/><T1/><D1/><U106/><E106/><V51/><F60/><W90/><G118/><T116/><D116/><U133/><E133/><V76/><F76/><W119/><G119/><T40/><D40/><U9/><E9/><V99/><F99/><W44/><G96/><T131/><D131/><U66/><AGARI ba="1,0" hai="4,11,13,21,25,31,64,65,66,101,102" m="30831" machi="66" ten="30,11700,0" yaku="8,1,52,3" doraHai="61" who="1" fromWho="1" sc="278,-40,142,120,168,-40,412,-40" /><INIT seed="5,2,0,4,0,63" ten="238,262,128,372" oya="1" hai0="92,35,53,16,7,119,13,117,88,76,127,131,106" hai1="40,9,96,39,116,56,23,29,125,34,85,118,78" hai2="124,44,58,104,83,15,50,66,120,77,129,81,89" hai3="84,32,18,2,90,102,105,60,103,65,43,31,25"/><U22/><E39/><V108/><F104/><W42/><G2/><T95/><D131/><U59/><E40/><V11/><F124/><W128/><G18/><T8/><D127/><U51/><E125/><V30/><F129/><W52/><G52/><T5/><D106/><U21/><E34/><V134/><F120/><W98/><G103/><T101/><D35/><U19/><E29/><V4/><F108/><W79/><G79/><T24/><D76/><U47/><E96/><V72/><F134/><W87/><G128/><T123/><D123/><U37/><E37/><V57/><F57/><W54/><G54/><T20/><D119/><U111/><E111/><V132/><F132/><W36/><G36/><T100/><D117/><U109/><E109/><V121/><F30/><W126/><G126/><T86/><D5/><U115/><E115/><V33/><F33/><W38/><G38/><T6/><D6/><U1/><E1/><V14/><F121/><W26/><G26/><T122/><D122/><U97/><E97/><V82/><F15/><W70/><G87/><T67/><D67/><U27/><E118/><V45/><F89/><W55/><G55/><T28/><D28/><U133/><E27/><V10/><F45/><W93/><AGARI ba="2,0" hai="25,31,32,42,43,60,65,70,84,90,93,98,102,105" machi="93" ten="20,8000,1" yaku="0,1,7,1,25,2,52,1" doraHai="63" who="3" fromWho="3" sc="238,-22,262,-42,128,-22,372,86" /><INIT seed="6,0,0,0,0,12" ten="216,220,106,458" oya="2" hai0="109,20,90,111,17,65,71,52,34,26,135,88,0" hai1="75,110,119,132,99,16,80,2,128,70,97,84,41" hai2="62,23,39,69,103,51,10,102,60,101,55,29,100" hai3="53,57,58,3,6,73,68,113,121,107,106,15,130"/><V87/><N who="2" m="25600" /><DORA hai="108" /><V5/><F39/><W76/><G3/><T72/><D72/><U13/><E119/><V21/><F87/><W104/><G113/><T64/><D0/><U1/><E70/><V32/><F32/><W46/><G46/><T8/><D135/><U33/><E33/><V125/><F125/><W4/><G68/><T38/><D38/><U124/><E75/><V120/><F120/><W122/><G76/><T45/><D71/><U7/><E110/><V9/><F9/><W115/><G115/><T118/><D118/><U37/><E124/><V63/><F29/><W131/><G73/><T14/><D34/><U22/><E132/><V56/><REACH who="2" step="1"/><F69/><REACH who="2" ten="216,220,96,458" step="2"/><W77/><G122/><T25/><D109/><U78/><E84/><V40/><F40/><W133/><G121/><T50/><D111/><U42/><E41/><V114/><F114/><W96/><G133/><T105/><D105/><U82/><E42/><V134/><F134/><W92/><G107/><T81/><D26/><U112/><E37/><V19/><F19/><W98/><G106/><T54/><D54/><U117/><E112/><V27/><F27/><W36/><G53/><T79/><D8/><U95/><E16/><V18/><F18/><W83/><G36/><T123/><D25/><U43/><E43/><V93/><F93/><W30/><G92/><T94/><D94/><U85/><E95/><V67/><F67/><N who="0" m="25674" /><D123/><U66/><E85/><V47/><F47/><W91/><G104/><T31/><D31/><U126/><E66/><V129/><F129/><W74/><G30/><T86/><AGARI ba="0,1" hai="14,17,20,45,50,52,79,81,86,88,90" m="25674" machi="86" ten="30,8000,1" yaku="5,1,8,1,52,1,54,2" doraHai="12,108" who="0" fromWho="0" sc="216,90,220,-20,96,-40,458,-20" /><INIT seed="7,0,0,3,3,7" ten="306,200,56,438" oya="3" hai0="58,128,105,56,68,19,34,110,107,114,85,106,108" hai1="28,80,83,117,134,22,32,90,115,132,75,4,29" hai2="72,124,33,3,113,26,43,130,36,89,16,100,91" hai3="125,104,103,81,14,98,116,133,96,79,99,121,97"/><W51/><G51/><T53/><D68/><U59/><E32/><V102/><F3/><W2/><G14/><T18/><D34/><U38/><E38/><V70/><F43/><W112/><G2/><T48/><D128/><U25/><E117/><V61/><F72/><W86/><G125/><T1/><D1/><U131/><E131/><V37/><F33/><W11/><G11/><T95/><D114/><U0/><E115/><V63/><F26/><W120/><G133/><T84/><D95/><U23/><E90/><V111/><F130/><W60/><G60/><T30/><D30/><U52/><E75/><V73/><F113/><W46/><G46/><T92/><D92/><U8/><E23/><V87/><F73/><W127/><G127/><T40/><D40/><U27/><E25/><V35/><F35/><W109/><G112/><T78/><D78/><U6/><E6/><V44/><F44/><W15/><G15/><T93/><D93/><U74/><E29/><V65/><F124/><W39/><G39/><T12/><D58/><U17/><E28/><V67/><F70/><W55/><G55/><T42/><D42/><U49/><E74/><V20/><F20/><W47/><G120/><T129/><D129/><U135/><AGARI ba="0,0" hai="0,4,8,17,22,27,49,52,59,80,83,132,134,135" machi="135" ten="30,7900,0" yaku="0,1,20,1,52,1,54,1" doraHai="7" who="1" fromWho="1" sc="306,-20,200,79,56,-20,438,-39" owari="286,9.0,279,-12.0,36,-46.0,399,49.0" /></mjloggm>