<mjloggm ver="2.3"><GO type="169"/><UN n0="%EF%BC%88%E2%89%A7%E2%96%BD%E2%89%A6%EF%BC%89" n1="%E5%8D%83%E4%BB%A3%E3%81%AE%E5%AF%8C%E5%A3%AB" n2="%77%61%6C%6B" n3="%E3%83%96%E3%83%BC%E3%83%BC%E3%83%BC%E3%83%B3" dan="18,16,17,17" rate="2171,2191,2186,2109" sx="M,M,M,M"/><TAIKYOKU oya="0"/><INIT seed="0,0,0,1,0,8" ten="250,250,250,250" oya="0" hai0="70,81,55,48,93,96,132,115,73,106,124,61,11" hai1="130,40,91,79,5,121,51,64,15,49,58,86,52" hai2="108,67,65,133,88,50,42,104,122,41,87,76,112" hai3="3,60,30,69,59,85,126,6,0,94,21,68,35"/><T57/><D115/><U12/><E121/><V135/><F104/><W95/><G35/><T53/><D124/><U1/><E130/><V4/><F112/><W43/><G43/><T28/><D132/><U134/><E134/><N who="2" m="51211" /><F122/><W97/><G126/><T129/><D129/><U63/><E79/><V110/><F76/><W78/><G69/><T71/><D106/><U125/><E125/><V101/><F101/><N who="3" m="60599" /><G68/><T99/><D28/><U33/><E33/><V120/><F120/><W25/><G6/><T90/><D99/><U31/><E31/><V117/><F117/><W19/><G19/><T66/><D73/><U39/><E49/><V26/><F26/><W14/><G14/><N who="1" m="5162" /><E5/><V92/><F4/><W100/><G100/><T34/><D34/><U32/><E32/><V116/><F116/><W23/><G78/><T111/><D71/><N who="1" m="42399" /><E1/><V109/><F42/><W27/><G27/><T80/><D48/><U20/><E20/><V9/><F9/><W102/><G23/><T123/><D11/><U29/><E29/><V47/><AGARI ba="0,0" hai="41,47,50,65,67,87,88,92,108,109,110" m="51211" machi="47" ten="40,5200,0" yaku="14,1,20,1,54,1" doraHai="8" who="2" fromWho="2" sc="250,-26,250,-13,250,52,250,-13" /><INIT seed="1,0,0,5,0,43" ten="224,237,302,237" oya="1" hai0="63,52,134,19,127,90,61,102,100,74,58,15,91" hai1="55,12,22,95,44,88,41,79,0,35,4,77,45" hai2="36,2,46,97,93,27,38,56,104,59,7,33,116" hai3="20,85,124,47,60,133,6,130,122,81,117,118,48"/><U99/><E35/><V89/><F116/><N who="3" m="44651" /><G122/><T112/><D112/><U8/><E0/><V28/><F104/><W37/><G37/><T23/><D134/><U121/><E121/><V66/><F66/><W26/><G133/><T13/><D127/><U29/><E55/><V57/><REACH who="2" step="1"/><F46/><REACH who="2" ten="224,237,292,237" step="2"/><N who="1" m="18025" /><E41/><V31/><F31/><W32/><G47/><T80/><D74/><U106/><E106/><V120/><F120/><W87/><G124/><T78/><D58/><U30/><E22/><V135/><F135/><W25/><G20/><T75/><D23/><U131/><E131/><V70/><F70/><W115/><G130/><T5/><D75/><U10/><E10/><AGARI ba="0,1" hai="2,7,10,27,28,33,36,38,56,57,59,89,93,97" machi="10" ten="40,1300,0" yaku="1,1,53,0" doraHai="43" doraHaiUra="17" who="2" fromWho="1" sc="224,0,237,-13,292,23,237,0" /><INIT seed="2,0,0,4,5,35" ten="224,224,315,237" oya="2" hai0="3,83,9,104,7,61,0,124,68,32,44,36,96" hai1="95,109,49,92,91,42,54,115,127,59,74,67,5" hai2="69,46,94,135,45,76,82,4,70,128,78,21,57" hai3="111,37,26,16,18,110,125,106,66,27,77,89,102"/><V121/><F121/><W28/><G37/><T17/><D17/><U34/><E34/><V107/><F107/><W10/><G77/><T131/><D131/><U118/><E118/><V23/><F4/><W81/><G125/><T123/><D123/><U51/><E115/><V47/><F135/><W103/><G66/><N who="0" m="41039" /><D124/><U97/><E74/><V11/><F11/><W108/><G106/><T98/><D98/><U38/><E127/><V99/><F57/><W100/><G10/><T20/><D20/><U52/><E5/><V86/><F78/><W114/><G114/><T79/><D32/><U60/><E95/><V29/><F128/><W50/><G50/><T73/><D96/><U65/><E60/><V88/><REACH who="2" step="1"/><F29/><REACH who="2" ten="224,224,305,237" step="2"/><W84/><REACH who="3" step="1"/><G28/><REACH who="3" ten="224,224,305,227" step="2"/><T72/><D104/><U22/><E109/><V48/><F48/><W15/><G15/><T8/><D8/><U31/><E31/><V56/><F56/><W39/><G39/><T105/><D105/><U75/><E38/><V6/><F6/><W119/><G119/><T112/><D112/><U126/><E59/><V133/><F133/><W129/><G129/><T93/><D9/><U33/><E49/><V2/><F2/><W14/><G14/><T101/><D3/><U120/><E51/><V71/><AGARI ba="0,2" hai="21,23,45,46,47,69,70,71,76,82,86,88,94,99" machi="71" ten="40,7800,0" yaku="1,1,0,1,54,1,53,0" doraHai="35" doraHaiUra="55" who="2" fromWho="2" sc="224,-26,224,-26,305,98,227,-26" /><INIT seed="2,1,0,3,0,116" ten="198,198,403,201" oya="2" hai0="107,22,78,16,65,39,84,85,24,125,135,4,70" hai1="45,77,105,115,5,23,74,129,112,90,96,48,36" hai2="55,44,98,80,113,18,13,11,59,100,131,106,108" hai3="35,14,66,54,19,128,20,92,110,67,68,123,81"/><V75/><F113/><W52/><G35/><T12/><D107/><U29/><E36/><V130/><F44/><W38/><G38/><T42/><D135/><U64/><E129/><V79/><REACH who="2" step="1"/><F108/><REACH who="2" ten="198,198,393,201" step="2"/><W46/><G110/><T31/><D125/><U40/><E115/><V95/><F95/><W50/><G92/><T89/><D39/><U47/><E47/><V27/><F27/><W109/><G109/><T91/><D24/><U1/><E112/><V82/><F82/><W33/><G81/><T32/><D42/><U97/><E45/><V58/><F58/><W61/><G46/><T117/><D117/><U28/><E40/><V126/><F126/><W111/><G111/><T133/><D133/><U2/><E105/><V69/><F69/><W76/><G68/><T62/><D70/><U56/><E56/><V73/><F73/><W63/><G128/><T34/><D84/><U72/><E74/><V53/><F53/><W122/><G54/><T3/><D85/><U86/><E72/><V60/><AGARI ba="1,1" hai="11,13,18,55,59,60,75,79,80,98,100,106,130,131" machi="60" ten="30,6000,0" yaku="1,1,0,1,53,1" doraHai="116" doraHaiUra="15" who="2" fromWho="2" sc="198,-21,198,-21,393,73,201,-21" /><INIT seed="2,2,0,2,2,134" ten="177,177,466,180" oya="2" hai0="100,71,133,99,33,10,83,131,54,26,78,6,114" hai1="51,64,130,67,5,16,76,96,75,29,24,92,39" hai2="4,97,20,116,103,22,11,34,15,88,48,28,132" hai3="45,125,32,17,57,119,46,73,36,12,90,8,62"/><V124/><F132/><W102/><G119/><T84/><D133/><U101/><E39/><V68/><F68/><W63/><G32/><T87/><D114/><U66/><E130/><V27/><F124/><W118/><G118/><T38/><D131/><U31/><E5/><V91/><F48/><W123/><G123/><T106/><D38/><U2/><E2/><V94/><F116/><W13/><G73/><T14/><D71/><U25/><E75/><V109/><F109/><W9/><G102/><T19/><D54/><U49/><E76/><V18/><REACH who="2" step="1"/><F22/><REACH who="2" ten="177,177,456,180" step="2"/><W117/><G117/><T72/><D33/><U41/><E41/><V44/><F44/><W95/><G46/><T53/><D72/><U56/><E56/><V23/><F23/><W135/><G45/><T3/><D78/><U69/><E69/><V59/><F59/><W40/><G57/><T60/><D60/><U42/><E42/><V21/><F21/><W111/><G62/><T77/><D77/><U43/><E43/><V121/><F121/><W108/><G63/><T7/><D53/><U105/><E51/><V35/><F35/><W93/><G40/><T126/><D126/><U81/><E49/><V61/><F61/><W107/><G135/><T55/><D55/><U127/><E127/><V115/><F115/><W85/><G125/><T122/><D122/><U129/><E129/><V128/><F128/><W89/><G36/><T104/><D3/><AGARI ba="2,1" hai="3,4,11,15,18,20,27,28,34,88,91,94,97,103" machi="3" ten="30,18000,2" yaku="1,1,7,1,24,2,54,1,53,1" doraHai="134" doraHaiUra="98" who="2" fromWho="0" sc="177,-186,177,0,456,196,180,0" owari="-9,-51.0,177,-22.0,652,75.0,180,-2.0" /></mjloggm>