<mjloggm ver="2.3"><GO type="41"/><UN n0="%E3%81%97%E3%81%BE%E3%81%98%E3%82%8D%E3%83%BC" n1="%E3%83%AD%E3%82%A4%E3%82%B0" n2="%EF%BC%88%E2%89%A7%E2%96%BD%E2%89%A6%EF%BC%89" n3="%E3%83%95%E3%83%AC%E3%83%B3%E3%83%81%E3%83%96%E3%83%AB" dan="13,14,13,14" rate="1870,1898,2087,1902" sx="F,M,M,M"/><TAIKYOKU oya="0"/><INIT seed="0,0,0,0,2,55" ten="250,250,250,250" oya="0" hai0="75,91,52,132,19,31,119,22,117,78,86,108,63" hai1="122,16,98,23,51,104,116,66,15,39,95,134,128" hai2="32,88,21,30,118,13,71,59,14,40,100,46,72" hai3="26,41,64,58,53,34,81,127,112,7,17,115,70"/><T129/><D129/><U109/><E39/><V92/><F71/><W47/><G7/><T94/><D132/><U93/><E122/><V77/><F118/><W90/><G127/><T0/><D0/><U1/><E1/><V69/><F69/><W9/><G34/><T68/><D31/><U133/><E116/><V131/><F32/><W61/><G81/><T2/><D2/><U110/><E66/><V4/><F131/><W11/><G90/><T105/><D105/><U106/><E128/><V45/><F100/><W33/><G33/><T79/><D108/><N who="1" m="41579" /><E51/><N who="2" m="27047" /><F72/><W103/><G103/><T28/><D28/><U56/><E56/><V35/><F35/><W65/><G65/><T135/><D135/><N who="1" m="51723" /><E98/><N who="2" m="57607" /><F46/><W5/><G5/><T80/><D79/><U24/><E15/><V125/><F125/><W57/><G70/><T120/><D120/><U130/><E130/><V3/><F3/><W123/><G123/><T73/><D73/><U82/><E82/><V20/><F77/><W113/><G112/><T42/><D42/><U6/><E6/><V114/><F114/><W87/><G113/><T37/><D37/><U111/><N who="1" m="41587" /><U84/><DORA hai="97" /><E84/><V43/><F4/><W8/><G87/><T10/><D10/><U107/><AGARI ba="0,0" hai="16,23,24,93,95,104,106,107" m="51723,41587" machi="107" ten="50,6400,0" yaku="14,1,20,1,54,1" doraHai="55,97" who="1" fromWho="1" sc="250,-32,250,64,250,-16,250,-16" /><INIT seed="1,0,0,0,2,14" ten="218,314,234,234" oya="1" hai0="10,66,57,17,131,70,87,81,85,22,75,35,37" hai1="88,95,55,28,118,38,113,20,42,19,78,94,83" hai2="130,51,52,82,61,109,24,49,32,4,99,41,120" hai3="117,67,73,63,123,43,30,108,122,134,91,3,89"/><U96/><E118/><V16/><F120/><W90/><G3/><T45/><D35/><U114/><E28/><V125/><F130/><W18/><G73/><T129/><D70/><U64/><E64/><V116/><F116/><W65/><G117/><T58/><D10/><U7/><E7/><V128/><F128/><N who="0" m="49226" /><D75/><U72/><E42/><V2/><F125/><W21/><G108/><T133/><D133/><U62/><E38/><V112/><F109/><W84/><G134/><T15/><D66/><U115/><E94/><V127/><F127/><W107/><G107/><T69/><D69/><U6/><E6/><V77/><F112/><W104/><G104/><T0/><D0/><U92/><E95/><V47/><F61/><W34/><G43/><N who="0" m="22767" /><D87/><U76/><E76/><AGARI ba="0,0" hai="15,17,22,57,58,76,81,85" m="22767,49226" machi="76" ten="30,2000,0" yaku="19,1,52,1" doraHai="14" who="0" fromWho="1" sc="218,20,314,-20,234,0,234,0" /><INIT seed="2,0,0,5,1,55" ten="238,294,234,234" oya="2" hai0="116,39,29,131,115,19,3,33,120,17,13,125,96" hai1="121,40,104,106,62,41,50,45,43,113,49,126,135" hai2="101,63,56,78,93,21,109,86,127,71,76,20,118" hai3="77,42,87,57,65,22,114,74,1,34,58,72,12"/><V28/><F71/><W18/><G34/><T35/><D39/><U79/><E79/><V52/><F118/><W124/><G1/><T82/><D82/><U38/><E104/><V85/><F127/><W83/><G65/><T36/><D36/><N who="1" m="21639" /><E106/><V112/><F112/><W64/><G64/><T134/><D96/><U111/><E113/><V132/><F132/><W89/><G124/><T119/><D115/><U122/><E135/><V9/><F109/><W81/><G114/><T46/><D46/><N who="1" m="23863" /><E126/><V4/><F76/><W123/><G123/><N who="1" m="47114" /><E111/><V31/><F78/><W68/><G68/><T94/><D94/><U130/><E130/><V37/><F37/><W128/><G128/><T53/><D3/><U75/><E75/><V14/><F21/><W10/><G74/><T105/><D105/><U129/><E129/><V91/><F101/><W80/><G80/><T27/><D134/><U69/><E43/><V8/><F8/><W61/><G61/><T0/><D0/><U88/><E88/><N who="2" m="53391" /><F20/><W60/><G60/><T110/><D33/><U90/><E90/><V24/><F24/><W6/><REACH who="3" step="1"/><G42/><REACH who="3" step="2"/><T108/><D35/><U54/><E69/><V48/><F63/><W59/><G59/><AGARI ba="0,1" hai="49,50,54,59,62" m="47114,23863,21639" machi="59" ten="30,7700,0" yaku="13,1,34,2,52,1" doraHai="55" who="1" fromWho="3" sc="238,0,294,87,234,0,224,-77" /><INIT seed="3,0,0,2,1,62" ten="238,381,234,147" oya="3" hai0="92,73,94,90,15,29,122,0,102,13,89,97,103" hai1="31,104,58,28,83,128,99,126,49,100,108,114,109" hai2="81,43,2,127,26,77,8,86,75,5,68,1,32" hai3="38,37,40,53,4,46,134,78,98,124,79,111,11"/><W107/><G38/><T110/><D0/><U101/><E114/><V82/><F127/><W30/><G124/><T55/><D122/><U42/><E126/><V47/><F68/><W57/><G134/><T25/><D73/><U39/><E39/><V72/><F1/><W48/><G30/><T135/><D135/><U9/><E83/><V87/><F26/><W6/><G111/><T65/><D110/><U33/><E9/><V63/><F63/><W70/><G4/><T60/><D55/><U66/><E101/><V125/><F125/><W61/><G98/><T106/><D102/><U14/><E14/><V23/><F23/><W22/><G22/><T35/><D92/><U21/><E21/><V96/><F96/><W121/><G107/><T44/><D44/><N who="1" m="25751" /><E31/><V93/><F93/><W34/><G34/><T16/><D94/><U84/><E84/><V17/><F17/><W3/><REACH who="3" step="1"/><G121/><REACH who="3" step="2"/><T54/><D13/><U76/><E109/><V10/><F32/><W105/><G105/><T20/><REACH who="0" step="1"/><D54/><REACH who="0" step="2"/><U91/><E108/><V74/><F2/><W67/><AGARI ba="0,2" hai="3,6,11,37,40,46,48,53,57,61,67,70,78,79" machi="67" ten="30,12000,1" yaku="1,1,0,1,24,2,52,1,53,0" doraHai="62" doraHaiUra="120" who="3" fromWho="3" sc="228,-40,381,-40,234,-40,137,140" /><INIT seed="3,1,0,2,5,111" ten="188,341,194,277" oya="3" hai0="108,80,25,88,20,126,105,0,95,79,54,10,58" hai1="44,125,7,86,31,50,129,63,133,57,47,76,2" hai2="29,36,100,69,65,21,64,97,4,96,68,24,103" hai3="109,59,48,117,33,121,67,92,127,104,131,23,1"/><W112/><RYUUKYOKU type="yao9" ba="1,0" sc="188,0,341,0,194,0,277,0" hai3="1,23,33,48,59,67,92,104,109,112,117,121,127,131" /><INIT seed="3,2,0,4,3,80" ten="188,341,194,277" oya="3" hai0="41,85,71,16,131,12,95,21,10,54,79,33,58" hai1="11,99,32,46,97,19,38,84,113,122,132,17,109" hai2="47,52,90,96,107,34,22,7,4,127,15,2,45" hai3="23,60,125,44,26,67,130,69,78,128,121,112,30"/><W104/><G112/><T43/><D71/><U120/><E32/><V0/><F127/><W124/><G104/><T101/><D33/><U73/><E113/><V61/><F34/><W37/><G121/><T57/><D131/><N who="3" m="50217" /><G78/><T31/><D58/><U102/><E73/><V105/><F22/><W100/><G100/><T14/><D101/><U59/><E38/><V81/><F15/><W51/><G37/><T35/><D35/><U18/><E11/><V27/><F27/><W5/><G5/><T48/><D31/><U75/><E75/><V77/><F90/><W114/><G114/><T49/><D49/><U110/><E102/><V9/><F96/><N who="1" m="36937" /><E59/><V106/><F4/><W6/><G6/><N who="0" m="3159" /><D79/><U134/><E84/><V56/><REACH who="2" step="1"/><F0/><REACH who="2" step="2"/><W111/><G111/><N who="1" m="42506" /><E46/><V129/><F129/><W91/><G91/><AGARI ba="2,1" hai="14,16,21,41,43,48,54,57,85,91,95" m="3159" machi="91" ten="30,7700,0" yaku="25,1,8,1,52,1,54,1" doraHai="80" who="0" fromWho="3" sc="188,93,341,0,184,0,277,-83" /><INIT seed="4,0,0,5,4,31" ten="281,341,184,194" oya="0" hai0="131,128,10,129,79,115,32,11,117,126,39,110,127" hai1="100,22,59,66,37,104,38,50,56,49,111,63,85" hai2="43,6,99,94,33,2,107,95,16,97,77,23,87" hai3="90,36,109,102,55,12,24,25,130,53,28,108,101"/><T26/><D39/><U113/><E100/><V19/><F33/><W93/><G36/><N who="1" m="13930" /><E104/><V45/><F107/><W34/><G130/><T9/><D79/><U60/><E85/><V96/><F2/><W62/><G62/><T135/><D117/><U3/><E22/><V103/><F6/><W8/><G108/><T14/><D110/><U58/><E3/><V42/><F97/><W72/><G72/><T123/><D123/><U54/><E111/><V0/><F0/><W65/><G25/><T88/><D88/><U47/><E113/><V105/><F105/><W52/><G65/><T112/><D14/><U119/><E119/><V44/><F87/><W70/><G70/><T69/><D69/><N who="1" m="42183" /><E50/><V116/><F116/><W80/><G80/><T29/><REACH who="0" step="1"/><D135/><REACH who="0" step="2"/><U27/><E27/><V57/><F77/><W51/><G109/><T83/><D83/><U81/><E81/><V75/><F103/><W13/><G13/><T46/><D46/><U92/><E92/><V67/><F75/><W68/><G68/><T64/><D64/><AGARI ba="0,1" hai="47,49,54,56,58,59,63,64" m="42183,13930" machi="64" ten="30,8000,1" yaku="35,5" doraHai="31" who="1" fromWho="0" sc="271,-80,341,90,184,0,194,0" /><INIT seed="5,0,0,4,4,18" ten="191,431,184,194" oya="1" hai0="19,35,61,91,32,58,122,121,20,23,14,67,13" hai1="135,72,103,42,24,2,3,108,110,45,52,119,50" hai2="109,0,105,111,70,118,86,134,30,66,28,43,89" hai3="40,76,51,1,112,98,57,6,97,95,63,90,79"/><U69/><E72/><V129/><F0/><W114/><G97/><T88/><D35/><U22/><E69/><V85/><F105/><W130/><G130/><T36/><D32/><U81/><E119/><V27/><F129/><W53/><G6/><T71/><D36/><U54/><E103/><V113/><F118/><W46/><REACH who="3" step="1"/><G1/><REACH who="3" step="2"/><T131/><D131/><U96/><E3/><V100/><F111/><N who="1" m="42537" /><E2/><V128/><F109/><W5/><G5/><T39/><D39/><U25/><E96/><V62/><F128/><W75/><G75/><T34/><D34/><U8/><E8/><V26/><F86/><W31/><G31/><T123/><D71/><U59/><E135/><V77/><F134/><W55/><G55/><T4/><D4/><U49/><E81/><V133/><F70/><W9/><G9/><T17/><AGARI ba="0,1" hai="13,14,17,19,20,23,58,61,67,88,91,121,122,123" machi="17" ten="40,12000,2" yaku="0,1,9,1,13,1,52,2,54,1" doraHai="18" who="0" fromWho="0" sc="191,130,431,-60,184,-30,184,-30" /><INIT seed="6,0,0,1,2,53" ten="321,371,154,154" oya="2" hai0="38,85,50,125,102,116,3,65,13,93,92,96,37" hai1="1,129,68,63,86,6,49,117,12,108,30,35,111" hai2="0,59,44,23,46,91,60,26,81,124,132,5,25" hai3="99,18,24,62,122,131,33,41,7,82,127,8,34"/><V47/><F132/><W16/><G41/><T135/><D3/><U83/><E117/><V9/><F124/><W27/><G127/><T17/><D125/><U112/><E1/><V31/><F26/><W103/><G122/><T90/><D135/><U95/><E30/><V126/><F126/><W87/><G131/><T73/><D73/><U57/><E35/><V106/><F106/><W15/><G34/><T20/><D116/><U14/><E95/><V61/><REACH who="2" step="1"/><F59/><REACH who="2" step="2"/><W42/><G33/><T19/><D65/><U64/><E129/><V84/><AGARI ba="0,1" hai="0,5,9,23,25,31,44,46,47,60,61,81,84,91" machi="84" ten="30,6000,0" yaku="1,1,2,1,0,1,53,0" doraHai="53" doraHaiUra="98" who="2" fromWho="2" sc="321,-20,371,-20,144,70,154,-20" /><INIT seed="6,1,0,0,0,74" ten="301,351,214,134" oya="2" hai0="79,42,0,53,11,91,48,18,15,25,70,44,82" hai1="123,10,21,85,89,88,63,114,1,50,133,132,76" hai2="122,92,35,112,87,115,4,6,23,135,126,33,5" hai3="28,56,110,103,57,80,59,117,51,46,86,83,111"/><V66/><F122/><W31/><G117/><T45/><D70/><U62/><E1/><V121/><F121/><W12/><G103/><T129/><D129/><U19/><E123/><V49/><F66/><W60/><G60/><N who="1" m="23082" /><E10/><V9/><F135/><N who="1" m="51785" /><E50/><V84/><F126/><W61/><G61/><T125/><D125/><U130/><E130/><V39/><F39/><W81/><G12/><T41/><D0/><U106/><E106/><V7/><F23/><W90/><G110/><T58/><D91/><U27/><E114/><N who="2" m="43563" /><F49/><W124/><G111/><T118/><D118/><U94/><E89/><N who="2" m="53287" /><F87/><W67/><G67/><T32/><D44/><U16/><E19/><V99/><F99/><W36/><G36/><T93/><D93/><U3/><E3/><AGARI ba="1,0" hai="3,4,5,6,7,9,33,35" m="53287,43563" machi="3" ten="30,1500,0" yaku="15,1" doraHai="74" who="2" fromWho="1" sc="301,0,351,-18,214,18,134,0" /><INIT seed="6,2,0,1,0,57" ten="301,333,232,134" oya="2" hai0="10,77,5,93,84,89,94,43,28,127,45,62,111" hai1="114,86,97,21,106,31,133,26,61,46,58,4,74" hai2="19,79,73,119,92,7,11,38,69,109,47,91,129" hai3="134,110,49,23,101,59,128,75,3,104,82,18,103"/><V96/><F119/><W99/><G3/><T17/><D111/><U35/><E74/><V37/><F109/><W53/><G110/><T131/><D131/><U41/><E133/><V80/><F129/><W130/><G134/><T113/><D113/><U123/><E114/><V24/><F69/><W9/><G9/><T78/><D127/><U54/><E123/><V22/><REACH who="2" step="1"/><F47/><REACH who="2" step="2"/><W56/><G128/><T65/><D28/><U95/><E4/><V42/><F42/><W0/><G130/><T107/><D17/><U132/><E132/><V15/><AGARI ba="2,1" hai="7,11,15,19,22,24,37,38,73,79,80,91,92,96" machi="15" ten="20,3900,0" yaku="1,1,0,1,7,1,53,0" doraHai="57" doraHaiUra="116" who="2" fromWho="2" sc="301,-15,333,-15,222,55,134,-15" /><INIT seed="6,3,0,1,3,0" ten="286,318,277,119" oya="2" hai0="8,109,110,101,104,71,22,96,11,35,19,89,78" hai1="121,55,24,102,9,128,68,84,27,54,36,43,57" hai2="120,80,123,49,21,14,86,39,50,64,7,108,77" hai3="132,15,58,103,65,5,34,70,82,31,85,30,44"/><V23/><F39/><W105/><G70/><T116/><D35/><U17/><E102/><V90/><F108/><W73/><G34/><T122/><D122/><U117/><E84/><V46/><F64/><W32/><G73/><T37/><D71/><U94/><E94/><V111/><F111/><W12/><G32/><T3/><D37/><U88/><E17/><N who="2" m="10423" /><F123/><W69/><G69/><T6/><D116/><U99/><E68/><V87/><F120/><W83/><G44/><T60/><D60/><N who="1" m="35895" /><E36/><V26/><F46/><W59/><G103/><T63/><D63/><U112/><E117/><V2/><F2/><W25/><G85/><T114/><D114/><U126/><E112/><V95/><F7/><W51/><G105/><T38/><D38/><U1/><E1/><V106/><F106/><W115/><G65/><T53/><D78/><U67/><E67/><V72/><F72/><W20/><G115/><T135/><D135/><U133/><E133/><V13/><F13/><W100/><G132/><T76/><D53/><U4/><E55/><V42/><F42/><W98/><G100/><T125/><D125/><U130/><E43/><V56/><F56/><W40/><G40/><T127/><D127/><U129/><E126/><V47/><F47/><W62/><G59/><T75/><D89/><U81/><E121/><V61/><F61/><W66/><G58/><T91/><D91/><U93/><E81/><V92/><F95/><W74/><G62/><T107/><D107/><U131/><E128/><V119/><F119/><W124/><G74/><T41/><D110/><U48/><E48/><RYUUKYOKU ba="3,0" sc="286,-15,318,15,277,15,119,-15" hai1="4,9,24,27,88,93,99,129,130,131" hai2="23,26,49,50,77,80,86,87,90,92" /><INIT seed="6,4,0,4,1,16" ten="271,333,292,104" oya="2" hai0="89,8,29,28,73,96,70,39,114,33,90,68,46" hai1="6,103,61,106,112,9,30,35,52,95,22,1,24" hai2="13,74,38,50,43,55,135,126,94,48,34,116,110" hai3="113,59,115,127,104,118,82,25,26,15,131,109,77"/><V132/><F74/><W5/><G104/><T7/><D114/><N who="3" m="43529" /><G109/><T97/><D73/><U27/><E112/><V102/><F116/><W101/><G118/><T19/><D19/><N who="1" m="12383" /><E106/><V37/><F34/><W21/><G101/><T40/><D33/><U81/><E103/><V36/><F13/><W87/><G131/><T128/><D128/><U31/><E52/><V92/><F110/><W32/><G32/><T23/><D7/><U72/><E95/><N who="2" m="36395" /><F102/><W75/><G127/><T93/><D8/><U129/><E61/><V86/><F86/><W56/><G75/><T78/><D93/><U76/><E129/><V63/><F126/><W123/><G123/><T20/><D46/><U134/><E81/><V60/><F43/><W105/><G105/><T66/><D40/><U85/><E85/><V17/><F17/><N who="3" m="12463" /><G26/><T107/><D107/><U58/><E76/><V2/><F36/><W45/><G45/><T69/><D69/><U91/><E72/><V133/><F37/><W65/><G65/><T3/><D39/><U67/><E67/><V47/><F38/><W98/><G98/><T0/><D66/><U18/><E18/><V42/><F2/><W49/><G49/><T88/><D90/><U62/><E35/><V4/><F50/><W14/><G14/><T120/><REACH who="0" step="1"/><D120/><REACH who="0" step="2"/><U44/><E44/><V125/><F125/><W119/><G119/><T79/><AGARI ba="4,1" hai="0,3,20,23,28,29,68,70,78,79,88,89,96,97" machi="79" ten="25,16000,3" yaku="1,1,2,1,0,1,22,2,52,2,54,1,53,0" doraHai="16" doraHaiUra="57" who="0" fromWho="0" sc="261,182,333,-44,292,-84,104,-44" /><INIT seed="7,0,0,2,0,110" ten="443,289,208,60" oya="3" hai0="62,86,96,4,97,61,85,67,116,135,102,94,69" hai1="30,95,48,35,100,5,59,52,3,133,107,46,6" hai2="11,8,71,37,104,92,12,73,1,22,24,68,130" hai3="128,54,77,119,87,93,21,33,99,112,120,126,58"/><W105/><G119/><T60/><D116/><U83/><E107/><V131/><F104/><W118/><G33/><T81/><D135/><U132/><E83/><V17/><F73/><W79/><G120/><T39/><D39/><U115/><E115/><V101/><F37/><W63/><G118/><T0/><D86/><U66/><E3/><V43/><F43/><W89/><G126/><T123/><D123/><U98/><E30/><N who="2" m="17687" /><F101/><W84/><G128/><N who="2" m="49193" /><F92/><W121/><G121/><T23/><D23/><U56/><E35/><V117/><F117/><W25/><G112/><T65/><D96/><U64/><E59/><V19/><F19/><N who="3" m="12479" /><G105/><T75/><D75/><U111/><E111/><V72/><F72/><W32/><G32/><T109/><D109/><U78/><E78/><AGARI ba="0,0" hai="54,58,63,77,78,79,84,87,89,93,99" m="12479" machi="78" ten="30,2900,0" yaku="25,1,8,1" doraHai="110" who="3" fromWho="1" sc="443,0,289,-29,208,0,60,29" /><INIT seed="7,1,0,3,2,36" ten="443,260,208,89" oya="3" hai0="38,127,5,37,106,0,24,22,81,125,39,115,29" hai1="124,71,68,79,108,65,21,19,41,134,64,121,67" hai2="96,45,13,51,6,69,52,14,1,66,100,85,99" hai3="42,2,12,58,33,86,47,63,103,80,26,91,89"/><W101/><G2/><T95/><D106/><U123/><E79/><V23/><F1/><W129/><G129/><T44/><D115/><U76/><E76/><V17/><F69/><W15/><G91/><T94/><D81/><U119/><E21/><V49/><F66/><W56/><G33/><T82/><D82/><U43/><E19/><V30/><F85/><W87/><G26/><T132/><D132/><U57/><E108/><V72/><F72/><W93/><G87/><T83/><D83/><U74/><E74/><V113/><F113/><W88/><G58/><T40/><D5/><U32/><E32/><V11/><F30/><W90/><G89/><T116/><D0/><U35/><E35/><V118/><F118/><W102/><G90/><T97/><D116/><U114/><E119/><V120/><F120/><N who="1" m="46153" /><E114/><V130/><F130/><W122/><G122/><T20/><D20/><U48/><E134/><V61/><F61/><W73/><G73/><T84/><D84/><U133/><E133/><V16/><F6/><W77/><G77/><T28/><D28/><U135/><E135/><V3/><F3/><W10/><G80/><T7/><D7/><U75/><E75/><V105/><F99/><W25/><G25/><T27/><D27/><U18/><E18/><V131/><F131/><W112/><G112/><T50/><D97/><U8/><E71/><V55/><F49/><N who="3" m="26871" /><G10/><T60/><D60/><U4/><E8/><V111/><F111/><W9/><G9/><T59/><D59/><U92/><E57/><V34/><F34/><W54/><AGARI ba="1,0" hai="12,15,54,56,63,86,88,93,101,102,103" m="26871" machi="54" ten="30,6000,0" yaku="8,1,52,1,54,1" doraHai="36" who="3" fromWho="3" sc="443,-21,260,-21,208,-21,89,63" /><INIT seed="7,2,0,1,5,51" ten="422,239,187,152" oya="3" hai0="127,110,9,33,53,122,18,47,43,15,63,56,14" hai1="57,101,90,118,114,94,77,58,3,119,120,6,44" hai2="88,128,105,60,78,66,74,113,92,84,89,29,102" hai3="131,2,91,111,16,12,124,25,103,112,37,96,80"/><W23/><G37/><T28/><D122/><U26/><E120/><V73/><F128/><W22/><G111/><T117/><D110/><U83/><E101/><V45/><F113/><W67/><G2/><T104/><D117/><U8/><E44/><V46/><F29/><W99/><G112/><T5/><D127/><U17/><E114/><V130/><F130/><W55/><G67/><T116/><D116/><N who="1" m="44587" /><E17/><V64/><F64/><W48/><G103/><T93/><D104/><U30/><E94/><V72/><F89/><W27/><G124/><T42/><D93/><U61/><E61/><V71/><REACH who="2" step="1"/><F78/><REACH who="2" step="2"/><W19/><G131/><T86/><D28/><U134/><E90/><V97/><AGARI ba="2,1" hai="45,46,60,66,71,72,73,74,84,88,92,97,102,105" machi="97" ten="40,8000,1" yaku="1,1,2,1,0,1,54,1,53,0" doraHai="51" doraHaiUra="21" who="2" fromWho="2" sc="422,-22,239,-22,177,96,152,-42" owari="400,50,217,-18,273,7,110,-39" /></mjloggm>