<mjloggm ver="2.3"><GO type="41"/><UN n0="%73%69%6D%69%72%69%6E" n1="%E9%9D%92%E6%9C%A8%E8%8C%82" n2="%E4%B8%89%E6%9C%A8%E8%B0%B7%E7%A4%BE%E9%95%B7" n3="%EF%BC%88%E2%89%A7%E2%96%BD%E2%89%A6%EF%BC%89" dan="13,14,14,15" rate="1805,1921,1874,1988" sx="M,M,M,M"/><TAIKYOKU oya="0"/><INIT seed="0,0,0,0,0,86" ten="250,250,250,250" oya="0" hai0="2,11,135,90,112,111,17,22,53,75,97,21,92" hai1="3,121,35,130,63,32,26,103,119,83,19,118,52" hai2="84,4,20,1,16,102,40,80,114,99,13,33,59" hai3="38,54,98,62,96,30,128,68,105,66,120,110,45"/><T18/><D112/><U34/><E121/><V129/><F114/><W9/><G120/><T131/><D135/><U116/><E3/><V133/><F133/><W37/><G110/><T25/><D131/><U69/><E130/><V42/><F129/><W74/><G128/><T76/><D111/><U101/><E83/><V10/><F33/><W104/><G74/><T5/><D75/><U79/><E79/><V60/><F84/><W73/><G73/><T50/><D76/><U27/><E19/><V107/><F80/><W125/><G125/><T87/><D97/><U39/><E39/><V55/><AGARI ba="0,0" hai="1,4,10,13,16,20,40,42,55,59,60,99,102,107" machi="55" ten="20,2700,0" yaku="0,1,7,1,54,1" doraHai="86" who="2" fromWho="2" sc="250,-13,250,-7,250,27,250,-7" /><INIT seed="1,0,0,4,3,31" ten="237,243,277,243" oya="1" hai0="132,25,32,76,67,22,7,74,40,36,91,60,118" hai1="129,107,128,108,117,70,65,12,86,29,126,48,120" hai2="54,99,110,123,21,101,44,68,55,114,82,77,64" hai3="90,24,113,69,102,105,3,27,23,79,18,35,56"/><U111/><E120/><V81/><F123/><W97/><G113/><T100/><D118/><U0/><E117/><V119/><F114/><W2/><G69/><T52/><D132/><U71/><E107/><V20/><F119/><W11/><G79/><T15/><D100/><U47/><E0/><V93/><F68/><W78/><G78/><T62/><D74/><U58/><E29/><V14/><F64/><W38/><G38/><T9/><D76/><U17/><E126/><V34/><F34/><W43/><G43/><T133/><D133/><U96/><E96/><V122/><F122/><W135/><G135/><T127/><D127/><U63/><E86/><V45/><F81/><W28/><G11/><T106/><D106/><U85/><E85/><V51/><F110/><N who="1" m="42025" /><E17/><V131/><F131/><N who="1" m="50249" /><E12/><V5/><F5/><W130/><G130/><T61/><D40/><AGARI ba="0,0" hai="40,47,48,58,63,65,70,71" m="50249,42025" machi="40" ten="30,12000,1" yaku="14,1,10,1,19,1,34,2" doraHai="31" who="1" fromWho="0" sc="237,-120,243,120,277,0,243,0" /><INIT seed="1,1,0,3,3,24" ten="117,363,277,243" oya="1" hai0="88,42,37,119,114,98,81,62,126,78,92,68,71" hai1="64,94,110,49,132,79,108,13,50,107,129,109,45" hai2="8,65,115,53,61,39,106,20,31,63,128,117,38" hai3="135,51,18,47,120,124,46,134,72,121,86,123,93"/><U76/><E107/><V54/><F106/><W1/><G1/><T116/><D42/><U40/><E64/><V83/><F117/><W7/><G7/><T56/><D37/><U10/><E132/><N who="3" m="50730" /><G72/><T2/><D2/><U16/><E129/><V70/><F128/><W52/><G124/><T44/><D44/><N who="1" m="25735" /><E94/><V48/><F115/><W33/><G33/><T27/><D114/><U12/><E12/><V84/><F8/><W17/><G47/><T105/><D126/><U85/><E85/><V34/><F34/><W36/><G36/><T15/><D119/><U131/><E131/><V5/><F5/><W80/><G93/><T11/><D116/><U22/><E10/><V23/><F23/><W57/><G46/><T26/><D105/><U59/><E59/><V112/><F112/><W102/><G102/><T100/><D71/><U67/><E67/><V19/><F31/><W58/><G58/><T111/><D68/><U101/><E101/><V95/><F95/><W103/><G103/><T97/><D111/><N who="1" m="28419" /><U127/><DORA hai="96" /><E127/><V9/><F9/><W73/><G73/><T75/><D97/><U35/><E35/><V21/><F70/><W66/><G66/><T91/><D27/><U89/><E89/><AGARI ba="1,0" hai="17,18,51,52,57,80,86,89,120,121,123" m="50730" machi="89" ten="40,2600,0" yaku="20,1,54,1" doraHai="24,96" who="3" fromWho="1" sc="117,0,363,-29,277,0,243,29" /><INIT seed="2,0,0,0,1,103" ten="117,334,277,272" oya="2" hai0="79,113,135,100,109,117,33,119,39,124,69,115,1" hai1="19,54,126,32,70,40,91,112,42,96,72,99,5" hai2="8,110,93,80,4,87,24,23,57,104,13,21,131" hai3="17,66,83,10,120,129,0,122,105,25,86,38,53"/><V132/><F131/><W18/><G129/><T121/><D100/><U44/><E112/><V95/><F132/><W28/><G38/><T116/><D79/><U2/><E70/><V26/><F110/><W134/><G134/><T37/><D37/><U59/><E72/><V71/><F71/><W114/><G114/><T22/><D22/><U62/><E32/><V125/><F125/><W61/><G53/><T89/><D89/><U90/><E126/><V3/><F3/><W48/><G48/><T9/><D9/><U56/><E5/><V49/><F104/><W97/><G97/><T127/><D127/><U63/><E2/><V118/><F118/><W65/><G65/><T106/><D115/><U128/><E128/><V11/><F11/><W58/><G105/><T73/><D119/><U60/><E19/><V43/><F23/><W84/><G84/><T31/><D31/><U98/><E44/><N who="2" m="25759" /><F57/><N who="1" m="22089" /><E54/><V92/><F21/><N who="3" m="15407" /><G0/><T50/><D50/><U20/><E20/><V41/><F41/><AGARI ba="0,0" hai="40,41,42,60,62,63,90,91,96,98,99" m="22089" machi="41" ten="40,5200,0" yaku="28,2,8,1" doraHai="103" who="1" fromWho="2" sc="117,0,334,52,277,-52,272,0" /><INIT seed="3,0,0,4,4,72" ten="117,386,225,272" oya="3" hai0="133,76,90,10,80,60,127,55,68,63,35,42,12" hai1="77,111,129,115,70,47,105,32,123,121,66,117,22" hai2="58,8,3,81,16,97,5,124,103,118,94,110,43" hai3="102,59,78,44,109,88,120,17,21,125,2,54,122"/><W1/><G125/><T39/><D133/><U104/><E22/><V40/><F124/><W37/><G102/><T87/><D127/><U50/><E66/><V19/><F118/><W20/><G109/><T113/><D35/><U82/><E117/><V57/><F110/><W49/><G78/><T99/><D113/><U69/><E115/><V61/><F58/><W83/><G122/><T46/><D68/><U74/><E111/><V34/><F34/><W119/><G120/><T27/><D27/><U30/><E129/><V96/><F96/><W100/><G100/><T14/><D14/><U36/><E50/><V67/><F43/><W71/><G71/><N who="1" m="27146" /><E123/><V132/><F132/><W56/><G119/><T114/><D114/><U62/><E62/><V92/><F92/><W107/><G107/><T134/><D134/><U6/><E121/><V64/><F64/><W93/><G83/><T79/><D99/><U108/><E108/><V9/><F81/><W75/><G75/><T11/><D11/><U53/><E53/><V4/><REACH who="2" step="1"/><F40/><REACH who="2" step="2"/><N who="3" m="22543" /><G56/><T23/><D63/><U128/><E105/><V45/><F45/><W65/><G65/><T131/><D131/><U98/><E104/><V89/><F89/><W95/><G88/><T52/><D23/><U91/><E128/><V25/><F25/><N who="3" m="14479" /><G21/><T116/><D116/><U126/><E126/><V15/><AGARI ba="0,1" hai="3,4,5,8,9,15,16,19,57,61,67,94,97,103" machi="15" ten="20,5200,0" yaku="1,1,0,1,7,1,54,1,53,0" doraHai="72" doraHaiUra="106" who="2" fromWho="2" sc="117,-13,386,-13,215,62,272,-26" /><INIT seed="4,0,0,0,1,49" ten="104,373,277,246" oya="0" hai0="59,28,34,36,75,64,78,110,40,27,97,8,115" hai1="108,122,76,95,51,21,104,29,84,92,2,129,45" hai2="130,54,124,53,63,99,31,62,134,43,86,90,91" hai3="77,126,87,88,47,121,83,60,133,41,114,116,18"/><T103/><D115/><U56/><E108/><V33/><F130/><W0/><G116/><T26/><D26/><U52/><E129/><V119/><F119/><W12/><G121/><T61/><D110/><U132/><E122/><V118/><F118/><W55/><G114/><T109/><D109/><U16/><E2/><V50/><F33/><W113/><G113/><T85/><D85/><U44/><E132/><V68/><F134/><W101/><G133/><T38/><D40/><U107/><E29/><V79/><F31/><W105/><G126/><T7/><D78/><U94/><E107/><V58/><F124/><W39/><G0/><T102/><D102/><U66/><E104/><V123/><F123/><W57/><G77/><T81/><D81/><N who="1" m="47143" /><E66/><V20/><F99/><W73/><G73/><T128/><D128/><U24/><AGARI ba="0,0" hai="16,21,24,44,45,51,52,56,92,94,95" m="47143" machi="24" ten="30,7900,0" yaku="8,1,52,1,54,2" doraHai="49" who="1" fromWho="1" sc="104,-39,373,79,277,-20,246,-20" /><INIT seed="5,0,0,1,2,35" ten="65,452,257,226" oya="1" hai0="30,103,133,50,92,124,131,122,34,104,117,125,101" hai1="112,118,129,128,127,5,65,28,86,53,88,83,13" hai2="69,46,49,106,75,78,87,8,9,70,126,10,135" hai3="41,29,119,20,26,7,100,80,37,116,11,79,109"/><U17/><E118/><N who="3" m="45098" /><G109/><T111/><D50/><U51/><E112/><V3/><F75/><N who="3" m="43135" /><G100/><T77/><D30/><U132/><E65/><V48/><F106/><W114/><G114/><T39/><D77/><U89/><E28/><V76/><F126/><W130/><G130/><N who="1" m="50282" /><E127/><V6/><F135/><W110/><G110/><T38/><D92/><U32/><E32/><V23/><F23/><W55/><G55/><T19/><D19/><U134/><E5/><V71/><F49/><W0/><G41/><T91/><D91/><U22/><E89/><V56/><F56/><AGARI ba="0,0" hai="13,17,22,51,53,56,83,86,88,132,134" m="50282" machi="56" ten="30,2900,0" yaku="19,1,54,1" doraHai="35" who="1" fromWho="2" sc="65,0,452,29,257,-29,226,0" /><INIT seed="5,1,0,1,3,14" ten="65,481,228,226" oya="1" hai0="119,3,110,118,57,52,59,77,76,12,61,115,82" hai1="75,41,37,122,51,72,43,66,91,44,26,133,93" hai2="84,39,19,17,117,130,97,40,100,102,79,103,69" hai3="71,80,120,56,55,29,94,99,21,87,104,58,45"/><U96/><E122/><V13/><F69/><W36/><G120/><T38/><D3/><U125/><E125/><V116/><F39/><W27/><G71/><T53/><D38/><U74/><E66/><V86/><F40/><W8/><G104/><T48/><D110/><U134/><E43/><V128/><F13/><W67/><G8/><T47/><D115/><U90/><E37/><V85/><F97/><W64/><G36/><T95/><D47/><U129/><E129/><N who="2" m="49771" /><F79/><N who="3" m="46495" /><G45/><T70/><D70/><U132/><REACH who="1" step="1"/><E26/><REACH who="1" step="2"/><V88/><F88/><AGARI ba="1,1" hai="41,44,51,72,74,75,88,90,91,93,96,132,133,134" machi="88" ten="50,12000,1" yaku="1,1,2,1,20,1,54,1,53,0" doraHai="14" doraHaiUra="78" who="1" fromWho="2" sc="65,0,471,133,228,-123,226,0" /><INIT seed="5,2,0,0,5,124" ten="65,604,105,226" oya="1" hai0="32,111,27,29,40,71,110,119,93,135,43,31,45" hai1="90,51,36,35,28,126,8,118,46,99,132,75,16" hai2="53,60,104,121,47,106,57,0,64,133,81,130,109" hai3="63,12,61,128,78,17,97,112,108,84,67,127,49"/><U82/><E118/><V89/><F109/><W100/><G108/><T107/><D43/><U134/><E126/><V30/><F121/><W2/><G127/><T24/><D93/><U37/><E35/><V88/><F0/><W62/><G2/><T5/><D119/><U101/><E28/><V25/><F133/><W80/><G112/><T122/><D135/><N who="1" m="51755" /><E75/><V113/><F113/><W41/><G128/><T38/><D122/><U73/><E73/><V39/><F130/><W85/><G85/><T7/><D7/><U59/><E59/><V69/><F89/><W10/><G49/><T54/><D54/><N who="1" m="30071" /><E99/><V120/><F120/><W94/><G41/><T95/><D95/><U79/><E101/><V11/><F11/><W13/><G13/><T103/><D5/><U26/><E79/><V68/><F47/><W48/><G48/><T129/><D129/><U125/><E125/><V9/><F39/><W42/><G42/><T23/><D71/><AGARI ba="2,0" hai="10,12,17,61,62,63,67,71,78,80,84,94,97,100" machi="71" ten="30,1000,0" yaku="7,1" doraHai="124" who="3" fromWho="0" sc="65,-16,604,0,105,0,226,16" /><INIT seed="6,0,0,4,3,75" ten="49,604,105,242" oya="2" hai0="30,26,77,95,42,2,19,47,93,63,45,106,71" hai1="123,108,53,36,132,41,17,35,129,5,78,89,116" hai2="33,9,6,102,126,127,10,50,74,82,105,128,0" hai3="58,69,99,122,90,97,101,7,66,88,70,8,15"/><V39/><F50/><W76/><G122/><T24/><D2/><U31/><E17/><V49/><F49/><W84/><G70/><T135/><D106/><U67/><E53/><V38/><F10/><W96/><G69/><T57/><D135/><U125/><E89/><N who="3" m="34410" /><G101/><T43/><D71/><U62/><E5/><V59/><F59/><W51/><G51/><T94/><D19/><U87/><E123/><V40/><F128/><W115/><G115/><T3/><D3/><U100/><E129/><V86/><F86/><W23/><G23/><T109/><D109/><U124/><E132/><V119/><F119/><W14/><G14/><T118/><D118/><U68/><E116/><V114/><F114/><W134/><G134/><T110/><D110/><U91/><E100/><V28/><F40/><W104/><G104/><T117/><D117/><U72/><E108/><V54/><F54/><W80/><G58/><T25/><D30/><U34/><E91/><V52/><F52/><W81/><G81/><T107/><D107/><U46/><E87/><V56/><F56/><W4/><G66/><T133/><D133/><U13/><E13/><V55/><F55/><W131/><G131/><T64/><D43/><U79/><E35/><V61/><F61/><W113/><G113/><T11/><D11/><U22/><E22/><V73/><F73/><W48/><G48/><T65/><D65/><U60/><E60/><V92/><F92/><W111/><G111/><T37/><D47/><U27/><E72/><V18/><F74/><W16/><AGARI ba="0,0" hai="4,7,8,15,16,76,80,84,96,97,99" m="34410" machi="16" ten="30,7900,0" yaku="8,1,52,1,54,2" doraHai="75" who="3" fromWho="3" sc="49,-20,604,-20,105,-39,242,79" /><INIT seed="7,0,0,1,2,73" ten="29,584,66,321" oya="3" hai0="134,100,116,39,30,53,2,9,40,110,66,60,7" hai1="78,104,99,23,126,58,22,32,90,122,80,59,96" hai2="91,109,107,111,72,68,65,28,27,25,6,26,98" hai3="88,75,54,55,84,71,33,31,44,4,5,89,51"/><W83/><G71/><T20/><D110/><U76/><E122/><V101/><F65/><W56/><G75/><T130/><D134/><U131/><E32/><V85/><F72/><W36/><G36/><T63/><D130/><U115/><E131/><V8/><F68/><W46/><G33/><T74/><D116/><U29/><E115/><V87/><F87/><N who="3" m="50303" /><G31/><T86/><D100/><U57/><E126/><V112/><F112/><W129/><G129/><T50/><D74/><U61/><E61/><V95/><REACH who="2" step="1"/><F28/><REACH who="2" step="2"/><W38/><G38/><T24/><D66/><U47/><E47/><N who="3" m="17962" /><G55/><T21/><D30/><U48/><E29/><V124/><F124/><W62/><G62/><T135/><D39/><U37/><E37/><V119/><F119/><W45/><N who="3" m="17970" /><W41/><DORA hai="13" /><G41/><T123/><D40/><U102/><E48/><V113/><F113/><W1/><G1/><AGARI ba="0,1" hai="1,6,8,25,26,27,85,91,95,98,101,107,109,111" machi="1" ten="40,1300,0" yaku="1,1,53,0" doraHai="73,13" doraHaiUra="132,14" who="2" fromWho="3" sc="29,0,584,0,56,23,321,-13" owari="29,-47.0,584,68.0,79,-32.0,308,11.0" /></mjloggm>