<mjloggm ver="2.3"><GO type="97"/><UN n0="%E5%A4%A7%E7%8E%84%E7%A5%9E" n1="%EF%BC%88%E2%89%A7%E2%96%BD%E2%89%A6%EF%BC%89" n2="%E6%AC%A1%E5%9B%9E%E3%81%AB%E7%B6%9A%E3%81%8F%EF%BC%81" n3="%73%69%6D%6F%6E" dan="13,15,13,13" rate="1857,2003,1883,1908" sx="M,M,F,M"/><TAIKYOKU oya="0"/><INIT seed="0,0,0,4,4,13" ten="250,250,250,250" oya="0" hai0="44,87,102,47,45,26,28,80,99,29,69,50,61" hai1="101,60,21,133,56,62,77,39,38,54,27,109,19" hai2="63,76,51,127,6,71,119,22,110,43,46,86,93" hai3="107,65,89,82,113,112,59,14,42,33,134,94,103"/><T2/><D2/><U57/><E133/><V9/><F110/><W125/><G33/><T74/><D74/><U115/><E109/><V84/><F127/><W114/><G125/><T72/><D72/><U18/><E115/><V16/><F119/><W132/><G42/><T128/><D128/><U100/><E77/><V75/><F93/><W17/><G65/><T97/><D50/><U25/><E21/><V98/><F98/><W68/><G59/><T32/><D29/><U131/><E54/><V118/><F118/><W90/><G68/><T104/><D97/><U15/><E15/><V55/><F75/><W35/><G35/><T1/><D1/><U121/><E121/><V91/><F91/><W66/><G66/><N who="0" m="41167" /><D47/><U3/><E3/><V124/><F124/><W4/><G4/><T92/><D92/><U23/><E23/><V10/><F76/><AGARI ba="0,0" hai="26,28,32,44,45,76,80,87,99,102,104" m="41167" machi="76" ten="30,1500,0" yaku="25,1" doraHai="13" who="0" fromWho="2" sc="250,15,250,0,250,-15,250,0" /><INIT seed="0,1,0,0,3,124" ten="265,250,235,250" oya="0" hai0="120,20,1,5,42,95,71,62,48,55,32,47,86" hai1="68,54,105,37,96,110,85,58,41,8,135,6,76" hai2="88,78,24,100,69,31,74,121,77,119,64,35,108" hai3="43,125,17,22,40,0,132,15,66,10,36,33,13"/><T113/><D113/><U61/><E135/><V21/><F121/><W131/><G66/><T49/><D120/><U44/><E110/><V72/><F108/><W3/><G36/><T50/><D32/><U115/><E115/><V75/><F119/><W56/><G56/><T25/><D1/><U109/><E109/><V90/><F100/><W122/><G122/><T126/><D5/><U51/><E105/><V28/><F28/><W104/><G104/><T87/><D126/><U14/><E96/><V103/><F103/><W92/><G92/><T97/><D71/><U133/><E133/><V18/><F64/><W12/><G132/><T99/><D62/><U38/><REACH who="1" step="1"/><E68/><REACH who="1" ten="265,240,235,250" step="2"/><V63/><F63/><W81/><G125/><T84/><D99/><U52/><E52/><V80/><F69/><W34/><G43/><T130/><D55/><U73/><E73/><V128/><F128/><W123/><G40/><T7/><D130/><U2/><E2/><N who="3" m="554" /><G131/><T9/><D9/><U11/><E11/><V118/><F118/><W82/><G123/><T65/><D65/><U27/><E27/><V101/><F101/><W134/><G134/><T46/><D42/><U59/><E59/><V91/><REACH who="2" step="1"/><F80/><AGARI ba="1,1" hai="6,8,14,37,38,41,44,51,54,58,61,76,80,85" machi="80" ten="40,5200,0" yaku="1,1,25,2,53,0" doraHai="124" doraHaiUra="106" who="1" fromWho="2" sc="265,0,240,65,235,-55,250,0" /><INIT seed="1,0,0,0,1,37" ten="265,305,180,250" oya="1" hai0="33,9,118,84,5,14,0,98,51,99,12,11,15" hai1="46,107,53,115,72,71,101,39,7,60,120,18,110" hai2="25,111,19,34,41,86,56,1,90,20,129,8,102" hai3="106,76,57,87,52,4,124,35,16,92,74,77,32"/><U130/><E120/><V89/><F111/><W24/><G106/><T100/><D33/><U17/><E115/><V59/><F129/><W132/><G74/><T95/><D118/><U66/><E72/><V127/><F127/><W45/><G4/><T23/><D11/><U134/><E110/><V2/><F102/><W135/><G124/><T125/><D125/><U73/><E73/><V61/><F41/><W63/><G45/><T122/><D122/><U109/><E109/><V13/><F34/><W47/><G47/><T67/><D67/><U114/><E130/><V103/><F103/><W49/><G63/><T88/><D51/><U64/><E64/><V113/><F113/><W44/><G57/><T78/><D78/><U68/><E114/><V97/><F97/><W108/><G108/><T50/><D50/><U121/><E71/><V28/><F89/><W26/><G92/><T29/><REACH who="0" step="1"/><D100/><REACH who="0" ten="255,305,180,250" step="2"/><U104/><E101/><V85/><F59/><W30/><G77/><T133/><D133/><U54/><E134/><V82/><REACH who="2" step="1"/><F85/><REACH who="2" ten="255,305,170,250" step="2"/><W126/><G87/><T10/><D10/><U62/><E121/><V36/><F36/><W69/><G76/><T128/><D128/><U70/><E104/><V112/><F112/><W94/><G126/><T31/><D31/><U96/><E107/><V75/><F75/><W65/><G135/><T40/><D40/><U55/><E39/><V91/><F91/><W27/><G132/><T117/><D117/><U123/><E123/><V38/><F38/><W93/><G35/><T21/><D21/><U79/><E79/><V6/><F6/><RYUUKYOKU ba="0,2" sc="255,15,305,-15,170,15,250,-15" hai0="0,5,9,12,14,15,23,29,84,88,95,98,99" hai2="1,2,8,13,19,20,25,28,56,61,82,86,90" /><INIT seed="2,1,2,0,5,124" ten="270,290,185,235" oya="2" hai0="113,26,86,75,68,96,93,110,133,12,104,60,6" hai1="9,44,21,105,98,135,5,85,130,41,74,117,94" hai2="115,28,1,84,23,27,116,83,52,45,29,0,56" hai3="39,24,55,106,51,70,53,31,71,59,128,64,34"/><V40/><F116/><W54/><G106/><T125/><D113/><U16/><E117/><V65/><F65/><W80/><G39/><T33/><D75/><U112/><E74/><V43/><F29/><W103/><G103/><T77/><D125/><U66/><E105/><V38/><F40/><W37/><G37/><T89/><D133/><U107/><E107/><V108/><F108/><W8/><G8/><T49/><D110/><U7/><E112/><V10/><F10/><W4/><G4/><T100/><D77/><U14/><E135/><V127/><F127/><W134/><G134/><T62/><D49/><N who="1" m="26767" /><E130/><V102/><F102/><W121/><G121/><T57/><D57/><U72/><E72/><V78/><REACH who="2" step="1"/><F115/><REACH who="2" ten="270,290,175,235" step="2"/><W123/><G123/><T120/><D120/><U87/><E66/><V18/><F18/><W122/><G122/><T67/><D6/><N who="1" m="2059" /><E9/><V35/><F35/><W47/><G64/><T126/><D126/><U63/><E98/><V114/><F114/><W2/><G70/><T99/><D67/><U97/><E63/><AGARI ba="1,3" hai="0,1,23,27,28,38,43,45,52,56,63,78,83,84" machi="63" ten="30,11600,0" yaku="1,1,7,1,54,1,53,1" doraHai="124" doraHaiUra="19" who="2" fromWho="1" sc="270,0,290,-119,175,149,235,0" /><INIT seed="2,2,0,4,4,125" ten="270,171,324,235" oya="2" hai0="133,75,64,72,78,132,115,14,99,107,83,2,8" hai1="69,117,32,120,43,18,54,6,3,79,39,104,28" hai2="38,60,37,106,123,103,93,50,22,121,9,73,21" hai3="95,111,94,84,134,62,61,25,29,0,96,124,26"/><V112/><F112/><W51/><G0/><T41/><D2/><U126/><E54/><V74/><F60/><W58/><G124/><T30/><D30/><U114/><E79/><V127/><F127/><W80/><G111/><T24/><D24/><U85/><E85/><V52/><F9/><W129/><G134/><N who="0" m="51819" /><D64/><U101/><E101/><V46/><F106/><W119/><G119/><T57/><D41/><U76/><E76/><V45/><F93/><W88/><G95/><T102/><D57/><U135/><E18/><V17/><F17/><W63/><G129/><T100/><D115/><U65/><E43/><V70/><F50/><W105/><G105/><T82/><D14/><U56/><E56/><V20/><F103/><W90/><G51/><T87/><D8/><U7/><E6/><V36/><F52/><W130/><G130/><T77/><D102/><U128/><E7/><V113/><F70/><W19/><G19/><T97/><D97/><U109/><E65/><V16/><F16/><W98/><G98/><T27/><D27/><N who="3" m="10249" /><G29/><T55/><D55/><AGARI ba="2,0" hai="55,58,61,62,63,80,84,88,90,94,96" m="10249" machi="55" ten="30,2000,0" yaku="8,1,54,1" doraHai="125" who="3" fromWho="0" sc="270,-26,171,0,324,0,235,26" /><INIT seed="3,0,0,4,3,102" ten="244,171,324,261" oya="3" hai0="103,74,107,95,91,114,89,64,25,10,76,18,70" hai1="52,61,31,106,54,85,32,79,0,56,28,90,1" hai2="100,69,93,50,77,5,27,15,110,97,17,127,22" hai3="23,118,119,30,84,47,6,20,36,59,55,34,7"/><W135/><G34/><T126/><D70/><U41/><E41/><V8/><F69/><W75/><G75/><T35/><D64/><U133/><E133/><V45/><F110/><W44/><G135/><T71/><D71/><U96/><E79/><V11/><F11/><W73/><G73/><T115/><D10/><U40/><E40/><N who="2" m="24871" /><F127/><W46/><G36/><T43/><D43/><U112/><E112/><N who="0" m="43049" /><D18/><U4/><E54/><V101/><F77/><W82/><G119/><T37/><D25/><U13/><E32/><V58/><F58/><W42/><G118/><T26/><D26/><U12/><E0/><V130/><F130/><W134/><G42/><T116/><D35/><U129/><E1/><V117/><F117/><W65/><G65/><T120/><D116/><U38/><E38/><V128/><F128/><W29/><G134/><T86/><D120/><U51/><E129/><V57/><F57/><W16/><G7/><T121/><D121/><U80/><E61/><V72/><F72/><W33/><G6/><T111/><D111/><U99/><E99/><V105/><F105/><W68/><G68/><T49/><D49/><U108/><E108/><V66/><F66/><W109/><G33/><T62/><D62/><U125/><E125/><V67/><F67/><W9/><G109/><T48/><D48/><U21/><E4/><V87/><F87/><W104/><G30/><N who="1" m="11306" /><E21/><N who="3" m="8266" /><G29/><T53/><D53/><U39/><E39/><V88/><AGARI ba="0,0" hai="5,8,15,17,22,27,88,93,97,100,101" m="24871" machi="88" ten="30,2000,0" yaku="8,1,54,1" doraHai="102" who="2" fromWho="2" sc="244,-5,171,-5,324,20,261,-10" owari="239,-16.0,166,-33.0,344,44.0,251,5.0" /></mjloggm>