<mjloggm ver="2.3"><GO type="169"/><UN n0="%EF%BC%88%E2%89%A7%E2%96%BD%E2%89%A6%EF%BC%89" n1="%E6%AD%A6%E5%A3%AB%E6%B2%A2%E7%A7%80%E8%A1%8C" n2="%56%65%6E%75%73%53%61%79" n3="%E3%81%82%E3%81%A4%E3%81%82%E3%81%A4%E6%B9%AF%E8%B1%86%E8%85%90" dan="18,16,17,17" rate="2170,2060,2179,2202" sx="M,M,M,M"/><TAIKYOKU oya="0"/><INIT seed="0,0,0,4,1,50" ten="250,250,250,250" oya="0" hai0="60,28,85,64,3,19,105,97,57,24,109,27,68" hai1="78,22,65,122,118,33,15,0,115,92,10,74,30" hai2="72,53,8,110,76,41,73,127,99,34,77,16,40" hai3="96,79,100,90,135,62,87,70,45,121,37,83,91"/><T56/><D3/><U104/><E104/><V25/><F34/><W80/><G135/><T123/><D123/><U47/><E122/><V84/><F127/><W120/><G70/><T134/><D134/><U106/><E106/><V38/><F110/><W101/><G62/><T59/><D109/><U14/><E118/><V88/><F73/><N who="3" m="43119" /><G45/><T9/><D85/><U26/><E115/><V49/><F72/><W132/><G37/><T69/><D69/><U4/><E65/><V94/><F38/><W108/><G108/><T117/><D117/><U29/><E47/><N who="2" m="27839" /><F84/><N who="3" m="50463" /><G132/><T128/><D128/><U114/><E114/><V86/><F86/><W12/><G12/><N who="1" m="4650" /><E78/><N who="2" m="30315" /><F8/><W20/><G120/><T133/><D133/><U13/><E74/><V17/><F25/><W75/><G121/><T130/><D9/><N who="1" m="2183" /><E92/><V116/><F116/><W61/><G75/><T81/><D68/><U6/><E30/><V112/><F112/><W23/><G87/><T95/><D28/><U102/><E102/><V67/><F67/><W35/><G100/><T43/><D64/><U89/><E89/><V2/><F2/><W32/><G91/><T58/><D60/><U131/><E131/><V21/><F21/><AGARI ba="0,0" hai="6,10,13,21,22,26,29,33" m="2183,4650" machi="21" ten="30,8000,1" yaku="35,5" doraHai="50" who="1" fromWho="2" sc="250,0,250,80,250,-80,250,0" /><INIT seed="1,0,0,4,0,108" ten="250,330,170,250" oya="1" hai0="135,80,52,89,77,0,11,120,84,121,65,73,45" hai1="58,85,128,24,78,112,122,8,31,134,132,13,26" hai2="72,59,69,49,1,74,106,28,83,53,5,3,116" hai3="17,76,62,33,96,125,30,133,41,46,56,115,42"/><U101/><E101/><V44/><F116/><W70/><G70/><T110/><D110/><U117/><E117/><V34/><F69/><W50/><G125/><T36/><D135/><N who="1" m="51755" /><E78/><V20/><F106/><W16/><G133/><T126/><D65/><U19/><E85/><V102/><F34/><W97/><G42/><T15/><D126/><U113/><E122/><V88/><F102/><W130/><G130/><T57/><D0/><U4/><E128/><V43/><F28/><W114/><G76/><T7/><D45/><U25/><E58/><V127/><F127/><W32/><G32/><T10/><D10/><N who="1" m="6583" /><E31/><V94/><F20/><W9/><G96/><T48/><REACH who="0" step="1"/><D36/><REACH who="0" ten="240,330,170,250" step="2"/><U105/><E105/><V63/><F5/><W93/><G9/><T51/><D51/><U100/><E100/><V87/><REACH who="2" step="1"/><F83/><AGARI ba="0,1" hai="7,11,15,48,52,57,73,77,80,83,84,89,120,121" machi="83" ten="40,2600,0" yaku="1,1,54,1,53,0" doraHai="108" doraHaiUra="40" who="0" fromWho="2" sc="240,36,330,0,170,-26,250,0" /><INIT seed="2,0,0,3,1,103" ten="276,330,144,250" oya="2" hai0="71,83,54,3,84,119,131,46,62,51,105,60,18" hai1="69,121,9,118,99,0,127,8,59,22,24,88,5" hai2="116,132,68,31,23,76,102,123,43,21,38,48,70" hai3="80,63,28,113,107,129,47,17,96,12,79,115,55"/><V33/><F38/><W90/><G28/><T106/><D3/><U97/><E69/><V128/><F123/><W40/><G129/><T35/><D35/><U39/><E39/><V92/><F116/><W77/><G63/><T56/><D131/><U41/><E118/><V114/><F114/><W134/><G55/><T34/><D34/><U89/><E121/><V25/><F128/><W81/><G134/><T15/><D71/><U20/><E127/><V53/><F43/><W124/><G124/><T61/><D56/><U67/><E41/><V85/><F132/><W29/><G29/><T112/><D112/><N who="3" m="43081" /><G90/><N who="1" m="34922" /><E5/><V44/><F70/><W66/><G66/><T74/><D74/><U109/><E109/><V111/><F68/><W4/><G4/><T95/><D95/><U120/><E0/><V2/><F2/><W94/><G94/><T91/><REACH who="0" step="1"/><D119/><REACH who="0" ten="266,330,144,250" step="2"/><U1/><E1/><V86/><F111/><W57/><G57/><T37/><D37/><U65/><E120/><V126/><F126/><W42/><G47/><T7/><D7/><U110/><E110/><V64/><F64/><W30/><G80/><T75/><D75/><U135/><E135/><V6/><F6/><W19/><G81/><T16/><D16/><N who="1" m="12295" /><E65/><V13/><F33/><W11/><G19/><T104/><D104/><U49/><E67/><V50/><F50/><W93/><G107/><T52/><D52/><N who="1" m="32143" /><E22/><AGARI ba="0,1" hai="15,18,22,46,51,54,60,61,62,83,84,91,105,106" machi="22" ten="40,8000,1" yaku="1,1,52,2,53,2" doraHai="103" doraHaiUra="100" who="0" fromWho="1" sc="266,90,330,-80,144,0,250,0" /><INIT seed="3,0,0,3,2,22" ten="356,250,144,250" oya="3" hai0="95,42,38,113,101,69,60,19,109,97,83,98,100" hai1="74,63,35,122,54,4,70,65,12,14,3,47,134" hai2="127,135,67,24,40,53,105,51,58,25,41,44,2" hai3="108,107,26,62,55,9,34,32,8,20,91,46,1"/><W31/><G107/><T102/><D109/><U28/><E122/><V111/><F2/><W85/><G108/><T88/><D113/><U13/><E74/><V126/><F111/><W116/><G116/><T132/><D132/><U61/><E134/><V81/><F135/><W121/><G121/><T96/><D83/><U71/><E3/><V76/><F67/><W59/><G46/><T123/><D123/><U130/><E130/><V131/><F105/><W104/><G104/><T39/><D19/><U16/><E4/><V10/><F10/><W128/><G128/><T93/><D42/><U57/><E47/><V50/><F41/><W48/><G62/><T49/><D49/><U106/><E106/><V21/><F131/><W82/><REACH who="3" step="1"/><G9/><REACH who="3" ten="356,250,144,240" step="2"/><T18/><D60/><U23/><REACH who="1" step="1"/><E71/><REACH who="1" ten="356,240,144,240" step="2"/><V17/><REACH who="2" step="1"/><F25/><AGARI ba="0,2" hai="12,13,14,16,23,25,28,35,54,57,61,63,65,70" machi="25" ten="40,8000,1" yaku="1,1,2,1,52,1,54,1,53,0" doraHai="22" doraHaiUra="112" who="1" fromWho="2" sc="356,0,240,100,144,-80,240,0" /><INIT seed="4,0,0,2,0,48" ten="356,340,64,240" oya="0" hai0="12,105,30,97,13,34,61,62,26,128,66,37,20" hai1="36,42,51,73,89,52,91,111,15,117,8,55,71" hai2="106,126,10,50,1,108,74,92,6,125,112,49,76" hai3="127,80,0,116,25,54,2,133,114,100,21,9,79"/><T28/><D128/><U68/><E73/><V67/><F106/><W102/><G116/><T33/><D37/><U23/><E36/><V53/><F108/><W63/><G114/><T95/><D105/><U129/><E117/><V99/><F112/><W135/><G127/><T132/><D132/><N who="3" m="50761" /><G63/><T110/><D110/><U47/><E129/><V41/><F67/><W27/><G27/><T4/><D62/><U109/><E71/><V119/><F119/><W124/><G54/><N who="1" m="20522" /><E68/><V87/><F74/><N who="3" m="43127" /><G124/><T118/><D118/><U115/><E111/><V35/><F35/><W83/><G83/><T77/><D34/><U58/><E109/><V18/><F18/><W40/><G40/><T70/><D33/><U94/><E115/><V64/><F64/><W56/><G56/><T120/><D70/><U131/><E131/><V31/><F31/><N who="3" m="17839" /><G2/><T17/><D120/><U16/><E58/><V46/><F76/><W3/><G3/><T103/><D66/><U130/><E130/><V38/><F38/><W75/><G75/><T43/><D43/><U122/><E122/><V5/><F5/><AGARI ba="0,0" hai="0,5,9,100,102" m="17839,43127,50761" machi="5" ten="30,1000,0" yaku="20,1" doraHai="48" who="3" fromWho="2" sc="356,0,340,0,64,-10,240,10" /><INIT seed="5,0,0,0,1,20" ten="356,340,54,250" oya="1" hai0="34,16,86,123,109,78,52,53,35,47,43,11,104" hai1="94,32,89,21,115,6,82,50,64,79,4,106,117" hai2="74,29,73,22,108,122,130,100,12,97,70,90,60" hai3="23,55,126,13,84,87,41,37,83,121,105,77,3"/><U88/><E106/><V56/><F70/><W61/><G3/><T19/><D104/><U24/><E32/><V54/><F130/><W33/><G33/><T107/><D107/><U49/><E117/><V30/><F122/><W93/><G121/><T45/><D109/><U18/><E115/><V72/><F108/><W7/><G105/><T5/><D123/><U62/><E6/><V99/><F100/><W1/><G1/><T102/><D102/><U96/><E89/><V119/><F119/><W114/><G126/><T118/><D118/><U71/><E4/><V51/><F51/><W57/><G114/><T131/><D131/><U39/><E39/><V110/><F110/><W0/><G0/><T8/><D86/><AGARI ba="0,0" hai="18,21,24,49,50,62,64,71,79,82,86,88,94,96" machi="86" ten="30,5800,0" yaku="7,1,52,1,54,1" doraHai="20" who="1" fromWho="0" sc="356,-58,340,58,54,0,250,0" /><INIT seed="5,1,0,4,1,17" ten="298,398,54,250" oya="1" hai0="132,116,19,91,39,133,114,45,5,42,126,82,22" hai1="131,129,112,103,49,101,44,3,27,123,31,71,53" hai2="92,23,111,108,62,87,43,28,4,30,73,79,105" hai3="113,117,36,85,16,81,128,46,110,107,38,63,125"/><U83/><E71/><V98/><F43/><W90/><G110/><T88/><D116/><U10/><E83/><V96/><F4/><W78/><G107/><T35/><D35/><U8/><E112/><V11/><F11/><N who="1" m="4137" /><E3/><V26/><F73/><W51/><G113/><T37/><D5/><U50/><E50/><V20/><F62/><W94/><G117/><T24/><D114/><U65/><E65/><V7/><F7/><W6/><G6/><T120/><D120/><U32/><E123/><V86/><F79/><W34/><G34/><T48/><D126/><U61/><E61/><V52/><F52/><W68/><G125/><T18/><D18/><U25/><E25/><V64/><F92/><W75/><G68/><T47/><D82/><U102/><E32/><V118/><F26/><W119/><G63/><T67/><D67/><U57/><E44/><V106/><REACH who="2" step="1"/><F118/><REACH who="2" ten="298,398,44,250" step="2"/><W135/><G119/><T122/><D42/><U99/><E27/><V33/><F33/><W0/><G78/><T89/><D48/><U127/><E127/><V121/><F121/><W12/><G75/><T93/><D122/><U80/><E53/><V76/><F76/><W21/><G51/><T29/><D93/><U124/><E49/><V115/><F115/><W60/><G94/><T66/><D66/><AGARI ba="1,1" hai="20,23,28,30,64,66,86,87,96,98,105,106,108,111" machi="66" ten="25,8000,1" yaku="1,1,22,2,52,2,53,0" doraHai="17" doraHaiUra="55" who="2" fromWho="0" sc="298,-83,398,0,44,93,250,0" /><INIT seed="6,0,0,4,5,96" ten="215,398,137,250" oya="2" hai0="20,58,8,35,29,36,103,67,94,81,3,104,119" hai1="113,79,2,24,63,70,73,52,9,12,54,110,51" hai2="65,56,11,13,95,128,90,91,1,57,117,60,46" hai3="25,42,0,22,4,101,50,134,30,76,38,102,118"/><V83/><F1/><W43/><G118/><T106/><D119/><U99/><E2/><V74/><F117/><W48/><G38/><T93/><D35/><U100/><E110/><V80/><F128/><W111/><G111/><T108/><D36/><U28/><E113/><V7/><F74/><W125/><G125/><T122/><D122/><U41/><E73/><V87/><F46/><N who="3" m="25687" /><G0/><T132/><D132/><U126/><E79/><V21/><F21/><W10/><G76/><T114/><D114/><U59/><E126/><V61/><REACH who="2" step="1"/><F91/><REACH who="2" ten="215,398,127,250" step="2"/><W131/><G134/><T17/><D20/><N who="1" m="15367" /><E70/><V77/><F77/><W75/><G75/><T6/><D108/><U85/><E41/><V66/><AGARI ba="0,1" hai="7,11,13,56,57,60,61,65,66,80,83,87,90,95" machi="66" ten="20,12000,1" yaku="1,1,0,1,7,1,9,1,8,1,53,0" doraHai="96" doraHaiUra="40" who="2" fromWho="2" sc="215,-40,398,-40,127,130,250,-40" /><INIT seed="6,1,0,3,0,10" ten="175,358,257,210" oya="2" hai0="41,51,118,73,31,132,96,90,7,9,25,129,122" hai1="134,116,68,104,101,12,105,22,55,35,92,112,3" hai2="102,46,85,135,69,8,32,47,124,43,54,48,125" hai3="28,123,15,133,82,66,59,89,58,93,131,120,19"/><V57/><F32/><W107/><G107/><T113/><D122/><U72/><E72/><V0/><F69/><W71/><G71/><T62/><D73/><U18/><E35/><V5/><F135/><W20/><G133/><T11/><D132/><U37/><E37/><V78/><F102/><W45/><G131/><T52/><D129/><U130/><E130/><V36/><F85/><W56/><G66/><T83/><D118/><U38/><E38/><V63/><REACH who="2" step="1"/><F78/><REACH who="2" ten="175,358,247,210" step="2"/><W84/><G120/><T77/><D77/><U13/><E101/><V126/><F126/><W86/><G123/><T42/><D96/><U40/><E68/><V30/><F30/><W33/><G33/><T2/><D113/><U99/><E112/><V39/><F39/><W14/><G28/><T1/><D31/><U81/><E134/><V128/><F128/><W44/><G84/><T34/><D34/><U127/><E99/><V108/><F108/><W49/><G82/><T111/><D111/><U121/><E81/><V103/><F103/><W98/><G86/><T23/><D83/><U64/><E121/><V91/><F91/><W21/><G49/><T60/><D90/><U75/><E127/><V94/><F94/><W88/><G89/><T65/><D51/><U97/><E92/><V53/><AGARI ba="1,1" hai="0,5,8,36,43,46,47,48,53,54,57,63,124,125" machi="53" ten="30,3000,0" yaku="1,1,0,1,53,0" doraHai="10" doraHaiUra="61" who="2" fromWho="2" sc="175,-11,358,-11,247,43,210,-11" /><INIT seed="6,2,0,1,1,48" ten="164,347,290,199" oya="2" hai0="50,5,106,30,72,22,79,114,94,28,61,52,99" hai1="93,36,32,88,10,0,37,118,131,60,1,65,43" hai2="92,107,8,4,59,78,49,29,63,130,74,46,84" hai3="109,132,56,25,14,38,129,86,87,91,110,9,115"/><V42/><F107/><W35/><G38/><T117/><D106/><U123/><E118/><V112/><F112/><W47/><G132/><T55/><D117/><U13/><E32/><V80/><F130/><W126/><G129/><T77/><D114/><U66/><E131/><V128/><F128/><W58/><G115/><T7/><D72/><U20/><E123/><V124/><F124/><W67/><G126/><T57/><D7/><U102/><E102/><V33/><F33/><W81/><G47/><N who="0" m="28127" /><D5/><U83/><E20/><V18/><F29/><N who="0" m="11370" /><D22/><U68/><E65/><V17/><F74/><W31/><G86/><T125/><D125/><U108/><E83/><V133/><F92/><W75/><G75/><T21/><D21/><U97/><E108/><V122/><F122/><W12/><G12/><T76/><D76/><U121/><E121/><V135/><F135/><W39/><G39/><T103/><AGARI ba="2,0" hai="52,57,61,77,79,94,99,103" m="11370,28127" machi="103" ten="30,7900,0" yaku="8,1,52,2,54,1" doraHai="48" who="0" fromWho="0" sc="164,85,347,-22,290,-41,199,-22" /><INIT seed="7,0,0,0,2,91" ten="249,325,249,177" oya="3" hai0="114,89,119,31,51,116,57,64,128,77,90,30,8" hai1="73,105,75,72,97,86,124,43,63,113,5,27,54" hai2="68,109,3,120,99,21,4,12,59,61,60,102,41" hai3="6,1,23,15,10,50,101,66,35,37,13,78,14"/><W76/><G37/><T22/><D128/><U112/><E124/><V126/><F109/><W110/><G110/><T67/><D114/><N who="1" m="44139" /><E5/><V16/><F41/><W19/><G66/><T62/><D77/><U81/><E43/><V11/><F126/><W93/><G35/><T125/><D57/><N who="1" m="35255" /><E27/><V52/><F120/><W7/><G50/><T55/><D51/><U39/><E39/><V111/><F111/><W104/><G104/><T38/><D38/><U85/><E81/><V95/><F68/><W88/><G101/><AGARI ba="0,0" hai="72,73,75,85,86,97,101,105" m="35255,44139" machi="101" ten="40,1300,0" yaku="15,1" doraHai="91" who="1" fromWho="3" sc="249,0,325,13,249,0,177,-13" owari="249,5.0,338,44.0,249,-15.0,164,-34.0" /></mjloggm>