<mjloggm ver="2.3"><GO type="169"/><UN n0="%E3%81%97%E3%81%8A%E3%82%84%E3%81%A0%E3%82%93" n1="%EF%BC%88%E2%89%A7%E2%96%BD%E2%89%A6%EF%BC%89" n2="%E3%81%9A%E3%81%97" n3="%E5%A6%96%E6%98%9F%E4%B9%B1%E8%88%9E" dan="16,16,16,17" rate="2109,2033,2052,2092" sx="M,M,M,M"/><TAIKYOKU oya="0"/><INIT seed="0,0,0,2,4,0" ten="250,250,250,250" oya="0" hai0="65,54,105,22,7,88,118,80,20,37,66,62,60" hai1="39,41,122,102,49,113,69,34,75,128,45,71,70" hai2="18,9,79,8,98,135,5,77,61,24,131,15,110" hai3="23,4,109,126,55,16,38,87,123,100,28,33,108"/><T120/><D37/><U56/><E75/><V44/><F110/><W43/><G100/><T116/><D105/><U76/><E76/><V72/><F72/><W81/><G126/><T114/><D114/><U97/><E122/><V6/><F131/><W3/><G123/><T127/><D127/><U89/><E113/><V130/><F130/><W95/><G95/><T31/><D54/><U32/><E128/><V2/><F135/><W27/><G55/><T11/><D120/><U29/><E89/><V19/><F98/><W134/><G134/><T83/><D31/><U94/><E29/><V1/><F24/><W92/><G92/><T101/><D101/><U52/><AGARI ba="0,0" hai="32,34,39,41,45,49,52,56,69,70,71,94,97,102" machi="52" ten="40,2700,0" yaku="0,1,54,1" doraHai="0" who="1" fromWho="1" sc="250,-13,250,27,250,-7,250,-7" /><INIT seed="1,0,0,0,5,129" ten="237,277,243,243" oya="1" hai0="2,43,54,16,79,19,84,118,122,105,25,81,57" hai1="121,97,120,104,106,22,63,33,9,92,45,11,10" hai2="70,91,80,82,40,26,125,62,123,94,21,99,6" hai3="73,110,133,116,24,67,72,1,23,75,59,74,76"/><U34/><E63/><V90/><F123/><N who="1" m="47177" /><E92/><V93/><F125/><W46/><G1/><T95/><D105/><N who="1" m="40555" /><E97/><V41/><F6/><W18/><G116/><T83/><D122/><U100/><E22/><V37/><F62/><W89/><G46/><T0/><D118/><U58/><E58/><V132/><F70/><W109/><G67/><T102/><D43/><U111/><E45/><V113/><F21/><W68/><G68/><T98/><D83/><U31/><E31/><V64/><F64/><W29/><G59/><T14/><D19/><U130/><E100/><V115/><F26/><W71/><G71/><T28/><D54/><U52/><E52/><V8/><F8/><W65/><G65/><T128/><D57/><U35/><E111/><V103/><F103/><W124/><G29/><T108/><D108/><U85/><E130/><V88/><F91/><W69/><G89/><T127/><D127/><U112/><E112/><V27/><F27/><W135/><G124/><T56/><D56/><U114/><E114/><V32/><F32/><N who="1" m="8193" /><U47/><DORA hai="17" /><E47/><V131/><F131/><W96/><G96/><T7/><D128/><U50/><E85/><V60/><F60/><W77/><G69/><T5/><D28/><U30/><E30/><V55/><F55/><W101/><G101/><T66/><D25/><U134/><E50/><V42/><F42/><W49/><G49/><T4/><D66/><U87/><E87/><V51/><F51/><W117/><G74/><T13/><D13/><U119/><E119/><V39/><F99/><W15/><G117/><T107/><D84/><RYUUKYOKU ba="0,0" sc="237,-15,277,15,243,15,243,-15" hai1="9,10,11,134" hai2="37,39,40,41,80,82,88,90,93,94,113,115,132" /><INIT seed="1,1,0,3,3,69" ten="222,292,258,228" oya="1" hai0="96,38,1,134,52,10,97,59,115,29,42,121,6" hai1="64,86,76,124,24,17,14,126,50,109,68,89,100" hai2="58,11,106,26,61,57,70,114,123,49,77,102,130" hai3="84,41,51,125,66,45,73,12,21,22,3,30,4"/><U113/><E113/><V110/><F123/><W37/><G73/><T80/><D121/><U118/><E118/><V2/><F114/><W23/><G3/><T75/><D115/><U48/><E100/><V92/><F70/><W135/><G125/><N who="1" m="48234" /><E76/><V54/><F106/><W83/><G135/><T7/><D7/><U28/><E64/><V71/><F71/><W13/><G66/><T129/><D134/><U8/><E68/><V33/><F11/><W87/><G30/><T133/><D133/><U93/><E109/><V65/><F2/><W85/><G4/><T90/><D29/><U79/><E79/><V15/><F77/><W88/><G87/><T27/><D75/><U44/><E44/><V36/><F65/><W116/><G116/><T19/><D90/><U46/><E46/><V99/><F102/><W16/><G13/><T67/><D80/><U81/><E81/><V31/><F15/><W25/><G25/><T101/><D101/><U43/><E43/><V91/><F26/><W5/><G5/><T117/><D42/><U98/><E86/><V131/><F99/><W82/><REACH who="3" step="1"/><G51/><REACH who="3" ten="222,292,258,218" step="2"/><N who="1" m="19498" /><E24/><V35/><F49/><W60/><G60/><T56/><D117/><U63/><E28/><V62/><F31/><W132/><G132/><T105/><D27/><U47/><E47/><V74/><F62/><AGARI ba="1,1" hai="8,14,17,62,63,89,93,98" m="19498,48234" machi="62" ten="30,1500,0" yaku="18,1" doraHai="69" who="1" fromWho="2" sc="222,0,292,28,258,-18,218,0" /><INIT seed="1,2,0,4,0,38" ten="222,320,240,218" oya="1" hai0="65,61,96,13,54,55,43,73,47,18,34,124,126" hai1="48,58,45,100,74,15,22,5,20,70,127,1,56" hai2="26,76,130,113,85,29,93,86,62,72,84,11,36" hai3="87,30,12,92,2,42,63,7,109,91,57,68,51"/><U32/><E70/><V17/><F36/><W131/><G2/><T121/><D34/><U103/><E32/><V50/><F130/><W16/><G68/><N who="0" m="42031" /><D73/><U77/><E1/><V39/><F39/><W31/><G109/><T105/><D96/><U78/><E127/><N who="0" m="48681" /><D105/><U46/><E74/><V110/><F72/><W60/><G7/><T53/><D121/><U66/><E66/><V52/><F62/><N who="3" m="23595" /><G131/><T80/><D80/><U21/><E5/><V37/><F37/><W135/><G135/><T115/><D115/><U19/><E77/><V88/><F76/><W82/><G82/><T0/><D0/><U132/><E78/><V40/><F86/><W71/><G71/><T94/><D94/><U6/><E45/><N who="2" m="27727" /><F85/><W123/><G123/><T27/><D27/><U35/><E6/><V10/><F113/><W67/><G67/><T129/><D129/><U102/><E35/><V24/><F24/><W98/><G87/><T99/><D99/><U112/><E132/><V75/><F75/><W83/><G83/><T64/><D64/><U107/><E107/><V9/><F26/><W25/><G25/><T106/><D106/><U122/><E112/><V133/><F84/><W14/><G14/><T118/><D118/><U104/><E104/><V114/><F93/><W23/><G57/><N who="1" m="22122" /><E122/><V134/><F133/><W4/><G4/><T128/><D128/><U89/><E89/><V79/><F79/><W3/><G3/><T59/><D59/><U44/><E102/><V101/><F134/><W119/><G119/><T95/><D47/><AGARI ba="2,0" hai="12,16,23,30,31,42,47,51,91,92,98" m="23595" machi="47" ten="30,3900,0" yaku="8,1,52,1,54,1" doraHai="38" who="3" fromWho="0" sc="222,-45,320,0,240,0,218,45" /><INIT seed="2,0,0,2,3,6" ten="177,320,240,263" oya="2" hai0="101,78,105,96,68,48,39,115,107,100,128,8,5" hai1="80,22,1,25,70,74,103,122,63,134,20,102,57" hai2="118,83,82,110,98,12,13,106,120,130,79,85,23" hai3="55,76,29,52,89,31,71,45,133,14,41,132,73"/><V66/><F120/><W119/><G71/><T46/><D115/><U38/><E1/><V4/><F118/><W125/><G119/><T36/><D128/><U27/><E70/><V88/><F130/><W123/><G123/><T92/><D68/><U3/><E3/><V49/><F110/><W108/><G108/><T116/><D116/><U33/><E38/><V72/><F66/><W59/><G125/><T19/><D78/><U15/><E122/><V121/><F121/><W99/><G76/><T28/><D28/><U18/><E134/><N who="3" m="51818" /><G73/><T21/><D92/><U81/><E33/><V32/><F32/><W117/><G117/><T90/><D90/><U53/><E15/><V16/><F49/><N who="3" m="26799" /><G14/><T113/><D113/><U11/><E74/><V60/><F60/><N who="3" m="35943" /><G55/><T35/><D35/><U95/><E53/><V30/><F30/><W43/><G43/><T129/><D107/><U26/><E26/><V65/><F65/><W75/><G75/><T9/><D105/><U51/><E27/><V127/><F127/><W40/><G40/><T34/><D34/><U104/><E63/><V112/><F112/><W111/><G111/><T0/><D0/><U135/><E104/><V7/><REACH who="2" step="1"/><F13/><REACH who="2" ten="177,320,230,263" step="2"/><W91/><G29/><T131/><D131/><U54/><E135/><V94/><F94/><W50/><G31/><T56/><D129/><U17/><E95/><V69/><F69/><W58/><G50/><T37/><D48/><U86/><E51/><V109/><F109/><W67/><G67/><T10/><D37/><U47/><E54/><V61/><F61/><W93/><G58/><RYUUKYOKU ba="0,1" sc="177,-15,320,-15,230,15,263,15" hai2="4,7,12,16,23,72,79,82,83,85,88,98,106" hai3="89,91,93,99" /><INIT seed="2,1,1,5,2,130" ten="162,305,245,278" oya="2" hai0="0,94,124,60,56,116,10,75,61,90,49,105,89" hai1="30,45,110,24,37,50,21,65,22,12,25,99,57" hai2="127,47,15,115,93,70,87,109,118,42,77,72,119" hai3="95,41,129,135,3,34,100,101,63,73,17,112,1"/><V40/><F70/><W7/><G73/><T32/><D32/><U108/><E37/><V28/><F42/><W33/><G41/><T8/><D75/><U102/><E12/><V39/><F115/><W26/><G63/><T81/><D105/><U36/><E36/><V18/><F28/><W80/><G80/><T53/><D116/><U20/><E57/><V97/><F72/><W71/><G95/><T66/><D124/><U44/><E65/><V83/><F127/><W123/><G71/><T76/><D0/><U111/><E50/><V128/><F128/><W78/><G78/><T91/><D94/><U46/><E30/><V68/><F68/><W121/><G26/><T62/><D76/><U113/><E113/><V4/><F4/><W64/><G64/><T96/><D96/><U122/><E122/><V98/><F98/><W54/><G129/><T67/><D81/><U43/><E43/><V52/><F52/><W69/><G69/><T58/><D62/><U88/><E88/><N who="0" m="22529" /><T29/><DORA hai="11" /><D29/><U55/><E55/><V106/><F93/><AGARI ba="1,1" hai="20,21,22,24,25,44,45,46,93,99,102,108,110,111" machi="93" ten="50,6400,0" yaku="29,2,14,1" doraHai="130,11" who="1" fromWho="2" sc="162,0,305,77,245,-67,278,0" /><INIT seed="3,0,0,3,5,5" ten="162,382,178,278" oya="3" hai0="22,25,30,123,110,18,79,69,118,96,120,31,42" hai1="95,9,4,14,28,7,125,93,101,116,132,50,43" hai2="67,135,40,44,102,113,73,72,126,80,99,128,35" hai3="23,97,32,121,8,38,71,106,86,6,81,20,103"/><W74/><G32/><T29/><D69/><U48/><E116/><V1/><F35/><W21/><G121/><T15/><D79/><U41/><E132/><V122/><F122/><N who="0" m="46634" /><D96/><N who="1" m="59535" /><E125/><V76/><F126/><W47/><G71/><T133/><D42/><N who="1" m="15883" /><E28/><N who="0" m="10857" /><D133/><U94/><E4/><V131/><F1/><W90/><G47/><T124/><D124/><U33/><E33/><V85/><F113/><W52/><G38/><T104/><D104/><U107/><E107/><N who="2" m="63967" /><F67/><W75/><REACH who="3" step="1"/><G52/><REACH who="3" ten="162,382,178,268" step="2"/><T100/><D118/><U77/><E50/><V65/><F135/><W17/><G17/><T59/><D59/><U89/><E48/><V27/><F44/><W117/><G117/><T119/><D119/><U78/><E95/><V83/><F40/><W51/><G51/><T55/><D55/><U62/><E62/><V56/><F56/><W10/><G10/><N who="0" m="6519" /><D100/><U109/><E94/><V130/><F65/><W115/><G115/><T13/><D110/><U114/><E109/><V34/><F83/><W91/><G91/><T68/><D68/><U64/><E114/><V111/><F111/><W57/><G57/><T45/><D45/><U19/><E64/><V37/><F37/><W88/><G88/><T87/><D31/><AGARI ba="0,1" hai="27,31,34,72,73,76,80,85,128,130,131" m="63967" machi="31" ten="30,1000,0" yaku="19,1" doraHai="5" who="2" fromWho="0" sc="162,-10,382,0,178,20,268,0" /><INIT seed="4,0,0,0,0,110" ten="152,382,198,268" oya="0" hai0="125,112,111,47,122,30,53,73,96,115,35,113,64" hai1="80,68,56,62,82,51,86,48,90,85,98,9,72" hai2="28,21,61,39,42,74,127,116,59,3,129,60,94" hai3="32,19,109,108,45,0,71,6,119,128,134,101,69"/><T126/><D73/><U76/><E68/><V57/><F3/><W92/><G119/><T10/><D122/><U27/><E98/><V11/><F74/><W135/><G32/><T118/><D118/><U124/><E124/><N who="0" m="47721" /><D111/><U89/><E27/><N who="2" m="16495" /><F39/><W38/><G71/><T8/><D64/><U18/><E18/><V77/><F77/><W93/><G0/><T87/><D96/><U81/><REACH who="1" step="1"/><E9/><REACH who="1" ten="152,372,198,268" step="2"/><V117/><F11/><W133/><G69/><T7/><D87/><U97/><E97/><V130/><F117/><W55/><G109/><T17/><D17/><U31/><E31/><V106/><F116/><W54/><G19/><T132/><D132/><U41/><E41/><V37/><F42/><W23/><G108/><T84/><D84/><U24/><E24/><V66/><F127/><W15/><G135/><T88/><D7/><U34/><E34/><V36/><F130/><W102/><G6/><T1/><D1/><U22/><E22/><V12/><F12/><W5/><G15/><T16/><D16/><U91/><E91/><V121/><F129/><W29/><G5/><T120/><D88/><U107/><E107/><V4/><F106/><W105/><G105/><T131/><D131/><U49/><E49/><V25/><F25/><W58/><G128/><T46/><D120/><U50/><E50/><V65/><F4/><W20/><G134/><T70/><D70/><U83/><E83/><V123/><F121/><W63/><G133/><T13/><D13/><U103/><E103/><V67/><F123/><W43/><G101/><T79/><D35/><U26/><E26/><RYUUKYOKU ba="0,1" sc="152,-10,372,30,198,-10,268,-10" hai1="48,51,56,62,72,76,80,81,82,85,86,89,90" /><INIT seed="5,1,1,3,3,25" ten="142,402,188,258" oya="1" hai0="129,27,105,123,39,46,69,0,5,12,133,26,22" hai1="31,28,40,24,100,35,113,50,30,114,48,8,124" hai2="131,87,107,51,125,62,42,93,98,10,122,45,77" hai3="15,103,79,72,117,84,13,134,118,94,127,11,38"/><U52/><E124/><V99/><F122/><W73/><G38/><T61/><D105/><U102/><E40/><V135/><F125/><W36/><G36/><T4/><D123/><U95/><E8/><V57/><F107/><W63/><G127/><T76/><D76/><U18/><E18/><V132/><F131/><W64/><G134/><N who="2" m="51241" /><F10/><W91/><G103/><N who="1" m="39466" /><E95/><V53/><F93/><W43/><G43/><T120/><D120/><U59/><E48/><V44/><F44/><W56/><G15/><T16/><D46/><U55/><E55/><V86/><F86/><W49/><G49/><T121/><D39/><U60/><E50/><V75/><F75/><W70/><G70/><T128/><D133/><U3/><E3/><V109/><F109/><W32/><G32/><T108/><D61/><U66/><E66/><V58/><F58/><W112/><G79/><T106/><D121/><U67/><E67/><V1/><F1/><W7/><REACH who="3" step="1"/><G112/><AGARI ba="1,1" hai="24,28,30,31,35,52,59,60,112,113,114" m="39466" machi="112" ten="30,12000,1" yaku="15,1,52,3,54,1" doraHai="25" who="1" fromWho="3" sc="142,0,402,133,188,0,258,-123" /><INIT seed="5,2,0,1,3,113" ten="142,535,188,135" oya="1" hai0="130,135,59,85,100,31,99,128,109,102,83,25,116" hai1="123,11,74,80,4,49,69,68,125,110,104,118,129" hai2="115,0,92,39,16,42,40,106,70,131,57,71,1" hai3="48,44,132,10,133,58,24,22,45,30,47,43,89"/><U77/><E49/><V82/><F106/><W51/><G10/><T14/><D109/><U93/><E93/><V41/><F115/><W79/><G79/><T26/><D14/><U114/><E123/><V15/><F39/><W34/><G34/><T13/><D13/><U8/><E8/><V73/><F131/><N who="0" m="50218" /><D135/><N who="3" m="51785" /><G89/><N who="0" m="51391" /><D116/><U78/><E78/><V103/><F82/><W90/><G90/><T12/><D12/><U111/><E80/><V134/><F73/><W2/><G2/><T29/><D59/><U37/><E111/><V75/><F75/><W97/><G97/><T65/><D65/><U54/><E110/><V18/><F18/><W126/><G126/><T98/><D98/><U122/><E122/><V9/><F71/><W84/><G84/><T21/><D99/><U81/><E68/><V56/><F70/><W117/><G117/><T87/><D87/><U53/><E118/><V55/><F0/><W86/><G86/><T5/><D5/><U46/><E4/><V91/><F1/><W17/><G17/><T64/><D64/><U35/><E69/><V96/><F134/><W33/><G33/><AGARI ba="2,0" hai="21,25,26,29,31,33,100,102" m="51391,50218" machi="33" ten="30,1000,0" yaku="19,1" doraHai="113" who="0" fromWho="3" sc="142,16,535,0,188,0,135,-16" /><INIT seed="6,0,0,4,5,26" ten="158,535,188,119" oya="2" hai0="88,132,123,19,66,76,67,27,24,20,131,77,110" hai1="78,59,30,104,33,90,58,98,23,89,45,126,44" hai2="41,106,65,121,63,109,114,42,47,32,1,11,52" hai3="99,75,53,130,60,117,35,72,5,125,8,6,10"/><V28/><F121/><W55/><G117/><T40/><D123/><U0/><E0/><V124/><F106/><W115/><G35/><T29/><D110/><U3/><E3/><V62/><F109/><W105/><G130/><T113/><D40/><U102/><E33/><V48/><F124/><W56/><G125/><T92/><D131/><U50/><E126/><V100/><F100/><W86/><G115/><T18/><D113/><U51/><E78/><N who="0" m="30313" /><D132/><U38/><E38/><V57/><F114/><W25/><G86/><N who="0" m="52247" /><D27/><N who="1" m="16767" /><E102/><V54/><F1/><W128/><G128/><T16/><AGARI ba="0,0" hai="16,18,19,20,24,29,66,67" m="52247,30313" machi="16" ten="30,7900,0" yaku="8,1,52,1,54,2" doraHai="26" who="0" fromWho="0" sc="158,79,535,-20,188,-39,119,-20" /><INIT seed="7,0,0,4,3,126" ten="237,515,149,99" oya="3" hai0="38,10,121,132,98,35,19,9,115,118,88,89,73" hai1="85,26,105,39,17,72,66,97,49,67,45,81,93" hai2="120,6,77,58,92,100,30,134,70,1,47,40,95" hai3="32,127,124,109,53,2,37,7,83,76,78,33,23"/><W99/><G37/><T84/><D38/><U114/><E72/><V79/><F70/><W125/><G109/><T21/><D73/><U51/><E105/><V119/><F30/><W60/><G99/><T135/><D35/><N who="3" m="13385" /><G23/><T4/><D118/><U63/><E39/><V107/><F92/><W123/><G123/><T46/><D46/><U91/><E63/><V129/><F95/><W12/><G2/><T117/><D89/><N who="1" m="51375" /><E51/><V50/><F50/><W54/><G60/><T25/><D88/><U112/><E26/><V104/><F79/><N who="3" m="30251" /><G83/><T42/><D21/><U5/><E49/><V0/><F0/><W111/><G111/><T14/><D121/><U56/><E93/><V128/><F107/><W87/><G87/><T15/><D84/><U18/><E97/><V55/><F104/><W110/><G110/><T16/><D98/><U22/><E22/><V3/><F3/><W80/><G80/><T74/><D74/><U113/><E91/><V36/><F1/><W71/><G71/><T44/><D25/><U69/><E69/><V94/><F120/><W41/><G41/><T52/><D42/><U61/><E61/><V65/><F40/><W13/><G7/><T90/><D4/><U27/><E5/><V24/><F6/><W75/><G75/><T96/><D96/><U59/><E27/><V48/><F24/><W131/><G131/><T133/><D133/><U108/><E108/><V86/><F129/><W28/><G28/><T122/><D135/><U116/><E113/><V43/><F128/><W31/><G31/><T82/><D132/><U8/><E114/><RYUUKYOKU ba="0,0" sc="237,-10,515,-10,149,-10,99,30" hai3="12,13,53,54,124,125,127" /><INIT seed="7,1,0,5,0,27" ten="227,505,139,129" oya="3" hai0="53,8,87,63,121,103,134,123,59,68,51,7,46" hai1="81,17,90,78,118,128,110,77,116,12,38,24,66" hai2="72,31,43,22,0,105,34,62,54,1,126,35,97" hai3="32,92,40,95,75,76,61,74,106,58,18,127,80"/><W111/><G106/><T45/><D134/><U41/><E110/><V10/><F22/><W89/><G111/><T98/><D68/><U83/><E66/><V52/><F54/><W115/><G75/><T69/><D69/><U42/><E24/><V6/><F52/><W86/><G115/><T122/><D87/><N who="1" m="48567" /><E90/><V23/><F35/><W36/><G127/><T50/><D50/><U96/><E96/><V125/><F62/><W3/><G3/><T113/><D113/><U26/><E26/><V15/><F34/><W85/><G32/><T4/><D46/><U44/><E128/><V11/><F1/><W108/><G108/><T117/><D117/><N who="1" m="45163" /><E44/><V109/><F109/><W2/><G2/><T30/><D53/><U107/><E38/><V102/><F97/><W60/><G18/><T73/><D7/><U82/><E82/><V133/><F6/><W93/><G74/><T132/><D73/><N who="1" m="43439" /><E107/><V131/><F72/><W33/><G33/><T25/><D4/><U135/><E135/><V112/><F133/><W88/><G76/><T104/><D132/><U79/><E79/><V57/><F112/><W28/><G28/><T99/><D30/><U94/><E94/><N who="3" m="36458" /><G58/><T70/><D59/><U119/><E119/><V16/><F57/><W124/><G124/><T120/><D104/><U100/><E100/><V114/><F105/><W49/><G36/><T64/><D70/><U91/><E91/><V101/><F114/><W37/><G37/><T65/><D122/><U19/><E19/><V67/><F126/><W29/><G29/><T56/><D121/><U129/><E17/><RYUUKYOKU ba="1,0" sc="227,-10,505,-10,139,-10,129,30" hai3="40,49,60,61,80,85,86,88,89,95" /><INIT seed="7,2,0,3,2,67" ten="217,495,129,159" oya="3" hai0="16,53,42,60,88,58,122,104,109,30,52,80,21" hai1="1,125,71,56,11,81,76,90,73,85,108,82,4" hai2="29,3,5,41,38,34,31,12,36,57,126,127,111" hai3="14,132,103,87,10,100,119,129,78,55,102,65,18"/><W84/><G119/><T19/><D104/><U79/><E108/><V20/><F111/><W77/><G132/><T26/><D122/><U117/><E117/><V32/><F57/><W27/><G129/><T113/><D42/><U89/><E125/><N who="2" m="47627" /><F41/><W131/><G131/><T101/><D101/><U97/><E71/><V0/><F38/><W105/><G105/><T128/><D113/><U15/><E97/><V115/><F36/><W70/><G55/><T75/><D128/><U69/><E69/><V110/><F110/><W96/><G96/><T63/><D75/><U72/><E85/><V23/><F115/><W86/><REACH who="3" step="1"/><G27/><REACH who="3" ten="217,495,129,149" step="2"/><T48/><D109/><U99/><E99/><V118/><F118/><W13/><G13/><T2/><D2/><N who="2" m="554" /><F12/><W45/><G45/><N who="0" m="27663" /><D60/><AGARI ba="2,1" hai="10,14,18,60,65,70,77,78,84,86,87,100,102,103" machi="60" ten="40,3900,0" yaku="1,1,52,1,53,0" doraHai="67" doraHaiUra="25" who="3" fromWho="0" sc="217,-45,495,0,129,0,149,55" /><INIT seed="7,3,0,0,2,57" ten="172,495,129,204" oya="3" hai0="135,108,23,39,7,126,80,95,85,68,109,74,59" hai1="69,65,18,64,47,0,130,101,111,48,93,105,29" hai2="132,97,44,53,17,103,5,34,79,102,27,94,15" hai3="123,55,33,36,127,28,31,76,114,6,30,78,40"/><W13/><G123/><T117/><D39/><U41/><E0/><V91/><F132/><W24/><G114/><T62/><D117/><U88/><E111/><V1/><F79/><W131/><G127/><T61/><D74/><U35/><E130/><V45/><F5/><W116/><G116/><T56/><D68/><U3/><E3/><V98/><F1/><W32/><G131/><T99/><D126/><U124/><E124/><V8/><F91/><W70/><G70/><T4/><D135/><U14/><E69/><V90/><F90/><W60/><G36/><T67/><D23/><U54/><E105/><V52/><F34/><W66/><G40/><T58/><D109/><U121/><E101/><V12/><F27/><W81/><G66/><N who="0" m="39207" /><D59/><U22/><E121/><V96/><F15/><W72/><G33/><T134/><D108/><U21/><E35/><V115/><F115/><W11/><G78/><N who="0" m="46231" /><D134/><U38/><E38/><V122/><F122/><W92/><G32/><T46/><D46/><N who="2" m="18026" /><F103/><AGARI ba="3,0" hai="4,7,58,62,67,95,99,103" m="46231,39207" machi="103" ten="30,3900,0" yaku="8,1,52,2" doraHai="57" who="0" fromWho="2" sc="172,48,495,0,129,-48,204,0" owari="220,2.0,495,60.0,81,-42.0,204,-20.0" /></mjloggm>