<mjloggm ver="2.3"><GO type="169" lobby="0"/><UN n0="%E9%8A%80%E9%81%8A%E7%A7%81%E4%BA%BA" n1="%E3%83%8E%E3%83%B3%E3%83%A9%E3%82%B9%E6%89%93%E6%B3%95" n2="%E3%81%98%E3%82%87%E3%83%BC%E3%81%99%E3%81%9F%E3%83%BC%E2%98%85" n3="%EF%BC%88%E2%89%A7%E2%96%BD%E2%89%A6%EF%BC%89" dan="16,16,16,19" rate="2083.24,2045.41,2026.15,2279.45" sx="M,M,F,M"/><TAIKYOKU oya="0"/><INIT seed="0,0,0,2,3,68" ten="250,250,250,250" oya="0" hai0="45,78,94,101,102,129,133,134,81,103,35,120,125" hai1="67,132,116,43,44,114,56,99,108,29,128,18,39" hai2="72,118,76,64,20,121,53,124,70,16,34,32,30" hai3="4,36,1,69,60,83,3,66,96,95,131,130,8"/><T73/><D35/><U119/><E29/><V105/><F121/><W46/><G83/><T86/><D45/><U85/><E108/><V106/><F118/><W51/><G1/><T42/><D42/><U97/><E85/><V17/><F124/><W13/><G13/><T63/><D63/><U14/><E97/><V84/><F72/><W71/><G71/><T47/><D47/><U98/><E99/><V50/><F105/><W92/><G36/><T24/><D24/><U11/><E98/><V55/><F106/><W112/><G112/><T110/><D120/><U48/><E114/><V93/><F53/><W15/><G3/><T111/><D125/><U65/><E67/><V88/><F76/><W89/><REACH who="3" step="1"/><G92/><REACH who="3" ten="250,250,250,240" step="2"/><T80/><D129/><U79/><E39/><V23/><F70/><W57/><G57/><T26/><D94/><U62/><E56/><V115/><F115/><W33/><G33/><T77/><REACH who="0" step="1"/><D26/><REACH who="0" ten="240,250,250,240" step="2"/><U87/><E128/><V122/><F93/><W135/><G135/><AGARI ba="0,2" hai="73,77,78,80,81,86,101,102,103,110,111,133,134,135" machi="135" ten="50,18000,2" yaku="1,1,2,1,20,1,34,3,53,0" doraHai="68" doraHaiUra="41" who="0" fromWho="3" sc="240,200,250,0,250,0,240,-180" /><INIT seed="0,1,0,3,0,31" ten="440,250,250,60" oya="0" hai0="86,90,95,1,29,94,15,51,87,42,132,133,128" hai1="113,50,79,49,115,0,81,2,91,57,60,62,105" hai2="101,117,4,83,103,73,109,64,107,116,129,53,55" hai3="125,123,13,72,114,33,97,85,56,118,12,7,110"/><T66/><D1/><U63/><E105/><V38/><F38/><W122/><G118/><T48/><D128/><U32/><E32/><V27/><F129/><W130/><G130/><T75/><D75/><U46/><E91/><V43/><F43/><W18/><G114/><N who="1" m="43530" /><E57/><V14/><F109/><W131/><G72/><T108/><D108/><U74/><E49/><V5/><F64/><W16/><G110/><T84/><D66/><U9/><E9/><V100/><F107/><W126/><G131/><T134/><D29/><U22/><E22/><V76/><F27/><W34/><G97/><T78/><D15/><N who="3" m="5705" /><G85/><T11/><D11/><U92/><E92/><V77/><F77/><W8/><G56/><T45/><D51/><U93/><E93/><V36/><F36/><W40/><G40/><AGARI ba="1,0" hai="0,2,40,46,50,60,62,63,74,79,81" m="43530" machi="40" ten="30,1000,0" yaku="11,1" doraHai="31" who="1" fromWho="3" sc="440,0,250,13,250,0,60,-13" /><INIT seed="1,0,0,3,4,72" ten="440,263,250,47" oya="1" hai0="125,28,90,34,19,30,65,38,29,128,39,132,51" hai1="54,57,40,36,1,12,43,32,55,97,49,98,116" hai2="58,8,4,25,18,131,52,63,64,48,99,77,114" hai3="101,94,22,73,78,104,112,7,20,100,82,67,37"/><U115/><E1/><V110/><F110/><W108/><G112/><T109/><D109/><U45/><E115/><V113/><F131/><W27/><G37/><T84/><D128/><U79/><E116/><V85/><F99/><W129/><G129/><T61/><D34/><U86/><E32/><V70/><F25/><W47/><G108/><T15/><D51/><U13/><E43/><V87/><F18/><W14/><G104/><T88/><D125/><U124/><E124/><V26/><F26/><W76/><G67/><T10/><D132/><U62/><E98/><V117/><F117/><W3/><G3/><T59/><REACH who="0" step="1"/><D90/><REACH who="0" ten="430,263,250,47" step="2"/><U21/><E36/><V121/><F113/><W11/><G47/><T41/><D41/><U2/><E40/><V53/><F114/><W50/><G50/><T23/><D23/><U60/><E45/><V133/><F133/><W122/><G122/><T135/><D135/><U95/><E21/><V31/><F121/><W118/><G118/><T16/><D16/><U71/><E49/><V103/><F48/><W17/><G94/><AGARI ba="0,1" hai="10,15,19,28,29,30,38,39,59,61,65,84,88,94" machi="94" ten="40,2600,0" yaku="1,1,54,1,53,0" doraHai="72" doraHaiUra="46" who="0" fromWho="3" sc="430,36,263,0,250,0,47,-26" /><INIT seed="2,0,0,0,3,100" ten="466,263,250,21" oya="2" hai0="20,76,36,11,51,118,113,121,71,35,104,87,23" hai1="78,53,62,55,38,123,98,124,67,46,28,103,128" hai2="112,64,102,42,99,57,47,90,54,48,29,134,2" hai3="5,115,73,106,14,58,89,13,133,131,77,22,15"/><V81/><F112/><W135/><G115/><T72/><D36/><U21/><E124/><V60/><F2/><W34/><G34/><T84/><D35/><U45/><E128/><V30/><F134/><N who="3" m="51211" /><G131/><T107/><D113/><U61/><E78/><V3/><F3/><W68/><G68/><T33/><D33/><U66/><E123/><V110/><F110/><W85/><G77/><T125/><D121/><U16/><E28/><V75/><F75/><W26/><G73/><T50/><D72/><U132/><E132/><V18/><F18/><N who="3" m="12631" /><G58/><T130/><D130/><U119/><E119/><V93/><F81/><N who="3" m="49327" /><G5/><T37/><D71/><U43/><E46/><V44/><REACH who="2" step="1"/><F102/><REACH who="2" ten="466,263,240,21" step="2"/><W63/><G63/><T74/><D74/><U41/><E62/><V65/><F65/><W8/><G8/><T91/><D11/><U80/><E67/><V97/><F97/><W114/><G114/><T109/><D109/><U39/><E80/><V9/><F9/><W82/><G82/><T10/><D10/><U6/><E61/><V92/><F92/><W83/><G83/><T59/><D118/><U111/><E66/><V19/><F19/><W127/><G127/><T108/><D125/><U126/><E126/><V7/><F7/><W94/><G94/><T52/><D108/><U116/><E6/><V24/><F24/><W4/><G4/><T129/><D129/><U96/><E111/><V122/><F122/><W27/><G27/><T88/><D76/><U79/><E79/><V101/><F101/><W105/><AGARI ba="0,1" hai="13,14,15,105,106" m="49327,12631,51211" machi="105" ten="40,5200,0" yaku="20,1,52,2" doraHai="100" who="3" fromWho="3" sc="466,-13,263,-13,240,-26,21,62" /><INIT seed="3,0,0,0,0,126" ten="453,250,214,83" oya="3" hai0="14,106,131,63,45,64,4,77,19,134,23,105,51" hai1="24,72,123,98,26,35,30,59,133,71,67,55,16" hai2="39,99,79,69,119,1,114,12,93,81,90,40,124" hai3="6,44,120,21,87,127,13,70,128,122,57,47,48"/><W91/><G127/><T62/><D134/><U84/><E72/><V86/><F124/><W109/><G70/><T42/><D77/><U34/><E133/><V46/><F69/><W110/><G57/><T75/><D75/><U68/><E123/><V118/><F1/><W96/><G96/><T88/><D4/><U32/><E67/><V43/><F114/><W65/><G65/><T10/><D10/><U50/><E98/><V111/><F111/><N who="3" m="42507" /><G128/><T37/><D131/><U7/><E7/><V5/><F43/><N who="3" m="24607" /><G47/><T3/><D64/><U115/><E115/><V8/><AGARI ba="0,0" hai="5,8,12,39,40,46,79,81,86,90,93,99,118,119" machi="8" ten="30,1100,0" yaku="0,1" doraHai="126" who="2" fromWho="2" sc="453,-3,250,-3,214,11,83,-5" /><INIT seed="4,0,0,1,5,46" ten="450,247,225,78" oya="0" hai0="42,0,57,3,52,94,133,20,13,95,129,19,28" hai1="56,101,54,22,72,26,97,41,25,127,27,128,77" hai2="84,68,99,12,116,18,40,60,34,96,85,118,86" hai3="108,73,33,105,110,70,122,23,123,121,66,87,125"/><T111/><D42/><U117/><E117/><N who="2" m="45163" /><F34/><W45/><G33/><T79/><D79/><U6/><E6/><V2/><F2/><W120/><N who="3" m="30720" /><DORA hai="92" /><W103/><G23/><T78/><D78/><U4/><E4/><V11/><F40/><W102/><G70/><T62/><D28/><U114/><E127/><V5/><F5/><W71/><G71/><T10/><D0/><U89/><E128/><V124/><F124/><W35/><G35/><T24/><D129/><U98/><E114/><V36/><F36/><W48/><G125/><T82/><D3/><U119/><E119/><V14/><F12/><W106/><G66/><AGARI ba="0,0" hai="11,14,18,60,66,68,84,85,86,96,99" m="45163" machi="66" ten="30,3900,0" yaku="12,1,52,2" doraHai="46,92" who="2" fromWho="3" sc="450,0,247,0,225,39,78,-39" /><INIT seed="5,0,0,3,0,2" ten="450,247,264,39" oya="1" hai0="76,71,78,93,131,122,53,37,51,45,57,90,39" hai1="6,26,58,56,25,77,84,103,113,94,30,64,19" hai2="65,32,70,16,46,36,43,69,3,126,13,88,72" hai3="9,111,101,62,92,99,80,29,63,83,10,22,27"/><U82/><E113/><V87/><F72/><W132/><G111/><T95/><D71/><U85/><E64/><V130/><F32/><W11/><G132/><T79/><D131/><U135/><E135/><V91/><F130/><W8/><N who="3" m="2048" /><DORA hai="120" /><W118/><REACH who="3" step="1"/><G118/><REACH who="3" ten="450,247,264,29" step="2"/><T1/><D1/><U66/><E26/><V0/><F3/><W128/><G128/><T116/><D116/><U35/><E25/><V74/><F0/><W125/><G125/><T106/><D122/><U31/><E30/><V42/><F126/><W123/><G123/><T96/><D106/><U119/><E31/><V4/><F13/><W17/><G17/><T115/><D115/><U18/><E19/><V110/><F16/><W100/><G100/><T20/><D20/><U129/><E103/><V49/><F110/><W107/><G107/><T24/><D24/><U117/><E18/><V75/><F70/><W108/><G108/><T55/><REACH who="0" step="1"/><D95/><REACH who="0" ten="440,247,264,29" step="2"/><U97/><E94/><V44/><F69/><W52/><G52/><T50/><AGARI ba="0,2" hai="37,39,45,50,51,53,55,57,76,78,79,90,93,96" machi="50" ten="30,7900,0" yaku="1,1,2,1,0,1,53,1" doraHai="2,120" doraHaiUra="40,59" who="0" fromWho="0" sc="440,99,247,-39,264,-20,29,-20" /><INIT seed="6,0,0,4,1,105" ten="539,208,244,9" oya="2" hai0="102,9,119,30,55,82,31,89,131,0,83,8,109" hai1="111,126,5,26,67,99,64,78,61,114,71,63,72" hai2="56,113,13,27,6,112,94,7,88,24,58,53,81" hai3="34,80,35,23,12,54,1,116,103,90,16,134,95"/><V110/><F110/><W21/><G116/><T37/><D109/><U79/><E111/><V120/><F120/><W57/><G1/><T65/><D119/><U135/><E114/><N who="2" m="44139" /><F81/><W45/><G134/><T50/><D37/><U42/><E135/><V129/><F129/><W128/><G128/><T11/><D131/><U49/><E126/><V84/><F58/><W74/><G45/><T33/><D0/><U47/><E5/><N who="2" m="1547" /><F13/><W77/><G103/><T36/><D36/><U124/><E124/><V108/><F108/><W115/><G23/><T98/><D65/><U3/><E3/><V60/><AGARI ba="0,0" hai="24,27,53,56,60,84,88,94" m="1547,44139" machi="60" ten="30,3000,0" yaku="15,1,54,1" doraHai="105" who="2" fromWho="2" sc="539,-10,208,-10,244,30,9,-10" owari="529,63.0,198,-20.0,274,7.0,-1,-50.0" /></mjloggm>