<mjloggm ver="2.3"><GO type="169" lobby="0"/><UN n0="%E3%83%8F%E3%83%94%E3%83%8A%E5%90%8D%E6%8E%9B%E4%B8%81" n1="%48%41%52%45%4D" n2="%EF%BC%88%E2%89%A7%E2%96%BD%E2%89%A6%EF%BC%89" n3="%E3%83%A4%E3%83%9E%E3%83%84%E3%82%AB%E3%83%9F" dan="16,16,17,16" rate="2109.43,2134.21,2180.71,2051.08" sx="M,M,M,M"/><TAIKYOKU oya="0"/><INIT seed="0,0,0,4,2,105" ten="250,250,250,250" oya="0" hai0="24,100,29,88,131,67,19,15,16,23,68,79,20" hai1="28,0,80,109,128,60,106,70,86,108,73,8,7" hai2="18,66,39,117,44,26,110,76,92,132,13,107,119" hai3="113,45,71,104,59,84,96,56,125,120,127,53,38"/><T10/><D68/><U102/><E128/><V4/><F107/><W72/><G113/><T129/><D67/><U54/><E54/><V17/><F110/><N who="1" m="42601" /><E86/><V130/><F130/><N who="0" m="49674" /><D100/><U87/><E87/><V40/><F66/><W116/><G116/><T37/><D37/><U33/><E80/><V43/><F43/><W77/><G71/><T42/><D42/><U83/><E83/><V90/><F76/><W64/><G120/><T25/><D79/><U5/><E5/><V50/><F39/><W118/><G118/><T134/><D88/><U31/><E31/><V65/><F65/><W82/><G38/><T69/><D69/><U74/><E60/><V11/><F119/><W115/><G115/><T1/><D1/><U63/><E63/><V85/><F117/><W49/><G64/><T126/><D126/><N who="3" m="48137" /><G84/><T55/><D55/><U93/><E70/><V2/><F2/><W133/><G133/><AGARI ba="0,0" hai="10,15,16,19,20,23,24,25,29,133,134" m="49674" machi="133" ten="30,11600,0" yaku="19,1,34,2,54,1" doraHai="105" who="0" fromWho="3" sc="250,116,250,0,250,0,250,-116" /><INIT seed="0,1,0,0,1,1" ten="366,250,250,134" oya="0" hai0="97,85,24,113,2,5,103,77,60,21,18,110,133" hai1="95,112,93,74,129,42,75,13,92,70,11,16,100" hai2="83,9,101,116,118,7,50,91,132,104,114,38,76" hai3="72,15,39,135,12,102,28,0,58,8,117,46,128"/><T52/><D113/><U115/><E70/><V41/><F114/><N who="1" m="43561" /><E129/><V127/><F50/><W20/><G117/><N who="2" m="45161" /><F91/><W3/><G72/><N who="1" m="27690" /><E42/><V55/><F55/><W57/><G128/><T37/><D37/><U36/><E36/><V124/><F132/><W71/><G71/><T68/><D68/><U130/><E130/><V40/><F101/><AGARI ba="1,0" hai="11,13,16,92,93,95,100,101" m="27690,43561" machi="101" ten="40,2600,0" yaku="11,1,54,1" doraHai="1" who="1" fromWho="2" sc="366,0,250,29,250,-29,134,0" /><INIT seed="1,0,0,0,2,11" ten="366,279,221,134" oya="1" hai0="28,123,59,113,46,124,0,129,61,135,110,41,80" hai1="4,82,133,92,114,2,7,74,126,131,24,73,29" hai2="13,83,72,93,42,51,109,121,85,97,17,106,62" hai3="90,57,87,112,66,91,37,15,105,68,21,48,45"/><U119/><E119/><V77/><F121/><W31/><G105/><T102/><D113/><U67/><E114/><V81/><F109/><W38/><G112/><T54/><D123/><U8/><E7/><V71/><F106/><W107/><G107/><T18/><D110/><U39/><E131/><V10/><F71/><W53/><G68/><T78/><D129/><U117/><E117/><V64/><F64/><W75/><G75/><T130/><D130/><U101/><E126/><V96/><F62/><W49/><G90/><T16/><D124/><U127/><E127/><V95/><F42/><W99/><G99/><T89/><D89/><U122/><E122/><V12/><F51/><W98/><G98/><N who="2" m="37993" /><F72/><W65/><G38/><T100/><D28/><U20/><E133/><V35/><F35/><W125/><G37/><T3/><D135/><U14/><E101/><V34/><F34/><W25/><G125/><T63/><D63/><U108/><E108/><V6/><F83/><W30/><G30/><T55/><D55/><U5/><E92/><V56/><F56/><W26/><G26/><T33/><D33/><N who="1" m="20647" /><E67/><V79/><F77/><W27/><G27/><T120/><D120/><U128/><E128/><V118/><F118/><W76/><G76/><T84/><D102/><U103/><E103/><V88/><F79/><W23/><G66/><T9/><D100/><U116/><E116/><V1/><F1/><N who="0" m="586" /><D9/><AGARI ba="0,0" hai="6,9,10,12,13,17,81,85,88,93,95" m="37993" machi="9" ten="30,7700,0" yaku="8,1,52,2,54,1" doraHai="11" who="2" fromWho="0" sc="366,-77,279,0,221,77,134,0" /><INIT seed="2,0,0,0,1,15" ten="289,279,298,134" oya="2" hai0="127,13,106,22,59,19,86,3,31,33,90,20,75" hai1="122,82,48,53,114,84,123,93,88,78,125,99,101" hai2="5,7,91,69,102,27,126,128,74,50,73,36,83" hai3="10,41,96,2,1,9,68,100,95,14,117,38,4"/><V39/><F69/><W29/><G68/><T65/><D75/><U56/><E114/><V55/><F102/><W34/><G117/><T132/><D132/><U124/><REACH who="1" step="1"/><E101/><REACH who="1" ten="289,269,298,134" step="2"/><V8/><F128/><W72/><G100/><T42/><D127/><AGARI ba="0,1" hai="48,53,56,78,82,84,88,93,99,122,123,124,125,127" machi="127" ten="40,8000,1" yaku="1,1,2,1,18,1,54,1,53,0" doraHai="15" doraHaiUra="37" who="1" fromWho="0" sc="289,-80,269,90,298,0,134,0" /><INIT seed="3,0,0,2,0,15" ten="209,359,298,134" oya="3" hai0="89,6,14,64,79,52,49,47,75,21,59,86,66" hai1="97,45,17,95,69,135,20,56,0,126,102,2,1" hai2="112,18,100,31,36,22,35,107,62,28,10,51,133" hai3="115,94,106,60,68,65,131,7,84,73,134,123,63"/><W74/><G115/><T5/><D79/><U91/><E69/><V38/><F112/><W111/><G123/><T98/><D98/><U40/><E126/><V26/><F133/><W124/><G106/><T120/><D120/><U19/><E135/><V128/><F128/><W81/><G134/><T82/><D75/><U132/><E132/><V61/><F38/><W54/><G131/><T71/><D71/><U114/><E114/><V105/><F36/><W30/><G124/><T32/><D32/><U129/><E129/><V80/><F105/><W116/><G116/><T125/><D125/><U37/><E20/><V67/><F80/><W44/><G30/><T121/><D121/><U130/><E130/><V99/><F51/><W16/><G7/><T117/><D117/><U43/><E43/><V48/><F48/><W9/><G94/><T41/><D6/><U25/><E25/><V58/><F35/><W101/><G101/><T23/><D23/><U70/><E70/><V76/><F76/><W96/><G96/><T53/><D53/><U34/><E34/><V55/><F10/><W78/><G111/><T50/><D5/><U42/><E42/><V3/><F3/><W87/><G87/><T72/><D72/><U92/><REACH who="1" step="1"/><E56/><AGARI ba="0,0" hai="18,22,26,28,31,55,56,58,61,62,67,99,100,107" machi="56" ten="30,2000,0" yaku="7,1,52,1" doraHai="15" who="2" fromWho="1" sc="209,0,359,-20,298,20,134,0" /><INIT seed="4,0,0,3,5,116" ten="209,339,318,134" oya="0" hai0="5,49,113,81,123,8,57,124,53,55,45,119,9" hai1="67,103,51,16,7,108,131,99,122,100,11,94,17" hai2="87,58,25,0,130,121,3,111,65,61,128,34,35" hai3="38,12,29,24,84,133,6,1,72,112,115,114,85"/><T98/><D119/><U125/><E108/><V102/><F111/><W10/><G72/><T2/><D113/><U28/><E125/><V120/><F102/><W77/><G38/><T39/><D124/><U4/><E131/><N who="2" m="50219" /><F87/><W117/><G117/><T73/><D98/><U43/><E67/><V134/><F134/><W96/><G133/><T63/><D9/><U89/><E28/><N who="2" m="19727" /><F35/><W41/><G41/><T118/><D118/><U56/><E122/><AGARI ba="0,0" hai="0,3,58,61,65,120,121,122" m="19727,50219" machi="122" ten="30,7700,0" yaku="19,1,52,3" doraHai="116" who="2" fromWho="1" sc="209,0,339,-77,318,77,134,0" /><INIT seed="5,0,0,3,4,35" ten="209,262,395,134" oya="1" hai0="52,121,79,126,103,56,107,15,60,0,97,28,47" hai1="8,128,132,50,83,67,98,82,117,3,112,63,80" hai2="120,114,14,95,125,45,1,133,96,86,30,84,33" hai3="77,23,105,44,122,9,57,54,53,71,20,101,27"/><U134/><E117/><V100/><F120/><W70/><G122/><T94/><D121/><U13/><E112/><V21/><F114/><W111/><G111/><T46/><D126/><U39/><E39/><V11/><F125/><W130/><G130/><T16/><D28/><U119/><E119/><V110/><F110/><W51/><G77/><T18/><D0/><U106/><E128/><V55/><F30/><W116/><G116/><T89/><D79/><U7/><E13/><V123/><F33/><W42/><G54/><T25/><D18/><U66/><E50/><N who="2" m="29135" /><F1/><W109/><G109/><T65/><D65/><U131/><E131/><V102/><F21/><W88/><G9/><T19/><D19/><U5/><E5/><V127/><F133/><N who="1" m="51305" /><E63/><V43/><F123/><W75/><G75/><T115/><D115/><U69/><E69/><V37/><F37/><W124/><G124/><T48/><D25/><U38/><E38/><V99/><F127/><W29/><G23/><N who="0" m="11679" /><D60/><U22/><E22/><V10/><F10/><W92/><G105/><T73/><D73/><U36/><E36/><V32/><F32/><W12/><G12/><T62/><D62/><U6/><E7/><N who="2" m="3455" /><F43/><W49/><REACH who="3" step="1"/><G101/><AGARI ba="0,0" hai="3,6,8,66,67,80,82,83,98,101,106" m="51305" machi="101" ten="30,2900,0" yaku="20,1,52,1" doraHai="35" who="1" fromWho="3" sc="209,0,262,29,395,0,134,-29" /><INIT seed="5,1,0,4,5,131" ten="209,291,395,105" oya="1" hai0="129,48,14,56,30,73,22,46,9,44,121,43,67" hai1="122,55,13,12,81,26,78,25,93,94,113,53,60" hai2="11,107,47,135,77,103,102,62,86,108,88,114,119" hai3="116,105,7,89,134,59,127,34,58,8,80,23,84"/><U51/><E122/><V100/><F107/><W111/><G34/><T68/><D121/><U57/><E113/><V87/><F119/><W4/><G111/><T28/><D73/><U63/><E78/><V37/><F108/><W106/><G116/><T65/><D129/><U118/><E81/><V125/><F114/><W0/><G127/><T101/><D101/><U124/><E118/><V3/><F125/><W91/><G134/><T40/><D68/><U6/><E124/><V79/><F135/><W112/><G112/><T64/><D56/><U41/><E41/><V20/><F87/><W71/><G71/><T82/><D82/><U27/><E6/><V2/><F2/><W32/><G32/><T42/><D22/><U128/><E128/><V1/><F1/><W49/><G7/><T130/><D130/><U132/><E132/><V10/><F3/><W70/><G70/><T16/><REACH who="0" step="1"/><D48/><REACH who="0" ten="199,291,395,105" step="2"/><U120/><E120/><V110/><F20/><W18/><G89/><T35/><D35/><U15/><E51/><V5/><F88/><W123/><G123/><T76/><D76/><U66/><E66/><V29/><F79/><W61/><G49/><T54/><D54/><U24/><N who="1" m="6144" /><DORA hai="95" /><U17/><E17/><V74/><F77/><W109/><G109/><T36/><D36/><U85/><E85/><V92/><F86/><W39/><G39/><T72/><D72/><U75/><E75/><V97/><F74/><W99/><G18/><T126/><D126/><U96/><E96/><V104/><F37/><W33/><G99/><T83/><D83/><U21/><E21/><RYUUKYOKU ba="1,1" sc="199,15,291,15,395,-15,105,-15" hai0="9,14,16,28,30,40,42,43,44,46,64,65,67" hai1="12,13,15,53,55,57,60,63,93,94" /><INIT seed="5,2,1,0,5,93" ten="214,306,380,90" oya="1" hai0="60,111,113,86,131,92,58,103,52,128,35,42,50" hai1="32,85,41,40,21,29,64,125,123,16,10,6,75" hai2="81,63,106,45,67,83,77,70,14,5,23,55,72" hai3="73,65,62,24,56,4,96,112,11,47,15,135,9"/><U46/><E75/><V49/><F106/><W3/><G73/><T28/><D111/><U48/><E123/><V33/><F33/><W102/><G112/><T109/><D113/><U71/><E125/><V119/><F119/><W130/><G130/><N who="0" m="49707" /><D109/><U7/><E32/><V82/><F5/><W2/><G135/><T31/><D35/><U18/><E41/><V122/><F122/><W121/><G121/><T51/><D86/><U78/><E7/><V116/><F116/><W80/><G80/><T59/><D42/><U38/><E38/><V26/><F14/><W110/><G110/><T114/><D114/><U39/><E39/><V91/><F91/><W74/><G74/><T43/><D43/><U101/><E101/><V104/><F104/><W108/><G108/><T13/><D13/><N who="1" m="5335" /><E64/><V17/><AGARI ba="2,1" hai="17,23,26,45,49,55,63,67,70,72,77,81,82,83" machi="17" ten="20,1500,0" yaku="0,1,7,1" doraHai="93" who="2" fromWho="2" sc="214,-6,306,-9,380,31,90,-6" /><INIT seed="6,0,0,0,4,94" ten="208,297,411,84" oya="2" hai0="56,105,120,41,34,104,28,108,47,44,24,62,37" hai1="79,25,92,42,129,55,49,95,106,14,9,83,26" hai2="113,36,11,5,77,90,13,87,23,81,67,89,18" hai3="111,15,134,0,76,17,118,96,88,65,91,124,114"/><V73/><F36/><W99/><G111/><T16/><D120/><U80/><E106/><V78/><F113/><W20/><G0/><T101/><D108/><U135/><E135/><V117/><F117/><W8/><G118/><T71/><D71/><U50/><E129/><V125/><F125/><W38/><G38/><T4/><D4/><U60/><E60/><V43/><F43/><W54/><G134/><T128/><D128/><U121/><E121/><V66/><F77/><W72/><G72/><T131/><D47/><U107/><E107/><V93/><REACH who="2" step="1"/><F90/><REACH who="2" ten="208,297,401,84" step="2"/><N who="3" m="34347" /><G76/><T30/><D131/><U7/><E42/><V132/><F132/><W127/><G114/><T97/><D105/><U21/><E79/><V98/><F98/><N who="3" m="37419" /><G65/><T85/><D104/><U130/><E130/><V68/><F68/><W116/><G116/><T35/><D37/><U51/><E95/><V103/><F103/><W53/><G8/><T123/><D101/><U110/><E110/><V59/><F59/><W69/><G69/><T82/><D123/><U86/><E9/><V3/><AGARI ba="0,1" hai="3,5,11,13,18,23,66,67,73,78,81,87,89,93" machi="3" ten="20,7800,0" yaku="1,1,0,1,7,1,53,1" doraHai="94" doraHaiUra="32" who="2" fromWho="2" sc="208,-26,297,-26,401,88,84,-26" /><INIT seed="6,1,0,3,2,104" ten="182,271,489,58" oya="2" hai0="78,28,89,67,79,117,60,22,19,87,122,107,2" hai1="127,63,52,43,50,18,15,24,68,70,129,9,121" hai2="23,125,69,37,32,77,106,5,59,131,99,96,62" hai3="111,6,88,86,51,72,30,135,66,101,80,55,49"/><V16/><F37/><W11/><G111/><T123/><D117/><U10/><E121/><V44/><F69/><W7/><G135/><T134/><D107/><U116/><E116/><V74/><F32/><W56/><G101/><T133/><D2/><U92/><E127/><V84/><F106/><W34/><G66/><T20/><D28/><U85/><E43/><V94/><F5/><W90/><G72/><T42/><D42/><U82/><E92/><V4/><F4/><W3/><G30/><T17/><D60/><U33/><E129/><V120/><F120/><W48/><G34/><T46/><D46/><U57/><E9/><V118/><F44/><W14/><G3/><T38/><D67/><U95/><E95/><V54/><F125/><W25/><G25/><T126/><D87/><U76/><E33/><V58/><F74/><W45/><G7/><T110/><D89/><U61/><E24/><V40/><F40/><W31/><G31/><T132/><D132/><U108/><E108/><V26/><F131/><W124/><G124/><T71/><D126/><U112/><E112/><V12/><F94/><W128/><G128/><T81/><D110/><U119/><E119/><V65/><F118/><W8/><G8/><T114/><D114/><U97/><REACH who="1" step="1"/><E97/><REACH who="1" ten="182,261,489,58" step="2"/><V103/><F99/><W130/><G130/><T29/><D134/><U53/><E53/><V21/><F96/><W93/><G45/><T39/><D133/><U102/><E102/><V75/><F103/><W64/><G64/><T98/><D98/><AGARI ba="1,1" hai="6,11,14,48,49,51,55,56,80,86,88,90,93,98" machi="98" ten="30,3900,0" yaku="7,1,8,1,54,1" doraHai="104" who="3" fromWho="0" sc="182,-42,261,0,489,0,58,52" /><INIT seed="7,0,0,3,4,103" ten="140,261,489,110" oya="3" hai0="134,92,93,44,1,115,3,38,57,108,18,117,85" hai1="0,71,4,64,37,74,81,96,33,69,100,135,65" hai2="61,6,42,123,82,126,11,55,84,51,107,90,12" hai3="23,30,68,87,59,48,43,86,116,16,106,29,14"/><W89/><G68/><T105/><D117/><U36/><E135/><V132/><F132/><W32/><G116/><T94/><D108/><U121/><E121/><V60/><F123/><W66/><G32/><T133/><D133/><U130/><E33/><V110/><F110/><W46/><G106/><T45/><D134/><U13/><E13/><V28/><F107/><W112/><G112/><T70/><D105/><U2/><E130/><V35/><F126/><W78/><G78/><T128/><D70/><U122/><E122/><V5/><F42/><W22/><G22/><T76/><D128/><U50/><E50/><V119/><F119/><W72/><G72/><T39/><D115/><U131/><E131/><V118/><F118/><W31/><REACH who="3" step="1"/><G89/><REACH who="3" ten="140,261,489,100" step="2"/><T8/><D76/><U129/><E71/><V49/><F35/><W127/><G127/><T47/><D1/><U80/><E74/><V27/><F90/><W21/><G21/><T54/><D85/><U79/><E79/><V75/><F84/><W113/><G113/><T125/><D125/><U17/><E69/><V104/><F104/><W67/><G67/><T25/><D3/><U63/><E2/><V34/><F34/><W99/><G99/><T124/><D124/><U62/><E0/><V41/><F75/><W91/><G91/><T98/><D98/><U40/><E96/><V109/><F109/><W114/><G114/><T9/><D9/><U95/><E65/><V83/><F11/><W7/><G7/><T102/><D8/><U53/><E4/><V10/><F6/><W120/><G120/><T15/><D102/><RYUUKYOKU ba="0,1" sc="140,-10,261,-10,489,-10,100,30" hai3="14,16,23,29,30,31,43,46,48,59,66,86,87" /><INIT seed="7,1,1,4,1,71" ten="130,251,479,130" oya="3" hai0="103,115,100,38,32,82,21,27,72,50,64,98,104" hai1="49,11,74,113,88,17,80,60,41,122,42,83,81" hai2="121,6,78,25,134,135,43,70,116,120,99,40,108" hai3="132,55,110,85,105,45,109,39,14,130,84,26,51"/><W112/><G105/><T47/><D115/><U124/><E122/><N who="2" m="47211" /><F116/><W4/><G132/><T57/><D38/><U30/><E30/><V19/><F70/><W2/><G112/><T61/><D32/><U13/><E113/><V7/><F78/><W23/><G130/><T28/><D100/><U75/><E124/><V118/><F118/><W91/><G2/><T56/><D82/><U96/><E60/><V65/><F65/><W66/><G66/><T73/><D57/><U18/><E75/><V46/><F99/><W127/><G127/><T58/><D58/><U79/><E17/><V69/><F43/><AGARI ba="1,1" hai="21,27,28,43,47,50,56,61,64,72,73,98,103,104" machi="43" ten="30,1000,0" yaku="7,1" doraHai="71" who="0" fromWho="2" sc="130,23,251,0,479,-13,130,0" owari="153,-25.0,251,5.0,466,57.0,130,-37.0" /></mjloggm>