<mjloggm ver="2.3"><GO type="169" lobby="0"/><UN n0="%E3%81%8A%E3%81%97%E3%82%83%E3%81%BE%E3%83%9C%E3%83%BC%E3%82%A4" n1="%EF%BC%88%E2%89%A7%E2%96%BD%E2%89%A6%EF%BC%89" n2="%56%65%6E%75%73%53%61%79" n3="%4B%E3%80%82" dan="16,18,17,17" rate="2042.75,2187.98,2121.89,2213.24" sx="M,M,M,M"/><TAIKYOKU oya="0"/><INIT seed="0,0,0,4,3,14" ten="250,250,250,250" oya="0" hai0="109,28,38,62,46,15,93,37,110,0,95,107,5" hai1="116,129,125,58,36,86,77,59,39,82,52,83,105" hai2="90,34,85,51,21,56,18,27,40,132,33,68,11" hai3="76,101,122,50,61,17,81,43,96,117,44,45,26"/><T3/><D107/><U72/><E116/><V94/><F68/><W91/><G117/><T102/><D28/><U100/><E125/><V89/><F132/><W8/><G122/><T131/><D62/><U118/><E118/><V79/><F79/><W29/><G61/><T70/><D70/><U66/><E129/><V97/><F11/><W7/><G45/><T64/><D64/><U42/><E42/><V24/><F24/><W124/><G124/><T12/><D131/><U69/><E69/><V10/><F10/><W126/><G126/><T121/><D121/><U1/><E1/><N who="0" m="585" /><D46/><U9/><E66/><V67/><F40/><W48/><G48/><T92/><D102/><U134/><E59/><V130/><F130/><W113/><G113/><T84/><D84/><U57/><E57/><V88/><F90/><W119/><G119/><T22/><D22/><U73/><E73/><V4/><F4/><W25/><G29/><T87/><D87/><U78/><E100/><V71/><F71/><W112/><G112/><T19/><D5/><U53/><E105/><V49/><F34/><W115/><G7/><T74/><D74/><U63/><E53/><V60/><F33/><W54/><G54/><T120/><D120/><U55/><E55/><V114/><F114/><W65/><G65/><T30/><D30/><U47/><E47/><V16/><F18/><W41/><G115/><T103/><D103/><U31/><E31/><V123/><F123/><W75/><G41/><T32/><D32/><U20/><E72/><V127/><F127/><W106/><G91/><T35/><D35/><RYUUKYOKU ba="0,0" sc="250,-15,250,-15,250,15,250,15" hai2="16,21,27,49,51,56,60,67,85,88,89,94,97" hai3="8,17,25,26,43,44,50,75,76,81,96,101,106" /><INIT seed="1,1,0,1,3,115" ten="235,235,265,265" oya="1" hai0="124,72,86,66,39,70,135,79,51,60,28,41,48" hai1="36,22,19,77,78,32,25,94,59,104,6,35,90" hai2="80,85,29,120,10,76,125,119,34,81,73,103,129" hai3="61,63,33,71,122,134,75,27,100,24,0,109,89"/><U133/><E104/><V91/><F120/><W68/><G122/><T46/><D124/><U40/><E133/><V105/><F125/><W127/><G127/><T23/><D72/><U44/><E6/><V4/><F129/><W11/><G75/><T38/><D135/><U42/><E42/><V74/><F74/><W101/><G134/><T62/><D62/><U31/><E59/><V95/><F81/><W98/><G109/><T112/><D112/><U96/><REACH who="1" step="1"/><E35/><REACH who="1" ten="235,225,265,265" step="2"/><V18/><F34/><W52/><G33/><T128/><D128/><U1/><E1/><V107/><F107/><W69/><G0/><T7/><D7/><U21/><E21/><V108/><F4/><W97/><G69/><T55/><D23/><U49/><E49/><V111/><F111/><W13/><G71/><T14/><D51/><U102/><E102/><V126/><F108/><W93/><G68/><T50/><D50/><U2/><E2/><V117/><F126/><W123/><G123/><T87/><D48/><U99/><E99/><N who="2" m="61695" /><F29/><W45/><G98/><T106/><D28/><U116/><E116/><N who="2" m="44619" /><F18/><N who="3" m="8511" /><G101/><T130/><D130/><U12/><AGARI ba="1,1" hai="12,19,22,25,31,32,36,40,44,77,78,90,94,96" machi="12" ten="20,3900,0" yaku="1,1,0,1,7,1,53,0" doraHai="115" doraHaiUra="121" who="1" fromWho="1" sc="235,-14,225,52,265,-14,265,-14" /><INIT seed="1,2,0,0,2,131" ten="221,277,251,251" oya="1" hai0="71,1,17,57,2,5,111,134,132,108,35,31,106" hai1="7,104,19,9,22,126,25,61,21,133,92,72,38" hai2="103,24,56,75,129,99,46,40,54,93,8,120,124" hai3="29,87,47,84,20,49,125,98,14,123,63,107,77"/><U115/><E104/><V41/><F75/><W91/><G123/><T42/><D71/><U122/><E122/><V51/><F120/><W73/><G125/><T53/><D106/><U80/><E38/><V94/><F124/><W68/><G68/><T97/><D97/><U33/><E126/><V81/><F129/><W27/><G73/><T45/><D17/><U83/><E115/><V18/><F81/><W95/><G107/><T102/><D102/><U26/><E33/><V96/><F46/><W10/><G63/><N who="0" m="36271" /><D31/><U113/><E72/><V100/><REACH who="2" step="1"/><F24/><REACH who="2" ten="221,277,241,251" step="2"/><W3/><G77/><T101/><D101/><U135/><E25/><V55/><F55/><N who="3" m="30143" /><G3/><T89/><D2/><U30/><E26/><V62/><F62/><W37/><G37/><T32/><D45/><U79/><E61/><V15/><AGARI ba="2,1" hai="8,15,18,40,41,51,54,56,93,94,96,99,100,103" machi="15" ten="30,7900,0" yaku="1,1,0,1,9,1,8,1,53,0" doraHai="131" doraHaiUra="34" who="2" fromWho="2" sc="221,-22,277,-41,241,95,251,-22" /><INIT seed="2,0,0,2,0,133" ten="199,236,336,229" oya="2" hai0="76,30,84,63,43,19,36,59,4,35,114,32,65" hai1="9,113,96,12,73,72,6,0,8,54,28,14,87" hai2="46,92,128,70,119,3,124,48,2,40,56,23,45" hai3="18,101,130,68,85,26,94,117,13,62,41,10,16"/><V50/><F70/><W91/><G117/><T106/><D106/><U60/><E113/><V29/><F119/><W37/><G130/><T109/><D4/><U129/><E129/><V53/><F128/><W83/><G37/><T104/><D104/><U78/><E28/><V75/><F75/><W108/><G108/><T57/><D109/><U27/><E27/><V123/><F123/><W81/><G41/><T1/><D1/><U5/><E0/><V97/><F124/><W24/><G68/><T103/><D103/><U38/><E38/><V21/><F3/><W33/><G62/><T115/><D57/><U102/><E87/><V77/><F77/><W52/><G33/><T20/><D43/><U64/><E54/><V122/><F122/><W107/><G107/><T66/><D36/><U125/><E125/><V51/><F29/><W121/><G121/><T120/><D66/><U110/><E78/><V111/><F2/><W82/><G101/><T89/><D76/><U44/><E44/><V88/><F111/><W42/><G42/><AGARI ba="0,0" hai="21,23,40,42,45,46,48,50,51,53,56,88,92,97" machi="42" ten="30,11600,0" yaku="7,1,9,1,8,1,54,1" doraHai="133" who="2" fromWho="3" sc="199,0,236,0,336,116,229,-116" /><INIT seed="2,1,0,0,5,29" ten="199,236,452,113" oya="2" hai0="127,31,46,63,40,39,120,105,14,124,85,51,135" hai1="69,12,30,62,61,83,126,99,70,95,107,125,133" hai2="22,34,3,109,129,102,15,121,97,116,76,48,32" hai3="23,56,132,73,17,68,44,10,82,119,50,27,117"/><V25/><F3/><W94/><G68/><N who="1" m="26218" /><E107/><V113/><F121/><W72/><G132/><T128/><D135/><U103/><E133/><V71/><F113/><W74/><G82/><T42/><D120/><U28/><E12/><V37/><F37/><W59/><G94/><T114/><D105/><U19/><E19/><V1/><F1/><W130/><G130/><T98/><D128/><U26/><E83/><V106/><F116/><W123/><G123/><T115/><D85/><U84/><E84/><V0/><F0/><W86/><G86/><T104/><D104/><U47/><E47/><V110/><F129/><W9/><G119/><T111/><D14/><U92/><E30/><N who="2" m="17719" /><F71/><W11/><REACH who="3" step="1"/><G117/><REACH who="3" ten="199,236,452,103" step="2"/><T21/><D114/><U53/><E95/><V18/><F76/><W49/><G49/><T36/><D51/><U78/><E78/><V77/><F48/><W24/><G24/><T45/><D115/><U52/><E125/><V101/><F77/><W43/><AGARI ba="1,1" hai="9,10,11,17,23,27,43,44,50,56,59,72,73,74" machi="43" ten="40,2700,0" yaku="1,1,0,1,53,0" doraHai="29" doraHaiUra="88" who="3" fromWho="3" sc="199,-8,236,-8,452,-14,103,40" /><INIT seed="3,0,0,2,2,60" ten="191,228,438,143" oya="3" hai0="38,115,79,49,28,37,122,98,131,24,19,61,56" hai1="70,88,80,93,17,111,92,25,133,100,45,16,107" hai2="103,124,120,63,76,89,36,11,6,42,119,87,47" hai3="26,65,108,39,105,114,10,34,99,3,1,102,44"/><W97/><G114/><T118/><D118/><U51/><E70/><V127/><F119/><W40/><G108/><T14/><D122/><U21/><E111/><V74/><F103/><W9/><G99/><T0/><D0/><U27/><E133/><V123/><F76/><W110/><G110/><T134/><D134/><U75/><E107/><V4/><F63/><W53/><G53/><T86/><D49/><U31/><E100/><V132/><F74/><W20/><G34/><T29/><D98/><U5/><E5/><N who="2" m="2155" /><F11/><W52/><G65/><T125/><D125/><N who="2" m="48202" /><F132/><W46/><G10/><T121/><D121/><U84/><E75/><V135/><F135/><W62/><G9/><T48/><D79/><U59/><E59/><V78/><F78/><W55/><G55/><T95/><D56/><U72/><E72/><V8/><F8/><W101/><G101/><T90/><D115/><U130/><E130/><V68/><F68/><W129/><G129/><T35/><D131/><U23/><E31/><V94/><AGARI ba="0,0" hai="36,42,47,87,89,94,120,123" m="48202,2155" machi="94" ten="30,1100,0" yaku="18,1" doraHai="60" who="2" fromWho="2" sc="191,-3,228,-3,438,11,143,-5" /><INIT seed="4,0,0,1,3,135" ten="188,225,449,138" oya="0" hai0="101,119,24,49,25,96,33,9,124,97,81,70,114" hai1="42,106,18,130,116,69,98,35,132,64,1,31,7" hai2="29,30,34,14,110,75,44,28,125,113,117,67,120" hai3="91,56,84,87,10,32,68,3,65,13,66,23,127"/><T79/><D119/><U111/><E111/><V78/><F110/><W19/><G68/><T63/><D114/><U8/><E18/><V126/><F120/><W55/><G32/><T85/><D124/><N who="2" m="47722" /><F113/><W51/><G127/><T133/><D133/><U92/><E42/><V131/><F131/><W43/><G43/><T103/><D49/><U118/><E92/><V105/><F105/><W112/><G112/><T94/><D9/><U46/><E46/><V122/><F122/><W21/><G87/><T62/><D70/><U123/><E69/><V12/><F67/><N who="3" m="25611" /><G3/><T115/><D115/><U47/><E1/><V17/><F117/><W71/><G71/><T83/><D83/><AGARI ba="0,0" hai="10,13,19,21,23,51,55,56,83,84,91" m="25611" machi="83" ten="30,1000,0" yaku="8,1" doraHai="135" who="3" fromWho="0" sc="188,-10,225,0,449,0,138,10" /><INIT seed="5,0,0,2,4,109" ten="178,225,449,148" oya="1" hai0="128,21,34,11,23,55,37,111,115,36,25,132,27" hai1="91,135,33,3,8,77,16,97,113,70,69,10,126" hai2="9,130,86,124,98,123,80,14,60,122,49,20,53" hai3="104,112,56,29,44,106,107,120,63,12,22,57,85"/><U5/><E33/><V1/><F1/><W51/><G120/><T19/><D111/><U35/><E35/><V54/><F130/><W92/><G112/><T102/><D128/><U71/><E113/><V43/><F124/><W99/><G85/><T13/><D115/><U105/><E77/><V84/><F20/><W28/><G12/><T93/><D132/><U50/><E126/><V17/><F86/><W114/><G114/><T129/><D129/><U40/><E135/><V65/><F98/><W41/><G22/><T39/><D34/><U110/><E110/><V108/><F43/><W131/><G131/><T0/><D0/><U134/><E134/><V24/><F54/><W88/><REACH who="3" step="1"/><G57/><REACH who="3" ten="178,225,449,138" step="2"/><T87/><D87/><U68/><E68/><V52/><F108/><W66/><AGARI ba="0,1" hai="28,29,41,44,51,56,63,66,88,92,99,104,106,107" machi="66" ten="30,7900,0" yaku="1,1,2,1,0,1,54,1,53,0" doraHai="109" doraHaiUra="82" who="3" fromWho="3" sc="178,-20,225,-39,449,-20,138,89" /><INIT seed="6,0,0,5,4,118" ten="158,186,429,227" oya="2" hai0="94,61,3,48,32,49,11,2,92,42,121,64,1" hai1="78,6,93,59,18,72,113,124,84,24,95,83,71" hai2="14,38,128,54,96,111,120,53,86,68,44,116,80" hai3="45,132,50,77,69,129,34,9,131,81,31,73,26"/><V27/><F68/><W62/><G132/><T79/><D32/><U98/><E71/><V100/><F116/><W91/><G9/><T130/><D130/><N who="3" m="49673" /><G91/><T107/><D107/><U25/><E124/><V22/><F111/><W43/><G69/><T40/><D11/><U17/><E113/><V123/><F14/><W57/><G57/><T101/><D79/><U33/><E6/><V102/><F102/><W47/><G47/><T60/><D3/><U30/><E72/><V117/><F117/><W126/><G126/><T76/><D76/><U119/><E119/><V110/><F110/><W13/><G13/><T99/><D99/><U66/><E25/><V104/><F53/><W41/><G62/><T0/><D0/><U51/><E93/><V46/><F46/><W4/><G4/><T12/><D12/><U97/><E97/><V85/><F85/><W112/><G112/><T103/><REACH who="0" step="1"/><D121/><REACH who="0" ten="148,186,429,227" step="2"/><U55/><E66/><AGARI ba="0,1" hai="1,2,40,42,48,49,60,61,64,66,92,94,101,103" machi="66" ten="25,6400,0" yaku="1,1,2,1,22,2,53,0" doraHai="118" doraHaiUra="20" who="0" fromWho="1" sc="148,74,186,-64,429,0,227,0" /><INIT seed="7,0,0,4,3,61" ten="222,122,429,227" oya="3" hai0="114,59,2,100,135,32,22,60,11,21,4,54,55" hai1="8,33,95,52,81,64,102,36,88,43,48,42,68" hai2="19,20,6,96,34,14,62,108,57,73,40,113,18" hai3="30,94,93,122,123,17,119,16,109,44,15,112,106"/><W37/><G119/><T101/><D32/><U27/><E33/><V13/><F73/><W72/><G106/><T82/><D135/><U133/><E133/><V50/><F34/><W125/><G72/><T49/><D82/><U86/><E27/><V75/><F113/><W0/><G0/><T45/><D114/><U129/><E129/><V51/><F108/><W26/><G112/><T41/><D41/><U77/><E102/><V80/><F40/><W104/><G104/><T79/><D79/><U58/><E36/><V67/><F6/><W76/><G76/><T92/><D92/><U131/><E131/><V31/><F31/><W120/><G109/><T127/><D127/><U126/><E126/><V105/><F75/><W1/><G1/><T116/><D116/><U103/><E103/><V99/><F80/><W46/><G125/><T128/><D128/><U39/><E39/><V124/><F124/><W84/><G37/><T90/><D90/><U29/><E29/><V85/><F85/><W83/><G30/><T111/><D111/><U25/><E25/><V5/><F5/><W89/><G26/><T7/><D101/><U121/><E121/><V9/><F105/><W24/><G24/><T3/><D100/><U63/><E8/><AGARI ba="0,0" hai="2,3,4,7,8,11,21,22,45,49,54,55,59,60" machi="8" ten="40,1300,0" yaku="9,1" doraHai="61" who="0" fromWho="1" sc="222,13,122,-13,429,0,227,0" owari="235,4.0,109,-39.0,429,52.0,227,-17.0" /></mjloggm>