<mjloggm ver="2.3"><GO type="41"/><UN n0="%68%79%79%72%6F" n1="%E6%B8%A1%E4%B9%85%E5%9C%B0%2E%2E" n2="%64%61%6D%65%70%6F%73" n3="%E3%82%A6%E3%83%AB%E3%83%88%E3%83%A9%E7%AB%8B%E7%9B%B4" dan="13,13,13,15" rate="1941,1906,1820,2029" sx="M,M,M,M"/><TAIKYOKU oya="0"/><INIT seed="0,0,0,4,5,131" ten="250,250,250,250" oya="0" hai0="72,105,88,97,18,73,42,31,81,8,98,116,56" hai1="94,57,124,108,89,4,102,40,24,59,58,54,62" hai2="129,21,36,68,107,13,33,37,95,112,10,64,120" hai3="66,38,127,39,87,122,110,27,32,25,61,130,52"/><T28/><D116/><U119/><E119/><V114/><F112/><W76/><G130/><T35/><D42/><U93/><E40/><V78/><F114/><W132/><G87/><T15/><D56/><U3/><E108/><V104/><F120/><W50/><G76/><T100/><D98/><U44/><E124/><V23/><F129/><W71/><G27/><T6/><D18/><U106/><E4/><V69/><F33/><W60/><G25/><T74/><REACH who="0" step="1"/><D35/><REACH who="0" ten="240,250,250,250" step="2"/><U86/><E59/><V126/><F69/><W0/><G32/><T118/><D118/><U109/><E58/><V92/><F68/><W22/><G61/><T135/><D135/><U65/><E57/><V134/><F134/><W84/><G132/><T30/><D30/><U5/><E109/><V77/><F126/><W111/><G127/><T83/><D83/><U80/><E80/><V133/><F133/><W29/><G111/><T2/><D2/><U16/><E16/><V45/><F36/><W43/><G0/><T46/><D46/><U49/><E3/><V14/><F37/><W101/><G110/><T121/><D121/><U26/><E102/><V20/><F107/><W17/><G122/><T90/><D90/><U19/><E89/><V128/><F104/><W67/><G101/><T103/><D103/><U85/><E106/><V9/><F128/><W91/><G29/><T123/><D123/><U51/><E19/><V75/><F75/><W96/><G39/><T115/><D115/><U55/><E5/><V12/><F45/><W99/><G38/><T47/><D47/><U125/><E44/><RYUUKYOKU ba="0,1" sc="240,30,250,-10,250,-10,250,-10" hai0="6,8,15,28,31,72,73,74,81,88,97,100,105" /><INIT seed="0,1,1,0,1,122" ten="270,240,240,240" oya="0" hai0="58,96,25,64,6,114,79,63,68,104,77,19,45" hai1="61,32,55,48,121,131,90,36,38,53,75,129,13" hai2="50,115,8,69,23,12,103,1,21,106,52,27,16" hai3="128,7,80,101,102,10,72,132,108,92,18,120,11"/><T5/><D114/><U87/><E121/><V116/><F116/><W113/><G18/><T110/><D45/><U124/><E75/><V29/><F115/><W57/><G57/><T34/><D58/><U26/><E124/><V15/><F69/><W43/><G10/><T24/><D25/><U54/><E13/><V66/><F66/><W78/><G113/><T70/><D68/><U125/><E125/><V20/><F20/><W133/><G120/><T39/><D39/><U22/><E32/><V35/><F103/><N who="3" m="39435" /><G43/><T2/><D2/><U59/><E38/><V81/><F81/><W71/><G71/><T107/><D110/><U40/><E36/><V85/><F106/><W3/><G92/><T0/><D0/><U84/><E40/><V42/><F85/><W67/><G67/><T89/><D107/><U127/><E87/><V4/><F42/><W86/><G86/><T14/><D89/><U95/><E127/><V83/><F83/><W33/><G33/><T123/><D123/><U134/><E134/><N who="3" m="51818" /><G128/><N who="1" m="49226" /><E48/><V46/><F23/><W135/><G135/><T65/><D64/><U60/><E60/><V100/><F100/><W37/><G37/><T56/><D104/><U117/><E117/><V9/><F9/><W118/><G118/><T41/><D41/><U98/><E84/><V97/><F97/><W74/><G74/><T119/><D70/><U109/><E109/><AGARI ba="1,1" hai="3,7,11,72,78,80,108,109" m="51818,39435" machi="109" ten="30,3900,0" yaku="20,1,52,2" doraHai="122" who="3" fromWho="1" sc="270,0,240,-42,240,0,240,52" /><INIT seed="1,0,0,2,3,82" ten="270,198,240,292" oya="1" hai0="113,106,8,86,10,48,14,135,120,111,123,61,11" hai1="68,40,131,73,42,33,9,75,105,98,46,119,91" hai2="57,34,29,18,117,130,0,90,4,12,74,87,17" hai3="38,102,41,31,118,100,6,39,84,32,101,103,92"/><U122/><E119/><V53/><F74/><W19/><G6/><T133/><D106/><U67/><E122/><N who="0" m="46633" /><D86/><U85/><E33/><V52/><F117/><W44/><G31/><T89/><D61/><U129/><E67/><V37/><F37/><W76/><G32/><T21/><D48/><U109/><E68/><V72/><F72/><W5/><G5/><T13/><D89/><U25/><E25/><V71/><F71/><W107/><G107/><T3/><D113/><U124/><E109/><V30/><F130/><N who="1" m="49673" /><E124/><V104/><F104/><W93/><G118/><T94/><D94/><U51/><E42/><V24/><F30/><W20/><N who="3" m="26112" /><DORA hai="128" /><W55/><G39/><T112/><D112/><U79/><E105/><V50/><F53/><W83/><REACH who="3" step="1"/><G55/><REACH who="3" ten="270,198,240,282" step="2"/><T80/><D111/><U110/><E110/><V27/><F0/><W126/><G126/><T132/><D3/><U99/><E75/><V62/><F27/><AGARI ba="0,1" hai="19,20,27,38,41,44,76,83,84,92,93" m="26112" machi="27" ten="50,3200,0" yaku="1,1,52,1,53,0" doraHai="82,128" doraHaiUra="28,47" who="3" fromWho="2" sc="270,0,198,0,240,-32,282,42" /><INIT seed="2,0,0,0,1,79" ten="270,198,208,324" oya="2" hai0="108,40,25,116,46,21,39,69,130,47,48,135,78" hai1="85,26,58,8,98,122,56,52,133,27,35,107,89" hai2="87,67,5,30,103,62,101,126,104,13,36,71,123" hai3="77,31,88,20,10,102,66,114,11,60,6,93,96"/><V84/><F126/><W91/><G114/><T74/><D69/><U53/><E122/><V57/><F123/><W82/><G11/><T33/><D108/><U44/><E133/><V81/><F36/><W55/><G55/><T38/><D135/><U83/><E8/><V64/><F30/><W68/><G20/><T115/><D115/><U111/><E111/><V94/><F104/><W7/><G31/><T63/><D63/><U23/><E35/><V45/><F45/><W43/><G43/><T92/><D92/><N who="1" m="56591" /><E107/><V42/><F42/><W24/><G24/><N who="1" m="9258" /><E44/><V16/><F5/><W2/><REACH who="3" step="1"/><G7/><REACH who="3" ten="270,198,208,314" step="2"/><T32/><D116/><U73/><E23/><N who="2" m="11663" /><F71/><W131/><G131/><T1/><D130/><U50/><E73/><AGARI ba="0,1" hai="2,6,10,60,66,68,73,77,82,88,91,93,96,102" machi="73" ten="30,7700,0" yaku="1,1,7,1,52,1,54,1,53,0" doraHai="79" doraHaiUra="100" who="3" fromWho="1" sc="270,0,198,-77,208,0,314,87" /><INIT seed="3,0,0,4,4,3" ten="270,121,208,401" oya="3" hai0="85,33,72,111,47,80,51,86,5,122,109,105,104" hai1="43,77,133,106,36,0,42,93,61,69,50,49,124" hai2="121,91,84,103,45,46,41,34,132,120,112,134,62" hai3="21,94,18,2,89,117,131,20,57,92,60,110,44"/><W4/><G117/><T82/><D33/><U83/><E106/><N who="0" m="41065" /><D72/><U101/><E0/><V66/><F34/><W17/><G44/><N who="2" m="17001" /><F103/><W32/><G32/><T67/><D67/><U97/><E133/><N who="2" m="51307" /><F91/><W81/><G81/><N who="0" m="31339" /><D47/><U24/><E124/><V39/><F84/><N who="0" m="32362" /><D51/><U31/><E36/><V37/><F112/><W28/><G28/><T74/><D5/><U8/><E8/><V52/><F41/><N who="1" m="15369" /><E69/><N who="2" m="42199" /><F52/><W11/><G18/><T90/><D74/><U75/><E31/><V108/><F108/><N who="0" m="41546" /><D122/><AGARI ba="0,0" hai="37,39,120,121,122" m="42199,51307,17001" machi="122" ten="30,7700,0" yaku="13,1,20,1,34,2" doraHai="3" who="2" fromWho="0" sc="270,-77,121,0,208,77,401,0" /><INIT seed="4,0,0,4,3,51" ten="193,121,285,401" oya="0" hai0="84,135,68,8,46,124,50,108,132,74,71,11,40" hai1="98,65,36,111,121,110,77,85,57,62,29,58,86" hai2="10,99,47,130,5,0,7,131,45,2,69,82,70" hai3="113,87,128,89,112,90,54,66,55,42,20,80,15"/><T120/><D120/><U17/><E121/><V129/><F82/><W43/><G66/><T61/><D74/><U119/><E119/><V9/><REACH who="2" step="1"/><F99/><REACH who="2" ten="193,121,275,401" step="2"/><W28/><G128/><T41/><D108/><U95/><E111/><V64/><F64/><W32/><G112/><T78/><D78/><U75/><E110/><V105/><F105/><W117/><G113/><T21/><D84/><U104/><E77/><V34/><F34/><W63/><G32/><T3/><D124/><U116/><E104/><V91/><F91/><W106/><G106/><T114/><D114/><U33/><E116/><V125/><F125/><W37/><G117/><T30/><D41/><U134/><E65/><V56/><F56/><W48/><G43/><T4/><D11/><U92/><E58/><V127/><F127/><W133/><G42/><T109/><D109/><U44/><E33/><V76/><F76/><W101/><G89/><T97/><D97/><U115/><E98/><V81/><F81/><W6/><G90/><T73/><D73/><U122/><E75/><V93/><F93/><W35/><G87/><T94/><D94/><U59/><E86/><V67/><F67/><W39/><G80/><T52/><D71/><AGARI ba="0,1" hai="0,2,5,7,9,10,45,47,69,70,71,129,130,131" machi="71" ten="50,6400,0" yaku="1,1,9,1,19,1,53,0" doraHai="51" doraHaiUra="23" who="2" fromWho="0" sc="193,-64,121,0,275,74,401,0" /><INIT seed="5,0,0,3,2,64" ten="129,121,349,401" oya="1" hai0="58,119,42,100,22,127,56,123,124,18,38,52,79" hai1="120,85,55,129,10,134,71,60,112,87,68,117,93" hai2="14,20,62,107,12,48,41,101,11,88,97,17,70" hai3="128,61,78,28,115,84,32,80,16,44,131,7,86"/><U37/><E120/><V26/><F70/><W51/><G28/><T63/><D119/><U33/><E117/><V59/><F41/><W74/><G32/><T83/><D123/><U29/><E112/><V82/><F48/><W53/><G115/><T2/><D2/><U45/><E134/><V9/><F82/><W30/><G30/><T125/><D100/><U122/><E122/><V66/><F107/><W94/><G7/><T34/><D34/><U113/><E113/><V126/><F126/><N who="0" m="32258" /><T8/><DORA hai="25" /><D8/><N who="2" m="3146" /><F101/><W90/><G16/><T47/><D58/><U75/><E129/><N who="3" m="49738" /><G61/><T95/><D95/><AGARI ba="0,0" hai="12,14,17,20,26,59,62,66,88,95,97" m="3146" machi="95" ten="30,2000,0" yaku="8,1,54,1" doraHai="64,25" who="2" fromWho="0" sc="129,-20,121,0,349,20,401,0" /><INIT seed="6,0,0,5,3,23" ten="109,121,369,401" oya="2" hai0="13,35,38,67,9,86,3,54,19,94,132,128,55" hai1="118,115,0,26,106,109,92,105,96,126,62,65,33" hai2="59,111,29,81,97,25,135,63,22,76,127,78,120" hai3="99,30,121,84,85,7,32,56,45,20,119,83,41"/><V4/><F120/><W73/><G32/><T98/><D38/><U37/><E115/><V114/><F114/><W16/><G30/><T117/><D132/><U1/><E109/><V130/><F130/><W69/><G69/><T43/><D43/><U18/><E118/><V104/><F135/><W101/><G119/><T39/><D39/><U123/><E123/><V95/><F127/><W113/><G113/><T102/><D128/><U91/><E126/><V87/><F111/><W24/><G121/><T103/><D117/><U100/><E37/><V34/><F104/><W129/><G129/><T108/><D108/><U8/><E106/><V27/><F4/><W72/><G84/><T124/><D35/><U10/><E1/><V80/><F27/><W112/><G112/><T42/><D42/><U6/><E10/><V5/><F5/><W79/><G56/><T64/><D3/><U52/><E52/><N who="0" m="20009" /><D103/><U107/><E100/><N who="2" m="60479" /><F34/><W48/><G7/><T89/><D124/><U66/><E66/><N who="0" m="25129" /><D86/><U11/><E11/><V36/><F36/><W47/><G47/><T61/><D102/><U14/><E0/><V17/><F59/><W44/><G44/><T15/><D15/><U53/><E53/><V58/><F58/><W122/><G122/><T70/><D70/><U12/><E12/><N who="2" m="9511" /><F63/><AGARI ba="0,0" hai="9,13,19,61,63,89,94,98" m="25129,20009" machi="63" ten="30,2000,0" yaku="8,1,54,1" doraHai="23" who="0" fromWho="2" sc="109,20,121,0,369,-20,401,0" /><INIT seed="7,0,0,0,0,28" ten="129,121,349,401" oya="3" hai0="10,102,109,72,11,86,51,52,4,68,127,21,93" hai1="49,16,80,32,20,24,113,70,83,131,88,107,103" hai2="27,69,135,22,47,29,50,75,117,73,111,114,15" hai3="53,94,17,126,30,77,7,100,122,71,128,8,74"/><W95/><G71/><T6/><D68/><U14/><E70/><V119/><F69/><W76/><G74/><T130/><D109/><U115/><E131/><V81/><F111/><W43/><G43/><T78/><D72/><U129/><E129/><V99/><F135/><W124/><G128/><T62/><D130/><U61/><E49/><V84/><F114/><N who="1" m="43529" /><E61/><V125/><F125/><N who="3" m="48235" /><G30/><T23/><D62/><U38/><E38/><V26/><F117/><W35/><G35/><T34/><D34/><U12/><E32/><V89/><F119/><W41/><G41/><T58/><D127/><U121/><E121/><V19/><F27/><W3/><G122/><T1/><D102/><U5/><E5/><N who="0" m="2153" /><D1/><U101/><E107/><V60/><F60/><W123/><G123/><T118/><D118/><U112/><N who="1" m="43537" /><U67/><DORA hai="91" /><E67/><V45/><F99/><N who="3" m="59511" /><G17/><T133/><D133/><U92/><E103/><V59/><F59/><W39/><G39/><T55/><D55/><U33/><E101/><V82/><F82/><N who="1" m="31273" /><E33/><V66/><F66/><W25/><G25/><T44/><D78/><U56/><E56/><V79/><F79/><W116/><G116/><T104/><D58/><U120/><E120/><V85/><F85/><AGARI ba="0,0" hai="12,14,16,20,24,85,88,92" m="31273,43537" machi="85" ten="40,8000,1" yaku="15,1,52,1,54,2" doraHai="28,91" who="1" fromWho="2" sc="129,0,121,80,349,-80,401,0" owari="129,-37.0,201,-20.0,269,7.0,401,50.0" /></mjloggm>