<mjloggm ver="2.3"><GO type="97"/><UN n0="%E3%82%B0%E3%83%81%E3%83%A7%E6%BF%A1%E3%82%8C%E3%83%9E%E3%83%A0%E3%82%B3" n1="%E3%83%95%E3%82%AB%E3%83%92%E3%83%AC%4E%65%6F" n2="%EF%BC%88%E2%89%A7%E2%96%BD%E2%89%A6%EF%BC%89" n3="%72%6F%63%6B%31%39%36%35" dan="13,13,15,14" rate="1868,1854,1994,1913" sx="F,M,M,M"/><TAIKYOKU oya="0"/><INIT seed="0,0,0,5,4,2" ten="250,250,250,250" oya="0" hai0="81,116,135,20,47,61,88,38,128,27,10,25,76" hai1="11,16,79,5,33,131,19,107,29,125,94,46,73" hai2="63,83,118,54,121,96,110,132,58,35,60,41,48" hai3="37,22,86,104,100,28,32,64,89,97,101,117,44"/><T123/><D116/><U9/><E107/><V129/><F121/><W6/><G117/><T75/><D123/><U49/><E125/><V53/><F118/><W67/><G32/><T36/><D135/><U26/><E131/><V34/><F132/><W99/><G37/><T105/><D105/><U119/><E119/><V43/><F129/><W111/><G111/><T114/><D128/><U21/><E19/><V59/><F110/><W0/><G44/><T93/><D114/><U115/><E115/><V113/><F113/><W109/><G109/><T15/><D61/><U77/><E94/><V45/><F96/><W69/><G69/><T65/><D65/><U30/><E29/><V71/><F83/><W134/><G134/><T95/><D95/><U51/><E11/><V13/><F71/><W4/><G0/><T84/><D47/><U120/><E120/><V98/><F98/><N who="3" m="37387" /><G28/><T78/><D76/><U23/><E23/><V42/><REACH who="2" step="1"/><F13/><REACH who="2" ten="250,250,240,250" step="2"/><W66/><G104/><T106/><D106/><U82/><E77/><V70/><F70/><W12/><G101/><T124/><D124/><U127/><E127/><V92/><F92/><N who="3" m="54327" /><G100/><T87/><D75/><U55/><E46/><V39/><F39/><W40/><G40/><AGARI ba="0,1" hai="34,35,40,41,42,43,45,48,53,54,58,59,60,63" machi="40" ten="40,2600,0" yaku="1,1,9,1,53,0" doraHai="2" doraHaiUra="122" who="2" fromWho="3" sc="250,0,250,0,240,36,250,-26" /><INIT seed="1,0,0,0,1,36" ten="250,250,276,224" oya="1" hai0="82,4,29,109,7,20,0,91,65,96,40,2,75" hai1="127,80,77,115,56,129,28,41,38,10,22,81,70" hai2="84,107,130,49,103,18,44,62,128,67,59,33,53" hai3="51,14,45,69,116,105,95,92,93,60,61,135,125"/><U25/><E115/><V8/><F33/><W112/><G105/><T58/><D109/><U71/><E127/><V106/><F84/><W27/><G125/><T47/><D0/><U99/><E129/><N who="2" m="49771" /><F103/><W74/><G112/><T113/><D2/><U66/><E99/><V46/><F46/><W132/><G74/><T11/><D113/><U133/><E133/><N who="3" m="51274" /><G69/><T9/><D75/><U100/><E100/><V73/><F73/><W119/><G27/><T43/><D47/><U42/><E10/><N who="0" m="3593" /><D65/><U121/><E121/><V131/><N who="2" m="49779" /><V72/><DORA hai="76" /><F72/><W1/><G14/><AGARI ba="0,0" hai="8,14,18,44,49,53,59,62,67,106,107" m="49779" machi="14" ten="40,1300,0" yaku="19,1" doraHai="36,76" who="2" fromWho="3" sc="250,0,250,0,276,13,224,-13" /><INIT seed="2,0,0,0,5,25" ten="250,250,289,211" oya="2" hai0="21,99,14,27,74,83,124,69,112,5,121,101,7" hai1="100,90,53,22,71,110,72,67,30,36,56,93,40" hai2="31,95,81,18,59,68,131,38,85,48,4,58,130" hai3="29,122,46,26,15,123,19,78,125,103,79,75,32"/><V126/><F38/><W105/><G125/><T127/><D121/><U129/><E72/><V102/><F68/><W135/><G135/><T20/><D112/><U47/><E110/><V42/><F126/><N who="0" m="48170" /><D69/><U113/><E129/><N who="2" m="49163" /><F4/><N who="0" m="1610" /><D74/><U96/><E113/><V119/><F119/><W84/><G75/><T80/><D14/><U45/><E45/><N who="2" m="25655" /><F18/><W73/><G73/><T0/><D0/><U23/><E30/><V12/><F31/><W117/><G117/><T118/><D118/><U44/><E44/><V11/><F11/><W70/><G70/><T8/><D8/><U114/><E114/><V62/><F12/><W64/><G64/><T63/><D63/><N who="1" m="40447" /><E100/><V106/><F106/><W133/><G133/><T34/><D34/><U28/><E28/><V77/><F62/><W57/><G46/><T16/><D21/><U37/><E37/><V35/><F35/><W87/><G123/><T33/><D33/><U107/><E107/><AGARI ba="0,0" hai="16,20,27,80,83,99,101,107" m="1610,48170" machi="107" ten="30,2000,0" yaku="18,1,54,1" doraHai="25" who="0" fromWho="1" sc="250,20,250,-20,289,0,211,0" /><INIT seed="3,0,0,5,2,57" ten="270,230,289,211" oya="3" hai0="1,97,110,58,89,127,123,31,125,5,61,81,112" hai1="69,63,26,109,84,74,72,106,118,108,13,11,92" hai2="14,133,38,20,54,39,82,62,0,114,116,17,25" hai3="27,42,43,115,23,3,113,104,105,67,49,93,7"/><W95/><G113/><T10/><D123/><U134/><E134/><V44/><F114/><W60/><G115/><T129/><D112/><U21/><E106/><V33/><F116/><W130/><G130/><T6/><D129/><U48/><E118/><V85/><F133/><W135/><G135/><T37/><D37/><U56/><E48/><V68/><F0/><W83/><G105/><T122/><D122/><U111/><E69/><V53/><F68/><W77/><G104/><T96/><D31/><N who="1" m="17871" /><E84/><V34/><F34/><W24/><G3/><T22/><D22/><U90/><E90/><V36/><F44/><W99/><G7/><T29/><D29/><U102/><E13/><V121/><F121/><W9/><G9/><T73/><D6/><U2/><E11/><V87/><F62/><W76/><G49/><T19/><D19/><U47/><E47/><V80/><F87/><N who="3" m="48615" /><G77/><T117/><D117/><U128/><E128/><V4/><F80/><W120/><G95/><T94/><D110/><N who="1" m="28163" /><U12/><DORA hai="55" /><E12/><V50/><F50/><W28/><G27/><T78/><D97/><N who="1" m="59687" /><E2/><V88/><F4/><W40/><G120/><T103/><REACH who="0" step="1"/><D103/><REACH who="0" ten="260,230,289,211" step="2"/><U8/><E8/><V71/><F33/><W30/><G30/><T65/><AGARI ba="0,1" hai="1,5,10,58,61,65,73,78,81,89,94,96,125,127" machi="65" ten="30,8000,1" yaku="1,1,2,1,0,1,52,2,53,0" doraHai="57,55" doraHaiUra="66,64" who="0" fromWho="0" sc="260,90,230,-20,289,-20,211,-40" owari="350,45.0,210,-19.0,269,7.0,171,-33.0" /></mjloggm>