<mjloggm ver="2.3"><GO type="169"/><UN n0="%65%69%63%68%69%72%6F" n1="%E3%82%B4%E3%83%9F%E3%82%AF%E3%82%BA%E4%B8%83%E6%AE%B5" n2="%EF%BC%88%E2%89%A7%E2%96%BD%E2%89%A6%EF%BC%89" n3="%72%68%6A%72%79%6D%6D" dan="16,18,18,16" rate="2096,2229,2185,2089" sx="M,M,M,M"/><TAIKYOKU oya="0"/><INIT seed="0,0,0,0,1,39" ten="250,250,250,250" oya="0" hai0="43,45,106,28,75,51,79,37,4,95,81,90,112" hai1="63,91,13,99,74,48,113,9,98,110,59,104,17" hai2="3,72,16,122,30,119,84,7,38,109,11,65,117" hai3="2,1,133,134,18,53,118,58,44,124,12,19,100"/><T107/><D112/><U22/><E74/><V32/><F72/><W71/><G71/><T82/><D28/><U96/><E113/><V25/><F65/><W89/><G118/><N who="2" m="45065" /><F38/><W111/><G100/><T42/><D82/><U116/><E116/><V66/><F66/><W108/><G89/><T23/><D23/><U27/><E110/><N who="3" m="42026" /><G44/><T105/><D4/><U121/><E121/><V127/><F109/><W0/><G124/><T60/><D60/><U103/><E48/><V14/><F84/><W132/><G12/><T20/><D20/><U55/><REACH who="1" step="1"/><E91/><REACH who="1" ten="250,240,250,250" step="2"/><V67/><F122/><W56/><G56/><T52/><REACH who="0" step="1"/><D37/><REACH who="0" ten="240,240,250,250" step="2"/><U92/><E92/><V126/><F67/><W78/><G78/><T46/><D46/><U8/><E8/><AGARI ba="0,2" hai="3,7,8,11,14,16,25,30,32,126,127" m="45065" machi="8" ten="30,7700,0" yaku="12,1,34,2,54,1" doraHai="39" who="2" fromWho="1" sc="240,0,240,-77,250,97,250,0" /><INIT seed="1,0,0,2,1,93" ten="240,163,347,250" oya="1" hai0="83,15,124,125,66,111,11,58,64,47,116,105,34" hai1="21,94,65,17,45,62,87,129,42,22,1,99,50" hai2="27,44,4,55,39,60,86,12,90,102,48,100,52" hai3="31,133,40,69,75,19,127,107,2,56,132,88,51"/><U59/><E1/><V113/><F39/><W78/><G69/><T0/><D116/><U63/><E129/><V74/><F74/><W67/><G2/><T38/><D34/><U49/><E87/><V97/><F27/><W126/><G31/><T25/><D0/><U8/><E8/><N who="2" m="4103" /><F113/><W18/><G107/><T114/><D114/><U33/><E33/><V82/><F97/><W103/><G103/><N who="2" m="39465" /><F60/><N who="3" m="38279" /><G78/><T73/><D105/><U14/><E22/><V53/><AGARI ba="0,0" hai="44,48,52,53,55,82,86,90" m="39465,4103" machi="53" ten="30,2000,0" yaku="8,1,54,1" doraHai="93" who="2" fromWho="2" sc="240,-5,163,-10,347,20,250,-5" /><INIT seed="2,0,0,4,4,10" ten="235,153,367,245" oya="2" hai0="40,22,33,111,37,90,118,11,34,9,51,25,14" hai1="58,119,95,66,80,61,87,13,30,127,94,48,102" hai2="101,27,104,28,45,19,20,97,114,96,106,130,115" hai3="71,31,107,89,39,44,15,133,70,41,100,4,52"/><V82/><F130/><W64/><G133/><T105/><D37/><U0/><E119/><V122/><F122/><W85/><G31/><T91/><D105/><U126/><E0/><V24/><F82/><W3/><G3/><T18/><D91/><N who="1" m="51687" /><E30/><V65/><F45/><W123/><G123/><T67/><D67/><U57/><E102/><V93/><F65/><W77/><G77/><T32/><D90/><U120/><E120/><V79/><F79/><W72/><G72/><T5/><D51/><U135/><E135/><V84/><F84/><W29/><G29/><N who="0" m="17591" /><D40/><U117/><E117/><V75/><F75/><W131/><G131/><T69/><D69/><U53/><E13/><V132/><F132/><W60/><G70/><T81/><D81/><U98/><E98/><V55/><F106/><W88/><G85/><T121/><D111/><U129/><E129/><V12/><F55/><W108/><G108/><T99/><D99/><U26/><E26/><V92/><F27/><W110/><G110/><T1/><D121/><U6/><E6/><V43/><F43/><W21/><G52/><T42/><D42/><U113/><E113/><V68/><F68/><W103/><G107/><T76/><D76/><U17/><E17/><V2/><F2/><W124/><G71/><T16/><D18/><U38/><E38/><V86/><F104/><W125/><G41/><T59/><D59/><U35/><E35/><N who="2" m="20871" /><F97/><W109/><G39/><T23/><D118/><U74/><E74/><V112/><F112/><W8/><G109/><T62/><D62/><U134/><E134/><V49/><F49/><RYUUKYOKU ba="0,0" sc="235,10,153,10,367,10,245,-30" hai0="1,5,9,11,14,16,23,32,33,34" hai1="48,53,57,58,61,66,94,95,126,127" hai2="12,19,20,86,92,93,96,101,114,115" /><INIT seed="2,1,0,0,3,8" ten="245,163,377,215" oya="2" hai0="100,102,105,125,5,48,124,24,17,84,49,115,91" hai1="114,15,62,40,110,27,56,92,26,20,1,52,132" hai2="18,41,122,55,38,82,90,75,50,88,109,66,28" hai3="12,53,79,86,85,103,2,51,10,101,23,11,94"/><V0/><F0/><W13/><G2/><T70/><D115/><U83/><E114/><V32/><F122/><W36/><G36/><T80/><D70/><U37/><E1/><V31/><F109/><W133/><G133/><T118/><D5/><U117/><E117/><V61/><F75/><W127/><G127/><N who="0" m="48715" /><D118/><U106/><E106/><V116/><F116/><W89/><G23/><N who="0" m="13423" /><D105/><U33/><E110/><V63/><F32/><W16/><G85/><T134/><D134/><U44/><E132/><V35/><F35/><W42/><G42/><T135/><D135/><U29/><E83/><V119/><F119/><W111/><G79/><T73/><D73/><U123/><E123/><V57/><F82/><W104/><G104/><T107/><D107/><U43/><E43/><V126/><F126/><W69/><G69/><T121/><D121/><U108/><E108/><V6/><F6/><N who="3" m="3159" /><G111/><T7/><D7/><U58/><E92/><V71/><F38/><W54/><G54/><T128/><D128/><U74/><E74/><V19/><F41/><W78/><G78/><T60/><D60/><U34/><E34/><V22/><F61/><W77/><G77/><T97/><D97/><U72/><E72/><V98/><F98/><W45/><AGARI ba="1,0" hai="11,13,16,45,51,53,86,89,94,101,103" m="3159" machi="45" ten="30,7900,0" yaku="8,1,52,2,54,1" doraHai="8" who="3" fromWho="3" sc="245,-21,163,-21,377,-40,215,82" /><INIT seed="3,0,0,5,5,94" ten="224,142,337,297" oya="3" hai0="19,11,43,82,58,23,22,67,2,10,99,79,78" hai1="73,93,12,29,9,4,13,51,30,96,48,130,85" hai2="127,28,103,88,61,92,17,105,104,37,108,38,133" hai3="74,119,120,54,14,15,125,80,53,49,0,36,35"/><W55/><G36/><T97/><D43/><U45/><E73/><V5/><F5/><W25/><G119/><T129/><D129/><U7/><E130/><V126/><F108/><W57/><G0/><T69/><D69/><U102/><E85/><N who="2" m="52239" /><F28/><W68/><G68/><T100/><D100/><U124/><E124/><N who="2" m="47659" /><F133/><W115/><G115/><T27/><D23/><U39/><E39/><N who="2" m="14859" /><F61/><W70/><G120/><T33/><D33/><U112/><E112/><V121/><F121/><W122/><G35/><T21/><D21/><U83/><E83/><V47/><F47/><W65/><G80/><T40/><D40/><U77/><E77/><N who="0" m="29193" /><D82/><U106/><E106/><V42/><F42/><W26/><G122/><T66/><D2/><U86/><E86/><V52/><F52/><W110/><G55/><T91/><D91/><U3/><E3/><V60/><F60/><W118/><G54/><T8/><D58/><U123/><E123/><V59/><F59/><W1/><G53/><T6/><D6/><U101/><E101/><V56/><F56/><W63/><G57/><T75/><D75/><U87/><E87/><V117/><F117/><W32/><G63/><T46/><D46/><U44/><E44/><V128/><F128/><W134/><G1/><T84/><D84/><U114/><E114/><V64/><F64/><AGARI ba="0,0" hai="8,10,11,19,22,27,64,66,67,97,99" m="29193" machi="64" ten="30,3900,0" yaku="8,1,52,2" doraHai="94" who="0" fromWho="2" sc="224,39,142,0,337,-39,297,0" /><INIT seed="4,0,0,4,0,41" ten="263,142,298,297" oya="0" hai0="17,3,61,115,29,95,125,57,22,28,53,47,113" hai1="44,70,111,36,69,134,2,1,120,75,48,103,100" hai2="121,131,39,67,18,43,34,86,14,46,15,66,10" hai3="32,74,124,72,26,11,106,38,25,7,5,98,118"/><T119/><D119/><U90/><E111/><V87/><F34/><W37/><G118/><T129/><D3/><U30/><E120/><V33/><F33/><W122/><G122/><T64/><D125/><U68/><E75/><V80/><F121/><W12/><G124/><T23/><D129/><U132/><E36/><V135/><F131/><W89/><G5/><T77/><D77/><U76/><E30/><N who="0" m="11881" /><D17/><U35/><E76/><V4/><F135/><N who="1" m="51753" /><E35/><V59/><F59/><W56/><G32/><T50/><D95/><U13/><E13/><V126/><F126/><W65/><G37/><T79/><D79/><U71/><N who="1" m="17408" /><DORA hai="58" /><U42/><E90/><V91/><REACH who="2" step="1"/><F86/><REACH who="2" ten="263,142,288,297" step="2"/><W93/><G74/><T84/><D84/><U6/><E6/><V52/><F52/><W31/><G7/><T62/><D62/><U117/><E117/><V88/><F88/><W49/><G89/><T127/><D127/><U60/><E60/><V82/><F82/><W45/><G72/><T55/><D55/><U78/><E78/><V109/><F109/><W110/><G110/><T73/><D73/><U19/><E19/><V112/><F112/><AGARI ba="0,1" hai="22,23,47,50,53,57,61,64,112,113,115" m="11881" machi="112" ten="30,5800,0" yaku="15,1,52,2" doraHai="41,58" who="0" fromWho="2" sc="263,68,142,0,288,-58,297,0" /><INIT seed="4,1,0,2,4,33" ten="331,142,230,297" oya="0" hai0="130,133,70,109,124,8,0,50,72,93,127,58,35" hai1="63,74,15,62,55,20,84,71,69,5,1,126,60" hai2="46,53,131,82,28,97,14,9,96,16,37,77,90" hai3="10,25,43,18,57,112,83,3,21,78,98,108,2"/><T56/><D70/><U135/><E74/><V87/><F131/><W123/><G108/><T67/><D35/><U31/><E135/><V17/><F28/><W39/><G112/><T106/><D106/><U54/><E126/><V26/><F77/><W89/><G123/><T68/><D68/><U7/><E71/><V75/><F75/><W119/><G119/><T47/><D72/><U134/><E134/><V129/><F129/><W113/><G113/><T117/><D117/><U132/><E69/><V38/><F38/><W121/><G121/><T99/><D133/><U12/><E132/><V76/><F76/><W27/><G10/><T107/><D107/><U104/><E104/><V122/><F122/><W103/><G89/><N who="0" m="55727" /><D67/><U120/><E120/><V36/><F36/><W125/><G125/><N who="0" m="48203" /><D109/><U92/><E31/><V102/><F102/><W49/><G39/><T105/><D105/><U30/><E30/><V80/><F80/><W32/><G32/><T44/><D44/><U85/><E20/><N who="2" m="13583" /><F37/><W65/><G65/><T23/><D23/><U34/><E34/><V64/><F64/><W45/><G57/><T118/><D118/><U48/><E92/><V42/><F42/><W13/><G83/><T22/><D22/><U41/><E41/><V110/><F110/><W51/><G43/><N who="0" m="24959" /><D130/><U128/><E128/><V40/><F40/><W52/><G21/><T66/><D66/><U59/><E55/><V86/><F86/><N who="1" m="33385" /><E5/><AGARI ba="1,0" hai="0,5,8,56,58" m="24959,48203,55727" machi="5" ten="30,2900,0" yaku="18,1,52,1" doraHai="33" who="0" fromWho="1" sc="331,32,142,-32,230,0,297,0" /><INIT seed="4,2,0,1,5,26" ten="363,110,230,297" oya="0" hai0="108,46,87,126,66,0,75,15,93,6,68,59,23" hai1="65,135,125,64,77,38,45,120,43,9,37,20,41" hai2="129,131,102,35,58,84,113,22,76,91,100,48,124" hai3="117,94,13,28,70,47,25,111,103,30,122,44,121"/><T55/><D75/><U88/><E120/><N who="3" m="46186" /><G111/><T51/><D108/><U80/><E135/><V72/><F35/><W74/><G74/><T97/><D126/><U71/><E125/><V90/><F124/><W60/><G13/><T52/><D0/><U36/><E71/><V27/><F113/><W24/><G117/><T106/><D106/><U49/><E9/><V116/><F116/><W78/><G78/><T99/><D68/><U115/><E115/><V63/><F48/><W85/><G60/><N who="0" m="35967" /><D66/><U73/><E43/><V96/><F72/><W118/><G70/><T104/><D104/><U62/><E62/><V114/><F114/><W3/><G3/><T11/><D23/><U31/><REACH who="1" step="1"/><E88/><AGARI ba="2,0" hai="6,11,15,46,51,52,87,88,93,97,99" m="35967" machi="88" ten="30,5800,0" yaku="8,1,54,2" doraHai="26" who="0" fromWho="1" sc="363,64,110,-64,230,0,297,0" /><INIT seed="4,3,0,3,5,89" ten="427,46,230,297" oya="0" hai0="131,52,28,8,117,122,126,57,12,51,15,48,70" hai1="29,69,109,77,115,42,124,133,120,128,55,127,50" hai2="11,20,22,67,90,95,53,0,111,123,87,94,108" hai3="58,72,107,49,37,114,5,130,135,33,118,74,78"/><T60/><D122/><U73/><E109/><V66/><F123/><W10/><G37/><T31/><D117/><U25/><E120/><V76/><F111/><W102/><G118/><T104/><D104/><U1/><E69/><V113/><F113/><W71/><G71/><T13/><D126/><N who="1" m="48171" /><E1/><V101/><F108/><W97/><G33/><T96/><D131/><U85/><E128/><V110/><F110/><W86/><G130/><T121/><D121/><U35/><E133/><V23/><F76/><W92/><G114/><T82/><D8/><U21/><E115/><V106/><F106/><W83/><G135/><T91/><D70/><U14/><E73/><V98/><REACH who="2" step="1"/><F53/><REACH who="2" ten="427,46,220,297" step="2"/><W44/><G107/><T100/><D52/><U129/><E55/><V61/><F61/><W45/><G74/><T63/><D60/><U46/><E77/><V59/><F59/><W84/><G72/><T132/><D63/><U26/><E129/><V4/><AGARI ba="3,1" hai="0,4,11,20,22,23,66,67,87,90,94,95,98,101" machi="4" ten="30,7900,0" yaku="1,1,0,1,52,2,53,0" doraHai="89" doraHaiUra="75" who="2" fromWho="2" sc="427,-42,46,-23,220,98,297,-23" /><INIT seed="5,0,0,2,0,100" ten="385,23,318,274" oya="1" hai0="119,116,129,51,2,37,72,38,14,86,91,6,33" hai1="17,21,104,125,25,60,29,35,80,9,10,12,85" hai2="89,56,76,75,20,48,55,105,82,31,115,66,79" hai3="47,121,49,134,110,64,22,84,118,69,70,92,111"/><U27/><E125/><V108/><F108/><W107/><G107/><T123/><D72/><U67/><E104/><V98/><F115/><W128/><G121/><T87/><D33/><U58/><REACH who="1" step="1"/><E27/><REACH who="1" ten="385,13,318,274" step="2"/><N who="2" m="16871" /><F105/><W46/><G111/><T59/><D116/><U50/><E50/><V122/><F122/><W8/><G49/><T5/><D119/><U4/><E4/><V19/><F75/><W36/><G110/><T77/><D51/><U106/><E106/><V78/><F19/><W73/><G118/><T28/><D5/><U113/><E113/><V34/><F48/><W90/><G73/><T42/><D6/><U26/><E26/><V32/><F32/><W3/><G36/><T24/><D123/><U52/><E52/><V1/><F34/><W101/><G128/><T99/><D37/><U126/><E126/><V109/><F55/><W30/><G134/><T53/><D38/><U11/><E11/><V15/><F109/><W97/><G8/><T130/><D24/><U94/><E94/><V120/><F120/><W81/><G92/><T7/><D53/><U117/><E117/><V44/><F44/><W127/><G47/><T83/><D7/><U96/><E96/><V62/><F98/><W124/><G97/><T133/><D99/><U40/><E40/><V102/><F102/><W18/><G101/><T23/><D133/><U63/><E63/><V54/><F54/><W39/><G46/><T16/><D130/><U114/><E114/><V93/><F93/><W45/><G127/><T95/><D129/><U61/><E61/><V131/><F131/><W43/><G124/><RYUUKYOKU ba="0,1" sc="385,-10,13,30,318,-10,274,-10" hai1="9,10,12,17,21,25,29,35,58,60,67,80,85" /><INIT seed="5,1,1,5,1,47" ten="375,43,308,264" oya="1" hai0="23,14,129,41,67,0,83,51,86,113,39,66,25" hai1="95,26,90,128,1,59,119,115,133,71,116,93,121" hai2="92,56,52,123,31,37,122,84,46,20,78,6,34" hai3="45,110,60,79,70,89,44,9,24,130,32,100,8"/><U68/><E121/><V65/><F34/><W75/><G110/><T74/><D0/><U80/><E1/><V134/><F134/><W108/><G108/><T5/><D39/><U10/><E10/><V11/><F31/><W54/><G89/><N who="0" m="51423" /><D74/><U72/><E133/><V111/><F20/><W109/><G109/><T3/><D3/><U117/><E115/><V19/><F111/><W104/><G130/><T127/><D127/><U82/><E128/><V107/><F107/><W61/><G61/><T21/><D129/><U4/><E4/><V125/><F125/><W7/><G54/><T22/><D25/><U29/><E59/><V64/><F19/><W97/><G9/><N who="0" m="4399" /><D113/><U48/><E72/><V91/><F123/><W101/><G101/><T57/><D57/><U124/><E124/><V102/><F122/><W28/><G79/><T49/><D41/><U50/><E119/><V18/><F102/><W17/><G17/><T114/><D114/><U94/><E94/><V30/><F18/><W58/><G58/><T105/><D105/><U120/><E90/><V81/><F78/><W15/><REACH who="3" step="1"/><G75/><REACH who="3" ten="375,43,308,254" step="2"/><T62/><D62/><U16/><E120/><V33/><F56/><W36/><G36/><T87/><D67/><AGARI ba="1,2" hai="7,8,15,24,28,32,44,45,60,67,70,97,100,104" machi="67" ten="40,8000,1" yaku="1,1,25,2,53,1" doraHai="47" doraHaiUra="2" who="3" fromWho="0" sc="375,-83,43,0,308,0,254,103" /><INIT seed="6,0,0,0,5,52" ten="292,43,308,357" oya="2" hai0="117,27,32,62,34,4,59,41,133,103,126,9,45" hai1="71,30,84,25,118,95,10,1,86,81,78,33,112" hai2="18,72,54,68,101,29,46,90,127,125,48,110,76" hai3="91,39,22,65,69,55,0,82,57,66,113,58,98"/><V5/><F68/><W99/><G39/><T23/><D103/><U64/><E118/><V3/><F29/><W12/><G0/><T87/><D87/><U14/><E112/><V67/><F67/><N who="3" m="25611" /><G69/><T124/><D117/><U53/><E1/><V94/><F101/><W130/><G130/><T6/><D133/><U105/><E105/><V77/><F18/><N who="3" m="10567" /><G113/><T56/><D62/><U51/><E71/><V60/><F60/><N who="3" m="35903" /><G58/><N who="0" m="22059" /><D32/><U7/><E64/><V107/><F107/><W49/><G49/><N who="0" m="26799" /><D34/><U36/><E36/><V83/><F110/><W35/><G35/><T116/><D116/><U19/><E51/><V43/><F3/><W123/><G123/><T21/><D21/><U50/><E53/><V31/><F54/><W92/><G82/><T16/><D9/><U121/><E50/><V11/><F48/><W109/><G109/><T20/><D20/><U129/><E121/><V115/><F115/><W88/><G91/><T70/><D70/><U17/><E129/><V114/><F90/><W89/><G89/><T85/><D85/><AGARI ba="0,0" hai="85,88,92,98,99" m="35903,10567,25611" machi="85" ten="30,3900,0" yaku="8,1,52,1,54,1" doraHai="52" who="3" fromWho="0" sc="292,-39,43,0,308,0,357,39" /><INIT seed="7,0,0,0,5,18" ten="253,43,308,396" oya="3" hai0="90,126,39,6,82,70,118,76,26,113,27,103,60" hai1="92,29,21,111,55,1,13,104,108,95,58,4,69" hai2="51,109,123,125,34,86,42,72,79,9,120,110,59" hai3="88,75,89,93,94,65,38,33,28,114,102,32,30"/><W61/><G75/><T22/><D118/><U19/><E104/><V91/><F34/><W3/><G3/><T77/><D126/><U16/><E69/><V14/><F14/><W117/><G38/><T127/><D127/><U20/><E58/><V101/><F9/><W80/><G80/><T135/><D135/><U96/><E55/><V31/><F31/><W115/><G61/><T48/><D39/><U40/><E40/><V119/><F51/><W78/><G78/><T53/><D103/><U36/><E36/><V23/><F23/><W122/><G65/><T8/><D113/><U121/><E95/><N who="2" m="54775" /><F59/><W63/><G63/><T132/><D132/><U41/><E41/><V50/><F50/><W52/><G52/><T54/><D90/><U25/><E92/><V128/><F42/><W133/><G133/><T85/><D76/><U87/><E96/><V131/><F119/><W100/><G117/><T44/><D70/><U68/><E87/><V45/><F45/><W73/><G28/><T35/><D35/><U105/><E68/><V17/><F17/><W49/><G49/><T62/><D27/><U129/><E105/><V81/><F101/><W46/><G30/><T10/><D54/><U64/><E64/><V97/><F97/><W99/><G99/><T24/><D24/><U74/><E74/><V134/><F134/><W84/><G102/><T56/><D56/><U66/><E66/><V12/><F125/><W11/><G100/><T98/><D98/><U0/><E121/><N who="2" m="46667" /><F12/><W5/><G122/><T43/><D43/><U130/><E13/><V83/><F79/><RYUUKYOKU ba="0,0" sc="253,0,43,0,308,0,396,0" owari="253,-15.0,43,-46.0,308,11.0,396,50.0" /></mjloggm>