<mjloggm ver="2.3"><GO type="41"/><UN n0="%74%6F%6D%65%6F" n1="%E3%82%A6%E3%83%AB%E3%83%88%E3%83%A9%E7%AB%8B%E7%9B%B4" n2="%51%75%65%65%6E" n3="%EF%BC%91%EF%BC%90%E5%86%86%E3%83%8F%E3%82%B2" dan="13,15,15,13" rate="1837,2022,2027,1815" sx="M,M,M,M"/><TAIKYOKU oya="0"/><INIT seed="0,0,0,5,4,109" ten="250,250,250,250" oya="0" hai0="16,20,29,111,133,94,43,69,18,90,51,75,126" hai1="52,17,98,105,85,80,5,132,2,36,0,88,24" hai2="120,108,89,39,49,64,50,63,48,3,77,118,97" hai3="116,13,9,91,115,102,1,23,22,26,121,12,112"/><T92/><D75/><U65/><E36/><V110/><F39/><W86/><G116/><T32/><D69/><U82/><E132/><V40/><F3/><W33/><G102/><T81/><D133/><U79/><E65/><V76/><F120/><W71/><G71/><T123/><D123/><U135/><E135/><V61/><F118/><W21/><G121/><T101/><D126/><U107/><E107/><V66/><F89/><W119/><G119/><T124/><D124/><U53/><E5/><V19/><F19/><N who="0" m="7210" /><D32/><U67/><E67/><N who="2" m="25643" /><F97/><W72/><G72/><T122/><D122/><U106/><E106/><V114/><F40/><W38/><G38/><T6/><D6/><U28/><E0/><V62/><F114/><W35/><G1/><T59/><D111/><AGARI ba="0,0" hai="48,49,50,61,62,63,76,77,108,110,111" m="25643" machi="111" ten="40,5200,0" yaku="28,2,14,1" doraHai="109" who="2" fromWho="0" sc="250,-52,250,0,250,52,250,0" /><INIT seed="1,0,0,1,2,31" ten="198,250,302,250" oya="1" hai0="48,116,115,44,46,79,66,35,57,62,128,72,102" hai1="32,41,15,2,103,64,121,92,90,20,100,10,25" hai2="125,7,16,106,93,68,60,58,126,82,5,84,118" hai3="28,111,14,99,70,132,101,24,123,94,22,110,77"/><U45/><E64/><N who="2" m="38935" /><F68/><W113/><G70/><T67/><D116/><U120/><E120/><V21/><F106/><W1/><G113/><T30/><D115/><U117/><E117/><V107/><F107/><W53/><G123/><T12/><D102/><U26/><E121/><V19/><F93/><W40/><G1/><T3/><D3/><U63/><E2/><V133/><F118/><W69/><G69/><T6/><D128/><U131/><E131/><V8/><F133/><W119/><G132/><T75/><D79/><U39/><E63/><V80/><F80/><W0/><G0/><T129/><D129/><U124/><E124/><N who="2" m="47723" /><F8/><W98/><G77/><T61/><D57/><U91/><E100/><V47/><F47/><W71/><G71/><T42/><D30/><U43/><E103/><V74/><F74/><W52/><G40/><T36/><D48/><U49/><E43/><V23/><F23/><W83/><G83/><T86/><D86/><U122/><E39/><V51/><F51/><W88/><G119/><T37/><D6/><N who="2" m="2058" /><F21/><W78/><G78/><AGARI ba="0,0" hai="16,19,78,82,84" m="2058,47723,38935" machi="78" ten="30,2000,0" yaku="18,1,54,1" doraHai="31" who="2" fromWho="3" sc="198,0,250,0,302,20,250,-20" /><INIT seed="2,0,0,4,2,12" ten="198,250,322,230" oya="2" hai0="95,56,27,134,96,91,8,70,39,117,107,24,43" hai1="73,85,105,84,48,53,45,41,131,22,9,88,19" hai2="49,83,112,116,18,55,66,58,26,75,110,77,57" hai3="127,46,128,52,78,81,13,102,42,135,118,74,106"/><V11/><F112/><W61/><G118/><T130/><D70/><U89/><E73/><V29/><F116/><W30/><G127/><T93/><D117/><U4/><E105/><V15/><F110/><W23/><G128/><T50/><D107/><U86/><E131/><V65/><REACH who="2" step="1"/><F58/><REACH who="2" ten="198,250,312,230" step="2"/><W32/><G135/><T5/><D134/><U17/><E41/><V7/><F7/><W125/><G32/><AGARI ba="0,1" hai="11,15,18,26,29,32,49,55,57,65,66,75,77,83" machi="32" ten="30,11600,0" yaku="1,1,7,1,52,1,53,1" doraHai="12" doraHaiUra="14" who="2" fromWho="3" sc="198,0,250,0,312,126,230,-116" /><INIT seed="2,1,0,3,2,44" ten="198,250,438,114" oya="2" hai0="57,30,133,96,85,127,43,56,117,47,55,120,1" hai1="78,50,125,70,102,94,40,18,5,134,104,87,2" hai2="115,122,106,93,34,60,10,95,24,38,86,71,13" hai3="99,72,39,46,119,35,92,112,22,64,130,73,65"/><V27/><F38/><W8/><G130/><T31/><D120/><U108/><E18/><V51/><F106/><W32/><G119/><T76/><D1/><U58/><E5/><V74/><F122/><W124/><G124/><T118/><D127/><U89/><E2/><V111/><F74/><W105/><G105/><T77/><D96/><U16/><E70/><V98/><F115/><W41/><G112/><T135/><D43/><U6/><E6/><N who="2" m="3287" /><F34/><W80/><G35/><T11/><D11/><U59/><E125/><V114/><F114/><W90/><G32/><T0/><D0/><U42/><E134/><N who="0" m="51209" /><D77/><U129/><E129/><V36/><F36/><W23/><G73/><T9/><D9/><U132/><E132/><V82/><F71/><W121/><G121/><T79/><D79/><U52/><E78/><N who="2" m="46423" /><F111/><W25/><G23/><T84/><D76/><U45/><E108/><V83/><F83/><W91/><G8/><T3/><D3/><U7/><E7/><V88/><F60/><W66/><G72/><T62/><D62/><U20/><E104/><V61/><F61/><W28/><REACH who="3" step="1"/><G80/><REACH who="3" ten="198,250,438,104" step="2"/><T19/><D118/><U48/><E102/><AGARI ba="1,1" hai="22,25,28,39,41,46,64,65,66,90,91,92,99,102" machi="102" ten="40,2600,0" yaku="1,1,2,1,53,0" doraHai="44" doraHaiUra="131" who="3" fromWho="1" sc="198,0,250,-29,438,0,104,39" /><INIT seed="3,0,0,5,2,7" ten="198,221,438,143" oya="3" hai0="63,17,116,38,60,91,121,48,29,107,88,129,79" hai1="135,105,40,27,76,37,90,67,43,25,122,4,108" hai2="28,132,12,84,3,50,80,69,112,125,117,59,35" hai3="109,86,127,71,46,92,6,128,2,78,134,47,74"/><W34/><G71/><T93/><D38/><U14/><E105/><V39/><F3/><W20/><G74/><T31/><D107/><U120/><E76/><V119/><F39/><W104/><G104/><T81/><D121/><U9/><E108/><V100/><F69/><W1/><G134/><T65/><D129/><U111/><E111/><V123/><F123/><W26/><G109/><T106/><D106/><U82/><E135/><V83/><F112/><W113/><G128/><T51/><D79/><U61/><E37/><V96/><F132/><W72/><G113/><T85/><D116/><U15/><E90/><V95/><F125/><W8/><G72/><T133/><D133/><U64/><E82/><V124/><F124/><W5/><G127/><T24/><D60/><U68/><E68/><V110/><F110/><W58/><G34/><T21/><D65/><U62/><REACH who="1" step="1"/><E4/><REACH who="1" ten="198,211,438,143" step="2"/><V11/><F83/><W36/><G36/><T73/><D73/><U97/><E97/><V87/><F80/><W53/><G78/><T101/><D101/><U44/><E44/><V99/><F99/><W55/><G6/><T66/><D81/><U32/><E32/><V33/><F33/><W19/><G2/><T75/><D91/><U0/><E0/><V52/><F117/><W30/><G30/><N who="0" m="11275" /><D75/><U131/><E131/><V103/><F119/><W57/><G57/><AGARI ba="0,1" hai="17,21,24,48,51,57,63,66,85,88,93" m="11275" machi="57" ten="30,2000,0" yaku="8,1,54,1" doraHai="7" who="0" fromWho="3" sc="198,30,211,0,438,0,143,-20" /><INIT seed="4,0,0,5,4,53" ten="228,211,438,123" oya="0" hai0="108,94,89,127,19,50,135,98,120,67,31,52,32" hai1="131,66,60,58,82,64,80,29,97,126,69,87,15" hai2="17,47,123,65,62,44,105,38,77,23,41,36,43" hai3="11,132,49,104,4,73,107,48,117,133,96,100,102"/><T3/><D120/><U119/><E119/><V5/><F105/><W78/><G117/><T124/><D3/><U109/><E109/><V88/><F77/><W55/><G49/><T6/><D6/><U72/><E126/><N who="0" m="48169" /><D67/><U121/><E121/><V118/><F118/><W91/><G91/><T92/><D135/><U86/><E72/><V83/><F5/><W103/><G78/><T63/><D63/><U30/><E69/><V21/><F123/><W20/><G20/><T61/><D61/><U128/><E97/><V74/><F17/><W37/><G73/><T114/><D114/><U0/><E60/><V90/><F74/><W1/><G37/><T57/><D19/><U40/><E15/><V54/><F54/><W129/><G129/><T116/><D116/><U22/><E22/><V28/><F83/><W33/><G33/><T75/><D75/><U16/><E16/><V84/><F84/><W24/><G24/><N who="0" m="18535" /><D94/><U8/><E8/><V122/><F122/><W81/><G81/><T68/><D108/><U130/><E130/><V76/><F76/><W113/><G113/><T56/><D56/><U46/><E46/><V7/><F7/><W110/><G110/><T115/><D115/><U35/><E35/><V39/><F39/><W25/><G25/><T13/><D13/><U45/><E45/><V10/><F10/><W112/><G112/><T14/><D14/><U99/><E0/><V111/><F111/><W134/><REACH who="3" step="1"/><G96/><REACH who="3" ten="228,211,438,113" step="2"/><T125/><D125/><U26/><E99/><V42/><F21/><W59/><AGARI ba="0,1" hai="1,4,11,48,55,59,100,102,103,104,107,132,133,134" machi="59" ten="40,8000,1" yaku="1,1,2,1,0,1,20,1,52,1,53,0" doraHai="53" doraHaiUra="18" who="3" fromWho="3" sc="228,-40,211,-20,438,-20,113,90" /><INIT seed="5,0,0,2,4,65" ten="188,191,418,203" oya="1" hai0="3,39,23,54,101,20,126,121,8,90,31,43,76" hai1="16,120,24,15,81,111,7,61,114,74,72,89,68" hai2="133,80,91,100,64,129,34,41,79,75,27,26,112" hai3="105,60,86,21,52,6,125,88,1,134,94,113,56"/><U42/><E120/><V44/><F100/><W92/><G105/><T93/><D101/><U25/><E111/><V102/><F102/><W28/><G113/><T18/><D126/><U77/><E74/><V62/><F112/><W35/><G125/><T122/><D76/><U78/><E114/><V37/><F129/><W48/><G35/><T116/><D116/><U12/><E42/><V117/><F117/><W63/><G134/><T71/><D31/><U10/><E78/><V132/><F91/><W36/><G36/><T95/><D54/><U2/><E2/><V99/><F99/><W30/><G6/><T67/><D39/><U107/><E107/><V123/><F123/><N who="0" m="47114" /><D43/><U87/><E61/><N who="3" m="23626" /><G1/><T104/><D104/><U83/><REACH who="1" step="1"/><E68/><REACH who="1" ten="188,181,418,203" step="2"/><V108/><F108/><W5/><G5/><N who="0" m="1087" /><D71/><U9/><AGARI ba="0,1" hai="7,9,10,12,15,16,24,25,72,77,81,83,87,89" machi="9" ten="20,7800,0" yaku="1,1,0,1,7,1,54,1,53,0" doraHai="65" doraHaiUra="33" who="1" fromWho="1" sc="188,-26,181,88,418,-26,203,-26" /><INIT seed="5,1,0,1,3,5" ten="162,269,392,177" oya="1" hai0="58,130,88,107,41,55,31,84,34,0,98,60,110" hai1="131,35,79,65,87,8,111,12,50,120,134,63,129" hai2="1,29,51,117,95,128,113,57,75,14,46,66,32" hai3="82,118,127,109,2,97,86,92,44,7,54,6,106"/><U30/><E120/><V20/><F1/><W68/><G109/><T99/><D110/><U25/><E111/><V78/><F32/><W69/><G68/><T52/><D41/><U83/><E50/><V67/><F117/><W33/><G69/><T135/><D0/><U21/><E134/><V114/><F128/><W10/><G33/><T105/><D130/><U59/><REACH who="1" step="1"/><E35/><REACH who="1" ten="162,259,392,177" step="2"/><V90/><F51/><W43/><G118/><T28/><D135/><U42/><E42/><V125/><F114/><W47/><G127/><T24/><D31/><U108/><E108/><V27/><F29/><W16/><G7/><AGARI ba="1,1" hai="7,8,12,21,25,30,59,63,65,79,83,87,129,131" machi="7" ten="40,7700,0" yaku="1,1,52,1,53,1" doraHai="5" doraHaiUra="81" who="1" fromWho="3" sc="162,0,259,90,392,0,177,-80" /><INIT seed="5,2,0,0,0,98" ten="162,349,392,97" oya="1" hai0="27,81,50,102,75,32,57,101,16,91,72,119,100" hai1="113,74,60,97,64,12,41,103,34,62,4,23,26" hai2="112,90,125,61,109,14,31,7,121,59,85,129,86" hai3="11,123,78,128,132,87,83,45,99,56,124,24,38"/><U94/><E74/><V67/><F109/><W69/><G38/><T47/><D119/><U44/><E34/><V18/><F121/><W80/><G123/><T131/><D72/><U25/><E113/><V115/><F129/><W88/><G69/><T54/><D32/><U15/><E26/><V92/><F31/><W73/><G128/><T5/><D5/><U89/><E89/><V8/><F125/><W118/><G124/><T134/><D134/><U55/><E55/><V82/><REACH who="2" step="1"/><F7/><REACH who="2" ten="162,349,382,97" step="2"/><W29/><G132/><T66/><D131/><U33/><E33/><V95/><F95/><W126/><G118/><T77/><D75/><U37/><E4/><V122/><F122/><W0/><G126/><T110/><D110/><U39/><E39/><V40/><F40/><W10/><G0/><T13/><D27/><U133/><E133/><V3/><F3/><W51/><G99/><T127/><D127/><U52/><E15/><V53/><F53/><W35/><REACH who="3" step="1"/><G56/><REACH who="3" ten="162,349,382,87" step="2"/><T84/><D66/><U42/><E37/><V21/><F21/><W117/><G117/><T49/><D47/><U130/><E130/><V116/><F116/><W114/><G114/><T43/><D43/><AGARI ba="2,2" hai="10,11,24,29,35,43,45,51,73,78,80,83,87,88" machi="43" ten="30,3900,0" yaku="1,1,7,1,54,1,53,0" doraHai="98" doraHaiUra="65" who="3" fromWho="0" sc="162,-45,349,0,382,0,87,65" /><INIT seed="6,0,0,5,1,110" ten="117,349,382,152" oya="2" hai0="1,2,129,117,52,122,126,92,55,82,81,79,7" hai1="94,68,49,97,91,93,135,45,103,3,57,48,63" hai2="69,39,61,66,53,112,104,90,128,41,9,133,23" hai3="0,26,124,131,31,74,11,99,114,123,101,75,125"/><V38/><F104/><N who="3" m="63551" /><G123/><T13/><D122/><U14/><E3/><V28/><F128/><W43/><G43/><T6/><D129/><U12/><E68/><V35/><F35/><N who="3" m="20983" /><G131/><T25/><D25/><U16/><E135/><V58/><F133/><W115/><G11/><T5/><D13/><U85/><E14/><V15/><F39/><W77/><G77/><T130/><D130/><U87/><E87/><V19/><F90/><W50/><G50/><T100/><D79/><U60/><E49/><N who="2" m="31023" /><F28/><W121/><G0/><T67/><D67/><U56/><E56/><V47/><F9/><W119/><G119/><T83/><D117/><U8/><REACH who="1" step="1"/><E57/><REACH who="1" ten="117,339,382,152" step="2"/><V108/><F108/><W24/><G121/><T21/><D126/><N who="3" m="48745" /><G24/><T78/><D78/><U62/><E62/><V27/><F15/><W22/><G22/><T76/><D21/><U96/><E96/><V33/><F33/><W18/><G18/><T88/><D76/><U105/><E105/><V132/><F132/><W106/><G106/><T118/><D118/><U64/><E64/><V111/><F111/><W29/><G29/><T51/><D51/><U113/><E113/><AGARI ba="0,1" hai="19,23,27,38,41,47,61,66,69,112,113" m="31023" machi="113" ten="30,5800,0" yaku="24,1,52,2" doraHai="110" who="2" fromWho="1" sc="117,0,339,-58,382,68,152,0" /><AGARI ba="0,0" hai="74,75,113,114,115" m="48745,20983,63551" machi="113" ten="30,12000,2" yaku="15,1,11,1,18,1,23,1,52,3" doraHai="110" who="3" fromWho="1" sc="117,0,281,-120,450,0,152,120" /><INIT seed="6,1,0,0,4,50" ten="117,161,450,272" oya="2" hai0="55,86,8,87,37,115,54,22,19,31,48,41,133" hai1="105,58,18,123,135,83,126,120,77,32,129,33,76" hai2="71,42,9,7,62,99,15,114,51,89,64,91,46" hai3="38,13,40,109,82,74,119,111,39,96,57,132,72"/><V2/><F114/><W56/><G119/><T43/><D31/><U104/><E18/><V35/><F35/><N who="1" m="13385" /><E126/><V70/><F70/><W69/><G132/><T106/><D106/><N who="1" m="41067" /><E135/><V47/><F99/><W53/><G69/><T59/><D133/><U66/><E83/><V29/><F29/><W79/><G74/><T81/><D115/><U95/><E95/><V118/><F118/><W85/><G56/><N who="0" m="32839" /><D37/><U94/><E94/><V90/><F91/><W49/><G96/><T113/><D113/><U26/><E26/><V121/><F121/><N who="1" m="46665" /><E58/><V21/><F47/><W45/><G39/><T1/><D1/><U14/><E14/><V88/><F90/><W125/><G125/><T124/><D124/><U63/><E63/><V68/><F68/><W16/><REACH who="3" step="1"/><G85/><REACH who="3" ten="117,161,450,262" step="2"/><N who="0" m="32267" /><D81/><U4/><E129/><V78/><F71/><W108/><G108/><T0/><D0/><U30/><E30/><V102/><F2/><W5/><G5/><T44/><D44/><U75/><E4/><V98/><F7/><W128/><G128/><T92/><D92/><U24/><E75/><V134/><F46/><W103/><G103/><T52/><D59/><U73/><E73/><V122/><F102/><W65/><G65/><T20/><D8/><AGARI ba="1,1" hai="8,13,16,38,40,45,49,53,57,72,79,82,109,111" machi="8" ten="30,7700,0" yaku="1,1,7,1,52,1,54,1,53,0" doraHai="50" doraHaiUra="93" who="3" fromWho="0" sc="117,-80,161,0,450,0,262,90" /><INIT seed="7,0,0,2,2,107" ten="37,161,450,352" oya="3" hai0="10,12,111,25,56,87,50,82,46,30,115,84,24" hai1="73,65,15,93,62,13,14,98,121,134,130,21,36" hai2="112,116,95,1,86,22,32,3,61,49,108,38,48" hai3="129,131,55,125,43,52,85,70,104,94,18,64,122"/><W101/><G104/><T123/><D111/><U78/><E36/><V47/><F32/><W113/><G101/><T20/><D123/><U81/><E121/><V124/><F116/><W44/><G122/><T17/><D56/><U42/><E42/><V91/><F108/><W100/><G125/><T63/><D115/><U74/><E130/><N who="3" m="49674" /><G113/><T9/><D63/><U89/><E134/><V127/><F112/><W71/><G64/><T109/><D109/><U0/><E0/><V75/><F75/><W29/><G29/><T35/><D87/><U79/><E21/><V16/><F61/><W5/><G5/><T96/><D96/><U40/><E40/><V8/><F38/><N who="3" m="21623" /><G18/><T119/><D119/><U37/><E37/><V57/><F57/><W97/><G85/><T68/><D68/><AGARI ba="0,0" hai="52,55,68,70,71,94,97,100" m="21623,49674" machi="68" ten="30,2900,0" yaku="19,1,54,1" doraHai="107" who="3" fromWho="0" sc="37,-29,161,0,450,0,352,29" /><INIT seed="7,1,0,0,2,71" ten="8,161,450,381" oya="3" hai0="81,18,107,119,124,58,134,64,6,29,12,8,53" hai1="63,129,69,31,39,84,79,75,109,19,38,22,9" hai2="133,70,85,127,15,118,87,121,60,51,24,93,100" hai3="20,42,80,48,89,17,78,123,132,45,4,91,34"/><W43/><G123/><T110/><D119/><U86/><E9/><V62/><F118/><W94/><G132/><T131/><D110/><U65/><E31/><V57/><F133/><W44/><G34/><T10/><D107/><U23/><E79/><V37/><F37/><W68/><G4/><T83/><D124/><U32/><E32/><V92/><F127/><W96/><G68/><T112/><D131/><U54/><E75/><V46/><F70/><W2/><G2/><T106/><D64/><U55/><E65/><N who="2" m="39055" /><F62/><W25/><G89/><T50/><D106/><U104/><E69/><V11/><F24/><W130/><G130/><T66/><D66/><U14/><E63/><V122/><F121/><W5/><G5/><T76/><D112/><U30/><E104/><V114/><F114/><W90/><G90/><T108/><D108/><U33/><E33/><V13/><F122/><W16/><G17/><T7/><D29/><U59/><E30/><V97/><F93/><W27/><G27/><T125/><D125/><U99/><E99/><V35/><F35/><W120/><G120/><T52/><D134/><U26/><E26/><V74/><F74/><W3/><G3/><T77/><D18/><U126/><E126/><V116/><F116/><W47/><REACH who="3" step="1"/><G48/><REACH who="3" ten="8,161,450,371" step="2"/><T111/><D111/><U28/><E109/><V103/><F100/><W73/><AGARI ba="1,1" hai="16,20,25,42,43,44,45,47,73,78,80,91,94,96" machi="73" ten="30,11700,0" yaku="1,1,2,1,0,1,54,1,53,0" doraHai="71" doraHaiUra="135" who="3" fromWho="3" sc="8,-40,161,-40,450,-40,371,130" owari="-32,-53.0,121,-28.0,410,21.0,501,60.0" /></mjloggm>