<mjloggm ver="2.3"><GO type="41" lobby="0"/><UN n0="%E3%82%A6%E3%83%AB%E3%83%88%E3%83%A9%E7%AB%8B%E7%9B%B4" n1="%E3%83%91%E3%83%B3%E8%B2%B7%E3%81%A3%E3%81%A6%E6%9D%A5%E3%81%84" n2="%69%6E%66%6C%61%74%6F%6E" n3="%E3%81%95%E3%82%93%E3%81%AD%E3%81%84" dan="16,13,14,13" rate="2013.75,1858.53,1934.18,2086.72" sx="M,M,M,F"/><TAIKYOKU oya="0"/><INIT seed="0,0,0,2,0,34" ten="250,250,250,250" oya="0" hai0="19,112,1,134,53,115,68,111,102,59,50,80,133" hai1="105,52,17,122,77,94,42,31,51,84,127,126,63" hai2="130,82,26,0,20,90,29,32,116,27,89,28,49" hai3="69,123,2,129,23,21,132,7,125,87,95,75,92"/><T70/><D102/><U73/><E105/><V9/><F116/><W109/><G69/><N who="0" m="26731" /><D80/><U13/><E73/><V47/><F130/><W48/><G75/><T103/><D103/><U4/><E122/><V74/><F74/><W46/><G129/><T71/><D19/><U44/><E31/><V22/><F32/><W96/><G123/><T60/><D1/><U64/><E42/><V93/><F93/><W30/><G109/><T101/><D101/><U6/><E77/><V119/><F82/><W5/><G125/><N who="1" m="47626" /><E84/><V33/><F33/><W11/><G132/><N who="0" m="50795" /><D111/><U10/><E94/><V135/><F135/><W65/><G5/><T66/><AGARI ba="0,0" hai="50,53,59,60,66,71,112,115" m="50795,26731" machi="66" ten="40,7800,0" yaku="20,1,34,2" doraHai="34" who="0" fromWho="0" sc="250,78,250,-26,250,-26,250,-26" /><INIT seed="0,1,0,3,1,95" ten="328,224,224,224" oya="0" hai0="114,4,14,92,62,131,34,30,135,52,115,76,101" hai1="107,29,130,60,5,1,12,77,53,122,96,23,128" hai2="59,105,80,91,47,85,3,10,73,67,21,2,26" hai3="36,86,39,113,37,103,90,48,13,50,0,38,112"/><T104/><D104/><U66/><E122/><V22/><F105/><W65/><G0/><T55/><D131/><N who="1" m="50219" /><E77/><V125/><F125/><W45/><G65/><T46/><D135/><U81/><E81/><V24/><F73/><W15/><N who="3" m="9728" /><DORA hai="54" /><W25/><G25/><T71/><D76/><U97/><E107/><V16/><F47/><W44/><G103/><T83/><D83/><U32/><E53/><V117/><F10/><W41/><G45/><T129/><D129/><U79/><E79/><V106/><F106/><W20/><G50/><T8/><D55/><U72/><E72/><V116/><F117/><W35/><G35/><T94/><D94/><U27/><E1/><V89/><F91/><W126/><G126/><T57/><D46/><U123/><E123/><V31/><REACH who="2" step="1"/><F116/><REACH who="2" ten="328,224,214,224" step="2"/><W118/><G118/><T78/><D78/><U11/><E32/><V68/><F68/><AGARI ba="1,1" hai="5,11,12,23,27,29,60,66,68,96,97" m="50219" machi="68" ten="30,3900,0" yaku="19,1,52,2" doraHai="95,54" who="1" fromWho="2" sc="328,0,224,52,214,-42,224,0" /><INIT seed="1,0,0,3,3,1" ten="328,276,172,224" oya="1" hai0="6,41,72,109,113,85,62,83,51,25,32,17,27" hai1="44,107,121,79,81,54,127,84,129,48,112,114,134" hai2="4,31,74,96,15,94,119,75,99,97,108,68,53" hai3="7,13,73,36,12,93,133,124,8,11,47,26,118"/><U38/><E121/><V22/><F68/><W45/><G118/><T87/><D113/><U88/><E107/><V103/><F119/><W130/><G73/><T71/><D72/><U16/><E129/><V40/><F108/><W19/><G130/><T90/><D109/><U104/><E104/><V77/><F40/><W80/><G133/><T105/><D105/><U106/><E106/><V43/><F43/><W116/><G116/><T55/><D41/><U34/><E34/><V69/><F69/><W115/><G115/><T9/><D32/><U20/><E38/><V14/><F75/><W135/><G135/><T58/><D17/><U126/><E79/><V30/><F15/><W111/><G111/><T10/><D10/><U101/><E101/><V37/><F37/><W59/><G124/><N who="1" m="47658" /><E134/><V39/><F39/><W76/><G26/><AGARI ba="0,0" hai="16,20,26,44,48,54,81,84,88,112,114" m="47658" machi="26" ten="30,5800,0" yaku="18,1,54,2" doraHai="1" who="1" fromWho="3" sc="328,0,276,58,172,0,224,-58" /><INIT seed="1,1,0,4,3,108" ten="328,334,172,166" oya="1" hai0="43,46,56,88,30,1,79,78,75,135,87,76,37" hai1="74,20,102,119,83,6,8,81,25,45,114,127,117" hai2="101,85,58,44,9,10,49,105,80,124,11,95,31" hai3="59,32,42,72,5,103,111,128,122,98,61,107,27"/><U70/><E70/><V71/><F71/><W109/><G122/><T55/><D135/><U22/><E127/><V60/><F105/><W67/><G72/><T54/><D1/><U84/><E74/><V90/><F124/><W66/><G128/><T47/><D75/><U21/><E114/><V38/><F38/><W13/><G42/><T123/><D123/><U97/><E25/><V113/><F31/><N who="3" m="19583" /><G13/><T50/><D30/><U120/><E45/><V51/><F113/><W93/><G5/><T24/><D24/><U28/><E28/><V62/><F62/><W52/><G93/><T29/><D29/><U34/><E34/><V106/><F106/><W126/><G126/><T39/><D39/><U65/><E65/><V2/><F2/><W41/><G41/><T100/><D100/><U130/><E120/><V134/><F134/><W17/><G17/><T64/><D64/><U110/><E130/><V4/><F4/><W99/><G99/><T121/><D121/><U36/><E36/><V92/><F101/><W68/><G67/><T94/><REACH who="0" step="1"/><D78/><REACH who="0" ten="318,334,172,166" step="2"/><U132/><E132/><V77/><F77/><W118/><G118/><T26/><D26/><U33/><E119/><V19/><F44/><W91/><G91/><T82/><D82/><U96/><E33/><V7/><F7/><W23/><G23/><T133/><D133/><U125/><E117/><V57/><F19/><W104/><G104/><T63/><AGARI ba="1,1" hai="37,43,46,47,50,54,55,56,63,76,79,87,88,94" machi="63" ten="20,5200,0" yaku="1,1,0,1,7,1,54,1,53,0" doraHai="108" doraHaiUra="15" who="0" fromWho="0" sc="318,65,334,-27,172,-14,166,-14" /><INIT seed="2,0,0,3,0,73" ten="383,307,158,152" oya="2" hai0="19,74,48,22,87,102,20,53,8,121,126,76,71" hai1="120,111,92,66,58,4,34,18,132,35,27,114,50" hai2="115,93,81,127,25,6,3,70,39,14,107,128,64" hai3="7,80,61,95,30,37,52,79,133,97,45,36,54"/><V13/><F115/><W32/><G7/><T0/><D71/><U123/><E114/><V116/><F116/><W124/><G124/><T17/><D121/><U106/><E106/><V63/><F39/><W118/><G118/><T67/><D67/><U84/><E111/><V105/><F127/><W49/><G133/><T15/><D74/><U131/><E132/><V38/><F38/><W83/><G80/><T113/><D113/><U110/><E110/><V10/><F128/><W68/><G30/><T23/><D102/><U2/><E131/><V94/><F81/><W5/><G5/><T11/><D126/><U1/><E120/><V44/><F44/><W130/><G130/><T117/><D117/><U99/><E1/><V96/><F94/><W57/><G32/><T103/><D103/><U40/><E2/><V112/><F112/><W100/><REACH who="3" step="1"/><G68/><REACH who="3" ten="383,307,158,142" step="2"/><T42/><D0/><U85/><E34/><V104/><REACH who="2" step="1"/><F25/><REACH who="2" ten="383,307,148,142" step="2"/><W86/><AGARI ba="0,2" hai="36,37,45,49,52,54,57,61,79,83,86,95,97,100" machi="86" ten="20,12000,2" yaku="1,1,2,1,0,1,7,1,52,1,54,1,53,0" doraHai="73" doraHaiUra="135" who="3" fromWho="3" sc="383,-30,307,-30,148,-60,142,140" /><INIT seed="3,0,0,3,0,117" ten="353,277,88,282" oya="3" hai0="41,111,0,27,19,54,12,26,88,39,99,129,14" hai1="104,70,98,135,72,33,17,116,15,69,35,133,108" hai2="81,132,29,93,24,20,91,8,131,28,114,95,64" hai3="105,118,109,127,4,66,9,101,115,7,31,3,79"/><W32/><G118/><T57/><D0/><U40/><E72/><V43/><F114/><W11/><G115/><T71/><D71/><U73/><E73/><V49/><F131/><W50/><G79/><T130/><D111/><U78/><E108/><V113/><F113/><W44/><G109/><T21/><D41/><U63/><E78/><V96/><F132/><N who="1" m="50761" /><E40/><V82/><F64/><W45/><G66/><T56/><D39/><U107/><E116/><V119/><F119/><W53/><G127/><T90/><D99/><U55/><E55/><V58/><F29/><W38/><G38/><T25/><D54/><U59/><E59/><V1/><F1/><W76/><G76/><T102/><D102/><N who="1" m="62551" /><E107/><V46/><F8/><W110/><G11/><T83/><D83/><U52/><E52/><V120/><F120/><W5/><G110/><T74/><D74/><U68/><E63/><V18/><F28/><W61/><G61/><T37/><D37/><U123/><E123/><V62/><F93/><W124/><G124/><T112/><D112/><U16/><E17/><V6/><F6/><W103/><G105/><T84/><D84/><U128/><E128/><V23/><F23/><AGARI ba="0,0" hai="15,16,23,33,35,68,69,70" m="62551,50761" machi="23" ten="40,2600,0" yaku="20,1,54,1" doraHai="117" who="1" fromWho="2" sc="353,0,277,26,88,-26,282,0" /><INIT seed="4,0,0,5,0,98" ten="353,303,62,282" oya="0" hai0="41,91,2,79,44,72,49,102,96,3,130,134,77" hai1="39,32,94,75,65,62,68,83,61,84,71,66,105" hai2="81,73,85,122,24,54,42,17,74,88,60,28,13" hai3="86,119,15,29,11,70,115,30,129,56,116,108,78"/><T0/><D130/><U34/><E39/><V92/><F122/><W113/><G70/><T104/><D72/><U55/><E105/><V18/><F42/><W112/><G56/><T63/><D134/><U27/><E27/><V58/><F74/><W26/><G78/><T45/><D91/><U128/><E128/><V135/><F73/><W23/><G86/><T90/><D90/><U20/><E20/><V76/><F135/><W109/><G129/><T93/><D104/><U19/><E19/><V51/><F13/><W131/><G131/><T16/><D63/><U9/><E9/><V35/><REACH who="2" step="1"/><F60/><REACH who="2" ten="353,303,52,282" step="2"/><W37/><G37/><T67/><D3/><U8/><E75/><V6/><F6/><N who="3" m="3575" /><G30/><T12/><D2/><U69/><E68/><V22/><F22/><W101/><G101/><T36/><D0/><U14/><E62/><V127/><F127/><W50/><G50/><T7/><D7/><U80/><E71/><V10/><F10/><W126/><G126/><T103/><D103/><U57/><E69/><V31/><F31/><W43/><G43/><T124/><D124/><U120/><E120/><V97/><AGARI ba="0,1" hai="17,18,24,28,35,51,54,58,76,81,85,88,92,97" machi="97" ten="20,8000,1" yaku="1,1,0,1,7,1,54,1,53,1" doraHai="98" doraHaiUra="82" who="2" fromWho="2" sc="353,-40,303,-20,52,90,282,-20" /><INIT seed="5,0,0,1,0,18" ten="313,283,142,262" oya="1" hai0="73,59,29,101,132,113,3,49,103,11,120,79,83" hai1="100,134,107,74,10,12,8,106,22,0,89,1,55" hai2="57,94,127,93,58,47,129,14,7,75,38,20,82" hai3="130,5,104,28,112,36,53,111,13,135,48,84,67"/><U26/><E134/><V16/><F7/><W96/><G135/><T90/><D132/><U64/><E74/><V61/><F127/><W77/><G36/><T122/><D113/><U97/><E107/><V2/><F2/><W52/><G130/><T123/><D90/><U133/><E133/><V19/><F129/><W95/><G112/><T43/><D29/><U115/><E115/><V15/><F75/><W27/><G104/><T121/><N who="0" m="31232" /><DORA hai="65" /><T37/><D59/><U110/><E110/><V108/><F82/><W109/><G67/><T68/><D49/><U41/><E41/><V31/><F31/><W21/><G111/><T80/><D80/><U6/><E8/><V50/><F58/><W45/><G109/><T81/><D81/><U69/><E55/><V33/><F33/><W9/><G84/><T114/><D114/><U87/><E69/><V131/><F38/><W99/><G77/><T88/><D88/><U60/><E60/><V116/><F116/><W30/><G30/><T46/><D68/><U35/><E64/><N who="2" m="38959" /><F131/><W4/><G4/><AGARI ba="0,0" hai="3,4,11,37,43,46,73,79,83,101,103" m="31232" machi="4" ten="70,8000,1" yaku="25,2,13,1" doraHai="18,65" who="0" fromWho="3" sc="313,80,283,0,142,0,262,-80" /><INIT seed="6,0,0,2,5,112" ten="393,283,142,182" oya="2" hai0="107,79,104,130,95,94,7,86,37,80,91,73,18" hai1="17,50,59,52,5,103,113,64,97,75,32,90,124" hai2="44,68,127,119,66,128,102,25,51,10,109,106,108" hai3="61,60,6,22,14,101,129,89,77,42,47,82,39"/><V53/><F106/><W98/><G89/><T58/><D37/><U117/><E75/><V57/><F102/><W71/><G129/><T96/><D7/><U118/><E32/><V40/><F25/><W93/><G71/><T28/><D28/><U88/><E113/><V114/><F114/><W116/><G116/><T29/><D29/><U2/><E124/><V15/><F127/><W78/><G78/><T31/><D31/><U126/><E126/><V16/><F128/><W105/><G105/><N who="0" m="40523" /><D18/><U34/><E34/><V46/><F46/><W72/><G22/><T26/><D26/><U21/><E64/><V63/><REACH who="2" step="1"/><F119/><REACH who="2" ten="393,283,132,182" step="2"/><W35/><G35/><T23/><D130/><U38/><E103/><V45/><F45/><W13/><G13/><T36/><D36/><AGARI ba="0,1" hai="10,15,16,36,40,44,51,53,57,63,66,68,108,109" machi="36" ten="40,12000,1" yaku="1,1,24,2,54,1,53,0" doraHai="112" doraHaiUra="125" who="2" fromWho="0" sc="393,-120,283,0,132,130,182,0" /><INIT seed="6,1,0,2,0,19" ten="273,283,262,182" oya="2" hai0="88,115,104,53,106,107,60,124,47,116,64,59,101" hai1="31,92,96,1,100,40,119,27,79,26,22,33,9" hai2="62,117,38,121,94,83,105,113,57,74,39,99,50" hai3="54,112,17,77,122,13,28,87,11,135,108,130,75"/><V129/><F117/><W114/><G122/><T82/><D124/><U24/><E119/><V20/><F121/><W36/><G36/><T32/><D32/><U56/><E79/><V111/><F105/><W110/><G75/><T78/><D116/><U51/><E33/><V134/><F134/><W44/><G135/><T91/><D115/><N who="3" m="44073" /><G130/><T14/><D101/><U16/><E1/><V45/><F113/><W133/><G133/><T48/><REACH who="0" step="1"/><D14/><REACH who="0" ten="263,283,262,182" step="2"/><N who="1" m="7247" /><E56/><V72/><F129/><W98/><G110/><T93/><D93/><U123/><E123/><V18/><F111/><W0/><G108/><T73/><AGARI ba="1,1" hai="47,48,53,59,60,64,73,78,82,88,91,104,106,107" machi="73" ten="30,4000,0" yaku="1,1,0,1,54,1,53,0" doraHai="19" doraHaiUra="90" who="0" fromWho="0" sc="263,53,283,-11,262,-21,182,-11" /><INIT seed="7,0,0,1,3,93" ten="316,272,241,171" oya="3" hai0="126,102,95,13,20,127,66,55,45,43,78,4,103" hai1="116,53,123,58,129,44,77,120,115,130,88,38,60" hai2="107,1,134,14,81,86,104,84,125,25,79,22,32" hai3="23,7,5,92,119,21,12,61,30,41,113,74,110"/><W97/><G119/><T72/><D66/><U59/><E77/><V124/><F1/><W76/><G113/><T6/><D55/><N who="1" m="33887" /><E88/><N who="2" m="51215" /><F32/><W64/><G110/><T96/><D78/><U135/><E115/><V46/><F25/><W36/><G36/><N who="0" m="21735" /><D72/><U117/><E135/><V40/><F46/><W112/><G112/><T73/><D73/><U70/><E70/><V62/><F62/><W105/><G105/><N who="2" m="40521" /><F40/><W10/><G41/><T101/><D6/><U63/><E44/><V26/><F26/><W91/><G5/><T27/><D13/><U52/><E53/><V85/><F14/><W131/><G131/><N who="1" m="50186" /><E38/><V48/><F48/><W71/><REACH who="3" step="1"/><G30/><REACH who="3" ten="316,272,241,161" step="2"/><N who="0" m="17767" /><D4/><U87/><E87/><N who="2" m="33291" /><F22/><W122/><G122/><AGARI ba="0,1" hai="52,59,63,116,117,120,122,123" m="50186,33887" machi="122" ten="30,7700,0" yaku="19,1,34,2,54,1" doraHai="93" who="1" fromWho="3" sc="316,0,272,87,241,0,161,-77" owari="316,12.0,359,46.0,241,-16.0,84,-42.0" /></mjloggm>