<mjloggm ver="2.3"><GO type="41"/><UN n0="%74%6F%74%74%69" n1="%54%48%41%4E%41%54%4F%53" n2="%E5%86%99%E8%BC%AA%E7%9C%BC" n3="%EF%BC%88%E2%89%A7%E2%96%BD%E2%89%A6%EF%BC%89" dan="13,13,13,14" rate="1860,1800,1823,2040" sx="M,M,M,M"/><TAIKYOKU oya="0"/><INIT seed="0,0,0,2,5,32" ten="250,250,250,250" oya="0" hai0="35,81,118,48,103,79,130,106,64,131,65,20,73" hai1="19,45,67,71,55,16,24,117,122,99,113,2,126" hai2="112,33,6,58,108,31,3,124,119,37,75,110,62" hai3="87,129,133,98,26,134,8,68,17,12,66,114,9"/><T11/><D20/><U18/><E117/><V43/><F112/><W42/><G114/><T27/><D118/><U1/><E113/><V36/><F119/><W82/><G129/><N who="0" m="49163" /><D48/><U86/><E122/><V25/><F124/><W111/><G111/><N who="2" m="42537" /><F43/><W120/><G120/><T132/><D11/><U53/><E126/><V52/><F75/><W104/><G42/><T91/><D91/><U39/><E39/><N who="2" m="14923" /><F6/><W46/><G46/><T80/><D81/><U127/><E45/><V116/><F116/><W76/><G8/><T84/><D84/><U21/><E86/><V83/><F83/><W102/><REACH who="3" step="1"/><G26/><REACH who="3" step="2"/><T15/><D132/><U22/><E127/><V60/><F62/><AGARI ba="0,1" hai="9,12,17,62,66,68,76,82,87,98,102,104,133,134" machi="62" ten="40,5200,0" yaku="1,1,2,1,53,1" doraHai="32" doraHaiUra="94" who="3" fromWho="2" sc="250,0,250,0,250,-52,240,62" /><INIT seed="1,0,0,3,3,39" ten="250,250,198,302" oya="1" hai0="49,126,4,74,83,104,122,18,53,8,31,26,95" hai1="16,28,68,13,76,24,72,73,55,32,66,45,48" hai2="15,98,109,105,131,111,99,91,63,86,61,130,3" hai3="84,116,117,35,41,19,51,43,118,77,7,125,75"/><U30/><E30/><V78/><F3/><W54/><G125/><T20/><D104/><U71/><E71/><V110/><F15/><W114/><G114/><T113/><D95/><U87/><E68/><V10/><F10/><W85/><G35/><T62/><D113/><U96/><E66/><V82/><F63/><W67/><G67/><T17/><D62/><U25/><E25/><V81/><F105/><W50/><G7/><T69/><D69/><U70/><E70/><V103/><F61/><W132/><G132/><T127/><D122/><U52/><E55/><V12/><F12/><W88/><G19/><T42/><D42/><N who="3" m="15881" /><G88/><T97/><D97/><N who="2" m="36874" /><F103/><W100/><G100/><T29/><D17/><U129/><E129/><N who="2" m="49163" /><F78/><W102/><G102/><T38/><D127/><U128/><E128/><V60/><F60/><W34/><G34/><T112/><D112/><U64/><E96/><V92/><AGARI ba="0,0" hai="81,82,86,91,92,109,110,111" m="49163,36874" machi="92" ten="40,8000,1" yaku="14,1,19,1,34,2" doraHai="39" who="2" fromWho="2" sc="250,-20,250,-40,198,80,302,-20" /><INIT seed="2,0,0,0,5,61" ten="230,210,278,282" oya="2" hai0="35,132,105,70,104,73,50,91,48,27,57,22,122" hai1="46,92,7,59,80,120,88,17,12,16,76,108,107" hai2="126,111,10,123,65,85,6,130,135,38,100,69,116" hai3="9,28,18,52,15,64,118,66,19,67,115,8,37"/><V51/><F123/><W78/><G118/><T40/><D73/><U49/><E107/><V94/><F116/><W43/><G115/><T83/><D70/><U34/><E34/><V23/><F38/><W5/><G78/><T1/><D35/><U117/><E117/><V74/><F74/><W109/><G109/><T103/><D1/><U39/><E39/><V114/><F114/><W26/><G52/><T98/><D105/><U133/><E133/><V4/><F135/><W102/><G102/><T20/><D20/><U29/><E29/><V2/><F111/><W24/><G28/><T21/><D21/><U33/><E33/><V89/><F130/><W90/><G90/><T106/><D104/><U119/><E119/><V62/><F126/><W54/><G54/><T93/><D83/><U72/><E59/><V53/><F100/><W110/><G110/><T131/><D40/><U30/><E30/><V87/><F23/><W97/><G97/><T99/><D131/><U13/><E120/><V71/><F6/><W31/><G31/><T134/><D122/><U36/><E36/><V75/><F75/><W14/><G5/><T60/><D134/><U63/><E63/><V11/><F11/><W101/><G101/><T113/><D113/><U55/><E108/><V56/><F85/><W25/><G24/><T127/><D132/><U68/><E68/><AGARI ba="0,0" hai="2,4,10,51,53,56,62,65,68,69,71,87,89,94" machi="68" ten="30,2900,0" yaku="7,1,52,1" doraHai="61" who="2" fromWho="1" sc="230,0,210,-29,278,29,282,0" /><INIT seed="2,1,0,4,2,63" ten="230,181,307,282" oya="2" hai0="41,37,133,79,70,126,57,22,34,135,132,113,23" hai1="9,89,125,17,115,90,110,99,40,69,21,108,75" hai2="114,30,6,87,73,16,102,32,44,8,85,35,15" hai3="127,33,7,1,103,68,55,28,96,11,116,3,100"/><V20/><F73/><W24/><G116/><T52/><D34/><U60/><E75/><V54/><F114/><W80/><G127/><T61/><D79/><U84/><E115/><V76/><F102/><W18/><G1/><T26/><D113/><U109/><E125/><V64/><F76/><W65/><G80/><T67/><D26/><U128/><E128/><V39/><F39/><W118/><G118/><T111/><D126/><U107/><E40/><V5/><F64/><W131/><G131/><T42/><D111/><U106/><E9/><V88/><F54/><W129/><G129/><T92/><D92/><U49/><E49/><V45/><F32/><W124/><G124/><T117/><D117/><U38/><E38/><V98/><F98/><W27/><G55/><T59/><D23/><U93/><E90/><V14/><F35/><W36/><G36/><T78/><D78/><U104/><E99/><V121/><F30/><W74/><G74/><T13/><D37/><U48/><E48/><V0/><F121/><W66/><G68/><T95/><D95/><U19/><E21/><V82/><REACH who="2" step="1"/><F85/><REACH who="2" step="2"/><W43/><G103/><T72/><D72/><U86/><E86/><V105/><F105/><W4/><G100/><T94/><D70/><U47/><REACH who="1" step="1"/><E47/><REACH who="1" step="2"/><V97/><F97/><W120/><G96/><T112/><D112/><U81/><E81/><V10/><AGARI ba="1,2" hai="0,5,6,8,10,14,15,16,20,44,45,82,87,88" machi="10" ten="30,11700,0" yaku="1,1,0,1,54,2,53,0" doraHai="63" doraHaiUra="31" who="2" fromWho="2" sc="230,-40,171,-40,297,140,282,-40" /><INIT seed="2,2,0,0,4,121" ten="190,131,437,242" oya="2" hai0="91,7,92,114,81,90,57,63,54,32,89,42,3" hai1="66,29,67,10,55,95,127,132,13,44,86,48,2" hai2="110,22,20,129,130,23,51,5,111,45,30,59,53" hai3="85,101,100,122,1,84,133,77,70,88,12,8,18"/><V33/><F5/><W73/><G122/><T40/><D32/><U43/><E2/><V31/><F33/><W108/><G133/><T126/><D3/><U58/><E29/><N who="2" m="10763" /><F45/><W27/><G70/><T37/><D7/><U96/><E132/><V11/><F11/><W78/><G1/><T21/><D37/><U49/><E86/><V80/><F80/><N who="3" m="47119" /><G73/><T79/><D92/><U128/><E128/><AGARI ba="2,0" hai="20,22,23,51,53,59,110,111,128,129,130" m="10763" machi="128" ten="40,7700,0" yaku="19,1,52,2" doraHai="121" who="2" fromWho="1" sc="190,0,131,-83,437,83,242,0" /><INIT seed="2,3,0,3,2,81" ten="190,48,520,242" oya="2" hai0="76,1,70,67,106,122,8,37,66,98,61,87,130" hai1="63,58,91,108,16,115,57,75,53,50,123,117,51" hai2="101,7,92,36,38,30,24,116,128,88,5,113,129" hai3="31,33,9,131,126,93,77,42,55,78,100,73,94"/><V44/><F116/><W119/><G31/><T72/><D87/><U14/><E75/><V23/><F113/><W118/><G9/><T43/><D122/><U35/><E35/><V79/><F79/><W133/><G55/><T135/><D67/><U4/><E117/><V12/><F101/><W49/><G49/><T52/><D52/><U121/><E115/><V41/><F38/><W95/><G42/><T47/><D135/><U11/><E108/><V56/><F56/><W134/><G33/><T19/><D19/><U114/><E114/><V83/><F83/><W110/><G94/><T20/><D20/><U80/><E123/><V2/><F2/><W97/><G97/><T13/><D13/><U48/><E121/><V111/><F111/><W45/><G45/><T107/><D98/><U124/><E124/><V109/><F109/><W82/><G110/><T62/><D61/><U85/><REACH who="1" step="1"/><E4/><REACH who="1" step="2"/><V102/><F7/><W15/><G73/><T54/><D130/><N who="2" m="50282" /><F5/><W64/><G131/><T90/><D72/><U60/><E60/><V84/><F102/><W26/><G100/><T104/><D62/><U10/><E10/><V40/><F40/><W17/><G126/><T0/><D8/><U28/><E28/><V27/><F27/><W29/><G26/><T3/><D43/><U96/><E96/><V68/><F12/><W105/><G15/><T120/><D120/><U127/><E127/><V65/><F65/><AGARI ba="3,1" hai="11,14,16,48,50,51,53,57,58,63,65,80,85,91" machi="65" ten="30,8000,1" yaku="1,1,7,1,8,1,52,1,54,1,53,0" doraHai="81" doraHaiUra="32" who="1" fromWho="2" sc="190,0,38,99,520,-89,242,0" /><INIT seed="3,0,0,0,1,76" ten="190,137,431,242" oya="3" hai0="110,18,102,23,74,36,95,118,83,29,27,115,69" hai1="87,61,107,109,55,117,9,134,20,42,35,63,53" hai2="57,7,37,130,30,66,1,68,58,105,41,111,77" hai3="85,54,90,113,126,43,93,49,129,32,16,135,71"/><W72/><G113/><T56/><D69/><U46/><E35/><V122/><F105/><W88/><G72/><T0/><D36/><U121/><E107/><V25/><F122/><W92/><G71/><T78/><D118/><U13/><E121/><V60/><F130/><W12/><G32/><T22/><D0/><U97/><E117/><V81/><F111/><W65/><G135/><T106/><D106/><U79/><E134/><V24/><F57/><W8/><G129/><T5/><D5/><U50/><E109/><V6/><F68/><W10/><G126/><T11/><D115/><U15/><E97/><V45/><F30/><W125/><G125/><T98/><D56/><U124/><E124/><V108/><F108/><W99/><G65/><T73/><D11/><U62/><E20/><V123/><F123/><W80/><G43/><T127/><D110/><U40/><E15/><V94/><F94/><N who="3" m="56775" /><G8/><T28/><D127/><U64/><E64/><V75/><F7/><W39/><G39/><T31/><REACH who="0" step="1"/><D23/><REACH who="0" step="2"/><U52/><E9/><AGARI ba="0,1" hai="1,6,9,24,25,37,41,45,58,60,66,75,77,81" machi="9" ten="40,5200,0" yaku="25,2,52,1" doraHai="76" who="2" fromWho="1" sc="180,0,137,-52,431,62,242,0" /><INIT seed="4,0,0,4,0,72" ten="180,85,493,242" oya="0" hai0="22,129,3,128,43,4,28,63,120,106,85,68,78" hai1="31,6,104,52,131,125,122,10,16,73,12,91,32" hai2="124,15,95,9,17,20,100,24,117,67,25,19,65" hai3="130,21,33,54,114,35,55,26,127,45,56,113,92"/><T1/><D106/><U79/><E122/><V66/><F124/><W99/><G127/><T2/><D43/><U41/><E125/><V61/><F117/><W64/><G130/><N who="0" m="50283" /><D120/><U75/><E131/><V74/><F74/><W62/><G45/><T108/><D108/><U51/><E41/><V93/><F61/><W126/><G126/><T57/><D68/><U8/><E104/><V60/><F60/><W82/><G82/><N who="0" m="47319" /><D22/><U44/><E31/><V89/><F100/><N who="3" m="60519" /><G33/><T48/><D48/><U53/><E32/><V123/><F123/><W38/><G38/><T49/><D28/><U14/><E53/><N who="3" m="19978" /><G35/><T90/><D49/><U27/><E27/><V76/><F76/><W94/><G94/><N who="2" m="35849" /><F89/><W0/><G0/><T133/><D90/><U40/><E40/><V134/><F134/><W23/><G26/><AGARI ba="0,0" hai="9,15,17,19,20,24,25,26,65,66,67" m="35849" machi="26" ten="30,1000,0" yaku="8,1" doraHai="72" who="2" fromWho="3" sc="180,0,85,0,493,10,242,-10" /><INIT seed="5,0,0,2,2,79" ten="180,85,503,232" oya="1" hai0="17,103,66,105,126,100,29,69,91,47,84,15,25" hai1="16,119,45,87,58,14,60,74,95,82,53,50,28" hai2="4,18,35,31,109,24,116,75,65,39,42,110,52" hai3="127,135,44,10,30,76,80,73,63,0,124,78,20"/><U61/><E74/><V59/><F116/><W117/><G117/><T97/><D103/><U32/><E119/><V131/><F75/><W112/><G135/><T49/><D66/><U48/><E32/><V121/><F121/><W2/><G112/><T108/><D69/><U7/><E7/><V3/><F131/><W123/><G123/><T98/><D97/><U57/><E95/><V34/><F65/><W62/><G76/><T9/><D108/><U72/><E28/><V54/><F42/><W26/><G44/><T118/><D126/><N who="3" m="48169" /><G10/><T111/><D118/><U113/><E113/><V128/><F39/><W36/><G36/><T86/><D91/><U120/><E72/><V46/><F46/><W6/><G6/><T102/><D100/><U99/><E99/><V132/><F132/><W43/><G43/><T33/><REACH who="0" step="1"/><D111/><REACH who="0" step="2"/><U40/><E120/><V85/><F110/><W104/><G104/><T8/><D8/><N who="1" m="6215" /><E58/><V23/><F109/><W71/><G71/><T19/><D19/><U22/><E22/><V89/><F23/><W21/><G20/><T90/><D90/><AGARI ba="0,1" hai="40,45,48,50,53,57,60,61,82,87,90" m="6215" machi="90" ten="30,5800,0" yaku="8,1,52,1,54,1" doraHai="79" who="1" fromWho="0" sc="170,-58,85,68,503,0,232,0" /><INIT seed="5,1,0,2,1,125" ten="112,153,503,232" oya="1" hai0="72,0,23,68,65,76,46,123,90,18,73,110,53" hai1="15,84,86,32,24,41,57,77,45,27,14,98,134" hai2="69,70,52,8,54,104,116,109,108,88,89,94,120" hai3="26,85,100,7,29,112,96,33,124,61,127,60,131"/><U62/><E134/><V103/><F120/><W78/><G131/><T2/><D110/><U117/><E117/><V95/><F116/><W13/><G112/><T59/><D76/><U129/><E129/><V81/><F81/><N who="3" m="47287" /><G13/><T111/><D111/><U113/><E113/><V25/><F103/><W11/><G11/><T43/><D73/><U82/><E98/><V21/><F8/><W92/><G7/><T119/><D119/><U22/><E32/><V91/><F104/><W56/><G56/><T75/><D72/><U58/><E58/><V10/><F10/><W30/><G30/><T80/><D75/><U97/><E97/><V50/><F109/><W42/><G42/><T28/><D28/><U40/><E86/><V93/><F108/><W66/><G66/><T39/><D90/><U126/><E126/><AGARI ba="1,0" hai="26,29,33,60,61,92,96,100,124,126,127" m="47287" machi="126" ten="30,1000,0" yaku="18,1" doraHai="125" who="3" fromWho="1" sc="112,0,153,-13,503,0,232,13" /><INIT seed="6,0,0,5,0,116" ten="112,140,503,245" oya="2" hai0="57,97,72,8,71,44,85,47,91,3,25,103,125" hai1="30,67,127,10,49,24,126,39,90,40,22,38,2" hai2="131,98,41,87,133,46,82,88,80,99,5,35,43" hai3="69,26,86,100,9,56,70,64,121,115,31,33,37"/><V23/><F35/><W15/><G37/><T96/><D71/><U53/><E67/><V95/><F133/><W32/><G32/><T18/><D72/><U14/><E2/><V111/><F111/><W104/><G121/><T36/><D36/><U45/><E127/><V27/><F131/><W128/><G128/><T92/><D3/><U54/><E54/><V42/><F5/><W130/><G130/><T124/><D57/><U118/><E118/><V60/><F60/><N who="3" m="40071" /><G56/><T75/><D18/><U55/><E55/><V102/><F46/><W61/><G86/><T135/><D25/><U78/><E78/><V51/><F51/><W65/><G115/><T79/><D8/><U50/><E126/><N who="0" m="48745" /><D47/><U34/><E34/><V122/><F122/><W110/><G9/><T89/><D44/><U123/><E123/><V105/><REACH who="2" step="1"/><F99/><REACH who="2" step="2"/><N who="3" m="61471" /><G110/><T21/><D135/><U93/><E49/><V17/><AGARI ba="0,1" hai="17,23,27,41,42,43,80,82,87,88,95,98,102,105" machi="17" ten="30,6000,0" yaku="1,1,0,1,54,1,53,0" doraHai="116" doraHaiUra="58" who="2" fromWho="2" sc="112,-20,140,-20,493,70,245,-20" /><INIT seed="6,1,0,3,5,100" ten="92,120,563,225" oya="2" hai0="132,79,94,37,74,9,1,134,47,63,89,33,88" hai1="6,36,15,60,126,5,46,108,14,82,64,90,51" hai2="69,66,102,122,120,129,110,68,113,121,26,84,56" hai3="39,85,50,30,11,91,95,12,81,130,98,58,97"/><V77/><F77/><W40/><G130/><T27/><D63/><U38/><E36/><V49/><F84/><N who="3" m="52711" /><G30/><T3/><D94/><U23/><E38/><V99/><F110/><W92/><G92/><T72/><D9/><U18/><E126/><V125/><F125/><W71/><G71/><T10/><D10/><U43/><E108/><V128/><F26/><W86/><G39/><T42/><D79/><U29/><E29/><V35/><F35/><W19/><G85/><T13/><D13/><U87/><REACH who="1" step="1"/><E14/><REACH who="1" step="2"/><V41/><F113/><W101/><G12/><T76/><D33/><U25/><E25/><V45/><F99/><W78/><G98/><T59/><D27/><U93/><E93/><V44/><F102/><W127/><G97/><T112/><D112/><U114/><E114/><V73/><F73/><W53/><G101/><T70/><D74/><U107/><E107/><V83/><F83/><W104/><G104/><T62/><D72/><U28/><E28/><V115/><F115/><W118/><G127/><T48/><D37/><U135/><E135/><V75/><F75/><W34/><G81/><T17/><D132/><U105/><E105/><V8/><F121/><W21/><G34/><T31/><D31/><U61/><E61/><N who="2" m="38183" /><F120/><W80/><G80/><T124/><D124/><U117/><E117/><V119/><F119/><W55/><G118/><T52/><D134/><U133/><E133/><V131/><F122/><W65/><G86/><T20/><D62/><U54/><E54/><V4/><F45/><W123/><G55/><T22/><D52/><U103/><E103/><RYUUKYOKU ba="1,1" sc="92,-15,110,15,563,15,225,-15" hai1="5,6,15,18,23,43,46,51,60,64,82,87,90" hai2="4,8,41,44,49,68,69,128,129,131" /><INIT seed="6,2,1,3,3,125" ten="77,125,578,210" oya="2" hai0="132,15,111,118,54,98,65,24,69,113,133,71,25" hai1="89,45,43,87,86,74,134,52,56,42,49,36,112" hai2="97,124,123,110,55,85,57,40,79,75,3,26,67" hai3="114,46,62,22,16,4,109,95,63,41,61,119,73"/><V37/><F123/><W116/><G73/><T77/><D77/><U81/><E74/><V72/><F124/><W127/><G109/><T58/><D98/><U83/><E112/><V33/><F110/><W92/><G127/><T23/><D15/><U120/><E120/><V107/><F3/><W108/><G108/><T102/><D111/><U39/><E134/><N who="0" m="51817" /><D102/><U70/><E70/><N who="0" m="26633" /><D23/><U82/><E82/><V44/><F107/><W9/><G114/><T80/><D80/><U32/><E32/><V53/><F97/><W84/><G119/><T19/><D19/><U12/><E12/><V60/><F26/><W100/><G116/><T90/><D90/><U48/><REACH who="1" step="1"/><E42/><REACH who="1" step="2"/><V11/><F33/><W31/><G41/><T126/><D118/><U38/><E38/><V135/><F135/><W28/><G4/><T117/><D126/><U101/><E101/><V115/><F115/><W29/><G100/><T103/><D103/><U35/><E35/><V10/><F75/><W93/><G95/><T96/><D117/><U2/><E2/><V131/><F72/><W99/><G93/><T78/><D113/><U47/><E47/><V17/><F44/><W88/><G46/><T106/><D78/><AGARI ba="2,2" hai="36,39,43,45,48,49,52,56,78,81,83,86,87,89" machi="78" ten="30,3900,0" yaku="1,1,7,1,54,1,53,0" doraHai="125" doraHaiUra="6" who="1" fromWho="0" sc="77,-45,115,65,578,0,210,0" /><INIT seed="7,0,0,5,1,30" ten="32,180,578,210" oya="3" hai0="69,102,59,3,73,56,41,21,135,96,7,36,77" hai1="76,99,8,14,101,54,121,51,37,132,89,81,82" hai2="64,84,23,133,95,5,12,63,34,124,4,28,40" hai3="32,65,6,122,60,70,110,19,118,35,71,66,127"/><W24/><G122/><T46/><D21/><U49/><E37/><V83/><F133/><W2/><G118/><T114/><D135/><U27/><E121/><V131/><F124/><W93/><G127/><T13/><D13/><U18/><E132/><V129/><F40/><W97/><G110/><T9/><D114/><U58/><E27/><N who="2" m="18719" /><F95/><W117/><G117/><T92/><D69/><U25/><E25/><V113/><F113/><W87/><G2/><T128/><REACH who="0" step="1"/><D128/><REACH who="0" step="2"/><N who="2" m="49226" /><F23/><W16/><G71/><T120/><D120/><U130/><E130/><V68/><F12/><W53/><G70/><T67/><D67/><U108/><E108/><V79/><AGARI ba="0,1" hai="4,5,63,64,68,79,83,84" m="49226,18719" machi="79" ten="30,2000,0" yaku="19,1,52,1" doraHai="30" who="2" fromWho="2" sc="22,-5,180,-5,578,30,210,-10" owari="17,-48,175,-22,608,70,200,0" /></mjloggm>