<mjloggm ver="2.3"><GO type="41"/><UN n0="%E3%82%A6%E3%83%AB%E3%83%88%E3%83%A9%E7%AB%8B%E7%9B%B4" n1="%E3%83%95%E3%83%AC%E3%83%B3%E3%83%81%E3%83%96%E3%83%AB" n2="%E3%81%8F%E3%81%BE%E3%81%A3%E3%82%8A%E3%82%89" n3="%4D%61%73%61%79%61%6E%66" dan="15,14,13,15" rate="2019,1930,2012,1948" sx="M,M,M,F"/><TAIKYOKU oya="0"/><INIT seed="0,0,0,3,4,115" ten="250,250,250,250" oya="0" hai0="31,131,2,79,11,4,29,24,37,76,85,32,72" hai1="120,113,54,21,61,25,132,98,70,71,65,57,108" hai2="35,10,74,111,45,122,127,26,94,69,53,91,1" hai3="58,12,86,118,117,27,36,62,135,20,125,46,7"/><T38/><D131/><U40/><E113/><V107/><F107/><W110/><G110/><T112/><D112/><U23/><E108/><V97/><F111/><W15/><G125/><T104/><D85/><U42/><E120/><V116/><F122/><W30/><G135/><T47/><D79/><U43/><E132/><V52/><F69/><W8/><G15/><T3/><D31/><U0/><E0/><V75/><F127/><W99/><G99/><T22/><D22/><U16/><E98/><V129/><F129/><W121/><G121/><T19/><D19/><U106/><E106/><V49/><F53/><W13/><G13/><T101/><D3/><U114/><E114/><V89/><F91/><W82/><G46/><T102/><D102/><U51/><E71/><V60/><F60/><W133/><G36/><T95/><D95/><U41/><E23/><V39/><F39/><W105/><G105/><T93/><D93/><U67/><E65/><V55/><F55/><W126/><G126/><T96/><REACH who="0" step="1"/><D47/><REACH who="0" step="2"/><U134/><E134/><V119/><F74/><W92/><G133/><T123/><D123/><U17/><N who="1" m="10752" /><DORA hai="66" /><U44/><REACH who="1" step="1"/><E44/><REACH who="1" step="2"/><V48/><F45/><W90/><REACH who="3" step="1"/><G92/><REACH who="3" step="2"/><T9/><D9/><U73/><E73/><V50/><F75/><W109/><G109/><T63/><D63/><U6/><E6/><V87/><F94/><W80/><G80/><AGARI ba="0,3" hai="2,4,11,24,29,32,37,38,72,76,80,96,101,104" machi="80" ten="40,12000,1" yaku="1,1,33,3,53,1" doraHai="115,66" doraHaiUra="83,77" who="0" fromWho="3" sc="240,150,240,0,250,0,240,-120" /><INIT seed="0,1,0,3,1,57" ten="390,240,250,120" oya="0" hai0="125,43,2,92,73,76,54,63,26,67,33,6,93" hai1="52,24,121,99,95,47,32,23,58,82,114,84,68" hai2="36,14,0,110,107,44,123,87,126,80,38,78,34" hai3="135,81,130,55,89,108,7,120,119,70,94,100,129"/><T4/><D125/><U5/><E32/><V132/><F107/><W122/><G119/><T72/><D43/><U61/><E68/><V124/><F0/><W20/><G70/><T56/><D2/><U86/><E121/><N who="3" m="46698" /><G108/><T53/><D33/><U65/><E5/><V102/><F123/><W45/><G135/><T19/><D76/><U62/><E82/><V48/><F34/><W106/><G106/><T133/><D133/><U50/><E62/><V22/><F132/><W37/><G100/><T25/><D56/><U64/><E64/><V18/><F102/><W71/><G71/><T40/><D40/><U28/><E114/><V101/><F101/><AGARI ba="1,0" hai="23,24,28,47,50,52,58,61,65,84,86,95,99,101" machi="101" ten="30,12000,2" yaku="7,1,25,2,8,1,52,1,54,1" doraHai="57" who="1" fromWho="2" sc="390,0,240,123,250,-123,120,0" /><INIT seed="1,0,0,0,1,111" ten="390,363,127,120" oya="1" hai0="3,133,14,1,23,74,92,103,68,0,83,21,57" hai1="58,134,61,131,128,55,41,66,56,51,118,80,13" hai2="31,44,10,99,11,117,38,47,91,28,49,114,6" hai3="2,43,4,67,39,122,30,125,130,65,78,104,123"/><U115/><E118/><V105/><F117/><W87/><G104/><T22/><D68/><U7/><E80/><V77/><F77/><W32/><G39/><T5/><D83/><U73/><E73/><V60/><F60/><W94/><G43/><T98/><D74/><U95/><E7/><V25/><F38/><W62/><G2/><T27/><D133/><U63/><E95/><V107/><F6/><W112/><G4/><T109/><D109/><U81/><E81/><V116/><F116/><W100/><G112/><T17/><D57/><N who="1" m="33023" /><E134/><V113/><F49/><W50/><G50/><T42/><D42/><U82/><E82/><V12/><F91/><W86/><G87/><T127/><D92/><U76/><E76/><V121/><F121/><W93/><G94/><T88/><D88/><U69/><E13/><V35/><F28/><W84/><G93/><T120/><D98/><U75/><E75/><V48/><F48/><W15/><G78/><T45/><D120/><U53/><E41/><V24/><F25/><W110/><G123/><T64/><D103/><U59/><E115/><N who="2" m="44043" /><F11/><W40/><G122/><T8/><D5/><U34/><E34/><V85/><F85/><W52/><G84/><T29/><D8/><U97/><E97/><V9/><F99/><W36/><G86/><T126/><D29/><U19/><E19/><N who="2" m="8591" /><F10/><W135/><G30/><T37/><D27/><U46/><E46/><AGARI ba="0,0" hai="24,31,35,44,46,47,105,107" m="8591,44043" machi="46" ten="30,7700,0" yaku="11,1,52,3" doraHai="111" who="2" fromWho="1" sc="390,0,363,-77,127,77,120,0" /><INIT seed="2,0,0,2,5,2" ten="390,286,204,120" oya="2" hai0="7,97,59,20,58,49,120,128,121,92,122,48,118" hai1="43,62,6,131,61,134,5,16,101,25,35,30,24" hai2="4,73,13,94,52,110,33,46,69,91,105,76,81" hai3="113,78,125,72,117,86,90,111,100,115,88,123,93"/><V102/><F33/><W27/><G27/><T65/><D20/><U54/><E131/><V31/><F31/><W19/><G19/><T0/><D92/><U133/><E101/><V68/><F110/><W60/><G60/><T36/><D97/><U112/><E43/><V29/><F29/><W14/><G14/><T74/><D74/><U124/><E112/><N who="3" m="43082" /><G111/><T71/><D7/><N who="1" m="2571" /><E54/><V64/><F102/><W21/><G21/><T17/><D17/><U98/><E124/><V77/><F105/><W1/><G1/><T87/><D0/><U129/><E98/><V104/><F104/><W10/><G10/><T75/><D75/><U70/><E129/><V51/><F64/><W18/><G18/><T15/><D128/><U119/><E119/><V99/><REACH who="2" step="1"/><F76/><REACH who="2" step="2"/><W44/><G117/><T95/><D118/><U50/><E50/><N who="0" m="19561" /><D65/><U34/><E34/><V22/><F22/><W116/><G125/><T42/><D120/><U103/><E103/><V96/><F96/><N who="3" m="59407" /><G123/><T37/><D121/><U135/><E70/><V23/><F23/><AGARI ba="0,1" hai="16,23,24,25,30,35,61,62,133,134,135" m="2571" machi="23" ten="40,8000,1" yaku="20,1,52,3,54,1" doraHai="2" who="1" fromWho="2" sc="390,0,286,90,194,-80,120,0" /><INIT seed="3,0,0,5,0,94" ten="390,376,114,120" oya="3" hai0="83,69,99,59,7,96,22,100,80,107,36,3,119" hai1="104,40,55,128,19,33,91,113,131,13,10,98,12" hai2="133,63,30,68,81,32,65,42,35,4,18,125,54" hai3="120,75,51,28,20,25,34,72,82,103,23,37,97"/><W47/><G120/><T85/><D69/><U123/><E113/><V134/><F125/><W115/><G37/><T39/><D119/><U76/><E40/><V89/><F42/><W2/><G2/><T105/><D7/><U79/><E33/><V117/><F4/><W102/><G115/><T130/><D3/><U0/><E0/><V43/><F43/><W9/><G9/><T61/><D22/><U122/><E13/><V116/><F18/><W38/><G38/><T114/><D114/><U15/><E15/><V67/><F54/><W24/><G102/><T60/><D130/><N who="1" m="49707" /><E55/><V101/><F101/><W48/><G34/><N who="2" m="12841" /><F30/><W93/><G48/><T90/><D100/><N who="1" m="62487" /><E91/><V29/><F29/><W95/><G95/><T110/><D90/><U71/><E71/><V31/><F31/><W11/><G11/><T108/><D85/><U27/><E27/><V127/><F65/><W53/><REACH who="3" step="1"/><G82/><REACH who="3" step="2"/><T112/><D112/><U129/><E129/><V50/><F81/><W44/><G44/><T56/><AGARI ba="0,1" hai="36,39,56,59,60,61,80,83,96,99,105,107,108,110" machi="56" ten="25,8000,1" yaku="0,1,22,2,52,2" doraHai="94" who="0" fromWho="0" sc="390,90,376,-20,114,-20,110,-40" /><INIT seed="4,0,0,2,0,1" ten="480,356,94,70" oya="0" hai0="97,113,21,70,95,55,83,104,16,5,8,6,2" hai1="117,38,4,74,103,100,26,14,69,78,120,19,107" hai2="43,3,35,32,128,87,50,23,63,44,59,25,58" hai3="99,29,0,66,11,17,129,124,132,98,81,75,56"/><T91/><D70/><U125/><E69/><V18/><F3/><W93/><G124/><T13/><D104/><U90/><E125/><V121/><F121/><W27/><G129/><T48/><D113/><U80/><E120/><V67/><F128/><W49/><G132/><T118/><D118/><U76/><E38/><V92/><F59/><W135/><G135/><T127/><D127/><U15/><E76/><V65/><F67/><W122/><G122/><T12/><D83/><U42/><E42/><V31/><F18/><W22/><G93/><T71/><D71/><U7/><E26/><V109/><F109/><W51/><G51/><T119/><D119/><U115/><E117/><V24/><F25/><W106/><G106/><T123/><D123/><U46/><E46/><V10/><F10/><W94/><G94/><T57/><D2/><U114/><E15/><V86/><F87/><W30/><G75/><T54/><D54/><U28/><E28/><N who="3" m="10858" /><G0/><T108/><D108/><U41/><E41/><V61/><F63/><N who="3" m="38247" /><G11/><T68/><D68/><U37/><E37/><V39/><F86/><W88/><G49/><T101/><D101/><N who="1" m="38987" /><E90/><V131/><F92/><W82/><G99/><T36/><D36/><U130/><E130/><V85/><F131/><W111/><G111/><T9/><D9/><N who="1" m="6607" /><E107/><V45/><REACH who="2" step="1"/><F85/><REACH who="2" step="2"/><N who="3" m="50223" /><G98/><T33/><D33/><U47/><E47/><V110/><F110/><W134/><G134/><T133/><D133/><U126/><E126/><V60/><F60/><W53/><G82/><T79/><D79/><U112/><AGARI ba="0,1" hai="4,7,74,78,80,112,114,115" m="6607,38987" machi="112" ten="40,8000,1" yaku="15,1,11,1,52,2" doraHai="1" who="1" fromWho="1" sc="480,-40,356,90,84,-20,70,-20" /><INIT seed="5,0,0,5,1,34" ten="440,446,64,50" oya="1" hai0="13,123,90,29,128,46,132,28,8,71,2,125,25" hai1="120,105,62,130,55,15,108,91,10,104,64,26,134" hai2="43,7,87,75,116,86,102,101,88,52,51,53,69" hai3="4,110,39,54,37,67,49,9,6,133,36,121,3"/><U12/><E120/><V16/><F75/><W21/><G121/><T117/><D71/><U97/><E108/><V122/><F122/><W50/><G110/><T74/><D74/><U38/><E38/><V85/><F116/><W11/><G133/><T42/><D123/><U33/><E134/><V115/><F69/><W81/><G67/><T61/><D117/><U57/><E64/><V107/><F115/><W93/><G21/><T135/><D61/><U17/><E15/><V78/><F7/><W70/><G70/><T24/><D90/><U99/><E130/><V113/><F113/><W118/><G118/><T18/><D46/><U60/><E62/><V20/><F107/><W103/><G81/><T19/><D42/><U82/><E105/><V129/><F129/><W63/><G103/><N who="2" m="39433" /><F78/><W109/><G109/><T126/><D128/><U14/><E14/><N who="2" m="9239" /><F43/><W31/><G31/><T27/><D2/><U59/><E59/><N who="2" m="33183" /><F53/><W41/><G93/><AGARI ba="0,0" hai="85,86,87,88,93" m="33183,9239,39433" machi="93" ten="30,8000,1" yaku="25,1,8,1,54,3" doraHai="34" who="2" fromWho="3" sc="440,0,446,0,64,80,50,-80" owari="440,24,446,55,144,-26,-30,-53" /></mjloggm>