<mjloggm ver="2.3"><GO type="169" lobby="0"/><UN n0="%E3%81%82%E3%81%A4%E3%81%82%E3%81%A4%E6%B9%AF%E8%B1%86%E8%85%90" n1="%4D%61%52%63%48" n2="%EF%BC%BC%28%EF%BC%BE%6F%EF%BC%BE%29%EF%BC%8F%E2%98%85" n3="%EF%BC%88%E2%89%A7%E2%96%BD%E2%89%A6%EF%BC%89" dan="17,16,18,17" rate="2158.95,2080.33,2220.44,2156.38" sx="F,M,M,M"/><TAIKYOKU oya="0"/><INIT seed="0,0,0,4,4,13" ten="250,250,250,250" oya="0" hai0="60,112,109,78,8,110,59,80,117,18,57,12,89" hai1="20,65,14,6,76,133,134,36,101,72,118,24,17" hai2="26,50,49,123,25,33,34,21,105,90,53,70,9" hai3="38,84,68,63,107,88,102,3,31,67,48,69,45"/><T111/><D117/><U81/><E36/><V85/><F105/><W61/><G3/><T94/><D112/><U66/><E101/><V52/><F70/><W116/><G116/><T40/><D40/><U56/><E118/><V124/><F123/><W39/><G31/><T16/><D18/><N who="1" m="12311" /><E6/><V62/><F124/><W82/><G102/><T75/><D60/><U1/><E56/><N who="2" m="35079" /><F34/><W54/><REACH who="3" step="1"/><G107/><REACH who="3" ten="250,250,250,240" step="2"/><T104/><REACH who="0" step="1"/><D104/><REACH who="0" ten="240,250,250,240" step="2"/><U41/><E41/><V92/><F33/><W47/><G47/><T125/><D125/><U131/><E131/><V98/><F50/><W96/><G96/><AGARI ba="0,2" hai="8,12,16,57,59,75,78,80,89,94,96,109,110,111" machi="96" ten="40,12000,1" yaku="1,1,14,1,10,1,52,1,54,1,53,0" doraHai="13" doraHaiUra="44" who="0" fromWho="3" sc="240,140,250,0,250,0,240,-120" /><INIT seed="0,1,0,3,2,126" ten="380,250,250,120" oya="0" hai0="70,64,53,127,97,134,98,48,2,19,99,116,95" hai1="78,43,58,35,50,60,100,121,72,18,102,1,83" hai2="40,90,7,85,23,54,24,47,25,22,131,75,73" hai3="106,10,30,125,132,110,9,89,133,51,111,46,61"/><T81/><D116/><U128/><E35/><V94/><F7/><W93/><G106/><T27/><D2/><U77/><E1/><V122/><F122/><W45/><G30/><T26/><D127/><U44/><E121/><V8/><F8/><N who="3" m="3179" /><G61/><T17/><D95/><U101/><E78/><V117/><F117/><W79/><G79/><T57/><D134/><N who="3" m="51817" /><G125/><T123/><D123/><U6/><E6/><V38/><F54/><N who="3" m="30063" /><G46/><T74/><D70/><U31/><E31/><V20/><F75/><W91/><G91/><T120/><D120/><U16/><REACH who="1" step="1"/><E128/><REACH who="1" ten="380,240,250,120" step="2"/><V69/><F131/><W124/><G124/><T4/><D4/><U37/><E37/><V13/><F38/><W113/><G113/><T86/><D74/><U56/><E56/><V39/><F69/><W32/><G32/><T96/><D64/><AGARI ba="1,1" hai="16,18,43,44,50,58,60,64,72,77,83,100,101,102" machi="64" ten="40,5200,0" yaku="1,1,54,1,53,1" doraHai="126" doraHaiUra="36" who="1" fromWho="0" sc="380,-55,240,65,250,0,120,0" /><INIT seed="1,0,0,2,4,35" ten="325,305,250,120" oya="1" hai0="111,18,107,2,76,70,54,90,20,10,8,86,5" hai1="16,89,116,38,110,115,96,124,15,100,122,94,6" hai2="33,102,92,98,131,67,34,127,49,73,53,19,125" hai3="119,80,130,17,83,103,46,0,39,52,57,51,26"/><U74/><E122/><V29/><F131/><W132/><G130/><T95/><D107/><U24/><E116/><V118/><F118/><W97/><G119/><T123/><D123/><U14/><E115/><V47/><F73/><W105/><G132/><T68/><D111/><U63/><E38/><V62/><F19/><W135/><G135/><T21/><D76/><U7/><E74/><V31/><F34/><W65/><G0/><T12/><REACH who="0" step="1"/><D54/><REACH who="0" ten="315,305,250,120" step="2"/><U101/><E110/><V45/><F125/><W134/><G134/><T99/><D99/><U128/><E128/><V93/><F127/><W56/><G65/><T104/><D104/><U3/><E124/><V66/><F66/><W108/><G108/><T36/><D36/><U114/><E114/><V61/><F67/><W27/><G39/><T133/><D133/><U78/><E78/><V121/><F98/><W91/><G91/><T81/><D81/><U41/><E41/><V28/><F102/><N who="1" m="39529" /><E63/><V55/><F121/><W72/><G83/><T77/><D77/><U84/><E96/><V4/><F62/><W113/><G113/><T48/><D48/><U23/><E3/><V37/><F61/><W82/><G82/><T11/><D11/><U42/><E42/><V126/><F126/><W43/><G43/><T32/><D32/><U120/><E120/><V71/><F33/><W109/><G109/><T60/><D60/><U88/><E89/><V40/><F37/><W9/><G72/><T117/><D117/><U13/><AGARI ba="0,1" hai="6,7,13,14,15,16,23,24,84,88,94" m="39529" machi="13" ten="30,6000,0" yaku="8,1,54,2" doraHai="35" who="1" fromWho="1" sc="315,-20,305,70,250,-20,120,-20" /><INIT seed="1,1,0,4,4,63" ten="295,375,230,100" oya="1" hai0="54,30,14,37,117,128,18,100,22,24,90,36,35" hai1="75,12,126,133,32,56,104,61,77,127,86,129,99" hai2="87,52,33,62,0,83,84,60,47,111,132,95,97" hai3="69,78,72,2,46,17,131,11,48,7,13,103,16"/><U38/><E38/><V96/><F33/><W135/><G131/><T122/><D117/><U89/><E32/><V26/><F0/><W6/><G135/><T43/><D128/><U45/><E45/><V71/><F132/><W125/><G125/><N who="1" m="47626" /><E129/><V73/><F111/><W108/><G108/><T51/><D122/><U67/><E133/><V112/><F112/><W94/><G69/><T49/><D100/><N who="1" m="62495" /><E12/><V27/><F73/><W118/><G118/><T53/><D43/><U101/><E101/><N who="2" m="60575" /><F97/><W116/><G116/><T3/><D3/><U134/><E134/><V115/><F71/><W68/><G68/><T81/><D37/><U42/><E42/><V76/><F87/><W85/><G72/><T88/><D36/><U4/><E4/><V5/><F5/><W93/><G6/><T66/><D35/><U121/><E121/><V80/><F115/><W114/><G114/><T102/><D14/><U130/><E130/><V123/><F123/><W55/><G2/><T57/><D102/><U9/><E9/><V124/><F124/><W10/><G103/><T41/><D41/><U25/><E25/><N who="2" m="9227" /><F80/><N who="3" m="47255" /><G10/><T107/><D107/><U28/><E28/><V74/><F74/><W20/><G20/><T110/><D30/><U120/><E75/><V23/><F23/><W65/><G65/><T19/><D110/><U8/><E120/><V79/><F79/><W64/><G64/><T98/><D66/><U40/><E8/><V31/><F31/><W34/><G34/><T50/><D22/><U119/><E119/><V82/><F82/><W21/><G21/><N who="0" m="13367" /><D81/><N who="1" m="49359" /><E77/><V44/><F44/><RYUUKYOKU ba="1,0" sc="295,-30,375,10,230,10,100,10" hai1="40,56,61,67" hai2="47,52,60,62,76,83,84" hai3="7,11,13,16,17,46,48,55,93,94" /><INIT seed="1,2,0,4,1,25" ten="265,385,240,110" oya="1" hai0="43,50,83,47,20,92,70,134,131,38,125,129,93" hai1="105,78,66,89,112,51,8,94,46,55,1,85,28" hai2="18,39,133,34,12,31,36,68,76,91,29,63,84" hai3="82,110,10,27,97,118,37,22,15,120,113,107,65"/><U121/><E105/><V101/><F34/><W0/><G113/><T23/><D70/><U19/><E112/><V80/><F133/><W116/><G120/><T42/><D134/><U14/><E121/><V98/><F39/><W130/><G37/><T79/><D125/><U44/><E1/><V108/><F36/><W21/><G65/><T53/><D92/><U57/><E66/><V111/><F76/><W71/><G71/><T41/><D93/><U4/><E4/><V127/><F127/><W69/><G69/><T122/><D38/><U7/><E7/><V49/><F49/><W74/><G130/><N who="0" m="49675" /><D122/><U109/><E109/><N who="2" m="42059" /><F63/><W128/><G110/><T30/><D30/><N who="2" m="11274" /><F68/><W11/><G128/><T17/><D17/><U104/><E104/><N who="2" m="63543" /><F18/><W88/><G107/><T72/><AGARI ba="2,0" hai="20,23,41,42,43,47,50,53,72,79,83" m="49675" machi="72" ten="30,1100,0" yaku="19,1" doraHai="25" who="0" fromWho="0" sc="265,17,385,-7,240,-5,110,-5" /><INIT seed="2,0,0,5,3,5" ten="282,378,235,105" oya="2" hai0="103,26,28,130,125,74,20,117,25,39,46,48,34" hai1="115,72,92,17,1,99,107,18,79,60,124,67,37" hai2="49,112,85,40,77,134,113,86,100,127,35,132,73" hai3="33,21,109,90,98,13,75,105,3,80,83,61,65"/><V4/><F35/><W38/><G109/><T133/><D74/><U94/><E37/><V19/><F4/><W110/><G110/><T16/><D130/><U91/><E115/><N who="2" m="44107" /><F19/><W106/><G33/><T29/><D117/><U41/><E41/><V97/><F49/><W101/><G38/><T119/><D119/><U56/><E1/><V121/><F40/><W102/><G3/><T63/><D39/><U87/><E124/><V55/><F55/><W42/><G42/><T52/><D125/><U68/><E68/><V95/><F127/><W114/><G114/><T24/><D133/><N who="2" m="51306" /><F121/><W12/><G21/><T58/><D103/><N who="1" m="62975" /><E94/><V135/><N who="2" m="51314" /><V64/><DORA hai="57" /><F64/><W129/><G65/><N who="0" m="39159" /><D34/><U62/><E62/><V9/><F9/><W36/><G61/><T2/><D2/><U7/><E7/><V131/><F131/><W6/><G129/><T82/><D82/><AGARI ba="0,0" hai="17,18,56,60,67,72,79,82,87,91,92" m="62975" machi="82" ten="30,2000,0" yaku="24,1,52,1" doraHai="5,57" who="1" fromWho="0" sc="282,-20,378,20,235,0,105,0" /><AGARI ba="0,0" hai="73,77,82,85,86,95,97,100" m="51314,44107" machi="82" ten="50,9600,0" yaku="20,1,34,2" doraHai="5,57" who="2" fromWho="0" sc="262,-96,398,0,235,96,105,0" /><INIT seed="2,1,0,1,4,13" ten="166,398,331,105" oya="2" hai0="69,43,25,50,56,65,98,109,62,39,132,52,28" hai1="51,88,129,124,3,85,57,36,44,100,101,34,90" hai2="97,102,99,105,22,125,58,95,7,104,17,122,46" hai3="21,10,31,119,20,89,24,61,40,84,92,103,113"/><V110/><F122/><W14/><G119/><T83/><D109/><U81/><E3/><V42/><F110/><W121/><G121/><T93/><D132/><U26/><E129/><V67/><F125/><W12/><G113/><T120/><D120/><U116/><E116/><V6/><F67/><W29/><G40/><T77/><D93/><U112/><E112/><V5/><F58/><W117/><G117/><T38/><D98/><U79/><E36/><V2/><F2/><W11/><G103/><T118/><D118/><U63/><E124/><V133/><F133/><W115/><G115/><T54/><D54/><U91/><E26/><V15/><REACH who="2" step="1"/><F99/><REACH who="2" ten="166,398,321,105" step="2"/><W0/><G0/><T111/><D111/><U82/><E34/><V131/><F131/><W75/><G75/><T73/><D43/><N who="1" m="24991" /><E82/><V16/><F16/><N who="3" m="10263" /><G31/><T19/><D19/><U127/><E127/><V45/><F45/><W94/><G61/><T32/><AGARI ba="1,1" hai="25,28,32,38,39,50,52,56,62,65,69,73,77,83" machi="32" ten="20,2700,0" yaku="0,1,7,1,54,1" doraHai="13" who="0" fromWho="0" sc="166,40,398,-8,321,-14,105,-8" /><INIT seed="3,0,0,0,1,34" ten="206,390,307,97" oya="3" hai0="105,96,20,113,59,92,124,54,116,1,82,107,112" hai1="98,46,66,5,37,26,74,61,13,39,49,56,77" hai2="33,55,32,7,125,25,14,101,87,35,18,6,23" hai3="78,72,16,126,4,132,15,129,65,121,38,131,88"/><W45/><G121/><T97/><D116/><U36/><E98/><V30/><F101/><W94/><G65/><T43/><D124/><U81/><E26/><V76/><F125/><W21/><G4/><N who="2" m="1577" /><F55/><W109/><G126/><T118/><D118/><U40/><E13/><N who="2" m="9679" /><F87/><W27/><G132/><T67/><D1/><U85/><E5/><V0/><F76/><W83/><G109/><T127/><D127/><U69/><REACH who="1" step="1"/><E74/><REACH who="1" ten="206,380,307,97" step="2"/><V11/><F0/><W79/><G27/><T84/><D96/><U133/><E133/><V73/><F73/><W51/><G78/><T29/><D97/><U3/><E3/><V24/><F24/><W62/><G38/><T50/><D107/><U102/><E102/><V86/><F86/><W80/><G80/><T106/><D84/><U119/><E119/><V100/><F100/><W99/><REACH who="3" step="1"/><G62/><REACH who="3" ten="206,380,307,87" step="2"/><N who="0" m="38367" /><D82/><U52/><AGARI ba="0,2" hai="36,37,39,40,46,49,52,56,61,66,69,77,81,85" machi="52" ten="30,8000,1" yaku="1,1,0,1,24,2,54,1,53,0" doraHai="34" doraHaiUra="128" who="1" fromWho="1" sc="206,-20,380,100,307,-20,87,-40" /><INIT seed="4,0,0,1,1,18" ten="186,480,287,47" oya="0" hai0="118,108,44,124,134,45,59,106,9,130,15,1,64" hai1="16,46,107,119,43,61,33,72,133,89,112,67,92" hai2="122,54,132,62,24,30,98,11,4,75,82,99,109" hai3="40,91,58,131,12,65,35,80,66,129,55,7,128"/><T51/><D118/><U79/><E119/><V68/><F109/><W3/><G35/><T29/><D1/><U74/><E107/><V86/><F75/><W105/><G3/><T41/><D106/><U8/><E112/><V126/><F122/><W90/><G105/><T100/><D108/><U19/><E33/><V26/><F132/><W52/><G40/><T5/><D134/><U123/><E123/><V49/><F24/><W53/><G80/><T97/><D124/><U37/><E133/><V116/><F116/><W47/><G47/><N who="0" m="26095" /><D130/><U120/><E79/><V70/><F126/><W110/><G110/><T42/><D42/><U117/><E117/><V39/><F39/><W13/><G7/><T22/><D97/><U38/><E38/><V76/><F70/><W20/><G58/><T111/><D100/><U34/><E34/><V115/><F115/><W21/><G12/><T71/><D71/><U84/><E120/><V10/><F68/><W104/><G104/><T125/><D125/><U0/><E19/><V101/><F4/><W48/><G48/><T94/><D94/><U85/><E85/><V83/><F86/><W113/><G113/><T88/><D88/><N who="3" m="33833" /><G13/><T25/><D111/><U114/><E114/><V95/><F82/><W57/><G57/><T103/><D103/><U60/><E0/><V87/><F99/><W14/><G14/><T81/><D81/><U77/><E74/><V127/><F127/><W36/><G36/><T23/><D45/><U56/><E72/><V69/><F83/><W6/><G6/><T102/><D44/><U73/><E46/><RYUUKYOKU ba="0,0" sc="186,-10,480,-10,287,-10,47,30" hai3="20,21,52,53,55,65,66,128,129,131" /><INIT seed="5,1,0,2,5,45" ten="176,470,277,77" oya="1" hai0="33,128,44,64,127,123,37,72,35,133,30,1,66" hai1="59,9,98,82,86,109,106,56,117,42,78,53,104" hai2="32,41,27,76,112,77,129,116,88,28,68,7,102" hai3="6,26,87,69,115,103,10,120,17,107,39,125,130"/><U132/><E117/><V101/><F116/><W4/><G120/><T54/><D54/><U0/><E109/><V126/><F68/><W121/><G121/><T114/><D44/><U79/><E132/><V118/><F118/><W34/><G115/><T91/><D91/><U75/><E42/><V52/><F41/><W110/><G110/><T18/><D64/><U95/><E79/><V47/><F112/><W85/><G130/><T81/><D81/><U13/><E0/><V108/><F108/><W80/><G125/><T111/><D66/><U89/><E59/><V8/><F126/><W36/><G69/><T60/><D60/><U20/><E20/><V19/><F129/><W55/><G55/><T16/><D30/><U93/><E93/><V11/><F19/><N who="0" m="7210" /><D1/><U38/><E38/><V25/><F52/><W70/><G70/><T49/><D49/><U62/><E75/><V23/><F47/><W12/><G36/><T135/><D135/><U97/><E97/><V5/><F28/><W43/><G39/><T96/><D96/><U74/><E74/><V58/><F58/><W15/><G43/><T71/><D71/><U83/><E83/><V84/><F88/><W2/><G107/><T90/><D90/><U3/><E3/><V31/><F31/><N who="3" m="19831" /><G103/><T134/><D134/><U57/><E57/><V94/><F102/><W131/><G131/><T50/><D127/><U99/><E99/><V24/><F101/><W92/><G92/><T46/><D128/><U122/><E122/><V22/><F94/><W29/><G29/><T113/><D133/><U40/><E40/><RYUUKYOKU ba="1,0" sc="176,-10,470,30,277,-10,77,-10" hai1="9,13,53,56,62,78,82,86,89,95,98,104,106" /><INIT seed="5,2,0,5,2,33" ten="166,500,267,67" oya="1" hai0="115,41,126,19,25,10,8,56,15,89,92,80,90" hai1="44,39,113,71,0,1,81,109,133,97,122,48,22" hai2="42,121,57,45,69,17,129,118,35,65,40,108,111" hai3="72,52,106,134,91,59,102,46,132,21,127,53,58"/><U84/><E122/><V26/><F121/><W125/><G72/><T3/><D115/><U29/><E39/><V16/><F118/><W7/><G91/><T135/><D135/><N who="3" m="51753" /><G102/><T55/><D41/><U130/><E71/><V98/><F69/><W75/><G75/><T128/><D128/><U120/><E120/><V101/><F129/><W77/><G77/><T30/><D126/><N who="3" m="48137" /><G106/><T18/><D80/><U24/><E130/><V47/><F101/><W14/><G21/><N who="0" m="15663" /><D92/><U23/><E133/><V96/><F35/><W50/><G53/><T4/><D90/><U103/><E113/><V76/><F76/><W79/><G79/><T60/><D89/><U38/><E38/><V112/><F112/><W116/><G116/><T64/><D55/><U83/><E109/><V51/><F111/><W82/><G82/><T12/><D64/><U67/><E67/><V20/><F108/><W31/><G31/><T6/><D56/><U27/><E83/><V104/><F104/><W123/><G123/><T107/><D107/><U87/><E81/><V49/><F65/><W36/><G36/><T105/><D105/><U13/><E87/><V88/><F57/><W95/><G95/><T117/><D117/><U43/><E84/><V61/><F88/><W131/><G131/><T93/><D93/><U99/><E103/><V32/><F32/><W78/><G78/><T100/><D100/><U70/><E70/><V114/><F114/><W94/><G94/><T34/><D34/><N who="1" m="20775" /><E99/><V86/><F86/><W124/><N who="3" m="48145" /><W73/><DORA hai="68" /><G73/><T74/><D74/><U85/><E85/><RYUUKYOKU ba="2,0" sc="166,-10,500,-10,267,-10,67,30" hai3="7,14,46,50,52,58,59" /><INIT seed="6,3,0,4,0,121" ten="156,490,257,97" oya="2" hai0="30,77,29,81,72,5,67,65,44,68,64,14,99" hai1="42,134,61,128,1,112,15,130,13,7,10,89,91" hai2="101,78,25,40,27,120,127,9,11,85,56,79,48" hai3="3,107,132,60,62,0,45,102,95,111,125,109,80"/><V32/><F120/><W70/><G95/><T92/><D68/><U106/><E106/><V84/><F127/><W4/><G125/><T31/><D44/><U50/><E112/><V126/><F126/><W108/><G132/><T131/><D131/><N who="1" m="50219" /><E61/><V93/><F32/><W100/><G80/><T53/><D53/><U87/><E134/><V123/><F123/><W115/><G115/><T96/><REACH who="0" step="1"/><D92/><REACH who="0" ten="146,490,257,97" step="2"/><N who="1" m="54335" /><E91/><V33/><F93/><W129/><G129/><T38/><D38/><U69/><E69/><V58/><F101/><W73/><G102/><T55/><D55/><U47/><AGARI ba="3,1" hai="1,7,10,13,15,42,47,50" m="54335,50219" machi="47" ten="30,1100,0" yaku="19,1" doraHai="121" who="1" fromWho="1" sc="146,-6,490,30,257,-8,97,-6" /><INIT seed="7,0,0,5,1,132" ten="140,520,249,91" oya="3" hai0="54,106,117,134,107,67,2,40,0,113,49,76,83" hai1="35,105,129,55,123,91,57,19,101,41,44,43,120" hai2="53,110,31,121,63,23,81,88,125,34,30,17,13" hai3="112,20,6,82,66,32,69,5,93,74,38,114,64"/><W104/><G104/><T102/><D117/><U70/><E35/><V89/><F110/><W56/><G32/><T130/><D67/><N who="3" m="25641" /><G69/><T37/><D134/><U94/><E101/><V122/><F125/><W103/><G38/><T72/><D130/><U108/><E105/><V119/><F119/><W128/><G128/><T22/><D113/><N who="3" m="43625" /><G56/><T86/><D106/><U27/><E129/><V12/><F34/><W77/><G20/><T11/><D37/><U71/><E108/><V9/><F122/><W126/><G126/><T62/><D62/><U14/><E27/><V92/><F121/><W3/><G3/><T26/><D11/><U115/><E70/><V52/><F63/><W21/><G21/><T48/><D2/><U15/><E71/><V124/><F124/><W46/><G46/><T59/><D0/><U28/><E44/><V25/><F31/><W8/><G8/><T135/><D135/><U100/><E28/><V116/><F116/><W98/><AGARI ba="0,0" hai="5,6,74,77,82,93,98,103" m="43625,25641" machi="98" ten="30,1500,0" yaku="15,1" doraHai="132" who="3" fromWho="3" sc="140,-5,520,-5,249,-5,91,15" /><INIT seed="7,1,0,2,2,48" ten="135,515,244,106" oya="3" hai0="11,114,36,22,18,61,14,103,121,0,133,122,102" hai1="71,72,95,92,46,109,8,85,63,76,96,108,131" hai2="123,70,58,44,37,30,67,115,130,39,24,66,94" hai3="43,127,33,6,34,74,135,59,13,99,16,97,19"/><W82/><G135/><T4/><D36/><U26/><E46/><V86/><F70/><W41/><G127/><T20/><D133/><U81/><E8/><V80/><F115/><W7/><G74/><T54/><D114/><U129/><E26/><V75/><F75/><W120/><G59/><T25/><D54/><U100/><E63/><V2/><F2/><W107/><G82/><T116/><D61/><U101/><E71/><V110/><F110/><W23/><G23/><T112/><D112/><U132/><E132/><V21/><F130/><N who="1" m="49673" /><E101/><V117/><F123/><W90/><G120/><T52/><D52/><U17/><E17/><V45/><F44/><W28/><G90/><AGARI ba="1,0" hai="72,76,81,85,90,92,95,96,100,108,109" m="49673" machi="90" ten="30,3900,0" yaku="19,1,34,2" doraHai="48" who="1" fromWho="3" sc="135,0,515,42,244,0,106,-42" owari="135,-26.0,557,66.0,244,4.0,64,-44.0" /></mjloggm>