<mjloggm ver="2.3"><GO type="41"/><UN n0="%E4%BF%8A%E3%81%93%E3%82%8D" n1="%E3%82%8F%E3%81%A3%E3%81%91" n2="%E7%A6%8F%E8%B7%AF%E7%BE%8E%E7%A9%82%E5%AD%90%EF%BC%88%E9%A2%A8" n3="%E3%82%A6%E3%83%AB%E3%83%88%E3%83%A9%E7%AB%8B%E7%9B%B4" dan="13,13,13,15" rate="1891,1867,1958,1959" sx="F,M,F,M"/><TAIKYOKU oya="0"/><INIT seed="0,0,0,1,1,4" ten="250,250,250,250" oya="0" hai0="120,82,118,76,86,43,16,81,107,98,66,28,44" hai1="99,100,94,126,18,41,62,113,35,57,59,67,9" hai2="13,49,54,39,56,69,0,109,34,38,134,19,121" hai3="21,24,45,25,115,105,87,128,74,132,95,29,90"/><T89/><D120/><U112/><E35/><V20/><F121/><W91/><G105/><T117/><D28/><U46/><E126/><V40/><F34/><W53/><G74/><T106/><D66/><U3/><E57/><V8/><F69/><W64/><G115/><T15/><D107/><U61/><E61/><V1/><F134/><W37/><G132/><T2/><D2/><U78/><E78/><V133/><F133/><W85/><G128/><T102/><D81/><U36/><REACH who="1" step="1"/><E18/><REACH who="1" ten="250,240,250,250" step="2"/><V58/><F19/><W50/><G64/><T7/><D76/><U70/><E70/><V77/><F77/><W124/><G124/><T52/><D7/><AGARI ba="0,1" hai="3,7,9,36,41,46,59,62,67,94,99,100,112,113" machi="7" ten="40,2600,0" yaku="1,1,52,1,53,0" doraHai="4" doraHaiUra="130" who="1" fromWho="0" sc="250,-26,240,36,250,0,250,0" /><INIT seed="1,0,0,1,3,78" ten="224,276,250,250" oya="1" hai0="51,89,43,49,39,47,82,88,71,11,70,87,98" hai1="102,20,113,53,48,7,46,22,62,124,95,126,132" hai2="21,36,9,118,128,55,56,114,5,93,25,60,125" hai3="26,33,129,83,116,119,34,94,134,1,101,23,40"/><U121/><E113/><V10/><F118/><N who="3" m="45099" /><G40/><T86/><D11/><U63/><E121/><V103/><F128/><W2/><G129/><T109/><D98/><N who="1" m="59743" /><E7/><V110/><F125/><N who="1" m="48233" /><E132/><V67/><F36/><W107/><G94/><T133/><D133/><U19/><E20/><V54/><F110/><W90/><G101/><T77/><D77/><U131/><E131/><V17/><F114/><W120/><G107/><T117/><D117/><U15/><AGARI ba="0,0" hai="15,19,22,46,48,53,62,63" m="48233,59743" machi="15" ten="30,1500,0" yaku="18,1" doraHai="78" who="1" fromWho="1" sc="224,-5,276,15,250,-5,250,-5" /><INIT seed="1,1,0,1,5,107" ten="219,291,245,245" oya="1" hai0="80,110,124,87,42,19,15,29,88,83,60,36,47" hai1="111,117,99,18,132,100,70,37,61,94,105,0,134" hai2="3,128,5,71,55,64,127,2,93,22,104,58,122" hai3="115,67,14,49,13,46,73,78,121,96,32,123,6"/><U39/><E117/><V98/><F122/><W131/><G67/><T120/><D120/><U40/><E18/><V35/><F35/><W116/><G14/><T125/><D29/><U45/><E94/><V106/><F127/><N who="0" m="48714" /><D60/><U103/><E100/><V135/><F128/><W16/><G32/><T11/><D110/><U74/><E111/><V85/><F135/><N who="1" m="51753" /><E37/><V57/><F71/><W50/><G6/><T113/><D113/><U41/><E41/><V68/><F68/><W114/><G50/><T53/><D53/><U25/><E25/><V101/><F106/><W65/><G121/><T59/><D59/><U129/><E129/><V112/><F112/><W109/><G131/><T38/><D36/><U26/><E26/><V91/><F5/><W118/><G123/><T79/><D83/><U89/><E89/><AGARI ba="1,0" hai="11,15,19,38,42,47,79,80,87,88,89" m="48714" machi="89" ten="30,2000,0" yaku="18,1,54,1" doraHai="107" who="0" fromWho="1" sc="219,23,291,-23,245,0,245,0" /><INIT seed="2,0,0,3,4,94" ten="242,268,245,245" oya="2" hai0="93,5,62,31,108,127,15,99,117,54,77,91,130" hai1="61,43,81,73,126,96,12,125,67,74,134,133,114" hai2="13,128,85,4,42,78,79,38,20,21,109,68,82" hai3="106,51,3,17,112,105,69,11,19,75,26,40,50"/><V123/><F123/><W120/><G69/><T80/><D117/><U71/><E43/><V64/><F128/><W66/><G66/><T35/><D130/><U89/><E114/><V65/><F68/><W39/><G120/><T97/><D35/><U34/><E34/><V45/><F79/><W56/><G26/><T48/><D31/><U27/><E27/><V29/><F29/><W46/><G19/><T63/><D127/><N who="1" m="48651" /><E12/><V116/><F116/><W58/><G17/><T98/><D108/><U44/><E44/><V37/><F37/><W76/><G112/><T131/><D131/><U135/><E81/><V28/><F28/><W103/><G51/><T10/><D77/><U104/><E89/><V36/><F36/><W95/><G50/><T92/><D80/><U119/><E119/><V53/><F53/><W9/><G9/><T18/><D18/><U115/><E115/><V88/><F109/><W113/><G113/><T59/><D91/><U14/><E14/><V41/><F41/><W124/><G124/><T32/><D32/><U52/><E52/><V7/><F7/><W87/><G46/><T101/><D101/><AGARI ba="0,0" hai="61,67,71,73,74,96,101,104,133,134,135" m="48651" machi="101" ten="40,8000,1" yaku="20,1,18,1,23,1,52,1" doraHai="94" who="1" fromWho="0" sc="242,-80,268,80,245,0,245,0" /><INIT seed="3,0,0,5,5,116" ten="162,348,245,245" oya="3" hai0="61,132,75,65,4,56,113,20,124,15,18,105,49" hai1="79,7,27,129,60,91,22,98,74,37,43,3,16" hai2="103,36,128,34,108,50,19,40,99,71,93,38,122" hai3="30,102,12,51,2,107,6,130,66,14,0,81,67"/><W100/><G107/><T96/><D75/><U47/><E129/><V53/><F71/><W134/><G6/><T31/><D113/><U25/><E60/><V24/><F128/><W133/><G51/><T121/><D132/><N who="3" m="50793" /><G81/><T78/><D78/><U123/><E123/><V41/><F108/><W44/><G44/><T42/><D124/><U72/><E27/><V125/><F125/><W131/><G131/><T118/><D118/><U33/><E33/><V32/><F32/><W9/><G9/><T10/><D31/><U83/><E72/><V8/><F34/><W82/><G82/><T117/><D117/><U62/><E62/><V127/><F127/><W97/><G97/><T109/><D109/><U95/><E7/><V114/><F114/><W26/><G26/><T48/><D105/><U90/><REACH who="1" step="1"/><E3/><REACH who="1" ten="162,338,245,245" step="2"/><N who="3" m="1066" /><G130/><T126/><D126/><U135/><E135/><V77/><F24/><W70/><G70/><T68/><D121/><U13/><E13/><N who="3" m="5226" /><G30/><T23/><D68/><U55/><E55/><V11/><F53/><W45/><G45/><T112/><D112/><U85/><E85/><V21/><F122/><W54/><G54/><T87/><D87/><U115/><E115/><V92/><F40/><W111/><G111/><T29/><D42/><U52/><E52/><V106/><F41/><W1/><G1/><N who="0" m="271" /><D96/><U59/><E59/><V73/><F99/><W110/><G110/><T57/><D57/><U89/><AGARI ba="0,1" hai="16,22,25,37,43,47,74,79,83,89,90,91,95,98" machi="89" ten="20,8000,1" yaku="1,1,0,1,7,1,54,1,53,1" doraHai="116" doraHaiUra="69" who="1" fromWho="1" sc="162,-20,338,90,245,-20,245,-40" /><INIT seed="4,0,0,2,0,103" ten="142,428,225,205" oya="0" hai0="17,49,65,113,116,64,13,41,125,7,115,38,94" hai1="66,124,129,62,121,84,97,47,69,19,130,85,4" hai2="98,23,95,82,28,12,36,128,132,123,91,89,59" hai3="37,70,135,3,9,63,46,117,111,96,104,83,29"/><T32/><D38/><U80/><E121/><V92/><F123/><W93/><G93/><T106/><D106/><U26/><E4/><V133/><F36/><W108/><G83/><T0/><D116/><U102/><E124/><V68/><F68/><W39/><G117/><T99/><D32/><U33/><E47/><V87/><F128/><N who="1" m="49257" /><E80/><V100/><F59/><W126/><G126/><T20/><D125/><U86/><E33/><V11/><F28/><W58/><G58/><T77/><D77/><U25/><E19/><V88/><F23/><W122/><G122/><T109/><D109/><N who="3" m="42057" /><G29/><T118/><D118/><U45/><E45/><V74/><F12/><W131/><G131/><T8/><D41/><U27/><E27/><V55/><F55/><W40/><G39/><T14/><D49/><U48/><E48/><V110/><F11/><W44/><G44/><T56/><D0/><U51/><E51/><V120/><F110/><W101/><G9/><T42/><D42/><U34/><E34/><V6/><F6/><W31/><G31/><T105/><D105/><AGARI ba="0,0" hai="25,26,62,66,69,84,85,86,97,102,105" m="49257" machi="105" ten="30,2000,0" yaku="19,1,52,1" doraHai="103" who="1" fromWho="0" sc="142,-20,428,20,225,0,205,0" /><INIT seed="5,0,0,3,3,39" ten="122,448,225,205" oya="1" hai0="105,25,71,57,109,22,68,84,103,21,23,2,73" hai1="28,43,130,80,53,7,56,114,58,40,74,44,117" hai2="112,55,92,116,1,83,132,77,62,12,4,19,86" hai3="49,89,118,31,48,100,41,125,16,59,0,8,102"/><U69/><E117/><V42/><F116/><W61/><G0/><T24/><D73/><U81/><E69/><V78/><F132/><W106/><G48/><T51/><D109/><U128/><E114/><V107/><F107/><W47/><G106/><T110/><D2/><U29/><E7/><V36/><F112/><W70/><G70/><T88/><D110/><U108/><E108/><V123/><F123/><W101/><G118/><T66/><D71/><U54/><E44/><V115/><F115/><W94/><G31/><T126/><D68/><U45/><E45/><V65/><F55/><W121/><G121/><T120/><D120/><U17/><E17/><V95/><F1/><W13/><G125/><T14/><D126/><U5/><E74/><V64/><F4/><W15/><G15/><T38/><D38/><U27/><E5/><V124/><F65/><W76/><G76/><T79/><D79/><U46/><E46/><V30/><F30/><W135/><G135/><T104/><D14/><U75/><E75/><V82/><F42/><W9/><G9/><T113/><D105/><U134/><E27/><V20/><F36/><W98/><G101/><T131/><D113/><U133/><AGARI ba="0,0" hai="28,29,40,43,53,54,56,58,80,81,128,130,133,134" machi="133" ten="25,12000,1" yaku="0,1,22,2,52,2" doraHai="39" who="1" fromWho="1" sc="122,-40,448,120,225,-40,205,-40" /><INIT seed="5,1,0,1,2,119" ten="82,568,185,165" oya="1" hai0="114,69,133,104,121,18,54,64,124,8,132,96,43" hai1="120,60,81,117,10,66,89,20,35,7,3,90,42" hai2="109,76,112,48,58,68,45,21,32,19,41,110,67" hai3="25,22,83,92,17,61,79,80,26,77,103,37,44"/><U1/><E117/><V23/><F32/><W50/><G37/><T105/><D43/><U98/><E35/><V93/><F76/><W73/><G61/><T91/><D114/><U128/><E128/><V118/><F118/><W78/><G26/><T71/><D124/><U47/><E1/><V102/><F23/><W127/><G127/><T101/><D105/><U11/><E11/><V72/><F72/><W51/><G73/><T38/><D38/><U4/><E4/><V122/><F112/><W107/><G107/><T106/><D106/><U49/><E120/><V29/><F29/><W34/><G34/><T0/><D54/><U130/><E130/><V62/><F93/><W57/><G57/><T15/><D0/><U74/><E98/><V31/><F122/><W24/><G24/><T2/><D2/><U134/><E134/><N who="0" m="51817" /><D91/><U108/><E108/><V27/><F102/><W82/><G44/><T56/><D56/><U123/><E123/><V5/><F5/><W33/><G33/><T126/><D121/><U63/><E60/><V65/><F31/><W85/><G85/><T53/><D126/><U12/><E12/><V70/><REACH who="2" step="1"/><F65/><REACH who="2" ten="82,568,175,165" step="2"/><W125/><G125/><T88/><D64/><U16/><E74/><V40/><F40/><W115/><G115/><T100/><D101/><U75/><E75/><V6/><F6/><W46/><G103/><T95/><D53/><U30/><E30/><V28/><F28/><W111/><G92/><T9/><D9/><U52/><E42/><V59/><F59/><W94/><G94/><T39/><D39/><U99/><E66/><RYUUKYOKU ba="1,1" sc="82,15,568,-15,175,15,165,-15" hai0="8,15,18,69,71,88,95,96,100,104" hai2="19,21,27,41,45,48,58,62,67,68,70,109,110" /><INIT seed="6,2,1,0,5,93" ten="97,553,190,150" oya="2" hai0="60,119,26,57,42,81,8,20,67,24,2,45,100" hai1="88,98,36,48,1,132,113,51,22,101,118,43,104" hai2="72,33,62,21,59,11,6,131,124,95,97,123,5" hai3="37,39,77,50,111,103,31,87,32,18,134,92,56"/><V135/><F72/><W13/><G111/><T29/><D119/><U68/><E118/><V17/><F33/><W66/><G31/><T47/><D2/><U112/><E68/><V15/><F123/><W129/><G32/><T10/><D47/><U79/><E79/><V114/><F114/><N who="1" m="44137" /><E132/><V70/><F70/><W44/><G129/><T73/><D26/><U89/><E1/><V12/><F135/><W75/><G134/><T30/><D30/><U122/><E122/><V53/><F131/><W41/><G75/><T117/><D117/><U7/><E7/><N who="2" m="3199" /><F124/><W96/><G77/><T80/><D100/><AGARI ba="2,1" hai="5,6,15,17,21,53,59,62,95,97,100" m="3199" machi="100" ten="30,2900,0" yaku="8,1,52,1" doraHai="93" who="2" fromWho="0" sc="97,-35,553,0,190,45,150,0" /><INIT seed="6,3,0,2,5,15" ten="62,553,235,150" oya="2" hai0="69,110,36,24,46,23,5,1,91,11,30,90,7" hai1="58,113,54,2,123,47,121,84,88,19,119,55,53" hai2="64,122,37,48,56,108,111,80,130,131,32,116,99" hai3="50,14,42,75,72,70,81,124,38,45,93,95,114"/><V61/><F32/><W128/><G70/><T71/><D110/><N who="2" m="42026" /><F80/><W27/><G124/><T85/><D7/><U0/><E119/><V49/><F99/><W51/><G128/><N who="2" m="49193" /><F37/><W62/><G114/><T60/><D91/><U18/><E113/><V103/><F103/><W77/><G72/><T44/><D60/><U68/><E68/><V76/><F76/><W66/><G38/><T132/><D132/><U33/><E33/><V126/><F116/><W118/><G118/><T115/><D115/><U43/><E58/><V94/><F94/><W39/><G95/><T57/><D57/><U12/><E12/><V28/><F28/><W107/><G93/><T3/><D3/><U41/><E2/><V82/><F82/><W117/><G117/><T86/><D71/><U78/><E78/><V21/><F21/><W4/><G81/><T101/><D69/><U127/><E0/><V17/><F17/><N who="1" m="6153" /><E127/><V134/><F126/><W112/><G77/><T100/><D36/><U67/><E67/><V87/><F87/><W97/><G66/><T63/><D86/><U9/><E9/><V35/><F35/><W106/><G39/><T120/><D85/><U6/><E6/><V25/><F25/><W135/><G27/><T89/><D100/><U102/><E102/><V83/><F134/><W52/><G135/><T105/><D101/><U22/><E22/><V34/><F34/><W59/><G4/><T98/><D90/><U16/><N who="1" m="6161" /><U96/><DORA hai="125" /><E96/><V109/><F109/><W13/><G97/><T31/><D98/><U133/><E133/><V8/><F8/><RYUUKYOKU ba="3,0" sc="62,0,553,0,235,0,150,0" /><INIT seed="7,4,0,1,0,90" ten="62,553,235,150" oya="3" hai0="42,87,78,52,103,15,32,67,95,125,4,29,119" hai1="109,30,34,108,79,3,123,65,61,60,39,68,0" hai2="71,44,77,74,48,118,83,5,41,102,63,73,16" hai3="111,113,9,10,91,58,92,66,128,100,104,49,107"/><W26/><G128/><T127/><D119/><U105/><E60/><V64/><F118/><W13/><G111/><N who="1" m="42570" /><E123/><V50/><F102/><W12/><G104/><T84/><D67/><U35/><E79/><V62/><F62/><W93/><G107/><T76/><D42/><U133/><E133/><V18/><F74/><W2/><G2/><N who="1" m="554" /><E30/><V54/><F5/><W59/><G26/><T40/><D40/><U85/><E85/><V88/><F88/><W51/><G100/><T97/><D32/><N who="1" m="12331" /><E105/><V43/><F43/><W115/><G91/><T112/><D29/><U122/><E122/><V114/><F41/><W31/><G31/><T69/><D69/><U72/><E72/><V6/><F71/><W25/><G25/><T134/><D134/><U21/><E21/><V106/><F106/><W27/><G27/><T57/><D112/><U126/><E126/><N who="0" m="48137" /><D4/><U81/><E81/><V37/><F6/><W116/><G116/><T23/><D78/><U45/><E45/><V89/><F44/><W17/><G17/><T120/><D120/><U56/><E56/><V24/><F73/><W110/><G110/><T46/><D46/><U20/><E20/><V82/><F77/><W28/><G28/><T124/><N who="0" m="48145" /><T98/><DORA hai="14" /><D76/><U33/><N who="1" m="12339" /><U86/><DORA hai="80" /><E86/><N who="0" m="32809" /><D98/><U7/><E7/><V117/><F117/><W135/><G135/><T53/><D57/><U75/><E75/><V96/><F96/><W36/><G66/><T121/><D121/><U1/><N who="1" m="562" /><U55/><DORA hai="99" /><E55/><N who="0" m="21065" /><D23/><U132/><E132/><V129/><F54/><W19/><G19/><RYUUKYOKU ba="4,0" sc="62,10,553,10,235,-30,150,10" hai0="15,95,97,103" hai1="39,61,65,68" hai3="9,10,12,13,36,49,51,58,59,92,93,113,115" /><INIT seed="7,5,0,5,3,18" ten="72,563,205,160" oya="3" hai0="89,71,80,36,7,116,8,88,72,66,133,50,11" hai1="119,32,60,61,43,123,96,130,82,120,20,37,75" hai2="98,55,73,125,16,47,69,41,134,17,127,83,1" hai3="104,65,102,21,53,77,23,25,56,129,126,93,5"/><W114/><G104/><T44/><D36/><U128/><E32/><V57/><F69/><W4/><G126/><N who="2" m="48137" /><F1/><W31/><G129/><N who="1" m="49770" /><E119/><V91/><F134/><W33/><G114/><T9/><D116/><U109/><E109/><V107/><F107/><W34/><G34/><T117/><D117/><U63/><E96/><V52/><F73/><W22/><G65/><T38/><D38/><U70/><E70/><V74/><F74/><W62/><G77/><T46/><D133/><U6/><E6/><N who="3" m="2666" /><G33/><T51/><D72/><U81/><E75/><V24/><F24/><W124/><G124/><T76/><D76/><U112/><E112/><V59/><F59/><W108/><G108/><T39/><D39/><U106/><E106/><V101/><F55/><W3/><G3/><T111/><D111/><U15/><E43/><V135/><F135/><W115/><G115/><T95/><D71/><U79/><E37/><N who="2" m="21935" /><F101/><W35/><G35/><T85/><D66/><U132/><E132/><V48/><F98/><AGARI ba="5,0" hai="21,22,23,25,31,53,56,62,93,98,102" m="2666" machi="98" ten="30,11600,0" yaku="8,1,52,3" doraHai="18" who="3" fromWho="2" sc="72,0,563,0,205,-131,160,131" /><INIT seed="7,6,0,3,5,112" ten="72,563,74,291" oya="3" hai0="91,109,124,60,123,6,65,49,100,102,134,10,1" hai1="81,38,24,74,94,111,37,43,15,63,95,110,17" hai2="34,70,129,36,114,78,22,62,88,93,12,56,46" hai3="5,21,76,7,115,135,121,130,89,18,105,99,20"/><W66/><G115/><T80/><D123/><U19/><E24/><V131/><F114/><W106/><G121/><T47/><D109/><U29/><E29/><V86/><F78/><W8/><G105/><T119/><D134/><U26/><E26/><V97/><F70/><W96/><G106/><T127/><D119/><U79/><E63/><V55/><F34/><W69/><G69/><T53/><D80/><U33/><E33/><V113/><F113/><W2/><G2/><T108/><D91/><U128/><E128/><N who="2" m="49227" /><F12/><N who="3" m="7431" /><G135/><T82/><D82/><U31/><E31/><V0/><F0/><W101/><G101/><T4/><D4/><N who="3" m="1609" /><G130/><T52/><D108/><U104/><E104/><V40/><F22/><N who="3" m="8811" /><G76/><T45/><D102/><U11/><E111/><V30/><F97/><W41/><G41/><T132/><D100/><U98/><E110/><V42/><F42/><W133/><G133/><T122/><D122/><U28/><E94/><V84/><F84/><W14/><G66/><T16/><D132/><U85/><E74/><V54/><F54/><W39/><G39/><T73/><D73/><U107/><E107/><V58/><F58/><W13/><G96/><T90/><D90/><U64/><E64/><V71/><F71/><W3/><G3/><T68/><D16/><U118/><E43/><V116/><F30/><W125/><G99/><T51/><AGARI ba="6,0" hai="1,6,10,45,47,49,51,52,53,60,65,68,124,127" machi="51" ten="30,4000,0" yaku="0,1,9,1,54,1" doraHai="112" who="0" fromWho="0" sc="72,58,563,-16,74,-16,291,-26" owari="130,-27.0,547,64.0,58,-44.0,265,7.0" /></mjloggm>