<mjloggm ver="2.3"><GO type="41"/><UN n0="%E4%BA%94%E5%92%8C" n1="%E3%83%93%E3%82%BF%E3%83%9F%E3%83%B3" n2="%E3%82%A6%E3%83%AB%E3%83%88%E3%83%A9%E7%AB%8B%E7%9B%B4" n3="%42%6F%73%73" dan="13,13,15,15" rate="1951,1809,2010,1948" sx="M,M,M,M"/><TAIKYOKU oya="0"/><INIT seed="0,0,0,3,2,123" ten="250,250,250,250" oya="0" hai0="64,21,130,94,8,105,44,4,91,110,103,58,12" hai1="7,32,1,75,15,41,109,97,59,81,48,57,37" hai2="19,9,126,26,131,47,118,29,77,102,2,13,14" hai3="124,76,111,31,39,30,55,10,116,96,86,107,72"/><T49/><D130/><U17/><E32/><V34/><F131/><W73/><G39/><T132/><D132/><U53/><E97/><V82/><F126/><W100/><G116/><T79/><D105/><U92/><E92/><V27/><F102/><W0/><G124/><T84/><D103/><U61/><E7/><V115/><F115/><W62/><G73/><T46/><D79/><U120/><E1/><V5/><F118/><W129/><G129/><T78/><D78/><U133/><E120/><V33/><F47/><W95/><G0/><T50/><D21/><U40/><E133/><V119/><F119/><W67/><G10/><T36/><D36/><U128/><E128/><V42/><F42/><W23/><G55/><T106/><D106/><U20/><E37/><V60/><F60/><W74/><G111/><T104/><D104/><U127/><E109/><V125/><F125/><W51/><G51/><N who="0" m="19467" /><D110/><U89/><E127/><V88/><F88/><N who="3" m="53655" /><G74/><T52/><D64/><U68/><E68/><V28/><REACH who="2" step="1"/><F19/><REACH who="2" ten="250,250,240,250" step="2"/><W90/><G90/><T35/><D35/><U87/><REACH who="1" step="1"/><E75/><AGARI ba="0,1" hai="2,5,9,13,14,26,27,28,29,33,34,75,77,82" machi="75" ten="30,7700,0" yaku="1,1,2,1,7,1,9,1,53,0" doraHai="123" doraHaiUra="66" who="2" fromWho="1" sc="250,0,250,-77,240,87,250,0" /><INIT seed="1,0,0,4,2,5" ten="250,173,327,250" oya="1" hai0="84,43,47,104,107,48,35,17,85,117,58,4,32" hai1="110,49,16,29,45,86,106,81,113,20,128,133,96" hai2="74,6,7,112,97,75,91,131,72,68,90,111,19" hai3="28,52,14,93,105,53,54,69,94,2,130,120,39"/><U114/><E128/><V11/><F68/><W98/><G2/><T31/><D117/><U10/><E29/><V134/><F131/><W109/><G69/><T125/><D125/><U3/><E133/><V76/><F76/><W83/><G39/><T23/><D104/><U42/><E110/><V15/><F111/><W18/><G109/><T127/><D107/><U62/><E62/><V59/><F134/><W12/><G28/><T132/><D127/><U36/><E36/><V56/><F112/><W87/><G120/><T46/><D132/><U65/><E65/><V101/><F91/><W40/><G40/><T1/><D58/><U8/><E96/><V126/><F90/><W13/><G130/><T73/><D73/><U122/><E106/><V24/><F126/><W33/><G33/><T99/><D99/><U30/><E122/><V78/><F78/><W57/><G57/><T60/><D60/><U50/><E3/><V41/><F41/><W63/><G63/><T51/><D31/><U21/><E113/><V82/><F82/><W9/><G105/><T70/><D70/><U38/><E50/><V129/><F129/><W89/><REACH who="3" step="1"/><G93/><REACH who="3" ten="250,173,327,240" step="2"/><T92/><D92/><U116/><E38/><V64/><F56/><W118/><G118/><T34/><D47/><U100/><E116/><V80/><F59/><W37/><G37/><T103/><D46/><U121/><E121/><V26/><F64/><W123/><G123/><T135/><D135/><U102/><E114/><V67/><F67/><W95/><G95/><T0/><D0/><U119/><E119/><V44/><F44/><RYUUKYOKU ba="0,1" sc="250,-10,173,-10,327,-10,240,30" hai3="9,12,13,14,18,52,53,54,83,87,89,94,98" /><INIT seed="2,1,1,2,3,135" ten="240,163,317,270" oya="2" hai0="16,35,94,81,29,68,5,90,37,109,67,82,56" hai1="121,41,76,40,84,93,110,14,112,48,27,17,45" hai2="4,3,24,60,43,124,89,42,95,22,2,58,6" hai3="18,115,47,113,15,54,39,63,99,50,98,46,31"/><V75/><F75/><W80/><G31/><T88/><D68/><U10/><E121/><V116/><F116/><W131/><G80/><T23/><D37/><U53/><E112/><V105/><F105/><W108/><G131/><T128/><D128/><U133/><E133/><V12/><F12/><W87/><G108/><T28/><D109/><U51/><E110/><V34/><F34/><W97/><G87/><N who="0" m="50287" /><D5/><U25/><E40/><V85/><F2/><W126/><G63/><N who="0" m="38375" /><D82/><U0/><E0/><V21/><F3/><W96/><G39/><T26/><D35/><U74/><E74/><V86/><F4/><W61/><G61/><T71/><D71/><U120/><E120/><V11/><F6/><W92/><G46/><T73/><D73/><U62/><E62/><V55/><F11/><W101/><G101/><T106/><D106/><U52/><E41/><V65/><F42/><W77/><G77/><T119/><D119/><U13/><E13/><V66/><F43/><W64/><G92/><T20/><D20/><U103/><E103/><V123/><F21/><N who="3" m="11487" /><G64/><T19/><D29/><U111/><E111/><V107/><F107/><W129/><G129/><T79/><D79/><U118/><E118/><V38/><F38/><W8/><G8/><T83/><D83/><N who="1" m="47207" /><E93/><V33/><F123/><W32/><G32/><T1/><D1/><U49/><E48/><V130/><F33/><W132/><G132/><T104/><D104/><U9/><E10/><V70/><F130/><W59/><N who="3" m="25088" /><DORA hai="127" /><W36/><G126/><T72/><D72/><U44/><AGARI ba="1,1" hai="9,14,17,25,27,44,45,49,51,52,53" m="47207" machi="44" ten="30,2000,0" yaku="8,1,54,1" doraHai="135,127" who="1" fromWho="1" sc="240,-6,163,33,317,-11,270,-6" /><INIT seed="3,0,0,1,4,85" ten="234,196,306,264" oya="3" hai0="21,15,5,29,25,20,83,113,84,9,1,91,105" hai1="86,90,42,43,114,41,59,79,32,24,96,123,119" hai2="68,104,14,58,81,71,49,107,12,28,94,74,112" hai3="93,125,56,88,31,132,128,98,4,7,55,97,115"/><W87/><G128/><T126/><D105/><U95/><E114/><V102/><F28/><W0/><G115/><T76/><D113/><U124/><E123/><V129/><F112/><W6/><G132/><T89/><D126/><U92/><E119/><V77/><F129/><W75/><G75/><T80/><D80/><U101/><E124/><V63/><F107/><W106/><G125/><T66/><D66/><U33/><E79/><V64/><F104/><W73/><G73/><T22/><REACH who="0" step="1"/><D1/><REACH who="0" ten="224,196,306,264" step="2"/><U2/><E2/><V18/><F81/><W50/><G0/><T103/><D103/><U130/><E130/><V121/><F102/><W135/><G135/><T13/><D13/><U116/><E116/><V99/><F12/><W26/><REACH who="3" step="1"/><G106/><REACH who="3" ten="224,196,306,254" step="2"/><T8/><D8/><U17/><E33/><AGARI ba="0,2" hai="4,6,7,26,31,33,50,55,56,87,88,93,97,98" machi="33" ten="40,12000,1" yaku="1,1,2,1,52,1,54,1,53,1" doraHai="85" doraHaiUra="46" who="3" fromWho="1" sc="224,0,196,-120,306,0,254,140" /><AGARI ba="0,0" hai="5,9,15,20,21,22,25,29,33,76,83,84,89,91" machi="33" ten="40,5200,0" yaku="1,1,52,2,53,0" doraHai="85" doraHaiUra="46" who="0" fromWho="1" sc="224,52,76,-52,306,0,394,0" /><INIT seed="3,1,0,0,3,9" ten="276,24,306,394" oya="3" hai0="17,53,113,13,2,28,77,121,133,50,11,39,4" hai1="27,37,98,21,130,65,0,30,41,45,88,22,29" hai2="68,67,70,93,119,120,84,25,115,112,36,87,40" hai3="122,97,49,127,47,42,5,12,134,117,106,102,74"/><W99/><G117/><T63/><D121/><U80/><E0/><V100/><F25/><W94/><G122/><T105/><D39/><U132/><E130/><V85/><F67/><W66/><G74/><T56/><D105/><U64/><E132/><V103/><F40/><W135/><G127/><T26/><D133/><N who="3" m="50697" /><G66/><T79/><D113/><U81/><E81/><V86/><F36/><W78/><G78/><T111/><D111/><U116/><E116/><V57/><F57/><W1/><G1/><T58/><D4/><U104/><E104/><V95/><F68/><W32/><G32/><T10/><D10/><U60/><E60/><V109/><F70/><W73/><G73/><T31/><D2/><U23/><E80/><V101/><F119/><W82/><G82/><T16/><D17/><U69/><E69/><V125/><F120/><W24/><G24/><T108/><D108/><U3/><E3/><V7/><F109/><W55/><G42/><T48/><D28/><U83/><E83/><V8/><F125/><W34/><G34/><T114/><D114/><U89/><E98/><V71/><F71/><W62/><G62/><T126/><D126/><U38/><E41/><V46/><F115/><W19/><G5/><T107/><D107/><U52/><E38/><V129/><F112/><W14/><G19/><T61/><D79/><U96/><E37/><V131/><N who="2" m="22016" /><DORA hai="123" /><V35/><F35/><W124/><G124/><T15/><D77/><U18/><E30/><V33/><F33/><W44/><G47/><T92/><D31/><U72/><E29/><V54/><F46/><RYUUKYOKU ba="1,0" sc="276,-10,24,-10,306,-10,394,30" hai3="12,14,44,49,55,94,97,99,102,106" /><INIT seed="3,2,0,5,3,108" ten="266,14,296,424" oya="3" hai0="26,40,99,55,82,115,74,73,35,34,102,124,50" hai1="42,103,29,2,36,97,0,61,77,70,14,17,9" hai2="90,98,49,25,41,81,47,72,69,52,23,127,96" hai3="6,22,125,24,119,54,11,114,3,43,44,65,130"/><W83/><G119/><T7/><D40/><U75/><E29/><V105/><F69/><W4/><G114/><T18/><D124/><U110/><E110/><V71/><F71/><W8/><G130/><T19/><D7/><U16/><E75/><V93/><F127/><W15/><G125/><T129/><D129/><U28/><E77/><V1/><F1/><W104/><G104/><T133/><D133/><U62/><E42/><V111/><F111/><W134/><G134/><T118/><D118/><U63/><E36/><V135/><F135/><W95/><G65/><T120/><D120/><U121/><E121/><V113/><F113/><W37/><G54/><T85/><D115/><U76/><E76/><V94/><F81/><W123/><G123/><T56/><D73/><U122/><E122/><V60/><F72/><W32/><G32/><T64/><D64/><U132/><E132/><V21/><F105/><W57/><G57/><T38/><D38/><U39/><E39/><V12/><F12/><W88/><G83/><T89/><D74/><U128/><E28/><V86/><F86/><W116/><G116/><T92/><D35/><U84/><E84/><V10/><F10/><W107/><G107/><T33/><D33/><U80/><E80/><V31/><F23/><W66/><G66/><T51/><D34/><U68/><E128/><V59/><F94/><W117/><G117/><T27/><REACH who="0" step="1"/><D50/><REACH who="0" ten="256,14,296,424" step="2"/><U78/><E0/><V131/><F131/><W5/><G6/><T48/><D48/><U87/><E2/><V46/><F47/><W101/><G44/><T67/><D67/><RYUUKYOKU ba="2,1" sc="256,15,14,-15,296,15,424,-15" hai0="18,19,26,27,51,55,56,82,85,89,92,99,102" hai2="21,25,31,41,46,49,52,59,60,90,93,96,98" owari="271,-13.0,-1,-50.0,311,11.0,419,52.0" /></mjloggm>