<mjloggm ver="2.3"><GO type="41" lobby="0"/><UN n0="%E3%81%93%E3%81%93%E3%82%8D%E3%81%AA%E3%81%84%E5%A4%A9%E4%BD%BF" n1="%E3%82%A6%E3%83%AB%E3%83%88%E3%83%A9%E7%AB%8B%E7%9B%B4" n2="%E3%80%90%E9%BE%8D%E9%96%80%E6%B8%95%E3%82%BB%E3%82%A4%E3%83%A9%E3%80%91" n3="%E7%A7%8B%E5%BA%AD%E8%A3%A1%E9%A6%99" dan="14,16,13,15" rate="1943.92,2063.48,1813.23,2031.28" sx="M,M,M,M"/><TAIKYOKU oya="0"/><INIT seed="0,0,0,4,0,62" ten="250,250,250,250" oya="0" hai0="67,15,98,73,131,114,132,25,130,23,83,95,91" hai1="103,27,92,12,105,4,70,48,59,69,110,41,19" hai2="85,24,81,17,80,135,38,127,55,34,22,31,99" hai3="87,64,9,37,101,96,128,66,126,52,75,50,65"/><T16/><D114/><U5/><E105/><V43/><F127/><W51/><G75/><T45/><D132/><U54/><E110/><V13/><F135/><W29/><G37/><T86/><D73/><U121/><E121/><V125/><F125/><W113/><G113/><T97/><D97/><U116/><E116/><V133/><F133/><W32/><G126/><T26/><D45/><U94/><E69/><V123/><F123/><W124/><G124/><T1/><D1/><U84/><E70/><V28/><F28/><W36/><G36/><T53/><D53/><U18/><E41/><V2/><F2/><W6/><G128/><N who="0" m="49195" /><D67/><U33/><E92/><V0/><F0/><W77/><G29/><T108/><D108/><U47/><E47/><V44/><F55/><W90/><G32/><T3/><D3/><U106/><E106/><V39/><F99/><W119/><G119/><T117/><D117/><U74/><E74/><V104/><F104/><W7/><G77/><AGARI ba="0,0" hai="15,16,23,25,26,77,83,86,91,95,98" m="49195" machi="77" ten="30,2900,0" yaku="19,1,54,1" doraHai="62" who="0" fromWho="3" sc="250,29,250,0,250,0,250,-29" /><INIT seed="0,1,0,3,3,32" ten="279,250,250,221" oya="0" hai0="108,59,112,110,17,16,79,55,9,98,84,41,122" hai1="91,38,35,63,107,75,46,135,57,27,104,7,53" hai2="132,45,97,29,39,13,88,49,93,65,48,34,6" hai3="99,131,80,125,83,31,133,3,64,115,56,82,40"/><T33/><D33/><U30/><E75/><V123/><F123/><W129/><G115/><T18/><D122/><U90/><E135/><V10/><F132/><W87/><G133/><T81/><D112/><U14/><E104/><V126/><F126/><W92/><G125/><T130/><D130/><U54/><E107/><V94/><F65/><W24/><G40/><T19/><D41/><U22/><E38/><V124/><F124/><W68/><G3/><T69/><D69/><U118/><E118/><V78/><F78/><W117/><G68/><T73/><D9/><U121/><E121/><V103/><F39/><W71/><G71/><T70/><D70/><U95/><E35/><V86/><REACH who="2" step="1"/><F45/><REACH who="2" ten="279,250,240,221" step="2"/><W120/><G120/><T47/><D47/><U100/><E46/><V23/><F23/><N who="3" m="15775" /><G117/><T12/><D73/><U72/><E72/><V8/><F8/><W21/><G21/><T116/><D116/><U50/><E22/><V20/><F20/><W119/><G119/><T114/><D114/><U67/><E30/><V36/><F36/><W106/><G131/><T26/><D26/><AGARI ba="1,1" hai="6,10,13,26,29,34,48,49,86,88,93,94,97,103" machi="26" ten="40,2600,0" yaku="1,1,54,1,53,0" doraHai="32" doraHaiUra="109" who="2" fromWho="0" sc="279,-29,250,0,240,39,221,0" /><INIT seed="1,0,0,2,2,84" ten="250,250,279,221" oya="1" hai0="40,6,76,103,21,57,128,106,26,135,116,8,35" hai1="41,56,42,86,72,85,48,122,62,109,45,60,134" hai2="23,13,130,100,79,78,102,19,36,25,3,0,115" hai3="132,14,77,119,20,81,124,10,37,110,118,61,49"/><U7/><E72/><V50/><F36/><W55/><G37/><T16/><D116/><N who="3" m="44585" /><G110/><T94/><D128/><U98/><E122/><V34/><F130/><W96/><G124/><T91/><D135/><U108/><E7/><V71/><F71/><W105/><G132/><T59/><D40/><U47/><E134/><V83/><F115/><W52/><G96/><T80/><D35/><U111/><E98/><V125/><F125/><W73/><G105/><T97/><D103/><U65/><REACH who="1" step="1"/><E62/><REACH who="1" ten="250,240,279,221" step="2"/><V44/><F0/><W70/><G61/><T11/><D106/><U95/><E95/><V88/><F3/><W101/><G73/><T2/><D11/><U112/><E112/><V32/><F34/><W28/><G49/><AGARI ba="0,1" hai="41,42,45,47,48,49,56,60,65,85,86,108,109,111" machi="49" ten="40,12000,1" yaku="1,1,9,1,14,1,10,1,53,1" doraHai="84" doraHaiUra="53" who="1" fromWho="3" sc="250,0,240,130,279,0,221,-120" /><INIT seed="1,1,0,5,3,51" ten="250,370,279,101" oya="1" hai0="10,30,35,24,21,56,119,123,85,28,93,79,109" hai1="124,126,88,75,135,66,102,54,113,118,101,83,58" hai2="92,115,103,1,42,91,43,12,130,87,16,3,125" hai3="7,128,80,63,61,14,70,68,116,104,120,40,84"/><U76/><E66/><V100/><F125/><N who="1" m="48233" /><E113/><V114/><F130/><W106/><G128/><T25/><D119/><U64/><E64/><V53/><F3/><W55/><G116/><T67/><D123/><U81/><E118/><V60/><F1/><W38/><G120/><T133/><D109/><U65/><E65/><V95/><F100/><W17/><G68/><T26/><D133/><U77/><E135/><V34/><F34/><W15/><G70/><T41/><D41/><U23/><E23/><N who="2" m="11655" /><F103/><W78/><G7/><T37/><D37/><U108/><E108/><V33/><F95/><W18/><G40/><T97/><D10/><U39/><E39/><V89/><F89/><W99/><G38/><T11/><D11/><U73/><E88/><V82/><F82/><W9/><G99/><T131/><D131/><U48/><AGARI ba="1,0" hai="48,54,58,73,75,76,77,81,83,101,102" m="48233" machi="48" ten="30,3000,0" yaku="18,1,52,1" doraHai="51" who="1" fromWho="1" sc="250,-11,370,33,279,-11,101,-11" /><INIT seed="1,2,0,4,0,124" ten="239,403,268,90" oya="1" hai0="122,114,108,87,65,48,112,127,107,88,1,6,118" hai1="71,56,33,15,70,20,106,77,96,22,131,82,85" hai2="10,28,133,16,62,27,78,91,100,7,13,80,19" hai3="126,24,26,30,57,41,64,98,115,94,34,105,40"/><U111/><E33/><V9/><F133/><W61/><G115/><T60/><D118/><U46/><E71/><V119/><F119/><W123/><G123/><T86/><D122/><U81/><E70/><V92/><F100/><W55/><G126/><T95/><D127/><U0/><E0/><V63/><F78/><W37/><G24/><T3/><D107/><U47/><E96/><V66/><F80/><W39/><G40/><T11/><D108/><U104/><E111/><V4/><F66/><W17/><G105/><T5/><D86/><U53/><E15/><N who="2" m="5567" /><F91/><W44/><G17/><N who="2" m="6729" /><F63/><W25/><G25/><T69/><D48/><U50/><E82/><V116/><F92/><W29/><G29/><T109/><D109/><U54/><E104/><V32/><F62/><W117/><G117/><T121/><D121/><U75/><E75/><V102/><F102/><W43/><G41/><T35/><D35/><U99/><E99/><V90/><F90/><W51/><G64/><T14/><D14/><U49/><E106/><V79/><F79/><W84/><G84/><T125/><D125/><U68/><E68/><V128/><F116/><W93/><G94/><T36/><D36/><U89/><E77/><V76/><F76/><W135/><G135/><T42/><D42/><U73/><E73/><V97/><F97/><W58/><G57/><T67/><D65/><U72/><E72/><V103/><F103/><AGARI ba="2,0" hai="26,30,34,37,39,43,44,51,55,58,61,93,98,103" machi="103" ten="30,1000,0" yaku="7,1" doraHai="124" who="3" fromWho="2" sc="239,0,403,0,268,-16,90,16" /><INIT seed="2,0,0,3,1,27" ten="239,403,252,106" oya="2" hai0="34,111,122,102,74,42,123,85,94,23,9,120,71" hai1="58,51,113,47,45,46,25,117,80,14,91,114,125" hai2="75,101,79,90,3,127,64,28,97,40,33,50,132" hai3="18,72,107,124,63,104,4,5,135,118,67,88,21"/><V103/><F3/><W26/><G118/><T99/><D71/><U44/><E117/><V68/><F127/><W10/><G124/><T2/><D42/><U12/><E125/><V37/><F37/><W41/><G135/><T59/><D34/><U70/><E70/><V82/><F132/><W16/><G72/><T76/><D111/><U83/><E113/><V130/><F130/><W93/><G41/><T48/><D74/><U19/><E58/><V133/><F133/><W15/><G104/><T87/><D23/><N who="1" m="13567" /><E114/><V100/><F50/><W78/><G78/><T24/><D24/><U128/><E128/><V7/><F7/><W20/><G20/><T29/><D29/><U52/><E80/><V116/><F40/><W121/><G107/><T22/><D22/><U0/><E0/><V89/><F116/><W65/><G121/><T110/><D110/><U32/><E32/><V39/><F39/><W30/><G18/><T131/><D131/><U95/><E83/><V55/><F55/><W56/><G65/><T84/><D76/><U1/><E1/><V134/><F134/><W62/><G63/><T81/><D81/><U17/><E17/><V43/><F43/><W13/><G15/><T112/><D112/><U129/><E129/><V77/><F79/><W69/><G69/><T36/><D36/><U109/><E109/><V126/><F126/><W61/><G62/><T108/><D108/><U54/><E54/><V38/><F38/><W86/><AGARI ba="0,0" hai="4,5,10,13,16,21,26,30,56,61,67,86,88,93" machi="86" ten="20,12000,2" yaku="0,1,7,1,8,1,52,1,54,2" doraHai="27" who="3" fromWho="3" sc="239,-30,403,-30,252,-60,106,120" /><INIT seed="3,0,0,2,2,106" ten="209,373,192,226" oya="3" hai0="44,131,93,65,134,51,25,39,33,1,99,50,78" hai1="88,74,37,72,20,10,95,67,120,22,81,53,13" hai2="69,125,8,82,41,77,40,97,18,29,112,6,128" hai3="63,130,48,92,121,4,104,113,28,87,0,84,35"/><W108/><G113/><T85/><D1/><U59/><E37/><V7/><F112/><W68/><G121/><T16/><D39/><U122/><E67/><V23/><F69/><W98/><G130/><T38/><D131/><U96/><E120/><V9/><F128/><W101/><G108/><T118/><D118/><U89/><E122/><V116/><F116/><W105/><G48/><T90/><D134/><U19/><E89/><V132/><F132/><W24/><G104/><T56/><D38/><U12/><E81/><V117/><F117/><W64/><G92/><T103/><D78/><U61/><E22/><V34/><F125/><W30/><G28/><T83/><D33/><U115/><E115/><V62/><F62/><W70/><G68/><T73/><D73/><U133/><E133/><V14/><F97/><W2/><G2/><T123/><D123/><U71/><E71/><V55/><F55/><W57/><G57/><T114/><D114/><U32/><E32/><V110/><F40/><W76/><G76/><T80/><D80/><U27/><E13/><N who="2" m="5279" /><F41/><W52/><REACH who="3" step="1"/><G52/><REACH who="3" ten="209,373,192,216" step="2"/><N who="0" m="31775" /><D65/><U31/><AGARI ba="0,1" hai="10,12,19,20,27,31,53,59,61,72,74,88,95,96" machi="31" ten="20,8000,1" yaku="0,1,7,1,52,2,54,1" doraHai="106" who="1" fromWho="1" sc="209,-20,373,90,192,-20,216,-40" /><INIT seed="4,0,0,4,3,11" ten="189,463,172,176" oya="0" hai0="54,112,101,91,133,53,97,81,108,76,28,1,43" hai1="13,98,132,115,103,64,68,30,9,40,12,34,14" hai2="107,96,31,27,71,93,36,105,79,60,49,99,94" hai3="23,134,106,33,8,121,84,63,15,46,75,48,50"/><T2/><D43/><U20/><E132/><V44/><F44/><W77/><BYE who="2" /><G134/><T113/><D133/><U74/><E74/><V102/><F102/><W26/><G121/><T119/><D119/><U58/><E115/><N who="0" m="44105" /><D108/><U41/><E68/><V35/><F35/><W39/><G106/><N who="0" m="63791" /><D91/><U86/><E34/><V111/><F111/><W114/><G33/><T10/><D28/><U125/><E125/><V100/><F100/><W82/><G114/><T124/><D124/><U116/><E116/><V0/><F0/><N who="0" m="106" /><D10/><U62/><E41/><V17/><F17/><W42/><G63/><T24/><D24/><N who="1" m="16647" /><E40/><V65/><F65/><W16/><REACH who="3" step="1"/><G84/><AGARI ba="0,0" hai="53,54,76,81,84" m="106,63791,44105" machi="84" ten="30,1500,0" yaku="15,1" doraHai="11" who="0" fromWho="3" sc="189,15,463,0,172,0,176,-15" /><UN n2="%E3%80%90%E9%BE%8D%E9%96%80%E6%B8%95%E3%82%BB%E3%82%A4%E3%83%A9%E3%80%91" /><INIT seed="4,1,0,5,0,91" ten="204,463,172,161" oya="0" hai0="0,132,10,113,2,106,36,103,88,102,22,83,20" hai1="52,87,64,110,44,1,7,100,79,134,60,47,97" hai2="125,92,39,77,122,93,114,67,38,119,48,29,63" hai3="62,72,53,4,65,131,94,43,86,105,111,23,31"/><T85/><D36/><U82/><E110/><V128/><F122/><W74/><G111/><T133/><D113/><U3/><E134/><N who="0" m="51817" /><D106/><U6/><E3/><N who="0" m="1065" /><D10/><U76/><E76/><V35/><F77/><W120/><G120/><T127/><D127/><U11/><E7/><V8/><F8/><W27/><G105/><T33/><D33/><U89/><E79/><V50/><F114/><W25/><G4/><T15/><D15/><U28/><E28/><V78/><F78/><W107/><G107/><T80/><D80/><U71/><E52/><V13/><F13/><W68/><G43/><T101/><AGARI ba="1,0" hai="20,22,83,85,88,101,102,103" m="1065,51817" machi="101" ten="40,3900,0" yaku="20,1,54,1" doraHai="91" who="0" fromWho="0" sc="204,42,463,-14,172,-14,161,-14" /><INIT seed="4,2,0,0,4,91" ten="246,449,158,147" oya="0" hai0="102,48,68,107,6,54,106,12,28,39,11,49,85" hai1="23,62,113,81,7,82,5,133,88,55,131,15,13" hai2="109,64,10,51,86,95,83,0,47,98,8,104,16" hai3="32,112,37,74,120,87,119,130,34,124,69,1,73"/><T57/><D68/><U44/><E131/><V129/><F109/><W94/><RYUUKYOKU type="yao9" ba="2,0" sc="246,0,449,0,158,0,147,0" hai3="1,32,34,37,69,73,74,87,94,112,119,120,124,130" /><INIT seed="4,3,0,2,3,121" ten="246,449,158,147" oya="0" hai0="81,65,16,34,50,114,89,77,111,80,39,28,48" hai1="122,133,87,63,24,26,59,100,1,23,64,103,71" hai2="3,84,116,27,92,135,32,17,68,126,118,67,11" hai3="18,36,131,127,33,0,124,55,105,6,113,52,54"/><T8/><D39/><U73/><E1/><V38/><F38/><W96/><G36/><T99/><D114/><U9/><E73/><V94/><F126/><W46/><G33/><T43/><D111/><U132/><E122/><V22/><F135/><N who="1" m="51785" /><E9/><V72/><F72/><W58/><G113/><T62/><D28/><U49/><E26/><V104/><F104/><W76/><G131/><T41/><D34/><U25/><E25/><V66/><F68/><W13/><G76/><T31/><D31/><U56/><E87/><V93/><F32/><W51/><G6/><T53/><D50/><U128/><E128/><V7/><REACH who="2" step="1"/><F84/><REACH who="2" ten="246,449,148,147" step="2"/><W79/><G124/><T82/><D77/><U44/><E71/><V107/><F107/><W129/><G79/><T97/><D97/><U75/><E75/><V4/><F4/><W86/><G86/><T117/><D117/><AGARI ba="3,1" hai="3,7,11,17,22,27,66,67,92,93,94,116,117,118" machi="117" ten="40,2600,0" yaku="1,1,12,1,53,0" doraHai="121" doraHaiUra="42" who="2" fromWho="0" sc="246,-35,449,0,148,45,147,0" /><INIT seed="5,0,0,4,5,84" ten="211,449,193,147" oya="1" hai0="83,121,8,77,100,129,124,44,75,107,131,74,112" hai1="102,39,62,35,94,31,98,126,55,41,53,56,78" hai2="93,16,90,65,28,63,54,97,111,133,18,52,10" hai3="19,135,43,123,115,105,69,79,1,113,17,68,130"/><U81/><E126/><V27/><F111/><W96/><G123/><T103/><D121/><U12/><E41/><V92/><F133/><W15/><G135/><T14/><D124/><U36/><E31/><V91/><F65/><W48/><G1/><T110/><D110/><U5/><E35/><V0/><F0/><W106/><G130/><T116/><D116/><U127/><E127/><V29/><F63/><W33/><G33/><T40/><D112/><N who="3" m="43081" /><G79/><T32/><D32/><U101/><E101/><N who="0" m="38985" /><D107/><N who="3" m="40969" /><G96/><T22/><D75/><U86/><E36/><V95/><F10/><N who="3" m="6391" /><G19/><N who="2" m="7209" /><F27/><W3/><G3/><T117/><D117/><U2/><E2/><V61/><F61/><W118/><G118/><T21/><D131/><U71/><E39/><V122/><F122/><W87/><G87/><T99/><D129/><U51/><E71/><V26/><F26/><W47/><AGARI ba="0,0" hai="43,47,48,68,69" m="6391,40969,43081" machi="47" ten="40,1500,0" yaku="15,1" doraHai="84" who="3" fromWho="3" sc="211,-4,449,-7,193,-4,147,15" /><INIT seed="6,0,0,5,1,10" ten="207,442,189,162" oya="2" hai0="93,134,107,23,12,1,0,49,59,46,36,69,99" hai1="24,92,66,64,47,15,85,110,38,30,29,82,79" hai2="55,6,125,44,68,88,91,35,98,119,121,84,115" hai3="20,41,33,58,128,113,120,101,118,103,81,74,97"/><V31/><F119/><W71/><G118/><T122/><D69/><U124/><E110/><V70/><F121/><W100/><G120/><T129/><D122/><U123/><E123/><V40/><F6/><W53/><G71/><T105/><D129/><U94/><E124/><V27/><F125/><W114/><G33/><T26/><D134/><U63/><E47/><V111/><F111/><W14/><G128/><T95/><D36/><U109/><E38/><V32/><F55/><W73/><G41/><T89/><D0/><U80/><E80/><V50/><F35/><W104/><G81/><T48/><D1/><U52/><E64/><V2/><F2/><W43/><G43/><T11/><D59/><U28/><E66/><V45/><F115/><N who="3" m="44043" /><G74/><T8/><D8/><U67/><E67/><V13/><F45/><W83/><G73/><T51/><D46/><U76/><E76/><V77/><F77/><W3/><G83/><T34/><D34/><U106/><E106/><V65/><F65/><W127/><G127/><T37/><D37/><U131/><E131/><V25/><F25/><W54/><G3/><T78/><D78/><U72/><E24/><V133/><F133/><W5/><G54/><T17/><REACH who="0" step="1"/><D93/><REACH who="0" ten="197,442,189,162" step="2"/><U86/><E94/><N who="2" m="56647" /><F13/><W130/><G130/><T90/><D90/><N who="1" m="53327" /><E109/><V19/><F19/><AGARI ba="0,1" hai="11,12,17,19,23,26,48,49,51,89,95,99,105,107" machi="19" ten="40,2600,0" yaku="1,1,52,1,53,0" doraHai="10" doraHaiUra="116" who="0" fromWho="2" sc="197,36,442,0,189,-26,162,0" /><INIT seed="7,0,0,2,1,109" ten="233,442,163,162" oya="3" hai0="50,53,85,54,114,91,128,4,47,27,66,122,67" hai1="83,24,95,36,40,56,117,59,82,73,39,1,99" hai2="64,86,62,79,119,30,44,105,20,120,93,100,113" hai3="33,123,78,121,5,16,41,111,55,108,29,21,9"/><W13/><G78/><T106/><D106/><U102/><E1/><V43/><F119/><W7/><G41/><T129/><D122/><N who="3" m="46601" /><G55/><T6/><D27/><U89/><E39/><V63/><F120/><W0/><G5/><N who="0" m="2155" /><D54/><U87/><E117/><V23/><F105/><W65/><G65/><T28/><D28/><U103/><E103/><V22/><F30/><W130/><G130/><N who="0" m="50283" /><D114/><U60/><E59/><V115/><F64/><W37/><G37/><T74/><D74/><U14/><E40/><V58/><F58/><W92/><G92/><AGARI ba="0,0" hai="47,50,53,66,67,85,91,92" m="50283,2155" machi="92" ten="30,1000,0" yaku="19,1" doraHai="109" who="0" fromWho="3" sc="233,10,442,0,163,0,162,-10" owari="243,4.0,442,55.0,163,-24.0,152,-35.0" /></mjloggm>