<mjloggm ver="2.3"><GO type="41"/><UN n0="%E8%99%8E%E7%8D%85%E3%81%8F%E3%82%93" n1="%E9%88%B4%E6%9C%A8%E6%84%9B%E7%90%86" n2="%61%6E%64%72%69%79" n3="%E3%82%A6%E3%83%AB%E3%83%88%E3%83%A9%E7%AB%8B%E7%9B%B4" dan="13,13,15,15" rate="1819,1978,1929,1974" sx="M,F,F,M"/><TAIKYOKU oya="0"/><INIT seed="0,0,0,3,3,3" ten="250,250,250,250" oya="0" hai0="43,22,109,13,68,83,38,41,110,17,108,36,19" hai1="62,134,35,130,132,76,25,85,6,79,77,91,126" hai2="0,26,78,94,117,84,125,119,57,96,1,104,60" hai3="18,127,5,100,56,70,107,9,71,53,54,39,86"/><T7/><D68/><U32/><E130/><V74/><F125/><W99/><G39/><T31/><D31/><U122/><E126/><V112/><F112/><W69/><G127/><T73/><D19/><U92/><E122/><V37/><F37/><N who="0" m="14442" /><D7/><U123/><E123/><V115/><F115/><W90/><G18/><T111/><N who="0" m="28160" /><DORA hai="33" /><T135/><D135/><U113/><E113/><V14/><F74/><W16/><G16/><N who="0" m="10511" /><D73/><U66/><E6/><V102/><F104/><W11/><G11/><T121/><D121/><U23/><E23/><V65/><F26/><W95/><REACH who="3" step="1"/><G56/><REACH who="3" ten="250,250,250,240" step="2"/><T116/><D116/><N who="2" m="44618" /><F14/><AGARI ba="0,1" hai="5,9,14,53,54,69,70,71,86,90,95,99,100,107" machi="14" ten="40,5200,0" yaku="1,1,52,1,53,1" doraHai="3,33" doraHaiUra="8,42" who="3" fromWho="2" sc="250,0,250,0,250,-52,240,62" /><INIT seed="1,0,0,1,0,19" ten="250,250,198,302" oya="1" hai0="89,70,1,42,122,107,50,69,103,135,105,86,21" hai1="73,82,39,35,36,44,95,100,114,16,128,106,110" hai2="40,62,113,71,60,23,111,112,25,88,4,58,0" hai3="45,11,67,131,52,27,123,22,133,115,91,90,8"/><U93/><E114/><N who="2" m="44139" /><F111/><W28/><G115/><T68/><D1/><U66/><E106/><V37/><F71/><W41/><G131/><T55/><D135/><U57/><E128/><V14/><F0/><W5/><G133/><T134/><D134/><U98/><E35/><V118/><F118/><W72/><G72/><T75/><D75/><U77/><E110/><V9/><F58/><W29/><G67/><T12/><D42/><U34/><E34/><V116/><F116/><W101/><G101/><T46/><D103/><U17/><E95/><V56/><F56/><W87/><G91/><T38/><D38/><U30/><E30/><N who="2" m="17727" /><F88/><W97/><G97/><T76/><D76/><U78/><E78/><V54/><F54/><W10/><G41/><T49/><D49/><U63/><REACH who="1" step="1"/><E44/><AGARI ba="0,0" hai="4,9,14,37,40,44,60,62" m="17727,44139" machi="44" ten="30,2000,0" yaku="11,1,52,1" doraHai="19" who="2" fromWho="1" sc="250,0,250,-20,198,20,302,0" /><INIT seed="2,0,0,3,5,133" ten="250,230,218,302" oya="2" hai0="67,120,125,66,23,64,34,46,57,32,10,24,12" hai1="71,33,90,97,74,56,60,127,63,96,128,78,134" hai2="29,48,89,14,79,59,30,131,118,86,104,107,47" hai3="103,93,41,83,37,55,44,25,65,111,82,35,132"/><V42/><F118/><W38/><G38/><T123/><D125/><U1/><E134/><V73/><F131/><W19/><G83/><T92/><D92/><U119/><E128/><V28/><F73/><W77/><G93/><T52/><D46/><U76/><E119/><V22/><F79/><W50/><G103/><T18/><D123/><U126/><E33/><V105/><F59/><W40/><G40/><T135/><D135/><U85/><E1/><V27/><REACH who="2" step="1"/><F14/><REACH who="2" ten="250,230,208,302" step="2"/><W13/><G132/><T69/><D69/><U122/><E74/><V62/><F62/><W117/><G117/><T39/><D120/><U8/><E122/><V0/><F0/><W88/><G77/><T72/><D72/><U61/><E56/><V3/><F3/><W115/><G13/><T4/><REACH who="0" step="1"/><D39/><REACH who="0" ten="240,230,208,302" step="2"/><U84/><E71/><V121/><F121/><W129/><G37/><T75/><D75/><U91/><E63/><AGARI ba="0,2" hai="4,10,12,18,23,24,32,34,52,57,63,64,66,67" machi="63" ten="40,5200,0" yaku="1,1,54,1,53,1" doraHai="133" doraHaiUra="7" who="0" fromWho="1" sc="240,72,230,-52,208,0,302,0" /><INIT seed="3,0,0,5,1,117" ten="312,178,208,302" oya="3" hai0="101,91,7,96,76,104,41,108,99,9,68,19,47" hai1="75,66,106,34,18,42,35,37,17,51,77,59,73" hai2="8,67,86,36,105,46,3,24,112,109,110,55,131" hai3="97,54,93,102,107,122,49,85,11,103,64,81,111"/><W115/><G64/><T65/><D76/><U13/><E106/><V95/><F112/><W129/><G115/><T98/><D108/><U124/><E37/><V88/><F105/><W48/><G111/><N who="2" m="42505" /><F131/><W125/><G129/><T79/><D79/><U12/><E66/><V39/><F24/><W40/><G40/><T132/><D132/><U50/><E59/><V61/><F55/><W4/><G49/><T128/><D128/><U127/><E77/><V89/><F46/><W45/><G125/><T114/><D114/><U92/><E92/><N who="2" m="54295" /><F8/><W33/><G33/><T43/><D65/><U21/><E21/><V133/><F3/><W119/><G119/><T123/><D68/><U15/><E15/><V2/><F2/><W71/><G71/><T52/><D104/><U22/><E22/><V20/><F20/><W83/><G83/><T25/><D25/><U90/><E90/><V44/><F44/><W29/><G29/><T135/><D135/><U1/><E1/><V53/><F53/><W84/><G81/><T56/><D47/><U63/><E63/><V10/><F10/><W72/><G11/><T26/><D26/><U57/><E57/><N who="2" m="37295" /><F133/><W126/><G107/><T62/><D9/><U118/><E42/><V16/><F16/><W58/><G54/><T70/><D19/><U5/><E5/><V30/><F30/><W78/><G4/><T121/><D7/><U28/><E28/><V38/><F38/><W27/><G27/><T14/><D70/><U87/><REACH who="1" step="1"/><E87/><AGARI ba="0,0" hai="36,39,87,89,95" m="37295,54295,42505" machi="87" ten="30,2000,0" yaku="14,1,54,1" doraHai="117" who="2" fromWho="1" sc="312,0,178,-20,208,20,302,0" /><INIT seed="4,0,0,5,2,86" ten="312,158,228,302" oya="0" hai0="74,70,85,49,25,51,79,27,88,103,97,77,37" hai1="112,23,83,17,76,134,114,61,132,121,102,72,117" hai2="6,15,78,62,5,29,44,36,98,80,13,66,18" hai3="123,3,113,71,41,126,46,90,91,7,104,89,53"/><T92/><D37/><U28/><E117/><V96/><F29/><W30/><G104/><T33/><D70/><U68/><E28/><V67/><F36/><W128/><G7/><T1/><D1/><U47/><E121/><V133/><F133/><N who="1" m="51305" /><E102/><V19/><F44/><W35/><G3/><T55/><D74/><U59/><E47/><V65/><F62/><W99/><G99/><N who="2" m="37929" /><F80/><W73/><G73/><T50/><D55/><N who="1" m="34047" /><E68/><V129/><F78/><N who="0" m="29706" /><D33/><U84/><E84/><V95/><F95/><AGARI ba="0,0" hai="25,27,49,50,51,85,88,92,95,97,103" m="29706" machi="95" ten="30,5800,0" yaku="8,1,52,1,54,1" doraHai="86" who="0" fromWho="2" sc="312,58,158,0,228,-58,302,0" /><INIT seed="4,1,0,3,3,85" ten="370,158,170,302" oya="0" hai0="81,95,14,118,45,18,28,55,67,94,15,46,23" hai1="109,82,75,2,13,27,0,7,103,65,76,31,116" hai2="121,29,106,53,40,32,10,97,87,63,17,26,1" hai3="11,35,135,132,126,101,83,111,64,54,91,69,52"/><T78/><D118/><U3/><E109/><V93/><F121/><W110/><G35/><T108/><D67/><U51/><E116/><V20/><F106/><W43/><G101/><T72/><D28/><U74/><E103/><V120/><F120/><W19/><G43/><T113/><D113/><U38/><E65/><V25/><F40/><W119/><G119/><T39/><D46/><U77/><E38/><V88/><F1/><W84/><G64/><T129/><D129/><U80/><E51/><V123/><F123/><W98/><G98/><T58/><D45/><U133/><E133/><N who="3" m="51274" /><G69/><T112/><D39/><U9/><REACH who="1" step="1"/><E3/><REACH who="1" ten="370,148,170,302" step="2"/><V6/><F63/><W8/><G111/><T47/><D108/><U130/><E130/><V127/><F53/><N who="3" m="20587" /><G110/><T125/><D112/><U102/><E102/><V117/><F117/><W68/><G68/><T44/><D125/><U122/><E122/><V30/><F127/><W70/><G70/><T62/><D44/><U104/><E104/><V49/><F49/><W96/><G126/><T99/><D47/><U50/><E50/><V36/><F36/><W21/><G96/><T59/><D99/><U12/><E12/><AGARI ba="1,1" hai="8,11,12,19,21,83,84,91" m="20587,51274" machi="12" ten="30,3900,0" yaku="20,1,52,1,54,1" doraHai="85" who="3" fromWho="1" sc="370,0,148,-42,170,0,302,52" /><INIT seed="5,0,0,5,1,83" ten="370,106,170,354" oya="1" hai0="82,50,52,20,68,45,66,124,131,0,88,40,53" hai1="92,108,11,37,59,5,116,95,19,2,24,126,80" hai2="111,120,93,8,22,86,81,65,73,102,42,1,21" hai3="48,72,38,35,127,64,79,44,96,106,103,9,77"/><U69/><E116/><V18/><F120/><W33/><G77/><T25/><D0/><U16/><E69/><V84/><F111/><W41/><G48/><T75/><D124/><U46/><E108/><V57/><F42/><W61/><G127/><T122/><D131/><U10/><E126/><V109/><F109/><W100/><G100/><T135/><D135/><U60/><E80/><V13/><F1/><W3/><G61/><T27/><D122/><U104/><E104/><V85/><F73/><W119/><G64/><T34/><D34/><U29/><E11/><V4/><F81/><N who="3" m="45287" /><G119/><T97/><D66/><U78/><E78/><V14/><F57/><W51/><G51/><T118/><D68/><U123/><E123/><V39/><F39/><W129/><G129/><T12/><D118/><U89/><E95/><V133/><F65/><W28/><G28/><T7/><D75/><U58/><E46/><V114/><F114/><W117/><G117/><T98/><D98/><N who="1" m="57615" /><E37/><V67/><F67/><W54/><G54/><N who="0" m="21099" /><D97/><U107/><E107/><V87/><F133/><W113/><G113/><T130/><D130/><U6/><E6/><AGARI ba="0,0" hai="3,6,9,33,35,38,41,44,96,103,106" m="45287" machi="6" ten="30,3900,0" yaku="25,1,33,2" doraHai="83" who="3" fromWho="1" sc="370,0,106,-39,170,0,354,39" /><INIT seed="6,0,0,1,2,84" ten="370,67,170,393" oya="2" hai0="2,121,9,7,72,50,38,19,66,104,13,46,97" hai1="22,98,108,112,111,67,95,86,106,15,126,80,116" hai2="134,87,133,114,62,12,82,79,88,115,74,43,18" hai3="33,103,3,30,85,1,105,60,47,49,65,23,100"/><V127/><F43/><W109/><G100/><T70/><D38/><U129/><E67/><V68/><F68/><W93/><G109/><T99/><D72/><U55/><E55/><V61/><F127/><W45/><G45/><T91/><D121/><U77/><E15/><V113/><F74/><W54/><G33/><T53/><D104/><U119/><E22/><N who="2" m="11591" /><F79/><W128/><G105/><T131/><D131/><U28/><E28/><V101/><F101/><W41/><G41/><T10/><D70/><U76/><E106/><V125/><F125/><W16/><G30/><T25/><D66/><U117/><E126/><V6/><F6/><W37/><G37/><T83/><REACH who="0" step="1"/><D25/><REACH who="0" ten="360,67,170,393" step="2"/><U40/><E129/><V35/><F35/><W135/><G128/><T42/><D42/><U122/><E40/><V73/><F73/><W52/><G54/><T130/><D130/><U120/><E112/><V31/><F31/><W21/><G52/><T96/><D96/><U32/><E32/><V48/><F48/><W63/><G49/><T89/><D89/><N who="1" m="55663" /><E77/><V71/><F71/><W58/><G65/><T4/><D4/><U56/><E56/><V34/><F34/><W20/><G58/><T69/><D69/><U59/><E59/><V102/><F102/><W123/><G103/><T94/><D94/><U81/><E81/><V110/><F110/><AGARI ba="0,1" hai="76,80,86,108,110,111,116,117,119,120,122" m="55663" machi="110" ten="40,5200,0" yaku="34,2,52,1" doraHai="84" who="1" fromWho="2" sc="360,0,67,62,170,-52,393,0" /><INIT seed="7,0,0,3,2,46" ten="360,129,118,393" oya="3" hai0="7,29,34,42,81,60,132,28,84,93,80,31,103" hai1="27,126,2,9,54,53,128,67,82,40,18,133,131" hai2="63,89,65,104,5,127,30,0,99,68,73,83,25" hai3="16,102,87,76,108,134,66,96,3,58,135,130,52"/><W59/><G3/><T88/><D132/><N who="3" m="50729" /><G108/><T106/><D34/><U24/><E133/><V38/><F127/><W12/><G130/><N who="1" m="49706" /><E126/><V33/><F38/><W22/><G66/><T122/><D122/><U107/><E67/><V115/><F115/><W125/><G125/><T19/><D7/><N who="1" m="1271" /><E107/><V56/><F56/><W97/><G97/><T69/><D106/><U13/><E40/><V64/><F64/><W70/><G70/><T47/><D103/><U43/><E43/><V21/><F21/><W117/><G117/><T74/><D19/><U61/><E82/><V48/><F48/><W4/><G4/><T1/><D1/><U116/><E116/><V101/><F89/><W55/><G87/><T17/><D17/><U62/><E62/><V10/><F83/><W120/><G76/><T11/><D11/><N who="1" m="6463" /><E61/><V119/><F119/><W112/><G112/><T111/><D111/><U114/><E114/><V129/><F129/><W86/><G86/><T14/><D14/><U37/><E37/><V94/><F94/><N who="3" m="58647" /><G120/><T71/><D60/><U32/><E32/><V79/><F79/><W23/><G55/><AGARI ba="0,0" hai="24,27,53,54,55" m="6463,1271,49706" machi="55" ten="30,1000,0" yaku="19,1" doraHai="46" who="1" fromWho="3" sc="360,0,129,10,118,0,393,-10" owari="360,16.0,139,-26.0,118,-38.0,383,48.0" /></mjloggm>