<mjloggm ver="2.3"><GO type="169"/><UN n0="%EF%BC%88%E2%89%A7%E2%96%BD%E2%89%A6%EF%BC%89" n1="%73%6B%79%6F%6F%6F" n2="%E3%81%84%E3%81%97%E3%81%97%E3%82%93%49%44%E7%B4%9B%E5%A4%B1" n3="%E6%80%96%E3%81%8F%E3%81%AA%E3%81%84%E3%81%8A" dan="18,16,16,17" rate="2246,2085,2144,2161" sx="M,M,M,M"/><TAIKYOKU oya="0"/><INIT seed="0,0,0,3,5,46" ten="250,250,250,250" oya="0" hai0="91,38,21,125,44,87,124,17,73,101,13,24,90" hai1="59,45,80,66,41,53,103,62,69,3,60,54,67" hai2="16,86,0,51,22,109,77,104,8,116,61,108,122" hai3="25,110,47,92,132,115,49,36,114,130,135,5,120"/><T78/><D101/><U26/><E3/><V100/><F122/><W112/><G36/><T12/><D73/><U9/><E9/><V50/><F116/><W43/><G5/><T4/><D78/><U82/><E103/><V129/><F129/><W83/><G130/><T128/><D128/><U131/><E131/><V33/><F33/><W2/><G2/><T97/><D97/><U133/><E26/><V106/><F61/><W123/><G83/><T127/><D4/><U126/><E82/><N who="2" m="47439" /><F8/><W14/><G14/><T96/><D96/><U56/><E80/><V63/><F63/><W29/><G92/><N who="0" m="54367" /><D91/><U34/><E34/><V35/><F35/><N who="3" m="20911" /><G110/><N who="2" m="42601" /><F0/><W71/><G71/><T37/><D37/><N who="1" m="21679" /><E133/><AGARI ba="0,0" hai="43,47,49,112,114,115,120,123,132,133,135" m="20911" machi="133" ten="40,2600,0" yaku="20,1,52,1" doraHai="46" who="3" fromWho="1" sc="250,0,250,-26,250,0,250,26" /><INIT seed="1,0,0,5,4,88" ten="250,224,250,276" oya="1" hai0="87,56,133,4,115,77,0,55,119,42,101,113,135" hai1="67,13,45,104,90,123,24,27,12,8,57,51,117" hai2="10,124,39,22,95,38,108,9,129,132,75,66,120" hai3="74,53,1,14,102,11,69,3,18,116,6,126,32"/><U118/><E104/><V128/><F120/><W36/><G74/><T41/><D101/><U122/><E67/><V31/><F75/><W80/><G69/><T52/><D77/><U68/><E68/><V46/><F108/><W93/><G36/><T94/><D119/><U112/><E112/><N who="0" m="43081" /><D4/><U7/><E57/><V84/><F66/><W86/><G32/><T61/><D0/><U111/><E111/><V76/><F132/><N who="0" m="50762" /><D55/><U16/><E122/><V2/><F2/><W82/><G1/><T44/><D44/><U127/><E123/><V17/><F76/><W23/><G116/><T40/><D87/><U21/><E127/><V109/><F84/><W30/><G126/><T125/><D94/><U106/><E106/><V114/><F95/><W92/><G80/><T58/><D58/><U5/><E118/><V64/><F46/><W89/><G102/><T48/><D125/><U131/><E117/><V110/><F124/><W20/><REACH who="3" step="1"/><G53/><REACH who="3" ten="250,224,250,266" step="2"/><T70/><D70/><U60/><E5/><V105/><F110/><W134/><G134/><T25/><D25/><AGARI ba="0,1" hai="3,6,11,14,18,20,23,25,30,82,86,89,92,93" machi="25" ten="40,8000,1" yaku="1,1,52,2,53,1" doraHai="88" doraHaiUra="26" who="3" fromWho="0" sc="250,-80,224,0,250,0,266,90" /><INIT seed="2,0,0,2,1,116" ten="170,224,250,356" oya="2" hai0="32,75,57,56,105,63,64,51,104,91,114,110,38" hai1="52,107,87,108,46,23,26,80,12,34,66,33,120" hai2="130,68,4,121,95,6,78,115,37,65,117,16,39" hai3="85,71,44,59,112,119,74,1,134,50,106,53,22"/><V128/><F117/><W67/><G119/><T96/><D114/><U109/><E107/><V45/><F115/><W100/><G74/><T41/><D110/><N who="1" m="42603" /><E66/><V133/><F133/><W58/><G134/><T7/><D75/><U15/><E120/><V19/><F78/><W9/><G106/><T36/><D32/><N who="1" m="12395" /><E87/><V92/><F65/><W62/><G100/><T25/><D25/><U47/><E80/><V123/><F45/><N who="1" m="16905" /><E52/><V35/><F35/><W43/><G112/><T125/><D105/><U55/><E55/><V86/><F86/><W2/><G59/><T27/><D56/><U113/><E113/><V24/><F24/><W5/><G85/><T40/><D96/><U101/><E101/><V29/><F29/><AGARI ba="0,0" hai="12,15,23,26,29" m="16905,12395,42603" machi="29" ten="30,1000,0" yaku="14,1" doraHai="116" who="1" fromWho="2" sc="170,0,224,10,250,-10,356,0" /><INIT seed="3,0,0,0,5,93" ten="170,234,240,356" oya="3" hai0="32,30,62,69,41,128,94,102,8,86,42,13,76" hai1="6,18,66,31,10,9,49,72,70,52,11,23,116" hai2="120,132,103,84,15,123,113,107,77,87,85,115,117" hai3="63,5,45,51,47,65,106,131,60,53,2,54,83"/><W67/><G106/><T33/><D128/><U80/><E116/><V12/><F117/><W43/><G2/><T14/><D32/><U1/><E70/><V61/><F61/><N who="3" m="23627" /><G5/><T82/><D33/><U56/><E66/><N who="3" m="25098" /><G83/><T127/><D127/><U58/><E56/><V101/><F132/><W79/><G79/><T122/><D122/><N who="2" m="46634" /><F77/><W20/><G20/><T98/><D30/><U64/><E64/><V25/><F25/><W71/><G131/><T109/><D69/><U92/><E92/><V28/><F28/><W89/><G89/><T108/><D62/><U130/><E130/><V105/><F15/><W81/><G81/><T126/><D126/><U59/><E59/><V7/><F12/><W75/><G75/><T88/><D14/><U95/><E95/><V73/><F73/><W16/><G16/><N who="0" m="8231" /><D76/><U97/><E80/><V24/><F24/><W50/><G71/><T112/><D112/><N who="2" m="43082" /><F7/><W3/><G3/><T17/><D17/><U91/><E72/><V90/><F90/><W133/><G133/><T22/><D22/><U114/><E114/><V4/><F4/><W39/><G39/><T55/><D55/><AGARI ba="0,0" hai="43,45,47,50,51,53,54,55" m="25098,23627" machi="55" ten="30,18000,2" yaku="8,1,35,5" doraHai="93" who="3" fromWho="0" sc="170,-180,234,0,240,0,356,180" owari="-10,-51.0,234,-17.0,240,4.0,536,64.0" /></mjloggm>