<mjloggm ver="2.3"><GO type="65"/><UN n0="%E3%81%A8%E3%82%82%E3%81%8B%E3%81%AD" n1="%EF%BC%88%E2%89%A7%E2%96%BD%E2%89%A6%EF%BC%89" n2="%E3%82%84%E3%82%8F%E3%82%89%E3%81%8B%E3%81%81" n3="%47%52%49" dan="4,4,0,10" rate="1573,1622,1500,1548" sx="M,M,M,M"/><TAIKYOKU oya="0"/><INIT seed="0,0,0,2,3,5" ten="250,250,250,250" oya="0" hai0="124,6,57,30,81,26,102,72,60,125,39,103,46" hai1="11,131,75,65,63,74,76,121,108,13,115,133,22" hai2="78,40,67,123,100,3,112,79,106,101,132,37,87" hai3="80,90,24,105,122,92,28,16,50,27,49,54,61"/><T97/><D6/><U59/><E121/><V36/><F67/><W43/><G105/><N who="0" m="63695" /><D103/><U134/><E131/><V10/><F3/><W25/><G80/><T73/><D57/><U111/><E22/><V119/><F40/><W104/><G104/><T15/><D15/><U32/><E32/><V19/><F37/><W120/><G43/><N who="0" m="22911" /><D60/><U12/><E115/><V29/><F36/><W53/><G53/><T45/><D45/><U130/><E130/><V23/><F123/><W55/><G28/><T129/><D129/><U62/><E76/><V113/><F119/><W66/><G66/><T17/><D17/><N who="1" m="8351" /><E62/><V4/><F132/><N who="1" m="50793" /><E13/><V99/><F100/><W126/><G126/><N who="0" m="48747" /><D81/><U64/><E64/><V7/><F113/><W1/><G1/><T84/><D84/><U51/><E51/><V18/><F112/><W91/><G61/><T128/><D128/><U96/><E96/><V52/><F52/><W71/><G27/><T58/><D58/><U9/><E9/><V0/><F4/><W89/><G71/><T109/><D109/><AGARI ba="0,0" hai="59,63,65,74,75,108,109,111" m="50793,8351" machi="109" ten="30,3900,0" yaku="14,1,20,1,52,1" doraHai="5" who="1" fromWho="0" sc="250,-39,250,39,250,0,250,0" /><INIT seed="1,0,0,3,5,89" ten="211,289,250,250" oya="1" hai0="80,90,18,127,81,41,32,48,70,91,50,30,35" hai1="110,94,34,100,27,83,82,23,37,128,92,69,105" hai2="44,85,120,29,135,33,101,96,9,66,7,98,67" hai3="43,6,77,72,8,112,17,134,79,36,93,14,97"/><U106/><E69/><V75/><F120/><W63/><G72/><T56/><D70/><U118/><E37/><V3/><F75/><W55/><G134/><T51/><D127/><U24/><E118/><V121/><F121/><W74/><G112/><T102/><D102/><U86/><E128/><V119/><F119/><W40/><G36/><T5/><D5/><U87/><E34/><V78/><F135/><W123/><G123/><T39/><D56/><U125/><E125/><V108/><F108/><W1/><G77/><T31/><D18/><N who="1" m="12407" /><E106/><V49/><F98/><W26/><G26/><T61/><D61/><U65/><E105/><V103/><F33/><N who="0" m="12874" /><D41/><U126/><E126/><V107/><F29/><N who="0" m="10762" /><D39/><U64/><E110/><V15/><F3/><W76/><G79/><T13/><D13/><U47/><E27/><V11/><F11/><W84/><G74/><T54/><D54/><U2/><E2/><V42/><F103/><W58/><G1/><T132/><D132/><U20/><E100/><V45/><F45/><W116/><G6/><T57/><D57/><U114/><E47/><V25/><F25/><W113/><G116/><T130/><D130/><U59/><E64/><V104/><F104/><W16/><G17/><T60/><D60/><N who="1" m="38047" /><E20/><V117/><F117/><W10/><G10/><T19/><D19/><U12/><E12/><V21/><F21/><W22/><G113/><T133/><D133/><U88/><E114/><V95/><REACH who="2" step="1"/><F107/><REACH who="2" step="2"/><W129/><G22/><T62/><D62/><U124/><E124/><V111/><F111/><W53/><G129/><T38/><D38/><RYUUKYOKU ba="0,1" sc="211,10,289,10,240,10,250,-30" hai0="48,50,51,80,81,90,91" hai1="82,83,86,87,88,92,94" hai2="7,9,15,42,44,49,66,67,78,85,95,96,101" /><INIT seed="1,1,1,1,1,87" ten="221,299,250,220" oya="1" hai0="105,42,100,26,0,132,80,135,86,128,90,76,111" hai1="18,115,58,116,122,32,21,130,77,24,49,53,60" hai2="8,10,114,35,48,19,67,4,110,124,54,134,133" hai3="73,39,66,14,12,34,131,103,55,29,126,50,7"/><U127/><E122/><V121/><F67/><W38/><G73/><N who="0" m="43023" /><D111/><U40/><E116/><V36/><F36/><W2/><G2/><T123/><D42/><U91/><E115/><V6/><F121/><W13/><G103/><T31/><D123/><U102/><E130/><V65/><F65/><W25/><G66/><T98/><D0/><U119/><E119/><V15/><F114/><W45/><G7/><T16/><D128/><U81/><E32/><V84/><F84/><W72/><G131/><T107/><D31/><U118/><E118/><V11/><F124/><W64/><G72/><T9/><D9/><U109/><E109/><V1/><F110/><W92/><G126/><T61/><D61/><U37/><E127/><V30/><F54/><W62/><REACH who="3" step="1"/><G92/><REACH who="3" step="2"/><N who="0" m="54359" /><D26/><U52/><E102/><V120/><F120/><W125/><G125/><T113/><D113/><U51/><E24/><N who="2" m="18887" /><F48/><W129/><G129/><T94/><D16/><U33/><E18/><V41/><F41/><W82/><G82/><T20/><D20/><U22/><E21/><N who="2" m="11519" /><F1/><W79/><G79/><T89/><D89/><U56/><E91/><V104/><F104/><AGARI ba="1,2" hai="94,98,100,104,105,107,132,135" m="54359,43023" machi="104" ten="30,3900,0" yaku="34,2,52,1" doraHai="87" who="0" fromWho="2" sc="221,62,299,0,250,-42,210,0" /><INIT seed="2,0,0,0,1,121" ten="283,299,208,210" oya="2" hai0="125,34,14,49,66,43,28,39,63,37,124,82,130" hai1="36,47,122,22,118,58,50,93,107,1,74,69,26" hai2="45,40,72,60,76,97,51,8,86,123,133,70,111" hai3="44,46,73,7,77,135,85,27,104,110,79,55,127"/><V3/><F123/><W65/><G104/><T5/><D130/><U126/><E122/><V21/><F133/><W68/><G27/><T48/><D82/><U10/><E118/><V29/><F97/><W109/><G7/><T84/><D84/><U94/><E107/><V115/><F115/><W81/><G135/><T42/><D5/><U30/><E74/><V88/><F21/><W116/><G116/><T13/><D34/><U61/><E126/><N who="0" m="48745" /><D28/><U120/><E120/><V20/><F70/><W103/><G103/><T113/><D113/><U52/><E1/><V95/><F20/><W23/><G127/><T71/><D13/><U11/><E36/><N who="0" m="13897" /><D14/><U67/><E69/><V35/><F60/><W62/><G55/><T15/><D15/><U0/><E0/><V100/><F100/><W102/><G102/><T59/><D71/><U89/><E94/><V114/><F114/><W17/><G73/><T87/><D87/><AGARI ba="0,0" hai="10,11,22,26,30,47,50,52,58,61,67,87,89,93" machi="87" ten="30,3900,0" yaku="7,1,8,1,54,1" doraHai="121" who="1" fromWho="0" sc="283,-39,299,39,208,0,210,0" /><INIT seed="3,0,0,1,3,27" ten="244,338,208,210" oya="3" hai0="84,70,76,49,51,30,97,60,33,85,116,34,64" hai1="23,100,25,114,55,28,132,102,13,15,104,113,19" hai2="72,58,5,24,111,9,129,117,86,32,10,89,128" hai3="103,67,7,52,21,134,119,59,101,62,135,46,35"/><W106/><G35/><T81/><D116/><U26/><E132/><N who="3" m="50730" /><G106/><T12/><D97/><U118/><E118/><V65/><F117/><W17/><G7/><T68/><D12/><N who="1" m="4683" /><E104/><V2/><F72/><W16/><G119/><T123/><D123/><U91/><E114/><V3/><F111/><W56/><G46/><T8/><D8/><U61/><E113/><V75/><F75/><W110/><G110/><T96/><D96/><U122/><E122/><V36/><F36/><W66/><G66/><T44/><D85/><U31/><E91/><V93/><F65/><W47/><G47/><T115/><D115/><U120/><E120/><V69/><F69/><W1/><G1/><T22/><D22/><N who="1" m="15447" /><E19/><N who="3" m="7242" /><G21/><T80/><D80/><U74/><E74/><V43/><F43/><W108/><G108/><T78/><D78/><U88/><E88/><V73/><F73/><W77/><G77/><T38/><D38/><U63/><E55/><V50/><F58/><W79/><G79/><T57/><D44/><U130/><E130/><V54/><F54/><W92/><G92/><T0/><D0/><U18/><E18/><V42/><F42/><W127/><G127/><T11/><D11/><U133/><E133/><V125/><F125/><W41/><G41/><T6/><D6/><U112/><E112/><V4/><REACH who="2" step="1"/><F50/><AGARI ba="0,0" hai="50,52,56,59,62,67,101,103" m="7242,50730" machi="50" ten="30,5800,0" yaku="20,1,54,2" doraHai="27" who="3" fromWho="2" sc="244,0,338,0,208,-58,210,58" /><INIT seed="3,1,0,3,2,6" ten="244,338,150,268" oya="3" hai0="90,73,13,27,63,130,50,36,84,86,18,48,117" hai1="16,82,78,135,26,30,58,89,2,74,125,114,106" hai2="15,118,7,17,102,103,72,33,129,59,67,83,94" hai3="98,66,112,61,79,105,109,96,95,123,122,88,71"/><W5/><G5/><T38/><D117/><U126/><E114/><V115/><F118/><W133/><G112/><T60/><D130/><U107/><E135/><V43/><F129/><W111/><G133/><T35/><D73/><U32/><E2/><V77/><F115/><W127/><G79/><T45/><D35/><U64/><E89/><V49/><F33/><W31/><G31/><T14/><D27/><U34/><E34/><V19/><F103/><W23/><G23/><T76/><D76/><U52/><E16/><V65/><F59/><W119/><G119/><T108/><D108/><N who="3" m="41545" /><G127/><N who="1" m="48650" /><E64/><V80/><F80/><W1/><G1/><T37/><D45/><U40/><E40/><V134/><F134/><W110/><G110/><T62/><D90/><U70/><E70/><V92/><F102/><AGARI ba="1,0" hai="61,66,71,88,95,96,98,102,105,122,123" m="41545" machi="102" ten="30,5800,0" yaku="14,1,10,1,54,1" doraHai="6" who="3" fromWho="2" sc="244,0,338,0,150,-61,268,61" /><INIT seed="3,2,0,3,3,25" ten="244,338,89,329" oya="3" hai0="3,93,73,30,84,53,110,123,92,39,1,61,4" hai1="116,58,134,20,103,89,38,21,127,78,80,113,102" hai2="45,17,74,98,47,122,35,14,43,37,23,87,79" hai3="40,118,7,104,85,130,27,132,18,99,59,41,15"/><W76/><G118/><T100/><D123/><U5/><E38/><V44/><F47/><W128/><G132/><T124/><D124/><U26/><E127/><V105/><F45/><W65/><G7/><T82/><D73/><U64/><E134/><V13/><F13/><W60/><G104/><T55/><D39/><U34/><E116/><V6/><F122/><W31/><G99/><T19/><D110/><U11/><E113/><V71/><F23/><N who="1" m="8777" /><E34/><V125/><F87/><W131/><G15/><T121/><D121/><U46/><E26/><V114/><F17/><W29/><G18/><T28/><D19/><U62/><E78/><V63/><F14/><W129/><N who="3" m="33280" /><DORA hai="67" /><W81/><REACH who="3" step="1"/><G27/><REACH who="3" step="2"/><T120/><D120/><U8/><E46/><V96/><F125/><W2/><G2/><T16/><D1/><U119/><E119/><V70/><F96/><W69/><G69/><N who="2" m="26121" /><F114/><W112/><G112/><T50/><D3/><U77/><E77/><V49/><F63/><W68/><G68/><T75/><D4/><U101/><E5/><V52/><F6/><W94/><G94/><N who="0" m="36459" /><D61/><U115/><E115/><V36/><F43/><AGARI ba="2,1" hai="29,31,40,41,43,59,60,65,76,81,85" m="33280" machi="43" ten="70,12000,1" yaku="1,1,19,1,52,2,53,0" doraHai="25,67" doraHaiUra="91,106" who="3" fromWho="2" sc="244,0,338,0,89,-126,319,136" owari="244,-16,338,14,-37,-54,455,56" /></mjloggm>