<mjloggm ver="2.3"><GO type="41"/><UN n0="%E3%83%AC%E3%82%A4%E3%83%A9%E3%81%95%E3%82%93" n1="%EF%BC%88%E2%89%A7%E2%96%BD%E2%89%A6%EF%BC%89" n2="%E3%82%B1%E3%83%B3%E3%83%89%E3%83%BC%E3%82%B3%E3%83%90%E3%83%A4%E3%82%B7" n3="%E6%96%B0%E6%98%9F%E3%82%AF%E3%83%AC%E3%82%AA%E3%83%91%E3%83%88%E3%83%A9" dan="13,15,14,14" rate="1832,2029,1920,1881" sx="F,M,F,M"/><TAIKYOKU oya="0"/><INIT seed="0,0,0,5,2,127" ten="250,250,250,250" oya="0" hai0="118,41,97,26,12,23,37,108,2,75,14,82,51" hai1="65,79,32,129,30,57,46,27,77,86,59,20,0" hai2="116,114,111,99,66,94,91,54,115,122,60,40,102" hai3="68,3,10,95,80,25,101,92,8,78,69,112,124"/><T33/><D118/><U63/><E0/><V74/><F122/><W98/><G124/><T128/><D37/><U18/><E46/><V19/><F116/><W58/><G112/><T96/><D2/><U29/><E129/><V28/><F74/><W104/><G3/><T71/><D71/><U105/><E105/><V130/><F111/><W34/><G68/><T76/><D33/><U132/><E132/><V49/><F40/><W39/><G39/><T109/><D41/><U48/><E86/><V123/><F123/><W87/><G92/><T113/><D113/><U103/><E103/><V67/><F130/><W55/><G69/><T5/><D128/><U89/><E89/><V44/><F19/><W56/><G56/><T81/><D51/><U24/><E18/><V110/><F110/><N who="0" m="42602" /><D82/><U120/><E120/><V90/><F114/><W17/><G17/><N who="0" m="12655" /><D5/><U88/><E48/><V36/><F36/><W117/><G117/><T93/><D97/><U126/><E126/><V131/><F131/><W43/><G43/><T11/><D11/><U31/><E57/><N who="2" m="37135" /><F115/><W61/><G25/><T50/><D50/><U6/><E6/><V52/><F67/><W53/><G34/><T133/><D133/><U107/><E30/><V85/><F28/><W22/><G22/><T121/><D121/><U70/><E70/><V15/><F15/><W16/><G10/><T134/><D134/><U119/><E119/><V45/><F85/><W13/><REACH who="3" step="1"/><G55/><REACH who="3" ten="250,250,250,240" step="2"/><N who="2" m="21033" /><F49/><W62/><G62/><T100/><AGARI ba="0,1" hai="12,14,75,76,81,93,96,100" m="12655,42602" machi="100" ten="30,3000,0" yaku="14,1,10,1" doraHai="127" who="0" fromWho="0" sc="250,40,250,-10,250,-10,240,-10" /><INIT seed="0,1,0,3,1,134" ten="290,240,240,230" oya="0" hai0="29,122,19,81,102,51,59,46,88,106,117,53,20" hai1="130,121,28,25,49,104,76,119,96,8,125,62,84" hai2="70,95,78,107,98,71,101,68,90,72,97,26,27" hai3="11,15,37,39,103,47,105,75,5,111,109,100,118"/><T114/><D117/><U85/><E121/><V10/><REACH who="2" step="1"/><F10/><REACH who="2" ten="290,240,230,230" step="2"/><W6/><G118/><T61/><D122/><U92/><E8/><V35/><F35/><W9/><G105/><T74/><D114/><U30/><E104/><V12/><F12/><W63/><G15/><T110/><D74/><U31/><E119/><V38/><F38/><W123/><G75/><T44/><D106/><U129/><E25/><V50/><F50/><W24/><G123/><T57/><D102/><U126/><E49/><V108/><F108/><W93/><G24/><T64/><D110/><U115/><E115/><V82/><AGARI ba="1,1" hai="26,27,68,70,71,72,78,82,90,95,97,98,101,107" machi="82" ten="40,5200,0" yaku="21,2,0,1,53,0" doraHai="134" doraHaiUra="34" who="2" fromWho="2" sc="290,-27,240,-14,230,65,230,-14" /><INIT seed="1,0,0,3,4,111" ten="263,226,295,216" oya="1" hai0="52,134,71,82,121,91,49,24,94,40,48,37,9" hai1="30,81,57,20,14,62,131,74,39,18,105,31,133" hai2="83,86,47,4,109,66,73,72,80,53,98,10,84" hai3="65,76,26,2,130,7,88,46,15,97,54,64,6"/><U104/><E39/><V124/><F109/><W129/><G2/><T114/><D121/><U13/><E133/><V115/><F124/><W3/><G3/><T116/><D116/><U56/><E131/><V107/><F66/><W23/><G76/><T108/><D108/><U69/><E69/><V67/><F67/><W135/><G135/><T92/><D71/><U50/><E105/><V101/><F47/><W43/><G64/><T60/><D134/><U8/><E104/><V61/><F61/><W16/><G65/><T117/><D117/><U103/><E103/><V55/><F115/><W11/><G54/><T132/><D132/><U36/><E36/><V27/><F27/><W99/><G130/><T0/><D24/><U93/><E93/><V96/><F107/><W29/><G129/><T79/><D92/><U122/><E122/><V120/><F120/><W89/><G99/><T128/><D128/><U102/><E102/><V68/><F101/><W34/><G97/><T45/><D49/><U28/><E50/><V112/><F112/><W41/><G6/><N who="0" m="1223" /><D60/><U113/><E113/><V63/><F63/><W106/><G106/><T59/><D91/><N who="3" m="34889" /><G46/><T38/><D94/><U126/><E126/><V12/><F68/><W32/><G32/><T127/><D38/><U33/><E33/><V19/><F73/><W77/><G77/><T17/><D17/><N who="1" m="8359" /><E62/><V125/><F19/><W25/><G7/><T5/><D5/><U85/><E74/><V42/><F72/><W119/><G119/><T35/><D114/><U70/><E70/><V87/><F125/><W110/><G110/><RYUUKYOKU ba="0,0" sc="263,-15,226,15,295,-15,216,15" hai1="14,18,20,28,30,31,56,57,81,85" hai3="11,15,16,23,25,26,29,34,41,43" /><INIT seed="1,1,0,4,3,98" ten="248,241,280,231" oya="1" hai0="55,9,119,97,92,105,29,13,107,57,30,5,27" hai1="80,115,33,113,90,44,50,14,11,26,12,121,76" hai2="129,67,39,22,134,127,42,104,69,46,66,49,77" hai3="114,124,86,81,122,58,72,38,68,84,118,16,101"/><U126/><E121/><V10/><F104/><W70/><G122/><T71/><D119/><U133/><E126/><V51/><F10/><W89/><G38/><T123/><D71/><U43/><E133/><V73/><F134/><W28/><G72/><T99/><D123/><U56/><E90/><V91/><F127/><W63/><G114/><T135/><D135/><U88/><E56/><V110/><F110/><W108/><G108/><T32/><D30/><U87/><E14/><V117/><F117/><W82/><G124/><T1/><D99/><U41/><E41/><V109/><F109/><W31/><G68/><T93/><D93/><U52/><E43/><V40/><F129/><W79/><G70/><T7/><D7/><U54/><E54/><V103/><F103/><W62/><G101/><T15/><D15/><U45/><E45/><V3/><F3/><W74/><G63/><T106/><D106/><U85/><E26/><V8/><F8/><W24/><G118/><T111/><D111/><U125/><E33/><V2/><F22/><N who="3" m="13383" /><G74/><T47/><D47/><U131/><E131/><V112/><F51/><W48/><G48/><T36/><D36/><U60/><E60/><V37/><F49/><W61/><G61/><T102/><D1/><U78/><E125/><V75/><F2/><W18/><G18/><T130/><D130/><U96/><E78/><V17/><F17/><W120/><G120/><T132/><D132/><U116/><E116/><V4/><F112/><W25/><G25/><T100/><D100/><U6/><E96/><V35/><F77/><W64/><AGARI ba="1,0" hai="28,31,58,62,64,79,81,82,84,86,89" m="13383" machi="64" ten="30,4000,0" yaku="5,1,8,1,54,1" doraHai="98" who="3" fromWho="3" sc="248,-11,241,-21,280,-11,231,43" /><INIT seed="2,0,0,5,2,40" ten="237,220,269,274" oya="2" hai0="22,134,72,53,80,60,103,23,41,96,94,123,15" hai1="50,120,124,27,52,58,0,7,21,43,12,87,122" hai2="42,67,13,29,104,70,19,93,10,66,11,116,33" hai3="85,65,133,61,127,119,118,8,113,121,51,1,44"/><V20/><F116/><W117/><G1/><T48/><D123/><N who="1" m="47147" /><E124/><V6/><F104/><W63/><G121/><T91/><D72/><U81/><E0/><V78/><F70/><W47/><G127/><T28/><D134/><U128/><E128/><V99/><F11/><W17/><G8/><T39/><D60/><U31/><E43/><V130/><F130/><W125/><G125/><T46/><D28/><U38/><E38/><V32/><F78/><W45/><G17/><T126/><D126/><U112/><E112/><V4/><F4/><W71/><G113/><T59/><D15/><U83/><E87/><V26/><F42/><N who="3" m="24983" /><G133/><T109/><D109/><U105/><E105/><V54/><F33/><W73/><G73/><T2/><D2/><U30/><E30/><V9/><F9/><AGARI ba="0,0" hai="7,9,12,21,27,31,50,52,58,81,83" m="47147" machi="9" ten="30,2000,0" yaku="13,1,54,1" doraHai="40" who="1" fromWho="2" sc="237,0,220,20,269,-20,274,0" /><INIT seed="3,0,0,1,2,45" ten="237,240,249,274" oya="3" hai0="116,127,51,95,87,55,96,102,69,36,41,122,4" hai1="74,17,34,73,30,15,63,11,130,94,98,6,131" hai2="18,97,59,60,103,110,77,26,76,91,84,117,107" hai3="100,54,48,53,71,109,134,5,72,86,64,105,115"/><W37/><G72/><T104/><D122/><U43/><E43/><V29/><F117/><W135/><G5/><T68/><D116/><U42/><E42/><V78/><F110/><W124/><G105/><T56/><D127/><U49/><E63/><V66/><F18/><W44/><G100/><T99/><D87/><U62/><E62/><V129/><F129/><N who="1" m="49161" /><E6/><V126/><F126/><W123/><G86/><T33/><D33/><U58/><E30/><V16/><F76/><W106/><G106/><T85/><D85/><U7/><E34/><V39/><F39/><W81/><G81/><T111/><D111/><U23/><E58/><V119/><F119/><W90/><G90/><T93/><D104/><U35/><E49/><V2/><F2/><W12/><G12/><T128/><D128/><U1/><E35/><V82/><F16/><W31/><G123/><T70/><D70/><U32/><E32/><AGARI ba="0,0" hai="26,29,32,59,60,66,77,78,82,84,91,97,103,107" machi="32" ten="30,1000,0" yaku="7,1" doraHai="45" who="2" fromWho="1" sc="237,0,240,-10,249,10,274,0" /><INIT seed="4,0,0,0,1,121" ten="237,230,259,274" oya="0" hai0="32,53,111,43,42,112,37,52,3,100,30,39,78" hai1="107,91,135,82,123,0,109,129,110,33,45,83,20" hai2="134,119,65,67,80,62,95,25,48,116,14,10,102" hai3="1,89,57,88,31,92,115,36,99,79,105,128,9"/><T85/><D3/><U29/><E0/><V64/><F134/><W61/><G36/><T8/><D100/><U5/><E5/><V133/><F133/><W77/><G105/><T23/><D32/><U63/><E33/><V73/><F25/><W120/><G120/><T54/><D8/><U2/><E2/><V131/><F131/><W44/><G44/><T34/><D34/><U47/><E123/><V84/><F73/><W15/><G128/><T6/><D6/><U86/><E107/><V68/><F48/><W103/><G1/><T35/><D35/><U98/><E98/><V66/><F95/><W19/><G31/><T40/><D78/><N who="3" m="29705" /><G115/><T117/><D85/><U59/><E83/><V74/><F102/><W56/><G56/><T75/><D75/><U41/><E129/><V60/><F74/><W81/><G81/><T113/><D23/><U50/><E45/><V69/><F84/><W104/><G104/><T72/><D30/><U58/><E135/><V108/><F80/><W16/><G19/><T97/><D97/><U76/><E76/><V26/><F26/><W94/><G92/><T17/><D17/><U122/><E59/><V118/><F108/><W87/><G87/><T106/><D106/><U4/><E122/><V24/><F24/><W46/><G46/><T27/><D27/><N who="1" m="16615" /><E4/><AGARI ba="0,0" hai="4,10,14,60,62,64,65,66,67,68,69,116,118,119" machi="4" ten="40,2600,0" yaku="9,1,12,1" doraHai="121" who="2" fromWho="1" sc="237,0,230,-26,259,26,274,0" /><INIT seed="5,0,0,4,4,32" ten="237,204,285,274" oya="1" hai0="10,50,116,77,86,93,38,43,133,78,47,44,46" hai1="121,36,101,20,42,25,14,88,92,127,130,126,6" hai2="17,7,94,28,62,115,45,52,85,91,60,61,128" hai3="96,132,112,124,123,15,31,58,114,100,81,107,102"/><U135/><E121/><V21/><F128/><W71/><G123/><T67/><D116/><U131/><E101/><V76/><F115/><N who="3" m="44075" /><G71/><T120/><D120/><U39/><E135/><V97/><F28/><W18/><G102/><T119/><D119/><U110/><E110/><V113/><F113/><W9/><G132/><T70/><D70/><U24/><E14/><V122/><F122/><W40/><G40/><T53/><D67/><U69/><E69/><V89/><F76/><W35/><G81/><T57/><D133/><U75/><E75/><V16/><F7/><W54/><G124/><N who="1" m="47658" /><E6/><V103/><F91/><W29/><G35/><T82/><D10/><U73/><E73/><V37/><F37/><N who="1" m="14409" /><E42/><V1/><F1/><W55/><G55/><T83/><REACH who="0" step="1"/><D93/><REACH who="0" ten="227,204,285,274" step="2"/><U63/><E63/><AGARI ba="0,1" hai="9,15,18,29,31,54,58,63,96,100,107" m="44075" machi="63" ten="30,1000,0" yaku="15,1" doraHai="32" who="3" fromWho="1" sc="227,0,204,-10,285,0,274,20" /><INIT seed="6,0,0,5,2,124" ten="227,194,285,294" oya="2" hai0="121,10,87,111,58,21,57,85,8,95,127,88,17" hai1="24,100,83,63,108,71,93,99,102,7,78,129,132" hai2="13,79,134,118,130,9,1,27,107,30,14,84,28" hai3="37,25,0,92,113,120,35,29,72,56,131,20,5"/><V64/><F107/><W74/><G120/><T15/><D121/><U86/><E108/><V22/><F64/><W45/><G131/><T94/><D111/><U61/><E132/><V23/><F79/><W50/><G37/><T110/><D110/><U109/><E109/><V114/><F84/><W60/><G35/><T96/><D127/><U89/><E129/><V81/><F81/><W4/><G113/><T91/><D96/><U6/><E24/><N who="2" m="16407" /><F130/><W135/><G135/><T16/><REACH who="0" step="1"/><D10/><REACH who="0" ten="217,194,285,294" step="2"/><U115/><E115/><V101/><F134/><W48/><G74/><T18/><D18/><U2/><E71/><V31/><F114/><W36/><G72/><T82/><D82/><U104/><E102/><V70/><F101/><W11/><G92/><T73/><D73/><N who="1" m="43471" /><E6/><N who="2" m="1231" /><F70/><W106/><G4/><T116/><D116/><U133/><E133/><V67/><F118/><W66/><REACH who="3" step="1"/><G106/><REACH who="3" ten="217,194,285,284" step="2"/><T59/><D59/><U97/><E97/><V65/><F31/><W117/><G117/><T52/><D52/><U47/><E99/><V44/><F65/><W98/><G98/><T12/><AGARI ba="0,2" hai="8,12,15,16,17,21,57,58,85,87,88,91,94,95" machi="12" ten="20,12000,2" yaku="1,1,0,1,7,1,9,1,8,1,54,2,53,0" doraHai="124" doraHaiUra="3" who="0" fromWho="0" sc="217,140,194,-30,285,-60,284,-30" /><INIT seed="7,0,0,1,3,12" ten="357,164,225,254" oya="3" hai0="63,48,21,114,68,61,87,19,116,42,59,31,49" hai1="52,94,120,121,18,56,99,131,58,105,44,15,103" hai2="62,72,92,0,110,32,95,126,96,84,73,111,113" hai3="57,24,6,101,108,67,4,13,28,10,135,76,54"/><W16/><G108/><T81/><D116/><U112/><E131/><V109/><F0/><W46/><G76/><T119/><D119/><U70/><E70/><V40/><F32/><W53/><G101/><T115/><D31/><U33/><E33/><V71/><F40/><W125/><G125/><T64/><D63/><U98/><E44/><V123/><F62/><W23/><G135/><T124/><D124/><U22/><E112/><N who="0" m="43049" /><D68/><U35/><E35/><V55/><F71/><W82/><G82/><T8/><D8/><U77/><E77/><V90/><F55/><N who="3" m="21003" /><G46/><T43/><D43/><U14/><E14/><V20/><F113/><W85/><G85/><T50/><D42/><U39/><E39/><V133/><F126/><W102/><G102/><T79/><D48/><U118/><E118/><V51/><F51/><W38/><G38/><T88/><D79/><U2/><E2/><V128/><F20/><W3/><G3/><T65/><D65/><U100/><REACH who="1" step="1"/><E58/><REACH who="1" ten="357,154,225,254" step="2"/><V29/><F128/><W106/><G106/><T104/><D104/><U41/><E41/><V27/><F123/><W117/><G117/><T60/><D60/><AGARI ba="0,1" hai="15,18,22,52,56,60,94,98,99,100,103,105,120,121" machi="60" ten="30,7700,0" yaku="1,1,7,1,52,1,54,1,53,0" doraHai="12" doraHaiUra="122" who="1" fromWho="0" sc="357,-77,154,87,225,0,254,0" /><AGARI ba="0,0" hai="4,6,10,13,16,23,24,28,57,60,67" m="21003" machi="60" ten="30,5800,0" yaku="8,1,52,1,54,1" doraHai="12" who="3" fromWho="0" sc="280,-58,241,0,225,0,254,58" owari="222,-28.0,241,4.0,225,-17.0,312,41.0" /></mjloggm>