<mjloggm ver="2.3"><GO type="225" lobby="0"/><UN n0="%EF%BD%B1%EF%BE%84%EF%BE%90%EF%BD%AF%EF%BD%B8%E6%94%BE%E9%8A%83" n1="%67%61%72%75%63%69%61" n2="%E8%B1%86%E8%85%90%E3%81%9F%E3%82%93%E3%83%8F%E3%82%A1%E3%83%8F%E3%82%A1" n3="%EF%BC%88%E2%89%A7%E2%96%BD%E2%89%A6%EF%BC%89" dan="16,16,16,18" rate="2177.24,2073.04,2130.87,2110.51" sx="M,M,M,M"/><TAIKYOKU oya="0"/><INIT seed="0,0,0,0,5,123" ten="250,250,250,250" oya="0" hai0="104,21,76,15,88,6,4,84,17,10,56,43,39" hai1="117,105,28,75,77,13,2,101,93,118,26,100,63" hai2="126,11,78,22,132,107,70,81,98,110,111,99,58" hai3="5,9,1,133,89,125,35,135,52,32,24,96,80"/><T134/><D104/><U8/><E2/><V122/><F70/><W14/><G125/><T120/><D120/><U113/><E105/><V97/><F122/><W48/><G1/><T121/><D121/><U61/><E75/><V66/><F126/><W94/><G80/><T53/><D134/><N who="3" m="51209" /><G24/><T25/><D76/><U59/><E63/><N who="2" m="38263" /><F132/><W106/><G106/><T36/><D43/><U27/><E77/><V16/><F11/><W72/><G72/><T67/><D67/><U18/><E27/><N who="2" m="14791" /><F107/><W19/><G5/><N who="0" m="3535" /><D39/><U131/><E113/><V128/><F128/><W54/><G54/><T91/><D36/><U51/><E51/><V44/><F44/><AGARI ba="0,0" hai="9,14,19,32,35,44,48,52,89,94,96" m="51209" machi="44" ten="30,2000,0" yaku="20,1,54,1" doraHai="123" who="3" fromWho="2" sc="250,0,250,0,250,-20,250,20" /><INIT seed="1,0,0,3,5,86" ten="250,250,230,270" oya="1" hai0="0,128,15,76,38,29,109,93,69,2,35,122,58" hai1="114,107,112,73,25,60,42,26,110,47,46,92,62" hai2="5,11,129,100,27,87,72,49,82,130,111,34,132" hai3="51,16,7,84,66,119,19,89,13,20,101,53,52"/><U120/><E107/><V17/><F72/><W61/><G101/><T55/><D69/><U40/><E73/><V67/><F132/><W31/><G119/><T99/><D38/><U108/><REACH who="1" step="1"/><E92/><REACH who="1" ten="250,240,230,270" step="2"/><V117/><F117/><W121/><G121/><AGARI ba="0,1" hai="25,26,40,42,46,47,60,62,108,110,112,114,120,121" machi="121" ten="25,18000,2" yaku="1,1,2,1,22,2,53,2" doraHai="86" doraHaiUra="59" who="1" fromWho="3" sc="250,0,240,190,230,0,270,-180" /><INIT seed="1,1,0,3,2,75" ten="250,430,230,90" oya="1" hai0="22,49,124,85,127,2,82,110,36,78,64,24,99" hai1="121,50,96,17,48,80,3,122,100,109,62,7,81" hai2="91,46,70,74,28,25,58,55,29,67,106,51,52" hai3="56,35,61,118,53,133,47,1,98,39,102,68,131"/><U101/><E3/><V40/><F106/><W130/><G1/><T94/><D36/><U69/><E7/><V135/><F135/><W10/><G35/><T14/><D2/><U71/><E62/><V12/><F74/><W90/><G118/><T88/><D110/><U111/><E96/><V114/><F114/><W97/><G133/><T105/><D64/><U76/><E17/><V23/><F70/><W54/><G68/><T79/><D14/><U4/><E4/><V45/><F67/><W13/><G39/><T20/><D49/><U126/><E126/><N who="0" m="48169" /><D105/><U108/><E108/><V15/><F91/><W63/><G90/><N who="0" m="51511" /><D20/><U120/><E120/><V37/><REACH who="2" step="1"/><F29/><AGARI ba="1,0" hai="22,24,29,78,79,88,94,99" m="51511,48169" machi="29" ten="30,7700,0" yaku="18,1,52,2,54,1" doraHai="75" who="0" fromWho="2" sc="250,80,430,0,230,-80,90,0" /><INIT seed="2,0,0,0,2,0" ten="330,430,150,90" oya="2" hai0="43,111,17,49,46,126,62,102,45,123,77,36,26" hai1="52,84,90,6,112,83,124,16,86,97,88,128,85" hai2="29,125,81,101,31,116,108,20,65,104,22,33,129" hai3="5,24,27,109,115,79,103,98,114,40,50,120,10"/><V73/><F116/><W107/><G79/><T11/><D123/><U89/><E112/><N who="3" m="43050" /><G120/><T110/><D126/><U21/><E124/><V15/><F125/><W64/><G64/><T91/><D102/><U39/><E39/><V135/><F65/><W133/><G109/><T93/><D77/><U94/><E128/><V23/><F129/><W28/><G133/><T56/><D26/><N who="3" m="9769" /><G28/><T9/><D46/><U42/><E42/><V54/><F135/><W38/><G38/><T74/><D74/><U18/><E6/><V95/><F108/><N who="0" m="41514" /><D17/><N who="1" m="6763" /><E21/><V59/><F33/><W8/><G8/><T44/><D44/><U3/><E3/><V4/><F31/><W19/><G40/><T48/><D11/><U96/><E96/><N who="2" m="59551" /><F29/><W70/><G19/><T58/><D9/><U100/><E52/><V41/><F41/><W47/><G70/><T87/><D58/><U78/><AGARI ba="0,0" hai="78,83,84,85,86,88,89,90,94,97,100" m="6763" machi="78" ten="30,4000,0" yaku="8,1,54,2" doraHai="0" who="1" fromWho="1" sc="330,-10,430,40,150,-20,90,-10" /><INIT seed="3,0,0,1,5,21" ten="320,470,130,80" oya="3" hai0="10,6,126,90,104,11,66,101,61,106,98,86,41" hai1="125,5,71,31,100,38,68,44,13,94,12,54,33" hai2="16,135,72,131,51,67,43,52,88,22,60,102,29" hai3="133,134,9,76,42,65,105,85,81,7,97,49,111"/><W17/><G65/><T8/><D126/><U23/><E33/><V20/><F72/><W115/><G115/><T74/><D74/><U24/><E125/><V103/><F43/><W59/><G111/><T32/><D32/><U110/><E110/><V112/><F29/><W53/><G17/><T83/><D41/><U58/><E71/><V127/><F22/><W64/><G64/><T84/><D84/><U47/><E68/><V35/><F35/><W63/><G105/><T124/><D124/><U132/><E132/><N who="3" m="50794" /><G97/><T119/><D119/><U75/><E75/><V87/><F112/><W30/><G30/><T78/><D106/><U69/><E69/><V27/><F127/><W56/><G42/><T4/><D66/><U14/><E5/><V92/><F135/><W15/><G63/><T96/><D61/><N who="1" m="36055" /><E38/><V39/><F39/><W89/><G59/><T117/><D117/><U80/><E80/><V108/><F108/><W91/><AGARI ba="0,0" hai="7,9,15,49,53,56,76,81,85,89,91" m="50794" machi="91" ten="30,1500,0" yaku="20,1" doraHai="21" who="3" fromWho="3" sc="320,-5,470,-5,130,-5,80,15" /><INIT seed="3,1,0,2,4,135" ten="315,465,125,95" oya="3" hai0="90,122,32,12,7,91,133,43,95,26,65,14,67" hai1="109,37,113,15,114,123,61,108,40,41,16,104,92" hai2="74,118,115,60,36,93,34,2,85,45,99,33,117" hai3="94,75,8,130,19,80,58,87,51,31,44,103,131"/><W70/><G70/><T107/><D107/><U132/><E104/><V64/><F115/><W35/><G58/><T98/><D122/><U6/><E123/><V120/><F74/><W22/><G35/><T53/><D43/><N who="1" m="16459" /><E37/><V100/><F118/><W54/><G31/><T88/><D133/><U124/><E6/><V134/><F2/><W29/><G29/><T21/><D32/><U56/><E132/><V1/><F1/><W55/><G55/><T96/><D53/><N who="1" m="33935" /><E124/><V57/><F134/><W76/><G8/><N who="0" m="4127" /><D14/><U13/><E13/><V52/><F117/><W25/><REACH who="3" step="1"/><G75/><REACH who="3" ten="315,465,125,85" step="2"/><T46/><D67/><U116/><E116/><V81/><F120/><W23/><G23/><T47/><D65/><U11/><E114/><V62/><F34/><W3/><G3/><T49/><D46/><U5/><E113/><V105/><F33/><W83/><G83/><T102/><D47/><U86/><E5/><V4/><F4/><W18/><G18/><T112/><D112/><U111/><E92/><V126/><F93/><W28/><G28/><T129/><D95/><U69/><E69/><V30/><F30/><W50/><G50/><T121/><D49/><U101/><E101/><V119/><F119/><W128/><G128/><T127/><D129/><U66/><E66/><V68/><F45/><W42/><G42/><T59/><D59/><U27/><E27/><V72/><F72/><W79/><G79/><T63/><D121/><U9/><E9/><V20/><F20/><W78/><G78/><T38/><D102/><U39/><E39/><V10/><F36/><W0/><G0/><RYUUKYOKU ba="1,1" sc="315,-15,465,15,125,-15,85,15" hai1="11,15,16,86,108,109,111" hai3="19,22,25,44,51,54,76,80,87,94,103,130,131" /><INIT seed="3,2,1,1,5,43" ten="300,480,110,100" oya="3" hai0="88,32,0,128,57,113,54,135,115,15,44,62,11" hai1="84,85,14,51,7,77,42,129,63,72,20,24,31" hai2="111,125,48,36,33,102,121,60,73,95,13,49,114" hai3="131,55,41,133,46,39,74,2,64,91,22,68,16"/><W71/><G2/><T122/><D122/><U50/><E72/><V12/><F33/><W5/><G74/><T104/><D32/><U119/><E129/><V106/><F114/><N who="0" m="43530" /><D104/><U23/><E119/><V35/><F73/><W29/><G5/><T10/><D128/><U45/><E77/><V105/><F36/><W108/><G131/><T61/><D135/><U100/><E100/><V47/><F35/><W21/><G133/><T116/><D116/><U28/><E63/><V70/><F60/><W17/><G108/><T69/><D0/><U110/><E110/><V83/><F106/><W34/><G34/><T3/><D3/><U78/><E78/><V120/><F105/><W97/><G29/><T127/><D15/><U109/><E109/><V67/><F111/><W37/><G37/><T30/><D127/><U19/><E7/><V4/><F4/><W6/><G6/><T8/><D30/><N who="1" m="11307" /><E51/><V26/><F125/><W81/><G55/><T132/><D132/><U134/><E134/><V40/><F121/><W96/><G64/><N who="0" m="41111" /><D44/><U130/><E130/><V94/><F47/><W65/><G65/><T89/><AGARI ba="2,1" hai="8,10,11,54,57,61,88,89" m="41111,43530" machi="89" ten="40,2700,0" yaku="11,1,54,1" doraHai="43" who="0" fromWho="0" sc="300,43,480,-9,110,-9,100,-15" owari="343,14.0,471,57.0,101,-30.0,85,-41.0" /></mjloggm>