<mjloggm ver="2.3"><GO type="169" lobby="0"/><UN n0="%E6%80%96%E3%81%8F%E3%81%AA%E3%81%84%E3%81%8A" n1="%EF%BC%88%E2%89%A7%E2%96%BD%E2%89%A6%EF%BC%89" n2="%E5%A4%A9%E8%A1%A3%E7%84%A1%E7%B8%AB%E3%82%88%E3%81%A4%E3%81%B0" n3="%E3%82%AA%E3%83%A9%E3%82%B4%E3%83%B3%E3%82%AF%E3%82%A8%E3%82%B9%EF%BD%94" dan="18,17,16,16" rate="2223.20,2163.14,2048.23,2069.19" sx="M,M,M,M"/><TAIKYOKU oya="0"/><INIT seed="0,0,0,2,2,90" ten="250,250,250,250" oya="0" hai0="59,23,134,60,40,112,34,45,14,127,123,73,12" hai1="116,96,16,52,61,51,76,43,67,101,91,69,124" hai2="86,19,6,11,72,68,104,115,18,106,15,113,54" hai3="26,21,79,38,30,58,70,64,42,130,84,94,0"/><T109/><D112/><U13/><E116/><V83/><F72/><W89/><G0/><T87/><D73/><U10/><E76/><V82/><F82/><W88/><G130/><T135/><D123/><U56/><E124/><V119/><F119/><W99/><G70/><T98/><D34/><U95/><E43/><V80/><F80/><N who="3" m="47135" /><G38/><T5/><D87/><U33/><E33/><V8/><F68/><W93/><G42/><T107/><D127/><U74/><E74/><V100/><F115/><W117/><G117/><T3/><D3/><U55/><E55/><V108/><F113/><W128/><G128/><T4/><D109/><U77/><E77/><V9/><F108/><W126/><G126/><T65/><D107/><U111/><E111/><V22/><F100/><N who="3" m="60527" /><G94/><T41/><D98/><U114/><E114/><V29/><F106/><W46/><G46/><T2/><D40/><U81/><REACH who="1" step="1"/><E81/><REACH who="1" ten="250,240,250,250" step="2"/><V120/><F120/><W37/><G37/><T20/><D41/><U85/><E85/><V122/><F122/><W118/><G118/><T31/><D134/><U102/><AGARI ba="0,1" hai="10,13,16,51,52,56,61,67,69,91,95,96,101,102" machi="102" ten="30,12000,2" yaku="1,1,0,1,52,1,54,2,53,1" doraHai="90" doraHaiUra="47" who="1" fromWho="1" sc="250,-60,240,130,250,-30,250,-30" /><INIT seed="1,0,0,5,4,89" ten="190,370,220,220" oya="1" hai0="63,56,88,65,29,129,18,71,34,85,86,40,97" hai1="128,133,53,64,44,8,13,92,35,5,47,39,22" hai2="94,130,20,112,60,0,95,131,115,70,113,42,119" hai3="55,19,14,121,74,33,75,96,58,90,68,81,127"/><U15/><E35/><V114/><F119/><W83/><G121/><T98/><D40/><U110/><E64/><N who="2" m="41223" /><F0/><W2/><G68/><T41/><D41/><U122/><E122/><V80/><F80/><W32/><G2/><T31/><D129/><N who="2" m="49162" /><F115/><W12/><G127/><T117/><D117/><U123/><E123/><V73/><F73/><W116/><G116/><T57/><D85/><U135/><E128/><V62/><F62/><W4/><G75/><T125/><D125/><U78/><E39/><V11/><F11/><W45/><G74/><T126/><D126/><U82/><E82/><V27/><F42/><W7/><G83/><T28/><D18/><AGARI ba="0,0" hai="18,20,27,94,95,112,113,114" m="49162,41223" machi="18" ten="40,8000,1" yaku="11,1,19,1,52,2" doraHai="89" who="2" fromWho="0" sc="190,-80,370,0,220,80,220,0" /><INIT seed="2,0,0,5,5,104" ten="110,370,300,220" oya="2" hai0="90,53,85,127,93,64,110,76,130,80,82,2,100" hai1="55,62,111,23,66,92,83,48,51,69,27,21,59" hai2="3,10,67,126,61,20,115,28,54,89,40,49,37" hai3="29,33,121,13,102,81,11,74,106,34,70,18,24"/><V45/><F115/><W101/><G121/><T65/><D2/><U44/><E111/><V56/><F126/><W96/><G101/><T57/><D110/><U52/><E92/><V118/><F118/><W103/><G103/><T84/><D127/><U47/><E83/><V8/><F3/><W97/><G97/><T113/><D113/><U109/><E109/><V75/><F75/><W131/><G131/><T17/><D130/><U22/><REACH who="1" step="1"/><E69/><REACH who="1" ten="110,360,300,220" step="2"/><V86/><F37/><W99/><G99/><T26/><D100/><U1/><E1/><V135/><F135/><W9/><G70/><T36/><D36/><U128/><E128/><V42/><F42/><W7/><G81/><T95/><D95/><U60/><E60/><V35/><F40/><W114/><G114/><T132/><D132/><U122/><E122/><V12/><F35/><W133/><G133/><T39/><D39/><U124/><E124/><V119/><F119/><W14/><REACH who="3" step="1"/><G34/><REACH who="3" ten="110,360,300,210" step="2"/><T79/><D82/><U41/><E41/><V105/><F105/><W112/><G112/><T73/><D79/><U91/><E91/><V120/><F120/><W30/><G30/><AGARI ba="0,2" hai="21,22,23,27,30,44,47,48,51,52,55,59,62,66" machi="30" ten="30,12000,2" yaku="1,1,7,1,9,1,8,1,54,1,53,2" doraHai="104" doraHaiUra="43" who="1" fromWho="3" sc="110,0,360,140,300,0,210,-120" /><INIT seed="3,0,0,3,5,4" ten="110,500,300,90" oya="3" hai0="29,99,94,61,126,134,77,109,86,44,53,59,32" hai1="130,87,27,18,108,3,68,54,23,52,122,12,20" hai2="105,110,116,78,79,102,50,93,2,34,13,46,90" hai3="113,25,49,117,121,63,125,42,36,85,39,21,72"/><W0/><G121/><T58/><D126/><U8/><E68/><V111/><F34/><W24/><G117/><T115/><D134/><U96/><E122/><V123/><F2/><W11/><G113/><T127/><D127/><U81/><E130/><V51/><F116/><W100/><G72/><T107/><D107/><U64/><E64/><V6/><F123/><W74/><G74/><T88/><D109/><U112/><E108/><V104/><F104/><W76/><G100/><T95/><D32/><U131/><E131/><V7/><F102/><W41/><G125/><T89/><D29/><U75/><E75/><V69/><F69/><W92/><G63/><T56/><D115/><U60/><E96/><V17/><F105/><W19/><G25/><T30/><D30/><U35/><E35/><V48/><F46/><N who="3" m="25815" /><G41/><T129/><D129/><U9/><E3/><V55/><F55/><N who="1" m="21033" /><E60/><V84/><F111/><W1/><G1/><T16/><D44/><U45/><E45/><V14/><F110/><W70/><G70/><T132/><D77/><N who="2" m="29194" /><F14/><W26/><G39/><T124/><D132/><U67/><E112/><V65/><F65/><W15/><G36/><T37/><D37/><U91/><E67/><V133/><F133/><W31/><G0/><T71/><D71/><U40/><E40/><V80/><F93/><W66/><G66/><T43/><D43/><U82/><E81/><V120/><F120/><W135/><G135/><T119/><D119/><U5/><E27/><V38/><F38/><W33/><G33/><T47/><D124/><U57/><E57/><N who="0" m="22121" /><D47/><U101/><E101/><RYUUKYOKU ba="0,0" sc="110,10,500,10,300,10,90,-30" hai0="16,53,59,61,86,88,89,94,95,99" hai1="5,8,9,12,18,20,23,82,87,91" hai2="6,7,13,17,48,50,51,80,84,90" /><INIT seed="4,1,0,0,2,79" ten="120,510,310,60" oya="0" hai0="81,36,77,98,47,44,131,112,43,20,66,125,67" hai1="37,60,19,25,88,118,3,17,94,65,127,103,10" hai2="109,50,100,80,13,102,40,90,63,56,21,122,74" hai3="2,128,54,41,129,0,52,33,73,83,27,22,110"/><T30/><D112/><U72/><E37/><V124/><F109/><W31/><G33/><T7/><D131/><N who="3" m="50249" /><G41/><T4/><D125/><U6/><E72/><V48/><F124/><W75/><G110/><T82/><D98/><U87/><E118/><V64/><F122/><W23/><G23/><T68/><D68/><U16/><E103/><V12/><F74/><N who="3" m="28171" /><G83/><N who="0" m="31755" /><D77/><U51/><E127/><V57/><F102/><W113/><G113/><T135/><D135/><U133/><E133/><V70/><F100/><W18/><G31/><T91/><D91/><U114/><E114/><V120/><F120/><W107/><G107/><T116/><D116/><U26/><E88/><V29/><F70/><W97/><G97/><T95/><D95/><U92/><E94/><V89/><F89/><W34/><G34/><T123/><D123/><U58/><E92/><V1/><F1/><AGARI ba="1,0" hai="0,1,2,18,22,27,52,54" m="28171,50249" machi="1" ten="40,2600,0" yaku="19,1,54,1" doraHai="79" who="3" fromWho="2" sc="120,0,510,0,310,-29,60,29" /><INIT seed="5,0,0,0,4,45" ten="120,510,281,89" oya="1" hai0="75,51,126,27,12,8,42,69,82,9,114,73,47" hai1="33,36,68,79,20,25,123,113,78,67,118,132,102" hai2="77,107,2,26,18,86,30,85,72,117,41,24,70" hai3="61,60,98,111,115,6,57,48,46,122,127,119,110"/><U76/><E33/><V90/><F70/><W40/><G122/><T32/><D69/><U130/><E36/><V109/><F109/><N who="3" m="41483" /><G98/><T131/><D131/><U19/><E118/><V81/><F117/><W21/><G21/><T103/><D103/><U84/><E132/><V106/><F2/><W5/><G5/><T31/><D126/><U0/><E0/><V133/><F133/><W134/><G6/><T108/><D114/><U71/><E113/><V49/><F72/><W38/><G115/><T29/><D29/><U124/><E102/><V28/><F107/><W80/><G80/><T120/><D120/><U11/><E11/><V129/><F106/><W52/><G134/><T101/><D101/><U55/><E84/><V105/><F105/><W37/><G127/><T100/><D100/><U95/><E123/><V4/><F4/><W83/><G83/><T91/><D8/><U22/><E95/><N who="2" m="54735" /><F129/><W56/><G119/><T35/><D35/><U116/><E130/><V17/><F28/><W63/><G37/><T7/><D108/><U88/><E124/><V128/><F128/><W64/><AGARI ba="0,0" hai="38,40,46,48,52,56,57,60,61,63,64" m="41483" machi="64" ten="30,7900,0" yaku="34,2,52,1,54,1" doraHai="45" who="3" fromWho="3" sc="120,-20,510,-39,281,-20,89,79" /><INIT seed="6,0,0,1,5,31" ten="100,471,261,168" oya="2" hai0="130,114,80,101,56,64,90,88,0,36,109,95,74" hai1="49,54,104,126,16,23,50,20,135,127,52,131,89" hai2="21,106,51,94,37,5,70,119,120,111,14,76,6" hai3="124,117,103,91,39,17,77,9,22,71,2,4,81"/><V82/><F106/><W123/><G117/><T62/><D109/><U118/><E104/><V122/><F70/><W46/><G123/><T1/><D36/><U78/><E78/><V40/><F119/><W65/><G103/><T97/><D130/><U86/><E135/><V38/><F111/><W42/><G124/><N who="1" m="47658" /><E131/><V102/><F6/><W44/><G44/><T67/><D114/><U35/><E35/><V112/><F112/><W30/><G30/><T99/><D64/><U7/><E7/><V15/><F15/><W8/><G8/><T18/><D18/><U85/><E23/><V100/><F21/><W75/><G91/><T32/><D32/><U125/><E118/><V59/><F38/><W41/><G41/><T34/><D34/><U73/><E73/><V69/><F69/><W133/><G133/><T83/><D90/><U128/><E128/><V107/><F37/><W87/><G87/><N who="1" m="33290" /><E89/><V93/><F122/><W121/><G121/><T113/><D113/><U57/><E125/><V26/><F120/><W115/><G115/><T53/><D67/><U10/><E10/><N who="2" m="4431" /><F107/><W27/><G65/><T129/><D129/><U60/><E54/><N who="2" m="32223" /><F40/><W33/><G33/><T3/><REACH who="0" step="1"/><D74/><REACH who="0" ten="90,471,261,168" step="2"/><U48/><E20/><V47/><F102/><W98/><G71/><T29/><D29/><U108/><E108/><V45/><F100/><W12/><G27/><T96/><D96/><AGARI ba="0,1" hai="2,4,9,12,17,22,39,42,46,75,77,81,96,98" machi="96" ten="40,2600,0" yaku="25,2" doraHai="31" who="3" fromWho="0" sc="90,-26,471,0,261,0,168,36" /><INIT seed="7,0,0,3,3,130" ten="64,471,261,204" oya="3" hai0="114,61,80,73,70,119,21,44,40,36,67,25,134" hai1="14,131,108,4,76,88,86,15,13,43,58,2,94" hai2="54,42,126,45,92,125,69,19,128,49,24,37,107" hai3="133,62,115,79,113,1,17,129,28,102,117,39,97"/><W77/><G129/><T29/><D119/><U121/><E121/><V95/><F107/><W20/><G117/><T35/><D21/><U90/><E108/><V5/><F5/><W3/><G28/><T132/><REACH who="0" step="1"/><D114/><REACH who="0" ten="54,471,261,204" step="2"/><U41/><E131/><V118/><F128/><W78/><G115/><T84/><D84/><U111/><E111/><V6/><F118/><W122/><G113/><T109/><D109/><U55/><E76/><V101/><F69/><W71/><G78/><T50/><D50/><N who="1" m="31095" /><E2/><V120/><F49/><W60/><G77/><T106/><D106/><U110/><E110/><V124/><F124/><W99/><G79/><T64/><D64/><U123/><E123/><V91/><F120/><W112/><G71/><T65/><D65/><U56/><E4/><V93/><F6/><W53/><G3/><T27/><D27/><U135/><E86/><V34/><F126/><W31/><G1/><T46/><D46/><U51/><E15/><V81/><F45/><W82/><G112/><T87/><D87/><U7/><E14/><V66/><F66/><W38/><G122/><T68/><D68/><U75/><E13/><V18/><F125/><W16/><G20/><T8/><D8/><U59/><E7/><V22/><F24/><W83/><G39/><T63/><D63/><U96/><E51/><V10/><F22/><W116/><G38/><T30/><D30/><U9/><E9/><V26/><F10/><W100/><G60/><T47/><D47/><U104/><E104/><V105/><F105/><W23/><G62/><T12/><D12/><U0/><E0/><RYUUKYOKU ba="0,1" sc="54,30,471,-10,261,-10,204,-10" hai0="25,29,35,36,40,44,61,67,70,73,80,132,134" owari="84,-42.0,471,58.0,251,5.0,194,-21.0" /></mjloggm>