<mjloggm ver="2.3"><GO type="41"/><UN n0="%E5%A4%A7%E5%9F%8E%E9%81%8A%E4%BD%90" n1="%63%79%6F%6E%70%69" n2="%E6%8A%BC%E5%BF%8D%EF%BC%81%E6%93%8D" n3="%E3%82%A6%E3%83%AB%E3%83%88%E3%83%A9%E7%AB%8B%E7%9B%B4" dan="14,14,13,15" rate="1879,1934,1971,2020" sx="M,M,M,M"/><TAIKYOKU oya="0"/><INIT seed="0,0,0,2,1,90" ten="250,250,250,250" oya="0" hai0="114,130,118,88,2,64,8,46,78,32,58,49,1" hai1="45,39,70,5,99,43,13,117,122,21,67,132,83" hai2="109,18,120,44,50,74,81,100,128,11,105,87,60" hai3="72,124,7,20,101,57,22,66,97,126,6,9,116"/><T62/><D118/><U3/><E122/><V14/><F120/><W19/><G72/><T0/><D32/><U98/><E117/><V82/><F74/><W133/><G116/><T79/><D114/><U77/><E132/><V76/><F128/><W93/><G133/><T119/><D119/><U135/><E135/><V40/><F109/><W80/><G80/><T59/><D130/><U73/><E67/><V52/><F105/><W55/><G66/><T113/><D58/><U127/><E70/><V33/><F33/><W85/><G85/><T47/><D47/><U123/><E123/><V115/><F115/><W106/><G106/><T95/><D8/><N who="1" m="2111" /><E127/><V110/><F110/><W56/><G20/><T131/><D113/><U15/><E21/><V104/><F104/><W27/><G56/><T10/><D10/><U134/><E134/><V94/><F82/><W41/><G41/><T92/><D131/><U26/><E26/><V17/><F18/><W28/><G28/><T35/><D35/><U91/><E99/><N who="2" m="59511" /><F60/><W48/><REACH who="3" step="1"/><G6/><REACH who="3" ten="250,250,250,240" step="2"/><T38/><D38/><U129/><E129/><V36/><F36/><W71/><G71/><T111/><D111/><U102/><E91/><V84/><F84/><W86/><G86/><T53/><REACH who="0" step="1"/><D88/><REACH who="0" ten="240,250,250,240" step="2"/><U42/><E42/><AGARI ba="0,2" hai="11,14,17,40,42,44,50,52,76,81,87" m="59511" machi="42" ten="30,3900,0" yaku="8,1,52,1,54,1" doraHai="90" who="2" fromWho="1" sc="240,0,250,-39,250,59,240,0" /><INIT seed="1,0,0,5,2,82" ten="240,211,309,240" oya="1" hai0="56,100,39,71,133,34,75,26,14,21,114,77,12" hai1="64,95,66,98,25,112,55,73,35,86,103,20,22" hai2="126,81,108,68,83,23,36,72,109,29,59,8,115" hai3="99,19,63,79,49,120,11,1,102,135,131,96,129"/><U24/><E73/><V122/><F36/><W93/><G120/><T125/><D39/><U48/><E35/><V107/><F107/><W123/><G123/><T2/><D2/><U116/><E112/><V10/><F68/><W88/><G135/><T32/><D133/><U50/><E50/><V30/><F122/><W31/><G31/><T28/><D71/><U119/><E116/><V13/><F115/><W74/><G63/><T57/><D114/><U9/><E9/><V42/><F42/><W41/><G49/><T47/><D100/><U65/><E119/><V16/><F72/><W53/><G53/><T106/><D106/><U89/><E55/><V58/><F126/><W104/><G41/><T38/><D57/><N who="2" m="21514" /><F109/><W118/><G118/><T134/><D56/><U130/><E48/><V69/><F69/><W51/><G51/><T105/><D105/><U60/><E60/><V15/><F108/><W76/><G1/><T5/><D34/><U33/><E33/><V27/><F30/><W80/><G19/><AGARI ba="0,0" hai="8,10,13,15,16,19,23,27,29,81,83" m="21514" machi="19" ten="30,2000,0" yaku="8,1,54,1" doraHai="82" who="2" fromWho="3" sc="240,0,211,0,309,20,240,-20" /><INIT seed="2,0,0,4,4,135" ten="240,211,329,220" oya="2" hai0="92,51,97,36,115,37,53,62,27,38,8,17,128" hai1="6,121,52,12,59,108,119,90,114,68,9,56,126" hai2="85,124,80,107,82,11,81,122,95,87,117,74,3" hai3="83,73,32,123,120,65,112,47,70,2,72,132,22"/><V50/><F122/><W7/><G22/><T105/><D115/><U66/><E68/><V86/><F3/><W0/><G132/><T71/><D128/><U79/><E119/><V69/><F69/><W16/><G16/><T63/><D105/><U19/><E114/><V14/><F117/><W55/><G55/><T45/><D71/><U21/><E121/><V111/><F111/><W75/><G83/><T94/><D94/><U88/><E108/><V131/><F131/><W46/><G112/><T34/><D8/><U102/><E102/><V84/><F107/><W116/><G116/><T26/><D26/><U127/><E79/><N who="2" m="44151" /><F50/><W5/><G32/><T15/><D15/><U93/><E66/><V57/><F57/><W33/><G33/><T109/><D109/><U13/><E59/><V1/><F1/><W133/><G70/><T4/><D4/><U18/><E6/><V118/><F118/><W42/><G72/><T30/><REACH who="0" step="1"/><D17/><REACH who="0" ten="230,211,329,220" step="2"/><U77/><E77/><N who="2" m="46127" /><F14/><W61/><G120/><T31/><D31/><U48/><REACH who="1" step="1"/><E90/><AGARI ba="0,1" hai="27,30,34,36,37,38,45,51,53,62,63,90,92,97" machi="90" ten="40,1300,0" yaku="1,1,53,0" doraHai="135" doraHaiUra="113" who="0" fromWho="1" sc="230,23,211,-13,329,0,220,0" /><INIT seed="3,0,0,3,2,130" ten="253,198,329,220" oya="3" hai0="30,90,24,107,70,126,117,121,109,71,131,66,42" hai1="116,96,122,60,14,81,72,38,64,58,49,95,5" hai2="61,110,59,68,32,98,9,86,36,85,17,133,28" hai3="83,124,39,25,53,115,26,134,46,1,102,18,22"/><W31/><G115/><T105/><D117/><U56/><E38/><V3/><F36/><W33/><G124/><T69/><D121/><U123/><E116/><V2/><F68/><W62/><G1/><T84/><D126/><U127/><E127/><V54/><F110/><W76/><G102/><T112/><D109/><U23/><E81/><V129/><F129/><W111/><G111/><T15/><D112/><U75/><E122/><V43/><F43/><W92/><G92/><T78/><D42/><U67/><E123/><V100/><F2/><W52/><G134/><T125/><D125/><U103/><E5/><V34/><F133/><W27/><G62/><T120/><D120/><U94/><E95/><V118/><F118/><W19/><G39/><T57/><D78/><U10/><E10/><V37/><F37/><W91/><G91/><T79/><D79/><U45/><E14/><V101/><F100/><W108/><G108/><T74/><D74/><U132/><E132/><V88/><F28/><W44/><G44/><T99/><D99/><U48/><E48/><V113/><F113/><W82/><G46/><T8/><D131/><U55/><E23/><V104/><F85/><W87/><G82/><N who="0" m="49431" /><D57/><U21/><REACH who="1" step="1"/><E21/><AGARI ba="0,0" hai="18,19,21,22,25,26,27,31,33,52,53,76,83,87" machi="21" ten="40,3900,0" yaku="9,1,54,1" doraHai="130" who="3" fromWho="1" sc="253,0,198,-39,329,0,220,39" /><INIT seed="3,1,0,4,0,41" ten="253,159,329,259" oya="3" hai0="122,96,65,34,135,57,130,123,120,27,31,111,110" hai1="1,124,40,95,76,60,74,107,26,62,44,75,113" hai2="94,81,68,126,99,39,64,66,58,115,80,86,97" hai3="63,125,121,78,100,3,38,77,85,117,55,32,132"/><W61/><G121/><T105/><D65/><U90/><E107/><V79/><F39/><W48/><G38/><T12/><D57/><U92/><E113/><V18/><F68/><W129/><G32/><T131/><D135/><U109/><E95/><V47/><F115/><W2/><G117/><T5/><D96/><U28/><E1/><V11/><F126/><W108/><G125/><T133/><D105/><U53/><E76/><V17/><F97/><W22/><G132/><T101/><D101/><U50/><E124/><V98/><F98/><W20/><G100/><T114/><D133/><U19/><E19/><V112/><F112/><W82/><G78/><T89/><D89/><U73/><E40/><V116/><F116/><W87/><G87/><T33/><D114/><U16/><E109/><N who="0" m="41481" /><D33/><U25/><E25/><V36/><F80/><W119/><G108/><T6/><D12/><U51/><E51/><V0/><F66/><W9/><G119/><T118/><D118/><U84/><REACH who="1" step="1"/><E16/><REACH who="1" ten="253,149,329,259" step="2"/><N who="2" m="6251" /><F0/><W13/><G3/><T134/><D134/><U83/><E83/><V59/><F11/><W67/><G2/><T15/><D15/><U93/><E93/><V91/><F36/><W7/><G63/><T45/><D45/><U72/><N who="1" m="18944" /><DORA hai="8" /><U49/><E49/><V128/><F47/><W106/><G106/><T43/><D43/><U4/><E4/><AGARI ba="1,1" hai="4,5,6,27,31,34,120,122,123,130,131" m="41481" machi="4" ten="40,5200,0" yaku="14,1,34,2" doraHai="41,8" who="0" fromWho="1" sc="253,65,149,-55,329,0,259,0" /><INIT seed="4,0,0,3,2,131" ten="318,94,329,259" oya="0" hai0="94,135,106,102,120,28,45,127,91,1,39,118,7" hai1="56,61,5,122,48,125,73,11,25,74,114,130,15" hai2="75,89,133,41,126,31,23,46,34,22,79,4,99" hai3="78,40,110,20,100,81,29,24,27,108,62,17,90"/><T80/><D120/><U82/><E122/><V49/><F126/><W53/><G40/><T119/><D28/><U43/><E130/><V12/><F34/><W42/><G42/><T105/><D39/><U132/><E132/><V111/><F111/><W55/><G100/><T9/><D127/><U13/><E125/><V65/><F65/><W69/><G90/><T6/><D45/><U57/><E114/><V98/><F22/><W30/><G69/><T88/><D9/><U107/><E107/><V101/><F133/><W96/><G96/><T71/><D94/><U63/><E25/><V35/><F35/><W85/><G17/><T37/><D135/><U129/><E15/><V76/><F75/><W0/><G0/><T19/><D1/><U52/><E129/><V113/><F113/><W84/><G62/><T134/><D71/><U77/><E61/><V21/><F21/><W103/><G103/><T72/><D102/><U3/><E56/><V124/><F124/><W66/><G66/><T86/><D37/><U38/><E3/><V8/><F89/><W54/><G85/><T59/><D72/><U104/><E104/><V83/><F83/><W123/><REACH who="3" step="1"/><G123/><REACH who="3" ten="318,94,329,249" step="2"/><T10/><D134/><U92/><E38/><V109/><F99/><W116/><G116/><T64/><D119/><U68/><E68/><V33/><F98/><W121/><G121/><T51/><D118/><U2/><E2/><V60/><F101/><W32/><AGARI ba="0,1" hai="20,24,27,29,30,32,53,54,55,78,81,84,108,110" machi="32" ten="30,2000,0" yaku="1,1,0,1,53,0" doraHai="131" doraHaiUra="97" who="3" fromWho="3" sc="318,-10,94,-5,329,-5,249,30" /><INIT seed="5,0,0,3,4,129" ten="308,89,324,279" oya="1" hai0="134,60,106,30,7,66,18,127,40,22,53,85,44" hai1="15,110,112,86,51,101,84,8,118,102,34,81,80" hai2="48,45,0,36,128,29,73,24,56,100,31,27,11" hai3="43,135,13,65,90,32,35,12,119,33,37,2,75"/><U5/><E34/><V28/><F73/><W133/><G75/><T4/><D106/><U19/><E110/><V16/><F36/><W20/><G65/><T98/><D127/><U39/><E39/><V25/><F100/><W6/><G43/><T38/><D30/><U49/><E118/><V132/><F56/><W96/><G37/><T126/><D126/><U64/><E64/><V108/><F128/><W121/><G96/><T88/><D98/><U95/><E112/><V115/><F115/><W59/><G90/><T17/><D53/><U105/><E105/><V62/><F62/><W46/><G59/><T125/><D134/><N who="3" m="51209" /><G46/><T69/><D18/><U3/><E95/><V41/><F132/><W82/><G82/><T131/><D131/><U113/><E113/><V74/><F74/><W94/><G94/><T123/><D123/><U92/><E92/><V79/><F79/><W122/><G119/><T77/><D77/><U78/><E102/><V21/><F108/><W116/><G116/><T26/><D125/><U99/><E99/><V47/><F47/><W97/><G97/><T130/><D130/><U120/><E101/><V72/><F72/><W42/><G42/><T70/><D70/><U111/><E111/><V71/><F71/><W58/><G58/><T107/><D107/><U9/><E120/><N who="3" m="46186" /><G20/><T67/><D67/><U50/><E50/><V93/><F93/><AGARI ba="0,0" hai="4,7,17,22,26,38,40,44,60,66,69,85,88,93" machi="93" ten="30,2000,0" yaku="7,1,54,1" doraHai="129" who="0" fromWho="2" sc="308,20,89,0,324,-20,279,0" /><INIT seed="6,0,0,4,2,5" ten="328,89,304,279" oya="2" hai0="113,57,24,59,63,115,122,52,36,82,66,58,100" hai1="61,121,126,132,83,77,19,112,47,84,38,65,93" hai2="86,62,40,89,131,18,14,27,42,4,95,39,7" hai3="23,22,134,99,60,25,109,1,81,45,124,129,46"/><V0/><F0/><W54/><G1/><T30/><D122/><U68/><E112/><N who="0" m="43081" /><D36/><U80/><E121/><V85/><F131/><W98/><G124/><T76/><D100/><U119/><E126/><V44/><F40/><W49/><G134/><T50/><D66/><U120/><E120/><V110/><F110/><W29/><G129/><T12/><D12/><U103/><E132/><V79/><F27/><W16/><G109/><T10/><D10/><U51/><E119/><V64/><F79/><W21/><G21/><N who="0" m="15631" /><D63/><U117/><E38/><V108/><F86/><AGARI ba="0,0" hai="50,52,57,58,59,76,82,86" m="15631,43081" machi="86" ten="30,2000,0" yaku="15,1,54,1" doraHai="5" who="0" fromWho="2" sc="328,20,89,0,304,-20,279,0" /><INIT seed="7,0,0,5,4,135" ten="348,89,284,279" oya="3" hai0="17,20,126,41,30,52,100,72,0,82,119,90,39" hai1="32,29,114,132,38,110,35,93,36,91,102,49,131" hai2="106,133,118,58,43,113,27,80,128,61,97,127,70" hai3="37,83,44,122,94,57,117,45,66,59,46,60,107"/><W1/><G107/><T62/><D119/><U48/><E29/><V95/><F106/><W12/><G1/><T31/><D0/><U123/><E102/><V81/><F118/><W7/><G117/><T65/><D126/><U99/><E123/><V16/><F133/><W120/><G83/><T10/><D10/><U96/><E132/><V129/><F127/><W15/><G15/><T25/><D52/><U121/><E121/><N who="3" m="46698" /><G94/><T19/><D100/><U21/><E110/><V78/><F70/><N who="3" m="42311" /><G12/><T108/><D19/><U109/><E21/><N who="2" m="13735" /><F43/><N who="3" m="22639" /><G7/><T14/><D90/><U24/><E109/><V71/><F71/><W4/><G4/><T87/><D108/><U26/><E91/><V55/><F113/><W105/><G105/><T104/><D104/><U86/><E93/><V47/><F128/><W98/><G98/><T92/><D92/><U54/><E86/><N who="2" m="48407" /><F129/><W84/><G84/><T115/><D87/><U64/><E131/><V3/><F3/><W124/><G124/><T89/><D89/><U73/><E73/><V5/><F5/><W134/><G134/><T13/><D82/><U50/><E54/><V22/><F81/><W85/><G85/><T111/><D111/><U53/><E53/><V33/><F33/><N who="1" m="12873" /><E64/><V130/><F130/><W42/><G46/><T6/><D6/><U79/><E79/><V125/><F125/><W51/><AGARI ba="0,0" hai="42,45,51,57,59" m="22639,42311,46698" machi="51" ten="30,3000,0" yaku="34,2" doraHai="135" who="3" fromWho="3" sc="348,-10,89,-10,284,-10,279,30" /><INIT seed="7,1,0,0,0,25" ten="338,79,274,309" oya="3" hai0="20,68,97,127,53,126,9,103,125,50,69,54,46" hai1="26,55,7,107,37,98,77,104,70,128,106,34,76" hai2="88,95,13,47,78,113,61,28,38,118,99,79,87" hai3="30,23,111,35,44,122,114,66,130,121,105,49,41"/><W6/><G105/><N who="1" m="26882" /><U27/><DORA hai="80" /><E55/><V14/><F118/><W83/><G35/><T0/><D20/><U40/><E98/><V48/><F38/><W81/><G111/><T2/><D103/><U110/><E26/><V65/><F113/><W112/><G130/><T33/><D33/><U71/><E77/><V16/><F28/><W108/><G108/><T56/><D97/><U92/><E92/><V120/><F120/><W91/><G121/><T52/><D53/><U39/><E76/><V90/><F13/><W29/><G122/><T133/><D133/><U15/><E15/><V62/><F65/><W1/><G23/><T117/><D117/><U94/><E94/><N who="2" m="54559" /><F62/><W134/><G134/><T86/><D86/><U12/><E12/><V11/><F61/><W89/><G66/><T8/><D2/><U124/><E7/><V32/><F32/><W19/><G19/><T131/><D131/><U17/><E17/><V123/><F123/><W5/><G1/><T119/><D119/><U73/><E40/><AGARI ba="1,0" hai="11,14,16,40,47,48,78,79,90,95,99" m="54559" machi="40" ten="30,7700,0" yaku="8,1,52,1,54,2" doraHai="25,80" who="2" fromWho="1" sc="338,0,79,-80,274,80,309,0" owari="338,14.0,-1,-50.0,354,45.0,309,-9.0" /></mjloggm>