<mjloggm ver="2.3"><GO type="41"/><UN n0="%E3%82%A6%E3%83%AB%E3%83%88%E3%83%A9%E7%AB%8B%E7%9B%B4" n1="%E3%82%86%E3%83%BC%EF%BC%A0%E5%9F%BC%E7%8E%89" n2="%6B%69%72%69%73%68%69%6D" n3="%44%4F%53%56" dan="15,16,14,13" rate="1961,2018,1854,1836" sx="M,M,M,M"/><TAIKYOKU oya="0"/><INIT seed="0,0,0,4,5,2" ten="250,250,250,250" oya="0" hai0="17,83,15,97,59,30,108,16,71,135,114,36,46" hai1="0,113,118,31,69,14,7,9,64,57,120,56,131" hai2="104,117,86,133,68,21,20,125,37,53,67,19,110" hai3="60,74,63,8,107,25,18,47,98,1,27,95,91"/><T122/><D71/><U34/><E120/><V84/><F117/><W92/><G74/><T119/><D122/><U50/><E118/><V55/><F104/><W81/><G107/><T49/><D119/><U32/><E113/><V129/><F37/><W112/><G112/><T115/><D135/><U72/><E72/><V106/><F106/><W51/><G81/><T38/><D38/><U26/><E131/><V43/><F129/><W28/><G92/><T44/><D44/><U99/><E34/><V80/><F125/><W40/><G25/><T54/><D30/><U123/><E123/><V126/><F43/><W85/><G98/><T103/><D17/><U87/><E99/><V13/><F133/><W65/><G65/><T35/><D35/><U82/><E50/><V11/><F126/><W62/><G63/><T100/><D108/><U77/><E64/><V3/><F84/><W23/><G1/><T58/><D83/><U121/><E69/><V111/><F67/><W124/><G124/><T10/><D103/><U39/><E39/><V79/><F68/><W105/><G105/><T42/><REACH who="0" step="1"/><D59/><REACH who="0" ten="240,250,250,250" step="2"/><U61/><E121/><V128/><F128/><W109/><G109/><T130/><D130/><U22/><E61/><V78/><F111/><W90/><G91/><T75/><D75/><U29/><E29/><V102/><F110/><W6/><G28/><T33/><D33/><U134/><E134/><V48/><F102/><W93/><G95/><AGARI ba="0,1" hai="10,15,16,36,42,46,49,54,58,95,97,100,114,115" machi="95" ten="30,11600,0" yaku="1,1,7,1,54,1,53,1" doraHai="2" doraHaiUra="45" who="0" fromWho="3" sc="240,126,250,0,250,0,250,-116" /><INIT seed="0,1,0,4,0,58" ten="366,250,250,134" oya="0" hai0="122,106,84,54,124,70,79,14,135,25,44,31,100" hai1="83,126,8,88,112,45,90,39,66,133,73,132,119" hai2="68,131,77,41,99,108,51,67,113,22,49,53,96" hai3="6,123,40,118,57,30,55,78,104,125,11,97,56"/><T20/><D122/><U7/><E119/><V86/><F113/><W62/><G118/><T129/><D129/><U47/><E112/><V43/><F131/><W81/><G125/><T48/><D124/><U87/><E126/><V13/><F68/><W33/><G123/><T80/><D135/><N who="1" m="51787" /><E73/><V93/><F67/><W37/><G30/><T32/><D106/><U21/><E39/><V85/><F108/><W121/><G37/><T18/><D100/><U34/><E34/><V60/><F60/><W9/><G33/><T23/><D70/><U114/><E114/><V89/><F49/><W72/><G121/><T111/><D111/><U102/><E102/><V82/><F41/><W4/><G40/><T2/><D2/><N who="1" m="119" /><E66/><V91/><F43/><W27/><G27/><T28/><D32/><U130/><E130/><V50/><F51/><W63/><G97/><T92/><D92/><U74/><E74/><V5/><F77/><W98/><G98/><T94/><D94/><U1/><E1/><V12/><F12/><W95/><G95/><T3/><D3/><U17/><E90/><V107/><F107/><W36/><G104/><T134/><D134/><U10/><E10/><N who="2" m="4303" /><F22/><W0/><G36/><T117/><D117/><U46/><E46/><AGARI ba="1,0" hai="46,50,53,82,85,86,89,91,93,96,99" m="4303" machi="46" ten="30,1000,0" yaku="8,1" doraHai="58" who="2" fromWho="1" sc="366,0,250,-13,250,13,134,0" /><INIT seed="1,0,0,0,2,125" ten="366,237,263,134" oya="1" hai0="35,42,49,107,85,34,116,44,29,51,16,87,72" hai1="86,77,88,59,112,1,135,110,99,128,102,30,10" hai2="94,62,103,61,46,41,39,131,74,28,7,26,132" hai3="19,113,95,14,31,78,105,33,3,130,83,13,129"/><U73/><E112/><V75/><F132/><W21/><G105/><T118/><D72/><U76/><E30/><V32/><F131/><N who="3" m="50187" /><G113/><T53/><D107/><U2/><E135/><V20/><F74/><W63/><G63/><T11/><D29/><U18/><E128/><V38/><F38/><W25/><G95/><T71/><D35/><U98/><E73/><V91/><F75/><N who="3" m="43487" /><G3/><T40/><D87/><U115/><E115/><V50/><F103/><W114/><G114/><T58/><D85/><U27/><E1/><V89/><F89/><W92/><G92/><T117/><D71/><U12/><E2/><V65/><F39/><W108/><G108/><T22/><D51/><U90/><E110/><V124/><F124/><W111/><G111/><T56/><D49/><U5/><E102/><V81/><F81/><W64/><G64/><T47/><D117/><U69/><E99/><V8/><F65/><W6/><G6/><T101/><D101/><U126/><E98/><V100/><F32/><W48/><G48/><T57/><D118/><U104/><E104/><V0/><F100/><W119/><G13/><T123/><D116/><AGARI ba="0,0" hai="14,19,21,25,31,33,116,119" m="43487,50187" machi="116" ten="30,7700,0" yaku="19,1,52,3" doraHai="125" who="3" fromWho="0" sc="366,-77,237,0,263,0,134,77" /><INIT seed="2,0,0,1,3,0" ten="289,237,263,211" oya="2" hai0="103,86,65,107,38,60,81,88,90,6,50,52,22" hai1="121,69,72,126,119,42,74,27,48,12,59,14,58" hai2="41,33,75,29,45,80,129,39,133,23,61,24,97" hai3="112,110,78,99,25,108,56,109,67,105,37,114,3"/><V30/><F129/><W49/><G3/><T89/><D38/><U46/><E119/><V32/><F133/><W118/><G25/><T2/><D107/><U68/><E121/><V82/><F97/><W135/><G105/><T127/><D103/><U87/><E126/><V111/><F111/><W43/><G99/><T34/><D34/><U66/><E27/><V79/><F29/><W7/><G78/><T70/><D127/><U94/><E69/><V128/><F128/><W104/><G104/><T16/><D2/><U51/><E68/><V55/><F80/><W28/><G28/><T47/><D6/><U8/><E14/><AGARI ba="0,0" hai="14,16,22,47,50,52,60,65,70,81,86,88,89,90" machi="14" ten="30,7700,0" yaku="7,1,54,3" doraHai="0" who="0" fromWho="1" sc="289,77,237,-77,263,0,211,0" /><INIT seed="3,0,0,1,1,71" ten="366,160,263,211" oya="3" hai0="53,49,67,100,99,55,28,29,74,124,13,117,11" hai1="81,109,45,93,102,68,103,65,97,63,127,9,50" hai2="105,129,86,130,64,22,77,90,126,1,120,52,73" hai3="115,58,30,91,7,83,27,42,122,131,16,15,32"/><W51/><G115/><T24/><D74/><U8/><E127/><V88/><F1/><W79/><G122/><T61/><D117/><U107/><E109/><V76/><F126/><W6/><G131/><N who="2" m="50185" /><F120/><W43/><G91/><T10/><D124/><U134/><E134/><V132/><F132/><W20/><G42/><T46/><D55/><U4/><E4/><V98/><F64/><W101/><G101/><T47/><D47/><U62/><E62/><V110/><F110/><W59/><G58/><T40/><D53/><U38/><E38/><V44/><F22/><W39/><G59/><T12/><D12/><U54/><E102/><N who="2" m="62679" /><F73/><W19/><G19/><T31/><D11/><U118/><E118/><V112/><F112/><W34/><G32/><T48/><D48/><U0/><E0/><V104/><F104/><W113/><G113/><T21/><D61/><U92/><E8/><V69/><F69/><W36/><G6/><T57/><D57/><U25/><E9/><V106/><F106/><W116/><G7/><T94/><REACH who="0" step="1"/><D67/><REACH who="0" ten="356,160,263,211" step="2"/><U87/><REACH who="1" step="1"/><E25/><REACH who="1" ten="356,150,263,211" step="2"/><V23/><F23/><W114/><G116/><T70/><D70/><U56/><E56/><V135/><F135/><W84/><REACH who="3" step="1"/><G114/><REACH who="3" ten="356,150,263,201" step="2"/><T14/><D14/><U3/><E3/><V95/><F44/><AGARI ba="0,3" hai="15,16,20,27,30,34,36,39,43,44,51,79,83,84" machi="44" ten="40,18000,2" yaku="1,1,2,1,52,2,54,1,53,1" doraHai="71" doraHaiUra="78" who="3" fromWho="2" sc="356,0,150,0,263,-180,201,210" /><INIT seed="3,1,0,2,4,103" ten="356,150,83,411" oya="3" hai0="101,3,56,51,37,33,94,9,38,59,125,46,126" hai1="54,32,20,45,128,14,39,72,132,120,71,104,40" hai2="66,111,135,97,134,93,129,86,27,30,35,11,96" hai3="65,81,118,99,42,0,58,85,55,4,105,130,19"/><W124/><G118/><T48/><D101/><U107/><E120/><V89/><F66/><W88/><G124/><T2/><D94/><U28/><E72/><V8/><F129/><W87/><G130/><T121/><D9/><U133/><E128/><V1/><F111/><W12/><G42/><T110/><D33/><U79/><E79/><V90/><F1/><W73/><G65/><T98/><D98/><U49/><E71/><V24/><F24/><W62/><G73/><T41/><D3/><U100/><E100/><V17/><F17/><W76/><G0/><T10/><D10/><U82/><E82/><V115/><F115/><W6/><G105/><T31/><D31/><U61/><E61/><V112/><F112/><W131/><G131/><T36/><D2/><U47/><E32/><V102/><F134/><N who="1" m="51817" /><E28/><V25/><F25/><W68/><G68/><T108/><D121/><U21/><E14/><V119/><F119/><W75/><G99/><T114/><D114/><U5/><E5/><V23/><F35/><W26/><G26/><T34/><D34/><U83/><E83/><V53/><F53/><W64/><G64/><T78/><D78/><U22/><AGARI ba="1,0" hai="20,21,22,39,40,45,47,49,54,104,107" m="51817" machi="22" ten="30,4000,0" yaku="20,1,52,2" doraHai="103" who="1" fromWho="1" sc="356,-11,150,43,83,-11,411,-21" /><INIT seed="4,0,0,2,0,108" ten="345,193,72,390" oya="0" hai0="72,83,81,135,18,126,91,2,110,6,62,86,31" hai1="106,34,94,85,111,16,102,116,45,107,40,79,43" hai2="78,117,65,29,56,124,128,118,33,48,125,80,134" hai3="96,90,25,35,5,75,55,54,105,73,84,36,20"/><T76/><D110/><U7/><E111/><V68/><F29/><W59/><G36/><T127/><D31/><U121/><E121/><V14/><F33/><W133/><G133/><T82/><D6/><U71/><E71/><V44/><F134/><W52/><G35/><T87/><D2/><U88/><E116/><N who="2" m="44651" /><F14/><W104/><G5/><T95/><D135/><U131/><E34/><V30/><F30/><W10/><G10/><T132/><D132/><U92/><E7/><V89/><F89/><W103/><G59/><T42/><D42/><U101/><E43/><N who="2" m="24607" /><F128/><W19/><REACH who="3" step="1"/><G104/><REACH who="3" ten="345,193,72,380" step="2"/><T26/><D62/><U0/><E0/><V67/><F56/><W130/><G130/><T53/><D53/><U113/><E131/><V27/><F27/><W37/><G37/><T41/><D41/><U70/><E70/><V97/><F68/><W24/><G24/><T3/><D3/><U50/><E107/><V122/><F122/><W46/><G46/><T66/><D66/><N who="2" m="25098" /><F97/><W57/><G57/><T120/><D26/><U69/><E69/><V61/><F61/><W15/><G15/><T98/><D120/><U32/><E32/><V77/><F77/><W123/><G123/><T93/><D18/><U58/><E58/><V21/><F21/><W112/><G112/><T8/><D8/><U60/><E106/><V114/><F114/><W1/><G1/><T100/><REACH who="0" step="1"/><D82/><AGARI ba="0,1" hai="19,20,25,52,54,55,73,75,82,84,90,96,103,105" machi="82" ten="40,2600,0" yaku="1,1,54,1,53,0" doraHai="108" doraHaiUra="115" who="3" fromWho="0" sc="345,-26,193,0,72,0,380,36" /><INIT seed="5,0,0,5,3,61" ten="319,193,72,416" oya="1" hai0="33,18,48,52,50,123,49,12,119,30,126,74,114" hai1="107,41,2,99,79,38,27,46,7,131,28,35,54" hai2="113,31,98,81,89,90,16,67,20,69,97,22,80" hai3="101,55,111,47,82,37,120,73,25,56,24,68,75"/><U86/><E131/><V96/><F113/><W100/><G111/><T95/><D74/><U116/><E116/><V43/><F43/><W87/><G120/><T94/><D119/><U0/><E54/><V117/><F117/><W58/><G68/><T51/><D114/><U32/><E32/><V70/><F31/><W66/><G37/><T134/><D126/><U57/><E57/><V135/><F135/><W128/><G128/><T112/><D134/><U64/><E7/><V53/><F53/><W21/><G47/><T78/><D112/><U124/><E124/><V5/><F5/><W13/><G73/><T127/><D127/><U3/><E86/><V129/><F129/><W115/><G75/><T110/><D110/><U26/><E26/><N who="3" m="10346" /><G115/><T59/><D123/><U93/><E79/><V65/><F98/><W88/><G21/><T8/><D33/><U34/><E34/><V71/><REACH who="2" step="1"/><F70/><REACH who="2" ten="319,193,62,416" step="2"/><W118/><G118/><T6/><D30/><U130/><E130/><V133/><F133/><W29/><G29/><T17/><D78/><U106/><E99/><V105/><F105/><W92/><G82/><T132/><D132/><U108/><E108/><V45/><F45/><W85/><G87/><T23/><REACH who="0" step="1"/><D18/><AGARI ba="0,1" hai="16,18,20,22,65,67,69,71,80,81,89,90,96,97" machi="18" ten="25,16000,3" yaku="1,1,22,2,52,2,54,1,53,2" doraHai="61" doraHaiUra="14" who="2" fromWho="0" sc="319,-160,193,0,62,170,416,0" /><INIT seed="6,0,0,5,1,33" ten="159,193,232,416" oya="2" hai0="72,120,40,77,46,87,0,45,12,59,109,26,5" hai1="85,112,97,3,107,98,96,73,93,34,101,122,10" hai2="37,49,90,132,131,56,6,67,110,105,19,103,135" hai3="9,115,76,99,133,16,47,57,8,113,69,2,58"/><V31/><F37/><W114/><G133/><N who="2" m="51273" /><F131/><W104/><G69/><T92/><D109/><U41/><E122/><V44/><F110/><W27/><G76/><T123/><D45/><U29/><E73/><V100/><F105/><W75/><G75/><T127/><D127/><U39/><E112/><V119/><F119/><W55/><G104/><T4/><D4/><U68/><E68/><V102/><F31/><W65/><G99/><T22/><D59/><U116/><E116/><V51/><F90/><W54/><G47/><T35/><D35/><U23/><E34/><V17/><F6/><N who="3" m="1111" /><G65/><T106/><D12/><U7/><E41/><V21/><F21/><N who="3" m="13735" /><G9/><N who="0" m="2215" /><D106/><U25/><E39/><V63/><F49/><W95/><G95/><T78/><D78/><U32/><E107/><V60/><F60/><W36/><G36/><N who="0" m="21767" /><D87/><U128/><E128/><V86/><F86/><W81/><G81/><N who="0" m="45223" /><D92/><U94/><E94/><V62/><F62/><W28/><G28/><T126/><D126/><U71/><E71/><V134/><N who="2" m="51281" /><V20/><DORA hai="82" /><F20/><W80/><G80/><T89/><D89/><U125/><E125/><V15/><F51/><W38/><G38/><T91/><D91/><U1/><E1/><V117/><F44/><W53/><AGARI ba="0,0" hai="53,54,55,57,58,113,114,115" m="13735,1111" machi="53" ten="40,8000,1" yaku="15,1,11,1,52,1,54,1" doraHai="33,82" who="3" fromWho="3" sc="159,-20,193,-20,232,-40,416,80" /><INIT seed="7,0,0,2,3,67" ten="139,173,192,496" oya="3" hai0="62,76,20,12,39,38,110,29,133,90,24,99,83" hai1="91,58,54,129,47,97,30,31,102,81,37,11,85" hai2="93,103,8,96,87,130,46,125,1,112,106,122,64" hai3="57,10,65,109,55,33,15,27,7,100,77,9,88"/><W3/><G77/><T26/><D110/><U84/><E129/><V43/><F130/><W19/><G109/><T135/><D135/><U53/><E11/><V89/><F125/><W127/><G127/><T16/><D133/><U41/><E85/><V119/><F119/><W35/><G100/><T42/><D42/><U124/><E124/><V4/><F112/><W107/><G107/><T86/><D26/><U82/><E82/><V94/><F122/><W50/><G27/><T48/><D48/><U73/><E73/><V70/><F64/><W113/><G113/><T69/><D69/><U108/><E108/><V6/><F6/><W80/><G65/><T21/><D62/><U98/><E97/><V114/><F114/><W51/><G50/><T28/><D28/><U72/><E72/><V68/><F106/><W121/><G121/><T105/><D105/><U104/><REACH who="1" step="1"/><E53/><REACH who="1" ten="139,163,192,496" step="2"/><V13/><F1/><W0/><REACH who="3" step="1"/><G3/><REACH who="3" ten="139,163,192,486" step="2"/><T60/><D76/><U2/><E2/><V116/><F116/><W128/><G128/><T131/><D131/><U115/><E115/><V44/><F44/><W117/><G117/><T74/><D74/><U49/><AGARI ba="0,2" hai="30,31,37,41,47,49,54,58,81,84,91,98,102,104" machi="49" ten="20,2700,0" yaku="1,1,0,1,7,1,53,0" doraHai="67" doraHaiUra="75" who="1" fromWho="1" sc="139,-7,163,47,192,-7,486,-13" owari="132,-37.0,210,1.0,185,-21.0,473,57.0" /></mjloggm>