<mjloggm ver="2.3"><GO type="169" lobby="0"/><UN n0="%4E%41%4B%37" n1="%EF%BC%88%E2%89%A7%E2%96%BD%E2%89%A6%EF%BC%89" n2="%E3%82%88%E3%81%8A%E3%81%96%E3%82%93" n3="%E3%82%AA%E3%82%BA%E3%82%B0%E3%83%AB%E3%83%BC%E3%83%97" dan="16,18,16,16" rate="2080.56,2175.51,2034.30,2119.45" sx="M,M,M,M"/><TAIKYOKU oya="0"/><INIT seed="0,0,0,0,2,122" ten="250,250,250,250" oya="0" hai0="114,124,6,40,82,116,11,83,9,90,57,10,118" hai1="22,102,54,15,117,70,31,103,65,55,42,30,38" hai2="126,93,64,16,63,87,72,68,79,47,60,1,45" hai3="39,106,69,119,135,95,62,88,19,104,91,3,123"/><T77/><D114/><U132/><E117/><V2/><F72/><W17/><G119/><T84/><D118/><U32/><E32/><V85/><F126/><W49/><G3/><T59/><D116/><U23/><E132/><V101/><F60/><W18/><G39/><T71/><D71/><U24/><E70/><V86/><F79/><W134/><G123/><T14/><D124/><U107/><E65/><V52/><F47/><W99/><G49/><T7/><D40/><U100/><E107/><V75/><F75/><W51/><G51/><T78/><D90/><U127/><E127/><V128/><F128/><W50/><G50/><T74/><REACH who="0" step="1"/><D11/><REACH who="0" ten="240,250,250,250" step="2"/><U129/><E129/><V92/><F45/><W66/><REACH who="3" step="1"/><G91/><REACH who="3" ten="240,250,250,240" step="2"/><T33/><D33/><U76/><E42/><V28/><F68/><W115/><G115/><T56/><D56/><U48/><E38/><V4/><F63/><W120/><G120/><T46/><D46/><U130/><E130/><V125/><F125/><W35/><G35/><T81/><D81/><U112/><E112/><V26/><F64/><W105/><AGARI ba="0,2" hai="17,18,19,62,66,69,88,95,99,104,105,106,134,135" machi="105" ten="40,5200,0" yaku="1,1,0,1,54,1,53,0" doraHai="122" doraHaiUra="25" who="3" fromWho="3" sc="240,-26,250,-13,250,-13,240,72" /><INIT seed="1,0,0,3,4,123" ten="214,237,237,312" oya="1" hai0="135,58,86,38,75,36,109,125,6,51,73,43,95" hai1="15,32,5,39,85,28,71,57,116,18,63,110,76" hai2="132,80,37,20,83,129,70,96,13,120,2,14,72" hai3="122,128,41,25,107,124,29,34,100,105,117,33,23"/><U31/><E116/><V81/><F2/><W54/><G117/><T114/><D114/><U134/><E71/><V130/><F120/><W50/><G122/><T79/><D6/><U17/><E39/><V52/><F70/><W67/><G41/><T59/><D125/><U7/><E134/><V65/><F65/><W4/><G124/><T91/><D43/><U88/><E76/><V66/><F66/><W56/><G128/><T30/><D30/><N who="1" m="11307" /><E32/><V19/><F37/><W82/><G4/><N who="1" m="1610" /><E15/><V22/><F132/><W90/><G67/><T121/><D135/><U126/><E126/><V101/><F72/><W48/><G34/><T61/><D121/><U21/><E21/><V35/><F35/><W62/><G33/><T11/><D79/><U9/><E9/><V74/><F74/><W102/><G107/><T94/><D11/><U46/><E46/><V24/><F14/><W127/><G105/><T115/><D115/><U99/><E99/><V84/><F84/><N who="3" m="50455" /><G127/><T118/><D86/><U111/><E57/><V69/><F69/><W92/><G92/><T47/><D38/><U77/><E63/><V97/><F129/><W26/><G26/><T40/><D61/><U93/><E77/><V60/><F130/><W8/><G8/><T98/><D59/><U27/><E27/><V10/><F10/><W68/><G68/><T104/><D58/><U103/><E103/><AGARI ba="0,0" hai="23,25,29,48,50,54,56,62,100,102,103" m="50455" machi="103" ten="30,1000,0" yaku="8,1" doraHai="123" who="3" fromWho="1" sc="214,0,237,-10,237,0,312,10" /><INIT seed="2,0,0,2,5,9" ten="214,227,237,322" oya="2" hai0="114,96,42,53,0,88,126,38,108,20,37,22,18" hai1="64,10,120,115,68,118,70,104,94,7,124,129,92" hai2="89,62,123,106,76,110,43,29,107,55,69,25,85" hai3="26,102,121,127,14,71,30,40,79,47,19,50,11"/><V46/><F123/><W130/><G127/><T111/><D114/><U122/><E104/><V4/><F76/><W17/><G130/><T24/><D0/><U48/><E115/><V34/><F110/><W39/><G71/><T56/><D126/><U77/><E77/><V93/><F4/><W73/><G121/><T87/><D96/><U84/><E84/><V117/><F117/><W100/><G39/><T32/><D32/><U95/><E118/><V113/><F113/><W135/><G135/><T5/><D5/><U44/><E129/><V131/><F131/><W8/><G79/><T132/><D132/><U109/><E109/><V83/><F93/><W1/><G73/><T119/><D119/><U101/><E101/><V90/><F90/><W74/><G74/><T75/><D75/><U134/><E134/><V12/><F12/><W80/><G80/><T65/><D65/><U60/><E70/><V23/><F34/><W97/><G97/><T3/><D3/><U13/><REACH who="1" step="1"/><E124/><REACH who="1" ten="214,217,237,322" step="2"/><V61/><F69/><W78/><G78/><T66/><D111/><U28/><E28/><V67/><F107/><W52/><G102/><T21/><D108/><U57/><E57/><V81/><F106/><W98/><G100/><T45/><D56/><U31/><E31/><V49/><F83/><W103/><G103/><T54/><D87/><U128/><E128/><V91/><F85/><W36/><G98/><T116/><D116/><U86/><E86/><V33/><F81/><W27/><G30/><T72/><D72/><U51/><E51/><V59/><F33/><W82/><G82/><RYUUKYOKU ba="0,1" sc="214,-15,217,15,237,15,322,-15" hai1="7,10,13,44,48,60,64,68,92,94,95,120,122" hai2="23,25,29,43,46,49,55,59,61,62,67,89,91" /><INIT seed="2,1,1,3,5,79" ten="199,232,252,307" oya="2" hai0="100,91,114,108,126,31,32,82,60,26,21,88,86" hai1="8,89,78,103,75,111,85,93,5,10,25,67,135" hai2="61,69,97,104,38,95,2,131,34,102,28,42,109" hai3="36,4,54,120,12,11,87,7,16,45,72,58,124"/><V41/><F95/><W123/><G72/><T18/><D114/><U64/><E111/><V130/><F42/><W50/><G124/><T59/><D108/><U107/><E135/><V128/><F109/><W30/><G30/><T74/><D126/><U65/><E25/><V112/><F112/><W133/><G133/><T76/><D100/><U132/><E132/><V127/><F127/><W40/><REACH who="3" step="1"/><G87/><REACH who="3" ten="199,232,252,297" step="2"/><T48/><D74/><U13/><E75/><V6/><F128/><W90/><G90/><T119/><D119/><U35/><E85/><V81/><F131/><W73/><G73/><T43/><D43/><U20/><E89/><V49/><F28/><W71/><G71/><T105/><D105/><U96/><E107/><V23/><F69/><W15/><G15/><T70/><D70/><U39/><E13/><V53/><F104/><W51/><G51/><T98/><D48/><U46/><E78/><V17/><F49/><W122/><AGARI ba="1,2" hai="4,7,11,12,16,36,40,45,50,54,58,120,122,123" machi="122" ten="30,4000,0" yaku="1,1,0,1,54,1,53,0" doraHai="79" doraHaiUra="27" who="3" fromWho="3" sc="199,-11,232,-11,252,-21,297,63" /><INIT seed="3,0,0,3,5,112" ten="188,221,231,360" oya="3" hai0="117,44,51,21,83,99,120,118,30,84,9,14,104" hai1="89,42,18,35,64,87,111,65,39,49,69,45,123" hai2="91,23,34,131,22,40,1,101,119,127,3,96,47" hai3="33,72,17,13,58,63,19,6,126,31,8,59,55"/><W81/><G126/><T74/><D120/><U133/><E123/><V113/><F113/><W135/><G135/><T134/><D74/><U115/><E35/><V62/><F34/><W107/><G107/><T32/><D32/><U27/><E115/><V26/><F127/><W90/><G33/><T102/><D134/><U57/><E111/><V106/><F131/><W52/><G31/><T97/><D97/><U68/><E133/><V36/><F23/><W92/><G72/><T75/><D75/><U76/><E76/><V16/><F91/><W53/><G81/><T93/><D104/><U78/><E78/><V28/><F119/><W50/><REACH who="3" step="1"/><G55/><REACH who="3" ten="188,221,231,350" step="2"/><T48/><D30/><U61/><E64/><V77/><F28/><W0/><G0/><T37/><D83/><U94/><E65/><V46/><F77/><W25/><G25/><T100/><D93/><U132/><E132/><V108/><F108/><W125/><G125/><T41/><D118/><U109/><E27/><V73/><F73/><W12/><G12/><T71/><D14/><U98/><E94/><V7/><F3/><W15/><G15/><T82/><D117/><U95/><E109/><V116/><F116/><W129/><G129/><T130/><D82/><U124/><E95/><V114/><F114/><W66/><G66/><T38/><D130/><U122/><E124/><V67/><F1/><W105/><G105/><T110/><D110/><U85/><E122/><V43/><F67/><W60/><G60/><T4/><D71/><U80/><E68/><V54/><F62/><W121/><G121/><T29/><D29/><RYUUKYOKU ba="0,1" sc="188,-10,221,-10,231,-10,350,30" hai3="6,8,13,17,19,50,52,53,58,59,63,90,92" /><INIT seed="3,1,1,5,2,85" ten="178,211,221,380" oya="3" hai0="45,87,42,90,74,2,36,18,97,11,56,120,4" hai1="103,10,41,49,7,116,62,83,72,117,92,112,86" hai2="94,77,108,25,35,1,46,65,121,22,24,111,50" hai3="135,82,20,128,126,66,55,53,134,84,131,38,0"/><W51/><G0/><T31/><D120/><U96/><E112/><V78/><F1/><W68/><G20/><T133/><D133/><N who="3" m="50697" /><G38/><T71/><D71/><U23/><E72/><V69/><F121/><W129/><G68/><T61/><D31/><U125/><E125/><V28/><F65/><W124/><G66/><T9/><D74/><U118/><E23/><V102/><F69/><W40/><G40/><T64/><D97/><U122/><E122/><V75/><F102/><W91/><G51/><T44/><D44/><U16/><E62/><V123/><F123/><W110/><G110/><N who="2" m="42025" /><F94/><W19/><G19/><T80/><REACH who="0" step="1"/><D11/><REACH who="0" ten="168,211,221,380" step="2"/><U27/><E10/><V67/><F75/><W39/><G39/><T73/><D73/><U63/><E117/><V43/><F67/><W8/><G8/><T30/><D30/><AGARI ba="1,2" hai="22,24,25,28,30,35,43,46,50,77,78" m="42025" machi="30" ten="30,1000,0" yaku="14,1" doraHai="85" who="2" fromWho="0" sc="168,-13,211,0,221,33,380,0" /><INIT seed="4,0,0,2,3,102" ten="155,211,254,380" oya="0" hai0="68,112,105,71,106,34,134,11,61,91,103,81,1" hai1="33,18,35,55,58,110,86,119,21,72,108,113,118" hai2="20,36,85,130,100,3,66,22,82,37,16,56,13" hai3="53,49,59,40,117,126,39,127,48,45,26,6,69"/><T75/><D34/><N who="1" m="12811" /><E72/><V94/><F3/><W2/><G26/><T128/><D103/><U32/><E86/><V122/><F122/><W42/><G6/><N who="0" m="1487" /><D112/><U38/><E38/><V12/><F130/><W74/><G2/><T0/><D128/><U44/><E44/><V79/><F13/><W80/><G74/><T19/><D19/><U132/><E58/><V43/><F20/><W4/><G80/><T15/><D15/><N who="1" m="9439" /><E55/><V5/><F5/><W98/><G4/><T63/><D134/><U93/><E93/><V30/><F30/><W23/><G23/><T116/><D116/><N who="1" m="44587" /><E132/><V121/><F43/><N who="3" m="22783" /><G98/><T97/><D0/><U99/><E99/><V131/><F131/><W73/><G73/><T17/><D17/><U78/><E78/><V31/><F31/><W90/><G90/><T65/><D91/><U51/><E51/><V101/><F101/><W96/><G96/><T95/><D95/><U10/><E113/><V123/><F100/><W133/><G117/><T114/><D114/><U83/><E83/><V24/><F94/><W107/><G107/><T129/><D97/><U8/><N who="1" m="12819" /><U62/><DORA hai="64" /><E62/><V135/><F135/><W47/><G133/><T41/><D41/><U89/><E89/><V104/><F79/><W52/><G40/><T25/><D129/><U14/><E14/><V77/><F77/><W27/><G42/><T70/><D25/><U115/><E115/><V60/><F24/><W109/><G27/><T84/><D84/><U46/><E46/><V7/><F12/><W87/><G87/><T28/><D63/><U111/><AGARI ba="0,0" hai="8,10,108,110,111" m="44587,9439,12819" machi="111" ten="50,6400,0" yaku="5,1,34,2" doraHai="102,64" who="1" fromWho="1" sc="155,-32,211,64,254,-16,380,-16" /><INIT seed="5,0,0,4,4,132" ten="123,275,238,364" oya="1" hai0="60,118,20,91,15,49,54,114,11,111,65,119,104" hai1="12,125,33,123,16,46,92,31,13,130,26,7,0" hai2="83,122,25,127,81,29,93,22,109,64,73,66,61" hai3="135,35,50,110,2,57,55,36,47,8,28,58,94"/><U43/><E123/><V67/><F122/><W17/><G135/><T84/><D111/><U112/><E112/><V37/><F109/><W98/><G110/><T75/><D114/><U80/><E130/><V41/><F73/><W108/><G108/><T34/><D34/><U69/><E69/><V89/><F37/><W70/><G70/><T10/><D75/><U101/><E80/><V116/><F41/><W71/><G71/><T53/><D104/><U85/><E0/><V134/><F134/><W97/><G35/><T4/><D20/><U79/><E7/><V72/><F116/><W5/><G28/><T74/><D74/><U88/><E79/><V115/><F115/><W24/><G36/><T1/><D11/><U44/><E101/><V124/><F61/><W131/><G131/><T56/><D1/><U86/><E86/><V45/><F45/><W87/><G87/><T107/><D107/><U6/><E43/><V14/><F14/><W133/><G133/><T82/><REACH who="0" step="1"/><D54/><REACH who="0" ten="113,275,238,364" step="2"/><U78/><E33/><V18/><F72/><W42/><G55/><T95/><D95/><U76/><E92/><V27/><F81/><W68/><G94/><T77/><D77/><U40/><E78/><V48/><F83/><W102/><G8/><T103/><D103/><U51/><E76/><V63/><F93/><W23/><G102/><T59/><AGARI ba="0,1" hai="4,10,15,49,53,56,59,60,65,82,84,91,118,119" machi="59" ten="20,2700,0" yaku="1,1,0,1,7,1,53,0" doraHai="132" doraHaiUra="96" who="0" fromWho="0" sc="113,37,275,-13,238,-7,364,-7" /><INIT seed="6,0,0,3,0,103" ten="150,262,231,357" oya="2" hai0="59,122,100,19,45,51,131,88,77,28,76,105,47" hai1="102,11,35,14,95,79,121,42,127,123,94,96,71" hai2="130,124,110,1,83,72,93,4,36,74,129,87,34" hai3="46,13,89,108,86,84,90,68,116,62,115,50,64"/><V18/><F34/><W10/><G116/><T119/><D122/><N who="1" m="46603" /><E127/><V44/><F124/><W134/><G108/><T135/><D28/><U7/><E71/><V98/><F110/><W111/><G134/><T126/><D126/><U75/><E35/><V9/><F18/><W60/><G111/><T20/><D135/><U99/><E42/><V15/><F15/><W3/><G3/><T109/><D109/><U53/><E53/><V114/><F114/><W39/><G39/><T12/><D131/><N who="2" m="50186" /><F44/><W97/><G115/><T117/><D59/><U78/><E75/><V29/><F29/><W125/><G125/><T8/><D76/><U52/><E52/><V104/><F36/><W33/><G33/><T56/><D77/><U6/><E7/><V107/><F74/><W24/><G24/><T48/><D56/><U120/><E120/><V65/><F65/><W67/><G97/><T92/><D100/><AGARI ba="0,0" hai="6,11,14,78,79,94,95,96,99,100,102" m="46603" machi="100" ten="30,1000,0" yaku="13,1" doraHai="103" who="1" fromWho="0" sc="150,-10,262,10,231,0,357,0" /><INIT seed="7,0,0,2,5,68" ten="140,272,231,357" oya="3" hai0="119,66,108,100,105,109,73,1,24,41,85,7,21" hai1="42,82,12,104,33,134,91,93,6,9,10,115,116" hai2="70,49,127,14,51,58,56,23,45,17,97,92,48" hai3="32,81,129,53,87,84,63,112,122,13,28,117,80"/><W40/><G122/><T35/><D85/><U111/><E104/><V18/><F70/><W135/><G117/><T15/><D100/><U46/><E33/><V55/><F127/><W61/><G129/><T121/><D41/><U101/><E111/><V88/><F56/><W113/><G40/><T89/><D89/><U75/><E116/><V83/><F45/><W72/><G135/><T57/><D57/><U19/><E134/><V86/><REACH who="2" step="1"/><F18/><REACH who="2" ten="140,272,221,357" step="2"/><W3/><G113/><T110/><D66/><U77/><E115/><V60/><F60/><W25/><G63/><T27/><D73/><U22/><E6/><V95/><F95/><W79/><G72/><T130/><D105/><U103/><E9/><V90/><AGARI ba="0,1" hai="14,17,23,48,49,51,55,58,83,86,88,90,92,97" machi="90" ten="20,8000,1" yaku="1,1,0,1,7,1,8,1,54,1,53,0" doraHai="68" doraHaiUra="67" who="2" fromWho="2" sc="140,-20,272,-20,221,90,357,-40" owari="120,-38.0,252,-15.0,311,11.0,317,42.0" /></mjloggm>