<mjloggm ver="2.3"><GO type="97"/><UN n0="%E9%A6%AC%E5%88%B8%E5%B8%AB%E2%98%86%E6%9D%B1%E9%99%BD" n1="%E3%83%99%E3%82%BF%E3%82%AA%E3%83%AA%E3%82%B9%E3%82%AF" n2="%EF%BC%88%E2%89%A7%E2%96%BD%E2%89%A6%EF%BC%89" n3="%E9%9B%80%E9%AC%BC%E6%B5%81%E3%81%A3%E3%81%BD%E3%81%8F" dan="13,13,15,16" rate="1850,2004,1984,2076" sx="M,M,M,F"/><TAIKYOKU oya="0"/><INIT seed="0,0,0,5,0,129" ten="250,250,250,250" oya="0" hai0="132,115,131,53,23,31,113,39,16,127,78,11,134" hai1="5,41,13,43,4,35,18,34,14,27,69,36,73" hai2="100,67,19,48,80,90,9,106,112,101,98,124,38" hai3="116,42,71,120,6,126,133,105,117,49,37,29,102"/><T76/><D39/><U128/><E69/><V99/><F38/><W44/><G105/><T59/><D131/><U15/><E36/><V3/><F112/><N who="0" m="43082" /><D31/><U91/><E73/><V50/><F124/><W121/><G102/><T119/><D119/><N who="3" m="45641" /><G29/><T68/><D68/><U125/><E128/><V77/><F90/><W26/><G26/><N who="0" m="14695" /><D127/><U109/><E125/><V46/><F67/><W22/><G22/><T103/><D103/><U87/><E109/><V81/><F46/><N who="3" m="23887" /><G6/><N who="1" m="2666" /><E34/><V32/><F32/><W118/><G126/><T130/><D130/><U88/><E35/><V2/><F2/><W135/><G71/><T72/><D11/><N who="1" m="6463" /><E27/><V96/><F3/><W17/><G17/><T82/><D76/><U94/><E43/><V65/><F106/><W62/><G62/><T12/><D12/><U7/><E41/><V89/><F101/><W30/><G30/><T28/><D28/><U108/><E108/><V40/><F100/><W33/><G33/><T107/><D107/><U86/><N who="1" m="2674" /><U111/><DORA hai="47" /><E111/><V114/><F40/><N who="3" m="24711" /><G118/><T1/><D1/><U57/><E57/><V104/><F114/><W97/><G97/><T61/><D61/><U45/><E45/><V51/><F98/><W92/><G92/><AGARI ba="0,0" hai="14,15,86,87,88,91,92,94" m="6463,2674" machi="92" ten="30,2000,0" yaku="8,1,54,1" doraHai="129,47" who="1" fromWho="3" sc="250,0,250,20,250,0,250,-20" /><INIT seed="1,0,0,4,4,114" ten="250,270,250,230" oya="1" hai0="123,56,68,14,122,47,131,88,53,103,55,19,7" hai1="110,116,30,75,65,5,106,127,1,118,80,6,76" hai2="90,13,115,132,96,128,23,52,93,133,43,39,72" hai3="89,85,109,69,58,26,27,28,121,82,44,73,40"/><U111/><E106/><V101/><F115/><W21/><G109/><N who="1" m="41482" /><E127/><V38/><F72/><W33/><G69/><T120/><D68/><U113/><E113/><V37/><F128/><W31/><G73/><T86/><D131/><U15/><E1/><V77/><F77/><W104/><G104/><T16/><D103/><U99/><E30/><V57/><F43/><W59/><REACH who="3" step="1"/><G121/><REACH who="3" ten="250,270,250,220" step="2"/><T135/><D135/><U102/><E75/><V64/><F133/><W63/><G63/><N who="0" m="36239" /><D47/><U48/><E118/><V78/><F132/><W50/><AGARI ba="0,1" hai="21,26,27,28,31,33,40,44,50,58,59,82,85,89" machi="50" ten="20,5200,0" yaku="1,1,0,1,7,1,53,1" doraHai="114" doraHaiUra="18" who="3" fromWho="3" sc="250,-13,270,-26,250,-13,220,62" /><INIT seed="2,0,0,4,4,3" ten="237,244,237,282" oya="2" hai0="20,33,102,24,22,67,61,101,130,36,29,2,114" hai1="99,42,45,107,80,124,122,82,31,81,84,128,0" hai2="132,109,43,15,111,104,53,119,71,30,117,96,21" hai3="57,50,118,12,54,135,17,23,89,70,8,10,64"/><V16/><F71/><W5/><G135/><T92/><D114/><U105/><E0/><V98/><F132/><W93/><G118/><T26/><D130/><U38/><E128/><V62/><F43/><W41/><G41/><T91/><D36/><U126/><E122/><V32/><F32/><W73/><G73/><T63/><D2/><U87/><E31/><V121/><F121/><W76/><G76/><T133/><D133/><U48/><E38/><V59/><F30/><W95/><G10/><T27/><D63/><U94/><E105/><V25/><F15/><W7/><G70/><T77/><D77/><U85/><REACH who="1" step="1"/><E107/><REACH who="1" ten="237,234,237,282" step="2"/><V18/><F104/><W40/><G40/><T14/><D33/><U1/><E1/><V68/><F119/><W100/><G64/><T123/><D123/><U134/><E134/><V75/><F117/><W49/><G49/><T6/><D67/><U74/><E74/><V39/><F75/><W4/><G100/><AGARI ba="0,1" hai="42,45,48,80,81,82,84,85,87,94,99,100,124,126" machi="100" ten="40,1300,0" yaku="1,1,53,0" doraHai="3" doraHaiUra="58" who="1" fromWho="3" sc="237,0,234,23,237,0,282,-13" /><INIT seed="3,0,0,0,1,103" ten="237,257,237,269" oya="3" hai0="1,65,93,86,30,4,55,114,73,131,10,7,76" hai1="63,80,45,81,95,128,101,71,61,26,98,125,74" hai2="75,17,112,53,8,2,113,58,132,133,102,72,13" hai3="97,59,130,78,0,117,48,37,96,64,83,54,119"/><W60/><G0/><T66/><D114/><N who="2" m="44138" /><F2/><W36/><G97/><T108/><D108/><U46/><E125/><V106/><F102/><W120/><G96/><T39/><D131/><U32/><E128/><V41/><F41/><W40/><G130/><T14/><D30/><U5/><E5/><V82/><F82/><W99/><G99/><T43/><D55/><U16/><E32/><V85/><F85/><W9/><G9/><T116/><D116/><N who="3" m="44617" /><G83/><N who="1" m="31818" /><E71/><V92/><F92/><W89/><G89/><T87/><D73/><U49/><E74/><V33/><F33/><W24/><G24/><T27/><D76/><U67/><E67/><V121/><F121/><W77/><G78/><T68/><D27/><U70/><E70/><V105/><F75/><W122/><G77/><T57/><D68/><U47/><E49/><N who="2" m="31023" /><F72/><W22/><G22/><AGARI ba="0,0" hai="16,22,26,45,46,47,61,63,95,98,101" m="31818" machi="22" ten="30,2000,0" yaku="8,1,54,1" doraHai="103" who="1" fromWho="3" sc="237,0,257,20,237,0,269,-20" /><INIT seed="4,0,0,5,5,28" ten="237,277,237,249" oya="0" hai0="54,123,91,66,50,83,97,55,37,64,30,99,16" hai1="120,21,110,90,104,35,48,26,41,33,111,61,82" hai2="106,60,56,67,102,20,0,79,101,100,134,77,31" hai3="13,72,73,115,87,81,58,53,2,113,22,95,108"/><T47/><D123/><U69/><E120/><V114/><F0/><W38/><G2/><T94/><D37/><U52/><E104/><V98/><F114/><N who="3" m="43531" /><G22/><T5/><D30/><U4/><E4/><V135/><F106/><W116/><G13/><T74/><D5/><U1/><E1/><V105/><F105/><W88/><G38/><T80/><D74/><N who="3" m="28777" /><G108/><T121/><D121/><U25/><E41/><V44/><F44/><W59/><G59/><T92/><D55/><U89/><E69/><V131/><F131/><W128/><G128/><T85/><D16/><U65/><E82/><N who="0" m="31273" /><D99/><U76/><E76/><V117/><F98/><N who="3" m="57703" /><G53/><T6/><D6/><U109/><E65/><V107/><F31/><W8/><G58/><T11/><D11/><U19/><E61/><V14/><F56/><W103/><G8/><T32/><D32/><U86/><E26/><V122/><F60/><W46/><G46/><T133/><D133/><U15/><E15/><V62/><F135/><W130/><G130/><T49/><D49/><U23/><E23/><V112/><F20/><W9/><G9/><T75/><D75/><U68/><E68/><N who="2" m="42103" /><F112/><W129/><G129/><T57/><D47/><U10/><E111/><V127/><F134/><W132/><G132/><T119/><D119/><U126/><E110/><V63/><F117/><W40/><G40/><T96/><D96/><U124/><E109/><V70/><F122/><W118/><G103/><AGARI ba="0,0" hai="50,54,57,64,66,85,91,92,94,97,103" m="31273" machi="103" ten="30,1500,0" yaku="8,1" doraHai="28" who="0" fromWho="3" sc="237,15,277,0,237,0,249,-15" /><INIT seed="4,1,0,3,2,132" ten="252,277,237,234" oya="0" hai0="66,58,74,23,31,76,36,104,25,70,106,4,129" hai1="24,60,101,41,102,33,7,87,91,133,116,16,10" hai2="62,26,128,126,103,117,20,105,80,72,92,98,81" hai3="114,120,28,3,38,127,67,130,122,64,134,61,48"/><T78/><D129/><U83/><E116/><V43/><F128/><W97/><G3/><T21/><D70/><U13/><E133/><V131/><F131/><W89/><G130/><T51/><D36/><U63/><E41/><V5/><F117/><W73/><G73/><T37/><D37/><U68/><E33/><V121/><F121/><W53/><G28/><T110/><D110/><U112/><E112/><V54/><F43/><W94/><G134/><T86/><D74/><U123/><E123/><N who="3" m="47146" /><G114/><T56/><D106/><U71/><E71/><V111/><F72/><W99/><G99/><T109/><D104/><U40/><E40/><V6/><F111/><W107/><G107/><T135/><D109/><U46/><E46/><V93/><F105/><W96/><G96/><T57/><D135/><U14/><E24/><V115/><F115/><W2/><G2/><T17/><D4/><U8/><E68/><V12/><F5/><W22/><G22/><T35/><D35/><U84/><E87/><V75/><F75/><W52/><G38/><T77/><D66/><N who="3" m="25129" /><G61/><AGARI ba="1,0" hai="7,8,10,13,14,16,60,61,63,83,84,91,101,102" machi="61" ten="40,2600,0" yaku="8,1,54,1" doraHai="132" who="1" fromWho="3" sc="252,0,277,29,237,0,234,-29" owari="252,5.0,306,40.0,237,-16.0,205,-29.0" /></mjloggm>