<mjloggm ver="2.3"><GO type="41"/><UN n0="%EF%BC%88%E2%89%A7%E2%96%BD%E2%89%A6%EF%BC%89" n1="%E5%BC%B7%E3%81%8F%E3%81%AA%E3%81%84%E3%81%8A" n2="%E7%94%B1%E8%89%AF%E6%8B%93%E6%B5%B7" n3="%70%61%72%75%6F%31%31" dan="14,16,13,15" rate="2036,2020,1860,1965" sx="M,M,M,M"/><TAIKYOKU oya="0"/><INIT seed="0,0,0,5,5,131" ten="250,250,250,250" oya="0" hai0="24,118,90,19,106,79,91,55,33,43,60,83,117" hai1="99,6,112,29,128,63,133,37,84,67,92,2,82" hai2="56,57,124,28,34,39,52,1,14,96,49,23,30" hai3="85,126,119,22,42,51,21,48,97,38,77,13,53"/><T94/><D106/><U3/><E37/><V9/><F39/><W47/><G119/><T40/><D117/><U104/><E104/><V12/><F1/><W120/><G126/><T65/><D118/><U125/><E125/><V76/><F34/><W31/><G120/><T89/><D94/><U111/><E111/><V75/><F124/><W26/><G97/><T88/><D55/><U116/><E29/><V93/><F76/><W130/><G130/><T27/><D33/><U110/><E110/><V70/><F70/><W71/><G71/><T61/><D91/><N who="1" m="51607" /><E6/><V80/><F80/><W132/><G38/><T62/><D65/><U58/><E128/><V86/><F86/><W10/><G85/><N who="0" m="48383" /><D19/><U41/><E41/><AGARI ba="0,0" hai="24,27,40,41,43,60,61,62,88,89,90" m="48383" machi="41" ten="30,2900,0" yaku="8,1,54,1" doraHai="131" who="0" fromWho="1" sc="250,29,250,-29,250,0,250,0" /><INIT seed="0,1,0,3,1,45" ten="279,221,250,250" oya="0" hai0="30,84,27,87,131,16,64,108,126,26,89,73,134" hai1="71,53,29,48,56,39,80,121,13,10,36,111,129" hai2="14,1,114,6,74,52,44,65,12,83,22,98,123" hai3="51,37,118,20,79,32,0,24,68,132,105,19,95"/><T54/><D73/><U43/><E121/><V104/><F114/><W35/><G105/><T88/><D134/><U38/><E111/><V96/><F123/><W17/><G118/><T55/><D108/><U70/><E129/><V75/><F1/><W128/><G37/><T82/><D131/><U41/><E29/><V100/><F98/><W101/><G128/><T116/><D116/><U61/><E80/><V130/><F130/><W92/><G68/><T63/><D126/><U119/><E119/><V50/><F65/><W3/><G132/><T60/><D16/><U42/><E13/><V67/><F67/><W97/><G79/><T46/><D46/><N who="1" m="27799" /><E10/><V9/><REACH who="2" step="1"/><F83/><REACH who="2" step="2"/><W99/><G0/><T5/><D82/><U18/><E18/><AGARI ba="1,1" hai="6,9,12,14,18,22,44,50,52,74,75,96,100,104" machi="18" ten="40,8000,1" yaku="1,1,2,1,52,1,54,1,53,0" doraHai="45" doraHaiUra="31" who="2" fromWho="1" sc="279,0,221,-83,240,93,250,0" /><INIT seed="1,0,0,5,1,28" ten="279,138,333,250" oya="1" hai0="60,84,23,53,74,16,73,122,64,72,45,4,62" hai1="19,49,118,109,79,115,111,96,37,12,130,105,126" hai2="104,81,133,119,132,98,5,86,90,29,59,99,103" hai3="65,125,75,38,127,18,51,15,112,66,124,10,88"/><U120/><E37/><V20/><F5/><W100/><G38/><T26/><D122/><U31/><E120/><V123/><F123/><W11/><G112/><T9/><D84/><U121/><E115/><V95/><F119/><W129/><G129/><T36/><D64/><U135/><E121/><V55/><F29/><W42/><G75/><T44/><D36/><U78/><E118/><V83/><F20/><N who="3" m="11359" /><G100/><T68/><D68/><U43/><E130/><V1/><F1/><W108/><G108/><N who="1" m="41546" /><E135/><N who="2" m="51787" /><F98/><W3/><G3/><T14/><REACH who="0" step="1"/><D53/><REACH who="0" step="2"/><U32/><E126/><V54/><F54/><W40/><G66/><T92/><D92/><U113/><E113/><V0/><F55/><W48/><G65/><T76/><D76/><U102/><E43/><V71/><F71/><W94/><G42/><T63/><AGARI ba="0,1" hai="4,9,14,16,23,26,44,45,60,62,63,72,73,74" machi="63" ten="40,5200,0" yaku="1,1,0,1,54,1,53,0" doraHai="28" doraHaiUra="89" who="0" fromWho="0" sc="269,62,138,-26,333,-13,250,-13" /><INIT seed="2,0,0,3,1,134" ten="331,112,320,237" oya="2" hai0="26,23,126,82,10,80,112,93,97,114,62,132,125" hai1="37,44,58,87,29,5,86,49,79,91,109,21,88" hai2="39,35,8,123,0,45,11,77,27,46,42,107,36" hai3="57,89,55,90,54,110,32,9,59,51,101,78,17"/><V105/><F123/><W130/><G32/><T34/><D34/><U121/><E109/><V102/><F77/><W33/><G33/><T12/><D132/><U69/><E69/><V56/><F11/><W120/><G120/><T128/><D62/><U104/><E104/><V72/><F72/><W31/><G110/><T124/><D128/><U81/><E121/><V83/><F83/><N who="0" m="31786" /><D23/><U15/><E37/><V115/><F115/><W118/><G78/><T99/><D26/><N who="1" m="16591" /><E58/><V133/><F133/><W6/><G118/><T71/><D71/><U13/><E5/><V94/><F94/><W106/><G130/><T65/><D65/><U25/><E25/><V73/><F73/><W119/><G119/><T117/><D117/><U53/><E87/><V66/><F102/><W68/><G68/><T70/><D70/><U14/><AGARI ba="0,0" hai="13,14,15,44,49,53,79,81,86,88,91" m="16591" machi="14" ten="30,2000,0" yaku="8,1,54,1" doraHai="134" who="1" fromWho="1" sc="331,-5,112,20,320,-10,237,-5" /><INIT seed="3,0,0,2,5,16" ten="326,132,310,232" oya="3" hai0="94,111,135,92,112,29,11,104,125,23,38,131,134" hai1="10,36,19,42,106,93,24,15,62,91,101,87,70" hai2="61,6,67,44,99,95,88,118,43,57,69,0,73" hai3="4,86,28,64,51,129,115,83,30,124,3,49,96"/><W127/><G115/><T12/><D104/><U41/><E36/><V85/><F118/><W25/><G64/><T56/><D38/><U54/><E106/><V110/><F73/><W45/><G129/><T71/><D71/><U79/><E101/><V113/><F110/><W78/><G96/><T117/><D117/><U48/><E79/><V82/><F113/><W108/><G108/><T84/><D112/><U2/><E2/><V21/><F21/><N who="3" m="15407" /><G30/><T22/><D111/><U116/><E116/><V128/><F128/><W123/><G123/><T75/><D75/><U55/><E24/><V60/><F6/><W47/><G4/><N who="0" m="3175" /><D131/><U9/><E9/><V77/><F0/><W130/><G3/><T18/><D125/><N who="3" m="48201" /><G130/><T107/><D107/><U98/><E98/><V97/><F97/><W105/><G105/><T90/><D29/><U103/><E103/><V68/><REACH who="2" step="1"/><F61/><REACH who="2" step="2"/><W40/><G47/><T26/><D23/><U120/><E120/><V27/><F27/><W52/><G49/><AGARI ba="0,1" hai="43,44,49,57,60,67,68,69,77,82,85,88,95,99" machi="49" ten="30,3900,0" yaku="1,1,7,1,54,1,53,0" doraHai="16" doraHaiUra="126" who="2" fromWho="3" sc="326,0,132,0,300,49,232,-39" /><INIT seed="4,0,0,3,3,50" ten="326,132,349,193" oya="0" hai0="106,25,6,82,132,103,116,125,134,45,80,36,39" hai1="97,102,135,88,17,94,111,15,108,122,58,85,16" hai2="7,72,0,68,26,48,78,90,87,92,77,40,62" hai3="28,9,133,5,41,55,69,95,19,109,121,56,1"/><T74/><D116/><U93/><E122/><V21/><F72/><W114/><G109/><T33/><D6/><U38/><E135/><N who="0" m="51753" /><D125/><U84/><E38/><N who="0" m="14377" /><D74/><U11/><E85/><V46/><F0/><W31/><G121/><T63/><D45/><U35/><E35/><V49/><F7/><W105/><G133/><T89/><D89/><U24/><E24/><V107/><F107/><W22/><G105/><T8/><D8/><U100/><E100/><V71/><F71/><W101/><G69/><T129/><D129/><U67/><E67/><V115/><F115/><W126/><G114/><T13/><D13/><U23/><REACH who="1" step="1"/><E58/><REACH who="1" step="2"/><V86/><F86/><W3/><G126/><T120/><D120/><U110/><E110/><V52/><F68/><W70/><G70/><T14/><D25/><U76/><E76/><V83/><F83/><W51/><G101/><T75/><D33/><U30/><E30/><N who="2" m="17743" /><F62/><W123/><G123/><T29/><D29/><U34/><E34/><V4/><F4/><W118/><G118/><T60/><D103/><U113/><E113/><V42/><F42/><W127/><G41/><T124/><D124/><U73/><E73/><V44/><AGARI ba="0,1" hai="40,44,46,48,49,52,77,78,87,90,92" m="17743" machi="44" ten="30,4000,0" yaku="8,1,52,1,54,1" doraHai="50" who="2" fromWho="2" sc="326,-20,122,-10,349,50,193,-10" /><INIT seed="5,0,0,5,1,106" ten="306,112,399,183" oya="1" hai0="99,104,79,25,91,129,17,130,87,51,53,111,93" hai1="119,88,38,28,68,118,122,11,23,81,12,62,123" hai2="1,37,43,64,75,44,21,89,100,55,110,42,2" hai3="105,29,0,116,90,78,56,131,128,96,85,86,30"/><U124/><E38/><V57/><F110/><W97/><G0/><T76/><D25/><N who="1" m="16447" /><E62/><V95/><F100/><N who="3" m="62599" /><G56/><T102/><D17/><N who="1" m="8351" /><E68/><V108/><F75/><W126/><G29/><T60/><D60/><U19/><E88/><V112/><F112/><W48/><G30/><T77/><REACH who="0" step="1"/><D111/><REACH who="0" step="2"/><U47/><E47/><AGARI ba="0,1" hai="47,51,53,76,77,79,87,91,93,99,102,104,129,130" machi="47" ten="40,2600,0" yaku="1,1,2,1,53,0" doraHai="106" doraHaiUra="26" who="0" fromWho="1" sc="296,36,112,-26,399,0,183,0" /><INIT seed="6,0,0,1,1,55" ten="332,86,399,183" oya="2" hai0="43,89,104,63,60,134,25,127,42,130,116,65,102" hai1="133,31,32,92,48,87,124,52,103,59,107,66,90" hai2="12,49,1,93,126,67,9,27,79,119,46,98,113" hai3="36,135,80,112,13,8,73,97,11,30,17,86,14"/><V72/><F119/><W4/><G36/><T115/><D116/><U37/><E124/><V71/><F1/><W58/><G73/><T35/><D127/><U101/><E133/><V91/><F126/><W100/><G135/><T0/><D134/><U61/><E37/><V81/><F113/><W76/><G112/><T125/><D125/><U95/><E107/><V99/><F99/><W29/><G58/><T56/><D115/><U111/><E111/><V75/><F75/><W85/><G86/><T28/><D130/><U20/><E32/><V44/><F71/><W41/><REACH who="3" step="1"/><G41/><REACH who="3" step="2"/><T5/><D43/><U108/><E108/><V64/><F72/><W83/><G83/><T26/><D42/><U82/><E82/><V121/><F81/><W18/><G18/><T69/><D56/><N who="1" m="32775" /><E92/><AGARI ba="0,1" hai="4,8,11,13,14,17,29,30,76,80,85,92,97,100" machi="92" ten="30,3900,0" yaku="1,1,7,1,8,1,53,0" doraHai="55" doraHaiUra="51" who="3" fromWho="1" sc="332,0,86,-39,399,0,173,49" /><INIT seed="7,0,0,3,3,59" ten="332,47,399,222" oya="3" hai0="72,32,129,37,41,27,110,16,62,12,60,66,125" hai1="114,133,33,81,15,86,121,22,130,63,25,36,107" hai2="122,124,47,76,40,69,94,70,21,55,34,54,89" hai3="30,84,13,28,80,106,65,88,87,26,85,100,101"/><W108/><G108/><T120/><D110/><U46/><E63/><V19/><F34/><W2/><G2/><T20/><D72/><U58/><E58/><V64/><F76/><W119/><G119/><T44/><D120/><U115/><E46/><V111/><F111/><W49/><G106/><T48/><D129/><U61/><E61/><V95/><F124/><W7/><G65/><T39/><D125/><U123/><E86/><N who="3" m="33386" /><G49/><T45/><D66/><U93/><E93/><N who="2" m="35339" /><F122/><W113/><G113/><T79/><D79/><U5/><E123/><V117/><F117/><W17/><G7/><T56/><D56/><U98/><E115/><V131/><F89/><W18/><G18/><T74/><D74/><U83/><E36/><V91/><F91/><W4/><G4/><T116/><D116/><U0/><E0/><V53/><F131/><W75/><G75/><T23/><D32/><U52/><E33/><V1/><F1/><W67/><G67/><T99/><D99/><U73/><E121/><V118/><F118/><W135/><G135/><T35/><D35/><U82/><E133/><V9/><F70/><W51/><G51/><T14/><D14/><U68/><E130/><V97/><F97/><W31/><G26/><T105/><D105/><U103/><E68/><V24/><F69/><W3/><G3/><T126/><D126/><U10/><E114/><V132/><F132/><W11/><AGARI ba="0,0" hai="11,13,17,28,30,31,80,87,88,100,101" m="33386" machi="11" ten="30,3000,0" yaku="8,1,54,1" doraHai="59" who="3" fromWho="3" sc="332,-10,47,-10,399,-10,222,30" /><INIT seed="7,1,0,0,3,75" ten="322,37,389,252" oya="3" hai0="46,8,128,9,78,93,40,113,126,7,55,61,23" hai1="65,130,52,100,4,45,98,114,19,123,35,129,76" hai2="18,109,87,91,86,30,133,106,101,38,122,68,50" hai3="90,2,27,131,51,71,62,20,119,77,63,82,111"/><W59/><G119/><T118/><D118/><U117/><E65/><V83/><F38/><W36/><G36/><T47/><D128/><U21/><E52/><V88/><F109/><W12/><G2/><T94/><D126/><U53/><E53/><V66/><F133/><W14/><G71/><T32/><D32/><U115/><E45/><V56/><F68/><W105/><G105/><T16/><D113/><U134/><E19/><V112/><F112/><W107/><G107/><T72/><D46/><U24/><E21/><V108/><F108/><W54/><G111/><T120/><D120/><U64/><E64/><V103/><F106/><W22/><G131/><T127/><D127/><U121/><E24/><V79/><F122/><W31/><G90/><N who="2" m="34345" /><F87/><N who="3" m="48591" /><G22/><T104/><D104/><U48/><E35/><V57/><F30/><W74/><G74/><T49/><D72/><U11/><E117/><V15/><F66/><N who="3" m="39263" /><G63/><T34/><D34/><U116/><E116/><V5/><F5/><W80/><G80/><T41/><D61/><U92/><E123/><V58/><F50/><W39/><G39/><T43/><D78/><U3/><E121/><V70/><F70/><W89/><G89/><T73/><D73/><U29/><E115/><V60/><F60/><W96/><G96/><T25/><REACH who="0" step="1"/><D9/><AGARI ba="1,0" hai="9,15,18,56,57,58,79,83,86,101,103" m="34345" machi="9" ten="30,3900,0" yaku="8,1,52,1,54,1" doraHai="75" who="2" fromWho="0" sc="322,-42,37,0,389,42,252,0" owari="280,8,37,-46,431,53,252,-15" /></mjloggm>