<mjloggm ver="2.3"><GO type="169"/><UN n0="%EF%BC%88%E2%89%A7%E2%96%BD%E2%89%A6%EF%BC%89" n1="%E5%B8%B8%E7%A3%90%E7%B7%9A%E7%89%B9%E5%88%A5%E5%BF%AB%E9%80%9F" n2="%E5%AF%9B%E3%83%94%E3%82%A8%E3%83%AD" n3="%6B%6F%68%73%68%69" dan="16,17,16,16" rate="2082,2150,2068,2030" sx="M,F,M,M"/><TAIKYOKU oya="0"/><INIT seed="0,0,0,0,4,110" ten="250,250,250,250" oya="0" hai0="115,18,128,127,88,62,35,12,30,106,67,85,3" hai1="51,90,95,76,37,97,129,81,15,2,36,120,87" hai2="61,28,13,22,32,21,79,52,31,117,114,49,102" hai3="27,34,9,17,75,122,40,83,26,63,101,5,38"/><T6/><D106/><U50/><E2/><V116/><F102/><W68/><G122/><T46/><D128/><U131/><E120/><V23/><F79/><W107/><G27/><T135/><D135/><U74/><E15/><V58/><F13/><W100/><G68/><T111/><D111/><U29/><E29/><N who="2" m="11339" /><F32/><W113/><G63/><T44/><D127/><U84/><E37/><V99/><F99/><W92/><G107/><T124/><D124/><U42/><E36/><V132/><F132/><W89/><G38/><T0/><D0/><U123/><E123/><V93/><F93/><W65/><G65/><T11/><D115/><U77/><E42/><V33/><F33/><W118/><G113/><T70/><D30/><U108/><E108/><V86/><F86/><N who="1" m="32809" /><E76/><V25/><F25/><W4/><G40/><T109/><D35/><U72/><E72/><V91/><F91/><W7/><G34/><T119/><D119/><N who="2" m="45642" /><F61/><W10/><G118/><T66/><D109/><U94/><E94/><V64/><F64/><W57/><G75/><T82/><REACH who="0" step="1"/><D67/><REACH who="0" ten="240,250,250,250" step="2"/><U60/><E129/><V47/><F114/><W134/><G134/><T73/><D73/><U54/><E74/><V71/><F71/><W59/><G83/><T112/><D112/><U43/><E131/><V19/><F19/><W69/><G69/><T105/><D105/><U55/><E81/><V48/><F48/><W125/><G17/><T78/><D78/><U104/><E77/><V126/><F126/><W121/><G125/><T96/><D96/><U53/><E104/><V133/><F133/><W14/><G121/><RYUUKYOKU ba="0,1" sc="240,15,250,-15,250,15,250,-15" hai0="3,6,11,12,18,44,46,62,66,70,82,85,88" hai2="21,22,23,47,49,52,58" /><INIT seed="0,1,1,5,2,33" ten="255,235,265,235" oya="0" hai0="127,54,74,49,30,118,47,16,73,20,113,128,76" hai1="6,114,51,2,42,36,31,28,9,99,77,41,91" hai2="119,131,50,101,55,111,62,57,46,37,89,65,70" hai3="0,85,97,40,53,61,79,1,100,75,4,134,109"/><T84/><D118/><U88/><E114/><V67/><F101/><W63/><G4/><T82/><D113/><U117/><E117/><V71/><F89/><W116/><G116/><T26/><D128/><U12/><E36/><V93/><F93/><W86/><G40/><T129/><D129/><U15/><E77/><V133/><F119/><W14/><G75/><T44/><D127/><U29/><E2/><V130/><F111/><W90/><G14/><T105/><D105/><U121/><E121/><V126/><F126/><W123/><G79/><T19/><D47/><N who="1" m="26095" /><E42/><N who="2" m="22863" /><F133/><W98/><G53/><T103/><D103/><U8/><E99/><V108/><F108/><W110/><G100/><T35/><REACH who="0" step="1"/><D19/><AGARI ba="1,1" hai="6,8,9,12,15,19,28,29,31,88,91" m="26095" machi="19" ten="30,2000,0" yaku="8,1,54,1" doraHai="33" who="1" fromWho="0" sc="255,-23,235,33,265,0,235,0" /><INIT seed="1,0,0,3,3,130" ten="232,268,265,235" oya="1" hai0="123,56,89,29,88,95,22,9,110,108,36,69,33" hai1="119,73,61,11,71,92,31,3,90,5,129,111,25" hai2="10,63,76,51,52,86,77,101,27,48,24,128,74" hai3="82,66,106,47,109,65,107,44,104,114,78,30,115"/><U99/><E119/><V17/><F74/><W93/><G93/><T13/><D69/><U39/><E129/><V59/><F128/><W35/><G109/><N who="0" m="42091" /><D36/><U0/><E111/><V1/><F101/><W116/><G116/><T97/><D123/><U124/><E124/><V70/><F70/><W98/><G98/><T72/><D72/><U19/><E73/><V12/><F1/><W131/><G131/><T50/><D33/><U96/><E39/><V21/><F27/><W15/><G15/><T75/><D75/><U67/><E19/><V28/><F76/><W53/><G35/><T113/><D113/><U94/><E3/><V23/><REACH who="2" step="1"/><F10/><REACH who="2" ten="232,268,255,235" step="2"/><W45/><G114/><T41/><D89/><U112/><E112/><V38/><F38/><W8/><G8/><T79/><D79/><U54/><E90/><V126/><F126/><W4/><G115/><T125/><D125/><U57/><E25/><V133/><F133/><W42/><G78/><T117/><D117/><U16/><E71/><V26/><F26/><W2/><G2/><T60/><D9/><U40/><E11/><V121/><F121/><W127/><G127/><T7/><D88/><U34/><E0/><V62/><F62/><W80/><G4/><T49/><D60/><U102/><E5/><V81/><AGARI ba="0,1" hai="12,17,21,23,24,28,48,51,52,59,63,77,81,86" machi="81" ten="30,7900,0" yaku="1,1,0,1,8,1,54,1,53,0" doraHai="130" doraHaiUra="85" who="2" fromWho="2" sc="232,-20,268,-39,255,89,235,-20" /><INIT seed="2,0,0,1,1,66" ten="212,229,344,215" oya="2" hai0="112,75,15,53,102,116,8,12,91,105,49,123,115" hai1="119,65,64,35,96,14,54,56,32,33,133,57,40" hai2="129,16,68,93,109,72,2,124,7,21,61,80,48" hai3="126,44,81,92,89,99,62,11,111,84,20,18,10"/><V70/><F61/><W26/><G126/><T59/><D123/><U58/><E119/><V125/><F129/><W55/><G111/><T120/><D120/><U24/><E133/><V106/><F106/><W50/><REACH who="3" step="1"/><G62/><REACH who="3" ten="212,229,344,205" step="2"/><T113/><D116/><U69/><E35/><V131/><F109/><W36/><G36/><T29/><D112/><U74/><E33/><V4/><F124/><W31/><G31/><T94/><D29/><U43/><E32/><V107/><F125/><W130/><G130/><T3/><D115/><U82/><E74/><V42/><F72/><W13/><G13/><T60/><D113/><U97/><E14/><V41/><F131/><W46/><G46/><T51/><D15/><U101/><E24/><V52/><F2/><W135/><G135/><T132/><D3/><U78/><E78/><AGARI ba="0,1" hai="10,11,18,20,26,44,50,55,78,81,84,89,92,99" machi="78" ten="30,7700,0" yaku="1,1,7,1,8,1,53,1" doraHai="66" doraHaiUra="76" who="3" fromWho="1" sc="212,0,229,-77,344,0,205,87" /><INIT seed="3,0,0,2,5,95" ten="212,152,344,292" oya="3" hai0="85,76,28,11,93,6,92,127,63,82,30,87,83" hai1="36,116,19,23,66,98,112,103,130,71,69,64,25" hai2="75,96,91,39,29,34,48,117,67,43,12,55,51" hai3="109,111,70,102,68,40,46,62,128,105,45,8,2"/><W107/><G128/><T129/><D127/><U52/><E112/><V73/><F39/><W57/><G2/><T9/><D129/><U126/><E130/><V97/><F67/><W13/><G46/><T110/><D110/><N who="3" m="41993" /><G107/><T7/><REACH who="0" step="1"/><D63/><REACH who="0" ten="202,152,344,292" step="2"/><U3/><E126/><V10/><F117/><W120/><G120/><T74/><D74/><U27/><E116/><V94/><F73/><W135/><G135/><T113/><D113/><U35/><E71/><V24/><F75/><W54/><G105/><T125/><D125/><U90/><E69/><V133/><F133/><W77/><G70/><T47/><D47/><U50/><E36/><V16/><F43/><W1/><G68/><T14/><D14/><U104/><E3/><V106/><REACH who="2" step="1"/><F55/><REACH who="2" ten="202,152,334,292" step="2"/><W72/><G72/><T118/><D118/><U18/><E52/><V60/><F60/><W33/><G62/><T37/><D37/><U132/><E132/><V86/><F86/><W31/><G40/><T61/><D61/><U17/><E66/><V122/><F122/><W89/><G54/><T59/><D59/><U99/><E64/><V79/><F79/><AGARI ba="0,2" hai="6,7,9,11,28,30,76,79,82,83,85,87,92,93" machi="79" ten="25,6400,0" yaku="1,1,22,2,8,1,53,0" doraHai="95" doraHaiUra="49" who="0" fromWho="2" sc="202,84,152,0,334,-64,292,0" /><INIT seed="4,0,0,3,3,54" ten="286,152,270,292" oya="0" hai0="1,81,45,82,24,109,48,78,19,88,90,13,30" hai1="92,66,35,127,128,57,122,124,94,121,115,76,69" hai2="75,118,34,15,40,44,104,12,103,7,55,135,46" hai3="102,14,86,65,108,93,32,71,113,60,107,89,77"/><T72/><D1/><U74/><E35/><V3/><F34/><W85/><G108/><T98/><D109/><U123/><E69/><V110/><F75/><W101/><G113/><T99/><D82/><N who="1" m="45335" /><E66/><V64/><F110/><W9/><G32/><T22/><D99/><U132/><E57/><V84/><F64/><W68/><G68/><T130/><D130/><U80/><E128/><V36/><F118/><W41/><G41/><T16/><D98/><U116/><E116/><V20/><F135/><W4/><G107/><T79/><D79/><U31/><E31/><V42/><F3/><W38/><G38/><T70/><D70/><U51/><E51/><V111/><F111/><W8/><G77/><T112/><D19/><U25/><E25/><V61/><F7/><W117/><G117/><T59/><D112/><U125/><E115/><V17/><F12/><W96/><G9/><T63/><D48/><U126/><N who="1" m="31744" /><DORA hai="23" /><U0/><E0/><V29/><F29/><W62/><G62/><T106/><D45/><U97/><E132/><V18/><F61/><W2/><G2/><T37/><D106/><U114/><E114/><V131/><F131/><W67/><G67/><T39/><D37/><U28/><E28/><V134/><F134/><W53/><G65/><T50/><D39/><U11/><E11/><V100/><F104/><W26/><G71/><T95/><D50/><U27/><E27/><V133/><F133/><W43/><G26/><T52/><D95/><N who="1" m="36395" /><E97/><V5/><F36/><W83/><G96/><T73/><D63/><U49/><E49/><V119/><F119/><RYUUKYOKU ba="0,0" sc="286,-10,152,30,270,-10,292,-10" hai1="80,121,122,123" /><INIT seed="5,1,0,0,5,1" ten="276,182,260,282" oya="1" hai0="67,15,53,29,68,114,3,105,83,110,63,121,17" hai1="59,51,27,72,38,93,88,41,108,118,73,97,70" hai2="12,22,78,34,103,82,9,50,57,37,19,81,129" hai3="36,11,80,58,39,75,128,120,62,76,126,87,25"/><U55/><E118/><V44/><F37/><W66/><G120/><T127/><D110/><U89/><E108/><V74/><F34/><W23/><G126/><T131/><D3/><U43/><E70/><V32/><F32/><W95/><G128/><T46/><D131/><U134/><E134/><V40/><F129/><W26/><G26/><T91/><D105/><U24/><E73/><V90/><F103/><W132/><G132/><T16/><D114/><U69/><E72/><V33/><F33/><W109/><G109/><T122/><D127/><U77/><E77/><V6/><F57/><W65/><G65/><T18/><D29/><U49/><E38/><V133/><F133/><W111/><G111/><T8/><D91/><N who="1" m="55487" /><E69/><V7/><REACH who="2" step="1"/><F22/><REACH who="2" ten="276,182,250,282" step="2"/><W116/><G39/><T124/><D124/><U113/><E113/><V28/><F28/><W2/><G36/><T100/><D100/><U98/><E43/><V52/><F52/><W64/><G64/><T86/><D121/><U31/><E31/><V61/><F61/><W104/><G66/><T56/><D122/><U30/><E30/><V84/><AGARI ba="1,1" hai="6,7,9,12,19,40,44,50,74,78,81,82,84,90" machi="84" ten="30,7900,0" yaku="1,1,0,1,52,2,53,0" doraHai="1" doraHaiUra="35" who="2" fromWho="2" sc="276,-21,182,-40,250,92,282,-21" /><INIT seed="6,0,0,4,1,100" ten="255,142,342,261" oya="2" hai0="101,46,61,123,120,129,128,53,96,13,89,6,67" hai1="34,8,29,11,114,58,98,69,59,79,106,91,66" hai2="55,42,127,7,75,126,41,43,86,52,82,134,105" hai3="62,22,63,109,85,68,88,74,80,87,40,124,3"/><V56/><F105/><W90/><G109/><T18/><D89/><U33/><E114/><V130/><F75/><W39/><G3/><T20/><D6/><U72/><E72/><V71/><F71/><W117/><G74/><T70/><D53/><U92/><E79/><V15/><F130/><N who="0" m="50282" /><D46/><U84/><E59/><V119/><F119/><W77/><G117/><T108/><D108/><U25/><E34/><V133/><F7/><W121/><G121/><T0/><D0/><U64/><E64/><V99/><F15/><W31/><G124/><N who="2" m="47657" /><F99/><W30/><G68/><T49/><D49/><U65/><E65/><V135/><F56/><W122/><G122/><T81/><D81/><U50/><E58/><V4/><F4/><W9/><G9/><T38/><D38/><U54/><E50/><V28/><F28/><W116/><G116/><T2/><D2/><U93/><E54/><V113/><F113/><W27/><G31/><T76/><D76/><AGARI ba="0,0" hai="41,42,43,52,55,76,82,86,133,134,135" m="47657" machi="76" ten="40,7700,0" yaku="20,1,18,1,54,1" doraHai="100" who="2" fromWho="0" sc="255,-77,142,0,342,77,261,0" /><INIT seed="6,1,0,3,3,119" ten="178,142,419,261" oya="2" hai0="53,55,46,89,98,48,116,135,37,56,76,19,54" hai1="90,88,1,77,4,18,130,44,21,97,8,78,104" hai2="0,120,10,36,107,100,115,51,84,99,45,118,67" hai3="106,79,33,102,113,94,58,64,126,61,11,17,14"/><V57/><F36/><W16/><G33/><T39/><D116/><U72/><E130/><V129/><F84/><W69/><G126/><T86/><D135/><U6/><E6/><V131/><F115/><W41/><G79/><T23/><D76/><U103/><E44/><V35/><F35/><W68/><G41/><T62/><D54/><U50/><E50/><V75/><F75/><W59/><G113/><T70/><D70/><U71/><E71/><V26/><F26/><W80/><G80/><T117/><D117/><U12/><REACH who="1" step="1"/><E78/><REACH who="1" ten="178,132,419,261" step="2"/><V74/><F51/><W7/><G69/><T127/><D127/><U27/><E27/><V87/><F45/><W73/><G68/><T9/><D9/><U108/><E108/><V63/><F10/><W31/><G11/><T133/><D133/><U2/><E2/><V91/><F0/><W3/><G3/><T101/><D23/><U42/><E42/><V13/><F129/><W134/><G134/><T132/><D132/><U111/><E111/><V29/><F131/><W121/><G7/><T65/><D39/><U60/><E60/><V109/><F63/><W25/><G61/><T124/><D37/><U85/><E85/><V122/><F87/><W110/><G110/><T52/><D124/><U30/><E30/><V47/><F29/><W28/><G31/><T22/><D22/><U5/><E5/><V15/><F109/><W66/><G25/><T93/><REACH who="0" step="1"/><D19/><REACH who="0" ten="168,132,419,261" step="2"/><U95/><E95/><AGARI ba="1,2" hai="46,48,52,53,55,56,62,65,86,89,93,95,98,101" machi="95" ten="30,12000,2" yaku="1,1,2,1,7,1,8,1,54,1,53,1" doraHai="119" doraHaiUra="83" who="0" fromWho="1" sc="168,143,132,-123,419,0,261,0" /><INIT seed="7,0,0,2,3,125" ten="311,9,419,261" oya="3" hai0="113,86,126,72,63,95,77,1,84,115,131,40,119" hai1="18,39,9,57,10,50,47,14,132,106,78,64,68" hai2="25,38,87,80,121,45,120,52,93,124,134,110,89" hai3="3,48,92,23,26,129,37,117,104,24,51,98,65"/><W74/><G37/><T59/><D1/><U0/><E106/><V8/><F110/><W2/><G117/><T111/><D111/><U75/><E132/><V28/><F134/><W6/><G74/><T105/><D105/><U30/><E30/><V79/><F124/><W7/><G104/><T123/><D126/><U31/><E31/><V53/><F8/><W17/><G65/><T71/><D71/><U73/><E39/><V103/><F103/><W11/><G26/><T114/><D119/><U94/><E68/><V102/><F102/><W43/><G43/><T127/><D127/><U35/><E35/><N who="2" m="20879" /><F38/><W66/><G66/><N who="0" m="39295" /><D123/><N who="2" m="47178" /><F45/><W44/><G44/><T70/><D70/><U5/><E94/><V61/><F61/><W91/><G129/><T128/><D40/><U29/><E78/><V13/><F13/><W49/><REACH who="3" step="1"/><G7/><REACH who="3" ten="311,9,419,251" step="2"/><T15/><D72/><AGARI ba="0,1" hai="52,53,72,79,80,87,89,93" m="47178,20879" machi="72" ten="30,2000,0" yaku="13,1,54,1" doraHai="125" who="2" fromWho="0" sc="311,-20,9,0,419,30,251,0" owari="291,9.0,9,-49.0,449,55.0,251,-15.0" /></mjloggm>