<mjloggm ver="2.3"><GO type="169"/><UN n0="%EF%BC%88%E2%89%A7%E2%96%BD%E2%89%A6%EF%BC%89" n1="%E3%81%99%E3%81%9F%E3%83%BC%E3%82%89%E3%81%84%E3%81%A8%E3%81%B3%E3%83%BC" n2="%E3%83%87%E3%82%B8%E3%82%BF%E3%83%AB%E4%BB%99%E4%BA%BA" n3="%E5%8F%8D%E9%99%BD%E5%AD%90%E3%81%95%E3%82%93" dan="17,16,16,16" rate="2114,2044,2115,2072" sx="M,F,F,M"/><TAIKYOKU oya="0"/><INIT seed="0,0,0,5,3,104" ten="250,250,250,250" oya="0" hai0="60,83,16,0,73,125,21,27,133,1,52,67,126" hai1="107,64,94,80,42,54,11,55,77,8,103,93,62" hai2="6,117,9,37,40,51,59,63,108,124,24,18,57" hai3="88,89,115,123,22,3,7,46,70,32,109,91,84"/><T20/><D133/><U92/><E42/><V79/><F117/><W19/><G115/><T72/><D21/><U101/><E107/><V74/><F108/><W127/><G32/><T38/><D38/><U15/><E64/><V33/><F124/><N who="0" m="47722" /><D52/><U102/><E62/><V25/><F51/><W132/><G127/><T45/><D45/><U28/><E28/><V118/><F118/><W26/><G109/><T49/><D49/><U48/><E48/><V4/><F4/><W112/><G112/><T12/><D12/><U50/><E50/><V99/><F99/><W131/><G70/><N who="0" m="42343" /><D83/><U36/><E36/><V134/><F134/><W122/><G132/><T71/><D71/><U30/><E30/><V106/><F33/><W97/><G46/><T86/><D86/><U129/><E129/><V114/><F114/><W23/><G131/><T5/><D5/><U121/><E121/><N who="3" m="46090" /><G23/><T53/><D53/><N who="1" m="19979" /><E15/><V130/><F130/><W75/><G7/><T39/><D39/><U105/><E105/><V78/><F6/><W110/><G3/><AGARI ba="0,0" hai="0,1,3,16,20,27,72,73" m="42343,47722" machi="3" ten="30,11600,0" yaku="18,1,52,2,54,1" doraHai="104" who="0" fromWho="3" sc="250,116,250,0,250,0,250,-116" /><INIT seed="0,1,0,5,0,93" ten="366,250,250,134" oya="0" hai0="117,96,115,126,26,73,9,124,109,78,52,70,79" hai1="45,49,53,134,62,121,36,91,94,125,100,2,114" hai2="127,61,92,30,86,83,87,95,110,21,98,20,64" hai3="31,123,10,104,74,28,22,82,67,25,118,122,32"/><T119/><D70/><U85/><E2/><V38/><F38/><W129/><G118/><N who="0" m="45067" /><D9/><U15/><E121/><N who="3" m="46090" /><G104/><T69/><D69/><U39/><E114/><V120/><F120/><W27/><G67/><T33/><D115/><U48/><E134/><V13/><F61/><W113/><G113/><T54/><D26/><U35/><E125/><N who="0" m="48233" /><D33/><U29/><E35/><V24/><F127/><W16/><G74/><T34/><D34/><U41/><E29/><V133/><F64/><W42/><G42/><T131/><D131/><U107/><E62/><V90/><F133/><W46/><G82/><N who="0" m="45391" /><D109/><U57/><REACH who="1" step="1"/><E15/><REACH who="1" ten="366,240,250,134" step="2"/><V3/><F3/><W132/><G132/><T103/><D79/><U18/><E18/><V60/><F60/><W116/><G129/><T37/><D37/><U4/><E4/><V111/><F111/><W71/><G116/><T76/><D76/><U58/><E58/><V43/><F110/><W50/><G71/><T47/><D47/><U80/><E80/><V12/><F12/><N who="3" m="7191" /><G46/><T56/><D56/><U65/><E65/><V102/><F13/><W66/><G66/><T44/><D44/><U106/><E106/><AGARI ba="1,1" hai="52,54,96,103,106" m="45391,48233,45067" machi="106" ten="30,5800,0" yaku="18,1,52,1,54,1" doraHai="93" who="0" fromWho="1" sc="366,71,240,-61,250,0,134,0" /><INIT seed="0,2,0,5,1,40" ten="437,179,250,134" oya="0" hai0="123,19,52,18,47,97,113,107,69,58,4,68,54" hai1="86,53,129,115,42,22,119,131,106,8,133,9,101" hai2="14,36,84,34,112,66,72,0,104,93,70,103,79" hai3="121,59,90,67,117,83,33,98,88,108,37,122,15"/><T5/><D107/><U110/><E119/><V64/><F14/><W82/><G117/><T135/><D97/><U60/><E115/><V80/><F112/><W74/><G33/><T87/><D123/><N who="3" m="47113" /><G37/><T16/><D113/><U125/><E42/><V76/><F34/><W7/><G108/><T75/><D75/><U11/><E110/><V132/><F0/><W63/><G74/><T78/><D135/><U114/><E114/><V41/><F132/><W24/><G24/><T35/><D35/><U126/><E101/><V73/><F70/><W13/><G7/><N who="0" m="2635" /><D69/><U99/><E99/><V65/><F104/><W116/><G116/><T134/><D68/><U95/><E106/><V94/><F103/><W3/><G3/><T44/><D134/><U46/><E133/><V31/><F31/><W56/><G56/><T91/><D78/><U61/><E22/><V89/><F79/><W62/><G62/><N who="1" m="24170" /><E86/><V6/><F73/><W111/><G111/><T30/><D30/><U48/><E95/><V21/><F94/><N who="3" m="56647" /><G83/><N who="0" m="49663" /><D54/><U1/><E1/><V128/><F72/><W45/><G82/><T105/><D105/><U25/><E25/><V92/><F76/><W127/><G90/><T27/><D27/><U77/><E77/><V85/><F80/><W38/><G127/><AGARI ba="2,0" hai="8,9,11,46,48,53,125,126,127,129,131" m="24170" machi="127" ten="40,2600,0" yaku="18,1,52,1" doraHai="40" who="1" fromWho="3" sc="437,0,179,32,250,0,134,-32" /><INIT seed="1,0,0,0,1,21" ten="437,211,250,102" oya="1" hai0="13,133,82,15,96,120,63,93,95,67,22,89,35" hai1="51,40,97,134,101,68,62,129,90,117,53,50,78" hai2="104,69,108,127,132,55,20,113,118,47,38,75,56" hai3="43,31,52,17,66,85,65,126,92,41,26,115,2"/><U73/><E117/><V19/><RYUUKYOKU type="yao9" ba="0,0" sc="437,0,211,0,250,0,102,0" hai2="19,20,38,47,55,56,69,75,104,108,113,118,127,132" /><INIT seed="1,1,0,4,4,113" ten="437,211,250,102" oya="1" hai0="45,33,90,37,17,95,15,93,91,63,77,117,80" hai1="65,119,101,124,131,16,94,68,61,71,35,69,18" hai2="58,11,84,26,108,36,130,114,67,89,112,133,76" hai3="53,125,14,32,70,9,42,48,55,4,41,1,107"/><U88/><E119/><V86/><F36/><W31/><G70/><T78/><D117/><U29/><E131/><V98/><F130/><W103/><G125/><T74/><D33/><U3/><E3/><V96/><F108/><W20/><G55/><T57/><D37/><U85/><E124/><V39/><F39/><W66/><G66/><N who="0" m="39279" /><D45/><U122/><E122/><V111/><F111/><W22/><G22/><T52/><D74/><U134/><E134/><V72/><F72/><W87/><G103/><T40/><D40/><U23/><E101/><V24/><F133/><W135/><G107/><T120/><D52/><U105/><E105/><V100/><F11/><W51/><G135/><T118/><D80/><U116/><E116/><V127/><F127/><W102/><G102/><T64/><D64/><U38/><E38/><V25/><F100/><W12/><G51/><T19/><D19/><U82/><E82/><N who="2" m="47175" /><F114/><W8/><G32/><T46/><D46/><U126/><E126/><V97/><F112/><W44/><G1/><T106/><D106/><U21/><E35/><V27/><N who="2" m="6144" /><DORA hai="43" /><V109/><F109/><W0/><G0/><T75/><D75/><U128/><E29/><V110/><F110/><W54/><G31/><T28/><D28/><U60/><E128/><V6/><F6/><W7/><G20/><N who="1" m="7754" /><E65/><V83/><F67/><W13/><G14/><T34/><D34/><U79/><E79/><N who="0" m="30217" /><D120/><U92/><E92/><N who="0" m="35401" /><D118/><U2/><E2/><V132/><F132/><W59/><G87/><T123/><D123/><U49/><E49/><V129/><F129/><W56/><G44/><RYUUKYOKU ba="1,0" sc="437,0,211,0,250,0,102,0" hai0="15,17,90,91" hai1="16,18,60,61,68,69,71,85,88,94" hai2="58,83,86,89,96,97,98" hai3="4,7,8,9,12,13,41,42,48,53,54,56,59" /><INIT seed="1,2,0,4,5,132" ten="437,211,250,102" oya="1" hai0="102,90,95,60,37,25,21,111,118,31,130,85,33" hai1="128,59,96,65,12,70,30,55,28,121,9,11,63" hai2="24,20,14,1,104,71,3,15,26,86,84,135,17" hai3="44,74,76,10,82,43,4,13,29,101,112,124,35"/><U113/><E121/><V49/><F71/><W89/><G112/><T91/><D37/><U105/><E113/><V19/><F104/><W92/><G101/><T51/><D118/><U45/><E128/><V39/><F49/><W38/><G35/><T54/><D130/><U97/><E105/><V41/><F41/><W77/><G76/><T88/><D111/><U115/><E9/><V32/><F39/><W94/><G29/><N who="1" m="11370" /><E70/><V79/><F79/><W34/><G34/><T67/><D33/><U62/><E115/><V123/><F123/><W129/><G129/><T122/><D102/><U110/><E110/><V40/><F40/><W98/><REACH who="3" step="1"/><G94/><REACH who="3" ten="437,211,250,92" step="2"/><T16/><D122/><U6/><E62/><V72/><F32/><W64/><G64/><T75/><D75/><U18/><E6/><V131/><F72/><W134/><G134/><T23/><D60/><U103/><E103/><V5/><F131/><W47/><G47/><N who="0" m="28031" /><D67/><U109/><E109/><V127/><F5/><W117/><G117/><T58/><D58/><U50/><AGARI ba="2,1" hai="11,12,18,45,50,55,59,63,65,96,97" m="11370" machi="50" ten="30,1500,0" yaku="8,1" doraHai="132" who="1" fromWho="1" sc="437,-7,211,31,250,-7,92,-7" /><INIT seed="1,3,0,0,4,2" ten="430,242,243,85" oya="1" hai0="98,100,119,130,124,4,51,83,93,91,70,22,97" hai1="134,109,65,59,86,23,25,79,10,56,74,95,120" hai2="54,68,111,88,17,77,52,96,115,92,94,133,78" hai3="40,60,84,112,129,24,66,110,26,75,57,44,9"/><U0/><E120/><V118/><F118/><W122/><G112/><T73/><D70/><U30/><E134/><V7/><F115/><W81/><G122/><T128/><D124/><U50/><E74/><V131/><F68/><W63/><G75/><T28/><D51/><U5/><E109/><V135/><F131/><N who="0" m="50218" /><D119/><U58/><E65/><V132/><F111/><W48/><G110/><T18/><D28/><U67/><E67/><V46/><F17/><W90/><G129/><T121/><D121/><U35/><E79/><N who="2" m="30219" /><F46/><W36/><G63/><T103/><D73/><U20/><REACH who="1" step="1"/><E50/><REACH who="1" ten="430,232,243,85" step="2"/><V16/><F135/><W101/><G101/><T108/><D103/><U69/><E69/><V126/><F133/><W33/><G33/><T38/><D100/><U27/><E27/><V76/><F76/><W105/><G105/><T85/><D108/><U117/><E117/><V41/><F132/><W32/><G32/><T37/><D37/><U1/><E1/><V47/><F126/><W42/><G36/><T34/><D34/><U114/><E114/><V104/><F104/><W21/><G42/><T123/><D123/><U8/><E8/><V82/><F41/><W102/><G102/><T3/><D3/><U49/><E49/><V62/><F62/><W80/><G9/><T127/><D127/><U125/><E125/><V12/><F88/><AGARI ba="3,1" hai="0,5,10,20,23,25,30,35,56,58,59,86,88,95" machi="88" ten="40,12000,1" yaku="1,1,52,1,54,1,53,1" doraHai="2" doraHaiUra="29" who="1" fromWho="2" sc="430,0,232,139,243,-129,85,0" /><INIT seed="1,4,0,4,1,12" ten="430,371,114,85" oya="1" hai0="19,122,126,134,10,84,2,36,83,29,0,127,3" hai1="59,46,110,108,37,62,21,114,97,7,89,74,41" hai2="129,14,78,45,69,117,99,71,27,52,50,79,119" hai3="48,120,23,26,118,87,49,101,105,124,9,64,22"/><U76/><E114/><V16/><F129/><W91/><G120/><T55/><D36/><U24/><E7/><V51/><F27/><W11/><G124/><N who="0" m="47659" /><D134/><U15/><E15/><V61/><F99/><W5/><G118/><T94/><D29/><U88/><E76/><V31/><F31/><W85/><G64/><T131/><D131/><U47/><E47/><V70/><F61/><W100/><G105/><T25/><D94/><N who="1" m="56519" /><E89/><V44/><F79/><W63/><G63/><T106/><D106/><U113/><E74/><V42/><REACH who="2" step="1"/><F78/><REACH who="2" ten="430,371,104,85" step="2"/><W54/><G26/><T34/><D25/><U82/><E113/><V93/><F93/><W8/><G5/><T53/><D122/><U109/><E82/><V33/><F33/><W38/><G87/><T13/><D34/><U20/><E24/><V60/><F60/><W95/><G85/><T40/><D84/><U121/><E121/><V133/><F133/><W56/><G95/><T1/><D83/><U103/><E103/><V102/><F102/><W67/><G91/><T66/><D66/><AGARI ba="4,1" hai="20,21,37,41,46,59,62,66,108,109,110" m="56519" machi="66" ten="30,5800,0" yaku="14,1,10,1,54,1" doraHai="12" who="1" fromWho="0" sc="430,-70,371,80,104,0,85,0" /><INIT seed="1,5,0,3,3,86" ten="360,451,104,85" oya="1" hai0="85,57,122,55,91,58,132,72,129,15,94,103,73" hai1="17,120,81,109,51,131,54,84,68,65,48,125,43" hai2="74,3,121,126,5,38,53,13,111,50,83,28,92" hai3="99,26,93,61,29,11,96,77,112,105,37,97,4"/><U133/><E120/><V63/><F63/><W90/><G112/><T35/><D122/><U41/><E133/><V82/><F121/><W75/><G37/><T71/><D71/><U16/><E131/><V40/><F3/><W119/><G119/><T124/><D35/><U80/><E125/><V19/><F126/><W46/><G105/><T110/><D132/><U33/><E33/><V32/><F5/><W23/><G46/><T62/><D124/><U60/><E51/><V56/><F111/><W52/><G77/><T34/><D34/><U64/><E64/><V118/><F118/><W2/><REACH who="3" step="1"/><G75/><REACH who="3" ten="360,451,104,75" step="2"/><T89/><D73/><U78/><E109/><V117/><F74/><W67/><G67/><T130/><D72/><U27/><E27/><V25/><F117/><W88/><G88/><N who="0" m="53519" /><D110/><U106/><E106/><V44/><REACH who="2" step="1"/><F92/><REACH who="2" ten="360,451,94,75" step="2"/><W39/><G39/><T66/><D129/><U0/><E81/><V42/><F42/><W7/><G7/><T102/><D130/><U104/><E104/><V76/><F76/><W100/><G100/><N who="0" m="38443" /><D15/><U1/><E0/><V113/><F113/><W20/><G20/><AGARI ba="5,2" hai="13,19,20,25,28,32,38,40,44,50,53,56,82,83" machi="20" ten="30,2000,0" yaku="1,1,7,1,53,0" doraHai="86" doraHaiUra="87" who="2" fromWho="3" sc="360,0,451,0,94,55,75,-35" /><INIT seed="2,0,0,2,4,106" ten="360,451,149,40" oya="2" hai0="38,93,35,40,15,13,52,62,28,73,42,131,18" hai1="99,46,127,122,25,114,110,86,34,61,98,44,123" hai2="133,57,3,85,56,22,16,115,67,5,82,130,81" hai3="9,135,21,23,41,4,12,121,58,19,39,101,66"/><V113/><F133/><W7/><G135/><T64/><D131/><U43/><E114/><V65/><F130/><W79/><G121/><T8/><D38/><U90/><E110/><V78/><F3/><W0/><G101/><T91/><D73/><U45/><E43/><V128/><F128/><W96/><G39/><T31/><D35/><U97/><E61/><V100/><F100/><W94/><G41/><N who="0" m="15979" /><D64/><U76/><E76/><V11/><F115/><W117/><G79/><T125/><D15/><U10/><E10/><V53/><F82/><W60/><G117/><T47/><D125/><U129/><E127/><V50/><F113/><W24/><G0/><T14/><D14/><U27/><E34/><V36/><F36/><W48/><G48/><N who="0" m="28703" /><D62/><U103/><E103/><V51/><F11/><W120/><G120/><N who="1" m="46122" /><E129/><V124/><F5/><W55/><G66/><T77/><D77/><U20/><E20/><V88/><F78/><W72/><G72/><T69/><D69/><U107/><E107/><V26/><F124/><W109/><G109/><T32/><D32/><U95/><AGARI ba="0,0" hai="25,27,44,45,46,86,90,95,97,98,99" m="46122" machi="95" ten="40,1500,0" yaku="13,1" doraHai="106" who="1" fromWho="1" sc="360,-4,451,15,149,-7,40,-4" /><INIT seed="3,0,0,4,1,1" ten="356,466,142,36" oya="3" hai0="21,122,33,133,78,18,82,95,72,107,119,32,99" hai1="105,55,24,85,5,91,45,100,109,86,88,4,61" hai2="121,53,30,57,77,74,54,38,84,50,131,103,120" hai3="29,68,31,48,73,16,66,12,19,93,60,69,90"/><W113/><G73/><T76/><D122/><N who="2" m="47210" /><F74/><W6/><G113/><T112/><D119/><U34/><E34/><V58/><F38/><W115/><G115/><T59/><D133/><U67/><E109/><V2/><F103/><W56/><G69/><T39/><D39/><U35/><E35/><V70/><F70/><W89/><G90/><N who="1" m="34346" /><E24/><V110/><F110/><W87/><G68/><T15/><D78/><U108/><E108/><V7/><F30/><N who="3" m="11275" /><G48/><T75/><D75/><U104/><E105/><V129/><F84/><N who="1" m="32361" /><E100/><V118/><F77/><W106/><G106/><T20/><D107/><U102/><E102/><V116/><F7/><N who="1" m="2633" /><E104/><V65/><F2/><W94/><G94/><T135/><D33/><U130/><E130/><N who="2" m="49675" /><F65/><W132/><G132/><T0/><D32/><U14/><E14/><V25/><F25/><W17/><G6/><T52/><D0/><U11/><E11/><AGARI ba="0,0" hai="11,12,16,17,19,56,60,66,87,89,93" m="11275" machi="11" ten="30,2900,0" yaku="8,1,54,1" doraHai="1" who="3" fromWho="1" sc="356,0,466,-29,142,0,36,29" /><INIT seed="3,1,0,1,3,78" ten="356,437,142,65" oya="3" hai0="32,116,97,62,106,83,96,79,0,103,132,94,44" hai1="2,17,38,63,46,56,71,9,26,70,15,98,120" hai2="110,109,49,64,11,95,13,39,112,7,68,21,114" hai3="125,27,133,81,107,113,76,91,33,8,40,104,100"/><W53/><G113/><N who="2" m="43625" /><F39/><W66/><G100/><T89/><D0/><U88/><E120/><V25/><F95/><W99/><G125/><T87/><D32/><U126/><E126/><V129/><F49/><W123/><G123/><T73/><D116/><U128/><E128/><V77/><F77/><W22/><G33/><T52/><D132/><U30/><E2/><V12/><F64/><W93/><G133/><T23/><D23/><U121/><E46/><V10/><F68/><W101/><G66/><T122/><D122/><U130/><E38/><V1/><F129/><W111/><G40/><T34/><D34/><U92/><E130/><V86/><F86/><W118/><G118/><T80/><D44/><U102/><E102/><V6/><F13/><W59/><G8/><T19/><D19/><AGARI ba="1,0" hai="1,6,7,10,11,12,19,21,25,109,110" m="43625" machi="19" ten="30,2000,0" yaku="34,2" doraHai="78" who="2" fromWho="0" sc="356,-23,437,0,142,23,65,0" /><INIT seed="4,0,0,1,4,83" ten="333,437,165,65" oya="0" hai0="46,14,73,30,20,59,7,37,84,25,123,62,131" hai1="92,52,115,74,3,81,102,82,49,105,44,114,78" hai2="101,22,1,23,34,117,38,104,103,17,40,126,51" hai3="48,31,32,109,80,125,128,35,121,65,21,29,58"/><T133/><D73/><U108/><E3/><V110/><F34/><W60/><G128/><T67/><D123/><U97/><E108/><V54/><F1/><W56/><G109/><T24/><D133/><U116/><E82/><V0/><F110/><W41/><G121/><T129/><D37/><U120/><E120/><V106/><F0/><W69/><G125/><T27/><D46/><U8/><E8/><V11/><F126/><W47/><G35/><T43/><D43/><U19/><E19/><V119/><F11/><W55/><G32/><T12/><D131/><U13/><E13/><N who="0" m="5225" /><D7/><U111/><E111/><V39/><F40/><W107/><G107/><T122/><D122/><U15/><E15/><V16/><F51/><W75/><G21/><T5/><D5/><U71/><E71/><V98/><F98/><W91/><G58/><T93/><D129/><U77/><E77/><V135/><REACH who="2" step="1"/><F54/><REACH who="2" ten="333,437,155,65" step="2"/><W70/><G69/><T118/><D118/><U4/><E116/><V94/><F94/><W127/><G127/><T18/><D30/><U64/><E4/><V61/><F61/><W86/><REACH who="3" step="1"/><G75/><REACH who="3" ten="333,437,155,55" step="2"/><T53/><D53/><U10/><E105/><V28/><F28/><W9/><G9/><T85/><D93/><U50/><E10/><V87/><F87/><AGARI ba="0,2" hai="18,20,24,25,27,59,62,67,84,85,87" m="5225" machi="87" ten="30,11600,0" yaku="8,1,52,3" doraHai="83" who="0" fromWho="2" sc="333,136,437,0,155,-116,55,0" /><INIT seed="4,1,0,3,2,134" ten="469,437,39,55" oya="0" hai0="69,130,109,40,70,112,57,3,78,106,41,118,124" hai1="37,13,90,101,123,98,116,133,93,73,65,32,76" hai2="8,24,132,120,28,126,55,72,0,105,107,31,91" hai3="42,1,21,48,45,25,67,110,19,50,33,114,38"/><T94/><D106/><U15/><E32/><V62/><F120/><W117/><G117/><T115/><D3/><U36/><E123/><V27/><F72/><W135/><G1/><T43/><D78/><U6/><E116/><V85/><F132/><W89/><G110/><T119/><D94/><U5/><E65/><V16/><F126/><W54/><G135/><T10/><D124/><U77/><E73/><V44/><F107/><W113/><G33/><T102/><D102/><U71/><E71/><N who="0" m="27145" /><D10/><U46/><E133/><V66/><F105/><W59/><G67/><T2/><D2/><U58/><E101/><V103/><F103/><W127/><G127/><T128/><D109/><U11/><E58/><N who="2" m="37207" /><F0/><W104/><G104/><T56/><D119/><U75/><E75/><V18/><F8/><W92/><REACH who="3" step="1"/><G38/><REACH who="3" ten="469,437,39,45" step="2"/><T51/><D118/><U53/><E37/><V121/><F121/><W122/><G122/><T108/><D108/><U30/><E36/><V80/><F27/><W82/><G82/><T86/><D115/><U12/><E5/><V81/><F81/><W100/><G100/><T99/><D112/><U84/><E6/><V125/><F125/><W9/><G9/><T22/><D130/><U52/><E11/><V87/><F24/><W131/><G131/><T47/><D128/><U129/><E129/><V4/><F4/><W83/><G83/><T7/><D7/><U49/><E30/><V17/><F87/><AGARI ba="1,1" hai="19,21,25,42,45,48,50,54,59,87,89,92,113,114" machi="87" ten="40,2600,0" yaku="1,1,53,1" doraHai="134" doraHaiUra="14" who="3" fromWho="2" sc="469,0,437,0,39,-29,45,39" /><INIT seed="5,0,0,1,3,127" ten="469,437,10,84" oya="1" hai0="75,84,70,68,2,47,44,74,59,16,133,104,116" hai1="55,65,105,95,131,41,51,25,21,0,43,15,63" hai2="17,57,92,19,134,80,125,52,94,78,109,56,83" hai3="123,46,86,48,61,50,121,110,7,129,3,66,100"/><U45/><E0/><V23/><F125/><W40/><G110/><T120/><D104/><U76/><E76/><V132/><F109/><W26/><G100/><T32/><D32/><U31/><E105/><V49/><F57/><W4/><G3/><T9/><D116/><U67/><E131/><V36/><F36/><W97/><G97/><T91/><D70/><U93/><E15/><V107/><F107/><W88/><G129/><T6/><D68/><U103/><E65/><V81/><F78/><W64/><G121/><T18/><D120/><U30/><E30/><V29/><F29/><W122/><G123/><T69/><D69/><U20/><E20/><V101/><F101/><W108/><G108/><T62/><D75/><U118/><E118/><V77/><F77/><W27/><G50/><T13/><D74/><U82/><E82/><V79/><F79/><W102/><G102/><T71/><D133/><N who="2" m="51306" /><F19/><N who="0" m="7210" /><D71/><U114/><E114/><V33/><F33/><W1/><G1/><T53/><D2/><U42/><REACH who="1" step="1"/><E103/><REACH who="1" ten="469,427,10,84" step="2"/><V96/><F96/><W73/><G122/><T130/><D130/><U112/><E112/><V126/><F126/><W87/><G73/><T12/><D12/><AGARI ba="0,1" hai="12,17,23,49,52,56,80,81,83,92,94" m="51306" machi="12" ten="30,2000,0" yaku="20,1,54,1" doraHai="127" who="2" fromWho="0" sc="469,-20,427,0,10,30,84,0" /><INIT seed="6,0,0,3,1,56" ten="449,427,40,84" oya="2" hai0="55,119,68,59,38,131,84,50,92,125,86,57,69" hai1="42,77,72,132,78,47,53,122,83,71,64,130,85" hai2="121,80,8,120,90,32,34,23,109,118,49,25,33" hai3="58,126,39,9,94,93,6,22,110,129,43,40,13"/><V30/><F118/><W19/><G110/><T2/><D2/><U51/><E130/><V91/><F109/><W12/><G129/><T11/><D38/><U10/><E132/><V28/><F49/><W73/><G73/><T96/><D119/><U44/><E122/><V108/><F108/><W133/><G126/><T54/><D125/><U36/><E72/><V16/><F80/><W124/><G124/><T20/><D11/><U17/><E64/><V29/><F91/><W117/><G117/><T106/><D106/><U27/><E71/><V7/><F90/><W62/><G133/><T31/><D69/><U113/><E113/><V111/><F111/><W95/><REACH who="3" step="1"/><G39/><REACH who="3" ten="449,427,40,74" step="2"/><T115/><D131/><U99/><E36/><V21/><F21/><W105/><G105/><T128/><D128/><U65/><E10/><V76/><F76/><W5/><G5/><T70/><D20/><U48/><E78/><V15/><AGARI ba="0,1" hai="7,8,15,16,23,25,28,29,30,32,33,34,120,121" machi="15" ten="40,12000,1" yaku="0,1,34,3,54,1" doraHai="56" who="2" fromWho="2" sc="449,-40,427,-40,40,130,74,-40" /><INIT seed="6,1,0,5,3,92" ten="409,387,170,34" oya="2" hai0="135,55,87,33,1,76,22,31,100,59,29,13,114" hai1="128,25,127,19,48,64,11,37,102,133,110,129,20" hai2="85,126,2,51,113,3,120,58,7,57,104,18,28" hai3="93,9,15,94,131,117,6,130,73,4,72,34,112"/><V71/><F120/><W45/><G34/><T134/><D1/><U24/><E37/><V116/><F71/><W38/><G117/><T60/><D114/><U49/><E110/><V41/><F116/><W101/><G112/><T68/><D68/><U122/><E122/><V91/><F104/><W30/><G30/><T21/><D100/><U123/><E123/><V109/><F91/><W56/><G56/><T39/><D39/><U121/><E121/><V79/><F85/><W23/><G23/><N who="0" m="8715" /><D33/><U44/><E24/><V54/><F79/><W12/><G38/><T50/><D13/><U78/><E64/><V32/><F58/><W42/><G101/><T46/><D134/><U17/><E133/><V43/><F28/><W115/><G115/><T35/><D35/><U74/><E102/><V83/><F32/><W40/><G45/><T66/><D135/><U105/><E105/><V77/><F113/><W108/><REACH who="3" step="1"/><G9/><REACH who="3" ten="409,387,170,24" step="2"/><T82/><AGARI ba="1,1" hai="29,31,46,50,55,59,60,66,76,82,87" m="8715" machi="82" ten="30,1100,0" yaku="8,1" doraHai="92" who="0" fromWho="0" sc="409,24,387,-4,170,-6,24,-4" /><INIT seed="7,0,0,0,3,73" ten="433,383,164,20" oya="3" hai0="65,104,67,109,62,56,132,42,108,107,29,66,26" hai1="78,111,85,64,24,87,18,72,48,27,68,114,37" hai2="130,2,74,97,119,79,33,28,120,14,53,12,106" hai3="92,17,89,86,1,22,122,103,96,11,82,90,88"/><W98/><G122/><T40/><D132/><U71/><E37/><V60/><F2/><W93/><G1/><T43/><D107/><U69/><E64/><V34/><F34/><W115/><G115/><T126/><D104/><U51/><E111/><N who="0" m="42569" /><D26/><U129/><E129/><V99/><F130/><W133/><G11/><T94/><D94/><U5/><E5/><V70/><F53/><W55/><G55/><N who="0" m="34079" /><D29/><U13/><E114/><V19/><F99/><W131/><G133/><T46/><D126/><U49/><E72/><V81/><F19/><W128/><G17/><T102/><D102/><U54/><E54/><V75/><F75/><W21/><G21/><T125/><D125/><U77/><E13/><V113/><F119/><W4/><G22/><T41/><D41/><U20/><REACH who="1" step="1"/><E27/><REACH who="1" ten="433,373,164,20" step="2"/><N who="2" m="18591" /><F120/><W84/><REACH who="3" step="1"/><G4/><REACH who="3" ten="433,373,164,10" step="2"/><T57/><D57/><U101/><E101/><N who="2" m="62767" /><F113/><W8/><G8/><T95/><D95/><AGARI ba="0,2" hai="82,84,86,88,89,90,92,93,95,96,98,103,128,131" machi="95" ten="40,12000,1" yaku="1,1,34,3,54,1,53,0" doraHai="73" doraHaiUra="61" who="3" fromWho="0" sc="433,-120,373,0,164,0,10,140" /><INIT seed="7,1,0,2,0,98" ten="313,373,164,150" oya="3" hai0="121,117,79,64,16,22,42,50,134,0,105,60,135" hai1="125,116,126,46,27,18,110,29,63,96,20,21,76" hai2="14,112,119,75,127,67,120,108,2,49,56,82,83" hai3="100,15,59,36,72,86,113,55,9,131,45,33,25"/><W3/><G72/><T129/><D0/><U111/><E116/><V38/><F2/><W70/><G3/><T23/><D117/><U53/><E76/><V124/><F119/><W35/><G70/><T1/><D1/><U122/><E122/><V99/><F38/><W39/><G131/><T28/><D121/><U128/><E128/><V24/><F120/><W73/><G73/><T34/><D129/><U48/><E96/><V6/><F108/><W32/><G113/><T133/><D79/><U81/><E81/><V65/><F24/><W77/><G25/><T89/><D105/><U4/><E4/><V102/><F112/><W19/><G45/><T51/><D89/><U68/><E68/><V132/><F132/><W30/><G30/><T95/><D95/><U5/><E5/><V41/><F75/><W7/><G7/><T101/><D101/><U118/><E118/><V87/><F6/><W80/><REACH who="3" step="1"/><G100/><REACH who="3" ten="313,373,164,140" step="2"/><T90/><D28/><U61/><E110/><V123/><F123/><W44/><G44/><T37/><D134/><U91/><E111/><V107/><F14/><W84/><G84/><T43/><D135/><U94/><E29/><V26/><F26/><W88/><G88/><T69/><D133/><U40/><E21/><V13/><F13/><W74/><G74/><T58/><D90/><U109/><E109/><V31/><F31/><W17/><G17/><T78/><D23/><U97/><E40/><V54/><F41/><W104/><G104/><T12/><D42/><U11/><E11/><V62/><F87/><W47/><G47/><N who="0" m="24047" /><D69/><U92/><E92/><RYUUKYOKU ba="1,1" sc="313,-15,373,15,164,-15,140,15" hai1="18,20,27,46,48,53,61,63,91,94,97,125,126" hai3="9,15,19,32,33,35,36,39,55,59,77,80,86" /><INIT seed="7,2,1,0,3,62" ten="298,388,149,155" oya="3" hai0="0,87,41,46,70,114,119,124,3,40,122,38,34" hai1="64,10,71,106,17,1,36,94,72,86,15,51,85" hai2="66,35,6,130,23,92,54,108,103,59,27,22,24" hai3="102,113,32,20,7,29,4,105,49,89,112,21,120"/><W107/><G120/><T11/><D122/><U127/><E72/><V25/><F108/><W14/><G102/><T31/><D119/><U12/><E1/><V58/><F35/><W82/><G49/><T2/><D124/><U55/><E36/><V100/><F130/><W48/><G48/><T117/><D117/><U101/><E106/><N who="3" m="40458" /><G82/><T8/><D41/><U16/><E64/><V125/><F125/><W73/><G89/><T80/><D70/><U61/><E61/><N who="2" m="38207" /><F6/><N who="3" m="2091" /><G73/><T45/><D46/><N who="1" m="28151" /><E71/><V90/><F103/><W26/><G14/><T116/><D116/><U75/><E75/><V42/><F42/><W74/><G74/><T134/><D0/><U60/><E60/><N who="2" m="35927" /><F100/><W68/><G68/><T18/><D2/><U19/><E127/><V50/><F50/><W93/><G93/><T84/><D3/><U126/><E126/><V76/><F76/><W43/><G43/><T9/><D80/><U109/><E109/><V115/><F115/><AGARI ba="2,1" hai="20,21,26,29,32,112,113,115" m="2091,40458" machi="115" ten="30,1500,0" yaku="15,1" doraHai="62" who="3" fromWho="2" sc="298,0,388,0,149,-21,155,31" /><INIT seed="7,3,0,5,5,53" ten="298,388,128,186" oya="3" hai0="56,110,88,96,41,127,16,45,92,116,103,17,135" hai1="95,80,67,133,98,97,18,69,11,72,24,58,107" hai2="26,62,105,57,63,34,94,114,73,28,89,111,59" hai3="29,134,128,46,37,20,60,31,124,129,118,76,13"/><W125/><G118/><T112/><D116/><U74/><E69/><V122/><F105/><W101/><G101/><T14/><D110/><U70/><E70/><V91/><F73/><W44/><G76/><T0/><D0/><U120/><E107/><V39/><F39/><W82/><G82/><T40/><D135/><U48/><E98/><V3/><F3/><W85/><G85/><T68/><D68/><U113/><E120/><V109/><F122/><W55/><G134/><T83/><D127/><N who="3" m="48713" /><G37/><T61/><D112/><U130/><E113/><V79/><F79/><W126/><G126/><T22/><D17/><U32/><E80/><V119/><F114/><W65/><G13/><T108/><D108/><U33/><E133/><V36/><F36/><W121/><G121/><T10/><D10/><U15/><E130/><N who="3" m="50282" /><G55/><N who="0" m="33951" /><D45/><N who="3" m="17513" /><G20/><T99/><D99/><U6/><E97/><V19/><F119/><W35/><G35/><T104/><D104/><U7/><E33/><V131/><F131/><W43/><G43/><N who="0" m="16459" /><D83/><U49/><E32/><V75/><F75/><W42/><G42/><T86/><D86/><U2/><E72/><V132/><F132/><W52/><G65/><T102/><AGARI ba="3,0" hai="14,16,22,88,92,96,102,103" m="16459,33951" machi="102" ten="30,7900,0" yaku="8,1,52,1,54,2" doraHai="53" who="0" fromWho="0" sc="298,88,388,-23,128,-23,186,-42" owari="386,48.0,365,17.0,105,-39.0,144,-26.0" /></mjloggm>