<mjloggm ver="2.3"><GO type="41"/><UN n0="%E5%86%86%E7%AD%92" n1="%E3%81%AF%E3%82%8B%E3%81%8B%E3%81%A3%E3%81%8B%EF%BC%81" n2="%E3%82%A6%E3%83%AB%E3%83%88%E3%83%A9%E7%AB%8B%E7%9B%B4" n3="%4E%4F%5A%4F%4D%49" dan="14,14,15,13" rate="1914,1867,1987,1810" sx="M,M,M,F"/><TAIKYOKU oya="0"/><INIT seed="0,0,0,2,3,49" ten="250,250,250,250" oya="0" hai0="112,1,0,35,5,125,83,29,73,8,128,93,109" hai1="54,121,14,115,114,31,30,69,78,90,130,96,63" hai2="88,117,76,104,51,48,33,101,9,87,22,23,53" hai3="61,134,40,110,57,43,74,18,52,111,97,47,15"/><T133/><D112/><U135/><E121/><V32/><F117/><W120/><G120/><T98/><D133/><U25/><E78/><V42/><F9/><W124/><G134/><T81/><D128/><U123/><E123/><V26/><F76/><W64/><G74/><T10/><D125/><U67/><E135/><V94/><F23/><W108/><G124/><T77/><D109/><U80/><E130/><V24/><F24/><W3/><G3/><T106/><D106/><U126/><E126/><V45/><F101/><W86/><G86/><T113/><D113/><N who="1" m="43019" /><E14/><V82/><F82/><W13/><G97/><T95/><D29/><N who="1" m="10763" /><E25/><V38/><F104/><W58/><G47/><T107/><D35/><U50/><E96/><V85/><F85/><W46/><G46/><T6/><REACH who="0" step="1"/><D83/><REACH who="0" ten="240,250,250,250" step="2"/><U41/><E80/><V36/><F33/><W55/><G64/><T119/><D119/><U68/><E41/><N who="3" m="15946" /><G18/><T11/><D11/><U70/><E90/><V131/><F32/><W132/><G132/><T72/><D72/><U28/><N who="1" m="10771" /><U27/><DORA hai="59" /><E27/><V17/><F131/><W102/><G102/><AGARI ba="0,1" hai="0,1,5,6,8,10,73,77,81,93,95,98,102,107" machi="102" ten="40,12000,1" yaku="1,1,9,1,53,2" doraHai="49,59" doraHaiUra="75,105" who="0" fromWho="3" sc="240,130,250,0,250,0,250,-120" /><INIT seed="0,1,0,2,3,33" ten="370,250,250,130" oya="0" hai0="10,41,55,37,25,31,23,118,83,0,94,135,91" hai1="9,98,52,105,57,30,79,1,47,114,95,129,49" hai2="126,13,85,87,11,8,36,21,122,110,59,113,45" hai3="48,71,5,86,63,90,14,107,123,15,101,42,6"/><T67/><D118/><U115/><E30/><V28/><F113/><W38/><G123/><T58/><D135/><U69/><E69/><V108/><F122/><W131/><G38/><T80/><D67/><U54/><E105/><V116/><F116/><W78/><G131/><T22/><D22/><U7/><E79/><V18/><F126/><W106/><G101/><T119/><D119/><U46/><E129/><V3/><F59/><W82/><G90/><T132/><D132/><U99/><E98/><V102/><F102/><W73/><G73/><T61/><D41/><U44/><E99/><V111/><F45/><W60/><G71/><T121/><D37/><U53/><E95/><V39/><F39/><W4/><G42/><T133/><D121/><U64/><E64/><V117/><F36/><W51/><G78/><T12/><D0/><U34/><E34/><V19/><F117/><W81/><G4/><N who="0" m="3143" /><D133/><U29/><E29/><V70/><F70/><W89/><G89/><T17/><D31/><U62/><E62/><V120/><F120/><W127/><REACH who="3" step="1"/><G86/><AGARI ba="1,0" hai="17,23,25,55,58,61,80,83,86,91,94" m="3143" machi="86" ten="30,1500,0" yaku="8,1" doraHai="33" who="0" fromWho="3" sc="370,18,250,0,250,0,130,-18" /><INIT seed="0,2,0,3,3,128" ten="388,250,250,112" oya="0" hai0="12,32,10,85,15,82,132,3,7,35,76,54,103" hai1="43,135,19,61,116,2,33,81,0,105,50,31,46" hai2="17,129,97,124,94,125,36,90,22,108,86,51,66" hai3="93,60,117,115,49,57,87,69,75,56,99,80,40"/><T95/><D132/><U92/><E116/><V73/><F36/><W37/><G75/><T44/><D35/><U77/><E105/><V122/><F73/><W45/><G117/><T106/><D32/><U59/><E92/><V119/><F119/><W8/><G115/><T1/><D106/><U34/><E135/><V131/><F66/><W83/><G37/><T28/><D28/><U14/><E31/><V72/><F72/><W68/><G57/><T9/><D54/><U130/><E33/><V11/><F11/><W24/><G24/><T126/><D126/><N who="2" m="48746" /><F122/><W25/><G25/><T102/><D44/><U65/><E34/><V112/><F112/><W100/><G80/><T123/><D123/><U16/><E19/><V114/><F114/><W74/><G8/><T133/><D133/><U118/><E130/><V107/><F108/><W41/><G41/><T104/><D104/><U91/><E118/><V29/><F29/><W113/><G74/><T21/><D21/><U62/><E0/><V88/><F17/><W109/><G109/><T67/><D67/><U47/><E2/><V70/><F22/><W134/><G113/><T79/><D1/><U121/><E121/><V4/><F107/><W13/><G134/><T110/><D3/><U39/><E65/><V30/><F30/><W42/><G42/><T78/><D110/><U89/><E43/><V5/><F70/><W58/><G13/><T6/><D95/><U127/><E39/><V52/><F131/><W18/><G40/><T96/><D96/><U64/><E127/><V26/><F129/><W111/><G111/><RYUUKYOKU ba="2,0" sc="388,30,250,-10,250,-10,112,-10" hai0="6,7,9,10,12,15,76,78,79,82,85,102,103" /><INIT seed="0,3,0,4,5,118" ten="418,240,240,102" oya="0" hai0="98,5,133,94,56,108,117,53,81,24,75,134,33" hai1="128,99,31,89,42,4,9,35,18,44,0,38,126" hai2="90,79,123,135,30,86,100,69,127,77,57,36,6" hai3="61,121,74,40,96,80,7,92,71,102,95,84,13"/><T129/><D117/><U8/><E126/><V58/><F69/><W55/><G71/><T37/><D37/><U29/><E128/><V12/><F36/><W16/><G40/><T112/><D112/><U49/><E38/><V59/><F127/><W20/><G7/><T109/><D5/><U107/><E35/><V32/><F100/><W125/><G74/><T34/><D129/><U88/><E107/><V105/><F105/><W39/><G39/><T22/><D81/><U10/><E0/><V87/><F135/><N who="0" m="51722" /><D22/><U60/><E4/><V66/><F66/><W48/><G61/><N who="0" m="35983" /><D75/><U78/><E78/><V17/><F6/><W73/><G73/><T97/><D24/><U119/><E119/><V116/><F116/><W45/><G125/><T27/><D27/><U115/><E115/><V15/><F32/><W47/><G121/><T43/><D43/><U67/><E18/><V103/><F123/><W70/><G70/><T85/><D85/><U93/><REACH who="1" step="1"/><E89/><REACH who="1" ten="418,230,240,102" step="2"/><V106/><F90/><W28/><G28/><T68/><D33/><U76/><E76/><V41/><F30/><W26/><G92/><T64/><D94/><U132/><E132/><V62/><F79/><W11/><G95/><T65/><D34/><U52/><E52/><V131/><F131/><W54/><G54/><T101/><D101/><U3/><E3/><V120/><F103/><W104/><G104/><T122/><D65/><U51/><E51/><V82/><F106/><W113/><G102/><T110/><D64/><U25/><E25/><V114/><F114/><W91/><G113/><T63/><D63/><RYUUKYOKU ba="3,1" sc="418,-10,230,30,240,-10,102,-10" hai1="8,9,10,29,31,42,44,49,60,67,88,93,99" /><INIT seed="1,4,1,3,4,6" ten="408,260,230,92" oya="1" hai0="5,48,12,65,57,7,123,120,79,28,50,33,47" hai1="75,3,92,84,99,106,51,35,64,58,76,95,36" hai2="16,111,27,93,98,44,86,32,53,72,11,109,37" hai3="15,114,90,105,132,135,14,89,129,110,42,87,130"/><U59/><E36/><V124/><F72/><W69/><G69/><T45/><D28/><U68/><E35/><V13/><F124/><W39/><G39/><T38/><D33/><U116/><E116/><V96/><F27/><W70/><G70/><T17/><D79/><U34/><E34/><V71/><F32/><W56/><G42/><T133/><D133/><N who="3" m="51273" /><G56/><T118/><D118/><U80/><E3/><V128/><F71/><W30/><G30/><T77/><D77/><U52/><E68/><V85/><F96/><W107/><G114/><T122/><D38/><U73/><E106/><N who="3" m="40458" /><G87/><T100/><D65/><U60/><E95/><V41/><F53/><W23/><G23/><T2/><D57/><U67/><E64/><V88/><F128/><N who="3" m="49259" /><G110/><AGARI ba="4,1" hai="11,13,16,37,41,44,85,86,88,93,98,109,110,111" machi="110" ten="40,8000,1" yaku="14,1,52,1,54,2" doraHai="6" who="2" fromWho="3" sc="408,0,260,0,230,102,92,-92" /><INIT seed="2,0,0,1,0,104" ten="408,260,332,0" oya="2" hai0="118,13,97,122,129,88,87,30,126,66,120,123,90" hai1="40,92,25,24,82,85,71,112,124,5,69,78,81" hai2="11,31,3,37,70,39,113,64,60,91,19,50,41" hai3="86,77,108,101,63,73,105,56,115,94,131,127,74"/><V106/><F106/><W100/><G56/><T109/><D30/><U44/><E112/><V49/><F113/><W84/><G63/><T95/><D66/><U107/><E107/><V6/><F31/><W58/><G58/><T89/><D13/><U134/><E124/><V68/><F68/><W35/><G35/><T114/><D114/><U59/><E134/><V32/><F32/><W79/><G115/><T21/><D21/><U117/><E117/><V110/><F110/><W22/><G22/><T128/><D109/><U53/><E92/><V61/><F61/><W135/><G108/><T18/><D18/><U12/><E81/><V47/><F91/><N who="0" m="34890" /><D126/><U52/><E69/><V130/><F130/><N who="0" m="50282" /><D118/><U45/><E71/><V75/><F39/><W10/><G131/><T38/><D38/><U98/><E98/><AGARI ba="0,0" hai="87,90,95,97,98,120,122,123" m="50282,34890" machi="98" ten="40,8000,1" yaku="19,1,34,2,54,1" doraHai="104" who="0" fromWho="1" sc="408,80,260,-80,332,0,0,0" /><INIT seed="3,0,0,3,0,123" ten="488,180,332,0" oya="3" hai0="48,113,73,100,114,79,11,122,63,28,64,20,119" hai1="30,15,39,67,109,134,0,50,115,29,116,96,112" hai2="22,92,5,93,40,127,97,81,131,118,68,19,13" hai3="38,130,83,18,37,25,42,57,54,23,85,10,8"/><W16/><G130/><T72/><D122/><U110/><E39/><V117/><F68/><W88/><G42/><T129/><D119/><U34/><E67/><V59/><F131/><W56/><G37/><T128/><D100/><U103/><E50/><V125/><F40/><W58/><G38/><T66/><D28/><N who="1" m="10859" /><E96/><V44/><F5/><W32/><G32/><T45/><D11/><N who="3" m="4137" /><G18/><T94/><D20/><U17/><E103/><V76/><F44/><W52/><AGARI ba="0,0" hai="16,23,25,52,54,56,57,58,83,85,88" m="4137" machi="52" ten="30,11700,0" yaku="8,1,54,3" doraHai="123" who="3" fromWho="3" sc="488,-39,180,-39,332,-39,0,117" /><INIT seed="3,1,0,1,3,22" ten="449,141,293,117" oya="3" hai0="0,42,101,123,45,41,109,78,115,55,129,99,81" hai1="57,2,80,34,120,133,67,7,68,127,131,9,106" hai2="125,29,89,108,93,112,63,48,51,49,119,134,88" hai3="14,72,19,61,64,82,76,21,35,85,24,32,122"/><W124/><G122/><T130/><D123/><U28/><E80/><V16/><F119/><W39/><G39/><T12/><D0/><U46/><E57/><V104/><F104/><W53/><G124/><T116/><D116/><U84/><E84/><V44/><F125/><W96/><G53/><T73/><D109/><U52/><E127/><V40/><F108/><W3/><G3/><T118/><D118/><U50/><E120/><V4/><F4/><W102/><G72/><T126/><D126/><U65/><E131/><V25/><F134/><W58/><REACH who="3" step="1"/><G14/><REACH who="3" ten="449,141,293,107" step="2"/><T43/><D12/><U27/><E133/><V105/><F112/><W71/><G71/><T56/><D115/><U31/><E68/><V70/><F70/><W75/><G75/><T97/><D130/><U38/><E38/><V83/><F63/><W36/><G36/><T111/><D129/><U60/><E60/><V30/><F105/><AGARI ba="1,1" hai="19,21,24,32,35,58,61,64,76,82,85,96,102,105" machi="105" ten="30,5800,0" yaku="1,1,7,1,52,1,53,0" doraHai="22" doraHaiUra="69" who="3" fromWho="2" sc="449,0,141,0,293,-61,107,71" /><INIT seed="3,2,0,1,3,68" ten="449,141,232,178" oya="3" hai0="63,70,132,24,47,59,91,95,90,3,80,31,78" hai1="30,29,101,128,119,35,23,121,10,82,116,53,62" hai2="103,14,65,18,37,110,126,36,2,123,43,118,94" hai3="127,57,52,56,135,28,120,129,42,102,40,19,115"/><W134/><G28/><T21/><D132/><N who="3" m="50729" /><G120/><T74/><D3/><U107/><E121/><V131/><F2/><W50/><G115/><T108/><D108/><U48/><E35/><V99/><F118/><W60/><G102/><T98/><D70/><U114/><E114/><V15/><F110/><W39/><G19/><T44/><D90/><U86/><E62/><V22/><F123/><W32/><G32/><T67/><AGARI ba="2,0" hai="21,24,31,44,47,59,63,67,74,78,80,91,95,98" machi="67" ten="20,1500,0" yaku="0,1,7,1" doraHai="68" who="0" fromWho="0" sc="449,21,141,-6,232,-6,178,-9" /><INIT seed="4,0,0,5,0,59" ten="470,135,226,169" oya="0" hai0="73,12,81,13,67,116,50,9,87,117,55,89,1" hai1="118,3,47,114,22,74,78,5,80,98,53,119,130" hai2="72,131,8,44,128,21,57,24,127,30,90,108,66" hai3="17,76,125,96,129,42,63,0,99,34,58,105,35"/><T88/><D1/><U28/><E130/><N who="2" m="49707" /><F72/><W40/><G129/><T2/><D2/><U85/><E114/><V68/><F68/><W70/><G70/><T101/><D101/><U33/><E22/><V15/><F108/><W134/><G0/><T104/><D104/><U10/><E98/><V38/><F90/><W20/><G134/><T69/><D73/><U120/><E120/><V61/><F127/><W132/><G132/><T41/><D41/><U124/><E85/><V84/><F84/><W123/><G125/><T95/><D13/><U25/><E124/><V62/><F44/><W23/><G76/><T113/><D113/><U109/><E109/><V83/><F83/><W135/><G135/><T14/><D14/><U122/><E122/><V110/><F38/><W27/><G123/><T48/><D48/><U64/><E64/><V29/><F29/><W7/><G7/><T56/><D67/><U60/><E53/><V100/><F100/><W126/><G126/><T71/><D117/><U65/><REACH who="1" step="1"/><E47/><REACH who="1" ten="470,125,226,169" step="2"/><V86/><F86/><W11/><G23/><T32/><D116/><U46/><E46/><V93/><F110/><W43/><G96/><T19/><D32/><U18/><E18/><N who="2" m="8551" /><F93/><W102/><REACH who="3" step="1"/><G11/><REACH who="3" ten="470,125,226,159" step="2"/><T52/><D9/><U133/><E133/><V107/><F107/><W36/><G36/><T103/><D103/><U6/><E6/><V49/><F66/><AGARI ba="0,2" hai="17,20,27,34,35,40,42,43,58,63,66,99,102,105" machi="66" ten="40,2600,0" yaku="1,1,52,1,53,0" doraHai="59" doraHaiUra="121" who="3" fromWho="2" sc="470,0,125,0,226,-26,159,46" /><INIT seed="5,0,0,5,4,64" ten="470,125,200,205" oya="1" hai0="132,12,57,70,28,44,127,94,52,7,107,82,112" hai1="3,62,29,56,36,25,8,114,128,75,72,66,113" hai2="131,103,42,86,67,14,60,47,125,87,49,111,119" hai3="26,116,16,92,46,31,21,9,78,122,96,130,54"/><U124/><E36/><V61/><F119/><W35/><G122/><T27/><D107/><U30/><E30/><V10/><F111/><W102/><G130/><T19/><D132/><U91/><E91/><V98/><F131/><W11/><G116/><T32/><D127/><U133/><E128/><V5/><F125/><W50/><REACH who="3" step="1"/><G78/><REACH who="3" ten="470,125,200,195" step="2"/><T134/><D134/><U18/><E133/><V15/><F15/><AGARI ba="0,1" hai="9,11,15,16,21,26,31,35,46,50,54,92,96,102" machi="15" ten="30,7700,0" yaku="1,1,2,1,7,1,54,1,53,0" doraHai="64" doraHaiUra="68" who="3" fromWho="2" sc="470,0,125,0,200,-77,195,87" /><INIT seed="6,0,0,4,3,76" ten="470,125,123,282" oya="2" hai0="47,130,75,5,54,69,25,117,110,78,116,109,6" hai1="45,14,63,57,129,118,1,128,73,65,84,42,127" hai2="102,72,17,9,26,120,101,58,50,29,133,3,108" hai3="66,123,39,51,103,70,132,21,60,131,71,99,104"/><V52/><F120/><W24/><G123/><T100/><D69/><U107/><E118/><N who="0" m="45673" /><D100/><U48/><E107/><V37/><F108/><W77/><G131/><T112/><D130/><U44/><E73/><V33/><F133/><W122/><G122/><T87/><D25/><U79/><E1/><V13/><F37/><W10/><G132/><T85/><D112/><U114/><E114/><V32/><F32/><W27/><G39/><T35/><D35/><U43/><E14/><V135/><F135/><W2/><G51/><N who="0" m="29055" /><D5/><U59/><E79/><V67/><F72/><W15/><G2/><T30/><D30/><U86/><E129/><V111/><F111/><W89/><G89/><T16/><D6/><U49/><E128/><V55/><F67/><W34/><G77/><T96/><D96/><U20/><E20/><V134/><F134/><W8/><G71/><T92/><D92/><U125/><E84/><V40/><F40/><W31/><G15/><T36/><D36/><U23/><E23/><V62/><REACH who="2" step="1"/><F3/><REACH who="2" ten="470,125,113,282" step="2"/><W38/><REACH who="3" step="1"/><G38/><REACH who="3" ten="470,125,113,272" step="2"/><T0/><D0/><U64/><REACH who="1" step="1"/><E86/><REACH who="1" ten="470,115,113,272" step="2"/><V46/><AGARI ba="0,3" hai="9,13,17,26,29,33,46,50,52,55,58,62,101,102" machi="46" ten="20,12000,1" yaku="1,1,2,1,0,1,7,1,54,1,53,0" doraHai="76" doraHaiUra="81" who="2" fromWho="2" sc="470,-40,115,-40,113,150,272,-40" /><INIT seed="6,1,0,4,1,115" ten="430,75,263,232" oya="2" hai0="2,135,68,53,77,114,60,14,124,104,25,112,66" hai1="121,39,58,75,62,19,130,116,43,78,11,100,120" hai2="70,32,81,129,57,49,1,94,98,7,132,106,64" hai3="92,12,27,125,86,54,119,51,131,95,72,9,48"/><V16/><F32/><W59/><G72/><T126/><D2/><U105/><E39/><V109/><F109/><W127/><G131/><T21/><D104/><U69/><E43/><V24/><F129/><W10/><G27/><T117/><D77/><U88/><E69/><V37/><F37/><W110/><G110/><T65/><D14/><U63/><E130/><V84/><F106/><W0/><G0/><T52/><D135/><U56/><E100/><V99/><F132/><W31/><G31/><T6/><D6/><U134/><E78/><N who="2" m="46135" /><F70/><W35/><G35/><T96/><D96/><U113/><E75/><V41/><F7/><W122/><G122/><T44/><D66/><U118/><E105/><V76/><F1/><W30/><G30/><T97/><D97/><N who="2" m="36874" /><F94/><W46/><G12/><T8/><D8/><U87/><E134/><V4/><F4/><W18/><G18/><T17/><D44/><U108/><E19/><V89/><F89/><W103/><G46/><T3/><D3/><U133/><E11/><V36/><F76/><W47/><G47/><T85/><D85/><U13/><E13/><V29/><F36/><W79/><G86/><T55/><D117/><N who="1" m="45163" /><E108/><V101/><F101/><W80/><G119/><T28/><D17/><U50/><E133/><V33/><F16/><W22/><G103/><T38/><D38/><U67/><E50/><V83/><F41/><W111/><G48/><T91/><D91/><U128/><E128/><V15/><F15/><W102/><G102/><T34/><D21/><U107/><E107/><V61/><F49/><W82/><G22/><RYUUKYOKU ba="1,0" sc="430,15,75,-15,263,15,232,-15" hai0="25,28,34,52,53,55,60,65,68,112,114,124,126" hai2="24,29,33,57,61,64,83" /><INIT seed="6,2,0,2,5,118" ten="445,60,278,217" oya="2" hai0="114,17,57,40,55,26,125,49,93,110,116,112,121" hai1="30,22,36,5,64,4,132,19,120,85,115,9,96" hai2="69,31,74,66,88,79,87,34,130,23,25,99,29" hai3="67,117,111,123,61,102,128,78,13,53,124,72,94"/><V90/><F130/><W8/><G117/><T82/><D116/><U103/><E36/><V3/><F3/><W100/><G111/><T16/><D110/><U71/><E132/><V54/><F74/><W133/><G128/><T98/><D125/><U2/><E115/><N who="0" m="44073" /><D26/><U81/><E4/><V95/><F79/><W21/><G124/><T52/><D82/><U24/><E64/><V62/><F54/><W12/><G133/><T58/><D40/><U77/><E71/><V38/><F38/><W83/><G53/><T105/><D121/><U7/><E7/><V122/><F122/><W109/><G123/><T56/><D105/><U134/><E134/><V89/><F89/><W76/><G109/><T131/><D131/><U129/><E129/><V108/><F108/><W60/><G78/><T107/><D107/><U70/><E70/><V97/><F97/><W127/><G127/><T50/><D58/><U92/><E120/><V18/><REACH who="2" step="1"/><F34/><REACH who="2" ten="445,60,268,217" step="2"/><W42/><G72/><T51/><D51/><U75/><E75/><V37/><F37/><W35/><G35/><T63/><D49/><U101/><E101/><AGARI ba="2,1" hai="16,17,50,52,55,56,57,63,93,98,101" m="44073" machi="101" ten="30,3900,0" yaku="15,1,54,2" doraHai="118" who="0" fromWho="1" sc="445,55,60,-45,268,0,217,0" /><INIT seed="7,0,0,1,0,33" ten="500,15,268,217" oya="3" hai0="26,116,36,111,14,51,70,108,104,120,71,76,61" hai1="30,38,47,16,22,35,57,131,40,83,18,85,92" hai2="74,10,118,123,128,93,109,32,44,20,133,48,75" hai3="103,119,62,56,15,42,126,127,21,11,132,97,46"/><W0/><G119/><T28/><D36/><U66/><E131/><V121/><F20/><W23/><G132/><T31/><D104/><U1/><E92/><V96/><F32/><W105/><G15/><T6/><D120/><N who="2" m="46154" /><F118/><W99/><G99/><T125/><D76/><U135/><E135/><V90/><F133/><W64/><G11/><T82/><D82/><U134/><E134/><V67/><F128/><W112/><G112/><T101/><D101/><U91/><E35/><V68/><F109/><W79/><G79/><T98/><D98/><U5/><E66/><V52/><F10/><W58/><G58/><T88/><D14/><U69/><E69/><V65/><F68/><W45/><G0/><T55/><D71/><U122/><E57/><V77/><F75/><W50/><REACH who="3" step="1"/><G45/><REACH who="3" ten="500,15,268,207" step="2"/><T34/><D116/><U129/><E122/><V9/><F9/><W73/><G73/><T60/><D111/><U19/><E129/><V81/><AGARI ba="0,1" hai="44,48,52,65,67,74,77,81,90,93,96" m="46154" machi="81" ten="30,2000,0" yaku="13,1,54,1" doraHai="33" who="2" fromWho="2" sc="500,-5,15,-5,268,30,207,-10" owari="495,59.0,10,-49.0,298,10.0,197,-20.0" /></mjloggm>