<mjloggm ver="2.3"><GO type="41"/><UN n0="%E6%A3%AE%E6%B0%B8%E3%81%8A%E3%82%93%E3%81%98" n1="%E3%82%BC%E3%83%AD%E3%81%AE%E3%83%AB%E3%82%A4%E3%82%BA" n2="%EF%BC%88%E2%89%A7%E2%96%BD%E2%89%A6%EF%BC%89" n3="%E3%83%A9%E3%83%83%E3%82%AF%E3%82%89%E3%81%8F%E2%99%AA" dan="14,15,15,14" rate="1911,2005,2046,1937" sx="M,F,M,F"/><TAIKYOKU oya="0"/><INIT seed="0,0,0,5,3,71" ten="250,250,250,250" oya="0" hai0="67,35,19,88,116,42,48,132,13,16,1,17,95" hai1="133,66,80,62,134,3,44,87,100,23,63,90,126" hai2="81,106,7,128,36,83,89,103,98,6,14,40,28" hai3="109,77,76,120,97,30,91,96,24,29,129,79,74"/><T50/><D116/><U52/><E3/><V121/><F121/><W127/><G74/><T9/><D35/><U4/><E4/><V53/><F128/><W60/><G129/><T113/><D1/><U31/><E100/><V135/><F135/><N who="1" m="51721" /><E126/><V85/><F28/><W92/><G127/><T39/><D113/><U115/><E115/><V94/><F53/><W61/><G120/><T43/><D67/><U99/><E99/><V18/><F83/><W130/><G130/><T131/><D131/><U112/><E112/><V32/><F32/><W118/><G118/><T57/><D132/><U72/><E72/><V104/><F104/><W46/><G109/><T58/><D39/><U27/><E66/><V86/><F40/><N who="0" m="15402" /><D48/><AGARI ba="0,0" hai="23,27,31,44,48,52,62,63,80,87,90" m="51721" machi="48" ten="30,2000,0" yaku="20,1,54,1" doraHai="71" who="1" fromWho="0" sc="250,-20,250,20,250,0,250,0" /><INIT seed="1,0,0,2,4,55" ten="230,270,250,250" oya="1" hai0="13,135,104,23,45,97,19,90,124,127,53,82,17" hai1="38,96,102,70,107,36,133,106,120,115,56,88,110" hai2="65,121,57,11,87,85,3,46,27,101,1,134,14" hai3="99,9,123,32,44,113,40,29,66,130,63,78,59"/><U112/><E70/><V52/><F121/><W42/><G123/><T119/><D119/><U72/><E120/><V100/><F134/><W68/><G113/><T22/><D135/><U18/><E72/><V117/><F117/><W132/><G132/><T69/><D69/><U109/><E107/><V5/><F1/><W60/><G78/><T76/><D104/><U10/><E133/><V94/><F3/><W24/><G130/><T81/><D76/><U64/><E38/><V8/><F8/><W58/><G9/><T49/><D97/><U114/><E36/><V0/><F0/><W98/><G68/><T67/><D67/><U43/><E43/><V84/><F27/><W4/><G4/><T25/><D90/><U128/><E128/><V7/><F7/><W34/><G44/><T20/><D23/><U116/><E116/><V33/><F33/><W86/><G86/><T79/><D79/><U92/><E10/><V21/><F21/><W105/><G105/><T2/><REACH who="0" step="1"/><D2/><REACH who="0" step="2"/><U51/><E106/><V83/><F83/><AGARI ba="0,1" hai="13,17,19,20,22,25,45,49,53,81,82,83,124,127" machi="83" ten="40,2600,0" yaku="1,1,2,1,53,0" doraHai="55" doraHaiUra="89" who="0" fromWho="2" sc="220,36,270,0,250,-26,250,0" /><INIT seed="2,0,0,2,5,2" ten="256,270,224,250" oya="2" hai0="29,117,66,108,76,126,88,116,32,129,55,107,15" hai1="109,51,56,90,45,131,38,93,79,37,75,19,102" hai2="60,47,70,12,72,65,133,11,23,97,132,100,111" hai3="22,105,71,5,98,25,52,125,13,33,68,7,62"/><V40/><F23/><W57/><G33/><T119/><D107/><U41/><E109/><V31/><F31/><W59/><G71/><T110/><D76/><U124/><E102/><V103/><F72/><W1/><G1/><T35/><D66/><U18/><E131/><V86/><F86/><W69/><G69/><T28/><D129/><U83/><E124/><V95/><F103/><W21/><G68/><T91/><D126/><U46/><E56/><V101/><F101/><W122/><G122/><T39/><D39/><U113/><E37/><V112/><F112/><W43/><G43/><T99/><D15/><U27/><E27/><V36/><REACH who="2" step="1"/><F111/><REACH who="2" step="2"/><N who="0" m="42538" /><D99/><U89/><E113/><V48/><F48/><N who="3" m="30855" /><G125/><T3/><D3/><U77/><E38/><V16/><AGARI ba="0,1" hai="11,12,16,36,40,47,60,65,70,95,97,100,132,133" machi="16" ten="30,11700,0" yaku="1,1,0,1,54,1,53,1" doraHai="2" doraHaiUra="96" who="2" fromWho="2" sc="256,-39,270,-39,214,127,250,-39" /><INIT seed="2,1,0,3,0,74" ten="217,231,341,211" oya="2" hai0="75,69,97,7,40,99,51,70,49,79,9,100,76" hai1="5,22,130,34,82,15,39,87,91,57,108,45,73" hai2="17,23,81,102,66,2,118,109,13,20,64,55,53" hai3="26,78,106,133,114,83,124,3,11,12,42,16,129"/><V112/><F2/><W80/><G106/><T113/><D113/><U50/><E34/><V25/><F112/><W86/><G114/><T46/><D75/><U125/><E108/><V1/><F1/><W30/><G3/><T90/><D90/><U122/><E122/><V67/><F118/><W128/><G133/><T35/><D35/><U54/><E130/><N who="3" m="50282" /><G42/><T6/><D100/><U117/><E117/><V44/><F109/><W98/><G98/><N who="0" m="37387" /><D9/><U58/><E39/><V93/><F102/><W111/><G111/><T119/><D46/><U134/><E134/><V36/><F93/><W21/><G83/><T4/><D40/><U104/><E104/><V72/><F36/><W132/><G132/><T126/><D126/><AGARI ba="1,0" hai="11,12,16,21,26,30,78,80,86,124,126" m="50282" machi="126" ten="30,3900,0" yaku="19,1,52,1,54,1" doraHai="74" who="3" fromWho="0" sc="217,-42,231,0,341,0,211,42" /><INIT seed="3,0,0,3,1,69" ten="175,231,341,253" oya="3" hai0="133,95,39,101,48,87,45,116,100,103,16,108,97" hai1="73,70,63,17,14,8,84,127,11,41,49,42,50" hai2="43,56,117,38,112,32,60,25,106,75,134,88,57" hai3="21,33,51,126,104,76,113,28,110,72,0,102,85"/><W105/><G0/><T20/><D108/><U123/><E73/><V129/><F117/><W79/><G33/><T118/><D133/><U12/><E123/><V107/><F112/><W61/><G113/><T54/><D39/><U83/><E127/><V89/><F75/><W77/><G72/><T18/><D118/><U99/><E99/><V114/><F114/><W135/><G135/><T55/><D116/><U92/><E92/><V94/><F134/><W119/><G119/><T37/><D37/><U130/><E130/><V46/><F129/><W81/><G126/><T10/><D55/><U64/><E42/><V53/><F57/><W65/><G51/><T3/><D3/><U58/><E41/><V15/><F15/><W27/><G110/><T44/><D44/><U109/><E70/><V34/><F89/><W125/><G125/><T67/><D67/><U1/><E1/><V2/><F2/><W74/><G74/><T59/><D45/><U121/><E109/><V122/><F122/><W23/><G23/><T132/><D132/><U82/><E82/><V4/><F4/><W31/><G31/><T111/><D87/><U9/><E9/><V35/><REACH who="2" step="1"/><F25/><REACH who="2" step="2"/><W124/><G124/><T36/><D111/><U24/><E24/><V30/><F30/><W93/><G105/><T7/><D7/><N who="1" m="3103" /><E121/><V96/><AGARI ba="0,1" hai="32,34,35,38,43,46,53,56,60,88,94,96,106,107" machi="96" ten="30,7900,0" yaku="1,1,0,1,52,1,54,1,53,0" doraHai="69" doraHaiUra="62" who="2" fromWho="2" sc="175,-20,231,-20,331,89,253,-39" /><INIT seed="4,0,0,0,0,18" ten="155,211,420,214" oya="0" hai0="14,41,114,100,89,32,56,122,88,81,48,60,52" hai1="116,120,86,115,123,70,73,80,113,76,30,47,125" hai2="106,83,134,69,131,22,91,78,72,128,39,11,50" hai3="92,38,101,13,12,36,105,109,96,33,82,7,20"/><T121/><D32/><U10/><E70/><V46/><F69/><W124/><G33/><T1/><D1/><U45/><E30/><V90/><F106/><W0/><G109/><T29/><D114/><N who="1" m="43531" /><E10/><V111/><F111/><W63/><G105/><T97/><D29/><U51/><E116/><V62/><F39/><W44/><G38/><T118/><D118/><U112/><E112/><V25/><F62/><W17/><G0/><T19/><D81/><N who="1" m="45199" /><E125/><V99/><F11/><W119/><G119/><T40/><D122/><N who="1" m="46635" /><E51/><V43/><F50/><W15/><G124/><T65/><D121/><U27/><E27/><V79/><F25/><W6/><G82/><T53/><D53/><U133/><E133/><V2/><F83/><W66/><G44/><T26/><D26/><U93/><E93/><V130/><F46/><W23/><G36/><T68/><D40/><U104/><E104/><V108/><F43/><W55/><G55/><T117/><D117/><U102/><E102/><V58/><F134/><W5/><G17/><T85/><D41/><U127/><E127/><V57/><F131/><W8/><REACH who="3" step="1"/><G8/><REACH who="3" step="2"/><T94/><D85/><U34/><E34/><V107/><F130/><W28/><G28/><T129/><D129/><U132/><E132/><V103/><F128/><W98/><G98/><T74/><D74/><U84/><E84/><V54/><F99/><W37/><G37/><T16/><D19/><U126/><E126/><V4/><F72/><W75/><G75/><T135/><D135/><U71/><E71/><AGARI ba="0,1" hai="5,6,7,12,13,15,20,23,63,66,71,92,96,101" machi="71" ten="40,5200,0" yaku="1,1,52,2,53,0" doraHai="18" doraHaiUra="24" who="3" fromWho="1" sc="155,0,211,-52,420,0,204,62" /><INIT seed="5,0,0,0,5,2" ten="155,159,420,266" oya="1" hai0="81,105,19,29,34,91,71,103,12,94,117,72,4" hai1="46,126,73,24,68,116,48,13,20,125,113,37,63" hai2="80,78,53,131,75,122,82,107,6,52,33,58,40" hai3="109,67,129,36,127,42,89,124,65,38,85,98,41"/><U102/><E73/><V95/><F122/><W92/><G85/><T135/><D117/><U26/><E116/><V115/><F107/><W99/><G92/><T121/><D135/><U23/><E37/><N who="3" m="14442" /><G109/><T118/><D118/><U51/><E102/><V35/><F131/><W30/><G30/><T104/><D121/><U21/><E113/><V27/><F115/><W66/><G89/><T3/><D71/><U86/><E86/><V28/><F40/><N who="3" m="15467" /><G129/><T18/><D103/><U62/><E68/><V108/><F108/><W45/><G45/><T96/><D19/><U16/><E13/><V39/><F95/><W50/><G50/><N who="1" m="18986" /><E46/><V70/><F80/><W97/><AGARI ba="0,0" hai="65,66,67,97,98,99,124,127" m="15467,14442" machi="97" ten="40,2700,0" yaku="28,2" doraHai="2" who="3" fromWho="3" sc="155,-7,159,-13,420,-7,266,27" /><INIT seed="6,0,0,0,5,131" ten="148,146,413,293" oya="2" hai0="36,100,123,102,77,52,99,3,112,25,124,95,110" hai1="97,62,116,66,94,55,49,0,122,22,5,117,84" hai2="75,133,14,79,43,92,27,34,108,70,111,42,105" hai3="90,38,47,17,60,59,103,129,20,83,21,45,126"/><V32/><F105/><W107/><G129/><T35/><D110/><N who="2" m="42026" /><F70/><W120/><G120/><T68/><D112/><U18/><E122/><V89/><F14/><W67/><G38/><T74/><D124/><U71/><E84/><V104/><F104/><W109/><G126/><T134/><D134/><U15/><E5/><V88/><F133/><W61/><G107/><T26/><D123/><U40/><E40/><N who="2" m="15403" /><F27/><W127/><G127/><T115/><D115/><U86/><E86/><N who="2" m="52247" /><F89/><W10/><G103/><T76/><D68/><U93/><E93/><V11/><F11/><W46/><G109/><T39/><D3/><U128/><E0/><V72/><F72/><W1/><G1/><T69/><D69/><U16/><E128/><V23/><F23/><W24/><G21/><T6/><D74/><U98/><E94/><V41/><F41/><W4/><G10/><T114/><D114/><U132/><E132/><V28/><F28/><W64/><G4/><T121/><D121/><U96/><REACH who="1" step="1"/><E18/><REACH who="1" step="2"/><V65/><F75/><W44/><N who="3" m="11264" /><DORA hai="119" /><W7/><G7/><T53/><D95/><U80/><E80/><V13/><F79/><W50/><G90/><T113/><D113/><U130/><E130/><V118/><F118/><W91/><G91/><T125/><D125/><U78/><E78/><V51/><F34/><W57/><G83/><T101/><D6/><U8/><E8/><V135/><F32/><W106/><G106/><T37/><D35/><U58/><AGARI ba="0,1" hai="15,16,22,49,55,58,62,66,71,96,97,98,116,117" machi="58" ten="30,4000,0" yaku="1,1,0,1,54,1,53,0" doraHai="131,119" doraHaiUra="31,87" who="1" fromWho="1" sc="148,-10,136,50,413,-20,293,-10" /><INIT seed="7,0,0,5,4,119" ten="138,186,393,283" oya="3" hai0="120,30,37,65,101,128,79,129,22,85,59,10,99" hai1="98,124,60,19,92,0,47,25,66,88,16,121,108" hai2="70,13,71,77,80,33,96,49,56,69,132,126,23" hai3="9,95,105,109,84,93,3,17,32,48,134,4,103"/><W41/><G32/><T14/><D37/><U91/><E0/><V31/><F33/><W29/><G29/><T130/><D79/><U78/><E78/><V100/><F132/><W131/><G105/><T107/><D85/><U53/><E108/><V20/><F126/><W135/><G109/><T67/><D59/><U102/><E124/><V115/><F115/><W112/><G112/><T87/><D87/><U116/><E116/><V127/><F127/><W1/><G1/><T38/><D38/><U86/><E121/><V36/><F36/><W21/><G131/><T2/><D2/><U122/><E122/><V52/><F13/><W35/><G35/><T55/><D55/><U82/><E91/><V28/><F28/><W57/><G103/><T7/><D120/><U90/><E90/><V117/><F117/><W76/><G41/><T123/><D123/><U63/><E63/><V64/><F64/><W45/><G45/><T27/><D67/><U5/><E5/><V26/><F20/><W8/><G8/><T72/><D65/><U133/><E133/><N who="3" m="50698" /><G84/><T118/><REACH who="0" step="1"/><D118/><REACH who="0" step="2"/><U40/><E53/><N who="2" m="31791" /><F100/><W68/><G76/><T81/><D81/><U106/><E106/><V83/><F31/><W39/><G39/><T104/><D104/><U125/><E125/><V42/><F23/><W54/><G68/><T114/><D114/><U44/><E25/><AGARI ba="0,1" hai="3,4,9,17,21,25,48,54,57,93,95" m="50698" machi="25" ten="30,1500,0" yaku="20,1" doraHai="119" who="3" fromWho="1" sc="128,0,186,-15,393,0,283,25" /><INIT seed="7,1,0,3,4,100" ten="128,171,393,308" oya="3" hai0="20,112,91,105,132,64,46,103,54,63,38,27,45" hai1="84,124,1,109,21,116,44,115,83,67,12,126,90" hai2="56,59,6,68,118,9,117,11,113,32,15,50,121" hai3="53,58,43,135,57,111,66,36,92,123,70,78,122"/><W104/><G78/><T108/><D108/><U102/><E1/><V120/><F68/><W51/><G92/><T26/><D132/><U93/><E109/><V13/><F32/><W96/><G111/><T125/><D125/><U41/><E67/><V25/><F25/><W73/><G73/><T31/><D38/><U89/><E102/><V5/><F50/><W76/><G76/><T106/><D103/><U85/><E115/><AGARI ba="1,0" hai="5,6,9,11,13,15,56,59,113,115,117,118,120,121" machi="115" ten="25,1600,0" yaku="22,2" doraHai="100" who="2" fromWho="1" sc="128,0,171,-19,393,19,308,0" owari="128,-37.0,152,-25.0,412,51.0,308,11.0" /></mjloggm>