<mjloggm ver="2.3"><GO type="169" lobby="0"/><UN n0="%EF%BC%BC%28%EF%BC%BE%6F%EF%BC%BE%29%EF%BC%8F%E2%98%85" n1="%EF%BC%88%E2%89%A7%E2%96%BD%E2%89%A6%EF%BC%89" n2="%E3%83%9F%E3%83%A9%E3%82%AF%E3%83%AB%E3%81%8A%E3%81%98%E3%81%95%E3%82%93" n3="%E3%82%82%E3%81%A3%E3%81%97%E3%83%BC" dan="18,17,17,17" rate="2214,2133,2152,2169" sx="M,M,M,M"/><TAIKYOKU oya="0"/><INIT seed="0,0,0,0,4,55" ten="250,250,250,250" oya="0" hai0="27,110,11,26,58,86,94,48,112,84,83,120,53" hai1="128,131,133,51,119,67,99,81,54,59,47,44,69" hai2="13,39,89,74,45,61,10,15,34,134,106,71,79" hai3="8,20,12,31,115,109,21,2,17,95,46,57,113"/><T100/><D112/><U116/><E99/><V43/><F34/><W24/><G46/><N who="1" m="17450" /><E133/><V25/><F106/><W72/><G72/><T37/><D120/><U40/><E40/><V76/><F134/><W70/><G70/><T102/><D37/><U3/><E81/><V42/><F43/><W82/><G82/><T6/><D110/><U50/><E50/><V63/><F25/><N who="0" m="9226" /><D94/><U90/><E90/><V65/><F74/><W5/><G95/><T4/><D86/><U135/><E3/><V87/><F63/><W64/><G109/><T66/><D66/><U93/><E93/><V122/><F122/><W33/><G21/><T88/><D11/><U130/><E135/><V78/><REACH who="2" step="1"/><F10/><REACH who="2" ten="250,250,240,250" step="2"/><W91/><G91/><T107/><D107/><U77/><E77/><V125/><F125/><W60/><AGARI ba="0,1" hai="2,5,8,12,17,20,24,31,33,57,60,64,113,115" machi="60" ten="30,7900,0" yaku="0,1,24,2,52,1" doraHai="55" who="3" fromWho="3" sc="250,-39,250,-20,240,-20,250,89" /><INIT seed="1,0,0,2,3,94" ten="211,230,220,339" oya="1" hai0="46,32,123,74,105,58,27,91,37,119,69,50,42" hai1="88,2,113,135,28,48,112,63,17,54,44,125,96" hai2="80,118,38,101,99,92,11,126,97,79,133,29,117" hai3="39,77,3,103,10,43,124,59,15,55,12,9,87"/><U16/><E2/><V65/><F38/><W33/><G33/><T4/><D74/><U129/><E129/><V34/><F65/><W72/><G72/><T51/><D69/><U127/><E135/><V36/><F36/><W47/><G124/><N who="1" m="47690" /><E28/><V100/><F126/><W130/><G130/><T8/><D119/><U108/><E63/><V75/><F133/><W90/><G77/><T13/><D123/><U20/><E108/><V62/><F62/><W120/><G120/><T14/><D105/><U64/><E64/><V35/><F11/><W61/><G103/><T83/><D13/><N who="1" m="9231" /><E17/><V52/><F35/><W89/><G3/><T31/><D58/><U116/><E116/><V85/><F29/><W128/><G128/><T25/><D25/><U21/><E21/><V82/><F34/><W45/><G12/><T110/><D110/><U122/><E122/><V115/><F115/><W22/><G22/><T76/><D27/><U70/><E70/><V60/><F60/><W106/><G9/><T67/><D67/><U73/><E73/><V71/><F71/><W24/><G24/><T6/><D31/><U107/><E107/><N who="2" m="63887" /><F52/><W18/><G106/><T53/><D32/><U26/><E26/><V40/><F40/><W114/><G114/><T131/><D131/><U81/><E81/><V5/><F5/><W23/><G10/><T56/><D6/><U0/><E0/><V93/><F93/><AGARI ba="0,0" hai="44,48,54,88,93,96,112,113" m="9231,47690" machi="93" ten="30,11600,0" yaku="18,1,52,1,54,2" doraHai="94" who="1" fromWho="2" sc="211,0,230,116,220,-116,339,0" /><INIT seed="1,1,0,0,1,51" ten="211,346,104,339" oya="1" hai0="106,101,38,39,5,133,110,61,31,54,120,80,23" hai1="4,19,30,66,96,102,65,25,90,88,87,67,86" hai2="126,15,56,112,118,79,2,13,1,121,18,103,17" hai3="60,3,117,33,89,35,26,132,73,93,44,75,77"/><U99/><E4/><V34/><F79/><W20/><G3/><N who="2" m="1033" /><F56/><W62/><G132/><T9/><D120/><U16/><E30/><V48/><F48/><W71/><G117/><T36/><D133/><U98/><E102/><V27/><F103/><W83/><G73/><T125/><D125/><U111/><E111/><V134/><F134/><W109/><G109/><T28/><D110/><U68/><E68/><V124/><F118/><W123/><G123/><T135/><D135/><U49/><E49/><V95/><F95/><W32/><G71/><T78/><D23/><N who="1" m="13543" /><E19/><N who="2" m="7179" /><F121/><W41/><G41/><T47/><D101/><U12/><E12/><N who="2" m="4683" /><F112/><W11/><G44/><T24/><D47/><U108/><E108/><V114/><F114/><W127/><G75/><T85/><D39/><U97/><E97/><V45/><F45/><W63/><G63/><T76/><D61/><U55/><E55/><V53/><F53/><W21/><G62/><T70/><D54/><U119/><E119/><V82/><F82/><W8/><G83/><T130/><D80/><N who="1" m="49255" /><E99/><V128/><F128/><W104/><G104/><T37/><D130/><U10/><E10/><V42/><F42/><W94/><G8/><T81/><D9/><U129/><E129/><V84/><F84/><W100/><G11/><T52/><D85/><U50/><E50/><V91/><F91/><W57/><G89/><T72/><D38/><U0/><E0/><V59/><F59/><W22/><G57/><T14/><D37/><U116/><E116/><V29/><AGARI ba="1,0" hai="27,29,34,124,126" m="4683,7179,1033" machi="29" ten="40,2700,0" yaku="34,2" doraHai="51" who="2" fromWho="2" sc="211,-8,346,-14,104,30,339,-8" /><INIT seed="2,0,0,1,2,35" ten="203,332,134,331" oya="2" hai0="88,134,71,2,73,77,0,18,78,109,93,118,43" hai1="86,65,106,41,22,33,11,85,99,96,40,7,113" hai2="76,31,23,34,45,111,59,68,75,133,128,129,26" hai3="64,17,122,4,72,119,79,100,28,27,116,24,103"/><V29/><F68/><W83/><G122/><T117/><D71/><U13/><E33/><V92/><F133/><W51/><G64/><T101/><D101/><U44/><E113/><V110/><F31/><W114/><G114/><T46/><D134/><U124/><E124/><V87/><F34/><W89/><G4/><T3/><D18/><U95/><E106/><V60/><F75/><W66/><G66/><T8/><D8/><U49/><E41/><V48/><F76/><W38/><G38/><N who="0" m="21879" /><D73/><U90/><E65/><N who="2" m="39071" /><F87/><W55/><G119/><N who="0" m="45579" /><D109/><N who="2" m="41482" /><F92/><W52/><G116/><T20/><D20/><U91/><REACH who="1" step="1"/><E22/><REACH who="1" ten="203,322,134,331" step="2"/><V39/><F39/><W94/><G55/><AGARI ba="0,1" hai="23,26,29,45,48,55,128,129" m="41482,39071" machi="55" ten="30,2900,0" yaku="14,1,10,1" doraHai="35" who="2" fromWho="3" sc="203,0,322,0,134,39,331,-29" /><INIT seed="2,1,0,5,3,79" ten="203,322,173,302" oya="2" hai0="114,13,11,128,17,48,127,38,47,118,18,5,117" hai1="111,112,27,68,2,107,1,29,108,92,99,33,19" hai2="100,101,52,58,21,56,75,87,15,50,39,103,131" hai3="43,31,77,24,82,70,109,12,44,26,64,61,98"/><V116/><F75/><W35/><G109/><N who="1" m="42058" /><E112/><V122/><F116/><N who="0" m="44650" /><D114/><U94/><E68/><V115/><F115/><W10/><G98/><T106/><D38/><U97/><E107/><V91/><F122/><W60/><G26/><T7/><D106/><U30/><E30/><V89/><F39/><W80/><G77/><T28/><D127/><U105/><E105/><V34/><F34/><W130/><G61/><T0/><D128/><U85/><E85/><V62/><F131/><W67/><G67/><T20/><D28/><U113/><E113/><V104/><F104/><W74/><G74/><T3/><D48/><U88/><E19/><N who="2" m="10495" /><F87/><W37/><REACH who="3" step="1"/><G130/><REACH who="3" ten="203,322,173,292" step="2"/><T65/><D65/><AGARI ba="1,1" hai="50,52,56,58,62,65,89,91,100,101,103" m="10495" machi="65" ten="30,2900,0" yaku="8,1,54,1" doraHai="79" who="2" fromWho="0" sc="203,-32,322,0,173,42,292,0" /><INIT seed="2,2,0,1,1,36" ten="171,322,215,292" oya="2" hai0="45,88,123,8,73,32,52,39,41,63,113,35,66" hai1="126,99,100,78,37,65,94,16,6,4,112,57,0" hai2="106,121,105,117,102,59,116,30,97,103,20,58,33" hai3="17,47,83,82,87,11,81,54,53,64,29,68,128"/><V5/><F121/><W51/><G128/><T110/><D123/><U115/><E126/><V62/><F33/><W92/><G29/><T60/><D113/><U133/><E133/><V15/><F59/><W86/><G68/><T14/><D73/><U71/><E71/><V85/><F85/><W1/><G64/><T28/><D110/><U13/><E37/><V38/><F38/><W98/><G54/><T118/><D118/><U95/><E78/><V56/><F56/><W42/><G53/><T49/><D88/><N who="1" m="55751" /><E0/><V18/><F30/><W124/><G124/><T122/><D122/><U79/><E79/><V134/><F134/><W3/><G3/><T69/><D63/><N who="1" m="38127" /><E112/><V21/><F103/><N who="3" m="60871" /><G1/><T89/><D89/><U50/><E50/><V25/><F106/><W90/><G90/><T101/><D101/><U135/><E135/><V74/><F74/><W19/><G19/><T26/><D35/><U93/><E115/><V131/><F131/><W23/><G11/><T2/><D2/><U7/><E100/><V44/><F44/><W12/><AGARI ba="2,0" hai="12,17,23,42,47,51,81,82,83,86,87" m="60871" machi="12" ten="30,2000,0" yaku="8,1,52,1" doraHai="36" who="3" fromWho="3" sc="171,-7,322,-7,215,-12,292,26" /><INIT seed="3,0,0,4,2,24" ten="164,315,203,318" oya="3" hai0="128,45,118,113,38,80,86,112,59,21,70,56,75" hai1="93,76,94,107,52,6,71,7,41,15,110,116,13" hai2="73,22,36,121,129,54,62,26,43,4,58,37,97" hai3="44,50,96,46,132,85,69,119,104,23,109,68,40"/><W133/><G119/><T114/><D75/><U32/><E107/><V60/><F73/><W100/><G109/><T63/><D118/><U78/><E32/><V117/><F117/><W92/><G23/><T16/><D128/><U90/><E71/><V51/><F129/><W65/><G65/><N who="0" m="41279" /><D45/><U29/><E29/><V120/><F4/><N who="1" m="1577" /><E41/><V35/><F35/><W42/><G85/><T0/><D38/><N who="2" m="14954" /><F97/><W123/><G123/><N who="2" m="47177" /><F43/><W106/><G106/><T33/><D0/><U47/><E110/><V91/><F91/><W124/><G104/><T28/><D33/><U126/><E94/><V17/><AGARI ba="0,0" hai="17,22,26,51,54,58,60,62" m="47177,14954" machi="17" ten="30,1100,0" yaku="13,1" doraHai="24" who="2" fromWho="2" sc="164,-3,315,-3,203,11,318,-5" /><INIT seed="4,0,0,0,3,47" ten="161,312,214,313" oya="0" hai0="58,3,102,100,63,30,8,91,25,80,42,118,93" hai1="74,41,123,87,11,109,94,57,69,45,98,70,6" hai2="97,51,86,34,15,26,0,81,112,128,115,44,9" hai3="10,22,68,29,14,88,43,105,113,52,55,119,1"/><T84/><D118/><U33/><E33/><V82/><F0/><W85/><G105/><T4/><D42/><U103/><E74/><V21/><F34/><W125/><G68/><T75/><D75/><U133/><E123/><V19/><F128/><W13/><G119/><T73/><D73/><U132/><E57/><V117/><F117/><W95/><G113/><N who="2" m="43593" /><F97/><W96/><G125/><T77/><D77/><U130/><E87/><V5/><F86/><W90/><G43/><AGARI ba="0,0" hai="5,9,15,19,21,26,43,44,51,81,82" m="43593" machi="43" ten="30,2000,0" yaku="15,1,52,1" doraHai="47" who="2" fromWho="3" sc="161,0,312,0,214,20,313,-20" /><INIT seed="5,0,0,4,2,55" ten="161,312,234,293" oya="1" hai0="7,61,127,20,46,101,28,4,52,94,73,44,82" hai1="84,22,36,37,63,67,106,96,57,18,86,113,105" hai2="26,130,115,89,49,102,30,124,34,69,109,92,54" hai3="47,24,117,108,133,39,118,16,42,135,75,3,134"/><U90/><E113/><V132/><F109/><W5/><G75/><T9/><D127/><U125/><E125/><V99/><F124/><W114/><G108/><T2/><D7/><U38/><E96/><V71/><F115/><W128/><G114/><T126/><D126/><U112/><E112/><V11/><F130/><W79/><G79/><T10/><D10/><U85/><REACH who="1" step="1"/><E90/><REACH who="1" ten="161,302,234,293" step="2"/><V6/><F89/><W1/><G128/><T78/><D101/><U68/><E68/><V66/><F71/><W64/><G118/><T58/><REACH who="0" step="1"/><D94/><REACH who="0" ten="151,302,234,293" step="2"/><U51/><E51/><V83/><F49/><W97/><G117/><T31/><D31/><U12/><AGARI ba="0,2" hai="12,18,22,36,37,38,57,63,67,84,85,86,105,106" machi="12" ten="40,7800,0" yaku="1,1,0,1,52,1,53,0" doraHai="55" doraHaiUra="74" who="1" fromWho="1" sc="151,-26,302,98,234,-26,293,-26" /><INIT seed="5,1,0,2,3,49" ten="125,400,208,267" oya="1" hai0="36,95,52,100,11,91,29,74,70,24,50,37,67" hai1="41,92,64,57,45,72,19,59,76,62,104,124,108" hai2="25,132,134,5,22,99,127,90,4,118,84,116,56" hai3="66,85,110,126,47,15,103,7,128,65,17,113,39"/><U79/><E104/><V40/><F40/><W117/><G110/><T9/><D74/><U130/><E108/><V125/><F99/><W58/><G113/><T96/><D70/><U28/><E130/><V107/><F107/><W16/><G128/><T6/><D67/><U93/><E28/><N who="2" m="17463" /><F56/><W73/><G73/><T109/><D109/><U115/><E115/><V121/><F84/><W101/><G126/><N who="2" m="48137" /><F90/><W55/><G117/><N who="2" m="45161" /><F121/><W18/><G39/><T68/><D68/><U0/><E72/><V1/><F1/><W123/><G123/><T35/><D91/><U53/><E0/><V114/><F114/><W61/><G85/><T23/><D37/><U102/><E102/><V129/><F129/><W46/><G103/><T87/><D36/><U69/><E79/><V111/><F111/><W42/><G101/><T98/><D98/><U12/><E76/><V71/><F71/><W81/><G81/><T43/><D43/><U112/><E112/><V63/><F63/><W75/><G75/><T51/><D87/><U60/><E69/><V27/><F27/><W2/><G2/><T32/><D51/><N who="1" m="27055" /><E124/><V30/><F30/><W44/><G42/><T10/><REACH who="0" step="1"/><D6/><AGARI ba="1,0" hai="4,5,6,132,134" m="45161,48137,17463" machi="6" ten="40,5200,0" yaku="18,1,34,2" doraHai="49" who="2" fromWho="0" sc="125,-55,400,0,208,55,267,0" /><INIT seed="6,0,0,0,4,61" ten="70,400,263,267" oya="2" hai0="101,70,95,113,43,83,28,104,118,105,119,129,94" hai1="54,1,31,89,5,66,85,82,26,124,111,132,7" hai2="57,0,90,12,114,69,76,21,34,64,38,100,78" hai3="88,117,60,84,2,126,130,17,107,81,110,125,58"/><V93/><F0/><W16/><G2/><T39/><D70/><U32/><E111/><V19/><F114/><W115/><G107/><N who="0" m="41035" /><D43/><U86/><E132/><V68/><F38/><W56/><G110/><T45/><D45/><U9/><E5/><V109/><F109/><W37/><G117/><N who="0" m="44555" /><D39/><U55/><E124/><N who="3" m="47722" /><G130/><T48/><D48/><U10/><E9/><V14/><F100/><W67/><G37/><T59/><D59/><N who="3" m="22569" /><G115/><T106/><N who="0" m="41043" /><T128/><DORA hai="13" /><D28/><U6/><E31/><V99/><F34/><W18/><G18/><T42/><D42/><U71/><E32/><V72/><F12/><W79/><G79/><T46/><D46/><U47/><E47/><V123/><F123/><W36/><G36/><T121/><D113/><U20/><E1/><V15/><F15/><W134/><G134/><T23/><D23/><U108/><E20/><V3/><F3/><W120/><G120/><T50/><D50/><U133/><E108/><V30/><F30/><W102/><G102/><T77/><D121/><U27/><E133/><V65/><F69/><AGARI ba="0,0" hai="16,17,60,67,69,81,84,88" m="22569,47722" machi="69" ten="30,12000,2" yaku="18,1,52,3,54,2" doraHai="61,13" who="3" fromWho="2" sc="70,0,400,0,263,-120,267,120" /><INIT seed="7,0,0,4,4,6" ten="70,400,143,387" oya="3" hai0="131,35,24,33,27,39,12,2,112,94,110,99,114" hai1="87,36,52,28,90,70,122,121,79,17,26,67,105" hai2="124,34,10,45,46,109,7,55,133,106,32,40,115" hai3="51,98,93,54,59,5,100,101,102,8,18,116,22"/><W134/><G116/><T31/><D39/><U78/><E36/><V4/><F106/><W125/><G134/><T88/><D110/><U74/><E105/><V15/><F133/><W83/><G125/><T42/><D2/><U75/><E75/><V127/><F109/><W53/><G83/><T76/><D42/><U130/><E130/><V128/><F128/><W38/><G38/><T104/><D131/><U95/><E74/><V21/><F115/><N who="0" m="44074" /><D104/><U60/><E17/><N who="2" m="10431" /><F55/><W84/><G84/><T96/><D76/><U63/><E79/><V108/><F108/><W64/><G64/><T48/><D99/><U103/><E78/><V92/><F92/><W117/><G117/><T118/><D118/><U1/><E1/><N who="2" m="271" /><F7/><W13/><G54/><T89/><D48/><U49/><E49/><N who="2" m="26791" /><F46/><W107/><G107/><T68/><D68/><U65/><E70/><V77/><F77/><W37/><G37/><T44/><D44/><U129/><E129/><V66/><F66/><W57/><G57/><T71/><D71/><U58/><E67/><V23/><F23/><W25/><AGARI ba="0,0" hai="5,8,13,18,22,25,51,53,59,93,98,100,101,102" machi="25" ten="20,7800,0" yaku="0,1,7,1,8,1,52,1" doraHai="6" who="3" fromWho="3" sc="70,-26,400,-26,143,-26,387,78" owari="44,-46.0,374,17.0,117,-28.0,465,57.0" /></mjloggm>