<mjloggm ver="2.3"><GO type="41"/><UN n0="%E7%B5%8C%E5%9B%A3%E9%80%A3" n1="%E3%82%AB%E3%83%84%E4%B8%BC%E3%81%86%E3%81%BE%E3%81%81" n2="%73%69%6D%32" n3="%E3%82%A6%E3%83%AB%E3%83%88%E3%83%A9%E7%AB%8B%E7%9B%B4" dan="14,14,15,15" rate="1844,1891,2044,1975" sx="M,F,M,M"/><TAIKYOKU oya="0"/><INIT seed="0,0,0,2,0,41" ten="250,250,250,250" oya="0" hai0="64,87,59,61,80,130,62,48,22,81,82,2,27" hai1="13,18,110,5,126,95,71,29,133,34,119,21,6" hai2="103,77,40,109,39,31,24,70,1,55,128,52,47" hai3="72,57,75,45,100,88,83,17,73,107,116,20,84"/><T36/><D36/><U51/><E71/><V14/><F1/><W99/><G57/><T46/><D2/><U67/><E119/><V44/><F109/><W106/><G116/><T66/><D130/><U9/><E67/><V58/><F70/><W65/><G65/><T123/><D123/><U79/><E79/><V78/><F128/><W68/><G68/><T127/><D127/><U114/><E110/><V101/><F14/><W118/><G118/><T56/><D87/><U132/><E51/><V86/><F55/><W76/><G17/><T104/><D104/><U90/><E126/><V96/><F86/><W94/><G20/><T63/><D63/><U131/><E131/><V89/><F89/><W10/><G10/><T112/><D112/><U91/><E114/><V125/><F103/><W105/><G45/><N who="2" m="17481" /><F40/><W33/><G33/><T32/><D32/><U19/><E91/><AGARI ba="0,0" hai="72,73,75,76,83,84,88,91,94,99,100,105,106,107" machi="91" ten="50,32000,5" yakuman="46" doraHai="41" who="3" fromWho="1" sc="250,0,250,-320,250,0,250,320" owari="250,5.0,-70,-57.0,250,-15.0,570,67.0" /></mjloggm>