<mjloggm ver="2.3"><GO type="41"/><UN n0="%6B%65%69%72%79%6F" n1="%E3%81%B8%E3%81%AA%E3%81%B8%E3%81%AA%40%E7%8C%AB" n2="%6B%6D%74%35%33%39" n3="%E3%82%A6%E3%83%AB%E3%83%88%E3%83%A9%E7%AB%8B%E7%9B%B4" dan="14,14,13,15" rate="1871,1924,1908,1993" sx="F,M,M,M"/><TAIKYOKU oya="0"/><INIT seed="0,0,0,5,5,60" ten="250,250,250,250" oya="0" hai0="89,33,38,3,93,32,91,71,0,78,85,104,2" hai1="44,24,75,77,132,128,92,121,30,94,69,130,62" hai2="135,61,83,56,52,80,19,86,15,125,16,8,101" hai3="114,13,48,100,98,106,22,105,116,7,109,110,120"/><T111/><D71/><U4/><E121/><V29/><F125/><W79/><G114/><T20/><D104/><U127/><E127/><V81/><F135/><W115/><G115/><T87/><D38/><U31/><E132/><V63/><F101/><W133/><G133/><T64/><D111/><N who="3" m="42505" /><G116/><T88/><D78/><U5/><E77/><V99/><F99/><W47/><G79/><T51/><D20/><U17/><E75/><V72/><F72/><W95/><G120/><T84/><D51/><U113/><E44/><V21/><F29/><W40/><G7/><N who="1" m="2634" /><E113/><V25/><REACH who="2" step="1"/><F63/><REACH who="2" step="2"/><W58/><G98/><T107/><D107/><U12/><E62/><V50/><F50/><W74/><G100/><T76/><D85/><AGARI ba="0,1" hai="8,15,16,19,21,25,52,56,61,80,81,83,85,86" machi="85" ten="40,8000,1" yaku="1,1,8,1,54,2,53,0" doraHai="60" doraHaiUra="35" who="2" fromWho="0" sc="250,-80,250,0,240,90,250,0" /><INIT seed="1,0,0,3,2,64" ten="170,250,330,250" oya="1" hai0="126,1,96,111,72,27,50,59,56,13,135,121,11" hai1="29,3,66,55,75,86,37,74,31,115,80,98,95" hai2="61,45,47,114,5,60,15,71,21,120,23,7,30" hai3="9,110,119,18,63,79,104,26,49,123,34,132,51"/><U24/><E3/><V130/><F120/><W131/><G51/><T92/><D72/><U133/><E37/><V28/><F15/><W77/><G49/><T85/><D121/><U102/><E66/><V48/><F48/><W36/><G77/><T65/><D1/><U57/><E133/><V70/><REACH who="2" step="1"/><F130/><REACH who="2" step="2"/><W113/><G131/><T105/><D13/><U68/><E115/><AGARI ba="0,1" hai="5,7,21,23,28,30,45,47,60,61,70,71,114,115" machi="115" ten="25,12000,2" yaku="1,1,2,1,22,2,52,2,53,0" doraHai="64" doraHaiUra="69" who="2" fromWho="1" sc="170,0,250,-120,320,130,250,0" /><INIT seed="2,0,0,1,0,6" ten="170,130,450,250" oya="2" hai0="44,38,27,54,17,94,43,98,33,117,72,25,126" hai1="124,64,75,53,90,18,13,0,127,103,52,48,135" hai2="79,84,70,65,60,1,57,61,134,118,129,39,41" hai3="51,28,5,110,2,68,50,91,47,45,35,101,125"/><V14/><F1/><W89/><G68/><T62/><D72/><U104/><E75/><V29/><F29/><W9/><G101/><T58/><D126/><N who="1" m="48171" /><E0/><V8/><F118/><W37/><G125/><T123/><D123/><U95/><E135/><V122/><F122/><W87/><G37/><T88/><D117/><U16/><E103/><V132/><F129/><W96/><G110/><T131/><D131/><U32/><E104/><V121/><F121/><W83/><G28/><T20/><REACH who="0" step="1"/><D33/><REACH who="0" step="2"/><U15/><E32/><V114/><F132/><W116/><G35/><T130/><D130/><U24/><E64/><V12/><F134/><W66/><G66/><T133/><D133/><U40/><E40/><V85/><F41/><W71/><G116/><T109/><D109/><U19/><E24/><AGARI ba="0,1" hai="17,20,24,25,27,38,43,44,54,58,62,88,94,98" machi="24" ten="30,16000,3" yaku="1,1,7,1,25,2,54,1,53,3" doraHai="6" doraHaiUra="22" who="0" fromWho="1" sc="160,170,130,-160,450,0,250,0" owari="330,13,-30,-53,450,55,250,-15" /></mjloggm>