<mjloggm ver="2.3"><GO type="41"/><UN n0="%E2%98%86%E3%83%9F%E3%83%AB%E3%83%9F%E3%83%AB%E2%98%86" n1="%31%32%E5%86%86%E9%AB%98" n2="%E3%82%A6%E3%83%AB%E3%83%88%E3%83%A9%E7%AB%8B%E7%9B%B4" n3="%E5%A4%A9%E9%A2%A8%E5%BC%90%E5%BC%8F" dan="13,13,15,13" rate="1842,1904,2031,1813" sx="F,M,M,M"/><TAIKYOKU oya="0"/><INIT seed="0,0,0,0,2,82" ten="250,250,250,250" oya="0" hai0="93,40,114,124,122,48,105,127,61,51,126,30,10" hai1="121,85,20,134,13,60,17,78,56,115,63,54,41" hai2="36,18,110,38,22,46,65,49,104,129,68,4,96" hai3="5,108,11,97,53,27,25,3,86,64,37,0,7"/><T31/><D105/><U12/><E121/><V1/><F4/><W47/><G64/><T8/><D122/><U59/><E115/><V16/><F1/><W125/><G125/><T101/><D61/><U128/><E128/><V58/><F68/><W94/><G108/><T123/><D123/><U45/><E134/><V28/><F110/><W52/><G37/><T66/><D66/><U88/><E78/><V9/><F129/><W112/><G112/><T95/><D114/><U69/><E69/><V32/><F32/><W107/><G107/><T84/><D101/><U113/><E113/><V39/><F28/><N who="0" m="10794" /><D84/><U34/><E34/><V117/><F117/><W99/><G47/><N who="0" m="25703" /><D51/><U15/><E45/><V26/><F96/><W109/><G109/><T72/><D72/><U91/><E41/><V29/><F104/><W43/><G43/><T74/><D74/><U103/><E103/><V133/><F133/><W120/><G120/><T73/><D73/><U98/><E98/><V87/><F39/><W33/><G33/><T92/><AGARI ba="0,0" hai="8,10,92,93,95,124,126,127" m="25703,10794" machi="92" ten="40,2100,0" yaku="18,1" doraHai="82" who="0" fromWho="0" sc="250,21,250,-7,250,-7,250,-7" /><INIT seed="0,1,0,3,0,27" ten="271,243,243,243" oya="0" hai0="47,84,54,44,36,18,81,15,26,80,123,86,43" hai1="107,31,45,121,119,28,42,10,105,88,61,92,57" hai2="79,125,89,38,90,2,21,49,74,4,19,130,46" hai3="106,85,22,73,83,62,52,91,5,55,134,72,67"/><T59/><D47/><U127/><E121/><V97/><F97/><W129/><G106/><T112/><D26/><U29/><E119/><V133/><F19/><W104/><G104/><T96/><D96/><U75/><E75/><V16/><F125/><W13/><G134/><T66/><D66/><U58/><E10/><V87/><F49/><W50/><G55/><T99/><D99/><U108/><E127/><V76/><F87/><W48/><G50/><T100/><D100/><U35/><E35/><V94/><F79/><W9/><G22/><T20/><D112/><U34/><E34/><V113/><F94/><W68/><REACH who="3" step="1"/><G129/><REACH who="3" ten="271,243,243,233" step="2"/><T128/><D128/><U1/><E108/><V117/><F130/><W37/><G37/><T114/><D114/><U53/><E1/><V103/><F113/><W64/><G64/><T7/><D123/><U24/><E24/><V12/><F133/><W56/><AGARI ba="1,1" hai="5,9,13,48,52,56,62,67,68,72,73,83,85,91" machi="56" ten="20,8000,1" yaku="1,1,0,1,7,1,54,1,53,1" doraHai="27" doraHaiUra="3" who="3" fromWho="3" sc="271,-41,243,-21,243,-21,233,93" /><INIT seed="1,0,0,5,1,79" ten="230,222,222,326" oya="1" hai0="46,51,34,119,45,82,114,97,41,123,107,65,60" hai1="132,12,21,4,83,42,77,99,7,115,69,88,49" hai2="110,130,57,78,92,89,56,75,108,111,117,85,134" hai3="87,1,70,80,133,55,37,33,90,35,95,121,43"/><U31/><E69/><V93/><F57/><W84/><G1/><T11/><D119/><U50/><E115/><V61/><F117/><W59/><G70/><T29/><D114/><U94/><E132/><V103/><F56/><W38/><G121/><T100/><D11/><U14/><E31/><V32/><F61/><W24/><G133/><T66/><D123/><U23/><E42/><V52/><F52/><W101/><G101/><T39/><D82/><U127/><E127/><V28/><F28/><W106/><G106/><T13/><D13/><U72/><E14/><V68/><F32/><W10/><G10/><T113/><D113/><U131/><E131/><V102/><F68/><W120/><G120/><T96/><D97/><U128/><E128/><V16/><F16/><W126/><G126/><T18/><D18/><U81/><E81/><N who="2" m="45279" /><F130/><W73/><G24/><T15/><D15/><U3/><E3/><V8/><F8/><W86/><G38/><T104/><D60/><U17/><REACH who="1" step="1"/><E23/><REACH who="1" ten="230,212,222,326" step="2"/><V124/><F134/><W67/><G43/><T116/><D41/><U22/><E22/><V30/><F30/><W63/><G37/><T71/><D71/><U26/><E26/><V20/><F20/><W0/><G0/><T122/><D29/><U44/><E44/><V19/><F124/><W76/><G35/><T40/><D34/><U118/><E118/><V98/><F19/><W62/><G33/><T27/><D116/><U48/><AGARI ba="0,1" hai="4,7,12,17,21,48,49,50,72,77,83,88,94,99" machi="48" ten="30,11700,0" yaku="1,1,0,1,52,1,54,1,53,0" doraHai="79" doraHaiUra="36" who="1" fromWho="1" sc="230,-39,212,127,222,-39,326,-39" /><INIT seed="1,1,0,5,4,31" ten="191,339,183,287" oya="1" hai0="52,120,80,96,45,125,126,42,109,29,130,69,97" hai1="128,33,81,83,134,102,90,7,56,51,25,127,17" hai2="49,38,13,18,62,94,36,129,104,10,54,110,65" hai3="91,86,6,58,22,118,4,108,8,21,19,50,48"/><U103/><E7/><V39/><F104/><W133/><G133/><T112/><D69/><U24/><E134/><V57/><F110/><W100/><G100/><T135/><D109/><U53/><E128/><V60/><F129/><W77/><G118/><T75/><D135/><U41/><E127/><V84/><F94/><W44/><G77/><T63/><D112/><U95/><E41/><V105/><F105/><W88/><G108/><T26/><D80/><U106/><E106/><V23/><F84/><W72/><G72/><T117/><D75/><U107/><E107/><V59/><F39/><W114/><G114/><T92/><D120/><U66/><E66/><V55/><REACH who="2" step="1"/><F10/><REACH who="2" ten="191,339,173,287" step="2"/><W15/><G86/><T1/><D92/><U71/><E81/><V67/><F67/><W99/><G99/><T121/><D121/><U68/><E83/><V14/><F14/><W32/><G22/><N who="0" m="15575" /><D1/><U74/><E74/><V20/><F20/><W11/><G32/><T116/><D130/><U89/><E33/><V124/><F124/><N who="0" m="47722" /><D117/><U131/><E131/><V0/><F0/><W35/><G21/><T64/><D64/><U87/><E95/><V93/><F93/><W5/><G35/><T73/><D73/><U101/><E87/><V119/><F119/><W34/><G34/><T28/><D116/><U3/><E3/><V12/><F12/><W46/><G8/><T82/><D82/><U61/><E101/><V2/><F2/><W115/><G115/><T30/><D97/><U79/><E102/><V111/><F111/><W37/><G11/><T122/><D96/><U113/><E103/><RYUUKYOKU ba="1,1" sc="191,-10,339,-10,173,30,287,-10" hai2="13,18,23,36,38,49,54,55,57,59,60,62,65" /><INIT seed="2,2,1,1,0,45" ten="181,329,203,277" oya="2" hai0="62,59,81,31,13,64,7,5,132,115,22,42,48" hai1="40,95,128,57,126,29,52,44,34,129,0,46,33" hai2="53,71,121,79,68,38,6,103,83,88,61,78,97" hai3="131,43,18,58,10,63,37,69,85,117,21,11,108"/><V107/><F38/><W32/><G32/><T133/><D115/><U39/><E0/><V125/><F121/><W116/><G69/><T111/><D111/><U77/><E44/><V50/><F125/><W74/><G108/><T9/><D7/><U113/><E113/><V123/><F123/><W94/><G74/><T130/><D130/><N who="1" m="50283" /><E126/><V106/><F106/><W60/><G131/><T55/><D42/><U25/><E77/><V87/><F6/><W36/><G43/><T14/><D81/><U3/><E3/><V2/><F2/><W28/><G28/><T112/><D112/><U19/><E19/><V91/><F91/><W90/><G37/><T98/><D98/><U24/><E95/><V110/><F110/><W41/><G117/><T67/><D67/><U23/><E24/><V101/><F101/><W73/><G73/><T99/><D99/><U47/><E47/><V92/><F61/><AGARI ba="2,1" hai="23,25,29,33,34,39,40,46,52,57,61" m="50283" machi="61" ten="30,2000,0" yaku="19,1,54,1" doraHai="45" who="1" fromWho="2" sc="181,0,329,36,203,-26,277,0" /><INIT seed="3,0,0,5,3,100" ten="181,365,177,277" oya="3" hai0="34,95,119,129,18,14,135,81,13,8,60,45,69" hai1="133,56,79,9,48,121,40,108,38,70,99,47,51" hai2="65,57,67,52,118,49,98,4,6,37,46,64,74" hai3="16,36,24,23,15,42,59,71,30,12,97,61,122"/><W54/><G122/><T55/><D34/><U126/><E79/><V72/><F118/><W127/><G127/><T84/><D119/><U62/><E99/><V96/><F37/><W43/><G71/><T44/><D135/><U123/><E9/><V0/><F0/><W131/><G131/><T101/><D129/><U20/><E20/><V117/><F117/><W25/><G97/><N who="2" m="37481" /><F74/><W116/><G116/><T17/><D95/><U86/><E86/><V31/><F72/><W26/><G36/><T85/><D85/><U32/><E32/><V91/><F91/><W110/><G110/><T87/><D87/><U35/><E35/><V128/><F31/><W115/><G115/><T2/><D101/><U27/><E27/><V73/><F73/><W10/><G30/><T83/><D2/><U21/><E21/><V124/><F124/><W3/><G3/><T39/><D39/><U134/><E126/><V107/><F107/><W5/><AGARI ba="0,0" hai="5,10,12,15,16,23,24,25,26,42,43,54,59,61" machi="5" ten="30,6000,0" yaku="0,1,8,1,54,1" doraHai="100" who="3" fromWho="3" sc="181,-20,365,-20,177,-20,277,60" /><INIT seed="3,1,0,3,3,87" ten="161,345,157,337" oya="3" hai0="128,85,92,117,94,37,127,84,52,36,11,49,95" hai1="119,99,114,75,109,64,10,0,48,59,82,8,123" hai2="50,56,42,55,35,34,120,46,17,70,93,96,76" hai3="27,65,71,57,100,129,74,86,103,1,90,80,23"/><W3/><G71/><T7/><D117/><U44/><E123/><V25/><F70/><W89/><G74/><T72/><D72/><U115/><E119/><V134/><F120/><W91/><G129/><T101/><D101/><N who="3" m="38985" /><G1/><T40/><D128/><U69/><E69/><V31/><F76/><N who="3" m="46343" /><G3/><T28/><D127/><U19/><E99/><V61/><F134/><W132/><G132/><T107/><D28/><U105/><E105/><V20/><REACH who="2" step="1"/><F31/><REACH who="2" ten="161,345,147,337" step="2"/><N who="3" m="17919" /><G65/><T15/><D107/><U125/><E64/><V66/><F66/><W116/><G116/><T24/><D24/><U68/><E68/><V32/><F32/><W79/><G79/><T4/><D4/><U108/><E114/><V29/><F29/><W22/><G57/><T33/><D33/><U102/><E115/><V77/><F77/><W41/><G41/><T6/><D6/><U78/><E59/><V97/><F97/><W21/><AGARI ba="1,1" hai="21,22,89,90,91" m="17919,46343,38985" machi="21" ten="30,11700,0" yaku="8,1,52,3" doraHai="87" who="3" fromWho="3" sc="161,-40,345,-40,147,-40,337,130" /><INIT seed="3,2,0,3,0,74" ten="121,305,107,467" oya="3" hai0="89,18,15,30,76,61,75,77,25,70,111,12,9" hai1="79,71,58,91,55,43,66,47,6,83,13,32,51" hai2="22,41,36,60,82,46,81,131,106,42,104,21,102" hai3="118,1,35,134,29,85,117,116,78,92,96,38,130"/><W53/><G1/><T7/><D111/><U69/><E32/><V49/><F102/><W122/><G38/><T62/><D89/><U63/><E91/><V103/><F103/><W113/><G113/><T24/><D75/><U100/><E100/><V108/><F60/><N who="0" m="23146" /><D70/><U5/><E13/><V114/><F114/><W20/><G35/><T119/><D119/><U124/><E124/><V121/><F49/><W10/><G122/><T86/><D86/><U64/><E64/><V123/><F46/><W27/><G117/><T94/><D94/><U107/><E107/><V133/><F133/><W90/><G134/><T115/><D115/><U56/><E56/><V67/><F67/><W128/><G116/><T23/><D30/><U105/><E105/><V68/><F108/><W16/><G53/><T28/><D28/><U93/><E93/><V88/><F88/><W2/><G2/><T73/><D73/><U8/><E8/><V109/><F109/><W52/><G10/><T135/><D135/><U98/><E98/><V14/><F14/><W0/><G0/><T99/><D99/><U33/><E33/><V48/><F48/><W17/><G118/><T126/><D126/><U112/><E112/><V110/><F110/><W57/><G96/><T129/><D129/><U87/><E69/><V4/><F68/><W84/><G130/><T31/><D31/><U37/><AGARI ba="2,0" hai="5,6,37,43,47,51,55,58,63,66,71,79,83,87" machi="37" ten="20,8000,1" yaku="0,1,7,1,24,2,52,1" doraHai="74" who="1" fromWho="1" sc="121,-22,305,86,107,-22,467,-42" /><INIT seed="4,0,0,1,2,15" ten="99,391,85,425" oya="0" hai0="109,65,13,111,54,35,135,66,84,121,88,52,118" hai1="95,71,72,37,117,103,85,23,5,44,18,122,128" hai2="87,30,0,99,48,50,31,28,125,36,124,17,58" hai3="62,114,73,80,75,32,106,56,101,79,51,60,9"/><T25/><D121/><U83/><E71/><V20/><F0/><W53/><G32/><T112/><D118/><U4/><E72/><V81/><F36/><W59/><G114/><T96/><D112/><U46/><E122/><V108/><F99/><W94/><G106/><T49/><D96/><U69/><E69/><V19/><F108/><N who="0" m="41546" /><D13/><U16/><E117/><V74/><F74/><W68/><G68/><T61/><D135/><U55/><E37/><V57/><F20/><W43/><G43/><T40/><D40/><U24/><E128/><V8/><F8/><W77/><G9/><T91/><D61/><U131/><E131/><V129/><F129/><W42/><G42/><T38/><D38/><U27/><E103/><V22/><F22/><W116/><G116/><T134/><D134/><U67/><E95/><V29/><N who="2" m="7680" /><DORA hai="10" /><V93/><F93/><W2/><G2/><T12/><D12/><U76/><E67/><N who="0" m="25609" /><D25/><U98/><E98/><V39/><F39/><W127/><G101/><T34/><D84/><U6/><E55/><N who="0" m="21033" /><D49/><U126/><E27/><V11/><F11/><W3/><G3/><T132/><D132/><U115/><E115/><V90/><F50/><W100/><G100/><T104/><D104/><U130/><E130/><V102/><F102/><W78/><G94/><T133/><D133/><U47/><E85/><V63/><F48/><W26/><G51/><T86/><D86/><U119/><E119/><V1/><F1/><W89/><G75/><T97/><D97/><U7/><E24/><V113/><F113/><W107/><G73/><T45/><D45/><RYUUKYOKU ba="0,0" sc="99,30,391,-10,85,-10,425,-10" hai0="34,35,88,91" /><INIT seed="4,1,0,1,4,130" ten="129,381,75,415" oya="0" hai0="100,74,123,10,29,14,19,60,64,56,95,42,135" hai1="112,65,125,96,134,32,94,102,35,25,126,118,13" hai2="4,119,80,73,28,21,59,51,17,107,127,66,90" hai3="31,81,45,77,63,48,91,88,47,76,18,39,132"/><T121/><D74/><U58/><E118/><V70/><F107/><W114/><G114/><T7/><D135/><U71/><E71/><V124/><F70/><W50/><G39/><T1/><D42/><U106/><E112/><V115/><F28/><W98/><G31/><T78/><D78/><U92/><E13/><V117/><F4/><W108/><G108/><T57/><D56/><U93/><E25/><V87/><F73/><W105/><G63/><T129/><D29/><U103/><E103/><V109/><F109/><W110/><G110/><T12/><D129/><U122/><E122/><V23/><F115/><W86/><G18/><T82/><D82/><U38/><E38/><V0/><F0/><W54/><G132/><T67/><D64/><U46/><E134/><V9/><F9/><W6/><G6/><T68/><D68/><U75/><E75/><V53/><F66/><W26/><G26/><T89/><D100/><U27/><E46/><V133/><F133/><W101/><G77/><T33/><D33/><U49/><E27/><V11/><F11/><W120/><G120/><T2/><D121/><U43/><E43/><AGARI ba="1,0" hai="43,45,47,48,50,54,76,81,86,88,91,98,101,105" machi="43" ten="30,2000,0" yaku="7,1,54,1" doraHai="130" who="3" fromWho="1" sc="129,0,381,-23,75,0,415,23" /><INIT seed="5,0,0,1,3,70" ten="129,358,75,438" oya="1" hai0="116,52,68,54,93,91,101,102,30,26,85,57,0" hai1="36,131,56,19,38,100,50,113,66,95,89,35,22" hai2="117,61,82,31,62,14,46,114,33,11,77,6,42" hai3="55,88,47,124,21,67,128,12,40,64,129,28,111"/><U104/><E35/><V53/><F117/><W75/><G111/><T126/><D68/><U43/><E104/><V135/><F135/><W79/><G124/><T118/><D0/><U134/><E100/><V72/><F114/><W48/><G75/><T65/><D126/><U15/><E113/><V120/><F120/><W58/><G79/><T122/><D122/><U41/><E134/><V29/><F29/><W7/><G7/><T4/><D4/><U2/><E2/><V39/><F31/><W25/><G88/><T94/><D65/><U121/><E121/><V92/><F33/><W90/><G90/><T81/><D54/><U5/><E5/><V78/><F78/><W98/><G98/><T127/><D127/><U27/><E27/><V37/><F53/><W49/><G12/><T103/><D116/><U119/><E119/><V76/><F76/><W51/><G51/><T45/><D45/><U109/><E109/><V87/><F72/><W34/><G34/><T105/><D105/><U108/><E108/><V10/><F92/><W59/><G59/><T84/><D84/><N who="1" m="52647" /><E66/><V63/><F11/><W125/><G125/><T83/><D83/><U23/><E23/><V32/><F32/><W106/><G106/><T9/><D9/><U18/><E18/><V71/><F71/><W1/><G1/><T13/><D13/><U3/><E3/><V115/><F115/><W20/><G20/><N who="0" m="15687" /><D118/><U133/><E133/><V96/><F96/><W99/><G99/><T132/><D132/><U86/><E86/><V80/><F80/><W123/><G123/><T130/><D130/><AGARI ba="0,0" hai="21,25,28,40,47,48,49,55,58,64,67,128,129,130" machi="130" ten="40,2600,0" yaku="6,1,19,1" doraHai="70" who="3" fromWho="0" sc="129,-26,358,0,75,0,438,26" /><INIT seed="6,0,0,5,4,111" ten="103,358,75,464" oya="2" hai0="105,134,126,3,68,56,95,12,2,87,80,46,82" hai1="117,128,9,4,78,75,76,67,26,32,44,132,79" hai2="106,102,51,114,31,110,92,18,42,83,35,100,7" hai3="59,24,91,60,5,81,11,69,39,107,1,63,0"/><V121/><F121/><W28/><G39/><T94/><D68/><U45/><E117/><V108/><F7/><W129/><G107/><T131/><D105/><U133/><E75/><V98/><F31/><W97/><G129/><T101/><D131/><U41/><E67/><V54/><F35/><W122/><G122/><T10/><D134/><U70/><E70/><V19/><F42/><W77/><G1/><T17/><D126/><U38/><E45/><V115/><F83/><W47/><G47/><T23/><D46/><U16/><E128/><V34/><F34/><W86/><G69/><T116/><D116/><U15/><REACH who="1" step="1"/><E4/><REACH who="1" ten="103,348,75,464" step="2"/><V72/><F72/><W6/><G6/><T53/><D56/><U90/><E90/><N who="2" m="55575" /><F108/><W71/><G59/><T49/><D101/><N who="2" m="39018" /><F110/><W135/><G71/><T40/><D40/><U118/><E118/><V104/><F104/><W93/><G135/><T73/><D73/><U62/><E62/><V103/><F103/><W89/><G89/><T64/><D64/><U127/><E127/><V88/><F106/><W21/><AGARI ba="0,1" hai="0,5,11,21,24,28,60,63,77,81,86,91,93,97" machi="21" ten="20,1500,0" yaku="0,1,7,1" doraHai="111" who="3" fromWho="3" sc="103,-4,348,-4,75,-7,464,25" /><INIT seed="7,0,0,1,2,62" ten="99,344,68,489" oya="3" hai0="53,78,34,135,112,25,7,22,132,122,100,47,61" hai1="40,93,75,56,110,73,106,120,0,130,134,117,96" hai2="27,50,121,39,23,45,52,19,107,5,14,70,102" hai3="28,46,54,90,99,67,18,24,89,29,116,59,97"/><W125/><G116/><T108/><D122/><U20/><E0/><V1/><F70/><W88/><G125/><T92/><D108/><U38/><E40/><V66/><F121/><W11/><G67/><T49/><D34/><U123/><E38/><V87/><F66/><W95/><G46/><T48/><D78/><U83/><E20/><V55/><F39/><W103/><G97/><T30/><D7/><U77/><E56/><V63/><F102/><W64/><G64/><T72/><D72/><U82/><E117/><V129/><F107/><W71/><G24/><T69/><D49/><U111/><E130/><V35/><F129/><W2/><G2/><T21/><D21/><U124/><E124/><V118/><F118/><W32/><G32/><T114/><D92/><U79/><E134/><N who="0" m="51241" /><D100/><U81/><E81/><V133/><F133/><W44/><G44/><T37/><D37/><U128/><E128/><V80/><F1/><W76/><G76/><T41/><D69/><U17/><E17/><V9/><F35/><W43/><G43/><T3/><D3/><U51/><E51/><V42/><F63/><W115/><G71/><T94/><D94/><U86/><E93/><V26/><F26/><W8/><G18/><T15/><D15/><U74/><E74/><V109/><F109/><W84/><G95/><T127/><D127/><U13/><E13/><V12/><F12/><W104/><G104/><T105/><D105/><U4/><E4/><V65/><F65/><W16/><G59/><AGARI ba="0,0" hai="22,25,30,41,47,48,53,59,61,112,114" m="51241" machi="59" ten="30,1000,0" yaku="20,1" doraHai="62" who="0" fromWho="3" sc="99,10,344,0,68,0,489,-10" owari="109,-29.0,344,14.0,68,-43.0,479,58.0" /></mjloggm>