<mjloggm ver="2.3"><GO type="169"/><UN n0="%EF%BC%88%E2%89%A7%E2%96%BD%E2%89%A6%EF%BC%89" n1="%4E%4F%42%55%53%48%49" n2="%E6%A1%9C%E8%8A%B1%E9%96%83%E3%80%85" n3="%6E%69%6A%69" dan="18,16,18,16" rate="2202,2110,2203,2074" sx="M,M,M,F"/><TAIKYOKU oya="0"/><INIT seed="0,0,0,1,1,94" ten="250,250,250,250" oya="0" hai0="62,121,6,61,36,76,70,56,97,11,35,103,80" hai1="109,42,98,58,26,22,40,116,125,135,64,7,81" hai2="28,8,108,129,106,65,101,88,4,107,130,29,55" hai3="102,10,95,126,47,27,18,91,117,87,3,71,124"/><T127/><D121/><U20/><E116/><V60/><F55/><W33/><G71/><T66/><D127/><U14/><E125/><V24/><F108/><W67/><G117/><T50/><D36/><U82/><E109/><V134/><F134/><W73/><G73/><T69/><D50/><U123/><E123/><V9/><F29/><W92/><G67/><T44/><D44/><U52/><E135/><V79/><F79/><W2/><G2/><T38/><D38/><U133/><E64/><V12/><F8/><W96/><G47/><T37/><D35/><U75/><E75/><V100/><F101/><W72/><G72/><T45/><D45/><U30/><E98/><N who="2" m="61719" /><F107/><W114/><G114/><T111/><D111/><U74/><E74/><V41/><F88/><W19/><G19/><T132/><D37/><U53/><E53/><V13/><F13/><W86/><G86/><T31/><D31/><U23/><E23/><V25/><F41/><N who="1" m="15977" /><E133/><V120/><F120/><W77/><G77/><T48/><D132/><U113/><E113/><V34/><F25/><W93/><G33/><T110/><D110/><U17/><E7/><V85/><F85/><W105/><G3/><N who="0" m="479" /><D48/><AGARI ba="0,0" hai="14,17,20,22,26,30,48,52,58,81,82" m="15977" machi="48" ten="30,2000,0" yaku="8,1,54,1" doraHai="94" who="1" fromWho="0" sc="250,-20,250,20,250,0,250,0" /><INIT seed="1,0,0,2,1,98" ten="230,270,250,250" oya="1" hai0="31,123,54,90,75,121,58,60,96,30,85,2,77" hai1="100,108,45,50,61,10,135,86,107,22,13,41,35" hai2="69,5,119,81,110,9,7,124,59,25,93,106,91" hai3="14,68,20,34,84,129,33,62,51,104,134,21,103"/><U78/><E35/><V87/><F69/><W23/><G129/><T94/><D2/><U56/><E135/><V15/><F106/><W11/><G134/><T72/><D85/><U32/><E32/><V102/><F119/><W40/><G84/><T17/><D17/><U16/><E108/><V95/><F124/><W46/><G62/><T8/><D8/><U109/><E109/><V82/><F110/><W113/><G68/><T88/><D90/><U76/><E86/><V39/><F39/><W132/><G113/><T4/><D4/><U57/><E57/><V47/><F47/><W28/><G28/><N who="0" m="10795" /><D77/><U12/><E100/><V70/><F70/><W89/><G89/><T83/><D83/><U114/><E107/><V0/><F25/><W55/><G40/><T127/><D127/><U42/><E42/><V53/><F5/><W133/><G133/><T117/><D117/><U73/><E73/><V38/><F38/><W48/><G132/><T64/><D64/><N who="1" m="38951" /><E114/><V125/><F0/><W122/><G122/><AGARI ba="0,0" hai="54,58,60,72,75,88,94,96,121,122,123" m="10795" machi="122" ten="30,2000,0" yaku="13,1,54,1" doraHai="98" who="0" fromWho="3" sc="230,20,270,0,250,0,250,-20" /><INIT seed="2,0,0,5,1,135" ten="250,270,250,230" oya="2" hai0="32,86,117,81,1,63,44,28,108,15,120,14,27" hai1="79,46,6,112,88,115,132,98,84,35,77,133,47" hai2="58,23,49,116,134,3,128,101,25,53,39,21,56" hai3="92,104,24,18,82,31,22,61,97,123,68,26,94"/><V121/><F121/><W80/><G123/><T105/><D105/><U19/><E35/><V91/><F116/><W11/><G11/><T110/><D120/><U67/><E67/><V48/><F134/><N who="1" m="51817" /><E6/><V106/><F39/><W118/><G118/><T13/><D117/><U62/><E62/><V130/><F3/><W9/><G9/><T10/><D44/><N who="1" m="16939" /><E98/><N who="2" m="61751" /><F91/><W76/><G76/><N who="1" m="29258" /><E19/><V122/><F122/><W20/><G61/><T107/><D63/><U87/><E87/><V126/><F48/><W30/><G68/><T36/><D107/><U83/><AGARI ba="0,0" hai="83,84,88,112,115" m="29258,16939,51817" machi="83" ten="30,2000,0" yaku="20,1,54,1" doraHai="135" who="1" fromWho="1" sc="250,-5,270,20,250,-10,230,-5" /><INIT seed="3,0,0,0,4,134" ten="245,290,240,225" oya="3" hai0="114,109,84,105,120,131,77,45,60,52,25,7,22" hai1="38,23,68,86,103,58,16,82,130,64,48,125,93" hai2="108,90,70,116,113,80,102,12,32,87,5,31,3" hai3="1,17,0,126,35,69,43,2,19,83,122,20,61"/><W27/><G122/><T135/><D105/><U88/><E38/><V13/><F113/><W49/><G35/><T6/><D120/><U133/><E133/><V9/><F116/><W53/><G43/><T78/><D114/><U121/><E121/><V99/><F70/><W34/><G34/><T74/><D74/><U14/><E130/><V71/><F71/><W4/><G83/><N who="0" m="47215" /><D78/><U79/><E103/><V91/><F108/><W72/><G72/><T40/><D131/><U54/><E125/><V10/><F91/><W75/><G75/><T89/><D109/><U96/><E68/><V26/><REACH who="2" step="1"/><F10/><REACH who="2" ten="245,290,230,225" step="2"/><W115/><G69/><T62/><D89/><U57/><E64/><V106/><AGARI ba="0,1" hai="3,5,9,12,13,26,31,32,80,87,90,99,102,106" machi="106" ten="20,8000,1" yaku="1,1,2,1,0,1,7,1,53,1" doraHai="134" doraHaiUra="100" who="2" fromWho="2" sc="245,-20,290,-20,230,90,225,-40" /><INIT seed="4,0,0,1,3,114" ten="225,270,320,185" oya="0" hai0="13,64,59,78,5,55,80,37,119,29,58,14,99" hai1="20,9,122,81,24,121,32,124,35,16,19,0,100" hai2="134,4,110,8,76,106,6,60,87,89,102,96,88" hai3="57,66,21,77,115,23,86,70,54,129,61,132,95"/><T56/><D37/><U63/><E100/><V107/><F110/><W30/><G115/><T98/><D29/><U104/><E104/><V65/><F134/><W108/><G132/><T36/><D36/><U3/><E63/><V45/><F107/><W93/><G108/><T43/><D43/><U116/><E81/><V123/><F123/><N who="1" m="47113" /><E124/><V53/><F76/><W128/><G30/><T120/><D120/><U26/><E116/><V31/><F31/><W27/><G27/><N who="1" m="10282" /><E20/><V33/><F89/><W25/><G25/><T18/><D64/><U12/><E19/><V34/><F53/><W28/><G28/><T51/><D119/><U127/><E127/><V68/><F45/><W47/><G47/><N who="0" m="28159" /><D5/><U85/><E85/><V49/><F49/><W109/><G109/><T15/><D18/><U117/><E117/><V52/><F52/><W135/><G70/><T46/><D46/><U17/><E17/><V75/><F75/><W94/><G66/><T125/><D125/><U48/><E48/><V40/><F40/><W101/><G101/><T97/><D80/><U112/><E112/><V92/><REACH who="2" step="1"/><F4/><REACH who="2" ten="225,270,310,185" step="2"/><W72/><G72/><T10/><D10/><U82/><E35/><V126/><F126/><W41/><G41/><T118/><D118/><U103/><E32/><V39/><F39/><W79/><G135/><T7/><D7/><U69/><E9/><V111/><F111/><W105/><G105/><T73/><D73/><U44/><E44/><V74/><F74/><W22/><G77/><AGARI ba="0,1" hai="13,14,15,56,58,59,77,78,97,98,99" m="28159" machi="77" ten="40,7700,0" yaku="29,2,8,1" doraHai="114" who="0" fromWho="3" sc="225,87,270,0,310,0,185,-77" /><INIT seed="4,1,0,5,4,31" ten="312,270,310,108" oya="0" hai0="9,32,81,128,80,108,129,100,37,30,99,134,16" hai1="97,89,113,66,119,35,2,122,20,107,34,135,11" hai2="46,112,91,61,24,48,44,28,79,58,6,118,17" hai3="10,26,96,45,116,7,104,39,88,70,57,55,71"/><T40/><D134/><U110/><E20/><V114/><F79/><W121/><G116/><T76/><D108/><U125/><E89/><V27/><F118/><W13/><G121/><T130/><D37/><U52/><E52/><N who="2" m="33991" /><F6/><W94/><G104/><N who="0" m="63519" /><D40/><U72/><E66/><V77/><F77/><W86/><G26/><N who="0" m="18519" /><D76/><U1/><E11/><V54/><F17/><W53/><G86/><T62/><D62/><U68/><E97/><V132/><F132/><W50/><REACH who="3" step="1"/><G39/><REACH who="3" ten="312,270,310,98" step="2"/><T43/><D130/><U93/><E107/><V84/><F27/><W75/><G75/><T3/><D129/><U101/><E72/><V85/><F85/><W67/><G67/><T23/><D128/><U4/><E119/><V33/><F84/><W73/><G73/><T69/><D81/><U126/><E122/><V22/><F24/><W131/><G131/><T127/><D80/><U123/><E123/><V87/><F87/><W102/><G102/><T41/><D127/><U95/><E101/><V74/><F74/><W14/><G14/><N who="0" m="9623" /><D69/><U124/><E68/><V47/><F91/><W90/><G90/><T64/><D64/><U83/><E83/><V63/><F112/><W8/><G8/><T109/><D109/><U106/><E113/><V19/><F114/><W82/><G82/><T0/><D0/><U120/><E110/><V98/><F98/><W105/><G105/><T65/><D65/><U117/><E106/><V59/><F47/><W49/><AGARI ba="1,1" hai="7,10,13,45,49,50,53,55,57,70,71,88,94,96" machi="49" ten="20,5200,0" yaku="1,1,0,1,7,1,54,1,53,0" doraHai="31" doraHaiUra="133" who="3" fromWho="3" sc="312,-27,270,-14,310,-14,98,65" /><INIT seed="5,0,0,5,1,111" ten="285,256,296,163" oya="1" hai0="106,32,4,27,92,37,82,88,125,14,98,117,108" hai1="50,34,76,9,128,52,80,85,47,19,118,119,23" hai2="31,10,13,86,96,89,107,104,28,1,121,73,115" hai3="48,15,43,135,131,67,29,66,69,77,102,72,16"/><U36/><E128/><V90/><F121/><W60/><G131/><T94/><D37/><U83/><E34/><V53/><F73/><W123/><G123/><T51/><D106/><U101/><E101/><V84/><F1/><W20/><G135/><T87/><D108/><U35/><E35/><V18/><F107/><W42/><G29/><N who="2" m="11337" /><F104/><W129/><G129/><T70/><D70/><U6/><E36/><V41/><F41/><W21/><G102/><T112/><D32/><U26/><REACH who="1" step="1"/><E83/><REACH who="1" ten="285,246,296,163" step="2"/><V93/><F115/><W79/><G69/><T63/><D82/><U78/><E78/><V110/><F110/><W3/><G77/><T17/><D112/><U116/><E116/><V68/><F90/><W39/><G79/><T126/><D88/><U132/><E132/><V33/><F33/><W49/><G39/><T40/><D117/><U134/><E134/><V99/><F96/><W22/><G72/><T100/><D98/><U127/><E127/><V74/><F99/><W30/><G30/><T65/><D100/><U38/><E38/><V57/><F89/><W91/><G91/><T120/><D126/><U95/><E95/><V130/><F93/><W64/><G60/><T12/><D63/><U58/><E58/><V114/><F74/><W44/><G3/><AGARI ba="0,1" hai="3,6,9,19,23,26,47,50,52,76,80,85,118,119" machi="3" ten="30,5800,0" yaku="1,1,7,1,54,1,53,0" doraHai="111" doraHaiUra="124" who="1" fromWho="3" sc="285,0,246,68,296,0,163,-58" /><INIT seed="5,1,0,4,4,33" ten="285,314,296,105" oya="1" hai0="80,8,42,122,44,95,40,64,45,50,133,97,121" hai1="86,27,111,37,29,48,102,127,2,9,10,94,53" hai2="112,73,101,7,89,104,46,15,43,32,85,28,120" hai3="135,103,49,91,77,76,23,69,25,72,129,17,123"/><U71/><E71/><V131/><F73/><W52/><G123/><T47/><D133/><U90/><E111/><V79/><F79/><W63/><G135/><T109/><D109/><U125/><E37/><V34/><F120/><N who="0" m="46186" /><D64/><U58/><E102/><V31/><F131/><W115/><G129/><T96/><D80/><U35/><REACH who="1" step="1"/><E2/><REACH who="1" ten="285,304,296,105" step="2"/><V81/><F101/><W21/><G103/><N who="0" m="60831" /><D97/><U65/><E65/><V113/><F113/><W62/><G115/><T78/><D42/><U38/><E38/><V93/><F43/><W13/><G69/><T74/><D40/><U84/><E84/><V14/><F85/><W16/><G72/><T36/><D36/><U83/><E83/><V22/><F81/><W107/><G107/><T98/><D98/><U12/><E12/><V108/><F15/><W110/><G110/><T1/><D74/><U75/><E75/><V106/><F104/><W124/><G76/><T26/><D78/><U126/><AGARI ba="1,1" hai="9,10,27,29,35,48,53,58,86,90,94,125,126,127" machi="126" ten="30,6000,0" yaku="1,1,0,1,18,1,53,0" doraHai="33" doraHaiUra="66" who="1" fromWho="1" sc="285,-21,304,73,296,-21,105,-21" /><INIT seed="5,2,0,2,5,121" ten="264,377,275,84" oya="1" hai0="13,76,12,4,59,1,78,35,127,69,39,53,67" hai1="17,0,80,90,134,25,100,71,111,84,104,131,62" hai2="41,45,135,9,65,129,52,47,61,15,8,42,48" hai3="50,60,74,124,82,94,30,106,103,96,10,89,7"/><U125/><E0/><V33/><F33/><W3/><G124/><T5/><D39/><U132/><E125/><V75/><F75/><W118/><G118/><T22/><D35/><U105/><E131/><V102/><F129/><W91/><G30/><T93/><D127/><U29/><E17/><V11/><F135/><N who="1" m="51753" /><E100/><V20/><F102/><W54/><G60/><T28/><D1/><U63/><E111/><V107/><F107/><N who="1" m="41033" /><E71/><V6/><F20/><AGARI ba="2,0" hai="20,25,29,62,63,80,84,90" m="41033,51753" machi="20" ten="30,1500,0" yaku="20,1" doraHai="121" who="1" fromWho="2" sc="264,0,377,21,275,-21,84,0" /><INIT seed="5,3,0,2,1,54" ten="264,398,254,84" oya="1" hai0="56,91,41,34,35,52,93,36,87,24,109,30,13" hai1="77,124,110,84,0,82,69,4,50,12,27,57,83" hai2="78,122,20,21,114,125,6,43,80,49,99,102,63" hai3="90,38,85,112,58,8,107,61,33,55,46,121,81"/><U79/><E110/><V42/><F122/><W103/><G121/><T32/><D109/><U123/><E123/><V18/><F125/><W135/><G135/><T5/><D36/><U88/><E69/><V47/><F114/><W128/><G112/><T17/><D5/><U15/><E124/><V126/><F126/><W76/><G128/><T37/><D41/><U53/><E0/><V16/><F6/><W75/><G33/><T66/><D66/><U132/><E132/><V108/><F108/><W1/><G103/><T9/><REACH who="0" step="1"/><D37/><REACH who="0" ten="254,398,254,84" step="2"/><U22/><E4/><V39/><F43/><W29/><G38/><T97/><D97/><U92/><E79/><V59/><F39/><W60/><G1/><T89/><D89/><U117/><E117/><V44/><F99/><W133/><G133/><T95/><D95/><U26/><E83/><V67/><F102/><W3/><G3/><T65/><D65/><U72/><REACH who="1" step="1"/><E27/><REACH who="1" ten="254,388,254,84" step="2"/><V134/><F134/><W100/><G81/><T11/><D11/><U98/><E98/><V14/><F80/><W94/><G8/><T23/><D23/><U118/><E118/><V130/><F78/><W40/><G76/><T105/><D105/><U120/><E120/><V101/><F21/><W131/><G107/><T25/><D25/><U10/><E10/><V129/><F20/><W127/><G127/><T116/><D116/><U62/><E62/><AGARI ba="3,2" hai="9,13,17,24,30,32,34,35,52,56,62,87,91,93" machi="62" ten="30,7700,0" yaku="1,1,7,1,52,1,54,1,53,0" doraHai="54" doraHaiUra="2" who="0" fromWho="1" sc="254,106,388,-86,254,0,84,0" /><INIT seed="6,0,0,5,3,31" ten="360,302,254,84" oya="2" hai0="43,135,70,27,78,116,82,106,125,39,57,83,46" hai1="87,133,134,86,128,77,121,94,42,64,81,126,88" hai2="5,132,112,53,62,127,25,96,21,91,124,113,97" hai3="15,74,38,84,66,23,12,104,99,98,107,13,120"/><V85/><F5/><W41/><G74/><T4/><D70/><U8/><E42/><V35/><F53/><W37/><G120/><T45/><D106/><U61/><E121/><V73/><F62/><W6/><G66/><T0/><D125/><N who="2" m="48202" /><F73/><W68/><G68/><T110/><D116/><U48/><E126/><V60/><F60/><W115/><G6/><T67/><D27/><U17/><E48/><V11/><F11/><W65/><G65/><T80/><D46/><U55/><E55/><V117/><F117/><W118/><G118/><T129/><D67/><U14/><REACH who="1" step="1"/><E128/><REACH who="1" ten="360,292,254,84" step="2"/><V34/><F132/><W131/><G41/><T90/><D129/><U56/><AGARI ba="0,1" hai="8,14,17,56,61,64,77,81,86,87,88,94,133,134" machi="56" ten="30,7900,0" yaku="1,1,2,1,0,1,54,1,53,0" doraHai="31" doraHaiUra="16" who="1" fromWho="1" sc="360,-20,292,89,254,-39,84,-20" /><INIT seed="7,0,0,2,1,64" ten="340,381,215,64" oya="3" hai0="81,77,27,115,3,22,24,39,82,28,59,112,128" hai1="40,42,91,69,20,56,111,87,11,5,122,44,83" hai2="47,4,35,120,93,126,55,52,97,80,38,133,104" hai3="74,108,85,121,101,13,26,7,45,96,46,78,94"/><W33/><G121/><T58/><D3/><U116/><E122/><V90/><F120/><W63/><G108/><T60/><D39/><U6/><E111/><V117/><F117/><W12/><G74/><T9/><D128/><U57/><E69/><V25/><F104/><W134/><G134/><T50/><D9/><U48/><E116/><V15/><F133/><W62/><G33/><T71/><D27/><U118/><E118/><V51/><F126/><W119/><G119/><T10/><D10/><U103/><E103/><V131/><F131/><W37/><G26/><T95/><D95/><U30/><E42/><V99/><F38/><W31/><G31/><T76/><D50/><U127/><E127/><V43/><F97/><W41/><G45/><T8/><D8/><U53/><E6/><V72/><F4/><W125/><G125/><T34/><D34/><U84/><E40/><V124/><F15/><W29/><G29/><T105/><D105/><U0/><E20/><V61/><F124/><W14/><REACH who="3" step="1"/><G7/><REACH who="3" ten="340,381,215,54" step="2"/><T32/><D32/><U88/><E30/><V107/><F35/><W132/><G132/><T79/><D28/><U65/><E5/><V110/><F25/><W19/><G19/><T18/><D18/><U113/><E0/><V129/><F110/><W86/><G86/><T66/><D24/><U67/><E87/><V17/><F17/><W36/><G36/><T49/><D112/><U109/><E113/><V102/><F72/><W16/><G16/><T75/><D115/><U21/><E109/><V106/><F47/><W2/><G2/><T68/><D75/><RYUUKYOKU ba="0,1" sc="340,-10,381,-10,215,-10,54,30" hai3="12,13,14,37,41,46,62,63,78,85,94,96,101" /><INIT seed="7,1,1,5,3,133" ten="330,371,205,84" oya="3" hai0="124,58,82,50,109,69,78,123,89,85,120,114,21" hai1="79,4,88,8,0,18,40,10,52,17,100,102,23" hai2="101,106,62,28,33,22,42,130,98,135,92,48,11" hai3="134,1,131,75,74,77,6,45,43,95,5,65,26"/><W126/><G134/><T60/><D109/><U3/><E79/><V80/><F135/><W125/><G131/><T76/><D69/><U51/><E40/><V30/><F130/><W20/><G65/><T96/><D50/><U27/><E88/><V91/><F33/><W36/><G95/><T127/><D21/><U49/><E49/><V72/><F11/><N who="3" m="2479" /><G6/><T41/><D41/><U14/><E3/><V35/><F35/><W71/><G71/><T38/><D38/><U70/><E70/><V46/><F62/><W112/><G112/><T63/><D114/><U39/><E39/><V64/><F64/><W128/><G128/><T105/><D63/><U55/><E55/><V7/><F7/><W44/><G44/><AGARI ba="1,1" hai="0,4,8,10,14,17,18,23,27,44,51,52,100,102" machi="44" ten="30,2000,0" yaku="7,1,54,1" doraHai="133" who="1" fromWho="3" sc="330,0,371,33,205,0,84,-23" owari="330,13.0,404,50.0,205,-19.0,61,-44.0" /></mjloggm>