<mjloggm ver="2.3"><GO type="97"/><UN n0="%E3%81%82%E3%82%93%E3%81%96%E3%82%93" n1="%EF%BC%88%E2%89%A7%E2%96%BD%E2%89%A6%EF%BC%89" n2="%E2%98%85%E5%A4%A9%E7%8B%97%E2%98%86" n3="%E3%83%87%E3%83%A5%E3%83%BC%E3%82%AF%E8%A5%BF%E9%83%B7" dan="15,13,14,13" rate="1987,2088,1963,1852" sx="M,M,M,M"/><TAIKYOKU oya="0"/><INIT seed="0,0,0,2,4,104" ten="250,250,250,250" oya="0" hai0="92,1,130,105,58,35,116,123,57,6,10,84,41" hai1="63,9,67,127,30,96,106,32,29,60,64,59,3" hai2="94,88,115,7,8,95,13,54,129,18,119,103,113" hai3="74,99,37,114,24,45,51,75,19,101,69,40,118"/><T62/><D116/><U112/><E127/><V2/><F119/><W125/><G118/><T110/><D123/><U14/><E112/><V71/><F71/><W91/><G114/><T22/><D35/><U86/><E3/><V56/><F129/><W90/><G125/><T102/><D130/><U83/><E32/><V25/><F103/><W70/><G37/><T73/><D110/><U49/><E49/><V80/><F95/><W26/><G70/><T28/><D41/><U4/><E96/><V0/><F80/><W109/><G69/><T23/><D73/><U85/><E106/><V76/><F76/><W66/><G66/><T120/><D120/><U65/><E86/><V107/><F107/><W122/><G122/><T50/><D105/><U131/><E131/><V128/><F2/><W121/><G121/><T42/><D28/><N who="1" m="10859" /><E59/><V31/><F128/><W126/><G126/><T46/><D58/><U11/><E11/><V100/><F100/><W21/><G26/><T97/><REACH who="0" step="1"/><D84/><REACH who="0" step="2"/><U111/><E111/><V108/><F108/><W16/><G109/><T27/><D27/><U5/><E5/><V55/><F115/><W135/><G75/><T53/><AGARI ba="0,1" hai="1,6,10,22,23,42,46,50,53,57,62,92,97,102" machi="53" ten="20,7800,0" yaku="1,1,0,1,7,1,53,1" doraHai="104" doraHaiUra="48" who="0" fromWho="0" sc="240,88,250,-26,250,-26,250,-26" /><INIT seed="0,1,0,5,4,4" ten="328,224,224,224" oya="0" hai0="115,35,84,61,129,16,37,28,132,100,17,93,77" hai1="70,134,109,59,69,44,24,128,3,11,50,53,72" hai2="51,56,58,79,133,6,126,46,9,130,108,113,81" hai3="73,85,36,34,66,116,12,86,120,14,64,67,121"/><T2/><D115/><U98/><E72/><V30/><F113/><W1/><G116/><T55/><D37/><U83/><E134/><V78/><F133/><W21/><G1/><T104/><D132/><U110/><E128/><V102/><F130/><W114/><G73/><T49/><D129/><U54/><E83/><V22/><F126/><W29/><G36/><T99/><D2/><U62/><E24/><V94/><F108/><N who="1" m="41577" /><E98/><V31/><F79/><W57/><G34/><T41/><D35/><U19/><E3/><V105/><F105/><W82/><G114/><T125/><D28/><U75/><E75/><V45/><F45/><W74/><G74/><T124/><D124/><U38/><E38/><V118/><F118/><W10/><G29/><T87/><D125/><U101/><E101/><V40/><F31/><W95/><G95/><T65/><D84/><U68/><E19/><V7/><F7/><W25/><G57/><T0/><D0/><U33/><E33/><V88/><F102/><W107/><G107/><T135/><D135/><U27/><E27/><V52/><F22/><W26/><G82/><T20/><D77/><U97/><E97/><V48/><F30/><N who="3" m="17711" /><G26/><T43/><D104/><U117/><E117/><V76/><F58/><W119/><G119/><T32/><D32/><U80/><E80/><V71/><F71/><N who="1" m="18177" /><U89/><DORA hai="111" /><E89/><V103/><F103/><W96/><G96/><T127/><D127/><U123/><E123/><N who="3" m="47178" /><G14/><T122/><D122/><U60/><E60/><V92/><F81/><W63/><G63/><T8/><D61/><U15/><E15/><RYUUKYOKU ba="1,0" sc="328,-15,224,15,224,-15,224,15" hai1="11,44,50,53,54,59,62" hai3="10,12,64,66,67,85,86" /><INIT seed="1,2,0,4,0,42" ten="313,239,209,239" oya="1" hai0="134,98,81,19,14,50,108,87,36,126,15,82,31" hai1="93,33,39,6,22,118,9,2,104,68,92,24,12" hai2="17,70,43,26,62,45,109,47,65,53,20,3,86" hai3="135,27,123,121,97,75,48,94,113,105,85,66,64"/><U21/><E118/><V35/><F109/><W11/><G75/><T67/><D108/><U59/><E104/><V23/><F3/><W4/><G113/><T116/><D116/><U114/><E68/><V38/><F35/><W83/><G135/><T79/><D134/><U10/><E114/><V34/><F34/><W127/><G105/><T37/><D126/><U44/><E33/><V106/><F106/><W61/><G127/><T25/><D98/><U8/><E59/><V7/><F7/><W73/><G27/><T103/><D103/><U78/><E78/><V107/><F107/><W29/><G29/><T117/><D117/><U60/><E60/><V129/><F129/><W122/><G73/><T76/><D67/><U63/><E63/><V71/><F86/><W74/><G74/><T49/><D31/><U18/><E9/><V40/><F53/><W88/><G48/><T100/><D100/><U84/><E84/><V91/><F91/><W128/><G128/><T32/><D87/><U1/><E1/><V28/><F71/><W133/><G133/><T131/><D32/><U46/><E22/><V58/><F70/><W120/><N who="3" m="31232" /><DORA hai="130" /><W101/><REACH who="3" step="1"/><G61/><REACH who="3" step="2"/><T72/><D72/><U77/><E24/><N who="2" m="14351" /><F38/><W80/><G80/><T69/><D36/><U125/><E39/><V111/><F111/><W119/><G119/><T16/><D37/><U124/><E125/><V90/><F90/><W41/><G41/><AGARI ba="2,1" hai="23,26,28,40,41,43,45,47,58,62,65" m="14351" machi="41" ten="30,3900,0" yaku="8,1,52,2" doraHai="42,130" who="2" fromWho="3" sc="313,0,239,0,209,55,229,-45" /><INIT seed="2,0,0,0,2,32" ten="313,239,264,184" oya="2" hai0="0,31,38,78,46,7,101,121,18,26,14,120,64" hai1="66,98,128,96,63,117,43,109,99,94,49,68,44" hai2="124,4,130,47,126,59,2,127,41,119,89,85,69" hai3="27,54,22,45,110,111,72,80,90,84,24,19,70"/><V97/><F119/><W71/><G72/><T8/><D78/><U103/><E117/><V79/><F69/><W106/><G106/><T74/><D74/><U1/><E128/><V5/><F130/><W81/><G80/><T13/><D101/><U123/><E109/><N who="3" m="41482" /><G27/><T77/><D77/><U61/><E123/><V6/><F97/><W25/><G25/><T73/><D73/><U10/><REACH who="1" step="1"/><E63/><REACH who="1" step="2"/><V9/><F79/><W57/><G45/><T40/><D46/><U17/><E17/><V67/><F59/><W28/><G28/><T118/><D18/><U33/><E33/><V102/><F67/><W11/><G11/><T100/><D8/><U23/><E23/><V92/><REACH who="2" step="1"/><F102/><REACH who="2" step="2"/><W42/><G19/><T108/><D64/><U116/><E116/><V114/><F114/><W76/><G22/><N who="0" m="15831" /><D100/><U37/><E37/><AGARI ba="0,2" hai="2,4,5,6,9,37,41,47,85,89,92,124,126,127" machi="37" ten="40,18000,2" yaku="1,1,18,1,52,1,53,3" doraHai="32" doraHaiUra="134" who="2" fromWho="1" sc="313,0,229,-180,254,200,184,0" /><INIT seed="2,1,0,3,1,116" ten="313,49,454,184" oya="2" hai0="127,132,22,9,62,106,31,18,56,92,113,39,122" hai1="73,112,87,15,67,79,86,105,83,97,4,63,52" hai2="70,124,123,36,98,120,14,30,21,23,121,34,130" hai3="53,35,42,7,45,91,76,64,29,59,26,65,50"/><V99/><F70/><W119/><G119/><T66/><D113/><U81/><E112/><V48/><F36/><W54/><G76/><T43/><D106/><U20/><E105/><V78/><F130/><W82/><G7/><T10/><D127/><U128/><E128/><V55/><F124/><W69/><G69/><T46/><D132/><U74/><E97/><V104/><F104/><W129/><G129/><T103/><D122/><U77/><E52/><V12/><F78/><W84/><REACH who="3" step="1"/><G54/><REACH who="3" step="2"/><T51/><D39/><AGARI ba="1,1" hai="26,29,35,39,42,45,50,53,59,64,65,82,84,91" machi="39" ten="30,3900,0" yaku="1,1,2,1,7,1,53,0" doraHai="116" doraHaiUra="2" who="3" fromWho="0" sc="313,-42,49,0,454,0,174,52" /><INIT seed="3,0,0,0,4,56" ten="271,49,454,226" oya="3" hai0="61,84,71,83,135,4,35,86,120,119,132,69,16" hai1="114,31,24,32,104,70,63,77,37,106,59,46,53" hai2="82,15,60,87,36,13,113,76,1,67,107,25,99" hai3="73,128,133,125,10,3,109,101,55,85,115,88,26"/><W112/><G73/><T39/><D119/><U38/><E114/><V65/><F36/><W100/><G133/><N who="0" m="51275" /><D120/><U57/><E38/><V121/><F67/><W102/><G128/><T64/><D39/><U130/><E130/><V122/><F1/><W7/><G125/><T131/><D131/><U34/><E34/><V58/><F113/><W78/><G78/><N who="0" m="46199" /><D35/><U0/><E0/><V117/><F117/><W129/><G26/><T47/><D4/><U45/><E77/><V90/><F25/><W110/><G129/><T48/><D16/><U62/><E70/><V27/><F27/><W43/><G43/><N who="0" m="24703" /><D86/><U12/><E12/><V14/><F107/><W116/><G55/><T30/><D30/><U103/><E103/><V123/><F99/><W97/><G116/><T19/><D19/><U89/><E89/><AGARI ba="0,0" hai="13,14,15,58,60,65,76,82,87,89,90,121,122,123" machi="89" ten="50,3200,0" yaku="13,1,52,1" doraHai="56" who="2" fromWho="1" sc="271,0,49,-32,454,32,226,0" owari="271,7,17,-48,486,58,226,-17" /></mjloggm>