<mjloggm ver="2.3"><GO type="169"/><UN n0="%E3%81%98%E3%82%83%E3%82%80%E2%99%AD" n1="%E3%81%82%E3%81%A4%E3%81%82%E3%81%A4%E6%B9%AF%E8%B1%86%E8%85%90" n2="%EF%BC%88%E2%89%A7%E2%96%BD%E2%89%A6%EF%BC%89" n3="%68%61%79%61%74%6F%E2%98%86" dan="16,17,17,17" rate="2048,2182,2114,2135" sx="M,M,M,M"/><TAIKYOKU oya="0"/><INIT seed="0,0,0,4,0,1" ten="250,250,250,250" oya="0" hai0="120,118,119,102,0,7,43,56,114,86,17,128,78" hai1="106,8,6,10,55,115,61,60,47,70,71,85,117" hai2="26,67,68,49,9,79,37,94,98,90,3,23,113" hai3="4,104,69,116,89,14,58,27,32,11,127,93,76"/><T12/><D114/><U66/><E117/><V5/><F37/><W110/><G69/><T134/><D120/><U15/><E106/><V72/><F113/><W135/><G104/><T130/><D134/><U80/><E115/><V24/><F49/><W28/><G116/><T46/><D102/><U29/><E29/><V103/><F103/><W59/><G135/><T112/><D112/><U109/><E109/><V81/><REACH who="2" step="1"/><F23/><REACH who="2" ten="250,250,240,250" step="2"/><W41/><G127/><T53/><D118/><U100/><E100/><V124/><F124/><W30/><G110/><T63/><D119/><U82/><E61/><AGARI ba="0,1" hai="3,5,9,24,26,61,67,68,72,79,81,90,94,98" machi="61" ten="40,2600,0" yaku="1,1,52,1,53,0" doraHai="1" doraHaiUra="50" who="2" fromWho="1" sc="250,0,250,-26,240,36,250,0" /><INIT seed="1,0,0,2,5,40" ten="250,224,276,250" oya="1" hai0="90,14,15,37,4,81,123,129,5,47,87,64,95" hai1="91,48,113,60,121,109,105,36,100,16,70,23,27" hai2="25,62,110,78,133,82,77,99,130,124,126,55,88" hai3="34,76,35,103,30,71,83,102,84,122,93,32,117"/><U98/><E113/><V101/><F110/><W116/><G71/><T68/><D129/><U125/><E121/><V19/><F130/><W66/><G66/><T12/><D123/><U44/><E125/><N who="2" m="48235" /><F133/><W104/><G122/><T41/><REACH who="0" step="1"/><D81/><REACH who="0" ten="240,224,276,250" step="2"/><U118/><E109/><V51/><F82/><W128/><G128/><T72/><D72/><U63/><E118/><N who="3" m="45674" /><G104/><T92/><D92/><U127/><E127/><V75/><F75/><W29/><G93/><T58/><D58/><U26/><E70/><V114/><F114/><W59/><G59/><T80/><D80/><U134/><E134/><V96/><F77/><W85/><G85/><T6/><D6/><U28/><E36/><V39/><F78/><W115/><G115/><T119/><D119/><U13/><E91/><V132/><F88/><W65/><G65/><T111/><D111/><U45/><E27/><V52/><F25/><W50/><G103/><T31/><D31/><U8/><REACH who="1" step="1"/><E45/><REACH who="1" ten="240,214,276,250" step="2"/><V7/><F39/><W10/><G102/><T108/><D108/><U46/><E46/><V67/><F101/><W131/><G131/><T57/><D57/><U38/><E38/><V61/><F132/><W3/><G50/><T97/><D97/><U0/><E0/><V73/><F99/><W86/><G86/><T53/><D53/><AGARI ba="0,2" hai="8,13,16,23,26,28,44,48,53,60,63,98,100,105" machi="53" ten="30,11600,0" yaku="1,1,7,1,52,1,54,1,53,0" doraHai="40" doraHaiUra="54" who="1" fromWho="0" sc="240,-116,214,136,276,0,250,0" /><INIT seed="1,1,0,2,5,11" ten="124,350,276,250" oya="1" hai0="133,43,1,119,121,100,63,76,8,72,104,112,23" hai1="38,17,44,101,125,47,39,110,7,9,113,86,52" hai2="106,62,120,57,46,130,109,114,30,36,107,37,4" hai3="93,117,85,35,64,82,99,32,5,97,74,70,131"/><U84/><E113/><V96/><F120/><W48/><G117/><T28/><D119/><U0/><E125/><V14/><F114/><W33/><G74/><T55/><D112/><U68/><E68/><V27/><F109/><W78/><G131/><T15/><D121/><U87/><E110/><V41/><F130/><W34/><G5/><T29/><D1/><U50/><E101/><V77/><F37/><W49/><G97/><T42/><D133/><U54/><REACH who="1" step="1"/><E17/><REACH who="1" ten="124,340,276,250" step="2"/><V105/><F105/><W67/><G70/><T102/><D104/><U90/><E90/><V10/><F107/><W61/><G78/><T56/><D76/><U89/><E89/><V81/><F106/><W69/><G69/><T31/><D100/><U26/><E26/><V115/><F115/><W13/><G99/><T73/><D102/><U3/><E3/><V122/><F96/><W91/><G91/><T118/><D118/><U98/><E98/><V88/><F122/><W6/><G85/><T66/><D72/><U53/><E53/><N who="2" m="34095" /><F88/><W25/><G25/><N who="0" m="16447" /><D73/><U126/><E126/><V83/><F77/><W24/><G24/><T58/><D43/><U79/><E79/><V124/><F124/><W123/><G123/><T134/><D42/><U80/><E80/><N who="2" m="30795" /><F27/><W116/><G116/><T132/><D132/><U40/><E40/><V60/><F30/><W65/><G34/><T135/><D135/><U71/><E71/><V75/><F75/><W129/><G33/><T45/><D134/><U128/><E128/><V21/><F21/><W22/><G22/><T59/><D55/><U111/><E111/><RYUUKYOKU ba="1,1" sc="124,-15,340,15,276,15,250,-15" hai1="0,7,9,38,39,44,47,50,52,54,84,86,87" hai2="4,10,14,36,41,46,60" /><INIT seed="1,2,1,4,4,77" ten="109,355,291,235" oya="1" hai0="120,52,35,61,131,48,103,82,39,60,8,58,30" hai1="25,5,11,10,123,93,24,69,0,132,126,7,106" hai2="85,105,57,42,87,18,31,43,49,74,28,119,80" hai3="75,37,92,134,13,99,94,73,108,62,27,55,46"/><U21/><E123/><V23/><F105/><W117/><G117/><T118/><D118/><U1/><E106/><V133/><F119/><W16/><G134/><T2/><D120/><U9/><E69/><V34/><F133/><W47/><G108/><T78/><D39/><U72/><E72/><V44/><F34/><W135/><G135/><T88/><D131/><U51/><E132/><V79/><F57/><W130/><G27/><N who="1" m="10314" /><E51/><V41/><F85/><W95/><G130/><T70/><D103/><U125/><E21/><V122/><F122/><W96/><G37/><T6/><D30/><N who="2" m="11306" /><F74/><W20/><G73/><T90/><D35/><U22/><E22/><V40/><F42/><W66/><G75/><T81/><D78/><U3/><E93/><V97/><F97/><N who="3" m="37451" /><G66/><T63/><REACH who="0" step="1"/><D70/><REACH who="0" ten="99,355,291,235" step="2"/><U14/><E14/><AGARI ba="2,2" hai="14,18,23,40,41,43,44,49,79,80,87" m="11306" machi="14" ten="30,2000,0" yaku="8,1,52,1" doraHai="77" who="2" fromWho="1" sc="99,0,355,-26,291,46,235,0" /><INIT seed="2,0,0,3,3,102" ten="99,329,337,235" oya="2" hai0="133,71,20,28,110,11,112,3,2,64,116,84,1" hai1="69,62,14,128,29,22,124,55,82,114,56,47,54" hai2="134,65,7,19,73,34,25,91,13,27,100,126,117" hai3="37,75,135,88,0,103,18,111,50,35,12,63,77"/><V121/><F73/><W9/><G35/><T104/><D112/><U109/><E114/><V42/><F121/><W24/><G37/><T53/><D110/><U106/><E109/><V108/><F117/><W105/><G111/><T131/><D116/><U44/><E128/><V30/><F108/><W21/><G0/><T98/><D131/><U39/><E69/><V66/><F134/><W31/><G135/><T129/><D129/><U59/><E124/><V49/><F100/><W125/><G125/><T52/><D133/><U83/><E106/><V119/><F119/><W6/><G75/><T26/><D84/><U87/><E39/><V17/><F126/><W45/><G77/><T5/><D71/><U33/><E33/><V99/><F7/><W61/><G6/><T4/><D64/><N who="2" m="24682" /><F30/><W51/><G51/><T58/><D5/><U95/><E29/><V130/><F130/><W38/><G38/><T80/><D80/><N who="1" m="30763" /><E22/><N who="2" m="11567" /><F34/><W78/><G78/><T68/><D68/><U97/><E14/><V40/><F19/><W36/><G36/><T115/><D115/><U67/><E67/><V46/><F42/><W72/><G72/><T123/><D123/><U127/><E127/><V101/><F101/><W94/><G103/><T8/><D4/><U120/><E120/><V48/><F48/><W118/><G105/><T89/><D104/><U43/><E43/><V79/><F79/><W32/><G32/><T92/><REACH who="0" step="1"/><D53/><REACH who="0" ten="89,329,337,235" step="2"/><U85/><E55/><V74/><F74/><W107/><G107/><T57/><D57/><U70/><E59/><V16/><F40/><N who="3" m="24871" /><G118/><T93/><D93/><RYUUKYOKU ba="0,1" sc="89,15,329,-15,337,-15,235,15" hai0="1,2,3,8,11,20,26,28,52,58,89,92,98" hai3="9,12,18,21,24,31,61,63,88,94" /><INIT seed="3,1,1,5,5,131" ten="104,314,322,250" oya="3" hai0="29,37,9,34,66,56,79,53,81,116,82,85,2" hai1="124,91,3,67,17,93,130,94,100,99,24,1,26" hai2="135,128,0,86,89,4,125,109,54,8,16,108,110" hai3="50,71,65,107,121,12,132,59,95,101,102,35,90"/><W41/><G35/><T57/><D37/><U133/><E130/><V119/><F119/><W42/><G121/><T10/><D116/><U52/><E124/><V11/><F128/><W96/><G71/><T76/><D66/><U87/><E67/><V51/><F125/><W22/><G107/><T70/><D70/><U30/><E133/><V105/><F105/><W13/><G132/><T80/><D34/><U97/><E17/><V78/><F78/><W112/><G112/><T20/><D2/><U18/><E18/><V118/><F118/><W63/><G22/><T49/><D56/><U58/><E87/><V104/><F104/><W92/><G101/><T84/><REACH who="0" step="1"/><D80/><REACH who="0" ten="94,314,322,250" step="2"/><U28/><E3/><V127/><F127/><W39/><G39/><T43/><D43/><N who="3" m="16393" /><G50/><T117/><D117/><U122/><E1/><V88/><F135/><W27/><G27/><AGARI ba="1,2" hai="9,10,20,27,29,49,53,57,76,79,81,82,84,85" machi="27" ten="40,8000,1" yaku="1,1,9,1,8,1,53,2" doraHai="131" doraHaiUra="75" who="0" fromWho="3" sc="94,103,314,0,322,0,250,-83" /><INIT seed="4,0,0,4,3,44" ten="197,314,322,167" oya="0" hai0="20,10,121,94,22,32,125,15,77,4,98,43,88" hai1="96,46,21,51,60,5,7,48,63,9,3,82,71" hai2="134,56,100,117,83,108,49,54,30,13,124,35,38" hai3="0,93,87,107,76,103,132,47,75,18,129,114,78"/><T122/><D32/><U19/><E71/><V1/><F108/><W33/><G33/><T74/><BYE who="3" /><D125/><U28/><E28/><V2/><F38/><W101/><G101/><T8/><D43/><U130/><E130/><V105/><F124/><UN n3="%68%61%79%61%74%6F%E2%98%86" /><W31/><G0/><T84/><D74/><U118/><E118/><V17/><F117/><W72/><G31/><T102/><D77/><N who="3" m="29801" /><G47/><T115/><D8/><U26/><E82/><V14/><F83/><W111/><G18/><T127/><D127/><U52/><E7/><V89/><F89/><N who="3" m="53439" /><G114/><T110/><D110/><U12/><E3/><V11/><F30/><W55/><G55/><T64/><D64/><U106/><E106/><V131/><F35/><W58/><G58/><T91/><D91/><U27/><E96/><V25/><F2/><W39/><G39/><T85/><D85/><U70/><E70/><V112/><F1/><W59/><G59/><T95/><REACH who="0" step="1"/><D115/><REACH who="0" ten="187,314,322,167" step="2"/><U67/><E67/><V65/><F65/><W50/><G111/><T34/><D34/><U57/><E27/><V99/><F112/><W80/><G129/><T40/><D40/><AGARI ba="0,1" hai="5,9,12,19,21,26,40,46,48,51,52,57,60,63" machi="40" ten="30,8000,1" yaku="7,1,8,1,52,2,54,1" doraHai="44" who="1" fromWho="0" sc="187,-80,314,90,322,0,167,0" /><INIT seed="5,0,0,5,1,27" ten="107,404,322,167" oya="1" hai0="3,18,5,132,2,135,14,101,91,22,64,65,134" hai1="31,11,38,42,59,32,89,102,82,129,120,118,72" hai2="17,63,34,126,19,92,51,112,117,79,74,10,4" hai3="39,128,109,25,8,67,104,26,99,108,113,0,24"/><U37/><E118/><V100/><F117/><W80/><G39/><T56/><D101/><U36/><E120/><V23/><F34/><W57/><G128/><T30/><D91/><U44/><E102/><V88/><F126/><W52/><G113/><T6/><D56/><U125/><E125/><V116/><F116/><W87/><G67/><T43/><D43/><U77/><E129/><V106/><F112/><W66/><G66/><T7/><D64/><U50/><E89/><V46/><F63/><W94/><G104/><T33/><D65/><U15/><E59/><V49/><F106/><W121/><G121/><T70/><D70/><U69/><E69/><V28/><F100/><W123/><G123/><T62/><D62/><U98/><E98/><N who="2" m="57607" /><F79/><W105/><G105/><T84/><D84/><U103/><E103/><V86/><F86/><W53/><G94/><T124/><D124/><U122/><E122/><V16/><F74/><W114/><G99/><T29/><D33/><U13/><REACH who="1" step="1"/><E11/><REACH who="1" ten="107,394,322,167" step="2"/><V90/><F90/><W9/><G114/><T85/><D85/><U47/><E47/><V96/><F46/><W68/><G8/><T115/><D115/><U12/><E12/><N who="2" m="5191" /><F96/><W75/><G68/><T95/><D95/><U54/><E54/><V133/><F133/><W119/><G53/><T48/><D48/><U127/><E127/><V110/><F110/><W73/><G119/><T58/><D58/><U71/><E71/><V81/><F81/><W21/><G108/><T93/><D93/><U76/><E76/><V1/><F1/><AGARI ba="0,1" hai="1,2,3,5,6,7,14,18,22,29,30,132,134,135" machi="1" ten="50,12000,2" yaku="20,1,34,3,52,2" doraHai="27" who="0" fromWho="2" sc="107,130,394,0,322,-120,167,0" /><INIT seed="6,0,0,0,1,88" ten="237,394,202,167" oya="2" hai0="13,123,84,73,29,71,12,68,66,121,17,124,59" hai1="107,46,16,93,26,42,119,76,54,32,40,70,2" hai2="77,105,111,80,74,130,50,85,134,90,14,116,57" hai3="53,108,114,22,118,132,55,19,117,45,81,106,126"/><V52/><F116/><W60/><G106/><T82/><D73/><U27/><E2/><V99/><F134/><W47/><G81/><T127/><D29/><U94/><E107/><V37/><F130/><W115/><G22/><N who="0" m="11559" /><D13/><U34/><E70/><V23/><F37/><W128/><G19/><T113/><D113/><N who="3" m="43017" /><G132/><T9/><D9/><U89/><E76/><V64/><F111/><W25/><G25/><T58/><D68/><U3/><E3/><V129/><F129/><W120/><G128/><T83/><D71/><U43/><E119/><N who="3" m="45578" /><G126/><N who="0" m="48171" /><D66/><U98/><E34/><V67/><F14/><W56/><G108/><T103/><D103/><N who="1" m="60879" /><E32/><V28/><F28/><W44/><G120/><N who="0" m="46155" /><D83/><U86/><E16/><V131/><F131/><W96/><G96/><T109/><D109/><U10/><E10/><V30/><F30/><W100/><G100/><T5/><D5/><U92/><E27/><V8/><F8/><W7/><G7/><T104/><D104/><U11/><E11/><V39/><F23/><W49/><AGARI ba="0,0" hai="44,45,47,49,53,55,56,60" m="45578,43017" machi="49" ten="40,8000,1" yaku="15,1,11,1,34,2" doraHai="88" who="3" fromWho="3" sc="237,-20,394,-20,202,-40,167,80" /><INIT seed="7,0,0,4,1,84" ten="217,374,162,247" oya="3" hai0="26,14,95,83,117,122,39,94,28,40,87,47,113" hai1="99,21,33,65,52,5,90,81,0,16,42,22,9" hai2="32,58,37,116,1,69,76,104,10,93,68,70,132" hai3="55,12,97,4,66,123,120,114,133,102,44,129,57"/><W124/><G124/><T72/><D117/><U24/><E65/><V89/><F116/><W18/><G133/><T59/><D122/><U130/><E130/><V36/><F104/><W127/><G127/><T60/><D72/><U75/><E42/><V92/><F132/><W51/><G129/><T115/><D14/><U82/><E75/><V11/><F32/><W54/><G114/><N who="0" m="43531" /><D59/><U30/><E52/><V62/><F76/><W48/><G66/><T20/><D60/><U74/><E74/><V8/><F1/><W88/><G4/><T38/><D38/><U49/><E49/><V73/><F73/><W6/><G6/><T27/><D26/><U119/><E22/><V63/><F58/><W43/><G43/><T107/><D107/><U109/><E119/><V80/><F80/><W78/><G78/><AGARI ba="0,0" hai="20,27,28,39,40,47,78,83,87,94,95" m="43531" machi="78" ten="30,2000,0" yaku="15,1,11,1" doraHai="84" who="0" fromWho="3" sc="217,20,374,0,162,0,247,-20" owari="237,4.0,374,47.0,162,-34.0,227,-17.0" /></mjloggm>