<mjloggm ver="2.3"><GO type="41"/><UN n0="%E3%82%A6%E3%83%AB%E3%83%88%E3%83%A9%E7%AB%8B%E7%9B%B4" n1="%E5%85%AC%E5%A4%96%E5%8F%8E%E5%85%A5%E3%83%93%E3%83%90%E8%A6%8B%E5%8A%9B" n2="%6C%69%67%68%74%39%39" n3="%E9%83%A1%E5%B1%B1%E7%83%88%E7%81%AB" dan="15,14,15,14" rate="1970,1997,2028,1962" sx="M,M,M,M"/><TAIKYOKU oya="0"/><INIT seed="0,0,0,0,2,11" ten="250,250,250,250" oya="0" hai0="91,73,105,67,122,3,35,107,131,109,65,53,27" hai1="20,89,48,132,52,68,74,5,32,113,72,18,45" hai2="50,128,23,79,120,88,33,84,19,114,42,85,51" hai3="125,2,14,110,135,28,90,111,100,26,0,59,119"/><T86/><D3/><U39/><E32/><V76/><F120/><W44/><G119/><T24/><D122/><U8/><E68/><V117/><F114/><W123/><G123/><T62/><D73/><U101/><E113/><V36/><F33/><W21/><G100/><T1/><D1/><U126/><E132/><V70/><F70/><W46/><G135/><T34/><D131/><U99/><E89/><V6/><F128/><W30/><G30/><T57/><D109/><N who="3" m="41481" /><G90/><T12/><D105/><U47/><E126/><V64/><F117/><W31/><G59/><T61/><D107/><U134/><E134/><V129/><F129/><W124/><G31/><T4/><D34/><U104/><E39/><V92/><F36/><W60/><G60/><T116/><D116/><U38/><E38/><V82/><F6/><W97/><G97/><T25/><D35/><U121/><E121/><V49/><F64/><W77/><G77/><T54/><D65/><U55/><E55/><V15/><REACH who="2" step="1"/><F76/><REACH who="2" ten="250,250,240,250" step="2"/><W22/><G125/><T108/><D67/><U130/><E130/><V87/><F87/><W40/><G124/><T66/><D66/><U102/><E74/><V58/><F58/><W71/><G71/><T98/><D108/><U13/><E72/><V96/><F96/><W94/><G46/><AGARI ba="0,1" hai="15,19,23,42,46,49,50,51,79,82,84,85,88,92" machi="46" ten="40,8000,1" yaku="1,1,8,1,52,1,54,1,53,1" doraHai="11" doraHaiUra="16" who="2" fromWho="3" sc="250,0,250,0,240,90,250,-80" /><INIT seed="1,0,0,3,4,10" ten="250,250,330,170" oya="1" hai0="129,93,33,45,2,125,86,36,124,89,68,23,83" hai1="34,40,94,56,100,78,39,21,35,53,109,97,84" hai2="4,37,42,87,73,117,101,44,108,15,1,111,5" hai3="26,134,14,62,59,38,104,57,132,91,50,119,71"/><U112/><E112/><V75/><F1/><W96/><G38/><T123/><D68/><U103/><E103/><V82/><F117/><W106/><G26/><T43/><D33/><U49/><E109/><N who="2" m="42059" /><F101/><W99/><G119/><T29/><D129/><U85/><E39/><V61/><F61/><W52/><G71/><T9/><D123/><U105/><E40/><V133/><F133/><N who="3" m="51307" /><G91/><T122/><D122/><U118/><E118/><V80/><F80/><W48/><G48/><T79/><D23/><U11/><E85/><V74/><F15/><W19/><G106/><T32/><D29/><U22/><E35/><V120/><F120/><W20/><G104/><T98/><D32/><U110/><E110/><V77/><AGARI ba="0,0" hai="4,5,37,42,44,73,74,75,77,82,87" m="42059" machi="77" ten="40,1500,0" yaku="14,1" doraHai="10" who="2" fromWho="2" sc="250,-4,250,-7,330,15,170,-4" /><INIT seed="2,0,0,1,0,48" ten="246,243,345,166" oya="2" hai0="87,108,128,35,126,72,47,16,15,102,131,104,10" hai1="31,66,55,29,33,130,94,99,4,28,9,80,122" hai2="22,41,46,12,61,19,6,27,115,44,133,135,116" hai3="34,49,60,88,75,57,59,73,103,86,111,109,32"/><V71/><F115/><W63/><G103/><T90/><D35/><U105/><E105/><V2/><F116/><W84/><REACH who="3" step="1"/><G49/><REACH who="3" ten="246,243,345,156" step="2"/><T67/><D102/><U106/><E122/><V68/><F61/><W30/><G30/><T110/><D104/><U100/><E106/><V51/><F135/><W26/><G26/><T36/><D128/><U23/><E130/><V101/><F133/><W113/><G113/><T69/><D131/><U121/><E121/><V129/><F101/><W76/><G76/><T64/><D110/><U24/><E33/><V13/><F129/><W118/><G118/><T114/><D108/><U1/><E31/><V85/><F27/><W77/><G77/><T127/><D114/><U18/><E29/><V5/><F51/><W11/><G11/><T37/><D10/><U83/><E28/><V14/><F2/><W96/><G96/><T119/><D119/><U0/><E0/><V112/><F112/><W58/><G58/><T39/><D15/><U95/><E1/><V123/><F123/><W62/><G62/><T70/><D126/><U20/><E100/><V52/><F14/><W78/><G78/><T89/><D127/><U17/><E99/><V53/><F12/><W81/><G81/><T54/><D39/><U25/><E9/><V91/><F71/><W45/><G45/><N who="2" m="17513" /><F68/><W3/><G3/><T97/><D69/><U65/><E4/><N who="2" m="1643" /><F41/><W43/><G43/><T21/><D70/><U56/><E56/><V107/><F107/><W38/><G38/><T92/><D37/><U125/><E125/><V132/><F132/><W117/><G117/><RYUUKYOKU ba="0,1" sc="246,-30,243,10,345,10,156,10" hai1="17,18,20,23,24,25,55,65,66,80,83,94,95" hai2="13,19,22,52,53,85,91" hai3="32,34,57,59,60,63,73,75,84,86,88,109,111" /><INIT seed="2,1,1,4,3,119" ten="216,253,355,166" oya="2" hai0="34,88,35,121,28,131,61,128,33,16,71,49,51" hai1="107,57,7,27,102,113,89,135,76,13,86,56,111" hai2="39,108,29,83,67,115,127,69,9,87,6,94,53" hai3="134,48,82,59,120,75,10,77,14,80,126,0,64"/><V11/><F115/><W17/><G134/><T90/><D28/><U130/><E113/><V12/><F39/><W116/><G116/><T91/><D121/><U100/><E135/><V52/><F127/><W19/><G126/><T97/><D97/><U78/><E107/><V36/><F36/><W73/><G0/><T31/><D31/><U21/><E130/><N who="0" m="49705" /><D61/><U92/><E111/><V32/><F108/><W124/><G124/><T18/><D71/><U47/><E47/><V25/><F94/><W118/><G118/><T5/><D5/><U122/><E122/><V43/><F43/><W26/><G120/><T4/><D4/><U103/><E7/><V93/><F93/><W74/><G26/><T104/><D104/><U112/><E112/><V105/><F105/><W125/><G125/><T15/><D15/><U60/><E13/><V106/><F106/><W42/><G19/><AGARI ba="1,1" hai="16,18,19,33,34,35,49,51,88,90,91" m="49705" machi="19" ten="40,8000,1" yaku="28,2,19,1,54,2" doraHai="119" who="0" fromWho="3" sc="216,93,253,0,355,0,166,-83" /><INIT seed="3,0,0,5,0,126" ten="309,253,355,83" oya="3" hai0="36,40,133,76,19,97,125,71,52,9,33,115,56" hai1="69,58,99,110,60,100,77,94,130,120,64,49,129" hai2="111,24,104,62,7,34,21,123,29,135,6,38,116" hai3="81,117,54,57,75,41,53,89,30,12,74,67,88"/><W101/><G117/><T80/><D33/><U114/><E120/><V5/><F104/><W26/><G101/><T42/><D125/><U91/><E114/><V28/><F38/><W95/><G41/><T32/><D32/><U3/><E3/><V65/><F116/><W68/><G68/><T92/><D71/><U44/><E110/><V22/><F111/><W86/><G12/><T124/><D124/><U37/><E77/><V25/><F123/><W93/><G67/><T63/><D115/><U46/><E46/><V39/><F39/><W134/><G134/><T70/><D70/><U66/><E66/><V35/><REACH who="2" step="1"/><F135/><REACH who="2" ten="309,253,345,83" step="2"/><W47/><G74/><T118/><D36/><U2/><E37/><V15/><F15/><W23/><G75/><T87/><D118/><U85/><E2/><V4/><N who="2" m="1536" /><DORA hai="109" /><V61/><F61/><W17/><G30/><T128/><D133/><U83/><REACH who="1" step="1"/><E69/><AGARI ba="0,1" hai="21,22,24,25,28,29,34,35,62,65,69" m="1536" machi="69" ten="50,3200,0" yaku="1,1,9,1,53,0" doraHai="126,109" doraHaiUra="10,113" who="2" fromWho="1" sc="309,0,253,-32,345,42,83,0" /><INIT seed="4,0,0,1,5,105" ten="309,221,387,83" oya="0" hai0="26,91,20,75,3,55,135,67,25,85,93,6,90" hai1="73,87,58,14,95,88,36,39,18,48,63,111,78" hai2="86,133,37,74,9,30,2,96,13,62,108,22,131" hai3="116,123,110,8,46,44,121,21,71,77,100,38,17"/><T83/><D135/><U56/><E111/><V117/><F133/><W72/><G110/><T33/><D67/><U81/><E48/><V5/><F108/><W54/><G116/><T65/><D65/><U52/><REACH who="1" step="1"/><E58/><REACH who="1" ten="309,211,387,83" step="2"/><V57/><F117/><W115/><G123/><T15/><D33/><U49/><E49/><V51/><F51/><W29/><G121/><T104/><D104/><U106/><E106/><V68/><F57/><W129/><G38/><T60/><D60/><U99/><E99/><V97/><F37/><W10/><G71/><T16/><D55/><U130/><E130/><V61/><F131/><W109/><G54/><T84/><D3/><U4/><E4/><V35/><F61/><W124/><G129/><T41/><D41/><U128/><E128/><V113/><F62/><W118/><G109/><T34/><D6/><U42/><E42/><V126/><F68/><W122/><G118/><T45/><D45/><U103/><E103/><V12/><F97/><W31/><G100/><T59/><D59/><U80/><E80/><V98/><F96/><W1/><G46/><T89/><D34/><U47/><E47/><V94/><F98/><W101/><G101/><T32/><D32/><U127/><E127/><V64/><F35/><W11/><G44/><T107/><D107/><U102/><E102/><V43/><F5/><W23/><G1/><T120/><D120/><U70/><E70/><V66/><F2/><W69/><G69/><T27/><D93/><U7/><E7/><N who="2" m="3135" /><F94/><W132/><G122/><T0/><D0/><U50/><E50/><V119/><F43/><RYUUKYOKU ba="0,1" sc="309,15,211,15,387,-15,83,-15" hai0="15,16,20,25,26,27,75,83,84,85,89,90,91" hai1="14,18,36,39,52,56,63,73,78,81,87,88,95" /><INIT seed="4,1,1,4,2,118" ten="324,226,372,68" oya="0" hai0="74,87,86,110,51,22,64,108,78,96,9,19,111" hai1="124,11,18,36,30,52,39,73,23,129,48,99,113" hai2="68,67,72,1,135,50,43,101,21,97,62,132,114" hai3="121,54,130,122,89,75,0,45,66,55,112,12,106"/><T123/><D74/><U131/><E73/><V92/><F72/><W71/><G75/><T104/><D64/><U93/><E124/><V83/><F1/><W28/><G0/><T61/><D61/><U127/><E127/><V35/><F35/><W40/><G106/><T60/><D60/><U29/><E11/><V25/><F114/><W49/><G28/><N who="1" m="10858" /><E113/><V95/><F83/><W3/><G3/><T102/><D9/><U134/><E134/><N who="2" m="51243" /><F43/><W119/><G12/><N who="0" m="9575" /><D78/><U57/><E18/><N who="2" m="12471" /><F50/><W16/><G112/><T88/><D51/><U56/><E56/><V120/><F95/><W65/><G119/><T94/><D87/><U37/><E23/><V79/><F79/><W98/><G98/><T81/><D123/><AGARI ba="1,1" hai="62,67,68,92,97,101,120,123" m="12471,51243" machi="123" ten="30,3900,0" yaku="20,1,52,2" doraHai="118" who="2" fromWho="0" sc="324,-42,226,0,372,52,68,0" /><INIT seed="5,0,0,3,0,6" ten="282,226,424,68" oya="1" hai0="124,10,59,64,8,75,110,67,131,86,88,126,120" hai1="51,41,42,104,13,73,119,80,83,43,52,95,35" hai2="23,14,17,47,65,112,48,90,56,54,20,102,94" hai3="106,4,44,31,85,16,118,36,74,24,116,39,113"/><U96/><E35/><V134/><F134/><W93/><G106/><T57/><D75/><U127/><E119/><N who="3" m="45610" /><G74/><T111/><D120/><U37/><E37/><V45/><F112/><W62/><G113/><T130/><D86/><U122/><E104/><V0/><F0/><W1/><G62/><T69/><D88/><N who="1" m="55399" /><E122/><V76/><F76/><W92/><G85/><T78/><D78/><U46/><E73/><V2/><F2/><W68/><G68/><AGARI ba="0,0" hai="8,10,57,59,64,67,68,69,110,111,124,126,130,131" machi="68" ten="25,6400,0" yaku="22,2,52,2" doraHai="6" who="0" fromWho="3" sc="282,64,226,0,424,0,68,-64" /><INIT seed="6,0,0,0,5,84" ten="346,226,424,4" oya="2" hai0="49,66,115,130,82,56,105,19,91,43,134,83,93" hai1="68,27,41,46,75,73,39,128,48,15,97,1,127" hai2="133,20,7,55,131,94,53,44,51,54,16,103,79" hai3="13,59,111,102,28,78,29,96,76,26,95,86,124"/><V31/><F31/><W62/><G111/><T109/><D105/><U70/><E1/><V22/><F133/><W40/><G40/><T35/><D35/><U52/><E127/><V100/><F131/><W63/><G124/><T3/><D3/><U80/><E128/><V2/><F79/><W64/><G13/><T129/><D109/><U60/><E97/><N who="2" m="59447" /><F2/><W120/><G120/><T33/><D33/><U37/><E37/><V38/><F38/><W108/><G108/><T23/><D134/><U116/><E116/><V36/><F36/><W21/><G29/><T81/><D115/><U25/><E15/><N who="2" m="9247" /><F7/><W125/><G125/><T77/><D77/><U92/><E92/><V119/><F119/><W8/><G8/><T101/><D101/><U9/><E9/><V89/><F103/><W24/><G24/><T74/><D74/><U114/><E114/><V67/><F67/><W135/><G135/><T126/><D126/><U11/><E11/><V0/><F0/><W110/><G110/><T65/><D130/><U47/><E70/><V14/><F89/><W87/><G63/><T17/><D129/><U58/><E47/><V10/><F10/><W132/><G132/><T32/><D32/><U71/><E71/><V98/><F98/><W61/><G61/><N who="0" m="38055" /><D66/><N who="1" m="41031" /><E73/><V42/><F22/><W88/><G86/><N who="0" m="52471" /><D23/><U99/><E99/><V18/><F14/><W69/><G69/><T50/><D50/><U122/><E122/><V6/><F6/><W4/><G4/><T34/><D34/><U45/><E45/><AGARI ba="0,0" hai="17,19,43,45,49,81,82,83" m="52471,38055" machi="45" ten="30,2000,0" yaku="8,1,52,1" doraHai="84" who="0" fromWho="1" sc="346,20,226,-20,424,0,4,0" /><INIT seed="7,0,0,2,5,18" ten="366,206,424,4" oya="3" hai0="84,121,25,104,20,70,93,90,4,86,124,132,41" hai1="53,36,3,99,127,65,133,85,122,30,29,8,61" hai2="60,50,43,120,71,119,11,135,51,37,112,111,39" hai3="23,56,54,89,1,102,125,88,48,24,103,68,73"/><W97/><G68/><T75/><D75/><U117/><E122/><V31/><F31/><W105/><G1/><T9/><D104/><U12/><E36/><N who="2" m="13899" /><F11/><W77/><G125/><T72/><D124/><U129/><E127/><V19/><F19/><W46/><G103/><T100/><D121/><U47/><E3/><V76/><F76/><W34/><G34/><T134/><D70/><U131/><E117/><V79/><F79/><W113/><G73/><T49/><D72/><U91/><E99/><V118/><F120/><W10/><G77/><T26/><D100/><U38/><E133/><V82/><F82/><W95/><G10/><T107/><D107/><U92/><E38/><V67/><F135/><W59/><G113/><T108/><D26/><U32/><E32/><V81/><F81/><W62/><G105/><T63/><D108/><U44/><E44/><N who="2" m="25887" /><F112/><W42/><G59/><T14/><D63/><U22/><E22/><V52/><F111/><W78/><G78/><T66/><D66/><U57/><E47/><AGARI ba="0,0" hai="47,51,52,60,67,71,118,119" m="25887,13899" machi="47" ten="30,3900,0" yaku="34,2,54,1" doraHai="18" who="2" fromWho="1" sc="366,0,206,-39,424,39,4,0" owari="366,17.0,167,-23.0,463,56.0,4,-50.0" /></mjloggm>