<mjloggm ver="2.3"><GO type="41"/><UN n0="%E7%9C%9F%E7%94%B0%E6%98%8C%E5%B9%B8" n1="%63%61%74%74%61%6B%69%64" n2="%E8%93%AE%E4%B9%9F" n3="%EF%BC%88%E2%89%A7%E2%96%BD%E2%89%A6%EF%BC%89" dan="15,14,15,14" rate="1991,1964,1968,2033" sx="M,M,M,M"/><TAIKYOKU oya="0"/><INIT seed="0,0,0,1,5,132" ten="250,250,250,250" oya="0" hai0="53,15,90,35,87,78,84,72,121,93,107,133,64" hai1="49,70,40,81,4,38,116,27,129,42,39,102,89" hai2="68,92,98,108,83,104,21,26,105,37,77,96,50" hai3="46,11,80,41,130,124,14,82,91,128,52,18,48"/><T47/><D121/><U135/><E116/><V2/><F37/><W30/><G30/><T7/><D35/><U62/><E4/><V17/><F2/><W28/><G28/><T33/><D33/><U29/><E102/><V55/><F68/><W56/><G124/><T85/><D107/><U125/><E125/><V94/><F108/><W1/><G1/><T12/><D64/><U34/><E135/><V123/><F123/><W36/><REACH who="3" step="1"/><G91/><REACH who="3" step="2"/><T61/><D133/><U134/><E134/><V112/><F112/><W59/><G59/><N who="0" m="35055" /><D72/><U67/><E89/><V110/><F110/><W115/><G115/><T73/><D73/><U6/><E29/><V122/><F122/><W5/><G5/><T19/><D78/><U74/><E6/><V54/><F77/><W109/><G109/><T113/><D113/><U111/><E74/><V51/><F17/><W69/><G69/><T79/><D79/><U10/><E111/><V114/><F114/><W43/><G43/><T58/><D58/><U20/><E42/><V106/><F106/><W24/><G24/><T63/><D7/><U9/><E40/><V8/><F26/><W119/><G119/><T131/><D90/><U99/><E70/><V57/><F57/><W25/><G25/><T76/><D76/><U44/><E27/><V101/><F104/><W126/><G126/><T88/><D88/><U65/><E39/><V45/><F105/><W120/><G120/><T3/><D3/><U86/><E38/><V16/><F45/><W66/><G66/><T127/><D127/><U22/><E44/><V32/><F32/><RYUUKYOKU ba="0,1" sc="250,-10,250,-10,250,-10,240,30" hai3="11,14,18,36,41,46,48,52,56,80,82,128,130" /><INIT seed="1,1,1,5,3,19" ten="240,240,240,270" oya="1" hai0="115,64,130,13,134,24,127,10,38,40,112,8,14" hai1="105,27,107,67,46,2,0,68,100,39,11,59,101" hai2="75,87,92,61,53,83,16,74,98,125,131,82,129" hai3="20,109,103,86,90,54,123,110,35,15,94,31,71"/><U42/><E59/><V69/><F69/><W44/><G71/><T45/><D64/><U23/><E101/><V132/><F61/><W4/><G123/><T111/><D111/><N who="3" m="42505" /><G103/><T7/><D134/><U49/><E49/><V58/><F58/><W121/><G121/><T85/><D130/><U78/><E78/><V108/><F53/><W118/><G118/><T57/><D127/><U117/><E117/><V60/><F60/><W6/><G35/><T34/><D57/><U48/><E48/><V84/><F16/><N who="3" m="10271" /><G31/><T88/><D34/><U21/><E105/><V22/><F22/><W47/><G54/><T32/><D24/><U96/><E23/><V12/><F108/><W126/><G126/><T1/><D32/><U63/><E11/><V52/><F12/><W17/><G17/><AGARI ba="1,1" hai="0,2,17,21,27,39,42,46,63,67,68,96,100,107" machi="17" ten="30,2900,0" yaku="7,1,52,1" doraHai="19" who="1" fromWho="3" sc="240,0,240,42,240,0,270,-32" /><INIT seed="1,2,0,3,4,34" ten="240,282,240,238" oya="1" hai0="33,7,110,134,117,10,90,4,125,23,25,74,106" hai1="27,58,64,44,24,103,56,93,86,123,8,51,47" hai2="118,83,65,69,97,35,21,59,63,120,29,121,32" hai3="96,127,1,102,95,57,43,124,17,36,81,77,85"/><U130/><E123/><V75/><F118/><W72/><G57/><T112/><D106/><U68/><E68/><V101/><F21/><W122/><G122/><T2/><D74/><U5/><E130/><V67/><F67/><W30/><G30/><T88/><D117/><U113/><E113/><V98/><F98/><W37/><G17/><T53/><D112/><U119/><E119/><V109/><F109/><W126/><G1/><T39/><D33/><U9/><E9/><V54/><F35/><W78/><REACH who="3" step="1"/><G43/><REACH who="3" step="2"/><T20/><D2/><U26/><E58/><V116/><F116/><W45/><G45/><T66/><D7/><U84/><E47/><V48/><F29/><W76/><G76/><T49/><D4/><U131/><E131/><V128/><F128/><W71/><G71/><T111/><D110/><U0/><E56/><V52/><F54/><W129/><G129/><T99/><D53/><U70/><E70/><V18/><F18/><W82/><AGARI ba="2,1" hai="36,37,72,77,78,81,82,85,95,96,102,124,126,127" machi="82" ten="40,5200,0" yaku="1,1,0,1,18,1,53,0" doraHai="34" doraHaiUra="3" who="3" fromWho="3" sc="240,-15,282,-28,240,-15,228,68" /><INIT seed="2,0,0,0,2,101" ten="225,254,225,296" oya="2" hai0="105,35,65,133,86,20,64,41,54,102,24,11,23" hai1="104,82,119,106,49,77,108,90,38,97,16,59,13" hai2="76,52,100,5,4,42,89,93,63,55,58,9,50" hai3="95,131,117,72,67,30,51,21,1,120,66,123,103"/><V92/><F76/><W118/><G1/><T14/><D41/><U113/><E119/><V43/><F100/><W109/><G72/><T132/><D35/><U111/><E113/><V29/><F29/><W84/><G103/><T19/><D23/><U70/><E70/><V45/><F93/><W10/><G10/><T126/><D86/><U56/><E38/><V75/><F75/><W96/><G96/><N who="0" m="61639" /><D54/><N who="1" m="31823" /><E59/><V129/><F129/><W87/><G131/><T80/><D80/><U2/><E2/><V135/><F135/><N who="0" m="51786" /><D126/><U88/><E97/><V28/><F28/><AGARI ba="0,0" hai="11,14,19,20,24,28,64,65" m="51786,61639" machi="28" ten="30,2000,0" yaku="20,1,52,1" doraHai="101" who="0" fromWho="2" sc="225,20,254,0,225,-20,296,0" /><INIT seed="3,0,0,3,5,57" ten="245,254,205,296" oya="3" hai0="31,9,104,97,29,94,105,120,62,64,100,38,134" hai1="111,118,14,91,32,54,131,127,60,6,98,26,8" hai2="116,71,46,2,28,4,35,76,65,13,77,84,5" hai3="73,63,89,81,30,88,10,3,112,126,37,78,122"/><W75/><G122/><T85/><D120/><U33/><E127/><V7/><F2/><W45/><G112/><T102/><D38/><U24/><E131/><V79/><F116/><W93/><G126/><T41/><D41/><U12/><E118/><V95/><F35/><W58/><G30/><T25/><D134/><U20/><E111/><V70/><F28/><W48/><G73/><T86/><D31/><U123/><E123/><V107/><F107/><W74/><G74/><T130/><D130/><U135/><E135/><V121/><F121/><W96/><G48/><T47/><D47/><U52/><E33/><V72/><F72/><W124/><G124/><T110/><D110/><U21/><E32/><V114/><F114/><W61/><G89/><T19/><D102/><U34/><E34/><V27/><F27/><N who="1" m="10281" /><E14/><V125/><F125/><W68/><G58/><N who="0" m="36951" /><D105/><U87/><E98/><V59/><F46/><W0/><G68/><T55/><D104/><U56/><E54/><V16/><F84/><W109/><G109/><T36/><D55/><U22/><E22/><V103/><F95/><AGARI ba="0,0" hai="6,8,12,20,21,52,56,60,87,91,95" m="10281" machi="95" ten="30,3900,0" yaku="8,1,52,1,54,1" doraHai="57" who="1" fromWho="2" sc="245,0,254,39,205,-39,296,0" /><INIT seed="4,0,0,2,3,26" ten="245,293,166,296" oya="0" hai0="102,108,130,36,91,90,74,14,120,68,110,63,21" hai1="49,61,55,39,107,46,2,86,117,47,64,18,73" hai2="27,15,118,51,66,105,113,79,84,106,20,7,52" hai3="44,116,92,25,10,100,16,98,48,5,119,132,62"/><T13/><D120/><U87/><E73/><V30/><F113/><W22/><G132/><T43/><D74/><U94/><E107/><V37/><F118/><W42/><REACH who="3" step="1"/><G62/><REACH who="3" step="2"/><T33/><D63/><U28/><E61/><V35/><F66/><W112/><G112/><T101/><D110/><U76/><E64/><V24/><F37/><W126/><G126/><T103/><D108/><U75/><E39/><V80/><F15/><AGARI ba="0,1" hai="5,10,15,16,22,25,42,44,48,92,98,100,116,119" machi="15" ten="30,7700,0" yaku="1,1,7,1,54,1,53,1" doraHai="26" doraHaiUra="95" who="3" fromWho="2" sc="245,0,293,0,166,-77,286,87" /><INIT seed="5,0,0,3,3,100" ten="245,293,89,373" oya="1" hai0="70,125,89,96,87,63,98,90,44,46,7,129,73" hai1="54,55,75,39,35,126,56,42,25,32,58,101,107" hai2="23,122,118,92,99,86,91,45,135,15,37,113,52" hai3="0,14,80,5,114,62,94,20,74,93,82,13,108"/><U8/><E75/><V61/><F122/><W65/><G108/><T47/><D73/><U123/><E123/><V130/><F118/><W131/><G0/><T36/><D36/><U21/><E8/><V12/><F113/><W48/><G114/><T69/><D7/><U26/><E42/><V111/><F111/><W57/><G131/><T83/><D129/><U95/><E39/><V117/><F117/><W59/><G74/><T109/><D109/><U10/><E10/><V19/><F130/><W97/><G5/><T28/><D28/><U11/><E11/><V3/><F3/><W40/><G94/><T76/><D125/><U67/><E67/><V116/><F116/><W49/><G57/><T22/><D22/><U50/><E126/><V66/><F135/><W133/><G133/><T9/><D9/><U71/><E71/><V127/><F127/><W27/><G13/><T51/><D51/><N who="3" m="19529" /><G14/><T88/><REACH who="0" step="1"/><D63/><REACH who="0" step="2"/><U77/><E50/><V68/><F37/><W2/><G40/><T33/><D33/><U29/><E21/><V104/><F45/><W53/><G2/><T6/><D6/><U128/><E29/><V43/><F43/><W81/><G20/><T1/><D1/><U34/><E128/><V112/><F112/><W105/><G62/><T24/><D24/><U17/><E35/><V106/><F12/><W121/><G27/><T84/><D84/><U18/><E34/><V79/><REACH who="2" step="1"/><F52/><REACH who="2" step="2"/><W134/><G53/><T30/><D30/><U4/><E55/><V16/><F16/><W132/><G121/><T78/><D78/><U72/><E54/><RYUUKYOKU ba="0,2" sc="235,15,293,-15,79,15,373,-15" hai0="44,46,47,69,70,76,83,87,88,89,90,96,98" hai2="15,19,23,61,66,68,79,86,91,92,99,104,106" /><INIT seed="6,1,2,0,3,46" ten="250,278,94,358" oya="2" hai0="59,81,48,120,91,8,84,25,4,98,117,45,79" hai1="16,36,77,121,124,66,114,33,13,14,41,52,7" hai2="42,71,105,126,76,72,37,68,110,20,128,90,69" hai3="108,78,96,32,85,87,123,58,89,101,23,50,115"/><V17/><F110/><W106/><G32/><T103/><D117/><U80/><E33/><V19/><F105/><W75/><G108/><T3/><D120/><U63/><E121/><V2/><F2/><W0/><G0/><T94/><D59/><U95/><E124/><V1/><F1/><W55/><G123/><T73/><D25/><U5/><E36/><V99/><F126/><W88/><G115/><T43/><REACH who="0" step="1"/><D103/><REACH who="0" step="2"/><U31/><E114/><V53/><F128/><W109/><G58/><T92/><D92/><U134/><E95/><V65/><F65/><W34/><G101/><T119/><D119/><U97/><E66/><V93/><F53/><W15/><G55/><T44/><D44/><U113/><E52/><V51/><F51/><W70/><G50/><T135/><D135/><U35/><E134/><V21/><F42/><W60/><G109/><T61/><D61/><U26/><E113/><V107/><F37/><W12/><G60/><T86/><AGARI ba="1,3" hai="3,4,8,43,45,48,73,79,81,84,86,91,94,98" machi="86" ten="30,4000,0" yaku="1,1,0,1,52,1,53,0" doraHai="46" doraHaiUra="29" who="0" fromWho="0" sc="240,73,278,-11,94,-21,358,-11" /><INIT seed="7,0,0,4,1,121" ten="313,267,73,347" oya="3" hai0="32,47,52,39,67,78,44,108,96,125,16,83,12" hai1="11,41,104,71,5,126,133,72,57,51,111,0,21" hai2="120,56,75,92,98,7,123,94,69,15,105,31,50" hai3="8,49,116,38,33,48,127,62,84,34,132,103,35"/><W87/><G38/><T86/><D108/><U13/><E71/><V93/><F56/><W107/><G116/><T1/><D1/><U43/><E72/><V70/><F50/><W109/><G109/><T114/><D32/><U54/><E104/><V124/><F31/><W17/><G132/><T118/><D118/><U112/><E133/><V45/><F45/><W74/><G74/><T131/><D131/><U110/><E126/><V10/><F15/><W64/><G127/><T37/><D125/><U134/><E134/><V14/><F14/><W95/><G107/><T77/><D67/><U89/><E112/><V76/><F10/><W46/><G8/><T99/><D114/><U4/><E4/><V122/><F7/><W58/><G17/><T18/><D52/><U135/><E135/><V115/><F124/><W63/><G48/><T22/><D78/><U100/><E100/><V28/><F28/><W119/><G119/><T73/><D73/><U90/><E43/><V101/><F115/><W82/><G63/><T117/><D117/><U129/><E129/><V59/><F59/><W60/><G62/><T19/><D39/><U81/><E41/><V113/><F113/><W2/><G2/><T42/><D19/><U36/><E36/><V23/><F23/><W29/><G29/><T9/><REACH who="0" step="1"/><D47/><REACH who="0" step="2"/><U40/><E40/><V88/><F69/><N who="3" m="42119" /><G46/><T61/><D61/><U3/><E3/><V27/><F70/><W128/><G33/><T85/><D85/><N who="1" m="50351" /><E90/><V66/><F66/><W25/><G34/><T97/><D97/><U24/><E0/><V68/><F120/><RYUUKYOKU ba="0,1" sc="303,15,267,15,73,-15,347,-15" hai0="9,12,16,18,22,37,42,44,77,83,86,96,99" hai1="5,11,13,21,24,51,54,57,110,111" owari="318,12.0,282,-12.0,58,-44.0,342,44.0" /></mjloggm>