<mjloggm ver="2.3"><GO type="41"/><UN n0="%73%68%33%36" n1="%E3%82%A6%E3%83%AB%E3%83%88%E3%83%A9%E7%AB%8B%E7%9B%B4" n2="%E3%83%A4%E3%83%A4%E3%83%A4" n3="%77%61%6B%69%67%61" dan="14,15,14,15" rate="1851,1994,1954,1932" sx="M,M,M,M"/><TAIKYOKU oya="0"/><INIT seed="0,0,0,1,2,1" ten="250,250,250,250" oya="0" hai0="47,112,73,41,7,5,72,128,69,22,122,123,31" hai1="10,119,0,82,15,115,19,103,40,4,66,75,67" hai2="87,44,63,124,20,39,80,65,14,134,68,79,76" hai3="100,2,83,42,30,93,129,108,18,43,46,74,96"/><T57/><D69/><U97/><E119/><V58/><F124/><W85/><G74/><T32/><D32/><U50/><E115/><V33/><F33/><W77/><G129/><T118/><D112/><U132/><E132/><V64/><F134/><W26/><G2/><T27/><D118/><U11/><E75/><V94/><F94/><W90/><G108/><T127/><D128/><U29/><E82/><V98/><F98/><W6/><G6/><N who="0" m="2059" /><D72/><U78/><E78/><V107/><F107/><W49/><G18/><N who="0" m="12759" /><D73/><U24/><E50/><V101/><F68/><W8/><G8/><T131/><D127/><U105/><E40/><V120/><F120/><W133/><G133/><T86/><D131/><U135/><E135/><V17/><F101/><W23/><REACH who="3" step="1"/><G100/><REACH who="3" ten="250,250,250,240" step="2"/><T51/><D123/><U95/><REACH who="1" step="1"/><E105/><REACH who="1" ten="250,240,250,240" step="2"/><V88/><REACH who="2" step="1"/><F65/><REACH who="2" ten="250,240,240,240" step="2"/><W111/><G111/><T62/><D122/><U45/><E45/><V99/><F99/><W16/><G16/><T106/><D106/><U54/><E54/><AGARI ba="0,3" hai="23,26,30,42,43,46,49,54,77,83,85,90,93,96" machi="54" ten="30,3900,0" yaku="1,1,7,1,8,1,53,0" doraHai="1" doraHaiUra="61" who="3" fromWho="1" sc="250,0,240,-39,240,0,240,69" /><INIT seed="1,0,0,1,3,13" ten="250,201,240,309" oya="1" hai0="65,30,122,1,55,52,75,133,119,101,24,14,25" hai1="69,89,56,32,98,112,3,0,43,126,116,90,33" hai2="77,46,132,95,117,27,96,12,130,37,79,86,106" hai3="93,111,11,87,20,104,19,125,59,135,115,84,57"/><U66/><E69/><V120/><F117/><W58/><G104/><T5/><D119/><U127/><E116/><V49/><F120/><W34/><G115/><T6/><D75/><U100/><E43/><V78/><F37/><W97/><G111/><T15/><D122/><U50/><E112/><V29/><F106/><W54/><G125/><N who="1" m="47626" /><E50/><V60/><F130/><W72/><G72/><T108/><D101/><U105/><E89/><V10/><F132/><W82/><G135/><T36/><D108/><U63/><E90/><V113/><F60/><W2/><G2/><AGARI ba="0,0" hai="0,2,3,32,33,56,63,66,98,100,105" m="47626" machi="2" ten="30,1500,0" yaku="18,1" doraHai="13" who="1" fromWho="3" sc="250,0,201,15,240,0,309,-15" /><INIT seed="1,1,0,4,2,89" ten="250,216,240,294" oya="1" hai0="25,64,52,115,102,74,14,31,128,97,118,41,46" hai1="111,18,50,3,53,81,49,40,16,58,131,116,75" hai2="110,19,73,56,117,12,90,105,114,55,82,36,126" hai3="132,42,135,86,71,43,95,72,10,92,38,99,125"/><U54/><E116/><V124/><F36/><W96/><G72/><T35/><D115/><U85/><E75/><V107/><F105/><W106/><G71/><T78/><D118/><U93/><E131/><V11/><F107/><W60/><G106/><T2/><D128/><U122/><E3/><V13/><F117/><W69/><G69/><T37/><D64/><U120/><E111/><V108/><F114/><W4/><G60/><T79/><D2/><U134/><E134/><N who="3" m="51242" /><G125/><N who="2" m="48233" /><F73/><W30/><G30/><T83/><D79/><N who="1" m="46271" /><E40/><N who="3" m="15402" /><G86/><T24/><D14/><U32/><E32/><V28/><F28/><W80/><G80/><T9/><D9/><U133/><E133/><V27/><F27/><W1/><G38/><T70/><D24/><U15/><E122/><V5/><F82/><W7/><G7/><T44/><D70/><U45/><E120/><V91/><F108/><W61/><G61/><T59/><D46/><U51/><E51/><N who="2" m="30847" /><F110/><W101/><G101/><T34/><D34/><U76/><E76/><V0/><F0/><W23/><G23/><AGARI ba="1,0" hai="5,11,12,13,19,23,90,91" m="30847,48233" machi="23" ten="30,1000,0" yaku="18,1" doraHai="89" who="2" fromWho="3" sc="250,0,216,0,240,13,294,-13" /><INIT seed="2,0,0,2,0,98" ten="250,216,253,281" oya="2" hai0="74,135,71,70,100,79,22,122,124,46,133,132,51" hai1="90,112,30,5,29,91,108,21,59,49,52,127,16" hai2="45,120,93,117,72,17,134,85,110,80,4,129,87" hai3="24,113,62,18,40,60,64,28,23,82,77,10,20"/><V105/><F117/><W69/><G113/><T126/><D100/><U106/><E112/><V68/><F105/><W3/><G60/><T115/><D122/><U41/><E127/><N who="0" m="48681" /><D115/><U53/><E108/><V14/><F68/><N who="0" m="26154" /><D22/><U38/><E106/><V119/><F119/><W7/><G40/><N who="0" m="25031" /><D79/><U78/><E78/><V103/><F120/><W8/><G7/><T25/><D25/><U27/><E41/><V125/><F103/><W83/><G3/><T107/><D107/><U31/><E38/><V101/><F101/><W109/><G82/><T94/><D94/><U36/><E36/><V92/><F93/><W9/><G83/><T57/><D74/><U131/><E131/><V61/><F92/><W19/><G77/><T58/><AGARI ba="0,0" hai="57,58,132,133,135" m="25031,26154,48681" machi="58" ten="40,8000,1" yaku="20,1,18,1,34,2" doraHai="98" who="0" fromWho="0" sc="250,80,216,-20,253,-40,281,-20" /><INIT seed="3,0,0,1,3,91" ten="330,196,213,261" oya="3" hai0="54,9,101,112,35,77,111,127,18,79,72,66,11" hai1="44,67,84,33,13,34,25,106,39,4,113,64,128" hai2="38,133,48,135,86,59,53,103,65,56,80,124,120" hai3="114,61,85,74,107,122,28,87,47,95,17,100,22"/><W69/><G74/><T71/><D35/><U45/><E106/><V12/><F120/><W129/><G122/><T99/><D112/><U121/><E113/><V27/><F38/><W89/><G129/><T0/><D127/><U23/><E121/><V90/><F124/><W108/><G108/><T8/><D111/><U63/><E128/><V68/><F103/><W70/><G114/><T37/><D37/><U126/><E34/><V118/><F118/><W92/><G47/><T62/><D0/><U29/><E33/><V1/><F1/><W42/><G42/><T88/><D18/><U49/><E126/><V3/><F3/><W60/><G28/><T15/><D15/><U75/><E75/><V20/><F12/><W94/><G107/><T36/><D36/><U125/><E125/><V41/><F41/><W83/><G100/><T21/><D21/><U97/><E39/><V52/><F68/><W131/><G131/><T57/><D88/><U7/><E97/><V30/><REACH who="2" step="1"/><F65/><REACH who="2" ten="330,196,203,261" step="2"/><W93/><G70/><T123/><D123/><U46/><E64/><V51/><AGARI ba="0,1" hai="20,27,30,48,51,52,53,56,59,80,86,90,133,135" machi="51" ten="30,8000,1" yaku="1,1,2,1,0,1,9,1,54,1,53,0" doraHai="91" doraHaiUra="116" who="2" fromWho="2" sc="330,-20,196,-20,203,90,261,-40" /><INIT seed="4,0,0,0,4,66" ten="310,176,293,221" oya="0" hai0="43,102,3,40,70,120,88,29,98,107,16,12,115" hai1="53,34,123,130,60,129,41,133,93,89,5,50,6" hai2="67,84,30,22,90,81,78,27,104,14,121,0,117" hai3="113,44,18,106,61,91,132,28,38,128,31,73,80"/><T122/><D3/><U23/><E34/><V99/><F0/><W47/><G106/><T83/><D122/><U68/><E123/><V42/><F121/><W59/><G128/><N who="1" m="49258" /><E41/><V124/><F124/><W72/><G132/><T110/><D120/><U97/><E133/><V4/><F117/><W52/><G113/><T33/><D115/><U127/><E127/><V71/><F42/><W25/><G38/><T75/><D110/><U135/><E135/><V131/><F131/><W114/><G114/><T63/><D33/><U126/><E126/><V95/><F104/><W56/><G18/><T105/><D29/><U35/><E35/><V7/><F71/><W11/><G11/><T92/><D107/><U79/><E79/><V134/><F134/><W94/><G56/><T8/><D75/><U109/><E23/><V85/><F67/><W9/><G9/><T112/><D83/><U118/><E118/><V119/><F119/><W2/><G2/><T1/><D1/><U46/><E109/><V55/><F14/><W69/><G69/><T101/><D101/><U36/><E36/><V13/><F13/><W15/><G15/><T116/><D116/><U96/><E96/><V45/><F99/><N who="3" m="57823" /><G73/><T65/><REACH who="0" step="1"/><D112/><REACH who="0" ten="300,176,293,221" step="2"/><U21/><E21/><V17/><F30/><N who="3" m="11307" /><G72/><T125/><D125/><U51/><E51/><AGARI ba="0,1" hai="4,7,17,22,27,45,51,55,78,81,84,85,90,95" machi="51" ten="40,1300,0" yaku="8,1" doraHai="66" who="2" fromWho="1" sc="300,0,176,-13,293,23,221,0" /><INIT seed="5,0,0,3,0,95" ten="300,163,316,221" oya="1" hai0="128,109,94,52,81,123,50,101,44,17,72,61,87" hai1="69,29,79,124,80,71,130,108,15,102,40,11,92" hai2="117,20,32,58,118,28,12,134,36,59,75,127,116" hai3="135,70,41,85,100,133,106,112,97,99,120,31,6"/><U74/><E108/><V49/><F75/><W110/><G120/><T27/><D109/><U88/><E124/><V23/><F36/><W62/><G110/><T119/><D123/><U89/><E130/><V2/><F2/><W13/><G41/><T18/><D119/><U65/><E29/><V82/><F127/><W45/><G45/><T107/><D72/><U22/><E22/><V48/><F134/><N who="3" m="51211" /><G31/><T104/><D107/><U53/><E40/><V47/><F82/><W83/><G112/><T125/><D104/><U91/><E53/><V114/><F114/><W121/><G121/><T103/><D125/><U73/><E73/><V10/><F32/><W43/><G43/><T60/><D128/><U64/><E102/><N who="0" m="38921" /><D94/><U78/><E78/><V56/><F28/><W98/><G62/><N who="0" m="24171" /><D27/><U63/><E65/><V3/><F3/><W113/><G70/><T55/><D55/><U105/><E105/><V76/><F76/><AGARI ba="0,0" hai="17,18,44,50,52,76,81,87" m="24171,38921" machi="76" ten="30,2000,0" yaku="8,1,54,1" doraHai="95" who="0" fromWho="2" sc="300,20,163,0,316,-20,221,0" /><INIT seed="6,0,0,0,4,117" ten="320,163,296,221" oya="2" hai0="39,35,74,8,11,22,130,86,91,132,95,13,66" hai1="70,46,97,69,40,123,6,52,29,79,126,124,64" hai2="2,60,32,81,121,89,38,5,23,36,90,12,10" hai3="27,75,110,83,44,94,31,105,111,25,112,21,71"/><V93/><F32/><W53/><G105/><T101/><D39/><N who="1" m="21791" /><E97/><V18/><F121/><W7/><G71/><N who="1" m="27146" /><E29/><V55/><F81/><W102/><G7/><T65/><D74/><U100/><E100/><V54/><F89/><W33/><G83/><T118/><D118/><U57/><E6/><V103/><F103/><W67/><G67/><T104/><D35/><U41/><E79/><V63/><F38/><W80/><G80/><T0/><D0/><U87/><E87/><V30/><F36/><W24/><G75/><T37/><D37/><U73/><E73/><V1/><F30/><W15/><G94/><T135/><D104/><U113/><E64/><V77/><F77/><W92/><G102/><T84/><D101/><U4/><E4/><V96/><REACH who="2" step="1"/><F2/><REACH who="2" ten="320,163,286,221" step="2"/><W99/><G33/><T51/><D91/><U88/><E88/><V131/><F131/><W56/><G31/><T114/><D130/><U128/><E128/><V120/><F120/><W48/><G92/><T43/><D95/><U42/><E123/><V85/><F85/><W17/><G99/><T116/><D86/><U19/><E113/><V14/><F14/><W108/><G112/><T58/><D84/><U49/><E19/><V59/><F59/><W107/><G107/><T133/><D13/><U26/><E26/><V3/><F3/><W45/><AGARI ba="0,1" hai="15,17,21,24,25,27,44,45,48,53,56,108,110,111" machi="45" ten="40,1500,0" yaku="0,1" doraHai="117" who="3" fromWho="3" sc="320,-4,163,-4,286,-7,221,25" /><INIT seed="7,0,0,1,5,69" ten="316,159,279,246" oya="3" hai0="23,40,47,56,1,41,111,80,118,95,58,57,104" hai1="98,0,34,45,59,43,75,133,120,101,110,24,124" hai2="76,60,37,126,117,6,21,8,129,127,67,128,26" hai3="64,77,90,116,55,71,92,14,70,107,30,44,13"/><W94/><G107/><T22/><D111/><U36/><E120/><V51/><F76/><W27/><G116/><T130/><D118/><U91/><E110/><V19/><F51/><W100/><G77/><T12/><D104/><U88/><E124/><N who="2" m="47659" /><F60/><W86/><G70/><T79/><D1/><U48/><E75/><V81/><F81/><W78/><G78/><T54/><D130/><N who="2" m="50282" /><F67/><W61/><G44/><T38/><D95/><U5/><E133/><V29/><F117/><W18/><G55/><T15/><D38/><U122/><E122/><V112/><F37/><W123/><G18/><T74/><D12/><U25/><E48/><V11/><F112/><W3/><G3/><T135/><D135/><U119/><E59/><V84/><F84/><W52/><G52/><T2/><D2/><U35/><E119/><V42/><F42/><W4/><G4/><T82/><D80/><U7/><E0/><N who="2" m="71" /><F11/><W134/><G134/><T109/><D109/><U32/><E5/><V17/><AGARI ba="0,0" hai="17,19,21,26,29" m="71,50282,47659" machi="17" ten="40,8000,1" yaku="18,1,19,1,34,2" doraHai="69" who="2" fromWho="2" sc="316,-20,159,-20,279,80,246,-40" owari="296,10.0,139,-36.0,359,45.0,206,-19.0" /></mjloggm>