<mjloggm ver="2.3"><GO type="41"/><UN n0="%2D%59%75%69%2D" n1="%68%61%69%73%69%6F" n2="%E3%82%A6%E3%83%AB%E3%83%88%E3%83%A9%E7%AB%8B%E7%9B%B4" n3="%6D%6F%74%6F%79%61" dan="14,13,15,14" rate="2060,1877,2020,1944" sx="F,M,M,M"/><TAIKYOKU oya="0"/><INIT seed="0,0,0,2,0,119" ten="250,250,250,250" oya="0" hai0="98,118,73,51,84,130,111,90,80,35,114,8,26" hai1="95,19,72,104,62,21,37,28,93,67,126,83,40" hai2="112,47,105,87,113,127,12,70,110,92,61,65,24" hai3="10,120,91,33,23,76,132,71,122,77,64,75,56"/><T46/><D118/><U41/><E104/><V108/><F105/><W1/><G33/><T14/><D114/><U57/><E126/><V85/><F24/><W107/><G107/><T106/><D130/><U11/><E72/><V50/><F12/><W34/><G34/><T15/><D73/><U123/><E123/><N who="3" m="47146" /><G75/><T63/><D111/><N who="2" m="42538" /><F127/><W124/><G124/><T129/><D129/><U125/><E125/><V38/><F87/><W53/><G132/><T121/><D121/><U49/><E37/><V31/><F85/><W81/><G23/><T39/><D39/><U32/><E32/><V0/><F92/><N who="1" m="35401" /><E83/><V55/><F0/><W9/><G91/><T20/><D15/><N who="1" m="7679" /><E49/><V3/><F3/><W27/><G27/><AGARI ba="0,0" hai="21,27,28,40,41,57,62,67" m="7679,35401" machi="27" ten="30,1000,0" yaku="8,1" doraHai="119" who="1" fromWho="3" sc="250,0,250,10,250,0,250,-10" /><INIT seed="1,0,0,5,4,16" ten="250,260,250,240" oya="1" hai0="121,71,100,44,33,99,40,45,35,91,57,81,43" hai1="131,62,63,55,2,96,21,65,83,13,36,34,82" hai2="118,37,97,18,123,134,124,15,109,41,108,9,14" hai3="66,73,128,72,87,4,1,67,0,54,126,85,127"/><U86/><E36/><V5/><F41/><W129/><REACH who="3" step="1"/><G4/><REACH who="3" ten="250,260,250,230" step="2"/><T90/><D121/><U70/><E2/><V32/><F123/><W104/><G104/><T59/><D71/><U17/><E34/><V105/><F105/><W112/><G112/><T111/><D111/><U53/><E131/><V95/><F108/><W103/><G103/><T29/><D100/><U20/><E96/><V64/><F109/><W11/><G11/><T117/><D99/><U58/><E82/><V93/><F93/><W48/><G48/><T28/><REACH who="0" step="1"/><D81/><REACH who="0" ten="240,260,250,230" step="2"/><U69/><E69/><V79/><F97/><W31/><G31/><T49/><D49/><U7/><E7/><V6/><F6/><W8/><G8/><T113/><D113/><U89/><E53/><AGARI ba="0,2" hai="0,1,53,54,66,67,72,73,85,87,126,127,128,129" machi="53" ten="25,6400,0" yaku="21,2,22,2,53,0" doraHai="16" doraHaiUra="12" who="3" fromWho="1" sc="240,0,260,-64,250,0,230,84" /><INIT seed="2,0,0,5,4,105" ten="240,196,250,314" oya="2" hai0="128,19,94,31,34,69,7,107,57,4,58,56,115" hai1="67,60,117,129,39,17,123,43,112,101,106,30,78" hai2="41,80,73,1,0,130,8,119,77,132,61,127,10" hai3="62,131,110,71,45,103,6,89,84,46,15,124,49"/><V27/><F119/><W102/><G124/><T100/><D115/><U113/><E117/><V40/><F127/><W96/><G110/><T70/><D128/><U52/><E129/><V23/><F130/><W116/><G116/><T95/><D19/><U114/><E78/><V28/><F132/><W18/><G131/><T99/><D31/><U135/><E135/><V12/><F61/><W98/><G6/><T126/><D34/><U38/><E123/><V29/><F29/><W79/><G79/><T37/><D37/><U26/><E43/><V36/><F10/><N who="3" m="6519" /><G71/><T48/><D48/><U104/><E17/><V64/><F64/><W63/><G63/><T25/><D126/><U118/><E118/><V5/><REACH who="2" step="1"/><F36/><REACH who="2" ten="240,196,240,314" step="2"/><W85/><G62/><T125/><D125/><U90/><E38/><V120/><F120/><W55/><G49/><T33/><D69/><U97/><E39/><V92/><F92/><W3/><G45/><T72/><D70/><U2/><E106/><V51/><F51/><W35/><G46/><T87/><D94/><U86/><E114/><V50/><F50/><W82/><G55/><T81/><D107/><U20/><E52/><V134/><F134/><W22/><G82/><T66/><D66/><U65/><E65/><V16/><F16/><W83/><G83/><T42/><D42/><AGARI ba="0,1" hai="0,1,5,8,12,23,27,28,40,41,42,73,77,80" machi="42" ten="40,3900,0" yaku="1,1,52,1,53,0" doraHai="105" doraHaiUra="88" who="2" fromWho="0" sc="240,-39,196,0,240,49,314,0" /><INIT seed="2,1,0,2,3,0" ten="201,196,289,314" oya="2" hai0="82,3,60,37,14,4,121,112,68,45,88,26,25" hai1="130,95,126,19,120,51,42,132,101,131,63,125,74" hai2="102,34,36,72,27,93,100,64,66,116,57,40,31" hai3="124,8,49,77,54,5,103,97,41,10,79,129,11"/><V105/><F116/><W96/><G124/><N who="1" m="47722" /><E74/><V65/><F72/><W73/><G41/><T81/><D121/><U127/><N who="1" m="47730" /><U117/><DORA hai="84" /><E117/><V24/><F105/><W80/><G77/><T108/><D112/><U75/><E75/><V30/><F40/><W71/><G71/><T94/><D3/><U67/><E19/><V20/><F36/><W87/><G129/><N who="1" m="49162" /><E120/><V32/><F20/><W6/><G73/><T16/><D37/><U113/><E113/><V91/><REACH who="2" step="1"/><F57/><REACH who="2" ten="201,196,279,314" step="2"/><W33/><G33/><T123/><D68/><N who="1" m="42111" /><E42/><V109/><F109/><W104/><REACH who="3" step="1"/><G97/><AGARI ba="1,1" hai="24,27,30,31,32,34,64,65,66,91,93,97,100,102" machi="97" ten="40,12000,1" yaku="1,1,9,1,52,1,53,1" doraHai="0,84" doraHaiUra="9,86" who="2" fromWho="3" sc="201,0,196,0,279,133,314,-123" /><INIT seed="2,2,0,2,1,132" ten="201,196,412,191" oya="2" hai0="13,4,39,103,58,34,126,56,127,112,45,93,36" hai1="121,118,64,74,21,95,32,122,38,42,1,35,97" hai2="10,104,24,91,7,108,85,31,33,135,0,128,123" hai3="96,19,52,82,76,40,57,66,28,37,73,55,114"/><V78/><F135/><W46/><G114/><T53/><D112/><U116/><E21/><V69/><F123/><N who="1" m="47113" /><E95/><V111/><F128/><W60/><G28/><T129/><D34/><N who="1" m="12843" /><E97/><V124/><F78/><W134/><G134/><T100/><D129/><U102/><E102/><N who="0" m="38953" /><D45/><U16/><E64/><V30/><F104/><W130/><G130/><T107/><D107/><U14/><E14/><V101/><F101/><W87/><G96/><T77/><D77/><U81/><E16/><V84/><F31/><W83/><REACH who="3" step="1"/><G19/><REACH who="3" ten="201,196,412,181" step="2"/><T131/><D131/><U12/><E12/><V120/><F120/><W99/><G99/><T2/><D2/><U110/><E1/><V109/><F30/><W54/><G54/><T75/><D13/><U22/><E22/><V43/><F33/><W80/><G80/><T44/><D53/><U23/><E23/><V61/><F24/><W94/><G94/><T49/><D93/><U125/><E81/><V115/><F115/><W72/><G72/><T5/><D75/><U15/><E15/><V41/><F85/><W106/><G106/><T65/><D65/><U71/><E74/><V6/><F84/><W90/><AGARI ba="2,1" hai="37,40,46,52,55,57,60,66,73,76,82,83,87,90" machi="90" ten="20,12000,2" yaku="1,1,0,1,7,1,54,1,53,2" doraHai="132" doraHaiUra="51" who="3" fromWho="3" sc="201,-32,196,-32,412,-62,181,136" /><INIT seed="3,0,0,4,1,95" ten="169,164,350,317" oya="3" hai0="29,104,96,86,114,117,7,74,24,105,43,100,67" hai1="88,9,42,61,107,119,56,101,64,72,123,58,128" hai2="129,35,39,14,60,78,73,54,120,19,81,121,59" hai3="41,50,90,6,108,109,106,37,98,130,46,48,122"/><W82/><G122/><N who="2" m="47209" /><F35/><W76/><G130/><T36/><D117/><U113/><E123/><V13/><F39/><W69/><G69/><T79/><D86/><U66/><E113/><V11/><F14/><W52/><G6/><T53/><D53/><U83/><E128/><AGARI ba="0,0" hai="11,13,19,54,59,60,73,78,81,128,129" m="47209" machi="128" ten="30,1000,0" yaku="13,1" doraHai="95" who="2" fromWho="1" sc="169,0,164,-10,350,10,317,0" /><INIT seed="4,0,0,4,4,12" ten="169,154,360,317" oya="0" hai0="10,133,117,20,134,6,51,46,135,42,1,119,15" hai1="115,36,131,116,121,71,11,118,22,123,14,129,31" hai2="19,105,86,85,97,59,124,87,106,76,32,40,37" hai3="114,60,79,63,81,48,8,61,38,24,89,110,78"/><T33/><REACH who="0" step="1"/><D33/><REACH who="0" ten="159,154,360,317" step="2"/><U102/><E71/><V126/><F32/><W4/><G114/><T67/><D67/><U70/><E70/><V112/><F112/><W100/><G110/><T49/><D49/><U80/><E115/><V26/><F124/><W82/><G48/><T0/><D0/><U56/><E36/><V132/><F126/><W65/><G38/><T69/><D69/><U84/><E56/><V34/><F59/><W23/><G65/><T29/><D29/><U99/><E31/><V96/><F34/><W9/><G61/><T120/><D120/><U44/><E44/><V55/><F37/><W90/><G63/><T94/><D94/><U91/><E121/><V83/><F105/><W7/><G60/><T58/><D58/><U21/><E123/><V127/><F106/><W74/><G81/><T122/><D122/><U2/><E2/><V18/><F127/><W53/><G82/><T41/><D41/><U50/><E50/><V130/><F40/><W109/><G109/><T13/><D13/><U16/><E118/><V108/><F108/><W68/><G68/><T88/><D88/><U107/><REACH who="1" step="1"/><E116/><REACH who="1" ten="159,144,360,317" step="2"/><V25/><F55/><W28/><G53/><T17/><AGARI ba="0,2" hai="1,6,10,15,17,20,42,46,51,117,119,133,134,135" machi="17" ten="40,18000,2" yaku="21,2,0,1,20,1,52,1,53,2" doraHai="12" doraHaiUra="113" who="0" fromWho="0" sc="159,200,144,-60,360,-60,317,-60" /><INIT seed="4,1,0,0,0,115" ten="359,84,300,257" oya="0" hai0="13,25,74,58,93,81,71,52,108,106,112,113,57" hai1="43,84,6,82,24,91,56,67,75,73,36,118,102" hai2="62,100,60,55,7,103,4,69,23,131,0,72,129" hai3="65,70,116,27,33,61,63,134,123,121,107,22,117"/><T77/><D106/><U83/><E102/><N who="2" m="38955" /><F23/><W8/><G107/><T110/><D71/><U15/><E36/><V28/><F28/><N who="3" m="17527" /><G33/><T44/><D25/><U97/><E43/><V92/><F0/><W1/><G61/><N who="2" m="23657" /><F92/><W2/><G8/><T32/><D32/><U86/><E97/><V120/><F55/><W14/><G14/><T104/><D104/><U47/><E47/><V109/><F69/><W119/><G134/><T21/><D93/><U94/><E94/><V111/><F72/><W135/><G135/><T48/><D21/><U50/><E67/><V105/><F105/><W85/><G85/><T59/><REACH who="0" step="1"/><D13/><REACH who="0" ten="349,84,300,257" step="2"/><U66/><E24/><V42/><F120/><AGARI ba="1,1" hai="1,2,63,65,70,116,117,119,120,121,123" m="17527" machi="120" ten="40,8000,1" yaku="13,1,52,3" doraHai="115" who="3" fromWho="2" sc="349,0,84,0,300,-83,257,93" /><INIT seed="5,0,0,3,5,123" ten="349,84,217,350" oya="1" hai0="53,86,16,87,111,62,109,102,21,9,76,70,37" hai1="35,11,58,83,78,10,122,47,77,117,135,2,56" hai2="68,60,52,66,104,50,118,51,46,84,63,112,39" hai3="6,130,48,30,7,31,108,20,8,14,74,25,81"/><U119/><E122/><V128/><F104/><W57/><G74/><T107/><D37/><U17/><E35/><V22/><F118/><W42/><G81/><T80/><D9/><U126/><E126/><V26/><F128/><W4/><G57/><T19/><D19/><U41/><E135/><V29/><F112/><W24/><G48/><T95/><D107/><U89/><E89/><V40/><F84/><W113/><G42/><T75/><D53/><U96/><E96/><V127/><F127/><W88/><G88/><T71/><D75/><U5/><E77/><V92/><F92/><W85/><G85/><T32/><D32/><U34/><E34/><V129/><F129/><W3/><G130/><T116/><D116/><U23/><E11/><V44/><F60/><W132/><G132/><T61/><D61/><U134/><E134/><V131/><F131/><W72/><G72/><T82/><D62/><U97/><E97/><V45/><F51/><W101/><G101/><T54/><D102/><U114/><E114/><V115/><F115/><W65/><G65/><T28/><D54/><U64/><E64/><V125/><F125/><W94/><G94/><T67/><D95/><U120/><E120/><V103/><F103/><W49/><G49/><T106/><D67/><U79/><E79/><V12/><F12/><W69/><G69/><N who="0" m="26123" /><D106/><U98/><E98/><V13/><F13/><W1/><G113/><T73/><D73/><N who="1" m="43471" /><E119/><V33/><F33/><N who="3" m="20679" /><G108/><T110/><D28/><U59/><E117/><V0/><F0/><AGARI ba="0,0" hai="0,1,3,4,6,7,8,14,20,25,31" m="20679" machi="0" ten="30,8000,1" yaku="35,5" doraHai="123" who="3" fromWho="2" sc="349,0,84,0,217,-80,350,80" /><INIT seed="6,0,0,3,0,100" ten="349,84,137,430" oya="2" hai0="101,117,122,116,51,33,62,40,38,126,123,128,7" hai1="119,79,59,53,36,39,80,87,65,11,93,132,82" hai2="72,66,89,120,8,42,24,118,23,57,45,112,107" hai3="20,75,105,90,64,4,115,114,63,12,108,133,3"/><V102/><F72/><W78/><G105/><T109/><D33/><U28/><E119/><N who="0" m="45641" /><D7/><U5/><E28/><V18/><F118/><W111/><G3/><T27/><D27/><U113/><E65/><V2/><F120/><N who="0" m="46122" /><D109/><U94/><E113/><N who="3" m="43018" /><G133/><T50/><D101/><U34/><E34/><V83/><F112/><W68/><G90/><T56/><D126/><U99/><E132/><V129/><F129/><W76/><G75/><T106/><D106/><U0/><E82/><V14/><F2/><W127/><G127/><T41/><D128/><U32/><E32/><V121/><F121/><W21/><G21/><T30/><D30/><U81/><E81/><V92/><F83/><W47/><G47/><N who="0" m="23959" /><D41/><U29/><E29/><V134/><F134/><W70/><G111/><T73/><D73/><U71/><E93/><V58/><F102/><W35/><G108/><T6/><D6/><U16/><E16/><N who="2" m="8263" /><F107/><W26/><G35/><T13/><D13/><U9/><E9/><V55/><F42/><W49/><G78/><T48/><D48/><U43/><E43/><V22/><F22/><W110/><G49/><T61/><D61/><U84/><E84/><N who="2" m="52263" /><F66/><AGARI ba="0,0" hai="50,51,56,62,66" m="23959,46122,45641" machi="66" ten="30,3900,0" yaku="12,1,34,2" doraHai="100" who="0" fromWho="2" sc="349,39,84,0,137,-39,430,0" /><INIT seed="7,0,0,0,4,127" ten="388,84,98,430" oya="3" hai0="58,112,34,23,12,126,26,128,75,22,14,132,5" hai1="102,7,51,108,125,111,10,36,124,100,15,60,113" hai2="68,57,82,9,40,71,85,129,61,70,44,0,1" hai3="115,41,52,121,116,105,87,114,53,37,84,106,78"/><W30/><G121/><T48/><D75/><U117/><E36/><V73/><F129/><W104/><G116/><T2/><D126/><N who="1" m="48747" /><E117/><V38/><F9/><W88/><G30/><N who="0" m="19799" /><D58/><U29/><E29/><V120/><F120/><W93/><G41/><T11/><D48/><U27/><E27/><V107/><F107/><W13/><G13/><N who="0" m="5227" /><D112/><N who="3" m="43049" /><G37/><T80/><D80/><AGARI ba="0,0" hai="52,53,78,80,84,87,88,93,104,105,106" m="43049" machi="80" ten="40,7700,0" yaku="15,1,54,2" doraHai="127" who="3" fromWho="0" sc="388,-77,84,0,98,0,430,77" owari="311,11.0,84,-42.0,98,-30.0,507,61.0" /></mjloggm>