<mjloggm ver="2.3"><GO type="169"/><UN n0="%E9%9C%A7%E3%81%AE%E6%B5%AE%E8%88%9F" n1="%EF%BC%88%E2%89%A7%E2%96%BD%E2%89%A6%EF%BC%89" n2="%6F%28%3E%E3%83%AD%3C%2A%29%6F" n3="%6E%61%6F%68%69%72%6F%EF%BD%8B" dan="17,16,16,17" rate="2231,2049,2106,2102" sx="M,M,F,M"/><TAIKYOKU oya="0"/><INIT seed="0,0,0,4,5,63" ten="250,250,250,250" oya="0" hai0="60,123,51,29,20,84,64,19,4,89,1,97,91" hai1="22,47,58,119,18,36,75,118,67,103,30,115,32" hai2="126,81,65,0,76,92,15,120,41,114,40,106,45" hai3="135,108,37,42,79,100,98,127,5,16,113,3,56"/><T132/><D123/><U49/><E75/><V10/><F120/><W125/><G113/><T96/><D132/><U112/><E103/><V27/><F106/><W130/><G108/><T110/><D29/><U71/><E71/><V2/><F114/><N who="1" m="43561" /><E36/><V85/><F27/><W17/><G79/><T12/><D110/><U93/><E93/><V121/><F121/><W11/><G130/><T21/><D1/><U39/><E39/><V48/><F126/><N who="3" m="48139" /><G56/><N who="0" m="36871" /><D4/><U83/><E83/><V86/><F41/><W99/><G135/><T35/><D35/><U61/><E30/><V28/><F28/><W34/><G34/><T43/><D21/><U6/><E6/><N who="2" m="3543" /><F0/><W78/><G78/><T109/><D109/><U107/><E107/><V66/><F2/><W101/><G42/><T117/><D117/><U104/><E104/><V128/><F128/><W105/><G37/><T116/><D116/><U52/><E32/><V62/><F62/><W68/><G68/><T73/><D73/><U95/><E95/><AGARI ba="0,0" hai="3,5,11,16,17,95,98,99,100,101,105" m="48139" machi="95" ten="30,2000,0" yaku="18,1,54,1" doraHai="63" who="3" fromWho="1" sc="250,0,250,-20,250,0,250,20" /><INIT seed="1,0,0,4,2,7" ten="250,230,250,270" oya="1" hai0="37,127,35,75,66,130,122,50,90,58,103,12,67" hai1="98,108,15,46,101,57,110,17,1,59,33,81,60" hai2="4,20,128,22,129,2,38,84,24,13,80,73,133" hai3="124,27,42,34,109,14,78,40,85,93,41,44,36"/><U3/><E33/><V51/><F38/><W126/><G109/><N who="1" m="42090" /><E46/><V5/><F73/><W96/><G14/><T88/><D75/><U39/><E81/><V47/><F133/><W118/><G118/><T54/><D35/><U72/><E39/><V11/><F2/><N who="1" m="521" /><E60/><V32/><F32/><W132/><G132/><T82/><D37/><U131/><E131/><N who="2" m="50251" /><F4/><W56/><G56/><T45/><D127/><N who="3" m="48681" /><G27/><T25/><D25/><U28/><E28/><V21/><F24/><W30/><G30/><T79/><D122/><U70/><E70/><V53/><F21/><W135/><G34/><T115/><D115/><U0/><N who="1" m="529" /><U106/><DORA hai="91" /><E72/><V95/><F95/><W114/><G114/><T69/><D82/><U43/><E43/><V23/><F23/><AGARI ba="0,0" hai="15,17,23,57,59,98,101,106" m="529,42090" machi="23" ten="40,3900,0" yaku="14,1,10,1" doraHai="7,91" who="1" fromWho="2" sc="250,0,230,39,250,-39,270,0" /><INIT seed="1,1,0,0,1,30" ten="250,269,211,270" oya="1" hai0="19,71,67,117,46,45,84,3,66,7,116,133,61" hai1="93,98,101,47,108,2,114,89,36,82,15,41,102" hai2="59,43,12,109,21,37,56,87,13,130,78,99,39" hai3="128,14,4,34,119,105,18,50,121,24,125,135,28"/><U73/><E114/><V123/><F109/><W53/><G121/><T110/><D110/><U81/><E108/><V58/><F123/><W106/><G125/><T69/><D133/><U17/><E2/><V104/><F130/><W65/><G135/><T23/><D3/><U134/><E134/><V54/><F54/><W90/><G128/><T6/><D84/><U112/><E112/><V107/><F99/><W38/><G38/><T49/><D49/><U11/><REACH who="1" step="1"/><E73/><REACH who="1" ten="250,259,211,270" step="2"/><V111/><F111/><W63/><G119/><T80/><D117/><U88/><E88/><V120/><F120/><W64/><G90/><T60/><D116/><U44/><E44/><V57/><F87/><W115/><G115/><T91/><D91/><U92/><E92/><V52/><F78/><W68/><G106/><T77/><D77/><U40/><E40/><V48/><F104/><W83/><G105/><T132/><D132/><U75/><E75/><V70/><F107/><W35/><G83/><AGARI ba="1,1" hai="11,15,17,36,41,47,81,82,83,89,93,98,101,102" machi="83" ten="40,2000,0" yaku="1,1,53,0" doraHai="30" doraHaiUra="16" who="1" fromWho="3" sc="250,0,259,33,211,0,270,-23" /><INIT seed="1,2,0,0,3,65" ten="250,292,211,247" oya="1" hai0="79,21,37,64,86,47,80,1,100,102,101,8,60" hai1="132,5,41,22,10,90,43,33,83,109,124,87,128" hai2="17,96,121,134,115,85,129,57,29,32,75,14,44" hai3="119,114,111,125,88,28,54,117,36,77,25,127,98"/><U67/><E33/><V61/><F121/><W56/><G36/><T59/><D21/><U30/><E132/><V4/><F75/><W19/><G77/><T35/><D35/><U55/><E128/><V97/><F134/><W48/><G114/><T15/><D1/><U112/><E67/><V24/><F129/><W113/><G113/><T92/><D37/><U13/><E112/><V69/><F69/><W82/><G19/><T123/><D123/><U104/><E104/><V12/><F44/><W40/><G40/><T135/><D135/><U49/><E124/><N who="3" m="47690" /><G111/><T126/><D126/><U26/><REACH who="1" step="1"/><E109/><REACH who="1" ten="250,282,211,247" step="2"/><V27/><F115/><W42/><G119/><T45/><REACH who="0" step="1"/><D92/><REACH who="0" ten="240,282,211,247" step="2"/><U18/><E18/><AGARI ba="2,2" hai="8,15,18,45,47,59,60,64,79,80,86,100,101,102" machi="18" ten="40,5200,0" yaku="1,1,2,1,8,1,53,0" doraHai="65" doraHaiUra="110" who="0" fromWho="1" sc="240,78,282,-58,211,0,247,0" /><INIT seed="2,0,0,5,0,34" ten="318,224,211,247" oya="2" hai0="126,61,94,104,52,7,82,6,16,29,20,40,132" hai1="25,3,8,110,95,26,114,128,115,38,96,31,107" hai2="18,13,80,32,66,85,53,116,54,130,24,57,129" hai3="15,83,30,105,62,100,84,5,103,64,109,4,72"/><V70/><F116/><W48/><G72/><T98/><D104/><U36/><E26/><V60/><F32/><W17/><G109/><T28/><D40/><U120/><E120/><V77/><F24/><W50/><G30/><N who="0" m="11883" /><D82/><U131/><E95/><V75/><F75/><W92/><G105/><T0/><D0/><U91/><E91/><V11/><REACH who="2" step="1"/><F70/><REACH who="2" ten="318,224,201,247" step="2"/><W44/><G103/><N who="0" m="60887" /><D132/><U33/><E25/><V37/><F37/><W78/><G100/><T21/><D126/><U106/><E38/><V43/><F43/><W51/><G51/><T93/><D61/><U45/><E36/><V65/><F65/><W55/><G48/><T47/><D21/><U9/><E33/><V81/><F81/><W68/><REACH who="3" step="1"/><G92/><REACH who="3" ten="318,224,201,237" step="2"/><T69/><D93/><U112/><E107/><V133/><F133/><W2/><G2/><T22/><D69/><U14/><E3/><V74/><F74/><W118/><G118/><T134/><D134/><U117/><E106/><V42/><F42/><W39/><G39/><T1/><D1/><U41/><E117/><V76/><F76/><W101/><G101/><T86/><D22/><AGARI ba="0,2" hai="4,5,15,17,22,44,50,55,62,64,68,78,83,84" machi="22" ten="30,2000,0" yaku="1,1,7,1,53,0" doraHai="34" doraHaiUra="102" who="3" fromWho="0" sc="318,-20,224,0,201,0,237,40" /><INIT seed="3,0,0,5,2,110" ten="298,224,201,277" oya="3" hai0="18,24,79,80,77,20,126,15,51,36,56,90,49" hai1="64,124,134,11,53,3,101,71,84,104,46,25,86" hai2="123,75,113,38,78,65,31,69,106,45,100,66,130" hai3="135,59,128,14,67,63,30,50,8,74,54,16,82"/><W120/><G120/><T91/><D36/><U26/><E64/><V111/><F111/><W95/><G135/><T4/><D126/><U98/><E71/><V23/><F113/><W43/><G128/><T1/><D1/><U81/><E124/><V12/><F123/><W109/><G109/><T58/><D58/><U102/><E102/><V7/><F130/><W125/><G125/><T0/><D0/><U52/><E86/><V70/><F106/><W112/><G95/><T114/><D114/><U28/><E46/><V10/><F100/><W34/><G43/><T116/><D116/><U73/><E73/><V2/><F78/><W129/><G129/><T118/><D118/><U21/><E26/><V9/><F75/><W57/><G112/><T72/><D79/><U60/><E60/><V29/><F70/><W62/><G82/><T37/><D37/><U99/><E99/><V6/><F69/><W94/><G94/><T61/><D90/><U119/><E134/><V39/><F39/><W40/><G74/><T88/><D51/><U105/><E105/><V83/><F83/><W5/><G5/><T85/><D49/><U76/><REACH who="1" step="1"/><E119/><REACH who="1" ten="298,214,201,277" step="2"/><V92/><F66/><W87/><G67/><N who="0" m="39335" /><D72/><U42/><E42/><V48/><F65/><W117/><G40/><T22/><D4/><AGARI ba="0,1" hai="3,4,11,21,25,28,52,53,76,81,84,98,101,104" machi="4" ten="40,2600,0" yaku="1,1,54,1,53,0" doraHai="110" doraHaiUra="131" who="1" fromWho="0" sc="298,-26,214,36,201,0,277,0" /><INIT seed="4,0,0,5,2,25" ten="272,250,201,277" oya="0" hai0="53,108,66,7,117,135,67,97,111,134,13,131,27" hai1="133,107,24,46,19,35,29,72,124,76,65,16,4" hai2="130,39,12,77,121,83,129,112,79,26,96,104,125" hai3="75,91,106,74,120,31,122,101,3,126,92,55,22"/><T11/><D117/><U100/><E4/><V51/><F39/><W113/><G3/><T34/><D131/><N who="2" m="50186" /><F121/><N who="3" m="46699" /><G113/><T50/><D97/><U81/><E133/><N who="0" m="50697" /><D27/><U44/><E124/><V47/><F125/><W14/><G126/><T73/><D73/><U37/><E65/><N who="0" m="24585" /><D34/><U103/><E107/><V23/><F112/><W69/><G69/><T38/><D38/><U87/><E72/><V82/><F12/><W123/><G101/><T99/><D99/><U88/><E37/><V110/><F110/><W58/><G106/><T49/><D49/><U105/><E105/><V61/><F61/><W60/><G123/><T102/><D102/><U95/><E103/><V15/><F15/><W86/><G14/><T5/><D5/><U2/><E100/><V94/><F104/><W57/><G57/><AGARI ba="0,0" hai="7,11,13,50,53,57,108,111" m="24585,50697" machi="57" ten="30,1500,0" yaku="20,1" doraHai="25" who="0" fromWho="3" sc="272,15,250,0,201,0,277,-15" /><INIT seed="4,1,0,5,2,87" ten="287,250,201,262" oya="0" hai0="73,59,132,0,76,18,39,81,57,48,113,3,130" hai1="109,77,74,117,27,106,36,63,67,37,28,84,69" hai2="98,118,120,70,85,54,5,4,80,72,96,60,125" hai3="126,119,102,65,89,83,99,25,40,17,47,88,110"/><T14/><D39/><U13/><E117/><V50/><F120/><W94/><G119/><T100/><D132/><U22/><E109/><V91/><F118/><W101/><G110/><T68/><D68/><U16/><E74/><V12/><F125/><W38/><G65/><T2/><D113/><U123/><E106/><V23/><F72/><W116/><G116/><T20/><D130/><U62/><E123/><V128/><F128/><W6/><G6/><N who="2" m="2665" /><F60/><W124/><G25/><T7/><D100/><U115/><E62/><V93/><F70/><W24/><G24/><T112/><D112/><U53/><E53/><V10/><F23/><W95/><G17/><T78/><D78/><U133/><E133/><V9/><F12/><W34/><G83/><T58/><REACH who="0" step="1"/><D7/><REACH who="0" ten="277,250,201,262" step="2"/><U105/><E115/><V122/><F122/><W11/><G102/><T33/><D33/><U66/><E36/><V45/><F98/><N who="3" m="57679" /><G101/><AGARI ba="1,1" hai="9,10,45,50,54,80,85,91,93,96,101" m="2665" machi="101" ten="30,2000,0" yaku="8,1,52,1" doraHai="87" who="2" fromWho="3" sc="277,0,250,0,201,33,262,-23" /><INIT seed="5,0,0,1,5,17" ten="277,250,234,239" oya="1" hai0="58,110,40,10,73,51,15,130,128,126,23,30,57" hai1="71,116,104,42,101,9,29,89,122,121,49,80,33" hai2="84,113,66,106,61,67,18,53,20,54,45,124,127" hai3="68,98,52,56,123,115,47,109,48,83,117,102,129"/><U99/><E116/><V135/><F106/><W85/><G123/><T76/><D110/><U24/><E9/><V91/><F135/><W105/><G117/><T82/><D126/><N who="2" m="48170" /><F113/><W95/><G109/><T21/><D30/><U131/><E131/><N who="0" m="50217" /><D40/><U41/><E41/><V32/><F32/><W63/><G129/><T27/><D27/><U94/><E80/><N who="2" m="49543" /><F45/><W87/><G115/><T118/><D118/><U16/><E71/><N who="2" m="42447" /><F67/><N who="3" m="39399" /><G68/><T74/><D74/><U88/><E89/><V93/><F93/><W5/><G105/><T38/><D38/><U75/><E75/><V25/><AGARI ba="0,0" hai="18,20,25,53,54" m="42447,49543,48170" machi="25" ten="30,2000,0" yaku="18,1,52,1" doraHai="17" who="2" fromWho="2" sc="277,-5,250,-10,234,20,239,-5" /><INIT seed="6,0,0,3,2,22" ten="272,240,254,234" oya="2" hai0="33,71,49,111,105,118,89,73,57,42,28,3,18" hai1="117,59,66,90,25,132,21,51,70,2,30,102,115" hai2="79,113,64,77,29,119,62,45,26,36,24,75,99" hai3="58,97,1,11,41,103,93,48,69,16,100,122,40"/><V5/><F119/><W15/><G69/><T12/><D111/><U34/><E2/><V65/><F5/><W8/><G122/><T44/><D3/><U87/><E117/><V55/><F75/><W127/><G127/><T83/><D71/><U52/><E115/><V98/><F113/><W133/><G133/><T135/><D118/><U27/><E102/><V61/><F36/><W4/><REACH who="3" step="1"/><G103/><REACH who="3" ten="272,240,254,224" step="2"/><T123/><D135/><U72/><E132/><V112/><F112/><W84/><G84/><T108/><D123/><U101/><E101/><V124/><F124/><W126/><G126/><T94/><D73/><U85/><E72/><V54/><F45/><W74/><G74/><T114/><D44/><U43/><E43/><V46/><F46/><W82/><G82/><T39/><D83/><U60/><E90/><V50/><F50/><W76/><G76/><T106/><D89/><U63/><E51/><V116/><F116/><W68/><G68/><T10/><D42/><U38/><E38/><V37/><F37/><W92/><G92/><T14/><D94/><U78/><E78/><V20/><F79/><W107/><G107/><T125/><D106/><U96/><E96/><V130/><F77/><W128/><G128/><T129/><D105/><U88/><E88/><V31/><F130/><W121/><G121/><T32/><D39/><U110/><E110/><V81/><F81/><W53/><AGARI ba="0,1" hai="1,4,8,11,15,16,40,41,48,53,58,93,97,100" machi="53" ten="30,4000,0" yaku="1,1,0,1,54,1,53,0" doraHai="22" doraHaiUra="104" who="3" fromWho="3" sc="272,-10,240,-10,254,-20,224,50" /><INIT seed="7,0,0,1,2,101" ten="262,230,234,274" oya="3" hai0="6,9,78,95,39,60,46,88,103,49,131,48,56" hai1="3,117,37,68,54,30,72,57,7,73,86,127,76" hai2="125,1,50,44,126,113,5,0,84,118,62,81,32" hai3="128,64,52,24,65,31,96,11,23,4,92,58,80"/><W34/><G34/><T51/><D131/><U21/><E68/><V119/><F32/><W135/><G135/><T112/><D103/><U100/><E37/><V94/><F94/><W70/><G70/><T130/><D130/><U18/><E117/><V111/><F111/><W98/><G80/><T82/><D112/><U124/><E100/><V40/><F62/><W114/><G114/><T77/><D39/><U75/><E30/><V107/><F107/><W20/><G20/><T102/><D102/><U33/><E33/><V108/><F108/><W79/><G79/><T71/><D71/><U35/><E35/><V116/><F113/><W13/><G128/><T93/><D46/><U29/><E29/><V91/><REACH who="2" step="1"/><F5/><REACH who="2" ten="262,230,224,274" step="2"/><W90/><G98/><T134/><D95/><U2/><E7/><V12/><F12/><W43/><G43/><T47/><D134/><U97/><E97/><V16/><F16/><W67/><G67/><T104/><D104/><U14/><E2/><AGARI ba="0,1" hai="0,1,2,40,44,50,81,84,91,116,118,119,125,126" machi="2" ten="50,1600,0" yaku="1,1,53,0" doraHai="101" doraHaiUra="17" who="2" fromWho="1" sc="262,0,230,-16,224,26,274,0" /><INIT seed="8,0,0,3,2,50" ten="262,214,250,274" oya="0" hai0="43,75,47,135,74,33,131,11,21,37,77,39,23" hai1="94,51,26,45,125,73,80,108,102,113,15,8,27" hai2="117,2,91,88,122,19,110,30,16,59,71,78,112" hai3="67,49,105,129,92,1,98,3,29,124,103,34,41"/><T72/><D33/><U87/><E108/><V58/><F2/><W95/><G124/><T55/><D77/><N who="1" m="46479" /><E73/><V56/><F110/><W40/><G129/><T20/><D131/><U35/><E35/><V99/><F112/><W82/><G82/><T86/><D135/><U114/><E125/><V24/><F71/><W66/><G34/><T13/><D86/><U107/><E107/><V89/><F122/><W101/><G49/><T61/><D39/><U120/><E120/><V83/><F117/><W6/><G29/><T62/><REACH who="0" step="1"/><D55/><REACH who="0" ten="252,214,250,274" step="2"/><N who="1" m="30191" /><E114/><V111/><F111/><W106/><G98/><T25/><D25/><U121/><E113/><V126/><F99/><W115/><G115/><T32/><D32/><U42/><E121/><V97/><F97/><W5/><AGARI ba="0,1" hai="1,3,5,6,40,41,66,67,92,95,101,103,105,106" machi="5" ten="25,3200,0" yaku="0,1,22,2" doraHai="50" who="3" fromWho="3" sc="252,-16,214,-8,250,-8,274,42" owari="236,-16.0,206,-29.0,242,4.0,316,41.0" /></mjloggm>