<mjloggm ver="2.3"><GO type="225"/><UN n0="%E3%82%B9%E3%83%86%E3%83%AB%E3%82%B9%E3%83%87%E3%83%96" n1="%E3%83%9E%E3%82%A4%E3%83%8A%E3%83%BC%E5%85%8E" n2="%6E%61%6F%68%69%72%6F%EF%BD%8B" n3="%EF%BC%88%E2%89%A7%E2%96%BD%E2%89%A6%EF%BC%89" dan="16,16,17,16" rate="2101,2126,2122,2033" sx="M,M,M,M"/><TAIKYOKU oya="0"/><INIT seed="0,0,0,3,2,90" ten="250,250,250,250" oya="0" hai0="46,11,84,89,77,52,107,66,76,126,111,6,12" hai1="68,106,65,50,60,115,18,23,119,94,40,57,36" hai2="33,29,133,92,78,102,15,53,120,47,98,9,74" hai3="13,104,8,51,88,63,70,71,122,105,79,114,4"/><T97/><D66/><U124/><E119/><V39/><F133/><W21/><G114/><T31/><D126/><U123/><E123/><V49/><F39/><W127/><G122/><T128/><D128/><U103/><E124/><V25/><F120/><W17/><G127/><T81/><D31/><U2/><E115/><V125/><F125/><W55/><G79/><T16/><D111/><U134/><E2/><V35/><F78/><N who="0" m="30314" /><D107/><U27/><E106/><V41/><F74/><W44/><G71/><T116/><D116/><U95/><E134/><V86/><F86/><W75/><G75/><T85/><D85/><U34/><E103/><V64/><F64/><W110/><G110/><T132/><D132/><U58/><E34/><V20/><REACH who="2" step="1"/><F41/><REACH who="2" ten="250,250,240,250" step="2"/><W82/><G70/><T14/><D97/><U73/><E73/><V24/><F24/><W45/><G55/><T30/><D30/><U100/><E100/><V54/><F54/><W131/><G131/><T0/><D0/><U80/><E80/><V19/><AGARI ba="0,1" hai="9,15,19,20,25,29,33,35,47,49,53,92,98,102" machi="19" ten="20,5200,0" yaku="1,1,0,1,7,1,52,1,53,0" doraHai="90" doraHaiUra="101" who="2" fromWho="2" sc="250,-26,250,-13,240,62,250,-13" /><INIT seed="1,0,0,3,3,82" ten="224,237,302,237" oya="1" hai0="131,104,44,70,117,93,113,63,76,30,101,52,129" hai1="80,89,8,111,77,75,46,20,84,79,108,69,29" hai2="4,21,56,13,110,64,17,55,73,125,130,102,122" hai3="109,36,121,59,43,2,86,115,26,0,83,112,127"/><U54/><E69/><V106/><F122/><W12/><G121/><T128/><D117/><U7/><E29/><V72/><F110/><N who="1" m="42025" /><E20/><V133/><F133/><W47/><G109/><T23/><D113/><U38/><E75/><V25/><F125/><W14/><G127/><T78/><D104/><U88/><E89/><V92/><F106/><W126/><G126/><T51/><D101/><U15/><E54/><V66/><F130/><W134/><G134/><T42/><D93/><U98/><E98/><N who="2" m="59719" /><F73/><W11/><G112/><T27/><REACH who="0" step="1"/><D42/><AGARI ba="0,0" hai="7,8,15,38,42,46,77,79,80,84,88" m="42025" machi="42" ten="30,11600,0" yaku="14,1,10,1,52,1,54,1" doraHai="82" who="1" fromWho="0" sc="224,-116,237,116,302,0,237,0" /><INIT seed="1,1,0,3,4,48" ten="108,353,302,237" oya="1" hai0="28,23,22,119,41,29,62,113,37,81,18,16,42" hai1="52,46,12,72,20,88,70,106,30,0,38,99,7" hai2="86,45,56,68,35,135,109,131,79,129,102,82,77" hai3="80,55,100,57,91,66,132,54,43,126,111,6,108"/><U76/><E72/><V101/><F68/><W61/><G126/><T15/><D119/><U1/><E76/><N who="2" m="29259" /><F35/><W39/><G132/><T130/><D113/><U63/><E38/><V85/><F45/><N who="3" m="23807" /><G6/><T27/><D130/><N who="2" m="49674" /><F56/><W50/><G100/><N who="2" m="38505" /><F109/><N who="3" m="42059" /><G50/><T32/><D37/><U104/><E70/><V19/><F19/><W128/><G128/><T123/><D123/><U92/><E0/><V3/><F3/><W124/><G124/><T127/><D127/><U83/><E1/><V21/><F21/><W75/><G75/><T90/><D62/><U25/><E7/><V33/><F33/><W34/><G34/><T95/><D81/><U9/><E9/><V40/><F40/><W26/><G26/><T78/><D78/><U114/><E12/><V51/><F51/><W64/><G64/><T73/><D73/><U53/><E46/><V120/><F120/><W94/><G80/><T84/><REACH who="0" step="1"/><D29/><REACH who="0" ten="98,353,302,237" step="2"/><N who="1" m="17575" /><E83/><V4/><F82/><W13/><G13/><AGARI ba="1,1" hai="13,15,16,18,22,23,27,28,32,41,42,84,90,95" machi="13" ten="30,7700,0" yaku="1,1,7,1,9,1,54,1,53,0" doraHai="48" doraHaiUra="98" who="0" fromWho="3" sc="98,90,353,0,302,0,237,-80" /><INIT seed="2,0,0,4,4,122" ten="188,353,302,157" oya="2" hai0="13,130,10,5,104,65,7,16,29,42,123,63,24" hai1="85,126,72,82,22,17,6,28,75,64,11,54,40" hai2="89,100,74,12,78,21,38,9,95,49,25,70,94" hai3="113,4,115,127,36,48,97,133,55,98,33,129,2"/><V111/><F38/><W53/><G36/><T66/><D123/><U128/><E128/><V46/><F70/><W43/><G33/><T20/><D104/><U73/><E126/><V1/><F1/><W88/><G127/><T3/><D130/><U60/><E40/><V31/><F111/><W83/><G129/><T90/><D42/><U67/><E28/><V26/><F26/><W135/><G2/><T23/><D3/><U112/><E112/><N who="3" m="43082" /><G4/><T102/><D102/><U79/><E54/><N who="3" m="20490" /><G48/><T96/><D10/><U99/><E99/><N who="3" m="37898" /><G43/><T77/><D77/><U116/><E116/><V51/><F78/><W71/><G71/><T14/><D14/><U39/><E39/><V80/><F12/><W34/><G34/><T68/><REACH who="0" step="1"/><D66/><REACH who="0" ten="178,353,302,157" step="2"/><U45/><E64/><V37/><F9/><W118/><G118/><T76/><D76/><U61/><E67/><V119/><F119/><W114/><N who="3" m="43090" /><W62/><DORA hai="103" /><G62/><T30/><D30/><U87/><E61/><V81/><F31/><W56/><G56/><T35/><D35/><U121/><E60/><V86/><F37/><W50/><G50/><T47/><D47/><U110/><E45/><V109/><F46/><W117/><G117/><T32/><D32/><U106/><E121/><V0/><F49/><W41/><G41/><T92/><AGARI ba="0,1" hai="5,7,13,16,20,23,24,29,63,65,68,90,92,96" machi="92" ten="30,7900,0" yaku="1,1,0,1,54,1,53,1" doraHai="122,103" doraHaiUra="108,58" who="0" fromWho="0" sc="178,89,353,-20,302,-39,157,-20" /><INIT seed="3,0,0,2,1,41" ten="267,333,263,137" oya="3" hai0="72,35,119,2,103,23,69,67,43,131,122,100,130" hai1="21,102,44,123,8,4,6,1,64,71,58,95,26" hai2="47,49,115,15,132,57,76,53,65,5,84,96,73" hai3="133,118,14,9,19,85,10,0,93,75,3,61,55"/><W56/><G75/><T45/><D35/><U38/><E71/><V34/><F34/><W110/><G118/><T86/><D72/><U90/><E123/><V89/><F132/><W111/><G133/><T105/><D2/><U25/><E102/><V77/><F115/><W114/><G114/><T97/><D119/><U112/><E112/><V42/><F96/><W24/><G24/><T62/><D122/><U70/><E70/><V104/><F104/><W109/><REACH who="3" step="1"/><G10/><REACH who="3" ten="267,333,263,127" step="2"/><T60/><D130/><U59/><E25/><V113/><F73/><W30/><G30/><T17/><D131/><U106/><E8/><N who="2" m="4495" /><F113/><W129/><G129/><T48/><D103/><U33/><E26/><V83/><F65/><W82/><G82/><T108/><D67/><U135/><E64/><V126/><F126/><W121/><G121/><T98/><D100/><U87/><E135/><V91/><F77/><W39/><G39/><T12/><D105/><U101/><E38/><V50/><AGARI ba="0,1" hai="42,47,49,50,53,57,76,83,84,89,91" m="4495" machi="50" ten="30,4000,0" yaku="25,1,8,1,52,1" doraHai="41" who="2" fromWho="2" sc="267,-10,333,-10,263,50,127,-20" owari="257,-14.0,323,42.0,313,11.0,107,-39.0" /></mjloggm>