<mjloggm ver="2.3"><GO type="169" lobby="0"/><UN n0="%EF%BC%88%E2%89%A7%E2%96%BD%E2%89%A6%EF%BC%89" n1="%E3%82%82%E3%81%A3%E3%81%97%E3%83%BC" n2="%E6%A1%9C%E7%8C%AB" n3="%E5%B2%A1%E6%9D%91" dan="17,16,16,17" rate="2108,2128,2048,2143" sx="M,M,F,F"/><TAIKYOKU oya="0"/><INIT seed="0,0,0,2,5,1" ten="250,250,250,250" oya="0" hai0="42,27,80,104,69,19,49,134,90,103,8,36,99" hai1="123,74,20,96,52,73,0,41,131,62,86,65,76" hai2="9,107,64,61,105,67,10,17,56,135,44,25,53" hai3="128,51,28,45,39,35,47,94,78,102,115,50,133"/><T119/><D119/><U77/><E123/><V121/><F121/><W127/><G115/><T112/><D112/><U84/><E41/><V46/><F135/><W58/><G133/><T31/><D134/><U66/><E0/><V16/><F25/><W32/><G128/><T109/><D109/><U130/><E20/><V85/><F85/><W43/><G127/><T95/><D69/><U11/><E11/><V118/><F118/><W81/><G58/><T111/><D111/><U48/><E48/><V126/><F126/><W132/><G28/><T75/><D36/><U108/><E108/><V124/><F124/><W12/><G39/><T5/><D19/><U15/><E15/><V13/><F107/><W3/><G3/><T23/><D42/><U6/><E96/><V110/><F105/><W122/><G122/><T117/><D117/><U97/><E97/><V113/><F113/><W22/><G132/><T59/><D59/><U38/><E38/><V79/><F79/><W30/><G47/><N who="2" m="17961" /><F110/><W83/><G43/><T89/><D49/><U106/><E106/><V100/><F100/><W116/><G50/><T55/><D55/><U18/><E52/><V91/><F91/><W21/><G51/><T87/><D75/><U33/><E62/><V60/><F60/><W63/><G45/><T14/><D104/><U57/><E57/><V93/><F93/><W129/><G63/><T68/><D68/><U37/><E37/><V2/><F2/><W54/><G54/><T40/><D40/><U120/><E120/><V82/><F82/><W125/><G125/><T34/><D34/><RYUUKYOKU ba="0,0" sc="250,15,250,-15,250,15,250,-15" hai0="5,8,14,23,27,31,80,87,89,90,95,99,103" hai2="9,10,13,16,17,53,56,61,64,67" /><INIT seed="0,1,0,3,3,88" ten="265,235,265,235" oya="0" hai0="130,60,29,126,48,121,123,27,91,84,44,62,108" hai1="96,16,33,10,97,90,37,81,6,82,94,117,55" hai2="18,39,54,135,98,65,105,24,75,101,114,69,57" hai3="52,131,133,74,22,56,49,46,15,59,122,77,100"/><T99/><D130/><U95/><E117/><V12/><F114/><W87/><G122/><T8/><D126/><U112/><E37/><V102/><F75/><W111/><G131/><T113/><D113/><U21/><E33/><V20/><F39/><W51/><G133/><T93/><D108/><U50/><E112/><V31/><F135/><W132/><G132/><T67/><D8/><U127/><E127/><V28/><F102/><W35/><G35/><T124/><D124/><U110/><E110/><V92/><F105/><W7/><G74/><T30/><D84/><U32/><E32/><V115/><F115/><W85/><G111/><T40/><D62/><U70/><E70/><V0/><F0/><W71/><G71/><T118/><D118/><U42/><E42/><V19/><F69/><W78/><G100/><T72/><D72/><U128/><E10/><N who="2" m="6423" /><F65/><W26/><G15/><T13/><D13/><N who="1" m="9359" /><E6/><V66/><F66/><W14/><G14/><T23/><REACH who="0" step="1"/><D30/><REACH who="0" ten="255,235,265,235" step="2"/><U4/><E128/><V2/><F2/><W73/><G7/><T104/><D104/><U83/><E4/><V125/><F125/><W43/><G73/><T119/><D119/><U34/><E34/><V1/><F1/><W116/><G116/><T64/><D64/><U47/><E81/><V76/><F76/><W36/><G77/><T106/><D106/><U86/><E86/><V17/><F31/><N who="3" m="17879" /><G78/><T58/><AGARI ba="1,1" hai="23,27,29,40,44,48,58,60,67,91,93,99,121,123" machi="58" ten="20,7800,0" yaku="1,1,0,1,7,1,52,1,53,0" doraHai="88" doraHaiUra="134" who="0" fromWho="0" sc="255,91,235,-27,265,-27,235,-27" /><INIT seed="0,2,0,2,4,78" ten="346,208,238,208" oya="0" hai0="114,84,59,126,11,91,66,95,9,31,49,94,77" hai1="76,96,62,123,40,34,99,27,85,83,7,122,0" hai2="108,61,110,113,128,81,15,33,103,53,39,67,26" hai3="134,133,107,42,48,100,28,29,117,119,135,6,68"/><T20/><D114/><U35/><E40/><V90/><F113/><W60/><G100/><T10/><D126/><U45/><E45/><V37/><F103/><W120/><G107/><T75/><D75/><U102/><E62/><V32/><F128/><W74/><G74/><T38/><D38/><N who="2" m="14346" /><F53/><W130/><G6/><T44/><D77/><U104/><E99/><V116/><F116/><N who="3" m="44619" /><G29/><T79/><D79/><U92/><E104/><V71/><F15/><W106/><G28/><T88/><D31/><U51/><E51/><V82/><F90/><W5/><G5/><T86/><D20/><U18/><E18/><V109/><F26/><W131/><G106/><T50/><D44/><U63/><E63/><AGARI ba="2,0" hai="9,10,11,49,50,59,63,66,84,86,88,91,94,95" machi="63" ten="40,7700,0" yaku="9,1,8,1,54,1" doraHai="78" who="0" fromWho="1" sc="346,83,208,-83,238,0,208,0" /><INIT seed="0,3,0,4,3,120" ten="429,125,238,208" oya="0" hai0="12,126,9,74,131,36,34,124,99,29,50,103,26" hai1="17,108,43,59,98,77,30,93,113,32,48,28,100" hai2="40,24,133,96,111,7,54,128,23,55,101,104,88" hai3="63,122,89,75,80,61,105,81,86,92,72,11,33"/><T116/><D36/><U129/><E77/><V118/><F118/><W70/><G105/><T82/><D116/><U25/><E129/><V112/><F112/><W85/><G122/><T13/><D131/><U132/><E132/><V102/><F128/><W3/><G33/><T15/><D9/><U79/><E79/><V109/><F7/><W1/><G92/><T10/><D10/><U8/><E113/><V114/><F114/><W90/><G11/><T52/><D82/><U97/><E30/><N who="2" m="17695" /><F133/><W16/><G16/><T130/><D74/><U119/><E119/><V22/><F22/><W95/><G95/><T78/><D78/><U84/><E84/><V106/><F40/><W60/><G60/><T58/><REACH who="0" step="1"/><D130/><REACH who="0" ten="419,125,238,208" step="2"/><U37/><E37/><V39/><F39/><W110/><REACH who="3" step="1"/><G70/><REACH who="3" ten="419,125,238,198" step="2"/><T76/><D76/><U65/><E8/><V0/><F0/><W57/><G57/><T45/><D45/><U135/><E59/><V73/><F73/><W56/><G56/><T31/><D31/><U46/><E46/><V5/><F5/><W91/><G91/><T6/><D6/><U68/><E68/><V20/><F88/><W62/><G62/><T94/><AGARI ba="3,2" hai="12,13,15,26,29,34,50,52,58,94,99,103,124,126" machi="94" ten="30,6000,0" yaku="1,1,0,1,54,1,53,0" doraHai="120" doraHaiUra="69" who="0" fromWho="0" sc="419,89,125,-23,238,-23,198,-23" /><INIT seed="0,4,0,1,4,64" ten="508,102,215,175" oya="0" hai0="45,39,65,112,100,90,104,95,27,59,96,14,128" hai1="98,32,71,66,118,3,87,124,21,127,25,70,107" hai2="72,47,30,125,52,82,26,61,37,111,106,103,116" hai3="11,62,41,36,115,133,119,54,60,33,93,117,134"/><T75/><D128/><U74/><E118/><N who="3" m="45066" /><G33/><T92/><D112/><U126/><E74/><V85/><F116/><W89/><G11/><T20/><D75/><U77/><E3/><V24/><F24/><W18/><G18/><T19/><D39/><U102/><E32/><V6/><F72/><W55/><G89/><T31/><D45/><U29/><E66/><V132/><F6/><W99/><G99/><T46/><D46/><U130/><E130/><V58/><F132/><N who="3" m="50795" /><G93/><T81/><D81/><AGARI ba="4,0" hai="21,25,29,70,71,77,81,87,98,102,107,124,126,127" machi="81" ten="40,5200,0" yaku="18,1,52,2" doraHai="64" who="1" fromWho="0" sc="508,-64,102,64,215,0,175,0" /><INIT seed="1,0,0,4,5,36" ten="444,166,215,175" oya="1" hai0="85,80,124,6,131,121,7,46,72,129,55,17,123" hai1="14,35,73,118,32,26,16,102,1,28,91,62,106" hai2="64,79,59,119,111,108,90,15,25,96,39,56,120" hai3="49,71,41,101,54,126,105,40,88,20,11,133,127"/><U33/><E73/><V10/><F120/><N who="0" m="46154" /><D124/><N who="3" m="47657" /><G133/><T13/><D72/><U97/><E118/><V100/><F119/><W34/><G34/><T70/><D70/><U75/><E75/><V104/><F79/><W43/><G71/><T78/><D55/><U110/><E1/><V24/><F39/><W86/><G11/><N who="0" m="6335" /><D46/><U44/><E110/><N who="2" m="42027" /><F90/><W130/><G130/><AGARI ba="0,0" hai="6,7,78,80,85,129,130,131" m="6335,46154" machi="130" ten="30,2000,0" yaku="19,1,13,1" doraHai="36" who="0" fromWho="3" sc="444,20,166,0,215,0,175,-20" /><INIT seed="2,0,0,3,4,74" ten="464,166,215,155" oya="2" hai0="37,3,90,99,82,130,57,23,101,71,29,42,132" hai1="43,14,1,58,47,79,129,28,34,121,89,110,111" hai2="125,39,30,95,105,20,103,109,100,8,122,7,0" hai3="48,66,115,98,55,107,44,120,78,81,13,77,52"/><V83/><F122/><W27/><G120/><T92/><D71/><U40/><E1/><V5/><F125/><W114/><G66/><T38/><D3/><U11/><E121/><V126/><F7/><W131/><G131/><T2/><D2/><U61/><E129/><V118/><F126/><W108/><G108/><N who="1" m="41514" /><E89/><V45/><F118/><W26/><G13/><T46/><D130/><U87/><E28/><V86/><F105/><W32/><G55/><T6/><D132/><U35/><E87/><V21/><F109/><W63/><G63/><T53/><D6/><N who="1" m="3447" /><E79/><N who="3" m="30218" /><G32/><N who="1" m="12330" /><E47/><V76/><F30/><W16/><G16/><T41/><D42/><U75/><E75/><V93/><F45/><W124/><G124/><T17/><D38/><U33/><E33/><V24/><F39/><W117/><G117/><T102/><D53/><AGARI ba="0,0" hai="40,43,53,58,61" m="12330,3447,41514" machi="53" ten="30,1000,0" yaku="14,1" doraHai="74" who="1" fromWho="0" sc="464,-10,166,10,215,0,155,0" /><INIT seed="3,0,0,1,3,74" ten="454,176,215,155" oya="3" hai0="126,62,37,120,81,32,31,107,27,38,84,123,46" hai1="41,19,33,29,7,26,60,68,87,25,95,70,40" hai2="91,135,86,130,102,63,42,110,88,35,34,97,114" hai3="61,14,55,22,66,77,109,47,15,76,67,24,111"/><W18/><G47/><T28/><D126/><U23/><E7/><V82/><F114/><W54/><G24/><T133/><D107/><U72/><E72/><V115/><F115/><W132/><G132/><T101/><D133/><U1/><E1/><V75/><F135/><W57/><G15/><T103/><D62/><U99/><E87/><V9/><F75/><W116/><G116/><T92/><D31/><U85/><E85/><V121/><F42/><W44/><G44/><T80/><D80/><U96/><E96/><V106/><F110/><N who="3" m="41995" /><G55/><T3/><D3/><U0/><E0/><V10/><F121/><W83/><G83/><T127/><D127/><U51/><E51/><V36/><F36/><W53/><G53/><T39/><D46/><U129/><E41/><V117/><F63/><W8/><G8/><T50/><D123/><U48/><E48/><V71/><F71/><W112/><G112/><T131/><D120/><U65/><E40/><V30/><F117/><W119/><G119/><T4/><D50/><U134/><E134/><V56/><F56/><W89/><G89/><T69/><D37/><U79/><E70/><V78/><F130/><W118/><G118/><T6/><D131/><U98/><E129/><V100/><F102/><N who="0" m="38922" /><D69/><U17/><E68/><V113/><F113/><W104/><G104/><T11/><D39/><U52/><E60/><V125/><F125/><W20/><G20/><T108/><D38/><U64/><E23/><V73/><F91/><W45/><G45/><T122/><D122/><U12/><E52/><V16/><F106/><W94/><G94/><RYUUKYOKU ba="0,0" sc="454,-10,176,-10,215,-10,155,30" hai3="14,18,22,54,57,61,66,67,76,77" /><INIT seed="3,1,0,4,2,113" ten="444,166,205,185" oya="3" hai0="131,31,86,14,134,89,63,92,8,74,103,97,26" hai1="58,62,77,54,11,81,32,126,30,79,78,10,124" hai2="50,96,132,123,37,38,15,125,22,41,7,55,110" hai3="88,66,100,25,71,93,53,108,17,52,91,84,42"/><W47/><G100/><T127/><D127/><N who="1" m="48683" /><E81/><V51/><F125/><W117/><G117/><T121/><D121/><U116/><E116/><V80/><F110/><W82/><G108/><T102/><D134/><U21/><E32/><V23/><F132/><W94/><G82/><T16/><D74/><U101/><E101/><V107/><F41/><W129/><G129/><T118/><D118/><U43/><E43/><V59/><F123/><W6/><G6/><T90/><D131/><U61/><E62/><V99/><F80/><W135/><G135/><T20/><D63/><U19/><E30/><V46/><F37/><W45/><G71/><T3/><D3/><U104/><E104/><V9/><F38/><W48/><G66/><T114/><D114/><U60/><E60/><V12/><F107/><W105/><G105/><T44/><D44/><U130/><E130/><V106/><F106/><W2/><G2/><T67/><D67/><U69/><E69/><V83/><F83/><AGARI ba="1,0" hai="8,14,16,20,26,31,83,86,89,90,92,97,102,103" machi="83" ten="30,3900,0" yaku="7,1,8,1,54,1" doraHai="113" who="0" fromWho="2" sc="444,42,166,0,205,-42,185,0" /><INIT seed="4,0,0,4,3,124" ten="486,166,163,185" oya="0" hai0="73,94,9,125,53,104,103,55,122,46,95,48,135" hai1="51,102,11,130,85,57,3,60,70,89,39,127,7" hai2="64,43,34,112,8,113,0,5,66,82,100,58,62" hai3="80,4,23,75,131,18,1,14,40,44,31,78,134"/><T97/><D122/><U29/><E39/><V110/><F34/><W2/><G134/><T119/><D119/><U86/><E127/><V15/><F110/><W88/><G31/><T26/><D125/><U41/><E102/><V77/><F100/><W118/><G118/><T61/><D135/><U133/><E133/><V90/><F90/><W56/><G56/><T128/><D73/><U74/><E74/><V19/><F66/><W6/><G6/><T114/><D114/><U13/><E70/><V10/><REACH who="2" step="1"/><F43/><REACH who="2" ten="486,166,153,185" step="2"/><W96/><G88/><T91/><D91/><U42/><E42/><V21/><F21/><W108/><G108/><T67/><D67/><U30/><E41/><V84/><AGARI ba="0,1" hai="0,5,8,10,15,19,58,62,64,77,82,84,112,113" machi="84" ten="30,2000,0" yaku="1,1,0,1,53,0" doraHai="124" doraHaiUra="121" who="2" fromWho="2" sc="486,-10,166,-5,153,30,185,-5" /><INIT seed="5,0,0,0,4,119" ten="476,161,183,180" oya="1" hai0="32,77,42,40,4,86,68,18,124,106,20,130,49" hai1="19,22,75,28,117,34,6,51,72,132,87,16,31" hai2="15,74,39,129,133,55,11,97,8,67,27,105,82" hai3="125,90,126,107,110,89,57,25,94,71,66,13,95"/><U108/><E117/><V83/><F67/><W134/><G71/><T62/><D106/><U116/><E116/><V2/><F39/><W47/><G107/><T69/><D32/><U120/><E6/><V102/><F133/><W122/><G134/><T23/><D4/><U115/><E132/><V1/><F11/><W128/><G110/><T91/><D124/><U63/><E115/><V121/><F27/><W24/><G128/><T78/><D130/><U9/><E108/><V26/><F129/><W41/><G13/><N who="0" m="9295" /><D69/><U29/><E34/><V58/><F26/><W65/><G57/><T88/><D68/><U98/><E120/><V35/><F35/><W70/><G70/><T59/><D23/><U101/><E9/><V10/><F10/><W17/><G17/><T0/><D0/><U93/><E63/><V131/><F131/><W7/><G7/><T109/><D109/><U73/><E22/><V81/><F74/><W113/><G113/><T112/><D112/><U46/><REACH who="1" step="1"/><E87/><REACH who="1" ten="476,151,183,180" step="2"/><V48/><REACH who="2" step="1"/><F121/><REACH who="2" ten="476,151,173,180" step="2"/><W54/><G122/><T33/><D33/><U76/><E76/><V38/><F38/><W114/><G114/><T44/><D78/><U79/><E79/><V104/><F104/><W64/><G126/><T103/><D77/><U111/><E111/><V127/><F127/><W56/><G125/><T50/><D62/><U37/><E37/><V123/><F123/><W3/><G3/><T43/><D50/><U92/><E92/><N who="3" m="35370" /><G25/><T30/><D49/><U52/><AGARI ba="0,2" hai="16,19,28,29,31,46,51,52,72,73,75,93,98,101" machi="52" ten="40,12000,1" yaku="1,1,0,1,54,2,53,0" doraHai="119" doraHaiUra="135" who="1" fromWho="1" sc="476,-40,151,140,173,-40,180,-40" /><INIT seed="5,1,0,3,5,55" ten="436,291,133,140" oya="1" hai0="7,73,109,106,43,42,14,17,50,79,36,105,9" hai1="12,22,119,65,85,114,129,80,93,88,16,86,38" hai2="51,128,83,76,10,33,5,45,3,122,95,28,94" hai3="47,68,120,57,132,63,19,59,71,126,96,92,78"/><U70/><E119/><V6/><F122/><W39/><G120/><T53/><D109/><U32/><E38/><V69/><F128/><W0/><G0/><T37/><D37/><U104/><E104/><V131/><F69/><W56/><G78/><T97/><D36/><U34/><E129/><V110/><F131/><W107/><G132/><T41/><D73/><U81/><E114/><V11/><F110/><W62/><G107/><T77/><D97/><U61/><E93/><V21/><F33/><W58/><G19/><T40/><D40/><U2/><E2/><V23/><F28/><W72/><G72/><T117/><D117/><U31/><E31/><V35/><F35/><W125/><G92/><T18/><D106/><U84/><E85/><V99/><F95/><W15/><G15/><N who="0" m="5567" /><D105/><U98/><E98/><V127/><F127/><N who="3" m="48651" /><G96/><T54/><D54/><U108/><E108/><V1/><F83/><W60/><N who="3" m="14848" /><DORA hai="82" /><W135/><G135/><T20/><D18/><U52/><E52/><V67/><F67/><W134/><G134/><T87/><D87/><U118/><E118/><V13/><F76/><AGARI ba="1,0" hai="12,16,22,32,34,61,65,70,76,80,81,84,86,88" machi="76" ten="30,12000,1" yaku="7,1,52,2,54,2" doraHai="55,82" who="1" fromWho="2" sc="436,0,291,123,133,-123,140,0" /><INIT seed="5,2,0,5,5,51" ten="436,414,10,140" oya="1" hai0="58,114,59,64,0,56,105,19,3,130,41,17,20" hai1="100,1,42,47,95,107,79,122,67,94,128,74,10" hai2="115,103,82,11,45,83,87,135,54,72,111,116,134" hai3="43,78,90,84,89,21,126,25,6,96,15,40,91"/><U7/><E122/><V68/><F111/><W66/><G126/><T46/><D105/><U18/><E128/><V36/><F116/><W62/><G78/><T32/><D32/><U113/><E113/><V120/><F120/><W34/><G34/><T52/><D130/><U85/><E67/><V44/><F68/><W75/><G75/><T81/><D114/><U70/><E70/><V39/><F115/><W28/><G96/><T73/><D64/><U57/><E57/><V53/><F103/><W102/><G102/><T98/><D98/><N who="1" m="61847" /><E85/><V35/><F35/><W24/><G24/><T118/><D118/><U37/><E18/><V99/><F99/><W27/><G27/><T108/><D108/><U86/><E86/><V16/><F72/><W23/><G84/><T127/><D19/><U29/><E29/><V131/><F131/><W14/><G23/><T121/><D121/><U9/><E9/><V5/><F5/><W60/><G66/><T88/><D73/><U132/><E132/><N who="2" m="50731" /><F11/><W124/><G6/><T63/><D3/><U50/><E50/><V33/><F33/><W65/><G65/><T77/><D0/><U133/><E133/><V125/><F125/><W80/><G124/><T38/><D127/><U76/><E76/><N who="2" m="46535" /><F16/><W69/><G69/><T49/><D77/><U129/><E129/><V8/><F8/><W55/><G28/><T119/><D119/><U117/><E117/><V22/><F22/><W4/><G21/><T93/><D17/><U92/><E92/><V12/><F83/><W101/><G101/><T109/><D93/><U106/><E106/><RYUUKYOKU ba="2,0" sc="436,-10,414,30,10,-10,140,-10" hai1="1,7,10,37,42,47,74,79,94,95" /><INIT seed="5,3,0,4,3,124" ten="426,444,0,130" oya="1" hai0="6,93,56,21,72,82,61,79,133,86,17,112,70" hai1="47,89,130,9,84,128,25,59,116,94,16,5,10" hai2="33,104,113,34,101,62,103,81,74,52,122,19,57" hai3="119,54,65,118,14,28,18,12,100,2,42,13,48"/><U75/><E75/><V64/><F122/><W51/><G2/><T110/><D110/><U41/><E116/><V106/><F19/><W83/><G65/><T1/><D133/><U66/><E66/><V49/><F74/><W73/><G100/><T134/><D134/><U77/><E77/><V69/><F81/><W15/><G28/><T55/><D112/><U80/><E80/><V11/><F11/><W96/><G96/><T50/><D1/><U20/><E59/><V76/><F76/><W31/><G31/><T98/><D6/><U120/><E120/><V117/><F117/><W121/><G121/><T68/><D72/><U135/><E135/><V38/><F38/><W60/><G83/><T3/><D3/><N who="1" m="191" /><E10/><V90/><F90/><W30/><G30/><T43/><D43/><U23/><E23/><V132/><F132/><W115/><G73/><T36/><D36/><U0/><E0/><V109/><F109/><W129/><G115/><T4/><D4/><U123/><E123/><V37/><F37/><W27/><G119/><T87/><D87/><U99/><E84/><V58/><F113/><W35/><G118/><T97/><D97/><U105/><E105/><N who="2" m="40555" /><F69/><W92/><G42/><T125/><D70/><U53/><E41/><V102/><F34/><W39/><G35/><T85/><D68/><U26/><E26/><V44/><F33/><W91/><G27/><N who="0" m="14767" /><D86/><U63/><E63/><V8/><F8/><W67/><G60/><T29/><D61/><U22/><E22/><V88/><F88/><W126/><N who="3" m="3584" /><DORA hai="32" /><W40/><G91/><T24/><D82/><RYUUKYOKU ba="3,0" sc="426,-15,444,15,0,15,130,-15" hai1="16,20,25,47,53,89,94,99,128,130" hai2="44,49,52,57,58,62,64,101,102,103" /><INIT seed="5,4,0,0,1,20" ten="411,459,15,115" oya="1" hai0="47,115,46,60,67,41,17,80,110,97,42,5,63" hai1="14,61,117,95,100,38,102,96,112,101,25,134,1" hai2="29,10,74,54,3,0,39,98,64,11,62,81,87" hai3="107,26,69,86,133,77,90,122,79,37,76,43,103"/><U108/><E1/><V89/><F74/><W2/><G122/><T99/><D110/><U49/><E38/><V73/><F73/><W56/><G69/><T91/><D115/><U106/><E117/><V120/><F120/><W7/><G133/><T45/><D5/><U51/><E134/><V123/><F123/><W9/><G56/><N who="0" m="37255" /><D63/><U83/><E112/><V116/><F98/><N who="0" m="37386" /><D17/><U8/><E108/><V44/><F116/><W27/><G103/><N who="1" m="39498" /><E106/><V35/><F3/><W131/><G107/><T24/><D24/><U121/><E121/><V109/><F109/><W105/><G105/><T13/><D13/><U125/><E125/><V36/><F0/><W15/><G2/><T68/><D68/><U32/><E32/><V66/><F36/><W4/><G4/><T124/><D124/><U53/><E83/><V70/><F64/><W84/><G37/><T50/><D42/><U94/><E94/><V12/><F39/><W30/><G43/><T16/><D16/><N who="1" m="8263" /><E25/><V28/><F35/><W75/><G26/><T104/><D104/><U65/><E65/><V33/><F33/><W127/><G75/><T129/><D129/><U132/><E132/><V72/><F72/><W40/><G131/><T6/><D6/><U57/><AGARI ba="4,0" hai="49,51,53,57,61,95,96,102" m="8263,39498" machi="57" ten="30,3000,0" yaku="8,1,54,1" doraHai="20" who="1" fromWho="1" sc="411,-14,459,42,15,-14,115,-14" /><INIT seed="5,5,0,0,2,34" ten="397,501,1,101" oya="1" hai0="116,100,40,66,56,126,16,0,33,130,134,93,117" hai1="1,25,103,29,6,58,19,60,135,38,87,102,79" hai2="101,13,42,4,27,50,127,77,111,45,32,11,106" hai3="109,2,9,83,47,14,53,131,118,46,65,8,63"/><U96/><E38/><V22/><F111/><W115/><G109/><T90/><D33/><U68/><E68/><V10/><F32/><W107/><G107/><T5/><D126/><U44/><E135/><V132/><F127/><W21/><G131/><T120/><D120/><U105/><E103/><V15/><F132/><W86/><G115/><T67/><D130/><U76/><E19/><V73/><F106/><W119/><G21/><T36/><D134/><U91/><E44/><V54/><F101/><W133/><G133/><T3/><D100/><U85/><E1/><V64/><F64/><W43/><G53/><T112/><D112/><U24/><E6/><N who="2" m="3287" /><F73/><W88/><G2/><T7/><D36/><U129/><E129/><V78/><F42/><W128/><G128/><T12/><D40/><U18/><E18/><AGARI ba="5,0" hai="4,11,15,18,22,27,45,50,54,77,78" m="3287" machi="18" ten="30,1000,0" yaku="8,1" doraHai="34" who="2" fromWho="1" sc="397,0,501,-25,1,25,101,0" /><INIT seed="6,0,0,1,3,109" ten="397,476,26,101" oya="2" hai0="8,134,41,126,39,28,130,92,21,106,83,36,100" hai1="19,96,85,10,127,110,55,73,16,124,12,105,40" hai2="56,87,131,117,72,76,98,82,103,122,121,5,129" hai3="11,123,46,119,113,101,79,59,37,132,7,99,97"/><V60/><F5/><W31/><G123/><N who="2" m="47113" /><F60/><W86/><G119/><T135/><D106/><U24/><E73/><V42/><F56/><W61/><G31/><T128/><D8/><U111/><E40/><V52/><F42/><W114/><G132/><N who="0" m="50731" /><D83/><U32/><E55/><V84/><F52/><N who="3" m="34023" /><G79/><T71/><D71/><U53/><E53/><V118/><F84/><W120/><G86/><T63/><D63/><U74/><E74/><V94/><F87/><W22/><G120/><T17/><D28/><U116/><E116/><AGARI ba="0,0" hai="72,76,82,94,98,103,116,117,118,129,131" m="47113" machi="116" ten="30,2900,0" yaku="34,2" doraHai="109" who="2" fromWho="1" sc="397,0,476,-29,26,29,101,0" /><INIT seed="6,1,0,5,0,112" ten="397,447,55,101" oya="2" hai0="125,5,134,121,94,127,100,31,62,27,38,87,46" hai1="13,86,91,56,8,34,71,65,73,66,25,81,29" hai2="122,6,84,97,107,70,85,103,88,18,110,77,57" hai3="133,45,48,108,129,22,113,72,98,106,49,128,67"/><V20/><F122/><W26/><G108/><T69/><D121/><U47/><E71/><V43/><F70/><W131/><G113/><T79/><D5/><U109/><E109/><V2/><F110/><W89/><G72/><T68/><D134/><U135/><E135/><V63/><F43/><W42/><G133/><T4/><D4/><U15/><E47/><V41/><F41/><W40/><G67/><T93/><D38/><U95/><E15/><V0/><F77/><W50/><G45/><T17/><D46/><U116/><E116/><V55/><F84/><W32/><G32/><N who="0" m="20607" /><D17/><U35/><E35/><V64/><F6/><W132/><G132/><T28/><D28/><U74/><E74/><V30/><F30/><N who="3" m="17751" /><G106/><T12/><D12/><U59/><E66/><V24/><REACH who="2" step="1"/><F64/><REACH who="2" ten="397,447,45,101" step="2"/><W111/><G111/><T10/><D69/><U76/><E65/><V36/><F36/><W78/><G78/><T58/><D68/><U105/><E76/><V117/><F117/><W16/><G40/><T102/><D79/><U19/><E86/><V118/><F118/><W9/><G42/><T7/><D87/><U120/><E120/><V99/><F99/><W92/><G16/><T130/><D7/><U61/><E19/><V115/><F115/><W1/><G9/><T37/><D10/><U21/><E8/><V90/><F90/><W82/><G82/><AGARI ba="1,1" hai="0,2,18,20,24,55,57,63,82,85,88,97,103,107" machi="82" ten="30,11600,0" yaku="1,1,7,1,54,1,53,1" doraHai="112" doraHaiUra="101" who="2" fromWho="3" sc="397,0,447,0,45,129,101,-119" owari="397,20.0,447,55.0,174,-23.0,-18,-52.0" /></mjloggm>