<mjloggm ver="2.3"><GO type="169" lobby="0"/><UN n0="%E3%81%8B%E3%81%92%E3%81%8D%E3%82%85%E3%81%86" n1="%E9%80%A2%E9%AD%94%E3%81%8C%E6%99%82" n2="%E3%82%AA%E3%82%BA%E3%82%B0%E3%83%AB%E3%83%BC%E3%83%97" n3="%EF%BC%88%E2%89%A7%E2%96%BD%E2%89%A6%EF%BC%89" dan="16,16,16,18" rate="2060.39,2097.16,2115.29,2147.76" sx="M,M,M,M"/><TAIKYOKU oya="0"/><INIT seed="0,0,0,0,5,28" ten="250,250,250,250" oya="0" hai0="48,43,54,58,29,49,33,96,126,12,15,7,42" hai1="129,24,46,101,18,105,85,135,0,8,81,122,93" hai2="107,76,95,84,79,17,130,71,16,27,111,50,30" hai3="62,21,110,70,132,47,39,2,112,59,38,88,53"/><T57/><D126/><U31/><E122/><V109/><F107/><W90/><G112/><T98/><D29/><U87/><E135/><V80/><F71/><W92/><G2/><T106/><D106/><U61/><E129/><V19/><F130/><W78/><G132/><T69/><D69/><U55/><E105/><V104/><F104/><W11/><G110/><N who="2" m="41993" /><F95/><W114/><G114/><T120/><D7/><U3/><E87/><V44/><F79/><W25/><G78/><T14/><D33/><U23/><E93/><V45/><F50/><W89/><G92/><T37/><D37/><U4/><E101/><V82/><F82/><W115/><G115/><T35/><D35/><AGARI ba="0,0" hai="16,17,19,27,30,35,44,45,76,80,84" m="41993" machi="35" ten="30,3900,0" yaku="14,1,52,1,54,1" doraHai="28" who="2" fromWho="0" sc="250,-39,250,0,250,39,250,0" /><INIT seed="1,0,0,1,0,35" ten="211,250,289,250" oya="1" hai0="65,96,133,82,11,29,24,14,64,69,75,99,21" hai1="10,50,130,86,8,121,23,122,43,40,19,62,60" hai2="71,85,113,53,27,118,17,7,1,56,37,97,12" hai3="76,70,132,116,134,111,0,47,15,89,6,30,84"/><U59/><E130/><V63/><F118/><W135/><G70/><T58/><D133/><U77/><E122/><V16/><F37/><W52/><G116/><T120/><D69/><U100/><E100/><V94/><F71/><W61/><G30/><T109/><D120/><U73/><E73/><V55/><F113/><W110/><G76/><T25/><D25/><U5/><E10/><V104/><F104/><W101/><G101/><T93/><D109/><N who="3" m="41481" /><G15/><T131/><D131/><U117/><E50/><V3/><F85/><W114/><G114/><T83/><D75/><U51/><E51/><V80/><F80/><N who="0" m="30762" /><D58/><U124/><E124/><V107/><F107/><W2/><G6/><N who="0" m="3447" /><D96/><U20/><E121/><V79/><F79/><W44/><G44/><T67/><D65/><U13/><E117/><V48/><F7/><W115/><G115/><T128/><D128/><U38/><E38/><V66/><F66/><W32/><G32/><T126/><D126/><U26/><E86/><V78/><F78/><W105/><G105/><T68/><D68/><U90/><E77/><V49/><F27/><W81/><G47/><T36/><D36/><U31/><E90/><AGARI ba="0,0" hai="21,24,29,64,67,90,93,99" m="3447,30762" machi="90" ten="30,1000,0" yaku="8,1" doraHai="35" who="0" fromWho="1" sc="211,10,250,-10,289,0,250,0" /><INIT seed="2,0,0,4,0,68" ten="221,240,289,250" oya="2" hai0="49,8,50,52,14,60,95,130,27,133,98,38,39" hai1="65,87,103,7,58,18,35,20,118,47,22,91,1" hai2="104,34,21,19,134,32,73,93,94,12,113,64,26" hai3="96,74,0,9,82,43,109,105,135,116,120,85,92"/><V76/><F104/><W48/><G120/><T67/><D133/><U59/><E35/><V54/><F134/><W16/><G116/><T10/><D130/><U117/><E118/><V51/><F113/><W127/><G135/><T112/><D112/><U36/><E117/><V3/><F3/><W46/><G127/><T90/><D27/><U107/><E22/><V100/><F64/><W33/><G33/><T55/><D8/><U126/><E65/><V108/><F108/><W56/><G109/><T40/><D40/><U115/><E115/><V75/><F34/><W89/><G105/><T29/><D29/><U123/><E123/><V42/><F42/><W45/><G74/><T11/><D11/><U84/><E7/><V131/><F131/><W86/><G86/><T66/><D66/><U70/><E70/><V102/><F32/><W129/><G129/><T101/><D101/><U69/><E87/><V111/><F111/><W88/><G0/><T57/><D55/><U4/><E69/><V83/><F75/><W31/><G31/><T6/><REACH who="0" step="1"/><D49/><REACH who="0" ten="211,240,289,250" step="2"/><U79/><E103/><V28/><F102/><W63/><G48/><T122/><D122/><U78/><E126/><V15/><F100/><W30/><G43/><T13/><D13/><U53/><E53/><V106/><F12/><N who="3" m="7183" /><G30/><T125/><D125/><U81/><E107/><V72/><F106/><W124/><G124/><T61/><D61/><U71/><E1/><V41/><F41/><W37/><G37/><T62/><D62/><U132/><E36/><V114/><F114/><W25/><G25/><T77/><D77/><RYUUKYOKU ba="0,1" sc="211,15,240,-15,289,-15,250,15" hai0="6,10,14,38,39,50,52,57,60,67,90,95,98" hai3="45,46,56,63,82,85,88,89,92,96" /><INIT seed="3,1,1,5,4,132" ten="226,225,274,265" oya="3" hai0="72,79,99,17,121,107,68,40,54,134,63,29,57" hai1="30,77,127,51,135,49,114,4,112,122,33,7,86" hai2="82,37,120,36,67,124,95,56,92,1,61,91,62" hai3="66,47,58,35,28,74,117,32,55,8,130,78,102"/><W101/><G117/><T31/><D121/><U125/><E122/><V20/><F1/><W42/><G130/><T44/><D134/><U0/><E135/><V106/><F120/><W110/><G110/><T34/><D34/><U83/><E30/><V123/><F106/><W75/><G66/><T16/><D68/><U71/><E33/><V50/><F123/><W9/><G28/><N who="0" m="10827" /><D72/><U5/><E71/><V116/><F116/><W97/><G78/><T3/><D107/><U18/><E18/><N who="0" m="7273" /><D3/><U131/><E131/><V109/><F109/><W21/><G21/><T64/><D99/><U90/><E77/><V111/><F111/><W85/><G85/><T88/><D79/><U27/><E27/><V10/><F82/><W108/><G108/><T13/><D13/><U119/><E119/><V128/><F128/><W96/><G75/><T52/><D88/><U59/><E0/><V89/><F10/><N who="3" m="4203" /><G74/><T53/><D40/><U41/><E41/><V87/><F20/><W98/><G32/><T100/><D100/><U6/><E4/><V25/><F25/><W19/><G35/><T45/><AGARI ba="1,1" hai="44,45,52,53,54,57,63,64" m="7273,10827" machi="45" ten="40,5200,0" yaku="8,1,54,2" doraHai="132" who="0" fromWho="0" sc="226,65,225,-14,274,-14,265,-27" /><INIT seed="4,0,0,1,0,65" ten="291,211,260,238" oya="0" hai0="61,62,129,76,128,46,60,86,64,58,78,51,87" hai1="21,79,70,134,104,69,74,127,100,25,107,105,132" hai2="3,99,10,2,80,12,67,38,35,54,33,57,17" hai3="19,50,113,63,125,11,43,112,108,111,92,117,28"/><T41/><D86/><U59/><E127/><V8/><F38/><W4/><G117/><T18/><D18/><U40/><E40/><V91/><F67/><W37/><G125/><T68/><D87/><U66/><E100/><V103/><F35/><W14/><G92/><T124/><D124/><U82/><E59/><V85/><F33/><W81/><G81/><T73/><D73/><U34/><E66/><V49/><REACH who="2" step="1"/><F10/><REACH who="2" ten="291,211,250,238" step="2"/><W20/><G37/><T77/><REACH who="0" step="1"/><D58/><REACH who="0" ten="281,211,250,238" step="2"/><U15/><E34/><V114/><F114/><W109/><G113/><T44/><D44/><U120/><E120/><V6/><F6/><W93/><G112/><T102/><D102/><U121/><E121/><V29/><F29/><W89/><G28/><T131/><AGARI ba="0,2" hai="41,46,51,60,61,62,64,68,76,77,78,128,129,131" machi="131" ten="40,12000,1" yaku="1,1,0,1,19,1,52,1,53,0" doraHai="65" doraHaiUra="16" who="0" fromWho="0" sc="281,140,211,-40,250,-40,238,-40" /><INIT seed="4,1,0,5,5,68" ten="421,171,210,198" oya="0" hai0="43,29,32,18,50,115,57,118,129,70,73,22,76" hai1="13,127,98,77,7,44,52,48,124,15,36,45,63" hai2="54,79,72,6,23,39,125,25,56,62,114,92,95" hai3="133,5,94,17,28,108,33,71,59,93,16,109,27"/><T81/><D70/><U66/><E98/><V26/><F114/><W106/><G106/><T135/><D115/><U101/><E77/><V82/><F125/><N who="1" m="48201" /><E101/><V131/><F131/><W107/><G71/><T102/><D129/><U75/><E75/><V38/><F6/><W10/><G107/><T9/><D102/><U12/><E7/><V74/><F74/><W96/><G133/><T87/><D135/><U3/><E3/><V116/><F116/><W40/><G40/><T86/><D118/><U84/><E84/><V24/><REACH who="2" step="1"/><F23/><REACH who="2" ten="421,171,200,198" step="2"/><W132/><G132/><T31/><D73/><U83/><E83/><V119/><F119/><W21/><G21/><T49/><D22/><U42/><E12/><V112/><F112/><W117/><G117/><T130/><D81/><U113/><E113/><V85/><F85/><W69/><G5/><T90/><D86/><U64/><E15/><V11/><F11/><W88/><G10/><T61/><D9/><U14/><E13/><V78/><F78/><W46/><G109/><T47/><D76/><U35/><E14/><V80/><F80/><W134/><G108/><T41/><D87/><U120/><E120/><V103/><F103/><W55/><G134/><T89/><D130/><U60/><E35/><V99/><F99/><W123/><G96/><T110/><D32/><U30/><E30/><V19/><F19/><W67/><G17/><T100/><D18/><U53/><E53/><V121/><F121/><W58/><G123/><T105/><D100/><U37/><E37/><AGARI ba="1,1" hai="24,25,26,37,38,39,54,56,62,72,79,82,92,95" machi="37" ten="40,8000,1" yaku="1,1,52,3,53,0" doraHai="68" doraHaiUra="1" who="2" fromWho="1" sc="421,0,171,-83,200,93,198,0" /><INIT seed="5,0,0,0,2,52" ten="421,88,293,198" oya="1" hai0="111,105,51,60,127,133,132,96,122,80,107,33,24" hai1="92,48,74,91,128,110,69,22,108,62,54,100,2" hai2="67,28,84,32,102,98,94,10,88,115,123,126,117" hai3="3,118,59,82,85,0,86,8,95,134,99,109,113"/><U9/><E74/><V120/><F117/><W44/><G118/><T30/><D111/><N who="1" m="42539" /><E128/><V61/><F126/><W36/><G109/><T119/><D127/><U101/><E22/><V26/><F10/><W29/><G113/><T25/><D119/><U31/><E31/><V14/><F14/><W125/><G125/><T55/><D122/><U21/><E21/><V43/><F43/><W93/><G134/><N who="0" m="51819" /><D60/><U13/><E2/><V34/><F34/><W81/><G93/><T83/><D24/><U5/><E62/><V12/><F12/><W112/><G8/><T58/><D96/><N who="1" m="57375" /><E69/><V46/><F46/><AGARI ba="0,0" hai="5,9,13,46,48,54,100,101" m="57375,42539" machi="46" ten="30,1500,0" yaku="10,1" doraHai="52" who="1" fromWho="2" sc="421,0,88,15,293,-15,198,0" /><INIT seed="5,1,0,2,4,75" ten="421,103,278,198" oya="1" hai0="103,21,83,122,132,116,110,41,59,100,126,47,64" hai1="49,9,22,60,118,115,35,51,46,39,16,76,29" hai2="12,130,121,55,94,106,63,74,33,80,4,20,84" hai3="28,129,124,101,18,90,15,109,26,6,89,82,135"/><U134/><E118/><V128/><F106/><W45/><G109/><T13/><D110/><U105/><E105/><V79/><F33/><W3/><G124/><T7/><D116/><U1/><E134/><V69/><F121/><W102/><G135/><T127/><D132/><U114/><E60/><V77/><F94/><W87/><G129/><N who="2" m="49769" /><F74/><W14/><G3/><T71/><D71/><U86/><E39/><V48/><F4/><W107/><G107/><T73/><D122/><U111/><E111/><V99/><F12/><W52/><G6/><T88/><D59/><U30/><E35/><V97/><F20/><N who="3" m="15431" /><G89/><T17/><D64/><U5/><E51/><V117/><F117/><W58/><G45/><T91/><D7/><U19/><E19/><V0/><F0/><W10/><G14/><T40/><D73/><U56/><E56/><N who="2" m="32871" /><F77/><W78/><G90/><T133/><D91/><U65/><E65/><AGARI ba="1,0" hai="63,65,69,79,80,84,97,99" m="32871,49769" machi="65" ten="30,2000,0" yaku="19,1,52,1" doraHai="75" who="2" fromWho="1" sc="421,0,103,-23,278,23,198,0" /><INIT seed="6,0,0,3,3,127" ten="421,80,301,198" oya="2" hai0="78,67,100,41,82,65,96,4,16,49,40,33,9" hai1="12,2,131,107,95,106,93,21,91,132,114,134,51" hai2="25,76,24,46,63,30,17,68,83,61,56,79,66" hai3="71,125,48,92,58,55,72,109,120,14,29,23,74"/><V130/><F46/><W113/><G71/><T42/><D33/><U116/><E2/><V88/><F25/><N who="3" m="16575" /><G120/><T135/><D135/><N who="1" m="51755" /><E116/><V11/><F11/><W81/><G109/><T28/><D28/><U118/><E118/><V0/><F17/><W77/><G74/><T6/><D49/><U38/><E38/><V89/><F0/><W111/><G111/><T102/><D96/><U3/><E3/><V57/><F68/><W35/><G35/><T13/><D4/><U121/><E121/><V19/><F19/><W123/><G123/><T37/><D6/><U133/><N who="1" m="51763" /><U7/><DORA hai="32" /><E114/><V98/><F98/><W44/><G113/><T54/><D54/><U99/><E21/><V43/><F43/><W75/><G75/><T62/><D37/><U124/><E124/><V27/><F30/><W22/><G125/><T108/><D108/><U86/><E51/><V45/><F45/><W39/><G39/><T129/><D9/><N who="1" m="4159" /><E107/><V115/><F83/><W80/><G80/><T59/><D82/><U69/><E69/><V105/><F105/><W119/><G119/><T117/><D117/><U90/><E106/><V73/><F73/><W87/><G72/><T31/><D31/><U122/><E122/><V5/><F5/><W15/><G22/><T36/><D36/><U26/><E26/><V85/><F27/><W110/><G110/><T52/><D41/><U126/><E126/><V18/><F24/><W64/><G92/><T97/><D42/><U128/><AGARI ba="0,0" hai="86,90,91,93,95,99,128,131" m="4159,51763" machi="128" ten="50,6400,0" yaku="20,1,52,2" doraHai="127,32" who="1" fromWho="1" sc="421,-16,80,64,301,-32,198,-16" /><INIT seed="7,0,0,0,1,50" ten="405,144,269,182" oya="3" hai0="18,5,29,96,98,80,34,25,40,9,48,6,84" hai1="35,67,68,101,14,90,128,70,104,66,102,107,16" hai2="100,62,82,4,60,94,132,73,123,91,55,37,109" hai3="105,58,131,122,52,11,19,65,0,42,75,115,41"/><W103/><G75/><T7/><D18/><U22/><E35/><V130/><F37/><W31/><G122/><T59/><D9/><U88/><E22/><V121/><F4/><W87/><G131/><T20/><D34/><U23/><E23/><V125/><F109/><W119/><G119/><T64/><D40/><N who="3" m="15465" /><G0/><T127/><D127/><U13/><REACH who="1" step="1"/><E16/><REACH who="1" ten="405,134,269,182" step="2"/><V106/><F125/><W77/><G19/><T71/><D7/><U112/><E112/><V129/><F129/><AGARI ba="0,1" hai="13,14,66,67,68,70,88,90,101,102,104,107,128,129" machi="129" ten="25,12000,2" yaku="1,1,22,2,54,1,53,2" doraHai="50" doraHaiUra="126" who="1" fromWho="2" sc="405,0,134,130,269,-120,182,0" owari="405,51.0,264,6.0,149,-35.0,182,-22.0" /></mjloggm>