<mjloggm ver="2.3"><GO type="41"/><UN n0="%6B%61%6E%65%67%6F%6E%33" n1="%E3%81%8D%E3%81%8D%E3%81%8D%E3%82%8A%E3%82%93%E3%81%A7%E3%81%99%E3%80%82" n2="%E6%9C%88%E5%BD%A9" n3="%E3%82%A6%E3%83%AB%E3%83%88%E3%83%A9%E7%AB%8B%E7%9B%B4" dan="14,14,13,15" rate="1915,1912,1888,2027" sx="M,M,M,F"/><TAIKYOKU oya="0"/><INIT seed="0,0,0,3,0,69" ten="250,250,250,250" oya="0" hai0="54,106,51,49,19,79,109,40,102,15,26,113,57" hai1="47,78,76,36,16,127,22,73,62,130,29,7,63" hai2="4,114,134,77,103,2,53,70,87,8,86,33,9" hai3="91,135,52,20,81,5,108,82,66,58,3,45,115"/><T34/><D113/><U105/><E105/><V89/><F114/><W101/><G115/><T71/><D71/><U100/><E29/><V35/><F103/><W126/><G126/><T11/><D109/><U64/><E100/><V124/><F124/><W46/><G135/><T80/><D34/><U94/><E127/><V110/><F134/><W55/><G101/><T10/><D26/><U133/><E133/><V60/><F110/><W14/><G3/><T123/><D123/><U59/><E94/><V85/><F77/><W128/><G128/><T28/><D28/><U18/><E7/><V65/><F53/><W27/><G66/><T13/><D40/><U98/><E98/><V50/><F50/><W83/><G91/><T120/><D120/><U44/><E18/><V122/><F122/><W132/><G132/><T121/><D121/><U92/><E92/><V30/><F30/><W43/><G108/><T23/><D49/><U104/><E104/><V111/><F111/><W32/><G32/><T84/><REACH who="0" step="1"/><D15/><REACH who="0" ten="240,250,250,250" step="2"/><U95/><E36/><V96/><F35/><W107/><G43/><T42/><D42/><U0/><E0/><V68/><F33/><W24/><G24/><T48/><D48/><U129/><E129/><V75/><F68/><W72/><G27/><T99/><AGARI ba="0,1" hai="10,11,13,19,23,51,54,57,79,80,84,99,102,106" machi="99" ten="30,3000,0" yaku="1,1,0,1,53,0" doraHai="69" doraHaiUra="38" who="0" fromWho="0" sc="240,40,250,-10,250,-10,250,-10" /><INIT seed="0,1,0,1,1,131" ten="280,240,240,240" oya="0" hai0="64,55,102,91,85,43,29,49,11,41,19,53,5" hai1="129,15,62,128,65,133,63,31,122,38,99,132,88" hai2="23,22,110,26,60,71,3,115,46,13,130,83,95" hai3="27,8,48,39,50,118,73,112,57,82,68,96,116"/><T69/><D102/><U103/><E122/><V6/><F130/><N who="1" m="50281" /><E38/><V18/><F115/><W127/><G73/><T32/><D19/><U7/><E31/><V126/><F126/><W135/><G82/><T35/><D55/><U72/><E72/><V30/><F110/><W52/><G96/><T21/><D21/><U0/><E0/><V56/><F71/><W93/><G93/><T108/><D108/><U78/><E78/><V4/><F46/><W10/><G27/><T17/><D17/><U107/><E88/><V81/><F95/><W113/><G127/><T24/><D35/><U75/><E75/><V16/><F30/><W40/><G10/><T76/><D76/><U105/><E107/><V14/><F26/><W123/><G8/><T98/><D98/><U111/><E111/><V59/><F3/><W121/><G39/><T54/><D11/><N who="1" m="4607" /><E63/><AGARI ba="1,0" hai="4,6,13,14,16,18,22,23,56,59,60,63,81,83" machi="63" ten="25,6400,0" yaku="22,2,8,1,54,1" doraHai="131" who="2" fromWho="1" sc="280,0,240,-67,240,67,240,0" /><INIT seed="1,0,0,3,3,93" ten="280,173,307,240" oya="1" hai0="86,38,110,58,68,113,107,95,63,45,119,35,44" hai1="62,49,17,26,5,27,22,0,103,28,101,74,64" hai2="60,20,1,65,135,124,96,128,98,120,39,4,90" hai3="134,72,116,73,51,30,8,67,109,59,122,100,123"/><U81/><E49/><V14/><F120/><W84/><G116/><T85/><D107/><U112/><E112/><V52/><F39/><W3/><G134/><T9/><D35/><U97/><E5/><V23/><F1/><W133/><G133/><T54/><D119/><U77/><E0/><V115/><F135/><W12/><G3/><T42/><D113/><U6/><E6/><V91/><F115/><W75/><G109/><T82/><D110/><U94/><E103/><V89/><F128/><W79/><G30/><T69/><D45/><U118/><E118/><V46/><F124/><W29/><G29/><T16/><D85/><U53/><E53/><V34/><F34/><W21/><G21/><N who="2" m="8265" /><F65/><W61/><G51/><T40/><D40/><U13/><REACH who="1" step="1"/><E28/><REACH who="1" ten="280,163,307,240" step="2"/><V129/><F129/><W125/><G100/><T106/><D38/><U111/><E111/><V47/><F4/><W15/><G123/><T2/><D2/><U50/><E50/><V56/><F14/><W57/><G122/><T132/><D132/><U33/><E33/><V19/><F19/><W102/><G15/><T88/><D16/><U36/><E36/><V18/><F18/><W121/><G121/><T32/><D32/><U130/><E130/><V78/><F78/><W87/><G79/><T43/><D43/><U127/><E127/><V31/><F31/><W76/><G125/><T37/><D37/><U131/><E131/><V104/><F104/><W80/><G102/><T92/><D106/><U24/><E24/><V70/><F70/><AGARI ba="0,1" hai="13,17,22,26,27,62,64,70,74,77,81,94,97,101" machi="70" ten="30,5800,0" yaku="1,1,7,1,52,1,53,0" doraHai="93" doraHaiUra="48" who="1" fromWho="2" sc="280,0,163,68,307,-58,240,0" /><INIT seed="1,1,0,3,0,5" ten="280,231,249,240" oya="1" hai0="133,18,83,95,93,27,60,12,66,96,3,101,30" hai1="119,87,36,56,88,91,94,105,116,10,62,108,11" hai2="19,71,55,89,111,106,123,107,0,70,25,135,92" hai3="64,47,121,34,90,29,128,109,31,53,37,15,14"/><U68/><E68/><V129/><F123/><W100/><G121/><T120/><D3/><U42/><E105/><V38/><F38/><W102/><G34/><T115/><D133/><U58/><E58/><V79/><F135/><W97/><G37/><T45/><D45/><U130/><E42/><V74/><F129/><W48/><G128/><T51/><D51/><U77/><E36/><V7/><F74/><W69/><G109/><T1/><D1/><U35/><E130/><V50/><F111/><W43/><G64/><T40/><D40/><U65/><E108/><V117/><F117/><W61/><G69/><T86/><D115/><U113/><E113/><V73/><F73/><W17/><G15/><T52/><D120/><U127/><E35/><V104/><F0/><W67/><G67/><T126/><D126/><U103/><E103/><V4/><F71/><W2/><G2/><T28/><D93/><U63/><E63/><V114/><F114/><W46/><G90/><T118/><D27/><U57/><E57/><V59/><F70/><W24/><G24/><T80/><D66/><U82/><E127/><V124/><F124/><W26/><G26/><T20/><D83/><U98/><REACH who="1" step="1"/><E77/><REACH who="1" ten="280,221,249,240" step="2"/><V122/><F107/><W72/><G100/><T6/><D101/><U41/><E41/><V22/><F106/><W81/><G61/><T112/><D60/><U33/><E33/><V54/><F104/><N who="3" m="63567" /><G47/><T125/><D125/><U76/><E76/><V39/><F79/><N who="3" m="44263" /><G43/><T44/><D44/><U13/><E13/><V9/><F39/><W78/><G78/><T85/><D112/><RYUUKYOKU ba="1,1" sc="280,-15,221,15,249,-15,240,15" hai1="10,11,56,62,65,82,87,88,91,94,98,116,119" hai3="14,17,29,31,46,48,53" /><INIT seed="1,2,1,0,1,87" ten="265,236,234,255" oya="1" hai0="14,100,79,3,108,84,86,65,11,119,83,111,69" hai1="37,62,60,7,85,6,121,42,2,94,75,9,101" hai2="77,10,35,118,106,13,43,102,50,36,8,93,33" hai3="81,63,16,12,23,41,135,114,31,123,89,59,25"/><U44/><E121/><V88/><F118/><W30/><G123/><T21/><D119/><U117/><E117/><V61/><F36/><W0/><G0/><T4/><D100/><U5/><E75/><V46/><F106/><W126/><G114/><T124/><D124/><U76/><E101/><V103/><F33/><W26/><G126/><T28/><D86/><U134/><E134/><V52/><F35/><W22/><G135/><T66/><D3/><U113/><E113/><V38/><F77/><W92/><G81/><T125/><D125/><U17/><E17/><V19/><F38/><W45/><G45/><T105/><D105/><U130/><E130/><V70/><F8/><W115/><G41/><T39/><D39/><U20/><E20/><V32/><F32/><W24/><G115/><T91/><D79/><U53/><E62/><V78/><F78/><W34/><G34/><T40/><D40/><U133/><E133/><V132/><F132/><W128/><G128/><T71/><D71/><U90/><REACH who="1" step="1"/><E76/><REACH who="1" ten="265,226,234,255" step="2"/><V73/><F73/><W67/><G23/><T64/><D69/><U58/><AGARI ba="2,2" hai="2,5,6,7,9,37,42,44,53,58,60,85,90,94" machi="58" ten="30,12000,1" yaku="1,1,2,1,0,1,52,1,53,1" doraHai="87" doraHaiUra="56" who="1" fromWho="1" sc="265,-42,226,146,234,-42,255,-42" /><INIT seed="1,3,0,4,2,67" ten="223,372,192,213" oya="1" hai0="15,31,30,73,85,38,45,55,127,99,113,12,79" hai1="25,39,122,135,26,29,86,123,64,35,78,130,41" hai2="110,72,54,126,14,111,114,83,95,116,89,6,112" hai3="81,82,37,63,10,91,19,40,102,23,60,46,51"/><U97/><E135/><V61/><F6/><W32/><G32/><T121/><D73/><U2/><E2/><V133/><F61/><W132/><G132/><T129/><D113/><N who="2" m="43626" /><F133/><W98/><G10/><T16/><D121/><U21/><E130/><V104/><F14/><W48/><G37/><T118/><D15/><U13/><E13/><V8/><F8/><W75/><G51/><T34/><D129/><U90/><E97/><V80/><F54/><W108/><G108/><N who="2" m="41513" /><F126/><W105/><G81/><N who="2" m="31305" /><F104/><W24/><G60/><T84/><D127/><U58/><E41/><V27/><F27/><W93/><G63/><T125/><D125/><U115/><E39/><V131/><F131/><W11/><G11/><T18/><D12/><U76/><E115/><V66/><F66/><W5/><G5/><T88/><D38/><U33/><E64/><V7/><F7/><W50/><G82/><T65/><D65/><U101/><E58/><V70/><F70/><W44/><G75/><T124/><D124/><U9/><E9/><V0/><F0/><W1/><G1/><T96/><D34/><U52/><E35/><V100/><F100/><W107/><REACH who="3" step="1"/><G102/><REACH who="3" ten="223,372,192,203" step="2"/><T106/><D45/><U69/><E101/><V94/><F72/><W71/><G71/><T74/><D74/><U28/><E69/><V62/><F62/><W59/><G59/><T103/><D103/><U117/><E122/><V119/><F89/><W49/><G49/><T47/><D88/><U53/><E90/><V43/><F119/><W134/><G134/><T120/><D118/><U36/><E117/><V77/><F116/><RYUUKYOKU ba="3,1" sc="223,-10,372,-10,192,-10,203,30" hai3="19,23,24,40,44,46,48,50,91,93,98,105,107" /><INIT seed="2,4,1,1,4,115" ten="213,362,182,233" oya="2" hai0="73,58,117,30,128,74,61,60,59,62,85,75,78" hai1="81,89,112,102,20,52,54,131,64,82,133,97,16" hai2="86,53,68,103,66,36,57,45,13,56,120,34,7" hai3="121,106,14,100,63,77,123,25,101,15,105,28,99"/><V55/><F120/><W116/><G77/><T3/><D3/><U124/><E112/><V132/><F34/><W4/><G63/><T98/><D98/><U93/><E133/><V84/><F103/><W130/><G99/><T129/><D30/><U43/><E124/><V11/><F132/><W76/><G76/><T135/><D135/><U19/><E131/><N who="0" m="50249" /><D117/><U6/><E6/><V87/><F68/><W17/><G130/><T125/><D125/><U96/><E64/><V118/><F118/><W32/><G101/><T83/><AGARI ba="4,1" hai="58,59,60,61,62,73,74,75,78,83,85" m="50249" machi="83" ten="40,1500,0" yaku="19,1" doraHai="115" who="0" fromWho="0" sc="213,37,362,-8,182,-11,233,-8" /><INIT seed="3,0,0,0,2,115" ten="250,354,171,225" oya="3" hai0="81,42,14,17,11,95,100,39,50,40,13,21,6" hai1="122,7,51,35,91,26,102,111,135,70,5,108,65" hai2="16,93,55,43,66,22,109,119,73,29,83,86,103" hai3="110,37,53,132,89,85,57,2,117,27,76,77,68"/><W10/><G68/><T52/><D39/><U97/><E122/><V56/><F43/><W18/><G37/><T1/><D1/><U47/><E91/><V105/><F109/><N who="1" m="42057" /><E135/><V12/><F66/><W118/><G132/><T134/><D134/><U48/><E65/><V31/><F119/><W24/><G110/><T124/><D124/><U123/><E70/><V41/><F41/><W20/><G27/><T129/><D129/><U0/><E123/><V62/><F73/><W58/><G58/><T46/><D81/><U130/><E130/><V30/><F105/><W72/><G76/><T112/><D112/><U44/><E26/><V113/><F113/><W4/><G77/><T33/><D33/><U45/><E35/><V125/><F125/><W28/><G72/><T32/><D32/><U101/><E0/><V61/><F103/><N who="1" m="39433" /><E97/><AGARI ba="0,0" hai="6,11,13,14,17,21,40,42,46,50,52,95,97,100" machi="97" ten="40,2600,0" yaku="8,1,54,1" doraHai="115" who="0" fromWho="1" sc="250,26,354,-26,171,0,225,0" /><INIT seed="4,0,0,1,5,68" ten="276,328,171,225" oya="0" hai0="44,107,94,61,3,101,123,131,122,135,84,112,36" hai1="119,62,89,24,50,126,28,32,72,64,4,109,87" hai2="96,33,69,134,106,76,60,58,86,16,98,79,129" hai3="26,42,120,57,27,99,1,7,34,77,25,93,124"/><T37/><D3/><U128/><E119/><V100/><F134/><W116/><G116/><T73/><D135/><U132/><E132/><V41/><F41/><W90/><G124/><T67/><D44/><U114/><E72/><V18/><F129/><W82/><G120/><T78/><D84/><U97/><E109/><V45/><F45/><W11/><G57/><T20/><D20/><U55/><E128/><V39/><F39/><N who="0" m="14922" /><D94/><U63/><E126/><V35/><F69/><W115/><G42/><T102/><D102/><U13/><E97/><V81/><F96/><W51/><G51/><T30/><D30/><U127/><E127/><V54/><REACH who="2" step="1"/><F79/><REACH who="2" ten="276,328,161,225" step="2"/><W71/><G71/><N who="0" m="42479" /><D131/><U103/><E103/><V118/><F118/><W113/><REACH who="3" step="1"/><G34/><AGARI ba="0,1" hai="16,18,33,34,35,54,58,60,76,81,86,98,100,106" machi="34" ten="40,2600,0" yaku="1,1,54,1,53,0" doraHai="68" doraHaiUra="66" who="2" fromWho="3" sc="276,0,328,0,161,36,225,-26" /><INIT seed="5,0,0,0,4,117" ten="276,328,197,199" oya="1" hai0="29,110,112,79,14,129,9,28,135,70,111,97,67" hai1="30,104,20,73,45,91,103,80,109,115,68,57,25" hai2="74,71,31,61,76,0,100,125,23,22,27,90,101" hai3="123,35,94,26,36,119,40,120,107,62,118,66,33"/><U50/><E68/><V4/><F125/><W43/><G94/><T102/><D135/><U6/><E115/><V133/><F133/><W7/><G7/><T19/><D112/><U122/><E57/><V108/><F108/><W48/><G107/><T69/><D129/><U88/><E109/><V59/><F71/><N who="3" m="42455" /><G48/><T82/><D70/><U56/><E56/><V16/><F74/><W65/><G65/><T75/><D111/><U3/><E122/><N who="3" m="46634" /><G43/><T132/><D132/><U92/><E104/><V127/><F127/><W8/><G8/><T121/><D110/><U11/><E103/><V106/><F76/><W83/><G83/><T58/><D69/><U105/><E105/><V46/><F46/><N who="3" m="23815" /><G33/><T55/><D67/><U42/><E92/><V113/><F106/><W52/><G52/><T124/><D124/><U34/><E34/><V131/><F113/><W85/><G85/><T37/><D37/><U49/><E49/><V24/><F4/><W54/><G54/><T84/><D84/><U77/><AGARI ba="0,0" hai="3,6,11,20,25,30,42,45,50,73,77,80,88,91" machi="77" ten="30,3000,0" yaku="0,1,54,1" doraHai="117" who="1" fromWho="1" sc="276,-10,328,30,197,-10,199,-10" /><INIT seed="5,1,0,4,2,14" ten="266,358,187,189" oya="1" hai0="38,70,89,125,135,16,121,56,28,10,53,67,26" hai1="129,39,104,60,59,96,76,72,7,8,17,107,133" hai2="6,11,102,74,30,61,75,62,21,45,35,18,77" hai3="100,19,55,99,91,1,2,119,33,109,52,90,3"/><U94/><E39/><V127/><F127/><W131/><G33/><T42/><D121/><U95/><E133/><V49/><F102/><W23/><G109/><T20/><D135/><U5/><E94/><V37/><F30/><W58/><G131/><T51/><D125/><U78/><E129/><V126/><F126/><W13/><G119/><T12/><D70/><U118/><E118/><V64/><F35/><W86/><G86/><T69/><D69/><U103/><E107/><V4/><F4/><W87/><G87/><T117/><D117/><U88/><E78/><V15/><F37/><W98/><G98/><T32/><D67/><U43/><E43/><V41/><F77/><W44/><G44/><T73/><D73/><U29/><E29/><V114/><F114/><W36/><G36/><T85/><D42/><U120/><E120/><V82/><F82/><W9/><G9/><T25/><D38/><U97/><E76/><V130/><F130/><W128/><G128/><T66/><D66/><U92/><E104/><V63/><REACH who="2" step="1"/><F64/><REACH who="2" ten="266,358,177,189" step="2"/><W54/><REACH who="3" step="1"/><G58/><REACH who="3" ten="266,358,177,179" step="2"/><T101/><D56/><U81/><E81/><V122/><F122/><W65/><G65/><T46/><D32/><U106/><E72/><V79/><F79/><W110/><G110/><T134/><D134/><U113/><E113/><V47/><F47/><W22/><G22/><T34/><D34/><U50/><E59/><V71/><F71/><W31/><G31/><T93/><D28/><U111/><E111/><V27/><AGARI ba="1,2" hai="6,11,15,18,21,27,41,45,49,61,62,63,74,75" machi="27" ten="30,4000,0" yaku="1,1,0,1,52,1,53,0" doraHai="14" doraHaiUra="132" who="2" fromWho="2" sc="266,-11,358,-21,177,63,179,-11" /><INIT seed="6,0,0,5,1,40" ten="255,337,240,168" oya="2" hai0="42,10,132,85,54,107,95,25,37,115,103,82,58" hai1="68,109,91,86,5,124,39,114,119,111,0,106,24" hai2="94,32,89,77,81,90,41,78,23,129,45,14,92" hai3="55,105,65,96,36,121,80,30,134,47,48,118,60"/><V51/><F32/><W3/><G3/><T12/><D107/><U57/><E57/><V63/><F129/><W8/><G121/><T116/><D116/><U61/><E39/><V13/><F63/><W1/><G118/><T44/><D132/><U112/><E119/><V11/><F23/><W20/><G134/><T122/><D122/><U120/><E120/><V21/><F21/><W6/><G36/><T4/><D25/><U53/><E106/><V126/><F126/><W16/><G30/><T7/><D115/><N who="1" m="44075" /><E124/><V113/><F113/><W19/><G80/><T110/><D110/><U84/><E24/><V104/><F104/><W27/><G105/><T70/><D70/><U108/><E91/><N who="2" m="34827" /><F81/><W52/><G96/><T100/><D4/><U83/><E83/><V62/><F62/><W22/><G22/><T76/><REACH who="0" step="1"/><D95/><REACH who="0" ten="245,337,240,168" step="2"/><N who="2" m="36394" /><F13/><W50/><G50/><AGARI ba="0,1" hai="7,10,12,37,42,44,50,54,58,76,82,85,100,103" machi="50" ten="30,3900,0" yaku="1,1,7,1,52,1,53,0" doraHai="40" doraHaiUra="64" who="0" fromWho="3" sc="245,49,337,0,240,0,168,-39" /><INIT seed="7,0,0,5,2,25" ten="294,337,240,129" oya="3" hai0="14,22,8,36,89,124,78,95,30,34,52,133,122" hai1="135,26,38,11,70,110,109,123,31,54,53,116,111" hai2="69,118,6,126,21,91,45,66,0,71,87,125,127" hai3="46,82,24,57,76,88,112,16,108,48,47,120,59"/><W72/><G120/><T12/><D36/><U80/><E123/><V23/><F118/><W115/><G108/><T42/><D34/><U44/><E70/><V129/><F45/><W5/><G5/><T85/><D122/><U67/><E67/><V94/><F66/><W86/><G47/><T33/><D33/><U2/><E80/><V39/><F39/><W73/><G73/><T100/><D42/><U107/><E107/><V27/><F6/><W81/><G57/><T60/><D133/><U99/><E99/><V15/><F0/><W68/><G59/><T77/><D100/><U20/><E135/><V117/><F117/><W3/><G3/><T7/><D14/><U55/><E116/><V49/><F49/><W56/><G56/><N who="0" m="34823" /><D124/><N who="2" m="31746" /><V105/><DORA hai="128" /><F105/><W63/><G63/><T75/><D75/><U17/><E2/><V74/><F74/><W113/><G68/><N who="2" m="26185" /><F129/><W35/><G35/><T132/><D132/><U131/><E131/><V130/><F130/><W90/><G90/><T121/><D121/><U4/><E4/><V102/><F102/><W61/><G61/><T19/><D7/><U101/><E101/><V32/><F15/><W119/><G119/><T13/><D13/><U65/><E65/><V79/><F79/><W10/><G10/><T28/><D8/><U29/><E11/><V18/><F18/><W84/><G72/><T37/><D37/><U9/><E9/><V83/><F83/><W1/><G1/><T103/><D103/><U98/><E98/><V93/><F93/><W92/><G92/><T51/><D51/><N who="1" m="28903" /><E38/><V50/><F50/><RYUUKYOKU ba="0,0" sc="294,10,337,10,240,10,129,-30" hai0="12,19,22,28,30,77,78,85,89,95" hai1="17,20,26,29,31,54,55,109,110,111" hai2="21,23,27,32,87,91,94" owari="304,10.0,347,45.0,250,-15.0,99,-40.0" /></mjloggm>