<mjloggm ver="2.3"><GO type="41"/><UN n0="%E3%82%AD%E3%83%A0%30%31%32%38" n1="%EF%BC%88%E2%89%A7%E2%96%BD%E2%89%A6%EF%BC%89" n2="%D0%A1%E3%82%AB%E3%83%83%E3%83%97%E5%A4%A7%E9%96%A2" n3="%62%61%6E%6A%75%6D%70" dan="15,15,15,13" rate="1980,2006,1908,1846" sx="M,M,M,M"/><TAIKYOKU oya="0"/><INIT seed="0,0,0,5,5,105" ten="250,250,250,250" oya="0" hai0="82,49,86,61,60,83,15,7,9,6,123,41,103" hai1="92,110,31,128,89,33,64,20,109,73,2,111,121" hai2="66,4,117,56,96,18,29,62,134,104,125,8,124" hai3="120,25,10,44,37,116,34,19,85,74,135,52,68"/><T112/><D112/><U76/><E2/><V43/><F134/><W129/><G116/><T80/><D123/><U42/><E121/><V84/><F117/><W32/><G135/><T122/><D122/><U81/><E128/><V71/><F29/><W24/><G68/><T45/><D103/><U59/><E33/><V88/><F43/><W5/><G120/><T30/><D30/><U12/><E42/><V119/><F18/><W107/><G107/><T39/><D39/><U101/><E101/><V11/><F119/><W113/><G19/><T14/><D86/><U16/><E31/><V133/><F133/><W70/><G70/><T67/><D67/><U114/><E114/><V3/><F11/><AGARI ba="0,0" hai="6,7,9,11,14,15,41,45,49,60,61,80,82,83" machi="11" ten="40,3900,0" yaku="9,1,8,1" doraHai="105" who="0" fromWho="2" sc="250,39,250,0,250,-39,250,0" /><INIT seed="0,1,0,1,5,135" ten="289,250,211,250" oya="0" hai0="20,36,108,134,42,48,101,38,53,65,63,109,113" hai1="104,74,62,50,11,29,124,96,34,7,25,107,4" hai2="129,33,28,94,64,66,90,98,122,68,72,21,8" hai3="85,111,47,121,1,132,2,22,86,123,19,73,14"/><T114/><D101/><U24/><E74/><V32/><F122/><W55/><G132/><T84/><D20/><U35/><E124/><V60/><F129/><W3/><G73/><T82/><D84/><U71/><E50/><V6/><F66/><W99/><G99/><T83/><D134/><U27/><E35/><V43/><F43/><W51/><REACH who="3" step="1"/><G111/><REACH who="3" ten="289,250,211,240" step="2"/><T12/><D114/><U18/><E96/><V92/><F72/><W17/><G17/><T79/><D113/><U117/><E18/><V46/><F28/><W23/><G23/><T128/><D128/><U78/><E29/><V5/><F21/><W67/><G67/><T56/><D109/><U95/><E34/><V89/><F6/><W30/><G30/><T125/><D108/><U54/><E4/><V40/><F5/><W110/><G110/><T105/><D65/><U15/><E7/><V61/><F8/><W115/><G115/><T13/><D105/><U76/><E107/><V120/><F120/><AGARI ba="1,1" hai="1,2,3,14,19,22,47,51,55,85,86,120,121,123" machi="120" ten="50,3200,0" yaku="1,1,13,1,53,0" doraHai="135" doraHaiUra="75" who="3" fromWho="2" sc="289,0,250,0,211,-35,240,45" /><INIT seed="1,0,0,4,0,105" ten="289,250,176,285" oya="1" hai0="16,73,75,15,36,57,110,119,60,64,88,12,9" hai1="121,38,13,2,32,96,131,70,0,109,59,78,25" hai2="55,44,124,20,47,63,52,21,122,17,26,54,56" hai3="97,89,95,132,6,23,45,112,128,81,104,133,93"/><U22/><E121/><V130/><F124/><W91/><G6/><T46/><D119/><U35/><E70/><V8/><F130/><W116/><G23/><T10/><D110/><U65/><E38/><V58/><F122/><W92/><G116/><T99/><D36/><U74/><E131/><V90/><F8/><W101/><G128/><T108/><D108/><U30/><E109/><V67/><F58/><W41/><G41/><T11/><D46/><U28/><E96/><V62/><F62/><W39/><G39/><T84/><D99/><U49/><E49/><V135/><F135/><N who="3" m="51787" /><G45/><T3/><D3/><N who="1" m="1067" /><E59/><V102/><F102/><W107/><G112/><T85/><D85/><U24/><E65/><V48/><F44/><W61/><G61/><T29/><D29/><N who="1" m="11371" /><E78/><V5/><F5/><W53/><G53/><T120/><D120/><U87/><E87/><V27/><REACH who="2" step="1"/><F90/><REACH who="2" ten="289,250,166,285" step="2"/><N who="3" m="34315" /><G81/><T103/><D103/><U113/><E113/><V106/><F106/><AGARI ba="0,1" hai="92,93,95,97,101,104,106,107" m="34315,51787" machi="106" ten="40,5200,0" yaku="20,1,34,2" doraHai="105" who="3" fromWho="2" sc="289,0,250,0,166,-52,285,62" /><INIT seed="2,0,0,2,4,24" ten="289,250,114,347" oya="2" hai0="107,52,89,101,38,9,36,85,115,122,94,125,3" hai1="47,61,87,98,128,120,114,8,5,54,30,67,130" hai2="127,35,70,41,108,11,1,77,116,32,93,76,21" hai3="26,68,100,43,133,50,15,55,22,60,23,81,83"/><V91/><F116/><W135/><G100/><T10/><D115/><U102/><E114/><V17/><F70/><W97/><G97/><T44/><D122/><U99/><E120/><V73/><F127/><W129/><G43/><T62/><D125/><U46/><E87/><V20/><F20/><W58/><G129/><N who="1" m="49770" /><E54/><V40/><F108/><W72/><G15/><T104/><D38/><U103/><E30/><V79/><F73/><W13/><G13/><T131/><D131/><U86/><E86/><V82/><F82/><W18/><G22/><T57/><D104/><N who="1" m="63575" /><E8/><V75/><F75/><W4/><G4/><T31/><D31/><U0/><E5/><V39/><F11/><W78/><G81/><T96/><REACH who="0" step="1"/><D3/><REACH who="0" ten="279,250,114,347" step="2"/><U42/><E0/><V123/><F1/><W95/><G95/><T14/><D14/><U109/><E109/><V37/><F123/><W64/><AGARI ba="0,1" hai="18,23,26,50,55,58,60,64,68,72,78,83,133,135" machi="64" ten="30,1100,0" yaku="0,1" doraHai="24" who="3" fromWho="3" sc="279,-3,250,-3,114,-5,347,21" /><INIT seed="3,0,0,3,4,86" ten="276,247,109,368" oya="3" hai0="125,64,83,96,120,124,69,132,131,89,55,71,2" hai1="18,102,79,127,94,73,135,107,133,90,101,35,11" hai2="88,103,45,7,46,32,39,47,114,19,130,41,25" hai3="65,84,123,113,75,9,111,26,68,108,43,31,80"/><W52/><G123/><T54/><D120/><U56/><E35/><V105/><F114/><W38/><G75/><T27/><D2/><U78/><E127/><N who="0" m="48713" /><D131/><U98/><E56/><V17/><F130/><W58/><G113/><T85/><D132/><N who="1" m="50763" /><E11/><V77/><F77/><N who="1" m="29193" /><E18/><V10/><F103/><N who="1" m="39433" /><E73/><V76/><F105/><AGARI ba="0,0" hai="90,94,98,105,107" m="39433,29193,50763" machi="105" ten="30,7700,0" yaku="20,1,34,2,52,1" doraHai="86" who="1" fromWho="2" sc="276,0,247,77,109,-77,368,0" /><INIT seed="4,0,0,4,1,57" ten="276,324,32,368" oya="0" hai0="92,9,67,40,78,8,103,51,43,110,3,109,98" hai1="128,112,130,41,33,97,15,36,52,25,24,49,28" hai2="117,10,107,102,54,75,86,71,99,55,134,135,115" hai3="82,19,26,101,100,60,23,59,116,84,22,124,38"/><T119/><D119/><U77/><E77/><V105/><F75/><W111/><G116/><T27/><D78/><U114/><E114/><V76/><F117/><W11/><G111/><N who="0" m="42507" /><D51/><U120/><E112/><V16/><F71/><W70/><G124/><T121/><D121/><U63/><E120/><V87/><F115/><W81/><G70/><T5/><D9/><U29/><E15/><V122/><F122/><W85/><G38/><T93/><D92/><U30/><E97/><V127/><F107/><W94/><G11/><T50/><D50/><U31/><E25/><V21/><F10/><W35/><G35/><T56/><D27/><U80/><E80/><V2/><F2/><W58/><G94/><T108/><D108/><U37/><E41/><V17/><F127/><W44/><G44/><T53/><D67/><U47/><REACH who="1" step="1"/><E63/><REACH who="1" ten="276,314,32,368" step="2"/><V133/><F17/><W113/><G113/><T126/><D126/><U68/><E68/><V69/><F69/><W74/><G74/><T129/><D40/><U42/><E42/><V90/><F76/><W1/><G19/><T79/><D43/><U48/><E48/><V88/><F87/><W61/><G26/><T123/><D79/><U95/><E95/><N who="2" m="54679" /><F90/><W104/><REACH who="3" step="1"/><G104/><REACH who="3" ten="276,314,32,358" step="2"/><T106/><D106/><U13/><E13/><AGARI ba="0,2" hai="13,16,21,54,55,99,102,105,133,134,135" m="54679" machi="13" ten="30,3900,0" yaku="20,1,54,2" doraHai="57" who="2" fromWho="1" sc="276,0,314,-39,32,59,358,0" /><INIT seed="5,0,0,0,3,4" ten="276,275,91,358" oya="1" hai0="39,94,19,6,18,129,29,69,124,135,73,89,35" hai1="119,31,30,26,66,93,70,76,100,23,53,28,113" hai2="77,42,8,37,7,41,21,109,36,96,17,9,65" hai3="61,60,51,120,117,24,11,123,98,92,47,127,90"/><U74/><E119/><V126/><F109/><W46/><G117/><T112/><D73/><U67/><E113/><V57/><F126/><W88/><G127/><T49/><D39/><U32/><E74/><V13/><F37/><W83/><G24/><T15/><D69/><U86/><E32/><V121/><F121/><W20/><G20/><T80/><D124/><U22/><E70/><V111/><F111/><W131/><G131/><T118/><D118/><U14/><E53/><V132/><F77/><W79/><G90/><T59/><D129/><U55/><E55/><V85/><F132/><W27/><G27/><T3/><D135/><U44/><E44/><V33/><F33/><W110/><G110/><T122/><D122/><U16/><E76/><V128/><F85/><W63/><G47/><T134/><D134/><U58/><E86/><V116/><F116/><W45/><G45/><T12/><D112/><U105/><E105/><V78/><F78/><W48/><G123/><T107/><D3/><U87/><E87/><V25/><F36/><W106/><G106/><T84/><D107/><U5/><E5/><N who="2" m="3215" /><F96/><W72/><G120/><T0/><D0/><U115/><E115/><V50/><F128/><W108/><G108/><T10/><D35/><U52/><E100/><V125/><F125/><W34/><G34/><T101/><D84/><U133/><E133/><V97/><F97/><W82/><G98/><T95/><D101/><U130/><E130/><V81/><F81/><W104/><G83/><T43/><D80/><U54/><E93/><V103/><F103/><W114/><G82/><RYUUKYOKU ba="0,0" sc="276,0,275,0,91,0,358,0" /><INIT seed="6,1,0,4,2,20" ten="276,275,91,358" oya="2" hai0="56,44,4,101,42,113,66,127,114,0,97,13,135" hai1="73,61,98,79,7,60,108,35,123,118,67,80,11" hai2="51,21,131,46,26,105,117,38,72,6,90,89,70" hai3="39,77,110,37,93,84,52,16,5,74,106,124,68"/><V99/><F117/><W58/><G110/><T128/><D0/><U87/><E108/><V83/><F70/><W69/><G106/><T29/><D127/><U63/><E118/><V1/><F131/><W3/><G124/><T25/><D128/><U49/><E123/><V88/><F105/><W19/><G74/><T94/><D135/><U125/><E125/><V12/><F38/><W34/><G34/><T122/><D122/><U76/><E35/><V121/><F1/><W50/><G5/><T75/><D75/><U43/><E98/><V95/><F121/><W64/><G3/><T107/><D13/><N who="1" m="5375" /><E73/><V10/><F83/><W62/><G69/><T59/><D4/><U41/><E67/><V78/><F78/><N who="1" m="29737" /><E49/><V47/><F72/><W133/><G133/><T86/><D107/><U40/><E40/><N who="2" m="25031" /><F47/><W32/><G32/><T45/><D45/><U81/><E81/><V103/><F103/><W132/><G132/><T24/><D101/><U33/><E33/><V71/><F71/><W126/><G126/><T109/><D44/><U91/><AGARI ba="1,0" hai="41,43,60,61,63,80,87,91" m="29737,5375" machi="91" ten="30,1100,0" yaku="8,1" doraHai="20" who="1" fromWho="1" sc="276,-4,275,14,91,-6,358,-4" /><INIT seed="7,0,0,2,0,11" ten="272,289,85,354" oya="3" hai0="78,43,80,127,110,75,51,130,17,89,92,134,63" hai1="23,85,112,79,47,117,62,0,6,45,58,59,107" hai2="57,38,96,114,30,98,16,28,73,67,49,108,7" hai3="91,71,104,90,42,123,100,36,82,40,131,86,53"/><W61/><G123/><T120/><D120/><U113/><E117/><V116/><F38/><W60/><G131/><T37/><D130/><U9/><E107/><V46/><F73/><W19/><G91/><T115/><D37/><U76/><E23/><V77/><F7/><W135/><G135/><T111/><D134/><U124/><E124/><V105/><F108/><W74/><G71/><T29/><D29/><U133/><E133/><V103/><F116/><W118/><G118/><T34/><D34/><U1/><E85/><V10/><F77/><N who="1" m="29769" /><E62/><V14/><F114/><N who="1" m="44137" /><E0/><V22/><F98/><W4/><G4/><T27/><D127/><U69/><E69/><V15/><F57/><AGARI ba="0,0" hai="1,6,9,45,47,57,58,59" m="44137,29769" machi="57" ten="30,1000,0" yaku="15,1" doraHai="11" who="1" fromWho="2" sc="272,0,289,10,85,-10,354,0" owari="272,-13.0,299,10.0,75,-42.0,354,45.0" /></mjloggm>