<mjloggm ver="2.3"><GO type="41"/><UN n0="%48%75%6D%61%6E%69%61" n1="%E9%95%B7%E7%80%AC%E6%B9%8A%5B%54%5D" n2="%E3%83%89%E3%83%A9%E3%81%AE%E3%82%93%E3%81%AD%E3%81%87%EF%BD%9E" n3="%EF%BC%88%E2%89%A7%E2%96%BD%E2%89%A6%EF%BC%89" dan="14,13,13,13" rate="1900,1856,1836,2052" sx="M,M,M,M"/><TAIKYOKU oya="0"/><INIT seed="0,0,0,0,2,5" ten="250,250,250,250" oya="0" hai0="6,3,116,4,61,64,23,113,72,133,36,22,82" hai1="78,108,19,9,47,112,68,49,45,90,31,52,57" hai2="67,96,98,118,50,104,21,70,7,91,11,32,0" hai3="127,77,135,130,93,83,44,103,107,79,73,48,26"/><T51/><D113/><U132/><E112/><V39/><F39/><W125/><G26/><T97/><D116/><U40/><E108/><V15/><F32/><W81/><G48/><T115/><D115/><U59/><E68/><V85/><F118/><W54/><G54/><T55/><D36/><U100/><E132/><V25/><F104/><W128/><G44/><T38/><D97/><U129/><E129/><N who="3" m="49770" /><G107/><T76/><D6/><U41/><E78/><V71/><F50/><W124/><G135/><T37/><D37/><U56/><E31/><V69/><F0/><W58/><G58/><T2/><D2/><U18/><E100/><V63/><F98/><N who="3" m="59855" /><G73/><T29/><D29/><U24/><E19/><V89/><F96/><W33/><G33/><T123/><D123/><U119/><E90/><V1/><F91/><W43/><G43/><N who="1" m="16458" /><E119/><V74/><F74/><W134/><G134/><T17/><D38/><U122/><E122/><V102/><F102/><W88/><G81/><T117/><D82/><U114/><E114/><V27/><F1/><W28/><G28/><T14/><D3/><U95/><E45/><V101/><F101/><W84/><AGARI ba="0,0" hai="77,79,83,84,88,124,125,127" m="59855,49770" machi="84" ten="40,8000,1" yaku="18,1,19,1,34,2,54,1" doraHai="5" who="3" fromWho="3" sc="250,-40,250,-20,250,-20,250,80" /><INIT seed="1,0,0,3,3,125" ten="210,230,230,330" oya="1" hai0="112,88,31,97,47,81,50,127,17,109,87,52,123" hai1="33,129,80,24,54,0,86,11,28,16,44,128,135" hai2="22,1,102,49,71,6,40,104,126,114,105,9,113" hai3="92,38,59,53,133,131,30,98,116,130,99,56,42"/><U93/><E135/><V26/><F71/><W46/><G133/><T43/><D112/><N who="2" m="43114" /><F126/><W120/><G120/><T61/><D127/><U25/><E0/><V5/><F102/><W100/><G30/><T8/><D109/><U27/><E93/><V32/><F40/><W106/><G116/><T14/><D31/><U110/><E110/><V10/><F49/><W23/><G23/><T55/><D123/><U7/><E7/><V124/><F124/><W2/><G2/><T67/><REACH who="0" step="1"/><D97/><REACH who="0" step="2"/><U35/><E28/><N who="2" m="17495" /><F104/><W15/><G15/><T41/><D41/><U68/><E68/><AGARI ba="0,1" hai="8,14,17,43,47,50,52,55,61,67,68,81,87,88" machi="68" ten="30,8000,1" yaku="1,1,7,1,54,2,53,1" doraHai="125" doraHaiUra="63" who="0" fromWho="1" sc="200,90,230,-80,230,0,330,0" /><INIT seed="2,0,0,0,5,121" ten="290,150,230,330" oya="2" hai0="5,49,43,20,25,72,33,107,26,1,59,54,12" hai1="37,128,30,82,119,101,3,79,70,98,122,52,61" hai2="6,117,57,10,53,75,115,23,48,66,131,135,4" hai3="74,133,130,55,17,47,85,27,69,134,58,89,65"/><V90/><F131/><W46/><G74/><T77/><D107/><U76/><E119/><V88/><F117/><W106/><G130/><T120/><D120/><U99/><E3/><V84/><F115/><W86/><G106/><T96/><D96/><U80/><E37/><V11/><F75/><W38/><G69/><T64/><D33/><U124/><E128/><V39/><F135/><N who="3" m="51723" /><G65/><T41/><D64/><U24/><E70/><V83/><F39/><W18/><G38/><T127/><D127/><U13/><E122/><V91/><F66/><W111/><G111/><T113/><D113/><U126/><E98/><V62/><F23/><N who="3" m="13807" /><G18/><T118/><D118/><U19/><E79/><V40/><F40/><W104/><G104/><T36/><D12/><U129/><E129/><V132/><F62/><N who="3" m="36191" /><G85/><T94/><D20/><N who="1" m="15623" /><E76/><V102/><F102/><W8/><G8/><N who="2" m="3113" /><F132/><W114/><G114/><T28/><D1/><U56/><E101/><V51/><F51/><W112/><G112/><T50/><D72/><U21/><E99/><V97/><F97/><W110/><G110/><T68/><D36/><U32/><E32/><V87/><F91/><W71/><G71/><T81/><D68/><U34/><E34/><V35/><F35/><W105/><G105/><T78/><D77/><U125/><AGARI ba="0,0" hai="13,19,21,52,56,61,80,82,124,125,126" m="15623" machi="125" ten="30,2000,0" yaku="18,1,54,1" doraHai="121" who="1" fromWho="1" sc="290,-5,150,20,230,-10,330,-5" /><INIT seed="3,0,0,2,0,93" ten="285,170,220,325" oya="3" hai0="49,30,32,95,50,11,67,75,66,119,26,8,43" hai1="58,63,74,115,46,110,7,99,123,47,97,80,65" hai2="41,52,96,134,3,6,23,102,34,38,56,68,78" hai3="88,44,130,83,132,15,113,33,2,10,48,16,14"/><W105/><G113/><T25/><D75/><U31/><E115/><V45/><F134/><W5/><G105/><T91/><D43/><U129/><E123/><V70/><F34/><W19/><G132/><T100/><D100/><U37/><E110/><V24/><F78/><W0/><G33/><T121/><D95/><U133/><E133/><V22/><F22/><W117/><G117/><T84/><D84/><U112/><E112/><V4/><F3/><W135/><G130/><T94/><D94/><U120/><E120/><V76/><F76/><W42/><G135/><T60/><D32/><U73/><E129/><V57/><F57/><W128/><G128/><T35/><D35/><U21/><E73/><V59/><F59/><W111/><G111/><T53/><D121/><U64/><E64/><V101/><F70/><W107/><G107/><T104/><D104/><U29/><E7/><V98/><F68/><W103/><G103/><T55/><D91/><U118/><E118/><V89/><F89/><W108/><G108/><T12/><D12/><U131/><E131/><V85/><F85/><W28/><G28/><N who="1" m="10826" /><E37/><V124/><F124/><W77/><G88/><T122/><D30/><U69/><E74/><V125/><F125/><W51/><G5/><T127/><D122/><U71/><E80/><V92/><F24/><W86/><G51/><T39/><D127/><U106/><E106/><V40/><F23/><AGARI ba="0,0" hai="0,2,10,14,15,16,19,23,42,44,48,77,83,86" machi="23" ten="30,2900,0" yaku="7,1,54,1" doraHai="93" who="3" fromWho="2" sc="285,0,170,0,220,-29,325,29" /><INIT seed="3,1,0,2,4,114" ten="285,170,191,354" oya="3" hai0="29,109,0,35,125,108,95,86,103,10,1,93,69" hai1="129,21,38,77,63,72,41,60,46,100,78,3,107" hai2="12,15,111,18,123,97,44,81,89,96,102,53,4" hai3="73,67,113,65,36,126,120,43,127,26,105,82,79"/><W17/><G113/><T130/><D69/><U70/><E3/><V62/><F111/><N who="0" m="42570" /><D130/><U52/><E70/><V28/><F123/><W85/><G120/><T19/><D125/><N who="3" m="47625" /><G105/><T24/><D95/><U61/><E129/><V91/><F28/><W9/><G73/><T83/><D93/><U48/><E72/><V23/><F4/><W134/><G134/><T116/><D103/><U11/><E11/><V101/><F81/><W8/><G26/><T14/><D116/><U121/><E121/><V90/><F12/><N who="3" m="7303" /><G9/><T94/><D94/><U40/><E41/><V124/><F124/><W75/><G75/><T57/><D57/><U117/><E117/><V47/><F62/><W30/><G30/><T45/><D45/><AGARI ba="1,0" hai="36,43,45,65,67,79,82,85" m="7303,47625" machi="45" ten="30,1500,0" yaku="18,1" doraHai="114" who="3" fromWho="0" sc="285,-18,170,0,191,0,354,18" /><INIT seed="3,2,0,4,2,130" ten="267,170,191,372" oya="3" hai0="73,89,83,7,61,51,132,113,25,103,47,54,1" hai1="4,91,104,85,65,106,114,128,75,95,98,62,67" hai2="16,74,120,12,29,90,11,40,88,124,6,96,100" hai3="72,69,81,116,49,59,36,5,112,82,44,71,13"/><W60/><G116/><T84/><D113/><U127/><E114/><V30/><F124/><W21/><G112/><T39/><D103/><U99/><E128/><V87/><F74/><W8/><G36/><T134/><D73/><U64/><E75/><V34/><F120/><W3/><G72/><T70/><D25/><U63/><E127/><V108/><F108/><W97/><G97/><T121/><D121/><U105/><REACH who="1" step="1"/><E4/><REACH who="1" step="2"/><V17/><F6/><W22/><G5/><T109/><D7/><U42/><E42/><V86/><F40/><W56/><G3/><T129/><D1/><U125/><E125/><V33/><F100/><W93/><G69/><T68/><D129/><U15/><E15/><V37/><F12/><W14/><G71/><T32/><D109/><U20/><E20/><V131/><F11/><W110/><G21/><T117/><D32/><U126/><E126/><V19/><F131/><W55/><G22/><T9/><D117/><U79/><E79/><V57/><F34/><W0/><G110/><T135/><D9/><U119/><E119/><V43/><F33/><W50/><G0/><T118/><D118/><U123/><E123/><V52/><F43/><N who="3" m="24735" /><G13/><T38/><D70/><U26/><E26/><V76/><F76/><W107/><G14/><T53/><D61/><AGARI ba="2,1" hai="61,62,63,64,65,67,85,91,95,98,99,104,105,106" machi="61" ten="50,1600,0" yaku="1,1,53,0" doraHai="130" doraHaiUra="35" who="1" fromWho="0" sc="267,-22,160,32,191,0,372,0" /><INIT seed="4,0,0,5,1,79" ten="245,192,191,372" oya="0" hai0="55,98,24,128,115,89,108,45,113,127,88,21,94" hai1="15,107,18,27,96,134,101,126,48,19,73,50,4" hai2="59,103,63,57,40,82,105,76,41,51,87,95,109" hai3="8,92,14,1,43,121,39,58,10,56,67,64,36"/><T131/><D127/><U60/><E126/><V16/><F109/><W117/><G117/><T104/><D108/><U35/><E73/><V75/><F75/><W54/><G121/><T0/><D104/><U20/><E134/><V61/><F105/><W86/><G1/><T123/><D0/><U68/><E4/><V65/><F51/><N who="3" m="30815" /><G39/><T133/><D123/><U9/><REACH who="1" step="1"/><E35/><REACH who="1" step="2"/><V110/><F110/><W46/><G36/><T47/><D133/><U74/><E74/><V29/><F29/><W71/><G71/><T62/><D115/><U72/><E72/><V32/><F32/><W49/><G67/><AGARI ba="0,1" hai="9,15,18,19,20,27,48,50,60,67,68,96,101,107" machi="67" ten="40,1300,0" yaku="1,1,53,0" doraHai="79" doraHaiUra="106" who="1" fromWho="3" sc="245,0,182,23,191,0,372,-13" /><INIT seed="5,0,0,0,0,55" ten="245,205,191,359" oya="1" hai0="112,29,26,132,83,125,62,134,78,73,105,60,84" hai1="7,92,14,19,120,58,126,11,24,4,69,68,109" hai2="88,27,16,103,22,119,3,38,100,2,101,107,17" hai3="71,13,108,67,0,52,135,133,111,97,90,65,115"/><U127/><E120/><V21/><F119/><W20/><G0/><T124/><D112/><U10/><E24/><V64/><F38/><W41/><G41/><T66/><D105/><U30/><E30/><V102/><F107/><W31/><G115/><T81/><D81/><U74/><E74/><V46/><F64/><N who="3" m="24651" /><G71/><T89/><D89/><U86/><E19/><V56/><F46/><W15/><G52/><T76/><D76/><U44/><E44/><V110/><F110/><W91/><G31/><T45/><D84/><U59/><E109/><N who="3" m="42058" /><G20/><T85/><D85/><U51/><E51/><V70/><F70/><W118/><G97/><T57/><D45/><U116/><E116/><V28/><F2/><W122/><G122/><T75/><D62/><U95/><E86/><V1/><F1/><W94/><G94/><T53/><D66/><U63/><REACH who="1" step="1"/><E14/><REACH who="1" step="2"/><N who="3" m="5130" /><G118/><T82/><D75/><U40/><E40/><V99/><F3/><W34/><G34/><N who="0" m="20791" /><D83/><U6/><E6/><V129/><F17/><W114/><G114/><T87/><D87/><U98/><E98/><V9/><F99/><W93/><G93/><T49/><D49/><U5/><E5/><V106/><F106/><W72/><G72/><T123/><D123/><U113/><E113/><V43/><F43/><W35/><G35/><T37/><D37/><U131/><E131/><V47/><F28/><W104/><G104/><T79/><D79/><U39/><E39/><V61/><F16/><W8/><G8/><T77/><D77/><U25/><E25/><V130/><F9/><W48/><G48/><T18/><D18/><RYUUKYOKU ba="0,1" sc="245,10,195,10,191,-30,359,10" hai0="53,57,60,73,78,82,124,125,132,134" hai1="4,7,10,11,58,59,63,68,69,92,95,126,127" hai3="90,91,133,135" /><INIT seed="5,1,1,5,2,88" ten="255,205,161,369" oya="1" hai0="127,77,44,0,60,66,121,129,74,33,57,17,55" hai1="99,81,118,58,78,98,14,111,103,120,82,130,21" hai2="134,70,61,47,1,49,10,2,132,42,96,62,38" hai3="67,16,45,37,113,56,13,18,112,102,54,84,39"/><U124/><E120/><V4/><F1/><W94/><G67/><T128/><D0/><U30/><E118/><V80/><F96/><N who="3" m="59671" /><G84/><T65/><D33/><U43/><E111/><V83/><F62/><N who="3" m="36119" /><G45/><T106/><D106/><U8/><E124/><V101/><F101/><W73/><G73/><T125/><D77/><U122/><E122/><V36/><F61/><W9/><G18/><T75/><D121/><U53/><E130/><N who="0" m="50281" /><D44/><U107/><E98/><V25/><F70/><W5/><G5/><T41/><D41/><U40/><E81/><V6/><F6/><W15/><G15/><T63/><D17/><U22/><E30/><V50/><F25/><W104/><G104/><T85/><D85/><U131/><E131/><V123/><F123/><W90/><G90/><T100/><D100/><U19/><E40/><V46/><F38/><W79/><G79/><T27/><D27/><U51/><REACH who="1" step="1"/><E43/><REACH who="1" step="2"/><V34/><F36/><W93/><G39/><T28/><D28/><U48/><E48/><V64/><F50/><W23/><G16/><T126/><D63/><U91/><E91/><V117/><F117/><W133/><G37/><T105/><D105/><U20/><E20/><V119/><F119/><W95/><G23/><T86/><D86/><AGARI ba="1,2" hai="8,14,19,21,22,51,53,58,78,82,86,99,103,107" machi="86" ten="30,2900,0" yaku="1,1,7,1,53,0" doraHai="88" doraHaiUra="135" who="1" fromWho="0" sc="255,-32,195,52,161,0,369,0" /><INIT seed="5,2,0,3,0,130" ten="223,247,161,369" oya="1" hai0="6,71,55,82,103,32,0,58,21,116,121,39,53" hai1="16,120,114,89,65,46,97,101,67,86,112,104,109" hai2="80,23,36,85,41,57,129,49,12,24,131,3,62" hai3="106,72,13,81,105,28,42,35,110,47,44,100,132"/><U127/><E120/><V76/><F3/><W9/><G110/><T135/><D32/><U2/><E2/><V50/><F36/><W19/><G132/><T78/><D39/><U7/><E109/><V98/><F12/><W17/><G35/><T70/><D103/><U90/><E7/><V27/><F98/><W48/><G28/><T18/><D55/><U34/><E34/><V133/><F41/><W123/><G123/><T108/><D108/><U96/><E127/><V118/><F118/><W26/><G100/><T128/><D128/><N who="2" m="49226" /><F27/><W33/><G33/><T111/><D111/><U73/><E73/><V40/><F40/><W45/><G47/><T87/><D135/><U51/><E96/><V4/><F4/><W22/><G44/><T29/><D29/><U83/><E90/><V14/><F14/><W134/><REACH who="3" step="1"/><G134/><REACH who="3" step="2"/><T1/><D121/><U61/><E46/><V69/><F133/><W93/><G93/><T31/><D31/><U43/><E51/><V77/><F49/><W84/><G84/><T5/><D87/><U10/><E43/><V79/><F50/><W60/><G60/><T68/><D82/><U125/><E61/><V54/><F69/><W88/><G88/><T91/><D91/><U8/><E125/><V52/><F77/><AGARI ba="2,1" hai="9,13,17,19,22,26,42,45,48,72,77,81,105,106" machi="77" ten="40,2600,0" yaku="1,1,53,1" doraHai="130" doraHaiUra="74" who="3" fromWho="2" sc="223,0,247,0,161,-32,359,42" /><INIT seed="6,0,0,2,4,69" ten="223,247,129,401" oya="2" hai0="59,108,104,53,32,18,9,99,131,22,121,134,80" hai1="6,7,106,44,83,102,114,30,93,123,63,89,95" hai2="85,75,92,116,15,128,132,79,46,51,3,109,113" hai3="68,12,4,130,65,43,1,84,86,117,119,81,64"/><V94/><F3/><W35/><G1/><T103/><D32/><U11/><E106/><V40/><F116/><W135/><G35/><T14/><D121/><U26/><E123/><V78/><F109/><W20/><G135/><T29/><D108/><U2/><E7/><V28/><F75/><W52/><G130/><T73/><D134/><U57/><E114/><V61/><F132/><W16/><G68/><T39/><D131/><U60/><E102/><V19/><F128/><W42/><G119/><T27/><D80/><U125/><E125/><V34/><F113/><W129/><G117/><T17/><D73/><U122/><E122/><V126/><F126/><W115/><G129/><T82/><D82/><U70/><E83/><N who="2" m="47351" /><F28/><W88/><G86/><T21/><D39/><U0/><E0/><V50/><F34/><W124/><G115/><T110/><D110/><U96/><E44/><N who="2" m="25863" /><F79/><W98/><G124/><T47/><D47/><U100/><E70/><V54/><F61/><W118/><G118/><T112/><D112/><U41/><E41/><V31/><F31/><W111/><G43/><T25/><D59/><U87/><REACH who="1" step="1"/><E57/><REACH who="1" step="2"/><V23/><AGARI ba="0,1" hai="15,19,23,46,51,54,92,94" m="25863,47351" machi="23" ten="30,1500,0" yaku="8,1" doraHai="69" who="2" fromWho="2" sc="223,-5,237,-5,129,25,401,-5" /><INIT seed="6,1,0,3,1,56" ten="218,232,154,396" oya="2" hai0="31,69,70,113,39,97,34,126,71,105,100,111,103" hai1="73,41,48,115,40,63,134,50,77,94,4,9,99" hai2="0,129,12,11,5,86,59,135,90,29,33,130,92" hai3="108,38,109,125,89,128,44,54,32,76,27,1,53"/><V107/><F107/><W35/><G1/><T132/><D111/><U88/><E115/><V10/><F135/><W131/><G76/><T62/><D113/><U20/><E134/><V37/><F37/><W26/><G89/><T133/><D126/><U30/><E73/><V55/><F33/><N who="3" m="12875" /><G125/><T68/><D103/><U28/><E77/><V60/><REACH who="2" step="1"/><F29/><REACH who="2" step="2"/><W82/><G38/><T112/><D39/><U83/><E30/><V24/><F24/><W117/><G26/><T45/><D112/><U58/><E28/><V49/><F49/><N who="3" m="28839" /><G27/><N who="0" m="18815" /><D45/><U116/><E48/><V36/><F36/><W51/><G109/><T72/><D72/><U61/><E50/><V2/><F2/><W19/><G108/><T7/><D7/><AGARI ba="1,1" hai="0,5,7,10,11,12,55,59,60,86,90,92,129,130" machi="7" ten="40,12000,1" yaku="1,1,52,1,53,2" doraHai="56" doraHaiUra="3" who="2" fromWho="0" sc="218,-123,232,0,144,133,396,0" /><INIT seed="6,2,0,4,1,7" ten="95,232,277,396" oya="2" hai0="109,53,8,106,87,84,115,96,67,128,42,61,135" hai1="120,95,17,76,133,94,13,32,9,14,46,111,75" hai2="23,44,90,20,69,40,114,3,52,57,63,99,29" hai3="2,24,36,77,129,55,78,124,27,102,18,37,74"/><V89/><F114/><W43/><G2/><T119/><D53/><U65/><E111/><V112/><F3/><W0/><G0/><T125/><D61/><U11/><E32/><V118/><F118/><W10/><G102/><T72/><D67/><U86/><E75/><V26/><F69/><W41/><G55/><T126/><D42/><U12/><E133/><V79/><F112/><W6/><G74/><T34/><D8/><N who="1" m="3147" /><E17/><V45/><F79/><W92/><G78/><T50/><D50/><U33/><E33/><V107/><F107/><W16/><G18/><T49/><D49/><U51/><E65/><V54/><F54/><W80/><G16/><T113/><D34/><U5/><E5/><V47/><F99/><W4/><G41/><T85/><D109/><U28/><E28/><V25/><F40/><W127/><G43/><T101/><D72/><U22/><E120/><V97/><F97/><W88/><G36/><T110/><D110/><U82/><E22/><V91/><REACH who="2" step="1"/><F29/><REACH who="2" step="2"/><W83/><G37/><T132/><D87/><U123/><E123/><V31/><F31/><W131/><G4/><T100/><D96/><U71/><E71/><V73/><F73/><W62/><G6/><T121/><D119/><U19/><E19/><V58/><F58/><W108/><G108/><T68/><D68/><U134/><E134/><V116/><F116/><W48/><G77/><T66/><D121/><U56/><E56/><V30/><F30/><W1/><G1/><T59/><D59/><U122/><E122/><V21/><AGARI ba="2,1" hai="20,21,23,25,26,44,45,47,52,57,63,89,90,91" machi="21" ten="40,18000,2" yaku="1,1,0,1,29,2,8,1,54,1,53,0" doraHai="7" doraHaiUra="35" who="2" fromWho="2" sc="95,-62,232,-62,267,196,396,-62" /><INIT seed="6,3,0,5,2,105" ten="33,170,463,334" oya="2" hai0="10,130,30,125,62,32,26,58,118,80,19,116,4" hai1="27,20,53,54,95,88,51,44,112,91,120,79,1" hai2="11,85,66,71,93,45,99,24,14,59,28,103,23" hai3="64,96,15,90,57,121,60,12,76,92,81,102,106"/><V114/><F114/><W17/><G121/><T70/><D58/><U7/><E1/><V74/><F71/><W84/><REACH who="3" step="1"/><G17/><REACH who="3" step="2"/><T55/><D62/><U67/><E120/><V48/><F74/><AGARI ba="3,1" hai="12,15,57,60,64,74,76,81,84,90,92,96,102,106" machi="74" ten="30,12000,2" yaku="1,1,2,1,7,1,24,2,52,1,53,1" doraHai="105" doraHaiUra="86" who="3" fromWho="2" sc="33,0,170,0,463,-129,324,139" /><INIT seed="7,0,0,3,4,45" ten="33,170,334,463" oya="3" hai0="15,5,59,31,51,114,115,62,73,37,36,13,122" hai1="131,25,21,20,78,32,118,7,43,0,106,29,126" hai2="86,87,91,94,80,127,4,26,135,96,120,1,68" hai3="129,33,134,66,95,64,77,54,72,75,90,65,83"/><W104/><G104/><T24/><D59/><U46/><E118/><V44/><F68/><W18/><G33/><T12/><D62/><U9/><E106/><V6/><F1/><W103/><G103/><T39/><D24/><U88/><E78/><V50/><F127/><W112/><G75/><T101/><D101/><U97/><E126/><V11/><F120/><W34/><G34/><T38/><N who="0" m="9216" /><DORA hai="102" /><T85/><D51/><U100/><E131/><V55/><F135/><W93/><G134/><T74/><D85/><U84/><E100/><V53/><F26/><W79/><G18/><T132/><D31/><U82/><E97/><V56/><F11/><W121/><G129/><T49/><D49/><AGARI ba="0,0" hai="0,7,9,20,21,25,29,32,43,46,49,82,84,88" machi="49" ten="30,3900,0" yaku="7,1,52,1,54,1" doraHai="45,102" who="1" fromWho="0" sc="33,-39,170,39,334,0,463,0" owari="-6,-51,209,-19,334,13,463,57" /></mjloggm>