<mjloggm ver="2.3"><GO type="97"/><UN n0="%EF%BC%88%E2%89%A7%E2%96%BD%E2%89%A6%EF%BC%89" n1="%68%61%74%61%68%69%74%6F" n2="%52%41%44%49%41%4E%43%45" n3="%E5%AE%BF%E7%BF%81" dan="14,14,15,14" rate="2037,1853,1973,1921" sx="M,M,M,M"/><TAIKYOKU oya="0"/><INIT seed="0,0,0,4,1,1" ten="250,250,250,250" oya="0" hai0="95,39,12,112,125,50,31,100,97,25,105,44,69" hai1="61,92,83,7,40,58,28,29,116,19,6,76,85" hai2="10,117,51,79,88,90,34,54,49,33,104,38,37" hai3="5,130,45,73,56,53,46,128,98,84,114,0,89"/><T43/><D112/><U16/><E116/><V102/><F117/><W132/><G114/><T57/><D125/><U107/><E40/><V11/><F79/><W26/><G73/><T81/><D69/><U129/><E92/><V2/><F102/><W17/><G132/><T9/><D81/><U60/><E107/><V66/><F104/><W23/><G84/><T15/><D105/><U13/><E129/><N who="3" m="49770" /><G0/><T113/><D113/><U94/><E94/><V101/><F101/><W24/><G24/><T108/><D108/><U126/><E126/><V111/><F111/><W119/><G119/><T18/><D15/><U3/><E3/><V99/><F99/><W59/><G59/><T8/><D57/><U134/><E134/><V78/><F78/><W42/><G42/><T41/><D8/><N who="1" m="6183" /><E19/><V93/><F93/><N who="3" m="56623" /><G5/><N who="1" m="1546" /><E61/><AGARI ba="0,0" hai="17,23,26,45,46,53,56,61" m="56623,49770" machi="61" ten="30,2000,0" yaku="25,1,19,1" doraHai="1" who="3" fromWho="1" sc="250,0,250,-20,250,0,250,20" /><INIT seed="1,0,0,3,3,15" ten="250,230,250,270" oya="1" hai0="108,95,73,25,74,26,121,84,103,68,113,21,99" hai1="53,135,27,54,106,61,58,93,37,96,59,49,17" hai2="52,75,44,12,41,100,85,10,128,117,115,102,8" hai3="62,91,19,48,69,35,40,126,3,94,122,125,43"/><U50/><E135/><V81/><F75/><W16/><G122/><T7/><D113/><U67/><E106/><V24/><F117/><W129/><G129/><T124/><D68/><U87/><E37/><V22/><F128/><W92/><G3/><T111/><D121/><U9/><E87/><V120/><F120/><W133/><G133/><T127/><D7/><U118/><E118/><V6/><F115/><W5/><G5/><T71/><D71/><U82/><E82/><V86/><F10/><W11/><G35/><T109/><D84/><U55/><E58/><V60/><F85/><W0/><G0/><T36/><D36/><U70/><E70/><V98/><F98/><W51/><G11/><T78/><D26/><U132/><E132/><V65/><F65/><W97/><G69/><T28/><REACH who="0" step="1"/><D78/><REACH who="0" step="2"/><U29/><E9/><V90/><F24/><W63/><G97/><T104/><D104/><U110/><E110/><V89/><F86/><W31/><G91/><T45/><D45/><U131/><E131/><V116/><F44/><W47/><G47/><T39/><D39/><U119/><E119/><V76/><F89/><W66/><G66/><T134/><D134/><U80/><E80/><V123/><F90/><W107/><G107/><T33/><D33/><U56/><E56/><V130/><F81/><W42/><G42/><T77/><D77/><U105/><E105/><V83/><F83/><W4/><G4/><T23/><D23/><N who="1" m="13807" /><E29/><AGARI ba="0,1" hai="16,19,29,31,40,43,48,51,62,63,92,94,125,126" machi="29" ten="25,8000,1" yaku="22,2,52,2,54,1" doraHai="15" who="3" fromWho="1" sc="240,0,230,-80,250,0,270,90" /><INIT seed="2,0,0,3,0,125" ten="240,150,250,360" oya="2" hai0="84,43,101,85,53,34,119,130,59,76,29,3,102" hai1="127,11,27,123,128,5,14,22,117,41,97,24,88" hai2="9,33,124,118,8,47,35,28,103,17,2,110,74" hai3="21,104,113,99,116,115,54,16,6,79,122,114,81"/><V90/><F74/><W67/><G116/><T73/><D119/><U49/><E117/><V69/><F69/><W83/><G122/><T0/><D73/><U120/><E127/><V4/><F103/><N who="3" m="62591" /><G6/><T7/><D7/><U40/><E128/><V100/><F100/><W108/><G108/><T57/><D53/><U129/><E129/><V68/><F68/><W135/><G135/><T1/><D130/><U60/><E120/><V51/><F118/><W107/><G107/><T64/><D0/><U86/><E123/><V112/><F112/><W131/><G131/><T126/><D126/><U71/><E97/><V31/><F124/><W65/><G54/><T20/><D43/><U132/><E132/><V18/><F90/><W80/><G79/><T75/><D76/><U45/><E60/><V77/><F77/><W109/><G109/><T50/><D75/><U66/><E71/><V93/><F93/><W12/><AGARI ba="0,0" hai="12,16,21,65,67,80,81,83,113,114,115" m="62591" machi="12" ten="40,2700,0" yaku="11,1,54,1" doraHai="125" who="3" fromWho="3" sc="240,-7,150,-7,250,-13,360,27" /><INIT seed="3,0,0,5,2,77" ten="233,143,237,387" oya="3" hai0="73,53,92,23,122,24,126,8,63,49,103,72,9" hai1="20,66,135,98,68,99,50,81,75,4,57,52,40" hai2="0,76,101,104,36,25,39,12,88,43,34,112,51" hai3="129,44,5,100,47,29,109,105,123,35,7,42,93"/><W86/><G123/><T114/><D122/><U79/><E135/><V3/><F112/><W67/><G105/><T119/><D119/><U134/><E4/><N who="3" m="1610" /><G35/><T69/><D126/><U62/><E134/><V33/><F12/><W108/><G29/><N who="0" m="17567" /><D69/><U97/><E20/><V91/><F25/><W124/><G124/><T41/><D73/><U19/><E19/><V15/><F15/><W21/><G129/><T27/><D27/><U56/><E56/><V64/><F104/><W110/><G67/><T61/><D72/><U14/><E14/><V120/><F64/><W117/><G117/><T59/><D114/><U1/><E1/><V10/><F120/><W74/><G74/><T130/><D130/><U84/><E75/><V6/><F101/><W107/><G107/><T133/><D133/><U13/><E13/><V106/><F106/><W38/><G47/><N who="0" m="25839" /><D61/><U118/><E118/><V102/><F102/><W26/><G100/><T80/><D80/><U22/><E22/><V18/><F6/><W28/><G93/><T70/><D70/><U132/><E132/><V131/><F131/><W87/><AGARI ba="0,0" hai="21,26,28,38,42,44,86,87,108,109,110" m="1610" machi="87" ten="40,3900,0" yaku="14,1,10,1" doraHai="77" who="3" fromWho="3" sc="233,-13,143,-13,237,-13,387,39" owari="220,-18.0,130,-37.0,224,2.0,426,53.0" /></mjloggm>