<mjloggm ver="2.3"><GO type="41"/><UN n0="%E3%82%AD%E3%83%A3%E3%83%9F%E3%83%B3%32" n1="%EF%BC%88%E2%89%A7%E2%96%BD%E2%89%A6%EF%BC%89" n2="%E3%81%A0%E3%81%98%E3%82%87%EF%BD%9E" n3="%E6%9E%9A%E6%96%B9%E3%81%9D%E3%82%93%E3%81%9D%E3%82%93" dan="14,14,13,14" rate="1898,2040,2029,1884" sx="M,M,M,M"/><TAIKYOKU oya="0"/><INIT seed="0,0,0,3,2,110" ten="250,250,250,250" oya="0" hai0="69,125,8,107,73,104,55,85,41,38,99,74,133" hai1="3,119,111,64,67,22,134,75,37,135,72,91,60" hai2="30,94,25,79,102,56,42,93,33,71,82,52,45" hai3="43,89,129,78,90,84,51,34,13,103,115,35,54"/><T120/><D8/><U92/><E3/><V123/><F123/><W124/><G115/><T132/><D55/><U95/><E37/><V40/><F71/><W88/><G124/><T108/><D120/><U62/><E119/><V86/><F102/><W112/><G112/><T106/><D41/><U130/><E111/><V113/><F113/><W26/><G129/><T66/><D108/><U27/><E130/><V98/><F98/><W12/><G43/><T44/><D44/><U117/><E117/><V23/><F33/><W10/><G13/><T87/><D38/><U63/><E22/><V48/><REACH who="2" step="1"/><F42/><REACH who="2" step="2"/><W6/><G34/><T100/><D69/><U14/><E67/><V70/><F70/><W15/><G103/><T5/><D66/><U21/><E64/><V7/><F7/><W126/><G35/><T59/><D5/><U17/><E135/><N who="0" m="51785" /><D59/><U97/><E134/><V24/><F24/><W61/><G126/><T31/><D125/><U11/><REACH who="1" step="1"/><E95/><REACH who="1" step="2"/><V2/><F2/><W116/><G116/><T127/><D127/><U29/><AGARI ba="0,2" hai="11,14,17,21,27,29,60,62,63,72,75,91,92,97" machi="29" ten="30,4000,0" yaku="1,1,2,1,0,1,53,0" doraHai="110" doraHaiUra="50" who="1" fromWho="1" sc="250,-20,240,60,240,-10,250,-10" /><INIT seed="1,0,0,5,0,85" ten="230,300,230,240" oya="1" hai0="115,134,97,106,101,27,36,96,109,108,47,93,41" hai1="125,33,7,98,116,131,71,119,45,114,32,70,72" hai2="110,102,23,9,107,87,122,1,51,65,127,39,76" hai3="62,118,61,92,94,29,18,75,132,22,67,42,126"/><U5/><E72/><V103/><F39/><W35/><G75/><T74/><D115/><U59/><E114/><V55/><F122/><W4/><G118/><N who="1" m="45098" /><E59/><V123/><F123/><W84/><G126/><T120/><D74/><U52/><E98/><V95/><F127/><W60/><G132/><T26/><D134/><U50/><E50/><V117/><F117/><W73/><G73/><T57/><D120/><U129/><E45/><V37/><F37/><W38/><G35/><N who="1" m="13386" /><E52/><V78/><F107/><W43/><G29/><T40/><D40/><N who="3" m="15401" /><G38/><T89/><REACH who="0" step="1"/><D57/><REACH who="0" step="2"/><U14/><E125/><V12/><F1/><W68/><G68/><N who="1" m="26154" /><E14/><V66/><F12/><W56/><G4/><AGARI ba="0,1" hai="4,5,7,129,131" m="26154,13386,45098" machi="4" ten="40,3900,0" yaku="28,2" doraHai="85" who="1" fromWho="3" sc="220,0,300,49,230,0,240,-39" /><INIT seed="1,1,0,1,2,27" ten="220,349,230,201" oya="1" hai0="99,104,74,50,35,88,86,94,28,112,106,17,89" hai1="1,65,120,30,107,67,9,26,40,75,105,21,10" hai2="133,7,8,14,87,47,96,129,92,98,2,12,59" hai3="114,66,135,25,103,16,108,119,91,52,79,5,36"/><U77/><E120/><V84/><F133/><W58/><G114/><T134/><D28/><U76/><E40/><V123/><F123/><W78/><G135/><T109/><D17/><U122/><E122/><V62/><F47/><W132/><G119/><T18/><D18/><U64/><E75/><V3/><F129/><W97/><G108/><T116/><D35/><U71/><E71/><V115/><F115/><W20/><G132/><T60/><D50/><U127/><E127/><V53/><F3/><W100/><G36/><T90/><D60/><U113/><E113/><V32/><F32/><W93/><G66/><T31/><D31/><U37/><E37/><V46/><F46/><W34/><G5/><T111/><D112/><U73/><E73/><V80/><F87/><W13/><G34/><T131/><D116/><U54/><E54/><V117/><F117/><W11/><G11/><T55/><D55/><U101/><E101/><N who="3" m="38986" /><G13/><T85/><D134/><U4/><REACH who="1" step="1"/><E10/><REACH who="1" step="2"/><V81/><F8/><W49/><AGARI ba="1,1" hai="16,20,25,49,52,58,78,79,91,93,97" m="38986" machi="49" ten="30,4000,0" yaku="8,1,54,2" doraHai="27" who="3" fromWho="3" sc="220,-11,339,-21,230,-11,201,53" /><INIT seed="2,0,0,3,1,50" ten="209,318,219,254" oya="2" hai0="14,84,96,120,72,18,16,24,125,86,114,93,101" hai1="92,70,60,25,123,56,29,34,110,119,77,67,48" hai2="74,66,121,15,100,1,20,9,65,32,91,69,97" hai3="59,12,27,57,115,95,31,3,43,28,107,40,17"/><V53/><F74/><W68/><G107/><T45/><D114/><U39/><E119/><V38/><F38/><W131/><G68/><T5/><D120/><U71/><E123/><V62/><F121/><W13/><G115/><T7/><D72/><U87/><E110/><V81/><F32/><W79/><G3/><T99/><D125/><U129/><E39/><V35/><F35/><W98/><G131/><T61/><D24/><U122/><E122/><V89/><F1/><W8/><G79/><T82/><D61/><U106/><E106/><V108/><F108/><W133/><G133/><T41/><D96/><U111/><E111/><V132/><F132/><W105/><G105/><T130/><D130/><U78/><E129/><V26/><F69/><W6/><G43/><T19/><D14/><U51/><E71/><V109/><F109/><W58/><G40/><T94/><D94/><U47/><E70/><V10/><F81/><W22/><REACH who="3" step="1"/><G27/><REACH who="3" step="2"/><T49/><REACH who="0" step="1"/><D86/><REACH who="0" step="2"/><U52/><E87/><V113/><F26/><W46/><G46/><T116/><D116/><U23/><E25/><V112/><F113/><W55/><G55/><T103/><D103/><AGARI ba="0,2" hai="6,8,12,13,17,22,28,31,57,58,59,95,98,103" machi="103" ten="40,2600,0" yaku="1,1,8,1,53,0" doraHai="50" doraHaiUra="75" who="3" fromWho="0" sc="199,-26,318,0,219,0,244,46" /><INIT seed="3,0,0,1,2,8" ten="173,318,219,290" oya="3" hai0="131,111,78,35,121,43,127,37,118,29,107,19,99" hai1="117,102,38,126,123,21,67,47,79,132,91,135,125" hai2="4,119,50,86,9,65,84,17,25,89,69,113,130" hai3="85,110,52,45,44,6,40,112,96,59,58,124,73"/><W97/><G73/><T71/><RYUUKYOKU type="yao9" ba="0,0" sc="173,0,318,0,219,0,290,0" hai0="19,29,35,37,43,71,78,99,107,111,118,121,127,131" /><INIT seed="3,1,0,3,5,27" ten="173,318,219,290" oya="3" hai0="31,61,62,107,19,81,117,48,49,14,95,84,75" hai1="1,44,124,96,6,133,92,119,127,91,60,17,113" hai2="121,123,46,97,41,53,115,5,26,86,28,104,135" hai3="126,15,110,120,131,77,7,9,30,37,85,50,116"/><W128/><G120/><N who="2" m="46153" /><F5/><W18/><G116/><T122/><D75/><U76/><E113/><V34/><F135/><W11/><G37/><T54/><D117/><U45/><E119/><V33/><F86/><W125/><G50/><T90/><D107/><U106/><E133/><V108/><F108/><W57/><G57/><T38/><D38/><U21/><E76/><V112/><F53/><W55/><G55/><T51/><D122/><U71/><E106/><V74/><F74/><W4/><G85/><T23/><D54/><U94/><E94/><V3/><F3/><N who="3" m="159" /><G77/><T109/><D109/><U20/><E6/><V118/><F34/><W43/><G43/><T130/><D130/><N who="3" m="49705" /><G110/><T39/><D39/><U52/><E1/><V102/><F118/><W29/><G7/><T93/><REACH who="0" step="1"/><D31/><AGARI ba="1,0" hai="11,15,18,29,30,31,125,126" m="49705,159" machi="31" ten="30,18000,2" yaku="19,1,34,2,52,3" doraHai="27" who="3" fromWho="0" sc="173,-183,318,0,219,0,290,183" owari="-10,-51,318,12,219,-18,473,57" /></mjloggm>