<mjloggm ver="2.3"><GO type="169"/><UN n0="%E5%9B%9B%E6%AE%B5" n1="%74%6F%72%69%30%36%31%32" n2="%E5%88%BB%E5%AD%90%E5%B8%82%E6%B0%91" n3="%EF%BC%88%E2%89%A7%E2%96%BD%E2%89%A6%EF%BC%89" dan="16,17,16,16" rate="2108,2054,2081,2131" sx="M,M,M,M"/><TAIKYOKU oya="0"/><INIT seed="0,0,0,3,2,81" ten="250,250,250,250" oya="0" hai0="4,135,14,106,47,58,1,52,125,62,121,67,90" hai1="17,56,38,18,111,83,73,114,12,20,123,131,87" hai2="99,72,65,3,122,9,39,79,30,51,88,120,85" hai3="115,128,113,95,24,6,70,40,126,49,104,13,76"/><T92/><D121/><U23/><E123/><V31/><F39/><W53/><G70/><T66/><D106/><U35/><E35/><V63/><F72/><W74/><G104/><T43/><D135/><U45/><E73/><V110/><F79/><W96/><G40/><T118/><D1/><U94/><E111/><V75/><F99/><W82/><G126/><T21/><D125/><U77/><E131/><V102/><F102/><W64/><G64/><T15/><D118/><U117/><E117/><V68/><F75/><W55/><G24/><T46/><D4/><U105/><E94/><V107/><F107/><W127/><G127/><T22/><D22/><U132/><E132/><V44/><F110/><W100/><G53/><T2/><D2/><U116/><E114/><V61/><F61/><W11/><REACH who="3" step="1"/><G128/><REACH who="3" ten="250,250,250,240" step="2"/><T80/><D67/><U37/><E105/><V109/><F109/><W16/><G16/><N who="0" m="10391" /><D66/><U0/><E116/><V59/><F68/><W78/><G78/><T93/><D43/><U8/><E17/><V7/><F122/><W10/><G10/><T84/><D15/><U57/><E8/><V119/><F120/><W124/><G124/><T91/><D93/><U27/><E0/><V108/><F108/><W89/><G89/><T86/><AGARI ba="0,1" hai="46,47,52,58,62,80,84,86,90,91,92" m="10391" machi="86" ten="30,12000,1" yaku="8,1,52,2,54,2" doraHai="81" who="0" fromWho="0" sc="250,130,250,-40,250,-40,240,-40" /><INIT seed="0,1,0,5,2,67" ten="380,210,210,200" oya="0" hai0="94,100,131,25,42,74,5,0,59,114,82,9,58" hai1="75,110,43,84,129,108,126,34,44,55,29,119,113" hai2="101,134,125,87,86,115,70,37,62,68,61,3,32" hai3="63,54,31,71,124,133,130,48,121,80,35,79,106"/><T132/><D114/><U7/><E84/><V49/><F32/><W46/><G106/><T10/><D132/><U93/><E93/><V95/><F3/><W98/><G133/><T72/><D131/><U27/><E55/><V41/><F37/><W53/><G130/><T26/><D42/><U65/><E129/><V30/><F134/><W60/><G124/><T17/><D82/><U50/><E119/><V88/><F30/><W107/><G121/><T52/><D59/><U112/><E75/><V22/><F101/><W111/><G111/><N who="1" m="42538" /><E126/><V2/><F125/><W28/><G54/><T33/><D72/><U73/><E73/><V83/><F2/><W19/><G107/><T85/><D74/><U78/><E7/><V76/><F86/><N who="3" m="48415" /><G98/><T91/><D100/><U66/><E78/><V104/><F76/><W11/><G35/><T20/><D33/><U51/><E51/><V99/><F49/><W69/><G60/><N who="0" m="35911" /><D0/><U128/><E128/><V4/><F62/><W90/><G63/><T92/><D5/><U45/><E45/><V36/><F61/><W12/><G90/><T109/><D109/><U21/><E34/><V97/><F88/><W103/><G103/><T13/><D94/><U23/><E112/><V102/><F115/><W15/><G71/><T96/><D96/><U14/><E113/><V39/><F99/><W56/><G69/><T81/><D92/><U122/><E122/><V8/><F97/><W77/><G77/><T1/><D1/><U117/><E117/><V89/><F102/><W116/><G116/><T120/><D120/><U24/><E43/><RYUUKYOKU ba="1,0" sc="380,30,210,-10,210,-10,200,-10" hai0="9,10,13,17,20,25,26,81,85,91" /><INIT seed="0,2,0,5,1,58" ten="410,200,200,190" oya="0" hai0="56,31,22,15,127,20,70,40,103,52,38,39,4" hai1="71,130,16,107,28,42,27,95,92,112,77,26,10" hai2="21,133,73,0,57,60,44,83,8,85,110,120,89" hai3="125,35,30,43,67,62,48,18,53,78,113,119,98"/><T24/><D70/><U63/><E107/><V17/><F120/><W102/><G119/><T80/><D127/><U128/><E112/><V118/><F118/><W115/><G125/><T87/><D103/><U90/><E42/><V5/><F110/><W68/><G78/><T76/><D40/><U1/><E77/><V132/><F44/><W69/><G69/><T111/><D111/><U93/><E1/><V25/><REACH who="2" step="1"/><F73/><REACH who="2" ten="410,200,190,190" step="2"/><W126/><G126/><T122/><D122/><U106/><E130/><V99/><F99/><W131/><G131/><T46/><D46/><U82/><E128/><V75/><F75/><W66/><G113/><T50/><D87/><U88/><E106/><V124/><F124/><W74/><G115/><T86/><D86/><U13/><E82/><V72/><F72/><W61/><G74/><T91/><D80/><U123/><E123/><V65/><AGARI ba="2,1" hai="0,5,8,17,21,25,57,60,65,83,85,89,132,133" machi="65" ten="30,4000,0" yaku="1,1,0,1,52,1,53,0" doraHai="58" doraHaiUra="97" who="2" fromWho="2" sc="410,-22,200,-12,190,56,190,-12" /><INIT seed="1,0,0,2,4,121" ten="388,188,246,178" oya="1" hai0="102,39,10,99,22,69,116,108,9,77,81,12,78" hai1="52,41,93,79,60,17,135,63,55,126,16,117,44" hai2="87,24,85,103,25,35,68,48,43,56,134,129,125" hai3="5,127,37,120,118,84,38,97,114,91,119,8,31"/><U66/><E117/><N who="3" m="44554" /><G120/><T50/><D39/><U131/><E135/><V36/><F85/><W28/><G97/><T34/><D34/><U59/><E131/><V73/><F24/><W1/><G127/><T133/><D69/><U45/><E79/><V23/><F23/><W104/><G104/><T98/><D78/><U6/><E6/><V122/><F48/><W112/><G37/><T19/><D133/><U13/><E126/><V83/><F56/><W92/><G38/><T29/><D50/><N who="1" m="26895" /><E17/><V3/><F3/><W32/><G32/><T7/><D29/><AGARI ba="0,0" hai="1,5,8,28,29,31,84,91,92,112,114" m="44554" machi="29" ten="30,1000,0" yaku="12,1" doraHai="121" who="3" fromWho="0" sc="388,-10,188,0,246,0,178,10" /><INIT seed="2,0,0,0,3,115" ten="378,188,246,188" oya="2" hai0="37,21,35,40,89,64,98,31,38,86,70,134,56" hai1="69,55,77,6,52,67,42,102,2,118,85,99,34" hai2="82,73,20,16,25,36,108,81,11,130,100,92,79" hai3="135,43,112,74,28,75,1,123,8,32,26,49,9"/><V128/><F36/><W63/><G123/><T110/><D70/><U116/><E42/><V87/><F108/><W101/><G112/><T58/><D35/><U33/><E85/><V80/><F11/><W124/><G124/><T125/><D38/><U59/><E77/><V126/><F126/><W72/><G135/><T48/><D37/><U27/><E59/><V4/><F4/><W93/><G63/><N who="0" m="37991" /><D125/><U41/><E41/><V65/><F65/><W127/><G1/><T111/><D134/><U51/><E51/><V23/><F23/><W76/><G76/><T105/><D105/><N who="1" m="63711" /><E55/><V96/><REACH who="2" step="1"/><F87/><REACH who="2" ten="378,188,236,188" step="2"/><W133/><G127/><T7/><D86/><U117/><E27/><V22/><F22/><W109/><G133/><T10/><D7/><U44/><E44/><V84/><F84/><W53/><G26/><T68/><D111/><U29/><E29/><V90/><F90/><W121/><G109/><T24/><D89/><U94/><E34/><V47/><F47/><W0/><G28/><T119/><D31/><U17/><E33/><V62/><F62/><W39/><G32/><T83/><D110/><U103/><E17/><V78/><F78/><W91/><G91/><T61/><D21/><U122/><E122/><V131/><AGARI ba="0,1" hai="16,20,25,73,79,80,81,82,92,96,100,128,130,131" machi="131" ten="30,12000,1" yaku="1,1,0,1,19,1,54,1,53,1" doraHai="115" doraHaiUra="107" who="2" fromWho="2" sc="378,-40,188,-40,236,130,188,-40" /><INIT seed="2,1,0,1,1,49" ten="338,148,366,148" oya="2" hai0="23,13,48,36,10,104,116,62,131,34,57,134,46" hai1="119,94,9,3,54,121,53,40,42,101,120,109,106" hai2="103,61,87,19,99,75,68,95,38,92,44,79,91" hai3="83,107,84,20,33,37,126,127,55,123,105,50,70"/><V59/><F68/><W24/><G33/><T12/><D34/><U66/><E106/><V93/><F75/><W97/><G37/><T35/><D35/><U52/><E66/><V122/><F79/><W1/><G1/><T128/><D36/><U7/><E119/><V2/><F2/><W28/><G70/><T25/><D104/><U133/><E133/><V29/><F29/><W64/><G64/><N who="0" m="38991" /><D134/><U22/><E22/><V4/><F4/><W32/><G32/><T67/><D67/><U117/><E117/><V8/><F122/><N who="1" m="47209" /><E109/><V129/><F129/><N who="0" m="49738" /><D10/><U86/><E86/><V115/><F115/><W130/><G130/><T15/><D116/><U74/><E74/><V27/><F44/><N who="3" m="28103" /><G123/><T45/><D48/><U5/><E5/><V132/><F38/><W76/><G97/><AGARI ba="1,0" hai="3,7,9,40,42,52,53,54,94,97,101" m="47209" machi="97" ten="30,8000,1" yaku="13,1,52,3,54,1" doraHai="49" who="1" fromWho="3" sc="338,0,148,83,366,0,148,-83" /><INIT seed="3,0,0,4,0,128" ten="338,231,366,65" oya="3" hai0="38,40,16,110,7,41,44,49,86,70,34,54,111" hai1="5,3,28,68,104,4,100,72,6,94,67,50,20" hai2="23,60,45,0,73,99,91,65,14,37,92,22,85" hai3="87,43,36,58,133,81,74,125,112,103,19,52,32"/><W113/><G32/><T135/><D34/><U84/><E72/><V51/><F73/><W76/><G125/><T25/><D7/><U63/><E104/><V12/><F0/><W59/><G103/><T71/><D86/><U132/><E50/><V9/><F37/><W33/><G33/><T57/><D135/><U116/><E116/><V118/><F118/><W97/><G97/><T82/><D82/><U61/><E61/><V30/><F99/><W88/><G59/><T1/><D1/><U35/><E35/><V26/><F23/><W108/><G108/><N who="0" m="41515" /><D25/><U27/><E132/><V120/><F9/><W2/><G2/><T47/><D16/><U42/><E42/><V11/><F11/><W48/><G133/><T83/><D83/><U79/><E100/><V105/><F105/><W77/><G19/><T90/><D90/><U21/><E79/><V109/><F120/><W95/><REACH who="3" step="1"/><G77/><REACH who="3" ten="338,231,366,55" step="2"/><T107/><D107/><U24/><E3/><V127/><F109/><W124/><G124/><T17/><D17/><U121/><E121/><V8/><F127/><W80/><G80/><T15/><D15/><U75/><E4/><V106/><F12/><W130/><G130/><T18/><D18/><U62/><E5/><V69/><F14/><W13/><G13/><T56/><D56/><U114/><E6/><V46/><F8/><W126/><G126/><T122/><D122/><U123/><E24/><V129/><F129/><W10/><G10/><T115/><D115/><U64/><E114/><V98/><F26/><W31/><G31/><T29/><D29/><U93/><E28/><RYUUKYOKU ba="0,1" sc="338,15,231,-15,366,-15,55,15" hai0="38,40,41,44,47,49,54,57,70,71" hai3="36,43,48,52,58,74,76,81,87,88,95,112,113" /><INIT seed="3,1,1,2,2,53" ten="353,216,351,70" oya="3" hai0="87,43,92,61,107,103,48,33,113,35,89,106,91" hai1="63,90,56,75,96,28,126,21,17,119,98,69,74" hai2="88,34,100,95,133,29,16,117,27,60,11,15,115" hai3="5,70,9,52,124,131,42,51,109,64,116,67,80"/><W19/><G116/><T26/><D113/><U134/><E69/><V123/><F133/><W8/><G124/><T1/><D1/><U10/><E134/><V13/><F123/><W3/><G131/><T78/><D78/><U6/><E28/><V94/><F115/><W84/><G109/><T79/><D79/><U54/><E126/><V110/><F110/><W45/><G70/><T39/><D39/><U102/><E98/><V49/><F117/><W111/><G111/><T55/><D103/><U86/><E119/><V58/><F100/><W127/><G127/><T121/><D121/><U14/><E86/><V38/><F38/><W104/><G104/><T40/><D26/><U77/><E77/><V105/><F105/><W4/><G42/><T83/><D35/><U73/><E90/><V135/><F49/><W30/><G30/><T25/><D25/><U41/><E41/><V46/><F46/><W118/><G19/><T81/><D33/><U108/><E108/><V47/><F47/><W97/><G97/><N who="0" m="57487" /><D43/><U68/><E68/><V101/><F101/><W62/><G62/><T112/><D40/><U99/><REACH who="1" step="1"/><E102/><REACH who="1" ten="353,206,351,70" step="2"/><V85/><F135/><W71/><G71/><T93/><D112/><U120/><E120/><V24/><F29/><W44/><G118/><T114/><D114/><U132/><E132/><V125/><F125/><W2/><REACH who="3" step="1"/><G44/><REACH who="3" ten="353,206,351,60" step="2"/><N who="0" m="28039" /><D107/><U36/><E36/><V128/><F34/><W65/><G65/><T18/><D106/><U82/><E82/><V59/><F95/><W32/><G32/><T72/><D83/><U23/><E23/><V57/><F94/><RYUUKYOKU ba="1,3" sc="353,-15,206,15,351,-15,60,15" hai1="6,10,14,17,21,54,56,63,73,74,75,96,99" hai3="2,3,4,5,8,9,45,51,52,64,67,80,84" /><INIT seed="3,2,3,4,5,92" ten="338,221,336,75" oya="3" hai0="55,43,125,75,36,129,85,94,34,6,13,120,10" hai1="121,71,101,104,25,119,96,79,109,111,108,28,93" hai2="72,131,38,106,14,49,62,33,105,8,7,135,97" hai3="70,17,46,1,88,52,22,51,74,76,87,115,12"/><W117/><G117/><T91/><D120/><U68/><E121/><V83/><F38/><W9/><G70/><T118/><D118/><U124/><E119/><V58/><F33/><W35/><G35/><T3/><D75/><U65/><E124/><V59/><F131/><W134/><G115/><T5/><D34/><N who="1" m="20751" /><E79/><V77/><F135/><W80/><G134/><T31/><D31/><U123/><E123/><V110/><F110/><W54/><G1/><T40/><D36/><U69/><E93/><V26/><F26/><W42/><REACH who="3" step="1"/><G9/><REACH who="3" ten="338,221,336,65" step="2"/><T95/><D3/><U98/><E98/><V60/><F97/><W45/><G45/><T18/><D10/><U2/><E2/><V81/><F8/><W66/><G66/><AGARI ba="2,4" hai="65,66,68,69,71,96,101,104,108,109,111" m="20751" machi="66" ten="40,2600,0" yaku="14,1,52,1" doraHai="92" who="1" fromWho="3" sc="338,0,221,72,336,0,65,-32" /><INIT seed="4,0,0,4,5,10" ten="338,293,336,33" oya="0" hai0="65,49,1,100,53,44,12,63,116,99,91,42,15" hai1="124,114,103,93,26,123,62,117,45,106,118,18,83" hai2="4,24,71,57,64,39,16,88,98,61,122,68,3" hai3="30,70,2,86,29,32,131,129,128,120,102,115,55"/><T90/><D116/><U97/><E123/><V5/><F39/><W81/><G120/><T119/><D119/><U59/><E124/><V77/><F122/><W14/><G2/><T80/><D1/><U66/><E114/><V38/><F38/><W56/><G115/><T94/><D42/><U84/><E45/><V133/><F77/><W41/><G70/><T72/><D72/><U54/><E106/><V73/><F73/><W85/><G41/><T19/><D80/><U127/><E127/><V111/><F111/><W132/><G132/><T87/><D87/><U11/><E66/><V31/><F133/><W110/><G110/><T9/><REACH who="0" step="1"/><D12/><REACH who="0" ten="328,293,336,33" step="2"/><U17/><E118/><V125/><F3/><W134/><G134/><T75/><D75/><U92/><E117/><V21/><F125/><W36/><G86/><T40/><D40/><U13/><E26/><V67/><F31/><W20/><G36/><T95/><D95/><N who="1" m="58815" /><E18/><V47/><F5/><W34/><G30/><T79/><D79/><AGARI ba="0,1" hai="11,13,17,54,59,62,79,83,84,92,93" m="58815" machi="79" ten="30,2000,0" yaku="8,1,52,1" doraHai="10" who="1" fromWho="0" sc="328,-20,293,30,336,0,33,0" /><INIT seed="5,0,0,2,0,118" ten="308,323,336,33" oya="1" hai0="122,44,109,9,35,32,114,79,121,74,89,29,102" hai1="117,43,83,84,92,125,103,25,73,75,14,19,3" hai2="41,112,59,99,130,5,46,56,37,80,6,124,107" hai3="116,22,86,33,58,34,13,4,96,61,106,82,87"/><U98/><E3/><V128/><F80/><W69/><G116/><T66/><D109/><U77/><E117/><V133/><F112/><W93/><G69/><T62/><D102/><U48/><E125/><V8/><F124/><W111/><G111/><T27/><D114/><U70/><E70/><V132/><F99/><W129/><G129/><N who="2" m="49769" /><F107/><W104/><G104/><T39/><D35/><U45/><REACH who="1" step="1"/><E25/><REACH who="1" ten="308,313,336,33" step="2"/><V38/><F132/><W72/><G106/><T91/><D74/><U94/><E94/><V88/><F133/><W126/><G126/><T68/><D79/><U11/><AGARI ba="0,1" hai="11,14,19,43,45,48,73,75,77,83,84,92,98,103" machi="11" ten="20,3900,0" yaku="1,1,0,1,7,1,53,0" doraHai="118" doraHaiUra="101" who="1" fromWho="1" sc="308,-13,313,49,336,-13,33,-13" /><INIT seed="5,1,0,3,3,86" ten="295,362,323,20" oya="1" hai0="11,31,8,40,39,3,12,66,43,51,130,82,69" hai1="94,125,117,2,114,129,57,4,56,37,79,55,91" hai2="33,72,121,70,23,110,24,42,65,63,118,47,133" hai3="52,92,54,122,48,77,84,46,95,67,15,132,62"/><U98/><E117/><V97/><F118/><W116/><G122/><T89/><D130/><U105/><E129/><V25/><F110/><W32/><G32/><T126/><D39/><U18/><E37/><V58/><F121/><W14/><G132/><T53/><D126/><U7/><E125/><V135/><F72/><W90/><G116/><T71/><D31/><U134/><E134/><N who="2" m="51211" /><F33/><W80/><G54/><T6/><D69/><U0/><E114/><V88/><F70/><W9/><G77/><T106/><D106/><U26/><E105/><V107/><F23/><W104/><G104/><T102/><D102/><U44/><E79/><V38/><F107/><W74/><G74/><T100/><D100/><U49/><E0/><V59/><F58/><N who="1" m="22633" /><E2/><V17/><F17/><N who="3" m="8399" /><G15/><T112/><D112/><U60/><E60/><V13/><F13/><W45/><G45/><N who="0" m="27887" /><D66/><U123/><E123/><V96/><F96/><W29/><G29/><T131/><D71/><AGARI ba="1,0" hai="46,48,52,62,67,71,80,84,90,92,95" m="8399" machi="71" ten="30,3900,0" yaku="25,1,52,1,54,1" doraHai="86" who="3" fromWho="0" sc="295,-42,362,0,323,0,20,42" /><INIT seed="6,0,0,2,1,114" ten="253,362,323,62" oya="2" hai0="52,78,99,7,83,81,75,62,24,115,120,46,34" hai1="27,67,63,57,126,118,21,125,3,38,20,2,70" hai2="18,85,132,86,87,107,53,59,54,128,22,122,60" hai3="130,69,8,84,65,23,88,16,92,66,19,71,49"/><V95/><F107/><W80/><G130/><T61/><D120/><U77/><E38/><V101/><F122/><W100/><G71/><T37/><D115/><U6/><E21/><V0/><F0/><W58/><G69/><T12/><D83/><U13/><E77/><V42/><F42/><W96/><G8/><T28/><D37/><U110/><E110/><V133/><F128/><W90/><G19/><T48/><D7/><U39/><E39/><V44/><F101/><W1/><G1/><T9/><D9/><N who="1" m="4279" /><E70/><V121/><F121/><W50/><G100/><T5/><D5/><U45/><E45/><V43/><F54/><W135/><G135/><N who="2" m="51785" /><F95/><W73/><G73/><T31/><D12/><U40/><E40/><V36/><F85/><W4/><G4/><T106/><D106/><U11/><E11/><V14/><AGARI ba="0,0" hai="14,18,22,36,43,44,53,59,60,86,87" m="51785" machi="14" ten="30,1500,0" yaku="20,1" doraHai="114" who="2" fromWho="2" sc="253,-5,362,-5,323,15,62,-5" /><INIT seed="6,1,0,2,0,95" ten="248,357,338,57" oya="2" hai0="41,85,72,44,12,13,121,32,34,89,54,69,58" hai1="2,120,117,17,29,115,60,97,22,9,74,20,83" hai2="134,73,51,77,10,50,99,62,26,111,108,47,4" hai3="118,80,33,119,68,82,101,102,14,55,94,130,27"/><V86/><F73/><W25/><G68/><T104/><D69/><U105/><E117/><V128/><F62/><W107/><G14/><T28/><D72/><U113/><E120/><V11/><F134/><W133/><G94/><T8/><D121/><U19/><E60/><V124/><F124/><W125/><G55/><T90/><D104/><U98/><E29/><V59/><F26/><W76/><G76/><T37/><D28/><U21/><E105/><V112/><F112/><N who="1" m="43081" /><E83/><N who="2" m="47471" /><F128/><W91/><G107/><T56/><D13/><N who="1" m="7343" /><E74/><V100/><F59/><W57/><G57/><T132/><D58/><U30/><E30/><V63/><F63/><W70/><G70/><T7/><D132/><U40/><E2/><V109/><F4/><W127/><G133/><T75/><D75/><U49/><E19/><V78/><F78/><W53/><G33/><T43/><D34/><U103/><E103/><V122/><F122/><W79/><G79/><T1/><D32/><U64/><E64/><V129/><F129/><W116/><G116/><T5/><D1/><U93/><E93/><N who="2" m="58479" /><F51/><W92/><G92/><N who="0" m="54319" /><D5/><U126/><E126/><V71/><F71/><W38/><G38/><T52/><D90/><U46/><AGARI ba="1,0" hai="20,21,22,40,46,49,97,98" m="7343,43081" machi="46" ten="40,5200,0" yaku="15,1,52,2" doraHai="95" who="1" fromWho="1" sc="248,-14,357,55,338,-27,57,-14" /><INIT seed="7,0,0,5,4,3" ten="234,412,311,43" oya="3" hai0="127,107,45,116,6,129,79,10,60,57,12,82,131" hai1="34,92,98,110,95,112,105,89,86,40,118,135,84" hai2="65,109,88,117,69,56,17,21,121,80,8,123,31" hai3="62,93,35,13,37,75,133,51,114,49,132,7,14"/><W0/><G37/><T9/><D116/><U48/><E34/><V52/><F69/><W122/><G122/><T74/><D107/><U36/><E36/><V66/><F117/><W55/><G75/><T128/><D127/><U72/><E110/><V1/><F109/><W134/><G35/><T58/><D45/><U108/><E108/><V67/><F31/><W91/><G114/><T19/><REACH who="0" step="1"/><D60/><REACH who="0" ten="224,412,311,43" step="2"/><U23/><E118/><V33/><F121/><W18/><G62/><T106/><D106/><U81/><E105/><V16/><F123/><W54/><G51/><T64/><D64/><U83/><E112/><V78/><F33/><W50/><G50/><T85/><D85/><U130/><E86/><N who="2" m="50247" /><F1/><AGARI ba="0,1" hai="1,6,9,10,12,19,57,58,74,79,82,128,129,131" machi="1" ten="40,5200,0" yaku="1,1,19,1,52,1,53,0" doraHai="3" doraHaiUra="42" who="0" fromWho="2" sc="224,62,412,0,311,-52,43,0" owari="286,9.0,412,51.0,259,-14.0,43,-46.0" /></mjloggm>