<mjloggm ver="2.3"><GO type="41"/><UN n0="%EF%BC%88%E2%89%A7%E2%96%BD%E2%89%A6%EF%BC%89" n1="%E3%81%90%E3%81%A3%E3%81%A1%E3%82%83%E3%82%93%EF%BC%98" n2="%E9%9D%92%E6%9C%A8%E8%8C%82" n3="%6E%6F%63%74" dan="15,13,13,14" rate="2011,1841,1895,2169" sx="M,M,M,M"/><TAIKYOKU oya="0"/><INIT seed="0,0,0,5,4,104" ten="250,250,250,250" oya="0" hai0="51,35,113,74,40,69,41,9,56,134,36,28,99" hai1="63,31,85,39,77,49,50,12,80,124,29,13,45" hai2="62,84,111,119,48,83,11,114,20,7,78,66,120" hai3="89,91,21,8,70,60,5,67,54,61,19,115,76"/><T55/><D113/><U130/><E124/><V46/><F114/><W103/><G115/><T33/><D69/><U57/><E130/><V68/><F120/><W92/><G76/><T100/><D134/><U109/><E109/><V23/><F111/><W58/><G103/><T93/><D74/><U0/><E0/><V25/><F25/><W97/><G89/><T135/><D135/><U126/><E126/><V15/><REACH who="2" step="1"/><F119/><REACH who="2" step="2"/><W107/><G107/><T24/><D33/><U95/><E39/><V27/><F27/><W18/><G21/><T128/><D128/><U72/><E31/><V59/><F59/><W122/><REACH who="3" step="1"/><G122/><REACH who="3" step="2"/><T1/><REACH who="0" step="1"/><D36/><REACH who="0" step="2"/><U98/><E29/><V75/><F75/><W90/><G90/><T34/><D34/><U123/><E72/><V37/><F37/><W87/><G87/><T129/><D129/><U96/><E123/><V112/><F112/><W65/><G65/><T125/><D125/><U132/><E85/><V26/><F26/><W6/><G6/><AGARI ba="0,3" hai="1,6,9,24,28,35,40,41,51,55,56,93,99,100" machi="6" ten="40,2000,0" yaku="1,1,53,0" doraHai="104" doraHaiUra="43" who="0" fromWho="3" sc="240,50,250,0,240,0,240,-20" /><INIT seed="0,1,0,3,2,8" ten="290,250,240,220" oya="0" hai0="22,116,130,26,104,131,6,34,12,7,114,18,84" hai1="9,33,102,64,2,71,70,133,37,127,32,10,57" hai2="5,28,1,108,44,75,0,85,81,52,63,134,14" hai3="67,25,61,121,41,78,49,54,36,15,56,125,107"/><T40/><D104/><U35/><E37/><V106/><F106/><W135/><G107/><T47/><D116/><U50/><E102/><V77/><F28/><W101/><G101/><T46/><D114/><U94/><E94/><V109/><F134/><W115/><G78/><T59/><D84/><U65/><E127/><V53/><F75/><W100/><G100/><T38/><D47/><U129/><E129/><N who="0" m="49161" /><D59/><U19/><E19/><V21/><F53/><W43/><G25/><T96/><D96/><U105/><E105/><V92/><F92/><W66/><G115/><T113/><D113/><U62/><E50/><V16/><F5/><N who="0" m="1546" /><D34/><U82/><E82/><V23/><F23/><W45/><G121/><T76/><D76/><U11/><E57/><N who="2" m="35239" /><F44/><N who="3" m="23591" /><G125/><T89/><D89/><U91/><E91/><V111/><AGARI ba="1,0" hai="0,1,14,16,21,77,81,85,108,109,111" m="35239" machi="111" ten="30,7900,0" yaku="14,1,52,1,54,2" doraHai="8" who="2" fromWho="2" sc="290,-40,250,-21,240,82,220,-21" /><INIT seed="1,0,0,4,5,54" ten="250,229,322,199" oya="1" hai0="52,133,8,48,118,53,93,69,43,51,63,50,88" hai1="83,21,134,86,73,100,78,49,4,7,135,20,41" hai2="37,71,28,65,55,81,61,70,40,6,85,33,126" hai3="57,127,30,10,5,19,128,68,90,103,99,11,47"/><U46/><E100/><V58/><F126/><W75/><G68/><T109/><D118/><U110/><E73/><V18/><F6/><W125/><G75/><T32/><D32/><U56/><E110/><V66/><F18/><W24/><G128/><T97/><D109/><U114/><E114/><V16/><F28/><W113/><G90/><T72/><D72/><U25/><E135/><V120/><F33/><W104/><G113/><T102/><D133/><U64/><E134/><V131/><F120/><W38/><G47/><T26/><D43/><U116/><E116/><V77/><F131/><W123/><G38/><T98/><D26/><U108/><E21/><V31/><F31/><W84/><G84/><T22/><D22/><U111/><E108/><V34/><F34/><W74/><G74/><T39/><D39/><U27/><E27/><V35/><F35/><W124/><G19/><T130/><D130/><U2/><E2/><V91/><F77/><W1/><G11/><T95/><REACH who="0" step="1"/><D8/><REACH who="0" step="2"/><U82/><E111/><V15/><F40/><W60/><G123/><T14/><D14/><U17/><REACH who="1" step="1"/><E83/><REACH who="1" step="2"/><V122/><F122/><W132/><G132/><T12/><D12/><U42/><E42/><V13/><F13/><W105/><G24/><T9/><D9/><U106/><E106/><V62/><F37/><W101/><G30/><T112/><D112/><U3/><E3/><V121/><F121/><W87/><G104/><T129/><D129/><U117/><E117/><V96/><F15/><W23/><G23/><T0/><D0/><U119/><E119/><V92/><F81/><RYUUKYOKU ba="0,2" sc="240,15,219,15,322,-15,199,-15" hai0="48,50,51,52,53,63,69,88,93,95,97,98,102" hai1="4,7,17,20,25,41,46,49,56,64,78,82,86" /><INIT seed="1,1,2,5,4,123" ten="255,234,307,184" oya="1" hai0="26,39,43,50,63,1,116,19,59,106,10,128,65" hai1="94,44,60,78,131,36,18,54,85,61,130,53,3" hai2="80,12,7,31,115,69,83,122,29,114,76,88,109" hai3="49,86,6,111,13,97,133,47,21,8,132,32,72"/><U134/><E134/><N who="3" m="51818" /><G32/><T92/><D116/><U101/><E3/><V62/><F122/><W96/><G72/><T48/><D106/><U52/><E78/><V75/><F69/><W90/><G21/><T66/><D128/><N who="1" m="49195" /><E18/><V87/><F62/><W25/><G25/><T98/><D66/><U41/><E85/><V0/><F0/><W102/><G102/><T79/><D79/><U28/><E28/><V119/><F119/><W67/><G67/><T17/><D39/><U68/><E68/><V81/><F81/><N who="3" m="49487" /><G111/><T113/><D113/><N who="2" m="43018" /><F109/><W2/><G2/><T71/><D71/><U135/><E135/><V55/><F55/><AGARI ba="1,2" hai="6,8,13,47,49,55,96,97" m="49487,51818" machi="55" ten="30,1000,0" yaku="20,1" doraHai="123" who="3" fromWho="2" sc="255,0,234,0,307,-13,184,33" /><INIT seed="2,0,0,1,0,77" ten="255,234,294,217" oya="2" hai0="54,5,73,56,93,38,110,92,134,41,35,26,131" hai1="123,128,45,12,55,102,8,46,117,105,116,72,62" hai2="66,132,36,15,51,30,42,86,85,22,16,10,81" hai3="94,129,115,31,74,13,48,109,76,60,106,113,125"/><V29/><F132/><W14/><G106/><T1/><D134/><U119/><E72/><V90/><F36/><W21/><G109/><T68/><D68/><U23/><E105/><V124/><F66/><W130/><G60/><T9/><D110/><U126/><E102/><V7/><F124/><W83/><G48/><T97/><D131/><N who="3" m="50185" /><G125/><T122/><D122/><U57/><E123/><V40/><F86/><W91/><G31/><N who="2" m="11785" /><F51/><W88/><G21/><T127/><D127/><U20/><E126/><V4/><F10/><W98/><G91/><T118/><D118/><U71/><E71/><V19/><F19/><W64/><G64/><T67/><D35/><U80/><E128/><V114/><F114/><AGARI ba="0,0" hai="13,14,74,76,83,88,94,98,113,114,115" m="50185" machi="114" ten="30,7700,0" yaku="11,1,19,1,52,1,54,1" doraHai="77" who="3" fromWho="2" sc="255,0,234,0,294,-77,217,77" /><INIT seed="3,0,0,1,3,25" ten="255,234,217,294" oya="3" hai0="75,4,44,135,72,41,11,116,114,103,23,94,55" hai1="14,49,87,10,22,21,37,95,85,74,123,0,48" hai2="70,53,9,107,129,127,79,63,27,120,124,92,3" hai3="61,68,125,84,2,91,130,45,6,16,133,113,119"/><W98/><G119/><T65/><D116/><U81/><E37/><V15/><F120/><W50/><G113/><T122/><D122/><U34/><E123/><V110/><F107/><W26/><G130/><T12/><D114/><U97/><E0/><V128/><F3/><W83/><G125/><N who="2" m="48201" /><F79/><W78/><G133/><T42/><D135/><U66/><E66/><N who="2" m="41311" /><F110/><W71/><G2/><T32/><D32/><U104/><E34/><V20/><F92/><W24/><G6/><T29/><D65/><U58/><E74/><V111/><F53/><W30/><G61/><T93/><D75/><U100/><E104/><V99/><F99/><W89/><G98/><N who="0" m="59855" /><D94/><U19/><E87/><V88/><F111/><W8/><G71/><T47/><D72/><U108/><E108/><V46/><F46/><N who="0" m="17450" /><D55/><U40/><E40/><V73/><F73/><W86/><G68/><T59/><D59/><U115/><E115/><V80/><F80/><W132/><G132/><T109/><D109/><U7/><E7/><N who="2" m="3519" /><F88/><W102/><G102/><T77/><D77/><U36/><E36/><V18/><AGARI ba="0,0" hai="18,20,27,128,129" m="3519,41311,48201" machi="18" ten="30,1100,0" yaku="18,1" doraHai="25" who="2" fromWho="2" sc="255,-3,234,-3,217,11,294,-5" /><INIT seed="4,0,0,0,2,90" ten="252,231,228,289" oya="0" hai0="47,99,28,112,38,107,116,111,49,91,17,37,105" hai1="44,120,117,12,103,76,46,134,128,14,130,11,69" hai2="87,71,84,13,78,68,9,70,81,72,61,16,102" hai3="20,51,92,10,135,109,25,133,8,89,80,33,45"/><T88/><D116/><U82/><E69/><V34/><F34/><W30/><G109/><T108/><D112/><U21/><E117/><V62/><F102/><W4/><G80/><T124/><D124/><U96/><E120/><V5/><F5/><W114/><G114/><T85/><D28/><U58/><E134/><N who="3" m="51210" /><G33/><T15/><D99/><U42/><E58/><V57/><REACH who="2" step="1"/><F62/><REACH who="2" step="2"/><W125/><G4/><T29/><D111/><U132/><E132/><V67/><AGARI ba="0,1" hai="9,13,16,57,61,67,68,70,71,72,78,81,84,87" machi="67" ten="30,7900,0" yaku="1,1,2,1,0,1,54,1,53,0" doraHai="90" doraHaiUra="113" who="2" fromWho="2" sc="252,-39,231,-20,218,89,289,-20" /><INIT seed="5,0,0,2,5,66" ten="213,211,307,269" oya="1" hai0="9,128,71,125,111,100,7,43,95,131,124,83,112" hai1="46,110,19,44,45,41,32,105,72,49,40,79,1" hai2="84,26,82,28,89,106,91,59,11,13,117,96,133" hai3="52,101,20,109,50,135,0,113,118,102,104,64,34"/><U121/><E32/><V22/><F117/><W36/><G34/><T2/><D111/><U88/><E1/><V108/><F108/><W119/><G109/><T14/><D112/><U53/><E105/><V62/><F133/><W107/><G0/><T57/><D43/><U17/><E110/><V73/><F73/><W61/><G36/><T132/><D83/><U126/><E121/><V51/><F51/><W31/><G113/><T25/><D25/><U77/><E126/><N who="0" m="48745" /><D2/><U99/><E72/><V81/><F106/><W127/><G135/><T76/><D76/><N who="1" m="29259" /><E41/><V69/><F96/><W123/><G123/><T134/><D57/><N who="1" m="32943" /><E40/><V21/><F69/><W56/><G127/><T122/><D71/><U97/><E97/><V86/><F22/><W103/><G20/><T29/><D122/><U63/><E63/><V85/><F85/><W74/><G31/><T70/><D70/><U47/><E47/><V87/><F87/><W18/><G18/><T42/><D42/><U75/><E75/><V120/><F120/><W94/><G74/><T12/><D29/><U98/><E98/><V30/><F30/><W129/><G94/><AGARI ba="0,0" hai="17,19,44,45,46,88,94,99" m="32943,29259" machi="94" ten="30,2900,0" yaku="8,1,54,1" doraHai="66" who="1" fromWho="3" sc="213,0,211,29,307,0,269,-29" /><INIT seed="5,1,0,4,4,70" ten="213,240,307,240" oya="1" hai0="82,45,128,95,77,7,90,57,34,44,0,87,102" hai1="61,23,106,68,80,93,40,55,117,65,35,83,2" hai2="11,133,113,17,66,53,73,15,4,69,81,111,89" hai3="5,32,126,58,105,24,1,72,14,119,108,100,71"/><U85/><E117/><V26/><F111/><W16/><G108/><T38/><D128/><U50/><E106/><V31/><F133/><W56/><G71/><T122/><D122/><U104/><E104/><V6/><F113/><W33/><G72/><T25/><D102/><U64/><E64/><V51/><F66/><W101/><G119/><T20/><D34/><U46/><E35/><V132/><F69/><W121/><G121/><T120/><D120/><U67/><E67/><V109/><F132/><W86/><G126/><T115/><D115/><U43/><E23/><V127/><F127/><W134/><G134/><T76/><D57/><U18/><E18/><V94/><F81/><W124/><G124/><T62/><D62/><U19/><E19/><V135/><F135/><W125/><G125/><T52/><D44/><U22/><E22/><N who="2" m="15831" /><F73/><W41/><G41/><T79/><D0/><U110/><E2/><V42/><F42/><W88/><G105/><T60/><D82/><U10/><E10/><V96/><F109/><W98/><G33/><T112/><D112/><U74/><E74/><V27/><F27/><W130/><G130/><T75/><D75/><U131/><E131/><V54/><F54/><W78/><G78/><T13/><D52/><U91/><E110/><V47/><AGARI ba="1,0" hai="4,6,11,15,17,47,51,53,89,94,96" m="15831" machi="47" ten="30,1100,0" yaku="8,1" doraHai="70" who="2" fromWho="2" sc="213,-4,240,-6,307,14,240,-4" /><INIT seed="6,0,0,2,4,111" ten="209,234,321,236" oya="2" hai0="84,6,27,99,113,83,46,112,122,37,109,70,119" hai1="62,63,33,59,4,51,24,12,123,131,1,61,81" hai2="86,69,0,3,20,135,35,57,31,75,19,28,22" hai3="36,118,132,114,73,89,44,82,49,90,48,15,53"/><V87/><F69/><W97/><G118/><T56/><D109/><U106/><E106/><V16/><F75/><W41/><G132/><T102/><D70/><U14/><E1/><N who="2" m="587" /><F57/><W45/><G36/><T10/><D122/><U130/><E123/><V125/><F86/><W100/><G15/><N who="0" m="5591" /><D27/><U94/><E94/><V68/><F87/><W128/><G128/><T76/><D56/><U52/><E81/><V42/><F42/><W104/><G114/><N who="0" m="44139" /><D119/><U85/><E85/><V133/><F68/><W18/><G18/><N who="2" m="6697" /><F125/><W26/><G26/><T7/><D7/><U43/><E4/><V107/><F107/><W121/><REACH who="3" step="1"/><G121/><REACH who="3" step="2"/><T110/><D110/><U40/><E131/><V101/><F35/><W93/><G93/><N who="0" m="58735" /><D46/><U25/><E33/><V30/><F101/><W50/><G50/><T55/><D55/><U72/><E130/><V127/><F127/><W29/><G29/><T21/><D21/><AGARI ba="0,1" hai="20,21,22,28,30,31,133,135" m="6697,587" machi="21" ten="40,12000,1" yaku="28,2,34,2,54,1" doraHai="111" who="2" fromWho="0" sc="209,-120,234,0,321,130,226,0" /><INIT seed="6,1,0,5,4,11" ten="89,234,451,226" oya="2" hai0="10,7,33,32,105,53,12,29,113,119,36,41,126" hai1="104,14,64,79,4,13,96,94,39,42,37,63,50" hai2="117,24,70,124,102,6,125,100,27,30,0,54,78" hai3="26,132,83,57,77,109,107,95,98,73,72,51,40"/><V103/><F70/><W121/><G109/><T81/><D105/><U87/><E104/><V134/><F117/><W86/><G121/><T56/><D119/><U80/><E39/><V19/><F78/><W8/><G132/><T59/><D126/><U129/><E129/><V75/><F75/><W69/><G69/><T88/><D113/><U65/><E37/><V93/><F93/><W111/><G111/><T122/><D122/><U108/><E108/><V131/><F131/><W15/><G26/><T116/><D116/><U66/><E4/><V1/><F134/><W3/><G3/><T35/><D29/><U20/><E20/><V99/><F99/><W34/><G34/><T127/><D127/><U130/><E63/><V128/><F128/><W22/><G22/><T114/><D114/><U61/><E61/><V112/><F112/><W67/><G107/><T118/><D118/><U47/><REACH who="1" step="1"/><E130/><REACH who="1" step="2"/><V85/><F125/><W2/><G67/><T90/><D81/><U84/><E84/><V89/><F85/><W25/><G72/><T71/><D71/><U21/><E21/><V43/><F124/><W9/><G73/><T5/><D5/><U44/><E44/><V97/><F6/><W106/><G106/><T18/><D7/><U62/><E62/><V110/><F110/><W17/><G86/><T91/><REACH who="0" step="1"/><D53/><REACH who="0" step="2"/><U46/><E46/><AGARI ba="1,2" hai="10,12,18,32,33,35,36,41,46,56,59,88,90,91" machi="46" ten="50,8000,1" yaku="1,1,2,1,52,1,54,1,53,1" doraHai="11" doraHaiUra="38" who="0" fromWho="1" sc="79,103,224,-83,451,0,226,0" /><INIT seed="7,0,0,5,4,132" ten="182,141,451,226" oya="3" hai0="45,125,114,91,104,100,16,60,107,33,70,93,133" hai1="29,131,96,123,76,111,28,122,0,97,95,4,127" hai2="5,82,2,1,30,50,63,102,53,37,113,80,51" hai3="124,75,23,34,130,26,110,84,15,117,79,128,83"/><W9/><G117/><T58/><D33/><U77/><E95/><V19/><F37/><W46/><G34/><T71/><D133/><U57/><E57/><V118/><F118/><W87/><G110/><T10/><D114/><U65/><E65/><V43/><F113/><W59/><G46/><T108/><D108/><U56/><E56/><V62/><F102/><W85/><G59/><T101/><D104/><U105/><E111/><V90/><F30/><W109/><G109/><T106/><D106/><U41/><E41/><V48/><F43/><W103/><G103/><T69/><D107/><U112/><E105/><V49/><F19/><W99/><G99/><T126/><D45/><U116/><E116/><V42/><F42/><W74/><G75/><T40/><D40/><U12/><E12/><V67/><F5/><W72/><G72/><T78/><D78/><U64/><E64/><V32/><F32/><W115/><G115/><T89/><D89/><U31/><E112/><V61/><F90/><W39/><G39/><T120/><D120/><U73/><E73/><V11/><F11/><W22/><G22/><T92/><D10/><U18/><E18/><V81/><F67/><W129/><G124/><N who="0" m="47723" /><D16/><U134/><E127/><V21/><F21/><W88/><G74/><T36/><D36/><U24/><E31/><V8/><F8/><W3/><G3/><T35/><D93/><U121/><E121/><V13/><F13/><W119/><G79/><T68/><N who="0" m="17408" /><DORA hai="44" /><T52/><D35/><U25/><E134/><V86/><F2/><W66/><G119/><T47/><D101/><RYUUKYOKU ba="0,0" sc="182,0,141,0,451,0,226,0" owari="182,-22.0,141,-36.0,451,55.0,226,3.0" /></mjloggm>