<mjloggm ver="2.3"><GO type="169"/><UN n0="%E3%81%8F%E3%82%8B%E3%82%8B" n1="%E6%A3%92%E8%A7%92" n2="%61%62%61%6E%74%65%73" n3="%EF%BC%88%E2%89%A7%E2%96%BD%E2%89%A6%EF%BC%89" dan="17,16,16,18" rate="2123,2087,2040,2204" sx="M,M,M,M"/><TAIKYOKU oya="0"/><INIT seed="0,0,0,2,1,67" ten="250,250,250,250" oya="0" hai0="10,84,124,96,128,45,105,0,28,18,55,125,33" hai1="54,122,88,15,115,135,79,110,3,97,69,27,57" hai2="74,62,65,56,37,26,58,41,109,107,134,50,76" hai3="51,119,120,116,8,87,108,29,43,99,30,112,123"/><T39/><D128/><U113/><E3/><V9/><F107/><W101/><G43/><T17/><D84/><U1/><E1/><V132/><F9/><W93/><G51/><T82/><D82/><U90/><E122/><N who="3" m="46634" /><G8/><T129/><D129/><U5/><E79/><V117/><F26/><W95/><G29/><T72/><D72/><U34/><E15/><V12/><F12/><W44/><G44/><T49/><D39/><U68/><E5/><V22/><F22/><W94/><G30/><T35/><D0/><U19/><E135/><N who="2" m="51755" /><F76/><W103/><G112/><N who="1" m="43082" /><E110/><V78/><F78/><W32/><G32/><N who="0" m="12363" /><D28/><N who="1" m="19743" /><E19/><V80/><F74/><W66/><G108/><T4/><D10/><U118/><E118/><N who="3" m="45098" /><G66/><T86/><D4/><U100/><E100/><N who="3" m="38474" /><G87/><T31/><D86/><U13/><E13/><V77/><F65/><W102/><AGARI ba="0,0" hai="93,94,95,99,102" m="38474,45098,46634" machi="102" ten="40,5200,0" yaku="13,1,34,2" doraHai="67" who="3" fromWho="3" sc="250,-26,250,-13,250,-13,250,52" /><INIT seed="1,0,0,5,1,59" ten="224,237,237,302" oya="1" hai0="21,9,95,52,4,86,32,63,56,36,65,85,69" hai1="90,28,94,81,115,112,113,15,46,31,75,53,91" hai2="105,120,72,88,73,130,117,66,128,93,14,33,89" hai3="40,55,124,54,77,16,58,80,27,68,60,84,133"/><U96/><E15/><V51/><F33/><W108/><G68/><T25/><D32/><U19/><E19/><V8/><F105/><W101/><G108/><T118/><D36/><U127/><E127/><V39/><F39/><W43/><G124/><T45/><D118/><U104/><E104/><V50/><F117/><W134/><G101/><T61/><D45/><U87/><E75/><N who="2" m="28747" /><F66/><W111/><G54/><T24/><D95/><U17/><E17/><V119/><F119/><W102/><G102/><T3/><REACH who="0" step="1"/><D25/><REACH who="0" ten="214,237,237,302" step="2"/><U122/><E122/><V82/><F93/><W79/><G111/><T20/><D20/><U76/><E91/><V129/><F120/><W42/><REACH who="3" step="1"/><G79/><REACH who="3" ten="214,237,237,292" step="2"/><T57/><D57/><U44/><E44/><V38/><F130/><W131/><G131/><T49/><D49/><U62/><E46/><V74/><F38/><W18/><G18/><AGARI ba="0,2" hai="3,4,9,18,21,24,52,56,61,63,65,69,85,86" machi="18" ten="30,12000,2" yaku="1,1,7,1,52,2,54,1,53,1" doraHai="59" doraHaiUra="64" who="0" fromWho="3" sc="214,140,237,0,237,0,292,-120" /><INIT seed="2,0,0,5,1,117" ten="354,237,237,172" oya="2" hai0="21,135,55,111,5,123,34,36,131,26,69,8,46" hai1="132,109,95,116,33,126,82,104,2,44,90,63,112" hai2="62,53,17,50,56,100,84,61,32,91,96,68,97" hai3="39,59,47,122,125,10,40,73,103,83,118,11,6"/><V129/><F129/><W31/><G118/><T107/><D69/><U110/><E44/><V105/><F32/><W99/><G125/><T42/><D107/><U120/><E63/><V76/><F76/><N who="3" m="44431" /><G59/><T119/><D131/><U114/><E82/><V115/><F115/><W108/><G11/><T94/><D34/><U67/><E67/><V13/><F96/><W52/><G52/><T54/><D94/><U7/><E95/><V71/><F71/><W74/><G31/><T134/><D119/><U51/><E51/><V15/><F68/><W124/><G124/><T16/><D111/><U14/><E90/><V0/><F0/><N who="3" m="327" /><G108/><T87/><D87/><U65/><E65/><V24/><F24/><W19/><G19/><T79/><D79/><U20/><E104/><V12/><REACH who="2" step="1"/><F17/><REACH who="2" ten="354,237,227,172" step="2"/><W41/><G74/><T101/><D26/><U28/><E33/><V121/><F121/><W4/><G4/><T66/><D123/><U102/><E120/><V48/><F48/><W3/><G122/><T92/><D16/><U75/><E116/><V113/><F113/><W49/><G3/><T130/><D5/><U38/><E2/><V35/><F35/><W93/><G49/><T81/><D130/><U58/><E75/><V22/><F22/><W9/><G9/><T18/><D21/><U72/><E72/><V85/><F85/><W64/><G40/><T133/><D18/><U57/><E114/><V23/><F23/><W1/><G1/><T80/><D8/><U89/><E112/><V29/><F29/><W128/><G128/><T77/><D42/><U27/><E28/><RYUUKYOKU ba="0,1" sc="354,-15,237,-15,227,15,172,15" hai2="12,13,15,50,53,56,61,62,84,91,97,100,105" hai3="39,41,47,64,93,99,103" /><INIT seed="2,1,1,4,0,41" ten="339,222,242,187" oya="2" hai0="21,39,51,2,5,82,60,17,73,44,92,111,80" hai1="109,118,85,99,54,28,84,13,65,100,120,62,59" hai2="48,63,19,104,42,126,23,90,106,127,83,79,98" hai3="32,95,66,49,52,30,86,46,20,135,24,40,6"/><V91/><F63/><W68/><G135/><T70/><D39/><U130/><E118/><V133/><F133/><W97/><G6/><T72/><D111/><U57/><E109/><V0/><F0/><W55/><G32/><T77/><D92/><U102/><E130/><V64/><F64/><W14/><G14/><T50/><D50/><U101/><E99/><V103/><F104/><W7/><G7/><T35/><D35/><U71/><E71/><V125/><F42/><W78/><G68/><T113/><D113/><U3/><E3/><V110/><F110/><W96/><G66/><T36/><D36/><U88/><E120/><V134/><F134/><W89/><G78/><T132/><D132/><U31/><E84/><N who="2" m="48255" /><F48/><W124/><G124/><T8/><D73/><U122/><E122/><V69/><F69/><W22/><G20/><T131/><D77/><U119/><E119/><V81/><F81/><W93/><G86/><T108/><D72/><U25/><E13/><AGARI ba="1,1" hai="13,19,23,90,91,98,103,106,125,126,127" m="48255" machi="13" ten="30,1500,0" yaku="18,1" doraHai="41" who="2" fromWho="1" sc="339,0,222,-18,242,28,187,0" /><INIT seed="2,2,0,0,2,27" ten="339,204,270,187" oya="2" hai0="1,51,84,99,116,117,96,17,133,63,33,127,121" hai1="55,112,98,35,68,91,86,38,41,125,135,54,37" hai2="65,45,75,77,12,97,134,79,7,57,102,81,2" hai3="4,124,8,89,126,42,0,9,39,13,62,105,22"/><V93/><F2/><W5/><G105/><T113/><D113/><U72/><E112/><V10/><F134/><W103/><G103/><T15/><D1/><U107/><E72/><V46/><REACH who="2" step="1"/><F79/><REACH who="2" ten="339,204,260,187" step="2"/><W110/><G0/><T32/><D133/><U123/><E135/><V101/><F101/><W18/><G126/><T16/><D127/><U26/><E125/><V53/><F53/><W59/><G124/><T118/><D117/><U92/><E55/><V31/><F31/><W30/><G30/><T11/><D116/><U28/><E54/><V71/><F71/><W43/><G89/><T104/><D118/><U122/><E68/><V47/><F47/><W131/><G42/><T40/><D40/><U129/><E129/><V83/><F83/><W94/><G43/><T44/><D44/><U48/><E48/><V108/><F108/><W60/><G131/><T49/><D51/><U19/><E41/><V100/><F100/><W74/><G39/><T70/><D49/><U14/><E38/><V34/><F34/><W76/><G76/><T36/><D33/><U87/><E37/><V73/><F73/><W64/><G74/><T109/><D32/><U6/><E107/><V50/><F50/><W78/><G78/><T82/><D104/><U52/><E52/><V120/><F120/><N who="1" m="46121" /><E6/><V29/><F29/><W115/><G4/><T61/><D70/><U23/><AGARI ba="2,1" hai="14,19,23,26,28,35,86,87,91,92,98" m="46121" machi="23" ten="30,2000,0" yaku="13,1,52,1" doraHai="27" who="1" fromWho="1" sc="339,-7,204,36,260,-12,187,-7" /><INIT seed="3,0,0,1,1,115" ten="332,240,248,180" oya="3" hai0="34,75,81,134,19,14,2,104,114,79,10,44,36" hai1="126,112,22,119,47,132,9,68,25,98,129,50,97" hai2="57,121,84,113,133,26,51,41,124,95,3,86,54" hai3="40,88,99,80,89,92,33,96,42,45,61,103,107"/><W82/><G33/><T23/><D104/><U78/><E68/><V18/><F113/><W74/><G74/><T46/><D114/><U60/><E112/><V123/><F3/><W52/><G89/><T30/><D134/><U128/><E78/><V1/><F1/><W28/><G28/><T16/><D19/><U94/><E60/><V55/><F133/><W17/><G17/><T118/><D118/><U27/><E9/><V111/><F111/><W15/><G15/><T101/><D101/><U127/><E132/><V65/><F65/><W130/><G130/><N who="1" m="50282" /><E119/><V71/><F41/><W20/><G20/><T31/><D36/><U83/><E83/><V5/><F5/><W135/><G135/><T76/><D79/><U39/><E39/><V122/><F71/><W21/><G21/><T12/><D14/><U66/><E66/><V91/><F124/><N who="1" m="47657" /><E94/><V116/><F116/><W109/><G109/><T77/><D76/><U11/><E11/><V32/><F18/><W35/><G35/><T131/><D131/><U7/><E7/><V90/><F32/><W43/><REACH who="3" step="1"/><G61/><REACH who="3" ten="332,240,248,170" step="2"/><T105/><D34/><U117/><E117/><V59/><F26/><N who="1" m="9737" /><E22/><V53/><REACH who="2" step="1"/><F51/><AGARI ba="0,1" hai="40,42,43,45,51,52,80,82,88,92,96,99,103,107" machi="51" ten="40,7700,0" yaku="1,1,54,2,53,0" doraHai="115" doraHaiUra="29" who="3" fromWho="2" sc="332,0,240,0,248,-77,170,87" /><INIT seed="3,1,0,4,1,0" ten="332,240,171,257" oya="3" hai0="32,33,75,95,58,102,47,82,127,103,59,119,65" hai1="80,79,37,16,109,56,134,105,112,122,110,22,31" hai2="26,43,13,39,34,100,108,49,93,116,77,18,123" hai3="68,1,64,2,85,46,14,54,72,48,128,97,11"/><W17/><G72/><T38/><D119/><U25/><E112/><V19/><F116/><W118/><G118/><T117/><D117/><U3/><E122/><V61/><F39/><W126/><G126/><T70/><D70/><U89/><E37/><V52/><F123/><W121/><G121/><T62/><D127/><U131/><E105/><V113/><F113/><W84/><G128/><T132/><D59/><U71/><E71/><V55/><F108/><N who="1" m="41577" /><E131/><V5/><F77/><W42/><G97/><T125/><D95/><U44/><E44/><N who="2" m="25759" /><F34/><W7/><G1/><T10/><D32/><U99/><E56/><N who="2" m="34951" /><F55/><W133/><G133/><T57/><D33/><U21/><E3/><V98/><F26/><W60/><REACH who="3" step="1"/><G54/><REACH who="3" ten="332,240,171,247" step="2"/><T29/><D132/><U12/><E99/><V23/><F23/><AGARI ba="1,1" hai="2,7,11,14,17,23,42,46,48,60,64,68,84,85" machi="23" ten="30,18000,2" yaku="1,1,2,1,7,1,52,1,53,2" doraHai="0" doraHaiUra="83" who="3" fromWho="2" sc="332,0,240,0,171,-183,247,193" owari="332,13.0,240,-16.0,-12,-51.0,440,54.0" /></mjloggm>