<mjloggm ver="2.3"><GO type="41"/><UN n0="%E9%9B%AA%E6%98%A5" n1="%E4%B8%80%E7%99%BA%E3%83%84%E3%83%A2%E4%B9%8B%E5%8A%A9" n2="%E3%81%93%E3%81%BE%E3%81%A1%E3%82%85" n3="%E3%82%A6%E3%83%AB%E3%83%88%E3%83%A9%E7%AB%8B%E7%9B%B4" dan="14,14,13,15" rate="1833,1884,1990,2015" sx="M,F,M,M"/><TAIKYOKU oya="0"/><INIT seed="0,0,0,4,3,86" ten="250,250,250,250" oya="0" hai0="107,22,80,77,26,93,100,85,122,98,125,96,82" hai1="49,126,27,99,65,36,95,101,123,59,87,8,51" hai2="67,16,106,76,114,43,121,83,25,33,5,127,61" hai3="11,10,132,45,134,73,79,55,135,18,71,109,118"/><T119/><D26/><U58/><E123/><V52/><F106/><W35/><G71/><T24/><D24/><U112/><E36/><V108/><F121/><W0/><G35/><T47/><D122/><U91/><E126/><V131/><F114/><W78/><G118/><T53/><D22/><U6/><E27/><V84/><F5/><N who="3" m="1319" /><G73/><N who="0" m="43055" /><D53/><U50/><E65/><V92/><F43/><W103/><G103/><N who="0" m="60815" /><D47/><U9/><E112/><V105/><F105/><W32/><G32/><T81/><D125/><U13/><REACH who="1" step="1"/><E9/><REACH who="1" ten="250,240,250,250" step="2"/><V4/><F67/><W2/><G11/><T115/><D115/><U62/><E62/><V113/><F61/><W21/><G134/><T60/><D60/><U15/><E15/><V29/><F127/><W28/><G132/><T89/><D119/><U117/><E117/><V42/><F113/><W48/><G135/><T54/><D54/><U133/><E133/><V56/><F52/><W17/><G55/><T63/><D63/><U19/><E19/><V12/><F16/><W75/><G18/><T68/><D68/><U1/><E1/><V129/><F25/><W88/><G2/><T30/><D30/><U39/><E39/><V69/><F29/><W128/><G28/><T31/><D31/><U7/><E7/><V41/><F4/><W74/><G17/><T23/><D23/><U104/><AGARI ba="0,1" hai="6,8,13,49,50,51,58,59,87,91,95,99,101,104" machi="104" ten="30,7900,0" yaku="1,1,0,1,52,1,53,1" doraHai="86" doraHaiUra="90" who="1" fromWho="1" sc="250,-39,240,89,250,-20,250,-20" /><INIT seed="1,0,0,0,3,42" ten="211,329,230,230" oya="1" hai0="33,126,81,103,17,117,79,43,121,105,23,32,68" hai1="72,44,78,110,76,34,63,96,114,1,93,116,62" hai2="133,55,132,13,11,30,3,115,80,106,97,60,14" hai3="45,113,12,128,48,22,59,66,71,27,124,134,61"/><U92/><E114/><V50/><F115/><W135/><G124/><T87/><D126/><U123/><E123/><V19/><F30/><W94/><G113/><T75/><D121/><U35/><E116/><V40/><F40/><W21/><G128/><T100/><D117/><U109/><E1/><V65/><F80/><W108/><G108/><N who="1" m="41578" /><E44/><V91/><F3/><W122/><G122/><T131/><D68/><U2/><E2/><V47/><F13/><W16/><G94/><N who="1" m="36458" /><E96/><V38/><F38/><W127/><G127/><T25/><D131/><U111/><E111/><V51/><F97/><W88/><G88/><T15/><D105/><U70/><E70/><V120/><F91/><W46/><G71/><T129/><D129/><U95/><E95/><V56/><F106/><W84/><G46/><T73/><D73/><U82/><E78/><V36/><F120/><W9/><G84/><T0/><D0/><U67/><E67/><V85/><F85/><W39/><G39/><T10/><D33/><AGARI ba="0,0" hai="33,34,35,62,63,72,76,82" m="36458,41578" machi="33" ten="30,2900,0" yaku="14,1,10,1" doraHai="42" who="1" fromWho="0" sc="211,-29,329,29,230,0,230,0" /><INIT seed="1,1,0,2,5,35" ten="182,358,230,230" oya="1" hai0="131,13,20,57,117,125,78,38,97,11,72,8,24" hai1="80,48,71,60,100,87,124,74,25,59,89,5,40" hai2="122,62,49,43,67,103,30,135,47,32,63,93,76" hai3="116,3,19,21,54,121,26,128,45,70,52,92,65"/><U6/><E124/><V111/><F122/><W101/><G121/><T96/><D125/><U114/><E114/><V113/><F111/><W66/><G128/><T14/><D131/><U82/><E71/><V31/><F135/><W84/><G116/><T36/><D117/><U10/><E100/><V134/><F134/><W33/><G33/><T123/><D123/><U79/><E25/><V88/><F113/><W83/><G3/><T90/><D57/><U86/><E74/><V126/><F126/><W4/><G4/><T94/><D97/><U1/><E6/><V23/><F32/><W115/><G115/><T106/><D106/><U22/><E22/><V44/><F103/><W55/><G45/><BYE who="3" /><T53/><D53/><U77/><E40/><V69/><F76/><W42/><G42/><T104/><D104/><U41/><E41/><V85/><F63/><W16/><G16/><T51/><D51/><U29/><E29/><V132/><F132/><W120/><G120/><T28/><D78/><U18/><E18/><V68/><F68/><W109/><G109/><T112/><D72/><U39/><E39/><V108/><F108/><W105/><G105/><T9/><REACH who="0" step="1"/><D112/><REACH who="0" ten="172,358,230,230" step="2"/><U0/><E48/><V75/><F75/><W102/><G102/><T91/><D91/><U129/><E89/><V130/><F130/><W34/><G34/><T17/><D17/><U27/><E129/><V110/><F110/><W7/><G7/><T37/><AGARI ba="1,1" hai="8,9,11,13,14,20,24,28,36,37,38,90,94,96" machi="37" ten="40,2700,0" yaku="1,1,0,1,53,0" doraHai="35" doraHaiUra="73" who="0" fromWho="0" sc="172,40,358,-14,230,-8,230,-8" /><INIT seed="2,0,0,2,1,84" ten="212,344,222,222" oya="2" hai0="46,23,118,70,101,16,37,114,129,17,27,90,73" hai1="48,10,115,34,87,103,92,61,28,36,131,125,22" hai2="29,14,56,41,9,47,76,99,81,8,124,63,58" hai3="66,127,38,105,93,42,59,110,126,50,31,88,97"/><V121/><F121/><W2/><G2/><T51/><D114/><U15/><E115/><V77/><F124/><W12/><G12/><T44/><D73/><U83/><E125/><V104/><F29/><W32/><G32/><T112/><D112/><U13/><E36/><V24/><F24/><W5/><G5/><T39/><D70/><U49/><E131/><V69/><F69/><W100/><G100/><T74/><D74/><UN n3="%E3%82%A6%E3%83%AB%E3%83%88%E3%83%A9%E7%AB%8B%E7%9B%B4" /><U4/><E34/><V35/><F35/><W80/><G105/><T122/><D129/><U94/><E61/><V123/><F123/><W6/><G6/><T0/><D0/><U111/><E111/><V11/><F14/><W25/><G110/><T19/><D122/><U96/><E94/><V67/><F58/><W85/><G38/><T117/><D101/><U52/><E49/><V109/><F109/><W55/><G42/><T119/><D46/><N who="1" m="27671" /><E13/><V30/><F30/><W78/><REACH who="3" step="1"/><G66/><REACH who="3" ten="212,344,222,212" step="2"/><T107/><D107/><U128/><E128/><V79/><F104/><W132/><G132/><T82/><D39/><U57/><E4/><V72/><F41/><W26/><G26/><T53/><D37/><U116/><E15/><V102/><F67/><W43/><G43/><T120/><D120/><U62/><E103/><V134/><F134/><W71/><G71/><T95/><REACH who="0" step="1"/><D82/><REACH who="0" ten="202,344,222,212" step="2"/><U86/><E83/><V3/><F81/><W98/><G98/><AGARI ba="0,2" hai="16,17,19,23,27,44,51,53,90,95,98,117,118,119" machi="98" ten="40,12000,2" yaku="1,1,2,1,12,1,52,1,54,1,53,1" doraHai="84" doraHaiUra="89" who="0" fromWho="3" sc="202,140,344,0,222,0,212,-120" /><INIT seed="3,0,0,5,1,65" ten="342,344,222,92" oya="3" hai0="104,133,85,15,80,61,0,12,44,101,117,102,134" hai1="86,11,22,95,16,96,132,103,111,84,97,120,24" hai2="129,93,91,60,28,119,50,123,46,130,34,135,33" hai3="25,18,19,62,77,126,14,122,57,5,23,128,87"/><W71/><G122/><T83/><D61/><U125/><E120/><V6/><F123/><W116/><G116/><T31/><D44/><U131/><E111/><V41/><F119/><W121/><G121/><T127/><BYE who="3" /><D31/><U82/><E125/><V3/><F135/><N who="0" m="51722" /><D117/><U67/><E132/><V53/><F6/><W76/><G76/><T100/><D85/><U49/><E131/><N who="2" m="50187" /><F3/><W73/><G73/><T110/><D0/><U112/><E112/><V51/><F60/><W99/><G99/><T70/><D110/><U35/><E67/><V64/><F64/><W45/><G45/><T75/><D75/><U74/><E97/><N who="2" m="57535" /><F28/><W30/><G30/><T1/><D1/><U109/><E109/><V17/><F17/><W47/><G47/><AGARI ba="0,0" hai="33,34,41,46,47,50,51,53" m="57535,50187" machi="47" ten="30,1000,0" yaku="19,1" doraHai="65" who="2" fromWho="3" sc="342,0,344,0,222,10,92,-10" /><INIT seed="4,0,0,0,0,87" ten="342,344,232,82" oya="0" hai0="56,18,33,99,96,74,32,109,66,35,2,107,9" hai1="3,19,45,57,70,10,28,72,106,78,20,102,23" hai2="21,82,116,103,95,22,11,127,132,134,71,58,86" hai3="31,79,84,17,42,101,37,38,7,131,117,54,62"/><T63/><D74/><U53/><E70/><V24/><F71/><W14/><G14/><T94/><D109/><U120/><E120/><V69/><F69/><W92/><G92/><T73/><D73/><U48/><E106/><V118/><F127/><W133/><G133/><N who="2" m="51305" /><F11/><W0/><G0/><T47/><D47/><U97/><E28/><V88/><F58/><W112/><G112/><T89/><D107/><U34/><E34/><V110/><F110/><W61/><G61/><T6/><REACH who="0" step="1"/><D18/><REACH who="0" ten="332,344,232,82" step="2"/><U113/><E19/><N who="2" m="12351" /><F22/><W29/><G29/><T93/><D93/><U43/><E23/><V91/><F103/><W77/><G77/><T130/><D130/><U75/><E20/><V122/><F122/><W40/><G40/><T98/><AGARI ba="0,1" hai="2,6,9,32,33,35,56,63,66,89,94,96,98,99" machi="98" ten="40,7800,0" yaku="1,1,0,1,52,1,53,0" doraHai="87" doraHaiUra="15" who="0" fromWho="0" sc="332,88,344,-26,232,-26,82,-26" /><INIT seed="4,1,0,5,1,89" ten="420,318,206,56" oya="0" hai0="75,9,116,10,77,1,96,91,105,81,103,133,51" hai1="130,119,93,82,33,42,95,113,11,45,110,46,25" hai2="125,71,107,41,73,50,124,61,36,70,66,48,123" hai3="16,43,58,114,52,109,49,39,84,67,6,14,78"/><T118/><D133/><U98/><E110/><V2/><F73/><W134/><G134/><T74/><D74/><U27/><E119/><V55/><F2/><W120/><G120/><T31/><D31/><U7/><E130/><V108/><F107/><W87/><G87/><T20/><D20/><U37/><E113/><V99/><F99/><W40/><G40/><T32/><D32/><UN n3="%E3%82%A6%E3%83%AB%E3%83%88%E3%83%A9%E7%AB%8B%E7%9B%B4" /><U28/><E82/><V72/><F72/><W29/><G109/><T15/><D1/><U83/><E83/><V38/><F108/><W86/><G114/><T121/><D121/><U8/><E98/><V47/><F70/><W57/><G78/><T85/><D51/><U65/><E65/><V126/><REACH who="2" step="1"/><F123/><REACH who="2" ten="420,318,196,56" step="2"/><W18/><G86/><T26/><D26/><U24/><E24/><V135/><F135/><W101/><G84/><T63/><D63/><U60/><E60/><V115/><F115/><W53/><G101/><T122/><D122/><U35/><E27/><V21/><F21/><W23/><G67/><T90/><D9/><U106/><E35/><V94/><F94/><W30/><G6/><N who="0" m="3543" /><D91/><U76/><E106/><V3/><F3/><W19/><G29/><T97/><D97/><U56/><E8/><V131/><F131/><W80/><G30/><T117/><D117/><U79/><E11/><V100/><F100/><W88/><G88/><T22/><D22/><U62/><E33/><V64/><F64/><W54/><G80/><T92/><AGARI ba="1,1" hai="75,77,81,85,90,92,96,103,105,116,118" m="3543" machi="92" ten="30,3000,0" yaku="24,1,52,1" doraHai="89" who="0" fromWho="0" sc="420,43,318,-11,196,-11,56,-11" /><INIT seed="4,2,0,2,5,12" ten="463,307,185,45" oya="0" hai0="8,15,125,16,41,53,4,133,103,113,64,130,102" hai1="73,127,87,134,26,31,98,35,25,65,20,59,110" hai2="117,81,82,93,0,106,9,30,50,88,32,1,46" hai3="44,11,91,60,119,24,55,104,101,92,85,90,52"/><T89/><D125/><U115/><E127/><V76/><F106/><W97/><G119/><T23/><D113/><U84/><E110/><V21/><F32/><W13/><G44/><T126/><D126/><U123/><E123/><V22/><F117/><W49/><G49/><T69/><D130/><U99/><E73/><V80/><F76/><W51/><G51/><T40/><D133/><U54/><E115/><V118/><F118/><W120/><G120/><T68/><D53/><U71/><E134/><V62/><F62/><W77/><G60/><T129/><D129/><U83/><E71/><V37/><F37/><W29/><G90/><T33/><D33/><U18/><E65/><V2/><F9/><W114/><G77/><T19/><D69/><U66/><E87/><V108/><F30/><W121/><G121/><T100/><D68/><U112/><E66/><V94/><F94/><W56/><G56/><T131/><D131/><U75/><E75/><V86/><REACH who="2" step="1"/><F108/><REACH who="2" ten="463,307,175,45" step="2"/><W38/><G38/><T95/><D64/><U34/><E34/><V122/><F122/><W39/><G39/><T124/><D124/><U7/><E112/><V96/><F96/><W5/><G114/><T61/><D61/><U78/><E99/><V135/><F135/><W57/><G57/><T27/><D4/><U116/><E98/><AGARI ba="2,1" hai="8,15,16,19,23,27,40,41,89,95,98,100,102,103" machi="98" ten="40,12000,1" yaku="8,1,52,2,54,1" doraHai="12" who="0" fromWho="1" sc="463,136,307,-126,175,0,45,0" /><INIT seed="4,3,0,4,3,63" ten="599,181,175,45" oya="0" hai0="118,29,9,18,89,56,109,50,119,79,73,57,103" hai1="7,124,42,31,61,26,117,8,108,64,25,94,65" hai2="116,110,107,44,129,68,114,135,81,132,100,47,75" hai3="30,37,10,74,105,82,134,95,126,86,22,101,104"/><T128/><D128/><U60/><E108/><V127/><F110/><W71/><G37/><T40/><D109/><U0/><E117/><V102/><F114/><W33/><G33/><T38/><D38/><U48/><E124/><V111/><F111/><W77/><G71/><T23/><D103/><N who="2" m="39466" /><F107/><N who="3" m="41035" /><G22/><T34/><D89/><U78/><E78/><N who="2" m="44255" /><F127/><W80/><G30/><T90/><D90/><U53/><E94/><V35/><F35/><W113/><G10/><T91/><D91/><U49/><E42/><V32/><F32/><W14/><G14/><T70/><D79/><U6/><E53/><V72/><F72/><W69/><G69/><T97/><D97/><U130/><E130/><V88/><F129/><W11/><G11/><T59/><D73/><U51/><E51/><V28/><F28/><W55/><G55/><T84/><D84/><U76/><E76/><V112/><F112/><W83/><G113/><T15/><D70/><U12/><E8/><V120/><F68/><W13/><G13/><T99/><D99/><U16/><E31/><V24/><F24/><W87/><G126/><T39/><D39/><U122/><E0/><V4/><F4/><W131/><G131/><T115/><D115/><U106/><E12/><V41/><F47/><W27/><G27/><T125/><D125/><U45/><E45/><V96/><F44/><W54/><G74/><T21/><D34/><U5/><E5/><V43/><F43/><W133/><G54/><T3/><D29/><U58/><E7/><V93/><F41/><W123/><G77/><T67/><D40/><U17/><E6/><RYUUKYOKU ba="3,0" sc="599,0,181,0,175,0,45,0" /><INIT seed="5,4,0,4,5,78" ten="599,181,175,45" oya="1" hai0="14,127,26,36,48,72,104,13,23,53,33,68,103" hai1="58,18,37,7,121,24,16,81,135,61,32,118,110" hai2="125,94,83,27,54,123,64,106,84,119,3,88,111" hai3="92,22,41,25,30,65,60,42,101,113,50,102,128"/><U12/><E121/><V59/><F123/><W117/><G117/><T20/><D72/><U17/><E118/><V40/><F119/><W39/><G39/><T116/><D36/><U62/><E37/><V105/><F111/><W46/><G128/><T129/><D127/><U47/><E110/><V38/><F3/><W57/><G113/><T124/><D124/><U130/><E130/><V100/><F125/><W79/><G42/><T120/><D120/><U122/><E122/><V91/><F64/><W51/><G51/><T2/><D68/><U86/><E47/><V74/><F27/><W4/><G4/><T126/><D126/><U108/><E108/><V77/><F100/><W69/><G69/><T80/><D2/><U10/><E135/><V97/><F40/><W29/><G29/><T132/><D104/><U90/><REACH who="1" step="1"/><E58/><REACH who="1" ten="599,171,175,45" step="2"/><V28/><F38/><W35/><G35/><T115/><D132/><U56/><E56/><V0/><F59/><W85/><G79/><T73/><D129/><U67/><E67/><V6/><F77/><W70/><G70/><T11/><D116/><U82/><E82/><V5/><F83/><W95/><G95/><T8/><D115/><U45/><E45/><V43/><F94/><W44/><G44/><T9/><D73/><U19/><E19/><V52/><F74/><W112/><G112/><T21/><D33/><U99/><E99/><V15/><F97/><W133/><G133/><T31/><D80/><U98/><E98/><V87/><F106/><W71/><G71/><T76/><D76/><U107/><E107/><V34/><F105/><RYUUKYOKU ba="4,1" sc="599,-15,171,15,175,-15,45,15" hai1="7,10,12,16,17,18,24,32,61,62,81,86,90" hai3="22,25,30,41,46,50,57,60,65,85,92,101,102" /><INIT seed="5,5,1,0,3,103" ten="584,186,160,60" oya="1" hai0="14,100,80,9,126,73,27,89,112,93,116,121,44" hai1="133,115,64,2,113,49,106,99,129,79,55,78,20" hai2="132,24,101,31,22,52,122,42,57,109,114,62,40" hai3="72,92,68,47,3,16,118,12,50,59,29,102,43"/><U76/><E2/><V124/><F109/><W87/><G72/><T32/><D121/><U51/><E64/><V1/><F122/><W82/><G68/><T88/><D116/><U56/><E129/><V36/><F1/><W21/><G3/><T5/><D44/><U8/><E133/><V23/><F132/><W53/><G118/><T61/><D61/><N who="1" m="35999" /><E20/><V34/><F124/><W11/><G102/><T85/><D126/><U63/><E63/><V69/><F114/><N who="1" m="43529" /><E8/><V74/><F74/><W0/><G92/><T90/><D112/><U117/><E117/><V60/><F69/><W98/><G98/><T18/><D73/><U28/><E28/><V81/><F60/><W10/><G29/><T91/><D100/><AGARI ba="5,1" hai="49,51,76,78,79,99,100,106" m="43529,35999" machi="100" ten="30,2900,0" yaku="15,1,52,1" doraHai="103" who="1" fromWho="0" sc="584,-44,186,54,160,0,60,0" /><INIT seed="5,6,0,2,1,20" ten="540,240,160,60" oya="1" hai0="38,102,118,124,108,30,129,109,33,32,63,41,120" hai1="82,31,53,92,5,51,13,128,87,54,47,111,6" hai2="22,97,27,107,68,16,11,28,34,23,39,127,95" hai3="42,26,18,86,19,8,73,134,123,90,78,59,52"/><U83/><E128/><V1/><F39/><W131/><G123/><T60/><D102/><U133/><E133/><V25/><F107/><W57/><G134/><T121/><D38/><U58/><E111/><N who="0" m="42569" /><D41/><U91/><E31/><V24/><F68/><W15/><G42/><T100/><D100/><U36/><E36/><V50/><F127/><W69/><G69/><T80/><D80/><N who="1" m="30763" /><E13/><V17/><F50/><AGARI ba="6,0" hai="5,6,47,50,51,53,54,58,87,91,92" m="30763" machi="50" ten="30,1500,0" yaku="8,1" doraHai="20" who="1" fromWho="2" sc="540,0,240,33,160,-33,60,0" /><INIT seed="5,7,0,1,4,102" ten="540,273,127,60" oya="1" hai0="38,122,92,68,1,31,17,44,110,53,40,130,63" hai1="134,45,14,67,7,0,127,123,120,72,20,119,84" hai2="93,133,8,113,129,28,100,131,78,98,35,19,29" hai3="103,33,97,5,36,26,50,87,24,12,48,56,3"/><U121/><E119/><V105/><F133/><W117/><G36/><T106/><D110/><U101/><E72/><V32/><F113/><W89/><G117/><T55/><D122/><U125/><E134/><V9/><F78/><W16/><G3/><T10/><D31/><N who="2" m="11850" /><F93/><W25/><G5/><T23/><D92/><U104/><E67/><V37/><F37/><W71/><G71/><T118/><D106/><U39/><E84/><V69/><F69/><W94/><G33/><N who="2" m="12873" /><F19/><W11/><REACH who="3" step="1"/><G56/><REACH who="3" ten="540,273,127,50" step="2"/><T90/><D118/><U91/><E39/><V6/><F6/><W115/><G115/><T80/><D68/><U79/><E7/><V74/><F74/><W15/><G15/><T132/><D132/><U112/><E112/><V57/><F57/><W30/><G30/><T59/><D59/><U108/><E121/><V73/><F73/><W85/><G85/><T65/><D1/><U62/><E120/><V61/><F61/><W66/><G66/><T41/><D65/><U82/><E62/><V34/><F34/><W109/><G109/><T47/><D63/><U42/><E108/><V60/><F60/><W54/><G54/><T107/><D55/><U95/><E123/><V2/><F2/><W77/><G77/><T83/><D53/><U126/><E0/><V114/><F114/><W135/><G135/><T75/><D75/><U124/><E124/><V86/><F86/><W27/><N who="3" m="6656" /><DORA hai="58" /><W4/><G4/><T64/><D64/><U22/><E126/><V13/><F13/><W116/><G116/><T70/><D70/><U81/><E125/><V18/><F18/><RYUUKYOKU ba="7,1" sc="540,-15,273,-15,127,15,50,15" hai2="8,9,98,100,105,129,131" hai3="11,12,16,48,50,87,89,94,97,103" /><INIT seed="6,8,1,2,1,15" ten="525,258,142,65" oya="2" hai0="118,60,109,45,90,0,34,72,14,4,133,119,27" hai1="64,79,39,7,76,48,93,12,63,25,28,88,121" hai2="46,42,80,61,41,102,96,40,19,71,112,135,74" hai3="89,57,124,128,129,24,6,104,82,56,66,97,73"/><V85/><F112/><W55/><G124/><T106/><D72/><U16/><E39/><V43/><F74/><W20/><G6/><T115/><D109/><U99/><E7/><V38/><F135/><W44/><G44/><T32/><D106/><U23/><E48/><V81/><F85/><N who="3" m="50359" /><G73/><T69/><D133/><U78/><E121/><V86/><F86/><W127/><G127/><T3/><D45/><U110/><E110/><V30/><F30/><W94/><G104/><T35/><D90/><U123/><E123/><V26/><F71/><W58/><G66/><T31/><D60/><U37/><E37/><V11/><F61/><N who="3" m="35999" /><G128/><T95/><D95/><U83/><E83/><V91/><F91/><N who="3" m="55519" /><G129/><T47/><D47/><U100/><E100/><V92/><F38/><W132/><G132/><T113/><D69/><U70/><E78/><V9/><F46/><W62/><G62/><T122/><D122/><U116/><E116/><N who="0" m="44585" /><D14/><U77/><E77/><V125/><F125/><W36/><G36/><T117/><D117/><U126/><E126/><V98/><F43/><W68/><G68/><T5/><D5/><U2/><E2/><N who="0" m="553" /><D4/><U18/><E76/><V53/><F42/><W107/><G107/><T51/><D51/><U49/><E49/><V50/><F50/><W21/><G21/><AGARI ba="8,1" hai="21,27,31,32,34,35,113,115" m="553,44585" machi="21" ten="40,5200,0" yaku="12,1,34,2" doraHai="15" who="0" fromWho="3" sc="525,86,258,0,142,0,65,-76" owari="611,71.0,258,6.0,142,-26.0,-11,-51.0" /></mjloggm>