<mjloggm ver="2.3"><GO type="169" lobby="0"/><UN n0="%E6%82%A0%E9%9B%85" n1="%70%61%72%75%6F%31%31" n2="%EF%BC%88%E2%89%A7%E2%96%BD%E2%89%A6%EF%BC%89" n3="%E3%82%A2%E3%83%8B%E3%82%AA%E3%83%B3" dan="16,16,17,16" rate="2076.09,2097.23,2189.45,2079.85" sx="M,M,M,M"/><TAIKYOKU oya="0"/><INIT seed="0,0,0,1,3,67" ten="250,250,250,250" oya="0" hai0="95,74,52,50,3,35,98,92,9,73,46,132,62" hai1="0,29,125,126,44,65,53,116,105,64,78,38,57" hai2="20,8,22,87,30,75,1,131,55,16,15,122,33" hai3="39,4,106,85,37,117,10,26,80,54,5,104,19"/><T91/><D35/><U124/><E105/><V12/><F75/><W102/><G117/><T101/><D132/><U100/><E0/><V59/><F122/><W93/><G54/><T51/><D3/><U41/><E100/><V118/><F118/><W111/><G111/><T121/><D121/><U2/><E2/><V110/><F110/><W127/><G127/><T89/><D101/><U112/><E78/><V119/><F119/><W43/><G43/><T48/><D9/><U63/><E29/><V90/><F131/><W68/><G68/><T86/><D73/><U133/><E116/><V23/><F1/><W47/><G47/><T99/><D74/><U96/><E96/><V84/><F15/><W17/><G93/><T115/><D115/><U61/><E133/><V40/><F40/><W45/><G45/><T60/><D86/><U31/><E31/><V83/><F84/><W77/><G26/><T66/><D60/><N who="1" m="23115" /><E112/><V79/><F79/><W32/><G32/><T114/><D114/><U70/><E70/><AGARI ba="0,0" hai="46,48,50,51,52,62,66,70,89,91,92,95,98,99" machi="70" ten="30,11600,0" yaku="7,1,9,1,52,1,54,1" doraHai="67" who="0" fromWho="1" sc="250,116,250,-116,250,0,250,0" /><INIT seed="0,1,0,3,5,67" ten="366,134,250,250" oya="0" hai0="114,76,121,77,34,20,32,23,5,12,128,96,48" hai1="133,9,123,4,14,36,113,58,108,51,17,88,40" hai2="56,55,134,92,94,49,111,84,122,131,106,53,75" hai3="7,25,22,30,74,129,26,69,44,104,127,37,2"/><T57/><D121/><U115/><E123/><V24/><F106/><W47/><G74/><T15/><D114/><N who="1" m="43531" /><E108/><V120/><F75/><W109/><G104/><T50/><D96/><U1/><E133/><V85/><F111/><W132/><G69/><T100/><D57/><U89/><E36/><V11/><F131/><W66/><G109/><T0/><D128/><U28/><E28/><V93/><F134/><W81/><G129/><T125/><D5/><U8/><E40/><V126/><F126/><W21/><G127/><T31/><D125/><U124/><E124/><V65/><F65/><W61/><G132/><T33/><D31/><U35/><E35/><V68/><F68/><W52/><G37/><T98/><D0/><U110/><E110/><V105/><F105/><W80/><G7/><T107/><D15/><U112/><N who="1" m="43539" /><U54/><AGARI ba="1,0" hai="1,4,8,9,14,17,51,54,58,88,89" m="43539" machi="54" ten="40,5200,0" yaku="4,1,11,1,54,1" doraHai="67" who="1" fromWho="1" sc="366,-27,134,55,250,-14,250,-14" /><INIT seed="1,0,0,3,1,100" ten="339,189,236,236" oya="1" hai0="135,78,121,68,93,91,110,124,115,53,108,109,89" hai1="118,44,29,1,82,32,96,11,87,49,94,132,129" hai2="22,59,43,2,114,35,47,99,52,3,103,75,72" hai3="67,125,85,123,54,23,107,131,84,105,13,116,76"/><U42/><E118/><V31/><F35/><W74/><G123/><T79/><D68/><U38/><E129/><V117/><F117/><W88/><G131/><T130/><D130/><U34/><E132/><V28/><F114/><W27/><G116/><T10/><D115/><U46/><E29/><V112/><F112/><W39/><G39/><T30/><D30/><U36/><E1/><V64/><F64/><W101/><G125/><T70/><D70/><U106/><E11/><V126/><F126/><W41/><G41/><T51/><D124/><U8/><E8/><V25/><F31/><W0/><G0/><T86/><D135/><U61/><E61/><V4/><F4/><W128/><G128/><T12/><D91/><U58/><E58/><V111/><F111/><W133/><G133/><T24/><D24/><U71/><E71/><V113/><F113/><W63/><G27/><T92/><D92/><U127/><E127/><V90/><F90/><W21/><G88/><T66/><D66/><U134/><E134/><V73/><F47/><W37/><G67/><T69/><D69/><U15/><E15/><V5/><F43/><W20/><G13/><T50/><D121/><U55/><E38/><V48/><REACH who="2" step="1"/><F5/><REACH who="2" ten="339,189,226,236" step="2"/><W14/><G101/><T77/><D53/><U57/><E46/><V40/><F40/><W83/><G54/><T80/><D109/><U119/><E119/><V19/><F19/><W9/><G37/><T7/><D108/><U95/><E34/><V33/><F33/><W97/><G76/><N who="0" m="29291" /><D110/><U56/><E32/><V18/><F18/><N who="3" m="8527" /><G74/><N who="0" m="43127" /><D89/><N who="1" m="51447" /><E57/><V102/><F102/><AGARI ba="0,1" hai="36,42,44,49,55,56,94,95,96,102,106" m="51447" machi="102" ten="30,2900,0" yaku="6,1,52,1" doraHai="100" who="1" fromWho="2" sc="339,0,189,39,226,-29,236,0" /><INIT seed="1,1,0,0,2,51" ten="339,228,197,236" oya="1" hai0="63,5,55,1,44,27,74,57,122,92,34,131,25" hai1="48,99,16,0,61,91,41,40,35,82,129,120,75" hai2="107,29,6,4,118,65,9,85,98,78,88,114,87" hai3="50,49,83,26,45,12,30,72,132,113,80,81,42"/><U2/><E120/><V10/><F118/><W37/><G113/><T111/><D74/><U18/><E35/><V19/><F114/><W130/><G130/><T36/><D122/><U79/><E129/><V123/><F123/><W96/><G132/><T97/><D131/><U93/><E61/><V60/><F29/><W66/><G66/><T22/><D34/><U102/><E102/><V13/><F107/><W112/><G112/><T117/><D117/><U94/><E94/><V127/><F127/><W39/><G96/><T135/><D135/><U17/><REACH who="1" step="1"/><E48/><REACH who="1" ten="339,218,197,236" step="2"/><V23/><F60/><W38/><G50/><T89/><D92/><U70/><E70/><V47/><F98/><W115/><G115/><T56/><D63/><U90/><E90/><V109/><F88/><W3/><G49/><T128/><D89/><U69/><E69/><V64/><F78/><W15/><G38/><T24/><D97/><U8/><E8/><V133/><F133/><W77/><G37/><T126/><D36/><U110/><E110/><V46/><F109/><W52/><G77/><T43/><D111/><U95/><E95/><V33/><F33/><W100/><G100/><T31/><D128/><U104/><E104/><V71/><F71/><W62/><G62/><T21/><D126/><U58/><E58/><V108/><F108/><W32/><G32/><T86/><D57/><U73/><E73/><V124/><F124/><W11/><G72/><T134/><D56/><U76/><E76/><V53/><F23/><W103/><G103/><T28/><D134/><U68/><E68/><V125/><F125/><RYUUKYOKU ba="1,1" sc="339,-10,218,30,197,-10,236,-10" hai1="0,2,16,17,18,40,41,75,79,82,91,93,99" /><INIT seed="1,2,1,1,0,100" ten="329,248,187,226" oya="1" hai0="14,94,75,20,44,8,80,9,52,19,104,107,70" hai1="95,121,23,89,99,113,15,60,22,127,123,133,96" hai2="48,41,77,29,50,58,116,28,3,47,103,98,84" hai3="130,120,56,128,27,134,61,37,79,11,2,131,72"/><U31/><E113/><V46/><F3/><W43/><G120/><T82/><D70/><U109/><E127/><V68/><F68/><W32/><G134/><T62/><D8/><U51/><E133/><V111/><F111/><W1/><G43/><T112/><D112/><U88/><E109/><V16/><F116/><W117/><G37/><T106/><D75/><U108/><E108/><V53/><F58/><W73/><G117/><T118/><D118/><U38/><E38/><V86/><F16/><W101/><G101/><T102/><D9/><U87/><E60/><V71/><F71/><W93/><G93/><T26/><D14/><U25/><E51/><V83/><REACH who="2" step="1"/><F84/><REACH who="2" ten="329,248,177,226" step="2"/><W45/><G56/><T5/><D5/><U97/><E123/><V4/><F4/><W69/><G69/><T42/><D62/><U12/><E121/><V55/><F55/><W10/><G1/><T90/><D52/><U35/><E12/><V36/><F36/><W122/><G2/><T17/><D17/><U6/><E6/><V114/><F114/><W92/><G122/><T81/><D102/><U57/><E57/><V135/><F135/><W40/><G130/><T33/><D33/><U129/><E129/><V59/><F59/><W110/><G131/><T0/><D0/><U64/><E15/><V54/><F54/><W66/><G110/><T105/><N who="0" m="26624" /><DORA hai="13" /><T65/><D65/><U34/><E64/><V78/><F78/><W18/><G79/><T126/><D126/><U76/><E76/><V119/><F119/><W74/><G66/><T132/><D132/><U39/><E35/><RYUUKYOKU ba="2,2" sc="329,-10,248,-10,177,30,226,-10" hai2="28,29,41,46,47,48,50,53,77,83,86,98,103" /><INIT seed="2,3,2,0,5,28" ten="319,238,207,216" oya="2" hai0="90,5,25,45,124,109,75,67,100,114,38,107,19" hai1="4,41,105,68,47,63,31,89,88,126,113,129,77" hai2="59,99,51,108,58,74,18,132,76,30,81,123,56" hai3="1,11,53,73,64,40,16,26,48,83,101,14,71"/><V86/><F123/><W20/><G101/><T62/><D75/><U131/><E113/><V78/><F132/><W87/><G73/><T122/><D114/><U135/><E135/><V0/><F0/><W134/><G134/><T23/><D122/><U8/><E105/><V69/><F69/><W104/><G104/><T130/><D130/><N who="1" m="49675" /><E126/><V33/><F108/><W84/><G1/><T72/><D124/><U52/><E77/><V133/><F133/><W120/><G120/><T2/><D72/><U35/><E35/><V85/><F78/><N who="3" m="46199" /><G71/><T57/><D109/><U95/><E31/><V7/><F7/><N who="3" m="3455" /><G64/><T121/><D121/><U46/><E68/><V29/><F99/><W103/><G103/><T60/><D5/><U79/><E79/><V110/><F110/><W49/><G87/><T6/><D6/><U43/><E43/><V111/><F111/><W115/><G115/><T34/><D2/><N who="1" m="23" /><E41/><V17/><F30/><W91/><G40/><T125/><D34/><U119/><E119/><V118/><F118/><W36/><G36/><T112/><D112/><U106/><E106/><V10/><F74/><W127/><G127/><T3/><D125/><U117/><E117/><V22/><F33/><W96/><G53/><T27/><D107/><U50/><E46/><V92/><F29/><W37/><G37/><T12/><D38/><U97/><E63/><V93/><F86/><W44/><G44/><T116/><D45/><U9/><E9/><V98/><F98/><W65/><G65/><T13/><D116/><U80/><E89/><V70/><F70/><W42/><G42/><RYUUKYOKU ba="3,2" sc="319,-15,238,15,207,-15,216,15" hai1="47,50,52,80,88,95,97" hai3="16,20,26,48,49,91,96" /><INIT seed="3,4,2,4,4,53" ten="304,253,192,231" oya="3" hai0="74,124,133,103,57,4,26,43,40,68,18,27,102" hai1="9,134,50,31,1,86,106,127,63,93,73,28,100" hai2="110,62,12,99,15,58,46,60,94,88,19,67,79" hai3="132,101,81,30,96,48,54,8,45,121,47,14,114"/><W98/><G121/><T34/><D68/><U128/><E73/><V105/><F110/><W92/><G114/><T84/><D74/><U33/><E106/><V21/><F105/><W17/><G132/><T112/><D4/><U0/><E33/><V23/><F79/><W49/><G30/><T97/><D133/><U42/><E134/><V39/><F39/><W109/><G109/><T56/><D112/><U117/><E0/><V69/><F46/><W5/><G81/><T38/><D38/><U90/><E127/><V22/><REACH who="2" step="1"/><F12/><REACH who="2" ten="304,253,182,231" step="2"/><W24/><G24/><T44/><D27/><U52/><E1/><V108/><F108/><W116/><G116/><T10/><D26/><U125/><E117/><V61/><F61/><W129/><G129/><T29/><D124/><U70/><E125/><V66/><AGARI ba="4,3" hai="15,19,21,22,23,58,60,62,66,67,69,88,94,99" machi="66" ten="20,12000,2" yaku="1,1,0,1,7,1,52,1,54,1,53,1" doraHai="53" doraHaiUra="64" who="2" fromWho="2" sc="304,-34,253,-34,182,162,231,-64" /><INIT seed="4,0,0,3,0,106" ten="270,219,344,167" oya="0" hai0="31,100,90,10,69,75,58,98,74,23,53,119,103" hai1="93,48,79,45,83,87,70,129,86,32,92,14,20" hai2="5,133,2,102,34,77,37,131,95,25,56,101,80" hai3="120,40,8,18,126,117,116,27,59,19,60,49,115"/><T64/><D119/><U78/><E70/><V54/><F37/><W3/><G120/><T13/><D69/><U67/><E32/><V105/><F105/><W35/><G115/><T96/><D64/><U125/><E67/><V11/><F131/><W61/><G126/><T12/><D90/><U46/><E125/><V55/><F133/><W24/><G40/><T104/><D12/><U109/><E109/><V94/><F94/><W17/><G49/><T63/><D23/><U84/><E129/><V72/><F95/><N who="1" m="36425" /><E83/><V122/><F122/><W28/><G8/><T51/><D31/><U124/><E124/><V33/><F55/><W99/><G99/><T71/><D71/><U7/><E46/><V91/><F91/><W29/><G3/><T76/><D76/><N who="1" m="29227" /><E20/><V108/><F108/><W47/><G47/><T39/><D39/><U0/><E0/><V73/><F73/><W132/><G132/><T110/><D110/><U121/><E121/><V26/><F34/><W65/><REACH who="3" step="1"/><G61/><REACH who="3" ten="270,219,344,157" step="2"/><T123/><D123/><U118/><E118/><V135/><F135/><W134/><G134/><T88/><D96/><U82/><E48/><V127/><F127/><W30/><G30/><T107/><D51/><U1/><E1/><V128/><F128/><W57/><G57/><T42/><D42/><U36/><E45/><V111/><F111/><W43/><G43/><T6/><D63/><U9/><E36/><V50/><F101/><W22/><AGARI ba="0,1" hai="17,18,19,22,24,27,28,29,35,59,60,65,116,117" machi="22" ten="30,7900,0" yaku="1,1,0,1,53,2" doraHai="106" doraHaiUra="21" who="3" fromWho="3" sc="270,-39,219,-20,344,-20,157,89" /><INIT seed="5,0,0,0,0,129" ten="231,199,324,246" oya="1" hai0="92,40,116,58,51,26,52,32,95,18,5,0,59" hai1="131,87,38,104,89,70,119,102,83,109,98,4,61" hai2="84,132,118,100,112,33,28,14,22,71,62,94,27" hai3="34,53,36,82,91,103,86,50,134,90,29,57,96"/><U117/><E131/><V35/><F118/><W17/><G36/><T47/><D116/><U1/><E38/><V7/><F112/><W99/><G99/><T31/><D58/><U108/><E1/><V106/><F106/><W128/><G128/><T37/><D0/><U64/><REACH who="1" step="1"/><E4/><REACH who="1" ten="231,189,324,246" step="2"/><V78/><F7/><W67/><G17/><T19/><D5/><U72/><E72/><V76/><F28/><W93/><G29/><T101/><D19/><U97/><E97/><V3/><F3/><W45/><G96/><T120/><D120/><U41/><E41/><V30/><F30/><W68/><G34/><T111/><D111/><AGARI ba="0,1" hai="61,64,70,83,87,89,98,102,104,108,109,111,117,119" machi="111" ten="40,7700,0" yaku="1,1,10,1,53,1" doraHai="129" doraHaiUra="63" who="1" fromWho="0" sc="231,-77,189,87,324,0,246,0" /><INIT seed="5,1,0,5,2,33" ten="154,276,324,246" oya="1" hai0="101,59,133,51,76,108,55,7,17,64,78,2,75" hai1="70,53,13,0,125,19,121,118,35,116,11,72,99" hai2="16,98,47,63,105,15,87,18,6,23,48,77,71" hai3="88,127,89,122,60,10,30,65,109,124,128,29,82"/><U45/><E121/><V34/><F34/><W74/><G122/><T20/><D108/><U66/><E72/><V81/><F105/><W31/><G109/><T52/><D133/><U28/><E125/><N who="3" m="48202" /><G128/><T103/><D64/><U100/><E0/><V106/><F106/><W43/><G43/><T25/><D75/><U22/><E35/><V40/><F98/><W92/><G10/><T50/><D7/><U61/><E28/><V112/><F112/><W57/><G92/><T21/><D2/><U46/><E22/><V37/><F37/><W104/><G104/><T56/><D20/><U135/><E135/><V3/><F3/><W93/><G93/><T1/><D1/><U114/><E114/><V62/><F71/><W129/><G129/><T41/><D41/><U110/><E110/><V95/><F95/><W94/><G94/><T79/><AGARI ba="1,0" hai="17,21,25,50,51,52,55,56,59,76,78,79,101,103" machi="79" ten="30,7900,0" yaku="0,1,9,1,8,1,54,1" doraHai="33" who="0" fromWho="0" sc="154,82,276,-40,324,-21,246,-21" /><INIT seed="6,0,0,1,3,3" ten="236,236,303,225" oya="2" hai0="124,52,18,56,64,76,5,43,115,71,36,73,60" hai1="50,4,128,17,37,34,72,26,106,109,105,67,1" hai2="75,102,16,59,87,8,91,126,77,63,66,41,10" hai3="93,70,58,40,11,12,19,68,54,111,90,0,53"/><V125/><F102/><W42/><G111/><T32/><D32/><U133/><E37/><V9/><F41/><W118/><G118/><T97/><D124/><N who="2" m="47722" /><F75/><W104/><G104/><T110/><D110/><U6/><E109/><V7/><F77/><W96/><G54/><T100/><D115/><U46/><E72/><V30/><F30/><W114/><G114/><T29/><D29/><U129/><E67/><V24/><F24/><W127/><G127/><T15/><D76/><U98/><E133/><V78/><F16/><W82/><G82/><T130/><D73/><U39/><E39/><V14/><F78/><W117/><G117/><T35/><D35/><U31/><E106/><V74/><F74/><W135/><G135/><T131/><D36/><U85/><E17/><V33/><F33/><W27/><G27/><T65/><D43/><U13/><E26/><V94/><AGARI ba="0,0" hai="7,8,9,10,14,59,63,66,87,91,94" m="47722" machi="94" ten="30,3000,0" yaku="18,1,52,1" doraHai="3" who="2" fromWho="2" sc="236,-10,236,-10,303,30,225,-10" /><INIT seed="6,1,0,4,1,42" ten="226,226,333,215" oya="2" hai0="31,58,61,91,110,104,40,51,66,93,6,3,86" hai1="74,43,85,22,123,67,4,16,109,95,129,14,47" hai2="105,37,111,94,112,19,2,80,55,39,70,12,0" hai3="120,54,65,121,99,28,98,49,33,75,124,23,9"/><V69/><F105/><W134/><G75/><T62/><D104/><U79/><E109/><V36/><F112/><W52/><G33/><T50/><D110/><U53/><E74/><V63/><F111/><W84/><G65/><T107/><D107/><U122/><E129/><V108/><F108/><W73/><G73/><T46/><D31/><U115/><E115/><V113/><F113/><W68/><G68/><T126/><D126/><U118/><E118/><V45/><F80/><W88/><G124/><T83/><D3/><U48/><E67/><V15/><F94/><W130/><G130/><T117/><D6/><U34/><E34/><V119/><F119/><W24/><G134/><T114/><D114/><U5/><E79/><V29/><F29/><W103/><G9/><T38/><D117/><U10/><E53/><N who="3" m="20586" /><G121/><N who="1" m="46090" /><E10/><V128/><F128/><W96/><G120/><T7/><D7/><U59/><E59/><V32/><F32/><W71/><G71/><T90/><D62/><U127/><E127/><V77/><F77/><W60/><G60/><T102/><D102/><U72/><E72/><V97/><F69/><W20/><G20/><T78/><D78/><U133/><E133/><V89/><F70/><W92/><G49/><T44/><D44/><U41/><E41/><V135/><F135/><W18/><G28/><T116/><D116/><U13/><E13/><V132/><F132/><W56/><G56/><T64/><D64/><U81/><E81/><AGARI ba="1,0" hai="18,23,24,81,84,88,92,96,98,99,103" m="20586" machi="81" ten="30,3900,0" yaku="8,1,54,2" doraHai="42" who="3" fromWho="1" sc="226,0,226,-42,333,0,215,42" /><INIT seed="7,0,0,3,1,11" ten="226,184,333,257" oya="3" hai0="52,75,90,49,63,55,124,133,113,82,72,103,44" hai1="96,83,86,84,21,15,71,1,93,43,127,131,28" hai2="121,128,117,70,39,126,104,79,48,94,62,30,50" hai3="7,2,46,95,35,16,109,0,51,25,118,57,66"/><W99/><G118/><T73/><D124/><U9/><E1/><V88/><F104/><W27/><G109/><T115/><D133/><U92/><E71/><V29/><F39/><W19/><G35/><T135/><D135/><U130/><E127/><V18/><F117/><W38/><G38/><T41/><D103/><U20/><E43/><V87/><F126/><W106/><G106/><T6/><D6/><U69/><E69/><V4/><F121/><W107/><G107/><T114/><D63/><U47/><E47/><V67/><F128/><W32/><G32/><T58/><D58/><U134/><E134/><V3/><F3/><W74/><G74/><T33/><D33/><U64/><E64/><V40/><F4/><W111/><G7/><T123/><D123/><U61/><E61/><V23/><F79/><W56/><G2/><T42/><D42/><U85/><E83/><V34/><F34/><W77/><G77/><T116/><D116/><U105/><E105/><V14/><F40/><N who="3" m="25031" /><G0/><T59/><D59/><N who="3" m="22601" /><G66/><T37/><D37/><U129/><E28/><V89/><F30/><W100/><G111/><T65/><D65/><U45/><E45/><V53/><F29/><W78/><G78/><T5/><D5/><N who="1" m="3503" /><E93/><N who="2" m="54431" /><F53/><W54/><G54/><T112/><N who="0" m="28672" /><DORA hai="97" /><T31/><D31/><U17/><E17/><AGARI ba="0,0" hai="16,17,19,25,27,95,99,100" m="22601,25031" machi="17" ten="30,5800,0" yaku="8,1,52,1,54,1" doraHai="11,97" who="3" fromWho="1" sc="226,0,184,-58,333,0,257,58" /><INIT seed="7,1,0,1,4,101" ten="226,126,333,315" oya="3" hai0="10,103,82,53,37,52,112,42,47,121,29,95,79" hai1="63,17,22,18,76,102,117,16,85,132,93,87,67" hai2="39,6,26,59,24,83,2,5,45,30,128,70,100" hai3="69,14,131,130,8,133,28,77,41,35,89,114,20"/><W40/><G114/><T57/><D112/><U99/><E117/><V27/><F70/><W21/><G69/><T32/><D121/><U107/><E132/><V38/><F128/><N who="3" m="49195" /><G133/><T3/><D32/><U135/><E135/><V118/><F118/><W96/><G77/><T68/><D68/><U74/><E22/><N who="3" m="8810" /><G28/><T108/><D108/><U124/><E124/><V75/><F30/><W58/><G58/><T64/><D64/><U34/><E34/><V81/><F75/><W48/><G48/><T134/><D29/><U61/><E93/><V126/><F126/><W106/><G35/><T86/><D134/><U13/><E13/><V50/><F100/><N who="3" m="62727" /><G89/><T80/><D80/><N who="2" m="30794" /><F39/><W113/><G113/><T127/><D127/><U23/><E23/><V49/><F2/><W94/><G94/><T4/><D57/><U31/><E31/><V11/><F38/><W54/><G54/><T109/><D95/><U84/><REACH who="1" step="1"/><E67/><REACH who="1" ten="226,116,333,315" step="2"/><V125/><F125/><W55/><G55/><N who="0" m="21067" /><D3/><U110/><E110/><V78/><F11/><W72/><G72/><T36/><D109/><U92/><E92/><V44/><F27/><W33/><G33/><T56/><D10/><U1/><E1/><V97/><F24/><W91/><G91/><T25/><D25/><U9/><E9/><V66/><F26/><W71/><G71/><T123/><D79/><U120/><E120/><V90/><F78/><W60/><G60/><T129/><D123/><U119/><E119/><V51/><F90/><W104/><G104/><T12/><D129/><U122/><E122/><V65/><F65/><W105/><G105/><RYUUKYOKU ba="1,1" sc="226,-15,116,15,333,-15,315,15" hai1="16,17,18,61,63,74,76,84,85,87,99,102,107" hai3="8,14,40,41" owari="211,-19.0,131,-37.0,318,12.0,340,44.0" /></mjloggm>