<mjloggm ver="2.3"><GO type="65"/><UN n0="%E3%82%BF%E3%82%AC%E3%82%BF%E3%83%A1%EF%BC%81" n1="%E3%81%B3%E3%81%B5%E3%81%81%E3%82%8B" n2="%E3%80%93%E9%9B%80%EF%BC%A3%E3%80%93" n3="%EF%BC%88%E2%89%A7%E2%96%BD%E2%89%A6%EF%BC%89" dan="4,0,8,8" rate="1579,1502,1863,1808" sx="M,M,M,M"/><TAIKYOKU oya="0"/><INIT seed="0,0,0,3,0,44" ten="250,250,250,250" oya="0" hai0="130,129,3,25,116,24,122,22,96,12,85,107,48" hai1="41,113,4,114,109,95,9,43,33,87,61,103,88" hai2="57,75,126,30,67,66,15,100,28,101,58,32,53" hai3="60,65,73,115,94,21,5,81,77,112,38,104,7"/><T27/><D116/><U71/><E33/><V105/><F126/><W26/><G104/><T23/><D122/><U11/><E103/><N who="2" m="39499" /><F105/><W8/><G94/><T59/><D3/><U68/><E109/><V123/><F75/><W84/><G38/><T102/><D85/><U37/><E37/><V69/><F69/><N who="1" m="26697" /><E61/><N who="2" m="38191" /><F67/><W125/><G125/><T13/><D13/><N who="1" m="5287" /><E11/><V54/><F32/><W47/><G5/><T76/><D76/><U99/><E99/><V34/><F34/><W39/><G73/><T127/><D127/><U62/><E62/><N who="2" m="36175" /><F123/><W40/><G60/><T55/><REACH who="0" step="1"/><D12/><REACH who="0" step="2"/><U16/><E16/><V72/><F72/><W131/><G131/><AGARI ba="0,1" hai="22,23,24,25,27,48,55,59,96,102,107,129,130,131" machi="131" ten="40,12000,1" yaku="1,1,2,1,19,1,52,1,53,0" doraHai="44" doraHaiUra="10" who="0" fromWho="3" sc="240,130,250,0,250,0,250,-120" /><INIT seed="0,1,0,1,0,128" ten="370,250,250,130" oya="0" hai0="86,41,129,113,45,77,90,8,18,39,37,58,120" hai1="29,53,23,109,27,9,35,22,69,7,135,130,134" hai2="12,42,19,15,85,59,52,28,104,48,78,92,70" hai3="98,76,1,75,116,26,125,11,13,117,21,115,38"/><T95/><D113/><U83/><E69/><V66/><F104/><W49/><G115/><T5/><D120/><U108/><E130/><V16/><F28/><W68/><G125/><T65/><D18/><N who="2" m="6698" /><F70/><W127/><G68/><T91/><D77/><U123/><E53/><V54/><F66/><W89/><G38/><T93/><D129/><U32/><E83/><N who="2" m="47351" /><F42/><W67/><G127/><T57/><D65/><U126/><E123/><V31/><F31/><W114/><G1/><T61/><D39/><U105/><E105/><V88/><F54/><W82/><G114/><T100/><D100/><U25/><E126/><V72/><F72/><W20/><G67/><T63/><D63/><U106/><E106/><V94/><F94/><W73/><G73/><T84/><REACH who="0" step="1"/><D61/><REACH who="0" step="2"/><U47/><E47/><V50/><F50/><W124/><G49/><T34/><D34/><N who="1" m="12843" /><E27/><V10/><F10/><W121/><G124/><T60/><D60/><U102/><E102/><V44/><F44/><W107/><G107/><T71/><D71/><U64/><E64/><V133/><F133/><N who="1" m="50697" /><E23/><V87/><AGARI ba="1,1" hai="12,15,48,52,59,87,88,92" m="47351,6698" machi="87" ten="30,7900,0" yaku="8,1,54,3" doraHai="128" who="2" fromWho="2" sc="360,-40,250,-21,250,92,130,-21" /><INIT seed="1,0,0,4,5,125" ten="320,229,342,109" oya="1" hai0="1,120,42,33,99,106,18,102,25,84,16,32,88" hai1="101,90,29,110,128,105,47,118,35,21,11,131,67" hai2="103,66,116,123,20,2,107,115,0,72,82,63,75" hai3="8,98,112,117,54,39,124,30,73,45,40,9,24"/><U85/><E118/><V87/><F123/><W60/><G117/><T15/><D1/><U92/><E35/><V65/><F116/><W70/><G112/><T132/><D132/><U135/><E135/><V62/><F115/><W129/><G124/><T69/><D69/><U49/><E110/><V109/><F109/><W86/><G73/><T31/><D32/><U58/><E11/><V6/><F6/><W114/><G114/><T56/><D18/><U3/><E3/><V133/><F133/><W89/><G129/><N who="1" m="49738" /><E101/><V46/><F46/><W55/><G98/><T57/><D42/><U5/><E105/><V64/><F0/><W74/><G74/><T134/><D120/><U22/><E5/><V4/><F2/><W79/><G79/><T68/><D68/><U94/><E94/><V13/><F4/><W53/><G60/><T77/><D77/><U104/><E104/><V43/><F62/><W59/><G70/><T71/><D71/><U17/><E29/><V27/><F107/><W113/><G59/><T37/><D37/><U91/><E91/><V80/><F103/><W12/><G113/><T34/><D34/><U76/><E76/><V51/><F72/><W100/><G100/><T121/><D121/><U48/><E48/><V10/><F75/><W130/><G130/><T44/><D44/><U28/><E28/><V119/><F51/><W38/><G38/><T127/><D127/><U95/><E95/><V93/><F119/><W122/><G122/><T26/><D26/><U19/><E67/><V61/><F66/><W126/><G126/><T78/><D78/><RYUUKYOKU ba="0,0" sc="320,0,229,0,342,0,109,0" /><INIT seed="2,1,0,4,3,50" ten="320,229,342,109" oya="2" hai0="31,27,41,20,16,81,17,57,107,9,75,130,4" hai1="116,133,88,125,56,63,12,127,26,73,102,135,22" hai2="21,72,91,3,35,134,97,92,19,132,104,111,74" hai3="5,42,82,49,30,29,131,117,2,54,60,47,38"/><V58/><F111/><W83/><G117/><T7/><D130/><U67/><E73/><V23/><F35/><W129/><G60/><T128/><D128/><N who="3" m="49225" /><G2/><T18/><D107/><U119/><E102/><N who="2" m="62543" /><F3/><W84/><G5/><T51/><D4/><U90/><E12/><V77/><F77/><N who="3" m="46159" /><G83/><T100/><D100/><U13/><E13/><V79/><F79/><W95/><G95/><T124/><D124/><N who="1" m="47691" /><E119/><V11/><F92/><W108/><G108/><T106/><D106/><U80/><E116/><V105/><F74/><W46/><AGARI ba="1,0" hai="29,30,38,42,46,47,49,54" m="46159,49225" machi="46" ten="30,2000,0" yaku="19,1,52,1" doraHai="50" who="3" fromWho="3" sc="320,-6,229,-6,342,-11,109,23" /><INIT seed="3,0,0,1,1,72" ten="314,223,331,132" oya="3" hai0="87,127,55,2,24,101,56,91,15,96,74,129,4" hai1="66,40,52,84,62,118,79,123,54,17,134,111,57" hai2="124,32,26,42,125,11,120,110,99,9,93,5,81" hai3="113,27,119,30,108,51,6,78,116,31,107,50,10"/><W14/><G113/><T39/><D39/><U36/><E123/><V112/><F110/><W132/><G108/><T1/><D129/><U103/><E103/><N who="2" m="60911" /><F112/><W77/><G107/><T21/><D74/><U22/><E111/><V75/><F120/><W68/><G68/><T104/><D127/><N who="2" m="48714" /><F42/><W44/><G132/><T83/><D4/><U80/><E134/><V100/><F100/><W13/><G119/><T121/><D15/><U67/><E118/><V41/><F41/><N who="3" m="24847" /><G116/><T18/><D121/><U64/><E40/><V92/><F92/><W63/><G63/><T85/><REACH who="0" step="1"/><D85/><REACH who="0" step="2"/><U73/><E36/><V98/><F98/><W135/><G135/><T95/><D95/><U35/><E73/><V3/><F3/><W19/><G51/><AGARI ba="0,1" hai="1,2,18,21,24,51,55,56,83,87,91,96,101,104" machi="51" ten="30,3900,0" yaku="1,1,7,1,53,1" doraHai="72" doraHaiUra="94" who="0" fromWho="3" sc="304,49,223,0,331,0,132,-39" owari="353,46,223,-18,331,13,93,-41" /></mjloggm>