<mjloggm ver="2.3"><GO type="169"/><UN n0="%EF%BC%88%E2%89%A7%E2%96%BD%E2%89%A6%EF%BC%89" n1="%E7%A8%9C%E7%B7%9A%E8%A1%8C" n2="%E3%81%93%E3%81%BE%E3%81%A3%E3%81%95%E3%82%93" n3="%E6%94%B9%E6%82%9B%E4%B8%80%E5%8F%B7" dan="18,16,16,17" rate="2225,2067,2055,2149" sx="M,M,M,M"/><TAIKYOKU oya="0"/><INIT seed="0,0,0,5,4,112" ten="250,250,250,250" oya="0" hai0="48,84,78,25,90,99,40,43,34,58,106,80,18" hai1="31,60,122,82,29,66,44,135,8,36,101,129,30" hai2="98,26,9,14,22,77,68,70,127,92,85,35,16" hai3="20,56,121,95,0,81,4,87,73,10,61,12,74"/><T114/><D114/><U123/><E129/><V2/><F127/><W105/><G105/><T32/><D32/><U47/><E135/><V131/><F131/><W63/><G121/><T93/><D106/><U51/><E101/><V124/><F124/><W111/><G111/><T38/><D38/><U86/><E36/><V91/><F77/><W45/><G95/><T100/><D100/><U53/><E47/><V19/><F19/><W132/><G132/><T46/><D58/><U110/><E110/><V126/><F126/><W120/><G120/><T54/><REACH who="0" step="1"/><D34/><REACH who="0" ten="240,250,250,250" step="2"/><U134/><E134/><V64/><F64/><W75/><G56/><T94/><D94/><U6/><E122/><V42/><F35/><W108/><G108/><T97/><D97/><U1/><E123/><V23/><F98/><W5/><G45/><T130/><D130/><U27/><E82/><V133/><F133/><W15/><G81/><T104/><D104/><U102/><E102/><V67/><F67/><W13/><G5/><T128/><D128/><U71/><REACH who="1" step="1"/><E86/><REACH who="1" ten="240,240,250,250" step="2"/><V117/><F85/><W37/><G87/><T65/><D65/><U50/><E50/><V21/><F92/><W49/><G37/><T125/><D125/><U115/><E115/><V76/><F70/><W109/><G49/><T116/><D116/><U103/><E103/><V11/><F117/><W118/><G109/><T89/><D89/><U59/><E59/><V79/><F68/><W119/><G118/><T113/><D113/><U88/><E88/><V33/><F91/><W55/><G119/><T3/><D3/><U7/><E7/><RYUUKYOKU ba="0,2" sc="240,15,240,15,250,-15,250,-15" hai0="18,25,40,43,46,48,54,78,80,84,90,93,99" hai1="1,6,8,27,29,30,31,44,51,53,60,66,71" /><INIT seed="0,1,2,5,5,133" ten="255,255,235,235" oya="0" hai0="63,16,46,51,34,96,122,71,19,114,103,78,7" hai1="121,124,50,126,35,17,49,45,85,48,41,25,52" hai2="56,65,109,47,80,12,82,104,128,26,21,2,115" hai3="32,77,111,6,130,101,23,86,93,29,59,92,134"/><T119/><D122/><U73/><E73/><V100/><F2/><W36/><G32/><T62/><D114/><U54/><E121/><V4/><F115/><W39/><G134/><T91/><D119/><U53/><E85/><V30/><F104/><W94/><G111/><T13/><D34/><U33/><E17/><V42/><F109/><W14/><G130/><T99/><D78/><U43/><E35/><V120/><F120/><W90/><G77/><T1/><D1/><U105/><E105/><V67/><F100/><W112/><G112/><T5/><D91/><U40/><E25/><V125/><F128/><W15/><G59/><T20/><D19/><U24/><E24/><V38/><F56/><W117/><G117/><T107/><D96/><U116/><E33/><V22/><F82/><W58/><G58/><T95/><D107/><U135/><E116/><V10/><F80/><W113/><G113/><T129/><D129/><U84/><E84/><V127/><REACH who="2" step="1"/><F22/><REACH who="2" ten="255,255,225,235" step="2"/><W106/><G23/><T9/><D71/><U102/><E102/><V83/><F83/><W75/><G101/><T87/><D20/><U28/><E135/><V66/><AGARI ba="1,3" hai="4,10,12,21,26,30,38,42,47,65,66,67,125,127" machi="66" ten="30,7900,0" yaku="1,1,0,1,52,2,53,0" doraHai="133" doraHaiUra="131" who="2" fromWho="2" sc="255,-40,255,-21,225,112,235,-21" /><INIT seed="1,0,0,5,4,65" ten="215,234,337,214" oya="1" hai0="41,92,32,17,80,12,60,56,48,58,29,1,31" hai1="95,132,67,19,22,74,7,70,116,73,23,6,130" hai2="38,134,121,53,122,50,99,97,45,105,86,25,61" hai3="98,101,9,123,28,52,135,16,18,55,109,114,64"/><U87/><E116/><V88/><F134/><W30/><G114/><T20/><D1/><U124/><E132/><V62/><F38/><W78/><G123/><T91/><D80/><U108/><E130/><V102/><F99/><W47/><G135/><T119/><D119/><U126/><E108/><V13/><F62/><W90/><G109/><T10/><D32/><U42/><E42/><V110/><F110/><W57/><G78/><T24/><D31/><N who="3" m="11817" /><G101/><T33/><D33/><U83/><E95/><V44/><F25/><W2/><G2/><T46/><REACH who="0" step="1"/><D60/><REACH who="0" ten="205,234,337,214" step="2"/><N who="1" m="40295" /><E73/><V120/><F61/><N who="3" m="37935" /><G9/><T5/><D5/><U35/><E74/><V37/><F122/><W11/><G11/><T128/><D128/><U103/><E35/><V39/><F121/><W59/><G47/><T3/><D3/><U100/><E7/><V85/><F120/><W107/><G107/><T14/><D14/><N who="1" m="9591" /><E6/><V49/><F13/><W111/><G111/><T81/><D81/><U131/><E131/><V4/><F4/><W21/><G21/><T40/><D40/><U68/><E23/><V129/><F129/><W76/><G76/><T84/><AGARI ba="0,1" hai="10,12,17,20,24,29,41,46,48,56,58,84,91,92" machi="84" ten="20,5200,0" yaku="1,1,0,1,7,1,8,1,53,0" doraHai="65" doraHaiUra="118" who="0" fromWho="0" sc="205,62,234,-26,337,-13,214,-13" /><INIT seed="2,0,0,4,2,35" ten="267,208,324,201" oya="2" hai0="26,49,65,61,96,10,110,46,15,18,41,30,25" hai1="67,106,23,104,82,129,69,4,16,113,21,123,121" hai2="42,17,5,20,131,102,37,27,122,109,107,74,108" hai3="91,40,56,19,84,124,0,85,6,57,100,58,32"/><V62/><F122/><N who="1" m="46601" /><E113/><V1/><F74/><W103/><G32/><T52/><D110/><N who="2" m="42602" /><F131/><W79/><G124/><T98/><D41/><U9/><E129/><V48/><F37/><W118/><G118/><T38/><D38/><U12/><E82/><V68/><F102/><W94/><G40/><T76/><D76/><U127/><E127/><V89/><F107/><N who="1" m="41001" /><E67/><V132/><F132/><W133/><G133/><T39/><D39/><U95/><E69/><V45/><F89/><W60/><G60/><T134/><D134/><U128/><E128/><V92/><F92/><W28/><G28/><T97/><REACH who="0" step="1"/><D30/><REACH who="0" ten="257,208,324,201" step="2"/><U34/><E34/><V51/><F42/><W7/><G79/><T2/><D2/><N who="1" m="151" /><E95/><V50/><F45/><W24/><G0/><T114/><D114/><U59/><E59/><AGARI ba="0,1" hai="10,15,18,25,26,46,49,52,59,61,65,96,97,98" machi="59" ten="40,5200,0" yaku="1,1,8,1,54,1,53,0" doraHai="35" doraHaiUra="29" who="0" fromWho="1" sc="257,62,208,-52,324,0,201,0" /><INIT seed="3,0,0,3,2,33" ten="319,156,324,201" oya="3" hai0="71,3,110,16,56,35,19,81,11,99,120,119,42" hai1="52,89,44,94,55,92,121,36,34,41,93,63,127" hai2="129,128,85,31,4,45,134,122,108,105,48,88,103" hai3="39,57,51,107,37,13,58,60,76,38,8,70,64"/><W15/><G107/><T43/><D71/><U95/><E121/><V83/><F31/><W86/><G51/><T25/><D119/><U124/><E34/><V123/><F4/><W66/><G66/><T18/><D120/><N who="2" m="46122" /><F48/><W130/><G130/><N who="2" m="50281" /><F45/><W7/><REACH who="3" step="1"/><G15/><REACH who="3" ten="319,156,324,191" step="2"/><T53/><D43/><U126/><REACH who="1" step="1"/><E63/><REACH who="1" ten="319,146,324,191" step="2"/><V112/><F112/><W132/><G132/><T61/><D61/><U77/><E77/><V21/><F134/><W46/><G46/><T62/><D62/><U26/><E26/><V22/><F105/><W5/><G5/><T59/><D25/><U14/><E14/><V106/><F106/><W32/><G32/><T111/><D35/><U82/><E82/><AGARI ba="0,2" hai="7,8,13,37,38,39,57,58,60,64,70,76,82,86" machi="82" ten="40,2000,0" yaku="1,1,53,0" doraHai="33" doraHaiUra="40" who="3" fromWho="1" sc="319,0,146,-20,324,0,191,40" /><INIT seed="3,1,0,5,5,11" ten="319,126,324,231" oya="3" hai0="55,121,129,77,50,120,7,132,53,106,23,71,26" hai1="127,118,111,8,72,110,20,79,101,93,75,135,15" hai2="48,78,105,47,94,104,19,123,18,112,69,17,128" hai3="97,109,124,102,68,74,133,34,103,113,10,59,30"/><W80/><G68/><T27/><D71/><U95/><E135/><V108/><F69/><W61/><G113/><T37/><D37/><U33/><E127/><V64/><F64/><W36/><G133/><T24/><D106/><U82/><E33/><V116/><F112/><W114/><G114/><T73/><D132/><U98/><E118/><V134/><F116/><W126/><G36/><T40/><D129/><U107/><E20/><V100/><F134/><W6/><G109/><N who="1" m="41482" /><E8/><V84/><F128/><W90/><G34/><T85/><D73/><N who="1" m="28235" /><E15/><V42/><F108/><W3/><G30/><T28/><D7/><U91/><E91/><V58/><F58/><W13/><G3/><T87/><D23/><U4/><E4/><V88/><F78/><N who="3" m="44119" /><G90/><T57/><D28/><U92/><E107/><V35/><F35/><W25/><G25/><T131/><D131/><U16/><E16/><V86/><F105/><W81/><G124/><T9/><D26/><U32/><E32/><V99/><REACH who="2" step="1"/><F123/><REACH who="2" ten="319,126,314,231" step="2"/><W96/><G126/><T65/><D120/><U29/><E29/><V76/><F76/><W38/><G59/><T12/><D57/><U43/><E43/><V46/><F46/><W44/><G44/><T70/><D40/><U5/><E5/><V67/><F67/><W89/><G6/><T62/><D65/><U45/><E45/><V54/><F54/><W21/><G38/><T0/><D55/><U39/><E39/><V119/><F119/><W63/><G61/><T52/><D62/><U83/><E79/><V122/><F122/><W125/><G63/><T117/><D121/><RYUUKYOKU ba="1,1" sc="319,-15,126,15,314,15,231,-15" hai1="82,83,92,93,95,98,101" hai2="17,18,19,42,47,48,84,86,88,94,99,100,104" /><INIT seed="4,2,1,2,1,6" ten="304,141,329,216" oya="0" hai0="87,68,20,25,86,22,134,50,99,34,63,69,84" hai1="82,73,109,14,49,13,122,135,9,93,94,37,83" hai2="1,79,85,36,43,8,24,91,23,41,88,120,52" hai3="72,124,90,116,60,54,118,21,132,119,33,129,4"/><T15/><D134/><U51/><E109/><V40/><F36/><W123/><G33/><T114/><D114/><U126/><E122/><V46/><F120/><W112/><G123/><T115/><D115/><U104/><E135/><V48/><F79/><W111/><G112/><T92/><D34/><U75/><E37/><V78/><F78/><W10/><G132/><T5/><D50/><U3/><E3/><V56/><F46/><W29/><G111/><T76/><D76/><U70/><E70/><V107/><F107/><W57/><G72/><T61/><D69/><U30/><E30/><V121/><F121/><W81/><G129/><T74/><D74/><U131/><E104/><V12/><F1/><W77/><G124/><T55/><D55/><U28/><E28/><N who="2" m="17439" /><F85/><W16/><G29/><N who="0" m="17575" /><D68/><U71/><E71/><V35/><F35/><W53/><G77/><T130/><D130/><U7/><E7/><AGARI ba="2,1" hai="7,8,12,40,41,43,48,52,56,88,91" m="17439" machi="7" ten="30,7700,0" yaku="8,1,52,1,54,2" doraHai="6" who="2" fromWho="1" sc="304,0,141,-83,329,93,216,0" /><INIT seed="5,0,0,5,5,128" ten="304,58,422,216" oya="1" hai0="110,21,84,91,46,7,58,87,64,9,11,50,121" hai1="124,123,52,129,17,33,1,43,101,5,60,119,54" hai2="76,56,80,22,40,118,4,26,44,132,86,116,30" hai3="42,27,115,38,135,72,99,106,126,98,62,131,13"/><U67/><E123/><V75/><F56/><W89/><G72/><T15/><D110/><U57/><E119/><V114/><F114/><W93/><G131/><T107/><D107/><U109/><E129/><V92/><F92/><W55/><G115/><T25/><D121/><U61/><E124/><V90/><F90/><W31/><G126/><T45/><D11/><U63/><E109/><V51/><F75/><W48/><G38/><T36/><D36/><U127/><E127/><V79/><F79/><W41/><G62/><N who="0" m="37975" /><D50/><U0/><E33/><V39/><F39/><W96/><G13/><T100/><D100/><U117/><E117/><V77/><F77/><W24/><G24/><T88/><D87/><U81/><E43/><V28/><F28/><W120/><G120/><T35/><D35/><U37/><E37/><V10/><F132/><W6/><G6/><T69/><D69/><U113/><E113/><V73/><F73/><W111/><G111/><T2/><D2/><AGARI ba="0,0" hai="2,4,10,22,26,30,40,44,51,76,80,86,116,118" machi="2" ten="30,1000,0" yaku="7,1" doraHai="128" who="2" fromWho="0" sc="304,-10,58,0,422,10,216,0" /><INIT seed="6,0,0,4,0,67" ten="294,58,432,216" oya="2" hai0="43,2,44,102,68,82,74,87,27,80,134,18,3" hai1="8,47,132,99,104,53,41,119,70,36,11,7,45" hai2="54,129,135,30,10,31,95,23,122,77,55,98,83" hai3="115,114,108,24,89,103,90,49,81,6,38,29,9"/><V50/><F122/><W130/><G108/><T62/><D134/><U97/><E119/><V16/><F10/><W48/><G38/><T126/><D102/><U96/><E132/><V64/><F64/><W12/><G130/><T17/><D126/><U60/><E104/><V1/><F1/><W14/><G103/><T56/><D68/><U86/><E86/><V13/><F129/><W57/><G14/><T125/><D125/><U61/><E61/><V63/><F63/><W131/><G131/><T22/><D18/><U52/><E11/><V92/><F92/><W133/><G133/><T73/><D73/><U37/><E37/><V33/><F33/><W128/><G128/><T66/><D80/><U79/><E79/><V46/><F55/><W42/><G49/><T112/><D112/><N who="3" m="43049" /><G81/><T5/><D5/><U78/><E78/><V109/><F135/><W71/><G71/><T105/><D105/><U84/><E84/><N who="2" m="48239" /><F109/><W116/><G116/><T106/><D106/><U34/><E34/><V20/><F20/><N who="3" m="15495" /><G57/><T40/><D40/><U123/><E123/><V117/><F117/><W51/><G51/><T113/><D113/><U101/><E101/><AGARI ba="0,0" hai="13,16,23,30,31,46,50,54,95,98,101" m="48239" machi="101" ten="30,2900,0" yaku="8,1,54,1" doraHai="67" who="2" fromWho="1" sc="294,0,58,-29,432,29,216,0" /><INIT seed="6,1,0,0,3,57" ten="294,29,461,216" oya="2" hai0="49,9,95,68,21,33,88,50,1,35,126,3,10" hai1="23,41,64,40,19,34,133,118,4,15,70,101,129" hai2="30,71,86,61,108,124,59,97,17,51,44,58,110" hai3="8,123,77,76,6,54,28,63,135,48,100,130,131"/><V16/><F71/><W52/><G123/><T42/><D68/><U87/><E118/><V94/><F59/><N who="3" m="35303" /><G135/><T72/><D72/><U75/><E75/><V22/><F86/><W121/><G121/><T125/><D21/><U32/><E32/><V65/><F124/><W134/><G134/><T78/><D78/><U11/><E11/><V18/><F30/><W26/><G100/><T27/><D27/><U38/><E38/><V20/><F110/><W91/><G91/><T82/><D82/><U74/><E74/><V53/><F108/><W85/><G85/><T115/><D42/><U90/><E90/><AGARI ba="1,0" hai="16,17,18,20,22,44,51,53,58,61,65,90,94,97" machi="90" ten="40,7700,0" yaku="8,1,52,1,54,1" doraHai="57" who="2" fromWho="1" sc="294,0,29,-80,461,80,216,0" owari="294,9.0,-51,-55.0,541,64.0,216,-18.0" /></mjloggm>