<mjloggm ver="2.3"><GO type="41"/><UN n0="%63%61%74%74%61%6B%69%64" n1="%E4%BB%8A%E6%97%A5%E4%B8%80" n2="%EF%BC%88%E2%89%A7%E2%96%BD%E2%89%A6%EF%BC%89" n3="%74%79%6D%38%33%32%31" dan="14,14,15,14" rate="1981,1912,2043,1921" sx="M,F,M,M"/><TAIKYOKU oya="0"/><INIT seed="0,0,0,4,5,1" ten="250,250,250,250" oya="0" hai0="50,25,28,36,52,47,109,110,87,83,14,67,6" hai1="51,32,24,127,57,76,77,115,21,39,106,23,93" hai2="133,97,10,102,66,18,129,38,48,74,111,53,135" hai3="8,84,0,125,3,81,91,49,85,37,12,45,86"/><T72/><D72/><U119/><E119/><V33/><F74/><W27/><G125/><T54/><D36/><U34/><E106/><V31/><F38/><W134/><G134/><N who="2" m="51209" /><F129/><W13/><G37/><T4/><D67/><U121/><E121/><V71/><F111/><N who="0" m="42506" /><D14/><U114/><E39/><V126/><F126/><W19/><G27/><T116/><D54/><U103/><E127/><V9/><F18/><W20/><G3/><T73/><D73/><U2/><E2/><V68/><F31/><W79/><G0/><T78/><D116/><U56/><E24/><V59/><F33/><AGARI ba="0,0" hai="4,6,25,28,33,47,50,52,78,83,87" m="42506" machi="33" ten="30,12000,1" yaku="14,1,10,1,52,2,54,1" doraHai="1" who="0" fromWho="2" sc="250,120,250,0,250,-120,250,0" /><INIT seed="0,1,0,2,4,95" ten="370,250,130,250" oya="0" hai0="124,42,19,45,134,34,25,97,101,96,107,111,32" hai1="6,51,109,33,31,76,14,12,38,79,53,39,103" hai2="94,123,112,119,3,5,120,23,46,61,88,54,122" hai3="43,86,113,99,90,129,71,40,36,2,4,48,70"/><T85/><D134/><U22/><E103/><V89/><F112/><W102/><G113/><T91/><D124/><U83/><E51/><V47/><F119/><W110/><G110/><T41/><D41/><U66/><E66/><V104/><F104/><W55/><G129/><T37/><D111/><U78/><E83/><V21/><F3/><W106/><G40/><T135/><D135/><U13/><E53/><V108/><F5/><W81/><G43/><T117/><D117/><U126/><E109/><V44/><F108/><W68/><G36/><T98/><D107/><U87/><E87/><V93/><F61/><W105/><G2/><T64/><D64/><U131/><E31/><V49/><F54/><W52/><G4/><T20/><REACH who="0" step="1"/><D101/><REACH who="0" step="2"/><U92/><E126/><V72/><F49/><W100/><G100/><T10/><D10/><U35/><E39/><V67/><F67/><W74/><G106/><T7/><D7/><U73/><E6/><V125/><F125/><W28/><G28/><T18/><D18/><U60/><E38/><V80/><F123/><W128/><G128/><T1/><D1/><U130/><E130/><V0/><F122/><W63/><G74/><T115/><D115/><U65/><E73/><V9/><F120/><W62/><REACH who="3" step="1"/><G55/><REACH who="3" step="2"/><T26/><D26/><U59/><E131/><V27/><F27/><W29/><G29/><T132/><D132/><U116/><E65/><V77/><F0/><W11/><G11/><T118/><D118/><U69/><E116/><V8/><F9/><W75/><G75/><T50/><D50/><U58/><E60/><RYUUKYOKU ba="1,2" sc="360,15,250,-15,130,-15,240,15" hai0="19,20,25,32,34,37,42,45,85,91,96,97,98" hai3="48,52,62,63,68,70,71,81,86,90,99,102,105" /><INIT seed="0,2,2,3,5,32" ten="375,235,115,255" oya="0" hai0="135,97,20,87,15,61,127,58,67,50,126,71,84" hai1="6,29,108,70,46,117,24,124,68,26,42,2,129" hai2="104,27,123,99,119,85,72,14,118,47,12,9,113" hai3="43,83,35,49,36,100,64,110,21,82,90,1,37"/><T66/><D135/><U65/><E117/><N who="2" m="44555" /><F123/><W18/><G35/><T76/><D97/><U25/><E108/><V34/><F113/><W86/><G110/><T131/><D131/><U105/><E129/><V56/><F72/><W101/><G64/><T3/><D3/><U109/><E109/><V57/><F47/><W13/><G1/><T55/><D76/><U77/><E124/><N who="0" m="47657" /><D67/><U95/><E105/><V134/><F134/><W122/><G122/><T130/><D130/><U107/><E107/><V4/><F85/><W116/><G116/><T128/><D128/><U39/><E77/><V19/><F99/><W44/><REACH who="3" step="1"/><G83/><REACH who="3" step="2"/><T51/><D51/><U81/><E81/><V106/><F34/><W121/><G121/><T10/><D20/><U115/><E65/><V52/><F9/><W28/><G28/><T11/><D11/><U91/><E2/><V30/><F30/><W98/><G98/><T17/><AGARI ba="2,3" hai="10,15,17,50,55,58,61,66,71,84,87" m="47657" machi="17" ten="30,1500,0" yaku="18,1" doraHai="32" who="0" fromWho="0" sc="375,51,235,-7,115,-7,245,-7" /><INIT seed="0,3,0,1,1,70" ten="426,228,108,238" oya="0" hai0="8,118,113,22,25,4,44,126,100,41,99,28,80" hai1="133,53,0,117,43,46,1,129,15,76,95,83,18" hai2="122,130,21,127,105,47,55,14,120,86,110,96,30" hai3="94,45,64,116,59,7,78,61,17,49,111,2,114"/><T84/><D118/><U35/><E117/><V81/><F110/><W57/><G116/><T69/><D69/><U75/><E133/><V108/><F108/><W27/><G114/><T77/><D113/><U92/><E35/><V97/><F130/><W50/><G111/><T119/><D119/><U33/><E33/><V134/><F134/><W54/><G78/><T26/><D126/><U93/><E129/><V40/><F127/><W11/><G94/><T68/><D68/><U12/><E53/><V38/><F55/><W85/><G85/><T67/><D67/><U109/><E109/><V135/><F135/><W5/><G2/><T87/><D26/><U29/><E29/><V19/><F30/><W132/><G132/><T34/><D34/><U62/><E62/><V63/><F63/><W56/><G57/><T131/><D131/><U123/><E123/><V10/><F10/><W106/><G106/><T32/><D32/><U71/><E71/><V128/><F128/><W107/><G107/><T104/><D87/><U52/><E15/><V39/><F39/><W66/><G64/><T51/><D8/><U48/><REACH who="1" step="1"/><E43/><REACH who="1" step="2"/><V20/><F20/><AGARI ba="3,1" hai="0,1,12,18,20,46,48,52,75,76,83,92,93,95" machi="20" ten="40,5200,0" yaku="1,1,2,1,54,1,53,0" doraHai="70" doraHaiUra="65" who="1" fromWho="2" sc="426,0,218,71,108,-61,238,0" /><INIT seed="1,0,0,1,3,67" ten="426,289,47,238" oya="1" hai0="93,6,57,91,58,102,25,16,14,135,73,31,42" hai1="87,61,131,9,35,83,117,104,124,30,100,18,44" hai2="24,7,3,26,127,69,64,113,59,94,75,103,78" hai3="21,96,13,34,77,1,62,125,32,49,111,20,12"/><U11/><E117/><V15/><F127/><W23/><G77/><T129/><D73/><U97/><E131/><V46/><F113/><W4/><G49/><T133/><D129/><U89/><E124/><V81/><F3/><W39/><G39/><T72/><D72/><U85/><E44/><V112/><F112/><W132/><G125/><T116/><D102/><U43/><E43/><V134/><F134/><N who="0" m="51210" /><D42/><U40/><E40/><V27/><F46/><W79/><G79/><T8/><D6/><U110/><E110/><V119/><F119/><W29/><G62/><T37/><D37/><U106/><E61/><V70/><F59/><W101/><G111/><T107/><D107/><U88/><E18/><V82/><F82/><W10/><G96/><N who="0" m="57407" /><D116/><U41/><E41/><V92/><F64/><W36/><G101/><T84/><D84/><U76/><E106/><V5/><F5/><W56/><G56/><T19/><D19/><U98/><E98/><V71/><REACH who="2" step="1"/><F103/><REACH who="2" step="2"/><W130/><G132/><T80/><D80/><U120/><E100/><V66/><F66/><W52/><G130/><T95/><D58/><U50/><E83/><V51/><F51/><W128/><G36/><T123/><D57/><U28/><E50/><V65/><F65/><W114/><G114/><T118/><D118/><U90/><E76/><V60/><F60/><W47/><G128/><T38/><D38/><U63/><E63/><V122/><F122/><W17/><G47/><T53/><D123/><U121/><E121/><V54/><F54/><W33/><G52/><T115/><D53/><U109/><E120/><RYUUKYOKU ba="0,1" sc="426,-10,289,-10,37,30,238,-10" hai2="7,15,24,26,27,69,70,71,75,78,81,92,94" /><INIT seed="2,1,1,3,1,2" ten="416,279,67,228" oya="2" hai0="113,49,84,25,51,101,116,57,70,76,82,8,130" hai1="56,65,5,134,106,43,123,7,71,38,89,78,28" hai2="35,46,118,58,32,34,36,31,3,72,30,128,12" hai3="81,29,20,41,90,60,45,91,14,24,125,63,135"/><V52/><F118/><W114/><G135/><T19/><D113/><U75/><E123/><V67/><F3/><W107/><G107/><T117/><D70/><U39/><E134/><V21/><F72/><W16/><G125/><T59/><D101/><U53/><E106/><V93/><F128/><W73/><G114/><T120/><D130/><U42/><E28/><V105/><F105/><W108/><G108/><T68/><D68/><U10/><E10/><V132/><F132/><W61/><G73/><T111/><D111/><U55/><E89/><V88/><F67/><W44/><G81/><T11/><D120/><U126/><E126/><V110/><F110/><W0/><G0/><T4/><D25/><U85/><E75/><V64/><F64/><W79/><G79/><T15/><D116/><U104/><E104/><V124/><F124/><W27/><G27/><T102/><D102/><U99/><E99/><N who="2" m="57767" /><F46/><W109/><G109/><T131/><D131/><U87/><E65/><V66/><F66/><W1/><G1/><T98/><D98/><U115/><E71/><V74/><F74/><W77/><G77/><T121/><D121/><U80/><E115/><V97/><F97/><W40/><G45/><T112/><D112/><U95/><E39/><V37/><F37/><W6/><G41/><T92/><D117/><U100/><E38/><V122/><F36/><W119/><G119/><T129/><D129/><U48/><E78/><V127/><F127/><W47/><G47/><T103/><D51/><U9/><E48/><N who="2" m="30983" /><F122/><W133/><G44/><T22/><D49/><U94/><E42/><RYUUKYOKU ba="1,1" sc="416,-10,279,-10,67,30,228,-10" hai2="12,21,30,31,32,34,35" /><INIT seed="2,2,1,3,1,49" ten="406,269,97,218" oya="2" hai0="117,99,0,47,27,57,90,135,111,14,129,108,132" hai1="85,52,35,127,24,37,86,94,17,134,59,33,118" hai2="128,116,73,16,122,87,65,131,93,125,46,53,130" hai3="48,126,62,5,41,124,28,110,69,103,113,121,32"/><V78/><F122/><W95/><G121/><T61/><D0/><U36/><E118/><V60/><F116/><W82/><G5/><T34/><D117/><U1/><E1/><V81/><F125/><N who="3" m="48235" /><G28/><N who="0" m="19743" /><D47/><U105/><E105/><V109/><F109/><N who="0" m="42058" /><D14/><U100/><E127/><V25/><F93/><W20/><G32/><T120/><D120/><U98/><E134/><V18/><F73/><W66/><G110/><T58/><D129/><U89/><E85/><V39/><F25/><W84/><G113/><T50/><D50/><U51/><E36/><V23/><F23/><W26/><G103/><T107/><D58/><U83/><REACH who="1" step="1"/><E37/><REACH who="1" step="2"/><V114/><F114/><W7/><G95/><N who="0" m="56823" /><D107/><U68/><E68/><N who="2" m="42023" /><F39/><W30/><G7/><T29/><D29/><U80/><E80/><V22/><F22/><AGARI ba="2,2" hai="17,22,24,33,35,51,52,59,83,86,89,94,98,100" machi="22" ten="40,5200,0" yaku="1,1,52,1,54,1,53,0" doraHai="49" doraHaiUra="64" who="1" fromWho="2" sc="406,0,259,78,97,-58,218,0" /><INIT seed="3,0,0,1,1,45" ten="406,337,39,218" oya="3" hai0="69,43,96,37,47,129,60,5,54,31,122,53,95" hai1="87,133,48,99,16,71,120,97,36,92,109,100,85" hai2="126,13,63,73,75,84,23,81,68,80,121,10,14" hai3="19,116,59,128,104,83,40,115,102,107,78,28,42"/><W58/><G116/><T123/><D5/><U55/><E120/><N who="0" m="46121" /><D31/><U119/><E119/><V9/><F121/><W57/><G115/><T27/><D27/><U8/><E71/><V6/><F126/><W108/><G28/><T114/><D96/><U35/><E35/><V91/><F23/><W101/><G19/><T89/><D89/><U118/><E118/><V124/><F124/><W17/><G17/><T41/><D95/><N who="1" m="58431" /><E36/><V134/><F134/><W88/><G128/><T44/><D129/><U26/><E133/><V49/><F80/><W21/><G21/><T94/><D94/><U125/><E125/><V2/><F2/><W32/><G32/><T25/><D25/><U12/><E26/><V67/><REACH who="2" step="1"/><F49/><REACH who="2" step="2"/><W74/><G108/><T117/><D117/><U33/><E33/><V93/><F93/><W103/><REACH who="3" step="1"/><G88/><REACH who="3" step="2"/><T127/><D127/><U3/><E109/><V79/><F79/><W38/><G38/><T1/><D37/><U34/><E34/><V15/><F15/><W76/><G76/><T61/><D1/><U4/><E3/><V30/><F30/><W64/><G64/><T11/><D11/><U39/><E39/><V135/><F135/><W77/><G77/><T0/><D0/><U52/><E52/><V86/><F86/><W70/><G70/><T18/><D69/><U112/><E112/><V110/><F110/><W113/><G113/><T51/><D114/><U24/><E55/><V82/><F82/><W105/><AGARI ba="0,2" hai="40,42,57,58,59,74,78,83,101,102,103,104,105,107" machi="105" ten="40,18000,2" yaku="1,1,0,1,29,2,53,3" doraHai="45" doraHaiUra="98" who="3" fromWho="3" sc="406,-60,337,-60,29,-60,208,200" owari="346,15.0,277,-12.0,-31,-53.0,408,50.0" /></mjloggm>