<mjloggm ver="2.3"><GO type="137"/><UN n0="%E5%BC%81%E5%A4%A9" n1="%31%30%30%36%78%79%7A" n2="%EF%BC%88%E2%89%A7%E2%96%BD%E2%89%A6%EF%BC%89" n3="%46%61%6C%69%61%64%65%72" dan="12,13,12,12" rate="1814,1798,1988,1865" sx="M,M,M,M"/><TAIKYOKU oya="0"/><INIT seed="0,0,0,4,4,69" ten="250,250,250,250" oya="0" hai0="30,72,13,88,49,11,114,119,12,67,42,57,34" hai1="68,91,28,134,103,31,97,100,29,71,4,74,1" hai2="129,126,89,50,84,38,110,79,121,102,45,124,130" hai3="23,90,116,128,133,15,113,17,118,44,41,75,93"/><T123/><D123/><U16/><E74/><V51/><F121/><W99/><G75/><T120/><D119/><U80/><E134/><V108/><F102/><W94/><G113/><T117/><D117/><U101/><E4/><V2/><F2/><W63/><G128/><N who="2" m="49257" /><F79/><W76/><G133/><T83/><D114/><U98/><E1/><V48/><F89/><W22/><G63/><T39/><D120/><U55/><E55/><V109/><F84/><W95/><G76/><T73/><D34/><U8/><E80/><V96/><F96/><W26/><G118/><T20/><D39/><U37/><E37/><V7/><F7/><W62/><G116/><T70/><D70/><U32/><E32/><V35/><F35/><W5/><G5/><N who="0" m="3183" /><D72/><U112/><E112/><V65/><F65/><W3/><G3/><T64/><D73/><U54/><E54/><V9/><F9/><W25/><G62/><T111/><D111/><U21/><E8/><V18/><F18/><W60/><G60/><T85/><D30/><U104/><E91/><V125/><F38/><W78/><G78/><T40/><D20/><U59/><E103/><V36/><F36/><W14/><G14/><T47/><D13/><U132/><E132/><V0/><F0/><W86/><G86/><T122/><D122/><U81/><E81/><V52/><AGARI ba="0,0" hai="45,48,50,51,52,108,109,110,124,125,126" m="49257" machi="52" ten="50,12000,2" yaku="14,1,18,1,19,1,34,2,54,1" doraHai="69" who="2" fromWho="2" sc="250,-60,250,-30,250,120,250,-30" /><INIT seed="1,0,0,1,3,128" ten="190,220,370,220" oya="1" hai0="121,118,108,60,124,127,9,122,105,48,51,126,85" hai1="28,43,40,109,39,83,79,81,54,4,99,52,134" hai2="130,12,112,69,95,129,78,76,0,46,104,49,82" hai3="88,74,38,24,106,100,27,89,110,57,102,55,6"/><U63/><E28/><V91/><F0/><W94/><G110/><T56/><D85/><U115/><E4/><V47/><F69/><W131/><G131/><N who="2" m="50185" /><F112/><W107/><G38/><T10/><D105/><U37/><E115/><V103/><F12/><W98/><G74/><T61/><D9/><U64/><E99/><N who="2" m="61567" /><F82/><W125/><G125/><T20/><D10/><U80/><E79/><N who="2" m="30251" /><F49/><N who="0" m="19018" /><D20/><U120/><E120/><N who="0" m="46185" /><D108/><U123/><E123/><V72/><F72/><W132/><G6/><T97/><D97/><AGARI ba="0,0" hai="46,47,91,95,97" m="30251,61567,50185" machi="97" ten="30,1000,0" yaku="19,1" doraHai="128" who="2" fromWho="0" sc="190,-10,220,0,370,10,220,0" /><INIT seed="2,0,0,2,5,98" ten="180,220,380,220" oya="2" hai0="75,114,36,93,18,32,2,68,53,71,47,111,25" hai1="48,92,61,5,121,19,107,128,67,96,86,106,135" hai2="60,6,85,76,3,42,56,57,50,90,117,38,91" hai3="26,105,46,77,20,100,17,80,34,21,54,35,113"/><V97/><F117/><W0/><G0/><T134/><D111/><U51/><E5/><V30/><F38/><W44/><G113/><T74/><D2/><U95/><E121/><V66/><F30/><W37/><G46/><T23/><D114/><U72/><E72/><V52/><F42/><W43/><G54/><T87/><D134/><U69/><E135/><V123/><F123/><W55/><G55/><T99/><D32/><U45/><E128/><V122/><F122/><W119/><G21/><T7/><D7/><U109/><E109/><V82/><REACH who="2" step="1"/><F97/><REACH who="2" step="2"/><W9/><G119/><T83/><D36/><U40/><E107/><V89/><F89/><W33/><G37/><T13/><D99/><U127/><E106/><V120/><F120/><W94/><G105/><T102/><D75/><U103/><E127/><V131/><F131/><W1/><G43/><T59/><D74/><U126/><E126/><V49/><F49/><W29/><G44/><T58/><D47/><U64/><E51/><V10/><AGARI ba="0,1" hai="3,6,10,50,52,56,57,60,66,76,82,85,90,91" machi="10" ten="30,6000,0" yaku="1,1,0,1,54,1,53,0" doraHai="98" doraHaiUra="129" who="2" fromWho="2" sc="180,-20,220,-20,370,70,220,-20" /><INIT seed="2,1,0,0,5,2" ten="160,200,440,200" oya="2" hai0="92,17,30,41,104,64,114,65,7,96,38,115,112" hai1="55,34,89,47,122,70,77,76,135,27,85,93,75" hai2="116,32,12,6,91,26,68,54,123,52,111,125,86" hai3="94,21,110,4,5,51,73,42,121,62,39,31,127"/><V82/><F123/><W3/><G121/><T24/><D104/><U133/><E70/><V45/><F116/><W46/><G39/><T63/><D38/><U60/><E122/><V102/><F125/><W118/><G118/><T130/><D130/><U80/><E47/><V131/><F131/><W134/><G127/><T72/><D72/><U43/><E43/><V109/><F68/><W49/><G73/><T58/><D41/><U36/><E36/><V98/><F32/><W56/><G56/><BYE who="3" /><T19/><D65/><U120/><E120/><V14/><F26/><W35/><G35/><UN n3="%46%61%6C%69%61%64%65%72" /><T69/><D69/><U29/><E55/><N who="2" m="21035" /><F45/><W84/><G134/><N who="1" m="51210" /><E60/><V87/><F87/><W99/><G110/><N who="2" m="41993" /><F6/><W107/><G107/><AGARI ba="1,0" hai="12,14,82,86,91,98,102,107" m="41993,21035" machi="107" ten="30,5800,0" yaku="14,1,10,1,54,1" doraHai="2" who="2" fromWho="3" sc="160,0,200,0,440,61,200,-61" /><INIT seed="2,2,0,3,4,54" ten="160,200,501,139" oya="2" hai0="38,18,10,72,102,71,23,115,25,126,95,112,21" hai1="100,61,108,132,32,80,19,11,70,12,5,130,90" hai2="51,76,4,106,62,56,16,104,30,101,53,109,26" hai3="49,36,98,35,135,129,94,0,120,68,55,117,22"/><V58/><F109/><W45/><G117/><T50/><D38/><U91/><E108/><V86/><F4/><W77/><G35/><T87/><D72/><U66/><E130/><V57/><F101/><W119/><G119/><T103/><D71/><U123/><E123/><V75/><F75/><W113/><G120/><T125/><D10/><U82/><E132/><V131/><F131/><W13/><G0/><T99/><D50/><U42/><E42/><V46/><F62/><W69/><G129/><T24/><D87/><U59/><E100/><V8/><F76/><W92/><G135/><T1/><D1/><U9/><E32/><V122/><F122/><W81/><G113/><T97/><REACH who="0" step="1"/><D95/><REACH who="0" step="2"/><U78/><E70/><V111/><F111/><W84/><G36/><T73/><D73/><U85/><E82/><V41/><F86/><W6/><G92/><T7/><D7/><U65/><REACH who="1" step="1"/><E65/><REACH who="1" step="2"/><V67/><F67/><W2/><G2/><AGARI ba="2,2" hai="2,5,9,11,12,19,59,61,66,78,80,85,90,91" machi="2" ten="30,8000,1" yaku="1,1,2,1,7,1,52,1,53,1" doraHai="54" doraHaiUra="14" who="1" fromWho="3" sc="150,0,190,106,501,0,139,-86" /><INIT seed="3,0,0,0,5,47" ten="150,296,501,53" oya="3" hai0="104,83,57,81,21,24,111,43,38,133,77,99,122" hai1="49,105,27,135,20,87,113,16,92,7,42,109,116" hai2="36,85,100,123,35,2,15,60,130,73,74,0,52" hai3="56,30,12,13,127,110,134,64,117,39,112,1,26"/><W41/><G112/><T118/><D118/><U3/><E105/><V125/><F35/><W101/><G1/><T18/><D122/><U32/><E116/><V86/><F36/><W25/><G117/><T33/><D33/><U46/><E113/><V59/><F123/><W66/><G134/><T40/><D133/><U14/><E135/><V115/><F115/><W96/><G127/><T9/><D111/><U53/><E109/><V61/><F125/><W126/><G126/><T93/><D104/><U28/><E87/><V65/><F130/><W5/><G110/><T106/><D106/><U76/><E92/><V22/><F100/><W89/><G39/><T6/><D38/><U4/><E76/><V108/><F108/><W103/><G41/><N who="0" m="15947" /><D77/><U11/><E7/><V48/><F0/><W50/><G66/><T54/><D9/><U17/><E17/><N who="2" m="10559" /><F2/><W55/><G64/><T71/><D6/><U128/><E42/><V58/><F74/><W51/><G51/><N who="0" m="30943" /><D71/><U37/><REACH who="1" step="1"/><E37/><REACH who="1" step="2"/><V124/><F124/><W91/><G5/><T107/><D107/><U97/><E97/><V31/><F73/><W23/><G26/><T129/><D129/><AGARI ba="0,1" hai="3,4,11,14,16,20,27,28,32,46,49,53,128,129" machi="129" ten="40,8000,1" yaku="1,1,24,2,52,1,54,1,53,0" doraHai="47" doraHaiUra="69" who="1" fromWho="0" sc="150,-80,286,90,501,0,53,0" /><INIT seed="4,0,0,2,0,132" ten="70,376,501,53" oya="0" hai0="20,3,42,74,95,46,103,30,129,98,29,25,48" hai1="63,102,97,128,35,92,8,56,78,6,15,61,116" hai2="69,73,24,109,130,72,94,120,49,41,19,32,115" hai3="87,79,127,110,7,96,45,31,80,53,2,22,106"/><T4/><D129/><U65/><E116/><V117/><F120/><W118/><G118/><T104/><D74/><U44/><E128/><V40/><F117/><W39/><G110/><T21/><D3/><U57/><E35/><V76/><F109/><W105/><G127/><T34/><D4/><U131/><E131/><V133/><F130/><W1/><G1/><T62/><D30/><U47/><E78/><V67/><F133/><W107/><G96/><T134/><D134/><U43/><E43/><V28/><F115/><W75/><G39/><T17/><D17/><U37/><E37/><V27/><F94/><W54/><G2/><T68/><REACH who="0" step="1"/><D95/><REACH who="0" step="2"/><U66/><AGARI ba="0,1" hai="6,8,15,44,47,56,57,61,63,65,66,92,97,102" machi="66" ten="20,5200,0" yaku="0,1,7,1,9,1,8,1" doraHai="132" who="1" fromWho="1" sc="60,-26,376,62,501,-13,53,-13" /><INIT seed="5,0,0,2,2,102" ten="34,438,488,40" oya="1" hai0="10,47,0,135,128,95,107,74,46,30,108,44,28" hai1="21,15,64,40,5,117,132,118,77,54,51,72,58" hai2="16,39,22,91,42,67,52,79,89,8,105,17,23" hai3="122,7,85,131,43,125,1,115,9,103,55,88,113"/><U98/><E132/><V6/><F105/><W33/><G122/><T53/><D108/><U49/><E64/><V83/><F67/><W62/><G103/><T2/><D74/><U124/><E124/><V63/><F39/><W36/><G125/><T12/><D135/><U4/><E98/><V114/><F114/><N who="3" m="43531" /><G131/><T80/><D80/><U127/><E127/><V99/><F42/><W106/><G106/><T94/><D107/><U104/><E104/><V3/><F22/><W29/><G36/><T45/><D0/><U59/><E72/><V76/><F17/><W13/><G43/><T11/><D2/><U20/><E77/><V82/><F79/><W34/><G29/><N who="0" m="11371" /><D128/><U18/><E40/><V38/><F38/><W129/><G129/><T78/><D78/><U19/><REACH who="1" step="1"/><E15/><REACH who="1" step="2"/><V121/><F76/><W86/><G13/><T96/><D12/><U32/><E32/><V37/><F99/><W116/><G33/><T134/><D134/><U70/><E70/><V81/><F121/><W119/><G34/><T133/><D133/><U24/><E24/><V97/><F97/><W50/><G119/><T101/><D95/><U126/><E126/><V41/><F41/><W84/><G116/><T73/><D73/><U120/><E120/><V26/><REACH who="2" step="1"/><F37/><REACH who="2" step="2"/><W31/><G31/><T60/><N who="0" m="11776" /><DORA hai="48" /><T75/><D75/><U56/><E56/><AGARI ba="0,2" hai="3,6,8,16,23,26,52,56,63,81,82,83,89,91" machi="56" ten="40,8000,1" yaku="1,1,52,1,54,2,53,1" doraHai="102,48" doraHaiUra="61,57" who="2" fromWho="1" sc="34,0,428,-80,478,100,40,0" /><AGARI ba="0,0" hai="10,11,53,56,60,94,96,101" m="11776,11371" machi="56" ten="40,2600,0" yaku="8,1,52,1" doraHai="102,48" who="0" fromWho="1" sc="34,26,348,-26,578,0,40,0" /><INIT seed="6,0,0,4,1,34" ten="60,322,578,40" oya="2" hai0="94,112,66,44,132,48,11,73,72,125,37,101,124" hai1="13,55,32,78,98,42,59,25,129,12,77,134,91" hai2="87,133,52,1,3,43,6,39,126,117,128,135,93" hai3="88,61,62,17,119,107,115,122,69,16,57,4,89"/><V24/><F117/><W116/><G122/><T111/><D37/><U120/><E42/><V92/><F126/><N who="0" m="48746" /><D66/><U49/><E120/><V7/><F128/><W45/><G107/><T46/><D111/><U0/><E129/><V33/><F52/><W31/><G69/><T105/><D105/><U30/><E134/><N who="2" m="51211" /><F43/><W70/><G70/><T83/><D132/><U106/><E0/><N who="2" m="75" /><F39/><W50/><G115/><T85/><D11/><U10/><E12/><V68/><F68/><W15/><G31/><T20/><D20/><U64/><E64/><V54/><F54/><W95/><G116/><T26/><D26/><U53/><E53/><V103/><F103/><W18/><G119/><T36/><D36/><U82/><E106/><V131/><F131/><W118/><G118/><T2/><D2/><U90/><E90/><N who="3" m="34922" /><G95/><N who="2" m="36425" /><F87/><W86/><G86/><T113/><D94/><U102/><E102/><V38/><F38/><W47/><G4/><T114/><D101/><U100/><E100/><V123/><F123/><W81/><G81/><T110/><D110/><U58/><E58/><V41/><F41/><N who="3" m="24879" /><G47/><N who="0" m="17963" /><D48/><U130/><E130/><V14/><F14/><W80/><G80/><T21/><D21/><U97/><E91/><AGARI ba="0,0" hai="72,73,83,85,91,112,113,114" m="17963,48746" machi="91" ten="40,2600,0" yaku="15,1,18,1" doraHai="34" who="0" fromWho="1" sc="60,26,322,-26,578,0,40,0" /><INIT seed="7,0,0,4,2,0" ten="86,296,578,40" oya="3" hai0="35,14,27,98,31,111,65,22,92,53,19,103,64" hai1="60,25,108,32,48,74,51,134,3,77,114,41,94" hai2="7,28,132,21,86,1,84,24,42,131,76,87,10" hai3="109,44,95,68,73,100,46,26,90,56,129,91,93"/><W18/><G68/><T50/><REACH who="0" step="1"/><D111/><REACH who="0" step="2"/><U117/><E108/><V49/><F132/><W40/><G109/><T110/><D110/><U5/><E134/><V118/><F131/><W59/><G129/><T2/><D2/><U119/><E117/><V121/><F118/><W105/><G90/><T52/><D52/><U101/><E119/><V97/><F121/><W47/><G73/><T120/><D120/><U39/><E114/><V58/><F97/><N who="3" m="59439" /><G105/><T54/><D54/><U38/><E3/><V80/><REACH who="2" step="1"/><F58/><AGARI ba="0,1" hai="14,19,22,27,31,35,50,53,58,64,65,92,98,103" machi="58" ten="30,3900,0" yaku="21,2,7,1,53,0" doraHai="0" doraHaiUra="82" who="0" fromWho="2" sc="76,49,296,0,578,-39,40,0" owari="125,-27,296,10,539,63,40,-46" /></mjloggm>