<mjloggm ver="2.3"><GO type="169" lobby="0"/><UN n0="%E7%8B%AC%E6%AD%A9" n1="%E3%81%B2%E3%81%BD%E3%81%8D%E3%82%88%E3%81%97" n2="%68%69%67%68%31%35%31%35" n3="%EF%BC%88%E2%89%A7%E2%96%BD%E2%89%A6%EF%BC%89" dan="17,18,16,18" rate="2174.30,2221.38,2090.92,2168.79" sx="M,M,M,M"/><TAIKYOKU oya="0"/><INIT seed="0,0,0,1,3,105" ten="250,250,250,250" oya="0" hai0="124,71,32,44,83,86,91,62,107,130,39,12,101" hai1="1,121,135,66,108,7,72,35,126,89,15,68,41" hai2="94,22,76,56,75,81,57,113,70,123,84,64,25" hai3="42,54,23,85,63,45,98,93,95,116,50,49,19"/><T6/><D124/><U111/><E89/><V36/><F123/><W58/><G116/><T80/><D39/><U16/><E41/><V21/><F113/><W131/><G131/><T28/><D130/><U65/><E121/><V2/><F36/><W55/><G85/><T20/><D32/><U40/><E40/><V110/><F110/><N who="1" m="42025" /><E35/><V73/><F2/><W129/><G129/><T13/><D44/><U8/><E135/><V51/><F70/><W60/><G98/><T87/><D107/><U27/><E27/><V117/><F117/><W128/><G128/><T5/><D101/><U79/><E68/><V133/><F133/><W61/><REACH who="3" step="1"/><G42/><REACH who="3" ten="250,250,250,240" step="2"/><T104/><D104/><U53/><E126/><V17/><F84/><W31/><G31/><T118/><D118/><U59/><E79/><V34/><F76/><W9/><G9/><T0/><D28/><U77/><E77/><V127/><F127/><W96/><G96/><T26/><D86/><U67/><E72/><V99/><F73/><W78/><G78/><T102/><D87/><U4/><E1/><V100/><F75/><W29/><G29/><T90/><D0/><U33/><E33/><V30/><F30/><W115/><G115/><T38/><D80/><U112/><E112/><V109/><F81/><W3/><G3/><T37/><D83/><U132/><E132/><V120/><F34/><W97/><G97/><T119/><D119/><U114/><E114/><V88/><F99/><W48/><G48/><AGARI ba="0,1" hai="4,7,8,15,16,48,53,59,65,66,67" m="42025" machi="48" ten="30,2000,0" yaku="14,1,54,1" doraHai="105" who="1" fromWho="3" sc="250,0,250,30,250,0,240,-20" /><INIT seed="1,0,0,1,4,73" ten="250,280,250,220" oya="1" hai0="0,100,5,62,63,18,88,120,108,47,109,55,83" hai1="58,94,10,93,112,16,50,91,25,72,70,133,40" hai2="12,89,121,56,22,36,118,61,122,101,128,11,59" hai3="31,129,77,113,14,126,27,106,15,54,45,67,92"/><U37/><E70/><V4/><F118/><W6/><G106/><T38/><D100/><U51/><E112/><V19/><F36/><W57/><G113/><T32/><D32/><U74/><E133/><V75/><F128/><W60/><G126/><T107/><D107/><U114/><E94/><V35/><F35/><W43/><G129/><T84/><D120/><U49/><E114/><V28/><F28/><W105/><G105/><T42/><D18/><U132/><E132/><V82/><F101/><W39/><G6/><T41/><D41/><U115/><E115/><V26/><F59/><W33/><G92/><T102/><D102/><U1/><E58/><V124/><F124/><W97/><G97/><T2/><D55/><U130/><E130/><V48/><F48/><W44/><G44/><T65/><D62/><U96/><E37/><V8/><F8/><W116/><G116/><T95/><D95/><U78/><E40/><V127/><F127/><W76/><REACH who="3" step="1"/><G67/><REACH who="3" ten="250,280,250,210" step="2"/><T117/><D117/><U71/><E1/><V123/><F123/><W20/><G20/><T34/><D34/><U98/><E98/><V69/><F121/><W135/><G135/><T80/><D5/><U66/><E96/><V125/><F125/><W68/><G68/><N who="0" m="42047" /><D83/><U99/><E71/><V103/><F69/><W110/><G110/><AGARI ba="0,1" hai="0,2,38,42,47,80,84,88,108,109,110" m="42047" machi="110" ten="30,2000,0" yaku="14,1,54,1" doraHai="73" who="0" fromWho="3" sc="250,30,280,0,250,0,210,-20" /><INIT seed="2,0,0,2,1,57" ten="280,280,250,190" oya="2" hai0="27,30,43,98,73,66,123,39,114,135,100,58,107" hai1="67,36,86,76,87,65,9,1,115,59,14,44,70" hai2="97,54,91,77,125,119,33,78,13,79,55,46,116" hai3="118,89,92,106,4,108,104,75,42,120,117,132,60"/><V22/><F33/><W64/><G120/><T12/><D114/><U124/><E1/><V56/><F125/><W51/><G108/><T16/><D135/><U10/><E115/><V113/><F113/><W17/><G75/><T95/><D73/><U0/><E70/><V126/><F126/><W31/><G132/><T94/><D123/><U83/><E0/><V130/><F130/><W111/><G111/><T122/><D43/><U90/><E124/><V127/><F127/><W21/><G31/><T112/><D39/><U62/><E67/><V28/><F116/><W85/><G4/><T23/><D112/><U32/><E32/><V5/><F119/><W7/><G7/><T101/><D101/><U2/><E2/><V109/><F109/><W34/><G34/><T68/><D68/><U15/><E36/><V99/><F46/><W6/><G6/><T81/><D81/><U29/><E29/><V129/><F129/><W72/><G72/><T24/><D24/><U35/><E35/><V82/><F82/><W3/><G3/><T50/><D122/><U45/><E10/><N who="2" m="4303" /><F91/><W63/><G118/><T96/><D96/><N who="2" m="36938" /><F56/><N who="3" m="36871" /><G117/><T19/><D30/><U49/><E45/><V47/><F47/><N who="3" m="26103" /><G106/><T11/><D50/><U134/><E134/><V48/><F48/><W8/><G104/><T71/><D71/><U102/><E102/><V18/><F28/><W84/><G84/><T20/><D107/><U41/><E9/><V38/><F38/><W40/><G8/><T88/><D11/><U105/><E105/><V69/><F69/><W61/><G40/><T37/><D100/><RYUUKYOKU ba="0,0" sc="280,-30,280,10,250,10,190,10" hai1="14,15,41,44,49,59,62,65,76,83,86,87,90" hai2="18,22,54,55,77,78,79" hai3="17,21,61,63,85,89,92" /><INIT seed="2,1,0,3,4,70" ten="250,290,260,200" oya="2" hai0="22,48,64,86,127,34,125,39,103,11,47,68,15" hai1="50,76,19,54,112,13,62,98,118,126,77,43,61" hai2="133,130,9,6,18,115,66,101,93,79,81,44,2" hai3="91,71,46,121,32,38,132,58,117,75,109,82,37"/><V0/><F115/><W16/><G117/><T65/><D34/><U57/><E112/><V12/><F130/><W88/><G32/><T100/><D22/><U111/><E111/><V96/><F133/><W53/><G71/><T21/><D21/><U104/><E126/><N who="0" m="48137" /><D86/><U10/><E118/><V124/><F124/><W5/><G121/><T26/><D26/><U41/><E104/><V97/><F66/><N who="0" m="25706" /><D68/><U131/><E131/><V1/><F96/><W30/><G30/><T119/><D119/><U49/><E98/><V122/><F122/><W95/><G75/><T40/><D48/><U90/><E90/><V67/><F67/><W87/><G5/><AGARI ba="1,0" hai="5,11,15,39,40,47,100,103" m="25706,48137" machi="5" ten="30,2000,0" yaku="18,1,52,1" doraHai="70" who="0" fromWho="3" sc="250,23,290,0,260,0,200,-23" /><INIT seed="3,0,0,4,1,53" ten="273,290,260,177" oya="3" hai0="10,126,127,81,28,18,103,100,36,4,99,62,121" hai1="111,55,63,102,0,125,93,73,133,15,5,16,35" hai2="135,2,94,91,22,21,67,89,49,95,69,98,84" hai3="128,14,112,24,110,42,118,74,113,107,130,45,66"/><W13/><G74/><T58/><D36/><U56/><E111/><V78/><F2/><W83/><G107/><T31/><D81/><U44/><E125/><N who="0" m="47625" /><D18/><U48/><E133/><V30/><F135/><W29/><G118/><T3/><D121/><U82/><E35/><V23/><F78/><W17/><G83/><T80/><D80/><U87/><E0/><V106/><F106/><W120/><G120/><T86/><D86/><U64/><E5/><V61/><REACH who="2" step="1"/><F49/><REACH who="2" ten="273,290,250,177" step="2"/><W85/><G113/><T68/><D68/><U122/><E122/><V96/><F96/><W9/><G112/><T116/><D116/><U39/><E39/><V114/><F114/><W6/><G110/><T90/><D90/><U12/><E73/><V26/><AGARI ba="0,1" hai="21,22,23,26,30,61,67,69,84,89,91,94,95,98" machi="26" ten="30,4000,0" yaku="1,1,0,1,53,1" doraHai="53" doraHaiUra="60" who="2" fromWho="2" sc="273,-10,290,-10,250,50,177,-20" /><INIT seed="4,0,0,5,2,11" ten="263,280,300,157" oya="0" hai0="106,25,82,128,47,104,115,100,111,62,31,129,79" hai1="3,75,37,68,8,98,122,114,67,97,126,99,48" hai2="39,118,132,124,64,32,83,103,6,90,58,63,35" hai3="86,45,94,7,1,125,107,89,105,131,91,12,123"/><T134/><D111/><U101/><E122/><V95/><F39/><W26/><G123/><T113/><D47/><U9/><E37/><V80/><F124/><W53/><G131/><N who="0" m="50251" /><D62/><U20/><E75/><V93/><F132/><W23/><G125/><T55/><D55/><U50/><E126/><V120/><F120/><W108/><G1/><T2/><D2/><U112/><E101/><V61/><F118/><W46/><G108/><T44/><D44/><U84/><E3/><V66/><F6/><W18/><G91/><T10/><D10/><N who="1" m="4203" /><E84/><V36/><F36/><W88/><G7/><T17/><D17/><U77/><E77/><V16/><F103/><W38/><G38/><T96/><D134/><U4/><E4/><V33/><F16/><W127/><G127/><T15/><D15/><U109/><E109/><V29/><F29/><W30/><G89/><T54/><D54/><U85/><E85/><V21/><F21/><W60/><G46/><T51/><D51/><U28/><E67/><V52/><F93/><W41/><G41/><T71/><D71/><U102/><E102/><V34/><N who="2" m="8192" /><DORA hai="5" /><V116/><F116/><W76/><G76/><T73/><D25/><N who="1" m="16423" /><E68/><V133/><F133/><W74/><G74/><T59/><D31/><U40/><E40/><V69/><REACH who="2" step="1"/><F64/><REACH who="2" ten="263,280,290,157" step="2"/><W65/><G65/><T0/><D0/><U92/><E92/><V56/><F56/><N who="3" m="34831" /><G45/><T13/><D59/><U49/><E114/><N who="0" m="43529" /><D13/><U57/><E112/><V130/><F130/><W81/><G94/><AGARI ba="0,1" hai="73,79,82,94,96,100,104,106" m="43529,50251" machi="94" ten="30,11600,0" yaku="19,1,15,1,34,2" doraHai="11,5" who="0" fromWho="3" sc="263,126,280,0,290,0,157,-116" /><INIT seed="4,1,0,0,0,122" ten="389,280,290,41" oya="0" hai0="134,14,75,69,83,46,108,29,51,104,6,65,125" hai1="82,57,68,70,123,79,72,44,41,126,115,112,99" hai2="71,9,48,40,95,135,11,37,24,28,88,27,0" hai3="56,18,85,128,36,55,23,15,30,64,5,127,106"/><T54/><D104/><U116/><E123/><V131/><F71/><W133/><G106/><T20/><D134/><U94/><E116/><V62/><F37/><W31/><G133/><T109/><D125/><U118/><E57/><V129/><F135/><W67/><G128/><N who="2" m="49225" /><F62/><W13/><G127/><T77/><D65/><U87/><E118/><V80/><F80/><W105/><G105/><T96/><D69/><U111/><E111/><N who="0" m="42569" /><D96/><U43/><E43/><V3/><F40/><W89/><G36/><T25/><D14/><U17/><E72/><V26/><F48/><W92/><G64/><T2/><D6/><U102/><E17/><V59/><F59/><W19/><G67/><T60/><D2/><N who="2" m="554" /><F28/><W117/><G117/><T66/><D66/><U47/><E126/><V42/><F42/><W61/><REACH who="3" step="1"/><G5/><REACH who="3" ten="389,280,290,31" step="2"/><T120/><D120/><U114/><E68/><V7/><F7/><W110/><G110/><T107/><D107/><U32/><E70/><V103/><F103/><W76/><G76/><T100/><D100/><U78/><E78/><V130/><F130/><W98/><G98/><AGARI ba="1,1" hai="9,11,24,26,27,88,95,98" m="554,49225" machi="98" ten="40,2600,0" yaku="19,1,54,1" doraHai="122" who="2" fromWho="3" sc="389,0,280,0,290,39,31,-29" /><INIT seed="5,0,0,0,0,24" ten="389,280,329,2" oya="1" hai0="135,132,122,5,22,123,48,118,36,14,46,95,114" hai1="56,103,128,58,131,28,39,0,15,127,27,74,120" hai2="17,84,92,98,52,105,57,30,26,38,79,13,113" hai3="21,33,115,47,54,35,49,89,41,87,61,134,25"/><U110/><E120/><N who="0" m="46121" /><D118/><U18/><E39/><V50/><F38/><W88/><G134/><T68/><D68/><U32/><E74/><V19/><F105/><W53/><G115/><T82/><D114/><U93/><E127/><V129/><F113/><W107/><G107/><T16/><D36/><U94/><E0/><V37/><F37/><W126/><G126/><T12/><D82/><U130/><E110/><V112/><F112/><W66/><G33/><T45/><D95/><U62/><E103/><N who="2" m="60871" /><F129/><W70/><G35/><T104/><D104/><U42/><E42/><V106/><F106/><W83/><G89/><T67/><D67/><U133/><E133/><N who="0" m="51273" /><D48/><U65/><REACH who="1" step="1"/><E58/><REACH who="1" ten="389,270,329,2" step="2"/><V78/><F84/><W91/><G91/><T10/><AGARI ba="0,1" hai="5,10,12,14,16,22,45,46" m="51273,46121" machi="10" ten="40,5200,0" yaku="13,1,20,1,54,1" doraHai="24" who="0" fromWho="0" sc="389,62,270,-26,329,-13,2,-13" owari="451,55.0,244,-16.0,316,12.0,-11,-51.0" /></mjloggm>