<mjloggm ver="2.3"><GO type="41"/><UN n0="%E4%B9%82%E3%83%AC%E3%83%B3%E4%B9%82" n1="%EF%BC%88%E2%89%A7%E2%96%BD%E2%89%A6%EF%BC%89" n2="%E4%BA%94%E6%9C%88%E4%B8%80%E6%97%A5%2D%61%6F%2D" n3="%52%75%66%66%69%65" dan="13,15,14,13" rate="1885,2024,1953,1818" sx="M,M,M,M"/><TAIKYOKU oya="0"/><INIT seed="0,0,0,3,4,111" ten="250,250,250,250" oya="0" hai0="52,23,36,24,13,86,64,42,99,127,20,125,123" hai1="70,76,60,27,7,33,126,26,61,16,84,44,54" hai2="71,21,129,87,69,66,25,2,59,107,103,120,72" hai3="130,73,106,100,92,39,105,94,51,3,31,0,50"/><T117/><D123/><U58/><E126/><N who="0" m="48137" /><D64/><U91/><E7/><V122/><F72/><W63/><G63/><T90/><D99/><U29/><E76/><V108/><F2/><W10/><G10/><T96/><D96/><U46/><E70/><V53/><F108/><W38/><G100/><T5/><D117/><U56/><E16/><V28/><F103/><W128/><G31/><T82/><D42/><U116/><E26/><V40/><F40/><W19/><G19/><T37/><D52/><U104/><E104/><V119/><F107/><W9/><G9/><N who="0" m="4271" /><D20/><U74/><E116/><V101/><F101/><W77/><G77/><T80/><D82/><U22/><E22/><V62/><F119/><W35/><G73/><T114/><D114/><U93/><REACH who="1" step="1"/><E74/><REACH who="1" ten="250,240,250,250" step="2"/><V85/><F122/><W67/><G35/><T81/><D81/><U57/><E57/><V112/><F120/><W18/><G18/><AGARI ba="0,1" hai="18,23,24,36,37,80,86,90" m="4271,48137" machi="18" ten="30,1500,0" yaku="18,1" doraHai="111" who="0" fromWho="3" sc="250,25,240,0,250,0,250,-15" /><INIT seed="0,1,0,0,5,135" ten="275,240,250,235" oya="0" hai0="115,81,34,61,79,86,104,131,23,122,107,111,117" hai1="67,40,62,48,66,7,5,119,91,24,120,14,103" hai2="53,98,65,10,8,4,110,71,50,113,26,19,31" hai3="101,74,15,59,56,75,90,132,93,58,47,16,76"/><T38/><D115/><U105/><E120/><V63/><F113/><W20/><G132/><T80/><D34/><U123/><E119/><V32/><F110/><W82/><G47/><T109/><D38/><U60/><E123/><V2/><F98/><W78/><G101/><T94/><D122/><U85/><E24/><V29/><F32/><W92/><REACH who="3" step="1"/><G90/><REACH who="3" ten="275,240,250,225" step="2"/><N who="0" m="53591" /><D117/><U112/><E103/><V27/><F27/><W70/><G70/><T106/><D131/><U118/><E91/><V36/><F36/><W89/><G89/><T46/><D46/><U0/><E118/><V33/><F33/><W30/><G30/><T68/><D68/><U37/><E112/><V69/><F69/><W116/><G116/><T64/><D79/><U102/><E102/><V99/><F31/><W126/><G126/><T11/><D111/><U97/><E105/><V22/><F29/><W72/><G72/><T44/><D107/><U17/><E97/><V6/><F99/><W54/><G54/><T57/><D44/><U100/><E100/><V83/><F26/><W134/><G134/><T39/><D106/><U133/><E133/><V130/><F130/><W28/><G28/><T9/><D104/><U96/><E96/><V12/><F53/><W108/><G108/><T128/><D128/><U95/><E85/><V121/><F121/><W125/><G125/><T129/><D109/><U41/><E95/><V21/><F83/><AGARI ba="1,1" hai="15,16,20,56,58,59,74,75,76,78,82,83,92,93" machi="83" ten="40,5200,0" yaku="1,1,9,1,54,1,53,0" doraHai="135" doraHaiUra="1" who="3" fromWho="2" sc="275,0,240,0,250,-55,225,65" /><INIT seed="1,0,0,0,4,95" ten="275,240,195,290" oya="1" hai0="18,114,90,52,50,96,20,111,9,25,45,132,75" hai1="116,73,70,87,46,76,49,91,67,86,1,41,72" hai2="84,59,37,88,108,51,123,17,56,43,22,44,27" hai3="65,7,66,124,54,58,103,110,3,0,6,64,109"/><U94/><E116/><V131/><F123/><W71/><G103/><T4/><D114/><U80/><REACH who="1" step="1"/><E1/><REACH who="1" ten="275,230,195,290" step="2"/><N who="3" m="586" /><G124/><T115/><D132/><U13/><E13/><V55/><F131/><W48/><G71/><T28/><D111/><AGARI ba="0,1" hai="6,7,48,54,58,64,65,66,109,110,111" m="586" machi="111" ten="40,1300,0" yaku="14,1" doraHai="95" who="3" fromWho="0" sc="275,-13,230,0,195,0,290,23" /><INIT seed="2,0,0,3,1,6" ten="262,230,195,313" oya="2" hai0="112,78,113,27,84,64,76,133,30,134,94,53,10" hai1="28,43,37,91,92,116,29,65,117,124,47,114,41" hai2="83,99,97,100,23,101,11,17,50,96,33,7,25" hai3="128,95,86,8,88,126,71,32,89,67,2,44,15"/><V123/><F123/><W59/><G71/><T74/><D64/><U119/><E114/><N who="0" m="44137" /><D53/><U34/><E124/><V68/><F68/><W109/><G126/><T16/><D74/><U132/><E132/><N who="0" m="50793" /><D94/><U52/><E65/><V46/><F33/><W39/><G32/><N who="0" m="20575" /><D84/><U13/><E41/><N who="2" m="24911" /><F83/><W66/><G59/><T73/><D73/><U38/><E38/><V63/><F63/><W103/><G103/><T55/><D55/><U111/><E52/><V40/><F40/><W70/><G70/><T87/><D87/><U77/><E77/><V57/><F57/><W49/><G39/><T48/><D48/><U56/><E56/><V131/><F131/><W35/><G89/><T90/><D90/><U79/><E79/><V0/><F101/><W125/><G128/><T129/><D129/><U122/><E119/><V121/><F100/><W45/><G49/><T98/><D98/><N who="1" m="57631" /><E117/><V75/><F75/><W107/><G107/><T24/><D24/><N who="1" m="18695" /><E116/><V5/><F99/><W104/><G104/><T14/><AGARI ba="0,0" hai="10,14,16,76,78" m="20575,50793,44137" machi="14" ten="40,5200,0" yaku="20,1,52,1,54,1" doraHai="6" who="0" fromWho="0" sc="262,52,230,-13,195,-26,313,-13" /><INIT seed="3,0,0,4,3,33" ten="314,217,169,300" oya="3" hai0="75,30,43,37,66,45,73,21,86,102,0,28,94" hai1="95,90,24,105,76,2,96,115,35,23,16,72,19" hai2="9,8,29,22,120,38,32,98,103,57,31,54,6" hai3="69,39,42,87,104,17,101,106,124,65,34,81,91"/><W52/><G34/><T135/><D135/><U5/><E115/><V50/><F38/><W59/><G101/><T92/><D0/><U61/><E35/><V84/><F120/><W60/><G124/><T56/><D30/><U117/><E117/><V82/><F32/><W128/><G128/><T110/><D86/><U99/><E72/><V25/><F29/><W15/><G42/><T131/><D92/><U116/><E116/><V53/><F53/><W78/><G78/><T80/><D80/><U63/><E76/><V130/><F6/><W51/><G39/><T10/><D10/><AGARI ba="0,0" hai="10,15,17,51,52,59,60,65,69,81,87,91,104,106" machi="10" ten="30,2900,0" yaku="7,1,54,1" doraHai="33" who="3" fromWho="0" sc="314,-29,217,0,169,0,300,29" /><INIT seed="3,1,0,0,0,27" ten="285,217,169,329" oya="3" hai0="125,103,72,109,56,84,121,46,5,90,126,120,87" hai1="117,83,31,97,39,33,81,35,42,112,134,119,67" hai2="13,45,1,123,128,12,85,98,51,100,48,129,22" hai3="6,132,104,60,102,32,95,34,66,69,96,29,127"/><W130/><G34/><T14/><D72/><U115/><E67/><V74/><F1/><W19/><G130/><N who="2" m="50281" /><F74/><W8/><G19/><T9/><D103/><U4/><E42/><N who="2" m="24631" /><F51/><W124/><G95/><T91/><D109/><U18/><E39/><V40/><F40/><W47/><G47/><T99/><D46/><U77/><E134/><V57/><F57/><W2/><G132/><T118/><D99/><U122/><E122/><V105/><F123/><N who="0" m="47178" /><D56/><U135/><E135/><V58/><F58/><W59/><G59/><T82/><D118/><U17/><E119/><V79/><F22/><W131/><G131/><T53/><D53/><U108/><E117/><V10/><F10/><W107/><G107/><T89/><D82/><AGARI ba="1,0" hai="12,13,79,82,85,98,100,105" m="24631,50281" machi="82" ten="30,1000,0" yaku="19,1" doraHai="27" who="2" fromWho="0" sc="285,-13,217,0,169,13,329,0" /><INIT seed="4,0,0,2,5,14" ten="272,217,182,329" oya="0" hai0="17,131,48,47,35,20,57,30,58,63,113,125,85" hai1="104,101,111,45,75,119,76,50,6,102,96,123,128" hai2="2,52,5,83,107,126,32,89,116,56,134,40,36" hai3="37,64,8,51,22,61,53,73,100,24,33,91,121"/><T112/><D131/><U54/><E123/><V109/><F109/><W38/><G121/><T94/><D30/><U70/><E119/><V59/><F107/><W65/><G33/><T124/><D35/><U88/><E111/><V3/><F32/><W44/><G73/><T29/><D29/><U135/><E128/><V106/><F106/><W99/><G91/><N who="0" m="53615" /><D63/><U13/><E135/><V120/><F120/><W122/><G8/><T105/><D105/><U7/><E70/><V81/><F134/><W79/><G79/><T82/><D82/><U67/><E67/><V21/><F36/><W110/><G110/><T97/><D97/><U118/><E118/><V39/><F39/><W16/><G122/><T114/><D48/><U0/><E0/><V72/><F116/><W90/><G65/><T133/><D47/><U46/><E102/><V129/><F129/><W9/><G90/><T74/><D74/><U93/><E46/><V28/><F72/><W25/><G25/><N who="0" m="14479" /><D133/><U92/><E92/><V1/><F1/><W71/><REACH who="3" step="1"/><G9/><REACH who="3" ten="272,217,182,319" step="2"/><T31/><D31/><U80/><REACH who="1" step="1"/><E13/><REACH who="1" ten="272,207,182,319" step="2"/><V66/><F2/><W19/><G19/><T86/><D86/><AGARI ba="0,2" hai="6,7,45,50,54,75,76,80,86,88,93,96,101,104" machi="86" ten="30,12000,2" yaku="1,1,2,1,7,1,24,2,54,1,53,1" doraHai="14" doraHaiUra="98" who="1" fromWho="0" sc="272,-120,207,140,182,0,319,0" /><INIT seed="5,0,0,2,4,101" ten="152,347,182,319" oya="1" hai0="38,55,91,41,15,63,10,52,37,103,96,48,98" hai1="82,24,123,14,11,36,118,27,40,69,93,51,115" hai2="78,99,68,94,79,125,116,64,108,20,62,121,13" hai3="90,85,49,34,56,135,92,110,28,77,105,39,75"/><U17/><E123/><V57/><F108/><W31/><G110/><T127/><D127/><U117/><E69/><V50/><F121/><W1/><G39/><T126/><D126/><U70/><E70/><V6/><F116/><W89/><G1/><T104/><D63/><U128/><E117/><V21/><F125/><W12/><G77/><T132/><D41/><U95/><E118/><V22/><F68/><W42/><G75/><T47/><D55/><U74/><E115/><V46/><F13/><W102/><G135/><T43/><D132/><U45/><E128/><V114/><F6/><W32/><G102/><T130/><D130/><U59/><E74/><V18/><F18/><W120/><G120/><T107/><D91/><U23/><E82/><V16/><F16/><W53/><G105/><T83/><D83/><U8/><E36/><V88/><REACH who="2" step="1"/><F114/><REACH who="2" ten="152,347,172,319" step="2"/><W76/><G12/><T4/><REACH who="0" step="1"/><D43/><AGARI ba="0,1" hai="20,21,22,43,46,50,57,62,64,78,79,88,94,99" machi="43" ten="40,8000,1" yaku="1,1,2,1,8,1,54,1,53,0" doraHai="101" doraHaiUra="100" who="2" fromWho="0" sc="152,-80,347,0,172,90,319,0" /><INIT seed="6,0,0,1,1,121" ten="72,347,262,319" oya="2" hai0="132,93,113,49,69,135,134,98,131,70,39,110,51" hai1="103,56,60,119,30,96,44,72,52,12,92,109,118" hai2="99,35,20,32,38,22,75,85,36,115,1,79,14" hai3="107,47,46,68,116,124,91,80,100,74,55,88,11"/><V3/><F75/><W26/><G116/><T59/><D98/><U34/><E72/><V86/><F99/><W24/><G68/><N who="0" m="26219" /><D93/><U4/><E109/><V63/><F63/><W84/><G74/><T125/><D113/><U83/><E83/><V71/><F71/><W82/><G124/><T9/><D9/><U57/><E44/><V29/><F29/><W123/><G123/><T61/><D131/><U117/><E56/><V43/><F43/><W25/><G100/><T6/><D39/><U19/><E4/><V54/><F14/><W62/><G11/><T8/><D6/><U66/><E66/><V10/><F10/><W120/><G120/><T16/><D8/><U18/><E12/><V53/><REACH who="2" step="1"/><F79/><REACH who="2" ten="72,347,252,319" step="2"/><W89/><G62/><T95/><D16/><U108/><E18/><V102/><F102/><W27/><G27/><T94/><D95/><U45/><E19/><V112/><AGARI ba="0,1" hai="1,3,20,22,32,35,36,38,53,54,85,86,112,115" machi="112" ten="25,9600,0" yaku="1,1,0,1,22,2,53,0" doraHai="121" doraHaiUra="104" who="2" fromWho="2" sc="72,-32,347,-32,252,106,319,-32" /><INIT seed="6,1,0,5,0,10" ten="40,315,358,287" oya="2" hai0="18,57,61,32,23,52,96,121,78,20,82,54,69" hai1="50,55,40,5,28,39,77,30,97,93,71,51,104" hai2="120,117,88,128,92,133,95,107,8,47,11,84,91" hai3="70,123,112,134,66,108,72,38,90,113,119,6,98"/><V60/><F107/><W67/><G38/><T105/><D32/><U132/><E104/><V19/><F117/><W13/><G119/><T43/><D121/><U83/><E71/><V103/><F120/><W87/><G72/><T127/><D43/><U22/><E132/><V17/><F133/><W129/><G134/><T0/><D0/><U35/><E35/><V2/><F128/><W27/><G27/><T75/><D69/><U89/><E5/><V4/><F103/><W130/><G108/><T68/><D127/><U63/><E39/><V7/><F60/><W79/><G98/><T118/><D68/><U44/><E63/><V64/><F64/><N who="3" m="24619" /><G79/><T21/><D118/><U49/><E22/><V76/><F47/><W56/><G56/><T114/><D114/><N who="3" m="44137" /><G70/><T109/><D109/><U15/><E15/><V126/><F126/><W85/><G123/><T42/><D42/><U99/><E99/><V124/><F76/><W16/><G6/><T86/><D54/><U65/><E65/><V125/><REACH who="2" step="1"/><F84/><REACH who="2" ten="40,315,348,287" step="2"/><N who="3" m="32331" /><G90/><T3/><D3/><AGARI ba="1,1" hai="2,3,4,7,8,11,17,19,88,91,92,95,124,125" machi="3" ten="25,9600,0" yaku="1,1,22,2,54,1,53,0" doraHai="10" doraHaiUra="37" who="2" fromWho="0" sc="40,-99,315,0,348,109,287,0" owari="-59,-56.0,315,12.0,457,55.0,287,-11.0" /></mjloggm>