<mjloggm ver="2.3"><GO type="169"/><UN n0="%E7%81%BC%E7%9C%BC%E3%81%AE%E3%82%B7%E3%83%A3%E3%83%8A%E3%82%BF%E3%83%B3" n1="%53%48%49%53%55%4B%45" n2="%E3%83%A4%E3%82%AD%E3%83%B3" n3="%EF%BC%88%E2%89%A7%E2%96%BD%E2%89%A6%EF%BC%89" dan="16,16,16,18" rate="2063,2111,2108,2263" sx="F,M,M,M"/><TAIKYOKU oya="0"/><INIT seed="0,0,0,5,4,8" ten="250,250,250,250" oya="0" hai0="22,17,71,126,115,7,103,68,124,107,116,75,83" hai1="19,66,95,132,104,106,91,32,135,49,93,15,90" hai2="114,128,109,13,10,35,81,127,36,53,76,11,31" hai3="113,24,88,21,16,55,72,29,86,98,120,43,67"/><T45/><D115/><U84/><E32/><V112/><F36/><W4/><G72/><T27/><D116/><U78/><E78/><V63/><F35/><W99/><G120/><T38/><D7/><U65/><E49/><V117/><F31/><W79/><G79/><N who="0" m="44543" /><D103/><U62/><E106/><V134/><F117/><W82/><G113/><T77/><D77/><U97/><E104/><V40/><F40/><W54/><G43/><N who="0" m="22775" /><D107/><U12/><E66/><V57/><F76/><W105/><G67/><T61/><D61/><U85/><E97/><N who="3" m="36874" /><G105/><T23/><D23/><U20/><REACH who="1" step="1"/><E15/><REACH who="1" ten="250,240,250,250" step="2"/><V6/><F13/><N who="3" m="9359" /><G4/><T50/><D50/><U101/><E101/><V14/><F6/><W59/><G59/><AGARI ba="0,1" hai="12,19,20,59,62,65,84,85,90,91,93,95,132,135" machi="59" ten="40,8000,1" yaku="1,1,9,1,52,1,53,2" doraHai="8" doraHaiUra="130" who="1" fromWho="3" sc="250,0,240,90,250,0,250,-80" /><INIT seed="1,0,0,3,4,40" ten="250,330,250,170" oya="1" hai0="38,117,90,133,33,22,5,47,24,64,134,96,27" hai1="44,57,132,111,125,54,124,106,88,25,6,2,108" hai2="97,127,85,7,118,67,129,102,60,37,41,39,50" hai3="66,77,99,36,23,95,19,69,103,79,98,128,91"/><U73/><E73/><V58/><F118/><W53/><G128/><T80/><D117/><U120/><E120/><V42/><F7/><W89/><G36/><T63/><D33/><U59/><E106/><V119/><F119/><W43/><G43/><N who="0" m="23031" /><D5/><U122/><E122/><V13/><F129/><W61/><G53/><T51/><D22/><U0/><E132/><N who="0" m="50793" /><D51/><N who="1" m="29031" /><E25/><V71/><F50/><W83/><G83/><T46/><D46/><U93/><E6/><V9/><F39/><W78/><REACH who="3" step="1"/><G99/><REACH who="3" ten="250,330,250,160" step="2"/><T115/><D80/><U56/><E2/><V21/><F97/><W112/><G112/><T62/><D115/><U55/><E0/><V86/><F21/><W107/><G107/><T126/><D96/><N who="1" m="57383" /><E55/><V45/><F37/><W48/><G48/><T12/><D64/><U4/><E4/><V74/><F42/><W14/><AGARI ba="0,1" hai="14,19,23,61,66,69,77,78,79,89,91,95,98,103" machi="14" ten="30,2000,0" yaku="1,1,0,1,53,0" doraHai="40" doraHaiUra="49" who="3" fromWho="3" sc="250,-5,330,-10,250,-5,160,30" /><INIT seed="2,0,0,4,5,108" ten="245,320,245,190" oya="2" hai0="21,2,42,71,106,97,55,11,83,9,0,84,26" hai1="126,5,37,119,47,134,63,40,112,59,23,131,130" hai2="74,90,72,45,128,10,39,81,30,25,103,99,94" hai3="7,34,85,14,28,98,1,4,124,64,91,129,104"/><V79/><F128/><N who="1" m="49193" /><E119/><V78/><F10/><W36/><G129/><T95/><D71/><U60/><E5/><V93/><F39/><W133/><G1/><T20/><D106/><U57/><E126/><V111/><F45/><W6/><G36/><T120/><D42/><U61/><E23/><V80/><F111/><W135/><G124/><T101/><D120/><U75/><E75/><N who="2" m="43103" /><F30/><W65/><G14/><T66/><D66/><U109/><E109/><V19/><F19/><W121/><G121/><T13/><D55/><U70/><E134/><N who="3" m="51210" /><G98/><T44/><D44/><U116/><E116/><V41/><F41/><W68/><G104/><T117/><D117/><U118/><E118/><V52/><F52/><W123/><G68/><T67/><D67/><N who="1" m="41343" /><E112/><V17/><F25/><N who="3" m="18703" /><G123/><T132/><D132/><U56/><AGARI ba="0,0" hai="37,40,47,56,57,59,60,61" m="41343,49193" machi="56" ten="30,4000,0" yaku="19,1,34,2" doraHai="108" who="1" fromWho="1" sc="245,-10,320,40,245,-20,190,-10" /><INIT seed="3,0,0,2,1,36" ten="235,360,225,180" oya="3" hai0="89,44,122,124,19,95,17,53,33,39,102,126,13" hai1="63,64,7,18,114,28,119,42,133,110,4,41,112" hai2="115,16,34,111,70,35,27,12,2,81,40,100,105" hai3="121,92,58,72,134,54,77,15,83,94,120,132,49"/><W108/><G108/><T21/><D33/><U98/><E110/><V75/><F111/><W48/><G15/><T90/><D122/><U65/><E28/><V59/><F2/><W97/><G48/><N who="0" m="28807" /><D39/><U91/><E133/><N who="3" m="51306" /><G94/><T86/><D19/><U66/><E63/><V62/><F70/><W1/><G1/><T8/><D8/><U47/><E119/><V3/><F3/><W67/><G67/><T101/><D90/><AGARI ba="0,0" hai="49,54,58,72,77,83,90,92,97,120,121" m="51306" machi="90" ten="30,1500,0" yaku="20,1" doraHai="36" who="3" fromWho="0" sc="235,-15,360,0,225,0,180,15" /><INIT seed="3,1,0,1,5,63" ten="220,360,225,195" oya="3" hai0="105,85,14,55,46,118,20,69,135,107,102,80,119" hai1="47,78,21,113,88,44,1,61,99,51,84,35,56" hai2="109,133,115,83,33,110,75,112,42,15,39,86,116" hai3="123,70,91,60,64,72,48,82,54,121,90,49,59"/><W77/><REACH who="3" step="1"/><G49/><REACH who="3" ten="220,360,225,185" step="2"/><N who="0" m="29111" /><D118/><U101/><E113/><V9/><F116/><W57/><G57/><T2/><D119/><U5/><E51/><V50/><F50/><W117/><G117/><T111/><D69/><U31/><E47/><V100/><F115/><W127/><G127/><T41/><D111/><U67/><E44/><V94/><F112/><W74/><G74/><T43/><D135/><U18/><E56/><V38/><F133/><W103/><G103/><T79/><D102/><U16/><E101/><V93/><F75/><W45/><G45/><T128/><D43/><U25/><E61/><V87/><F42/><W106/><G106/><T17/><D41/><U124/><E124/><V66/><F100/><W11/><G11/><T32/><D107/><U12/><E1/><V96/><F9/><W108/><G108/><T76/><D105/><U4/><E35/><V52/><F33/><W132/><G132/><T62/><D2/><U71/><E71/><V37/><F109/><W40/><G40/><T129/><D32/><U29/><E4/><V131/><F110/><W13/><G13/><T24/><D62/><U34/><E5/><V95/><F15/><W53/><G53/><T58/><D58/><U30/><E34/><V97/><F52/><W6/><G6/><T89/><D14/><U130/><E12/><V36/><F36/><W126/><G126/><T3/><D3/><U122/><E122/><AGARI ba="1,1" hai="48,54,59,60,64,70,72,77,82,90,91,121,122,123" machi="122" ten="40,7700,0" yaku="21,2,52,1,53,0" doraHai="63" doraHaiUra="7" who="3" fromWho="1" sc="220,0,360,-80,225,0,185,90" /><INIT seed="3,2,0,0,4,109" ten="220,280,225,275" oya="3" hai0="59,110,124,0,80,86,71,60,12,78,108,25,45" hai1="94,115,95,128,56,1,119,2,44,51,67,134,135" hai2="53,52,36,39,74,125,35,14,100,114,123,101,49" hai3="69,96,62,27,118,33,132,29,34,122,65,7,55"/><W83/><G122/><T50/><D0/><U57/><E115/><V58/><F35/><W117/><G132/><N who="1" m="50730" /><E128/><V113/><F74/><W126/><G126/><T46/><D124/><U84/><E119/><V66/><F125/><W64/><G34/><T22/><D71/><U116/><E116/><V90/><F66/><W21/><G65/><T63/><D12/><U120/><E120/><V93/><F123/><W41/><G41/><T91/><D46/><U127/><E127/><V32/><F32/><W73/><G7/><T105/><D105/><U20/><E20/><V10/><F53/><W9/><G9/><T106/><D106/><U54/><E84/><V23/><F39/><W15/><G55/><T129/><D129/><U89/><E67/><V112/><F36/><W37/><G37/><T130/><D130/><U30/><E30/><V98/><REACH who="2" step="1"/><F23/><REACH who="2" ten="220,280,215,275" step="2"/><W42/><G21/><T61/><D22/><U16/><E54/><V77/><F77/><N who="3" m="44463" /><G42/><T3/><D78/><U19/><E44/><V87/><F87/><W40/><G40/><T81/><D45/><U99/><E99/><V17/><AGARI ba="2,1" hai="10,14,17,49,52,58,90,93,98,100,101,112,113,114" machi="17" ten="30,12000,2" yaku="1,1,0,1,52,3,54,1,53,1" doraHai="109" doraHaiUra="92" who="2" fromWho="2" sc="220,-32,280,-32,215,136,275,-62" /><INIT seed="4,0,0,0,5,129" ten="188,248,351,213" oya="0" hai0="0,122,72,85,17,1,59,44,22,127,41,92,104" hai1="71,113,61,2,42,45,53,80,135,29,39,110,6" hai2="124,94,112,118,35,24,32,19,77,56,57,132,49" hai3="88,95,28,69,81,114,30,101,10,62,5,4,79"/><T13/><D122/><U115/><E110/><V40/><F77/><W130/><G130/><T86/><D104/><U134/><E29/><V96/><F118/><W126/><G126/><T82/><D127/><U91/><E6/><V26/><F124/><W131/><G131/><T27/><D72/><U89/><E2/><V9/><F40/><W65/><G101/><T48/><D59/><N who="1" m="35055" /><E71/><V84/><F84/><W125/><G114/><N who="1" m="43530" /><E89/><V55/><F57/><W99/><G125/><T107/><D107/><U100/><E100/><V68/><F35/><W51/><G51/><T108/><D108/><U64/><E64/><V50/><F32/><W76/><G76/><T37/><D37/><U83/><E91/><N who="2" m="55391" /><F50/><W36/><G36/><T93/><D27/><U18/><E18/><V15/><F68/><W20/><G4/><T67/><D67/><U38/><E38/><V119/><F119/><W120/><G120/><T7/><D86/><U116/><E116/><V12/><F112/><W58/><G69/><T90/><REACH who="0" step="1"/><D1/><REACH who="0" ten="178,248,351,213" step="2"/><U97/><E97/><V31/><F26/><W60/><G65/><T63/><D63/><U8/><E8/><AGARI ba="0,1" hai="0,7,8,13,17,22,41,44,48,82,85,90,92,93" machi="8" ten="40,2000,0" yaku="1,1,53,0" doraHai="129" doraHaiUra="121" who="0" fromWho="1" sc="178,30,248,-20,351,0,213,0" /><INIT seed="4,1,0,2,2,33" ten="208,228,351,213" oya="0" hai0="84,45,52,62,7,49,106,21,119,77,90,134,128" hai1="8,26,100,35,124,53,60,65,38,13,120,93,109" hai2="19,94,125,122,25,17,3,43,47,96,135,18,9" hai3="63,114,50,23,75,71,129,74,112,107,37,69,101"/><T61/><D106/><U105/><E120/><V97/><F122/><W95/><G129/><T42/><D119/><U80/><E109/><V64/><F64/><N who="3" m="41119" /><G37/><T16/><D134/><U91/><E38/><V87/><F125/><W92/><G71/><T39/><D128/><U121/><E105/><V24/><F135/><W2/><G2/><T73/><D7/><U29/><E121/><V48/><F87/><W11/><G11/><T85/><D73/><U103/><E124/><V76/><F76/><W130/><G130/><T10/><D10/><U117/><E117/><V28/><F28/><W67/><G67/><T32/><D32/><U15/><E53/><V12/><F3/><W127/><G127/><T98/><D39/><U6/><E80/><V5/><F97/><N who="3" m="61871" /><G50/><N who="0" m="26935" /><D77/><U41/><E41/><V88/><AGARI ba="1,0" hai="5,9,12,17,18,19,24,25,43,47,48,88,94,96" machi="88" ten="30,4000,0" yaku="0,1,8,1,54,1" doraHai="33" who="2" fromWho="2" sc="208,-21,228,-11,351,43,213,-11" /><INIT seed="5,0,0,0,5,120" ten="187,217,394,202" oya="1" hai0="6,106,121,39,1,43,53,90,130,18,74,33,102" hai1="89,84,2,9,35,67,60,69,44,25,62,45,61" hai2="78,119,91,92,31,87,28,124,70,54,113,41,19" hai3="115,10,98,49,21,3,105,108,125,20,133,55,15"/><U80/><E2/><V103/><F70/><W57/><G3/><T42/><D74/><U73/><E73/><V126/><F119/><W66/><G115/><T52/><D33/><U12/><E35/><V5/><F5/><W59/><G108/><T100/><D1/><U85/><E25/><V109/><F109/><W129/><G129/><T77/><D77/><N who="1" m="46095" /><E67/><V40/><F78/><W75/><G75/><T56/><D6/><N who="1" m="3127" /><E69/><V30/><F113/><W11/><G133/><T72/><D72/><U4/><E4/><V104/><F104/><W97/><G125/><N who="2" m="48233" /><F103/><W96/><G105/><T46/><D130/><U23/><E23/><N who="3" m="8778" /><G15/><T13/><D121/><U36/><E36/><V83/><F19/><W118/><G118/><T47/><D90/><U16/><E16/><V131/><F131/><W26/><G26/><T63/><D106/><U134/><E134/><V122/><F91/><W95/><G95/><AGARI ba="0,0" hai="44,45,60,61,62,85,89,95" m="3127,46095" machi="95" ten="30,1500,0" yaku="8,1" doraHai="120" who="1" fromWho="3" sc="187,0,217,15,394,0,202,-15" /><INIT seed="5,1,0,5,2,11" ten="187,232,394,187" oya="1" hai0="83,50,63,101,58,96,3,37,42,39,74,106,129" hai1="81,88,97,126,134,46,14,110,54,55,64,75,84" hai2="104,6,128,124,69,38,5,1,99,12,10,51,52" hai3="41,45,34,87,19,49,36,89,119,73,91,21,59"/><U57/><E126/><V115/><F38/><W17/><G73/><T117/><D3/><U56/><E134/><V112/><F69/><W40/><G34/><T62/><D117/><U22/><E110/><V68/><F68/><W98/><G119/><T27/><D129/><U71/><E71/><V60/><F60/><W102/><G87/><T111/><D111/><U116/><E116/><V109/><F109/><W114/><G114/><N who="2" m="43561" /><F128/><W61/><G40/><T86/><D63/><N who="1" m="37999" /><E75/><V0/><F6/><W122/><G122/><T26/><D74/><U135/><E135/><V127/><F99/><W77/><G77/><T24/><D50/><N who="1" m="29015" /><E97/><V66/><F104/><W35/><G35/><T9/><D42/><U18/><E56/><N who="2" m="32799" /><F66/><W48/><G36/><T95/><D106/><U43/><E55/><V31/><F0/><W67/><G48/><T4/><D62/><U132/><E132/><V94/><F1/><W53/><G53/><T25/><N who="0" m="6144" /><DORA hai="108" /><T33/><D58/><U93/><E43/><V72/><F72/><W16/><REACH who="3" step="1"/><G21/><REACH who="3" ten="187,232,394,177" step="2"/><T133/><D33/><U78/><E78/><V47/><F127/><W121/><G121/><T113/><D113/><U8/><E22/><V123/><F124/><W28/><G28/><T85/><D133/><U44/><E44/><V23/><F123/><W125/><G125/><T107/><D39/><U120/><E120/><V105/><F47/><W65/><G65/><T29/><D37/><U79/><E79/><V130/><F130/><W76/><G76/><T32/><D32/><U118/><E118/><V103/><F31/><W30/><G30/><RYUUKYOKU ba="1,1" sc="187,-15,232,15,394,-15,177,15" hai1="8,14,18,81,84,88,93" hai3="16,17,19,41,45,49,59,61,67,89,91,98,102" /><INIT seed="5,2,1,2,2,53" ten="172,247,379,192" oya="1" hai0="25,134,50,10,36,112,12,20,94,78,2,42,127" hai1="106,68,59,17,98,58,72,95,110,43,11,93,45" hai2="0,23,85,40,125,26,81,132,101,97,126,52,129" hai3="83,46,90,111,92,114,14,119,82,67,61,6,115"/><U71/><E72/><V124/><F0/><W63/><G111/><T135/><D36/><U34/><E34/><V7/><F7/><W39/><G119/><T5/><D78/><U4/><E106/><N who="2" m="63791" /><F40/><N who="3" m="22815" /><G14/><T49/><D112/><N who="3" m="43049" /><G6/><T117/><D117/><U41/><E110/><V66/><F26/><W22/><G22/><T47/><D127/><U44/><E71/><V62/><F23/><W24/><G24/><T86/><D49/><U33/><E33/><V107/><F107/><W54/><G54/><T74/><D74/><U104/><E104/><V103/><F52/><W8/><G8/><T99/><D2/><U9/><E68/><V19/><F126/><W84/><G63/><T122/><D122/><U91/><E4/><V60/><F60/><W1/><G1/><T109/><D109/><U27/><E27/><V57/><F62/><W18/><G18/><T15/><D15/><N who="1" m="7423" /><E9/><V21/><F21/><W38/><G38/><T51/><D20/><U30/><E30/><V55/><F19/><W65/><G65/><T100/><D25/><U35/><E35/><V133/><F66/><W131/><G131/><T116/><D116/><U89/><E41/><V79/><F129/><W48/><G48/><T121/><D51/><N who="1" m="27039" /><E45/><V120/><F120/><W130/><G130/><T105/><D121/><U3/><E3/><V80/><F125/><W96/><G96/><AGARI ba="2,1" hai="58,59,89,91,93,95,96,98" m="27039,7423" machi="96" ten="30,5800,0" yaku="8,1,52,2" doraHai="53" who="1" fromWho="3" sc="172,0,247,74,379,0,192,-64" /><INIT seed="5,3,0,4,2,34" ten="172,321,379,128" oya="1" hai0="103,99,51,93,101,69,2,115,79,28,43,4,125" hai1="14,50,37,134,54,113,91,75,117,7,98,63,59" hai2="92,129,9,16,17,6,67,22,12,45,52,41,76" hai3="65,114,132,0,19,90,20,66,105,88,57,77,95"/><U127/><E117/><V120/><F120/><W73/><G105/><T61/><D125/><U94/><E37/><V102/><F129/><W10/><G132/><T130/><D130/><U121/><E121/><V104/><F104/><W32/><G32/><T126/><D126/><U24/><E127/><V26/><F67/><W3/><G114/><T31/><D115/><U122/><E122/><V44/><F76/><W15/><G90/><T123/><D123/><U35/><E113/><V97/><F41/><W135/><G135/><T118/><D118/><U133/><E75/><V23/><REACH who="2" step="1"/><F52/><REACH who="2" ten="172,321,369,128" step="2"/><W131/><G131/><T25/><D79/><U111/><E134/><V33/><F33/><W64/><G57/><T29/><D43/><U58/><E133/><V68/><F68/><W60/><G60/><T116/><D61/><U53/><E35/><V30/><F30/><W107/><G107/><T80/><D31/><U85/><E111/><V124/><F124/><W100/><G100/><T5/><D29/><U48/><E63/><V1/><AGARI ba="3,1" hai="1,6,9,12,16,17,22,23,26,44,45,92,97,102" machi="1" ten="20,8000,1" yaku="1,1,0,1,7,1,52,1,54,1,53,0" doraHai="34" doraHaiUra="110" who="2" fromWho="2" sc="172,-23,321,-43,369,99,128,-23" /><INIT seed="6,0,0,3,2,6" ten="149,278,468,105" oya="2" hai0="29,47,14,103,130,124,134,115,89,22,24,91,41" hai1="132,74,7,129,114,122,120,49,3,118,97,108,52" hai2="64,25,75,95,135,79,36,37,27,2,26,69,13" hai3="28,23,35,55,34,102,15,123,133,54,125,111,43"/><V8/><F2/><W45/><G123/><N who="1" m="47146" /><E74/><V128/><F69/><W21/><G111/><T11/><D115/><U113/><E108/><V53/><F64/><W72/><G72/><T10/><D124/><U92/><E118/><V94/><F75/><W63/><G133/><T61/><D134/><U70/><E70/><V109/><F79/><W96/><G125/><T60/><D130/><U131/><E132/><V81/><F128/><N who="1" m="49225" /><E7/><V126/><F126/><W76/><G76/><T18/><D103/><N who="1" m="60839" /><E3/><V59/><F109/><W38/><G35/><T62/><REACH who="0" step="1"/><D11/><REACH who="0" ten="139,278,468,105" step="2"/><U4/><E4/><V86/><F8/><W32/><G102/><T71/><D71/><U98/><E98/><V51/><F135/><W66/><G96/><T33/><D33/><U56/><AGARI ba="0,1" hai="49,52,56,113,114" m="60839,49225,47146" machi="56" ten="40,5200,0" yaku="13,1,19,1,54,1" doraHai="6" who="1" fromWho="1" sc="139,-13,278,62,468,-26,105,-13" /><INIT seed="7,0,0,5,3,127" ten="126,340,442,92" oya="3" hai0="4,36,116,51,59,117,43,23,45,60,32,70,48" hai1="85,27,131,33,121,107,5,12,111,25,11,128,77" hai2="21,35,93,112,17,44,7,3,125,39,96,6,88" hai3="95,66,86,90,57,18,14,104,62,72,71,50,129"/><W79/><G104/><T94/><D23/><U28/><E107/><V30/><F125/><W122/><G122/><T16/><D94/><U81/><E121/><V22/><F35/><W76/><G72/><T133/><D16/><U101/><E101/><V2/><F30/><W15/><G129/><N who="1" m="49738" /><E27/><V26/><F112/><W31/><G31/><T34/><D4/><U46/><E46/><V83/><F39/><W75/><G75/><T68/><D36/><U69/><E69/><V13/><F44/><W10/><G71/><T67/><D68/><U64/><E64/><V56/><F56/><W135/><G135/><T100/><D59/><U20/><E33/><V47/><F47/><W123/><G123/><T19/><D45/><U99/><E99/><V132/><F132/><W130/><G130/><T9/><D133/><U74/><E74/><V41/><F41/><W106/><G106/><T65/><D43/><U89/><E77/><V61/><F96/><W118/><G118/><T115/><D116/><U119/><E119/><V54/><F3/><W49/><REACH who="3" step="1"/><G15/><REACH who="3" ten="126,340,442,82" step="2"/><T84/><D117/><U102/><E102/><V124/><F13/><W97/><G97/><T55/><D100/><U1/><E12/><V29/><F29/><W63/><G63/><T105/><D60/><U58/><E58/><V42/><F61/><W98/><G98/><T37/><D105/><U87/><E87/><V82/><F124/><W53/><G53/><T78/><D55/><U24/><E24/><V126/><F26/><W114/><G114/><T91/><D115/><U92/><E111/><V120/><F126/><RYUUKYOKU ba="0,1" sc="126,-15,340,15,442,-15,82,15" hai1="1,5,11,20,25,28,81,85,89,92" hai3="10,14,18,49,50,57,62,66,76,79,86,90,95" /><INIT seed="7,1,1,1,5,79" ten="111,355,427,97" oya="3" hai0="131,64,82,0,73,107,24,134,45,114,40,23,132" hai1="70,101,123,33,34,88,46,81,20,75,47,59,105" hai2="91,84,120,126,109,100,102,128,44,7,108,110,26" hai3="43,32,87,53,97,95,92,28,54,122,89,113,111"/><W61/><G122/><T62/><D0/><U12/><E70/><V41/><F7/><W48/><G113/><T78/><D107/><U99/><E123/><V118/><F120/><W57/><G111/><T103/><D103/><U116/><E116/><V71/><F71/><W8/><G43/><T67/><D131/><U5/><E34/><V135/><F118/><W56/><G8/><T10/><D10/><U63/><E33/><V18/><F128/><W124/><G124/><T66/><D114/><U119/><E119/><V39/><F126/><W60/><G32/><T51/><REACH who="0" step="1"/><D62/><REACH who="0" ten="101,355,427,97" step="2"/><U94/><E5/><V125/><F102/><N who="3" m="60735" /><G28/><AGARI ba="1,2" hai="23,24,28,40,45,51,64,66,67,73,78,82,132,134" machi="28" ten="40,2600,0" yaku="1,1,52,1,53,0" doraHai="79" doraHaiUra="1" who="0" fromWho="3" sc="101,49,355,0,427,0,97,-29" owari="150,-25.0,355,16.0,427,52.0,68,-43.0" /></mjloggm>