<mjloggm ver="2.3"><GO type="169"/><UN n0="%76%65%74%6F%6F" n1="%E9%9C%A7%E3%81%AE%E6%B5%AE%E8%88%9F" n2="%E3%81%93%E3%81%BE%E3%81%A3%E3%81%95%E3%82%93" n3="%EF%BC%88%E2%89%A7%E2%96%BD%E2%89%A6%EF%BC%89" dan="16,18,16,16" rate="2022,2259,2077,2124" sx="M,M,M,M"/><TAIKYOKU oya="0"/><INIT seed="0,0,0,0,1,64" ten="250,250,250,250" oya="0" hai0="55,18,7,81,95,79,39,8,38,49,41,44,58" hai1="75,66,88,11,71,65,77,13,30,131,134,59,104" hai2="67,106,28,76,29,80,121,112,17,132,126,118,109" hai3="111,15,22,97,6,53,69,114,54,24,89,86,102"/><T19/><D95/><U43/><E104/><V124/><F106/><W100/><G114/><T40/><D40/><U35/><E134/><V5/><F112/><W27/><G111/><T72/><REACH who="0" step="1"/><D39/><REACH who="0" ten="240,250,250,250" step="2"/><U127/><E43/><V14/><F132/><W20/><G102/><T2/><AGARI ba="0,1" hai="2,7,8,18,19,38,41,44,49,55,58,72,79,81" machi="2" ten="20,18000,2" yaku="1,1,2,1,0,1,7,1,25,2,53,1" doraHai="64" doraHaiUra="0" who="0" fromWho="0" sc="240,190,250,-60,250,-60,250,-60" /><INIT seed="0,1,0,3,1,108" ten="430,190,190,190" oya="0" hai0="45,99,29,68,125,26,61,6,90,17,64,135,21" hai1="131,88,79,60,114,72,123,81,25,53,65,55,121" hai2="101,9,22,118,85,120,15,75,7,1,31,36,16" hai3="105,117,103,129,106,93,62,52,80,13,92,104,70"/><T2/><D135/><U113/><E131/><V41/><F120/><N who="1" m="46153" /><E25/><V132/><F118/><W67/><G117/><T115/><D45/><U39/><E88/><V76/><F132/><W0/><G0/><T28/><D125/><U20/><E20/><V94/><F31/><W38/><G38/><T35/><D99/><U46/><E46/><N who="2" m="23847" /><F85/><W128/><G80/><T78/><D90/><U111/><E39/><V124/><F124/><W112/><G112/><N who="1" m="43114" /><E111/><V119/><F119/><W54/><G129/><T89/><D115/><U11/><E11/><V91/><F91/><W66/><G128/><T43/><D89/><U127/><E127/><V95/><F101/><W133/><G103/><T71/><D78/><U48/><E48/><V82/><AGARI ba="1,0" hai="1,7,9,15,16,22,75,76,82,94,95" m="23847" machi="82" ten="30,2000,0" yaku="25,1,54,1" doraHai="108" who="2" fromWho="2" sc="430,-11,190,-6,190,23,190,-6" /><INIT seed="1,0,0,3,1,85" ten="419,184,213,184" oya="1" hai0="87,15,20,32,112,1,62,21,40,8,124,35,77" hai1="13,59,84,95,42,86,104,39,128,120,92,64,36" hai2="9,29,80,28,125,33,82,68,0,134,133,73,102" hai3="50,55,47,27,16,105,67,111,10,76,108,71,52"/><U24/><E120/><V37/><F37/><W101/><G76/><T46/><D112/><U122/><E122/><V75/><F68/><W131/><G131/><T130/><D130/><U60/><E104/><V99/><F9/><W41/><G101/><T119/><D1/><U79/><E128/><V106/><F0/><W7/><G105/><T97/><D97/><U18/><E24/><V117/><F28/><W69/><G69/><T51/><D119/><U93/><E42/><V98/><F29/><W121/><G121/><T44/><D62/><U78/><E39/><V5/><F5/><W58/><G7/><T43/><D124/><U48/><E36/><V23/><F23/><N who="3" m="13799" /><G10/><T96/><D96/><U57/><E48/><V49/><F49/><W19/><G19/><T17/><D35/><U72/><E59/><V38/><F38/><N who="3" m="21943" /><G55/><T22/><D32/><U3/><E3/><V129/><F33/><W26/><G26/><T90/><D77/><N who="1" m="29195" /><E72/><V126/><F129/><W100/><G100/><T135/><D135/><N who="2" m="51722" /><F99/><W103/><G103/><T66/><D66/><U127/><E127/><N who="2" m="48651" /><F117/><W83/><G71/><T12/><D12/><U115/><E115/><V30/><F30/><W116/><G116/><T2/><D2/><U61/><E61/><V45/><F45/><N who="0" m="17514" /><D51/><U118/><E118/><V113/><F113/><W107/><G50/><T89/><D43/><U114/><E114/><V94/><F106/><W11/><G107/><T81/><D40/><U25/><E25/><V74/><AGARI ba="0,0" hai="73,74,75,80,82,94,98,102" m="48651,51722" machi="74" ten="40,8000,1" yaku="20,1,18,1,34,2" doraHai="85" who="2" fromWho="2" sc="419,-20,184,-40,213,80,184,-20" /><INIT seed="2,0,0,2,4,129" ten="399,144,293,164" oya="2" hai0="14,116,95,82,85,112,84,131,20,33,17,7,19" hai1="58,134,55,46,78,76,41,106,101,3,25,99,29" hai2="93,83,23,62,94,32,114,120,67,123,64,2,69" hai3="52,113,36,30,59,16,31,75,34,115,80,108,111"/><V65/><F32/><W43/><G43/><T44/><D112/><N who="3" m="43081" /><G36/><T87/><D33/><U119/><E119/><V18/><F114/><W109/><G34/><T73/><D131/><U97/><E3/><V5/><F2/><W71/><G71/><T0/><D116/><U107/><E134/><V39/><F39/><W126/><G126/><T81/><D73/><U128/><E128/><V104/><F104/><W122/><G122/><T50/><D95/><U53/><E99/><V124/><F5/><W6/><G6/><T1/><D1/><U51/><E107/><V132/><F83/><W49/><G16/><N who="0" m="10263" /><D0/><U117/><E117/><V91/><F94/><W103/><G103/><T125/><D7/><U105/><E105/><V42/><F42/><W4/><G4/><T110/><D110/><U61/><REACH who="1" step="1"/><E41/><REACH who="1" ten="399,134,293,164" step="2"/><V98/><F124/><W37/><G37/><T74/><D125/><U118/><E118/><V47/><F123/><W38/><G38/><T72/><D72/><U88/><E88/><V70/><F120/><W35/><G35/><AGARI ba="0,1" hai="25,29,35,46,51,53,55,58,61,76,78,97,101,106" machi="35" ten="30,3900,0" yaku="1,1,7,1,53,1" doraHai="129" doraHaiUra="54" who="1" fromWho="3" sc="399,0,134,49,293,0,164,-39" /><INIT seed="3,0,0,0,1,70" ten="399,183,293,125" oya="3" hai0="37,135,21,81,79,9,85,51,50,110,119,15,124" hai1="114,47,25,118,115,108,75,126,23,13,97,28,6" hai2="30,5,29,92,44,125,100,106,117,130,31,35,32" hai3="56,16,80,53,102,133,112,121,65,61,48,111,91"/><W104/><G121/><T59/><D119/><U83/><E118/><V74/><F117/><W58/><G112/><T128/><D37/><U62/><E108/><V17/><F74/><W22/><G111/><T42/><D110/><U95/><E126/><V63/><F106/><W109/><G109/><T57/><D124/><U41/><E62/><V2/><F125/><W0/><G0/><T94/><D135/><U20/><E75/><V46/><F63/><W11/><G133/><T113/><D128/><U34/><E83/><V87/><F130/><W60/><G11/><T127/><D127/><U10/><E115/><V12/><F5/><W101/><G104/><T38/><D38/><U78/><E78/><V77/><F2/><W76/><G91/><T27/><D94/><U4/><E4/><V64/><F64/><W123/><G61/><T73/><D73/><U82/><E82/><V45/><F77/><W26/><REACH who="3" step="1"/><G123/><REACH who="3" ten="399,183,293,115" step="2"/><T14/><D113/><U55/><E114/><V66/><F66/><W99/><G99/><T69/><D9/><U24/><E97/><V120/><F120/><W93/><G93/><T7/><D79/><U1/><E95/><V71/><F92/><W18/><G18/><T89/><D81/><U8/><E8/><V39/><F17/><W43/><G43/><T67/><D89/><U90/><E90/><V72/><F100/><W40/><G40/><T134/><D42/><U116/><E41/><V3/><F3/><W105/><G105/><T131/><D134/><U49/><E116/><V107/><F107/><W33/><G33/><T129/><D129/><RYUUKYOKU ba="0,1" sc="399,-10,183,-10,293,-10,115,30" hai3="16,22,26,48,53,56,58,60,65,76,80,101,102" /><INIT seed="3,1,1,1,0,38" ten="389,173,283,145" oya="3" hai0="13,11,15,94,112,74,102,65,83,126,5,67,111" hai1="27,71,28,79,54,61,47,37,57,118,26,72,103" hai2="109,52,73,32,62,90,80,125,119,93,130,114,107" hai3="127,75,1,44,98,7,86,25,116,106,8,64,9"/><W29/><G75/><T4/><D111/><U40/><E118/><V55/><F32/><W96/><G116/><T76/><D126/><U101/><E26/><V78/><F119/><W21/><G127/><T122/><D122/><U51/><E79/><V34/><F34/><W135/><G135/><T41/><D112/><U18/><E18/><V132/><F125/><W85/><G64/><T16/><D4/><U30/><E72/><V42/><F114/><W60/><G60/><T99/><D41/><U81/><E81/><V49/><F132/><W105/><G44/><T100/><REACH who="0" step="1"/><D102/><REACH who="0" ten="379,173,283,145" step="2"/><U115/><E115/><V14/><F109/><W120/><G120/><T20/><AGARI ba="1,2" hai="5,11,13,15,16,20,65,67,74,76,83,94,99,100" machi="20" ten="20,8000,1" yaku="1,1,2,1,0,1,7,1,54,1,53,0" doraHai="38" doraHaiUra="128" who="0" fromWho="0" sc="379,103,173,-21,283,-21,145,-41" /><INIT seed="4,0,0,4,2,7" ten="482,152,262,104" oya="0" hai0="43,31,113,82,67,129,112,71,101,9,104,95,135" hai1="92,73,30,2,27,44,102,74,124,111,66,53,79" hai2="12,10,125,28,52,119,55,128,76,56,81,122,41" hai3="38,85,121,29,20,99,64,98,13,46,34,0,32"/><T118/><D118/><U14/><E2/><V39/><F122/><W11/><G121/><T115/><D31/><U83/><E111/><V15/><F119/><W25/><G64/><T68/><D104/><U133/><E73/><V117/><F117/><W131/><G131/><T60/><D129/><U109/><E109/><V127/><F128/><W80/><G0/><T42/><D71/><U94/><E66/><V84/><F28/><W89/><G34/><T100/><D135/><U61/><E133/><V5/><F41/><N who="0" m="15370" /><D82/><U130/><E130/><V114/><F39/><W123/><G123/><T91/><D9/><U8/><E124/><N who="2" m="47691" /><F114/><W59/><G32/><T69/><D69/><U26/><E102/><V19/><F56/><W57/><G38/><T24/><D24/><U58/><E44/><V62/><F62/><W48/><G57/><T110/><D110/><U103/><E103/><V72/><F72/><W65/><G59/><T1/><D1/><U40/><E40/><V17/><F5/><N who="3" m="3311" /><G65/><T63/><D63/><U35/><REACH who="1" step="1"/><E27/><REACH who="1" ten="482,142,262,104" step="2"/><V107/><F107/><W78/><G78/><T51/><D51/><U77/><E77/><V49/><F49/><W90/><G90/><T108/><D108/><U116/><E116/><V23/><AGARI ba="0,1" hai="10,12,15,17,19,23,52,55,76,81,84" m="47691" machi="23" ten="30,4000,0" yaku="18,1,52,1,54,1" doraHai="7" who="2" fromWho="2" sc="482,-20,142,-10,262,50,104,-10" /><INIT seed="5,0,0,5,0,26" ten="462,132,312,94" oya="1" hai0="117,30,109,124,101,75,106,98,99,107,15,100,35" hai1="41,110,114,125,87,3,37,29,112,52,53,19,81" hai2="68,95,67,84,0,129,9,131,77,88,14,8,108" hai3="85,64,127,11,72,111,27,90,73,97,22,59,45"/><U126/><E3/><V102/><F108/><W120/><G111/><T133/><D109/><U93/><E110/><V5/><F67/><W82/><G120/><T61/><D117/><U47/><E93/><V49/><F68/><W39/><G127/><N who="1" m="48650" /><E19/><V118/><F118/><W63/><G11/><T113/><D113/><N who="1" m="43627" /><E29/><V21/><F21/><W115/><G115/><T56/><D124/><U7/><E7/><V134/><F134/><W2/><G2/><T46/><D75/><U24/><E24/><V89/><F102/><W74/><G97/><T4/><D4/><U54/><E87/><V57/><F95/><W58/><G58/><T50/><D15/><U34/><E81/><V91/><F84/><W20/><REACH who="3" step="1"/><G27/><REACH who="3" ten="462,132,312,84" step="2"/><T1/><D1/><U116/><E34/><V104/><F0/><W135/><G135/><T66/><D133/><U83/><E83/><V16/><F8/><W65/><G65/><T71/><D35/><U96/><E96/><V43/><F9/><W33/><G33/><T103/><D103/><U40/><E116/><V94/><F57/><W69/><G69/><T62/><D71/><U32/><E32/><V51/><F5/><W80/><G80/><T48/><D56/><U38/><E47/><V6/><F6/><W105/><G105/><T36/><D46/><U18/><E18/><V130/><F16/><W119/><G119/><T44/><D44/><U128/><E128/><V60/><F131/><W79/><G79/><T25/><D25/><U92/><E92/><V78/><F130/><W55/><G55/><T42/><D101/><U31/><E31/><RYUUKYOKU ba="0,1" sc="462,-15,132,15,312,-15,84,15" hai1="37,38,40,41,52,53,54" hai3="20,22,39,45,59,63,64,72,73,74,82,85,90" /><INIT seed="5,1,1,4,2,92" ten="447,147,297,99" oya="1" hai0="133,94,47,125,13,15,135,21,51,69,45,114,106" hai1="35,12,14,79,72,10,48,134,31,130,34,16,86" hai2="121,100,46,33,85,58,8,20,57,32,131,127,126" hai3="120,104,65,119,41,53,26,55,99,2,0,83,95"/><U19/><E72/><V68/><F68/><W18/><G120/><T64/><D106/><U76/><E134/><N who="0" m="51209" /><D114/><U96/><E130/><V90/><F8/><W123/><G104/><T59/><D125/><N who="2" m="47626" /><F121/><W103/><G123/><T73/><D73/><U75/><E75/><V101/><F46/><W49/><G119/><T91/><D69/><U105/><E48/><V67/><F20/><N who="3" m="13591" /><G0/><T27/><D64/><U28/><E105/><V115/><F115/><W74/><G74/><T132/><D59/><N who="2" m="22538" /><F67/><W1/><G1/><T111/><D111/><U89/><E96/><V102/><F131/><W117/><G117/><T84/><D132/><U61/><E61/><V25/><F25/><W6/><G2/><T78/><D78/><N who="1" m="29739" /><E35/><V30/><F30/><W50/><G6/><T62/><D62/><U116/><E34/><N who="2" m="13419" /><F85/><W129/><G129/><T110/><D110/><U82/><E116/><V97/><F90/><W122/><G122/><T118/><D118/><U22/><AGARI ba="1,1" hai="10,12,14,16,19,22,28,31,82,86,89" m="29739" machi="22" ten="30,3000,0" yaku="8,1,54,1" doraHai="92" who="1" fromWho="1" sc="447,-11,147,43,297,-11,99,-11" /><INIT seed="5,2,0,2,2,22" ten="436,190,286,88" oya="1" hai0="70,56,105,134,74,75,31,100,21,32,5,39,13" hai1="121,122,68,84,130,7,14,0,59,28,1,125,44" hai2="115,54,36,30,42,87,63,117,41,12,135,10,40" hai3="76,131,98,95,127,20,108,106,79,114,93,111,72"/><U94/><E68/><V18/><F117/><W53/><G53/><T107/><D134/><U8/><E130/><V29/><F36/><W120/><G20/><T129/><D39/><U116/><E116/><V11/><F135/><W103/><G120/><T4/><D70/><U82/><E125/><V88/><F115/><W90/><G114/><T50/><D32/><U34/><E94/><V133/><F133/><W64/><G64/><T51/><D21/><U16/><E59/><N who="2" m="35319" /><F11/><W86/><G127/><T124/><D56/><U47/><E47/><V123/><F123/><W91/><G131/><T119/><D13/><U25/><E44/><V69/><F69/><W77/><REACH who="3" step="1"/><G72/><REACH who="3" ten="436,190,286,78" step="2"/><T118/><D124/><U97/><E122/><V101/><F42/><W92/><G92/><T38/><D75/><U24/><E121/><V62/><F41/><W81/><G81/><T49/><D74/><U60/><E82/><V85/><F40/><W15/><G15/><T67/><D67/><U113/><E113/><V71/><F12/><W73/><G73/><T26/><D129/><U37/><E14/><V52/><F52/><W17/><G17/><T19/><D19/><U61/><E16/><V43/><F18/><W6/><G6/><T110/><D4/><U104/><E7/><V112/><F43/><W23/><G23/><T66/><D66/><U27/><E37/><V46/><F112/><W48/><G48/><T132/><D5/><U83/><E83/><V109/><F62/><W102/><G102/><T126/><D38/><U45/><E61/><V2/><F101/><W58/><G58/><RYUUKYOKU ba="2,1" sc="436,-10,190,-10,286,-10,78,30" hai3="76,77,79,86,90,91,93,95,98,103,106,108,111" /><INIT seed="6,3,1,4,1,102" ten="426,180,276,108" oya="2" hai0="75,46,19,29,34,26,78,107,100,88,101,112,18" hai1="82,4,85,77,41,96,42,131,24,134,135,1,76" hai2="20,33,0,122,68,38,105,50,30,83,79,21,86" hai3="5,39,28,91,74,27,69,23,44,57,127,80,11"/><V62/><F38/><W9/><G69/><T133/><D75/><U16/><E131/><V99/><F0/><W90/><G127/><T61/><D78/><U31/><E77/><V118/><F50/><W110/><G110/><T120/><D120/><U129/><E129/><V60/><F60/><W98/><G74/><T43/><D100/><U40/><E96/><V87/><F86/><W70/><G70/><T2/><D2/><U55/><E55/><V6/><F6/><W36/><G11/><T111/><D111/><U59/><E59/><V115/><F118/><W119/><G119/><T58/><D88/><U14/><E4/><V22/><F122/><W92/><G44/><T32/><D32/><U125/><E1/><V71/><F115/><W126/><G126/><T72/><D72/><U12/><E125/><V25/><REACH who="2" step="1"/><F62/><REACH who="2" ten="426,180,266,108" step="2"/><W45/><G45/><T35/><D61/><U121/><E121/><V97/><F97/><W128/><G128/><T64/><D46/><U15/><E134/><V132/><F132/><W84/><REACH who="3" step="1"/><G57/><REACH who="3" ten="426,180,266,98" step="2"/><T109/><D58/><U89/><E135/><V103/><AGARI ba="3,3" hai="20,21,22,25,30,33,68,71,79,83,87,99,103,105" machi="103" ten="30,6000,0" yaku="1,1,0,1,52,1,53,0" doraHai="102" doraHaiUra="51" who="2" fromWho="2" sc="426,-23,180,-23,266,99,98,-23" /><INIT seed="6,4,0,4,2,119" ten="403,157,365,75" oya="2" hai0="31,8,56,101,130,53,113,124,129,46,40,116,127" hai1="75,54,77,55,112,50,84,134,98,73,69,38,105" hai2="15,36,89,1,104,14,12,20,78,63,81,37,5" hai3="66,28,70,120,83,41,65,92,2,107,67,34,125"/><V111/><F104/><W106/><G125/><N who="0" m="48203" /><D31/><U72/><E38/><V123/><F89/><W103/><G70/><T21/><D21/><U25/><E69/><V79/><F20/><W35/><G2/><T3/><D8/><U23/><E112/><V97/><F97/><W45/><G83/><T100/><D3/><U90/><E134/><V88/><F63/><W135/><G135/><T33/><D33/><U118/><E118/><V11/><F111/><W71/><G71/><T59/><D116/><U91/><E77/><V82/><F123/><W24/><G35/><T94/><D113/><U18/><E84/><V122/><F122/><W99/><REACH who="3" step="1"/><G120/><REACH who="3" ten="403,157,365,65" step="2"/><T117/><D117/><U22/><E73/><V43/><F81/><W6/><G6/><T32/><D32/><U10/><E75/><V62/><F1/><W27/><G27/><T110/><D110/><U51/><E72/><V102/><F5/><W9/><G9/><T29/><D130/><U121/><E25/><V108/><F108/><W30/><G30/><T96/><D29/><U128/><E121/><V87/><F11/><W52/><G52/><T49/><D129/><U42/><E10/><V68/><F82/><W76/><G76/><T74/><D74/><U131/><E131/><V86/><F79/><W109/><G109/><T19/><D19/><U57/><E128/><V39/><F78/><W133/><G133/><T7/><D7/><U13/><E18/><V58/><F68/><W115/><G115/><T93/><D53/><U0/><E0/><V60/><F12/><W64/><N who="3" m="16384" /><DORA hai="47" /><W48/><AGARI ba="4,1" hai="24,28,34,41,45,48,92,99,103,106,107" m="16384" machi="48" ten="40,8000,1" yaku="1,1,4,1,0,1,52,1,53,0" doraHai="119,47" doraHaiUra="85,17" who="3" fromWho="3" sc="403,-24,157,-24,365,-44,65,102" /><INIT seed="7,0,0,0,2,96" ten="379,133,321,167" oya="3" hai0="8,101,40,68,23,84,12,117,10,18,83,112,35" hai1="71,128,45,33,114,14,19,0,65,66,25,62,9" hai2="91,86,7,132,88,74,53,99,50,110,36,73,116" hai3="75,11,24,123,103,100,78,105,90,120,37,13,113"/><W41/><G41/><T22/><D68/><U126/><E114/><V81/><F36/><W69/><G37/><T89/><D35/><U108/><E108/><V111/><F7/><W32/><G69/><T64/><D64/><U95/><E128/><V67/><F67/><W82/><G113/><T28/><D117/><U127/><E65/><V121/><F53/><W47/><G47/><T70/><D70/><U49/><E0/><V106/><F50/><W129/><G129/><T43/><D101/><U102/><E33/><V3/><F3/><W29/><G90/><T42/><D112/><U93/><E25/><AGARI ba="0,0" hai="8,10,12,18,22,23,25,28,40,42,43,83,84,89" machi="25" ten="40,1300,0" yaku="8,1" doraHai="96" who="0" fromWho="1" sc="379,13,133,-13,321,0,167,0" owari="392,49.0,120,-38.0,321,12.0,167,-23.0" /></mjloggm>