<mjloggm ver="2.3"><GO type="169" lobby="0"/><UN n0="%E3%83%90%E3%83%AB%E3%81%B0%E3%82%8B" n1="%EF%BC%88%E2%89%A7%E2%96%BD%E2%89%A6%EF%BC%89" n2="%4D%61%52%63%48" n3="%E5%A4%A7%E7%8E%89%E5%B0%86" dan="16,18,16,18" rate="2021.44,2116.14,2070.42,2202.06" sx="M,M,M,M"/><TAIKYOKU oya="0"/><INIT seed="0,0,0,4,1,57" ten="250,250,250,250" oya="0" hai0="20,50,101,123,2,95,84,60,0,16,99,6,110" hai1="8,106,47,28,103,115,85,31,74,67,126,124,21" hai2="14,80,15,132,1,13,9,25,70,93,49,71,42" hai3="7,100,3,98,61,26,121,104,68,125,87,129,46"/><T83/><D123/><U120/><E74/><V90/><F80/><W77/><G121/><T12/><D6/><U111/><E120/><V59/><F132/><W34/><G46/><T38/><D38/><U92/><E106/><V109/><F109/><W114/><G114/><T23/><D110/><U91/><E103/><V17/><F1/><W4/><G125/><N who="1" m="48234" /><E115/><V30/><F70/><W63/><G129/><T97/><D97/><U41/><E8/><V66/><F71/><W117/><G117/><T81/><D81/><U54/><E67/><V27/><F42/><W69/><G87/><T5/><D5/><U113/><E113/><V116/><F116/><W112/><G77/><T24/><D50/><N who="1" m="26991" /><E111/><V135/><F135/><W94/><G112/><T11/><D11/><U75/><E75/><V10/><F9/><W128/><G128/><T78/><REACH who="0" step="1"/><D60/><REACH who="0" ten="240,250,250,250" step="2"/><U79/><E79/><V105/><F10/><W29/><G63/><T122/><D122/><U127/><E127/><V37/><F37/><W76/><G76/><T65/><D65/><U133/><E133/><V130/><F66/><N who="3" m="41039" /><G3/><T48/><D48/><U43/><E43/><V62/><F49/><W40/><G40/><T36/><D36/><U19/><E54/><V44/><F62/><W51/><G51/><T32/><D32/><U58/><E58/><V22/><F59/><W108/><G69/><T64/><D64/><U72/><E72/><V89/><F44/><W33/><G108/><T96/><D96/><U53/><E53/><V88/><F130/><W39/><G39/><T102/><D102/><U18/><E21/><RYUUKYOKU ba="0,1" sc="240,15,250,15,250,-15,250,-15" hai0="0,2,12,16,20,23,24,78,83,84,95,99,101" hai1="18,19,28,31,85,91,92" /><INIT seed="0,1,1,0,0,3" ten="255,265,235,235" oya="0" hai0="102,0,132,40,44,65,52,105,51,17,74,39,54" hai1="77,116,57,129,120,79,111,123,82,7,119,109,80" hai2="15,112,99,30,86,14,24,56,46,26,32,43,61" hai3="33,78,16,89,28,91,27,38,50,75,84,117,126"/><T131/><D74/><N who="1" m="43063" /><E57/><V94/><F112/><W98/><G117/><N who="1" m="45130" /><E7/><V34/><F86/><W124/><G38/><T66/><D0/><U25/><E25/><V6/><F26/><W69/><G69/><T20/><D131/><U64/><E64/><V133/><F34/><W110/><G110/><N who="1" m="41994" /><E129/><V45/><F133/><W122/><G50/><T88/><D132/><U113/><E113/><V18/><F43/><W48/><G48/><T115/><D115/><U101/><E101/><V36/><F36/><W121/><G27/><T135/><D135/><U97/><E97/><V83/><F45/><W87/><G28/><T85/><D65/><U5/><E5/><V29/><F46/><W81/><G33/><T134/><D66/><U21/><E21/><V76/><F6/><W8/><G98/><T68/><D39/><U53/><E53/><V60/><F18/><W49/><G49/><T103/><D103/><U125/><E125/><N who="3" m="48234" /><G16/><T55/><D134/><U70/><E70/><V37/><F30/><W11/><G11/><T100/><D68/><U92/><E92/><V47/><F37/><W108/><G8/><T42/><D42/><U19/><E19/><V35/><F47/><W58/><G58/><T4/><D4/><U22/><E22/><V106/><F35/><W72/><G108/><T104/><D20/><U13/><E13/><V1/><F15/><W12/><G12/><T128/><D17/><U96/><E96/><V93/><F14/><W23/><G23/><T59/><D128/><U9/><E9/><V31/><F1/><W41/><G41/><T62/><D40/><RYUUKYOKU ba="1,1" sc="255,-10,265,30,235,-10,235,-10" hai1="79,82,120,123" /><INIT seed="1,2,1,0,1,116" ten="245,295,225,225" oya="1" hai0="94,44,81,60,67,80,14,40,46,58,43,35,108" hai1="130,73,3,11,134,54,12,15,4,79,51,78,124" hai2="77,100,62,39,123,126,68,72,6,20,32,42,9" hai3="19,84,47,82,135,106,121,21,17,70,107,10,117"/><U104/><E130/><V110/><F20/><W30/><G70/><T101/><D108/><U18/><E124/><V87/><F87/><W49/><G135/><T93/><D35/><U115/><E115/><V92/><F92/><N who="0" m="35434" /><D14/><U63/><E134/><V132/><F100/><W36/><G36/><T28/><D28/><U7/><E104/><V125/><F110/><W57/><G117/><T114/><D101/><U90/><E73/><V95/><F95/><W128/><G57/><T2/><D2/><U97/><E63/><V98/><F98/><W105/><G128/><T13/><D13/><U24/><E24/><V99/><F99/><W61/><G61/><T8/><D8/><N who="1" m="6503" /><E4/><V31/><F31/><W83/><G10/><T75/><D75/><U86/><E97/><V111/><F32/><W122/><G30/><T103/><D103/><U48/><E3/><N who="2" m="223" /><F111/><W34/><G34/><T26/><D26/><U37/><E37/><V102/><F102/><W91/><G82/><N who="0" m="31851" /><D114/><U76/><E90/><V0/><F132/><W45/><G17/><T109/><D109/><U129/><E129/><V50/><F0/><W88/><G91/><T133/><D133/><U89/><E89/><V52/><F39/><W74/><G74/><T69/><D69/><U29/><E29/><V64/><F125/><W96/><G96/><T65/><D65/><U113/><E86/><V127/><F126/><W22/><G19/><T131/><D131/><U27/><E27/><V53/><F127/><W55/><G21/><T33/><D33/><U38/><E38/><V23/><F72/><W1/><G1/><RYUUKYOKU ba="2,1" sc="245,30,295,-10,225,-10,225,-10" hai0="40,43,44,46,58,60,67" /><INIT seed="2,3,1,2,5,129" ten="275,285,215,215" oya="2" hai0="85,48,42,31,108,47,36,82,19,102,27,107,12" hai1="99,54,49,123,109,106,45,32,111,83,20,28,73" hai2="95,91,60,9,46,40,121,10,13,86,81,76,63" hai3="55,100,115,87,64,117,90,125,105,39,116,131,18"/><V44/><F121/><W94/><G39/><T23/><D108/><N who="1" m="41547" /><E32/><V21/><F21/><W56/><G131/><T15/><D36/><U134/><E123/><V77/><F76/><W30/><G125/><T50/><D50/><U97/><E106/><V118/><F118/><W34/><G64/><T53/><D102/><U16/><E28/><V29/><F29/><W133/><G115/><T104/><D15/><N who="1" m="9247" /><E134/><V122/><F122/><W110/><G110/><T98/><D98/><U17/><E17/><N who="2" m="8367" /><F10/><W72/><G133/><T96/><D96/><U25/><E25/><V61/><F40/><W113/><G30/><T130/><D42/><U71/><E71/><V119/><F119/><W24/><G34/><T128/><D128/><U2/><E2/><V66/><F66/><W88/><G105/><T67/><D67/><U57/><E45/><N who="2" m="17515" /><F77/><AGARI ba="3,1" hai="49,54,57,73,77,83,97,99" m="9247,41547" machi="77" ten="30,2000,0" yaku="14,1,54,1" doraHai="129" who="1" fromWho="2" sc="275,0,285,39,215,-29,215,0" /><INIT seed="3,0,0,4,4,117" ten="275,324,186,215" oya="3" hai0="64,30,88,72,93,38,85,134,45,112,119,86,21" hai1="50,96,40,87,131,29,31,43,58,36,95,101,49" hai2="107,65,103,46,19,135,122,133,28,104,17,78,32" hai3="15,123,98,54,129,79,14,114,67,108,118,68,57"/><W77/><G118/><T37/><D134/><N who="2" m="51210" /><F65/><W97/><G108/><T2/><D2/><U116/><E116/><V3/><F3/><W39/><G39/><T24/><D72/><U16/><E131/><V35/><F78/><W41/><G114/><T23/><D112/><U99/><E36/><V60/><F60/><W53/><G129/><T83/><D45/><U91/><E96/><N who="3" m="36970" /><G68/><T26/><D64/><U27/><E58/><V56/><F46/><W8/><G41/><T44/><D44/><U1/><E1/><V9/><F56/><W89/><G123/><T66/><D66/><U22/><E43/><V132/><F103/><W18/><G89/><T6/><D6/><U10/><E40/><V59/><F59/><W63/><G15/><T48/><D48/><N who="1" m="18539" /><E10/><V73/><F73/><W76/><AGARI ba="0,0" hai="8,14,18,53,54,57,63,67,76,77,79" m="36970" machi="76" ten="30,1500,0" yaku="8,1" doraHai="117" who="3" fromWho="3" sc="275,-5,324,-5,186,-5,215,15" /><INIT seed="3,1,0,4,1,37" ten="270,319,181,230" oya="3" hai0="48,75,13,4,42,1,30,32,97,119,49,50,91" hai1="84,12,92,109,5,118,17,125,21,47,69,93,73" hai2="24,62,57,90,83,113,40,65,112,121,135,23,77" hai3="8,38,61,104,26,78,34,114,68,33,101,45,14"/><W18/><G114/><T72/><D119/><U95/><E73/><V52/><F135/><W41/><G78/><T36/><D1/><U133/><E69/><V76/><F121/><W106/><G101/><T64/><D64/><U102/><E118/><V130/><F130/><W35/><REACH who="3" step="1"/><G26/><REACH who="3" ten="270,319,181,220" step="2"/><T105/><D75/><U94/><E102/><V88/><F113/><W98/><G98/><T58/><D97/><U86/><E133/><V116/><F112/><W3/><G3/><T20/><D72/><U16/><E84/><N who="2" m="48239" /><F116/><W134/><G134/><T54/><D105/><U31/><E86/><V27/><F76/><W124/><G124/><T103/><D103/><U115/><E115/><V60/><F65/><AGARI ba="1,1" hai="8,14,18,33,34,35,38,41,45,61,65,68,104,106" machi="65" ten="40,3900,0" yaku="1,1,52,1,53,0" doraHai="37" doraHaiUra="82" who="3" fromWho="2" sc="270,0,319,0,181,-42,220,52" /><INIT seed="3,2,0,1,2,61" ten="270,319,139,272" oya="3" hai0="86,7,42,63,64,21,101,34,74,55,110,58,98" hai1="32,19,23,135,20,57,76,77,123,48,8,72,56" hai2="11,51,25,104,122,89,95,46,35,60,66,102,18" hai3="38,14,83,12,43,120,133,69,119,73,118,126,82"/><W62/><G120/><T53/><D74/><U109/><E123/><V70/><F122/><W112/><G112/><T105/><D34/><U80/><E32/><V30/><F11/><W52/><G126/><T68/><D110/><U13/><E109/><V45/><F18/><W75/><G38/><T78/><D42/><U29/><E135/><V59/><F51/><W131/><G43/><T107/><D7/><U71/><E71/><V27/><F59/><W24/><G24/><T111/><D111/><U87/><E72/><V128/><F27/><W40/><G40/><T124/><D124/><U3/><E76/><V116/><F116/><W9/><G62/><T99/><D21/><N who="1" m="8267" /><E3/><V47/><F128/><W36/><G36/><T0/><D68/><U94/><E29/><V1/><F1/><W65/><G69/><T50/><D50/><U22/><E94/><V6/><F6/><W115/><G115/><T132/><D0/><U10/><E56/><V103/><REACH who="2" step="1"/><F104/><REACH who="2" ten="270,319,129,272" step="2"/><W79/><G131/><T17/><D107/><U15/><E15/><V125/><F125/><W130/><G130/><T85/><D105/><U97/><E57/><V31/><F31/><W92/><G9/><N who="1" m="3690" /><E48/><V106/><F106/><W81/><G12/><T121/><D121/><U117/><E117/><V127/><F127/><W37/><G14/><T113/><D58/><U26/><E13/><V90/><F90/><W33/><G118/><T28/><D28/><U91/><E91/><V114/><F114/><W5/><G119/><T44/><D113/><U4/><E4/><V49/><F49/><W39/><G5/><RYUUKYOKU ba="2,1" sc="270,-15,319,15,129,15,272,-15" hai1="19,22,26,77,80,87,97" hai2="25,30,35,45,46,47,60,66,70,89,95,102,103" /><INIT seed="4,3,1,5,5,111" ten="255,334,144,257" oya="0" hai0="103,4,126,40,64,61,45,16,14,13,133,7,22" hai1="95,60,91,59,42,86,73,101,58,120,11,48,125" hai2="67,34,106,31,96,90,104,15,63,119,57,54,78" hai3="74,82,128,35,6,135,43,92,98,72,20,121,81"/><T87/><D126/><U10/><E73/><V117/><F78/><W114/><G35/><T47/><D133/><U36/><E120/><V105/><F67/><W131/><G6/><T84/><D103/><U8/><E36/><V112/><F112/><W71/><G71/><T52/><D45/><N who="1" m="25655" /><E125/><V100/><F90/><W24/><G43/><T46/><D46/><U12/><E101/><V80/><F80/><N who="3" m="30827" /><G121/><T26/><D40/><U118/><E118/><V27/><REACH who="2" step="1"/><F15/><REACH who="2" ten="255,334,134,257" step="2"/><W134/><G114/><T75/><D14/><U79/><E79/><V70/><F70/><W9/><G74/><T77/><D64/><N who="1" m="38935" /><E12/><V109/><F109/><W116/><G72/><T23/><D75/><U1/><E1/><V30/><F30/><N who="3" m="17671" /><G135/><T93/><D77/><U132/><E132/><V38/><F38/><W99/><G134/><T56/><D13/><U94/><E91/><V53/><F53/><W115/><G115/><T25/><D4/><U55/><E86/><V110/><F110/><W68/><G68/><T21/><D7/><U88/><E88/><V89/><F89/><W123/><G123/><T51/><D84/><U85/><E85/><V97/><F97/><W39/><G39/><T33/><D87/><U44/><E55/><V76/><F76/><W5/><G99/><T50/><D52/><U66/><E66/><V18/><F18/><W122/><G122/><T62/><D16/><U108/><E108/><V37/><F37/><W19/><G19/><T17/><D17/><U2/><E2/><V3/><F3/><N who="3" m="191" /><G116/><AGARI ba="3,2" hai="27,31,34,54,57,63,96,100,104,105,106,116,117,119" machi="116" ten="40,2600,0" yaku="1,1,12,1,53,0" doraHai="111" doraHaiUra="69" who="2" fromWho="3" sc="255,0,334,0,134,55,257,-35" /><INIT seed="5,0,0,1,3,104" ten="255,334,189,222" oya="1" hai0="15,59,113,100,67,70,102,131,89,88,66,98,46" hai1="61,132,26,69,34,85,17,124,31,78,41,8,49" hai2="47,19,111,74,25,9,7,40,133,1,81,35,28" hai3="119,126,48,73,101,13,112,86,97,36,135,52,20"/><U38/><E38/><N who="2" m="21911" /><F19/><W75/><G36/><T55/><D113/><U30/><E124/><V27/><F27/><W125/><G112/><T62/><D131/><U91/><E132/><V82/><F82/><W2/><G2/><T96/><D15/><U118/><E118/><V92/><F92/><W57/><G135/><T11/><D11/><U127/><E127/><N who="3" m="48650" /><G86/><T0/><D0/><U84/><E31/><V14/><F14/><W80/><G80/><T64/><D46/><U3/><E3/><V56/><F56/><W53/><G53/><T32/><D70/><U117/><E117/><V68/><F133/><W63/><G63/><T43/><D43/><U128/><E128/><V60/><F111/><W22/><G119/><T99/><REACH who="0" step="1"/><D32/><REACH who="0" ten="245,334,189,222" step="2"/><U45/><E34/><V130/><F130/><W115/><G115/><T24/><D24/><U72/><E26/><V54/><F54/><W18/><G20/><T105/><D105/><AGARI ba="0,1" hai="13,18,22,48,52,57,73,75,97,101,105" m="48650" machi="105" ten="30,7700,0" yaku="18,1,52,2,54,1" doraHai="104" who="3" fromWho="0" sc="245,-77,334,0,189,0,222,87" /><INIT seed="6,0,0,0,1,15" ten="168,334,189,309" oya="2" hai0="86,77,80,40,11,68,129,106,121,66,84,112,88" hai1="14,49,107,2,85,128,89,98,55,42,38,103,135" hai2="125,35,62,53,25,130,108,127,43,76,48,69,64" hai3="113,13,27,3,71,111,56,29,31,10,39,24,4"/><V119/><F76/><W74/><G71/><T30/><D112/><U123/><E2/><V83/><F83/><W34/><G74/><T18/><D129/><U46/><E128/><V131/><F25/><W73/><G73/><T102/><D121/><U87/><E135/><V70/><F35/><W28/><G39/><T44/><D30/><U114/><E114/><V21/><F21/><W90/><G111/><T132/><D132/><U32/><E32/><V45/><F119/><W26/><G113/><T120/><D120/><U78/><E78/><V33/><F33/><N who="3" m="20615" /><G90/><T92/><D102/><U105/><E123/><V82/><F82/><W23/><G56/><T63/><D106/><U117/><E117/><V6/><F6/><W91/><G91/><T22/><D11/><U7/><E107/><V58/><F108/><W81/><G81/><T101/><D101/><U8/><E89/><V104/><F104/><W37/><G37/><T126/><D126/><N who="2" m="48138" /><F70/><W52/><G52/><T79/><D79/><U57/><AGARI ba="0,0" hai="7,8,14,38,42,46,49,55,57,85,87,98,103,105" machi="57" ten="20,1500,0" yaku="0,1,7,1" doraHai="15" who="1" fromWho="1" sc="168,-4,334,15,189,-7,309,-4" /><INIT seed="7,0,0,4,5,67" ten="164,349,182,305" oya="3" hai0="106,121,29,26,81,120,88,134,16,109,6,31,71" hai1="13,124,51,96,112,130,9,107,22,91,83,89,2" hai2="79,126,73,54,47,95,115,44,33,94,59,98,119" hai3="90,75,72,56,131,101,122,50,12,104,123,80,7"/><W52/><G131/><T0/><D109/><U1/><E1/><V20/><F33/><W100/><G75/><T43/><D43/><U15/><E2/><V53/><F115/><W36/><G36/><T5/><D106/><U82/><E124/><V68/><F68/><W39/><G39/><T102/><D102/><U17/><E112/><V132/><F126/><W3/><G3/><T87/><D71/><U55/><E107/><V113/><F113/><W61/><G101/><T23/><D134/><U40/><E40/><V38/><F132/><W64/><G100/><T127/><D127/><U28/><E28/><V49/><F79/><W108/><G104/><T14/><D31/><U84/><E96/><V32/><F32/><W103/><G103/><T41/><D41/><U42/><E42/><V37/><F73/><W69/><G108/><T63/><D63/><U62/><E62/><V99/><F20/><W65/><G65/><T78/><D78/><N who="1" m="46199" /><E82/><V114/><F114/><W8/><REACH who="3" step="1"/><G90/><REACH who="3" ten="164,349,182,295" step="2"/><T48/><D0/><U97/><E130/><V11/><F37/><W118/><G118/><T58/><D120/><U92/><E89/><V135/><F38/><W46/><G46/><T30/><D121/><U57/><E9/><V74/><F44/><W117/><G117/><T93/><D81/><U116/><E116/><V77/><F119/><W85/><G85/><T45/><D45/><U125/><E125/><V18/><F47/><W105/><G105/><T19/><D87/><U4/><E91/><V27/><F74/><W76/><AGARI ba="0,1" hai="7,8,12,50,52,56,61,64,69,72,76,80,122,123" machi="76" ten="30,12000,1" yaku="1,1,0,1,52,1,54,1,53,1" doraHai="67" doraHaiUra="60" who="3" fromWho="3" sc="164,-40,349,-40,182,-40,295,130" owari="124,-38.0,309,11.0,142,-26.0,425,53.0" /></mjloggm>