<mjloggm ver="2.3"><GO type="169" lobby="0"/><UN n0="%E3%81%97%E3%82%85%E3%81%86%E3%83%BC%E3%80%82" n1="%E6%9C%88%E5%8D%83%E4%B8%80%E5%A4%9C" n2="%E6%AF%94%E5%98%89%E7%A7%80%E4%BB%81" n3="%EF%BC%88%E2%89%A7%E2%96%BD%E2%89%A6%EF%BC%89" dan="17,16,17,17" rate="2078.50,2102.64,2191.22,2203.14" sx="M,F,M,M"/><TAIKYOKU oya="0"/><INIT seed="0,0,0,2,5,92" ten="250,250,250,250" oya="0" hai0="135,52,1,19,129,44,132,118,101,131,30,66,88" hai1="128,124,86,121,111,81,130,78,85,7,43,89,11" hai2="120,99,69,108,23,62,40,103,25,6,75,96,48" hai3="3,87,102,114,67,58,9,84,80,50,91,10,5"/><T12/><D1/><U35/><E121/><V115/><F75/><W123/><G123/><T39/><D118/><U117/><E35/><V95/><F115/><W18/><G114/><T112/><D66/><U46/><E117/><V110/><F120/><W51/><G102/><T106/><D30/><U13/><E111/><N who="2" m="42539" /><F6/><W97/><G84/><T0/><D0/><U21/><E21/><V125/><F125/><W104/><G9/><N who="0" m="6543" /><D39/><U93/><REACH who="1" step="1"/><E124/><REACH who="1" ten="250,240,250,250" step="2"/><V33/><F33/><W53/><G10/><T126/><D126/><U83/><E83/><V32/><F32/><W109/><G80/><T127/><D127/><U2/><E2/><V107/><F23/><W74/><G3/><T16/><D112/><U71/><E71/><V113/><F113/><W8/><G8/><T55/><D44/><U27/><E27/><V24/><F24/><W98/><G109/><T100/><D131/><U122/><E122/><V76/><F25/><W15/><G15/><T38/><D129/><U119/><E119/><V94/><F69/><W54/><G58/><T133/><D38/><AGARI ba="0,1" hai="7,11,13,38,43,46,78,81,85,86,89,93,128,130" machi="38" ten="40,5200,0" yaku="1,1,53,2" doraHai="92" doraHaiUra="82" who="1" fromWho="0" sc="250,-52,240,62,250,0,250,0" /><INIT seed="1,0,0,2,2,21" ten="198,302,250,250" oya="1" hai0="37,78,31,18,113,126,135,72,48,41,85,129,57" hai1="93,63,59,125,114,47,99,108,88,83,109,123,20" hai2="7,117,133,71,106,105,1,67,128,12,46,118,75" hai3="56,65,102,30,119,120,42,34,6,124,14,92,22"/><U44/><E114/><V50/><F75/><W49/><G120/><T131/><D113/><U130/><E123/><V29/><F1/><W3/><G119/><T32/><D72/><U43/><E125/><V64/><F133/><W5/><G124/><T55/><D126/><U110/><E130/><V127/><F127/><W11/><G34/><T87/><D135/><U94/><E83/><V60/><F67/><W86/><G3/><T24/><D18/><U17/><E43/><V15/><F29/><W104/><G104/><T107/><D107/><U61/><E94/><V26/><F128/><N who="0" m="49226" /><D78/><U73/><E73/><V13/><F7/><W62/><G5/><T77/><D77/><U97/><E97/><V81/><F106/><W25/><G86/><T27/><D27/><N who="1" m="14735" /><E63/><V4/><F105/><W74/><G74/><T10/><D10/><U80/><E80/><V68/><F4/><W45/><G92/><T33/><D33/><U111/><N who="1" m="27648" /><DORA hai="69" /><U19/><E19/><V53/><F81/><W89/><G102/><T16/><D16/><U101/><E101/><V70/><REACH who="2" step="1"/><F26/><REACH who="2" ten="198,302,240,250" step="2"/><W76/><G76/><T134/><D134/><U112/><E112/><V103/><F103/><W54/><REACH who="3" step="1"/><G89/><REACH who="3" ten="198,302,240,240" step="2"/><T28/><D28/><U36/><E36/><V2/><F2/><W122/><G122/><T40/><D37/><U121/><E121/><V39/><F39/><W0/><G0/><T52/><D31/><U91/><E91/><V116/><AGARI ba="0,2" hai="12,13,15,46,50,53,60,64,68,70,71,116,117,118" machi="116" ten="40,8000,1" yaku="1,1,0,1,53,3" doraHai="21,69" doraHaiUra="132,9" who="2" fromWho="2" sc="198,-20,302,-40,240,100,240,-20" /><INIT seed="2,0,0,3,2,39" ten="178,262,340,220" oya="2" hai0="112,36,31,98,132,128,59,95,134,11,76,122,45" hai1="3,13,38,81,63,85,35,57,86,129,30,60,75" hai2="43,103,116,15,73,111,47,114,28,133,22,44,62" hai3="110,74,53,61,123,68,18,94,8,121,55,93,130"/><V106/><F116/><W126/><G74/><T72/><D122/><U97/><E38/><V0/><F73/><W16/><G110/><T125/><D112/><U54/><E3/><V101/><F114/><W96/><G130/><T99/><D128/><U64/><E129/><V66/><F0/><W115/><G115/><T92/><D31/><U37/><E37/><V79/><F111/><W14/><G126/><T42/><D125/><U109/><E109/><V78/><F133/><N who="0" m="51306" /><D59/><U20/><E35/><V26/><F47/><W71/><G96/><N who="0" m="36907" /><D11/><U100/><E81/><AGARI ba="0,0" hai="36,42,45,72,76,81,92,95" m="36907,51306" machi="81" ten="30,2000,0" yaku="20,1,52,1" doraHai="39" who="0" fromWho="1" sc="178,20,262,-20,340,0,220,0" /><INIT seed="3,0,0,3,0,73" ten="198,242,340,220" oya="3" hai0="9,44,72,77,95,24,67,99,96,27,104,25,15" hai1="125,20,85,119,103,97,117,107,49,28,18,61,94" hai2="100,114,32,128,133,101,87,71,11,76,111,33,5" hai3="80,17,55,65,110,88,102,59,39,7,12,10,84"/><W43/><G110/><T81/><D104/><U38/><E38/><V115/><F111/><W66/><G102/><T127/><D127/><U29/><E125/><V51/><F71/><W4/><G43/><T52/><D67/><U6/><E6/><V93/><F133/><W21/><G39/><T113/><D113/><U124/><E124/><V54/><F128/><W13/><REACH who="3" step="1"/><G7/><REACH who="3" ten="198,242,340,210" step="2"/><T79/><D95/><U83/><E94/><V23/><F101/><W35/><G35/><T22/><D99/><U109/><E97/><V120/><F33/><W68/><G68/><T36/><D96/><U16/><E103/><V78/><F32/><W26/><G26/><T74/><D36/><U46/><E107/><V41/><F100/><W63/><AGARI ba="0,1" hai="4,10,12,13,17,21,55,59,63,65,66,80,84,88" machi="63" ten="20,12000,1" yaku="1,1,0,1,7,1,8,1,54,1,53,0" doraHai="73" doraHaiUra="69" who="3" fromWho="3" sc="198,-40,242,-40,340,-40,210,130" /><INIT seed="3,1,0,2,2,38" ten="158,202,300,340" oya="3" hai0="120,118,14,100,44,101,24,87,7,9,8,58,82" hai1="32,75,123,42,15,126,21,129,85,86,3,92,26" hai2="18,10,67,122,73,54,69,99,124,61,117,29,116" hai3="112,65,135,130,106,19,30,41,60,52,22,74,40"/><W127/><G112/><T16/><D120/><U39/><E123/><V64/><F73/><W72/><G106/><T90/><D118/><U81/><E126/><V56/><F122/><W88/><G127/><T131/><D131/><U80/><E3/><V17/><F124/><W93/><G130/><T121/><D121/><U103/><E75/><V35/><F67/><W46/><G135/><T33/><D58/><U108/><E108/><V71/><F71/><W119/><G119/><T110/><D110/><U133/><E32/><V114/><F114/><W0/><G30/><T68/><D68/><U128/><E15/><V53/><F99/><N who="3" m="57767" /><G0/><T43/><D33/><U11/><E39/><V104/><F104/><W98/><G98/><T6/><D24/><U96/><E26/><V125/><F125/><W79/><G79/><T28/><D28/><U49/><E96/><V5/><F29/><W111/><G74/><T76/><D90/><U84/><E133/><V105/><F35/><W107/><G107/><T62/><D62/><U134/><E134/><V50/><F105/><W132/><G72/><T23/><D8/><U13/><E11/><V78/><F78/><W109/><G132/><T27/><D6/><U83/><E128/><V102/><F117/><W34/><G34/><T25/><D25/><U113/><E113/><V89/><F116/><W94/><G111/><T59/><D59/><U2/><E2/><V95/><F102/><W63/><G109/><T97/><D97/><U70/><E103/><V36/><F69/><W51/><G63/><T91/><D91/><U1/><E129/><RYUUKYOKU ba="1,0" sc="158,30,202,-10,300,-10,340,-10" hai0="7,9,14,16,23,27,43,44,76,82,87,100,101" /><INIT seed="4,2,0,1,1,85" ten="188,192,290,330" oya="0" hai0="19,70,23,24,115,105,58,119,78,135,38,1,111" hai1="32,34,79,126,50,128,56,102,0,82,91,43,8" hai2="20,80,26,108,127,123,57,89,65,130,125,55,74" hai3="90,75,100,95,49,60,120,133,99,59,67,101,17"/><T122/><RYUUKYOKU type="yao9" ba="2,0" sc="188,0,192,0,290,0,330,0" hai0="1,19,23,24,38,58,70,78,105,111,115,119,122,135" /><INIT seed="4,3,0,1,2,101" ten="188,192,290,330" oya="0" hai0="39,108,133,41,25,44,119,124,33,83,58,78,21" hai1="104,113,13,129,4,123,77,70,72,38,62,18,54" hai2="45,94,23,135,60,96,11,19,34,29,37,68,105" hai3="30,93,110,63,47,64,46,80,71,88,89,26,53"/><T28/><D119/><U86/><E123/><V73/><F73/><W32/><G110/><T66/><D108/><U118/><E118/><V127/><F11/><W132/><G132/><T20/><D133/><U79/><E38/><V9/><F135/><W43/><G53/><T121/><D121/><U131/><E4/><V42/><F9/><W61/><G61/><T114/><D124/><U22/><E113/><V10/><F10/><W6/><G6/><T100/><D114/><U130/><E72/><V69/><F127/><W50/><G47/><T31/><D100/><U111/><E111/><V128/><F128/><W84/><REACH who="3" step="1"/><G93/><REACH who="3" ten="188,192,290,320" step="2"/><T126/><D126/><U24/><E54/><V0/><F94/><W7/><G7/><T107/><D44/><U1/><E62/><V59/><F60/><W49/><G49/><T8/><D39/><U14/><E129/><V35/><F45/><W36/><G36/><T106/><D41/><U56/><E130/><V90/><F37/><W115/><G115/><T120/><D120/><U57/><E131/><V65/><F65/><W112/><G112/><T125/><D125/><U122/><E122/><V81/><F69/><W103/><G103/><T117/><D66/><U3/><E70/><V5/><F68/><W55/><G55/><T52/><D117/><U87/><E57/><V17/><F59/><W48/><G48/><T16/><D58/><U12/><E56/><V51/><F42/><W91/><AGARI ba="3,1" hai="26,30,32,43,46,50,63,64,71,80,84,88,89,91" machi="91" ten="20,5200,0" yaku="1,1,0,1,7,1,54,1,53,0" doraHai="101" doraHaiUra="15" who="3" fromWho="3" sc="188,-29,192,-16,290,-16,320,71" /><INIT seed="5,0,0,1,5,65" ten="159,176,274,391" oya="1" hai0="124,18,74,86,114,69,117,83,82,8,17,44,64" hai1="108,20,112,51,79,81,109,59,85,71,26,98,2" hai2="49,66,135,60,32,38,72,37,43,99,134,73,46" hai3="14,76,104,48,29,122,128,84,12,96,93,19,11"/><U129/><E2/><V7/><F32/><W40/><G122/><T94/><D117/><U75/><E112/><V67/><F7/><W87/><G104/><T130/><D114/><U119/><E119/><V50/><F99/><W53/><G128/><T80/><D130/><U118/><E129/><V3/><F3/><W34/><G34/><T91/><D124/><U123/><E123/><V30/><F30/><W131/><G29/><T61/><D74/><U77/><E118/><V45/><F60/><W100/><G131/><T31/><D31/><U47/><E98/><V115/><F43/><W116/><G116/><T41/><REACH who="0" step="1"/><D8/><REACH who="0" ten="149,176,274,391" step="2"/><U58/><E75/><V39/><F115/><W101/><G11/><T78/><D78/><U1/><E79/><V13/><F73/><W63/><G76/><T22/><D22/><U54/><E1/><V33/><F72/><W9/><G9/><T68/><D68/><U88/><E71/><V125/><F33/><W57/><G19/><T56/><D56/><U90/><E108/><V121/><F125/><W21/><G21/><T42/><D42/><U111/><E111/><V62/><F121/><W89/><G40/><T24/><D24/><U4/><E109/><V10/><F10/><W0/><G0/><T5/><D5/><U27/><E4/><V103/><F13/><W6/><G6/><T126/><D126/><U28/><E27/><V95/><F135/><W25/><G25/><T15/><D15/><U70/><E70/><V127/><F134/><W16/><G12/><T52/><D52/><N who="1" m="29823" /><E58/><V97/><F127/><W92/><G57/><RYUUKYOKU ba="0,1" sc="149,15,176,15,274,-15,391,-15" hai0="17,18,41,44,61,64,69,80,82,83,86,91,94" hai1="20,26,28,54,59,77,81,85,88,90" /><INIT seed="5,1,1,5,5,109" ten="164,191,259,376" oya="1" hai0="55,61,96,28,12,107,5,17,98,60,32,3,37" hai1="124,88,105,46,73,38,6,45,114,121,77,21,20" hai2="23,72,125,26,127,51,59,27,119,80,113,93,19" hai3="43,13,68,99,8,42,83,33,131,62,92,101,128"/><U40/><E121/><V53/><F119/><W87/><G33/><T135/><D135/><U58/><E105/><V91/><F27/><W115/><G115/><T111/><D111/><U94/><E114/><V64/><F64/><W49/><G62/><T79/><D37/><U47/><E124/><N who="2" m="47691" /><F80/><W2/><G2/><T123/><D123/><U4/><E73/><V34/><F34/><W65/><G65/><T39/><D39/><U97/><E77/><V7/><F7/><N who="1" m="2601" /><E38/><V22/><F72/><W104/><G68/><T66/><D79/><U110/><E40/><V54/><F23/><N who="1" m="8777" /><E110/><V117/><F117/><W18/><G104/><T16/><D107/><U10/><E10/><V30/><F113/><W76/><G49/><T82/><D3/><U126/><E126/><V50/><F30/><W70/><G70/><T15/><D28/><U69/><E69/><V132/><F132/><W84/><G43/><T31/><D31/><U122/><E122/><V57/><F91/><W90/><G42/><T95/><D32/><U108/><E108/><V129/><F129/><N who="3" m="49739" /><G90/><T71/><D71/><U67/><E67/><V102/><F102/><W89/><G89/><T0/><D66/><U130/><E130/><V100/><F100/><W56/><G87/><T36/><D0/><U44/><N who="1" m="11264" /><DORA hai="25" /><U1/><E1/><V9/><F9/><W103/><G101/><T112/><D112/><U29/><E29/><V24/><F24/><W35/><G35/><T14/><D36/><U133/><E133/><V63/><F26/><W11/><G8/><T134/><D134/><U106/><E106/><RYUUKYOKU ba="1,1" sc="164,-15,191,15,259,-15,376,15" hai1="58,88,94,97" hai3="11,13,18,56,76,83,84,92,99,103" /><INIT seed="5,2,1,5,0,131" ten="149,206,244,391" oya="1" hai0="83,58,91,114,135,1,98,124,42,81,4,28,73" hai1="108,37,90,112,29,55,62,35,63,127,107,48,87" hai2="120,2,115,40,14,43,126,109,67,27,24,129,88" hai3="71,95,41,104,15,31,64,32,50,60,134,23,94"/><U92/><E107/><V121/><F2/><W39/><G104/><T57/><D114/><U61/><E112/><V65/><F115/><W82/><G32/><T16/><D124/><U8/><E127/><V45/><F109/><W99/><G39/><T34/><D42/><U123/><E123/><V56/><F126/><W26/><G82/><T80/><D73/><U119/><E119/><V47/><F14/><W54/><G41/><T5/><D28/><U49/><E37/><V79/><F79/><W77/><G77/><T118/><D34/><U12/><E108/><V68/><F56/><W132/><G15/><T3/><D118/><U70/><E70/><V33/><F33/><W72/><G72/><T19/><D98/><U53/><E29/><V74/><F74/><W128/><G128/><T17/><D91/><U44/><E35/><V130/><REACH who="2" step="1"/><F68/><REACH who="2" ten="149,206,234,391" step="2"/><W111/><G111/><T11/><REACH who="0" step="1"/><D135/><REACH who="0" ten="139,206,234,391" step="2"/><N who="3" m="51753" /><G99/><T117/><D117/><U78/><E78/><V22/><F22/><W75/><G75/><T122/><D122/><U69/><E69/><V38/><F38/><W51/><G51/><T25/><D25/><U101/><E49/><V86/><F86/><W36/><G36/><T85/><D85/><U7/><E101/><V116/><F116/><W6/><G6/><T110/><D110/><U133/><REACH who="1" step="1"/><E133/><REACH who="1" ten="139,196,234,391" step="2"/><V52/><F52/><AGARI ba="2,4" hai="7,8,12,44,48,52,53,55,61,62,63,87,90,92" machi="52" ten="40,12000,1" yaku="1,1,2,1,8,1,54,1,53,0" doraHai="131" doraHaiUra="76" who="1" fromWho="2" sc="139,0,196,166,234,-126,391,0" /><INIT seed="5,3,0,2,0,98" ten="139,362,108,391" oya="1" hai0="86,85,108,33,111,58,16,43,76,106,132,109,27" hai1="129,105,11,62,123,31,92,99,39,94,82,127,44" hai2="72,23,40,103,38,24,118,73,122,134,74,83,121" hai3="37,66,81,35,115,79,13,5,29,19,2,65,80"/><U50/><E123/><V68/><F118/><W56/><G37/><T102/><D132/><U67/><E39/><V21/><F68/><W125/><G125/><T30/><D43/><U49/><E127/><V41/><F134/><W57/><G115/><T77/><D58/><N who="3" m="22633" /><G2/><T128/><D128/><U32/><E11/><V59/><F59/><W1/><G1/><T6/><D6/><U48/><E44/><V64/><F64/><N who="3" m="24683" /><G35/><T95/><D106/><U14/><E32/><V96/><F83/><W42/><G29/><T130/><D130/><U131/><E31/><V101/><F96/><W17/><G42/><N who="2" m="16489" /><F24/><W34/><G34/><T45/><D45/><U70/><E82/><N who="3" m="31850" /><G79/><T90/><D77/><U124/><E124/><V113/><F113/><W7/><G17/><T135/><D16/><U36/><E36/><V8/><F8/><AGARI ba="3,0" hai="5,7,8,13,19" m="31850,24683,22633" machi="8" ten="30,1000,0" yaku="8,1" doraHai="98" who="3" fromWho="2" sc="139,0,362,0,108,-19,391,19" /><INIT seed="6,0,0,5,5,81" ten="139,362,89,410" oya="2" hai0="123,88,129,131,98,62,40,101,110,34,92,95,20" hai1="18,59,44,73,113,24,39,57,77,114,85,17,4" hai2="112,134,14,36,118,33,103,35,89,12,31,19,23" hai3="68,16,15,97,37,64,3,50,10,28,130,116,66"/><V27/><F118/><W76/><G37/><T46/><D34/><N who="2" m="12810" /><F36/><W125/><G116/><T47/><D123/><U94/><E73/><V121/><F103/><W115/><G3/><T105/><D110/><U132/><E39/><V80/><F80/><W49/><G68/><T8/><D8/><U22/><E44/><V108/><F89/><W11/><G76/><T87/><D62/><U102/><E102/><V53/><F53/><W65/><G28/><T82/><D20/><U58/><E132/><V25/><F121/><W1/><G1/><T93/><REACH who="0" step="1"/><D40/><REACH who="0" ten="129,362,89,410" step="2"/><U107/><E22/><N who="2" m="15863" /><F108/><W120/><G120/><T26/><D26/><U124/><E24/><N who="2" m="14463" /><F134/><W41/><G41/><T128/><AGARI ba="0,1" hai="46,47,82,87,88,92,93,95,98,101,105,128,129,131" machi="128" ten="40,8000,1" yaku="1,1,0,1,19,1,52,1,54,1,53,0" doraHai="81" doraHaiUra="56" who="0" fromWho="0" sc="129,90,362,-20,89,-40,410,-20" /><INIT seed="7,0,0,4,1,44" ten="219,342,49,390" oya="3" hai0="85,76,112,18,114,132,79,104,106,42,81,26,71" hai1="67,37,126,109,29,91,121,10,14,25,9,82,39" hai2="34,134,28,46,53,16,51,27,48,54,87,57,30" hai3="49,72,94,40,4,66,123,60,69,45,68,23,8"/><W24/><G72/><T74/><D71/><U73/><E121/><V103/><F134/><W21/><G123/><T119/><D42/><U128/><E109/><V0/><F0/><W97/><G68/><T52/><D119/><U108/><E108/><V32/><F103/><W124/><G124/><T86/><D132/><U90/><E126/><V88/><F34/><W47/><G47/><T133/><D133/><U31/><E128/><V84/><F84/><W78/><G78/><T15/><D26/><U127/><E67/><V129/><F129/><W125/><G24/><T43/><D43/><U17/><E127/><V58/><F46/><W63/><G63/><T116/><D116/><U56/><E56/><V89/><F30/><W11/><G11/><T105/><D74/><U96/><E10/><V19/><REACH who="2" step="1"/><F89/><REACH who="2" ten="219,342,39,390" step="2"/><W110/><G125/><T118/><D86/><U122/><E90/><V33/><F33/><W41/><G110/><T131/><D85/><U102/><E91/><V115/><F115/><W55/><G41/><T80/><D131/><U70/><E29/><V1/><F1/><W22/><G40/><T75/><D114/><U95/><E122/><V113/><F113/><W13/><G23/><T61/><D112/><U50/><E73/><V92/><AGARI ba="0,1" hai="16,19,27,28,32,48,51,53,54,57,58,87,88,92" machi="92" ten="20,16000,3" yaku="1,1,0,1,7,1,9,1,52,2,54,2,53,0" doraHai="44" doraHaiUra="77" who="2" fromWho="2" sc="219,-40,342,-40,39,170,390,-80" owari="179,-32.0,302,10.0,209,-19.0,310,41.0" /></mjloggm>