<mjloggm ver="2.3"><GO type="169"/><UN n0="%E8%A5%BF%E6%9D%91%E9%85%B7%E4%BD%BF%E7%84%A1%E5%8F%8C%EF%BC%A0%E5%B7%A8" n1="%E7%B4%85%E9%89%84%E5%A7%AB" n2="%EF%BC%88%E2%89%A7%E2%96%BD%E2%89%A6%EF%BC%89" n3="%6B%75%72%61%32%33%34%35" dan="16,17,18,16" rate="2039,2155,2176,2108" sx="M,F,M,M"/><TAIKYOKU oya="0"/><INIT seed="0,0,0,1,5,9" ten="250,250,250,250" oya="0" hai0="43,83,36,31,45,57,17,39,51,4,85,78,131" hai1="80,16,29,46,88,54,38,53,121,63,115,76,7" hai2="23,111,82,96,108,77,26,107,32,19,11,91,14" hai3="84,73,34,129,42,49,40,15,59,68,18,112,128"/><T125/><D131/><N who="3" m="50249" /><G34/><T113/><D113/><U119/><E121/><V47/><F32/><W97/><G73/><T13/><D125/><U22/><E119/><V93/><F47/><W35/><G35/><T132/><D132/><U1/><E29/><V81/><F107/><W110/><G110/><T6/><D31/><U130/><E115/><V55/><F55/><N who="3" m="32239" /><G68/><T101/><D101/><U122/><E122/><V52/><F52/><W10/><G112/><T134/><D134/><U62/><E130/><V25/><F25/><W74/><G74/><T126/><D126/><U117/><E117/><V69/><F69/><W21/><G97/><T66/><D39/><U89/><E7/><V87/><REACH who="2" step="1"/><F82/><REACH who="2" ten="250,250,240,250" step="2"/><W5/><G84/><T8/><D36/><U56/><E38/><V86/><F86/><W118/><G118/><T114/><D114/><U12/><E46/><V79/><F79/><W71/><G71/><T65/><D65/><U123/><E123/><V64/><F64/><W109/><G109/><T30/><D66/><U106/><E106/><V28/><AGARI ba="0,1" hai="11,14,19,23,26,28,77,81,87,91,93,96,108,111" machi="28" ten="30,4000,0" yaku="1,1,0,1,52,1,53,0" doraHai="9" doraHaiUra="2" who="2" fromWho="2" sc="250,-20,250,-10,240,50,250,-10" /><INIT seed="1,0,0,1,5,29" ten="230,240,290,240" oya="1" hai0="107,1,27,128,64,65,132,66,46,10,52,125,92" hai1="7,130,134,75,114,31,20,94,69,117,34,42,95" hai2="108,84,78,87,55,61,26,83,89,99,38,18,25" hai3="85,102,123,59,76,60,63,127,16,97,12,49,81"/><U106/><E42/><V4/><F108/><W121/><G127/><T112/><D107/><U67/><E67/><V110/><F110/><W93/><G123/><T120/><D112/><U133/><E7/><V56/><F38/><W58/><G121/><T104/><D104/><U111/><E20/><V124/><F124/><W19/><G49/><T129/><D125/><U35/><E106/><V73/><F4/><W15/><G15/><T3/><D120/><U90/><E111/><V101/><F101/><W135/><G135/><N who="1" m="51722" /><E31/><V105/><F105/><W8/><REACH who="3" step="1"/><G19/><REACH who="3" ten="230,240,290,230" step="2"/><T100/><D132/><U50/><E114/><V71/><F18/><W77/><G77/><T54/><D3/><U36/><E36/><V0/><F0/><W48/><G48/><T113/><D1/><U23/><E117/><V30/><F78/><W51/><G51/><T11/><D113/><U103/><E50/><V28/><F28/><W14/><G14/><T39/><D39/><U32/><E130/><V2/><F30/><W5/><G5/><T74/><D129/><U53/><E75/><V116/><F73/><W44/><G44/><T91/><D74/><U62/><E69/><V21/><F71/><W37/><G37/><T57/><D46/><U115/><E115/><V13/><F2/><W79/><G79/><T24/><D128/><U98/><E23/><V126/><F21/><W43/><G43/><T72/><D72/><U45/><E45/><V41/><F41/><W40/><G40/><T70/><D70/><U109/><E109/><V118/><F126/><W80/><G80/><T96/><D57/><AGARI ba="0,1" hai="8,12,16,57,58,59,60,63,76,81,85,93,97,102" machi="57" ten="40,8000,1" yaku="1,1,6,1,8,1,54,1,53,1" doraHai="29" doraHaiUra="9" who="3" fromWho="0" sc="230,-80,240,0,290,0,230,90" /><INIT seed="2,0,0,5,5,109" ten="150,240,290,320" oya="2" hai0="46,120,57,5,28,16,107,134,89,14,126,31,39" hai1="56,29,113,19,22,91,20,52,54,48,53,36,74" hai2="6,121,13,65,35,73,132,128,78,100,64,45,49" hai3="21,81,117,43,26,98,72,135,99,106,32,8,83"/><V123/><F35/><W58/><G117/><T115/><D120/><U0/><E0/><V30/><F30/><W2/><G32/><T18/><D134/><U124/><E74/><V70/><F132/><W71/><G71/><T61/><D126/><U79/><E79/><V80/><F128/><W60/><G135/><T69/><D69/><U103/><E124/><V125/><F125/><W84/><G43/><T12/><D107/><U97/><E36/><V110/><F110/><W50/><G50/><T87/><D115/><U34/><E113/><V4/><F100/><W129/><G129/><T59/><D39/><U15/><E91/><V24/><F24/><W104/><G104/><T108/><D46/><U27/><REACH who="1" step="1"/><E34/><REACH who="1" ten="150,230,290,320" step="2"/><V105/><F78/><W51/><G72/><T38/><D38/><U23/><E23/><V62/><F73/><W44/><G21/><N who="0" m="11399" /><D108/><U66/><E66/><V122/><F65/><W116/><G2/><T17/><D17/><U7/><E7/><V92/><F4/><W77/><G77/><T95/><D5/><U90/><E90/><V93/><F6/><W42/><G116/><T114/><D114/><U82/><E82/><V63/><F80/><W130/><G81/><T9/><D59/><U37/><E37/><V1/><F1/><W47/><G58/><T86/><D86/><U112/><E112/><V41/><F123/><W68/><G84/><T133/><D133/><U11/><E11/><V75/><F122/><W3/><G8/><T67/><AGARI ba="0,1" hai="9,14,18,28,31,57,61,67,87,89,95" m="11399" machi="67" ten="30,2000,0" yaku="8,1,54,1" doraHai="109" who="0" fromWho="0" sc="150,30,230,-5,290,-10,320,-5" /><INIT seed="3,0,0,4,3,38" ten="180,225,280,315" oya="3" hai0="22,65,117,5,80,68,106,63,100,2,13,62,1" hai1="120,119,76,95,93,36,72,84,70,87,14,110,27" hai2="82,125,123,78,12,7,109,59,39,127,28,3,34" hai3="98,18,103,111,114,126,50,77,92,21,105,115,90"/><W79/><G50/><T129/><D117/><U121/><E70/><V73/><F109/><W133/><G18/><T25/><D129/><U20/><E119/><V19/><F123/><W45/><G45/><T83/><D63/><U40/><E110/><V0/><F59/><W94/><G21/><T31/><D13/><U52/><E14/><V91/><F91/><W88/><G111/><T85/><D5/><U56/><E72/><V71/><F71/><W128/><G128/><T74/><D74/><U11/><E11/><N who="2" m="2559" /><F0/><W122/><G122/><T118/><D118/><U30/><E120/><V57/><F57/><W113/><G126/><N who="2" m="48137" /><F39/><W10/><G10/><T107/><D83/><U58/><E58/><V60/><F60/><W26/><G26/><T8/><D107/><U108/><E121/><V23/><F28/><W97/><G133/><T49/><D49/><U101/><E108/><V99/><F99/><AGARI ba="0,0" hai="77,79,88,90,92,94,97,98,99,103,105,113,114,115" machi="99" ten="40,12000,1" yaku="9,1,34,3,54,1" doraHai="38" who="3" fromWho="2" sc="180,0,225,0,280,-120,315,120" /><INIT seed="3,1,0,4,5,106" ten="180,225,160,435" oya="3" hai0="56,14,85,87,67,70,21,6,2,107,86,90,98" hai1="54,69,113,71,28,62,128,84,110,31,29,17,97" hai2="105,24,82,81,104,16,133,96,111,72,48,37,77" hai3="80,103,57,130,129,20,55,36,76,45,47,117,15"/><W108/><G117/><T25/><D70/><U23/><E113/><V4/><F37/><W68/><G68/><T61/><D2/><U5/><E5/><V44/><F133/><W66/><G66/><T95/><D107/><U12/><E128/><N who="3" m="49258" /><G103/><T75/><D75/><U32/><E32/><V73/><F111/><W53/><G36/><T3/><D3/><U126/><E110/><V46/><F4/><W59/><G108/><T99/><D99/><U125/><E97/><V0/><F0/><W115/><G15/><T112/><D112/><U58/><REACH who="1" step="1"/><E84/><REACH who="1" ten="180,215,160,435" step="2"/><V22/><F96/><W120/><G115/><T64/><D86/><U38/><E38/><V19/><F19/><W65/><G120/><T79/><D87/><U52/><E52/><V18/><F18/><W51/><G53/><N who="0" m="33935" /><D79/><U34/><E34/><V102/><F77/><W27/><G76/><T35/><D85/><U121/><E121/><V43/><F73/><W93/><G55/><T26/><D35/><U13/><E13/><V11/><F72/><W88/><G65/><T60/><D67/><U40/><E40/><V1/><F1/><W50/><G27/><T10/><D25/><U91/><E91/><V8/><F24/><W131/><G131/><T101/><D90/><U94/><E94/><V74/><F74/><W119/><G88/><T41/><D41/><U127/><AGARI ba="1,1" hai="12,17,23,28,29,31,54,58,62,69,71,125,126,127" machi="127" ten="40,5200,0" yaku="1,1,0,1,18,1,53,0" doraHai="106" doraHaiUra="109" who="1" fromWho="1" sc="180,-14,215,65,160,-14,435,-27" /><INIT seed="4,0,0,5,4,14" ten="166,280,146,408" oya="0" hai0="57,54,60,41,78,53,106,31,18,121,38,3,15" hai1="1,92,48,39,8,13,110,95,23,129,120,27,83" hai2="43,42,29,33,25,122,61,99,47,86,100,105,28" hai3="79,7,108,32,66,40,89,37,113,30,70,51,103"/><T21/><D121/><U6/><E39/><V62/><F122/><W88/><G108/><T77/><D106/><U24/><E120/><V11/><F29/><W84/><G7/><T82/><D3/><U45/><E110/><V73/><F73/><W125/><G113/><T26/><D41/><U4/><E129/><V124/><F124/><W71/><G125/><T81/><D38/><U85/><E24/><V20/><F43/><W16/><G37/><T76/><REACH who="0" step="1"/><D54/><REACH who="0" ten="156,280,146,408" step="2"/><U0/><E0/><V34/><F42/><W102/><G40/><T117/><D117/><U90/><E1/><V126/><F105/><W127/><G127/><T119/><D119/><U50/><E45/><V65/><F47/><W44/><G44/><T69/><D69/><U80/><E4/><V56/><F126/><W74/><G70/><T101/><D101/><U36/><E36/><V109/><F100/><W93/><G103/><T131/><D131/><U111/><E111/><V55/><F109/><W49/><G71/><T5/><D5/><U63/><E63/><V12/><F62/><W58/><G102/><T22/><AGARI ba="0,1" hai="15,18,21,22,26,31,53,57,60,76,77,78,81,82" machi="22" ten="30,18000,2" yaku="1,1,0,1,8,1,52,1,53,2" doraHai="14" doraHaiUra="19" who="0" fromWho="0" sc="156,190,280,-60,146,-60,408,-60" /><INIT seed="4,1,0,2,0,29" ten="346,220,86,348" oya="0" hai0="12,48,70,75,60,82,62,65,8,20,3,122,102" hai1="14,74,107,17,31,67,9,134,77,51,110,45,98" hai2="115,132,86,83,103,119,118,39,114,30,47,87,99" hai3="93,108,92,126,135,116,104,64,58,24,111,28,46"/><T68/><D122/><U109/><E134/><V121/><F30/><W133/><G104/><T90/><D102/><U97/><E77/><N who="2" m="46447" /><F39/><W66/><G116/><N who="2" m="44585" /><F47/><W123/><G123/><T53/><D3/><U34/><E74/><V36/><F36/><W6/><G6/><T72/><D20/><U80/><E67/><V22/><F22/><W38/><G126/><T85/><D62/><U11/><E11/><V44/><F44/><W27/><G46/><T33/><D33/><U112/><E107/><N who="2" m="63999" /><F121/><W52/><G38/><T4/><D70/><U2/><E2/><V127/><F127/><W95/><G58/><AGARI ba="1,0" hai="4,8,12,48,53,58,60,65,68,72,75,82,85,90" machi="58" ten="30,1500,0" yaku="7,1" doraHai="29" who="0" fromWho="3" sc="346,18,220,0,86,0,348,-18" /><INIT seed="4,2,0,2,0,127" ten="364,220,86,330" oya="0" hai0="55,43,77,54,64,119,105,70,50,41,28,102,18" hai1="80,45,0,108,10,57,93,74,21,104,34,95,2" hai2="115,19,48,107,66,129,36,58,92,67,73,13,6" hai3="44,65,23,94,82,46,16,133,32,88,26,76,15"/><T5/><D119/><U122/><E104/><V56/><F107/><W131/><G133/><T85/><D28/><U124/><E122/><V4/><F73/><W27/><G65/><N who="2" m="24585" /><F36/><W39/><G39/><T125/><D125/><U121/><E121/><V40/><F115/><W81/><G32/><T135/><D5/><N who="2" m="2154" /><F92/><W17/><G131/><T75/><D75/><U79/><E34/><V62/><F62/><W63/><G63/><T71/><D135/><U89/><E124/><V100/><F100/><W113/><G113/><T87/><D102/><U130/><E95/><V11/><F129/><W37/><G37/><T49/><D105/><U30/><E130/><V109/><F109/><W24/><G17/><T117/><D64/><U69/><E69/><V3/><F3/><W126/><G126/><T110/><D117/><U120/><E108/><V114/><F114/><W99/><REACH who="3" step="1"/><G82/><REACH who="3" ten="364,220,86,320" step="2"/><T52/><D110/><U101/><E80/><V86/><F86/><AGARI ba="2,1" hai="15,16,23,24,26,27,44,46,76,81,86,88,94,99" machi="86" ten="40,12000,2" yaku="1,1,2,1,8,1,54,2,53,1" doraHai="127" doraHaiUra="90" who="3" fromWho="2" sc="364,0,220,0,86,-126,320,136" owari="364,16.0,220,-18.0,-40,-54.0,456,56.0" /></mjloggm>