<mjloggm ver="2.3"><GO type="41"/><UN n0="%E7%AF%84%E9%A6%AC" n1="%E3%83%AB%E3%83%8D%E3%83%AB%E3%82%B9" n2="%EF%BC%88%E2%89%A7%E2%96%BD%E2%89%A6%EF%BC%89" n3="%E3%83%81%E3%83%83%E3%83%81%E3%83%A7%E3%83%AA%E3%83%BC%E3%83%8A" dan="15,14,16,15" rate="1946,1906,2042,2022" sx="M,M,M,F"/><TAIKYOKU oya="0"/><INIT seed="0,0,0,2,0,85" ten="250,250,250,250" oya="0" hai0="107,125,10,25,6,82,114,43,56,121,77,70,59" hai1="51,22,83,119,26,2,17,118,32,113,91,35,42" hai2="0,66,54,116,29,23,46,71,27,28,30,115,7" hai3="112,78,103,108,124,36,19,130,129,45,131,100,135"/><T61/><D121/><U104/><E104/><V34/><F115/><W38/><G112/><T24/><D107/><U14/><E113/><V97/><F116/><W96/><G108/><T74/><D114/><U53/><E42/><V120/><F120/><W122/><G122/><T5/><D125/><U95/><E83/><V106/><F0/><W16/><G124/><T79/><D43/><U84/><E2/><V75/><F7/><W69/><G69/><T48/><D70/><U94/><E94/><V63/><F75/><W90/><G78/><T99/><D99/><U3/><E3/><V62/><F23/><W117/><G117/><T72/><D48/><U15/><E15/><V65/><F54/><W98/><G135/><T93/><D93/><U133/><E133/><V18/><F18/><W33/><G129/><T105/><D105/><U81/><E81/><V134/><F46/><W39/><G39/><T128/><D61/><U88/><E91/><V68/><REACH who="2" step="1"/><F134/><REACH who="2" ten="250,250,240,250" step="2"/><W11/><G45/><T44/><D44/><U9/><E35/><V12/><F12/><W109/><G33/><T50/><D10/><U89/><E32/><V20/><F20/><W76/><G11/><T126/><D126/><U31/><E118/><V57/><F57/><W55/><G130/><T87/><D72/><U41/><E119/><V64/><F64/><W1/><G1/><T40/><D74/><U110/><E41/><V52/><F52/><W80/><G55/><T60/><D40/><U102/><E53/><V8/><F8/><W123/><G131/><T92/><D6/><U21/><E9/><RYUUKYOKU ba="0,1" sc="250,-10,250,-10,240,30,250,-10" hai2="27,28,29,30,34,62,63,65,66,68,71,97,106" /><INIT seed="1,1,1,2,3,77" ten="240,240,270,240" oya="1" hai0="117,127,72,95,104,59,97,3,56,22,12,29,63" hai1="19,107,102,45,66,99,13,134,30,44,122,118,82" hai2="49,42,67,109,16,46,41,21,105,70,91,89,125" hai3="80,90,81,35,53,101,28,26,133,68,32,86,106"/><U93/><E122/><V132/><F105/><W5/><G133/><T52/><D3/><U54/><E134/><V60/><F132/><W76/><G68/><T10/><D72/><U74/><E118/><V51/><F109/><W2/><G53/><T39/><D39/><U92/><E66/><V11/><F11/><W119/><G119/><T96/><D127/><U37/><E30/><V85/><F125/><W15/><G2/><T31/><D104/><U24/><E24/><V18/><F21/><W50/><G50/><N who="0" m="30743" /><D22/><U48/><E37/><V71/><F71/><W40/><G40/><T33/><D33/><U129/><E129/><V120/><F120/><W20/><G5/><N who="0" m="3151" /><D117/><U43/><E43/><V78/><F78/><W38/><G38/><T112/><D112/><U65/><E45/><V17/><REACH who="2" step="1"/><F85/><REACH who="2" ten="240,240,260,240" step="2"/><W124/><G124/><T4/><D4/><U111/><E111/><V116/><F116/><W34/><G34/><T131/><D131/><U87/><E74/><V14/><F14/><W58/><G15/><T126/><D126/><U9/><REACH who="1" step="1"/><E65/><REACH who="1" ten="240,230,260,240" step="2"/><V61/><F61/><W47/><G35/><T83/><D63/><U6/><E6/><V73/><F73/><W25/><G32/><T88/><D29/><U84/><E84/><V110/><F110/><W57/><G86/><T128/><D31/><U7/><E7/><V69/><F69/><W79/><G28/><T121/><D121/><U27/><E27/><V23/><F23/><W1/><G20/><T113/><D128/><U114/><E114/><V62/><F62/><W8/><G26/><T135/><D135/><RYUUKYOKU ba="1,3" sc="240,-15,230,15,260,15,240,-15" hai1="9,13,19,44,48,54,82,87,92,93,99,102,107" hai2="16,17,18,41,42,46,49,51,60,67,70,89,91" /><INIT seed="1,2,3,0,1,6" ten="225,245,275,225" oya="1" hai0="69,67,61,2,56,70,118,39,86,27,73,133,19" hai1="131,106,76,59,37,18,15,51,102,101,82,84,64" hai2="40,99,90,30,25,1,66,113,60,14,91,5,8" hai3="110,36,7,124,108,109,3,23,98,71,120,104,83"/><U100/><E37/><V13/><F113/><W43/><G120/><T128/><D73/><U24/><E131/><V122/><F122/><W85/><G71/><T78/><D2/><U31/><E106/><V93/><F91/><W45/><G124/><T21/><D118/><U33/><E64/><V20/><REACH who="2" step="1"/><F40/><REACH who="2" ten="225,245,265,225" step="2"/><W117/><G43/><T116/><D116/><U58/><REACH who="1" step="1"/><E51/><REACH who="1" ten="225,235,265,225" step="2"/><V79/><F79/><W77/><G117/><T81/><D39/><U0/><E0/><V12/><F12/><W54/><G3/><T28/><D128/><U96/><E96/><V132/><F132/><W38/><G98/><T123/><D123/><U92/><E92/><V87/><F87/><W50/><G85/><T65/><D133/><U48/><E48/><V126/><F126/><W44/><G50/><T46/><D46/><U55/><E55/><V88/><F88/><W4/><G54/><T16/><D67/><U47/><E47/><V22/><F22/><AGARI ba="2,5" hai="15,18,22,24,31,33,58,59,76,82,84,100,101,102" machi="22" ten="40,2000,0" yaku="1,1,53,0" doraHai="6" doraHaiUra="62" who="1" fromWho="2" sc="225,0,235,76,265,-26,225,0" /><INIT seed="1,3,0,2,1,62" ten="225,311,239,225" oya="1" hai0="24,55,15,33,22,82,133,20,58,56,60,93,41" hai1="120,65,103,21,50,128,70,64,3,74,18,77,81" hai2="48,85,31,121,76,40,95,42,73,104,119,129,113" hai3="44,67,11,17,28,2,47,112,86,4,83,71,122"/><U8/><E120/><V46/><F104/><W125/><G122/><T92/><D33/><U109/><E70/><V12/><F121/><W78/><G112/><T131/><D131/><U79/><E79/><V114/><F119/><W106/><G106/><T134/><D41/><U96/><E128/><V66/><F129/><W49/><G125/><T7/><D82/><U35/><E35/><V34/><F40/><W45/><G28/><T16/><D58/><U0/><E109/><V36/><F73/><W111/><G111/><T87/><D7/><U25/><E50/><V94/><F12/><W115/><G17/><T84/><D84/><U130/><E130/><V127/><F127/><W69/><G115/><N who="2" m="44041" /><F48/><W5/><G5/><T54/><D54/><U88/><E88/><N who="2" m="53519" /><F95/><W124/><G124/><T37/><D37/><U23/><E23/><V68/><F76/><W51/><REACH who="3" step="1"/><G71/><REACH who="3" ten="225,311,239,215" step="2"/><T72/><D134/><U117/><E117/><V53/><F31/><W116/><G116/><T102/><D133/><U107/><REACH who="1" step="1"/><E0/><REACH who="1" ten="225,301,239,215" step="2"/><V9/><F68/><W101/><G101/><T132/><D102/><U39/><E39/><V123/><F36/><W10/><G10/><T6/><D132/><U61/><E61/><AGARI ba="3,2" hai="2,4,11,44,45,47,49,51,61,67,69,78,83,86" machi="61" ten="40,5200,0" yaku="1,1,52,1,53,1" doraHai="62" doraHaiUra="32" who="3" fromWho="1" sc="225,0,301,-61,239,0,215,81" /><INIT seed="2,0,0,3,1,74" ten="225,240,239,296" oya="2" hai0="67,82,38,8,98,79,76,134,128,93,102,49,131" hai1="111,0,20,66,57,97,28,130,120,80,48,126,72" hai2="64,52,101,54,7,71,53,88,58,109,63,50,37" hai3="16,35,70,27,2,99,12,86,91,18,85,105,22"/><V9/><F101/><W106/><G70/><T30/><D38/><U69/><E0/><V3/><F109/><W68/><G68/><T19/><D134/><U31/><E120/><V33/><F33/><W77/><G2/><T55/><D67/><U104/><E69/><V83/><REACH who="2" step="1"/><F37/><REACH who="2" ten="225,240,229,296" step="2"/><W56/><G35/><T21/><D131/><U132/><E130/><V51/><F51/><W61/><G106/><T113/><D128/><U114/><E48/><V110/><F110/><W87/><G105/><T112/><D112/><U43/><E114/><V135/><F135/><W115/><G115/><T127/><D113/><U40/><E104/><V75/><F75/><W1/><G1/><T15/><D127/><U44/><E72/><V46/><F46/><W124/><G124/><T95/><D95/><U92/><E92/><V36/><F36/><W122/><G122/><T90/><D82/><U73/><E80/><V39/><F39/><W117/><G117/><T96/><D102/><U26/><E126/><V4/><F4/><W81/><G81/><T118/><D118/><U24/><E132/><V11/><F11/><W42/><G22/><T23/><D23/><U78/><E20/><V116/><F116/><W84/><G91/><T10/><D10/><U89/><E89/><V94/><F94/><W25/><G61/><T108/><D108/><U34/><E34/><V129/><F129/><W14/><G18/><T123/><D123/><U107/><E107/><V41/><F41/><W100/><G16/><T121/><D121/><U32/><E111/><V125/><F125/><W133/><G100/><RYUUKYOKU ba="0,1" sc="225,-10,240,-10,229,30,296,-10" hai2="3,7,9,50,52,53,54,58,63,64,71,83,88" /><INIT seed="2,1,1,1,5,19" ten="215,230,259,286" oya="2" hai0="96,115,125,28,11,117,77,87,107,52,36,17,42" hai1="38,92,84,13,98,34,121,66,18,55,106,8,72" hai2="46,25,93,32,51,21,44,89,75,88,94,47,14" hai3="10,16,7,76,65,120,114,80,111,97,43,49,123"/><V64/><F75/><W1/><G114/><T102/><D117/><U85/><E121/><V61/><F32/><W20/><G111/><T101/><D115/><U24/><E106/><V116/><F14/><W40/><G65/><T6/><D125/><U86/><E38/><V0/><F0/><W83/><G97/><T127/><D127/><U112/><E112/><V126/><F116/><W2/><G2/><T50/><D28/><U68/><E72/><V48/><F126/><W30/><G30/><T129/><D102/><U9/><E9/><V119/><F119/><W124/><G124/><T108/><D108/><U82/><E68/><V118/><F118/><W26/><G83/><T29/><D29/><U78/><E66/><V81/><F81/><W67/><G67/><T74/><D74/><U105/><E105/><V109/><F109/><W45/><REACH who="3" step="1"/><G43/><REACH who="3" ten="215,230,259,276" step="2"/><T12/><D42/><U100/><E55/><V23/><F94/><W71/><G71/><T73/><D96/><U135/><E135/><V58/><F89/><W15/><G15/><T99/><D99/><U122/><E122/><V130/><F130/><W110/><G110/><T70/><D129/><U90/><E90/><V69/><F69/><W91/><G91/><T35/><D70/><U33/><E33/><V39/><F25/><W54/><G54/><T104/><D52/><U63/><E24/><V133/><F133/><W62/><G62/><T60/><D60/><U4/><E34/><V134/><F134/><W131/><G131/><T27/><D12/><N who="1" m="5127" /><E63/><V37/><F88/><W3/><G3/><T31/><D35/><RYUUKYOKU ba="1,2" sc="215,-15,230,15,259,-15,276,15" hai1="13,18,78,82,84,85,86,92,98,100" hai3="1,7,10,16,20,26,40,45,49,76,80,120,123" /><INIT seed="3,2,2,3,5,45" ten="200,245,244,291" oya="3" hai0="94,115,126,28,98,109,80,60,130,55,101,65,91" hai1="27,103,19,14,53,12,36,50,96,52,7,116,122" hai2="129,100,35,31,16,17,40,107,69,11,127,42,39" hai3="79,135,44,1,37,23,119,132,113,34,88,8,117"/><W67/><G113/><T54/><D115/><U26/><E36/><V134/><F69/><W6/><G34/><T49/><D109/><U20/><E122/><V97/><F127/><W99/><G79/><T61/><D126/><U84/><E116/><V112/><F112/><W0/><G0/><T81/><D130/><U73/><E73/><V124/><F124/><W85/><G99/><T104/><D28/><U106/><E84/><V71/><F71/><W111/><G67/><T38/><D38/><U118/><E118/><V123/><F123/><W62/><G62/><T4/><D4/><U13/><E53/><V76/><F129/><W48/><G37/><T86/><D54/><U18/><E7/><V25/><F134/><N who="3" m="51243" /><G23/><T24/><D24/><U105/><E105/><V95/><F76/><W120/><G111/><T41/><D41/><U10/><REACH who="1" step="1"/><E27/><REACH who="1" ten="200,235,244,291" step="2"/><V93/><F39/><W83/><G120/><T87/><D65/><U78/><E78/><V89/><F107/><W3/><G3/><T133/><D133/><U63/><E63/><V66/><F66/><W131/><G131/><T47/><D104/><U43/><E43/><AGARI ba="2,3" hai="1,6,8,43,44,48,83,85,88,117,119" m="51243" machi="43" ten="30,5800,0" yaku="20,1,52,1,54,1" doraHai="45" who="3" fromWho="1" sc="200,0,235,-64,244,0,291,94" /><INIT seed="3,3,0,5,3,63" ten="200,171,244,385" oya="3" hai0="50,4,130,61,116,14,92,44,110,117,128,48,34" hai1="65,76,31,38,56,18,88,42,11,10,112,81,74" hai2="87,85,135,1,15,96,28,21,90,19,22,5,71" hai3="33,75,66,7,80,103,37,62,26,83,114,54,121"/><W123/><G37/><T58/><D34/><U60/><E112/><V52/><F71/><W131/><G114/><T100/><D4/><U67/><E31/><V59/><F135/><W120/><G131/><N who="0" m="50219" /><D14/><U46/><E18/><V102/><F1/><W24/><G7/><T79/><D79/><U45/><E45/><V72/><F72/><W13/><G13/><T98/><D110/><U35/><E35/><V43/><F43/><W12/><G12/><T16/><D16/><U122/><E122/><V41/><F41/><W25/><G33/><T124/><D124/><U40/><E40/><V39/><F39/><W20/><G20/><T82/><D82/><U36/><E36/><V104/><F5/><W99/><G75/><T132/><D132/><U32/><E32/><V105/><F105/><W89/><G89/><T111/><D111/><U106/><E106/><V78/><F78/><W108/><G108/><T118/><D44/><U55/><REACH who="1" step="1"/><E88/><REACH who="1" ten="200,161,244,385" step="2"/><V70/><F90/><W17/><G121/><T94/><D94/><U68/><E68/><V133/><F70/><W6/><G123/><T2/><D118/><U3/><E3/><V134/><F134/><W64/><G17/><T77/><D2/><U119/><E119/><V51/><F133/><W127/><G120/><T91/><D77/><U126/><E126/><V30/><F30/><W95/><G127/><T69/><D69/><U125/><E125/><V57/><F59/><N who="3" m="35191" /><G6/><T49/><D91/><U107/><E107/><V47/><F47/><W129/><G129/><T29/><D29/><U84/><E84/><N who="2" m="32331" /><F28/><W93/><G95/><RYUUKYOKU ba="3,1" sc="200,0,161,0,244,0,385,0" hai0="48,49,50,58,61,92,98,100,116,117" hai1="10,11,38,42,46,55,56,60,65,67,74,76,81" hai2="15,19,21,22,51,52,57,96,102,104" hai3="24,25,26,64,66,80,83,93,99,103" /><INIT seed="3,4,1,5,2,76" ten="200,161,244,385" oya="3" hai0="57,13,20,6,131,59,49,17,121,11,130,92,55" hai1="21,12,105,69,90,89,128,117,39,132,104,19,120" hai2="46,58,40,126,48,115,2,41,37,97,61,84,123" hai3="15,31,102,113,114,116,47,111,8,74,36,34,85"/><W32/><G116/><T38/><D38/><U25/><E120/><V91/><F115/><W54/><G74/><T64/><D121/><U80/><E39/><V124/><F2/><W65/><G65/><T127/><D127/><N who="2" m="48682" /><F97/><W67/><G67/><T4/><D4/><U83/><E69/><V82/><F123/><W44/><G102/><T88/><D64/><U71/><E71/><V63/><F41/><W81/><G36/><T112/><D59/><U94/><E117/><V96/><F96/><W35/><G31/><T53/><D53/><AGARI ba="4,1" hai="37,40,46,48,53,58,61,63,82,84,91" m="48682" machi="53" ten="30,2000,0" yaku="18,1,52,1" doraHai="76" who="2" fromWho="0" sc="200,-32,161,0,244,42,385,0" /><INIT seed="4,0,0,3,2,20" ten="168,161,286,385" oya="0" hai0="44,61,42,16,86,105,46,100,119,27,64,126,25" hai1="120,14,81,107,97,124,37,4,59,132,34,90,67" hai2="23,63,66,22,71,93,74,125,130,115,57,73,89" hai3="131,48,76,58,92,51,47,106,65,18,88,82,114"/><T3/><D3/><U19/><E37/><V52/><F125/><W15/><G106/><T87/><D119/><U43/><E120/><V9/><F130/><W116/><G131/><T7/><D7/><U0/><E34/><V84/><F115/><W56/><G116/><T72/><D72/><U75/><E43/><V6/><F23/><W134/><G114/><T77/><D126/><U99/><E124/><V98/><F98/><W50/><G47/><N who="0" m="17963" /><D105/><U38/><E38/><V78/><F78/><W96/><G65/><T62/><D42/><U117/><E117/><V69/><F22/><W91/><G134/><T55/><D64/><U29/><E67/><V21/><F21/><N who="3" m="11487" /><G76/><T108/><D108/><U45/><E0/><V11/><F11/><W17/><G17/><T79/><D16/><U39/><E19/><V70/><REACH who="2" step="1"/><F66/><REACH who="2" ten="168,161,276,385" step="2"/><W53/><G53/><T24/><D100/><U40/><E107/><V127/><F127/><W2/><G2/><AGARI ba="0,1" hai="2,6,9,52,57,63,69,70,71,73,74,84,89,93" machi="2" ten="40,2600,0" yaku="1,1,54,1,53,0" doraHai="20" doraHaiUra="102" who="2" fromWho="3" sc="168,0,161,0,276,36,385,-26" /><INIT seed="5,0,0,1,5,32" ten="168,161,312,359" oya="1" hai0="50,84,58,87,52,9,63,106,92,108,22,53,51" hai1="38,43,133,62,130,103,60,86,95,8,77,91,39" hai2="48,82,71,109,12,93,89,46,5,132,19,31,131" hai3="34,117,16,120,57,113,90,107,54,40,56,10,81"/><U18/><E133/><V0/><F71/><W49/><G107/><T116/><D106/><U126/><E126/><V35/><F109/><W111/><G111/><T26/><D116/><U127/><E127/><V129/><F132/><W72/><G34/><T100/><D108/><U13/><E130/><N who="2" m="49675" /><F82/><W98/><G120/><T88/><D100/><U36/><E43/><V121/><F121/><W96/><G117/><T78/><D9/><U99/><REACH who="1" step="1"/><E77/><REACH who="1" ten="168,151,312,359" step="2"/><V25/><F5/><W85/><G40/><T30/><D78/><U70/><E70/><V128/><F128/><W115/><G115/><T73/><D73/><U29/><E29/><V119/><F119/><W68/><G72/><T102/><D102/><U80/><AGARI ba="0,1" hai="8,13,18,36,38,39,60,62,80,86,91,95,99,103" machi="80" ten="30,3000,0" yaku="1,1,0,1,53,0" doraHai="32" doraHaiUra="24" who="1" fromWho="1" sc="168,-10,151,40,312,-10,359,-10" /><INIT seed="5,1,0,2,4,56" ten="158,191,302,349" oya="1" hai0="26,41,131,45,89,120,106,116,99,83,32,52,5" hai1="40,125,69,134,122,93,90,75,118,114,127,107,22" hai2="34,18,23,44,36,78,50,47,110,72,65,76,13" hai3="126,48,115,113,68,3,17,98,129,12,96,102,108"/><U7/><E69/><V112/><F34/><W71/><G3/><T97/><D116/><U111/><E118/><V31/><F110/><W91/><G108/><T87/><D131/><U100/><E111/><V1/><F1/><W15/><G129/><T14/><D120/><U84/><E122/><V11/><F112/><N who="3" m="43083" /><G126/><N who="1" m="48138" /><E114/><V79/><F36/><W67/><G48/><T19/><D5/><U6/><E40/><V53/><F65/><W43/><G43/><T30/><D106/><U4/><E134/><V73/><F47/><W88/><G15/><T70/><D70/><N who="3" m="26665" /><G67/><T2/><D2/><U10/><E75/><V80/><F72/><W54/><G54/><T62/><D41/><U77/><E77/><V27/><AGARI ba="1,0" hai="11,13,18,23,27,31,44,50,53,73,76,78,79,80" machi="27" ten="30,1100,0" yaku="0,1" doraHai="56" who="2" fromWho="2" sc="158,-4,191,-6,302,14,349,-4" /><INIT seed="6,0,0,5,3,8" ten="154,185,316,345" oya="2" hai0="17,131,93,27,6,114,127,121,122,10,35,22,84" hai1="4,67,71,91,115,117,132,130,40,126,82,19,61" hai2="69,46,25,110,80,24,15,36,50,28,86,95,124" hai3="99,102,58,113,120,1,119,78,73,51,109,125,129"/><V20/><F69/><W72/><G1/><T33/><D93/><U65/><E117/><V64/><F36/><W49/><G119/><T9/><D84/><U133/><E67/><V74/><F74/><W14/><G120/><T42/><D42/><U90/><E115/><V123/><F64/><W0/><G0/><N who="0" m="199" /><D114/><U48/><E4/><V39/><F39/><W26/><G26/><T30/><D127/><U41/><E126/><V12/><F124/><W83/><G113/><T43/><D43/><U45/><E41/><N who="2" m="24911" /><F110/><W81/><G109/><T47/><D47/><U7/><E7/><V94/><F25/><W13/><G73/><T85/><D85/><U59/><E82/><V75/><F75/><W60/><G83/><T76/><D76/><U16/><E71/><V77/><F123/><N who="0" m="47114" /><D131/><U111/><E130/><V63/><F63/><W37/><G37/><T62/><D62/><U55/><E40/><V44/><F44/><W11/><G129/><T21/><D10/><U89/><REACH who="1" step="1"/><E111/><REACH who="1" ten="154,175,316,345" step="2"/><V118/><F118/><W107/><G125/><T106/><D106/><U70/><E70/><V38/><F38/><W134/><G107/><T101/><D101/><U56/><E56/><V3/><F3/><W34/><G102/><T92/><D92/><AGARI ba="0,1" hai="12,15,20,24,28,77,80,86,92,94,95" m="24911" machi="92" ten="30,5800,0" yaku="8,1,52,2" doraHai="8" who="2" fromWho="0" sc="154,-58,175,0,316,68,345,0" /><INIT seed="6,1,0,2,5,78" ten="96,175,384,345" oya="2" hai0="59,125,43,67,84,133,13,106,24,31,118,8,45" hai1="25,15,14,128,32,37,124,38,86,42,95,79,81" hai2="20,27,129,18,69,107,26,39,58,82,12,47,126" hai3="77,23,61,34,68,71,103,35,120,66,16,40,46"/><V5/><F69/><W121/><G71/><T19/><D106/><U75/><E128/><V108/><F107/><W102/><G102/><T72/><D72/><U62/><E124/><V94/><F126/><W135/><G135/><T55/><D133/><U85/><E62/><V1/><F129/><W41/><G103/><T92/><D125/><U100/><E75/><V56/><F108/><W109/><G109/><T2/><D2/><U29/><E42/><V98/><F1/><W117/><G41/><T53/><D118/><U111/><E111/><V116/><F116/><W83/><G117/><T60/><D92/><U28/><E28/><V110/><F110/><W89/><G89/><T90/><D31/><U21/><E32/><V70/><F70/><W0/><G0/><T105/><D24/><U87/><E38/><V122/><F122/><W36/><G120/><T131/><D105/><U3/><E3/><V22/><F5/><W4/><G4/><T99/><D99/><N who="1" m="59519" /><E37/><V6/><F6/><W64/><G64/><T97/><D97/><U7/><E15/><V33/><F12/><W49/><G36/><T57/><D131/><U11/><AGARI ba="1,0" hai="7,11,14,21,25,29,79,81,85,86,87" m="59519" machi="11" ten="30,2000,0" yaku="8,1,52,1" doraHai="78" who="1" fromWho="1" sc="96,-6,175,23,384,-11,345,-6" /><INIT seed="7,0,0,2,5,127" ten="90,198,373,339" oya="3" hai0="117,113,42,19,94,50,133,36,129,33,39,134,47" hai1="80,102,86,44,68,111,69,22,71,10,58,52,59" hai2="119,38,26,112,132,89,25,83,34,56,95,92,60" hai3="130,27,100,54,13,24,105,16,9,18,46,118,106"/><W85/><G118/><T77/><D117/><U121/><E121/><V35/><F119/><W17/><G130/><T66/><D33/><U29/><E111/><V128/><F128/><W116/><G116/><T61/><D77/><U78/><E102/><V101/><F38/><W53/><G85/><T6/><D6/><U84/><E10/><V109/><F109/><W82/><G82/><T3/><D3/><U73/><E44/><V32/><F112/><W120/><G120/><T126/><D94/><U63/><E29/><V0/><F0/><W31/><G27/><T37/><D19/><U28/><E28/><V70/><F70/><W49/><G54/><T110/><D110/><U1/><E1/><V87/><F132/><W8/><G100/><T2/><D2/><U76/><E22/><V55/><REACH who="2" step="1"/><F83/><REACH who="2" ten="90,198,363,339" step="2"/><W115/><G115/><T103/><D113/><U107/><E80/><V5/><F5/><W123/><G123/><T57/><D103/><U104/><E71/><V97/><AGARI ba="0,1" hai="25,26,32,34,35,55,56,60,87,89,92,95,97,101" machi="97" ten="40,8000,1" yaku="1,1,0,1,53,3" doraHai="127" doraHaiUra="30" who="2" fromWho="2" sc="90,-20,198,-20,363,90,339,-40" owari="70,-43.0,178,-22.0,453,55.0,299,10.0" /></mjloggm>