<mjloggm ver="2.3"><GO type="41"/><UN n0="%73%65%69%79%61%6A%70%35" n1="%E3%83%9D%E3%83%9D%E3%83%AD%E7%95%B0%E4%B8%96%E7%95%8C" n2="%EF%BC%88%E2%89%A7%E2%96%BD%E2%89%A6%EF%BC%89" n3="%E7%A9%BA%2D%53%4F%52%41%2D" dan="17,15,17,14" rate="2105,1998,2110,1851" sx="M,M,M,M"/><TAIKYOKU oya="0"/><INIT seed="0,0,0,4,3,71" ten="250,250,250,250" oya="0" hai0="89,45,23,69,113,115,28,120,78,116,13,16,57" hai1="94,132,65,122,124,10,9,2,107,17,55,114,50" hai2="6,84,130,53,121,92,87,22,112,76,24,12,129" hai3="93,72,123,60,35,48,126,43,133,11,41,73,58"/><T66/><D120/><U36/><E122/><V32/><F121/><W97/><G123/><RYUUKYOKU type="kaze4" ba="0,0" sc="250,0,250,0,250,0,250,0" /><INIT seed="0,1,0,5,1,86" ten="250,250,250,250" oya="0" hai0="54,119,57,61,120,50,87,102,78,132,21,2,104" hai1="19,5,32,13,59,67,74,114,80,12,66,93,85" hai2="127,76,83,22,116,88,71,111,110,49,94,56,7" hai3="29,65,14,79,69,125,113,60,99,6,33,95,123"/><T58/><D120/><U82/><E32/><V75/><F71/><W18/><G113/><T3/><D119/><U53/><E74/><V98/><F116/><W4/><G123/><T41/><D132/><U109/><E109/><N who="2" m="41483" /><F7/><W46/><G79/><T133/><D133/><U11/><E114/><V107/><F127/><W48/><G29/><T105/><D41/><U118/><E118/><V15/><F107/><W134/><G33/><T24/><D78/><U126/><E126/><V40/><F56/><W47/><G125/><T1/><D102/><U101/><E101/><V77/><F77/><W0/><G134/><T117/><D117/><U10/><E80/><V135/><F135/><W121/><G121/><T97/><D97/><U108/><E93/><V44/><F22/><W55/><G0/><T34/><D34/><U115/><E115/><V9/><F15/><W129/><G47/><T128/><D128/><U68/><E68/><V72/><F9/><W63/><G129/><T103/><D103/><U124/><E124/><V20/><F20/><W84/><G63/><T106/><D87/><AGARI ba="1,0" hai="40,44,49,72,75,76,83,87,88,94,98" m="41483" machi="87" ten="30,3900,0" yaku="14,1,52,1,54,1" doraHai="86" who="2" fromWho="0" sc="250,-42,250,0,250,42,250,0" /><INIT seed="1,0,0,0,2,130" ten="208,250,292,250" oya="1" hai0="125,84,70,6,49,123,46,86,76,82,64,20,114" hai1="85,93,124,99,30,51,134,41,62,104,95,120,79" hai2="45,105,29,3,92,1,32,58,13,35,18,108,34" hai3="42,91,53,63,24,67,81,7,115,19,16,5,111"/><U106/><E120/><V69/><F69/><W65/><G115/><T102/><D123/><U94/><E30/><V12/><F105/><W83/><G111/><T50/><D114/><U48/><E62/><V72/><F72/><W57/><G42/><T28/><D125/><U96/><E41/><V80/><F108/><W78/><G91/><T110/><D110/><U60/><E60/><V71/><F71/><W68/><G67/><T117/><D102/><U75/><E51/><V15/><F29/><W21/><G19/><T74/><D117/><U61/><E61/><V47/><F80/><W54/><G83/><T131/><D6/><U40/><E48/><V118/><F18/><W107/><G107/><N who="1" m="41002" /><E40/><V38/><F118/><W133/><G68/><T135/><D131/><U23/><E23/><V132/><F38/><W22/><G22/><T103/><D64/><U89/><E124/><V55/><F3/><W26/><G26/><T0/><D70/><U109/><E109/><V127/><F1/><W90/><G65/><T73/><D0/><U112/><E112/><V97/><F127/><W2/><G2/><T59/><D20/><U101/><E134/><V98/><F132/><W129/><G133/><T88/><D28/><U10/><E10/><V14/><N who="2" m="3072" /><DORA hai="77" /><V121/><F121/><W37/><G37/><T25/><D135/><U56/><E56/><V87/><F58/><W44/><G57/><T31/><D59/><U128/><E128/><V33/><N who="2" m="8192" /><DORA hai="100" /><V52/><F45/><W27/><G44/><T126/><D126/><U4/><E4/><V9/><F47/><RYUUKYOKU ba="0,0" sc="208,0,250,0,292,0,250,0" /><INIT seed="2,1,0,5,4,65" ten="208,250,292,250" oya="2" hai0="89,133,123,42,39,69,28,51,131,10,3,33,9" hai1="126,107,84,54,48,122,93,1,128,102,120,21,110" hai2="73,68,82,95,45,40,111,53,115,124,135,44,15" hai3="103,90,114,83,92,2,85,87,34,125,97,4,94"/><V72/><F115/><W74/><G34/><T116/><D123/><N who="1" m="47147" /><E1/><V17/><F135/><W70/><G114/><T121/><D116/><U0/><E0/><V36/><F124/><W59/><G125/><T108/><D121/><U37/><E37/><V55/><F111/><W66/><G4/><T19/><D108/><U6/><E110/><V7/><F7/><W81/><G2/><T104/><D133/><U60/><E128/><V29/><F29/><W63/><G74/><T58/><D39/><U47/><E6/><V56/><F82/><W50/><REACH who="3" step="1"/><G87/><REACH who="3" ten="208,250,292,240" step="2"/><T52/><D33/><U109/><E109/><V14/><F73/><W8/><G8/><T5/><D10/><U119/><E84/><V98/><F72/><W91/><G91/><T67/><D89/><U96/><E126/><V26/><F98/><W129/><G129/><T30/><D131/><U71/><E21/><V24/><F14/><W41/><G41/><T113/><D113/><U106/><E119/><V88/><F15/><W16/><G16/><T13/><D42/><U31/><E31/><V100/><F17/><W132/><G132/><T76/><D76/><U117/><E117/><V38/><F40/><W57/><G57/><T12/><D3/><U75/><E75/><V105/><F56/><W79/><G79/><T23/><REACH who="0" step="1"/><D104/><REACH who="0" ten="198,250,292,240" step="2"/><U64/><AGARI ba="1,2" hai="47,48,54,60,64,71,93,96,102,106,107" m="47147" machi="64" ten="30,2000,0" yaku="13,1,52,1" doraHai="65" who="1" fromWho="1" sc="198,-6,250,43,292,-11,240,-6" /><INIT seed="3,0,0,2,4,44" ten="192,293,281,234" oya="3" hai0="114,60,49,2,65,53,90,59,76,81,77,30,87" hai1="83,61,35,78,85,24,106,19,132,102,98,17,6" hai2="40,1,4,11,108,9,43,93,7,41,54,70,91" hai3="97,69,113,67,8,48,63,135,62,109,36,129,80"/><W111/><G113/><T94/><D114/><U120/><E120/><V121/><F70/><W75/><G97/><T5/><D30/><U16/><E132/><V130/><F121/><W57/><G135/><T27/><D27/><U117/><E117/><V116/><F116/><W3/><G129/><T131/><D131/><U73/><E6/><V95/><F130/><W56/><G36/><T52/><D2/><U31/><REACH who="1" step="1"/><E61/><REACH who="1" ten="192,283,281,234" step="2"/><V107/><F4/><W47/><G109/><T134/><D5/><U32/><E32/><V33/><F33/><W0/><G111/><T58/><D134/><U28/><E28/><V71/><F7/><W112/><G0/><T86/><REACH who="0" step="1"/><D76/><REACH who="0" ten="182,283,281,234" step="2"/><U29/><E29/><V128/><F128/><W66/><G3/><T105/><D105/><U74/><AGARI ba="0,2" hai="16,17,19,24,31,35,73,74,78,83,85,98,102,106" machi="74" ten="30,4000,0" yaku="1,1,0,1,54,1,53,0" doraHai="44" doraHaiUra="39" who="1" fromWho="1" sc="182,-10,283,60,281,-10,234,-20" /><INIT seed="4,0,0,2,3,10" ten="172,343,271,214" oya="0" hai0="52,81,112,30,100,111,12,16,133,44,123,31,4" hai1="8,117,54,70,28,120,98,67,122,69,126,88,17" hai2="92,53,45,23,71,3,74,72,109,60,42,5,11" hai3="59,50,78,65,105,110,75,36,19,84,121,51,114"/><T14/><D123/><U15/><E117/><V131/><F131/><W41/><G110/><T29/><D111/><U73/><E73/><V103/><F109/><W62/><G105/><T21/><D112/><U113/><E113/><V79/><F79/><W89/><G114/><T93/><D133/><U7/><E28/><V129/><F129/><W6/><G6/><T125/><D125/><U115/><E115/><V55/><F23/><W99/><G121/><T32/><D32/><U22/><E126/><V13/><F3/><W101/><G36/><T47/><D81/><U57/><E122/><V95/><F55/><W1/><G1/><T119/><D119/><U77/><E77/><V96/><F92/><W90/><G19/><T85/><D4/><U116/><E116/><V43/><F43/><W130/><G130/><T124/><D124/><U25/><E120/><V46/><F46/><N who="0" m="17450" /><D52/><U49/><REACH who="1" step="1"/><E67/><REACH who="1" ten="172,333,271,214" step="2"/><V38/><F74/><W127/><G75/><T48/><D48/><U58/><E58/><V34/><F72/><W80/><G127/><T135/><D135/><U24/><E24/><V27/><F27/><W97/><G65/><T64/><D64/><U91/><E91/><V68/><F68/><W83/><G59/><T87/><D12/><U66/><E66/><V102/><F71/><W39/><G78/><T0/><D0/><U26/><E26/><V2/><F2/><W20/><G89/><T108/><D108/><U134/><E134/><V35/><F103/><W37/><G101/><T132/><D132/><U56/><E56/><N who="2" m="34831" /><F102/><W106/><G90/><T82/><D82/><RYUUKYOKU ba="0,1" sc="172,10,333,10,271,10,214,-30" hai0="14,16,21,29,30,31,85,87,93,100" hai1="7,8,15,17,22,25,49,54,57,69,70,88,98" hai2="5,11,13,34,35,38,42,45,95,96" /><INIT seed="4,1,1,3,0,69" ten="182,343,281,184" oya="0" hai0="20,107,27,47,91,73,93,103,50,123,102,104,121" hai1="75,28,64,38,6,78,128,30,71,3,33,130,40" hai2="61,77,79,117,65,60,39,21,5,66,124,32,22" hai3="74,95,101,1,85,81,70,35,23,55,11,120,36"/><T0/><D0/><U105/><E105/><V92/><F32/><W8/><G35/><T43/><D73/><U9/><E33/><V56/><F124/><W59/><G120/><T31/><D123/><U54/><E54/><V57/><F117/><W111/><G111/><T41/><D121/><U118/><E118/><V122/><F122/><W94/><G70/><T89/><D41/><U134/><E134/><V82/><F5/><W80/><G74/><T72/><D72/><U13/><E13/><V51/><F39/><W114/><G114/><T19/><D31/><U108/><E108/><V126/><F126/><W45/><G1/><T127/><D127/><U68/><E30/><V135/><F135/><W37/><G101/><T34/><D34/><U96/><E96/><V10/><F10/><W53/><G45/><T125/><D125/><U131/><E28/><V116/><F116/><W106/><G23/><N who="2" m="8713" /><F82/><W24/><G24/><T129/><D129/><U25/><E25/><V109/><F109/><W115/><G106/><T97/><D93/><U76/><E64/><V62/><F51/><W83/><G115/><T84/><REACH who="0" step="1"/><D84/><REACH who="0" ten="172,343,281,184" step="2"/><U42/><E42/><V52/><F92/><W119/><G85/><T17/><D17/><U86/><E86/><V88/><F66/><W46/><G119/><T100/><D100/><U132/><E132/><V29/><F29/><W87/><G87/><T4/><D4/><U18/><E18/><V90/><F65/><W67/><G67/><T2/><D2/><U44/><E75/><V113/><F113/><W16/><G94/><T14/><D14/><RYUUKYOKU ba="1,2" sc="172,15,343,15,281,-15,184,-15" hai0="19,20,27,43,47,50,89,91,97,102,103,104,107" hai1="3,6,9,38,40,44,68,71,76,78,128,130,131" /><INIT seed="4,2,2,3,5,119" ten="187,358,266,169" oya="0" hai0="107,52,118,32,128,135,101,72,89,96,63,28,99" hai1="92,124,30,21,0,94,46,17,130,48,97,83,68" hai2="121,86,4,35,131,3,33,103,85,26,56,19,91" hai3="90,49,112,87,9,116,36,133,80,38,37,61,22"/><T76/><D118/><U5/><E68/><V18/><F131/><W111/><G116/><T14/><D128/><U51/><E130/><V122/><F103/><W42/><G111/><T81/><D135/><U59/><E30/><V23/><F3/><W84/><G133/><T106/><D28/><U43/><E124/><V113/><F4/><W109/><G109/><T53/><D32/><U71/><E71/><V134/><F134/><W2/><G112/><T39/><D39/><U41/><E83/><V100/><F100/><W64/><G22/><T108/><D108/><U110/><E110/><V55/><F113/><W8/><G2/><T10/><D107/><U120/><E0/><V67/><F67/><W13/><G84/><T104/><D104/><U127/><E5/><V95/><F85/><W79/><G79/><T65/><D89/><U7/><E7/><V125/><F125/><W105/><G105/><T70/><REACH who="0" step="1"/><D99/><REACH who="0" ten="177,358,266,169" step="2"/><U25/><E97/><V31/><F35/><W62/><G37/><T88/><D88/><U77/><E127/><V6/><F33/><W20/><G38/><T54/><D54/><U75/><E77/><V114/><F114/><W50/><G36/><T117/><D117/><U69/><E43/><V58/><F55/><W27/><G42/><T44/><D44/><U126/><E126/><V123/><REACH who="2" step="1"/><F6/><AGARI ba="2,3" hai="6,10,14,52,53,63,65,70,72,76,81,96,101,106" machi="6" ten="30,11600,0" yaku="1,1,7,1,54,1,53,1" doraHai="119" doraHaiUra="73" who="0" fromWho="2" sc="177,152,358,0,266,-122,169,0" /><INIT seed="4,3,0,4,5,65" ten="329,358,144,169" oya="0" hai0="36,78,77,81,47,61,127,105,7,40,14,85,37" hai1="57,117,4,79,123,128,59,28,91,68,109,38,118" hai2="99,84,32,31,44,23,121,86,21,74,33,2,41" hai3="104,1,80,49,71,72,126,132,94,125,6,106,18"/><T16/><D105/><U12/><E109/><V56/><F74/><W27/><G132/><T22/><D127/><U51/><E123/><V113/><F2/><W87/><G72/><T69/><D7/><U135/><E38/><V70/><F121/><W30/><G49/><T73/><D73/><U130/><E28/><V5/><F5/><W10/><G94/><T96/><D96/><U115/><E79/><V8/><F8/><W67/><G18/><T101/><D101/><U124/><E124/><V11/><F11/><W111/><G111/><T90/><D37/><U112/><E135/><V0/><F0/><W62/><G106/><T19/><D61/><U20/><E91/><V98/><F56/><W119/><G104/><T35/><D35/><U88/><E88/><V63/><F63/><W89/><REACH who="3" step="1"/><G119/><REACH who="3" ten="329,358,144,159" step="2"/><T43/><D19/><U114/><E114/><V97/><F113/><W92/><G92/><T42/><D36/><U29/><E51/><V133/><F133/><W75/><G75/><T107/><D107/><U76/><E112/><V9/><F31/><W15/><G15/><T52/><D69/><U53/><E115/><V25/><F25/><W83/><G83/><T46/><D47/><U82/><E68/><V131/><F70/><W134/><G134/><T45/><D46/><U24/><E118/><V103/><F44/><W93/><G93/><T48/><AGARI ba="3,1" hai="14,16,22,40,42,43,45,48,52,77,78,81,85,90" machi="48" ten="30,11700,0" yaku="0,1,8,1,54,2" doraHai="65" who="0" fromWho="0" sc="329,136,358,-42,144,-42,159,-42" /><INIT seed="4,4,0,3,4,98" ten="465,316,102,117" oya="0" hai0="135,56,85,25,29,1,55,59,43,73,60,42,110" hai1="92,90,52,28,39,76,36,119,24,13,104,78,100" hai2="134,112,57,49,22,3,101,75,32,115,99,121,41" hai3="77,46,10,102,20,17,34,89,106,96,64,27,26"/><T123/><D73/><U31/><E119/><V117/><F32/><W11/><G77/><T93/><D123/><U58/><E13/><V72/><F3/><W65/><G46/><T4/><D110/><U94/><E31/><V67/><F121/><W86/><G10/><T87/><D135/><U63/><E104/><V118/><F134/><W91/><G91/><T130/><D130/><U14/><E14/><V15/><F15/><W44/><G44/><T97/><D4/><U133/><E133/><V2/><F22/><W125/><G125/><T128/><D128/><U114/><E114/><N who="2" m="43563" /><F2/><W107/><G107/><T51/><D1/><U69/><E69/><V12/><F12/><W131/><G131/><T5/><D5/><U70/><E70/><V7/><F7/><W53/><G53/><T113/><D113/><U116/><E116/><N who="2" m="44651" /><F41/><N who="0" m="15370" /><D25/><U9/><E9/><V126/><F126/><W83/><G11/><T0/><D0/><U16/><E28/><V81/><F81/><W68/><G34/><T40/><D29/><U21/><E36/><V132/><F132/><W103/><G68/><T120/><D120/><U71/><E39/><V111/><F111/><W38/><G38/><T18/><D18/><U8/><E71/><V47/><F47/><W30/><G30/><T45/><D59/><U84/><E8/><V108/><F108/><W124/><G124/><T129/><D129/><U109/><E109/><V80/><F72/><W122/><G122/><T127/><D127/><U62/><E62/><N who="2" m="38351" /><F75/><W23/><G103/><AGARI ba="4,0" hai="40,45,51,55,56,60,85,87,93,97,103" m="15370" machi="103" ten="30,2900,0" yaku="8,1,52,1" doraHai="98" who="0" fromWho="3" sc="465,41,316,0,102,0,117,-41" /><INIT seed="4,5,0,0,4,8" ten="506,316,102,76" oya="0" hai0="59,96,50,19,14,70,65,109,112,134,60,67,27" hai1="131,3,4,37,68,57,113,55,97,5,0,132,121" hai2="93,110,15,126,61,130,88,47,53,90,129,124,79" hai3="56,18,17,122,107,135,41,22,87,7,92,9,34"/><T24/><D112/><U6/><E121/><V39/><F110/><W95/><G107/><T71/><D134/><U66/><E37/><V33/><F33/><W99/><G122/><T100/><D109/><U31/><E132/><V10/><F79/><W46/><G135/><T69/><D65/><U115/><E31/><V58/><F47/><W23/><G34/><T89/><D89/><N who="2" m="34410" /><F93/><W26/><G56/><T83/><D83/><U94/><E131/><N who="2" m="50187" /><F39/><W25/><G87/><T102/><D50/><N who="1" m="30967" /><E66/><V82/><F82/><W104/><G99/><T108/><D108/><U29/><E29/><V117/><F117/><W123/><G104/><T106/><REACH who="0" step="1"/><D102/><REACH who="0" ten="496,316,102,76" step="2"/><N who="1" m="60727" /><E68/><V42/><F42/><W91/><G91/><T54/><D54/><U48/><E48/><V44/><F44/><W77/><G123/><T118/><D118/><U62/><E62/><V13/><F126/><W120/><G120/><T32/><D32/><U81/><E81/><V76/><F124/><W84/><G77/><T28/><D28/><U128/><E128/><V63/><F76/><W21/><G46/><T85/><D85/><U103/><E103/><V125/><F125/><W116/><G41/><T45/><D45/><U35/><E35/><V51/><F51/><W74/><G116/><T43/><D43/><U80/><E80/><V11/><F61/><W16/><G84/><T111/><D111/><U52/><E52/><V133/><F133/><W38/><G74/><T36/><D36/><U105/><E115/><V73/><F73/><W101/><G38/><T78/><D78/><U86/><E113/><V12/><AGARI ba="5,1" hai="10,11,12,13,15,53,58,63" m="50187,34410" machi="12" ten="40,12000,2" yaku="5,1,19,1,52,3,54,1" doraHai="8" who="2" fromWho="2" sc="496,-65,316,-35,102,145,76,-35" /><INIT seed="5,0,0,1,1,75" ten="431,281,247,41" oya="1" hai0="25,91,28,115,120,65,59,33,135,84,6,106,86" hai1="109,88,37,41,114,94,78,85,67,10,66,11,118" hai2="112,93,46,71,90,17,50,20,38,131,101,128,58" hai3="40,1,60,97,52,36,134,81,61,64,113,127,23"/><U74/><E118/><V102/><F71/><W34/><G1/><T54/><D120/><U89/><E114/><V24/><F58/><W116/><G34/><T32/><D106/><U70/><E109/><V56/><F56/><W51/><G113/><T76/><D115/><U5/><E89/><V111/><F38/><W29/><G97/><T123/><D123/><U73/><E73/><V117/><F117/><W95/><G81/><T14/><D135/><U27/><E27/><V30/><F30/><W2/><G2/><T53/><D33/><U21/><E21/><V63/><F63/><W122/><G122/><T79/><D86/><U68/><E68/><V126/><F126/><W105/><G105/><T18/><D6/><U132/><E132/><V31/><F31/><W77/><G127/><T39/><D39/><U45/><E10/><V100/><F111/><W96/><G134/><T108/><D108/><U44/><E44/><V0/><F0/><W47/><G116/><T35/><D35/><U133/><E133/><V87/><F112/><W55/><G29/><T119/><D119/><U8/><E8/><V19/><F17/><W72/><G23/><T43/><D43/><U130/><E70/><V124/><F124/><W12/><G40/><T15/><D65/><U107/><E107/><V98/><F87/><W92/><G64/><T125/><D125/><U7/><E7/><V48/><F46/><W62/><G72/><T80/><D54/><U110/><E110/><V42/><F42/><W4/><G47/><T129/><D129/><AGARI ba="0,0" hai="19,20,24,48,50,90,93,98,100,101,102,128,129,131" machi="129" ten="40,1300,0" yaku="19,1" doraHai="75" who="2" fromWho="0" sc="431,-13,281,0,247,13,41,0" /><INIT seed="6,0,0,1,1,101" ten="418,281,260,41" oya="2" hai0="99,97,71,10,88,87,63,23,16,42,79,111,37" hai1="35,6,131,74,102,61,52,56,115,54,93,40,91" hai2="98,70,64,47,2,84,24,12,127,55,8,60,104" hai3="58,51,66,85,19,73,29,116,110,53,45,69,4"/><V94/><F2/><W65/><G73/><T36/><D111/><U44/><E74/><V126/><F84/><W92/><G110/><T25/><D79/><U129/><E35/><V50/><F24/><W34/><G116/><T1/><D37/><U86/><E115/><V31/><F31/><W59/><G4/><T95/><D42/><U100/><E6/><V81/><F81/><W89/><G29/><T119/><D119/><U30/><E30/><V109/><F109/><W134/><G34/><T78/><D36/><N who="1" m="21511" /><E54/><V80/><F80/><W7/><G7/><T27/><D27/><U22/><E22/><V21/><F21/><W14/><G134/><T103/><D78/><U118/><E118/><V114/><F114/><W67/><REACH who="3" step="1"/><G69/><REACH who="3" ten="418,281,260,31" step="2"/><T0/><D71/><U68/><E68/><V122/><F122/><W105/><G105/><T11/><D1/><U130/><AGARI ba="0,1" hai="52,56,61,86,91,93,100,102,129,130,131" m="21511" machi="130" ten="30,2000,0" yaku="19,1,54,1" doraHai="101" who="1" fromWho="1" sc="418,-5,281,30,260,-10,31,-5" /><INIT seed="7,0,0,5,5,17" ten="413,311,250,26" oya="3" hai0="126,12,108,96,127,46,66,63,28,37,20,13,59" hai1="79,6,25,61,39,87,121,106,102,45,135,122,22" hai2="112,81,131,48,27,90,41,70,40,89,116,16,57" hai3="71,134,7,123,105,74,73,4,67,99,32,56,91"/><W104/><G123/><T9/><D108/><U85/><E6/><V58/><F70/><W113/><G32/><T125/><D96/><U8/><E8/><V128/><F116/><W54/><G71/><T110/><D110/><U19/><E135/><V88/><F81/><W52/><G67/><T36/><D46/><U43/><E61/><V109/><F112/><W95/><G113/><T62/><D62/><U51/><E39/><V21/><F109/><W72/><G134/><T83/><D83/><U80/><E85/><V114/><F114/><W0/><G54/><T50/><D50/><U14/><E14/><N who="0" m="5737" /><D9/><U35/><E35/><V47/><REACH who="2" step="1"/><F41/><REACH who="2" ten="413,311,240,26" step="2"/><W86/><G0/><T23/><D28/><U5/><E121/><V33/><F33/><W92/><G104/><T26/><D26/><U118/><E122/><V53/><F53/><W100/><REACH who="3" step="1"/><G105/><REACH who="3" ten="413,311,240,16" step="2"/><T15/><D126/><U64/><E106/><V78/><F78/><W107/><G107/><T132/><D127/><U111/><E79/><V130/><AGARI ba="0,2" hai="16,21,27,40,47,48,57,58,88,89,90,128,130,131" machi="130" ten="40,12000,2" yaku="1,1,0,1,19,1,52,1,54,2,53,0" doraHai="17" doraHaiUra="94" who="2" fromWho="2" sc="413,-30,311,-30,240,140,16,-60" owari="383,48.0,281,-12.0,380,18.0,-44,-54.0" /></mjloggm>