<mjloggm ver="2.3"><GO type="97"/><UN n0="%E9%BB%84%E5%BF%A0%E3%81%95%E3%82%93" n1="%68%61%62%61%68%61%62%61" n2="%E4%BF%BA%E3%82%82%E3%81%86%E3%83%80%E3%83%A1%E3%81%A0" n3="%EF%BC%88%E2%89%A7%E2%96%BD%E2%89%A6%EF%BC%89" dan="13,13,14,16" rate="1822,1887,1956,2033" sx="M,M,M,M"/><TAIKYOKU oya="0"/><INIT seed="0,0,0,1,2,87" ten="250,250,250,250" oya="0" hai0="117,40,78,56,95,38,129,39,99,65,6,100,115" hai1="5,103,121,134,27,3,12,57,125,92,36,30,84" hai2="55,96,41,43,70,113,72,61,131,97,132,10,116" hai3="8,2,133,107,14,62,66,135,47,59,32,83,53"/><T63/><D117/><U1/><E36/><V4/><F113/><W76/><G32/><T42/><D115/><U122/><E125/><V68/><F72/><W22/><G107/><T127/><D127/><U119/><E119/><V101/><F116/><W111/><G111/><T25/><D129/><U104/><E104/><V44/><F131/><W15/><G2/><T94/><D78/><U29/><E134/><N who="3" m="51210" /><G22/><T37/><D6/><U114/><E114/><V23/><F132/><W18/><G15/><T128/><D128/><U106/><E106/><V102/><F23/><W64/><G47/><T60/><D25/><U35/><E30/><V88/><F44/><W91/><G91/><T52/><REACH who="0" step="1"/><D95/><REACH who="0" ten="240,250,250,250" step="2"/><U0/><E121/><V89/><F4/><W7/><G7/><T13/><D13/><U28/><E122/><V31/><F10/><W109/><G109/><T17/><D17/><U98/><E29/><V77/><F77/><W108/><G108/><T33/><D33/><U130/><E130/><V123/><F31/><W118/><G118/><T34/><D34/><U120/><E120/><V112/><F123/><W51/><G76/><T80/><D80/><U16/><E5/><V71/><F112/><W45/><G83/><T79/><D79/><U67/><E12/><V46/><F70/><AGARI ba="0,1" hai="37,38,39,40,42,52,56,60,63,65,70,94,99,100" machi="70" ten="40,12000,1" yaku="1,1,54,1,53,3" doraHai="87" doraHaiUra="69" who="0" fromWho="2" sc="240,130,250,0,250,-120,250,0" /><INIT seed="0,1,0,5,3,8" ten="370,250,130,250" oya="0" hai0="39,61,10,107,56,133,90,63,97,122,2,4,15" hai1="53,25,41,126,121,67,34,132,21,108,54,17,86" hai2="110,88,70,124,36,85,109,24,43,30,118,6,27" hai3="119,106,69,42,68,73,92,123,80,75,93,50,59"/><T104/><D39/><U83/><E121/><V127/><F70/><W38/><G106/><T29/><D122/><U129/><E108/><N who="2" m="41579" /><F43/><W40/><G38/><T14/><D29/><U99/><E126/><N who="2" m="48171" /><F36/><W91/><G123/><T31/><D31/><U5/><E41/><V22/><F118/><W101/><G40/><T60/><D56/><U103/><E34/><V74/><F74/><W46/><G42/><T81/><D133/><U7/><E132/><V98/><F98/><W95/><G59/><T84/><REACH who="0" step="1"/><D107/><REACH who="0" ten="360,250,130,250" step="2"/><U16/><E129/><V78/><F78/><W55/><G68/><T45/><D45/><U113/><E113/><V105/><F105/><W115/><G69/><T44/><D44/><U116/><E116/><V71/><F71/><W72/><G119/><T11/><D11/><U128/><E128/><V52/><F30/><W100/><G115/><T62/><N who="0" m="15872" /><DORA hai="114" /><T28/><D28/><U23/><E67/><V135/><F135/><W89/><G46/><T96/><D96/><U3/><E99/><V77/><F77/><N who="3" m="44095" /><G50/><T94/><D94/><U87/><E53/><V35/><F52/><W117/><G55/><T12/><D12/><U47/><E54/><V130/><F130/><W13/><G117/><T32/><D32/><U57/><E47/><V102/><F35/><W19/><G13/><T49/><D49/><U1/><E57/><V125/><F125/><W76/><G76/><T66/><D66/><U120/><E120/><V82/><F22/><W111/><G111/><T79/><D79/><U134/><E134/><V33/><F33/><W58/><G72/><RYUUKYOKU ba="1,1" sc="360,30,250,-10,130,-10,250,-10" hai0="2,4,10,14,15,81,84,90,97,104" /><INIT seed="0,2,1,2,5,5" ten="390,240,120,240" oya="0" hai0="90,106,119,13,91,51,2,43,35,121,111,81,36" hai1="124,92,128,19,109,125,0,100,82,114,99,18,56" hai2="57,10,93,131,77,59,38,40,74,73,23,76,87" hai3="115,9,42,52,60,1,28,12,24,112,78,135,70"/><T32/><D2/><U62/><E0/><V48/><F38/><W17/><G135/><T75/><D106/><U113/><E109/><V120/><F120/><W105/><G105/><T130/><D36/><U97/><E82/><V122/><F122/><W39/><G1/><T53/><D43/><U34/><E34/><V22/><F131/><W84/><G39/><T64/><D64/><U6/><E6/><V49/><F73/><W37/><G84/><T129/><D121/><U31/><E31/><V58/><F74/><W79/><G78/><T89/><D119/><U107/><E128/><V41/><F58/><W94/><G94/><T15/><D111/><U117/><E117/><V67/><F87/><W134/><G79/><T66/><D66/><N who="1" m="39239" /><E97/><V8/><F67/><W55/><G134/><T46/><D130/><U86/><E86/><V3/><F3/><W50/><G70/><T98/><D98/><U44/><E44/><V30/><F93/><W26/><G26/><T11/><D15/><U7/><E7/><V61/><F30/><W25/><G25/><T95/><D95/><U29/><E29/><V21/><F21/><N who="3" m="15375" /><G37/><T116/><D116/><U85/><E85/><V118/><F118/><W4/><G4/><N who="0" m="3303" /><D129/><U54/><E54/><N who="3" m="20522" /><G60/><AGARI ba="2,1" hai="8,10,22,23,40,41,48,49,57,59,60,61,76,77" machi="60" ten="25,8000,1" yaku="22,2,8,1,52,2" doraHai="5" who="2" fromWho="3" sc="390,0,240,0,120,96,240,-86" /><INIT seed="1,0,0,5,2,101" ten="390,240,216,154" oya="1" hai0="83,26,53,108,25,60,55,106,116,132,66,34,77" hai1="64,120,5,2,45,24,65,130,38,46,48,9,68" hai2="76,69,51,33,36,107,4,13,28,17,104,91,82" hai3="99,117,72,23,84,19,92,14,94,71,79,133,93"/><U59/><E120/><V40/><F36/><W43/><G133/><T12/><D26/><U100/><E130/><V49/><F69/><W58/><G117/><T115/><D132/><U118/><E118/><V0/><F91/><W131/><G131/><T109/><D116/><U111/><E111/><V35/><F49/><W22/><G71/><T125/><D115/><U87/><E68/><V62/><F62/><W103/><G72/><T112/><D112/><U41/><E100/><V128/><F128/><W129/><G129/><T113/><D106/><U114/><E114/><V31/><F31/><W44/><G58/><T126/><D113/><U47/><E38/><V98/><F98/><W90/><G79/><T97/><D97/><U30/><E41/><V89/><F89/><W29/><G29/><N who="0" m="19759" /><D12/><U70/><E70/><V81/><F81/><W16/><G93/><T67/><D60/><U54/><REACH who="1" step="1"/><E87/><REACH who="1" ten="390,230,216,154" step="2"/><V39/><F39/><W134/><G134/><T57/><D109/><U74/><E74/><V1/><F40/><W20/><REACH who="3" step="1"/><G19/><REACH who="3" ten="390,230,216,144" step="2"/><T96/><D108/><U15/><E15/><V119/><F17/><W105/><G105/><T88/><D126/><U56/><E56/><V135/><F13/><W8/><G8/><T52/><D57/><U85/><E85/><V110/><F107/><W32/><G32/><AGARI ba="0,2" hai="2,5,9,24,30,32,45,46,47,48,54,59,64,65" machi="32" ten="40,2000,0" yaku="1,1,53,0" doraHai="101" doraHaiUra="121" who="1" fromWho="3" sc="390,0,230,40,216,0,144,-20" /><INIT seed="1,1,0,4,5,49" ten="390,270,216,124" oya="1" hai0="3,68,28,88,128,56,12,123,51,22,85,101,64" hai1="63,78,107,98,65,32,69,66,10,16,96,124,87" hai2="7,91,84,34,55,79,60,115,37,39,52,104,45" hai3="18,4,67,2,111,41,73,116,38,132,134,113,5"/><U62/><E32/><V46/><F34/><W92/><G73/><T117/><D3/><U26/><E124/><V70/><F104/><W29/><G92/><T53/><D117/><U119/><E119/><V71/><F79/><W72/><G72/><T76/><D76/><U42/><E42/><V1/><F7/><N who="3" m="2635" /><G67/><T30/><D64/><U50/><E50/><V102/><F1/><W109/><G41/><T130/><D68/><N who="2" m="26154" /><F91/><W77/><G77/><T133/><D101/><U80/><E107/><V97/><F84/><W95/><G95/><T0/><D0/><U6/><E65/><V108/><F97/><N who="1" m="37481" /><E66/><V110/><F102/><W121/><G38/><N who="2" m="14345" /><F115/><W19/><G116/><T94/><D123/><U125/><E69/><V31/><F31/><W33/><G121/><T17/><D133/><N who="3" m="51305" /><G2/><T59/><D59/><U126/><E6/><V20/><F20/><W89/><G89/><T114/><D114/><U83/><E83/><V40/><F60/><W47/><G113/><T14/><D14/><N who="1" m="7255" /><E26/><V36/><F45/><W25/><G47/><T112/><D112/><U61/><E61/><V86/><F86/><W90/><G90/><T54/><D30/><U24/><E24/><V35/><F35/><W122/><G122/><T15/><D28/><U131/><E131/><V81/><F81/><W58/><G58/><T27/><D27/><U44/><E44/><V48/><N who="2" m="14353" /><V103/><DORA hai="93" /><F103/><W23/><G33/><T99/><D99/><U129/><E129/><V135/><F135/><W100/><G100/><T9/><D130/><U120/><E120/><V11/><F40/><RYUUKYOKU ba="1,0" sc="390,-15,270,15,216,-15,124,15" hai1="62,63,78,80,87,125,126" hai3="18,19,23,25,29,109,111" /><INIT seed="1,2,0,5,4,14" ten="375,285,201,139" oya="1" hai0="32,129,111,57,15,58,45,0,3,27,42,49,100" hai1="11,64,30,38,88,135,86,52,16,60,101,117,21" hai2="98,63,50,10,33,69,36,122,82,22,103,118,102" hai3="95,66,44,81,74,79,18,77,76,119,31,133,28"/><U126/><E38/><V113/><F33/><W114/><G133/><T112/><D112/><U24/><E135/><V54/><F36/><W46/><G114/><T72/><D72/><U7/><E117/><V128/><F118/><W99/><G119/><T124/><D124/><U25/><E126/><V68/><F113/><W108/><G108/><T71/><D71/><U73/><E101/><V104/><F103/><W121/><G121/><T43/><D100/><U130/><E73/><V127/><F122/><W105/><G105/><T75/><D75/><U53/><E130/><V61/><F127/><W48/><G66/><T35/><D27/><U116/><E116/><V89/><F128/><W80/><G44/><T59/><D15/><N who="1" m="5631" /><E25/><V106/><F106/><W37/><G37/><T109/><D59/><N who="1" m="36895" /><E30/><V41/><F102/><W91/><G18/><T70/><D70/><U132/><E132/><V17/><F104/><W83/><REACH who="3" step="1"/><G74/><REACH who="3" ten="375,285,201,129" step="2"/><T9/><D129/><U65/><E65/><V92/><F17/><W4/><G4/><T131/><D131/><U26/><E26/><V6/><F6/><W93/><G93/><AGARI ba="2,1" hai="16,21,24,52,53,86,88,93" m="36895,5631" machi="93" ten="30,12000,1" yaku="8,1,52,1,54,3" doraHai="14" who="1" fromWho="3" sc="375,0,285,136,201,0,129,-126" /><INIT seed="1,3,0,5,5,71" ten="375,421,201,3" oya="1" hai0="1,41,30,54,109,82,33,131,2,60,102,65,119" hai1="43,77,123,47,108,91,68,23,69,128,4,61,55" hai2="39,0,103,12,130,125,121,93,11,70,110,5,112" hai3="22,87,36,106,56,96,8,49,40,18,78,25,122"/><U7/><E123/><V3/><F93/><W117/><G122/><T62/><D119/><U17/><E77/><V73/><F103/><W126/><G117/><T75/><D131/><U99/><E128/><V24/><F24/><W81/><G126/><T66/><D109/><U98/><E108/><V20/><F20/><W35/><G35/><T45/><D102/><U50/><E69/><V92/><F92/><W28/><G106/><T57/><D54/><U85/><E68/><V15/><F11/><W113/><G113/><T133/><D133/><U104/><E104/><V129/><F5/><N who="1" m="2121" /><E61/><V97/><F97/><W111/><G111/><T74/><D30/><U120/><E55/><V135/><F12/><N who="3" m="7431" /><G36/><T37/><D33/><U88/><E120/><V32/><F15/><W134/><G134/><T19/><D19/><U58/><E58/><V115/><F0/><W118/><G118/><T76/><REACH who="0" step="1"/><D75/><REACH who="0" ten="365,421,201,3" step="2"/><U31/><E31/><V34/><F34/><W6/><G6/><T44/><D44/><U86/><E99/><V59/><F130/><W46/><G96/><T72/><D72/><U83/><E98/><V13/><F13/><W95/><G95/><T107/><D107/><U51/><E47/><V90/><F90/><W127/><G127/><T9/><D9/><U124/><E124/><V42/><F42/><W64/><G64/><T48/><D48/><U132/><E43/><V79/><F79/><W105/><G105/><T94/><D94/><N who="1" m="54543" /><E132/><V114/><F115/><W101/><G101/><T21/><D21/><U63/><E63/><V67/><F112/><W52/><G40/><RYUUKYOKU ba="3,1" sc="365,10,421,10,201,-30,3,10" hai0="1,2,37,41,45,57,60,62,65,66,74,76,82" hai1="17,23,50,51,83,86,91" hai3="22,25,28,46,49,52,56,78,81,87" /><INIT seed="1,4,1,5,0,90" ten="375,431,171,13" oya="1" hai0="31,13,69,93,67,119,20,40,83,78,131,122,124" hai1="47,89,116,63,114,98,99,7,52,107,19,18,105" hai2="33,95,74,25,10,68,117,128,56,6,27,2,28" hai3="88,66,121,134,59,64,0,127,79,110,133,92,94"/><U91/><E114/><V120/><F117/><W54/><G121/><T42/><D119/><U113/><E113/><V14/><F120/><W73/><G0/><T104/><D104/><U49/><E116/><V50/><F68/><W51/><G127/><T100/><D124/><U130/><E130/><V102/><F128/><W112/><G112/><T34/><D34/><U23/><E107/><V36/><F36/><W62/><G110/><T115/><D115/><U30/><E105/><V15/><F74/><W39/><G39/><T87/><D131/><U58/><E7/><V48/><F25/><W1/><G1/><T61/><D122/><U17/><E91/><V77/><F77/><W22/><G22/><T38/><D38/><U3/><E3/><V84/><F56/><W123/><G123/><T80/><D80/><U108/><E108/><V118/><F118/><W55/><G73/><T76/><D76/><U126/><E126/><V109/><F109/><W37/><G79/><T72/><D72/><U132/><E132/><N who="3" m="50794" /><G37/><T75/><D75/><U65/><E89/><V12/><F84/><N who="3" m="52231" /><G94/><T129/><D129/><U32/><E32/><V45/><F95/><W41/><G41/><T106/><D106/><U4/><E4/><V71/><F2/><W135/><N who="3" m="50802" /><W24/><DORA hai="5" /><G24/><AGARI ba="4,1" hai="17,18,19,23,24,30,47,49,52,58,63,65,98,99" machi="24" ten="40,3900,0" yaku="8,1,54,1" doraHai="90,5" who="1" fromWho="3" sc="375,0,431,61,171,0,13,-51" owari="375,18.0,492,59.0,171,-23.0,-38,-54.0" /></mjloggm>