<mjloggm ver="2.3"><GO type="41" lobby="0"/><UN n0="%E3%81%BD%E3%82%80%E3%83%BB%E3%83%BB%E3%83%BB" n1="%E8%B1%AA%E7%8C%AA" n2="%E3%82%A6%E3%83%AB%E3%83%88%E3%83%A9%E7%AB%8B%E7%9B%B4" n3="%44%4F%52%41%4F" dan="14,15,16,13" rate="2007.70,2030.41,2079.16,1840.71" sx="F,F,M,M"/><TAIKYOKU oya="0"/><INIT seed="0,0,0,0,1,44" ten="250,250,250,250" oya="0" hai0="93,95,63,80,100,39,60,36,97,17,9,117,0" hai1="20,45,46,26,90,35,103,122,12,22,107,68,56" hai2="115,73,31,18,6,79,118,76,19,37,125,34,109" hai3="30,65,49,87,78,8,74,123,113,135,13,133,130"/><T96/><D80/><U62/><E122/><V59/><F37/><W92/><G113/><T94/><D117/><U7/><E68/><V50/><F115/><W67/><G123/><T127/><D94/><U42/><E35/><V98/><F118/><W129/><G74/><T124/><D9/><U121/><E121/><V23/><F34/><W40/><G30/><T108/><D17/><U71/><E71/><V131/><F6/><W106/><G106/><T84/><D84/><U27/><E103/><V88/><F125/><W111/><G111/><T126/><D0/><U104/><E90/><V83/><F109/><W132/><G78/><T51/><D108/><U3/><E3/><V86/><F131/><N who="3" m="50187" /><G92/><T101/><REACH who="0" step="1"/><D126/><REACH who="0" ten="240,250,250,250" step="2"/><U54/><E104/><V102/><F19/><N who="3" m="8615" /><G87/><T75/><D75/><U114/><E107/><V14/><F31/><W119/><G119/><T70/><D70/><U120/><E120/><V61/><F73/><W11/><G11/><T15/><D15/><U41/><E12/><V64/><F79/><W110/><G110/><T99/><D99/><U57/><E114/><V116/><F76/><W82/><G82/><T134/><D134/><U53/><E7/><V55/><F116/><W66/><G40/><T47/><D47/><U48/><E45/><V1/><F98/><W89/><G89/><T21/><D21/><N who="1" m="8299" /><E46/><N who="2" m="28119" /><F1/><W10/><G10/><T5/><D5/><U85/><E85/><V32/><F32/><W105/><G105/><T29/><D29/><U28/><E28/><V128/><F128/><W77/><G77/><T69/><D69/><U58/><E42/><RYUUKYOKU ba="0,1" sc="240,10,250,-30,250,10,250,10" hai0="36,39,51,60,63,93,95,96,97,100,101,124,127" hai2="14,18,23,59,61,64,83,86,88,102" hai3="49,65,66,67,132,133,135" /><INIT seed="0,1,1,4,5,133" ten="250,220,260,260" oya="0" hai0="9,64,128,78,113,121,40,28,84,37,107,89,6" hai1="30,101,117,94,0,115,51,22,77,55,15,45,2" hai2="11,16,48,123,82,57,130,124,72,43,125,109,23" hai3="59,97,24,103,105,81,76,68,35,69,91,112,70"/><T18/><D107/><U132/><E117/><V104/><F104/><W118/><G112/><T5/><D113/><U119/><E119/><V67/><F123/><W62/><G118/><T87/><D121/><U63/><E115/><V25/><F130/><W21/><G35/><T66/><D37/><U88/><E132/><V131/><F131/><W114/><G114/><T34/><D34/><U50/><E101/><V27/><F27/><W3/><G3/><T135/><D128/><U120/><E77/><V100/><F100/><W86/><G76/><T98/><D135/><U116/><E116/><V110/><F82/><W10/><G10/><T14/><D28/><U4/><E63/><N who="2" m="38383" /><F72/><W106/><G105/><T134/><D40/><U39/><E39/><V73/><F73/><W75/><G75/><T85/><D78/><U92/><E92/><V122/><F122/><W31/><G70/><T47/><D47/><U33/><E33/><V38/><F38/><W49/><G49/><T99/><D134/><U56/><E120/><V44/><F11/><W74/><G74/><T90/><D66/><AGARI ba="1,1" hai="21,24,31,59,62,66,68,69,81,86,91,97,103,106" machi="66" ten="30,1000,0" yaku="7,1" doraHai="133" who="3" fromWho="0" sc="250,-13,220,0,260,0,260,23" /><INIT seed="1,0,0,3,0,6" ten="237,220,260,283" oya="1" hai0="99,71,96,22,15,32,56,60,103,114,53,132,127" hai1="36,44,122,124,125,133,86,9,3,51,126,118,45" hai2="34,58,69,113,81,4,31,102,26,25,47,108,39" hai3="121,130,109,17,64,50,79,117,120,54,129,55,95"/><U57/><E118/><V68/><F113/><W14/><G79/><T135/><D32/><U29/><E122/><N who="3" m="47210" /><G117/><T131/><D71/><U128/><E133/><V88/><F108/><W23/><G109/><T16/><D114/><U75/><E75/><V70/><F102/><W38/><G95/><T5/><D131/><N who="3" m="50185" /><G38/><T12/><D127/><U116/><E116/><V0/><F47/><N who="3" m="27999" /><G55/><T10/><REACH who="0" step="1"/><D99/><REACH who="0" ten="227,220,260,283" step="2"/><U123/><E128/><V106/><F68/><W94/><G94/><AGARI ba="0,1" hai="5,10,12,15,16,22,53,56,60,94,96,103,132,135" machi="94" ten="40,8000,1" yaku="1,1,2,1,52,1,54,1,53,0" doraHai="6" doraHaiUra="80" who="0" fromWho="3" sc="227,90,220,0,260,0,283,-80" /><INIT seed="2,0,0,1,0,57" ten="317,220,260,203" oya="2" hai0="91,65,86,29,16,98,127,75,18,55,67,12,3" hai1="123,93,82,74,107,10,34,8,104,87,94,56,45" hai2="35,81,116,28,113,30,58,47,27,19,118,6,72" hai3="124,42,106,22,134,132,85,13,15,11,130,114,48"/><V66/><F113/><W21/><G106/><T73/><D3/><U109/><E74/><V79/><F28/><W2/><G85/><T37/><D37/><U50/><E34/><V60/><F6/><N who="3" m="1495" /><G42/><T78/><D29/><U121/><E121/><V17/><REACH who="2" step="1"/><F47/><REACH who="2" ten="317,220,250,203" step="2"/><W89/><G114/><T126/><D126/><U63/><E45/><V105/><F105/><W95/><G124/><T103/><D127/><U88/><E107/><V44/><F44/><W40/><G40/><T70/><D75/><U23/><E104/><V133/><F133/><W41/><G41/><T24/><D73/><U90/><E123/><V32/><F32/><W68/><G134/><T26/><D70/><U33/><E33/><V83/><F83/><W9/><G68/><T111/><D78/><U125/><E82/><V0/><F0/><W52/><G132/><T102/><D102/><U117/><E125/><V92/><F92/><W120/><G95/><T4/><D103/><U110/><E94/><V7/><F7/><W46/><G120/><T51/><D4/><U97/><E93/><V100/><F100/><W64/><G46/><T49/><D91/><U59/><E90/><V135/><F135/><W53/><G89/><T5/><D5/><U69/><E88/><V62/><F62/><W108/><G130/><T20/><D98/><U96/><E97/><V128/><F128/><W39/><G39/><T76/><D76/><U43/><E96/><V38/><F38/><W119/><G119/><AGARI ba="0,1" hai="17,19,27,30,35,58,60,66,72,79,81,116,118,119" machi="119" ten="40,3900,0" yaku="1,1,52,1,53,0" doraHai="57" doraHaiUra="129" who="2" fromWho="3" sc="317,0,220,0,250,49,203,-39" /><INIT seed="2,1,0,4,0,71" ten="317,220,299,164" oya="2" hai0="20,121,15,61,120,78,51,54,100,132,115,111,109" hai1="85,7,101,104,82,116,70,23,88,37,55,42,58" hai2="83,45,21,130,89,38,40,91,67,46,44,32,2" hai3="125,50,63,117,106,11,90,123,84,129,98,47,92"/><V13/><F32/><W99/><G117/><T27/><D78/><U28/><E116/><V34/><F34/><W94/><G123/><T97/><D15/><U127/><E70/><V49/><F2/><W113/><G129/><T110/><D61/><U69/><E69/><V72/><F130/><W128/><G125/><T9/><D9/><U5/><E101/><V87/><F72/><W74/><G74/><T86/><D86/><U41/><E104/><V0/><F0/><W107/><G113/><T103/><D115/><U12/><E127/><V30/><F67/><W62/><G128/><T66/><D66/><U81/><E81/><V29/><F46/><W65/><G11/><T39/><D39/><U79/><E79/><V93/><F13/><W112/><G63/><T19/><D132/><U80/><E80/><V6/><F21/><W108/><G84/><T22/><D22/><U64/><E64/><V8/><F8/><W133/><G108/><T4/><D4/><N who="1" m="1611" /><E37/><V68/><F6/><W33/><G33/><T36/><D36/><U95/><E82/><V122/><F122/><W57/><G133/><T17/><D17/><N who="1" m="10663" /><E28/><V48/><F68/><W102/><G112/><T10/><D120/><U43/><E43/><AGARI ba="1,0" hai="43,47,50,57,62,65,90,92,94,98,99,102,106,107" machi="43" ten="30,1000,0" yaku="7,1" doraHai="71" who="3" fromWho="1" sc="317,0,220,-13,299,0,164,13" /><INIT seed="3,0,0,1,3,80" ten="317,207,299,177" oya="3" hai0="103,120,106,42,111,122,76,38,71,91,87,99,3" hai1="84,50,8,36,119,60,25,117,89,109,19,43,128" hai2="12,64,37,10,69,113,59,77,55,95,129,90,9" hai3="57,44,26,23,40,56,110,70,24,102,35,112,86"/><W5/><G112/><T28/><D71/><U31/><E36/><V1/><F37/><W53/><G70/><T93/><D3/><U29/><E109/><V133/><F113/><W97/><G5/><T125/><D28/><U105/><E105/><V6/><F129/><W54/><G110/><T63/><D111/><U33/><E31/><V11/><F133/><W2/><G2/><T75/><D63/><U30/><E30/><V94/><F77/><W67/><G35/><T62/><D62/><U118/><E60/><V130/><F64/><W68/><G68/><T114/><D114/><U21/><E8/><V41/><F41/><W20/><G67/><T115/><D115/><U4/><E4/><V7/><F130/><W100/><G40/><T73/><D42/><U101/><E101/><V16/><F69/><W72/><G97/><N who="0" m="61807" /><D38/><U81/><E128/><V13/><REACH who="2" step="1"/><F90/><REACH who="2" ten="317,207,289,177" step="2"/><W58/><G102/><N who="0" m="60783" /><D76/><U61/><E43/><V65/><F65/><W15/><G100/><T108/><D108/><U82/><E117/><V22/><F22/><W74/><G23/><T51/><D122/><U132/><E21/><V27/><F27/><W18/><G20/><T85/><D120/><U126/><E25/><V121/><F121/><W104/><G26/><T124/><D91/><U47/><E89/><V39/><F39/><W0/><G24/><T123/><D123/><U134/><E119/><V45/><F45/><W98/><G44/><T83/><D125/><U78/><E126/><V66/><F66/><W49/><G57/><T14/><D124/><U48/><E118/><V17/><F17/><RYUUKYOKU ba="0,1" sc="317,-10,207,-10,289,30,177,-10" hai2="1,6,7,9,10,11,12,13,16,55,59,94,95" /><INIT seed="4,1,1,1,4,119" ten="307,197,319,167" oya="0" hai0="7,33,2,9,103,17,65,50,117,93,131,43,135" hai1="6,123,132,126,66,5,49,81,56,52,94,75,31" hai2="108,62,16,130,30,92,57,20,84,12,24,129,64" hai3="78,4,8,27,98,127,47,80,29,77,120,118,122"/><T18/><D117/><U53/><E126/><V114/><F108/><W90/><G118/><T48/><D33/><U40/><E132/><V36/><F36/><W37/><G127/><T107/><D107/><U102/><E123/><N who="3" m="47146" /><G98/><T73/><D73/><U44/><E31/><V10/><F114/><W104/><G104/><T125/><D135/><U134/><E134/><V99/><REACH who="2" step="1"/><F84/><REACH who="2" ten="307,197,309,167" step="2"/><N who="3" m="50439" /><G37/><T110/><D110/><U59/><E75/><V96/><F96/><W67/><G67/><T105/><D65/><U121/><E66/><V32/><F32/><N who="3" m="20543" /><G47/><T11/><D125/><U106/><E44/><V55/><F55/><W1/><AGARI ba="1,2" hai="1,4,8,77,78" m="20543,50439,47146" machi="1" ten="30,7900,0" yaku="13,1,52,3" doraHai="119" who="3" fromWho="3" sc="307,-40,197,-21,309,-21,167,102" /><INIT seed="5,0,0,1,0,18" ten="267,176,288,269" oya="1" hai0="128,69,23,62,38,22,73,36,32,106,79,105,58" hai1="28,113,19,40,135,111,63,98,17,67,29,126,133" hai2="109,34,110,26,8,39,81,125,99,49,27,48,116" hai3="77,123,66,94,96,92,0,59,86,9,51,101,82"/><U78/><E113/><V43/><F116/><W42/><G123/><T89/><D69/><U30/><E126/><V64/><F125/><W41/><G92/><T6/><D32/><U129/><E129/><V72/><F49/><W12/><G0/><T84/><D6/><U10/><E111/><V68/><F27/><W70/><G70/><T44/><D128/><U37/><E78/><V124/><F48/><W57/><G59/><T131/><D131/><U52/><E40/><V108/><F124/><W3/><G3/><T107/><D79/><U14/><E37/><V95/><F8/><W11/><G9/><T46/><D73/><U31/><N who="1" m="7680" /><DORA hai="4" /><U134/><E98/><V119/><F119/><W80/><G82/><T85/><D38/><U114/><E114/><V130/><F130/><W74/><G74/><T50/><D36/><U54/><REACH who="1" step="1"/><E19/><REACH who="1" ten="267,166,288,269" step="2"/><V47/><F109/><W21/><G42/><T120/><D120/><U56/><AGARI ba="0,1" hai="10,14,17,52,54,56,63,67,133,134,135" m="7680" machi="56" ten="50,18000,2" yaku="1,1,2,1,0,1,20,1,52,1,54,1,53,0" doraHai="18,4" doraHaiUra="35,88" who="1" fromWho="1" sc="267,-60,166,190,288,-60,269,-60" /><INIT seed="5,1,0,5,4,73" ten="207,356,228,209" oya="1" hai0="9,10,95,97,128,55,63,16,109,86,48,108,116" hai1="69,5,56,21,112,65,44,37,72,46,71,94,17" hai2="117,64,14,42,62,23,31,57,0,33,124,81,39" hai3="75,107,32,19,6,15,82,103,77,106,67,30,2"/><U45/><E5/><V59/><F0/><W92/><G2/><T24/><D116/><U90/><E37/><V131/><F117/><W13/><G67/><T134/><D109/><U98/><E72/><V25/><F124/><W84/><G30/><T99/><D108/><U80/><E112/><V7/><F131/><W118/><G32/><T4/><D128/><U85/><E56/><V74/><F42/><W111/><G111/><T41/><D134/><U66/><E69/><V83/><F39/><W22/><G118/><T60/><D86/><U58/><E58/><V18/><F7/><W88/><G107/><T50/><D41/><U133/><E133/><V101/><F101/><W115/><G115/><T61/><D4/><U38/><E38/><V105/><F105/><W54/><G54/><T89/><D99/><U96/><E96/><V29/><F29/><W132/><G132/><T49/><REACH who="0" step="1"/><D55/><REACH who="0" ten="197,356,228,209" step="2"/><U100/><E71/><V104/><F74/><W20/><G6/><T123/><D123/><U35/><E35/><V26/><F33/><W40/><G40/><T36/><D36/><U28/><E66/><V120/><F120/><W12/><REACH who="3" step="1"/><G22/><AGARI ba="1,1" hai="9,10,16,22,24,48,49,50,60,61,63,89,95,97" machi="22" ten="40,5200,0" yaku="1,1,8,1,54,1,53,0" doraHai="73" doraHaiUra="121" who="0" fromWho="3" sc="197,65,356,0,228,0,209,-55" /><INIT seed="6,0,0,2,2,110" ten="262,356,228,154" oya="2" hai0="22,3,11,12,134,8,114,131,125,130,43,39,91" hai1="46,112,133,115,23,123,101,94,9,81,90,17,98" hai2="127,65,55,63,95,126,105,75,106,31,42,16,49" hai3="119,117,35,70,100,89,52,116,25,78,82,24,86"/><V40/><F75/><W48/><G100/><T135/><D91/><U29/><E133/><V128/><F31/><W2/><G2/><T38/><D43/><U58/><E123/><V14/><F128/><W21/><G70/><T109/><D39/><U103/><E46/><V80/><F80/><W76/><G35/><T66/><D66/><U56/><E9/><V51/><F42/><W111/><G111/><T13/><D38/><U132/><E29/><V61/><F40/><W20/><G21/><T57/><D57/><U62/><E132/><N who="0" m="50729" /><D109/><U68/><E68/><V129/><F129/><N who="0" m="49162" /><D3/><U10/><E58/><V0/><F0/><W32/><G32/><T83/><D83/><U121/><E81/><V4/><F65/><W15/><G78/><T50/><D50/><U18/><E56/><V84/><F51/><W53/><G76/><T33/><D33/><U69/><E62/><V5/><F61/><W79/><G79/><T72/><D72/><U92/><E69/><V1/><F63/><W7/><G48/><T67/><D67/><U88/><E90/><N who="2" m="53703" /><F1/><W113/><G89/><T19/><D22/><U30/><E23/><N who="2" m="11671" /><F49/><W99/><G82/><T54/><D54/><U34/><E34/><V41/><F55/><W85/><G53/><T107/><D107/><N who="2" m="40970" /><F41/><W102/><G119/><T124/><D114/><U37/><E88/><V87/><F87/><W77/><G113/><T6/><AGARI ba="0,0" hai="6,8,11,12,13,19,124,125" m="49162,50729" machi="6" ten="40,12000,2" yaku="30,2,20,1,19,1,34,2" doraHai="110" who="0" fromWho="0" sc="262,120,356,-30,228,-60,154,-30" /><INIT seed="7,0,0,5,0,71" ten="382,326,168,124" oya="3" hai0="98,75,86,92,120,84,40,57,121,89,55,6,134" hai1="48,2,30,36,102,90,29,93,56,11,49,72,61" hai2="135,133,126,73,8,18,50,19,24,87,0,74,17" hai3="66,10,34,53,68,105,5,132,112,83,22,26,110"/><W27/><G112/><T62/><D75/><U129/><E72/><V104/><F104/><W117/><G117/><T99/><D121/><U28/><E129/><V77/><F74/><W23/><G105/><T85/><D120/><U38/><E102/><V65/><F73/><W97/><G97/><T46/><D134/><U118/><E118/><V130/><F130/><W70/><G132/><T1/><D1/><U7/><E49/><V20/><F133/><W54/><G83/><T12/><D99/><U113/><E48/><V114/><F114/><W123/><G123/><T106/><D106/><U109/><E109/><V103/><F103/><W64/><G110/><T4/><D12/><U44/><E44/><V78/><F135/><W81/><G81/><T60/><D60/><U14/><E2/><V9/><F0/><W122/><G122/><T41/><D46/><U119/><E119/><V21/><F87/><W131/><G5/><AGARI ba="0,0" hai="4,5,6,40,41,55,57,62,84,85,86,89,92,98" machi="5" ten="40,1300,0" yaku="8,1" doraHai="71" who="0" fromWho="3" sc="382,13,326,0,168,0,124,-13" owari="395,49.0,326,13.0,168,-23.0,111,-39.0" /></mjloggm>