<mjloggm ver="2.3"><GO type="225" lobby="0"/><UN n0="%E6%97%A5%E5%A5%88%E6%A3%AE%E3%81%82%E3%82%80" n1="%EF%BC%88%E2%89%A7%E2%96%BD%E2%89%A6%EF%BC%89" n2="%E3%82%B4%E3%83%9F%E3%82%AF%E3%82%BA%E4%B8%83%E6%AE%B5" n3="%E3%81%B5%E3%81%8B%E3%81%BF" dan="17,18,16,17" rate="2197.39,2108.33,2026.24,2125.17" sx="F,M,F,F"/><TAIKYOKU oya="0"/><INIT seed="0,0,0,0,5,77" ten="250,250,250,250" oya="0" hai0="97,29,123,119,47,80,40,90,124,99,25,102,32" hai1="106,9,26,33,55,4,27,59,91,57,12,111,133" hai2="36,88,131,86,135,45,0,107,120,75,44,58,101" hai3="56,46,83,92,81,34,10,103,39,6,53,20,24"/><T22/><D119/><U127/><E106/><V23/><F120/><W96/><G34/><T17/><D123/><U72/><E72/><V78/><F0/><W95/><G39/><T28/><D124/><U132/><E111/><V42/><F135/><N who="1" m="51785" /><E33/><V51/><F131/><W121/><G121/><T66/><D66/><U43/><E43/><V18/><F58/><N who="1" m="22025" /><E55/><V67/><F67/><W2/><G95/><T110/><D110/><U98/><E127/><V69/><F69/><W89/><G103/><T7/><D7/><U134/><E134/><V35/><F35/><W54/><G46/><T73/><D32/><U85/><E98/><V65/><F65/><W70/><G70/><T84/><D73/><U21/><E21/><V1/><F107/><W100/><G100/><T49/><REACH who="0" step="1"/><D99/><REACH who="0" ten="240,250,250,250" step="2"/><U76/><E76/><V37/><F78/><W50/><REACH who="3" step="1"/><G53/><REACH who="3" ten="240,250,250,240" step="2"/><T11/><D11/><U30/><E30/><AGARI ba="0,2" hai="2,6,10,20,24,30,50,54,56,81,83,89,92,96" machi="30" ten="30,8000,1" yaku="1,1,2,1,7,1,52,2,53,0" doraHai="77" doraHaiUra="38" who="3" fromWho="1" sc="240,0,250,-80,250,0,240,100" /><INIT seed="1,0,0,1,5,31" ten="240,170,250,340" oya="1" hai0="59,83,82,56,86,132,75,123,102,79,119,129,112" hai1="125,43,24,87,19,77,72,110,7,61,42,5,41" hai2="46,38,68,85,91,96,36,135,23,32,74,130,98" hai3="1,51,100,131,121,33,134,20,116,34,2,60,78"/><U0/><E0/><N who="3" m="106" /><G100/><T97/><D119/><U90/><E125/><V48/><F74/><W113/><G78/><T127/><D112/><U4/><E110/><V105/><F68/><W47/><G60/><T15/><D127/><U39/><E39/><V93/><F135/><W117/><G121/><T95/><D132/><U53/><E72/><V49/><F130/><W3/><G3/><T29/><D123/><U126/><E126/><V65/><F65/><W28/><G134/><T92/><D129/><U21/><E77/><V108/><F108/><W109/><G113/><T114/><D114/><U22/><E22/><V17/><F32/><N who="3" m="12395" /><G131/><T128/><D128/><U44/><E61/><V81/><F105/><W16/><G28/><T55/><D29/><U73/><E73/><V94/><F38/><W6/><G6/><T57/><D15/><U9/><E9/><V26/><F36/><W13/><G109/><T69/><D69/><U70/><E70/><V115/><F115/><W35/><N who="3" m="12403" /><W25/><DORA hai="37" /><G51/><T14/><D14/><U101/><E101/><N who="2" m="60559" /><F46/><W107/><G47/><T66/><D66/><U52/><E44/><V89/><AGARI ba="0,0" hai="17,23,26,48,49,81,85,89,91,94,98" m="60559" machi="89" ten="30,1100,0" yaku="8,1" doraHai="31,37" who="2" fromWho="2" sc="240,-3,170,-5,250,11,340,-3" /><INIT seed="2,0,0,3,5,113" ten="237,165,261,337" oya="2" hai0="23,37,58,61,135,45,69,114,104,112,111,1,71" hai1="72,62,13,98,90,28,102,66,94,83,70,57,99" hai2="82,41,29,34,51,36,33,50,40,3,92,106,96" hai3="93,132,7,27,115,74,22,89,130,25,55,60,6"/><V54/><F3/><W26/><G74/><T38/><D104/><U10/><E28/><V133/><F36/><N who="0" m="13930" /><D23/><U125/><E125/><V131/><F106/><W116/><G115/><N who="0" m="44075" /><D1/><U12/><E70/><N who="0" m="26633" /><D111/><U68/><E68/><V118/><F133/><W47/><G132/><T101/><D101/><U0/><E0/><V15/><F131/><W30/><G130/><T39/><D135/><U84/><E72/><V44/><F82/><W86/><G27/><T88/><D88/><U43/><E43/><V59/><F41/><W117/><G26/><T81/><D81/><U123/><E123/><V63/><F15/><W103/><G103/><T11/><D11/><U14/><REACH who="1" step="1"/><E99/><REACH who="1" ten="237,155,261,337" step="2"/><V124/><F40/><W95/><G47/><T2/><D2/><U24/><E24/><V64/><F29/><W80/><G25/><T127/><D127/><U128/><E128/><V35/><F124/><W110/><G30/><T119/><D39/><U73/><E73/><V48/><F33/><W46/><G46/><T126/><D45/><U105/><E105/><V134/><F34/><W121/><G121/><T77/><D126/><U97/><E97/><V20/><F35/><W100/><G110/><T49/><D58/><U8/><AGARI ba="0,1" hai="8,10,12,13,14,57,62,66,83,84,90,94,98,102" machi="8" ten="30,4000,0" yaku="1,1,0,1,8,1,53,0" doraHai="113" doraHaiUra="75" who="1" fromWho="1" sc="237,-10,155,50,261,-20,337,-10" /><INIT seed="3,0,0,2,4,52" ten="227,205,241,327" oya="3" hai0="15,36,91,70,79,41,132,54,10,106,38,2,86" hai1="75,16,8,22,39,65,7,51,104,48,118,57,133" hai2="123,29,72,56,120,128,134,111,59,73,114,44,88" hai3="87,74,46,101,80,92,84,107,129,6,90,89,124"/><W97/><G6/><T119/><D119/><U33/><E75/><N who="2" m="28747" /><F114/><W5/><G5/><T100/><D2/><U69/><E39/><V19/><F111/><W121/><G46/><T23/><D70/><U31/><E69/><V85/><F134/><W115/><G115/><T130/><D79/><U109/><E104/><V93/><F128/><W71/><G71/><T110/><D132/><U40/><E133/><V55/><F29/><W12/><G12/><T37/><D110/><U43/><E109/><V78/><F78/><N who="3" m="44119" /><G124/><T24/><D130/><U125/><E125/><V9/><F44/><W83/><G121/><N who="2" m="46665" /><F55/><W122/><G122/><T105/><D54/><N who="1" m="31943" /><E118/><V28/><F28/><W13/><G13/><AGARI ba="0,0" hai="9,13,19,56,59,85,88,93" m="46665,28747" machi="13" ten="30,7700,0" yaku="13,1,52,2,54,1" doraHai="52" who="2" fromWho="3" sc="227,0,205,0,241,77,327,-77" owari="227,-17.0,205,-29.0,318,41.0,250,5.0" /></mjloggm>