<mjloggm ver="2.3"><GO type="169" lobby="0"/><UN n0="%E5%88%BB%E5%AD%90%E5%B8%82%E6%B0%91" n1="%E3%83%88%E3%83%90%E3%82%BE" n2="%E5%94%90%E6%8F%9A%E5%A4%A7%E5%A5%BD%E3%81%8D" n3="%EF%BC%88%E2%89%A7%E2%96%BD%E2%89%A6%EF%BC%89" dan="17,18,16,17" rate="2178.95,2191.28,2150.93,2199.74" sx="M,M,M,M"/><TAIKYOKU oya="0"/><INIT seed="0,0,0,5,0,64" ten="250,250,250,250" oya="0" hai0="91,135,33,81,131,84,12,28,60,125,22,63,6" hai1="76,113,37,101,24,44,100,109,19,52,115,7,114" hai2="71,25,29,103,0,93,53,20,48,117,1,43,128" hai3="3,34,77,98,106,67,87,32,8,59,105,82,118"/><T15/><D33/><U13/><E109/><V17/><F128/><W55/><G118/><T47/><D131/><U129/><E129/><V102/><F117/><W46/><G67/><T124/><D135/><U108/><E108/><V99/><F43/><W2/><G46/><T80/><D47/><U72/><E7/><V38/><F38/><W70/><G70/><T16/><D28/><U45/><E24/><V89/><F71/><W95/><G34/><T110/><D110/><U111/><E111/><V85/><F103/><W104/><G32/><T39/><D39/><U54/><E44/><V86/><F86/><W11/><G3/><T36/><D36/><U35/><E35/><V5/><F5/><W90/><REACH who="3" step="1"/><G2/><REACH who="3" ten="250,250,250,240" step="2"/><T75/><D125/><U130/><E130/><V31/><F0/><W69/><G69/><T96/><D124/><U119/><E119/><V107/><F1/><W27/><G27/><T50/><D15/><U74/><E37/><V126/><F126/><W123/><G123/><T79/><D12/><U41/><E45/><AGARI ba="0,1" hai="17,20,25,29,31,45,48,53,85,89,93,99,102,107" machi="45" ten="30,1000,0" yaku="7,1" doraHai="64" who="2" fromWho="1" sc="250,0,250,-10,250,20,240,0" /><INIT seed="1,0,0,0,1,33" ten="250,240,270,240" oya="1" hai0="14,126,31,4,53,115,127,134,103,76,61,77,67" hai1="65,66,25,29,34,46,86,125,129,16,5,68,18" hai2="26,87,72,37,100,85,117,13,130,2,123,49,10" hai3="80,24,92,56,35,90,113,28,12,116,36,45,9"/><U98/><E129/><V38/><F72/><W44/><G113/><T59/><D134/><U81/><E125/><N who="0" m="47625" /><D115/><U69/><E98/><V40/><F130/><W120/><G120/><T79/><D31/><U57/><E46/><V64/><F123/><W114/><G114/><T95/><D103/><U63/><E5/><V91/><F117/><W108/><G116/><T93/><D67/><U124/><E124/><V107/><F64/><W41/><G108/><T74/><D74/><U6/><E6/><V7/><F26/><W17/><G45/><T19/><D4/><U60/><REACH who="1" step="1"/><E57/><REACH who="1" ten="250,230,270,240" step="2"/><V97/><F7/><W8/><G56/><T39/><D39/><U135/><E135/><V94/><F37/><W11/><G80/><T70/><D70/><U122/><E122/><V83/><F38/><W89/><G92/><T132/><D132/><U128/><E128/><V55/><F94/><W30/><G44/><T42/><D42/><U15/><E15/><V1/><F40/><W51/><G41/><T121/><D121/><U52/><E52/><V109/><F109/><W21/><G12/><T106/><D106/><U0/><E0/><V105/><F105/><W71/><G71/><T43/><D43/><U75/><E75/><V58/><F1/><W96/><G36/><T32/><D95/><U3/><E3/><V73/><F2/><W131/><G131/><T47/><D47/><U54/><E54/><V62/><F73/><W20/><G96/><T50/><D93/><U118/><E118/><V48/><F85/><W102/><G102/><T101/><D101/><U22/><E22/><RYUUKYOKU ba="0,1" sc="250,-15,230,15,270,15,240,-15" hai1="16,18,25,29,34,60,63,65,66,68,69,81,86" hai2="10,13,48,49,55,58,62,83,87,91,97,100,107" /><INIT seed="1,1,1,2,1,51" ten="235,245,285,225" oya="1" hai0="6,104,110,10,16,83,130,45,132,48,63,4,107" hai1="90,59,100,69,99,19,70,62,21,116,36,78,109" hai2="13,52,32,57,5,120,38,106,98,111,122,58,26" hai3="76,124,22,43,37,79,72,60,2,129,31,20,39"/><U85/><E116/><V94/><F38/><W11/><G124/><T42/><D110/><U1/><E36/><V119/><F119/><W15/><G129/><T81/><D130/><U50/><E78/><N who="3" m="29738" /><G39/><T35/><D35/><U25/><E1/><V103/><F111/><W127/><G37/><T97/><D132/><U3/><E50/><V14/><F58/><W29/><G2/><T86/><D104/><U74/><E74/><V17/><F106/><W73/><G73/><T121/><D121/><U108/><E3/><V34/><F34/><W56/><G43/><T96/><D63/><U118/><E118/><V12/><F5/><N who="0" m="2154" /><D107/><U84/><E108/><V80/><F80/><N who="0" m="30794" /><D86/><U41/><E41/><V40/><F40/><W125/><G72/><T82/><D82/><U61/><E61/><V8/><F122/><W114/><G125/><T67/><D67/><U134/><E134/><V123/><F120/><W87/><G127/><T49/><D49/><U27/><E109/><V105/><F123/><W75/><G87/><T33/><D33/><U18/><E84/><V89/><F32/><W28/><G75/><T55/><D42/><U112/><E70/><V71/><F71/><W47/><G114/><T113/><D113/><U93/><E69/><V44/><F44/><W92/><G47/><T95/><D95/><N who="1" m="58495" /><E112/><V30/><F105/><W0/><G0/><T24/><D24/><N who="1" m="9291" /><E21/><N who="2" m="15695" /><F103/><W7/><G92/><T54/><D45/><U101/><E101/><V117/><F117/><W128/><G128/><T133/><D133/><U135/><E135/><V68/><F68/><W64/><AGARI ba="1,1" hai="7,11,15,20,22,28,29,31,56,60,64" m="29738" machi="64" ten="30,2000,0" yaku="5,1,8,1" doraHai="51" who="3" fromWho="3" sc="235,-6,245,-11,285,-6,225,33" /><INIT seed="2,0,0,0,2,135" ten="229,234,279,258" oya="2" hai0="61,103,83,112,2,6,14,101,130,50,94,77,132" hai1="48,93,23,39,33,20,114,45,19,91,8,64,97" hai2="116,60,22,56,68,7,58,131,105,5,67,72,24" hai3="96,85,16,26,0,55,46,81,129,32,92,122,88"/><V119/><F72/><W43/><G0/><T110/><D2/><U11/><E114/><V30/><F105/><W134/><G122/><T118/><D112/><U25/><E33/><V117/><F131/><W98/><G129/><T65/><D130/><U95/><E39/><V120/><F120/><W82/><G134/><T121/><D121/><U86/><E23/><V128/><F128/><W51/><G32/><T44/><D94/><U69/><E64/><V54/><REACH who="2" step="1"/><F68/><REACH who="2" ten="229,234,269,258" step="2"/><W35/><G35/><T102/><D132/><U3/><E69/><V127/><F127/><W106/><G106/><T31/><D118/><U113/><E113/><V29/><F29/><W21/><G43/><T74/><D31/><U71/><E71/><V47/><F47/><W99/><AGARI ba="0,1" hai="16,21,26,46,51,55,81,82,85,88,92,96,98,99" machi="99" ten="30,7900,0" yaku="0,1,8,1,54,2" doraHai="135" who="3" fromWho="3" sc="229,-20,234,-20,269,-39,258,89" /><INIT seed="3,0,0,5,2,69" ten="209,214,230,347" oya="3" hai0="49,126,23,120,109,125,12,7,2,94,8,42,41" hai1="106,84,115,27,60,72,35,119,10,71,95,122,26" hai2="3,17,4,57,110,54,33,62,77,121,101,50,31" hai3="89,66,118,44,100,87,5,105,19,130,43,9,24"/><W117/><G130/><T91/><D120/><U38/><E115/><V81/><F121/><W63/><G100/><T78/><D78/><U96/><E122/><V64/><F110/><W75/><G105/><T59/><D109/><U30/><E72/><V55/><F101/><W111/><G75/><T32/><D32/><U104/><E119/><V97/><F97/><W135/><G135/><T21/><D2/><U127/><E127/><N who="0" m="48649" /><D59/><U114/><E114/><V133/><F133/><W29/><G19/><T73/><D73/><U98/><E26/><V14/><F33/><W25/><G25/><T90/><D90/><U18/><E84/><V47/><F31/><W40/><G40/><N who="0" m="15467" /><D49/><U48/><E48/><V132/><F132/><W123/><G123/><T134/><D134/><U112/><E112/><V74/><F3/><W52/><G111/><T76/><D76/><U85/><E35/><V6/><REACH who="2" step="1"/><F64/><REACH who="2" ten="209,214,220,347" step="2"/><W82/><G66/><T86/><AGARI ba="0,1" hai="7,8,12,21,23,86,91,94" m="15467,48649" machi="86" ten="30,1100,0" yaku="18,1" doraHai="69" who="0" fromWho="0" sc="209,21,214,-3,220,-3,347,-5" /><INIT seed="4,0,0,0,5,26" ten="230,211,217,342" oya="0" hai0="6,102,10,4,129,93,50,66,0,130,134,83,115" hai1="15,49,122,82,63,1,30,106,7,124,67,117,81" hai2="17,18,133,21,131,2,79,72,44,108,111,109,11" hai3="132,39,92,100,14,128,24,125,42,70,58,3,47"/><T5/><D115/><U59/><E117/><V34/><F34/><W68/><G3/><T126/><D66/><U96/><E122/><V12/><F133/><W73/><G73/><T52/><D83/><U74/><E1/><V78/><F131/><N who="0" m="50186" /><D126/><U36/><E36/><V31/><F44/><W110/><G125/><T71/><D71/><U54/><E124/><V127/><F127/><W87/><G132/><T89/><D102/><U85/><E74/><V91/><F72/><W33/><G128/><T38/><D38/><U80/><E106/><V51/><F51/><W29/><G110/><T76/><D76/><U119/><E119/><V27/><F91/><W35/><G35/><T41/><D41/><U23/><E96/><V13/><F79/><W64/><G100/><T118/><D118/><U105/><E105/><V75/><F78/><W123/><G123/><T97/><D134/><U45/><E85/><V120/><F75/><W62/><G14/><T60/><D60/><U84/><E84/><V53/><F53/><W43/><G42/><T55/><D55/><U20/><REACH who="1" step="1"/><E30/><REACH who="1" ten="230,201,217,342" step="2"/><V104/><F104/><W9/><G87/><T98/><D98/><U32/><E32/><N who="2" m="20607" /><F120/><W16/><G92/><T121/><D121/><U48/><E48/><V88/><F2/><W8/><G39/><T113/><D113/><U94/><E94/><V69/><F111/><W77/><G33/><T19/><D0/><U135/><E135/><V56/><F109/><W61/><G29/><T46/><D97/><U65/><E65/><V101/><F108/><W95/><G64/><T114/><D114/><RYUUKYOKU ba="0,1" sc="230,-10,201,30,217,-10,342,-10" hai1="7,15,20,23,45,49,54,59,63,67,80,81,82" /><INIT seed="5,1,1,5,3,56" ten="220,231,207,332" oya="1" hai0="7,90,94,10,1,116,23,72,81,18,20,3,57" hai1="28,55,104,92,122,9,58,40,103,66,76,74,73" hai2="105,128,97,32,43,95,34,120,67,49,11,25,33" hai3="102,0,24,52,131,14,65,108,59,26,30,68,88"/><U106/><E122/><V84/><F120/><W86/><G0/><T50/><D116/><U22/><E66/><V121/><F121/><W6/><G108/><T123/><D3/><U107/><E40/><V77/><F128/><W31/><G131/><T99/><D123/><U98/><E76/><V2/><F67/><W93/><G102/><T4/><D4/><U48/><REACH who="1" step="1"/><E9/><REACH who="1" ten="220,221,207,332" step="2"/><V71/><F77/><W21/><G65/><T70/><D10/><U37/><E37/><V115/><F43/><W134/><G68/><T29/><D70/><U79/><E79/><V12/><F11/><N who="3" m="4471" /><G134/><T15/><D72/><U80/><E80/><V110/><F71/><W111/><G111/><T78/><D81/><U63/><E63/><V96/><F110/><W5/><G5/><T130/><D7/><U135/><E135/><V17/><F2/><W126/><G126/><T112/><D1/><U45/><E45/><V16/><F105/><W61/><G21/><T124/><D124/><U39/><E39/><V87/><F34/><W35/><G35/><T19/><D78/><U46/><E46/><V27/><F33/><W101/><G101/><T119/><D130/><U82/><E82/><V117/><F32/><W38/><G38/><T132/><D132/><U36/><E36/><V60/><F60/><W113/><G113/><T91/><D112/><U109/><E109/><V83/><F115/><W64/><G64/><T62/><D62/><U133/><E133/><V85/><F83/><W125/><G125/><T8/><D20/><U75/><E75/><V42/><F42/><W100/><G100/><RYUUKYOKU ba="1,2" sc="220,-15,221,15,207,-15,332,15" hai1="22,28,48,55,58,73,74,92,98,103,104,106,107" hai3="24,26,30,31,52,59,61,86,88,93" /><INIT seed="5,2,2,4,5,101" ten="205,236,192,347" oya="1" hai0="49,75,111,83,112,100,105,47,135,93,4,44,76" hai1="62,50,107,8,10,126,121,132,12,5,108,52,65" hai2="32,68,96,67,61,20,119,88,38,71,95,118,109" hai3="110,98,130,33,63,40,41,14,36,72,73,90,57"/><U17/><E121/><V82/><F32/><W106/><G33/><T58/><D111/><U60/><E108/><V74/><F38/><W104/><G110/><T25/><D4/><U113/><E113/><V34/><F109/><W102/><G106/><T42/><D112/><U91/><E107/><V92/><F34/><W69/><G69/><T37/><D135/><U56/><E132/><V46/><F46/><W54/><G130/><T31/><D58/><U81/><E126/><V53/><F53/><W86/><G36/><T133/><D93/><U122/><E122/><V84/><F71/><W6/><G6/><T123/><D123/><U79/><E91/><V51/><F51/><W66/><G14/><T99/><D133/><U1/><E65/><V26/><F74/><AGARI ba="2,2" hai="1,5,8,10,12,17,50,52,56,60,62,74,79,81" machi="74" ten="30,2900,0" yaku="7,1,54,1" doraHai="101" who="1" fromWho="2" sc="205,0,236,55,192,-35,347,0" /><INIT seed="5,3,0,1,4,108" ten="205,291,157,347" oya="1" hai0="62,94,110,48,52,76,77,23,92,41,100,71,57" hai1="124,97,29,27,51,95,118,129,98,26,82,120,70" hai2="73,131,89,126,58,38,28,34,103,1,111,12,93" hai3="22,59,117,80,83,2,17,10,25,50,84,31,127"/><U9/><E118/><V15/><F1/><W116/><G127/><T44/><D110/><U90/><E120/><V74/><F38/><W85/><G116/><T64/><D23/><U67/><E124/><V72/><F111/><W122/><G122/><T68/><D68/><U130/><E82/><N who="3" m="31274" /><G2/><T63/><REACH who="0" step="1"/><D100/><REACH who="0" ten="195,291,157,347" step="2"/><U104/><E70/><V7/><F103/><W78/><G117/><T49/><D49/><U19/><E51/><V60/><F126/><W20/><G10/><T75/><D75/><U109/><E9/><V106/><F73/><W13/><G78/><AGARI ba="3,1" hai="41,44,48,52,57,62,63,64,71,76,77,78,92,94" machi="78" ten="40,2600,0" yaku="1,1,54,1,53,0" doraHai="108" doraHaiUra="101" who="0" fromWho="3" sc="195,45,291,0,157,0,347,-35" /><INIT seed="6,0,0,3,0,96" ten="240,291,157,312" oya="2" hai0="13,3,24,92,53,59,76,106,82,66,16,14,118" hai1="6,25,129,94,127,42,17,33,44,28,111,61,87" hai2="23,58,41,78,36,11,91,90,71,133,68,7,117" hai3="39,101,9,50,69,119,108,81,110,47,18,95,31"/><V21/><F117/><W77/><G39/><T97/><D106/><U55/><E111/><V98/><F133/><W34/><G69/><T57/><D3/><U30/><E129/><V114/><F114/><W74/><G119/><T1/><D1/><U79/><E127/><V0/><F78/><W84/><G31/><T12/><D66/><U27/><E6/><V60/><F68/><W75/><G34/><T113/><D113/><U104/><E17/><V43/><F71/><W56/><G56/><T126/><D126/><U128/><E104/><V49/><F36/><W80/><G75/><T35/><D35/><U62/><E55/><V122/><F122/><W52/><G101/><T115/><D115/><U26/><E128/><V123/><F123/><W120/><G95/><T4/><D118/><U51/><E79/><V32/><F32/><W131/><G120/><T134/><D4/><U20/><E27/><V48/><F41/><W105/><G105/><T46/><D46/><U135/><E135/><V15/><F0/><W103/><G131/><T100/><D53/><U124/><E124/><V130/><F130/><W116/><G103/><T40/><D40/><U89/><AGARI ba="0,0" hai="20,25,26,28,30,33,42,44,51,61,62,87,89,94" machi="89" ten="30,1100,0" yaku="0,1" doraHai="96" who="1" fromWho="1" sc="240,-3,291,11,157,-5,312,-3" /><INIT seed="7,0,0,2,2,107" ten="237,302,152,309" oya="3" hai0="43,81,52,79,56,87,40,84,73,128,6,130,112" hai1="27,125,31,126,48,85,7,59,45,24,69,34,102" hai2="26,13,0,111,110,25,53,89,61,10,131,122,92" hai3="57,83,60,5,11,19,41,127,39,82,74,135,30"/><W77/><G127/><N who="1" m="48650" /><E69/><V66/><F0/><N who="3" m="423" /><G30/><T98/><D6/><U115/><E115/><V123/><F131/><N who="0" m="50218" /><D98/><U118/><E118/><V114/><F114/><W95/><G135/><T64/><D64/><U129/><E129/><V88/><F53/><N who="3" m="33839" /><G95/><T28/><D28/><U75/><E75/><V14/><F92/><W93/><G93/><T119/><D119/><U67/><E27/><V71/><F71/><W3/><G19/><T99/><D99/><U49/><E7/><V22/><F10/><W78/><G3/><T47/><D112/><U33/><E102/><V124/><F124/><W76/><G82/><T12/><D12/><U80/><E34/><V4/><F4/><W42/><G42/><N who="0" m="15915" /><D47/><AGARI ba="0,0" hai="39,41,47,74,76,77,78,83" m="33839,423" machi="47" ten="30,2900,0" yaku="25,1,52,1" doraHai="107" who="3" fromWho="0" sc="237,-29,302,0,152,0,309,29" owari="208,-19.0,302,10.0,152,-35.0,338,44.0" /></mjloggm>