<mjloggm ver="2.3"><GO type="97" lobby="0"/><UN n0="%E3%82%A6%E3%83%AB%E3%83%88%E3%83%A9%E7%AB%8B%E7%9B%B4" n1="%E3%82%A2%E3%83%AA%E3%82%BD%E3%83%B3" n2="%E3%83%99%E3%82%A4%E3%83%93%E3%83%BC%EF%BC%B9" n3="%76%66%72%6E%6F%72%69" dan="15,14,13,15" rate="1984.04,1978.85,1816.09,2032.75" sx="M,M,M,M"/><TAIKYOKU oya="0"/><INIT seed="0,0,0,5,4,32" ten="250,250,250,250" oya="0" hai0="43,71,50,8,101,4,88,40,65,1,18,46,42" hai1="63,19,99,29,79,87,133,0,60,86,72,38,83" hai2="44,123,108,92,94,119,21,3,120,70,97,98,47" hai3="104,9,59,34,129,118,66,45,84,23,31,61,85"/><T76/><D101/><U5/><E38/><V130/><F70/><W81/><G104/><T89/><D76/><U73/><E29/><V100/><F108/><W41/><G118/><T134/><D134/><U62/><E133/><V10/><F119/><W78/><G34/><T26/><D65/><U124/><E124/><V115/><F115/><W55/><G129/><T80/><D71/><U15/><E99/><V112/><F112/><W128/><G128/><T52/><D80/><U51/><E5/><V56/><F130/><W77/><G9/><T102/><REACH who="0" step="1"/><D102/><REACH who="0" ten="240,250,250,250" step="2"/><U53/><E79/><V103/><F56/><W114/><G114/><T132/><D132/><U35/><E83/><V82/><F82/><W49/><G66/><T24/><D24/><U22/><E73/><V91/><F91/><W2/><G78/><T117/><D117/><U125/><E72/><V107/><F107/><W95/><G95/><T7/><D7/><U6/><E6/><V127/><F127/><W48/><G77/><T68/><D68/><U90/><E125/><V27/><F10/><W131/><G131/><T93/><D93/><U16/><E90/><V30/><F123/><W106/><G106/><T39/><D39/><U122/><E122/><V74/><F120/><W109/><G81/><T36/><D36/><U17/><E87/><V75/><F75/><W28/><G85/><T126/><D126/><U67/><E86/><V13/><F74/><W37/><G37/><T54/><D54/><U121/><E121/><V105/><F105/><W111/><G84/><T110/><D110/><U96/><E53/><RYUUKYOKU ba="0,1" sc="240,30,250,-10,250,-10,250,-10" hai0="1,4,8,18,26,40,42,43,46,50,52,88,89" /><INIT seed="0,1,1,2,1,72" ten="270,240,240,240" oya="0" hai0="31,128,74,61,97,79,83,58,99,117,105,125,12" hai1="94,101,50,75,10,131,55,40,87,5,29,100,14" hai2="37,108,78,93,134,107,36,0,127,91,39,26,114" hai3="44,34,60,121,135,49,27,47,21,120,51,104,132"/><T20/><D117/><U129/><E75/><V90/><F0/><W133/><G104/><T86/><D125/><U41/><E29/><V115/><F127/><W46/><G34/><T25/><D128/><N who="1" m="49227" /><E87/><V102/><F108/><W48/><G60/><T67/><D105/><U1/><E1/><V96/><F134/><W57/><G57/><T11/><REACH who="0" step="1"/><D74/><REACH who="0" ten="260,240,240,240" step="2"/><U42/><E94/><V77/><F91/><W70/><G70/><T111/><D111/><U122/><E122/><V13/><F26/><W28/><AGARI ba="1,2" hai="21,27,28,44,46,47,48,49,51,120,121,132,133,135" machi="28" ten="40,8000,1" yaku="0,1,29,2,20,1" doraHai="72" who="3" fromWho="3" sc="260,-41,240,-21,240,-21,240,103" /><INIT seed="1,0,0,5,3,44" ten="219,219,219,343" oya="1" hai0="131,59,23,107,52,37,79,96,106,118,81,34,84" hai1="102,25,19,2,17,10,98,8,108,80,115,129,1" hai2="33,86,127,56,55,35,70,9,49,75,125,16,101" hai3="122,74,54,109,123,92,21,40,99,76,18,31,116"/><U58/><E58/><V111/><F75/><W105/><G31/><T61/><D34/><U77/><E115/><V85/><F70/><W133/><G109/><T45/><D118/><U7/><E129/><V20/><F101/><W126/><G105/><T90/><D131/><U64/><E64/><V4/><F111/><W3/><G3/><T66/><D23/><U22/><E108/><V11/><F85/><W60/><G40/><T94/><D37/><U63/><E63/><V0/><F86/><W82/><G116/><T15/><D15/><U65/><E65/><V6/><F56/><N who="3" m="34839" /><G133/><T26/><REACH who="0" step="1"/><D26/><REACH who="0" ten="209,219,219,343" step="2"/><U91/><E25/><N who="2" m="14471" /><F55/><W114/><G114/><T36/><D36/><U119/><E22/><V112/><F112/><W120/><G126/><N who="2" m="48137" /><F49/><AGARI ba="0,1" hai="45,49,52,59,61,66,79,81,84,90,94,96,106,107" machi="49" ten="40,5200,0" yaku="1,1,52,1,54,1,53,0" doraHai="44" doraHaiUra="29" who="0" fromWho="2" sc="209,62,219,0,219,-52,343,0" /><INIT seed="2,0,0,5,0,79" ten="271,219,167,343" oya="2" hai0="69,62,67,29,3,54,113,76,15,88,106,7,134" hai1="85,121,51,103,17,90,77,36,75,12,86,70,58" hai2="48,66,72,124,28,4,49,32,64,65,31,27,125" hai3="126,14,112,101,5,30,129,132,6,118,39,0,71"/><V35/><F72/><W21/><G39/><T133/><D113/><U40/><E70/><V2/><F2/><W83/><G71/><T120/><D120/><U74/><E121/><V18/><F4/><W92/><G83/><T22/><D3/><U80/><E36/><V46/><F18/><W23/><G92/><T10/><D106/><U109/><E109/><V122/><F122/><W37/><G101/><T8/><D8/><U41/><E103/><V73/><F73/><W59/><G59/><T1/><D54/><N who="1" m="32095" /><E74/><V107/><F107/><W108/><G37/><T63/><D63/><U127/><E127/><N who="2" m="48715" /><F46/><W96/><G96/><T16/><D29/><N who="2" m="11338" /><F27/><W102/><G126/><T13/><D1/><U68/><E68/><V110/><F110/><W20/><G108/><T45/><D45/><U25/><E25/><V131/><F131/><W52/><G129/><T24/><D24/><U56/><E56/><V111/><F111/><W97/><G30/><T34/><D34/><AGARI ba="0,0" hai="32,34,35,48,49,64,65,66" m="11338,48715" machi="34" ten="40,7700,0" yaku="28,2,18,1" doraHai="79" who="2" fromWho="0" sc="271,-77,219,0,167,77,343,0" /><INIT seed="2,1,0,0,2,67" ten="194,219,244,343" oya="2" hai0="74,47,82,90,55,32,7,21,64,71,52,79,68" hai1="86,30,65,84,28,104,39,120,91,11,50,9,56" hai2="85,115,60,29,123,26,22,105,102,0,130,10,112" hai3="95,69,54,98,111,107,128,114,24,37,106,134,66"/><V46/><F123/><W93/><G37/><T63/><D32/><U27/><E39/><V38/><F130/><W6/><G128/><T99/><D71/><U96/><E120/><V97/><F85/><N who="1" m="32873" /><E104/><V125/><F125/><W80/><G134/><T34/><D34/><U57/><E65/><V42/><F60/><W61/><G80/><T113/><D113/><U94/><E50/><V77/><F77/><W12/><G114/><T33/><D33/><U48/><E48/><V18/><REACH who="2" step="1"/><F18/><REACH who="2" ten="194,219,234,343" step="2"/><W92/><G61/><T73/><D79/><U43/><E28/><V40/><F40/><W110/><G98/><T127/><D127/><U124/><E124/><V121/><F121/><W49/><G111/><T23/><D99/><U108/><E43/><V131/><F131/><W19/><G110/><T116/><D63/><U70/><E108/><V76/><F76/><W72/><G19/><T122/><D122/><U31/><E31/><V59/><F59/><W44/><G66/><T129/><D64/><U36/><E57/><V81/><F81/><W89/><G44/><T132/><D82/><U51/><E56/><V13/><F13/><W62/><G12/><T75/><D47/><U126/><E126/><V16/><F16/><W117/><G62/><T15/><D15/><U35/><E35/><V25/><F25/><W87/><G24/><T53/><D129/><U8/><E27/><V101/><F101/><W100/><G100/><T118/><D75/><U45/><E30/><V103/><F103/><W133/><G72/><T4/><D74/><U20/><E45/><V109/><F109/><RYUUKYOKU ba="1,1" sc="194,-10,219,-10,234,30,343,-10" hai2="0,10,22,26,29,38,42,46,97,102,105,112,115" /><INIT seed="2,2,1,1,3,28" ten="184,209,264,333" oya="2" hai0="107,23,49,106,99,35,36,12,57,112,14,53,84" hai1="34,75,9,93,76,124,71,121,127,68,45,130,63" hai2="58,31,128,122,88,115,116,98,13,119,90,61,64" hai3="135,129,22,2,91,62,10,109,100,17,80,69,39"/><V103/><F122/><W25/><G39/><T54/><D36/><U133/><E121/><V108/><F115/><W47/><G129/><T4/><D112/><U33/><E130/><V87/><F128/><W86/><G135/><T42/><D42/><U78/><E133/><V97/><F108/><W111/><G100/><T52/><D57/><U16/><E45/><V1/><F1/><W21/><G47/><T65/><D49/><U96/><E75/><V114/><F114/><W15/><G2/><T70/><D84/><U6/><E16/><V83/><F90/><W117/><G117/><T81/><D81/><U46/><E46/><V94/><F13/><N who="0" m="5226" /><D23/><U41/><E41/><V37/><F37/><W101/><G101/><T27/><D4/><U79/><E9/><V125/><F125/><N who="1" m="48201" /><E6/><V40/><F40/><W48/><G48/><T0/><D0/><U67/><E71/><V113/><F113/><W60/><G22/><T92/><D70/><U118/><E118/><V131/><F131/><W66/><REACH who="3" step="1"/><G62/><REACH who="3" ten="184,209,264,323" step="2"/><T104/><D104/><U32/><E76/><V26/><REACH who="2" step="1"/><F97/><REACH who="2" ten="184,209,254,323" step="2"/><W24/><G24/><T95/><D99/><U132/><E132/><V38/><F38/><W7/><AGARI ba="2,3" hai="7,10,15,17,21,25,60,66,69,80,86,91,109,111" machi="7" ten="30,2000,0" yaku="1,1,0,1,53,0" doraHai="28" doraHaiUra="110" who="3" fromWho="3" sc="184,-7,209,-7,254,-12,323,56" /><INIT seed="3,0,0,3,1,39" ten="177,202,242,379" oya="3" hai0="78,24,5,128,80,125,47,122,71,38,49,99,35" hai1="29,66,0,107,36,56,26,61,100,133,75,18,20" hai2="110,32,63,15,112,94,117,13,48,134,126,64,7" hai3="115,52,131,3,88,43,23,103,113,85,95,104,65"/><W51/><G3/><T68/><D122/><U57/><E36/><V10/><F32/><W14/><G43/><N who="0" m="23031" /><D99/><U50/><E75/><V8/><F112/><W2/><G65/><T9/><D49/><U37/><E37/><V67/><F110/><W97/><G2/><N who="0" m="183" /><D125/><U82/><E82/><V45/><F134/><W58/><G131/><T123/><D123/><U21/><E0/><V1/><F117/><W62/><G62/><T79/><D79/><U31/><E133/><V46/><F126/><W27/><G14/><T135/><D135/><U69/><E50/><V91/><F1/><W22/><G22/><T105/><D105/><U59/><REACH who="1" step="1"/><E21/><REACH who="1" ten="177,192,242,379" step="2"/><V87/><F63/><W106/><G106/><T44/><D128/><U40/><E40/><N who="2" m="24615" /><F46/><W92/><G104/><T93/><D44/><U70/><E70/><V28/><F28/><AGARI ba="0,1" hai="23,27,28,51,52,58,85,88,92,95,97,103,113,115" machi="28" ten="30,5800,0" yaku="7,1,54,2" doraHai="39" who="3" fromWho="2" sc="177,0,192,0,242,-58,379,68" owari="177,-32.0,192,-1.0,184,-22.0,447,55.0" /></mjloggm>