<mjloggm ver="2.3"><GO type="97" lobby="0"/><UN n0="%E3%82%A6%E3%83%A9%E3%83%A0%E3%81%AE%E8%9E%BA%E6%97%8B" n1="%E3%82%A6%E3%83%AB%E3%83%88%E3%83%A9%E7%AB%8B%E7%9B%B4" n2="%E3%83%99%E3%83%AB%E2%99%AA" n3="%E3%82%84%E3%82%88%E3%81%84%E3%81%A3%E3%81%8F%E3%81%BE" dan="13,15,14,14" rate="1812.73,1974.11,1895.01,2022.41" sx="M,M,M,F"/><TAIKYOKU oya="0"/><INIT seed="0,0,0,1,5,13" ten="250,250,250,250" oya="0" hai0="135,108,5,19,30,39,116,125,41,120,97,93,91" hai1="73,96,40,131,59,86,114,113,128,44,17,34,66" hai2="24,37,67,68,83,46,88,51,124,32,122,28,101" hai3="9,7,6,119,10,62,70,76,58,104,99,64,16"/><T21/><D120/><U77/><E34/><V50/><F122/><W112/><G119/><T52/><D116/><U123/><E73/><V43/><F124/><W130/><G112/><N who="1" m="43114" /><E96/><V55/><F101/><W18/><G76/><T26/><D125/><U72/><E72/><V57/><F68/><W3/><G70/><T48/><D135/><U45/><E86/><V42/><F67/><W47/><G130/><N who="1" m="49706" /><E77/><V74/><F43/><W134/><G134/><T89/><D108/><U63/><E123/><V85/><REACH who="2" step="1"/><F74/><REACH who="2" ten="250,250,240,250" step="2"/><W82/><G47/><N who="0" m="27679" /><D41/><U0/><E40/><V79/><F79/><W4/><G104/><T1/><D39/><AGARI ba="0,1" hai="24,28,32,37,39,42,46,50,51,55,57,83,85,88" machi="39" ten="40,8000,1" yaku="1,1,54,1,53,2" doraHai="13" doraHaiUra="69" who="2" fromWho="0" sc="250,-80,250,0,240,90,250,0" /><INIT seed="1,0,0,3,2,30" ten="170,250,330,250" oya="1" hai0="72,122,18,31,101,84,107,28,133,69,35,58,99" hai1="38,57,109,89,65,44,83,12,82,126,7,22,25" hai2="64,49,42,79,80,134,92,118,68,98,86,41,20" hai3="1,40,130,128,74,47,123,121,103,112,115,37,97"/><U117/><E117/><V3/><F118/><W63/><G1/><T36/><D133/><U5/><E126/><V10/><F134/><W70/><G74/><T43/><D122/><N who="3" m="46601" /><G97/><T105/><D28/><N who="1" m="17463" /><E38/><V39/><F39/><W55/><G103/><N who="0" m="62719" /><D18/><U106/><E106/><V94/><F20/><W78/><G78/><T50/><D50/><U8/><E109/><V60/><F49/><W62/><G55/><T51/><D51/><U48/><E89/><V23/><F23/><W95/><G95/><T120/><D58/><U129/><E7/><V9/><F94/><W21/><G21/><T19/><D19/><U45/><E129/><N who="3" m="49770" /><G70/><T131/><D131/><U2/><E2/><V15/><F3/><W119/><G119/><T85/><D120/><U114/><E45/><V61/><F61/><AGARI ba="0,0" hai="37,40,47,61,62,63,112,115" m="49770,46601" machi="61" ten="30,3900,0" yaku="19,1,34,2" doraHai="30" who="3" fromWho="2" sc="170,0,250,0,330,-39,250,39" /><INIT seed="2,0,0,2,1,65" ten="170,250,291,289" oya="2" hai0="69,85,39,11,74,37,99,12,76,40,110,38,22" hai1="26,80,44,72,33,84,109,66,29,133,25,127,104" hai2="105,125,111,130,134,13,103,63,73,1,24,128,107" hai3="19,78,45,18,135,122,81,28,55,98,94,108,7"/><V52/><F73/><W50/><G122/><T17/><D110/><U47/><E109/><V75/><F75/><W6/><G108/><T49/><D74/><U36/><E72/><V92/><F1/><W9/><G135/><T116/><D116/><U96/><E133/><V71/><F134/><W34/><G34/><T62/><D99/><U97/><E127/><V93/><F125/><W64/><G28/><T118/><D118/><U86/><E36/><V121/><F121/><W61/><G6/><T101/><D101/><U106/><E66/><N who="2" m="41439" /><F111/><W90/><G81/><T89/><D76/><U70/><E80/><V16/><F24/><W32/><G32/><T123/><D123/><U54/><E33/><V131/><F52/><W42/><G78/><T91/><D22/><U20/><E20/><N who="2" m="11279" /><F103/><W77/><G55/><T68/><D62/><U129/><E54/><V113/><F113/><W57/><REACH who="3" step="1"/><G77/><REACH who="3" ten="170,250,291,279" step="2"/><T46/><REACH who="0" step="1"/><D91/><REACH who="0" ten="160,250,291,279" step="2"/><U88/><E88/><V102/><F102/><W119/><G119/><T0/><D0/><AGARI ba="0,2" hai="0,7,9,18,19,42,45,50,57,61,64,90,94,98" machi="0" ten="30,2000,0" yaku="1,1,7,1,53,0" doraHai="65" doraHaiUra="126" who="3" fromWho="0" sc="160,-20,250,0,291,0,279,40" /><INIT seed="3,0,0,2,0,100" ten="140,250,291,319" oya="3" hai0="85,49,91,76,46,73,3,44,37,122,125,16,35" hai1="71,52,64,61,11,86,10,93,98,33,95,92,43" hai2="130,81,131,78,115,89,58,54,51,36,124,70,83" hai3="60,21,106,88,55,50,120,118,114,123,9,82,48"/><W18/><G114/><T13/><D122/><U26/><E43/><V41/><F115/><W24/><G118/><T6/><D125/><U133/><E133/><V99/><F124/><W113/><G113/><T97/><D35/><U87/><E26/><V75/><F70/><W59/><G106/><T5/><D97/><U105/><E33/><V67/><F67/><W107/><G107/><T31/><D31/><U132/><E132/><V94/><REACH who="2" step="1"/><F81/><REACH who="2" ten="140,250,281,319" step="2"/><W84/><G123/><T77/><D3/><U17/><E87/><V45/><AGARI ba="0,1" hai="36,41,45,51,54,58,75,78,83,89,94,99,130,131" machi="45" ten="30,4000,0" yaku="1,1,2,1,0,1,53,0" doraHai="100" doraHaiUra="134" who="2" fromWho="2" sc="140,-10,250,-10,281,50,319,-20" owari="130,-37.0,240,-16.0,331,43.0,299,10.0" /></mjloggm>