<mjloggm ver="2.3"><GO type="225" lobby="0"/><UN n0="%E3%83%9E%E3%83%88%E3%83%AA%E3%83%83%E3%82%AF%E3%82%B9" n1="%4E%4F%42%55%53%48%49" n2="%69%73%61%6B%75%79%61" n3="%E3%82%A6%E3%83%AB%E3%83%88%E3%83%A9%E7%AB%8B%E7%9B%B4" dan="16,16,17,16" rate="2078.05,2095.15,2129.31,2035.83" sx="M,M,M,M"/><TAIKYOKU oya="0"/><INIT seed="0,0,0,4,1,69" ten="250,250,250,250" oya="0" hai0="119,135,111,20,34,27,74,30,48,71,53,25,118" hai1="50,123,127,112,7,11,72,5,58,102,132,78,65" hai2="94,38,110,79,2,97,130,106,129,117,113,63,77" hai3="36,90,4,76,66,104,44,86,45,108,84,122,62"/><T87/><D74/><U46/><E123/><V32/><F2/><W75/><G104/><T109/><D71/><U60/><E112/><V85/><F32/><W61/><G75/><T82/><D135/><U22/><E132/><V41/><F63/><W43/><G108/><N who="0" m="41547" /><D27/><U31/><E127/><V80/><F110/><W105/><G105/><T24/><D24/><N who="1" m="16791" /><E72/><V81/><F113/><W8/><G122/><T18/><D18/><U92/><E78/><V52/><F106/><W124/><G124/><T115/><D34/><U116/><E11/><V121/><F121/><W26/><G26/><T37/><D37/><U134/><E116/><V40/><F117/><W1/><G66/><T3/><D3/><U55/><E134/><V114/><F114/><W126/><G126/><T29/><D29/><U14/><E14/><V16/><F16/><W89/><G76/><N who="0" m="46535" /><D115/><U83/><E83/><V54/><F38/><W91/><G84/><T73/><D73/><U64/><E64/><V95/><F85/><W59/><G86/><T120/><D120/><U6/><E6/><V23/><F97/><AGARI ba="0,0" hai="5,7,46,50,55,58,60,65,92,97,102" m="16791" machi="97" ten="30,2000,0" yaku="25,1,8,1" doraHai="69" who="1" fromWho="2" sc="250,0,250,20,250,-20,250,0" /><INIT seed="1,0,0,3,0,109" ten="250,270,230,250" oya="1" hai0="95,12,122,70,87,100,59,118,4,126,63,18,90" hai1="86,116,80,45,33,49,56,65,135,128,72,115,35" hai2="94,43,13,6,111,107,52,106,98,127,67,30,68" hai3="78,8,97,62,121,42,92,134,96,44,74,102,129"/><U50/><E72/><V125/><F111/><W38/><G121/><T26/><D118/><U79/><E116/><V47/><F30/><W124/><G124/><N who="2" m="47689" /><F67/><W0/><G129/><T60/><D126/><U3/><E128/><V48/><F68/><W114/><G134/><T131/><D131/><U117/><E117/><V15/><F43/><W27/><G97/><T55/><D122/><U71/><E71/><V51/><F51/><W2/><G62/><T20/><D70/><U119/><E119/><V75/><F75/><W105/><G27/><T53/><D100/><U93/><E135/><V113/><F113/><W82/><G92/><T9/><D55/><U83/><E3/><N who="3" m="1066" /><G8/><T84/><REACH who="0" step="1"/><D63/><REACH who="0" ten="240,270,230,250" step="2"/><U66/><E66/><V85/><F107/><W19/><G105/><T32/><D32/><U91/><E33/><V40/><F106/><W77/><G102/><T133/><D133/><U101/><E35/><V61/><F61/><W104/><G104/><T5/><D5/><U112/><E101/><N who="2" m="60631" /><F6/><W110/><G110/><T25/><D25/><U108/><E108/><V130/><F130/><W22/><G42/><T88/><D88/><U24/><E65/><V132/><F132/><W17/><G77/><T89/><D89/><U54/><E24/><V29/><F40/><W21/><G78/><T31/><D31/><U99/><E83/><V120/><F29/><W73/><G82/><T81/><D81/><U1/><E1/><V36/><F120/><W58/><G17/><T10/><D10/><U41/><AGARI ba="0,1" hai="41,45,49,50,54,56,79,80,86,91,93,99,112,115" machi="41" ten="20,7800,0" yaku="0,1,7,1,52,2" doraHai="109" who="1" fromWho="1" sc="240,-26,270,88,230,-26,250,-26" /><INIT seed="1,1,0,4,0,72" ten="214,358,204,224" oya="1" hai0="37,9,48,12,19,128,121,119,118,64,57,24,50" hai1="53,52,134,22,65,51,31,81,132,80,97,126,76" hai2="43,78,39,120,74,6,67,112,85,42,21,66,63" hai3="106,32,100,133,110,92,101,3,25,130,83,89,17"/><U41/><E126/><V135/><F120/><W117/><G3/><T99/><D37/><U86/><E65/><V71/><F74/><W123/><G32/><T40/><D121/><U94/><E81/><V68/><F6/><W4/><G4/><T115/><D115/><U58/><E41/><V56/><F21/><W96/><G123/><T34/><D128/><U1/><E1/><V47/><F112/><W61/><G106/><T7/><D118/><U107/><E107/><V5/><F5/><W11/><G130/><T23/><D119/><U62/><E22/><V26/><F26/><W8/><G110/><T93/><D40/><U36/><E31/><V2/><F2/><W20/><G133/><T28/><D57/><U10/><E10/><N who="3" m="3626" /><G117/><T125/><D64/><U129/><E36/><V105/><F105/><W29/><G61/><T122/><D122/><U45/><REACH who="1" step="1"/><E129/><REACH who="1" ten="214,348,204,224" step="2"/><V103/><F42/><W38/><G38/><T75/><D125/><U13/><E13/><V109/><F39/><W70/><G83/><T98/><D75/><U82/><E82/><V84/><F43/><W73/><G73/><T95/><D34/><U116/><E116/><V35/><F35/><W79/><G20/><T111/><D28/><U0/><E0/><V15/><F67/><W14/><G29/><T27/><D27/><U44/><E44/><V104/><F15/><W102/><G25/><T131/><D131/><U90/><AGARI ba="1,1" hai="45,51,52,53,58,62,76,80,86,90,94,97,132,134" machi="90" ten="30,11700,0" yaku="1,1,0,1,52,1,54,1,53,0" doraHai="72" doraHaiUra="114" who="1" fromWho="1" sc="214,-40,348,130,204,-40,224,-40" /><INIT seed="1,2,0,2,0,35" ten="174,478,164,184" oya="1" hai0="79,68,28,89,84,64,18,100,124,42,58,5,134" hai1="19,40,10,112,11,108,133,44,94,14,125,2,93" hai2="115,6,13,16,91,95,1,50,118,99,37,9,80" hai3="66,65,0,74,61,114,85,54,33,82,83,113,122"/><U55/><E112/><V43/><F118/><W86/><G33/><T46/><D68/><U123/><E123/><V111/><F115/><W52/><G61/><T8/><D134/><U56/><E133/><V29/><F111/><W12/><G12/><T62/><D124/><U87/><E108/><V4/><F37/><W57/><G57/><T48/><D28/><U71/><E71/><V121/><F121/><W135/><G135/><T21/><D100/><U131/><E125/><V49/><F29/><W75/><G122/><T92/><D79/><U39/><E131/><V20/><F6/><W110/><G110/><T116/><D116/><U109/><E109/><V36/><REACH who="2" step="1"/><F80/><REACH who="2" ten="174,478,154,184" step="2"/><W88/><G83/><T72/><D72/><U132/><E132/><V70/><F70/><W105/><G82/><T106/><D106/><U77/><E39/><V81/><F81/><W98/><G105/><T17/><REACH who="0" step="1"/><D21/><REACH who="0" ten="164,478,154,184" step="2"/><U107/><E107/><V69/><F69/><W24/><G75/><T53/><D53/><U120/><E55/><V101/><F101/><W127/><G74/><T34/><D34/><U38/><E120/><V130/><F130/><W15/><G127/><T30/><D30/><U51/><E77/><V41/><F41/><W63/><G114/><T119/><D119/><U60/><E40/><V59/><F59/><W32/><G113/><T26/><D26/><U102/><E56/><V126/><F126/><W128/><G54/><T117/><D117/><U45/><E102/><V23/><F23/><W90/><G52/><T22/><D22/><U78/><E78/><V47/><AGARI ba="2,2" hai="1,4,9,13,16,20,36,43,47,49,50,91,95,99" machi="47" ten="30,8000,1" yaku="1,1,5,1,0,1,52,1,54,1,53,0" doraHai="35" doraHaiUra="104" who="2" fromWho="2" sc="164,-22,478,-42,154,106,184,-22" /><INIT seed="2,0,0,5,2,90" ten="142,436,260,162" oya="2" hai0="113,89,98,127,86,133,94,75,27,118,29,55,58" hai1="110,83,23,103,15,2,71,65,77,121,81,62,69" hai2="120,35,135,17,34,57,19,21,64,7,56,12,105" hai3="128,102,37,52,112,28,0,101,70,97,49,80,3"/><V50/><F120/><W9/><G37/><T41/><D75/><U4/><E2/><V14/><F105/><W131/><G70/><T87/><D113/><U88/><E121/><V134/><F64/><W8/><G28/><T13/><D118/><U74/><E103/><V82/><F82/><W16/><G80/><T46/><D133/><U1/><E1/><V117/><F7/><W40/><G40/><T63/><D13/><U44/><E44/><V51/><REACH who="2" step="1"/><F21/><REACH who="2" ten="142,436,250,162" step="2"/><W60/><G112/><T111/><D127/><U92/><E83/><V61/><F61/><W96/><G60/><T130/><D130/><U106/><E106/><V109/><F109/><W119/><G128/><T115/><D111/><U132/><E110/><V53/><F53/><W6/><G131/><T114/><D115/><U107/><E107/><V45/><F45/><W68/><G6/><T116/><D114/><U104/><E104/><V48/><F48/><W25/><G52/><T11/><D116/><AGARI ba="0,1" hai="12,14,17,19,34,35,50,51,56,57,116,117,134,135" machi="116" ten="25,12000,1" yaku="1,1,22,2,53,2" doraHai="90" doraHaiUra="30" who="2" fromWho="0" sc="142,-120,436,0,250,130,162,0" /><INIT seed="2,1,0,2,3,91" ten="22,436,380,162" oya="2" hai0="37,126,93,44,73,78,17,81,35,95,116,67,103" hai1="50,29,51,64,1,65,129,24,115,134,104,100,57" hai2="84,11,105,30,55,120,0,112,92,19,80,32,106" hai3="34,25,23,40,13,18,52,99,47,117,124,128,43"/><V130/><F120/><W59/><G124/><T110/><D35/><U89/><E1/><V2/><F112/><W45/><G128/><T127/><D67/><U46/><E115/><V62/><F130/><W41/><G117/><T102/><D17/><U111/><E129/><V12/><F105/><W4/><G34/><T133/><D37/><U9/><E9/><V14/><F106/><W16/><G4/><T125/><D44/><U88/><E134/><V108/><F108/><W22/><G99/><T49/><D49/><AGARI ba="1,0" hai="13,16,18,22,23,25,40,41,43,45,47,49,52,59" machi="49" ten="40,5200,0" yaku="8,1,54,2" doraHai="91" who="3" fromWho="0" sc="22,-55,436,0,380,0,162,55" owari="-33,-53.0,436,53.0,380,18.0,217,-18.0" /></mjloggm>