<mjloggm ver="2.3"><GO type="97" lobby="0"/><UN n0="%34%E7%95%AA%E5%8F%A4%E6%9C%A8" n1="%E7%89%87%E5%B2%A1%E5%84%AA%E5%AD%A3" n2="%E7%A5%9E%E9%AD%94" n3="%E3%82%A6%E3%83%AB%E3%83%88%E3%83%A9%E7%AB%8B%E7%9B%B4" dan="13,15,14,15" rate="1852.50,2043.85,1891.34,1967.91" sx="F,F,F,M"/><TAIKYOKU oya="0"/><INIT seed="0,0,0,2,5,70" ten="250,250,250,250" oya="0" hai0="80,59,14,100,60,19,6,89,90,40,94,15,71" hai1="56,113,97,129,27,124,131,23,77,54,88,7,9" hai2="119,64,121,66,98,74,29,33,72,123,8,41,28" hai3="48,55,11,85,24,133,45,128,42,53,127,134,18"/><T108/><D71/><U81/><E113/><V130/><F8/><W5/><G127/><T35/><D35/><U36/><E36/><V82/><F82/><W50/><G128/><N who="1" m="49226" /><E124/><V107/><F130/><W17/><G85/><T105/><D105/><U83/><E77/><V73/><F107/><W4/><G42/><T101/><D108/><U78/><E78/><V75/><F33/><W39/><G24/><T37/><D37/><U125/><E125/><V117/><N who="2" m="18944" /><DORA hai="112" /><V67/><F98/><W63/><G63/><T92/><D40/><U16/><E9/><V21/><F21/><W22/><G22/><T91/><D6/><U47/><E47/><V61/><F61/><W104/><G104/><T46/><D46/><U0/><E7/><V62/><F62/><W10/><G45/><T49/><D49/><N who="1" m="30799" /><E0/><V44/><F44/><W86/><G86/><T102/><D80/><U135/><E135/><V12/><F12/><N who="0" m="4650" /><D19/><U3/><E3/><V26/><F26/><W76/><G76/><T79/><D79/><U31/><E31/><N who="2" m="11851" /><F41/><W132/><G132/><T120/><D120/><AGARI ba="0,0" hai="64,66,67,117,119,120,121,123" m="11851,18944" machi="120" ten="70,8000,1" yaku="28,2,52,2" doraHai="70,112" who="2" fromWho="0" sc="250,-80,250,0,250,80,250,0" /><INIT seed="1,0,0,5,0,41" ten="170,250,330,250" oya="1" hai0="90,131,103,67,80,100,113,38,17,14,35,98,135" hai1="66,85,31,6,54,5,44,69,77,116,42,37,62" hai2="76,3,123,15,99,2,91,27,108,97,87,32,51" hai3="72,11,49,118,101,24,119,1,58,61,4,82,25"/><U86/><E116/><N who="3" m="44586" /><G101/><T120/><D38/><U8/><E31/><V95/><F123/><W20/><G49/><T94/><D113/><U10/><E77/><V92/><F108/><W104/><G104/><T12/><D35/><U45/><E54/><V22/><F51/><W0/><G72/><T29/><D120/><U124/><E124/><V26/><F76/><W84/><G0/><T127/><D29/><U39/><E42/><V16/><F87/><W81/><G20/><T30/><D127/><U102/><E102/><V7/><F7/><W129/><G129/><T64/><D30/><U74/><E74/><V73/><F73/><W121/><G121/><T33/><D33/><U68/><REACH who="1" step="1"/><E62/><REACH who="1" ten="170,240,330,250" step="2"/><V71/><F32/><W65/><G82/><T63/><D63/><U96/><E96/><V23/><F99/><W125/><G125/><T107/><D98/><U88/><E88/><AGARI ba="0,1" hai="1,4,11,24,25,58,61,65,81,84,88" m="44586" machi="88" ten="30,2000,0" yaku="12,1,54,1" doraHai="41" who="3" fromWho="1" sc="170,0,240,-20,330,0,250,30" /><INIT seed="2,0,0,4,5,88" ten="170,220,330,280" oya="2" hai0="130,133,102,46,86,7,10,5,75,11,100,22,123" hai1="44,83,84,49,111,108,106,29,97,93,56,112,113" hai2="39,1,107,125,124,85,52,59,121,51,13,80,129" hai3="96,116,20,61,81,41,8,21,43,69,68,50,14"/><V30/><F39/><W45/><G116/><T115/><D75/><U47/><E106/><V27/><F1/><W16/><G68/><T91/><D115/><U94/><E29/><V9/><F107/><W19/><G43/><T17/><D123/><U60/><E83/><V32/><F129/><W6/><G81/><T128/><D133/><U66/><E84/><V73/><F73/><W35/><G35/><T55/><D10/><U15/><E97/><V12/><F121/><W31/><G69/><T62/><D128/><U48/><E15/><V58/><F58/><W118/><G118/><T131/><D130/><U42/><E112/><V34/><F34/><W122/><G122/><T33/><D131/><U90/><E90/><V18/><REACH who="2" step="1"/><F12/><REACH who="2" ten="170,220,320,280" step="2"/><W114/><G114/><T37/><D33/><U135/><E113/><V89/><AGARI ba="0,1" hai="9,13,18,27,30,32,51,52,59,80,85,89,124,125" machi="89" ten="30,11700,0" yaku="1,1,2,1,0,1,54,1,53,0" doraHai="88" doraHaiUra="64" who="2" fromWho="2" sc="170,-39,220,-39,320,127,280,-39" /><INIT seed="2,1,0,2,0,78" ten="131,181,447,241" oya="2" hai0="49,90,40,126,0,43,63,18,124,131,77,94,113" hai1="133,35,52,114,121,69,2,119,8,12,41,14,7" hai2="73,74,116,105,53,19,16,129,118,6,36,27,44" hai3="81,70,92,96,17,9,87,45,88,66,93,3,103"/><V32/><F129/><W48/><G66/><T80/><D0/><U91/><E69/><V79/><F105/><W26/><G70/><T97/><D113/><U59/><E41/><V56/><F36/><W101/><G3/><T82/><D131/><U89/><E35/><V1/><F44/><W60/><G60/><T24/><D63/><U76/><E76/><V117/><F74/><W39/><G39/><T21/><D49/><U84/><E119/><V46/><F46/><W135/><G135/><T112/><D112/><U68/><E68/><V4/><F32/><W13/><G26/><T110/><D110/><U130/><E133/><V58/><F58/><W50/><G50/><T25/><D25/><U5/><E130/><V106/><F106/><W95/><G103/><T104/><D104/><U61/><E114/><V115/><F115/><W125/><G125/><N who="0" m="48235" /><D77/><U31/><E121/><V42/><F27/><W99/><G99/><T111/><D111/><U127/><E127/><V55/><F1/><W86/><G86/><T85/><D85/><U33/><E31/><V23/><F79/><W100/><G100/><T62/><D62/><U22/><E33/><V98/><F73/><W67/><G67/><T123/><D123/><U34/><E34/><V28/><F98/><W128/><G128/><T11/><D11/><U54/><E2/><V132/><F132/><W51/><G51/><T134/><D134/><U109/><E109/><V75/><F75/><W64/><G64/><T71/><D71/><U65/><E84/><V10/><F118/><W15/><G15/><T30/><D30/><RYUUKYOKU ba="1,0" sc="131,15,181,-15,447,-15,241,15" hai0="18,21,24,40,43,80,82,90,94,97" hai3="9,13,17,45,48,81,87,88,92,93,95,96,101" /><INIT seed="3,2,0,2,3,77" ten="146,166,432,256" oya="3" hai0="59,72,110,75,129,82,23,94,99,127,95,111,85" hai1="70,80,81,114,134,87,33,20,54,56,69,19,112" hai2="26,123,49,88,28,109,76,96,133,84,22,51,5" hai3="9,3,93,39,118,130,102,52,86,34,97,8,36"/><W45/><G34/><T64/><D23/><U124/><E33/><V43/><F109/><N who="0" m="41482" /><D59/><U57/><E87/><V104/><F133/><W46/><G118/><T1/><D64/><U89/><E89/><V79/><F123/><W25/><G130/><T15/><D15/><U78/><E78/><N who="2" m="29739" /><F104/><W126/><G39/><T125/><D1/><U100/><E54/><V120/><F120/><W24/><G36/><T0/><D0/><U44/><E44/><N who="2" m="25759" /><F5/><W68/><G68/><T135/><D135/><U90/><E134/><V55/><F96/><W12/><G3/><T92/><D99/><U27/><E112/><V10/><F10/><W83/><G9/><T7/><D7/><U115/><E114/><V65/><F65/><W121/><G46/><T13/><D13/><U35/><E115/><V71/><F71/><W63/><G121/><T61/><D61/><U60/><E70/><V18/><F28/><W47/><G47/><T16/><D16/><U53/><E19/><V21/><F21/><W14/><G14/><T67/><D67/><U98/><E69/><V31/><F31/><W91/><G63/><T119/><D119/><U116/><E116/><V122/><F122/><W30/><G30/><T50/><D50/><U131/><E35/><V101/><F51/><W103/><G12/><T48/><D48/><U106/><E98/><V113/><F113/><W73/><G45/><T128/><D129/><U41/><E131/><V58/><F58/><W40/><G40/><T32/><D32/><U6/><E57/><V66/><F66/><W11/><G97/><T29/><D128/><RYUUKYOKU ba="2,0" sc="146,0,166,0,432,0,256,0" owari="146,-35.0,166,-23.0,432,52.0,256,6.0" /></mjloggm>