<mjloggm ver="2.3"><GO type="41" lobby="0"/><UN n0="%6D%61%73%61%2E" n1="%E3%81%AF%E3%82%8B%E3%81%8B%E3%81%A3%E3%81%8B%EF%BC%81" n2="%E6%88%A6%E5%9B%BD%E4%BE%8D%E3%81%A7%E3%81%99%E3%80%82" n3="%E3%82%A6%E3%83%AB%E3%83%88%E3%83%A9%E7%AB%8B%E7%9B%B4" dan="13,14,13,15" rate="1811.68,1926.70,1948.72,1991.44" sx="M,M,M,M"/><TAIKYOKU oya="0"/><INIT seed="0,0,0,1,3,114" ten="250,250,250,250" oya="0" hai0="121,9,135,90,95,47,16,49,72,79,63,55,39" hai1="57,104,22,112,18,2,60,48,14,62,134,126,84" hai2="96,7,91,107,131,26,58,98,5,118,132,42,119" hai3="6,68,44,111,66,120,8,80,133,38,87,31,92"/><T36/><D121/><U69/><E112/><V4/><F131/><W105/><G105/><T100/><D100/><U89/><E104/><V24/><F132/><W29/><G120/><T108/><D135/><U40/><E126/><V35/><F42/><W73/><G133/><T101/><D101/><U75/><E134/><V106/><F106/><W124/><G124/><T13/><D108/><U97/><E75/><V129/><F129/><W94/><G94/><T122/><D122/><U130/><E130/><V78/><F78/><W53/><G68/><T21/><D79/><U93/><E2/><V25/><F107/><W46/><G66/><T59/><D72/><U109/><E109/><V65/><F35/><W82/><G92/><T117/><D117/><N who="2" m="44554" /><F91/><W83/><G111/><T61/><D61/><AGARI ba="0,0" hai="4,5,7,24,25,26,58,61,65,96,98" m="44554" machi="61" ten="40,8000,1" yaku="12,1,52,3" doraHai="114" who="2" fromWho="0" sc="250,-80,250,0,250,80,250,0" /><INIT seed="1,0,0,0,2,132" ten="170,250,330,250" oya="1" hai0="70,81,89,41,127,86,78,5,73,120,96,11,101" hai1="46,63,20,25,59,57,13,39,52,131,35,8,47" hai2="22,72,71,43,79,48,6,16,18,90,118,44,105" hai3="100,1,134,115,24,104,76,92,62,19,55,21,74"/><U27/><E131/><V67/><F105/><W128/><G1/><T36/><D70/><U125/><E35/><V54/><F118/><W99/><G128/><T0/><D120/><U53/><E39/><V117/><F117/><W60/><G134/><T23/><D23/><U9/><E125/><V15/><F6/><W49/><G115/><T87/><D86/><U98/><E98/><V33/><F33/><W26/><G76/><T68/><D68/><U94/><E94/><V64/><F79/><W40/><G74/><T130/><D130/><U122/><E122/><V88/><F72/><W58/><G104/><T10/><D10/><U61/><E20/><N who="2" m="11295" /><F54/><W77/><G77/><T108/><D108/><U121/><E121/><V32/><F32/><W42/><G26/><T12/><D12/><AGARI ba="0,0" hai="8,9,12,13,25,27,46,47,52,53,57,59,61,63" machi="12" ten="25,9600,0" yaku="22,2,8,1,54,1" doraHai="132" who="1" fromWho="0" sc="170,-96,250,96,330,0,250,0" /><INIT seed="1,1,0,5,4,112" ten="74,346,330,250" oya="1" hai0="77,36,117,100,73,57,42,40,86,68,32,24,133" hai1="126,98,4,2,128,16,70,120,64,118,50,79,97" hai2="46,121,17,127,82,44,72,47,9,5,41,20,109" hai3="111,74,87,131,60,88,108,92,1,110,83,58,52"/><U18/><E120/><V119/><F121/><W30/><G1/><T26/><D57/><U81/><E128/><V65/><F65/><W69/><G69/><T95/><D68/><U78/><E126/><V13/><F127/><W29/><G131/><T135/><D73/><U125/><E125/><V10/><F10/><W124/><G124/><T39/><D95/><U91/><E118/><V22/><F22/><W6/><G6/><T43/><D100/><U45/><E2/><V27/><F109/><W107/><G107/><T31/><D31/><U96/><E4/><V122/><F122/><W53/><G53/><T105/><D105/><U89/><E70/><V28/><F28/><W21/><G21/><T23/><D23/><U93/><E64/><V49/><F72/><W85/><G74/><T115/><D115/><U14/><E18/><V103/><F103/><W63/><G63/><T11/><D11/><N who="1" m="6239" /><E93/><V134/><F134/><W130/><G130/><T59/><D59/><U94/><E94/><V12/><F119/><W75/><G75/><T0/><D0/><U76/><E81/><V113/><F113/><W102/><G102/><T132/><D32/><U84/><E84/><V71/><F71/><W55/><G55/><AGARI ba="1,0" hai="45,50,55,76,78,79,89,91,96,97,98" m="6239" machi="55" ten="30,2900,0" yaku="8,1,54,1" doraHai="112" who="1" fromWho="3" sc="74,0,346,32,330,0,250,-32" /><INIT seed="1,2,0,5,3,91" ten="74,378,330,218" oya="1" hai0="94,64,29,95,39,35,123,2,28,10,8,23,113" hai1="37,13,82,111,131,129,81,67,99,41,55,1,68" hai2="100,38,3,40,34,90,26,134,47,69,74,32,53" hai3="66,56,83,54,62,135,4,112,24,116,75,101,42"/><U44/><E1/><V86/><F74/><W107/><G112/><T48/><D39/><U97/><E13/><V70/><F3/><W79/><G116/><T30/><D113/><U87/><E82/><V52/><F69/><W132/><G42/><T49/><D35/><U21/><E21/><V18/><F70/><W89/><G101/><T80/><D80/><U93/><E99/><V77/><F77/><W46/><G107/><T133/><D23/><U5/><E5/><V125/><F125/><W88/><G4/><T61/><D2/><U19/><E19/><V114/><F114/><W78/><G78/><T71/><D133/><N who="3" m="51273" /><G24/><T51/><REACH who="0" step="1"/><D123/><REACH who="0" ten="64,378,330,218" step="2"/><U102/><E111/><V128/><F134/><W20/><G20/><T121/><D121/><U119/><E119/><V122/><F122/><W14/><G14/><T126/><D126/><U120/><E120/><V31/><F34/><W0/><G0/><T118/><D118/><U72/><E72/><V109/><F109/><W58/><G83/><T105/><D105/><U117/><E117/><V50/><F38/><W6/><G75/><T98/><D98/><U60/><REACH who="1" step="1"/><E55/><REACH who="1" ten="64,368,330,218" step="2"/><V110/><F110/><W124/><G54/><T16/><D16/><U9/><E9/><AGARI ba="2,2" hai="8,9,10,28,29,30,48,49,51,61,64,71,94,95" machi="9" ten="40,5200,0" yaku="1,1,52,2,53,0" doraHai="91" doraHaiUra="130" who="0" fromWho="1" sc="64,78,368,-58,330,0,218,0" /><INIT seed="2,0,0,5,0,18" ten="142,310,330,218" oya="2" hai0="100,50,83,39,15,49,1,30,58,22,31,130,81" hai1="124,19,101,0,53,6,80,32,36,51,79,107,69" hai2="72,34,54,88,128,95,33,82,87,10,38,12,89" hai3="75,103,48,114,126,119,110,123,68,118,24,85,57"/><V56/><F38/><W59/><G75/><T41/><D39/><U133/><E124/><V7/><F128/><W60/><G103/><T14/><D1/><U55/><E133/><V104/><F104/><W115/><G85/><T16/><D130/><U23/><E32/><V78/><REACH who="2" step="1"/><F89/><REACH who="2" ten="142,310,320,218" step="2"/><W97/><G126/><T76/><D100/><U65/><E36/><V5/><F5/><W94/><G119/><T20/><D76/><U62/><E107/><V113/><F113/><W52/><G118/><T99/><D99/><U27/><E101/><V46/><F46/><W112/><G115/><T98/><D98/><U77/><E77/><V3/><F3/><W17/><G114/><T26/><D41/><U64/><E0/><V25/><F25/><W102/><G112/><T63/><D31/><U29/><E6/><V42/><F42/><W125/><G125/><T61/><D61/><AGARI ba="0,1" hai="7,10,12,33,34,54,56,61,72,78,82,87,88,95" machi="61" ten="30,5800,0" yaku="1,1,7,1,54,1,53,0" doraHai="18" doraHaiUra="120" who="2" fromWho="0" sc="142,-58,310,0,320,68,218,0" /><INIT seed="2,1,0,4,3,62" ten="84,310,388,218" oya="2" hai0="74,65,23,110,15,0,81,3,91,47,36,118,4" hai1="87,101,78,58,13,39,11,51,54,33,17,102,12" hai2="38,114,77,92,35,21,22,85,6,53,93,108,82" hai3="69,42,32,117,133,1,46,131,70,73,59,7,76"/><V25/><F114/><W10/><G59/><T55/><D110/><U104/><E39/><V5/><F38/><W8/><G117/><T112/><D112/><U98/><E33/><V16/><F35/><W107/><G131/><T18/><D118/><U86/><E78/><V29/><F108/><W95/><G95/><T111/><D111/><U135/><E135/><V79/><F79/><W126/><G133/><T80/><D80/><U88/><E101/><V24/><F53/><W103/><G10/><T9/><D74/><U52/><E12/><V129/><F129/><W49/><G49/><T72/><D72/><U122/><E54/><V113/><F113/><W106/><G32/><T30/><D65/><U60/><E87/><V89/><REACH who="2" step="1"/><F93/><REACH who="2" ten="84,310,378,218" step="2"/><W26/><G76/><T125/><D125/><U14/><E122/><V96/><AGARI ba="1,1" hai="5,6,16,21,22,24,25,29,77,82,85,89,92,96" machi="96" ten="20,18000,2" yaku="1,1,2,1,0,1,7,1,8,1,54,1,53,0" doraHai="62" doraHaiUra="119" who="2" fromWho="2" sc="84,-61,310,-61,378,193,218,-61" /><INIT seed="2,2,0,3,5,127" ten="23,249,571,157" oya="2" hai0="88,69,35,84,9,50,6,5,13,68,71,55,1" hai1="75,51,83,32,66,77,91,134,36,124,16,3,116" hai2="62,2,65,34,59,135,42,115,114,38,60,26,67" hai3="100,121,47,45,40,23,98,102,82,46,106,78,63"/><V15/><F15/><W111/><G121/><T129/><D35/><U90/><E116/><V8/><F8/><W125/><G125/><T19/><D1/><U24/><E124/><V37/><F26/><W105/><G111/><T97/><D97/><U92/><E134/><V41/><F34/><W4/><G63/><T132/><D132/><U103/><E36/><V96/><F96/><W107/><G4/><T95/><D129/><U64/><E3/><V39/><F2/><W0/><G0/><T79/><D79/><U86/><E91/><V120/><F135/><W14/><G14/><T53/><D53/><U101/><E101/><V10/><F10/><W61/><G61/><T12/><D12/><U123/><E103/><V7/><F7/><W108/><G23/><T17/><D17/><U30/><E123/><V21/><F21/><W57/><G57/><T131/><D131/><U89/><E89/><V20/><F20/><W18/><G18/><T58/><AGARI ba="2,0" hai="5,6,9,13,19,50,55,58,68,69,71,84,88,95" machi="58" ten="30,2000,0" yaku="0,1,54,1" doraHai="127" who="0" fromWho="0" sc="23,26,249,-7,571,-12,157,-7" /><INIT seed="3,0,0,4,5,42" ten="49,242,559,150" oya="3" hai0="29,0,104,26,93,16,80,79,47,59,1,66,10" hai1="30,45,94,11,105,18,133,62,78,95,12,37,129" hai2="35,64,46,99,114,76,33,92,7,74,77,118,97" hai3="82,87,20,21,123,108,4,89,69,56,81,43,55"/><W22/><G69/><T110/><D104/><U116/><E133/><V5/><F114/><W90/><G123/><T19/><D110/><U115/><E129/><V75/><F92/><W39/><G108/><T14/><D93/><U98/><E116/><V67/><REACH who="2" step="1"/><F118/><REACH who="2" ten="49,242,549,150" step="2"/><W36/><G4/><T38/><D19/><U51/><E115/><V121/><F121/><W50/><G43/><T52/><D66/><U34/><E37/><V130/><F130/><W96/><G96/><T120/><D120/><U111/><E95/><V49/><F49/><W72/><G72/><T101/><D101/><U13/><E105/><V58/><F58/><W100/><G100/><T68/><D68/><U132/><E111/><V122/><F122/><W44/><REACH who="3" step="1"/><G56/><REACH who="3" ten="49,242,549,140" step="2"/><T86/><D38/><U128/><E132/><V9/><F9/><W131/><G131/><T53/><D47/><AGARI ba="0,2" hai="5,7,33,35,46,47,64,67,74,75,76,77,97,99" machi="47" ten="25,8000,1" yaku="1,1,22,2,52,2,53,0" doraHai="42" doraHaiUra="119" who="2" fromWho="0" sc="49,-80,242,0,549,100,140,0" owari="-31,-53.0,242,4.0,649,75.0,140,-26.0" /></mjloggm>