<mjloggm ver="2.3"><GO type="169" lobby="0"/><UN n0="%E6%B9%8A%E3%83%9F%E3%82%B5%E3%82%AD" n1="%E3%82%A6%E3%83%AB%E3%83%88%E3%83%A9%E7%AB%8B%E7%9B%B4" n2="%E9%AB%98%E7%94%BA%E3%83%B4%E3%82%A3%E3%83%B4%E3%82%A3%E3%82%AA%E2%98%86" n3="%E3%81%9F%E3%81%98%E3%81%BE%E3%81%AA%E3%81%BF" dan="16,17,17,17" rate="2059.80,2055.96,2148.16,2174.09" sx="F,M,F,F"/><TAIKYOKU oya="0"/><INIT seed="0,0,0,3,3,135" ten="250,250,250,250" oya="0" hai0="21,99,111,61,106,69,78,67,97,18,80,17,118" hai1="90,4,11,60,84,2,7,1,103,16,127,38,100" hai2="55,26,134,129,19,58,36,73,77,81,33,53,34" hai3="87,101,72,66,9,42,105,109,48,124,133,68,49"/><T98/><D118/><U6/><E38/><V96/><F134/><W94/><G72/><T120/><D120/><U76/><E76/><V3/><F3/><W57/><G133/><T54/><D111/><U107/><E107/><V71/><F71/><W12/><G105/><T86/><D54/><U43/><E43/><V22/><F129/><W131/><G68/><T110/><D110/><U46/><E46/><V30/><F36/><W45/><G109/><T37/><D37/><U116/><E116/><V112/><F112/><W44/><G131/><T28/><REACH who="0" step="1"/><D106/><REACH who="0" ten="240,250,250,250" step="2"/><U113/><E113/><V93/><F55/><W27/><G66/><T20/><D20/><U75/><E60/><V41/><F41/><W13/><G42/><T115/><D115/><U123/><E123/><V122/><F122/><W74/><G9/><T130/><D130/><U85/><E11/><V82/><F34/><W35/><G35/><T104/><D104/><U79/><E2/><V52/><F53/><W39/><G39/><T56/><D56/><U64/><E1/><V51/><F33/><W114/><G57/><T125/><D125/><U126/><E64/><V121/><F121/><W92/><G124/><T88/><D88/><U95/><E126/><V89/><REACH who="2" step="1"/><F82/><REACH who="2" ten="240,250,240,250" step="2"/><W40/><G114/><T128/><D128/><U5/><E127/><V24/><F24/><AGARI ba="0,2" hai="17,18,21,24,28,61,67,69,78,80,86,97,98,99" machi="24" ten="40,7700,0" yaku="1,1,53,2" doraHai="135" doraHaiUra="14" who="0" fromWho="2" sc="240,97,250,0,240,-77,250,0" /><INIT seed="0,1,0,1,3,101" ten="337,250,163,250" oya="0" hai0="95,67,127,51,112,50,98,81,109,9,114,39,85" hai1="74,117,17,79,88,115,63,42,14,113,102,61,123" hai2="99,130,78,116,90,35,30,83,26,1,46,96,76" hai3="37,126,32,135,111,19,103,52,86,119,40,84,64"/><T77/><D127/><U66/><E123/><V22/><F130/><W45/><G32/><T75/><D39/><U62/><E117/><V55/><F116/><W23/><G119/><T68/><D9/><U58/><E79/><N who="2" m="30251" /><F35/><W8/><G126/><T92/><D109/><U133/><E74/><V82/><F1/><W110/><G64/><T53/><D67/><U27/><E27/><V97/><F90/><W87/><G135/><T128/><D68/><U16/><E133/><V12/><F12/><W54/><G8/><T34/><D34/><U13/><E102/><V0/><F0/><W93/><G93/><T11/><D11/><N who="1" m="6207" /><E42/><V122/><F122/><W120/><G103/><T18/><D128/><U70/><E70/><V28/><F28/><W129/><G129/><T100/><D18/><U43/><E43/><V31/><F31/><W41/><G41/><T47/><D95/><U4/><E4/><V104/><F104/><W71/><G71/><T33/><D33/><U59/><E66/><V48/><AGARI ba="1,0" hai="22,26,30,46,48,55,82,83,96,97,99" m="30251" machi="48" ten="30,1100,0" yaku="8,1" doraHai="101" who="2" fromWho="2" sc="337,-6,250,-4,163,14,250,-4" /><INIT seed="1,0,0,5,5,63" ten="331,246,177,246" oya="1" hai0="78,92,76,38,91,45,34,57,69,116,29,107,113" hai1="90,99,9,75,43,31,135,88,134,70,89,61,21" hai2="117,133,115,102,98,52,8,20,36,59,51,23,11" hai3="124,64,65,18,0,7,67,82,108,86,41,16,123"/><U46/><E75/><V10/><F117/><W35/><G123/><T101/><D69/><U56/><E70/><V83/><F36/><W118/><G35/><T109/><D113/><U1/><E99/><V44/><F115/><W105/><G105/><T3/><D3/><U37/><E9/><V79/><F133/><W58/><G118/><T22/><D34/><U128/><E1/><V127/><F127/><W132/><G132/><N who="1" m="50730" /><E128/><V77/><F44/><W30/><G30/><T87/><D101/><U6/><E6/><V60/><F51/><W47/><G124/><T72/><D107/><U28/><E21/><V49/><F49/><N who="3" m="26863" /><G108/><T94/><D72/><U125/><E125/><V55/><F55/><AGARI ba="0,0" hai="28,31,37,43,46,55,56,61,88,89,90" m="50730" machi="55" ten="30,2900,0" yaku="20,1,54,1" doraHai="63" who="1" fromWho="2" sc="331,0,246,29,177,-29,246,0" /><INIT seed="1,1,0,2,0,110" ten="331,275,148,246" oya="1" hai0="101,105,77,74,131,59,28,17,3,6,32,106,54" hai1="68,100,99,130,56,33,135,53,82,122,29,115,65" hai2="51,8,103,76,63,0,93,85,10,104,92,88,97" hai3="18,75,124,4,96,83,35,109,69,102,66,89,126"/><U52/><E122/><V90/><F63/><W49/><G35/><T67/><D131/><U38/><E38/><V62/><F76/><W9/><G109/><T19/><D67/><U91/><E130/><V121/><F121/><W64/><G18/><T41/><D41/><U61/><E135/><V72/><F72/><W112/><G112/><T87/><D74/><U127/><E115/><V47/><F62/><W11/><G49/><T86/><D28/><U133/><E133/><V95/><F0/><W23/><G23/><T123/><D32/><U108/><E108/><V73/><F73/><W27/><G27/><T30/><D30/><U60/><E127/><N who="3" m="48682" /><G69/><T26/><D19/><U13/><E13/><V34/><F34/><W116/><G116/><T44/><D17/><U81/><E91/><V111/><F111/><W114/><G114/><T20/><D26/><U132/><E132/><V79/><F79/><N who="3" m="44543" /><G89/><T58/><D20/><U7/><E7/><V55/><REACH who="2" step="1"/><F104/><REACH who="2" ten="331,275,138,246" step="2"/><N who="3" m="63559" /><G11/><T24/><D77/><U39/><E61/><V42/><F42/><W2/><AGARI ba="1,1" hai="2,4,9,64,66" m="63559,44543,48682" machi="2" ten="30,1100,0" yaku="18,1" doraHai="110" who="3" fromWho="3" sc="331,-4,275,-6,138,-4,246,24" /><INIT seed="2,0,0,3,0,59" ten="327,269,134,270" oya="2" hai0="91,96,124,31,92,67,104,84,71,15,113,83,109" hai1="77,108,78,127,86,135,80,14,17,112,74,61,27" hai2="51,16,131,100,46,132,8,22,64,114,82,32,126" hai3="70,88,72,45,23,120,11,49,6,12,116,102,129"/><V26/><F114/><W37/><G72/><T66/><D113/><U42/><E112/><V34/><F131/><W55/><G120/><T128/><D128/><U9/><E127/><V119/><F119/><W133/><G129/><T87/><D124/><U5/><E135/><V43/><F132/><W106/><G133/><T85/><D109/><U25/><E108/><V33/><F126/><W28/><G116/><T62/><D31/><U122/><E122/><V0/><F100/><W47/><G70/><T69/><D104/><U63/><E74/><V38/><F82/><W52/><G102/><T10/><D83/><U117/><E117/><V111/><F111/><W53/><G106/><T41/><D41/><U56/><E77/><V115/><F115/><W30/><G37/><T2/><D2/><U93/><E93/><V103/><F103/><W73/><G73/><T97/><D97/><U40/><E27/><V7/><REACH who="2" step="1"/><F64/><REACH who="2" ten="327,269,124,270" step="2"/><W48/><G55/><T110/><D110/><U89/><E42/><V118/><F118/><W98/><G52/><T44/><D67/><U121/><E40/><V68/><F68/><W60/><G53/><T107/><D71/><U65/><E121/><V101/><F101/><W99/><G47/><T95/><D107/><U81/><E81/><V35/><N who="2" m="8192" /><DORA hai="21" /><V50/><AGARI ba="0,1" hai="0,7,8,16,22,26,38,43,46,50,51" m="8192" machi="50" ten="60,18000,2" yaku="1,1,4,1,0,1,52,1,54,1,53,1" doraHai="59,21" doraHaiUra="13,130" who="2" fromWho="2" sc="327,-60,269,-60,124,190,270,-60" /><INIT seed="2,1,0,2,4,27" ten="267,209,314,210" oya="2" hai0="22,43,58,73,3,82,62,51,38,84,55,101,93" hai1="19,49,60,118,130,8,69,15,28,129,99,100,41" hai2="70,125,26,95,35,39,88,61,45,126,121,34,102" hai3="59,98,57,87,50,111,29,6,63,96,13,78,52"/><V120/><F102/><W79/><G111/><T75/><D3/><U115/><E118/><V7/><F7/><W127/><G127/><N who="2" m="48649" /><F61/><W17/><G6/><T54/><D38/><U114/><E60/><V44/><F70/><W11/><G29/><T133/><D43/><U85/><E69/><V20/><F39/><W47/><G59/><T40/><D40/><U109/><E49/><V42/><F35/><W18/><G18/><T0/><D0/><U5/><E41/><V56/><F56/><W89/><G79/><T25/><D133/><U112/><E109/><V124/><F34/><W64/><REACH who="3" step="1"/><G78/><REACH who="3" ten="267,209,314,200" step="2"/><T77/><D77/><U76/><E5/><V74/><F124/><W2/><G2/><T68/><D68/><U110/><E110/><V36/><F45/><W66/><G66/><T32/><D58/><U134/><E134/><V108/><F108/><W48/><G48/><T113/><D51/><U65/><E65/><V122/><F122/><W91/><G91/><T24/><D62/><U119/><E76/><V94/><F74/><W132/><G132/><T103/><D75/><U128/><E28/><N who="2" m="17479" /><F95/><AGARI ba="1,1" hai="11,13,17,47,50,52,57,63,64,87,89,95,96,98" machi="95" ten="30,7700,0" yaku="1,1,7,1,8,1,54,1,53,0" doraHai="27" doraHaiUra="105" who="3" fromWho="2" sc="267,0,209,0,314,-80,200,90" /><INIT seed="3,0,0,5,1,45" ten="267,209,234,290" oya="3" hai0="38,71,32,26,95,13,124,109,105,59,90,108,70" hai1="104,63,102,111,40,30,110,3,11,51,94,28,81" hai2="106,50,31,80,5,0,35,41,97,131,62,25,65" hai3="20,34,129,7,33,24,53,66,47,76,23,92,77"/><W74/><G129/><T100/><D38/><U115/><E104/><V69/><F131/><W103/><G66/><T78/><D78/><U127/><E115/><V68/><F68/><W85/><G7/><T72/><D72/><U36/><E36/><V123/><F123/><W9/><G9/><T126/><D100/><U37/><E37/><V117/><F117/><W27/><G74/><T14/><D105/><U12/><E3/><V46/><F80/><W6/><G6/><T39/><D39/><U19/><E127/><N who="0" m="48681" /><D59/><U57/><E81/><V1/><REACH who="2" step="1"/><F5/><REACH who="2" ten="267,209,224,290" step="2"/><W88/><G34/><T42/><D71/><U121/><E121/><V122/><F122/><W128/><G33/><T58/><D70/><U43/><E111/><V29/><F29/><W61/><G128/><T113/><D113/><U87/><E30/><V101/><AGARI ba="0,1" hai="0,1,25,31,35,41,46,50,62,65,69,97,101,106" machi="101" ten="30,12000,2" yaku="1,1,0,1,25,2,52,1,53,1" doraHai="45" doraHaiUra="21" who="2" fromWho="2" sc="267,-30,209,-30,224,130,290,-60" /><INIT seed="4,0,0,3,0,103" ten="237,179,354,230" oya="0" hai0="75,93,2,8,120,18,40,14,106,99,54,55,20" hai1="119,87,98,129,19,122,101,100,15,53,134,110,111" hai2="67,91,65,44,7,27,16,49,17,71,109,50,22" hai3="64,63,115,35,56,66,36,112,28,26,76,88,31"/><T0/><D75/><U13/><E122/><V21/><F109/><W131/><G36/><T94/><D120/><U46/><E119/><V78/><F7/><W79/><G131/><T132/><D40/><U62/><E129/><V126/><F126/><W47/><G31/><T39/><D39/><U97/><E134/><V30/><F78/><W10/><G47/><T5/><D132/><U9/><E87/><V51/><F71/><W124/><G124/><T37/><D37/><U73/><E73/><V6/><F6/><W133/><G133/><T113/><D113/><U84/><E84/><V72/><F72/><W3/><G64/><N who="2" m="24649" /><F91/><W80/><G3/><T45/><D0/><U42/><E15/><N who="2" m="9375" /><F17/><W117/><G10/><T128/><D128/><U32/><E32/><V96/><F96/><W95/><G117/><T57/><D45/><AGARI ba="0,0" hai="22,27,30,44,45,49,50,51" m="9375,24649" machi="45" ten="30,2000,0" yaku="8,1,54,1" doraHai="103" who="2" fromWho="0" sc="237,-20,179,0,354,20,230,0" /><INIT seed="5,0,0,0,5,103" ten="217,179,374,230" oya="1" hai0="91,107,101,93,30,59,46,132,79,53,51,4,111" hai1="42,32,5,125,31,47,127,12,94,116,6,126,55" hai2="131,108,98,72,13,26,22,8,19,130,65,81,21" hai3="27,2,40,39,41,16,105,135,44,34,84,9,67"/><U63/><E116/><V74/><F108/><W80/><G135/><T15/><D111/><U85/><E31/><N who="2" m="17871" /><F65/><W97/><G41/><T102/><D30/><U50/><E32/><V20/><F98/><W115/><G115/><T49/><D79/><U99/><E85/><V110/><F110/><W48/><G67/><T75/><D75/><U45/><E12/><V60/><F60/><W134/><G134/><T86/><D132/><U29/><E29/><V123/><F123/><W62/><G62/><T73/><D73/><U78/><E78/><V119/><F119/><W61/><G61/><T104/><D102/><U95/><E63/><V38/><F38/><W77/><G34/><T3/><D101/><N who="1" m="60663" /><E95/><V36/><F36/><AGARI ba="0,0" hai="5,6,36,42,45,47,50,55,125,126,127" m="60663" machi="36" ten="30,1500,0" yaku="18,1" doraHai="103" who="1" fromWho="2" sc="217,0,179,15,374,-15,230,0" /><INIT seed="5,1,0,1,5,80" ten="217,194,359,230" oya="1" hai0="126,68,91,60,23,16,4,3,102,133,46,116,19" hai1="132,57,15,26,14,17,56,94,67,112,8,74,33" hai2="27,90,114,81,131,93,89,28,25,118,122,7,22" hai3="129,123,101,109,21,120,20,29,34,37,61,115,6"/><U44/><E74/><V1/><F118/><W49/><G37/><T75/><D116/><U24/><E132/><V71/><F122/><W73/><G109/><T35/><D35/><U40/><E112/><V66/><F114/><W110/><G110/><T31/><D133/><U42/><E33/><V39/><F39/><W113/><G73/><T36/><D75/><U12/><E8/><V2/><F7/><W13/><G101/><T117/><D102/><U43/><E44/><V98/><F131/><W99/><G99/><T128/><D128/><U59/><E17/><V48/><F48/><W55/><G61/><T45/><D117/><U11/><E11/><V47/><F47/><W38/><G38/><T51/><D126/><U18/><E18/><V53/><F53/><W111/><G129/><T63/><D31/><U135/><E135/><V77/><F27/><N who="3" m="18751" /><G111/><T10/><D36/><U95/><E67/><V97/><F66/><W124/><G124/><T82/><D19/><U58/><N who="1" m="14336" /><DORA hai="106" /><U32/><REACH who="1" step="1"/><E32/><REACH who="1" ten="217,184,359,230" step="2"/><V76/><F71/><W107/><G113/><T41/><D68/><U83/><E83/><V134/><F134/><W86/><G115/><T108/><D46/><U65/><E65/><V72/><F2/><W88/><G120/><T5/><D108/><U125/><E125/><V100/><F1/><W104/><G123/><T79/><D5/><U78/><E78/><V54/><F77/><W92/><G6/><T105/><D79/><U87/><E87/><V52/><F54/><W121/><G121/><T127/><D127/><U62/><E62/><V70/><F52/><RYUUKYOKU ba="1,1" sc="217,-10,184,30,359,-10,230,-10" hai1="12,14,15,24,26,40,42,43,94,95" /><INIT seed="5,2,1,1,5,80" ten="207,214,349,220" oya="1" hai0="114,21,84,76,72,68,28,53,46,9,97,100,81" hai1="115,123,65,25,20,108,109,44,54,12,67,106,107" hai2="10,34,11,60,99,24,6,96,57,50,121,133,7" hai3="128,82,32,124,49,22,38,78,134,74,48,0,79"/><U88/><E12/><V119/><F121/><W3/><G32/><T45/><D68/><U31/><E123/><V55/><F119/><W19/><G38/><T113/><D72/><U102/><E102/><V85/><F133/><W71/><G71/><T59/><D9/><N who="2" m="3082" /><F24/><W125/><G134/><T40/><D21/><U29/><E115/><N who="0" m="44041" /><D28/><U62/><E31/><V69/><F69/><W58/><G79/><T131/><D40/><U90/><E106/><V1/><F85/><W61/><G128/><T122/><D122/><U135/><E107/><V26/><F26/><W112/><G112/><T105/><D131/><U39/><E135/><V70/><F70/><W92/><G92/><T94/><D94/><U126/><E126/><N who="3" m="48746" /><G3/><T13/><D13/><U117/><E117/><V36/><F36/><W87/><G74/><T52/><D53/><U8/><E8/><V41/><F34/><W16/><G0/><T66/><D66/><N who="1" m="25099" /><E39/><V30/><F30/><W14/><G19/><T95/><D105/><U98/><E108/><V93/><F1/><W101/><G101/><T42/><D42/><U56/><E109/><V127/><F127/><W129/><G129/><T91/><D100/><U15/><E15/><V27/><F27/><W51/><G58/><T83/><D83/><U130/><E130/><V4/><F93/><W35/><G35/><T43/><D43/><U64/><E98/><N who="2" m="37419" /><F41/><W118/><G118/><T110/><D110/><U132/><E132/><V63/><AGARI ba="2,1" hai="4,6,7,50,55,57,60,63" m="37419,3082" machi="63" ten="40,1500,0" yaku="8,1" doraHai="80" who="2" fromWho="2" sc="207,-6,214,-9,349,31,220,-6" /><INIT seed="6,0,0,2,5,91" ten="201,205,380,214" oya="2" hai0="77,118,56,55,90,40,46,22,54,57,10,112,82" hai1="96,101,114,83,104,85,60,94,88,108,87,62,41" hai2="120,52,18,116,28,51,70,23,20,66,81,92,69" hai3="105,80,29,115,106,24,84,16,39,31,14,53,13"/><V44/><F116/><W30/><G39/><T102/><D118/><U27/><E108/><V131/><F120/><W32/><G32/><T59/><D112/><U65/><E114/><V47/><F81/><W36/><G36/><T7/><D102/><U37/><E41/><V49/><F131/><W0/><G0/><T72/><D22/><U50/><E37/><V73/><F73/><W111/><G111/><T93/><D40/><U109/><E109/><V45/><F92/><W35/><G35/><T48/><D55/><U43/><E65/><V3/><F3/><W68/><G68/><T98/><D46/><U33/><E33/><V79/><F79/><W132/><G115/><T9/><D9/><U17/><E50/><V25/><F66/><W100/><G132/><T67/><D67/><U6/><E6/><V1/><F1/><AGARI ba="0,0" hai="1,7,10,48,54,56,57,59,72,77,82,90,93,98" machi="1" ten="30,2000,0" yaku="7,1,52,1" doraHai="91" who="0" fromWho="2" sc="201,20,205,0,380,-20,214,0" /><INIT seed="7,0,0,1,1,45" ten="221,205,360,214" oya="3" hai0="13,50,118,21,107,64,30,4,83,22,102,114,80" hai1="16,75,6,41,10,61,11,2,91,87,74,84,37" hai2="28,77,131,1,125,39,47,79,94,52,97,46,58" hai3="111,99,8,18,72,110,82,66,67,17,76,103,38"/><W5/><G38/><T130/><D50/><U96/><E87/><V55/><F1/><W73/><G73/><T26/><D64/><N who="3" m="24617" /><G5/><T89/><D102/><U112/><E112/><V133/><F39/><W129/><G8/><T42/><D22/><U20/><E61/><N who="2" m="36039" /><F133/><W24/><G24/><T86/><D26/><U27/><E37/><V59/><F131/><W108/><G129/><T124/><D130/><U68/><E68/><V7/><F125/><W128/><G128/><T60/><D124/><U19/><E41/><V122/><F122/><W31/><G31/><T117/><D42/><U93/><E96/><V48/><F7/><W54/><G54/><T134/><D30/><U49/><REACH who="1" step="1"/><E49/><REACH who="1" ten="221,195,360,214" step="2"/><N who="2" m="31215" /><F77/><W71/><G71/><T70/><D70/><U56/><E56/><V51/><F79/><W32/><G32/><T90/><D114/><U104/><E104/><AGARI ba="0,1" hai="17,18,72,76,82,99,103,104,108,110,111" m="24617" machi="104" ten="30,1500,0" yaku="10,1" doraHai="45" who="3" fromWho="1" sc="221,0,195,-15,360,0,214,25" /><INIT seed="7,1,0,3,2,25" ten="221,180,360,239" oya="3" hai0="122,93,131,10,95,42,63,135,83,84,123,9,51" hai1="12,73,120,72,89,56,98,106,61,66,23,24,41" hai2="80,128,16,5,39,19,82,17,86,49,45,35,71" hai3="77,64,115,76,130,68,113,132,1,32,8,15,108"/><W50/><G130/><T100/><D135/><U6/><E120/><V87/><F35/><W133/><G1/><T129/><D63/><U111/><E111/><V110/><F39/><W21/><G32/><T127/><D127/><U114/><E114/><N who="3" m="43530" /><G108/><T26/><D26/><U18/><E41/><N who="2" m="24751" /><F71/><W22/><G50/><T53/><D42/><U96/><E106/><V90/><F110/><W75/><G64/><T74/><D74/><U4/><E73/><V29/><F128/><W107/><G68/><T117/><D117/><U97/><E72/><V31/><F5/><N who="3" m="3471" /><G107/><T103/><D51/><U36/><E36/><V134/><F134/><N who="3" m="51819" /><G75/><T126/><D131/><U91/><E4/><V52/><F52/><W11/><G11/><T48/><D53/><U124/><E124/><V125/><F125/><W38/><G38/><T85/><D48/><U102/><E102/><V13/><F13/><W104/><G104/><T94/><D126/><U70/><E70/><V119/><F119/><W57/><G57/><T112/><D129/><U27/><E27/><V33/><F33/><W69/><G69/><T62/><D112/><U88/><E6/><V105/><F105/><W3/><G3/><T47/><D122/><U116/><E116/><V59/><F59/><W44/><G44/><T14/><D47/><U58/><E58/><V43/><F43/><W34/><G34/><T121/><D123/><U20/><E97/><V55/><F55/><W109/><G109/><T30/><D121/><U67/><E67/><V101/><F101/><W46/><G46/><T65/><D103/><U2/><E2/><RYUUKYOKU ba="1,0" sc="221,-30,180,10,360,10,239,10" hai1="12,18,20,23,24,56,61,66,88,89,91,96,98" hai2="16,17,19,29,31,80,82,86,87,90" hai3="21,22,76,77" /><INIT seed="7,2,0,0,3,53" ten="191,190,370,249" oya="3" hai0="80,52,113,50,83,111,51,89,8,95,70,94,38" hai1="26,60,15,10,66,20,40,0,110,96,74,14,23" hai2="64,55,11,100,6,4,42,71,125,103,7,135,28" hai3="12,36,69,98,35,106,82,78,41,118,91,18,48"/><W21/><G35/><T67/><D38/><U16/><E74/><V30/><F42/><W44/><G69/><T126/><D111/><U124/><E0/><V43/><F43/><W56/><G118/><T79/><D126/><U123/><E124/><V39/><F39/><W84/><G106/><T34/><D34/><U109/><E40/><V33/><F125/><W76/><G98/><T128/><D128/><U105/><E123/><V3/><F135/><W9/><G36/><T19/><D113/><U85/><E85/><V114/><F114/><W45/><G45/><T132/><D132/><U129/><E129/><V47/><F64/><W115/><G115/><T72/><D67/><U62/><E62/><V101/><F71/><W61/><REACH who="3" step="1"/><G9/><REACH who="3" ten="191,190,370,239" step="2"/><T37/><D70/><U73/><E96/><V108/><F33/><W131/><G131/><T2/><D37/><U63/><E105/><V116/><F116/><W119/><G119/><T93/><D8/><U46/><E46/><V68/><F68/><W22/><G22/><T121/><D121/><U107/><E107/><V88/><F11/><W122/><G122/><T130/><D130/><U102/><E110/><V75/><F108/><W49/><G49/><T112/><D50/><U77/><E109/><V54/><F47/><W57/><G57/><T81/><D51/><U86/><E10/><V58/><F58/><W29/><G29/><T97/><D97/><U32/><E23/><V87/><F30/><W120/><G120/><T25/><D112/><U24/><E20/><V134/><F28/><W13/><G13/><T90/><D2/><RYUUKYOKU ba="2,1" sc="191,-10,190,-10,370,-10,239,30" hai3="12,18,21,41,44,48,56,61,76,78,82,84,91" /><INIT seed="7,3,1,0,3,129" ten="181,180,360,269" oya="3" hai0="61,82,124,22,120,71,7,110,10,35,25,31,117" hai1="95,68,102,64,94,32,44,11,73,128,41,80,26" hai2="108,83,107,13,76,134,46,116,48,42,125,58,92" hai3="34,53,118,8,126,62,109,29,0,119,55,99,6"/><W98/><G126/><T3/><D110/><U47/><E68/><V72/><F108/><W123/><G123/><T69/><D124/><U30/><E128/><V17/><F134/><W104/><G109/><T111/><D111/><U84/><E73/><V127/><F107/><W101/><G99/><T23/><D117/><U12/><E64/><V21/><F116/><W132/><G29/><T67/><D120/><U19/><E102/><V96/><REACH who="2" step="1"/><F58/><REACH who="2" ten="181,180,350,269" step="2"/><W115/><G132/><T88/><D71/><U28/><E28/><V57/><F57/><W39/><G118/><T24/><D31/><U33/><E33/><V114/><F114/><W59/><G34/><T113/><D35/><U56/><E56/><V36/><F36/><W4/><G39/><T79/><D69/><U63/><E63/><V133/><F133/><W66/><G115/><T14/><D61/><U90/><E44/><V121/><F121/><W38/><G38/><AGARI ba="3,2" hai="11,12,19,26,30,32,38,41,47,80,84,90,94,95" machi="38" ten="30,1000,0" yaku="7,1" doraHai="129" who="1" fromWho="3" sc="181,0,180,39,350,0,269,-19" owari="181,-32.0,219,-18.0,350,45.0,250,5.0" /></mjloggm>