<mjloggm ver="2.3"><GO type="41" lobby="0"/><UN n0="%54%61%6D%6F%32" n1="%E9%A0%AD%E3%81%AE%E4%B8%AD" n2="%E3%82%A6%E3%83%AB%E3%83%88%E3%83%A9%E7%AB%8B%E7%9B%B4" n3="%31%30%30%31" dan="13,14,16,14" rate="1872.08,1952.61,2017.48,1921.60" sx="M,M,M,M"/><TAIKYOKU oya="0"/><INIT seed="0,0,0,3,0,33" ten="250,250,250,250" oya="0" hai0="108,130,127,123,125,122,66,124,89,78,16,86,48" hai1="7,62,117,18,98,93,31,105,104,26,4,24,11" hai2="8,133,77,115,70,23,38,64,61,12,94,35,99" hai3="134,28,126,58,100,111,76,113,0,52,3,71,34"/><T82/><D66/><U96/><E117/><V107/><F115/><W49/><G113/><T13/><D48/><U17/><E62/><V6/><F133/><W88/><G100/><T2/><D2/><U47/><E47/><V60/><F107/><W83/><G71/><T51/><D130/><U81/><E81/><V87/><F35/><W30/><G134/><T57/><D108/><U109/><E109/><V85/><F38/><W116/><G111/><T119/><D119/><U79/><E79/><V42/><F42/><W95/><G116/><T15/><D15/><U101/><E101/><V50/><F77/><W72/><G126/><T55/><REACH who="0" step="1"/><D78/><REACH who="0" ten="240,250,250,250" step="2"/><U37/><E37/><V90/><F50/><W19/><G19/><T56/><D56/><U63/><E63/><V68/><F61/><W112/><G112/><T129/><D129/><U84/><E26/><V131/><F131/><W67/><G67/><T121/><D121/><U54/><E24/><V91/><F70/><W97/><REACH who="3" step="1"/><G34/><REACH who="3" ten="240,250,250,240" step="2"/><T53/><D53/><U43/><E54/><V120/><F120/><W22/><G22/><AGARI ba="0,2" hai="13,16,22,51,55,57,82,86,89,122,123,124,125,127" machi="22" ten="40,7700,0" yaku="1,1,18,1,54,1,53,0" doraHai="33" doraHaiUra="59" who="0" fromWho="3" sc="240,97,250,0,250,0,240,-77" /><INIT seed="0,1,0,4,5,63" ten="337,250,250,163" oya="0" hai0="59,112,11,118,19,35,51,48,65,134,42,85,75" hai1="73,123,50,44,113,25,104,27,60,5,52,88,62" hai2="82,20,29,40,45,47,68,91,71,6,132,36,79" hai3="17,4,54,115,0,10,108,23,16,56,22,83,3"/><T32/><D75/><U92/><E123/><V101/><F132/><W130/><G83/><T30/><D118/><U125/><E73/><V126/><F126/><W122/><G56/><T2/><D112/><U53/><E104/><V21/><F101/><W120/><G54/><T43/><D134/><U110/><E125/><V15/><F91/><W99/><G99/><T131/><D35/><U66/><E113/><V74/><F47/><W41/><G41/><N who="0" m="15371" /><D32/><U127/><E127/><V38/><F38/><W109/><G115/><T39/><D30/><U77/><E77/><V70/><F29/><W46/><G46/><T12/><D2/><U94/><E94/><V1/><REACH who="2" step="1"/><F15/><REACH who="2" ten="337,250,240,163" step="2"/><N who="3" m="9503" /><G130/><T90/><D131/><U117/><E110/><N who="3" m="42602" /><G0/><T105/><D39/><U34/><E117/><V129/><F129/><W18/><G18/><T81/><D105/><U116/><E5/><V124/><F124/><W135/><G135/><T100/><D100/><U76/><E116/><V95/><F95/><W121/><G121/><T86/><D85/><N who="1" m="52239" /><E76/><V57/><F57/><W80/><G80/><T8/><D8/><AGARI ba="1,1" hai="1,6,8,20,21,36,40,45,68,70,71,74,79,82" machi="8" ten="40,5200,0" yaku="1,1,25,2,53,0" doraHai="63" doraHaiUra="28" who="2" fromWho="0" sc="337,-55,250,0,240,65,163,0" /><INIT seed="1,0,0,5,5,82" ten="282,250,305,163" oya="1" hai0="30,67,60,9,33,11,1,126,96,73,68,19,117" hai1="27,77,89,85,47,48,108,39,110,92,91,132,32" hai2="61,72,29,125,121,59,74,12,66,129,97,83,64" hai3="5,35,49,55,42,51,84,130,128,107,46,38,93"/><U100/><E39/><V57/><F121/><W28/><G107/><T8/><D117/><U120/><E120/><V23/><F125/><W71/><G5/><T133/><D126/><U98/><E32/><V31/><F129/><W78/><G71/><T18/><D73/><U0/><E0/><V56/><F97/><W134/><G28/><T115/><D133/><U50/><E27/><V86/><F74/><W114/><G35/><T79/><D115/><U88/><E132/><V3/><F72/><W54/><G134/><T87/><D1/><U70/><E70/><V10/><F3/><W36/><G114/><T53/><D96/><U124/><E124/><V109/><F109/><N who="1" m="42089" /><E47/><V112/><F112/><W4/><G4/><T116/><D116/><U40/><E40/><V102/><F102/><W123/><G123/><T63/><D33/><U15/><E15/><V45/><F45/><W37/><G42/><T127/><D30/><N who="2" m="11274" /><F23/><W58/><REACH who="3" step="1"/><G93/><REACH who="3" ten="282,250,305,153" step="2"/><T119/><D119/><U76/><E77/><N who="2" m="46447" /><F66/><W24/><G24/><T41/><D127/><U135/><E135/><V6/><AGARI ba="0,1" hai="6,10,12,56,57,59,61,64" m="46447,11274" machi="6" ten="30,2000,0" yaku="8,1,52,1" doraHai="82" who="2" fromWho="2" sc="282,-5,250,-10,305,30,153,-5" /><INIT seed="2,0,0,3,0,125" ten="277,240,335,148" oya="2" hai0="47,89,108,58,59,105,57,4,0,43,50,90,70" hai1="17,72,117,121,18,7,76,35,25,131,65,132,110" hai2="19,104,6,80,99,30,11,85,34,52,114,44,97" hai3="63,123,118,1,8,37,22,77,36,41,82,134,111"/><V107/><F114/><W33/><G123/><T112/><D105/><U39/><E65/><V69/><F69/><W92/><G118/><T64/><D112/><U20/><E76/><V115/><F115/><W60/><G33/><T42/><D108/><U120/><E7/><V26/><F104/><W21/><G134/><T127/><D127/><U91/><E91/><N who="0" m="34825" /><D0/><U86/><E86/><V96/><F19/><W15/><G92/><T3/><D3/><U2/><E25/><V16/><F107/><W51/><G111/><T24/><D4/><U106/><E20/><V93/><F6/><W48/><G1/><T84/><D70/><U10/><E10/><V71/><F71/><W116/><G116/><T12/><D12/><U113/><E17/><V119/><F119/><W31/><G37/><T27/><D84/><U54/><E54/><V109/><F109/><W13/><G36/><T88/><N who="0" m="34833" /><T55/><DORA hai="126" /><D42/><U14/><E106/><V46/><F96/><W5/><G48/><N who="0" m="26751" /><D58/><U74/><E39/><V124/><F85/><N who="3" m="48335" /><G15/><T32/><D32/><U87/><E2/><V38/><F34/><W9/><G9/><T133/><D133/><U101/><E110/><V100/><F11/><W79/><G79/><T98/><D98/><U62/><E113/><V122/><F99/><W94/><G94/><T29/><D29/><U128/><E117/><V28/><F28/><W135/><G135/><T81/><D81/><U103/><E132/><V45/><F30/><W66/><G31/><T53/><D64/><U56/><E35/><V129/><F124/><W67/><G67/><RYUUKYOKU ba="0,0" sc="277,30,240,-10,335,-10,148,-10" hai0="24,27,50,53,55,57,59" /><INIT seed="3,1,0,5,1,54" ten="307,230,325,138" oya="3" hai0="44,34,99,69,61,102,120,60,57,19,80,49,101" hai1="66,10,23,86,18,93,106,47,74,79,134,73,94" hai2="88,78,4,132,117,37,3,110,50,64,104,116,13" hai3="25,39,41,72,14,48,124,75,33,52,128,26,130"/><W22/><G33/><T42/><D120/><U71/><E106/><V36/><F104/><W121/><G121/><T92/><D34/><U12/><E47/><V15/><F78/><W90/><G124/><T62/><D80/><U85/><E71/><V38/><F4/><W97/><G41/><T91/><D69/><U27/><E66/><V24/><F3/><W5/><G39/><T63/><REACH who="0" step="1"/><D19/><REACH who="0" ten="297,230,325,138" step="2"/><U105/><E18/><V7/><F116/><W111/><G111/><T98/><D98/><U0/><E105/><V84/><F117/><W96/><G5/><T9/><D9/><U65/><E10/><V20/><F110/><W95/><G96/><T76/><D76/><U82/><E79/><V122/><F7/><W115/><G115/><T77/><D77/><U119/><E82/><V67/><F122/><W68/><G68/><T43/><D43/><U11/><E119/><V112/><F112/><W6/><G6/><T118/><D118/><U131/><E11/><V28/><F38/><W87/><G14/><T133/><D133/><U17/><E12/><V31/><F37/><W46/><G26/><T126/><D126/><U135/><E17/><V114/><F36/><W127/><G127/><T56/><D56/><U123/><E27/><V125/><F125/><W70/><G70/><T51/><D51/><U45/><E123/><V113/><F50/><W59/><G46/><T81/><D81/><U8/><E45/><V21/><F24/><W58/><G58/><T29/><D29/><U16/><E134/><V1/><F132/><W32/><G32/><T109/><D109/><RYUUKYOKU ba="1,1" sc="297,30,230,-10,325,-10,138,-10" hai0="42,44,49,57,60,61,62,63,91,92,99,101,102" /><INIT seed="4,2,1,4,4,77" ten="327,220,315,128" oya="0" hai0="123,86,69,21,18,15,57,52,62,39,64,54,0" hai1="115,41,134,22,29,102,131,43,28,124,8,13,100" hai2="130,53,70,89,126,48,26,24,17,4,1,34,101" hai3="46,82,58,27,36,12,99,113,84,107,66,96,10"/><T90/><D123/><U44/><E124/><V63/><F126/><W110/><G110/><T16/><D39/><U128/><E43/><V108/><F108/><W51/><G36/><T45/><D0/><U37/><E22/><V20/><F130/><N who="1" m="49705" /><E134/><V9/><F101/><N who="1" m="39017" /><E115/><V35/><F26/><W112/><G27/><N who="0" m="14759" /><D69/><U55/><E55/><V74/><F74/><W59/><G107/><T80/><D45/><U92/><E92/><V47/><F70/><W97/><G66/><T23/><AGARI ba="2,1" hai="15,18,23,52,54,57,62,64,80,86,90" m="14759" machi="23" ten="30,11700,0" yaku="8,1,52,1,54,2" doraHai="77" who="0" fromWho="0" sc="327,133,220,-41,315,-41,128,-41" /><INIT seed="4,3,0,1,5,33" ten="460,179,274,87" oya="0" hai0="51,36,106,113,111,103,107,78,120,80,75,95,58" hai1="35,114,101,70,102,37,24,117,19,127,68,94,126" hai2="53,65,69,109,90,11,16,52,2,20,105,63,85" hai3="66,110,96,99,118,128,135,61,40,10,54,59,55"/><T28/><D36/><U25/><E37/><V41/><F105/><N who="0" m="39946" /><D28/><U3/><E117/><V9/><F41/><W34/><G118/><T0/><D51/><U7/><E35/><V119/><F119/><W13/><G34/><T76/><D58/><U42/><E42/><V131/><F109/><W8/><G135/><T12/><D12/><U4/><E94/><V92/><F131/><W31/><G110/><T108/><D0/><U72/><E72/><V89/><F89/><W115/><G128/><T79/><D120/><U87/><E87/><V32/><F32/><W57/><G115/><T14/><D14/><U26/><E19/><V64/><F64/><W133/><G31/><T5/><D5/><U116/><E116/><V82/><F92/><W71/><G133/><T60/><D60/><U38/><E38/><V129/><F129/><W123/><G123/><T77/><D113/><U74/><E74/><V100/><F100/><W83/><G83/><T125/><D125/><U17/><E17/><V44/><F44/><W97/><G40/><T39/><D39/><U73/><E73/><V30/><F30/><W15/><G71/><T104/><D104/><U91/><E114/><V18/><F18/><W6/><REACH who="3" step="1"/><G59/><REACH who="3" ten="460,179,274,77" step="2"/><T45/><D45/><U48/><E70/><V134/><F134/><W112/><G112/><T122/><D122/><U88/><E68/><V23/><F69/><W50/><G50/><T121/><D121/><U43/><E48/><V49/><F49/><W132/><G132/><T86/><D75/><U1/><E43/><V84/><F63/><W47/><G47/><RYUUKYOKU ba="3,1" sc="460,15,179,-15,274,-15,77,15" hai0="76,77,78,79,80,86,95,103,108,111" hai3="6,8,10,13,15,54,55,57,61,66,96,97,99" /><INIT seed="4,4,1,1,4,108" ten="475,164,259,92" oya="0" hai0="82,6,10,24,105,8,70,128,91,36,73,60,126" hai1="72,98,122,80,30,100,74,101,107,2,32,90,115" hai2="39,106,119,45,12,104,4,93,5,52,118,22,27" hai3="55,63,124,79,13,38,92,87,56,83,111,66,67"/><T41/><D105/><N who="2" m="40554" /><F12/><W3/><G3/><T28/><D128/><U75/><E122/><V77/><F93/><W23/><G38/><T127/><D91/><U69/><E101/><V51/><F77/><W25/><G124/><N who="0" m="47659" /><D82/><U125/><E125/><V95/><F95/><W102/><G111/><T71/><D73/><U50/><E50/><V34/><F34/><W64/><G13/><N who="0" m="5271" /><D10/><U59/><E59/><V94/><F94/><W85/><G85/><T86/><D86/><U96/><E69/><V109/><F39/><W53/><G53/><T43/><D36/><U129/><E2/><V89/><F89/><W78/><G78/><T65/><D71/><U18/><E18/><N who="2" m="12759" /><F109/><W35/><G35/><AGARI ba="4,1" hai="24,28,35,41,43,60,65,70" m="5271,47659" machi="35" ten="30,1500,0" yaku="18,1" doraHai="108" who="0" fromWho="3" sc="475,37,164,0,259,0,92,-27" /><INIT seed="4,5,0,1,3,83" ten="512,164,259,65" oya="0" hai0="29,32,24,36,15,89,25,73,18,101,106,110,1" hai1="2,133,37,81,3,38,19,134,128,33,97,64,8" hai2="59,34,116,31,126,61,45,47,82,132,95,60,75" hai3="94,63,30,48,58,98,115,127,131,23,111,93,123"/><T40/><D110/><U120/><E33/><V57/><F116/><W100/><G123/><T92/><D73/><U5/><E120/><V88/><F31/><W80/><G111/><T56/><D1/><U119/><E119/><V125/><F34/><W109/><G109/><T53/><D106/><U74/><E64/><V26/><F26/><W67/><G131/><T22/><D101/><U96/><E19/><V77/><F132/><W118/><G118/><T42/><D36/><U99/><E3/><V90/><F90/><W104/><G115/><T84/><REACH who="0" step="1"/><D24/><REACH who="0" ten="502,164,259,65" step="2"/><U52/><E74/><V51/><F75/><W70/><G127/><T28/><D28/><U103/><E2/><V102/><F102/><W43/><G80/><T65/><D65/><U121/><E81/><V50/><F82/><W135/><G135/><T35/><D35/><U114/><E103/><V86/><F77/><W6/><G6/><T44/><D44/><U9/><E38/><V39/><F39/><W69/><G104/><T4/><D4/><U122/><E5/><V46/><F125/><W87/><G94/><T79/><D79/><U17/><E37/><V130/><F126/><W0/><G0/><T108/><D108/><U91/><E121/><V68/><F130/><W27/><G87/><T20/><D20/><U14/><E128/><V12/><F12/><W105/><G105/><T10/><D10/><U85/><E9/><V66/><F68/><W117/><G117/><T112/><D112/><U13/><E114/><V41/><F41/><W129/><G129/><T72/><D72/><U54/><E122/><RYUUKYOKU ba="5,1" sc="502,10,164,-30,259,10,65,10" hai0="15,18,22,25,29,32,40,42,53,56,84,89,92" hai2="45,46,47,50,51,57,59,60,61,66,86,88,95" hai3="23,27,30,43,48,58,63,67,69,70,93,98,100" /><INIT seed="4,6,1,4,2,102" ten="512,134,269,75" oya="0" hai0="96,0,13,128,123,98,53,107,60,30,80,66,47" hai1="121,92,40,50,49,104,93,76,109,90,21,62,26" hai2="28,84,125,119,88,31,46,37,5,112,95,58,32" hai3="3,114,52,132,59,43,131,10,73,64,7,69,124"/><T71/><D123/><U17/><E121/><V83/><F32/><W22/><G73/><T122/><D128/><U81/><E109/><V51/><F37/><W54/><G131/><T99/><D122/><U97/><E62/><V38/><F38/><W126/><G132/><T11/><D0/><U45/><E93/><V18/><F119/><W115/><G43/><T113/><D113/><N who="3" m="43017" /><G22/><T35/><D80/><U19/><E19/><V87/><F125/><N who="3" m="48235" /><G69/><T12/><D47/><U48/><REACH who="1" step="1"/><E104/><REACH who="1" ten="512,124,269,75" step="2"/><V89/><F112/><W34/><G34/><T135/><D135/><U24/><E24/><V29/><F5/><W100/><G100/><T20/><D107/><U68/><E68/><V63/><F18/><W106/><G106/><T6/><D35/><U111/><E111/><V1/><F29/><W2/><G2/><T110/><D110/><U79/><E79/><V117/><F1/><W16/><G16/><N who="0" m="10255" /><D71/><U70/><E70/><V130/><F130/><W39/><G39/><T133/><D30/><U86/><AGARI ba="6,2" hai="17,21,26,40,45,48,49,50,76,81,86,90,92,97" machi="86" ten="20,5200,0" yaku="1,1,0,1,7,1,8,1,53,0" doraHai="102" doraHaiUra="61" who="1" fromWho="1" sc="512,-32,124,90,269,-19,75,-19" /><INIT seed="5,0,0,0,3,96" ten="480,214,250,56" oya="1" hai0="2,72,117,58,45,110,21,41,37,44,17,104,81" hai1="79,130,26,40,91,93,123,121,57,31,95,0,59" hai2="7,10,28,85,32,97,75,78,86,22,5,67,134" hai3="108,51,62,19,80,133,35,71,30,1,52,129,18"/><U102/><E0/><V126/><F32/><W63/><G108/><T68/><D110/><U100/><E79/><V29/><F75/><W135/><G1/><T12/><D117/><U49/><E49/><V23/><F126/><W101/><G129/><T103/><D68/><U112/><E40/><V46/><F134/><W70/><G80/><T24/><D2/><U43/><E43/><V109/><F109/><W8/><G35/><T115/><D45/><U113/><E130/><V20/><F67/><W25/><G8/><T15/><D58/><U92/><E91/><V53/><F78/><W119/><G119/><T27/><D115/><N who="1" m="44107" /><E31/><N who="2" m="11851" /><F10/><W114/><G30/><T105/><D27/><U83/><E83/><V127/><F127/><W120/><G120/><N who="1" m="46154" /><E26/><V98/><F53/><W16/><G25/><T50/><D72/><U88/><E88/><V48/><F48/><W6/><G6/><N who="2" m="2057" /><F46/><W90/><G90/><T122/><D81/><U118/><E118/><V84/><AGARI ba="0,0" hai="20,22,23,84,85,86,97,98" m="2057,11851" machi="84" ten="40,5200,0" yaku="28,2,8,1" doraHai="96" who="2" fromWho="2" sc="480,-13,214,-26,250,52,56,-13" /><INIT seed="6,0,0,1,2,104" ten="467,188,302,43" oya="2" hai0="43,59,13,26,85,7,72,121,105,36,16,49,60" hai1="128,113,132,120,82,1,35,83,112,53,27,62,63" hai2="77,80,52,30,118,74,0,51,66,68,70,3,21" hai3="102,9,135,40,58,38,78,15,117,50,106,87,122"/><V71/><F66/><W103/><G117/><T91/><D121/><U76/><E1/><V18/><F30/><W41/><G122/><T48/><D105/><U54/><E120/><V110/><F110/><W133/><G106/><T61/><D72/><U89/><E35/><V115/><F115/><W95/><G38/><T101/><D101/><U73/><E27/><V45/><REACH who="2" step="1"/><F118/><REACH who="2" ten="467,188,292,43" step="2"/><W86/><G78/><T134/><D134/><U57/><E132/><V39/><F39/><W114/><G133/><T92/><D36/><U5/><E113/><V29/><F29/><W69/><G114/><T125/><D125/><U47/><E112/><V126/><F126/><W96/><G135/><T65/><D43/><U100/><E128/><V90/><F90/><W24/><G69/><T37/><D37/><U11/><E89/><V127/><F127/><W2/><G103/><T32/><D32/><U124/><E100/><V44/><F44/><W79/><G41/><T22/><D61/><U56/><E47/><V93/><F93/><W10/><G79/><T131/><D131/><U20/><E124/><V14/><AGARI ba="0,1" hai="0,3,14,18,21,45,51,52,68,70,71,74,77,80" machi="14" ten="30,11700,0" yaku="1,1,0,1,52,1,54,1,53,0" doraHai="104" doraHaiUra="81" who="2" fromWho="2" sc="467,-39,188,-39,292,127,43,-39" /><INIT seed="6,1,0,4,1,74" ten="428,149,419,4" oya="2" hai0="15,128,19,58,91,23,119,32,111,135,60,34,94" hai1="133,20,134,115,127,104,72,63,13,17,75,90,96" hai2="105,99,44,66,40,122,126,4,113,11,25,26,56" hai3="50,53,29,30,48,117,103,45,68,70,116,123,98"/><V36/><F122/><W7/><G7/><T21/><D111/><U83/><E104/><V120/><F120/><W114/><G114/><T33/><D128/><U65/><E96/><V87/><F113/><W106/><G123/><T62/><D135/><U101/><E115/><V77/><F126/><W57/><G70/><T43/><D119/><U2/><E101/><V107/><F107/><W131/><G68/><T93/><D43/><U100/><E100/><V81/><F99/><W52/><G131/><T89/><D58/><U18/><E2/><V8/><F105/><W9/><G9/><T5/><D5/><U16/><E127/><V110/><F11/><W69/><G69/><T10/><D10/><U24/><E90/><N who="0" m="34313" /><D19/><U102/><E102/><V35/><F35/><N who="0" m="8962" /><T76/><DORA hai="37" /><D76/><N who="1" m="44423" /><E75/><V27/><F110/><W82/><G30/><T92/><D15/><U125/><E13/><V84/><F84/><W1/><G1/><T49/><D49/><U130/><E130/><V80/><F80/><W55/><G29/><T88/><N who="0" m="34321" /><T108/><DORA hai="71" /><D108/><U124/><E124/><V79/><F79/><W42/><G82/><T12/><D12/><U121/><E121/><V39/><F39/><W59/><G55/><T54/><D54/><U51/><E125/><V78/><F78/><W86/><G86/><T3/><D3/><U109/><E109/><V41/><F41/><W61/><AGARI ba="1,0" hai="42,45,48,50,52,53,57,59,61,98,103,106,116,117" machi="61" ten="20,5200,0" yaku="0,1,7,1,52,1,54,1" doraHai="74,37,71" who="3" fromWho="3" sc="428,-14,149,-14,419,-27,4,55" /><INIT seed="7,0,0,4,5,132" ten="414,135,392,59" oya="3" hai0="110,49,88,100,21,99,55,4,45,14,120,35,130" hai1="53,61,93,62,50,1,76,102,129,47,46,126,111" hai2="75,13,122,109,113,128,11,0,2,10,82,23,84" hai3="103,72,29,34,37,38,15,17,118,56,86,5,101"/><W79/><G118/><T19/><D35/><U24/><E111/><V30/><F75/><W59/><G72/><T26/><D110/><U32/><E1/><N who="2" m="619" /><F84/><W97/><G5/><T22/><D120/><U94/><E76/><V89/><F89/><W54/><G56/><T90/><D130/><U3/><E3/><V133/><F82/><W25/><G86/><T43/><D4/><U18/><E18/><N who="2" m="10703" /><F109/><W68/><G68/><T70/><D70/><U127/><E129/><V108/><F108/><W124/><G79/><T20/><D20/><U116/><E116/><V16/><F128/><W73/><G73/><T134/><D134/><U121/><E121/><V114/><F133/><W91/><G91/><T81/><D81/><U65/><E102/><V6/><F122/><W71/><G71/><T135/><D135/><U87/><E87/><V63/><F63/><W64/><G64/><T12/><D12/><U104/><E104/><V77/><F77/><W42/><G42/><T80/><D80/><U8/><E8/><N who="2" m="3115" /><F6/><W33/><G33/><T48/><D49/><U51/><E65/><V27/><F30/><W107/><G103/><T66/><D66/><U44/><E53/><V96/><F96/><W52/><G124/><T9/><D43/><U119/><E119/><V131/><F131/><W125/><G125/><T67/><D67/><U74/><E74/><V83/><F83/><W85/><G85/><T40/><D40/><U7/><E47/><V58/><F58/><W112/><G112/><T123/><D90/><U98/><E7/><V31/><F31/><W117/><G117/><RYUUKYOKU ba="0,0" sc="414,-10,135,-10,392,30,59,-10" hai2="16,27,113,114" owari="404,20.0,125,-27.0,422,52.0,49,-45.0" /></mjloggm>