<mjloggm ver="2.3"><GO type="97" lobby="0"/><UN n0="%6B%6F%6B%65%73%69" n1="%E3%81%A6%E3%82%93%E3%81%BB%E3%81%86%EF%BC%88%E7%AC%91%EF%BC%89" n2="%E3%82%84%E3%82%8F%E3%82%89%E3%81%8B%E3%81%8A%E8%82%89" n3="%E3%82%A6%E3%83%AB%E3%83%88%E3%83%A9%E7%AB%8B%E7%9B%B4" dan="14,17,16,15" rate="1855.52,2096.14,2067.31,1957.27" sx="M,M,M,M"/><TAIKYOKU oya="0"/><INIT seed="0,0,0,4,5,104" ten="250,250,250,250" oya="0" hai0="128,32,92,21,27,75,103,62,106,64,122,40,71" hai1="67,46,120,96,99,83,15,111,80,30,55,97,79" hai2="50,4,113,100,3,70,105,101,123,68,114,91,108" hai3="124,23,6,28,118,38,0,37,45,93,11,54,134"/><T18/><D122/><U35/><E120/><V125/><F123/><W42/><G118/><T110/><D110/><U52/><E111/><V109/><F50/><W25/><G124/><T8/><D128/><U63/><E35/><V117/><F4/><W94/><G134/><T87/><D75/><U84/><E30/><V29/><F29/><W121/><G121/><T16/><D32/><U132/><E132/><V77/><F77/><W14/><G38/><T130/><D130/><U107/><E107/><V13/><F13/><W90/><G54/><T112/><D112/><U127/><E127/><V20/><F105/><W43/><G43/><T53/><D106/><U7/><E46/><V78/><F78/><W85/><REACH who="3" step="1"/><G94/><REACH who="3" ten="250,250,250,240" step="2"/><T34/><D40/><U72/><E67/><V33/><F125/><W89/><G89/><T102/><D53/><U19/><E63/><V126/><F126/><W61/><G61/><T1/><D103/><U57/><E55/><V9/><F91/><W74/><G74/><T129/><D102/><U51/><E72/><V56/><F117/><W60/><G60/><T66/><D129/><U98/><N who="1" m="25088" /><DORA hai="44" /><U133/><E133/><V135/><F135/><W17/><G17/><T116/><D16/><U26/><E19/><V47/><F109/><W69/><G69/><T81/><D116/><U86/><E7/><V65/><F108/><W82/><G82/><T31/><D92/><U95/><E95/><V22/><F101/><W115/><G115/><T39/><D71/><BYE who="0" /><U36/><E36/><V49/><F100/><W24/><G24/><T59/><D59/><RYUUKYOKU ba="0,1" sc="250,-10,250,-10,250,-10,240,30" hai3="0,6,11,14,23,25,28,37,42,45,85,90,93" /><INIT seed="1,1,1,5,1,55" ten="240,240,240,270" oya="1" hai0="37,121,80,15,72,77,81,53,83,23,1,130,26" hai1="132,21,66,75,45,57,82,90,88,113,116,17,110" hai2="38,59,52,97,47,54,103,35,25,69,111,61,134" hai3="8,135,62,125,86,5,68,42,16,70,79,2,87"/><U93/><E113/><UN n0="%6B%6F%6B%65%73%69" /><V76/><F134/><W31/><G31/><T122/><D130/><U84/><E116/><V50/><F111/><W29/><G29/><N who="0" m="17631" /><D1/><U108/><E132/><V40/><F76/><W91/><G42/><T126/><D37/><U32/><E45/><V107/><F25/><W67/><G79/><T46/><D126/><U14/><E32/><V114/><F35/><W4/><G87/><T105/><D105/><U92/><E75/><V34/><F34/><W128/><G5/><T11/><D53/><U19/><E19/><V115/><REACH who="2" step="1"/><F54/><REACH who="2" ten="240,240,230,270" step="2"/><W28/><G135/><T33/><D33/><U119/><E119/><V99/><F99/><W94/><G125/><T39/><D121/><U6/><E110/><V96/><F96/><W104/><G128/><T24/><D122/><U120/><E120/><V106/><F106/><W27/><G104/><T118/><D24/><U101/><E108/><V85/><F85/><W123/><G123/><T89/><D118/><U129/><E129/><V78/><F78/><W133/><G133/><T20/><D77/><U48/><E84/><V109/><F109/><W100/><G28/><T74/><D74/><U98/><E98/><V117/><F117/><W44/><G27/><T65/><D72/><U49/><E66/><AGARI ba="1,2" hai="38,40,47,50,52,59,61,66,69,97,103,107,114,115" machi="66" ten="40,12000,2" yaku="1,1,24,2,52,1,54,1,53,1" doraHai="55" doraHaiUra="43" who="2" fromWho="1" sc="240,0,240,-123,230,143,270,0" /><INIT seed="2,0,0,5,4,80" ten="240,117,373,270" oya="2" hai0="59,125,120,26,53,19,13,9,98,131,119,14,110" hai1="85,17,31,39,55,82,11,90,33,56,77,22,52" hai2="62,115,43,133,97,67,44,16,109,7,123,103,49" hai3="71,27,25,28,35,83,3,105,104,45,117,93,15"/><V72/><F123/><W79/><G117/><T58/><D120/><U4/><E39/><V32/><F115/><W12/><G3/><T24/><D110/><U10/><E33/><V121/><F121/><W132/><G27/><N who="0" m="10283" /><D119/><U68/><E68/><V42/><F32/><W47/><G93/><T46/><D125/><U8/><E31/><V116/><F116/><W41/><G71/><T75/><D75/><BYE who="0" /><U92/><E4/><V78/><F7/><W129/><G47/><T48/><D48/><U126/><E126/><V65/><F109/><W21/><G129/><UN n0="%6B%6F%6B%65%73%69" /><T134/><D134/><U84/><REACH who="1" step="1"/><E56/><REACH who="1" ten="240,107,373,270" step="2"/><V69/><F69/><W38/><G35/><T6/><D59/><U64/><E64/><V57/><F65/><W20/><G132/><T34/><D46/><U94/><E94/><V99/><F57/><W95/><G95/><T124/><D34/><U91/><E91/><V127/><F67/><W118/><G118/><T102/><D124/><U86/><E86/><V5/><F127/><W135/><G135/><T60/><D131/><U101/><E101/><V54/><F103/><W23/><G105/><T100/><D98/><U37/><E37/><V30/><F99/><W114/><G104/><T122/><D122/><U76/><E76/><V130/><F97/><W0/><G38/><T87/><D87/><U112/><E112/><V36/><F130/><W73/><G114/><T106/><D106/><U88/><E88/><V2/><F36/><W50/><G79/><T1/><D1/><U107/><BYE who="0" /><E107/><V40/><F133/><W18/><G0/><T108/><D108/><RYUUKYOKU ba="0,1" sc="240,15,107,15,373,-15,270,-15" hai0="6,9,13,14,19,53,58,60,100,102" hai1="8,10,11,17,22,52,55,77,82,84,85,90,92" /><UN n0="%6B%6F%6B%65%73%69" /><INIT seed="3,1,1,3,0,57" ten="255,122,358,255" oya="3" hai0="39,19,45,13,40,67,30,38,1,43,98,7,99" hai1="109,89,135,110,8,55,20,62,37,83,14,59,86" hai2="88,114,117,0,100,91,76,79,87,47,115,82,124" hai3="66,11,108,75,65,41,131,23,129,54,70,63,105"/><W53/><G75/><T119/><D119/><U132/><E37/><V128/><F0/><W104/><G11/><T118/><D118/><U120/><E120/><V48/><F117/><W68/><G23/><T4/><D1/><U64/><E20/><V93/><F48/><W10/><G10/><T102/><D67/><U101/><E101/><V6/><F6/><W133/><G41/><T72/><D72/><U60/><E109/><V96/><F47/><W107/><G108/><T95/><D30/><U2/><E2/><V116/><F116/><W92/><G92/><T113/><D99/><U106/><E110/><V127/><F128/><N who="3" m="49227" /><G133/><T35/><D35/><U130/><E130/><V94/><F115/><W27/><G27/><T9/><D113/><U17/><REACH who="1" step="1"/><E106/><REACH who="1" ten="255,112,358,255" step="2"/><V12/><F114/><W16/><G104/><T18/><REACH who="0" step="1"/><D7/><REACH who="0" ten="245,112,358,255" step="2"/><U58/><AGARI ba="1,3" hai="8,14,17,55,58,59,60,62,64,83,86,89,132,135" machi="58" ten="30,12000,2" yaku="1,1,2,1,0,1,52,2,53,1" doraHai="57" doraHaiUra="77" who="1" fromWho="1" sc="245,-31,112,153,358,-31,255,-61" owari="214,-19.0,265,7.0,327,43.0,194,-31.0" /></mjloggm>