<mjloggm ver="2.3"><GO type="97" lobby="0"/><UN n0="%E2%98%86%E2%98%86%E3%82%82%E3%82%8A%E3%81%8E%E2%98%86%E2%98%86%E2%98%85" n1="%E3%82%A6%E3%83%AB%E3%83%88%E3%83%A9%E7%AB%8B%E7%9B%B4" n2="%E3%81%8A%E3%81%A7%E3%82%93%2A" n3="%47%5A" dan="14,15,14,15" rate="1945.14,1984.80,1877.29,1905.95" sx="M,M,M,M"/><TAIKYOKU oya="0"/><INIT seed="0,0,0,3,1,84" ten="250,250,250,250" oya="0" hai0="47,28,36,82,65,101,55,42,106,0,132,79,74" hai1="124,96,73,50,11,43,35,119,97,123,117,9,118" hai2="33,54,108,100,6,25,129,37,19,126,102,2,22" hai3="112,91,69,7,120,61,49,52,99,31,87,122,46"/><T53/><D0/><U81/><E35/><V45/><F33/><W130/><G31/><T41/><D41/><U114/><E50/><V12/><F126/><W44/><G7/><T113/><D113/><U66/><E66/><V57/><F108/><W116/><G112/><T58/><D28/><U64/><E64/><V89/><F2/><W24/><G24/><T51/><D132/><U63/><E63/><V23/><F129/><W131/><G116/><T38/><D38/><U71/><E71/><V133/><F6/><W111/><G99/><N who="1" m="37962" /><E43/><V127/><F127/><W26/><G26/><T95/><D106/><U125/><E114/><V60/><F133/><W83/><G111/><T39/><D101/><U56/><E56/><V68/><F37/><W110/><G110/><T48/><D95/><U134/><E11/><V94/><F68/><W21/><G21/><T15/><D65/><U29/><E9/><V32/><F45/><N who="3" m="27695" /><G61/><T109/><D109/><U98/><E29/><N who="2" m="17591" /><F32/><W67/><G67/><T104/><D104/><U88/><E134/><V105/><F105/><W107/><G107/><T27/><D27/><U34/><E34/><V17/><F19/><W18/><G18/><T5/><D53/><U3/><E3/><V40/><F40/><W70/><G69/><T115/><D115/><U78/><E123/><N who="3" m="47146" /><G70/><T135/><D135/><U1/><E1/><V72/><F72/><W16/><G16/><T14/><D5/><U10/><E10/><V92/><F92/><AGARI ba="0,0" hai="73,78,81,88,92,98,117,118,119,124,125" m="37962" machi="92" ten="40,8000,1" yaku="34,2,52,1,54,1" doraHai="84" who="1" fromWho="2" sc="250,0,250,80,250,-80,250,0" /><INIT seed="1,0,0,4,4,107" ten="250,330,170,250" oya="1" hai0="53,135,15,9,42,73,75,52,10,126,32,58,97" hai1="3,36,27,13,54,92,132,69,104,65,114,6,106" hai2="99,8,0,66,81,96,51,1,113,61,118,117,35" hai3="64,125,30,4,45,44,72,105,123,21,76,102,94"/><U29/><E13/><V11/><F81/><W43/><G105/><T39/><D32/><U7/><E54/><V111/><F35/><W37/><G123/><T121/><D121/><U120/><E92/><V59/><F111/><W134/><G125/><T71/><D71/><U91/><E91/><V133/><F133/><W83/><G134/><T46/><D10/><U80/><E7/><V63/><F51/><W131/><G4/><T17/><D126/><U124/><E124/><V34/><F34/><W103/><G131/><T2/><D135/><U50/><E50/><V85/><F85/><W110/><G110/><T98/><D2/><U49/><E49/><V57/><F113/><W55/><G45/><T33/><D53/><U26/><E26/><V25/><F25/><W82/><G55/><T38/><D38/><U77/><E36/><V28/><REACH who="2" step="1"/><F66/><REACH who="2" ten="250,330,160,250" step="2"/><W31/><G64/><T115/><D33/><N who="1" m="20671" /><E114/><V116/><F116/><W68/><G82/><T128/><D115/><U67/><E67/><V101/><F101/><W41/><G102/><T70/><D128/><U79/><E132/><V87/><F87/><W109/><G109/><T19/><D19/><U112/><E112/><V14/><F14/><W40/><G103/><T130/><D130/><U5/><E120/><V74/><F74/><W108/><G108/><T60/><D70/><U23/><E65/><V12/><F12/><W24/><G68/><T127/><D127/><U86/><E69/><V62/><F62/><W78/><G76/><T22/><D22/><U84/><E79/><V47/><F47/><W48/><G37/><RYUUKYOKU ba="0,1" sc="250,15,330,-15,160,15,250,-15" hai0="9,15,17,39,42,46,52,58,60,73,75,97,98" hai2="0,1,8,11,28,57,59,61,63,96,99,117,118" /><INIT seed="2,1,1,5,3,97" ten="265,315,175,235" oya="2" hai0="82,76,28,29,62,129,17,42,10,92,23,103,6" hai1="65,47,89,113,58,83,110,32,50,2,105,69,15" hai2="5,70,133,126,77,35,37,64,59,100,120,72,52" hai3="16,116,19,46,108,81,130,20,12,86,109,63,75"/><V34/><F120/><W88/><G75/><T66/><D129/><U127/><E2/><V49/><F37/><W95/><G116/><T78/><D42/><U33/><E69/><V122/><F122/><W61/><G130/><T25/><D78/><U30/><E105/><V0/><F126/><W40/><G81/><T44/><D44/><U93/><E83/><V18/><F133/><W56/><G19/><T101/><D92/><U11/><E30/><V134/><F134/><W73/><G73/><T132/><D29/><U119/><E113/><V74/><F77/><W107/><G107/><T26/><D132/><U106/><E106/><V79/><F72/><W38/><G56/><T98/><D98/><U84/><E119/><V31/><F18/><W1/><G1/><T57/><D82/><U115/><E32/><N who="2" m="12331" /><F79/><W123/><REACH who="3" step="1"/><G123/><REACH who="3" ten="265,315,175,225" step="2"/><T91/><D76/><U54/><E127/><V118/><F74/><W9/><G9/><T85/><D91/><U125/><E125/><V43/><F118/><W27/><G27/><T117/><D117/><U53/><E11/><N who="2" m="2471" /><F31/><W111/><AGARI ba="1,2" hai="12,16,20,38,40,46,61,63,86,88,95,108,109,111" machi="111" ten="30,8000,1" yaku="1,1,0,1,14,1,54,2,53,0" doraHai="97" doraHaiUra="60" who="3" fromWho="3" sc="265,-21,315,-21,175,-41,225,103" /><INIT seed="3,0,0,4,0,40" ten="244,294,134,328" oya="3" hai0="10,74,63,23,107,132,112,103,54,37,71,6,89" hai1="96,101,124,31,77,66,62,87,36,102,33,126,133" hai2="135,9,45,120,16,58,29,70,82,65,25,15,52" hai3="21,43,88,100,127,17,123,130,34,117,78,121,44"/><W3/><G3/><T115/><D74/><U97/><E36/><V2/><F2/><W20/><G34/><T50/><D37/><U95/><E31/><V86/><F135/><W55/><G78/><T19/><D132/><U90/><E33/><V48/><F120/><W113/><G117/><T39/><D39/><U32/><E32/><V4/><F70/><W104/><G113/><T27/><D89/><U106/><E133/><V51/><F65/><W57/><G127/><N who="1" m="48682" /><E62/><V128/><F128/><W42/><G130/><T92/><D107/><N who="1" m="63911" /><E66/><V7/><F29/><W5/><G5/><T26/><D26/><U8/><E8/><V114/><F25/><W98/><G21/><T47/><D115/><U91/><E91/><V119/><F119/><W80/><G123/><T111/><D112/><U1/><E1/><V13/><F13/><W79/><G79/><AGARI ba="0,0" hai="77,79,87,90,95,97,102,106" m="63911,48682" machi="79" ten="30,3900,0" yaku="18,1,34,2" doraHai="40" who="1" fromWho="3" sc="244,0,294,39,134,0,328,-39" owari="244,-16.0,333,44.0,134,-37.0,289,9.0" /></mjloggm>