<mjloggm ver="2.3"><GO type="41" lobby="0"/><UN n0="%E3%82%B9%E3%83%94%E3%83%B3" n1="%6D%6F%67%75%73%61%33%63" n2="%E3%82%A6%E3%83%AB%E3%83%88%E3%83%A9%E7%AB%8B%E7%9B%B4" n3="%68%69%72%61%6B%61%77%61" dan="14,14,15,13" rate="1966.18,1892.04,1980.23,1869.21" sx="M,M,M,M"/><TAIKYOKU oya="0"/><INIT seed="0,0,0,2,4,29" ten="250,250,250,250" oya="0" hai0="14,87,39,54,17,68,88,106,90,92,48,115,43" hai1="20,64,19,33,76,119,55,91,112,121,101,16,132" hai2="135,63,108,67,126,66,110,80,7,10,60,37,79" hai3="26,4,34,58,97,51,44,12,9,46,40,85,114"/><T133/><D68/><U15/><E121/><V71/><F37/><W100/><G114/><T107/><D115/><U120/><E120/><V86/><F126/><W30/><G85/><T27/><D133/><U0/><E0/><V96/><F96/><W123/><G123/><T22/><D43/><U83/><E112/><V59/><F135/><W128/><G128/><T23/><D39/><U113/><E132/><V102/><F102/><W99/><G58/><T81/><D107/><U104/><E113/><V53/><F53/><W94/><G46/><T74/><D74/><U5/><E5/><V118/><F118/><W28/><G28/><T47/><D106/><U3/><E3/><V52/><REACH who="2" step="1"/><F67/><REACH who="2" ten="250,250,240,250" step="2"/><W89/><REACH who="3" step="1"/><G99/><REACH who="3" ten="250,250,240,240" step="2"/><N who="0" m="57735" /><D23/><U31/><E119/><V75/><F75/><W131/><G131/><T25/><AGARI ba="0,2" hai="14,17,22,25,27,47,48,54,81,87,90" m="57735" machi="25" ten="30,3000,0" yaku="8,1,54,1" doraHai="29" who="0" fromWho="0" sc="250,50,250,-10,240,-10,240,-10" /><INIT seed="0,1,0,0,3,95" ten="300,240,230,230" oya="0" hai0="36,108,81,90,58,55,65,118,104,43,34,5,66" hai1="113,54,0,71,75,61,130,119,86,60,69,73,4" hai2="53,20,46,98,93,102,91,115,10,48,67,51,21" hai3="2,80,111,11,110,135,109,106,38,64,97,70,85"/><T26/><D118/><U121/><E119/><V47/><F115/><W27/><G135/><T39/><D108/><U42/><E121/><V126/><F126/><W107/><G38/><T16/><D104/><U78/><E113/><V3/><F67/><W40/><G40/><T68/><D68/><U41/><E130/><V88/><F10/><W50/><G50/><T77/><D5/><U8/><E42/><V32/><F32/><W59/><G59/><T35/><D35/><U112/><E41/><V89/><REACH who="2" step="1"/><F3/><REACH who="2" ten="300,240,220,230" step="2"/><W101/><G11/><T63/><D34/><U82/><E112/><V52/><AGARI ba="1,1" hai="20,21,46,47,48,51,52,53,88,89,91,93,98,102" machi="52" ten="30,16000,3" yaku="1,1,2,1,0,1,9,1,8,1,52,1,54,2,53,0" doraHai="95" doraHaiUra="62" who="2" fromWho="2" sc="300,-81,240,-41,220,173,230,-41" /><INIT seed="1,0,0,4,2,32" ten="219,199,393,189" oya="1" hai0="56,3,30,24,103,110,114,93,81,33,12,67,104" hai1="129,124,61,135,115,7,85,14,94,125,8,121,45" hai2="20,102,21,62,87,108,46,130,106,116,55,95,23" hai3="74,92,64,118,34,38,83,48,86,100,39,19,60"/><U1/><E121/><V57/><F116/><W0/><G118/><T26/><D104/><U54/><E115/><V88/><F130/><W75/><G34/><T25/><D114/><U41/><E129/><V97/><F108/><W36/><G48/><T98/><D110/><U131/><E131/><V89/><F89/><W53/><G53/><T9/><D26/><U126/><E61/><V6/><F46/><W90/><G19/><T122/><D25/><U66/><E66/><V79/><F6/><W117/><G117/><T133/><D133/><U128/><E128/><V134/><F134/><W72/><G100/><T29/><D29/><U96/><E54/><V13/><F13/><W70/><REACH who="3" step="1"/><G92/><REACH who="3" ten="219,199,393,179" step="2"/><T43/><D122/><U35/><E35/><V120/><F120/><W107/><G107/><T111/><D111/><U77/><E135/><V76/><AGARI ba="0,1" hai="20,21,23,55,57,62,76,79,87,88,95,97,102,106" machi="76" ten="30,2000,0" yaku="0,1,54,1" doraHai="32" who="2" fromWho="2" sc="219,-5,199,-10,393,30,179,-5" /><INIT seed="2,0,0,2,4,127" ten="214,189,423,174" oya="2" hai0="74,116,68,65,51,48,101,40,97,78,86,45,70" hai1="44,124,118,98,91,35,88,107,3,66,102,129,83" hai2="13,12,126,2,125,11,106,84,7,111,36,1,130" hai3="92,95,60,30,80,105,93,10,71,39,19,57,103"/><V72/><F106/><W14/><G39/><T6/><D116/><U131/><E124/><N who="2" m="47723" /><F72/><W62/><G30/><T49/><D6/><U119/><E35/><V4/><F84/><W0/><G0/><N who="2" m="105" /><F36/><W87/><G105/><T67/><D74/><U34/><E66/><N who="0" m="25097" /><D86/><N who="1" m="50271" /><E44/><V133/><F133/><W100/><G62/><T79/><D97/><U96/><E34/><V52/><F52/><W55/><REACH who="3" step="1"/><G71/><REACH who="3" ten="214,189,423,164" step="2"/><N who="0" m="27179" /><D79/><AGARI ba="0,1" hai="10,14,19,55,57,60,79,80,87,92,93,95,100,103" machi="79" ten="40,2600,0" yaku="1,1,8,1,53,0" doraHai="127" doraHaiUra="16" who="3" fromWho="0" sc="214,-26,189,0,423,0,164,36" /><INIT seed="3,0,0,0,1,78" ten="188,189,423,200" oya="3" hai0="9,108,73,48,81,10,77,44,74,123,60,13,115" hai1="68,133,89,85,102,79,15,20,126,72,3,12,64" hai2="53,90,71,52,23,65,17,36,84,83,34,127,106" hai3="46,8,5,50,38,124,112,28,67,26,25,19,31"/><W99/><G112/><T56/><D115/><U27/><E3/><V75/><F34/><W97/><G124/><T39/><D108/><U130/><E126/><V24/><F127/><W22/><G38/><T105/><D39/><U92/><E130/><V103/><F75/><W93/><G67/><T135/><D135/><U91/><E133/><V114/><F114/><W104/><G104/><T55/><D123/><U0/><E0/><V51/><F36/><W2/><G97/><T43/><D105/><U119/><E119/><V54/><F103/><W6/><G6/><T96/><D96/><U37/><E37/><V120/><F106/><W14/><G46/><T117/><D117/><U107/><E107/><V70/><F120/><W30/><G50/><T110/><D110/><U42/><E42/><V33/><F33/><W129/><REACH who="3" step="1"/><G129/><REACH who="3" ten="188,189,423,190" step="2"/><T47/><D47/><U49/><E64/><V45/><REACH who="2" step="1"/><F65/><REACH who="2" ten="188,189,413,190" step="2"/><W59/><G59/><T113/><D113/><U11/><E68/><AGARI ba="0,2" hai="17,23,24,45,51,52,53,54,68,70,71,83,84,90" machi="68" ten="40,8000,1" yaku="1,1,2,1,52,1,54,1,53,1" doraHai="78" doraHaiUra="87" who="2" fromWho="1" sc="188,0,189,-80,413,100,190,0" /><INIT seed="4,0,0,3,3,98" ten="188,109,513,190" oya="0" hai0="32,133,11,112,128,97,25,29,46,89,120,132,119" hai1="3,60,75,107,124,66,127,96,26,123,62,41,30" hai2="51,8,121,63,86,53,91,84,74,48,116,50,33" hai3="58,5,77,10,12,49,95,113,43,44,94,16,100"/><T35/><D119/><U110/><E123/><V134/><F74/><W2/><G113/><T122/><D120/><U135/><E60/><V131/><F33/><W47/><G77/><T69/><D112/><U24/><E41/><V70/><F121/><W105/><G58/><T93/><D122/><U126/><E110/><V21/><F116/><W31/><G31/><T34/><D69/><N who="1" m="42199" /><E26/><V22/><F70/><W108/><G108/><T42/><D128/><U59/><E59/><V4/><F131/><W40/><G95/><T73/><D11/><U67/><E67/><V15/><F134/><N who="0" m="51818" /><D73/><U82/><E135/><V92/><F63/><W114/><G114/><T111/><D111/><U80/><E75/><V39/><F39/><AGARI ba="0,0" hai="25,29,32,34,35,39,42,46,89,93,97" m="51818" machi="39" ten="30,1500,0" yaku="20,1" doraHai="98" who="0" fromWho="2" sc="188,15,109,0,513,-15,190,0" /><INIT seed="4,1,0,3,1,3" ten="203,109,498,190" oya="0" hai0="26,54,129,119,65,10,9,120,43,4,68,6,66" hai1="24,93,35,13,0,20,91,87,101,71,42,63,125" hai2="15,80,38,127,8,19,31,92,40,60,115,51,118" hai3="83,17,41,28,130,59,108,97,50,113,18,61,100"/><T25/><D120/><U7/><E125/><V86/><F38/><W37/><G108/><T16/><D68/><U14/><E101/><V124/><F118/><W64/><G130/><T85/><D129/><U106/><E35/><V104/><F104/><W1/><G113/><T122/><D122/><U110/><E110/><V128/><F128/><W77/><G1/><T95/><D119/><U78/><E106/><V131/><F131/><W53/><G28/><T116/><D116/><U47/><E71/><V12/><F115/><W52/><G64/><N who="0" m="24683" /><D43/><U117/><E117/><V23/><F31/><W69/><G69/><T36/><D36/><U11/><E63/><V45/><F60/><W32/><G32/><T96/><D85/><U88/><E91/><V72/><F92/><W74/><G41/><T29/><D54/><U79/><E14/><V89/><F72/><W133/><G133/><T112/><D112/><U114/><E0/><V75/><F75/><W2/><G2/><T84/><D84/><U135/><E135/><V67/><F67/><W56/><G37/><T99/><D29/><U70/><E70/><V21/><F21/><W34/><G34/><T46/><D46/><U33/><E33/><V44/><F44/><W126/><G126/><T55/><D55/><U27/><E27/><N who="0" m="10249" /><D96/><U73/><E73/><V82/><F80/><W5/><G5/><N who="0" m="2155" /><D16/><N who="1" m="12295" /><E114/><V132/><F132/><W98/><G98/><T123/><D123/><U121/><E121/><V22/><F127/><W102/><G97/><T57/><D57/><U105/><E105/><V76/><F124/><W103/><AGARI ba="1,0" hai="17,18,50,52,53,56,59,61,74,77,83,100,102,103" machi="103" ten="30,4000,0" yaku="5,1,0,1,54,1" doraHai="3" who="3" fromWho="3" sc="203,-21,109,-11,498,-11,190,43" /><INIT seed="5,0,0,5,1,73" ten="182,98,487,233" oya="1" hai0="113,62,47,74,12,1,120,15,87,68,108,95,59" hai1="135,55,36,51,26,66,123,133,48,72,8,20,54" hai2="2,80,99,53,19,10,130,22,70,129,17,111,33" hai3="97,24,14,119,38,50,28,21,35,132,84,31,115"/><U41/><E72/><V64/><F33/><W104/><G119/><T69/><D113/><U102/><E102/><V16/><F64/><W34/><G38/><T112/><D108/><U4/><E66/><V91/><F70/><W13/><G50/><T122/><D74/><U126/><E123/><V118/><F111/><W0/><G84/><T25/><D112/><U56/><E126/><V6/><F53/><W9/><G97/><T39/><D1/><U116/><E116/><V7/><F118/><W76/><G76/><T124/><D124/><U85/><E85/><V89/><F7/><W5/><G104/><T79/><D69/><U114/><E114/><V107/><F107/><W128/><G115/><T32/><D32/><U81/><E81/><V121/><F121/><W86/><G86/><T65/><D68/><U88/><E88/><V93/><F80/><W127/><G127/><T90/><D39/><U46/><E36/><V110/><F110/><W106/><G132/><T71/><D71/><U45/><E26/><V44/><F44/><W57/><G128/><N who="2" m="49257" /><F91/><W77/><G77/><T43/><D122/><U61/><REACH who="1" step="1"/><E20/><AGARI ba="0,0" hai="2,6,10,16,17,19,20,22,89,93,99" m="49257" machi="20" ten="30,2000,0" yaku="19,1,54,1" doraHai="73" who="2" fromWho="1" sc="182,0,98,-20,487,20,233,0" /><INIT seed="6,0,0,3,4,129" ten="182,78,507,233" oya="2" hai0="22,81,52,80,24,56,92,43,82,115,98,36,79" hai1="23,58,114,84,67,6,19,62,117,33,48,32,5" hai2="106,41,88,131,4,9,66,103,71,72,38,87,78" hai3="65,121,99,7,40,44,1,130,108,45,116,91,20"/><V55/><F131/><W113/><G130/><T60/><D36/><U133/><E117/><V26/><F66/><W28/><G65/><T94/><D115/><U50/><E114/><V35/><F71/><W85/><G121/><T69/><D69/><U118/><E118/><V14/><F41/><W61/><G113/><T42/><D79/><U73/><E73/><V2/><F38/><W27/><G116/><T126/><D126/><U134/><E84/><V3/><F26/><W49/><G108/><T15/><D15/><U25/><E6/><V10/><F35/><N who="1" m="13385" /><E5/><V18/><F3/><W120/><G61/><T93/><D98/><U123/><E123/><V11/><F11/><W125/><G99/><T105/><D105/><U109/><E109/><V86/><F86/><W63/><G63/><T76/><D76/><U135/><AGARI ba="0,0" hai="19,23,25,48,50,58,62,67,133,134,135" m="13385" machi="135" ten="40,8000,1" yaku="20,1,52,3" doraHai="129" who="1" fromWho="1" sc="182,-20,78,80,507,-40,233,-20" /><INIT seed="7,0,0,0,4,29" ten="162,158,467,213" oya="3" hai0="114,125,123,14,20,42,79,34,57,132,64,32,63" hai1="51,122,50,83,113,105,110,69,112,39,36,56,104" hai2="68,120,54,53,78,119,38,102,41,77,5,126,61" hai3="87,71,124,88,111,7,45,91,98,65,60,52,118"/><W84/><G118/><T47/><D123/><U26/><E122/><V95/><F41/><W33/><G111/><T108/><D108/><U134/><E110/><V10/><F38/><N who="1" m="14377" /><E83/><V31/><F119/><W8/><G124/><T131/><D125/><U89/><E89/><V25/><F68/><W82/><G98/><T73/><D34/><U6/><E6/><V35/><F54/><W24/><G24/><T15/><D32/><U117/><E117/><V62/><F62/><W75/><G33/><T40/><D131/><U133/><E26/><V96/><F126/><W130/><G75/><T74/><D74/><U17/><E17/><V30/><F30/><W76/><G130/><T85/><D73/><U81/><E81/><V99/><F99/><W21/><G21/><T9/><D79/><U94/><E94/><V23/><F35/><W0/><G87/><T48/><D85/><U103/><E56/><N who="2" m="34959" /><F120/><W80/><G80/><T59/><D132/><N who="1" m="50795" /><E69/><V116/><F116/><W109/><G109/><T44/><D114/><N who="1" m="44139" /><E103/><V43/><F43/><N who="0" m="16426" /><D59/><U13/><E13/><AGARI ba="0,0" hai="5,10,13,23,25,31,77,78,95,96,102" m="34959" machi="13" ten="30,1000,0" yaku="8,1" doraHai="29" who="2" fromWho="1" sc="162,0,158,-10,467,10,213,0" owari="162,-24.0,148,-35.0,477,58.0,213,1.0" /></mjloggm>