<mjloggm ver="2.3"><GO type="169" lobby="0"/><UN n0="%E3%82%A6%E3%83%AB%E3%83%88%E3%83%A9%E7%AB%8B%E7%9B%B4" n1="%70%69%79%6F%65%6D%6F%6E" n2="%6B%69%63%6B%63%68%69" n3="%70%65%72%6F%32" dan="17,16,17,16" rate="2072.49,2100.22,2112.19,2061.65" sx="M,M,M,M"/><TAIKYOKU oya="0"/><INIT seed="0,0,0,0,1,14" ten="250,250,250,250" oya="0" hai0="125,115,83,91,27,131,17,59,6,116,75,46,99" hai1="66,24,26,25,1,84,95,106,120,71,117,23,56" hai2="110,98,92,22,81,85,40,57,103,70,4,52,133" hai3="15,43,134,122,28,16,123,121,38,35,86,0,88"/><T64/><D116/><U94/><E117/><V11/><F70/><W89/><G0/><T77/><D115/><U87/><E71/><V7/><F110/><W80/><G134/><T72/><D125/><U39/><E39/><V34/><F34/><W118/><G118/><T128/><D75/><U76/><E1/><V90/><F133/><W97/><G43/><T32/><D6/><U42/><E42/><V36/><F11/><N who="3" m="6271" /><G38/><T114/><D114/><U10/><E106/><V102/><F102/><W130/><G130/><T48/><D32/><U119/><E119/><V60/><REACH who="2" step="1"/><F22/><REACH who="2" ten="250,250,240,250" step="2"/><W107/><G35/><T30/><D131/><U21/><E10/><V19/><F19/><W62/><G28/><T108/><D128/><U124/><E21/><V79/><F79/><N who="3" m="46367" /><G62/><T129/><D129/><U112/><E76/><V111/><F111/><W127/><G127/><T5/><D108/><U61/><E124/><V65/><F65/><W47/><G47/><AGARI ba="0,1" hai="4,7,36,40,47,52,57,60,81,85,90,92,98,103" machi="47" ten="40,5200,0" yaku="1,1,54,1,53,1" doraHai="14" doraHaiUra="69" who="2" fromWho="3" sc="250,0,250,0,240,62,250,-52" /><INIT seed="1,0,0,2,2,34" ten="250,250,302,198" oya="1" hai0="12,79,42,19,89,91,38,54,73,98,127,61,14" hai1="78,130,56,108,57,106,74,60,134,41,51,47,64" hai2="68,27,119,113,63,88,111,112,94,39,62,107,70" hai3="67,16,84,37,43,115,30,121,50,46,65,104,10"/><U22/><E106/><V90/><F107/><W93/><G104/><T131/><D127/><U105/><E105/><V23/><F119/><W21/><G121/><T52/><D131/><U126/><E130/><V71/><F39/><W110/><G110/><T92/><D42/><U49/><E126/><V120/><F111/><W32/><G115/><N who="2" m="44105" /><F120/><W0/><G37/><T114/><D38/><N who="1" m="21943" /><E22/><V69/><F69/><W123/><G123/><T129/><D114/><U100/><E100/><V122/><F122/><W128/><G128/><T86/><D129/><U9/><E9/><V13/><F13/><N who="3" m="9359" /><G93/><T36/><D36/><U7/><E108/><V3/><F3/><W116/><G84/><T132/><D132/><U101/><E134/><V99/><F90/><W25/><G116/><T26/><D73/><U28/><E74/><V102/><F102/><W80/><G80/><T72/><D72/><U124/><E124/><V20/><F20/><W4/><AGARI ba="0,0" hai="0,4,10,25,30,32,43,46,50,65,67" m="9359" machi="4" ten="30,4000,0" yaku="24,1,52,1,54,1" doraHai="34" who="3" fromWho="3" sc="250,-10,250,-20,302,-10,198,40" /><INIT seed="2,0,0,0,1,105" ten="240,230,292,238" oya="2" hai0="36,118,125,26,123,58,25,94,21,6,112,76,119" hai1="10,38,135,57,62,126,82,127,47,2,78,14,49" hai2="130,86,114,104,73,79,116,66,40,108,35,24,60" hai3="96,67,45,72,64,22,81,85,92,5,34,65,9"/><V48/><F114/><W99/><G72/><T52/><D36/><U83/><E38/><V74/><F116/><W61/><G34/><T54/><D112/><U30/><E135/><V59/><F104/><W39/><G22/><T42/><D123/><U131/><E2/><V128/><F108/><W120/><G120/><T115/><D42/><U95/><E131/><N who="2" m="50219" /><F79/><W13/><G61/><T77/><D115/><U37/><E37/><V122/><F86/><W41/><REACH who="3" step="1"/><G92/><REACH who="3" ten="240,230,292,228" step="2"/><T89/><D119/><U97/><E95/><V91/><F122/><W46/><G46/><T87/><D118/><U32/><E47/><N who="2" m="25703" /><F91/><AGARI ba="0,1" hai="5,9,13,39,41,45,64,65,67,81,85,91,96,99" machi="91" ten="40,1300,0" yaku="1,1,53,0" doraHai="105" doraHaiUra="19" who="3" fromWho="2" sc="240,0,230,0,292,-13,228,23" /><INIT seed="3,0,0,5,1,55" ten="240,230,279,251" oya="3" hai0="72,63,71,91,119,54,103,135,114,51,40,117,22" hai1="56,30,133,89,74,1,32,36,116,73,122,47,94" hai2="66,11,60,15,42,118,46,29,39,45,99,131,105" hai3="130,43,90,17,85,59,106,67,20,109,14,48,31"/><W80/><G106/><T9/><D72/><U26/><E122/><V92/><F118/><W62/><G109/><T102/><D114/><U79/><E116/><V86/><F131/><W78/><G130/><T10/><D135/><U52/><E133/><V95/><F29/><W24/><G43/><T34/><D34/><U41/><E1/><V0/><F46/><W127/><G48/><T70/><D40/><U97/><REACH who="1" step="1"/><E79/><REACH who="1" ten="240,220,279,251" step="2"/><V96/><F0/><W50/><G127/><T111/><D119/><U123/><E123/><V44/><F39/><W108/><G108/><T18/><D117/><U121/><E121/><V76/><F76/><W83/><G50/><AGARI ba="0,1" hai="26,30,32,36,41,47,50,52,56,73,74,89,94,97" machi="50" ten="30,7700,0" yaku="1,1,7,1,52,1,54,1,53,0" doraHai="55" doraHaiUra="98" who="1" fromWho="3" sc="240,0,220,87,279,0,251,-77" /><INIT seed="4,0,0,2,4,5" ten="240,307,279,174" oya="0" hai0="41,108,26,50,70,2,133,106,7,73,117,35,121" hai1="9,0,51,12,8,24,125,104,78,15,31,27,33" hai2="66,85,10,57,48,61,69,62,44,105,83,54,112" hai3="89,71,122,81,18,23,132,32,3,45,113,109,60"/><T59/><RYUUKYOKU type="yao9" ba="0,0" sc="240,0,307,0,279,0,174,0" hai0="2,7,26,35,41,50,59,70,73,106,108,117,121,133" /><INIT seed="4,1,0,5,3,9" ten="240,307,279,174" oya="0" hai0="3,45,69,72,90,50,93,85,63,107,108,38,83" hai1="122,25,13,60,114,19,12,27,16,126,22,26,61" hai2="118,98,101,56,129,17,113,77,76,133,20,70,71" hai3="116,120,41,111,128,99,49,79,127,131,30,7,100"/><T134/><D108/><U121/><E126/><V84/><F118/><W91/><G116/><T40/><D134/><U105/><E105/><V43/><F133/><W65/><G79/><T5/><D107/><U66/><E114/><V57/><F113/><W52/><G111/><T81/><D72/><U51/><E51/><V124/><F43/><W68/><G41/><T35/><D35/><U94/><E94/><V64/><F124/><W95/><G127/><T4/><D38/><U23/><E61/><V78/><F84/><W67/><G120/><T18/><D3/><U103/><E103/><V102/><F102/><W44/><G30/><T47/><D47/><U73/><E73/><V28/><F28/><W135/><G135/><T2/><D2/><U112/><E112/><V21/><F21/><W89/><G7/><N who="0" m="2635" /><D69/><AGARI ba="1,0" hai="12,13,16,19,22,23,25,26,27,60,66,69,121,122" machi="69" ten="40,8000,1" yaku="9,1,52,2,54,1" doraHai="9" who="1" fromWho="0" sc="240,-83,307,83,279,0,174,0" /><INIT seed="5,0,0,0,0,38" ten="157,390,279,174" oya="1" hai0="106,89,40,99,134,120,71,121,119,103,5,64,131" hai1="132,104,65,80,58,41,111,19,44,47,18,123,39" hai2="37,62,116,8,74,22,130,96,128,110,73,4,48" hai3="21,101,61,100,6,33,79,69,66,3,102,107,94"/><U75/><E123/><V43/><F37/><W50/><G50/><T109/><D119/><U112/><E104/><V20/><F116/><W27/><G79/><T67/><D109/><U2/><E2/><V55/><F110/><W88/><G33/><T14/><D89/><U9/><E111/><V84/><F96/><W98/><G6/><T7/><D131/><N who="2" m="50218" /><F62/><W51/><G51/><T105/><D134/><U63/><E132/><V30/><F43/><W52/><G3/><T10/><D7/><U115/><E47/><V1/><F84/><W77/><G77/><T54/><D54/><U35/><E35/><V85/><F85/><W26/><G52/><T24/><D24/><U12/><E75/><N who="2" m="28683" /><F30/><W108/><G108/><T46/><D106/><U78/><E78/><V49/><F49/><W45/><G45/><AGARI ba="0,0" hai="1,4,8,20,22,45,48,55" m="28683,50218" machi="45" ten="30,1000,0" yaku="19,1" doraHai="38" who="2" fromWho="3" sc="157,0,390,0,279,10,174,-10" /><INIT seed="6,0,0,0,1,20" ten="157,390,289,164" oya="2" hai0="72,32,69,103,97,16,133,126,101,63,49,13,110" hai1="107,50,66,24,4,39,108,56,92,15,57,120,9" hai2="64,22,62,90,34,127,78,19,18,26,21,77,36" hai3="88,55,94,86,98,23,89,115,42,17,124,1,105"/><V67/><F36/><W71/><G1/><T130/><D110/><U91/><E107/><V83/><F34/><W118/><G71/><T12/><D72/><U76/><E108/><V6/><F6/><W85/><G118/><T111/><D111/><U104/><E104/><V134/><F127/><W41/><G124/><T11/><D126/><U54/><E39/><V73/><F134/><W52/><G115/><T129/><D133/><U125/><E125/><V109/><F109/><W28/><G28/><T99/><D32/><U114/><E114/><V96/><F78/><W33/><G33/><T84/><D84/><N who="3" m="32361" /><G105/><T60/><D49/><U29/><E76/><V93/><REACH who="2" step="1"/><F62/><REACH who="2" ten="157,390,279,164" step="2"/><W37/><G37/><T79/><D79/><U47/><E120/><V10/><F10/><W27/><G89/><T102/><D63/><U7/><E7/><V128/><F128/><W2/><G2/><T80/><D60/><U40/><E4/><V5/><F5/><W74/><G74/><T43/><D130/><U121/><E9/><V51/><F51/><W95/><G95/><T116/><D129/><U3/><E92/><V70/><F70/><W122/><G122/><T46/><D69/><U25/><E121/><V44/><F44/><W75/><G75/><T48/><D116/><U35/><E50/><V135/><F135/><W38/><G38/><T14/><D80/><U132/><E47/><V58/><F58/><W112/><G112/><T81/><D81/><U0/><E132/><V59/><F59/><W61/><G61/><T31/><D48/><N who="1" m="30791" /><E57/><V30/><F30/><W87/><G87/><RYUUKYOKU ba="0,1" sc="157,-15,390,-15,279,15,164,15" hai2="18,19,21,22,26,64,67,73,77,83,90,93,96" hai3="17,23,27,41,42,52,55,88,94,98" /><INIT seed="6,1,1,0,4,3" ten="142,375,294,179" oya="2" hai0="32,41,130,94,87,62,31,123,80,21,16,49,46" hai1="135,52,82,35,63,90,101,132,68,30,105,77,48" hai2="71,8,127,4,107,106,56,47,65,33,93,25,118" hai3="67,95,86,12,22,11,76,60,40,15,111,14,53"/><V122/><F122/><W120/><G120/><T39/><D123/><U117/><E117/><V97/><F118/><W91/><G111/><T64/><D130/><U23/><E35/><V13/><F71/><W26/><G40/><T110/><D110/><U114/><E114/><V112/><F112/><W27/><G76/><T43/><D94/><U124/><E124/><V100/><F127/><W92/><G92/><T125/><D125/><U58/><E90/><V42/><F65/><W66/><G66/><T134/><D134/><N who="1" m="51243" /><E68/><V99/><F56/><N who="3" m="34831" /><G67/><T57/><D32/><U59/><E105/><V0/><F0/><W36/><G36/><T115/><D115/><U84/><E101/><V6/><F6/><N who="3" m="3191" /><G27/><T50/><D31/><AGARI ba="1,1" hai="14,15,22,26,31,86,91,95" m="3191,34831" machi="31" ten="30,2000,0" yaku="8,1,52,1" doraHai="3" who="3" fromWho="0" sc="142,-23,375,0,294,0,179,33" /><INIT seed="7,0,0,0,1,81" ten="119,375,294,212" oya="3" hai0="50,53,31,18,33,120,105,0,48,24,14,64,11" hai1="45,133,55,128,84,2,106,8,65,134,77,22,74" hai2="17,4,71,115,51,89,40,16,124,12,80,58,79" hai3="113,123,25,102,19,3,34,75,49,94,60,57,37"/><W117/><G37/><T29/><D120/><U63/><E74/><V88/><F71/><W85/><G3/><T114/><D64/><U69/><E106/><V26/><F124/><W87/><G75/><T61/><D114/><U52/><E128/><V30/><F4/><W101/><G123/><T20/><D105/><U7/><E22/><V32/><F17/><W27/><G117/><T122/><D122/><U91/><E77/><V130/><F130/><W112/><G49/><T126/><D126/><U129/><E129/><V118/><F118/><W121/><G121/><T35/><D61/><U21/><E21/><V67/><F115/><N who="3" m="44107" /><G19/><T66/><D66/><U39/><E39/><V131/><F131/><W83/><G34/><N who="0" m="20775" /><D50/><U135/><E45/><V99/><F51/><W68/><G68/><T15/><D48/><U110/><E110/><V72/><F40/><W100/><G94/><AGARI ba="0,0" hai="2,7,8,52,55,63,65,69,84,91,94,133,134,135" machi="94" ten="40,5200,0" yaku="20,1,52,1,54,1" doraHai="81" who="1" fromWho="3" sc="119,0,375,52,294,0,212,-52" owari="119,-38.0,427,53.0,294,9.0,160,-24.0" /></mjloggm>