<mjloggm ver="2.3"><GO type="169" lobby="0"/><UN n0="%E5%A4%A9%E5%B2%A9%E6%88%B8" n1="%E5%A4%A7%E6%AD%A3%E7%BE%A9%E9%87%8E%E7%90%83%E5%A8%98" n2="%E3%81%BE%E3%81%A4%E3%82%86%E3%81%8D" n3="%EF%BC%88%E2%89%A7%E2%96%BD%E2%89%A6%EF%BC%89" dan="17,16,16,19" rate="2145.44,2112.27,2140.49,2316.21" sx="M,F,M,M"/><TAIKYOKU oya="0"/><INIT seed="0,0,0,3,5,21" ten="250,250,250,250" oya="0" hai0="4,32,44,50,43,14,16,68,78,133,38,13,114" hai1="35,82,65,39,70,100,102,105,41,49,7,31,135" hai2="23,12,130,63,55,53,19,91,122,94,26,93,34" hai3="123,9,121,24,132,17,129,96,81,115,89,66,74"/><T30/><D114/><U62/><E105/><V88/><F122/><N who="3" m="46603" /><G132/><T103/><D68/><U57/><E135/><V97/><F130/><W46/><G129/><T18/><D133/><U113/><E113/><V52/><F34/><W67/><G115/><T15/><D4/><U128/><E128/><V22/><F63/><W60/><G46/><T75/><D103/><U33/><E7/><V85/><F55/><W56/><G67/><T101/><D101/><N who="1" m="39019" /><E82/><V0/><F0/><W131/><G131/><T90/><D90/><U95/><E95/><V48/><F48/><W20/><G9/><T47/><D78/><U98/><E98/><V107/><F107/><W71/><G71/><T80/><D80/><U92/><E31/><AGARI ba="0,0" hai="12,19,22,23,26,31,52,53,85,88,91,93,94,97" machi="31" ten="30,8000,1" yaku="7,1,8,1,52,1,54,2" doraHai="21" who="2" fromWho="1" sc="250,0,250,-80,250,80,250,0" /><INIT seed="1,0,0,0,5,63" ten="250,170,330,250" oya="1" hai0="87,97,108,105,37,74,70,90,75,6,4,81,129" hai1="114,9,56,45,78,116,54,119,125,124,26,18,100" hai2="47,57,16,132,121,73,58,93,30,127,19,80,77" hai3="46,72,101,21,123,99,64,31,128,133,14,107,95"/><U98/><E114/><V43/><F121/><W83/><G123/><T86/><D37/><U131/><E45/><V48/><F30/><W85/><G133/><T69/><D108/><U33/><E78/><V96/><F132/><W130/><G46/><T38/><D38/><U17/><E131/><N who="3" m="50218" /><G72/><T23/><D129/><U103/><E33/><V11/><F127/><N who="1" m="48713" /><E100/><V50/><F11/><W65/><G107/><T62/><D105/><N who="1" m="63735" /><E26/><V88/><REACH who="2" step="1"/><F58/><REACH who="2" ten="250,170,320,250" step="2"/><W82/><G31/><T1/><D70/><U28/><E28/><V84/><F84/><W102/><G85/><T120/><D86/><U39/><E9/><V112/><F112/><W135/><G135/><T111/><D87/><U71/><E71/><V89/><F89/><W113/><G113/><T32/><D90/><U27/><E39/><V106/><F106/><W34/><G102/><T126/><D126/><U92/><E92/><V53/><AGARI ba="0,1" hai="16,19,43,47,48,50,53,57,73,77,80,88,93,96" machi="53" ten="30,7900,0" yaku="1,1,0,1,54,2,53,0" doraHai="63" doraHaiUra="118" who="2" fromWho="2" sc="250,-20,170,-39,320,89,250,-20" /><INIT seed="2,0,0,2,5,76" ten="230,131,409,230" oya="2" hai0="92,1,90,87,72,28,101,98,5,31,18,6,40" hai1="129,42,61,51,134,21,111,43,89,86,82,26,25" hai2="49,102,99,57,23,107,73,117,123,63,122,33,96" hai3="93,112,24,83,32,36,80,77,85,41,55,75,74"/><V11/><F33/><W127/><G127/><T58/><D72/><U116/><E116/><V35/><F35/><W4/><G112/><T95/><D40/><U13/><E111/><V9/><F117/><W66/><G66/><T48/><D1/><U45/><E129/><V56/><F73/><W118/><G118/><T81/><D18/><U30/><E134/><V84/><F23/><W15/><G36/><T16/><D95/><U135/><E135/><V52/><F96/><W121/><G41/><T54/><REACH who="0" step="1"/><D16/><REACH who="0" ten="220,131,409,230" step="2"/><N who="1" m="10383" /><E42/><V71/><F9/><W17/><G75/><T104/><D104/><U100/><E30/><AGARI ba="0,1" hai="5,6,28,30,31,48,54,58,81,87,90,92,98,101" machi="30" ten="40,5200,0" yaku="1,1,8,1,52,1,53,0" doraHai="76" doraHaiUra="37" who="0" fromWho="1" sc="220,62,131,-52,409,0,230,0" /><INIT seed="3,0,0,5,2,20" ten="282,79,409,230" oya="3" hai0="64,4,12,114,102,67,84,18,23,56,58,5,39" hai1="129,91,37,120,90,75,125,116,111,24,38,113,121" hai2="6,81,77,29,48,83,112,109,119,51,103,17,71" hai3="13,8,31,19,128,101,45,1,15,131,22,73,108"/><W0/><G73/><T55/><D39/><U33/><E24/><V61/><F112/><W122/><G101/><T132/><D114/><U32/><E90/><V85/><F119/><W118/><G45/><T99/><D132/><U78/><E78/><V124/><F6/><N who="0" m="2666" /><D56/><U59/><E91/><V68/><F103/><W36/><G36/><T127/><D127/><U66/><E66/><V30/><F124/><W79/><G79/><T93/><D84/><U62/><E62/><AGARI ba="0,0" hai="12,18,23,55,58,62,64,67,93,99,102" m="2666" machi="62" ten="30,1000,0" yaku="8,1" doraHai="20" who="0" fromWho="1" sc="282,10,79,-10,409,0,230,0" /><INIT seed="4,0,0,4,2,7" ten="292,69,409,230" oya="0" hai0="19,93,105,58,100,21,52,76,63,91,81,14,37" hai1="71,113,99,127,83,8,50,5,43,27,39,75,62" hai2="82,3,117,124,2,89,90,68,119,36,28,26,132" hai3="59,4,12,70,49,125,74,18,45,53,64,106,80"/><T9/><D37/><U104/><E127/><V108/><F36/><W134/><G125/><T16/><D105/><U25/><E50/><V40/><F124/><W111/><G106/><T130/><D130/><U44/><E113/><V35/><F40/><W110/><G134/><T101/><D81/><U17/><E17/><V77/><F68/><W56/><G4/><T109/><D76/><U94/><E104/><V118/><F132/><W133/><G133/><T79/><D79/><U129/><E129/><V29/><F29/><W95/><G95/><T116/><D116/><U1/><E62/><V102/><F102/><W48/><G80/><T78/><D78/><U98/><E71/><V15/><F108/><W121/><G74/><T128/><D109/><U65/><E65/><V6/><F15/><W23/><G121/><T122/><D122/><U72/><E99/><V92/><F6/><W13/><G70/><T112/><D112/><U22/><E83/><V66/><F66/><W24/><G111/><T114/><D114/><U11/><E11/><V88/><F92/><W20/><G110/><T107/><D107/><U73/><REACH who="1" step="1"/><E22/><REACH who="1" ten="292,59,409,230" step="2"/><V131/><F131/><W32/><G23/><T51/><D128/><U55/><E55/><V86/><AGARI ba="0,1" hai="2,3,26,28,35,77,82,86,88,89,90,117,118,119" machi="86" ten="40,5200,0" yaku="0,1,12,1,54,1" doraHai="7" who="2" fromWho="2" sc="292,-26,59,-13,409,62,230,-13" /><INIT seed="5,0,0,1,4,95" ten="266,46,471,217" oya="1" hai0="6,20,125,132,129,21,128,48,59,102,45,69,56" hai1="64,99,134,85,70,114,37,13,28,24,86,121,42" hai2="5,72,15,27,71,110,96,76,107,38,43,100,35" hai3="104,119,22,81,55,39,11,4,53,90,82,91,46"/><U113/><E121/><V52/><F110/><W10/><G119/><T0/><D69/><U9/><E134/><V67/><F38/><W92/><G104/><T112/><D132/><U30/><E42/><V31/><F43/><W109/><G109/><T98/><D112/><N who="1" m="43115" /><E37/><V51/><F76/><W18/><G39/><T25/><D125/><U3/><E3/><V127/><F72/><W50/><G53/><N who="0" m="29839" /><D0/><U94/><E64/><V122/><F122/><W79/><G79/><T17/><D6/><N who="1" m="3255" /><E70/><V135/><F135/><W2/><G11/><T57/><D21/><N who="1" m="15375" /><E30/><V101/><F127/><W26/><REACH who="3" step="1"/><G90/><AGARI ba="0,0" hai="85,86,90,94,99" m="15375,3255,43115" machi="90" ten="30,2900,0" yaku="15,1,52,1" doraHai="95" who="1" fromWho="3" sc="266,0,46,29,471,0,217,-29" /><INIT seed="5,1,0,1,5,120" ten="266,75,471,188" oya="1" hai0="111,27,80,117,0,77,66,4,33,29,106,97,2" hai1="61,133,5,128,35,46,119,41,19,48,129,132,9" hai2="17,126,96,58,85,18,94,67,32,31,63,78,13" hai3="21,68,135,44,1,26,37,82,7,15,90,70,59"/><U127/><E119/><V100/><F126/><W52/><G135/><N who="1" m="51786" /><E35/><V55/><F32/><W42/><G1/><T116/><D2/><N who="1" m="183" /><E61/><V81/><F31/><W49/><G7/><T104/><D66/><U60/><E60/><V54/><F17/><W87/><REACH who="3" step="1"/><G15/><REACH who="3" ten="266,75,471,178" step="2"/><T69/><D4/><U72/><E127/><V134/><F134/><W131/><G131/><N who="1" m="50250" /><E72/><V14/><F14/><W73/><G73/><T50/><D0/><U83/><E19/><AGARI ba="1,1" hai="19,21,26,37,42,44,49,52,59,68,70,82,87,90" machi="19" ten="30,7700,0" yaku="1,1,7,1,54,1,53,1" doraHai="120" doraHaiUra="51" who="3" fromWho="1" sc="266,0,75,-80,471,0,178,90" owari="266,-13.0,-5,-51.0,471,57.0,268,7.0" /></mjloggm>