<mjloggm ver="2.3"><GO type="97" lobby="0"/><UN n0="%E5%8D%97%E7%8C%9B" n1="%E3%82%A6%E3%83%AB%E3%83%88%E3%83%A9%E7%AB%8B%E7%9B%B4" n2="%E3%83%9E%E3%83%AD%E3%83%B3%E3%81%8F%E3%82%93" n3="%E7%A5%9E%E4%BB%A3%E5%B0%8F%E8%92%94%E2%98%85" dan="15,15,13,15" rate="1973.79,1957.63,1835.96,2039.81" sx="M,M,M,F"/><TAIKYOKU oya="0"/><INIT seed="0,0,0,1,2,9" ten="250,250,250,250" oya="0" hai0="81,92,41,115,87,22,121,119,0,128,68,132,86" hai1="67,134,49,37,118,99,56,42,12,120,29,6,75" hai2="17,105,62,97,1,106,26,135,111,79,24,2,123" hai3="55,109,52,74,95,44,71,31,117,113,84,28,116"/><T18/><D121/><U11/><E118/><V130/><F123/><W108/><G74/><T102/><D119/><N who="3" m="45641" /><G71/><T104/><D115/><U63/><E120/><V10/><F111/><N who="3" m="42571" /><G113/><T58/><D0/><U8/><E75/><V66/><F130/><W114/><G114/><T45/><D68/><U50/><E134/><V5/><F135/><W82/><G95/><T4/><D104/><U15/><E29/><N who="3" m="11338" /><G44/><T88/><D45/><U70/><E70/><V101/><F106/><W27/><G27/><T16/><D92/><U47/><REACH who="1" step="1"/><E99/><REACH who="1" ten="250,240,250,250" step="2"/><V73/><F1/><W7/><G7/><AGARI ba="0,1" hai="6,7,8,11,12,15,37,42,47,49,50,56,63,67" machi="7" ten="30,12000,2" yaku="1,1,2,1,7,1,9,1,52,2,53,0" doraHai="9" doraHaiUra="125" who="1" fromWho="3" sc="250,0,240,130,250,0,250,-120" /><INIT seed="1,0,0,2,3,67" ten="250,370,250,130" oya="1" hai0="33,59,122,25,71,129,65,104,130,112,36,39,86" hai1="72,14,21,48,131,60,114,94,13,64,93,58,28" hai2="43,45,118,69,126,30,109,75,51,4,16,62,87" hai3="73,77,34,32,105,100,74,117,102,124,6,27,83"/><U55/><E72/><V19/><F109/><W11/><G124/><T2/><D112/><U52/><E114/><V98/><F126/><W41/><G41/><T81/><D2/><U61/><E131/><N who="0" m="50185" /><D104/><U17/><E28/><V76/><F75/><W22/><G117/><T110/><D59/><N who="1" m="36927" /><E14/><V70/><F62/><W119/><G119/><T29/><D110/><U79/><E79/><V63/><F63/><W3/><G74/><T78/><D122/><U18/><E18/><V133/><F30/><W26/><G102/><T116/><D116/><U91/><E91/><V53/><F53/><W128/><G128/><T40/><D40/><U38/><E38/><N who="0" m="14377" /><D65/><U134/><E134/><V121/><F121/><W111/><G111/><T66/><D66/><U35/><E35/><V88/><F76/><W101/><G100/><T49/><D49/><U20/><E20/><V123/><F123/><W99/><REACH who="3" step="1"/><G27/><REACH who="3" ten="250,370,250,120" step="2"/><T125/><D125/><U80/><E80/><V84/><F118/><W85/><G85/><T68/><AGARI ba="0,1" hai="25,29,33,68,71,78,81,86" m="14377,50185" machi="68" ten="40,5200,0" yaku="19,1,52,2" doraHai="67" who="0" fromWho="0" sc="250,62,370,-26,250,-13,120,-13" /><INIT seed="2,0,0,1,0,36" ten="312,344,237,107" oya="2" hai0="69,106,126,46,96,11,78,120,105,3,127,45,17" hai1="31,82,66,44,92,40,7,14,113,77,20,104,9" hai2="39,134,26,85,117,115,30,6,75,0,32,97,110" hai3="80,53,79,13,109,133,55,103,70,94,10,83,43"/><V15/><F117/><W49/><G70/><T29/><D120/><U111/><E104/><V57/><F115/><W21/><G133/><T51/><D69/><U135/><E113/><V67/><F134/><W128/><G128/><T56/><D29/><U64/><E135/><V63/><F75/><W61/><G109/><T12/><D78/><U112/><E111/><V23/><F110/><W124/><G124/><N who="0" m="47659" /><D3/><U86/><E86/><V48/><F48/><W54/><G21/><T28/><D28/><U2/><E92/><V59/><F39/><W101/><G61/><T8/><D8/><U130/><E130/><V95/><F85/><W41/><G94/><T38/><D56/><U100/><E100/><N who="3" m="38474" /><G49/><T35/><D35/><U98/><E112/><V123/><F123/><W33/><G33/><T102/><D106/><U24/><E98/><V71/><F0/><W42/><G79/><T25/><D25/><U129/><E129/><V16/><REACH who="2" step="1"/><F6/><AGARI ba="0,0" hai="6,10,13,41,42,43,53,54,55,80,83" m="38474" machi="6" ten="30,7700,0" yaku="8,1,52,3" doraHai="36" who="3" fromWho="2" sc="312,0,344,0,237,-77,107,77" /><INIT seed="3,0,0,5,4,1" ten="312,344,160,184" oya="3" hai0="114,97,134,122,83,128,115,23,7,76,31,71,20" hai1="94,8,70,133,87,126,46,99,19,18,60,78,32" hai2="125,63,66,123,3,132,44,79,22,105,110,67,4" hai3="65,10,48,42,117,104,77,0,135,26,119,112,58"/><W73/><G112/><N who="0" m="43051" /><D71/><U29/><E32/><V14/><F105/><W28/><G104/><T124/><D122/><U90/><E70/><V37/><F123/><W80/><G135/><T59/><D134/><U35/><E35/><V5/><F132/><W107/><G107/><T13/><D97/><U39/><E39/><V84/><F3/><W51/><G65/><T54/><D128/><U34/><E34/><V100/><F100/><W72/><G72/><N who="0" m="43399" /><D31/><U121/><E121/><V81/><F125/><W102/><G102/><T36/><D36/><U131/><E131/><V9/><F22/><W56/><G26/><T95/><D95/><U15/><E133/><V106/><F110/><W55/><G28/><T2/><D2/><U69/><E29/><V101/><F101/><W118/><G42/><T47/><D47/><U12/><E46/><V130/><F130/><W85/><G73/><T86/><D86/><U30/><E30/><V17/><F106/><W27/><G27/><T50/><D124/><U49/><E69/><V62/><F62/><W25/><G25/><T109/><D109/><U129/><E60/><V40/><REACH who="2" step="1"/><F67/><REACH who="2" ten="312,344,150,184" step="2"/><W89/><G0/><T93/><D93/><U74/><E126/><V45/><F45/><W16/><G10/><AGARI ba="0,1" hai="7,10,13,20,23,50,54,59" m="43399,43051" machi="10" ten="30,2000,0" yaku="11,1,52,1" doraHai="1" who="0" fromWho="3" sc="312,30,344,0,150,0,184,-20" owari="342,14.0,344,45.0,150,-35.0,164,-24.0" /></mjloggm>