<mjloggm ver="2.3"><GO type="169" lobby="0"/><UN n0="%61%6D%65%64%69%6F" n1="%E9%8A%80%E9%81%8A%E7%A7%81%E4%BA%BA" n2="%EF%BC%88%E2%89%A7%E2%96%BD%E2%89%A6%EF%BC%89" n3="%E3%83%99%E3%82%BF%E3%82%AA%E3%83%AA%E3%82%B9%E3%82%AF" dan="16,16,19,16" rate="2133.73,2125.38,2306.07,2144.82" sx="M,M,M,M"/><TAIKYOKU oya="0"/><INIT seed="0,0,0,3,5,48" ten="250,250,250,250" oya="0" hai0="21,75,83,35,1,89,98,34,76,121,68,101,65" hai1="95,84,55,124,72,52,97,11,112,43,133,67,28" hai2="66,115,110,29,123,118,93,63,100,134,102,131,125" hai3="7,24,39,45,4,132,44,90,5,13,82,92,2"/><T71/><D121/><U116/><E72/><V109/><F115/><W56/><G2/><T128/><D128/><U103/><E116/><V60/><F134/><W94/><G132/><T77/><D76/><U91/><E133/><V105/><F125/><W78/><G24/><T16/><D1/><U64/><E124/><V37/><F37/><W107/><G107/><T108/><D89/><U114/><E43/><V130/><F105/><W23/><G56/><T126/><D126/><U79/><E79/><V10/><F118/><W111/><G111/><N who="2" m="42505" /><F123/><W96/><G92/><T53/><D65/><N who="1" m="25163" /><E28/><V104/><F104/><W122/><G39/><T87/><D75/><U9/><E114/><V26/><F10/><N who="1" m="3593" /><E112/><V36/><F36/><W80/><G122/><T22/><D108/><U0/><E0/><V117/><F117/><W61/><G61/><N who="2" m="23625" /><F66/><W73/><G82/><AGARI ba="0,0" hai="52,55,82,84,91,95,97,103" m="3593,25163" machi="82" ten="30,7700,0" yaku="8,1,52,2,54,1" doraHai="48" who="1" fromWho="3" sc="250,0,250,77,250,0,250,-77" /><INIT seed="1,0,0,5,3,32" ten="250,327,250,173" oya="1" hai0="2,29,22,116,124,94,92,50,98,17,59,51,86" hai1="48,105,16,95,8,132,76,121,55,80,39,68,82" hai2="130,38,37,58,99,6,112,123,65,47,20,125,66" hai3="107,13,84,131,19,118,122,45,87,106,128,0,35"/><U93/><E105/><N who="3" m="39946" /><G122/><T26/><D116/><U15/><E39/><V10/><F123/><W83/><G35/><T111/><D124/><U36/><E36/><V60/><F125/><W97/><G118/><T70/><D70/><U120/><E68/><V85/><F66/><W89/><G97/><T96/><D2/><U63/><E63/><V42/><F99/><W57/><G45/><T115/><D115/><U74/><E121/><V28/><F112/><W73/><G73/><T134/><D134/><U30/><E120/><V46/><F46/><W25/><G25/><T108/><D86/><U41/><E41/><V12/><F38/><W104/><N who="3" m="39954" /><W129/><DORA hai="44" /><G84/><T72/><D72/><U54/><E132/><V90/><F130/><N who="3" m="33283" /><W21/><DORA hai="102" /><G57/><T27/><D59/><U9/><E74/><V56/><F56/><W62/><G0/><T81/><D81/><U110/><E82/><V1/><F1/><W3/><G3/><T5/><D5/><U67/><E80/><V103/><F85/><W23/><G62/><T135/><D135/><U69/><E69/><V61/><F60/><W33/><G33/><T75/><D75/><U113/><E113/><V64/><F61/><W78/><G23/><T100/><D27/><U77/><E9/><V114/><F10/><W49/><G49/><T117/><D117/><U40/><E48/><N who="0" m="18473" /><D29/><U43/><E30/><V109/><F28/><W11/><G11/><T126/><D126/><U71/><E71/><V52/><F37/><W88/><AGARI ba="0,0" hai="13,19,21,78,83,87,88,89" m="33283,39954" machi="88" ten="60,12000,2" yaku="19,1,52,4,54,1" doraHai="32,44,102" who="3" fromWho="3" sc="250,-30,327,-60,250,-30,173,120" /><INIT seed="2,0,0,2,1,100" ten="220,267,220,293" oya="2" hai0="106,35,25,125,49,50,131,68,128,45,102,22,122" hai1="114,28,65,16,112,84,77,61,57,123,40,134,75" hai2="91,81,127,126,135,101,116,53,58,12,64,88,14" hai3="11,63,32,54,129,94,62,85,13,34,47,69,96"/><V36/><F36/><W59/><G129/><N who="0" m="49739" /><D68/><U74/><E28/><V51/><F116/><W19/><G85/><T23/><D125/><N who="2" m="47626" /><F135/><W115/><G115/><T55/><D122/><U118/><E118/><V103/><F64/><W10/><G47/><T98/><D49/><U113/><E134/><V27/><F27/><W43/><G43/><T4/><D4/><U107/><E123/><V117/><F117/><W70/><G11/><T119/><D119/><U6/><E6/><V9/><F12/><W110/><G110/><T89/><D89/><N who="2" m="34378" /><F81/><W30/><G30/><AGARI ba="0,0" hai="22,23,25,30,35,45,50,55,98,102,106" m="49739" machi="30" ten="30,2000,0" yaku="19,1,52,1" doraHai="100" who="0" fromWho="3" sc="220,20,267,0,220,0,293,-20" /><INIT seed="3,0,0,0,1,108" ten="240,267,220,273" oya="3" hai0="88,67,38,56,92,95,50,82,44,89,97,79,124" hai1="21,43,127,76,116,32,71,85,59,20,28,135,18" hai2="87,13,33,122,90,22,19,110,100,94,63,51,105" hai3="65,112,119,133,0,132,98,73,107,130,15,96,9"/><W81/><G0/><T7/><D38/><U131/><E71/><V47/><F110/><W113/><G119/><T109/><D109/><U115/><E32/><V30/><F122/><W118/><G118/><T40/><D124/><U114/><E116/><V26/><F63/><W91/><G65/><T75/><D7/><U126/><E43/><V134/><F134/><N who="3" m="51819" /><G130/><T41/><D67/><U34/><E34/><V16/><F105/><W68/><G68/><T42/><REACH who="0" step="1"/><D56/><REACH who="0" ten="230,267,220,273" step="2"/><U4/><E59/><V93/><F100/><W103/><G103/><T69/><D69/><U45/><E4/><V17/><REACH who="2" step="1"/><F93/><REACH who="2" ten="230,267,210,273" step="2"/><W46/><G107/><T121/><D121/><U12/><E127/><V35/><F35/><W70/><G70/><T60/><D60/><U74/><E126/><V10/><F10/><W29/><G9/><T120/><D120/><U104/><E135/><V66/><F66/><W27/><G113/><T78/><D78/><U117/><E76/><V8/><F8/><W83/><G112/><T25/><D25/><U58/><E115/><V52/><AGARI ba="0,2" hai="13,16,17,19,22,26,30,33,47,51,52,87,90,94" machi="52" ten="20,8000,1" yaku="1,1,0,1,7,1,54,2,53,0" doraHai="108" doraHaiUra="125" who="2" fromWho="2" sc="230,-20,267,-20,210,100,273,-40" /><INIT seed="4,0,0,2,5,133" ten="210,247,310,233" oya="0" hai0="25,64,39,126,69,103,114,129,48,11,36,72,52" hai1="23,121,29,22,5,79,112,68,46,101,76,100,115" hai2="13,85,124,134,58,35,49,93,53,127,60,81,108" hai3="110,8,59,116,32,28,78,55,18,77,12,74,113"/><T2/><D72/><U34/><E121/><V132/><F108/><W40/><G110/><T45/><D103/><U14/><E68/><V120/><F120/><W66/><G116/><T1/><D25/><N who="1" m="18735" /><E46/><V20/><F35/><W19/><G113/><N who="1" m="43594" /><E101/><V99/><F60/><W135/><G135/><N who="2" m="51753" /><F13/><W87/><G74/><T86/><D129/><U117/><E100/><N who="2" m="60527" /><F20/><N who="1" m="7721" /><E117/><V4/><F4/><W9/><G66/><T42/><D114/><U102/><E102/><V119/><F119/><W98/><G32/><T106/><D106/><U94/><E94/><V104/><F104/><W67/><G67/><T44/><D86/><U27/><E27/><V54/><F53/><W50/><G55/><T90/><D90/><AGARI ba="0,0" hai="49,54,58,81,85,90,124,127" m="60527,51753" machi="90" ten="30,3900,0" yaku="20,1,52,2" doraHai="133" who="2" fromWho="0" sc="210,-39,247,0,310,39,233,0" /><INIT seed="5,0,0,2,5,119" ten="171,247,349,233" oya="1" hai0="114,34,120,86,107,63,110,81,19,33,16,53,80" hai1="75,27,21,83,128,134,51,13,135,88,61,35,94" hai2="14,54,55,20,76,106,15,42,67,23,89,117,39" hai3="131,32,74,44,37,9,105,59,10,68,18,91,8"/><U69/><E128/><V58/><F106/><W40/><G68/><T62/><D107/><U71/><E35/><V45/><F117/><W98/><G74/><T4/><D110/><U78/><E13/><V102/><F102/><W46/><G32/><T60/><D4/><U2/><E2/><V103/><F103/><W30/><G30/><T48/><D114/><U36/><E36/><V0/><F76/><W125/><G125/><T79/><D34/><U56/><E51/><V127/><F0/><W77/><G77/><T97/><D33/><U11/><E11/><V129/><F129/><W126/><G126/><T133/><D133/><N who="1" m="50699" /><E56/><V92/><F14/><W1/><G131/><T95/><D81/><U7/><E61/><V28/><F15/><W26/><G1/><T85/><D86/><N who="1" m="52503" /><E7/><V118/><F118/><W121/><G37/><T50/><D120/><U6/><E6/><V43/><F39/><W5/><G121/><T22/><D53/><U108/><E108/><V49/><F54/><W38/><G38/><T72/><D72/><U115/><E115/><V17/><F58/><W87/><G59/><T84/><D84/><U57/><E57/><V123/><F55/><W52/><G52/><T112/><D112/><U93/><E93/><V122/><F92/><W99/><G5/><T12/><REACH who="0" step="1"/><D19/><AGARI ba="0,0" hai="19,21,27,69,71,75,78,83" m="52503,50699" machi="19" ten="30,2900,0" yaku="20,1,54,1" doraHai="119" who="1" fromWho="0" sc="171,-29,247,29,349,0,233,0" /><INIT seed="5,1,0,5,0,61" ten="142,276,349,233" oya="1" hai0="97,51,69,32,15,70,128,99,129,55,95,122,117" hai1="41,111,115,123,2,118,4,44,25,98,135,5,19" hai2="24,18,86,58,68,0,67,62,22,56,17,42,6" hai3="26,64,52,89,63,14,102,43,131,38,103,72,87"/><U65/><E123/><V20/><F42/><W33/><G72/><T10/><D32/><U130/><E118/><V127/><F127/><W45/><G131/><T27/><D117/><U100/><E130/><V107/><F107/><W94/><G14/><T79/><D122/><U59/><E115/><V133/><F133/><W82/><G82/><T1/><D1/><U57/><E135/><V81/><F6/><W83/><G83/><T66/><D79/><U126/><E126/><V54/><F0/><W90/><G90/><T36/><D36/><U132/><E132/><V23/><F18/><W3/><G3/><T112/><D112/><U101/><E111/><V74/><F74/><W96/><G103/><T40/><D40/><U114/><E114/><V124/><F68/><W80/><G33/><T71/><D27/><U92/><E101/><V31/><F31/><W46/><G26/><T21/><D21/><N who="1" m="13503" /><E2/><V50/><F124/><W35/><G35/><T28/><D28/><U76/><E76/><AGARI ba="1,0" hai="17,20,22,23,24,50,54,56,58,62,67,76,81,86" machi="76" ten="30,3900,0" yaku="7,1,8,1,52,1" doraHai="61" who="2" fromWho="1" sc="142,0,276,-42,349,42,233,0" /><INIT seed="6,0,0,2,2,134" ten="142,234,391,233" oya="2" hai0="34,36,75,103,21,127,63,48,39,53,92,70,27" hai1="67,58,68,9,61,99,24,26,73,35,106,110,37" hai2="115,17,133,121,86,112,66,126,65,0,62,40,130" hai3="3,80,113,79,54,4,45,108,120,8,129,71,105"/><V109/><F0/><W131/><G108/><T81/><D34/><U52/><E110/><V13/><F40/><W104/><G120/><T46/><D75/><U132/><E132/><V22/><F130/><N who="3" m="49675" /><G71/><T5/><D5/><U122/><E122/><V6/><F6/><W93/><G113/><T42/><D81/><U41/><E73/><V49/><F66/><W82/><G93/><T59/><D92/><U117/><E117/><V107/><F107/><N who="3" m="41035" /><G79/><T23/><D103/><U72/><E72/><V97/><F112/><W7/><G4/><T19/><D21/><U98/><E106/><V14/><F115/><W74/><G74/><T135/><D39/><U15/><E37/><V119/><F119/><W116/><G116/><T16/><D135/><U2/><E2/><V56/><F133/><W101/><G101/><T102/><D102/><U31/><E41/><V47/><F109/><W33/><G33/><T69/><D19/><U78/><E78/><V38/><F17/><W125/><G125/><T18/><D18/><U77/><E77/><V25/><F126/><W124/><G124/><T10/><D127/><U118/><E118/><V84/><F38/><W32/><G32/><T96/><D96/><U90/><E35/><V28/><F97/><W60/><G60/><T89/><D10/><U11/><E11/><V1/><F121/><W100/><G100/><T123/><D123/><U114/><E114/><V51/><F86/><W94/><G94/><T85/><D36/><U83/><E99/><V87/><F87/><W88/><G88/><T43/><D42/><U44/><E90/><RYUUKYOKU ba="0,0" sc="142,15,234,-15,391,-15,233,15" hai0="16,23,27,43,46,48,53,59,63,69,70,85,89" hai3="3,7,8,45,54,80,82" /><INIT seed="7,1,0,2,5,50" ten="157,219,376,248" oya="3" hai0="29,49,51,31,135,124,57,13,20,26,130,41,106" hai1="87,77,78,107,67,102,95,36,92,90,113,75,34" hai2="40,53,133,27,44,99,69,3,56,72,80,128,23" hai3="118,1,97,58,59,18,121,22,70,111,89,123,98"/><W52/><G70/><T88/><D106/><U112/><E34/><V48/><F3/><W94/><G118/><T125/><D130/><U15/><E36/><V126/><F69/><W120/><G1/><T66/><D135/><U81/><E67/><V10/><F133/><W84/><G111/><T115/><D115/><N who="1" m="44107" /><E15/><V11/><F128/><W39/><G59/><T83/><D31/><U33/><E33/><V93/><F72/><W37/><G37/><T32/><D32/><U104/><E77/><V114/><F80/><W28/><G39/><T5/><D5/><U45/><E45/><V30/><F114/><W103/><G28/><T63/><D13/><U74/><E74/><V117/><F117/><W64/><G64/><T110/><D110/><U8/><E8/><V131/><F131/><W65/><G65/><T116/><D116/><U9/><E9/><V71/><F71/><W82/><G98/><AGARI ba="1,0" hai="75,78,81,87,90,92,95,98,102,104,107" m="44107" machi="98" ten="30,3900,0" yaku="15,1,34,2" doraHai="50" who="1" fromWho="3" sc="157,0,219,42,376,0,248,-42" owari="157,-34.0,261,6.0,376,47.0,206,-19.0" /></mjloggm>