<mjloggm ver="2.3"><GO type="97" lobby="0"/><UN n0="%E5%A4%A7%E6%A9%8B%E8%99%9A%E6%B3%89" n1="%2D%70%6F%6E%70%6F%6E%2D" n2="%44%72%61%77%64%6F%77%6E" n3="%E3%82%A6%E3%83%AB%E3%83%88%E3%83%A9%E7%AB%8B%E7%9B%B4" dan="14,14,14,14" rate="1953.29,1945.44,1876.21,1895.49" sx="M,M,M,M"/><TAIKYOKU oya="0"/><INIT seed="0,0,0,0,5,83" ten="250,250,250,250" oya="0" hai0="126,42,8,63,112,72,33,2,123,32,49,39,110" hai1="118,47,120,134,90,130,111,48,11,88,41,58,122" hai2="98,27,87,64,15,116,121,19,91,97,132,51,10" hai3="34,66,52,22,36,133,70,61,82,17,6,96,45"/><T106/><D49/><U7/><E118/><V79/><F121/><W44/><G34/><T20/><D63/><U100/><E100/><V3/><F132/><W13/><G133/><T30/><D20/><U14/><E134/><V68/><F116/><W16/><G6/><T102/><D30/><U57/><E130/><V29/><F79/><W101/><G36/><T56/><D56/><U50/><E111/><V26/><F3/><W129/><G129/><T103/><D42/><U46/><E120/><V71/><F51/><W84/><G52/><T124/><D8/><U1/><E1/><V43/><F43/><W115/><G17/><T38/><D103/><U92/><E90/><V37/><F37/><W86/><G115/><T99/><D102/><U21/><E21/><V78/><F78/><W28/><G28/><T119/><D99/><U77/><E77/><V40/><F40/><W127/><G127/><T55/><D55/><N who="1" m="30103" /><E122/><V35/><F27/><W81/><G81/><T80/><D80/><U125/><E125/><V0/><F0/><W114/><G114/><T62/><D62/><U9/><E9/><V109/><F10/><W54/><G82/><T85/><D85/><AGARI ba="0,0" hai="7,11,14,41,47,50,57,58,85,88,92" m="30103" machi="85" ten="30,3900,0" yaku="8,1,52,1,54,1" doraHai="83" who="1" fromWho="0" sc="250,-39,250,39,250,0,250,0" /><INIT seed="1,0,0,1,3,104" ten="211,289,250,250" oya="1" hai0="38,7,58,124,102,127,42,114,33,70,22,87,73" hai1="75,27,32,48,62,90,5,36,79,131,26,103,132" hai2="119,129,20,37,80,88,52,128,85,39,126,4,46" hai3="125,61,18,72,23,1,67,14,9,110,53,118,92"/><U69/><E36/><V59/><F119/><W35/><G118/><T31/><D114/><U95/><E5/><V117/><F117/><W57/><G125/><T130/><D70/><U94/><E132/><V81/><F126/><N who="0" m="48170" /><D33/><U83/><E131/><N who="2" m="50251" /><F4/><W17/><G110/><T66/><D130/><U11/><E11/><V89/><F46/><W68/><G35/><T74/><D7/><U111/><E111/><V96/><F20/><W40/><G40/><T54/><D66/><U108/><E108/><V60/><F96/><W77/><G1/><T47/><D87/><AGARI ba="0,0" hai="37,39,52,59,60,80,81,85,87,88,89" m="50251" machi="87" ten="30,3900,0" yaku="19,1,54,2" doraHai="104" who="2" fromWho="0" sc="211,-39,289,0,250,39,250,0" /><INIT seed="2,0,0,1,3,62" ten="172,289,289,250" oya="2" hai0="102,54,43,67,55,129,65,87,0,127,7,124,114" hai1="116,99,42,10,81,15,40,132,26,104,79,11,82" hai2="80,44,73,58,49,90,68,16,77,38,123,88,47" hai3="1,8,115,9,19,61,105,69,75,85,29,72,118"/><V6/><F123/><W25/><G85/><T78/><D114/><U59/><E116/><V46/><F68/><W112/><G105/><T53/><D102/><U119/><E119/><V122/><F122/><W48/><G48/><T74/><D74/><U134/><E26/><V120/><F120/><W66/><G118/><T133/><D0/><U131/><E59/><V100/><F38/><W98/><G98/><T110/><D7/><U71/><E71/><V50/><F6/><W94/><G94/><T96/><D96/><U20/><E20/><V13/><F100/><W39/><G39/><T27/><D27/><U63/><E63/><V95/><F58/><W36/><G36/><T24/><D24/><U97/><E15/><V35/><F35/><N who="3" m="20911" /><G19/><T117/><D117/><U56/><E56/><V107/><F107/><W125/><G125/><N who="0" m="48203" /><D133/><U84/><E104/><V121/><F121/><W101/><G101/><T14/><D14/><U22/><E22/><V92/><F92/><W89/><G9/><T33/><D33/><U45/><E45/><V83/><F83/><W70/><G8/><T34/><D34/><U37/><E37/><V108/><F108/><W4/><G4/><T57/><D110/><U31/><E84/><N who="2" m="48143" /><F90/><W60/><G89/><T5/><D5/><U12/><E79/><V91/><F73/><N who="3" m="28235" /><G1/><T18/><D18/><U109/><E109/><V86/><F91/><W128/><G115/><T2/><D2/><U76/><E76/><V52/><F50/><W103/><G112/><T21/><D43/><U23/><E134/><V135/><F135/><W126/><G126/><RYUUKYOKU ba="0,0" sc="172,-10,289,-10,289,30,250,-10" hai2="13,16,44,46,47,49,52,86,88,95" /><INIT seed="2,1,0,2,5,47" ten="162,279,319,240" oya="2" hai0="70,29,61,89,78,133,116,49,1,107,36,68,33" hai1="80,22,100,103,30,101,128,105,50,91,99,92,32" hai2="64,67,127,23,16,10,31,113,41,94,120,51,52" hai3="48,130,96,124,83,84,76,77,37,0,129,17,3"/><V12/><F120/><W9/><G37/><T62/><D1/><U117/><E32/><V132/><F113/><W106/><G124/><T121/><D121/><U2/><E2/><V63/><F127/><W108/><G108/><T119/><D107/><U24/><E117/><N who="0" m="45129" /><D78/><U38/><E38/><V15/><F132/><W55/><G77/><T18/><D33/><U111/><E111/><V21/><F41/><W56/><G9/><T20/><D29/><U110/><E110/><V87/><F31/><W125/><G125/><T35/><D35/><U40/><E128/><N who="3" m="49258" /><G17/><T104/><D104/><U53/><E40/><V44/><F63/><N who="0" m="24074" /><D36/><U97/><REACH who="1" step="1"/><E80/><REACH who="1" ten="162,269,319,240" step="2"/><V46/><F46/><AGARI ba="1,1" hai="22,24,30,46,50,53,91,92,97,99,100,101,103,105" machi="46" ten="30,7700,0" yaku="1,1,2,1,7,1,52,1,53,0" doraHai="47" doraHaiUra="66" who="1" fromWho="2" sc="162,0,269,90,319,-80,240,0" /><INIT seed="3,0,0,2,2,13" ten="162,359,239,240" oya="3" hai0="12,68,46,118,99,1,67,104,115,60,63,108,116" hai1="19,32,73,107,14,21,10,95,64,87,52,28,55" hai2="79,130,96,132,37,27,129,81,111,44,71,128,135" hai3="40,51,4,54,75,23,83,106,103,123,101,0,11"/><W34/><G34/><T29/><D1/><U45/><E73/><N who="2" m="43247" /><F71/><W100/><G123/><T43/><D108/><U84/><E107/><V86/><F111/><W82/><G106/><T121/><D121/><U41/><E64/><V22/><F86/><N who="1" m="32809" /><E32/><V16/><F96/><W26/><G40/><AGARI ba="0,0" hai="16,22,27,37,40,44,128,129,130,132,135" m="43247" machi="40" ten="40,5200,0" yaku="19,1,52,1,54,1" doraHai="13" who="2" fromWho="3" sc="162,0,359,0,239,52,240,-52" owari="162,-34.0,359,46.0,291,9.0,188,-21.0" /></mjloggm>