<mjloggm ver="2.3"><GO type="97" lobby="0"/><UN n0="%41%73%61%67%61%6B%69" n1="%52%69%6E%67%79%69" n2="%E7%87%95%E8%BF%94%E3%81%97" n3="%E3%82%A6%E3%83%AB%E3%83%88%E3%83%A9%E7%AB%8B%E7%9B%B4" dan="13,14,13,15" rate="1839.32,1897.09,2059.11,2040.24" sx="M,F,M,M"/><TAIKYOKU oya="0"/><INIT seed="0,0,0,4,0,87" ten="250,250,250,250" oya="0" hai0="55,134,0,133,51,28,65,58,16,71,73,1,68" hai1="19,46,24,64,6,17,5,90,9,74,35,93,124" hai2="66,126,120,60,3,41,84,29,122,81,44,36,10" hai3="33,135,39,70,18,37,118,107,99,34,123,94,20"/><T96/><D73/><U100/><E74/><V8/><F126/><W125/><G118/><T78/><D78/><U109/><E109/><V105/><F105/><W13/><G107/><T25/><D96/><U14/><E124/><V50/><F29/><W95/><G125/><T113/><D113/><U121/><E100/><V88/><F36/><W92/><G70/><N who="0" m="26667" /><D65/><U59/><E121/><V110/><F110/><W117/><G117/><T21/><D28/><U132/><E46/><V131/><F131/><W62/><G62/><T52/><D55/><U119/><E119/><V108/><F108/><W76/><G76/><T54/><D54/><U101/><E101/><V61/><F61/><W83/><G99/><T97/><D97/><U103/><E103/><V56/><REACH who="2" step="1"/><F8/><REACH who="2" ten="250,250,240,250" step="2"/><N who="3" m="6439" /><G37/><T11/><D11/><U86/><E132/><AGARI ba="0,1" hai="0,1,16,21,25,51,52,58,132,133,134" m="26667" machi="132" ten="30,5800,0" yaku="20,1,54,2" doraHai="87" who="0" fromWho="1" sc="250,68,250,-58,240,0,250,0" /><INIT seed="0,1,0,5,1,40" ten="318,192,240,250" oya="0" hai0="80,16,27,103,133,42,70,134,108,78,20,91,53" hai1="54,72,59,14,44,7,126,64,128,12,43,81,106" hai2="111,30,17,98,113,125,69,132,115,57,90,118,86" hai3="25,92,15,100,28,38,39,60,93,131,26,51,105"/><T88/><D70/><U129/><E106/><V75/><F75/><W83/><G131/><N who="1" m="50250" /><E64/><V32/><F69/><W121/><G25/><T87/><D108/><U22/><E126/><V58/><F111/><W96/><G93/><T107/><D42/><U18/><E7/><V9/><F125/><W63/><G63/><T65/><D65/><U23/><E81/><V34/><F132/><N who="0" m="50794" /><D53/><U67/><E67/><V2/><F118/><W48/><G48/><T76/><D76/><U31/><E31/><V71/><F98/><AGARI ba="1,0" hai="16,20,27,78,80,87,88,91,98,103,107" m="50794" machi="98" ten="30,5800,0" yaku="20,1,54,2" doraHai="40" who="0" fromWho="2" sc="318,61,192,0,240,-61,250,0" /><INIT seed="0,2,0,0,3,127" ten="379,192,179,250" oya="0" hai0="23,80,37,131,10,117,29,47,122,2,112,21,56" hai1="71,40,107,73,5,50,126,69,41,120,87,59,4" hai2="18,22,3,99,62,110,64,68,6,55,44,35,113" hai3="70,31,63,27,123,81,53,13,58,72,78,19,98"/><T30/><D112/><U15/><E73/><V129/><F113/><W45/><G70/><T101/><D117/><U32/><E120/><V1/><F35/><W124/><G124/><T9/><D122/><U25/><E126/><V7/><F110/><W102/><G45/><T100/><D37/><U0/><E0/><V57/><F129/><W60/><G123/><T93/><D131/><U95/><E107/><V28/><F28/><W104/><G60/><T128/><D128/><U108/><E108/><V111/><F111/><W118/><G118/><T14/><D47/><U109/><E69/><V88/><F1/><W84/><G72/><T132/><D132/><U79/><E71/><V96/><F3/><W105/><G105/><T8/><D80/><N who="1" m="47519" /><E32/><V48/><F68/><W77/><G77/><T36/><D56/><U46/><E109/><V66/><F66/><W38/><G38/><T52/><D10/><N who="1" m="4551" /><E5/><N who="2" m="1547" /><F88/><W83/><G83/><T65/><D65/><U97/><E59/><V34/><F34/><W134/><G134/><T11/><D30/><U61/><E61/><V17/><F17/><W43/><G31/><T94/><D9/><U89/><E25/><AGARI ba="2,0" hai="18,22,25,44,48,55,57,62,64,96,99" m="1547" machi="25" ten="30,1000,0" yaku="8,1" doraHai="127" who="2" fromWho="1" sc="379,0,192,-16,179,16,250,0" /><INIT seed="1,0,0,2,3,42" ten="379,176,195,250" oya="1" hai0="7,114,13,115,104,22,51,110,86,94,68,80,59" hai1="134,130,81,83,41,39,99,26,14,129,102,87,53" hai2="108,18,75,24,27,124,9,3,105,95,60,50,32" hai3="96,58,6,5,66,65,36,92,76,54,122,46,103"/><U101/><E134/><V132/><F132/><W35/><G35/><T109/><D104/><U79/><E26/><V131/><F105/><W1/><G122/><T34/><D68/><U47/><E53/><V21/><F75/><W116/><G116/><T10/><D34/><U62/><E62/><V31/><F108/><N who="0" m="41578" /><D94/><U11/><E83/><V25/><F131/><N who="1" m="50185" /><E99/><V118/><F118/><W64/><G76/><N who="0" m="46343" /><D22/><U128/><N who="1" m="50193" /><U89/><DORA hai="77" /><E79/><V111/><F111/><W0/><G58/><T72/><D72/><U19/><AGARI ba="0,0" hai="11,14,19,39,41,47,81,87,89,101,102" m="50193" machi="19" ten="40,7800,0" yaku="19,1,52,2" doraHai="42,77" who="1" fromWho="1" sc="379,-26,176,78,195,-26,250,-26" /><INIT seed="1,1,0,4,0,13" ten="353,254,169,224" oya="1" hai0="19,96,93,114,135,116,61,65,36,103,17,6,38" hai1="113,53,34,123,98,134,120,105,9,45,7,84,3" hai2="37,40,115,101,130,102,46,73,67,83,32,42,11" hai3="90,126,66,94,112,10,60,70,74,0,117,68,16"/><U111/><E113/><V82/><F130/><W75/><G112/><T15/><D114/><U108/><E34/><V29/><F115/><W132/><G117/><T21/><D116/><U1/><E134/><V24/><F42/><W51/><G70/><T107/><D135/><U121/><E84/><V118/><F118/><W119/><G119/><T104/><D6/><U59/><E45/><V48/><F67/><W91/><G0/><T57/><REACH who="0" step="1"/><D19/><REACH who="0" ten="343,254,169,224" step="2"/><U28/><E28/><V81/><F73/><W4/><G75/><T63/><D63/><U43/><E3/><V39/><REACH who="2" step="1"/><F11/><REACH who="2" ten="343,254,159,224" step="2"/><W22/><G74/><T47/><D47/><U122/><E122/><V35/><F35/><W12/><G10/><T100/><D100/><AGARI ba="1,2" hai="24,29,32,37,39,40,46,48,81,82,83,100,101,102" machi="100" ten="40,1300,0" yaku="1,1,53,0" doraHai="13" doraHaiUra="129" who="2" fromWho="0" sc="343,-16,254,0,159,36,224,0" /><INIT seed="2,0,0,2,0,56" ten="327,254,195,224" oya="2" hai0="46,104,15,2,48,13,8,95,54,126,129,128,79" hai1="37,107,40,94,41,91,70,4,120,12,118,45,113" hai2="78,75,16,7,73,1,123,106,24,89,33,44,133" hai3="100,87,23,77,84,65,116,125,121,14,31,114,88"/><V97/><F123/><W119/><G121/><T21/><D104/><U57/><E113/><V108/><F133/><W35/><G125/><T68/><D126/><U3/><E3/><V85/><F108/><W83/><G114/><T131/><D68/><U72/><E72/><V50/><F1/><W62/><G100/><T90/><D79/><U130/><E107/><V27/><F7/><W51/><G35/><T109/><D109/><U28/><E70/><V19/><F75/><W69/><G51/><T0/><D21/><U105/><E105/><V122/><F73/><W67/><G67/><T135/><D15/><U63/><E120/><V82/><F106/><W9/><G23/><T11/><D135/><U110/><E110/><V76/><F122/><W39/><G39/><T99/><D11/><U32/><E130/><V103/><F33/><W102/><G102/><T86/><D99/><U92/><E41/><N who="2" m="24847" /><F103/><W5/><REACH who="3" step="1"/><G31/><REACH who="3" ten="327,254,195,214" step="2"/><T38/><D38/><U117/><E28/><V36/><F36/><W34/><G34/><T132/><D132/><U64/><E32/><V98/><F97/><W74/><G74/><T61/><D129/><U112/><E112/><V25/><F98/><W93/><AGARI ba="0,1" hai="5,9,14,62,65,69,77,83,84,87,88,93,116,119" machi="93" ten="20,8000,1" yaku="1,1,0,1,7,1,52,1,54,1,53,0" doraHai="56" doraHaiUra="43" who="3" fromWho="3" sc="327,-20,254,-20,195,-40,214,90" /><INIT seed="3,0,0,1,3,120" ten="307,234,155,304" oya="3" hai0="79,78,86,70,132,22,62,69,119,61,93,48,89" hai1="42,41,59,25,15,115,32,16,122,114,90,98,50" hai2="104,75,74,9,47,36,118,49,63,11,99,37,105" hai3="82,17,40,35,43,44,106,64,85,5,29,3,6"/><W77/><G106/><T8/><D119/><U88/><E122/><V0/><F118/><W95/><G3/><T97/><D70/><U27/><E32/><V2/><F63/><N who="0" m="24074" /><D69/><U135/><E135/><V102/><F49/><N who="3" m="26759" /><G35/><T55/><D132/><U84/><E115/><V116/><F47/><W130/><G130/><T103/><D22/><N who="1" m="11551" /><E114/><V131/><F116/><W13/><G64/><T45/><D8/><U65/><E98/><V117/><F117/><W112/><G112/><T71/><D71/><U7/><E7/><N who="3" m="2570" /><G43/><N who="1" m="16394" /><E65/><V123/><F99/><W31/><G95/><AGARI ba="0,0" hai="45,48,55,78,79,86,89,93,95,97,103" m="24074" machi="95" ten="30,1000,0" yaku="8,1" doraHai="120" who="0" fromWho="3" sc="307,10,234,0,155,0,304,-10" owari="317,42.0,234,-17.0,155,-34.0,294,9.0" /></mjloggm>