<mjloggm ver="2.3"><GO type="97" lobby="0"/><UN n0="%E3%82%A6%E3%83%AB%E3%83%88%E3%83%A9%E7%AB%8B%E7%9B%B4" n1="%E3%81%9C%E3%82%93%E3%81%9F%E3%82%93" n2="%E3%81%A6%E3%82%93%E2%98%86%E3%81%BE%E3%82%8D" n3="%E3%81%A8%E3%82%93%E3%81%8C%E3%82%8A%E3%82%B3%E3%83%BC%E3%83%B3" dan="15,14,14,14" rate="2008.61,1945.93,1912.05,1870.07" sx="M,M,F,M"/><TAIKYOKU oya="0"/><INIT seed="0,0,0,4,4,102" ten="250,250,250,250" oya="0" hai0="85,53,113,35,1,24,27,31,79,108,17,97,84" hai1="68,130,41,10,34,66,122,74,109,39,58,5,90" hai2="78,48,111,80,129,70,86,20,29,134,107,77,9" hai3="56,117,82,47,73,38,36,105,120,50,83,49,61"/><T11/><D113/><U100/><E90/><V18/><F107/><W33/><G117/><T3/><D85/><U8/><E58/><V13/><F134/><W76/><G105/><T44/><D84/><U57/><E57/><V2/><F70/><W101/><G101/><T110/><D79/><U22/><E22/><V0/><F129/><W7/><G33/><T128/><D97/><U45/><E10/><V51/><F111/><N who="0" m="42538" /><D53/><U106/><E109/><V94/><F94/><W25/><G25/><N who="0" m="18927" /><D44/><U81/><E66/><V62/><F62/><W42/><G120/><T43/><D43/><U52/><E122/><V116/><F116/><W16/><G7/><T96/><D96/><U124/><E68/><V64/><F64/><W30/><G30/><T60/><D60/><U69/><E69/><V23/><F29/><W99/><G99/><T89/><D89/><U87/><E100/><V91/><F0/><N who="0" m="74" /><D128/><U125/><E130/><V114/><F2/><W88/><G38/><T28/><D28/><U14/><E106/><V55/><F114/><W46/><G46/><T4/><D4/><U65/><E45/><V135/><F51/><W12/><G61/><T40/><D40/><U15/><E5/><V19/><F77/><W131/><G56/><T54/><D54/><U123/><E52/><V133/><F78/><W67/><G67/><T93/><D93/><U72/><E65/><V121/><F55/><W71/><G71/><T104/><D104/><U103/><E41/><V75/><F48/><W21/><G131/><T59/><D59/><U112/><E39/><V37/><F37/><RYUUKYOKU ba="0,0" sc="250,15,250,-15,250,-15,250,15" hai0="11,17,24,27" hai3="12,16,21,36,42,47,49,50,73,76,82,83,88" /><INIT seed="0,1,0,2,5,79" ten="265,235,235,265" oya="0" hai0="25,88,133,90,76,26,61,62,3,91,81,119,29" hai1="31,12,45,37,54,2,52,41,74,103,102,83,5" hai2="104,117,89,73,93,114,105,18,11,128,75,58,129" hai3="44,39,71,116,15,126,78,115,111,19,66,120,51"/><T107/><D3/><U56/><E31/><V43/><F114/><W55/><G116/><T72/><D107/><N who="2" m="41034" /><F43/><W13/><G115/><T100/><D119/><U38/><E12/><V108/><F58/><W127/><G111/><T9/><D100/><U23/><E23/><V124/><F18/><W64/><G39/><T95/><D133/><U69/><E54/><V87/><F11/><N who="3" m="6591" /><G120/><T20/><D95/><U24/><E24/><V85/><F117/><W53/><G78/><T122/><D122/><U36/><E69/><V123/><F123/><W21/><G71/><T7/><REACH who="0" step="1"/><D26/><REACH who="0" ten="255,235,235,265" step="2"/><U32/><E102/><V82/><F108/><W6/><G127/><T84/><D84/><U97/><E103/><V17/><F124/><W16/><G126/><T14/><AGARI ba="1,1" hai="7,9,14,20,25,29,61,62,72,76,81,88,90,91" machi="14" ten="30,11700,0" yaku="1,1,0,1,52,1,54,1,53,0" doraHai="79" doraHaiUra="60" who="0" fromWho="0" sc="255,130,235,-40,235,-40,265,-40" /><INIT seed="0,2,0,1,1,59" ten="385,195,195,225" oya="0" hai0="43,96,56,114,122,5,27,39,51,21,55,79,23" hai1="131,36,135,77,110,102,105,54,18,112,83,86,94" hai2="30,100,75,97,67,76,40,2,92,12,118,19,81" hai3="14,1,91,58,9,129,89,72,119,26,78,25,71"/><T34/><D122/><U3/><E3/><V70/><F2/><W35/><G119/><T117/><D117/><U74/><E36/><V15/><F40/><W17/><G71/><T65/><D114/><U123/><E112/><V113/><F118/><W33/><G129/><T38/><D34/><U104/><E131/><V116/><F116/><W85/><G72/><T130/><D130/><U111/><E123/><V69/><F113/><W73/><G73/><T47/><D79/><U132/><E54/><V63/><F30/><W82/><G1/><T4/><D39/><U93/><E18/><V41/><F41/><W134/><G134/><N who="1" m="51242" /><E74/><V52/><F70/><W44/><G35/><T28/><D23/><U50/><E50/><V13/><REACH who="2" step="1"/><F52/><REACH who="2" ten="385,195,185,225" step="2"/><W62/><G33/><T42/><D42/><U37/><E37/><V88/><F88/><N who="3" m="33867" /><G44/><T101/><D38/><U80/><E80/><V11/><AGARI ba="2,1" hai="11,12,13,15,19,63,67,69,75,76,81,92,97,100" machi="11" ten="20,12000,2" yaku="1,1,0,1,7,1,52,1,53,3" doraHai="59" doraHaiUra="8" who="2" fromWho="2" sc="385,-62,195,-32,185,136,225,-32" /><INIT seed="1,0,0,3,4,13" ten="323,163,321,193" oya="1" hai0="74,93,106,11,32,53,87,61,17,124,122,58,89" hai1="94,125,135,6,132,60,22,16,97,12,88,1,28" hai2="111,126,121,18,15,100,57,127,85,128,105,133,48" hai3="64,36,33,102,2,131,31,75,45,24,103,80,118"/><U72/><E72/><V52/><F105/><W4/><G131/><T109/><D32/><U23/><E125/><N who="2" m="47627" /><F121/><W110/><G110/><T55/><D74/><U14/><E60/><V0/><F0/><W101/><G64/><T92/><D106/><U112/><E112/><V38/><F38/><W62/><G62/><T68/><D68/><U49/><E49/><V59/><F133/><N who="1" m="51273" /><E1/><V134/><F128/><W76/><G118/><T119/><D109/><U25/><E6/><V69/><F111/><W70/><G103/><T34/><D34/><U44/><E44/><N who="2" m="27655" /><F69/><W95/><G95/><T98/><D119/><U71/><E71/><V27/><F134/><W51/><G51/><T50/><D122/><U10/><E14/><V83/><F100/><W56/><G56/><T96/><D124/><U117/><E117/><V104/><F27/><W66/><G66/><T21/><D11/><AGARI ba="0,0" hai="10,11,12,16,22,23,25,28,88,94,97" m="51273" machi="11" ten="30,11600,0" yaku="20,1,52,1,54,2" doraHai="13" who="1" fromWho="0" sc="323,-116,163,116,321,0,193,0" /><INIT seed="1,1,0,2,2,122" ten="207,279,321,193" oya="1" hai0="52,119,16,130,18,72,120,33,84,117,109,25,45" hai1="134,54,89,69,73,22,129,24,37,17,81,78,106" hai2="12,108,68,113,118,103,27,77,1,46,79,51,49" hai3="114,40,97,56,48,80,62,6,31,112,126,96,71"/><U36/><E106/><V20/><F68/><W82/><G71/><T93/><D72/><U107/><E107/><V94/><F118/><W116/><G116/><T91/><D120/><U133/><E69/><V61/><F1/><W99/><G126/><T50/><D119/><U29/><E129/><V83/><F113/><W101/><G101/><T13/><D117/><U95/><E54/><V63/><F12/><W2/><G31/><T76/><D130/><U92/><E29/><V125/><F125/><W100/><G100/><T9/><D109/><U110/><E110/><V127/><F127/><W11/><G114/><T66/><D76/><U53/><E53/><N who="2" m="29879" /><F108/><W121/><G112/><T19/><D33/><U4/><E4/><V74/><F51/><W64/><REACH who="3" step="1"/><G121/><REACH who="3" ten="207,279,321,183" step="2"/><T131/><D131/><U115/><E115/><V75/><F103/><W57/><G57/><T7/><D66/><U60/><E133/><V26/><F75/><W14/><G14/><T39/><D39/><U123/><E134/><V58/><F74/><W42/><G42/><T35/><D35/><U44/><E123/><V34/><F58/><W30/><G30/><T0/><REACH who="0" step="1"/><D25/><REACH who="0" ten="197,279,321,183" step="2"/><U47/><E37/><V28/><F34/><W111/><G111/><T135/><D135/><U86/><E36/><V67/><F27/><W102/><G102/><T41/><D41/><U65/><E73/><N who="2" m="43439" /><F79/><W10/><G10/><AGARI ba="1,2" hai="0,7,9,10,13,16,18,19,45,50,52,84,91,93" machi="10" ten="30,7700,0" yaku="1,1,7,1,54,2,53,0" doraHai="122" doraHaiUra="55" who="0" fromWho="3" sc="197,100,279,0,321,0,183,-80" /><INIT seed="2,0,0,5,4,111" ten="297,279,321,103" oya="2" hai0="11,7,54,76,94,3,66,93,134,91,129,37,6" hai1="13,135,126,15,32,58,40,85,16,42,5,109,102" hai2="99,125,75,9,53,30,124,48,57,73,96,60,114" hai3="74,117,89,35,82,63,122,34,116,25,33,78,80"/><V62/><F30/><W59/><G122/><T8/><D37/><U19/><E32/><V113/><F9/><W17/><G82/><T119/><D119/><U92/><E5/><V23/><F23/><W50/><G50/><T47/><D129/><U61/><E109/><V64/><F75/><W36/><G36/><T87/><D134/><U97/><E135/><V123/><F73/><W86/><G117/><T110/><D66/><U127/><E85/><V21/><F21/><W121/><G116/><T84/><D110/><U46/><E15/><V56/><F99/><W128/><G121/><T77/><D54/><U0/><E0/><V65/><F96/><W81/><G128/><T101/><D47/><U106/><E106/><V90/><F90/><W4/><G4/><T55/><D55/><N who="1" m="34015" /><E46/><N who="2" m="27799" /><F123/><W52/><REACH who="3" step="1"/><G17/><REACH who="3" ten="297,279,321,93" step="2"/><T72/><D72/><U118/><E19/><V70/><F70/><W44/><G44/><T2/><D101/><U22/><E118/><V103/><F103/><W104/><G104/><T88/><AGARI ba="0,1" hai="2,3,6,7,8,11,76,77,84,87,88,91,93,94" machi="88" ten="30,8000,1" yaku="0,1,32,3,54,1" doraHai="111" who="0" fromWho="0" sc="297,90,279,-20,321,-40,93,-20" /><INIT seed="3,0,0,3,2,131" ten="387,259,281,73" oya="3" hai0="49,115,99,54,11,135,104,51,47,77,105,62,93" hai1="56,45,70,68,110,44,4,37,97,83,80,73,111" hai2="108,106,59,50,36,79,52,24,71,18,15,40,102" hai3="35,34,95,89,3,76,30,127,64,23,48,121,128"/><W81/><G121/><T120/><D115/><U0/><E97/><V16/><F108/><W69/><G3/><T133/><D62/><U19/><E19/><V122/><F79/><W103/><G128/><T92/><D77/><U66/><E0/><V61/><F102/><W32/><G127/><T112/><D120/><U14/><E73/><V28/><F106/><W12/><G103/><T8/><D99/><U75/><E75/><V2/><F2/><W63/><G48/><T119/><D112/><U57/><E14/><V42/><F15/><W123/><G123/><T114/><D114/><U101/><E101/><V67/><F42/><W85/><G12/><T1/><D1/><U90/><E90/><V88/><F88/><W41/><G41/><T125/><D47/><U72/><E72/><V13/><F13/><W5/><G5/><T78/><D78/><U107/><E66/><V10/><F10/><W60/><G60/><T132/><D54/><U22/><E22/><V130/><F130/><W86/><REACH who="3" step="1"/><G23/><REACH who="3" ten="387,259,281,63" step="2"/><T43/><D43/><U58/><E110/><V134/><F122/><W98/><G98/><T113/><D113/><U38/><E111/><V7/><F7/><W27/><AGARI ba="0,1" hai="27,30,32,34,35,63,64,69,76,81,85,86,89,95" machi="27" ten="30,3000,0" yaku="1,1,0,1,53,0" doraHai="131" doraHaiUra="94" who="3" fromWho="3" sc="387,-10,259,-10,281,-10,63,40" /><INIT seed="3,1,0,4,1,110" ten="377,249,271,103" oya="3" hai0="16,53,91,46,54,37,59,55,34,121,20,6,51" hai1="11,77,19,62,60,52,120,9,131,36,25,13,17" hai2="30,12,21,89,98,80,18,43,130,27,115,92,126" hai3="117,0,119,107,97,15,78,33,128,24,106,102,105"/><W122/><G122/><T57/><D34/><U50/><E36/><V40/><F130/><W101/><G128/><T48/><D6/><U64/><E131/><V32/><F126/><W4/><G15/><T133/><D133/><U86/><E120/><V125/><F125/><W61/><G61/><T94/><D37/><U26/><E77/><V111/><F111/><W63/><G63/><T123/><D51/><U5/><E86/><V96/><F96/><N who="3" m="61607" /><G78/><T100/><D100/><U127/><E127/><V113/><F80/><W68/><G68/><T134/><D134/><U124/><E124/><V85/><F85/><W104/><G4/><T58/><D123/><U103/><E103/><V29/><F29/><N who="3" m="19623" /><G0/><T22/><D121/><U3/><E19/><V84/><REACH who="2" step="1"/><F98/><REACH who="2" ten="377,249,261,103" step="2"/><W116/><AGARI ba="1,1" hai="97,102,104,106,107,116,117,119" m="19623,61607" machi="116" ten="30,1500,0" yaku="23,1" doraHai="110" who="3" fromWho="3" sc="377,-6,249,-6,261,-6,103,28" /><INIT seed="3,2,0,1,5,55" ten="371,243,255,131" oya="3" hai0="59,29,10,125,13,132,16,36,43,60,45,101,85" hai1="4,111,100,73,17,93,23,126,71,50,113,33,9" hai2="122,91,12,108,11,102,37,70,128,103,61,131,44" hai3="130,78,133,1,47,104,123,8,74,19,51,79,49"/><W110/><G123/><T69/><D69/><U21/><E73/><V22/><F122/><W35/><G35/><T96/><D29/><U68/><E33/><V18/><F108/><W58/><G110/><T64/><D125/><U46/><E126/><V86/><F37/><W98/><G133/><T134/><D85/><U118/><E111/><V76/><F44/><W3/><G130/><T57/><D57/><U83/><E100/><V72/><F70/><W27/><G74/><T66/><D66/><U5/><E93/><V124/><F124/><W95/><G104/><T7/><D7/><U109/><E109/><V114/><F114/><W38/><G38/><T40/><D40/><U92/><E92/><V39/><F39/><W54/><G3/><T127/><D127/><U105/><E105/><V42/><F61/><W88/><G1/><T80/><D80/><U84/><E5/><N who="2" m="3183" /><F42/><N who="3" m="24823" /><G8/><T62/><D62/><U32/><E32/><V87/><F72/><W121/><G121/><T15/><D15/><U115/><E118/><V30/><F30/><W89/><G89/><T0/><D0/><U28/><E28/><V97/><F76/><W63/><G51/><T34/><D34/><U26/><E23/><AGARI ba="2,0" hai="19,23,27,54,58,63,78,79,88,95,98" m="24823" machi="23" ten="30,11600,0" yaku="25,1,8,1,52,1,54,1" doraHai="55" who="3" fromWho="1" sc="371,0,243,-122,255,0,131,122" /><INIT seed="3,3,0,3,3,66" ten="371,121,255,253" oya="3" hai0="24,122,73,103,67,7,28,109,116,52,106,72,95" hai1="56,76,115,53,51,135,99,81,70,5,8,33,40" hai2="133,47,130,90,119,35,32,60,84,0,121,18,21" hai3="131,49,86,42,9,105,102,34,101,88,98,124,2"/><W96/><G34/><T65/><D106/><U69/><E33/><V17/><F121/><W16/><G124/><T123/><D116/><U125/><E125/><V100/><F119/><W93/><G131/><T29/><D7/><U91/><E115/><V82/><F133/><W68/><G68/><T1/><D1/><U110/><E110/><V46/><F130/><W22/><G2/><T45/><D52/><U37/><E135/><V132/><F132/><W61/><G61/><T75/><D75/><U58/><E99/><V128/><F128/><W120/><G9/><T129/><D45/><U104/><E91/><V117/><F117/><W107/><G120/><T27/><D129/><U50/><E104/><V44/><F100/><W114/><G114/><T80/><D80/><U30/><E30/><V43/><F0/><W71/><G71/><T126/><D126/><U97/><E97/><V38/><F60/><W55/><G42/><T54/><D54/><U83/><E37/><V12/><REACH who="2" step="1"/><F18/><REACH who="2" ten="371,121,245,253" step="2"/><W41/><G41/><T94/><D103/><U113/><E113/><V10/><F10/><W59/><G22/><T64/><D122/><U4/><E8/><V78/><F78/><W14/><G14/><T77/><D123/><U92/><E40/><V36/><F36/><W6/><G6/><T39/><D77/><U13/><E76/><V79/><F79/><W15/><G15/><T89/><D39/><U25/><E13/><V23/><F23/><W31/><G31/><T26/><D29/><U85/><E25/><V48/><F48/><W87/><G87/><T20/><D28/><RYUUKYOKU ba="3,1" sc="371,-15,121,-15,245,15,253,15" hai2="12,17,21,32,35,38,43,44,46,47,82,84,90" hai3="16,49,55,59,86,88,93,96,98,101,102,105,107" /><INIT seed="3,4,1,2,2,28" ten="356,106,260,268" oya="3" hai0="51,97,50,89,100,75,30,18,96,43,84,124,87" hai1="44,93,11,24,123,33,26,133,77,52,88,8,68" hai2="130,67,94,5,54,125,27,98,120,121,10,104,76" hai3="36,102,114,92,108,34,105,48,128,115,32,31,23"/><W49/><G36/><T118/><D75/><U19/><E68/><V131/><F104/><W1/><G105/><T64/><D30/><U4/><E123/><N who="2" m="47179" /><F67/><W85/><G1/><T91/><D64/><U9/><E133/><V3/><F125/><W122/><G122/><T62/><D62/><U7/><E77/><V46/><F76/><W40/><G40/><T113/><D18/><U111/><E111/><V61/><F27/><W69/><G69/><T80/><D43/><U83/><E83/><V116/><F116/><W22/><G31/><T55/><D118/><U16/><E44/><V73/><F73/><W135/><G108/><T45/><D124/><U15/><E52/><V109/><F109/><W101/><G85/><T60/><D60/><U39/><E39/><V37/><F37/><W119/><G119/><T0/><D0/><U2/><E88/><N who="2" m="55623" /><F61/><W74/><G74/><T29/><D29/><N who="1" m="19623" /><E93/><V12/><F3/><W21/><G92/><N who="0" m="54335" /><D51/><AGARI ba="4,1" hai="5,10,12,46,51,54,130,131" m="55623,47179" machi="51" ten="30,2000,0" yaku="13,1,54,1" doraHai="28" who="2" fromWho="0" sc="356,-32,106,0,260,42,268,0" owari="324,42.0,106,-39.0,302,10.0,268,-13.0" /></mjloggm>