<mjloggm ver="2.3"><GO type="97" lobby="0"/><UN n0="%E3%82%A6%E3%83%AB%E3%83%88%E3%83%A9%E7%AB%8B%E7%9B%B4" n1="%73%61%69%6F%62%69%72%64" n2="%67%65%6D" n3="%E3%83%98%E3%82%A4%E3%83%9C%E3%83%BC%E3%82%A4" dan="15,14,13,13" rate="1945.02,2006.03,1923.31,1824.71" sx="M,M,F,M"/><TAIKYOKU oya="0"/><INIT seed="0,0,0,2,1,103" ten="250,250,250,250" oya="0" hai0="31,4,72,42,80,54,55,91,89,22,19,96,83" hai1="1,78,113,129,34,90,99,73,58,93,123,17,52" hai2="5,50,29,10,118,82,64,86,21,71,41,39,70" hai3="30,69,49,13,92,51,98,68,3,131,59,35,119"/><T8/><D31/><U11/><E123/><V56/><F118/><W94/><G119/><T9/><D42/><U2/><E113/><V32/><F32/><W28/><G3/><T109/><D109/><U14/><E34/><V46/><F39/><W134/><G35/><T81/><D72/><U115/><E115/><V76/><F64/><W128/><G59/><T126/><D126/><U114/><E114/><V20/><F56/><W7/><G98/><T33/><D33/><U61/><REACH who="1" step="1"/><E129/><REACH who="1" ten="250,240,250,250" step="2"/><V87/><F71/><W108/><G108/><T111/><D111/><U95/><E95/><V15/><F70/><W127/><G127/><T45/><D83/><U85/><E85/><V75/><F87/><W63/><G134/><T23/><D81/><U67/><E67/><V106/><F75/><W53/><G131/><T26/><D80/><U132/><E132/><V40/><F29/><W88/><G128/><T0/><D96/><U6/><E6/><V77/><F76/><W107/><G94/><T117/><D4/><U116/><E116/><V36/><F77/><W100/><G30/><T101/><D117/><U105/><E105/><V65/><F106/><W102/><G28/><T122/><D122/><U79/><E79/><V74/><F65/><W110/><G107/><T27/><D19/><U125/><E125/><V16/><F82/><W24/><G110/><T97/><D97/><U62/><E62/><V66/><F66/><W25/><G63/><T60/><D60/><U38/><E38/><V12/><F86/><W18/><G7/><T104/><D104/><U112/><E112/><RYUUKYOKU ba="0,1" sc="250,-10,240,30,250,-10,250,-10" hai1="1,2,11,14,17,52,58,61,73,78,90,93,99" /><INIT seed="1,1,1,0,1,71" ten="240,270,240,240" oya="1" hai0="96,3,40,35,126,62,42,52,82,23,135,114,76" hai1="92,75,17,125,39,123,54,117,55,102,78,46,7" hai2="127,85,49,30,51,83,132,119,13,31,5,10,94" hai3="91,63,86,84,50,89,4,72,43,81,77,34,9"/><U59/><E123/><V12/><F119/><W110/><G34/><T24/><D35/><U70/><E125/><V109/><F127/><W2/><G110/><T118/><D3/><U0/><E70/><V134/><F109/><W44/><G63/><T18/><D118/><U20/><E117/><V129/><F129/><W131/><G131/><T73/><D126/><U95/><E54/><V87/><F94/><N who="1" m="35881" /><E102/><V88/><F85/><W107/><G107/><T106/><D135/><N who="2" m="51754" /><F13/><W120/><G120/><T99/><D114/><U80/><E55/><V47/><F51/><W25/><G25/><T97/><REACH who="0" step="1"/><D106/><REACH who="0" ten="230,270,240,240" step="2"/><U66/><E66/><V93/><F83/><W45/><G72/><T32/><D32/><U108/><E108/><V53/><AGARI ba="1,2" hai="5,10,12,30,31,47,49,53,87,88,93" m="51754" machi="53" ten="30,2000,0" yaku="20,1,54,1" doraHai="71" who="2" fromWho="2" sc="230,-6,270,-11,240,43,240,-6" /><INIT seed="2,0,0,1,3,104" ten="224,259,283,234" oya="2" hai0="115,27,114,125,29,54,120,101,97,71,132,123,77" hai1="55,78,41,47,10,30,128,108,3,1,18,121,82" hai2="89,99,31,100,80,24,53,26,86,130,38,87,103" hai3="6,93,73,12,22,42,118,67,61,2,59,43,129"/><V14/><F38/><W127/><G118/><T124/><D54/><U111/><E30/><V7/><F130/><W20/><G129/><T107/><D71/><U23/><E128/><V28/><F53/><W94/><G127/><N who="0" m="48715" /><D27/><N who="2" m="10282" /><F7/><W5/><G2/><N who="1" m="522" /><E23/><V32/><F32/><W37/><G37/><T62/><D62/><U131/><E131/><V83/><F14/><W64/><G61/><T19/><D19/><U45/><E55/><V40/><F40/><W119/><G119/><T21/><D21/><U98/><E98/><V113/><F113/><N who="0" m="43018" /><D29/><N who="2" m="11338" /><F99/><W117/><G117/><T116/><D116/><U70/><E41/><V76/><AGARI ba="0,0" hai="76,80,83,86,87,89,100,103" m="11338,10282" machi="76" ten="30,1500,0" yaku="8,1" doraHai="104" who="2" fromWho="2" sc="224,-5,259,-5,283,15,234,-5" /><INIT seed="2,1,0,0,0,78" ten="219,254,298,229" oya="2" hai0="70,82,26,56,80,46,121,101,57,4,74,104,89" hai1="25,41,72,32,49,31,0,83,111,76,126,65,133" hai2="60,105,19,123,94,103,84,15,134,92,21,88,27" hai3="58,43,18,47,75,85,33,64,99,11,96,54,97"/><V59/><F123/><W35/><G75/><T81/><D70/><U98/><E133/><V62/><F134/><W113/><G113/><T24/><D74/><U107/><E126/><V42/><F42/><W23/><G64/><T129/><D121/><U71/><E49/><V93/><F105/><W77/><G11/><T69/><D69/><U100/><E41/><V17/><F103/><W7/><G7/><T118/><D104/><U30/><E30/><V63/><REACH who="2" step="1"/><F59/><REACH who="2" ten="219,254,288,229" step="2"/><W79/><G35/><T128/><D101/><U135/><E135/><V67/><F67/><W110/><G33/><T44/><D57/><U22/><E111/><V6/><F6/><W55/><G110/><T61/><D4/><U9/><E0/><V117/><F117/><W3/><G3/><T53/><D118/><U73/><E65/><V115/><F115/><W130/><G55/><T5/><D5/><U102/><E71/><V34/><F34/><W38/><G54/><T68/><D68/><U87/><E102/><V29/><F29/><W10/><G58/><T125/><D125/><U36/><E32/><V108/><F108/><W40/><G40/><T112/><D112/><U132/><E132/><V13/><F13/><W51/><G43/><T106/><D106/><U37/><E37/><V66/><F66/><W14/><G38/><T114/><D114/><U16/><E36/><V119/><F119/><W12/><G12/><T1/><D1/><U124/><E124/><V8/><AGARI ba="1,1" hai="8,15,17,19,21,27,60,62,63,84,88,92,93,94" machi="8" ten="30,11700,0" yaku="1,1,0,1,8,1,54,1,53,0" doraHai="78" doraHaiUra="109" who="2" fromWho="2" sc="219,-40,254,-40,288,130,229,-40" /><INIT seed="2,2,0,4,1,93" ten="179,214,418,189" oya="2" hai0="111,126,78,96,38,44,11,71,114,125,127,117,43" hai1="33,39,46,32,54,42,55,61,7,56,123,132,90" hai2="23,100,9,8,73,133,4,80,60,12,63,66,68" hai3="121,53,27,69,13,83,77,124,18,51,105,34,94"/><V6/><F133/><W129/><G121/><T36/><D114/><U62/><E132/><V98/><F23/><W15/><G69/><T28/><D117/><U2/><E123/><V10/><F63/><W20/><G105/><T104/><D71/><U84/><E7/><V70/><F73/><W130/><G34/><T99/><D111/><U67/><E2/><V76/><F76/><W119/><G119/><T128/><D128/><N who="3" m="49257" /><G124/><T87/><D104/><U26/><E26/><V50/><F50/><W64/><G64/><T30/><D36/><U106/><E106/><V85/><F70/><W81/><G94/><T92/><D11/><U31/><E67/><V40/><F40/><W103/><G103/><T101/><D78/><U107/><E31/><N who="0" m="11817" /><D101/><U116/><E107/><V86/><F10/><W24/><G24/><T0/><D0/><U131/><E116/><V91/><F85/><N who="3" m="48303" /><G83/><T95/><D92/><U16/><E131/><V25/><F25/><W52/><G53/><T47/><D95/><U118/><E118/><V135/><F135/><W1/><G1/><T89/><D87/><U74/><E74/><V45/><F100/><W115/><G115/><T37/><D89/><U112/><E112/><V75/><F75/><W5/><G5/><T134/><D134/><U109/><E109/><V88/><F6/><W82/><G82/><T3/><D3/><U19/><E33/><V59/><F80/><W122/><G122/><T22/><D22/><U48/><E32/><V21/><F21/><W113/><G113/><T29/><N who="0" m="11825" /><T120/><DORA hai="72" /><D120/><U65/><E39/><RYUUKYOKU ba="2,0" sc="179,15,214,-15,418,-15,189,15" hai0="37,38,43,44,47,96,99,125,126,127" hai3="13,15,18,20,27,51,52" /><INIT seed="3,3,0,3,2,96" ten="194,199,403,204" oya="3" hai0="87,2,76,5,31,52,68,26,63,0,86,7,107" hai1="4,91,42,89,18,65,40,103,88,114,33,98,17" hai2="43,56,3,62,112,15,66,120,59,11,133,22,109" hai3="39,1,118,72,134,101,104,94,100,121,48,111,84"/><W129/><RYUUKYOKU type="yao9" ba="3,0" sc="194,0,199,0,403,0,204,0" hai3="1,39,48,72,84,94,100,101,104,111,118,121,129,134" /><INIT seed="3,4,0,4,2,98" ten="194,199,403,204" oya="3" hai0="17,72,40,64,132,108,114,122,53,93,16,57,25" hai1="15,78,91,129,134,74,110,123,59,6,62,21,0" hai2="130,50,125,121,8,32,100,103,76,14,87,12,65" hai3="126,84,119,42,5,44,48,13,60,29,45,111,80"/><W67/><G119/><T46/><D72/><U90/><E123/><V71/><F32/><W47/><G126/><T89/><D122/><U36/><E0/><V118/><F121/><W135/><G135/><T30/><D108/><U55/><E36/><V94/><F125/><W63/><G111/><T69/><D64/><U56/><E110/><V68/><F118/><W116/><G116/><T11/><D69/><U92/><E134/><V10/><F130/><W7/><G29/><T61/><D11/><N who="1" m="4599" /><E74/><V104/><F104/><W4/><G13/><T81/><D81/><U107/><E107/><V54/><F65/><W49/><G47/><T43/><D114/><U82/><E129/><V102/><F71/><W3/><G67/><T105/><D105/><U37/><E37/><V66/><F66/><W58/><G58/><T120/><D120/><U99/><E59/><N who="2" m="33239" /><F68/><W23/><G23/><N who="0" m="15679" /><D132/><U88/><E21/><V51/><F51/><W34/><G34/><T52/><D53/><U112/><E112/><V83/><F94/><W109/><G109/><T22/><D22/><U124/><E124/><V117/><F117/><W113/><G113/><T2/><D2/><U75/><E75/><V9/><AGARI ba="4,0" hai="8,9,10,12,14,76,83,87,100,102,103" m="33239" machi="9" ten="30,7900,0" yaku="8,1,52,3" doraHai="98" who="2" fromWho="2" sc="194,-24,199,-24,403,91,204,-43" owari="170,-23.0,175,-2.0,494,59.0,161,-34.0" /></mjloggm>