<mjloggm ver="2.3"><GO type="97" lobby="0"/><UN n0="%E3%81%97%E3%81%A4%E3%81%BD" n1="%E3%83%87%E3%83%BC%E3%83%8B%E3%83%83%E3%83%84" n2="%E3%82%A6%E3%83%AB%E3%83%88%E3%83%A9%E7%AB%8B%E7%9B%B4" n3="%61%70%61%70%61%6E%65%35" dan="15,13,15,14" rate="1961.69,1871.66,2003.36,1987.42" sx="M,M,M,F"/><TAIKYOKU oya="0"/><INIT seed="0,0,0,0,1,56" ten="250,250,250,250" oya="0" hai0="90,73,17,23,98,81,34,102,112,85,113,94,53" hai1="82,15,129,50,46,106,89,33,105,18,133,37,71" hai2="45,13,72,111,28,127,128,107,54,63,6,100,88" hai3="87,70,2,99,103,11,20,25,55,44,5,49,79"/><T120/><D120/><U39/><E129/><V64/><F72/><W12/><G70/><T83/><D34/><U65/><E33/><V51/><F111/><W62/><G2/><T35/><D35/><U126/><E133/><V134/><F127/><W38/><G38/><T101/><D81/><U52/><E126/><V30/><F134/><W19/><G79/><T131/><D131/><U124/><E124/><V40/><F128/><W67/><G87/><T21/><D21/><U122/><E122/><V68/><F100/><W24/><G103/><T97/><D53/><U61/><E39/><V80/><F107/><W117/><G99/><T77/><D23/><U116/><E116/><V95/><F80/><W60/><G67/><T86/><D17/><U66/><E66/><V4/><F40/><W41/><G117/><T3/><D3/><U75/><E37/><V32/><F32/><W78/><G78/><T9/><D9/><U48/><E48/><V132/><F132/><W91/><G91/><T74/><D113/><U36/><E36/><V26/><F13/><N who="3" m="5359" /><G41/><T130/><D130/><U118/><E118/><V69/><F69/><W7/><G7/><T115/><D115/><U96/><E96/><N who="0" m="36969" /><D112/><U27/><E27/><AGARI ba="0,0" hai="12,19,20,24,25,27,44,49,55,60,62" m="5359" machi="27" ten="30,3900,0" yaku="8,1,52,2" doraHai="56" who="3" fromWho="1" sc="250,0,250,-39,250,0,250,39" /><INIT seed="1,0,0,0,0,22" ten="250,211,250,289" oya="1" hai0="14,0,135,116,103,75,125,63,89,112,71,26,59" hai1="81,56,40,53,13,12,1,23,35,90,91,80,111" hai2="129,38,134,65,113,122,19,6,49,46,100,86,5" hai3="51,115,83,95,96,119,70,110,132,97,92,48,15"/><U131/><E35/><V78/><F38/><W69/><G119/><T60/><D0/><U58/><E1/><V7/><F134/><W128/><G132/><T41/><D116/><U10/><E131/><V72/><F72/><W31/><G128/><T47/><D75/><U37/><E111/><V64/><F129/><W42/><G115/><T9/><D135/><U36/><E40/><V121/><F113/><W126/><G110/><T57/><D71/><U82/><E23/><V108/><F108/><W43/><G83/><T87/><D103/><U67/><E67/><V105/><F105/><W39/><G39/><N who="1" m="14922" /><E53/><V16/><F100/><W20/><G15/><N who="1" m="5706" /><E10/><V77/><F121/><W2/><G2/><T109/><D112/><U73/><E73/><V130/><F130/><W33/><G33/><T102/><D102/><U32/><E32/><V85/><F122/><W21/><REACH who="3" step="1"/><G31/><REACH who="3" ten="250,211,250,279" step="2"/><T118/><D109/><U45/><E45/><V25/><F7/><W74/><G74/><T27/><D118/><U133/><E133/><V44/><F49/><W79/><G79/><T28/><D28/><U3/><E3/><V99/><F46/><W114/><G114/><T117/><D117/><U94/><E94/><V29/><F44/><W93/><G93/><T68/><D89/><AGARI ba="0,1" hai="56,58,80,81,82,89,90,91" m="5706,14922" machi="89" ten="40,3900,0" yaku="28,2" doraHai="22" who="1" fromWho="0" sc="250,-39,211,49,250,0,279,0" /><INIT seed="1,1,0,2,0,118" ten="211,260,250,279" oya="1" hai0="103,76,38,110,48,35,34,11,130,28,19,88,106" hai1="101,39,73,65,57,129,61,42,58,126,100,121,85" hai2="78,72,56,111,59,89,9,92,114,8,12,49,23" hai3="47,99,124,135,98,50,74,125,43,120,107,96,63"/><U25/><E73/><V115/><F111/><W94/><G107/><T83/><D38/><U10/><E121/><V102/><F102/><W13/><G74/><T51/><D110/><U133/><E126/><N who="3" m="48746" /><G135/><T7/><D130/><U27/><E129/><V112/><F23/><W1/><G1/><T93/><D19/><U21/><E133/><V104/><F104/><W77/><G77/><T3/><D103/><N who="1" m="39499" /><E39/><V122/><F122/><W41/><G94/><T52/><D106/><U123/><E123/><V37/><F37/><W4/><G63/><T134/><D134/><U55/><E42/><V113/><N who="2" m="28672" /><DORA hai="62" /><V109/><F109/><W108/><G108/><T0/><D0/><U71/><E71/><V32/><F32/><W97/><N who="3" m="25088" /><DORA hai="127" /><W132/><G132/><T36/><D36/><U2/><E2/><V75/><F49/><W15/><G43/><T116/><D48/><N who="1" m="30951" /><E10/><V81/><F75/><W87/><G87/><T26/><D11/><U69/><E69/><V95/><F9/><N who="3" m="4263" /><G15/><T90/><D3/><U131/><E131/><V67/><F89/><W16/><G120/><T66/><D88/><U46/><E46/><V68/><F68/><W44/><G44/><T45/><D45/><U54/><E85/><V30/><F59/><W33/><G33/><T86/><D35/><U119/><E119/><V117/><F117/><W20/><G20/><T84/><D116/><U29/><E25/><V14/><F14/><W31/><G31/><T79/><D28/><U82/><E82/><V17/><F30/><W6/><G6/><T40/><D7/><U128/><E128/><RYUUKYOKU ba="1,0" sc="211,-30,260,10,250,10,279,10" hai1="21,27,29,54,58,61,65" hai2="8,12,17,56,67,72,78,81,92,95" hai3="16,41,47,50" /><INIT seed="1,2,0,5,1,53" ten="181,270,260,289" oya="1" hai0="54,87,10,113,134,22,78,49,38,26,77,75,66" hai1="119,14,90,61,74,7,132,99,98,44,101,109,34" hai2="126,56,36,93,43,111,68,12,125,16,92,20,51" hai3="76,80,37,47,72,120,0,71,52,64,21,108,133"/><U63/><E119/><V3/><F68/><W8/><G120/><T130/><D113/><U9/><E34/><V13/><F3/><W39/><G133/><T81/><D38/><U91/><E74/><V128/><F111/><W57/><G108/><T105/><D105/><U11/><E109/><V100/><F128/><W117/><G117/><T102/><D102/><U127/><E132/><V42/><F36/><W4/><G21/><T35/><D35/><U124/><E11/><V85/><F13/><W25/><G25/><T41/><D134/><U116/><E116/><V46/><F43/><N who="3" m="23023" /><G39/><T29/><D130/><U19/><E44/><V1/><F1/><W114/><G114/><T50/><D66/><U121/><E121/><V115/><F115/><W129/><G129/><T32/><D10/><U94/><E7/><V79/><F93/><W95/><G95/><T135/><D135/><U30/><E30/><V48/><F100/><W28/><G28/><T18/><D41/><U84/><E84/><V45/><F45/><W110/><G110/><T103/><D103/><U118/><E118/><V33/><F33/><W60/><G71/><T59/><D50/><U70/><E70/><V2/><F2/><W6/><G6/><T27/><REACH who="0" step="1"/><D75/><REACH who="0" ten="171,270,260,289" step="2"/><U131/><E131/><V40/><F40/><W24/><G24/><T104/><D104/><N who="1" m="63543" /><E91/><AGARI ba="2,1" hai="18,22,26,27,29,32,49,54,59,77,78,81,87,91" machi="91" ten="30,3900,0" yaku="1,1,7,1,52,1,53,0" doraHai="53" doraHaiUra="58" who="0" fromWho="1" sc="171,55,270,-45,260,0,289,0" /><INIT seed="2,0,0,2,1,6" ten="226,225,260,289" oya="2" hai0="125,72,54,106,93,102,77,59,35,99,83,23,98" hai1="115,28,76,135,19,74,30,45,112,133,70,33,84" hai2="95,87,130,5,134,10,9,91,55,94,123,63,107" hai3="50,1,8,75,0,114,44,105,20,101,100,64,43"/><V4/><F107/><W18/><G114/><N who="1" m="43562" /><E74/><V82/><F134/><N who="1" m="51209" /><E70/><V46/><F130/><W32/><G75/><T42/><D35/><U124/><E124/><V34/><F34/><W89/><G32/><T29/><D125/><U69/><E69/><V120/><F123/><W67/><G1/><T117/><D42/><U132/><E132/><V110/><F110/><W56/><G105/><T68/><D68/><U97/><E97/><V73/><F120/><W90/><G101/><T60/><D117/><U11/><E45/><V85/><F73/><W96/><G100/><T81/><D81/><N who="1" m="47143" /><E33/><V41/><F41/><W92/><G90/><T66/><D66/><U131/><E131/><V109/><F109/><W21/><G0/><T52/><D99/><U22/><E11/><N who="2" m="4107" /><F95/><W51/><G67/><N who="0" m="39327" /><D106/><U27/><AGARI ba="0,0" hai="19,22,27,28,30" m="47143,51209,43562" machi="27" ten="30,1100,0" yaku="20,1" doraHai="6" who="1" fromWho="1" sc="226,-3,225,11,260,-5,289,-3" /><INIT seed="3,0,0,1,0,77" ten="223,236,255,286" oya="3" hai0="31,59,35,91,80,102,55,86,4,6,32,127,101" hai1="66,26,10,120,87,38,129,79,21,125,43,44,75" hai2="78,97,67,30,131,50,111,20,132,16,114,39,76" hai3="64,12,70,17,25,56,113,48,8,42,124,54,103"/><W90/><G113/><T51/><D127/><U62/><E120/><V23/><F131/><W40/><G124/><T84/><D32/><U106/><E125/><V108/><F39/><W19/><G103/><N who="0" m="39435" /><D31/><U7/><E106/><V1/><F1/><W22/><G70/><T96/><D96/><U47/><E129/><V18/><F97/><W109/><G64/><T121/><D35/><U83/><E47/><V5/><F67/><W104/><G104/><T85/><D121/><U123/><E123/><V116/><F30/><W81/><G109/><T107/><D107/><U3/><E87/><AGARI ba="0,0" hai="8,12,17,19,22,25,40,42,48,54,56,81,87,90" machi="87" ten="40,3900,0" yaku="8,1,52,1" doraHai="77" who="3" fromWho="1" sc="223,0,236,-39,255,0,286,39" /><AGARI ba="0,0" hai="4,6,51,55,59,80,84,85,86,87,91" m="39435" machi="87" ten="30,2000,0" yaku="8,1,52,1" doraHai="77" who="0" fromWho="1" sc="223,20,197,-20,255,0,325,0" owari="243,-16.0,177,-32.0,255,6.0,325,42.0" /></mjloggm>