<mjloggm ver="2.3"><GO type="97" lobby="0"/><UN n0="%79%6F%73%75%6B%65%30%38" n1="%E4%B8%8A%E9%87%8D%E6%BC%AB" n2="%E3%82%A6%E3%83%AB%E3%83%88%E3%83%A9%E7%AB%8B%E7%9B%B4" n3="%E5%8B%9D%E8%B2%A0%E5%B8%AB%E2%99%AA" dan="14,14,15,15" rate="1904.00,1911.25,2011.40,2023.04" sx="M,F,M,M"/><TAIKYOKU oya="0"/><INIT seed="0,0,0,3,2,130" ten="250,250,250,250" oya="0" hai0="36,84,70,53,58,132,30,59,121,7,114,22,25" hai1="99,78,31,68,73,109,92,11,93,134,119,81,111" hai2="87,101,89,0,102,100,43,108,90,18,116,66,86" hai3="5,63,46,56,131,33,135,29,76,47,51,40,82"/><T110/><D121/><U67/><E119/><V37/><F0/><W123/><G131/><T79/><D114/><U6/><E31/><V52/><F43/><W27/><G123/><T64/><D70/><U127/><E127/><V94/><F37/><W97/><G97/><T117/><D117/><U88/><E134/><V19/><F66/><W23/><G47/><T35/><D36/><U62/><REACH who="1" step="1"/><E93/><REACH who="1" ten="250,240,250,250" step="2"/><N who="2" m="54455" /><F116/><W106/><G135/><T74/><D132/><U54/><E54/><V57/><F108/><W72/><G106/><T71/><D53/><U83/><E83/><V69/><F69/><W80/><G80/><T95/><D110/><U21/><E21/><V126/><F126/><W17/><G5/><T9/><D95/><U55/><E55/><V12/><F12/><AGARI ba="0,1" hai="6,11,12,62,67,68,73,78,81,88,92,99,109,111" machi="12" ten="40,2600,0" yaku="1,1,54,1,53,0" doraHai="130" doraHaiUra="50" who="1" fromWho="2" sc="250,0,240,36,250,-26,250,0" /><INIT seed="1,0,0,0,4,134" ten="250,276,224,250" oya="1" hai0="35,109,101,70,37,92,87,1,59,10,43,105,13" hai1="60,94,63,126,73,78,95,47,15,18,132,74,86" hai2="8,56,66,3,17,93,84,33,11,118,125,129,34" hai3="64,21,9,131,0,65,30,122,52,102,123,40,12"/><U103/><E132/><V42/><F118/><W119/><G119/><T26/><D109/><U57/><E126/><V29/><F42/><W77/><G77/><T115/><D70/><U90/><E60/><V96/><F84/><W104/><G40/><T106/><D1/><U83/><E47/><V68/><F68/><W120/><G0/><T91/><D115/><U53/><E95/><V111/><F111/><W49/><G131/><T36/><D59/><U98/><REACH who="1" step="1"/><E78/><REACH who="1" ten="250,266,224,250" step="2"/><V22/><F125/><W6/><G123/><T38/><D106/><U76/><E76/><V61/><F129/><W121/><G104/><T67/><D105/><U39/><E39/><V72/><F61/><W75/><G75/><T54/><D38/><U79/><E79/><V48/><F93/><W46/><G102/><T4/><D101/><U85/><E85/><V50/><F72/><W100/><G100/><T14/><D37/><U45/><E45/><V88/><F96/><W99/><G99/><T55/><D36/><U23/><AGARI ba="0,1" hai="15,18,23,53,57,63,73,74,83,86,90,94,98,103" machi="23" ten="20,3900,0" yaku="1,1,0,1,7,1,53,0" doraHai="134" doraHaiUra="69" who="1" fromWho="1" sc="250,-13,266,49,224,-13,250,-13" /><INIT seed="1,1,0,2,2,6" ten="237,315,211,237" oya="1" hai0="18,27,31,0,21,97,110,40,57,20,38,93,80" hai1="121,56,77,60,15,130,76,44,91,42,43,50,99" hai2="88,123,119,116,29,13,35,71,51,28,83,17,134" hai3="75,23,45,25,53,11,115,126,36,94,34,47,33"/><U46/><E121/><V7/><F71/><W66/><G115/><T48/><D110/><U95/><E130/><V114/><F123/><W12/><G75/><T70/><D70/><U4/><E4/><V103/><F114/><W128/><G128/><T32/><D32/><U87/><E15/><V98/><F134/><W67/><G126/><T78/><D38/><U19/><E19/><V73/><F7/><W111/><G111/><T39/><D39/><U24/><E24/><V131/><F131/><W3/><G3/><T37/><D37/><U84/><E46/><V105/><F51/><W118/><G118/><T58/><D0/><U89/><E43/><V106/><F106/><W41/><G33/><T5/><D5/><U117/><E117/><V92/><F29/><W113/><G34/><T8/><D8/><U69/><E69/><V9/><F28/><W107/><G107/><T122/><D122/><U129/><E129/><V62/><F62/><W82/><G82/><T72/><D48/><U74/><E74/><V63/><F63/><W26/><G26/><T49/><D49/><U54/><REACH who="1" step="1"/><E99/><REACH who="1" ten="237,305,211,237" step="2"/><V108/><F108/><W120/><G120/><T96/><D40/><U1/><E1/><V127/><F35/><W52/><G45/><T79/><D97/><U102/><E102/><V22/><F119/><W109/><G113/><T112/><D112/><U16/><E16/><V55/><F116/><W85/><G109/><T124/><D31/><U133/><E133/><V86/><F17/><W68/><G68/><T65/><D18/><U101/><E101/><V14/><F103/><RYUUKYOKU ba="1,1" sc="237,-10,305,30,211,-10,237,-10" hai1="42,44,50,54,56,60,76,77,84,87,89,91,95" /><INIT seed="1,2,1,1,0,38" ten="227,335,201,227" oya="1" hai0="80,34,127,45,130,94,102,68,44,96,124,32,87" hai1="14,49,132,71,109,90,30,77,55,52,60,95,57" hai2="88,110,66,93,16,20,28,43,108,67,1,134,116" hai3="13,103,98,111,12,37,126,101,25,135,2,61,41"/><U129/><E129/><V56/><F1/><W83/><G2/><T82/><D68/><U75/><E30/><V107/><F107/><W119/><G119/><T29/><D130/><U72/><E132/><V92/><F92/><W70/><G135/><T11/><D11/><U50/><E77/><V5/><F5/><W112/><G112/><T123/><D123/><U24/><E24/><N who="2" m="14343" /><F134/><W9/><G111/><N who="2" m="42537" /><F116/><W27/><G126/><N who="0" m="48171" /><D29/><U17/><E109/><V114/><F114/><W19/><G13/><T84/><D84/><N who="1" m="52679" /><E71/><V133/><F133/><W120/><G120/><T22/><D22/><N who="1" m="11575" /><E72/><V117/><F28/><W36/><G36/><T63/><D63/><N who="1" m="36263" /><E75/><V40/><F117/><W42/><G37/><T62/><D62/><U53/><E55/><V97/><F67/><W10/><G70/><T8/><D8/><U86/><E86/><V4/><F4/><W48/><G61/><AGARI ba="2,1" hai="40,43,56,61,66,88,93,97" m="42537,14343" machi="61" ten="30,8000,1" yaku="14,1,52,2,54,2" doraHai="38" who="2" fromWho="3" sc="227,0,335,0,201,96,227,-86" /><INIT seed="2,0,0,4,4,75" ten="227,335,297,141" oya="2" hai0="88,23,44,135,73,11,4,37,45,106,96,98,131" hai1="82,51,31,118,129,77,32,85,115,112,78,66,26" hai2="12,130,9,120,109,68,111,28,103,38,74,72,128" hai3="108,117,133,22,127,24,114,34,134,65,121,93,116"/><V57/><F68/><W20/><G65/><T71/><D71/><U16/><E118/><V21/><F38/><W64/><G64/><T52/><D131/><N who="2" m="50218" /><F120/><W99/><G121/><T36/><D135/><N who="3" m="51721" /><G93/><T2/><D73/><N who="2" m="28266" /><F103/><W89/><G89/><T41/><D23/><N who="3" m="8745" /><G99/><T61/><D106/><U49/><E66/><V110/><F57/><W47/><G47/><T40/><REACH who="0" step="1"/><D88/><REACH who="0" ten="217,335,297,141" step="2"/><U19/><E129/><V46/><F21/><W54/><G116/><T17/><D17/><U91/><E16/><N who="2" m="8207" /><F46/><W58/><G117/><T13/><D13/><U124/><E19/><V39/><F39/><W100/><G100/><T97/><D97/><U113/><E115/><V90/><F90/><W1/><G114/><T95/><D95/><U62/><E113/><V102/><F102/><W43/><G1/><T76/><D76/><U50/><E78/><V59/><F59/><AGARI ba="0,1" hai="2,4,11,36,37,40,41,44,45,52,59,61,96,98" machi="59" ten="40,8000,1" yaku="1,1,9,1,54,1,53,1" doraHai="75" doraHaiUra="48" who="0" fromWho="2" sc="217,90,335,0,297,-80,141,0" /><INIT seed="3,0,0,2,4,118" ten="307,335,217,141" oya="3" hai0="101,59,89,117,95,33,61,75,100,18,2,24,34" hai1="15,71,48,99,41,77,91,106,16,58,26,8,124" hai2="64,53,109,27,107,93,51,80,62,35,112,36,70" hai3="19,67,72,135,115,56,84,17,74,12,88,6,57"/><W40/><G115/><T65/><D117/><U131/><E71/><V22/><F109/><W81/><G135/><T10/><D75/><U108/><E108/><V103/><F112/><W73/><G40/><T87/><D2/><U92/><E124/><V114/><F114/><W32/><G32/><T113/><D113/><U52/><E131/><V76/><F36/><W60/><REACH who="3" step="1"/><G57/><REACH who="3" ten="307,335,217,131" step="2"/><T69/><D34/><U23/><E41/><V46/><F35/><W126/><G126/><T4/><D33/><U82/><E106/><V66/><F107/><W102/><G102/><T63/><D101/><U86/><E8/><AGARI ba="0,1" hai="6,8,12,17,19,56,60,67,72,73,74,81,84,88" machi="8" ten="40,3900,0" yaku="1,1,54,1,53,0" doraHai="118" doraHaiUra="50" who="3" fromWho="1" sc="307,0,335,-39,217,0,131,49" /><INIT seed="3,1,0,0,5,112" ten="307,296,217,180" oya="3" hai0="89,116,120,108,132,31,122,17,22,3,47,25,23" hai1="76,70,10,29,44,103,73,95,119,72,79,127,83" hai2="5,13,125,63,109,134,88,114,19,80,1,105,51" hai3="45,126,53,131,32,12,48,8,101,96,135,60,59"/><W99/><G135/><T115/><D116/><U2/><E70/><V98/><F114/><W33/><G131/><T26/><D115/><U118/><E29/><V50/><F134/><W71/><G71/><T20/><D132/><U64/><E127/><V15/><F1/><W56/><G126/><T92/><D108/><U66/><E44/><V35/><F35/><W94/><G56/><T49/><D3/><U18/><E103/><V128/><F105/><W117/><G99/><T93/><D23/><U65/><E95/><N who="2" m="56679" /><F109/><W58/><G58/><T9/><D9/><U107/><E107/><V4/><F63/><W133/><G117/><N who="1" m="44554" /><E18/><V57/><F128/><W61/><G61/><T40/><D93/><U14/><E14/><N who="2" m="5131" /><F19/><W78/><G78/><N who="1" m="29738" /><E83/><V100/><F100/><W124/><G133/><T97/><AGARI ba="1,0" hai="17,20,22,25,26,31,40,47,49,89,92,97,120,122" machi="97" ten="20,1500,0" yaku="0,1,7,1" doraHai="112" who="0" fromWho="0" sc="307,18,296,-5,217,-5,180,-8" owari="325,43.0,291,9.0,212,-19.0,172,-33.0" /></mjloggm>