<mjloggm ver="2.3"><GO type="97" lobby="0"/><UN n0="%E3%82%A6%E3%83%AB%E3%83%88%E3%83%A9%E7%AB%8B%E7%9B%B4" n1="%E8%BF%A6%E9%99%B5%E9%A0%BB%E4%BC%BD" n2="%E7%A7%98%E6%9B%B8%E4%BF%82" n3="%28%23%EF%BC%9E%CF%89%EF%BC%9C%29" dan="14,15,13,14" rate="1922.84,2034.48,1817.10,1993.74" sx="M,F,M,M"/><TAIKYOKU oya="0"/><INIT seed="0,0,0,2,1,59" ten="250,250,250,250" oya="0" hai0="88,14,96,6,109,74,20,119,34,22,89,18,79" hai1="123,121,108,102,40,104,65,48,70,133,53,57,2" hai2="12,16,60,120,23,33,39,91,3,41,32,69,83" hai3="106,8,55,111,17,52,51,128,26,125,85,84,31"/><T43/><D34/><U130/><E108/><V68/><F3/><W5/><G111/><T98/><D109/><U116/><E2/><V49/><F120/><N who="1" m="46153" /><E102/><V1/><F39/><W80/><G106/><T94/><D119/><U124/><E104/><V29/><F1/><W46/><G128/><T58/><D6/><U28/><E28/><V30/><F41/><W25/><G125/><T110/><D110/><U54/><E116/><V87/><F49/><W86/><G5/><T0/><D0/><U71/><E133/><V24/><REACH who="2" step="1"/><F60/><REACH who="2" ten="250,250,240,250" step="2"/><W7/><G7/><T9/><D43/><U77/><E40/><V63/><F63/><W105/><G105/><T56/><D56/><U62/><E124/><V78/><F78/><W36/><G36/><T101/><D79/><U90/><E77/><V10/><F10/><W132/><G132/><T117/><D117/><U11/><E11/><V118/><F118/><W100/><G8/><T112/><D58/><U19/><E130/><V75/><F75/><W113/><G51/><T72/><D74/><U66/><E71/><V15/><F15/><W135/><G135/><T50/><D72/><U35/><E70/><V127/><F127/><W37/><G37/><T38/><D50/><U126/><E126/><V97/><F97/><W99/><G99/><T134/><D38/><U131/><E131/><V114/><F114/><W64/><G113/><T61/><D112/><U103/><E48/><V92/><F92/><W67/><G26/><AGARI ba="0,1" hai="12,16,23,24,26,29,30,32,33,68,69,83,87,91" machi="26" ten="40,8000,1" yaku="1,1,9,1,54,1,53,1" doraHai="59" doraHaiUra="82" who="2" fromWho="3" sc="250,0,250,0,240,90,250,-80" /><INIT seed="1,0,0,5,3,31" ten="250,250,330,170" oya="1" hai0="82,132,13,57,96,37,95,69,49,92,117,21,103" hai1="93,78,127,68,123,99,10,18,128,84,112,38,129" hai2="67,76,15,106,113,46,16,115,81,20,133,53,110" hai3="64,59,74,125,11,70,6,56,29,36,104,86,24"/><U66/><E112/><N who="2" m="43083" /><F106/><W55/><G74/><T34/><D37/><U12/><E123/><V47/><F67/><W111/><G104/><T14/><D69/><U85/><E127/><V4/><F133/><W22/><G125/><T131/><D117/><U118/><E38/><V3/><F110/><W33/><G36/><T35/><D132/><U63/><E118/><V1/><F4/><W7/><G111/><T73/><D131/><N who="1" m="50251" /><E78/><V100/><F100/><AGARI ba="0,0" hai="10,12,18,63,66,68,84,85,93,99,100" m="50251" machi="100" ten="30,1500,0" yaku="19,1" doraHai="31" who="1" fromWho="2" sc="250,0,250,15,330,-15,170,0" /><INIT seed="1,1,0,1,1,101" ten="250,265,315,170" oya="1" hai0="77,74,26,83,33,114,54,13,63,71,96,102,110" hai1="60,56,8,90,20,39,15,53,65,107,46,106,47" hai2="19,109,57,80,45,44,79,126,7,1,23,59,11" hai3="67,105,88,82,131,38,117,108,81,36,91,86,62"/><U135/><E20/><V28/><F109/><W4/><G117/><T52/><D114/><U127/><E127/><V37/><F126/><W49/><G108/><T87/><D110/><U3/><E3/><V32/><F32/><W132/><G4/><T43/><D43/><U133/><E90/><V50/><F28/><W51/><G132/><N who="1" m="50762" /><E39/><V97/><F97/><W125/><G125/><T0/><D13/><U5/><E53/><V104/><F104/><AGARI ba="1,0" hai="5,8,15,46,47,56,60,65,104,106,107" m="50762" machi="104" ten="30,11600,0" yaku="20,1,52,3" doraHai="101" who="1" fromWho="2" sc="250,0,265,119,315,-119,170,0" /><INIT seed="1,2,0,0,5,97" ten="250,384,196,170" oya="1" hai0="16,83,37,117,73,57,99,64,10,127,8,48,38" hai1="5,93,23,123,111,98,1,68,82,85,130,53,39" hai2="14,61,34,25,18,11,28,121,7,81,36,102,126" hai3="45,13,35,74,129,87,41,4,84,29,24,88,66"/><U116/><E123/><V119/><F36/><W50/><G74/><T9/><D117/><U124/><E116/><V76/><F121/><W128/><G66/><T77/><D127/><U80/><E39/><V31/><F61/><W65/><G65/><T108/><D108/><U86/><E5/><V113/><F119/><W6/><G84/><T112/><D112/><U92/><E1/><N who="2" m="495" /><F102/><W114/><G114/><T27/><D38/><U110/><E23/><N who="2" m="11735" /><F81/><W101/><G101/><T69/><D37/><U70/><E53/><V46/><F76/><W30/><G30/><T56/><D48/><U122/><E98/><V95/><F46/><W52/><G41/><T33/><D64/><U32/><E32/><V62/><F95/><W131/><REACH who="3" step="1"/><G13/><REACH who="3" ten="250,384,196,160" step="2"/><T42/><D42/><U91/><E91/><V71/><F113/><W40/><G40/><T44/><D73/><U47/><E86/><V115/><F115/><W134/><G134/><T3/><D69/><U0/><E85/><V55/><F71/><W94/><AGARI ba="2,1" hai="4,6,24,29,35,45,50,52,87,88,94,128,129,131" machi="94" ten="30,8000,1" yaku="1,1,0,1,19,1,54,2,53,0" doraHai="97" doraHaiUra="15" who="3" fromWho="3" sc="250,-22,384,-42,196,-22,160,96" /><INIT seed="2,0,0,3,3,32" ten="228,342,174,256" oya="2" hai0="96,111,102,50,69,52,4,98,109,40,33,54,57" hai1="132,131,79,82,94,6,100,128,99,46,80,104,2" hai2="38,77,1,45,101,83,122,74,92,25,66,85,59" hai3="134,116,127,114,34,95,64,47,118,55,49,18,124"/><V44/><F122/><W24/><G64/><T8/><D33/><U67/><E67/><V11/><F38/><W108/><G108/><N who="0" m="41547" /><D69/><U119/><E119/><V65/><F25/><W60/><G114/><T30/><D30/><U17/><E17/><V123/><F123/><W42/><G134/><T51/><D40/><U133/><E46/><V105/><F66/><W29/><G95/><T14/><D102/><U22/><E22/><V72/><F72/><W21/><G60/><T10/><D10/><N who="1" m="2391" /><E94/><V71/><F71/><W97/><G42/><T113/><D113/><U84/><E82/><V28/><F28/><W12/><REACH who="3" step="1"/><G97/><REACH who="3" ten="228,342,174,246" step="2"/><T110/><N who="0" m="41555" /><T120/><DORA hai="58" /><D120/><U27/><E133/><V76/><F65/><W43/><G43/><T31/><D31/><U75/><E132/><V19/><F77/><W129/><G129/><T3/><D98/><U130/><E99/><N who="2" m="61631" /><F59/><W23/><G23/><T125/><D96/><U63/><E104/><V0/><F45/><W5/><G5/><T62/><D4/><U106/><E100/><V135/><F44/><W26/><G26/><T13/><D57/><U35/><E106/><V37/><F37/><W48/><G48/><T121/><D51/><U90/><E63/><V86/><F86/><W61/><G61/><T73/><D50/><U89/><E84/><V78/><F78/><W39/><G39/><T93/><D121/><U7/><E7/><V87/><F87/><W16/><G16/><T107/><D62/><U15/><E15/><N who="2" m="7679" /><F135/><W88/><G88/><AGARI ba="0,1" hai="0,1,74,76,83,85,88,92" m="7679,61631" machi="88" ten="30,11600,0" yaku="24,1,52,2,54,1" doraHai="32,58" who="2" fromWho="3" sc="228,0,342,0,174,126,246,-116" /><INIT seed="2,1,0,1,0,50" ten="228,342,300,130" oya="2" hai0="119,101,115,117,88,53,39,52,81,51,109,58,57" hai1="116,82,15,76,1,95,92,3,43,47,19,25,86" hai2="30,38,56,103,0,84,42,36,79,23,89,26,98" hai3="132,28,74,111,133,87,114,12,112,97,14,134,90"/><V135/><F0/><W77/><G28/><T75/><D39/><U113/><E116/><N who="0" m="44617" /><D109/><U13/><E113/><N who="3" m="43626" /><G14/><T66/><D115/><U46/><E46/><V130/><F135/><W41/><G12/><T5/><D66/><U64/><E64/><V83/><F130/><W44/><G44/><T7/><D101/><U106/><E106/><V121/><F121/><W131/><G41/><T33/><D33/><U62/><E62/><V100/><F42/><W72/><G131/><T128/><D128/><U48/><E3/><V107/><F103/><W4/><G111/><T122/><D122/><U102/><E102/><V96/><F96/><W6/><G4/><T32/><D32/><U73/><E73/><N who="3" m="28266" /><G6/><T29/><D29/><U93/><E1/><V37/><REACH who="2" step="1"/><F56/><REACH who="2" ten="228,342,290,130" step="2"/><W91/><G97/><T45/><D58/><U10/><E43/><V124/><F124/><W68/><G68/><T55/><D57/><U40/><E10/><V2/><F2/><W18/><G18/><T71/><D71/><U123/><E123/><V126/><F126/><W70/><G70/><T99/><D45/><U54/><E40/><V21/><F21/><AGARI ba="1,1" hai="13,15,19,21,25,47,48,54,76,82,86,92,93,95" machi="21" ten="40,2600,0" yaku="8,1,52,1" doraHai="50" who="1" fromWho="2" sc="228,0,342,39,290,-29,130,0" /><INIT seed="3,0,0,2,1,79" ten="228,381,261,130" oya="3" hai0="26,32,21,27,30,125,124,72,130,35,39,69,47" hai1="105,115,0,40,75,109,111,22,57,43,92,135,100" hai2="101,77,51,60,134,127,107,123,13,29,90,106,66" hai3="132,104,73,28,93,12,97,58,24,64,56,120,126"/><W18/><G120/><T15/><D69/><U19/><E75/><V41/><F123/><W128/><G126/><N who="0" m="48747" /><D72/><U81/><E0/><V108/><F127/><W85/><G128/><T54/><D130/><U14/><E105/><V61/><F77/><W84/><G132/><T88/><D15/><U114/><E57/><N who="3" m="22122" /><G73/><T20/><D54/><U113/><E92/><V86/><F134/><W9/><G104/><T110/><D110/><U94/><E100/><V129/><F108/><N who="1" m="41545" /><E94/><V38/><F38/><W6/><G64/><T33/><D88/><U78/><E135/><V44/><F129/><W117/><G117/><T102/><D102/><U119/><E119/><V59/><F29/><W11/><G28/><N who="0" m="17519" /><D39/><U4/><E4/><V1/><F1/><W3/><G3/><T36/><D36/><U2/><E2/><V65/><F101/><N who="3" m="60591" /><G9/><T96/><D96/><U42/><E115/><V63/><F13/><W48/><G48/><T91/><D47/><U67/><E67/><V89/><F89/><W95/><G95/><T68/><D91/><U70/><E70/><V112/><F112/><W23/><AGARI ba="0,0" hai="6,11,12,18,23,24,84,85" m="60591,22122" machi="23" ten="30,1500,0" yaku="8,1" doraHai="79" who="3" fromWho="3" sc="228,-5,381,-5,261,-5,130,15" /><INIT seed="3,1,0,5,2,100" ten="223,376,256,145" oya="3" hai0="0,24,26,98,102,59,86,130,57,132,79,77,32" hai1="74,10,93,133,106,78,61,87,71,115,131,97,27" hai2="88,19,116,9,82,89,85,40,126,127,6,94,55" hai3="41,64,72,113,70,43,35,123,12,122,107,60,90"/><W68/><G113/><T76/><D0/><U52/><E131/><V134/><F116/><W33/><G72/><T3/><D3/><U29/><E115/><V67/><F40/><W109/><G12/><T135/><D86/><U7/><E74/><V38/><F67/><W46/><G90/><T47/><D47/><U53/><E106/><V36/><F19/><W16/><G16/><T23/><D32/><U45/><E71/><V39/><F55/><W95/><G95/><T58/><D130/><U112/><E61/><V125/><F134/><N who="0" m="51242" /><D23/><U62/><E62/><V121/><F121/><W117/><G117/><T110/><D110/><U120/><E45/><V1/><F89/><W56/><G109/><T104/><AGARI ba="1,0" hai="24,26,57,58,59,76,77,79,98,102,104" m="51242" machi="104" ten="40,2700,0" yaku="20,1,52,1" doraHai="100" who="0" fromWho="0" sc="223,30,376,-8,256,-8,145,-14" owari="253,5.0,368,47.0,248,-15.0,131,-37.0" /></mjloggm>