<mjloggm ver="2.3"><GO type="97" lobby="0"/><UN n0="%E2%98%86%4E%41%42%45%E2%98%86" n1="%E5%B9%B3%E5%92%8C%E4%BF%A1%E8%80%85" n2="%E3%82%A6%E3%83%AB%E3%83%88%E3%83%A9%E7%AB%8B%E7%9B%B4" n3="%E5%86%A8%E6%A8%AB%E7%BE%A9%E5%8D%9A" dan="14,13,15,14" rate="1942.84,1867.85,1980.84,1912.31" sx="F,M,M,M"/><TAIKYOKU oya="0"/><INIT seed="0,0,0,3,1,119" ten="250,250,250,250" oya="0" hai0="97,102,34,105,56,3,67,14,54,64,31,77,90" hai1="93,132,100,98,66,130,13,89,110,26,85,12,79" hai2="75,59,20,118,81,36,8,25,69,30,123,65,23" hai3="44,120,29,113,2,40,16,57,115,7,5,63,99"/><T53/><D3/><U42/><E130/><V78/><F118/><W91/><G29/><T50/><D77/><U129/><E129/><V15/><F36/><W103/><G91/><T128/><D128/><U107/><E132/><V10/><F69/><W9/><G7/><T51/><D14/><U117/><E117/><V88/><F123/><W35/><G35/><T71/><D71/><U124/><E124/><V106/><F106/><W55/><G120/><T17/><D17/><U28/><E66/><V104/><F104/><W112/><G16/><T108/><D108/><U68/><E68/><V84/><F23/><W49/><REACH who="3" step="1"/><G115/><REACH who="3" ten="250,250,250,240" step="2"/><T86/><D31/><U62/><E110/><V72/><F10/><W74/><G74/><T18/><D34/><U48/><E79/><V21/><F21/><W116/><G116/><T41/><D18/><U114/><E114/><V96/><F78/><W131/><G131/><T73/><D73/><U52/><E28/><V1/><F1/><W87/><G87/><T70/><D70/><U126/><E85/><V46/><F75/><W135/><G135/><T60/><D90/><U122/><E89/><V45/><F72/><W76/><G76/><T94/><D86/><U101/><E122/><V32/><F32/><W4/><G4/><T111/><D111/><U27/><E101/><V95/><F8/><W133/><G133/><T33/><D33/><U127/><E100/><N who="2" m="60447" /><F15/><W58/><G58/><T37/><D56/><U11/><E13/><V92/><F81/><W80/><G80/><T6/><D102/><U19/><E12/><V24/><F24/><RYUUKYOKU ba="0,1" sc="250,-15,250,-15,250,15,240,15" hai2="20,25,30,45,46,59,65,84,88,92" hai3="2,5,9,40,44,49,55,57,63,99,103,112,113" /><INIT seed="1,1,1,0,1,76" ten="235,235,265,255" oya="1" hai0="24,89,50,106,48,36,4,25,53,39,108,32,113" hai1="21,57,86,29,5,66,43,100,65,77,105,107,12" hai2="72,93,17,62,112,9,133,60,109,22,90,99,73" hai3="30,84,126,45,10,19,122,61,70,78,81,67,115"/><U46/><E105/><V6/><F112/><W74/><G115/><T52/><D113/><U8/><E107/><V110/><F133/><W42/><G122/><T14/><D106/><U64/><E100/><V0/><F62/><W1/><G30/><T96/><D108/><N who="2" m="41578" /><F60/><W88/><G126/><T58/><D24/><AGARI ba="1,1" hai="0,6,9,17,22,24,72,73,90,93,99" m="41578" machi="24" ten="30,1000,0" yaku="14,1" doraHai="76" who="2" fromWho="0" sc="235,-13,235,0,265,23,255,0" /><INIT seed="2,0,0,2,1,81" ten="222,235,288,255" oya="2" hai0="90,61,75,47,54,94,108,63,30,119,38,76,3" hai1="68,6,7,72,112,98,82,8,20,92,95,60,116" hai2="11,106,48,21,110,64,65,70,51,128,43,115,1" hai3="77,49,134,135,88,132,86,16,79,42,96,66,73"/><V56/><F106/><W25/><G66/><T84/><D3/><U120/><E116/><V101/><F101/><W19/><G96/><T53/><D108/><U26/><E120/><V23/><F115/><W69/><G69/><T28/><D119/><U9/><E112/><V39/><F110/><W17/><G25/><T113/><D113/><U4/><E68/><V126/><F70/><W130/><G73/><T83/><D61/><U71/><E71/><V80/><F39/><W31/><G31/><T57/><REACH who="0" step="1"/><D53/><REACH who="0" ten="212,235,288,255" step="2"/><U111/><E111/><V22/><F65/><W15/><G130/><T105/><D105/><U44/><E60/><V97/><F64/><W36/><G15/><T87/><D87/><U46/><E72/><V62/><F62/><W0/><G0/><T133/><D133/><U34/><E26/><V10/><F1/><W37/><G37/><T52/><D52/><U109/><E109/><V58/><F128/><W5/><G36/><T67/><D67/><U93/><E98/><V102/><F97/><W125/><G125/><T18/><D18/><U13/><E13/><V117/><F126/><W74/><G5/><T99/><D99/><U78/><E6/><V121/><F117/><W129/><G74/><T2/><D2/><U118/><E7/><V24/><F24/><W27/><G129/><T85/><D85/><U50/><E4/><V45/><F102/><W89/><G86/><T123/><D123/><U103/><E118/><V131/><F131/><W127/><G127/><T107/><D107/><U124/><E103/><V33/><F121/><W55/><G27/><RYUUKYOKU ba="0,1" sc="212,30,235,-10,288,-10,255,-10" hai0="28,30,38,47,54,57,63,75,76,83,84,90,94" /><INIT seed="3,1,1,2,0,51" ten="242,225,278,245" oya="3" hai0="29,79,24,90,42,25,93,114,27,32,110,70,6" hai1="95,122,111,49,112,115,36,43,17,98,105,96,37" hai2="81,66,121,132,8,63,100,11,7,33,19,22,71" hai3="34,9,46,72,60,101,92,12,103,117,58,88,54"/><W21/><G117/><T16/><D70/><U77/><E122/><V106/><F121/><W82/><G34/><T65/><D110/><U40/><E111/><V104/><F33/><W5/><G21/><T76/><D65/><U126/><E105/><V73/><F132/><W119/><G119/><T124/><D124/><U102/><E126/><V10/><F104/><W45/><G82/><T118/><D118/><U135/><E135/><V53/><F53/><W99/><G72/><T52/><D114/><U120/><E120/><V129/><F129/><W14/><G14/><T80/><D42/><U31/><E31/><V123/><F123/><W113/><G113/><T84/><D6/><U85/><E17/><V87/><F73/><W13/><G13/><T41/><D41/><U1/><E1/><V89/><F100/><AGARI ba="1,1" hai="5,9,12,45,46,54,58,60,88,92,99,100,101,103" machi="100" ten="40,7700,0" yaku="8,1,52,1,54,1" doraHai="51" who="3" fromWho="2" sc="242,0,225,0,278,-80,245,90" owari="242,4.0,225,-17.0,198,-30.0,335,43.0" /></mjloggm>