<mjloggm ver="2.3"><GO type="97" lobby="0"/><UN n0="%E7%96%BE%E6%82%A3" n1="%E6%B4%A5%E7%94%B0%E6%B2%BC%E3%81%A3%E5%AD%90" n2="%72%65%6E%75%6F%69" n3="%E3%82%A6%E3%83%AB%E3%83%88%E3%83%A9%E7%AB%8B%E7%9B%B4" dan="15,15,14,15" rate="1956.41,2021.60,1907.22,2017.85" sx="F,M,M,M"/><TAIKYOKU oya="0"/><INIT seed="0,0,0,5,4,11" ten="250,250,250,250" oya="0" hai0="16,70,88,33,103,81,53,44,65,118,94,46,79" hai1="109,60,37,121,41,84,119,54,107,129,42,31,63" hai2="112,15,62,134,93,100,66,61,24,38,111,22,72" hai3="8,117,99,58,74,98,45,9,80,87,75,123,5"/><T120/><D120/><U86/><E107/><V55/><F72/><W90/><G117/><T64/><D33/><U34/><E121/><V26/><F38/><W49/><G123/><T67/><D118/><U113/><E119/><V76/><F112/><W57/><G75/><T20/><D70/><U85/><E113/><V104/><F104/><W126/><G74/><T89/><D103/><U43/><E129/><V7/><F76/><W59/><G126/><T127/><D127/><U10/><E37/><V124/><F124/><W47/><G9/><T6/><D6/><U82/><E109/><V1/><F111/><W133/><G133/><T101/><D101/><U105/><E105/><V73/><F1/><W122/><G122/><T30/><D30/><U52/><E82/><V56/><F73/><W50/><G47/><N who="0" m="17963" /><D94/><U68/><E10/><N who="2" m="4575" /><F22/><W29/><G29/><T19/><D53/><U69/><E31/><V36/><F36/><W128/><G128/><T116/><D116/><U77/><E77/><V23/><F134/><W132/><G132/><T13/><D19/><U96/><E96/><N who="2" m="59407" /><F23/><W106/><G106/><T131/><D131/><U21/><E21/><V27/><F66/><W2/><REACH who="3" step="1"/><G50/><AGARI ba="0,0" hai="24,26,27,50,55,56,61,62" m="59407,4575" machi="50" ten="30,2000,0" yaku="8,1,52,1" doraHai="11" who="2" fromWho="3" sc="250,0,250,0,250,20,250,-20" /><INIT seed="1,0,0,3,0,115" ten="250,250,270,230" oya="1" hai0="0,13,124,74,81,113,1,66,57,12,17,88,50" hai1="56,22,123,7,60,59,80,121,76,16,37,73,91" hai2="30,86,23,33,135,105,128,51,55,96,87,67,20" hai3="107,118,106,69,64,10,77,117,127,65,63,102,15"/><U109/><E37/><V34/><F135/><W90/><G77/><T78/><D113/><U36/><E36/><V98/><F128/><W129/><G102/><T133/><D133/><U38/><E38/><V4/><F4/><W8/><G129/><T95/><D124/><U126/><E126/><V70/><F70/><W41/><G41/><T35/><D35/><U45/><E45/><V112/><F112/><W104/><G127/><T62/><D50/><U89/><E109/><V26/><F67/><W122/><G122/><T11/><REACH who="0" step="1"/><D13/><REACH who="0" ten="240,250,270,230" step="2"/><U92/><E123/><V44/><F34/><W68/><G15/><T71/><D71/><U21/><E121/><V108/><F108/><W85/><G10/><T40/><D40/><U31/><E7/><V43/><F43/><W29/><G8/><T79/><D79/><U53/><E22/><V110/><F110/><W5/><G5/><T25/><D25/><U61/><E31/><V19/><F33/><W2/><G29/><T111/><D111/><U18/><E18/><V101/><REACH who="2" step="1"/><F98/><AGARI ba="0,1" hai="0,1,11,12,17,57,62,66,74,78,81,88,95,98" machi="98" ten="30,3900,0" yaku="1,1,7,1,54,1,53,0" doraHai="115" doraHaiUra="132" who="0" fromWho="2" sc="240,49,250,0,270,-39,230,0" /><INIT seed="2,0,0,1,5,3" ten="289,250,231,230" oya="2" hai0="19,13,108,78,100,107,68,22,44,80,62,8,28" hai1="23,5,97,45,67,14,10,76,109,118,81,39,105" hai2="101,117,59,128,53,69,54,58,33,43,79,72,96" hai3="27,129,30,98,88,16,70,133,95,20,92,103,120"/><V99/><F117/><W17/><G70/><T104/><D108/><U42/><E118/><V9/><F33/><W91/><G120/><T124/><D124/><U126/><E126/><V21/><F69/><W26/><G129/><T102/><D44/><U134/><E134/><V51/><F128/><W94/><G133/><T46/><D46/><U48/><E109/><V31/><F43/><W52/><G52/><T132/><D132/><U119/><E119/><V57/><F9/><W24/><G30/><T29/><D107/><U90/><E67/><V110/><F110/><W15/><REACH who="3" step="1"/><G17/><REACH who="3" ten="289,250,231,220" step="2"/><T32/><D68/><U49/><E23/><V77/><F72/><W73/><G73/><T86/><D29/><U6/><E6/><V71/><F71/><W113/><G113/><T135/><D28/><U106/><E39/><V82/><F101/><W0/><G0/><T89/><D102/><U37/><E37/><V122/><F122/><W11/><G11/><T85/><D8/><U36/><E36/><V56/><F54/><W25/><N who="3" m="6144" /><DORA hai="130" /><W111/><G111/><T18/><D100/><U87/><E49/><V121/><F121/><W65/><G65/><T131/><D19/><U35/><E35/><V34/><F34/><W63/><G63/><T64/><D32/><U74/><E74/><V116/><F116/><W50/><G50/><T84/><D131/><U47/><E47/><V93/><F31/><W4/><G4/><T7/><D7/><U38/><E38/><V114/><F114/><W75/><G75/><T115/><D135/><U55/><E55/><V41/><F53/><RYUUKYOKU ba="0,1" sc="289,-15,250,15,231,-15,220,15" hai1="5,10,14,42,45,48,76,81,87,90,97,105,106" hai3="15,16,20,88,91,92,94,95,98,103" /><INIT seed="3,1,1,4,1,81" ten="274,265,216,235" oya="3" hai0="109,10,64,24,122,37,2,8,43,33,121,55,119" hai1="127,9,12,26,30,124,76,17,29,72,14,100,116" hai2="59,50,129,19,96,88,95,25,77,13,18,68,27" hai3="69,58,46,128,51,105,87,57,135,42,7,73,22"/><W74/><G105/><T131/><D119/><U97/><E72/><V103/><F129/><W106/><G106/><T112/><D112/><U70/><E76/><V99/><F68/><W115/><G69/><T108/><D131/><U92/><E70/><V49/><F77/><W80/><G115/><T111/><D64/><U126/><E116/><V35/><F35/><W36/><G128/><T34/><D55/><U54/><E26/><V123/><F123/><N who="0" m="47114" /><D24/><U78/><E78/><V40/><F19/><W3/><G135/><T114/><D114/><U47/><E47/><V5/><F5/><W16/><G7/><N who="0" m="1143" /><D10/><U61/><REACH who="1" step="1"/><E12/><REACH who="1" ten="274,255,216,235" step="2"/><V94/><F27/><N who="3" m="14791" /><G3/><T84/><D111/><U56/><AGARI ba="1,2" hai="9,14,17,29,30,54,56,61,92,97,100,124,126,127" machi="56" ten="40,5200,0" yaku="1,1,0,1,18,1,53,0" doraHai="81" doraHaiUra="44" who="1" fromWho="1" sc="274,-14,255,75,216,-14,235,-27" owari="260,6.0,330,43.0,202,-30.0,208,-19.0" /></mjloggm>