<mjloggm ver="2.3"><GO type="97" lobby="0"/><UN n0="%D0%B7%D1%80%D0%B9%D1%82%D0%B5%D0%BB%D1%8C" n1="%44%61%6E%63%65%72" n2="%E3%81%8F%E3%82%8D%E3%81%AD%E3%81%93%EF%BC%A0" n3="%E3%82%A6%E3%83%AB%E3%83%88%E3%83%A9%E7%AB%8B%E7%9B%B4" dan="14,13,14,15" rate="1924.60,1847.20,1898.18,2014.59" sx="M,M,F,M"/><TAIKYOKU oya="0"/><INIT seed="0,0,0,3,4,84" ten="250,250,250,250" oya="0" hai0="19,16,93,5,9,52,72,96,128,18,40,105,99" hai1="79,62,66,27,109,59,92,113,41,20,11,103,94" hai2="90,12,17,76,134,2,101,42,22,4,56,111,122" hai3="50,125,49,36,68,77,124,10,133,123,71,45,74"/><T14/><D72/><U115/><E115/><V97/><BYE who="1" /><F122/><W43/><G10/><T39/><D105/><U126/><E126/><N who="3" m="48746" /><G77/><T78/><D78/><U82/><E82/><V63/><F111/><UN n1="%44%61%6E%63%65%72" /><W114/><G74/><T132/><D132/><U65/><E65/><BYE who="1" /><V28/><F134/><W129/><G133/><T8/><D128/><U108/><E108/><V60/><F42/><UN n1="%44%61%6E%63%65%72" /><W53/><G114/><T95/><D40/><U38/><E109/><V98/><F76/><W32/><G32/><T100/><D39/><U69/><E113/><V48/><F28/><W33/><G33/><T21/><D9/><U34/><E34/><V81/><BYE who="1" /><F2/><W54/><G123/><T116/><D52/><N who="3" m="20073" /><G129/><UN n1="%44%61%6E%63%65%72" /><T70/><D70/><AGARI ba="0,0" hai="36,43,45,49,50,68,70,71" m="20073,48746" machi="70" ten="30,7700,0" yaku="18,1,34,2,54,1" doraHai="84" who="3" fromWho="0" sc="250,-77,250,0,250,0,250,77" /><INIT seed="1,0,0,4,2,93" ten="173,250,250,327" oya="1" hai0="112,64,121,89,7,62,107,35,132,78,38,73,123" hai1="80,71,98,25,106,31,37,51,114,102,124,88,2" hai2="72,67,76,87,111,24,58,84,120,53,91,95,17" hai3="15,40,75,49,26,50,45,21,12,82,94,36,41"/><U13/><E71/><V63/><F111/><W4/><G36/><T39/><D112/><U110/><E110/><V52/><BYE who="1" /><F120/><N who="0" m="46154" /><D35/><U33/><E33/><V28/><F72/><W105/><G75/><T27/><D7/><U44/><E44/><V128/><F128/><UN n1="%44%61%6E%63%65%72" /><W96/><G105/><T18/><D89/><U14/><E114/><V30/><F76/><W108/><G82/><N who="0" m="45391" /><D18/><U115/><E2/><V48/><F84/><W109/><G4/><T126/><D27/><U125/><E37/><N who="0" m="13833" /><D132/><U70/><E70/><V55/><F48/><W79/><G79/><T100/><D126/><N who="1" m="48747" /><E51/><V5/><F5/><W103/><G109/><T90/><D90/><U116/><E116/><V8/><F8/><W134/><G134/><T47/><D47/><U66/><E66/><V113/><F113/><W97/><G108/><T20/><D20/><AGARI ba="0,0" hai="17,20,24,28,30,52,53,55,58,63,67,87,91,95" machi="20" ten="40,2600,0" yaku="8,1,54,1" doraHai="93" who="2" fromWho="0" sc="173,-26,250,0,250,26,327,0" /><INIT seed="2,0,0,5,3,72" ten="147,250,276,327" oya="2" hai0="56,96,67,100,108,112,115,35,102,32,21,73,107" hai1="25,63,104,114,125,50,28,127,39,82,61,42,69" hai2="38,121,119,27,109,47,131,86,5,92,68,30,93" hai3="62,97,23,128,117,83,66,124,98,118,90,135,36"/><V103/><F121/><W81/><G36/><T99/><D73/><U60/><E114/><V45/><F119/><W16/><G118/><T88/><D108/><U130/><E104/><V89/><F68/><W79/><G117/><T52/><D67/><U91/><E39/><V132/><F109/><W29/><G29/><T80/><D21/><U19/><E69/><V55/><F132/><W3/><G3/><T116/><D116/><U6/><E6/><V110/><F110/><W76/><G124/><N who="1" m="47690" /><E19/><V57/><F5/><W77/><G128/><T123/><D123/><U37/><E37/><V59/><F131/><W4/><G4/><T78/><D88/><U10/><E10/><V13/><F13/><N who="3" m="9615" /><G135/><T74/><D115/><U129/><E91/><V31/><F38/><W46/><G46/><N who="2" m="17417" /><F59/><N who="3" m="37215" /><G90/><T41/><D41/><U134/><E50/><N who="2" m="30967" /><F27/><W85/><G85/><T105/><REACH who="0" step="1"/><D112/><REACH who="0" ten="137,250,276,327" step="2"/><U8/><E42/><V44/><F30/><W24/><G24/><T94/><D94/><U126/><E126/><V48/><BYE who="1" /><F31/><W113/><G113/><T1/><D1/><U122/><E122/><V87/><F93/><W95/><G95/><T43/><D43/><U33/><E33/><V20/><F20/><W75/><G75/><T2/><D2/><U49/><E49/><AGARI ba="0,1" hai="32,35,49,52,56,74,78,80,96,99,100,102,105,107" machi="49" ten="30,8000,1" yaku="1,1,7,1,9,1,52,1,54,1,53,0" doraHai="72" doraHaiUra="26" who="0" fromWho="1" sc="137,90,250,-80,276,0,327,0" /><INIT seed="3,0,0,3,4,121" ten="227,170,276,327" oya="3" hai0="24,13,116,123,45,61,98,124,87,102,101,135,74" hai1="95,125,0,62,9,23,126,50,128,79,33,11,18" hai2="103,64,12,97,88,51,119,26,89,100,58,127,19" hai3="133,5,67,49,118,16,71,104,31,106,6,21,86"/><W91/><G49/><T22/><D74/><U131/><E131/><V132/><F119/><W39/><G91/><T29/><D116/><U70/><E70/><V120/><F120/><W54/><G16/><T4/><D123/><U90/><E90/><V84/><F132/><W7/><G21/><T27/><D124/><U73/><E73/><V99/><F26/><W110/><G7/><T28/><D135/><U77/><E77/><V48/><F127/><W115/><G6/><T8/><D45/><U34/><E34/><V35/><F35/><W81/><G54/><T92/><D61/><U20/><E20/><V44/><F64/><W117/><G5/><T52/><D87/><U2/><E2/><V85/><F58/><W82/><G81/><T72/><D72/><U30/><E30/><V10/><F85/><W60/><G86/><T14/><D14/><U40/><E40/><V107/><F84/><W130/><G82/><T76/><D76/><U69/><E69/><V113/><F51/><W57/><G39/><T68/><D68/><U25/><E25/><V17/><F17/><W109/><G60/><T55/><REACH who="0" step="1"/><D102/><REACH who="0" ten="217,170,276,327" step="2"/><U122/><E122/><V111/><F12/><W112/><G71/><T46/><D46/><U83/><E83/><V105/><F103/><W63/><G63/><T59/><D59/><U53/><E53/><V38/><F100/><W80/><G57/><T108/><D108/><U42/><E42/><V78/><F111/><W1/><G110/><T36/><D36/><U41/><E41/><N who="2" m="24591" /><F38/><W47/><G109/><T94/><D94/><U129/><E129/><RYUUKYOKU ba="0,1" sc="217,30,170,-10,276,-10,327,-10" hai0="4,8,13,22,24,27,28,29,52,55,92,98,101" owari="247,-15.0,160,-34.0,266,7.0,327,42.0" /></mjloggm>