<mjloggm ver="2.3"><GO type="97" lobby="0"/><UN n0="%71%75%61%73%69%2A" n1="%E3%82%A6%E3%83%AB%E3%83%88%E3%83%A9%E7%AB%8B%E7%9B%B4" n2="%E9%AF%89%E5%A4%AA%E9%83%8E" n3="%E5%85%AB%E5%8D%98%E4%BD%8D" dan="13,15,14,14" rate="2015.55,1974.40,2001.12,1926.62" sx="M,M,M,M"/><TAIKYOKU oya="0"/><INIT seed="0,0,0,3,0,19" ten="250,250,250,250" oya="0" hai0="86,90,82,50,101,11,36,39,31,102,81,84,71" hai1="67,109,116,99,120,30,133,7,88,42,59,105,52" hai2="118,129,22,93,83,23,37,60,58,38,91,35,62" hai3="107,1,64,134,80,95,125,33,54,65,21,29,115"/><T41/><D71/><U45/><E120/><V123/><F123/><W44/><G107/><T18/><D31/><U3/><E116/><V87/><F35/><W6/><G115/><T15/><D39/><U127/><E67/><V100/><F118/><W9/><G33/><T69/><D69/><U135/><E127/><V94/><F38/><W78/><G125/><T96/><D36/><N who="1" m="21703" /><E7/><V40/><F40/><W68/><G68/><T8/><D41/><U10/><E10/><V13/><F37/><W49/><G134/><N who="1" m="51210" /><E3/><V111/><F111/><W14/><G1/><T66/><D66/><U121/><E109/><V85/><F13/><W117/><G117/><T26/><D26/><U25/><E121/><V70/><F70/><W131/><G131/><T17/><D50/><N who="1" m="31127" /><E105/><V61/><F129/><W126/><G126/><T47/><D47/><U20/><E99/><N who="2" m="59503" /><F58/><W119/><G119/><T32/><D32/><U114/><E114/><V73/><F73/><W77/><G65/><T56/><D56/><U24/><E24/><V98/><F98/><W110/><G64/><T122/><D122/><U16/><E88/><AGARI ba="0,0" hai="22,23,60,61,62,83,85,87,88,91,94" m="59503" machi="88" ten="30,7700,0" yaku="8,1,52,2,54,1" doraHai="19" who="2" fromWho="1" sc="250,0,250,-77,250,77,250,0" /><INIT seed="1,0,0,3,0,6" ten="250,173,327,250" oya="1" hai0="119,101,129,62,82,114,5,57,34,91,1,66,22" hai1="122,12,97,78,127,14,58,19,96,47,15,93,100" hai2="67,107,64,92,65,40,121,85,36,117,88,18,125" hai3="120,7,108,95,56,81,25,43,87,83,70,8,26"/><U48/><E122/><V98/><F121/><W50/><G70/><T72/><D114/><U105/><E127/><V28/><F117/><W55/><G120/><T110/><D119/><U30/><E78/><V0/><F0/><W106/><G106/><T54/><D34/><U84/><E30/><V102/><F125/><W134/><G108/><T118/><D118/><U45/><E84/><V99/><F28/><W29/><G134/><T31/><D110/><U21/><E58/><V80/><F18/><W42/><G95/><T51/><D129/><U27/><REACH who="1" step="1"/><E48/><REACH who="1" ten="250,163,327,250" step="2"/><V49/><F36/><W131/><G131/><T76/><D51/><U112/><E112/><V124/><F124/><W16/><G29/><T130/><D57/><U86/><E86/><V115/><F115/><W23/><G87/><T17/><D31/><U37/><E37/><V133/><F133/><W71/><G71/><T128/><D76/><U126/><E126/><V52/><F40/><W41/><REACH who="3" step="1"/><G26/><REACH who="3" ten="250,163,327,240" step="2"/><T2/><D72/><U13/><N who="1" m="3072" /><DORA hai="11" /><U60/><E60/><V77/><F67/><W44/><G44/><AGARI ba="0,2" hai="44,49,52,64,65,77,80,85,88,92,98,99,102,107" machi="44" ten="30,3900,0" yaku="7,1,54,2" doraHai="6,11" who="2" fromWho="3" sc="250,0,163,0,327,59,240,-39" /><INIT seed="2,0,0,1,0,62" ten="250,163,386,201" oya="2" hai0="98,38,103,44,130,116,35,6,27,24,54,0,32" hai1="4,114,78,48,15,7,52,28,119,34,25,58,89" hai2="96,65,8,124,122,60,129,43,108,39,84,18,75" hai3="68,110,37,57,53,132,74,2,77,29,56,61,50"/><V23/><F122/><W19/><G2/><T123/><D123/><U63/><E119/><V72/><F124/><W128/><G37/><T100/><D116/><U92/><E114/><V90/><F129/><W14/><G68/><T12/><D0/><U70/><E78/><V85/><F108/><W97/><G110/><T31/><D130/><U80/><E80/><V10/><F85/><W121/><G121/><T1/><D1/><U40/><E15/><V3/><F96/><W69/><G69/><T105/><D100/><U131/><E131/><V47/><F8/><W59/><G128/><T26/><D35/><U112/><E112/><V99/><F99/><W83/><G132/><T135/><D135/><U94/><E94/><V33/><F33/><W71/><G29/><T36/><D36/><U104/><E104/><V46/><F46/><W91/><G71/><T64/><D64/><U120/><E120/><V11/><F3/><W125/><G125/><T107/><D107/><U9/><E9/><V22/><F75/><W117/><G117/><T126/><D126/><U134/><E134/><V17/><F72/><W45/><G97/><T41/><REACH who="0" step="1"/><D54/><REACH who="0" ten="240,163,386,201" step="2"/><U76/><E76/><V73/><F65/><W118/><G118/><T67/><D67/><U106/><E106/><V51/><F39/><W95/><G91/><T20/><D20/><U111/><E111/><V66/><F22/><W42/><G95/><T79/><D79/><U113/><E113/><V30/><F90/><W109/><G109/><T93/><D93/><U87/><E70/><V133/><F133/><W81/><G81/><RYUUKYOKU ba="0,1" sc="240,10,163,10,386,-30,201,10" hai0="6,12,24,26,27,31,32,38,41,44,98,103,105" hai1="4,7,25,28,34,40,48,52,58,63,87,89,92" hai3="14,19,42,45,50,53,56,57,59,61,74,77,83" /><INIT seed="3,1,1,4,3,128" ten="250,173,356,211" oya="3" hai0="10,76,4,23,132,77,63,89,122,35,9,113,67" hai1="66,37,38,46,109,91,0,119,78,124,97,58,50" hai2="15,65,57,64,62,72,29,12,3,40,115,60,16" hai3="86,19,125,90,94,61,39,70,80,69,131,51,107"/><W127/><G107/><T5/><D122/><U42/><E0/><V118/><F3/><W114/><G39/><N who="1" m="14858" /><E78/><V85/><F72/><W74/><G114/><T99/><D35/><U133/><E91/><V126/><F118/><W7/><G131/><T11/><D113/><U110/><E97/><V41/><F126/><N who="3" m="48139" /><G7/><T56/><D23/><U49/><E124/><V112/><F29/><W111/><G111/><N who="1" m="42506" /><E119/><V30/><F30/><W121/><G121/><T53/><D67/><U44/><E133/><V106/><F106/><W26/><G51/><N who="1" m="19466" /><E42/><V1/><F1/><W93/><G61/><AGARI ba="1,1" hai="44,46,58,61,66" m="19466,42506,14858" machi="61" ten="40,5200,0" yaku="14,1,34,2" doraHai="128" who="1" fromWho="3" sc="250,0,173,65,356,0,211,-55" owari="250,5.0,238,-16.0,356,45.0,156,-34.0" /></mjloggm>