<mjloggm ver="2.3"><GO type="97" lobby="0"/><UN n0="%E3%82%A6%E3%83%AB%E3%83%88%E3%83%A9%E7%AB%8B%E7%9B%B4" n1="%E5%8D%91%E6%B0%91%E2%98%85" n2="%E3%83%88%E3%83%A0%E3%83%BC" n3="%E5%A4%A9%E7%8B%97%E5%85%9A" dan="15,15,14,14" rate="1969.39,2034.08,1822.86,1970.80" sx="M,M,F,M"/><TAIKYOKU oya="0"/><INIT seed="0,0,0,3,0,117" ten="250,250,250,250" oya="0" hai0="127,13,110,82,131,26,72,91,116,126,66,3,47" hai1="76,27,1,109,22,87,64,30,83,23,0,107,93" hai2="9,120,15,99,4,118,103,84,21,98,129,102,132" hai3="24,134,100,63,104,57,95,133,49,80,32,122,97"/><T60/><D3/><U28/><E107/><V65/><F118/><W70/><G80/><T123/><D116/><U71/><E109/><V5/><F129/><W16/><G95/><T88/><D131/><U59/><E71/><V17/><F132/><N who="3" m="50795" /><G49/><T108/><D13/><U38/><E38/><V73/><F73/><W31/><G16/><T44/><D26/><U128/><E128/><V36/><F36/><W37/><G37/><T111/><D123/><U7/><E7/><V135/><F135/><W130/><G130/><T81/><D72/><U94/><E1/><V119/><F119/><W12/><G12/><T56/><D82/><U96/><E0/><V10/><F65/><N who="3" m="41279" /><G57/><T53/><D81/><U18/><E59/><V89/><F120/><AGARI ba="0,0" hai="24,31,32,97,100,104,120,122" m="41279,50795" machi="120" ten="30,8000,1" yaku="25,1,20,1,23,1,52,2" doraHai="117" who="3" fromWho="2" sc="250,0,250,0,250,-80,250,80" /><INIT seed="1,0,0,0,1,58" ten="250,250,170,330" oya="1" hai0="118,85,97,106,82,59,130,78,64,2,109,74,119" hai1="84,33,96,92,93,60,0,66,42,50,107,115,70" hai2="98,49,94,102,124,7,54,125,69,24,99,14,127" hai3="89,29,6,134,21,103,10,17,37,110,51,41,77"/><U13/><E115/><V68/><F98/><W48/><G134/><T104/><D2/><U25/><E0/><V34/><F34/><W73/><G103/><T35/><D35/><U1/><E1/><V65/><F24/><W132/><G132/><T67/><D67/><U71/><E71/><V57/><REACH who="2" step="1"/><F65/><REACH who="2" ten="250,250,160,330" step="2"/><W12/><G110/><T120/><D109/><U91/><E25/><V9/><AGARI ba="0,1" hai="7,9,14,49,54,57,68,69,94,99,102,124,125,127" machi="9" ten="40,8000,1" yaku="1,1,2,1,0,1,18,1,53,1" doraHai="58" doraHaiUra="3" who="2" fromWho="2" sc="250,-20,250,-40,160,90,330,-20" /><INIT seed="2,0,0,3,2,112" ten="230,210,250,310" oya="2" hai0="38,135,39,50,13,71,92,63,119,99,86,101,57" hai1="9,14,131,80,78,32,89,24,128,133,73,44,23" hai2="105,132,93,64,100,129,46,74,18,27,76,11,67" hai3="20,107,52,75,58,79,65,45,121,59,126,30,61"/><V10/><F105/><W48/><G121/><T3/><D3/><U120/><E120/><V34/><F46/><W22/><G107/><T96/><D135/><U8/><E133/><V116/><F132/><W0/><G0/><T97/><D119/><U77/><E77/><V134/><F134/><W69/><G126/><T26/><D71/><U123/><E123/><V104/><F104/><W56/><REACH who="3" step="1"/><G30/><REACH who="3" ten="230,210,250,300" step="2"/><T17/><D39/><U124/><E124/><V33/><F129/><W62/><G62/><T28/><D38/><U4/><E128/><V113/><F113/><W47/><G47/><T102/><D50/><U42/><E131/><V6/><F33/><W94/><G94/><T31/><D31/><U54/><E32/><V87/><F34/><W12/><G12/><T40/><D28/><U91/><E44/><V127/><F127/><W115/><G115/><T36/><D36/><U5/><E14/><V95/><F95/><W43/><G43/><T21/><D40/><U37/><E42/><V84/><F93/><W7/><G7/><T29/><D13/><N who="1" m="5255" /><E37/><V85/><F6/><W60/><G60/><T82/><D17/><U2/><E54/><V111/><F18/><W90/><G90/><N who="0" m="51543" /><D102/><U110/><E110/><V53/><F100/><W19/><G19/><T49/><D49/><U109/><E109/><V72/><F111/><W103/><G103/><T15/><D15/><U68/><E68/><V35/><F35/><W125/><G125/><T106/><D106/><U25/><E25/><V41/><F41/><W81/><AGARI ba="0,1" hai="20,22,45,48,52,56,58,59,61,65,69,75,79,81" machi="81" ten="30,4000,0" yaku="1,1,0,1,54,1,53,0" doraHai="112" doraHaiUra="108" who="3" fromWho="3" sc="230,-10,210,-10,250,-20,300,50" /><INIT seed="3,0,0,0,0,13" ten="220,200,230,350" oya="3" hai0="27,112,2,95,10,71,119,12,67,114,115,73,34" hai1="14,51,40,20,69,102,54,41,59,1,99,29,110" hai2="131,107,57,52,127,106,111,49,4,11,37,26,104" hai3="82,91,58,50,16,96,93,33,123,53,78,126,63"/><W113/><G123/><T22/><D73/><U79/><E69/><V44/><F111/><W103/><G113/><T108/><D119/><U94/><E1/><V101/><F127/><W76/><G33/><T120/><D108/><U130/><E110/><V116/><F116/><W32/><G32/><T75/><D120/><U84/><E130/><V38/><F131/><W105/><G126/><T89/><D75/><U35/><E35/><V85/><F26/><W83/><G16/><N who="0" m="8215" /><D2/><U6/><E6/><V60/><F85/><N who="3" m="50615" /><G83/><T132/><D132/><U92/><E92/><V45/><F101/><W109/><G105/><T25/><D34/><U118/><E118/><V5/><F44/><N who="3" m="27847" /><G109/><T62/><D22/><U98/><E98/><AGARI ba="0,0" hai="25,27,62,67,71,89,95,98,112,114,115" m="8215" machi="98" ten="30,3900,0" yaku="11,1,52,1,54,1" doraHai="13" who="0" fromWho="1" sc="220,39,200,-39,230,0,350,0" owari="259,6.0,161,-34.0,230,-17.0,350,45.0" /></mjloggm>