<mjloggm ver="2.3"><GO type="97" lobby="0"/><UN n0="%E3%82%A6%E3%83%AB%E3%83%88%E3%83%A9%E7%AB%8B%E7%9B%B4" n1="%74%61%6E%69%37%32%38%6F" n2="%E9%AC%BC%62%6F%6E%75%73" n3="%E6%AD%AF%E8%BB%8A%E7%A4%BE%E9%95%B7%EF%BC%A0%E6%9D%B1%E9%A2%A8" dan="14,13,14,15" rate="1921.26,1883.27,1961.30,1945.55" sx="M,M,M,M"/><TAIKYOKU oya="0"/><INIT seed="0,0,0,1,4,128" ten="250,250,250,250" oya="0" hai0="95,15,127,48,76,119,12,41,116,113,40,21,39" hai1="87,125,70,57,114,134,104,2,79,52,78,16,89" hai2="112,25,7,110,96,33,59,18,84,47,92,75,122" hai3="71,107,61,20,51,29,90,106,65,98,49,10,50"/><T42/><D39/><U5/><E70/><V130/><F75/><W44/><G10/><T108/><D113/><U3/><E114/><V101/><F122/><W8/><G8/><T23/><D48/><U63/><E104/><V64/><F130/><W86/><G44/><T121/><D95/><U36/><E36/><V9/><F110/><W111/><G111/><T77/><D108/><U82/><E125/><V91/><F47/><W73/><G73/><T80/><D80/><U54/><E134/><V62/><F112/><W102/><G106/><T88/><D88/><U0/><E5/><V135/><F135/><W133/><G133/><T131/><D131/><U38/><E38/><V85/><F33/><W13/><G13/><N who="0" m="5195" /><D121/><U26/><E54/><V6/><F85/><W55/><G55/><T69/><D69/><U115/><REACH who="1" step="1"/><E115/><REACH who="1" ten="250,240,250,250" step="2"/><V105/><F7/><W118/><G71/><T132/><D132/><U30/><E30/><V14/><F6/><W72/><G29/><T68/><D68/><U66/><E66/><V28/><F28/><W35/><G65/><T126/><D119/><U94/><E94/><V120/><F120/><W99/><G107/><T129/><D116/><U93/><E93/><V46/><F105/><W53/><G53/><T4/><D4/><U31/><E31/><V83/><F46/><W103/><G118/><T58/><D129/><U19/><E19/><V37/><F37/><W56/><G35/><T124/><D58/><U17/><E17/><V97/><F97/><W45/><G98/><T32/><D32/><U67/><E67/><V60/><F60/><RYUUKYOKU ba="0,1" sc="250,10,240,10,250,10,250,-30" hai0="21,23,40,41,42,76,77,124,126,127" hai1="0,2,3,16,26,52,57,63,78,79,82,87,89" hai2="9,14,18,25,59,62,64,83,84,91,92,96,101" /><INIT seed="0,1,1,2,1,70" ten="260,250,260,220" oya="0" hai0="105,112,82,110,16,19,107,32,24,91,114,12,126" hai1="44,52,69,14,38,53,75,34,77,25,83,132,99" hai2="85,115,7,113,4,54,124,117,79,21,23,135,67" hai3="59,119,42,87,134,35,128,66,2,89,130,109,37"/><T78/><D126/><U93/><E69/><V98/><F98/><W47/><G2/><T15/><D110/><U74/><E74/><V125/><F67/><W41/><G35/><T45/><D91/><U101/><E132/><V31/><F85/><W39/><G119/><T36/><D24/><U61/><E61/><V46/><F46/><N who="3" m="23871" /><G134/><T3/><D32/><U133/><E133/><V90/><F79/><W26/><G26/><T121/><D3/><U68/><E68/><V9/><F54/><W60/><G109/><T49/><D36/><U116/><E116/><V102/><F102/><W96/><G96/><T13/><D121/><U71/><E71/><V65/><F65/><W73/><G73/><T120/><D120/><U76/><E76/><V72/><F90/><W118/><G118/><T92/><D92/><U131/><E131/><N who="3" m="50218" /><G89/><T64/><D64/><U86/><E75/><V30/><F72/><W40/><G87/><T10/><D105/><U48/><E14/><V17/><F117/><W18/><G18/><T63/><D107/><U0/><E0/><V51/><F135/><W122/><G40/><N who="0" m="24743" /><D15/><U111/><E111/><V129/><F129/><W81/><G81/><T94/><D94/><U1/><E1/><V56/><F17/><W95/><G95/><T20/><D82/><U28/><E38/><V103/><F103/><W29/><G29/><T55/><D78/><U97/><E97/><V58/><F30/><W33/><G33/><T43/><D43/><AGARI ba="1,1" hai="25,28,34,43,44,48,52,53,77,83,86,93,99,101" machi="43" ten="30,2000,0" yaku="7,1,54,1" doraHai="70" who="1" fromWho="0" sc="260,-23,250,33,260,0,220,0" /><INIT seed="1,0,0,3,5,61" ten="237,283,260,220" oya="1" hai0="0,22,103,35,132,134,100,80,1,3,97,50,125" hai1="119,123,48,70,36,78,131,94,96,124,2,128,40" hai2="107,21,95,27,38,83,82,99,56,77,63,109,26" hai3="108,59,12,14,88,71,57,72,93,44,19,64,113"/><U18/><E123/><V65/><F109/><W51/><G72/><T101/><D35/><U45/><E119/><V75/><F38/><W110/><G113/><T20/><D97/><U84/><E70/><V41/><F41/><W105/><G105/><T112/><D112/><U54/><E2/><V91/><F83/><W31/><G31/><T118/><D118/><U32/><E32/><V9/><F9/><N who="3" m="6543" /><G14/><T7/><D7/><U69/><E69/><V24/><REACH who="2" step="1"/><F107/><REACH who="2" ten="237,283,250,220" step="2"/><W76/><G108/><T129/><D80/><U85/><E124/><V117/><F117/><W115/><G110/><T66/><D125/><U11/><E36/><V73/><F73/><W116/><G115/><T4/><D0/><U90/><E40/><V30/><AGARI ba="0,1" hai="21,24,26,27,30,56,63,65,75,77,82,91,95,99" machi="30" ten="20,5200,0" yaku="1,1,0,1,7,1,52,1,53,0" doraHai="61" doraHaiUra="8" who="2" fromWho="2" sc="237,-13,283,-26,250,62,220,-13" /><INIT seed="2,0,0,2,5,126" ten="224,257,312,207" oya="2" hai0="11,0,16,66,19,90,7,118,102,6,132,67,21" hai1="46,97,92,18,51,120,32,79,111,105,125,35,1" hai2="68,14,13,82,10,63,30,88,76,2,17,48,59" hai3="44,94,108,45,33,98,27,81,9,84,106,65,50"/><V52/><F2/><W12/><G106/><T73/><D132/><U31/><E1/><V99/><F30/><W56/><G108/><T112/><D112/><U130/><E111/><V60/><F68/><W39/><G39/><T38/><D38/><U135/><E135/><V25/><F25/><W26/><G33/><T36/><D36/><U124/><E120/><V86/><F14/><W134/><G134/><T41/><D118/><U23/><E105/><V55/><F55/><N who="3" m="31863" /><G65/><T42/><D73/><U69/><E69/><V95/><AGARI ba="0,0" hai="10,13,17,48,52,59,60,63,76,82,86,88,95,99" machi="95" ten="30,11700,0" yaku="0,1,8,1,54,2" doraHai="126" who="2" fromWho="2" sc="224,-39,257,-39,312,117,207,-39" /><INIT seed="2,1,0,4,5,82" ten="185,218,429,168" oya="2" hai0="38,7,96,59,21,67,85,100,130,80,36,72,24" hai1="119,3,87,10,105,131,75,41,39,55,60,63,121" hai2="50,77,94,20,112,73,16,42,127,44,115,40,74" hai3="101,37,125,93,102,92,103,6,23,71,61,86,89"/><V18/><F127/><W4/><G37/><T32/><D72/><U95/><E119/><V8/><F42/><W25/><G125/><T28/><D130/><U58/><E105/><V123/><F123/><W129/><G129/><T0/><D32/><U79/><E75/><V97/><F77/><W19/><REACH who="3" step="1"/><G93/><REACH who="3" ten="185,218,429,158" step="2"/><T126/><D126/><U12/><E131/><V64/><F115/><W117/><G117/><T106/><D38/><U111/><E39/><V84/><F112/><W62/><G62/><T99/><D36/><U90/><E121/><V70/><F94/><W2/><G2/><T54/><D0/><U17/><E3/><V110/><F74/><W107/><G107/><T49/><D106/><U31/><E111/><V47/><F73/><W35/><G35/><T76/><D100/><U9/><E63/><V15/><F110/><W30/><G30/><T122/><D122/><U133/><E31/><V29/><F29/><W88/><G88/><T134/><D134/><U52/><E133/><V46/><F70/><W69/><G69/><T1/><D1/><U33/><E33/><V57/><F50/><W5/><G5/><T120/><D120/><U116/><E116/><V124/><F124/><W98/><G98/><N who="0" m="37419" /><D7/><U135/><E135/><V43/><F97/><W66/><AGARI ba="1,1" hai="4,6,19,23,25,61,66,71,86,89,92,101,102,103" machi="66" ten="30,7900,0" yaku="1,1,0,1,52,1,53,1" doraHai="82" doraHaiUra="83" who="3" fromWho="3" sc="185,-21,218,-21,429,-40,158,92" /><INIT seed="3,0,0,0,2,64" ten="164,197,389,250" oya="3" hai0="120,25,83,22,16,35,44,26,48,96,133,51,70" hai1="89,131,85,32,73,79,36,59,129,72,45,130,47" hai2="90,121,82,1,97,38,87,29,95,125,54,123,17" hai3="27,104,106,19,13,56,66,98,49,40,71,76,109"/><W116/><G116/><T4/><D120/><N who="2" m="46154" /><F125/><W67/><G71/><T14/><D133/><U53/><E32/><V62/><F38/><W6/><G109/><T88/><D70/><U132/><E132/><V118/><F118/><W11/><G76/><T43/><D35/><U3/><E3/><V93/><F29/><W5/><G40/><T69/><D69/><U112/><E112/><V80/><F1/><W24/><G5/><T55/><D4/><U108/><E108/><V134/><F134/><W28/><G49/><T78/><D78/><U68/><E68/><V61/><F17/><W114/><G19/><T128/><D128/><N who="1" m="32771" /><U2/><DORA hai="15" /><E2/><V117/><F117/><W81/><G28/><T37/><D37/><U124/><E124/><V100/><F54/><W52/><G66/><T31/><D31/><U75/><E36/><V115/><F115/><W33/><G67/><T60/><D60/><AGARI ba="0,0" hai="60,61,62,80,82,87,90,93,95,97,100" m="46154" machi="60" ten="30,1000,0" yaku="13,1" doraHai="64,15" who="2" fromWho="0" sc="164,-10,197,0,389,10,250,0" owari="154,-35.0,197,-20.0,399,50.0,250,5.0" /></mjloggm>