<mjloggm ver="2.3"><GO type="97" lobby="0"/><UN n0="%E2%80%BB%34%33%33%E2%80%BB" n1="%E3%82%A6%E3%83%AB%E3%83%88%E3%83%A9%E7%AB%8B%E7%9B%B4" n2="%E8%8B%A5%E6%9C%AC%E8%A6%8F%E5%A4%AB" n3="%65%76%61%63%61%6E%69%61" dan="14,15,15,14" rate="1879.25,2034.16,2034.55,1961.27" sx="M,M,M,M"/><TAIKYOKU oya="0"/><INIT seed="0,0,0,3,4,99" ten="250,250,250,250" oya="0" hai0="96,52,49,109,34,92,63,115,43,65,97,117,41" hai1="69,116,87,107,1,127,122,130,105,79,111,5,71" hai2="40,31,25,61,88,104,50,72,45,35,93,121,100" hai3="18,57,132,2,82,84,59,129,0,134,95,70,47"/><T13/><D117/><U4/><E87/><V29/><F72/><W33/><G70/><T44/><D34/><U81/><E81/><V106/><F121/><W3/><G33/><T9/><D115/><U120/><E79/><V112/><F112/><W113/><G113/><T123/><D123/><U56/><E56/><V8/><F31/><W17/><G47/><T39/><D109/><U75/><E5/><V55/><F8/><W23/><G129/><T74/><D74/><U78/><E78/><V16/><F16/><N who="3" m="6251" /><G23/><T10/><D97/><U22/><E22/><V68/><F100/><W20/><G20/><T91/><D39/><U14/><E14/><V102/><F102/><W27/><G95/><T131/><D131/><U90/><E4/><V58/><REACH who="2" step="1"/><F68/><REACH who="2" ten="250,250,240,250" step="2"/><W77/><G27/><T76/><D9/><U21/><E71/><V119/><F119/><W118/><G118/><T46/><D10/><U12/><E75/><V89/><F89/><W30/><G30/><T83/><D76/><U60/><E90/><V42/><F42/><W7/><G7/><T103/><D43/><U62/><E120/><V128/><F128/><W26/><G26/><T135/><D41/><U126/><E122/><V73/><F73/><W101/><G101/><T32/><D103/><U114/><E130/><V108/><F108/><W28/><G28/><T86/><D91/><U51/><E111/><V80/><F80/><W36/><G36/><T64/><D83/><U98/><E116/><V94/><F94/><W37/><G37/><T11/><D92/><U53/><E114/><V54/><F54/><RYUUKYOKU ba="0,1" sc="250,-15,250,-15,240,15,250,15" hai2="25,29,35,40,45,50,55,58,61,88,93,104,106" hai3="0,2,3,57,59,77,82,84,132,134" /><INIT seed="1,1,1,0,5,82" ten="235,235,255,265" oya="1" hai0="10,53,22,42,37,78,96,87,94,7,57,71,123" hai1="107,90,130,50,116,55,101,13,80,70,105,32,120" hai2="38,119,118,16,65,29,133,99,21,2,74,58,51" hai3="67,92,4,59,52,17,26,98,6,127,56,19,5"/><U63/><E120/><V93/><F2/><W111/><G127/><T39/><D71/><U54/><E116/><V135/><F74/><W3/><G3/><T66/><D123/><U11/><E32/><V43/><F29/><W1/><G1/><T112/><D112/><U64/><E130/><V61/><F51/><W47/><G47/><T76/><D66/><U24/><E24/><N who="2" m="14375" /><F43/><W113/><G113/><T110/><D110/><U129/><E129/><V69/><F38/><W100/><G111/><T48/><D22/><U114/><E114/><V132/><F69/><W86/><G26/><T41/><D39/><U125/><E125/><V117/><F117/><W45/><G45/><T62/><D37/><U97/><E107/><V124/><F124/><W88/><G67/><T33/><D33/><U115/><E115/><V25/><F25/><W36/><G36/><T68/><D68/><U31/><E31/><V95/><F95/><N who="3" m="58463" /><G59/><T46/><D42/><U23/><E23/><V27/><F27/><W30/><G30/><T121/><D121/><U106/><E106/><V8/><F8/><W49/><AGARI ba="1,1" hai="4,5,6,17,19,49,52,56,86,88,92" m="58463" machi="49" ten="30,7900,0" yaku="8,1,52,1,54,2" doraHai="82" who="3" fromWho="3" sc="235,-21,235,-40,255,-21,265,92" /><INIT seed="2,0,0,0,4,62" ten="214,195,234,357" oya="2" hai0="47,41,67,107,111,87,123,134,26,73,76,124,81" hai1="98,31,99,77,133,14,68,91,46,43,103,9,89" hai2="61,15,44,113,116,130,100,79,94,2,48,49,30" hai3="20,119,110,101,64,0,58,10,114,8,78,93,112"/><V80/><F116/><W38/><G119/><T129/><D107/><U96/><E68/><V59/><F2/><W32/><G32/><T39/><D123/><U82/><E133/><V5/><F113/><W35/><G35/><T104/><D104/><U21/><E103/><V72/><F130/><W105/><G105/><T53/><D134/><U86/><E21/><V88/><F30/><W95/><G38/><T122/><D129/><U115/><E31/><V63/><F100/><W75/><G75/><T18/><D122/><U27/><E27/><V40/><F61/><N who="3" m="37943" /><G78/><T36/><D36/><U106/><E106/><V102/><F102/><W29/><G110/><T70/><D111/><U25/><E25/><V135/><F135/><W120/><G0/><T118/><D118/><U51/><REACH who="1" step="1"/><E115/><REACH who="1" ten="214,185,234,357" step="2"/><V121/><F121/><W7/><G120/><T6/><D26/><U69/><E69/><V126/><F15/><N who="3" m="5535" /><G101/><T54/><D70/><U97/><N who="1" m="24576" /><DORA hai="117" /><U57/><E57/><V83/><F59/><W65/><G114/><T4/><D47/><U85/><E85/><V11/><F44/><W22/><G112/><T90/><D87/><U37/><E37/><V52/><F72/><W66/><G29/><T23/><D39/><U45/><E45/><V16/><F126/><W34/><G34/><T56/><D124/><U131/><E131/><V24/><F24/><W84/><G20/><T71/><D23/><U17/><AGARI ba="0,1" hai="9,14,17,43,46,51,77,82,86,89,91" m="24576" machi="17" ten="40,5200,0" yaku="1,1,0,1,8,1,53,0" doraHai="62,117" doraHaiUra="128,33" who="1" fromWho="1" sc="214,-13,185,62,234,-26,357,-13" /><INIT seed="3,0,0,4,4,16" ten="201,247,208,344" oya="3" hai0="75,127,45,118,121,61,55,125,60,1,49,83,117" hai1="9,25,38,120,37,3,123,4,52,15,81,65,26" hai2="133,2,29,70,126,107,63,19,73,93,0,33,134" hai3="87,106,54,59,10,95,36,32,128,42,99,6,88"/><W102/><G128/><T97/><D1/><N who="2" m="618" /><F107/><W85/><G32/><T58/><D97/><U101/><E65/><N who="2" m="41279" /><F19/><W104/><G87/><T18/><D83/><U44/><E81/><V100/><F93/><W8/><G42/><N who="0" m="24759" /><D75/><U74/><E74/><V17/><F100/><W109/><G36/><T7/><D7/><U23/><E101/><V114/><F114/><W78/><G78/><T14/><D18/><U90/><E90/><V64/><F64/><W21/><G106/><T96/><D14/><U30/><E38/><V111/><F17/><W40/><G40/><T62/><D96/><U39/><E39/><V77/><F111/><W31/><G109/><T53/><D53/><U13/><E37/><V68/><F68/><W132/><G6/><T69/><D69/><U66/><E66/><V24/><F126/><N who="0" m="48138" /><D121/><N who="1" m="46667" /><E52/><V5/><F5/><W67/><G54/><T72/><D72/><U94/><E94/><V89/><F89/><W27/><G104/><T11/><D11/><U110/><E110/><V84/><F84/><W115/><G8/><T113/><D113/><U28/><E44/><V122/><F122/><W131/><G10/><T48/><AGARI ba="0,0" hai="48,55,58,60,61,62,117,118" m="48138,24759" machi="48" ten="30,4000,0" yaku="18,1,34,2" doraHai="16" who="0" fromWho="0" sc="201,40,247,-10,208,-10,344,-20" owari="241,4.0,237,-16.0,198,-30.0,324,42.0" /></mjloggm>