<mjloggm ver="2.3"><GO type="97" lobby="0"/><UN n0="%EF%BC%A0%E4%B8%80%E8%89%B2%E3%81%AE%E5%BC%9F%E5%AD%90%E2%80%A0" n1="%E3%82%A6%E3%83%AB%E3%83%88%E3%83%A9%E7%AB%8B%E7%9B%B4" n2="%E5%A4%A9%E6%89%8D%E3%82%A4%E3%83%99%E3%83%AA%E3%82%B3%E8%B1%9A" n3="%4D%2E%4B%65%6E" dan="13,15,15,14" rate="1841.55,2002.47,2059.35,1897.03" sx="M,M,F,M"/><TAIKYOKU oya="0"/><INIT seed="0,0,0,3,2,115" ten="250,250,250,250" oya="0" hai0="94,113,11,81,78,109,68,127,60,50,41,100,93" hai1="120,10,106,12,44,33,114,15,79,4,22,131,6" hai2="116,80,74,38,73,66,53,76,54,32,29,91,95" hai3="28,118,63,69,124,132,117,107,126,67,64,36,56"/><T26/><D113/><U0/><E106/><V59/><F38/><W89/><G107/><T20/><D109/><U13/><E114/><V83/><F116/><N who="3" m="44651" /><G89/><T121/><D127/><N who="3" m="48681" /><G28/><T51/><D121/><U130/><E79/><V103/><F103/><W49/><G132/><T98/><D11/><U34/><E44/><V25/><F66/><N who="3" m="41183" /><G36/><T47/><D93/><U43/><E120/><V31/><F31/><W45/><G56/><T7/><D7/><U5/><E0/><V96/><F59/><W18/><G18/><T61/><D68/><U119/><E119/><V129/><F129/><W46/><G46/><T42/><D51/><U99/><E130/><V30/><F30/><W40/><AGARI ba="0,0" hai="40,45,49,64,67" m="41183,48681,44651" machi="40" ten="30,12000,2" yaku="18,1,34,2,52,3" doraHai="115" who="3" fromWho="3" sc="250,-60,250,-30,250,-30,250,120" /><INIT seed="1,0,0,5,0,40" ten="190,220,220,370" oya="1" hai0="43,33,103,50,2,35,128,118,89,0,92,119,9" hai1="69,82,15,105,5,65,125,79,30,109,37,24,130" hai2="44,124,20,51,11,6,117,86,75,64,54,27,127" hai3="12,7,134,52,97,131,61,71,133,121,25,126,17"/><U16/><E105/><V76/><F117/><W18/><G71/><T101/><D128/><U112/><E112/><V38/><F64/><W83/><G121/><T70/><D70/><U122/><E122/><V123/><F123/><W116/><G116/><T57/><D9/><U85/><E130/><V22/><F75/><W73/><G131/><T34/><D118/><U95/><E125/><N who="2" m="48203" /><F38/><W96/><G126/><T104/><D119/><U67/><E5/><V36/><F36/><W120/><G120/><T132/><D132/><N who="3" m="50793" /><G7/><T90/><D104/><U98/><E69/><V10/><F22/><N who="3" m="13519" /><G18/><T41/><D57/><U135/><E37/><V100/><F100/><N who="0" m="38474" /><D50/><U32/><E109/><V13/><F11/><W39/><G12/><T56/><D92/><U8/><REACH who="1" step="1"/><E135/><REACH who="1" ten="190,210,220,370" step="2"/><V110/><F110/><W46/><G39/><T55/><D2/><U113/><E113/><V99/><F6/><W28/><G28/><T49/><D0/><U19/><E19/><V84/><F10/><W14/><G14/><T94/><D33/><U42/><E42/><V21/><F13/><W106/><G106/><T48/><D34/><U60/><E60/><V114/><F114/><W91/><G61/><T102/><D35/><U74/><E74/><V108/><F108/><W53/><G73/><T62/><D41/><U1/><E1/><V4/><F4/><W107/><G107/><T31/><D43/><U66/><E66/><V87/><F27/><W80/><G53/><T47/><D62/><U58/><E58/><V129/><F129/><W93/><G52/><T111/><D55/><U68/><E68/><RYUUKYOKU ba="0,1" sc="190,-10,210,30,220,-10,370,-10" hai1="8,15,16,24,30,32,65,67,79,82,85,95,98" /><INIT seed="1,1,1,1,3,83" ten="180,240,210,360" oya="1" hai0="72,124,27,39,29,75,117,94,76,78,96,111,42" hai1="10,21,104,14,62,69,110,17,45,84,129,60,123" hai2="73,24,87,58,119,108,19,135,77,118,116,99,68" hai3="89,32,25,65,102,44,121,43,41,88,47,0,9"/><U35/><E35/><V30/><F68/><W93/><G121/><T95/><D117/><U115/><E104/><V48/><F108/><W82/><G32/><T133/><D133/><U103/><E123/><V122/><F122/><W120/><G120/><T97/><D124/><U92/><E115/><V90/><F135/><W20/><G0/><T12/><D111/><U71/><E110/><V22/><F99/><N who="3" m="59759" /><G9/><T128/><D128/><U98/><E129/><V113/><F113/><W74/><G74/><T2/><D2/><U105/><E45/><N who="3" m="17482" /><G65/><T86/><D42/><N who="3" m="15881" /><G82/><T63/><D39/><U50/><E50/><V36/><F36/><W59/><G59/><T100/><D63/><U80/><E105/><V31/><F73/><N who="0" m="28234" /><D12/><U109/><E109/><V52/><REACH who="2" step="1"/><F77/><REACH who="2" ten="180,240,200,360" step="2"/><N who="0" m="29802" /><D29/><AGARI ba="1,2" hai="20,25,29,88,89" m="15881,17482,59759" machi="29" ten="30,2000,0" yaku="8,1,54,1" doraHai="83" who="3" fromWho="0" sc="180,-23,240,0,200,0,360,43" /><INIT seed="2,0,0,1,3,103" ten="157,240,200,403" oya="2" hai0="4,57,21,10,94,72,126,108,31,131,56,124,81" hai1="50,102,63,122,51,79,15,125,114,104,12,132,68" hai2="107,110,117,0,53,28,55,6,40,93,48,134,135" hai3="119,92,1,128,37,116,66,133,120,85,74,14,11"/><V100/><F117/><W32/><G92/><T3/><D108/><U24/><E114/><V26/><F110/><W58/><G85/><T99/><D131/><U109/><E109/><V17/><F17/><W62/><G14/><T88/><D31/><U60/><E79/><V129/><F129/><W39/><G11/><T27/><D27/><U111/><E111/><V29/><F93/><W36/><G32/><T8/><D21/><U34/><E125/><V130/><F130/><W30/><G30/><T49/><D10/><U97/><E132/><N who="2" m="50731" /><F6/><W25/><G74/><T105/><D49/><U59/><E122/><V45/><F0/><W101/><G25/><T69/><D69/><U52/><E15/><V65/><F65/><W84/><G1/><T123/><D123/><U7/><E7/><V9/><F9/><W5/><G5/><T19/><D19/><U76/><E12/><V98/><F29/><W35/><G35/><AGARI ba="0,0" hai="26,28,35,40,45,48,53,55,98,100,107" m="50731" machi="35" ten="30,2900,0" yaku="20,1,52,1" doraHai="103" who="2" fromWho="3" sc="157,0,240,0,200,29,403,-29" /><INIT seed="2,1,0,2,0,35" ten="157,240,229,374" oya="2" hai0="127,33,12,79,40,20,120,52,93,60,15,112,6" hai1="72,27,123,39,117,56,129,78,122,77,107,22,30" hai2="5,2,81,73,113,110,32,69,23,90,75,101,102" hai3="99,51,25,47,114,44,13,133,95,0,84,135,34"/><V115/><F32/><W98/><G114/><T38/><D112/><N who="2" m="43082" /><F23/><W10/><G84/><T11/><D127/><U17/><E107/><V70/><F5/><N who="3" m="1319" /><G95/><T7/><D120/><N who="1" m="46123" /><E39/><V24/><F24/><W16/><G47/><T55/><D33/><U96/><E117/><V104/><F90/><W116/><G116/><T86/><D38/><U68/><E68/><N who="2" m="26219" /><F81/><W85/><G85/><T41/><D60/><U128/><E96/><N who="2" m="61479" /><F102/><W76/><G76/><N who="1" m="29290" /><E72/><N who="2" m="27723" /><F110/><W49/><G49/><T131/><D79/><U121/><N who="1" m="46131" /><U19/><DORA hai="62" /><E56/><V4/><F4/><W92/><G92/><T100/><D100/><U83/><E83/><V42/><F42/><W132/><G34/><T1/><D93/><U43/><E43/><V21/><F21/><N who="3" m="11407" /><G25/><T31/><D86/><U89/><E89/><V3/><AGARI ba="1,0" hai="2,3" m="27723,61479,26219,43082" machi="3" ten="40,7800,0" yaku="23,1,52,2" doraHai="35,62" who="2" fromWho="2" sc="157,-27,240,-27,229,81,374,-27" /><INIT seed="2,2,0,0,4,57" ten="130,213,310,347" oya="2" hai0="39,18,117,15,130,100,1,52,6,105,61,99,65" hai1="77,67,11,53,50,112,13,111,34,8,26,29,85" hai2="10,68,0,88,94,32,86,21,41,25,59,91,115" hai3="75,5,27,103,7,51,76,47,40,96,56,35,135"/><V28/><F115/><W133/><G75/><T17/><D117/><U24/><E112/><V44/><F68/><W3/><G76/><T131/><D39/><U110/><E67/><V116/><F116/><W127/><G127/><T118/><D118/><U122/><E122/><V95/><F32/><W124/><G124/><T107/><D107/><U123/><E123/><V82/><F59/><W45/><G47/><T62/><D1/><U54/><E85/><V4/><REACH who="2" step="1"/><F91/><REACH who="2" ten="130,213,300,347" step="2"/><W119/><G119/><T101/><D101/><U23/><E34/><V31/><F31/><W125/><G125/><T33/><D33/><U83/><E29/><V132/><F132/><N who="3" m="50763" /><G56/><N who="0" m="34951" /><D6/><U70/><E70/><V14/><F14/><W12/><G12/><T43/><D43/><U22/><E13/><V30/><F30/><N who="3" m="19935" /><G3/><T73/><D73/><U79/><E26/><V89/><F89/><W113/><G113/><T80/><D15/><U126/><E24/><V71/><F71/><W16/><G16/><T66/><D66/><U92/><E126/><V97/><F97/><W63/><G63/><T64/><D64/><U78/><E11/><V90/><F90/><W36/><G51/><AGARI ba="2,1" hai="0,4,10,21,25,28,41,44,51,82,86,88,94,95" machi="51" ten="30,11600,0" yaku="1,1,7,1,54,1,53,1" doraHai="57" doraHaiUra="37" who="2" fromWho="3" sc="130,0,213,0,300,132,347,-122" /><INIT seed="2,3,0,3,1,115" ten="130,213,432,225" oya="2" hai0="20,21,6,61,87,65,26,98,103,47,113,92,14" hai1="128,23,121,134,9,112,66,51,45,125,55,53,27" hai2="132,71,88,69,58,15,79,70,11,17,18,100,96" hai3="67,90,135,33,114,32,105,97,1,60,130,7,111"/><V119/><F119/><W4/><G90/><T34/><D113/><U72/><E72/><V44/><F79/><W89/><G89/><T78/><D34/><U126/><E112/><V22/><F132/><W41/><G114/><T106/><D47/><U123/><E134/><V117/><F117/><W40/><G135/><T85/><D78/><U116/><E66/><V110/><F110/><W109/><G7/><T122/><D122/><N who="1" m="46603" /><E116/><V13/><F44/><W0/><G41/><T46/><D46/><U133/><E133/><V102/><REACH who="2" step="1"/><F58/><REACH who="2" ten="130,213,422,225" step="2"/><W80/><G40/><T84/><D106/><U107/><E107/><V8/><F8/><W76/><G130/><T38/><D38/><U93/><E9/><V74/><F74/><W91/><G111/><T99/><D99/><U10/><E10/><V25/><F25/><W86/><G97/><T101/><D6/><U37/><E37/><V73/><F73/><W52/><G4/><T120/><D120/><U42/><E128/><V43/><F43/><W95/><G76/><T30/><D14/><U81/><E42/><V127/><F127/><W68/><G109/><T39/><D39/><U35/><E45/><V28/><F28/><W63/><G1/><T16/><D30/><U24/><E27/><V118/><F118/><W31/><G0/><T131/><D131/><U82/><E24/><V50/><F50/><W124/><G31/><T62/><D26/><U29/><E51/><V54/><F54/><W48/><G52/><T36/><D36/><U57/><E55/><V12/><F12/><W104/><G124/><T3/><D3/><RYUUKYOKU ba="3,1" sc="130,-10,213,-10,422,30,225,-10" hai2="11,13,15,17,18,22,69,70,71,88,96,100,102" /><INIT seed="2,4,1,1,3,30" ten="120,203,452,215" oya="2" hai0="85,7,120,12,1,29,41,13,26,3,57,76,74" hai1="65,18,130,55,28,125,117,36,82,77,66,47,35" hai2="15,61,93,95,54,5,75,32,33,94,21,109,11" hai3="79,129,16,104,0,98,8,46,134,22,72,99,102"/><V59/><F75/><W107/><G8/><T121/><D120/><U23/><E117/><V10/><F109/><W116/><G0/><T37/><D121/><U127/><E130/><V97/><F21/><W20/><G129/><T52/><D74/><U51/><E36/><V112/><F112/><W56/><G116/><T84/><D1/><U78/><E28/><V115/><F115/><W118/><G118/><T91/><D3/><U39/><E39/><V62/><F97/><W43/><G56/><T128/><D128/><U89/><E89/><V71/><REACH who="2" step="1"/><F11/><REACH who="2" ten="120,203,442,215" step="2"/><W114/><G114/><T14/><D84/><U87/><E35/><V58/><F58/><W34/><G22/><T132/><D132/><U19/><E23/><V135/><F135/><W27/><G134/><T50/><D76/><U63/><E77/><V48/><F48/><W111/><G79/><T119/><D119/><U100/><E63/><V31/><F31/><W90/><G46/><T25/><D29/><U101/><E125/><V67/><AGARI ba="4,2" hai="5,10,15,32,33,54,59,61,62,67,71,93,94,95" machi="67" ten="30,11700,0" yaku="1,1,0,1,52,2,53,0" doraHai="30" doraHaiUra="103" who="2" fromWho="2" sc="120,-43,203,-43,442,149,215,-43" /><INIT seed="2,5,0,5,0,7" ten="77,160,591,172" oya="2" hai0="60,44,92,29,57,24,10,15,100,88,125,108,131" hai1="80,28,113,94,19,69,95,43,86,74,26,16,27" hai2="67,134,128,87,73,115,53,49,52,99,96,41,0" hai3="85,82,89,103,112,42,13,31,135,98,76,8,126"/><V23/><F115/><W133/><G112/><T3/><D131/><U18/><E69/><V25/><F73/><N who="3" m="43279" /><G42/><T11/><D125/><U20/><E74/><V37/><F128/><W71/><G31/><T90/><D108/><U64/><E113/><V81/><F134/><N who="3" m="51211" /><G71/><T22/><D44/><U2/><E2/><V61/><F0/><W129/><G129/><T102/><D3/><U56/><E43/><V107/><F107/><N who="3" m="63991" /><G126/><T30/><D30/><U5/><E5/><V12/><F12/><W117/><G117/><T109/><D109/><U104/><E104/><V83/><F37/><W58/><G58/><T40/><D40/><U78/><E27/><V1/><F1/><W132/><N who="3" m="51219" /><W101/><DORA hai="119" /><G101/><T45/><D45/><U33/><E33/><V84/><F41/><W17/><G85/><N who="0" m="52239" /><D90/><AGARI ba="5,0" hai="8,13,17,89,90" m="63991,51219,43279" machi="90" ten="40,2600,0" yaku="20,1,52,1" doraHai="7,119" who="3" fromWho="0" sc="77,-41,160,0,591,0,172,41" /><INIT seed="3,0,0,5,5,28" ten="36,160,591,213" oya="3" hai0="112,65,117,80,54,19,31,47,51,99,118,125,85" hai1="22,89,95,59,18,63,76,126,123,20,35,87,0" hai2="7,9,91,57,81,105,97,49,82,127,120,33,94" hai3="88,27,71,62,56,103,109,8,5,106,131,38,79"/><W11/><G71/><T113/><D65/><U67/><E0/><V29/><F105/><W100/><G106/><T52/><D99/><U77/><E126/><V26/><F127/><W73/><G38/><T24/><D125/><U96/><E35/><V55/><F120/><W116/><G116/><T46/><D19/><U107/><E123/><V60/><F49/><W50/><G73/><T39/><D39/><U84/><E107/><V1/><AGARI ba="0,0" hai="1,7,9,26,29,33,55,57,60,81,82,91,94,97" machi="1" ten="20,2700,0" yaku="0,1,7,1,52,1" doraHai="28" who="2" fromWho="2" sc="36,-7,160,-7,591,27,213,-13" owari="29,-47.0,153,-25.0,618,72.0,200,0.0" /></mjloggm>