<mjloggm ver="2.3"><GO type="41" lobby="0"/><UN n0="%E3%82%B7%E3%83%A5%E3%82%AC%E3%83%BC%E3%81%AE%E5%BC%9F%E5%AD%90" n1="%E3%82%A6%E3%83%AB%E3%83%88%E3%83%A9%E7%AB%8B%E7%9B%B4" n2="%E5%9C%9F%E6%96%B9%E6%AD%B3%E4%B8%89" n3="%E8%B0%B7%E3%81%8F%E3%82%93" dan="13,16,13,15" rate="2011.47,2056.29,1822.62,1989.85" sx="M,M,M,F"/><TAIKYOKU oya="0"/><INIT seed="0,0,0,1,3,63" ten="250,250,250,250" oya="0" hai0="132,104,130,53,98,39,46,86,95,58,91,9,0" hai1="75,118,1,70,114,125,88,82,133,43,40,115,51" hai2="123,131,64,102,14,31,32,12,56,120,18,11,30" hai3="65,101,8,52,81,19,35,4,105,74,69,83,106"/><T126/><D130/><U111/><E1/><V66/><F131/><W73/><G35/><T117/><D117/><U33/><E33/><V7/><F32/><W85/><G19/><T50/><D126/><U2/><E2/><V60/><F102/><W34/><G34/><T96/><D132/><U89/><E118/><V92/><F92/><W57/><G101/><T112/><D112/><U44/><E125/><V113/><F113/><W27/><G27/><T87/><D104/><U90/><E133/><V42/><F42/><W6/><G69/><T100/><D100/><U37/><E111/><V103/><F103/><W127/><G127/><T84/><D98/><U38/><E70/><V13/><F13/><W79/><G65/><T78/><D39/><U110/><E51/><V77/><F77/><W48/><G6/><T76/><D0/><U97/><E97/><V29/><REACH who="2" step="1"/><F64/><REACH who="2" ten="250,250,240,250" step="2"/><W15/><G74/><T107/><D107/><U22/><E114/><V122/><F122/><W62/><G62/><N who="0" m="36175" /><D9/><AGARI ba="0,1" hai="7,9,11,12,14,18,29,30,31,56,60,66,120,123" machi="9" ten="40,2600,0" yaku="1,1,52,1,53,0" doraHai="63" doraHaiUra="67" who="2" fromWho="0" sc="250,-26,250,0,240,36,250,0" /><INIT seed="1,0,0,1,2,51" ten="224,250,276,250" oya="1" hai0="45,127,64,129,77,85,70,113,108,91,18,112,9" hai1="15,36,78,79,105,20,69,71,13,11,16,120,54" hai2="46,82,50,61,94,88,73,23,90,41,114,131,76" hai3="130,98,103,56,92,101,111,59,43,104,2,7,96"/><U33/><E33/><V128/><F114/><W117/><G117/><T44/><D108/><U17/><E120/><V38/><F38/><W74/><G74/><T67/><D77/><U52/><E36/><V68/><F68/><W31/><G31/><T63/><D129/><N who="2" m="49738" /><F61/><W102/><G130/><T124/><D67/><U37/><E37/><V30/><F94/><W0/><G43/><T86/><D9/><U80/><E105/><V19/><F30/><W58/><G111/><T1/><D18/><U119/><E119/><V97/><F97/><W89/><G7/><T66/><D64/><U107/><E107/><V8/><F8/><W100/><AGARI ba="0,0" hai="0,2,56,58,59,89,92,96,98,100,101,102,103,104" machi="100" ten="40,1500,0" yaku="0,1" doraHai="51" who="3" fromWho="3" sc="224,-4,250,-7,276,-4,250,15" /><INIT seed="2,0,0,4,4,20" ten="220,243,272,265" oya="2" hai0="104,52,133,26,47,84,13,101,93,105,116,75,57" hai1="62,68,78,53,37,6,107,39,58,90,108,36,87" hai2="81,2,72,86,111,119,61,135,126,89,69,3,82" hai3="85,31,16,102,120,130,9,5,118,18,33,113,1"/><V40/><F119/><W12/><G120/><T23/><D75/><U83/><E107/><V99/><F72/><W15/><G102/><T129/><D133/><U80/><E68/><V128/><F135/><W50/><G118/><T49/><D116/><U112/><E112/><V131/><F69/><W67/><G67/><T66/><D129/><U21/><E108/><V44/><F111/><W74/><G74/><T22/><D13/><U92/><E6/><V124/><F61/><W19/><G130/><N who="2" m="49705" /><F99/><W32/><G85/><T45/><D22/><U38/><N who="1" m="9728" /><DORA hai="51" /><U115/><E115/><V132/><F132/><W100/><G100/><T35/><D35/><N who="3" m="13385" /><G50/><T97/><D84/><U117/><E117/><V123/><F123/><W8/><G113/><T14/><D14/><N who="3" m="5161" /><G31/><T24/><D26/><U34/><E34/><V77/><F77/><W46/><G46/><T79/><D79/><U10/><E10/><AGARI ba="0,0" hai="1,5,8,9,10,16,18,19" m="5161,13385" machi="10" ten="40,12000,2" yaku="35,5,54,1" doraHai="20,51" who="3" fromWho="1" sc="220,0,243,-120,272,0,265,120" /><INIT seed="3,0,0,4,3,81" ten="220,123,272,385" oya="3" hai0="30,120,106,45,33,40,50,57,56,79,107,95,46" hai1="29,128,19,39,22,133,73,51,18,0,12,132,35" hai2="66,43,31,13,7,109,76,86,17,83,126,59,119" hai3="130,114,14,61,92,72,41,48,49,90,104,124,89"/><W58/><G114/><T80/><D120/><U121/><E39/><V55/><F119/><W93/><G72/><T9/><D95/><U37/><E37/><V118/><F118/><W10/><G104/><T36/><D9/><U131/><E73/><V123/><F123/><W64/><G130/><N who="1" m="49706" /><E51/><V74/><F43/><W98/><G41/><T60/><D56/><U78/><E78/><V38/><F38/><W28/><G28/><T42/><D30/><U127/><E121/><V47/><F47/><W26/><G26/><T5/><D5/><U53/><E53/><V67/><F7/><W44/><G44/><T4/><D4/><U54/><E54/><V111/><F31/><W116/><G116/><T15/><D15/><U115/><E0/><V100/><F100/><W117/><G124/><T105/><D33/><U87/><E87/><V135/><F126/><W85/><G117/><T6/><D6/><AGARI ba="0,0" hai="6,10,14,48,49,58,61,64,85,89,90,92,93,98" machi="6" ten="30,5800,0" yaku="7,1,8,1,52,1" doraHai="81" who="3" fromWho="0" sc="220,-58,123,0,272,0,385,58" /><INIT seed="3,1,0,3,1,64" ten="162,123,272,443" oya="3" hai0="28,115,96,50,67,5,80,53,52,74,75,83,122" hai1="91,124,22,95,102,57,100,101,49,78,134,19,81" hai2="7,35,127,34,92,90,117,55,59,46,121,77,119" hai3="32,45,116,104,135,105,47,44,106,43,131,18,37"/><W40/><G116/><T2/><D122/><U24/><E124/><V61/><F127/><W109/><G135/><T17/><D115/><U14/><E134/><V36/><F121/><W33/><G18/><T30/><D67/><U69/><E24/><V65/><F119/><W1/><G1/><T58/><D17/><U71/><E81/><V10/><F117/><W103/><G103/><T51/><D96/><U20/><E78/><V126/><F126/><W129/><G109/><T110/><D5/><U93/><E20/><V128/><F77/><W79/><G79/><T130/><D2/><U72/><E72/><V41/><F55/><W118/><G118/><T107/><D58/><U87/><E95/><V11/><F11/><W23/><G23/><T94/><D94/><U114/><E114/><V27/><F27/><W89/><G89/><T3/><D3/><U42/><E42/><N who="3" m="15914" /><G37/><T99/><D99/><U86/><E86/><V111/><F7/><W108/><G108/><T133/><D133/><U82/><E82/><V85/><F111/><W88/><G88/><T73/><D74/><U62/><REACH who="1" step="1"/><E49/><REACH who="1" ten="162,113,272,443" step="2"/><V39/><F85/><W54/><G32/><T76/><D110/><U9/><E9/><V38/><F10/><W70/><G33/><T56/><D76/><U4/><E4/><V16/><F35/><W31/><G106/><T25/><D107/><U13/><E13/><V15/><F15/><W97/><G105/><T123/><D123/><U98/><E98/><V60/><F92/><W29/><G104/><T21/><D73/><U68/><E68/><V8/><F34/><RYUUKYOKU ba="1,1" sc="162,-10,113,30,272,-10,443,-10" hai1="14,19,22,57,62,69,71,87,91,93,100,101,102" /><INIT seed="4,2,1,3,3,74" ten="152,143,262,433" oya="0" hai0="51,24,84,18,42,87,135,125,80,129,7,0,4" hai1="69,91,37,26,103,81,30,89,113,25,60,47,53" hai2="117,32,95,27,111,132,22,104,8,73,107,62,48" hai3="38,134,36,13,100,82,17,126,94,75,120,70,127"/><T40/><D125/><N who="3" m="47625" /><G70/><T5/><D0/><U33/><E113/><V34/><F73/><W114/><G114/><T21/><D129/><U101/><E89/><V92/><F117/><W3/><G3/><T65/><D135/><U102/><E26/><V28/><F132/><W23/><G134/><T116/><D116/><U118/><E118/><V19/><F111/><W63/><G120/><T110/><D110/><U124/><E124/><V67/><F32/><W108/><G108/><T45/><D65/><U11/><E11/><V6/><F107/><W79/><G63/><T97/><D97/><AGARI ba="2,1" hai="13,17,23,36,38,75,79,82,94,97,100" m="47625" machi="97" ten="30,2000,0" yaku="18,1,52,1" doraHai="74" who="3" fromWho="0" sc="152,-26,143,0,262,0,433,36" /><INIT seed="5,0,0,1,3,28" ten="126,143,262,469" oya="1" hai0="107,90,57,1,128,104,105,29,131,27,100,60,75" hai1="16,126,123,41,111,93,66,36,78,11,21,31,53" hai2="23,25,38,62,116,39,135,50,14,99,69,48,26" hai3="52,124,102,51,133,122,32,81,113,56,119,80,40"/><U12/><E123/><V6/><F116/><W64/><G122/><T117/><D75/><U87/><E111/><V49/><F69/><W54/><G113/><T97/><D1/><U9/><E126/><V10/><F62/><W103/><G32/><T125/><D117/><U22/><E66/><V79/><F79/><W45/><G119/><T70/><D90/><U112/><E112/><V13/><F39/><W76/><G133/><T15/><D15/><U86/><E41/><V91/><F135/><W33/><G33/><N who="0" m="20671" /><D57/><U110/><E36/><V89/><F38/><W67/><G124/><T42/><D42/><U17/><E31/><V19/><F89/><W20/><G20/><T35/><D125/><U94/><E110/><V118/><F118/><W43/><G76/><T85/><D85/><U95/><E53/><V65/><F65/><W73/><G73/><T98/><D35/><U5/><E78/><V7/><F7/><W47/><G56/><T92/><D92/><AGARI ba="0,0" hai="6,10,13,14,19,23,25,26,48,49,50,91,92,99" machi="92" ten="40,1300,0" yaku="8,1" doraHai="28" who="2" fromWho="0" sc="126,-13,143,0,262,13,469,0" /><INIT seed="6,0,0,1,1,102" ten="113,143,275,469" oya="2" hai0="14,54,59,78,83,65,36,86,9,91,7,113,128" hai1="31,119,40,133,42,89,49,63,74,120,82,20,123" hai2="94,56,101,25,64,28,130,45,107,121,19,92,126" hai3="116,30,112,76,13,84,111,58,125,66,122,114,24"/><V47/><F121/><W104/><G122/><N who="1" m="46634" /><E119/><V46/><F107/><W95/><G116/><T134/><D36/><U27/><E133/><V26/><F64/><W10/><G104/><T117/><D117/><U5/><E49/><V50/><F56/><W71/><G71/><T118/><D118/><U53/><E5/><V99/><F130/><W43/><G43/><T87/><D134/><U129/><E129/><V135/><F126/><W80/><G95/><T18/><D113/><U75/><E75/><V98/><F135/><W39/><G39/><T70/><D70/><U68/><E53/><V55/><F19/><W115/><G58/><T132/><D132/><U41/><E74/><V0/><F0/><W62/><G62/><T48/><D128/><U16/><E31/><V90/><F26/><W3/><G3/><T29/><D29/><U11/><E11/><V67/><F67/><W2/><G2/><T127/><D65/><N who="1" m="41023" /><E82/><V69/><F69/><W60/><G60/><T34/><D34/><AGARI ba="0,0" hai="25,28,34,45,46,47,50,55,90,92,94,98,99,101" machi="34" ten="30,1500,0" yaku="7,1" doraHai="102" who="2" fromWho="0" sc="113,-15,143,0,275,15,469,0" /><INIT seed="6,1,0,0,4,67" ten="98,143,290,469" oya="2" hai0="27,71,41,42,29,130,8,43,73,54,135,58,120" hai1="88,124,16,69,74,114,3,32,133,81,66,111,64" hai2="31,102,90,25,72,59,20,100,99,56,65,89,125" hai3="95,70,11,39,105,109,79,19,13,7,14,121,1"/><V106/><F125/><W91/><G105/><T48/><D120/><U17/><E111/><V36/><F36/><W53/><G109/><T104/><D73/><U61/><E3/><V96/><F72/><W51/><G39/><T50/><D104/><U40/><E124/><V44/><F44/><W24/><G79/><T5/><D135/><U108/><E108/><V76/><F76/><W131/><G131/><T0/><D130/><U49/><E133/><V126/><F126/><W92/><G70/><T9/><D8/><U35/><E114/><V77/><F77/><W75/><G75/><T6/><D5/><U83/><E74/><V33/><F33/><W122/><G24/><T38/><D38/><U52/><E40/><V86/><F86/><W103/><G103/><T87/><D87/><U30/><E66/><V28/><F28/><W68/><G68/><T23/><REACH who="0" step="1"/><D71/><REACH who="0" ten="88,143,290,469" step="2"/><U127/><E127/><V55/><F106/><W57/><G122/><T118/><D118/><U37/><E37/><V34/><F99/><W94/><G7/><T4/><D4/><U128/><E128/><V84/><F96/><W116/><G11/><T12/><D12/><U10/><E10/><V93/><F84/><W22/><G14/><T129/><D129/><U107/><E107/><V15/><F15/><W132/><G1/><T2/><D2/><U119/><E119/><V85/><F85/><W21/><G116/><T26/><D26/><U115/><E69/><V45/><F93/><W46/><G132/><T78/><D78/><U97/><E97/><V123/><F25/><W18/><G121/><RYUUKYOKU ba="1,1" sc="88,30,143,-10,290,-10,469,-10" hai0="0,6,9,23,27,29,41,42,43,48,50,54,58" /><INIT seed="7,2,1,3,3,117" ten="118,133,280,459" oya="3" hai0="19,133,65,18,1,52,47,54,71,44,126,45,66" hai1="125,37,131,57,63,82,109,17,25,122,115,5,114" hai2="80,26,72,79,46,85,132,15,113,50,27,60,68" hai3="24,58,31,41,16,35,103,119,99,64,70,51,127"/><W100/><G119/><T30/><D1/><U28/><E37/><V105/><F105/><W4/><G103/><T29/><D126/><U112/><E109/><V67/><F113/><W48/><G4/><T81/><D133/><U23/><E125/><V118/><F132/><W121/><G121/><T53/><D81/><U93/><E131/><V61/><F61/><N who="3" m="40207" /><G41/><T88/><D71/><U84/><E93/><V95/><F118/><W94/><G58/><T43/><D43/><U21/><E5/><V134/><F134/><W12/><G94/><T110/><D110/><U14/><E122/><V96/><F72/><W123/><G123/><T104/><D104/><U90/><E63/><V124/><F15/><W20/><G127/><T120/><D88/><U22/><E57/><V91/><F124/><W97/><G97/><T129/><D129/><U89/><E89/><V130/><F130/><W3/><G3/><T135/><D135/><U106/><E106/><V101/><F101/><W9/><G9/><AGARI ba="2,1" hai="9,14,17,21,22,23,25,28,82,84,90,112,114,115" machi="9" ten="40,1300,0" yaku="15,1" doraHai="117" who="1" fromWho="3" sc="118,0,133,29,280,0,459,-19" owari="118,-38.0,162,-24.0,280,8.0,440,54.0" /></mjloggm>