<mjloggm ver="2.3"><GO type="41" lobby="0"/><UN n0="%E3%81%BF%E3%82%87%E3%82%93%E2%86%92" n1="%E3%82%A6%E3%83%AB%E3%83%88%E3%83%A9%E7%AB%8B%E7%9B%B4" n2="%67%69%6A%79%75%74%75" n3="%E3%81%84%E3%81%A8%E3%81%93%E3%82%93%E3%81%AB%E3%82%83%E3%81%8F" dan="15,16,15,13" rate="2017.79,2058.72,2021.71,1820.58" sx="F,M,M,F"/><TAIKYOKU oya="0"/><INIT seed="0,0,0,3,1,99" ten="250,250,250,250" oya="0" hai0="128,86,44,81,51,76,57,20,124,53,108,82,37" hai1="68,80,42,116,47,96,91,12,19,95,72,22,33" hai2="122,125,25,41,126,105,26,113,16,117,85,90,49" hai3="84,115,129,4,48,43,103,66,40,7,58,63,92"/><T106/><D106/><U56/><E68/><V74/><F74/><W94/><G129/><T29/><D124/><N who="2" m="47722" /><F113/><W111/><G111/><T23/><D128/><U135/><E33/><V131/><F131/><W73/><G73/><T133/><D133/><U119/><E135/><V93/><F122/><W30/><G92/><T98/><D108/><U55/><E80/><V31/><F117/><W60/><G60/><T38/><D98/><U64/><E64/><V101/><F31/><W120/><G120/><T69/><D69/><U24/><E72/><V27/><F105/><W1/><G1/><T61/><D37/><U110/><E110/><V102/><F16/><W18/><G30/><T52/><D38/><U121/><E121/><V134/><F134/><W100/><G18/><T3/><D3/><U45/><E12/><V62/><F62/><W75/><G75/><T104/><D104/><U118/><E42/><N who="3" m="15914" /><G48/><T59/><D29/><U10/><E10/><V79/><F79/><W9/><G9/><T5/><D5/><N who="3" m="2121" /><G115/><T28/><D28/><U112/><E112/><V46/><AGARI ba="0,0" hai="25,26,27,41,46,49,85,90,93,101,102" m="47722" machi="46" ten="40,5200,0" yaku="18,1,52,2" doraHai="99" who="2" fromWho="2" sc="250,-26,250,-13,250,52,250,-13" /><INIT seed="1,0,0,1,4,27" ten="224,237,302,237" oya="1" hai0="126,80,24,21,91,17,54,66,69,60,135,30,121" hai1="81,49,56,105,72,92,127,41,36,119,37,33,118" hai2="51,64,70,98,73,122,78,130,114,63,58,83,2" hai3="0,52,96,18,32,88,71,67,129,108,113,115,102"/><U47/><E105/><V120/><F2/><W79/><G79/><T42/><D126/><U46/><E33/><V62/><F130/><W90/><G0/><T124/><D124/><U59/><E81/><V26/><F114/><W89/><G108/><T5/><D42/><N who="1" m="22855" /><E92/><V100/><F51/><W104/><G129/><T103/><D5/><U61/><E72/><V55/><F26/><W28/><G18/><T13/><D135/><U9/><E9/><V133/><F133/><W23/><G23/><T48/><D121/><U101/><E101/><V74/><F73/><W111/><G52/><T84/><D103/><U132/><E132/><V131/><F131/><W57/><G57/><T11/><D11/><U109/><E127/><V10/><F10/><W31/><G111/><T99/><D99/><U19/><E19/><V22/><F22/><W43/><G115/><T77/><D77/><U4/><E4/><V44/><F44/><W7/><G113/><T128/><D128/><U15/><E109/><V82/><F83/><W68/><G7/><T94/><D80/><U6/><E6/><V112/><F112/><W106/><G32/><T123/><D123/><U3/><E15/><V50/><F63/><W29/><G104/><AGARI ba="0,0" hai="50,55,58,62,64,70,74,78,82,98,100,104,120,122" machi="104" ten="30,1000,0" yaku="7,1" doraHai="27" who="2" fromWho="3" sc="224,0,237,0,302,10,237,-10" /><INIT seed="2,0,0,1,2,56" ten="224,237,312,227" oya="2" hai0="66,76,114,24,121,102,124,129,3,67,27,26,101" hai1="53,21,65,23,5,49,113,52,64,19,8,90,128" hai2="92,30,94,118,41,77,69,68,63,20,17,99,15" hai3="107,31,16,70,110,98,115,2,87,108,89,131,95"/><V91/><F118/><W9/><G31/><T39/><D39/><U28/><E113/><V130/><F130/><W37/><G131/><T105/><D114/><U4/><E128/><V133/><F133/><W58/><G70/><T96/><D3/><U18/><E28/><V7/><F41/><W35/><G35/><T12/><D121/><U84/><E8/><V13/><F30/><W80/><G37/><T44/><D129/><U55/><E49/><V38/><F38/><W75/><G115/><T106/><D124/><U42/><E42/><V48/><F48/><W47/><G47/><T6/><D76/><U50/><E50/><V81/><F94/><W25/><G75/><T109/><D109/><N who="3" m="42089" /><G107/><T120/><D120/><U33/><E33/><V73/><F7/><W88/><G58/><T112/><D44/><U104/><E104/><V22/><F63/><W1/><G25/><T127/><D127/><U111/><E111/><V117/><REACH who="2" step="1"/><F117/><REACH who="2" ten="224,237,302,227" step="2"/><W61/><G61/><T85/><D112/><U34/><E5/><V122/><F122/><W123/><G123/><T45/><D105/><U57/><E4/><V43/><F43/><W97/><G97/><T60/><D6/><U93/><E34/><V78/><F78/><W134/><G134/><T11/><D96/><U51/><E51/><V79/><F79/><W54/><G54/><T14/><D60/><N who="1" m="37903" /><E65/><V0/><F0/><W74/><G74/><T59/><D66/><U86/><E86/><V46/><F46/><W100/><G1/><T10/><D106/><U40/><E40/><V116/><F116/><W103/><G2/><RYUUKYOKU ba="0,1" sc="224,-30,237,10,302,10,227,10" hai1="18,19,21,23,52,53,55,84,90,93" hai2="13,15,17,20,22,68,69,73,77,81,91,92,99" hai3="9,16,80,87,88,89,95,98,100,103" /><INIT seed="2,1,1,1,1,42" ten="194,247,312,237" oya="2" hai0="114,4,129,99,18,131,29,86,57,54,134,79,20" hai1="80,91,11,14,130,36,87,23,16,60,104,69,24" hai2="118,0,19,110,10,108,15,53,94,58,51,123,103" hai3="52,111,70,5,45,92,56,63,71,74,128,3,119"/><V135/><F123/><W120/><G74/><T34/><D114/><U66/><E104/><V33/><F118/><W7/><G119/><T43/><D134/><U46/><E130/><N who="0" m="49673" /><D43/><U77/><E36/><V97/><F33/><W73/><G73/><T12/><D4/><U61/><E46/><V31/><F31/><W133/><G133/><T121/><D121/><U90/><REACH who="1" step="1"/><E61/><REACH who="1" ten="194,237,312,237" step="2"/><V72/><F135/><W105/><G128/><T89/><D79/><U125/><E125/><V30/><F30/><AGARI ba="1,2" hai="11,14,16,23,24,30,60,66,69,77,80,87,90,91" machi="30" ten="30,3900,0" yaku="1,1,7,1,54,1,53,0" doraHai="42" doraHaiUra="100" who="1" fromWho="2" sc="194,0,237,62,312,-42,237,0" /><INIT seed="3,0,0,4,2,11" ten="194,299,270,237" oya="3" hai0="121,33,44,16,27,132,29,117,39,82,73,133,99" hai1="83,130,89,17,47,86,88,125,108,94,25,95,10" hai2="49,127,120,35,112,69,122,5,7,6,123,119,41" hai3="59,43,72,22,103,51,14,37,26,91,20,15,50"/><W74/><G103/><T53/><D121/><U70/><E70/><V115/><F69/><W31/><G37/><T54/><D117/><U100/><E125/><V13/><F119/><W23/><G72/><T79/><D99/><U80/><E130/><V3/><F3/><W107/><G74/><T110/><D110/><U56/><E108/><V36/><F36/><W12/><G107/><T104/><D104/><U55/><E100/><V63/><F63/><W62/><G91/><T48/><D39/><U129/><E129/><V61/><F61/><W96/><G96/><T64/><D64/><U76/><E76/><V19/><F127/><W57/><G43/><T9/><D54/><U105/><E105/><V46/><REACH who="2" step="1"/><F35/><REACH who="2" ten="194,299,260,237" step="2"/><W93/><G51/><T85/><D132/><U97/><E47/><V116/><F116/><W28/><G50/><T58/><D133/><U42/><E42/><V90/><F90/><W30/><G26/><T0/><D44/><U134/><E134/><V68/><F68/><W126/><G126/><T32/><D32/><U81/><E55/><V18/><F18/><W128/><G128/><T124/><D124/><U87/><E56/><N who="3" m="21578" /><G62/><T77/><D79/><U8/><E97/><V131/><F131/><W65/><G65/><T109/><D109/><U113/><E113/><V45/><F45/><W1/><G1/><T111/><D111/><U106/><E106/><V24/><F24/><W118/><G118/><T75/><D0/><U114/><E114/><V67/><F67/><W38/><G38/><T84/><D73/><U40/><E40/><V2/><F2/><RYUUKYOKU ba="0,1" sc="194,0,299,0,260,0,237,0" hai0="9,16,27,29,33,48,53,58,75,77,82,84,85" hai1="8,10,17,25,80,81,83,86,87,88,89,94,95" hai2="5,6,7,13,19,41,46,49,112,115,120,122,123" hai3="12,14,15,20,22,23,28,30,31,93" /><INIT seed="3,1,1,0,5,74" ten="194,299,260,237" oya="3" hai0="17,112,15,44,5,95,51,98,131,13,102,109,40" hai1="130,35,96,19,20,120,34,128,33,31,54,72,59" hai2="123,46,121,32,57,127,39,58,87,83,2,73,38" hai3="47,6,63,103,125,77,21,29,41,68,119,86,18"/><W133/><G119/><T24/><D109/><U55/><E72/><V7/><F32/><W36/><G125/><T78/><D131/><N who="1" m="50219" /><E120/><N who="2" m="46155" /><F73/><W22/><G133/><T104/><D112/><U92/><E31/><V81/><F127/><W45/><G6/><T16/><D24/><N who="1" m="14367" /><E59/><N who="2" m="22539" /><F46/><W25/><G47/><T124/><D124/><U122/><E122/><V60/><F60/><W115/><G115/><T8/><D104/><U91/><AGARI ba="1,1" hai="33,34,35,54,55,91,92,96" m="14367,50219" machi="91" ten="40,1500,0" yaku="19,1" doraHai="74" who="1" fromWho="1" sc="194,-5,299,28,260,-5,237,-8" /><INIT seed="4,0,0,2,4,44" ten="189,327,255,229" oya="0" hai0="39,75,34,78,5,12,43,73,21,94,68,4,72" hai1="2,17,35,71,27,56,118,41,93,119,6,11,82" hai2="134,98,47,26,66,114,54,115,16,0,96,10,74" hai3="95,80,108,117,64,19,20,101,13,76,53,1,23"/><T129/><D34/><U91/><E71/><V84/><F74/><W132/><G108/><T112/><D68/><U106/><E106/><V22/><F66/><W103/><G117/><T24/><D112/><N who="2" m="43050" /><F134/><W61/><G1/><T113/><D113/><U87/><E41/><V122/><F122/><W100/><G132/><T133/><D129/><U111/><E111/><V30/><F84/><W120/><G120/><T59/><D78/><U79/><E56/><V14/><F0/><W89/><G53/><T67/><D133/><U31/><REACH who="1" step="1"/><E17/><REACH who="1" ten="189,317,255,229" step="2"/><V36/><F36/><W33/><G19/><T102/><D43/><U124/><E124/><V92/><F92/><W97/><G95/><T40/><D40/><U8/><E8/><V90/><F90/><W105/><G89/><T77/><D39/><U123/><E123/><V63/><F63/><W55/><G105/><T3/><D94/><U37/><E37/><V52/><F54/><W32/><G55/><T46/><D102/><U125/><E125/><V69/><F69/><W83/><G61/><T15/><D67/><U109/><E109/><V104/><F104/><W121/><G64/><T116/><D59/><U62/><E62/><V128/><F128/><W135/><G100/><T130/><D130/><U81/><E81/><V85/><F85/><AGARI ba="0,1" hai="2,6,11,27,31,35,79,82,85,87,91,93,118,119" machi="85" ten="30,2000,0" yaku="1,1,7,1,53,0" doraHai="44" doraHaiUra="51" who="1" fromWho="2" sc="189,0,317,30,255,-20,229,0" /><INIT seed="5,0,0,1,4,44" ten="189,347,235,229" oya="1" hai0="67,31,124,89,73,8,22,39,26,114,66,83,111" hai1="107,3,123,27,98,121,34,130,110,105,21,53,32" hai2="42,5,108,115,36,48,96,15,84,85,79,127,41" hai3="1,2,20,68,122,91,46,74,28,128,80,93,0"/><U102/><E3/><V92/><F36/><W17/><G122/><T4/><D39/><U69/><E107/><V23/><F108/><W62/><G128/><T106/><D124/><U135/><E135/><V70/><F70/><W87/><G68/><T54/><D114/><U29/><E130/><V24/><F127/><W25/><G62/><T19/><D106/><U57/><E110/><V10/><F115/><W18/><REACH who="3" step="1"/><G46/><REACH who="3" ten="189,347,235,219" step="2"/><T65/><D111/><U43/><E69/><V120/><F120/><W82/><G82/><T72/><D31/><U125/><E123/><V81/><F85/><W37/><G37/><T103/><D72/><U109/><E121/><V100/><REACH who="2" step="1"/><F48/><REACH who="2" ten="189,347,225,219" step="2"/><W71/><G71/><T50/><D73/><U101/><E125/><V131/><F131/><W30/><G30/><AGARI ba="0,2" hai="5,10,15,23,24,30,41,42,79,81,84,92,96,100" machi="30" ten="30,7700,0" yaku="1,1,7,1,8,1,53,1" doraHai="44" doraHaiUra="9" who="2" fromWho="3" sc="189,0,347,0,225,97,219,-77" /><INIT seed="6,0,0,2,5,119" ten="189,347,322,142" oya="2" hai0="48,34,107,30,134,128,10,132,82,100,108,133,55" hai1="80,127,32,33,64,112,7,60,81,93,126,15,44" hai2="9,20,79,83,24,26,45,105,47,124,21,103,123" hai3="25,88,49,122,91,19,37,94,109,58,99,13,129"/><V38/><F38/><W87/><G109/><T16/><D108/><U102/><E44/><V35/><F35/><W11/><G37/><T59/><D128/><U50/><E50/><V101/><F124/><N who="1" m="47657" /><E102/><V97/><F101/><W75/><G75/><T114/><D114/><U106/><E93/><V2/><F9/><W130/><G122/><T31/><D82/><N who="1" m="31851" /><E106/><V98/><F123/><W43/><G25/><T51/><D34/><U96/><E96/><V65/><F98/><W63/><G49/><N who="0" m="31215" /><D100/><U18/><E7/><V62/><F2/><W36/><G36/><T121/><D121/><U5/><E5/><V131/><F131/><W86/><G43/><T54/><D107/><U77/><E77/><V71/><F20/><W74/><G99/><T115/><D115/><U0/><E0/><V29/><REACH who="2" step="1"/><F26/><REACH who="2" ten="189,347,312,142" step="2"/><W57/><G74/><AGARI ba="0,1" hai="21,24,29,45,47,62,65,71,74,79,83,97,103,105" machi="74" ten="30,5800,0" yaku="1,1,2,1,7,1,53,0" doraHai="119" doraHaiUra="53" who="2" fromWho="3" sc="189,0,347,0,312,68,142,-58" /><INIT seed="6,1,0,4,2,2" ten="189,347,380,84" oya="2" hai0="119,54,92,46,109,71,114,112,98,55,25,128,1" hai1="77,101,12,67,18,62,93,58,24,122,13,95,96" hai2="70,76,110,61,14,49,116,69,21,124,115,63,72" hai3="79,100,121,99,26,89,130,43,103,120,133,102,60"/><V36/><F116/><W106/><G43/><T107/><D107/><U83/><E122/><V7/><F36/><W6/><G26/><T91/><D71/><U104/><E104/><V19/><F115/><W44/><G44/><T52/><D109/><U11/><E93/><V28/><F110/><W73/><G60/><T134/><D1/><U3/><E3/><V84/><F72/><W10/><G130/><T86/><D128/><U117/><E117/><V23/><F124/><W27/><G27/><T29/><D119/><U85/><E24/><N who="2" m="16415" /><F69/><W74/><G133/><T53/><D134/><U66/><E13/><V47/><F70/><W38/><G38/><T78/><D112/><U51/><REACH who="1" step="1"/><E51/><REACH who="1" ten="189,337,380,84" step="2"/><V48/><F48/><W57/><G106/><T37/><D114/><U42/><E42/><N who="2" m="24823" /><F7/><W127/><G6/><T20/><D37/><U87/><E87/><V88/><F76/><W82/><G73/><T5/><D5/><U75/><E75/><V123/><F123/><W35/><G120/><T111/><D111/><U15/><E15/><V59/><F59/><W16/><G57/><T129/><D129/><U105/><E105/><V90/><F90/><W39/><G89/><T41/><D78/><U64/><AGARI ba="1,1" hai="11,12,18,58,62,64,66,67,77,83,85,95,96,101" machi="64" ten="20,5200,0" yaku="1,1,0,1,7,1,8,1,53,0" doraHai="2" doraHaiUra="132" who="1" fromWho="1" sc="189,-14,337,65,380,-27,84,-14" /><INIT seed="7,0,0,2,4,126" ten="175,402,353,70" oya="3" hai0="15,83,112,40,86,121,113,69,46,129,118,128,27" hai1="9,92,105,48,30,119,25,36,132,68,8,76,111" hai2="6,66,65,44,3,60,131,134,32,115,49,109,79" hai3="75,130,74,101,102,71,98,110,104,38,108,73,117"/><W78/><G38/><N who="0" m="21783" /><D69/><U122/><E105/><V39/><F115/><N who="0" m="44106" /><D118/><U80/><E68/><V103/><F32/><W77/><G71/><T7/><D27/><U95/><E36/><V51/><F103/><N who="3" m="62583" /><G117/><T84/><D121/><U93/><E111/><N who="3" m="42538" /><G130/><N who="0" m="50283" /><D83/><U4/><E122/><V96/><F131/><W87/><G87/><T12/><D7/><U81/><E4/><V124/><F6/><W88/><G88/><T114/><N who="0" m="44114" /><T10/><DORA hai="120" /><D10/><U116/><E9/><V90/><F109/><W61/><G61/><T1/><D1/><U47/><E8/><V100/><F3/><W28/><G28/><T24/><D24/><U127/><E81/><V45/><F60/><W54/><G54/><T42/><D42/><U22/><E80/><V20/><F90/><W106/><G106/><T18/><D84/><U133/><E119/><V70/><F70/><W89/><G89/><T29/><D29/><U91/><E116/><V123/><F123/><W35/><G35/><T23/><D86/><U5/><E30/><V125/><F125/><W34/><G34/><T43/><D43/><U11/><E127/><V94/><F124/><W17/><G17/><T14/><AGARI ba="0,0" hai="12,14,15,18,23" m="50283,44114,21783" machi="14" ten="50,12000,2" yaku="15,1,11,1,19,1,52,3" doraHai="126,120" who="0" fromWho="0" sc="175,120,402,-30,353,-30,70,-60" owari="295,-10.0,372,47.0,323,12.0,10,-49.0" /></mjloggm>