<mjloggm ver="2.3"><GO type="169" lobby="0"/><UN n0="%E3%82%86%E3%81%86%E5%A0%95%E5%A4%A9%E4%BD%BF" n1="%E6%A3%92%E8%A7%92" n2="%E3%82%A6%E3%83%AB%E3%83%88%E3%83%A9%E7%AB%8B%E7%9B%B4" n3="%E3%81%B4%E3%81%83%E3%81%B4%E3%81%83" dan="16,17,16,16" rate="2091.80,2178.65,2055.92,2154.23" sx="F,M,M,M"/><TAIKYOKU oya="0"/><INIT seed="0,0,0,2,4,116" ten="250,250,250,250" oya="0" hai0="99,56,50,74,43,12,69,101,32,81,49,0,30" hai1="38,86,135,85,45,72,119,76,21,68,19,114,110" hai2="120,65,33,39,53,2,132,121,47,107,126,14,125" hai3="62,42,37,71,36,22,60,5,96,55,118,54,112"/><T67/><D0/><U111/><E119/><V95/><F107/><W133/><G118/><T97/><D97/><U41/><E68/><V105/><F105/><W102/><G112/><T51/><D12/><U58/><E114/><V84/><F33/><W23/><G5/><T77/><D43/><U31/><E31/><V98/><F2/><W89/><G89/><T35/><D56/><U91/><E91/><V17/><F65/><W117/><G117/><T109/><D109/><N who="1" m="41483" /><E135/><V26/><F84/><N who="1" m="32361" /><E58/><V88/><F26/><W134/><G42/><T75/><D75/><U90/><E90/><V18/><F18/><W64/><G64/><T94/><REACH who="0" step="1"/><D30/><REACH who="0" ten="240,250,250,250" step="2"/><U80/><E19/><V6/><F6/><W131/><G96/><T29/><D29/><U34/><E21/><V73/><F73/><W27/><G71/><T130/><D130/><U61/><E61/><AGARI ba="0,1" hai="32,35,49,50,51,61,67,69,74,77,81,94,99,101" machi="61" ten="40,2000,0" yaku="1,1,53,0" doraHai="116" doraHaiUra="10" who="0" fromWho="1" sc="240,30,250,-20,250,0,250,0" /><INIT seed="0,1,0,5,4,75" ten="270,230,250,250" oya="0" hai0="51,17,38,48,64,107,53,79,96,101,45,9,122" hai1="72,66,29,121,44,112,71,1,36,105,23,93,18" hai2="41,33,55,42,10,69,3,109,24,118,54,46,130" hai3="52,32,87,61,124,43,31,133,5,78,131,102,88"/><T74/><D122/><U95/><E121/><V129/><F24/><W135/><G43/><T83/><D38/><U120/><E120/><V57/><F10/><W62/><G102/><T84/><D64/><U13/><E105/><V21/><F21/><W104/><G104/><T91/><D48/><U108/><E1/><V132/><F33/><W110/><G5/><T11/><REACH who="0" step="1"/><D17/><REACH who="0" ten="260,230,250,250" step="2"/><U8/><E66/><V15/><F118/><W97/><G135/><T14/><D14/><U134/><E36/><V47/><F15/><W128/><G133/><T6/><D6/><U2/><E13/><V58/><F3/><W35/><G131/><T73/><D73/><U0/><E72/><V81/><F132/><W76/><G128/><T40/><D40/><U68/><E134/><V67/><F67/><W37/><G37/><T85/><D85/><U49/><E49/><V123/><F123/><W60/><G87/><T126/><D126/><U27/><E2/><V89/><F129/><W80/><G124/><T103/><D103/><U20/><E18/><V19/><F19/><W127/><G127/><T119/><D119/><U100/><E100/><V26/><F130/><W98/><G61/><T12/><D12/><U117/><E0/><V34/><F41/><W59/><G62/><T39/><D39/><U116/><E116/><V94/><F42/><W106/><G60/><T86/><D86/><U16/><E16/><V90/><F55/><W77/><G52/><T25/><D25/><U4/><E117/><V7/><F54/><W56/><G98/><T99/><D99/><U125/><E125/><RYUUKYOKU ba="1,1" sc="260,30,230,-10,250,-10,250,-10" hai0="9,11,45,51,53,74,79,83,84,91,96,101,107" /><INIT seed="0,2,1,0,2,55" ten="290,220,240,240" oya="0" hai0="56,62,89,22,95,109,100,2,86,129,117,108,60" hai1="107,16,83,134,102,92,121,116,85,66,8,101,41" hai2="40,124,80,125,76,10,112,79,18,77,46,65,14" hai3="69,13,130,106,52,15,123,132,71,38,12,47,48"/><T135/><D2/><U39/><E116/><V51/><F112/><W105/><G130/><T75/><D75/><U94/><E121/><V90/><F65/><W126/><G123/><T127/><D117/><U0/><E66/><V59/><F59/><W84/><G126/><N who="2" m="48745" /><F90/><W23/><G132/><T63/><D127/><U35/><E35/><V104/><F104/><W72/><G72/><AGARI ba="2,1" hai="10,14,18,40,46,51,72,76,77,79,80" m="48745" machi="72" ten="30,1000,0" yaku="18,1" doraHai="55" who="2" fromWho="3" sc="290,0,220,0,240,26,240,-16" /><INIT seed="1,0,0,2,1,53" ten="290,220,266,224" oya="1" hai0="85,110,65,37,121,78,63,3,47,2,59,10,127" hai1="123,106,15,33,77,31,56,112,8,115,135,7,133" hai2="75,62,19,55,34,17,66,38,49,72,91,41,99" hai3="128,107,6,101,44,79,29,9,70,0,18,104,120"/><U92/><E106/><V4/><F4/><W82/><G120/><T45/><D121/><U69/><E69/><V118/><F34/><W61/><G29/><T12/><D127/><U58/><E123/><V81/><F75/><W111/><G101/><T134/><D134/><N who="1" m="51211" /><E77/><V97/><F97/><W113/><G113/><N who="1" m="43594" /><E92/><V73/><F73/><W87/><G107/><T30/><D110/><U76/><E76/><V16/><F118/><W57/><G104/><T108/><D108/><U129/><E129/><V132/><F132/><W102/><G111/><T90/><D78/><U125/><E125/><V11/><F72/><W52/><G128/><T124/><D124/><U122/><E122/><V117/><F117/><W14/><G70/><T21/><D2/><U25/><AGARI ba="0,0" hai="7,8,15,25,31,33,56,58" m="43594,51211" machi="25" ten="40,7800,0" yaku="20,1,52,2" doraHai="53" who="1" fromWho="1" sc="290,-26,220,78,266,-26,224,-26" /><INIT seed="1,1,0,0,3,25" ten="264,298,240,198" oya="1" hai0="16,42,88,1,13,41,46,87,113,39,60,54,29" hai1="118,72,78,7,100,35,58,62,77,129,61,0,70" hai2="123,5,122,90,91,121,31,89,6,107,38,9,127" hai3="98,104,55,3,94,44,85,49,47,52,109,79,125"/><U81/><E118/><V21/><F107/><W4/><G109/><T84/><D1/><U120/><E120/><V131/><F38/><W97/><G125/><T117/><D117/><U57/><E129/><V126/><F131/><W110/><G110/><T20/><D113/><U28/><E100/><V74/><F74/><W112/><G112/><T15/><D84/><U63/><E70/><V135/><F9/><W99/><G104/><T17/><D41/><U12/><E0/><V56/><F56/><W108/><G108/><T65/><D54/><U67/><E78/><V64/><F64/><W116/><G116/><T102/><D102/><U19/><E7/><V53/><F53/><W111/><G111/><T37/><D37/><U33/><E63/><V119/><F119/><W83/><G3/><T48/><D39/><U26/><E35/><V124/><F135/><W103/><G4/><N who="2" m="1641" /><F21/><W43/><G43/><T27/><D13/><U132/><E132/><V2/><F2/><W34/><G34/><T92/><D15/><U82/><E77/><V128/><F128/><W36/><G36/><T75/><D75/><U106/><E72/><V18/><F18/><W24/><G24/><T22/><D20/><U134/><E106/><V66/><F66/><W8/><G8/><T32/><D32/><U51/><E51/><AGARI ba="1,0" hai="44,47,49,51,52,55,79,83,85,94,97,98,99,103" machi="51" ten="40,5200,0" yaku="9,1,8,1,54,1" doraHai="25" who="3" fromWho="1" sc="264,0,298,-55,240,0,198,55" /><INIT seed="2,0,0,5,1,48" ten="264,243,240,253" oya="2" hai0="24,82,15,38,59,40,18,1,70,118,58,100,49" hai1="14,51,57,132,116,108,20,61,34,5,76,65,135" hai2="63,87,42,80,32,33,9,111,92,103,101,19,78" hai3="107,127,112,66,110,105,106,128,62,124,53,47,8"/><V84/><F33/><W11/><G110/><T134/><D70/><U22/><E34/><V17/><F32/><W89/><G128/><T21/><D1/><U133/><E116/><V131/><F131/><W109/><G109/><T45/><D118/><U72/><E108/><V23/><F111/><W88/><G112/><T25/><D134/><U55/><E76/><V75/><F75/><W96/><G11/><T10/><D100/><U37/><E72/><V122/><F122/><W54/><G8/><T126/><D126/><N who="3" m="48169" /><G47/><T27/><D38/><U77/><E77/><V0/><F0/><W120/><G120/><T95/><D95/><U91/><E91/><N who="3" m="34890" /><G96/><T125/><D125/><U79/><E79/><V94/><F42/><W3/><G3/><T36/><D36/><U119/><E37/><V74/><F9/><W81/><G81/><T13/><REACH who="0" step="1"/><D82/><REACH who="0" ten="254,243,240,253" step="2"/><U30/><E119/><V31/><F80/><W114/><G114/><T64/><D64/><U98/><E135/><V97/><F92/><W6/><G6/><AGARI ba="0,1" hai="6,10,13,15,18,21,24,25,27,40,45,49,58,59" machi="6" ten="40,5200,0" yaku="1,1,8,1,53,1" doraHai="48" doraHaiUra="7" who="0" fromWho="3" sc="254,62,243,0,240,0,253,-52" /><INIT seed="3,0,0,4,0,126" ten="316,243,240,201" oya="3" hai0="18,54,123,15,49,55,113,98,17,109,122,69,128" hai1="1,117,125,127,105,88,94,102,107,58,11,45,46" hai2="31,32,75,37,9,111,42,96,90,14,36,84,4" hai3="81,22,24,65,135,80,70,59,110,73,51,101,119"/><W112/><G112/><T87/><D69/><U131/><E58/><V77/><F111/><W89/><G119/><T121/><D98/><U118/><E102/><V85/><F32/><W38/><G38/><T99/><D99/><N who="1" m="57799" /><E45/><V2/><F31/><W100/><G70/><T86/><D113/><U61/><E46/><N who="2" m="23879" /><F37/><W12/><G110/><T13/><D109/><U134/><E61/><V5/><F5/><W62/><G135/><T30/><D30/><U50/><E50/><V29/><F29/><W10/><G73/><T33/><D33/><U108/><E108/><V120/><F120/><W8/><G51/><T83/><D49/><U26/><E26/><V60/><F60/><W124/><G124/><N who="1" m="47690" /><E134/><V130/><F14/><W21/><G12/><T66/><D121/><U35/><E35/><V78/><F96/><W56/><G24/><T48/><D48/><U7/><E107/><V71/><F71/><W91/><G62/><T39/><D39/><U40/><E40/><V129/><F78/><W95/><G65/><T74/><D66/><U97/><E97/><V52/><F52/><W43/><G43/><T92/><D74/><U76/><E76/><V106/><F106/><W93/><AGARI ba="0,0" hai="8,10,21,22,56,59,80,81,89,91,93,95,100,101" machi="93" ten="25,9600,0" yaku="0,1,22,2,8,1" doraHai="126" who="3" fromWho="3" sc="316,-32,243,-32,240,-32,201,96" /><INIT seed="3,1,0,1,0,75" ten="284,211,208,297" oya="3" hai0="36,10,131,57,77,27,69,117,95,29,4,17,73" hai1="60,118,67,72,102,51,1,12,86,71,105,46,42" hai2="83,9,30,22,37,8,85,66,110,124,109,43,74" hai3="7,55,19,26,33,123,47,132,108,14,121,98,24"/><W133/><G7/><T56/><D69/><U103/><E1/><V127/><F74/><W38/><G108/><N who="2" m="41577" /><F43/><W20/><G98/><T91/><D36/><U78/><E72/><V41/><F41/><N who="3" m="22967" /><G55/><T48/><D17/><U53/><E118/><V89/><F37/><W70/><G70/><T101/><D101/><U39/><E105/><V63/><F22/><W18/><G33/><T35/><D117/><U107/><E12/><V80/><F30/><W135/><G26/><T79/><D73/><U126/><E126/><N who="2" m="48171" /><F83/><W16/><G19/><T125/><D125/><U99/><E99/><V84/><F84/><W6/><G6/><T129/><D48/><U111/><E107/><V130/><F130/><N who="0" m="49674" /><D56/><AGARI ba="1,0" hai="8,9,56,63,66,80,85,89" m="48171,41577" machi="56" ten="30,2000,0" yaku="14,1,18,1" doraHai="75" who="2" fromWho="0" sc="284,-23,211,0,208,23,297,0" /><INIT seed="4,0,0,4,1,108" ten="261,211,231,297" oya="0" hai0="123,29,87,101,26,113,55,62,89,117,8,133,67" hai1="85,37,45,109,103,51,119,39,65,104,58,112,10" hai2="60,118,106,25,33,132,13,11,50,56,91,86,17" hai3="5,134,105,52,4,19,121,77,81,46,43,70,75"/><T40/><D123/><U114/><E119/><V68/><F106/><W96/><G70/><T122/><D122/><U0/><E85/><V124/><F118/><W54/><G121/><T76/><D117/><U30/><E30/><V64/><F124/><W63/><G19/><T2/><D55/><U73/><E73/><V28/><F132/><W44/><G134/><T100/><D76/><U42/><E103/><V23/><F50/><W135/><G135/><T78/><D78/><U131/><E104/><V36/><F36/><N who="1" m="13897" /><E10/><V92/><F68/><W110/><G110/><T111/><D40/><U57/><E0/><V95/><F33/><W79/><G43/><T16/><D133/><U127/><E109/><V69/><F69/><W15/><G105/><T6/><D111/><U35/><E35/><V41/><F41/><W24/><G24/><T107/><D107/><U74/><E74/><V32/><F32/><W90/><G75/><T3/><D3/><U66/><E131/><V49/><F49/><W97/><G15/><T130/><D29/><U34/><E34/><V116/><F116/><W9/><G9/><T61/><D130/><U125/><E57/><V83/><AGARI ba="0,0" hai="11,13,17,23,25,28,56,60,64,83,86,91,92,95" machi="83" ten="20,2700,0" yaku="0,1,7,1,8,1" doraHai="108" who="2" fromWho="2" sc="261,-13,211,-7,231,27,297,-7" /><INIT seed="5,0,0,1,1,67" ten="248,204,258,290" oya="1" hai0="122,126,72,26,88,99,56,131,27,82,69,109,25" hai1="128,24,81,55,13,30,29,52,51,12,107,50,85" hai2="3,115,28,76,41,57,97,132,64,16,92,68,5" hai3="37,120,6,124,47,117,45,62,89,83,118,79,87"/><U75/><E107/><V14/><F28/><W4/><G120/><T32/><D109/><U8/><E75/><V33/><F33/><W119/><G124/><T58/><D126/><U133/><E133/><V108/><F108/><W114/><G114/><T77/><D32/><U17/><E128/><V70/><F132/><W38/><G62/><T96/><D131/><U22/><E13/><V78/><F41/><N who="3" m="22703" /><G89/><T116/><D116/><U46/><E30/><V93/><F115/><W98/><G98/><T66/><D122/><U71/><E71/><V102/><F92/><W1/><G1/><T125/><D125/><U63/><E63/><V43/><F43/><AGARI ba="0,0" hai="4,6,38,43,47,79,83,87,117,118,119" m="22703" machi="43" ten="30,1000,0" yaku="12,1" doraHai="67" who="3" fromWho="2" sc="248,0,204,0,258,-10,290,10" /><INIT seed="6,0,0,5,1,95" ten="248,204,248,300" oya="2" hai0="34,135,33,47,74,123,97,5,30,106,79,8,102" hai1="125,83,85,81,64,32,22,117,54,57,56,100,113" hai2="120,86,78,18,67,105,133,60,20,61,13,2,58" hai3="9,75,39,116,65,131,48,46,110,10,14,69,111"/><V109/><F120/><W21/><G116/><T59/><D59/><U50/><E32/><V128/><F2/><W77/><G39/><T66/><D66/><U11/><E117/><V87/><F109/><W114/><G75/><T96/><D123/><U89/><E125/><V6/><F6/><W7/><G77/><T115/><D115/><U15/><E113/><V91/><F105/><W121/><G121/><T62/><D62/><U119/><E119/><V49/><F128/><W107/><G114/><T92/><D47/><U80/><E100/><V36/><F36/><W84/><G131/><T45/><D45/><U44/><E22/><V130/><F130/><W42/><G84/><T68/><D68/><U4/><E64/><V118/><F118/><W29/><G107/><T112/><D30/><U40/><REACH who="1" step="1"/><E57/><REACH who="1" ten="248,194,248,300" step="2"/><V27/><F67/><W71/><G65/><T99/><D112/><U90/><E90/><V0/><F91/><W19/><G110/><T124/><D33/><U82/><E82/><V126/><F126/><W3/><G111/><T108/><D34/><U53/><E53/><V101/><F101/><W127/><G127/><T73/><D124/><U26/><E26/><V38/><F27/><W37/><G71/><T98/><D108/><U72/><E72/><V23/><F23/><W76/><G69/><T122/><D122/><U28/><E28/><V51/><F20/><W63/><G21/><T132/><D106/><U1/><E1/><V88/><F0/><W24/><G3/><N who="0" m="63" /><D79/><U129/><E129/><V16/><F78/><W25/><G76/><T17/><D17/><RYUUKYOKU ba="0,1" sc="248,15,194,15,248,-15,300,-15" hai0="73,74,92,96,97,98,99,102,132,135" hai1="4,11,15,40,44,50,54,56,80,81,83,85,89" /><INIT seed="7,1,1,4,5,29" ten="263,209,233,285" oya="3" hai0="108,48,128,27,89,124,12,105,40,86,71,111,47" hai1="130,82,131,45,8,41,46,92,64,66,6,20,22" hai2="96,26,34,61,15,9,53,21,38,7,5,134,121" hai3="58,62,76,99,36,0,104,88,11,33,67,98,50"/><W56/><G36/><T25/><D105/><U74/><E92/><V107/><F38/><W97/><G104/><T73/><D73/><U91/><E91/><V126/><F107/><W84/><G76/><T125/><D71/><U65/><E82/><V133/><F96/><W24/><G0/><T79/><D79/><U60/><E60/><V32/><F61/><W132/><G132/><N who="2" m="50793" /><F53/><W28/><G11/><T81/><D12/><N who="1" m="5143" /><E74/><V123/><F7/><W35/><G50/><T30/><D128/><N who="1" m="49195" /><E46/><V90/><F126/><N who="0" m="48746" /><D25/><U13/><E13/><V118/><F118/><W93/><REACH who="3" step="1"/><G58/><REACH who="3" ten="263,209,233,275" step="2"/><T115/><D115/><U1/><E1/><V120/><F90/><W57/><G57/><T75/><D75/><U110/><E110/><V78/><F78/><W63/><G63/><T18/><D108/><U113/><E113/><V85/><F121/><W83/><G83/><T52/><D111/><U135/><E135/><V54/><F123/><W42/><G42/><T77/><D40/><U119/><E119/><V116/><F116/><W43/><G43/><T117/><D77/><U17/><E17/><N who="2" m="12591" /><F120/><W102/><G102/><T37/><D37/><AGARI ba="1,2" hai="20,22,37,41,45,64,65,66" m="49195,5143" machi="37" ten="30,1000,0" yaku="19,1" doraHai="29" who="1" fromWho="0" sc="263,-13,209,33,233,0,275,0" /><INIT seed="8,0,0,0,3,96" ten="250,242,233,275" oya="0" hai0="80,73,5,29,3,124,31,123,40,134,67,125,78" hai1="94,8,51,61,33,21,1,14,17,52,55,88,82" hai2="89,120,7,114,121,4,6,127,84,15,36,68,64" hai3="119,74,54,10,72,39,30,99,107,77,108,103,41"/><T133/><D40/><U118/><E33/><V66/><F36/><W22/><G108/><T122/><D67/><U79/><E118/><V12/><F114/><W60/><G39/><T93/><D93/><U113/><E113/><V65/><F68/><W9/><G41/><T58/><D58/><N who="1" m="35015" /><E1/><V49/><F49/><W117/><G30/><N who="0" m="11275" /><D5/><U132/><E132/><N who="0" m="50793" /><D3/><U35/><E35/><V34/><F34/><W32/><G32/><T23/><D23/><U104/><E104/><V56/><F56/><N who="3" m="34839" /><G22/><T95/><D95/><U81/><E79/><V48/><F48/><W97/><G97/><T19/><D19/><U101/><E21/><V110/><F110/><W63/><G63/><T129/><D129/><U37/><E37/><V71/><F71/><W38/><G38/><T109/><D109/><U50/><E50/><V46/><F46/><W92/><G107/><T98/><D98/><N who="1" m="59607" /><E88/><V16/><F89/><W45/><G77/><T2/><D2/><U42/><E42/><V135/><F135/><W57/><G74/><T76/><D76/><U13/><E13/><V86/><F15/><W59/><G72/><T25/><D25/><U75/><E75/><V87/><F12/><W128/><G128/><T112/><D112/><U47/><AGARI ba="0,0" hai="8,14,17,47,51,55,81,82" m="59607,35015" machi="47" ten="30,4000,0" yaku="8,1,52,1,54,1" doraHai="96" who="1" fromWho="1" sc="250,-20,242,40,233,-10,275,-10" /><INIT seed="9,0,0,3,5,130" ten="230,282,223,265" oya="1" hai0="94,97,91,58,36,25,42,117,60,11,112,85,52" hai1="65,2,56,106,102,74,111,19,59,125,90,118,128" hai2="41,57,32,34,108,104,53,86,135,54,51,71,110" hai3="40,22,30,134,132,107,17,55,50,45,66,62,43"/><U70/><E56/><V76/><F86/><W93/><G107/><T133/><D112/><U121/><E59/><V103/><F76/><W7/><G30/><T10/><D117/><U83/><E19/><V47/><F103/><W88/><G7/><T98/><D133/><N who="3" m="51305" /><G17/><T100/><D25/><U3/><E90/><V80/><F135/><W109/><G22/><T5/><D5/><U24/><E118/><V122/><F104/><W114/><G114/><T29/><D98/><U68/><E106/><V96/><F122/><W0/><G0/><T39/><D29/><U119/><E3/><V4/><F4/><W87/><G109/><T44/><REACH who="0" step="1"/><D39/><REACH who="0" ten="220,282,223,265" step="2"/><U116/><E116/><V27/><F27/><W81/><G81/><AGARI ba="0,1" hai="10,11,36,42,44,52,58,60,81,85,91,94,97,100" machi="81" ten="30,7700,0" yaku="1,1,2,1,7,1,54,1,53,0" doraHai="130" doraHaiUra="8" who="0" fromWho="3" sc="220,87,282,0,223,0,265,-77" owari="307,41.0,282,8.0,223,-18.0,188,-31.0" /></mjloggm>