<mjloggm ver="2.3"><GO type="41" lobby="0"/><UN n0="%69%63%68%69%79%6F%6F" n1="%E5%A4%A2%E5%B9%BB%E6%88%A6%E5%A3%AB%E3%83%B4%E3%82%A1%E3%83%AA%E3%82%B9" n2="%E3%82%A6%E3%83%AB%E3%83%88%E3%83%A9%E7%AB%8B%E7%9B%B4" n3="%6B%75%70%65%72" dan="14,13,16,15" rate="1893.16,1854.10,2045.59,1943.78" sx="M,M,M,M"/><TAIKYOKU oya="0"/><INIT seed="0,0,0,1,4,133" ten="250,250,250,250" oya="0" hai0="71,132,38,64,78,3,47,102,74,32,25,60,6" hai1="84,131,110,90,36,50,101,63,18,115,52,116,83" hai2="128,62,53,92,73,22,122,57,31,4,125,27,9" hai3="91,68,49,126,120,14,7,46,127,0,13,42,114"/><T70/><D132/><U129/><E36/><V65/><F73/><W35/><G114/><T37/><D102/><U81/><E115/><V108/><F122/><W87/><G68/><N who="0" m="41991" /><D25/><U10/><E116/><V23/><F128/><N who="1" m="49225" /><E101/><V61/><F108/><W135/><G135/><T66/><D32/><U16/><E110/><V85/><F23/><W44/><G35/><T20/><D20/><U30/><E30/><V99/><F85/><W48/><G120/><T130/><D130/><U67/><E10/><V21/><F21/><W106/><G106/><T59/><D78/><U79/><E63/><V86/><F86/><W100/><G100/><T54/><D74/><N who="1" m="43255" /><E67/><V75/><F75/><W26/><G26/><T12/><D12/><U58/><AGARI ba="0,0" hai="16,18,50,52,58,83,84,90" m="43255,49225" machi="58" ten="30,4000,0" yaku="19,1,54,2" doraHai="133" who="1" fromWho="1" sc="250,-20,250,40,250,-10,250,-10" /><INIT seed="1,0,0,1,4,107" ten="230,290,240,240" oya="1" hai0="127,0,134,45,72,8,129,20,3,73,23,6,49" hai1="122,78,91,79,38,104,1,93,69,109,66,81,119" hai2="123,46,77,22,116,88,53,126,76,39,80,68,63" hai3="41,101,17,62,60,7,99,133,86,13,44,121,43"/><U85/><E1/><V31/><F123/><W100/><G121/><T5/><D129/><U115/><E122/><V10/><F116/><W82/><G7/><T112/><D112/><U61/><E119/><V47/><F126/><W75/><G133/><T74/><D134/><U87/><E115/><V21/><F76/><W56/><G62/><T113/><D113/><U125/><E125/><V2/><F22/><W59/><G59/><T14/><D127/><U94/><E38/><V67/><F47/><W124/><G124/><T28/><D28/><U120/><E120/><V131/><F131/><W57/><G57/><T18/><D18/><U15/><E104/><V64/><F64/><W35/><G35/><T30/><D30/><U34/><E34/><V92/><F21/><W36/><G43/><T42/><D14/><U29/><E29/><V58/><F31/><W132/><G99/><T90/><D90/><U96/><E109/><V26/><F26/><W71/><G75/><T48/><D49/><U95/><REACH who="1" step="1"/><E15/><REACH who="1" ten="230,280,240,240" step="2"/><V33/><F33/><W98/><G132/><T111/><D111/><U12/><E12/><V83/><F39/><W130/><G13/><T89/><D89/><U32/><E32/><V11/><F2/><W102/><G130/><T108/><D108/><U16/><E16/><V27/><F88/><N who="3" m="51287" /><G17/><T52/><D42/><U24/><E24/><V117/><F27/><W114/><G114/><T50/><D48/><U110/><E110/><V4/><F117/><W19/><G19/><T65/><D65/><U55/><E55/><V84/><F53/><W105/><G36/><RYUUKYOKU ba="0,1" sc="230,15,280,15,240,-15,240,-15" hai0="0,3,5,6,8,20,23,45,50,52,72,73,74" hai1="61,66,69,78,79,81,85,87,91,93,94,95,96" /><INIT seed="1,1,1,1,1,5" ten="245,295,225,225" oya="1" hai0="128,7,119,99,69,117,44,67,98,12,62,115,68" hai1="81,131,105,82,45,25,77,53,103,134,101,8,86" hai2="46,3,107,64,85,9,28,124,118,2,100,123,30" hai3="108,33,56,14,120,17,59,72,4,104,13,96,113"/><U106/><E131/><V41/><F123/><W114/><G72/><T32/><D32/><U89/><E134/><V116/><F100/><W38/><G38/><T20/><D128/><U54/><E105/><V49/><F107/><W102/><G120/><T126/><D115/><U91/><E106/><V50/><F64/><W87/><G33/><T70/><D44/><U47/><E25/><V11/><F46/><W55/><G108/><T92/><D126/><U71/><E86/><V75/><F85/><W66/><G66/><T51/><D51/><U90/><E77/><V6/><F6/><W80/><G4/><T135/><D135/><U29/><E29/><V125/><REACH who="2" step="1"/><F41/><REACH who="2" ten="245,295,215,225" step="2"/><W95/><G104/><T18/><D7/><U110/><E110/><V63/><F63/><W83/><G114/><T93/><D62/><U15/><E71/><V40/><F40/><W132/><G113/><T73/><D67/><U122/><E122/><V74/><AGARI ba="1,2" hai="2,3,9,11,28,30,49,50,74,75,116,118,124,125" machi="74" ten="25,12000,2" yaku="1,1,0,1,22,2,52,2,53,0" doraHai="5" doraHaiUra="60" who="2" fromWho="2" sc="245,-31,295,-61,215,143,225,-31" /><INIT seed="2,0,0,4,5,35" ten="214,234,358,194" oya="2" hai0="71,52,13,130,26,77,3,118,128,76,15,135,51" hai1="12,100,22,23,29,61,50,80,38,112,110,59,97" hai2="32,85,17,102,82,9,127,115,84,4,108,103,7" hai3="93,5,129,57,72,30,106,75,131,36,33,134,107"/><V1/><F32/><W53/><G36/><T8/><D71/><U123/><E112/><V78/><F115/><W42/><G42/><T111/><D26/><U2/><E38/><V96/><F127/><W31/><G134/><T132/><D118/><U66/><E123/><V27/><F108/><W79/><G93/><T14/><D111/><U41/><E110/><V98/><F7/><W69/><G69/><T62/><D62/><U44/><E80/><V47/><F47/><W86/><G86/><T64/><D64/><U11/><E29/><V68/><F68/><W63/><G5/><T28/><D28/><N who="3" m="10793" /><G33/><T92/><D92/><U70/><E70/><V83/><F17/><W18/><G18/><T67/><D67/><U122/><E122/><V45/><F27/><W104/><G79/><N who="0" m="30283" /><D8/><U81/><E81/><V73/><F45/><W117/><G117/><T91/><D91/><U21/><E21/><V20/><F20/><W121/><G121/><T120/><D3/><U49/><E50/><V60/><F60/><W116/><G116/><T46/><D120/><U24/><E24/><V125/><F125/><W109/><G109/><T88/><D88/><U113/><E113/><V124/><F124/><W95/><G95/><T56/><D56/><U10/><E10/><V34/><F34/><W65/><G65/><T37/><D37/><U48/><E49/><V43/><F82/><W19/><G19/><T105/><D105/><U0/><E23/><V99/><REACH who="2" step="1"/><F43/><REACH who="2" ten="214,234,348,194" step="2"/><W16/><G16/><T40/><D40/><U39/><E22/><V119/><F119/><W74/><AGARI ba="0,1" hai="53,57,63,72,74,75,104,106,107,129,131" m="10793" machi="74" ten="50,1600,0" yaku="5,1" doraHai="35" who="3" fromWho="3" sc="214,-4,234,-4,348,-8,194,26" /><INIT seed="3,0,0,2,0,121" ten="210,230,340,220" oya="3" hai0="109,58,2,32,40,55,20,114,27,30,96,111,22" hai1="34,90,63,43,54,81,74,105,9,44,113,115,29" hai2="82,62,73,106,92,104,64,116,41,88,94,1,112" hai3="61,134,42,95,60,131,48,93,25,102,84,7,127"/><W135/><G7/><T71/><D71/><U38/><E105/><V13/><F1/><W21/><G127/><T80/><D114/><U66/><E9/><V108/><F116/><W87/><G131/><T99/><D2/><U19/><E19/><V4/><F104/><W117/><G117/><T46/><D80/><U17/><E17/><V124/><F106/><W85/><G42/><T120/><D120/><U67/><E67/><V110/><F112/><W49/><G49/><N who="0" m="31087" /><D22/><U5/><E5/><V83/><F41/><W31/><G48/><N who="0" m="26695" /><D20/><U69/><E29/><V75/><F124/><W125/><G125/><T65/><D65/><U11/><E11/><V37/><F37/><W132/><REACH who="3" step="1"/><G102/><REACH who="3" ten="210,230,340,210" step="2"/><T118/><D118/><U103/><E103/><V129/><F129/><W128/><G128/><T86/><D86/><U36/><E113/><V57/><F4/><W39/><G39/><T77/><D77/><U51/><E115/><V70/><F75/><W101/><G101/><T14/><D14/><U98/><E36/><V107/><F73/><W12/><G12/><T130/><D130/><U76/><E38/><V18/><F13/><W126/><G126/><T3/><D3/><U26/><E43/><V56/><F62/><AGARI ba="0,1" hai="21,25,31,60,61,62,84,85,87,93,95,132,134,135" machi="62" ten="50,4800,0" yaku="1,1,20,1,53,0" doraHai="121" doraHaiUra="6" who="3" fromWho="2" sc="210,0,230,0,340,-48,210,58" /><INIT seed="3,1,0,5,0,26" ten="210,230,292,268" oya="3" hai0="6,54,66,53,60,129,47,72,100,51,80,103,111" hai1="57,128,102,62,29,71,67,112,30,52,87,0,2" hai2="1,115,106,96,10,63,43,58,65,105,77,91,35" hai3="122,61,48,125,16,89,95,82,31,88,21,7,78"/><W86/><G122/><T85/><D72/><U93/><E112/><V90/><F115/><W97/><G125/><T17/><D111/><U12/><E128/><V15/><F1/><W49/><G7/><T68/><D129/><U11/><E2/><V132/><F132/><W39/><G39/><T38/><D6/><U73/><E73/><V45/><F35/><W131/><G131/><T56/><D54/><U113/><E0/><V98/><F77/><W126/><G126/><T36/><D36/><U44/><E44/><V116/><F116/><W34/><G61/><T4/><D4/><U59/><E71/><V22/><F22/><W135/><G135/><T46/><D46/><U70/><E70/><V108/><F108/><W134/><G134/><T104/><D104/><U119/><E119/><V84/><F91/><N who="3" m="34891" /><G31/><N who="1" m="11786" /><E113/><V124/><F124/><W133/><G34/><T127/><D127/><U9/><E12/><V33/><F33/><W130/><G130/><T55/><D17/><U32/><E32/><V14/><F14/><N who="3" m="9367" /><G133/><T109/><D109/><U101/><E87/><V64/><F106/><W110/><G110/><T25/><D25/><U13/><E93/><V19/><F105/><W83/><G83/><T20/><D20/><U41/><E41/><V5/><F43/><W107/><G107/><T50/><D38/><U99/><E99/><V69/><F96/><W114/><G114/><T18/><D18/><N who="1" m="8495" /><E11/><V74/><F98/><W40/><G40/><T118/><D118/><U92/><E92/><N who="2" m="54343" /><F74/><W81/><G81/><T76/><AGARI ba="1,0" hai="47,50,51,53,55,56,60,66,68,76,80,85,100,103" machi="76" ten="20,1500,0" yaku="0,1,7,1" doraHai="26" who="0" fromWho="0" sc="210,18,230,-5,292,-5,268,-8" /><INIT seed="4,0,0,2,1,113" ten="228,225,287,260" oya="0" hai0="7,103,133,121,129,107,80,9,3,0,120,57,72" hai1="34,94,26,110,81,46,123,97,100,60,135,93,109" hai2="88,63,65,49,42,1,18,6,119,130,38,126,5" hai3="43,36,50,23,25,69,66,33,102,106,87,11,79"/><T117/><D57/><U24/><E123/><N who="0" m="47177" /><D129/><U128/><E128/><V111/><F1/><W112/><G112/><T71/><D133/><U73/><E135/><V75/><F75/><W55/><G36/><T76/><D0/><U8/><E8/><V44/><F130/><W125/><G33/><T21/><D21/><U82/><E46/><V85/><F111/><W101/><G43/><T39/><D71/><U51/><E51/><V114/><F114/><W124/><G11/><T68/><D68/><U115/><E115/><V37/><F6/><W62/><G106/><T12/><D12/><U19/><E60/><V20/><F5/><W74/><G79/><T91/><D91/><U116/><E34/><V35/><F35/><W4/><G74/><T28/><D28/><U14/><E73/><V59/><F59/><W84/><G87/><T96/><D39/><U67/><E14/><V56/><F38/><W95/><G4/><T78/><D76/><U32/><E32/><V92/><F37/><W70/><G69/><T22/><D22/><U45/><E45/><V90/><F90/><N who="3" m="53703" /><G23/><T58/><D58/><U89/><E89/><V105/><F20/><W99/><G25/><T40/><D40/><U41/><E41/><V104/><F18/><W27/><G27/><T13/><D13/><U29/><E29/><V98/><F42/><W54/><G54/><T52/><D52/><U64/><E26/><V2/><F2/><W122/><G122/><T30/><D30/><U132/><E24/><V86/><F63/><W77/><G77/><T17/><D17/><U108/><E19/><RYUUKYOKU ba="0,0" sc="228,30,225,-10,287,-10,260,-10" hai0="3,7,9,72,78,80,96,103,107,117" /><INIT seed="4,1,0,5,5,112" ten="258,215,277,250" oya="0" hai0="126,93,24,96,6,60,97,10,35,0,78,121,47" hai1="25,23,17,103,120,44,66,98,31,69,27,58,8" hai2="91,95,71,127,102,72,30,125,77,114,129,5,4" hai3="16,107,39,36,133,49,74,104,122,123,70,57,33"/><T2/><D2/><U88/><E120/><N who="3" m="46122" /><G33/><T14/><D121/><U106/><E8/><V1/><F1/><W115/><G74/><T3/><D126/><U135/><E135/><V52/><F114/><W101/><G115/><T13/><D78/><U53/><E69/><V99/><F71/><W82/><G70/><T108/><D108/><U68/><E68/><V37/><F37/><W76/><G133/><T54/><D35/><U7/><E7/><V111/><F111/><W41/><G101/><N who="0" m="60559" /><D3/><U63/><E44/><V85/><F5/><W116/><G39/><T80/><D0/><U94/><E53/><V51/><F4/><W34/><G34/><T40/><D14/><U11/><E11/><V9/><F9/><W110/><G36/><T124/><D124/><U32/><REACH who="1" step="1"/><E106/><REACH who="1" ten="258,205,277,250" step="2"/><V48/><F127/><W134/><G134/><T90/><D54/><U22/><E22/><V38/><F125/><W26/><G110/><T46/><D40/><U128/><E128/><V43/><F129/><W92/><G41/><T28/><D47/><U87/><E87/><V105/><F43/><W65/><G107/><T130/><D130/><U100/><AGARI ba="1,1" hai="17,23,25,27,31,32,58,63,66,88,94,98,100,103" machi="100" ten="30,4000,0" yaku="1,1,0,1,54,1,53,0" doraHai="112" doraHaiUra="45" who="1" fromWho="1" sc="258,-21,205,53,277,-11,250,-11" /><INIT seed="5,0,0,0,3,121" ten="237,258,266,239" oya="1" hai0="10,6,8,0,127,17,25,108,124,11,96,12,42" hai1="89,116,100,98,91,40,87,85,128,64,110,119,48" hai2="13,134,75,29,81,57,61,74,135,76,34,45,72" hai3="107,15,132,53,95,129,50,32,52,120,5,104,131"/><U27/><E64/><V20/><F34/><W63/><G32/><T44/><D96/><U80/><E27/><V51/><F29/><W62/><G120/><T69/><D69/><U60/><E60/><V77/><F20/><W68/><G68/><T115/><D115/><U114/><E48/><V71/><F13/><W83/><G83/><T59/><D59/><U26/><E26/><V18/><F18/><W46/><G132/><N who="2" m="50729" /><F71/><W73/><G73/><N who="2" m="28265" /><F81/><W16/><G95/><T112/><D112/><U130/><E40/><N who="2" m="24999" /><F75/><W4/><G5/><N who="0" m="1063" /><D42/><U90/><E114/><V56/><F56/><W58/><G4/><N who="0" m="3143" /><D44/><U38/><E38/><V93/><F93/><W99/><G62/><T113/><D113/><U23/><E23/><V1/><F1/><W14/><G14/><N who="0" m="5495" /><D108/><U106/><E110/><V126/><F77/><W43/><G43/><T35/><D17/><U21/><E21/><V125/><F76/><W109/><G109/><T78/><D78/><N who="1" m="46231" /><E87/><V31/><F31/><AGARI ba="0,0" hai="25,31,35,124,127" m="5495,3143,1063" machi="31" ten="30,2000,0" yaku="34,2" doraHai="121" who="0" fromWho="2" sc="237,20,258,0,266,-20,239,0" /><INIT seed="6,0,0,4,4,129" ten="257,258,246,239" oya="2" hai0="124,131,44,127,30,82,113,50,34,106,58,98,79" hai1="49,89,108,22,110,56,57,60,63,112,55,42,25" hai2="80,101,91,117,64,46,7,19,43,35,70,23,32" hai3="72,132,8,26,54,133,10,116,27,67,95,120,71"/><V59/><F117/><W92/><G120/><T9/><D113/><U96/><E112/><V87/><F70/><W31/><G72/><N who="0" m="43367" /><D58/><U102/><E42/><V21/><F7/><W3/><G116/><T90/><D90/><U86/><E108/><V103/><F35/><W121/><G121/><T81/><D81/><U17/><E110/><V13/><F32/><W97/><G92/><T28/><D28/><U36/><E36/><V94/><F80/><W0/><G67/><T6/><D50/><U74/><E74/><V4/><F4/><W51/><G71/><T66/><D66/><U53/><E49/><V39/><REACH who="2" step="1"/><F23/><REACH who="2" ten="257,258,236,239" step="2"/><W99/><G3/><N who="0" m="223" /><D44/><U93/><REACH who="1" step="1"/><E86/><REACH who="1" ten="257,248,236,239" step="2"/><V114/><F114/><W107/><G99/><T105/><D98/><U61/><E61/><AGARI ba="0,2" hai="13,19,21,39,43,46,59,61,64,87,91,94,101,103" machi="61" ten="40,3900,0" yaku="1,1,53,1" doraHai="129" doraHaiUra="16" who="2" fromWho="1" sc="257,0,248,-39,236,59,239,0" /><INIT seed="6,1,0,1,3,113" ten="257,209,295,239" oya="2" hai0="23,42,7,54,73,121,8,130,135,93,119,84,117" hai1="72,56,59,78,66,58,109,118,69,120,57,87,88" hai2="102,129,81,38,62,90,97,99,92,68,71,52,11" hai3="10,15,85,19,12,91,1,126,95,48,21,24,127"/><V103/><F38/><W64/><G64/><T116/><D121/><U94/><E120/><V128/><F68/><W39/><G39/><T60/><D73/><U16/><E109/><V133/><F71/><W4/><REACH who="3" step="1"/><G48/><REACH who="3" ten="257,209,295,229" step="2"/><T104/><D42/><U98/><E69/><V131/><F131/><W123/><G123/><T106/><D130/><U114/><E114/><V112/><F112/><W46/><G46/><T100/><D135/><U76/><E66/><V63/><F133/><W41/><G41/><T25/><D54/><U124/><E59/><V47/><F129/><W89/><G89/><N who="0" m="53415" /><D100/><U75/><E78/><V108/><F128/><W27/><G27/><T80/><D60/><U36/><E36/><V53/><F47/><W0/><G0/><N who="0" m="103" /><D80/><U125/><E58/><V65/><F65/><W55/><G55/><T22/><D25/><U18/><E57/><V77/><F53/><W33/><G33/><T31/><D31/><U34/><E56/><V35/><F52/><W132/><G132/><T9/><D9/><U17/><E34/><V13/><F35/><W43/><G43/><T79/><D79/><U26/><E26/><V134/><F134/><W61/><G61/><T14/><D14/><AGARI ba="1,1" hai="1,4,10,12,14,15,19,21,24,85,91,95,126,127" machi="14" ten="40,1300,0" yaku="1,1,53,0" doraHai="113" doraHaiUra="28" who="3" fromWho="0" sc="257,-16,209,0,295,0,229,26" /><INIT seed="7,0,0,5,4,88" ten="241,209,295,255" oya="3" hai0="58,99,63,110,135,97,40,47,120,121,102,98,122" hai1="53,116,132,127,28,19,56,119,23,113,0,31,129" hai2="43,95,81,12,4,50,37,100,20,57,52,22,29" hai3="41,54,68,74,30,103,1,84,62,86,51,39,26"/><W13/><G74/><T2/><D110/><U61/><E0/><V124/><F37/><W6/><G1/><T10/><D102/><U118/><E113/><V5/><F43/><W134/><G134/><T71/><D71/><U128/><E132/><V77/><F124/><W82/><G6/><T48/><D135/><U42/><E127/><V66/><F66/><W72/><G72/><T44/><D47/><U91/><E42/><V60/><F50/><W34/><G13/><T112/><D112/><U18/><E91/><V108/><F108/><W96/><G39/><T105/><D105/><U114/><E114/><V131/><F131/><N who="1" m="50249" /><E19/><V101/><F101/><W76/><G41/><T90/><D2/><U36/><E36/><V73/><F29/><W38/><G38/><T25/><D25/><AGARI ba="0,0" hai="18,23,25,28,31,53,56,61,116,118,119" m="50249" machi="25" ten="40,2600,0" yaku="12,1,19,1" doraHai="88" who="1" fromWho="0" sc="241,-26,209,26,295,0,255,0" /><INIT seed="8,0,0,1,0,74" ten="215,235,295,255" oya="0" hai0="107,15,116,18,99,2,86,127,28,67,98,21,135" hai1="73,75,19,52,101,31,48,33,51,80,121,57,71" hai2="39,30,45,38,122,133,9,96,11,44,90,79,34" hai3="106,12,91,70,50,68,112,83,41,6,25,92,56"/><T118/><D2/><U54/><E121/><V23/><F34/><W5/><G106/><T36/><D36/><U29/><E71/><V108/><F108/><W10/><G25/><T60/><D135/><U17/><E101/><V113/><F113/><W93/><G93/><T66/><D127/><U128/><E80/><V125/><F122/><W58/><G6/><T100/><D28/><U0/><E57/><V63/><F63/><W134/><G83/><T123/><D123/><U85/><E85/><V7/><F7/><W61/><G134/><T111/><D111/><U97/><E97/><V76/><F133/><W109/><G109/><T3/><D3/><U131/><E0/><V94/><F125/><W37/><G37/><T13/><D98/><U24/><E24/><N who="2" m="16671" /><F38/><W42/><G70/><T84/><D13/><U55/><REACH who="1" step="1"/><E55/><REACH who="1" ten="215,225,295,255" step="2"/><V120/><F120/><W110/><G68/><N who="0" m="42055" /><D67/><U102/><E102/><V65/><F65/><N who="3" m="39079" /><G110/><T4/><D4/><U43/><E43/><V40/><F40/><W89/><G112/><T77/><D77/><N who="2" m="29770" /><F39/><W53/><G91/><T20/><D20/><U104/><E104/><V72/><F72/><W8/><G8/><AGARI ba="0,1" hai="8,9,11,44,45,90,94,96" m="29770,16671" machi="8" ten="30,7700,0" yaku="8,1,52,3" doraHai="74" who="2" fromWho="3" sc="215,0,225,0,295,87,255,-77" owari="215,-18.0,225,3.0,382,47.0,178,-32.0" /></mjloggm>