<mjloggm ver="2.3"><GO type="41" lobby="0"/><UN n0="%4A%79%75%7A%69" n1="%70%6F%78%30%37%30%38" n2="%E3%81%A4%E3%81%A3%E3%81%A4%E3%81%8F%E3%81%A4%E3%83%BC" n3="%E3%82%A6%E3%83%AB%E3%83%88%E3%83%A9%E7%AB%8B%E7%9B%B4" dan="13,13,14,16" rate="1936.80,1883.20,1889.95,2061.58" sx="M,M,M,M"/><TAIKYOKU oya="0"/><INIT seed="0,0,0,4,3,62" ten="250,250,250,250" oya="0" hai0="69,88,75,30,100,10,130,58,18,11,57,89,74" hai1="93,9,29,52,60,36,33,102,20,80,77,53,59" hai2="91,7,56,126,0,3,14,2,97,132,115,114,37" hai3="101,26,4,87,38,128,83,127,45,98,31,108,25"/><T22/><D30/><U120/><E33/><V78/><F37/><W134/><G127/><T92/><D69/><U68/><E36/><V86/><F126/><W42/><G128/><T133/><D133/><U118/><E118/><V17/><F7/><W135/><G4/><T61/><D130/><U119/><E120/><V94/><F132/><W39/><G108/><T8/><D100/><U106/><E106/><V32/><F32/><W76/><G39/><T46/><D46/><U111/><E68/><V5/><F5/><W16/><G26/><T131/><D131/><U123/><E111/><V81/><REACH who="2" step="1"/><F56/><REACH who="2" ten="250,250,240,250" step="2"/><W44/><G135/><T129/><D129/><U79/><E119/><V85/><F85/><W47/><G134/><T34/><D34/><U72/><E72/><V82/><F82/><W67/><G87/><T19/><D75/><U105/><E80/><V113/><F113/><W73/><G83/><T1/><D74/><U35/><E35/><V112/><F112/><W99/><G73/><T122/><D58/><U43/><E79/><V110/><F110/><W65/><G76/><T66/><D122/><U104/><E77/><V63/><F63/><W40/><G38/><T55/><D1/><U12/><E59/><V21/><AGARI ba="0,1" hai="0,2,3,14,17,21,78,81,86,91,94,97,114,115" machi="21" ten="30,2000,0" yaku="1,1,0,1,53,0" doraHai="62" doraHaiUra="41" who="2" fromWho="2" sc="250,-10,250,-5,240,30,250,-5" /><INIT seed="1,0,0,3,0,97" ten="240,245,270,245" oya="1" hai0="79,10,111,72,87,20,25,122,2,11,38,106,112" hai1="74,105,76,121,67,31,71,56,3,93,120,96,37" hai2="102,40,123,33,28,7,32,66,99,8,6,86,133" hai3="75,0,18,119,36,135,23,101,81,53,34,48,13"/><U114/><E37/><V103/><F123/><W110/><G36/><T62/><D112/><U4/><E71/><V54/><F133/><W117/><G135/><T85/><D122/><U47/><E105/><V59/><F66/><W84/><G75/><T51/><D38/><U129/><E114/><V107/><F33/><W126/><G0/><T83/><D106/><U5/><E47/><V68/><F68/><W22/><G34/><T91/><D72/><U82/><E129/><V16/><F32/><W19/><G126/><T90/><D79/><U27/><E56/><V29/><F40/><W89/><G110/><T1/><D111/><U45/><E45/><V21/><F103/><W24/><G101/><T125/><D125/><U12/><E5/><V30/><F86/><W118/><G53/><T65/><D51/><AGARI ba="0,0" hai="13,18,19,22,23,24,48,51,81,84,89,117,118,119" machi="51" ten="40,1300,0" yaku="12,1" doraHai="97" who="3" fromWho="0" sc="240,-13,245,0,270,0,245,13" /><INIT seed="2,0,0,5,0,96" ten="227,245,270,258" oya="2" hai0="108,11,104,40,120,93,48,126,56,5,64,23,19" hai1="103,16,38,74,87,69,10,71,35,105,131,34,12" hai2="132,30,99,45,95,44,3,98,37,58,63,88,31" hai3="86,24,43,51,94,61,75,55,68,17,81,49,112"/><V111/><F3/><W78/><G112/><T116/><D104/><U28/><E74/><V70/><F70/><W32/><G75/><T82/><D120/><U13/><E38/><V133/><F111/><W100/><G68/><T0/><D108/><U76/><E131/><V22/><F37/><W119/><G119/><T85/><D116/><U80/><E13/><V25/><F31/><W6/><G6/><T134/><D134/><U107/><E35/><V9/><F9/><W47/><G61/><T83/><D126/><U54/><E54/><V33/><F33/><W113/><G113/><T90/><D64/><U26/><REACH who="1" step="1"/><E105/><REACH who="1" ten="227,235,270,258" step="2"/><V106/><F106/><W2/><G32/><T117/><D40/><U4/><E4/><V66/><REACH who="2" step="1"/><F99/><AGARI ba="0,1" hai="10,12,16,26,28,34,69,71,76,80,87,99,103,107" machi="99" ten="40,8000,1" yaku="1,1,52,1,54,1,53,1" doraHai="96" doraHaiUra="7" who="1" fromWho="2" sc="227,0,235,90,270,-80,258,0" /><INIT seed="3,0,0,1,2,133" ten="227,325,190,258" oya="3" hai0="56,50,39,49,33,45,3,101,104,9,99,122,36" hai1="113,8,43,18,135,73,44,96,11,107,38,58,34" hai2="6,121,80,42,98,117,29,89,68,60,4,54,16" hai3="102,22,12,14,77,114,59,112,100,52,79,95,20"/><W74/><G95/><T128/><D33/><U118/><E34/><V124/><F117/><W31/><G59/><T110/><D122/><U46/><E113/><V27/><F121/><W111/><G111/><T67/><D110/><U15/><E118/><V119/><F119/><W109/><G109/><T32/><D32/><U120/><E73/><V25/><F68/><W26/><G26/><T30/><D30/><U7/><E135/><V21/><F42/><W53/><REACH who="3" step="1"/><G31/><REACH who="3" ten="227,325,190,248" step="2"/><T129/><D129/><U123/><E58/><V85/><F27/><W116/><G116/><T115/><D128/><U76/><E46/><V57/><F29/><W10/><G10/><T65/><D115/><U97/><E107/><V1/><F1/><W108/><G108/><T2/><D9/><U19/><E120/><V134/><F134/><W131/><G131/><T48/><D56/><U93/><E123/><V126/><REACH who="2" step="1"/><F98/><REACH who="2" ten="227,325,180,248" step="2"/><W40/><G40/><T86/><D99/><U71/><E97/><V55/><F55/><W82/><G82/><T87/><D45/><U66/><E71/><V70/><F70/><W75/><AGARI ba="0,2" hai="12,14,20,22,52,53,74,75,77,79,100,102,112,114" machi="75" ten="25,12000,1" yaku="1,1,0,1,22,2,54,1,53,0" doraHai="133" doraHaiUra="62" who="3" fromWho="3" sc="227,-40,325,-40,180,-40,248,140" /><INIT seed="3,1,0,2,1,31" ten="187,285,140,388" oya="3" hai0="23,100,127,67,36,43,40,132,88,102,32,125,17" hai1="83,21,92,86,130,75,15,57,27,37,63,78,28" hai2="6,44,124,90,1,94,71,103,29,69,20,120,64" hai3="3,96,19,35,104,99,98,72,16,113,11,121,119"/><W68/><G119/><T108/><D67/><U47/><E130/><V93/><F120/><W84/><G121/><T61/><D61/><U74/><E47/><V97/><F64/><W110/><G72/><T38/><D132/><U49/><E37/><V4/><F124/><N who="0" m="47690" /><D108/><U133/><E133/><V59/><F59/><W30/><G68/><T50/><D50/><U114/><E114/><V56/><F56/><W66/><G66/><T26/><D38/><U9/><E49/><V131/><F131/><W101/><G113/><T8/><D36/><U115/><E115/><V109/><F109/><W89/><G110/><T123/><D8/><U95/><E75/><V118/><F118/><W134/><G134/><T106/><D123/><U85/><E85/><V34/><F44/><W33/><G30/><N who="0" m="19543" /><D106/><U25/><E74/><V105/><F105/><W122/><G122/><T51/><D51/><U12/><E15/><V91/><F69/><W48/><G48/><T73/><D73/><U2/><E2/><V42/><F71/><W45/><G45/><T55/><D55/><N who="1" m="34239" /><E27/><V65/><F42/><N who="0" m="15914" /><D88/><U18/><AGARI ba="1,0" hai="9,12,18,21,25,28,78,83,86,92,95" m="34239" machi="18" ten="30,1100,0" yaku="8,1" doraHai="31" who="1" fromWho="1" sc="187,-4,285,14,140,-4,388,-6" /><INIT seed="4,0,0,1,3,29" ten="183,299,136,382" oya="0" hai0="46,26,38,13,43,6,125,82,52,64,69,118,56" hai1="121,11,51,117,88,50,54,106,12,86,105,9,67" hai2="48,22,135,111,32,41,102,63,84,103,104,114,87" hai3="112,25,66,37,42,30,95,10,72,90,23,100,39"/><T93/><D118/><U81/><E121/><V99/><F114/><W85/><G72/><T34/><D125/><U120/><E117/><V130/><F111/><W109/><G109/><T44/><D44/><U45/><E11/><V74/><F74/><W21/><G112/><T75/><D93/><U61/><E50/><V20/><F130/><W8/><G39/><T115/><D115/><U129/><E129/><V16/><F135/><W58/><G42/><T62/><D75/><U71/><REACH who="1" step="1"/><E120/><REACH who="1" ten="183,289,136,382" step="2"/><V107/><F48/><W36/><G36/><T119/><D119/><U60/><E60/><V113/><F63/><N who="3" m="38263" /><G37/><T5/><D82/><U78/><E78/><V65/><F113/><W73/><G73/><T77/><D77/><U127/><E127/><V97/><F41/><W116/><G116/><T101/><D13/><U91/><E91/><V49/><F49/><W92/><G23/><T53/><D101/><U27/><E27/><V126/><F126/><W110/><G110/><T79/><D79/><U80/><E80/><V4/><F65/><W2/><G2/><T14/><D14/><U83/><E83/><V31/><F22/><W18/><G10/><T57/><D26/><U122/><E122/><V40/><F20/><W94/><G100/><T17/><D38/><U123/><E123/><V132/><F40/><W131/><G131/><T70/><D43/><U96/><E96/><V133/><F99/><W15/><AGARI ba="0,1" hai="8,15,18,21,25,30,85,90,92,94,95" m="38263" machi="15" ten="30,1100,0" yaku="8,1" doraHai="29" who="3" fromWho="3" sc="183,-5,289,-3,136,-3,382,21" /><INIT seed="5,0,0,4,4,95" ten="178,286,133,403" oya="1" hai0="57,91,2,55,108,103,79,35,68,109,100,94,31" hai1="90,45,26,6,133,120,33,101,27,8,76,131,43" hai2="13,52,107,86,129,128,73,17,51,71,114,123,115" hai3="54,53,83,15,3,46,11,21,56,102,126,9,59"/><U41/><E131/><N who="2" m="50251" /><F73/><W30/><G3/><T132/><D68/><U19/><E133/><V98/><F123/><W49/><G126/><T16/><D2/><U75/><E33/><V77/><F71/><W88/><G102/><T69/><D69/><U4/><E4/><V18/><F77/><W72/><G72/><T58/><D79/><U130/><E120/><V111/><F86/><N who="3" m="50271" /><G46/><T70/><D70/><U23/><E90/><V29/><F111/><W0/><G0/><T121/><D132/><U135/><E135/><V99/><F107/><W84/><G84/><T65/><D121/><U113/><E101/><V14/><F29/><W25/><G15/><N who="2" m="5641" /><F17/><W89/><G89/><T92/><D31/><U85/><E130/><V1/><F18/><W39/><G39/><T97/><D16/><U112/><E85/><V67/><F1/><W119/><G119/><T44/><D35/><U64/><E64/><V87/><F67/><W125/><G125/><T105/><D65/><U134/><E134/><V12/><N who="2" m="5649" /><V40/><DORA hai="82" /><F87/><W32/><G32/><T93/><D108/><U127/><E127/><V37/><F37/><W117/><G117/><T74/><D74/><U124/><E43/><V38/><F40/><W22/><G22/><T34/><D34/><U5/><E124/><V63/><F38/><W81/><G81/><T20/><D109/><U10/><E76/><V28/><F28/><W42/><G42/><T80/><D105/><U110/><E110/><V7/><F7/><N who="1" m="2569" /><E75/><V122/><F122/><W96/><G30/><T36/><D36/><N who="1" m="21671" /><E27/><V50/><F115/><AGARI ba="0,0" hai="8,10,19,23,26,112,113,115" m="21671,2569" machi="115" ten="30,2900,0" yaku="6,1,15,1" doraHai="95,82" who="1" fromWho="2" sc="178,0,286,29,133,-29,403,0" /><INIT seed="5,1,0,2,5,92" ten="178,315,104,403" oya="1" hai0="34,87,123,135,35,27,83,17,108,127,55,118,51" hai1="120,58,6,54,71,98,82,53,125,50,113,44,30" hai2="126,45,62,76,57,67,94,77,90,48,88,89,15" hai3="21,2,0,25,122,129,133,121,85,22,14,61,47"/><U39/><E120/><V11/><F126/><W19/><G2/><T101/><D123/><U95/><E30/><V63/><F63/><W33/><G0/><T23/><D108/><U12/><E71/><V109/><F109/><W56/><G33/><T5/><D127/><U96/><E39/><V60/><F60/><W28/><G129/><T69/><D69/><U38/><E38/><V26/><F26/><W74/><G74/><T78/><D5/><U32/><E32/><V86/><F77/><W110/><G110/><T46/><D135/><U97/><E82/><V3/><F76/><W8/><G133/><T124/><D124/><U16/><E6/><V102/><F102/><W103/><G85/><T100/><D118/><U79/><E79/><V81/><F3/><W132/><G132/><T1/><D1/><U52/><E113/><V93/><F93/><W115/><G115/><T116/><D116/><U7/><E7/><V37/><F37/><W13/><G103/><T111/><D111/><U72/><E72/><V112/><F112/><W64/><G47/><T42/><D35/><U9/><E58/><V68/><F68/><W117/><G117/><T59/><REACH who="0" step="1"/><D34/><REACH who="0" ten="168,315,104,403" step="2"/><U18/><E125/><V36/><F36/><AGARI ba="1,1" hai="17,23,27,36,42,46,51,55,59,78,83,87,100,101" machi="36" ten="30,3900,0" yaku="1,1,2,1,7,1,53,0" doraHai="92" doraHaiUra="31" who="0" fromWho="2" sc="168,52,315,0,104,-42,403,0" /><INIT seed="6,0,0,4,5,57" ten="220,315,62,403" oya="2" hai0="121,113,43,131,56,125,118,89,11,9,129,135,91" hai1="71,55,134,98,30,64,84,45,59,15,5,94,88" hai2="78,82,114,90,21,47,109,117,18,63,61,95,132" hai3="12,99,70,17,36,39,111,76,22,68,120,48,4"/><V83/><F117/><W108/><G120/><T124/><D43/><U122/><E122/><V115/><F109/><W19/><G39/><T0/><D121/><U80/><E71/><V62/><F132/><W87/><G36/><T75/><D56/><U1/><E1/><V101/><F47/><W52/><G4/><T128/><D75/><U97/><E64/><V46/><F46/><W85/><G70/><T31/><D31/><U38/><E38/><V100/><F101/><W119/><G68/><T49/><D49/><U103/><E30/><V35/><F100/><W20/><G119/><T69/><D69/><U102/><E45/><V3/><F35/><W28/><G28/><T41/><D41/><U44/><E44/><V13/><F3/><W6/><G6/><T50/><D50/><U93/><E5/><V123/><F123/><W81/><G99/><T8/><D0/><U96/><E15/><V25/><F13/><W65/><G65/><T40/><D40/><U16/><E134/><V24/><F24/><W110/><G85/><T53/><D53/><U42/><E42/><V33/><F33/><W14/><G111/><T7/><D7/><U106/><E106/><V26/><F26/><W58/><AGARI ba="0,0" hai="12,14,17,19,20,22,48,52,58,76,81,87,108,110" machi="58" ten="20,5200,0" yaku="0,1,7,1,9,1,54,1" doraHai="57" who="3" fromWho="3" sc="220,-13,315,-13,62,-26,403,52" /><INIT seed="7,0,0,4,4,117" ten="207,302,36,455" oya="3" hai0="42,76,73,59,36,15,70,57,50,35,18,81,75" hai1="13,98,21,55,120,91,83,6,77,86,10,115,96" hai2="45,46,106,51,58,19,3,41,66,0,79,112,124" hai3="5,14,89,25,111,24,54,123,129,12,72,101,37"/><W108/><G72/><T102/><D35/><U127/><E120/><V100/><F112/><W22/><G37/><T9/><D70/><U103/><E115/><V110/><F124/><W1/><G101/><T90/><D102/><U64/><E64/><V47/><F110/><W49/><G1/><T94/><D36/><U23/><E127/><V93/><F79/><W135/><G135/><T28/><D28/><U43/><E43/><V134/><F93/><W116/><G129/><T104/><D104/><U114/><E114/><V87/><F87/><W133/><G133/><T97/><D75/><U52/><E96/><V69/><F100/><W71/><G71/><T125/><D125/><U107/><E23/><V122/><F19/><W29/><G116/><T130/><D130/><U17/><E77/><V80/><F80/><W26/><G123/><T113/><D113/><U74/><E74/><V92/><F92/><W4/><G111/><T40/><D73/><U131/><REACH who="1" step="1"/><E131/><REACH who="1" ten="207,292,36,455" step="2"/><V84/><F84/><W67/><G67/><T126/><D126/><U65/><E65/><V99/><F99/><W53/><G108/><T119/><D119/><U85/><E85/><V30/><F134/><W128/><G128/><T16/><D42/><U61/><E61/><N who="2" m="40143" /><F3/><AGARI ba="0,1" hai="3,6,10,13,17,21,52,55,83,86,91,98,103,107" machi="3" ten="30,3900,0" yaku="1,1,7,1,54,1,53,0" doraHai="117" doraHaiUra="62" who="1" fromWho="2" sc="207,0,292,49,36,-39,455,0" owari="207,-19.0,341,14.0,-3,-50.0,455,55.0" /></mjloggm>