<mjloggm ver="2.3"><GO type="97" lobby="0"/><UN n0="%E3%82%BB%E3%83%AB%E3%82%B8%E3%83%A5" n1="%E5%A0%85%E3%81%82%E3%81%92%E3%83%9D%E3%83%86%E3%83%88" n2="%E3%82%A6%E3%83%AB%E3%83%88%E3%83%A9%E7%AB%8B%E7%9B%B4" n3="%E6%AF%92%E8%8A%8B%E8%99%AB%E6%A3%AE%EF%BC%88%E5%BC%9F%EF%BC%89" dan="13,14,15,14" rate="1919.50,1892.70,1999.85,1930.71" sx="M,M,M,F"/><TAIKYOKU oya="0"/><INIT seed="0,0,0,3,3,114" ten="250,250,250,250" oya="0" hai0="87,24,50,90,77,1,27,22,112,115,80,101,130" hai1="37,118,63,132,33,19,72,35,79,36,52,6,57" hai2="133,106,12,99,28,45,126,61,119,25,23,78,70" hai3="123,69,5,109,48,108,129,16,40,51,82,30,104"/><T122/><D122/><U121/><E121/><V71/><F78/><W29/><G123/><T7/><D130/><U58/><E132/><V117/><F133/><W14/><G104/><T95/><D101/><U65/><E6/><V93/><F106/><W116/><G69/><T10/><D50/><U26/><E118/><N who="2" m="45067" /><F126/><W64/><G116/><T9/><D9/><U81/><E35/><V38/><F61/><W98/><G5/><T39/><D39/><U0/><E0/><V91/><F12/><W86/><G98/><T94/><D27/><U102/><E26/><V62/><F62/><W96/><G96/><T17/><REACH who="0" step="1"/><D95/><REACH who="0" ten="240,250,250,250" step="2"/><U131/><E131/><V107/><F107/><W100/><G129/><T135/><D135/><U4/><E63/><V120/><F120/><W47/><G100/><T46/><D46/><U13/><E102/><V110/><F110/><W8/><G51/><T44/><D44/><U97/><E13/><V54/><F38/><W3/><G64/><T75/><AGARI ba="0,1" hai="1,7,10,17,22,24,75,77,80,87,90,94,112,115" machi="75" ten="20,3900,0" yaku="1,1,0,1,7,1,53,0" doraHai="114" doraHaiUra="68" who="0" fromWho="0" sc="240,49,250,-13,250,-13,250,-13" /><INIT seed="0,1,0,0,5,36" ten="289,237,237,237" oya="0" hai0="122,8,43,29,118,71,19,22,38,109,131,73,60" hai1="24,63,72,132,110,12,32,55,111,134,120,2,5" hai2="113,42,123,9,70,11,21,95,74,133,37,97,76" hai3="98,64,104,125,78,119,30,59,100,103,127,44,112"/><T52/><D118/><U39/><E72/><V128/><F123/><W105/><G119/><T88/><D122/><U25/><E120/><V10/><F70/><W17/><G112/><T91/><D73/><U54/><E39/><V3/><F113/><W117/><G117/><T115/><D115/><U50/><E63/><V85/><F85/><W14/><G30/><T135/><D29/><N who="1" m="19495" /><E55/><V94/><F128/><W90/><G44/><T35/><D35/><U68/><E68/><V65/><F65/><W1/><G1/><T96/><D8/><N who="1" m="2103" /><E25/><V121/><F121/><W23/><G78/><T99/><D71/><U15/><E54/><V61/><F61/><W106/><G90/><T28/><D60/><U83/><E50/><V0/><F94/><W62/><REACH who="3" step="1"/><G103/><REACH who="3" ten="289,237,237,227" step="2"/><T57/><D91/><U80/><E111/><V6/><F0/><W114/><G114/><T34/><D88/><U130/><E110/><V66/><F3/><W27/><G27/><T67/><D109/><U129/><E129/><V93/><F76/><W46/><G46/><N who="0" m="23927" /><D131/><U56/><E130/><V58/><F6/><W87/><G87/><T40/><D28/><U108/><E108/><V84/><F84/><W4/><G4/><T69/><D96/><U45/><E45/><V124/><F97/><W92/><AGARI ba="1,1" hai="14,17,23,59,62,64,92,98,100,104,105,106,125,127" machi="92" ten="40,2700,0" yaku="1,1,0,1,53,0" doraHai="36" doraHaiUra="33" who="3" fromWho="3" sc="289,-14,237,-8,237,-8,227,40" /><INIT seed="1,0,0,1,2,25" ten="275,229,229,267" oya="1" hai0="133,20,100,78,13,89,4,33,68,80,42,132,52" hai1="63,111,34,61,35,66,57,105,123,126,45,39,120" hai2="92,109,56,15,71,43,99,83,88,59,50,46,51" hai3="131,12,81,114,77,55,2,98,31,72,41,106,74"/><U38/><E105/><V108/><F71/><W119/><G114/><T62/><D33/><U47/><E57/><V32/><F32/><W103/><G2/><T90/><D42/><U17/><E17/><V117/><F117/><W0/><G0/><T26/><D100/><U22/><E22/><V40/><F15/><W104/><G119/><T124/><D124/><U18/><E18/><V76/><F56/><W24/><G41/><T112/><D112/><U97/><E97/><V48/><F59/><W60/><G60/><T9/><D52/><U53/><E111/><V21/><F21/><W30/><G55/><T14/><D14/><U86/><E53/><V130/><F130/><W85/><G131/><T19/><D62/><U69/><E86/><V29/><F29/><W110/><G110/><N who="2" m="42601" /><F46/><W23/><G12/><T96/><D68/><U82/><E82/><V134/><F134/><N who="0" m="51818" /><D96/><U16/><E16/><V118/><F118/><W8/><G8/><T11/><D9/><U79/><E126/><V128/><F128/><W122/><G122/><T102/><D102/><U135/><E135/><V1/><F1/><W65/><G106/><T87/><AGARI ba="0,0" hai="4,11,13,19,20,26,78,80,87,89,90" m="51818" machi="87" ten="30,1100,0" yaku="20,1" doraHai="25" who="0" fromWho="0" sc="275,11,229,-5,229,-3,267,-3" /><INIT seed="2,0,0,2,0,31" ten="286,224,226,264" oya="2" hai0="55,28,19,44,51,40,84,75,50,99,13,39,56" hai1="85,6,126,43,22,12,122,3,21,52,128,98,131" hai2="53,24,45,37,49,29,70,127,65,103,114,92,113" hai3="23,26,134,118,71,42,32,73,82,133,135,80,59"/><V68/><F37/><W94/><G118/><T91/><D75/><U38/><E126/><V116/><F116/><W121/><G121/><T86/><D28/><U108/><E108/><V78/><F127/><W124/><G124/><T47/><D47/><N who="1" m="24055" /><E3/><V95/><F78/><W106/><G71/><T96/><D84/><U76/><E98/><V11/><F11/><W120/><G120/><T18/><D39/><U17/><E122/><V83/><F83/><W111/><G111/><T15/><D15/><U90/><E76/><V115/><F65/><W102/><G42/><T97/><REACH who="0" step="1"/><D13/><REACH who="0" ten="276,224,226,264" step="2"/><U54/><E12/><V36/><F36/><W74/><G73/><T14/><D14/><U87/><E87/><V101/><F114/><W10/><G74/><T0/><D0/><U81/><E85/><V117/><F113/><W2/><G2/><T112/><D112/><U125/><E125/><V67/><F115/><W69/><G80/><AGARI ba="0,1" hai="18,19,40,44,50,51,55,56,80,86,91,96,97,99" machi="80" ten="40,2600,0" yaku="1,1,8,1,53,0" doraHai="31" doraHaiUra="107" who="0" fromWho="3" sc="276,36,224,0,226,0,264,-26" /><INIT seed="3,0,0,4,1,131" ten="312,224,226,238" oya="3" hai0="29,54,21,92,0,97,34,116,10,64,115,78,119" hai1="40,44,84,25,49,101,117,55,9,45,38,109,125" hai2="8,134,100,26,36,111,41,6,22,57,129,122,135" hai3="63,18,12,20,11,71,13,91,37,103,33,42,19"/><W124/><G124/><T66/><D34/><U110/><E125/><V70/><F70/><W72/><G72/><T83/><D115/><U23/><E117/><V86/><F122/><W28/><G103/><T74/><D54/><U73/><E73/><V17/><F129/><W99/><G71/><T53/><D53/><U68/><E68/><V127/><F127/><W5/><G63/><T118/><D0/><U89/><E101/><V108/><F100/><W67/><G67/><T1/><D1/><U96/><E96/><V7/><F57/><W107/><G107/><T58/><D10/><U114/><E9/><V82/><F41/><W79/><G79/><T27/><D58/><U87/><E114/><V90/><F36/><W4/><G42/><T80/><D80/><U24/><E87/><V46/><F46/><W102/><G37/><T88/><AGARI ba="0,0" hai="21,27,29,64,66,74,78,83,88,92,97,116,118,119" machi="88" ten="30,2000,0" yaku="0,1,54,1" doraHai="131" who="0" fromWho="0" sc="312,20,224,-5,226,-5,238,-10" owari="332,43.0,219,-28.0,221,-18.0,228,3.0" /></mjloggm>