<mjloggm ver="2.3"><GO type="169" lobby="0"/><UN n0="%E3%81%BE%E3%81%81%E9%9B%80" n1="%54%4C%49%43%30%33" n2="%E9%81%8A%E8%B5%B0" n3="%E3%82%A6%E3%83%AB%E3%83%88%E3%83%A9%E7%AB%8B%E7%9B%B4" dan="16,16,16,16" rate="2165.90,2106.17,2125.93,2015.75" sx="M,M,F,M"/><TAIKYOKU oya="0"/><INIT seed="0,0,0,4,4,102" ten="250,250,250,250" oya="0" hai0="115,51,0,87,50,132,81,96,119,82,100,97,72" hai1="60,89,66,56,26,80,13,71,28,95,57,19,39" hai2="84,48,88,59,85,23,120,9,43,5,55,98,64" hai3="47,92,129,32,106,63,20,17,67,93,107,38,123"/><T121/><D119/><U35/><E39/><V18/><F120/><W104/><G32/><T130/><D121/><U27/><E80/><V31/><F31/><W77/><G123/><T41/><D115/><U78/><E27/><V44/><F64/><W70/><G129/><T99/><D0/><U135/><E78/><V36/><F98/><W25/><REACH who="3" step="1"/><G77/><REACH who="3" ten="250,250,250,240" step="2"/><T33/><D130/><U105/><E35/><V62/><F36/><W126/><G126/><T118/><D33/><U114/><E114/><V125/><F125/><W79/><G79/><T8/><D118/><U53/><E135/><V86/><F5/><W42/><AGARI ba="0,1" hai="17,20,25,38,42,47,63,67,70,92,93,104,106,107" machi="42" ten="40,8000,1" yaku="1,1,0,1,52,3,53,0" doraHai="102" doraHaiUra="133" who="3" fromWho="3" sc="250,-40,250,-20,250,-20,240,90" /><INIT seed="1,0,0,4,2,55" ten="210,230,230,330" oya="1" hai0="84,122,29,83,125,53,66,19,3,21,20,123,130" hai1="69,111,126,51,73,89,65,88,8,5,82,13,9" hai2="97,94,60,98,4,45,78,71,39,109,23,43,38" hai3="110,57,79,132,26,70,95,124,11,25,86,22,119"/><U112/><E112/><V121/><F121/><W24/><G70/><T35/><D3/><U102/><E126/><V91/><F109/><W103/><G110/><T101/><D125/><U15/><E111/><V12/><F78/><W131/><G124/><T40/><D40/><U1/><E1/><V76/><F76/><W10/><G131/><T64/><D130/><U6/><E102/><V17/><F4/><W133/><G119/><T87/><D101/><U128/><E128/><V18/><F39/><W30/><G79/><T59/><D35/><U47/><E73/><V2/><F2/><W50/><G86/><T99/><D99/><U127/><E127/><V129/><F129/><W120/><G120/><N who="0" m="46123" /><D29/><U75/><E75/><V118/><F118/><W58/><G95/><T0/><D0/><U105/><E105/><V108/><F108/><W36/><G36/><T77/><D87/><U107/><E107/><V34/><F34/><W61/><G103/><T93/><D93/><U42/><REACH who="1" step="1"/><E82/><REACH who="1" ten="210,220,230,330" step="2"/><V113/><F113/><W100/><G100/><T116/><D116/><U81/><E81/><V16/><F98/><W96/><G132/><T104/><D104/><U31/><E31/><V37/><F97/><W62/><G96/><T106/><D106/><U135/><E135/><V32/><F94/><W46/><G133/><T49/><D83/><U54/><E54/><V92/><F92/><W44/><G30/><T72/><D72/><U27/><E27/><V90/><F43/><W41/><G26/><T52/><D53/><U114/><E114/><V63/><F12/><W85/><G25/><RYUUKYOKU ba="0,1" sc="210,-10,220,30,230,-10,330,-10" hai1="5,6,8,9,13,15,42,47,51,65,69,88,89" /><INIT seed="1,1,1,5,4,23" ten="200,250,220,320" oya="1" hai0="81,54,85,101,58,10,7,90,107,5,43,28,3" hai1="88,31,8,2,9,74,121,102,78,72,122,86,135" hai2="118,50,24,42,95,115,56,14,98,18,39,67,17" hai3="134,129,37,64,112,76,0,100,55,12,104,49,127"/><U40/><E40/><V66/><F118/><W71/><G12/><T45/><D7/><U68/><E68/><V113/><F39/><W79/><G100/><T91/><D28/><U106/><E135/><V48/><F24/><W97/><G97/><T109/><D101/><U53/><E31/><V62/><F67/><W77/><G64/><T69/><D107/><U132/><E132/><V99/><F99/><W44/><G49/><T70/><D91/><U108/><E106/><V65/><F65/><W32/><G44/><T80/><D80/><U120/><E102/><N who="2" m="60767" /><F18/><W4/><G4/><T116/><D109/><U96/><E108/><V126/><F42/><W35/><G55/><T59/><D116/><U93/><E53/><V41/><F41/><W124/><G35/><T110/><D110/><U119/><E119/><V75/><F75/><W34/><G34/><T6/><D6/><U105/><E2/><V111/><F111/><W29/><G29/><T36/><D59/><U26/><E26/><V61/><F61/><AGARI ba="1,1" hai="3,5,10,36,43,45,54,58,61,69,70,81,85,90" machi="61" ten="30,1000,0" yaku="7,1" doraHai="23" who="0" fromWho="2" sc="200,23,250,0,220,-13,320,0" /><INIT seed="2,0,0,3,0,57" ten="223,250,207,320" oya="2" hai0="61,90,35,34,6,15,115,53,5,129,86,2,89" hai1="19,33,109,103,7,56,113,49,133,91,114,88,78" hai2="44,17,117,79,26,28,116,95,94,29,76,65,92" hai3="110,22,27,4,54,122,87,101,77,70,72,31,9"/><V107/><F107/><W20/><G122/><T47/><D115/><U24/><E109/><V67/><F17/><W85/><G110/><T42/><D129/><U63/><E103/><V25/><F95/><W118/><G118/><T73/><D73/><U120/><E78/><V64/><F64/><W38/><G101/><T102/><D102/><U111/><E111/><V8/><F44/><W37/><G37/><T51/><D2/><U127/><E7/><V104/><F104/><W80/><G22/><T68/><D89/><U84/><E91/><V60/><REACH who="2" step="1"/><F60/><REACH who="2" ten="223,250,197,320" step="2"/><W71/><G71/><T14/><D68/><U83/><E19/><V106/><F106/><W108/><G70/><T112/><D61/><U10/><E63/><V99/><F99/><W40/><G108/><T1/><D47/><U0/><E114/><V93/><F93/><W21/><G54/><T50/><D53/><U135/><E113/><V58/><F58/><W43/><G43/><T134/><D42/><U39/><E56/><V16/><F16/><W30/><G40/><T126/><D112/><U23/><E135/><V52/><F52/><W45/><G45/><T74/><D134/><U96/><E133/><V13/><F13/><W100/><G100/><T121/><D15/><U130/><E96/><V81/><F81/><W119/><G80/><T36/><D14/><U97/><E83/><V125/><F125/><W98/><G98/><T105/><D126/><U12/><E97/><V132/><F132/><W59/><G59/><T82/><D105/><U48/><E127/><V131/><F131/><W46/><G46/><RYUUKYOKU ba="0,1" sc="223,-10,250,-10,197,30,320,-10" hai2="8,25,26,28,29,65,67,76,79,92,94,116,117" /><INIT seed="2,1,1,0,1,103" ten="213,240,227,310" oya="2" hai0="83,39,130,85,109,40,87,124,100,25,97,2,119" hai1="8,4,68,20,29,21,116,75,13,14,47,133,90" hai2="108,11,95,101,117,34,42,132,35,118,77,0,91" hai3="15,26,58,80,106,65,81,99,69,73,7,22,63"/><V57/><F132/><W3/><G3/><T72/><D2/><U24/><E68/><V5/><F101/><W134/><G73/><T104/><D40/><U135/><E75/><V43/><F108/><W10/><G134/><N who="1" m="51210" /><E47/><V121/><F121/><W45/><G69/><T37/><D109/><U44/><E44/><V32/><F77/><W128/><G128/><T66/><D130/><U86/><E116/><V41/><REACH who="2" step="1"/><F57/><REACH who="2" ten="213,240,217,310" step="2"/><W27/><G45/><T127/><D100/><U53/><E90/><V51/><F51/><W60/><G60/><T112/><D119/><U31/><E53/><V82/><F82/><W123/><G80/><T61/><D83/><U96/><E96/><AGARI ba="1,2" hai="0,5,11,32,34,35,41,42,43,91,95,96,117,118" machi="96" ten="50,4800,0" yaku="1,1,53,1" doraHai="103" doraHaiUra="92" who="2" fromWho="1" sc="213,0,240,-51,217,71,310,0" /><INIT seed="2,2,0,2,5,17" ten="213,189,288,310" oya="2" hai0="120,85,58,78,9,116,103,23,82,22,2,124,8" hai1="118,56,51,1,25,90,114,129,74,108,91,0,41" hai2="59,119,127,131,122,33,117,13,48,81,135,80,134" hai3="98,72,86,52,10,61,31,53,55,54,70,97,69"/><V15/><F33/><W28/><G72/><T66/><D120/><U115/><E118/><N who="2" m="45067" /><F122/><W107/><G61/><N who="0" m="38199" /><D116/><U50/><E74/><V46/><F59/><W79/><G107/><T93/><D2/><U5/><E108/><V110/><F110/><W73/><G73/><T29/><D124/><U88/><E129/><V113/><F113/><W60/><G60/><T39/><D39/><U112/><E41/><V40/><F127/><W101/><G101/><T77/><D77/><U123/><E123/><V19/><F15/><W27/><N who="3" m="13312" /><DORA hai="62" /><W75/><G75/><T106/><D106/><U47/><E56/><V63/><F63/><W92/><G31/><T12/><D29/><U42/><E50/><V126/><F126/><W109/><G109/><T100/><D9/><U67/><E67/><V125/><F125/><W26/><G10/><T65/><D65/><U102/><E5/><V32/><F32/><W121/><G121/><T34/><D34/><U45/><E45/><V30/><F30/><W111/><G111/><T132/><D132/><N who="2" m="50730" /><F131/><W87/><G28/><T18/><D103/><U37/><E37/><V24/><F24/><W76/><G27/><T49/><D49/><U21/><REACH who="1" step="1"/><E102/><REACH who="1" ten="213,179,288,310" step="2"/><V11/><AGARI ba="2,1" hai="11,13,19,40,46,48,80,81" m="50730,45067" machi="11" ten="30,1500,0" yaku="20,1" doraHai="17,62" who="2" fromWho="2" sc="213,-7,179,-7,288,31,310,-7" /><INIT seed="2,3,0,5,3,110" ten="206,172,319,303" oya="2" hai0="13,101,77,125,68,12,81,97,89,121,21,124,65" hai1="88,91,16,24,30,7,74,63,23,2,45,0,129" hai2="76,58,95,42,11,31,17,27,117,133,127,29,100" hai3="22,50,123,32,120,130,78,135,80,132,71,38,1"/><V60/><F117/><W20/><G38/><T122/><D65/><U119/><E74/><V52/><F127/><N who="0" m="48714" /><D68/><U84/><E119/><V4/><F133/><N who="3" m="51275" /><G71/><T44/><D44/><U106/><E106/><V116/><F116/><W56/><G32/><T46/><D46/><U75/><E75/><V9/><F76/><W47/><G1/><T28/><D89/><U33/><E129/><V36/><F36/><W111/><G56/><T62/><D62/><U107/><E107/><V39/><F42/><N who="3" m="24951" /><G111/><T73/><D28/><U57/><E45/><V53/><F53/><W41/><G41/><T48/><D48/><U87/><E2/><V128/><F128/><W69/><G69/><T54/><D54/><N who="1" m="34231" /><E84/><V92/><F39/><W61/><G61/><T93/><D21/><N who="3" m="8297" /><G130/><T15/><AGARI ba="3,0" hai="12,13,15,73,77,81,93,97,101,121,122" m="48714" machi="15" ten="30,1100,0" yaku="18,1" doraHai="110" who="0" fromWho="0" sc="206,20,172,-6,319,-8,303,-6" /><INIT seed="3,0,0,5,0,76" ten="226,166,311,297" oya="3" hai0="90,97,92,105,21,135,72,107,134,9,52,53,26" hai1="1,95,100,11,115,49,89,131,31,45,93,6,86" hai2="67,17,94,34,74,22,35,25,58,103,8,132,30" hai3="104,18,99,36,83,54,57,133,126,62,114,37,96"/><W71/><G114/><T87/><D72/><U109/><E109/><V61/><F74/><W84/><G126/><T73/><D73/><U85/><E131/><V12/><F132/><N who="0" m="50730" /><D9/><U127/><E127/><V0/><F0/><W88/><G133/><T130/><D130/><U102/><E115/><V111/><REACH who="2" step="1"/><F111/><REACH who="2" ten="226,166,301,297" step="2"/><W50/><G104/><T69/><D107/><U23/><E31/><V2/><F2/><W60/><G71/><T4/><D105/><U98/><E23/><V19/><F19/><W70/><G70/><T28/><D69/><U77/><E77/><V5/><F5/><W38/><G18/><T15/><D4/><U91/><REACH who="1" step="1"/><E98/><AGARI ba="0,1" hai="8,12,17,22,25,30,34,35,58,61,67,94,98,103" machi="98" ten="40,8000,1" yaku="1,1,25,2,53,1" doraHai="76" doraHaiUra="56" who="2" fromWho="1" sc="226,0,166,-80,301,90,297,0" /><INIT seed="4,0,0,0,4,65" ten="226,86,391,297" oya="0" hai0="42,17,35,61,90,48,125,15,7,16,120,94,113" hai1="116,134,32,63,74,2,8,68,102,20,129,62,31" hai2="95,126,49,105,112,104,89,46,21,96,81,110,69" hai3="11,50,77,59,24,85,135,84,28,76,132,103,75"/><T108/><D120/><U70/><E116/><V128/><F110/><W130/><G11/><T83/><D35/><U25/><E129/><V99/><F69/><W45/><G59/><T40/><D108/><U133/><E74/><V131/><F112/><W0/><G0/><T38/><D38/><U73/><E73/><V34/><F34/><N who="3" m="20743" /><G103/><T3/><D3/><U53/><E102/><V97/><F81/><N who="3" m="45215" /><G77/><T36/><D36/><U9/><E20/><V88/><F21/><W123/><G130/><N who="2" m="49705" /><F126/><W51/><G51/><T27/><D113/><U121/><E121/><V115/><F115/><W6/><G6/><T82/><D61/><N who="1" m="23051" /><E53/><N who="2" m="29879" /><F89/><W56/><G56/><T118/><D118/><U39/><E39/><V122/><F122/><W41/><G123/><T101/><D101/><U66/><E66/><V111/><F111/><W92/><G92/><T117/><D117/><U43/><E43/><N who="0" m="16425" /><D125/><U12/><E2/><V14/><F14/><W47/><G47/><T29/><D48/><U119/><E119/><V106/><AGARI ba="0,0" hai="88,95,96,97,99,104,105,106" m="29879,49705" machi="106" ten="40,2700,0" yaku="19,1,54,1" doraHai="65" who="2" fromWho="2" sc="226,-13,86,-7,391,27,297,-7" /><INIT seed="5,0,0,0,3,127" ten="213,79,418,290" oya="1" hai0="78,124,17,61,69,63,114,2,10,57,76,47,66" hai1="29,64,105,19,118,34,22,80,15,77,121,9,24" hai2="27,128,7,1,108,96,28,46,97,84,91,18,56" hai3="43,65,100,68,133,55,32,26,33,23,90,51,83"/><U79/><E118/><V116/><F108/><W112/><G133/><T44/><D124/><U13/><E121/><V54/><F128/><W103/><G112/><T45/><D114/><U62/><E105/><V21/><F116/><W101/><G43/><T92/><D92/><U11/><E34/><V16/><F46/><W14/><G65/><T73/><D73/><U12/><E80/><N who="2" m="49543" /><F7/><W71/><G71/><T111/><D111/><U99/><E99/><N who="2" m="37963" /><F1/><W0/><G68/><T60/><D60/><AGARI ba="0,0" hai="16,18,21,27,28,54,56,60" m="37963,49543" machi="60" ten="30,2000,0" yaku="8,1,54,1" doraHai="127" who="2" fromWho="0" sc="213,-20,79,0,418,20,290,0" /><INIT seed="6,0,0,5,4,86" ten="193,79,438,290" oya="2" hai0="35,58,82,23,55,6,116,101,48,31,95,123,121" hai1="111,40,71,110,119,100,20,59,70,3,105,85,8" hai2="90,38,34,67,84,106,26,57,25,24,128,28,93" hai3="118,131,56,129,78,10,96,62,130,61,2,22,33"/><V135/><F106/><W107/><G33/><T0/><D116/><U18/><E119/><V37/><F135/><W98/><G118/><T1/><D35/><U99/><E40/><V113/><F113/><W133/><G133/><T41/><D41/><U114/><E114/><V64/><F128/><W15/><G78/><T92/><D82/><U30/><E59/><V39/><F57/><W126/><G126/><T91/><D101/><U97/><E30/><V44/><F44/><W4/><G107/><T63/><D95/><U76/><E99/><N who="3" m="37930" /><G56/><T94/><D94/><U19/><E111/><V13/><REACH who="2" step="1"/><F13/><REACH who="2" ten="193,79,428,290" step="2"/><W125/><G125/><T7/><D58/><U49/><E110/><V83/><F83/><W29/><G15/><T36/><D121/><U46/><E3/><V21/><F21/><W50/><G50/><T54/><D23/><U5/><E20/><V109/><F109/><W77/><G77/><T74/><D48/><U27/><E71/><V45/><F45/><W73/><G22/><T72/><D123/><U17/><E70/><V120/><F120/><W124/><G124/><T9/><D1/><U81/><E27/><AGARI ba="0,1" hai="24,25,26,27,28,34,37,38,39,64,67,84,90,93" machi="27" ten="50,4800,0" yaku="1,1,52,1,53,0" doraHai="86" doraHaiUra="75" who="2" fromWho="1" sc="193,0,79,-48,428,58,290,0" /><INIT seed="6,1,0,1,4,46" ten="193,31,486,290" oya="2" hai0="106,51,58,84,119,65,127,40,50,20,77,108,35" hai1="105,14,99,95,18,17,90,48,36,15,30,69,76" hai2="49,61,53,39,8,23,80,63,52,56,26,68,7" hai3="2,37,6,111,4,5,110,103,41,71,11,121,89"/><V113/><F39/><W47/><G121/><T130/><D106/><U88/><E36/><V125/><F113/><W102/><G6/><T33/><D108/><U59/><E105/><V27/><F125/><W94/><G5/><T29/><D127/><U64/><E69/><V132/><F132/><W13/><G13/><T28/><D130/><U128/><E128/><V118/><F118/><W34/><G34/><T129/><D129/><U126/><E126/><V109/><F109/><W116/><G116/><T100/><D100/><U31/><E76/><V1/><F80/><W38/><G38/><T10/><D10/><U97/><E64/><V3/><F3/><W87/><G71/><T104/><D104/><U0/><E0/><V114/><F114/><W134/><G134/><T123/><D123/><U107/><E107/><V115/><F115/><W122/><G122/><T131/><D131/><U12/><E12/><V22/><F68/><W78/><G102/><T9/><D9/><U85/><E85/><V19/><F53/><W74/><G103/><T32/><D40/><U92/><E59/><V67/><F67/><W16/><G16/><AGARI ba="1,0" hai="1,7,8,16,19,22,23,26,27,49,52,56,61,63" machi="16" ten="30,12000,1" yaku="7,1,9,1,52,1,54,2" doraHai="46" who="2" fromWho="3" sc="193,0,31,0,486,123,290,-123" /><INIT seed="6,2,0,5,2,31" ten="193,31,609,167" oya="2" hai0="55,27,48,0,116,34,11,13,130,131,41,133,91" hai1="110,61,71,22,59,103,63,3,38,69,106,118,85" hai2="35,62,65,83,15,70,10,104,40,58,1,30,14" hai3="100,19,12,79,129,50,124,21,68,123,128,93,127"/><V98/><F40/><W2/><G68/><T64/><D64/><U45/><E3/><V122/><F83/><W135/><G2/><T39/><D0/><U75/><E75/><V32/><F58/><W53/><G79/><T20/><D116/><U80/><E118/><V107/><F122/><W67/><G67/><T26/><D41/><U134/><E134/><V96/><F1/><W8/><G8/><T112/><D39/><U86/><E110/><V6/><F15/><W111/><G111/><T5/><D91/><U108/><E108/><V9/><F9/><W102/><G123/><T95/><D95/><U74/><E74/><V105/><REACH who="2" step="1"/><F32/><REACH who="2" ten="193,31,599,167" step="2"/><W29/><G12/><T54/><D34/><U132/><E132/><V109/><F109/><W77/><G135/><T7/><D133/><U51/><E38/><V82/><F82/><W23/><G127/><T33/><D33/><U87/><E80/><V60/><F60/><N who="1" m="23113" /><E22/><V92/><F92/><W46/><G93/><T97/><D20/><U25/><E59/><V78/><F78/><W119/><G77/><T42/><D13/><U81/><E81/><V56/><F56/><W36/><G36/><T44/><D11/><U94/><E25/><AGARI ba="2,1" hai="6,10,14,25,30,35,62,65,70,96,98,104,105,107" machi="25" ten="40,7700,0" yaku="1,1,52,1,53,1" doraHai="31" doraHaiUra="24" who="2" fromWho="1" sc="193,0,31,-83,599,93,167,0" owari="193,-1.0,-52,-55.0,692,79.0,167,-23.0" /></mjloggm>