<mjloggm ver="2.3"><GO type="169" lobby="0"/><UN n0="%E3%81%8A%E3%81%8B%E3%82%82%E3%81%A8" n1="%E3%81%98%E3%82%83%E3%82%80%E2%99%AD" n2="%E3%81%86%E3%81%8D%E3%81%A7%E3%82%93" n3="%EF%BC%88%E2%89%A7%E2%96%BD%E2%89%A6%EF%BC%89" dan="16,16,16,19" rate="2118.12,2044.60,2043.32,2267.70" sx="M,M,M,M"/><TAIKYOKU oya="0"/><INIT seed="0,0,0,5,0,77" ten="250,250,250,250" oya="0" hai0="125,47,132,67,0,87,73,134,123,118,102,39,95" hai1="79,42,17,96,51,121,54,103,60,3,104,97,83" hai2="107,120,110,9,108,91,46,72,128,109,50,8,133" hai3="86,129,68,36,6,93,69,82,70,24,1,31,63"/><T25/><D123/><U26/><E121/><V35/><F120/><W7/><G36/><T90/><D118/><U48/><E3/><V44/><F133/><N who="0" m="51306" /><D0/><U111/><E111/><V16/><F128/><W49/><G129/><T62/><D125/><U112/><E112/><V34/><F107/><W89/><G63/><T40/><D73/><U22/><E42/><N who="2" m="24855" /><F72/><W28/><G28/><T81/><D25/><U61/><E97/><V37/><F91/><W114/><G114/><T21/><D21/><U32/><E32/><N who="2" m="12331" /><F16/><W100/><G49/><T38/><D38/><U20/><E20/><V52/><F37/><W116/><G116/><T53/><D53/><U84/><REACH who="1" step="1"/><E51/><AGARI ba="0,0" hai="8,9,46,51,52,108,109,110" m="12331,24855" machi="51" ten="40,2600,0" yaku="14,1,54,1" doraHai="77" who="2" fromWho="1" sc="250,0,250,-26,250,26,250,0" /><INIT seed="1,0,0,4,1,53" ten="250,224,276,250" oya="1" hai0="47,83,15,85,7,21,103,9,87,82,37,55,69" hai1="2,24,5,42,106,74,10,27,29,46,39,111,112" hai2="65,45,125,22,110,76,120,113,101,70,126,89,12" hai3="77,36,8,123,35,26,124,119,28,1,79,130,68"/><U48/><E112/><V49/><F120/><W88/><G123/><T102/><D69/><U93/><E111/><V31/><F110/><W34/><G34/><T107/><D107/><U115/><E115/><V135/><F113/><W52/><G36/><T50/><D37/><U11/><E106/><V61/><F135/><W25/><G68/><T131/><D131/><U92/><E74/><V40/><F101/><W132/><G132/><T32/><D32/><U0/><E39/><V63/><F76/><W121/><G121/><T43/><D55/><U33/><REACH who="1" step="1"/><E27/><REACH who="1" ten="250,214,276,250" step="2"/><V3/><F126/><W18/><G26/><T72/><D72/><U81/><E81/><V14/><F125/><W75/><G25/><T16/><D83/><U51/><E51/><V66/><F49/><W78/><G75/><T23/><D23/><U71/><E71/><V99/><F22/><W59/><G124/><T116/><D116/><U38/><E38/><V54/><F70/><W114/><G119/><T86/><REACH who="0" step="1"/><D82/><REACH who="0" ten="240,214,276,250" step="2"/><U108/><E108/><V60/><F40/><W80/><G80/><T95/><D95/><U57/><E57/><V117/><F117/><W13/><G59/><T104/><D104/><U20/><E20/><V105/><F105/><W44/><G114/><T96/><D96/><U90/><E90/><V133/><F89/><W127/><G88/><T122/><D122/><U94/><E94/><V118/><F99/><W17/><G127/><T129/><D129/><U91/><E91/><V64/><F118/><W128/><G130/><T4/><D4/><AGARI ba="0,2" hai="0,2,4,5,10,11,24,29,33,42,46,48,92,93" machi="4" ten="40,3900,0" yaku="1,1,9,1,53,0" doraHai="53" doraHaiUra="98" who="1" fromWho="0" sc="240,-39,214,59,276,0,250,0" /><INIT seed="1,1,0,4,3,91" ten="201,273,276,250" oya="1" hai0="32,33,9,13,68,103,20,99,90,67,125,57,78" hai1="82,39,2,123,31,22,0,83,76,49,26,46,12" hai2="113,92,120,116,14,5,110,41,95,86,19,59,1" hai3="131,50,133,51,53,65,98,112,3,100,122,104,45"/><U16/><E123/><V11/><F120/><W119/><G122/><T126/><D68/><U94/><E39/><V124/><F116/><W15/><G3/><T44/><D78/><U129/><E129/><V18/><F110/><W21/><G112/><T107/><D20/><U17/><E17/><N who="2" m="6155" /><F1/><W96/><G131/><T48/><D90/><U128/><E128/><V63/><F113/><W93/><G119/><T29/><D57/><U37/><E37/><V35/><F35/><W66/><G133/><T85/><D67/><U97/><E2/><V8/><F124/><N who="0" m="47722" /><D85/><U43/><E76/><V42/><F11/><W70/><G70/><T58/><D58/><U134/><E0/><V71/><F71/><W114/><G114/><T4/><D29/><U64/><E64/><N who="2" m="39039" /><F86/><W74/><G21/><T34/><D34/><U27/><E134/><V118/><F118/><W23/><G23/><T101/><D101/><N who="1" m="60599" /><E27/><V81/><F81/><W69/><G69/><T47/><D33/><U102/><E102/><V105/><F105/><W10/><G104/><T111/><D32/><U75/><E75/><V80/><F80/><N who="1" m="30761" /><E12/><V108/><F108/><W25/><G74/><T115/><D111/><U106/><E106/><V24/><F24/><W84/><G25/><T38/><D115/><U87/><E31/><V30/><F30/><W40/><G84/><AGARI ba="1,0" hai="16,22,26,43,46,49,84,87" m="30761,60599" machi="84" ten="30,5800,0" yaku="8,1,52,1,54,1" doraHai="91" who="1" fromWho="3" sc="201,0,273,61,276,0,250,-61" /><INIT seed="1,2,0,2,0,93" ten="201,334,276,189" oya="1" hai0="60,117,5,18,61,58,110,46,44,42,95,125,81" hai1="127,64,30,100,59,43,53,47,51,128,73,126,82" hai2="39,19,88,62,99,37,15,132,29,103,35,91,22" hai3="80,87,31,84,92,113,115,106,9,0,97,55,133"/><U41/><E128/><V134/><F62/><W21/><G106/><T67/><D117/><U85/><E73/><V34/><F39/><W131/><G131/><T3/><D125/><N who="1" m="47627" /><E30/><V109/><F109/><W118/><G118/><T130/><D110/><U12/><E12/><V14/><F14/><W71/><G71/><T1/><D130/><U104/><E64/><V33/><F37/><W32/><G32/><T68/><D81/><U77/><E59/><V57/><F57/><W107/><G107/><T10/><D3/><U79/><E79/><V96/><F29/><W90/><G0/><T114/><D114/><U135/><E135/><N who="2" m="51755" /><F99/><AGARI ba="2,0" hai="41,43,47,51,53,77,82,85,99,100,104" m="47627" machi="99" ten="30,2900,0" yaku="18,1,52,1" doraHai="93" who="1" fromWho="2" sc="201,0,334,35,276,-35,189,0" /><INIT seed="1,3,0,2,1,54" ten="201,369,241,189" oya="1" hai0="16,127,106,20,113,39,81,100,9,57,18,72,38" hai1="25,1,134,99,107,35,22,14,77,110,123,50,66" hai2="97,43,26,98,8,96,69,115,40,88,111,62,76" hai3="68,12,117,4,135,112,45,124,90,28,3,37,95"/><U116/><E116/><V49/><F111/><W101/><G112/><T0/><D113/><U125/><E123/><V48/><F115/><W23/><G117/><T105/><D127/><U119/><E125/><V59/><F69/><W75/><G75/><T126/><D126/><U32/><E110/><V80/><F8/><W21/><G124/><T52/><D39/><U73/><E1/><V53/><F26/><W91/><G68/><T87/><D38/><U132/><E119/><V29/><F29/><W6/><G3/><T17/><D72/><U120/><E120/><V36/><F36/><W65/><G135/><T93/><D20/><U122/><E122/><V15/><F15/><W24/><G65/><T121/><D121/><U131/><E131/><V5/><F5/><N who="3" m="2155" /><G45/><T55/><D0/><U7/><E73/><V10/><F10/><W83/><G83/><T108/><D108/><U129/><E129/><V46/><F76/><W94/><G37/><T92/><D55/><U64/><E107/><V118/><F118/><W33/><G33/><T74/><D74/><U70/><E70/><V13/><F13/><W11/><G23/><T89/><D105/><U2/><E2/><V85/><F49/><W109/><G109/><T42/><D42/><AGARI ba="3,0" hai="40,42,43,46,48,53,59,62,80,85,88,96,97,98" machi="42" ten="40,5200,0" yaku="8,1,52,1,54,1" doraHai="54" who="2" fromWho="0" sc="201,-61,369,0,241,61,189,0" /><INIT seed="2,0,0,4,0,36" ten="140,369,302,189" oya="2" hai0="48,26,72,93,106,119,111,42,38,43,81,86,109" hai1="13,129,105,17,104,44,49,131,35,39,94,120,102" hai2="7,67,41,55,80,124,76,89,108,113,101,128,53" hai3="103,62,88,27,98,28,87,90,60,114,51,11,31"/><V12/><F113/><W117/><G117/><T64/><D106/><U123/><E35/><V40/><F128/><N who="1" m="49225" /><E39/><V6/><F124/><W2/><G114/><T116/><D38/><U47/><E94/><V92/><F108/><N who="0" m="41546" /><D64/><U84/><E84/><N who="2" m="48135" /><F101/><W19/><G2/><T57/><D72/><U5/><E5/><N who="2" m="1547" /><F12/><W14/><G90/><N who="0" m="51535" /><D26/><U74/><E102/><V91/><F67/><W32/><G31/><T66/><D93/><U126/><E74/><V134/><F134/><W107/><REACH who="3" step="1"/><G51/><REACH who="3" ten="140,369,302,179" step="2"/><T20/><D48/><U69/><E49/><V82/><F82/><AGARI ba="0,1" hai="11,14,19,27,28,32,60,62,82,87,88,98,103,107" machi="82" ten="30,8000,1" yaku="1,1,2,1,7,1,54,1,53,1" doraHai="36" doraHaiUra="24" who="3" fromWho="2" sc="140,0,369,0,302,-80,179,90" /><INIT seed="3,0,0,2,5,49" ten="140,369,222,269" oya="3" hai0="3,120,81,12,67,64,43,95,52,55,98,50,84" hai1="51,31,63,133,22,87,101,78,123,117,92,14,56" hai2="135,6,41,130,0,129,48,127,96,15,57,132,45" hai3="65,19,77,104,82,128,24,118,62,38,53,75,126"/><W46/><G118/><T68/><D3/><U97/><E123/><V21/><F0/><W40/><G104/><T35/><D120/><U119/><E133/><N who="2" m="51275" /><F96/><W17/><G128/><N who="2" m="49257" /><F57/><W44/><G24/><T121/><D35/><U69/><E51/><V25/><F6/><W89/><G89/><N who="0" m="51343" /><D121/><U86/><E69/><V105/><F105/><W80/><G44/><N who="0" m="25887" /><D12/><U107/><E117/><V109/><F109/><W37/><G46/><T58/><D68/><U85/><E107/><V29/><F15/><W30/><G38/><T114/><D114/><U116/><E116/><V4/><F4/><W32/><G37/><T23/><D23/><U93/><E14/><V111/><F111/><W36/><G32/><T61/><D67/><U33/><E33/><V110/><F110/><W66/><G36/><T5/><D5/><U70/><E70/><V2/><F2/><W83/><G66/><T108/><D108/><U134/><E134/><V16/><F127/><W13/><G126/><T72/><D72/><U99/><E119/><V28/><AGARI ba="0,0" hai="16,21,25,28,29,41,45,48" m="49257,51275" machi="28" ten="40,5200,0" yaku="20,1,19,1,54,1" doraHai="49" who="2" fromWho="2" sc="140,-13,369,-13,222,52,269,-26" /><INIT seed="4,0,0,5,3,134" ten="127,356,274,243" oya="0" hai0="121,94,8,76,85,87,12,16,114,131,82,57,95" hai1="64,5,92,0,24,83,21,6,97,46,45,25,129" hai2="127,101,34,30,61,36,106,50,40,69,18,37,48" hai3="128,133,39,109,132,42,41,75,54,84,96,99,59"/><T107/><D121/><U11/><E5/><V62/><F18/><W112/><G75/><T77/><D107/><U78/><E64/><N who="2" m="41103" /><F62/><W22/><G109/><T126/><D126/><U124/><E129/><V88/><F88/><W104/><G112/><T26/><D114/><U33/><E124/><V58/><F127/><W51/><G128/><T63/><D131/><U28/><E92/><V60/><F40/><N who="3" m="15467" /><G39/><T117/><D117/><U120/><E97/><N who="2" m="61743" /><F50/><W130/><G104/><T14/><D26/><U122/><E122/><V108/><F48/><W103/><G103/><T100/><D100/><U1/><E1/><V119/><F108/><W111/><G111/><T74/><D12/><U65/><E65/><N who="2" m="39063" /><F119/><W70/><G70/><T123/><D123/><U93/><E93/><V35/><F35/><W49/><G49/><T71/><D71/><U3/><E3/><V116/><F116/><W47/><G59/><T86/><REACH who="0" step="1"/><D77/><REACH who="0" ten="117,356,274,243" step="2"/><U67/><E120/><V89/><F89/><W7/><G130/><T115/><D115/><U91/><E91/><V110/><F110/><W52/><G132/><T17/><D17/><U105/><E105/><V81/><F30/><W98/><G133/><T113/><D113/><U4/><E78/><V90/><F90/><W66/><G7/><T43/><D43/><U31/><E4/><V23/><F37/><W72/><G47/><N who="1" m="17930" /><E67/><AGARI ba="0,1" hai="8,14,16,57,63,67,74,76,82,85,86,87,94,95" machi="67" ten="40,3900,0" yaku="1,1,54,1,53,0" doraHai="134" doraHaiUra="32" who="0" fromWho="1" sc="117,49,356,-39,274,0,243,0" /><INIT seed="4,1,0,4,5,112" ten="166,317,274,243" oya="0" hai0="16,20,122,36,91,21,126,45,59,134,41,76,39" hai1="30,38,12,2,132,118,50,0,124,64,78,117,88" hai2="129,108,74,77,121,120,69,49,128,26,89,35,81" hai3="83,85,133,15,55,130,135,19,37,33,96,95,48"/><T9/><D122/><U127/><E38/><V70/><F108/><W115/><G33/><T14/><D134/><U75/><E132/><V57/><F89/><W79/><G37/><T82/><D39/><U6/><E30/><N who="2" m="19927" /><F57/><W113/><G130/><N who="2" m="50281" /><F49/><W60/><G60/><T25/><D126/><N who="1" m="48171" /><E64/><V100/><F100/><W47/><G133/><T86/><D59/><U22/><E50/><V61/><F61/><W107/><G107/><T87/><REACH who="0" step="1"/><D25/><REACH who="0" ten="156,317,274,243" step="2"/><U131/><E131/><V68/><AGARI ba="1,1" hai="68,69,70,74,77,81,120,121" m="50281,19927" machi="68" ten="40,2700,0" yaku="19,1,23,1" doraHai="112" who="2" fromWho="2" sc="156,-14,317,-8,274,40,243,-8" /><INIT seed="5,0,0,0,1,46" ten="142,309,314,235" oya="1" hai0="22,61,113,80,77,57,128,49,72,43,56,123,27" hai1="131,108,36,12,90,71,14,116,55,44,35,117,82" hai2="45,64,103,15,37,69,118,67,30,127,50,58,130" hai3="114,85,122,54,25,92,4,18,5,51,98,75,129"/><U89/><E35/><V60/><F30/><W110/><G75/><T121/><D113/><U42/><E71/><V21/><F118/><W88/><G122/><N who="0" m="46603" /><D128/><U115/><E115/><V41/><F130/><W16/><G110/><T81/><D81/><U20/><E108/><V134/><F134/><W95/><G129/><T32/><D32/><U112/><E112/><V102/><F127/><W63/><G63/><T7/><D7/><N who="3" m="2633" /><G25/><T106/><D106/><U126/><E126/><V66/><F66/><W101/><G114/><T23/><D23/><U1/><E1/><V132/><F132/><W8/><G8/><T105/><D105/><U74/><E131/><V124/><F124/><W84/><G84/><T52/><D43/><U97/><E20/><V96/><F96/><W133/><G133/><T59/><D61/><U83/><E116/><V79/><F79/><W19/><G18/><AGARI ba="0,0" hai="18,22,27,49,52,56,57,59,72,77,80" m="46603" machi="18" ten="30,3900,0" yaku="13,1,52,1,54,1" doraHai="46" who="0" fromWho="3" sc="142,39,309,0,314,0,235,-39" /><INIT seed="6,0,0,5,5,88" ten="181,309,314,196" oya="2" hai0="68,65,57,27,10,119,118,18,42,62,4,122,121" hai1="17,128,77,54,6,120,115,34,45,32,95,29,14" hai2="20,37,1,33,103,130,132,67,98,23,74,89,126" hai3="72,97,28,124,38,116,53,133,82,125,101,51,96"/><V49/><F37/><W24/><G116/><N who="0" m="44587" /><D42/><U107/><E107/><V2/><F33/><W11/><G38/><T100/><D100/><U39/><E115/><V117/><F117/><W84/><G72/><T40/><D40/><U3/><E128/><V91/><F74/><W131/><G131/><T26/><D68/><U25/><E77/><V15/><F67/><W81/><G133/><T76/><D76/><U35/><E120/><N who="0" m="46185" /><D18/><U85/><E39/><V36/><F36/><W21/><G11/><T69/><D69/><U123/><E45/><V110/><F103/><W50/><G101/><T80/><D80/><U8/><E54/><V83/><F83/><W30/><G53/><T66/><D66/><U114/><E123/><V106/><F106/><W22/><REACH who="3" step="1"/><G24/><REACH who="3" ten="181,309,314,186" step="2"/><T105/><D105/><U7/><E25/><V44/><F130/><W60/><G60/><T56/><D57/><U113/><E8/><V127/><F132/><W43/><G43/><T5/><D5/><U58/><E7/><V52/><F52/><W61/><G61/><T55/><D65/><U102/><E58/><V92/><F49/><W94/><G94/><T134/><D134/><U112/><E6/><V104/><F92/><W99/><G99/><T86/><D86/><AGARI ba="0,1" hai="21,22,28,30,50,51,81,82,84,86,96,97,124,125" machi="86" ten="25,8000,1" yaku="1,1,22,2,53,2" doraHai="88" doraHaiUra="19" who="3" fromWho="0" sc="181,-80,309,0,314,0,186,90" /><INIT seed="7,0,0,2,2,43" ten="101,309,314,276" oya="3" hai0="56,55,63,86,53,7,16,75,46,70,119,109,48" hai1="26,31,135,62,102,118,115,121,90,77,85,13,44" hai2="0,96,41,83,12,103,104,113,28,99,38,120,122" hai3="110,89,45,106,98,59,24,37,78,82,23,94,117"/><W71/><G71/><T93/><D75/><U54/><E121/><N who="2" m="46699" /><F113/><W3/><G117/><T61/><D119/><U35/><E118/><V92/><F0/><W97/><G3/><T107/><D107/><U5/><E115/><V25/><F83/><W18/><G110/><T133/><D109/><U66/><E135/><V10/><F41/><W68/><G68/><T34/><D34/><U73/><E73/><V100/><F38/><W80/><G78/><T111/><D111/><U36/><E77/><V84/><F84/><W67/><G106/><T88/><D133/><U60/><E102/><V57/><F57/><W51/><G37/><T40/><D7/><U81/><E66/><V124/><F124/><W87/><G80/><T134/><D134/><U64/><E64/><V22/><F12/><W112/><G112/><T29/><D29/><U50/><REACH who="1" step="1"/><E36/><REACH who="1" ten="101,299,314,276" step="2"/><V91/><F103/><W8/><G8/><AGARI ba="0,1" hai="5,8,13,26,31,35,44,50,54,60,62,81,85,90" machi="8" ten="40,8000,1" yaku="1,1,2,1,52,1,53,1" doraHai="43" doraHaiUra="21" who="1" fromWho="3" sc="101,0,299,90,314,0,276,-80" /><AGARI ba="0,0" hai="8,10,22,25,28,91,92,96,99,100,104" m="46699" machi="8" ten="30,1000,0" yaku="13,1" doraHai="43" who="2" fromWho="3" sc="101,0,389,0,314,10,196,-10" owari="101,-40.0,389,49.0,324,12.0,186,-21.0" /></mjloggm>