<mjloggm ver="2.3"><GO type="169" lobby="0"/><UN n0="%E3%82%A6%E3%83%AB%E3%83%88%E3%83%A9%E7%AB%8B%E7%9B%B4" n1="%E3%83%99%E3%83%AB%E3%82%92%E7%9B%97%E3%82%81%EF%BC%81" n2="%E6%B9%8A%E3%83%9F%E3%82%B5%E3%82%AD" n3="%E7%88%86%E7%89%8C%E3%82%A6%E3%82%B7%E3%82%B8%E3%83%9E%E3%81%8F%E3%82%93" dan="16,16,16,18" rate="2022.29,2074.15,2051.39,2168.31" sx="M,M,F,M"/><TAIKYOKU oya="0"/><INIT seed="0,0,0,3,3,10" ten="250,250,250,250" oya="0" hai0="84,50,91,86,121,88,5,8,103,123,55,135,60" hai1="49,63,11,45,47,6,117,14,35,127,78,120,85" hai2="68,53,107,20,42,9,48,115,89,3,105,130,43" hai3="36,31,69,131,94,39,83,101,56,64,29,126,61"/><T102/><D60/><U21/><E117/><V22/><F115/><W134/><G126/><T100/><D135/><U70/><E120/><V79/><F68/><W112/><G134/><T71/><D71/><U80/><E127/><V7/><F130/><W72/><G112/><T2/><D86/><U113/><E113/><V26/><F79/><W92/><G131/><T104/><D104/><U108/><E108/><V33/><F33/><W23/><G69/><T114/><D114/><U41/><E35/><V52/><F53/><W40/><G40/><T32/><D32/><U128/><E128/><V116/><F116/><W62/><G62/><T125/><D125/><U1/><E47/><V118/><F118/><W74/><G83/><T46/><REACH who="0" step="1"/><D91/><REACH who="0" ten="240,250,250,250" step="2"/><U67/><REACH who="1" step="1"/><E21/><REACH who="1" ten="240,240,250,250" step="2"/><V54/><F22/><W17/><G23/><T97/><D97/><U58/><E58/><V111/><F20/><W122/><G56/><T51/><D51/><U0/><AGARI ba="0,2" hai="0,1,6,11,14,41,45,49,63,67,70,78,80,85" machi="0" ten="30,8000,1" yaku="1,1,0,1,25,2,52,1,53,0" doraHai="10" doraHaiUra="124" who="1" fromWho="1" sc="240,-40,240,100,250,-20,250,-20" /><INIT seed="1,0,0,0,0,93" ten="200,340,230,230" oya="1" hai0="22,16,6,92,64,96,23,115,97,42,129,125,14" hai1="100,31,127,21,87,67,120,84,37,68,134,76,2" hai2="103,133,124,20,78,54,51,18,91,19,1,0,123" hai3="66,108,118,10,75,90,126,79,74,82,12,25,113"/><U63/><E120/><V72/><F123/><W7/><G113/><T102/><D115/><U26/><E134/><V39/><F133/><W41/><G108/><T99/><D125/><U109/><E37/><V27/><F39/><W33/><G126/><T107/><D129/><U114/><E127/><V128/><F128/><W40/><G66/><T101/><D6/><U8/><E114/><V5/><F103/><W11/><G75/><T71/><D42/><U121/><E121/><V111/><F111/><W131/><G131/><T32/><D32/><U77/><E109/><V119/><F119/><W56/><G118/><T46/><D46/><U86/><REACH who="1" step="1"/><E100/><REACH who="1" ten="200,330,230,230" step="2"/><V122/><F124/><W35/><G35/><T28/><D102/><U65/><E65/><V60/><F122/><W112/><G33/><T50/><D64/><U58/><E58/><V61/><F0/><W73/><G56/><T4/><D71/><U24/><E24/><V81/><F1/><W135/><G25/><N who="0" m="16447" /><D107/><U116/><E116/><V94/><F27/><W55/><G112/><T70/><D70/><U30/><E30/><V48/><F61/><W105/><G105/><T110/><D110/><U89/><E89/><V57/><F60/><W85/><G90/><T53/><D4/><AGARI ba="0,1" hai="2,4,8,21,26,31,63,67,68,76,77,84,86,87" machi="4" ten="40,2000,0" yaku="1,1,53,0" doraHai="93" doraHaiUra="52" who="1" fromWho="0" sc="200,-20,330,30,230,0,230,0" /><INIT seed="1,1,0,1,2,14" ten="180,360,230,230" oya="1" hai0="51,53,30,91,117,104,33,114,52,35,37,48,11" hai1="32,6,40,98,64,74,17,18,8,50,101,54,41" hai2="31,75,97,79,42,81,128,49,134,87,111,13,130" hai3="72,77,5,61,110,88,115,57,92,103,46,7,83"/><U112/><E32/><V84/><F111/><W9/><G115/><T129/><D37/><U70/><E74/><V62/><F134/><W82/><G110/><T116/><D104/><U86/><E112/><V68/><F97/><W34/><G34/><N who="0" m="12811" /><D114/><U135/><E135/><V133/><F133/><W96/><G46/><T120/><D11/><U21/><E70/><V19/><F31/><W71/><G71/><T102/><D30/><U124/><E64/><V47/><F62/><W125/><G125/><T55/><D102/><U108/><E124/><V4/><F4/><W0/><G7/><T113/><D113/><U67/><E67/><V1/><F1/><W126/><G126/><T58/><D58/><U99/><E108/><V100/><F100/><W95/><G83/><T15/><D15/><N who="1" m="5527" /><E86/><V3/><F3/><W39/><G39/><T119/><D91/><U24/><E101/><V132/><F68/><W63/><REACH who="3" step="1"/><G57/><REACH who="3" ten="180,360,230,220" step="2"/><T109/><D109/><U107/><E107/><V76/><F132/><W26/><G26/><T2/><D2/><U59/><E41/><V93/><F93/><W20/><G20/><T73/><D120/><U89/><E40/><V66/><F42/><W22/><G22/><T10/><D10/><U80/><E80/><V69/><F81/><W122/><G122/><T65/><D129/><U118/><E21/><V60/><F128/><W121/><G121/><T36/><D36/><U106/><E24/><V43/><F130/><W44/><G44/><T90/><D116/><U85/><E118/><V45/><F45/><W25/><G25/><T131/><D117/><RYUUKYOKU ba="1,1" sc="180,-10,360,-10,230,-10,220,30" hai3="0,5,9,61,63,72,77,82,88,92,95,96,103" /><INIT seed="2,2,1,4,2,121" ten="170,350,220,250" oya="2" hai0="1,8,76,50,78,71,85,0,61,90,55,51,100" hai1="19,80,109,65,2,105,111,14,128,32,120,12,84" hai2="25,74,62,63,123,30,82,47,21,96,6,99,66" hai3="103,97,24,28,73,68,33,114,57,44,60,53,37"/><V17/><F123/><W95/><G114/><T102/><D61/><U133/><E120/><V117/><F117/><W116/><G116/><T92/><D71/><U27/><E2/><V31/><F6/><W4/><G73/><T89/><D8/><U81/><E105/><V26/><F47/><W104/><G68/><T115/><D115/><U20/><E65/><V15/><F63/><W134/><G134/><T67/><D67/><U3/><E3/><V101/><F82/><W119/><G119/><T10/><D10/><U13/><E133/><V98/><F74/><W52/><G4/><T40/><D40/><U131/><E32/><V23/><F101/><W69/><G69/><T75/><D75/><U106/><E106/><V64/><REACH who="2" step="1"/><F62/><REACH who="2" ten="170,350,210,250" step="2"/><W42/><REACH who="3" step="1"/><G53/><REACH who="3" ten="170,350,210,240" step="2"/><T77/><D1/><U48/><E131/><V125/><F125/><W49/><G49/><T110/><D0/><U122/><E128/><V107/><F107/><AGARI ba="2,3" hai="24,28,33,37,42,44,52,57,60,95,97,103,104,107" machi="107" ten="40,2600,0" yaku="1,1,54,1,53,0" doraHai="121" doraHaiUra="7" who="3" fromWho="2" sc="170,0,350,0,210,-32,240,62" /><INIT seed="3,0,0,1,4,0" ten="170,350,178,302" oya="3" hai0="14,134,62,16,21,32,8,50,30,112,13,53,88" hai1="55,54,7,49,84,105,6,52,5,12,124,40,72" hai2="97,111,82,115,59,102,31,101,65,60,4,122,37" hai3="47,3,90,91,126,106,87,108,103,95,116,1,92"/><W27/><G27/><T17/><D112/><U63/><E72/><V83/><F115/><W109/><G47/><T131/><D131/><U28/><E105/><V74/><F37/><W38/><G38/><T58/><D134/><U34/><E124/><V45/><F111/><N who="3" m="42571" /><G116/><T41/><D30/><U56/><E34/><V89/><F31/><W98/><G126/><T130/><D32/><U100/><E28/><V96/><F45/><W57/><G57/><T110/><D110/><U24/><E24/><V23/><F23/><W11/><G11/><T132/><D132/><U99/><E100/><V20/><F20/><W43/><G43/><T25/><D130/><U39/><E99/><AGARI ba="0,0" hai="1,3,87,90,91,92,95,98,99,103,106" m="42571" machi="99" ten="30,2900,0" yaku="14,1,10,1" doraHai="0" who="3" fromWho="1" sc="170,0,350,-29,178,0,302,29" /><INIT seed="3,1,0,2,3,81" ten="170,321,178,331" oya="3" hai0="34,78,103,108,45,65,53,97,72,123,10,124,32" hai1="101,98,117,30,14,68,7,88,56,100,49,95,107" hai2="18,1,5,58,129,66,59,92,74,75,77,79,33" hai3="51,125,133,35,54,135,90,17,29,86,8,112,102"/><W67/><G112/><T134/><D65/><U89/><E68/><V109/><F33/><W42/><G67/><T20/><D53/><N who="1" m="31791" /><E117/><V87/><F66/><W96/><G125/><T119/><D45/><U11/><E107/><V43/><F18/><W57/><G42/><T19/><D97/><N who="1" m="57575" /><E30/><V47/><F47/><W116/><G29/><T41/><D34/><U110/><E110/><V31/><F31/><W6/><G35/><T39/><D108/><U120/><E120/><V0/><F43/><W91/><G17/><T24/><D19/><U44/><E44/><V93/><F5/><W36/><G36/><T50/><D41/><U104/><E104/><V27/><F109/><W105/><G116/><T9/><D32/><U62/><E62/><V76/><F76/><W60/><G60/><T38/><D78/><U118/><E118/><V52/><F27/><W121/><G121/><T37/><D24/><U3/><E3/><V130/><REACH who="2" step="1"/><F52/><REACH who="2" ten="170,321,168,331" step="2"/><W15/><REACH who="3" step="1"/><G90/><REACH who="3" ten="170,321,168,321" step="2"/><T122/><D119/><U94/><AGARI ba="1,2" hai="7,11,14,89,94,98,100,101" m="57575,31791" machi="94" ten="30,2000,0" yaku="8,1,54,1" doraHai="81" who="1" fromWho="1" sc="170,-6,321,43,168,-6,321,-11" /><INIT seed="4,0,0,4,1,85" ten="164,364,162,310" oya="0" hai0="53,52,69,79,30,89,132,66,22,1,83,50,100" hai1="49,124,45,36,80,122,10,38,91,41,84,58,13" hai2="12,48,86,63,128,19,97,7,55,21,125,130,35" hai3="26,103,34,111,23,95,60,99,3,37,104,78,44"/><T119/><D1/><U42/><E122/><V59/><F35/><W43/><G111/><T113/><D119/><U5/><E124/><V92/><F125/><W75/><G3/><T39/><D39/><U51/><REACH who="1" step="1"/><E58/><REACH who="1" ten="164,354,162,310" step="2"/><V116/><F116/><W27/><G44/><AGARI ba="0,1" hai="5,10,13,36,38,41,42,44,45,49,51,80,84,91" machi="44" ten="40,8000,1" yaku="1,1,2,1,9,1,52,1,53,0" doraHai="85" doraHaiUra="29" who="1" fromWho="3" sc="164,0,354,90,162,0,310,-80" /><INIT seed="5,0,0,2,0,69" ten="164,444,162,230" oya="1" hai0="33,135,28,132,74,62,75,13,30,64,68,29,125" hai1="123,128,40,5,8,131,42,12,130,47,59,108,115" hai2="85,55,116,61,88,133,65,63,87,73,91,110,66" hai3="50,16,22,82,81,84,54,126,49,90,38,10,83"/><U3/><E123/><V114/><F73/><N who="0" m="27658" /><D13/><U124/><E115/><V117/><F114/><W112/><G38/><T9/><D9/><U26/><E124/><V25/><F25/><N who="3" m="14535" /><G126/><T52/><D125/><U89/><E108/><V4/><F4/><W41/><G112/><T80/><D80/><N who="3" m="30825" /><G41/><T56/><D33/><U14/><E42/><V96/><F96/><W105/><G105/><T134/><D68/><U48/><E89/><V20/><F20/><W2/><G2/><T53/><AGARI ba="0,0" hai="28,29,30,52,53,56,62,64,132,134,135" m="27658" machi="53" ten="40,2700,0" yaku="20,1,54,1" doraHai="69" who="0" fromWho="0" sc="164,27,444,-13,162,-7,230,-7" /><INIT seed="6,0,0,3,3,122" ten="191,431,155,223" oya="2" hai0="11,78,75,14,34,77,32,99,135,102,115,35,98" hai1="51,117,74,106,43,4,26,82,93,20,39,7,28" hai2="96,54,101,27,61,80,131,41,133,72,130,62,79" hai3="94,105,88,132,12,100,6,125,36,91,67,123,83"/><V1/><F133/><W95/><G123/><T48/><D75/><U124/><E106/><V97/><F1/><W65/><G36/><T59/><D135/><U70/><E70/><V114/><F41/><W128/><G132/><T21/><D21/><U60/><E117/><V121/><F121/><W5/><G128/><N who="2" m="49193" /><F114/><W64/><G125/><T134/><D134/><U63/><E39/><V50/><F27/><W46/><G46/><T38/><D38/><U116/><E124/><V44/><F97/><N who="3" m="59455" /><G105/><AGARI ba="0,0" hai="44,50,54,61,62,72,79,80,96,101,105" m="49193" machi="105" ten="30,1500,0" yaku="19,1" doraHai="122" who="2" fromWho="3" sc="191,0,431,0,155,15,223,-15" /><INIT seed="6,1,0,3,1,43" ten="191,431,170,208" oya="2" hai0="10,135,12,85,39,79,64,108,83,84,29,88,59" hai1="73,91,114,50,22,56,42,17,66,60,104,107,69" hai2="38,131,130,62,55,6,103,76,46,82,53,119,77" hai3="7,74,102,58,115,68,86,36,124,13,128,54,18"/><V1/><F119/><W100/><G74/><T109/><D39/><U45/><E73/><N who="2" m="43279" /><F103/><N who="3" m="39467" /><G68/><T57/><D135/><U37/><E114/><V9/><F77/><W71/><G71/><T125/><D125/><U70/><E91/><V31/><F31/><W90/><G36/><T0/><D0/><U8/><E8/><V117/><F117/><W106/><G106/><T134/><D134/><U113/><E113/><V122/><F122/><W105/><G105/><T28/><D108/><U26/><E70/><V81/><F81/><N who="3" m="49487" /><G124/><T133/><D133/><U35/><E35/><V15/><F15/><W129/><G115/><T101/><D101/><U19/><E19/><V112/><F112/><W41/><G41/><T5/><D109/><U11/><E11/><V44/><F62/><W110/><G7/><T52/><D64/><U123/><E123/><V92/><F92/><W25/><G25/><T127/><D127/><U94/><E94/><V118/><F118/><W116/><G110/><T48/><D59/><U75/><E75/><V98/><F98/><W120/><G120/><T97/><D97/><U95/><E95/><AGARI ba="1,0" hai="5,10,12,28,29,48,52,57,79,83,84,85,88,95" machi="95" ten="30,7700,0" yaku="7,1,8,1,54,2" doraHai="43" who="0" fromWho="1" sc="191,80,431,-80,170,0,208,0" /><INIT seed="7,0,0,4,3,56" ten="271,351,170,208" oya="3" hai0="51,104,55,23,96,80,11,71,128,45,93,20,54" hai1="126,118,82,95,41,58,44,4,81,6,68,73,13" hai2="7,91,36,116,5,62,33,53,131,63,79,99,31" hai3="108,3,10,17,120,84,97,135,35,78,0,77,127"/><W37/><G120/><T1/><D104/><U102/><E68/><V19/><F116/><W16/><G37/><T72/><D71/><U123/><E126/><V89/><F36/><W52/><G108/><T46/><D128/><U110/><E82/><V29/><F33/><W9/><G127/><T43/><D11/><N who="3" m="4105" /><G35/><T111/><D1/><U22/><E58/><V67/><F131/><W124/><G124/><T57/><D111/><U86/><E73/><V134/><F134/><W61/><G135/><T42/><D80/><U132/><E95/><N who="2" m="56815" /><F79/><N who="3" m="30219" /><G3/><T129/><D72/><U14/><E14/><V48/><F19/><N who="3" m="7243" /><G0/><T133/><D133/><U60/><E132/><V25/><F91/><W113/><G113/><T94/><D129/><U34/><E34/><V50/><F67/><W40/><G40/><T28/><D43/><U117/><E41/><V69/><F69/><W103/><G84/><T130/><D130/><U112/><E86/><V125/><F125/><W12/><G12/><T24/><D20/><U74/><E22/><N who="2" m="15543" /><F31/><W66/><G66/><T2/><D2/><U47/><E13/><V88/><F88/><W107/><G107/><T30/><D30/><U83/><E74/><V122/><F122/><W119/><G119/><T49/><D96/><U26/><E110/><V100/><F100/><W59/><G97/><T8/><D8/><U90/><E118/><V18/><F18/><W65/><G65/><T76/><D76/><U101/><E117/><V32/><F32/><W115/><G115/><T109/><D109/><U75/><E112/><V114/><F114/><W98/><G98/><RYUUKYOKU ba="0,0" sc="271,15,351,-15,170,-15,208,15" hai0="23,24,28,42,45,46,49,51,54,55,57,93,94" hai3="52,59,61,103" /><INIT seed="7,1,0,4,3,33" ten="286,336,155,223" oya="3" hai0="57,84,65,90,1,50,108,80,75,73,24,135,83" hai1="100,32,118,28,22,23,82,98,5,92,42,10,74" hai2="72,45,96,89,44,122,30,68,58,110,60,79,63" hai3="76,53,39,66,85,8,20,52,2,13,61,112,101"/><W81/><G39/><T54/><D108/><U127/><E127/><V59/><F110/><W77/><G112/><T47/><D135/><U35/><E118/><V51/><F122/><W4/><G101/><T31/><D1/><U36/><E23/><V132/><F132/><W125/><G76/><T7/><D7/><U88/><E22/><V17/><F68/><W94/><G125/><T93/><D75/><U95/><E28/><V48/><F30/><W0/><G94/><T119/><D73/><U114/><E114/><V3/><F3/><W130/><G130/><T25/><D119/><U115/><E115/><V38/><F38/><W9/><G20/><N who="0" m="15751" /><D25/><U131/><E131/><V6/><F6/><W46/><G46/><T97/><D84/><U129/><E129/><V15/><F72/><W37/><G37/><T99/><D99/><U21/><E98/><V104/><F79/><W69/><G2/><T116/><D116/><U102/><E74/><V121/><F121/><W40/><G40/><T34/><D34/><U41/><E41/><V133/><F133/><W91/><G77/><T16/><D16/><AGARI ba="1,0" hai="0,4,8,9,13,16,52,53,61,66,69,81,85,91" machi="16" ten="30,11600,0" yaku="7,1,52,1,54,2" doraHai="33" who="3" fromWho="0" sc="286,-119,336,0,155,0,223,119" owari="167,-23.0,336,14.0,155,-34.0,342,43.0" /></mjloggm>