<mjloggm ver="2.3"><GO type="41" lobby="0"/><UN n0="%65%6E%74%69%65%64" n1="%E3%82%A6%E3%83%AB%E3%83%88%E3%83%A9%E7%AB%8B%E7%9B%B4" n2="%52%79%6F%39%38%37%34" n3="%E3%83%91%E3%83%96%E3%83%AD%E3%83%B3%E3%82%B4%E3%83%BC%E3%83%AB%E3%83%89" dan="14,16,15,14" rate="1812.40,2055.11,2053.55,1989.00" sx="M,M,M,F"/><TAIKYOKU oya="0"/><INIT seed="0,0,0,1,4,5" ten="250,250,250,250" oya="0" hai0="103,100,81,112,19,114,54,115,101,83,111,39,31" hai1="49,121,60,134,87,41,122,105,66,37,118,21,4" hai2="102,55,63,116,57,79,78,127,14,44,129,59,12" hai3="2,58,76,92,36,109,124,35,11,69,89,86,97"/><T42/><D31/><U24/><E105/><V52/><F102/><W1/><G69/><T3/><D3/><U45/><E118/><V23/><F116/><W93/><G36/><T95/><D39/><U6/><E134/><V85/><F44/><W8/><G35/><T84/><D42/><U33/><E33/><V20/><F129/><W38/><G38/><T98/><D54/><U126/><E126/><V128/><F128/><W94/><G124/><T75/><D19/><U77/><E37/><V88/><F127/><W0/><G109/><T73/><D111/><U7/><E121/><V67/><F67/><W61/><G76/><N who="0" m="46119" /><D83/><U50/><E122/><V104/><F104/><W119/><G119/><T132/><D132/><U51/><E45/><V16/><F14/><W64/><REACH who="3" step="1"/><G93/><REACH who="3" ten="250,250,250,240" step="2"/><T30/><D30/><U113/><E113/><N who="0" m="28929" /><T53/><DORA hai="110" /><D53/><U107/><E41/><V135/><F135/><W82/><G82/><T18/><D18/><U123/><E123/><V34/><F34/><W46/><G46/><T71/><D71/><U68/><E68/><V90/><F79/><W26/><G26/><T27/><D27/><U74/><E77/><V25/><F78/><W72/><G72/><AGARI ba="0,1" hai="72,73,75,95,98,100,101,103" m="28929,46119" machi="72" ten="40,18000,2" yaku="34,2,52,4" doraHai="5,110" who="0" fromWho="3" sc="250,190,250,0,250,0,240,-180" /><INIT seed="0,1,0,0,0,126" ten="440,250,250,60" oya="0" hai0="104,25,37,95,107,22,23,91,79,124,132,47,49" hai1="52,110,32,4,114,65,8,87,41,122,90,75,100" hai2="50,69,99,96,125,35,103,26,120,20,109,94,16" hai3="117,72,85,46,101,83,133,111,121,3,93,36,6"/><T12/><D37/><U21/><E32/><V113/><F120/><W116/><G121/><T1/><D124/><U43/><E75/><V119/><F69/><W61/><G133/><T105/><D132/><U33/><E33/><V68/><F125/><W39/><G111/><T134/><D134/><U112/><E110/><V77/><F68/><W70/><G72/><T73/><D1/><U42/><E65/><V19/><F109/><W40/><G36/><T84/><D12/><U89/><E100/><V56/><F35/><W64/><G93/><T55/><REACH who="0" step="1"/><D25/><REACH who="0" ten="430,250,250,60" step="2"/><U135/><E135/><V92/><F26/><W71/><G117/><T27/><D27/><U51/><E122/><V86/><F119/><W98/><G116/><T10/><D10/><U15/><E112/><V80/><F113/><W48/><G39/><T24/><D24/><U63/><E114/><V115/><F115/><W81/><G3/><T66/><D66/><U11/><E11/><V44/><F20/><W28/><G64/><T60/><D60/><U123/><E123/><V108/><F108/><W67/><G67/><T30/><D30/><U45/><E21/><V0/><F0/><W118/><G61/><T59/><D59/><U53/><E63/><V34/><F56/><W131/><G118/><T54/><D54/><U97/><E53/><N who="2" m="29895" /><F34/><W38/><G70/><T13/><D13/><U14/><E14/><V2/><F2/><W31/><G71/><T62/><D62/><U76/><E15/><V129/><F19/><W74/><G38/><T57/><D57/><U82/><E8/><V88/><F16/><RYUUKYOKU ba="1,1" sc="430,15,250,-15,250,15,60,-15" hai0="22,23,47,49,55,73,79,84,91,95,104,105,107" hai2="77,80,86,88,92,94,96,99,103,129" /><INIT seed="0,2,1,3,2,67" ten="445,235,265,45" oya="0" hai0="80,22,45,70,91,124,120,128,36,122,95,58,66" hai1="3,109,65,35,97,0,127,93,52,121,14,72,105" hai2="7,61,104,87,131,48,11,76,28,100,6,21,63" hai3="24,23,123,49,43,130,78,116,47,9,10,106,82"/><T37/><D124/><U119/><E121/><V27/><F7/><W101/><G123/><T33/><D33/><U62/><E119/><V12/><F131/><W107/><G116/><T74/><D128/><U129/><E129/><V57/><F104/><W79/><G130/><T1/><D1/><U99/><E72/><V86/><F100/><W71/><G101/><T26/><D122/><U69/><E127/><V8/><F8/><W77/><G82/><T32/><D120/><U118/><E118/><V50/><F63/><W19/><G107/><T92/><D32/><U40/><E40/><V68/><F68/><W5/><G106/><T103/><D45/><U25/><E14/><V83/><REACH who="2" step="1"/><F87/><REACH who="2" ten="445,235,255,45" step="2"/><W110/><G110/><T134/><D103/><N who="1" m="62703" /><E109/><V133/><F133/><W84/><G84/><T54/><D134/><U135/><E135/><V111/><F111/><W42/><G9/><T64/><D74/><U41/><E3/><V15/><F15/><W53/><REACH who="3" step="1"/><G71/><REACH who="3" ten="445,235,255,35" step="2"/><T75/><D70/><U114/><E69/><V30/><F30/><W108/><G108/><T90/><D75/><U125/><E125/><V117/><F117/><W126/><G126/><T44/><D36/><U81/><E99/><V2/><F2/><AGARI ba="2,3" hai="2,5,10,19,23,24,42,43,47,49,53,77,78,79" machi="2" ten="40,1300,0" yaku="1,1,53,0" doraHai="67" doraHaiUra="115" who="3" fromWho="2" sc="445,0,235,0,255,-19,35,49" /><INIT seed="1,0,0,5,5,21" ten="445,235,236,84" oya="1" hai0="7,64,128,45,54,77,3,58,89,23,94,131,72" hai1="37,103,112,59,133,115,14,11,117,56,38,68,44" hai2="51,75,105,80,96,132,116,110,0,17,122,126,5" hai3="18,106,109,49,1,99,100,85,43,8,39,114,69"/><U107/><E103/><V26/><F122/><W15/><G114/><T48/><D3/><U119/><E107/><V67/><F116/><W101/><G69/><T97/><D7/><U24/><E14/><V78/><F67/><W91/><G109/><T123/><D123/><U41/><E11/><V62/><F62/><W46/><G101/><T98/><D72/><U71/><E24/><V83/><F83/><W121/><G1/><T61/><D77/><U129/><E44/><V111/><F105/><W31/><G121/><T35/><D35/><U50/><E50/><V60/><F60/><W134/><G134/><T76/><D76/><U53/><E53/><V93/><F132/><W32/><G32/><T120/><D120/><U95/><E95/><V92/><F93/><W87/><G31/><T30/><D98/><U27/><E27/><V9/><F51/><W25/><G25/><T104/><D104/><U130/><E133/><V19/><F126/><W47/><REACH who="3" step="1"/><G91/><REACH who="3" ten="445,235,236,74" step="2"/><T36/><D30/><U84/><E84/><V73/><F75/><W86/><G86/><T90/><D90/><U88/><REACH who="1" step="1"/><E88/><REACH who="1" ten="445,225,236,74" step="2"/><N who="2" m="55303" /><F26/><W57/><G57/><T16/><REACH who="0" step="1"/><D36/><REACH who="0" ten="435,225,236,74" step="2"/><U79/><E79/><V127/><F127/><W4/><G4/><T81/><D81/><U124/><E124/><V42/><F80/><W82/><G82/><T74/><D74/><U118/><E118/><V22/><F78/><W34/><G34/><T125/><D125/><U20/><E20/><V65/><F73/><W40/><AGARI ba="0,3" hai="8,15,18,39,40,43,46,47,49,85,87,99,100,106" machi="40" ten="20,2700,0" yaku="1,1,0,1,7,1,53,0" doraHai="21" doraHaiUra="108" who="3" fromWho="3" sc="435,-7,225,-13,236,-7,74,57" /><INIT seed="2,0,0,3,4,126" ten="428,212,229,131" oya="2" hai0="12,56,66,128,32,89,100,70,52,5,49,121,99" hai1="1,71,123,67,103,39,98,114,96,130,14,2,34" hai2="64,105,38,120,28,83,73,51,109,11,33,131,85" hai3="45,115,110,112,84,29,106,57,93,95,104,76,69"/><V17/><F38/><W41/><G69/><T43/><D121/><U135/><E14/><V36/><F36/><W86/><G29/><T0/><D32/><U6/><E98/><V15/><F73/><W7/><G7/><T72/><D128/><U125/><E6/><V118/><F118/><W40/><G57/><T63/><D72/><U25/><E96/><V129/><F105/><W75/><G45/><T107/><D0/><U27/><E103/><V53/><F120/><W92/><G110/><T90/><D43/><N who="3" m="16457" /><G75/><T18/><REACH who="0" step="1"/><D5/><REACH who="0" ten="418,212,229,131" step="2"/><U55/><E1/><V13/><F109/><W74/><G74/><T21/><AGARI ba="0,1" hai="12,18,21,49,52,56,63,66,70,89,90,99,100,107" machi="21" ten="20,8000,1" yaku="1,1,2,1,0,1,7,1,54,1,53,0" doraHai="126" doraHaiUra="134" who="0" fromWho="0" sc="418,90,212,-20,229,-40,131,-20" /><INIT seed="3,0,0,5,4,35" ten="508,192,189,111" oya="3" hai0="3,27,134,6,53,99,128,7,4,74,111,80,22" hai1="45,12,30,2,132,71,85,87,105,88,115,56,13" hai2="59,124,121,68,118,44,42,106,49,70,130,112,0" hai3="72,116,32,127,73,97,133,61,67,24,79,47,55"/><W16/><G116/><T76/><D134/><U29/><E71/><V109/><RYUUKYOKU type="yao9" ba="0,0" sc="508,0,192,0,189,0,111,0" hai2="0,42,44,49,59,68,70,106,109,112,118,121,124,130" /><INIT seed="3,1,0,0,2,89" ten="508,192,189,111" oya="3" hai0="70,19,79,128,130,106,50,2,103,105,107,120,71" hai1="94,122,132,42,88,113,58,40,34,115,72,26,112" hai2="20,101,118,1,119,67,46,108,18,81,3,12,33" hai3="37,55,87,8,4,63,52,54,21,93,29,100,15"/><W36/><G63/><T7/><D120/><U121/><E42/><V129/><F67/><W114/><G114/><T80/><D2/><U74/><E40/><V23/><F33/><W126/><G126/><T97/><D7/><U78/><E58/><V102/><F118/><W123/><G123/><N who="1" m="47114" /><E26/><V83/><F119/><W13/><G36/><T60/><D50/><U66/><E34/><V76/><F83/><W77/><G37/><T11/><D11/><U110/><E66/><V91/><F23/><W90/><G77/><T82/><D19/><U6/><E6/><V51/><F3/><W14/><G100/><T95/><D60/><U31/><E31/><V65/><F1/><W124/><G124/><T116/><D116/><U69/><E69/><V86/><F65/><W127/><G127/><T62/><D62/><U73/><E132/><V117/><F117/><W125/><G125/><T24/><D24/><AGARI ba="1,0" hai="4,8,13,14,15,21,24,29,52,54,55,87,90,93" machi="24" ten="40,7700,0" yaku="8,1,52,1,54,1" doraHai="89" who="3" fromWho="0" sc="508,-80,192,0,189,0,111,80" /><INIT seed="3,2,0,1,5,10" ten="428,192,189,191" oya="3" hai0="46,73,121,128,94,124,37,122,92,2,107,56,132" hai1="64,102,130,35,44,5,6,125,48,55,79,80,135" hai2="21,126,39,23,7,32,84,24,105,52,97,19,18" hai3="47,58,114,36,131,67,87,118,88,71,9,42,51"/><W14/><G118/><T50/><D73/><U57/><E35/><V0/><F39/><W78/><G114/><T25/><D107/><U119/><E125/><V129/><F32/><W40/><G131/><T112/><D124/><U41/><E135/><V96/><F126/><W90/><G71/><T31/><D128/><U116/><E130/><V123/><F129/><W45/><G67/><T100/><D132/><U74/><E102/><V62/><F123/><W61/><G61/><T38/><D112/><U16/><E64/><V69/><F84/><W65/><G58/><T8/><D122/><U108/><E108/><V33/><F33/><W89/><G65/><T103/><D121/><U30/><E30/><V98/><F105/><W15/><REACH who="3" step="1"/><G9/><REACH who="3" ten="428,192,189,181" step="2"/><T63/><D8/><U3/><E119/><V115/><F115/><W43/><G43/><T81/><D63/><U85/><E116/><V113/><F113/><W1/><G1/><T106/><D56/><U22/><E3/><V13/><F69/><W34/><G34/><T76/><D2/><U110/><E110/><V4/><F0/><W86/><G86/><T29/><D37/><U120/><E120/><V17/><F98/><W127/><G127/><T60/><D38/><U133/><E133/><V26/><F97/><W27/><G27/><T82/><D25/><N who="1" m="14535" /><E74/><V83/><F96/><W59/><G59/><T11/><D60/><AGARI ba="2,1" hai="5,6,41,44,48,55,57,60,79,80,85" m="14535" machi="60" ten="30,2000,0" yaku="8,1,54,1" doraHai="10" who="1" fromWho="0" sc="428,-26,192,36,189,0,181,0" /><INIT seed="4,0,0,2,1,119" ten="402,228,189,181" oya="0" hai0="25,103,72,24,93,129,83,56,22,130,36,128,3" hai1="124,64,23,79,49,26,13,134,51,33,105,2,71" hai2="106,52,46,21,108,43,20,47,69,17,107,68,90" hai3="123,35,14,78,74,82,7,54,31,127,80,66,86"/><T125/><D36/><U135/><E2/><V53/><F90/><W102/><G66/><T63/><D3/><U60/><E124/><V70/><F17/><W132/><G127/><T109/><D125/><U98/><E79/><V19/><F19/><W87/><G132/><T84/><D72/><U100/><E13/><V114/><F43/><W92/><G31/><N who="0" m="17815" /><D25/><U50/><REACH who="1" step="1"/><E23/><REACH who="1" ten="402,218,189,181" step="2"/><V95/><F108/><W9/><G78/><N who="0" m="46199" /><D109/><U61/><E61/><V97/><F21/><W5/><G14/><T48/><D63/><U120/><E120/><V40/><F20/><W6/><G123/><T41/><D41/><U73/><E73/><V59/><F40/><W133/><G74/><T121/><D121/><U85/><E85/><V115/><F97/><W122/><G122/><T15/><D15/><U111/><E111/><V94/><F70/><W42/><G42/><T38/><D38/><U67/><E67/><V16/><F16/><W0/><G0/><T55/><D103/><U45/><E45/><V58/><AGARI ba="0,1" hai="46,47,52,53,58,59,68,69,94,95,106,107,114,115" machi="58" ten="25,6400,0" yaku="0,1,22,2,54,1" doraHai="119" who="2" fromWho="2" sc="402,-32,218,-16,189,74,181,-16" /><INIT seed="5,0,0,1,5,63" ten="370,202,263,165" oya="1" hai0="104,36,73,14,24,103,94,37,72,71,3,118,1" hai1="70,19,102,76,112,52,130,79,81,123,125,119,75" hai2="5,57,84,109,65,62,56,97,69,10,77,58,110" hai3="107,114,80,78,86,43,30,59,120,42,90,93,83"/><U106/><E123/><V88/><F77/><W46/><G120/><T25/><D118/><U11/><E119/><V100/><F110/><W12/><G107/><T27/><D94/><U35/><E35/><V33/><F33/><W55/><G114/><T113/><D113/><U21/><E112/><V122/><F109/><W134/><G134/><T108/><D108/><U60/><E11/><V40/><F40/><W23/><G46/><T18/><D103/><U49/><E125/><V115/><F115/><W64/><G64/><T0/><D71/><U135/><E135/><V53/><F122/><W68/><G68/><T50/><D50/><U41/><E130/><V82/><F100/><W45/><G45/><T92/><D92/><U98/><E41/><V121/><F97/><W32/><G32/><T87/><D87/><U91/><E91/><V51/><F121/><W101/><G101/><T8/><REACH who="0" step="1"/><D104/><REACH who="0" ten="360,202,263,165" step="2"/><U39/><E39/><AGARI ba="0,1" hai="0,1,3,8,14,18,24,25,27,36,37,39,72,73" machi="39" ten="50,3200,0" yaku="1,1,2,1,53,0" doraHai="63" doraHaiUra="132" who="0" fromWho="1" sc="360,42,202,-32,263,0,165,0" /><INIT seed="6,0,0,2,2,75" ten="402,170,263,165" oya="2" hai0="49,71,39,92,133,36,20,45,50,77,38,51,108" hai1="24,106,58,95,10,129,70,47,115,52,99,128,134" hai2="107,105,97,110,13,117,78,118,69,37,2,73,59" hai3="74,41,4,114,3,48,33,102,11,40,18,19,93"/><V123/><F37/><W124/><G33/><T53/><D92/><U72/><E106/><V57/><F69/><W127/><G74/><T46/><D20/><U0/><E70/><V25/><F2/><W101/><G114/><T63/><D77/><U42/><E115/><V79/><F25/><W8/><G48/><N who="0" m="12291" /><T16/><DORA hai="56" /><D16/><N who="3" m="6185" /><G8/><T7/><D7/><U66/><E66/><V14/><F73/><W87/><G87/><T86/><D86/><U135/><E72/><V109/><REACH who="2" step="1"/><F97/><REACH who="2" ten="402,170,253,165" step="2"/><W126/><G102/><T119/><D119/><U61/><E24/><V85/><F85/><W94/><G101/><T32/><D36/><U131/><E0/><V35/><F35/><W5/><G3/><T132/><D32/><U17/><E47/><N who="0" m="17929" /><D71/><U34/><E34/><V111/><F111/><W120/><G126/><T43/><D108/><U44/><E44/><V27/><F27/><W84/><G127/><T104/><D38/><U100/><E42/><V9/><F9/><W62/><G11/><T29/><D43/><U90/><E100/><V30/><F30/><W54/><G84/><T15/><D29/><U55/><E10/><V81/><F81/><W113/><G124/><T67/><D39/><U22/><E17/><V76/><F76/><W91/><G40/><T103/><D103/><U121/><E22/><V12/><F12/><W60/><G41/><T1/><D15/><U96/><E96/><V65/><F65/><W23/><G23/><T88/><D1/><U112/><E112/><V26/><F26/><W125/><G125/><T116/><D67/><N who="1" m="39351" /><E121/><AGARI ba="0,1" hai="13,14,57,59,78,79,105,107,109,110,117,118,121,123" machi="121" ten="25,12000,1" yaku="1,1,22,2,52,2,53,0" doraHai="75,56" doraHaiUra="83,82" who="2" fromWho="1" sc="402,0,170,-120,253,130,165,0" /><INIT seed="6,1,0,3,0,33" ten="402,50,383,165" oya="2" hai0="41,32,134,88,14,92,20,58,135,67,107,40,126" hai1="98,101,114,74,100,132,9,59,119,108,124,5,121" hai2="34,129,78,69,102,76,21,128,89,60,62,44,115" hai3="23,85,28,70,10,29,122,39,94,7,48,15,52"/><V3/><F34/><W57/><G39/><T46/><D32/><U30/><E119/><V118/><F118/><W97/><G70/><T61/><D107/><U56/><E74/><V17/><F102/><W2/><G122/><T99/><D126/><U8/><E121/><V65/><F62/><W16/><G85/><T53/><D14/><U4/><E108/><V87/><F44/><W51/><G48/><T90/><D20/><U19/><E124/><V113/><F3/><W72/><G72/><T36/><D40/><U27/><E132/><N who="0" m="50729" /><D53/><U47/><E114/><N who="2" m="43531" /><F87/><W123/><G123/><T120/><D120/><U45/><E27/><N who="2" m="14767" /><F89/><AGARI ba="1,0" hai="2,7,10,15,16,23,28,29,51,52,57,89,94,97" machi="89" ten="30,7700,0" yaku="7,1,52,1,54,2" doraHai="33" who="3" fromWho="2" sc="402,0,50,0,383,-80,165,80" /><AGARI ba="1,0" hai="36,41,46,58,61,67,88,89,90,92,99" m="50729" machi="89" ten="30,2000,0" yaku="20,1,54,1" doraHai="33" who="0" fromWho="2" sc="402,20,50,0,303,-20,245,0" /><INIT seed="7,0,0,3,1,6" ten="422,50,283,245" oya="3" hai0="4,76,88,85,98,74,42,0,112,21,125,28,103" hai1="107,67,133,32,61,113,20,24,41,99,78,82,12" hai2="94,47,53,45,111,29,102,71,72,126,56,123,16" hai3="58,54,128,115,109,40,2,86,3,93,57,44,124"/><W87/><G115/><T60/><D112/><U65/><E113/><V95/><F71/><W23/><G124/><T110/><D125/><U26/><E133/><V114/><F72/><W80/><G128/><T25/><D110/><U13/><E41/><V5/><F111/><W108/><G108/><T131/><D131/><U77/><E107/><V105/><F126/><W62/><G109/><T8/><D42/><U127/><E127/><V11/><F114/><W106/><G106/><T43/><D43/><U51/><E32/><V39/><F29/><W134/><G134/><T59/><D74/><U68/><E68/><V7/><F105/><W91/><G58/><T49/><D76/><U66/><E20/><V50/><F39/><W70/><G23/><T84/><D49/><U89/><E51/><V83/><F83/><W79/><REACH who="3" step="1"/><G70/><REACH who="3" ten="422,50,283,235" step="2"/><T33/><D21/><U14/><E61/><N who="2" m="35983" /><F123/><W118/><G118/><T27/><D59/><U17/><E17/><V121/><F121/><W130/><G130/><T64/><D33/><U73/><E73/><V55/><F47/><W15/><G15/><T132/><D132/><U63/><E63/><V36/><F36/><AGARI ba="0,1" hai="2,3,36,40,44,54,57,62,79,80,86,87,91,93" machi="36" ten="30,5800,0" yaku="1,1,7,1,53,1" doraHai="6" doraHaiUra="37" who="3" fromWho="2" sc="422,0,50,0,283,-58,235,68" /><INIT seed="7,1,0,5,0,134" ten="422,50,225,303" oya="3" hai0="7,102,71,23,97,30,48,40,46,51,17,8,91" hai1="21,113,61,27,15,62,22,83,84,25,67,126,42" hai2="120,20,4,69,33,105,86,124,122,80,41,87,135" hai3="34,76,106,32,45,6,74,99,104,55,77,79,65"/><W101/><G74/><T5/><D71/><U24/><E84/><V123/><F33/><W60/><G106/><T85/><D30/><U53/><E83/><V130/><F69/><W43/><G55/><T47/><D8/><U93/><E93/><V12/><F105/><W127/><G127/><T90/><D102/><U107/><E107/><V92/><F135/><W88/><G88/><N who="0" m="33835" /><D97/><U100/><E100/><V82/><F130/><W132/><G6/><N who="0" m="2059" /><D85/><U116/><E116/><V89/><F41/><W94/><G104/><T111/><D111/><U11/><E42/><V78/><F4/><W110/><G110/><T31/><D31/><U68/><E68/><V70/><F20/><W115/><G115/><T37/><D37/><U35/><E35/><V66/><F70/><W49/><REACH who="3" step="1"/><G132/><REACH who="3" ten="422,50,225,293" step="2"/><T10/><D40/><U50/><E113/><V117/><F66/><W133/><G133/><T3/><D3/><U44/><E67/><V1/><F1/><W131/><G131/><T59/><D10/><U19/><E126/><V98/><F117/><W73/><G73/><T72/><D72/><U75/><E75/><V52/><F124/><W121/><G121/><N who="2" m="30977" /><V112/><DORA hai="128" /><F112/><W2/><G2/><T108/><D108/><U29/><E11/><V56/><F52/><W54/><G54/><T81/><D23/><U119/><E119/><V63/><F78/><W36/><G36/><T14/><D48/><U95/><E95/><V96/><F92/><W64/><G64/><T0/><D51/><U39/><E39/><V9/><F80/><W28/><G28/><T57/><D0/><RYUUKYOKU ba="1,1" sc="422,-15,50,15,225,-15,293,15" hai1="15,19,21,22,24,25,27,29,44,50,53,61,62" hai3="32,34,43,45,49,60,65,76,77,79,94,99,101" /><INIT seed="7,2,1,5,0,60" ten="407,65,210,308" oya="3" hai0="88,42,11,70,19,86,51,126,67,14,69,39,107" hai1="84,13,64,50,103,49,15,72,83,110,46,82,79" hai2="2,91,61,101,90,74,9,93,73,25,106,40,29" hai3="122,21,0,114,97,26,24,30,129,99,131,78,94"/><W135/><G122/><T132/><D107/><U65/><E110/><V120/><F106/><W119/><G119/><T31/><D132/><U57/><E103/><V130/><F40/><W102/><G135/><T98/><D39/><U76/><E57/><V36/><F36/><W4/><G114/><T59/><D126/><U10/><E72/><V41/><F41/><W33/><G78/><T3/><D3/><U116/><E116/><V5/><F101/><W124/><G124/><T8/><D98/><U55/><E50/><V12/><F2/><W123/><G123/><T85/><D31/><U18/><E79/><V63/><F120/><W32/><G99/><T1/><D1/><U58/><E83/><V127/><F127/><W108/><G108/><T44/><D70/><U68/><E68/><V54/><F130/><N who="3" m="49675" /><G24/><T113/><D113/><U56/><E56/><V47/><F74/><W16/><G30/><T38/><D38/><U87/><E58/><V104/><F73/><W20/><G20/><N who="0" m="11383" /><D69/><U81/><REACH who="1" step="1"/><E13/><REACH who="1" ten="407,55,210,308" step="2"/><V6/><F12/><W35/><G35/><T128/><D128/><U133/><E133/><V117/><F117/><W89/><G102/><T71/><D71/><U22/><E22/><V111/><F111/><W134/><G134/><T37/><D59/><U118/><E118/><V95/><F63/><W77/><G77/><T34/><D34/><U125/><E125/><V17/><F61/><W53/><G53/><T27/><D51/><U62/><E62/><V43/><F54/><W121/><G121/><T115/><D115/><U80/><E80/><V105/><F47/><RYUUKYOKU ba="2,2" sc="407,-15,55,15,210,-15,308,15" hai1="10,15,18,46,49,55,64,65,76,81,82,84,87" hai3="0,4,16,21,26,32,33,89,94,97" /><INIT seed="7,3,2,2,5,116" ten="392,70,195,323" oya="3" hai0="19,14,124,35,45,82,101,56,84,134,20,28,37" hai1="68,80,86,43,99,132,54,120,126,75,48,119,29" hai2="44,25,38,49,11,66,76,30,122,31,87,4,8" hai3="60,89,62,85,125,40,46,129,70,36,69,111,41"/><W81/><G125/><T5/><D101/><U64/><E75/><V59/><F38/><W53/><G111/><T106/><D124/><U16/><E126/><V135/><F30/><W117/><G117/><T88/><D106/><U83/><E119/><V1/><F11/><W98/><G129/><T15/><D134/><U90/><E132/><V96/><F135/><W127/><G127/><T100/><D100/><U131/><E131/><V74/><F74/><W92/><G40/><T103/><D103/><U52/><E64/><V32/><F96/><W61/><REACH who="3" step="1"/><G53/><REACH who="3" ten="392,70,195,313" step="2"/><T42/><D35/><U130/><E130/><V91/><F32/><W79/><AGARI ba="3,3" hai="36,41,46,60,61,62,69,70,79,81,85,89,92,98" machi="79" ten="30,11700,0" yaku="1,1,2,1,0,1,53,1" doraHai="116" doraHaiUra="95" who="3" fromWho="3" sc="392,-42,70,-42,195,-42,313,156" owari="350,15.0,28,-47.0,153,-25.0,469,57.0" /></mjloggm>