<mjloggm ver="2.3"><GO type="97" lobby="0"/><UN n0="%E9%9B%A8" n1="%E3%82%A6%E3%83%AB%E3%83%88%E3%83%A9%E7%AB%8B%E7%9B%B4" n2="%E3%81%A6%E3%81%A3%E3%81%8B%E3%82%93" n3="%E2%80%A0%E9%B4%89%E2%80%A0" dan="14,15,14,14" rate="1937.85,1940.84,1923.00,1836.06" sx="M,M,M,M"/><TAIKYOKU oya="0"/><INIT seed="0,0,0,1,1,89" ten="250,250,250,250" oya="0" hai0="101,128,118,73,82,126,109,60,4,43,24,33,99" hai1="57,102,67,62,122,135,124,49,83,107,111,26,25" hai2="87,85,103,2,108,35,41,117,50,38,69,37,58" hai3="53,48,52,64,56,79,97,28,11,91,42,29,16"/><T45/><D118/><U40/><E122/><V6/><F35/><W9/><G79/><T120/><D120/><U70/><E111/><V8/><F69/><W74/><G74/><T19/><D109/><U90/><E124/><V116/><F108/><W32/><G42/><T46/><D46/><U10/><E135/><V72/><F72/><W66/><G32/><T17/><D126/><U131/><E131/><V65/><F103/><W44/><G11/><T13/><D128/><U34/><E10/><V129/><F129/><W92/><G66/><T31/><D4/><U127/><E127/><V76/><F65/><W18/><G64/><T54/><D13/><U100/><E107/><V20/><F20/><W98/><G98/><T15/><D15/><U106/><E106/><V51/><F41/><W94/><G9/><T104/><D54/><U39/><E34/><V0/><F58/><W47/><G91/><T125/><D125/><U78/><E90/><V36/><F8/><W75/><G75/><T123/><D123/><U114/><E114/><V110/><F110/><W22/><G97/><T7/><D7/><U95/><E39/><V80/><F6/><W30/><G30/><T61/><D82/><U133/><E133/><V115/><F115/><W132/><G132/><T21/><D73/><U55/><E40/><V68/><F68/><W130/><G56/><T63/><REACH who="0" step="1"/><D33/><REACH who="0" ten="240,250,250,250" step="2"/><U121/><E121/><V105/><F80/><W3/><G130/><T113/><D113/><U93/><E83/><V12/><F12/><W134/><G134/><T86/><D86/><U59/><E55/><RYUUKYOKU ba="0,1" sc="240,30,250,-10,250,-10,250,-10" hai0="17,19,21,24,31,43,45,60,61,63,99,101,104" /><INIT seed="0,1,1,2,4,61" ten="270,240,240,240" oya="0" hai0="106,24,69,35,83,70,67,135,47,28,54,15,1" hai1="94,33,124,100,103,12,132,49,34,93,0,39,11" hai2="96,5,58,118,8,123,116,22,26,63,131,79,2" hai3="62,16,87,128,117,3,99,114,102,133,29,71,73"/><T126/><D106/><U77/><E39/><V19/><F123/><W110/><G29/><T13/><D1/><U85/><E0/><V121/><F121/><W23/><G87/><T98/><D70/><U30/><E34/><V56/><F131/><W72/><G62/><T57/><D47/><U120/><E33/><V84/><F96/><W104/><G23/><T129/><D129/><U17/><E30/><V88/><F79/><W127/><G16/><T91/><D126/><U25/><E25/><V21/><F22/><W119/><G99/><T36/><D36/><U20/><E124/><V10/><F10/><W75/><G102/><N who="1" m="38954" /><E132/><V64/><REACH who="2" step="1"/><F56/><REACH who="2" ten="270,240,230,240" step="2"/><W42/><G119/><T53/><D98/><U101/><N who="1" m="38962" /><U112/><DORA hai="4" /><E120/><V50/><F50/><W95/><G117/><T38/><D38/><U122/><E122/><V41/><F41/><W107/><G42/><T111/><D35/><U109/><E112/><V32/><F32/><W40/><G40/><T43/><D43/><U86/><E49/><V65/><F65/><W81/><G128/><T90/><D67/><U125/><E125/><V74/><F74/><W89/><G114/><T55/><D135/><U130/><E130/><V59/><F59/><W45/><G127/><T78/><D57/><U108/><E20/><V92/><AGARI ba="1,2" hai="2,5,8,19,21,26,58,63,64,84,88,92,116,118" machi="92" ten="30,12000,2" yaku="1,1,0,1,52,2,54,1,53,2" doraHai="61,4" doraHaiUra="6,80" who="2" fromWho="2" sc="270,-61,240,-31,230,143,240,-31" /><INIT seed="1,0,0,0,2,105" ten="209,209,373,209" oya="1" hai0="15,99,42,5,62,84,56,10,130,104,85,13,86" hai1="96,123,50,60,93,52,89,0,63,125,75,54,101" hai2="58,121,45,95,77,12,133,120,72,26,134,117,115" hai3="132,32,21,28,80,119,111,91,124,30,112,69,14"/><U98/><E0/><V6/><F117/><W19/><G69/><T71/><D130/><U61/><E123/><V128/><F128/><W47/><G119/><T79/><D71/><U9/><E125/><V38/><F115/><W4/><G124/><T114/><D114/><U20/><E9/><V48/><F26/><W94/><G112/><T17/><D42/><U29/><E75/><V36/><F58/><W55/><G132/><N who="2" m="50793" /><F95/><W118/><G118/><T126/><D126/><U44/><E29/><V74/><F6/><W83/><G111/><T135/><D135/><U35/><E35/><V110/><F12/><W122/><G122/><N who="2" m="47209" /><F110/><W51/><G32/><T25/><D25/><U39/><E20/><V82/><F74/><W33/><G4/><T41/><D104/><U3/><E3/><V11/><F11/><W64/><G64/><N who="0" m="38983" /><D99/><U23/><E23/><V116/><F116/><W1/><G1/><T127/><D127/><U73/><E73/><V43/><AGARI ba="0,0" hai="36,38,43,45,48,72,77,82" m="47209,50793" machi="43" ten="30,2000,0" yaku="20,1,52,1" doraHai="105" who="2" fromWho="2" sc="209,-5,209,-10,373,20,209,-5" /><INIT seed="2,0,0,0,2,100" ten="204,199,393,204" oya="2" hai0="95,129,21,124,54,33,91,25,73,112,8,2,9" hai1="113,76,110,43,67,96,135,4,93,128,46,134,125" hai2="11,77,63,36,27,26,52,30,51,74,79,86,118" hai3="109,133,94,32,70,16,105,87,56,114,69,106,78"/><V99/><F118/><W127/><G32/><T3/><D112/><U41/><E113/><V38/><F74/><W10/><G114/><T83/><D33/><U132/><E125/><V90/><F11/><W82/><G56/><T68/><D68/><U104/><E110/><V122/><F122/><W66/><G109/><T14/><D124/><U42/><E128/><V49/><F99/><W45/><G127/><T55/><D129/><U123/><E123/><V71/><F27/><W111/><G111/><T0/><D73/><U117/><E117/><V88/><F90/><W81/><G45/><T48/><D83/><U12/><E104/><V17/><F17/><W19/><G133/><T102/><D102/><N who="1" m="60687" /><E67/><V103/><F103/><W89/><G66/><T62/><D62/><U65/><E65/><V1/><F1/><W39/><G39/><T97/><D14/><U58/><E58/><V34/><F51/><W47/><G47/><T20/><D55/><U37/><E76/><V57/><F71/><W24/><G82/><T29/><REACH who="0" step="1"/><D21/><REACH who="0" ten="194,199,393,204" step="2"/><U98/><E98/><V15/><F15/><W115/><G115/><T44/><AGARI ba="0,1" hai="0,2,3,8,9,20,25,29,44,48,54,91,95,97" machi="44" ten="30,7900,0" yaku="1,1,2,1,0,1,53,1" doraHai="100" doraHaiUra="23" who="0" fromWho="0" sc="194,89,199,-20,393,-39,204,-20" /><INIT seed="3,0,0,4,2,74" ten="283,179,354,184" oya="3" hai0="77,15,39,96,9,92,56,79,19,54,13,14,71" hai1="52,27,12,114,131,91,81,17,59,134,40,36,113" hai2="33,118,103,21,58,10,29,132,119,23,123,18,102" hai3="94,127,120,117,133,55,34,99,24,2,82,43,66"/><W38/><G117/><T75/><D39/><U37/><E27/><V20/><F58/><W122/><G120/><T84/><D75/><U42/><E91/><V112/><F103/><W135/><G122/><T41/><D41/><N who="1" m="15979" /><E81/><V105/><F102/><W63/><G2/><T3/><D71/><U93/><E93/><V61/><F61/><W49/><G127/><T46/><D46/><U22/><E37/><V48/><F48/><W126/><G126/><T30/><D30/><U104/><E104/><V76/><F76/><N who="0" m="29258" /><D84/><U111/><E36/><V73/><F105/><W116/><G82/><T89/><D3/><U109/><E131/><V88/><F73/><W0/><G0/><T130/><D130/><U50/><E134/><V67/><F88/><N who="3" m="55751" /><G116/><T80/><D80/><U6/><E6/><V32/><F123/><W70/><G24/><T57/><D57/><U100/><E100/><V101/><F101/><W95/><G34/><T90/><D89/><U53/><E114/><V98/><F112/><W7/><G7/><T51/><AGARI ba="0,0" hai="9,13,14,15,19,51,54,56,90,92,96" m="29258" machi="51" ten="30,7900,0" yaku="8,1,52,3" doraHai="74" who="0" fromWho="0" sc="283,79,179,-20,354,-20,184,-39" owari="362,46.0,159,-24.0,334,13.0,145,-35.0" /></mjloggm>