<mjloggm ver="2.3"><GO type="97" lobby="0"/><UN n0="%E3%82%A6%E3%83%AB%E3%83%88%E3%83%A9%E7%AB%8B%E7%9B%B4" n1="%E3%83%81%E3%83%A3%E3%83%94%E3%82%AA" n2="%41%45%47%49%53" n3="%E3%81%B5%E3%82%89%E3%81%A3%E3%81%97%E3%82%85" dan="15,13,14,15" rate="1988.31,1898.29,1941.87,2021.19" sx="M,M,M,M"/><TAIKYOKU oya="0"/><INIT seed="0,0,0,4,3,90" ten="250,250,250,250" oya="0" hai0="75,28,67,8,70,12,84,133,122,73,76,9,47" hai1="98,20,111,60,61,71,106,19,1,83,91,46,81" hai2="102,40,36,128,86,39,134,120,59,118,42,69,105" hai3="45,0,97,53,7,100,57,117,66,21,5,123,58"/><T44/><D122/><U25/><E1/><V52/><F105/><W4/><G117/><T22/><D133/><U96/><E71/><V65/><F102/><W115/><G115/><T35/><D35/><U2/><E2/><V130/><F86/><W26/><G123/><T54/><D75/><U56/><E111/><V92/><F120/><W27/><G0/><T82/><D73/><U41/><E106/><V33/><F33/><W51/><G66/><T74/><D74/><U114/><E60/><N who="2" m="40103" /><F92/><N who="3" m="58407" /><G27/><N who="0" m="16503" /><D67/><U110/><E114/><V107/><F107/><W49/><G51/><N who="0" m="29031" /><D70/><U108/><E110/><V32/><F32/><W112/><G112/><T77/><D47/><U10/><E108/><V79/><F79/><N who="0" m="30282" /><D12/><U95/><E98/><V103/><F103/><W6/><N who="3" m="1536" /><DORA hai="48" /><W131/><G131/><N who="2" m="50217" /><F134/><W88/><G88/><AGARI ba="0,0" hai="8,9,82,84,88" m="30282,29031,16503" machi="88" ten="30,5800,0" yaku="8,1,52,1,54,1" doraHai="90,48" who="0" fromWho="3" sc="250,58,250,0,250,0,250,-58" /><INIT seed="0,1,0,5,5,119" ten="308,250,250,192" oya="0" hai0="27,19,33,9,80,5,102,121,61,30,95,16,73" hai1="81,111,79,86,31,113,105,25,14,60,132,20,62" hai2="2,41,115,53,87,40,11,45,120,47,12,21,0" hai3="99,101,123,72,98,135,65,134,22,4,116,38,28"/><T127/><D127/><U89/><E105/><V68/><F115/><W131/><G116/><T67/><D121/><U92/><E132/><N who="3" m="50730" /><G38/><T46/><D46/><U29/><E111/><V70/><F120/><W114/><G123/><T84/><D73/><U74/><E113/><V39/><F53/><W43/><G114/><T124/><D124/><U32/><E32/><V42/><F21/><W6/><G43/><T18/><D95/><U110/><E29/><V51/><F41/><W76/><G131/><T64/><D102/><U37/><E110/><V15/><F87/><W93/><G65/><T56/><D67/><U97/><E37/><V34/><F34/><W58/><G58/><T130/><D130/><U59/><E14/><V57/><F57/><W63/><G63/><T3/><REACH who="0" step="1"/><D19/><REACH who="0" ten="298,250,250,192" step="2"/><U85/><REACH who="1" step="1"/><E60/><REACH who="1" ten="298,240,250,192" step="2"/><V69/><F47/><W100/><G28/><T54/><D54/><AGARI ba="1,2" hai="20,25,31,54,59,62,74,79,81,85,86,89,92,97" machi="54" ten="30,3900,0" yaku="1,1,2,1,7,1,53,0" doraHai="119" doraHaiUra="129" who="1" fromWho="0" sc="298,-42,240,62,250,0,192,0" /><INIT seed="1,0,0,4,4,93" ten="256,302,250,192" oya="1" hai0="16,29,48,135,8,19,51,55,58,49,89,15,98" hai1="2,54,82,69,121,81,111,92,31,33,133,37,134" hai2="0,119,11,77,23,115,90,130,80,65,63,97,71" hai3="103,76,18,60,67,56,35,100,26,12,83,64,42"/><U61/><E37/><V53/><F119/><W7/><G42/><T99/><D135/><N who="1" m="51723" /><E2/><V32/><F32/><W91/><G91/><T132/><D132/><U57/><E33/><V38/><F38/><W118/><G118/><T102/><D29/><U107/><E69/><V123/><F123/><W86/><G67/><T87/><D19/><U62/><E107/><V3/><F130/><W95/><G95/><N who="0" m="54719" /><D102/><U96/><E121/><V30/><F115/><W70/><G70/><T14/><D14/><U5/><E111/><V24/><F11/><W73/><G73/><T41/><D41/><U78/><E5/><V74/><REACH who="2" step="1"/><F53/><REACH who="2" ten="256,302,240,192" step="2"/><W101/><G35/><T79/><D79/><U25/><E62/><AGARI ba="0,1" hai="8,15,16,48,49,51,55,58,62,98,99" m="54719" machi="62" ten="30,7700,0" yaku="8,1,52,2,54,1" doraHai="93" who="0" fromWho="1" sc="256,87,302,-77,240,0,192,0" /><INIT seed="2,0,0,4,4,68" ten="343,225,240,192" oya="2" hai0="123,124,0,106,93,36,51,13,126,16,25,4,57" hai1="133,18,78,19,121,55,77,131,95,52,108,41,24" hai2="40,65,44,101,118,94,132,61,29,103,64,30,81" hai3="48,47,32,75,89,72,21,76,63,2,128,17,114"/><V46/><F118/><W6/><G32/><T14/><D106/><U50/><E121/><V5/><F132/><W104/><G128/><T28/><D36/><U87/><E133/><V59/><F5/><W1/><G114/><T23/><D93/><U70/><E131/><V7/><F7/><W42/><G104/><T102/><D102/><N who="2" m="38922" /><F94/><W122/><G122/><T98/><D98/><U80/><E70/><V91/><F91/><W113/><G113/><T116/><D123/><U107/><E108/><V79/><F79/><W90/><G63/><T58/><D116/><U56/><E107/><V111/><F81/><W84/><G89/><T53/><D57/><U73/><E73/><V86/><F86/><W31/><G31/><N who="2" m="11785" /><F111/><W12/><G76/><T26/><D0/><U82/><E41/><V45/><F40/><W74/><REACH who="3" step="1"/><G6/><REACH who="3" ten="343,225,240,182" step="2"/><T9/><D4/><U67/><E95/><AGARI ba="0,1" hai="1,2,12,17,21,42,47,48,72,74,75,84,90,95" machi="95" ten="40,2600,0" yaku="1,1,2,1,53,0" doraHai="68" doraHaiUra="135" who="3" fromWho="1" sc="343,0,225,-26,240,0,182,36" /><INIT seed="3,0,0,0,3,89" ten="343,199,240,218" oya="3" hai0="94,67,102,73,111,20,87,130,83,35,103,82,109" hai1="28,38,16,108,117,120,46,84,11,92,62,3,98" hai2="106,10,59,6,114,88,44,41,119,101,77,50,69" hai3="81,51,1,99,132,121,13,115,18,14,12,126,29"/><W42/><G115/><T9/><D35/><U71/><E117/><V54/><F114/><W37/><G121/><T112/><D112/><U76/><E108/><V47/><F119/><W32/><G1/><T57/><D130/><U93/><E120/><V113/><F113/><W96/><G126/><T19/><D9/><U49/><E3/><V30/><F69/><W65/><G132/><T61/><D73/><U66/><E38/><V79/><F30/><W85/><G37/><T128/><D128/><U63/><E28/><V97/><F47/><N who="3" m="26103" /><G32/><T75/><D75/><U26/><E62/><V116/><F116/><W8/><G29/><T118/><D118/><U127/><E127/><V25/><F25/><W56/><G8/><T21/><D20/><U86/><E76/><V104/><F104/><W0/><G0/><T135/><D135/><U134/><E134/><V133/><F133/><W95/><G18/><T36/><D36/><U129/><E129/><V122/><F122/><W131/><G131/><T53/><D67/><U45/><E45/><V72/><F72/><W74/><G74/><T107/><D107/><U24/><E98/><V2/><F88/><N who="3" m="53647" /><G81/><N who="0" m="30731" /><D109/><U64/><E71/><V68/><F68/><W33/><G33/><T52/><D111/><U125/><E125/><V48/><AGARI ba="0,0" hai="2,6,10,41,44,48,50,54,59,77,79,97,101,106" machi="48" ten="20,1500,0" yaku="0,1,7,1" doraHai="89" who="2" fromWho="2" sc="343,-4,199,-4,240,15,218,-7" owari="339,43.0,195,-30.0,255,6.0,211,-19.0" /></mjloggm>