<mjloggm ver="2.3"><GO type="97" lobby="0"/><UN n0="%E3%81%A1%E3%81%9F%E3%82%8A%E3%82%93%EF%BC%81" n1="%E3%83%A9%E3%83%B3%E3%83%90" n2="%6E%2D%73%79%75%6E" n3="%E3%82%A6%E3%83%AB%E3%83%88%E3%83%A9%E7%AB%8B%E7%9B%B4" dan="14,13,14,15" rate="1947.46,1898.15,1846.66,1999.82" sx="F,M,M,M"/><TAIKYOKU oya="0"/><INIT seed="0,0,0,4,3,66" ten="250,250,250,250" oya="0" hai0="72,0,23,43,31,13,123,29,89,41,90,132,36" hai1="115,109,44,133,55,15,111,76,39,12,113,124,99" hai2="81,106,68,92,100,94,8,20,69,57,24,80,97" hai3="60,53,46,3,17,32,119,129,75,33,95,121,114"/><T83/><D123/><U131/><E76/><V6/><F57/><N who="3" m="34863" /><G3/><T58/><D0/><U128/><E99/><V28/><F81/><W77/><G77/><T120/><D120/><U125/><E15/><V67/><F80/><W108/><G75/><T88/><D132/><U98/><E98/><V127/><F127/><N who="1" m="48713" /><E12/><V10/><F67/><W49/><G129/><N who="1" m="49738" /><E133/><V102/><F106/><W59/><G32/><T50/><D72/><U84/><E84/><V52/><F52/><N who="3" m="29751" /><G33/><T40/><D36/><U63/><E63/><V101/><F97/><W61/><G121/><T62/><D83/><U9/><E9/><V2/><REACH who="2" step="1"/><F8/><REACH who="2" ten="250,250,240,250" step="2"/><W19/><G114/><N who="1" m="43530" /><E55/><V126/><F126/><W4/><G95/><AGARI ba="0,1" hai="2,6,10,20,24,28,68,69,92,94,95,100,101,102" machi="95" ten="40,5200,0" yaku="1,1,52,2,53,0" doraHai="66" doraHaiUra="11" who="2" fromWho="3" sc="250,0,250,0,240,62,250,-52" /><INIT seed="1,0,0,4,2,72" ten="250,250,302,198" oya="1" hai0="5,117,84,81,112,57,71,38,39,135,119,17,86" hai1="61,11,13,124,54,55,30,6,100,18,31,29,10" hai2="7,49,27,21,33,73,51,105,23,109,83,78,34" hai3="98,96,41,65,85,82,106,63,15,116,97,132,60"/><U127/><E100/><V32/><F105/><W25/><G116/><T130/><D71/><U87/><E87/><V95/><F109/><W89/><G132/><T108/><D112/><U77/><E77/><V88/><F7/><W114/><G114/><T91/><D5/><U75/><E75/><V22/><REACH who="2" step="1"/><F27/><REACH who="2" ten="250,250,292,198" step="2"/><W47/><G106/><T80/><D135/><U121/><E121/><V90/><F90/><W68/><G25/><T66/><D119/><U19/><E61/><V28/><F28/><W43/><G15/><T70/><D108/><U35/><E35/><V42/><F42/><W113/><G113/><T128/><D117/><U104/><E104/><V74/><F74/><W92/><G63/><T94/><D128/><U129/><E129/><V44/><F44/><W4/><G4/><T3/><D130/><U64/><E64/><V62/><F62/><W24/><G24/><T53/><D3/><N who="1" m="351" /><E55/><V2/><F2/><W133/><G133/><T125/><D66/><U122/><E54/><V123/><F123/><W56/><G68/><T107/><D70/><U118/><E122/><V99/><AGARI ba="0,1" hai="21,22,23,32,33,34,49,51,73,78,83,88,95,99" machi="99" ten="40,8000,1" yaku="1,1,0,1,52,1,54,1,53,0" doraHai="72" doraHaiUra="37" who="2" fromWho="2" sc="250,-20,250,-40,292,90,198,-20" /><INIT seed="2,0,0,4,3,101" ten="230,210,382,178" oya="2" hai0="85,73,130,81,72,7,57,47,41,105,120,64,92" hai1="34,68,15,122,59,17,99,37,33,93,28,61,43" hai2="132,100,70,127,79,112,36,13,89,110,25,69,121" hai3="97,71,14,48,135,35,91,45,12,3,53,29,87"/><V56/><F112/><W103/><G71/><T124/><D120/><U102/><E122/><V42/><F121/><W26/><G3/><T49/><D124/><U30/><E68/><V6/><F79/><W67/><G67/><T31/><D130/><U55/><E34/><V62/><F100/><W4/><G4/><T19/><D105/><U46/><REACH who="1" step="1"/><E33/><REACH who="1" ten="230,200,382,178" step="2"/><V106/><F70/><W11/><G135/><T129/><D129/><U118/><E118/><V117/><F69/><W5/><G14/><T77/><D92/><U134/><E134/><V10/><F117/><W90/><REACH who="3" step="1"/><G87/><REACH who="3" ten="230,200,382,168" step="2"/><T23/><D73/><U20/><AGARI ba="0,2" hai="15,17,20,28,30,37,43,46,55,59,61,93,99,102" machi="20" ten="20,2700,0" yaku="1,1,0,1,7,1,53,0" doraHai="101" doraHaiUra="123" who="1" fromWho="1" sc="230,-7,200,47,382,-13,168,-7" /><INIT seed="3,0,0,2,4,95" ten="223,247,369,161" oya="3" hai0="90,48,85,99,118,71,5,111,28,25,49,79,110" hai1="39,6,133,14,86,76,127,105,65,15,124,20,33" hai2="115,104,34,107,41,73,68,81,62,59,130,88,113" hai3="29,119,103,83,47,92,122,74,24,98,108,67,27"/><W77/><G122/><T126/><D71/><U50/><E105/><V37/><F34/><W116/><G108/><N who="0" m="41515" /><D118/><U3/><E39/><V54/><F68/><W21/><G47/><T94/><D5/><U114/><E114/><V75/><F130/><W7/><G7/><T18/><D18/><U2/><E33/><V97/><F104/><W16/><REACH who="3" step="1"/><G67/><REACH who="3" ten="223,247,369,151" step="2"/><T101/><D126/><U46/><E65/><V117/><F113/><W1/><G1/><T26/><D79/><U8/><E3/><V132/><F115/><W120/><G120/><T102/><D101/><U125/><E133/><V9/><F132/><W63/><G63/><T43/><D43/><U53/><E2/><V12/><F117/><W35/><AGARI ba="0,1" hai="16,21,24,27,29,35,74,77,83,92,98,103,116,119" machi="35" ten="20,18000,2" yaku="1,1,0,1,7,1,52,1,54,1,53,2" doraHai="95" doraHaiUra="23" who="3" fromWho="3" sc="223,-60,247,-60,369,-60,151,190" owari="163,-34.0,187,-21.0,309,11.0,341,44.0" /></mjloggm>