<mjloggm ver="2.3"><GO type="97" lobby="0"/><UN n0="%E3%82%AD%E3%82%A4%E3%83%AD%E3%83%8E%E3%83%88%E3%83%AA" n1="%54%41%44" n2="%E3%82%A6%E3%83%AB%E3%83%88%E3%83%A9%E7%AB%8B%E7%9B%B4" n3="%E6%9C%88%E3%81%AE%E6%B0%91" dan="14,15,15,14" rate="1904.75,1996.44,1994.34,1876.52" sx="F,M,M,M"/><TAIKYOKU oya="0"/><INIT seed="0,0,0,5,3,12" ten="250,250,250,250" oya="0" hai0="46,93,109,1,30,83,68,125,75,134,64,22,25" hai1="65,58,32,79,127,74,88,40,52,105,26,14,33" hai2="108,62,45,34,114,28,111,101,126,49,4,43,131" hai3="17,135,50,77,16,38,90,98,9,11,31,94,61"/><T92/><D134/><U121/><E105/><V2/><F114/><W66/><G38/><T35/><D125/><U133/><E121/><V91/><F126/><W78/><G135/><T67/><D1/><U86/><E133/><V132/><F132/><W39/><G39/><T18/><D109/><N who="2" m="42058" /><F101/><W6/><G31/><T123/><D123/><U103/><E127/><V87/><F131/><W117/><G117/><T84/><D75/><U5/><E40/><V118/><F118/><W7/><G50/><T130/><D130/><U81/><E65/><V0/><F4/><N who="3" m="1579" /><G61/><T124/><D124/><U99/><E5/><V70/><F28/><W57/><G57/><T129/><D129/><U41/><E41/><V23/><F34/><W48/><G48/><T27/><D46/><U55/><E26/><V128/><F128/><W73/><G66/><T15/><D15/><U37/><E37/><V113/><F113/><W104/><G104/><T96/><D68/><U21/><E55/><V110/><F110/><W36/><G36/><T13/><D13/><U69/><E69/><V76/><F62/><W42/><G42/><T20/><D35/><U56/><E56/><V100/><F70/><W115/><G115/><T106/><D106/><U71/><E71/><V24/><F45/><W119/><G119/><T112/><D112/><U107/><E14/><V47/><F47/><W29/><G29/><T82/><D82/><U89/><E89/><V51/><F91/><W44/><G44/><T120/><D120/><U10/><E10/><N who="3" m="3594" /><G73/><T95/><D96/><U19/><E74/><V80/><F0/><RYUUKYOKU ba="0,0" sc="250,15,250,-15,250,-15,250,15" hai0="18,20,22,25,27,30,64,67,83,84,92,93,95" hai3="16,17,77,78,90,94,98" /><INIT seed="0,1,0,2,4,61" ten="265,235,235,265" oya="0" hai0="11,54,10,9,36,37,102,31,109,53,118,12,83" hai1="16,112,96,125,69,100,41,78,18,56,45,15,119" hai2="13,135,105,82,0,131,123,8,114,101,111,129,4" hai3="60,43,66,127,46,86,92,3,28,85,104,34,14"/><T17/><D118/><U117/><E69/><V120/><F101/><W63/><G104/><T27/><D109/><U124/><E78/><V38/><F105/><W84/><G3/><T99/><D83/><U48/><E56/><V74/><F38/><W33/><G127/><N who="1" m="48714" /><E112/><V91/><F91/><W115/><G115/><T67/><D67/><U6/><E6/><V44/><F44/><W116/><G116/><N who="1" m="44618" /><E15/><V42/><F82/><W107/><G14/><T40/><D40/><U55/><E41/><V52/><F42/><W23/><G43/><T88/><D37/><U70/><E70/><V79/><F52/><N who="0" m="20074" /><D36/><U128/><E128/><N who="2" m="49227" /><F79/><W130/><G46/><T62/><D62/><U64/><E64/><V57/><F57/><W134/><G63/><T93/><D102/><U21/><E21/><AGARI ba="1,0" hai="9,10,11,12,17,21,27,31,88,93,99" m="20074" machi="21" ten="30,5800,0" yaku="8,1,54,2" doraHai="61" who="0" fromWho="1" sc="265,61,235,-61,235,0,265,0" /><INIT seed="0,2,0,1,2,118" ten="326,174,235,265" oya="0" hai0="14,7,72,108,23,100,62,27,60,47,52,81,86" hai1="9,66,94,75,119,110,49,129,78,123,109,70,91" hai2="18,42,79,73,106,122,82,115,87,80,1,29,34" hai3="130,84,77,105,55,43,33,8,102,68,116,2,26"/><T85/><D72/><U44/><E119/><V96/><F1/><W51/><G116/><T3/><D3/><U40/><E75/><V114/><F29/><W131/><G68/><T104/><D104/><U17/><E78/><N who="2" m="44111" /><F18/><W125/><G43/><T39/><D39/><U54/><E129/><V0/><F42/><W15/><G2/><T128/><D128/><N who="3" m="49193" /><G125/><T124/><D124/><U103/><E103/><N who="2" m="62823" /><F34/><W22/><G33/><T65/><D100/><U76/><E76/><V11/><F11/><W99/><G77/><T93/><D108/><N who="1" m="41579" /><E70/><V53/><F53/><W95/><G22/><T12/><D65/><U112/><E66/><V113/><F0/><W63/><G63/><N who="0" m="24107" /><D7/><U90/><E112/><V69/><F69/><W117/><G117/><T31/><D93/><U120/><E120/><AGARI ba="2,0" hai="79,82,87,113,114,115,120,122" m="62823,44111" machi="120" ten="30,7700,0" yaku="34,2,52,2" doraHai="118" who="2" fromWho="1" sc="326,0,174,-83,235,83,265,0" /><INIT seed="1,0,0,4,2,70" ten="326,91,318,265" oya="1" hai0="65,22,3,64,56,109,95,99,80,96,44,77,35" hai1="34,127,124,78,100,122,31,68,42,17,91,61,60" hai2="0,133,130,83,16,93,40,114,14,27,53,85,73" hai3="38,119,9,118,126,4,76,57,105,48,82,66,79"/><U92/><E122/><V72/><F0/><W123/><G105/><T2/><D35/><U23/><E42/><V97/><F130/><W115/><G115/><T116/><D116/><N who="3" m="44585" /><G123/><T111/><D22/><U1/><E1/><N who="0" m="9" /><D44/><U36/><E36/><V6/><F133/><W33/><G33/><T84/><D56/><U30/><E78/><N who="2" m="46327" /><F73/><N who="3" m="43279" /><G79/><T71/><D71/><U50/><E100/><N who="2" m="60463" /><F72/><W134/><G134/><T117/><D117/><U112/><E112/><V28/><F6/><W58/><G126/><N who="1" m="48170" /><E34/><V43/><F114/><W15/><G38/><T120/><D120/><U20/><E68/><V49/><F27/><W5/><G66/><N who="0" m="25707" /><D95/><U69/><E50/><V90/><F90/><W106/><G106/><T107/><D107/><U7/><E7/><V75/><F75/><W132/><G132/><T41/><D41/><U88/><E69/><V108/><F49/><W121/><G121/><T101/><D101/><U45/><E45/><V89/><F89/><N who="1" m="34377" /><E92/><V10/><F43/><W125/><G125/><T11/><D77/><U26/><E31/><V104/><F28/><W129/><G5/><T37/><D37/><U67/><E67/><V51/><F40/><W54/><G57/><T55/><D55/><U21/><E21/><V74/><F104/><W29/><G29/><T19/><D11/><U128/><E128/><AGARI ba="0,0" hai="4,9,15,48,54,58,128,129" m="43279,44585" machi="128" ten="30,1000,0" yaku="12,1" doraHai="70" who="3" fromWho="1" sc="326,0,91,-10,318,0,265,10" /><INIT seed="2,0,0,3,0,60" ten="326,81,318,275" oya="2" hai0="63,38,102,100,39,25,123,9,82,37,30,1,10" hai1="115,80,50,35,27,53,87,91,108,49,119,124,101" hai2="59,127,28,32,33,111,36,76,131,95,133,99,106" hai3="14,122,104,97,0,61,79,7,96,3,74,116,8"/><V54/><F36/><W55/><G122/><T105/><D123/><U48/><E119/><V83/><F106/><W42/><G116/><T134/><D134/><U4/><E115/><V72/><F133/><W126/><G42/><T24/><D82/><U75/><E75/><V64/><F127/><W71/><G126/><T13/><D1/><U21/><E124/><V69/><F131/><W88/><G97/><T51/><D51/><U118/><E35/><V70/><F111/><W125/><G125/><T12/><D63/><U45/><E118/><V110/><F110/><W19/><G104/><T40/><D40/><U78/><E108/><V93/><F93/><W84/><G74/><T46/><D46/><U43/><E101/><V34/><F28/><W11/><G0/><T112/><D112/><U129/><E129/><V117/><F117/><W113/><G113/><T114/><D114/><U22/><E22/><V92/><F92/><W135/><G135/><T23/><D25/><U29/><E53/><V66/><F70/><W128/><G128/><T121/><D121/><U44/><E44/><V56/><F69/><W5/><G71/><T47/><D47/><U20/><E20/><V89/><REACH who="2" step="1"/><F59/><REACH who="2" ten="326,81,308,275" step="2"/><W26/><G96/><T68/><D68/><U58/><E58/><V31/><F31/><W109/><G109/><T94/><D94/><U6/><E6/><V81/><F81/><W67/><G7/><N who="0" m="3135" /><D105/><U107/><E107/><V2/><F2/><W73/><G3/><T15/><D39/><N who="1" m="21759" /><E4/><V130/><F130/><W57/><G5/><T52/><D38/><U16/><E29/><RYUUKYOKU ba="0,1" sc="326,-15,81,15,308,15,275,-15" hai1="16,21,27,48,49,50,78,80,87,91" hai2="32,33,34,54,56,64,66,72,76,83,89,95,99" /><INIT seed="2,1,1,4,5,32" ten="311,96,323,260" oya="2" hai0="25,108,107,90,27,21,111,8,110,44,31,59,45" hai1="28,131,15,120,61,43,67,72,35,105,77,85,60" hai2="66,135,102,129,40,23,106,1,62,122,127,22,55" hai3="86,13,117,3,98,26,80,75,63,115,49,11,114"/><V65/><F122/><W6/><G117/><T33/><D107/><U39/><E120/><V95/><F106/><W109/><G75/><T52/><D8/><U126/><E105/><V78/><F1/><W70/><G109/><T69/><D90/><U0/><E131/><V74/><F74/><W88/><G26/><T68/><D68/><U51/><E126/><V82/><F127/><W4/><G49/><T100/><D100/><U10/><E51/><V24/><F40/><W132/><G132/><T87/><D87/><U99/><E99/><N who="2" m="59775" /><F129/><W56/><G70/><T50/><REACH who="0" step="1"/><D69/><REACH who="0" ten="301,96,323,260" step="2"/><U5/><E85/><N who="2" m="48343" /><F135/><W83/><G98/><T124/><D124/><U133/><E133/><V18/><F22/><W38/><G11/><T19/><AGARI ba="1,2" hai="19,21,25,27,31,33,44,45,50,52,59,108,110,111" machi="19" ten="30,7900,0" yaku="1,1,0,1,14,1,54,1,53,0" doraHai="32" doraHaiUra="119" who="0" fromWho="0" sc="301,102,96,-21,323,-40,260,-21" /><INIT seed="3,0,0,0,1,74" ten="403,75,283,239" oya="3" hai0="1,40,84,91,2,29,60,124,38,36,52,85,131" hai1="83,9,65,92,111,130,10,3,30,128,23,69,80" hai2="31,17,101,42,13,44,135,43,21,100,108,59,22" hai3="115,109,53,81,24,75,54,105,64,28,133,49,82"/><W99/><G115/><T70/><D131/><U67/><E23/><V56/><F135/><W55/><G133/><T0/><D124/><U46/><E92/><V35/><F35/><W6/><G64/><T12/><D29/><U122/><E46/><V8/><F108/><W119/><G119/><T68/><D12/><U125/><E30/><V127/><F127/><W4/><G49/><T73/><D73/><U114/><E125/><V116/><F116/><W47/><G47/><T72/><D72/><U57/><E57/><N who="2" m="22091" /><F22/><W87/><G75/><T26/><D26/><U121/><E114/><V113/><F113/><W61/><G61/><T11/><D11/><U79/><E111/><V25/><F44/><W97/><G109/><T86/><D91/><U71/><REACH who="1" step="1"/><E3/><REACH who="1" ten="403,65,283,239" step="2"/><V107/><F43/><W95/><G105/><T123/><D40/><U76/><AGARI ba="0,1" hai="9,10,65,67,69,71,76,79,80,83,121,122,128,130" machi="76" ten="25,16000,3" yaku="1,1,2,1,0,1,22,2,52,2,53,2" doraHai="74" doraHaiUra="117" who="1" fromWho="1" sc="403,-40,65,170,283,-40,239,-80" owari="363,46.0,235,-16.0,243,4.0,159,-34.0" /></mjloggm>