<mjloggm ver="2.3"><GO type="97" lobby="0"/><UN n0="%63%63%63%6F%6F%6F" n1="%E7%99%BD%E9%8A%80%E3%81%8F%E3%82%93" n2="%E3%82%A6%E3%83%AB%E3%83%88%E3%83%A9%E7%AB%8B%E7%9B%B4" n3="%E3%82%84%E3%81%99" dan="14,14,15,15" rate="1897.23,1914.91,1998.98,1978.04" sx="M,M,M,M"/><TAIKYOKU oya="0"/><INIT seed="0,0,0,4,0,126" ten="250,250,250,250" oya="0" hai0="127,80,103,67,11,61,3,117,90,7,19,13,101" hai1="123,43,54,112,84,50,68,4,22,125,26,5,36" hai2="34,133,104,14,8,39,99,73,128,45,129,58,69" hai3="57,109,83,87,124,16,10,119,31,81,2,97,25"/><T96/><D117/><U44/><E123/><V60/><F73/><W65/><G119/><T74/><D127/><U75/><E125/><V110/><F34/><W115/><G115/><T98/><D74/><U134/><E75/><V33/><F33/><W46/><G124/><T62/><D80/><U78/><E112/><V132/><F69/><W94/><G109/><T93/><D67/><U120/><E134/><N who="2" m="51819" /><F110/><W106/><G106/><T121/><D121/><U79/><E68/><V118/><F118/><W63/><G46/><T47/><D47/><U100/><E100/><N who="2" m="62495" /><F45/><W95/><G95/><T51/><D51/><U28/><E120/><V1/><F1/><W42/><G42/><T24/><D24/><U17/><E84/><V23/><F23/><N who="3" m="15807" /><G2/><T76/><D76/><U71/><E71/><V49/><F49/><W38/><G38/><T82/><D82/><U130/><E79/><V30/><F30/><W6/><G6/><T66/><D66/><U41/><E78/><V86/><F86/><W59/><G87/><T40/><D40/><U77/><E41/><V92/><F92/><W37/><G37/><T135/><D135/><U9/><E77/><V116/><F116/><W15/><G57/><T52/><D90/><AGARI ba="0,0" hai="10,15,16,59,63,65,81,83,90,94,97" m="15807" machi="90" ten="30,2000,0" yaku="8,1,54,1" doraHai="126" who="3" fromWho="0" sc="250,-20,250,0,250,0,250,20" /><INIT seed="1,0,0,1,5,41" ten="230,250,250,270" oya="1" hai0="31,8,59,118,24,19,40,58,99,133,84,30,63" hai1="76,78,38,117,60,46,51,4,39,111,81,13,105" hai2="77,127,47,98,54,96,26,9,122,79,126,88,29" hai3="89,103,53,34,17,12,131,22,123,37,35,82,20"/><U16/><E117/><V28/><F9/><W10/><G123/><T87/><D118/><U97/><E4/><V25/><F54/><W15/><G103/><T5/><D133/><U2/><E2/><V74/><F74/><W0/><G131/><T106/><D106/><U64/><E111/><V101/><F101/><W119/><G119/><T135/><D135/><U36/><E105/><V129/><F129/><W65/><G65/><T121/><D121/><U71/><E97/><V114/><F122/><W62/><G37/><T125/><D125/><U7/><E7/><V130/><F130/><W128/><G128/><T124/><D124/><U100/><E100/><V3/><F3/><W18/><G82/><T23/><D99/><U116/><E81/><V27/><F27/><W132/><G132/><T107/><D107/><U67/><E67/><V73/><F73/><W72/><G72/><T134/><D134/><U95/><E95/><V102/><F102/><W112/><G112/><T14/><D40/><U120/><E120/><V85/><F85/><W68/><G89/><T50/><D50/><U94/><E94/><V104/><F104/><W93/><G93/><T44/><D44/><U42/><REACH who="1" step="1"/><E116/><REACH who="1" ten="230,240,250,270" step="2"/><V110/><F110/><W108/><G108/><T70/><D70/><U56/><E56/><V115/><F126/><W83/><G83/><T48/><D59/><U91/><E91/><V6/><F127/><W90/><G90/><T109/><D109/><U69/><E69/><V86/><F88/><W113/><G113/><T1/><D63/><U61/><E61/><V80/><F115/><RYUUKYOKU ba="0,1" sc="230,-10,240,30,250,-10,270,-10" hai1="13,16,36,38,39,42,46,51,60,64,71,76,78" /><INIT seed="1,1,1,3,3,15" ten="220,270,240,260" oya="1" hai0="30,68,24,87,82,69,39,28,120,123,129,43,73" hai1="20,27,5,13,104,122,101,32,52,115,103,133,79" hai2="78,110,71,125,67,72,46,47,93,109,41,59,88" hai3="10,83,54,6,49,70,74,80,50,23,108,35,26"/><U90/><E122/><V3/><F71/><W113/><G113/><T106/><D106/><U40/><E115/><V77/><F3/><W62/><G108/><N who="2" m="41577" /><F72/><W105/><G105/><T60/><D30/><U81/><E40/><V66/><F125/><W63/><G35/><T112/><D112/><U51/><E133/><V132/><F132/><W4/><G70/><T102/><D129/><U61/><E61/><N who="3" m="23050" /><G74/><T19/><D102/><U8/><E32/><V116/><F59/><N who="3" m="33231" /><G50/><T9/><D73/><U11/><E11/><V94/><F116/><W37/><G37/><T53/><D39/><U76/><E104/><V100/><F100/><N who="1" m="38473" /><E90/><V12/><F78/><W29/><G10/><T107/><D43/><U0/><E81/><AGARI ba="1,1" hai="4,6,23,26,29,80,81,83" m="33231,23050" machi="81" ten="30,1000,0" yaku="8,1" doraHai="15" who="3" fromWho="1" sc="220,0,270,-13,240,0,260,23" /><INIT seed="2,0,0,2,4,67" ten="220,257,240,283" oya="2" hai0="9,6,81,84,22,40,27,55,108,25,130,11,118" hai1="4,134,34,78,45,123,116,17,109,120,5,92,54" hai2="61,79,20,2,32,60,99,63,87,88,124,71,53" hai3="85,7,112,65,110,19,114,30,77,68,74,122,26"/><V127/><F32/><W58/><G68/><T104/><D104/><U80/><E116/><V62/><F2/><W8/><G74/><T115/><D115/><N who="3" m="44073" /><G19/><T90/><D118/><U43/><E109/><V47/><F20/><N who="3" m="15687" /><G110/><T73/><D108/><U119/><E119/><V101/><F79/><W131/><G131/><T94/><D130/><U48/><E134/><V75/><F75/><W18/><G18/><T133/><D133/><U41/><E34/><V102/><F71/><W1/><G122/><T16/><D40/><U36/><E17/><V132/><F132/><W111/><G111/><T56/><D27/><U97/><E36/><V126/><F99/><W37/><G37/><T52/><D55/><U49/><E4/><V15/><F15/><W129/><G129/><T128/><D128/><U82/><E5/><V91/><F91/><W76/><G85/><T95/><D6/><U103/><E41/><V50/><N who="2" m="15360" /><DORA hai="89" /><V21/><REACH who="2" step="1"/><F21/><REACH who="2" ten="220,257,230,283" step="2"/><W57/><G65/><T121/><D121/><N who="1" m="46667" /><E78/><AGARI ba="0,1" hai="1,7,8,57,58,76,77,78" m="15687,44073" machi="78" ten="30,1000,0" yaku="11,1" doraHai="67,89" who="3" fromWho="1" sc="220,0,257,-10,230,0,283,20" /><INIT seed="3,0,0,4,1,50" ten="220,247,230,303" oya="3" hai0="99,122,119,9,93,114,102,94,18,32,120,103,132" hai1="47,46,82,111,117,22,15,109,106,2,19,43,91" hai2="126,30,73,1,133,52,92,85,75,134,110,42,101" hai3="123,118,70,14,130,12,8,79,66,121,28,57,88"/><W39/><G118/><T58/><D32/><U112/><E112/><V95/><F1/><W131/><G70/><T107/><D119/><U104/><E117/><V4/><F4/><W59/><G39/><T45/><D114/><U71/><E2/><V62/><F42/><W48/><G28/><T0/><D132/><N who="2" m="50794" /><F126/><W115/><G115/><T10/><D45/><N who="1" m="16907" /><E71/><V86/><F30/><W83/><G88/><T78/><D58/><U80/><E43/><V55/><F110/><N who="1" m="41993" /><E91/><N who="2" m="53359" /><F62/><W98/><G98/><N who="0" m="61911" /><D0/><U51/><E51/><V5/><F5/><W63/><G57/><T35/><D35/><U40/><E40/><V67/><F67/><W6/><G48/><T72/><D18/><U97/><E97/><N who="2" m="59583" /><F86/><W27/><G14/><T60/><D60/><U7/><E7/><V96/><F96/><W41/><G27/><T108/><D108/><U37/><E37/><V68/><F68/><W65/><G65/><T74/><D10/><U129/><E19/><V100/><F100/><W128/><G41/><T13/><D13/><U33/><E15/><V56/><F56/><W31/><G31/><T26/><D26/><U54/><E33/><V105/><F105/><W69/><G69/><T84/><D9/><U53/><E104/><V17/><F17/><W11/><G11/><T20/><D20/><U24/><E106/><V21/><F21/><W116/><G116/><T38/><D38/><U25/><E22/><V49/><F49/><W23/><G23/><T81/><D74/><AGARI ba="0,0" hai="52,55,73,74,75" m="59583,53359,50794" machi="74" ten="30,7700,0" yaku="20,1,52,2,54,1" doraHai="50" who="2" fromWho="0" sc="220,-77,247,0,230,77,303,0" /><AGARI ba="0,0" hai="6,8,12,59,63,66,74,79,83,121,123,128,130,131" machi="74" ten="40,2000,0" yaku="19,1" doraHai="50" who="3" fromWho="0" sc="143,-20,247,0,307,0,303,20" owari="123,-38.0,247,-15.0,307,11.0,323,42.0" /></mjloggm>