<mjloggm ver="2.3"><GO type="97" lobby="0"/><UN n0="%E6%B5%B7%E7%A5%9E%E6%9C%B1%E8%92%99" n1="%43%61%6C%6B%61%6E" n2="%73%68%61%6E%61%6E" n3="%E3%82%A6%E3%83%AB%E3%83%88%E3%83%A9%E7%AB%8B%E7%9B%B4" dan="13,14,13,15" rate="1905.08,1967.39,1938.10,2029.42" sx="M,M,M,M"/><TAIKYOKU oya="0"/><INIT seed="0,0,0,2,0,6" ten="250,250,250,250" oya="0" hai0="36,24,35,90,91,69,86,111,54,87,65,67,73" hai1="3,118,121,133,72,78,42,12,38,28,49,116,39" hai2="41,89,109,93,130,16,55,0,20,126,33,45,29" hai3="98,63,43,103,129,99,66,4,71,30,84,94,62"/><T81/><D36/><U15/><E3/><V40/><F126/><W74/><G74/><T127/><D73/><U122/><E28/><V47/><F130/><W37/><G129/><T119/><D119/><N who="1" m="45611" /><E49/><V125/><F125/><W132/><G132/><T77/><D127/><U22/><E72/><V107/><F107/><W58/><G43/><T95/><D69/><U113/><E42/><V100/><F0/><W123/><G37/><N who="1" m="13834" /><E22/><V97/><F109/><W80/><G123/><N who="1" m="47114" /><E78/><V83/><F29/><W76/><G30/><T131/><D131/><U1/><E1/><V92/><F33/><W124/><G124/><T128/><D128/><U52/><E52/><V11/><F41/><W106/><G4/><T48/><D77/><U27/><E27/><V115/><F40/><W108/><G108/><T79/><D111/><U82/><E82/><V105/><F83/><W135/><G135/><T26/><D79/><U14/><E133/><V53/><F20/><W114/><G114/><AGARI ba="0,0" hai="12,14,15,113,114" m="47114,13834,45611" machi="114" ten="40,2600,0" yaku="28,2" doraHai="6" who="1" fromWho="3" sc="250,0,250,26,250,0,250,-26" /><INIT seed="1,0,0,2,4,93" ten="250,276,250,224" oya="1" hai0="3,20,117,71,115,23,132,40,109,10,42,51,49" hai1="133,4,13,76,55,121,14,30,64,105,63,104,116" hai2="83,129,88,45,123,126,27,57,113,1,9,102,16" hai3="68,103,29,33,101,5,61,48,50,120,2,77,97"/><U0/><E121/><V73/><F123/><W59/><G103/><T47/><D115/><U111/><E116/><V41/><F113/><W66/><G120/><T62/><D117/><U36/><E36/><V122/><F122/><W94/><G77/><T124/><D109/><U108/><E76/><V67/><F126/><W21/><G33/><T22/><D124/><U11/><E30/><V26/><F129/><W8/><REACH who="3" step="1"/><G68/><REACH who="3" ten="250,276,250,214" step="2"/><T18/><D71/><U43/><E104/><V100/><F100/><W19/><G19/><T99/><D132/><U110/><E105/><V128/><F102/><W37/><G37/><T34/><D34/><U85/><E133/><V90/><F128/><W69/><G69/><T134/><D134/><U60/><E43/><V135/><F135/><W75/><G75/><T92/><D42/><U52/><E85/><V17/><F73/><W54/><G54/><N who="1" m="20522" /><E63/><V130/><F130/><W32/><G32/><T78/><D78/><U106/><E106/><V91/><F17/><W127/><G127/><T31/><D62/><U58/><AGARI ba="0,1" hai="0,4,11,13,14,58,60,64,108,110,111" m="20522" machi="58" ten="40,7800,0" yaku="14,1,10,1,54,1" doraHai="93" who="1" fromWho="1" sc="250,-26,276,88,250,-26,214,-26" /><INIT seed="1,1,0,4,5,21" ten="224,364,224,188" oya="1" hai0="123,87,101,26,14,0,130,79,71,19,96,13,67" hai1="80,25,134,68,29,70,37,48,84,88,41,59,46" hai2="107,116,60,64,103,23,100,10,32,42,4,12,50" hai3="65,86,31,120,1,30,104,131,45,115,93,90,111"/><U102/><E134/><V36/><F32/><W3/><G104/><T83/><D0/><U73/><E102/><V69/><F107/><W66/><G115/><T22/><D130/><U110/><E73/><V15/><F36/><W2/><G131/><T24/><D123/><U55/><REACH who="1" step="1"/><E110/><REACH who="1" ten="224,354,224,188" step="2"/><V94/><F116/><W53/><G111/><T91/><D101/><U76/><E76/><V74/><F74/><W47/><G120/><T43/><D79/><U127/><E127/><V16/><REACH who="2" step="1"/><F94/><REACH who="2" ten="224,354,214,188" step="2"/><W118/><G118/><T54/><D96/><U133/><E133/><V98/><F98/><W77/><G93/><T89/><D43/><U108/><E108/><V128/><F128/><W34/><G86/><T6/><D87/><U18/><E18/><V85/><F85/><W33/><G77/><T95/><D95/><U38/><E38/><V105/><F105/><W5/><G90/><T78/><D78/><U44/><E44/><AGARI ba="1,2" hai="4,10,12,15,16,23,42,44,50,60,64,69,100,103" machi="44" ten="40,2600,0" yaku="1,1,54,1,53,0" doraHai="21" doraHaiUra="28" who="2" fromWho="1" sc="224,0,354,-29,214,49,188,0" /><INIT seed="2,0,0,2,2,18" ten="224,325,263,188" oya="2" hai0="1,9,45,91,107,11,31,7,35,58,37,110,80" hai1="128,132,134,69,22,0,32,3,77,87,21,64,28" hai2="81,74,59,12,34,96,41,131,5,19,116,112,52" hai3="84,108,95,61,83,76,90,40,86,92,56,43,44"/><V39/><F116/><W36/><G108/><T85/><D107/><U26/><E69/><V133/><F112/><W103/><G103/><T55/><D110/><U20/><E64/><V119/><F119/><W106/><G106/><T101/><D101/><U89/><E77/><V113/><F113/><W33/><G33/><T6/><D35/><U4/><E128/><V65/><F34/><W105/><G105/><T54/><D31/><U42/><E42/><V27/><F65/><W10/><G10/><T25/><D25/><U46/><E46/><V8/><F133/><N who="1" m="51305" /><E4/><V82/><F131/><W71/><G71/><T24/><D24/><U124/><E124/><V73/><F96/><W51/><G36/><T47/><D37/><U121/><E121/><V109/><F109/><W38/><G38/><T17/><D17/><U66/><E66/><V104/><F104/><W111/><G111/><T15/><D55/><U125/><E125/><V99/><F99/><W62/><G43/><T115/><D115/><U29/><E29/><V100/><F100/><W70/><G70/><T48/><AGARI ba="0,0" hai="1,6,7,9,11,15,45,47,48,54,58,80,85,91" machi="48" ten="20,1500,0" yaku="0,1,7,1" doraHai="18" who="0" fromWho="0" sc="224,15,325,-4,263,-7,188,-4" /><INIT seed="3,0,0,2,1,32" ten="239,321,256,184" oya="3" hai0="116,66,8,15,46,76,117,25,78,87,16,24,38" hai1="82,108,29,26,11,41,54,124,43,80,34,44,33" hai2="121,89,107,1,21,123,95,3,94,101,14,37,83" hai3="105,2,72,106,127,20,92,73,74,13,59,9,112"/><W52/><G127/><T18/><D66/><U23/><E124/><V119/><F37/><W64/><G112/><T113/><D113/><U22/><E108/><V65/><F119/><W5/><G64/><T63/><D63/><U96/><E11/><V100/><F65/><W86/><G92/><T109/><D109/><U135/><E135/><V120/><F83/><N who="1" m="31785" /><E34/><V131/><F107/><W40/><G86/><T68/><D68/><U48/><E33/><V128/><F14/><W84/><G84/><T71/><D71/><U104/><E104/><V91/><F121/><W50/><REACH who="3" step="1"/><G40/><REACH who="3" ten="239,321,256,174" step="2"/><T98/><D87/><U132/><E96/><V61/><F61/><W62/><G62/><T56/><D98/><U30/><E132/><V60/><F60/><W58/><G58/><T4/><D56/><U133/><E133/><V111/><F111/><W97/><G97/><T6/><D117/><U42/><E42/><V7/><REACH who="2" step="1"/><F21/><REACH who="2" ten="239,321,246,174" step="2"/><W79/><G79/><T45/><D116/><U49/><E23/><V130/><F130/><W122/><G122/><T129/><D129/><U57/><E41/><V35/><F35/><W125/><G125/><T134/><D134/><U114/><E114/><V81/><F81/><W31/><G31/><AGARI ba="0,2" hai="22,26,29,30,31,43,44,48,49,54,57" m="31785" machi="31" ten="30,1000,0" yaku="8,1" doraHai="32" who="1" fromWho="3" sc="239,0,321,30,246,0,174,-10" owari="239,-16.0,351,45.0,246,5.0,164,-34.0" /></mjloggm>