<mjloggm ver="2.3"><GO type="97" lobby="0"/><UN n0="%E3%83%9B%E3%83%BC%E3%83%A0%E3%83%A9%E3%83%B3%E7%8E%8B" n1="%E3%82%A6%E3%83%AB%E3%83%88%E3%83%A9%E7%AB%8B%E7%9B%B4" n2="%E7%9C%9F%E7%A9%BA%E5%A4%A9%E5%A3%AB" n3="%E3%83%88%E3%82%B9%E3%82%AD%E3%83%BC%E3%83%A2%E3%83%B3%E3%82%AB" dan="14,15,15,15" rate="1914.55,2002.30,1924.76,2021.18" sx="M,M,M,M"/><TAIKYOKU oya="0"/><INIT seed="0,0,0,5,2,74" ten="250,250,250,250" oya="0" hai0="125,90,45,34,121,28,116,3,98,18,27,67,66" hai1="113,68,95,102,14,91,127,26,58,130,103,65,84" hai2="122,132,110,124,10,100,49,131,56,25,16,117,32" hai3="36,111,78,17,112,72,69,82,39,12,73,41,46"/><T23/><D121/><U51/><E68/><V0/><F122/><W33/><G112/><T54/><D116/><U52/><E113/><V62/><F110/><W64/><G111/><T83/><D3/><U1/><E1/><V92/><F132/><W87/><G33/><T76/><D125/><U105/><E127/><V71/><F131/><W115/><G115/><T24/><D98/><U123/><E123/><V42/><F124/><W134/><G134/><T21/><D34/><U55/><E65/><V119/><F71/><W70/><G39/><T38/><D38/><U133/><E133/><V120/><F120/><W93/><G64/><T53/><D90/><U75/><E75/><V22/><F42/><W128/><G73/><T85/><D54/><U77/><E105/><V81/><F81/><W108/><G108/><T79/><D79/><U35/><E77/><V15/><F49/><AGARI ba="0,0" hai="18,21,23,24,27,28,45,49,53,66,67,76,83,85" machi="49" ten="40,3900,0" yaku="8,1,52,1" doraHai="74" who="0" fromWho="2" sc="250,39,250,0,250,-39,250,0" /><INIT seed="0,1,0,4,3,84" ten="289,250,211,250" oya="0" hai0="114,92,116,40,124,75,31,128,134,23,54,133,113" hai1="99,13,105,122,120,60,86,90,112,53,38,100,77" hai2="104,127,118,9,117,51,67,26,121,83,39,7,62" hai3="80,19,4,88,59,30,73,95,108,28,1,109,78"/><T111/><D75/><U63/><E38/><V125/><F104/><W74/><G74/><T34/><D116/><N who="2" m="44650" /><F121/><W18/><G59/><T64/><D34/><U22/><E112/><V11/><F39/><W3/><G19/><T55/><D128/><U21/><E77/><V57/><F26/><W27/><G18/><T93/><D124/><N who="2" m="47690" /><F51/><W98/><G4/><T46/><D64/><U33/><E33/><V106/><F106/><W107/><G107/><T132/><D111/><N who="3" m="42569" /><G30/><T50/><D31/><U76/><E105/><V129/><F129/><W94/><G94/><N who="0" m="36459" /><D23/><AGARI ba="1,0" hai="1,3,23,27,28,73,78,80,88,95,98" m="42569" machi="23" ten="30,3900,0" yaku="14,1,52,1,54,1" doraHai="84" who="3" fromWho="0" sc="289,-42,250,0,211,0,250,42" /><INIT seed="1,0,0,1,4,26" ten="247,250,211,292" oya="1" hai0="59,95,54,78,112,75,25,47,50,120,7,52,126" hai1="35,133,42,84,0,122,33,22,114,76,29,13,80" hai2="125,31,82,94,49,21,108,67,106,53,12,102,134" hai3="105,85,27,66,63,103,116,99,28,36,113,111,24"/><U41/><E0/><V72/><F108/><W1/><G111/><T107/><D112/><U121/><E114/><V11/><F125/><W93/><G113/><T64/><D107/><U83/><E133/><V89/><F134/><W123/><G1/><T124/><D120/><U77/><E13/><V32/><F32/><W117/><G123/><T5/><D64/><U81/><E81/><V91/><F67/><W130/><G36/><T46/><D95/><U87/><E22/><V23/><F106/><W127/><G127/><N who="0" m="48683" /><D25/><U61/><REACH who="1" step="1"/><E61/><REACH who="1" ten="247,240,211,292" step="2"/><V57/><F82/><W15/><G15/><T43/><D75/><U60/><E60/><V6/><F21/><W48/><G63/><N who="0" m="36327" /><D78/><U132/><E132/><V71/><F72/><W16/><G117/><T70/><D70/><U65/><E65/><V104/><F71/><W20/><G66/><T39/><AGARI ba="0,1" hai="5,7,39,43,46,47,50,54" m="36327,48683" machi="39" ten="30,2000,0" yaku="18,1,54,1" doraHai="26" who="0" fromWho="0" sc="247,30,240,-10,211,-5,292,-5" /><INIT seed="2,0,0,4,1,88" ten="277,230,206,287" oya="2" hai0="58,128,59,19,74,45,96,124,98,81,122,48,26" hai1="10,36,20,29,102,6,23,25,92,91,54,51,30" hai2="1,80,52,40,61,37,75,43,107,87,0,7,28" hai3="134,69,2,103,97,24,77,50,106,99,118,68,115"/><V94/><F107/><W101/><G118/><T86/><D122/><U21/><E36/><V100/><F28/><W121/><G121/><T109/><D74/><U113/><E102/><V89/><F0/><W126/><G2/><T125/><D128/><U22/><E113/><V63/><F63/><W130/><G130/><T120/><D120/><U79/><E79/><N who="2" m="44159" /><F43/><W64/><G115/><T18/><D109/><U111/><E111/><V71/><F71/><W16/><G64/><T3/><D3/><U116/><E116/><V127/><F127/><N who="0" m="48714" /><D26/><U82/><E82/><V57/><F100/><W76/><G126/><T13/><D19/><U31/><E6/><V34/><F34/><W14/><G24/><T93/><D98/><U42/><E42/><V44/><F89/><W4/><G4/><T66/><D66/><U105/><E105/><V55/><F55/><W90/><G90/><N who="0" m="55351" /><D48/><U133/><E10/><N who="2" m="2415" /><F87/><W132/><G50/><T17/><D45/><U47/><REACH who="1" step="1"/><E133/><REACH who="1" ten="277,220,206,287" step="2"/><V49/><F49/><W46/><G106/><T9/><D17/><U114/><E114/><V85/><F85/><AGARI ba="0,1" hai="20,21,22,23,25,29,30,31,47,51,54,85,91,92" machi="85" ten="40,5200,0" yaku="1,1,8,1,52,1,53,0" doraHai="88" doraHaiUra="33" who="1" fromWho="2" sc="277,0,220,62,206,-52,287,0" /><INIT seed="3,0,0,1,0,85" ten="277,282,154,287" oya="3" hai0="42,79,19,62,24,106,54,3,122,90,18,133,31" hai1="112,10,114,82,78,30,102,100,48,121,124,34,45" hai2="120,69,35,98,119,117,118,92,111,76,59,127,63" hai3="75,84,4,51,101,29,96,13,56,126,28,8,115"/><W72/><G115/><T107/><D122/><U105/><E121/><V50/><F35/><W95/><G126/><T91/><D3/><U15/><E124/><V103/><F120/><W55/><REACH who="3" step="1"/><G84/><REACH who="3" ten="277,282,154,277" step="2"/><T5/><D133/><U14/><E112/><V16/><F127/><W134/><G134/><T77/><D5/><U6/><E114/><V68/><F111/><W39/><G39/><T99/><D99/><U25/><E105/><V58/><F76/><N who="0" m="29258" /><D107/><U130/><E130/><V43/><F43/><W71/><G71/><T93/><D106/><U36/><E36/><V46/><F69/><W125/><G125/><T49/><D62/><U83/><E83/><V109/><F109/><W64/><G64/><T26/><D42/><U44/><E82/><V131/><F131/><W116/><G116/><T61/><D61/><U89/><E78/><V17/><F68/><W7/><G7/><T9/><D93/><U135/><E135/><V0/><F0/><W128/><G128/><T57/><D31/><AGARI ba="0,1" hai="4,8,13,28,29,31,51,55,56,72,75,95,96,101" machi="31" ten="40,2000,0" yaku="1,1,53,0" doraHai="85" doraHaiUra="41" who="3" fromWho="0" sc="277,-20,282,0,154,0,277,30" owari="257,-14.0,282,8.0,154,-35.0,307,41.0" /></mjloggm>