<mjloggm ver="2.3"><GO type="97" lobby="0"/><UN n0="%E3%82%82%E3%81%A3%E3%81%91%E3%82%89" n1="%61%7A%75%72%65" n2="%E3%82%8A%E3%82%93%E3%81%9A" n3="%E3%82%A6%E3%83%AB%E3%83%88%E3%83%A9%E7%AB%8B%E7%9B%B4" dan="14,14,14,15" rate="1899.97,1815.20,2003.48,2005.92" sx="M,M,M,M"/><TAIKYOKU oya="0"/><INIT seed="0,0,0,3,5,17" ten="250,250,250,250" oya="0" hai0="110,18,77,10,24,81,58,56,99,26,16,85,60" hai1="109,15,129,6,127,112,50,80,119,114,14,79,100" hai2="33,40,64,115,120,28,55,44,122,70,97,91,88" hai3="89,124,118,103,38,48,107,47,105,49,43,7,130"/><T73/><D73/><U96/><E119/><V0/><F115/><W30/><G118/><T69/><D110/><U23/><E109/><V62/><F0/><W21/><G103/><T2/><D69/><U131/><E127/><V90/><F97/><W133/><G7/><T106/><D106/><U76/><E50/><V92/><F92/><W29/><G89/><T32/><D32/><U113/><E6/><V41/><F41/><W95/><G95/><T135/><D135/><U52/><E52/><V87/><F87/><W13/><G13/><N who="0" m="7223" /><D2/><U93/><E80/><V53/><F28/><W128/><G124/><T5/><D5/><U86/><E86/><V42/><F33/><W123/><G123/><T59/><D99/><U75/><E75/><V37/><REACH who="2" step="1"/><F42/><REACH who="2" ten="250,250,240,250" step="2"/><W1/><G1/><T117/><D117/><U104/><E104/><V66/><F66/><W4/><G107/><T46/><D46/><U108/><E108/><V61/><F61/><W27/><G105/><T84/><D85/><U132/><E132/><V25/><F25/><N who="0" m="9834" /><D18/><N who="1" m="10711" /><E15/><V31/><F31/><W134/><G30/><T67/><AGARI ba="0,1" hai="56,58,59,60,67,77,81,84" m="9834,7223" machi="67" ten="30,3000,0" yaku="8,1,54,1" doraHai="17" who="0" fromWho="0" sc="250,40,250,-10,240,-10,250,-10" /><INIT seed="0,1,0,2,2,58" ten="290,240,230,240" oya="0" hai0="84,80,36,86,66,57,115,31,87,99,102,44,52" hai1="82,135,112,83,16,2,6,107,32,62,4,7,129" hai2="71,49,55,110,126,24,35,43,60,78,1,70,3" hai3="48,100,85,27,97,92,125,91,65,37,117,133,17"/><T104/><D115/><U20/><E135/><V72/><F110/><W118/><G37/><T130/><D130/><U29/><E107/><V30/><F126/><W47/><G125/><T40/><D31/><U124/><E129/><V33/><F43/><W128/><G128/><T22/><D22/><U106/><E124/><V79/><F79/><W13/><G133/><T0/><D0/><U77/><E106/><V90/><F35/><W46/><G27/><T9/><D66/><U76/><E2/><V8/><F90/><W120/><G65/><T34/><D9/><U94/><E32/><V122/><F122/><W68/><G68/><T54/><D34/><U56/><E29/><V63/><F8/><W96/><G96/><T41/><D41/><U114/><E94/><V93/><F93/><W21/><G120/><T131/><D131/><U14/><E82/><V64/><F78/><W108/><G108/><T119/><D119/><U18/><E18/><V101/><F72/><W61/><G117/><T113/><D113/><U28/><E28/><V11/><F101/><W25/><G118/><T111/><D111/><U105/><E105/><V15/><F49/><W98/><G48/><T38/><D38/><U132/><E132/><V103/><F103/><W109/><G109/><T5/><D5/><U95/><E95/><V134/><F134/><W12/><G100/><T89/><D54/><N who="1" m="34071" /><E114/><V73/><F73/><W67/><G98/><T88/><D89/><U10/><E112/><V75/><F75/><W45/><G97/><T69/><D69/><U26/><E83/><V59/><F71/><RYUUKYOKU ba="1,0" sc="290,0,240,0,230,0,240,0" hai0="36,40,44,52,57,80,84,86,87,88,99,102,104" hai1="4,6,7,10,14,16,20,26,76,77" hai2="1,3,11,15,24,30,33,55,59,60,63,64,70" hai3="12,13,17,21,25,45,46,47,61,67,85,91,92" /><INIT seed="0,2,0,0,3,105" ten="290,240,230,240" oya="0" hai0="11,118,116,110,86,0,64,16,73,70,25,132,104" hai1="47,111,128,62,103,56,7,78,93,66,24,127,35" hai2="54,89,101,53,45,100,33,13,48,27,14,63,126" hai3="83,107,69,74,40,117,17,125,2,92,108,106,43"/><T95/><D104/><U12/><E111/><V15/><F126/><W91/><G69/><T112/><D112/><U3/><E127/><V10/><F33/><W98/><G2/><T133/><D110/><U81/><E128/><V67/><F27/><W41/><G125/><T124/><D124/><U71/><E47/><V88/><F10/><W84/><G108/><T60/><D0/><U61/><E3/><V135/><F135/><N who="0" m="51786" /><D95/><U85/><E35/><V18/><F18/><W38/><G117/><N who="0" m="45163" /><D86/><U77/><E24/><V134/><F134/><W23/><G38/><T90/><D90/><N who="2" m="34922" /><F67/><W76/><REACH who="3" step="1"/><G84/><REACH who="3" ten="290,240,230,230" step="2"/><T6/><D6/><U20/><E71/><V113/><F113/><W1/><G1/><T59/><D70/><U58/><E103/><V57/><AGARI ba="2,1" hai="13,14,15,45,48,53,54,57,63,100,101" m="34922" machi="57" ten="30,2000,0" yaku="8,1,54,1" doraHai="105" who="2" fromWho="2" sc="290,-12,240,-7,230,36,230,-7" /><INIT seed="1,0,0,1,5,28" ten="278,233,266,223" oya="1" hai0="63,33,126,74,26,98,66,95,119,36,84,83,5" hai1="116,38,93,13,47,44,29,67,89,37,9,71,0" hai2="23,81,82,90,91,107,58,34,78,10,14,129,117" hai3="54,108,62,115,65,114,61,8,39,106,4,80,131"/><U24/><E116/><V20/><F117/><W16/><G106/><T53/><D119/><U72/><E72/><V40/><F107/><W79/><G108/><T127/><D36/><U7/><E37/><V110/><F110/><W121/><G121/><T77/><D53/><U43/><E47/><V22/><F40/><W133/><G133/><T101/><D5/><U64/><E71/><V56/><F34/><W85/><G131/><T105/><D63/><U42/><E0/><V123/><F129/><W86/><G39/><T21/><D66/><U32/><REACH who="1" step="1"/><E43/><REACH who="1" ten="278,223,266,223" step="2"/><V102/><F123/><W2/><G2/><T132/><D132/><U97/><AGARI ba="0,1" hai="7,9,13,24,29,32,38,42,44,64,67,89,93,97" machi="97" ten="20,12000,1" yaku="1,1,2,1,0,1,7,1,52,1,53,0" doraHai="28" doraHaiUra="99" who="1" fromWho="1" sc="278,-40,223,130,266,-40,223,-40" /><INIT seed="1,1,0,3,1,69" ten="238,353,226,183" oya="1" hai0="62,129,114,87,25,88,49,109,116,27,101,73,15" hai1="9,94,128,21,95,84,130,14,36,115,40,125,103" hai2="13,91,78,38,51,34,98,110,28,18,8,0,89" hai3="127,92,26,67,120,57,17,74,46,131,107,79,48"/><U133/><E115/><V119/><F119/><W41/><G107/><T55/><D116/><U30/><E133/><V97/><F110/><W54/><G120/><T134/><D114/><U111/><E125/><V45/><F78/><W6/><G127/><T82/><D73/><U43/><E111/><V102/><F0/><W16/><G131/><T4/><D129/><N who="1" m="49771" /><E103/><V35/><F38/><W68/><G6/><T126/><D134/><U93/><E84/><V100/><F28/><W50/><G26/><N who="0" m="9739" /><D126/><U66/><E66/><V47/><F51/><W86/><G74/><T104/><D104/><U132/><E30/><V58/><F58/><W71/><G71/><T56/><D109/><U122/><E21/><V90/><F90/><W60/><REACH who="3" step="1"/><G79/><REACH who="3" ten="238,353,226,173" step="2"/><T76/><D76/><U59/><E122/><V70/><F70/><W96/><G96/><T11/><D101/><U20/><E132/><V10/><F18/><W52/><G52/><N who="0" m="34055" /><D49/><U124/><E124/><V22/><F22/><W83/><G83/><T24/><D24/><U23/><E94/><V135/><F135/><W31/><G31/><T64/><D64/><U72/><E95/><V105/><F105/><W37/><G37/><T99/><D99/><U1/><E93/><V106/><F106/><W2/><G2/><T63/><D55/><U123/><E1/><V113/><F113/><W80/><G80/><T121/><D121/><U77/><E123/><V5/><F5/><W3/><G3/><T61/><AGARI ba="1,1" hai="4,11,15,61,63,82,87,88" m="34055,9739" machi="61" ten="30,4000,0" yaku="8,1,54,2" doraHai="69" who="0" fromWho="0" sc="238,53,353,-21,226,-11,173,-11" /><INIT seed="2,0,0,2,5,16" ten="291,332,215,162" oya="2" hai0="4,108,70,28,116,21,124,99,47,64,38,36,24" hai1="6,42,11,101,76,117,100,31,120,132,17,45,82" hai2="72,44,14,67,135,107,7,12,48,3,87,103,0" hai3="128,84,79,56,41,104,102,127,118,73,92,89,5"/><V91/><F72/><W33/><G33/><T123/><D123/><U35/><E132/><V60/><F135/><W39/><G118/><T109/><D116/><U50/><E117/><V1/><F7/><W121/><G121/><T19/><D4/><U54/><E17/><V43/><F103/><W122/><G122/><T59/><D124/><U96/><E31/><V115/><F107/><W61/><G127/><T113/><D113/><U130/><E35/><V52/><F43/><W83/><G128/><T29/><D70/><U55/><E130/><V27/><F27/><W22/><G5/><T110/><D99/><U80/><E82/><V66/><F66/><W93/><G41/><N who="0" m="22951" /><D38/><U112/><E112/><V129/><F129/><W68/><G68/><T78/><D78/><U69/><E69/><V119/><F119/><W58/><G39/><T63/><AGARI ba="0,0" hai="19,21,24,28,29,59,63,64,108,109,110" m="22951" machi="63" ten="40,2700,0" yaku="14,1,52,1" doraHai="16" who="0" fromWho="0" sc="291,27,332,-7,215,-13,162,-7" /><INIT seed="3,0,0,0,2,127" ten="318,325,202,155" oya="3" hai0="31,85,67,38,106,87,89,122,117,16,37,52,66" hai1="94,74,61,131,112,22,24,84,79,93,82,100,96" hai2="76,6,70,134,46,128,102,45,59,62,48,73,121" hai3="83,17,120,43,15,1,42,10,60,30,11,18,95"/><W65/><G120/><T81/><D122/><U41/><E131/><V91/><F121/><W58/><G30/><T86/><D106/><U47/><E112/><V5/><F102/><W104/><G104/><T29/><D117/><U130/><E61/><V8/><F128/><W19/><G1/><T110/><D110/><U72/><E94/><V40/><F134/><W68/><G68/><T132/><D132/><U77/><E77/><V32/><F32/><W35/><G35/><T114/><D114/><U53/><E53/><V49/><F70/><W33/><G33/><T50/><D16/><N who="3" m="6249" /><G83/><N who="0" m="49343" /><D38/><U13/><E130/><V78/><F73/><W98/><G11/><T28/><D37/><U88/><E13/><V135/><F135/><W99/><G99/><T64/><D81/><U39/><E100/><AGARI ba="0,0" hai="10,15,19,42,43,58,60,65,95,98,100" m="6249" machi="100" ten="30,2900,0" yaku="8,1,54,1" doraHai="127" who="3" fromWho="1" sc="318,0,325,-29,202,0,155,29" /><INIT seed="3,1,0,5,2,108" ten="318,296,202,184" oya="3" hai0="65,25,62,72,52,47,122,12,82,11,40,24,102" hai1="131,4,120,103,58,89,91,48,21,1,116,86,7" hai2="36,15,33,75,112,13,83,80,63,126,44,74,67" hai3="85,20,3,127,113,56,124,98,100,69,61,53,77"/><W45/><G3/><T26/><D122/><U55/><E131/><V27/><F126/><N who="3" m="48171" /><G69/><T8/><D102/><U117/><E120/><V111/><F111/><W17/><G45/><T28/><D52/><U119/><E103/><V125/><F125/><W134/><G134/><T95/><D95/><U49/><E1/><V93/><F93/><N who="3" m="58447" /><G85/><T43/><D43/><U97/><E21/><V90/><F90/><W121/><G77/><T118/><D118/><U107/><E49/><V78/><F44/><W81/><G81/><T6/><D11/><U128/><E128/><V114/><F36/><W70/><G70/><T34/><D72/><U54/><E54/><V5/><F5/><W64/><G121/><T29/><D82/><N who="1" m="49367" /><E107/><V2/><F2/><W60/><G60/><T99/><D99/><U129/><E129/><V71/><F13/><N who="3" m="9263" /><G53/><T16/><D6/><U10/><E10/><V38/><F15/><W84/><G84/><T57/><D29/><U106/><E106/><V50/><F38/><AGARI ba="1,0" hai="8,12,16,24,25,26,28,34,38,40,47,57,62,65" machi="38" ten="30,2000,0" yaku="7,1,54,1" doraHai="108" who="0" fromWho="2" sc="318,23,296,0,202,-23,184,0" owari="341,44.0,296,10.0,179,-32.0,184,-22.0" /></mjloggm>