<mjloggm ver="2.3"><GO type="97" lobby="0"/><UN n0="%54%42%E3%81%B2%E3%81%A8%E3%81%BF%E3%82%93" n1="%E3%83%95%E3%82%A7%E3%83%AB%E3%83%A1%E3%83%BC%E3%83%AB" n2="%E3%82%A6%E3%83%AB%E3%83%88%E3%83%A9%E7%AB%8B%E7%9B%B4" n3="%E3%83%86%E3%82%A3%E6%B0%91" dan="14,15,15,15" rate="1919.75,1976.10,1992.02,1999.38" sx="F,F,M,M"/><TAIKYOKU oya="0"/><INIT seed="0,0,0,3,5,77" ten="250,250,250,250" oya="0" hai0="2,94,96,108,109,60,35,55,122,75,132,130,83" hai1="63,81,51,50,131,117,65,118,74,21,123,133,92" hai2="31,37,62,72,106,54,78,49,88,45,95,16,128" hai3="14,85,20,113,121,58,48,105,115,17,29,104,9"/><T116/><D116/><U127/><E123/><V56/><F106/><W125/><G125/><T84/><D75/><U22/><E127/><V8/><F128/><W28/><G121/><T40/><D130/><U27/><E131/><V3/><F31/><W7/><G85/><T68/><D35/><U53/><E22/><V99/><F37/><W100/><G48/><T110/><D2/><U43/><E133/><V10/><F3/><N who="3" m="255" /><G58/><N who="0" m="34911" /><D68/><U98/><E43/><N who="2" m="24767" /><F72/><W1/><G100/><N who="0" m="60439" /><D132/><U87/><E74/><V12/><F78/><W6/><G104/><T33/><D40/><U30/><E53/><V26/><F12/><W103/><G103/><T124/><D33/><U11/><E11/><V102/><F102/><W111/><G105/><T126/><D122/><U19/><E117/><V15/><F15/><W46/><G115/><T91/><AGARI ba="0,0" hai="83,84,91,108,109,110,124,126" m="60439,34911" machi="91" ten="40,7800,0" yaku="14,1,10,1,52,1" doraHai="77" who="0" fromWho="0" sc="250,78,250,-26,250,-26,250,-26" /><INIT seed="0,1,0,5,1,34" ten="328,224,224,224" oya="0" hai0="111,112,125,72,16,3,32,40,48,53,82,5,56" hai1="87,24,133,21,78,20,7,2,61,110,122,94,44" hai2="108,51,22,135,37,73,43,39,91,75,30,71,8" hai3="99,6,118,52,45,11,123,130,107,100,13,116,117"/><T0/><D32/><U47/><E122/><V35/><F135/><W12/><G130/><T113/><D113/><U9/><E110/><V98/><F108/><W89/><G123/><T74/><D111/><U64/><E20/><V60/><F22/><W128/><G128/><T114/><D114/><U55/><E133/><V95/><F51/><W126/><G126/><T27/><D112/><U119/><E119/><V124/><F124/><W17/><G89/><T127/><D127/><U77/><E77/><V69/><F8/><W132/><G132/><T84/><D125/><U105/><E105/><V29/><F60/><W102/><G102/><T80/><D40/><U70/><E55/><V109/><F35/><W19/><REACH who="3" step="1"/><G13/><REACH who="3" ten="328,224,224,214" step="2"/><T76/><D76/><U63/><E78/><V25/><F109/><W92/><G92/><T88/><D80/><U93/><E93/><V96/><F95/><W83/><G83/><T120/><D120/><U59/><E94/><V62/><F91/><W79/><G79/><T90/><D90/><U14/><E14/><V18/><F98/><W58/><G58/><T57/><D57/><U68/><E87/><V121/><F96/><W49/><AGARI ba="1,1" hai="6,11,12,17,19,45,49,52,99,100,107,116,117,118" machi="49" ten="40,8000,1" yaku="1,1,0,1,54,1,53,1" doraHai="34" doraHaiUra="1" who="3" fromWho="3" sc="328,-41,224,-21,224,-21,214,93" /><INIT seed="1,0,0,4,2,133" ten="287,203,203,307" oya="1" hai0="59,30,56,105,1,84,81,52,47,98,122,41,127" hai1="50,115,9,134,96,66,63,18,43,28,103,70,72" hai2="20,131,6,53,60,128,58,46,16,48,69,94,75" hai3="79,44,36,95,24,61,51,112,135,107,123,27,92"/><U5/><E115/><V23/><F75/><W116/><G123/><T89/><D122/><U11/><E72/><V62/><F6/><W14/><G112/><T108/><D108/><U132/><E28/><V22/><F94/><W93/><G107/><T13/><D1/><U25/><E5/><V64/><F128/><W109/><G109/><T119/><D119/><U39/><E39/><V77/><F77/><W90/><G36/><T110/><D110/><U29/><E18/><V120/><F120/><W125/><G135/><N who="1" m="51754" /><E50/><V32/><F32/><W102/><G116/><T40/><D59/><U35/><E43/><V126/><F131/><W118/><G79/><T73/><D73/><U55/><E55/><V74/><F74/><W10/><G61/><T0/><D0/><U99/><E99/><V42/><REACH who="2" step="1"/><F126/><REACH who="2" ten="287,203,193,307" step="2"/><W19/><G125/><T101/><D127/><U37/><E37/><V76/><F76/><W106/><G95/><AGARI ba="0,1" hai="9,11,25,29,35,63,66,70,95,96,103" m="51754" machi="95" ten="30,1500,0" yaku="20,1" doraHai="133" who="1" fromWho="3" sc="287,0,203,25,193,0,307,-15" /><INIT seed="1,1,0,0,4,90" ten="287,228,193,292" oya="1" hai0="13,50,66,111,23,69,103,41,79,32,30,67,129" hai1="92,94,107,9,62,60,115,124,121,46,130,120,100" hai2="96,5,37,110,33,36,85,0,83,80,29,98,93" hai3="122,128,38,40,24,64,105,54,44,35,21,133,87"/><U52/><E115/><V14/><F0/><W8/><G122/><T39/><D39/><U1/><E121/><V88/><F110/><W45/><G105/><T51/><D111/><U53/><E120/><V71/><F71/><W42/><G128/><T47/><D32/><U118/><E118/><V135/><F135/><W55/><G133/><T20/><D69/><U11/><E107/><V15/><F33/><W95/><G64/><T57/><D103/><U27/><E1/><V131/><F131/><W48/><G35/><T58/><D79/><U10/><E130/><V72/><F72/><W125/><G125/><T91/><D129/><U132/><E124/><V134/><F134/><W65/><G65/><N who="0" m="24587" /><D51/><N who="1" m="28791" /><E132/><V113/><F113/><W25/><G8/><T108/><D30/><U17/><E100/><V78/><F29/><W68/><G68/><T34/><D34/><U73/><E73/><V18/><F37/><W3/><G3/><T7/><D108/><U84/><E84/><N who="2" m="48151" /><F36/><W56/><G38/><T70/><D70/><U126/><E126/><V117/><F117/><W61/><G42/><T99/><D7/><U43/><E43/><V101/><F5/><W102/><G40/><T49/><D41/><U19/><E53/><V74/><F74/><W26/><G55/><T106/><D106/><U89/><E89/><N who="2" m="55343" /><F18/><N who="1" m="6665" /><E27/><V82/><F82/><W76/><G25/><T63/><D91/><U112/><E112/><V109/><F109/><W77/><G26/><T104/><D104/><U16/><N who="1" m="6673" /><U28/><DORA hai="119" /><E28/><V127/><F127/><W6/><G24/><T81/><D81/><RYUUKYOKU ba="1,0" sc="287,-15,228,15,193,15,292,-15" hai1="9,10,11,60,62,92,94" hai2="14,15,83,85,88,98,101" /><INIT seed="1,2,0,3,0,77" ten="272,243,208,277" oya="1" hai0="59,79,103,57,48,8,15,89,26,43,49,106,61" hai1="11,33,108,64,74,10,99,134,52,34,126,13,90" hai2="125,36,107,95,101,3,116,1,18,41,133,67,118" hai3="4,25,82,78,24,71,110,23,38,84,121,14,17"/><U117/><E117/><V72/><F18/><W70/><G121/><T30/><D103/><U5/><E64/><V93/><F67/><W54/><G110/><T21/><D106/><U16/><E108/><V96/><F41/><W22/><G38/><T109/><D109/><U45/><E134/><V127/><F36/><W122/><G122/><T0/><D0/><U94/><E126/><N who="2" m="48139" /><F3/><W7/><G54/><T104/><D104/><U131/><E74/><V63/><F63/><W113/><G113/><T85/><D79/><U68/><E68/><V97/><F1/><W42/><G42/><T92/><D43/><U75/><E75/><V58/><F58/><N who="0" m="22026" /><D61/><U6/><E131/><V35/><F35/><W40/><G40/><T65/><D65/><U27/><E27/><V87/><F72/><W53/><G53/><T115/><D115/><U81/><E81/><V105/><F133/><W132/><G132/><T2/><D2/><U111/><E111/><V31/><F107/><W55/><G55/><T112/><D112/><U102/><E5/><AGARI ba="2,0" hai="5,8,15,21,26,30,48,49,85,89,92" m="22026" machi="5" ten="30,1000,0" yaku="8,1" doraHai="77" who="0" fromWho="1" sc="272,16,243,-16,208,0,277,0" /><INIT seed="2,0,0,4,0,54" ten="288,227,208,277" oya="2" hai0="61,77,69,133,40,80,51,19,55,58,101,124,49" hai1="25,100,10,83,79,135,15,91,13,6,116,125,5" hai2="71,57,0,121,127,73,11,130,129,64,118,110,20" hai3="21,14,1,102,27,29,31,3,114,38,45,103,47"/><V81/><F121/><W36/><G14/><T75/><D133/><U99/><E116/><V22/><F118/><W78/><G21/><T115/><D115/><U134/><E125/><V65/><F127/><W17/><G78/><T97/><D124/><U82/><E25/><V113/><F113/><W12/><G12/><T126/><D69/><U53/><E91/><V109/><F71/><W50/><G50/><T46/><D126/><U85/><E82/><V131/><F81/><W92/><G114/><T87/><D75/><U112/><E112/><V106/><F106/><W89/><G92/><T94/><REACH who="0" step="1"/><D19/><REACH who="0" ten="278,227,208,277" step="2"/><U107/><E134/><V16/><F73/><W90/><G17/><T41/><D41/><U37/><E135/><V76/><F76/><W66/><G66/><T34/><D34/><U67/><E67/><V33/><F33/><W72/><G72/><T8/><D8/><U108/><E108/><N who="2" m="41579" /><F65/><W59/><REACH who="3" step="1"/><G27/><REACH who="3" ten="278,227,208,267" step="2"/><T84/><D84/><U26/><E85/><V122/><F122/><W7/><G7/><T111/><D111/><U30/><E6/><N who="2" m="1479" /><F16/><W60/><G60/><AGARI ba="0,2" hai="40,46,49,51,55,58,60,61,77,80,87,94,97,101" machi="60" ten="40,8000,1" yaku="1,1,8,1,52,1,53,2" doraHai="54" doraHaiUra="44" who="0" fromWho="3" sc="278,100,227,0,208,0,267,-80" /><AGARI ba="0,0" hai="20,22,57,60,64,129,130,131" m="1479,41579" machi="60" ten="40,12000,1" yaku="19,1,14,1,10,1,52,1" doraHai="54" who="2" fromWho="3" sc="378,0,227,0,208,120,187,-120" /><INIT seed="2,1,0,4,1,109" ten="378,227,328,67" oya="2" hai0="112,7,105,73,28,26,61,121,2,86,78,89,46" hai1="106,123,120,27,126,80,22,43,76,81,49,8,9" hai2="31,107,134,52,32,82,85,87,116,60,93,128,37" hai3="69,3,115,111,117,19,92,64,114,119,88,108,100"/><V70/><F107/><W67/><G3/><T77/><D121/><U16/><E106/><V55/><F37/><W127/><G19/><T130/><D105/><U110/><E110/><N who="3" m="42026" /><G69/><T48/><D130/><U53/><E43/><V84/><F134/><W131/><G100/><T51/><D51/><U68/><E68/><V95/><F128/><W74/><G74/><T125/><D125/><U35/><E35/><V102/><F116/><N who="3" m="44619" /><G131/><T104/><D104/><U18/><E126/><V6/><F6/><W132/><G127/><T103/><D7/><U25/><E81/><V66/><F82/><W23/><G23/><T41/><D73/><U34/><E120/><V39/><F39/><W62/><G132/><T133/><D133/><U36/><E36/><V38/><F38/><W58/><G67/><T63/><D103/><U10/><E123/><V40/><F40/><W113/><G92/><T47/><D41/><U15/><E34/><V11/><F102/><W45/><G88/><T75/><D75/><U13/><E27/><N who="2" m="18559" /><F93/><W24/><G24/><T97/><D26/><U94/><E94/><V90/><F11/><W20/><G20/><T98/><D98/><U33/><E33/><V99/><F99/><W1/><G1/><T30/><D97/><U29/><E8/><V124/><F124/><W4/><G45/><T0/><D47/><N who="1" m="27839" /><E80/><V101/><F101/><W14/><G4/><T42/><D2/><U12/><E76/><V96/><F70/><W57/><G57/><T71/><D77/><U5/><E5/><V21/><F21/><W44/><G44/><T118/><D46/><RYUUKYOKU ba="1,0" sc="378,-30,227,10,328,10,67,10" hai1="9,10,12,13,15,16,18,22,25,29" hai2="52,55,60,66,84,85,87,90,95,96" hai3="14,58,62,64,113,114,115" /><INIT seed="2,2,0,3,3,41" ten="348,237,338,77" oya="2" hai0="39,90,15,94,132,80,46,79,44,62,82,83,60" hai1="32,116,49,48,3,9,42,134,35,47,13,69,73" hai2="119,4,91,123,25,40,118,2,23,30,131,127,105" hai3="70,57,98,22,96,84,109,81,122,112,17,10,104"/><V88/><F105/><W110/><G112/><T66/><D39/><U102/><E116/><V89/><F123/><W106/><G122/><T100/><D100/><U12/><E3/><V36/><F127/><W20/><G70/><T77/><D132/><U97/><E69/><V21/><F131/><W76/><G57/><N who="0" m="37135" /><D62/><U29/><E73/><V67/><F67/><W129/><G10/><T24/><D24/><U11/><E134/><V6/><F2/><W51/><G51/><T99/><D15/><U63/><E63/><V115/><F115/><W95/><G20/><N who="2" m="7753" /><F40/><W45/><G45/><AGARI ba="2,0" hai="44,45,46,77,79,80,82,83,90,94,99" m="37135" machi="45" ten="30,7700,0" yaku="8,1,52,3" doraHai="41" who="0" fromWho="3" sc="348,83,237,0,338,0,77,-83" owari="431,53.0,237,-16.0,338,14.0,-6,-51.0" /></mjloggm>