<mjloggm ver="2.3"><GO type="169" lobby="0"/><UN n0="%73%65%61%73%75%69" n1="%E5%8C%97%E9%81%93%E5%B1%B1" n2="%E6%9E%9D%E8%B1%86%E3%82%AB%E3%83%AC%E3%83%BC%E7%94%98%E5%8F%A3" n3="%E3%82%A6%E3%83%AB%E3%83%88%E3%83%A9%E7%AB%8B%E7%9B%B4" dan="16,16,17,16" rate="2093.31,2109.79,2177.32,2043.32" sx="M,M,F,M"/><TAIKYOKU oya="0"/><INIT seed="0,0,0,5,5,41" ten="250,250,250,250" oya="0" hai0="88,102,17,19,132,35,2,126,62,119,78,25,34" hai1="48,47,28,121,53,118,64,6,82,106,114,11,18" hai2="60,24,49,45,89,81,107,14,91,15,79,135,0" hai3="105,96,77,90,103,100,26,33,63,65,75,125,133"/><T101/><D119/><U129/><E106/><V131/><F131/><W92/><G125/><T94/><D2/><U68/><E129/><V99/><F135/><W59/><G133/><T61/><D132/><U128/><E128/><V120/><F0/><W44/><G103/><N who="0" m="39435" /><D126/><U43/><E121/><V97/><F120/><W22/><G33/><T116/><D116/><U36/><E118/><V84/><F107/><W83/><G105/><T115/><D115/><U57/><E114/><V86/><F60/><N who="0" m="23146" /><D34/><U104/><E104/><V23/><F15/><W7/><G90/><N who="2" m="34313" /><F14/><W30/><G7/><T80/><D35/><U130/><E130/><V127/><F86/><W67/><G67/><T50/><D25/><U95/><E18/><N who="0" m="6665" /><D80/><U1/><E82/><V56/><F127/><W111/><REACH who="3" step="1"/><G111/><REACH who="3" ten="250,250,250,240" step="2"/><T72/><D72/><U37/><E64/><V74/><F74/><W113/><G113/><T16/><D78/><U5/><E5/><V39/><F79/><W8/><G8/><T134/><D134/><U98/><E68/><V21/><F21/><W122/><G122/><T108/><D108/><U51/><REACH who="1" step="1"/><E28/><REACH who="1" ten="250,240,250,240" step="2"/><V10/><F81/><W70/><G70/><T117/><D117/><U46/><E46/><AGARI ba="0,2" hai="22,26,30,44,46,59,63,65,75,77,83,92,96,100" machi="46" ten="40,8000,1" yaku="1,1,25,2,52,2,53,0" doraHai="41" doraHaiUra="123" who="3" fromWho="1" sc="250,0,240,-80,250,0,240,100" /><INIT seed="1,0,0,5,4,72" ten="250,160,250,340" oya="1" hai0="40,32,67,84,123,12,18,71,117,122,133,102,7" hai1="56,73,126,99,94,39,124,62,68,106,34,63,30" hai2="21,58,118,121,10,120,91,97,11,13,87,75,103" hai3="81,111,4,44,38,0,33,116,134,52,14,69,28"/><U78/><E39/><V48/><F75/><W19/><G69/><T74/><D117/><U59/><E106/><V100/><F118/><W96/><G116/><T83/><D74/><U105/><E105/><V127/><F127/><N who="1" m="48681" /><E30/><V79/><F21/><W54/><G134/><T76/><D133/><U104/><E104/><V130/><F130/><W95/><G111/><T109/><D102/><U88/><E34/><V35/><F35/><W115/><G115/><T101/><D101/><U66/><E63/><V64/><F100/><W2/><G2/><T60/><D109/><U22/><E22/><V51/><F97/><W108/><G108/><T89/><D32/><U29/><E29/><V119/><F119/><W107/><G107/><T1/><D1/><U125/><E125/><V86/><F103/><W20/><G28/><T5/><D40/><U24/><E24/><V42/><F42/><W129/><G129/><T61/><D61/><U41/><E41/><V110/><F110/><W77/><G33/><T135/><D135/><U43/><E43/><V26/><F26/><W112/><G112/><T98/><D122/><U70/><E59/><V50/><F58/><W47/><G38/><T80/><D123/><U31/><E31/><V65/><F121/><W114/><G114/><T90/><D98/><U128/><E128/><V82/><F120/><W49/><G0/><T37/><D37/><U53/><E66/><N who="2" m="25707" /><F91/><W36/><G36/><T93/><D90/><U3/><E3/><V6/><F11/><W46/><G96/><T16/><D89/><U45/><E45/><V23/><F23/><RYUUKYOKU ba="0,0" sc="250,-15,160,15,250,15,340,-15" hai1="53,56,62,68,70,73,78,88,94,99" hai2="6,10,13,48,50,51,79,82,86,87" /><INIT seed="1,1,0,0,2,95" ten="235,175,265,325" oya="1" hai0="18,10,29,20,39,118,102,121,0,16,35,53,60" hai1="128,105,40,88,106,32,11,63,99,120,117,90,51" hai2="73,43,86,56,58,23,38,70,127,79,37,129,14" hai3="84,67,94,77,71,116,50,12,44,123,55,7,1"/><U28/><E117/><V104/><F70/><W54/><G1/><T8/><D121/><U98/><E120/><V62/><F73/><W47/><G123/><T82/><D39/><U111/><E32/><V131/><F127/><W122/><G122/><T132/><D118/><U80/><E28/><V5/><F43/><W3/><G3/><T85/><D132/><U93/><E11/><N who="0" m="4137" /><D35/><U110/><E63/><V33/><F33/><W30/><G30/><T81/><D0/><U36/><E36/><V107/><F86/><W75/><G75/><T59/><D102/><U68/><E68/><V22/><F62/><W66/><G71/><T96/><D96/><U101/><E128/><V49/><F49/><W135/><G135/><T97/><D97/><U124/><E124/><V126/><F126/><W87/><G87/><T19/><D85/><N who="1" m="50215" /><E51/><V9/><F9/><N who="3" m="4159" /><G116/><T61/><D61/><U52/><E40/><V42/><F42/><W65/><G50/><T31/><D31/><U57/><E57/><V17/><F5/><W83/><G44/><T41/><D41/><U119/><E119/><V91/><F38/><W134/><G47/><T133/><D133/><U130/><E130/><V64/><F37/><W13/><G134/><T15/><D15/><U69/><E69/><V45/><F45/><W4/><G13/><T26/><AGARI ba="1,0" hai="16,18,19,20,26,29,53,59,60,81,82" m="4137" machi="26" ten="30,2000,0" yaku="8,1,54,1" doraHai="95" who="0" fromWho="0" sc="235,23,175,-11,265,-6,325,-6" /><INIT seed="2,0,0,4,0,50" ten="258,164,259,319" oya="2" hai0="126,98,114,89,130,95,60,62,14,80,24,2,37" hai1="28,109,90,23,45,27,40,17,92,70,9,97,132" hai2="117,74,87,43,72,106,29,118,57,88,41,46,82" hai3="1,115,133,96,58,110,77,112,30,42,67,64,65"/><V84/><F106/><W16/><G1/><T5/><D2/><U47/><E70/><V44/><F29/><W123/><G123/><T39/><D114/><N who="3" m="43561" /><G30/><T131/><D126/><U59/><E109/><V83/><REACH who="2" step="1"/><F57/><REACH who="2" ten="258,164,249,319" step="2"/><W56/><G110/><T116/><D131/><U25/><E59/><V85/><F85/><W7/><G58/><T10/><D130/><U102/><E132/><V81/><F81/><W36/><G133/><T15/><D80/><U104/><E40/><V68/><F68/><W108/><G108/><T53/><D116/><U69/><E69/><V20/><F20/><W0/><G56/><T79/><D62/><U75/><E75/><V54/><F54/><W121/><G42/><T94/><D60/><U71/><E71/><V6/><F6/><W31/><G31/><T134/><D53/><U99/><E9/><V103/><F103/><W111/><G111/><T135/><D10/><U129/><E129/><V12/><F12/><W86/><G7/><T21/><D15/><U61/><E61/><V105/><F105/><W32/><G0/><T76/><D14/><U13/><E13/><V73/><F73/><W91/><G86/><N who="0" m="52535" /><D5/><U107/><E104/><V11/><F11/><W26/><G67/><T22/><D135/><U120/><E120/><V19/><F19/><W8/><G65/><T33/><D134/><U101/><E101/><V119/><F119/><W66/><G64/><T51/><D22/><AGARI ba="0,1" hai="17,22,23,25,27,28,45,47,90,92,97,99,102,107" machi="22" ten="30,1000,0" yaku="7,1" doraHai="50" who="1" fromWho="0" sc="258,-10,164,20,249,0,319,0" /><INIT seed="3,0,0,2,4,126" ten="248,184,249,319" oya="3" hai0="96,82,59,28,71,114,56,116,62,133,65,94,7" hai1="20,12,70,110,118,113,104,117,120,131,98,89,134" hai2="122,38,2,17,121,76,0,69,6,55,74,31,130" hai3="44,67,23,54,1,106,68,129,35,40,77,87,24"/><W111/><G1/><T81/><D133/><U115/><E70/><V9/><F69/><W72/><G72/><T61/><D116/><N who="1" m="44651" /><E12/><V58/><F38/><W97/><G111/><T52/><D114/><N who="1" m="43531" /><E20/><V10/><F31/><W43/><G87/><T22/><D7/><U85/><E134/><V50/><F76/><W11/><G77/><T39/><D39/><U41/><E41/><V112/><F74/><W92/><G11/><T66/><D66/><U91/><E120/><V48/><F112/><W51/><G129/><T127/><D127/><U90/><E110/><V105/><F105/><W75/><G75/><T19/><D71/><U32/><E32/><V128/><F48/><W88/><G106/><T25/><REACH who="0" step="1"/><D19/><REACH who="0" ten="238,184,249,319" step="2"/><U78/><E131/><N who="2" m="50219" /><F17/><W49/><G35/><T107/><D107/><U5/><E5/><AGARI ba="0,1" hai="0,2,5,6,9,10,50,55,58,121,122" m="50219" machi="5" ten="30,7700,0" yaku="19,1,52,3" doraHai="126" who="2" fromWho="1" sc="238,0,184,-77,249,87,319,0" /><INIT seed="4,0,0,0,2,47" ten="238,107,336,319" oya="0" hai0="4,135,117,25,35,58,132,10,113,108,11,18,112" hai1="122,21,124,56,98,51,55,129,39,36,28,12,40" hai2="23,46,92,133,131,50,67,105,59,110,52,99,84" hai3="103,106,2,77,125,115,27,41,97,134,60,86,100"/><T81/><D81/><U128/><E122/><V33/><F110/><W9/><G103/><T82/><D82/><U94/><E124/><V76/><F33/><W85/><G77/><T64/><D64/><U72/><E72/><V42/><F105/><W19/><G85/><T90/><D90/><U6/><E40/><V15/><F133/><N who="0" m="51274" /><D58/><U66/><E66/><V44/><F67/><W127/><G86/><T126/><D126/><N who="3" m="48137" /><G134/><T49/><D49/><U123/><E123/><V75/><F75/><W1/><G115/><N who="0" m="44107" /><D117/><U89/><E39/><V119/><F119/><W121/><G121/><T109/><D11/><U111/><E36/><V116/><F116/><W68/><G41/><T91/><D91/><U70/><E70/><V71/><F71/><W80/><G80/><T87/><D87/><U118/><E118/><V79/><F84/><W95/><G60/><T24/><D18/><U22/><E98/><V30/><F46/><W3/><G68/><T104/><D104/><U48/><E94/><V20/><F59/><W120/><G120/><T73/><D73/><U32/><E89/><V57/><F57/><W130/><G106/><T5/><D35/><U8/><E32/><V62/><F79/><W31/><G95/><T16/><D16/><U88/><E56/><V74/><F92/><W63/><G63/><T69/><D69/><U13/><E88/><V0/><F74/><W53/><G97/><T78/><D78/><U34/><E34/><V45/><F99/><W93/><G93/><T17/><D17/><U37/><E37/><V107/><F107/><W26/><G19/><RYUUKYOKU ba="0,0" sc="238,0,107,0,336,0,319,0" /><INIT seed="5,1,0,4,0,104" ten="238,107,336,319" oya="1" hai0="8,132,87,37,44,2,27,92,59,135,114,58,101" hai1="120,107,103,90,70,24,128,81,77,113,3,123,28" hai2="98,53,85,5,29,16,88,69,15,32,35,83,95" hai3="72,80,39,55,63,74,43,1,110,30,105,14,68"/><U52/><E3/><V23/><F69/><W17/><G1/><T34/><D114/><U84/><E113/><V46/><F5/><W10/><G105/><T57/><D37/><U127/><E127/><V116/><F116/><W71/><G71/><T96/><D44/><U86/><E70/><V122/><F122/><W33/><G110/><T121/><D121/><U99/><E128/><V97/><F32/><W49/><G30/><T129/><D129/><U118/><E118/><V62/><F35/><W48/><G48/><T108/><D108/><U126/><E126/><V109/><F29/><W13/><G39/><T130/><D130/><U125/><E125/><V91/><F109/><W73/><G33/><T9/><D87/><U54/><E120/><V22/><F98/><W31/><G43/><T61/><D61/><U51/><E51/><N who="2" m="28919" /><F62/><W115/><G31/><N who="0" m="19839" /><D2/><U26/><E123/><V60/><F60/><W134/><G115/><T102/><D102/><U79/><E79/><V131/><F131/><W106/><G106/><T64/><D64/><U11/><E11/><AGARI ba="1,0" hai="11,15,16,22,23,83,85,88,91,95,97" m="28919" machi="11" ten="30,7700,0" yaku="25,1,8,1,54,2" doraHai="104" who="2" fromWho="1" sc="238,0,107,-80,336,80,319,0" /><INIT seed="6,0,0,1,0,63" ten="238,27,416,319" oya="2" hai0="105,130,87,117,37,29,17,23,7,106,14,121,109" hai1="40,53,20,80,5,99,22,45,55,62,116,95,64" hai2="24,6,133,81,39,75,125,67,38,58,88,111,15" hai3="108,54,97,82,127,103,31,73,69,1,96,74,107"/><V51/><F133/><W115/><G1/><T19/><D121/><U66/><E116/><V10/><F125/><W47/><G31/><T18/><D117/><U25/><E5/><V86/><F111/><W114/><G54/><T76/><D109/><U12/><E80/><V4/><F75/><W60/><G47/><T35/><D37/><U123/><E123/><V110/><F110/><W131/><G108/><T89/><D76/><U102/><E62/><N who="2" m="38359" /><F38/><W135/><G127/><T32/><D130/><U41/><E12/><V44/><F39/><W56/><G56/><T68/><D68/><U21/><E25/><V84/><F84/><W77/><G131/><T43/><D43/><N who="1" m="16459" /><E45/><V113/><F24/><W28/><G28/><T94/><D105/><U129/><E129/><V9/><F113/><N who="3" m="43019" /><G135/><T119/><D106/><U61/><E61/><V124/><F124/><W92/><G60/><T34/><D119/><U33/><E33/><V79/><F79/><W16/><G69/><T3/><REACH who="0" step="1"/><D29/><REACH who="0" ten="228,27,416,319" step="2"/><U11/><E11/><AGARI ba="0,1" hai="3,7,11,14,17,18,19,23,32,34,35,87,89,94" machi="11" ten="40,2600,0" yaku="1,1,2,1,53,0" doraHai="63" doraHaiUra="118" who="0" fromWho="1" sc="228,36,27,-26,416,0,319,0" /><INIT seed="7,0,0,3,4,12" ten="264,1,416,319" oya="3" hai0="111,25,60,13,46,65,44,94,8,28,135,81,66" hai1="84,130,106,124,74,107,7,11,40,70,118,51,61" hai2="47,52,6,34,72,54,102,18,30,4,120,35,104" hai3="67,22,58,16,119,103,78,5,126,121,116,57,131"/><W80/><G121/><T86/><D111/><U41/><E74/><V10/><F72/><W88/><G119/><T129/><D135/><U36/><E84/><V98/><F120/><W33/><G33/><T105/><D105/><U85/><E85/><V64/><F35/><W117/><G116/><T0/><D0/><U50/><E118/><V82/><F82/><W96/><G117/><T69/><D129/><U83/><E83/><V125/><F125/><W21/><G126/><T19/><D94/><U128/><E124/><V31/><F34/><W45/><G5/><T77/><REACH who="0" step="1"/><D66/><REACH who="0" ten="254,1,416,319" step="2"/><U63/><E70/><V71/><F64/><W91/><G131/><T48/><D48/><U127/><E127/><V42/><F104/><W109/><G109/><T1/><D1/><U59/><E36/><V49/><F49/><W76/><G67/><T26/><D26/><U29/><E7/><V38/><F38/><W89/><G103/><T97/><D97/><U92/><E92/><V100/><F100/><W20/><G96/><T123/><D123/><U43/><E43/><V32/><F98/><W3/><G3/><T73/><D73/><U55/><E59/><N who="3" m="22538" /><G45/><T112/><D112/><U2/><E2/><V9/><F102/><W14/><G80/><T95/><D95/><U87/><E87/><V122/><F47/><W17/><G14/><T110/><D110/><U62/><E62/><V15/><F15/><W53/><G53/><T39/><D39/><U27/><E55/><V75/><F54/><W79/><AGARI ba="0,1" hai="16,17,20,21,22,76,78,79,88,89,91" m="22538" machi="79" ten="40,24000,3" yaku="29,2,28,2,8,1,52,2,54,2" doraHai="12" who="3" fromWho="3" sc="254,-80,1,-80,416,-80,319,250" owari="174,-23.0,-79,-58.0,336,14.0,569,67.0" /></mjloggm>