<mjloggm ver="2.3"><GO type="97" lobby="0"/><UN n0="%E3%82%92%E4%B8%80" n1="%73%68%69%6B%61%74%61" n2="%E3%82%A6%E3%83%AB%E3%83%88%E3%83%A9%E7%AB%8B%E7%9B%B4" n3="%E3%83%96%E3%82%A8%E3%81%A1%E3%82%83%E3%82%93" dan="15,15,15,14" rate="2002.87,1955.87,1961.15,2048.94" sx="M,M,M,M"/><TAIKYOKU oya="0"/><INIT seed="0,0,0,4,1,70" ten="250,250,250,250" oya="0" hai0="63,17,114,12,121,92,14,60,13,37,22,78,59" hai1="99,50,134,32,68,39,107,128,5,102,106,2,18" hai2="25,89,135,86,85,97,104,31,129,47,53,42,44" hai3="30,101,1,10,108,72,36,54,110,35,111,119,130"/><T83/><D114/><U122/><E122/><V123/><F129/><W88/><G119/><T46/><D121/><U23/><E32/><V27/><F135/><W40/><G130/><T64/><D92/><U28/><E68/><V62/><F123/><W120/><G120/><T51/><D63/><U84/><E134/><V103/><F27/><N who="3" m="18911" /><G72/><T8/><D8/><U33/><E84/><V0/><F0/><W90/><G101/><T52/><REACH who="0" step="1"/><D37/><REACH who="0" ten="240,250,250,250" step="2"/><U58/><E39/><V61/><F62/><W95/><G95/><T11/><D11/><U100/><E107/><V20/><F61/><W127/><G127/><T73/><AGARI ba="0,1" hai="12,13,14,17,22,46,51,52,59,60,64,73,78,83" machi="73" ten="20,7800,0" yaku="1,1,0,1,7,1,54,1,53,0" doraHai="70" doraHaiUra="67" who="0" fromWho="0" sc="240,88,250,-26,250,-26,250,-26" /><INIT seed="0,1,0,3,1,134" ten="328,224,224,224" oya="0" hai0="43,31,87,107,124,91,114,132,28,123,34,32,25" hai1="105,64,115,106,131,38,69,130,102,89,42,44,22" hai2="80,73,10,27,15,39,24,50,127,122,49,47,101" hai3="54,37,128,112,63,92,116,95,79,81,57,13,62"/><T3/><D114/><U133/><E133/><V65/><F122/><W56/><G37/><T20/><D132/><U68/><E89/><V2/><F2/><W86/><G128/><N who="1" m="49194" /><E22/><V14/><F39/><W119/><G112/><T113/><D123/><U82/><E115/><V9/><F65/><W104/><G104/><N who="1" m="40042" /><E102/><V8/><F101/><W61/><G13/><N who="2" m="4617" /><F80/><W40/><G40/><T4/><D43/><U93/><E93/><V11/><N who="2" m="2560" /><DORA hai="94" /><V17/><F47/><W46/><G46/><T6/><D20/><U97/><E82/><V19/><F73/><W35/><G35/><T0/><D107/><U53/><E53/><V5/><F5/><W111/><G111/><T118/><D113/><U83/><E83/><V72/><F72/><W77/><G77/><T126/><D6/><U75/><E97/><V74/><F74/><W36/><G36/><T99/><D99/><U7/><E7/><V66/><F66/><W48/><G57/><T1/><D4/><U85/><E85/><V135/><F135/><W45/><G56/><T90/><D87/><U103/><E103/><V23/><F23/><W60/><N who="3" m="15872" /><DORA hai="52" /><W41/><G41/><T21/><D21/><U26/><E75/><V120/><F120/><W129/><G129/><T125/><D91/><U51/><E26/><N who="2" m="9771" /><F127/><W121/><G121/><T88/><BYE who="3" /><D25/><U29/><E64/><UN n3="%E3%83%96%E3%82%A8%E3%81%A1%E3%82%83%E3%82%93" /><V12/><N who="2" m="4625" /><V16/><AGARI ba="1,0" hai="16,17,19,49,50" m="9771,2560,4625" machi="16" ten="60,8000,1" yaku="4,1,28,2,8,1,54,1" doraHai="134,94,52" who="2" fromWho="2" sc="328,-41,224,-21,224,83,224,-21" /><INIT seed="1,0,0,3,1,37" ten="287,203,307,203" oya="1" hai0="26,7,50,52,125,11,115,112,126,65,54,64,124" hai1="92,109,66,67,119,80,132,32,97,17,88,122,28" hai2="89,76,93,19,51,22,118,99,9,47,129,42,35" hai3="134,63,62,133,105,58,98,61,78,16,73,20,94"/><U116/><E122/><V6/><F35/><W39/><G105/><T100/><D100/><U2/><E2/><V95/><F129/><W31/><G31/><T117/><D26/><U8/><E132/><N who="3" m="50794" /><G39/><T27/><D27/><U0/><E80/><V90/><F118/><W110/><G110/><T127/><D117/><U114/><E114/><N who="0" m="43561" /><D54/><U5/><E109/><V113/><F76/><W60/><G78/><T10/><D127/><U85/><E119/><V21/><F113/><W75/><N who="3" m="15872" /><DORA hai="12" /><W4/><G4/><T120/><D120/><U1/><E1/><V33/><F33/><W83/><G58/><N who="0" m="33047" /><D11/><U15/><E116/><V135/><F135/><W25/><G83/><T13/><AGARI ba="0,0" hai="7,10,13,64,65,124,125,126" m="33047,43561" machi="13" ten="40,2700,0" yaku="18,1,54,1" doraHai="37,12" who="0" fromWho="0" sc="287,27,203,-13,307,-7,203,-7" /><INIT seed="2,0,0,2,1,70" ten="314,190,300,196" oya="2" hai0="65,33,124,41,48,109,81,130,89,10,69,75,93" hai1="60,44,53,129,6,86,14,50,8,23,9,83,71" hai2="61,7,94,11,42,96,74,58,59,34,106,126,134" hai3="127,64,117,72,76,116,0,36,45,101,63,39,16"/><V77/><F106/><W87/><G0/><T12/><D33/><U125/><E125/><V66/><F34/><W68/><G87/><T62/><D124/><U102/><E129/><V37/><F126/><W91/><G91/><T78/><D130/><U46/><E102/><V21/><F134/><W22/><G22/><T24/><D109/><U20/><E9/><V30/><F59/><W43/><G16/><T79/><D79/><U51/><E60/><V67/><F67/><W123/><G123/><T90/><BYE who="3" /><D24/><U88/><REACH who="1" step="1"/><E71/><REACH who="1" ten="314,180,300,196" step="2"/><V110/><F110/><W112/><G112/><T4/><D62/><UN n3="%E3%83%96%E3%82%A8%E3%81%A1%E3%82%83%E3%82%93" /><U84/><E84/><V26/><F74/><W28/><G28/><T115/><D69/><U135/><E135/><V52/><F11/><W47/><G127/><T107/><D115/><U32/><E32/><V85/><F7/><W3/><G101/><T132/><D132/><U113/><E113/><V122/><F122/><W99/><G99/><T97/><D97/><U49/><E49/><V56/><F85/><W2/><G2/><T120/><D48/><U100/><E100/><N who="2" m="60439" /><F77/><W105/><G105/><T82/><D107/><U131/><E131/><V108/><F108/><W19/><G3/><T29/><D78/><U118/><E118/><N who="3" m="45674" /><G19/><T114/><D120/><U92/><E92/><V95/><F95/><W55/><G76/><T103/><D114/><U25/><E25/><V119/><F119/><W40/><G72/><T121/><D75/><U15/><E15/><V80/><F26/><W18/><G18/><N who="0" m="8471" /><D121/><U17/><E17/><V1/><F1/><W128/><G128/><RYUUKYOKU ba="0,1" sc="314,-15,180,15,300,-15,196,15" hai1="6,8,14,20,23,44,46,50,51,53,83,86,88" hai3="36,39,40,43,45,47,55,63,64,68" /><INIT seed="3,1,1,4,1,104" ten="299,195,285,211" oya="3" hai0="87,11,47,58,62,115,119,95,118,57,109,132,85" hai1="80,72,73,92,94,12,9,110,14,59,4,37,40" hai2="74,10,129,66,93,6,75,28,78,96,71,67,114" hai3="122,100,55,33,53,51,123,70,112,50,77,23,102"/><W35/><G112/><T120/><D120/><U121/><E121/><V134/><F114/><W30/><G70/><T31/><D115/><U36/><E80/><V45/><F28/><W81/><G23/><T39/><D31/><U65/><E65/><N who="2" m="24587" /><F78/><W82/><G30/><T97/><D119/><U88/><E59/><V108/><F45/><W22/><G22/><T0/><D118/><U19/><E110/><V106/><F106/><W1/><G77/><T15/><D0/><AGARI ba="1,1" hai="0,1,33,35,50,51,53,55,81,82,100,102,122,123" machi="0" ten="25,2400,0" yaku="22,2" doraHai="104" who="3" fromWho="0" sc="299,-27,195,0,285,0,211,37" /><INIT seed="3,2,0,2,0,119" ten="272,195,285,248" oya="3" hai0="49,113,76,3,12,72,13,118,14,100,65,15,9" hai1="25,29,62,73,51,1,70,122,42,88,61,112,47" hai2="17,115,66,18,10,44,41,71,106,46,135,133,94" hai3="4,24,97,43,30,0,57,129,74,102,86,124,28"/><W8/><G74/><T79/><D118/><U126/><E122/><V64/><F106/><W84/><G124/><T56/><D113/><U105/><E105/><V22/><F115/><W40/><G129/><T19/><D3/><U6/><E112/><V63/><F66/><W69/><G69/><T52/><D72/><U33/><E73/><V45/><F94/><W116/><G57/><T11/><D100/><U37/><E126/><V130/><F130/><W127/><G116/><T54/><D65/><U85/><E70/><V111/><F111/><W5/><G5/><T67/><D67/><U92/><REACH who="1" step="1"/><E37/><REACH who="1" ten="272,185,285,248" step="2"/><V134/><F41/><W96/><G127/><T125/><D125/><U2/><E2/><V103/><F10/><AGARI ba="2,1" hai="1,6,10,25,29,33,42,47,51,61,62,85,88,92" machi="10" ten="40,5200,0" yaku="1,1,54,1,53,1" doraHai="119" doraHaiUra="26" who="1" fromWho="2" sc="272,0,185,68,285,-58,248,0" /><INIT seed="4,0,0,3,5,122" ten="272,253,227,248" oya="0" hai0="92,104,97,58,76,111,54,27,31,57,41,86,119" hai1="135,22,98,10,102,34,17,9,19,61,121,25,26" hai2="46,23,18,63,11,67,90,50,44,32,127,33,60" hai3="73,42,115,93,12,131,24,47,68,43,56,14,125"/><T48/><D119/><U13/><E121/><V130/><F127/><W112/><G73/><T91/><D41/><N who="3" m="15369" /><G68/><T123/><D123/><U108/><E108/><V116/><F130/><W62/><G47/><T128/><D128/><U114/><E61/><V59/><F116/><W96/><G131/><T118/><D118/><U20/><E102/><V78/><F78/><W45/><G45/><T129/><D129/><U53/><E53/><V64/><F11/><N who="1" m="4105" /><E98/><V107/><F107/><W80/><G80/><T35/><D111/><U81/><E81/><V6/><F6/><W51/><G51/><T77/><REACH who="0" step="1"/><D57/><REACH who="0" ten="262,253,227,248" step="2"/><U65/><E135/><V84/><F33/><W70/><G56/><T49/><D49/><U69/><E69/><V94/><F32/><W5/><G70/><T101/><AGARI ba="0,1" hai="27,31,35,48,54,58,76,77,86,91,92,97,101,104" machi="101" ten="30,3000,0" yaku="1,1,0,1,53,0" doraHai="122" doraHaiUra="7" who="0" fromWho="0" sc="262,40,253,-10,227,-10,248,-10" owari="302,40.0,243,4.0,217,-28.0,238,-16.0" /></mjloggm>