<mjloggm ver="2.3"><GO type="97" lobby="0"/><UN n0="%74%6F%73%74%6F%73" n1="%E7%8C%AB%E5%8F%89%4D%61%73%74%65%72" n2="%E3%82%A6%E3%83%AB%E3%83%88%E3%83%A9%E7%AB%8B%E7%9B%B4" n3="%4E%65%65%74" dan="13,15,15,13" rate="1856.31,2025.86,2004.23,1882.31" sx="M,M,M,M"/><TAIKYOKU oya="0"/><INIT seed="0,0,0,1,5,128" ten="250,250,250,250" oya="0" hai0="48,3,113,103,62,17,114,86,31,28,39,40,101" hai1="129,2,0,90,46,4,82,117,50,134,53,89,122" hai2="44,18,57,135,7,87,98,45,84,125,108,102,65" hai3="55,61,81,118,76,123,100,42,121,27,67,49,58"/><T119/><D39/><U1/><E117/><V130/><F130/><W54/><G118/><T107/><D3/><U78/><E122/><N who="3" m="46602" /><G100/><T99/><D119/><U37/><E129/><V72/><F72/><N who="3" m="43143" /><G27/><T69/><D101/><U13/><E37/><V91/><F7/><W19/><G19/><T8/><D86/><U71/><E71/><V132/><F18/><W11/><G11/><T95/><D107/><U88/><E134/><N who="2" m="51243" /><F125/><W36/><G36/><T93/><D95/><U75/><REACH who="1" step="1"/><E13/><REACH who="1" ten="250,240,250,250" step="2"/><V16/><F108/><W106/><G106/><T51/><D114/><U22/><E22/><V115/><F115/><W64/><G64/><T34/><D113/><U41/><E41/><V74/><F65/><W60/><G42/><T116/><D116/><U35/><E35/><V96/><F74/><W33/><G33/><T21/><D34/><U77/><E77/><V104/><F16/><W97/><G67/><T79/><D69/><U43/><E43/><V52/><F98/><W127/><G127/><T133/><D133/><U85/><E85/><N who="2" m="32843" /><F91/><W26/><G97/><T12/><D40/><U56/><E56/><V112/><F112/><W9/><G55/><T10/><D8/><AGARI ba="0,1" hai="0,1,2,4,8,46,50,53,75,78,82,88,89,90" machi="8" ten="40,5200,0" yaku="1,1,54,1,53,1" doraHai="128" doraHaiUra="73" who="1" fromWho="0" sc="250,-52,240,62,250,0,250,0" /><INIT seed="1,0,0,5,1,131" ten="198,302,250,250" oya="1" hai0="97,92,23,2,93,107,83,88,39,84,65,9,133" hai1="112,100,108,44,70,101,51,33,54,67,90,19,25" hai2="43,78,77,95,61,35,10,32,20,116,109,22,134" hai3="99,117,49,91,68,87,76,38,119,37,4,58,111"/><U126/><E112/><V13/><F43/><W85/><G68/><T86/><D39/><U105/><E126/><V28/><F61/><W40/><G111/><T63/><D133/><U82/><E108/><V56/><F56/><W71/><G71/><T132/><D132/><U72/><E105/><V89/><F116/><N who="3" m="44619" /><G4/><T114/><D114/><U118/><E118/><V12/><F28/><W128/><G128/><T120/><D120/><U57/><E70/><V31/><F31/><W30/><G30/><T79/><D23/><U64/><E33/><V41/><F41/><W96/><G76/><T135/><D135/><U11/><E72/><V47/><F134/><W124/><G124/><T26/><D26/><U53/><E64/><V8/><F47/><N who="3" m="25831" /><G58/><T74/><D2/><U29/><E67/><V5/><F109/><W36/><G87/><T17/><D17/><U66/><E66/><V27/><F27/><W34/><G34/><T81/><D9/><U46/><E29/><V98/><F32/><W60/><G60/><T127/><D63/><U106/><E57/><V121/><F35/><W50/><G50/><T129/><D65/><U1/><E51/><V3/><F3/><W113/><G113/><T14/><D14/><U6/><E25/><V15/><F121/><W103/><G103/><N who="0" m="62959" /><D127/><U48/><E19/><N who="2" m="8599" /><F15/><W7/><G7/><T42/><D42/><U62/><E62/><V104/><F104/><W69/><G69/><T94/><D129/><U110/><E106/><V52/><F52/><W45/><G45/><T24/><D24/><U0/><E110/><V16/><F5/><RYUUKYOKU ba="0,0" sc="198,10,302,-30,250,10,250,10" hai0="74,79,81,83,84,86,88,92,93,94" hai2="8,13,16,20,22,77,78,89,95,98" hai3="36,37,38,85,91,96,99" /><INIT seed="2,1,0,3,4,32" ten="208,272,260,260" oya="2" hai0="13,38,70,128,10,101,125,89,131,1,7,46,56" hai1="97,104,109,132,77,41,116,120,24,66,64,81,15" hai2="58,98,80,21,86,37,2,93,124,17,123,25,31" hai3="45,11,73,113,29,134,78,43,135,39,95,112,54"/><V28/><F37/><W36/><G29/><T85/><D70/><U65/><E116/><V92/><F123/><W68/><G68/><T55/><D101/><U84/><E109/><V130/><F2/><W34/><G34/><T4/><D125/><U94/><E104/><V71/><F71/><W8/><G54/><T63/><D46/><U44/><E120/><V103/><F124/><W88/><G39/><T57/><D56/><U117/><E117/><V59/><F93/><W14/><G78/><T133/><D38/><U20/><E132/><N who="3" m="50730" /><G73/><T119/><D133/><U121/><E121/><V67/><F130/><N who="0" m="49706" /><D119/><U110/><E110/><V19/><F31/><W16/><G8/><N who="0" m="2063" /><D85/><AGARI ba="1,0" hai="11,14,16,36,43,45,85,88,95,112,113" m="50730" machi="85" ten="30,3900,0" yaku="20,1,54,2" doraHai="32" who="3" fromWho="0" sc="208,-42,272,0,260,0,260,42" /><INIT seed="3,0,0,0,5,20" ten="166,272,260,302" oya="3" hai0="99,37,43,96,56,123,118,25,70,117,110,104,113" hai1="73,86,87,79,124,3,128,53,111,72,7,48,33" hai2="50,57,12,4,21,94,41,28,60,61,115,103,9" hai3="13,54,68,2,11,78,14,95,77,101,38,65,97"/><W40/><G2/><T81/><D70/><U58/><E33/><V100/><F115/><W121/><G121/><T83/><D123/><U29/><E124/><V46/><F94/><W102/><G102/><N who="2" m="38953" /><F57/><W125/><G125/><T126/><D126/><U66/><E128/><V84/><F84/><W106/><G106/><T35/><D113/><U44/><E111/><V42/><F42/><W39/><G14/><T76/><D110/><U75/><E79/><V92/><F92/><W85/><G54/><T31/><D83/><U47/><E29/><V24/><AGARI ba="0,0" hai="4,9,12,21,24,28,41,46,50,60,61" m="38953" machi="24" ten="30,2000,0" yaku="8,1,52,1" doraHai="20" who="2" fromWho="2" sc="166,-5,272,-5,260,20,302,-10" /><INIT seed="4,0,0,1,5,89" ten="161,267,280,292" oya="0" hai0="23,123,58,28,71,78,104,106,63,18,24,52,84" hai1="44,112,120,130,13,7,135,20,53,99,33,77,8" hai2="92,10,88,133,85,39,25,110,43,119,115,128,66" hai3="127,105,83,1,49,87,65,101,79,56,37,118,114"/><T17/><D123/><U82/><E120/><V103/><F110/><W132/><G118/><T111/><D71/><U47/><E33/><V31/><F115/><W0/><G37/><T36/><D36/><U15/><E112/><V27/><F128/><W22/><G114/><T109/><D78/><U97/><E130/><V67/><F133/><W14/><G105/><T12/><D84/><N who="1" m="48207" /><E135/><V50/><F39/><W16/><G132/><T73/><D73/><U76/><E76/><V94/><F10/><W51/><G101/><T45/><D18/><N who="1" m="10319" /><E53/><V102/><F119/><W86/><G127/><T42/><D45/><AGARI ba="0,0" hai="7,8,15,44,45,47,97,99" m="10319,48207" machi="45" ten="30,1000,0" yaku="8,1" doraHai="89" who="1" fromWho="0" sc="161,-10,267,10,280,0,292,0" /><INIT seed="5,0,0,4,3,62" ten="151,277,280,292" oya="1" hai0="72,109,87,95,52,39,13,31,74,122,44,106,19" hai1="69,20,26,68,117,131,89,86,126,8,37,47,128" hai2="75,121,2,120,119,3,129,17,135,66,99,103,123" hai3="78,111,41,134,88,12,11,115,101,73,80,42,61"/><U104/><E117/><V22/><F75/><W91/><G111/><T96/><D109/><U10/><E104/><V24/><F119/><W4/><G101/><T133/><D133/><U7/><E126/><V116/><F116/><W54/><G134/><T5/><D122/><U90/><E47/><V32/><F32/><W92/><G115/><T18/><D31/><N who="1" m="17863" /><E37/><V23/><F135/><W16/><G4/><T94/><D106/><U76/><E76/><V114/><F114/><W29/><G29/><T110/><D110/><U53/><E53/><V112/><F23/><W113/><G113/><T34/><D34/><U48/><E48/><V38/><F38/><W40/><REACH who="3" step="1"/><G92/><REACH who="3" ten="151,277,280,282" step="2"/><T79/><D95/><N who="1" m="54711" /><E7/><V21/><F112/><W77/><G77/><T35/><D35/><U65/><E90/><V93/><F121/><W124/><G124/><T105/><D105/><U28/><E28/><N who="2" m="17423" /><F123/><W25/><G25/><T70/><D5/><U100/><E100/><V130/><F120/><W27/><G27/><T59/><D70/><U108/><E108/><V58/><F3/><W71/><G71/><T118/><D118/><U46/><E68/><V127/><F2/><W6/><G6/><T97/><D72/><U45/><E8/><V36/><F127/><W51/><G51/><T9/><D74/><U85/><E10/><V33/><F36/><W56/><AGARI ba="0,1" hai="11,12,16,40,41,42,54,56,61,73,78,80,88,91" machi="56" ten="30,7900,0" yaku="1,1,0,1,54,2,53,0" doraHai="62" doraHaiUra="64" who="3" fromWho="3" sc="151,-20,277,-39,280,-20,282,89" owari="131,-37.0,238,-16.0,260,6.0,371,47.0" /></mjloggm>