<mjloggm ver="2.3"><GO type="169" lobby="0"/><UN n0="%52%6F%62%69%4E" n1="%E3%83%AC%E3%83%87%E3%82%B9%E3%83%9E" n2="%E3%81%BF%E3%82%84%E3%81%93%E3%82%93%EF%BC%99%E6%AD%B3" n3="%E3%82%A6%E3%83%AB%E3%83%88%E3%83%A9%E7%AB%8B%E7%9B%B4" dan="17,16,17,16" rate="2148.84,2074.64,2180.89,2035.46" sx="M,M,F,M"/><TAIKYOKU oya="0"/><INIT seed="0,0,0,5,3,81" ten="250,250,250,250" oya="0" hai0="49,30,25,73,52,101,62,41,111,128,120,79,97" hai1="47,74,55,93,16,45,68,131,113,135,87,126,8" hai2="64,109,123,116,105,91,88,61,102,106,84,66,124" hai3="70,37,10,114,122,112,100,67,82,133,85,63,42"/><T71/><D120/><U77/><E68/><V19/><F123/><W72/><G122/><T127/><D128/><U99/><E74/><V40/><F40/><W18/><G72/><T110/><D41/><U44/><E131/><V39/><F39/><W17/><G133/><T76/><D127/><U107/><E107/><V129/><F129/><W65/><G100/><T9/><D9/><U32/><E32/><V27/><F124/><W51/><G37/><T50/><D50/><U7/><E135/><V3/><F3/><W46/><G67/><T38/><D38/><U83/><E126/><V21/><F109/><N who="0" m="41482" /><D62/><U33/><E33/><V86/><F116/><W26/><G26/><T12/><D12/><N who="1" m="7175" /><E7/><V23/><F102/><W118/><G118/><T104/><D71/><U54/><E113/><V103/><F103/><AGARI ba="0,0" hai="44,45,47,54,55,77,83,87,93,99,103" m="7175" machi="103" ten="30,3900,0" yaku="8,1,52,1,54,1" doraHai="81" who="1" fromWho="2" sc="250,0,250,39,250,-39,250,0" /><INIT seed="1,0,0,4,1,85" ten="250,289,211,250" oya="1" hai0="45,7,111,55,56,121,75,79,80,86,122,96,97" hai1="48,12,105,127,15,10,130,107,109,100,114,129,76" hai2="6,59,87,34,3,43,27,58,13,35,1,125,104" hai3="47,81,24,110,89,128,115,66,118,60,71,117,38"/><U131/><E114/><V33/><F104/><W135/><G115/><T134/><D7/><U61/><E76/><V98/><F98/><W74/><G24/><T11/><D11/><U26/><E127/><V36/><F36/><W65/><G65/><T39/><D111/><U119/><E119/><N who="3" m="45578" /><G110/><T82/><D134/><U83/><E83/><V22/><F43/><N who="3" m="23031" /><G135/><T69/><D69/><U23/><E109/><V54/><F125/><W102/><G102/><T63/><D39/><U93/><E61/><V90/><F59/><W112/><G112/><T84/><D45/><U32/><E48/><V5/><F3/><W73/><G128/><T52/><D55/><U132/><E132/><V99/><F99/><W0/><G0/><T92/><D97/><N who="1" m="59439" /><E32/><V49/><F1/><W133/><G133/><T2/><D2/><U14/><E10/><V103/><F103/><W31/><G31/><AGARI ba="0,0" hai="12,14,15,23,26,31,105,107,129,130,131" m="59439" machi="31" ten="40,2000,0" yaku="19,1" doraHai="85" who="1" fromWho="3" sc="250,0,289,20,211,0,250,-20" /><INIT seed="1,1,0,2,0,83" ten="250,309,211,230" oya="1" hai0="112,103,129,80,130,74,105,132,16,120,35,100,122" hai1="65,113,8,69,121,40,104,19,87,96,131,59,66" hai2="48,54,42,63,36,53,51,44,14,52,55,22,107" hai3="78,97,91,38,1,10,47,106,118,99,123,45,32"/><U64/><E121/><N who="0" m="46697" /><D35/><U60/><E113/><V115/><F107/><W4/><G32/><T37/><D37/><U5/><E69/><V90/><F115/><W77/><G123/><T135/><D112/><U25/><E40/><V34/><F34/><W57/><G118/><T24/><D105/><U124/><E124/><V58/><F90/><W21/><G99/><T114/><D114/><U71/><E71/><V108/><F108/><W98/><G98/><T82/><D82/><U134/><E131/><N who="0" m="50185" /><D24/><U95/><E104/><V33/><F33/><W3/><G3/><T70/><D16/><U13/><E25/><V125/><F125/><W101/><G21/><T9/><D9/><U46/><E8/><V6/><REACH who="2" step="1"/><F22/><REACH who="2" ten="250,309,201,230" step="2"/><W43/><G91/><T79/><D70/><U92/><E96/><V20/><F20/><W72/><G97/><T30/><D30/><U126/><E126/><V28/><F28/><W41/><G106/><T68/><D68/><U111/><E111/><V49/><F49/><W88/><G88/><T110/><D110/><U102/><E102/><AGARI ba="1,1" hai="74,79,80,100,102,103,132,135" m="50185,46697" machi="102" ten="40,8000,1" yaku="13,1,19,1,34,2" doraHai="83" who="0" fromWho="1" sc="250,93,309,-83,201,0,230,0" /><INIT seed="2,0,0,3,1,111" ten="343,226,201,230" oya="2" hai0="52,42,17,128,72,112,26,69,37,63,51,130,131" hai1="31,78,75,49,121,15,125,43,3,132,9,96,6" hai2="90,44,14,57,100,110,113,82,38,34,93,116,27" hai3="107,1,79,88,60,50,71,86,126,101,66,47,29"/><V67/><F116/><W10/><G126/><T45/><D72/><U115/><E115/><V91/><F110/><W77/><G29/><T118/><D26/><U64/><E31/><V85/><F113/><W2/><G2/><T123/><D17/><U46/><E125/><V83/><F100/><W87/><G87/><T8/><D8/><U95/><E132/><V39/><F14/><W81/><G101/><T18/><D18/><U122/><E64/><V24/><F34/><W58/><G107/><T55/><D112/><U36/><E78/><V30/><F30/><W28/><G28/><T54/><D118/><U133/><E75/><V25/><F44/><W40/><G1/><T56/><D123/><N who="1" m="47115" /><E133/><V61/><REACH who="2" step="1"/><F83/><REACH who="2" ten="343,226,191,230" step="2"/><W23/><G81/><T105/><D105/><U119/><E119/><V89/><F89/><W124/><G88/><T20/><D20/><U117/><E117/><V104/><F104/><W92/><G23/><T114/><D114/><U109/><E109/><V97/><AGARI ba="0,1" hai="24,25,27,38,39,57,61,67,82,85,90,91,93,97" machi="97" ten="30,3000,0" yaku="1,1,0,1,53,0" doraHai="111" doraHaiUra="4" who="2" fromWho="2" sc="343,-10,226,-10,191,40,230,-10" /><INIT seed="2,1,0,2,5,10" ten="333,216,231,220" oya="2" hai0="105,126,24,70,112,87,49,95,122,40,120,2,97" hai1="32,114,128,46,124,18,26,94,77,86,100,23,129" hai2="89,111,42,68,59,34,91,107,21,67,130,116,62" hai3="57,53,55,6,35,11,52,56,63,98,102,81,60"/><V22/><F116/><W92/><G35/><T90/><D2/><U8/><E114/><V47/><F34/><W78/><G55/><T39/><D112/><U61/><E124/><V73/><F73/><W48/><G48/><T93/><D39/><U20/><E32/><V38/><F107/><W15/><G81/><T14/><D105/><U69/><E46/><V85/><F130/><W121/><REACH who="3" step="1"/><G78/><REACH who="3" ten="333,216,231,210" step="2"/><T7/><D122/><AGARI ba="1,1" hai="6,11,15,52,53,56,57,60,63,92,98,102,121,122" machi="122" ten="40,12000,2" yaku="1,1,2,1,9,1,52,1,54,1,53,2" doraHai="10" doraHaiUra="118" who="3" fromWho="0" sc="333,-123,216,0,231,0,210,133" /><INIT seed="3,0,0,2,5,51" ten="210,216,231,343" oya="3" hai0="12,40,39,86,9,98,55,128,68,115,107,58,46" hai1="90,54,70,130,104,87,110,81,108,44,126,19,123" hai2="36,121,25,109,35,63,2,20,5,134,106,3,120" hai3="42,129,4,45,99,56,26,64,111,125,79,131,89"/><W76/><G4/><N who="0" m="3111" /><D68/><U29/><E123/><N who="2" m="47179" /><F36/><W38/><G79/><T82/><D39/><U6/><E104/><V52/><F106/><W84/><G76/><N who="0" m="46407" /><D128/><N who="3" m="49225" /><G99/><T18/><D18/><U103/><E19/><N who="2" m="12447" /><F35/><W23/><G125/><T69/><D69/><U94/><E70/><V41/><F41/><W24/><G111/><T77/><D107/><U43/><E126/><V100/><F109/><W7/><G7/><T133/><D77/><U15/><E130/><V49/><F100/><W30/><G24/><T118/><D118/><U75/><E103/><V14/><F63/><N who="3" m="37991" /><G89/><T132/><D115/><U53/><E90/><V73/><F73/><W33/><G84/><T57/><D132/><U67/><E75/><V0/><F134/><W8/><G8/><T91/><D133/><U74/><E74/><V105/><F105/><W37/><G37/><T47/><D40/><U71/><E43/><V97/><F97/><W31/><G31/><T127/><D127/><U22/><E29/><V119/><F119/><W34/><AGARI ba="0,0" hai="23,26,30,33,34,38,42,45" m="37991,49225" machi="34" ten="30,1500,0" yaku="19,1" doraHai="51" who="3" fromWho="3" sc="210,-5,216,-5,231,-5,343,15" /><INIT seed="3,1,0,4,3,73" ten="205,211,226,358" oya="3" hai0="69,8,117,60,104,21,49,6,10,107,121,32,30" hai1="26,95,48,106,119,45,35,22,88,77,37,93,43" hai2="16,86,123,125,13,14,38,128,110,127,58,47,63" hai3="41,67,76,134,7,61,81,132,71,1,29,31,118"/><W91/><G118/><T111/><D111/><U82/><E35/><V4/><F110/><W130/><G41/><T65/><D10/><U129/><E106/><V101/><F128/><W36/><G36/><T97/><D117/><U79/><E119/><V25/><F123/><W17/><G130/><T74/><D121/><U99/><E129/><V78/><F101/><W62/><G91/><T11/><D11/><U87/><E37/><V103/><F103/><W133/><G7/><T75/><D21/><U34/><E34/><V105/><F105/><W114/><G1/><N who="0" m="79" /><D49/><U50/><E50/><V55/><F38/><W3/><G3/><T72/><D97/><U115/><E115/><V52/><F4/><W92/><G114/><T68/><D68/><U19/><E95/><V2/><F2/><W54/><G92/><T53/><D53/><U131/><E131/><V64/><F55/><W135/><N who="3" m="33792" /><DORA hai="23" /><W84/><G17/><T122/><D122/><U28/><E19/><V46/><F64/><W83/><G83/><T44/><D44/><U90/><AGARI ba="1,0" hai="22,26,28,43,45,48,77,79,82,87,88,90,93,99" machi="90" ten="20,12000,2" yaku="0,1,7,1,8,1,52,3,54,1" doraHai="73,23" who="1" fromWho="1" sc="205,-31,211,123,226,-31,358,-61" /><INIT seed="4,0,0,5,0,134" ten="174,334,195,297" oya="0" hai0="21,44,0,43,7,31,41,29,52,128,98,119,108" hai1="47,59,68,14,70,115,39,91,6,132,79,67,126" hai2="20,33,26,37,38,129,25,92,113,131,95,123,104" hai3="96,64,112,133,74,75,65,30,11,118,23,102,93"/><T81/><D119/><U13/><E79/><V107/><F20/><W135/><G118/><T22/><D128/><U120/><E120/><V83/><F83/><W27/><G11/><T77/><D108/><U111/><E111/><V84/><F84/><W24/><G112/><T86/><D7/><U48/><E39/><V1/><F1/><W72/><G27/><N who="2" m="10249" /><F33/><W56/><G65/><T110/><D0/><U109/><E109/><V62/><F62/><AGARI ba="0,0" hai="23,24,30,56,62,64,72,74,75,93,96,102,133,135" machi="62" ten="50,3200,0" yaku="25,2" doraHai="134" who="3" fromWho="2" sc="174,0,334,0,195,-32,297,32" /><INIT seed="5,0,0,0,5,4" ten="174,334,163,329" oya="1" hai0="106,46,92,35,12,11,13,15,123,101,70,103,110" hai1="50,114,7,134,93,109,6,47,124,73,89,130,132" hai2="98,31,51,0,33,5,44,116,39,48,83,90,82" hai3="112,45,113,72,21,19,61,84,34,29,79,88,3"/><U67/><E114/><N who="3" m="44138" /><G79/><T96/><D110/><U129/><E73/><V26/><F116/><W2/><G72/><T52/><D123/><U66/><E109/><V63/><F63/><W60/><G45/><T23/><D70/><U81/><E81/><V57/><F39/><W75/><G75/><T115/><D35/><U121/><E121/><V41/><F98/><W37/><G37/><T102/><D115/><U25/><E25/><V91/><F57/><W99/><G99/><T128/><D128/><N who="1" m="49259" /><E7/><V120/><F120/><W32/><G29/><T56/><D46/><U111/><E6/><V49/><F44/><W78/><G78/><T1/><D106/><U8/><E111/><V24/><F41/><W74/><G74/><T127/><D127/><U87/><E124/><V104/><F104/><W108/><G108/><T28/><D1/><N who="3" m="9" /><G34/><T16/><D28/><U64/><E47/><V135/><F33/><W68/><G68/><T119/><D119/><U62/><E50/><V77/><F31/><W59/><G59/><T14/><REACH who="0" step="1"/><D23/><REACH who="0" ten="164,334,163,329" step="2"/><U17/><E62/><AGARI ba="0,1" hai="11,12,13,14,15,16,52,56,62,92,96,101,102,103" machi="62" ten="40,12000,2" yaku="1,1,2,1,8,1,52,1,54,2,53,0" doraHai="4" doraHaiUra="107" who="0" fromWho="1" sc="164,130,334,-120,163,0,329,0" /><INIT seed="6,0,0,1,1,38" ten="294,214,163,329" oya="2" hai0="19,95,102,55,86,85,112,29,73,129,42,133,49" hai1="59,9,106,70,21,46,17,130,107,45,99,132,123" hai2="28,15,10,122,135,134,25,76,91,83,63,71,74" hai3="23,2,87,16,51,64,69,103,37,111,118,58,52"/><V0/><F122/><W90/><G2/><T4/><D112/><U57/><E70/><V41/><F91/><W50/><G37/><T115/><D73/><U78/><E78/><V39/><F71/><W56/><G118/><T98/><D29/><U92/><E9/><V12/><F63/><N who="3" m="38007" /><G69/><T88/><D4/><U126/><E130/><V80/><F80/><N who="3" m="49511" /><G111/><T66/><D115/><U75/><E132/><N who="2" m="50731" /><F28/><W34/><G34/><T47/><D129/><U109/><E109/><V65/><F25/><N who="3" m="14567" /><G103/><T105/><D66/><U81/><E123/><V24/><F24/><W89/><G89/><T97/><D133/><U67/><E67/><V26/><F26/><W8/><G8/><T48/><REACH who="0" step="1"/><D19/><REACH who="0" ten="284,214,163,329" step="2"/><U127/><E17/><V5/><F65/><W14/><G14/><T121/><D121/><U3/><E3/><V1/><F0/><W54/><G54/><T20/><D20/><U119/><E21/><V72/><F74/><W120/><G120/><T84/><D84/><U43/><E75/><V68/><F68/><W22/><G22/><T131/><D131/><U18/><E18/><V93/><F93/><W110/><G110/><T60/><D60/><AGARI ba="0,1" hai="50,51,52,56,60" m="14567,49511,38007" machi="60" ten="30,3900,0" yaku="8,1,54,2" doraHai="38" who="3" fromWho="0" sc="284,-39,214,0,163,0,329,49" /><INIT seed="7,0,0,1,4,64" ten="245,214,163,378" oya="3" hai0="44,61,47,101,120,1,49,28,59,55,8,43,41" hai1="128,30,35,79,91,111,125,18,108,116,25,117,119" hai2="53,77,65,7,67,12,32,96,76,16,95,81,83" hai3="36,73,98,29,50,4,89,58,115,105,100,62,92"/><W72/><G36/><N who="0" m="21543" /><D8/><U51/><E128/><V20/><F32/><W121/><G73/><T66/><D28/><U113/><E113/><V42/><F42/><W78/><G72/><T103/><D103/><U10/><E125/><V112/><F112/><W38/><G78/><T134/><D101/><U22/><E79/><V31/><F31/><W118/><G100/><T56/><D1/><U109/><E51/><V5/><F77/><W99/><G4/><T45/><D120/><U90/><E10/><V104/><F104/><W75/><G75/><T3/><D3/><U122/><E122/><V88/><F53/><W27/><G29/><T48/><D134/><U52/><E52/><V126/><F126/><W131/><G89/><T114/><D114/><U15/><AGARI ba="0,0" hai="15,18,22,25,30,35,90,91,108,109,111,116,117,119" machi="15" ten="40,2700,0" yaku="0,1,12,1" doraHai="64" who="1" fromWho="1" sc="245,-7,214,27,163,-7,378,-13" owari="238,-16.0,241,4.0,156,-34.0,365,46.0" /></mjloggm>