<mjloggm ver="2.3"><GO type="169" lobby="0"/><UN n0="%E6%96%B0%E3%82%86%E3%81%A1%E3%82%85%E5%A4%AA%E9%83%8E" n1="%E3%82%80%E3%81%A8%E3%81%85%E3%83%BC" n2="%E3%81%8F%E3%82%8D%E3%81%B5%E3%81%AD%74%6B" n3="%E3%82%A6%E3%83%AB%E3%83%88%E3%83%A9%E7%AB%8B%E7%9B%B4" dan="16,16,18,16" rate="2090.26,2070.57,2193.00,2018.63" sx="M,M,M,M"/><TAIKYOKU oya="0"/><INIT seed="0,0,0,5,0,83" ten="250,250,250,250" oya="0" hai0="131,122,76,21,42,27,1,49,74,135,25,115,130" hai1="98,63,69,50,2,68,92,15,58,113,47,33,20" hai2="85,18,87,97,4,37,6,107,81,126,55,112,67" hai3="53,96,43,5,128,101,73,59,110,46,66,9,30"/><T48/><D122/><U78/><E2/><V94/><F112/><W109/><G73/><T71/><D115/><U88/><E33/><V127/><F37/><W35/><G66/><T91/><D71/><U124/><E124/><N who="2" m="47659" /><F107/><W84/><G30/><T90/><D1/><U52/><E113/><V99/><F67/><W105/><G35/><T93/><D91/><U56/><E56/><V64/><F64/><W14/><G128/><N who="0" m="49195" /><D42/><U41/><REACH who="1" step="1"/><E78/><REACH who="1" ten="250,240,250,250" step="2"/><N who="2" m="46263" /><F18/><AGARI ba="0,1" hai="15,18,20,41,47,50,52,58,63,68,69,88,92,98" machi="18" ten="40,5200,0" yaku="1,1,54,2,53,0" doraHai="83" doraHaiUra="72" who="1" fromWho="2" sc="250,0,240,62,250,-52,250,0" /><INIT seed="1,0,0,4,0,133" ten="250,302,198,250" oya="1" hai0="65,60,39,14,55,108,61,6,104,44,87,30,64" hai1="50,17,52,33,53,103,122,72,79,114,37,91,98" hai2="23,19,74,94,73,102,101,49,54,69,129,66,62" hai3="113,47,56,2,125,119,76,57,43,71,8,70,51"/><U128/><E37/><V63/><F63/><W0/><G8/><T78/><D104/><U22/><E122/><V1/><F1/><W97/><G76/><T24/><D108/><U124/><E33/><V86/><F129/><W95/><G95/><T18/><D6/><U3/><E3/><V116/><F116/><W68/><G97/><T32/><D39/><U90/><E114/><V35/><F35/><W75/><G75/><T123/><D123/><U105/><E128/><V27/><F102/><W96/><G96/><T45/><D78/><U82/><E53/><V121/><F121/><W126/><G2/><T130/><D130/><U58/><REACH who="1" step="1"/><E124/><REACH who="1" ten="250,292,198,250" step="2"/><N who="3" m="47722" /><G0/><T16/><D55/><U36/><E36/><V115/><F115/><W77/><G113/><T9/><D18/><U127/><E127/><V7/><F7/><W4/><G4/><T20/><D32/><U26/><AGARI ba="0,1" hai="17,22,26,50,52,58,72,79,82,90,91,98,103,105" machi="26" ten="20,12000,1" yaku="1,1,0,1,7,1,54,1,53,1" doraHai="133" doraHaiUra="99" who="1" fromWho="1" sc="250,-40,292,130,198,-40,250,-40" /><INIT seed="1,1,0,4,1,112" ten="210,422,158,210" oya="1" hai0="106,93,98,45,113,100,79,70,47,8,82,56,109" hai1="122,71,97,48,115,116,101,36,66,25,23,20,67" hai2="30,80,38,126,6,49,55,134,104,91,130,24,90" hai3="124,68,110,99,5,131,11,19,26,3,111,84,114"/><U125/><E36/><V107/><F38/><W77/><G68/><T75/><D70/><U103/><E115/><V33/><F130/><W50/><G114/><T32/><D113/><U78/><E116/><V119/><F119/><W21/><G131/><T13/><D32/><U127/><E122/><V57/><F126/><N who="1" m="48137" /><E78/><V102/><F134/><W95/><G124/><T31/><D31/><U105/><E103/><V72/><F6/><W0/><G50/><T16/><D109/><N who="3" m="41481" /><G84/><T94/><D94/><U61/><E67/><V39/><F39/><W12/><G77/><T42/><D42/><U63/><E63/><V27/><F27/><W41/><G41/><T73/><D73/><U65/><E65/><V43/><F43/><W40/><G40/><T10/><D10/><U35/><E48/><V14/><F14/><W62/><G62/><T118/><D118/><U85/><E85/><V88/><REACH who="2" step="1"/><F102/><AGARI ba="1,0" hai="0,3,5,11,12,19,21,26,95,99,102" m="41481" machi="102" ten="30,1000,0" yaku="14,1" doraHai="112" who="3" fromWho="2" sc="210,0,422,0,158,-13,210,13" /><INIT seed="2,0,0,0,2,2" ten="210,422,145,223" oya="2" hai0="132,94,109,89,41,91,27,22,112,51,43,77,108" hai1="114,32,123,49,92,28,96,1,42,78,16,105,69" hai2="122,103,106,111,76,59,8,30,116,88,83,31,9" hai3="81,101,7,40,14,120,66,23,95,47,97,75,13"/><V90/><F122/><W63/><G120/><T72/><D112/><U113/><E69/><V71/><F71/><W34/><G34/><T56/><D132/><U133/><E133/><V126/><F116/><W55/><G55/><T21/><D77/><U80/><E105/><V98/><F126/><W15/><G81/><T37/><D72/><U128/><E128/><V86/><F59/><N who="3" m="37247" /><G75/><T38/><D56/><U129/><E129/><V115/><F115/><W100/><G100/><T0/><D0/><U33/><E1/><V20/><F111/><W117/><G117/><T61/><D94/><U125/><E125/><V6/><F9/><N who="3" m="4287" /><G23/><T93/><D27/><U130/><E33/><V19/><F30/><W64/><G64/><T35/><D93/><U135/><E28/><V70/><F31/><W24/><G24/><T48/><REACH who="0" step="1"/><D61/><REACH who="0" ten="200,422,145,223" step="2"/><U4/><E92/><V102/><F70/><W10/><G15/><T127/><D127/><U45/><E135/><V57/><F57/><W87/><G14/><T124/><D124/><U67/><E114/><V50/><F103/><W62/><G62/><T104/><D104/><U36/><E113/><V12/><F50/><N who="3" m="26983" /><G87/><T121/><D121/><U54/><E49/><V18/><F18/><W82/><G82/><T5/><D5/><U99/><E4/><V84/><F84/><W65/><G65/><T85/><D85/><U53/><E67/><V107/><F107/><W29/><G29/><T79/><D79/><U134/><E134/><V68/><F68/><W25/><G25/><AGARI ba="0,1" hai="6,8,12,19,20,25,76,83,86,88,90,98,102,106" machi="25" ten="30,5800,0" yaku="7,1,52,1,54,1" doraHai="2" who="2" fromWho="3" sc="200,0,422,0,145,68,223,-58" /><INIT seed="2,1,0,0,2,92" ten="200,422,213,165" oya="2" hai0="117,21,135,3,53,25,111,84,114,100,115,118,124" hai1="95,88,55,112,45,56,18,60,52,132,131,59,77" hai2="98,24,82,48,110,109,128,5,99,76,122,62,74" hai3="90,73,130,71,44,65,16,2,8,41,67,83,63"/><V96/><F122/><W34/><G34/><T13/><D100/><U70/><E112/><V75/><F128/><W79/><G130/><T39/><D39/><U1/><E1/><V91/><F75/><W89/><G65/><T22/><D3/><U11/><E131/><V28/><F5/><W134/><G134/><T58/><D135/><U97/><E132/><V57/><F48/><W36/><REACH who="3" step="1"/><G16/><REACH who="3" ten="200,422,213,155" step="2"/><N who="0" m="10383" /><D111/><N who="2" m="42506" /><F91/><W80/><G80/><T108/><D108/><U133/><E133/><V6/><F6/><AGARI ba="1,1" hai="2,6,8,36,41,44,63,67,71,73,79,83,89,90" machi="6" ten="40,5200,0" yaku="1,1,25,2,53,0" doraHai="92" doraHaiUra="129" who="3" fromWho="2" sc="200,0,422,0,213,-55,155,65" /><INIT seed="3,0,0,5,1,30" ten="200,422,158,220" oya="3" hai0="117,69,32,74,1,57,71,3,106,9,10,128,38" hai1="34,127,14,83,116,44,76,70,36,113,16,125,110" hai2="46,52,112,94,59,97,17,95,82,79,22,50,8" hai3="123,0,67,93,12,100,130,134,53,24,105,62,90"/><W21/><G0/><T39/><D57/><U68/><E113/><V63/><F112/><W13/><G123/><T25/><D117/><U120/><E120/><V103/><F8/><W91/><G130/><T124/><D128/><U89/><E89/><N who="3" m="33802" /><G105/><T73/><D124/><N who="1" m="47691" /><E34/><V31/><F31/><N who="3" m="17807" /><G67/><T96/><D25/><U135/><E110/><V104/><F82/><W49/><G62/><T43/><D43/><N who="1" m="22631" /><E135/><V61/><F79/><W87/><G134/><T132/><D132/><U109/><E109/><V86/><F86/><W15/><G87/><T7/><D7/><U77/><E116/><V4/><F4/><W122/><G122/><T126/><D126/><U65/><E65/><V41/><REACH who="2" step="1"/><F63/><REACH who="2" ten="200,422,148,220" step="2"/><W72/><G72/><T107/><REACH who="0" step="1"/><D96/><REACH who="0" ten="190,422,148,220" step="2"/><U29/><E83/><V102/><F102/><W11/><G100/><T23/><D23/><U78/><E29/><V81/><F81/><W66/><G11/><AGARI ba="0,2" hai="11,14,16,68,70,76,77,78" m="22631,47691" machi="11" ten="30,2000,0" yaku="18,1,54,1" doraHai="30" who="1" fromWho="3" sc="190,0,422,40,148,0,220,-20" /><INIT seed="4,0,0,4,5,19" ten="190,462,148,200" oya="0" hai0="75,47,77,86,92,108,135,130,90,123,122,98,9" hai1="103,81,97,133,96,131,41,8,37,39,12,6,74" hai2="101,54,42,5,1,62,59,65,29,71,10,110,14" hai3="34,124,102,36,52,100,69,111,70,27,18,80,56"/><T64/><D64/><U128/><E133/><V76/><F110/><W48/><G36/><N who="1" m="13898" /><E41/><V79/><F42/><W83/><G111/><T17/><D47/><U82/><E74/><V132/><F132/><W120/><G120/><T45/><D108/><U94/><E97/><V33/><F101/><W107/><G124/><T7/><D135/><U88/><E103/><V134/><F134/><W106/><G106/><T73/><D130/><AGARI ba="0,0" hai="6,8,12,81,82,88,94,96,128,130,131" m="13898" machi="130" ten="30,2000,0" yaku="19,1,54,1" doraHai="19" who="1" fromWho="0" sc="190,-20,462,20,148,0,200,0" /><INIT seed="5,0,0,2,1,43" ten="170,482,148,200" oya="1" hai0="52,74,35,133,93,0,126,94,72,55,39,66,112" hai1="73,50,116,102,65,100,8,132,127,81,70,95,60" hai2="30,107,88,113,16,84,111,44,47,96,6,34,79" hai3="19,99,86,10,41,24,105,76,7,106,89,75,27"/><U2/><E116/><V17/><F111/><W11/><G76/><T134/><D39/><U28/><E132/><V130/><F6/><W123/><G75/><T40/><D35/><U131/><E131/><V80/><F130/><W98/><G123/><T104/><D0/><U53/><E28/><V49/><F113/><W37/><G41/><T20/><D104/><U117/><E127/><V68/><F68/><W77/><G77/><T119/><D119/><U45/><E117/><V51/><F34/><W110/><G86/><T58/><D40/><U118/><E118/><V57/><F30/><W125/><G89/><T1/><D1/><U12/><E2/><V67/><F107/><W18/><G7/><T62/><D126/><U122/><E122/><V48/><F67/><W91/><G91/><T26/><D74/><U135/><E135/><N who="0" m="51721" /><D72/><U121/><E121/><V22/><F57/><W128/><G128/><T29/><D112/><U38/><E95/><AGARI ba="0,0" hai="20,26,29,52,55,58,62,66,93,94,95" m="51721" machi="95" ten="30,2000,0" yaku="20,1,54,1" doraHai="43" who="0" fromWho="1" sc="170,20,482,-20,148,0,200,0" /><INIT seed="6,0,0,5,3,98" ten="190,462,148,200" oya="2" hai0="110,47,61,121,79,7,43,103,1,131,14,57,81" hai1="22,102,32,95,8,67,96,89,132,46,82,107,130" hai2="24,80,49,44,72,17,85,37,56,100,90,2,133" hai3="12,23,120,78,99,50,39,63,42,20,105,74,73"/><V106/><F2/><W119/><G39/><T30/><D110/><U26/><E32/><V111/><F111/><W126/><G119/><T71/><D71/><U115/><E115/><V125/><F133/><W66/><G120/><T29/><D131/><U108/><E108/><V76/><F37/><W35/><G35/><T122/><D1/><U31/><E130/><V123/><F123/><W27/><G78/><T33/><D122/><U116/><E132/><V97/><F56/><W59/><G20/><T48/><D33/><U87/><E67/><V3/><F3/><W84/><G12/><T25/><D25/><U88/><E116/><V10/><F125/><W128/><G84/><T5/><D5/><U114/><E114/><V77/><F72/><W86/><G86/><N who="0" m="48447" /><D103/><U113/><E113/><V109/><F109/><W134/><G134/><T92/><D92/><U135/><E135/><V13/><REACH who="2" step="1"/><F24/><REACH who="2" ten="190,462,138,200" step="2"/><W101/><G126/><T19/><D121/><U36/><E36/><V112/><F112/><W51/><G128/><T62/><D57/><U21/><E46/><V15/><F15/><W91/><G74/><T18/><D14/><U58/><E58/><V16/><F16/><N who="0" m="6186" /><D7/><U124/><E124/><V52/><AGARI ba="0,1" hai="10,13,17,44,49,52,76,77,80,85,90,97,100,106" machi="52" ten="20,24000,3" yaku="1,1,0,1,7,1,25,2,52,1,54,1,53,1" doraHai="98" doraHaiUra="41" who="2" fromWho="2" sc="190,-80,462,-80,138,250,200,-80" /><INIT seed="6,1,0,0,3,87" ten="110,382,388,120" oya="2" hai0="25,68,110,123,133,38,60,24,90,40,89,62,126" hai1="19,104,103,109,22,82,118,97,45,18,67,37,115" hai2="98,88,114,39,56,6,20,13,7,4,76,33,95" hai3="35,5,111,0,113,41,91,44,127,43,3,121,2"/><V46/><F33/><W29/><G111/><T112/><D123/><U135/><E118/><V66/><F114/><W23/><G121/><T86/><D110/><U64/><E109/><V17/><F76/><W49/><G35/><T63/><D112/><U78/><E115/><V30/><F30/><W125/><G113/><T92/><D68/><U134/><E37/><V107/><F107/><W83/><G5/><T8/><D133/><N who="1" m="50699" /><E45/><V73/><F73/><W120/><G120/><T52/><D126/><N who="3" m="48137" /><G43/><T61/><D40/><U31/><E31/><V85/><F39/><W116/><G116/><T9/><D38/><U48/><E48/><V69/><F69/><W81/><G23/><T71/><D71/><U119/><E119/><V122/><F122/><W51/><G29/><T1/><D1/><U15/><E19/><V79/><F46/><W50/><G44/><T47/><N who="0" m="15360" /><DORA hai="94" /><T27/><REACH who="0" step="1"/><D90/><REACH who="0" ten="100,382,388,120" step="2"/><U84/><AGARI ba="1,1" hai="15,18,22,64,67,78,82,84,97,103,104" m="50699" machi="84" ten="30,2000,0" yaku="20,1,52,1" doraHai="87,94" who="1" fromWho="1" sc="100,-6,382,33,388,-11,120,-6" /><INIT seed="7,0,0,5,3,93" ten="94,415,377,114" oya="3" hai0="11,74,26,85,96,101,104,53,7,83,15,4,98" hai1="33,57,132,95,86,89,61,50,88,119,92,49,27" hai2="23,107,3,90,41,14,40,63,34,129,64,111,16" hai3="12,123,114,77,55,42,39,117,54,8,1,113,124"/><W78/><G1/><T134/><D134/><U100/><E132/><V59/><F111/><W46/><G123/><T109/><D109/><U67/><E119/><V18/><F3/><W51/><G117/><T69/><D69/><U75/><E75/><V102/><F34/><W99/><G124/><T31/><D74/><U32/><E100/><V25/><F129/><W76/><G99/><T47/><D7/><U20/><E33/><V22/><REACH who="2" step="1"/><F90/><REACH who="2" ten="94,415,367,114" step="2"/><W128/><G128/><T13/><D101/><U81/><E32/><V126/><F126/><W17/><G39/><T112/><D112/><AGARI ba="0,1" hai="8,12,17,42,46,51,54,55,76,77,78,112,113,114" machi="112" ten="40,2000,0" yaku="15,1" doraHai="93" who="3" fromWho="0" sc="94,-20,415,0,367,0,114,30" /><INIT seed="7,1,0,0,4,52" ten="74,415,367,144" oya="3" hai0="99,57,105,124,93,25,38,112,100,43,114,121,61" hai1="11,94,96,0,9,116,53,22,50,66,30,48,77" hai2="35,123,2,128,58,106,95,98,120,67,130,117,4" hai3="68,18,80,34,10,40,55,75,129,131,47,23,26"/><W69/><G34/><T103/><D121/><N who="2" m="46666" /><F117/><W29/><G55/><T73/><D73/><U36/><E36/><V21/><F35/><W91/><G10/><N who="1" m="3594" /><E66/><V60/><F2/><W64/><G18/><T101/><D124/><U51/><E77/><V92/><F4/><W49/><G64/><T135/><D135/><U115/><E0/><V83/><F83/><W122/><G122/><T59/><D61/><U113/><E116/><V54/><F21/><W111/><G111/><T63/><D63/><U102/><E113/><N who="0" m="43625" /><D25/><N who="1" m="16695" /><E115/><V133/><F133/><W24/><G24/><T13/><D13/><U108/><E108/><V79/><F79/><W81/><G69/><T72/><D72/><U19/><E19/><V20/><F20/><W7/><G68/><T109/><D109/><U127/><E127/><V16/><F16/><W56/><G75/><T89/><D105/><U44/><AGARI ba="1,0" hai="44,48,50,51,53,94,96,102" m="16695,3594" machi="44" ten="30,1100,0" yaku="8,1" doraHai="52" who="1" fromWho="1" sc="74,-4,415,14,367,-4,144,-6" owari="70,-43.0,429,53.0,363,16.0,138,-26.0" /></mjloggm>