<mjloggm ver="2.3"><GO type="97" lobby="0"/><UN n0="%64%75%66%66%62%65%65%72" n1="%E7%B4%85%E3%81%AE%E8%B5%A4%E3%83%89%E3%83%A9" n2="%48%45%50%50%4F%43%4F" n3="%E3%82%A6%E3%83%AB%E3%83%88%E3%83%A9%E7%AB%8B%E7%9B%B4" dan="16,14,14,15" rate="1984.00,1932.58,1988.97,1978.85" sx="M,M,M,M"/><TAIKYOKU oya="0"/><INIT seed="0,0,0,0,3,81" ten="250,250,250,250" oya="0" hai0="21,65,77,124,10,18,19,13,38,113,102,68,127" hai1="40,72,0,121,44,126,76,88,46,61,105,131,100" hai2="22,48,57,64,16,15,55,37,43,94,120,119,7" hai3="58,118,93,117,83,133,115,35,75,135,78,34,73"/><T23/><D38/><U52/><E121/><V112/><F120/><W110/><G58/><T33/><D113/><U5/><E131/><V128/><F128/><W3/><G3/><T99/><D77/><U24/><E126/><N who="0" m="48169" /><D33/><U134/><E134/><N who="3" m="51210" /><G115/><T25/><D68/><U98/><E24/><V85/><F112/><W51/><G51/><T50/><D65/><U80/><E0/><V90/><F119/><W96/><G35/><T62/><D62/><U71/><E5/><V122/><F122/><W111/><G73/><T4/><D50/><U107/><E107/><V67/><F7/><W87/><G34/><T47/><D47/><AGARI ba="0,0" hai="15,16,22,37,43,47,48,55,57,64,67,85,90,94" machi="47" ten="40,8000,1" yaku="25,2,52,1,54,1" doraHai="81" who="2" fromWho="0" sc="250,-80,250,0,250,80,250,0" /><INIT seed="1,0,0,5,3,9" ten="170,250,330,250" oya="1" hai0="72,117,116,69,78,33,56,106,122,32,12,90,15" hai1="17,66,57,111,82,51,108,101,39,73,23,67,28" hai2="55,75,36,59,64,29,41,5,123,121,110,37,87" hai3="62,132,2,8,130,79,80,0,93,38,49,30,50"/><U58/><E39/><V92/><F75/><W114/><G114/><T102/><D69/><U127/><E101/><V96/><F110/><N who="1" m="42025" /><E28/><V85/><F29/><W24/><G38/><T98/><D122/><U109/><E127/><V1/><F64/><N who="1" m="24617" /><E51/><V35/><F35/><W126/><G126/><T21/><D33/><U70/><E70/><V94/><F37/><W43/><G62/><T125/><D32/><U135/><E135/><V25/><F36/><W112/><G49/><T76/><D125/><U16/><E17/><V14/><F41/><W63/><G63/><T61/><D117/><U65/><E65/><V119/><F123/><W47/><G132/><T129/><D116/><U20/><E20/><V113/><F121/><W128/><G112/><T48/><D61/><U4/><E4/><V91/><F113/><W45/><G45/><T103/><D103/><U60/><E60/><V84/><F5/><W53/><G53/><T7/><D129/><U42/><E42/><V100/><F119/><W83/><G128/><T131/><D131/><U46/><E46/><V95/><F100/><W44/><G130/><T27/><D7/><U105/><E105/><V97/><F55/><W19/><G43/><T26/><D102/><U31/><E31/><V18/><F59/><W133/><G30/><T104/><D104/><U81/><N who="1" m="42033" /><U34/><DORA hai="115" /><E34/><V74/><F18/><W40/><G19/><T88/><D106/><U77/><E81/><V10/><F97/><W6/><G40/><T120/><D98/><U52/><E52/><V89/><F96/><W71/><G133/><RYUUKYOKU ba="0,0" sc="170,-10,250,30,330,-10,250,-10" hai1="16,23,57,58,73,77,82" /><INIT seed="1,1,0,4,1,80" ten="160,280,320,240" oya="1" hai0="63,50,42,79,96,57,128,51,19,107,22,90,52" hai1="4,58,29,6,44,60,43,124,116,7,8,13,23" hai2="25,18,97,88,105,16,3,74,78,123,71,132,73" hai3="28,127,113,56,5,135,31,30,39,66,130,61,36"/><U62/><E116/><V75/><F71/><W67/><G113/><T72/><D128/><U45/><E124/><V68/><F68/><W48/><G127/><T102/><D72/><U84/><E84/><V55/><F3/><W108/><G108/><T35/><D35/><U64/><E60/><V112/><F112/><W82/><G135/><T40/><D79/><U34/><E34/><V115/><F115/><W101/><G130/><T26/><D50/><N who="1" m="26911" /><E45/><V83/><F123/><W27/><G5/><T20/><D51/><U41/><E41/><V14/><F132/><W110/><G110/><T100/><D100/><U114/><E114/><V46/><F25/><AGARI ba="1,0" hai="4,6,7,8,13,23,25,29,58,62,64" m="26911" machi="25" ten="30,1500,0" yaku="8,1" doraHai="80" who="1" fromWho="2" sc="160,0,280,18,320,-18,240,0" /><INIT seed="1,2,0,3,1,109" ten="160,298,302,240" oya="1" hai0="98,0,14,59,75,42,20,13,101,117,135,3,103" hai1="30,35,8,62,108,70,4,79,77,114,9,85,50" hai2="126,53,111,19,89,97,84,88,22,133,54,11,82" hai3="29,104,44,99,129,67,115,17,118,128,81,120,105"/><U86/><E114/><V1/><F111/><W34/><G120/><T107/><D117/><U74/><E108/><V32/><F32/><W130/><G118/><T112/><D75/><U40/><E35/><V5/><F133/><W10/><G44/><T76/><D135/><U26/><E30/><V57/><F126/><W127/><G127/><T25/><D76/><U56/><E70/><V37/><F37/><W102/><G81/><T61/><D42/><U16/><E74/><V134/><F134/><W46/><G46/><T92/><D112/><U73/><E73/><V21/><F21/><W106/><G115/><T113/><D113/><U58/><E40/><V23/><F23/><W48/><G48/><T94/><D3/><U38/><E38/><V49/><F53/><W71/><G17/><T72/><D0/><U124/><E124/><V18/><F97/><W83/><G83/><T93/><D72/><U132/><E132/><V24/><REACH who="2" step="1"/><F89/><REACH who="2" ten="160,298,292,240" step="2"/><W52/><G52/><T65/><REACH who="0" step="1"/><D103/><REACH who="0" ten="150,298,292,240" step="2"/><U125/><E125/><V45/><F45/><W119/><G119/><T121/><D121/><U69/><E77/><V123/><F123/><W6/><G129/><T28/><AGARI ba="2,2" hai="13,14,20,25,28,59,61,65,92,93,94,98,101,107" machi="28" ten="30,2000,0" yaku="1,1,0,1,53,0" doraHai="109" doraHaiUra="41" who="0" fromWho="0" sc="150,46,298,-12,292,-7,240,-7" /><INIT seed="2,0,0,1,1,47" ten="196,286,285,233" oya="2" hai0="10,61,64,67,14,34,75,103,105,69,76,8,118" hai1="1,83,125,66,53,115,98,46,72,59,24,21,128" hai2="89,55,107,17,36,26,65,96,77,106,114,92,16" hai3="52,62,68,117,43,108,101,7,88,23,82,29,35"/><V9/><F114/><W127/><G117/><T122/><D118/><U134/><E115/><V90/><F36/><W109/><G127/><T70/><D122/><U60/><E1/><V79/><F107/><W132/><G132/><T31/><D67/><U130/><E134/><V85/><F106/><W51/><G35/><T120/><D120/><U124/><E98/><V13/><F65/><N who="3" m="41015" /><G7/><T5/><D10/><U74/><E46/><V32/><F32/><W4/><G4/><T94/><D94/><U71/><E71/><V28/><F28/><W58/><G101/><T121/><D70/><U113/><E66/><V57/><F26/><W78/><G78/><T81/><D121/><U56/><E56/><V11/><F11/><W126/><G126/><N who="1" m="48746" /><E113/><V112/><F112/><W97/><G23/><T45/><D45/><U135/><E135/><V40/><F40/><W49/><G29/><T27/><D103/><U93/><E93/><N who="2" m="54447" /><F17/><W87/><G97/><T110/><D105/><U86/><E74/><V95/><F95/><W39/><G51/><AGARI ba="0,0" hai="9,13,16,51,55,57,77,79,90,92,96" m="54447" machi="51" ten="30,5800,0" yaku="8,1,52,1,54,1" doraHai="47" who="2" fromWho="3" sc="196,0,286,0,285,58,233,-58" /><INIT seed="2,1,0,4,4,98" ten="196,286,343,175" oya="2" hai0="61,104,21,34,56,69,8,101,33,74,28,100,5" hai1="83,49,27,13,30,6,131,25,19,18,59,10,115" hai2="51,37,129,35,94,12,93,41,64,46,48,95,102" hai3="66,99,135,118,29,96,42,117,91,132,92,68,113"/><V89/><F35/><W110/><G66/><T11/><D69/><U77/><E115/><V85/><F129/><W53/><G68/><T106/><D74/><U125/><E125/><V121/><F121/><W88/><G42/><T7/><D28/><U107/><E107/><V60/><F12/><W116/><G29/><T4/><D21/><U2/><E131/><V72/><F72/><W76/><G53/><T70/><D70/><U16/><E2/><V54/><F54/><W62/><G62/><T109/><D109/><U20/><E27/><V134/><F134/><N who="3" m="51243" /><G110/><T50/><D7/><U3/><E3/><V55/><F64/><W97/><G113/><T38/><D56/><U122/><E122/><V82/><F60/><W9/><G9/><T124/><D61/><U65/><E65/><V47/><F37/><W45/><G45/><T75/><D75/><U31/><E31/><V120/><F120/><W32/><G32/><T81/><D81/><U15/><E59/><V78/><F78/><W123/><G123/><T23/><D23/><N who="1" m="11775" /><E49/><V128/><F128/><W36/><G36/><T14/><D38/><U57/><E57/><V58/><F58/><W1/><G1/><T44/><D44/><U90/><E77/><V86/><F86/><AGARI ba="1,0" hai="6,10,13,16,18,20,25,30,83,86,90" m="11775" machi="86" ten="30,2000,0" yaku="8,1,54,1" doraHai="98" who="1" fromWho="2" sc="196,0,286,23,343,-23,175,0" /><INIT seed="3,0,0,0,0,87" ten="196,309,320,175" oya="3" hai0="102,130,88,34,41,14,3,121,59,40,22,126,17" hai1="111,122,127,71,100,114,134,58,95,20,115,21,129" hai2="4,32,84,66,62,69,61,0,112,125,91,24,106" hai3="49,81,67,46,13,64,108,2,56,60,96,85,92"/><W45/><G2/><T119/><D121/><U118/><E71/><V29/><F112/><W26/><G108/><T8/><D119/><U63/><E122/><V9/><F125/><W42/><G26/><T99/><D126/><U131/><E127/><V36/><F36/><W116/><G116/><T43/><D34/><U107/><E107/><V113/><F113/><N who="1" m="43017" /><E111/><V15/><F106/><W78/><G46/><T75/><D75/><U97/><E134/><V54/><F62/><W27/><G27/><T39/><D130/><N who="1" m="49675" /><E118/><V33/><F54/><AGARI ba="0,0" hai="20,21,54,58,63,95,97,100" m="49675,43017" machi="54" ten="30,1000,0" yaku="19,1" doraHai="87" who="1" fromWho="2" sc="196,0,309,10,320,-10,175,0" owari="196,-20.0,319,41.0,310,11.0,175,-32.0" /></mjloggm>