<mjloggm ver="2.3"><GO type="41" lobby="0"/><UN n0="%E5%90%9B%E6%B4%A5%E6%8B%93%E4%B8%89%E9%83%8E" n1="%E3%82%AE%E3%82%BF%E3%83%AA%E3%82%B9%E3%83%88" n2="%E3%82%A6%E3%83%AB%E3%83%88%E3%83%A9%E7%AB%8B%E7%9B%B4" n3="%E7%9F%A2%E9%87%8E%E6%B5%A9%E4%BA%8C" dan="14,13,16,14" rate="1921.46,1869.70,2058.23,1942.28" sx="M,M,M,M"/><TAIKYOKU oya="0"/><INIT seed="0,0,0,5,0,96" ten="250,250,250,250" oya="0" hai0="49,23,129,67,97,9,86,105,92,14,91,48,126" hai1="16,15,37,22,123,6,100,38,94,99,75,59,50" hai2="119,95,122,88,66,57,114,53,47,54,61,74,108" hai3="33,118,12,51,115,106,70,87,34,128,98,124,21"/><T19/><D129/><U58/><E123/><V76/><F122/><W117/><G70/><T64/><D126/><U132/><E75/><V71/><F119/><W39/><G39/><T81/><D105/><U103/><E37/><V17/><F114/><W41/><G115/><T130/><D130/><U42/><E38/><V56/><F108/><W77/><G128/><T131/><D131/><U110/><E132/><V102/><F76/><W4/><G124/><T89/><D49/><U111/><E6/><V7/><F74/><W24/><G118/><T90/><D48/><U134/><E134/><V18/><F7/><W27/><G117/><T40/><D40/><U65/><E58/><V120/><F71/><W8/><G34/><T5/><REACH who="0" step="1"/><D91/><REACH who="0" ten="240,250,250,250" step="2"/><N who="1" m="55775" /><E42/><V82/><F120/><W55/><G41/><T35/><D35/><U31/><E50/><V121/><F121/><W127/><G33/><T78/><D78/><U2/><E111/><V43/><F43/><W135/><G127/><T29/><D29/><U107/><E110/><V84/><F47/><W3/><G135/><T63/><D63/><N who="1" m="38143" /><E107/><V26/><F66/><W1/><G106/><T13/><AGARI ba="0,1" hai="5,9,13,14,19,23,64,67,81,86,89,90,92,97" machi="13" ten="20,7800,0" yaku="1,1,0,1,7,1,8,1,53,0" doraHai="96" doraHaiUra="72" who="0" fromWho="0" sc="240,88,250,-26,250,-26,250,-26" /><INIT seed="0,1,0,0,4,59" ten="328,224,224,224" oya="0" hai0="2,93,57,25,119,101,77,48,47,38,52,33,72" hai1="42,75,10,112,37,62,3,36,29,26,129,8,86" hai2="116,41,79,102,51,32,89,67,66,58,12,90,53" hai3="121,113,126,24,107,56,18,23,131,13,35,1,50"/><T108/><D2/><U99/><E75/><V92/><F32/><W91/><G107/><T87/><D119/><U55/><E112/><V45/><F116/><W46/><G113/><T84/><D72/><U95/><E129/><V5/><F79/><W60/><G131/><T7/><D7/><U105/><E105/><V69/><F102/><W80/><G121/><T118/><D118/><U15/><E3/><V104/><F104/><W21/><G1/><T78/><D108/><U30/><E86/><N who="0" m="32809" /><D33/><U70/><E42/><V127/><F127/><W11/><G35/><T128/><D25/><U19/><E8/><V28/><F28/><W22/><G126/><T63/><D38/><U0/><E30/><V64/><F92/><W14/><G80/><T83/><D83/><U44/><E0/><V88/><F12/><W120/><G120/><T74/><D74/><U106/><E106/><V98/><F5/><N who="3" m="3311" /><G91/><T132/><D132/><U6/><E6/><V49/><REACH who="2" step="1"/><F98/><REACH who="2" ten="328,224,214,224" step="2"/><W97/><G97/><N who="0" m="59567" /><D128/><U82/><E99/><V27/><F27/><W71/><G24/><T94/><D94/><U20/><E95/><V100/><F100/><W73/><G14/><T135/><D135/><U4/><E4/><V76/><F76/><W117/><G117/><T114/><D114/><U133/><E133/><V81/><F81/><W39/><G73/><T110/><D110/><U115/><E82/><V103/><F103/><W43/><G18/><T122/><D122/><U40/><E115/><V109/><F109/><W61/><G71/><AGARI ba="1,1" hai="41,45,49,51,53,58,64,66,67,69,71,88,89,90" machi="71" ten="40,2600,0" yaku="1,1,54,1,53,0" doraHai="59" doraHaiUra="123" who="2" fromWho="3" sc="328,0,224,0,214,39,224,-29" /><INIT seed="1,0,0,1,0,80" ten="328,224,253,195" oya="1" hai0="131,85,133,115,75,65,3,10,2,31,121,5,129" hai1="29,54,63,114,16,95,108,127,49,17,119,103,44" hai2="86,125,104,52,4,99,132,116,78,74,111,45,47" hai3="82,58,91,19,73,105,126,62,61,37,26,90,112"/><U64/><E119/><V110/><F74/><W23/><G37/><T12/><D75/><U109/><E114/><V120/><F120/><W77/><G112/><T106/><D106/><U25/><E127/><V36/><F116/><W96/><G126/><T88/><D115/><U50/><E103/><V13/><F125/><W92/><G105/><T135/><D121/><U87/><E50/><V72/><F72/><W8/><G8/><T53/><D53/><U123/><E123/><V28/><F28/><W130/><G130/><N who="0" m="49675" /><D31/><U102/><E102/><V79/><F99/><W9/><G9/><T18/><D65/><U33/><E95/><V41/><F104/><W117/><G117/><T134/><D5/><U34/><E87/><V46/><F86/><W56/><REACH who="3" step="1"/><G91/><REACH who="3" ten="328,224,253,185" step="2"/><T21/><D10/><U60/><E34/><V83/><F36/><W39/><G39/><T15/><D15/><U40/><E108/><V93/><F110/><W24/><G24/><T113/><D113/><U76/><E109/><V68/><F13/><W101/><G101/><T14/><D14/><U32/><E32/><V122/><F111/><W66/><G66/><T59/><D59/><AGARI ba="0,1" hai="19,23,26,56,58,59,61,62,73,77,82,90,92,96" machi="59" ten="40,2600,0" yaku="1,1,53,1" doraHai="80" doraHaiUra="84" who="3" fromWho="0" sc="328,-26,224,0,253,0,185,36" /><INIT seed="2,0,0,4,5,107" ten="302,224,253,221" oya="2" hai0="44,85,25,18,103,14,45,6,132,109,108,95,73" hai1="9,28,26,113,126,13,65,90,121,59,27,98,75" hai2="71,63,114,54,8,117,41,80,31,69,2,102,106" hai3="22,135,64,70,16,130,123,21,96,110,83,11,50"/><V4/><F117/><W38/><G123/><T60/><D132/><U81/><E113/><V112/><F54/><W86/><G38/><T32/><D73/><U12/><E121/><V79/><F31/><W62/><G135/><T115/><D6/><U42/><E42/><V56/><F56/><W105/><G110/><N who="0" m="42603" /><D60/><U29/><E126/><V47/><F63/><W66/><G66/><T55/><D55/><U33/><E65/><V118/><F118/><W92/><G105/><T100/><D85/><U1/><E59/><V119/><F119/><W77/><G50/><T89/><D103/><U58/><E58/><V124/><F124/><W133/><G133/><T19/><D100/><U128/><E128/><V24/><F24/><W0/><G0/><T104/><D104/><U84/><E98/><N who="2" m="61783" /><F112/><W76/><G130/><T116/><D116/><U87/><E1/><V20/><F20/><W49/><G49/><T57/><D57/><U125/><E125/><V129/><F114/><W34/><G34/><T78/><D78/><U39/><E39/><N who="2" m="21951" /><F129/><W101/><REACH who="3" step="1"/><G77/><REACH who="3" ten="302,224,253,211" step="2"/><T23/><D32/><U97/><E33/><V46/><F46/><W68/><G68/><T127/><D115/><U37/><E37/><V30/><F30/><W5/><G5/><T7/><D7/><U52/><E29/><V131/><F131/><W15/><AGARI ba="0,1" hai="11,15,16,21,22,62,64,70,76,83,86,92,96,101" machi="15" ten="30,7900,0" yaku="1,1,0,1,54,1,53,1" doraHai="107" doraHaiUra="93" who="3" fromWho="3" sc="302,-20,224,-20,253,-39,211,89" /><INIT seed="3,0,0,1,0,8" ten="282,204,214,300" oya="3" hai0="50,31,0,106,22,83,80,35,95,16,117,27,41" hai1="134,74,32,40,111,120,127,78,82,91,102,4,20" hai2="18,70,108,72,57,54,37,132,126,2,34,104,6" hai3="12,81,93,33,26,103,67,79,99,92,36,88,118"/><W39/><G118/><T60/><D106/><U65/><E111/><V17/><F54/><W43/><G67/><T124/><D117/><U44/><E32/><V97/><F57/><W122/><G122/><T30/><D0/><U42/><E120/><V13/><F97/><W86/><G43/><T21/><D124/><U114/><E114/><V49/><F49/><W66/><G66/><T85/><D60/><U55/><E127/><V52/><F52/><W19/><G26/><T25/><D95/><U29/><E65/><V58/><F58/><W56/><G33/><T128/><D128/><U110/><E102/><V90/><F90/><W131/><G56/><T47/><REACH who="0" step="1"/><D85/><REACH who="0" ten="272,204,214,300" step="2"/><U96/><E110/><V115/><F104/><W133/><G131/><T76/><D76/><U7/><E78/><V69/><F108/><W112/><G112/><T15/><AGARI ba="0,1" hai="15,16,21,22,25,27,30,31,35,41,47,50,80,83" machi="15" ten="20,8000,1" yaku="1,1,0,1,7,1,52,1,54,1,53,0" doraHai="8" doraHaiUra="123" who="0" fromWho="0" sc="272,90,204,-20,214,-20,300,-40" /><INIT seed="4,0,0,3,0,81" ten="362,184,194,260" oya="0" hai0="68,57,113,93,26,55,9,66,124,72,112,12,24" hai1="8,11,46,29,63,82,80,59,129,3,49,30,61" hai2="100,67,43,121,117,37,114,97,94,22,95,98,108" hai3="34,54,119,27,127,7,74,135,130,86,88,39,77"/><T18/><D72/><U65/><E3/><V41/><F121/><W91/><G119/><T51/><D124/><U52/><E129/><V53/><F108/><W87/><G74/><T107/><D107/><U25/><E63/><V10/><F114/><W85/><G127/><T32/><D93/><U109/><E109/><V118/><F67/><W36/><G77/><T89/><D89/><U6/><E30/><V128/><F128/><W16/><G130/><T92/><D92/><U110/><E110/><V83/><F22/><W15/><G7/><T116/><D116/><U40/><E11/><V4/><F53/><W78/><G78/><T47/><D68/><U105/><E105/><V62/><F62/><W60/><G34/><T48/><D32/><U125/><E125/><V71/><F71/><W2/><G2/><T73/><D73/><U111/><E111/><V44/><F43/><W0/><G0/><T104/><D104/><U38/><E6/><V1/><REACH who="2" step="1"/><F83/><REACH who="2" ten="362,184,184,260" step="2"/><W56/><G39/><T101/><D66/><U75/><E75/><V76/><F76/><W79/><G79/><T35/><D113/><U115/><E115/><V132/><F132/><W58/><G36/><T133/><D112/><U19/><E82/><V23/><F23/><N who="3" m="13799" /><G135/><T45/><D133/><U90/><E80/><V134/><F134/><W42/><G42/><T123/><D35/><U17/><E8/><V106/><F106/><W21/><G58/><T122/><D123/><U103/><E65/><V33/><F33/><W84/><N who="3" m="22016" /><DORA hai="99" /><W28/><G28/><T126/><D122/><U31/><E38/><RYUUKYOKU ba="0,1" sc="362,-15,184,-15,184,15,260,15" hai2="1,4,10,37,41,44,94,95,97,98,100,117,118" hai3="15,21,54,56,60,88,91" /><INIT seed="5,1,1,5,3,27" ten="347,169,199,275" oya="1" hai0="95,125,127,131,16,70,88,86,82,61,74,19,51" hai1="84,102,41,90,31,44,35,15,18,91,133,126,96" hai2="4,17,65,134,37,10,8,43,40,119,124,103,114" hai3="110,29,24,48,42,46,12,128,20,64,107,55,0"/><U69/><E69/><V97/><F119/><W101/><G0/><T53/><D131/><U13/><E126/><N who="0" m="48137" /><D70/><U120/><E120/><V62/><F37/><W68/><G128/><T32/><D61/><U28/><E35/><V14/><F134/><W9/><G110/><T81/><D32/><U57/><E133/><V26/><F114/><W123/><G123/><T93/><D74/><U30/><E57/><V76/><F76/><W121/><G121/><T58/><D95/><U135/><E135/><V63/><F63/><W108/><G108/><T117/><D117/><U118/><E118/><V72/><F72/><W56/><G64/><T112/><D112/><U75/><E75/><V22/><F10/><W11/><G68/><T129/><D129/><U47/><E13/><V99/><F124/><W5/><G107/><T2/><D2/><U115/><E115/><V45/><F45/><N who="1" m="17481" /><E41/><V23/><F43/><W6/><G101/><T94/><D94/><N who="1" m="58647" /><E84/><V3/><F40/><W132/><G132/><T34/><D34/><U122/><E122/><V52/><F65/><W36/><REACH who="3" step="1"/><G11/><AGARI ba="1,1" hai="11,15,18,28,30,31,90,91" m="58647,17481" machi="11" ten="30,11600,0" yaku="8,1,52,3" doraHai="27" who="1" fromWho="3" sc="347,0,169,129,199,0,275,-119" /><INIT seed="5,2,0,4,3,98" ten="347,298,199,156" oya="1" hai0="39,107,34,52,15,129,100,3,47,101,19,66,60" hai1="44,13,54,0,102,20,49,80,50,36,10,30,29" hai2="61,4,85,122,125,59,75,116,114,45,72,81,97" hai3="17,58,131,106,89,87,73,109,82,46,18,111,63"/><U118/><E118/><V83/><F122/><W67/><G106/><T68/><D107/><U119/><E119/><V126/><F116/><W90/><G73/><T31/><D3/><U1/><E36/><V88/><F4/><W115/><G131/><T16/><D129/><U134/><E0/><V12/><F12/><W133/><G133/><T123/><D123/><U117/><E1/><V86/><F45/><W103/><G115/><T27/><D19/><N who="3" m="7177" /><G109/><T32/><D32/><U42/><E117/><V48/><F48/><W53/><G111/><T23/><REACH who="0" step="1"/><D52/><REACH who="0" ten="337,298,199,156" step="2"/><U24/><E134/><V112/><F61/><W64/><G53/><T74/><D74/><N who="2" m="28202" /><F59/><W104/><G64/><T105/><D105/><U77/><E30/><V79/><F97/><W76/><G46/><T127/><D127/><AGARI ba="2,1" hai="79,81,83,85,86,88,112,114,125,126,127" m="28202" machi="127" ten="40,8000,1" yaku="18,1,34,2,54,1" doraHai="98" who="2" fromWho="0" sc="337,-86,298,0,199,96,156,0" /><INIT seed="6,0,0,2,2,100" ten="251,298,295,156" oya="2" hai0="9,130,29,123,42,28,39,95,86,88,21,3,59" hai1="15,37,111,119,22,85,11,74,126,133,132,6,121" hai2="52,96,83,80,5,61,135,54,79,68,25,47,94" hai3="91,66,41,92,84,8,45,53,27,7,12,48,122"/><V36/><F135/><N who="1" m="51785" /><E37/><V120/><F120/><W101/><G122/><T125/><D123/><U14/><E121/><V113/><F113/><W46/><G66/><T99/><D130/><U76/><E74/><V65/><F80/><W129/><G129/><T64/><D125/><U51/><E119/><V90/><F5/><W128/><G128/><T23/><D39/><U63/><E111/><V20/><F47/><W109/><G109/><T97/><D42/><U17/><E63/><V102/><F90/><W75/><G75/><T81/><D3/><N who="1" m="479" /><E51/><V0/><F0/><W78/><G78/><N who="0" m="46391" /><D9/><U103/><E103/><V114/><F114/><W13/><G101/><T44/><D44/><U112/><E112/><V82/><F36/><W87/><G27/><T89/><D29/><U10/><E85/><V108/><F108/><W106/><G87/><T62/><D28/><U16/><E76/><V104/><F82/><W71/><G71/><T49/><D49/><U70/><E70/><V116/><F116/><W124/><G124/><AGARI ba="0,0" hai="10,14,15,16,17,22,124,126" m="479,51785" machi="124" ten="30,7700,0" yaku="20,1,34,2,54,1" doraHai="100" who="1" fromWho="3" sc="251,0,298,77,295,0,156,-77" /><INIT seed="7,0,0,4,3,78" ten="251,375,295,79" oya="3" hai0="21,32,19,85,57,40,30,118,47,22,119,131,34" hai1="116,114,133,90,43,130,67,98,24,69,9,23,41" hai2="72,87,66,25,128,129,15,80,16,38,14,126,44" hai3="81,79,18,68,124,56,53,10,6,17,91,55,132"/><W62/><G124/><T58/><D131/><U99/><E130/><N who="2" m="50283" /><F66/><W93/><G68/><T84/><D19/><U8/><E116/><V135/><F72/><W7/><G132/><T64/><D47/><U86/><E133/><V2/><F2/><W13/><G55/><T115/><D64/><U75/><E75/><V49/><F38/><W117/><G117/><T4/><D4/><U82/><E69/><V127/><F25/><W59/><G59/><T20/><D40/><N who="1" m="15435" /><E67/><V26/><F15/><W42/><G42/><T104/><D22/><U76/><E114/><V37/><F26/><W71/><G71/><T51/><D51/><U109/><E109/><V77/><F37/><W12/><G7/><T112/><D30/><N who="1" m="17695" /><E76/><V31/><F31/><W27/><G27/><T123/><D123/><U120/><E120/><V29/><F29/><W45/><G45/><T11/><D11/><AGARI ba="0,0" hai="8,9,11,82,86,90,98,99" m="17695,15435" machi="11" ten="30,2000,0" yaku="8,1,52,1" doraHai="78" who="1" fromWho="0" sc="251,-20,375,20,295,0,79,0" owari="231,-17.0,395,49.0,295,10.0,79,-42.0" /></mjloggm>