<mjloggm ver="2.3"><GO type="41" lobby="0"/><UN n0="%E3%82%AC%E3%82%B7%E3%82%BB%E3%82%B7%E3%82%B4" n1="%E6%A8%A9%E4%B8%89" n2="%E3%81%A0%E3%83%BC%E3%81%84" n3="%E3%82%A6%E3%83%AB%E3%83%88%E3%83%A9%E7%AB%8B%E7%9B%B4" dan="15,14,14,16" rate="1995.85,2006.44,1939.02,2063.42" sx="M,M,M,M"/><TAIKYOKU oya="0"/><INIT seed="0,0,0,0,1,50" ten="250,250,250,250" oya="0" hai0="57,101,36,3,55,66,45,9,112,5,79,131,8" hai1="70,37,51,64,109,35,59,40,56,19,97,80,114" hai2="23,132,58,34,27,110,92,26,54,90,20,117,121" hai3="1,53,22,87,15,124,102,78,12,4,42,100,38"/><T83/><D112/><U43/><E35/><V93/><F121/><W48/><G124/><T85/><D131/><U123/><E109/><V47/><F110/><W71/><G71/><T106/><D66/><U14/><E123/><V134/><F117/><W130/><G1/><T62/><D106/><U30/><E30/><V6/><F6/><W18/><G130/><T31/><D31/><U89/><E114/><V72/><F72/><W86/><G38/><T39/><D101/><U113/><E113/><V84/><F34/><W99/><G42/><T95/><D45/><U33/><E33/><V126/><F47/><W13/><G100/><T82/><D95/><N who="1" m="56559" /><E70/><V52/><F126/><W104/><G78/><T119/><D119/><U94/><E37/><V16/><F93/><W32/><G32/><T128/><D128/><U133/><E133/><N who="2" m="51307" /><F58/><W75/><G75/><T7/><REACH who="0" step="1"/><D83/><REACH who="0" ten="240,250,250,250" step="2"/><U60/><E80/><V103/><F103/><W49/><G102/><T129/><D129/><U69/><E69/><V115/><F115/><W10/><G104/><T96/><D96/><U88/><E64/><V46/><F46/><W76/><G99/><T21/><D21/><U67/><E67/><V98/><F98/><W105/><G22/><T65/><D65/><U125/><E125/><V61/><F61/><W41/><G105/><T28/><D28/><AGARI ba="0,1" hai="16,20,23,26,27,28,52,54,84,90,92" m="51307" machi="28" ten="30,8000,1" yaku="20,1,52,2,54,2" doraHai="50" who="2" fromWho="0" sc="240,-80,250,0,250,90,250,0" /><INIT seed="1,0,0,4,1,99" ten="160,250,340,250" oya="1" hai0="133,80,49,92,87,108,70,74,56,48,26,91,33" hai1="114,135,106,105,57,14,7,77,111,0,101,8,69" hai2="16,6,131,39,122,85,100,66,1,90,23,72,119" hai3="110,129,127,121,54,113,59,94,31,13,117,53,50"/><U45/><E69/><V73/><F122/><W21/><G113/><T42/><D70/><U104/><E114/><V97/><F119/><W63/><G121/><T86/><D108/><U75/><E135/><V15/><F131/><W112/><G112/><T116/><D74/><U46/><E111/><V19/><F39/><W134/><G110/><T84/><D133/><U125/><E125/><V9/><F66/><W82/><G134/><T61/><D116/><U102/><E57/><V128/><F19/><W96/><G127/><T5/><D5/><U22/><E77/><V35/><F35/><W130/><G117/><T30/><D42/><U60/><E75/><V25/><F1/><W68/><G82/><T71/><D71/><U10/><E60/><V58/><F58/><W83/><G83/><T44/><D44/><U32/><E32/><V81/><REACH who="2" step="1"/><F128/><REACH who="2" ten="160,250,330,250" step="2"/><W78/><G129/><T17/><D17/><U115/><E115/><V28/><F28/><W103/><G68/><T11/><D11/><U118/><E118/><V24/><F24/><W79/><G130/><T124/><D124/><U2/><E46/><V27/><F27/><N who="3" m="16879" /><G13/><T88/><D86/><U52/><E2/><V38/><F38/><W93/><G93/><AGARI ba="0,1" hai="6,9,15,16,23,25,72,73,81,85,90,93,97,100" machi="93" ten="30,7700,0" yaku="1,1,7,1,52,1,54,1,53,0" doraHai="99" doraHaiUra="55" who="2" fromWho="3" sc="160,0,250,0,330,87,250,-77" /><INIT seed="2,0,0,4,3,8" ten="160,250,417,173" oya="2" hai0="81,104,19,37,132,134,118,88,36,33,128,117,10" hai1="97,24,105,6,76,103,115,39,80,16,13,29,57" hai2="1,4,38,99,67,102,44,120,0,43,98,100,121" hai3="42,77,5,66,18,32,94,35,48,7,124,96,85"/><V130/><F130/><W110/><G110/><T82/><D104/><U3/><E115/><V135/><F135/><N who="0" m="51754" /><D33/><U17/><E39/><N who="0" m="14921" /><D128/><U131/><E131/><V31/><F67/><W41/><G124/><T15/><D88/><U63/><E6/><V112/><F112/><W49/><G66/><T28/><D28/><U51/><E3/><V23/><F23/><W52/><G32/><T71/><D71/><U125/><E51/><V65/><F65/><W2/><G48/><T21/><D10/><U127/><E125/><V64/><F64/><W68/><G68/><T109/><D109/><U91/><E127/><V87/><F31/><W122/><G35/><T92/><D92/><U113/><E113/><V95/><F87/><W25/><G122/><T101/><D101/><U86/><E24/><V11/><REACH who="2" step="1"/><F0/><REACH who="2" ten="160,250,407,173" step="2"/><W70/><G2/><T69/><D69/><U79/><E29/><V26/><F26/><W126/><G70/><T20/><D21/><U58/><E86/><V45/><F45/><W119/><G126/><T73/><D73/><U78/><E58/><V129/><F129/><W59/><G85/><T22/><D22/><U53/><E91/><V111/><F111/><W54/><G25/><T14/><D14/><U106/><E80/><AGARI ba="0,1" hai="15,19,20,80,81,82,117,118" m="14921,51754" machi="80" ten="40,2600,0" yaku="20,1,52,1" doraHai="8" who="0" fromWho="1" sc="160,36,250,-26,407,0,173,0" /><INIT seed="3,0,0,1,0,88" ten="196,224,407,173" oya="3" hai0="55,121,69,3,124,104,120,77,62,51,64,86,135" hai1="78,118,5,13,116,31,26,47,21,119,35,125,44" hai2="81,19,33,52,23,50,101,17,37,49,85,15,129" hai3="7,20,122,111,54,87,94,128,57,46,115,98,68"/><W91/><G68/><T43/><D3/><U40/><E78/><V59/><F129/><W25/><G122/><T131/><D104/><U126/><E44/><V117/><F117/><W0/><G128/><T9/><D9/><N who="1" m="4271" /><E47/><V84/><F37/><W95/><G115/><T38/><D86/><U96/><E96/><V72/><F33/><W103/><G7/><T53/><D77/><U100/><E100/><V39/><F39/><W27/><G0/><T71/><D131/><U45/><E45/><V107/><F19/><W90/><G46/><N who="0" m="23927" /><D124/><N who="1" m="47723" /><E40/><V133/><F133/><W114/><G114/><T113/><D135/><U56/><E56/><V67/><F67/><W12/><G111/><T63/><D113/><U99/><E99/><V4/><F4/><W75/><G75/><T42/><D42/><U2/><E2/><V32/><F32/><AGARI ba="0,0" hai="21,26,31,32,35,116,118,119" m="47723,4271" machi="32" ten="40,8000,1" yaku="12,1,18,1,34,2" doraHai="88" who="1" fromWho="2" sc="196,0,224,80,407,-80,173,0" /><INIT seed="4,0,0,3,0,121" ten="196,304,327,173" oya="0" hai0="14,47,54,125,21,78,16,129,130,26,36,99,41" hai1="86,24,92,113,89,93,117,18,35,87,56,33,17" hai2="59,79,120,37,9,42,64,10,102,122,67,50,53" hai3="133,106,132,84,98,118,57,101,34,85,22,74,104"/><T5/><D125/><U76/><E117/><V45/><F120/><W96/><G22/><T70/><D70/><U20/><E113/><V62/><F122/><W65/><G57/><T49/><D78/><U25/><E56/><V116/><F116/><W61/><G61/><T83/><D83/><U110/><E110/><V134/><F134/><W19/><G19/><T107/><D99/><U28/><E76/><V131/><F131/><N who="0" m="50186" /><D107/><U77/><E77/><V15/><F79/><W111/><G65/><T8/><D36/><U69/><E69/><V103/><F64/><W97/><G34/><T2/><D41/><U126/><E126/><V94/><F94/><W95/><G118/><T135/><D135/><N who="3" m="51785" /><G74/><T0/><AGARI ba="0,0" hai="0,2,5,8,14,16,21,26,47,49,54" m="50186" machi="0" ten="30,3000,0" yaku="19,1,54,1" doraHai="121" who="0" fromWho="0" sc="196,30,304,-10,327,-10,173,-10" /><INIT seed="4,1,0,1,0,114" ten="226,294,317,163" oya="0" hai0="58,45,91,81,121,90,48,54,120,12,126,33,127" hai1="131,116,3,20,117,64,13,85,59,109,102,93,82" hai2="21,66,98,16,46,11,107,113,31,133,129,79,47" hai3="89,23,75,101,122,1,105,22,100,110,7,74,103"/><T118/><D33/><U119/><E109/><V92/><F113/><W18/><G7/><T71/><D71/><U78/><E3/><V135/><F129/><W38/><G1/><T53/><D81/><U80/><E131/><V62/><F107/><W108/><G38/><T70/><D12/><U43/><E43/><V67/><F79/><W49/><G105/><T97/><D97/><U130/><E130/><V14/><F31/><W115/><G115/><T40/><D70/><U30/><E64/><N who="2" m="24619" /><F62/><W55/><G122/><N who="0" m="47211" /><D91/><N who="1" m="51623" /><E59/><V68/><F11/><W8/><G8/><T34/><D90/><U73/><E13/><V63/><F63/><W25/><G89/><T29/><D29/><U41/><E20/><V87/><F87/><W2/><G2/><T0/><D0/><U52/><E52/><V124/><F124/><N who="0" m="47658" /><D34/><U72/><E41/><V94/><F68/><W65/><G23/><T111/><D111/><U10/><E10/><V112/><F112/><W88/><G110/><T96/><D96/><N who="1" m="59663" /><E30/><V19/><F19/><W76/><G108/><T4/><D4/><U77/><E77/><V134/><F98/><W83/><G76/><T95/><D95/><AGARI ba="1,0" hai="14,16,21,46,47,92,94,95,133,134,135" m="24619" machi="95" ten="40,2600,0" yaku="20,1,54,1" doraHai="114" who="2" fromWho="0" sc="226,-29,294,0,317,29,163,0" /><INIT seed="5,0,0,1,2,63" ten="197,294,346,163" oya="1" hai0="23,129,132,75,131,32,27,8,52,69,15,72,51" hai1="57,60,67,62,41,79,101,135,118,20,96,68,6" hai2="24,66,65,112,43,86,73,46,55,110,49,99,85" hai3="34,94,134,93,29,108,42,5,78,126,91,107,39"/><U128/><E118/><V33/><F110/><W48/><G39/><T117/><D69/><U36/><E79/><V13/><F73/><W120/><G107/><T11/><D32/><U83/><E83/><V3/><F3/><W119/><G34/><T116/><D132/><U18/><E6/><V19/><F112/><W97/><G29/><T70/><D70/><U22/><E135/><V7/><F7/><W84/><G120/><T80/><D80/><U2/><E2/><V95/><F24/><W102/><G126/><T9/><D15/><U10/><E128/><N who="0" m="49225" /><D72/><U38/><E10/><N who="0" m="2561" /><T54/><DORA hai="89" /><D75/><U82/><E82/><V76/><F33/><W105/><G108/><T87/><D87/><N who="2" m="33290" /><F19/><W61/><G134/><T12/><D12/><U0/><E0/><V28/><F28/><W74/><G5/><T81/><D81/><U123/><E123/><V26/><F26/><W17/><G74/><T109/><D109/><U115/><E115/><V125/><F13/><W121/><G78/><T31/><D54/><U111/><E111/><V71/><F71/><W4/><G4/><T45/><AGARI ba="0,0" hai="23,27,31,45,51,52,116,117" m="2561,49225" machi="45" ten="40,2700,0" yaku="19,1,54,1" doraHai="63,89" who="0" fromWho="0" sc="197,27,294,-13,346,-7,163,-7" /><INIT seed="6,0,0,3,1,21" ten="224,281,339,156" oya="2" hai0="32,88,119,103,53,131,41,37,120,14,4,85,84" hai1="25,87,24,71,39,132,6,113,1,29,20,40,126" hai2="56,67,12,116,94,2,62,82,36,101,114,128,57" hai3="133,64,55,15,73,90,112,96,28,22,129,86,59"/><V61/><F116/><W17/><G73/><T74/><D120/><U69/><E126/><V115/><F2/><W80/><G129/><T23/><D74/><U68/><E113/><N who="2" m="43019" /><F128/><W83/><G112/><T106/><D32/><U97/><E132/><V60/><F36/><W110/><G133/><T35/><D35/><U102/><E87/><V33/><F33/><W79/><G110/><T70/><D70/><U77/><E77/><V16/><F82/><W7/><G64/><T45/><D131/><U48/><E39/><V49/><F49/><W127/><G127/><T5/><D119/><U47/><E6/><V117/><F117/><W43/><G43/><T11/><D84/><U72/><E72/><V100/><F67/><W104/><G80/><T135/><D135/><U81/><E81/><V123/><F123/><W3/><G3/><T31/><D106/><U118/><E1/><V125/><F125/><W124/><G124/><T65/><D65/><U105/><E118/><V27/><F27/><W107/><G7/><T99/><D53/><U38/><E38/><V13/><F13/><W58/><G28/><T111/><D4/><U52/><REACH who="1" step="1"/><E24/><REACH who="1" ten="224,271,339,156" step="2"/><V66/><F66/><W95/><REACH who="3" step="1"/><G58/><REACH who="3" ten="224,271,339,146" step="2"/><N who="2" m="22633" /><F94/><W50/><AGARI ba="0,2" hai="15,17,22,50,55,59,79,83,86,90,95,96,104,107" machi="50" ten="20,5200,0" yaku="1,1,0,1,7,1,53,1" doraHai="21" doraHaiUra="92" who="3" fromWho="3" sc="224,-13,271,-13,339,-26,146,72" /><INIT seed="7,0,0,5,0,51" ten="211,258,313,218" oya="3" hai0="53,58,104,12,54,32,6,45,95,66,4,1,97" hai1="73,9,5,81,99,36,83,50,62,133,42,128,55" hai2="101,119,20,8,90,109,85,60,96,71,132,38,108" hai3="34,3,131,68,47,116,84,69,56,75,113,125,22"/><W126/><G75/><T23/><D104/><U88/><E128/><V57/><F119/><W76/><G34/><T74/><D74/><U27/><E133/><V2/><F38/><W70/><G116/><T13/><D32/><U110/><E110/><V112/><F132/><W63/><G3/><T39/><D39/><U17/><E73/><V25/><F112/><W120/><G120/><T11/><D1/><U46/><E62/><V118/><F71/><W24/><G113/><T18/><D45/><U26/><E17/><V130/><F130/><W82/><G47/><T35/><D35/><U79/><E83/><V19/><F8/><W94/><G94/><T77/><D77/><U87/><E99/><V67/><F2/><W98/><G98/><T106/><D106/><U61/><E79/><V102/><F118/><W121/><G121/><T124/><D124/><U30/><E30/><V48/><F48/><W65/><REACH who="3" step="1"/><G131/><REACH who="3" ten="211,258,313,208" step="2"/><T64/><D95/><U100/><E46/><V44/><F44/><W129/><G129/><T21/><D97/><U80/><E81/><V14/><F108/><W135/><G135/><T43/><D43/><U40/><E42/><V122/><F122/><W89/><G89/><T114/><D114/><U52/><E40/><V15/><F109/><W107/><G107/><T16/><D58/><U117/><E117/><V29/><F96/><W93/><G93/><T49/><D49/><U105/><E50/><V7/><F90/><W10/><G10/><AGARI ba="0,1" hai="4,6,10,11,12,13,16,18,21,23,53,54,64,66" machi="10" ten="25,12000,2" yaku="22,2,8,1,52,2,54,1" doraHai="51" who="0" fromWho="3" sc="211,130,258,0,313,0,208,-120" owari="341,44.0,258,-14.0,313,11.0,88,-41.0" /></mjloggm>