<mjloggm ver="2.3"><GO type="97" lobby="0"/><UN n0="%6D%75%75%6E%6E" n1="%72%6F%6F%6E%79" n2="%6B%6F%63%68%61%6E%6E" n3="%E3%82%A6%E3%83%AB%E3%83%88%E3%83%A9%E7%AB%8B%E7%9B%B4" dan="14,14,13,15" rate="1963.70,1914.42,1882.17,1989.81" sx="M,M,M,M"/><TAIKYOKU oya="0"/><INIT seed="0,0,0,4,0,57" ten="250,250,250,250" oya="0" hai0="87,102,24,53,62,111,27,96,135,35,93,118,107" hai1="21,128,116,45,129,3,7,105,101,82,58,94,109" hai2="79,28,33,42,11,99,17,39,38,69,84,16,31" hai3="22,126,64,121,127,80,89,78,104,59,51,49,131"/><T46/><D118/><U117/><E105/><V106/><F33/><W67/><G104/><T81/><D135/><U20/><E109/><V40/><F69/><W92/><G22/><N who="1" m="8810" /><E45/><V52/><F106/><W72/><G131/><N who="1" m="50250" /><E82/><V12/><F99/><W5/><G5/><T47/><D111/><U25/><E25/><N who="0" m="9801" /><D35/><U83/><E83/><N who="2" m="47231" /><F38/><W4/><G4/><T41/><D107/><U68/><E68/><V114/><F114/><W10/><G121/><T71/><D71/><U123/><E58/><V91/><F39/><W124/><G10/><T18/><D41/><N who="2" m="15978" /><F91/><W75/><G75/><T34/><D34/><U112/><E123/><V85/><F85/><N who="3" m="52271" /><G59/><N who="0" m="35183" /><D18/><N who="2" m="7274" /><F52/><W134/><G134/><T74/><D74/><U76/><E76/><AGARI ba="0,0" hai="46,47,76,81,87,93,96,102" m="35183,9801" machi="76" ten="30,2900,0" yaku="8,1,52,1" doraHai="57" who="0" fromWho="1" sc="250,29,250,-29,250,0,250,0" /><INIT seed="0,1,0,1,2,108" ten="279,221,250,250" oya="0" hai0="89,109,22,127,70,40,87,28,26,35,31,51,116" hai1="6,126,83,50,74,18,32,61,55,132,134,10,23" hai2="53,72,37,103,14,102,42,93,105,38,29,27,63" hai3="95,84,78,1,85,97,86,9,59,77,0,30,94"/><T49/><D116/><U2/><E126/><V98/><F72/><W4/><G1/><T122/><D122/><U46/><E32/><V131/><F42/><W71/><G71/><T117/><D117/><U12/><REACH who="1" step="1"/><E61/><REACH who="1" ten="279,211,250,250" step="2"/><V66/><F131/><W39/><G39/><T24/><D35/><U135/><E135/><V47/><F38/><W81/><G77/><AGARI ba="1,1" hai="2,6,10,12,18,23,46,50,55,74,77,83,132,134" machi="77" ten="40,5200,0" yaku="1,1,53,2" doraHai="108" doraHaiUra="129" who="1" fromWho="3" sc="279,0,211,65,250,0,250,-55" /><INIT seed="1,0,0,5,4,80" ten="279,276,250,195" oya="1" hai0="15,100,17,23,91,134,117,34,30,95,21,78,122" hai1="77,128,3,112,47,121,56,28,69,36,4,135,85" hai2="2,39,35,42,8,61,12,31,20,60,81,54,38" hai3="107,25,74,10,32,127,106,29,87,92,105,86,52"/><U113/><E69/><V22/><F2/><W126/><G74/><T124/><D117/><U51/><E121/><V75/><F35/><W63/><G10/><T11/><D34/><U96/><E135/><V7/><F38/><W94/><G92/><T44/><D134/><U68/><E68/><V48/><F31/><W76/><G76/><T26/><D122/><U116/><E116/><V67/><F60/><W104/><N who="3" m="26624" /><DORA hai="71" /><W64/><G94/><T62/><D124/><N who="3" m="47657" /><G52/><T58/><D78/><U131/><E96/><V129/><F129/><N who="1" m="49737" /><E28/><V123/><F123/><W45/><G45/><T83/><D44/><U110/><E36/><V109/><F39/><W90/><G90/><T43/><D11/><N who="1" m="2463" /><E56/><AGARI ba="0,0" hai="25,29,32,56,63,64,86,87" m="47657,26624" machi="56" ten="60,7700,0" yaku="18,1,52,2" doraHai="80,71" who="3" fromWho="1" sc="279,0,276,-77,250,0,195,77" /><INIT seed="2,0,0,1,2,37" ten="279,199,250,272" oya="2" hai0="135,46,117,62,67,114,111,75,90,32,134,18,77" hai1="50,48,112,131,122,2,41,82,49,22,132,23,127" hai2="6,36,130,91,65,119,72,19,78,76,108,123,84" hai3="28,43,29,71,88,126,93,57,3,125,64,105,0"/><V86/><F123/><W44/><G71/><T42/><D114/><U59/><E112/><V104/><F119/><W55/><G64/><T51/><D111/><U27/><E122/><V128/><F72/><W99/><G105/><T116/><D32/><U26/><E2/><N who="3" m="554" /><G55/><T100/><D100/><U54/><E127/><N who="3" m="48650" /><G57/><T103/><D103/><U118/><E118/><N who="0" m="45673" /><D90/><U66/><E132/><V16/><F104/><W31/><G31/><T15/><D77/><U98/><E131/><N who="2" m="50219" /><F36/><AGARI ba="0,0" hai="28,29,36,43,44,88,93,99" m="48650,554" machi="36" ten="30,3900,0" yaku="18,1,52,1,54,1" doraHai="37" who="3" fromWho="2" sc="279,0,199,0,250,-39,272,39" /><INIT seed="3,0,0,5,3,122" ten="279,199,211,311" oya="3" hai0="63,39,127,80,97,57,26,55,98,8,76,60,56" hai1="121,101,6,102,106,19,114,0,115,75,17,111,94" hai2="13,33,133,118,113,112,11,107,73,28,15,69,84" hai3="109,85,53,134,45,52,2,36,128,72,58,61,78"/><W16/><BYE who="0" /><G128/><UN n0="%6D%75%75%6E%6E" /><T99/><D39/><U46/><E121/><V18/><F118/><W43/><G134/><T96/><D127/><U25/><E106/><V110/><F107/><W120/><G120/><T125/><D125/><U82/><E25/><N who="2" m="18575" /><F69/><W37/><G37/><T20/><D8/><N who="1" m="2119" /><E17/><N who="2" m="8383" /><F73/><W24/><G72/><T79/><D99/><N who="1" m="59639" /><E19/><V89/><F84/><W35/><G2/><T23/><D80/><U83/><E83/><V32/><F89/><W67/><G85/><T90/><D90/><U68/><E102/><V100/><F100/><W123/><G78/><T91/><D91/><U44/><E46/><V34/><F133/><W124/><G123/><T77/><D26/><U104/><E104/><V117/><F117/><W41/><G124/><T12/><D12/><U131/><E68/><V86/><F86/><W31/><G43/><T51/><D51/><U88/><BYE who="0" /><E88/><V42/><F42/><W103/><G103/><T126/><D126/><U62/><E62/><UN n0="%6D%75%75%6E%6E" /><V40/><F40/><W1/><G53/><AGARI ba="0,0" hai="20,23,53,55,56,57,60,63,76,77,79,96,97,98" machi="53" ten="40,2600,0" yaku="9,1,8,1" doraHai="122" who="0" fromWho="3" sc="279,26,199,0,211,0,311,-26" owari="305,40.0,199,-30.0,211,-19.0,285,9.0" /></mjloggm>