<mjloggm ver="2.3"><GO type="97" lobby="0"/><UN n0="%E3%81%82%E3%81%99%E3%81%8B%31%32%30%25" n1="%E3%81%A1%E3%82%8D%E3%81%BE%E3%81%A3%E3%81%8F" n2="%E6%B3%A3%E3%81%8D%E9%9D%A2%E3%81%AB%E8%9C%82%E5%A4%AA%E9%83%8E" n3="%E3%82%A6%E3%83%AB%E3%83%88%E3%83%A9%E7%AB%8B%E7%9B%B4" dan="14,14,14,15" rate="1933.62,1823.80,1900.34,2010.74" sx="M,M,M,M"/><TAIKYOKU oya="0"/><INIT seed="0,0,0,5,0,60" ten="250,250,250,250" oya="0" hai0="70,50,110,45,56,73,39,85,69,105,42,29,61" hai1="30,95,96,103,77,123,84,33,17,83,132,120,78" hai2="112,130,121,47,87,35,12,65,94,37,98,80,7" hai3="36,20,99,93,28,66,0,10,113,134,32,108,86"/><T119/><D73/><U3/><E3/><V102/><F121/><W55/><G36/><T41/><D105/><U67/><E17/><V79/><F112/><W104/><G113/><T53/><D29/><U82/><E132/><V1/><F1/><W115/><G134/><T58/><D85/><U16/><E16/><V90/><F35/><W124/><G115/><T48/><D119/><U25/><REACH who="1" step="1"/><E67/><REACH who="1" ten="250,240,250,250" step="2"/><V5/><F65/><W13/><G66/><N who="0" m="39207" /><D110/><U75/><AGARI ba="0,1" hai="25,30,33,75,77,78,82,83,84,95,96,103,120,123" machi="75" ten="20,5200,0" yaku="1,1,0,1,7,1,53,1" doraHai="60" doraHaiUra="106" who="1" fromWho="1" sc="250,-26,240,62,250,-13,250,-13" /><INIT seed="1,0,0,2,3,45" ten="224,302,237,237" oya="1" hai0="123,25,54,86,64,37,56,26,22,95,39,33,121" hai1="100,15,20,111,59,10,98,93,0,115,27,134,128" hai2="4,90,75,87,92,35,80,55,42,135,57,47,3" hai3="71,131,97,109,91,125,116,9,23,67,16,119,68"/><U14/><E115/><V118/><F118/><N who="3" m="45099" /><G67/><T130/><D64/><U32/><E128/><V103/><F135/><W62/><G62/><T48/><D130/><U41/><E134/><V66/><F66/><W49/><G9/><T72/><D72/><U38/><E111/><V5/><F35/><W106/><G109/><T18/><D33/><U46/><E59/><V89/><F103/><W8/><G8/><T94/><D26/><U69/><E69/><V127/><F127/><W133/><G133/><T117/><D117/><U11/><E32/><V60/><F75/><W112/><G112/><T58/><D58/><U104/><E104/><V30/><F30/><W84/><G125/><T53/><D53/><U40/><E40/><V43/><F43/><W65/><G65/><T82/><D39/><U19/><E0/><V83/><F3/><W114/><G114/><T110/><D37/><U105/><E105/><V108/><F108/><W79/><G131/><T76/><REACH who="0" step="1"/><D110/><REACH who="0" ten="214,302,237,237" step="2"/><U52/><E11/><V126/><F126/><W70/><G68/><T34/><D34/><U102/><E10/><V81/><REACH who="2" step="1"/><F90/><REACH who="2" ten="214,302,227,237" step="2"/><W31/><G91/><T24/><D24/><U1/><E27/><V61/><F61/><W17/><G71/><T88/><D88/><U28/><E28/><V78/><F78/><W129/><G70/><T85/><D85/><U21/><E1/><V51/><AGARI ba="0,2" hai="4,5,42,47,51,55,57,60,80,81,83,87,89,92" machi="51" ten="30,7900,0" yaku="1,1,0,1,8,1,52,1,53,0" doraHai="45" doraHaiUra="122" who="2" fromWho="2" sc="214,-20,302,-39,227,99,237,-20" /><INIT seed="2,0,0,3,2,12" ten="194,263,326,217" oya="2" hai0="53,32,80,101,83,10,38,34,116,135,1,20,23" hai1="89,25,123,125,94,118,102,16,111,131,40,108,120" hai2="96,61,66,114,14,44,54,15,62,28,99,45,86" hai3="72,100,9,31,36,0,91,122,47,2,4,48,58"/><V87/><F114/><W129/><G122/><N who="1" m="46634" /><E118/><V30/><REACH who="2" step="1"/><F54/><REACH who="2" ten="194,263,316,217" step="2"/><W73/><G129/><T42/><D53/><U126/><E131/><V19/><F19/><W88/><G31/><T76/><D116/><U97/><E40/><V128/><F128/><W26/><G36/><T3/><D42/><U105/><E16/><V124/><F124/><N who="1" m="47721" /><E25/><V52/><F52/><W112/><G26/><T75/><D38/><U133/><E133/><V132/><F132/><W37/><G112/><T29/><D135/><U121/><E121/><V74/><F74/><W59/><G73/><T110/><D75/><U93/><E105/><V49/><F49/><W22/><G72/><T18/><D29/><U71/><E71/><V21/><F21/><W82/><G22/><T90/><D18/><U85/><AGARI ba="0,1" hai="85,89,93,94,97,102,108,111" m="47721,46634" machi="85" ten="40,8000,1" yaku="13,1,18,1,34,2" doraHai="12" who="1" fromWho="1" sc="194,-20,263,90,316,-40,217,-20" /><INIT seed="3,0,0,4,0,22" ten="174,353,276,197" oya="3" hai0="114,82,57,73,18,46,30,26,2,25,3,113,79" hai1="110,71,115,96,117,67,7,62,38,35,86,47,107" hai2="0,125,109,102,130,43,135,40,129,19,97,51,8" hai3="85,17,100,131,128,72,134,77,29,95,55,44,90"/><W53/><G100/><T54/><D46/><U48/><E117/><V1/><F109/><W60/><G134/><T98/><D98/><U94/><E110/><V66/><F135/><W74/><G55/><T69/><D69/><U56/><E115/><N who="0" m="44041" /><D30/><U101/><E35/><V126/><F66/><W132/><G132/><T36/><D36/><U6/><E86/><V49/><F97/><W16/><G29/><T120/><D120/><U89/><E89/><V23/><F102/><W42/><G77/><T118/><D118/><U32/><E32/><V9/><F23/><W10/><G74/><T70/><D70/><U106/><E106/><V112/><F112/><W121/><G72/><T41/><D41/><N who="1" m="22967" /><E107/><V34/><REACH who="2" step="1"/><F34/><REACH who="2" ten="174,353,266,197" step="2"/><W92/><G121/><T45/><D45/><U91/><E101/><V78/><F78/><W50/><G44/><T31/><D31/><U4/><E67/><V12/><F12/><W20/><G42/><T15/><D3/><U133/><E96/><V84/><F84/><W75/><G85/><T80/><D2/><U13/><E13/><V39/><F39/><W28/><G75/><T123/><D123/><U33/><E33/><V88/><F88/><W14/><G90/><T119/><D119/><U63/><E91/><V104/><F104/><W83/><G92/><T93/><D93/><U122/><E94/><V127/><F127/><W81/><G95/><T52/><D82/><U11/><E122/><V61/><F61/><W5/><G60/><N who="0" m="35879" /><D54/><U108/><E133/><V27/><F27/><N who="3" m="16487" /><G83/><T68/><D68/><U59/><E71/><V124/><F124/><RYUUKYOKU ba="0,1" sc="174,15,353,-15,266,15,197,-15" hai0="15,18,25,26,73,79,80" hai2="0,1,8,9,19,40,43,49,51,125,126,129,130" owari="189,-21.0,348,45.0,281,8.0,182,-32.0" /></mjloggm>