<mjloggm ver="2.3"><GO type="41" lobby="0"/><UN n0="%E3%82%A6%E3%83%AB%E3%83%88%E3%83%A9%E7%AB%8B%E7%9B%B4" n1="%E3%82%BF%E3%82%A4%E3%82%AC%E3%83%BC%E3%82%B9%E3%82%BF%E3%82%A4%E3%83%AB" n2="%E4%B8%89%E5%8E%9F%E8%89%B2" n3="%E3%81%97%E3%82%83%E3%81%A8%E3%82%93" dan="15,14,14,15" rate="1958.88,1909.72,1938.26,2025.57" sx="M,M,M,M"/><TAIKYOKU oya="0"/><INIT seed="0,0,0,4,5,84" ten="250,250,250,250" oya="0" hai0="39,6,97,112,14,73,8,80,22,130,120,36,4" hai1="52,113,30,64,104,60,47,42,111,106,7,50,81" hai2="51,71,5,9,32,38,19,0,94,69,122,131,29" hai3="17,105,107,74,100,3,25,109,125,114,99,92,11"/><T53/><D120/><U77/><E30/><V124/><F38/><W55/><G114/><T46/><D112/><U98/><E113/><V117/><F122/><W21/><G109/><T34/><D34/><U127/><E111/><V58/><F131/><W126/><G74/><T115/><D115/><U2/><E127/><N who="3" m="48650" /><G55/><T75/><D130/><U110/><E110/><V16/><F124/><W27/><G27/><T72/><D22/><U61/><E98/><V66/><F117/><W103/><G100/><T121/><D121/><U135/><E135/><V54/><F66/><W67/><G67/><T65/><D65/><U26/><E26/><V41/><F41/><W31/><G31/><T1/><D6/><AGARI ba="0,0" hai="3,6,11,17,21,25,92,99,103,105,107" m="48650" machi="6" ten="30,1000,0" yaku="18,1" doraHai="84" who="3" fromWho="0" sc="250,-10,250,0,250,0,250,10" /><INIT seed="1,0,0,4,4,117" ten="240,250,250,260" oya="1" hai0="13,18,43,12,37,81,99,65,90,93,24,62,53" hai1="118,30,32,26,35,111,122,3,63,102,113,41,85" hai2="47,7,21,83,25,56,20,94,79,98,42,101,67" hai3="72,19,4,107,119,38,108,110,116,2,68,84,46"/><U39/><E118/><N who="3" m="45098" /><G84/><T87/><D43/><U132/><E113/><V64/><F7/><W69/><G19/><T120/><D37/><U17/><E132/><V28/><F20/><W134/><G134/><T112/><D112/><U51/><E122/><V125/><F56/><W50/><G107/><T106/><D106/><U45/><E111/><N who="3" m="42538" /><G72/><T88/><D65/><U114/><E63/><V71/><F125/><W91/><G91/><T95/><D95/><U49/><E114/><V58/><F71/><N who="3" m="27211" /><G4/><T55/><D13/><U60/><E60/><V76/><F58/><W57/><G2/><T0/><D0/><U128/><E3/><V36/><REACH who="2" step="1"/><F76/><REACH who="2" ten="240,250,240,260" step="2"/><W92/><G57/><T23/><D12/><U105/><E35/><V16/><F16/><W73/><G73/><AGARI ba="0,1" hai="21,25,28,36,42,47,64,67,73,79,83,94,98,101" machi="73" ten="30,2000,0" yaku="1,1,7,1,53,0" doraHai="117" doraHaiUra="29" who="2" fromWho="3" sc="240,0,250,0,240,30,260,-20" /><INIT seed="2,0,0,0,3,36" ten="240,250,270,240" oya="2" hai0="76,109,73,8,117,94,6,59,32,13,14,135,57" hai1="87,101,40,50,47,1,7,77,132,55,124,61,115" hai2="66,105,120,20,129,15,118,125,48,58,23,133,0" hai3="116,46,102,37,70,65,127,104,67,123,134,35,12"/><V64/><F120/><W33/><G123/><T43/><D32/><U29/><E29/><V85/><F118/><W80/><G12/><T45/><D117/><U60/><E115/><V82/><F0/><W24/><G65/><T22/><D135/><U100/><E132/><V54/><F105/><W108/><G134/><T63/><D76/><U39/><E124/><V3/><F3/><W79/><G108/><T34/><D73/><U74/><E87/><V4/><F133/><W78/><G127/><T71/><D34/><U2/><E100/><V9/><F129/><W126/><G126/><T10/><D22/><N who="2" m="8234" /><F125/><W41/><G116/><T75/><D75/><U119/><E1/><V110/><F110/><W68/><G78/><AGARI ba="0,0" hai="4,9,15,48,54,58,64,66,78,82,85" m="8234" machi="78" ten="30,1500,0" yaku="8,1" doraHai="36" who="2" fromWho="3" sc="240,0,250,0,270,15,240,-15" /><INIT seed="2,1,0,5,4,22" ten="240,250,285,225" oya="2" hai0="121,107,3,111,97,55,17,119,91,104,134,63,79" hai1="109,124,15,102,4,132,103,9,80,60,52,85,93" hai2="53,116,59,77,1,46,94,118,101,112,113,125,70" hai3="96,50,114,11,8,43,84,14,69,5,81,72,87"/><V39/><F1/><W35/><G69/><T6/><D6/><U123/><E109/><V92/><F77/><W18/><G35/><T120/><D79/><U106/><E106/><V38/><F70/><W66/><G66/><T21/><D3/><U34/><E34/><V108/><F108/><W13/><G114/><N who="2" m="44137" /><F101/><W128/><G96/><T64/><D64/><U89/><E123/><V65/><F92/><W67/><G67/><T61/><D61/><U51/><E60/><N who="2" m="38047" /><F94/><W27/><G72/><T28/><D111/><U20/><E20/><V31/><F31/><W54/><G128/><T10/><D10/><U135/><E103/><V23/><F23/><N who="3" m="13815" /><G43/><T36/><D28/><U133/><E102/><V117/><F125/><W99/><G99/><T130/><D130/><U110/><E110/><V45/><F53/><W24/><G24/><N who="0" m="14383" /><D104/><U48/><E124/><V68/><F68/><W42/><G42/><T127/><D107/><U25/><E25/><V16/><F16/><N who="3" m="8231" /><G81/><T33/><D33/><U76/><REACH who="1" step="1"/><E52/><REACH who="1" ten="240,240,285,225" step="2"/><V98/><F98/><AGARI ba="1,1" hai="4,9,15,48,51,76,80,85,89,93,98,132,133,135" machi="98" ten="40,8000,1" yaku="1,1,2,1,20,1,53,1" doraHai="22" doraHaiUra="73" who="1" fromWho="2" sc="240,0,240,93,285,-83,225,0" /><INIT seed="3,0,0,4,0,58" ten="240,333,202,225" oya="3" hai0="111,78,60,75,7,69,135,96,103,38,51,55,118" hai1="121,0,133,2,93,89,82,26,132,76,67,90,102" hai2="129,29,43,35,56,124,3,52,46,25,49,61,104" hai3="1,57,15,53,87,45,28,20,99,27,44,48,41"/><W88/><G1/><T101/><D38/><U128/><E121/><V37/><F3/><W107/><G107/><T10/><D101/><U4/><E128/><V79/><F104/><W33/><G99/><T42/><D135/><N who="1" m="51787" /><E102/><V40/><F129/><W86/><G87/><T122/><D111/><U14/><E26/><V19/><F124/><W95/><G41/><T81/><D122/><U116/><E14/><V113/><F113/><W31/><G31/><T47/><D118/><U127/><E127/><V120/><F120/><W24/><G24/><T98/><D103/><U63/><E4/><V114/><F114/><W70/><G70/><T12/><REACH who="0" step="1"/><D55/><REACH who="0" ten="230,333,202,225" step="2"/><U80/><E116/><V64/><F37/><W68/><G68/><T8/><D8/><U22/><E2/><V77/><F19/><AGARI ba="0,1" hai="15,19,20,27,28,33,44,45,48,53,57,86,88,95" machi="19" ten="40,7700,0" yaku="25,2,54,1" doraHai="58" who="3" fromWho="2" sc="230,0,333,0,202,-77,225,87" /><INIT seed="3,1,0,1,2,59" ten="230,333,125,312" oya="3" hai0="54,81,64,75,26,130,36,61,2,80,129,13,33" hai1="31,106,20,132,87,126,131,78,73,69,117,66,49" hai2="22,116,118,133,95,94,71,52,111,43,63,103,84" hai3="7,37,24,96,3,10,16,110,128,120,60,29,125"/><W9/><G120/><T4/><D2/><U8/><E106/><V88/><F111/><W121/><G37/><T91/><D36/><U45/><E73/><V122/><F133/><W46/><G121/><T62/><D75/><U101/><E101/><V21/><F122/><W17/><G46/><T19/><D4/><U68/><E8/><V34/><F34/><W99/><G110/><T23/><D54/><U109/><E109/><V92/><F43/><W6/><G99/><T50/><D50/><U100/><E100/><V104/><F71/><W51/><G51/><T107/><D107/><U57/><E57/><N who="2" m="35239" /><F104/><W77/><G77/><T56/><D62/><N who="1" m="40023" /><E69/><V18/><F118/><W5/><G60/><T53/><D64/><U15/><E117/><V72/><F72/><W98/><G96/><T102/><D102/><U40/><E132/><V119/><F119/><W113/><G98/><T44/><D44/><U108/><E108/><V86/><F116/><W97/><G97/><T14/><D33/><U127/><E87/><N who="2" m="33323" /><F103/><W32/><G113/><T134/><D134/><U65/><E65/><V114/><F114/><W89/><G89/><T90/><D90/><U79/><E79/><V12/><F21/><W123/><G123/><T82/><REACH who="0" step="1"/><D91/><AGARI ba="1,0" hai="12,18,22,88,91,92,94,95" m="33323,35239" machi="91" ten="30,7700,0" yaku="8,1,52,1,54,2" doraHai="59" who="2" fromWho="0" sc="230,-80,333,0,125,80,312,0" /><INIT seed="4,0,0,4,1,68" ten="150,333,205,312" oya="0" hai0="91,66,49,81,14,104,115,18,109,33,24,95,103" hai1="47,65,46,76,54,21,78,35,12,121,129,36,58" hai2="63,28,3,75,90,15,7,6,16,135,45,53,8" hai3="34,106,73,116,64,117,56,32,9,4,114,1,80"/><T131/><D109/><U5/><E35/><V83/><F135/><W113/><G56/><T11/><D131/><U0/><E0/><V40/><F7/><W112/><G64/><T62/><D115/><U70/><E129/><V86/><F75/><W133/><G133/><T30/><D81/><U128/><E128/><V126/><F126/><W39/><G106/><T132/><D132/><U10/><E121/><V61/><F53/><W105/><G105/><T20/><D49/><N who="1" m="31055" /><E46/><V94/><F28/><W130/><G130/><T96/><D91/><U110/><E21/><V13/><F13/><W72/><G39/><T89/><D89/><U57/><E57/><V25/><F25/><W101/><G101/><T84/><D84/><U48/><E48/><V87/><F87/><W60/><G60/><T50/><D50/><U98/><E98/><V125/><F125/><W107/><G107/><T37/><D37/><U17/><E5/><V79/><F79/><N who="3" m="44135" /><G73/><T38/><D38/><U124/><E124/><V31/><F31/><W52/><G52/><T42/><D42/><N who="1" m="22983" /><E110/><V134/><F83/><W71/><G71/><T59/><REACH who="0" step="1"/><D104/><REACH who="0" ten="140,333,205,312" step="2"/><U41/><E41/><V44/><F134/><W51/><G51/><T85/><D85/><U99/><E99/><V122/><F122/><W67/><G67/><T69/><D69/><U23/><E78/><V111/><F111/><W26/><G34/><AGARI ba="0,1" hai="11,14,18,20,24,30,33,34,59,62,66,95,96,103" machi="34" ten="40,12000,1" yaku="1,1,25,2,53,1" doraHai="68" doraHaiUra="27" who="0" fromWho="3" sc="140,130,333,0,205,0,312,-120" /><INIT seed="4,1,0,3,2,31" ten="270,333,205,192" oya="0" hai0="69,58,94,86,54,118,6,51,105,19,12,131,62" hai1="15,66,16,106,88,111,120,9,3,117,65,84,127" hai2="125,102,68,11,63,112,50,128,23,87,113,52,114" hai3="122,33,4,90,22,89,21,99,18,104,10,110,37"/><T46/><D105/><U57/><E120/><V82/><F128/><W45/><G122/><T64/><D118/><U24/><E111/><V108/><F108/><W98/><G110/><T1/><D6/><U93/><E117/><V39/><F39/><W67/><G67/><T126/><D1/><U91/><E106/><V34/><F102/><W96/><G104/><T27/><D27/><U107/><E107/><V25/><F125/><W61/><G61/><T36/><D131/><U43/><E43/><V133/><F133/><W38/><G45/><T80/><D94/><N who="1" m="54535" /><E3/><V75/><F75/><W134/><G134/><T73/><D73/><U17/><E57/><V119/><F119/><W124/><G124/><T13/><D126/><U2/><E2/><V5/><F34/><W0/><G33/><T72/><D72/><U115/><E115/><V79/><F63/><W28/><G28/><T26/><D26/><U40/><E40/><V77/><F68/><W32/><G32/><T56/><D13/><U97/><E127/><V92/><F92/><W95/><G95/><T123/><D36/><U100/><E100/><V30/><F77/><W14/><G38/><T48/><D123/><U55/><E24/><V81/><F81/><W135/><G37/><T8/><REACH who="0" step="1"/><D51/><REACH who="0" ten="260,333,205,192" step="2"/><U53/><E97/><V35/><F5/><W7/><G7/><T85/><D85/><N who="1" m="52463" /><E17/><V20/><REACH who="2" step="1"/><F11/><REACH who="2" ten="260,333,195,192" step="2"/><N who="3" m="6495" /><G135/><T47/><D47/><AGARI ba="1,2" hai="20,23,25,30,35,47,50,52,79,82,87,112,113,114" machi="47" ten="40,8000,1" yaku="1,1,15,1,52,1,54,1,53,0" doraHai="31" doraHaiUra="132" who="2" fromWho="0" sc="260,-83,333,0,195,103,192,0" /><INIT seed="5,0,0,2,2,125" ten="177,333,298,192" oya="1" hai0="31,84,113,135,133,102,23,33,120,96,90,30,131" hai1="108,16,40,109,128,29,123,106,111,52,13,44,79" hai2="46,92,83,110,39,36,6,61,134,21,49,65,104" hai3="45,116,62,20,71,17,86,117,34,38,85,87,66"/><U60/><E106/><V124/><F110/><W127/><G34/><T112/><D33/><U89/><E123/><V74/><F104/><W24/><G127/><T115/><D115/><U14/><E29/><V130/><F124/><W97/><REACH who="3" step="1"/><G97/><REACH who="3" ten="177,333,298,182" step="2"/><T70/><D96/><U59/><E111/><V28/><F134/><W0/><G0/><T105/><D113/><U15/><E109/><V80/><F6/><W26/><G26/><T9/><D112/><U82/><E108/><V41/><F74/><W73/><G73/><T2/><D133/><U68/><E68/><V95/><F130/><W11/><G11/><T118/><D70/><U63/><E60/><V32/><F32/><W3/><G3/><T69/><D131/><U27/><E27/><N who="2" m="16495" /><F36/><W75/><G75/><T53/><D69/><U101/><E89/><V78/><F39/><W1/><G1/><T67/><D90/><U58/><E101/><V7/><F7/><W19/><G19/><T81/><D102/><U77/><E16/><V129/><F129/><W121/><G121/><T12/><D2/><U8/><E8/><V22/><F22/><W47/><G47/><T119/><D23/><U54/><E44/><V99/><F99/><W114/><G114/><T56/><D120/><U55/><E15/><V10/><F10/><W64/><G64/><T88/><D67/><N who="1" m="39415" /><E14/><V5/><F5/><W107/><G107/><T122/><D105/><U42/><E13/><V4/><F4/><W50/><G50/><N who="0" m="30775" /><D122/><U100/><E100/><V51/><F65/><W43/><AGARI ba="0,1" hai="17,20,24,38,43,45,62,66,71,85,86,87,116,117" machi="43" ten="30,2000,0" yaku="1,1,0,1,53,0" doraHai="125" doraHaiUra="48" who="3" fromWho="3" sc="177,-5,333,-10,298,-5,182,30" /><INIT seed="6,0,0,5,2,107" ten="172,323,293,212" oya="2" hai0="127,123,1,25,12,117,66,63,101,94,83,78,14" hai1="116,92,33,112,36,13,54,113,20,118,4,27,122" hai2="56,52,70,133,50,88,129,60,121,72,110,106,90" hai3="41,58,105,19,26,71,31,9,37,76,99,125,69"/><V24/><F121/><W38/><G125/><T134/><D1/><U102/><E36/><V93/><F106/><W16/><G58/><T135/><D25/><U131/><E131/><V11/><F129/><W96/><G41/><T28/><D28/><N who="1" m="19615" /><E54/><V91/><F133/><W8/><G26/><T119/><D94/><U108/><E108/><V80/><F72/><W34/><G105/><T81/><D101/><U51/><E51/><V104/><F104/><W79/><G31/><T126/><D63/><U82/><E82/><V61/><F70/><W22/><G22/><T43/><D43/><U5/><E92/><V62/><F110/><W6/><REACH who="3" step="1"/><G6/><REACH who="3" ten="172,323,293,202" step="2"/><T103/><D66/><U100/><E5/><V65/><F24/><W73/><G73/><T75/><D123/><U30/><E4/><V39/><F39/><W15/><G15/><T32/><D32/><AGARI ba="0,1" hai="8,9,16,19,32,34,37,38,69,71,76,79,96,99" machi="32" ten="25,6400,0" yaku="1,1,22,2,54,1,53,0" doraHai="107" doraHaiUra="120" who="3" fromWho="0" sc="172,-64,323,0,293,0,202,74" /><INIT seed="7,0,0,1,0,91" ten="108,323,293,276" oya="3" hai0="50,41,37,105,78,27,18,101,38,124,33,127,129" hai1="85,117,98,104,57,114,72,90,77,67,64,4,112" hai2="13,22,109,55,69,26,24,97,113,62,34,49,107" hai3="0,122,56,123,3,106,32,8,23,71,134,17,45"/><W2/><G71/><T135/><D18/><U126/><E126/><N who="0" m="48169" /><D27/><U87/><E117/><V118/><F109/><W132/><G56/><T120/><D101/><N who="1" m="62519" /><E4/><V121/><F113/><N who="1" m="43625" /><E72/><V16/><F118/><W46/><G106/><T82/><D105/><U60/><E77/><V70/><F121/><N who="3" m="46091" /><G46/><T131/><D33/><U29/><E29/><V5/><F5/><N who="3" m="1063" /><G45/><N who="0" m="25903" /><D120/><U86/><E67/><V80/><F62/><W40/><G40/><T83/><D83/><AGARI ba="0,0" hai="57,60,64,83,85,86,87,90" m="43625,62519" machi="83" ten="30,1000,0" yaku="15,1" doraHai="91" who="1" fromWho="0" sc="108,-10,323,10,293,0,276,0" owari="98,-40.0,333,43.0,293,9.0,276,-12.0" /></mjloggm>