<mjloggm ver="2.3"><GO type="97" lobby="0"/><UN n0="%E3%82%A6%E3%83%AB%E3%83%88%E3%83%A9%E7%AB%8B%E7%9B%B4" n1="%E3%81%99%E3%81%B0%E3%82%8B%38%E5%8F%B7" n2="%6D%6F%6A%69%32%30%30%36" n3="%73%76%73%74" dan="15,15,14,14" rate="1989.58,2047.24,1818.63,1958.00" sx="M,M,F,M"/><TAIKYOKU oya="0"/><INIT seed="0,0,0,1,5,19" ten="250,250,250,250" oya="0" hai0="82,45,119,75,31,103,98,57,0,7,69,128,43" hai1="114,126,71,104,62,51,61,13,109,23,8,115,97" hai2="6,28,95,3,59,78,47,56,72,4,46,11,37" hai3="135,123,131,68,10,100,87,20,29,111,21,92,14"/><T106/><D119/><U107/><E126/><V134/><F6/><W35/><G68/><T2/><D57/><U108/><E51/><V63/><F134/><W76/><G135/><T133/><D133/><U74/><E74/><V60/><F28/><W52/><G111/><N who="1" m="42570" /><E71/><V26/><F26/><W127/><G127/><T48/><D128/><U99/><E99/><V121/><F121/><W81/><G131/><T38/><D48/><U125/><E125/><V25/><F25/><W64/><G64/><T34/><D69/><U80/><E80/><V12/><F3/><W70/><G70/><T66/><D66/><U120/><E23/><N who="3" m="8778" /><G35/><T105/><D105/><N who="1" m="40523" /><E97/><V1/><F1/><W77/><G123/><T122/><D122/><U73/><E73/><V102/><F37/><W58/><G29/><T79/><D7/><N who="1" m="3231" /><E120/><V130/><F72/><W113/><G113/><AGARI ba="0,0" hai="61,62,113,114,115" m="3231,40523,42570" machi="113" ten="40,2600,0" yaku="11,1,14,1" doraHai="19" who="1" fromWho="3" sc="250,0,250,26,250,0,250,-26" /><INIT seed="1,0,0,3,2,29" ten="250,276,250,224" oya="1" hai0="110,77,96,6,84,67,26,7,57,125,130,10,74" hai1="132,126,107,116,119,90,46,103,112,75,70,11,40" hai2="20,109,23,58,85,25,80,97,0,93,22,134,44" hai3="81,31,45,108,111,12,17,89,66,113,95,52,88"/><U63/><E112/><V69/><F69/><W30/><G113/><T28/><D74/><U92/><E75/><V76/><F0/><W35/><G66/><T53/><D125/><U14/><E126/><V68/><F68/><W79/><G35/><T8/><D67/><U51/><E70/><V15/><F134/><W78/><G78/><T64/><D64/><U34/><E63/><V120/><F109/><N who="3" m="42059" /><G79/><T62/><D110/><U82/><E82/><V94/><F120/><W49/><G89/><T71/><D71/><U43/><E43/><V59/><F44/><W91/><G91/><T56/><D77/><U135/><E34/><V5/><F25/><W118/><G118/><T106/><D106/><U122/><E103/><V54/><F97/><N who="3" m="57575" /><G81/><T32/><D96/><N who="1" m="57367" /><E107/><V38/><F54/><W42/><G42/><T123/><D84/><U133/><E122/><V18/><F38/><W128/><G128/><T61/><D130/><U36/><E36/><V124/><F5/><AGARI ba="0,0" hai="5,11,14,40,46,51,116,119,132,133,135" m="57367" machi="5" ten="30,1500,0" yaku="20,1" doraHai="29" who="1" fromWho="2" sc="250,0,276,15,250,-15,224,0" /><INIT seed="1,1,0,2,3,104" ten="250,291,235,224" oya="1" hai0="105,124,33,120,99,88,28,67,127,19,89,43,92" hai1="80,11,54,95,61,81,37,101,41,90,75,31,56" hai2="68,131,94,122,36,59,123,135,112,60,78,71,24" hai3="114,66,47,48,5,65,126,70,76,77,35,73,49"/><U62/><E31/><V16/><F36/><W0/><G126/><N who="0" m="48171" /><D105/><U40/><E101/><V113/><F135/><W26/><G114/><N who="2" m="44137" /><F78/><W106/><G106/><T83/><D43/><U57/><E11/><V12/><F24/><W53/><G70/><N who="2" m="26665" /><F94/><W111/><G111/><T4/><D4/><U3/><E3/><V38/><F38/><W23/><G35/><T25/><D120/><U44/><E41/><V20/><F131/><W18/><G0/><T22/><D67/><AGARI ba="1,0" hai="12,16,20,59,60,67,122,123" m="26665,44137" machi="67" ten="30,2000,0" yaku="11,1,54,1" doraHai="104" who="2" fromWho="0" sc="250,-23,291,0,235,23,224,0" /><INIT seed="2,0,0,2,3,7" ten="227,291,258,224" oya="2" hai0="103,33,66,43,26,108,82,88,89,81,9,102,127" hai1="125,45,48,92,30,28,94,25,98,67,60,118,87" hai2="21,105,13,71,106,85,119,24,54,115,80,17,22" hai3="4,123,109,72,63,23,129,58,95,76,38,5,57"/><V16/><F119/><W110/><G123/><T53/><D33/><U49/><E118/><V8/><F71/><W41/><G129/><T99/><D66/><U113/><E113/><V126/><F115/><W0/><G95/><T36/><D43/><U75/><E75/><V42/><F42/><W6/><G23/><T10/><D26/><U107/><E107/><V32/><F32/><W101/><G101/><N who="0" m="38411" /><D36/><U122/><E122/><V135/><F135/><W29/><G29/><T52/><D127/><U96/><E25/><V2/><F2/><W59/><G63/><T131/><D131/><U37/><E67/><V73/><F73/><W70/><G70/><T91/><D99/><U121/><E121/><V68/><F22/><W40/><G40/><T128/><D128/><U133/><E60/><V111/><F68/><W116/><G116/><T1/><D1/><U35/><E35/><V112/><F111/><N who="3" m="42507" /><G41/><T130/><D130/><U20/><E20/><V11/><F126/><W117/><G117/><T65/><D65/><U97/><E125/><V46/><F112/><W134/><G134/><T55/><D108/><U83/><E37/><V124/><F8/><AGARI ba="0,0" hai="8,9,10,52,53,55,81,82,88,89,91" m="38411" machi="8" ten="40,16000,3" yaku="28,2,8,1,52,3,54,2" doraHai="7" who="0" fromWho="2" sc="227,160,291,0,258,-160,224,0" /><INIT seed="3,0,0,0,2,124" ten="387,291,98,224" oya="3" hai0="0,86,66,84,60,93,87,58,128,89,103,123,48" hai1="7,88,65,101,45,73,110,114,122,118,55,13,54" hai2="57,102,32,3,94,21,97,134,85,135,115,107,47" hai3="37,46,126,111,62,70,18,64,116,25,104,14,28"/><W82/><G126/><T34/><D0/><U6/><E114/><V42/><F32/><W74/><G116/><T59/><D34/><U90/><E122/><V15/><F3/><W106/><G111/><T81/><D123/><U56/><E65/><V130/><F115/><W41/><G14/><T36/><D36/><U119/><E73/><V120/><F57/><W77/><G18/><T17/><D128/><U38/><E101/><V69/><F69/><W39/><G39/><T67/><D17/><U49/><E38/><V80/><F21/><W100/><G100/><T44/><D103/><U92/><E110/><V50/><F15/><W26/><G26/><T108/><D108/><U22/><E90/><V68/><F120/><W23/><AGARI ba="0,0" hai="23,25,28,37,41,46,62,64,70,74,77,82,104,106" machi="23" ten="20,2100,0" yaku="0,1,7,1" doraHai="124" who="3" fromWho="3" sc="387,-7,291,-7,98,-7,224,21" /><BYE who="2" /><INIT seed="3,1,0,5,4,24" ten="380,284,91,245" oya="3" hai0="97,126,66,51,41,103,6,72,118,116,94,14,30" hai1="59,133,40,47,134,7,33,57,44,11,99,45,48" hai2="17,95,38,135,29,50,26,8,68,77,84,76,108" hai3="2,120,104,78,25,55,42,9,71,65,73,18,74"/><W112/><G120/><T106/><D72/><U132/><E33/><V12/><F12/><W5/><G112/><T101/><D126/><U21/><E99/><V113/><F113/><W121/><G121/><T0/><D0/><U96/><E96/><V60/><F60/><W54/><G104/><T28/><D106/><U75/><E75/><V128/><F128/><W53/><G42/><T22/><D103/><U15/><E21/><V39/><F39/><W69/><G69/><T124/><D124/><U43/><REACH who="1" step="1"/><E45/><REACH who="1" ten="380,274,91,245" step="2"/><V13/><F13/><W16/><G74/><T130/><D97/><U131/><E131/><V109/><F109/><W89/><G89/><T58/><D130/><U107/><E107/><V123/><F123/><W63/><REACH who="3" step="1"/><G25/><REACH who="3" ten="380,274,91,235" step="2"/><N who="0" m="16439" /><D118/><U127/><E127/><V91/><F91/><W19/><G19/><T23/><D116/><U100/><E100/><V10/><F10/><W31/><G31/><T98/><D30/><U34/><E34/><V70/><F70/><W88/><G88/><T117/><D117/><U49/><AGARI ba="1,2" hai="7,11,15,40,43,44,47,48,49,57,59,132,133,134" machi="49" ten="30,8000,1" yaku="1,1,0,1,9,1,20,1,53,1" doraHai="24" doraHaiUra="3" who="1" fromWho="1" sc="380,-21,274,103,91,-21,235,-41" owari="359,16.0,377,48.0,70,-43.0,194,-21.0" /></mjloggm>