<mjloggm ver="2.3"><GO type="97" lobby="0"/><UN n0="%E3%82%A6%E3%83%AB%E3%83%88%E3%83%A9%E7%AB%8B%E7%9B%B4" n1="%E6%86%82%E9%AC%B1" n2="%E3%81%8C%E3%81%A1%E3%81%91%E3%82%8B" n3="%61%69%72%69%78" dan="15,14,15,15" rate="2035.06,1961.37,2002.26,1983.84" sx="M,M,M,F"/><TAIKYOKU oya="0"/><INIT seed="0,0,0,4,0,47" ten="250,250,250,250" oya="0" hai0="53,100,122,123,87,22,131,132,91,3,67,101,97" hai1="90,57,8,105,35,2,7,0,102,125,106,44,20" hai2="36,16,81,4,58,19,5,78,43,73,117,129,118" hai3="71,11,37,61,76,18,86,13,119,45,110,38,64"/><T48/><D3/><U133/><E20/><V6/><F129/><W56/><G119/><N who="2" m="45577" /><F58/><W77/><G110/><T63/><D131/><U72/><E57/><V52/><F52/><W40/><G38/><T109/><D109/><U89/><E89/><V39/><F43/><W68/><REACH who="3" step="1"/><G86/><REACH who="3" ten="250,250,250,240" step="2"/><T134/><D87/><U14/><E72/><V114/><F114/><W29/><G29/><T128/><D128/><U34/><E125/><V88/><F39/><W15/><G15/><T24/><D123/><U82/><E14/><V107/><F36/><W85/><G85/><T111/><D122/><U96/><E0/><V33/><F33/><W41/><G41/><T25/><D111/><U54/><E2/><V12/><F12/><W104/><G104/><T30/><D25/><U59/><E105/><V1/><F107/><W21/><G21/><T27/><D27/><U124/><E106/><V32/><F32/><W84/><G84/><T92/><D22/><U98/><E35/><V50/><F1/><W9/><G9/><T49/><D24/><U17/><E34/><V94/><F73/><W55/><G55/><T99/><D30/><U120/><E8/><V46/><F78/><AGARI ba="0,1" hai="11,13,18,37,40,45,56,61,64,68,71,76,77,78" machi="78" ten="40,1300,0" yaku="1,1,53,0" doraHai="47" doraHaiUra="80" who="3" fromWho="2" sc="250,0,250,0,250,-13,240,23" /><INIT seed="1,0,0,4,4,74" ten="250,250,237,263" oya="1" hai0="73,125,131,16,0,53,50,2,23,128,56,79,7" hai1="120,41,37,96,4,13,9,104,69,14,135,95,72" hai2="55,100,127,34,32,68,103,64,15,121,35,109,93" hai3="19,134,116,12,111,49,117,39,67,115,70,90,98"/><U3/><E120/><V29/><F121/><W1/><G115/><T91/><D7/><U102/><E135/><V30/><F127/><W110/><G1/><T118/><D118/><N who="3" m="45673" /><G39/><T108/><D91/><U46/><E69/><V48/><F109/><N who="3" m="41483" /><G134/><T107/><D107/><U132/><E132/><V86/><F15/><W33/><G33/><T114/><D114/><U21/><E104/><V42/><F35/><W26/><G26/><N who="0" m="14695" /><D125/><U11/><E72/><V130/><F34/><W122/><G122/><T59/><D59/><U89/><E21/><V99/><F32/><W47/><G67/><T24/><D24/><U52/><E102/><V71/><F103/><W20/><G70/><T65/><D65/><U83/><E83/><V54/><F64/><W82/><G82/><N who="0" m="45423" /><D108/><U18/><REACH who="1" step="1"/><E3/><REACH who="1" ten="250,240,237,263" step="2"/><V97/><F68/><W81/><G81/><T87/><D2/><U80/><E80/><V78/><F71/><W10/><G20/><T31/><D0/><U28/><E28/><V36/><F29/><W45/><G10/><T22/><D22/><U94/><E94/><V8/><F93/><W75/><G75/><T40/><D31/><U27/><E27/><V123/><F30/><W119/><G119/><T88/><D131/><U6/><E6/><V63/><F130/><W44/><G98/><T60/><D128/><U105/><E105/><V113/><F99/><W51/><G90/><T106/><D106/><U61/><E61/><V101/><F97/><W112/><G112/><T84/><D88/><U38/><E38/><V25/><F123/><W66/><G66/><T85/><D60/><RYUUKYOKU ba="0,1" sc="250,10,240,10,237,-30,263,10" hai0="40,50,53,56,84,85,87" hai1="4,9,11,13,14,18,37,41,46,52,89,95,96" hai3="12,19,44,45,47,49,51" /><INIT seed="1,1,1,3,4,76" ten="260,250,207,273" oya="1" hai0="52,19,65,33,35,107,100,116,13,94,14,109,92" hai1="122,72,28,27,123,115,68,85,125,105,117,38,90" hai2="40,30,4,111,93,132,56,135,64,99,129,82,87" hai3="114,50,60,20,131,75,29,71,102,59,119,88,51"/><U96/><E117/><V41/><F111/><W108/><G119/><T73/><D73/><U83/><E115/><V12/><F129/><W77/><G114/><T67/><D107/><U78/><E125/><V57/><F30/><W3/><G3/><T113/><D113/><U21/><E38/><V120/><F120/><W70/><G108/><T42/><D116/><U43/><E43/><N who="2" m="16459" /><F12/><W7/><G7/><T48/><D42/><U5/><E5/><V127/><F4/><W32/><G32/><T118/><D118/><U66/><E66/><V74/><F74/><W97/><G131/><T49/><D100/><N who="1" m="62599" /><E68/><V9/><F9/><W34/><G34/><T37/><D37/><U23/><E23/><V47/><F47/><W44/><G71/><T25/><D109/><U89/><E89/><N who="2" m="51447" /><F64/><N who="3" m="38943" /><G70/><T63/><D35/><U80/><E123/><V126/><F57/><W133/><G133/><N who="2" m="51273" /><F56/><W22/><G44/><T1/><D33/><U26/><E26/><V98/><F98/><W53/><G53/><T106/><D65/><U16/><E122/><V55/><F55/><W0/><G0/><T103/><D67/><U81/><E28/><V11/><F11/><W18/><G75/><T2/><D1/><U110/><E110/><V104/><F104/><W95/><G102/><AGARI ba="1,1" hai="93,99,102,126,127" m="51273,51447,16459" machi="102" ten="30,2000,0" yaku="20,1,52,1" doraHai="76" who="2" fromWho="3" sc="260,0,250,0,207,33,273,-23" /><INIT seed="2,0,0,1,5,3" ten="260,250,240,250" oya="2" hai0="64,31,77,129,41,75,103,131,10,124,17,43,69" hai1="68,125,101,126,87,100,47,24,57,27,85,72,71" hai2="12,61,70,123,60,102,14,49,113,118,134,1,40" hai3="54,44,90,98,74,23,55,93,117,83,29,120,84"/><V7/><F118/><W22/><G117/><T114/><D114/><U96/><E72/><V51/><F123/><W45/><G120/><T116/><D116/><U39/><E57/><V133/><F113/><W26/><G74/><T105/><D124/><N who="1" m="47723" /><E47/><N who="2" m="25831" /><F102/><N who="1" m="39529" /><E96/><V65/><F51/><W37/><G37/><T67/><D103/><U34/><E39/><V0/><F61/><W104/><G104/><T121/><D105/><U92/><E92/><V130/><F130/><W2/><G2/><N who="2" m="1129" /><F7/><W48/><G23/><T50/><D121/><U91/><E91/><V78/><F78/><N who="3" m="46199" /><G45/><T119/><D77/><U59/><E59/><V73/><F73/><W33/><G33/><T94/><D75/><U30/><E24/><V99/><F99/><W107/><G107/><T52/><D119/><U16/><E16/><V111/><F111/><W19/><G19/><T132/><D129/><U4/><E4/><V115/><F115/><W18/><G18/><T5/><D17/><U8/><E8/><V25/><F25/><W128/><G128/><T38/><D131/><U35/><E35/><V112/><F112/><W46/><G46/><T109/><D109/><U106/><E106/><V66/><F66/><W76/><G76/><T108/><D67/><U135/><E135/><AGARI ba="0,0" hai="12,14,60,65,70,133,134,135" m="1129,25831" machi="135" ten="30,1500,0" yaku="20,1" doraHai="3" who="2" fromWho="1" sc="260,0,250,-15,240,15,250,0" /><INIT seed="2,1,0,5,0,83" ten="260,235,255,250" oya="2" hai0="68,91,94,40,13,111,75,98,73,100,124,90,42" hai1="26,58,16,30,123,38,57,56,5,80,17,69,43" hai2="126,107,46,119,45,28,81,110,102,29,55,64,41" hai3="89,59,114,104,122,116,8,22,0,14,33,32,70"/><V61/><F119/><W65/><G104/><T103/><D68/><U4/><E69/><V132/><F126/><W47/><G116/><T125/><D13/><U127/><E127/><N who="0" m="48713" /><D42/><U72/><E123/><V105/><F132/><W44/><G70/><T87/><D40/><U78/><E43/><V31/><F110/><W134/><G114/><T50/><D50/><U113/><E38/><V120/><F120/><W131/><G122/><T63/><D63/><U97/><E113/><V109/><F109/><W96/><G131/><T37/><D37/><U71/><E71/><V108/><F108/><W19/><G134/><T35/><D35/><U23/><REACH who="1" step="1"/><E97/><REACH who="1" ten="260,225,255,250" step="2"/><V2/><F41/><W106/><G96/><T88/><D111/><U74/><E74/><V130/><F130/><W54/><G65/><T60/><D75/><U79/><E79/><V135/><F64/><W82/><G106/><T92/><D73/><U76/><E76/><V133/><F107/><W7/><G89/><N who="0" m="34411" /><D60/><U118/><E118/><V53/><F61/><W86/><G86/><T15/><D87/><U115/><E115/><V11/><F135/><W27/><G82/><T18/><D94/><U95/><E95/><V1/><F133/><W25/><G25/><T84/><D98/><U121/><E121/><V36/><F105/><W62/><G27/><T67/><D67/><U34/><E34/><V85/><F85/><W51/><G51/><T93/><D93/><U101/><E101/><V66/><F102/><W24/><G24/><T112/><D112/><U52/><E52/><V10/><F55/><W9/><G22/><AGARI ba="1,1" hai="15,18,22,84,91,92,100,103" m="34411,48713" machi="22" ten="30,7700,0" yaku="6,1,18,1,52,1,54,1" doraHai="83" who="0" fromWho="3" sc="260,90,225,0,255,0,250,-80" /><BYE who="3" /><INIT seed="3,0,0,2,4,119" ten="350,225,255,170" oya="3" hai0="99,116,124,17,77,69,32,46,39,31,64,67,6" hai1="135,129,125,90,85,53,100,68,15,102,49,52,60" hai2="58,37,96,36,33,23,127,88,14,10,98,65,66" hai3="72,126,133,76,80,54,40,45,57,43,13,11,86"/><W34/><G34/><T21/><D39/><U81/><E129/><V16/><F33/><W75/><G75/><T74/><D6/><U27/><E125/><V44/><F127/><W134/><G134/><T87/><D64/><U48/><E135/><V84/><F37/><W61/><G61/><T62/><D46/><U122/><E122/><V20/><F36/><W0/><G0/><T4/><D17/><U111/><E111/><V26/><F44/><W103/><G103/><T29/><D21/><N who="2" m="8266" /><F26/><W101/><G101/><T107/><D31/><U71/><E27/><V91/><F91/><W24/><G24/><T9/><D29/><U105/><E105/><V120/><F120/><W59/><G59/><T42/><D32/><U123/><E123/><V73/><F73/><W41/><G41/><T35/><D87/><U55/><E15/><V7/><F7/><W132/><G132/><T113/><D4/><U3/><E3/><V12/><F12/><W22/><G22/><T94/><D35/><U92/><E60/><N who="2" m="38039" /><F66/><W70/><G70/><T1/><D67/><U63/><E63/><V121/><F121/><W114/><G114/><T78/><D62/><U18/><E18/><V50/><F50/><N who="1" m="19561" /><E71/><V128/><F128/><W117/><G117/><T112/><D69/><U2/><E68/><V108/><F108/><W79/><G79/><T95/><D113/><U83/><E2/><V130/><F130/><W115/><G115/><T109/><D112/><U51/><N who="1" m="19569" /><U56/><DORA hai="47" /><E56/><V5/><F16/><W30/><G30/><T8/><D124/><U106/><E106/><RYUUKYOKU ba="0,0" sc="350,-15,225,15,255,15,170,-15" hai1="52,53,55,81,83,85,90,92,100,102" hai2="5,10,14,84,88,96,98" owari="335,43.0,240,-16.0,270,7.0,155,-34.0" /></mjloggm>