<mjloggm ver="2.3"><GO type="97" lobby="0"/><UN n0="%E3%82%A6%E3%83%AB%E3%83%88%E3%83%A9%E7%AB%8B%E7%9B%B4" n1="%48%61%6E%74%65%72" n2="%6F%2D%6B%69" n3="%61%61%61%73" dan="15,15,15,15" rate="1995.37,2062.30,1893.03,1953.16" sx="M,M,M,M"/><TAIKYOKU oya="0"/><INIT seed="0,0,0,5,2,38" ten="250,250,250,250" oya="0" hai0="106,86,29,64,23,10,97,60,77,104,68,26,114" hai1="47,16,87,14,116,69,50,110,113,24,73,66,41" hai2="31,100,128,28,36,94,75,32,81,18,135,21,35" hai3="65,0,17,74,8,92,53,9,76,78,127,58,56"/><T20/><D114/><U90/><E116/><V48/><F36/><W2/><G127/><T105/><D10/><U3/><E3/><V124/><F75/><W15/><G92/><T4/><D4/><U11/><E73/><V39/><F81/><W99/><G99/><T101/><D77/><U112/><E110/><V42/><F94/><W46/><G74/><T107/><REACH who="0" step="1"/><D86/><REACH who="0" ten="240,250,250,250" step="2"/><U37/><E112/><V51/><F124/><W91/><G76/><T121/><D121/><U45/><E113/><V95/><F135/><W122/><G78/><T129/><D129/><U43/><E69/><V130/><F130/><W115/><G115/><T62/><D62/><U5/><E66/><V123/><F128/><W67/><G122/><T132/><D132/><U84/><E90/><V71/><F123/><W63/><G0/><T1/><D1/><U19/><REACH who="1" step="1"/><E5/><REACH who="1" ten="240,240,250,250" step="2"/><V44/><F71/><W109/><G91/><T27/><D27/><U70/><E70/><V52/><F100/><W22/><G109/><T85/><D85/><U55/><E55/><V117/><F52/><W131/><G131/><T119/><D119/><U80/><E80/><V72/><F117/><W49/><G2/><T108/><D108/><U98/><E98/><V13/><F72/><W120/><G120/><T59/><D59/><U134/><E134/><V33/><F95/><W83/><G83/><T6/><D6/><U12/><E12/><V133/><F133/><W88/><G88/><T89/><D89/><U82/><E82/><V40/><F40/><W102/><G102/><T118/><D118/><U34/><E34/><AGARI ba="0,2" hai="20,23,26,29,34,60,64,68,97,101,104,105,106,107" machi="34" ten="40,12000,1" yaku="1,1,6,1,25,2,53,1" doraHai="38" doraHaiUra="25" who="0" fromWho="1" sc="240,140,240,-120,250,0,250,0" /><INIT seed="0,1,0,2,0,122" ten="380,120,250,250" oya="0" hai0="12,126,19,109,55,4,64,120,115,47,25,34,101" hai1="90,28,36,112,127,113,98,117,99,46,111,123,9" hai2="51,97,92,125,83,45,24,73,21,68,63,50,57" hai3="110,121,43,32,2,49,23,31,41,119,18,52,135"/><T60/><D120/><U67/><E117/><V77/><F125/><W62/><G121/><T7/><D115/><N who="1" m="44107" /><E123/><V78/><F68/><W76/><G119/><T26/><D101/><U94/><E67/><V71/><F77/><W89/><G135/><T91/><D91/><U87/><E28/><V88/><F71/><W48/><G2/><T66/><D66/><U59/><E59/><V40/><F63/><W118/><G76/><T16/><D55/><U93/><E9/><V11/><F11/><W105/><G105/><T65/><D47/><U42/><E127/><V96/><F57/><W100/><G118/><T10/><D60/><U84/><E111/><V106/><F106/><W75/><G100/><AGARI ba="1,0" hai="36,42,46,84,87,90,93,94,98,99,100" m="44107" machi="100" ten="30,1000,0" yaku="11,1" doraHai="122" who="1" fromWho="3" sc="380,0,120,13,250,0,250,-13" /><INIT seed="1,0,0,4,4,71" ten="380,133,250,237" oya="1" hai0="37,123,25,34,126,92,95,8,40,125,84,17,23" hai1="94,66,28,64,32,129,78,48,82,10,99,52,105" hai2="79,91,96,12,131,72,33,134,102,14,75,77,60" hai3="108,87,55,35,53,56,62,85,11,16,89,69,135"/><U130/><E105/><N who="2" m="63687" /><F33/><W13/><G108/><T0/><D34/><U68/><E10/><V22/><F60/><W6/><G135/><T113/><D113/><U63/><E66/><V26/><F14/><W2/><G69/><T5/><D84/><U36/><E28/><V121/><F12/><W45/><G35/><T120/><D95/><U88/><E32/><V110/><F26/><W38/><G38/><T59/><D92/><U132/><E36/><V76/><F22/><W46/><G85/><T112/><D59/><U86/><REACH who="1" step="1"/><E132/><REACH who="1" ten="380,123,250,237" step="2"/><V42/><F134/><W3/><G3/><T111/><D112/><U4/><E4/><V1/><F1/><W47/><G2/><T124/><D111/><U133/><E133/><V50/><F110/><W31/><G31/><T51/><D37/><U98/><E98/><V114/><F114/><W18/><REACH who="3" step="1"/><G55/><REACH who="3" ten="380,123,250,227" step="2"/><T41/><D41/><U43/><E43/><V115/><F42/><W101/><G101/><T20/><D40/><U90/><E90/><V103/><F91/><W104/><G104/><T67/><D0/><U49/><E49/><V97/><F50/><W74/><G74/><T107/><D51/><U117/><E117/><V128/><F115/><W122/><G122/><T57/><D123/><U30/><E30/><V27/><F121/><W54/><G54/><T21/><D120/><U39/><E39/><V7/><F72/><W29/><G29/><T118/><D118/><U15/><E15/><V119/><F75/><W116/><G116/><T44/><D107/><U61/><E61/><V93/><F119/><W83/><AGARI ba="0,2" hai="6,11,13,16,18,45,46,47,53,56,62,83,87,89" machi="83" ten="30,8000,1" yaku="1,1,5,1,0,1,8,1,54,1,53,0" doraHai="71" doraHaiUra="24" who="3" fromWho="3" sc="380,-20,123,-40,250,-20,227,100" /><INIT seed="2,0,0,3,3,70" ten="360,83,230,327" oya="2" hai0="58,4,59,125,21,56,24,36,124,46,10,121,95" hai1="37,118,32,48,108,80,128,11,76,45,106,7,2" hai2="73,52,67,89,84,13,55,74,111,101,90,88,27" hai3="123,33,51,50,28,86,69,135,29,83,18,102,20"/><V105/><F67/><W116/><G69/><T23/><D95/><U31/><E118/><V119/><F119/><W16/><G123/><T9/><D121/><U112/><E112/><V99/><F111/><W109/><G116/><T57/><D57/><U6/><E108/><V117/><F117/><W77/><G135/><T40/><D10/><U110/><E110/><V87/><F27/><W72/><G72/><N who="2" m="27753" /><F13/><W107/><G109/><T129/><D129/><U62/><E106/><N who="2" m="63807" /><F55/><W103/><G18/><T38/><D38/><U35/><E128/><V61/><F52/><W5/><G5/><T79/><D79/><U131/><E131/><V60/><F60/><W82/><G82/><T26/><D26/><U63/><E7/><V68/><F61/><W12/><G107/><T71/><D71/><U134/><E134/><V126/><F68/><W30/><REACH who="3" step="1"/><G33/><REACH who="3" ten="360,83,230,317" step="2"/><T8/><D4/><U133/><E35/><V91/><F105/><W130/><G130/><T92/><D23/><U98/><E133/><V42/><F126/><N who="0" m="48746" /><D92/><U97/><E32/><V113/><F113/><W65/><G65/><T14/><D14/><U0/><E2/><V81/><F42/><W104/><G104/><T44/><D21/><U47/><E31/><V127/><F127/><W25/><G25/><T85/><D24/><U39/><E97/><V19/><F19/><W3/><G3/><T22/><D22/><U93/><E47/><V114/><F114/><W43/><G43/><T15/><D15/><U78/><E45/><V94/><AGARI ba="0,1" hai="81,84,87,88,89,90,91,94" m="63807,27753" machi="94" ten="30,18000,2" yaku="35,5,54,1" doraHai="70" who="2" fromWho="2" sc="360,-60,83,-60,230,190,317,-60" /><INIT seed="2,1,0,4,4,48" ten="300,23,420,257" oya="2" hai0="49,43,83,1,82,5,87,80,18,131,0,60,57" hai1="109,32,52,133,106,39,44,74,79,34,7,66,9" hai2="28,4,132,68,2,86,56,119,25,104,12,72,116" hai3="46,15,120,124,24,97,20,73,64,3,69,75,126"/><V37/><F68/><W62/><G120/><T99/><D131/><U95/><E109/><V30/><F72/><W35/><G3/><T112/><D112/><U129/><E106/><V76/><F37/><W125/><G35/><T26/><D5/><U113/><E129/><V98/><F132/><W102/><G15/><T45/><D1/><U67/><E113/><V17/><F56/><W36/><G36/><T127/><D0/><U40/><E95/><V93/><F104/><W114/><G46/><T122/><D122/><U135/><E133/><V103/><F30/><W91/><G91/><T123/><D123/><U51/><E135/><V65/><F65/><W110/><G110/><T23/><D127/><U101/><E101/><V89/><F76/><W50/><G50/><T90/><REACH who="0" step="1"/><D99/><REACH who="0" ten="290,23,420,257" step="2"/><U27/><E34/><V22/><F4/><W58/><G114/><T128/><D128/><U111/><E32/><V31/><F2/><W107/><REACH who="3" step="1"/><G69/><REACH who="3" ten="290,23,420,247" step="2"/><T55/><AGARI ba="1,2" hai="18,23,26,43,45,49,55,57,60,80,82,83,87,90" machi="55" ten="20,8000,1" yaku="1,1,0,1,7,1,8,1,52,1,53,0" doraHai="48" doraHaiUra="115" who="0" fromWho="0" sc="290,103,23,-21,420,-41,247,-21" /><INIT seed="3,0,0,4,5,109" ten="393,2,379,226" oya="3" hai0="116,112,54,90,46,47,113,60,4,61,45,27,34" hai1="14,31,115,74,128,25,77,10,80,33,41,131,108" hai2="18,58,26,8,2,52,50,6,59,75,15,5,53" hai3="126,49,23,89,121,93,101,44,32,16,124,120,104"/><W99/><G32/><T122/><D116/><U68/><E41/><V24/><F75/><W67/><G67/><T39/><D122/><U37/><E80/><V135/><F135/><W82/><G49/><T65/><D4/><N who="2" m="1642" /><F2/><W55/><G55/><T30/><D90/><U132/><E77/><V76/><F76/><W21/><G21/><T35/><D35/><U107/><E25/><V20/><F20/><W123/><G44/><T17/><D17/><U71/><E10/><V81/><F81/><W106/><G23/><T130/><D130/><U12/><E14/><V134/><F134/><W102/><G16/><T91/><D91/><U1/><E12/><V95/><F95/><W40/><G40/><T129/><D129/><U94/><E94/><V127/><F127/><N who="3" m="48683" /><G82/><T103/><D39/><U98/><E31/><V87/><F87/><W133/><G133/><T42/><D42/><U88/><E88/><V3/><F3/><W70/><G70/><T19/><D19/><U79/><E98/><V13/><F15/><W72/><G72/><T56/><REACH who="0" step="1"/><D103/><AGARI ba="0,0" hai="89,93,99,101,102,103,104,106,120,121,123" m="48683" machi="103" ten="40,7700,0" yaku="18,1,34,2" doraHai="109" who="3" fromWho="0" sc="393,-77,2,0,379,0,226,77" /><INIT seed="3,1,0,3,2,110" ten="316,2,379,303" oya="3" hai0="113,127,67,126,5,88,135,111,65,22,45,37,12" hai1="48,120,105,129,125,101,96,69,1,36,109,50,68" hai2="28,52,46,74,27,108,117,19,116,134,8,24,30" hai3="57,131,130,133,104,79,60,9,80,75,40,102,47"/><W44/><G44/><T122/><D122/><U85/><E85/><V112/><F74/><W91/><G91/><T42/><D111/><U34/><E96/><V7/><F108/><W97/><G9/><N who="0" m="4143" /><D22/><U86/><E86/><V95/><F134/><W90/><G90/><T32/><D32/><U64/><E101/><V89/><F28/><W87/><G133/><T21/><D21/><U43/><E50/><V59/><F19/><W84/><G57/><T15/><D15/><U72/><E48/><V123/><F59/><W82/><G60/><T54/><D54/><U83/><E43/><V66/><F46/><W10/><G10/><T114/><D88/><U3/><E83/><V99/><F52/><W124/><G124/><N who="0" m="47659" /><D135/><U14/><E64/><V76/><F66/><W107/><G107/><T77/><D77/><U100/><E14/><V11/><F89/><W17/><G17/><T58/><D67/><U41/><E100/><V93/><F76/><W103/><G103/><T39/><D39/><U56/><E56/><V62/><F8/><W132/><G132/><T31/><D31/><U106/><E41/><V55/><F11/><W0/><G0/><T25/><D25/><U4/><E4/><V92/><F30/><W51/><REACH who="3" step="1"/><G82/><REACH who="3" ten="316,2,379,293" step="2"/><T115/><D65/><U70/><E1/><V63/><F63/><W26/><G26/><T38/><D58/><U78/><E69/><V13/><F62/><W81/><G81/><T94/><D38/><U20/><E70/><V49/><F27/><W119/><G119/><T53/><D53/><U71/><E125/><V121/><F116/><RYUUKYOKU ba="1,1" sc="316,15,2,-15,379,-15,293,15" hai0="37,42,45,94,113,114,115" hai3="40,47,51,75,79,80,84,87,97,102,104,130,131" owari="331,13.0,-13,-51.0,374,47.0,308,-9.0" /></mjloggm>