<mjloggm ver="2.3"><GO type="97" lobby="0"/><UN n0="%E5%8D%8A%E5%BD%B1" n1="%E3%82%A6%E3%83%AB%E3%83%88%E3%83%A9%E7%AB%8B%E7%9B%B4" n2="%61%63%65%6B" n3="%E3%83%88%E3%82%A4%E3%83%AC%E5%B0%82%E7%94%A8" dan="14,15,14,14" rate="1926.99,2000.50,1821.46,1938.64" sx="M,M,M,M"/><TAIKYOKU oya="0"/><INIT seed="0,0,0,5,1,51" ten="250,250,250,250" oya="0" hai0="95,48,110,64,24,54,42,117,65,88,35,13,75" hai1="97,20,46,120,62,70,133,3,61,5,71,7,108" hai2="29,116,111,92,16,36,107,134,72,56,34,77,126" hai3="87,91,128,14,38,123,22,76,79,26,18,119,127"/><T106/><D117/><U99/><E3/><V85/><F107/><W55/><G38/><T86/><D75/><U37/><E20/><V118/><F72/><W80/><G119/><T100/><D35/><U105/><E46/><V44/><F126/><W78/><G127/><T83/><D106/><U4/><E105/><V69/><F69/><W131/><G123/><T41/><D24/><U19/><E19/><V59/><F134/><W84/><G128/><T96/><D110/><U23/><E23/><V121/><F111/><W57/><G131/><T122/><D122/><U1/><E1/><V67/><F121/><W81/><G26/><T114/><D114/><U8/><E8/><V28/><F34/><W94/><G94/><T11/><D42/><U32/><E32/><V124/><F124/><W103/><G103/><T89/><D41/><U40/><E40/><V112/><F36/><W0/><G0/><T129/><D129/><U50/><E37/><V98/><F112/><W68/><G68/><T74/><D74/><U9/><E70/><V113/><F113/><W132/><G132/><T90/><D90/><U130/><E71/><V45/><F118/><W101/><G101/><T104/><D104/><U10/><E133/><V15/><F116/><W30/><G30/><T2/><D2/><U115/><E115/><V21/><F29/><W25/><G25/><T12/><D100/><U73/><E130/><V102/><F28/><W49/><AGARI ba="0,0" hai="14,18,22,49,55,57,76,78,79,80,81,84,87,91" machi="49" ten="20,5200,0" yaku="0,1,7,1,8,1,52,1" doraHai="51" who="3" fromWho="3" sc="250,-26,250,-13,250,-13,250,52" /><INIT seed="1,0,0,3,3,134" ten="224,237,237,302" oya="1" hai0="37,34,42,118,81,102,39,99,51,126,11,74,120" hai1="107,14,94,113,8,57,89,129,59,119,117,125,26" hai2="124,90,76,86,116,38,69,3,77,85,88,70,60" hai3="135,6,5,91,98,52,18,115,114,122,123,53,79"/><U97/><E107/><V36/><F116/><W28/><G28/><T0/><D51/><U48/><E113/><V44/><F3/><W23/><G135/><T25/><D118/><U110/><E119/><V47/><F60/><W67/><G114/><T58/><D58/><U71/><E71/><V43/><F43/><W92/><G115/><T33/><D120/><U4/><E117/><V121/><F121/><W73/><G67/><T75/><D25/><U131/><E110/><V78/><F76/><W31/><G31/><T95/><D81/><U105/><E105/><V45/><F47/><W133/><G133/><T127/><D11/><U108/><E108/><V40/><F40/><W20/><G122/><T24/><D24/><U15/><E26/><V35/><F35/><N who="0" m="13322" /><D0/><U64/><E15/><V128/><F128/><N who="1" m="49225" /><E59/><V12/><F12/><W10/><G123/><T66/><D66/><U19/><E4/><V16/><F16/><W50/><G6/><T49/><D49/><U80/><E80/><V21/><F21/><W55/><G50/><T83/><D83/><U103/><E64/><V72/><F72/><N who="0" m="27690" /><D42/><U82/><E48/><V41/><F41/><W63/><G63/><T130/><D130/><U132/><E57/><V101/><F101/><W104/><G73/><T46/><D46/><U13/><E132/><V62/><F62/><W61/><G61/><T22/><D22/><U17/><E82/><V93/><F93/><W1/><G1/><T112/><D112/><U32/><E103/><V2/><F2/><W106/><G5/><T111/><D111/><U54/><E32/><RYUUKYOKU ba="0,0" sc="224,15,237,-15,237,15,302,-15" hai0="37,39,95,99,102,126,127" hai2="36,38,44,45,69,70,77,78,85,86,88,90,124" /><INIT seed="2,1,0,1,3,5" ten="239,222,252,287" oya="2" hai0="40,95,70,99,134,30,127,50,23,85,76,20,109" hai1="4,58,3,113,66,35,14,118,12,71,125,129,60" hai2="116,42,123,48,86,74,112,29,102,24,79,98,37" hai3="110,111,89,117,19,44,128,33,28,59,22,11,16"/><V119/><F123/><W96/><G117/><T80/><D70/><U53/><E35/><V10/><F112/><W0/><G128/><T105/><D50/><U34/><E34/><V122/><F122/><W65/><G44/><T64/><D40/><U94/><E118/><V45/><F48/><W126/><G65/><T115/><D64/><U38/><E38/><V31/><F31/><W73/><G59/><T91/><D20/><U103/><E113/><V56/><F56/><W39/><G39/><T92/><D23/><U108/><E129/><V82/><F86/><W104/><G73/><N who="0" m="43023" /><D30/><U49/><E125/><V21/><REACH who="2" step="1"/><F10/><REACH who="2" ten="239,222,242,287" step="2"/><W7/><G126/><T25/><D115/><U84/><E84/><V88/><F88/><W9/><G9/><T41/><D91/><U131/><E131/><V47/><F47/><W97/><G33/><T69/><D85/><U114/><E114/><V90/><F90/><W36/><G89/><T133/><D127/><U121/><E121/><V83/><F83/><W75/><G75/><T120/><D120/><U68/><E68/><V15/><F15/><W27/><G36/><T93/><D69/><U78/><E14/><V135/><F135/><W81/><G81/><T100/><D134/><U54/><E12/><V32/><F32/><W43/><G0/><T13/><D13/><U51/><E3/><V57/><F57/><W101/><G11/><T132/><D132/><U107/><E71/><V61/><F61/><W8/><G8/><T52/><D133/><U2/><E60/><V17/><F17/><W26/><G28/><T6/><D25/><RYUUKYOKU ba="1,1" sc="239,-10,222,-10,242,30,287,-10" hai2="21,24,29,37,42,45,74,79,82,98,102,116,119" /><INIT seed="2,2,1,3,3,39" ten="229,212,272,277" oya="2" hai0="91,38,14,40,45,42,50,36,18,86,23,102,29" hai1="130,35,62,7,81,58,34,124,122,28,109,83,10" hai2="117,32,101,15,41,67,56,31,77,52,21,92,51" hai3="115,125,6,72,33,100,5,2,4,111,66,16,112"/><V49/><F117/><W129/><G72/><T94/><D29/><U85/><E122/><V53/><F32/><W121/><G33/><T71/><D71/><U84/><E28/><V126/><F77/><W89/><G121/><T74/><D74/><U54/><E124/><V65/><F126/><W26/><G125/><T55/><REACH who="0" step="1"/><D102/><REACH who="0" ten="219,212,272,277" step="2"/><U106/><E35/><V12/><F31/><W87/><G100/><T78/><D78/><U9/><E34/><V43/><F101/><W61/><G111/><T1/><D1/><U131/><E109/><V132/><F132/><W133/><G133/><T44/><D44/><U13/><E106/><V114/><F114/><W3/><G129/><T73/><D73/><U37/><E130/><V95/><F56/><W27/><G3/><T134/><D134/><U30/><E131/><V79/><F79/><W105/><G2/><T82/><D82/><U135/><E30/><V80/><F80/><W116/><G105/><T108/><D108/><U127/><E127/><V128/><F128/><W104/><G104/><T64/><D64/><U63/><E135/><V76/><F76/><W88/><G116/><T98/><D98/><U110/><E110/><V118/><F118/><W123/><G123/><T59/><D59/><U0/><E81/><V8/><F8/><W107/><G107/><T120/><D120/><U90/><E84/><V99/><F99/><W46/><G112/><T60/><D60/><U70/><E70/><V113/><F113/><W22/><G115/><T93/><D93/><U68/><E68/><V25/><F21/><W96/><G96/><RYUUKYOKU ba="2,2" sc="219,15,212,-15,272,15,277,-15" hai0="14,18,23,36,38,40,42,45,50,55,86,91,94" hai2="12,15,25,41,43,49,51,52,53,65,67,92,95" /><INIT seed="2,3,2,0,1,20" ten="234,197,287,262" oya="2" hai0="106,53,133,132,75,36,61,76,117,23,88,68,97" hai1="48,50,104,102,11,77,10,125,7,118,31,34,25" hai2="83,124,15,63,91,49,127,112,67,62,41,85,101" hai3="21,94,116,45,126,59,54,12,37,90,134,56,51"/><V93/><F112/><W100/><G116/><T42/><D23/><U70/><E118/><V81/><F63/><W8/><G134/><N who="0" m="51819" /><D42/><U6/><E125/><N who="2" m="48203" /><F101/><W44/><G126/><T17/><D53/><U89/><E70/><N who="2" m="42359" /><F15/><W60/><G100/><N who="0" m="62735" /><D17/><U46/><E102/><V2/><F2/><W92/><G37/><T82/><D68/><U72/><E104/><V66/><F66/><W73/><G73/><T130/><D36/><U32/><E72/><V3/><F3/><W84/><G92/><T43/><D43/><U115/><E115/><V58/><F58/><W26/><G8/><T80/><D61/><U64/><E64/><V131/><F131/><W4/><G4/><T39/><D39/><U40/><E48/><V35/><F35/><W74/><G74/><T38/><D38/><U135/><E135/><V78/><F78/><W9/><G9/><T0/><D0/><U99/><E34/><V29/><F29/><W5/><G12/><T109/><D130/><U123/><E77/><V27/><F41/><W65/><G5/><N who="1" m="1546" /><E11/><V19/><F49/><W30/><AGARI ba="3,2" hai="21,26,30,44,45,51,54,56,59,60,65,84,90,94" machi="30" ten="20,5200,0" yaku="0,1,7,1,8,1,52,1" doraHai="20" who="3" fromWho="3" sc="234,-16,197,-16,287,-29,262,81" /><INIT seed="3,0,0,2,1,81" ten="218,181,258,343" oya="3" hai0="35,15,41,17,98,51,18,59,68,12,114,4,125" hai1="39,90,21,69,30,120,100,71,44,124,93,132,105" hai2="63,33,55,135,49,83,103,99,88,40,62,92,6" hai3="129,7,97,0,11,10,109,46,14,134,48,38,104"/><W95/><G38/><T53/><D68/><U23/><E120/><V128/><F33/><W110/><G104/><T101/><D35/><U43/><E124/><V26/><F135/><W119/><G119/><T126/><D41/><U84/><E132/><V111/><F111/><N who="3" m="42507" /><G134/><T45/><D45/><U31/><E105/><V121/><F128/><W87/><G129/><T78/><D78/><U8/><E100/><V20/><F40/><W77/><G77/><T91/><D91/><U86/><E8/><V37/><F37/><W123/><G87/><T52/><D53/><U131/><E131/><V107/><F6/><W1/><G123/><T70/><D70/><U133/><E133/><V122/><F121/><W127/><G11/><T108/><D108/><U76/><E69/><V74/><F122/><W89/><G127/><N who="0" m="48651" /><D4/><U73/><E71/><V19/><F107/><W28/><G28/><N who="1" m="10794" /><E73/><V79/><F103/><W57/><G57/><AGARI ba="0,0" hai="19,20,26,49,55,57,62,63,74,79,83,88,92,99" machi="57" ten="30,2000,0" yaku="7,1,54,1" doraHai="81" who="2" fromWho="3" sc="218,0,181,0,258,20,343,-20" owari="218,-18.0,181,-32.0,278,8.0,323,42.0" /></mjloggm>