<mjloggm ver="2.3"><GO type="97" lobby="0"/><UN n0="%63%68%69%67%75%73%61" n1="%E6%97%A5%E6%9C%AC%E5%8F%B2%EF%BC%A1" n2="%E5%B2%A1%CF%80" n3="%E3%82%A6%E3%83%AB%E3%83%88%E3%83%A9%E7%AB%8B%E7%9B%B4" dan="13,13,14,15" rate="1883.51,1832.27,1931.59,1979.39" sx="M,M,F,M"/><TAIKYOKU oya="0"/><INIT seed="0,0,0,0,4,54" ten="250,250,250,250" oya="0" hai0="121,112,98,20,128,7,5,47,89,17,2,67,39" hai1="70,33,114,133,52,57,92,46,88,68,86,58,61" hai2="131,126,84,129,81,72,25,40,78,44,122,9,124" hai3="69,28,118,106,120,66,85,90,93,101,117,45,77"/><T125/><D121/><U56/><E33/><V42/><F122/><W113/><G120/><T102/><D112/><U97/><E114/><V109/><F109/><W123/><G113/><T55/><D67/><U27/><E133/><V130/><F25/><W8/><G123/><T29/><D128/><U132/><E132/><V115/><F115/><W134/><G134/><T34/><D125/><U12/><E27/><V43/><F9/><W71/><G71/><T60/><D2/><U87/><E70/><V48/><REACH who="2" step="1"/><F72/><REACH who="2" ten="250,250,240,250" step="2"/><W50/><G8/><T96/><D34/><U24/><E24/><V103/><F103/><W15/><G101/><T105/><D29/><U36/><E12/><V79/><F79/><W32/><G15/><T49/><D39/><U59/><REACH who="1" step="1"/><E68/><REACH who="1" ten="250,240,240,250" step="2"/><V6/><F6/><W83/><G69/><T1/><D1/><U11/><E11/><V74/><F74/><W21/><G32/><T10/><D10/><U26/><E26/><V80/><F80/><W19/><G83/><T94/><REACH who="0" step="1"/><D60/><REACH who="0" ten="240,240,240,250" step="2"/><U107/><E107/><V22/><F22/><W53/><G106/><T18/><D18/><U41/><AGARI ba="0,3" hai="36,41,46,52,56,57,58,59,61,86,87,88,92,97" machi="41" ten="30,16000,3" yaku="1,1,0,1,52,4,54,2,53,0" doraHai="54" doraHaiUra="14" who="1" fromWho="1" sc="240,-80,240,190,240,-40,250,-40" /><INIT seed="1,0,0,4,1,85" ten="160,430,200,210" oya="1" hai0="13,62,75,40,28,89,30,12,83,120,2,91,27" hai1="96,24,104,126,7,45,78,5,82,10,60,116,9" hai2="37,117,112,59,90,79,125,80,74,23,29,48,16" hai3="131,123,106,21,47,103,43,38,54,49,110,70,25"/><U55/><E116/><V17/><F117/><W67/><G123/><T129/><D2/><U58/><E126/><V87/><F125/><W122/><G122/><T41/><D120/><U69/><E69/><V124/><F124/><W113/><G113/><T105/><D105/><U26/><E96/><V32/><F112/><W102/><G106/><T134/><D134/><U36/><E104/><V133/><F133/><W71/><G110/><T63/><D129/><U93/><E93/><V66/><F37/><W73/><G73/><T109/><D109/><U1/><E9/><V46/><F32/><W81/><G131/><T33/><D75/><N who="1" m="43359" /><E7/><V95/><F66/><W0/><G81/><T76/><D83/><U53/><E53/><V35/><F59/><W52/><G0/><T132/><D132/><U115/><E115/><V101/><F101/><W8/><G8/><T20/><D76/><U15/><E15/><V44/><F44/><W77/><G77/><T6/><D33/><U86/><E86/><V65/><F65/><W100/><G67/><T111/><D111/><U72/><E72/><V51/><F51/><W64/><G64/><T88/><D6/><U128/><E128/><V98/><F74/><W108/><G108/><T99/><D99/><U135/><E135/><V57/><F35/><W19/><REACH who="3" step="1"/><G54/><REACH who="3" ten="160,430,200,200" step="2"/><T119/><D119/><U61/><E1/><V11/><F11/><W114/><G114/><T42/><REACH who="0" step="1"/><D30/><REACH who="0" ten="150,430,200,200" step="2"/><U3/><E5/><V92/><F29/><W130/><G130/><T4/><D4/><U68/><E3/><V22/><F17/><W121/><G121/><RYUUKYOKU ba="0,2" sc="150,15,430,-15,200,-15,200,15" hai0="12,13,20,27,28,40,41,42,62,63,88,89,91" hai3="19,21,25,38,43,47,49,52,70,71,100,102,103" /><INIT seed="2,1,2,4,5,29" ten="165,415,185,215" oya="2" hai0="72,58,131,54,3,130,107,12,35,75,90,13,45" hai1="128,42,100,22,46,132,23,39,89,51,83,32,56" hai2="117,110,9,24,21,105,31,78,85,102,96,59,80" hai3="81,60,86,1,25,77,67,99,18,73,82,91,95"/><V41/><F117/><W126/><G1/><T101/><D3/><U87/><E128/><V69/><F69/><W34/><G126/><T111/><D111/><U115/><E115/><V62/><F110/><W71/><G18/><T10/><D35/><U49/><E32/><V70/><F70/><W116/><G116/><T8/><D45/><U134/><E100/><V11/><REACH who="2" step="1"/><F41/><REACH who="2" ten="165,415,175,215" step="2"/><W109/><G109/><T5/><D131/><U123/><E123/><V112/><F112/><W40/><G40/><T6/><D130/><U30/><E134/><V121/><F121/><W118/><G118/><T33/><D33/><U7/><E132/><V103/><F103/><W133/><G133/><T43/><D43/><U16/><E42/><V2/><F2/><W88/><G34/><T27/><D27/><U104/><E56/><V37/><F37/><W19/><G25/><T122/><D122/><U14/><E39/><V127/><F127/><W44/><G44/><T84/><D101/><U98/><E46/><V20/><F20/><W4/><REACH who="3" step="1"/><G19/><REACH who="3" ten="165,415,175,205" step="2"/><T119/><D119/><U93/><E16/><V124/><F124/><W108/><G108/><T94/><REACH who="0" step="1"/><D107/><REACH who="0" ten="155,415,175,205" step="2"/><U76/><E104/><V114/><F114/><W106/><G106/><T63/><AGARI ba="1,5" hai="5,6,8,10,12,13,54,58,63,72,75,84,90,94" machi="63" ten="20,12000,2" yaku="1,1,2,1,0,1,7,1,9,1,53,1" doraHai="29" doraHaiUra="55" who="0" fromWho="0" sc="155,173,415,-31,175,-61,205,-31" /><INIT seed="3,0,0,2,0,11" ten="328,384,114,174" oya="3" hai0="114,103,63,27,32,18,53,80,58,95,22,78,62" hai1="70,52,5,30,49,75,91,104,43,39,35,16,100" hai2="87,102,101,76,59,73,129,36,71,13,122,44,26" hai3="34,90,74,28,45,38,68,96,6,23,127,8,108"/><W61/><G127/><T117/><D32/><U81/><E70/><V3/><F71/><W55/><G108/><T123/><D123/><U54/><E104/><V92/><F122/><W14/><G74/><T126/><D126/><U4/><E100/><V111/><F3/><W79/><G79/><T67/><D117/><U133/><E30/><V132/><F73/><W17/><G38/><T110/><D110/><U7/><E39/><V109/><F36/><W99/><G90/><T72/><D114/><U20/><E35/><V57/><F44/><W33/><G33/><T115/><D115/><U131/><E133/><V93/><F132/><W10/><G10/><T51/><D103/><U65/><E65/><V84/><F26/><N who="3" m="18711" /><G45/><T21/><D95/><U128/><E75/><V15/><REACH who="2" step="1"/><F76/><REACH who="2" ten="328,384,104,174" step="2"/><W24/><G24/><T60/><REACH who="0" step="1"/><D22/><REACH who="0" ten="318,384,104,174" step="2"/><U116/><E20/><V40/><F40/><W47/><G68/><AGARI ba="0,2" hai="18,21,27,51,53,58,60,62,63,67,68,72,78,80" machi="68" ten="30,3900,0" yaku="1,1,2,1,7,1,53,0" doraHai="11" doraHaiUra="37" who="0" fromWho="3" sc="318,59,384,0,104,0,174,-39" owari="377,18.0,384,48.0,104,-40.0,135,-26.0" /></mjloggm>