<mjloggm ver="2.3"><GO type="169" lobby="0"/><UN n0="%50%6F%6E%74%61" n1="%E3%81%8D%E3%81%BE%E3%81%99" n2="%E5%8E%9F%E4%BA%BA%E3%81%A1%E3%82%83%E3%82%93" n3="%EF%BC%88%E2%89%A7%E2%96%BD%E2%89%A6%EF%BC%89" dan="17,16,16,19" rate="2161.36,2071.57,2135.59,2312.66" sx="M,M,M,M"/><TAIKYOKU oya="0"/><INIT seed="0,0,0,3,0,64" ten="250,250,250,250" oya="0" hai0="124,77,67,97,51,82,76,96,6,17,93,42,33" hai1="117,100,30,0,109,21,118,38,52,2,120,127,121" hai2="68,40,125,19,7,28,88,87,106,126,48,27,134" hai3="135,55,32,36,101,22,41,60,81,23,59,102,115"/><T24/><D124/><N who="2" m="47722" /><F7/><W133/><G115/><T10/><D77/><U14/><E109/><V116/><F116/><W83/><G32/><T57/><D33/><U113/><E38/><V119/><F119/><W13/><G41/><T111/><D111/><U92/><E127/><V85/><F106/><W94/><G36/><T65/><D97/><U44/><E113/><V122/><F87/><W70/><G70/><T45/><D57/><U90/><E100/><N who="3" m="38506" /><G94/><T29/><D17/><U18/><E120/><V69/><F134/><N who="3" m="51211" /><G13/><T1/><D24/><U89/><E121/><V129/><F129/><W95/><G95/><T123/><D123/><U98/><E117/><V25/><F19/><W80/><AGARI ba="0,0" hai="22,23,55,59,60,80,81,83" m="51211,38506" machi="80" ten="40,1500,0" yaku="20,1" doraHai="64" who="3" fromWho="3" sc="250,-7,250,-4,250,-4,250,15" /><INIT seed="1,0,0,4,3,120" ten="243,246,246,265" oya="1" hai0="11,76,43,123,105,58,64,111,42,55,117,131,135" hai1="26,121,27,33,17,126,115,102,61,3,48,56,7" hai2="63,77,9,88,62,23,94,14,82,21,1,114,92" hai3="30,129,60,85,86,39,130,91,4,127,57,34,32"/><U47/><E121/><V24/><F114/><W35/><G127/><T110/><D123/><U71/><E115/><V20/><F1/><W107/><G107/><T108/><D117/><U41/><E71/><V112/><F112/><W90/><G39/><T128/><D135/><U93/><E33/><V25/><F63/><W67/><G30/><T46/><D105/><U51/><E126/><V106/><F106/><W81/><REACH who="3" step="1"/><G4/><REACH who="3" ten="243,246,246,255" step="2"/><T101/><D131/><U10/><E17/><V132/><F132/><W18/><G18/><T73/><D128/><U80/><E51/><V44/><F62/><W50/><G50/><N who="0" m="31095" /><D64/><U53/><REACH who="1" step="1"/><E80/><AGARI ba="0,1" hai="32,34,35,57,60,67,80,81,85,86,90,91,129,130" machi="80" ten="40,2600,0" yaku="1,1,9,1,53,0" doraHai="120" doraHaiUra="45" who="3" fromWho="1" sc="243,0,246,-26,246,0,255,36" /><INIT seed="2,0,0,0,5,58" ten="243,220,246,291" oya="2" hai0="52,18,11,62,20,131,104,93,47,134,91,25,84" hai1="33,66,108,19,72,4,22,117,128,5,54,17,79" hai2="75,48,1,130,27,70,87,34,123,80,16,101,105" hai3="39,2,6,125,127,31,135,37,121,38,102,95,97"/><V23/><F123/><W51/><G135/><T109/><D134/><U94/><E33/><V45/><F130/><W40/><G31/><T119/><D131/><U100/><E117/><V30/><F1/><W14/><G2/><T78/><D119/><U114/><E108/><V46/><F75/><W73/><G73/><T90/><D104/><U56/><E114/><V7/><F7/><W92/><G121/><T15/><D109/><U41/><E41/><V132/><F132/><W107/><G14/><T32/><D32/><U112/><E112/><V12/><F70/><W82/><G82/><N who="0" m="47191" /><D93/><U26/><E128/><V59/><F101/><W81/><G81/><T68/><D68/><U110/><E110/><V64/><F105/><W76/><G6/><N who="0" m="3575" /><D47/><U10/><E94/><V122/><F122/><W69/><G69/><T126/><D126/><N who="3" m="48137" /><G76/><T55/><D55/><U50/><E79/><V36/><F36/><W89/><G89/><T3/><D3/><U13/><E72/><V129/><F129/><W8/><G8/><T53/><D53/><U43/><E100/><V116/><F116/><W118/><G118/><T133/><D133/><U115/><E115/><V83/><F83/><W98/><G98/><T65/><D65/><U124/><E124/><V28/><F28/><W99/><G99/><T57/><AGARI ba="0,0" hai="18,20,25,52,57,62,90,91" m="3575,47191" machi="57" ten="30,4000,0" yaku="8,1,52,1,54,1" doraHai="58" who="0" fromWho="0" sc="243,40,220,-10,246,-20,291,-10" /><INIT seed="3,0,0,1,3,65" ten="283,210,226,281" oya="3" hai0="114,96,14,13,44,123,19,112,98,42,36,94,127" hai1="84,12,64,90,93,61,35,30,126,67,95,9,45" hai2="107,8,39,85,80,115,122,22,113,88,133,1,87" hai3="57,81,27,47,73,97,110,109,16,18,117,77,131"/><W33/><G117/><T70/><D123/><U69/><E126/><V71/><F122/><W37/><G131/><T10/><D127/><U118/><E118/><V128/><F128/><W72/><G72/><T82/><D82/><U106/><E106/><V25/><F107/><W17/><G57/><T74/><D74/><U119/><E119/><V23/><F39/><W54/><G97/><T129/><D129/><U135/><E135/><V52/><F133/><W76/><G76/><T56/><D56/><U130/><E130/><V92/><F71/><W31/><REACH who="3" step="1"/><G54/><REACH who="3" ten="283,210,226,271" step="2"/><T75/><D75/><U86/><E67/><V5/><F52/><W43/><AGARI ba="0,1" hai="16,17,18,27,31,33,37,43,47,73,77,81,109,110" machi="43" ten="40,12000,1" yaku="1,1,2,1,0,1,54,1,53,0" doraHai="65" doraHaiUra="49" who="3" fromWho="3" sc="283,-40,210,-40,226,-40,271,130" /><INIT seed="3,1,0,0,0,70" ten="243,170,186,401" oya="3" hai0="26,93,5,134,112,75,108,126,45,14,44,84,124" hai1="63,94,42,47,33,64,8,62,89,104,116,57,92" hai2="102,132,21,39,54,22,52,88,36,85,51,82,98" hai3="35,107,96,43,46,58,77,103,59,68,71,1,119"/><W117/><G1/><T0/><D75/><U27/><E104/><V97/><F132/><W100/><G77/><T129/><D134/><U130/><E116/><V99/><F102/><W12/><G12/><T133/><D133/><U15/><E130/><V80/><F80/><W38/><G58/><T120/><D129/><U110/><E110/><V125/><F125/><N who="0" m="48234" /><D108/><U40/><E62/><V50/><F50/><W3/><G59/><T113/><D120/><U16/><E42/><V127/><F127/><W67/><G3/><T10/><D26/><U6/><E89/><V114/><F114/><N who="0" m="44138" /><D0/><U83/><E83/><V106/><F106/><N who="3" m="63751" /><G35/><T9/><D9/><U23/><REACH who="1" step="1"/><E33/><REACH who="1" ten="243,160,186,401" step="2"/><V37/><REACH who="2" step="1"/><F54/><REACH who="2" ten="243,160,176,401" step="2"/><W131/><G131/><T2/><D93/><U20/><E20/><V109/><F109/><W95/><G119/><T101/><D101/><U49/><AGARI ba="1,2" hai="6,8,15,16,23,27,40,47,49,57,63,64,92,94" machi="49" ten="20,12000,2" yaku="1,1,0,1,7,1,8,1,54,1,53,1" doraHai="70" doraHaiUra="41" who="1" fromWho="1" sc="243,-31,160,143,176,-31,401,-61" /><INIT seed="4,0,0,3,1,64" ten="212,303,145,340" oya="0" hai0="130,0,61,16,38,50,10,109,22,86,24,77,133" hai1="53,19,43,94,95,20,69,11,52,30,55,45,126" hai2="80,18,71,104,101,83,84,32,15,100,89,65,75" hai3="57,70,123,125,131,37,78,51,33,74,82,79,29"/><T14/><D38/><U98/><E126/><V39/><F32/><W1/><G37/><T103/><D0/><U2/><E69/><V49/><F39/><W56/><G70/><T63/><D109/><U107/><E30/><V27/><F27/><W7/><G125/><T122/><D122/><U88/><E107/><V108/><F108/><W23/><G33/><T21/><D130/><U46/><E43/><V132/><F132/><W90/><G131/><T121/><D121/><U124/><E11/><V99/><F101/><W120/><G7/><T106/><D133/><U9/><E9/><V91/><F49/><W72/><G1/><T76/><D22/><U127/><E94/><V26/><F26/><W6/><G6/><T112/><D112/><U117/><E117/><V36/><F36/><W8/><G8/><T60/><D86/><U135/><E124/><V96/><F96/><W4/><G4/><T62/><D62/><U42/><E127/><V118/><F118/><W68/><G120/><T114/><D114/><U67/><E2/><V25/><F25/><W134/><G134/><T93/><D106/><U31/><E31/><V59/><F71/><W102/><G68/><T113/><D113/><U110/><E135/><V47/><F47/><N who="1" m="17929" /><E42/><V28/><F28/><W81/><G29/><N who="0" m="17551" /><D50/><U129/><E129/><V73/><F73/><W35/><G35/><T111/><D111/><U128/><E128/><V13/><F18/><W54/><G123/><T40/><D40/><U17/><E110/><V119/><F119/><W85/><G74/><T44/><D44/><U48/><E19/><RYUUKYOKU ba="0,0" sc="212,30,303,-10,145,-10,340,-10" hai0="10,14,16,60,61,63,76,77,93,103" /><INIT seed="4,1,0,5,4,70" ten="242,293,135,330" oya="0" hai0="42,95,100,82,45,12,55,22,49,50,88,73,104" hai1="105,68,30,129,107,47,96,115,69,38,56,17,76" hai2="135,121,5,57,75,134,15,9,4,13,97,101,111" hai3="3,80,2,8,102,122,133,28,7,65,109,6,87"/><T64/><D64/><U89/><E129/><V11/><F75/><W78/><G109/><T77/><D104/><U63/><E30/><V48/><F111/><W39/><G39/><T44/><D100/><U114/><E76/><V132/><F121/><W27/><G122/><T40/><D55/><N who="1" m="34207" /><E17/><V91/><F91/><W128/><G128/><T52/><D52/><U84/><E96/><V51/><REACH who="2" step="1"/><F57/><REACH who="2" ten="242,293,125,330" step="2"/><W33/><G102/><T29/><D29/><U126/><E69/><V31/><F31/><W26/><G28/><T20/><REACH who="0" step="1"/><D12/><REACH who="0" ten="232,293,125,330" step="2"/><U62/><E68/><V21/><F21/><W23/><G23/><T127/><D127/><U118/><E126/><V85/><F85/><AGARI ba="1,2" hai="20,22,40,42,44,45,49,50,73,77,82,85,88,95" machi="85" ten="30,18000,2" yaku="1,1,7,1,9,1,54,1,53,2" doraHai="70" doraHaiUra="18" who="0" fromWho="2" sc="232,203,293,0,125,-183,330,0" owari="435,54.0,293,-11.0,-58,-56.0,330,13.0" /></mjloggm>