<mjloggm ver="2.3"><GO type="97" lobby="0"/><UN n0="%E3%82%A6%E3%83%AB%E3%83%88%E3%83%A9%E7%AB%8B%E7%9B%B4" n1="%E3%82%A8%E3%82%BB%E3%83%87%E3%82%B8%E3%82%BF%E3%83%AB%EF%BC%92%E5%8F%B7" n2="%4D%65%73%61" n3="%E4%B8%89%E9%83%8E%E5%B7%A6%E8%A1%9B%E9%96%80" dan="15,14,14,15" rate="2026.32,2065.27,1849.73,1977.22" sx="M,M,M,M"/><TAIKYOKU oya="0"/><INIT seed="0,0,0,5,3,96" ten="250,250,250,250" oya="0" hai0="53,76,124,112,106,26,20,133,35,131,13,67,78" hai1="135,37,74,75,44,127,120,101,105,126,97,54,86" hai2="25,113,130,125,7,103,33,32,66,45,59,8,47" hai3="73,17,68,15,69,34,89,14,95,2,109,41,121"/><T43/><D112/><U30/><E120/><V98/><F113/><W29/><G2/><T56/><D35/><U21/><E135/><V71/><F130/><W87/><G73/><T6/><D106/><U88/><E30/><V117/><F117/><W38/><G121/><T134/><D67/><U39/><E21/><V94/><F125/><N who="1" m="47625" /><E54/><V24/><F71/><W60/><G15/><T116/><D116/><U48/><E48/><V49/><F32/><W42/><G109/><T91/><D43/><N who="1" m="22639" /><E39/><V3/><F33/><W64/><G68/><T84/><D124/><U132/><E132/><N who="0" m="50793" /><D131/><U58/><E58/><V70/><F70/><W122/><G122/><T31/><D53/><U119/><E119/><V55/><F45/><W115/><G115/><T50/><D56/><U72/><E72/><V111/><F111/><W99/><G38/><T11/><D50/><U114/><E114/><V10/><F66/><W62/><G62/><T83/><AGARI ba="0,0" hai="6,11,13,20,26,31,76,78,83,84,91" m="50793" machi="83" ten="30,1500,0" yaku="20,1" doraHai="96" who="0" fromWho="0" sc="250,15,250,-5,250,-5,250,-5" /><INIT seed="0,1,0,2,2,38" ten="265,245,245,245" oya="0" hai0="33,36,85,82,24,130,42,60,64,80,97,16,88" hai1="11,90,76,113,117,9,107,35,83,99,96,86,1" hai2="43,39,54,114,106,12,5,28,104,61,30,94,55" hai3="122,26,95,53,3,6,27,50,7,121,49,128,17"/><T48/><D130/><U69/><E117/><V15/><F114/><W0/><G95/><T110/><D36/><U31/><E113/><V58/><F104/><W129/><G53/><T34/><D110/><U62/><E1/><V52/><F106/><W108/><G17/><T103/><D80/><U21/><E21/><V127/><F127/><W32/><G108/><T116/><D116/><U74/><E35/><AGARI ba="1,0" hai="0,3,6,7,26,27,32,35,49,50,121,122,128,129" machi="35" ten="25,1600,0" yaku="22,2" doraHai="38" who="3" fromWho="1" sc="265,0,245,-19,245,0,245,19" /><INIT seed="1,0,0,4,2,31" ten="265,226,245,264" oya="1" hai0="56,25,70,87,104,21,105,74,124,94,8,11,37" hai1="109,0,97,72,39,118,33,96,121,126,12,89,13" hai2="80,29,127,122,102,133,71,38,84,98,100,65,125" hai3="135,40,53,132,51,10,75,99,42,2,7,63,91"/><U45/><E118/><V110/><F38/><W5/><G75/><T4/><D70/><U1/><E121/><V76/><F122/><W46/><G7/><T88/><D74/><U24/><E72/><V111/><F65/><W26/><G63/><T57/><D37/><U66/><E126/><N who="2" m="48139" /><F71/><W61/><G61/><T108/><D108/><N who="2" m="41514" /><F29/><W117/><G117/><T32/><D11/><U44/><E109/><V130/><F133/><W119/><G119/><T116/><D116/><U28/><E66/><V59/><F59/><W69/><G69/><T48/><D57/><U128/><E128/><V16/><F16/><W114/><G114/><T79/><D56/><U90/><E28/><V54/><F54/><W43/><G26/><T20/><D20/><U49/><E49/><V52/><F52/><W81/><G135/><T112/><D21/><U34/><E39/><V22/><F22/><W41/><G132/><T6/><D48/><U55/><E55/><V101/><F130/><W68/><G68/><T23/><D23/><U14/><E14/><V36/><F36/><W3/><G3/><T123/><D123/><U27/><AGARI ba="0,0" hai="0,1,12,13,24,27,33,34,44,45,89,90,96,97" machi="27" ten="25,12000,1" yaku="0,1,22,2,52,2" doraHai="31" who="1" fromWho="1" sc="265,-40,226,120,245,-40,264,-40" /><INIT seed="1,1,0,0,3,33" ten="225,346,205,224" oya="1" hai0="132,109,70,6,92,46,16,80,0,103,9,81,73" hai1="115,13,111,87,17,127,60,45,126,96,105,63,58" hai2="24,7,49,114,118,25,68,79,39,53,99,26,112" hai3="94,11,106,84,36,100,101,52,134,133,124,89,67"/><U56/><E115/><V110/><F118/><W50/><G36/><T76/><D70/><U35/><E111/><V97/><F39/><W121/><G67/><T122/><D122/><U5/><E35/><V90/><F68/><W123/><G11/><T2/><D109/><U34/><E34/><V55/><F110/><W48/><G48/><T32/><D32/><U129/><E129/><V72/><F79/><W107/><G52/><N who="2" m="20041" /><F72/><W131/><G50/><T4/><D132/><N who="3" m="50793" /><G131/><T43/><D80/><U42/><E5/><V23/><F23/><W8/><G8/><T86/><D16/><U104/><E96/><N who="2" m="36939" /><F90/><W62/><G62/><T18/><D18/><U61/><E17/><V78/><F49/><W116/><G116/><T31/><D31/><U15/><E61/><V41/><F78/><W54/><G54/><T75/><D103/><N who="3" m="39497" /><G124/><T28/><D28/><U12/><E12/><V98/><N who="2" m="36947" /><V113/><DORA hai="65" /><F7/><W77/><G77/><T51/><D92/><U83/><E83/><V91/><F91/><W74/><G74/><T29/><D29/><U125/><E127/><V117/><F117/><W71/><G71/><T20/><D20/><U22/><E22/><V3/><F41/><W119/><G119/><T102/><D102/><U93/><E42/><V40/><F40/><W130/><G130/><T10/><AGARI ba="1,0" hai="0,2,4,6,9,10,43,46,51,73,75,76,81,86" machi="10" ten="30,7900,0" yaku="0,1,9,1,52,2" doraHai="33,65" who="0" fromWho="0" sc="225,82,346,-40,205,-21,224,-21" /><INIT seed="2,0,0,3,0,25" ten="307,306,184,203" oya="2" hai0="87,105,31,108,120,49,128,98,52,4,101,80,126" hai1="39,78,93,116,72,84,71,77,123,6,111,114,92" hai2="58,53,104,20,8,60,118,59,76,90,34,106,121" hai3="15,19,109,42,57,10,51,83,132,115,55,5,134"/><V28/><F121/><W112/><G42/><T125/><D120/><U46/><E123/><V66/><F118/><W124/><G83/><T18/><D128/><U102/><E116/><V23/><F34/><W86/><G86/><T85/><D108/><U12/><E71/><V47/><F47/><W63/><G109/><T70/><D70/><U81/><E111/><V122/><F122/><W56/><G124/><N who="0" m="47723" /><D4/><U64/><E114/><N who="3" m="43562" /><G5/><T113/><D113/><U89/><E64/><AGARI ba="0,0" hai="10,15,19,51,55,56,57,63,64,132,134" m="43562" machi="64" ten="30,1000,0" yaku="11,1" doraHai="25" who="3" fromWho="1" sc="307,0,306,-10,184,0,203,10" /><INIT seed="3,0,0,0,1,28" ten="307,296,184,213" oya="3" hai0="47,37,39,107,119,125,5,14,19,121,54,66,116" hai1="9,64,10,62,27,15,17,3,128,120,106,118,52" hai2="93,86,65,74,131,92,2,99,98,82,110,29,80" hai3="109,95,24,63,96,56,102,113,18,44,127,91,83"/><W38/><G113/><T0/><D107/><U50/><E120/><V105/><F2/><W103/><G127/><T89/><D121/><U134/><E106/><V69/><F29/><W133/><G133/><T26/><D125/><U16/><E134/><V36/><F65/><W68/><G68/><T53/><D66/><U111/><E111/><V94/><F36/><W58/><G58/><T108/><D108/><U60/><E128/><V21/><F21/><N who="3" m="13367" /><G109/><T51/><D0/><U25/><E118/><V123/><F69/><W90/><G44/><T112/><D37/><U22/><E3/><V34/><F34/><W81/><G38/><T122/><D39/><U8/><E64/><V73/><F110/><W97/><G97/><N who="2" m="36873" /><F123/><W130/><G130/><T67/><D112/><U132/><E132/><V23/><F23/><W33/><G33/><T55/><D67/><U40/><E40/><V77/><F131/><W11/><G11/><N who="1" m="4170" /><E25/><V71/><F71/><W30/><G30/><T59/><D26/><U61/><E61/><V45/><F45/><AGARI ba="0,0" hai="10,15,16,17,22,27,45,50,52,60,62" m="4170" machi="45" ten="30,3900,0" yaku="8,1,54,2" doraHai="28" who="1" fromWho="2" sc="307,0,296,39,184,-39,213,0" owari="307,11.0,335,43.0,145,-35.0,213,-19.0" /></mjloggm>