<mjloggm ver="2.3"><GO type="97" lobby="0"/><UN n0="%E3%82%A6%E3%83%AB%E3%83%88%E3%83%A9%E7%AB%8B%E7%9B%B4" n1="%73%5F%6F%6B" n2="%E6%96%B0%E5%93%81" n3="%79%32%37%71%36%35%33" dan="15,15,14,14" rate="1990.37,2020.05,1884.33,1875.42" sx="M,M,M,F"/><TAIKYOKU oya="0"/><INIT seed="0,0,0,4,2,104" ten="250,250,250,250" oya="0" hai0="6,134,108,88,118,68,93,70,48,127,99,19,11" hai1="124,44,63,92,52,133,117,34,75,37,33,4,120" hai2="67,40,101,61,1,103,86,123,111,24,35,105,32" hai3="74,13,131,98,97,49,73,81,27,87,5,18,21"/><T57/><D118/><U16/><E120/><V109/><F123/><W45/><G131/><T121/><D121/><U7/><E117/><V106/><F40/><N who="3" m="24743" /><G97/><T113/><D113/><U107/><E107/><N who="2" m="40971" /><F1/><W69/><G69/><T62/><D127/><U60/><E37/><V41/><F41/><W64/><G64/><T15/><D134/><U77/><E92/><V36/><F36/><W110/><G98/><T90/><D108/><N who="2" m="41546" /><F86/><W0/><G0/><T31/><D48/><U30/><E30/><N who="2" m="19527" /><F35/><W50/><G50/><T95/><D31/><U20/><E34/><V115/><F115/><W128/><G128/><T122/><D122/><U2/><E33/><V29/><F29/><W56/><G56/><AGARI ba="0,0" hai="56,61,67,101,103" m="19527,41546,40971" machi="56" ten="30,1000,0" yaku="14,1" doraHai="104" who="2" fromWho="3" sc="250,0,250,0,250,10,250,-10" /><INIT seed="1,0,0,0,2,70" ten="250,250,260,240" oya="1" hai0="30,80,41,97,118,124,44,108,135,14,61,50,60" hai1="53,132,63,21,8,27,82,46,45,13,58,37,23" hai2="98,6,109,15,125,25,47,83,35,54,131,48,130" hai3="116,75,112,39,128,57,119,12,43,102,133,126,93"/><U96/><E132/><V11/><F109/><W67/><G112/><T110/><D30/><U26/><E82/><V89/><F125/><W111/><G126/><T106/><D124/><U29/><E96/><V24/><F35/><W120/><G111/><N who="0" m="42539" /><D118/><U72/><E72/><V134/><F134/><W56/><G12/><T17/><D135/><U9/><E37/><V62/><F62/><W88/><G102/><N who="0" m="62799" /><D80/><U31/><REACH who="1" step="1"/><E8/><AGARI ba="0,0" hai="8,14,17,41,44,50,60,61" m="62799,42539" machi="8" ten="30,1000,0" yaku="14,1" doraHai="70" who="0" fromWho="1" sc="250,10,250,-10,260,0,240,0" /><INIT seed="2,0,0,2,2,3" ten="260,240,260,240" oya="2" hai0="61,43,7,24,72,84,129,59,104,93,110,89,56" hai1="91,94,135,88,35,113,101,23,14,1,12,83,118" hai2="2,81,132,47,109,124,10,46,114,21,50,68,55" hai3="53,9,105,36,119,13,54,108,120,67,130,116,5"/><V15/><F114/><W48/><G108/><T70/><D72/><U121/><E35/><V34/><F34/><W87/><G120/><T69/><D104/><U123/><E1/><V79/><F68/><W63/><G130/><T42/><D110/><U28/><E113/><V44/><F132/><W40/><G105/><T38/><D129/><U131/><E131/><V95/><F109/><W82/><G36/><T32/><D59/><U107/><E107/><V29/><F124/><W25/><G25/><T41/><D38/><U133/><E118/><V64/><F64/><W74/><G74/><T31/><REACH who="0" step="1"/><D7/><REACH who="0" ten="250,240,260,240" step="2"/><U51/><E123/><V80/><F47/><W98/><G119/><T71/><D71/><U127/><E121/><V39/><F46/><W112/><G116/><T27/><D27/><N who="1" m="16511" /><E127/><V97/><F39/><W92/><G112/><T125/><D125/><U78/><E133/><V16/><F2/><W90/><G67/><AGARI ba="0,1" hai="24,31,32,41,42,43,56,61,67,69,70,84,89,93" machi="67" ten="40,1300,0" yaku="1,1,53,0" doraHai="3" doraHaiUra="115" who="0" fromWho="3" sc="250,23,240,0,260,0,240,-13" /><INIT seed="3,0,0,3,5,63" ten="273,240,260,227" oya="3" hai0="134,133,84,135,68,108,71,101,113,131,42,39,122" hai1="10,27,55,74,48,115,91,123,32,92,18,7,41" hai2="35,57,116,28,97,124,26,33,22,125,73,2,65" hai3="30,111,40,45,126,38,37,129,69,53,77,62,72"/><W52/><G126/><N who="2" m="48745" /><F73/><W121/><G121/><T109/><D122/><U60/><E74/><V56/><F2/><W70/><G30/><T107/><D101/><U105/><E105/><V29/><F116/><W21/><G77/><T0/><D0/><U16/><E123/><V98/><F29/><W119/><G72/><T47/><D107/><U118/><E115/><V90/><F90/><W130/><G119/><T24/><D24/><U1/><E118/><V51/><F51/><N who="3" m="27047" /><G21/><T127/><D127/><U44/><E41/><V104/><F104/><W75/><G75/><T110/><D113/><U13/><E60/><N who="2" m="38023" /><F57/><N who="3" m="35111" /><G111/><T103/><D103/><U64/><E64/><V82/><F82/><W25/><G25/><T120/><D120/><U58/><E44/><V102/><F102/><W3/><G3/><T83/><D131/><N who="3" m="50185" /><G53/><T88/><AGARI ba="0,0" hai="39,42,47,68,71,83,84,88,108,109,110,133,134,135" machi="88" ten="40,8000,1" yaku="0,1,14,1,20,1,54,1" doraHai="63" who="0" fromWho="0" sc="273,80,240,-20,260,-20,227,-40" owari="353,45.0,220,-18.0,240,4.0,187,-31.0" /></mjloggm>