<mjloggm ver="2.3"><GO type="225" lobby="0"/><UN n0="%79%69%6E%6E%65%72%30%36" n1="%E3%83%81%E3%83%BC%E3%82%BF%E3%83%BC" n2="%E5%B7%B7%E3%81%AE%E6%89%93%E3%81%A1%E6%89%8B" n3="%E3%82%A6%E3%83%AB%E3%83%88%E3%83%A9%E7%AB%8B%E7%9B%B4" dan="16,18,17,16" rate="2079.33,2254.49,2178.07,2021.55" sx="M,M,M,M"/><TAIKYOKU oya="0"/><INIT seed="0,0,0,4,5,29" ten="250,250,250,250" oya="0" hai0="52,117,13,125,130,102,54,121,51,74,101,73,123" hai1="5,27,75,40,104,33,21,134,64,62,76,115,17" hai2="83,116,41,39,7,45,14,103,133,132,6,46,18" hai3="63,4,20,82,8,111,80,37,135,109,86,48,68"/><T105/><D117/><U124/><E104/><V94/><F116/><W97/><G37/><T61/><D125/><U107/><E107/><V43/><F83/><W85/><G97/><T89/><D105/><U28/><E124/><V79/><F79/><W108/><G48/><T72/><D130/><U67/><E134/><N who="2" m="51819" /><F103/><W100/><G100/><T128/><D128/><U35/><E115/><V25/><F25/><W95/><G95/><T88/><D74/><U16/><E40/><V127/><F94/><W1/><G135/><T90/><D90/><U23/><E5/><V10/><F127/><W32/><G20/><T69/><D13/><U60/><E76/><V120/><F120/><W15/><G15/><T77/><D77/><U92/><E92/><V71/><F71/><W26/><G82/><T122/><D69/><U44/><E44/><V12/><F14/><W70/><G70/><T11/><D123/><U38/><E38/><AGARI ba="0,0" hai="6,7,10,12,18,38,39,41,43,45,46" m="51819" machi="38" ten="30,1000,0" yaku="20,1" doraHai="29" who="2" fromWho="1" sc="250,0,250,-10,250,10,250,0" /><INIT seed="1,0,0,5,4,42" ten="250,240,260,250" oya="1" hai0="3,81,28,67,72,47,21,44,76,100,129,101,16" hai1="64,40,29,62,58,48,97,52,46,10,66,54,1" hai2="74,119,94,70,2,80,22,30,36,24,90,77,18" hai3="89,9,35,63,59,53,128,0,96,103,51,50,123"/><U134/><E134/><V4/><F119/><W57/><G35/><T102/><D3/><U121/><E121/><V114/><F70/><W69/><G123/><T131/><D67/><U120/><E120/><V6/><F36/><W26/><G128/><N who="0" m="49227" /><D28/><U117/><E117/><V87/><F114/><W82/><G69/><T60/><D60/><U83/><E29/><V79/><F79/><W108/><G108/><T12/><AGARI ba="0,0" hai="12,16,21,44,47,72,76,81,100,101,102" m="49227" machi="12" ten="30,7900,0" yaku="19,1,52,2,54,1" doraHai="42" who="0" fromWho="0" sc="250,79,240,-39,260,-20,250,-20" /><INIT seed="2,0,0,3,1,102" ten="329,201,240,230" oya="2" hai0="123,115,60,103,18,40,15,63,101,35,132,16,80" hai1="3,24,109,87,61,53,23,33,135,125,113,50,51" hai2="72,49,13,52,58,82,91,43,37,47,64,119,44" hai3="118,134,81,5,55,1,42,54,114,31,22,0,89"/><V99/><F119/><W45/><G118/><T7/><D35/><U128/><E33/><V122/><F122/><W68/><G68/><T117/><D132/><U86/><E113/><V25/><F25/><W73/><G134/><T6/><D115/><U88/><E135/><V21/><F72/><W46/><G89/><T95/><D95/><U84/><E3/><V107/><F107/><W78/><G1/><T26/><D80/><U11/><E11/><V4/><F64/><W100/><G46/><T92/><D92/><U108/><E128/><V56/><F99/><W71/><G71/><T74/><D74/><U96/><E125/><V8/><REACH who="2" step="1"/><F21/><REACH who="2" ten="329,201,230,230" step="2"/><W131/><G22/><N who="0" m="11551" /><D26/><U124/><E124/><V20/><F20/><W105/><G114/><T59/><D117/><U65/><E23/><V34/><F34/><W126/><G126/><T129/><D123/><U19/><E24/><V127/><F127/><W111/><G73/><T41/><D129/><U79/><E65/><V93/><F93/><W17/><G105/><T36/><D103/><U83/><E96/><V66/><F66/><W32/><G100/><T110/><D101/><U14/><E84/><AGARI ba="0,1" hai="4,8,13,37,43,44,47,49,52,56,58,82,84,91" machi="84" ten="40,7700,0" yaku="1,1,54,1,53,1" doraHai="102" doraHaiUra="10" who="2" fromWho="1" sc="329,0,201,-77,230,87,230,0" /><INIT seed="2,1,0,4,0,120" ten="329,124,317,230" oya="2" hai0="108,15,92,38,131,93,82,63,1,12,109,55,37" hai1="64,126,59,83,119,16,50,13,17,49,39,2,110" hai2="14,97,135,72,130,44,105,36,58,88,123,20,70" hai3="116,76,42,11,5,77,73,85,128,98,62,115,51"/><V91/><F123/><W100/><G116/><T35/><D1/><U125/><E2/><V71/><F70/><W47/><G73/><T18/><D35/><U103/><E103/><BYE who="1" /><V0/><F71/><W22/><G128/><T23/><D131/><U29/><E29/><V112/><F0/><W106/><G115/><T80/><D55/><UN n1="%E3%83%81%E3%83%BC%E3%82%BF%E3%83%BC" /><U102/><E39/><V113/><F72/><W43/><G43/><T10/><D63/><U96/><E119/><V69/><F69/><W75/><G75/><T87/><D82/><U25/><E25/><V48/><F105/><W124/><G124/><N who="1" m="47722" /><E83/><V99/><F36/><W60/><G22/><T27/><D15/><U6/><E6/><V66/><F14/><N who="3" m="5487" /><G77/><N who="0" m="46479" /><D37/><U132/><E132/><V4/><F135/><W46/><G46/><T94/><D38/><U133/><E133/><V95/><F130/><W24/><G24/><T57/><D57/><U121/><E121/><V26/><F26/><W19/><G19/><N who="1" m="7242" /><E13/><V86/><F4/><W134/><G134/><T101/><D12/><U74/><E74/><V122/><F122/><W67/><G100/><T68/><D101/><U89/><E89/><V114/><F20/><W129/><G76/><T33/><D33/><U31/><E31/><V41/><F91/><W65/><G129/><T53/><D10/><U3/><E3/><V52/><F66/><W28/><G67/><T79/><D27/><U45/><E45/><V78/><F78/><W56/><G47/><T40/><D79/><U117/><E117/><V61/><AGARI ba="1,0" hai="41,44,48,52,58,61,86,88,95,97,99,112,113,114" machi="61" ten="30,6000,0" yaku="0,1,54,2" doraHai="120" who="2" fromWho="2" sc="329,-21,124,-21,317,63,230,-21" /><INIT seed="2,2,0,3,1,64" ten="308,103,380,209" oya="2" hai0="128,103,133,102,85,33,69,90,42,9,17,5,119" hai1="70,97,46,118,111,7,109,23,134,18,59,26,20" hai2="63,129,21,82,14,115,79,131,108,12,53,83,40" hai3="112,81,55,60,30,27,127,74,91,51,62,11,39"/><V110/><F115/><W16/><G39/><T44/><D128/><N who="2" m="49226" /><F40/><W45/><G127/><T19/><D33/><U96/><E118/><V15/><F21/><W88/><G112/><T80/><D133/><U58/><E134/><V13/><F13/><N who="3" m="7231" /><G74/><T32/><D32/><U87/><E7/><V57/><F79/><W76/><G76/><T43/><D69/><U135/><E135/><V41/><F41/><W94/><G94/><T31/><D31/><U117/><E117/><V113/><F113/><W125/><G125/><T50/><D42/><U22/><E87/><V36/><F36/><W4/><G4/><T100/><REACH who="0" step="1"/><D119/><REACH who="0" ten="298,103,380,209" step="2"/><U99/><E70/><V0/><F108/><N who="1" m="41545" /><E46/><V38/><F110/><W68/><G68/><T107/><D107/><U35/><E35/><V61/><F57/><AGARI ba="2,1" hai="18,20,22,23,26,57,58,59,96,97,99" m="41545" machi="57" ten="30,1000,0" yaku="14,1" doraHai="64" who="1" fromWho="2" sc="298,0,103,26,380,-16,209,0" /><INIT seed="3,0,0,0,2,48" ten="298,129,364,209" oya="3" hai0="34,108,7,37,85,61,62,120,25,72,60,133,131" hai1="107,45,91,15,70,16,110,76,130,80,121,116,99" hai2="13,93,8,51,30,104,102,111,53,122,81,106,92" hai3="71,129,55,59,127,6,63,44,23,28,19,96,52"/><W18/><G71/><T33/><D72/><U67/><E121/><V58/><F30/><W43/><G127/><T119/><D119/><U103/><E130/><V11/><F81/><W35/><G35/><T12/><D120/><U94/><E110/><V115/><F115/><W26/><G129/><T73/><D73/><U100/><E116/><V68/><F68/><W54/><G6/><T29/><D37/><U82/><E82/><V117/><F117/><W75/><G96/><T38/><D38/><U134/><E134/><V27/><F27/><W77/><G77/><T64/><D108/><U20/><E107/><V132/><F102/><W69/><G69/><T78/><D34/><U49/><E67/><V97/><F106/><W84/><G84/><T0/><D0/><U56/><E56/><V4/><F97/><W32/><G75/><T98/><D98/><U10/><E70/><V125/><F125/><W31/><G31/><T21/><D131/><U41/><REACH who="1" step="1"/><E10/><REACH who="1" ten="298,119,364,209" step="2"/><V2/><F11/><W65/><G32/><T9/><D33/><U86/><AGARI ba="0,1" hai="15,16,20,41,45,49,76,80,86,91,94,99,100,103" machi="86" ten="20,12000,2" yaku="1,1,2,1,0,1,7,1,8,1,54,1,53,0" doraHai="48" doraHaiUra="57" who="1" fromWho="1" sc="298,-30,119,130,364,-30,209,-60" owari="268,7.0,249,-15.0,334,43.0,149,-35.0" /></mjloggm>