<mjloggm ver="2.3"><GO type="97" lobby="0"/><UN n0="%E3%83%99%E3%82%BF%E3%82%AA%E3%83%AA%E3%82%B9%E3%82%AF" n1="%E3%82%A6%E3%83%AB%E3%83%88%E3%83%A9%E7%AB%8B%E7%9B%B4" n2="%EF%BD%9B%E3%83%BB%CF%89%E3%83%BB%EF%BD%9D" n3="%74%65%72%72%79%39%31%36" dan="15,15,13,15" rate="1928.81,2049.94,1820.50,1972.46" sx="M,M,F,M"/><TAIKYOKU oya="0"/><INIT seed="0,0,0,5,1,106" ten="250,250,250,250" oya="0" hai0="58,84,110,25,128,72,74,50,44,124,52,103,49" hai1="51,108,31,9,61,34,121,126,33,130,73,7,41" hai2="42,48,11,120,21,57,56,95,75,134,129,116,67" hai3="55,89,53,76,1,82,97,16,111,127,81,24,131"/><T123/><D123/><U113/><E121/><V69/><F120/><W18/><G1/><T40/><D124/><U122/><E51/><V78/><F69/><W60/><G127/><T115/><D115/><U8/><E41/><V102/><F134/><W6/><G6/><T32/><D128/><U64/><E9/><V132/><F129/><W39/><G131/><T10/><D103/><U2/><E126/><V46/><F132/><W104/><G39/><T93/><D110/><U88/><E88/><V91/><F102/><W27/><G111/><T99/><D84/><U100/><E130/><V28/><F11/><W26/><G104/><T96/><D10/><U125/><E125/><V35/><F35/><N who="1" m="13321" /><E31/><V86/><F67/><W68/><G68/><T45/><D45/><U22/><E22/><V71/><F71/><W62/><G76/><T79/><D79/><U107/><E108/><V109/><F116/><W119/><G119/><T135/><D135/><U133/><E133/><V29/><F29/><W23/><G97/><T17/><D32/><U90/><E90/><V105/><F105/><W4/><G4/><T37/><D37/><U94/><E94/><V70/><F70/><W20/><G27/><T12/><D93/><U112/><E122/><V77/><F77/><W65/><G89/><T19/><D25/><U117/><E117/><V63/><F109/><W30/><G30/><T14/><D96/><N who="1" m="61831" /><E73/><N who="0" m="28265" /><D99/><U66/><E112/><V0/><F78/><W36/><G65/><N who="1" m="25194" /><E113/><V38/><F38/><W85/><G36/><T43/><D43/><U87/><E87/><AGARI ba="0,0" hai="16,18,20,23,24,26,53,55,60,62,81,82,85,87" machi="87" ten="25,6400,0" yaku="22,2,8,1,54,1" doraHai="106" who="3" fromWho="1" sc="250,0,250,-64,250,0,250,64" /><INIT seed="1,0,0,1,0,134" ten="250,186,250,314" oya="1" hai0="130,71,41,131,118,87,72,11,106,15,6,0,78" hai1="85,81,37,48,133,115,58,32,129,79,23,49,73" hai2="60,98,21,83,113,50,93,68,7,66,126,45,135" hai3="26,46,30,34,80,114,104,76,92,12,112,67,39"/><U8/><E115/><V35/><F126/><W105/><G67/><T108/><D118/><U54/><E32/><V24/><F35/><W96/><G114/><T51/><D106/><U90/><E133/><V36/><F135/><W116/><G116/><T107/><D107/><U17/><E129/><N who="0" m="49161" /><D71/><U111/><E111/><V18/><F36/><W95/><G112/><T91/><D108/><U5/><E37/><V43/><F113/><W29/><G29/><T1/><D72/><U119/><E119/><V128/><F128/><W3/><G3/><T117/><D117/><U70/><E70/><V89/><F7/><W4/><G95/><N who="0" m="54783" /><D78/><U61/><E73/><V33/><F33/><W109/><G109/><T102/><D102/><U16/><E79/><V82/><AGARI ba="0,0" hai="18,21,24,43,45,50,60,66,68,82,83,89,93,98" machi="82" ten="30,1100,0" yaku="0,1" doraHai="134" who="2" fromWho="2" sc="250,-3,186,-5,250,11,314,-3" /><INIT seed="2,0,0,0,0,25" ten="247,181,261,311" oya="2" hai0="52,31,81,39,92,11,50,16,32,63,68,76,30" hai1="109,6,110,98,121,59,44,69,95,124,20,62,67" hai2="27,101,106,3,120,71,75,130,96,58,26,46,87" hai3="93,49,119,73,122,135,105,74,24,128,61,111,107"/><V60/><F120/><W132/><G24/><T86/><D39/><U17/><E124/><V54/><F3/><W78/><G61/><T91/><D32/><U55/><E121/><V80/><F75/><N who="3" m="28683" /><G49/><T43/><D68/><U100/><E6/><V129/><F71/><W2/><G2/><T103/><D103/><U29/><E44/><V36/><F36/><W35/><G122/><T102/><D102/><U45/><E45/><V40/><F40/><W133/><G35/><T0/><D63/><U117/><E117/><V14/><F46/><W83/><G119/><T125/><D43/><U104/><E104/><N who="3" m="40010" /><G128/><N who="2" m="49257" /><F14/><W8/><G8/><T10/><D125/><U4/><E4/><V113/><F113/><W77/><G93/><T15/><D11/><U56/><E17/><V28/><F28/><W64/><G64/><T41/><D41/><U118/><E118/><V127/><F127/><W65/><G65/><T5/><D0/><U99/><E69/><V66/><F66/><W47/><G47/><N who="0" m="27743" /><D5/><U37/><E37/><V108/><F108/><W22/><G22/><T88/><D92/><U7/><E7/><V72/><F72/><N who="3" m="43431" /><G78/><AGARI ba="0,0" hai="26,27,54,58,60,78,80,87,96,101,106" m="49257" machi="78" ten="30,1500,0" yaku="19,1" doraHai="25" who="2" fromWho="3" sc="247,0,181,0,261,15,311,-15" /><INIT seed="2,1,0,5,1,109" ten="247,181,276,296" oya="2" hai0="19,111,18,126,61,38,115,62,10,119,131,50,91" hai1="120,11,30,16,7,1,53,85,24,114,67,40,49" hai2="121,34,92,59,64,106,89,23,78,84,4,82,96" hai3="113,42,93,44,39,103,48,118,17,72,74,68,46"/><V27/><F121/><W35/><G118/><T31/><D38/><U90/><E120/><V32/><F4/><W76/><G35/><T45/><D111/><U132/><E132/><V117/><F117/><W22/><G68/><T107/><D107/><U9/><E67/><V135/><F135/><W112/><G76/><T86/><D126/><U33/><E40/><V20/><F23/><W110/><G110/><T83/><D131/><U105/><E105/><V55/><F64/><W41/><G93/><T14/><D119/><U25/><E114/><N who="3" m="44138" /><G103/><T123/><D123/><U102/><E102/><V125/><F125/><W43/><G42/><N who="0" m="24887" /><D31/><U127/><E127/><V133/><F133/><W60/><G60/><N who="0" m="23147" /><D115/><U5/><E85/><V70/><F70/><W94/><G94/><T36/><D36/><U130/><E90/><V128/><F128/><W116/><G116/><T69/><D69/><U12/><E130/><V63/><F106/><W52/><G52/><T56/><D56/><U129/><E129/><V28/><AGARI ba="1,0" hai="20,27,28,32,34,55,59,63,78,82,84,89,92,96" machi="28" ten="20,2100,0" yaku="0,1,7,1" doraHai="109" who="2" fromWho="2" sc="247,-8,181,-8,276,24,296,-8" /><INIT seed="2,2,0,5,1,96" ten="239,173,300,288" oya="2" hai0="92,46,80,24,130,0,117,98,8,72,26,30,135" hai1="20,48,119,95,54,67,35,110,5,131,4,53,108" hai2="91,99,134,86,81,122,82,7,84,93,129,39,78" hai3="71,18,45,114,118,13,56,63,3,25,111,49,104"/><V107/><F39/><W85/><G118/><T11/><D135/><U9/><E35/><V23/><F7/><N who="1" m="2633" /><E67/><V31/><F31/><W28/><G3/><T115/><D115/><U101/><E20/><V126/><F23/><W65/><G114/><T27/><D0/><U112/><E112/><V52/><F122/><W51/><G111/><N who="1" m="42538" /><E119/><V41/><F41/><W68/><G104/><T89/><D117/><U16/><E48/><V43/><F43/><W17/><G85/><T121/><D121/><U50/><E50/><V97/><F134/><W87/><G49/><T116/><D116/><U22/><E9/><V132/><F132/><W44/><G18/><T2/><D2/><U42/><E42/><V127/><F129/><W124/><G124/><N who="2" m="47657" /><F52/><N who="1" m="20073" /><E131/><V83/><F107/><W106/><G106/><T21/><D130/><U36/><E36/><V133/><F133/><W33/><G45/><T123/><D46/><U40/><E40/><V34/><F34/><W19/><G19/><T1/><D1/><U90/><E90/><N who="2" m="53447" /><F78/><W76/><G76/><T128/><D128/><U14/><E95/><AGARI ba="2,0" hai="81,82,83,86,91,95,97,99" m="53447,47657" machi="95" ten="30,5800,0" yaku="18,1,34,2" doraHai="96" who="2" fromWho="1" sc="239,0,173,-64,300,64,288,0" /><INIT seed="2,3,0,0,3,108" ten="239,109,364,288" oya="2" hai0="73,88,78,23,96,44,54,6,49,79,18,98,85" hai1="129,57,45,72,87,20,94,67,53,16,115,22,128" hai2="105,70,12,100,116,32,60,30,33,4,19,64,17" hai3="28,51,62,99,77,29,40,8,34,111,135,101,118"/><V107/><F116/><W3/><G118/><T91/><D6/><U24/><E72/><V130/><F130/><N who="1" m="50281" /><E67/><V59/><F105/><W132/><G111/><T1/><D1/><U26/><E45/><V126/><F126/><W131/><G77/><N who="0" m="29195" /><D73/><U125/><E125/><V117/><F117/><W89/><G34/><T41/><D41/><U84/><E84/><V0/><F0/><W68/><G131/><T27/><D91/><N who="1" m="53631" /><E22/><V63/><F100/><W58/><G68/><T121/><D121/><U114/><E26/><V25/><F107/><W43/><G3/><T120/><D120/><U2/><E2/><V13/><F32/><W119/><G119/><T31/><D31/><U76/><E76/><V83/><F83/><AGARI ba="3,0" hai="18,23,27,44,49,54,83,85,88,96,98" m="29195" machi="83" ten="30,2000,0" yaku="8,1,54,1" doraHai="108" who="0" fromWho="2" sc="239,29,109,0,364,-29,288,0" /><INIT seed="3,0,0,4,2,88" ten="268,109,335,288" oya="3" hai0="81,52,91,132,56,14,93,26,28,94,4,98,64" hai1="43,3,118,69,78,116,99,20,96,119,84,23,102" hai2="19,37,112,114,115,123,74,73,27,104,75,30,89" hai3="131,103,22,125,110,92,31,113,62,58,63,39,38"/><W79/><G113/><T127/><D64/><U133/><E43/><V120/><F104/><W122/><G122/><N who="2" m="46633" /><F37/><W130/><G125/><T51/><D132/><U109/><E69/><V33/><F89/><W68/><G68/><T17/><D4/><U106/><E3/><V18/><AGARI ba="0,0" hai="18,19,27,30,33,73,74,75,112,114,115" m="46633" machi="18" ten="50,1600,0" yaku="13,1" doraHai="88" who="2" fromWho="2" sc="268,-4,109,-4,335,16,288,-8" owari="264,-14.0,105,-39.0,351,45.0,280,8.0" /></mjloggm>