<mjloggm ver="2.3"><GO type="225" lobby="0"/><UN n0="%E3%82%A6%E3%83%AB%E3%83%88%E3%83%A9%E7%AB%8B%E7%9B%B4" n1="%E3%82%BF%E3%83%8A%E3%82%AE" n2="%68%69%67%68%31%35%31%35" n3="%E5%B3%B6%E5%A8%98" dan="16,17,18,16" rate="2043.39,2152.10,2266.95,2120.62" sx="M,M,M,M"/><TAIKYOKU oya="0"/><INIT seed="0,0,0,1,4,17" ten="250,250,250,250" oya="0" hai0="52,121,15,29,107,5,115,106,35,125,71,96,86" hai1="49,104,67,81,32,122,135,114,82,26,83,78,41" hai2="64,10,20,119,99,61,25,113,57,13,101,80,47" hai3="124,11,24,75,14,19,39,95,70,65,7,118,68"/><T27/><D121/><U9/><E122/><V98/><F119/><W132/><G118/><T133/><D115/><U33/><E104/><V74/><F113/><W3/><G75/><T108/><D125/><U1/><E114/><V59/><F47/><W76/><G76/><T88/><D133/><U46/><E135/><V4/><F59/><W8/><G39/><T94/><D71/><U55/><E67/><V38/><F38/><W21/><G124/><T116/><D116/><U87/><E41/><V60/><F60/><W128/><G128/><T127/><D127/><U69/><E69/><V85/><F74/><W22/><G132/><T102/><D108/><U2/><E33/><V72/><F72/><W73/><G73/><T40/><D40/><U91/><E9/><V77/><REACH who="2" step="1"/><F101/><REACH who="2" ten="250,250,240,250" step="2"/><W97/><G65/><T18/><D52/><U31/><E81/><V93/><F93/><W23/><REACH who="3" step="1"/><G24/><REACH who="3" ten="250,250,240,240" step="2"/><T0/><D107/><U92/><E82/><V56/><F56/><W58/><G58/><T51/><D106/><U117/><E117/><V100/><F100/><AGARI ba="0,2" hai="3,7,8,11,14,19,21,22,23,68,70,95,97,100" machi="100" ten="40,8000,1" yaku="1,1,52,3,53,1" doraHai="17" doraHaiUra="90" who="3" fromWho="2" sc="250,0,250,0,240,-80,240,100" /><INIT seed="1,0,0,2,3,135" ten="250,250,160,340" oya="1" hai0="73,21,15,3,92,35,66,91,133,102,127,51,113" hai1="116,52,93,8,101,55,11,89,97,4,119,27,2" hai2="13,107,96,125,117,44,83,85,20,9,87,98,58" hai3="114,78,33,106,94,82,81,112,71,126,77,122,7"/><U67/><E67/><V56/><F117/><W70/><G33/><T131/><D35/><U95/><E27/><V129/><F129/><W6/><G106/><T108/><D3/><U30/><E30/><V62/><F20/><W12/><G94/><T29/><D66/><U46/><E11/><V88/><F107/><W104/><G104/><T14/><D51/><U41/><E116/><V18/><F125/><W40/><G40/><T100/><D15/><U103/><E119/><V23/><F44/><W60/><G60/><T5/><D14/><U72/><E72/><V37/><F37/><W128/><G12/><T111/><D5/><U28/><E28/><V121/><F121/><W25/><G25/><T74/><D21/><U120/><E120/><V50/><F9/><W68/><G122/><T45/><D45/><U39/><REACH who="1" step="1"/><E103/><REACH who="1" ten="250,240,160,340" step="2"/><V42/><F42/><W0/><G71/><T17/><D102/><U69/><E69/><V43/><F43/><W123/><G123/><T57/><D100/><U22/><E22/><V76/><F50/><W49/><G49/><T24/><D29/><U64/><E64/><V110/><F110/><W115/><G115/><T34/><D113/><U31/><E31/><V38/><F38/><W99/><G112/><T134/><D34/><U54/><E54/><V16/><F23/><W90/><G70/><T65/><D108/><U19/><E19/><V48/><F18/><W109/><G68/><T130/><D111/><U105/><E105/><V32/><F48/><W59/><G114/><T53/><D17/><U47/><E47/><V26/><F16/><RYUUKYOKU ba="0,1" sc="250,-10,240,30,160,-10,340,-10" hai1="2,4,8,39,41,46,52,55,89,93,95,97,101" /><INIT seed="1,1,1,5,1,1" ten="240,270,150,330" oya="1" hai0="111,53,55,122,61,21,28,11,112,44,23,7,81" hai1="126,54,36,109,106,32,19,46,12,118,90,80,68" hai2="98,34,45,71,130,18,52,67,74,51,57,76,56" hai3="37,26,24,65,116,9,48,33,121,66,62,135,69"/><U131/><E118/><V59/><F34/><W41/><G121/><T92/><D112/><U127/><E32/><V79/><F74/><W60/><G37/><T4/><D111/><U72/><E68/><V134/><F134/><W16/><G135/><T2/><D122/><U43/><E106/><V29/><F29/><W64/><G116/><T102/><D2/><U6/><E109/><V15/><F130/><W39/><G39/><T117/><D11/><U110/><E110/><V100/><F71/><W75/><G75/><T84/><D117/><U101/><E101/><V91/><F91/><W20/><G33/><T83/><D92/><U86/><E131/><V17/><F67/><W40/><G9/><T88/><D83/><U70/><E70/><V14/><F14/><W114/><G114/><T104/><D104/><U125/><E72/><V49/><F49/><W95/><G95/><T31/><D102/><U113/><E113/><V10/><REACH who="2" step="1"/><F18/><REACH who="2" ten="240,270,140,330" step="2"/><W93/><G69/><T63/><D31/><U30/><E30/><V97/><F97/><W77/><G48/><N who="0" m="28807" /><D28/><U115/><E115/><V119/><F119/><W94/><G66/><T133/><D133/><U47/><E19/><V105/><AGARI ba="1,2" hai="10,15,17,45,51,52,56,57,59,76,79,98,100,105" machi="105" ten="30,7900,0" yaku="1,1,0,1,54,1,53,1" doraHai="1" doraHaiUra="50" who="2" fromWho="2" sc="240,-21,270,-40,140,102,330,-21" /><INIT seed="2,0,0,0,3,25" ten="219,230,242,309" oya="2" hai0="90,13,12,116,85,15,11,132,31,97,6,18,19" hai1="109,114,68,24,17,74,27,35,45,47,126,107,10" hai2="96,51,23,42,1,71,113,112,91,52,67,0,127" hai3="84,134,75,2,110,49,93,58,38,95,98,101,117"/><V34/><F34/><W61/><G38/><T46/><D132/><U48/><E68/><V50/><F127/><W70/><G75/><T73/><D73/><U104/><E126/><V7/><F42/><W105/><G117/><T115/><D115/><U33/><E114/><V79/><F79/><W5/><G134/><T64/><D64/><U120/><E74/><V135/><F135/><W62/><G2/><T88/><D116/><U36/><E36/><V89/><F51/><W83/><G5/><T4/><D46/><U128/><E48/><V53/><F53/><W125/><G110/><T100/><D31/><U43/><E43/><V133/><F133/><W21/><G21/><T44/><D44/><N who="1" m="16971" /><E17/><V123/><F1/><W108/><G49/><T41/><D41/><U121/><E10/><V94/><F112/><W111/><G125/><T106/><D90/><U40/><E40/><V80/><F113/><W60/><G58/><T20/><REACH who="0" step="1"/><D15/><REACH who="0" ten="209,230,242,309" step="2"/><U130/><E24/><V92/><F89/><W56/><G108/><T55/><D55/><U103/><E27/><V59/><F91/><W14/><G111/><T78/><D78/><U16/><E109/><V3/><F3/><W86/><G14/><T39/><D39/><U102/><E120/><V77/><F123/><W30/><G30/><T72/><D72/><U57/><E121/><V69/><F0/><W76/><G76/><T26/><D26/><U122/><E122/><V29/><F67/><W99/><G70/><T119/><D119/><U22/><E103/><N who="2" m="60807" /><F69/><W129/><G101/><T87/><D87/><U8/><E102/><RYUUKYOKU ba="0,1" sc="209,30,230,-10,242,-10,309,-10" hai0="4,6,11,12,13,18,19,20,85,88,97,100,106" /><INIT seed="3,1,1,5,0,135" ten="239,220,232,299" oya="3" hai0="41,61,131,119,47,51,50,26,102,55,111,43,91" hai1="106,74,66,33,96,46,71,25,11,5,127,59,54" hai2="8,133,85,62,114,39,38,81,109,108,18,79,118" hai3="1,27,19,110,77,94,95,90,35,117,21,6,78"/><W4/><G117/><T31/><D119/><U13/><E74/><V30/><F118/><W128/><G128/><T58/><D111/><N who="2" m="42570" /><F133/><W24/><G110/><T124/><D102/><N who="1" m="62791" /><E46/><V80/><F114/><W15/><G1/><T0/><D0/><U98/><E98/><V64/><F30/><W72/><G72/><T53/><D131/><U122/><E122/><V12/><F81/><W130/><G130/><T129/><D129/><U69/><E69/><AGARI ba="1,1" hai="8,12,18,38,39,62,64,69,79,80,85" m="42570" machi="69" ten="30,1000,0" yaku="14,1" doraHai="135" who="2" fromWho="1" sc="239,0,220,-13,232,23,299,0" /><INIT seed="4,0,0,0,2,120" ten="239,207,255,299" oya="0" hai0="87,51,33,6,9,50,92,79,60,91,12,72,16" hai1="135,126,49,63,43,24,122,38,74,37,113,44,59" hai2="56,88,3,53,100,125,108,70,41,29,128,130,64" hai3="66,132,14,117,105,118,129,31,133,121,127,75,65"/><T109/><D33/><U84/><E74/><V95/><F3/><W40/><G121/><T76/><D109/><U99/><E122/><V61/><F100/><W58/><G75/><T22/><D60/><U13/><E135/><N who="3" m="51786" /><G105/><T106/><D106/><U1/><E1/><V62/><F41/><W89/><G129/><N who="2" m="49769" /><F29/><W20/><G127/><T110/><D110/><U102/><E126/><V83/><F83/><W131/><G131/><T85/><D72/><U0/><E0/><V8/><F8/><W97/><G40/><T25/><REACH who="0" step="1"/><D87/><REACH who="0" ten="229,207,255,299" step="2"/><U36/><E84/><N who="2" m="52615" /><F125/><W5/><G118/><T116/><D116/><U81/><E81/><V47/><F108/><W10/><G117/><T18/><D18/><U90/><E63/><V77/><F62/><W42/><G5/><T111/><D111/><U104/><E113/><V21/><F61/><W30/><G30/><T86/><D86/><U123/><E123/><V93/><F64/><W54/><G66/><T2/><D2/><U98/><E98/><V57/><F70/><W52/><G65/><T55/><D55/><U19/><E19/><V26/><F53/><W48/><G54/><T35/><D35/><U78/><E104/><V27/><F57/><W103/><G31/><T73/><D73/><U82/><E59/><V124/><F56/><W7/><G58/><T32/><D32/><U71/><E71/><V28/><F124/><W39/><G52/><T68/><D68/><U112/><E112/><V134/><F134/><W96/><G96/><T80/><D80/><U119/><E99/><V69/><F69/><W46/><G97/><RYUUKYOKU ba="0,1" sc="229,30,207,-10,255,-10,299,-10" hai0="6,9,12,16,22,25,50,51,76,79,85,91,92" /><INIT seed="4,1,1,0,1,82" ten="259,197,245,289" oya="0" hai0="84,29,134,99,9,1,93,133,18,78,104,46,130" hai1="118,70,69,110,8,126,24,116,34,31,132,20,127" hai2="96,66,73,91,124,108,48,62,59,67,19,117,11" hai3="45,22,54,12,113,122,102,50,10,77,120,119,37"/><T111/><D104/><U33/><E70/><V16/><F73/><W53/><G119/><N who="1" m="45610" /><E69/><V135/><F117/><W55/><G113/><T51/><D29/><U32/><E110/><V61/><F108/><W35/><G35/><T74/><D74/><U43/><E43/><V95/><F124/><N who="1" m="47657" /><E8/><V71/><F135/><AGARI ba="1,1" hai="20,24,31,32,33,34,132,135" m="47657,45610" machi="135" ten="40,5200,0" yaku="18,1,34,2" doraHai="82" who="1" fromWho="2" sc="259,0,197,65,245,-55,289,0" /><INIT seed="5,0,0,5,5,128" ten="259,262,190,289" oya="1" hai0="50,82,26,13,46,101,19,57,116,36,18,62,1" hai1="8,15,81,71,2,23,109,20,12,37,65,55,58" hai2="53,73,32,93,48,54,90,95,66,134,115,84,31" hai3="7,21,85,130,80,10,16,131,103,91,0,9,28"/><U39/><E2/><V107/><F107/><W11/><G28/><T60/><D1/><U106/><E106/><V126/><F73/><W67/><G103/><T44/><D101/><U102/><E102/><V121/><F121/><W69/><G67/><T89/><D36/><U59/><E109/><V40/><F126/><W72/><G69/><T110/><D110/><U124/><E124/><V47/><F115/><W135/><G135/><T132/><D132/><U27/><E71/><V30/><F32/><W33/><G33/><T104/><D104/><U29/><E65/><V123/><F123/><W42/><G42/><T51/><D26/><U120/><E120/><V4/><F66/><W5/><G72/><T119/><D57/><U78/><E20/><V113/><F113/><W125/><G125/><T77/><D89/><U34/><E34/><V45/><F134/><W74/><G74/><T3/><D3/><U25/><E25/><V129/><F129/><N who="3" m="49163" /><G7/><T112/><D112/><U99/><E99/><V122/><F122/><W41/><G41/><T56/><D13/><AGARI ba="0,0" hai="0,5,9,10,11,13,16,21,80,85,91" m="49163" machi="13" ten="30,2000,0" yaku="19,1,54,1" doraHai="128" who="3" fromWho="0" sc="259,-20,262,0,190,0,289,20" owari="239,-16.0,262,6.0,190,-31.0,309,41.0" /></mjloggm>