<mjloggm ver="2.3"><GO type="41" lobby="0"/><UN n0="%E3%82%A6%E3%83%AB%E3%83%88%E3%83%A9%E7%AB%8B%E7%9B%B4" n1="%62%72%6F%6B%65%6E" n2="%4D%41%52%4D%41%4E" n3="%75%6E%69%6B%69%63%68%69" dan="15,13,14,13" rate="1961.40,1809.70,2014.19,1818.22" sx="M,M,M,M"/><TAIKYOKU oya="0"/><INIT seed="0,0,0,3,0,130" ten="250,250,250,250" oya="0" hai0="68,102,135,106,116,104,4,15,123,84,66,83,34" hai1="38,0,39,44,33,133,67,12,16,76,19,72,94" hai2="57,20,32,108,35,29,110,11,91,92,18,5,121" hai3="99,85,52,97,82,119,23,46,74,113,2,59,54"/><T65/><D123/><U131/><E131/><V112/><F121/><W45/><G2/><T28/><D116/><U103/><E0/><V37/><F37/><W62/><G119/><T25/><D15/><U24/><E67/><V134/><F112/><W101/><G74/><T63/><D4/><U95/><E72/><V122/><F122/><W41/><G113/><T53/><D66/><U105/><E76/><V90/><F57/><W6/><G6/><T61/><D61/><U64/><E64/><V13/><F91/><W9/><G9/><T111/><D53/><U30/><E105/><V109/><F90/><W10/><G10/><T42/><D42/><U89/><E103/><V78/><F92/><W21/><G54/><T40/><D40/><U132/><E44/><V22/><F78/><W7/><G7/><T1/><D1/><U48/><E48/><V71/><F71/><W114/><G114/><T127/><D104/><U86/><E95/><V77/><F77/><W126/><G101/><T115/><D115/><U124/><E124/><V58/><F58/><W75/><G75/><T55/><D55/><U47/><E47/><V31/><F22/><W26/><G46/><T36/><D127/><U100/><E19/><V51/><F51/><N who="3" m="27055" /><G126/><T129/><D129/><U17/><E17/><V8/><F11/><W73/><G73/><T81/><D36/><U107/><E100/><V69/><F69/><W3/><G3/><T128/><D128/><U93/><E107/><V88/><F5/><W14/><G14/><T27/><D102/><U50/><E50/><V56/><F8/><RYUUKYOKU ba="0,0" sc="250,0,250,0,250,0,250,0" /><INIT seed="1,1,0,1,1,38" ten="250,250,250,250" oya="1" hai0="69,18,55,84,71,100,34,86,81,135,83,10,64" hai1="61,107,112,85,115,93,108,90,113,26,130,40,19" hai2="54,60,0,57,79,88,121,51,58,47,99,76,75" hai3="45,48,132,105,2,87,37,119,97,21,65,117,35"/><U74/><E74/><V116/><F121/><W33/><G2/><T16/><D34/><U80/><E107/><V102/><F0/><W39/><G65/><T42/><D100/><U129/><E61/><V41/><F116/><N who="3" m="44619" /><G87/><T62/><D135/><U120/><E26/><V7/><F75/><W66/><G66/><T27/><D55/><U44/><E19/><V4/><F7/><W50/><G132/><T9/><D64/><U56/><E56/><V92/><F4/><W29/><G21/><T25/><REACH who="0" step="1"/><D62/><REACH who="0" ten="240,250,250,250" step="2"/><U67/><E67/><V28/><F58/><W104/><G29/><T101/><D101/><U125/><E120/><V3/><F28/><W23/><G35/><T32/><D32/><U131/><E108/><V5/><F102/><W17/><G33/><T94/><D94/><U31/><E31/><V128/><REACH who="2" step="1"/><F128/><REACH who="2" ten="240,250,240,250" step="2"/><W22/><G105/><T72/><D72/><U114/><E114/><V59/><F59/><W36/><G104/><T133/><D133/><U43/><E44/><V89/><F89/><W12/><G45/><T52/><D52/><U68/><E68/><V95/><F95/><W8/><G97/><T63/><D63/><U73/><E73/><V20/><F20/><W127/><G23/><T123/><D123/><U6/><E115/><V78/><F78/><W1/><G22/><T11/><D11/><AGARI ba="1,2" hai="3,5,11,41,47,51,54,57,60,76,79,88,92,99" machi="11" ten="40,5200,0" yaku="1,1,52,1,54,1,53,0" doraHai="38" doraHaiUra="98" who="2" fromWho="0" sc="240,-55,250,0,240,75,250,0" /><INIT seed="2,0,0,1,4,86" ten="185,250,315,250" oya="2" hai0="5,76,50,16,52,31,83,116,80,109,99,59,100" hai1="66,1,95,45,61,70,74,23,51,89,91,92,15" hai2="87,98,105,41,47,64,3,14,37,62,102,118,17" hai3="38,54,58,65,69,2,9,88,96,130,29,53,78"/><V126/><F3/><W117/><G38/><T132/><D116/><U46/><E1/><V103/><F126/><W135/><G117/><T110/><D31/><U35/><E35/><V124/><F124/><W55/><G69/><T33/><D5/><U129/><E129/><V134/><F118/><W4/><G78/><T10/><D33/><U43/><E74/><V121/><F121/><W107/><G130/><T60/><D60/><U22/><E15/><V68/><F134/><W94/><G135/><T26/><D132/><U104/><E104/><V79/><F103/><W128/><G128/><T27/><D27/><U13/><E13/><V25/><F25/><W122/><G122/><T84/><D80/><U18/><E18/><V19/><F14/><W30/><G107/><T63/><D63/><U57/><E70/><V12/><F12/><W32/><G32/><T34/><D10/><U120/><E46/><V90/><F79/><W114/><G114/><T93/><REACH who="0" step="1"/><D34/><REACH who="0" ten="175,250,315,250" step="2"/><U106/><E120/><V73/><REACH who="2" step="1"/><F73/><REACH who="2" ten="175,250,305,250" step="2"/><W72/><G72/><T71/><D71/><U77/><E77/><V127/><F127/><W8/><G2/><T0/><D0/><U39/><E106/><V125/><F125/><W123/><G123/><T67/><D67/><U81/><E66/><V20/><F20/><AGARI ba="0,2" hai="16,20,26,50,52,59,76,83,84,93,99,100,109,110" machi="20" ten="40,5200,0" yaku="1,1,54,2,53,0" doraHai="86" doraHaiUra="101" who="0" fromWho="2" sc="175,72,250,0,305,-52,250,0" /><INIT seed="3,0,0,4,2,95" ten="247,250,253,250" oya="3" hai0="80,103,78,101,11,50,5,132,37,24,110,46,115" hai1="27,82,105,109,90,20,131,69,22,123,93,15,34" hai2="21,121,100,23,35,122,33,81,128,87,74,119,89" hai3="52,28,86,57,62,117,18,42,91,16,113,130,98"/><W84/><G117/><T114/><D24/><U12/><E123/><V41/><F119/><W92/><G113/><T102/><D132/><U112/><E112/><V94/><F41/><W4/><G28/><T116/><D116/><U134/><E134/><V47/><F47/><W7/><G42/><T124/><D124/><U17/><E105/><V83/><F23/><W133/><G133/><T67/><D67/><U29/><E69/><V85/><F21/><W118/><G118/><T61/><D61/><U111/><E82/><V55/><F55/><W25/><G130/><T108/><D114/><U48/><E48/><V40/><F40/><W9/><G25/><T107/><D115/><U125/><E125/><V106/><F33/><W71/><G71/><T63/><D63/><U8/><E131/><V0/><F35/><W68/><G68/><T59/><D59/><U44/><E44/><V126/><F0/><W72/><G72/><T1/><D50/><U97/><REACH who="1" step="1"/><E15/><REACH who="1" ten="247,240,253,250" step="2"/><V49/><F49/><W79/><G79/><T127/><D127/><U120/><E120/><N who="2" m="46187" /><F126/><W70/><G70/><T14/><D14/><U10/><E10/><V76/><F128/><W77/><G9/><T66/><D46/><U36/><E36/><V54/><F106/><W56/><G57/><T51/><D51/><U32/><E32/><V2/><F2/><W64/><G56/><T31/><D37/><U129/><E129/><V45/><F45/><W75/><G75/><N who="0" m="43103" /><D107/><U30/><E30/><V96/><F54/><W58/><G52/><T43/><D43/><U60/><E60/><V88/><F74/><RYUUKYOKU ba="0,1" sc="247,-15,240,15,253,15,250,-15" hai1="8,12,17,20,22,27,29,34,90,93,97,109,111" hai2="76,81,83,85,87,88,89,94,96,100" /><INIT seed="4,1,1,2,0,92" ten="232,255,268,235" oya="0" hai0="41,129,52,72,109,118,128,1,81,108,27,67,89" hai1="50,6,31,15,21,83,100,134,135,37,73,23,88" hai2="10,36,112,113,130,45,86,121,62,94,49,69,16" hai3="85,7,61,0,124,80,127,131,11,110,120,104,78"/><T8/><D41/><U58/><E37/><V22/><F121/><W79/><G120/><T74/><D67/><U13/><E100/><V28/><F36/><W34/><G34/><T57/><D27/><U38/><E38/><V105/><F105/><W14/><G104/><T96/><D8/><U70/><E70/><V54/><F28/><W126/><G110/><N who="0" m="42603" /><D1/><U42/><E73/><N who="0" m="28265" /><D118/><U56/><E56/><V5/><F130/><W30/><G30/><T33/><D33/><U20/><E31/><V63/><F112/><W66/><G79/><T59/><D59/><U103/><E103/><V47/><F113/><W48/><G48/><N who="0" m="30855" /><D81/><U18/><E6/><V115/><F115/><W95/><G95/><AGARI ba="1,1" hai="89,95,96,128,129" m="30855,28265,42603" machi="95" ten="40,7700,0" yaku="10,1,52,1,54,1" doraHai="92" who="0" fromWho="3" sc="232,90,255,0,268,0,235,-80" /><INIT seed="4,2,0,4,4,87" ten="322,255,268,155" oya="0" hai0="10,108,55,49,4,128,126,81,29,74,70,112,17" hai1="40,117,16,58,38,99,2,41,69,18,12,23,86" hai2="94,35,52,25,134,104,118,125,60,57,44,65,111" hai3="47,11,59,45,78,129,1,122,6,96,113,110,20"/><T120/><D70/><U131/><E117/><V91/><F104/><W123/><G110/><T124/><D29/><U36/><E2/><V115/><F111/><W130/><G78/><T85/><D74/><U43/><E69/><V103/><F115/><W83/><G83/><T28/><D28/><U75/><E75/><V95/><F118/><W62/><G96/><T33/><D33/><U48/><E131/><N who="3" m="50186" /><G20/><T116/><D116/><U98/><E86/><V121/><F121/><N who="3" m="46091" /><G113/><T135/><D17/><U101/><E58/><V3/><F3/><W106/><G106/><T100/><D100/><U54/><E98/><V67/><F103/><W71/><G71/><T5/><D120/><U82/><E82/><V19/><F35/><W68/><G68/><T51/><D128/><U46/><REACH who="1" step="1"/><E18/><REACH who="1" ten="322,245,268,155" step="2"/><V26/><F19/><W34/><G34/><T76/><D108/><U7/><E7/><V72/><F72/><W61/><G59/><T80/><D112/><U77/><E77/><V114/><F114/><W24/><G24/><T97/><D97/><U133/><E133/><V0/><F25/><W132/><G132/><T107/><D135/><U9/><E9/><V66/><F134/><W42/><G47/><T79/><D10/><U105/><AGARI ba="2,1" hai="12,16,23,36,38,40,41,43,46,48,54,99,101,105" machi="105" ten="30,12000,2" yaku="1,1,0,1,54,1,53,3" doraHai="87" doraHaiUra="39" who="1" fromWho="1" sc="322,-62,245,136,268,-32,155,-32" /><INIT seed="5,0,0,2,4,1" ten="260,381,236,123" oya="1" hai0="81,120,5,102,36,116,10,13,134,89,85,100,7" hai1="122,22,119,19,133,127,32,39,2,25,9,123,57" hai2="45,131,16,23,112,84,28,79,55,111,3,98,97" hai3="86,125,33,87,90,24,106,95,56,117,14,78,37"/><U46/><E39/><V93/><F111/><W128/><G37/><T63/><D36/><U18/><E46/><V62/><F131/><W83/><G128/><T40/><D40/><U17/><E57/><V26/><F3/><W91/><G106/><T35/><D35/><U104/><E104/><V27/><F112/><W94/><G125/><T11/><D116/><U135/><E119/><V61/><F79/><W72/><G117/><T8/><D134/><N who="1" m="51211" /><E32/><V80/><F97/><W101/><G101/><T66/><D120/><N who="1" m="46123" /><E127/><V42/><F84/><W15/><G56/><T121/><D121/><U75/><E75/><V53/><F80/><W43/><G43/><T103/><REACH who="0" step="1"/><D13/><REACH who="0" ten="250,381,236,123" step="2"/><U99/><E99/><V50/><F27/><W113/><G113/><T92/><D92/><U110/><E110/><V70/><F42/><W109/><G109/><T126/><D126/><U124/><E124/><V77/><F93/><W118/><G118/><T6/><D6/><AGARI ba="0,1" hai="2,6,9,17,18,19,22,25" m="46123,51211" machi="6" ten="30,11600,0" yaku="20,1,34,2,52,1" doraHai="1" who="1" fromWho="0" sc="250,-116,381,126,236,0,123,0" /><INIT seed="5,1,0,4,5,126" ten="134,507,236,123" oya="1" hai0="32,129,63,13,44,130,127,83,74,79,88,20,1" hai1="58,72,36,8,4,7,123,104,39,102,3,121,87" hai2="78,59,128,17,67,105,0,114,135,122,96,22,82" hai3="52,33,119,94,100,113,132,43,55,65,107,14,118"/><U19/><E72/><V93/><F105/><W25/><G107/><T57/><D32/><U23/><E7/><V46/><F0/><W24/><G43/><T50/><D1/><U73/><E73/><V61/><F122/><W120/><G120/><T117/><D117/><N who="3" m="44553" /><G65/><T29/><D127/><U131/><E131/><N who="0" m="50185" /><D88/><U133/><E133/><V48/><F128/><W68/><G68/><T81/><D81/><U34/><E34/><V110/><F110/><W40/><G40/><N who="0" m="24839" /><D13/><U42/><E87/><V54/><F135/><W92/><G113/><T37/><D37/><U31/><E31/><V62/><F114/><W115/><G115/><T5/><D5/><U56/><E123/><V84/><F67/><W6/><G132/><T70/><D70/><U11/><E121/><V41/><F41/><W106/><G106/><T15/><D15/><U9/><E42/><V2/><F2/><W112/><G112/><T98/><D98/><U97/><E39/><V71/><F71/><W49/><G14/><T53/><D29/><U64/><E36/><V103/><F46/><W134/><G134/><T80/><D80/><U91/><E91/><V12/><AGARI ba="1,0" hai="12,17,22,48,54,59,61,62,78,82,84,93,96,103" machi="12" ten="20,2700,0" yaku="0,1,7,1,8,1" doraHai="126" who="2" fromWho="2" sc="134,-8,507,-14,236,30,123,-8" /><INIT seed="6,0,0,4,3,62" ten="126,493,266,115" oya="2" hai0="112,116,135,73,37,80,119,11,74,120,15,121,83" hai1="43,44,76,78,87,41,38,117,82,26,132,100,3" hai2="12,114,33,19,5,115,101,50,77,130,93,109,17" hai3="89,104,129,95,125,52,98,131,58,51,64,10,29"/><V22/><F33/><W54/><G29/><T108/><D15/><U111/><E111/><V123/><F123/><N who="0" m="47178" /><D11/><U2/><E117/><N who="0" m="45129" /><D37/><U94/><E43/><V1/><F109/><W99/><G10/><T122/><N who="0" m="47186" /><T55/><DORA hai="47" /><D55/><U7/><E132/><V8/><F77/><W39/><G39/><T63/><D63/><U0/><E7/><V70/><F70/><W65/><G125/><T69/><D69/><U6/><E6/><V23/><F130/><N who="3" m="49675" /><G54/><T40/><D40/><U42/><E42/><V103/><F50/><W107/><G99/><T16/><D16/><U35/><E35/><V24/><F93/><W48/><G48/><T66/><D66/><AGARI ba="0,0" hai="51,52,58,64,65,66,89,95,98,104,107" m="49675" machi="66" ten="30,12000,2" yaku="19,1,52,4,54,1" doraHai="62,47" who="3" fromWho="0" sc="126,-120,493,0,266,0,115,120" /><INIT seed="7,0,0,5,1,104" ten="6,493,266,235" oya="3" hai0="111,54,88,5,108,85,32,39,18,105,70,77,42" hai1="89,91,112,48,37,71,61,20,36,17,126,0,124" hai2="103,57,82,75,65,80,117,55,51,31,23,123,53" hai3="59,62,94,101,98,10,120,13,34,81,60,95,134"/><W44/><G34/><T30/><D105/><U97/><E0/><V106/><F117/><W74/><G120/><T131/><D70/><U133/><E133/><V68/><F123/><W8/><G134/><T84/><D30/><U64/><E112/><V96/><F68/><W73/><G95/><T2/><D32/><U78/><E78/><V50/><F65/><W119/><G119/><T25/><D18/><U93/><E91/><V87/><F75/><W27/><G27/><T9/><D25/><U1/><E1/><V12/><F31/><W92/><G92/><T33/><D54/><U35/><E48/><V114/><F114/><W24/><G24/><T100/><D131/><U22/><E35/><V127/><F127/><N who="1" m="48681" /><E22/><V79/><F82/><W6/><G81/><T4/><D42/><U135/><E135/><V110/><F110/><W26/><G26/><AGARI ba="0,0" hai="17,20,26,36,37,61,64,71,89,93,97" m="48681" machi="26" ten="30,1000,0" yaku="18,1" doraHai="104" who="1" fromWho="3" sc="6,0,493,10,266,0,235,-10" owari="6,-49.0,503,59.0,266,7.0,225,-17.0" /></mjloggm>