<mjloggm ver="2.3"><GO type="41" lobby="0"/><UN n0="%E3%82%A6%E3%83%AB%E3%83%88%E3%83%A9%E7%AB%8B%E7%9B%B4" n1="%E6%AF%92%E9%A4%85" n2="%6D%73%6F" n3="%E3%82%AE%E3%83%A5%E3%83%8D" dan="16,14,14,14" rate="2046.30,1990.57,1946.42,1916.85" sx="M,F,M,M"/><TAIKYOKU oya="0"/><INIT seed="0,0,0,0,3,62" ten="250,250,250,250" oya="0" hai0="64,99,110,37,56,128,90,59,16,100,85,84,112" hai1="130,106,13,28,5,93,121,17,91,95,129,113,135" hai2="104,94,77,30,51,0,70,52,15,96,6,119,50" hai3="57,126,81,131,92,83,72,89,98,43,67,134,10"/><T60/><D37/><U61/><E121/><V41/><F104/><W44/><G72/><T45/><D112/><U40/><E113/><V75/><F0/><W120/><G120/><T116/><D116/><U115/><E115/><V125/><F30/><W24/><G126/><T12/><D128/><N who="1" m="49259" /><E106/><V68/><F125/><W73/><G131/><T33/><D33/><U133/><E28/><V80/><F119/><W88/><G73/><T108/><D45/><U11/><E40/><V9/><F41/><W66/><G81/><T117/><D117/><U114/><E61/><V65/><F65/><N who="3" m="24587" /><G57/><T27/><D59/><U35/><E35/><V4/><F4/><W132/><G10/><T46/><D46/><U97/><E95/><V38/><F38/><N who="3" m="21623" /><G83/><T22/><D27/><U31/><E31/><V23/><F23/><W55/><G24/><T49/><D49/><U118/><E118/><V69/><F51/><W47/><G47/><T82/><REACH who="0" step="1"/><D85/><REACH who="0" ten="240,250,250,250" step="2"/><U34/><E34/><V42/><F70/><W19/><G55/><T58/><D58/><U8/><E114/><V105/><F69/><W78/><G78/><T14/><D14/><AGARI ba="0,1" hai="5,8,11,13,14,17,91,93,97,133,135" m="49259" machi="14" ten="30,1000,0" yaku="19,1" doraHai="62" who="1" fromWho="0" sc="240,-10,250,20,250,0,250,0" /><INIT seed="1,0,0,2,5,69" ten="230,270,250,250" oya="1" hai0="76,119,47,98,100,54,3,66,99,61,59,73,134" hai1="116,133,75,35,25,45,38,11,20,2,118,27,85" hai2="13,120,106,29,21,18,15,12,121,56,135,48,96" hai3="32,23,78,104,40,107,86,127,91,122,37,128,19"/><U92/><E133/><V71/><F71/><W1/><G122/><T132/><D3/><U14/><E2/><V34/><F106/><W41/><G32/><T57/><D119/><U130/><E75/><V68/><F68/><W46/><G1/><T6/><D6/><U123/><E123/><V77/><F77/><W42/><G78/><T31/><D98/><U80/><E130/><V131/><F96/><W44/><G127/><T8/><D8/><U0/><E0/><V88/><F135/><W124/><G42/><T17/><D17/><U111/><E111/><V125/><F125/><W87/><G124/><T72/><D72/><U33/><E92/><V58/><F131/><W4/><G4/><T90/><D90/><U55/><E27/><V67/><F29/><W110/><G110/><T81/><D31/><U22/><E22/><V74/><F74/><W109/><G109/><T97/><D97/><U26/><E26/><V65/><F34/><W115/><G128/><T126/><D126/><U36/><E35/><V5/><F5/><W105/><G115/><T89/><D89/><N who="1" m="51367" /><E33/><V93/><F120/><W62/><G62/><T108/><D108/><U9/><E9/><V49/><F121/><W117/><G117/><T39/><D134/><U94/><E94/><V95/><F15/><W103/><G103/><T112/><D132/><U52/><E118/><V43/><F21/><W53/><G91/><T83/><D112/><U28/><E116/><V70/><F70/><W16/><G53/><T79/><D54/><N who="1" m="20523" /><E45/><V101/><F18/><N who="3" m="6699" /><G23/><T60/><D47/><U64/><E64/><RYUUKYOKU ba="0,0" sc="230,-15,270,15,250,-15,250,15" hai1="11,14,20,25,28,36,38" hai3="37,40,41,44,46,86,87,104,105,107" /><INIT seed="1,1,0,2,4,82" ten="215,285,235,265" oya="1" hai0="105,17,91,4,54,90,120,100,10,133,96,130,48" hai1="94,39,77,36,92,103,126,15,66,106,63,115,95" hai2="79,97,121,109,50,1,28,131,116,34,72,43,25" hai3="127,75,32,76,55,62,71,8,61,107,88,101,129"/><U102/><E115/><V30/><F121/><W64/><G32/><T26/><D120/><U84/><E126/><V86/><F116/><W40/><G127/><T81/><D130/><U125/><E125/><V117/><F117/><W20/><G129/><T60/><D133/><U57/><E15/><V21/><F131/><W9/><G40/><T108/><D108/><U124/><E124/><V99/><F72/><W11/><G101/><T24/><D60/><U87/><E77/><V135/><F1/><W47/><G107/><T45/><D91/><U42/><E42/><V98/><F135/><W118/><G118/><T44/><D44/><U23/><E23/><V85/><F79/><W13/><G75/><T53/><D53/><U41/><E41/><V19/><F109/><W52/><G76/><T51/><D51/><U56/><E56/><V128/><F128/><W33/><G33/><T12/><REACH who="0" step="1"/><D4/><REACH who="0" ten="205,285,235,265" step="2"/><U112/><E112/><V37/><F37/><W119/><G119/><T67/><D67/><U113/><E113/><V69/><F34/><W123/><G123/><T89/><D89/><U22/><E36/><V14/><F69/><W83/><G47/><T2/><D2/><U29/><E39/><V49/><F49/><W104/><G61/><T110/><D110/><U58/><E58/><V132/><F132/><W122/><G122/><T68/><D68/><U5/><E5/><V74/><F74/><W0/><G0/><T27/><D27/><N who="1" m="16631" /><E106/><V93/><F25/><W114/><G104/><T31/><D31/><N who="2" m="11818" /><F93/><W18/><G114/><T78/><D78/><U7/><E7/><RYUUKYOKU ba="1,1" sc="205,0,285,0,235,0,265,0" hai0="10,12,17,24,26,45,48,54,81,90,96,100,105" hai1="57,63,66,84,87,92,94,95,102,103" hai2="14,19,21,43,50,85,86,97,98,99" hai3="8,9,11,13,18,20,52,55,62,64,71,83,88" /><INIT seed="1,2,1,5,5,25" ten="205,285,235,265" oya="1" hai0="60,39,56,48,119,0,41,106,24,125,16,96,73" hai1="17,84,110,50,117,77,103,97,120,105,47,94,40" hai2="80,9,95,11,75,46,130,81,34,67,26,30,2" hai3="66,100,65,115,58,85,126,74,109,118,133,32,62"/><U36/><E117/><V21/><F67/><W116/><G115/><T104/><D119/><N who="3" m="45609" /><G74/><T63/><D0/><U111/><E120/><V113/><F113/><W31/><G100/><T55/><D73/><U134/><E134/><V19/><F75/><W44/><G133/><T129/><D125/><U87/><E17/><V127/><F127/><W51/><G126/><T121/><D121/><U93/><E36/><V108/><F108/><N who="1" m="41513" /><E77/><V20/><F130/><W57/><G85/><AGARI ba="2,1" hai="40,47,50,84,85,87,93,94,97,103,105" m="41513" machi="85" ten="30,2900,0" yaku="14,1,10,1" doraHai="25" who="1" fromWho="3" sc="205,0,285,45,235,0,265,-35" /><INIT seed="1,3,0,5,1,96" ten="205,330,235,230" oya="1" hai0="37,97,70,18,125,44,47,85,2,81,79,78,40" hai1="83,80,55,118,53,22,129,100,122,67,17,24,19" hai2="73,30,101,13,93,88,4,46,34,12,38,72,65" hai3="64,63,133,87,110,59,39,16,26,76,89,115,42"/><U104/><E122/><V1/><F1/><W71/><G115/><T111/><D125/><U117/><E129/><V54/><F34/><W109/><G76/><T95/><D70/><U84/><E118/><V116/><F116/><W43/><G133/><T28/><D111/><N who="3" m="42505" /><G39/><T128/><D128/><U8/><E117/><V77/><F30/><W86/><G71/><T107/><D107/><U14/><E67/><V124/><F124/><W36/><G36/><T56/><D2/><U134/><E134/><V49/><F65/><W121/><G121/><T82/><D28/><U5/><E19/><V57/><F38/><W61/><G61/><T92/><D56/><U99/><REACH who="1" step="1"/><E80/><REACH who="1" ten="205,320,235,230" step="2"/><V48/><F4/><W126/><G126/><T132/><D132/><U52/><E52/><V103/><F77/><AGARI ba="3,1" hai="5,8,14,17,22,24,53,55,77,83,84,99,100,104" machi="77" ten="30,5800,0" yaku="1,1,7,1,52,1,53,0" doraHai="96" doraHaiUra="58" who="1" fromWho="2" sc="205,0,320,77,235,-67,230,0" /><INIT seed="1,4,0,2,4,57" ten="205,397,168,230" oya="1" hai0="5,14,113,104,92,58,100,118,88,39,43,127,74" hai1="30,95,93,72,40,129,1,111,121,22,80,63,75" hai2="37,45,10,128,47,35,99,130,68,7,119,76,94" hai3="9,51,54,135,90,105,103,106,112,3,101,122,69"/><U33/><E1/><N who="2" m="367" /><F45/><W56/><G122/><T46/><D118/><U32/><E121/><V0/><F76/><W29/><G112/><T27/><D113/><U102/><E40/><N who="2" m="22927" /><F94/><W120/><G120/><T25/><D74/><U65/><E75/><V87/><F99/><W8/><G69/><T16/><D127/><U53/><E72/><V18/><F87/><W83/><G135/><T98/><D5/><U73/><E73/><V124/><F18/><W6/><G29/><T61/><D104/><U41/><E80/><V84/><F84/><W123/><G123/><T133/><D100/><U85/><E93/><V115/><F119/><W19/><G83/><T134/><D134/><U12/><E95/><V126/><F115/><W71/><G71/><T23/><D133/><U60/><E85/><V109/><F68/><W86/><G103/><T117/><D117/><U52/><E102/><V31/><F109/><W15/><G101/><T36/><D36/><U89/><E89/><V20/><F20/><W55/><G86/><T50/><D39/><U70/><E70/><V107/><F107/><W78/><G90/><T24/><D14/><U96/><E12/><V48/><F48/><W64/><G78/><T21/><D21/><U108/><E96/><V125/><F0/><W34/><G34/><T97/><D97/><U42/><E33/><V114/><F114/><W132/><G132/><T59/><D59/><U11/><E32/><V67/><F67/><AGARI ba="4,0" hai="16,23,24,25,27,43,46,50,58,61,67,88,92,98" machi="67" ten="30,8000,1" yaku="7,1,8,1,52,1,54,2" doraHai="57" who="0" fromWho="2" sc="205,92,397,0,168,-92,230,0" /><INIT seed="2,0,0,4,4,129" ten="297,397,76,230" oya="2" hai0="66,108,55,0,11,114,4,115,20,61,6,86,37" hai1="39,131,32,99,43,110,95,90,3,85,42,116,123" hai2="78,31,76,77,12,121,24,100,75,59,69,26,89" hai3="67,29,130,97,35,62,104,93,49,15,9,94,51"/><V72/><F121/><W107/><G130/><T46/><D108/><U113/><E110/><V17/><F69/><W126/><G126/><T22/><D6/><U91/><E32/><V7/><F100/><W106/><G29/><T132/><D22/><U44/><E3/><V84/><F7/><W128/><G35/><T70/><D20/><U83/><E123/><V73/><F59/><W68/><G128/><T92/><D92/><U88/><E116/><V118/><F31/><W41/><G41/><T117/><D86/><U21/><E131/><V47/><F47/><W30/><G30/><T28/><D28/><U27/><E43/><V14/><F118/><W111/><G111/><T71/><D71/><U52/><E52/><V8/><REACH who="2" step="1"/><F12/><REACH who="2" ten="297,397,66,230" step="2"/><W82/><G104/><T54/><D117/><U79/><E113/><V10/><F10/><W45/><G106/><T50/><D114/><U122/><E122/><V120/><F120/><W57/><G45/><T36/><D115/><U16/><AGARI ba="0,1" hai="16,21,27,39,42,44,79,83,85,88,90,91,95,99" machi="16" ten="20,5200,0" yaku="0,1,7,1,54,2" doraHai="129" who="1" fromWho="1" sc="297,-13,397,62,66,-26,230,-13" /><INIT seed="3,0,0,2,4,103" ten="284,459,40,217" oya="3" hai0="100,2,51,20,29,38,83,49,122,125,13,115,42" hai1="104,63,8,92,54,132,80,79,101,124,99,87,94" hai2="44,90,75,68,62,117,81,96,73,32,9,113,34" hai3="11,67,48,33,60,61,26,98,0,6,52,57,111"/><W66/><G111/><T30/><D2/><U22/><E132/><V7/><F117/><W45/><G33/><T131/><D122/><U118/><E124/><V14/><F113/><W28/><G28/><T107/><D38/><U69/><E118/><V70/><F75/><W106/><G26/><T27/><D125/><U58/><E69/><V31/><F62/><W74/><G74/><T18/><D131/><U119/><E119/><V135/><F135/><W40/><G98/><T55/><D115/><U114/><E114/><V110/><F110/><W16/><G16/><T126/><D126/><U76/><E76/><V133/><F133/><W46/><G106/><T127/><D127/><U121/><E121/><V35/><F31/><W82/><G82/><T105/><D30/><U93/><E22/><V120/><F120/><W123/><G123/><T36/><D100/><U89/><E8/><V12/><F44/><W53/><REACH who="3" step="1"/><G61/><REACH who="3" ten="284,459,40,207" step="2"/><T78/><D105/><U102/><E104/><V130/><F73/><W77/><G77/><T116/><D107/><U134/><E134/><V37/><F96/><W128/><G128/><T112/><D116/><U64/><E99/><V47/><F130/><W65/><G65/><T129/><D112/><U59/><E102/><V71/><F34/><W86/><G86/><T88/><D129/><U4/><E101/><V1/><F35/><W15/><G15/><T108/><D13/><U72/><E72/><V17/><F32/><W95/><G95/><T10/><D108/><U43/><E79/><V39/><F17/><W109/><G109/><T91/><D78/><RYUUKYOKU ba="0,1" sc="284,-10,459,-10,40,-10,207,30" hai3="0,6,11,40,45,46,48,52,53,57,60,66,67" /><INIT seed="3,1,1,3,0,45" ten="274,449,30,237" oya="3" hai0="16,22,47,0,89,65,36,34,55,78,81,130,18" hai1="67,118,110,63,7,93,109,123,23,41,43,82,135" hai2="74,13,77,49,84,105,101,11,76,19,53,62,44" hai3="64,58,46,52,24,4,108,68,133,85,1,92,66"/><W119/><G119/><T79/><D34/><U2/><E123/><V20/><F74/><W12/><G1/><T128/><D0/><U88/><E135/><V31/><F105/><W116/><G116/><T21/><D65/><U115/><E115/><V106/><F101/><W59/><G133/><T40/><D55/><U80/><E23/><V29/><F106/><W3/><G3/><T121/><D121/><U10/><E118/><V56/><F11/><N who="3" m="4199" /><G68/><T87/><D79/><U86/><E41/><V134/><F134/><W39/><G39/><T27/><REACH who="0" step="1"/><D78/><REACH who="0" ten="264,449,30,237" step="2"/><U107/><E43/><V72/><F72/><W35/><G35/><T33/><D33/><U25/><E110/><V117/><F117/><W83/><G108/><T114/><D114/><U70/><E109/><V113/><F113/><W91/><G83/><T95/><D95/><U98/><E80/><V96/><F96/><W6/><G6/><T71/><D71/><U9/><E82/><V125/><F125/><W48/><G24/><AGARI ba="1,2" hai="16,18,21,22,24,27,36,40,47,81,87,89,128,130" machi="24" ten="40,8000,1" yaku="1,1,9,1,54,1,53,1" doraHai="45" doraHaiUra="38" who="0" fromWho="3" sc="264,103,449,0,30,0,237,-83" /><INIT seed="4,0,0,0,2,35" ten="367,449,30,154" oya="0" hai0="126,55,94,23,96,81,11,79,88,118,62,75,7" hai1="22,108,130,102,39,127,63,113,101,83,25,89,115" hai2="14,34,121,119,76,74,18,57,27,37,67,64,32" hai3="70,56,72,124,9,134,110,85,28,47,20,125,133"/><T2/><D118/><U30/><E108/><V44/><F119/><W71/><G110/><T77/><D126/><N who="3" m="48745" /><G72/><T135/><D135/><N who="3" m="51721" /><G85/><T6/><D6/><U52/><E127/><V117/><F121/><W21/><G28/><T48/><D62/><U19/><E39/><V107/><F117/><W111/><G111/><T98/><D79/><U12/><E113/><V100/><F74/><W53/><G9/><T128/><D23/><N who="3" m="8777" /><G47/><T93/><D75/><U97/><E115/><V29/><F76/><W114/><G114/><T50/><D77/><U0/><E30/><V43/><F34/><W82/><G82/><T31/><D81/><U46/><E83/><V95/><F107/><W36/><G36/><T104/><D104/><U103/><E25/><V59/><F67/><W132/><N who="3" m="51729" /><W42/><DORA hai="90" /><G42/><T69/><D31/><U73/><E46/><V13/><F64/><W122/><G122/><T80/><D80/><U99/><E73/><V109/><F109/><W58/><G53/><T123/><D123/><U26/><E52/><V15/><REACH who="2" step="1"/><F18/><REACH who="2" ten="367,449,20,154" step="2"/><W86/><G86/><T41/><D98/><AGARI ba="0,1" hai="13,14,15,27,29,32,37,43,44,57,59,95,98,100" machi="98" ten="40,5200,0" yaku="1,1,2,1,52,1,53,0" doraHai="35,90" doraHaiUra="106,116" who="2" fromWho="0" sc="367,-52,449,0,20,62,154,0" /><INIT seed="5,0,0,4,2,45" ten="315,449,82,154" oya="1" hai0="68,70,58,11,23,53,24,43,10,102,4,115,82" hai1="59,123,15,72,44,92,27,48,41,81,64,71,50" hai2="93,128,129,56,74,103,116,73,131,29,87,108,132" hai3="22,135,62,30,130,57,89,97,91,28,35,75,61"/><U5/><E123/><V3/><F56/><W39/><G75/><T52/><D115/><U67/><E71/><V126/><F3/><W46/><G35/><T122/><D122/><U1/><E1/><V106/><F29/><W63/><G39/><T99/><D43/><U94/><E27/><V49/><F49/><W55/><G97/><T37/><D82/><U105/><E105/><V51/><F51/><W79/><G79/><T25/><D37/><U96/><E72/><V66/><F66/><W69/><G69/><T101/><D99/><U100/><E81/><V84/><F116/><W16/><G46/><T76/><D76/><U133/><E133/><V127/><F108/><W40/><G135/><T18/><D4/><U80/><E92/><V6/><F6/><W114/><G40/><T12/><D23/><U2/><E80/><V86/><F106/><W109/><G109/><T0/><D0/><U88/><E100/><V14/><F14/><W26/><G114/><T112/><D112/><U90/><E90/><N who="3" m="34314" /><G130/><T20/><D68/><U104/><E104/><V117/><F117/><W78/><G78/><T17/><D70/><U42/><E2/><V13/><F13/><W83/><G83/><T125/><D125/><N who="2" m="47626" /><F132/><W60/><AGARI ba="0,0" hai="16,22,26,28,30,55,57,60,61,62,63" m="34314" machi="60" ten="30,2000,0" yaku="8,1,54,1" doraHai="45" who="3" fromWho="3" sc="315,-5,449,-10,82,-5,154,20" /><INIT seed="6,0,0,4,5,87" ten="310,439,77,174" oya="2" hai0="30,63,12,42,6,34,129,96,130,43,2,18,89" hai1="122,81,57,115,121,80,40,21,79,49,29,56,118" hai2="54,22,125,14,120,32,92,36,90,93,102,108,88" hai3="111,17,127,82,126,124,78,50,100,110,99,58,53"/><V37/><F120/><N who="1" m="46185" /><E115/><V103/><F32/><W131/><G131/><T106/><D43/><U128/><E128/><V76/><F76/><W48/><G17/><T33/><D42/><U3/><E3/><V104/><F125/><W13/><G13/><T62/><D34/><U64/><E118/><V31/><F108/><W60/><G110/><T26/><D63/><U113/><E113/><V133/><F133/><W117/><G111/><T66/><D129/><U28/><E21/><V5/><F37/><W4/><G4/><T119/><D130/><U69/><E69/><V116/><F36/><W23/><G23/><T135/><D119/><U65/><E81/><V68/><F68/><W10/><G10/><T41/><D41/><U132/><E132/><V24/><F116/><W73/><G117/><T46/><D46/><N who="1" m="25799" /><E56/><V47/><F104/><AGARI ba="0,0" hai="48,50,53,58,60,73,78,82,99,100,104,124,126,127" machi="104" ten="40,1300,0" yaku="18,1" doraHai="87" who="3" fromWho="2" sc="310,0,439,0,77,-13,174,13" /><INIT seed="7,0,0,1,3,87" ten="310,439,64,187" oya="3" hai0="1,60,79,0,46,50,34,12,31,30,17,71,98" hai1="127,108,47,102,69,43,88,91,73,56,24,55,65" hai2="21,81,95,5,14,40,125,39,112,53,105,118,128" hai3="129,48,119,94,3,70,124,103,57,90,11,77,42"/><W7/><G119/><T54/><D31/><U29/><E108/><V121/><F95/><W59/><G70/><T131/><D131/><U82/><E127/><V38/><F53/><W4/><G77/><T33/><D33/><U35/><E102/><V116/><F21/><W62/><G124/><T58/><D71/><U113/><E113/><V93/><F14/><W111/><G129/><T49/><D49/><N who="1" m="30831" /><E82/><V106/><F93/><W20/><G111/><T85/><D98/><U133/><E133/><V109/><F81/><W22/><G103/><T97/><D97/><U132/><E73/><V80/><F40/><W67/><G7/><T117/><D117/><U92/><E92/><V10/><F80/><W32/><G32/><T104/><D104/><U36/><E132/><V25/><F25/><W16/><G42/><T86/><D79/><U52/><E52/><V135/><F10/><W28/><G28/><T101/><D101/><U123/><E123/><V41/><F5/><W96/><G22/><T68/><D68/><U13/><E13/><V27/><F41/><W37/><G37/><T61/><D61/><AGARI ba="0,0" hai="24,29,35,36,43,47,61,65,69,88,91" m="30831" machi="61" ten="30,7700,0" yaku="24,1,52,2,54,1" doraHai="87" who="1" fromWho="0" sc="310,-77,439,77,64,0,187,0" owari="233,3.0,516,62.0,64,-44.0,187,-21.0" /></mjloggm>