<mjloggm ver="2.3"><GO type="169" lobby="0"/><UN n0="%E3%82%A6%E3%83%AB%E3%83%88%E3%83%A9%E7%AB%8B%E7%9B%B4" n1="%E3%83%9E%E3%83%88%E3%83%AA%E3%83%83%E3%82%AF%E3%82%B9" n2="%74%6F%73%68%69%35%32%33" n3="%33%57%41%52%49" dan="16,17,16,16" rate="2051.41,2158.94,2077.72,2064.44" sx="M,M,M,M"/><TAIKYOKU oya="0"/><INIT seed="0,0,0,2,1,46" ten="250,250,250,250" oya="0" hai0="61,113,119,89,83,30,88,14,110,44,34,84,92" hai1="24,99,53,58,22,26,75,86,9,132,3,12,95" hai2="123,103,4,102,55,66,29,121,17,112,67,135,63" hai3="51,105,48,126,25,8,16,129,87,5,81,23,39"/><T2/><D2/><U120/><E75/><V74/><F112/><W60/><G129/><T41/><D113/><U108/><E120/><V127/><F4/><W37/><G105/><T100/><D100/><U50/><E3/><V20/><F29/><W33/><G126/><T106/><D106/><U70/><E70/><V49/><F74/><W59/><G33/><T27/><D119/><U10/><E108/><V43/><F127/><W71/><G37/><T114/><D114/><U1/><E132/><V125/><F135/><W79/><G39/><T31/><D31/><U124/><E124/><V73/><F73/><W80/><G80/><T131/><D131/><U93/><E1/><V21/><F43/><W32/><G71/><T6/><D61/><U47/><E86/><V134/><F134/><W122/><G32/><T38/><D110/><U11/><E95/><V116/><F116/><W82/><G82/><T36/><D14/><U28/><E26/><V57/><F125/><W118/><G122/><T85/><REACH who="0" step="1"/><D6/><REACH who="0" ten="240,250,250,250" step="2"/><U19/><REACH who="1" step="1"/><E47/><REACH who="1" ten="240,240,250,250" step="2"/><V109/><F109/><W0/><REACH who="3" step="1"/><G118/><REACH who="3" ten="240,240,250,240" step="2"/><T97/><D97/><U77/><E77/><V40/><F123/><W91/><G91/><AGARI ba="0,3" hai="9,10,11,12,19,22,24,28,50,53,58,91,93,99" machi="91" ten="30,7700,0" yaku="1,1,7,1,8,1,52,1,53,0" doraHai="46" doraHaiUra="35" who="1" fromWho="3" sc="240,0,240,107,250,0,240,-77" /><INIT seed="1,0,0,1,4,90" ten="240,347,250,163" oya="1" hai0="33,35,24,112,79,85,78,26,16,121,87,4,15" hai1="51,80,53,6,83,122,101,116,108,95,8,117,91" hai2="58,0,115,119,62,125,75,54,84,107,97,128,9" hai3="52,131,13,39,134,22,120,127,133,65,47,28,14"/><U118/><E122/><V86/><F75/><W20/><G120/><T27/><D121/><U72/><E101/><V46/><F119/><W96/><G127/><T76/><D4/><U18/><E108/><V1/><F125/><W81/><G131/><T130/><D130/><U68/><E68/><V132/><F128/><W99/><G65/><T40/><D40/><U42/><E42/><V59/><F46/><W50/><G39/><T111/><D111/><U37/><E37/><V34/><F34/><W103/><G81/><T69/><D69/><U3/><E18/><V31/><F31/><W129/><G129/><T94/><D112/><U19/><E19/><V2/><F115/><W12/><G28/><T82/><D33/><U61/><E61/><V7/><F59/><W41/><G41/><T71/><D35/><U70/><E72/><V64/><F132/><N who="3" m="50795" /><G96/><T45/><D45/><U38/><E38/><V55/><F64/><W44/><G47/><T49/><D71/><U66/><E70/><V92/><F107/><AGARI ba="0,0" hai="12,13,14,20,22,44,50,52,99,103,107" m="50795" machi="107" ten="30,2000,0" yaku="20,1,54,1" doraHai="90" who="3" fromWho="2" sc="240,0,347,0,250,-20,163,20" /><INIT seed="2,0,0,0,0,6" ten="240,347,230,183" oya="2" hai0="24,110,89,15,66,100,116,18,120,94,82,78,32" hai1="49,128,12,102,107,74,132,16,95,134,68,91,17" hai2="4,61,9,97,51,98,40,69,52,118,59,124,76" hai3="88,133,106,130,0,80,33,41,113,47,101,53,111"/><V19/><F118/><W75/><G113/><T109/><D100/><U119/><E119/><V36/><F124/><W23/><G33/><T85/><D66/><U45/><E68/><V70/><F76/><W125/><G125/><T35/><D120/><U73/><E128/><V99/><F19/><W72/><G0/><T123/><D123/><U58/><E102/><V114/><F114/><W121/><G23/><T103/><D103/><U86/><E107/><V27/><F27/><W90/><G53/><T43/><D43/><U64/><E64/><V108/><F108/><N who="0" m="41578" /><D24/><U62/><E62/><V30/><F30/><W50/><G111/><T126/><D126/><U79/><E58/><V3/><REACH who="2" step="1"/><F61/><REACH who="2" ten="240,347,220,183" step="2"/><W34/><G121/><T93/><D116/><U11/><E17/><V60/><F60/><W39/><G130/><T96/><D35/><U2/><E79/><V104/><F104/><W67/><G34/><T92/><D32/><U84/><E16/><V14/><F14/><W57/><G106/><T54/><D18/><U115/><E12/><V135/><F135/><W129/><G133/><T127/><D15/><U87/><E134/><V44/><AGARI ba="0,1" hai="3,4,9,36,40,44,51,52,59,69,70,97,98,99" machi="44" ten="30,11700,0" yaku="1,1,0,1,52,1,54,1,53,0" doraHai="6" doraHaiUra="28" who="2" fromWho="2" sc="240,-39,347,-39,220,127,183,-39" /><INIT seed="2,1,0,0,3,9" ten="201,308,347,144" oya="2" hai0="48,108,78,110,52,117,124,43,60,25,70,36,38" hai1="68,45,132,57,6,32,128,83,93,55,5,119,28" hai2="127,30,74,101,71,126,39,44,67,130,69,35,97" hai3="99,34,103,53,16,37,87,20,42,66,11,2,106"/><V56/><F74/><W80/><G34/><T72/><D78/><U61/><E119/><V18/><F130/><W79/><G66/><N who="0" m="41287" /><D72/><U105/><E105/><V47/><F30/><W114/><G114/><T125/><D25/><U46/><E128/><V100/><F35/><W22/><G2/><T1/><D1/><U17/><E132/><V122/><F122/><W104/><G104/><T54/><D54/><U14/><E68/><V63/><F71/><W7/><G7/><N who="1" m="2570" /><E32/><V41/><F47/><W29/><G29/><T49/><D117/><U109/><E109/><N who="0" m="42089" /><D48/><U73/><E73/><V58/><F100/><W135/><G135/><T131/><D131/><U82/><E28/><V129/><F129/><W118/><G118/><T96/><D96/><U24/><E24/><V113/><F113/><W120/><G53/><T64/><D64/><U62/><E62/><V90/><F101/><W133/><G133/><T10/><D10/><N who="1" m="6359" /><E93/><V89/><F69/><W116/><G116/><T3/><D3/><U8/><E8/><V23/><F67/><W31/><G31/><T12/><D12/><U91/><E91/><V123/><F90/><W98/><G120/><T94/><D94/><U111/><E111/><V84/><F123/><W26/><G26/><T115/><D115/><U40/><E40/><V19/><F41/><W59/><G42/><T81/><D81/><AGARI ba="1,0" hai="45,46,55,57,61,81,82,83" m="6359,2570" machi="81" ten="30,2000,0" yaku="8,1,52,1" doraHai="9" who="1" fromWho="0" sc="201,-23,308,23,347,0,144,0" /><INIT seed="3,0,0,5,2,123" ten="178,331,347,144" oya="3" hai0="103,20,61,132,3,110,133,7,105,14,12,118,89" hai1="47,42,73,70,131,106,91,77,1,95,124,116,15" hai2="56,121,28,72,19,120,115,33,88,94,82,4,51" hai3="21,43,108,25,71,122,31,44,130,40,48,50,6"/><W134/><G122/><N who="2" m="47209" /><F115/><W78/><G134/><N who="0" m="51819" /><D103/><U8/><E1/><V41/><F4/><W80/><G130/><T93/><D105/><U45/><E70/><V99/><F19/><W113/><G113/><T84/><D118/><U62/><E106/><V36/><F36/><W58/><G71/><T0/><D7/><U5/><E131/><V127/><F127/><W17/><G6/><T10/><D10/><U74/><E124/><V98/><F28/><W32/><G108/><T85/><D14/><U18/><E116/><V60/><F33/><W90/><G90/><T128/><D128/><U67/><E77/><N who="2" m="44327" /><F51/><W22/><G17/><N who="0" m="10279" /><D3/><U87/><E47/><V55/><F41/><W49/><G58/><T114/><D0/><U13/><E62/><V76/><F76/><W107/><G107/><T126/><D126/><U117/><E117/><V68/><F68/><W81/><G43/><T65/><D114/><U11/><REACH who="1" step="1"/><E67/><REACH who="1" ten="178,321,347,144" step="2"/><V79/><F79/><W96/><G78/><T26/><D61/><U37/><AGARI ba="0,1" hai="5,8,11,13,15,18,37,42,45,73,74,87,91,95" machi="37" ten="20,5200,0" yaku="1,1,2,1,0,1,7,1,53,0" doraHai="123" doraHaiUra="135" who="1" fromWho="1" sc="178,-13,321,62,347,-13,144,-26" /><INIT seed="4,0,0,3,4,83" ten="165,383,334,118" oya="0" hai0="120,23,9,6,31,99,15,122,89,112,93,94,1" hai1="10,75,38,49,97,72,39,50,21,35,19,115,123" hai2="29,105,86,101,91,52,26,3,30,129,40,71,117" hai3="63,7,79,41,121,84,85,12,119,22,100,32,126"/><T98/><D112/><U66/><E123/><V42/><F3/><W37/><G119/><T8/><D23/><U77/><E35/><V25/><F71/><W130/><G32/><T57/><D31/><N who="2" m="11786" /><F105/><W114/><G114/><T132/><D132/><U0/><E115/><V135/><F135/><W13/><G121/><T17/><D57/><U28/><E28/><V90/><F101/><AGARI ba="0,0" hai="1,6,8,9,15,17,89,93,94,98,99,101,120,122" machi="101" ten="30,1500,0" yaku="7,1" doraHai="83" who="0" fromWho="2" sc="165,15,383,0,334,-15,118,0" /><INIT seed="4,1,0,2,4,77" ten="180,383,319,118" oya="0" hai0="84,112,82,28,4,32,106,34,52,88,90,127,6" hai1="111,113,122,126,101,37,22,83,69,21,67,59,93" hai2="15,45,71,103,30,66,128,26,19,99,89,39,41" hai3="118,31,94,72,109,65,92,134,7,105,50,75,68"/><T114/><D106/><U8/><E111/><V125/><F128/><W74/><G109/><T98/><D127/><U14/><E69/><V11/><F125/><W70/><G118/><T1/><D28/><U100/><E126/><V120/><F120/><W86/><G105/><T0/><D52/><U132/><E37/><V44/><F89/><W116/><G116/><T62/><D62/><N who="1" m="38367" /><E122/><V133/><F133/><W12/><G134/><T24/><D24/><U2/><E2/><V129/><F129/><W17/><G7/><T47/><D47/><U13/><E132/><V43/><F45/><W48/><G31/><T81/><D84/><U25/><E113/><V38/><F38/><W60/><G70/><T33/><D34/><U73/><E73/><V53/><F44/><W107/><G107/><T42/><REACH who="0" step="1"/><D98/><REACH who="0" ten="170,383,319,118" step="2"/><U96/><E25/><V49/><F99/><W58/><G86/><T104/><D104/><U135/><E135/><V23/><F53/><W97/><G97/><T46/><D46/><U29/><E29/><V78/><F39/><W51/><REACH who="3" step="1"/><G68/><REACH who="3" ten="170,383,319,108" step="2"/><T95/><D95/><U131/><E131/><V18/><F71/><W55/><G55/><T56/><D56/><U119/><E119/><V3/><F66/><W76/><G76/><T130/><D130/><U121/><E93/><V64/><F64/><W16/><G16/><T9/><D9/><AGARI ba="1,2" hai="9,12,17,48,50,51,58,60,65,72,74,75,92,94" machi="9" ten="50,1600,0" yaku="1,1,53,0" doraHai="77" doraHaiUra="123" who="3" fromWho="0" sc="170,-19,383,0,319,0,108,39" /><INIT seed="5,0,0,1,0,86" ten="151,383,319,147" oya="1" hai0="117,103,78,62,52,30,25,77,96,50,73,135,109" hai1="130,40,26,48,116,34,32,51,9,133,75,114,97" hai2="119,108,64,101,53,82,81,5,67,23,70,55,122" hai3="65,16,43,7,93,106,13,58,15,46,79,83,124"/><U127/><E116/><V89/><F119/><W72/><G106/><T107/><D109/><U98/><E75/><V113/><F122/><W100/><G124/><T91/><D117/><U4/><E127/><V87/><F108/><W49/><G7/><T84/><D62/><U125/><E125/><V132/><F101/><W102/><G13/><T74/><D135/><U1/><E133/><V24/><F132/><W60/><REACH who="3" step="1"/><G93/><REACH who="3" ten="151,383,319,137" step="2"/><T10/><D10/><AGARI ba="0,1" hai="10,15,16,43,46,49,58,60,65,72,79,83,100,102" machi="10" ten="30,8000,1" yaku="1,1,2,1,7,1,54,1,53,1" doraHai="86" doraHaiUra="42" who="3" fromWho="0" sc="151,-80,383,0,319,0,137,90" /><INIT seed="6,0,0,4,2,111" ten="71,383,319,227" oya="2" hai0="5,122,34,85,125,73,77,108,27,117,110,131,36" hai1="35,103,98,118,88,109,113,42,17,67,72,26,106" hai2="96,86,1,62,68,129,30,4,16,95,22,65,24" hai3="126,76,132,127,39,52,49,105,63,20,37,71,44"/><V15/><F129/><W10/><G105/><T99/><D85/><U94/><E109/><V123/><F123/><W12/><G20/><T114/><D99/><U31/><E118/><V45/><F86/><W48/><G76/><T28/><D5/><U82/><E42/><V104/><F104/><W55/><G132/><T59/><D59/><U92/><E113/><V3/><F4/><W19/><G63/><T58/><D58/><U93/><E67/><V89/><REACH who="2" step="1"/><F45/><REACH who="2" ten="71,383,309,227" step="2"/><W120/><G120/><T8/><D110/><U43/><E72/><V79/><F79/><W51/><G44/><T128/><D77/><U135/><E135/><V57/><F57/><W69/><G69/><T75/><D131/><U18/><E82/><V107/><F107/><W54/><REACH who="3" step="1"/><G71/><REACH who="3" ten="71,383,309,217" step="2"/><T83/><D108/><U70/><E70/><V121/><F121/><W53/><N who="3" m="13312" /><DORA hai="97" /><W101/><G101/><T124/><D122/><U32/><E106/><V80/><F80/><W102/><G102/><T64/><D83/><U130/><E130/><V25/><F25/><W84/><G84/><T50/><D27/><U56/><E26/><V46/><F46/><W0/><G0/><T2/><D2/><U91/><E103/><V14/><F14/><W40/><G40/><T87/><D87/><U6/><E43/><V13/><F13/><W66/><G66/><T115/><D64/><U7/><E56/><V133/><F133/><W38/><AGARI ba="0,2" hai="10,12,19,37,38,39,48,49,51,126,127" m="13312" machi="38" ten="60,16000,3" yaku="1,1,0,1,29,2,54,1,53,3" doraHai="111,97" doraHaiUra="90,47" who="3" fromWho="3" sc="71,-40,383,-40,309,-80,217,180" /><INIT seed="7,0,0,4,2,12" ten="31,343,229,397" oya="3" hai0="70,126,102,87,31,93,65,44,1,89,34,53,107" hai1="108,96,4,56,68,63,2,121,50,25,48,45,10" hai2="15,92,62,134,120,26,133,19,74,55,38,113,109" hai3="40,59,90,101,57,83,132,60,75,111,110,79,117"/><W103/><G117/><T69/><D126/><U91/><E121/><V130/><F38/><W30/><G132/><T67/><D89/><U29/><E108/><N who="3" m="41514" /><G30/><T122/><D93/><U116/><E68/><N who="0" m="26217" /><D87/><U22/><E116/><V6/><F109/><W17/><G40/><T7/><D7/><U76/><E76/><V41/><F6/><W54/><G17/><T95/><D95/><U8/><E8/><V127/><F19/><W125/><G125/><T18/><D122/><U35/><E91/><V128/><F120/><W131/><G131/><T66/><D18/><U51/><E96/><V100/><F127/><W16/><G16/><T123/><D123/><U71/><E71/><V33/><F130/><W104/><G90/><T58/><D102/><N who="3" m="38921" /><G59/><T47/><D107/><AGARI ba="0,0" hai="54,57,60,75,79,83,104,107" m="38921,41514" machi="107" ten="30,1500,0" yaku="10,1" doraHai="12" who="3" fromWho="0" sc="31,-15,343,0,229,0,397,15" owari="16,-48.0,343,14.0,229,-17.0,412,51.0" /></mjloggm>