<mjloggm ver="2.3"><GO type="97" lobby="0"/><UN n0="%79%6F%73%75%6B%65%30%38" n1="%E4%BF%BA%E3%81%AF%E5%BE%85%E3%81%A3%E3%81%A6%E3%82%8B%E3%81%9C" n2="%E3%82%A6%E3%83%AB%E3%83%88%E3%83%A9%E7%AB%8B%E7%9B%B4" n3="%E5%8F%A3%E3%83%AA%E3%82%AE%E3%81%97%E3%81%92%E3%82%8B" dan="15,15,15,14" rate="1904.32,1976.04,1999.45,1898.85" sx="M,M,M,M"/><TAIKYOKU oya="0"/><INIT seed="0,0,0,1,4,120" ten="250,250,250,250" oya="0" hai0="54,40,23,115,123,21,99,52,75,113,95,80,66" hai1="61,110,7,119,74,14,122,64,92,68,38,131,45" hai2="27,96,24,70,4,63,50,83,114,82,125,18,8" hai3="31,17,107,42,67,33,111,29,5,46,132,126,98"/><T93/><D123/><U53/><E122/><V57/><F114/><W30/><G5/><T25/><D40/><U86/><E119/><V47/><F70/><W91/><G17/><T121/><D121/><U32/><E74/><V49/><F96/><W41/><G41/><T20/><D66/><U3/><E32/><V37/><F37/><W12/><G12/><T133/><D133/><U100/><E131/><V51/><F47/><W103/><G126/><T65/><D65/><U94/><E3/><V2/><F125/><W72/><G72/><T6/><D6/><U97/><E92/><V81/><REACH who="2" step="1"/><F18/><REACH who="2" ten="250,250,240,250" step="2"/><W127/><G127/><T117/><D117/><U124/><E38/><V0/><F0/><W85/><G132/><T118/><D118/><U78/><E124/><V43/><F43/><W28/><G33/><T105/><D115/><U102/><E45/><V13/><F13/><W134/><G134/><T1/><D113/><U35/><E14/><V87/><F87/><W109/><N who="3" m="7168" /><DORA hai="11" /><W55/><G42/><T128/><D1/><U108/><E35/><V135/><F135/><W101/><G46/><T73/><D25/><U79/><E86/><V62/><F62/><W19/><G19/><T69/><D69/><U16/><E61/><V90/><F90/><W84/><G91/><T77/><D75/><U44/><E16/><V106/><F106/><W129/><G98/><T9/><D105/><U48/><E97/><V39/><F39/><W76/><G107/><T88/><D9/><U116/><E44/><V89/><F89/><W22/><G85/><T10/><D10/><RYUUKYOKU ba="0,1" sc="250,-10,250,-10,240,30,250,-10" hai2="2,4,8,24,27,49,50,51,57,63,81,82,83" /><INIT seed="1,1,1,0,2,1" ten="240,240,270,240" oya="1" hai0="45,17,50,12,49,15,16,115,59,4,123,106,80" hai1="6,108,132,100,91,107,26,8,93,74,64,47,98" hai2="75,69,114,134,101,105,79,110,53,5,81,68,3" hai3="112,70,41,92,117,24,21,20,46,72,121,83,71"/><U22/><E132/><V56/><F134/><W48/><G121/><T10/><D115/><U99/><E74/><V18/><F114/><W85/><G117/><T35/><D35/><U28/><E108/><V19/><F110/><W82/><G112/><T63/><D106/><U95/><E64/><V124/><F19/><W55/><G72/><T2/><D123/><U94/><REACH who="1" step="1"/><E47/><REACH who="1" ten="240,230,270,240" step="2"/><V58/><F75/><W62/><G46/><T126/><D126/><U116/><E116/><V14/><F124/><W30/><G41/><T36/><D36/><U23/><E23/><V38/><F38/><W90/><G20/><T89/><D45/><U11/><E11/><V65/><F65/><W67/><G55/><T104/><D2/><AGARI ba="1,2" hai="2,6,8,22,26,28,91,93,94,95,98,99,100,107" machi="2" ten="30,5800,0" yaku="1,1,7,1,52,1,53,0" doraHai="1" doraHaiUra="131" who="1" fromWho="0" sc="240,-61,230,81,270,0,240,0" /><INIT seed="1,2,0,5,4,119" ten="179,311,270,240" oya="1" hai0="2,50,90,81,17,60,12,132,112,131,8,65,69" hai1="99,98,68,134,21,22,116,91,74,100,40,24,129" hai2="94,78,3,111,82,97,41,114,14,9,10,120,0" hai3="110,56,1,109,58,115,32,107,70,34,5,51,66"/><U23/><E116/><V20/><F20/><W30/><G107/><T35/><D112/><U54/><E74/><V63/><F63/><N who="3" m="40287" /><G30/><T44/><D131/><U135/><E68/><V72/><F9/><N who="3" m="2223" /><G51/><T124/><D124/><U55/><E40/><V7/><F114/><W113/><G58/><T53/><D132/><N who="1" m="50731" /><E129/><V57/><F57/><W27/><G56/><T48/><D48/><U92/><E24/><V31/><F31/><N who="3" m="19583" /><G34/><T96/><D96/><U127/><E127/><V71/><F71/><W43/><G43/><T104/><D104/><AGARI ba="2,0" hai="21,22,23,54,55,91,92,98,99,100,104" m="50731" machi="104" ten="30,1500,0" yaku="20,1" doraHai="119" who="1" fromWho="0" sc="179,-21,311,21,270,0,240,0" /><INIT seed="1,3,0,3,4,77" ten="158,332,270,240" oya="1" hai0="116,64,97,88,37,43,68,44,52,94,16,115,89" hai1="124,63,103,34,7,39,26,46,132,20,131,75,35" hai2="24,119,31,133,27,22,92,32,122,82,57,69,33" hai3="101,2,90,13,12,62,11,113,55,78,49,18,114"/><U102/><E132/><V84/><F69/><W125/><G101/><T48/><D115/><U1/><E75/><V111/><F119/><W123/><G2/><T40/><D116/><U127/><E63/><V59/><F133/><W70/><G123/><T128/><D128/><U93/><E131/><V85/><F122/><W126/><G13/><T14/><D68/><U71/><E71/><V76/><F111/><W4/><G90/><T6/><D6/><U110/><E110/><V104/><F104/><W73/><G4/><T134/><D134/><U42/><E7/><V19/><F33/><N who="1" m="12297" /><E93/><V9/><F9/><W118/><G62/><T54/><D64/><U79/><E79/><V83/><F92/><W105/><G105/><T15/><D15/><U41/><E41/><V60/><F60/><W100/><G100/><N who="0" m="60471" /><D37/><U95/><E95/><V80/><F82/><N who="3" m="45391" /><G70/><T112/><D112/><U21/><E1/><V65/><REACH who="2" step="1"/><F65/><REACH who="2" ten="158,332,260,240" step="2"/><W30/><G118/><T120/><D120/><U45/><E103/><V56/><F56/><W108/><G114/><T17/><D17/><U74/><E102/><V50/><F50/><W38/><G113/><T81/><D81/><U135/><E135/><V28/><F28/><W25/><G108/><T86/><D43/><U5/><E42/><V51/><F51/><W58/><G38/><T129/><D129/><U0/><E39/><V130/><F130/><W121/><G121/><T87/><D40/><U72/><E21/><V61/><F61/><W47/><G58/><T67/><D67/><U91/><E20/><V8/><F8/><W23/><AGARI ba="3,1" hai="11,12,18,23,25,30,47,49,55,125,126" m="45391" machi="23" ten="30,2000,0" yaku="5,1,52,1" doraHai="77" who="3" fromWho="3" sc="158,-8,332,-13,260,-8,240,39" /><INIT seed="2,0,0,3,1,118" ten="150,319,252,279" oya="2" hai0="67,101,100,22,95,19,94,128,10,69,75,21,121" hai1="102,77,16,43,38,47,25,123,120,62,114,133,29" hai2="113,88,115,31,63,20,93,15,8,36,66,96,104" hai3="32,105,83,27,45,85,111,74,98,99,5,70,106"/><V30/><F36/><W17/><G45/><T108/><D108/><U91/><E114/><V0/><F104/><W3/><G70/><T53/><D75/><U78/><E102/><V50/><F0/><W132/><G85/><T57/><D69/><U68/><E133/><V119/><F119/><W11/><G17/><T73/><D73/><U90/><E78/><V34/><F34/><W18/><G18/><T64/><D128/><U109/><E77/><V40/><F115/><W41/><G41/><T129/><D129/><U84/><E109/><V79/><F79/><N who="3" m="44535" /><G99/><T56/><D19/><U55/><E16/><N who="2" m="8295" /><F113/><W28/><G111/><T76/><D76/><U122/><E84/><V87/><F87/><W130/><G130/><T14/><D53/><U110/><E110/><V86/><F86/><W127/><G127/><T92/><D92/><U112/><E112/><V26/><F40/><W35/><G35/><T7/><D14/><U81/><E81/><V23/><F50/><W49/><G49/><T72/><D72/><U52/><E68/><V126/><F126/><W2/><G2/><T131/><D131/><U44/><E44/><V37/><F37/><W82/><G82/><T24/><D24/><U33/><E55/><V65/><F63/><W117/><G132/><T48/><D48/><U107/><E107/><N who="3" m="40970" /><G98/><T54/><D54/><U9/><E9/><V60/><F60/><W51/><G51/><T103/><D103/><U46/><E46/><V124/><F124/><W4/><G117/><T42/><D42/><U135/><E135/><V6/><F6/><W125/><G5/><RYUUKYOKU ba="0,0" sc="150,-30,319,10,252,10,279,10" hai1="25,29,33,38,43,47,52,62,90,91,120,122,123" hai2="20,23,26,30,31,65,66,88,93,96" hai3="3,4,11,27,28,32,125" /><INIT seed="2,1,0,1,2,67" ten="120,329,262,289" oya="2" hai0="74,64,42,102,69,23,15,80,89,45,59,103,20" hai1="115,58,22,53,62,99,124,93,5,122,113,3,86" hai2="60,16,1,54,76,63,24,0,32,73,56,8,47" hai3="36,111,71,90,105,82,91,65,7,83,29,41,21"/><V39/><F32/><W110/><G7/><T10/><D74/><U68/><E124/><V26/><F63/><N who="3" m="40383" /><G105/><T11/><D59/><U117/><E117/><V127/><F127/><W119/><G119/><T128/><D128/><U33/><E33/><V27/><F16/><W46/><G21/><T88/><D64/><U44/><E22/><V28/><F28/><W133/><G29/><T43/><D45/><U4/><E86/><V132/><F1/><W40/><G133/><T30/><D80/><U17/><E17/><V100/><F132/><W2/><G41/><T57/><D57/><U38/><E68/><V35/><F35/><W50/><G2/><T114/><D114/><U34/><E34/><V18/><F18/><W118/><G118/><T19/><D19/><U106/><E106/><V135/><F135/><W96/><G96/><T66/><D66/><U81/><E3/><V98/><F27/><W116/><G116/><T107/><D107/><U121/><E4/><N who="2" m="1031" /><F98/><W52/><G90/><T48/><D30/><U49/><E5/><V134/><F134/><W95/><G95/><T92/><D92/><U70/><E81/><N who="3" m="30730" /><G91/><T25/><D25/><N who="2" m="9834" /><F76/><W129/><G129/><T51/><D15/><U130/><E130/><V104/><F104/><W87/><G87/><T85/><D85/><U78/><E78/><V123/><F73/><W75/><G75/><T126/><D126/><U61/><E99/><V125/><F125/><W79/><G79/><T31/><D31/><U37/><E93/><V14/><F14/><W131/><G131/><T12/><D12/><U94/><E94/><RYUUKYOKU ba="1,0" sc="120,15,329,-15,262,-15,289,15" hai0="10,11,20,23,42,43,48,51,69,88,89,102,103" hai3="36,40,46,50,52,110,111" /><INIT seed="3,2,0,2,3,38" ten="135,314,247,304" oya="3" hai0="42,65,91,11,30,111,117,132,67,63,29,54,114" hai1="33,73,57,13,124,88,53,123,98,61,129,78,16" hai2="69,83,55,72,40,81,85,24,27,28,79,4,44" hai3="18,109,7,135,3,77,118,119,101,48,133,86,113"/><W122/><G101/><T84/><D117/><U134/><E123/><V59/><F69/><W97/><G122/><T92/><D132/><N who="3" m="50761" /><G113/><T49/><D111/><U112/><E134/><V14/><F28/><W60/><G97/><T47/><D114/><U82/><E33/><V100/><F100/><W45/><G60/><T5/><D67/><U8/><E112/><V74/><F74/><W93/><G109/><T10/><D10/><U37/><E37/><V95/><F95/><W70/><G70/><T130/><D130/><U76/><E129/><V51/><F81/><N who="3" m="47407" /><G93/><T32/><D32/><U9/><E124/><V128/><F72/><W80/><G80/><T103/><D103/><U62/><E73/><V125/><F125/><W26/><G7/><T22/><D22/><N who="1" m="11535" /><E62/><N who="2" m="36223" /><F128/><W20/><G3/><T52/><D30/><U58/><E58/><V1/><F1/><W75/><G75/><T31/><D31/><U46/><E98/><V35/><F35/><W94/><G94/><T115/><D29/><U126/><E126/><V99/><F99/><W102/><G102/><T21/><D21/><U131/><E131/><V121/><F121/><W110/><G110/><T68/><D115/><U25/><E76/><V107/><F107/><W71/><G71/><T34/><D34/><U39/><E78/><V90/><F90/><W41/><AGARI ba="2,0" hai="18,20,26,41,45,48,118,119" m="47407,50761" machi="41" ten="30,3000,0" yaku="20,1,52,1" doraHai="38" who="3" fromWho="3" sc="135,-12,314,-12,247,-12,304,36" owari="123,-38.0,302,10.0,235,-16.0,340,44.0" /></mjloggm>