<mjloggm ver="2.3"><GO type="97" lobby="0"/><UN n0="%E3%82%A6%E3%83%AB%E3%83%88%E3%83%A9%E7%AB%8B%E7%9B%B4" n1="%2D%E3%81%B2%E3%81%A4%E3%81%98%2D" n2="%E3%83%A6%E3%83%B3%E3%82%B1%E3%83%AB" n3="%6E%61%6F%6E%6F%72%69" dan="15,14,15,14" rate="2026.98,1920.96,2058.36,1935.74" sx="M,M,M,M"/><TAIKYOKU oya="0"/><INIT seed="0,0,0,0,3,58" ten="250,250,250,250" oya="0" hai0="10,101,118,134,89,66,106,111,60,52,25,46,42" hai1="33,114,86,64,123,79,48,18,41,130,77,9,108" hai2="54,92,115,16,107,104,28,99,67,84,95,13,81" hai3="30,63,17,122,100,61,37,1,19,57,126,50,59"/><T0/><D118/><U73/><E123/><V32/><F115/><W112/><G37/><T103/><D134/><U7/><E33/><V93/><F67/><W105/><G105/><T22/><D106/><U24/><E114/><V65/><F65/><N who="3" m="39087" /><G112/><T119/><D119/><U38/><E108/><V132/><F132/><W97/><G122/><T128/><D111/><U20/><E130/><V15/><F15/><W80/><G1/><T117/><D128/><U5/><E38/><V34/><F28/><W71/><G71/><T35/><D35/><U68/><E73/><V23/><F107/><W6/><G6/><T131/><D131/><U40/><E64/><V133/><F133/><W74/><G74/><T124/><D66/><U102/><E68/><V116/><F116/><W90/><G126/><T70/><D70/><U85/><E102/><V29/><F29/><W44/><G30/><N who="0" m="17719" /><D124/><U27/><E48/><V76/><REACH who="2" step="1"/><F54/><REACH who="2" ten="250,250,240,250" step="2"/><N who="3" m="34295" /><G100/><AGARI ba="0,1" hai="13,16,23,32,34,76,81,84,92,93,95,99,100,104" machi="100" ten="40,5200,0" yaku="1,1,54,1,53,1" doraHai="58" doraHaiUra="98" who="2" fromWho="3" sc="250,0,250,0,240,62,250,-52" /><INIT seed="1,0,0,5,4,80" ten="250,250,302,198" oya="1" hai0="45,68,59,120,36,22,89,90,53,14,128,135,113" hai1="30,42,0,93,74,49,107,71,83,15,84,117,13" hai2="129,65,105,121,19,108,7,130,76,118,24,73,78" hai3="3,44,38,111,9,92,60,20,96,72,122,12,98"/><U106/><E117/><V29/><F118/><W127/><G122/><T133/><D68/><U104/><E0/><V67/><F121/><W134/><G72/><T5/><D113/><U102/><E71/><V31/><F105/><W39/><G111/><T2/><D2/><U63/><E63/><V57/><F7/><W101/><G127/><T41/><D120/><U51/><E30/><V85/><F73/><W61/><G134/><N who="0" m="51211" /><D128/><U125/><E125/><V43/><F43/><W99/><G3/><T23/><D5/><U70/><E70/><V1/><F1/><W109/><G109/><T52/><D53/><U126/><E74/><V21/><F108/><W66/><G20/><N who="0" m="7723" /><D14/><U91/><E126/><V82/><F78/><W18/><G61/><AGARI ba="0,0" hai="36,41,45,52,59,61,89,90" m="7723,51211" machi="61" ten="30,2000,0" yaku="20,1,54,1" doraHai="80" who="0" fromWho="3" sc="250,20,250,0,302,0,198,-20" /><INIT seed="2,0,0,1,3,68" ten="270,250,302,178" oya="2" hai0="62,81,88,116,26,84,114,38,96,14,63,40,133" hai1="24,107,23,129,50,59,104,132,0,135,27,49,37" hai2="112,9,10,97,99,51,109,131,44,121,65,42,110" hai3="39,69,118,53,130,12,20,134,98,70,64,113,67"/><V3/><F121/><W19/><G118/><T30/><D114/><U94/><E0/><V106/><F112/><W16/><G113/><T46/><D116/><U86/><E129/><V5/><F131/><W8/><G130/><T2/><D2/><U47/><E37/><V56/><F10/><W72/><G72/><T74/><D133/><U103/><E59/><V115/><F115/><W13/><G134/><N who="1" m="51242" /><E49/><V119/><F119/><W4/><G4/><T35/><D74/><U77/><E77/><V101/><F99/><W29/><G29/><T55/><D55/><U82/><E82/><V21/><F21/><W91/><G53/><T102/><REACH who="0" step="1"/><D14/><REACH who="0" ten="260,250,302,178" step="2"/><U93/><E27/><V28/><F28/><W22/><G8/><T124/><D124/><U1/><E1/><V105/><F105/><AGARI ba="0,1" hai="26,30,35,38,40,46,62,63,81,84,88,96,102,105" machi="105" ten="30,7700,0" yaku="1,1,7,1,52,1,54,1,53,0" doraHai="68" doraHaiUra="48" who="0" fromWho="2" sc="260,87,250,0,302,-77,178,0" /><INIT seed="3,0,0,5,2,7" ten="347,250,225,178" oya="3" hai0="24,111,30,61,100,51,38,16,91,32,46,27,40" hai1="48,50,126,95,113,64,4,87,80,56,5,128,55" hai2="97,121,53,69,104,78,71,116,11,114,120,117,54" hai3="75,31,107,86,66,57,18,17,28,67,21,110,96"/><W59/><G75/><T65/><D100/><U45/><E128/><V90/><F90/><W73/><G73/><T1/><D1/><U34/><E34/><V134/><F97/><W9/><G86/><T84/><D111/><U0/><E126/><V13/><F78/><W94/><G107/><T49/><D16/><U60/><E113/><V42/><F104/><W92/><G96/><T83/><D27/><U124/><E124/><V8/><F13/><W105/><G105/><T47/><D47/><N who="1" m="28063" /><E0/><V58/><F58/><AGARI ba="0,0" hai="24,30,32,38,40,46,49,51,58,61,65,83,84,91" machi="58" ten="30,1000,0" yaku="7,1" doraHai="7" who="0" fromWho="2" sc="347,10,250,0,225,-10,178,0" owari="357,45.0,250,5.0,215,-18.0,178,-32.0" /></mjloggm>