<mjloggm ver="2.3"><GO type="41" lobby="0"/><UN n0="%E3%82%A6%E3%83%AB%E3%83%88%E3%83%A9%E7%AB%8B%E7%9B%B4" n1="%79%6F%6E%65%7A%6F%39" n2="%E3%81%B4%E3%81%88%E3%81%AB%E3%82%93" n3="%74%61%6B%61%5F%61" dan="16,15,15,13" rate="2058.27,2052.40,1997.56,1884.36" sx="M,M,M,M"/><TAIKYOKU oya="0"/><INIT seed="0,0,0,3,5,113" ten="250,250,250,250" oya="0" hai0="80,35,124,55,15,51,57,116,83,2,112,1,60" hai1="76,66,47,33,72,7,34,122,133,20,11,22,42" hai2="84,9,120,134,27,101,58,79,93,68,71,115,21" hai3="17,91,38,119,3,53,103,127,85,86,48,129,54"/><T24/><D112/><U75/><E122/><V67/><F115/><W43/><G38/><T96/><D124/><U10/><E133/><V94/><F120/><W82/><G127/><T37/><D37/><U77/><E66/><V59/><F134/><W28/><G3/><T98/><D2/><U106/><E106/><V6/><F68/><W26/><G103/><T78/><D1/><U32/><E75/><V23/><F71/><W65/><G65/><T12/><D24/><U31/><E31/><V45/><F45/><W108/><G129/><T99/><D35/><U46/><E11/><V16/><F23/><W8/><G43/><T132/><D132/><U13/><E46/><V100/><F58/><W5/><G17/><T44/><D116/><U0/><E13/><N who="2" m="5303" /><F94/><W109/><G85/><T107/><D107/><U81/><REACH who="1" step="1"/><E77/><REACH who="1" ten="250,240,250,250" step="2"/><V29/><F79/><W41/><G8/><T121/><D121/><U89/><E89/><N who="2" m="53415" /><F29/><W50/><G28/><T92/><D78/><U88/><E88/><V117/><F117/><W126/><G91/><T102/><D15/><U19/><E19/><V74/><F74/><W30/><G30/><T64/><D12/><U25/><E25/><V18/><F18/><W49/><G26/><T70/><D70/><U14/><E14/><V61/><AGARI ba="0,1" hai="16,21,27,59,61,67,100,101" m="53415,5303" machi="61" ten="30,2000,0" yaku="8,1,54,1" doraHai="113" who="2" fromWho="2" sc="250,-10,240,-5,250,30,250,-5" /><INIT seed="1,0,0,4,3,132" ten="240,235,280,245" oya="1" hai0="25,56,80,129,91,134,84,59,18,85,43,35,58" hai1="38,9,11,106,26,104,115,116,127,128,131,130,53" hai2="113,109,6,63,40,54,111,57,60,125,108,74,23" hai3="5,47,14,17,33,13,105,61,94,95,99,98,51"/><U133/><E115/><V71/><F74/><W121/><G33/><T22/><D134/><U126/><E116/><V68/><F6/><W27/><G121/><T52/><D35/><U41/><E53/><V93/><F113/><W100/><G61/><T112/><D112/><U66/><E66/><V107/><F107/><N who="1" m="41001" /><E38/><V46/><F93/><W8/><G27/><T103/><D103/><U101/><E41/><V30/><F30/><W1/><G105/><T76/><D43/><U45/><E45/><V65/><F23/><W21/><G1/><T19/><D19/><U44/><E101/><V62/><F62/><W77/><G77/><T119/><D119/><U7/><E44/><V123/><F123/><W12/><G8/><N who="1" m="3146" /><E7/><V28/><F28/><W39/><G39/><T70/><D70/><U31/><E133/><V36/><REACH who="2" step="1"/><F71/><REACH who="2" ten="240,235,270,245" step="2"/><W34/><G34/><AGARI ba="0,1" hai="26,31,34,126,127,128,130,131" m="3146,41001" machi="34" ten="40,7700,0" yaku="19,1,52,2" doraHai="132" who="1" fromWho="3" sc="240,0,235,87,270,0,245,-77" /><INIT seed="1,1,0,4,2,36" ten="240,322,270,168" oya="1" hai0="105,0,62,23,8,45,69,81,20,86,78,55,63" hai1="101,104,114,41,85,99,132,80,106,111,89,129,96" hai2="127,123,22,110,64,120,131,15,82,9,112,12,4" hai3="70,135,98,67,16,128,102,119,54,39,49,42,59"/><U130/><E41/><V52/><F64/><W18/><G119/><T38/><D105/><U33/><E33/><V75/><F110/><W76/><G135/><T117/><D117/><U122/><E122/><V74/><F131/><N who="1" m="50185" /><E132/><V48/><F127/><W97/><G128/><T10/><D63/><U77/><E114/><V126/><F126/><W11/><G76/><T53/><D53/><U34/><E34/><V103/><F103/><W44/><G11/><T116/><D116/><U60/><E60/><V47/><F112/><W65/><G65/><T90/><D10/><U25/><E25/><V88/><F74/><W51/><G51/><T3/><D69/><U118/><E118/><V27/><F15/><W133/><G133/><T73/><D0/><U2/><E2/><V13/><F13/><W71/><G71/><T40/><D62/><U113/><E113/><V30/><REACH who="2" step="1"/><F75/><REACH who="2" ten="240,322,260,168" step="2"/><W17/><G102/><T32/><D32/><U24/><E111/><V46/><F46/><W115/><REACH who="3" step="1"/><G115/><REACH who="3" ten="240,322,260,158" step="2"/><T84/><D73/><U72/><E101/><V58/><F58/><W57/><G57/><T109/><D109/><U121/><E121/><V61/><F61/><AGARI ba="1,2" hai="16,17,18,39,42,44,49,54,59,61,67,70,97,98" machi="61" ten="40,8000,1" yaku="1,1,24,2,52,1,54,1,53,0" doraHai="36" doraHaiUra="108" who="3" fromWho="2" sc="240,0,322,0,260,-83,158,103" /><INIT seed="2,0,0,0,0,62" ten="240,322,177,261" oya="2" hai0="82,11,75,14,10,132,37,80,77,112,93,60,87" hai1="81,21,15,41,74,65,16,95,49,27,25,34,76" hai2="125,19,72,69,64,129,3,18,30,124,106,133,22" hai3="86,116,70,35,4,107,52,32,85,44,24,91,46"/><V7/><F106/><W94/><G107/><T57/><D37/><U135/><E135/><V84/><F72/><W9/><G116/><T100/><D112/><U5/><E34/><V55/><F133/><W114/><G114/><T29/><D132/><U48/><E95/><V53/><F84/><W99/><G70/><T113/><D113/><U79/><E76/><V128/><F53/><W73/><G73/><T102/><D29/><U40/><E48/><V122/><F55/><W47/><G35/><T105/><D105/><U111/><E111/><V36/><F36/><W31/><REACH who="3" step="1"/><G52/><REACH who="3" ten="240,322,177,251" step="2"/><T134/><D134/><U71/><E71/><V66/><F122/><W8/><G8/><T28/><D11/><U2/><E74/><V61/><F69/><W118/><G118/><T43/><D10/><U115/><E115/><V54/><F54/><W97/><G97/><T38/><D75/><U58/><E41/><V103/><F61/><W17/><G17/><N who="2" m="6153" /><F7/><W42/><G42/><T83/><D43/><U98/><E16/><V26/><F3/><AGARI ba="0,1" hai="3,4,9,24,31,32,44,46,47,85,86,91,94,99" machi="3" ten="40,1300,0" yaku="1,1,53,0" doraHai="62" doraHaiUra="12" who="3" fromWho="2" sc="240,0,322,0,177,-13,251,23" /><INIT seed="3,0,0,5,5,60" ten="240,322,164,274" oya="3" hai0="10,128,115,111,2,59,52,29,13,11,109,69,100" hai1="122,73,105,33,87,68,104,96,135,93,98,53,64" hai2="17,103,21,35,18,30,58,134,34,44,41,49,1" hai3="38,75,40,36,114,92,22,131,6,39,24,31,91"/><W70/><G75/><T82/><D69/><U118/><E53/><V20/><F103/><W84/><G70/><T113/><D100/><U80/><E122/><V83/><F1/><W19/><G114/><T97/><D97/><U74/><E33/><V42/><F134/><W7/><G131/><T57/><D57/><U85/><E64/><V15/><F41/><W86/><G40/><T110/><D128/><U132/><E68/><V16/><F30/><W63/><G31/><T127/><D127/><U90/><E118/><V37/><F83/><W123/><G123/><T107/><D107/><N who="1" m="41035" /><E135/><V95/><F95/><W61/><REACH who="3" step="1"/><G84/><REACH who="3" ten="240,322,164,264" step="2"/><T67/><D29/><U125/><E132/><V121/><F121/><W25/><G25/><T9/><D113/><U117/><E117/><V12/><F42/><W55/><G55/><T65/><D115/><U108/><E125/><V124/><F124/><W112/><G112/><T48/><D2/><U71/><E71/><V54/><F54/><W32/><G32/><T62/><D13/><U27/><E27/><V77/><F12/><W94/><G94/><T133/><D133/><U14/><E14/><V56/><F15/><W88/><G88/><T43/><D82/><U26/><E26/><V72/><F72/><N who="1" m="27753" /><E108/><V106/><F35/><W5/><AGARI ba="0,1" hai="5,6,7,19,22,24,36,38,39,61,63,86,91,92" machi="5" ten="40,3900,0" yaku="1,1,0,1,53,0" doraHai="60" doraHaiUra="101" who="3" fromWho="3" sc="240,-13,322,-13,164,-13,264,49" /><INIT seed="3,1,0,5,2,131" ten="227,309,151,313" oya="3" hai0="118,59,20,16,47,50,107,34,79,11,66,23,74" hai1="87,40,112,51,44,14,122,42,77,86,33,123,18" hai2="115,83,60,126,26,80,72,52,43,78,49,62,88" hai3="94,81,134,64,4,133,127,15,116,68,3,9,31"/><W56/><G116/><T114/><D34/><U104/><E33/><V121/><F115/><W125/><G68/><T46/><D118/><U27/><E104/><V37/><F126/><N who="3" m="48139" /><G81/><T89/><D107/><U82/><E112/><V22/><F121/><W113/><G94/><T39/><D79/><U84/><E27/><V30/><F43/><W132/><G113/><T28/><D74/><U48/><E123/><V32/><F37/><W73/><G73/><T36/><D114/><U57/><E122/><V5/><F5/><W29/><G64/><T90/><D11/><N who="1" m="6495" /><E57/><V98/><F32/><W108/><G56/><T75/><D75/><U54/><E51/><V76/><F76/><W10/><G108/><T67/><D59/><U35/><E35/><V130/><F130/><W0/><G0/><T70/><D50/><U129/><E129/><V45/><REACH who="2" step="1"/><F98/><REACH who="2" ten="227,309,141,313" step="2"/><W91/><G91/><T6/><D90/><U85/><AGARI ba="1,1" hai="40,42,44,48,54,77,82,84,85,86,87" m="6495" machi="85" ten="30,1100,0" yaku="8,1" doraHai="131" who="1" fromWho="1" sc="227,-4,309,24,141,-4,313,-6" /><INIT seed="4,0,0,3,1,44" ten="223,333,137,307" oya="0" hai0="29,122,3,1,80,98,74,99,115,88,107,33,16" hai1="51,6,128,119,62,67,108,20,57,93,81,13,60" hai2="83,127,30,85,95,56,7,64,59,97,126,15,117" hai3="69,131,96,120,132,129,130,34,87,32,42,21,109"/><T38/><D122/><U106/><E119/><V121/><F121/><W101/><G120/><T41/><D115/><U89/><E106/><V35/><F117/><W40/><G69/><T4/><D29/><U53/><E108/><V116/><F116/><W10/><G109/><T49/><D33/><U18/><E128/><V39/><F39/><W110/><G110/><T55/><D3/><U66/><E6/><V43/><F43/><W24/><G10/><T92/><D41/><U123/><E123/><V79/><F64/><N who="1" m="24617" /><E81/><V114/><F114/><W82/><G40/><T125/><D38/><U94/><E93/><V27/><F7/><W90/><G42/><T113/><D113/><U2/><E2/><V25/><F15/><W45/><G45/><T63/><D63/><U47/><E62/><V65/><F65/><W36/><G132/><T112/><D112/><U8/><E8/><V77/><F25/><W50/><G36/><T72/><D4/><U70/><E70/><V103/><F77/><W84/><G84/><T68/><D1/><U22/><E22/><V78/><F78/><W0/><G0/><T9/><D68/><U135/><E135/><V71/><F71/><W86/><G86/><N who="0" m="50247" /><D107/><U12/><E60/><V14/><F35/><W100/><G32/><T23/><D125/><U46/><E13/><V26/><F14/><W37/><G34/><T118/><D118/><U111/><E111/><V134/><F30/><W104/><G37/><T133/><D133/><U102/><E102/><V124/><F134/><W17/><G101/><N who="0" m="60615" /><D9/><U54/><E54/><V5/><F5/><RYUUKYOKU ba="0,0" sc="223,-30,333,10,137,10,307,10" hai1="12,18,20,46,47,51,53,57,89,94" hai2="26,27,56,59,79,83,85,95,97,103,124,126,127" hai3="17,21,24,50,82,87,90,96,100,104,129,130,131" /><INIT seed="5,1,0,3,5,13" ten="193,343,147,317" oya="1" hai0="54,61,28,12,132,118,53,16,114,39,106,94,63" hai1="86,11,24,98,49,33,79,9,120,113,90,102,123" hai2="127,119,37,84,3,82,115,57,83,105,135,34,8" hai3="47,104,72,55,15,26,85,43,62,89,56,21,87"/><U2/><E113/><V112/><F34/><W48/><G72/><T14/><D106/><U66/><E79/><V103/><F37/><W27/><G104/><T40/><D118/><U109/><E109/><V76/><F119/><W107/><G107/><T117/><D117/><U78/><E78/><V100/><F105/><W129/><G129/><T22/><D114/><N who="2" m="43562" /><F135/><W125/><G125/><T32/><D132/><U18/><E66/><V81/><F127/><W74/><G74/><T68/><D28/><U17/><E123/><V111/><F111/><W52/><G43/><T130/><D32/><U4/><E120/><V19/><F84/><W116/><G87/><T46/><D130/><U7/><E98/><V0/><F57/><W77/><G77/><T70/><D94/><U29/><E102/><N who="2" m="38955" /><F76/><W95/><G116/><T75/><D75/><U121/><E49/><V50/><F50/><W126/><G126/><T99/><D99/><U93/><E121/><V92/><F92/><W44/><G44/><T45/><D45/><U58/><E58/><V31/><F31/><W51/><G62/><T128/><D128/><U64/><E64/><V96/><F96/><W35/><G35/><T97/><D97/><U6/><E6/><V67/><F67/><W25/><G15/><AGARI ba="1,0" hai="2,4,7,9,11,15,17,18,24,29,33,86,90,93" machi="15" ten="30,5800,0" yaku="7,1,52,2" doraHai="13" who="1" fromWho="3" sc="193,0,343,61,147,0,317,-61" /><AGARI ba="1,0" hai="0,3,8,15,19,81,82,83" m="38955,43562" machi="15" ten="40,5200,0" yaku="15,1,11,1,52,1" doraHai="13" who="2" fromWho="3" sc="193,0,404,0,147,52,256,-52" /><INIT seed="5,2,0,1,5,57" ten="193,404,199,204" oya="1" hai0="55,104,75,116,87,105,133,2,1,97,65,28,34" hai1="130,110,96,13,30,78,102,89,60,59,92,113,41" hai2="44,49,45,7,131,20,119,132,81,108,48,115,18" hai3="53,9,32,61,111,24,71,107,100,3,50,123,134"/><U56/><E113/><V106/><F119/><W67/><G123/><T135/><D116/><U69/><E130/><V72/><F108/><W43/><G111/><T38/><D75/><U6/><E110/><V109/><F109/><W15/><G134/><T21/><D38/><U5/><E69/><V120/><F120/><W80/><G43/><T124/><D34/><U37/><E37/><V25/><F106/><W79/><G3/><T12/><D104/><U16/><E41/><V125/><F7/><N who="1" m="2569" /><E30/><V17/><F72/><W39/><G39/><T27/><D2/><U99/><E78/><V64/><F115/><W26/><G32/><T10/><D1/><U22/><E102/><V73/><F73/><W40/><G40/><T84/><D124/><U70/><E70/><V90/><F125/><W54/><G54/><T52/><D65/><N who="1" m="39047" /><E59/><V77/><F77/><W4/><G100/><T74/><D74/><U31/><E31/><V35/><F35/><W88/><G79/><T47/><D135/><U98/><AGARI ba="2,0" hai="13,16,22,89,92,96,98,99" m="39047,2569" machi="98" ten="30,6000,0" yaku="8,1,52,1,54,1" doraHai="57" who="1" fromWho="1" sc="193,-22,404,66,199,-22,204,-22" /><INIT seed="5,3,0,1,3,135" ten="171,470,177,182" oya="1" hai0="5,117,9,30,107,95,29,64,114,0,41,8,53" hai1="80,103,93,131,36,133,31,123,94,113,56,3,65" hai2="129,48,116,74,47,62,122,59,28,121,73,134,1" hai3="55,45,110,92,43,81,51,111,44,46,13,2,4"/><U125/><E31/><V54/><F1/><W23/><G2/><T119/><D107/><U89/><E56/><V19/><F28/><W71/><G71/><T16/><D64/><U88/><E65/><V50/><F134/><W25/><G81/><T84/><D41/><U105/><E36/><V96/><F116/><W7/><G111/><T57/><D30/><U63/><E63/><V106/><F19/><W124/><G110/><T112/><D29/><U39/><E39/><V12/><F12/><W42/><G92/><T21/><D9/><U49/><E49/><V85/><F85/><W24/><G13/><T82/><D117/><U18/><E80/><V90/><F50/><W77/><G77/><T87/><D119/><U104/><E18/><V86/><F74/><W76/><G76/><T102/><D102/><U118/><E103/><N who="2" m="62823" /><F73/><W97/><G97/><T15/><D82/><U66/><E3/><V58/><F121/><W10/><G10/><T52/><D53/><U70/><E104/><V37/><F59/><W132/><G132/><T69/><D69/><U34/><E105/><V91/><F37/><W108/><G108/><T38/><D38/><U128/><E133/><V35/><F35/><W26/><G23/><T6/><D6/><U40/><E34/><V98/><F122/><W60/><G60/><T130/><D84/><U22/><E123/><V109/><F109/><W33/><G33/><T14/><D0/><U11/><E70/><V72/><F72/><W83/><G4/><T79/><D5/><U67/><E118/><V20/><F86/><W126/><G7/><RYUUKYOKU ba="3,0" sc="171,0,470,0,177,0,182,0" /><INIT seed="6,4,0,0,3,76" ten="171,470,177,182" oya="2" hai0="60,53,88,64,39,77,68,130,80,42,55,12,81" hai1="1,114,26,0,61,73,100,28,69,134,101,131,96" hai2="124,133,16,21,67,63,84,86,38,54,17,51,14" hai3="118,65,115,104,70,99,75,72,40,4,92,74,46"/><V7/><F38/><W97/><G118/><T82/><D130/><U33/><E114/><V41/><F41/><W78/><G115/><T52/><D12/><U121/><E134/><V123/><F133/><W127/><G127/><T110/><D110/><U109/><E121/><V90/><F124/><W71/><G65/><T62/><D62/><U36/><E109/><V18/><F123/><W20/><G20/><T113/><D113/><U24/><E24/><V98/><F98/><W2/><G92/><T94/><D42/><U8/><E101/><V50/><F7/><W105/><G97/><T49/><D39/><U106/><E131/><V9/><F21/><W43/><G43/><T103/><D103/><U47/><E8/><V135/><F135/><W48/><G99/><T57/><REACH who="0" step="1"/><D77/><REACH who="0" ten="161,470,177,182" step="2"/><U117/><E36/><V83/><F50/><W6/><G78/><T108/><D108/><U56/><E61/><V102/><F102/><W66/><G2/><T107/><D107/><U32/><E106/><V29/><F63/><W30/><G105/><T34/><D34/><U89/><E33/><V95/><F67/><W44/><G66/><T126/><D126/><U23/><E32/><V19/><F14/><W22/><G104/><T93/><D93/><U25/><E0/><V85/><F9/><W3/><G3/><T116/><D116/><U91/><E1/><V45/><N who="2" m="4608" /><DORA hai="128" /><V15/><F15/><W59/><G70/><T125/><D125/><U119/><E69/><V129/><F129/><W87/><G71/><T111/><D111/><U132/><E100/><V79/><F95/><RYUUKYOKU ba="4,1" sc="161,30,470,-10,177,-10,182,-10" hai0="49,52,53,55,57,60,64,68,80,81,82,88,94" /><INIT seed="7,5,1,1,3,79" ten="191,460,167,172" oya="3" hai0="15,24,111,35,32,116,99,60,131,10,120,102,108" hai1="125,83,95,93,89,18,74,8,112,77,57,20,46" hai2="63,107,45,134,73,59,38,72,76,0,28,80,64" hai3="29,127,67,100,130,49,101,70,75,47,31,121,78"/><W5/><G121/><T103/><D120/><U135/><E112/><V52/><F107/><W110/><G110/><T56/><D116/><U66/><E125/><V48/><F0/><W119/><G127/><T61/><D61/><U4/><E135/><V82/><F134/><W87/><G119/><T114/><D35/><U42/><E57/><V109/><F109/><W36/><G75/><T105/><D103/><U21/><E66/><V3/><F3/><W69/><G36/><T51/><D51/><U55/><E55/><V11/><F11/><W104/><G104/><T91/><D114/><U41/><E18/><V84/><F28/><W53/><G130/><T94/><D131/><U85/><E93/><V132/><F132/><W16/><G5/><T14/><D14/><U81/><E95/><V90/><F38/><W113/><G70/><T97/><D24/><U129/><E129/><V115/><F115/><W43/><G113/><T2/><D32/><U88/><E89/><V133/><F133/><W54/><G67/><T39/><D2/><N who="1" m="23" /><E41/><V6/><F6/><W23/><G69/><T34/><D34/><U117/><E117/><V12/><F12/><N who="3" m="9607" /><G29/><T25/><D25/><U71/><E71/><V44/><F72/><W124/><G31/><T27/><D27/><U86/><E86/><V7/><F7/><W68/><G68/><AGARI ba="5,1" hai="44,45,48,52,59,63,64,68,73,76,80,82,84,90" machi="68" ten="30,7700,0" yaku="7,1,52,2,54,1" doraHai="79" who="2" fromWho="3" sc="191,0,460,0,167,102,172,-92" owari="191,-21.0,460,56.0,269,7.0,80,-42.0" /></mjloggm>