<mjloggm ver="2.3"><GO type="41" lobby="0"/><UN n0="%E5%86%AC%E9%BA%BB" n1="%E3%82%A6%E3%83%AB%E3%83%88%E3%83%A9%E7%AB%8B%E7%9B%B4" n2="%E5%92%8C%E6%B3%89%E5%BC%8F%E9%83%A8" n3="%6B%65%6E%34%39" dan="14,15,15,13" rate="1919.89,1993.06,1967.04,1914.07" sx="F,M,F,M"/><TAIKYOKU oya="0"/><INIT seed="0,0,0,1,3,109" ten="250,250,250,250" oya="0" hai0="96,86,56,33,27,60,129,77,12,28,58,94,20" hai1="122,14,36,66,9,53,52,131,63,39,124,44,82" hai2="114,38,121,24,110,3,2,83,50,133,106,74,22" hai3="34,54,73,99,64,0,68,97,5,95,88,23,102"/><T71/><D129/><U125/><E82/><V31/><F38/><N who="1" m="14377" /><E14/><V89/><F114/><W91/><G73/><T26/><D12/><U115/><E9/><V117/><F121/><W79/><G79/><T104/><D77/><U127/><E122/><V8/><F106/><W108/><G108/><T30/><D86/><U51/><E131/><V57/><F8/><W80/><G34/><T103/><REACH who="0" step="1"/><D94/><REACH who="0" ten="240,250,250,250" step="2"/><U13/><E13/><V134/><F3/><W132/><G0/><T40/><D40/><N who="1" m="24967" /><E115/><V48/><F2/><W112/><G112/><T35/><D35/><U41/><E41/><V84/><F84/><W98/><G80/><T105/><D105/><U19/><E19/><V18/><F83/><W87/><G87/><T45/><D45/><U107/><E107/><V72/><F72/><W120/><G120/><T42/><D42/><U49/><E49/><V43/><F50/><W16/><G99/><T119/><D119/><U90/><E90/><V25/><F48/><W55/><G91/><T32/><D32/><U1/><E1/><V118/><F43/><W128/><G128/><T69/><D69/><AGARI ba="0,1" hai="52,53,63,66,69,124,125,127" m="24967,14377" machi="69" ten="40,8000,1" yaku="18,1,34,2,54,1" doraHai="109" who="1" fromWho="0" sc="240,-80,250,90,250,0,250,0" /><INIT seed="1,0,0,0,3,112" ten="160,340,250,250" oya="1" hai0="55,77,75,123,92,26,119,62,46,117,0,135,120" hai1="34,95,73,125,18,14,7,42,129,130,13,106,33" hai2="90,23,83,110,111,5,1,28,132,48,108,68,86" hai3="19,31,109,47,12,116,121,107,32,100,63,74,8"/><U6/><E73/><V131/><F68/><W53/><G121/><N who="0" m="46667" /><D0/><U11/><E95/><V114/><F114/><W61/><G74/><T22/><D92/><U97/><E42/><V87/><F131/><N who="1" m="50185" /><E97/><V25/><F132/><W79/><G79/><T3/><D3/><U128/><E106/><V52/><F86/><W102/><G109/><T24/><D135/><U84/><E84/><V133/><F133/><W57/><G107/><T67/><D75/><U78/><E78/><V44/><F1/><W89/><G32/><N who="1" m="12394" /><E128/><V85/><F5/><N who="1" m="1545" /><E14/><V54/><REACH who="2" step="1"/><F87/><REACH who="2" ten="160,340,240,250" step="2"/><W56/><G31/><N who="0" m="17815" /><D77/><U43/><E43/><AGARI ba="0,1" hai="23,25,28,43,44,48,52,54,83,85,90,108,110,111" machi="43" ten="40,5200,0" yaku="1,1,14,1,54,1,53,0" doraHai="112" doraHaiUra="93" who="2" fromWho="1" sc="160,0,340,-52,240,62,250,0" /><INIT seed="2,0,0,2,4,11" ten="160,288,302,250" oya="2" hai0="30,101,41,131,79,78,38,44,69,71,114,120,92" hai1="26,20,123,1,85,17,46,31,75,15,90,62,122" hai2="73,83,110,50,93,42,64,98,40,100,4,66,117" hai3="95,47,49,18,27,7,104,107,77,12,105,19,10"/><V43/><F117/><W21/><G77/><T97/><D120/><U89/><E75/><V126/><F126/><W121/><G121/><N who="1" m="46090" /><E1/><V76/><F110/><W99/><G19/><T13/><D114/><U113/><E113/><V135/><F135/><W72/><G72/><T124/><D124/><U24/><E62/><V16/><F4/><W81/><G81/><T106/><D131/><U74/><E74/><V0/><F0/><W102/><REACH who="3" step="1"/><G107/><REACH who="3" ten="160,288,302,240" step="2"/><T84/><D106/><U37/><E31/><V103/><F16/><W125/><G125/><T86/><D78/><U67/><E26/><V65/><F76/><W14/><G14/><T88/><D79/><U39/><E24/><V91/><F73/><W63/><G63/><T45/><D13/><U51/><E15/><V132/><F83/><W59/><G59/><T3/><D3/><U54/><E17/><V115/><F115/><W119/><G119/><T127/><D127/><U60/><E60/><V5/><F5/><W118/><G118/><T57/><D30/><U6/><E6/><V22/><F65/><W55/><AGARI ba="0,1" hai="7,10,12,18,21,27,47,49,55,95,99,102,104,105" machi="55" ten="20,5200,0" yaku="1,1,0,1,7,1,52,1,53,0" doraHai="11" doraHaiUra="128" who="3" fromWho="3" sc="160,-13,288,-13,302,-26,240,62" /><INIT seed="3,0,0,2,0,28" ten="147,275,276,302" oya="3" hai0="42,27,134,49,68,15,118,3,117,115,48,14,76" hai1="56,119,61,36,70,19,111,58,39,5,92,98,97" hai2="94,45,64,23,109,66,72,12,102,7,107,44,83" hai3="90,65,43,11,46,122,52,10,79,100,9,6,114"/><W16/><G122/><T131/><D3/><U121/><E5/><V96/><F109/><W59/><G65/><T32/><D131/><U47/><E111/><V84/><F72/><W125/><G125/><T60/><D134/><U21/><E70/><V116/><F107/><W124/><G124/><T20/><D115/><U29/><E58/><V25/><F116/><W18/><G79/><T93/><D76/><U17/><E97/><V73/><F73/><W130/><G130/><T38/><D38/><U80/><E80/><V101/><F101/><W88/><G100/><T108/><D108/><U1/><E1/><V133/><F133/><W132/><G132/><T4/><D93/><U34/><E19/><N who="3" m="7210" /><G114/><T99/><D99/><U104/><E104/><V128/><F128/><W135/><G135/><T54/><D42/><U51/><E39/><V55/><F64/><W78/><G78/><T37/><D37/><U31/><E36/><V24/><F66/><W91/><G46/><N who="2" m="18025" /><F55/><W26/><G26/><T77/><D77/><U95/><E31/><V40/><F40/><W33/><G33/><T13/><D54/><N who="1" m="30079" /><E29/><V67/><F67/><W89/><N who="3" m="22528" /><DORA hai="126" /><W35/><G35/><T69/><D117/><U112/><E34/><V123/><F123/><W87/><G43/><T8/><D32/><U103/><E121/><V129/><F129/><W113/><G113/><T81/><D118/><U75/><E112/><V0/><F102/><W120/><G120/><T30/><D68/><U105/><E75/><V82/><F25/><W53/><G53/><T110/><D69/><U86/><E119/><RYUUKYOKU ba="0,0" sc="147,0,275,0,276,0,302,0" /><INIT seed="4,1,0,0,3,110" ten="147,275,276,302" oya="0" hai0="79,26,22,50,42,13,51,44,18,131,10,87,64" hai1="2,9,98,125,109,4,52,128,25,6,32,62,100" hai2="75,0,21,135,67,96,119,15,61,85,38,82,65" hai3="43,73,34,84,19,97,106,95,36,60,74,1,7"/><T76/><D131/><U86/><E6/><V30/><F0/><W126/><G34/><T58/><D87/><U63/><E109/><V132/><F75/><W120/><G106/><T94/><D94/><U71/><E128/><V20/><F38/><W54/><G126/><T115/><D115/><U53/><E125/><V39/><F39/><W90/><G120/><T114/><D114/><U103/><E103/><V56/><F119/><W113/><G113/><T83/><D83/><U68/><E86/><V59/><F96/><W37/><G43/><T72/><D72/><U92/><E62/><N who="2" m="38087" /><F15/><W45/><G37/><T12/><D12/><U77/><E77/><N who="2" m="46287" /><F30/><W117/><G117/><T41/><D41/><U130/><E130/><V57/><F57/><W69/><G69/><T31/><REACH who="0" step="1"/><D51/><REACH who="0" ten="137,275,276,302" step="2"/><U81/><E81/><V47/><F47/><W40/><G36/><T129/><D129/><U8/><E92/><V112/><F112/><W16/><G40/><T122/><D122/><U27/><E98/><V101/><F101/><W24/><G74/><T28/><D28/><U55/><E100/><V88/><F88/><W102/><G73/><T48/><D48/><U49/><E49/><V23/><F135/><W105/><G102/><T89/><D89/><U80/><E80/><V121/><F132/><W33/><G90/><T134/><D134/><U123/><E123/><V29/><F121/><W127/><G105/><T107/><D107/><U116/><E116/><V111/><F29/><W46/><G95/><T14/><D14/><U133/><E133/><V5/><F111/><W104/><G104/><RYUUKYOKU ba="1,1" sc="137,15,275,-15,276,15,302,-15" hai0="10,13,18,22,26,31,42,44,50,58,64,76,79" hai2="5,20,21,23,59,61,67" /><INIT seed="4,2,1,2,0,128" ten="152,260,291,287" oya="0" hai0="22,61,17,35,64,6,30,49,119,134,105,107,106" hai1="87,102,90,117,37,41,70,8,78,133,10,15,48" hai2="75,68,11,23,109,98,115,103,135,100,46,13,51" hai3="112,3,127,32,95,97,77,42,57,60,111,19,29"/><T88/><D119/><U76/><E70/><V4/><F109/><W130/><G111/><T28/><D6/><U43/><E37/><V71/><F75/><W79/><G3/><T67/><D49/><U126/><E102/><V16/><F135/><W132/><G112/><T93/><D35/><U34/><E34/><V99/><F115/><W14/><G130/><T96/><D134/><U50/><E126/><V56/><F56/><W101/><G127/><T86/><D86/><U108/><E108/><V38/><F38/><W47/><G132/><T123/><D123/><U114/><E114/><V94/><F99/><W7/><G7/><T58/><REACH who="0" step="1"/><D67/><REACH who="0" ten="142,260,291,287" step="2"/><U82/><E133/><V31/><F51/><N who="3" m="27127" /><G32/><T52/><D52/><U125/><E125/><V89/><F4/><W25/><G29/><T26/><AGARI ba="2,2" hai="17,22,26,28,30,58,61,64,88,93,96,105,106,107" machi="26" ten="30,6000,0" yaku="1,1,0,1,54,1,53,0" doraHai="128" doraHaiUra="45" who="0" fromWho="0" sc="142,86,260,-22,291,-22,287,-22" /><INIT seed="4,3,0,2,4,75" ten="228,238,269,265" oya="0" hai0="36,98,37,29,33,108,40,78,52,14,122,73,105" hai1="25,53,10,30,3,71,58,63,8,44,94,34,103" hai2="19,117,60,84,24,109,15,47,54,126,97,22,6" hai3="133,2,42,124,0,111,31,43,4,118,9,35,99"/><T50/><D122/><U80/><E3/><V121/><F109/><W116/><G111/><T135/><D108/><U74/><E71/><V134/><F121/><W106/><G133/><T92/><D105/><U81/><E103/><V110/><F110/><W102/><G124/><T46/><D135/><U88/><E44/><V101/><F134/><W20/><G2/><T120/><D120/><U1/><E1/><V67/><F126/><W21/><G21/><T128/><D128/><U12/><E74/><V28/><F84/><W131/><G131/><T89/><D14/><U129/><E129/><V48/><F6/><W16/><G118/><T61/><D61/><U96/><REACH who="1" step="1"/><E8/><REACH who="1" ten="228,228,269,265" step="2"/><V112/><F101/><W41/><G116/><T90/><D90/><U27/><E27/><V91/><F24/><N who="3" m="18919" /><G41/><T66/><D40/><U76/><E76/><V119/><F91/><W86/><G86/><T59/><D78/><U114/><E114/><V13/><F112/><W79/><G79/><T5/><D73/><U72/><E72/><V64/><F117/><W125/><G125/><T26/><D33/><U7/><AGARI ba="3,1" hai="7,10,12,25,30,34,53,58,63,80,81,88,94,96" machi="7" ten="20,5200,0" yaku="1,1,0,1,7,1,54,1,53,0" doraHai="75" doraHaiUra="65" who="1" fromWho="1" sc="228,-29,228,71,269,-16,265,-16" /><INIT seed="5,0,0,5,0,121" ten="199,299,253,249" oya="1" hai0="84,81,52,68,14,89,103,77,65,59,42,5,113" hai1="69,22,115,31,39,62,43,130,17,54,28,83,91" hai2="102,96,23,55,64,118,73,50,117,44,25,45,79" hai3="101,63,82,13,41,92,135,51,58,110,88,99,38"/><U105/><E105/><V2/><F2/><W16/><G110/><T104/><D113/><U12/><E43/><V131/><F131/><W125/><G135/><T0/><D0/><U40/><E40/><V132/><F132/><W1/><G1/><T29/><D42/><U76/><E39/><V4/><F4/><W85/><G125/><T7/><D68/><U15/><E115/><V112/><F64/><W86/><G38/><T109/><D65/><U97/><E130/><V134/><F45/><W21/><G86/><T87/><D29/><U116/><E116/><V26/><F26/><W126/><G41/><T95/><D109/><U75/><E15/><V111/><F111/><W57/><G126/><T93/><D14/><U94/><E69/><V114/><F134/><W133/><G51/><T8/><D8/><U123/><E123/><V120/><F120/><W30/><G133/><T24/><D24/><U9/><E9/><V6/><F6/><W32/><G32/><T56/><D104/><U129/><E129/><V53/><F114/><W66/><G30/><T46/><D46/><U72/><E72/><V90/><F73/><W107/><REACH who="3" step="1"/><G58/><REACH who="3" ten="199,299,253,239" step="2"/><T35/><D35/><U119/><E28/><V71/><F112/><W48/><G48/><N who="0" m="30727" /><D59/><N who="1" m="35191" /><E31/><V100/><F71/><W10/><G10/><T61/><D61/><U3/><E3/><V108/><F108/><W37/><G37/><T127/><D127/><U80/><E119/><V27/><F117/><W60/><G60/><T34/><D34/><U36/><E36/><V124/><F118/><W122/><G122/><T70/><D70/><RYUUKYOKU ba="0,1" sc="199,10,299,10,253,-30,239,10" hai0="5,7,77,81,84,87,89,93,95,103" hai1="12,17,22,75,76,80,83,91,94,97" hai3="13,16,21,57,63,66,82,85,88,92,99,101,107" /><INIT seed="5,1,1,5,1,92" ten="209,309,223,249" oya="1" hai0="69,129,56,117,105,2,70,97,126,19,88,83,34" hai1="86,76,32,17,43,73,109,51,94,42,5,29,113" hai2="123,31,26,82,75,89,120,39,1,36,61,98,12" hai3="10,93,111,48,9,127,119,91,47,41,15,90,49"/><U134/><E29/><V8/><F1/><W6/><G111/><T16/><D117/><U28/><E28/><V95/><F39/><W18/><G127/><T74/><D2/><U80/><E32/><V87/><F36/><W72/><G72/><T54/><D129/><U131/><E131/><V27/><F61/><W110/><G110/><T68/><D34/><U133/><E5/><V14/><F75/><W84/><G119/><T85/><D126/><U132/><E109/><V52/><F52/><W37/><G91/><T106/><D74/><U20/><E51/><V67/><F67/><W4/><G18/><T122/><D122/><U115/><E43/><V108/><F108/><W58/><G58/><T66/><D66/><U25/><E42/><V7/><F14/><AGARI ba="1,1" hai="4,6,9,10,14,15,37,41,47,48,49,84,90,93" machi="14" ten="30,2000,0" yaku="7,1,9,1" doraHai="92" who="3" fromWho="2" sc="209,0,309,0,223,-23,249,33" /><INIT seed="6,0,0,0,2,131" ten="209,309,200,282" oya="2" hai0="14,90,119,16,6,62,94,39,114,87,60,2,44" hai1="48,32,61,113,52,108,120,67,73,7,126,41,130" hai2="13,118,117,132,102,1,8,80,122,112,97,37,46" hai3="86,95,92,59,104,106,26,129,57,78,84,5,30"/><V63/><F122/><W22/><G129/><T28/><D114/><U23/><E32/><V49/><F1/><W134/><G134/><T54/><D119/><U55/><E73/><V35/><F37/><W100/><G5/><T124/><D124/><U40/><E7/><V88/><F35/><W82/><G106/><T98/><D28/><U20/><E20/><V4/><F112/><W33/><G33/><T79/><D2/><U68/><E23/><V15/><F132/><W11/><G11/><T81/><D6/><U110/><E130/><V18/><F63/><W77/><G104/><T45/><D39/><U38/><E113/><V50/><F50/><W21/><G21/><T83/><D83/><U29/><E29/><V111/><F111/><W75/><G75/><T99/><D99/><U85/><E85/><N who="2" m="50215" /><F97/><W93/><G100/><T47/><REACH who="0" step="1"/><D54/><REACH who="0" ten="199,309,200,282" step="2"/><N who="1" m="20523" /><E126/><V17/><F102/><W51/><G51/><T101/><D101/><U105/><E120/><V19/><F13/><W103/><G103/><T71/><D71/><U56/><E105/><V91/><F91/><W121/><G121/><T135/><D135/><U70/><E70/><V31/><F31/><W115/><G115/><T12/><D12/><U89/><E89/><V36/><F36/><W25/><G30/><T72/><D72/><U58/><E68/><V125/><F125/><W109/><G82/><T123/><D123/><U53/><E38/><V65/><F65/><W27/><G109/><AGARI ba="0,1" hai="40,41,48,53,56,58,61,67,108,109,110" m="20523" machi="109" ten="30,3900,0" yaku="34,2,54,1" doraHai="131" who="1" fromWho="3" sc="199,0,309,49,200,0,282,-39" /><INIT seed="7,0,0,5,0,38" ten="199,358,200,243" oya="3" hai0="66,68,73,48,131,115,78,54,116,25,43,110,36" hai1="19,7,75,94,11,107,41,45,30,21,127,59,44" hai2="64,40,69,28,124,88,49,84,81,0,52,12,93" hai3="135,55,37,134,77,35,13,106,101,113,32,92,42"/><W133/><G106/><T90/><D110/><U99/><E107/><V17/><F0/><W60/><G77/><T6/><D116/><U23/><E75/><V67/><F124/><W46/><G113/><T5/><D115/><U10/><E45/><N who="2" m="25767" /><F28/><W2/><G2/><T104/><D131/><U132/><E132/><N who="3" m="33794" /><W114/><DORA hai="58" /><G114/><T105/><D25/><U61/><E7/><N who="0" m="2569" /><D90/><U87/><E87/><N who="2" m="52383" /><F52/><W102/><G13/><T33/><D33/><N who="3" m="12873" /><G92/><T123/><D78/><U22/><E94/><V128/><F69/><W103/><G55/><T3/><D73/><U130/><E130/><V80/><F128/><W26/><G26/><T34/><D34/><U79/><E79/><N who="2" m="46111" /><F81/><W15/><G15/><T83/><D83/><U111/><E30/><V86/><F86/><W119/><G119/><T57/><D3/><U1/><E1/><V122/><F122/><W95/><G95/><T8/><D8/><AGARI ba="0,0" hai="8,12,17,64,67" m="46111,52383,25767" machi="8" ten="30,3900,0" yaku="8,1,52,1,54,1" doraHai="38,58" who="2" fromWho="0" sc="199,-39,358,0,200,39,243,0" owari="160,-34.0,358,46.0,239,-16.0,243,4.0" /></mjloggm>