<mjloggm ver="2.3"><GO type="97" lobby="0"/><UN n0="%E3%82%A6%E3%83%AB%E3%83%88%E3%83%A9%E7%AB%8B%E7%9B%B4" n1="%E9%83%A1%E5%B1%B1%E7%83%88%E7%81%AB" n2="%72%6F%75%67%69%6E" n3="%E4%BD%90%E3%80%85%E6%9C%A8%E4%BF%A1%E8%80%85" dan="15,14,14,14" rate="1999.91,1929.51,2006.48,1868.33" sx="M,M,M,M"/><TAIKYOKU oya="0"/><INIT seed="0,0,0,5,3,19" ten="250,250,250,250" oya="0" hai0="114,79,58,112,21,7,41,0,119,86,56,113,90" hai1="22,126,49,20,38,74,77,52,31,11,47,71,115" hai2="39,40,15,54,51,91,81,53,98,109,10,18,50" hai3="69,83,17,23,107,70,106,72,3,25,67,94,43"/><T48/><D79/><U104/><E71/><V110/><F39/><W125/><G3/><T122/><D122/><U101/><E38/><V99/><F40/><W76/><G125/><T24/><D119/><U27/><E11/><V68/><F68/><W130/><G130/><T37/><D37/><U2/><E2/><V93/><F81/><W92/><G70/><T131/><D131/><U30/><E126/><V84/><F109/><W33/><G33/><T6/><D0/><U8/><E8/><V128/><F128/><W16/><G43/><T108/><D108/><U134/><E134/><V97/><F110/><W29/><G67/><T105/><D105/><U42/><E74/><V55/><AGARI ba="0,0" hai="10,15,18,50,51,53,54,55,84,91,93,97,98,99" machi="55" ten="30,2000,0" yaku="0,1,8,1" doraHai="19" who="2" fromWho="2" sc="250,-10,250,-5,250,20,250,-5" /><INIT seed="1,0,0,0,2,37" ten="240,245,270,245" oya="1" hai0="92,31,61,12,117,93,102,10,107,120,77,54,42" hai1="112,33,106,90,24,8,94,81,98,132,85,13,4" hai2="119,19,25,68,105,91,101,22,40,57,64,35,87" hai3="121,95,78,34,23,131,59,126,108,83,38,30,72"/><U80/><E112/><V96/><F119/><W63/><G34/><T110/><D117/><U84/><E132/><V46/><F68/><W71/><G71/><T76/><D107/><U20/><E33/><V18/><F35/><W5/><G121/><T109/><D31/><U69/><E69/><V113/><F113/><W55/><G108/><N who="0" m="41579" /><D54/><U116/><E116/><V16/><F57/><W2/><G131/><T29/><D61/><U134/><E134/><V17/><F64/><W99/><G126/><T3/><D29/><U56/><E56/><V26/><F26/><W32/><G32/><T44/><D3/><U122/><E122/><V128/><F128/><W89/><G38/><N who="0" m="21591" /><D120/><U73/><E73/><V14/><F14/><W86/><G30/><T49/><D49/><U75/><E75/><V1/><F1/><W103/><G23/><T52/><D52/><U43/><E43/><V82/><F19/><W88/><REACH who="3" step="1"/><G72/><REACH who="3" ten="240,245,270,235" step="2"/><T15/><D10/><AGARI ba="0,1" hai="2,5,10,55,59,63,78,83,86,88,89,95,99,103" machi="10" ten="40,8000,1" yaku="1,1,2,1,54,1,53,1" doraHai="37" doraHaiUra="6" who="3" fromWho="0" sc="240,-80,245,0,270,0,235,90" /><INIT seed="2,0,0,0,3,128" ten="160,245,270,325" oya="2" hai0="41,90,96,103,81,131,16,98,116,102,113,72,132" hai1="83,121,99,105,21,19,52,123,7,115,34,60,57" hai2="9,32,92,79,130,63,73,122,77,27,126,82,10" hai3="6,85,91,43,94,23,30,68,76,15,75,69,25"/><V101/><F122/><N who="1" m="46601" /><E115/><V89/><F130/><W119/><G119/><T31/><D116/><U109/><E34/><V106/><F126/><W2/><G2/><T18/><D131/><U133/><E7/><V56/><F77/><W26/><G43/><T46/><D113/><U35/><E35/><V65/><F32/><W33/><G75/><T114/><D114/><U50/><E83/><V97/><REACH who="2" step="1"/><F27/><REACH who="2" ten="160,245,260,325" step="2"/><N who="3" m="16767" /><G33/><T39/><D31/><U45/><E109/><V62/><F62/><W37/><G76/><T13/><D18/><U48/><E60/><V29/><F29/><W84/><G25/><T100/><D132/><U22/><E50/><V0/><F0/><W12/><G26/><T125/><D125/><U118/><E118/><V5/><F5/><W58/><G37/><T24/><D24/><U70/><E133/><V55/><F55/><W64/><G6/><T74/><D74/><U54/><E54/><V40/><F40/><W17/><G12/><T61/><D61/><U20/><E70/><V134/><F134/><W4/><G4/><T129/><D129/><U110/><E110/><V88/><F88/><W124/><G124/><T87/><REACH who="0" step="1"/><D72/><REACH who="0" ten="150,245,260,325" step="2"/><U28/><E28/><V47/><F47/><W66/><G17/><T108/><D108/><U120/><E120/><V14/><F14/><W11/><G15/><T127/><D127/><U86/><E45/><V112/><F112/><W51/><G11/><AGARI ba="0,2" hai="11,13,16,39,41,46,81,87,90,96,98,100,102,103" machi="11" ten="40,2600,0" yaku="1,1,54,1,53,0" doraHai="128" doraHaiUra="67" who="0" fromWho="3" sc="150,46,245,0,260,0,325,-26" /><INIT seed="3,0,0,4,1,32" ten="196,245,260,299" oya="3" hai0="1,75,56,51,21,81,9,30,57,62,84,42,40" hai1="34,47,10,76,43,133,100,0,3,105,93,70,48" hai2="98,17,87,7,27,12,88,53,46,131,126,60,36" hai3="89,71,135,23,8,63,85,6,112,49,29,22,38"/><W132/><G112/><T50/><D75/><U120/><E120/><V101/><F131/><W80/><G38/><T79/><D1/><U123/><E123/><V61/><F126/><W96/><G29/><T134/><D9/><U108/><E105/><V11/><F27/><W91/><G71/><T95/><D95/><U44/><E34/><V118/><F118/><W20/><G63/><T19/><D30/><U33/><E33/><V106/><F17/><W92/><REACH who="3" step="1"/><G49/><REACH who="3" ten="196,245,260,289" step="2"/><N who="0" m="18443" /><D134/><U110/><E133/><V24/><F36/><W107/><G107/><T117/><D117/><U68/><E70/><V45/><F61/><W128/><G128/><T39/><D39/><U99/><E68/><V102/><F60/><W86/><G86/><T52/><D57/><U127/><E127/><V55/><F106/><W104/><G104/><T58/><D58/><U18/><E47/><V28/><F87/><W113/><G113/><T59/><D59/><U31/><E31/><V15/><F45/><W124/><G124/><T97/><D97/><U37/><E37/><V65/><F46/><W114/><G114/><T78/><D78/><U94/><E76/><V83/><F28/><W64/><G64/><T26/><AGARI ba="0,1" hai="19,21,26,40,42,52,56,62,79,81,84" m="18443" machi="26" ten="30,2000,0" yaku="8,1,54,1" doraHai="32" who="0" fromWho="0" sc="196,30,245,-5,260,-5,289,-10" /><INIT seed="4,0,0,5,4,120" ten="226,240,255,279" oya="0" hai0="87,75,78,62,76,44,43,107,66,125,63,48,72" hai1="98,133,22,130,58,101,93,41,56,121,99,15,124" hai2="95,112,73,6,7,88,131,53,100,46,19,33,129" hai3="47,61,128,68,114,71,64,85,70,92,127,31,28"/><T111/><D107/><U108/><E121/><V23/><F33/><W104/><G114/><T45/><D125/><U103/><E124/><V96/><F73/><W115/><G115/><T69/><D111/><U67/><E108/><V27/><F112/><W113/><G104/><T26/><D75/><U117/><E117/><V80/><F129/><W16/><G127/><T25/><D72/><U106/><E130/><V90/><F131/><W79/><G128/><T83/><D76/><U109/><E109/><V0/><F0/><W30/><G113/><T49/><REACH who="0" step="1"/><D63/><REACH who="0" ten="216,240,255,279" step="2"/><U74/><E74/><V118/><F118/><W1/><G79/><T12/><D12/><U122/><E122/><V57/><F46/><W21/><G1/><T18/><D18/><U102/><E106/><V135/><F135/><W10/><G47/><T37/><D37/><U84/><E133/><V9/><F19/><W105/><G105/><T55/><AGARI ba="0,1" hai="25,26,43,44,45,48,49,55,62,66,69,78,83,87" machi="55" ten="20,3900,0" yaku="1,1,0,1,7,1,53,0" doraHai="120" doraHaiUra="17" who="0" fromWho="0" sc="216,49,240,-13,255,-13,279,-13" /><INIT seed="4,1,0,3,3,73" ten="265,227,242,266" oya="0" hai0="54,58,81,121,45,15,46,124,36,18,95,88,65" hai1="33,71,67,101,84,82,63,130,51,40,99,113,19" hai2="132,66,125,62,37,64,87,97,12,135,8,27,34" hai3="79,28,11,115,134,111,68,105,106,35,59,98,53"/><T7/><D121/><U131/><E33/><V49/><F37/><W2/><G111/><T20/><D124/><U61/><E113/><V1/><F125/><W29/><G68/><T126/><D126/><U116/><E116/><V3/><F64/><W72/><G115/><T127/><D127/><U118/><E118/><V94/><F87/><W119/><G119/><T25/><D65/><U75/><E75/><V5/><F49/><W91/><G134/><N who="2" m="51241" /><F27/><W78/><G72/><T90/><D81/><U70/><E19/><V26/><F26/><W17/><G35/><T56/><D90/><N who="1" m="51479" /><E51/><V122/><F34/><W80/><G2/><T104/><D104/><N who="1" m="63551" /><E40/><V13/><F1/><W10/><G106/><T86/><D36/><U4/><E4/><V129/><F129/><N who="1" m="49161" /><E67/><V48/><F48/><N who="3" m="31143" /><G105/><T92/><D46/><U100/><E100/><N who="2" m="60471" /><F122/><W22/><G80/><T93/><D45/><U14/><E14/><V50/><F50/><W76/><G91/><T42/><D42/><U44/><E44/><V109/><F109/><W0/><G98/><T47/><D47/><U133/><E133/><V23/><F13/><N who="3" m="9519" /><G0/><T69/><D69/><AGARI ba="1,0" hai="61,63,69,70,71" m="49161,63551,51479" machi="69" ten="30,1000,0" yaku="19,1" doraHai="73" who="1" fromWho="0" sc="265,-13,227,13,242,0,266,0" /><INIT seed="5,0,0,2,2,126" ten="252,240,242,266" oya="1" hai0="36,73,9,30,62,72,21,122,32,35,85,87,83" hai1="107,129,108,22,68,127,118,66,90,17,75,5,98" hai2="115,13,74,49,91,23,11,128,105,37,67,78,96" hai3="103,15,2,133,31,121,102,130,125,53,61,112,131"/><U20/><E118/><V7/><F37/><W3/><G121/><T64/><D36/><U43/><E5/><V76/><F67/><W38/><G125/><T59/><D85/><U97/><E127/><V89/><F115/><W54/><G38/><T79/><D32/><U116/><E116/><V92/><F105/><W69/><G112/><T106/><D35/><U40/><E75/><V12/><F74/><W16/><G31/><T25/><D106/><U117/><E117/><V1/><F128/><N who="3" m="49195" /><G133/><T124/><D124/><U58/><E129/><V111/><F111/><W114/><G114/><T4/><REACH who="0" step="1"/><D122/><REACH who="0" ten="242,240,242,266" step="2"/><U109/><E107/><V34/><F34/><W60/><G69/><T101/><D101/><N who="3" m="38409" /><G60/><T100/><D100/><U86/><E68/><V70/><F70/><W132/><G132/><T6/><D6/><U93/><E109/><V45/><F7/><W104/><G104/><T44/><D44/><U33/><E33/><V19/><F45/><W0/><G61/><T65/><D65/><U48/><E108/><V88/><F49/><W57/><G57/><T26/><D26/><U71/><E71/><V46/><F46/><W24/><G24/><T41/><D41/><U27/><E43/><V113/><F113/><W39/><G39/><T42/><D42/><U8/><E40/><V63/><F63/><W56/><G56/><T52/><D52/><N who="1" m="32007" /><E66/><V82/><F91/><W134/><G134/><T110/><D110/><U135/><E135/><V29/><F89/><W120/><G120/><T47/><D47/><U94/><E27/><V50/><F88/><W123/><G123/><RYUUKYOKU ba="0,1" sc="242,15,240,-15,242,-15,266,15" hai0="4,9,21,25,30,59,62,64,72,73,79,83,87" hai3="0,2,3,15,16,53,54" /><INIT seed="6,1,1,3,2,91" ten="257,225,227,281" oya="2" hai0="75,124,47,42,114,102,62,81,56,26,94,46,63" hai1="50,32,12,69,67,1,131,44,128,64,103,3,18" hai2="6,24,40,127,66,111,116,79,73,25,21,87,48" hai3="118,52,37,19,9,104,97,72,71,96,85,57,13"/><V122/><F73/><W101/><G118/><T38/><D124/><U135/><E32/><V92/><F127/><W8/><G71/><T106/><D106/><U2/><E135/><V90/><F116/><W76/><G37/><T54/><D114/><U4/><E103/><V126/><F126/><W59/><G72/><T16/><D47/><U99/><E99/><N who="3" m="37962" /><G104/><T23/><D94/><U35/><E35/><V10/><F122/><W120/><G120/><T98/><D98/><U115/><E115/><V78/><F66/><W53/><G101/><T95/><D95/><U0/><E69/><V61/><F61/><N who="3" m="36007" /><G85/><T123/><D102/><U84/><E84/><V129/><F129/><N who="1" m="49737" /><E4/><V82/><F111/><W5/><G76/><T134/><D134/><U89/><E89/><V22/><F78/><W36/><G36/><T119/><D119/><U100/><E100/><V14/><F79/><W70/><G70/><T110/><D110/><U107/><E107/><V74/><F74/><W15/><G53/><T112/><D112/><U133/><E133/><V29/><F82/><W17/><G59/><T60/><D123/><U55/><N who="1" m="512" /><DORA hai="130" /><U58/><E44/><N who="2" m="25607" /><F29/><W41/><G41/><T113/><D113/><U51/><E51/><V27/><AGARI ba="1,1" hai="6,10,14,21,22,24,25,27,87,90,92" m="25607" machi="27" ten="30,3000,0" yaku="8,1,52,1" doraHai="91,130" who="2" fromWho="2" sc="257,-11,225,-11,227,43,281,-11" /><INIT seed="6,2,0,1,4,73" ten="246,214,270,270" oya="2" hai0="32,91,101,62,63,69,26,86,57,83,54,132,28" hai1="127,81,93,45,1,108,126,78,106,8,3,109,98" hai2="105,97,6,118,14,58,17,135,4,25,113,21,94" hai3="41,119,47,27,50,15,92,70,19,90,87,23,130"/><V124/><F105/><W42/><G130/><T82/><D132/><U16/><E45/><V102/><F135/><W46/><G119/><T31/><D101/><U74/><E106/><V10/><F118/><W95/><G70/><T33/><D69/><U35/><E35/><V72/><F72/><W44/><G44/><T34/><D62/><U110/><E1/><V65/><F124/><N who="1" m="47657" /><E3/><V7/><F113/><W114/><G114/><T100/><D100/><N who="1" m="60495" /><E8/><V104/><F104/><W134/><G134/><T59/><D59/><U37/><E37/><V84/><REACH who="2" step="1"/><F84/><REACH who="2" ten="246,214,260,270" step="2"/><W79/><G79/><T131/><D131/><U48/><E48/><V89/><F89/><W80/><REACH who="3" step="1"/><G27/><REACH who="3" ten="246,214,260,260" step="2"/><T12/><D26/><U9/><E110/><V64/><F64/><W43/><G43/><T36/><D36/><AGARI ba="2,2" hai="15,19,23,36,41,42,46,47,50,80,87,90,92,95" machi="36" ten="30,2000,0" yaku="1,1,7,1,53,0" doraHai="73" doraHaiUra="103" who="3" fromWho="0" sc="246,-26,214,0,260,0,260,46" owari="220,-18.0,214,-29.0,260,6.0,306,41.0" /></mjloggm>