<mjloggm ver="2.3"><GO type="97" lobby="0"/><UN n0="%E3%82%A6%E3%83%AB%E3%83%88%E3%83%A9%E7%AB%8B%E7%9B%B4" n1="%E8%BF%A6%E9%99%B5%E9%A0%BB%E4%BC%BD" n2="%E3%83%92%E3%82%B7%E3%83%A3%E3%83%BC%E3%83%A0" n3="%54%41%43%48%59%4F%4E" dan="15,14,15,15" rate="1986.72,1903.35,2009.61,1995.62" sx="M,F,M,M"/><TAIKYOKU oya="0"/><INIT seed="0,0,0,2,3,73" ten="250,250,250,250" oya="0" hai0="43,5,3,75,31,28,57,115,105,108,38,134,66" hai1="125,14,2,92,119,8,29,56,80,15,54,74,63" hai2="50,132,69,79,0,64,19,58,89,23,113,116,41" hai3="61,53,7,87,4,85,86,109,26,121,130,90,94"/><T46/><D115/><U34/><E119/><V114/><F0/><W30/><G121/><T111/><D105/><U106/><E106/><V32/><F32/><W1/><G130/><T22/><D134/><U81/><E125/><V68/><F132/><W21/><G109/><N who="0" m="42059" /><D22/><U39/><E39/><V13/><F116/><W6/><G1/><T67/><D75/><U96/><E2/><V104/><F104/><W48/><REACH who="3" step="1"/><G61/><REACH who="3" ten="250,250,250,240" step="2"/><N who="0" m="38191" /><D67/><U101/><E56/><AGARI ba="0,1" hai="4,6,7,21,26,30,48,53,56,85,86,87,90,94" machi="56" ten="40,5200,0" yaku="1,1,8,1,53,1" doraHai="73" doraHaiUra="20" who="3" fromWho="1" sc="250,0,250,-52,250,0,240,62" /><INIT seed="1,0,0,3,2,105" ten="250,198,250,302" oya="1" hai0="70,7,47,98,128,43,79,111,5,42,62,14,12" hai1="119,21,106,40,101,90,15,46,20,72,22,80,51" hai2="4,60,31,118,99,129,89,41,45,10,6,56,123" hai3="81,63,120,87,53,91,100,64,28,103,27,23,76"/><U39/><E119/><V29/><F129/><W57/><G120/><T109/><D98/><U13/><E106/><V131/><F123/><W25/><G25/><T96/><D96/><U69/><E101/><V59/><F131/><W97/><G53/><T85/><D128/><U115/><E115/><V35/><F118/><W55/><G55/><T125/><D85/><U49/><E69/><V86/><F99/><W71/><G71/><T17/><D79/><U44/><E39/><V74/><F74/><W1/><G1/><T83/><D83/><U2/><E2/><V58/><F60/><W78/><G103/><T68/><D17/><U37/><E37/><V134/><F134/><W11/><G11/><T38/><D38/><U48/><E48/><N who="2" m="26671" /><F35/><W122/><G122/><T126/><REACH who="0" step="1"/><D47/><REACH who="0" ten="240,198,250,302" step="2"/><U124/><E124/><V8/><F6/><W116/><G116/><T65/><D65/><U50/><E50/><V77/><F77/><W94/><AGARI ba="0,1" hai="23,27,28,57,63,64,76,78,81,87,91,94,97,100" machi="94" ten="20,8000,1" yaku="0,1,7,1,25,2,8,1" doraHai="105" who="3" fromWho="3" sc="240,-20,198,-40,250,-20,302,90" /><INIT seed="2,0,0,0,5,120" ten="220,158,230,392" oya="2" hai0="38,24,41,70,96,104,67,15,8,46,122,12,99" hai1="123,126,121,80,110,82,20,71,89,119,4,56,13" hai2="19,115,61,133,34,77,129,42,101,36,53,18,14" hai3="58,125,23,26,60,21,29,134,32,132,39,127,31"/><V55/><F115/><W84/><G39/><T30/><D122/><N who="1" m="46603" /><E119/><V49/><F34/><W114/><G84/><T87/><D87/><U102/><E71/><V74/><F133/><N who="3" m="51307" /><G60/><T51/><D38/><U5/><E126/><N who="3" m="48138" /><G114/><T47/><D67/><U81/><E102/><V94/><F36/><W103/><G103/><T72/><D70/><U68/><E68/><V113/><F74/><W44/><G44/><T117/><D72/><U11/><E5/><V62/><F77/><W124/><N who="3" m="48146" /><W107/><DORA hai="43" /><G107/><T95/><D47/><U63/><E20/><N who="3" m="7754" /><G58/><T45/><D45/><U76/><E76/><V59/><F113/><W83/><G83/><T3/><D46/><U65/><E89/><V28/><F42/><W78/><G78/><T116/><D41/><U54/><E65/><V50/><F94/><W2/><G31/><T90/><D104/><U40/><E40/><V108/><F101/><W0/><AGARI ba="0,0" hai="0,2,26,29,32" m="7754,48146,51307" machi="0" ten="50,8000,1" yaku="20,1,18,1,34,2" doraHai="120,43" who="3" fromWho="3" sc="220,-20,158,-20,230,-40,392,80" /><INIT seed="3,0,0,0,0,26" ten="200,138,190,472" oya="3" hai0="19,0,34,73,29,118,96,69,120,92,48,61,63" hai1="60,132,127,86,4,89,10,32,1,135,31,15,43" hai2="51,9,59,81,44,94,76,70,5,74,84,50,41" hai3="112,17,57,28,72,56,125,12,36,129,11,107,121"/><W77/><G121/><T85/><D73/><U42/><E127/><V14/><F70/><W126/><G36/><T24/><D0/><U75/><E75/><V111/><F111/><W64/><G107/><T113/><D118/><U114/><E114/><V54/><F74/><W124/><G112/><T39/><D39/><U83/><E1/><V27/><F27/><W7/><G129/><T103/><D120/><U8/><E8/><V47/><F94/><W128/><G128/><T45/><D113/><U18/><E18/><V99/><F99/><W62/><G28/><T80/><D19/><U2/><E2/><V122/><F122/><W131/><G131/><T100/><D100/><U78/><E89/><V6/><F47/><W35/><G35/><T23/><D34/><U115/><E115/><V13/><F13/><W105/><G105/><T116/><D69/><U93/><E93/><V119/><F119/><W68/><G7/><AGARI ba="0,0" hai="5,6,7,9,14,41,44,50,51,54,59,76,81,84" machi="7" ten="30,7700,0" yaku="7,1,25,2,8,1" doraHai="26" who="2" fromWho="3" sc="200,0,138,0,190,77,472,-77" owari="200,-20.0,138,-36.0,267,7.0,395,49.0" /></mjloggm>