<mjloggm ver="2.3"><GO type="41" lobby="0"/><UN n0="%E3%82%A6%E3%83%AB%E3%83%88%E3%83%A9%E7%AB%8B%E7%9B%B4" n1="%54%2D%E5%A4%A7%E5%B0%89" n2="%E9%9B%AA%E3%82%A2%E3%82%BD%E3%83%93%E3%83%B3" n3="%63%68%6F%6E%6A%69" dan="16,14,14,15" rate="2049.44,1915.13,1981.14,2001.77" sx="M,M,M,M"/><TAIKYOKU oya="0"/><INIT seed="0,0,0,2,0,59" ten="250,250,250,250" oya="0" hai0="4,2,93,53,7,131,62,35,78,64,38,89,70" hai1="126,37,97,21,125,55,49,67,33,88,116,0,107" hai2="118,113,26,32,54,36,13,80,11,124,45,30,50" hai3="6,130,132,57,82,86,105,25,120,100,71,8,79"/><T65/><D131/><U95/><E116/><V81/><F113/><W52/><G130/><T99/><D35/><U10/><E33/><V119/><F124/><W109/><G109/><T48/><D38/><U5/><E37/><V69/><F69/><W91/><G132/><T117/><D117/><N who="2" m="44554" /><F36/><W19/><G120/><T42/><D42/><U9/><E107/><V121/><F121/><W18/><G71/><T29/><D29/><U23/><E67/><V3/><F3/><W24/><G79/><T102/><D2/><U58/><REACH who="1" step="1"/><E9/><REACH who="1" ten="250,240,250,250" step="2"/><V103/><F103/><W122/><G122/><T112/><D65/><U16/><E16/><AGARI ba="0,1" hai="11,13,16,26,30,32,45,50,54,80,81" m="44554" machi="16" ten="30,2000,0" yaku="12,1,54,1" doraHai="59" who="2" fromWho="1" sc="250,0,240,-20,250,30,250,0" /><INIT seed="1,0,0,1,5,28" ten="250,220,280,250" oya="1" hai0="55,117,112,36,128,13,104,31,86,7,126,89,119" hai1="20,64,4,116,80,70,49,18,85,1,77,65,125" hai2="87,131,25,76,81,91,42,53,26,88,29,68,132" hai3="37,15,110,44,27,72,30,93,35,108,82,133,95"/><U129/><E116/><V38/><F131/><W50/><G37/><T17/><D112/><U11/><E129/><V57/><F68/><W34/><G133/><T124/><D128/><U109/><E125/><V94/><F132/><W134/><G134/><T14/><D104/><U41/><E109/><N who="3" m="42090" /><G15/><T107/><D107/><U90/><E70/><V102/><F42/><N who="3" m="24855" /><G35/><T5/><D36/><U66/><E41/><V99/><F38/><W8/><G8/><T6/><D55/><U79/><REACH who="1" step="1"/><E49/><REACH who="1" ten="250,210,280,250" step="2"/><N who="2" m="30895" /><F29/><W9/><G9/><T2/><D31/><U97/><E97/><V19/><F26/><AGARI ba="0,1" hai="1,4,11,18,20,26,64,65,66,77,79,80,85,90" machi="26" ten="40,2000,0" yaku="1,1,53,0" doraHai="28" doraHaiUra="69" who="1" fromWho="2" sc="250,0,210,30,280,-20,250,0" /><INIT seed="1,1,0,3,1,71" ten="250,240,260,250" oya="1" hai0="128,65,134,97,2,113,94,12,28,115,78,15,19" hai1="112,103,0,88,26,27,7,3,77,70,34,31,43" hai2="49,18,125,133,74,79,131,81,67,21,98,29,135" hai3="20,37,132,51,93,72,35,58,46,14,109,61,119"/><U118/><E70/><V60/><F29/><W96/><G109/><T24/><D2/><U86/><E118/><V39/><F125/><W105/><G119/><T6/><D128/><U124/><E112/><V108/><F108/><W50/><G105/><T110/><D110/><U59/><E124/><V17/><F131/><W92/><G35/><T9/><D134/><N who="2" m="51210" /><F98/><W89/><G132/><T122/><D122/><U52/><E77/><V91/><F91/><W36/><G72/><T87/><D65/><U54/><E7/><V30/><F49/><W126/><G126/><T114/><D87/><U111/><E111/><V23/><F39/><W22/><G93/><T82/><D82/><U116/><E116/><V25/><F23/><W100/><G100/><T5/><D78/><U13/><E13/><V69/><AGARI ba="1,0" hai="17,18,21,25,30,60,67,69,74,79,81" m="51210" machi="69" ten="30,1100,0" yaku="20,1" doraHai="71" who="2" fromWho="2" sc="250,-4,240,-6,260,14,250,-4" /><INIT seed="2,0,0,5,1,100" ten="246,234,274,246" oya="2" hai0="135,124,103,126,22,47,125,121,30,85,18,76,38" hai1="112,36,10,56,64,110,35,50,65,96,41,62,128" hai2="129,92,88,31,43,1,82,66,5,77,90,25,55" hai3="116,79,132,52,119,29,73,17,44,4,28,14,105"/><V48/><F66/><W108/><G108/><T9/><D121/><U34/><E112/><V97/><F43/><W24/><G4/><T59/><D135/><U134/><E110/><V93/><F129/><W61/><G132/><T102/><D38/><U2/><E134/><V20/><F5/><W84/><G73/><T63/><D47/><U83/><E128/><V107/><F1/><W15/><G15/><T49/><D49/><U53/><E65/><V37/><F37/><W8/><G29/><T26/><D85/><U45/><E83/><V40/><F40/><W117/><G105/><T130/><D76/><U70/><E96/><V91/><F107/><W46/><G84/><T0/><D130/><U54/><E54/><V122/><F122/><W89/><G89/><T21/><D9/><U11/><E2/><V87/><REACH who="2" step="1"/><F93/><REACH who="2" ten="246,234,264,246" step="2"/><W99/><G119/><T74/><D0/><U13/><REACH who="1" step="1"/><E10/><REACH who="1" ten="246,224,264,246" step="2"/><V86/><F86/><W78/><G117/><T39/><D74/><U69/><E69/><V51/><F51/><W72/><G116/><T109/><D109/><U33/><E33/><V16/><F16/><AGARI ba="0,2" hai="11,13,16,34,35,36,41,45,50,53,56,62,64,70" machi="16" ten="30,12000,2" yaku="1,1,7,1,24,2,54,1,53,1" doraHai="100" doraHaiUra="7" who="1" fromWho="2" sc="246,0,224,140,264,-120,246,0" /><INIT seed="3,0,0,1,2,109" ten="246,364,144,246" oya="3" hai0="107,59,90,37,68,92,1,39,134,50,30,11,73" hai1="120,52,4,55,83,118,71,14,54,72,56,46,110" hai2="51,129,8,67,114,94,80,12,117,60,5,41,65" hai3="88,58,99,9,113,135,122,124,13,43,128,112,48"/><W69/><G122/><T93/><D107/><U96/><E120/><V106/><F117/><W36/><G69/><T62/><D73/><U75/><E118/><V35/><F106/><W70/><G70/><T38/><D93/><U3/><E71/><V16/><F35/><W28/><G135/><T108/><D30/><U82/><E3/><V63/><F129/><W77/><G128/><T78/><D78/><U79/><E110/><V18/><F80/><W130/><G130/><T2/><D134/><U97/><E46/><V91/><F114/><W66/><G124/><T104/><D104/><U103/><E4/><V25/><F67/><W44/><G77/><T64/><D108/><U45/><E14/><V76/><F76/><W101/><G28/><T105/><D105/><U34/><E34/><V23/><F65/><W131/><G131/><T115/><D115/><U10/><E10/><V42/><F5/><W19/><G101/><T7/><D2/><U133/><E133/><V126/><F126/><W100/><G100/><T17/><D17/><U15/><E15/><V31/><F31/><W21/><G9/><T74/><D74/><U127/><E45/><N who="2" m="26031" /><F42/><W111/><G111/><T61/><D50/><U85/><E83/><V84/><AGARI ba="0,0" hai="8,12,16,18,23,25,60,63,84,91,94" m="26031" machi="84" ten="30,2000,0" yaku="8,1,54,1" doraHai="109" who="2" fromWho="2" sc="246,-5,364,-5,144,20,246,-10" /><INIT seed="4,0,0,4,0,93" ten="241,359,164,236" oya="0" hai0="9,120,55,123,59,35,48,18,49,26,89,127,113" hai1="34,100,97,87,19,129,86,61,45,16,81,74,134" hai2="8,3,78,32,14,73,106,10,41,71,53,119,121" hai3="117,1,98,65,63,105,15,38,135,29,43,69,7"/><T13/><D127/><U133/><E34/><V70/><F121/><W103/><G15/><T57/><D113/><U94/><E129/><V82/><F32/><W104/><G135/><N who="1" m="51722" /><E45/><V67/><F3/><W75/><G117/><T12/><D35/><U88/><E61/><V51/><F119/><W92/><G92/><T116/><D116/><U54/><E54/><V90/><F41/><W64/><G64/><T91/><D26/><U108/><E108/><V23/><F106/><N who="3" m="63863" /><G75/><T22/><D120/><U72/><E87/><V47/><F90/><W56/><G56/><T52/><D123/><U24/><E24/><V76/><F78/><W2/><G29/><T84/><D84/><U128/><E128/><V25/><F67/><W11/><G2/><T77/><D77/><N who="1" m="44199" /><E74/><V60/><F60/><W79/><G79/><T58/><D58/><U37/><E37/><V50/><F50/><W124/><G124/><T30/><D30/><U99/><E99/><V33/><F33/><W66/><G66/><T17/><AGARI ba="0,0" hai="9,12,13,17,18,22,48,49,52,55,57,59,89,91" machi="17" ten="20,12000,1" yaku="0,1,7,1,9,1,8,1,54,1" doraHai="93" who="0" fromWho="0" sc="241,120,359,-40,164,-40,236,-40" /><INIT seed="4,1,0,2,4,36" ten="361,319,124,196" oya="0" hai0="56,64,117,115,102,104,25,26,131,41,10,95,123" hai1="19,13,134,9,135,27,76,3,21,60,130,53,14" hai2="105,66,8,84,5,128,29,33,122,106,57,75,16" hai3="124,82,63,86,6,98,126,85,103,59,20,46,88"/><T77/><D104/><U73/><E73/><V68/><F75/><W97/><G86/><T45/><D123/><U108/><E76/><V61/><F122/><W99/><G6/><T67/><D117/><U113/><E108/><V91/><F128/><W0/><G0/><T7/><D131/><U112/><E130/><V17/><F29/><W38/><G103/><T78/><D115/><N who="1" m="44107" /><E60/><V72/><F72/><W24/><G46/><T69/><D69/><U47/><E47/><V54/><F33/><W92/><G38/><T44/><D56/><U87/><E53/><V109/><F109/><W90/><G126/><T79/><D45/><U121/><E87/><V74/><F74/><W71/><G71/><T94/><D67/><U125/><E121/><V119/><F119/><W62/><G124/><T81/><D64/><U2/><E125/><V32/><F32/><W34/><G34/><T116/><D116/><U89/><E89/><V12/><F106/><W22/><G22/><T48/><D81/><U93/><E93/><V37/><F37/><W11/><G11/><T28/><D102/><U129/><E13/><V111/><F105/><W50/><G50/><T30/><D95/><U96/><E96/><V120/><F111/><W65/><G63/><T58/><D94/><U39/><E39/><V80/><REACH who="2" step="1"/><F120/><REACH who="2" ten="361,319,114,196" step="2"/><W70/><G70/><T132/><D30/><AGARI ba="1,1" hai="20,24,30,59,62,65,82,85,88,90,92,97,98,99" machi="30" ten="30,3900,0" yaku="7,1,8,1,54,1" doraHai="36" who="3" fromWho="0" sc="361,-42,319,0,114,0,196,52" /><INIT seed="5,0,0,2,0,116" ten="319,319,114,248" oya="1" hai0="59,64,27,18,85,132,41,45,74,76,5,20,11" hai1="100,69,13,50,90,77,44,80,14,107,26,39,34" hai2="95,123,7,130,113,21,93,99,126,31,25,127,121" hai3="71,12,42,111,115,112,60,40,28,22,75,29,79"/><U58/><E69/><V62/><F7/><W56/><G111/><T49/><D74/><U52/><E39/><V70/><F130/><W92/><G71/><T1/><D132/><U91/><E107/><V72/><F72/><W86/><G75/><T30/><D59/><U17/><E100/><V35/><F113/><N who="3" m="43595" /><G29/><T53/><D64/><U10/><E34/><V66/><F35/><W19/><G28/><T78/><D53/><U134/><E134/><V33/><F33/><W104/><G104/><T96/><D96/><U124/><E124/><N who="2" m="47659" /><F99/><W6/><G6/><T48/><D48/><U122/><E122/><AGARI ba="0,0" hai="21,25,31,62,66,70,93,95,121,122,123" m="47659" machi="122" ten="30,7700,0" yaku="18,1,52,3" doraHai="116" who="2" fromWho="1" sc="319,0,319,-77,114,77,248,0" /><INIT seed="6,0,0,3,3,132" ten="319,242,191,248" oya="2" hai0="111,83,29,32,100,123,103,109,43,66,110,125,116" hai1="21,96,11,120,15,57,2,40,56,119,19,48,104" hai2="70,65,27,135,62,128,55,60,42,97,73,58,134" hai3="5,61,8,98,101,13,74,114,85,7,24,124,129"/><V77/><F27/><W1/><G74/><T37/><D29/><U63/><E119/><V52/><F97/><W108/><G108/><T126/><D32/><U113/><E120/><V92/><F92/><W16/><G24/><T94/><D66/><U72/><E113/><V6/><F6/><W86/><G114/><T67/><D67/><U26/><E72/><V35/><F35/><W44/><G129/><T99/><D43/><U102/><E2/><V17/><F17/><W47/><G61/><T14/><D14/><U23/><E23/><V79/><F128/><W30/><G30/><T118/><D37/><U117/><E117/><N who="0" m="45161" /><D123/><U20/><E20/><V10/><F10/><W95/><G124/><N who="0" m="47723" /><D83/><U22/><E22/><V69/><F42/><W54/><G1/><T130/><D130/><U106/><E106/><V71/><F73/><W39/><G39/><T68/><D68/><N who="2" m="26218" /><F55/><W131/><G131/><T33/><D33/><U90/><E90/><AGARI ba="0,0" hai="90,94,99,100,103,109,110,111" m="47723,45161" machi="90" ten="40,12000,2" yaku="12,1,18,1,34,2,52,3" doraHai="132" who="0" fromWho="1" sc="319,120,242,-120,191,0,248,0" /><INIT seed="7,0,0,5,1,11" ten="439,122,191,248" oya="3" hai0="95,9,3,77,118,33,110,133,104,127,50,72,113" hai1="35,45,12,38,7,43,54,109,114,132,26,60,69" hai2="4,53,70,29,40,117,74,65,98,106,129,101,19" hai3="111,78,90,125,58,48,36,131,47,67,52,126,85"/><W39/><G78/><T30/><D95/><U128/><E109/><V14/><F117/><W57/><G111/><T80/><D50/><U107/><E114/><V56/><F74/><W112/><G112/><T20/><D20/><U22/><E128/><V23/><F40/><W135/><G131/><T41/><D41/><U75/><E75/><V84/><F129/><W32/><G32/><T24/><D118/><U115/><E115/><V86/><F65/><W123/><G123/><T16/><D113/><U99/><E132/><V8/><F70/><W93/><G135/><T18/><D133/><U116/><E116/><V121/><F29/><W5/><G5/><T15/><D104/><U25/><E35/><V97/><F98/><W100/><G100/><T82/><D110/><U64/><E107/><V34/><F34/><W27/><G27/><T42/><D42/><U61/><E99/><V81/><F81/><W13/><G13/><T89/><D3/><U87/><E87/><V103/><F101/><W91/><G91/><T62/><D62/><U2/><E2/><V1/><REACH who="2" step="1"/><F121/><REACH who="2" ten="439,122,181,248" step="2"/><W122/><G122/><T92/><D82/><U17/><REACH who="1" step="1"/><E7/><REACH who="1" ten="439,112,181,248" step="2"/><V79/><F79/><W46/><G39/><T124/><D77/><U73/><E73/><V51/><AGARI ba="0,2" hai="1,4,8,14,19,23,51,53,56,84,86,97,103,106" machi="51" ten="20,5200,0" yaku="1,1,0,1,7,1,52,1,53,0" doraHai="11" doraHaiUra="37" who="2" fromWho="2" sc="439,-13,112,-13,181,72,248,-26" owari="426,53.0,99,-40.0,253,5.0,222,-18.0" /></mjloggm>