<mjloggm ver="2.3"><GO type="97" lobby="0"/><UN n0="%E7%8C%AB%E7%9B%AE%E5%B0%8F%E5%83%A7" n1="%74%61%6E%69%37%32%38%6F" n2="%E3%82%A6%E3%83%AB%E3%83%88%E3%83%A9%E7%AB%8B%E7%9B%B4" n3="%72%69%76%65%72%6B" dan="14,14,15,15" rate="1876.46,1863.81,1998.86,1935.96" sx="M,M,M,M"/><TAIKYOKU oya="0"/><INIT seed="0,0,0,2,0,124" ten="250,250,250,250" oya="0" hai0="106,71,60,83,52,81,56,35,8,116,73,67,91" hai1="131,98,33,6,13,82,22,62,15,7,66,14,90" hai2="20,49,3,133,43,110,37,19,105,89,128,72,118" hai3="63,119,99,40,31,102,48,70,93,97,50,126,30"/><T77/><D116/><U100/><E33/><V122/><RYUUKYOKU type="yao9" ba="0,0" sc="250,0,250,0,250,0,250,0" hai2="3,19,20,37,43,49,72,89,105,110,118,122,128,133" /><INIT seed="0,1,0,3,1,32" ten="250,250,250,250" oya="0" hai0="106,131,69,78,5,48,72,14,63,60,92,67,64" hai1="93,91,100,86,99,56,54,66,73,44,52,29,116" hai2="11,74,105,112,47,49,70,101,117,24,27,61,126" hai3="125,120,84,30,102,113,39,9,59,87,57,90,6"/><T25/><D106/><U23/><E116/><V129/><F74/><W121/><G113/><T53/><D131/><U97/><E73/><V10/><F112/><W15/><G39/><T108/><D25/><N who="1" m="16575" /><E44/><V133/><F129/><W38/><G38/><T65/><D14/><U71/><E71/><V46/><F133/><W82/><G30/><T75/><D5/><U35/><E35/><V107/><F126/><W12/><G125/><T13/><D13/><U109/><E109/><V19/><F101/><W2/><G102/><T119/><D119/><U98/><E100/><V89/><F49/><W79/><G15/><T114/><D114/><U134/><E134/><V88/><F61/><AGARI ba="1,0" hai="52,54,56,61,66,86,91,93,97,98,99" m="16575" machi="61" ten="30,2000,0" yaku="8,1,54,1" doraHai="32" who="1" fromWho="2" sc="250,0,250,23,250,-23,250,0" /><INIT seed="1,0,0,1,5,87" ten="250,273,227,250" oya="1" hai0="114,94,54,71,60,78,62,49,116,28,117,41,36" hai1="122,80,81,56,91,88,115,32,132,44,100,3,92" hai2="120,70,102,129,20,104,93,67,46,96,103,17,29" hai3="50,35,48,10,73,51,16,34,99,11,45,112,57"/><U24/><E122/><V77/><F129/><W134/><G73/><T113/><D60/><U84/><E115/><V1/><F1/><W68/><G112/><T8/><D28/><U2/><E44/><V25/><F120/><W95/><G68/><T31/><D78/><U98/><E32/><V89/><F104/><W101/><G134/><T59/><D94/><N who="1" m="58455" /><E2/><V53/><F77/><W79/><G79/><T130/><D8/><U22/><E3/><V106/><F106/><W72/><G72/><T110/><D31/><N who="1" m="17815" /><E132/><V42/><F53/><W40/><G35/><T5/><D5/><U27/><E27/><V26/><F67/><W37/><G34/><T61/><D130/><U111/><E111/><V64/><F64/><W126/><G126/><T6/><D6/><U33/><E33/><V121/><F70/><W131/><G131/><T23/><D110/><U21/><E21/><N who="2" m="13487" /><F121/><W107/><G107/><T76/><D23/><U83/><E56/><V58/><F58/><W118/><G118/><N who="0" m="45675" /><D76/><U55/><E55/><V9/><F9/><W18/><G57/><T52/><D71/><U30/><E30/><V69/><F69/><W38/><G38/><T66/><D114/><U127/><E127/><V13/><F13/><N who="3" m="7223" /><G37/><T15/><D113/><U108/><E108/><V119/><F119/><W65/><G65/><T75/><D75/><U12/><E12/><AGARI ba="0,0" hai="11,12,18,40,45,48,50,51,95,99,101" m="7223" machi="12" ten="30,2000,0" yaku="8,1,54,1" doraHai="87" who="3" fromWho="1" sc="250,0,273,-20,227,0,250,20" /><INIT seed="2,0,0,1,3,7" ten="250,253,227,270" oya="2" hai0="78,132,54,29,119,112,31,76,13,131,107,93,23" hai1="124,84,70,14,55,90,10,105,50,47,125,6,80" hai2="98,116,69,40,24,57,37,110,16,109,60,35,83" hai3="75,86,88,32,126,20,34,74,99,64,101,17,22"/><V71/><F116/><W91/><G126/><T79/><D107/><U15/><E105/><V115/><F115/><W113/><G113/><T122/><D112/><U106/><E106/><V100/><F83/><W135/><G135/><T43/><D122/><U102/><E102/><V67/><F40/><W5/><G5/><T130/><D119/><U134/><E134/><V82/><F82/><W1/><G1/><T2/><D2/><U120/><E120/><V21/><F37/><W53/><G101/><T133/><D93/><U0/><REACH who="1" step="1"/><E70/><REACH who="1" ten="250,243,227,270" step="2"/><V4/><F35/><W96/><G34/><T97/><D133/><U123/><E123/><V3/><F69/><W61/><G32/><T25/><D132/><U45/><E45/><V49/><F71/><W118/><G118/><T103/><D131/><U108/><E108/><N who="2" m="41579" /><F49/><W121/><G121/><T65/><D130/><U30/><E30/><V68/><F68/><W89/><G74/><T114/><D31/><U8/><E8/><N who="2" m="2079" /><F100/><W66/><G75/><T59/><D114/><U56/><E56/><V81/><F81/><W51/><G51/><T104/><D104/><U127/><AGARI ba="0,1" hai="0,6,10,14,15,47,50,55,80,84,90,124,125,127" machi="127" ten="30,8000,1" yaku="1,1,0,1,18,1,52,1,53,1" doraHai="7" doraHaiUra="87" who="1" fromWho="1" sc="250,-20,243,90,227,-40,270,-20" /><INIT seed="3,0,0,5,4,39" ten="230,333,187,250" oya="3" hai0="18,134,58,34,123,130,112,10,0,37,36,93,52" hai1="100,54,17,47,75,87,83,56,74,129,76,55,28" hai2="5,114,120,19,49,26,109,35,2,15,104,77,88" hai3="7,50,40,59,4,122,20,125,64,94,8,132,135"/><W86/><G122/><T106/><D123/><U81/><E100/><V48/><F120/><W11/><G125/><T51/><D106/><U32/><E32/><V107/><F114/><W12/><G40/><T67/><D34/><U121/><E121/><V116/><F116/><W66/><G20/><T70/><D130/><U1/><E1/><V85/><F109/><W3/><G50/><T69/><D69/><U89/><E129/><V118/><F118/><W29/><G29/><T43/><D112/><U16/><E28/><V21/><F77/><W111/><G111/><T41/><D134/><N who="3" m="51241" /><G59/><T96/><D36/><U80/><E74/><V78/><F78/><W97/><G86/><T84/><D84/><U53/><E75/><V44/><F49/><W14/><G3/><T73/><D73/><U133/><E133/><V103/><F2/><W42/><G42/><N who="0" m="15883" /><D0/><U60/><E76/><V45/><F35/><W31/><G31/><T98/><D37/><U25/><E25/><V38/><F38/><W23/><G23/><T30/><D30/><U92/><E47/><V46/><F104/><W91/><AGARI ba="0,0" hai="4,7,8,11,12,14,64,66,91,94,97" m="51241" machi="91" ten="30,1500,0" yaku="20,1" doraHai="39" who="3" fromWho="3" sc="230,-5,333,-5,187,-5,250,15" /><INIT seed="3,1,0,4,3,126" ten="225,328,182,265" oya="3" hai0="77,82,104,73,62,29,111,95,99,38,12,20,18" hai1="115,0,43,41,76,101,40,106,45,33,2,112,117" hai2="64,16,92,35,44,103,21,100,53,11,10,42,123" hai3="75,34,67,107,68,93,25,132,79,109,6,85,128"/><W130/><G107/><T5/><D38/><U81/><E33/><V94/><F35/><W102/><G132/><T39/><D39/><U15/><E45/><V120/><F64/><W118/><G118/><T31/><D111/><U17/><E106/><V28/><F28/><N who="3" m="19727" /><G6/><T1/><D104/><U54/><E101/><V47/><F21/><W110/><G75/><T89/><D1/><U88/><E117/><V84/><F84/><W36/><G36/><T59/><D5/><U55/><E115/><V119/><F119/><W37/><G37/><T60/><D60/><U8/><E112/><V27/><F27/><W50/><G50/><T57/><REACH who="0" step="1"/><D59/><REACH who="0" ten="215,328,182,265" step="2"/><U127/><E0/><V61/><F61/><N who="3" m="40047" /><G79/><T13/><D13/><U69/><E2/><V30/><F123/><W80/><G80/><T122/><D122/><U135/><E76/><V74/><F120/><W4/><G4/><T66/><AGARI ba="1,1" hai="12,18,20,29,31,57,62,66,73,77,82,89,95,99" machi="66" ten="20,5200,0" yaku="1,1,0,1,7,1,53,1" doraHai="126" doraHaiUra="14" who="0" fromWho="0" sc="215,65,328,-14,182,-14,265,-27" owari="280,8.0,314,41.0,168,-33.0,238,-16.0" /></mjloggm>