<mjloggm ver="2.3"><GO type="97" lobby="0"/><UN n0="%E3%81%AF%E3%81%8B%E3%81%AA%E3%81%8D%E5%A4%A2" n1="%E3%81%AD%E3%81%93%E3%81%99%E3%81%83%EF%BD%9E" n2="%E3%82%A6%E3%83%AB%E3%83%88%E3%83%A9%E7%AB%8B%E7%9B%B4" n3="%E3%81%82%E3%81%9A%E3%81%AB%E3%82%83%E3%83%BC" dan="14,13,15,13" rate="2007.82,1860.07,1932.71,1859.80" sx="M,M,M,F"/><TAIKYOKU oya="0"/><INIT seed="0,0,0,2,0,72" ten="250,250,250,250" oya="0" hai0="110,4,5,44,87,47,113,74,125,75,38,1,71" hai1="10,0,84,41,50,123,33,77,95,90,100,76,30" hai2="127,29,12,46,40,85,11,26,108,8,32,102,63" hai3="130,22,82,57,79,94,89,7,62,91,6,121,118"/><T59/><D113/><U134/><E123/><V31/><F108/><W28/><G118/><T105/><D71/><U21/><E33/><V25/><F127/><W73/><G121/><T103/><D125/><U64/><E64/><V97/><F85/><W78/><G130/><T81/><D110/><U98/><E134/><V18/><F63/><W132/><G132/><T68/><D68/><U133/><E133/><V20/><F46/><W60/><G73/><T54/><D1/><U52/><E41/><V128/><F40/><W70/><G70/><T122/><D38/><U2/><E2/><V55/><F55/><N who="3" m="33855" /><G62/><T58/><D105/><U135/><E135/><V17/><F128/><W42/><G42/><T115/><D115/><U45/><E0/><V67/><F67/><W16/><G28/><T24/><D24/><U112/><E112/><V131/><F131/><W107/><G107/><T119/><D119/><U80/><E10/><N who="2" m="6295" /><F97/><N who="3" m="57551" /><G91/><T117/><D103/><U99/><E99/><V86/><F102/><W83/><G83/><T15/><D81/><U53/><E53/><V19/><F86/><W36/><G82/><T35/><D87/><U37/><E37/><V129/><F129/><W69/><G69/><T120/><D117/><U23/><E23/><V66/><F66/><W124/><G124/><T101/><D54/><U9/><E9/><AGARI ba="0,0" hai="8,9,11,18,19,20,25,26,29,31,32" m="6295" machi="9" ten="30,8000,1" yaku="35,5" doraHai="72" who="2" fromWho="1" sc="250,0,250,-80,250,80,250,0" /><INIT seed="1,0,0,4,1,56" ten="250,170,330,250" oya="1" hai0="62,68,82,11,4,110,21,29,128,38,18,104,121" hai1="103,12,1,65,102,90,57,13,47,51,24,30,100" hai2="89,127,125,97,105,55,115,76,116,133,16,77,2" hai3="122,17,109,14,26,124,98,46,69,54,81,3,72"/><U73/><E73/><V52/><F2/><W6/><G69/><T33/><D38/><U5/><E1/><V41/><F41/><W126/><G122/><T61/><D104/><U22/><E5/><V129/><F116/><W120/><G120/><T49/><D68/><U112/><E112/><V0/><F0/><W94/><G109/><T71/><D110/><U40/><REACH who="1" step="1"/><E90/><REACH who="1" ten="250,160,330,250" step="2"/><V83/><F115/><W131/><G3/><T99/><D121/><U63/><AGARI ba="0,1" hai="12,13,22,24,30,40,47,51,57,63,65,100,102,103" machi="63" ten="30,18000,2" yaku="1,1,2,1,0,1,8,1,52,1,53,1" doraHai="56" doraHaiUra="20" who="1" fromWho="1" sc="250,-60,160,190,330,-60,250,-60" /><INIT seed="1,1,0,0,2,84" ten="190,350,270,190" oya="1" hai0="106,133,47,48,96,39,90,46,1,8,9,57,3" hai1="71,81,68,116,104,112,87,35,82,83,44,134,67" hai2="43,29,85,60,77,22,40,0,105,122,107,14,91" hai3="17,56,113,34,72,97,103,120,32,129,108,27,123"/><U59/><E116/><V125/><F0/><W80/><G113/><T13/><D133/><U86/><E112/><V20/><F122/><W73/><G108/><T33/><D33/><U11/><E35/><V94/><F125/><W50/><G129/><T128/><D106/><U64/><E104/><V127/><F127/><W74/><G123/><T61/><D128/><U75/><E75/><V5/><F77/><W118/><G120/><T41/><D9/><U130/><E130/><V121/><F121/><W92/><G118/><T115/><D115/><U135/><E44/><V26/><F107/><W70/><G70/><N who="1" m="26666" /><E11/><N who="2" m="4463" /><F105/><W21/><REACH who="3" step="1"/><G80/><REACH who="3" ten="190,350,270,180" step="2"/><T28/><D3/><U63/><E67/><V18/><F60/><W100/><G100/><T76/><D1/><U12/><E82/><V6/><F6/><W69/><G69/><T101/><D101/><U117/><E117/><V132/><F132/><W88/><G88/><T111/><D90/><U109/><E109/><V89/><F89/><W49/><G49/><T78/><D48/><U62/><E83/><V55/><F91/><W79/><G79/><T119/><D119/><U15/><E81/><V93/><F93/><W52/><AGARI ba="1,1" hai="17,21,27,32,34,50,52,56,72,73,74,92,97,103" machi="52" ten="40,8000,1" yaku="1,1,0,1,54,1,53,1" doraHai="84" doraHaiUra="99" who="3" fromWho="3" sc="190,-21,350,-41,270,-21,180,93" /><INIT seed="2,0,0,4,2,119" ten="169,309,249,273" oya="2" hai0="131,83,27,103,16,13,72,39,4,0,132,115,34" hai1="80,17,124,77,107,122,111,28,24,40,6,116,73" hai2="35,84,106,57,29,98,25,127,61,105,58,71,64" hai3="92,37,36,51,126,108,52,125,9,23,94,135,86"/><V95/><F127/><N who="3" m="48651" /><G9/><T21/><D131/><U99/><E124/><V48/><F84/><W5/><G5/><T1/><D39/><N who="3" m="14921" /><G135/><T88/><D103/><U69/><E116/><V81/><F81/><W91/><G108/><T76/><D132/><U7/><E69/><V85/><F85/><W93/><G23/><T59/><D115/><U101/><E17/><V12/><F12/><W14/><G14/><T121/><D59/><AGARI ba="0,0" hai="51,52,59,86,91,92,93,94" m="14921,48651" machi="59" ten="30,2000,0" yaku="18,1,54,1" doraHai="119" who="3" fromWho="0" sc="169,-20,309,0,249,0,273,20" /><INIT seed="3,0,0,1,2,21" ten="149,309,249,293" oya="3" hai0="4,92,15,57,70,110,91,37,17,115,120,112,39" hai1="32,23,85,36,83,127,73,71,44,113,69,50,132" hai2="52,51,66,18,67,31,129,25,125,103,29,124,107" hai3="118,53,108,43,93,134,90,16,33,101,64,116,126"/><W62/><G33/><T75/><D70/><U60/><E113/><V74/><F74/><W26/><G134/><T114/><D75/><U6/><E32/><V80/><F80/><W0/><G0/><T72/><D72/><U109/><E73/><V96/><F18/><W34/><G34/><T35/><D4/><U20/><E36/><V55/><F29/><W81/><G126/><N who="2" m="48745" /><F129/><W106/><G43/><T45/><D120/><U8/><E132/><V128/><F128/><W30/><G30/><T19/><D35/><U13/><E127/><V105/><F105/><W54/><G108/><T79/><D79/><U24/><E60/><V99/><F99/><N who="3" m="57783" /><G81/><T117/><D117/><U65/><E65/><N who="2" m="24587" /><F51/><W100/><G53/><N who="2" m="20553" /><F31/><W47/><G47/><T49/><D57/><U9/><E109/><V63/><F63/><W1/><G1/><T46/><D110/><U76/><E9/><V38/><F38/><N who="0" m="14346" /><D49/><U111/><E111/><V123/><F123/><W58/><G64/><T2/><D2/><U122/><E122/><V121/><F121/><W59/><G59/><T135/><D135/><U14/><E14/><V78/><F78/><W28/><G28/><T22/><D19/><N who="1" m="12319" /><E23/><V27/><AGARI ba="0,0" hai="25,27,96,103,107" m="20553,24587,48745" machi="27" ten="40,8000,1" yaku="18,1,52,2,54,1" doraHai="21" who="2" fromWho="2" sc="149,-20,309,-20,249,80,293,-40" owari="129,-37.0,289,9.0,329,43.0,253,-15.0" /></mjloggm>