<mjloggm ver="2.3"><GO type="169" lobby="0"/><UN n0="%E3%82%A6%E3%83%AB%E3%83%88%E3%83%A9%E7%AB%8B%E7%9B%B4" n1="%E3%82%A2%E3%83%BC%E3%82%B7%E3%82%A7%E3%82%B9%E3%83%8D%E3%82%A4" n2="%73%65%61%73%75%69" n3="%E3%81%BF%E3%82%84%E3%81%93%E3%82%93%EF%BC%99%E6%AD%B3" dan="16,16,16,17" rate="2050.71,2049.12,2086.50,2185.19" sx="M,F,M,F"/><TAIKYOKU oya="0"/><INIT seed="0,0,0,3,4,48" ten="250,250,250,250" oya="0" hai0="71,27,61,34,127,6,114,42,121,49,12,112,110" hai1="69,38,119,65,66,89,46,32,30,53,28,18,51" hai2="124,107,68,122,7,102,116,39,47,131,20,5,96" hai3="31,88,109,23,52,43,132,75,79,26,4,40,129"/><T17/><D17/><U111/><BYE who="0" /><E119/><V0/><F116/><W54/><G75/><T117/><D117/><U41/><E89/><V13/><F122/><W1/><G79/><T108/><D108/><U133/><E111/><V67/><F124/><UN n0="%E3%82%A6%E3%83%AB%E3%83%88%E3%83%A9%E7%AB%8B%E7%9B%B4" /><W76/><G76/><T56/><D110/><U16/><E133/><V70/><F131/><W97/><G109/><T58/><D121/><U100/><E100/><V33/><F33/><W19/><G132/><T14/><D127/><U57/><E65/><V60/><F68/><W98/><G129/><T24/><D71/><U90/><E90/><V94/><F0/><W36/><G4/><T3/><D3/><U37/><E37/><V64/><F64/><W87/><G1/><T118/><D118/><U95/><E95/><V85/><F85/><W103/><G31/><N who="1" m="11818" /><E32/><V92/><F7/><W15/><G15/><T9/><D34/><U83/><E83/><V120/><F120/><W135/><G135/><T63/><D49/><U101/><E101/><V8/><F20/><W35/><G35/><T21/><D42/><N who="3" m="15913" /><G36/><T106/><D106/><U113/><E113/><V25/><F39/><W10/><G10/><T73/><D73/><U11/><E11/><V84/><F8/><W82/><G103/><T29/><D114/><U91/><E91/><V59/><F102/><W105/><G105/><T74/><D74/><U80/><E80/><V128/><F107/><W55/><AGARI ba="0,0" hai="19,23,26,52,54,55,82,87,88,97,98" m="15913" machi="55" ten="30,12000,2" yaku="8,1,52,3,54,2" doraHai="48" who="3" fromWho="3" sc="250,-60,250,-30,250,-30,250,120" /><INIT seed="1,0,0,4,0,64" ten="190,220,220,370" oya="1" hai0="128,7,22,103,47,122,21,76,24,68,40,135,84" hai1="80,60,73,63,20,15,35,67,83,70,134,87,98" hai2="77,1,86,106,62,59,16,113,94,36,125,89,114" hai3="110,120,39,4,14,130,91,54,19,49,56,102,57"/><U116/><E35/><V82/><F106/><W88/><G120/><T71/><D122/><U12/><E116/><V69/><F36/><W131/><G39/><T41/><D7/><U66/><E73/><V123/><F123/><W101/><G4/><T33/><D33/><U127/><E98/><V34/><F34/><W115/><G115/><N who="2" m="44041" /><F1/><W96/><G57/><T43/><D47/><U46/><E46/><V93/><F125/><W50/><G50/><T111/><D111/><U107/><E107/><V0/><F0/><W75/><G75/><T31/><D128/><N who="3" m="49193" /><G110/><T51/><D51/><U11/><E127/><V27/><F77/><W97/><G97/><T74/><D74/><U17/><E134/><V99/><F99/><W26/><G26/><T112/><D112/><U78/><E83/><V65/><F59/><W29/><G29/><T118/><D103/><N who="3" m="39433" /><G96/><T9/><D135/><U37/><E37/><V45/><F45/><W100/><G100/><T117/><D84/><U23/><E12/><V121/><F121/><W3/><G3/><T55/><D76/><U44/><E44/><V48/><F48/><W108/><G108/><T53/><D24/><U25/><E25/><V42/><F42/><W72/><G72/><T104/><D31/><U109/><E109/><V8/><F27/><W10/><AGARI ba="0,0" hai="10,14,19,49,54,56,88,91" m="39433,49193" machi="10" ten="30,2000,0" yaku="19,1,54,1" doraHai="64" who="3" fromWho="3" sc="190,-5,220,-10,220,-5,370,20" /><INIT seed="2,0,0,5,0,3" ten="185,210,215,390" oya="2" hai0="89,99,68,55,122,113,14,9,38,30,90,129,79" hai1="106,71,75,42,2,83,102,96,51,130,57,40,34" hai2="125,69,127,115,112,11,32,124,91,77,20,118,10" hai3="78,58,114,135,84,50,92,15,21,82,131,17,54"/><V103/><F118/><W88/><G135/><T45/><D68/><U19/><E71/><V63/><F32/><W37/><G37/><T33/><D113/><N who="2" m="43594" /><F103/><W111/><G114/><T119/><D122/><U35/><E35/><V43/><F77/><W74/><G131/><T39/><D119/><U132/><E132/><V117/><F117/><W110/><AGARI ba="0,0" hai="15,17,21,50,54,58,74,78,82,84,88,92,110,111" machi="110" ten="30,7900,0" yaku="0,1,25,2,54,1" doraHai="3" who="3" fromWho="3" sc="185,-20,210,-20,215,-39,390,79" /><INIT seed="3,0,0,1,5,22" ten="165,190,176,469" oya="3" hai0="40,54,11,71,3,134,130,127,79,6,31,80,116" hai1="15,14,87,99,1,114,52,97,39,62,33,7,17" hai2="68,47,73,95,24,111,41,126,94,90,38,91,118" hai3="13,77,66,103,105,70,115,23,60,89,119,37,57"/><W112/><G119/><T45/><D54/><U26/><E39/><V123/><F118/><W30/><G77/><T133/><D116/><U74/><E74/><V65/><F111/><W125/><G125/><T16/><D127/><U25/><E33/><V34/><F73/><W5/><G37/><T51/><D71/><U0/><E0/><V104/><F104/><W120/><G120/><T20/><D130/><U98/><E1/><V86/><F123/><W61/><G5/><T53/><D31/><U106/><E106/><V8/><F126/><W10/><G89/><T36/><D53/><U64/><E87/><V42/><F42/><W27/><G103/><T107/><D51/><U44/><E44/><V2/><F68/><W83/><G83/><T18/><D107/><U113/><E7/><V109/><F109/><W75/><G75/><N who="0" m="43135" /><D18/><U21/><E14/><AGARI ba="0,0" hai="3,6,11,14,16,20,36,40,45,133,134" m="43135" machi="14" ten="30,2000,0" yaku="25,1,54,1" doraHai="22" who="0" fromWho="1" sc="165,20,190,-20,176,0,469,0" /><INIT seed="4,0,0,2,1,84" ten="185,170,176,469" oya="0" hai0="8,90,23,11,107,17,57,108,93,134,70,51,112" hai1="43,38,75,113,64,110,88,68,54,128,102,48,16" hai2="10,125,45,55,72,129,5,34,122,104,19,56,86" hai3="89,69,22,47,123,97,46,92,61,18,120,24,65"/><T76/><D70/><U118/><E118/><V28/><F122/><AGARI ba="0,0" hai="18,22,24,46,47,61,65,69,89,92,97,120,122,123" machi="122" ten="40,2600,0" yaku="13,1,52,1" doraHai="84" who="3" fromWho="2" sc="185,0,170,0,176,-26,469,26" /><INIT seed="5,0,0,3,4,76" ten="185,170,150,495" oya="1" hai0="101,17,95,74,88,7,66,1,0,81,8,80,104" hai1="99,83,16,3,70,45,73,43,94,49,47,30,131" hai2="123,98,133,106,9,56,26,65,119,48,15,60,22" hai3="87,129,19,130,85,92,82,5,72,67,84,128,33"/><U71/><E3/><V38/><F123/><W62/><G33/><T112/><D1/><U89/><E30/><V57/><F119/><W96/><G5/><T113/><D74/><U31/><E31/><V69/><F133/><W40/><G40/><T20/><D101/><U39/><E131/><V11/><F38/><W75/><G19/><T51/><D104/><U127/><E127/><V42/><F42/><W78/><G62/><T10/><D10/><U108/><E108/><V97/><F106/><W14/><G14/><T120/><D51/><U107/><E107/><V21/><F21/><W116/><G67/><T52/><D52/><U18/><E70/><V34/><F34/><W25/><G25/><N who="0" m="14479" /><D66/><U126/><E71/><V32/><F32/><W90/><G75/><T23/><D23/><U58/><E58/><V2/><F2/><W41/><G41/><T77/><D77/><U36/><E126/><V122/><F122/><W115/><G115/><N who="0" m="44107" /><D120/><U102/><E45/><V114/><F114/><W91/><G116/><T103/><D103/><AGARI ba="0,0" hai="72,78,82,84,85,87,90,91,92,96,103,128,129,130" machi="103" ten="50,8000,1" yaku="19,1,34,3,52,1" doraHai="76" who="3" fromWho="0" sc="185,-80,170,0,150,0,495,80" /><INIT seed="6,0,0,2,3,34" ten="105,170,150,575" oya="2" hai0="12,92,21,125,76,134,126,22,1,113,71,127,19" hai1="11,62,79,50,52,133,105,24,132,111,37,118,43" hai2="114,94,115,65,85,97,47,59,131,16,121,27,39" hai3="25,30,122,128,108,116,67,9,82,18,100,10,64"/><V14/><F121/><W102/><G116/><T69/><D76/><U68/><E118/><V83/><F131/><W60/><G128/><T63/><D71/><U73/><E105/><V0/><F0/><W17/><G108/><T70/><D70/><U6/><E111/><V32/><F39/><W49/><G49/><T112/><D63/><U40/><E24/><V48/><F65/><W91/><G91/><T95/><D69/><U58/><E79/><V51/><F59/><W28/><G82/><T77/><D77/><U53/><E73/><V129/><F129/><W74/><G25/><T96/><D92/><U106/><E106/><V7/><F7/><W84/><G84/><T66/><D66/><U109/><E68/><V57/><F57/><W119/><G119/><T55/><D55/><U23/><E23/><N who="2" m="11671" /><F47/><W101/><G74/><T8/><D134/><N who="1" m="51819" /><E109/><V86/><F27/><W110/><G110/><T88/><D22/><U5/><E5/><AGARI ba="0,0" hai="1,5,8,12,19,21,88,95,96,112,113,125,126,127" machi="5" ten="50,6400,0" yaku="18,1,52,1,54,1" doraHai="34" who="0" fromWho="1" sc="105,64,170,-64,150,0,575,0" /><INIT seed="7,0,0,2,5,98" ten="169,106,150,575" oya="3" hai0="12,57,56,51,42,66,21,78,55,18,1,130,107" hai1="99,36,106,26,43,94,109,72,44,124,117,0,33" hai2="11,3,14,122,62,22,87,112,16,75,15,19,77" hai3="32,91,58,93,48,35,23,41,54,129,4,125,17"/><W97/><G125/><T61/><D1/><U53/><E109/><V101/><F112/><W132/><G132/><T80/><D107/><U102/><E124/><V64/><F122/><W119/><G129/><T40/><D130/><U114/><E117/><V7/><F75/><AGARI ba="0,0" hai="12,18,21,40,42,51,55,56,57,61,66,75,78,80" machi="75" ten="30,1000,0" yaku="7,1" doraHai="98" who="0" fromWho="2" sc="169,10,106,0,150,-10,575,0" owari="179,-2.0,106,-39.0,140,-26.0,575,67.0" /></mjloggm>