<mjloggm ver="2.3"><GO type="169" lobby="0"/><UN n0="%E3%82%B9%E3%83%BC%E3%83%91%E3%83%BC%E3%82%A2%E3%83%8B%E3%82%AD" n1="%E3%81%AF%E3%82%89%E3%81%BA%E3%81%93%E3%83%AA%E3%82%B0%E3%83%AB" n2="%E5%89%A3%E5%9F%8E" n3="%EF%BC%88%E2%89%A7%E2%96%BD%E2%89%A6%EF%BC%89" dan="16,16,16,19" rate="2083.40,2039.09,2054.96,2244.70" sx="F,F,M,M"/><TAIKYOKU oya="0"/><INIT seed="0,0,0,5,3,67" ten="250,250,250,250" oya="0" hai0="42,75,31,128,107,91,35,90,1,34,78,12,102" hai1="134,64,0,52,56,10,23,79,116,47,77,69,48" hai2="46,36,109,114,59,19,50,94,21,30,4,58,100" hai3="7,54,118,119,83,8,9,108,44,43,49,20,28"/><T129/><D1/><U45/><E116/><V117/><F36/><W111/><G83/><N who="0" m="45535" /><D42/><U65/><E134/><V57/><F114/><W38/><G9/><T22/><D102/><U124/><E124/><V16/><F117/><W120/><G120/><T13/><D107/><U112/><E112/><V11/><F109/><N who="3" m="42059" /><G20/><T113/><D113/><U132/><E132/><V125/><F125/><W55/><G28/><T98/><D98/><U86/><E23/><V51/><F30/><W135/><G55/><T105/><D105/><U63/><E65/><V72/><F72/><W17/><G17/><N who="0" m="10535" /><D13/><U87/><E77/><V18/><F21/><W15/><G135/><T92/><D92/><U40/><E79/><V80/><F80/><W126/><G126/><T71/><D71/><U73/><E73/><V121/><F121/><W25/><G25/><N who="0" m="18799" /><D35/><U5/><REACH who="1" step="1"/><E47/><AGARI ba="0,0" hai="7,8,15,38,43,44,47,49,54,118,119" m="42059" machi="47" ten="30,1000,0" yaku="14,1" doraHai="67" who="3" fromWho="1" sc="250,0,250,-10,250,0,250,10" /><INIT seed="1,0,0,4,2,45" ten="250,240,250,260" oya="1" hai0="110,125,85,78,12,95,68,102,42,36,73,28,35" hai1="18,55,29,7,66,56,79,92,126,62,117,24,25" hai2="51,134,84,6,47,67,40,39,131,22,97,98,63" hai3="34,94,83,76,0,57,104,99,43,41,123,15,124"/><U49/><E117/><V10/><F131/><W31/><G123/><T115/><D12/><U127/><E79/><V32/><F32/><W46/><G0/><T82/><D68/><U112/><E112/><V106/><F106/><W120/><G104/><T9/><D9/><U48/><E7/><V38/><F134/><W87/><G120/><T118/><D118/><U26/><E18/><V60/><F60/><W74/><G124/><N who="1" m="47658" /><E92/><V65/><F65/><W119/><G119/><T17/><D17/><U19/><E19/><V14/><F39/><W96/><G34/><T91/><D115/><U103/><E103/><V21/><F38/><W77/><G31/><T88/><D102/><U20/><E48/><V2/><F2/><W54/><G77/><T86/><D125/><U113/><E113/><V81/><F98/><W30/><G30/><T101/><D101/><U23/><E29/><V1/><F97/><W108/><G96/><T135/><D95/><U64/><E64/><V121/><F1/><W129/><G99/><T105/><D78/><U27/><N who="1" m="6144" /><DORA hai="80" /><U3/><E3/><V130/><F121/><W59/><G94/><T70/><D105/><U61/><E61/><V72/><F72/><W71/><G74/><T50/><D73/><U122/><E122/><V107/><F107/><W4/><G76/><T69/><D28/><U133/><E133/><V109/><F63/><W90/><G4/><T75/><D75/><U8/><E8/><V11/><F11/><W100/><G100/><T128/><D135/><U111/><E111/><V52/><F109/><W33/><G108/><RYUUKYOKU ba="0,0" sc="250,-10,240,30,250,-10,260,-10" hai1="20,23,49,55,56,62,66" /><INIT seed="1,1,0,2,2,0" ten="240,270,240,250" oya="1" hai0="90,39,19,25,88,80,63,12,30,7,87,95,41" hai1="129,66,29,31,62,78,97,14,131,52,15,79,54" hai2="92,53,46,120,119,72,107,93,94,9,40,68,11" hai3="33,105,132,98,122,55,101,73,109,112,48,126,117"/><U76/><E97/><V58/><F68/><W24/><RYUUKYOKU type="yao9" ba="1,0" sc="240,0,270,0,240,0,250,0" hai3="24,33,48,55,73,98,101,105,109,112,117,122,126,132" /><INIT seed="1,2,0,0,5,65" ten="240,270,240,250" oya="1" hai0="2,122,124,127,76,33,37,52,16,20,100,68,119" hai1="34,83,91,109,82,120,106,60,10,7,24,72,15" hai2="126,40,96,103,63,90,54,78,6,53,134,26,47" hai3="66,17,95,113,8,12,93,11,56,87,58,74,81"/><U38/><E120/><V104/><F78/><W30/><G113/><T114/><D114/><U115/><E115/><V32/><F134/><W99/><G74/><T121/><D37/><U102/><E38/><V64/><F6/><W111/><G30/><T39/><D39/><U132/><E132/><V105/><F105/><W97/><G111/><T92/><D33/><U31/><E109/><V9/><F9/><W135/><G135/><T98/><D119/><U29/><E29/><V89/><F54/><W118/><G118/><T22/><D2/><U48/><E72/><V42/><F53/><W41/><G41/><T45/><D76/><U86/><E48/><V4/><F4/><W125/><G125/><N who="0" m="48203" /><D68/><U133/><E133/><V21/><F42/><W77/><G8/><T5/><D5/><U131/><E131/><V18/><F126/><W27/><G27/><N who="0" m="14727" /><D22/><U0/><E0/><V61/><F32/><W57/><REACH who="3" step="1"/><G66/><REACH who="3" ten="240,270,240,240" step="2"/><T108/><D108/><U67/><E24/><V75/><F75/><W55/><G55/><T71/><D52/><U84/><E31/><V62/><F64/><W80/><G80/><T85/><D45/><U49/><E82/><V14/><F26/><W46/><G46/><T25/><D25/><U3/><E83/><V94/><F47/><W112/><G112/><T73/><D73/><U51/><E67/><V36/><F40/><W23/><G23/><T123/><D71/><U44/><E44/><V13/><F36/><W129/><G129/><T79/><D123/><U70/><E70/><V107/><F14/><W19/><G19/><T116/><D116/><RYUUKYOKU ba="2,1" sc="240,10,270,-30,240,10,240,10" hai0="79,85,92,98,100,121,122" hai2="13,18,21,61,62,63,89,90,94,96,103,104,107" hai3="11,12,17,56,57,58,77,81,87,93,95,97,99" /><INIT seed="2,3,1,4,5,81" ten="250,240,250,250" oya="2" hai0="130,74,77,54,83,73,18,122,31,62,132,95,71" hai1="80,53,94,100,124,32,1,14,33,102,92,21,111" hai2="65,37,25,23,106,5,16,91,11,119,116,96,19" hai3="20,64,79,85,57,45,87,0,101,26,115,135,126"/><V39/><F65/><W40/><G0/><T103/><D122/><U107/><E1/><V117/><F19/><N who="3" m="12575" /><G135/><T75/><D132/><U133/><E133/><V118/><N who="2" m="29696" /><DORA hai="49" /><V8/><F106/><W108/><G126/><T69/><D130/><U10/><E111/><V112/><F112/><W30/><G108/><T114/><D114/><U3/><E3/><V63/><F63/><N who="3" m="37999" /><G115/><T134/><D134/><U35/><E21/><V44/><F44/><W52/><G79/><T98/><D31/><U125/><E107/><V7/><F11/><W48/><G101/><T127/><D18/><U84/><E102/><V50/><F7/><W105/><G105/><T4/><D4/><U58/><E100/><V72/><F72/><W42/><G30/><T55/><D127/><N who="1" m="48715" /><E14/><V86/><F96/><W120/><G120/><T34/><D34/><U60/><E10/><V99/><F99/><W28/><G28/><T109/><D109/><U56/><E56/><V15/><REACH who="2" step="1"/><F50/><REACH who="2" ten="250,240,240,250" step="2"/><N who="3" m="26935" /><G40/><T12/><D73/><U36/><E36/><V82/><AGARI ba="3,2" hai="5,8,15,16,23,25,37,39,82,86,91" m="29696" machi="82" ten="60,12000,1" yaku="1,1,0,1,52,1,54,1,53,0" doraHai="81,49" doraHaiUra="51,47" who="2" fromWho="2" sc="250,-43,240,-43,240,149,250,-43" /><INIT seed="2,4,0,3,1,2" ten="207,197,389,207" oya="2" hai0="4,70,43,111,30,66,52,98,117,103,38,65,125" hai1="14,109,127,35,69,31,12,18,40,93,67,116,126" hai2="87,86,100,33,91,118,6,108,102,135,132,131,78" hai3="47,89,68,44,26,49,84,120,96,45,32,55,20"/><V110/><F33/><W128/><G120/><T72/><D72/><U60/><E116/><V115/><F6/><W75/><G75/><T105/><D117/><U76/><E40/><V59/><F59/><W46/><G128/><T107/><D107/><U122/><E122/><V90/><F118/><W97/><G32/><T21/><D125/><N who="1" m="47627" /><E109/><N who="2" m="42091" /><F115/><W85/><G68/><T113/><D113/><U24/><E76/><V9/><F9/><W112/><G112/><T51/><D111/><U81/><E81/><N who="2" m="47415" /><F131/><W83/><REACH who="3" step="1"/><G85/><REACH who="3" ten="207,197,389,197" step="2"/><T101/><D70/><U61/><E69/><V42/><F42/><W13/><G13/><T54/><D43/><U53/><E14/><V123/><F123/><W106/><G106/><T5/><D105/><U28/><E12/><V57/><F57/><W17/><AGARI ba="4,1" hai="17,20,26,44,45,46,47,49,55,83,84,89,96,97" machi="17" ten="30,8000,1" yaku="1,1,0,1,8,1,53,2" doraHai="2" doraHaiUra="92" who="3" fromWho="3" sc="207,-24,197,-24,389,-44,197,102" /><INIT seed="3,0,0,4,4,41" ten="183,173,345,299" oya="3" hai0="85,82,107,54,74,86,103,30,130,70,87,46,33" hai1="72,131,4,61,62,10,43,127,122,53,120,125,14" hai2="66,134,6,135,49,3,67,34,63,0,39,27,80" hai3="37,48,28,108,26,40,96,8,69,126,113,79,22"/><W98/><G113/><T13/><D70/><U35/><E72/><V2/><F39/><W12/><G69/><T32/><D130/><U91/><E35/><V19/><F6/><W114/><G114/><T95/><D107/><U55/><E131/><V75/><F49/><W110/><G37/><T21/><D74/><U100/><E100/><V109/><F19/><W20/><G79/><T60/><D33/><U50/><E43/><V44/><F109/><N who="3" m="42091" /><G22/><T18/><D32/><U52/><E50/><V42/><F134/><W129/><G126/><N who="1" m="48138" /><E91/><V93/><F135/><W92/><G129/><T115/><D30/><U133/><E133/><V89/><F75/><W58/><G92/><T65/><D65/><U15/><E15/><V76/><F93/><W132/><G132/><T38/><D115/><U116/><E116/><V104/><F104/><W128/><G128/><T51/><D38/><U105/><E105/><V119/><F119/><W9/><G9/><T16/><D60/><AGARI ba="0,0" hai="4,10,14,52,53,55,60,61,62,120,122" m="48138" machi="60" ten="30,2000,0" yaku="18,1,54,1" doraHai="41" who="1" fromWho="0" sc="183,-20,173,20,345,0,299,0" /><INIT seed="4,0,0,4,3,52" ten="163,193,345,299" oya="0" hai0="93,43,56,114,80,2,0,118,42,48,29,18,87" hai1="103,16,81,28,89,105,33,38,9,59,102,133,85" hai2="17,19,117,72,34,124,44,6,122,83,14,11,12" hai3="126,13,47,21,135,111,134,5,131,100,98,41,74"/><T73/><D118/><U90/><E38/><V69/><F69/><W96/><G74/><T125/><D125/><U115/><E133/><N who="3" m="50698" /><G131/><T25/><D114/><U129/><E129/><V101/><F122/><W10/><G111/><T78/><D18/><U62/><E115/><V67/><F72/><W75/><G75/><T7/><D7/><U104/><E33/><V23/><F34/><W110/><G110/><T53/><D43/><U40/><E28/><V68/><F124/><W84/><G100/><N who="1" m="38442" /><E40/><V51/><F117/><W65/><G65/><T32/><REACH who="0" step="1"/><D42/><REACH who="0" ten="153,193,345,299" step="2"/><U26/><E104/><V64/><F19/><N who="3" m="10479" /><G126/><T97/><D97/><U39/><E105/><V127/><F127/><W70/><G96/><T130/><D130/><U63/><E16/><V82/><F17/><W31/><G98/><T36/><D36/><U99/><E39/><V88/><F6/><W30/><G30/><T116/><D116/><U3/><E99/><V66/><F68/><W108/><G31/><T94/><D94/><U112/><E112/><V45/><F82/><W20/><G70/><T60/><D60/><U106/><E63/><V27/><F83/><W123/><G108/><T22/><D22/><U95/><E106/><V79/><F23/><W113/><G20/><T55/><D55/><N who="1" m="34175" /><E95/><V92/><F92/><W109/><G109/><T121/><D121/><U76/><E26/><V119/><F27/><W8/><G123/><T77/><D77/><U107/><E107/><V120/><F120/><W1/><G113/><T15/><D15/><U24/><E24/><V91/><F119/><W49/><G8/><RYUUKYOKU ba="0,1" sc="153,10,193,10,345,-30,299,10" hai0="0,2,25,29,32,48,53,56,73,78,80,87,93" hai1="3,9,76,81,85,89,90" hai3="1,5,10,41,47,49,84" /><INIT seed="4,1,1,0,3,128" ten="163,203,315,309" oya="0" hai0="50,23,11,0,45,21,61,83,113,58,65,16,15" hai1="94,122,22,114,80,54,63,73,27,129,107,108,39" hai2="92,104,40,95,79,121,18,6,60,130,74,75,26" hai3="127,123,103,134,48,111,76,97,29,56,19,3,105"/><T66/><D113/><U1/><E107/><V64/><F104/><W132/><G3/><T69/><D0/><U4/><E108/><V101/><F121/><W84/><G111/><T44/><D44/><U31/><E129/><V71/><F6/><W25/><G19/><T118/><D118/><U10/><E114/><V14/><F130/><W53/><G127/><T51/><D51/><U49/><E39/><V87/><F40/><W91/><G76/><T112/><D112/><U96/><E122/><V2/><F2/><W34/><REACH who="3" step="1"/><G123/><REACH who="3" ten="163,203,315,299" step="2"/><T119/><D119/><U78/><E78/><V100/><F79/><W88/><G88/><T81/><D69/><U109/><E109/><V32/><F18/><W110/><G110/><T7/><D66/><U46/><E1/><V106/><F64/><W8/><G8/><T93/><D93/><AGARI ba="1,2" hai="25,29,34,48,53,56,84,91,93,97,103,105,132,134" machi="93" ten="40,5200,0" yaku="1,1,52,2,53,0" doraHai="128" doraHaiUra="57" who="3" fromWho="0" sc="163,-55,203,0,315,0,299,75" /><INIT seed="5,0,0,1,1,97" ten="108,203,315,374" oya="1" hai0="1,29,42,81,110,117,96,57,22,26,50,76,83" hai1="79,109,86,72,61,98,5,6,126,62,128,13,70" hai2="8,108,66,53,100,27,134,0,11,116,121,91,19" hai3="21,59,106,75,123,12,47,80,3,49,90,93,58"/><U127/><E72/><V25/><F66/><W17/><G3/><T56/><D117/><U63/><E70/><V35/><F53/><W115/><G106/><T73/><D110/><U130/><E109/><V67/><F67/><W77/><G115/><T24/><D1/><U4/><E13/><V46/><F46/><W15/><G15/><T74/><D26/><U18/><E18/><V120/><F91/><W119/><G123/><T33/><D33/><U31/><E31/><V38/><F38/><W111/><G119/><T45/><REACH who="0" step="1"/><D96/><REACH who="0" ten="98,203,315,374" step="2"/><U82/><REACH who="1" step="1"/><E98/><REACH who="1" ten="98,193,315,374" step="2"/><V122/><F108/><W14/><G111/><T20/><D20/><U112/><E112/><V102/><F120/><W94/><G21/><T71/><D71/><U51/><E51/><V36/><F116/><W68/><G49/><T103/><D103/><U39/><E39/><V118/><F36/><W64/><G68/><T95/><D95/><U113/><E113/><V34/><F118/><W114/><G94/><T129/><D129/><AGARI ba="0,2" hai="4,5,6,61,62,63,79,82,86,126,127,128,129,130" machi="129" ten="50,4800,0" yaku="1,1,19,1,53,0" doraHai="97" doraHaiUra="89" who="1" fromWho="0" sc="98,-48,193,68,315,0,374,0" /><INIT seed="5,1,0,2,4,43" ten="50,261,315,374" oya="1" hai0="94,13,68,36,73,128,37,44,1,59,79,135,18" hai1="96,113,60,64,109,74,80,132,78,19,86,75,122" hai2="5,97,17,91,41,3,38,92,20,85,42,25,22" hai3="0,105,70,77,62,6,102,49,27,57,47,56,52"/><U2/><E122/><V99/><F3/><W63/><G70/><T129/><D1/><U134/><E2/><V9/><F5/><W111/><G111/><T98/><D79/><U30/><E30/><V53/><F9/><W130/><G130/><T108/><D73/><U10/><E109/><V11/><F11/><W107/><G0/><T126/><D68/><U14/><E96/><V31/><F38/><W67/><G6/><T15/><D108/><U82/><E113/><V66/><F66/><W83/><G27/><T34/><D34/><U16/><E19/><V8/><F8/><W127/><G127/><T110/><D110/><U46/><E46/><V89/><F53/><W40/><G102/><T101/><D126/><U93/><E93/><V87/><F99/><W118/><G118/><T65/><D135/><N who="1" m="51755" /><E82/><V29/><F97/><W121/><G121/><T55/><D15/><U71/><AGARI ba="1,0" hai="10,14,16,60,64,71,74,75,78,80,86" m="51755" machi="71" ten="30,3000,0" yaku="20,1,54,1" doraHai="43" who="1" fromWho="1" sc="50,-11,261,33,315,-11,374,-11" /><INIT seed="5,2,0,2,0,80" ten="39,294,304,363" oya="1" hai0="63,55,126,7,96,103,127,73,77,67,95,109,49" hai1="101,1,129,41,94,33,114,125,117,35,54,42,50" hai2="97,51,72,43,93,10,53,113,132,13,22,88,47" hai3="28,15,74,6,111,91,131,112,84,106,123,81,133"/><U9/><E117/><V86/><F72/><W37/><G123/><T31/><D109/><U2/><E125/><V36/><F132/><W85/><G111/><T76/><D7/><U71/><E114/><V68/><F113/><W83/><G37/><T87/><D73/><U30/><E129/><V66/><F22/><W48/><G106/><T3/><D3/><U34/><E71/><V0/><F0/><W135/><G74/><T56/><D31/><U105/><E105/><V27/><F27/><W120/><G120/><T14/><D14/><U57/><E30/><V64/><F68/><W4/><G131/><T82/><D126/><U70/><E70/><V104/><F104/><W11/><G112/><T89/><REACH who="0" step="1"/><D127/><REACH who="0" ten="29,294,304,363" step="2"/><U44/><E1/><V128/><F128/><W8/><G28/><T20/><D20/><U69/><E2/><V40/><F97/><W110/><G110/><T118/><D118/><U122/><E9/><V92/><F13/><W102/><G8/><T78/><D78/><U59/><E33/><V18/><F10/><W115/><G115/><T25/><D25/><U24/><E34/><V46/><F18/><W29/><G29/><T45/><AGARI ba="2,1" hai="45,49,55,56,63,67,76,77,82,87,89,95,96,103" machi="45" ten="20,8000,1" yaku="1,1,0,1,7,1,8,1,52,1,53,0" doraHai="80" doraHaiUra="119" who="0" fromWho="0" sc="29,96,294,-42,304,-22,363,-22" /><INIT seed="6,0,0,1,2,74" ten="125,252,282,341" oya="2" hai0="84,2,65,115,104,83,7,28,9,112,5,6,77" hai1="17,25,60,125,92,14,3,91,24,127,42,87,53" hai2="19,23,30,119,110,0,78,90,82,81,47,55,62" hai3="70,113,36,123,35,86,41,16,51,1,75,8,54"/><V61/><F0/><W105/><G35/><T21/><D104/><U48/><E3/><V22/><F119/><W33/><G33/><T73/><D65/><U124/><E60/><V15/><F110/><W85/><G75/><T135/><D135/><U95/><E92/><V58/><F47/><W39/><G70/><T133/><D133/><U67/><E42/><V56/><F90/><W52/><G105/><T79/><D28/><U50/><E67/><V46/><F46/><N who="3" m="26063" /><G1/><T98/><D98/><U10/><REACH who="1" step="1"/><E48/><REACH who="1" ten="125,242,282,341" step="2"/><V100/><F100/><W94/><G94/><T72/><D21/><U109/><E109/><V64/><F81/><W63/><G36/><T76/><D9/><U88/><E88/><V103/><F103/><W27/><G8/><T117/><D2/><U43/><E43/><V118/><F30/><W37/><G37/><T4/><N who="0" m="1024" /><DORA hai="126" /><T38/><D38/><U111/><E111/><V108/><F108/><W134/><G39/><T20/><D20/><U12/><E12/><V34/><F23/><W26/><G134/><T66/><D66/><U122/><E122/><V130/><F34/><W31/><G63/><T97/><D97/><U120/><E120/><V45/><F61/><W18/><G123/><T11/><D11/><U89/><E89/><V59/><F62/><W106/><G31/><T99/><D99/><U102/><E102/><V132/><F64/><W44/><G106/><T121/><D121/><U29/><E29/><V80/><F132/><W128/><G27/><T68/><D68/><U69/><E69/><V114/><F15/><W40/><G26/><RYUUKYOKU ba="0,1" sc="125,-10,242,30,282,-10,341,-10" hai1="10,14,17,24,25,50,53,87,91,95,124,125,127" /><INIT seed="7,1,1,3,0,35" ten="115,272,272,331" oya="3" hai0="131,28,106,58,134,37,125,17,22,97,57,20,42" hai1="127,61,104,86,80,109,10,113,34,2,101,73,130" hai2="24,110,126,51,48,9,5,118,0,54,30,16,69" hai3="128,53,62,40,85,14,65,82,63,32,41,52,31"/><W26/><G128/><T77/><D131/><U103/><E130/><V38/><F38/><W132/><G132/><T123/><D134/><U72/><E109/><V56/><F110/><W23/><G32/><T135/><D135/><U12/><E34/><V129/><F129/><W115/><G115/><T91/><D123/><U87/><E113/><V13/><F69/><W4/><G65/><T46/><D125/><U88/><E2/><V90/><F118/><W7/><G53/><T78/><D28/><U95/><E127/><V96/><F126/><W11/><G4/><T19/><D106/><U68/><E72/><V74/><F74/><W76/><G52/><T70/><D70/><U107/><E73/><V116/><F116/><W29/><G29/><T112/><D112/><U105/><E61/><AGARI ba="1,1" hai="7,11,14,23,26,31,40,41,61,62,63,76,82,85" machi="61" ten="40,2000,0" yaku="8,1" doraHai="35" who="3" fromWho="1" sc="115,0,272,-23,272,0,331,33" owari="115,-38.0,249,-15.0,272,7.0,364,46.0" /></mjloggm>