<mjloggm ver="2.3"><GO type="225" lobby="0"/><UN n0="%E3%81%82%E3%81%8B%E3%81%B9%E3%81%87%E3%81%9D%E3%81%B5%E3%81%A8%32" n1="%E4%B8%8A%E5%AE%B6%E9%B3%B4%E3%81%8B%E3%81%9B%E3%82%8D" n2="%E3%82%A6%E3%83%AB%E3%83%88%E3%83%A9%E7%AB%8B%E7%9B%B4" n3="%74%61%69%74%61%6B%65%37" dan="16,16,16,16" rate="2093.25,2108.93,2044.86,2161.68" sx="M,M,M,M"/><TAIKYOKU oya="0"/><INIT seed="0,0,0,4,2,11" ten="250,250,250,250" oya="0" hai0="18,72,31,133,87,32,83,122,36,117,130,92,105" hai1="66,8,81,26,77,47,68,73,55,10,78,71,38" hai2="106,56,114,13,126,84,135,76,60,43,91,113,46" hai3="82,16,101,40,85,131,90,102,127,65,67,57,100"/><T121/><D105/><U15/><E10/><V27/><F76/><W12/><G131/><T97/><D36/><U125/><E125/><V103/><F103/><W69/><G127/><T64/><D130/><U44/><E77/><V25/><F106/><W42/><G69/><T20/><D117/><U63/><E71/><V58/><F135/><W61/><G67/><T86/><D133/><U3/><E3/><V110/><F110/><W41/><G102/><T75/><D64/><U89/><E89/><V24/><F126/><W21/><AGARI ba="0,0" hai="12,16,21,40,41,42,57,61,65,82,85,90,100,101" machi="21" ten="30,7900,0" yaku="0,1,8,1,52,1,54,1" doraHai="11" who="3" fromWho="3" sc="250,-39,250,-20,250,-20,250,79" /><INIT seed="1,0,0,0,4,98" ten="211,230,230,329" oya="1" hai0="77,40,52,123,118,76,105,49,65,90,0,111,35" hai1="83,10,84,21,125,129,99,68,5,14,134,85,3" hai2="8,33,51,69,17,121,34,104,30,96,31,70,59" hai3="47,135,97,133,7,74,6,93,64,36,25,58,27"/><U126/><E68/><V56/><F17/><W44/><G74/><T108/><D118/><U39/><E39/><V66/><F8/><W80/><G80/><T23/><D35/><U20/><E129/><V75/><F75/><W127/><G64/><T72/><D105/><U106/><E134/><N who="3" m="51210" /><G58/><N who="0" m="33039" /><D123/><U109/><E109/><N who="0" m="42057" /><D0/><U117/><E117/><V48/><F66/><W37/><G127/><N who="1" m="48650" /><E84/><V53/><F121/><W1/><G37/><T119/><D119/><U26/><E26/><N who="3" m="9738" /><G1/><T32/><D32/><U12/><E12/><V38/><F38/><W89/><G47/><T73/><D65/><U57/><E3/><V114/><F34/><W91/><G91/><T13/><D40/><AGARI ba="0,0" hai="6,7,36,40,44,89,93,97" m="9738,51210" machi="40" ten="30,1000,0" yaku="20,1" doraHai="98" who="3" fromWho="0" sc="211,-10,230,0,230,0,329,10" /><INIT seed="2,0,0,3,3,29" ten="201,230,230,339" oya="2" hai0="115,76,82,49,8,107,80,44,125,60,23,45,40" hai1="110,26,55,130,53,81,51,42,30,18,4,118,67" hai2="103,117,116,129,58,104,84,127,50,92,3,71,14" hai3="88,25,131,56,128,70,16,78,5,122,20,111,31"/><V33/><F50/><W47/><G70/><T0/><D107/><U90/><E110/><V7/><F58/><W100/><G122/><T91/><D115/><U6/><E130/><N who="3" m="49706" /><G111/><T15/><D125/><U38/><E38/><V97/><F71/><W69/><G69/><T105/><D105/><U134/><E134/><V113/><F3/><W119/><G119/><T24/><D0/><U72/><E118/><V46/><F129/><W9/><G100/><T52/><D60/><U22/><E67/><V74/><F103/><W32/><G78/><T93/><D76/><U102/><E102/><V68/><F104/><W35/><G56/><T59/><D44/><N who="1" m="26007" /><E72/><V28/><F74/><W120/><G47/><T124/><D124/><U109/><E109/><V36/><F46/><W101/><G101/><T123/><D123/><U106/><E106/><V75/><F127/><W54/><G120/><T87/><D23/><N who="1" m="15711" /><E90/><V27/><F75/><W96/><G54/><N who="1" m="20490" /><E81/><V132/><F117/><W11/><G96/><T57/><D24/><AGARI ba="0,0" hai="4,6,18,22,24" m="20490,15711,26007" machi="24" ten="30,1000,0" yaku="8,1" doraHai="29" who="1" fromWho="0" sc="201,-10,230,10,230,0,339,0" /><INIT seed="3,0,0,3,1,109" ten="191,240,230,339" oya="3" hai0="27,92,5,99,117,67,87,81,42,68,56,130,13" hai1="48,113,97,0,53,106,47,101,126,77,122,61,107" hai2="134,21,93,44,115,2,30,72,19,103,94,1,60" hai3="55,116,57,34,35,36,70,9,62,89,86,108,124"/><W10/><G36/><T3/><D68/><U8/><E113/><V38/><F72/><W133/><G116/><T125/><D117/><U82/><E122/><V121/><F115/><W17/><G108/><T46/><D125/><U41/><E126/><V15/><F121/><W39/><G124/><T135/><D135/><U76/><E76/><V4/><F134/><W43/><G133/><T91/><D130/><U37/><E106/><V105/><F105/><W69/><G35/><T131/><D131/><U14/><E61/><V33/><F103/><W18/><G34/><T78/><D3/><U85/><E0/><V123/><F1/><W29/><G29/><T59/><D27/><U79/><E79/><V12/><F12/><W25/><G70/><T24/><D24/><U132/><E132/><V119/><F60/><W20/><G69/><T32/><D67/><U40/><E37/><V95/><F123/><W74/><G74/><T64/><D64/><U112/><E112/><V22/><F22/><N who="3" m="13519" /><G43/><T104/><D104/><U16/><AGARI ba="0,0" hai="8,14,16,40,41,47,48,53,77,82,85,97,101,107" machi="16" ten="20,2700,0" yaku="0,1,7,1,54,1" doraHai="109" who="1" fromWho="1" sc="191,-7,240,27,230,-7,339,-13" owari="184,-32.0,267,7.0,223,-18.0,326,43.0" /></mjloggm>