<mjloggm ver="2.3"><GO type="169" lobby="0"/><UN n0="%E5%BC%8F%E8%A6%8B%E8%9B%8D" n1="%66%6F%6F%6C%5F%6B%65%79" n2="%EF%BC%88%E2%89%A7%E2%96%BD%E2%89%A6%EF%BC%89" n3="%79%69%6E%6E%65%72%30%36" dan="16,16,19,16" rate="2036.48,2042.30,2323.30,2052.50" sx="M,M,M,M"/><TAIKYOKU oya="0"/><INIT seed="0,0,0,2,1,38" ten="250,250,250,250" oya="0" hai0="28,11,81,80,120,113,6,8,97,107,82,10,83" hai1="100,12,43,75,92,63,124,42,1,126,73,44,70" hai2="134,110,52,3,77,98,102,62,13,50,35,116,57" hai3="24,30,122,112,64,36,86,131,15,14,9,85,56"/><T84/><D113/><U87/><E1/><V37/><F3/><W47/><G112/><T123/><D6/><U115/><E115/><V101/><F35/><W135/><G135/><T118/><D118/><U19/><E44/><V26/><F37/><W108/><G108/><T119/><D119/><U99/><E87/><V67/><F134/><W76/><G131/><T48/><D28/><U94/><E94/><V90/><F116/><W125/><G125/><N who="1" m="48234" /><E70/><V105/><F110/><W114/><G114/><T69/><D69/><U55/><E55/><V49/><F77/><W127/><G64/><T51/><D84/><U71/><E63/><V88/><F26/><W33/><G56/><T91/><N who="0" m="20480" /><DORA hai="89" /><T68/><D68/><U17/><E71/><V66/><F102/><W7/><G76/><T59/><D59/><U93/><E93/><N who="2" m="58575" /><F13/><W20/><G122/><T31/><D107/><U61/><E61/><V95/><F105/><W40/><G127/><T16/><D120/><U34/><E34/><V41/><F90/><W117/><G117/><T133/><D91/><U21/><E17/><V29/><F29/><W46/><G46/><T103/><D31/><U104/><E104/><V58/><F66/><W132/><G132/><T45/><D133/><U0/><E0/><V78/><F78/><W65/><G65/><T130/><D16/><U27/><E12/><V96/><F49/><N who="0" m="19018" /><D123/><U39/><E39/><V4/><F4/><W72/><G86/><T128/><D45/><U5/><E5/><V74/><F74/><AGARI ba="0,0" hai="19,21,27,42,43,73,74,75,92,99,100" m="48234" machi="74" ten="30,7700,0" yaku="18,1,52,3" doraHai="38,89" who="1" fromWho="2" sc="250,0,250,77,250,-77,250,0" /><INIT seed="1,0,0,4,0,93" ten="250,327,173,250" oya="1" hai0="114,82,67,30,45,39,73,50,128,61,113,97,3" hai1="126,6,37,15,59,66,33,89,48,94,127,130,36" hai2="27,17,56,102,16,63,14,8,96,107,99,87,60" hai3="22,72,100,31,12,110,2,135,9,19,76,75,112"/><U13/><E33/><V106/><F87/><W132/><G112/><T98/><D39/><U81/><E130/><V86/><F86/><W18/><G100/><T79/><D3/><U49/><E81/><V52/><F63/><W83/><G75/><T64/><D30/><U46/><E36/><V44/><F44/><W90/><G110/><T103/><D128/><U77/><E77/><V129/><F129/><W85/><G31/><T88/><D64/><U24/><E37/><V7/><F27/><W80/><REACH who="3" step="1"/><G2/><REACH who="3" ten="250,327,173,240" step="2"/><T122/><D103/><AGARI ba="0,1" hai="7,8,14,16,17,52,56,60,96,99,102,103,106,107" machi="103" ten="40,8000,1" yaku="9,1,52,2,54,2" doraHai="93" who="2" fromWho="0" sc="250,-80,327,0,173,90,240,0" /><INIT seed="2,0,0,4,3,32" ten="170,327,263,240" oya="2" hai0="28,94,54,57,46,110,35,18,36,128,45,29,33" hai1="103,109,80,37,99,124,51,62,108,131,38,104,71" hai2="111,98,5,75,93,14,114,117,25,84,91,52,9" hai3="76,81,22,107,24,115,87,50,12,67,23,121,95"/><V15/><F117/><W88/><G121/><T78/><D78/><U58/><E124/><V59/><F114/><W102/><G115/><T118/><D18/><U134/><E131/><V86/><F111/><W53/><G67/><T21/><D21/><U7/><E134/><V39/><F39/><W0/><G0/><T105/><D105/><U70/><E7/><V122/><F122/><W64/><G64/><T41/><D46/><U113/><E113/><V69/><F69/><W48/><G102/><T1/><D110/><N who="1" m="42603" /><E51/><V42/><F42/><W101/><G101/><T92/><D92/><U73/><E71/><V30/><F15/><W63/><G107/><T17/><D17/><U20/><E70/><V126/><F75/><W19/><G63/><T11/><D54/><N who="1" m="34135" /><E20/><N who="2" m="15655" /><F126/><W40/><G53/><T31/><D128/><U120/><E120/><V119/><F119/><W68/><G40/><T55/><D118/><U8/><E8/><V132/><F132/><W44/><G44/><T130/><D130/><U82/><E73/><V72/><F72/><W106/><G106/><T34/><D34/><U49/><E49/><AGARI ba="0,0" hai="5,9,14,49,52,59,84,86,91,93,98" m="15655" machi="49" ten="30,2900,0" yaku="8,1,54,1" doraHai="32" who="2" fromWho="1" sc="170,0,327,-29,263,29,240,0" /><INIT seed="2,1,0,4,5,38" ten="170,298,292,240" oya="2" hai0="1,82,81,24,0,11,51,112,108,13,40,9,100" hai1="32,10,102,73,89,26,23,12,115,76,104,56,126" hai2="57,107,2,31,66,69,55,63,124,111,106,87,17" hai3="37,67,14,42,7,70,45,135,125,97,44,128,29"/><V5/><F124/><W109/><G109/><T60/><D112/><U77/><E115/><V62/><F31/><W15/><G125/><T25/><D100/><U105/><E126/><V22/><F111/><W78/><G135/><T88/><D108/><U85/><E32/><V59/><F87/><W20/><G78/><T30/><D60/><U58/><E77/><V101/><F101/><W50/><G128/><T90/><D30/><U64/><E76/><V65/><F5/><W133/><G133/><T118/><D13/><U75/><E75/><V8/><F8/><W96/><G67/><T98/><D51/><U41/><E41/><V130/><F2/><W4/><G70/><T117/><D98/><U93/><E73/><V123/><F123/><W127/><G127/><T43/><AGARI ba="1,0" hai="0,1,9,11,24,25,40,43,81,82,88,90,117,118" machi="43" ten="25,12000,2" yaku="0,1,22,2,52,2,54,1" doraHai="38" who="0" fromWho="0" sc="170,123,298,-31,292,-61,240,-31" /><INIT seed="3,0,0,2,2,81" ten="293,267,231,209" oya="3" hai0="37,11,55,16,12,64,41,58,42,68,13,109,30" hai1="48,102,54,124,73,74,130,132,26,118,38,117,94" hai2="10,104,44,89,70,99,39,114,57,101,66,40,75" hai3="111,96,14,62,61,90,22,28,1,65,135,18,21"/><W82/><G135/><T115/><D109/><U53/><E38/><V25/><F114/><W113/><G113/><T97/><D115/><U52/><E132/><V23/><F70/><W34/><G1/><T5/><D37/><U116/><E130/><V31/><F75/><W69/><G111/><T112/><D112/><U20/><E124/><V50/><F10/><W98/><G61/><T78/><D30/><U83/><E48/><V51/><F66/><W2/><G2/><T33/><D33/><U100/><E94/><V0/><F0/><W76/><G90/><T91/><D78/><U127/><E127/><V35/><F57/><W122/><G122/><T92/><D64/><U80/><E20/><V79/><F79/><W110/><G110/><T71/><D71/><U47/><E26/><V4/><F4/><W107/><G107/><T125/><D68/><U88/><E47/><V72/><F72/><N who="1" m="27753" /><E88/><V3/><F3/><W131/><G131/><T24/><D24/><U8/><E8/><V93/><REACH who="2" step="1"/><F35/><REACH who="2" ten="293,267,221,209" step="2"/><W77/><G34/><T6/><D125/><U133/><E133/><V29/><F29/><W95/><G77/><T120/><D6/><U49/><E49/><V84/><AGARI ba="0,1" hai="23,25,31,39,40,44,50,51,84,89,93,99,101,104" machi="84" ten="20,5200,0" yaku="1,1,0,1,7,1,52,1,53,0" doraHai="81" doraHaiUra="108" who="2" fromWho="2" sc="293,-13,267,-13,221,62,209,-26" /><INIT seed="4,0,0,1,1,88" ten="280,254,283,183" oya="0" hai0="62,107,35,80,108,82,124,26,97,87,54,29,89" hai1="116,102,27,95,104,113,33,93,24,15,79,78,43" hai2="44,123,115,8,3,121,25,23,83,12,49,127,68" hai3="34,112,28,86,42,133,100,17,96,111,58,120,60"/><T47/><D124/><U50/><E116/><V90/><F127/><W101/><G111/><T53/><D108/><U67/><E67/><V7/><F68/><W61/><G112/><T56/><D80/><U41/><E104/><V77/><F3/><W122/><G133/><T69/><D47/><N who="1" m="25967" /><E33/><V66/><F90/><W22/><G42/><T135/><D135/><U36/><E36/><V134/><F66/><W46/><G46/><T14/><D69/><U81/><E43/><V13/><F13/><W99/><G86/><T55/><REACH who="0" step="1"/><D14/><REACH who="0" ten="270,254,283,183" step="2"/><U117/><E117/><V75/><F134/><W0/><G0/><T74/><D74/><U19/><E113/><V30/><F115/><W119/><G119/><T106/><D106/><U16/><E102/><AGARI ba="0,1" hai="26,29,35,53,54,55,56,62,82,87,89,97,102,107" machi="102" ten="40,2000,0" yaku="1,1,53,0" doraHai="88" doraHaiUra="126" who="0" fromWho="1" sc="270,30,254,-20,283,0,183,0" /><INIT seed="4,1,0,0,0,29" ten="300,234,283,183" oya="0" hai0="120,65,8,32,63,116,129,105,88,22,91,4,104" hai1="113,78,45,93,48,80,109,40,101,61,57,90,19" hai2="56,46,75,30,76,110,84,25,127,73,79,69,5" hai3="54,115,10,94,68,41,123,34,117,99,95,135,118"/><T96/><D116/><U1/><E109/><V26/><F69/><W114/><G68/><T102/><D120/><U2/><E113/><N who="3" m="43018" /><G123/><T107/><D129/><U3/><E101/><V122/><F5/><W24/><G41/><T17/><D105/><U112/><E112/><V126/><F46/><W9/><G135/><T131/><D104/><U89/><E19/><V13/><F13/><W134/><G54/><T64/><D64/><U50/><E50/><V36/><F36/><W49/><G49/><T60/><D60/><U21/><E21/><V20/><F84/><W47/><G47/><T38/><D38/><U58/><E93/><N who="3" m="35338" /><G99/><T70/><D131/><U33/><E90/><V66/><F122/><W37/><G37/><T119/><D119/><N who="3" m="45577" /><G134/><T98/><D96/><U28/><E89/><V121/><F121/><W132/><G132/><T52/><D52/><U43/><E43/><V83/><F66/><W44/><G44/><T39/><D91/><U77/><E57/><V92/><F56/><W35/><G24/><T124/><D70/><U14/><E58/><V12/><F26/><W6/><G9/><T81/><D8/><U86/><E78/><V130/><F76/><W128/><G128/><T59/><D59/><U7/><E61/><V103/><F130/><W42/><G42/><T111/><D63/><U15/><E7/><V31/><F79/><W18/><G18/><T67/><D17/><U0/><N who="1" m="0" /><DORA hai="71" /><U23/><E23/><V85/><F20/><W72/><G72/><T51/><D22/><U87/><E87/><V53/><F73/><W125/><G125/><RYUUKYOKU ba="1,0" sc="300,-15,234,15,283,-15,183,15" hai1="14,15,28,33,40,45,48,77,80,86" hai3="6,10,34,35" /><INIT seed="5,2,0,2,0,85" ten="285,249,268,198" oya="1" hai0="19,25,63,38,57,12,116,48,13,2,4,94,90" hai1="71,27,26,41,37,20,119,74,10,46,7,105,130" hai2="30,107,82,32,126,14,55,78,51,21,67,36,66" hai3="93,35,81,117,8,73,122,18,125,101,52,61,16"/><U103/><E119/><V115/><F36/><W114/><G122/><T42/><D38/><U29/><E130/><V112/><F107/><W97/><G35/><T108/><D2/><U98/><E26/><N who="2" m="16719" /><F32/><W69/><G114/><N who="2" m="43561" /><F14/><W34/><G34/><T133/><D13/><U80/><E71/><V15/><F15/><W50/><G117/><T56/><D12/><U86/><E74/><N who="2" m="43351" /><F126/><W40/><G8/><T132/><D116/><U77/><E10/><V1/><F1/><W39/><G125/><T53/><D4/><U0/><E0/><V104/><F104/><W83/><G40/><T28/><D42/><U128/><E7/><V64/><F64/><W24/><G39/><T43/><D43/><U75/><E128/><V118/><F118/><W60/><G73/><T6/><D6/><U99/><E75/><V121/><F121/><W68/><G68/><T49/><D25/><U87/><E87/><V111/><F111/><W33/><G33/><T76/><D108/><U59/><E99/><V102/><F102/><W23/><G69/><T11/><D11/><U129/><E129/><V84/><F84/><W96/><G96/><T109/><D109/><U113/><E113/><V70/><F70/><W31/><G81/><T135/><D135/><U95/><E105/><V44/><AGARI ba="2,0" hai="44,51,55,66,67" m="43351,43561,16719" machi="44" ten="30,2000,0" yaku="15,1,11,1" doraHai="85" who="2" fromWho="2" sc="285,-7,249,-12,268,26,198,-7" /><INIT seed="6,0,0,4,2,0" ten="278,237,294,191" oya="2" hai0="86,105,55,8,26,130,129,36,23,59,39,16,49" hai1="81,126,47,7,116,5,18,57,107,98,9,74,128" hai2="114,82,115,32,46,66,118,24,91,103,73,17,89" hai3="109,11,121,113,30,38,120,71,41,85,34,2,84"/><V44/><F66/><W67/><G109/><T104/><D86/><U20/><E116/><V96/><F118/><W4/><G71/><T97/><D8/><U95/><E107/><N who="0" m="41033" /><D97/><U51/><E126/><V43/><F46/><W93/><G67/><T6/><D6/><N who="1" m="2059" /><E128/><AGARI ba="0,0" hai="16,23,26,36,39,49,55,59,128,129,130" m="41033" machi="128" ten="30,2000,0" yaku="19,1,54,1" doraHai="0" who="0" fromWho="1" sc="278,20,237,-20,294,0,191,0" /><INIT seed="7,0,0,0,3,68" ten="298,217,294,191" oya="3" hai0="86,82,119,14,109,134,39,101,112,24,105,70,65" hai1="74,107,33,58,22,113,37,66,100,95,48,44,23" hai2="97,79,49,122,28,41,16,36,35,123,110,108,51" hai3="21,75,76,31,40,46,8,27,106,67,69,124,19"/><W78/><G106/><T116/><D14/><U53/><E33/><V38/><F79/><W29/><G124/><T115/><D39/><N who="2" m="14890" /><F97/><W4/><G67/><T54/><D134/><U117/><E107/><V25/><F16/><W18/><G69/><T2/><D2/><U118/><E74/><V0/><F0/><W26/><G46/><T5/><D5/><U93/><E113/><N who="0" m="43593" /><D109/><N who="2" m="42090" /><F41/><W6/><G40/><T77/><D24/><N who="3" m="9257" /><G75/><T32/><D32/><U127/><E127/><V43/><F43/><W59/><G59/><T91/><D105/><U126/><E126/><V9/><F9/><W94/><G94/><N who="1" m="35850" /><E100/><V87/><F87/><W61/><G61/><N who="0" m="40239" /><D101/><U55/><E22/><V131/><F131/><W129/><G129/><T13/><D13/><U71/><E23/><V73/><F73/><W34/><G34/><T84/><D84/><U64/><E64/><V10/><F10/><W102/><G102/><T52/><D77/><N who="3" m="29801" /><G21/><T20/><D20/><U135/><E135/><V62/><F62/><W128/><G128/><T121/><D86/><U57/><E57/><V125/><F125/><W132/><G132/><T88/><D91/><U85/><E85/><V1/><F1/><W17/><G8/><T99/><D99/><U133/><E133/><V56/><F56/><W42/><G42/><T120/><D88/><U47/><E37/><V50/><F35/><W104/><G104/><T30/><D82/><U80/><E80/><V92/><F92/><W45/><G45/><N who="1" m="17482" /><E55/><N who="0" m="21033" /><D30/><AGARI ba="0,0" hai="4,6,17,18,19,29,30,31" m="29801,9257" machi="30" ten="30,5800,0" yaku="28,2,8,1" doraHai="68" who="3" fromWho="0" sc="298,-58,217,0,294,0,191,58" /><INIT seed="7,1,0,5,2,33" ten="240,217,294,249" oya="3" hai0="124,132,127,21,71,16,66,26,8,15,9,22,31" hai1="134,119,40,117,79,114,100,54,17,108,25,7,3" hai2="78,2,35,59,6,93,131,49,45,34,135,82,104" hai3="43,80,11,92,60,84,13,1,48,50,129,122,102"/><W14/><G122/><T109/><D109/><U36/><E100/><V38/><F104/><W61/><G129/><T41/><D41/><U52/><E108/><V58/><F131/><W56/><G60/><N who="0" m="40391" /><D132/><U115/><E79/><V83/><F135/><W28/><G28/><T73/><D73/><U68/><E68/><V95/><F38/><W42/><G48/><T125/><AGARI ba="1,0" hai="8,9,15,16,21,22,26,31,124,125,127" m="40391" machi="125" ten="30,2000,0" yaku="18,1,54,1" doraHai="33" who="0" fromWho="0" sc="240,23,217,-6,294,-6,249,-11" /><INIT seed="8,0,0,1,4,35" ten="263,211,288,238" oya="0" hai0="128,48,33,121,25,82,19,85,57,103,92,84,2" hai1="107,124,7,69,120,118,28,88,65,76,59,27,29" hai2="3,37,122,13,70,51,131,116,8,67,109,14,9" hai3="96,1,129,134,16,112,87,23,0,80,50,22,95"/><T101/><D121/><U127/><E107/><V32/><F37/><W40/><G112/><T6/><D128/><U24/><E120/><V126/><F32/><W20/><G129/><T108/><D108/><U75/><E118/><V73/><F73/><W133/><G40/><T42/><D6/><U36/><E36/><V18/><F3/><N who="3" m="1099" /><G50/><T97/><D2/><U115/><E115/><V31/><F51/><W89/><G80/><T38/><D38/><U105/><E7/><V63/><F131/><W21/><G96/><T46/><D57/><U15/><E15/><V53/><F13/><W10/><G10/><T125/><D84/><U68/><E105/><V64/><F9/><W114/><G114/><T100/><D85/><U30/><E88/><V45/><F8/><W132/><G21/><T90/><D82/><N who="1" m="45343" /><E59/><V93/><F122/><W77/><G77/><T135/><D97/><U34/><E65/><V56/><F67/><W81/><G81/><T98/><D98/><U49/><E49/><V39/><F56/><W47/><G47/><T58/><D58/><U4/><E4/><V99/><F45/><W72/><G72/><T55/><D46/><U52/><E52/><V74/><F53/><W71/><G71/><N who="1" m="27210" /><E29/><V83/><F70/><W117/><G117/><T102/><D55/><U43/><E43/><V78/><F116/><W79/><G79/><T66/><D42/><U62/><E62/><V123/><F78/><W110/><G16/><T94/><D48/><U113/><E113/><V106/><F18/><W5/><G5/><T17/><N who="0" m="25600" /><DORA hai="54" /><T60/><D17/><RYUUKYOKU ba="0,0" sc="263,-15,211,15,288,-15,238,15" hai1="24,27,28,30,34,124,127" hai3="20,22,23,87,89,95,110,132,133,134" /><INIT seed="9,1,0,4,3,91" ten="248,226,273,253" oya="1" hai0="50,34,47,85,36,78,64,69,126,30,109,129,80" hai1="68,103,72,44,86,81,8,70,120,135,65,25,125" hai2="45,11,130,100,52,6,98,41,28,21,26,16,118" hai3="112,84,42,7,114,59,73,76,127,14,54,121,48"/><U32/><E120/><V40/><F130/><W43/><G121/><T77/><D109/><U61/><E72/><V24/><F118/><W39/><G73/><T115/><D115/><U29/><E135/><V19/><F52/><W60/><G39/><T107/><D36/><U117/><E125/><V108/><F108/><W89/><G76/><T17/><D107/><U9/><E117/><V95/><F26/><W37/><G37/><T49/><D126/><U92/><E70/><V23/><F23/><W83/><G127/><T53/><D129/><U132/><E132/><V134/><F134/><W90/><G90/><T105/><D105/><U22/><E44/><V96/><F96/><W113/><G7/><T58/><D78/><U79/><REACH who="1" step="1"/><E32/><REACH who="1" ten="248,216,273,253" step="2"/><V10/><F45/><W74/><G74/><T31/><D34/><U63/><E63/><V1/><F40/><W46/><G42/><T116/><D116/><U124/><E124/><V88/><F41/><W102/><G43/><N who="0" m="24831" /><D69/><U15/><E15/><V71/><F71/><W101/><G14/><T67/><D17/><U13/><E13/><V18/><F18/><W106/><G113/><T38/><D38/><U94/><E94/><N who="2" m="58455" /><F19/><W128/><G106/><T93/><D93/><U20/><E20/><V62/><F16/><W5/><G114/><T66/><AGARI ba="1,1" hai="30,31,50,53,58,64,66,67,77,80,85" m="24831" machi="66" ten="30,1100,0" yaku="8,1" doraHai="91" who="0" fromWho="0" sc="248,24,216,-6,273,-4,253,-4" /><INIT seed="10,0,0,0,1,63" ten="272,210,269,249" oya="2" hai0="2,132,97,46,120,123,53,117,42,93,34,109,4" hai1="83,80,22,52,70,41,99,36,12,55,0,9,5" hai2="69,106,54,37,124,104,107,89,35,30,81,79,67" hai3="60,75,96,44,94,38,40,20,88,28,16,49,59"/><V128/><F128/><W31/><G75/><T1/><D109/><U33/><E33/><V73/><F124/><W130/><G38/><T87/><D34/><U111/><E111/><V103/><F54/><W72/><G72/><T66/><D53/><U45/><E70/><V19/><F19/><W7/><G7/><T76/><D87/><U112/><E112/><V134/><F89/><W119/><G119/><T18/><D76/><U122/><E122/><V71/><F134/><W25/><G130/><T13/><D132/><U100/><E80/><V101/><F37/><W32/><G32/><T48/><D117/><U57/><E83/><V24/><F71/><W129/><G129/><T78/><D78/><U65/><E22/><V127/><F127/><W116/><G116/><T115/><D115/><U62/><E0/><V27/><F27/><W135/><G135/><T84/><D2/><U29/><REACH who="1" step="1"/><E29/><REACH who="1" ten="272,200,269,249" step="2"/><V43/><F30/><W90/><G90/><T8/><D1/><U6/><E6/><V105/><F35/><W133/><G133/><T64/><D4/><U3/><E3/><V77/><F81/><W92/><G92/><AGARI ba="0,1" hai="5,9,12,36,41,45,52,55,57,62,65,92,99,100" machi="92" ten="30,7700,0" yaku="1,1,7,1,52,1,54,1,53,0" doraHai="63" doraHaiUra="102" who="1" fromWho="3" sc="272,0,200,87,269,0,249,-77" /><INIT seed="11,0,0,0,1,88" ten="272,287,269,172" oya="3" hai0="92,110,91,103,17,66,84,111,0,53,19,32,90" hai1="49,37,134,135,95,22,131,73,54,86,106,119,52" hai2="38,18,61,1,93,120,79,102,16,125,51,57,69" hai3="63,55,71,4,122,2,104,133,128,56,68,85,58"/><W9/><G122/><T114/><D0/><U29/><E106/><V97/><F1/><W39/><G39/><T10/><D32/><U11/><E73/><V87/><F38/><W36/><G36/><T30/><D30/><U129/><E37/><V45/><F69/><W41/><G41/><T31/><D31/><U34/><E34/><V105/><F125/><W65/><G133/><N who="1" m="50698" /><E119/><V26/><F26/><W20/><G104/><T113/><D103/><U100/><E11/><V21/><F21/><W46/><G46/><T123/><D66/><U107/><E107/><V7/><F7/><W118/><G118/><T67/><D67/><U82/><E95/><V116/><F120/><W28/><G85/><T121/><D53/><N who="1" m="20587" /><E100/><V48/><F116/><W5/><G5/><T89/><D92/><U74/><E74/><V132/><F132/><W96/><G96/><T15/><D84/><U80/><E49/><N who="2" m="19019" /><F45/><W23/><G128/><N who="1" m="49226" /><E86/><V60/><F60/><W127/><G127/><T44/><D44/><U27/><AGARI ba="0,0" hai="22,27,29,80,82" m="49226,20587,50698" machi="27" ten="40,5200,0" yaku="20,1,19,1,54,1" doraHai="88" who="1" fromWho="1" sc="272,-13,287,52,269,-13,172,-26" owari="259,6.0,339,43.0,256,-14.0,146,-35.0" /></mjloggm>