<mjloggm ver="2.3"><GO type="169" lobby="0"/><UN n0="%EF%BC%88%E2%89%A7%E2%96%BD%E2%89%A6%EF%BC%89" n1="%E3%81%94%E3%81%98%E3%82%83%E3%82%8B" n2="%47%61%4B%75" n3="%E5%94%90%E6%8F%9A%E5%A4%A7%E5%A5%BD%E3%81%8D" dan="19,18,16,16" rate="2270.07,2207.66,2093.24,2105.76" sx="M,M,M,M"/><TAIKYOKU oya="0"/><INIT seed="0,0,0,0,3,96" ten="250,250,250,250" oya="0" hai0="35,76,119,60,13,0,85,81,121,83,109,65,111" hai1="27,129,68,112,99,31,10,55,29,33,77,40,1" hai2="107,46,125,24,82,131,124,14,128,48,26,3,67" hai3="89,6,113,5,34,70,80,94,87,105,114,75,45"/><T106/><D0/><U18/><E129/><V88/><F88/><W116/><G70/><T61/><D35/><U20/><E68/><V103/><F103/><W15/><G34/><T104/><D119/><U36/><E77/><V127/><F127/><W37/><G116/><T130/><D121/><U117/><E117/><V59/><F59/><W32/><G105/><T17/><D130/><U98/><E112/><V72/><F72/><W21/><G32/><T123/><D83/><U12/><E31/><V9/><F9/><W16/><G114/><T92/><D92/><U66/><E66/><V50/><F50/><W100/><G113/><T53/><D53/><U74/><E74/><V118/><F118/><W73/><G73/><T8/><D61/><U120/><E120/><V23/><F23/><W39/><G75/><T38/><D38/><U79/><E79/><V54/><F54/><W122/><G122/><T91/><D76/><U62/><E55/><V44/><F44/><W64/><G64/><T97/><D123/><U56/><E56/><V25/><F25/><W132/><G132/><T133/><D133/><U126/><E62/><V51/><F51/><W28/><G28/><T7/><D7/><N who="1" m="1391" /><E126/><V110/><F110/><N who="0" m="41994" /><D97/><U115/><E115/><V71/><F71/><AGARI ba="0,0" hai="8,13,17,60,65,71,81,85,91,104,106" m="41994" machi="71" ten="30,2900,0" yaku="14,1,10,1" doraHai="96" who="0" fromWho="2" sc="250,29,250,0,250,-29,250,0" /><INIT seed="0,1,0,1,5,74" ten="279,250,221,250" oya="0" hai0="62,121,14,29,130,52,17,90,96,46,55,9,113" hai1="1,128,32,7,78,42,4,117,30,127,60,2,47" hai2="34,105,94,49,104,93,112,99,5,70,20,101,115" hai3="10,39,120,21,57,72,82,24,123,54,6,15,8"/><T107/><D121/><N who="3" m="46665" /><G39/><T98/><D113/><U38/><E117/><V58/><F34/><W131/><G131/><T22/><D130/><U71/><E128/><V3/><F70/><W50/><G10/><T92/><D46/><U61/><E127/><V33/><F33/><W80/><G72/><T114/><D114/><U18/><E18/><AGARI ba="1,0" hai="6,8,15,18,21,24,50,54,57,80,82" m="46665" machi="18" ten="30,1000,0" yaku="13,1" doraHai="74" who="3" fromWho="1" sc="279,0,250,-13,221,0,250,13" /><INIT seed="1,0,0,4,0,35" ten="279,237,221,263" oya="1" hai0="81,17,69,85,36,53,86,38,60,4,95,101,11" hai1="87,134,9,68,115,92,90,84,135,39,116,98,48" hai2="104,30,28,83,26,21,88,117,0,8,10,49,113" hai3="51,16,128,111,99,126,133,63,42,127,5,18,66"/><U32/><E39/><V112/><F104/><W105/><G133/><N who="1" m="50698" /><E115/><N who="2" m="44107" /><F117/><W129/><G111/><T91/><D17/><N who="3" m="6761" /><G5/><T15/><D101/><U3/><E116/><V100/><F100/><N who="3" m="62623" /><G51/><T125/><D69/><U75/><E75/><V56/><F28/><W77/><G77/><T62/><D38/><U122/><E122/><V58/><F49/><W59/><G42/><T131/><D36/><U27/><E68/><V123/><F123/><W103/><G103/><T78/><D78/><U52/><E27/><V13/><F0/><W65/><G65/><T29/><D29/><U89/><E32/><V55/><F55/><W114/><G114/><T54/><D54/><U64/><E64/><V118/><F118/><W2/><G2/><T61/><D53/><U124/><E90/><V40/><F40/><W41/><G41/><T43/><D43/><U44/><E124/><AGARI ba="0,0" hai="59,63,66,124,126,127,128,129" m="62623,6761" machi="124" ten="30,2000,0" yaku="18,1,54,1" doraHai="35" who="3" fromWho="1" sc="279,0,237,-20,221,0,263,20" /><INIT seed="2,0,0,1,5,109" ten="279,217,221,283" oya="2" hai0="119,90,2,134,61,48,47,13,69,133,77,96,72" hai1="75,49,101,110,131,15,84,82,41,73,78,44,58" hai2="28,107,33,105,67,89,11,112,123,63,57,9,74" hai3="132,25,128,6,19,88,81,127,70,114,37,126,118"/><V64/><F123/><W130/><G37/><T117/><D2/><U43/><E110/><V124/><F74/><W135/><G70/><T50/><D13/><U34/><E34/><V46/><F112/><W40/><G114/><T59/><D77/><U104/><E131/><N who="3" m="50218" /><G40/><N who="0" m="24679" /><D72/><U85/><E41/><V116/><F116/><N who="0" m="44618" /><D90/><U95/><E104/><V83/><F124/><N who="3" m="47659" /><G118/><T94/><D94/><U113/><E113/><V3/><F64/><W56/><G6/><T42/><D96/><U20/><E58/><V27/><F46/><W1/><G1/><T103/><D103/><U98/><E85/><V86/><F3/><W17/><G56/><T129/><D129/><U80/><E80/><V21/><F33/><W120/><G120/><T87/><D87/><U30/><E30/><V31/><F31/><W16/><G25/><T35/><D69/><U52/><E43/><V26/><F27/><W122/><G122/><T22/><D35/><U62/><E62/><V65/><F65/><W111/><G111/><T53/><D22/><U55/><E55/><V7/><F7/><W18/><G18/><T23/><D23/><U0/><E0/><V39/><F39/><W115/><G115/><T79/><D79/><U76/><E76/><V108/><F108/><W125/><G125/><T68/><D68/><U60/><E60/><V14/><F14/><W51/><G51/><T4/><D4/><U106/><E106/><V32/><F32/><W93/><G81/><T121/><D121/><U10/><E20/><V71/><F71/><W8/><G8/><N who="2" m="3145" /><F107/><W102/><G102/><T54/><D42/><RYUUKYOKU ba="0,0" sc="279,0,217,0,221,0,283,0" hai0="50,53,54,59,61,133,134" hai1="10,15,44,49,52,73,75,78,82,84,95,98,101" hai2="21,26,28,57,63,67,83,86,89,105" hai3="16,17,19,88,93,132,135" /><INIT seed="2,1,0,4,2,60" ten="279,217,221,283" oya="2" hai0="59,51,15,106,93,113,87,56,0,131,65,63,73" hai1="33,6,41,124,110,130,24,121,14,43,99,80,22" hai2="72,68,21,104,52,13,27,89,31,98,36,90,120" hai3="132,69,38,30,116,114,119,57,78,128,67,86,94"/><V122/><F68/><W91/><G38/><T108/><D0/><U42/><E130/><V71/><F71/><W1/><G1/><T32/><D73/><U10/><E33/><V102/><F36/><W11/><G128/><T96/><D32/><U58/><E110/><V54/><F72/><W115/><G69/><T44/><D113/><N who="3" m="43017" /><G132/><T133/><D133/><U4/><E124/><V81/><F13/><W40/><G40/><T49/><D108/><U84/><E121/><V79/><F120/><W100/><G30/><T64/><D106/><U101/><E6/><V29/><F122/><W123/><G123/><T97/><D131/><U18/><E58/><N who="0" m="22057" /><D63/><U92/><REACH who="1" step="1"/><E41/><REACH who="1" ten="279,207,221,283" step="2"/><V16/><F29/><W28/><G28/><T109/><D109/><U9/><E9/><V47/><F31/><W23/><G11/><T88/><D51/><U118/><E118/><V61/><F61/><W117/><G116/><T66/><D15/><U45/><E45/><V112/><F112/><W50/><G117/><T76/><D76/><AGARI ba="1,1" hai="4,10,14,18,22,24,42,43,76,80,84,92,99,101" machi="76" ten="30,3900,0" yaku="1,1,7,1,8,1,53,0" doraHai="60" doraHaiUra="62" who="1" fromWho="0" sc="279,-42,207,52,221,0,283,0" /><INIT seed="3,0,0,5,4,66" ten="237,259,221,283" oya="3" hai0="54,44,42,102,27,29,7,41,108,86,34,127,58" hai1="76,53,21,98,121,103,115,94,36,26,67,72,126" hai2="30,11,89,130,135,19,14,123,23,18,81,31,71" hai3="2,105,4,93,118,13,87,111,85,6,112,120,16"/><W33/><G105/><T88/><D108/><U1/><E1/><V104/><F104/><W129/><G33/><T119/><D119/><U96/><E121/><V50/><F123/><W52/><G120/><T35/><D127/><U83/><E115/><V46/><F130/><W80/><G129/><T59/><D102/><U117/><E36/><V40/><F135/><W74/><G112/><T70/><D70/><U75/><E126/><V39/><F39/><W132/><G118/><T24/><D7/><N who="3" m="2601" /><G2/><T56/><D54/><U49/><E67/><V92/><F81/><W77/><G74/><T106/><D106/><U12/><E75/><V38/><F38/><W43/><G132/><T114/><D114/><U62/><E62/><V22/><F71/><W28/><G111/><T116/><D44/><U99/><E12/><V64/><F64/><W9/><G43/><T110/><D110/><U113/><E117/><V91/><F11/><W95/><G28/><T68/><D68/><U125/><E125/><V100/><F100/><W131/><G131/><T84/><D116/><U128/><E128/><V60/><F60/><W32/><G32/><T57/><D57/><U109/><E109/><V79/><F79/><W78/><G52/><T122/><D122/><U69/><E69/><V17/><F17/><W0/><G0/><T97/><D41/><U133/><E133/><V20/><F20/><W25/><G25/><N who="0" m="18735" /><D42/><U55/><E113/><V61/><F61/><W82/><AGARI ba="0,0" hai="9,13,16,77,78,80,82,85,87,93,95" m="2601" machi="82" ten="30,3000,0" yaku="8,1,54,1" doraHai="66" who="3" fromWho="3" sc="237,-10,259,-10,221,-10,283,30" /><INIT seed="3,1,0,1,1,116" ten="227,249,211,313" oya="3" hai0="84,51,63,64,74,99,0,56,53,65,132,101,1" hai1="9,54,135,125,50,89,91,62,4,35,38,93,88" hai2="66,16,72,60,8,95,109,115,28,133,94,32,7" hai3="25,123,79,13,22,59,87,118,6,47,40,102,100"/><W44/><G118/><T2/><D74/><U45/><E35/><V128/><F115/><W134/><G134/><T49/><D132/><U75/><E135/><V131/><F133/><W42/><G123/><T76/><D76/><U92/><E75/><V57/><F72/><W108/><G108/><T127/><D127/><U129/><E125/><V15/><F109/><W11/><G59/><T58/><D84/><U36/><E129/><N who="2" m="49739" /><F28/><N who="3" m="17463" /><G79/><T30/><D30/><U90/><E62/><V126/><F32/><W83/><G83/><T119/><D119/><U43/><E43/><N who="3" m="16426" /><G87/><T77/><D77/><U71/><E71/><V97/><F126/><W78/><G78/><T48/><REACH who="0" step="1"/><D58/><REACH who="0" ten="217,249,211,313" step="2"/><U33/><E33/><V23/><F97/><W5/><G5/><T12/><D12/><AGARI ba="1,1" hai="7,8,12,15,16,23,57,60,66,94,95" m="49739" machi="12" ten="30,2000,0" yaku="19,1,54,1" doraHai="116" who="2" fromWho="0" sc="217,-23,249,0,211,33,313,0" /><INIT seed="4,0,0,2,3,94" ten="194,249,244,313" oya="0" hai0="103,11,132,56,67,102,61,86,101,97,6,15,79" hai1="31,55,131,122,53,125,18,45,89,28,44,25,33" hai2="57,126,30,13,106,20,24,80,108,70,115,123,91" hai3="50,111,42,1,35,95,77,71,23,128,92,75,113"/><T104/><REACH who="0" step="1"/><D132/><REACH who="0" ten="184,249,244,313" step="2"/><U90/><E122/><V58/><F123/><W32/><G113/><T99/><D99/><U105/><E131/><V26/><F115/><W38/><G128/><T112/><D112/><U14/><E125/><V7/><F126/><W64/><G111/><T114/><D114/><U74/><E33/><V43/><F108/><W107/><G35/><T82/><AGARI ba="0,1" hai="6,11,15,56,61,67,79,82,86,97,101,102,103,104" machi="82" ten="30,11700,0" yaku="21,2,0,1,52,1,53,0" doraHai="94" doraHaiUra="51" who="0" fromWho="0" sc="184,127,249,-39,244,-39,313,-39" /><INIT seed="4,1,0,1,2,89" ten="311,210,205,274" oya="0" hai0="13,29,112,119,100,19,109,111,60,53,2,66,122" hai1="70,16,134,84,95,28,128,125,25,8,18,131,12" hai2="20,98,93,65,92,54,43,126,123,74,77,50,106" hai3="24,42,133,56,105,23,94,103,120,97,127,3,46"/><T33/><D119/><U37/><E37/><V71/><F123/><W85/><G3/><T117/><D2/><U86/><E70/><V59/><F43/><W115/><G120/><T4/><D4/><U64/><E64/><V129/><F129/><N who="1" m="49737" /><E125/><V30/><F126/><W57/><G127/><T80/><D53/><U40/><E40/><V68/><F74/><W52/><G133/><T82/><D100/><U39/><E39/><V99/><F77/><W45/><G115/><T108/><D112/><U49/><E49/><V91/><F106/><W32/><G32/><T67/><D67/><U44/><E44/><N who="3" m="17002" /><G105/><T110/><D117/><U73/><E73/><V6/><F6/><W9/><G42/><T27/><D122/><U78/><E134/><V55/><F65/><W76/><G9/><N who="0" m="6575" /><D111/><U22/><E78/><V132/><F132/><W81/><G52/><T0/><D0/><U51/><E51/><V21/><F54/><W75/><G75/><T121/><D121/><U26/><E8/><V62/><F62/><W135/><G135/><T107/><D107/><U88/><E26/><V47/><F47/><W58/><G57/><AGARI ba="1,0" hai="27,29,33,57,60,66,80,82,108,109,110" m="6575" machi="57" ten="30,1500,0" yaku="10,1" doraHai="89" who="0" fromWho="3" sc="311,18,210,0,205,0,274,-18" /><INIT seed="4,2,0,4,1,12" ten="329,210,205,256" oya="0" hai0="14,112,50,45,48,63,84,21,126,47,22,64,11" hai1="120,115,88,55,17,110,102,41,94,106,68,49,29" hai2="127,33,91,72,13,8,36,80,5,40,57,24,79" hai3="3,35,34,27,109,39,20,98,37,121,71,133,131"/><T95/><D112/><U75/><E120/><V25/><F127/><W130/><G3/><T62/><D126/><U69/><E110/><V111/><F111/><W1/><G1/><T58/><D63/><U86/><E41/><V124/><F124/><W118/><G109/><T96/><D84/><U32/><E115/><V16/><F33/><N who="3" m="12299" /><G71/><T9/><D48/><U82/><E29/><V43/><F57/><W56/><G56/><T38/><D9/><U76/><E32/><V117/><F117/><W77/><G77/><T0/><D38/><U7/><E7/><V54/><F54/><W81/><G81/><T92/><D92/><U135/><E135/><V23/><F36/><W66/><G66/><T116/><D47/><N who="1" m="28095" /><E17/><V70/><F70/><W60/><G118/><T108/><D0/><U119/><E119/><V129/><F129/><N who="3" m="49163" /><G121/><T67/><D116/><U73/><E73/><V101/><F24/><W19/><G133/><T132/><D132/><U42/><E42/><V59/><F59/><W18/><G18/><N who="0" m="8543" /><D64/><U87/><E87/><V53/><F53/><W65/><G98/><AGARI ba="2,0" hai="68,69,75,76,82,86,88,94,98,102,106" m="28095" machi="98" ten="30,2000,0" yaku="24,1,54,1" doraHai="12" who="1" fromWho="3" sc="329,0,210,26,205,0,256,-26" /><INIT seed="5,0,0,0,1,49" ten="329,236,205,230" oya="1" hai0="38,92,128,135,78,45,25,13,82,28,88,71,73" hai1="130,118,34,59,79,53,67,116,85,94,68,37,63" hai2="123,133,11,39,121,115,0,29,7,54,122,61,15" hai3="86,32,30,70,91,36,5,83,62,10,65,31,75"/><U35/><E130/><V114/><F39/><W52/><G36/><T95/><D71/><U112/><E112/><N who="2" m="43051" /><F61/><W127/><G127/><T104/><D104/><U6/><E6/><V87/><F87/><W46/><G75/><T90/><D135/><U4/><E4/><V125/><F54/><W23/><G32/><T3/><D3/><U84/><E37/><V74/><F74/><W80/><G80/><T2/><D2/><U17/><E84/><V124/><F133/><W55/><G46/><T108/><D128/><U24/><E35/><V76/><F76/><W58/><G70/><T69/><D69/><U48/><E79/><V126/><F29/><N who="3" m="10763" /><G23/><T110/><D38/><U109/><E109/><V51/><F51/><W33/><G33/><T120/><D110/><U72/><E72/><V1/><AGARI ba="0,0" hai="0,1,7,11,15,121,122,123,124,125,126" m="43051" machi="1" ten="50,8000,1" yaku="18,1,15,1,11,1,34,2" doraHai="49" who="2" fromWho="2" sc="329,-20,236,-40,205,80,230,-20" /><INIT seed="6,0,0,4,3,29" ten="309,196,285,210" oya="2" hai0="134,113,3,101,111,114,89,122,5,47,117,6,107" hai1="73,71,38,92,130,86,68,52,37,18,58,14,95" hai2="39,46,51,34,13,16,105,76,40,109,72,17,78" hai3="19,75,66,96,60,57,84,77,102,83,48,94,55"/><V104/><F109/><W129/><G129/><T74/><D74/><U50/><E73/><V36/><F34/><W124/><G124/><T12/><D3/><U103/><E130/><V33/><F33/><W106/><G19/><T43/><D134/><U25/><E25/><V82/><F76/><W2/><G2/><T131/><D122/><U59/><E59/><V126/><F126/><W24/><G24/><T22/><D89/><N who="1" m="53303" /><E95/><V128/><F128/><W49/><REACH who="3" step="1"/><G66/><REACH who="3" ten="309,196,285,200" step="2"/><T115/><D131/><U118/><E118/><V11/><REACH who="2" step="1"/><F17/><REACH who="2" ten="309,196,275,200" step="2"/><W9/><G9/><N who="0" m="4143" /><D115/><U31/><E18/><V119/><F119/><W32/><G32/><T100/><D114/><U41/><E31/><V70/><F70/><W15/><G15/><T44/><D113/><U61/><E14/><V135/><F135/><W7/><G7/><T121/><D6/><U45/><E71/><V90/><F90/><AGARI ba="0,2" hai="48,49,55,57,60,75,77,83,84,90,94,96,102,106" machi="90" ten="40,8000,1" yaku="1,1,24,2,53,1" doraHai="29" doraHaiUra="87" who="3" fromWho="2" sc="309,0,196,0,275,-80,200,100" /><INIT seed="7,0,0,2,2,23" ten="309,196,195,300" oya="3" hai0="70,7,121,56,87,48,13,102,88,78,55,52,40" hai1="100,97,45,83,98,12,135,115,63,57,123,77,116" hai2="134,68,21,61,79,133,95,74,131,111,89,15,91" hai3="29,64,4,129,19,65,1,14,114,69,47,42,106"/><W104/><G29/><T80/><D70/><U84/><E123/><V101/><F111/><W28/><G28/><T128/><D128/><U31/><E115/><V81/><F131/><W60/><G129/><T117/><D117/><U30/><E116/><V27/><F15/><W94/><G114/><T46/><D121/><U109/><E109/><V125/><F125/><W26/><G26/><T22/><D102/><U38/><E135/><N who="2" m="51723" /><F101/><W120/><G120/><T71/><D71/><U54/><E38/><V72/><F72/><W18/><G65/><T92/><D56/><U62/><E62/><V10/><F10/><W107/><G1/><T103/><D103/><U44/><E31/><N who="2" m="17903" /><F95/><W32/><G32/><T50/><D50/><U82/><E30/><V124/><F124/><W119/><G119/><T6/><D6/><U39/><E39/><V75/><F75/><W8/><REACH who="3" step="1"/><G94/><REACH who="3" ten="309,196,195,290" step="2"/><T58/><D92/><U9/><E12/><V130/><F130/><W112/><G112/><T51/><D13/><U85/><E9/><V76/><F76/><W126/><G126/><T0/><D78/><N who="1" m="46167" /><E100/><V90/><F90/><W110/><G110/><T96/><D88/><U86/><E86/><V59/><F68/><W43/><G43/><T3/><D40/><U16/><E16/><V35/><F35/><W2/><G2/><T24/><D3/><U99/><AGARI ba="0,1" hai="44,45,54,57,63,77,83,85,97,98,99" m="46167" machi="99" ten="30,1100,0" yaku="8,1" doraHai="23" who="1" fromWho="1" sc="309,-3,196,21,195,-3,290,-5" owari="306,40.0,217,-18.0,192,-31.0,285,9.0" /></mjloggm>