<mjloggm ver="2.3"><GO type="225" lobby="0"/><UN n0="%E3%83%A2%E3%83%B3%E3%83%88%E3%83%AA%E3%83%BC%E3%83%B4%E3%82%A9" n1="%6E%61%6F%68%69%72%6F%EF%BD%8B" n2="%51%42%E3%82%A2%E3%82%A4%E3%83%AA" n3="%E3%82%A6%E3%83%AB%E3%83%88%E3%83%A9%E7%AB%8B%E7%9B%B4" dan="16,17,16,16" rate="2117.92,2138.33,2031.58,2010.21" sx="M,M,F,M"/><TAIKYOKU oya="0"/><INIT seed="0,0,0,2,2,51" ten="250,250,250,250" oya="0" hai0="24,92,44,94,101,79,135,71,21,113,125,1,23" hai1="42,63,45,81,99,76,55,61,29,48,105,10,115" hai2="15,14,62,91,54,16,67,129,57,127,103,47,22" hai3="11,35,133,9,37,110,5,86,116,38,32,90,132"/><T17/><D71/><U78/><E115/><V126/><F103/><W49/><G116/><T123/><D1/><U7/><E29/><V77/><F77/><W104/><G104/><T82/><D113/><U80/><E78/><V87/><F129/><W30/><G86/><N who="0" m="48479" /><D123/><U106/><E99/><V96/><F47/><W43/><G90/><T111/><D135/><U46/><E106/><V28/><F28/><W20/><G38/><T60/><D125/><N who="2" m="47626" /><F96/><W25/><G37/><T59/><D111/><U134/><E105/><V41/><F41/><W112/><G112/><T4/><D4/><U97/><E97/><V66/><F14/><W68/><G68/><T52/><D101/><U98/><E98/><V65/><F65/><W2/><G43/><T69/><D69/><U70/><E134/><N who="3" m="51818" /><G110/><T56/><D44/><U58/><E70/><V131/><F131/><W64/><G64/><N who="0" m="38919" /><D23/><U12/><E46/><V50/><F62/><AGARI ba="0,0" hai="17,21,24,52,59,62,92,94" m="38919,48479" machi="62" ten="30,5800,0" yaku="8,1,52,1,54,1" doraHai="51" who="0" fromWho="2" sc="250,58,250,0,250,-58,250,0" /><INIT seed="0,1,0,1,1,31" ten="308,250,192,250" oya="0" hai0="43,60,68,1,128,65,64,24,8,42,48,86,131" hai1="87,98,122,123,38,4,91,6,51,121,40,95,36" hai2="129,96,93,27,26,102,49,80,105,71,63,113,44" hai3="110,53,56,21,13,69,19,133,124,88,16,74,134"/><T50/><D86/><U7/><REACH who="1" step="1"/><E87/><REACH who="1" ten="308,240,192,250" step="2"/><V46/><F129/><W59/><G74/><T55/><D131/><U114/><E114/><V15/><F113/><W73/><G73/><T34/><D128/><U132/><E132/><V135/><F135/><W85/><G133/><T117/><D117/><U127/><E127/><V57/><F80/><W89/><G134/><T107/><D107/><U22/><E22/><V61/><F105/><W47/><G124/><T76/><D76/><U103/><E103/><V35/><F15/><W90/><G85/><T9/><D1/><U32/><E32/><V70/><F35/><W126/><G126/><T29/><D34/><U17/><E17/><V92/><F102/><W111/><G19/><T67/><D9/><U66/><E66/><V101/><F101/><W23/><G23/><T115/><D8/><U106/><E106/><V118/><F118/><W30/><G30/><T78/><D115/><U3/><E3/><V52/><F96/><W112/><G112/><T2/><D78/><U75/><E75/><V100/><F100/><W45/><G69/><T81/><D81/><U11/><E11/><V116/><F116/><W72/><G72/><T97/><D2/><U120/><N who="1" m="30720" /><DORA hai="79" /><U130/><E130/><V83/><F71/><W5/><G21/><T0/><D97/><U41/><E41/><V28/><F83/><W94/><G16/><T39/><D0/><U104/><E104/><V99/><F70/><W125/><G125/><T25/><D42/><U33/><E33/><V10/><F10/><W109/><G13/><T37/><D68/><RYUUKYOKU ba="1,1" sc="308,-10,240,30,192,-10,250,-10" hai1="4,6,7,36,38,40,51,91,95,98" /><INIT seed="1,2,1,5,1,100" ten="298,270,182,240" oya="1" hai0="95,2,58,14,90,110,56,32,108,4,52,59,36" hai1="47,0,134,18,131,9,80,33,77,75,107,64,101" hai2="125,109,73,51,99,79,46,45,70,57,66,94,25" hai3="120,97,42,23,124,122,76,29,53,28,96,130,62"/><U60/><E131/><V116/><F116/><W67/><G130/><T105/><D36/><U1/><E134/><V98/><F70/><W15/><G124/><T54/><D32/><U61/><E60/><V128/><F128/><W68/><G29/><T113/><D2/><U111/><E111/><N who="0" m="42537" /><D105/><U72/><E75/><V117/><F117/><W71/><G71/><T8/><D113/><U118/><E118/><V10/><F125/><W26/><G42/><T92/><D92/><U21/><E33/><V49/><F94/><W82/><G53/><T119/><D119/><U106/><E101/><V30/><F73/><W69/><G69/><T34/><D34/><U31/><E31/><V35/><F30/><W41/><G41/><T22/><D22/><U3/><E47/><V85/><F35/><W17/><G120/><T7/><D7/><U43/><E43/><V37/><F109/><W127/><G127/><T39/><D39/><U135/><E135/><V44/><F45/><W6/><G6/><T24/><D24/><U123/><E9/><V38/><F25/><W114/><G114/><T12/><D12/><U63/><E123/><V121/><F121/><W126/><G126/><T87/><AGARI ba="2,1" hai="4,8,14,52,54,56,58,59,87,90,95" m="42537" machi="87" ten="30,2000,0" yaku="14,1,54,1" doraHai="100" who="0" fromWho="0" sc="298,36,270,-12,182,-7,240,-7" /><INIT seed="2,0,0,5,3,62" ten="334,258,175,233" oya="2" hai0="42,100,55,16,118,29,65,84,101,85,18,131,99" hai1="7,107,103,126,3,44,57,133,83,56,9,72,74" hai2="15,66,128,80,32,46,104,41,6,2,52,135,27" hai3="78,70,88,26,5,63,22,24,134,23,37,48,21"/><V109/><F2/><W122/><G37/><T38/><D131/><U58/><E126/><V108/><F104/><W1/><G122/><T0/><D0/><U50/><E133/><V4/><F135/><W114/><G78/><T79/><D118/><U67/><E83/><V49/><F128/><W59/><G134/><T111/><D111/><N who="2" m="42570" /><F80/><W94/><G114/><T130/><D130/><U39/><E39/><N who="2" m="21823" /><F15/><W25/><G5/><T98/><D42/><U132/><E132/><V68/><F32/><W71/><G48/><T105/><D38/><U113/><E113/><V47/><F27/><W30/><G1/><T34/><D34/><U95/><E107/><V11/><F11/><W119/><G119/><T40/><D40/><U73/><E103/><V82/><F82/><W89/><G30/><T43/><D43/><U13/><E95/><V28/><F28/><W61/><G94/><T35/><D29/><U86/><E3/><V51/><F51/><W129/><G129/><T123/><D35/><U81/><E73/><V10/><F10/><W127/><G25/><T8/><D8/><U102/><E74/><V33/><F33/><W17/><G23/><T14/><D14/><U116/><E72/><V90/><F90/><W121/><G22/><T125/><D105/><U20/><E102/><V76/><F76/><W31/><G21/><T124/><D79/><N who="1" m="46399" /><E20/><V120/><F120/><W64/><G121/><T117/><D123/><U60/><E116/><V115/><F115/><W92/><G92/><T12/><D117/><U97/><E97/><V87/><F87/><W96/><G89/><RYUUKYOKU ba="0,0" sc="334,-15,258,15,175,15,233,-15" hai1="7,9,13,44,50,56,57,58,60,67" hai2="4,6,47,49,52,66,68" /><INIT seed="2,1,0,0,2,111" ten="319,273,190,218" oya="2" hai0="112,132,0,46,113,5,13,22,27,34,99,69,75" hai1="95,102,35,135,128,40,85,130,84,66,9,32,72" hai2="1,90,43,115,56,83,125,122,60,20,109,101,49" hai3="4,41,19,79,67,12,78,38,37,64,118,57,88"/><V107/><F122/><W77/><G118/><T100/><D75/><U133/><E72/><V91/><F115/><W71/><G4/><T110/><D69/><U39/><E66/><V21/><F1/><W116/><G116/><T94/><D110/><U124/><E39/><V68/><F68/><W80/><G71/><T30/><D132/><N who="1" m="50763" /><E40/><V36/><F36/><W2/><G2/><T61/><D46/><U114/><E9/><V76/><F109/><W31/><G31/><T10/><D61/><U131/><E114/><V119/><F119/><W134/><G134/><T52/><D52/><U121/><E121/><V87/><F125/><W62/><G64/><T26/><D0/><U29/><E29/><AGARI ba="1,0" hai="5,10,13,22,26,27,29,30,34,94,99,100,112,113" machi="29" ten="30,3900,0" yaku="7,1,52,2" doraHai="111" who="0" fromWho="1" sc="319,42,273,-42,190,0,218,0" /><INIT seed="3,0,0,5,4,48" ten="361,231,190,218" oya="3" hai0="108,110,66,15,56,111,32,7,24,68,72,34,26" hai1="88,19,14,63,134,87,78,118,74,21,42,80,12" hai2="39,2,89,82,5,25,55,98,61,28,46,102,70" hai3="31,22,41,1,124,94,18,123,131,73,16,30,38"/><W120/><G73/><T23/><D72/><U75/><E134/><V37/><F2/><W8/><G41/><T101/><D68/><U97/><E118/><V112/><F5/><N who="3" m="1071" /><G38/><T3/><D101/><U79/><E75/><V133/><F133/><W17/><G94/><T54/><D66/><U104/><E42/><V122/><F112/><W91/><G91/><T51/><D3/><U60/><E14/><V57/><F122/><N who="3" m="46635" /><G124/><T85/><D85/><U45/><E45/><V52/><F70/><W117/><G117/><T95/><D95/><N who="1" m="54687" /><E79/><V36/><F82/><W62/><G62/><T44/><D56/><U83/><E80/><V93/><F89/><W121/><N who="3" m="46643" /><W40/><DORA hai="113" /><G40/><T0/><D0/><U4/><E4/><V76/><F76/><W135/><G135/><T99/><D7/><U116/><E116/><V6/><F46/><W86/><G86/><T114/><D99/><U128/><E128/><V64/><REACH who="2" step="1"/><F6/><REACH who="2" ten="361,231,180,218" step="2"/><W10/><G131/><T50/><D114/><U109/><E83/><V103/><F103/><W106/><G106/><T132/><D132/><U20/><E78/><V58/><F58/><W81/><G81/><T130/><D130/><U67/><E104/><V27/><F27/><N who="3" m="14791" /><G10/><T96/><D44/><U77/><E77/><V100/><F100/><W126/><G126/><T84/><D111/><U115/><E109/><V33/><AGARI ba="0,1" hai="25,28,33,36,37,39,52,55,57,61,64,93,98,102" machi="33" ten="30,8000,1" yaku="1,1,0,1,52,2,54,1,53,0" doraHai="48,113" doraHaiUra="47,11" who="2" fromWho="2" sc="361,-20,231,-20,180,90,218,-40" owari="341,44.0,211,-19.0,270,7.0,178,-32.0" /></mjloggm>