<mjloggm ver="2.3"><GO type="97" lobby="0"/><UN n0="%E9%9B%B6%E6%99%82%E8%BF%B7%E5%AD%90" n1="%4A%69%4E%46%49%7A%7A%7A" n2="%E3%82%A6%E3%83%AB%E3%83%88%E3%83%A9%E7%AB%8B%E7%9B%B4" n3="%E6%83%85%E7%B7%92%E4%B8%8D%E5%AE%89%E5%AE%9A" dan="14,13,15,13" rate="1993.06,1878.66,1994.78,1825.78" sx="M,M,M,M"/><TAIKYOKU oya="0"/><INIT seed="0,0,0,4,1,15" ten="250,250,250,250" oya="0" hai0="39,114,37,57,59,7,86,22,25,82,21,128,127" hai1="35,92,23,75,77,40,124,102,66,117,90,112,60" hai2="78,42,118,9,115,36,89,103,31,122,34,81,65" hai3="83,44,55,38,134,5,80,51,56,106,19,96,43"/><T68/><D68/><U45/><E35/><V4/><F122/><W109/><G109/><T47/><D114/><U120/><E117/><V104/><F115/><W50/><G134/><T16/><D127/><U12/><E120/><V52/><F89/><W1/><G38/><T130/><D7/><U63/><E102/><V119/><F52/><W73/><G73/><T76/><D22/><U113/><E124/><V54/><F54/><W67/><G67/><T126/><D126/><U135/><E135/><V32/><F65/><W61/><G61/><T116/><D116/><N who="2" m="44586" /><F31/><W100/><REACH who="3" step="1"/><G19/><REACH who="3" ten="250,250,250,240" step="2"/><T95/><D39/><U10/><E63/><V88/><F36/><W11/><AGARI ba="0,1" hai="1,5,11,43,44,50,51,55,56,80,83,96,100,106" machi="11" ten="30,4000,0" yaku="1,1,2,1,0,1,53,0" doraHai="15" doraHaiUra="91" who="3" fromWho="3" sc="250,-20,250,-10,250,-10,240,50" /><INIT seed="1,0,0,3,0,117" ten="230,240,240,290" oya="1" hai0="42,30,39,99,75,32,81,16,52,80,67,120,45" hai1="126,50,74,84,96,20,64,108,104,13,62,107,71" hai2="116,66,133,78,47,33,48,37,85,51,31,65,90" hai3="77,35,44,83,18,4,130,106,122,60,1,27,115"/><U125/><E74/><V57/><F133/><W91/><G115/><T12/><D67/><N who="2" m="25610" /><F33/><W119/><G122/><T68/><D68/><U14/><E50/><V131/><F131/><W58/><G130/><T36/><D36/><U94/><E108/><V61/><F116/><W24/><G119/><T105/><D75/><U23/><E84/><V101/><F101/><W134/><G134/><T128/><D128/><U17/><E94/><N who="2" m="54607" /><F37/><W41/><G106/><T19/><D32/><U34/><E34/><V49/><F31/><W46/><G35/><T82/><D30/><U114/><E114/><V70/><F70/><W2/><G91/><T53/><D120/><U72/><E72/><V9/><F78/><W0/><G4/><T93/><D105/><U127/><E96/><V73/><F73/><W109/><G109/><T123/><D123/><U38/><E38/><V8/><F47/><W26/><G44/><T76/><D76/><U110/><E110/><V92/><F92/><W5/><G46/><T3/><D3/><U10/><E10/><V63/><F63/><W95/><G2/><T86/><D86/><U100/><E100/><V55/><AGARI ba="0,0" hai="8,9,48,49,51,55,57,61" m="54607,25610" machi="55" ten="30,1100,0" yaku="8,1" doraHai="117" who="2" fromWho="2" sc="230,-3,240,-5,240,11,290,-3" /><INIT seed="2,0,0,2,4,55" ten="227,235,251,287" oya="2" hai0="9,101,54,107,97,80,117,115,110,20,114,39,87" hai1="42,22,129,91,113,108,36,1,116,125,28,130,81" hai2="66,49,98,51,132,6,35,92,32,82,73,58,18" hai3="75,79,50,122,63,61,124,96,128,90,104,68,33"/><V26/><F132/><W123/><G124/><T57/><D39/><U40/><E28/><V112/><F112/><W31/><G128/><T99/><D99/><U37/><E22/><N who="2" m="13655" /><F73/><W111/><G111/><T62/><D110/><U93/><E81/><V127/><F127/><W27/><G50/><N who="2" m="18953" /><F35/><W106/><G90/><T74/><D74/><U2/><E108/><V133/><F133/><W5/><G5/><T60/><D117/><U88/><E113/><V105/><F105/><W64/><G63/><T135/><D135/><U41/><E125/><V12/><F32/><W16/><G16/><T25/><D9/><U76/><E76/><V86/><F12/><W56/><G56/><T134/><D62/><U118/><E40/><V59/><F66/><W14/><G14/><T77/><D134/><U121/><REACH who="1" step="1"/><E93/><REACH who="1" ten="227,225,251,287" step="2"/><V17/><F6/><W100/><G104/><T47/><D115/><U71/><E71/><V70/><F70/><W38/><G38/><T8/><D114/><U45/><E45/><V24/><F17/><W30/><G30/><T23/><D47/><U53/><E53/><V83/><F24/><W95/><G95/><T65/><D25/><U72/><E72/><V0/><F83/><AGARI ba="0,1" hai="27,31,33,61,64,68,75,79,83,96,100,106,122,123" machi="83" ten="40,8000,1" yaku="25,2,23,2" doraHai="55" who="3" fromWho="2" sc="227,0,225,0,251,-80,287,90" /><INIT seed="3,0,0,2,3,0" ten="227,225,171,377" oya="3" hai0="122,84,10,46,50,92,37,81,90,100,49,116,76" hai1="127,42,35,74,125,27,110,15,73,18,34,79,101" hai2="115,47,69,24,57,26,58,75,83,65,5,48,96" hai3="91,19,28,7,22,31,54,97,114,66,9,67,135"/><W16/><G114/><T59/><D116/><U89/><E101/><V51/><F115/><W105/><G135/><T128/><D128/><U21/><E42/><V60/><F75/><W107/><G54/><N who="0" m="32215" /><D37/><U109/><E89/><V8/><F96/><W61/><G19/><T121/><D121/><U108/><E79/><V36/><F36/><W63/><G61/><T52/><D122/><U30/><E74/><V41/><F83/><W132/><G9/><T124/><D124/><N who="1" m="47691" /><E73/><V64/><F69/><W40/><G22/><AGARI ba="0,0" hai="15,18,21,22,27,30,34,35,108,109,110" m="47691" machi="22" ten="40,8000,1" yaku="14,1,18,1,34,2" doraHai="0" who="1" fromWho="3" sc="227,0,225,80,171,0,377,-80" owari="227,-17.0,305,40.0,171,-33.0,297,10.0" /></mjloggm>