<mjloggm ver="2.3"><GO type="41" lobby="0"/><UN n0="%E6%9C%88%E6%A1%82%E6%A8%B9" n1="%E3%81%91%E3%82%8D%E3%81%AA%E3%81%AA" n2="%E3%82%A6%E3%83%AB%E3%83%88%E3%83%A9%E7%AB%8B%E7%9B%B4" n3="%E3%81%B2%E3%81%BE%E5%A8%98" dan="15,16,16,13" rate="2005.33,2098.96,2056.17,1829.28" sx="M,M,M,M"/><TAIKYOKU oya="0"/><INIT seed="0,0,0,3,4,129" ten="250,250,250,250" oya="0" hai0="20,121,55,32,67,40,19,133,34,92,135,58,74" hai1="13,114,35,90,130,131,98,33,102,4,14,57,61" hai2="93,117,25,100,79,76,106,46,7,51,3,99,80" hai3="103,10,123,119,59,122,66,44,42,38,37,126,85"/><T49/><D121/><BYE who="0" /><N who="3" m="46089" /><G103/><T9/><D9/><U73/><E73/><V70/><F70/><W128/><G126/><T36/><D36/><U108/><E108/><UN n0="%E6%9C%88%E6%A1%82%E6%A8%B9" /><V118/><F7/><W75/><G75/><T65/><D74/><U6/><E114/><V60/><F3/><W53/><G128/><N who="1" m="49194" /><E90/><V24/><F60/><N who="3" m="38175" /><G10/><T88/><D40/><U125/><E125/><V95/><F25/><W31/><G31/><T39/><D39/><U71/><E71/><V83/><F24/><W30/><G30/><T22/><D65/><N who="1" m="39087" /><E6/><V77/><F51/><N who="3" m="27031" /><G119/><T68/><D32/><N who="1" m="12363" /><E4/><V72/><F46/><W41/><G41/><T109/><D34/><U43/><E43/><V27/><F27/><W120/><N who="3" m="46097" /><W5/><DORA hai="84" /><G5/><T28/><D109/><U16/><E16/><V112/><F112/><W96/><G96/><N who="0" m="57351" /><D28/><U48/><E48/><V12/><F72/><W17/><G17/><T15/><D19/><U91/><E91/><V78/><N who="2" m="19968" /><DORA hai="45" /><V82/><F12/><W52/><G85/><T86/><D15/><U116/><E116/><AGARI ba="0,0" hai="80,82,83,93,95,99,100,106,116,117,118" m="19968" machi="116" ten="60,8000,1" yaku="12,1,34,3" doraHai="129,84,45" who="2" fromWho="1" sc="250,0,250,-80,250,80,250,0" /><INIT seed="1,0,0,4,4,84" ten="250,170,330,250" oya="1" hai0="73,23,125,115,106,71,6,25,40,20,58,9,79" hai1="68,90,43,114,77,110,105,86,55,19,50,112,81" hai2="88,60,129,16,54,24,59,122,69,78,124,2,49" hai3="100,67,14,35,94,103,37,64,85,74,8,132,87"/><U82/><E105/><V108/><F2/><W134/><G74/><T117/><D71/><U135/><E68/><V118/><F118/><W126/><G37/><T102/><D115/><U116/><E43/><V30/><F122/><W91/><G35/><T4/><D106/><U123/><E19/><V96/><F124/><W0/><G0/><T75/><D102/><N who="3" m="38953" /><G126/><T131/><D40/><U80/><E50/><V22/><F129/><W51/><G51/><T57/><D117/><U7/><E7/><V93/><F108/><W113/><G113/><N who="1" m="43626" /><E55/><V15/><F78/><W33/><G33/><T41/><D125/><U127/><E116/><V53/><F69/><W13/><G13/><T130/><D41/><U34/><E34/><V12/><F30/><W72/><G72/><N who="0" m="27723" /><D9/><U44/><E127/><V65/><F65/><W56/><G56/><AGARI ba="0,0" hai="12,15,16,22,24,49,53,54,56,59,60,88,93,96" machi="56" ten="30,12000,2" yaku="7,1,25,2,8,1,52,1,54,2" doraHai="84" who="2" fromWho="3" sc="250,0,170,0,330,120,250,-120" /><INIT seed="2,0,0,1,5,123" ten="250,170,450,130" oya="2" hai0="37,72,47,74,118,110,11,108,20,12,113,70,77" hai1="39,119,114,1,93,2,106,45,134,15,30,18,124" hai2="57,38,51,104,58,63,97,61,103,68,94,32,86" hai3="128,4,122,81,64,96,131,59,127,78,83,35,16"/><V42/><F38/><W22/><G122/><T111/><D70/><U91/><E106/><V54/><F68/><W14/><G35/><T125/><D113/><U52/><E114/><V5/><F32/><W105/><G127/><T133/><D133/><U34/><E119/><V69/><F69/><W48/><G4/><T13/><D125/><U79/><E124/><V10/><F42/><W99/><G83/><T7/><D118/><U25/><E79/><V116/><F116/><W129/><G105/><T27/><D77/><U0/><E134/><V26/><F26/><W46/><G59/><T121/><D121/><U109/><E39/><V84/><F104/><W9/><G9/><T40/><D12/><U135/><E135/><V120/><F120/><W33/><G64/><T90/><D90/><U71/><E71/><V101/><F101/><W50/><G33/><T44/><D47/><U21/><E45/><V102/><F102/><W55/><REACH who="3" step="1"/><G50/><REACH who="3" ten="250,170,450,120" step="2"/><T8/><D11/><U28/><E34/><V65/><F51/><W17/><G17/><AGARI ba="0,1" hai="7,8,13,17,20,27,37,40,44,72,74,108,110,111" machi="17" ten="40,8000,1" yaku="14,1,52,3" doraHai="123" who="0" fromWho="3" sc="250,90,170,0,450,0,120,-80" /><INIT seed="3,0,0,3,3,40" ten="340,170,450,40" oya="3" hai0="130,116,23,62,5,135,111,87,68,44,32,118,27" hai1="46,29,102,37,93,89,57,123,94,132,14,90,120" hai2="100,115,55,125,74,22,121,42,35,131,85,107,11" hai3="113,126,3,75,4,129,82,9,43,56,54,12,122"/><W53/><G122/><T2/><D111/><U20/><E102/><V117/><F11/><W133/><G113/><T15/><D130/><U6/><E132/><V26/><F55/><W33/><G129/><T71/><D68/><U39/><E57/><V41/><F22/><W127/><G133/><T19/><D135/><U28/><E20/><V10/><F26/><W84/><G33/><T64/><D87/><U81/><E81/><V30/><F10/><W109/><G109/><T119/><D32/><U36/><E14/><V70/><F30/><N who="1" m="11881" /><E6/><V114/><F85/><W45/><G75/><T34/><D34/><U86/><E86/><V51/><F100/><W67/><G67/><T73/><D73/><U38/><E38/><V83/><F83/><W25/><G25/><T7/><D2/><U92/><E46/><V78/><F115/><W134/><G3/><T47/><D27/><U91/><AGARI ba="0,0" hai="36,37,39,89,90,91,92,93,94,120,123" m="11881" machi="91" ten="40,8000,1" yaku="29,2,28,2" doraHai="40" who="1" fromWho="1" sc="340,-20,170,80,450,-20,40,-40" /><INIT seed="4,0,0,0,0,25" ten="320,250,430,0" oya="0" hai0="61,34,126,54,97,121,88,100,12,104,37,110,133" hai1="119,56,13,135,55,14,28,4,102,18,84,23,115" hai2="35,98,29,31,62,17,50,91,40,42,112,21,8" hai3="7,77,27,89,90,111,118,11,134,96,1,48,41"/><T116/><D121/><U94/><E119/><V101/><F35/><W117/><G111/><T99/><D116/><U22/><E135/><V19/><F112/><W105/><G134/><T53/><D37/><U67/><E115/><V114/><F114/><W47/><G77/><T26/><D133/><U3/><E67/><V122/><F122/><W52/><G118/><T87/><D99/><U0/><E0/><V58/><F101/><W73/><G117/><T130/><D130/><U107/><E107/><V57/><F8/><W66/><G73/><T33/><D33/><U109/><E109/><V2/><F2/><W86/><G66/><T113/><D113/><U80/><E3/><V124/><F124/><W129/><G129/><T20/><D126/><U69/><E69/><V39/><F39/><W106/><G27/><T43/><D110/><U6/><E102/><V127/><F127/><W24/><G24/><T81/><D43/><U9/><E94/><N who="2" m="56671" /><F19/><W79/><G79/><T123/><D123/><U63/><E23/><V10/><F10/><W70/><G70/><T76/><D34/><U71/><E71/><V46/><F42/><W78/><G78/><T32/><D32/><U30/><E6/><V83/><F83/><N who="3" m="49375" /><G41/><T5/><D76/><AGARI ba="0,0" hai="4,9,13,14,18,22,28,30,55,56,63,76,80,84" machi="76" ten="30,7700,0" yaku="7,1,8,1,52,2" doraHai="25" who="1" fromWho="0" sc="320,-77,250,77,430,0,0,0" /><INIT seed="5,0,0,5,5,105" ten="243,327,430,0" oya="1" hai0="130,13,40,111,79,82,108,33,125,35,106,26,109" hai1="53,8,9,30,122,115,23,95,135,56,129,15,32" hai2="113,38,68,131,94,54,114,12,97,2,31,11,119" hai3="127,49,63,102,126,65,121,5,27,104,19,29,51"/><U58/><E122/><V16/><F119/><W20/><G121/><T88/><D106/><U72/><E32/><V42/><F68/><W17/><G5/><T24/><D130/><U6/><E129/><V52/><F131/><W103/><G51/><T120/><D120/><U83/><E115/><N who="2" m="44043" /><F31/><W10/><G49/><T46/><D125/><N who="3" m="47625" /><G10/><T116/><D13/><U117/><E117/><V92/><F2/><W123/><G123/><T60/><D116/><U67/><E135/><V98/><F42/><W4/><G4/><T90/><D60/><U107/><E107/><V43/><F43/><W1/><G1/><T124/><D124/><U47/><E67/><V66/><F66/><W55/><G55/><N who="2" m="21033" /><F38/><W21/><G104/><T62/><D62/><U37/><E30/><V81/><F81/><W101/><G21/><T70/><D70/><AGARI ba="0,0" hai="17,19,20,27,29,63,65,70,101,102,103" m="47625" machi="70" ten="30,1000,0" yaku="18,1" doraHai="105" who="3" fromWho="0" sc="243,-10,327,0,430,0,0,10" /><INIT seed="6,0,0,0,3,75" ten="233,327,430,10" oya="2" hai0="2,10,7,8,1,98,101,29,48,47,33,49,39" hai1="27,117,21,121,127,133,126,92,23,135,104,96,15" hai2="87,65,5,46,56,68,72,102,40,19,61,129,44" hai3="99,123,97,50,22,130,124,71,110,80,35,28,34"/><V74/><F129/><W59/><G123/><T54/><D39/><U94/><E104/><V70/><F74/><W52/><G110/><T66/><D66/><U53/><E117/><V106/><F72/><W118/><G118/><T108/><D108/><U81/><E121/><V51/><F102/><W91/><G130/><T17/><D101/><U115/><E53/><V14/><F106/><W63/><G124/><N who="1" m="47658" /><E115/><V105/><F105/><W76/><G22/><T109/><D98/><U24/><E15/><V84/><F5/><W13/><G13/><T93/><D109/><U83/><E96/><V26/><F26/><N who="1" m="9769" /><E83/><V88/><F46/><W131/><G131/><T18/><D93/><N who="1" m="35947" /><E81/><V36/><F87/><W113/><G113/><T42/><D54/><U77/><E77/><V134/><F84/><W119/><G119/><T85/><D85/><U20/><AGARI ba="0,0" hai="20,21,23,133,135" m="35947,9769,47658" machi="20" ten="40,5200,0" yaku="28,2,18,1" doraHai="75" who="1" fromWho="1" sc="233,-13,327,52,430,-26,10,-13" owari="220,-18.0,379,18.0,404,50.0,-3,-50.0" /></mjloggm>