<mjloggm ver="2.3"><GO type="97" lobby="0"/><UN n0="%4D%69%4D%61%2E" n1="%E3%82%A6%E3%83%AB%E3%83%88%E3%83%A9%E7%AB%8B%E7%9B%B4" n2="%E3%81%BF%E3%81%A9%E3%82%8A%E8%8C%B6" n3="%68%61%6B%6F%75%6D%69" dan="14,15,14,13" rate="1904.10,1993.70,1886.14,1861.45" sx="F,M,M,M"/><TAIKYOKU oya="0"/><INIT seed="0,0,0,0,3,35" ten="250,250,250,250" oya="0" hai0="39,61,31,113,107,11,73,105,132,90,116,95,109" hai1="37,93,133,76,47,65,21,100,50,5,6,42,112" hai2="75,101,1,44,30,58,111,119,10,4,125,71,96" hai3="15,80,91,55,122,74,102,128,130,72,18,85,9"/><T123/><D116/><U25/><E133/><V126/><F119/><W40/><G122/><T28/><D123/><U0/><E112/><V108/><F71/><W16/><G102/><T24/><D39/><U49/><E37/><V12/><F75/><W27/><G40/><T26/><D132/><U3/><E76/><V86/><F86/><W82/><G82/><T29/><D73/><U33/><E33/><V48/><F58/><W69/><G69/><T98/><D113/><U97/><E50/><V38/><F30/><W83/><G83/><T36/><D36/><U115/><E115/><V14/><F38/><W135/><G135/><T88/><D11/><U53/><E53/><V23/><F23/><N who="3" m="13815" /><G55/><T22/><D109/><N who="2" m="42058" /><F48/><W129/><AGARI ba="0,0" hai="9,15,16,72,74,80,85,91,128,129,130" m="13815" machi="129" ten="30,2000,0" yaku="19,1,54,1" doraHai="35" who="3" fromWho="3" sc="250,-10,250,-5,250,-5,250,20" /><INIT seed="1,0,0,2,0,80" ten="240,245,245,270" oya="1" hai0="122,79,66,18,51,19,82,71,2,96,54,70,102" hai1="67,126,111,114,28,8,22,89,97,55,40,109,3" hai2="76,13,101,64,29,49,88,105,38,42,48,130,24" hai3="26,92,63,100,4,110,46,53,123,0,65,99,31"/><U68/><E114/><V91/><F130/><W120/><G110/><N who="1" m="41994" /><E40/><V69/><F76/><W14/><G0/><T106/><D122/><U52/><E126/><V35/><F13/><W62/><G4/><T98/><D2/><U17/><E67/><V129/><F129/><W107/><G14/><T113/><D113/><U27/><E68/><V1/><F1/><W118/><G118/><T30/><D30/><U81/><E17/><V87/><F91/><W94/><G123/><T72/><D98/><U56/><E56/><V9/><F9/><W117/><G117/><T36/><D36/><U124/><E124/><V77/><F77/><W39/><G120/><T84/><D72/><U127/><E127/><V121/><F121/><W59/><G46/><T74/><D74/><U112/><E112/><V132/><F132/><W10/><G10/><T115/><D115/><U133/><E133/><V25/><F25/><W60/><G39/><T73/><D73/><U85/><E97/><N who="2" m="61615" /><F42/><W44/><G44/><T20/><D66/><U37/><E37/><V15/><F15/><W57/><REACH who="3" step="1"/><G62/><REACH who="3" ten="240,245,245,260" step="2"/><T5/><D71/><U33/><E22/><AGARI ba="0,1" hai="22,26,31,53,57,59,60,63,65,92,94,99,100,107" machi="22" ten="30,7700,0" yaku="1,1,2,1,7,1,53,1" doraHai="80" doraHaiUra="61" who="3" fromWho="1" sc="240,0,245,-77,245,0,260,87" /><INIT seed="2,0,0,2,0,45" ten="240,168,245,347" oya="2" hai0="101,44,78,31,123,128,76,86,77,25,130,1,68" hai1="129,22,114,121,13,39,17,110,98,51,67,99,108" hai2="87,52,53,34,62,69,8,49,20,32,43,38,48" hai3="7,56,26,111,109,117,105,116,96,75,14,113,36"/><V61/><F69/><W88/><G36/><T131/><D1/><U10/><E39/><V59/><F32/><W126/><G75/><T104/><D68/><U12/><E114/><V46/><F34/><W97/><G113/><T64/><D64/><U47/><E129/><V19/><F8/><N who="3" m="4383" /><G26/><T92/><D44/><U90/><E121/><V2/><F87/><W27/><G27/><T70/><D70/><U3/><E3/><V55/><F55/><W54/><G126/><T106/><D31/><U30/><E67/><V0/><F0/><W100/><G96/><N who="0" m="59527" /><D25/><U89/><E30/><V94/><F94/><N who="3" m="56519" /><G105/><N who="0" m="40555" /><D123/><U95/><E99/><V102/><F102/><W134/><G100/><T91/><D77/><U24/><E90/><V115/><F115/><W107/><G107/><T132/><D132/><U21/><E13/><V124/><F124/><W133/><G117/><T82/><AGARI ba="0,0" hai="76,78,82,86,91,128,130,131" m="40555,59527" machi="82" ten="40,5200,0" yaku="19,1,34,2" doraHai="45" who="0" fromWho="0" sc="240,52,168,-13,245,-26,347,-13" /><INIT seed="3,0,0,2,0,0" ten="292,155,219,334" oya="3" hai0="63,91,3,35,19,134,6,129,14,57,112,55,64" hai1="27,29,60,46,121,87,83,40,70,33,98,30,124" hai2="21,133,109,123,72,59,32,97,50,71,116,17,31" hai3="104,39,36,115,48,100,66,102,37,41,118,110,5"/><W25/><G118/><T82/><D134/><U131/><E124/><V111/><F133/><W56/><G115/><T107/><D35/><U80/><E131/><V75/><F116/><W62/><G5/><T38/><D38/><U73/><E121/><V43/><F71/><W20/><G104/><T89/><D107/><U68/><E30/><V13/><F123/><W67/><G110/><N who="2" m="41993" /><F97/><W4/><G4/><T15/><D3/><U120/><E120/><V28/><F32/><W12/><G12/><T101/><D129/><U11/><E83/><V113/><F113/><W114/><G114/><T24/><D101/><U44/><E44/><N who="2" m="25887" /><F59/><W34/><G34/><T23/><D64/><U126/><E126/><V135/><F135/><W53/><G41/><T81/><D112/><U7/><E98/><V9/><F21/><W95/><G95/><T47/><D47/><U8/><E8/><V119/><F119/><W78/><G78/><T42/><D42/><U93/><E93/><V84/><F84/><W94/><G94/><T86/><D6/><U117/><E117/><V22/><F22/><W106/><G106/><T54/><D55/><U79/><E87/><AGARI ba="0,0" hai="14,15,19,23,24,54,57,63,81,82,86,87,89,91" machi="87" ten="40,2600,0" yaku="9,1,8,1" doraHai="0" who="0" fromWho="1" sc="292,26,155,-26,219,0,334,0" owari="318,12.0,129,-37.0,219,-18.0,334,43.0" /></mjloggm>