<mjloggm ver="2.3"><GO type="169" lobby="0"/><UN n0="%EF%BC%88%E2%89%A7%E2%96%BD%E2%89%A6%EF%BC%89" n1="%E3%81%94%E3%81%98%E3%82%83%E3%82%8B" n2="%47%33%E9%BE%8D%E9%96%80" n3="%E3%81%AF%E3%82%86%E3%81%86" dan="19,18,16,16" rate="2336.37,2190.41,2142.48,2067.89" sx="M,M,M,M"/><TAIKYOKU oya="0"/><INIT seed="0,0,0,1,0,133" ten="250,250,250,250" oya="0" hai0="67,106,7,72,103,16,85,114,29,122,65,100,18" hai1="69,66,73,59,26,28,32,5,131,68,135,9,60" hai2="93,92,12,8,99,56,11,53,71,78,123,3,43" hai3="74,75,6,2,95,109,77,14,97,80,127,40,94"/><T61/><D72/><U83/><E135/><V63/><F123/><W125/><G2/><T113/><D122/><U58/><E131/><V57/><F71/><W38/><G109/><T116/><D7/><U39/><E39/><V37/><F3/><W17/><G6/><T120/><D120/><U117/><E117/><V55/><F78/><W84/><G40/><T34/><D116/><U62/><E83/><V91/><F37/><W44/><G44/><T42/><D85/><U118/><E73/><V86/><F43/><W23/><G38/><T134/><D42/><U87/><E87/><V96/><F12/><W36/><G36/><T50/><D50/><U24/><E24/><V20/><F20/><W13/><G13/><T110/><D110/><U49/><E49/><N who="2" m="30767" /><F86/><W79/><G79/><T41/><D41/><U130/><E130/><V102/><AGARI ba="0,0" hai="8,11,55,57,63,91,92,93,96,99,102" m="30767" machi="102" ten="30,1100,0" yaku="8,1" doraHai="133" who="2" fromWho="2" sc="250,-5,250,-3,250,11,250,-3" /><INIT seed="1,0,0,0,2,98" ten="245,247,261,247" oya="1" hai0="9,117,106,8,89,4,80,52,5,30,102,60,35" hai1="1,57,18,84,103,25,114,45,93,123,121,49,83" hai2="59,133,64,47,120,62,132,116,29,33,61,16,28" hai3="15,94,26,27,112,128,55,118,101,32,134,43,24"/><U113/><E1/><V10/><F120/><W38/><G112/><T22/><D117/><U54/><E114/><V78/><F116/><W111/><G118/><T21/><D35/><U126/><E113/><V96/><F78/><W108/><G128/><T73/><D73/><U39/><E126/><V122/><F122/><W2/><G2/><T69/><D69/><U77/><E39/><V58/><F47/><N who="3" m="24055" /><G134/><N who="2" m="51817" /><F33/><W48/><G15/><T19/><D30/><U97/><E25/><V127/><F127/><W65/><G65/><T17/><D80/><U87/><E18/><V105/><F105/><W11/><G11/><T131/><D106/><U129/><E129/><V92/><F16/><W67/><G67/><T31/><D31/><N who="2" m="11850" /><F10/><W34/><G55/><T115/><D52/><U0/><E0/><V76/><F76/><W37/><G48/><T90/><D115/><U14/><E14/><V99/><F92/><W107/><G107/><T72/><D131/><U95/><REACH who="1" step="1"/><E45/><REACH who="1" ten="245,237,261,247" step="2"/><V63/><F64/><W50/><G37/><T88/><D17/><U119/><E119/><V104/><F58/><W46/><G34/><T124/><D19/><U68/><E68/><V135/><F59/><W42/><G32/><T86/><D124/><U12/><E12/><V56/><F56/><W51/><G26/><T91/><D21/><U100/><E100/><V13/><F13/><W44/><G27/><T40/><D22/><U23/><E23/><V36/><F36/><W66/><G24/><T109/><D102/><U7/><E7/><V41/><F135/><W125/><G125/><T81/><D4/><RYUUKYOKU ba="0,1" sc="245,-10,237,30,261,-10,247,-10" hai1="49,54,57,77,83,84,87,93,95,97,103,121,123" /><INIT seed="1,1,1,0,4,78" ten="235,267,251,237" oya="1" hai0="53,34,15,20,81,64,132,74,59,135,39,90,24" hai1="122,7,57,106,0,103,75,33,113,82,129,28,17" hai2="100,13,43,96,111,124,77,51,26,102,48,70,119" hai3="120,21,54,68,3,4,62,60,35,40,56,130,118"/><U9/><E113/><V44/><F111/><W83/><G120/><T38/><D64/><U23/><E122/><V25/><F119/><W50/><G130/><T91/><D34/><U99/><E129/><V22/><F70/><W114/><G35/><T36/><D15/><U93/><E33/><V133/><F133/><N who="0" m="51274" /><D74/><U11/><E28/><V76/><F124/><W66/><G118/><T105/><D105/><U110/><E9/><V86/><F13/><W1/><G114/><T108/><D81/><U58/><E110/><V52/><F25/><W61/><G21/><T8/><D8/><U29/><E29/><N who="2" m="17623" /><F96/><W80/><G40/><T31/><D108/><U2/><E2/><V116/><F116/><W73/><G73/><T94/><D94/><U46/><E106/><V112/><F112/><W12/><G12/><T32/><D32/><U98/><E98/><V16/><F16/><W92/><G4/><T107/><D107/><U104/><E104/><V5/><F5/><W37/><G37/><T49/><AGARI ba="1,1" hai="20,24,31,36,38,39,49,53,59,90,91" m="51274" machi="49" ten="40,1500,0" yaku="20,1" doraHai="78" who="0" fromWho="0" sc="235,28,267,-8,251,-5,237,-5" /><INIT seed="2,0,0,1,5,61" ten="263,259,246,232" oya="2" hai0="123,88,75,21,102,39,40,37,125,80,46,67,101" hai1="83,94,22,115,5,41,91,29,109,59,76,63,111" hai2="72,24,3,71,11,82,52,113,57,79,56,129,43" hai3="66,104,131,16,87,34,65,38,132,51,35,117,50"/><V122/><F122/><W134/><G117/><T70/><D37/><U85/><E115/><V121/><F121/><W47/><G38/><T97/><D123/><U30/><E41/><V90/><F113/><W78/><G104/><T44/><D125/><U118/><E5/><V77/><F71/><W36/><G36/><T28/><D46/><U53/><E118/><V133/><F133/><N who="3" m="51307" /><G131/><T124/><D124/><U4/><E4/><V62/><F129/><W42/><G51/><T23/><D75/><U95/><E95/><V19/><F43/><W116/><G116/><T103/><D28/><U48/><E48/><V26/><F3/><W54/><G54/><T105/><D105/><U92/><E92/><V96/><F77/><W20/><G87/><T98/><D98/><U68/><E68/><V135/><F135/><W15/><G78/><T108/><D108/><N who="1" m="41547" /><E22/><V14/><F96/><AGARI ba="0,0" hai="29,30,53,59,63,76,83,85,91,94,96" m="41547" machi="96" ten="30,1000,0" yaku="14,1" doraHai="61" who="1" fromWho="2" sc="263,0,259,10,246,-10,232,0" /><INIT seed="3,0,0,0,3,133" ten="263,269,236,232" oya="3" hai0="70,129,91,95,99,77,51,4,102,72,29,7,85" hai1="11,46,132,89,82,131,63,109,112,48,90,101,41" hai2="127,50,111,27,33,113,110,84,3,43,116,16,74" hai3="88,60,8,45,120,53,86,31,62,58,118,119,115"/><W68/><G120/><T114/><D70/><U75/><E112/><V123/><F74/><W80/><G115/><T97/><D114/><U57/><E132/><V83/><F113/><W38/><G31/><T78/><D129/><U64/><E131/><V125/><F123/><W73/><G73/><T39/><D39/><U24/><E109/><N who="2" m="41483" /><F3/><W19/><G38/><T69/><D69/><U10/><E101/><V98/><F116/><W20/><G8/><T13/><D29/><U66/><E66/><V32/><F98/><W40/><G68/><T100/><D51/><U124/><E24/><V17/><F50/><W96/><G60/><T92/><D13/><U134/><E134/><V106/><F43/><W107/><G107/><N who="0" m="63887" /><D4/><U15/><E10/><V121/><F106/><W5/><G5/><T55/><D55/><U49/><E49/><V87/><F87/><W9/><G9/><T103/><D7/><U37/><E37/><V117/><F117/><W21/><G21/><T128/><D128/><U47/><E47/><V56/><F56/><W6/><G6/><T79/><D103/><U105/><E11/><V22/><F17/><W1/><G1/><T18/><D18/><U54/><E41/><V36/><F36/><W12/><G96/><T52/><D52/><U28/><E54/><V104/><F104/><W35/><G35/><N who="2" m="13385" /><F121/><W81/><G40/><T93/><D72/><U126/><E75/><V2/><F2/><W26/><G45/><T67/><D67/><U94/><E64/><V44/><F44/><W65/><G65/><T108/><D108/><U130/><E130/><RYUUKYOKU ba="0,0" sc="263,15,269,-15,236,15,232,-15" hai0="77,78,79,85,91,92,93,95,99,102" hai2="16,22,27,83,84,125,127" /><INIT seed="4,1,0,2,5,115" ten="278,254,251,217" oya="0" hai0="45,66,63,0,15,61,14,126,78,38,19,103,33" hai1="51,76,34,16,60,8,93,24,67,46,64,105,94" hai2="25,55,114,110,13,59,99,129,109,84,30,77,41" hai3="98,119,6,134,74,113,50,90,21,100,116,65,79"/><T28/><D0/><U108/><E105/><V122/><F122/><W52/><G134/><T68/><D126/><U49/><E108/><V57/><F114/><W4/><G113/><T40/><D78/><U70/><E67/><V7/><F129/><W102/><G65/><T44/><D63/><U132/><E132/><V69/><F69/><W9/><G21/><T80/><D80/><U11/><E76/><V120/><F120/><W89/><G79/><T85/><D85/><U92/><E51/><V124/><F124/><W125/><G74/><T87/><D87/><U10/><E34/><V111/><F41/><W42/><G42/><T18/><D44/><U2/><E2/><V72/><F99/><W91/><G125/><T23/><D103/><U104/><E104/><V62/><F84/><W106/><G102/><T127/><D127/><U37/><E37/><V88/><F77/><W95/><G106/><T58/><D33/><U29/><E29/><V26/><F109/><W118/><REACH who="3" step="1"/><G9/><REACH who="3" ten="278,254,251,207" step="2"/><T107/><D107/><U56/><E70/><V39/><F110/><W121/><G121/><T73/><D73/><U117/><E10/><V3/><F72/><W27/><G27/><N who="0" m="16511" /><D68/><U128/><E64/><V133/><F133/><W96/><G96/><T1/><D1/><U135/><E135/><V43/><F3/><W83/><G83/><T101/><D101/><U130/><E8/><V35/><F111/><W47/><AGARI ba="1,1" hai="4,6,47,50,52,89,90,91,95,98,100,116,118,119" machi="47" ten="40,16000,3" yaku="1,1,0,1,52,3,54,1,53,3" doraHai="115" doraHaiUra="112" who="3" fromWho="3" sc="278,-81,254,-41,251,-41,207,173" /><INIT seed="5,0,0,2,2,27" ten="197,213,210,380" oya="1" hai0="5,30,65,120,44,93,23,4,64,132,2,107,129" hai1="131,123,122,66,15,115,103,32,116,94,99,133,86" hai2="117,73,72,41,112,52,6,58,130,22,10,24,3" hai3="35,87,19,63,1,29,80,68,34,48,88,109,13"/><U38/><E116/><V14/><F117/><W84/><G1/><T90/><D107/><U20/><E32/><V59/><F130/><W125/><G125/><T31/><D129/><U55/><E131/><V124/><F124/><W7/><G7/><N who="0" m="2635" /><D2/><U25/><E38/><V71/><F71/><W67/><G48/><T113/><D113/><U102/><E115/><V12/><F112/><W28/><G109/><T37/><D37/><U26/><E133/><V21/><F41/><W49/><G49/><T42/><D132/><U75/><E75/><V78/><F58/><W135/><G135/><T9/><D9/><U89/><E66/><N who="0" m="25705" /><D120/><U40/><E40/><V50/><F78/><W105/><G105/><T111/><D111/><U39/><E39/><V8/><F8/><W101/><G101/><N who="1" m="38410" /><E123/><V96/><F96/><W98/><G98/><N who="0" m="57655" /><D23/><U33/><E33/><V45/><F73/><W108/><G108/><T76/><D76/><U61/><E122/><V69/><F72/><W119/><G119/><T54/><D42/><U134/><E99/><V128/><F69/><W100/><G100/><T47/><D54/><U53/><E134/><V126/><F128/><W110/><G110/><T18/><D18/><N who="1" m="10335" /><E53/><N who="2" m="29903" /><F126/><W0/><G0/><T36/><D36/><U95/><E95/><V121/><F121/><W77/><G35/><T83/><D83/><U16/><E16/><N who="2" m="12359" /><F21/><N who="3" m="11503" /><G34/><T60/><D60/><U92/><E92/><V82/><F82/><N who="3" m="49271" /><G68/><T70/><D70/><U91/><E91/><V104/><F104/><W81/><G81/><T79/><D79/><U74/><E74/><V11/><F11/><RYUUKYOKU ba="0,0" sc="197,0,213,0,210,0,380,0" hai0="30,31,44,47" hai1="25,26,55,61,86,89,94" hai2="3,6,10,12,14,52,59" hai3="28,29,63,67,77,80,84" /><INIT seed="5,1,0,5,1,84" ten="197,213,210,380" oya="1" hai0="80,45,24,43,134,110,34,29,38,105,128,115,40" hai1="95,133,116,106,63,65,78,68,55,33,71,0,49" hai2="83,20,104,98,44,62,56,125,119,114,21,46,36" hai3="107,6,5,2,9,130,35,41,26,14,94,28,124"/><U76/><E71/><V59/><F119/><W89/><G107/><T7/><D110/><U60/><E106/><V96/><F125/><W70/><G124/><T126/><D126/><U77/><E116/><V19/><F36/><W97/><G130/><T17/><D105/><U3/><E33/><V47/><F114/><W32/><G70/><T85/><D128/><U72/><E72/><V1/><F1/><W42/><G32/><T131/><D131/><U132/><E63/><V51/><F104/><W99/><G2/><T117/><D117/><U75/><E75/><V108/><F108/><W57/><G5/><T50/><D7/><U31/><E31/><V69/><F69/><W90/><G57/><T127/><D127/><U53/><E53/><N who="2" m="31807" /><F83/><W67/><G67/><T52/><D115/><U66/><E66/><N who="2" m="39263" /><F20/><W39/><G39/><T122/><D122/><U86/><E0/><V100/><F100/><W93/><AGARI ba="1,0" hai="6,9,14,26,28,35,41,42,89,90,93,94,97,99" machi="93" ten="30,7900,0" yaku="0,1,9,1,52,2" doraHai="84" who="3" fromWho="3" sc="197,-21,213,-40,210,-21,380,82" /><INIT seed="6,0,0,3,2,124" ten="176,173,189,462" oya="2" hai0="102,16,61,66,106,91,44,53,112,104,2,14,120" hai1="40,98,62,52,117,94,133,8,71,63,31,115,121" hai2="122,85,45,37,0,74,100,1,79,4,116,36,15" hai3="97,32,30,128,134,127,46,78,87,26,72,11,88"/><V83/><F122/><W75/><G127/><T82/><D2/><U76/><E117/><V42/><F116/><W43/><G134/><T13/><D120/><U10/><E121/><V56/><F100/><W99/><G11/><N who="1" m="4138" /><E133/><V58/><F36/><W92/><G128/><T12/><D112/><U34/><E71/><V9/><REACH who="2" step="1"/><F74/><REACH who="2" ten="176,173,179,462" step="2"/><W54/><G72/><T123/><D102/><U27/><E115/><V93/><F93/><W21/><G75/><T69/><D123/><U57/><E94/><V84/><F84/><W101/><G101/><T77/><D106/><U50/><E98/><V65/><F65/><W68/><G99/><T48/><D104/><U51/><E34/><V110/><F110/><W35/><G97/><T47/><D66/><U70/><E70/><V73/><F73/><W118/><G68/><T18/><D69/><U81/><E81/><V105/><F105/><W103/><G87/><T5/><D82/><U49/><E76/><V19/><F19/><W38/><G78/><T25/><D77/><U3/><E31/><V41/><F41/><W108/><G103/><T132/><D132/><U7/><E40/><V135/><F135/><W29/><G118/><T130/><D18/><U22/><E7/><V111/><F111/><W33/><G108/><T39/><D5/><U55/><E3/><AGARI ba="0,1" hai="0,1,3,4,9,15,37,42,45,56,58,79,83,85" machi="3" ten="40,2000,0" yaku="1,1,53,0" doraHai="124" doraHaiUra="28" who="2" fromWho="1" sc="176,0,173,-20,179,30,462,0" /><INIT seed="6,1,0,1,1,84" ten="176,153,209,462" oya="2" hai0="32,113,68,96,42,104,25,21,101,100,6,125,33" hai1="105,99,108,41,38,55,132,17,57,10,135,39,109" hai2="51,2,87,14,128,75,0,36,72,28,112,83,95" hai3="134,119,47,22,46,59,82,67,91,50,106,13,73"/><V26/><F36/><W131/><G119/><T78/><D68/><U118/><E118/><V30/><F112/><W4/><G106/><T70/><D70/><U43/><E10/><V62/><F95/><W29/><G134/><N who="1" m="51242" /><E17/><V60/><F128/><W122/><G131/><T115/><D6/><U45/><E99/><V23/><F14/><W56/><G122/><T24/><D78/><U69/><E69/><V107/><F28/><W35/><G35/><T12/><D125/><U124/><E105/><V126/><F107/><W37/><G37/><N who="1" m="13834" /><E124/><V76/><F126/><W114/><G46/><T97/><D104/><U74/><E74/><V61/><F75/><W49/><G67/><T54/><D12/><U15/><E15/><V98/><F98/><W44/><G13/><T111/><D97/><U129/><E129/><V123/><F72/><W121/><G50/><T90/><D96/><U77/><E77/><V8/><F51/><W18/><G82/><T5/><D101/><U20/><E20/><V53/><F23/><W48/><G29/><T117/><D100/><U81/><E81/><V19/><F83/><W66/><G66/><T31/><D21/><U116/><E116/><V133/><F30/><W27/><G4/><T64/><D117/><U58/><E58/><N who="3" m="22058" /><G73/><T11/><D32/><U16/><E16/><V1/><F19/><W65/><G65/><T102/><D33/><U79/><E79/><V3/><F76/><W130/><G130/><T71/><D71/><U127/><E127/><V85/><N who="2" m="0" /><DORA hai="94" /><V80/><F80/><W40/><G18/><T7/><D102/><RYUUKYOKU ba="1,0" sc="176,0,153,0,209,0,462,0" /><INIT seed="7,2,0,3,5,121" ten="176,153,209,462" oya="3" hai0="99,37,75,77,32,35,114,113,3,130,117,116,82" hai1="61,84,12,56,10,69,100,29,96,115,18,97,55" hai2="72,66,2,83,22,41,23,40,26,125,74,16,34" hai3="86,31,28,38,15,59,44,30,60,65,89,109,70"/><W98/><G98/><T129/><D3/><U39/><E39/><V133/><F34/><N who="0" m="12842" /><D37/><U42/><E115/><N who="0" m="44041" /><D99/><U51/><E29/><V43/><F2/><W106/><G15/><T128/><AGARI ba="2,0" hai="75,77,82,116,117,128,129,130" m="44041,12842" machi="128" ten="40,8000,1" yaku="19,1,15,1,11,1,23,1" doraHai="121" who="0" fromWho="0" sc="176,86,153,-22,209,-22,462,-42" owari="262,6.0,131,-37.0,187,-21.0,420,52.0" /></mjloggm>