<mjloggm ver="2.3"><GO type="41" lobby="0"/><UN n0="%E7%A9%BA%E8%89%B2%E9%80%9A%E4%BF%A1" n1="%E3%82%A6%E3%83%AB%E3%83%88%E3%83%A9%E7%AB%8B%E7%9B%B4" n2="%E3%82%AE%E3%83%A5%E3%83%8D" n3="%E6%89%93%E5%80%92%E6%9D%B1%E4%BA%AC" dan="13,16,13,13" rate="1852.33,2037.72,1898.24,1872.78" sx="M,M,M,M"/><TAIKYOKU oya="0"/><INIT seed="0,0,0,5,4,27" ten="250,250,250,250" oya="0" hai0="83,103,69,86,19,68,78,88,70,42,89,67,133" hai1="115,76,97,85,49,92,132,38,126,129,45,0,120" hai2="64,53,81,105,95,123,5,109,4,47,34,63,90" hai3="46,114,17,72,10,100,48,24,65,31,29,57,131"/><T130/><D67/><U26/><E120/><V122/><F105/><W35/><G72/><T79/><D103/><U106/><E0/><V44/><F109/><W22/><G114/><T108/><D108/><U6/><E115/><V7/><F81/><W91/><G131/><T66/><D66/><U58/><E129/><V25/><F47/><W135/><G135/><T14/><D130/><U84/><E132/><V73/><F73/><W61/><G35/><T2/><D2/><U93/><E126/><V77/><F77/><W56/><G100/><T113/><D113/><U11/><E38/><V59/><F44/><W117/><G117/><T104/><D104/><U15/><E58/><V99/><F64/><W8/><G57/><T28/><D42/><U71/><E71/><V134/><F134/><W30/><G91/><T121/><D121/><U80/><E85/><V127/><F127/><W55/><AGARI ba="0,0" hai="8,10,17,22,24,29,30,31,46,48,55,56,61,65" machi="55" ten="30,8000,1" yaku="0,1,8,1,52,3" doraHai="27" who="3" fromWho="3" sc="250,-40,250,-20,250,-20,250,80" /><INIT seed="1,0,0,2,2,99" ten="210,230,230,330" oya="1" hai0="31,27,103,47,29,58,90,0,121,35,114,49,48" hai1="79,24,132,125,86,91,110,88,89,71,67,23,7" hai2="30,63,12,65,77,97,51,73,33,109,76,61,119" hai3="112,62,94,87,34,69,26,92,98,123,120,64,101"/><U133/><E7/><V135/><F119/><W45/><G112/><T50/><D0/><U16/><E125/><V83/><F77/><W19/><G45/><T54/><D114/><U42/><E42/><V100/><F109/><W5/><G5/><T44/><D121/><U104/><E104/><V46/><F135/><N who="1" m="51785" /><E110/><V52/><F12/><W37/><G37/><T130/><D130/><U113/><E113/><V17/><F17/><W106/><G19/><T13/><D31/><U108/><E108/><V78/><F78/><W93/><G87/><T115/><D115/><U126/><E126/><V14/><F14/><W118/><REACH who="3" step="1"/><G118/><REACH who="3" ten="210,230,230,320" step="2"/><T131/><D47/><U70/><E86/><V129/><F129/><W11/><G11/><T80/><D44/><U2/><E2/><V68/><F30/><AGARI ba="0,1" hai="26,30,34,62,64,69,92,93,94,98,101,106,120,123" machi="30" ten="40,8000,1" yaku="1,1,25,2,52,1,53,0" doraHai="99" doraHaiUra="127" who="3" fromWho="2" sc="210,0,230,0,230,-80,320,90" /><INIT seed="2,0,0,3,3,21" ten="210,230,150,410" oya="2" hai0="135,87,67,74,92,85,120,104,96,10,133,88,36" hai1="81,7,110,30,114,61,108,26,25,76,93,115,8" hai2="84,51,121,103,45,28,53,46,1,77,125,73,20" hai3="111,72,18,12,50,56,105,55,86,47,16,101,64"/><V42/><F121/><W132/><G72/><T102/><D36/><U91/><E61/><V24/><F1/><W75/><G75/><T112/><D67/><U98/><E81/><V17/><F73/><W123/><G123/><T79/><D10/><U43/><E76/><V40/><F125/><W48/><G111/><N who="1" m="42538" /><E43/><V129/><F129/><W60/><G132/><N who="0" m="50763" /><D120/><U65/><E65/><V33/><F103/><W118/><G118/><T5/><D5/><U95/><E95/><V134/><F134/><W117/><G117/><T69/><D69/><U58/><E58/><V2/><F2/><W57/><G86/><N who="0" m="52247" /><D112/><N who="1" m="43051" /><E30/><V54/><F77/><W100/><G105/><T62/><D62/><U90/><E90/><V127/><F127/><W107/><G107/><T41/><D41/><U70/><E70/><V122/><F122/><W59/><G100/><T52/><D52/><U0/><AGARI ba="0,0" hai="0,7,8,25,26,91,93,98" m="43051,42538" machi="0" ten="30,4000,0" yaku="14,1,52,2" doraHai="21" who="1" fromWho="1" sc="210,-10,230,40,150,-20,410,-10" /><INIT seed="3,0,0,4,2,62" ten="200,270,130,400" oya="3" hai0="41,111,22,119,58,97,127,54,89,76,105,60,55" hai1="23,31,19,78,15,96,131,25,88,65,86,24,6" hai2="11,66,91,123,67,27,68,42,115,80,5,94,133" hai3="2,14,64,95,33,135,59,53,84,116,63,13,104"/><W112/><G112/><T122/><D122/><U49/><E131/><V113/><F123/><W26/><G2/><T30/><D119/><U44/><E78/><V74/><F42/><W72/><G72/><T120/><D120/><U128/><E96/><V83/><F68/><W28/><G116/><T29/><D76/><U40/><E128/><V61/><F61/><W117/><G117/><T45/><D127/><U124/><E124/><V4/><F133/><W35/><G35/><T50/><D111/><U34/><E6/><V99/><F27/><W0/><G0/><T18/><D55/><U37/><E25/><V77/><F83/><W52/><G104/><T129/><D129/><U132/><E132/><V39/><F39/><W102/><G135/><T75/><D75/><U82/><E37/><V70/><F70/><W134/><G134/><T73/><D73/><U47/><E47/><V92/><F92/><W125/><G125/><T98/><D98/><U32/><REACH who="1" step="1"/><E65/><REACH who="1" ten="200,260,130,400" step="2"/><V106/><F106/><W16/><G64/><T114/><D114/><U1/><E1/><V103/><F113/><W57/><G13/><N who="0" m="9551" /><D105/><U3/><E3/><V101/><F115/><W79/><G79/><T17/><D97/><U81/><E81/><V69/><F69/><W36/><G36/><T10/><D45/><U85/><E85/><V43/><F43/><W121/><G121/><T90/><D41/><U9/><AGARI ba="0,1" hai="9,15,19,23,24,31,32,34,40,44,49,82,86,88" machi="9" ten="20,5200,0" yaku="1,1,0,1,7,1,54,1,53,0" doraHai="62" doraHaiUra="126" who="1" fromWho="1" sc="200,-13,260,62,130,-13,400,-26" /><INIT seed="4,0,0,2,2,33" ten="187,322,117,374" oya="0" hai0="106,92,3,45,128,117,63,22,41,17,57,129,35" hai1="31,102,86,60,124,48,81,84,55,40,127,39,11" hai2="89,10,14,5,13,80,2,95,51,66,133,104,134" hai3="1,44,19,100,77,90,135,20,7,50,47,76,73"/><T121/><D106/><U109/><E86/><V21/><F104/><W103/><G135/><N who="2" m="51721" /><F66/><W120/><G120/><T122/><D35/><U96/><E109/><V42/><F80/><W75/><G90/><T16/><D117/><U126/><E31/><V131/><F131/><N who="0" m="50250" /><D92/><U26/><E26/><V46/><F21/><W56/><G56/><T101/><D101/><U78/><E60/><V82/><F82/><W115/><G115/><T12/><D3/><U130/><E130/><V74/><F74/><W132/><G132/><T107/><D17/><U79/><E79/><V49/><F49/><W23/><G19/><T110/><D107/><U85/><E81/><V91/><F91/><W0/><G50/><N who="0" m="26927" /><D110/><U123/><E102/><V99/><AGARI ba="0,0" hai="2,5,10,13,14,42,46,51,89,95,99" m="51721" machi="99" ten="30,2000,0" yaku="20,1,52,1" doraHai="33" who="2" fromWho="2" sc="187,-10,322,-5,117,20,374,-5" /><INIT seed="5,0,0,0,1,117" ten="177,317,137,369" oya="1" hai0="32,76,68,107,1,67,81,11,60,70,40,104,20" hai1="72,79,73,47,26,75,55,28,18,17,3,77,45" hai2="71,114,129,113,61,43,33,39,15,99,123,93,122" hai3="89,135,69,44,85,86,110,52,22,91,56,88,126"/><U14/><E3/><V19/><F33/><W4/><G110/><T102/><D20/><U133/><E133/><V121/><F129/><W120/><G135/><T74/><D68/><U50/><E45/><V116/><F116/><W34/><G34/><T0/><D40/><U134/><E134/><V78/><F78/><W100/><G69/><T2/><D32/><U94/><E94/><V82/><F82/><W12/><G120/><T51/><D51/><U48/><E48/><V131/><F131/><W54/><G100/><T24/><D24/><U31/><E18/><V13/><F43/><W36/><G36/><T57/><D57/><U124/><E124/><V9/><F39/><W58/><G126/><T132/><D132/><U37/><E37/><V16/><F71/><W5/><G44/><T130/><D130/><U111/><E111/><V92/><F61/><N who="3" m="35975" /><G22/><T35/><D35/><U10/><REACH who="1" step="1"/><E26/><REACH who="1" ten="177,307,137,369" step="2"/><V30/><F30/><AGARI ba="0,1" hai="10,14,17,28,30,31,47,50,55,72,73,75,77,79" machi="30" ten="40,3900,0" yaku="1,1,2,1,53,0" doraHai="117" doraHaiUra="90" who="1" fromWho="2" sc="177,0,307,49,137,-39,369,0" /><INIT seed="5,1,0,3,5,48" ten="177,356,98,369" oya="1" hai0="113,110,33,117,50,30,127,13,118,74,89,52,1" hai1="44,14,23,109,36,80,60,130,51,83,90,102,64" hai2="107,73,129,119,39,133,108,55,24,3,69,105,56" hai3="112,92,57,125,22,81,6,101,45,78,18,123,85"/><U124/><E36/><V11/><RYUUKYOKU type="yao9" ba="1,0" sc="177,0,356,0,98,0,369,0" hai2="3,11,24,39,55,56,69,73,105,107,108,119,129,133" /><INIT seed="5,2,0,0,2,40" ten="177,356,98,369" oya="1" hai0="124,61,119,48,27,116,92,77,3,29,126,13,62" hai1="63,25,38,108,84,81,39,127,70,8,107,71,30" hai2="86,123,58,1,80,36,22,9,113,88,96,12,134" hai3="110,41,46,2,10,59,120,129,67,32,73,31,90"/><U7/><E108/><V16/><F123/><W112/><G110/><T115/><D3/><U118/><E118/><V103/><F36/><W76/><G120/><T11/><D77/><U54/><E107/><V14/><F1/><W17/><G129/><T131/><D131/><U43/><E127/><N who="0" m="48681" /><D115/><U72/><E72/><V56/><F113/><W105/><G112/><T51/><D92/><U132/><E132/><V79/><F134/><W97/><G59/><T19/><D51/><U135/><E135/><V68/><F68/><W78/><G67/><T111/><D111/><U6/><E70/><V99/><F79/><W18/><G76/><T45/><D116/><U100/><E39/><V101/><F101/><N who="3" m="62639" /><G90/><T128/><D128/><U42/><E100/><V47/><F47/><W66/><G66/><T106/><D106/><U87/><E71/><V26/><F14/><W4/><G31/><T117/><D117/><U5/><E38/><V130/><F130/><W53/><G53/><N who="0" m="29839" /><D119/><U34/><E43/><V91/><F91/><W94/><G94/><T125/><N who="0" m="48689" /><T20/><AGARI ba="2,0" hai="11,13,19,20,27,29,61,62" m="29839,48689" machi="20" ten="40,5200,0" yaku="4,1,18,1,52,1" doraHai="40" who="0" fromWho="0" sc="177,58,356,-28,98,-15,369,-15" /><INIT seed="6,0,0,2,3,27" ten="235,328,83,354" oya="2" hai0="47,116,23,110,106,60,122,72,105,91,129,74,78" hai1="86,69,121,38,18,131,4,36,89,54,28,57,22" hai2="77,35,107,46,33,119,132,124,96,2,44,21,5" hai3="95,34,117,112,113,130,39,70,41,56,55,80,133"/><V1/><F119/><W43/><G117/><T40/><D122/><U51/><E69/><V63/><F77/><W100/><G34/><T45/><D110/><U125/><E121/><V97/><F124/><W88/><G70/><T114/><D116/><U79/><E125/><V75/><F21/><W10/><G133/><T108/><D108/><U16/><E131/><V66/><F132/><W67/><G67/><T6/><D6/><U53/><E4/><V115/><F115/><N who="3" m="44107" /><G39/><T111/><D111/><U49/><E79/><V48/><F107/><W31/><G130/><T85/><D106/><U135/><E135/><V84/><F84/><N who="3" m="50183" /><G31/><T93/><D129/><U126/><E126/><V118/><F118/><W20/><G20/><T101/><D23/><U120/><E120/><V50/><F5/><W24/><G24/><T9/><D9/><U14/><E28/><V127/><F127/><W30/><G30/><T64/><D64/><U102/><E18/><V83/><F83/><W61/><G10/><T76/><D60/><U71/><E71/><V59/><F63/><W7/><G7/><T62/><D62/><U15/><E15/><V8/><F66/><W12/><G12/><T3/><D3/><U25/><E25/><V128/><F8/><W68/><G68/><T32/><D32/><U94/><E102/><V13/><F128/><W29/><G29/><T92/><D101/><U65/><E65/><V0/><F0/><W109/><G109/><T98/><D40/><U73/><E73/><V17/><F75/><W42/><G100/><T19/><D114/><U81/><E81/><RYUUKYOKU ba="0,0" sc="235,-15,328,15,83,-15,354,15" hai1="14,16,22,36,38,49,51,53,54,57,86,89,94" hai3="41,42,43,55,56,61,95" /><INIT seed="7,1,0,2,1,77" ten="220,343,68,369" oya="3" hai0="42,1,73,49,24,109,121,72,17,3,37,15,65" hai1="123,12,134,66,19,62,0,120,99,54,130,64,50" hai2="7,43,21,129,127,104,106,57,115,110,82,91,4" hai3="69,27,56,86,124,9,78,71,45,111,59,132,84"/><W112/><G112/><T32/><D37/><U103/><E0/><V118/><F43/><W38/><G132/><T102/><D121/><U70/><E134/><V79/><F21/><W2/><G124/><T35/><D102/><U74/><E74/><V52/><F115/><W26/><G2/><T68/><D65/><U114/><E66/><V14/><F118/><W30/><G111/><T92/><D92/><U81/><E114/><V98/><F110/><W83/><G9/><T89/><D89/><U16/><E19/><V55/><F127/><W20/><G71/><T85/><D85/><U88/><E130/><V101/><F129/><W41/><G69/><T22/><D68/><U96/><E96/><V53/><F104/><W61/><G61/><T46/><D109/><U31/><E31/><V75/><F91/><W47/><G47/><T63/><D63/><U29/><E29/><V122/><F122/><W97/><G97/><T60/><D60/><U87/><E99/><V93/><F93/><W107/><G107/><T34/><D72/><U116/><E103/><V51/><REACH who="2" step="1"/><F4/><REACH who="2" ten="220,343,58,369" step="2"/><W25/><G78/><T94/><D94/><U11/><E116/><V113/><F113/><W10/><G10/><AGARI ba="1,1" hai="7,10,14,51,52,53,55,57,75,79,82,98,101,106" machi="10" ten="40,5200,0" yaku="1,1,52,1,54,1,53,0" doraHai="77" doraHaiUra="90" who="2" fromWho="3" sc="220,0,343,0,58,65,369,-55" owari="220,-18.0,343,45.0,123,-38.0,314,11.0" /></mjloggm>