<mjloggm ver="2.3"><GO type="41" lobby="0"/><UN n0="%E3%81%95%E3%81%8F%E3%82%84" n1="%6D%69%72%75%66%61%32" n2="%E3%81%A4%E3%81%B0%E3%82%81%31%35%E5%8F%B7" n3="%E3%82%A6%E3%83%AB%E3%83%88%E3%83%A9%E7%AB%8B%E7%9B%B4" dan="14,15,14,15" rate="2061.24,2095.97,1913.39,1965.26" sx="F,M,M,M"/><TAIKYOKU oya="0"/><INIT seed="0,0,0,1,0,59" ten="250,250,250,250" oya="0" hai0="28,44,130,61,29,2,90,56,121,92,25,74,38" hai1="95,43,78,54,108,67,93,86,42,133,117,100,126" hai2="34,110,77,107,101,10,125,76,9,114,5,36,52" hai3="18,71,37,103,14,0,20,82,85,70,119,89,129"/><T113/><D121/><U80/><E117/><V47/><F34/><W48/><G37/><T62/><D74/><U73/><E108/><V115/><F110/><W65/><G0/><T123/><D113/><U135/><E126/><V21/><F125/><W91/><G119/><T12/><D2/><U40/><E67/><V132/><F132/><N who="1" m="50761" /><E54/><V87/><F115/><W31/><G103/><T128/><D123/><U79/><E100/><V33/><F33/><W17/><G31/><T105/><D105/><U19/><E19/><V106/><F114/><W99/><G129/><N who="0" m="49771" /><D56/><U46/><E46/><V97/><F107/><W23/><G70/><T81/><D81/><AGARI ba="0,0" hai="40,42,43,73,78,79,80,81,86,93,95" m="50761" machi="81" ten="30,1000,0" yaku="20,1" doraHai="59" who="1" fromWho="0" sc="250,-10,250,10,250,0,250,0" /><INIT seed="1,0,0,3,1,66" ten="240,260,250,250" oya="1" hai0="103,51,19,11,89,35,99,115,58,28,9,108,60" hai1="39,41,134,49,116,59,10,5,97,100,85,6,55" hai2="117,7,72,40,4,129,63,46,105,79,109,15,126" hai3="76,102,29,128,26,96,118,17,86,122,47,80,110"/><U94/><E116/><V61/><F117/><W45/><G122/><T64/><D115/><U111/><E134/><V24/><F105/><W48/><G128/><T68/><D89/><U78/><E111/><V1/><F1/><W14/><G110/><T43/><D108/><U36/><E41/><V67/><F109/><W88/><G76/><T121/><D19/><U106/><E6/><V56/><F129/><W83/><G83/><T120/><D120/><U113/><E113/><V32/><F126/><W75/><G75/><T101/><D101/><U114/><E114/><V131/><F131/><W93/><G118/><T90/><D90/><U27/><E27/><V130/><F130/><W82/><G82/><T21/><D121/><U30/><E30/><V135/><F135/><W124/><G124/><T20/><D20/><U77/><E77/><V34/><F72/><W95/><G95/><T65/><D21/><U22/><E22/><V119/><F119/><W53/><G26/><T12/><D12/><U123/><E123/><V73/><F73/><W87/><G29/><T107/><D43/><U62/><E62/><V33/><F33/><W38/><G87/><T91/><D91/><N who="1" m="53615" /><E78/><V37/><F37/><W0/><G38/><T57/><D65/><U71/><E71/><V18/><F34/><W3/><REACH who="3" step="1"/><G47/><REACH who="3" ten="240,260,250,240" step="2"/><T2/><D28/><U25/><E25/><V74/><F74/><W70/><G70/><T16/><D68/><U104/><E106/><V132/><F132/><W13/><G13/><T112/><D107/><U23/><E23/><AGARI ba="0,1" hai="0,3,14,17,23,45,48,53,80,86,88,93,96,102" machi="23" ten="30,3900,0" yaku="1,1,7,1,54,1,53,0" doraHai="66" doraHaiUra="127" who="3" fromWho="1" sc="240,0,260,-39,250,0,240,49" /><INIT seed="2,0,0,1,0,89" ten="240,221,250,289" oya="2" hai0="15,27,105,93,22,61,123,5,30,46,21,52,18" hai1="128,126,82,107,45,9,120,59,34,50,98,14,113" hai2="132,87,28,33,94,118,42,91,106,65,20,1,49" hai3="124,117,134,125,13,109,116,26,48,108,114,77,17"/><V57/><F106/><W38/><G38/><T104/><D123/><U32/><E113/><V101/><F118/><W119/><G77/><T58/><D5/><U56/><E120/><V37/><F37/><W72/><G72/><T25/><D15/><U36/><E36/><V88/><F101/><W10/><G48/><T112/><D112/><U7/><E126/><N who="3" m="48746" /><G114/><T12/><D12/><U110/><E110/><V83/><F33/><W131/><G131/><T99/><REACH who="0" step="1"/><D46/><REACH who="0" ten="230,221,250,289" step="2"/><U47/><E47/><N who="2" m="25847" /><F1/><W73/><G109/><T95/><D95/><U70/><E45/><V63/><F132/><W60/><G108/><T2/><D2/><U67/><E7/><V62/><F62/><W69/><G60/><T127/><D127/><U64/><E14/><V92/><F91/><AGARI ba="0,1" hai="18,21,22,25,27,30,52,58,61,91,93,99,104,105" machi="91" ten="30,12000,2" yaku="1,1,7,1,25,2,52,1,54,1,53,0" doraHai="89" doraHaiUra="130" who="0" fromWho="2" sc="230,130,221,0,250,-120,289,0" /><INIT seed="3,0,0,4,1,3" ten="360,221,130,289" oya="3" hai0="58,125,77,59,26,72,73,50,98,68,96,53,54" hai1="57,75,19,106,81,4,120,110,113,74,95,99,116" hai2="89,69,20,47,42,13,108,29,66,14,11,93,107" hai3="15,79,0,32,62,25,112,78,41,121,33,5,44"/><W122/><G79/><T134/><D68/><U49/><E113/><V103/><F108/><W85/><G112/><T83/><D134/><U51/><E120/><V23/><F107/><W37/><G62/><T1/><D125/><U2/><E110/><V126/><F103/><W123/><G25/><T86/><D86/><U17/><E106/><V100/><F100/><W30/><G30/><T39/><D39/><U117/><E81/><V46/><F126/><W90/><G78/><T133/><D133/><U8/><E57/><V9/><F69/><W31/><G31/><T40/><D40/><U91/><E51/><V109/><F109/><W115/><G0/><T131/><D1/><U18/><REACH who="1" step="1"/><E49/><REACH who="1" ten="360,211,130,289" step="2"/><V119/><F119/><AGARI ba="0,1" hai="2,4,8,17,18,19,74,75,91,95,99,116,117,119" machi="119" ten="40,8000,1" yaku="1,1,2,1,12,1,52,1,53,0" doraHai="3" doraHaiUra="22" who="1" fromWho="2" sc="360,0,211,90,130,-80,289,0" /><INIT seed="4,0,0,1,5,7" ten="360,301,50,289" oya="0" hai0="25,12,20,1,102,114,89,40,29,66,45,41,22" hai1="15,112,47,44,104,57,71,72,103,121,109,82,84" hai2="50,64,32,3,46,116,135,17,77,125,33,8,106" hai3="75,131,51,21,118,6,134,90,39,120,26,34,49"/><T67/><D1/><U2/><E109/><V58/><F106/><W38/><G34/><N who="2" m="13417" /><F116/><W78/><G78/><T91/><D114/><U0/><E71/><V133/><F64/><W63/><G75/><T65/><D102/><U79/><E121/><V62/><F77/><W105/><G105/><T100/><D100/><U98/><E112/><V28/><F58/><W18/><G39/><T88/><D45/><U11/><E57/><V14/><F62/><W59/><G38/><T10/><D22/><U117/><E117/><V85/><F85/><W43/><G43/><T30/><D30/><U132/><E132/><N who="2" m="50763" /><F3/><W48/><G134/><T61/><D61/><U122/><E122/><V23/><F125/><W56/><G120/><T36/><D36/><U31/><E84/><V110/><F110/><W127/><G127/><T52/><D52/><U53/><E53/><N who="2" m="29911" /><F28/><W37/><G37/><T35/><D35/><U111/><E31/><V68/><F68/><W86/><G118/><T42/><D67/><U73/><E111/><V19/><F19/><AGARI ba="0,0" hai="10,12,19,20,25,29,40,41,42,65,66,88,89,91" machi="19" ten="40,7700,0" yaku="8,1,52,1,54,1" doraHai="7" who="0" fromWho="2" sc="360,77,301,0,50,-77,289,0" owari="437,54.0,301,10.0,-27,-53.0,289,-11.0" /></mjloggm>