<mjloggm ver="2.3"><GO type="97" lobby="0"/><UN n0="%E5%BB%A3%E6%B8%88%E5%A0%82%E6%9C%AC%E5%BA%97" n1="%E3%82%AD%E3%83%AA%E3%82%AC%E3%83%9F%E3%83%8D" n2="%E6%9C%80%E5%87%B6%E9%9C%9C%E9%99%8D%E7%89%9B" n3="%E3%82%A6%E3%83%AB%E3%83%88%E3%83%A9%E7%AB%8B%E7%9B%B4" dan="14,14,14,15" rate="1922.32,1879.33,1962.31,2001.79" sx="M,M,M,M"/><TAIKYOKU oya="0"/><INIT seed="0,0,0,2,2,91" ten="250,250,250,250" oya="0" hai0="135,119,125,36,124,44,33,60,120,18,77,134,16" hai1="65,34,19,43,55,46,66,86,114,23,14,11,122" hai2="94,50,7,37,24,93,51,31,3,127,54,1,56" hai3="48,39,89,96,88,58,15,68,49,59,116,47,95"/><T67/><D119/><U20/><E122/><V8/><F37/><W45/><G68/><N who="0" m="42087" /><D120/><U73/><E73/><V61/><F3/><W133/><G39/><T17/><D77/><U130/><E34/><V80/><F127/><N who="0" m="48714" /><D33/><U128/><E114/><V123/><F123/><W126/><G126/><T113/><D113/><U63/><E55/><V2/><F2/><W64/><G116/><T106/><D106/><U10/><E10/><V38/><F38/><W131/><G64/><T108/><D108/><U0/><E0/><V13/><F80/><W85/><G131/><N who="1" m="50218" /><E86/><V42/><F1/><W52/><G133/><N who="0" m="50699" /><D36/><N who="1" m="21863" /><E65/><V81/><F81/><N who="3" m="49199" /><G15/><T30/><D44/><U100/><E100/><V32/><REACH who="2" step="1"/><F42/><AGARI ba="0,0" hai="42,45,47,48,49,52,58,59,89,95,96" m="49199" machi="42" ten="30,7700,0" yaku="8,1,52,1,54,2" doraHai="91" who="3" fromWho="2" sc="250,0,250,0,250,-77,250,77" /><INIT seed="1,0,0,1,5,113" ten="250,250,173,327" oya="1" hai0="28,125,73,118,66,25,16,76,89,62,88,70,129" hai1="12,57,128,112,83,64,126,61,33,38,15,98,10" hai2="42,130,69,72,77,58,52,75,79,32,108,49,0" hai3="7,45,21,30,85,121,37,103,63,54,13,2,124"/><U27/><E38/><V102/><F69/><W36/><G2/><T9/><D125/><U97/><E112/><V43/><F0/><W6/><G121/><T80/><D129/><U99/><E126/><V82/><F32/><W46/><G124/><T135/><D118/><U44/><E128/><V29/><F29/><W14/><G103/><T11/><D135/><U19/><E44/><V93/><F130/><W17/><G30/><T55/><D55/><U47/><E47/><V39/><F39/><W81/><G37/><T8/><REACH who="0" step="1"/><D16/><REACH who="0" ten="240,250,173,327" step="2"/><U127/><E127/><V86/><F108/><W50/><G36/><T48/><D48/><U4/><E33/><AGARI ba="0,1" hai="8,9,11,25,28,33,62,66,70,73,76,80,88,89" machi="33" ten="40,2600,0" yaku="1,1,54,1,53,0" doraHai="113" doraHaiUra="53" who="0" fromWho="1" sc="240,36,250,-26,173,0,327,0" /><INIT seed="2,0,0,5,4,58" ten="276,224,173,327" oya="2" hai0="32,45,69,15,41,9,60,49,117,76,125,120,47" hai1="43,134,63,30,51,39,77,131,56,55,50,52,103" hai2="100,101,27,107,94,122,35,133,28,71,89,44,124" hai3="34,86,62,91,96,13,4,26,79,108,75,31,90"/><V81/><F122/><W24/><G108/><T128/><D120/><U33/><E77/><V57/><F71/><W8/><G75/><T119/><D125/><U40/><E33/><V36/><F124/><W48/><G79/><T99/><D128/><U59/><E103/><V82/><F107/><W116/><G116/><N who="0" m="44619" /><D32/><U135/><E30/><V22/><F133/><W65/><G26/><T130/><D130/><U98/><E98/><N who="2" m="57679" /><F35/><W18/><G48/><N who="0" m="26671" /><D99/><U129/><E63/><V121/><F121/><W67/><G67/><N who="0" m="41191" /><D76/><U104/><REACH who="1" step="1"/><E104/><REACH who="1" ten="276,214,173,327" step="2"/><V14/><F36/><AGARI ba="0,1" hai="36,39,40,43,50,51,52,55,56,59,129,131,134,135" machi="36" ten="25,16000,3" yaku="1,1,2,1,22,2,34,3,54,1,53,0" doraHai="58" doraHaiUra="1" who="1" fromWho="2" sc="276,0,214,170,173,-160,327,0" /><INIT seed="3,0,0,2,3,110" ten="276,384,13,327" oya="3" hai0="95,107,35,86,30,106,122,58,19,94,80,98,18" hai1="7,81,1,91,76,38,27,52,43,132,120,54,124" hai2="22,101,20,68,72,65,14,41,105,64,127,49,53" hai3="51,46,104,17,55,113,92,78,15,2,84,100,26"/><W11/><G104/><T102/><D122/><U77/><E120/><V16/><F72/><W48/><G2/><T73/><D58/><U45/><E77/><V114/><F114/><W31/><G113/><T130/><D35/><U63/><E132/><V3/><F3/><W34/><G100/><T97/><D30/><U9/><E124/><V74/><F74/><W79/><G92/><T85/><D19/><U40/><E40/><V66/><F68/><W28/><G84/><T61/><D61/><U32/><E91/><V89/><F105/><N who="0" m="39946" /><D18/><U47/><E47/><V25/><F101/><W71/><G71/><T125/><D130/><U135/><E135/><V6/><F6/><W118/><G118/><T67/><D67/><U0/><E0/><V133/><F133/><W37/><G37/><T59/><D59/><U75/><E63/><V93/><F127/><W121/><G121/><T134/><D134/><U126/><E126/><V12/><F41/><W23/><G34/><T131/><D131/><U82/><E82/><V5/><F5/><W60/><G31/><AGARI ba="0,0" hai="1,7,9,27,31,32,38,43,45,52,54,75,76,81" machi="31" ten="40,5200,0" yaku="25,2,54,1" doraHai="110" who="1" fromWho="3" sc="276,0,384,52,13,0,327,-52" owari="276,8.0,436,53.0,13,-49.0,275,-12.0" /></mjloggm>