<mjloggm ver="2.3"><GO type="97" lobby="0"/><UN n0="%E3%82%A6%E3%83%AB%E3%83%88%E3%83%A9%E7%AB%8B%E7%9B%B4" n1="%E3%81%B5%E3%81%A9%E3%83%BC" n2="%E5%AE%B6%E8%B3%83" n3="%36%34%31%32%38" dan="15,15,13,13" rate="2017.65,2021.53,1852.38,1952.09" sx="M,M,M,M"/><TAIKYOKU oya="0"/><INIT seed="0,0,0,0,4,92" ten="250,250,250,250" oya="0" hai0="63,107,15,38,3,124,27,123,93,31,86,89,26" hai1="82,125,45,88,72,37,110,100,59,77,129,73,7" hai2="74,57,118,79,106,96,51,133,19,16,78,116,119" hai3="71,68,75,81,30,22,40,101,52,90,6,62,11"/><T53/><D3/><U41/><E125/><V35/><F35/><W135/><G40/><T95/><D107/><U76/><E129/><V28/><F28/><W131/><G131/><T99/><D38/><U1/><E110/><V126/><F126/><W5/><G135/><T114/><D114/><U34/><E34/><V128/><F128/><W103/><G71/><T17/><D123/><U58/><E100/><N who="2" m="62727" /><F133/><W46/><G68/><T48/><D63/><U13/><E13/><V130/><F130/><W47/><G75/><T87/><D87/><U49/><E49/><V127/><F127/><W25/><G11/><T84/><D84/><U65/><E65/><V69/><F69/><W102/><G47/><T85/><D85/><U67/><E67/><V21/><F74/><W44/><G46/><T8/><D31/><U50/><E50/><V55/><F19/><W112/><G112/><T20/><D8/><N who="1" m="2159" /><E88/><V43/><F43/><W117/><G81/><AGARI ba="0,0" hai="37,41,45,58,59,72,73,76,77,81,82" m="2159" machi="81" ten="30,1000,0" yaku="25,1" doraHai="92" who="1" fromWho="3" sc="250,0,250,10,250,0,250,-10" /><INIT seed="1,0,0,5,2,37" ten="250,260,250,240" oya="1" hai0="89,11,125,127,75,14,56,70,33,124,88,13,36" hai1="20,84,96,93,76,115,73,53,30,28,117,43,102" hai2="46,34,79,26,119,7,10,90,92,95,31,22,68" hai3="16,1,110,72,77,25,80,71,57,130,40,63,41"/><U105/><E117/><V74/><F119/><W49/><G71/><T97/><D70/><U39/><E115/><V111/><F68/><W61/><G1/><T4/><D33/><U45/><E53/><V67/><F67/><W120/><G120/><T103/><D75/><U91/><E20/><V82/><F111/><W65/><G61/><T48/><D36/><U98/><E98/><V132/><F132/><W118/><G118/><T116/><D116/><U129/><E129/><V81/><F81/><AGARI ba="0,0" hai="28,30,39,43,45,73,76,81,84,91,93,96,102,105" machi="81" ten="40,7700,0" yaku="24,2,52,1" doraHai="37" who="1" fromWho="2" sc="250,0,260,77,250,-77,240,0" /><INIT seed="1,1,0,1,3,48" ten="250,337,173,240" oya="1" hai0="104,106,37,60,39,5,52,130,1,43,50,131,87" hai1="91,67,103,102,72,6,51,24,41,0,85,42,54" hai2="71,62,117,82,3,19,73,35,17,10,34,124,38" hai3="31,109,32,89,101,135,86,27,108,4,15,36,29"/><U112/><E72/><V116/><F38/><W105/><G36/><T46/><D1/><U77/><E112/><V129/><F73/><W122/><G135/><T98/><D5/><U69/><E77/><V133/><F62/><W128/><G122/><T76/><D60/><U99/><E69/><V57/><F82/><W111/><G31/><T11/><D11/><U107/><E67/><V13/><F57/><W28/><G29/><T78/><D78/><U97/><E24/><V123/><F71/><W2/><G2/><T65/><D65/><U23/><E23/><V120/><F133/><W88/><G128/><N who="0" m="49195" /><D98/><U121/><E121/><N who="2" m="46667" /><F3/><W94/><G105/><N who="0" m="40555" /><D43/><U25/><E107/><V110/><F129/><W21/><G86/><T55/><D55/><U45/><E0/><V8/><F110/><W7/><G4/><T115/><D115/><U114/><E6/><V30/><F30/><W81/><G81/><AGARI ba="1,0" hai="37,39,46,50,52,76,81,87" m="40555,49195" machi="81" ten="30,3900,0" yaku="19,1,52,1,54,1" doraHai="48" who="0" fromWho="3" sc="250,42,337,0,173,0,240,-42" /><INIT seed="2,0,0,3,1,130" ten="292,337,173,198" oya="2" hai0="117,13,131,22,15,9,59,86,4,65,92,63,26" hai1="69,0,124,101,120,20,62,46,50,116,35,107,90" hai2="83,112,7,14,5,55,85,64,53,71,23,134,128" hai3="2,123,1,54,38,67,88,12,28,61,6,51,52"/><V48/><F112/><W118/><G118/><T21/><D131/><U17/><E35/><V126/><F128/><W27/><G38/><T57/><D117/><U109/><E116/><V16/><F126/><W34/><G123/><T37/><D37/><U43/><E0/><V125/><F125/><W30/><G28/><T33/><D33/><U70/><E124/><V25/><F71/><W114/><G114/><T100/><D22/><U79/><E79/><V104/><F104/><W80/><G6/><N who="2" m="2057" /><F134/><W95/><G80/><T102/><D15/><U40/><E120/><V103/><F64/><W45/><G12/><T56/><D100/><U29/><E69/><V66/><F66/><W41/><G54/><T84/><D84/><U82/><E70/><V44/><F103/><W89/><G41/><T129/><D129/><U108/><E43/><N who="2" m="24607" /><F25/><W105/><G105/><T113/><D113/><U24/><E101/><V75/><F75/><W18/><G18/><T111/><D102/><U98/><E107/><V77/><AGARI ba="0,0" hai="14,16,23,53,55,77,83,85" m="24607,2057" machi="77" ten="30,3000,0" yaku="8,1,54,1" doraHai="130" who="2" fromWho="2" sc="292,-10,337,-10,173,30,198,-10" /><INIT seed="2,1,0,2,2,44" ten="282,327,203,188" oya="2" hai0="53,19,15,69,31,42,131,50,95,129,71,13,74" hai1="32,68,37,93,75,36,3,61,8,76,85,102,119" hai2="96,4,26,112,45,123,18,66,83,127,115,124,27" hai3="25,1,72,84,91,108,38,134,80,33,78,20,62"/><V16/><F66/><W58/><G38/><T120/><D74/><U40/><E119/><V41/><F96/><W104/><G33/><T39/><D31/><U56/><E68/><V49/><F4/><W130/><G1/><T70/><D120/><U51/><E32/><V106/><F106/><W125/><G108/><T109/><D109/><U14/><E3/><V126/><F123/><W87/><G104/><T117/><D117/><U99/><E75/><V121/><F121/><W63/><G87/><T132/><D132/><U107/><E107/><V86/><F27/><W101/><G101/><T100/><D42/><U12/><E12/><V128/><F128/><N who="0" m="49226" /><D39/><U64/><E76/><N who="2" m="46439" /><F26/><W133/><G130/><T103/><D95/><U28/><E28/><V135/><F135/><N who="3" m="51723" /><G125/><T55/><D15/><U43/><E36/><V79/><F79/><W30/><G58/><N who="0" m="33079" /><D100/><U7/><E37/><V48/><F49/><W116/><G116/><T29/><D29/><U21/><E51/><V113/><AGARI ba="1,0" hai="16,18,41,45,48,112,113,115,124,126,127" m="46439" machi="113" ten="40,7800,0" yaku="18,1,52,1,54,1" doraHai="44" who="2" fromWho="2" sc="282,-27,327,-27,203,81,188,-27" /><INIT seed="2,2,0,2,1,133" ten="255,300,284,161" oya="2" hai0="2,51,35,25,40,44,122,61,20,13,77,116,110" hai1="69,9,101,123,47,135,121,72,18,12,67,46,79" hai2="117,96,106,87,52,6,43,107,56,114,81,124,27" hai3="62,82,66,113,31,99,102,119,71,90,16,14,48"/><V24/><F114/><W42/><G119/><T17/><D2/><U108/><E135/><V130/><F117/><W45/><G113/><T54/><D122/><N who="1" m="46603" /><E101/><V23/><F106/><W55/><G31/><T58/><D110/><U73/><E108/><V86/><F96/><W63/><G62/><T5/><D116/><U131/><E131/><V109/><F130/><W10/><G42/><T32/><D77/><U85/><E85/><V115/><F107/><W112/><G112/><T134/><D134/><U105/><E105/><V21/><F109/><W127/><G127/><T1/><D1/><U68/><E67/><V60/><F115/><W100/><REACH who="3" step="1"/><G99/><REACH who="3" ten="255,300,284,151" step="2"/><T94/><D35/><U80/><E69/><V3/><F43/><W28/><G28/><T89/><D32/><U65/><E68/><V97/><F97/><W95/><G95/><T59/><D61/><U98/><E98/><V78/><F124/><W36/><G36/><T37/><D37/><U11/><E65/><V76/><F60/><W50/><G50/><T22/><D40/><U118/><E118/><V74/><F81/><W38/><G38/><T64/><D64/><U41/><E41/><V83/><F83/><W39/><G39/><T104/><D104/><U92/><E92/><V29/><F29/><W91/><G91/><T84/><D5/><U126/><E126/><V103/><F6/><W49/><G49/><T30/><AGARI ba="2,1" hai="13,17,20,22,25,30,44,51,54,58,59,84,89,94" machi="30" ten="20,2700,0" yaku="0,1,7,1,8,1" doraHai="133" who="0" fromWho="0" sc="255,43,300,-9,284,-15,151,-9" /><INIT seed="3,0,0,2,5,66" ten="298,291,269,142" oya="3" hai0="41,60,61,47,0,28,103,49,120,101,14,69,68" hai1="119,72,77,53,65,86,78,118,76,19,33,97,46" hai2="122,54,7,134,83,64,128,115,48,129,87,13,20" hai3="39,94,125,108,63,92,6,111,10,30,121,106,126"/><W5/><G106/><T100/><D0/><U9/><E33/><V67/><F115/><W62/><G121/><T91/><D120/><U50/><E72/><V17/><F122/><W16/><G30/><T71/><D28/><U130/><E130/><N who="2" m="50283" /><F7/><N who="3" m="2571" /><G39/><T12/><D91/><U21/><E9/><V18/><F18/><W42/><G42/><T124/><D124/><N who="3" m="47721" /><G16/><T98/><D98/><U3/><E97/><V4/><F4/><W110/><G10/><T105/><D105/><U80/><E65/><V109/><F134/><W32/><G32/><T37/><D37/><U127/><E3/><V89/><F109/><N who="3" m="27907" /><W36/><DORA hai="27" /><G36/><T24/><D24/><N who="1" m="14399" /><E127/><V133/><F133/><W55/><G55/><T52/><D52/><U31/><E31/><V44/><AGARI ba="0,0" hai="13,17,20,44,48,54,64,67,83,87,89" m="50283" machi="44" ten="30,1100,0" yaku="19,1" doraHai="66,27" who="2" fromWho="2" sc="298,-3,291,-3,269,11,142,-5" /><INIT seed="4,0,0,1,0,7" ten="295,288,280,137" oya="0" hai0="29,58,72,0,55,125,19,84,45,93,67,21,16" hai1="78,34,132,23,53,100,114,65,134,80,74,63,40" hai2="131,69,28,37,14,98,124,71,61,86,120,52,91" hai3="89,81,73,5,57,11,130,9,133,113,54,15,128"/><T101/><D72/><U8/><E34/><V62/><F120/><W96/><G113/><T27/><D0/><U75/><E114/><V66/><F37/><W97/><G133/><N who="1" m="51306" /><E40/><V6/><F28/><W36/><G36/><T76/><D125/><U50/><E100/><V127/><F98/><N who="3" m="37995" /><G15/><T35/><D35/><U79/><E23/><V90/><F131/><N who="3" m="50219" /><G5/><T94/><D101/><U77/><E8/><N who="3" m="3146" /><G73/><T20/><D29/><U129/><E129/><V88/><F6/><W49/><G89/><T123/><D123/><U103/><E103/><V87/><F14/><W126/><G81/><N who="0" m="47143" /><D19/><U12/><E12/><V115/><F115/><W38/><G38/><T25/><D21/><U109/><E109/><V48/><F69/><W24/><G24/><T135/><D27/><U32/><E32/><V41/><F41/><W116/><G116/><T3/><D135/><U99/><E99/><V64/><F64/><W102/><G102/><T59/><D3/><U111/><E111/><V13/><F13/><W46/><G46/><T1/><D1/><U108/><E108/><V122/><F122/><W39/><G39/><T43/><D43/><U4/><E4/><V110/><F110/><W60/><G60/><N who="0" m="38303" /><D45/><N who="1" m="27855" /><E75/><V70/><F70/><AGARI ba="0,0" hai="63,65,70,74,77,78,79,80" m="27855,51306" machi="70" ten="30,1000,0" yaku="20,1" doraHai="7" who="1" fromWho="2" sc="295,0,288,10,280,-10,137,0" /><INIT seed="5,0,0,5,1,6" ten="295,298,270,137" oya="1" hai0="94,95,15,28,41,20,125,45,50,64,42,112,31" hai1="49,127,119,68,121,100,132,114,54,43,70,90,0" hai2="29,79,57,128,86,55,75,26,87,130,110,23,92" hai3="129,48,60,106,21,91,108,74,44,22,115,12,97"/><U40/><E0/><V133/><F110/><W122/><G122/><T73/><D73/><U62/><E100/><V27/><F75/><W71/><G108/><T58/><D125/><U63/><E121/><V98/><F133/><W113/><G74/><T69/><D69/><N who="1" m="26731" /><E90/><V17/><F79/><W111/><G111/><T80/><D80/><U24/><E24/><V25/><F130/><W126/><G129/><T52/><D112/><N who="3" m="43081" /><G126/><T5/><D64/><U134/><E114/><V51/><F128/><W67/><G106/><T3/><D3/><U103/><E103/><V105/><F105/><W7/><G97/><T77/><D77/><U131/><E127/><V16/><F17/><W35/><G35/><T14/><D42/><N who="1" m="15915" /><E119/><V123/><F123/><W102/><G102/><T66/><D66/><U116/><E116/><V13/><REACH who="2" step="1"/><F29/><REACH who="2" ten="295,298,260,137" step="2"/><W19/><G91/><AGARI ba="0,1" hai="13,16,23,25,26,27,51,55,57,86,87,91,92,98" machi="91" ten="40,12000,2" yaku="1,1,2,1,8,1,54,1,53,2" doraHai="6" doraHaiUra="81" who="2" fromWho="3" sc="295,0,298,0,260,130,137,-120" owari="295,-10.0,298,10.0,390,48.0,17,-48.0" /></mjloggm>