<mjloggm ver="2.3"><GO type="225" lobby="0"/><UN n0="%E9%A3%9B%E7%BE%BD%E6%84%9B%E6%AD%8C" n1="%4C%65%69%72%69%6F%6E" n2="%E3%82%A6%E3%83%AB%E3%83%88%E3%83%A9%E7%AB%8B%E7%9B%B4" n3="%EF%BF%A1%E3%81%BA%E3%82%93%E3%81%BA%E3%82%93%EF%BF%A1" dan="16,17,16,17" rate="2078.42,2140.95,2037.19,2194.15" sx="M,M,M,M"/><TAIKYOKU oya="0"/><INIT seed="0,0,0,3,4,133" ten="250,250,250,250" oya="0" hai0="59,46,23,134,105,13,31,120,74,66,132,104,95" hai1="64,71,87,117,10,73,81,43,40,83,113,18,126" hai2="118,22,60,12,28,57,41,33,109,70,2,20,4" hai3="96,68,108,85,131,82,101,121,79,125,130,29,27"/><T8/><D120/><U88/><E117/><V77/><F70/><W26/><G68/><T38/><D74/><U135/><E135/><N who="0" m="51753" /><D95/><U80/><E113/><V53/><F109/><W54/><G108/><T39/><D66/><U94/><E73/><V75/><F2/><W24/><G125/><T9/><D59/><U92/><E126/><V102/><F33/><W76/><G76/><T5/><D9/><U42/><E71/><V58/><F102/><W90/><G79/><T116/><D116/><U6/><E92/><V52/><F77/><W21/><G121/><T25/><D46/><U61/><E61/><V84/><F75/><W86/><G86/><T129/><D129/><N who="3" m="49161" /><G54/><T14/><D13/><N who="1" m="7479" /><E6/><V7/><F84/><W3/><G3/><T123/><D123/><U34/><E34/><V65/><F118/><W119/><G119/><T15/><D14/><U97/><E64/><V72/><F72/><W48/><G48/><T100/><D104/><AGARI ba="0,0" hai="21,24,26,27,29,82,85,90,96,101,104" m="49161" machi="104" ten="30,1000,0" yaku="19,1" doraHai="133" who="3" fromWho="0" sc="250,-10,250,0,250,0,250,10" /><INIT seed="1,0,0,4,4,1" ten="240,250,250,260" oya="1" hai0="27,79,43,46,85,66,86,129,101,7,133,99,9" hai1="40,113,104,115,45,28,84,116,111,78,107,91,125" hai2="49,65,55,71,32,97,15,13,70,106,56,118,52" hai3="5,69,14,67,75,122,110,108,87,89,114,8,62"/><U3/><E3/><V12/><F32/><W64/><G114/><T83/><D129/><U92/><E116/><V35/><F35/><W126/><G122/><T42/><D133/><U88/><E28/><V30/><F30/><W60/><G75/><T38/><D43/><U81/><E40/><V59/><F118/><W19/><G19/><T2/><D66/><U20/><E20/><V16/><F65/><W103/><G103/><T0/><D27/><U120/><E45/><V112/><F112/><N who="1" m="43081" /><E120/><V47/><F47/><W98/><G98/><T41/><D41/><U90/><E125/><V130/><F130/><W33/><G33/><T11/><D11/><U26/><E26/><V121/><F121/><W61/><G126/><T25/><D25/><U57/><E57/><V72/><F70/><W76/><G76/><T58/><D58/><U4/><E4/><V119/><F71/><W128/><G128/><T37/><D0/><U53/><E53/><V51/><F119/><W44/><G44/><T21/><D21/><U73/><E111/><N who="3" m="42538" /><G69/><T135/><D37/><U95/><E90/><V31/><F31/><W80/><AGARI ba="0,0" hai="5,8,14,60,61,62,64,67,80,87,89" m="42538" machi="80" ten="30,2000,0" yaku="14,1,52,1" doraHai="1" who="3" fromWho="3" sc="240,-5,250,-10,250,-5,260,20" /><INIT seed="2,0,0,2,5,72" ten="235,240,245,280" oya="2" hai0="91,86,16,18,11,126,28,53,20,34,19,93,107" hai1="92,8,43,129,58,98,127,29,133,82,78,120,105" hai2="14,4,118,110,60,10,30,50,114,80,88,65,100" hai3="84,57,56,111,77,5,55,108,121,115,48,24,7"/><V44/><F118/><W124/><G121/><T23/><D107/><U97/><E120/><V26/><F114/><W73/><G73/><T132/><D132/><U37/><E133/><V64/><F100/><W6/><G124/><T66/><D126/><U2/><E127/><V134/><F134/><W81/><G115/><T35/><D66/><U116/><E29/><V95/><F80/><W17/><G17/><T42/><D42/><U135/><E105/><V25/><F110/><N who="3" m="42027" /><G24/><N who="2" m="9321" /><F60/><W52/><G7/><T101/><D28/><U41/><E116/><V22/><F22/><N who="0" m="8234" /><D34/><U113/><E113/><V68/><F68/><W79/><G79/><T117/><D35/><U128/><E135/><V83/><F83/><W122/><G122/><T32/><D32/><U112/><E112/><V94/><F30/><W45/><G57/><T47/><D117/><U70/><E58/><V74/><F74/><W106/><G106/><T103/><D11/><U90/><E70/><V125/><F125/><W69/><G69/><T61/><D47/><U63/><E63/><AGARI ba="0,0" hai="5,6,45,48,52,55,56,63,77,81,84" m="42027" machi="63" ten="30,3900,0" yaku="14,1,52,1,54,1" doraHai="72" who="3" fromWho="1" sc="235,0,240,-39,245,0,280,39" /><INIT seed="3,0,0,1,0,122" ten="235,201,245,319" oya="3" hai0="85,23,80,14,43,87,64,134,65,59,62,66,105" hai1="77,75,60,115,82,19,12,2,100,92,83,111,42" hai2="30,76,127,28,130,13,123,114,73,56,52,121,24" hai3="46,51,40,72,93,125,41,17,104,116,102,49,20"/><W21/><G72/><T50/><D105/><U38/><E115/><V119/><F119/><W6/><G104/><T9/><D134/><U86/><E2/><V7/><F127/><W95/><G125/><T58/><D23/><U117/><E117/><V61/><F130/><W29/><G6/><N who="0" m="3383" /><D87/><U4/><E4/><V3/><F3/><W81/><G81/><T120/><D120/><N who="2" m="46154" /><F24/><N who="3" m="16527" /><G102/><T0/><D0/><U98/><E111/><V31/><F114/><W113/><G116/><T54/><D43/><U110/><E110/><V88/><F88/><AGARI ba="0,0" hai="50,54,58,59,62,64,65,66,80,85,88" m="3383" machi="88" ten="30,2000,0" yaku="8,1,54,1" doraHai="122" who="0" fromWho="2" sc="235,20,201,0,245,-20,319,0" owari="255,6.0,201,-30.0,225,-17.0,319,41.0" /></mjloggm>