<mjloggm ver="2.3"><GO type="97" lobby="0"/><UN n0="%6B%69%68%61%35%38" n1="%E4%B8%80%E4%B8%80%E4%B8%80" n2="%E3%81%94%E3%82%8A%E3%82%93" n3="%E3%82%A6%E3%83%AB%E3%83%88%E3%83%A9%E7%AB%8B%E7%9B%B4" dan="13,14,15,15" rate="1821.15,1931.63,1980.83,1969.37" sx="M,M,M,M"/><TAIKYOKU oya="0"/><INIT seed="0,0,0,5,1,18" ten="250,250,250,250" oya="0" hai0="3,75,10,78,91,5,86,31,135,74,21,46,117" hai1="55,134,82,16,106,23,76,110,112,40,33,42,81" hai2="124,128,1,59,107,72,20,98,14,26,39,80,113" hai3="58,47,111,41,37,44,68,70,24,85,22,120,103"/><T89/><D117/><U45/><E106/><V122/><F113/><W38/><G103/><T25/><D135/><U30/><E134/><V99/><F39/><W131/><G120/><T66/><D66/><U83/><E112/><V64/><F1/><W121/><G121/><T34/><D46/><U2/><E110/><V53/><F122/><W29/><G131/><T43/><D43/><U118/><E118/><V32/><F107/><W11/><G111/><T90/><REACH who="0" step="1"/><D34/><REACH who="0" ten="240,250,250,250" step="2"/><U61/><E42/><V60/><F64/><W49/><G44/><T100/><D100/><U67/><E33/><V93/><F128/><W71/><G47/><T15/><D15/><U130/><E130/><V92/><F32/><W63/><G41/><T109/><D109/><U102/><E102/><V17/><F124/><W108/><G108/><T65/><D65/><U9/><E40/><V129/><F129/><W69/><G38/><T73/><D73/><U116/><E116/><V52/><F14/><W51/><G37/><T4/><D4/><U95/><E67/><V104/><F53/><W7/><G69/><T62/><D62/><U127/><E127/><V13/><F13/><W57/><G68/><T27/><D27/><U36/><E61/><V96/><REACH who="2" step="1"/><F104/><REACH who="2" ten="240,250,240,250" step="2"/><W79/><G70/><T119/><D119/><U54/><E54/><V101/><F101/><W125/><G71/><T28/><D28/><U97/><E55/><V94/><F94/><W87/><G29/><T48/><D48/><U0/><E30/><V132/><F132/><W56/><G51/><T50/><D50/><U123/><E36/><RYUUKYOKU ba="0,2" sc="240,15,250,-15,240,15,250,-15" hai0="3,5,10,21,25,31,74,75,78,86,89,90,91" hai2="17,20,26,52,59,60,72,80,92,93,96,98,99" /><INIT seed="0,1,2,1,2,88" ten="255,235,255,235" oya="0" hai0="48,121,125,102,45,92,73,7,37,101,74,29,87" hai1="127,71,6,116,131,17,25,120,1,111,105,46,124" hai2="99,112,57,60,91,34,14,122,43,32,4,100,86" hai3="3,42,54,98,118,104,41,93,58,119,21,81,114"/><T110/><D121/><U62/><E46/><V55/><F122/><W11/><G104/><T75/><D37/><U18/><E62/><V128/><F112/><W103/><G114/><T90/><D125/><N who="1" m="48203" /><E71/><V27/><F43/><W134/><G134/><T0/><D110/><U22/><E105/><V67/><F128/><W64/><G64/><T59/><D29/><U56/><E56/><V132/><F132/><W129/><G129/><T5/><D59/><U15/><E120/><V49/><F27/><W72/><G42/><T97/><D0/><U26/><E131/><V33/><F14/><W83/><G41/><T96/><D96/><U35/><E116/><V85/><F91/><W135/><G58/><T113/><D113/><U108/><E1/><V133/><F4/><W44/><G3/><T70/><D70/><U126/><N who="1" m="48211" /><U130/><DORA hai="28" /><E130/><V39/><F39/><W13/><G135/><T24/><D102/><U10/><E18/><V68/><REACH who="2" step="1"/><F133/><REACH who="2" ten="255,235,245,235" step="2"/><W94/><G119/><T2/><D2/><N who="1" m="343" /><E26/><V106/><AGARI ba="1,3" hai="32,33,34,49,55,57,60,67,68,85,86,99,100,106" machi="106" ten="30,16000,3" yaku="1,1,0,1,52,3,53,3" doraHai="88,28" doraHaiUra="30,117" who="2" fromWho="2" sc="255,-81,235,-41,245,193,235,-41" /><INIT seed="1,0,0,4,1,32" ten="174,194,438,194" oya="1" hai0="124,4,14,102,70,51,26,87,68,107,121,0,113" hai1="86,83,28,120,33,60,10,115,38,112,55,133,64" hai2="94,76,114,37,7,99,19,40,85,34,129,16,92" hai3="131,109,132,105,75,96,44,35,101,108,49,126,6"/><U106/><E106/><V79/><F34/><W80/><G35/><T89/><D113/><U95/><E120/><V42/><F7/><W12/><G126/><T61/><D124/><U30/><E133/><V41/><F114/><W98/><G132/><T97/><D121/><U116/><E116/><V63/><F37/><W43/><G131/><T104/><D104/><U91/><E38/><V122/><F122/><W50/><G50/><T93/><D14/><U45/><E30/><V78/><F63/><W125/><G125/><T22/><D61/><U31/><E31/><V65/><F65/><W23/><G96/><T123/><D123/><U118/><E118/><V90/><REACH who="2" step="1"/><F129/><REACH who="2" ten="174,194,428,194" step="2"/><W77/><G6/><T88/><D51/><U46/><E115/><V103/><AGARI ba="0,1" hai="16,19,40,41,42,76,78,79,85,90,92,94,99,103" machi="103" ten="30,8000,1" yaku="1,1,2,1,0,1,8,1,54,1,53,0" doraHai="32" doraHaiUra="54" who="2" fromWho="2" sc="174,-20,194,-40,428,90,194,-20" /><INIT seed="2,0,0,4,5,52" ten="154,154,518,174" oya="2" hai0="76,54,9,44,130,73,35,103,8,78,83,120,58" hai1="63,86,56,87,125,101,32,14,71,82,131,36,75" hai2="24,113,115,77,10,72,30,53,132,90,17,88,128" hai3="12,49,27,47,107,68,108,81,11,19,28,105,122"/><V126/><F77/><W100/><G68/><T104/><D120/><U40/><E32/><V3/><F72/><W61/><G122/><T74/><D35/><U106/><E131/><V7/><F53/><W5/><G108/><T96/><D130/><U55/><E125/><V0/><F90/><W134/><G134/><T65/><D65/><N who="1" m="41407" /><E14/><V16/><F88/><W133/><G133/><T15/><D44/><N who="1" m="23559" /><E101/><V1/><F132/><W94/><G5/><T95/><D104/><U119/><E106/><V93/><F93/><W97/><G81/><T116/><D116/><U92/><E92/><V59/><F59/><W57/><G49/><T39/><D39/><U111/><E111/><V64/><F64/><N who="3" m="38959" /><G47/><T20/><D76/><N who="1" m="44319" /><E119/><V37/><F37/><W22/><AGARI ba="0,0" hai="11,12,19,22,27,28,94,97,100,105,107" m="38959" machi="22" ten="30,2000,0" yaku="25,1,52,1" doraHai="52" who="3" fromWho="3" sc="154,-5,154,-5,518,-10,174,20" /><INIT seed="3,0,0,1,1,7" ten="149,149,508,194" oya="3" hai0="1,55,109,43,52,28,19,92,83,68,15,76,115" hai1="75,24,99,53,54,62,77,67,113,33,116,105,37" hai2="45,95,129,88,133,50,21,13,102,65,25,84,41" hai3="96,97,63,3,64,17,86,38,93,70,82,126,18"/><W114/><G96/><T66/><D1/><U12/><E113/><V22/><F133/><W127/><G38/><T60/><D115/><U51/><E37/><V73/><F73/><W111/><G3/><T44/><D109/><U32/><E116/><V69/><F69/><W90/><G114/><T23/><D92/><U108/><E108/><V26/><F65/><W94/><G94/><T130/><D130/><U31/><E12/><V87/><F129/><W131/><G131/><T125/><D125/><U107/><E33/><V6/><F102/><W49/><G49/><T122/><D122/><U46/><E54/><V47/><F84/><W112/><G86/><T119/><D119/><U103/><E77/><V72/><F72/><W81/><G111/><T101/><D101/><U29/><E29/><V117/><F117/><W118/><G118/><T124/><D124/><U35/><E35/><V8/><F47/><W16/><G112/><T121/><D121/><U100/><E75/><V79/><F79/><W91/><G127/><T74/><D28/><U110/><E110/><V78/><F78/><W135/><G135/><T48/><AGARI ba="0,0" hai="15,19,23,43,44,48,52,55,60,66,68,74,76,83" machi="48" ten="20,2700,0" yaku="0,1,7,1,54,1" doraHai="7" who="0" fromWho="0" sc="149,27,149,-7,508,-7,194,-13" owari="176,-22.0,142,-36.0,501,60.0,181,-2.0" /></mjloggm>