<mjloggm ver="2.3"><GO type="225" lobby="0"/><UN n0="%E8%B1%86%E8%85%90%E3%81%9F%E3%82%93%E3%83%8F%E3%82%A1%E3%83%8F%E3%82%A1" n1="%69%73%61%6B%75%79%61" n2="%E3%82%A6%E3%83%AB%E3%83%88%E3%83%A9%E7%AB%8B%E7%9B%B4" n3="%4C%61%73%6B%26%59%75" dan="17,17,16,16" rate="2234.24,2120.40,2009.31,2076.54" sx="M,M,M,M"/><TAIKYOKU oya="0"/><INIT seed="0,0,0,1,0,120" ten="250,250,250,250" oya="0" hai0="10,94,101,46,13,66,23,78,107,47,90,31,58" hai1="59,50,5,82,71,95,62,130,109,54,97,131,87" hai2="52,88,119,81,20,0,56,60,129,37,41,84,74" hai3="25,105,43,79,99,116,57,80,15,93,110,7,77"/><T113/><D113/><U112/><E112/><V27/><F0/><W16/><G116/><T73/><D107/><U72/><E72/><V42/><F129/><N who="1" m="49161" /><E5/><V111/><F119/><W45/><G105/><T135/><D135/><U63/><E71/><V68/><F68/><W89/><G57/><T18/><D78/><N who="1" m="46551" /><E109/><V55/><F111/><W102/><G110/><T75/><D75/><U100/><AGARI ba="0,0" hai="50,54,59,62,63,95,97,100" m="46551,49161" machi="100" ten="30,1100,0" yaku="19,1" doraHai="120" who="1" fromWho="1" sc="250,-5,250,11,250,-3,250,-3" /><INIT seed="1,0,0,5,3,111" ten="245,261,247,247" oya="1" hai0="110,100,129,116,126,99,113,49,64,33,36,30,72" hai1="82,29,59,128,13,92,74,135,76,130,107,61,62" hai2="15,112,56,77,46,43,50,18,16,68,71,38,120" hai3="109,26,63,11,41,91,96,34,55,90,104,114,21"/><U93/><E107/><V47/><F120/><W84/><G34/><T70/><RYUUKYOKU type="yao9" ba="0,0" sc="245,0,261,0,247,0,247,0" hai0="30,33,36,49,64,70,72,99,100,110,113,116,126,129" /><INIT seed="1,1,0,4,4,5" ten="245,261,247,247" oya="1" hai0="11,80,26,121,31,51,44,105,99,98,120,135,129" hai1="116,14,130,32,41,24,30,2,42,13,102,133,28" hai2="126,115,71,29,8,34,15,97,101,12,48,9,38" hai3="68,16,81,3,132,18,47,82,84,74,62,100,40"/><U39/><E102/><V20/><F38/><W76/><G3/><T43/><D135/><U45/><E2/><V75/><F71/><W65/><G100/><T6/><D129/><U96/><E133/><V67/><F75/><W114/><G114/><T123/><D80/><U119/><E96/><V93/><F34/><W56/><G68/><T19/><D19/><U59/><E130/><V61/><F126/><W23/><G23/><N who="0" m="15839" /><D105/><U35/><E59/><N who="2" m="37311" /><F115/><W17/><G132/><T134/><D134/><U4/><E4/><V118/><F118/><W37/><REACH who="3" step="1"/><G18/><REACH who="3" ten="245,261,247,237" step="2"/><T110/><D110/><U103/><E103/><V104/><F104/><W77/><AGARI ba="1,1" hai="16,17,37,40,47,56,62,65,74,76,77,81,82,84" machi="77" ten="20,8000,1" yaku="1,1,2,1,0,1,7,1,54,1,53,0" doraHai="5" doraHaiUra="124" who="3" fromWho="3" sc="245,-21,261,-41,247,-21,237,93" /><INIT seed="2,0,0,1,0,44" ten="224,220,226,330" oya="2" hai0="121,135,83,45,79,97,122,82,72,42,2,27,65" hai1="66,22,18,7,52,88,112,54,3,94,109,115,30" hai2="15,62,123,96,129,75,81,32,69,108,25,14,77" hai3="118,120,60,102,56,126,64,125,31,119,16,48,63"/><V68/><F123/><W84/><G120/><T13/><D2/><U101/><E109/><V93/><F129/><W59/><G31/><T90/><D135/><U29/><E115/><V24/><F108/><W57/><G102/><T36/><D65/><U113/><E113/><V132/><F132/><W117/><G84/><T91/><D27/><N who="1" m="14807" /><E3/><V74/><F32/><W106/><G106/><T107/><D91/><U20/><E112/><V28/><F28/><N who="1" m="10857" /><E101/><V41/><F75/><W76/><G76/><T133/><D133/><U17/><E7/><V39/><F25/><W116/><G116/><T38/><D38/><U4/><E4/><V11/><F24/><W80/><G80/><T98/><D107/><U0/><E66/><V12/><F11/><W73/><G73/><T134/><D134/><U70/><E70/><V8/><F8/><W21/><G64/><T55/><D122/><U6/><E6/><V130/><F130/><W103/><G103/><T47/><D13/><N who="1" m="9263" /><E0/><V35/><F35/><W124/><G48/><N who="0" m="29087" /><D121/><U67/><E67/><V51/><F39/><W33/><G33/><T128/><D128/><U10/><E10/><V37/><F37/><W23/><G16/><T78/><D72/><U58/><E58/><V50/><F62/><AGARI ba="0,0" hai="21,23,56,57,59,60,62,63,117,118,119,124,125,126" machi="62" ten="60,8000,1" yaku="29,2,28,2,18,1" doraHai="44" who="3" fromWho="2" sc="224,0,220,0,226,-80,330,80" /><INIT seed="3,0,0,3,5,25" ten="224,220,146,410" oya="3" hai0="23,97,15,12,21,42,3,117,44,80,46,91,122" hai1="30,119,34,98,31,123,132,36,24,131,69,18,88" hai2="90,74,52,110,113,81,116,89,16,49,101,84,56" hai3="75,106,59,65,96,100,133,62,135,17,112,41,129"/><W54/><G112/><T60/><D3/><U73/><E123/><V63/><F74/><W108/><G75/><T50/><D117/><U29/><E69/><V9/><F116/><W37/><G108/><T120/><D60/><U114/><E114/><V13/><F110/><W47/><G129/><T35/><D35/><U121/><E121/><V22/><F113/><W58/><REACH who="3" step="1"/><G17/><REACH who="3" ten="224,220,146,400" step="2"/><T92/><D122/><U115/><E18/><V93/><F101/><W67/><G67/><T4/><D120/><U26/><E131/><V39/><F39/><W128/><G128/><T86/><D4/><U107/><E115/><V40/><F40/><W53/><G53/><T10/><D42/><U48/><E73/><V1/><F1/><W83/><G83/><T5/><D80/><U70/><E36/><V64/><F9/><W126/><G126/><T27/><D10/><U87/><E119/><V6/><F6/><W78/><G78/><T38/><D5/><U103/><E34/><V20/><F20/><W95/><G95/><T57/><D23/><U109/><E107/><V82/><REACH who="2" step="1"/><F90/><REACH who="2" ten="224,220,136,400" step="2"/><W0/><G0/><T19/><D91/><U55/><E88/><V28/><F28/><W124/><G124/><T68/><D21/><U43/><E109/><V118/><F118/><W7/><G7/><T85/><D38/><U2/><E2/><V127/><F127/><W111/><G111/><T51/><D19/><U8/><E8/><V14/><F14/><W79/><G79/><T104/><D12/><U77/><E77/><V134/><F134/><W94/><G94/><T66/><D92/><RYUUKYOKU ba="0,2" sc="224,-15,220,-15,136,15,400,15" hai2="13,16,22,49,52,56,63,64,81,82,84,89,93" hai3="37,41,47,54,58,59,62,65,96,100,106,133,135" owari="209,1.0,205,-19.0,151,-35.0,435,53.0" /></mjloggm>