<mjloggm ver="2.3"><GO type="97" lobby="0"/><UN n0="%E3%82%A6%E3%83%AB%E3%83%88%E3%83%A9%E7%AB%8B%E7%9B%B4" n1="%E3%82%82%E3%82%8D%E3%81%93%E3%81%97%E3%83%98%E3%83%83%E3%83%89" n2="%E7%B6%BE%E2%98%86%E5%A5%88" n3="%E3%81%98%E3%81%9F%E3%82%8A%E3%82%93%E3%81%98%E3%82%93" dan="15,15,13,14" rate="1977.36,1949.92,1854.37,1974.77" sx="M,F,M,F"/><TAIKYOKU oya="0"/><INIT seed="0,0,0,1,1,114" ten="250,250,250,250" oya="0" hai0="73,76,10,89,91,48,105,57,67,69,11,46,117" hai1="61,6,129,56,93,97,120,29,55,113,65,119,52" hai2="66,95,44,68,24,83,54,130,96,115,27,106,2" hai3="134,5,90,102,71,35,15,7,31,81,36,110,38"/><T30/><D105/><U1/><E120/><V88/><F115/><W135/><G71/><T53/><D69/><U4/><E113/><V85/><F2/><W118/><G102/><T86/><D73/><U131/><E1/><V122/><F122/><W58/><G58/><T92/><D76/><U127/><E29/><V26/><F130/><N who="1" m="49673" /><E127/><V25/><F68/><W23/><G35/><T42/><D117/><U80/><E80/><V111/><F111/><W37/><G110/><T43/><D30/><U116/><E6/><N who="3" m="2058" /><G90/><T108/><D108/><U128/><N who="1" m="49681" /><U123/><DORA hai="100" /><E4/><V107/><F27/><N who="3" m="16895" /><G15/><T39/><D67/><U59/><E123/><V87/><F66/><W82/><G82/><T72/><D72/><U45/><E45/><V0/><F0/><W34/><G34/><T101/><D101/><N who="1" m="60591" /><E59/><V125/><F125/><W22/><G81/><T3/><D3/><U103/><E103/><V33/><F87/><W21/><G118/><AGARI ba="0,0" hai="52,55,56,61,65,116,118,119" m="60591,49681" machi="118" ten="40,8000,1" yaku="19,1,52,3,54,1" doraHai="114,100" who="1" fromWho="3" sc="250,0,250,80,250,0,250,-80" /><INIT seed="1,0,0,5,0,101" ten="250,330,250,170" oya="1" hai0="17,54,63,7,134,71,96,40,133,123,129,36,6" hai1="15,12,87,92,34,52,109,128,66,37,131,132,41" hai2="1,102,65,104,9,29,97,111,35,112,120,115,116" hai3="135,56,55,0,5,45,14,103,106,46,77,114,113"/><U122/><E34/><V21/><F120/><W8/><G0/><T27/><D123/><U23/><E122/><V86/><F116/><W81/><G46/><N who="0" m="23815" /><D17/><U126/><E66/><V38/><F111/><W91/><G45/><T94/><D27/><U125/><E37/><V108/><F108/><W33/><G91/><T18/><D18/><U62/><E41/><V51/><F38/><W61/><G33/><T16/><D16/><N who="1" m="10631" /><E109/><V89/><F65/><W107/><G135/><N who="0" m="51723" /><D129/><N who="1" m="49739" /><E15/><V42/><F35/><W99/><REACH who="3" step="1"/><G107/><REACH who="3" ten="250,330,250,160" step="2"/><T50/><D94/><U48/><E132/><V28/><F1/><W124/><G124/><T88/><D88/><N who="1" m="53279" /><E62/><V58/><F112/><W110/><G110/><T76/><D63/><U39/><E39/><V73/><F115/><W95/><G95/><T119/><D76/><U100/><E100/><V93/><F73/><AGARI ba="0,1" hai="5,8,14,55,56,61,73,77,81,99,103,106,113,114" machi="73" ten="30,3900,0" yaku="1,1,7,1,52,1,53,0" doraHai="101" doraHaiUra="90" who="3" fromWho="2" sc="250,0,330,0,250,-39,160,49" /><INIT seed="2,0,0,2,3,46" ten="250,330,211,209" oya="2" hai0="123,96,65,116,4,131,84,127,114,95,52,72,115" hai1="82,88,78,26,27,6,28,73,117,120,24,94,135" hai2="97,9,17,38,98,15,100,50,102,48,103,69,34" hai3="92,7,23,40,62,13,11,128,32,112,99,20,71"/><V93/><F69/><W0/><G128/><T42/><D72/><U61/><E117/><V53/><F34/><W132/><G112/><T110/><D123/><U122/><E6/><V21/><F38/><W51/><G132/><T54/><D116/><U124/><E135/><V85/><F53/><W31/><G71/><T107/><D107/><U12/><E12/><V37/><F37/><W70/><G32/><T89/><D131/><U106/><E106/><V1/><F1/><W41/><G23/><T101/><D127/><U19/><E19/><V126/><F126/><W18/><G31/><T86/><D110/><U25/><E124/><V109/><F109/><W75/><G75/><T64/><D4/><U118/><E118/><V81/><F103/><W3/><G3/><T39/><D39/><U130/><E130/><V8/><F8/><W91/><G62/><T104/><D42/><U90/><E61/><V59/><F59/><W133/><G70/><T33/><D33/><U5/><E5/><V55/><F55/><N who="0" m="21034" /><D104/><U47/><E47/><V44/><F44/><W10/><G133/><T77/><D115/><U111/><E111/><V58/><F58/><W57/><G57/><T63/><D63/><U134/><E134/><V79/><F9/><W125/><G125/><T83/><D114/><U129/><E129/><V113/><F113/><W29/><G40/><T16/><D16/><U60/><E60/><V14/><F14/><W74/><G74/><T121/><D121/><N who="1" m="46699" /><E28/><V67/><F67/><W105/><G105/><AGARI ba="0,0" hai="15,17,21,48,50,79,81,85,93,97,98,100,102,105" machi="105" ten="30,5800,0" yaku="7,1,52,2" doraHai="46" who="2" fromWho="3" sc="250,0,330,0,211,58,209,-58" /><INIT seed="2,1,0,4,4,61" ten="250,330,269,151" oya="2" hai0="122,134,66,101,46,119,62,50,63,72,78,109,58" hai1="129,56,90,3,22,73,96,112,36,47,48,60,118" hai2="16,102,89,13,17,132,115,41,133,15,121,54,99" hai3="29,126,82,130,85,87,91,127,43,0,35,111,135"/><V42/><F121/><W49/><G29/><T108/><D122/><U27/><E118/><V92/><F115/><W24/><G0/><T114/><D114/><U113/><E73/><V45/><F54/><W69/><G24/><T4/><D119/><U120/><E3/><V2/><F2/><W6/><G35/><T28/><D4/><U33/><E120/><V68/><F68/><W10/><G49/><T44/><D28/><U74/><E74/><V19/><F102/><W128/><G43/><T125/><D101/><U117/><E36/><V81/><F81/><N who="3" m="49583" /><G69/><N who="0" m="42199" /><D78/><U39/><E33/><V71/><F71/><W18/><G18/><T59/><D72/><U30/><E39/><V5/><F5/><W107/><G10/><T40/><D125/><N who="3" m="47625" /><G6/><T76/><D134/><N who="2" m="51818" /><F41/><W14/><G14/><T83/><D63/><U55/><E117/><V52/><F42/><W116/><G135/><T77/><D83/><U67/><E129/><N who="3" m="49770" /><G116/><T98/><D46/><U31/><E113/><V106/><F106/><W86/><G107/><T84/><D44/><U38/><E112/><V131/><F131/><W8/><G8/><T57/><D50/><AGARI ba="1,0" hai="13,15,16,17,19,45,50,52,89,92,99" m="51818" machi="50" ten="30,5800,0" yaku="20,1,54,2" doraHai="61" who="2" fromWho="0" sc="250,-61,330,0,269,61,151,0" /><INIT seed="2,2,0,3,5,123" ten="189,330,330,151" oya="2" hai0="133,87,35,126,69,5,114,86,117,116,36,27,45" hai1="90,64,30,60,79,131,37,28,127,19,41,89,65" hai2="49,115,40,39,38,3,54,43,82,125,88,104,8" hai3="31,95,113,81,0,119,47,68,128,94,135,121,4"/><V78/><F115/><W107/><G31/><N who="0" m="19967" /><D87/><U11/><E79/><V122/><F104/><W15/><G81/><T92/><D86/><U91/><E37/><V22/><F122/><W33/><G47/><T18/><D92/><U99/><E41/><V17/><F125/><W83/><G83/><T105/><D105/><U120/><E120/><V96/><F3/><W13/><G94/><T84/><D84/><U67/><E127/><V108/><F8/><W112/><G95/><T16/><D126/><U52/><E99/><V53/><F108/><W130/><G15/><T58/><D69/><U103/><E103/><V132/><F132/><W66/><G13/><T100/><D100/><U6/><E19/><N who="0" m="7209" /><D5/><U73/><E73/><V29/><F29/><W101/><G4/><T24/><D114/><U21/><E131/><V50/><F96/><W25/><G101/><T63/><D24/><U1/><E21/><V32/><F32/><W12/><G25/><T97/><D97/><U59/><AGARI ba="2,0" hai="1,6,11,28,30,52,59,60,64,65,67,89,90,91" machi="59" ten="40,2700,0" yaku="0,1,54,1" doraHai="123" who="1" fromWho="1" sc="189,-9,330,33,330,-15,151,-9" /><INIT seed="3,0,0,5,3,42" ten="180,363,315,142" oya="3" hai0="116,21,96,99,18,134,30,6,98,123,57,85,71" hai1="132,73,133,80,4,46,1,120,9,106,94,61,79" hai2="58,128,110,131,41,52,78,16,127,19,7,74,23" hai3="107,112,119,28,97,135,84,75,49,113,121,93,39"/><W48/><G39/><T72/><D71/><U2/><E120/><V70/><F70/><W45/><G75/><T10/><D72/><U0/><E106/><V44/><F74/><W43/><G121/><T109/><D116/><U108/><E108/><V104/><F104/><W13/><G119/><T25/><D123/><U115/><E115/><V117/><F78/><W40/><G135/><N who="1" m="51786" /><E61/><V11/><F117/><W81/><G28/><T38/><D38/><U8/><E9/><V22/><F110/><W67/><G67/><T37/><D37/><U36/><E94/><V82/><F82/><W14/><G107/><T77/><D109/><U31/><E31/><V87/><F127/><W100/><G112/><T130/><D130/><N who="2" m="49706" /><F87/><W55/><G113/><T60/><D134/><U122/><E122/><V12/><F23/><W129/><G129/><T56/><D30/><U86/><E86/><V105/><F22/><W91/><REACH who="3" step="1"/><G43/><AGARI ba="0,0" hai="0,1,2,4,8,36,43,46,73,79,80" m="51786" machi="43" ten="30,7700,0" yaku="25,1,20,1,23,1,52,1" doraHai="42" who="1" fromWho="3" sc="180,0,363,77,315,0,142,-77" owari="180,-22.0,440,53.0,315,12.0,65,-43.0" /></mjloggm>