<mjloggm ver="2.3"><GO type="169" lobby="0"/><UN n0="%64%61%6D%64%61%6D" n1="%4C%44" n2="%EF%BC%88%E2%89%A7%E2%96%BD%E2%89%A6%EF%BC%89" n3="%E3%83%8F%E3%83%9E%E3%83%BC" dan="16,16,19,16" rate="2027.42,2092.52,2317.53,2047.79" sx="M,M,M,M"/><TAIKYOKU oya="0"/><INIT seed="0,0,0,5,1,87" ten="250,250,250,250" oya="0" hai0="29,62,22,63,56,16,38,100,79,30,14,78,27" hai1="7,116,95,8,61,66,35,98,89,0,46,15,85" hai2="40,24,86,31,131,58,5,91,83,135,114,71,25" hai3="34,69,133,52,6,13,110,97,50,80,72,94,20"/><T67/><D38/><U124/><E124/><V108/><F71/><W32/><G69/><T106/><D106/><U65/><E116/><V75/><F114/><W123/><G110/><T128/><D128/><U74/><E74/><V41/><F108/><W93/><G133/><T9/><D100/><U64/><E35/><V48/><F135/><W104/><G123/><T42/><D42/><U132/><E132/><V107/><F107/><W113/><G113/><T121/><D121/><U23/><E46/><V112/><F75/><W54/><G104/><T90/><D90/><U44/><E44/><V117/><F117/><W68/><G68/><T109/><D109/><U84/><REACH who="1" step="1"/><E61/><REACH who="1" ten="250,240,250,250" step="2"/><V73/><F112/><W2/><G34/><T18/><D63/><U125/><E125/><V101/><F73/><W4/><G32/><T59/><REACH who="0" step="1"/><D56/><REACH who="0" ten="240,240,250,250" step="2"/><U51/><E51/><V77/><F48/><W134/><G50/><T130/><D130/><U11/><E11/><V19/><F58/><W92/><G134/><T12/><D12/><U115/><E115/><V126/><F131/><W122/><G13/><T53/><D53/><U45/><E45/><V96/><F126/><W120/><G52/><T3/><D3/><U28/><E28/><AGARI ba="0,2" hai="9,14,16,18,22,27,28,29,30,59,62,67,78,79" machi="28" ten="40,7700,0" yaku="1,1,8,1,54,1,53,0" doraHai="87" doraHaiUra="103" who="0" fromWho="1" sc="240,97,240,-77,250,0,250,0" /><INIT seed="0,1,0,4,3,89" ten="337,163,250,250" oya="0" hai0="28,108,105,96,37,8,127,57,109,54,59,63,102" hai1="9,26,24,34,21,100,45,50,56,44,125,99,69" hai2="33,3,10,97,116,53,113,47,129,124,77,94,6" hai3="98,83,122,52,38,128,70,7,107,93,64,46,2"/><T32/><D127/><U13/><E125/><V85/><F113/><W91/><G128/><T30/><D37/><U117/><E69/><V115/><F115/><W90/><G122/><T19/><D32/><U67/><E117/><V104/><F129/><W82/><G107/><T43/><D43/><U92/><E34/><V36/><F33/><W134/><G134/><T112/><D112/><U51/><E67/><V88/><F116/><W101/><G38/><T18/><D59/><U62/><E62/><V135/><F135/><W74/><G2/><T29/><REACH who="0" step="1"/><D8/><REACH who="0" ten="327,163,250,250" step="2"/><U95/><E56/><V0/><F124/><W114/><G114/><T71/><D71/><U31/><E44/><V39/><F39/><W5/><G70/><T42/><D42/><U118/><E45/><V78/><F36/><W48/><G46/><T4/><D4/><N who="1" m="3239" /><E118/><V12/><F0/><W66/><G7/><T75/><D75/><U11/><E11/><V49/><F3/><W65/><G5/><T1/><D1/><U119/><E119/><V20/><F20/><W68/><G68/><T80/><D80/><U120/><E120/><V81/><REACH who="2" step="1"/><F104/><REACH who="2" ten="327,163,240,250" step="2"/><W17/><G74/><T87/><D87/><U55/><E21/><V72/><F72/><W86/><G86/><T111/><AGARI ba="1,2" hai="18,19,28,29,30,54,57,63,96,102,105,108,109,111" machi="111" ten="40,18000,2" yaku="1,1,0,1,14,1,10,1,53,3" doraHai="89" doraHaiUra="123" who="0" fromWho="0" sc="327,203,163,-61,240,-61,250,-61" /><INIT seed="0,2,0,4,3,79" ten="530,102,179,189" oya="0" hai0="7,47,32,81,95,72,125,110,38,48,101,2,64" hai1="8,91,107,102,18,116,36,5,33,3,121,37,109" hai2="132,9,14,11,28,62,49,130,19,29,103,78,6" hai3="69,26,104,115,118,113,111,57,135,114,54,12,129"/><T15/><D2/><U24/><E116/><V21/><F132/><W89/><G104/><T105/><D105/><U51/><E121/><V25/><F130/><W50/><G118/><T27/><D125/><U123/><E123/><V68/><F103/><W96/><G135/><T40/><D110/><U73/><E73/><V65/><F49/><W80/><G129/><T30/><D64/><U85/><E102/><V61/><F61/><W86/><G69/><T90/><D101/><U59/><E107/><V35/><F78/><W84/><G96/><T131/><D131/><U133/><E133/><V74/><F74/><W119/><G119/><T10/><D38/><U43/><E109/><V112/><F112/><W4/><G26/><T117/><D117/><U70/><E70/><V97/><F97/><W127/><G127/><T46/><D46/><U76/><E76/><V34/><REACH who="2" step="1"/><F29/><REACH who="2" ten="530,102,169,189" step="2"/><W71/><G111/><T83/><D72/><U56/><E36/><V23/><F23/><W31/><G31/><T41/><D48/><U120/><E51/><V53/><F53/><W63/><G50/><T42/><D30/><U17/><E37/><V16/><F16/><W20/><G20/><T108/><D108/><U82/><E17/><V77/><F77/><W128/><G128/><T60/><D60/><U88/><E18/><V22/><F22/><W13/><G63/><T100/><D100/><U58/><E120/><V94/><F94/><W124/><G124/><T126/><D95/><U45/><E43/><V87/><F87/><W1/><G86/><T44/><D126/><U66/><E85/><RYUUKYOKU ba="2,1" sc="530,-10,102,-10,169,30,189,-10" hai2="6,9,11,14,19,21,25,28,34,35,62,65,68" /><INIT seed="1,3,1,4,5,129" ten="520,92,199,179" oya="1" hai0="39,5,7,93,110,40,104,112,98,119,35,9,120" hai1="20,107,4,97,69,14,24,2,106,81,67,75,34" hai2="53,37,48,127,64,57,6,50,73,117,99,103,42" hai3="135,63,10,30,92,76,23,66,102,123,105,126,122"/><U108/><E14/><V70/><F73/><W85/><G105/><T72/><D119/><U47/><E47/><V1/><F117/><W130/><G130/><T32/><D112/><U51/><E51/><V134/><F127/><W45/><G126/><T11/><D104/><U15/><E15/><V124/><F124/><W3/><G45/><T90/><D72/><U116/><E20/><V96/><F50/><W83/><G3/><T68/><D68/><U18/><E18/><V88/><F103/><W43/><G43/><T113/><D113/><U94/><E116/><V79/><F79/><W132/><G10/><T26/><D40/><U114/><E114/><V58/><F58/><N who="3" m="37239" /><G122/><T60/><D39/><U33/><E94/><V27/><F42/><W80/><G80/><T121/><D121/><U78/><E108/><V8/><F37/><W131/><G131/><T109/><D120/><U52/><E52/><V19/><F57/><W13/><G13/><T17/><D110/><U118/><E118/><V65/><F53/><W55/><G55/><T86/><D109/><U31/><E34/><V22/><F48/><W115/><G115/><T133/><D35/><U41/><E41/><V62/><F65/><W71/><G71/><T16/><D32/><U12/><E12/><V128/><F64/><W28/><G123/><T95/><D17/><U49/><E49/><V87/><F70/><W84/><G84/><T111/><D16/><U82/><E82/><N who="2" m="49271" /><F62/><W91/><G102/><T54/><D54/><U44/><E44/><V74/><F19/><W100/><G100/><T101/><D101/><RYUUKYOKU ba="3,1" sc="520,0,92,0,199,0,179,0" /><INIT seed="2,4,1,2,3,66" ten="520,92,199,179" oya="2" hai0="73,54,80,115,26,60,59,70,78,42,106,97,32" hai1="47,45,46,36,120,53,24,131,51,69,118,77,33" hai2="63,99,50,135,64,25,29,30,98,11,123,96,72" hai3="20,90,2,108,41,116,14,9,132,43,34,19,128"/><V109/><F123/><W113/><G116/><T28/><D42/><U83/><E33/><V62/><F72/><W58/><G108/><T110/><D110/><U103/><E103/><V105/><F135/><W44/><G132/><T0/><D0/><U102/><E102/><V67/><F109/><W93/><G128/><T3/><D3/><U107/><E107/><V119/><F119/><W15/><G2/><T27/><D115/><U71/><E118/><V4/><F105/><W87/><G113/><T85/><D97/><U88/><E24/><V13/><F50/><W124/><G124/><T55/><D106/><U75/><E131/><V17/><F4/><W8/><G34/><T23/><D70/><U91/><E120/><V7/><F64/><W95/><G8/><T56/><D73/><U16/><E16/><V18/><F30/><W114/><G114/><T38/><D38/><U104/><E104/><V89/><F89/><W94/><G58/><T31/><D59/><U68/><REACH who="1" step="1"/><E36/><REACH who="1" ten="520,82,199,179" step="2"/><V86/><F17/><W10/><G10/><T133/><D133/><U121/><E121/><V35/><F18/><W5/><G9/><T111/><D111/><U126/><E126/><V65/><F35/><W130/><G130/><T101/><D101/><U37/><E37/><V82/><F25/><W81/><G5/><T125/><D125/><U1/><E1/><V129/><F129/><W57/><G14/><T134/><D134/><U49/><E49/><V40/><F13/><W112/><G15/><T39/><D39/><U84/><E84/><V122/><F7/><W100/><G19/><RYUUKYOKU ba="4,2" sc="520,15,82,15,199,-15,179,-15" hai0="23,26,27,28,31,32,54,55,56,60,78,80,85" hai1="45,46,47,51,53,68,69,71,75,77,83,88,91" /><INIT seed="3,5,2,2,1,3" ten="535,97,184,164" oya="3" hai0="129,111,103,8,47,97,119,80,108,55,56,16,60" hai1="26,14,101,57,126,116,34,110,94,49,17,44,68" hai2="130,28,79,78,99,109,45,62,121,76,112,115,18" hai3="43,84,67,6,13,81,96,107,74,125,42,123,131"/><W90/><G123/><T86/><D119/><U87/><E68/><V1/><F1/><W66/><G125/><T36/><D129/><U113/><E113/><V61/><F121/><W31/><G131/><T65/><D8/><U124/><E116/><V2/><F2/><W98/><G74/><T12/><D12/><U102/><E57/><V48/><F130/><W51/><G31/><T21/><D16/><U39/><E39/><V75/><F75/><W11/><G107/><T25/><D25/><U4/><E4/><V82/><F82/><W22/><G22/><T32/><D32/><U30/><E110/><N who="0" m="42025" /><D21/><U69/><E69/><V59/><F109/><W46/><REACH who="3" step="1"/><G43/><REACH who="3" ten="535,97,184,154" step="2"/><T104/><D104/><U52/><E124/><V53/><F28/><W117/><G117/><T38/><D38/><U106/><E126/><V15/><F115/><W64/><AGARI ba="5,3" hai="6,11,13,42,46,51,64,66,67,81,84,90,96,98" machi="64" ten="30,11700,0" yaku="1,1,0,1,8,1,52,1,53,0" doraHai="3" doraHaiUra="105" who="3" fromWho="3" sc="535,-44,97,-44,184,-44,154,162" /><INIT seed="3,6,0,3,5,17" ten="491,53,140,316" oya="3" hai0="127,8,133,18,32,26,50,31,60,13,45,2,52" hai1="7,42,44,113,53,29,43,123,34,126,30,71,9" hai2="124,40,89,128,16,19,130,100,48,33,83,56,90" hai3="72,80,135,3,99,23,116,46,70,59,11,101,86"/><W10/><G70/><T96/><D133/><U49/><E113/><V131/><F124/><W85/><G116/><T58/><D127/><U129/><E129/><V54/><F33/><W25/><G72/><T68/><D68/><U47/><E123/><V109/><F109/><W41/><G135/><T6/><D96/><U120/><E126/><V117/><F117/><W61/><G3/><T38/><D38/><U22/><E120/><V75/><F100/><W24/><G41/><T76/><D76/><U82/><E34/><V111/><F111/><W77/><G46/><T102/><D102/><U0/><E71/><V98/><F40/><W134/><G25/><T36/><D36/><U51/><E53/><V118/><F118/><W92/><G86/><T103/><D103/><U57/><E57/><V28/><F28/><N who="3" m="17439" /><G134/><T88/><D88/><N who="2" m="33898" /><F98/><W107/><G107/><T95/><D95/><U114/><E114/><V63/><F63/><W15/><G15/><T97/><D97/><U66/><E66/><V119/><F119/><W1/><G1/><T121/><D121/><U55/><E55/><V91/><F91/><W5/><G5/><T87/><D87/><U65/><E65/><AGARI ba="6,0" hai="10,11,59,61,65,77,80,85,92,99,101" m="17439" machi="65" ten="30,5800,0" yaku="25,1,8,1,52,1" doraHai="17" who="3" fromWho="1" sc="491,0,53,-76,140,0,316,76" owari="491,59.0,-23,-52.0,140,-26.0,392,19.0" /></mjloggm>