<mjloggm ver="2.3"><GO type="225" lobby="0"/><UN n0="%E3%82%B3%E3%83%BC%E3%83%B3%E3%83%9D%E3%82%BF%E3%83%BC%E3%82%B8%E3%83%A5" n1="%E3%83%9C%E3%83%AD%E3%83%83%E3%83%86" n2="%E3%82%A6%E3%83%AB%E3%83%88%E3%83%A9%E7%AB%8B%E7%9B%B4" n3="%E9%A3%9B%E7%BE%BD%E6%84%9B%E6%AD%8C" dan="16,17,16,16" rate="2107.52,2125.80,2034.93,2072.35" sx="M,M,M,M"/><TAIKYOKU oya="0"/><INIT seed="0,0,0,5,4,23" ten="250,250,250,250" oya="0" hai0="103,133,80,94,82,26,41,31,48,120,43,123,27" hai1="73,6,39,8,71,134,52,15,24,21,44,95,34" hai2="127,11,135,63,72,59,54,117,99,101,57,88,4" hai3="90,111,1,114,3,113,100,92,79,32,86,104,83"/><T12/><D133/><U9/><E73/><V67/><F72/><N who="3" m="43495" /><G32/><T96/><D123/><U65/><E134/><V107/><F127/><W51/><G51/><T10/><D120/><U66/><E34/><V105/><F117/><W25/><G25/><N who="0" m="9227" /><D31/><U42/><E71/><V53/><F135/><W89/><G89/><T129/><D129/><U45/><E9/><V119/><F88/><W56/><G56/><T84/><D48/><U62/><E95/><V126/><F126/><W76/><G76/><N who="0" m="46087" /><D82/><U40/><E62/><V5/><F119/><W30/><G30/><T70/><D70/><U87/><E87/><V122/><F122/><W33/><G33/><T0/><D0/><U77/><E77/><V69/><F69/><W22/><G1/><T74/><D74/><U64/><E39/><V28/><F28/><W18/><G3/><T50/><D50/><N who="1" m="28751" /><E44/><V81/><F81/><W2/><G2/><T29/><D29/><AGARI ba="0,0" hai="6,8,15,21,24,29,40,42,64,65,66" m="28751" machi="29" ten="30,3900,0" yaku="8,1,52,1,54,1" doraHai="23" who="1" fromWho="0" sc="250,-39,250,39,250,0,250,0" /><INIT seed="1,0,0,5,0,72" ten="211,289,250,250" oya="1" hai0="63,6,7,102,12,43,115,74,40,36,118,19,100" hai1="22,117,119,125,23,104,114,14,81,0,52,112,29" hai2="13,44,87,95,126,109,15,83,124,75,77,110,88" hai3="89,11,69,97,21,98,5,34,76,121,82,94,51"/><U73/><E104/><V4/><F44/><W10/><G34/><T39/><D115/><U27/><E0/><V84/><F13/><W38/><G38/><T50/><D74/><U79/><E125/><N who="2" m="48235" /><F15/><W99/><G69/><T16/><D12/><U86/><E73/><V25/><F25/><W24/><G121/><T92/><D92/><U46/><E14/><V134/><F4/><N who="0" m="1578" /><D50/><U33/><E33/><V120/><F120/><W108/><G51/><T32/><D63/><U61/><E23/><V66/><F66/><W30/><G108/><N who="2" m="41577" /><F87/><N who="3" m="48583" /><G5/><T116/><D32/><U20/><E20/><V65/><F65/><W105/><G10/><T96/><D39/><U90/><E46/><V106/><F106/><W56/><G105/><T70/><D36/><U3/><E3/><V130/><F130/><W42/><G11/><T18/><D70/><U31/><E114/><V132/><AGARI ba="0,0" hai="75,77,83,84,88,95,132,134" m="41577,48235" machi="132" ten="40,12000,2" yaku="18,1,14,1,34,2,52,1,54,1" doraHai="72" who="2" fromWho="2" sc="211,-30,289,-60,250,120,250,-30" /><INIT seed="2,0,0,1,5,49" ten="181,229,370,220" oya="2" hai0="53,80,122,84,123,3,8,56,97,107,67,45,132" hai1="111,14,40,100,73,94,86,75,48,77,113,50,2" hai2="91,78,81,0,24,52,68,12,93,109,47,95,63" hai3="46,101,71,18,29,125,35,34,89,117,23,25,33"/><V114/><F0/><W70/><G101/><T90/><D132/><U135/><E113/><V30/><F109/><W102/><G102/><T38/><D67/><U112/><E112/><V128/><F128/><W57/><G46/><T13/><D3/><U76/><E111/><V131/><F131/><W82/><G117/><T99/><D107/><U103/><E2/><V20/><F68/><W118/><G118/><T133/><D133/><U9/><E135/><V88/><F12/><W127/><G57/><T120/><D38/><U7/><E50/><N who="2" m="28767" /><F63/><W36/><G36/><T79/><D79/><U15/><E15/><V54/><F54/><W121/><G121/><T17/><REACH who="0" step="1"/><D45/><REACH who="0" ten="171,229,370,220" step="2"/><N who="1" m="25639" /><E75/><V110/><F110/><W1/><G1/><T116/><D116/><U21/><E76/><V43/><F114/><W61/><G71/><T108/><D108/><U51/><E73/><V11/><F78/><W126/><G70/><T10/><D10/><U129/><E129/><V104/><F11/><W92/><G126/><T19/><D19/><U105/><E105/><V22/><F104/><W106/><G106/><T62/><AGARI ba="0,1" hai="8,13,17,53,56,62,80,84,90,97,99,120,122,123" machi="62" ten="30,4000,0" yaku="1,1,0,1,52,1,53,0" doraHai="49" doraHaiUra="31" who="0" fromWho="0" sc="171,50,229,-10,370,-20,220,-10" /><INIT seed="3,0,0,5,5,15" ten="221,219,350,210" oya="3" hai0="45,112,107,111,90,31,104,20,106,52,54,116,40" hai1="135,94,61,84,0,13,98,70,105,27,68,109,21" hai2="131,76,18,23,42,9,39,58,67,6,55,93,113" hai3="100,118,53,22,57,24,87,73,16,43,7,8,2"/><W103/><G73/><T35/><D35/><U38/><E0/><V28/><F28/><W124/><G118/><T17/><D116/><U47/><E135/><V134/><F67/><W72/><G72/><T122/><D122/><U25/><E109/><V97/><F76/><W48/><G124/><T74/><D74/><U110/><E110/><V4/><F42/><W59/><G43/><T71/><D71/><U108/><E108/><V60/><F39/><W65/><REACH who="3" step="1"/><G87/><REACH who="3" ten="221,219,350,200" step="2"/><T83/><D111/><U33/><E84/><V114/><F114/><W77/><G77/><T63/><D112/><U89/><E38/><V88/><F113/><W128/><G128/><T115/><D115/><U5/><E98/><V34/><F131/><W120/><G120/><T91/><D106/><U80/><E105/><V69/><F134/><W1/><G1/><T129/><D104/><U32/><E32/><V123/><F123/><W127/><G127/><T19/><D107/><U119/><E33/><V62/><F34/><W51/><G51/><N who="0" m="28783" /><D40/><U49/><E119/><V14/><F69/><W64/><G64/><T86/><D129/><U95/><E70/><V41/><F41/><W12/><G12/><T10/><D86/><N who="1" m="50375" /><E68/><V29/><F62/><AGARI ba="0,1" hai="2,7,8,16,22,24,48,53,57,59,62,65,100,103" machi="62" ten="40,7700,0" yaku="1,1,52,1,54,1,53,0" doraHai="15" doraHaiUra="37" who="3" fromWho="2" sc="221,0,219,0,350,-77,200,87" /><INIT seed="3,1,0,2,3,87" ten="221,219,273,287" oya="3" hai0="45,107,91,110,96,84,16,10,59,86,54,13,119" hai1="113,133,92,117,56,37,73,23,102,76,20,78,104" hai2="99,74,42,41,51,101,40,17,1,39,105,8,75" hai3="126,63,60,53,128,134,47,123,90,112,97,83,9"/><W100/><G123/><T129/><D119/><U46/><E113/><V118/><F118/><W131/><G112/><T82/><D110/><U49/><E117/><V15/><F39/><W94/><G134/><T111/><D111/><U120/><E133/><V29/><F1/><W79/><G126/><T93/><D129/><N who="3" m="49737" /><G9/><T81/><D107/><U70/><E70/><V27/><REACH who="2" step="1"/><F51/><REACH who="2" ten="221,219,263,287" step="2"/><N who="3" m="28927" /><G100/><T12/><D81/><U48/><E37/><V132/><F132/><W61/><G83/><T43/><D82/><U19/><E120/><V89/><F89/><W77/><AGARI ba="1,1" hai="60,61,63,77,79,90,94,97" m="28927,49737" machi="77" ten="40,3900,0" yaku="19,1,52,1" doraHai="87" who="3" fromWho="3" sc="221,-14,219,-14,263,-14,287,52" owari="207,-19.0,205,-29.0,249,5.0,339,43.0" /></mjloggm>