<mjloggm ver="2.3"><GO type="41" lobby="0"/><UN n0="%E3%81%82%E3%82%93%E3%81%98%E3%82%87%E3%82%93" n1="%E3%81%93%E3%81%86%68%65%79" n2="%E3%82%A6%E3%83%AB%E3%83%88%E3%83%A9%E7%AB%8B%E7%9B%B4" n3="%E2%98%85%E4%B8%83%E6%98%9F%E2%98%85" dan="14,13,15,14" rate="1966.27,1899.22,1987.46,2089.44" sx="M,M,M,M"/><TAIKYOKU oya="0"/><INIT seed="0,0,0,1,2,66" ten="250,250,250,250" oya="0" hai0="70,120,46,12,114,125,69,19,109,101,60,61,41" hai1="9,103,116,127,21,1,34,47,92,89,15,54,76" hai2="133,94,121,40,78,71,124,110,119,72,74,4,87" hai3="31,68,135,91,42,118,111,81,102,6,86,22,98"/><T58/><D101/><U24/><E116/><V99/><F4/><W90/><G118/><T84/><D114/><U35/><E76/><V88/><F119/><W117/><G117/><T107/><D107/><U100/><E1/><V23/><F121/><W105/><G135/><T49/><D120/><U2/><E2/><V96/><F133/><W0/><G6/><T129/><D125/><U5/><E127/><V62/><F124/><W55/><G0/><T97/><D97/><U106/><E106/><V45/><F110/><W79/><G111/><T93/><D109/><U50/><E35/><V64/><F23/><W77/><G42/><T14/><D14/><U33/><E34/><V8/><F8/><W123/><G123/><T29/><D29/><U104/><E104/><V132/><F132/><W20/><G68/><T27/><D27/><U17/><REACH who="1" step="1"/><E33/><REACH who="1" ten="250,240,250,250" step="2"/><V39/><F78/><W134/><G134/><T7/><D129/><U53/><E53/><V83/><F74/><W36/><G79/><T80/><D93/><U56/><E56/><V37/><F72/><W13/><G77/><T32/><D32/><U18/><E18/><V126/><F126/><W67/><G105/><T63/><D58/><U10/><E10/><V131/><F131/><W73/><G73/><T122/><D7/><U51/><E51/><V11/><F11/><W16/><G16/><T128/><D122/><U113/><E113/><V44/><F94/><W28/><G28/><T25/><D128/><U75/><E75/><V115/><F115/><W108/><G31/><T38/><D19/><U65/><E65/><RYUUKYOKU ba="0,1" sc="250,-15,240,15,250,15,250,-15" hai1="5,9,15,17,21,24,47,50,54,89,92,100,103" hai2="37,39,40,44,45,62,64,71,83,87,88,96,99" /><INIT seed="1,1,1,3,0,19" ten="235,255,265,235" oya="1" hai0="15,110,83,17,117,116,133,14,92,47,65,128,30" hai1="16,59,86,132,109,53,51,9,5,107,18,0,48" hai2="37,60,35,24,71,66,55,42,58,46,23,87,26" hai3="98,113,27,124,28,31,74,73,90,38,3,62,91"/><U99/><E132/><V97/><F87/><W57/><G113/><T105/><D105/><U135/><E135/><V34/><F97/><W114/><G38/><T131/><D133/><U39/><E39/><V7/><F7/><W54/><G124/><T103/><D65/><U121/><E121/><V93/><F93/><W88/><G114/><T40/><D47/><U61/><E109/><V129/><F26/><W81/><G3/><T36/><D40/><U119/><E119/><N who="0" m="45641" /><D36/><U70/><E70/><V125/><F125/><W127/><G127/><T78/><D92/><U22/><E18/><V123/><F123/><W101/><G81/><T95/><D95/><U25/><REACH who="1" step="1"/><E86/><REACH who="1" ten="235,245,265,235" step="2"/><V118/><F118/><W20/><REACH who="3" step="1"/><G31/><REACH who="3" ten="235,245,265,225" step="2"/><T10/><D30/><U72/><E72/><V104/><F37/><W84/><G84/><T63/><D110/><U32/><E32/><V79/><F35/><W120/><G120/><T33/><D33/><U77/><E77/><V134/><F34/><W76/><G76/><T43/><D78/><U56/><E56/><V4/><F79/><W106/><AGARI ba="1,3" hai="20,27,28,54,57,62,73,74,88,90,91,98,101,106" machi="106" ten="30,7900,0" yaku="1,1,0,1,52,1,54,1,53,0" doraHai="19" doraHaiUra="29" who="3" fromWho="3" sc="235,-21,245,-40,265,-21,225,112" /><INIT seed="2,0,0,5,1,36" ten="214,205,244,337" oya="2" hai0="21,41,51,101,132,59,115,107,102,7,97,64,131" hai1="135,46,17,128,58,85,32,25,28,114,121,113,118" hai2="38,26,108,84,20,96,130,92,134,9,22,29,13" hai3="30,6,82,44,43,110,66,34,69,80,76,14,33"/><V71/><F71/><W27/><G110/><T19/><D7/><U42/><E118/><V126/><F108/><W67/><G33/><T24/><D115/><U106/><E106/><V50/><F38/><W104/><G69/><T133/><D102/><U11/><E121/><V0/><F0/><W37/><G104/><T23/><D131/><U116/><E116/><V31/><F130/><W48/><G82/><T105/><D105/><U68/><E68/><V90/><F126/><W49/><G66/><T95/><D107/><U5/><E128/><V100/><F50/><W35/><G67/><T123/><D123/><U98/><E98/><V93/><F134/><W65/><G65/><T122/><D122/><U94/><E135/><V18/><REACH who="2" step="1"/><F22/><REACH who="2" ten="214,205,234,337" step="2"/><W77/><G35/><T53/><D133/><U63/><E113/><V120/><F120/><W88/><G37/><T52/><D23/><U91/><E114/><V57/><F57/><W39/><G39/><T83/><D83/><U73/><E73/><V45/><F45/><W72/><G49/><T109/><D109/><U125/><E125/><V62/><F62/><W4/><G72/><T78/><D78/><U15/><E46/><V12/><F12/><W2/><G2/><T70/><D70/><U75/><E75/><V3/><F3/><W87/><G14/><T60/><D132/><U86/><E58/><V103/><F103/><W81/><G77/><T47/><AGARI ba="0,1" hai="19,21,24,41,47,51,52,53,59,60,64,95,97,101" machi="47" ten="30,7900,0" yaku="0,1,8,1,52,1,54,1" doraHai="36" who="0" fromWho="0" sc="214,89,205,-20,234,-39,337,-20" /><INIT seed="3,0,0,1,5,59" ten="303,185,195,317" oya="3" hai0="33,29,119,129,76,116,92,109,106,49,42,105,6" hai1="9,113,57,94,112,71,122,60,68,124,69,133,70" hai2="72,35,2,110,21,19,20,80,26,108,22,55,30" hai3="93,7,31,14,63,16,62,102,39,50,83,81,121"/><W114/><G39/><T46/><D92/><U74/><E74/><V18/><F80/><N who="3" m="30795" /><G121/><T103/><D76/><U54/><E9/><V132/><F72/><W131/><G114/><T107/><D103/><U36/><E122/><V115/><F55/><W104/><G104/><T99/><D99/><U27/><E124/><V128/><F115/><W23/><G131/><T84/><D84/><U37/><E27/><V61/><F128/><W134/><G134/><T98/><D98/><U65/><E94/><V125/><F125/><W34/><G34/><T85/><D85/><U52/><E133/><V78/><F78/><W53/><G31/><T47/><D6/><U91/><E91/><V10/><F61/><N who="3" m="23051" /><G7/><T24/><D129/><U1/><E1/><V32/><F132/><W135/><G135/><T90/><D90/><U4/><E4/><N who="2" m="1303" /><F35/><W45/><G93/><T118/><D109/><AGARI ba="0,0" hai="18,19,20,21,22,26,30,32,108,109,110" m="1303" machi="109" ten="30,3900,0" yaku="14,1,34,2" doraHai="59" who="2" fromWho="0" sc="303,-39,185,0,195,39,317,0" /><INIT seed="4,0,0,0,1,75" ten="264,185,234,317" oya="0" hai0="51,30,0,57,117,118,3,79,32,89,35,111,123" hai1="61,37,112,58,40,73,24,16,31,26,13,49,107" hai2="129,53,19,83,103,91,113,81,14,77,23,98,93" hai3="28,80,116,124,125,105,45,101,110,128,4,72,134"/><T95/><D51/><U67/><E107/><V65/><F129/><W55/><G128/><T50/><D50/><U74/><E37/><V78/><F113/><W86/><G116/><N who="0" m="44651" /><D57/><U29/><E112/><V47/><F65/><W114/><G114/><T21/><D89/><U7/><E7/><V44/><F53/><W41/><G55/><T68/><D95/><U99/><E99/><V133/><F133/><W22/><G134/><T17/><D79/><N who="2" m="30218" /><F91/><W20/><G110/><T64/><D64/><U126/><E126/><N who="3" m="48746" /><G72/><T131/><D68/><U121/><E121/><V54/><F54/><W92/><G28/><N who="1" m="10826" /><E74/><V132/><F132/><W56/><G4/><T9/><D131/><U109/><E109/><V36/><F36/><N who="3" m="21671" /><G56/><T38/><D38/><U122/><E122/><V18/><F18/><W2/><G2/><N who="0" m="555" /><D123/><U63/><E73/><V5/><F5/><W52/><G52/><T6/><D30/><U130/><E130/><V59/><F59/><W70/><G70/><T76/><D76/><U8/><E63/><V34/><F34/><N who="0" m="12842" /><D111/><U94/><E94/><V60/><F60/><W108/><G108/><T97/><D6/><U69/><E69/><V66/><F66/><W85/><G92/><T115/><D115/><U106/><E106/><V1/><F1/><W120/><G120/><T25/><D97/><U33/><E33/><V46/><AGARI ba="0,0" hai="14,19,23,44,46,47,81,83,93,98,103" m="30218" machi="46" ten="30,7900,0" yaku="8,1,52,3" doraHai="75" who="2" fromWho="2" sc="264,-39,185,-20,234,79,317,-20" /><INIT seed="5,0,0,4,5,101" ten="225,165,313,297" oya="1" hai0="93,15,70,16,42,61,6,36,89,1,9,125,31" hai1="73,38,37,83,3,66,2,131,19,82,55,92,133" hai2="126,117,97,4,64,33,56,100,123,30,86,72,43" hai3="40,121,27,127,21,62,122,39,90,45,11,75,7"/><U32/><E131/><V13/><F72/><W34/><G127/><T81/><D125/><U24/><E133/><V104/><F123/><W14/><G75/><T120/><D120/><U23/><E66/><V98/><F117/><W109/><G109/><T77/><D31/><U107/><E107/><V128/><F128/><W119/><G119/><T112/><D70/><U46/><E32/><V47/><F98/><W35/><G62/><T67/><D112/><U48/><E92/><V74/><F74/><W25/><G35/><T52/><D67/><U87/><E73/><V26/><F86/><W91/><G91/><T8/><D77/><U76/><REACH who="1" step="1"/><E83/><REACH who="1" ten="225,155,313,297" step="2"/><V118/><F64/><W49/><G122/><T18/><D81/><U130/><E130/><V41/><F126/><W116/><G121/><T132/><D132/><U63/><E63/><V58/><F118/><W17/><G116/><T12/><D36/><AGARI ba="0,1" hai="2,3,19,23,24,36,37,38,46,48,55,76,82,87" machi="36" ten="40,2000,0" yaku="1,1,53,0" doraHai="101" doraHaiUra="124" who="1" fromWho="0" sc="225,-20,155,30,313,0,297,0" /><INIT seed="5,1,0,4,0,1" ten="205,185,313,297" oya="1" hai0="132,36,109,8,31,69,82,60,86,71,135,83,64" hai1="52,74,124,113,47,96,89,100,134,105,119,41,72" hai2="102,128,21,98,14,38,123,2,73,25,133,114,127" hai3="84,91,101,13,12,61,63,35,81,77,24,40,95"/><U34/><E119/><V27/><F27/><W48/><G101/><T20/><D36/><U58/><E34/><V26/><F98/><W6/><G35/><T49/><D71/><U59/><E113/><V16/><F102/><W92/><G24/><T46/><D31/><U94/><E124/><V11/><F73/><W50/><G95/><T104/><D20/><U130/><E130/><V90/><F90/><W87/><G12/><T125/><D104/><U9/><E9/><V37/><F37/><W4/><G13/><T19/><D83/><U107/><E59/><V32/><F38/><W22/><G22/><T18/><D125/><U51/><E134/><V33/><F127/><W53/><G40/><T106/><D106/><U120/><E120/><V126/><F126/><W93/><G48/><T70/><D70/><U111/><E111/><V112/><F123/><W65/><G93/><T55/><D109/><U131/><E131/><V110/><F110/><W5/><G65/><T29/><D29/><U121/><E121/><V44/><F44/><AGARI ba="1,0" hai="4,5,6,44,50,53,61,63,77,81,84,87,91,92" machi="44" ten="40,8000,1" yaku="8,1,52,3" doraHai="1" who="3" fromWho="2" sc="205,0,185,0,313,-83,297,83" /><INIT seed="6,0,0,1,3,62" ten="205,185,230,380" oya="2" hai0="118,78,126,67,39,35,82,26,4,99,23,16,129" hai1="112,102,27,121,43,103,109,61,119,68,92,48,76" hai2="15,21,38,108,114,49,104,18,17,42,134,50,89" hai3="52,90,20,96,94,11,24,7,6,85,88,113,132"/><V81/><F104/><W117/><G117/><T83/><D39/><U87/><E121/><V58/><F108/><W28/><G132/><T14/><D118/><U95/><E119/><V101/><F101/><W73/><G73/><T130/><D126/><U66/><E112/><V100/><F100/><W107/><G107/><T105/><D83/><U106/><E106/><V79/><F114/><W71/><G71/><T10/><D105/><U98/><E109/><V56/><F38/><W124/><G124/><T41/><D41/><U45/><E27/><V1/><F1/><W33/><G33/><T123/><D99/><U59/><E68/><V84/><F134/><W13/><G113/><T93/><D93/><U51/><E76/><V46/><F50/><W53/><G6/><T8/><D35/><U65/><E51/><V125/><F125/><W54/><G53/><T44/><D44/><U31/><E31/><V115/><F115/><W120/><G120/><T116/><D67/><N who="1" m="39359" /><E87/><V30/><F30/><W40/><G40/><T127/><D116/><U47/><E47/><V32/><F32/><W0/><G0/><T97/><D97/><AGARI ba="0,0" hai="43,45,48,65,66,92,95,97,98,102,103" m="39359" machi="97" ten="30,7700,0" yaku="8,1,52,3" doraHai="62" who="1" fromWho="0" sc="205,-77,185,77,230,0,380,0" /><INIT seed="7,0,0,2,4,109" ten="128,262,230,380" oya="3" hai0="103,134,102,108,1,94,18,48,19,71,12,88,115" hai1="23,52,104,86,3,116,98,130,62,129,123,39,112" hai2="54,31,117,28,118,51,82,2,78,9,40,99,93" hai3="92,72,89,100,70,42,105,14,76,17,36,4,120"/><W87/><G120/><T131/><D1/><U111/><E3/><V113/><F113/><W38/><G70/><T30/><D71/><U107/><E39/><V96/><F40/><W91/><G42/><T35/><D108/><U47/><E123/><V66/><F66/><W65/><G4/><T43/><D35/><U135/><E111/><V80/><F9/><W64/><G38/><T6/><D30/><U26/><E116/><V61/><F2/><W15/><G36/><T33/><D33/><U74/><E74/><V58/><F61/><W90/><G105/><T132/><D131/><U106/><E135/><V44/><F58/><W127/><G72/><T122/><D122/><U95/><E86/><V25/><F78/><W133/><G133/><T79/><D79/><U37/><E37/><V75/><F75/><W5/><G127/><T97/><D134/><U125/><E125/><V60/><F60/><W63/><G63/><T16/><D115/><U73/><E112/><V110/><F110/><W101/><G5/><T77/><D77/><U128/><E73/><V56/><F56/><W21/><G15/><T59/><D132/><U49/><E62/><V24/><F93/><W45/><G92/><T121/><D121/><U114/><E114/><V27/><F27/><W46/><G65/><T81/><D81/><U13/><E13/><V41/><F41/><W34/><G64/><T29/><D29/><N who="1" m="17631" /><E106/><V53/><F51/><W85/><G76/><T22/><D6/><U119/><E119/><V84/><F84/><W67/><G87/><T11/><D48/><U7/><E7/><RYUUKYOKU ba="0,0" sc="128,-15,262,15,230,15,380,-15" hai1="47,49,52,95,98,104,107,128,129,130" hai2="24,25,28,31,44,53,54,80,82,96,99,117,118" owari="113,-39.0,277,8.0,245,-15.0,365,46.0" /></mjloggm>