<mjloggm ver="2.3"><GO type="97" lobby="0"/><UN n0="%42%6F%6E%6E%65%79%2E" n1="%E3%82%A6%E3%83%AB%E3%83%88%E3%83%A9%E7%AB%8B%E7%9B%B4" n2="%75%75%75%75%6E%6B" n3="%EF%BC%96%EF%BC%96" dan="14,15,13,16" rate="1988.66,2065.56,1907.72,2062.53" sx="M,M,M,M"/><TAIKYOKU oya="0"/><INIT seed="0,0,0,3,1,16" ten="250,250,250,250" oya="0" hai0="49,1,109,42,53,17,126,50,55,14,76,28,83" hai1="135,3,102,129,113,110,57,59,31,43,65,92,71" hai2="51,122,40,103,30,26,48,77,134,107,12,27,22" hai3="87,10,46,13,100,123,96,131,117,106,119,98,23"/><T45/><D126/><U104/><E3/><V2/><F122/><W74/><G74/><T75/><D1/><U39/><E104/><V80/><F134/><W105/><G123/><T67/><D67/><U89/><E102/><V79/><F2/><W64/><G131/><T90/><D28/><U66/><E113/><V82/><F12/><W88/><G98/><T127/><D127/><U9/><E110/><V61/><F61/><W69/><G106/><T120/><D120/><U70/><E31/><V33/><F107/><W125/><G125/><T20/><D109/><U52/><E9/><V15/><F15/><W18/><G10/><T62/><D90/><U94/><E89/><V32/><F103/><W19/><G18/><T8/><D62/><U7/><E7/><V132/><F132/><W24/><G13/><T111/><D111/><U72/><E72/><V41/><REACH who="2" step="1"/><F30/><REACH who="2" ten="250,250,240,250" step="2"/><W58/><G69/><T6/><REACH who="0" step="1"/><D50/><REACH who="0" ten="240,250,240,250" step="2"/><U4/><E135/><V114/><F114/><W91/><G100/><T78/><D78/><U115/><E115/><V37/><F37/><W95/><G64/><T56/><D56/><U47/><E66/><V133/><F133/><W81/><G58/><T116/><D116/><U84/><E59/><V63/><F63/><W54/><G105/><T121/><D121/><U124/><E124/><V29/><F29/><W99/><G119/><T36/><D36/><U21/><E71/><V97/><F97/><N who="3" m="57575" /><G117/><T34/><D34/><U86/><E70/><V85/><F85/><N who="1" m="32873" /><E65/><V118/><F118/><W38/><G38/><T101/><D101/><U44/><E39/><RYUUKYOKU ba="0,2" sc="240,10,250,-30,240,10,250,10" hai0="6,8,14,17,20,42,45,49,53,55,75,76,83" hai2="22,26,27,32,33,40,41,48,51,77,79,80,82" hai3="19,23,24,46,54,81,87,91,96,99" /><INIT seed="0,1,2,4,0,52" ten="250,220,250,260" oya="0" hai0="5,27,36,37,73,98,86,89,111,116,8,117,16" hai1="96,87,4,11,124,34,61,75,64,88,112,48,32" hai2="33,74,40,95,120,29,113,20,35,125,30,22,126" hai3="49,114,105,45,132,83,68,39,12,131,70,1,123"/><T122/><D122/><U99/><E75/><V31/><F120/><W66/><G1/><T42/><D73/><U80/><E112/><V13/><F113/><W127/><G105/><T38/><D98/><U24/><E124/><N who="2" m="47723" /><F74/><W100/><G68/><T50/><D111/><U0/><E48/><V84/><F40/><W55/><G70/><T28/><D42/><U72/><E72/><V110/><F110/><W53/><G39/><T17/><D50/><U94/><E24/><V79/><F13/><W71/><G71/><T85/><D117/><U3/><E3/><V25/><F22/><W102/><G123/><T109/><D109/><U119/><E99/><V2/><F2/><W6/><G114/><T130/><D130/><U118/><E118/><V82/><F95/><W134/><G131/><T7/><D7/><U115/><E115/><V51/><F51/><W69/><G69/><T101/><D101/><U41/><E41/><V21/><F21/><W97/><G134/><T63/><D63/><U65/><E119/><V106/><F106/><W81/><G132/><T129/><D129/><U43/><E43/><V56/><F56/><W67/><G127/><T135/><D135/><U14/><E0/><V18/><AGARI ba="1,2" hai="18,20,25,29,30,31,33,35,79,82,84" m="47723" machi="18" ten="30,1100,0" yaku="18,1" doraHai="52" who="2" fromWho="2" sc="250,-6,220,-4,250,34,260,-4" /><INIT seed="1,0,0,0,2,48" ten="244,216,284,256" oya="1" hai0="8,3,71,55,18,9,59,110,44,69,53,130,46" hai1="97,83,40,12,61,50,42,99,88,87,116,67,103" hai2="84,109,38,117,52,15,93,11,41,76,34,6,20" hai3="37,19,124,120,127,56,35,29,94,125,114,54,26"/><U65/><E116/><V135/><F117/><W115/><G120/><T108/><D3/><U79/><E50/><V74/><F74/><W105/><G105/><T104/><D104/><U47/><E47/><N who="0" m="17961" /><D130/><U133/><E133/><V66/><F135/><W102/><G37/><T49/><D18/><U10/><E79/><V43/><F34/><W121/><G121/><T86/><D86/><U2/><E2/><V101/><F38/><W91/><G102/><T17/><D17/><U13/><E13/><V24/><F109/><N who="0" m="42090" /><D8/><U36/><E36/><V57/><F66/><W64/><G64/><T23/><D23/><U126/><E67/><V45/><F45/><W111/><G19/><T30/><D30/><U112/><E112/><V90/><F76/><W25/><G25/><T51/><D9/><U92/><E126/><V70/><F70/><W39/><G39/><T62/><D62/><U85/><E85/><V107/><F107/><W100/><G100/><T14/><D14/><U22/><E99/><V95/><F101/><W60/><G111/><T106/><D106/><U33/><E33/><V27/><F27/><W98/><AGARI ba="0,0" hai="26,29,35,54,56,60,91,94,98,114,115,124,125,127" machi="98" ten="30,4000,0" yaku="0,1,18,1,52,1" doraHai="48" who="3" fromWho="3" sc="244,-10,216,-20,284,-10,256,40" /><INIT seed="2,0,0,0,3,119" ten="234,196,274,296" oya="2" hai0="116,96,16,20,80,36,0,78,123,50,48,40,17" hai1="115,1,14,31,102,71,84,118,117,61,46,127,76" hai2="4,135,12,75,5,56,94,69,6,41,88,54,45" hai3="125,3,105,47,66,99,38,57,29,101,32,62,19"/><V132/><F75/><W128/><G3/><T103/><D116/><N who="1" m="44651" /><E14/><V11/><F69/><W63/><G38/><T27/><D0/><U68/><E31/><V100/><F100/><W104/><G47/><T124/><D36/><U91/><E84/><N who="2" m="52487" /><F41/><W87/><G87/><T130/><D130/><U111/><E91/><V114/><F114/><W58/><G128/><T39/><D39/><U89/><E89/><V21/><F21/><W22/><G125/><T43/><D124/><U107/><E76/><V129/><F129/><W90/><G90/><T8/><D8/><U95/><E95/><V86/><F86/><W92/><G32/><T9/><D96/><U10/><E102/><V13/><F45/><W85/><G85/><T112/><D112/><U81/><E107/><V64/><F64/><W77/><G77/><T82/><D103/><U24/><E10/><V34/><F34/><W110/><G110/><T109/><D9/><U121/><E81/><V53/><F11/><W26/><G19/><T73/><D109/><U72/><E72/><V122/><F56/><W67/><AGARI ba="0,0" hai="22,26,29,57,58,62,63,66,67,92,99,101,104,105" machi="67" ten="20,8000,1" yaku="0,1,7,1,9,1,25,2" doraHai="119" who="3" fromWho="3" sc="234,-20,196,-20,274,-40,296,80" /><INIT seed="3,0,0,5,4,19" ten="214,176,234,376" oya="3" hai0="55,42,87,6,74,45,73,27,29,10,31,40,134" hai1="101,75,90,128,35,47,81,102,109,3,48,16,77" hai2="17,7,85,82,93,65,53,13,57,91,21,2,56" hai3="36,46,118,67,124,72,95,99,4,111,122,25,120"/><W113/><G67/><T89/><D134/><U71/><E109/><V0/><F0/><W116/><G46/><T104/><D104/><U34/><E128/><V14/><F2/><W63/><G63/><T79/><D31/><U135/><E135/><V123/><F123/><W22/><G36/><T105/><D105/><U39/><E71/><V68/><F7/><W37/><G4/><T132/><D132/><U100/><E3/><V28/><F28/><W9/><G9/><T114/><D114/><U12/><E90/><V130/><F130/><W92/><G37/><T121/><D121/><U76/><E76/><V51/><F68/><W5/><G5/><T50/><D42/><U59/><E59/><V49/><F14/><W38/><G38/><T97/><D97/><U64/><E64/><V127/><F127/><W24/><G25/><T70/><D79/><U43/><REACH who="1" step="1"/><E39/><REACH who="1" ten="214,166,234,376" step="2"/><V62/><REACH who="2" step="1"/><F51/><REACH who="2" ten="214,166,224,376" step="2"/><W32/><G120/><T20/><D70/><U44/><E44/><V96/><F96/><W30/><G99/><T18/><D18/><U33/><E33/><V112/><F112/><W119/><G32/><T61/><D61/><U103/><N who="1" m="25600" /><DORA hai="126" /><U60/><E60/><V110/><F110/><W107/><G111/><T69/><D69/><U11/><AGARI ba="0,2" hai="11,12,16,34,35,43,47,48,75,77,81" m="25600" machi="11" ten="40,8000,1" yaku="1,1,0,1,54,1,53,1" doraHai="19,126" doraHaiUra="80,15" who="1" fromWho="1" sc="214,-20,166,100,224,-20,376,-40" owari="194,-31.0,266,7.0,204,-20.0,336,44.0" /></mjloggm>