<mjloggm ver="2.3"><GO type="41" lobby="0"/><UN n0="%41%6B%61%2D%75%72%61" n1="%E3%83%93%E3%83%A9%E3%83%93%E3%83%A9%E5%90%9B" n2="%E3%82%A6%E3%83%AB%E3%83%88%E3%83%A9%E7%AB%8B%E7%9B%B4" n3="%E3%83%92%E3%83%A1" dan="15,14,16,15" rate="2030.49,1977.50,2067.97,1977.90" sx="M,M,M,M"/><TAIKYOKU oya="0"/><INIT seed="0,0,0,0,5,20" ten="250,250,250,250" oya="0" hai0="14,107,29,109,124,1,11,58,98,126,88,68,6" hai1="63,106,111,83,61,30,125,4,94,74,40,23,37" hai2="43,91,50,93,41,38,0,19,36,131,49,118,90" hai3="73,103,130,56,122,96,16,129,75,26,84,18,39"/><T71/><D109/><U76/><E111/><V59/><F0/><W35/><G39/><T78/><D78/><U72/><E106/><V87/><F118/><W45/><G122/><T108/><D108/><U80/><E125/><N who="0" m="48233" /><D29/><U55/><E4/><V113/><F113/><W105/><G45/><T81/><D107/><U135/><E135/><V17/><F131/><W134/><G134/><T28/><D58/><U44/><E94/><V110/><F110/><W33/><G56/><T12/><D28/><U101/><E101/><V57/><F93/><W121/><G121/><T9/><D98/><U34/><E34/><V65/><REACH who="2" step="1"/><F87/><REACH who="2" ten="250,250,240,250" step="2"/><W27/><G84/><N who="0" m="50191" /><D1/><U21/><E80/><V104/><F104/><W128/><G75/><T31/><D31/><U79/><E72/><V53/><F53/><W66/><G73/><T119/><D119/><U62/><E55/><V117/><F117/><W114/><G114/><T15/><D15/><U46/><E30/><V32/><F32/><N who="3" m="12363" /><G66/><AGARI ba="0,1" hai="17,19,36,38,41,43,49,50,57,59,65,66,90,91" machi="66" ten="25,3200,0" yaku="1,1,22,2,53,0" doraHai="20" doraHaiUra="102" who="2" fromWho="3" sc="250,0,250,0,240,42,250,-32" /><INIT seed="1,0,0,3,3,70" ten="250,250,282,218" oya="1" hai0="122,43,127,4,106,40,89,2,44,112,52,23,84" hai1="47,9,0,69,15,130,134,20,54,96,48,50,17" hai2="102,16,121,98,62,34,12,5,120,28,124,26,103" hai3="14,63,95,66,46,116,107,60,125,92,90,27,129"/><U55/><E69/><V109/><F124/><W39/><G107/><T53/><D112/><U113/><E113/><V119/><F119/><W104/><G104/><T64/><D127/><U74/><E74/><V88/><F109/><W58/><G125/><T91/><D64/><U10/><E134/><V110/><F110/><W32/><G116/><T93/><D106/><U108/><E130/><V77/><F77/><W18/><G129/><T29/><D122/><U65/><E65/><V114/><F114/><W86/><G32/><T67/><D67/><U99/><E108/><V37/><F103/><W6/><G27/><N who="0" m="16639" /><D4/><U7/><REACH who="1" step="1"/><E9/><REACH who="1" ten="250,240,282,218" step="2"/><V105/><F121/><W76/><G66/><T115/><D115/><U132/><E132/><V101/><F120/><W35/><G35/><T49/><D2/><U126/><E126/><V36/><F34/><W21/><G21/><T19/><D19/><U45/><AGARI ba="0,1" hai="0,7,10,15,17,20,45,47,48,50,54,55,96,99" machi="45" ten="20,12000,1" yaku="1,1,0,1,7,1,9,1,53,1" doraHai="70" doraHaiUra="8" who="1" fromWho="1" sc="250,-40,240,130,282,-40,218,-40" /><INIT seed="1,1,0,4,0,3" ten="210,370,242,178" oya="1" hai0="6,9,20,72,31,62,83,36,129,77,7,96,112" hai1="56,17,51,76,45,37,43,23,91,0,115,60,21" hai2="67,28,42,61,78,108,27,119,64,25,94,84,57" hai3="101,38,68,135,110,44,92,127,88,30,107,26,70"/><U69/><E115/><V86/><F119/><W95/><G110/><T48/><D112/><U34/><E34/><V16/><F108/><W19/><G107/><T41/><D129/><U35/><E35/><V71/><F42/><W29/><G135/><T59/><D36/><U118/><E118/><V63/><F78/><W100/><G127/><T66/><D9/><U75/><E0/><V111/><F111/><W114/><G114/><T50/><D96/><U89/><E23/><V1/><F1/><W2/><G2/><T4/><REACH who="0" step="1"/><D41/><REACH who="0" ten="200,370,242,178" step="2"/><U93/><E37/><V65/><F84/><W18/><G38/><T106/><D106/><U97/><E69/><V15/><F71/><W46/><G26/><AGARI ba="1,1" hai="4,6,7,20,26,31,48,50,59,62,66,72,77,83" machi="26" ten="40,8000,1" yaku="1,1,52,3,53,1" doraHai="3" doraHaiUra="104" who="0" fromWho="3" sc="200,93,370,0,242,0,178,-83" /><INIT seed="2,0,0,4,5,31" ten="293,370,242,95" oya="2" hai0="64,119,90,33,113,23,134,11,70,40,80,55,48" hai1="30,69,99,8,26,68,62,84,105,7,45,15,124" hai2="101,47,114,17,132,87,89,74,44,108,118,120,29" hai3="1,125,18,51,4,85,6,88,38,126,52,123,75"/><V135/><F120/><W82/><G123/><T12/><D113/><U28/><E124/><V77/><F118/><W59/><G38/><T10/><D134/><U19/><E30/><V14/><F114/><W21/><G75/><T37/><D119/><U106/><E45/><V131/><F101/><W107/><G107/><T116/><D116/><U43/><E43/><V9/><F131/><W100/><G100/><T133/><D133/><N who="2" m="51274" /><F77/><W42/><G42/><T22/><D40/><U0/><E84/><V25/><F74/><W46/><G46/><T53/><D33/><N who="1" m="20631" /><E99/><V129/><F129/><W57/><G57/><T127/><D37/><U50/><E50/><V24/><F24/><W76/><G76/><T98/><D127/><N who="3" m="48649" /><G1/><T130/><D130/><U121/><E121/><V117/><F117/><W93/><G82/><T86/><D98/><U60/><E60/><V16/><F47/><W2/><G2/><T72/><D72/><U67/><E69/><V41/><F44/><W49/><G49/><T102/><D48/><U91/><E91/><V27/><F41/><W104/><G104/><T3/><D102/><U78/><E78/><V61/><F61/><W109/><G109/><T20/><D70/><U112/><E112/><V73/><F73/><W35/><G35/><T115/><D115/><U32/><E32/><N who="2" m="20527" /><F108/><W110/><G110/><T58/><D58/><U122/><E122/><V56/><F56/><W71/><G71/><T81/><D90/><U39/><E39/><V103/><F103/><W111/><G111/><T95/><D86/><U54/><E54/><V94/><F27/><AGARI ba="0,0" hai="4,6,18,21,27,51,52,59,85,88,93" m="48649" machi="27" ten="30,7700,0" yaku="6,1,18,1,54,2" doraHai="31" who="3" fromWho="2" sc="293,0,370,0,242,-77,95,77" /><INIT seed="3,0,0,3,2,40" ten="293,370,165,172" oya="3" hai0="106,89,9,102,44,26,107,22,41,85,43,8,105" hai1="94,24,108,96,35,31,117,68,42,78,92,86,114" hai2="48,1,36,81,115,72,122,64,7,52,0,109,118" hai3="127,101,76,56,119,79,33,55,113,4,129,21,32"/><W63/><G119/><T34/><D34/><U5/><E68/><V99/><F118/><W15/><G113/><T126/><D126/><U135/><E117/><V19/><F115/><W12/><G127/><T60/><D102/><U18/><E114/><V77/><F122/><W70/><G129/><T13/><D60/><U65/><E65/><V111/><F36/><W11/><G70/><T134/><D134/><U121/><E121/><V95/><F64/><W128/><G128/><T46/><D13/><U58/><E135/><V112/><F19/><W25/><G101/><T50/><D85/><U37/><E5/><V16/><F16/><W84/><G15/><T3/><D3/><U49/><E37/><V71/><F71/><W97/><G97/><T61/><D61/><U82/><E108/><V67/><F67/><W91/><G32/><T110/><D89/><U2/><E2/><V62/><F62/><W30/><REACH who="3" step="1"/><G33/><REACH who="3" ten="293,370,165,162" step="2"/><T90/><D110/><N who="2" m="41994" /><F112/><W66/><G66/><T83/><D107/><U17/><E96/><V29/><F0/><W74/><G74/><T47/><D106/><U54/><E35/><V53/><F1/><W14/><G14/><T116/><D105/><U124/><E124/><V125/><F125/><W80/><AGARI ba="0,1" hai="4,11,12,21,25,30,55,56,63,76,79,80,84,91" machi="80" ten="20,12000,1" yaku="1,1,0,1,7,1,8,1,53,1" doraHai="40" doraHaiUra="87" who="3" fromWho="3" sc="293,-40,370,-40,165,-40,162,130" /><INIT seed="3,1,0,2,1,3" ten="253,330,125,292" oya="3" hai0="122,131,115,82,135,108,28,53,61,27,129,68,30" hai1="113,110,32,132,80,107,94,60,36,95,91,127,89" hai2="50,75,33,42,16,133,40,64,46,31,57,2,106" hai3="17,81,39,74,97,88,116,76,102,11,26,134,66"/><W56/><G116/><T7/><D122/><U96/><E32/><V99/><F133/><W100/><G39/><T128/><D135/><U19/><E36/><V13/><F75/><W1/><G134/><T86/><D108/><U93/><E132/><V72/><F2/><W21/><G66/><N who="0" m="41039" /><D115/><U48/><E60/><V84/><F72/><W105/><G100/><T41/><D41/><U37/><E37/><V71/><F42/><W4/><G56/><T35/><D30/><U5/><E5/><V10/><F71/><W120/><REACH who="3" step="1"/><G88/><REACH who="3" ten="253,330,125,282" step="2"/><N who="1" m="33866" /><E113/><V18/><F57/><W114/><G114/><T12/><D131/><U45/><E110/><V126/><F64/><W103/><G103/><T6/><D128/><U24/><E45/><V14/><F126/><W130/><G130/><T121/><D129/><U44/><E127/><V34/><F31/><W67/><G67/><T23/><D28/><U98/><E107/><V54/><F106/><W83/><G83/><T87/><D82/><U55/><E80/><V59/><F99/><W47/><G47/><T49/><D121/><AGARI ba="1,1" hai="1,4,11,17,21,26,74,76,81,97,102,105,120,121" machi="121" ten="40,7700,0" yaku="1,1,52,1,53,1" doraHai="3" doraHaiUra="73" who="3" fromWho="0" sc="253,-80,330,0,125,0,282,90" /><INIT seed="3,2,0,4,3,43" ten="173,330,125,372" oya="3" hai0="89,1,108,131,91,9,69,59,102,114,104,116,113" hai1="53,26,35,126,81,62,120,45,29,124,101,84,77" hai2="76,110,16,111,127,75,55,3,22,32,34,80,14" hai3="73,95,72,122,70,71,64,60,99,85,31,112,100"/><W123/><G112/><N who="0" m="43115" /><D116/><U94/><E120/><V107/><F107/><W10/><G71/><T133/><D69/><U135/><E135/><V82/><F3/><W109/><G109/><T11/><D108/><N who="2" m="41514" /><F82/><W134/><G134/><T56/><D133/><U28/><E28/><V132/><F132/><W68/><G68/><T130/><D102/><U79/><E79/><V49/><F127/><W106/><G31/><T0/><D104/><U6/><E6/><V83/><F83/><W17/><G73/><T47/><D47/><AGARI ba="2,0" hai="14,16,22,32,34,47,49,55,75,76,80" m="41514" machi="47" ten="30,3900,0" yaku="14,1,52,1,54,1" doraHai="43" who="2" fromWho="0" sc="173,-45,330,0,125,45,372,0" /><INIT seed="4,0,0,5,5,25" ten="128,330,170,372" oya="0" hai0="10,42,7,54,73,129,93,39,52,98,113,35,94" hai1="117,135,131,78,107,119,69,63,109,116,76,24,81" hai2="9,79,103,6,89,58,99,70,67,26,80,88,134" hai3="17,92,110,91,101,114,31,16,29,133,122,21,121"/><T45/><D113/><U46/><E109/><V23/><F70/><W106/><G110/><T55/><D129/><U13/><E76/><V43/><F134/><W108/><G108/><T27/><D73/><U47/><E135/><V40/><F40/><W83/><G133/><T32/><D27/><U30/><E107/><V15/><F43/><W48/><G83/><T11/><D11/><U127/><E127/><V5/><F5/><W14/><G48/><T105/><D105/><U61/><E131/><V66/><F66/><W90/><G114/><T86/><D86/><U75/><E13/><V71/><F71/><W124/><G124/><T130/><D130/><U51/><E47/><V104/><F67/><W56/><G56/><T18/><D18/><U96/><E96/><V37/><F58/><W2/><G2/><T57/><D57/><U120/><E120/><N who="3" m="46186" /><G91/><T115/><D115/><U44/><E44/><V123/><F37/><W112/><G112/><T19/><D19/><U118/><E118/><V41/><F41/><W50/><G50/><T95/><REACH who="0" step="1"/><D98/><REACH who="0" ten="118,330,170,372" step="2"/><U0/><E69/><V12/><F123/><W53/><G17/><T72/><D72/><U68/><E68/><V33/><F15/><AGARI ba="0,1" hai="7,10,15,32,35,39,42,45,52,54,55,93,94,95" machi="15" ten="40,7700,0" yaku="1,1,54,1,53,1" doraHai="25" doraHaiUra="3" who="0" fromWho="2" sc="118,87,330,0,170,-77,372,0" /><INIT seed="4,1,0,5,0,81" ten="205,330,93,372" oya="0" hai0="51,106,94,92,13,83,101,84,64,20,69,89,79" hai1="45,54,132,11,74,48,42,43,0,112,19,135,88" hai2="52,66,93,131,116,61,70,118,23,1,36,60,38" hai3="128,80,3,39,82,109,32,99,16,21,72,71,95"/><T12/><D69/><U4/><E74/><V67/><F1/><W44/><G32/><T98/><D64/><U59/><E112/><V10/><F10/><W119/><G3/><T29/><D51/><U77/><E77/><V113/><F23/><W27/><G119/><N who="2" m="45609" /><F93/><W26/><G128/><T104/><D104/><U30/><E30/><V96/><F96/><W90/><G71/><T37/><D37/><N who="2" m="14442" /><F113/><W6/><G6/><T57/><D57/><U8/><E42/><V5/><F5/><W107/><G107/><T58/><D58/><U33/><E33/><V120/><F120/><W35/><G109/><T78/><D78/><U114/><E114/><V134/><F131/><W87/><G72/><N who="0" m="43495" /><D94/><U102/><E102/><V91/><F91/><W126/><G99/><T73/><D73/><U14/><REACH who="1" step="1"/><E88/><REACH who="1" ten="205,320,93,372" step="2"/><V49/><F134/><W50/><G90/><T65/><D29/><U7/><E7/><V125/><F125/><W55/><G126/><T85/><D101/><U31/><E31/><V115/><F115/><W53/><G35/><T34/><D34/><U2/><E2/><V130/><F130/><W63/><G16/><T108/><D89/><U17/><E17/><V121/><F121/><W123/><G123/><T122/><D122/><U28/><E28/><V86/><F70/><W62/><G80/><T24/><D108/><U46/><E46/><N who="2" m="27703" /><F86/><W25/><G87/><T18/><D85/><U22/><E22/><V110/><F110/><W75/><G21/><T68/><D84/><U97/><E97/><V56/><F56/><W41/><G75/><T105/><D98/><RYUUKYOKU ba="1,1" sc="205,-15,320,15,93,15,372,-15" hai1="0,4,8,11,14,19,43,45,48,54,59,132,135" hai2="60,61,66,67" /><INIT seed="5,2,1,5,5,75" ten="190,335,108,357" oya="1" hai0="58,64,25,86,123,52,90,113,39,85,133,2,78" hai1="63,132,135,119,125,96,117,27,42,24,92,80,116" hai2="68,107,47,91,81,44,112,124,11,21,109,28,93" hai3="104,84,15,3,66,49,95,130,60,128,31,55,1"/><U74/><E42/><V40/><F107/><W4/><G104/><T32/><D39/><U65/><E125/><V0/><F68/><W41/><G31/><T57/><D2/><U115/><E115/><V9/><F124/><W61/><G41/><T33/><D113/><U79/><E65/><V100/><F109/><W56/><G60/><T13/><D133/><N who="1" m="51275" /><E63/><V59/><F112/><W36/><G36/><T22/><D13/><U118/><N who="1" m="30208" /><DORA hai="53" /><U127/><E127/><V114/><F114/><W120/><G120/><T17/><D123/><U30/><E30/><V8/><F0/><W87/><G3/><T98/><D64/><U76/><E76/><V110/><F110/><W99/><G1/><T51/><D98/><U69/><E69/><V12/><F28/><W16/><G4/><T5/><D5/><U126/><E126/><V20/><F40/><W101/><G128/><T121/><D121/><U29/><E29/><V19/><F21/><N who="3" m="11423" /><G130/><T105/><D105/><U134/><N who="1" m="51283" /><U108/><DORA hai="70" /><E108/><V72/><F20/><W71/><G71/><T111/><D111/><U10/><E10/><V94/><F9/><W48/><G66/><T6/><D6/><U88/><AGARI ba="2,1" hai="24,27,74,79,80,88,92,96" m="30208,51283" machi="88" ten="70,12000,1" yaku="20,1,52,1,54,1" doraHai="75,53,70" who="1" fromWho="1" sc="190,-42,335,136,108,-42,357,-42" /><INIT seed="5,3,0,5,4,92" ten="148,471,66,315" oya="1" hai0="30,28,26,120,131,121,94,80,127,98,54,3,6" hai1="58,91,79,16,66,114,42,53,63,104,130,44,70" hai2="85,105,33,86,73,134,21,57,40,115,111,15,118" hai3="87,29,7,49,81,96,46,76,43,112,95,132,14"/><U117/><E104/><V100/><F57/><W90/><G112/><T67/><D127/><U78/><E117/><V45/><F40/><W61/><G132/><T126/><D126/><U129/><E114/><V13/><F45/><W59/><G29/><T88/><D131/><U123/><E123/><N who="0" m="47177" /><D67/><U32/><E32/><V17/><F73/><W0/><G0/><T31/><D54/><U109/><E109/><V51/><F33/><W37/><G37/><T1/><D6/><U56/><E56/><V102/><F118/><W119/><G119/><T110/><D110/><U84/><E16/><N who="2" m="10383" /><F105/><W69/><G69/><T64/><D26/><U36/><E130/><V72/><F72/><W20/><G20/><T41/><D41/><U52/><E53/><V12/><F111/><W113/><G113/><T18/><D18/><U19/><E19/><V8/><F134/><W135/><G135/><T89/><D64/><U75/><E75/><V101/><F115/><W93/><G7/><T116/><D116/><U60/><E129/><V27/><F27/><W4/><G4/><T108/><D108/><U48/><E60/><V106/><F106/><W23/><G61/><T22/><D22/><U24/><E24/><V5/><F51/><W77/><G23/><AGARI ba="3,0" hai="5,8,12,15,17,23,85,86,100,101,102" m="10383" machi="23" ten="30,2000,0" yaku="8,1,54,1" doraHai="92" who="2" fromWho="3" sc="148,0,471,0,66,29,315,-29" /><INIT seed="6,0,0,0,0,132" ten="148,471,95,286" oya="2" hai0="1,75,108,134,60,111,97,114,100,86,24,121,9" hai1="2,115,18,124,120,15,77,110,46,98,11,48,116" hai2="36,10,4,112,5,39,104,83,50,82,117,90,13" hai3="28,129,17,128,79,125,23,49,78,76,42,34,54"/><V30/><F117/><W126/><G42/><T123/><D60/><U27/><E77/><V32/><F104/><W47/><G28/><T66/><D86/><U58/><E116/><V52/><F112/><W44/><G34/><T94/><D114/><U40/><E120/><V135/><F135/><W59/><G59/><T61/><D134/><U63/><E115/><V35/><F30/><W102/><G102/><T87/><D75/><U69/><E110/><V8/><F90/><W7/><G47/><T73/><D73/><U133/><E133/><V19/><F19/><W29/><G7/><T16/><D1/><U109/><E109/><V103/><F103/><W53/><G53/><T43/><D43/><U56/><E98/><V0/><F35/><W89/><G89/><T107/><D108/><U64/><E58/><V106/><F32/><W130/><G29/><T31/><D111/><U96/><E96/><V12/><F0/><W20/><G20/><N who="0" m="15751" /><D87/><U119/><E119/><V45/><REACH who="2" step="1"/><F106/><REACH who="2" ten="148,471,85,286" step="2"/><W85/><G17/><T84/><D16/><U122/><E2/><V95/><F95/><W92/><G92/><T105/><D105/><U70/><E122/><V113/><F113/><W72/><G129/><T41/><D123/><U131/><E131/><V22/><F22/><W101/><G23/><T26/><D121/><U55/><E18/><V68/><F68/><W81/><G101/><T62/><D100/><U99/><E70/><V38/><AGARI ba="0,1" hai="4,5,8,10,12,13,36,38,39,45,50,52,82,83" machi="38" ten="30,11700,0" yaku="1,1,0,1,9,1,54,1,53,0" doraHai="132" doraHaiUra="25" who="2" fromWho="2" sc="148,-39,471,-39,85,127,286,-39" /><INIT seed="6,1,0,5,5,37" ten="109,432,212,247" oya="2" hai0="62,102,99,129,9,84,91,41,132,114,106,130,56" hai1="70,135,50,13,27,54,86,29,93,53,96,124,5" hai2="28,65,71,119,90,34,110,133,75,100,79,89,43" hai3="83,8,68,87,15,134,92,26,59,67,103,107,128"/><V97/><F119/><W104/><G68/><T123/><D123/><U21/><E70/><V51/><F133/><W2/><G2/><T49/><D132/><U76/><E135/><V73/><F110/><W11/><G128/><T121/><D121/><U115/><E115/><V23/><F79/><W24/><G8/><T85/><D114/><U10/><E124/><V81/><F81/><W16/><G104/><T118/><D118/><U0/><E0/><V55/><F75/><W117/><G107/><T20/><D20/><U19/><E29/><V6/><F6/><W126/><G126/><T25/><D25/><U82/><E50/><V111/><F73/><W3/><G3/><T30/><D30/><U35/><E35/><V116/><F116/><W131/><G131/><N who="0" m="50187" /><D9/><U69/><E69/><V108/><F34/><W38/><G38/><T80/><D85/><U40/><E40/><V46/><F23/><W32/><G32/><T122/><D122/><U7/><E5/><V74/><F28/><W60/><G117/><T105/><D105/><U64/><E64/><V63/><F74/><W112/><G112/><T44/><D56/><U101/><AGARI ba="1,0" hai="7,10,13,19,21,27,53,54,76,82,86,93,96,101" machi="101" ten="20,2700,0" yaku="0,1,7,1,8,1" doraHai="37" who="1" fromWho="1" sc="109,-8,432,30,212,-14,247,-8" /><INIT seed="7,0,0,1,1,62" ten="101,462,198,239" oya="3" hai0="28,121,99,14,112,120,26,67,17,3,126,135,60" hai1="48,29,94,133,108,7,20,39,12,113,119,11,90" hai2="66,114,30,105,107,85,65,53,0,49,41,34,50" hai3="77,128,61,15,33,79,93,64,88,68,104,134,24"/><W130/><G104/><T102/><D3/><U45/><E39/><V32/><F0/><W73/><G134/><T80/><D135/><U18/><E108/><V16/><F30/><N who="3" m="19655" /><G15/><T81/><D126/><U57/><E133/><V22/><F114/><W86/><G73/><T8/><D112/><U46/><E113/><V95/><F34/><W47/><G47/><T98/><D98/><U56/><E29/><V110/><F32/><W1/><G1/><T87/><D87/><U23/><E23/><V42/><F107/><W43/><G43/><N who="2" m="16393" /><F105/><W75/><G75/><T74/><D74/><U116/><E45/><N who="2" m="27823" /><F50/><W91/><G91/><T125/><D125/><U83/><E83/><V76/><F110/><W37/><G37/><T4/><D121/><U21/><E21/><V84/><F84/><W122/><G122/><T111/><D120/><U92/><E92/><V82/><F95/><W100/><G100/><T124/><D111/><U31/><E31/><V59/><F59/><W78/><G128/><T117/><D124/><U96/><E116/><V55/><F55/><W132/><G130/><T115/><D117/><U89/><E89/><V101/><F101/><W129/><G132/><T19/><D115/><U118/><E118/><V63/><F63/><W13/><G129/><T131/><D131/><U72/><E72/><V40/><N who="2" m="16401" /><V36/><DORA hai="54" /><F36/><W25/><G61/><T38/><D38/><U69/><E69/><V109/><F109/><W6/><G68/><N who="0" m="42087" /><D80/><U52/><REACH who="1" step="1"/><E119/><REACH who="1" ten="101,452,198,239" step="2"/><V70/><F70/><W71/><G71/><T35/><D81/><U5/><E5/><RYUUKYOKU ba="0,1" sc="101,10,452,10,198,10,239,-30" hai0="4,8,14,17,19,26,28,35,99,102" hai1="7,11,12,18,20,46,48,52,56,57,90,94,96" hai2="16,22,65,66,76,82,85" owari="111,-39.0,472,57.0,208,-19.0,209,1.0" /></mjloggm>