<mjloggm ver="2.3"><GO type="97" lobby="0"/><UN n0="%E3%81%AA%E3%81%A3%E3%81%8F%E2%99%82" n1="%E3%83%84%E3%82%AB%E3%83%B3%E3%83%9D%E3%83%97" n2="%E3%82%AF%E3%83%94%E3%83%BC%E3%83%89" n3="%E3%82%A6%E3%83%AB%E3%83%88%E3%83%A9%E7%AB%8B%E7%9B%B4" dan="13,15,14,15" rate="1961.65,1953.92,1899.92,1994.52" sx="F,M,M,M"/><TAIKYOKU oya="0"/><INIT seed="0,0,0,4,4,93" ten="250,250,250,250" oya="0" hai0="77,68,17,44,126,10,65,51,129,27,111,47,71" hai1="108,97,107,63,109,8,55,112,11,104,85,110,59" hai2="50,91,25,35,80,4,39,15,43,53,54,73,114" hai3="24,75,124,79,42,30,70,105,76,106,82,101,116"/><T6/><D129/><U122/><E122/><V12/><F114/><W21/><G116/><T36/><D36/><U16/><E112/><V9/><F39/><W14/><G124/><T20/><D126/><U3/><E3/><V61/><F73/><W41/><G70/><T119/><D119/><U28/><E28/><V95/><F35/><W128/><G128/><T49/><D111/><U66/><E66/><V58/><F80/><W34/><G79/><T0/><D77/><U98/><E85/><V99/><F25/><W81/><G81/><T5/><D5/><U7/><E7/><V23/><F43/><W102/><G14/><T60/><D68/><U134/><E134/><V131/><F131/><W84/><G21/><T133/><D133/><U2/><E2/><V130/><F130/><W113/><G84/><T62/><REACH who="0" step="1"/><D60/><REACH who="0" ten="240,250,250,250" step="2"/><U96/><E16/><N who="2" m="10631" /><F50/><AGARI ba="0,1" hai="0,6,10,17,20,27,44,47,49,50,51,62,65,71" machi="50" ten="40,2000,0" yaku="1,1,53,0" doraHai="93" doraHaiUra="69" who="0" fromWho="2" sc="240,30,250,0,250,-20,250,0" /><INIT seed="0,1,0,2,3,42" ten="270,250,230,250" oya="0" hai0="93,27,63,26,67,95,10,115,117,2,66,3,127" hai1="64,102,51,65,79,96,45,56,105,71,75,87,20" hai2="69,116,6,8,112,128,33,55,41,37,15,86,36" hai3="46,39,12,98,35,110,108,107,4,91,135,94,38"/><T62/><D117/><U129/><E71/><V126/><F112/><W48/><G35/><T114/><REACH who="0" step="1"/><D10/><REACH who="0" ten="260,250,230,250" step="2"/><U76/><E75/><V74/><F74/><W72/><G72/><T119/><D119/><U24/><E129/><V88/><F116/><W22/><G135/><T123/><D123/><U84/><E76/><V23/><F128/><W125/><G125/><AGARI ba="1,1" hai="2,3,26,27,62,63,66,67,93,95,114,115,125,127" machi="125" ten="25,4800,0" yaku="1,1,22,2,53,0" doraHai="42" doraHaiUra="131" who="0" fromWho="3" sc="260,61,250,0,230,0,250,-51" /><INIT seed="0,2,0,2,1,21" ten="321,250,230,199" oya="0" hai0="28,121,51,125,112,131,118,23,6,11,72,68,48" hai1="13,58,24,45,42,76,1,14,0,31,133,110,71" hai2="83,40,81,85,111,66,114,37,115,2,54,88,44" hai3="59,30,17,93,22,47,29,19,80,134,39,43,61"/><T15/><D118/><U26/><E71/><V89/><F2/><N who="1" m="1129" /><E58/><V105/><F111/><W65/><G134/><T99/><D112/><U86/><E86/><V100/><F66/><W20/><G80/><T92/><D121/><U12/><E76/><V74/><F74/><W75/><G75/><T41/><D131/><U128/><E45/><V56/><F100/><W127/><G127/><T73/><D125/><U102/><E102/><V106/><F105/><W84/><G84/><T104/><D104/><U117/><E42/><V108/><F108/><W107/><G107/><T96/><D68/><U32/><E110/><V52/><F106/><W46/><G93/><T119/><D119/><U67/><E67/><V79/><F54/><W113/><G113/><T38/><D38/><U64/><E64/><V132/><F132/><W103/><G103/><N who="0" m="60807" /><D72/><U33/><E133/><V5/><F83/><W57/><G65/><T123/><D123/><U109/><E109/><V8/><F114/><W97/><G39/><T90/><D73/><U62/><E62/><V126/><F115/><W122/><G122/><T3/><D41/><U98/><E98/><V69/><F69/><W78/><G97/><T70/><D70/><U101/><E101/><V91/><F126/><W7/><G43/><T124/><D124/><U77/><E77/><V95/><F79/><W60/><G78/><T16/><D99/><U34/><E117/><V36/><F36/><W120/><G120/><T55/><D90/><N who="2" m="34922" /><F81/><W50/><G50/><N who="0" m="18987" /><D55/><U49/><E49/><V10/><F52/><W9/><G61/><T63/><D63/><RYUUKYOKU ba="2,0" sc="321,30,250,-10,230,-10,199,-10" hai0="3,6,11,15,16,23,28" /><INIT seed="0,3,0,0,4,114" ten="351,240,220,189" oya="0" hai0="61,4,91,62,41,64,130,77,3,46,9,83,94" hai1="13,123,28,107,16,98,125,8,50,132,129,47,59" hai2="22,102,127,38,26,58,56,105,35,42,17,45,133" hai3="121,115,134,89,85,84,70,103,86,11,20,48,44"/><T108/><D130/><U87/><E123/><V135/><F127/><W82/><G70/><T40/><D108/><U39/><E39/><V23/><F35/><W73/><G115/><T95/><D91/><U33/><E33/><V51/><F22/><W119/><G134/><N who="2" m="51209" /><F38/><W100/><G121/><T36/><D41/><U116/><E129/><V25/><F26/><W31/><G73/><N who="0" m="43439" /><D62/><U99/><E125/><V12/><F25/><N who="3" m="16807" /><G119/><T110/><D110/><U60/><E132/><V101/><F105/><W43/><G11/><T34/><D34/><U49/><E107/><V88/><F88/><N who="3" m="51223" /><G85/><T65/><D65/><U112/><E116/><V19/><F17/><W63/><G63/><T128/><D128/><U57/><E112/><V5/><F5/><W118/><G118/><T55/><D55/><U67/><E28/><V21/><F23/><W6/><G6/><T71/><AGARI ba="3,0" hai="3,4,9,36,40,46,61,64,71,94,95" m="43439" machi="71" ten="30,1500,0" yaku="25,1" doraHai="114" who="0" fromWho="0" sc="351,24,240,-8,220,-8,189,-8" /><INIT seed="0,4,0,0,3,114" ten="375,232,212,181" oya="0" hai0="132,61,62,112,44,5,135,31,131,104,83,48,78" hai1="11,28,72,45,86,89,123,82,93,46,94,10,64" hai2="99,42,98,88,108,90,65,133,53,50,29,55,37" hai3="25,19,8,3,129,24,26,97,4,115,124,27,117"/><T40/><D112/><U130/><E123/><V100/><F37/><W91/><G115/><T1/><D104/><U69/><E130/><V128/><F128/><W110/><G129/><T57/><D131/><U66/><E72/><V59/><F108/><W118/><G91/><N who="2" m="34857" /><F133/><N who="0" m="51274" /><D31/><U49/><E69/><V32/><F32/><W12/><G97/><N who="2" m="36873" /><F100/><W105/><G105/><T71/><D71/><U87/><E28/><V120/><F120/><W113/><G113/><T92/><D92/><N who="1" m="35435" /><E87/><V7/><F7/><W20/><G110/><T6/><D1/><U84/><E84/><V73/><F73/><W14/><G124/><T54/><D62/><U39/><E39/><V33/><F33/><W103/><G103/><T80/><D80/><U74/><E74/><AGARI ba="4,0" hai="5,6,40,44,48,54,57,61,74,78,83" m="51274" machi="74" ten="30,1500,0" yaku="20,1" doraHai="114" who="0" fromWho="1" sc="375,27,232,-27,212,0,181,0" /><INIT seed="0,5,0,5,0,107" ten="402,205,212,181" oya="0" hai0="85,113,126,31,110,66,91,6,70,90,95,134,30" hai1="116,100,60,76,51,36,65,97,103,69,10,5,93" hai2="104,14,132,53,29,59,125,92,24,127,42,123,68" hai3="109,115,11,88,122,133,105,33,41,72,20,2,57"/><T89/><D113/><U74/><E36/><V3/><F123/><W111/><G11/><T121/><D121/><U17/><E116/><V73/><F104/><W26/><G41/><T108/><D134/><U75/><E76/><V9/><F3/><W98/><G33/><T55/><D126/><N who="2" m="48138" /><F68/><W119/><G2/><T49/><D6/><U96/><E17/><N who="2" m="8399" /><F42/><W0/><G0/><T23/><D70/><U99/><E51/><N who="2" m="31167" /><F92/><N who="3" m="56583" /><G105/><T13/><D66/><U79/><E79/><V16/><F132/><W45/><G45/><N who="0" m="28079" /><D13/><U84/><E84/><V102/><F102/><W86/><G122/><T56/><D56/><U62/><E62/><V58/><F58/><W78/><G57/><T77/><D95/><U39/><E39/><V28/><F73/><W71/><G71/><T131/><D131/><U63/><E63/><V34/><F34/><W80/><G133/><T44/><D44/><U94/><E97/><V35/><F35/><W135/><G135/><T67/><D67/><U101/><E101/><V82/><F82/><W22/><G115/><T43/><D43/><U27/><E27/><V52/><F52/><W50/><G50/><T54/><D54/><U112/><E112/><V128/><F128/><W130/><G130/><T46/><D46/><U1/><AGARI ba="5,0" hai="1,5,10,60,65,69,74,75,93,94,96,99,100,103" machi="1" ten="20,8000,1" yaku="0,1,7,1,9,1,52,2" doraHai="107" who="1" fromWho="1" sc="402,-45,205,95,212,-25,181,-25" /><INIT seed="1,0,0,3,1,95" ten="357,300,187,156" oya="1" hai0="112,58,67,59,6,119,85,134,28,87,25,123,104" hai1="79,19,37,44,98,108,64,126,89,130,65,16,7" hai2="69,133,20,110,132,107,4,8,131,2,11,68,111" hai3="36,90,31,29,93,94,42,5,41,1,71,91,106"/><U48/><E37/><V22/><F107/><W84/><G106/><T122/><D112/><U35/><E35/><V72/><F72/><W78/><G71/><T103/><D119/><U57/><E126/><V81/><F81/><W61/><G78/><T75/><D75/><U9/><E130/><V46/><F46/><W109/><G109/><T12/><D134/><U50/><E79/><V114/><F114/><W51/><G1/><T62/><D58/><U66/><E108/><N who="2" m="41515" /><F68/><W121/><G121/><N who="0" m="46091" /><D6/><U27/><E7/><N who="2" m="1143" /><F69/><W47/><G5/><T3/><D12/><N who="1" m="7183" /><E57/><V23/><F131/><W97/><G61/><T54/><D54/><U43/><E43/><V33/><F33/><W129/><G129/><T125/><D125/><U53/><E48/><V0/><AGARI ba="0,0" hai="0,4,11,20,22,23,132,133" m="1143,41515" machi="0" ten="40,5200,0" yaku="14,1,34,2" doraHai="95" who="2" fromWho="2" sc="357,-13,300,-26,187,52,156,-13" /><INIT seed="2,0,0,0,2,81" ten="344,274,239,143" oya="2" hai0="119,117,95,73,127,112,59,64,40,116,86,134,30" hai1="51,13,45,72,130,17,91,20,55,110,24,125,6" hai2="94,5,48,121,103,43,49,126,27,52,129,124,29" hai3="28,39,33,89,11,114,16,79,128,111,61,4,67"/><V75/><F121/><W42/><G111/><T97/><D112/><U2/><E110/><V53/><F75/><W78/><G128/><T120/><D120/><U113/><E130/><V50/><F5/><W82/><G114/><T46/><D73/><U26/><E125/><N who="2" m="48235" /><F129/><W0/><G89/><N who="0" m="53687" /><D127/><U93/><E72/><V68/><F68/><W41/><G79/><T63/><D97/><U47/><E113/><V15/><F15/><W3/><G3/><T100/><D100/><U122/><E122/><V9/><F9/><W92/><G0/><T44/><D30/><U101/><E101/><V19/><F19/><W123/><G4/><T69/><D134/><U14/><E2/><V90/><F103/><W77/><G123/><T12/><D12/><U21/><E45/><N who="0" m="17513" /><D40/><U31/><E6/><V71/><F43/><W99/><G42/><T18/><D18/><U87/><AGARI ba="0,0" hai="13,14,17,20,21,24,26,31,47,51,55,87,91,93" machi="87" ten="20,5200,0" yaku="0,1,7,1,8,1,52,1" doraHai="81" who="1" fromWho="1" sc="344,-13,274,52,239,-26,143,-13" /><INIT seed="3,0,0,4,5,34" ten="331,326,213,130" oya="3" hai0="67,4,133,126,100,91,52,31,124,23,74,109,9" hai1="84,10,61,86,14,17,122,121,32,95,98,45,51" hai2="43,77,55,131,3,28,2,27,71,132,19,5,40" hai3="116,70,96,79,24,29,68,0,6,65,125,35,76"/><W103/><G125/><N who="0" m="48235" /><D109/><U12/><E32/><V97/><F71/><W15/><G15/><T30/><D74/><U53/><E121/><V21/><F77/><W90/><G90/><T64/><D133/><U92/><E122/><V62/><F132/><W104/><G116/><T42/><D42/><U22/><E61/><V123/><F123/><W134/><G134/><T47/><D100/><N who="1" m="60487" /><E95/><V39/><F131/><W102/><G102/><T63/><D91/><U130/><E130/><V7/><F97/><W56/><G56/><N who="0" m="35207" /><D47/><U117/><E117/><V73/><F73/><W129/><G129/><T78/><D78/><U81/><E81/><V85/><F40/><W8/><REACH who="3" step="1"/><G70/><REACH who="3" ten="331,326,213,120" step="2"/><T54/><D4/><AGARI ba="0,1" hai="4,10,12,14,17,22,45,51,53,84,86" m="60487" machi="4" ten="30,1000,0" yaku="8,1" doraHai="34" who="1" fromWho="0" sc="331,-10,326,20,213,0,120,0" owari="321,12.0,346,45.0,213,-19.0,120,-38.0" /></mjloggm>