<mjloggm ver="2.3"><GO type="97" lobby="0"/><UN n0="%74%6F%6B%75%6D%65%69%E2%91%A8" n1="%E3%82%A6%E3%83%AB%E3%83%88%E3%83%A9%E7%AB%8B%E7%9B%B4" n2="%23%37%34%E5%A4%A7%E6%B2%BB%E9%83%8E" n3="%66%65" dan="13,15,15,13" rate="1801.54,1975.76,2063.54,1873.65" sx="M,M,M,M"/><TAIKYOKU oya="0"/><INIT seed="0,0,0,3,1,133" ten="250,250,250,250" oya="0" hai0="22,2,16,29,50,120,86,24,53,1,70,63,105" hai1="46,37,132,12,18,130,122,42,5,93,41,69,47" hai2="88,103,44,39,13,135,119,72,117,52,83,54,78" hai3="30,108,124,94,111,40,87,114,31,76,6,109,11"/><T125/><D120/><U0/><E69/><V25/><F135/><W36/><G114/><T60/><D105/><U20/><E122/><V75/><F103/><W107/><G107/><T51/><D51/><U118/><E118/><N who="2" m="45067" /><F75/><W26/><G94/><T23/><D86/><U28/><E132/><V33/><F13/><W14/><G87/><T68/><D1/><U116/><E116/><V38/><F88/><W112/><G112/><T45/><D2/><U96/><E130/><V98/><F98/><W123/><G123/><T7/><D7/><U79/><E79/><V126/><F126/><W57/><G57/><T113/><D113/><U59/><E28/><N who="2" m="19599" /><F44/><N who="3" m="23559" /><G76/><T21/><D125/><U71/><E5/><V92/><F92/><W8/><G11/><T121/><D121/><U91/><E71/><V101/><F101/><W17/><G124/><T89/><D89/><U61/><E0/><V110/><F110/><N who="3" m="28163" /><W48/><DORA hai="65" /><G48/><T84/><D84/><U74/><E74/><V85/><F72/><W67/><G67/><T90/><D90/><U106/><E106/><V129/><F129/><W64/><G64/><T19/><D23/><AGARI ba="0,0" hai="6,8,14,17,23,26,30,31" m="28163,23559" machi="23" ten="40,1300,0" yaku="14,1" doraHai="133,65" who="3" fromWho="0" sc="250,-13,250,0,250,0,250,13" /><INIT seed="1,0,0,1,2,67" ten="237,250,250,263" oya="1" hai0="95,98,91,65,126,124,21,81,118,47,0,69,40" hai1="7,127,115,45,37,64,93,10,113,96,51,30,38" hai2="8,135,133,120,4,72,61,12,31,66,26,80,85" hai3="89,102,16,130,110,14,6,111,132,116,43,52,27"/><U60/><E30/><V125/><F120/><W57/><G132/><T2/><D118/><U78/><E78/><V107/><F107/><W122/><G122/><T22/><D81/><U74/><E74/><V18/><F125/><N who="0" m="48234" /><D22/><U128/><E127/><V77/><F85/><W39/><G116/><T46/><D21/><U92/><E128/><V83/><F80/><W3/><G27/><T34/><D34/><U32/><E32/><V88/><F18/><W29/><G29/><T94/><D94/><U112/><E38/><V23/><REACH who="2" step="1"/><F88/><REACH who="2" ten="237,250,240,263" step="2"/><W1/><G130/><T86/><D86/><U63/><E112/><V97/><F97/><W76/><G76/><T105/><D105/><U119/><E113/><V117/><F117/><W56/><G89/><T54/><D91/><U109/><E119/><V108/><F108/><N who="3" m="41515" /><G102/><T129/><D129/><U19/><E109/><V58/><AGARI ba="0,1" hai="4,8,12,23,26,31,58,61,66,72,77,83,133,135" machi="58" ten="30,2000,0" yaku="1,1,0,1,53,0" doraHai="67" doraHaiUra="50" who="2" fromWho="2" sc="237,-5,250,-10,240,30,263,-5" /><INIT seed="2,0,0,2,3,60" ten="232,240,270,258" oya="2" hai0="134,34,91,81,132,43,26,59,104,17,89,83,14" hai1="1,44,8,114,5,11,66,13,18,56,103,76,119" hai2="6,64,54,41,2,69,118,125,47,22,20,115,75" hai3="3,106,102,50,110,19,117,65,40,51,88,82,25"/><V94/><F118/><W99/><G117/><T24/><D104/><U58/><E114/><V9/><F115/><W12/><G3/><T32/><D43/><U28/><E119/><V31/><F125/><W36/><G36/><T95/><D59/><U39/><E28/><V16/><F54/><W122/><G122/><T68/><D68/><U0/><E0/><V37/><F31/><W93/><G25/><N who="0" m="9835" /><D14/><U135/><E135/><N who="0" m="51753" /><D17/><U21/><E11/><V124/><F124/><W42/><G110/><T78/><D95/><U133/><E133/><V80/><F94/><N who="3" m="58743" /><G82/><N who="0" m="31243" /><D78/><U67/><E76/><N who="2" m="44063" /><F16/><W23/><G106/><T98/><D98/><U52/><E103/><V45/><F45/><N who="3" m="25895" /><G42/><T30/><D30/><U86/><E86/><V35/><F35/><AGARI ba="0,0" hai="32,34,35,89,91" m="31243,51753,9835" machi="35" ten="40,5200,0" yaku="28,2,20,1" doraHai="60" who="0" fromWho="2" sc="232,52,240,0,270,-52,258,0" /><INIT seed="3,0,0,1,5,106" ten="284,240,218,258" oya="3" hai0="62,37,129,89,21,10,127,71,46,88,80,28,44" hai1="78,132,114,38,87,48,79,26,40,64,23,63,13" hai2="16,39,82,134,126,58,5,18,103,70,81,65,4" hai3="9,128,91,51,41,59,116,84,29,53,35,1,107"/><W101/><G116/><T120/><D37/><U0/><E0/><V19/><F39/><W7/><G128/><T2/><D120/><U6/><E38/><V73/><F70/><W52/><G107/><T20/><D71/><U11/><E132/><V49/><F134/><W24/><G101/><T36/><D36/><U95/><E114/><V34/><F34/><W86/><G41/><T30/><D2/><U25/><E25/><V99/><F126/><W118/><G118/><T108/><D129/><U15/><E15/><V102/><F73/><W77/><G77/><T90/><D127/><U124/><E124/><V121/><F121/><W68/><G68/><T56/><D108/><U85/><E85/><V122/><F122/><W83/><G86/><T8/><D80/><N who="2" m="30826" /><F65/><W67/><REACH who="3" step="1"/><G53/><REACH who="3" ten="284,240,218,248" step="2"/><N who="0" m="34063" /><D46/><N who="1" m="25671" /><E79/><V125/><F125/><W75/><G75/><T110/><D44/><U97/><E78/><V54/><F99/><W130/><G130/><T50/><D110/><U96/><E87/><V117/><F117/><W55/><G55/><T74/><D74/><U43/><E43/><V92/><F92/><W3/><G3/><T60/><D50/><U42/><E42/><V109/><F109/><W131/><G131/><T119/><D119/><U14/><E95/><V93/><F93/><W17/><G17/><N who="2" m="4353" /><V27/><DORA hai="98" /><F27/><W57/><G57/><T123/><D123/><U105/><E105/><V94/><F94/><W33/><G33/><T22/><D60/><U112/><E63/><V100/><AGARI ba="0,1" hai="4,5,49,54,58,100,102,103" m="4353,30826" machi="100" ten="40,8000,1" yaku="8,1,52,3,54,1" doraHai="106,98" who="2" fromWho="2" sc="284,-20,240,-20,218,90,248,-40" owari="264,6.0,220,-18.0,308,41.0,208,-29.0" /></mjloggm>