<mjloggm ver="2.3"><GO type="97" lobby="0"/><UN n0="%E3%82%A6%E3%83%AB%E3%83%88%E3%83%A9%E7%AB%8B%E7%9B%B4" n1="%6B%79%6F%75%6B%6F%75" n2="%E3%82%81%E3%81%9F%E3%82%8B%E3%81%8D%E3%82%93%E3%81%90" n3="%E7%8C%AB%E4%BD%BF%E3%81%84" dan="15,13,15,14" rate="1989.44,1843.64,1996.67,1933.18" sx="M,M,M,F"/><TAIKYOKU oya="0"/><INIT seed="0,0,0,2,1,4" ten="250,250,250,250" oya="0" hai0="41,16,107,83,57,133,48,94,93,66,24,132,119" hai1="10,85,20,52,128,6,22,29,72,70,98,109,1" hai2="28,14,32,21,37,73,118,105,59,47,111,129,80" hai3="5,54,127,96,11,100,103,77,81,60,42,97,113"/><T78/><D107/><U45/><E70/><V134/><F105/><W18/><G113/><T75/><D119/><U88/><E72/><V95/><F111/><W101/><G127/><T99/><D93/><U34/><E109/><V43/><F129/><W39/><G18/><T33/><D33/><U19/><E98/><V49/><F134/><W124/><G124/><T36/><D36/><U27/><E128/><V89/><F32/><W92/><G42/><T112/><D112/><U51/><REACH who="1" step="1"/><E19/><REACH who="1" ten="250,240,250,250" step="2"/><V87/><F73/><W26/><G97/><T53/><D132/><U84/><E84/><V126/><F126/><W86/><G39/><T38/><D133/><U55/><E55/><V74/><F118/><W64/><G54/><T2/><D38/><U65/><E65/><V102/><F74/><W31/><G31/><T35/><D66/><U76/><E76/><V114/><F37/><W25/><G96/><T130/><D130/><U90/><E90/><V56/><F114/><W115/><G115/><T40/><D40/><U50/><E50/><V23/><F28/><W69/><REACH who="3" step="1"/><G92/><AGARI ba="0,1" hai="1,6,10,20,22,27,29,34,45,51,52,85,88,92" machi="92" ten="30,8000,1" yaku="1,1,7,1,52,1,54,2,53,0" doraHai="4" doraHaiUra="9" who="1" fromWho="3" sc="250,0,240,90,250,0,250,-80" /><INIT seed="1,0,0,3,2,21" ten="250,330,250,170" oya="1" hai0="114,128,44,49,42,109,65,56,77,10,74,8,27" hai1="4,55,82,34,60,32,97,134,11,99,67,47,108" hai2="28,61,7,62,75,132,36,0,76,125,95,14,43" hai3="30,46,115,88,90,3,17,81,129,71,54,37,80"/><U40/><E55/><V110/><F110/><W53/><G71/><T73/><D114/><U69/><E134/><V18/><F125/><W130/><G115/><T23/><D109/><U1/><E108/><V13/><F132/><W91/><G3/><T15/><D128/><N who="3" m="49257" /><G17/><T84/><D74/><U20/><E20/><V48/><F28/><W52/><G30/><N who="0" m="17791" /><D73/><U66/><E66/><V38/><F38/><W135/><G135/><T83/><D15/><U33/><E82/><N who="3" m="31850" /><G37/><T131/><D131/><U103/><E99/><V124/><F0/><W93/><G46/><T107/><D107/><U9/><E9/><N who="2" m="4287" /><F36/><W102/><G102/><T41/><D42/><U22/><E22/><N who="2" m="11607" /><F75/><W16/><G16/><T24/><D24/><U58/><E40/><V79/><F124/><W111/><G111/><T51/><D65/><U117/><E47/><N who="2" m="25727" /><F95/><AGARI ba="0,0" hai="52,53,54,88,90,91,93,95" m="31850,49257" machi="95" ten="40,8000,1" yaku="28,2,19,1,54,2" doraHai="21" who="3" fromWho="2" sc="250,0,330,0,250,-80,170,80" /><INIT seed="2,0,0,3,4,54" ten="250,330,170,250" oya="2" hai0="120,86,18,66,100,47,50,25,48,85,31,71,59" hai1="78,53,132,39,92,27,52,81,76,88,38,16,128" hai2="127,23,77,32,96,84,98,94,75,36,125,103,105" hai3="130,14,21,106,118,119,19,58,70,83,108,40,87"/><V30/><F23/><W43/><G70/><T67/><D120/><U79/><E128/><V74/><F30/><W51/><G106/><T20/><D71/><U68/><E68/><V41/><F32/><W115/><G108/><T126/><D126/><N who="2" m="48138" /><F41/><W114/><G130/><T15/><D100/><U80/><E39/><V62/><F62/><W4/><G4/><T89/><D85/><N who="1" m="52239" /><E132/><V135/><F36/><W97/><G97/><T69/><D69/><U60/><E38/><V44/><F44/><W95/><G95/><N who="0" m="54711" /><D47/><U24/><E24/><V13/><F13/><W12/><G12/><T17/><D31/><U33/><E33/><V7/><F7/><W34/><G34/><T102/><D102/><U10/><E60/><V123/><F123/><W42/><G118/><T99/><D99/><U11/><E11/><V73/><F135/><W45/><G119/><T1/><D1/><U57/><E57/><V107/><F96/><W104/><G45/><T64/><D59/><U134/><E134/><V6/><F6/><W122/><G104/><N who="2" m="40009" /><F84/><W29/><G122/><T65/><N who="0" m="16384" /><DORA hai="112" /><T91/><D50/><U133/><E133/><V5/><F5/><W46/><G29/><T56/><D48/><U26/><E26/><V9/><F9/><W90/><REACH who="3" step="1"/><G46/><REACH who="3" ten="250,330,170,240" step="2"/><T28/><D28/><U35/><E35/><V8/><F8/><W117/><G117/><T63/><D15/><N who="1" m="7287" /><E27/><V101/><F101/><W113/><G113/><T109/><D25/><U0/><E0/><V129/><F129/><W82/><G82/><AGARI ba="0,1" hai="52,53,76,78,79,80,81,82" m="7287,52239" machi="82" ten="30,7700,0" yaku="8,1,54,3" doraHai="54,112" who="1" fromWho="3" sc="250,0,330,87,170,0,240,-77" /><AGARI ba="0,0" hai="73,74,75,77,82,94,98,103" m="40009,48138" machi="82" ten="30,5800,0" yaku="18,1,34,2" doraHai="54,112" who="2" fromWho="3" sc="250,0,417,0,170,58,163,-58" /><INIT seed="2,1,0,1,3,86" ten="250,417,228,105" oya="2" hai0="38,114,105,134,98,55,124,63,28,21,43,120,123" hai1="131,103,92,30,33,19,135,45,22,10,52,126,132" hai2="68,65,87,34,36,7,104,40,60,121,73,133,53" hai3="88,117,12,97,64,112,118,89,14,4,66,13,37"/><V119/><F73/><W8/><G37/><T20/><D43/><U67/><E67/><V24/><F121/><W85/><G112/><T39/><D105/><U94/><E131/><V127/><F119/><W17/><G118/><T9/><D98/><U106/><E106/><V51/><F104/><W100/><G117/><T6/><D55/><U122/><E122/><N who="0" m="46633" /><D63/><U42/><E33/><V50/><F7/><W99/><G100/><T93/><D93/><U111/><E52/><V81/><F127/><W130/><G130/><T41/><D41/><U84/><E126/><V23/><F34/><W47/><G47/><T129/><D39/><U75/><E45/><N who="2" m="23687" /><F50/><W46/><G46/><T18/><D38/><U58/><E58/><N who="2" m="33087" /><F133/><W125/><G125/><T82/><D124/><U59/><E59/><V70/><F70/><W80/><G99/><T3/><D134/><U11/><E135/><V31/><F87/><W26/><G26/><N who="0" m="16463" /><D82/><AGARI ba="1,0" hai="23,24,31,60,65,68,81,82" m="33087,23687" machi="82" ten="30,1500,0" yaku="24,1" doraHai="86" who="2" fromWho="0" sc="250,-18,417,0,228,18,105,0" /><INIT seed="2,2,0,4,5,49" ten="232,417,246,105" oya="2" hai0="45,15,53,70,46,80,121,26,56,91,79,42,130" hai1="122,105,98,9,109,58,20,22,127,25,124,8,66" hai2="72,62,113,44,61,55,18,29,60,83,43,102,27" hai3="17,0,50,114,36,120,63,134,28,85,103,64,11"/><V84/><F72/><W86/><G36/><T117/><D70/><U131/><E22/><V40/><F113/><W101/><G120/><T23/><D121/><U71/><E71/><V126/><F126/><N who="1" m="48169" /><E122/><V68/><F102/><W111/><G114/><T107/><D107/><U93/><E105/><V31/><F68/><W116/><G134/><T115/><D117/><U39/><E39/><V7/><F7/><W30/><G116/><T89/><D115/><U108/><E131/><V95/><F95/><W35/><G111/><N who="1" m="42570" /><E66/><V47/><F18/><W21/><G101/><T34/><D34/><U104/><E58/><V81/><F60/><W37/><G37/><T5/><D130/><U99/><E104/><V82/><F82/><W78/><G103/><T19/><D45/><U129/><E129/><V10/><F10/><N who="1" m="4201" /><E93/><V54/><F27/><W12/><G50/><N who="0" m="26967" /><D26/><U48/><E48/><V67/><F67/><W88/><G78/><T38/><D38/><U4/><E4/><V24/><F24/><W118/><G118/><T96/><D5/><U1/><E1/><V128/><F128/><W123/><G123/><T33/><D33/><U74/><E74/><V132/><F132/><W77/><G77/><T92/><D92/><U59/><E59/><V2/><F2/><W6/><G35/><T75/><D96/><U73/><E73/><V13/><F84/><W133/><G85/><T32/><D32/><U69/><E69/><V14/><AGARI ba="2,0" hai="13,14,29,31,40,43,44,47,54,55,61,62,81,83" machi="14" ten="25,18000,2" yaku="0,1,22,2,8,1,52,2" doraHai="49" who="2" fromWho="2" sc="232,-62,417,-62,246,186,105,-62" /><INIT seed="2,3,0,1,1,25" ten="170,355,432,43" oya="2" hai0="134,85,11,58,27,29,108,126,2,127,93,121,98" hai1="12,133,116,115,10,6,3,64,124,113,30,38,9" hai2="112,110,106,69,111,62,114,48,34,68,55,42,70" hai3="101,61,59,78,97,71,39,45,73,16,67,91,105"/><V119/><F106/><W54/><G91/><T135/><D58/><U15/><E116/><V87/><F87/><W56/><G78/><T75/><D85/><U22/><E38/><V117/><F42/><W81/><G81/><T60/><D75/><U74/><E74/><V44/><F62/><W0/><G0/><T123/><D60/><U28/><E64/><V21/><F21/><W23/><G73/><T7/><D93/><U100/><E100/><V65/><F65/><W107/><G107/><T99/><D98/><U24/><E124/><N who="0" m="47657" /><D99/><U33/><E133/><N who="0" m="50697" /><D108/><N who="2" m="41514" /><F34/><AGARI ba="3,0" hai="2,7,11,27,29,34,121,123" m="50697,47657" machi="34" ten="30,12000,2" yaku="18,1,20,1,23,1,34,2,52,1" doraHai="25" who="0" fromWho="2" sc="170,129,355,0,432,-129,43,0" /><INIT seed="3,0,0,0,0,73" ten="299,355,303,43" oya="3" hai0="61,44,106,29,92,134,84,6,102,28,68,13,91" hai1="118,41,135,17,5,57,64,113,46,37,83,38,69" hai2="11,96,132,32,42,120,111,129,117,97,23,16,133" hai3="89,65,49,0,67,131,25,31,20,108,1,34,128"/><W70/><G108/><T75/><D134/><N who="2" m="51818" /><F32/><W101/><G101/><T51/><D75/><U104/><E37/><V52/><F117/><W107/><G107/><T109/><D109/><U40/><E17/><V86/><F111/><W121/><G121/><T87/><D106/><U19/><E46/><V93/><F129/><N who="3" m="49739" /><G49/><T100/><D61/><U130/><E64/><N who="3" m="24650" /><G70/><T110/><D68/><U63/><E63/><V60/><F120/><W12/><G89/><T47/><D110/><U114/><E19/><AGARI ba="0,0" hai="0,1,12,19,20,25,31,34" m="24650,49739" machi="19" ten="30,1500,0" yaku="19,1" doraHai="73" who="3" fromWho="1" sc="299,0,355,-15,303,0,43,15" /><INIT seed="3,1,0,0,4,127" ten="299,340,303,58" oya="3" hai0="67,79,36,18,74,104,62,49,41,50,7,6,58" hai1="122,101,47,45,83,54,103,131,129,13,76,123,93" hai2="52,102,117,108,25,109,116,119,8,63,72,20,43" hai3="14,37,55,66,33,27,32,60,17,11,21,73,23"/><W112/><G37/><T24/><D104/><U53/><E13/><V38/><F72/><W120/><G73/><T130/><D36/><U90/><E103/><V105/><F43/><W9/><G120/><T106/><D106/><U39/><E101/><V5/><F38/><W59/><G112/><T44/><D79/><U84/><E122/><V15/><F102/><W56/><G23/><N who="0" m="13431" /><D74/><U48/><E123/><V82/><F82/><W61/><REACH who="3" step="1"/><G11/><REACH who="3" ten="299,340,303,48" step="2"/><T97/><D7/><AGARI ba="1,1" hai="7,9,14,17,21,27,32,33,55,56,59,60,61,66" machi="7" ten="30,11600,0" yaku="1,1,2,1,7,1,53,1" doraHai="127" doraHaiUra="19" who="3" fromWho="0" sc="299,-119,340,0,303,0,48,129" /><INIT seed="3,2,0,5,5,100" ten="180,340,303,177" oya="3" hai0="109,32,8,53,16,3,112,34,1,72,23,10,42" hai1="120,128,35,55,18,135,80,125,88,31,50,95,89" hai2="99,127,9,11,92,14,132,20,119,37,130,106,17" hai3="2,25,123,79,91,57,102,30,75,12,19,129,126"/><W90/><G123/><T21/><D53/><U38/><E120/><V118/><F37/><W108/><G2/><N who="0" m="523" /><D42/><U15/><E128/><V66/><F127/><W131/><G126/><T73/><D72/><U96/><E135/><V77/><F132/><W13/><G102/><T87/><D87/><U74/><E125/><V113/><F130/><N who="3" m="49675" /><G79/><T107/><D107/><U26/><E38/><V28/><F113/><W86/><G75/><T104/><D104/><U84/><E74/><V5/><F106/><W39/><G39/><T83/><D83/><U82/><E84/><V67/><F77/><W101/><G101/><T124/><D73/><U62/><E89/><N who="3" m="33802" /><G86/><T103/><D103/><U59/><E50/><V81/><F81/><W44/><G44/><T65/><D124/><U51/><E51/><V76/><F76/><W48/><G19/><T114/><D65/><U7/><E7/><V97/><F67/><W98/><G98/><T60/><D60/><U52/><E55/><V133/><F66/><W122/><G122/><T29/><D109/><U56/><E59/><V45/><F133/><W47/><G108/><T0/><N who="0" m="531" /><T121/><DORA hai="27" /><D121/><U6/><E6/><V68/><F45/><W49/><G57/><T64/><D64/><U41/><E41/><V71/><F99/><W116/><G116/><T36/><D36/><U54/><E54/><V105/><F97/><W40/><G49/><T134/><D134/><U115/><E115/><N who="0" m="44073" /><D16/><U4/><E4/><V33/><F118/><W43/><G43/><T63/><D63/><U61/><E61/><V94/><F119/><RYUUKYOKU ba="2,0" sc="180,-15,340,15,303,-15,177,15" hai1="15,18,26,31,35,52,56,62,80,82,88,95,96" hai3="12,13,25,30,40,47,48" /><INIT seed="3,3,0,1,2,52" ten="165,355,288,192" oya="3" hai0="11,27,22,98,57,112,32,13,44,59,92,107,120" hai1="86,132,123,41,74,3,51,29,39,53,71,122,65" hai2="72,66,34,49,108,14,119,58,84,19,104,87,45" hai3="94,127,78,46,90,5,101,116,60,117,73,91,134"/><W128/><G5/><N who="0" m="3311" /><D107/><U129/><E3/><V15/><F72/><W114/><G46/><T131/><D32/><U26/><E129/><V126/><F119/><N who="3" m="45643" /><G60/><T83/><D120/><U24/><E74/><V23/><F45/><W10/><G10/><T105/><D105/><U102/><E132/><V88/><F66/><W97/><G134/><T109/><D131/><U36/><E51/><V77/><F49/><W4/><G128/><T106/><D106/><U76/><E71/><V67/><F67/><W121/><G4/><T93/><D112/><U110/><E39/><V37/><F37/><W79/><G114/><T70/><D70/><U16/><E36/><V30/><F30/><W135/><G135/><T2/><D2/><U85/><E65/><V50/><F50/><W130/><G130/><T7/><D7/><U64/><E123/><V6/><F6/><W42/><G42/><T31/><D44/><U124/><E41/><V20/><F34/><W89/><G121/><T38/><D38/><U8/><E53/><V118/><F118/><W47/><G47/><T40/><D40/><U75/><E85/><V69/><F69/><W115/><G115/><T95/><D109/><U18/><E110/><V9/><F108/><W17/><G17/><T43/><D43/><U103/><E18/><V100/><F19/><W1/><G1/><T33/><D33/><U125/><E122/><V99/><F9/><W61/><G61/><T28/><D28/><U56/><E8/><V63/><F63/><W80/><G127/><T21/><D83/><U48/><E124/><V113/><F126/><RYUUKYOKU ba="3,0" sc="165,-10,355,-10,288,-10,192,30" hai3="73,78,79,80,89,90,91,94,97,101" /><INIT seed="3,4,0,5,1,9" ten="155,345,278,222" oya="3" hai0="74,53,7,61,116,34,48,24,119,124,49,57,86" hai1="62,6,111,22,59,66,72,112,132,123,32,23,114" hai2="19,89,120,58,38,77,134,15,13,25,51,135,55" hai3="16,4,80,83,43,1,106,17,47,0,110,50,127"/><W122/><G106/><T105/><D74/><U125/><E72/><V26/><F38/><W88/><G122/><T99/><D124/><U82/><E123/><V94/><F77/><W20/><G127/><T44/><D49/><U64/><E111/><V98/><F120/><W63/><G110/><T87/><D105/><U128/><E128/><V31/><F19/><W113/><G113/><T52/><D99/><U115/><E32/><N who="2" m="20591" /><F26/><N who="3" m="14599" /><G1/><T133/><D133/><AGARI ba="4,0" hai="13,15,51,55,58,89,94,98,133,134,135" m="20591" machi="133" ten="30,3900,0" yaku="20,1,52,2" doraHai="9" who="2" fromWho="0" sc="155,-51,345,0,278,51,222,0" owari="104,-40.0,345,45.0,329,13.0,222,-18.0" /></mjloggm>