<mjloggm ver="2.3"><GO type="97" lobby="0"/><UN n0="%E3%82%A6%E3%83%AB%E3%83%88%E3%83%A9%E7%AB%8B%E7%9B%B4" n1="%E3%82%8A%E3%82%93%E3%81%94%E3%81%98%E3%82%85%E3%83%BC%E3%81%99" n2="%64%61%6E%6E%63%68%69" n3="%66%65%65%73" dan="15,15,13,14" rate="2039.36,1978.57,1850.25,1969.77" sx="M,M,M,M"/><TAIKYOKU oya="0"/><INIT seed="0,0,0,5,4,126" ten="250,250,250,250" oya="0" hai0="70,39,86,34,23,50,65,124,106,116,120,71,104" hai1="28,2,33,108,13,36,89,96,64,53,5,21,134" hai2="81,109,79,99,72,35,121,26,97,113,46,94,43" hai3="75,17,56,63,110,48,111,130,88,87,54,85,80"/><T95/><D23/><U82/><E36/><V32/><F121/><W127/><G75/><T11/><D86/><U1/><E108/><N who="3" m="41514" /><G127/><T125/><D95/><U115/><E64/><V44/><F109/><W90/><G17/><T131/><D11/><U102/><E134/><V67/><F113/><W7/><G7/><T47/><D34/><U129/><E115/><V19/><F67/><W18/><G18/><T3/><D3/><U37/><E37/><V118/><F118/><W112/><G112/><T16/><D16/><U100/><E53/><V8/><F43/><W30/><G30/><T74/><D74/><U103/><E33/><V40/><F40/><W101/><G101/><T41/><D116/><U61/><E28/><V20/><F32/><W45/><G87/><T77/><D120/><U25/><E5/><V4/><F35/><W10/><G10/><T68/><D124/><U58/><E2/><V12/><REACH who="2" step="1"/><F97/><REACH who="2" ten="250,250,240,250" step="2"/><W14/><G14/><T83/><D125/><U60/><E96/><V133/><F133/><W93/><G90/><AGARI ba="0,1" hai="4,8,12,19,20,26,44,46,72,79,81,90,94,99" machi="90" ten="30,7700,0" yaku="1,1,7,1,53,2" doraHai="126" doraHaiUra="42" who="2" fromWho="3" sc="250,0,250,0,240,87,250,-77" /><INIT seed="1,0,0,5,3,60" ten="250,250,327,173" oya="1" hai0="67,58,44,59,133,6,113,31,41,33,13,42,89" hai1="71,100,61,119,9,86,32,73,50,70,45,20,126" hai2="53,48,54,83,82,117,66,16,84,14,36,99,134" hai3="94,104,75,90,123,128,23,37,26,55,25,125,43"/><U0/><E32/><V5/><F36/><W115/><G115/><T81/><D113/><U4/><E73/><V131/><F117/><W91/><G104/><T106/><D106/><U129/><E119/><V135/><F5/><W118/><G118/><T8/><D133/><U93/><E129/><V21/><F131/><W27/><G128/><T130/><D130/><U69/><E126/><V77/><F83/><W111/><G123/><T63/><D31/><U74/><E74/><V65/><F99/><W11/><G125/><T88/><D33/><U22/><E61/><V107/><F107/><W28/><G75/><T29/><D29/><U103/><E86/><V80/><F80/><W38/><G111/><T96/><D96/><U108/><E108/><V10/><F21/><W112/><G112/><T120/><D120/><U87/><E87/><BYE who="1" /><V101/><F101/><W132/><G132/><N who="2" m="50729" /><F54/><W116/><G116/><UN n1="%E3%82%8A%E3%82%93%E3%81%94%E3%81%98%E3%82%85%E3%83%BC%E3%81%99" /><T46/><D81/><U121/><E121/><V35/><F35/><W95/><G55/><T102/><D102/><U49/><E100/><V17/><F17/><W85/><G11/><T56/><D89/><U78/><E103/><V68/><F68/><W52/><G52/><T110/><D88/><U1/><E70/><V40/><F40/><W24/><REACH who="3" step="1"/><G43/><REACH who="3" ten="250,250,327,163" step="2"/><T76/><D110/><U57/><E9/><V3/><F3/><W122/><G122/><T39/><D76/><U15/><E78/><V2/><F2/><W109/><G109/><T97/><D97/><AGARI ba="0,1" hai="23,24,25,26,27,28,37,38,85,90,91,94,95,97" machi="97" ten="40,1300,0" yaku="1,1,53,0" doraHai="60" doraHaiUra="12" who="3" fromWho="0" sc="250,-13,250,0,327,0,163,23" /><INIT seed="2,0,0,3,3,40" ten="237,250,327,186" oya="2" hai0="28,5,15,0,106,19,82,35,126,109,70,54,114" hai1="51,16,50,107,18,108,132,42,89,2,96,34,38" hai2="6,80,122,56,105,41,31,67,46,24,29,66,78" hai3="88,47,97,55,77,4,102,125,118,14,32,68,57"/><V37/><F122/><W123/><G123/><T79/><D70/><U73/><E2/><V22/><F105/><W101/><G118/><T49/><D106/><U1/><E1/><V95/><F95/><W84/><G68/><T62/><D62/><U129/><E34/><V13/><F31/><W39/><G32/><T58/><D114/><U83/><E108/><V7/><F7/><W130/><G130/><T59/><D126/><U91/><E132/><V21/><F21/><W135/><BYE who="2" /><G77/><T98/><D109/><U112/><E112/><V74/><F74/><W121/><G125/><T128/><D98/><UN n2="%64%61%6E%6E%63%68%69" /><U64/><E129/><V110/><F110/><W87/><G121/><T23/><D128/><U52/><E64/><V63/><F66/><W30/><G30/><T119/><D119/><U99/><E38/><V65/><F65/><W111/><G111/><T117/><D117/><U20/><E73/><V115/><F115/><W100/><G135/><T113/><D113/><U9/><E107/><V116/><F116/><W103/><G39/><T33/><D58/><N who="1" m="33047" /><E96/><V44/><F41/><W90/><G97/><T43/><D43/><U133/><E99/><V86/><F37/><W69/><G69/><T45/><D59/><U93/><E133/><V85/><F85/><N who="3" m="32843" /><G47/><T26/><D35/><U92/><E83/><V10/><AGARI ba="0,0" hai="6,10,13,22,24,29,44,46,56,63,67,78,80,86" machi="10" ten="30,11700,0" yaku="0,1,8,1,52,2" doraHai="40" who="2" fromWho="2" sc="237,-39,250,-39,327,117,186,-39" /><INIT seed="2,1,0,3,4,3" ten="198,211,444,147" oya="2" hai0="6,36,43,2,38,83,97,52,99,39,67,92,98" hai1="112,19,17,28,88,84,117,109,135,18,129,113,13" hai2="86,74,32,120,105,16,48,102,95,10,53,94,81" hai3="124,96,4,131,54,20,75,63,69,89,58,5,30"/><V134/><F32/><W21/><G69/><T7/><D2/><U132/><E117/><V0/><F120/><W70/><G70/><T118/><D118/><U111/><E28/><V114/><F114/><N who="1" m="44137" /><E129/><V50/><F74/><W104/><G75/><T1/><D1/><U37/><E37/><V108/><F134/><N who="1" m="51241" /><E13/><V125/><F125/><W56/><G124/><T122/><D122/><U116/><E116/><V93/><F108/><N who="1" m="41545" /><E18/><V110/><F110/><W59/><G131/><T106/><D106/><U24/><E24/><V8/><F105/><W79/><G79/><T73/><D43/><U15/><E15/><N who="2" m="7271" /><F102/><W78/><G78/><T12/><D12/><U64/><E64/><V107/><F107/><W133/><G133/><T27/><D67/><U23/><E23/><N who="3" m="8778" /><G30/><T123/><D27/><U51/><E51/><V41/><F50/><N who="3" m="30807" /><G104/><T115/><D115/><U126/><E126/><V90/><F41/><W62/><G58/><T47/><D123/><U72/><E72/><V25/><F25/><W61/><G59/><T66/><D66/><U26/><E26/><V127/><F127/><W85/><G96/><T33/><D33/><U11/><E11/><V57/><F0/><W14/><G14/><T46/><D98/><U130/><E130/><V49/><F49/><W40/><G40/><T9/><D99/><U76/><E76/><N who="2" m="46375" /><F10/><W101/><G101/><N who="0" m="60583" /><D9/><U65/><E65/><V100/><F100/><W128/><G128/><T80/><D73/><U42/><E42/><V87/><AGARI ba="1,0" hai="48,53,57,87,90,93,94,95" m="46375,7271" machi="87" ten="30,3000,0" yaku="8,1,54,1" doraHai="3" who="2" fromWho="2" sc="198,-11,211,-11,444,33,147,-11" /><INIT seed="2,2,0,2,1,55" ten="187,200,477,136" oya="2" hai0="47,132,30,83,111,3,63,59,61,43,84,103,127" hai1="53,126,93,120,27,25,18,135,115,62,26,112,40" hai2="32,52,134,122,34,15,85,46,96,49,11,110,100" hai3="102,80,56,78,117,105,82,64,22,38,21,1,37"/><V54/><F122/><W106/><G1/><T28/><D3/><U48/><E120/><V36/><F134/><W8/><G8/><T114/><D114/><U12/><E135/><V116/><F116/><W92/><G92/><T6/><D132/><U42/><E126/><V39/><F110/><W17/><G117/><T109/><D6/><U68/><E68/><V90/><F39/><W44/><G44/><T14/><D14/><U9/><E62/><V76/><F76/><W57/><G17/><T20/><D103/><U129/><E129/><V74/><F74/><W89/><G89/><N who="0" m="51359" /><D20/><U88/><E115/><V118/><F36/><W24/><G78/><T91/><D91/><U130/><E130/><V19/><F54/><W123/><G102/><T0/><D63/><U128/><E128/><V29/><F29/><W107/><G107/><T13/><D13/><U124/><E124/><V98/><F118/><W113/><G123/><T94/><D94/><U31/><E31/><V99/><REACH who="2" step="1"/><F100/><REACH who="2" ten="187,200,467,136" step="2"/><W95/><G113/><T73/><D73/><U67/><E112/><V81/><AGARI ba="2,1" hai="11,15,19,32,34,46,49,52,81,85,90,96,98,99" machi="81" ten="30,18000,2" yaku="1,1,2,1,0,1,25,2,54,1,53,1" doraHai="55" doraHaiUra="79" who="2" fromWho="2" sc="187,-62,200,-62,467,196,136,-62" /><INIT seed="2,3,0,5,5,30" ten="125,138,663,74" oya="2" hai0="119,127,79,14,47,60,130,21,71,7,38,95,42" hai1="59,49,75,85,89,9,31,99,114,58,62,132,104" hai2="23,97,105,46,28,50,22,68,86,18,33,109,120" hai3="113,88,39,115,135,11,91,20,6,51,116,34,87"/><V100/><F120/><W32/><G116/><T121/><D121/><U16/><E75/><V82/><F68/><W84/><G135/><T15/><D127/><U2/><E114/><N who="3" m="43530" /><G39/><T8/><D130/><U102/><E132/><V126/><F126/><W110/><G110/><T45/><D119/><U131/><E131/><V54/><F109/><W37/><G37/><T53/><D79/><U0/><E31/><V83/><F83/><N who="3" m="49183" /><G51/><T43/><D95/><U40/><E40/><N who="0" m="15401" /><D71/><U13/><E49/><V90/><REACH who="2" step="1"/><F18/><REACH who="2" ten="125,138,653,74" step="2"/><W112/><G112/><T63/><D38/><U29/><E29/><V125/><F125/><W10/><G20/><T72/><D72/><U129/><E129/><V133/><F133/><W74/><G74/><T19/><D63/><U67/><REACH who="1" step="1"/><E58/><AGARI ba="3,1" hai="7,8,14,15,19,21,45,47,53,58,60" m="15401" machi="58" ten="30,1000,0" yaku="8,1" doraHai="30" who="0" fromWho="1" sc="125,29,138,-19,653,0,74,0" /><INIT seed="3,0,0,3,1,52" ten="154,119,653,74" oya="3" hai0="122,107,80,62,83,88,0,63,99,115,39,104,44" hai1="89,86,73,98,103,6,79,95,56,69,65,17,14" hai2="82,74,110,49,85,134,120,96,2,100,30,40,42" hai3="91,70,8,87,23,130,113,57,47,38,94,71,9"/><W29/><G113/><T21/><D0/><U32/><E32/><V77/><F2/><W84/><G84/><T66/><D44/><U36/><E36/><V19/><F120/><W68/><G130/><T43/><D43/><U76/><E6/><V50/><F134/><W101/><G101/><T109/><D39/><U33/><E33/><V131/><F30/><W112/><G112/><T121/><D21/><U67/><E69/><V31/><F131/><W114/><G114/><T26/><D26/><U93/><E73/><V35/><F110/><W133/><G133/><T105/><D115/><U132/><E132/><V129/><F129/><W10/><G38/><T37/><D37/><U117/><E117/><V72/><F72/><W102/><G102/><T27/><D27/><U118/><E118/><V4/><F4/><W78/><G78/><T45/><D45/><U55/><E79/><V12/><F74/><W18/><G29/><T28/><D28/><U126/><E76/><V1/><F1/><W128/><G47/><T97/><D109/><U90/><E103/><V92/><F31/><W64/><G128/><T41/><D41/><N who="2" m="15978" /><F35/><W46/><G46/><T123/><D88/><U59/><E126/><V119/><F119/><W16/><REACH who="3" step="1"/><G23/><AGARI ba="0,0" hai="12,19,23,49,50,77,82,85,92,96,100" m="15978" machi="23" ten="30,1000,0" yaku="8,1" doraHai="52" who="2" fromWho="3" sc="154,0,119,0,653,10,74,-10" owari="154,-5.0,119,-28.0,663,77.0,64,-44.0" /></mjloggm>