<mjloggm ver="2.3"><GO type="97" lobby="0"/><UN n0="%75%75%75%75%6E%6B" n1="%E3%82%A6%E3%83%AB%E3%83%88%E3%83%A9%E7%AB%8B%E7%9B%B4" n2="%44%72%E2%98%85%E3%82%A4%E3%83%81%E3%82%AC%E3%82%AD" n3="%6F%2D%74" dan="13,15,14,14" rate="1829.97,1927.33,1939.24,1938.03" sx="M,M,M,M"/><TAIKYOKU oya="0"/><INIT seed="0,0,0,4,5,46" ten="250,250,250,250" oya="0" hai0="34,12,49,74,84,23,109,26,80,32,113,111,11" hai1="14,40,2,33,94,51,68,129,5,102,55,36,27" hai2="114,52,125,79,4,88,126,133,104,70,20,57,67" hai3="132,100,103,95,76,120,58,38,83,0,60,117,48"/><T112/><D74/><U130/><E68/><V45/><F114/><N who="0" m="44138" /><D49/><U43/><E36/><V50/><F104/><W96/><G117/><T69/><D69/><U105/><E2/><V72/><F133/><W71/><G132/><T1/><D1/><U29/><E105/><V107/><F107/><W78/><G38/><T64/><D64/><U13/><E43/><V59/><F4/><W86/><G0/><T115/><N who="0" m="44146" /><T15/><DORA hai="10" /><D80/><U73/><E5/><V65/><F20/><W37/><G120/><T42/><D42/><U53/><E73/><V121/><F121/><W75/><G37/><T25/><D84/><U39/><E39/><V8/><F8/><W61/><G71/><T98/><D98/><N who="1" m="59735" /><E40/><V28/><F28/><W30/><G30/><N who="0" m="17727" /><D26/><U131/><E55/><V134/><F134/><W66/><G66/><N who="2" m="25097" /><F70/><W31/><G78/><T19/><D15/><U16/><E16/><V110/><F79/><W93/><G75/><T22/><D22/><U21/><E21/><V56/><F72/><W41/><G31/><T47/><D47/><AGARI ba="0,0" hai="13,14,27,29,33,47,51,53,129,130,131" m="59735" machi="47" ten="30,7700,0" yaku="19,1,52,3" doraHai="46,10" who="1" fromWho="0" sc="250,-77,250,77,250,0,250,0" /><INIT seed="1,0,0,1,2,31" ten="173,327,250,250" oya="1" hai0="98,23,21,60,34,42,38,30,115,74,102,9,72" hai1="126,63,0,67,52,117,7,8,133,18,61,84,68" hai2="6,5,56,108,55,1,11,39,35,20,99,118,15" hai3="49,33,69,86,70,124,120,32,121,51,27,134,37"/><U17/><E117/><V73/><F73/><W79/><G37/><T48/><D115/><U135/><E126/><V16/><F39/><W119/><G27/><T57/><D38/><U4/><E84/><V19/><F118/><W65/><G119/><T125/><D125/><U46/><E7/><V75/><F75/><W41/><G124/><T95/><D9/><U81/><E81/><V22/><F108/><W14/><G134/><N who="1" m="51210" /><E46/><V36/><F36/><W111/><G41/><T128/><D128/><U132/><N who="1" m="51218" /><U54/><DORA hai="76" /><E61/><V53/><F6/><W40/><G40/><T50/><D23/><U114/><E114/><V87/><F87/><W109/><G14/><T131/><D131/><U100/><E100/><V25/><F35/><W94/><G94/><T92/><D92/><U88/><E18/><V47/><F47/><W13/><G13/><T3/><D3/><U96/><E17/><V93/><REACH who="2" step="1"/><F56/><REACH who="2" ten="173,327,240,250" step="2"/><W91/><G86/><T43/><D72/><U90/><E96/><V58/><F58/><W127/><G127/><T116/><D116/><U10/><E4/><V80/><F80/><W123/><G123/><T106/><D74/><U110/><E110/><V12/><F12/><W66/><G79/><T78/><D57/><U28/><E0/><V130/><F130/><W122/><G122/><T129/><D129/><U29/><E8/><V77/><F77/><W26/><G26/><T112/><D78/><U59/><E10/><V103/><AGARI ba="0,1" hai="1,5,11,15,16,19,20,22,25,53,55,93,99,103" machi="103" ten="20,5200,0" yaku="1,1,0,1,7,1,54,1,53,0" doraHai="31,76" doraHaiUra="105,82" who="2" fromWho="2" sc="173,-13,327,-26,240,62,250,-13" /><INIT seed="2,0,0,1,3,53" ten="160,301,302,237" oya="2" hai0="10,107,25,6,87,32,104,80,49,11,65,114,30" hai1="125,105,5,40,133,127,18,15,108,54,27,84,50" hai2="17,66,81,48,33,39,67,111,14,99,85,2,74" hai3="88,12,23,1,128,58,52,70,26,20,68,123,42"/><V76/><F39/><W122/><G123/><T126/><D126/><N who="1" m="48139" /><E105/><V16/><F2/><W91/><G1/><T9/><D114/><U102/><E102/><V79/><F33/><W19/><G122/><T110/><D110/><U60/><E108/><V92/><F111/><W41/><G128/><T113/><D113/><U98/><E98/><V115/><F115/><W13/><G70/><T59/><D6/><U61/><E40/><N who="3" m="15466" /><G68/><T119/><D119/><U129/><E129/><V109/><F109/><W24/><G26/><T3/><D3/><U44/><E5/><V45/><F76/><W71/><G71/><T63/><REACH who="0" step="1"/><D49/><REACH who="0" ten="150,301,302,237" step="2"/><U106/><E50/><V57/><F48/><N who="3" m="30983" /><G13/><T134/><D134/><U35/><E15/><V22/><F14/><W21/><G24/><T120/><D120/><U64/><E27/><V36/><F36/><W73/><G73/><T124/><D124/><U56/><E133/><V130/><F130/><W93/><G91/><AGARI ba="0,1" hai="9,10,11,25,30,32,59,63,65,80,87,91,104,107" machi="91" ten="40,2600,0" yaku="1,1,52,1,53,0" doraHai="53" doraHaiUra="43" who="0" fromWho="3" sc="150,36,301,0,302,0,237,-26" /><INIT seed="3,0,0,2,3,5" ten="186,301,302,211" oya="3" hai0="23,9,8,85,77,110,3,24,86,38,37,26,102" hai1="10,82,118,121,20,15,56,27,108,135,103,104,106" hai2="115,92,57,16,105,46,47,6,120,12,48,125,94" hai3="80,1,51,74,13,35,91,73,4,111,32,89,67"/><W63/><G1/><T129/><D102/><U11/><E121/><V33/><F105/><W53/><G111/><T71/><D3/><U99/><E106/><V122/><F33/><W119/><G119/><T14/><D110/><U114/><E114/><V90/><F115/><W55/><G35/><T7/><D71/><U107/><E107/><V88/><F125/><W18/><G32/><T54/><D54/><U21/><E108/><V25/><F6/><W130/><G130/><T100/><D100/><U131/><E131/><V52/><F25/><W65/><G4/><T81/><D129/><U117/><E135/><V76/><F76/><W112/><G112/><T109/><D109/><U123/><E123/><N who="2" m="47147" /><F94/><W42/><G42/><T43/><D9/><U64/><E82/><V58/><F58/><W128/><G128/><T132/><D132/><U66/><E11/><N who="2" m="6175" /><F90/><W29/><G29/><T30/><D43/><U97/><E97/><AGARI ba="0,0" hai="46,47,48,52,57,88,92,97" m="6175,47147" machi="97" ten="30,8000,1" yaku="13,1,52,1,54,3" doraHai="5" who="2" fromWho="1" sc="186,0,301,-80,302,80,211,0" owari="186,-31.0,221,2.0,382,48.0,211,-19.0" /></mjloggm>