<mjloggm ver="2.3"><GO type="97" lobby="0"/><UN n0="%73%34" n1="%E3%82%A6%E3%83%AB%E3%83%88%E3%83%A9%E7%AB%8B%E7%9B%B4" n2="%E3%82%82%E3%81%86%E9%BA%BB%E9%9B%80%E3%82%84%E3%82%93%E3%81%AA%E3%81%84" n3="%E3%81%9F%E3%83%BC%E3%81%AC" dan="13,15,14,15" rate="1968.84,2024.33,1951.34,2061.86" sx="M,M,M,M"/><TAIKYOKU oya="0"/><INIT seed="0,0,0,3,5,122" ten="250,250,250,250" oya="0" hai0="2,44,116,73,85,93,120,63,98,92,24,6,54" hai1="3,4,46,55,106,35,61,113,129,37,111,102,103" hai2="130,115,99,67,125,78,51,132,126,134,0,109,10" hai3="81,32,41,60,49,127,45,72,28,88,91,14,101"/><T77/><D116/><U79/><E55/><V40/><F115/><W8/><G127/><N who="2" m="48649" /><F67/><W107/><G60/><T94/><D120/><U22/><E22/><V23/><F78/><W33/><G107/><T59/><D73/><U100/><E61/><V95/><F23/><W36/><G101/><T17/><D2/><U26/><E103/><V114/><F114/><W83/><G36/><T39/><D39/><U53/><E100/><V97/><F40/><W12/><G72/><T18/><D6/><U66/><E53/><V86/><F51/><W69/><G69/><T1/><D1/><U74/><E66/><V84/><F10/><W119/><G119/><T15/><D44/><U71/><E71/><V65/><F65/><W25/><G33/><T19/><D24/><U112/><E112/><V50/><F50/><W57/><G57/><T80/><REACH who="0" step="1"/><D98/><REACH who="0" ten="240,250,250,250" step="2"/><U38/><E113/><V68/><F0/><W58/><G45/><T64/><D64/><U90/><E38/><V11/><F99/><W82/><G58/><T16/><D16/><U20/><E37/><V110/><F68/><W105/><G25/><T117/><D117/><U31/><E46/><V70/><F70/><W5/><G5/><T118/><D118/><U34/><E4/><V128/><F86/><W75/><G75/><T96/><D96/><U87/><E74/><V56/><F84/><W123/><G123/><T30/><D30/><U108/><E87/><V131/><F56/><W104/><G28/><T62/><D62/><U7/><E31/><V21/><F97/><W133/><G49/><T43/><D43/><RYUUKYOKU ba="0,1" sc="240,30,250,-10,250,-10,250,-10" hai0="15,17,18,19,54,59,63,77,80,85,92,93,94" /><INIT seed="0,1,1,5,3,30" ten="270,240,240,240" oya="0" hai0="28,53,20,2,47,82,119,108,8,13,61,122,39" hai1="48,6,81,16,37,38,105,125,104,70,58,91,89" hai2="24,25,72,117,67,43,7,78,92,29,35,109,14" hai3="26,129,102,101,34,71,0,41,22,17,27,84,1"/><T64/><D119/><U68/><E6/><V52/><F117/><W123/><G71/><T90/><D122/><U79/><E48/><V94/><F109/><W128/><G123/><T115/><D115/><U116/><E58/><V93/><F67/><W88/><G41/><T33/><D108/><U46/><E46/><V98/><F43/><W23/><G34/><T31/><D2/><U131/><E81/><V76/><F25/><W133/><G133/><T3/><D3/><U99/><E79/><V77/><F72/><W80/><G1/><T45/><D33/><U36/><E99/><V75/><F75/><W83/><G83/><T21/><D39/><U135/><E116/><V134/><F134/><W127/><G127/><T65/><D53/><U112/><E112/><V62/><F98/><W103/><REACH who="3" step="1"/><G0/><REACH who="3" ten="270,240,240,230" step="2"/><T40/><D82/><U120/><E135/><V4/><REACH who="2" step="1"/><F14/><REACH who="2" ten="270,240,230,230" step="2"/><W59/><G59/><AGARI ba="1,3" hai="4,7,24,29,35,52,59,62,76,77,78,92,93,94" machi="59" ten="40,8000,1" yaku="1,1,2,1,52,1,54,1,53,0" doraHai="30" doraHaiUra="9" who="2" fromWho="3" sc="270,0,240,0,230,113,230,-83" /><INIT seed="1,0,0,5,1,5" ten="270,240,343,147" oya="1" hai0="52,77,70,17,67,106,35,22,20,122,48,83,126" hai1="116,4,99,107,120,78,100,21,91,105,69,15,64" hai2="133,51,131,25,41,53,37,109,101,115,19,12,85" hai3="39,9,7,118,111,72,45,6,18,26,8,66,27"/><U13/><E120/><V29/><F109/><W74/><G111/><T43/><D122/><U2/><E116/><V98/><F131/><W60/><G118/><T56/><D35/><U89/><E105/><V30/><F133/><W127/><G127/><T104/><D126/><U36/><E13/><V3/><F3/><W102/><G102/><T32/><D32/><U54/><E64/><V62/><F115/><W23/><G39/><T88/><D43/><U76/><E69/><V84/><F62/><W112/><G45/><T90/><D70/><U75/><E54/><V123/><F123/><W71/><G112/><T28/><D106/><U97/><E21/><V81/><F41/><W16/><G18/><T47/><D104/><U61/><E15/><V132/><F37/><W113/><G27/><N who="0" m="16487" /><D77/><U42/><E61/><V33/><F30/><W49/><G49/><T86/><D67/><U95/><E78/><V40/><F132/><W129/><G129/><T135/><D135/><U50/><E50/><V128/><F40/><W58/><G71/><T14/><D90/><U10/><E91/><V55/><F128/><W134/><G134/><T108/><D108/><U92/><E107/><V119/><F119/><W117/><G117/><T24/><D24/><U57/><E42/><V1/><F1/><W110/><G110/><T103/><D103/><U121/><E36/><V96/><F101/><W65/><G65/><T31/><D31/><U63/><E121/><V68/><F68/><W79/><G113/><T59/><AGARI ba="0,0" hai="14,17,22,47,48,52,56,59,83,86,88" m="16487" machi="59" ten="30,4000,0" yaku="8,1,54,2" doraHai="5" who="0" fromWho="0" sc="270,40,240,-20,343,-10,147,-10" /><INIT seed="2,0,0,2,1,130" ten="310,220,333,137" oya="2" hai0="0,106,30,57,121,11,133,102,118,90,112,104,38" hai1="23,107,122,69,26,86,75,61,58,50,71,15,19" hai2="20,81,124,110,65,14,85,52,42,109,46,22,105" hai3="55,129,64,32,53,87,100,41,74,17,115,82,126"/><V4/><F124/><W6/><G129/><T79/><D112/><U24/><E107/><V135/><F105/><W78/><G126/><T29/><D121/><U63/><E75/><V94/><F65/><W16/><G115/><T33/><D38/><U116/><E116/><V10/><F94/><W44/><G32/><T1/><D79/><U45/><E122/><V108/><F135/><W113/><G113/><T43/><D43/><U96/><E69/><V59/><F46/><W21/><G64/><T89/><D57/><U120/><E120/><V27/><F42/><W111/><G111/><T72/><D72/><U97/><E86/><V123/><F27/><N who="1" m="10281" /><E58/><V92/><F92/><W80/><G6/><T7/><D7/><U98/><E71/><V56/><F56/><W25/><G100/><T76/><D76/><U125/><E125/><V67/><F67/><W131/><G17/><T95/><D11/><U12/><E12/><V28/><F28/><W77/><REACH who="3" step="1"/><G131/><REACH who="3" ten="310,220,333,127" step="2"/><T88/><D33/><U51/><E45/><V60/><F123/><W93/><G93/><T117/><D95/><U103/><E103/><V84/><F81/><W83/><G83/><T54/><D102/><U91/><E91/><V48/><F110/><W5/><G5/><T37/><D90/><U18/><E18/><V99/><F109/><W101/><G101/><T40/><D89/><U9/><E9/><V73/><F108/><W127/><G127/><T36/><D88/><U2/><E2/><V62/><F10/><W132/><G132/><T31/><D133/><U134/><E134/><V49/><F4/><RYUUKYOKU ba="0,1" sc="310,-15,220,15,333,-15,127,15" hai1="15,19,23,50,51,61,63,96,97,98" hai3="16,21,25,41,44,53,55,74,77,78,80,82,87" /><INIT seed="3,1,1,1,5,69" ten="295,235,318,142" oya="3" hai0="37,128,33,95,42,134,113,62,0,36,119,15,120" hai1="123,107,47,127,18,21,56,16,114,77,71,23,102" hai2="39,94,57,116,104,105,2,10,11,79,6,64,20" hai3="92,70,73,98,82,4,72,112,109,66,22,25,117"/><W101/><G112/><T43/><D0/><U59/><E71/><V83/><F116/><W55/><G117/><T35/><D119/><U111/><E107/><V68/><F68/><W41/><G4/><T74/><D74/><U124/><E102/><V121/><F121/><W49/><G41/><N who="0" m="15371" /><D113/><U90/><E114/><V60/><F39/><N who="0" m="14922" /><D95/><U26/><E47/><V93/><F11/><W54/><G109/><T89/><D15/><U8/><E8/><V61/><F61/><W67/><G82/><T88/><D62/><U17/><E77/><V46/><F46/><W12/><G12/><T99/><D99/><U97/><E111/><V131/><F105/><W45/><G55/><T106/><D106/><U31/><E123/><V9/><F104/><W65/><REACH who="3" step="1"/><G70/><REACH who="3" ten="295,235,318,132" step="2"/><T96/><D120/><U132/><E26/><V32/><F6/><W115/><G115/><T27/><D27/><U78/><E132/><V34/><F83/><W44/><G44/><T85/><D134/><U122/><E122/><V100/><F2/><W40/><G40/><T3/><D3/><U5/><E5/><V125/><F64/><W130/><G130/><T133/><D133/><U129/><E129/><V118/><F131/><W126/><G126/><T135/><D135/><U87/><E127/><V13/><F125/><W52/><G52/><T28/><D128/><U91/><E124/><V48/><F118/><W63/><G63/><T51/><D51/><U30/><E59/><V84/><F48/><W14/><G14/><T75/><D75/><U80/><E56/><V81/><F57/><W29/><AGARI ba="1,2" hai="22,25,29,45,49,54,65,66,67,72,73,92,98,101" machi="29" ten="30,6000,0" yaku="1,1,5,1,0,1,53,0" doraHai="69" doraHaiUra="7" who="3" fromWho="3" sc="295,-21,235,-21,318,-21,132,83" /><INIT seed="3,2,0,5,4,3" ten="274,214,297,215" oya="3" hai0="74,113,105,8,90,135,72,101,15,26,129,39,92" hai1="85,87,55,103,94,59,33,42,53,24,25,34,50" hai2="22,109,88,104,114,112,102,130,9,127,121,98,71" hai3="41,38,40,4,2,7,86,56,62,70,108,131,120"/><W11/><G120/><T106/><D39/><U75/><E75/><N who="0" m="28713" /><D26/><U93/><E42/><V119/><F119/><W95/><G131/><T91/><D15/><U81/><E81/><V64/><F130/><W31/><G70/><T111/><D8/><U124/><E103/><V73/><F121/><W32/><G108/><T30/><D30/><U78/><E78/><V118/><F118/><W14/><G38/><T67/><D67/><U6/><E124/><V122/><F122/><W17/><G2/><T19/><D19/><U116/><E116/><V117/><F117/><W16/><G32/><T27/><D27/><U66/><E66/><V134/><F127/><W35/><G31/><T63/><D63/><U44/><E44/><V97/><F109/><W57/><G35/><T45/><D45/><U29/><E29/><V123/><F123/><W80/><G95/><T20/><D20/><U100/><E100/><V125/><F22/><W69/><G69/><T110/><D129/><U5/><E59/><N who="3" m="22602" /><G62/><T54/><D113/><U84/><E84/><V65/><F71/><W79/><G17/><T126/><D92/><U132/><E50/><V10/><F125/><W43/><AGARI ba="2,0" hai="4,7,11,14,16,40,41,43,79,80,86" m="22602" machi="43" ten="30,11700,0" yaku="8,1,52,2,54,1" doraHai="3" who="3" fromWho="3" sc="274,-41,214,-41,297,-41,215,123" owari="233,-17.0,173,-33.0,256,6.0,338,44.0" /></mjloggm>