<mjloggm ver="2.3"><GO type="97" lobby="0"/><UN n0="%E5%8D%B0%E5%BA%A6%E7%84%A1%E5%8F%8C" n1="%E3%82%A6%E3%83%AB%E3%83%88%E3%83%A9%E7%AB%8B%E7%9B%B4" n2="%E3%81%BF%E3%82%84%E3%81%AA%E3%81%8C%E2%98%86%E3%81%95%E3%81%8D" n3="%49%47%41" dan="13,15,15,15" rate="1853.95,2008.31,1971.68,1997.01" sx="M,M,M,M"/><TAIKYOKU oya="0"/><INIT seed="0,0,0,1,5,92" ten="250,250,250,250" oya="0" hai0="36,109,80,22,135,38,87,78,103,26,23,50,32" hai1="110,70,86,68,106,101,2,10,99,64,119,79,90" hai2="82,89,125,121,129,84,41,59,48,100,53,112,131" hai3="77,16,133,72,65,27,11,63,126,66,122,28,14"/><T118/><D118/><U127/><E119/><V33/><F33/><W62/><G126/><T39/><D135/><U43/><E127/><V124/><F112/><W44/><G133/><T108/><D103/><U8/><E110/><N who="0" m="42601" /><D50/><U34/><E43/><V113/><F113/><W30/><G122/><T29/><AGARI ba="0,0" hai="22,23,26,29,32,36,38,39,78,80,87" m="42601" machi="29" ten="40,3900,0" yaku="14,1,10,1" doraHai="92" who="0" fromWho="0" sc="250,39,250,-13,250,-13,250,-13" /><INIT seed="0,1,0,4,1,5" ten="289,237,237,237" oya="0" hai0="36,14,46,25,125,70,95,68,66,121,21,6,2" hai1="84,116,133,75,62,127,13,31,128,3,53,10,98" hai2="61,18,81,7,130,115,87,39,49,27,94,8,60" hai3="112,132,107,0,26,1,123,99,59,117,105,126,50"/><T51/><D121/><U72/><E75/><V129/><F115/><W97/><G117/><T124/><D36/><U108/><E72/><V32/><F39/><W88/><G112/><T82/><D2/><U102/><E3/><V131/><F94/><W58/><G50/><T20/><D66/><U23/><E108/><V118/><F49/><W77/><G26/><T74/><D74/><U73/><E73/><V83/><F118/><W119/><G119/><T104/><D104/><U45/><E128/><V92/><F92/><W12/><G12/><T19/><D95/><U100/><E127/><N who="0" m="48713" /><D82/><N who="2" m="31242" /><F87/><W67/><G126/><T17/><D6/><U28/><E133/><V101/><F101/><W76/><G67/><T40/><AGARI ba="1,0" hai="14,17,19,20,21,25,40,46,51,68,70" m="48713" machi="40" ten="30,1500,0" yaku="18,1" doraHai="5" who="0" fromWho="0" sc="289,18,237,-6,237,-6,237,-6" /><INIT seed="0,2,0,3,2,104" ten="307,231,231,231" oya="0" hai0="19,45,77,111,102,16,96,67,99,75,6,95,32" hai1="130,53,55,86,84,64,61,33,131,122,121,42,10" hai2="98,123,51,129,15,41,81,71,11,106,90,73,52" hai3="3,120,20,5,24,113,39,100,128,78,21,60,35"/><T2/><D32/><U92/><E33/><V126/><F123/><W36/><G100/><T29/><D29/><U9/><E92/><V74/><F71/><W103/><G103/><T7/><D111/><U13/><E61/><V14/><F41/><W44/><G113/><T88/><D67/><U17/><E64/><V62/><F62/><W0/><G78/><T116/><D116/><U26/><E42/><V119/><F106/><W28/><G120/><T80/><D45/><U56/><E56/><V57/><F119/><W101/><G101/><T25/><D25/><U38/><E13/><V107/><F107/><W85/><G128/><T109/><D109/><U49/><E49/><V40/><F40/><W69/><G85/><T65/><D65/><U76/><E76/><V12/><F11/><N who="3" m="2471" /><G3/><T22/><D2/><U31/><E26/><V30/><F30/><W70/><G44/><T68/><D68/><U27/><E27/><V94/><F126/><W97/><G70/><T46/><D46/><U48/><E31/><V87/><REACH who="2" step="1"/><F129/><REACH who="2" ten="307,231,221,231" step="2"/><W115/><G60/><T118/><D118/><U105/><E105/><V37/><F37/><W135/><G69/><T63/><D63/><U54/><E38/><V117/><F117/><W66/><G39/><T34/><D34/><U132/><E130/><V83/><F83/><W114/><G36/><T127/><D127/><U82/><E131/><V124/><F124/><W50/><G35/><T112/><D112/><U43/><E82/><V134/><F134/><W59/><G135/><T18/><D22/><N who="3" m="8809" /><G115/><T108/><D108/><U93/><E132/><RYUUKYOKU ba="2,1" sc="307,15,231,-15,221,15,231,-15" hai0="6,7,16,18,19,75,77,80,88,95,96,99,102" hai2="12,14,15,51,52,57,73,74,81,87,90,94,98" /><INIT seed="0,3,1,1,4,92" ten="322,216,236,216" oya="0" hai0="97,129,23,134,62,20,3,99,65,41,105,87,131" hai1="120,54,44,110,0,84,2,30,66,47,104,49,60" hai2="61,58,96,101,122,111,14,90,100,102,74,52,1" hai3="22,91,31,93,56,35,125,36,28,18,114,17,21"/><T79/><D3/><U98/><E120/><V13/><F1/><W85/><G114/><T5/><D5/><U37/><E110/><V64/><F111/><W128/><G36/><T55/><D41/><U70/><E84/><V73/><F122/><W78/><G125/><T124/><D124/><U113/><E113/><V9/><F74/><W32/><G128/><N who="0" m="49227" /><D134/><U6/><E6/><V121/><F73/><W71/><G71/><N who="0" m="42423" /><D55/><U103/><REACH who="1" step="1"/><E30/><REACH who="1" ten="322,206,236,216" step="2"/><V115/><F121/><W75/><G28/><T8/><D8/><U94/><E94/><N who="2" m="56407" /><F115/><W34/><G31/><T82/><D105/><U24/><E24/><V88/><F9/><W45/><G35/><T46/><D46/><U4/><E4/><V63/><F13/><W67/><G34/><T116/><D116/><U7/><E7/><V19/><F14/><W26/><G32/><T95/><D95/><U38/><E38/><V59/><F19/><W127/><G45/><T108/><D108/><U51/><E51/><V86/><F102/><W135/><G127/><T27/><D27/><U69/><E69/><V109/><F109/><W50/><G17/><T112/><D112/><U133/><E133/><V15/><F15/><W81/><G135/><T107/><D107/><U130/><E130/><V68/><F68/><W40/><G26/><T29/><D29/><U132/><E132/><V118/><F118/><W72/><G18/><T10/><D10/><U119/><E119/><V16/><F16/><W11/><G72/><T117/><D117/><U77/><E77/><V33/><F33/><W39/><G11/><T12/><D12/><RYUUKYOKU ba="3,2" sc="322,10,206,10,236,10,216,-30" hai0="20,23,79,82,87,97,99" hai1="0,2,37,44,47,49,54,60,66,70,98,103,104" hai2="52,58,59,61,63,64,86,88,100,101" /><INIT seed="0,4,2,2,1,102" ten="332,216,246,186" oya="0" hai0="44,74,114,115,48,81,95,113,126,117,19,96,31" hai1="65,29,123,68,13,40,28,1,37,27,101,26,77" hai2="128,76,47,0,58,122,52,9,78,79,129,127,94" hai3="89,73,107,100,63,34,91,59,56,25,98,116,22"/><T8/><D117/><U70/><E13/><V21/><F122/><W49/><G116/><T93/><D31/><U12/><E12/><V99/><F47/><W133/><G133/><T90/><D126/><U121/><E77/><V97/><F127/><W92/><G34/><T5/><D95/><U132/><E101/><V6/><F21/><W50/><G73/><T51/><D19/><U86/><E86/><V4/><F4/><W119/><G119/><T135/><D135/><U18/><E18/><V20/><F20/><W112/><G112/><T88/><D44/><U38/><E132/><V104/><F104/><W7/><G7/><T125/><D125/><U109/><E65/><V82/><F82/><W103/><G103/><T35/><D35/><U46/><E46/><V134/><F134/><W53/><G59/><T30/><D30/><U16/><E16/><V11/><F11/><W39/><G39/><T72/><D72/><U84/><E84/><V43/><F43/><W24/><G89/><T17/><D17/><U80/><E80/><V2/><F2/><W32/><G32/><T57/><D57/><U41/><REACH who="1" step="1"/><E109/><REACH who="1" ten="332,206,246,186" step="2"/><V120/><F0/><AGARI ba="4,3" hai="0,1,26,27,28,29,37,38,40,41,68,70,121,123" machi="0" ten="25,12000,2" yaku="1,1,2,1,22,2,53,2" doraHai="102" doraHaiUra="118" who="1" fromWho="2" sc="332,0,206,162,246,-132,186,0" /><INIT seed="1,0,0,3,2,93" ten="332,368,114,186" oya="1" hai0="121,120,132,106,128,34,114,57,78,63,54,94,38" hai1="124,17,26,83,87,96,56,3,61,80,103,2,82" hai2="129,20,21,29,32,41,86,0,27,127,131,133,111" hai3="49,84,58,33,110,65,8,24,12,52,79,75,105"/><U46/><E124/><V85/><F41/><W18/><G105/><T13/><D114/><U60/><E46/><V113/><F86/><W126/><G126/><T101/><D106/><U109/><E109/><V100/><F85/><W48/><G110/><T66/><D38/><U15/><E26/><N who="2" m="18487" /><F100/><W31/><G75/><T50/><D34/><U123/><E123/><N who="0" m="47177" /><D132/><U108/><E108/><V69/><F69/><W99/><G65/><T7/><D78/><U90/><E3/><V71/><F71/><W72/><G72/><T62/><D128/><N who="2" m="49226" /><F111/><W95/><G84/><T116/><D116/><U67/><E2/><V35/><F127/><W74/><G74/><T122/><D122/><U6/><E61/><V104/><F104/><W10/><G79/><T14/><D7/><U77/><E6/><V102/><F102/><W76/><G76/><T98/><D63/><U118/><E118/><V40/><F40/><W68/><G68/><AGARI ba="0,0" hai="13,14,50,54,57,62,66,68,94,98,101" m="47177" machi="68" ten="30,2000,0" yaku="13,1,52,1" doraHai="93" who="0" fromWho="3" sc="332,20,368,0,114,0,186,-20" /><INIT seed="2,0,0,4,0,88" ten="352,368,114,166" oya="2" hai0="17,124,119,45,11,100,31,113,54,20,23,69,117" hai1="130,24,106,129,84,35,74,33,68,27,86,52,95" hai2="19,132,123,97,40,15,21,105,125,22,36,79,89" hai3="76,126,103,3,49,47,80,70,30,51,135,118,64"/><V57/><F123/><W26/><G118/><N who="0" m="45067" /><D113/><U65/><E106/><V59/><F79/><W94/><G3/><T32/><D69/><U72/><E68/><V39/><F125/><W81/><G126/><T131/><D124/><U56/><E65/><V9/><F132/><W96/><G135/><T25/><D131/><U43/><E43/><V66/><F105/><W116/><G116/><T122/><D122/><U29/><E56/><N who="2" m="21579" /><F39/><W85/><G47/><T82/><D100/><U115/><E115/><V61/><F36/><W41/><G41/><T120/><D82/><U87/><E52/><V114/><F114/><W73/><G64/><T108/><D120/><U98/><E74/><V102/><F102/><W67/><G67/><T107/><D107/><U28/><REACH who="1" step="1"/><E72/><REACH who="1" ten="352,358,114,166" step="2"/><V46/><F66/><W93/><G70/><T18/><D108/><U104/><E104/><V111/><F111/><W5/><G73/><T53/><D45/><U55/><E55/><V133/><F133/><W128/><G128/><T83/><D54/><U48/><E48/><N who="2" m="26695" /><F61/><W10/><G51/><T90/><D53/><U58/><E58/><V7/><F7/><W38/><G49/><T134/><D134/><U8/><E8/><V91/><F91/><AGARI ba="0,1" hai="24,27,28,29,33,35,84,86,87,91,95,98,129,130" machi="91" ten="40,5200,0" yaku="1,1,9,1,52,1,53,0" doraHai="88" doraHaiUra="2" who="1" fromWho="2" sc="352,0,358,62,114,-52,166,0" /><INIT seed="3,0,0,2,4,57" ten="352,420,62,166" oya="3" hai0="123,14,32,59,43,93,19,79,52,51,30,82,128" hai1="132,50,131,2,5,41,74,103,78,104,94,4,49" hai2="98,73,88,127,100,42,125,130,10,85,20,110,63" hai3="55,84,68,22,65,34,62,3,16,106,102,61,109"/><W9/><G34/><T37/><D123/><U40/><E104/><V58/><F110/><W67/><G109/><T44/><D128/><U7/><E2/><V6/><F73/><W95/><G106/><T48/><D93/><U0/><E0/><V27/><F42/><N who="1" m="16489" /><E74/><V11/><F130/><W77/><G55/><T81/><D37/><U129/><E131/><V72/><F72/><W133/><G133/><T71/><D71/><U46/><E129/><V86/><F86/><W111/><G111/><T13/><D13/><U90/><E132/><V124/><F6/><W108/><G108/><T24/><REACH who="0" step="1"/><D79/><REACH who="0" ten="342,420,62,166" step="2"/><U18/><E78/><V56/><F100/><W36/><G36/><T91/><D91/><U54/><E103/><V89/><F98/><W87/><G87/><T99/><D99/><U33/><E94/><V53/><F58/><W66/><G77/><T113/><D113/><U120/><E90/><V64/><F64/><W101/><G84/><T17/><D17/><U15/><E18/><V80/><REACH who="2" step="1"/><F89/><REACH who="2" ten="342,420,52,166" step="2"/><W115/><G67/><T116/><D116/><U126/><E5/><V23/><F23/><AGARI ba="0,2" hai="14,19,23,24,30,32,43,44,48,51,52,59,81,82" machi="23" ten="30,3900,0" yaku="1,1,7,1,54,1,53,0" doraHai="57" doraHaiUra="107" who="0" fromWho="2" sc="342,59,420,0,52,-39,166,0" owari="401,20.0,420,52.0,13,-49.0,166,-23.0" /></mjloggm>