<mjloggm ver="2.3"><GO type="97" lobby="0"/><UN n0="%E3%82%B9%E3%82%AF%E3%82%AC%E3%83%A9%E3%82%B9" n1="%E6%B0%B4%E8%92%B8%E6%B0%97" n2="%E3%82%A6%E3%83%AB%E3%83%88%E3%83%A9%E7%AB%8B%E7%9B%B4" n3="%6B%61%7A%75%37%61%73%75" dan="14,13,15,13" rate="1908.16,1837.58,1979.93,1816.82" sx="M,M,M,M"/><TAIKYOKU oya="0"/><INIT seed="0,0,0,0,1,8" ten="250,250,250,250" oya="0" hai0="92,5,113,93,94,64,98,110,114,58,127,38,61" hai1="79,133,124,62,112,60,65,48,52,49,82,134,18" hai2="72,78,55,96,19,100,116,13,69,99,24,42,37" hai3="102,67,74,86,108,88,117,41,77,68,87,9,29"/><T54/><D38/><U76/><E112/><V6/><F69/><W126/><G117/><T3/><D114/><U128/><E128/><V119/><F78/><N who="1" m="29737" /><E82/><V132/><F72/><W36/><G108/><T43/><D113/><U47/><E124/><V31/><F6/><W103/><G126/><T44/><D127/><U16/><E65/><V120/><F120/><W39/><G29/><T135/><D110/><U63/><E48/><V27/><F27/><W56/><G68/><T53/><D135/><AGARI ba="0,0" hai="16,18,47,49,52,60,62,63,133,134,135" m="29737" machi="135" ten="30,3900,0" yaku="20,1,54,2" doraHai="8" who="1" fromWho="0" sc="250,-39,250,39,250,0,250,0" /><INIT seed="1,0,0,0,5,69" ten="211,289,250,250" oya="1" hai0="56,36,51,99,126,27,11,63,117,12,19,133,134" hai1="31,68,5,130,72,91,76,74,107,94,105,100,118" hai2="30,18,6,88,113,115,54,9,57,80,98,29,85" hai3="26,52,108,79,64,32,102,78,109,34,2,14,121"/><U77/><E68/><V3/><F18/><W122/><G102/><T82/><D117/><U81/><E31/><V129/><F129/><W70/><G2/><T10/><D51/><U13/><E130/><V17/><F17/><W101/><G101/><T132/><D99/><N who="1" m="61599" /><E5/><V37/><F98/><W35/><G14/><T75/><D126/><U119/><E13/><V28/><REACH who="2" step="1"/><F37/><REACH who="2" ten="211,289,240,250" step="2"/><W7/><G7/><T38/><D27/><U120/><E120/><N who="3" m="46186" /><G26/><T59/><D10/><U43/><E107/><V106/><F106/><W95/><G95/><T20/><D11/><U45/><E119/><V39/><F39/><N who="0" m="14890" /><D63/><AGARI ba="0,1" hai="3,6,9,28,29,30,54,57,63,80,85,88,113,115" machi="63" ten="40,5200,0" yaku="1,1,54,1,53,1" doraHai="69" doraHaiUra="58" who="2" fromWho="0" sc="211,-52,289,0,240,62,250,0" /><INIT seed="2,0,0,4,3,105" ten="159,289,302,250" oya="2" hai0="120,32,49,77,54,35,52,123,29,46,134,56,67" hai1="101,133,113,55,16,50,62,4,1,61,127,30,20" hai2="38,87,78,121,22,91,129,107,122,21,118,95,41" hai3="69,44,68,131,17,31,119,64,117,135,65,47,130"/><V63/><F107/><W73/><G17/><T18/><D134/><U27/><E133/><V11/><F118/><N who="3" m="45067" /><G31/><T94/><D67/><N who="3" m="25673" /><G73/><T3/><D3/><U5/><E113/><V111/><F21/><W82/><G82/><T109/><D109/><U110/><E110/><V84/><F22/><W39/><G135/><T42/><D54/><U15/><E127/><V40/><F11/><W85/><G85/><T92/><D77/><U116/><E116/><V99/><F111/><W83/><G83/><T51/><D18/><U7/><E101/><V128/><F84/><W114/><G39/><T79/><D79/><U125/><E125/><V14/><F87/><W59/><G59/><T103/><D29/><U70/><E70/><N who="3" m="27242" /><G114/><T57/><D57/><U108/><E108/><V71/><F78/><W36/><G36/><T72/><D72/><U102/><E102/><V6/><F38/><W97/><G97/><T25/><D25/><U80/><E80/><V13/><F13/><W126/><G126/><T132/><D132/><U12/><E12/><V8/><F14/><W89/><G89/><T19/><D19/><U76/><E76/><V37/><F6/><W53/><G53/><T60/><D51/><U106/><E106/><V28/><F37/><W88/><G88/><T34/><REACH who="0" step="1"/><D103/><REACH who="0" ten="149,289,302,250" step="2"/><U23/><REACH who="1" step="1"/><E1/><REACH who="1" ten="149,279,302,250" step="2"/><V2/><F2/><W86/><G131/><T74/><D74/><U81/><E81/><V0/><F129/><W90/><G130/><T45/><D45/><AGARI ba="0,2" hai="4,5,7,15,16,20,23,27,30,45,50,55,61,62" machi="45" ten="40,8000,1" yaku="1,1,8,1,54,1,53,1" doraHai="105" doraHaiUra="24" who="1" fromWho="0" sc="149,-80,279,100,302,0,250,0" /><INIT seed="3,0,0,0,4,22" ten="69,379,302,250" oya="3" hai0="101,87,56,74,100,82,122,21,70,80,73,33,118" hai1="134,48,31,30,27,77,38,45,117,98,107,90,104" hai2="20,15,131,102,19,65,4,17,37,61,89,26,129" hai3="0,126,54,133,127,135,39,96,69,35,44,123,41"/><W13/><G0/><T85/><D70/><U113/><E113/><V57/><F37/><W94/><G35/><T91/><D33/><U36/><E117/><V12/><F102/><N who="0" m="39530" /><D21/><U3/><E3/><V67/><F4/><W124/><G13/><T63/><D56/><U99/><E134/><N who="3" m="51210" /><G96/><T128/><D63/><U105/><E77/><V34/><F89/><W119/><G94/><T55/><D55/><U114/><E114/><V115/><F115/><W88/><G88/><N who="0" m="51239" /><D118/><U93/><E99/><V71/><F34/><W53/><G119/><T68/><D68/><U6/><E6/><V18/><F71/><W116/><G116/><T14/><D14/><U62/><E62/><V109/><F19/><W108/><G123/><T120/><D120/><U7/><E7/><V64/><F12/><W86/><G86/><N who="0" m="50647" /><D128/><U92/><E27/><V75/><F131/><W29/><G29/><T66/><D66/><U40/><E38/><V2/><F129/><W132/><N who="3" m="51218" /><W51/><DORA hai="59" /><G69/><T16/><D16/><U50/><E36/><V23/><F2/><W103/><G103/><T28/><D28/><U72/><E50/><V46/><F15/><W24/><G24/><T79/><D122/><U49/><E49/><V10/><F26/><W1/><G1/><T121/><D121/><U125/><E31/><V60/><F18/><W32/><G32/><T47/><D47/><U11/><E30/><V25/><F17/><W95/><G95/><T112/><D112/><U97/><E11/><V81/><F10/><W78/><G78/><T83/><D79/><U111/><E72/><RYUUKYOKU ba="0,0" sc="69,30,379,-10,302,-10,250,-10" hai0="73,74,83,87" owari="99,-40.0,369,47.0,292,9.0,240,-16.0" /></mjloggm>