<mjloggm ver="2.3"><GO type="169" lobby="0"/><UN n0="%E3%82%A6%E3%83%AB%E3%83%88%E3%83%A9%E7%AB%8B%E7%9B%B4" n1="%E3%83%96%E3%83%BC%E3%83%BC%E3%83%BC%E3%83%B3" n2="%E2%98%85%4C%55%43%4B" n3="%E3%82%A2%E3%82%B9%E3%82%BF%E3%83%8A" dan="17,16,16,16" rate="2082.75,2137.84,2092.25,2109.06" sx="M,M,M,M"/><TAIKYOKU oya="0"/><INIT seed="0,0,0,1,3,82" ten="250,250,250,250" oya="0" hai0="134,80,120,0,47,40,65,135,87,98,52,75,84" hai1="43,23,18,5,96,32,38,104,109,88,129,6,66" hai2="76,63,10,14,101,26,73,106,77,25,115,28,60" hai3="1,125,53,105,39,44,102,78,54,70,30,15,46"/><T49/><D0/><U123/><E32/><V31/><F115/><W92/><G1/><T107/><D65/><U124/><E123/><V71/><F73/><W59/><G105/><T131/><D120/><U4/><E129/><V94/><F106/><W128/><G70/><T130/><D75/><U57/><E109/><V62/><F71/><W79/><G30/><N who="2" m="11305" /><F101/><W24/><G24/><N who="2" m="9321" /><F94/><W2/><G92/><T68/><D68/><U81/><E124/><V55/><F55/><W56/><G102/><N who="0" m="62935" /><D40/><U121/><E121/><V7/><AGARI ba="0,0" hai="7,10,14,60,62,63,76,77" m="9321,11305" machi="7" ten="30,1100,0" yaku="8,1" doraHai="82" who="2" fromWho="2" sc="250,-5,250,-3,250,11,250,-3" /><INIT seed="1,0,0,4,5,96" ten="245,247,261,247" oya="1" hai0="125,107,17,64,5,68,34,21,112,25,86,41,61" hai1="0,56,54,13,103,74,84,75,111,71,4,81,114" hai2="134,115,42,49,97,92,63,67,133,40,88,26,60" hai3="11,16,12,31,102,109,91,14,95,22,79,77,108"/><U6/><E114/><V29/><F49/><W128/><G128/><T83/><D112/><U32/><E71/><V116/><F116/><W99/><G91/><T20/><D125/><U37/><E32/><V50/><F115/><W28/><G108/><T52/><D41/><U62/><E37/><V70/><F60/><W8/><G109/><T119/><D34/><U51/><E0/><V66/><F66/><W10/><REACH who="3" step="1"/><G12/><REACH who="3" ten="245,247,261,237" step="2"/><T47/><D119/><U80/><E13/><V120/><F120/><W126/><G126/><T101/><D5/><U76/><E4/><V44/><REACH who="2" step="1"/><F42/><REACH who="2" ten="245,247,251,237" step="2"/><W43/><G43/><T129/><D129/><U135/><E111/><V73/><F73/><W98/><G98/><T121/><D121/><U105/><E75/><V104/><F104/><W46/><G46/><T106/><D47/><U24/><E105/><V123/><F123/><W85/><G85/><T48/><D106/><U30/><E84/><V130/><F130/><W82/><G82/><T45/><D86/><U122/><E81/><V39/><F39/><W59/><G59/><T3/><D83/><U33/><E56/><V9/><F9/><W127/><G127/><T100/><D107/><U53/><E80/><V1/><F1/><W7/><G7/><T69/><D3/><U15/><E6/><V72/><F72/><W124/><G124/><T132/><D68/><U94/><E74/><V35/><AGARI ba="0,2" hai="26,29,35,40,44,50,63,67,70,88,92,97,133,134" machi="35" ten="30,7900,0" yaku="1,1,0,1,54,1,53,1" doraHai="96" doraHaiUra="27" who="2" fromWho="2" sc="245,-20,247,-39,251,99,237,-20" /><INIT seed="2,0,0,5,5,95" ten="225,208,350,217" oya="2" hai0="135,45,113,76,60,78,111,56,27,51,50,48,104" hai1="38,91,16,1,122,125,112,67,89,82,57,41,103" hai2="128,54,18,97,7,49,19,20,134,36,39,34,52" hai3="110,0,132,25,131,33,114,92,86,65,47,13,46"/><V69/><F69/><W35/><G0/><T9/><D104/><U66/><E1/><V10/><F34/><W133/><G114/><T87/><D111/><U106/><E112/><V17/><F20/><W53/><G110/><T84/><D135/><N who="3" m="51785" /><G65/><T44/><D27/><U58/><E125/><V108/><F134/><W30/><G131/><T129/><D9/><U85/><E122/><V42/><F108/><W37/><G33/><T71/><D71/><U94/><E106/><V77/><F39/><W29/><G29/><T15/><D15/><U130/><E103/><V120/><F36/><W127/><G127/><T24/><D24/><U8/><E130/><V74/><F120/><W68/><G68/><T3/><D3/><U115/><E115/><V105/><F128/><W70/><G70/><T12/><D12/><N who="1" m="7175" /><E41/><V73/><F73/><W55/><G37/><T11/><D129/><U40/><E40/><V83/><F42/><W5/><G35/><T23/><D11/><U61/><E38/><V22/><F22/><W72/><G72/><T109/><D23/><U126/><E126/><V63/><F10/><W90/><G13/><T79/><D109/><U2/><E2/><V107/><F107/><W118/><G118/><T80/><D113/><U14/><E14/><V121/><F74/><W93/><G25/><T98/><D45/><U64/><E58/><V59/><F59/><W88/><G47/><T6/><D44/><U62/><E57/><V116/><F105/><W81/><G46/><T4/><D56/><U99/><AGARI ba="0,0" hai="61,62,64,66,67,82,85,89,91,94,99" m="7175" machi="99" ten="30,4000,0" yaku="8,1,52,1,54,1" doraHai="95" who="1" fromWho="1" sc="225,-10,208,40,350,-20,217,-10" /><INIT seed="3,0,0,0,4,9" ten="215,248,330,207" oya="3" hai0="62,33,20,54,29,1,53,82,25,15,22,109,112" hai1="4,121,86,10,13,3,28,125,31,89,16,38,18" hai2="127,97,34,40,26,57,39,76,133,71,87,72,32" hai3="115,48,119,69,35,11,84,19,102,135,107,92,118"/><W85/><G115/><T95/><D1/><U105/><E38/><V8/><F71/><W55/><G69/><T47/><D112/><U68/><E68/><V106/><F72/><W91/><G35/><T30/><D109/><U117/><E105/><V108/><F108/><W132/><G107/><T104/><D104/><U131/><E121/><V99/><F26/><W100/><G85/><T0/><D0/><U36/><E36/><V14/><F57/><W37/><G37/><T21/><D30/><N who="1" m="11307" /><E131/><V75/><F75/><W111/><G111/><T79/><D95/><N who="1" m="54711" /><E125/><V88/><F76/><W23/><G11/><T78/><D78/><U43/><E117/><V61/><F127/><W103/><G118/><T124/><D124/><U90/><E3/><V70/><F39/><W120/><G119/><T50/><D62/><U80/><E43/><V77/><F40/><W63/><G120/><T27/><D27/><U49/><E49/><V116/><F77/><W83/><G63/><T5/><D54/><U73/><E73/><V60/><F60/><W101/><N who="3" m="25600" /><DORA hai="51" /><W42/><G42/><T126/><D126/><U98/><E80/><V17/><F61/><W130/><G130/><T122/><D122/><U67/><E67/><V114/><F70/><W96/><G83/><T65/><D65/><U44/><E44/><V129/><F114/><W45/><REACH who="3" step="1"/><G96/><REACH who="3" ten="215,248,330,197" step="2"/><T46/><D82/><U58/><E98/><V59/><F129/><W93/><G93/><T52/><D33/><U134/><E10/><V113/><F8/><W2/><G2/><T81/><D81/><U94/><E94/><RYUUKYOKU ba="0,1" sc="215,-10,248,-10,330,-10,197,30" hai3="19,23,45,48,55,84,91,92,132,135" /><INIT seed="3,1,1,2,1,64" ten="205,238,320,227" oya="3" hai0="9,25,78,63,16,114,1,79,135,93,86,98,115" hai1="49,19,56,68,60,3,8,113,40,80,59,15,83" hai2="128,133,131,31,99,129,134,107,27,6,95,13,94" hai3="119,106,85,124,96,110,32,76,61,4,26,74,58"/><W125/><G119/><T43/><D135/><N who="2" m="51722" /><F107/><W52/><G74/><T42/><D63/><U22/><E113/><N who="0" m="43017" /><D1/><U11/><E68/><V69/><F6/><W33/><G4/><T109/><D109/><U108/><E108/><V48/><F13/><W91/><G110/><T103/><D86/><U47/><E3/><V44/><F99/><W34/><G76/><N who="0" m="29227" /><D9/><N who="1" m="3659" /><E59/><V111/><F69/><W104/><G26/><T38/><D38/><U70/><E70/><V66/><F66/><AGARI ba="1,1" hai="15,19,22,40,47,49,56,60,66,80,83" m="3659" machi="66" ten="30,1000,0" yaku="8,1" doraHai="64" who="1" fromWho="2" sc="205,0,238,23,320,-13,227,0" /><INIT seed="4,0,0,4,5,24" ten="205,261,307,227" oya="0" hai0="28,79,98,43,46,55,76,75,71,35,61,40,69" hai1="100,14,37,42,12,8,48,44,115,134,80,84,104" hai2="74,102,53,26,114,68,18,22,11,57,77,1,110" hai3="81,123,125,25,21,7,121,51,15,116,16,129,89"/><T111/><D43/><U60/><E134/><V58/><F68/><W83/><G116/><T63/><D111/><U105/><E115/><V23/><F110/><W32/><G125/><T39/><D63/><U92/><E60/><V132/><F132/><W106/><G106/><T91/><D71/><U6/><E37/><V27/><F114/><W65/><G65/><T131/><D131/><U120/><E120/><N who="3" m="46154" /><G129/><T72/><D79/><N who="1" m="46111" /><E14/><V88/><F102/><W9/><G89/><T118/><D118/><U64/><E64/><V85/><F74/><W86/><G86/><T54/><D54/><U41/><E42/><V2/><F77/><W4/><G51/><T90/><D76/><U59/><E59/><V67/><F67/><W0/><G4/><T97/><D69/><U29/><E29/><AGARI ba="0,0" hai="0,7,9,15,16,21,25,29,32,81,83" m="46154" machi="29" ten="30,7700,0" yaku="24,1,13,1,52,1,54,1" doraHai="24" who="3" fromWho="1" sc="205,0,261,-77,307,0,227,77" /><INIT seed="5,0,0,2,3,0" ten="205,184,307,304" oya="1" hai0="51,115,86,45,27,111,119,83,6,109,13,40,71" hai1="84,10,52,36,102,74,94,69,104,87,25,18,16" hai2="130,2,3,39,103,11,20,125,80,43,53,67,30" hai3="89,101,28,49,79,33,15,121,107,122,128,5,34"/><U48/><E36/><V135/><F3/><W112/><G79/><T17/><D71/><U4/><E69/><V120/><F67/><W81/><G101/><T117/><D115/><U59/><E74/><V95/><F53/><W132/><G107/><T14/><D27/><U32/><E104/><V55/><F55/><W76/><G89/><T127/><D127/><U70/><E70/><V37/><F30/><W105/><G105/><T8/><D117/><U85/><E32/><V110/><F20/><W35/><G112/><T41/><D41/><U38/><E38/><V73/><F43/><W82/><G132/><T98/><D98/><N who="1" m="59735" /><E25/><V106/><F11/><W23/><G128/><T99/><D99/><U63/><E48/><V1/><F1/><W113/><G113/><T31/><D31/><U133/><E133/><V92/><F103/><W50/><G50/><T100/><D100/><U57/><E59/><V60/><F60/><W21/><G49/><T7/><D119/><U123/><E123/><V97/><F97/><W46/><G46/><T44/><D44/><U29/><E29/><V47/><F47/><W96/><G28/><T66/><D66/><U93/><E93/><V77/><F77/><W116/><G116/><T54/><D40/><U22/><E22/><V65/><F65/><W88/><G23/><T68/><D68/><U24/><E24/><V126/><F126/><W108/><G21/><T131/><D131/><U114/><E114/><V72/><F72/><W64/><G35/><T75/><D75/><U129/><E129/><V19/><F130/><W58/><G34/><RYUUKYOKU ba="0,0" sc="205,-10,184,30,307,-10,304,-10" hai1="4,10,16,18,52,57,63,84,85,87" /><INIT seed="5,1,0,4,1,71" ten="195,214,297,294" oya="1" hai0="73,38,106,1,24,81,46,19,49,54,9,78,17" hai1="6,59,104,63,98,129,86,96,82,45,2,37,56" hai2="58,51,112,68,127,35,15,31,109,95,77,121,108" hai3="131,83,97,13,126,34,125,66,27,92,8,12,48"/><U60/><E129/><V67/><F121/><W23/><G131/><T74/><D106/><U21/><E2/><V135/><F68/><W11/><G34/><T87/><D74/><U69/><E6/><V44/><F77/><W40/><G66/><T32/><D87/><U72/><E72/><V116/><F116/><W57/><G83/><T76/><D76/><U64/><E21/><V122/><F31/><W101/><G57/><T100/><D100/><U124/><E124/><N who="3" m="47722" /><G48/><T102/><D102/><U94/><E104/><V14/><F95/><W62/><G62/><T115/><D32/><U26/><E26/><V20/><F51/><W80/><G80/><T90/><D24/><U128/><E128/><V22/><F58/><W93/><G40/><T10/><D90/><U65/><E69/><V89/><F44/><W36/><G93/><T75/><D75/><U114/><E94/><V42/><F67/><W53/><G53/><T119/><D119/><U103/><E103/><V30/><F42/><W39/><G13/><T55/><D55/><U134/><E82/><V84/><F15/><W41/><G41/><T107/><D81/><U61/><E61/><V70/><F14/><W7/><G8/><T16/><D10/><U117/><E65/><V88/><F35/><W111/><G111/><T118/><D9/><U47/><E64/><V33/><F33/><W52/><G52/><T130/><D54/><U28/><E60/><V79/><F70/><W29/><AGARI ba="1,0" hai="7,11,12,23,27,29,36,39,92,97,101" m="47722" machi="29" ten="30,4000,0" yaku="18,1,52,2" doraHai="71" who="3" fromWho="3" sc="195,-11,214,-21,297,-11,294,43" /><INIT seed="6,0,0,1,2,38" ten="184,193,286,337" oya="2" hai0="67,103,39,15,54,129,100,87,119,80,126,69,90" hai1="86,63,56,109,36,92,133,93,72,30,81,28,112" hai2="25,70,59,45,43,47,76,0,113,18,27,114,41" hai3="74,102,104,44,52,34,13,6,91,75,14,77,21"/><V42/><F0/><W32/><G104/><T55/><D69/><U29/><E109/><V4/><F4/><W125/><G102/><N who="0" m="38955" /><D39/><U24/><E36/><V37/><F70/><W82/><G75/><T84/><D119/><U22/><E72/><V2/><F2/><W131/><G131/><T132/><D129/><U1/><E112/><N who="2" m="43115" /><F76/><W101/><G101/><T65/><D126/><U57/><E133/><V135/><F135/><W78/><G78/><N who="0" m="46103" /><D15/><U11/><E1/><V71/><F71/><W49/><G125/><T116/><D116/><U9/><E9/><V110/><F37/><W68/><G68/><T62/><D132/><U97/><E11/><V53/><F110/><W10/><G14/><T122/><D122/><U51/><E51/><N who="2" m="31167" /><F18/><W88/><REACH who="3" step="1"/><G21/><REACH who="3" ten="184,193,286,327" step="2"/><T26/><D26/><AGARI ba="0,1" hai="25,26,27,41,42,43,45,47" m="31167,43115" machi="26" ten="30,11600,0" yaku="15,1,52,3" doraHai="38" who="2" fromWho="0" sc="184,-116,193,0,286,126,327,0" /><INIT seed="6,1,0,0,4,48" ten="68,193,412,327" oya="2" hai0="12,78,120,117,74,20,91,132,94,69,122,104,38" hai1="60,59,24,87,54,15,55,4,0,2,126,32,22" hai2="70,56,16,8,36,7,9,82,130,13,106,37,21" hai3="57,90,109,128,113,86,81,25,135,11,53,19,47"/><V63/><F70/><W79/><G109/><T83/><D12/><U125/><E32/><V95/><F106/><W100/><G135/><T123/><D20/><U31/><E87/><V68/><F68/><W41/><G128/><T119/><D69/><U98/><E98/><V30/><F130/><W96/><G113/><T75/><D38/><U14/><E55/><V50/><F50/><N who="3" m="26991" /><G100/><T29/><D29/><U64/><E54/><V99/><F82/><W129/><G129/><T127/><D132/><U10/><E15/><V34/><F34/><W131/><G131/><T61/><D61/><U80/><E80/><V97/><F97/><W71/><G71/><T72/><D104/><U35/><E2/><V42/><F42/><W6/><G6/><T107/><D107/><U66/><E66/><V110/><F9/><W114/><G114/><T17/><D17/><AGARI ba="1,0" hai="0,4,10,14,17,22,24,31,35,59,60,64,125,126" machi="17" ten="40,2600,0" yaku="24,2" doraHai="48" who="1" fromWho="0" sc="68,-29,193,29,412,0,327,0" /><INIT seed="7,0,0,0,2,9" ten="39,222,412,327" oya="3" hai0="46,105,31,108,18,58,1,41,47,50,100,81,82" hai1="129,67,113,60,131,83,2,13,24,69,40,51,123" hai2="7,124,84,53,10,96,48,66,37,130,26,117,28" hai3="56,132,14,30,21,8,91,76,38,11,73,97,89"/><W104/><G38/><T34/><D1/><U70/><E2/><V61/><F37/><W98/><G132/><T45/><D108/><U6/><E123/><V118/><F124/><W121/><G121/><T125/><D125/><U55/><E24/><V109/><F109/><W65/><G73/><T92/><D105/><U71/><E83/><V12/><F84/><W29/><G104/><T114/><D114/><U5/><E5/><V80/><F80/><W43/><G76/><T36/><D31/><N who="3" m="11785" /><G43/><T25/><D34/><U134/><E6/><V110/><F96/><N who="3" m="36971" /><G21/><T115/><D115/><U101/><E40/><V85/><F85/><W52/><G65/><T17/><D41/><U135/><E67/><V112/><F112/><W78/><G78/><T116/><D36/><U88/><E113/><V107/><F107/><W93/><G93/><T35/><D92/><U32/><E135/><V44/><F130/><W33/><G33/><T75/><D35/><U54/><E32/><V57/><F110/><W86/><G86/><T0/><D75/><U127/><E131/><V103/><F103/><W42/><G42/><T128/><D100/><U39/><E101/><V102/><F102/><W95/><G95/><T120/><D128/><U27/><E39/><V49/><F48/><N who="3" m="30727" /><G8/><T3/><D120/><U15/><E129/><V74/><F74/><W68/><G68/><T23/><D0/><U106/><E71/><V99/><F99/><W119/><G119/><T4/><D3/><U20/><E70/><V133/><F133/><W111/><G111/><T79/><D79/><U94/><E134/><RYUUKYOKU ba="0,0" sc="39,-15,222,-15,412,15,327,15" hai2="7,10,12,26,28,44,49,53,57,61,66,117,118" hai3="11,14,89,91" /><INIT seed="7,1,0,5,2,75" ten="24,207,427,342" oya="3" hai0="47,37,39,35,127,131,56,95,48,59,51,76,74" hai1="100,87,77,10,38,86,5,134,126,125,8,45,92" hai2="97,31,73,70,121,25,102,22,65,36,130,63,61" hai3="0,66,54,28,98,29,119,118,120,9,50,16,101"/><W57/><G120/><T78/><D95/><U43/><E134/><V42/><F73/><W2/><G66/><T69/><D74/><U6/><E77/><V21/><F130/><W24/><G28/><T53/><D47/><U19/><E19/><V89/><F89/><W109/><G109/><T105/><D53/><U46/><E100/><V93/><F121/><W34/><G0/><T107/><D69/><U44/><E44/><V11/><F61/><W58/><G58/><T30/><D30/><U115/><E115/><V104/><F93/><W113/><G113/><T67/><D67/><U27/><E27/><V15/><F42/><W49/><G49/><T12/><D12/><N who="1" m="5135" /><E92/><V80/><F80/><W133/><G133/><T14/><D14/><N who="1" m="5463" /><E46/><V81/><F81/><W41/><G41/><T83/><D83/><U122/><E122/><V32/><F36/><W1/><G1/><T123/><D123/><U60/><E60/><V18/><AGARI ba="1,0" hai="11,15,18,21,22,25,31,32,63,65,70,97,102,104" machi="18" ten="20,5200,0" yaku="0,1,7,1,25,2" doraHai="75" who="2" fromWho="2" sc="24,-14,207,-14,427,55,342,-27" owari="10,-49.0,193,-21.0,482,58.0,315,12.0" /></mjloggm>