<mjloggm ver="2.3"><GO type="169" lobby="0"/><UN n0="%E5%BC%B1%E8%99%AB" n1="%E4%BF%A1%E7%94%B7" n2="%E3%82%A6%E3%83%AB%E3%83%88%E3%83%A9%E7%AB%8B%E7%9B%B4" n3="%E3%83%97%E3%83%AD%E3%82%B8%E3%83%A3%E3%83%B3%E6%B0%8F" dan="17,16,17,16" rate="2166.05,2047.53,2051.22,2089.45" sx="M,F,M,M"/><TAIKYOKU oya="0"/><INIT seed="0,0,0,5,0,16" ten="250,250,250,250" oya="0" hai0="53,9,6,104,91,1,28,89,99,11,105,100,90" hai1="7,96,47,118,32,132,52,69,57,101,131,5,114" hai2="29,79,125,62,109,117,55,22,83,21,115,120,8" hai3="112,65,68,127,135,37,59,86,110,63,126,12,38"/><T58/><D11/><U67/><E118/><V106/><F106/><W73/><G73/><T60/><REACH who="0" step="1"/><D28/><REACH who="0" ten="240,250,250,250" step="2"/><U15/><E114/><V3/><F29/><W35/><G112/><T2/><D2/><U45/><E131/><V80/><F3/><W10/><G10/><T129/><D129/><U46/><E132/><V111/><F8/><W51/><G135/><T98/><D98/><U40/><E96/><V61/><F115/><W27/><G126/><T43/><D43/><U50/><E40/><V119/><F125/><W130/><G127/><T4/><D4/><U17/><E7/><V88/><F120/><W81/><G130/><T24/><D24/><U70/><E5/><V64/><F117/><W44/><G27/><T74/><D74/><U20/><E32/><V124/><F119/><W95/><G35/><T19/><D19/><U128/><E128/><V94/><F124/><W33/><G33/><T84/><D84/><U71/><REACH who="1" step="1"/><E101/><REACH who="1" ten="240,240,250,250" step="2"/><V102/><F102/><W122/><G122/><T54/><D54/><U25/><E25/><V133/><F133/><W121/><G121/><T85/><D85/><U107/><E107/><AGARI ba="0,2" hai="1,6,9,53,58,60,89,90,91,99,100,104,105,107" machi="107" ten="40,2000,0" yaku="1,1,53,0" doraHai="16" doraHaiUra="134" who="0" fromWho="1" sc="240,40,240,-20,250,0,250,0" /><INIT seed="0,1,0,2,0,92" ten="280,220,250,250" oya="0" hai0="124,53,113,72,69,102,62,6,116,7,5,1,98" hai1="65,108,104,24,28,99,83,82,121,87,111,17,18" hai2="97,29,105,115,25,39,41,127,49,77,10,75,131" hai3="16,78,120,123,89,91,58,22,134,70,74,76,32"/><T122/><D122/><N who="3" m="46633" /><G70/><T48/><D116/><U44/><E121/><V107/><F115/><W59/><G32/><T117/><D117/><U118/><E118/><V27/><F127/><W23/><G134/><T73/><D113/><U93/><E104/><V15/><F131/><W130/><G130/><T84/><D124/><U33/><E65/><V31/><F39/><W133/><G133/><T68/><D1/><U9/><E44/><V61/><F61/><W119/><G119/><T4/><D84/><U85/><E9/><V13/><F77/><N who="3" m="29803" /><G74/><T34/><D34/><U71/><E71/><V109/><F75/><W50/><G22/><T132/><D132/><U81/><E85/><V45/><F10/><W95/><G50/><T8/><D69/><U88/><REACH who="1" step="1"/><E87/><REACH who="1" ten="280,210,250,250" step="2"/><V11/><F11/><W60/><G58/><T106/><D8/><U47/><E47/><V96/><F45/><W128/><G128/><T101/><D68/><U129/><E129/><V56/><F56/><W103/><G59/><T2/><D73/><U90/><E90/><V125/><F125/><W63/><G91/><T19/><D72/><U3/><E3/><V80/><F80/><W112/><G112/><T86/><D2/><U135/><E135/><V43/><F49/><W64/><G64/><T79/><D48/><U46/><E46/><V126/><F126/><W67/><G67/><T100/><D106/><U51/><E51/><V20/><F20/><W0/><G0/><T30/><D62/><U40/><E40/><V110/><AGARI ba="1,1" hai="13,15,25,27,29,31,41,43,96,97,105,107,109,110" machi="110" ten="25,8000,1" yaku="0,1,22,2,52,2" doraHai="92" who="2" fromWho="2" sc="280,-41,210,-21,250,93,250,-21" /><INIT seed="1,0,0,4,2,8" ten="239,189,343,229" oya="1" hai0="106,100,133,104,41,49,82,122,5,62,90,115,59" hai1="1,47,130,64,18,17,19,25,83,120,48,117,3" hai2="71,81,113,53,28,66,61,36,56,89,24,121,27" hai3="67,60,13,33,2,98,77,26,75,93,55,40,44"/><U96/><E117/><V35/><F121/><W29/><G2/><T86/><D115/><U124/><E120/><V50/><F113/><W45/><G55/><T69/><D122/><U123/><E123/><V91/><F27/><W20/><G77/><T9/><D133/><U68/><E130/><V39/><F81/><W125/><G125/><T102/><D69/><U22/><E124/><V134/><F134/><W135/><G75/><T80/><D80/><U31/><E83/><V88/><AGARI ba="0,0" hai="24,28,35,36,39,50,53,56,61,66,71,88,89,91" machi="88" ten="30,2000,0" yaku="0,1,54,1" doraHai="8" who="2" fromWho="2" sc="239,-5,189,-10,343,20,229,-5" /><INIT seed="2,0,0,2,0,36" ten="234,179,363,224" oya="2" hai0="60,30,92,40,66,46,118,35,99,2,43,121,18" hai1="87,61,26,71,19,34,84,111,107,3,119,117,93" hai2="20,85,116,78,14,82,17,15,10,96,22,105,70" hai3="81,9,101,103,63,7,86,51,24,28,89,115,100"/><V44/><F70/><W33/><G115/><T62/><D121/><U53/><E107/><V39/><F116/><W37/><G37/><T110/><D2/><U129/><E3/><V11/><F105/><W135/><G135/><T130/><D118/><U113/><E113/><V131/><F131/><W56/><G51/><T38/><D130/><U83/><E111/><V8/><F96/><W6/><REACH who="3" step="1"/><G9/><REACH who="3" ten="234,179,363,214" step="2"/><T59/><D110/><U0/><E129/><V104/><F8/><W98/><G98/><T75/><D38/><U95/><E117/><V94/><F11/><W73/><G73/><T72/><D72/><U16/><E119/><V90/><F10/><W91/><G91/><T67/><D75/><U50/><E50/><V128/><F128/><W109/><G109/><T45/><D99/><U120/><E120/><V23/><F39/><W65/><AGARI ba="0,1" hai="6,7,24,28,33,56,63,65,81,86,89,100,101,103" machi="65" ten="30,4000,0" yaku="1,1,0,1,53,1" doraHai="36" doraHaiUra="21" who="3" fromWho="3" sc="234,-10,179,-10,363,-20,214,50" /><INIT seed="3,0,0,4,0,100" ten="224,169,343,264" oya="3" hai0="121,5,57,94,42,44,31,105,7,64,128,32,45" hai1="110,36,63,75,18,55,74,47,123,29,129,73,4" hai2="102,35,3,124,20,109,83,134,119,28,133,117,24" hai3="58,108,130,112,61,38,122,67,16,86,71,1,116"/><W49/><G1/><T95/><D121/><U78/><E123/><V27/><F83/><W79/><G112/><T93/><D128/><U107/><E107/><V111/><F102/><W41/><G122/><T125/><D125/><U68/><E110/><N who="2" m="41995" /><F3/><W46/><G116/><N who="2" m="44617" /><F124/><W90/><G130/><T89/><D105/><U33/><E129/><V22/><F35/><W91/><G108/><T6/><D32/><U69/><E4/><V60/><F60/><W13/><G79/><T87/><D31/><AGARI ba="0,0" hai="20,22,24,27,28,31,133,134" m="44617,41995" machi="31" ten="30,3900,0" yaku="14,1,34,2" doraHai="100" who="2" fromWho="0" sc="224,-39,169,0,343,39,264,0" /><INIT seed="4,0,0,4,5,8" ten="185,169,382,264" oya="0" hai0="23,85,38,5,36,89,126,125,50,118,104,91,79" hai1="86,114,68,21,107,56,135,127,129,75,47,70,110" hai2="63,9,20,33,95,49,65,131,52,11,97,112,78" hai3="40,66,54,83,84,58,12,134,57,41,2,15,31"/><T113/><D118/><U117/><RYUUKYOKU type="yao9" ba="0,0" sc="185,0,169,0,382,0,264,0" hai1="21,47,56,68,70,75,86,107,110,114,117,127,129,135" /><INIT seed="4,1,0,3,4,70" ten="185,169,382,264" oya="0" hai0="84,48,118,12,31,4,90,56,115,129,104,106,120" hai1="101,43,34,47,27,21,68,123,82,113,38,98,13" hai2="119,66,79,134,32,117,37,107,23,65,40,20,89" hai3="60,78,54,132,45,58,93,22,71,63,61,62,121"/><T130/><D120/><U96/><E123/><V80/><F32/><W10/><G121/><T30/><D118/><U6/><E68/><V74/><F107/><W17/><G132/><T128/><D115/><U114/><E82/><V28/><F89/><W55/><G71/><T133/><D133/><U11/><E34/><V52/><F134/><W72/><G72/><T51/><D4/><U91/><E91/><V126/><F126/><W24/><G78/><T29/><D12/><U100/><E96/><V14/><F14/><W15/><G93/><N who="0" m="54471" /><D56/><U25/><E25/><V111/><F23/><W86/><G86/><T99/><D99/><U49/><E49/><AGARI ba="1,0" hai="29,30,31,48,49,51,104,106,128,129,130" m="54471" machi="49" ten="40,2000,0" yaku="19,1" doraHai="70" who="0" fromWho="1" sc="185,23,169,-23,382,0,264,0" /><INIT seed="4,2,0,2,5,113" ten="208,146,382,264" oya="0" hai0="90,68,119,104,25,3,60,92,31,93,49,108,48" hai1="103,29,5,133,74,114,62,0,1,101,45,54,132" hai2="100,70,95,110,75,97,79,111,8,53,126,117,123" hai3="41,55,56,21,14,78,109,24,107,105,135,124,102"/><T88/><D104/><U76/><E114/><V44/><F70/><W67/><G109/><T37/><D37/><U10/><E29/><V98/><F8/><W69/><G124/><T52/><D3/><U82/><E0/><V2/><F53/><W89/><G135/><T129/><D108/><U16/><E62/><V128/><F44/><W9/><G78/><T51/><D129/><U94/><E94/><N who="0" m="36457" /><D119/><U20/><E54/><V57/><F57/><W38/><G69/><T85/><D68/><U130/><E130/><V63/><F63/><W12/><G67/><T36/><D36/><U87/><E87/><V127/><F2/><W4/><G12/><T59/><D85/><U13/><REACH who="1" step="1"/><E45/><REACH who="1" ten="208,136,382,264" step="2"/><V91/><F128/><W46/><G46/><T15/><D15/><U125/><E125/><V11/><F126/><W27/><G14/><T23/><AGARI ba="2,1" hai="23,25,31,48,49,51,52,59,60,88,90" m="36457" machi="23" ten="30,6000,0" yaku="8,1,54,2" doraHai="113" who="0" fromWho="0" sc="208,76,136,-22,382,-22,264,-22" /><INIT seed="4,3,0,5,3,107" ten="284,114,360,242" oya="0" hai0="72,87,29,85,108,3,74,53,77,37,36,54,79" hai1="82,45,88,110,122,41,27,19,113,125,46,115,91" hai2="93,65,97,64,104,126,129,67,73,116,131,11,8" hai3="0,68,42,25,30,43,80,119,28,16,35,62,84"/><T32/><D3/><U96/><E110/><V34/><F34/><W69/><G119/><T109/><D29/><U76/><E122/><V83/><F104/><W31/><G0/><T17/><D17/><U92/><E125/><V57/><F57/><W132/><G132/><T44/><D44/><U78/><E19/><V2/><F2/><W22/><G35/><AGARI ba="3,0" hai="32,35,36,37,53,54,72,74,77,79,85,87,108,109" machi="35" ten="25,9600,0" yaku="22,2,52,2" doraHai="107" who="0" fromWho="3" sc="284,105,114,0,360,0,242,-105" /><INIT seed="4,4,0,3,0,11" ten="389,114,360,137" oya="0" hai0="70,39,7,49,110,52,116,19,75,107,103,83,28" hai1="59,6,46,22,129,99,108,134,38,126,10,64,112" hai2="61,101,37,104,71,5,69,3,9,128,0,58,47" hai3="133,127,12,115,21,31,16,82,123,77,86,120,78"/><T65/><D116/><U73/><E108/><V63/><F128/><W114/><G133/><T91/><D28/><U2/><E134/><V118/><F118/><W132/><G132/><T15/><D39/><U135/><E135/><V105/><F101/><W17/><G127/><T34/><D34/><U8/><E126/><V124/><F124/><W25/><G77/><T36/><D36/><U81/><E129/><V66/><F58/><W92/><G92/><T89/><D7/><U102/><E112/><N who="3" m="43050" /><G17/><T122/><D122/><U131/><E131/><V26/><F26/><W4/><G4/><T95/><D110/><U50/><E38/><V88/><F88/><W43/><G43/><T68/><D65/><U54/><E22/><AGARI ba="4,0" hai="12,16,21,22,25,31,78,82,86,120,123" m="43050" machi="22" ten="30,3900,0" yaku="15,1,52,1,54,1" doraHai="11" who="3" fromWho="1" sc="389,0,114,-51,360,0,137,51" /><INIT seed="5,0,0,4,1,29" ten="389,63,360,188" oya="1" hai0="0,114,81,18,65,70,8,11,91,58,40,1,100" hai1="16,64,37,115,61,78,131,44,31,20,71,135,96" hai2="120,6,116,122,74,59,10,24,47,98,129,13,106" hai3="93,85,4,80,54,82,9,19,125,48,104,21,67"/><U84/><E115/><V42/><F116/><W72/><G104/><T97/><D70/><U68/><E131/><V39/><F129/><W30/><G125/><T34/><D34/><U73/><E135/><V95/><F106/><W76/><G67/><T75/><D40/><U124/><E124/><V107/><F107/><W101/><G30/><T90/><D114/><U28/><E73/><V92/><F74/><W105/><G105/><T14/><D75/><U109/><E109/><V79/><F79/><W43/><G43/><T12/><D1/><U17/><E68/><V121/><F98/><W87/><G101/><T3/><D3/><U117/><E117/><V55/><REACH who="2" step="1"/><F24/><REACH who="2" ten="389,63,350,188" step="2"/><W88/><G72/><T83/><D97/><U128/><E128/><V53/><F53/><W119/><G119/><T41/><D100/><U60/><E96/><V33/><F33/><W52/><G54/><T66/><D91/><U130/><E130/><V118/><F118/><W50/><G52/><T51/><D90/><U94/><E78/><V112/><F112/><W46/><G88/><T26/><D26/><U111/><E111/><V2/><F2/><W49/><G76/><T63/><D0/><U102/><E102/><V86/><F86/><W99/><G87/><T133/><D133/><U127/><E127/><V15/><F15/><W89/><G85/><T69/><D66/><U22/><E84/><V57/><F57/><W27/><REACH who="3" step="1"/><G46/><REACH who="3" ten="389,63,350,178" step="2"/><N who="0" m="26063" /><D69/><U110/><E110/><V126/><F126/><W56/><G56/><T108/><D108/><U23/><E71/><V103/><F103/><W45/><G45/><RYUUKYOKU ba="0,2" sc="389,10,63,-30,350,10,178,10" hai0="8,11,12,14,18,58,63,65,81,83" hai2="6,10,13,39,42,47,55,59,92,95,120,121,122" hai3="4,9,19,21,27,48,49,50,80,82,89,93,99" /><INIT seed="6,1,2,5,0,83" ten="399,33,360,188" oya="2" hai0="38,5,39,42,46,119,98,102,29,2,114,49,18" hai1="76,41,48,12,82,7,73,50,122,121,37,66,91" hai2="111,80,95,116,99,131,126,85,86,11,31,104,40" hai3="3,79,28,65,135,17,36,67,123,58,109,87,106"/><V30/><F104/><W70/><G106/><T10/><D114/><U75/><E66/><V44/><F116/><W32/><G3/><T112/><D112/><U51/><E91/><V13/><F111/><W81/><G109/><T101/><D119/><U103/><E103/><V64/><F64/><W14/><G123/><T57/><D29/><U72/><E12/><V35/><F35/><W0/><G0/><T22/><D57/><U55/><E55/><V127/><F131/><W88/><G70/><T6/><D6/><U4/><E4/><V61/><F61/><W27/><G135/><T84/><D84/><N who="2" m="32362" /><F80/><W120/><G120/><T92/><REACH who="0" step="1"/><D102/><REACH who="0" ten="389,33,360,188" step="2"/><U21/><E121/><V63/><F63/><W54/><G81/><T113/><D113/><U130/><E122/><V108/><F108/><W97/><G32/><T23/><D23/><U1/><E130/><V94/><F127/><W134/><G67/><T110/><D110/><U90/><E21/><V15/><F126/><W26/><G65/><T9/><D9/><U16/><E90/><V69/><F69/><W89/><G88/><T77/><D77/><U25/><E73/><V107/><F11/><W60/><G60/><T132/><D132/><U125/><E75/><V117/><F117/><W24/><G36/><T129/><D129/><U96/><E125/><V93/><F31/><W20/><G28/><T45/><D45/><U47/><E96/><V52/><F30/><W53/><G134/><T68/><D68/><U62/><E62/><V34/><F44/><W74/><G74/><T124/><D124/><U33/><E47/><RYUUKYOKU ba="1,3" sc="389,30,33,-10,360,-10,188,-10" hai0="2,5,10,18,22,38,39,42,46,49,92,98,101" /><INIT seed="7,2,3,5,4,55" ten="419,23,350,178" oya="3" hai0="90,92,119,116,115,88,31,44,75,91,118,50,34" hai1="72,105,93,104,52,66,94,67,122,126,16,69,40" hai2="11,100,113,51,54,17,22,103,24,53,96,21,2" hai3="4,117,7,70,56,108,23,47,76,9,6,14,37"/><W36/><G70/><T135/><D75/><U0/><E0/><V77/><F113/><W38/><G117/><T134/><D115/><U73/><E69/><V60/><F77/><W120/><G120/><T130/><D130/><U89/><E122/><V33/><F33/><W45/><G108/><T83/><D31/><U32/><E32/><V57/><F2/><W121/><G121/><T80/><D34/><U71/><E71/><V109/><F109/><W48/><G76/><T85/><D80/><U129/><E40/><V110/><F110/><W114/><G23/><T123/><D123/><U86/><E126/><V25/><F11/><W15/><G114/><T84/><D91/><U97/><E129/><V5/><F5/><W35/><G35/><T43/><AGARI ba="2,3" hai="43,44,50,83,84,85,88,90,92,116,118,119,134,135" machi="43" ten="40,2700,0" yaku="0,1,54,1" doraHai="55" who="0" fromWho="0" sc="419,63,23,-9,350,-9,178,-15" owari="482,59.0,14,-49.0,341,14.0,163,-24.0" /></mjloggm>