<mjloggm ver="2.3"><GO type="169" lobby="0"/><UN n0="%E3%81%A4%E3%81%B0%E3%81%8D%E3%81%A1%30%33" n1="%E3%82%A6%E3%83%AB%E3%83%88%E3%83%A9%E7%AB%8B%E7%9B%B4" n2="%50%6F%6E%74%61" n3="%EF%BC%88%EF%BC%8A%EF%BC%9E%EF%BC%9C%EF%BC%89" dan="17,17,17,17" rate="2212.53,2052.21,2119.69,2178.60" sx="M,M,M,M"/><TAIKYOKU oya="0"/><INIT seed="0,0,0,4,0,75" ten="250,250,250,250" oya="0" hai0="47,114,117,6,41,53,57,34,9,85,103,74,59" hai1="49,100,131,22,54,135,92,7,132,4,27,51,97" hai2="108,24,68,45,29,106,134,119,11,72,80,129,101" hai3="1,67,62,50,13,56,60,107,111,37,78,88,124"/><T95/><D117/><U87/><E131/><V93/><F129/><W65/><G37/><T112/><D34/><U113/><E113/><V104/><F119/><W127/><G107/><T126/><D74/><U109/><E109/><V39/><F108/><W43/><G1/><T91/><D103/><U130/><E130/><V26/><F134/><W35/><G35/><T44/><D126/><N who="3" m="48169" /><G111/><T64/><D64/><U83/><E51/><V0/><F68/><W48/><G13/><T115/><D53/><U21/><E21/><V99/><F26/><W125/><G125/><T10/><D10/><U8/><E8/><V118/><F118/><W84/><G43/><T128/><D128/><U133/><E22/><V31/><F31/><W52/><G78/><T33/><D33/><U90/><REACH who="1" step="1"/><E27/><REACH who="1" ten="250,240,250,250" step="2"/><V15/><F24/><W19/><G19/><T25/><D25/><U32/><E32/><V12/><F29/><W86/><G48/><T102/><D102/><U63/><E63/><N who="3" m="24106" /><G84/><T17/><D17/><U42/><E42/><V20/><F101/><W96/><G96/><T121/><D115/><U89/><E89/><V77/><F99/><W73/><G73/><T66/><D114/><U105/><E105/><V123/><F72/><W46/><G88/><T110/><D112/><U69/><E69/><V38/><F104/><W61/><G86/><T3/><D110/><U5/><E5/><V16/><F106/><W116/><G116/><T40/><D40/><U81/><E81/><V2/><F39/><W71/><G71/><T55/><D41/><U79/><E79/><V58/><F77/><RYUUKYOKU ba="0,1" sc="250,-15,240,15,250,-15,250,15" hai1="4,7,49,54,83,87,90,92,97,100,132,133,135" hai3="46,50,52,56,61,65,67" /><INIT seed="1,1,1,2,0,13" ten="235,255,235,265" oya="1" hai0="57,33,35,108,49,135,114,22,105,103,85,129,122" hai1="92,52,16,66,121,54,87,38,100,25,127,64,98" hai2="32,119,47,31,97,78,61,75,111,6,60,94,55" hai3="74,28,110,51,76,41,112,50,72,69,128,70,12"/><U130/><E38/><V113/><F119/><W42/><G12/><T124/><D103/><U7/><E121/><V90/><F111/><W9/><G9/><T96/><D96/><U91/><E7/><V134/><F134/><W44/><G76/><T132/><D85/><U2/><E2/><V118/><F118/><W43/><G28/><T24/><D49/><U5/><E5/><V59/><F113/><W88/><G110/><T34/><D57/><U29/><E29/><V126/><F126/><W120/><G120/><T45/><D45/><U86/><E127/><V10/><F47/><W56/><G128/><T27/><D105/><U73/><E73/><V30/><F32/><N who="0" m="12394" /><D124/><U63/><E87/><V15/><F75/><W1/><G112/><T106/><D106/><U46/><E130/><V95/><F78/><W37/><G37/><T3/><D108/><U17/><E25/><N who="0" m="9801" /><D35/><U65/><E54/><V21/><F61/><W80/><G72/><T0/><D129/><U131/><E131/><V53/><F55/><W36/><G36/><T4/><D122/><U18/><E46/><V19/><F95/><W79/><G44/><T99/><D99/><U20/><E52/><V71/><F71/><W83/><G69/><T115/><D22/><U14/><E63/><V23/><F21/><W109/><G70/><T62/><D62/><U117/><E117/><V93/><F94/><AGARI ba="1,1" hai="14,16,17,18,20,64,65,66,86,91,92,94,98,100" machi="94" ten="40,12000,1" yaku="8,1,52,3,54,1" doraHai="13" who="1" fromWho="2" sc="235,0,255,133,235,-123,265,0" /><INIT seed="1,2,0,3,4,5" ten="235,388,112,265" oya="1" hai0="6,35,94,64,116,44,85,78,75,90,93,52,106" hai1="43,24,79,69,122,133,3,54,87,124,71,55,50" hai2="123,134,37,7,68,89,103,114,16,74,118,13,96" hai3="99,126,2,22,41,82,31,97,14,70,61,47,80"/><U56/><E122/><V129/><F123/><W45/><G2/><T76/><D35/><U109/><E124/><V51/><F118/><W130/><G126/><T29/><D29/><U128/><E128/><V63/><F37/><W120/><G120/><T110/><D64/><U25/><E133/><V48/><F129/><W111/><G130/><T72/><D6/><U135/><E135/><V108/><F134/><W59/><G70/><T127/><D44/><U101/><E43/><V19/><F108/><W39/><G45/><T83/><D52/><U117/><E117/><V34/><F34/><W112/><G112/><T28/><D28/><U17/><E3/><V32/><F32/><W105/><G111/><T38/><D38/><U91/><E79/><N who="0" m="30249" /><D110/><U115/><E115/><V81/><F74/><N who="0" m="28202" /><D116/><U73/><E73/><V53/><F114/><W92/><G31/><T9/><D9/><U60/><E71/><V131/><F131/><W27/><G27/><T1/><D1/><U23/><E69/><V67/><F7/><W36/><G36/><T100/><D127/><U86/><E109/><V57/><F48/><W21/><G21/><T77/><N who="0" m="30257" /><T20/><DORA hai="15" /><D20/><U33/><E33/><V42/><F42/><W84/><G22/><T66/><D66/><U104/><E25/><V65/><F67/><W113/><G113/><T107/><D100/><U18/><E23/><V12/><F12/><W125/><G14/><T10/><D10/><U49/><E24/><V46/><F13/><W30/><G125/><T88/><D90/><U98/><E91/><V102/><F89/><RYUUKYOKU ba="2,0" sc="235,30,388,-10,112,-10,265,-10" hai0="83,85,88,93,94,106,107" /><INIT seed="2,3,0,1,2,38" ten="265,378,102,255" oya="2" hai0="80,53,28,22,13,116,110,60,45,48,72,128,0" hai1="79,84,98,97,46,68,37,47,66,119,123,21,82" hai2="92,59,25,61,81,134,91,104,130,109,55,96,117" hai3="75,112,7,131,49,126,132,9,71,27,108,19,115"/><V8/><F117/><W42/><G75/><T30/><D0/><U64/><E119/><V124/><F130/><W100/><G71/><T88/><D128/><U23/><E68/><V62/><F134/><W107/><G131/><T16/><D110/><U77/><E37/><V14/><F109/><W57/><G100/><T3/><D3/><U94/><E94/><V36/><F104/><W70/><G70/><T24/><D116/><U52/><E84/><V65/><F124/><W133/><G107/><T106/><D106/><U103/><E103/><V43/><F25/><W74/><G74/><T29/><D60/><U122/><E82/><V11/><F81/><W118/><G57/><T85/><REACH who="0" step="1"/><D72/><REACH who="0" ten="255,378,102,255" step="2"/><U89/><E123/><V127/><F127/><W86/><G126/><T32/><AGARI ba="3,1" hai="13,16,22,24,28,29,30,32,45,48,53,80,85,88" machi="32" ten="20,12000,2" yaku="1,1,2,1,0,1,7,1,54,2,53,1" doraHai="38" doraHaiUra="15" who="0" fromWho="0" sc="255,139,378,-33,102,-63,255,-33" /><INIT seed="3,0,0,2,0,121" ten="394,345,39,222" oya="3" hai0="100,135,124,80,69,60,70,109,93,2,110,17,1" hai1="81,28,21,49,10,12,25,96,73,92,46,4,39" hai2="27,74,18,134,45,66,23,47,11,94,132,58,51" hai3="122,0,29,113,106,41,76,88,71,24,91,75,82"/><W63/><G0/><N who="0" m="107" /><D60/><U9/><E39/><V48/><F74/><W61/><G122/><T43/><D43/><U52/><E73/><V86/><F11/><W123/><G123/><T40/><D40/><U133/><E133/><N who="2" m="51307" /><F66/><W8/><G113/><T111/><D135/><U99/><E81/><V97/><F86/><W115/><G115/><T13/><D80/><U68/><E68/><N who="0" m="26217" /><D124/><U116/><E116/><V89/><F58/><W67/><G8/><N who="0" m="6311" /><D93/><U65/><E65/><V33/><F33/><N who="3" m="20647" /><G61/><T129/><D100/><U19/><E99/><V57/><F57/><W77/><G41/><T119/><D129/><U32/><REACH who="1" step="1"/><E4/><REACH who="1" ten="394,335,39,222" step="2"/><V90/><F97/><W78/><G75/><T5/><D5/><U35/><E35/><V103/><F103/><AGARI ba="0,1" hai="9,10,12,19,21,25,28,32,46,49,52,92,96,103" machi="103" ten="30,7700,0" yaku="1,1,7,1,54,1,53,1" doraHai="121" doraHaiUra="22" who="1" fromWho="2" sc="394,0,335,87,39,-77,222,0" owari="394,19.0,422,53.0,-38,-54.0,222,-18.0" /></mjloggm>