<mjloggm ver="2.3"><GO type="97" lobby="0"/><UN n0="%E3%82%A6%E3%83%AB%E3%83%88%E3%83%A9%E7%AB%8B%E7%9B%B4" n1="%E3%81%93%E3%82%8D%E3%81%A3%E3%81%A1" n2="%E3%82%B8%E3%83%A5%E3%83%A9%E3%82%A4" n3="%62%61%6B%61%32%31%38%30" dan="15,14,15,13" rate="2007.67,1873.71,2008.82,1872.86" sx="M,M,M,M"/><TAIKYOKU oya="0"/><INIT seed="0,0,0,1,4,34" ten="250,250,250,250" oya="0" hai0="12,13,6,11,100,41,115,68,130,113,16,57,38" hai1="64,129,106,42,93,29,52,60,46,69,22,132,66" hai2="44,21,30,9,20,43,49,40,73,122,88,19,102" hai3="121,96,15,105,118,74,45,31,26,5,110,28,101"/><T89/><D68/><U77/><E129/><V35/><F73/><W87/><G110/><T0/><D130/><U67/><E132/><V75/><F75/><W76/><G118/><T39/><D100/><U98/><E106/><V126/><F122/><W48/><G121/><T127/><D13/><U85/><E52/><V99/><F126/><W72/><G72/><T97/><D127/><U80/><E22/><V134/><F134/><W4/><G74/><T3/><D57/><U94/><E29/><V33/><F43/><W1/><G1/><N who="0" m="587" /><D89/><U50/><REACH who="1" step="1"/><E93/><REACH who="1" ten="250,240,250,250" step="2"/><N who="2" m="56743" /><F35/><W23/><G31/><T116/><D41/><U104/><E104/><V18/><F33/><W71/><G71/><T10/><D116/><U24/><E24/><V120/><F30/><W36/><G36/><T32/><D39/><U25/><E25/><V91/><F120/><W53/><REACH who="3" step="1"/><G15/><REACH who="3" ten="250,240,250,240" step="2"/><N who="0" m="5591" /><D38/><U124/><E124/><V112/><F40/><W62/><G62/><T95/><D32/><U117/><E117/><V37/><F37/><W109/><G109/><T51/><D51/><U82/><E82/><AGARI ba="0,2" hai="4,5,23,26,28,45,48,53,76,82,87,96,101,105" machi="82" ten="40,1300,0" yaku="1,1,53,0" doraHai="34" doraHaiUra="8" who="3" fromWho="1" sc="250,0,240,-13,250,0,240,33" /><INIT seed="1,0,0,3,0,58" ten="250,227,250,273" oya="1" hai0="117,65,72,91,42,55,89,37,70,102,86,83,11" hai1="19,125,60,130,48,26,131,103,90,13,23,16,69" hai2="73,85,127,49,80,74,53,33,110,107,104,93,15" hai3="128,111,57,126,9,4,63,112,36,88,121,119,20"/><U129/><E125/><V122/><F122/><W22/><G111/><T64/><D72/><U46/><E103/><V30/><F110/><W133/><G112/><T106/><D42/><U17/><E90/><V84/><F127/><W59/><G119/><T7/><D37/><U99/><E99/><V62/><F30/><W24/><G126/><T27/><D117/><U96/><E96/><V18/><F33/><W50/><G121/><T32/><D102/><U34/><E34/><V52/><F80/><W113/><G36/><T115/><D106/><U109/><E109/><V132/><F93/><W120/><G128/><T134/><D115/><U21/><E69/><V94/><F94/><W12/><G120/><T124/><D124/><U35/><E60/><V45/><F62/><W31/><G133/><T118/><D134/><U81/><E81/><V0/><F132/><W116/><G116/><T29/><D118/><U67/><E67/><V123/><F123/><W40/><G113/><T97/><D55/><U114/><E114/><V95/><F95/><W14/><G88/><T92/><REACH who="0" step="1"/><D70/><REACH who="0" ten="240,227,250,273" step="2"/><U61/><E130/><V2/><F107/><W6/><G40/><T28/><D28/><U10/><E129/><V101/><F74/><W78/><G31/><T79/><D79/><U39/><E39/><V135/><F135/><W76/><G50/><T54/><D54/><U75/><E75/><V71/><F71/><W44/><G44/><T1/><AGARI ba="0,1" hai="1,7,11,27,29,32,64,65,83,86,89,91,92,97" machi="1" ten="20,2700,0" yaku="1,1,0,1,7,1,53,0" doraHai="58" doraHaiUra="66" who="0" fromWho="0" sc="240,37,227,-13,250,-7,273,-7" /><INIT seed="2,0,0,0,3,34" ten="277,214,243,266" oya="2" hai0="31,70,35,99,115,43,100,124,14,51,90,55,83" hai1="66,1,94,30,78,41,65,81,111,54,24,120,102" hai2="57,82,132,8,104,12,112,33,117,42,131,75,21" hai3="48,98,49,17,95,59,71,3,72,7,118,22,135"/><V113/><F104/><W121/><G121/><T87/><D70/><U86/><E111/><V114/><F117/><W6/><G135/><T60/><D115/><U9/><E120/><V36/><F33/><W105/><G105/><T62/><D43/><U0/><E41/><V97/><F132/><W63/><G72/><T91/><D31/><U58/><E9/><V47/><F131/><W93/><G71/><T19/><D91/><U53/><E53/><V79/><F97/><W25/><G3/><T106/><D35/><U77/><E77/><V109/><F109/><W10/><G10/><T28/><D28/><U40/><E40/><V110/><F110/><W27/><G27/><T20/><D124/><U26/><E26/><V64/><F21/><W116/><G95/><T44/><AGARI ba="0,0" hai="14,19,20,44,51,55,60,62,83,87,90,99,100,106" machi="44" ten="20,1500,0" yaku="0,1,7,1" doraHai="34" who="0" fromWho="0" sc="277,15,214,-4,243,-7,266,-4" /><INIT seed="3,0,0,2,5,20" ten="292,210,236,262" oya="3" hai0="117,30,109,15,40,95,36,80,91,8,60,10,78" hai1="112,74,102,127,133,63,73,86,101,107,21,65,2" hai2="70,51,13,48,34,4,64,110,114,124,35,26,85" hai3="29,42,105,81,129,93,45,61,72,56,41,130,121"/><W5/><G121/><T118/><D40/><U55/><E112/><V16/><F114/><W24/><G105/><T12/><D36/><U131/><E127/><V83/><F4/><W1/><G93/><T126/><D30/><U9/><E131/><N who="3" m="50186" /><G45/><T99/><D126/><U0/><E133/><V106/><F106/><W32/><G5/><T88/><D109/><U96/><E101/><V28/><F124/><W23/><G1/><T115/><D115/><U7/><E0/><V57/><F35/><W68/><G68/><T113/><D113/><U52/><E86/><V90/><F110/><W66/><G32/><T103/><D117/><U77/><E21/><V100/><F100/><W14/><G14/><T69/><D12/><U76/><E76/><AGARI ba="0,0" hai="23,24,29,41,42,56,61,66,72,76,81" m="50186" machi="76" ten="30,2900,0" yaku="19,1,52,1" doraHai="20" who="3" fromWho="1" sc="292,0,210,-29,236,0,262,29" /><INIT seed="3,1,0,3,5,30" ten="292,181,236,291" oya="3" hai0="16,64,79,111,29,28,2,4,58,62,131,94,134" hai1="53,24,75,42,93,66,41,77,47,84,135,110,112" hai2="35,123,117,33,43,85,118,82,78,87,104,7,120" hai3="60,121,91,74,86,6,92,125,14,0,109,127,52"/><W18/><G121/><N who="2" m="46665" /><F104/><W73/><G109/><T68/><D4/><U99/><E112/><V25/><F43/><W95/><G6/><T34/><D2/><U65/><E135/><V39/><F39/><W80/><G0/><T19/><D29/><U38/><E110/><V49/><F49/><W115/><G115/><T9/><D111/><U56/><E42/><V57/><F57/><N who="3" m="34855" /><G74/><T106/><D106/><U122/><E122/><V103/><F103/><W69/><G69/><T132/><D68/><U119/><E119/><N who="2" m="45579" /><F7/><W128/><G128/><T116/><D131/><U81/><E24/><V51/><F51/><W17/><G73/><T61/><D116/><U105/><E105/><V13/><F13/><W1/><G1/><T48/><D62/><U44/><E47/><V98/><F25/><W8/><G18/><T23/><D48/><U36/><E36/><V100/><F100/><W133/><G133/><T12/><D132/><U3/><E3/><V45/><F45/><W31/><G31/><T70/><D70/><U89/><REACH who="1" step="1"/><E75/><REACH who="1" ten="292,171,236,291" step="2"/><V88/><F98/><W10/><G10/><T102/><D134/><U20/><E20/><V83/><AGARI ba="1,1" hai="33,35,78,82,83,85,87,88" m="45579,46665" machi="83" ten="40,8000,1" yaku="13,1,52,2,54,1" doraHai="30" who="2" fromWho="2" sc="292,-21,171,-21,236,93,291,-41" owari="271,7.0,150,-35.0,329,43.0,250,-15.0" /></mjloggm>