<mjloggm ver="2.3"><GO type="97" lobby="0"/><UN n0="%E3%83%89%E3%83%AB%E3%83%AD%E3%83%AC" n1="%E3%82%A6%E3%83%AB%E3%83%88%E3%83%A9%E7%AB%8B%E7%9B%B4" n2="%59%4F%4B%4F%59%41%4D%41" n3="%E3%82%88%E3%81%97%E3%82%92%E3%81%95%E3%82%93" dan="14,15,15,13" rate="1960.81,1990.06,2007.25,1846.32" sx="M,M,M,M"/><TAIKYOKU oya="0"/><INIT seed="0,0,0,0,4,72" ten="250,250,250,250" oya="0" hai0="91,103,23,90,12,100,109,98,59,16,128,48,133" hai1="2,77,113,76,53,49,117,6,41,36,5,116,61" hai2="105,75,104,80,108,102,124,24,85,64,38,35,33" hai3="92,9,52,60,78,107,111,69,42,110,46,81,114"/><T15/><D128/><U96/><E36/><V120/><F120/><W51/><G114/><T29/><D133/><U4/><E2/><V10/><F108/><N who="3" m="41515" /><G92/><T86/><D109/><U32/><E32/><V18/><F18/><W70/><G107/><T11/><D98/><U37/><E113/><V57/><F57/><N who="3" m="34855" /><G9/><T84/><D59/><U132/><E132/><V30/><F85/><AGARI ba="0,0" hai="42,46,51,69,70,78,81,85" m="34855,41515" machi="85" ten="30,3900,0" yaku="14,1,52,1,54,1" doraHai="72" who="3" fromWho="2" sc="250,0,250,0,250,-39,250,39" /><INIT seed="1,0,0,1,1,37" ten="250,250,211,289" oya="1" hai0="82,114,27,39,40,16,50,60,54,13,6,23,38" hai1="80,3,19,58,100,81,129,5,135,52,123,64,87" hai2="28,66,51,14,73,107,101,24,102,78,89,41,32" hai3="69,84,44,68,42,20,36,57,110,67,121,48,117"/><U85/><E123/><V108/><F108/><W133/><G121/><T130/><D114/><U22/><E64/><V29/><F66/><W86/><G110/><T55/><D130/><U124/><E129/><V63/><F63/><N who="3" m="40063" /><G20/><T119/><D119/><U83/><E124/><V111/><F111/><W46/><G133/><T118/><D118/><U71/><E135/><V112/><F112/><W90/><G117/><T9/><D38/><U74/><E71/><V113/><F113/><W93/><G69/><T0/><D39/><U70/><E70/><V62/><F62/><W7/><G44/><N who="0" m="25863" /><D60/><U115/><E115/><V132/><F107/><W49/><G49/><T21/><D0/><U1/><E74/><V34/><F14/><W97/><G7/><T95/><D23/><U2/><E100/><V72/><F89/><W35/><G35/><T45/><D45/><U88/><E5/><V122/><F122/><W15/><G15/><T56/><D56/><U47/><E47/><V131/><F132/><W31/><G31/><T103/><D82/><U128/><E128/><V105/><F131/><W33/><G33/><T116/><D116/><U61/><REACH who="1" step="1"/><E87/><REACH who="1" ten="250,240,211,289" step="2"/><V30/><F102/><W109/><G109/><T106/><D106/><U12/><AGARI ba="0,1" hai="1,2,3,12,19,22,52,58,61,80,81,83,85,88" machi="12" ten="30,18000,2" yaku="1,1,2,1,0,1,54,2,53,1" doraHai="37" doraHaiUra="17" who="1" fromWho="1" sc="250,-60,240,190,211,-60,289,-60" /><INIT seed="1,1,0,3,1,135" ten="190,430,151,229" oya="1" hai0="92,69,106,18,115,3,13,63,14,122,28,130,27" hai1="108,5,2,75,100,16,64,70,87,77,4,34,50" hai2="17,55,95,23,67,94,49,41,42,71,57,61,99" hai3="133,66,29,38,59,123,21,126,80,103,19,110,79"/><U117/><E75/><V78/><F78/><W109/><G123/><T74/><D3/><U98/><E34/><V48/><F48/><W9/><G38/><T119/><D74/><U114/><E117/><V51/><F51/><W84/><G133/><T132/><D115/><U125/><E114/><V112/><F112/><W131/><G9/><T62/><D132/><U47/><E64/><V91/><REACH who="2" step="1"/><F95/><REACH who="2" ten="190,430,141,229" step="2"/><W10/><G131/><T93/><D106/><U129/><E77/><V128/><F128/><W39/><G39/><T101/><D130/><U46/><E50/><V89/><F89/><W37/><G103/><T43/><D119/><U7/><E100/><V1/><F1/><W118/><G37/><T22/><D122/><U121/><E2/><V31/><F31/><W25/><G118/><T36/><D36/><U33/><E121/><V82/><F82/><W86/><G80/><T30/><D43/><U113/><E113/><V6/><F6/><W54/><G79/><T52/><D69/><U60/><E7/><V68/><F68/><W120/><G120/><T104/><D104/><U105/><E5/><V96/><F96/><W127/><G29/><N who="0" m="11371" /><D63/><U20/><E4/><V111/><F111/><N who="3" m="42507" /><G84/><T134/><D134/><U35/><E87/><V116/><F116/><W0/><G86/><T8/><D101/><N who="1" m="62647" /><E129/><V90/><F90/><W56/><G0/><T15/><D8/><U124/><E60/><V65/><F65/><W85/><G10/><T97/><D97/><U24/><E70/><V58/><F58/><AGARI ba="1,1" hai="13,14,15,18,22,27,52,58,62,92,93" m="11371" machi="58" ten="30,2000,0" yaku="8,1,54,1" doraHai="135" who="0" fromWho="2" sc="190,33,430,0,141,-23,229,0" /><INIT seed="2,0,0,3,4,94" ten="223,430,118,229" oya="2" hai0="52,54,6,99,5,109,128,95,22,30,123,103,113" hai1="64,10,67,4,73,0,57,55,43,101,58,124,102" hai2="34,45,24,85,126,83,16,8,122,62,92,20,25" hai3="46,13,65,12,135,1,53,36,98,47,133,61,88"/><V84/><F122/><W23/><G36/><T69/><D123/><U37/><E124/><V118/><F126/><W9/><G23/><T41/><D113/><U131/><E73/><V31/><F118/><W100/><G53/><N who="0" m="20587" /><D69/><U125/><E125/><V60/><F45/><N who="3" m="16907" /><G100/><T48/><D128/><U110/><E110/><V80/><F8/><W56/><G9/><T120/><D109/><U70/><E43/><V21/><F34/><W77/><G77/><T130/><D130/><U63/><E37/><V108/><F108/><W86/><G86/><N who="2" m="33385" /><F92/><N who="3" m="56583" /><G1/><T111/><D111/><U2/><E2/><V106/><F106/><W104/><G104/><T39/><D39/><U49/><E131/><V26/><F26/><W11/><G11/><T87/><D120/><U112/><E112/><V32/><F32/><W50/><G50/><T71/><D71/><U27/><E27/><V7/><F7/><N who="0" m="2570" /><D87/><U119/><E119/><V59/><F62/><W17/><G17/><T90/><D48/><U115/><E115/><V132/><F132/><AGARI ba="0,0" hai="12,13,56,61,65,132,133,135" m="56583,16907" machi="132" ten="30,3900,0" yaku="20,1,52,1,54,1" doraHai="94" who="3" fromWho="2" sc="223,0,430,0,118,-39,229,39" /><INIT seed="3,0,0,1,2,22" ten="223,430,79,268" oya="3" hai0="3,13,90,35,43,58,121,39,126,85,125,115,96" hai1="117,89,72,26,116,19,31,135,123,44,38,52,20" hai2="98,32,71,8,77,45,28,47,91,9,7,42,92" hai3="102,64,110,118,33,129,55,75,46,70,50,63,21"/><W111/><G118/><N who="1" m="45674" /><E72/><V100/><F71/><W24/><G75/><T107/><D121/><U109/><E109/><N who="3" m="41482" /><G33/><T99/><D3/><U62/><E135/><V131/><F77/><W104/><G102/><T53/><D115/><U122/><E89/><V0/><F9/><W119/><G119/><T56/><D35/><U34/><E38/><V86/><F131/><W127/><G127/><T4/><D39/><U57/><E44/><V48/><F47/><W114/><G114/><T80/><D43/><U83/><E83/><V112/><F112/><W17/><G129/><T81/><D107/><AGARI ba="0,0" hai="17,21,24,46,50,55,63,64,70,104,107" m="41482" machi="107" ten="30,5800,0" yaku="14,1,10,1,52,1" doraHai="22" who="3" fromWho="0" sc="223,-58,430,0,79,0,268,58" /><INIT seed="3,1,0,4,2,112" ten="165,430,79,326" oya="3" hai0="90,10,51,135,85,91,104,122,63,46,73,67,113" hai1="92,61,28,23,96,25,18,12,70,26,127,43,93" hai2="111,108,41,64,102,54,98,76,6,106,72,125,45" hai3="87,103,86,29,116,60,69,118,8,20,71,68,24"/><W14/><G103/><T49/><D73/><U65/><E127/><V114/><F54/><W105/><G105/><T131/><D104/><U15/><E43/><V52/><F114/><W121/><G60/><T126/><D122/><U130/><E130/><V80/><F125/><W3/><G3/><T36/><D126/><U31/><E18/><V38/><F64/><W55/><G55/><T59/><D131/><U42/><E42/><V44/><F44/><W53/><G53/><T62/><D113/><U83/><E83/><V124/><F124/><W101/><G101/><T13/><D135/><U123/><E123/><V16/><F16/><W39/><G39/><T133/><D133/><U100/><E93/><V97/><F97/><W66/><G66/><T37/><D62/><U129/><E129/><V107/><F52/><W88/><G121/><T1/><D1/><U77/><E77/><V11/><F107/><W7/><REACH who="3" step="1"/><G88/><REACH who="3" ten="165,430,79,316" step="2"/><N who="0" m="33835" /><D36/><U33/><AGARI ba="1,1" hai="12,15,23,25,26,28,31,33,61,65,70,92,96,100" machi="33" ten="20,1500,0" yaku="0,1,7,1" doraHai="112" who="1" fromWho="1" sc="165,-5,430,28,79,-5,316,-8" owari="160,-24.0,458,56.0,74,-43.0,308,11.0" /></mjloggm>