<mjloggm ver="2.3"><GO type="169" lobby="0"/><UN n0="%E6%9D%8F%E4%BB%81%E3%81%A9%E3%81%86%E3%81%B5%E3%83%BC" n1="%79%6F%73%73%69%65%EF%BD%9E" n2="%E5%B1%B1%E4%B8%8B%E3%83%80%E3%82%A4%E3%82%B9%E3%82%B1" n3="%EF%BC%88%E2%89%A7%E2%96%BD%E2%89%A6%EF%BC%89" dan="16,16,16,19" rate="2068.97,2062.09,2052.99,2250.75" sx="M,F,M,M"/><TAIKYOKU oya="0"/><INIT seed="0,0,0,4,0,125" ten="250,250,250,250" oya="0" hai0="96,21,65,28,98,110,7,5,45,90,26,33,135" hai1="54,24,41,91,53,31,89,112,13,27,79,55,8" hai2="56,25,88,83,57,109,129,32,9,49,122,64,22" hai3="72,0,78,61,97,52,3,77,104,50,71,92,113"/><T85/><D135/><U39/><E79/><V103/><F122/><W40/><G104/><T87/><D110/><U116/><E116/><V38/><F38/><W75/><G113/><T111/><D111/><U58/><E112/><V69/><F109/><W62/><G72/><T2/><D65/><U34/><E27/><V68/><F32/><W59/><G75/><T46/><D33/><U11/><E11/><V6/><F103/><W36/><G3/><T74/><D74/><U117/><E117/><V63/><F83/><W100/><G0/><T19/><D28/><U127/><E127/><V51/><F51/><W124/><G124/><T43/><D87/><U67/><E41/><V15/><F88/><W108/><G108/><T101/><D2/><U120/><E39/><V105/><F105/><W118/><G62/><T95/><D98/><U114/><E120/><V70/><F49/><W119/><G119/><T14/><D26/><U42/><E42/><V47/><F47/><N who="0" m="17930" /><D43/><U81/><E81/><AGARI ba="0,0" hai="5,7,14,19,21,81,85,90,95,96,101" m="17930" machi="81" ten="30,1500,0" yaku="8,1" doraHai="125" who="0" fromWho="1" sc="250,15,250,-15,250,0,250,0" /><INIT seed="0,1,0,5,2,55" ten="265,235,250,250" oya="0" hai0="72,7,41,125,60,101,79,32,19,48,1,8,13" hai1="24,57,45,82,127,98,64,15,40,123,6,65,68" hai2="33,43,2,117,110,115,9,120,94,3,11,77,37" hai3="25,90,73,34,118,119,53,116,107,61,129,122,23"/><T42/><D125/><U88/><E123/><V95/><F120/><W63/><G122/><T56/><D32/><U59/><E68/><V17/><F115/><W114/><G114/><T104/><D48/><N who="1" m="26663" /><E127/><V85/><F117/><W47/><G73/><T21/><D104/><U78/><E78/><V69/><F69/><W12/><G107/><T111/><D101/><U76/><E76/><V67/><F67/><N who="1" m="25673" /><E24/><V58/><F33/><W108/><G34/><T30/><D30/><U130/><E130/><V92/><F77/><W131/><G25/><T52/><REACH who="0" step="1"/><D111/><REACH who="0" ten="255,235,250,250" step="2"/><U134/><E134/><V135/><F110/><W133/><G108/><T81/><AGARI ba="1,1" hai="1,7,8,13,19,21,41,42,52,56,60,72,79,81" machi="81" ten="30,18000,2" yaku="1,1,2,1,0,1,52,1,54,1,53,2" doraHai="55" doraHaiUra="39" who="0" fromWho="0" sc="255,193,235,-61,250,-61,250,-61" /><INIT seed="0,2,0,5,5,63" ten="448,174,189,189" oya="0" hai0="54,109,13,75,38,46,130,68,120,96,64,26,129" hai1="72,42,49,47,73,71,7,117,60,99,41,14,105" hai2="123,88,134,48,89,107,31,40,32,55,112,61,62" hai3="50,24,87,2,86,103,66,133,115,23,30,94,20"/><T21/><D75/><U57/><E117/><V102/><F123/><W16/><G2/><T126/><D120/><U45/><E71/><V92/><F112/><W35/><G115/><T106/><D126/><U12/><E105/><V36/><F134/><W122/><G122/><T135/><D135/><U111/><E111/><V18/><F107/><W82/><G133/><T132/><D132/><U118/><E118/><V119/><F119/><W22/><G50/><T124/><D124/><U5/><E99/><N who="2" m="59751" /><F32/><W52/><G52/><T85/><D13/><U19/><E72/><V91/><F36/><W27/><G66/><T104/><D104/><U95/><E95/><V43/><F18/><W70/><G70/><T3/><D64/><N who="1" m="38927" /><E73/><V8/><F8/><W53/><G53/><T78/><D68/><U116/><E116/><V4/><F4/><N who="1" m="1609" /><E19/><V25/><F31/><W10/><G35/><T100/><D3/><U28/><E28/><V17/><F17/><W80/><G30/><T58/><D38/><U56/><E56/><N who="2" m="32871" /><F25/><W113/><G113/><T44/><D26/><U67/><E67/><V121/><F121/><W93/><G27/><T39/><D106/><U29/><E29/><V65/><F65/><W110/><G24/><T79/><D39/><U131/><E131/><V59/><F59/><W84/><G110/><T128/><D109/><U37/><E37/><V1/><F1/><W125/><G125/><T15/><D130/><U11/><E11/><V74/><F74/><W97/><G94/><T33/><D129/><U101/><E101/><V6/><F6/><W81/><G16/><RYUUKYOKU ba="2,0" sc="448,-30,174,10,189,10,189,10" hai1="12,14,41,42,45,47,49" hai2="40,43,61,62,88,89,91" hai3="10,20,22,23,80,81,82,84,86,87,93,97,103" /><INIT seed="1,3,0,1,2,107" ten="418,184,199,199" oya="1" hai0="54,103,98,95,110,31,23,81,49,108,18,127,122" hai1="42,13,83,99,128,28,20,118,1,102,82,8,120" hai2="56,77,94,75,91,17,84,21,10,88,119,133,47" hai3="67,72,92,45,76,135,96,60,55,33,11,66,36"/><U38/><E118/><V90/><F119/><W9/><G33/><T124/><D31/><U24/><E120/><V117/><F117/><W105/><G105/><T126/><D81/><U22/><E1/><V27/><F133/><W15/><G135/><T39/><D39/><U7/><E128/><V121/><F121/><W125/><G125/><T53/><D122/><U129/><E129/><V43/><F10/><W5/><G11/><T52/><REACH who="0" step="1"/><D49/><REACH who="0" ten="408,184,199,199" step="2"/><U71/><E38/><V61/><F77/><W101/><G36/><T80/><D80/><U62/><E82/><V51/><REACH who="2" step="1"/><F75/><REACH who="2" ten="408,184,189,199" step="2"/><W50/><G76/><T87/><D87/><U104/><E83/><V58/><F58/><N who="3" m="34911" /><G72/><T134/><D134/><U26/><E71/><V115/><F115/><W68/><G68/><T64/><D64/><AGARI ba="3,2" hai="17,21,27,43,47,51,56,61,64,84,88,90,91,94" machi="64" ten="30,8000,1" yaku="1,1,7,1,8,1,54,1,53,1" doraHai="107" doraHaiUra="44" who="2" fromWho="0" sc="408,-89,184,0,189,109,199,0" /><INIT seed="2,0,0,4,1,57" ten="319,184,298,199" oya="2" hai0="117,58,131,9,13,92,76,75,69,18,42,119,125" hai1="130,78,129,32,47,40,26,133,94,66,114,25,16" hai2="126,88,106,19,113,17,95,115,61,20,68,29,51" hai3="21,135,33,81,111,90,67,37,41,28,80,6,5"/><V45/><F106/><W60/><G33/><T39/><D69/><U27/><E114/><V97/><F126/><W73/><G135/><T55/><D125/><U4/><E133/><V48/><F48/><W0/><G111/><T122/><D122/><U43/><E4/><V30/><F113/><W31/><G73/><T72/><D131/><N who="1" m="50187" /><E78/><V82/><F82/><N who="3" m="31851" /><G0/><T87/><D76/><U134/><E134/><V71/><F115/><W46/><G37/><T85/><D85/><U96/><E66/><V23/><F71/><W101/><G101/><T10/><D10/><U110/><E110/><V15/><F68/><W35/><G35/><T3/><D3/><U89/><E32/><V34/><F61/><W11/><G41/><N who="1" m="15946" /><E47/><V100/><F34/><W127/><G46/><T107/><D39/><U1/><E1/><V14/><F100/><W65/><G127/><T86/><D75/><U132/><E132/><V53/><AGARI ba="0,0" hai="14,15,17,19,20,23,29,30,45,51,53,88,95,97" machi="53" ten="20,12000,1" yaku="0,1,7,1,9,1,8,1,54,1" doraHai="57" who="2" fromWho="2" sc="319,-40,184,-40,298,120,199,-40" /><INIT seed="2,1,0,4,0,18" ten="279,144,418,159" oya="2" hai0="94,73,109,52,49,97,84,34,112,68,115,121,26" hai1="10,23,15,5,7,55,93,113,30,35,79,50,31" hai2="58,135,59,20,90,71,8,101,19,87,100,56,104" hai3="114,54,9,14,65,129,72,1,27,120,44,51,42"/><V61/><F135/><W88/><G120/><T40/><D73/><U132/><E132/><V106/><F8/><W95/><G72/><T111/><D68/><U85/><E113/><V48/><F71/><W92/><G129/><T130/><D121/><U17/><E35/><V99/><F48/><W67/><G114/><T91/><D40/><U110/><E110/><N who="0" m="41993" /><D130/><U38/><E38/><V89/><F61/><W128/><G1/><T28/><D97/><U66/><E66/><V70/><F70/><W60/><G128/><T107/><D107/><U41/><E41/><V24/><F87/><N who="3" m="52255" /><G95/><T103/><D103/><U2/><E7/><V64/><F64/><N who="3" m="24651" /><G27/><T77/><D77/><U134/><E134/><V16/><F19/><N who="3" m="8655" /><G60/><T3/><D3/><U98/><E79/><V0/><F0/><W21/><G42/><T62/><D62/><U117/><E85/><V124/><F124/><W43/><G43/><T127/><D127/><U36/><E36/><V25/><F25/><W123/><G123/><T76/><D76/><U32/><E117/><V78/><F78/><W45/><G45/><AGARI ba="1,0" hai="26,28,34,45,49,52,84,91,94,112,115" m="41993" machi="45" ten="30,2000,0" yaku="14,1,54,1" doraHai="18" who="0" fromWho="3" sc="279,23,144,0,418,0,159,-23" /><INIT seed="3,0,0,0,4,131" ten="302,144,418,136" oya="3" hai0="108,1,129,42,134,23,85,24,112,45,77,71,92" hai1="79,31,35,99,125,133,81,48,74,97,90,100,5" hai2="95,12,122,16,96,41,101,54,40,2,104,107,14" hai3="120,128,130,98,4,103,10,47,17,29,114,25,127"/><W70/><G120/><T11/><D71/><U73/><E5/><V91/><F2/><N who="3" m="279" /><G114/><T87/><D1/><U132/><E31/><V18/><F107/><N who="3" m="63991" /><G47/><T8/><D112/><U37/><E37/><V59/><F122/><W124/><G17/><T82/><D129/><N who="3" m="49769" /><G70/><T76/><D108/><U55/><E35/><AGARI ba="0,0" hai="25,29,35,124,127" m="49769,63991,279" machi="35" ten="30,2900,0" yaku="19,1,23,1" doraHai="131" who="3" fromWho="1" sc="302,0,144,-29,418,0,136,29" /><INIT seed="3,1,0,3,4,113" ten="302,115,418,165" oya="3" hai0="38,121,123,46,94,37,39,81,23,129,86,68,29" hai1="116,44,77,70,63,8,125,17,21,2,80,36,42" hai2="111,130,22,26,58,96,99,28,135,7,65,12,128" hai3="54,114,117,49,91,127,71,56,119,89,126,105,100"/><W61/><G114/><T47/><D68/><U69/><E125/><N who="3" m="47626" /><G100/><T120/><D129/><N who="2" m="49770" /><F111/><W32/><G32/><T131/><D131/><U35/><BYE who="0" /><E35/><V133/><F65/><N who="3" m="41391" /><G105/><T9/><D9/><U45/><E45/><UN n0="%E6%9D%8F%E4%BB%81%E3%81%A9%E3%81%86%E3%81%B5%E3%83%BC" /><V20/><F58/><W60/><G60/><T67/><D67/><U95/><E95/><V57/><F57/><W4/><G4/><T112/><D112/><U13/><E63/><V74/><F74/><W101/><G101/><T92/><D92/><U11/><E11/><N who="2" m="4223" /><F20/><W83/><G83/><T103/><D94/><U16/><E2/><V118/><F118/><AGARI ba="1,0" hai="49,54,56,89,91,117,118,119" m="41391,47626" machi="118" ten="30,11600,0" yaku="18,1,52,3" doraHai="113" who="3" fromWho="2" sc="302,0,115,0,418,-119,165,119" /><INIT seed="3,2,0,2,2,5" ten="302,115,299,284" oya="3" hai0="110,92,6,67,73,58,63,32,89,115,118,102,36" hai1="133,109,84,2,107,57,20,116,101,131,43,69,3" hai2="19,55,81,33,24,98,135,119,27,40,50,117,49" hai3="86,88,123,99,62,94,29,11,35,30,80,28,124"/><W21/><G123/><T113/><D118/><U128/><E69/><V91/><F135/><W93/><G124/><T9/><D73/><U56/><E43/><V130/><F130/><W78/><G35/><T25/><D36/><U47/><E47/><N who="2" m="25831" /><F33/><W77/><G62/><T8/><D102/><U22/><E84/><N who="2" m="50575" /><F119/><W126/><G126/><T10/><D110/><U95/><E95/><V108/><F108/><W127/><G127/><T45/><D45/><U120/><E116/><V72/><F72/><W114/><G114/><N who="0" m="43531" /><D25/><U61/><E109/><V4/><F4/><W48/><G48/><T51/><D51/><U59/><E120/><V103/><F19/><W31/><G94/><T112/><D32/><U14/><E107/><V70/><F70/><W7/><N who="3" m="7168" /><DORA hai="68" /><W54/><G54/><T100/><D100/><U12/><E101/><V1/><F1/><W83/><G83/><T125/><D125/><U96/><E133/><V41/><F41/><W52/><G52/><T132/><D132/><U134/><E134/><V111/><F111/><W38/><G38/><T79/><D79/><U65/><E128/><V16/><F117/><W60/><G60/><T42/><D42/><U76/><E61/><V13/><F55/><W53/><G53/><T129/><D129/><U122/><E122/><V71/><F50/><W104/><G104/><T82/><D82/><U46/><E131/><V39/><F39/><W44/><G44/><T64/><D112/><U26/><E46/><V97/><F71/><W17/><G78/><T75/><D63/><U87/><E76/><V0/><F0/><RYUUKYOKU ba="2,0" sc="302,0,115,0,299,0,284,0" /><INIT seed="4,3,0,4,5,75" ten="302,115,299,284" oya="0" hai0="13,94,2,98,90,31,73,64,89,112,27,40,34" hai1="74,58,69,76,114,35,121,132,51,104,12,15,67" hai2="86,56,16,133,106,122,29,60,110,65,135,61,130" hai3="95,50,23,81,66,45,96,11,113,21,101,92,82"/><T63/><D2/><U100/><E35/><V126/><F122/><W48/><G113/><T33/><D112/><U14/><E69/><V6/><F110/><W9/><G66/><T8/><D73/><U43/><E121/><V62/><F106/><W120/><G120/><T97/><D40/><U22/><E114/><V39/><F39/><W124/><G124/><T44/><D44/><U111/><E111/><V119/><F126/><W42/><G92/><T26/><D26/><U37/><E37/><V125/><F125/><W19/><G23/><T47/><D47/><U102/><E132/><N who="2" m="50763" /><F119/><W134/><G50/><T53/><D53/><U70/><E70/><V117/><F117/><W1/><G134/><T59/><D34/><U78/><E74/><V123/><F123/><W105/><G105/><T84/><REACH who="0" step="1"/><D90/><REACH who="0" ten="292,115,299,284" step="2"/><U77/><E43/><V129/><F130/><W54/><G42/><T108/><D108/><U10/><E10/><N who="3" m="3594" /><G1/><T83/><D83/><U109/><E109/><V88/><F129/><W116/><G116/><T107/><D107/><U131/><E104/><V85/><F88/><W3/><G3/><T99/><D99/><U128/><E131/><V4/><F65/><W80/><G81/><T57/><D57/><U0/><E0/><V55/><F56/><W25/><AGARI ba="3,1" hai="19,21,25,45,48,54,80,82,95,96,101" m="3594" machi="25" ten="30,1100,0" yaku="8,1" doraHai="75" who="3" fromWho="3" sc="292,-8,115,-6,299,-6,284,30" /><INIT seed="5,0,0,1,0,68" ten="284,109,293,314" oya="1" hai0="33,100,52,48,131,80,99,25,114,116,83,117,107" hai1="55,76,94,128,50,7,78,66,62,108,89,59,51" hai2="18,129,112,130,26,15,113,2,104,29,86,23,58" hai3="19,106,134,34,27,81,5,133,87,56,39,124,61"/><U4/><E128/><N who="2" m="49259" /><F104/><W82/><G106/><T103/><D103/><U125/><E125/><V22/><F58/><W95/><G39/><T28/><D131/><U67/><E108/><V9/><F86/><W60/><G5/><AGARI ba="0,0" hai="2,5,9,15,18,22,23,26,29,112,113" m="49259" machi="5" ten="30,3900,0" yaku="19,1,34,2" doraHai="68" who="2" fromWho="3" sc="284,0,109,0,293,39,314,-39" /><INIT seed="6,0,0,4,1,42" ten="284,109,332,275" oya="2" hai0="64,44,27,71,56,47,17,50,103,22,98,118,115" hai1="40,123,86,30,6,126,116,70,87,34,131,39,96" hai2="76,93,117,24,92,119,60,20,32,43,121,5,111" hai3="59,66,55,113,12,9,41,120,8,109,49,107,37"/><V105/><F121/><W0/><G120/><T57/><D115/><U62/><E96/><V84/><F105/><W26/><G109/><T110/><D110/><U112/><E6/><V48/><F32/><W91/><G107/><T95/><D118/><U11/><E11/><V29/><F111/><W124/><G113/><T83/><D83/><U21/><E21/><V90/><F117/><W73/><G73/><T67/><D47/><U35/><E40/><V75/><F75/><W97/><G124/><T54/><D71/><U63/><E30/><V79/><F5/><W18/><G0/><T88/><D103/><U52/><E52/><V129/><F129/><W53/><G8/><T72/><D72/><U28/><E28/><V58/><F93/><N who="3" m="56511" /><G37/><T15/><D27/><U25/><BYE who="0" /><E25/><V122/><F122/><W61/><G26/><T7/><D7/><U31/><E31/><UN n0="%E6%9D%8F%E4%BB%81%E3%81%A9%E3%81%86%E3%81%B5%E3%83%BC" /><V4/><F4/><W89/><G89/><T101/><D101/><U10/><E10/><V128/><F128/><W1/><G1/><T102/><D102/><U100/><E100/><V133/><F119/><W2/><G2/><T33/><D33/><U99/><E34/><V68/><F68/><W108/><G108/><T13/><D13/><U85/><E70/><V94/><F90/><W132/><G132/><T135/><D135/><U127/><E35/><V125/><F133/><W104/><G104/><T3/><D3/><U36/><E123/><V130/><F125/><W74/><G74/><T80/><D80/><U65/><E116/><V114/><F130/><W81/><G81/><T38/><D38/><RYUUKYOKU ba="0,0" sc="284,15,109,-15,332,-15,275,15" hai0="15,17,22,44,50,54,56,57,64,67,88,95,98" hai3="9,12,18,41,49,53,55,59,61,66" /><INIT seed="7,1,0,5,4,32" ten="299,94,317,290" oya="3" hai0="85,129,123,25,105,99,42,38,13,100,86,115,30" hai1="112,27,61,80,126,34,94,73,67,132,130,90,97" hai2="82,2,95,122,134,71,108,102,55,37,127,74,53" hai3="125,35,121,48,128,116,106,75,60,41,101,111,58"/><W0/><RYUUKYOKU type="yao9" ba="1,0" sc="299,0,94,0,317,0,290,0" hai3="0,35,41,48,58,60,75,101,106,111,116,121,125,128" /><INIT seed="7,2,0,0,3,113" ten="299,94,317,290" oya="3" hai0="84,74,41,73,94,49,11,114,17,98,31,65,34" hai1="116,132,55,20,61,13,23,77,60,56,93,101,26" hai2="109,14,45,25,53,129,104,110,91,82,22,10,83" hai3="70,90,118,46,15,133,63,86,126,87,54,97,71"/><W8/><G118/><T117/><D117/><U78/><E116/><V6/><F104/><W120/><G120/><T125/><D114/><U96/><E132/><V30/><F129/><W79/><G133/><T122/><D122/><U67/><E13/><V43/><F109/><W127/><G79/><T37/><D37/><U44/><E20/><V68/><F68/><N who="3" m="26155" /><G97/><T119/><D119/><U112/><E60/><V36/><F110/><W27/><G27/><T72/><D65/><U107/><E107/><V69/><F69/><W128/><G128/><T135/><D135/><U47/><E112/><V52/><F91/><W3/><G3/><T124/><D84/><U5/><E5/><V131/><F131/><W48/><G63/><T105/><D105/><U38/><E38/><V16/><F6/><N who="3" m="3479" /><G90/><N who="0" m="55639" /><D31/><U9/><E9/><V51/><F53/><W4/><G4/><T24/><D34/><U29/><REACH who="1" step="1"/><E55/><REACH who="1" ten="299,84,317,290" step="2"/><V102/><F36/><W50/><G50/><T35/><D11/><U130/><E130/><V80/><F52/><W33/><G33/><T64/><D35/><U7/><E7/><V88/><F51/><W123/><G123/><T18/><D24/><U108/><E108/><V62/><F25/><W58/><G46/><N who="0" m="25807" /><D64/><U57/><E57/><V42/><F45/><W106/><G106/><T134/><D134/><U115/><E115/><V85/><F10/><W19/><G19/><T92/><D92/><U103/><E103/><V12/><F102/><W121/><G121/><T66/><D66/><U32/><E32/><V2/><F16/><W59/><G59/><T21/><D18/><RYUUKYOKU ba="2,1" sc="299,10,84,10,317,-30,290,10" hai0="17,21,72,73,74,124,125" hai1="23,26,29,44,47,56,61,67,77,78,93,96,101" hai3="48,54,58,86,87,126,127" /><INIT seed="7,3,1,3,5,102" ten="309,94,287,300" oya="3" hai0="71,52,78,125,33,29,121,24,92,85,54,73,100" hai1="19,94,59,21,0,103,26,61,16,12,89,134,36" hai2="80,91,51,44,90,72,31,124,95,86,57,96,108" hai3="65,27,104,122,127,45,110,46,99,120,34,131,69"/><W49/><G131/><T93/><D121/><N who="3" m="46697" /><G49/><T38/><D38/><U67/><E0/><V112/><F108/><W68/><G110/><T63/><D73/><U25/><E36/><V39/><F39/><W135/><G135/><T101/><D125/><U18/><E134/><V111/><F111/><W7/><G127/><T70/><D78/><U55/><E12/><V35/><F124/><W116/><G116/><T40/><D40/><U11/><E11/><V28/><F72/><W114/><G114/><T83/><D83/><U109/><E109/><V3/><F3/><W9/><G46/><T79/><D79/><U22/><E103/><V130/><F130/><W105/><G45/><T60/><D85/><U97/><REACH who="1" step="1"/><E67/><REACH who="1" ten="309,84,287,300" step="2"/><V84/><F112/><W128/><G65/><T41/><D101/><U118/><E118/><V2/><F2/><N who="3" m="247" /><G128/><T17/><D100/><U47/><E47/><V30/><F35/><W4/><G4/><T48/><D33/><U8/><E8/><V62/><F80/><W66/><G66/><T56/><D24/><AGARI ba="3,2" hai="16,18,19,21,22,24,25,26,55,59,61,89,94,97" machi="24" ten="40,5200,0" yaku="1,1,8,1,54,1,53,0" doraHai="102" doraHaiUra="132" who="1" fromWho="0" sc="309,-61,84,81,287,0,300,0" owari="248,-15.0,165,-33.0,287,9.0,300,39.0" /></mjloggm>