<mjloggm ver="2.3"><GO type="97" lobby="0"/><UN n0="%E3%81%95%E3%82%8F%E3%82%80%E3%82%89%E3%81%A8%E3%82%82%E3%81%8D%E3%83%BC" n1="%E8%8C%B6%E5%BA%A6" n2="%E3%82%A6%E3%83%AB%E3%83%88%E3%83%A9%E7%AB%8B%E7%9B%B4" n3="%E5%85%A8%E3%83%84%E5%B0%82%E7%94%A8" dan="14,13,15,14" rate="1928.72,1879.29,1997.83,1999.23" sx="F,M,M,M"/><TAIKYOKU oya="0"/><INIT seed="0,0,0,1,5,55" ten="250,250,250,250" oya="0" hai0="72,112,35,43,31,119,117,27,77,57,96,92,11" hai1="20,62,107,91,52,32,16,111,66,34,22,98,14" hai2="109,12,124,60,102,135,25,74,116,3,28,50,126" hai3="49,21,129,76,63,108,44,2,100,54,88,81,17"/><T65/><D43/><U1/><E1/><V0/><F74/><W33/><G33/><T134/><D112/><U29/><E111/><V19/><F102/><W18/><G2/><N who="2" m="553" /><F50/><W58/><G108/><T125/><D11/><U71/><E29/><V23/><F60/><W120/><G129/><T8/><D8/><U103/><E91/><V38/><F38/><W40/><G120/><T127/><D77/><U15/><E52/><V41/><F41/><W121/><G121/><T53/><D65/><U84/><E84/><V10/><F109/><W110/><G110/><T106/><D72/><U26/><E26/><V97/><F97/><W130/><G130/><T94/><D134/><U105/><REACH who="1" step="1"/><E107/><REACH who="1" ten="250,240,250,250" step="2"/><V99/><F99/><W131/><G131/><T82/><D106/><U68/><E68/><V61/><F61/><W4/><G88/><N who="0" m="55303" /><D94/><U42/><E42/><V114/><F28/><W89/><G89/><T24/><D82/><U95/><E95/><V79/><F25/><W64/><G40/><T128/><D27/><U118/><E118/><V7/><F116/><W47/><G81/><T87/><D87/><U85/><E85/><V5/><F79/><W104/><G76/><T51/><D128/><U30/><E30/><V90/><F90/><W113/><G104/><T13/><D13/><U56/><E56/><V39/><F12/><W73/><G73/><T123/><D123/><U101/><E101/><V36/><F36/><W59/><G100/><T67/><D67/><U69/><E69/><V48/><F39/><W78/><G78/><T70/><D70/><U132/><E132/><RYUUKYOKU ba="0,1" sc="250,15,240,15,250,-15,250,-15" hai0="24,31,35,51,53,57,117,119,125,127" hai1="14,15,16,20,22,32,34,62,66,71,98,103,105" /><INIT seed="0,1,1,2,5,30" ten="265,255,235,235" oya="0" hai0="97,128,127,54,8,35,6,119,1,130,24,16,20" hai1="85,75,66,27,10,124,105,38,51,93,131,82,7" hai2="116,120,4,123,36,77,72,34,110,125,56,18,88" hai3="61,98,100,67,70,76,129,106,78,12,71,69,90"/><T135/><D97/><U53/><E75/><V89/><F36/><W40/><G129/><N who="0" m="49771" /><D54/><U74/><E38/><V42/><F42/><W0/><G0/><T132/><D119/><U47/><E74/><V31/><F4/><W52/><G40/><T19/><D19/><U68/><E105/><V13/><F77/><W32/><G90/><T2/><D1/><U117/><E131/><V118/><F72/><W9/><G32/><T60/><D60/><U112/><E93/><V83/><F56/><W134/><G134/><N who="0" m="51243" /><D127/><U109/><E124/><V29/><F125/><W44/><G44/><T84/><D84/><U126/><E126/><V23/><F110/><W48/><G71/><T5/><D5/><U91/><E109/><V49/><F49/><W43/><G70/><T22/><D22/><U33/><E68/><V17/><F17/><W73/><G43/><T41/><D41/><U104/><E104/><V39/><F39/><W80/><G48/><T108/><D108/><U95/><E66/><V50/><F50/><W103/><G52/><T133/><N who="0" m="51251" /><T111/><DORA hai="14" /><D111/><U28/><E117/><N who="2" m="45163" /><F31/><W96/><G106/><T25/><D35/><U101/><E101/><V58/><F58/><W37/><G37/><T92/><D92/><U79/><E7/><V122/><F83/><N who="3" m="45455" /><G100/><T11/><D11/><U107/><E10/><V86/><F86/><N who="3" m="48407" /><G103/><T45/><D45/><U121/><E107/><V113/><F113/><W15/><G9/><T81/><D81/><U57/><E112/><V102/><F102/><W55/><G55/><T65/><D65/><U99/><E47/><RYUUKYOKU ba="1,1" sc="265,0,255,0,235,0,235,0" hai0="2,6,8,16,20,24,25" hai1="27,28,33,51,53,57,79,82,85,91,95,99,121" hai2="13,18,23,29,34,88,89,120,122,123" hai3="12,15,61,67,69,96,98" /><INIT seed="0,2,1,1,3,134" ten="265,255,235,235" oya="0" hai0="38,43,131,110,127,108,16,27,23,82,54,119,9" hai1="95,81,125,75,35,17,62,6,91,113,87,1,49" hai2="133,128,72,24,90,39,59,22,123,30,12,19,65" hai3="46,33,3,129,76,0,89,84,100,40,130,120,98"/><T63/><D119/><U53/><E35/><V135/><F39/><W79/><G33/><T18/><D82/><U93/><E75/><V31/><F72/><W97/><G120/><T44/><D131/><N who="3" m="50185" /><G79/><T83/><D127/><U5/><E125/><V68/><F68/><W67/><G67/><T132/><D132/><N who="2" m="50762" /><F123/><W28/><G28/><N who="2" m="10793" /><F90/><W64/><G64/><T4/><D83/><U77/><E1/><N who="3" m="586" /><G76/><T15/><REACH who="0" step="1"/><D4/><REACH who="0" ten="255,255,235,235" step="2"/><U117/><E5/><V50/><F128/><W104/><G104/><T10/><D10/><U51/><E6/><V14/><F65/><W69/><G100/><T21/><D21/><U55/><E95/><V86/><F22/><W109/><G109/><T36/><D36/><U103/><E93/><V115/><F115/><W52/><G69/><T29/><D29/><U94/><E94/><V80/><F19/><W58/><G84/><T8/><D8/><U121/><E17/><V37/><F37/><N who="3" m="21775" /><G89/><T42/><D42/><U73/><E113/><V45/><F86/><W26/><G26/><T124/><D124/><U11/><E87/><V7/><F80/><W92/><G92/><T48/><D48/><AGARI ba="2,2" hai="48,52,58,97,98" m="21775,586,50185" machi="48" ten="30,2000,0" yaku="19,1,54,1" doraHai="134" who="3" fromWho="0" sc="255,-26,255,0,235,0,235,46" /><INIT seed="1,0,0,1,0,37" ten="229,255,235,281" oya="1" hai0="92,94,41,109,39,100,85,97,46,68,108,0,111" hai1="98,19,71,96,114,133,135,120,63,99,45,95,56" hai2="103,118,22,27,10,58,73,66,59,101,102,1,16" hai3="64,61,4,124,113,69,105,60,134,20,127,72,84"/><U43/><E71/><V112/><F73/><W24/><G72/><T129/><D68/><U6/><E114/><V132/><F118/><W126/><G113/><T57/><D57/><U21/><E6/><V76/><F112/><W18/><G105/><T115/><D115/><U107/><E107/><V110/><F132/><N who="1" m="50761" /><E120/><V42/><F110/><W13/><G134/><T78/><D0/><U50/><E95/><V23/><F76/><W31/><G61/><T2/><D2/><U74/><E74/><V81/><F81/><W7/><REACH who="3" step="1"/><G84/><REACH who="3" ten="229,255,235,271" step="2"/><T49/><D129/><U125/><E125/><V87/><F87/><W91/><G91/><N who="0" m="53359" /><D78/><U128/><E128/><V11/><F102/><W75/><G75/><T62/><D62/><U130/><E130/><V86/><F103/><W79/><G79/><T30/><D30/><U51/><E99/><V122/><F86/><W65/><G65/><T117/><D117/><U15/><E50/><AGARI ba="0,1" hai="39,41,46,49,50,94,97,100,108,109,111" m="53359" machi="50" ten="30,2000,0" yaku="14,1,52,1" doraHai="37" who="0" fromWho="1" sc="229,30,255,-20,235,0,271,0" /><INIT seed="2,0,0,1,1,33" ten="259,235,235,271" oya="2" hai0="52,22,75,17,25,31,100,46,6,81,92,93,61" hai1="130,4,60,16,55,70,37,123,39,30,89,90,27" hai2="3,56,47,121,77,94,28,65,35,126,45,115,26" hai3="42,79,131,58,135,84,19,64,50,69,44,78,107"/><V62/><F121/><W117/><G117/><T14/><D75/><U125/><E4/><V88/><F115/><W99/><G69/><T113/><D81/><U127/><E123/><V24/><F126/><N who="1" m="48137" /><E30/><V2/><F77/><W66/><G135/><T124/><D113/><U98/><E98/><V23/><F47/><W83/><G131/><T57/><D6/><U86/><E130/><V59/><F45/><W12/><G79/><T43/><D100/><U71/><E55/><V8/><F56/><W116/><G116/><T34/><REACH who="0" step="1"/><D124/><REACH who="0" ten="249,235,235,271" step="2"/><U36/><E86/><V114/><F114/><W40/><G107/><T73/><D73/><U1/><E1/><V120/><F120/><W53/><G99/><T74/><D74/><U32/><E60/><V104/><F104/><W97/><G97/><T18/><D18/><U87/><E87/><V7/><F3/><W101/><G101/><T122/><D122/><U118/><E118/><V63/><F63/><W68/><G19/><T95/><D95/><U105/><E105/><V128/><F128/><W51/><G84/><T38/><AGARI ba="0,1" hai="14,17,22,25,31,34,38,43,46,52,57,61,92,93" machi="38" ten="20,5200,0" yaku="1,1,0,1,7,1,54,1,53,0" doraHai="33" doraHaiUra="108" who="0" fromWho="0" sc="249,62,235,-13,235,-26,271,-13" /><INIT seed="3,0,0,0,5,125" ten="311,222,209,258" oya="3" hai0="99,59,52,17,133,106,63,115,22,107,45,21,34" hai1="105,19,132,95,89,35,90,36,113,68,20,120,100" hai2="13,8,67,131,104,14,65,82,69,129,84,48,37" hai3="32,96,44,62,46,30,83,0,18,124,102,77,26"/><W130/><G0/><T66/><D34/><U98/><E35/><V101/><F37/><W79/><G124/><T123/><D133/><U126/><E126/><V54/><F101/><W31/><G31/><T135/><D123/><U71/><E132/><V1/><F104/><W73/><G79/><T108/><D115/><U4/><E4/><V38/><F13/><W29/><G29/><T80/><D108/><U16/><E36/><V23/><F23/><W114/><G114/><T88/><D22/><U41/><E41/><V74/><F74/><W7/><G7/><T116/><D116/><U10/><E90/><N who="2" m="51479" /><F38/><W75/><G75/><T53/><D80/><U61/><E113/><V134/><F134/><W92/><G130/><N who="2" m="49673" /><F69/><W27/><G27/><N who="0" m="14767" /><D66/><U121/><E71/><V85/><F85/><W117/><G117/><T49/><D135/><U24/><E10/><V78/><F78/><W122/><G122/><T47/><D47/><U109/><E109/><V55/><F1/><W94/><G46/><T5/><D5/><U76/><E76/><V15/><F55/><W51/><G77/><T2/><D2/><U110/><E19/><N who="2" m="8647" /><F15/><W119/><G73/><T57/><D45/><AGARI ba="0,0" hai="45,48,54,65,67" m="8647,49673,51479" machi="45" ten="30,8000,1" yaku="25,1,19,1,52,3" doraHai="125" who="2" fromWho="0" sc="311,-80,222,0,209,80,258,0" /><INIT seed="4,0,0,5,4,119" ten="231,222,289,258" oya="0" hai0="87,81,92,38,123,54,105,33,41,58,23,120,36" hai1="98,94,5,30,28,61,0,14,47,132,88,100,73" hai2="62,111,80,124,13,82,74,110,45,48,70,20,102" hai3="114,104,27,24,113,122,115,29,125,6,25,97,19"/><T15/><D105/><U129/><E73/><V44/><F44/><W40/><G40/><T89/><D33/><U49/><E0/><V34/><F34/><W64/><G64/><T103/><D41/><N who="1" m="24815" /><E129/><V126/><F102/><W90/><G104/><T69/><D103/><U3/><E3/><V21/><F62/><W56/><G56/><T8/><D69/><U35/><E132/><V51/><F70/><W9/><G97/><T127/><D81/><U106/><E106/><V10/><F45/><W79/><G90/><T65/><D65/><U59/><E35/><V116/><F116/><W84/><G84/><T93/><D93/><N who="1" m="58447" /><E14/><V18/><F74/><W68/><G68/><T78/><D127/><N who="2" m="48682" /><F51/><W117/><G125/><T22/><D78/><U37/><E5/><V46/><F82/><W133/><G117/><T75/><D75/><U60/><E37/><V86/><F111/><W1/><G79/><T91/><D89/><U16/><E16/><V55/><F110/><W63/><G19/><N who="0" m="10623" /><D8/><U67/><E60/><V4/><F4/><W57/><G63/><T95/><D23/><U96/><AGARI ba="0,0" hai="28,30,59,61,67,88,94,96" m="58447,24815" machi="96" ten="30,2000,0" yaku="8,1,54,1" doraHai="119" who="1" fromWho="1" sc="231,-10,222,20,289,-5,258,-5" /><INIT seed="5,0,0,5,4,112" ten="221,242,284,253" oya="1" hai0="51,89,128,59,60,2,34,99,6,126,111,127,32" hai1="106,30,12,90,50,65,100,10,17,83,63,54,109" hai2="78,116,77,102,33,85,76,20,68,72,7,14,108" hai3="16,75,40,93,132,113,4,35,110,58,55,114,129"/><U1/><E1/><V74/><F33/><W52/><G110/><T64/><D111/><U92/><E106/><V19/><F68/><W101/><G35/><T98/><D128/><U45/><E30/><V105/><F108/><W86/><G75/><T96/><D51/><U56/><E109/><V9/><F116/><W134/><G4/><T39/><D89/><U95/><REACH who="1" step="1"/><E100/><REACH who="1" ten="221,232,284,253" step="2"/><V124/><F102/><W107/><G107/><T13/><D2/><U81/><E81/><V42/><F105/><W66/><G101/><T53/><D39/><U5/><E5/><V135/><F74/><W31/><G31/><T88/><D88/><U61/><E61/><V67/><F72/><W79/><G113/><T121/><D121/><U62/><E62/><V8/><F7/><W0/><G0/><T131/><D131/><U49/><E49/><V70/><F78/><W23/><G114/><T115/><D115/><U18/><E18/><V94/><F77/><W43/><G79/><T71/><D6/><U11/><E11/><V117/><F9/><W37/><G37/><T125/><D13/><U21/><E21/><V41/><F20/><W104/><G23/><T22/><D22/><U15/><E15/><V46/><F14/><W97/><G129/><T24/><D24/><U3/><E3/><V133/><F8/><W25/><G25/><T80/><D80/><U48/><E48/><V73/><F19/><W130/><G16/><T69/><D69/><U119/><E119/><V82/><F117/><W29/><G130/><T87/><D87/><AGARI ba="0,1" hai="10,12,17,45,50,54,56,63,65,83,87,90,92,95" machi="87" ten="40,12000,1" yaku="1,1,25,2,8,1,53,0" doraHai="112" doraHaiUra="38" who="1" fromWho="0" sc="221,-120,232,130,284,0,253,0" owari="101,-40.0,362,47.0,284,8.0,253,-15.0" /></mjloggm>