<mjloggm ver="2.3"><GO type="97" lobby="0"/><UN n0="%E3%81%BE%E3%81%8C%E3%82%8A%EF%BC%BE%E3%83%BC%EF%BC%BE" n1="%E3%82%88%E3%83%BC%E3%81%90%E3%82%8B%E3%81%A8" n2="%E8%97%8D%E8%97%8D%E8%B7%AF" n3="%E3%82%A6%E3%83%AB%E3%83%88%E3%83%A9%E7%AB%8B%E7%9B%B4" dan="14,14,13,15" rate="1952.15,1953.54,1822.88,2023.67" sx="M,M,M,M"/><TAIKYOKU oya="0"/><INIT seed="0,0,0,3,1,102" ten="250,250,250,250" oya="0" hai0="82,76,126,51,22,64,42,38,57,33,69,14,45" hai1="25,1,84,129,117,65,30,21,94,44,114,68,124" hai2="109,26,120,66,16,105,128,6,23,5,107,93,118" hai3="55,43,29,74,116,0,10,31,41,85,77,99,18"/><T34/><D126/><U63/><E117/><V47/><F120/><W125/><G74/><T100/><D100/><U62/><E124/><V12/><F118/><W123/><G0/><T113/><D113/><U11/><E129/><V32/><F128/><W92/><G55/><N who="0" m="31999" /><D22/><U81/><E114/><V127/><F127/><W36/><G36/><T78/><D14/><U50/><E94/><V7/><F109/><W4/><G4/><T135/><D135/><U121/><E121/><V20/><F66/><W119/><G123/><T103/><D103/><U13/><E1/><V108/><F108/><W134/><G31/><T133/><D133/><U27/><E27/><V79/><F93/><W106/><G29/><T59/><D59/><U104/><E65/><V70/><F70/><W61/><G92/><T56/><D56/><U95/><E95/><V46/><F32/><N who="0" m="12394" /><D82/><U9/><E68/><V35/><F35/><W3/><G3/><T37/><D37/><U86/><E86/><V2/><F79/><W88/><G77/><T72/><D72/><U17/><E9/><V28/><REACH who="2" step="1"/><F2/><REACH who="2" ten="250,250,240,250" step="2"/><W89/><G125/><T58/><D78/><U110/><E110/><V91/><F91/><W96/><G89/><T53/><D76/><N who="1" m="46119" /><E104/><AGARI ba="0,1" hai="5,6,7,12,16,20,23,26,28,46,47,104,105,107" machi="104" ten="40,8000,1" yaku="1,1,52,3,54,1,53,0" doraHai="102" doraHaiUra="130" who="2" fromWho="1" sc="250,0,250,-80,240,90,250,0" /><INIT seed="1,0,0,5,0,71" ten="250,170,330,250" oya="1" hai0="25,105,90,20,87,126,18,17,22,62,85,103,110" hai1="10,84,121,67,47,78,99,125,97,19,120,77,133" hai2="122,14,44,35,31,135,30,69,113,74,5,95,45" hai3="72,66,118,86,98,33,63,0,11,79,1,9,34"/><U80/><E67/><V24/><F30/><W56/><G86/><T131/><D110/><U106/><E47/><V52/><F122/><N who="1" m="47209" /><E19/><V111/><F69/><W16/><G98/><N who="1" m="37386" /><E10/><V55/><F113/><W88/><G88/><T57/><D105/><U104/><E133/><V29/><F95/><W82/><G118/><T117/><D103/><U53/><E53/><V61/><F111/><W65/><G65/><T4/><D117/><U6/><E6/><V119/><F31/><W127/><G56/><T91/><D4/><U13/><E13/><V58/><F74/><W32/><G63/><T130/><D62/><U50/><E50/><V112/><F119/><W68/><G66/><T83/><D57/><U73/><E125/><V23/><F112/><W100/><G68/><T54/><D54/><U41/><E41/><V76/><F76/><W96/><G127/><T64/><D64/><U21/><E21/><V36/><F36/><W42/><G42/><T37/><D37/><U81/><AGARI ba="0,0" hai="73,77,78,80,81,84,104,106" m="37386,47209" machi="81" ten="30,3000,0" yaku="34,2" doraHai="71" who="1" fromWho="1" sc="250,-10,170,30,330,-10,250,-10" /><INIT seed="1,1,0,4,2,1" ten="240,200,320,240" oya="1" hai0="81,120,129,119,63,52,30,50,111,116,48,94,17" hai1="42,127,37,89,62,104,133,110,33,2,131,134,61" hai2="128,31,44,45,73,53,10,16,4,123,135,56,8" hai3="115,15,71,97,41,96,9,35,88,114,98,84,108"/><U106/><E33/><V60/><F123/><W66/><G35/><T112/><D30/><U99/><E2/><V28/><F73/><W54/><G108/><T18/><D111/><U103/><E110/><V13/><F128/><W126/><G126/><T27/><D81/><U86/><E127/><V5/><F135/><N who="1" m="51721" /><E131/><V0/><REACH who="2" step="1"/><F16/><REACH who="2" ten="240,200,310,240" step="2"/><N who="0" m="6250" /><D129/><U83/><E106/><V93/><F93/><W69/><G114/><T59/><D112/><U26/><E26/><V122/><F122/><W58/><G115/><T55/><D120/><U95/><E104/><V85/><F85/><W19/><G84/><T124/><D27/><U11/><E11/><V67/><F67/><W23/><G66/><T25/><D25/><U74/><E74/><V21/><F21/><W49/><G23/><T90/><D124/><U125/><E125/><V107/><F107/><W68/><G97/><N who="0" m="57559" /><D119/><U70/><E70/><V20/><F20/><W12/><G96/><T51/><D116/><U43/><E37/><V105/><F105/><W64/><G68/><T117/><D117/><U118/><E118/><V22/><F22/><W76/><G98/><T100/><D100/><U6/><E6/><V29/><AGARI ba="1,1" hai="0,4,5,8,10,13,28,29,31,44,45,53,56,60" machi="29" ten="30,7900,0" yaku="1,1,0,1,52,2,53,0" doraHai="1" doraHaiUra="38" who="2" fromWho="2" sc="240,-21,200,-40,310,92,240,-21" /><INIT seed="2,0,0,0,4,44" ten="219,160,402,219" oya="2" hai0="108,123,30,83,67,31,117,115,120,66,130,105,41" hai1="25,133,72,34,20,26,11,84,78,56,2,118,96" hai2="89,95,110,10,68,38,71,109,82,32,76,29,74" hai3="93,91,16,111,85,124,134,62,61,57,60,19,106"/><V37/><F10/><W70/><G106/><T28/><D105/><U69/><E118/><V15/><F15/><W98/><G111/><N who="2" m="42505" /><F89/><N who="3" m="55599" /><G124/><T88/><D108/><U24/><E69/><N who="2" m="26699" /><F95/><N who="3" m="54767" /><G134/><T6/><D115/><U18/><E72/><V36/><F29/><W55/><G70/><T39/><D6/><U81/><E133/><V131/><F131/><W129/><G129/><T125/><D117/><U75/><E2/><V4/><F4/><W73/><G73/><T126/><D130/><U59/><E34/><AGARI ba="0,0" hai="32,34,36,37,38,74,76,82" m="26699,42505" machi="34" ten="40,7700,0" yaku="14,1,10,1,23,1" doraHai="44" who="2" fromWho="1" sc="219,0,160,-77,402,77,219,0" /><INIT seed="2,1,0,3,5,74" ten="219,83,479,219" oya="2" hai0="100,107,19,9,5,30,42,91,48,101,10,39,49" hai1="104,32,28,60,80,44,103,17,37,128,51,50,20" hai2="41,6,52,97,125,105,129,95,70,8,93,119,55" hai3="75,29,66,131,134,25,111,61,4,122,69,62,59"/><V113/><F113/><W34/><G122/><T92/><D30/><U81/><E128/><V115/><F70/><W94/><G75/><T132/><D39/><U123/><E123/><V31/><F125/><W43/><G111/><T98/><D132/><U11/><E37/><V7/><F41/><W63/><G134/><T77/><D77/><U130/><E130/><V22/><F105/><W82/><G82/><T126/><D126/><U108/><E108/><V26/><F119/><W58/><G43/><T47/><D49/><U89/><E11/><N who="0" m="4105" /><D107/><U135/><E135/><V71/><F71/><W23/><G69/><T96/><D5/><N who="2" m="1546" /><F115/><W88/><G4/><T33/><D33/><U67/><E50/><V121/><F121/><W24/><G131/><T45/><D45/><U118/><E118/><V127/><F8/><W86/><REACH who="3" step="1"/><G59/><REACH who="3" ten="219,83,479,209" step="2"/><T133/><D133/><U76/><E80/><V124/><F129/><W117/><G117/><T40/><D40/><U90/><E81/><V18/><F127/><W56/><G56/><T38/><D38/><U114/><E114/><V35/><F124/><W112/><G112/><T0/><D42/><U106/><E106/><V21/><F35/><W64/><G64/><T68/><D68/><U36/><E67/><V85/><F31/><AGARI ba="1,1" hai="23,24,25,29,31,34,58,61,62,63,66,86,88,94" machi="31" ten="30,7700,0" yaku="1,1,7,1,54,1,53,1" doraHai="74" doraHaiUra="87" who="3" fromWho="2" sc="219,0,83,0,479,-80,209,90" /><INIT seed="3,0,0,2,1,64" ten="219,83,399,299" oya="3" hai0="40,65,3,105,102,106,6,96,114,27,25,53,87" hai1="14,119,8,113,62,132,73,127,48,90,1,63,60" hai2="76,9,66,125,81,46,18,99,55,10,15,23,68" hai3="126,59,104,61,50,29,79,19,33,47,67,97,123"/><W37/><G123/><T130/><D106/><U39/><E73/><V92/><F125/><W94/><G104/><T70/><D40/><U112/><E1/><V21/><F21/><W0/><G0/><T51/><D130/><U84/><E127/><V5/><F5/><W121/><G121/><T74/><D74/><U49/><E39/><V88/><F68/><W85/><G33/><T30/><D114/><U115/><E132/><V80/><F66/><W95/><G29/><T98/><D87/><U120/><E120/><V91/><F91/><N who="3" m="53615" /><G37/><T4/><D96/><U124/><E124/><V16/><F9/><W86/><G126/><T75/><D27/><U109/><E109/><V83/><F46/><W41/><G19/><T107/><D107/><U128/><E128/><V38/><F55/><W72/><G72/><T43/><D43/><U52/><E119/><V116/><F116/><W122/><G122/><T26/><D26/><U36/><E36/><V56/><F56/><W89/><G79/><T44/><D75/><U101/><E101/><V42/><F42/><W69/><G69/><T77/><D77/><U118/><E118/><V117/><F117/><W111/><G111/><T20/><D3/><U58/><E8/><V131/><F38/><W12/><G12/><T24/><D25/><U82/><E14/><V17/><F131/><W31/><G31/><T45/><D45/><U7/><E7/><N who="2" m="3551" /><F23/><W2/><G2/><T35/><REACH who="0" step="1"/><D20/><REACH who="0" ten="209,83,399,299" step="2"/><U57/><E115/><V108/><F76/><W34/><G86/><T22/><D22/><U93/><E82/><N who="2" m="20995" /><V13/><DORA hai="103" /><F108/><RYUUKYOKU ba="0,1" sc="209,0,83,0,399,0,299,0" hai0="4,6,24,30,35,44,51,53,65,70,98,102,105" hai1="48,49,52,57,58,60,62,63,84,90,93,112,113" hai2="13,16,17,18,88,92,99" hai3="34,41,47,50,59,61,67,89,95,97" /><INIT seed="3,1,1,2,4,85" ten="209,83,399,299" oya="3" hai0="98,79,66,67,131,89,39,105,43,48,51,2,28" hai1="70,121,87,96,52,44,84,32,56,65,61,6,45" hai2="69,49,27,132,38,60,63,100,34,46,68,35,117" hai3="119,64,25,1,13,104,26,42,88,112,18,129,83"/><W102/><G1/><T57/><D2/><U10/><E32/><V37/><F117/><W94/><G104/><T126/><D39/><U122/><E96/><V76/><F76/><W110/><G119/><T95/><D105/><U97/><E97/><V14/><F132/><W53/><G112/><T7/><D126/><U20/><E20/><V125/><F125/><W113/><G113/><T50/><D131/><U111/><E84/><V47/><F100/><W127/><G127/><T135/><D135/><U106/><E87/><V108/><F108/><W81/><G102/><T99/><D79/><U107/><E107/><V55/><F14/><W58/><G64/><N who="0" m="24619" /><D7/><U41/><E106/><V31/><F31/><W40/><G110/><T82/><D82/><N who="3" m="31241" /><G129/><T5/><D5/><U115/><E10/><V109/><F109/><W12/><G26/><T116/><D116/><U21/><E21/><V71/><F27/><W86/><G25/><T133/><D133/><U123/><E6/><V54/><F34/><W120/><G120/><T15/><D43/><N who="3" m="16425" /><G18/><T134/><D28/><U101/><E101/><V74/><F35/><W16/><G16/><T128/><D128/><U24/><E24/><V3/><F3/><W80/><N who="3" m="31249" /><W93/><DORA hai="73" /><G93/><N who="0" m="56623" /><D15/><U59/><E111/><V62/><F74/><W78/><G78/><T114/><D114/><U4/><E4/><V90/><F90/><W130/><G130/><T92/><D92/><U22/><E22/><V124/><F124/><W30/><G30/><T29/><D134/><U33/><E33/><V8/><F8/><W0/><G0/><RYUUKYOKU ba="1,1" sc="209,-15,83,-15,399,15,299,15" hai2="37,38,46,47,49,54,55,60,62,63,68,69,71" hai3="12,13,53,58,86,88,94" /><INIT seed="3,2,1,0,4,122" ten="194,68,414,314" oya="3" hai0="68,26,51,4,109,72,48,44,64,39,19,117,126" hai1="20,132,50,47,32,84,135,61,98,83,87,63,13" hai2="38,77,108,65,67,100,129,21,121,17,112,124,12" hai3="76,123,9,43,2,7,30,14,80,89,106,27,110"/><W74/><G123/><T6/><D72/><U62/><E32/><V41/><F121/><W59/><G106/><T49/><D117/><U70/><E70/><V107/><F112/><W130/><G130/><T60/><D26/><U33/><E33/><V93/><F108/><W29/><G29/><T113/><D19/><U78/><E98/><V131/><F124/><W94/><G59/><T75/><D75/><U55/><E87/><V86/><F107/><W81/><G81/><T69/><D6/><U3/><E3/><V53/><F53/><W10/><G110/><T102/><D4/><U58/><E20/><V92/><F38/><W28/><G43/><N who="0" m="22655" /><D102/><U31/><E31/><V79/><F41/><W24/><G24/><T134/><D134/><U54/><E13/><V71/><F71/><W25/><G25/><T8/><D8/><U90/><E78/><N who="2" m="29707" /><F131/><W22/><G30/><T57/><D126/><U18/><E18/><V45/><F45/><W115/><G10/><T11/><D11/><U91/><E91/><N who="2" m="53367" /><F129/><W0/><REACH who="3" step="1"/><G115/><REACH who="3" ten="194,68,414,304" step="2"/><T66/><D109/><U104/><E104/><V97/><AGARI ba="2,2" hai="12,17,21,65,67,93,97,100" m="53367,29707" machi="97" ten="30,1100,0" yaku="8,1" doraHai="122" who="2" fromWho="2" sc="194,-5,68,-5,414,37,304,-7" owari="189,-21.0,63,-44.0,451,55.0,297,10.0" /></mjloggm>