<mjloggm ver="2.3"><GO type="97" lobby="0"/><UN n0="%E3%82%8C%E3%81%8A%E3%81%97%E3%82%87%E3%81%86" n1="%E5%A1%A9%E3%82%B3%E3%83%90" n2="%E3%82%A6%E3%83%AB%E3%83%88%E3%83%A9%E7%AB%8B%E7%9B%B4" n3="%6B%6F%75%63%68%61%6E%31" dan="14,15,15,13" rate="1934.39,2055.66,1966.72,1830.19" sx="M,M,M,M"/><TAIKYOKU oya="0"/><INIT seed="0,0,0,3,4,132" ten="250,250,250,250" oya="0" hai0="2,108,0,39,90,27,58,36,126,52,12,88,60" hai1="124,127,22,86,55,69,47,100,119,19,4,10,65" hai2="66,105,5,14,1,59,80,135,131,71,33,18,49" hai3="85,42,107,128,13,32,24,40,82,31,16,112,75"/><T87/><D108/><U45/><E119/><V11/><F105/><W77/><G112/><T73/><D73/><U121/><E121/><V99/><F135/><W54/><G128/><T103/><D103/><U28/><E28/><V96/><F71/><W72/><G107/><T110/><D110/><U79/><E100/><V70/><F70/><W97/><G72/><T61/><D27/><U23/><E65/><V44/><F33/><W104/><G75/><T122/><D122/><U50/><E69/><V133/><F133/><W123/><G123/><T37/><D12/><U20/><E19/><V92/><F92/><W15/><G15/><T129/><D129/><U94/><E47/><V26/><F26/><W134/><G134/><T98/><D98/><U125/><E94/><V84/><F5/><W38/><G38/><T57/><D87/><U46/><E46/><V95/><F95/><W81/><G54/><T78/><D78/><U6/><E10/><V113/><F1/><W63/><G82/><AGARI ba="0,0" hai="4,6,20,22,23,45,50,55,79,82,86,124,125,127" machi="82" ten="50,8000,1" yaku="18,1,52,3" doraHai="132" who="1" fromWho="3" sc="250,0,250,80,250,0,250,-80" /><INIT seed="1,0,0,3,2,63" ten="250,330,250,170" oya="1" hai0="45,113,112,79,117,129,134,127,107,35,70,77,47" hai1="50,58,130,69,78,83,116,6,15,126,0,46,105" hai2="23,88,103,73,33,10,48,96,118,100,84,101,30" hai3="132,94,95,68,32,59,76,52,31,61,56,38,131"/><U102/><E116/><V11/><F33/><W27/><G132/><T119/><D70/><U98/><E69/><V110/><F73/><W123/><G131/><T54/><D107/><U36/><E126/><V120/><F118/><N who="0" m="45066" /><D35/><U64/><E130/><V34/><F34/><W91/><G123/><T1/><D129/><U106/><E36/><V74/><F74/><W22/><G38/><T37/><D1/><U67/><E58/><V42/><F120/><W111/><G68/><T55/><D37/><U21/><E105/><V28/><F96/><W89/><G111/><T93/><D93/><U18/><E6/><V60/><F60/><W4/><G76/><N who="0" m="29259" /><D127/><U82/><E0/><V122/><F110/><W80/><G4/><T121/><D134/><U90/><E90/><V13/><F122/><W19/><G80/><T65/><D65/><U115/><E115/><N who="0" m="44105" /><D121/><U92/><E106/><V17/><F48/><W125/><G125/><T72/><D72/><U7/><E7/><V9/><REACH who="2" step="1"/><F42/><REACH who="2" ten="250,330,240,170" step="2"/><W14/><REACH who="3" step="1"/><G59/><REACH who="3" ten="250,330,240,160" step="2"/><T41/><D41/><N who="1" m="24911" /><E78/><V108/><F108/><W99/><G99/><T109/><D109/><U53/><E98/><V124/><F124/><W81/><G81/><AGARI ba="0,2" hai="9,10,11,13,17,23,28,30,81,84,88,100,101,103" machi="81" ten="40,5200,0" yaku="1,1,8,1,54,1,53,0" doraHai="63" doraHaiUra="49" who="2" fromWho="3" sc="250,0,330,0,240,72,160,-52" /><INIT seed="2,0,0,5,3,128" ten="250,330,312,108" oya="2" hai0="106,112,120,130,38,98,3,73,11,61,80,48,46" hai1="77,82,110,53,66,29,49,17,71,88,119,113,12" hai2="58,74,125,50,99,57,84,103,36,117,122,78,13" hai3="75,95,64,81,96,121,45,37,33,28,86,124,10"/><V59/><F36/><W54/><G121/><T87/><D120/><U111/><E113/><V131/><F74/><W93/><G124/><T67/><D112/><U27/><E119/><V116/><F122/><W55/><G75/><T115/><D115/><U104/><E104/><V62/><F125/><W6/><G33/><T5/><D130/><U132/><E132/><V26/><F131/><W108/><G28/><T8/><D8/><U105/><E105/><V79/><F62/><W14/><G108/><N who="1" m="41514" /><E66/><V109/><F109/><W19/><G37/><T51/><D98/><U9/><E71/><V15/><F116/><W2/><G64/><T18/><D106/><U22/><E88/><V42/><F117/><W1/><G1/><T127/><D127/><U41/><E41/><V101/><F79/><W30/><G30/><T7/><D7/><U100/><E100/><N who="2" m="38475" /><F99/><W90/><G95/><T60/><D61/><U47/><E82/><N who="2" m="47191" /><F26/><W118/><G118/><T65/><D67/><U107/><E107/><V134/><F134/><W43/><G2/><T23/><D60/><U24/><E77/><V129/><F129/><W70/><G70/><T31/><D65/><U44/><E27/><V102/><F102/><W34/><G34/><T40/><D31/><U20/><E44/><AGARI ba="0,0" hai="13,15,42,44,50,57,58,59" m="47191,38475" machi="44" ten="30,1500,0" yaku="8,1" doraHai="128" who="2" fromWho="1" sc="250,0,330,-15,312,15,108,0" /><INIT seed="2,1,0,4,2,127" ten="250,315,327,108" oya="2" hai0="125,7,24,64,32,85,66,34,113,49,78,37,87" hai1="81,63,93,62,97,79,22,102,109,122,111,18,112" hai2="72,60,46,14,95,61,48,17,15,70,121,13,11" hai3="75,47,23,30,8,25,45,126,115,55,107,42,27"/><V101/><F72/><W26/><G126/><T120/><D125/><U2/><E2/><V4/><F70/><W132/><G75/><T57/><D120/><U59/><E112/><V29/><F29/><W51/><G107/><T53/><D113/><U35/><E35/><V80/><F80/><W123/><G132/><T3/><D37/><U77/><E122/><V21/><F15/><W31/><G123/><T128/><D7/><U100/><E100/><V0/><F0/><W16/><G115/><T117/><D3/><U19/><E22/><V98/><REACH who="2" step="1"/><F121/><REACH who="2" ten="250,315,317,108" step="2"/><W116/><G116/><T39/><D117/><U10/><E81/><V106/><F106/><W73/><G73/><T89/><D24/><U41/><E93/><V88/><F88/><W50/><G8/><T86/><D78/><U91/><E10/><V84/><F84/><W12/><AGARI ba="1,1" hai="12,16,23,25,26,27,30,31,42,45,47,50,51,55" machi="12" ten="30,4000,0" yaku="0,1,8,1,54,1" doraHai="127" who="3" fromWho="3" sc="250,-11,315,-11,317,-21,108,53" /><INIT seed="3,0,0,0,0,44" ten="239,304,296,161" oya="3" hai0="12,27,31,114,77,1,7,128,84,124,61,65,119" hai1="63,107,94,33,85,32,37,83,0,113,108,134,14" hai2="64,45,58,49,76,111,104,74,8,91,43,123,52" hai3="79,57,103,38,120,19,132,29,69,23,130,82,62"/><W106/><G120/><T112/><D119/><U96/><E113/><N who="0" m="43625" /><D1/><U55/><E0/><V41/><F104/><W72/><G132/><T78/><D124/><U40/><E107/><V80/><F123/><W53/><G130/><T110/><D128/><U39/><E134/><V117/><F117/><W6/><G38/><T92/><D110/><U11/><E108/><V68/><F111/><W20/><G6/><T54/><D54/><U73/><E73/><V46/><F68/><W10/><G69/><N who="0" m="42159" /><D7/><U51/><E39/><V24/><F64/><W59/><G29/><T30/><D12/><U121/><E14/><V21/><F43/><W122/><G122/><T89/><D31/><U22/><E55/><V81/><F41/><W75/><G75/><T102/><D102/><U95/><E40/><V131/><F131/><W87/><G72/><T116/><D116/><U98/><E37/><V67/><F67/><N who="3" m="39375" /><G106/><T135/><D135/><U15/><E15/><V35/><F35/><W50/><G103/><T88/><D89/><U48/><E121/><V26/><F26/><W34/><G34/><T3/><D3/><U101/><E33/><AGARI ba="0,0" hai="27,30,33,77,78,84,88,92" m="42159,43625" machi="33" ten="30,2000,0" yaku="11,1,54,1" doraHai="44" who="0" fromWho="1" sc="239,20,304,-20,296,0,161,0" /><INIT seed="4,0,0,4,0,35" ten="259,284,296,161" oya="0" hai0="24,74,19,133,15,77,110,16,1,106,116,69,131" hai1="33,129,117,134,109,90,67,80,58,120,79,61,17" hai2="25,37,81,114,13,53,60,8,85,45,102,82,73" hai3="108,5,14,76,87,22,66,30,119,43,64,11,54"/><T75/><D116/><U59/><E109/><V48/><F37/><W112/><G108/><T107/><D110/><U7/><E117/><V83/><F73/><W94/><G119/><T88/><D69/><U2/><E120/><V3/><F3/><W68/><G112/><T111/><D133/><U55/><E33/><V91/><F114/><W52/><G68/><T130/><D111/><U100/><E100/><V20/><F102/><W84/><G43/><T49/><D49/><U115/><E134/><V10/><F60/><W96/><G76/><T42/><D42/><U98/><E115/><V118/><F118/><W31/><G22/><N who="0" m="13383" /><D1/><U128/><E129/><N who="0" m="49161" /><D88/><U56/><E128/><V72/><F72/><N who="0" m="27690" /><D77/><U57/><E90/><V63/><F63/><W27/><G27/><T39/><D39/><U28/><E98/><V50/><F50/><W51/><G54/><T93/><D93/><U40/><E40/><V125/><F125/><W95/><G95/><T32/><D32/><U36/><E36/><V29/><F10/><AGARI ba="0,0" hai="10,15,19,106,107" m="27690,49161,13383" machi="10" ten="30,2900,0" yaku="19,1,54,1" doraHai="35" who="0" fromWho="2" sc="259,29,284,0,296,-29,161,0" /><INIT seed="4,1,0,3,4,10" ten="288,284,267,161" oya="0" hai0="100,107,119,87,86,71,60,20,88,106,128,57,82" hai1="40,99,127,25,15,50,34,105,69,70,78,129,108" hai2="32,53,29,134,90,97,17,27,120,65,45,39,73" hai3="118,80,48,115,24,116,66,122,31,79,61,47,62"/><T68/><D119/><U126/><E108/><V67/><F73/><W43/><G115/><T12/><D128/><U101/><E129/><V112/><F120/><W72/><G122/><T76/><D106/><U3/><E3/><V63/><F112/><W44/><G61/><T11/><D20/><U9/><E78/><V91/><F134/><W54/><G31/><T8/><D8/><U5/><E25/><V30/><F65/><W0/><G24/><T38/><D38/><U58/><E34/><V21/><F29/><W26/><G0/><T114/><D100/><U123/><E123/><V117/><F117/><W96/><G96/><T83/><D107/><U94/><E105/><V49/><F39/><W74/><G74/><T13/><D13/><U36/><E36/><V92/><F32/><W35/><G35/><T42/><D42/><U85/><E85/><V93/><F17/><W132/><G26/><T14/><D114/><U113/><E113/><V56/><F93/><W84/><G132/><T19/><D12/><U124/><E58/><V102/><AGARI ba="1,0" hai="21,27,30,45,49,53,56,63,67,90,91,92,97,102" machi="102" ten="20,8000,1" yaku="0,1,7,1,25,2,8,1" doraHai="10" who="2" fromWho="2" sc="288,-41,284,-21,267,83,161,-21" owari="247,-15.0,263,6.0,350,45.0,140,-36.0" /></mjloggm>