<mjloggm ver="2.3"><GO type="97" lobby="0"/><UN n0="%40%E3%82%B4%E3%83%83%E3%82%B5%E3%83%A0" n1="%E3%83%88%E3%82%B7%E3%83%95%E3%83%BC%E3%83%8B" n2="%E3%82%A6%E3%83%AB%E3%83%88%E3%83%A9%E7%AB%8B%E7%9B%B4" n3="%48%65%72%69%6F%73" dan="13,15,15,14" rate="2064.07,2109.32,2040.97,1871.49" sx="M,M,M,M"/><TAIKYOKU oya="0"/><INIT seed="0,0,0,4,3,27" ten="250,250,250,250" oya="0" hai0="33,113,23,56,6,64,98,9,4,123,99,81,122" hai1="10,76,12,126,26,91,129,78,0,110,48,44,95" hai2="54,74,18,79,71,128,14,20,114,65,73,94,67" hai3="2,83,80,34,86,111,115,58,51,22,42,37,69"/><T43/><D113/><U101/><E0/><V100/><F114/><W41/><G34/><T117/><D117/><U72/><E72/><V31/><F128/><W15/><G115/><T49/><D33/><U124/><E101/><V120/><F120/><W13/><G2/><T68/><D68/><U116/><E110/><V47/><F71/><W77/><G69/><T93/><D123/><U82/><E26/><N who="2" m="16839" /><F79/><W19/><G111/><T102/><D122/><U130/><E116/><V84/><F74/><W16/><G37/><T125/><D125/><N who="1" m="48235" /><E91/><N who="2" m="53607" /><F100/><W29/><G83/><T32/><D32/><U121/><E95/><V107/><F107/><W127/><G127/><T103/><D23/><U104/><E104/><V133/><F133/><W36/><G36/><T25/><D25/><U3/><E3/><V131/><F131/><N who="1" m="50185" /><E82/><V106/><F106/><W88/><G77/><T92/><D81/><U96/><E96/><V75/><F75/><W60/><G51/><T112/><D112/><U55/><E121/><V52/><F73/><W85/><G85/><T11/><D93/><U105/><E105/><V46/><F14/><W21/><G29/><T30/><D30/><U63/><E78/><V24/><F24/><W66/><AGARI ba="0,0" hai="13,15,16,19,21,22,41,42,58,60,66,80,86,88" machi="66" ten="20,12000,2" yaku="0,1,7,1,9,1,8,1,54,2" doraHai="27" who="3" fromWho="3" sc="250,-60,250,-30,250,-30,250,120" /><INIT seed="1,0,0,5,2,83" ten="190,220,220,370" oya="1" hai0="124,53,65,120,27,78,90,89,73,6,47,2,84" hai1="68,70,23,55,104,57,96,18,102,36,0,77,43" hai2="21,80,52,79,3,25,122,106,61,32,116,126,111" hai3="40,117,71,4,129,123,95,114,51,8,31,62,44"/><U54/><E0/><V29/><F106/><W119/><G31/><T59/><D124/><U130/><E130/><V17/><F3/><W105/><G105/><T35/><D120/><U72/><E72/><V20/><F122/><W63/><G123/><T9/><D73/><U88/><E77/><V109/><F116/><N who="3" m="44619" /><G129/><T97/><D65/><U133/><E133/><V26/><F126/><W99/><G71/><T92/><D47/><U58/><E43/><V67/><F32/><W64/><G64/><T69/><D69/><U82/><E36/><V121/><F121/><W131/><G131/><T112/><D112/><U100/><E68/><V37/><F37/><W87/><G87/><T7/><D7/><U46/><E70/><V49/><F61/><W14/><G114/><T50/><D35/><U16/><E46/><V56/><REACH who="2" step="1"/><F67/><REACH who="2" ten="190,220,210,370" step="2"/><W118/><G118/><T128/><D128/><U74/><E104/><V45/><F45/><W81/><G63/><T22/><D2/><U93/><E58/><V41/><F41/><W30/><G62/><T85/><D59/><U10/><E57/><V66/><F66/><W13/><G40/><T113/><D50/><U42/><E42/><V60/><F60/><W127/><G127/><T101/><D113/><U75/><E55/><V132/><F132/><W103/><G51/><T34/><D53/><U12/><E54/><V11/><F11/><W48/><G48/><T76/><D34/><U39/><E39/><V5/><F5/><W91/><G44/><T98/><D6/><U24/><E75/><AGARI ba="0,1" hai="17,20,21,25,26,29,49,52,56,75,79,80,109,111" machi="75" ten="40,2600,0" yaku="1,1,54,1,53,0" doraHai="83" doraHaiUra="110" who="2" fromWho="1" sc="190,0,220,-26,210,36,370,0" /><INIT seed="2,0,0,3,3,23" ten="190,194,246,370" oya="2" hai0="76,97,131,121,56,101,17,85,126,111,51,48,30" hai1="33,123,32,125,82,46,134,0,1,45,14,106,93" hai2="4,80,96,78,87,86,129,10,29,73,77,84,130" hai3="65,13,72,133,61,103,114,21,102,31,118,49,83"/><V15/><F29/><W117/><G49/><T92/><D121/><U132/><E106/><V119/><F119/><W11/><G133/><N who="1" m="51306" /><E123/><V75/><F15/><W70/><G114/><T67/><D111/><U62/><E125/><V124/><F10/><W95/><G103/><T27/><D126/><U50/><E93/><V108/><F4/><W120/><G120/><T127/><D131/><N who="2" m="50186" /><F124/><W19/><G72/><N who="2" m="27721" /><F108/><W28/><G28/><T5/><D5/><U47/><E50/><V89/><F80/><W100/><G100/><T105/><D30/><U38/><E38/><V54/><F54/><W24/><G83/><N who="0" m="47335" /><D105/><U55/><E82/><V25/><F25/><W18/><G31/><T52/><D67/><U91/><E14/><V53/><F53/><W99/><AGARI ba="0,0" hai="11,13,18,19,21,24,61,65,70,95,99,102,117,118" machi="99" ten="30,2000,0" yaku="0,1,52,1" doraHai="23" who="3" fromWho="3" sc="190,-5,194,-5,246,-10,370,20" /><INIT seed="3,0,0,2,4,129" ten="185,189,236,390" oya="3" hai0="61,8,53,132,89,14,63,105,131,124,107,121,45" hai1="60,120,65,50,51,78,92,117,100,76,126,21,26" hai2="116,46,4,103,73,66,28,98,2,58,33,43,75" hai3="39,69,55,104,82,48,17,122,130,108,84,119,16"/><W27/><G104/><T70/><D121/><U95/><E120/><V109/><F109/><W85/><G122/><T106/><D70/><U41/><E117/><V74/><F58/><W49/><G119/><T128/><D124/><U81/><E126/><V118/><F66/><W99/><G39/><T10/><D132/><U29/><E41/><V90/><F90/><W125/><G125/><T56/><D45/><U79/><E81/><V101/><F101/><W18/><G69/><T64/><D89/><U23/><E23/><V72/><F72/><W13/><G108/><T83/><D83/><U102/><E102/><V123/><F123/><W1/><G1/><T134/><D134/><U111/><E111/><V40/><F40/><W0/><G0/><T38/><D38/><U77/><N who="1" m="19456" /><DORA hai="35" /><U54/><E54/><V52/><F52/><W93/><G82/><T34/><D34/><U24/><E24/><V94/><F116/><W113/><G113/><T91/><D91/><U32/><E32/><V59/><F118/><W5/><G27/><T67/><D63/><U42/><E42/><V133/><F43/><W88/><G130/><N who="0" m="49707" /><D8/><U115/><E115/><V127/><F127/><W7/><G13/><T114/><D114/><U31/><E31/><V71/><F33/><W9/><G9/><T11/><D11/><U12/><E12/><V19/><F74/><W80/><G85/><T110/><D110/><U22/><E22/><V6/><F75/><W30/><G5/><AGARI ba="0,0" hai="5,10,14,53,56,61,64,67,105,106,107" m="49707" machi="5" ten="40,1300,0" yaku="19,1" doraHai="129,35" who="0" fromWho="3" sc="185,13,189,0,236,0,390,-13" owari="198,-20.0,189,-31.0,236,4.0,377,47.0" /></mjloggm>