<mjloggm ver="2.3"><GO type="169" lobby="0"/><UN n0="%E3%80%93%E6%9D%BE%E4%BA%95%EF%BC%A3%EF%BC%B3%E3%80%93" n1="%E3%81%AF%E3%81%AA%E3%81%86%E3%81%95%E3%81%8E" n2="%E3%82%A6%E3%83%AB%E3%83%88%E3%83%A9%E7%AB%8B%E7%9B%B4" n3="%E3%81%BD%E3%81%A8%E3%81%97" dan="18,16,17,17" rate="2199.55,2041.35,2075.45,2088.25" sx="M,M,M,F"/><TAIKYOKU oya="0"/><INIT seed="0,0,0,3,1,134" ten="250,250,250,250" oya="0" hai0="123,71,74,119,68,109,20,112,21,106,9,38,75" hai1="127,8,120,104,44,56,69,64,133,59,62,72,54" hai2="2,12,35,99,95,58,96,79,27,117,67,33,121" hai3="81,18,88,90,23,76,6,107,70,13,135,114,65"/><T7/><D112/><U103/><E72/><V101/><F2/><W46/><G114/><T116/><D123/><U47/><E8/><V78/><F121/><W128/><G107/><T24/><D106/><U32/><E32/><V129/><F129/><W42/><G135/><T11/><D38/><U17/><E17/><V87/><F117/><W16/><G128/><T122/><D122/><U5/><E5/><V51/><F35/><W82/><G6/><T49/><D7/><U34/><E34/><V1/><F1/><W91/><G70/><T53/><D24/><U14/><E14/><V132/><F132/><W111/><G65/><T94/><D94/><U73/><E73/><V39/><F39/><W83/><G111/><T105/><D105/><U126/><E103/><V37/><F37/><W89/><N who="3" m="22528" /><DORA hai="28" /><W55/><G55/><T100/><D49/><N who="1" m="30799" /><E104/><V48/><F33/><W110/><G110/><T85/><D109/><U57/><E120/><V36/><F36/><W130/><G130/><T41/><D100/><U108/><E108/><V26/><F101/><W25/><G46/><N who="1" m="17450" /><E133/><V4/><F4/><W124/><G42/><T61/><D41/><U86/><E86/><V77/><F87/><W22/><REACH who="3" step="1"/><G124/><AGARI ba="0,0" hai="57,59,62,64,69,124,126,127" m="17450,30799" machi="124" ten="30,12000,2" yaku="18,1,34,2,52,3" doraHai="134,28" who="1" fromWho="3" sc="250,0,250,120,250,0,250,-120" /><INIT seed="1,0,0,0,1,20" ten="250,370,250,130" oya="1" hai0="52,29,105,69,76,78,54,93,23,107,66,72,30" hai1="12,21,32,124,115,85,135,81,22,46,100,9,50" hai2="99,7,8,114,63,106,59,44,55,18,57,101,133" hai3="132,17,79,43,56,13,0,92,33,67,98,25,73"/><U48/><E32/><V27/><F133/><W122/><G0/><T37/><D37/><U70/><E70/><V112/><F44/><W62/><G132/><T38/><D38/><U34/><E34/><V119/><F57/><W95/><G122/><T47/><D93/><U16/><E135/><V117/><F117/><W36/><G79/><T113/><D113/><U51/><E115/><V134/><F119/><W75/><G92/><T53/><D47/><U116/><E100/><V87/><F87/><W80/><G80/><T104/><D72/><U14/><E116/><V102/><F102/><W24/><G33/><T58/><D69/><U96/><E96/><V64/><F134/><W61/><G61/><T49/><D49/><U86/><E124/><V41/><F41/><W77/><G77/><T39/><D39/><U121/><E121/><V74/><F74/><W10/><G75/><T68/><D68/><U26/><E22/><V84/><F84/><N who="1" m="32361" /><E81/><V120/><F120/><W125/><G73/><T126/><D78/><U15/><E46/><V103/><F103/><W4/><G125/><T128/><D126/><U118/><E118/><V108/><F112/><W88/><G36/><T2/><D76/><U91/><E91/><V5/><F114/><W60/><G43/><T82/><D82/><U130/><E130/><V19/><F106/><W1/><REACH who="3" step="1"/><G62/><REACH who="3" ten="250,370,250,120" step="2"/><N who="0" m="38231" /><D2/><U45/><E45/><V40/><F63/><W127/><G127/><T129/><D129/><U65/><E65/><V42/><F64/><W35/><G35/><T123/><D128/><U83/><E83/><V110/><F42/><RYUUKYOKU ba="0,1" sc="250,-15,370,15,250,-15,120,15" hai1="9,12,14,15,16,21,26,48,50,51" hai3="1,4,10,13,17,24,25,56,60,67,88,95,98" /><INIT seed="1,1,1,1,0,50" ten="235,385,235,135" oya="1" hai0="61,52,31,104,93,53,79,10,5,37,75,76,84" hai1="121,90,119,55,131,125,44,89,128,2,83,91,45" hai2="96,66,64,114,38,106,28,12,97,110,77,80,9" hai3="134,49,126,1,113,59,58,82,57,40,25,39,7"/><U74/><E2/><V30/><F38/><W94/><G113/><T26/><D104/><U11/><E119/><V132/><F132/><W46/><G134/><T16/><D37/><U78/><E121/><V69/><F114/><W15/><G1/><T67/><D75/><U71/><E71/><V72/><F110/><W24/><G126/><T41/><D41/><U123/><E123/><V29/><F69/><W85/><G94/><T118/><D118/><U68/><E68/><V43/><F43/><W47/><G39/><T4/><D31/><U103/><E103/><V56/><F106/><W108/><G46/><T23/><D67/><U6/><E125/><V81/><F66/><W3/><G3/><T120/><D61/><U88/><N who="1" m="22528" /><DORA hai="107" /><U32/><E32/><V70/><F70/><W33/><G33/><T109/><D109/><U86/><E86/><V17/><F80/><W34/><G34/><T42/><D42/><U0/><REACH who="1" step="1"/><E55/><REACH who="1" ten="235,375,235,135" step="2"/><V99/><F72/><W111/><G108/><T133/><D120/><U101/><E101/><V65/><F77/><N who="3" m="46287" /><G111/><T62/><D133/><U27/><E27/><V95/><F81/><W54/><G54/><T73/><D53/><U20/><E20/><V112/><F112/><W117/><G117/><T60/><D52/><U87/><E87/><V130/><F99/><W21/><G21/><T92/><D23/><U98/><E98/><V35/><F97/><W135/><G135/><T36/><D73/><U48/><E48/><V102/><F96/><W129/><G129/><AGARI ba="1,2" hai="0,6,11,44,45,74,78,83,128,129,131" m="22528" machi="129" ten="50,12000,1" yaku="1,1,19,1,52,1,54,1,53,0" doraHai="50,107" doraHaiUra="115,63" who="1" fromWho="3" sc="235,0,375,143,235,0,135,-123" /><INIT seed="1,2,0,5,1,87" ten="235,518,235,12" oya="1" hai0="112,40,129,85,110,93,21,3,126,132,51,89,65" hai1="133,68,72,78,83,4,35,23,9,62,107,43,100" hai2="46,19,41,125,33,121,96,119,98,14,25,58,111" hai3="61,67,88,28,42,37,114,120,22,26,94,60,30"/><U79/><E79/><V29/><F121/><W108/><G120/><T16/><D112/><U56/><E23/><V71/><F71/><W82/><G114/><T135/><D3/><N who="1" m="159" /><E56/><V55/><F119/><W103/><G108/><T134/><D110/><U123/><E43/><V63/><F125/><W91/><G37/><T80/><D129/><U2/><E123/><V11/><REACH who="2" step="1"/><F111/><REACH who="2" ten="235,518,225,12" step="2"/><W76/><G42/><T18/><D126/><U73/><E68/><V115/><F115/><W102/><G30/><T50/><D65/><U97/><E133/><V49/><AGARI ba="2,1" hai="11,14,19,25,29,33,41,46,49,55,58,63,96,98" machi="49" ten="20,8000,1" yaku="1,1,0,1,7,1,53,2" doraHai="87" doraHaiUra="95" who="2" fromWho="2" sc="235,-22,518,-42,225,96,12,-22" owari="213,-19.0,476,58.0,321,12.0,-10,-51.0" /></mjloggm>