<mjloggm ver="2.3"><GO type="97" lobby="0"/><UN n0="%E3%83%A6%E3%83%AA%E3%82%B9" n1="%E3%82%A6%E3%83%AB%E3%83%88%E3%83%A9%E7%AB%8B%E7%9B%B4" n2="%73%6F%63%68%69%6E" n3="%E3%82%80%E3%81%8E%E3%82%8F%E3%82%89" dan="15,15,13,14" rate="2047.48,1995.93,1808.04,1939.97" sx="M,M,M,M"/><TAIKYOKU oya="0"/><INIT seed="0,0,0,4,2,102" ten="250,250,250,250" oya="0" hai0="121,20,95,128,40,64,100,120,71,14,49,73,85" hai1="15,89,36,26,79,108,122,114,96,55,24,3,135" hai2="74,123,6,45,46,99,80,32,1,17,83,8,110" hai3="28,39,61,84,25,0,48,47,69,52,43,5,70"/><T53/><D73/><U127/><E55/><V104/><F123/><W51/><G0/><T72/><D72/><U107/><E79/><V58/><F32/><W124/><G5/><T16/><D128/><U132/><E15/><V92/><F110/><W106/><G124/><T38/><D40/><U94/><E26/><V119/><F119/><W12/><G12/><T115/><D38/><U2/><E24/><V126/><F126/><W37/><G106/><T65/><D115/><U18/><E18/><V133/><F133/><W22/><G84/><T66/><D71/><U81/><E94/><V77/><F58/><N who="3" m="35015" /><G28/><T44/><D100/><U116/><E89/><V63/><F63/><W56/><G22/><T78/><D78/><U62/><E96/><V10/><F83/><W82/><G25/><T118/><REACH who="0" step="1"/><D118/><REACH who="0" ten="240,250,250,250" step="2"/><U7/><E116/><V111/><F111/><W117/><G117/><T90/><AGARI ba="0,1" hai="14,16,20,44,49,53,64,65,66,85,90,95,120,121" machi="90" ten="30,12000,1" yaku="1,1,2,1,0,1,54,1,53,1" doraHai="102" doraHaiUra="9" who="0" fromWho="0" sc="240,130,250,-40,250,-40,250,-40" /><INIT seed="0,1,0,1,0,81" ten="370,210,210,210" oya="0" hai0="10,40,85,132,2,1,101,126,82,128,106,133,79" hai1="13,26,93,114,58,77,33,71,15,17,70,65,113" hai2="29,62,9,55,120,88,78,5,123,27,38,35,41" hai3="73,95,12,32,100,72,48,94,116,75,39,61,124"/><T121/><D121/><U92/><E77/><V97/><F78/><W91/><G116/><T36/><D126/><U89/><E92/><V76/><F76/><W54/><G39/><T86/><D128/><U68/><E58/><V84/><F97/><W69/><G32/><T66/><D66/><U30/><E65/><V28/><F28/><W80/><G124/><T46/><D101/><U19/><E15/><V8/><F41/><W127/><G127/><T83/><D106/><U130/><E130/><V6/><F38/><W122/><G122/><T90/><REACH who="0" step="1"/><D10/><REACH who="0" ten="360,210,210,210" step="2"/><U20/><E114/><V63/><F123/><W42/><G100/><T37/><D37/><U67/><E113/><V14/><F120/><W43/><G75/><T110/><D110/><U105/><E105/><V24/><F24/><W125/><G73/><T115/><D115/><U21/><E67/><V108/><F108/><W47/><G72/><T52/><D52/><U49/><E26/><V57/><F55/><W87/><G125/><T104/><D104/><U117/><E117/><V112/><F112/><W25/><G25/><T22/><D22/><U7/><E21/><V111/><F111/><W99/><G43/><T96/><D96/><U119/><E20/><V4/><F57/><W11/><G42/><T74/><D74/><U131/><E131/><V0/><REACH who="2" step="1"/><F4/><REACH who="2" ten="360,210,200,210" step="2"/><W134/><G99/><T107/><D107/><U102/><E7/><V103/><F103/><W31/><G47/><T50/><D50/><U135/><E49/><V45/><F45/><W18/><G48/><T44/><D44/><U34/><E102/><RYUUKYOKU ba="1,2" sc="360,15,210,-15,200,15,210,-15" hai0="1,2,36,40,46,79,82,83,85,86,90,132,133" hai2="0,5,6,8,9,14,27,29,35,62,63,84,88" /><INIT seed="0,2,2,5,4,79" ten="375,195,215,195" oya="0" hai0="123,10,119,16,14,127,81,44,39,46,6,93,60" hai1="32,118,108,92,134,103,47,8,126,3,70,28,30" hai2="43,78,69,77,59,48,99,20,11,57,94,65,63" hai3="75,41,50,5,37,97,110,122,84,124,104,95,135"/><T86/><D123/><U36/><E92/><V4/><F20/><W128/><G5/><T90/><D119/><U120/><E103/><V15/><F69/><W115/><G50/><T112/><D112/><U38/><E47/><V24/><F24/><W96/><G41/><T1/><D127/><U113/><E8/><V121/><F121/><W31/><G97/><T67/><D39/><U72/><E30/><V18/><F4/><W35/><G96/><T40/><D93/><U100/><E28/><V61/><F43/><W101/><G84/><T51/><D46/><U125/><E100/><N who="2" m="60535" /><F48/><W19/><G101/><T98/><D98/><U27/><E27/><V25/><F25/><W132/><G19/><T82/><D82/><U13/><E13/><V91/><F91/><W106/><G95/><T71/><D1/><U76/><E76/><V105/><F105/><W87/><G87/><T9/><D6/><U26/><E26/><V73/><F73/><W64/><G31/><T34/><D34/><U33/><E33/><V45/><F45/><W74/><G64/><AGARI ba="2,2" hai="11,15,18,57,59,61,63,64,65,77,78" m="60535" machi="64" ten="30,1000,0" yaku="8,1" doraHai="79" who="2" fromWho="3" sc="375,0,195,0,215,36,195,-16" /><INIT seed="1,0,0,3,4,65" ten="375,195,251,179" oya="1" hai0="37,51,107,53,105,85,111,50,25,67,33,66,10" hai1="90,81,82,1,49,104,54,61,29,91,78,40,100" hai2="116,31,19,123,89,126,124,119,58,101,35,36,42" hai3="94,4,75,77,88,47,12,131,106,118,120,11,133"/><U7/><E29/><V34/><F123/><W8/><G120/><T96/><D37/><U45/><E104/><V0/><F0/><W5/><G106/><T128/><D111/><U3/><E100/><V127/><F101/><W87/><G118/><N who="2" m="45097" /><F89/><W63/><G131/><T70/><D128/><U60/><E3/><V9/><F58/><W24/><G133/><T48/><D10/><U27/><E1/><V30/><F42/><W14/><G24/><T68/><D33/><N who="2" m="12298" /><F36/><W44/><G63/><T135/><D135/><U43/><E60/><V17/><F9/><W15/><REACH who="3" step="1"/><G15/><REACH who="3" ten="375,195,251,169" step="2"/><T99/><D25/><U26/><E27/><V74/><F74/><W46/><G46/><T102/><D107/><U22/><E61/><V39/><F39/><W98/><G98/><T62/><D99/><U95/><E26/><V83/><F83/><AGARI ba="0,1" hai="4,5,8,11,12,14,44,47,75,77,83,87,88,94" machi="83" ten="40,5200,0" yaku="1,1,9,1,54,1,53,0" doraHai="65" doraHaiUra="28" who="3" fromWho="2" sc="375,0,195,0,251,-52,169,62" /><INIT seed="2,0,0,3,5,84" ten="375,195,199,231" oya="2" hai0="11,111,55,67,2,54,3,123,91,74,71,51,64" hai1="93,56,14,6,63,30,33,24,133,97,4,127,39" hai2="41,61,20,15,38,119,28,104,132,69,8,129,116" hai3="26,53,7,77,25,60,87,109,10,112,16,70,128"/><V131/><F104/><W37/><G37/><T9/><D123/><U23/><E39/><V36/><F69/><W107/><G107/><T101/><D74/><U78/><E127/><V46/><F61/><W135/><G112/><T124/><D124/><U76/><E133/><V113/><F113/><W21/><G135/><T59/><D101/><U88/><E33/><V48/><F132/><W32/><G109/><T106/><D106/><U89/><E89/><V66/><F66/><W47/><G128/><N who="2" m="49225" /><F28/><W98/><G98/><T50/><D91/><U95/><E95/><V72/><F20/><W31/><G70/><T122/><D122/><U82/><E14/><V121/><F72/><W126/><G126/><T115/><D115/><U0/><E0/><V108/><F108/><W35/><G77/><N who="1" m="29802" /><E82/><V110/><F110/><W13/><G87/><T114/><D114/><U52/><AGARI ba="0,0" hai="4,6,23,24,30,52,56,63,88,93,97" m="29802" machi="52" ten="30,7900,0" yaku="8,1,52,1,54,2" doraHai="84" who="1" fromWho="1" sc="375,-20,195,79,199,-39,231,-20" /><INIT seed="3,0,0,4,1,14" ten="355,274,160,211" oya="3" hai0="93,12,54,56,57,101,9,69,121,116,28,26,114" hai1="65,73,120,95,82,110,46,84,70,98,135,5,35" hai2="96,123,17,52,90,37,126,105,44,48,53,67,115" hai3="85,66,3,77,127,38,31,106,36,40,47,118,13"/><W51/><G106/><T55/><D69/><U49/><E35/><V134/><F123/><W30/><G118/><T18/><D116/><U68/><E73/><V133/><F115/><W22/><G3/><T4/><D114/><U62/><E120/><V86/><F126/><W125/><G66/><T130/><D121/><U29/><E29/><N who="3" m="10762" /><G85/><T33/><D130/><U78/><E110/><V0/><F0/><W6/><G77/><T122/><D122/><U11/><E135/><N who="2" m="51723" /><F67/><W25/><G6/><T91/><D101/><U83/><E83/><N who="2" m="49503" /><F37/><W102/><G102/><T72/><D72/><U108/><E108/><V76/><F76/><W107/><G107/><T71/><D71/><U117/><E117/><V124/><F124/><N who="3" m="47691" /><G13/><T7/><D7/><U42/><E68/><V79/><F79/><W60/><G60/><T132/><D132/><U75/><E75/><V131/><F96/><W16/><AGARI ba="0,0" hai="16,22,25,36,38,40,47,51" m="47691,10762" machi="16" ten="30,6000,0" yaku="18,1,52,1,54,1" doraHai="14" who="3" fromWho="3" sc="355,-20,274,-20,160,-20,211,60" /><INIT seed="3,1,0,0,4,76" ten="335,254,140,271" oya="3" hai0="108,71,132,106,83,98,107,65,134,87,91,118,100" hai1="32,128,26,33,12,117,133,24,122,8,27,0,78" hai2="103,127,95,135,64,30,72,66,22,2,120,5,57" hai3="86,81,92,123,48,10,45,84,125,126,54,59,16"/><W17/><G123/><T75/><D118/><U129/><E78/><V1/><F120/><W6/><G92/><T42/><D42/><U4/><E122/><V19/><F72/><W21/><G17/><T63/><D108/><U110/><E110/><V36/><F127/><N who="3" m="48651" /><G86/><T15/><D15/><U90/><E90/><V60/><F135/><N who="0" m="51754" /><D75/><U73/><E73/><V101/><F36/><W104/><G104/><AGARI ba="1,0" hai="63,65,71,83,87,91,98,100,104,106,107" m="51754" machi="104" ten="30,2000,0" yaku="20,1,52,1" doraHai="76" who="0" fromWho="3" sc="335,23,254,0,140,0,271,-23" owari="358,46.0,254,5.0,140,-36.0,248,-15.0" /></mjloggm>