<mjloggm ver="2.3"><GO type="41" lobby="0"/><UN n0="%E5%B4%A9%E5%A3%8A%E6%88%A6%E7%B7%9A" n1="%E3%82%A6%E3%83%AB%E3%83%88%E3%83%A9%E7%AB%8B%E7%9B%B4" n2="%E9%AF%B5%E7%BC%B6" n3="%41%6D%69%63%68%61%6E" dan="15,16,15,15" rate="1981.83,2067.21,2000.19,1938.53" sx="M,M,F,M"/><TAIKYOKU oya="0"/><INIT seed="0,0,0,2,1,55" ten="250,250,250,250" oya="0" hai0="122,123,86,61,36,5,77,30,82,100,132,107,2" hai1="42,73,34,43,50,98,4,18,25,91,66,115,12" hai2="41,0,52,74,114,72,121,96,27,135,8,117,116" hai3="127,110,105,60,87,44,119,118,56,90,58,113,97"/><T103/><D36/><U101/><E73/><V134/><F121/><W40/><G113/><T47/><D132/><N who="2" m="50730" /><F114/><W29/><G29/><T20/><D47/><U95/><E115/><V102/><F41/><W9/><G110/><T33/><D33/><U6/><E6/><N who="2" m="1095" /><F27/><W111/><G111/><T11/><D122/><U59/><E4/><V57/><F96/><W7/><G97/><T76/><D123/><U80/><E25/><V68/><F102/><W49/><G105/><T15/><D107/><U54/><E34/><V83/><F68/><W38/><G38/><T24/><D61/><U85/><REACH who="1" step="1"/><E66/><REACH who="1" ten="250,240,250,250" step="2"/><V125/><F125/><W112/><G127/><T48/><D2/><U69/><E69/><V39/><F72/><W26/><G26/><T64/><D64/><U16/><E16/><V81/><F74/><W108/><G108/><T32/><D32/><U93/><E93/><V70/><F70/><W45/><G112/><T78/><D48/><U1/><E1/><V3/><F3/><W62/><G7/><T124/><REACH who="0" step="1"/><D124/><REACH who="0" ten="240,240,250,250" step="2"/><U35/><E35/><V104/><F39/><W19/><G49/><T46/><D46/><U130/><E130/><V13/><F104/><W10/><G45/><T109/><D109/><U22/><AGARI ba="0,2" hai="12,18,22,42,43,50,54,59,80,85,91,95,98,101" machi="22" ten="20,12000,2" yaku="1,1,0,1,7,1,8,1,52,1,53,1" doraHai="55" doraHaiUra="88" who="1" fromWho="1" sc="240,-60,240,140,250,-30,250,-30" /><INIT seed="1,0,0,3,5,74" ten="180,380,220,220" oya="1" hai0="47,88,27,16,17,31,41,135,93,18,38,75,83" hai1="134,131,113,11,10,57,30,52,87,120,2,71,64" hai2="98,53,100,73,127,35,72,96,123,90,77,6,33" hai3="37,0,28,44,3,54,68,67,8,36,91,94,43"/><U12/><E120/><V13/><F123/><W80/><G28/><T70/><D70/><U115/><E131/><V5/><F127/><W121/><G37/><T25/><D135/><U129/><E129/><V22/><F96/><W20/><G121/><T101/><D101/><U19/><E134/><V24/><F90/><W84/><G67/><T7/><D7/><U55/><E71/><V107/><F5/><W118/><G68/><T14/><D14/><U29/><E64/><V48/><F6/><W58/><G118/><T103/><D103/><U124/><E124/><V114/><F13/><W26/><G8/><T86/><D75/><U82/><E2/><V81/><F72/><W112/><G112/><T126/><D126/><U128/><E128/><V61/><F61/><W117/><G117/><T85/><REACH who="0" step="1"/><D31/><REACH who="0" ten="170,380,220,220" step="2"/><U125/><E125/><V32/><F114/><W79/><G0/><T60/><D60/><U9/><E115/><V62/><F62/><W63/><G3/><T130/><D130/><U34/><E113/><V56/><REACH who="2" step="1"/><F35/><REACH who="2" ten="170,380,210,220" step="2"/><W45/><G63/><T4/><D4/><U51/><E34/><V69/><F69/><W78/><G91/><AGARI ba="0,2" hai="16,17,18,25,27,38,41,47,83,85,86,88,91,93" machi="91" ten="40,5200,0" yaku="1,1,54,2,53,0" doraHai="74" doraHaiUra="106" who="0" fromWho="3" sc="170,72,380,0,210,0,220,-52" /><INIT seed="2,0,0,5,0,7" ten="242,380,210,168" oya="2" hai0="121,107,120,83,1,48,81,30,109,101,106,86,79" hai1="34,31,23,14,37,127,98,49,46,111,102,114,51" hai2="105,91,63,54,88,92,108,57,10,89,130,73,5" hai3="22,11,43,36,58,9,128,90,29,67,66,32,116"/><V59/><F105/><W19/><G116/><T84/><D1/><U85/><E37/><V4/><F73/><W71/><G128/><T40/><D30/><U13/><E114/><V47/><F130/><W18/><G71/><T62/><D62/><U52/><E127/><V33/><F33/><W60/><G32/><T113/><D113/><U119/><E34/><V133/><F133/><W12/><G36/><T26/><D26/><U6/><E119/><V77/><F47/><W17/><G43/><T78/><D40/><U3/><E3/><V112/><F112/><W115/><G115/><T87/><D48/><U44/><E111/><V27/><F77/><N who="0" m="29194" /><D109/><U134/><E85/><N who="2" m="52239" /><F108/><W25/><G67/><T95/><D95/><U123/><E134/><V132/><F132/><W131/><G131/><T16/><D16/><N who="3" m="6249" /><G90/><N who="2" m="34313" /><F27/><W82/><G82/><N who="0" m="31243" /><D101/><U70/><E102/><V20/><F20/><W8/><AGARI ba="0,0" hai="8,9,11,12,19,22,25,29,58,60,66" m="6249" machi="8" ten="30,8000,1" yaku="8,1,52,3,54,1" doraHai="7" who="3" fromWho="3" sc="242,-20,380,-20,210,-40,168,80" /><INIT seed="3,0,0,4,2,47" ten="222,360,170,248" oya="3" hai0="81,98,132,34,0,12,66,114,48,44,106,77,128" hai1="15,109,63,104,97,5,21,61,10,32,40,26,13" hai2="71,35,1,118,83,46,28,65,100,53,36,116,50" hai3="64,25,69,29,112,99,111,101,56,18,95,131,24"/><W17/><G112/><T107/><D0/><U23/><E63/><V37/><F1/><W8/><G69/><T58/><D34/><U31/><E40/><V89/><F100/><W96/><G131/><T91/><D128/><U78/><E78/><V55/><F116/><W75/><G75/><T70/><D114/><U62/><E62/><V134/><F118/><W115/><G115/><T126/><D70/><U84/><E84/><V82/><F134/><W125/><G25/><T20/><D132/><U67/><E15/><V102/><F102/><W86/><G86/><T92/><D126/><U105/><E105/><V120/><F120/><W85/><G125/><T122/><D66/><U38/><E38/><V103/><F103/><W73/><G73/><T121/><D58/><U72/><E72/><V68/><F65/><W52/><G64/><T2/><D2/><U76/><E76/><V113/><F113/><W33/><G99/><T41/><D122/><U133/><E133/><V129/><F129/><W93/><G8/><T27/><D12/><U130/><E130/><V94/><F28/><W79/><G111/><T87/><D121/><U7/><E109/><V39/><F35/><W74/><G74/><T42/><D42/><U90/><E32/><V3/><F3/><W88/><G79/><T30/><AGARI ba="0,0" hai="20,27,30,41,44,48,77,81,87,91,92,98,106,107" machi="30" ten="20,2700,0" yaku="0,1,7,1,52,1" doraHai="47" who="0" fromWho="0" sc="222,27,360,-7,170,-7,248,-13" /><INIT seed="4,0,0,0,5,38" ten="249,353,163,235" oya="0" hai0="123,45,32,115,80,104,105,33,4,122,97,6,19" hai1="40,65,1,24,125,30,117,110,124,63,92,47,22" hai2="13,68,26,100,8,12,79,9,73,87,56,14,113" hai3="64,57,102,39,29,126,108,127,43,16,53,91,112"/><T41/><D115/><U52/><E1/><V25/><F68/><W131/><G108/><T51/><D19/><U48/><E110/><V133/><F73/><W71/><G29/><T20/><D20/><U75/><E75/><V83/><F113/><W34/><G34/><T120/><D80/><U27/><E117/><V103/><F133/><W84/><G102/><N who="2" m="38953" /><F56/><W85/><G112/><T129/><D97/><U93/><E24/><AGARI ba="0,0" hai="8,9,12,13,14,24,25,26,79,83,87" m="38953" machi="24" ten="30,1000,0" yaku="8,1" doraHai="38" who="2" fromWho="1" sc="249,0,353,-10,163,10,235,0" /><INIT seed="5,0,0,5,2,78" ten="249,343,173,235" oya="1" hai0="92,13,40,63,81,84,114,105,74,94,91,64,37" hai1="58,86,30,124,23,70,17,121,80,123,46,106,117" hai2="2,28,4,59,43,53,100,1,65,90,126,55,99" hai3="135,67,44,87,111,82,15,76,61,73,115,41,34"/><U8/><E70/><V113/><F43/><W9/><G111/><T130/><D105/><U42/><E106/><V68/><F68/><W5/><G115/><T22/><D114/><U93/><E117/><V21/><F113/><W12/><G135/><T51/><D37/><U50/><E124/><V27/><F126/><W52/><G34/><T39/><D39/><U131/><E131/><V26/><F65/><W132/><G132/><T129/><D74/><U77/><E30/><V25/><F90/><W45/><G45/><T128/><D51/><U98/><E8/><V47/><F47/><W127/><G127/><T109/><D40/><U11/><E58/><V134/><F134/><W85/><G15/><T35/><D35/><U88/><E11/><V79/><F79/><W102/><G102/><T18/><D109/><U32/><E32/><V96/><F4/><W120/><G120/><T116/><REACH who="0" step="1"/><D116/><REACH who="0" ten="239,343,173,235" step="2"/><U0/><E0/><V108/><F108/><W107/><G107/><T56/><AGARI ba="0,1" hai="13,18,22,56,63,64,81,84,91,92,94,128,129,130" machi="56" ten="30,8000,1" yaku="1,1,2,1,0,1,19,1,52,1,53,0" doraHai="78" doraHaiUra="33" who="0" fromWho="0" sc="239,90,343,-40,173,-20,235,-20" /><INIT seed="6,0,0,5,5,87" ten="329,303,153,215" oya="2" hai0="13,72,103,38,105,98,46,9,71,74,34,129,133" hai1="131,130,60,97,30,51,132,50,42,59,85,83,102" hai2="112,57,80,8,47,128,122,113,35,82,70,90,22" hai3="56,121,36,118,52,29,67,111,93,23,53,32,43"/><V108/><F70/><W125/><G121/><T3/><D71/><U64/><E132/><V7/><F122/><W58/><G118/><T100/><D133/><U109/><E109/><V31/><F35/><W78/><G111/><T110/><D34/><U21/><E42/><V12/><F108/><W54/><G32/><T19/><D110/><U68/><E68/><V2/><F128/><W1/><G1/><T134/><D134/><U116/><E116/><V44/><F57/><W6/><G6/><T28/><D28/><U15/><E130/><V84/><F80/><W123/><G123/><T89/><D103/><U20/><E20/><V11/><F22/><W0/><G0/><T79/><D3/><U69/><E69/><V41/><F31/><W5/><G5/><T24/><D24/><U63/><E63/><V76/><F76/><W86/><G36/><T61/><D61/><U124/><E124/><V106/><F106/><W99/><G43/><T16/><D19/><U48/><E131/><V65/><F65/><W94/><G125/><T96/><D79/><U18/><E30/><V119/><F119/><W95/><G99/><T49/><D38/><U33/><E33/><V77/><F77/><W62/><G78/><T114/><D129/><U73/><E73/><V10/><F10/><W135/><G135/><T120/><D120/><U37/><E37/><N who="2" m="21551" /><F47/><W101/><G101/><T26/><D26/><U25/><E25/><V115/><F8/><W107/><G107/><T88/><D74/><U39/><E39/><V104/><F104/><W126/><G126/><T40/><D72/><RYUUKYOKU ba="0,0" sc="329,-10,303,-10,153,30,215,-10" hai2="2,7,11,12,82,84,90,112,113,115" /><INIT seed="6,1,0,1,2,53" ten="319,293,183,205" oya="2" hai0="41,40,63,83,12,67,11,71,18,96,54,92,31" hai1="107,105,35,106,87,37,34,22,81,80,74,112,10" hai2="15,66,76,7,24,2,102,19,110,97,43,89,51" hai3="111,57,8,85,128,0,27,93,114,56,44,118,130"/><V133/><F2/><W58/><G118/><T23/><D83/><U62/><E10/><V69/><F76/><W75/><G111/><T120/><D120/><U16/><E37/><V116/><F116/><W48/><G75/><T39/><D39/><U47/><E74/><V3/><F3/><W100/><G27/><T30/><D54/><U125/><E125/><V132/><F110/><W127/><G127/><T60/><D63/><U131/><E131/><N who="3" m="50218" /><G114/><T72/><D72/><U135/><E135/><N who="2" m="51787" /><F89/><N who="3" m="53423" /><G100/><T64/><D64/><U78/><E81/><V79/><F79/><W59/><G0/><T117/><D117/><U49/><E112/><V28/><F7/><W33/><G33/><T121/><D121/><U84/><E35/><N who="2" m="20871" /><F43/><N who="3" m="24607" /><G59/><T5/><D41/><U123/><E34/><V108/><F108/><W61/><G8/><T14/><D40/><U25/><E123/><V122/><F122/><W86/><G86/><T36/><D36/><U32/><E87/><V45/><F45/><W82/><G82/><T103/><AGARI ba="1,0" hai="5,11,12,14,18,23,30,31,60,67,71,92,96,103" machi="103" ten="20,1500,0" yaku="0,1,7,1" doraHai="53" who="0" fromWho="0" sc="319,18,293,-5,183,-8,205,-5" /><INIT seed="7,0,0,5,0,112" ten="337,288,175,200" oya="3" hai0="135,119,81,48,76,117,68,86,58,21,0,26,128" hai1="38,113,72,107,65,15,118,98,51,125,82,35,71" hai2="33,61,80,127,124,30,105,54,89,19,34,23,120" hai3="63,17,11,29,7,41,73,116,109,99,97,88,36"/><W67/><G116/><T20/><D68/><U52/><E113/><V9/><F105/><W60/><G73/><T66/><D0/><U134/><E125/><V87/><F9/><W57/><G29/><T31/><D135/><U110/><E134/><V6/><F6/><W69/><G17/><T102/><D128/><U83/><E110/><V131/><F30/><W4/><G109/><T43/><D102/><U90/><E38/><V104/><F104/><W78/><G78/><T132/><D132/><U18/><E35/><V16/><F131/><W126/><G126/><N who="2" m="48169" /><F120/><W108/><G108/><T59/><D21/><U53/><E53/><V62/><F19/><W91/><G7/><T8/><D8/><U75/><E107/><V25/><F61/><W129/><G129/><T47/><REACH who="0" step="1"/><D66/><REACH who="0" ten="327,288,175,200" step="2"/><U44/><E65/><V45/><F45/><N who="3" m="23719" /><G69/><T115/><D115/><U77/><E71/><V37/><F37/><W96/><G63/><T92/><D92/><U46/><E46/><V13/><F25/><W27/><G27/><T39/><D39/><U5/><E44/><V70/><F70/><W84/><G11/><T95/><D95/><U28/><E82/><V24/><F24/><W114/><G114/><T121/><D121/><U94/><E83/><V64/><F64/><W111/><G111/><T56/><AGARI ba="0,1" hai="20,26,31,43,47,48,56,58,59,76,81,86,117,119" machi="56" ten="30,7900,0" yaku="1,1,0,1,52,2,53,0" doraHai="112" doraHaiUra="2" who="0" fromWho="0" sc="327,89,288,-20,175,-20,200,-39" owari="416,51.0,268,7.0,155,-34.0,161,-24.0" /></mjloggm>