<mjloggm ver="2.3"><GO type="169" lobby="0"/><UN n0="%E3%81%99%E3%81%9F%E3%81%A1%E3%81%AA%2E" n1="%52%65%6C%6D" n2="%E3%80%93%E4%BD%90%E5%A4%A9%E3%81%95%E3%82%93%E3%80%93" n3="%EF%BC%88%E2%89%A7%E2%96%BD%E2%89%A6%EF%BC%89" dan="17,16,17,19" rate="2124.56,2151.60,2203.62,2277.62" sx="M,F,F,M"/><TAIKYOKU oya="0"/><INIT seed="0,0,0,3,3,10" ten="250,250,250,250" oya="0" hai0="110,109,31,108,100,54,79,42,33,13,2,8,0" hai1="111,73,103,40,1,59,75,83,123,17,14,63,3" hai2="129,128,62,93,44,58,5,119,56,7,19,22,51" hai3="89,85,53,126,130,74,68,18,90,47,96,118,6"/><T105/><D42/><U29/><E123/><V77/><F119/><W50/><G74/><T23/><D79/><U4/><E111/><V82/><F93/><W21/><G68/><T48/><D33/><U131/><E131/><V12/><F129/><W114/><G114/><T80/><D80/><U120/><E120/><V69/><F69/><W72/><G72/><T34/><D34/><U112/><E112/><V11/><F128/><W98/><G118/><T70/><D70/><U81/><E40/><V15/><F7/><W107/><G126/><T71/><D71/><U87/><E103/><V94/><F94/><W49/><G6/><N who="0" m="3223" /><D31/><U37/><E29/><V76/><F62/><W115/><G107/><T121/><D121/><U36/><E4/><V64/><F64/><W78/><G78/><N who="2" m="30313" /><F82/><N who="3" m="49335" /><G115/><T104/><D23/><U97/><E75/><V66/><F66/><W134/><G130/><T127/><D127/><U26/><E73/><V57/><F57/><W46/><G21/><T43/><D43/><AGARI ba="0,0" hai="5,11,12,15,19,22,43,44,51,56,58" m="30313" machi="43" ten="30,3900,0" yaku="8,1,52,2" doraHai="10" who="2" fromWho="0" sc="250,-39,250,0,250,39,250,0" /><INIT seed="1,0,0,4,5,29" ten="211,250,289,250" oya="1" hai0="48,13,59,113,54,103,69,115,41,62,108,73,61" hai1="122,22,104,80,46,66,7,101,121,65,102,90,0" hai2="30,18,4,85,123,134,37,93,88,58,81,23,10" hai3="45,106,26,120,78,14,127,53,12,47,110,95,57"/><U96/><E102/><V68/><F68/><W52/><G106/><T76/><D73/><U77/><E0/><V109/><F37/><W49/><G120/><T8/><D103/><U16/><E7/><V105/><F105/><W63/><G110/><T42/><D76/><U33/><E33/><V72/><F123/><W70/><G127/><T19/><D108/><U35/><E35/><V100/><F109/><W124/><G124/><T27/><D69/><U86/><E66/><V79/><F100/><W50/><G78/><T1/><D1/><U133/><E133/><V32/><F134/><W114/><G114/><T44/><D27/><U55/><E65/><V118/><F118/><W17/><G95/><T130/><D130/><U5/><E5/><V116/><F116/><W92/><G92/><T31/><D31/><U97/><E97/><V98/><F30/><W43/><REACH who="3" step="1"/><G70/><REACH who="3" ten="211,250,289,240" step="2"/><T126/><D126/><U84/><E122/><V67/><F93/><W6/><G6/><T51/><D115/><U36/><E121/><V117/><F4/><W111/><G111/><T38/><D113/><U15/><E84/><V82/><F85/><W39/><G39/><T112/><D112/><U99/><E99/><V75/><F98/><W11/><G11/><T9/><D8/><U20/><E36/><V71/><F71/><W56/><G56/><T87/><D87/><U129/><E77/><V60/><F10/><W64/><G64/><T107/><D107/><U25/><E129/><V3/><F79/><W125/><G125/><T89/><D89/><U132/><E132/><V24/><F88/><RYUUKYOKU ba="0,1" sc="211,15,250,-15,289,-15,240,15" hai0="9,13,19,38,41,42,44,48,51,54,59,61,62" hai3="12,14,17,26,43,45,47,49,50,52,53,57,63" /><INIT seed="2,1,1,5,0,83" ten="226,235,274,255" oya="2" hai0="42,89,69,72,23,115,90,97,29,78,55,84,103" hai1="93,63,61,5,58,86,88,4,64,79,50,15,73" hai2="66,124,130,112,123,1,102,77,104,33,25,47,7" hai3="101,49,53,114,133,87,107,34,60,91,99,39,127"/><V38/><F112/><W118/><G39/><T3/><D115/><U62/><E73/><V18/><F123/><W71/><G118/><T14/><D69/><U65/><E79/><V111/><F66/><W135/><G34/><T82/><D3/><U52/><E15/><V51/><F38/><W28/><G28/><T80/><D42/><U20/><E20/><V40/><F77/><W92/><G114/><T85/><D55/><U75/><E75/><V8/><F102/><W119/><G119/><T36/><D36/><U96/><E96/><V125/><F104/><W126/><G60/><T26/><D14/><U0/><E0/><V31/><F130/><W74/><G71/><T67/><D67/><AGARI ba="1,1" hai="4,5,50,52,58,61,62,63,64,65,67,86,88,93" machi="67" ten="40,8000,1" yaku="8,1,52,1,54,2" doraHai="83" who="1" fromWho="0" sc="226,-83,235,93,274,0,255,0" /><INIT seed="3,0,0,5,3,22" ten="143,328,274,255" oya="3" hai0="122,95,101,87,26,91,29,35,64,11,55,52,111" hai1="68,85,20,61,73,92,17,126,37,16,96,42,127" hai2="9,70,121,134,12,49,86,8,113,21,97,114,7" hai3="102,109,58,129,84,100,88,76,94,119,66,45,107"/><W69/><G119/><T120/><D111/><U74/><E37/><V116/><F70/><W131/><G69/><T112/><D64/><U80/><E42/><V132/><F97/><N who="3" m="61903" /><G45/><T118/><D118/><U41/><E41/><V133/><F116/><W130/><G66/><T28/><D112/><U0/><E0/><V15/><F49/><W103/><G58/><T51/><D101/><N who="3" m="38985" /><G76/><T60/><D11/><U89/><E61/><V108/><F108/><AGARI ba="0,0" hai="84,88,94,108,109,129,130,131" m="38985,61903" machi="108" ten="40,12000,1" yaku="19,1,34,2,54,1" doraHai="22" who="3" fromWho="2" sc="143,0,328,0,274,-120,255,120" /><INIT seed="3,1,0,5,2,54" ten="143,328,154,375" oya="3" hai0="123,121,48,135,12,9,25,126,19,27,92,52,43" hai1="4,44,101,80,67,106,28,72,64,97,78,14,82" hai2="71,23,31,29,55,70,102,20,45,98,86,24,41" hai3="87,99,73,128,35,26,122,81,6,119,49,76,7"/><W74/><G122/><T63/><D135/><U104/><E28/><V115/><F115/><W53/><G119/><T129/><D129/><U130/><E130/><V132/><F132/><W103/><G128/><T134/><D134/><U118/><E118/><V109/><F109/><W15/><G35/><T3/><D126/><U42/><E106/><V95/><F86/><W30/><G30/><T108/><D108/><U17/><E4/><V8/><F8/><W91/><G26/><T89/><D3/><U51/><E82/><V0/><F0/><W124/><G15/><T38/><D123/><U84/><E72/><V57/><F23/><AGARI ba="1,0" hai="14,17,23,42,44,51,64,67,78,80,84,97,101,104" machi="23" ten="30,1000,0" yaku="7,1" doraHai="54" who="1" fromWho="2" sc="143,0,328,13,154,-13,375,0" /><INIT seed="4,0,0,2,2,117" ten="143,341,141,375" oya="0" hai0="36,61,13,113,124,21,60,41,0,127,55,90,129" hai1="23,30,69,38,52,98,128,39,47,20,10,17,63" hai2="76,6,119,67,74,9,86,135,120,18,28,25,27" hai3="11,15,53,64,16,4,62,105,96,122,26,103,1"/><T88/><D0/><U32/><E32/><V78/><F74/><W118/><G118/><T92/><D113/><U99/><E128/><V50/><F119/><W101/><G101/><T12/><D129/><U109/><E109/><V71/><F135/><W121/><G53/><T24/><D36/><U14/><E69/><V34/><F120/><N who="3" m="46187" /><G26/><T81/><D41/><U132/><E132/><V100/><F100/><W87/><G87/><N who="0" m="50287" /><D124/><U134/><E134/><V48/><F86/><W46/><G46/><T72/><D72/><U5/><E47/><V85/><F85/><W8/><G62/><N who="0" m="24171" /><D55/><U54/><E63/><V133/><F133/><W116/><G116/><T84/><D127/><U93/><E99/><V37/><F27/><W125/><G125/><T57/><D57/><U89/><E54/><V79/><F25/><W91/><G91/><T106/><D106/><U108/><E52/><V114/><F78/><W95/><G64/><T123/><D123/><U45/><E45/><V59/><F76/><W80/><G80/><T73/><D73/><U40/><E40/><V42/><F79/><W7/><G105/><T66/><D66/><U58/><E89/><V56/><F67/><W65/><G65/><T31/><AGARI ba="0,0" hai="12,13,21,24,31,84,90,92" m="24171,50287" machi="31" ten="30,3000,0" yaku="8,1,54,1" doraHai="117" who="0" fromWho="0" sc="143,30,341,-10,141,-10,375,-10" /><INIT seed="4,1,0,5,2,84" ten="173,331,131,365" oya="0" hai0="118,13,50,108,32,41,97,69,4,16,25,100,51" hai1="68,120,119,49,74,104,113,6,70,5,11,86,81" hai2="83,72,78,107,102,57,115,31,9,79,130,73,114" hai3="42,103,117,26,47,106,101,128,15,29,33,44,105"/><T110/><D69/><U1/><E120/><V61/><F31/><W22/><G117/><T10/><D118/><U94/><E119/><V125/><F9/><W109/><G109/><N who="0" m="42091" /><D41/><U8/><E113/><V21/><F21/><W63/><G128/><T122/><D122/><U40/><E104/><V38/><F38/><W39/><G44/><T131/><D131/><U89/><E74/><V64/><F130/><W132/><G132/><T12/><D25/><U0/><E40/><V23/><F23/><W93/><G63/><T52/><D32/><U24/><E49/><V45/><F45/><W17/><G103/><T124/><D124/><U35/><E35/><V126/><F102/><W71/><G71/><T75/><D75/><U98/><REACH who="1" step="1"/><E24/><REACH who="1" ten="173,321,131,365" step="2"/><V77/><F107/><W87/><G105/><T53/><D51/><U2/><E2/><V55/><F73/><W92/><G106/><N who="0" m="63759" /><D50/><U18/><E18/><V96/><F115/><W88/><REACH who="3" step="1"/><G101/><AGARI ba="1,1" hai="0,1,5,6,8,11,68,70,81,86,89,94,98,101" machi="101" ten="30,7700,0" yaku="1,1,7,1,9,1,52,1,53,0" doraHai="84" doraHaiUra="135" who="1" fromWho="3" sc="173,0,321,90,131,0,365,-80" /><INIT seed="5,0,0,1,0,76" ten="173,411,131,285" oya="1" hai0="21,104,134,55,61,64,131,24,37,60,36,99,66" hai1="101,35,111,129,94,38,110,10,115,125,133,18,33" hai2="3,116,31,102,41,11,120,34,62,67,54,86,100" hai3="126,97,113,28,30,56,118,46,13,128,70,83,93"/><U26/><E38/><V51/><F116/><W77/><G70/><T85/><D131/><U127/><E101/><V4/><F120/><W7/><G113/><T74/><D74/><U5/><E94/><V27/><F41/><W71/><G71/><T88/><D55/><U42/><E42/><V82/><F62/><W84/><G126/><N who="1" m="48138" /><E115/><V63/><F63/><W48/><G56/><T6/><D6/><U39/><E39/><V8/><F8/><N who="3" m="4255" /><G128/><T40/><D134/><U87/><E87/><V114/><F67/><W81/><G81/><T16/><D99/><U109/><E133/><V52/><F54/><N who="3" m="29975" /><G118/><T92/><D104/><U49/><E49/><V57/><REACH who="2" step="1"/><F114/><REACH who="2" ten="173,411,121,285" step="2"/><W98/><G98/><T69/><D40/><U20/><E129/><V90/><AGARI ba="0,1" hai="3,4,11,27,31,34,51,52,57,82,86,90,100,102" machi="90" ten="20,12000,2" yaku="1,1,2,1,0,1,7,1,52,1,54,1,53,0" doraHai="76" doraHaiUra="117" who="2" fromWho="2" sc="173,-30,411,-60,121,130,285,-30" /><INIT seed="6,0,0,4,4,121" ten="143,351,251,255" oya="2" hai0="126,19,90,134,77,93,78,85,8,69,86,66,80" hai1="100,4,15,55,124,30,40,118,39,73,133,42,49" hai2="97,37,58,106,13,50,113,44,109,35,60,76,129" hai3="38,70,0,64,1,48,114,7,89,110,79,105,25"/><V2/><F2/><W51/><G38/><T130/><D69/><U31/><E118/><V63/><F35/><W117/><G105/><T84/><D66/><U92/><E73/><V125/><F37/><W68/><G79/><N who="0" m="30219" /><D19/><U45/><E133/><V72/><F72/><W96/><G96/><N who="0" m="57399" /><D8/><U103/><E124/><V46/><F76/><W41/><G89/><N who="0" m="51335" /><D134/><U27/><E31/><V83/><F125/><W20/><G64/><T123/><D123/><U6/><E6/><V74/><F74/><W23/><G7/><T28/><D28/><U17/><E4/><V71/><F71/><W131/><G68/><T61/><D61/><U26/><E26/><V24/><F24/><W95/><G70/><T12/><D12/><U116/><E116/><V9/><F63/><W135/><G135/><T52/><D52/><U36/><E42/><N who="2" m="24855" /><F60/><W56/><G0/><T119/><D119/><U57/><E39/><V29/><F29/><W5/><G1/><T107/><D126/><U102/><E27/><V43/><F43/><W53/><G25/><T22/><D22/><N who="1" m="11583" /><E30/><V81/><F9/><W82/><G41/><T94/><D130/><U3/><E3/><V91/><F13/><W33/><G131/><T128/><D128/><U59/><E59/><V16/><F58/><W127/><G56/><T34/><D34/><U101/><N who="1" m="25600" /><DORA hai="111" /><U32/><E32/><V62/><F129/><W47/><G33/><T10/><D10/><U98/><E36/><V21/><F21/><W108/><G127/><T11/><D11/><U88/><E57/><V112/><F62/><W104/><G20/><RYUUKYOKU ba="0,0" sc="143,-10,351,30,251,-10,255,-10" hai1="40,45,49,55,88,92,98" /><INIT seed="7,1,0,3,4,97" ten="133,381,241,245" oya="3" hai0="21,30,82,88,65,78,111,112,103,29,2,98,115" hai1="55,0,19,11,108,87,7,71,135,35,53,95,107" hai2="102,128,130,92,41,68,25,18,124,26,52,4,62" hai3="31,38,37,64,99,46,58,42,74,15,69,79,80"/><W39/><G58/><T96/><D2/><U120/><E120/><V81/><F124/><W123/><G123/><T17/><D111/><U67/><E108/><V73/><F41/><W33/><G15/><T132/><D132/><U110/><E135/><V104/><F104/><W14/><G14/><T3/><D3/><U77/><E107/><V24/><F4/><W8/><G8/><T61/><D78/><U48/><E55/><V43/><F43/><W34/><G99/><T75/><D75/><U117/><E117/><V122/><F122/><W28/><G28/><T116/><D116/><U66/><E19/><V44/><F18/><W76/><G76/><T47/><D47/><U106/><E77/><N who="2" m="44207" /><F68/><W93/><G93/><N who="0" m="56359" /><D82/><U12/><E95/><V91/><F91/><W86/><G86/><T63/><D17/><U51/><E87/><V125/><F125/><W23/><G34/><T129/><D129/><N who="2" m="49770" /><F44/><W56/><G33/><T84/><D84/><U83/><E51/><V113/><F113/><N who="0" m="43594" /><D21/><U6/><E35/><V45/><F45/><W40/><G80/><T127/><D127/><U119/><E11/><V89/><F89/><W20/><G46/><T49/><D49/><U54/><E48/><V5/><F5/><W22/><G22/><T90/><D90/><U16/><E16/><V131/><F131/><W60/><G79/><T57/><D65/><U118/><E66/><V59/><F26/><N who="3" m="16839" /><G64/><N who="0" m="38959" /><D63/><U100/><E67/><V50/><F62/><W10/><G74/><T134/><D134/><U105/><E118/><V94/><F94/><AGARI ba="1,0" hai="29,30,94,98,103" m="38959,43594,56359" machi="94" ten="30,7700,0" yaku="15,1,11,1,52,1,54,1" doraHai="97" who="0" fromWho="2" sc="133,80,381,0,241,-80,245,0" owari="213,-19.0,381,48.0,161,-34.0,245,5.0" /></mjloggm>