<mjloggm ver="2.3"><GO type="97" lobby="0"/><UN n0="%6D%61%79%75%31%36" n1="%79%75%79%61%70%61%70%61" n2="%73%61%69%7A%6F%68" n3="%E3%82%A6%E3%83%AB%E3%83%88%E3%83%A9%E7%AB%8B%E7%9B%B4" dan="13,14,15,15" rate="1827.09,1987.87,2030.31,2004.79" sx="F,M,M,M"/><TAIKYOKU oya="0"/><INIT seed="0,0,0,4,0,130" ten="250,250,250,250" oya="0" hai0="97,33,54,9,41,30,107,126,21,67,60,66,6" hai1="48,90,23,28,121,111,39,92,47,61,14,46,49" hai2="68,24,112,18,37,79,94,87,86,82,35,53,8" hai3="132,43,56,59,65,20,135,2,128,40,84,44,96"/><T133/><D33/><U89/><E121/><V5/><F37/><W131/><G2/><T27/><D41/><U17/><E39/><V134/><F68/><W127/><G84/><T64/><D126/><U13/><E28/><V12/><F112/><W119/><G119/><T76/><D76/><U70/><E111/><V122/><F122/><W124/><G20/><T36/><D36/><U32/><E32/><V105/><F105/><W102/><G102/><T83/><D83/><U125/><E125/><N who="3" m="48202" /><G96/><T72/><D72/><U98/><E70/><V1/><F94/><W120/><G120/><T15/><D133/><N who="3" m="51273" /><G43/><T118/><D118/><U11/><E61/><V116/><F134/><W22/><G22/><T0/><D107/><U55/><E90/><V34/><F87/><W50/><G65/><T129/><D0/><U81/><E81/><V7/><F116/><W26/><G26/><T25/><D25/><U62/><E62/><V52/><F1/><W95/><G95/><T80/><D80/><U101/><E101/><V29/><F35/><W104/><G104/><T113/><D113/><U77/><E77/><V16/><F18/><W88/><G88/><T109/><D97/><U10/><E14/><V38/><REACH who="2" step="1"/><F38/><REACH who="2" ten="250,250,240,250" step="2"/><W73/><G73/><T69/><D69/><U57/><E46/><V31/><F31/><W103/><G103/><T108/><D30/><U78/><E78/><V45/><F45/><W42/><G42/><AGARI ba="0,1" hai="10,11,13,17,23,42,47,48,49,55,57,89,92,98" machi="42" ten="30,2000,0" yaku="7,1,8,1" doraHai="130" who="1" fromWho="3" sc="250,0,250,30,240,0,250,-20" /><INIT seed="1,0,0,0,5,116" ten="250,280,240,230" oya="1" hai0="78,91,60,89,131,71,117,10,52,69,79,62,111" hai1="37,28,45,130,86,42,19,38,88,121,13,34,120" hai2="119,67,104,35,82,135,3,43,61,110,46,94,109" hai3="14,15,133,113,127,70,49,16,66,8,97,95,20"/><U99/><E38/><V75/><F94/><W59/><G113/><T108/><D117/><U90/><E130/><V107/><F119/><W123/><G127/><T39/><D131/><U56/><E34/><V36/><F3/><W102/><G133/><T57/><D57/><U55/><E28/><V72/><F35/><W132/><G132/><T7/><D10/><U128/><E99/><V112/><F135/><W51/><G70/><T30/><D30/><U40/><E40/><V31/><F31/><W65/><G123/><T83/><D83/><U76/><E76/><N who="2" m="44295" /><F75/><W47/><G59/><T106/><D7/><U5/><E5/><V103/><F103/><W50/><REACH who="3" step="1"/><G47/><REACH who="3" ten="250,280,240,220" step="2"/><T118/><D118/><U73/><E128/><V125/><F125/><W21/><G21/><T24/><D71/><U26/><E73/><V134/><F134/><W0/><G0/><T101/><D69/><U1/><E1/><V25/><F112/><W87/><G87/><T2/><D2/><U85/><E85/><V96/><F46/><W48/><N who="3" m="12288" /><DORA hai="93" /><W12/><G12/><T64/><D39/><U53/><E26/><V84/><F25/><W58/><G58/><T17/><D24/><U44/><E44/><V77/><F36/><W68/><G68/><T33/><D33/><U9/><E56/><V32/><F32/><W105/><G105/><T124/><D124/><U80/><REACH who="1" step="1"/><E90/><REACH who="1" ten="250,270,240,220" step="2"/><V27/><F84/><W6/><AGARI ba="0,2" hai="6,8,14,15,16,20,65,66,95,97,102" m="12288" machi="6" ten="40,8000,1" yaku="1,1,0,1,8,1,52,1,54,1,53,0" doraHai="116,93" doraHaiUra="74,122" who="3" fromWho="3" sc="250,-20,270,-40,240,-20,220,100" /><INIT seed="2,0,0,5,4,96" ten="230,230,220,320" oya="2" hai0="94,19,30,82,35,61,85,34,76,58,28,112,45" hai1="105,81,37,109,107,90,38,88,66,124,33,80,46" hai2="44,92,67,129,9,32,113,89,55,84,68,83,77" hai3="99,74,41,59,120,73,104,48,75,17,131,54,42"/><V69/><F113/><W119/><G119/><T121/><D112/><U18/><E33/><V22/><F32/><W128/><G120/><T1/><D121/><U6/><E124/><V23/><F129/><N who="3" m="49739" /><G17/><T72/><D1/><U114/><E114/><V87/><F9/><W122/><G122/><T115/><D115/><U24/><E66/><V29/><F67/><W12/><G12/><T60/><D35/><U130/><E130/><V20/><REACH who="2" step="1"/><F29/><REACH who="2" ten="230,230,210,320" step="2"/><W108/><G108/><T79/><D34/><U8/><E109/><V47/><F47/><W40/><G73/><T86/><D45/><U133/><E46/><V63/><F63/><W132/><G132/><T11/><D30/><U57/><E133/><V98/><F98/><W25/><G75/><T91/><D28/><U43/><E43/><V14/><F14/><W10/><G74/><T3/><D61/><U95/><E24/><V27/><F27/><W52/><G25/><T125/><D11/><U106/><E57/><V4/><F4/><W101/><G10/><T13/><D58/><U15/><E6/><V110/><F110/><W21/><G21/><T51/><D60/><U31/><E31/><V26/><F26/><W62/><G42/><T64/><D72/><U134/><E134/><V93/><F93/><W16/><G16/><T78/><D19/><U116/><E116/><V111/><F111/><W36/><G36/><N who="1" m="13930" /><E95/><V103/><F103/><W100/><G100/><T7/><D94/><U127/><E127/><V5/><F5/><W123/><G123/><T65/><D125/><U39/><N who="1" m="13938" /><U71/><DORA hai="50" /><E71/><RYUUKYOKU ba="0,1" sc="230,-30,230,10,210,10,320,10" hai1="8,15,18,80,81,88,90,105,106,107" hai2="20,22,23,44,55,68,69,77,83,84,87,89,92" hai3="40,41,48,52,54,59,62,99,101,104" /><INIT seed="2,1,1,0,3,2" ten="200,240,220,330" oya="2" hai0="123,15,82,29,106,24,37,80,56,11,96,101,117" hai1="95,77,23,3,61,20,12,73,81,84,60,42,102" hai2="130,110,92,88,135,27,54,119,124,90,111,87,48" hai3="30,71,72,74,25,64,67,105,6,16,59,10,55"/><V109/><F130/><W131/><G105/><T76/><D123/><U14/><E3/><V52/><F119/><W83/><G71/><T31/><D37/><U49/><E73/><V129/><F129/><W38/><G38/><T104/><D104/><U113/><E113/><V1/><F124/><W35/><G131/><T18/><D117/><U85/><E14/><V134/><F1/><W26/><G74/><T39/><D39/><U99/><E85/><N who="2" m="52239" /><F27/><W91/><G16/><T128/><D128/><U93/><E93/><N who="2" m="54495" /><F54/><W98/><G26/><T9/><D31/><U126/><E126/><V107/><F107/><W133/><G133/><T122/><D122/><U132/><E132/><V19/><F19/><W63/><G72/><T68/><D68/><U57/><E61/><V45/><AGARI ba="1,1" hai="45,48,52,109,110,111,134,135" m="54495,52239" machi="45" ten="40,12000,1" yaku="14,1,10,1,54,2" doraHai="2" who="2" fromWho="2" sc="200,-41,240,-41,220,133,330,-41" /><INIT seed="2,2,0,3,3,115" ten="159,199,353,289" oya="2" hai0="96,11,58,81,37,46,34,18,132,5,41,90,53" hai1="126,99,55,111,64,61,108,68,135,3,125,20,19" hai2="95,89,133,109,0,87,30,112,33,77,52,122,86" hai3="118,70,84,29,10,7,13,102,2,92,17,42,71"/><V73/><F112/><W85/><G42/><T56/><D132/><U67/><E3/><V88/><F122/><W15/><G29/><T75/><D34/><U131/><E135/><V106/><F133/><W24/><G24/><T72/><D18/><U32/><E32/><V105/><F0/><W63/><G2/><T123/><D123/><U98/><E67/><V117/><F117/><W16/><G7/><T100/><D58/><U121/><E121/><V129/><F129/><W27/><G27/><T31/><D31/><U128/><E55/><V36/><F36/><W40/><G40/><T39/><D39/><U76/><E76/><V69/><F69/><W83/><G63/><T107/><D90/><U124/><E99/><V8/><F8/><W45/><G45/><T28/><D81/><U62/><E62/><V94/><F109/><N who="1" m="42057" /><E98/><V74/><F52/><W103/><G118/><T97/><D28/><U127/><N who="1" m="32256" /><DORA hai="44" /><U54/><E54/><V6/><F30/><W35/><G35/><T101/><D101/><U82/><E82/><N who="2" m="47439" /><F33/><W48/><G83/><T47/><D97/><U93/><E93/><V14/><F94/><W134/><G92/><T79/><D79/><U38/><E38/><V26/><F95/><W1/><G1/><T49/><D47/><U21/><E19/><V60/><F60/><W4/><G134/><T51/><D37/><U116/><E116/><V120/><F120/><W22/><G70/><T66/><D66/><U9/><E9/><V91/><F106/><W110/><G71/><T65/><D65/><U43/><E43/><V57/><F105/><RYUUKYOKU ba="2,0" sc="159,15,199,15,353,-15,289,-15" hai0="5,11,41,46,49,51,53,56,72,75,96,100,107" hai1="20,21,61,64,68,128,131" /><INIT seed="3,3,0,0,4,46" ten="174,214,338,274" oya="3" hai0="1,94,128,91,11,44,39,28,63,4,79,12,17" hai1="53,61,62,9,105,112,15,54,59,123,114,87,58" hai2="43,29,118,47,0,122,32,135,70,85,21,129,95" hai3="124,107,126,24,18,23,134,86,52,55,108,127,67"/><W5/><G107/><T104/><D128/><U7/><E123/><V97/><F0/><W66/><G134/><T133/><D133/><U33/><E105/><V8/><F135/><W51/><G108/><T101/><D79/><U16/><E33/><V111/><F111/><W90/><G5/><T60/><D28/><U37/><E37/><V93/><F70/><W98/><G98/><T84/><D101/><U3/><REACH who="1" step="1"/><E87/><REACH who="1" ten="174,204,338,274" step="2"/><V31/><F32/><W27/><G27/><T106/><D106/><U73/><E73/><V65/><F85/><W36/><G36/><T10/><D104/><U113/><E113/><V41/><F122/><W68/><G68/><T64/><D39/><U103/><E103/><V74/><F74/><W72/><G72/><T20/><D64/><U26/><E26/><V89/><F65/><W82/><G55/><T109/><D109/><U34/><E34/><V49/><F129/><W88/><G90/><T125/><D125/><U14/><E14/><V130/><F130/><W71/><G71/><T96/><D84/><U48/><E48/><V132/><F132/><W81/><G81/><T76/><D76/><U102/><E102/><N who="2" m="60719" /><F118/><W80/><G80/><T19/><REACH who="0" step="1"/><D44/><AGARI ba="3,1" hai="18,23,24,44,51,52,66,67,82,86,88,124,126,127" machi="44" ten="40,12000,1" yaku="18,1,52,1,54,2" doraHai="46" who="3" fromWho="0" sc="174,-129,204,0,338,0,274,139" owari="45,-45.0,204,-20.0,338,14.0,413,51.0" /></mjloggm>