<mjloggm ver="2.3"><GO type="97" lobby="0"/><UN n0="%E7%A0%B4%E7%B6%BB%E6%87%B8%E5%BF%B5%E5%85%88%E2%85%A2" n1="%4D%61%6B%6F%74%6F%44%61" n2="%E3%82%A6%E3%83%AB%E3%83%88%E3%83%A9%E7%AB%8B%E7%9B%B4" n3="%6D%61%67%61%6D%69" dan="14,14,15,15" rate="1961.48,1894.56,1930.71,1928.56" sx="M,M,M,M"/><TAIKYOKU oya="0"/><INIT seed="0,0,0,5,5,50" ten="250,250,250,250" oya="0" hai0="119,25,66,22,69,110,108,19,127,82,106,114,101" hai1="125,55,61,85,60,12,118,20,53,115,63,67,129" hai2="13,95,65,92,135,99,77,43,30,128,35,134,6" hai3="70,109,132,102,103,97,94,81,96,38,62,80,124"/><T79/><D119/><U133/><E118/><V126/><F30/><W26/><G38/><T71/><D114/><U75/><E75/><V87/><F35/><W130/><G70/><T18/><D127/><U122/><E122/><V78/><F13/><W32/><G32/><T57/><D106/><U116/><E116/><V41/><F6/><W93/><G124/><T117/><D101/><U98/><E125/><V54/><F126/><W100/><G26/><T7/><D7/><U123/><E123/><V84/><F65/><W59/><G109/><N who="0" m="42091" /><D117/><U3/><E3/><V73/><F99/><N who="3" m="37963" /><G130/><T4/><D4/><U68/><E129/><V40/><F128/><W56/><G132/><T23/><D66/><U104/><E133/><V33/><F135/><W74/><G74/><N who="0" m="43383" /><D57/><N who="3" m="22089" /><G62/><T28/><D28/><U39/><E39/><V51/><F134/><W107/><G107/><T14/><AGARI ba="0,0" hai="14,18,19,22,23,25,69,71" m="43383,42091" machi="14" ten="30,3000,0" yaku="14,1,10,1" doraHai="50" who="0" fromWho="0" sc="250,30,250,-10,250,-10,250,-10" /><INIT seed="0,1,0,0,0,7" ten="280,240,240,240" oya="0" hai0="50,58,27,101,65,123,92,120,78,18,73,9,79" hai1="80,55,131,102,105,1,57,14,54,71,8,126,46" hai2="19,122,45,68,34,43,70,60,124,6,121,2,94" hai3="81,49,106,30,31,125,39,88,42,128,130,112,47"/><T28/><D123/><U108/><E108/><V76/><F19/><W29/><G106/><T0/><D120/><U135/><E71/><V25/><F94/><W132/><G112/><T20/><D73/><U116/><E116/><V114/><F114/><W13/><G125/><T3/><D3/><U96/><E126/><V64/><F124/><W23/><G132/><T113/><D113/><U59/><E135/><V89/><F89/><W41/><G39/><T129/><D129/><U107/><E131/><V133/><F133/><W85/><G130/><T40/><D40/><U24/><E1/><V110/><F110/><W90/><G128/><T15/><D0/><U21/><E80/><V103/><F103/><W32/><G32/><T37/><D37/><U53/><E46/><V52/><F52/><N who="3" m="29759" /><G90/><T22/><D22/><U104/><E96/><V95/><F70/><W62/><G62/><N who="0" m="38103" /><D50/><U84/><E84/><V44/><F68/><W118/><G118/><T97/><AGARI ba="1,0" hai="9,15,18,20,27,28,78,79,92,97,101" m="38103" machi="97" ten="30,6000,0" yaku="25,1,8,1,52,1" doraHai="7" who="0" fromWho="0" sc="280,63,240,-21,240,-21,240,-21" /><INIT seed="0,2,0,3,4,134" ten="343,219,219,219" oya="0" hai0="17,13,0,58,129,6,16,93,7,120,35,80,106" hai1="124,31,105,123,60,30,101,40,28,9,53,107,37" hai2="96,26,110,122,55,121,56,24,25,86,18,76,70" hai3="131,4,132,59,95,127,12,42,114,83,71,135,90"/><T113/><D106/><U117/><E117/><V48/><F70/><W108/><G71/><T92/><D120/><U68/><E123/><V116/><F116/><W43/><G114/><T99/><D113/><U21/><E21/><V118/><F118/><W45/><G108/><T44/><D35/><U57/><E101/><V126/><F110/><W79/><G131/><T104/><D104/><U62/><E9/><V27/><F121/><W15/><G59/><T19/><D129/><U14/><E14/><V75/><F75/><W78/><G4/><N who="0" m="1579" /><D0/><U91/><E91/><V38/><F38/><W34/><G34/><T81/><D44/><U32/><E32/><V111/><F111/><W69/><G69/><T77/><D77/><U46/><E62/><V2/><F2/><W29/><G45/><T119/><D119/><U98/><E68/><V23/><F122/><W94/><G29/><T128/><D128/><U54/><E54/><V133/><F133/><W112/><G112/><T125/><D125/><U73/><E73/><V39/><F39/><W100/><G127/><T66/><D13/><U74/><E107/><V11/><F126/><W85/><G135/><T5/><N who="0" m="1587" /><T82/><DORA hai="97" /><D99/><U67/><E74/><V47/><F96/><N who="3" m="59415" /><G132/><T115/><D115/><U87/><E124/><V88/><F76/><N who="3" m="29227" /><G83/><N who="0" m="21251" /><T102/><DORA hai="41" /><D102/><U36/><E36/><V50/><N who="2" m="6144" /><DORA hai="64" /><V1/><F1/><W130/><G130/><T61/><AGARI ba="2,0" hai="16,17,19,58,61,66,92,93" m="21251,1587" machi="61" ten="50,4800,0" yaku="8,1,54,1" doraHai="134,97,41,64" who="0" fromWho="0" sc="343,54,219,-18,219,-18,219,-18" /><INIT seed="0,3,0,5,2,117" ten="397,201,201,201" oya="0" hai0="104,63,29,90,43,133,31,53,114,45,52,94,35" hai1="22,70,135,34,83,103,71,101,84,32,76,69,80" hai2="129,0,85,107,111,113,21,109,20,19,75,11,36" hai3="102,93,42,106,3,124,57,38,68,126,28,128,44"/><T125/><D104/><U10/><E135/><V86/><F75/><W24/><G3/><T49/><D114/><U115/><E22/><V112/><F36/><W88/><G128/><T13/><D133/><U27/><E115/><N who="2" m="44107" /><F107/><W66/><G68/><T61/><D125/><N who="3" m="48233" /><G106/><T14/><D35/><U6/><E27/><N who="2" m="14751" /><F86/><N who="3" m="52375" /><G102/><T7/><D7/><U48/><E48/><V1/><F85/><W4/><G4/><T41/><D94/><U77/><E6/><N who="2" m="1479" /><F1/><W9/><G57/><T51/><D90/><U73/><E10/><V37/><F37/><W116/><G9/><T40/><D40/><U97/><REACH who="1" step="1"/><E103/><REACH who="1" ten="397,191,201,201" step="2"/><V134/><F134/><W123/><G116/><T92/><D92/><AGARI ba="3,1" hai="32,34,69,70,71,73,76,77,80,83,84,92,97,101" machi="92" ten="40,8000,1" yaku="1,1,2,1,53,2" doraHai="117" doraHaiUra="78" who="1" fromWho="0" sc="397,-89,191,99,201,0,201,0" /><INIT seed="1,0,0,4,1,122" ten="308,290,201,201" oya="1" hai0="118,23,116,9,135,56,115,34,29,5,103,105,22" hai1="52,15,82,99,90,24,111,83,14,27,113,93,19" hai2="16,96,44,117,11,124,57,112,58,121,68,81,97" hai3="48,43,128,94,88,131,37,7,66,2,63,8,95"/><U50/><E113/><V69/><F68/><W70/><G37/><T25/><D115/><U31/><E15/><N who="2" m="7295" /><F69/><W102/><G102/><T78/><D135/><U72/><E72/><V84/><F124/><W76/><G76/><T91/><D78/><U119/><E119/><V110/><F117/><W54/><G43/><T13/><D91/><U109/><E83/><V36/><F36/><W87/><REACH who="3" step="1"/><G95/><REACH who="3" ten="308,290,201,191" step="2"/><T98/><D118/><U107/><E107/><V75/><F121/><W92/><G92/><T47/><D116/><U12/><E82/><V77/><F112/><W51/><G51/><T120/><D120/><U33/><E27/><V38/><F75/><W125/><G125/><T71/><D71/><U108/><E19/><V89/><F38/><W127/><G127/><T59/><D47/><AGARI ba="0,1" hai="12,14,24,31,33,47,50,52,90,93,99,108,109,111" machi="47" ten="40,18000,2" yaku="14,1,10,1,52,3,54,1" doraHai="122" who="1" fromWho="0" sc="308,-180,290,190,201,0,191,0" /><AGARI ba="0,0" hai="2,7,8,47,48,54,63,66,70,87,88,94,128,131" machi="47" ten="40,5200,0" yaku="1,1,54,1,53,1" doraHai="122" doraHaiUra="1" who="3" fromWho="0" sc="128,-52,480,0,201,0,191,52" /><INIT seed="1,1,0,5,4,49" ten="76,480,201,243" oya="1" hai0="4,91,11,135,41,118,10,133,87,59,3,15,110" hai1="0,55,90,56,74,66,33,25,97,32,103,130,67" hai2="52,57,101,63,5,35,14,45,114,26,24,47,134" hai3="115,94,18,122,89,1,83,40,106,34,64,85,38"/><U71/><E74/><V13/><F35/><W44/><G106/><T37/><D118/><U81/><E0/><V60/><F134/><W30/><G1/><T107/><D107/><U80/><E130/><V39/><F39/><W86/><G122/><T17/><D110/><U123/><E123/><V93/><F114/><W22/><G64/><T28/><D28/><U78/><E90/><V48/><F24/><W75/><G75/><T70/><D70/><U12/><E12/><N who="2" m="4715" /><F26/><W96/><G115/><T121/><D121/><U20/><E71/><V2/><F5/><W88/><G30/><T43/><D59/><U92/><E32/><V84/><F2/><W69/><G69/><T73/><D73/><U61/><E33/><V98/><F84/><W68/><G68/><T113/><D113/><U125/><E125/><V131/><F131/><W27/><G34/><T99/><D99/><U19/><E78/><V127/><F127/><W72/><G72/><T79/><D79/><U31/><E19/><V112/><F112/><W105/><G105/><T7/><D17/><U76/><E76/><V29/><F29/><W23/><G23/><T58/><D58/><U126/><E126/><V50/><F57/><W54/><G86/><T120/><D120/><U46/><E46/><V102/><F102/><W21/><G21/><T117/><D117/><U128/><E128/><V100/><F100/><W109/><G109/><T53/><D53/><AGARI ba="1,0" hai="45,47,48,50,52,53,60,63,93,98,101" m="4715" machi="53" ten="30,7700,0" yaku="8,1,52,2,54,1" doraHai="49" who="2" fromWho="0" sc="76,-80,480,0,201,80,243,0" owari="-4,-50.0,480,58.0,281,8.0,243,-16.0" /></mjloggm>