<mjloggm ver="2.3"><GO type="97" lobby="0"/><UN n0="%6B%6F%6B%61%62%65" n1="%E3%82%A6%E3%83%AB%E3%83%88%E3%83%A9%E7%AB%8B%E7%9B%B4" n2="%3C%62%72%3E" n3="%6B%6F%63%68%61%6E%6E" dan="13,15,16,13" rate="1890.65,1999.23,2033.66,1872.88" sx="M,M,M,M"/><TAIKYOKU oya="0"/><INIT seed="0,0,0,5,4,134" ten="250,250,250,250" oya="0" hai0="0,106,42,107,130,83,39,102,45,19,48,82,59" hai1="9,92,94,91,98,90,23,56,76,29,8,53,123" hai2="66,1,18,117,69,5,110,99,135,109,27,113,21" hai3="57,64,72,63,32,10,4,46,6,7,85,26,132"/><T79/><D79/><U124/><BYE who="0" /><E123/><V127/><F113/><W67/><G72/><T78/><D78/><U87/><E124/><V43/><F135/><W97/><G132/><T65/><D65/><U52/><E53/><UN n0="%6B%6F%6B%61%62%65" /><V55/><F43/><W40/><G67/><T51/><D0/><U2/><E2/><V34/><F55/><W105/><G85/><T17/><D130/><U96/><E87/><V35/><F117/><W12/><G105/><T86/><D102/><U80/><E80/><V38/><F38/><W75/><G75/><T20/><D107/><U60/><E76/><V50/><F50/><W14/><G97/><T62/><D106/><U84/><E84/><V36/><F36/><W112/><G112/><T88/><D82/><U58/><E58/><V37/><F37/><W25/><G32/><T13/><REACH who="0" step="1"/><D19/><REACH who="0" ten="240,250,250,250" step="2"/><U74/><E74/><V104/><F18/><N who="3" m="8471" /><G40/><T114/><D114/><U71/><E71/><V70/><F70/><W125/><G125/><T31/><D31/><U93/><E93/><V119/><F69/><W61/><G64/><T16/><D16/><U133/><E133/><V126/><F66/><W128/><G128/><T89/><D89/><U28/><E28/><V121/><F127/><W54/><G7/><T115/><D115/><U41/><E41/><V103/><F5/><W3/><G3/><T47/><D47/><U33/><E33/><V81/><F1/><W111/><G46/><T77/><D77/><U131/><E131/><V11/><F126/><W100/><G4/><T129/><D129/><U44/><E44/><V118/><F104/><RYUUKYOKU ba="0,1" sc="240,15,250,15,250,-15,250,-15" hai0="13,17,20,39,42,45,48,51,59,62,83,86,88" hai1="8,9,23,29,52,56,60,90,91,92,94,96,98" /><INIT seed="0,1,1,3,4,120" ten="255,265,235,235" oya="0" hai0="58,129,18,60,47,5,130,0,96,35,37,30,44" hai1="48,134,49,72,6,135,79,93,85,114,76,26,36" hai2="68,2,63,89,109,10,46,31,131,102,15,100,118" hai3="106,87,74,126,43,3,25,9,71,67,4,108,119"/><T64/><D37/><U17/><E36/><V54/><F2/><W94/><G119/><T66/><D5/><U103/><E6/><V61/><F118/><W121/><G121/><T124/><D0/><U97/><E114/><V20/><F131/><N who="0" m="50186" /><D124/><U16/><E72/><V117/><F117/><W80/><G126/><T73/><D73/><U101/><E85/><V98/><F89/><W86/><G43/><T88/><D30/><U51/><E26/><V14/><F68/><W53/><G25/><T39/><D35/><U32/><E32/><V65/><F31/><W127/><G127/><T133/><D39/><U91/><E91/><V22/><F102/><W23/><G106/><T27/><D133/><U38/><E38/><V95/><F100/><N who="1" m="38473" /><E93/><V45/><F95/><W34/><G34/><T84/><D96/><U21/><E21/><V8/><F98/><W13/><G74/><T55/><D66/><U69/><E97/><V41/><F65/><W116/><G116/><T104/><D64/><U125/><E69/><V7/><F7/><W70/><G67/><T113/><D113/><U1/><E1/><V56/><F22/><W123/><G123/><T92/><D104/><U62/><E125/><V105/><F105/><W52/><G3/><T78/><D78/><N who="1" m="29739" /><E62/><V28/><F63/><W24/><G70/><T29/><D29/><U77/><N who="1" m="29747" /><U40/><DORA hai="81" /><E40/><V115/><F41/><W111/><G71/><T112/><D112/><U19/><AGARI ba="1,1" hai="16,17,19,48,49,51,134,135" m="29747,38473" machi="19" ten="50,6400,0" yaku="28,2,54,1" doraHai="120,81" who="1" fromWho="1" sc="255,-33,265,77,235,-17,235,-17" /><INIT seed="1,0,0,4,5,89" ten="222,342,218,218" oya="1" hai0="117,121,95,112,19,110,71,61,22,83,127,96,12" hai1="78,5,36,90,124,99,114,11,33,10,126,75,76" hai2="94,131,132,129,32,59,80,104,1,86,52,40,27" hai3="115,122,51,81,106,53,69,88,87,135,97,101,29"/><U100/><E33/><V0/><F104/><W31/><G122/><T107/><D117/><U35/><E35/><V79/><F40/><W116/><G115/><T72/><D112/><U4/><E90/><V23/><F32/><W17/><G69/><T43/><D121/><U14/><E36/><V34/><F34/><W92/><G116/><T24/><D127/><N who="1" m="48683" /><E75/><V98/><F132/><W38/><G38/><T119/><D119/><U2/><E114/><V37/><F37/><W50/><G135/><T109/><D43/><U103/><E103/><V18/><F131/><W55/><G106/><AGARI ba="0,0" hai="2,4,5,10,11,14,76,78,99,100,106" m="48683" machi="106" ten="30,1500,0" yaku="18,1" doraHai="89" who="1" fromWho="3" sc="222,0,342,15,218,0,218,-15" /><INIT seed="1,1,0,2,3,53" ten="222,357,218,203" oya="1" hai0="105,118,46,63,113,62,135,86,27,84,133,75,82" hai1="99,70,132,66,78,69,100,9,56,115,126,106,107" hai2="33,2,35,49,98,51,30,24,22,7,123,42,124" hai3="55,80,101,71,79,37,95,93,18,5,25,129,21"/><U117/><E117/><V68/><F68/><W17/><G37/><T74/><D118/><U72/><E115/><V119/><F123/><W45/><G71/><T14/><D113/><U1/><E107/><V65/><F65/><W52/><G129/><T20/><D105/><U40/><E126/><V94/><F124/><W121/><G121/><T111/><D111/><U128/><E128/><V39/><F39/><W97/><G5/><T109/><D109/><U134/><E40/><V104/><F104/><W11/><G45/><T76/><D46/><U54/><E78/><V120/><F42/><W112/><G112/><T89/><D14/><U81/><E81/><V48/><F120/><W83/><G95/><T10/><D10/><U91/><E91/><V125/><F125/><W96/><G96/><T15/><D15/><U59/><E72/><V31/><F31/><W43/><G43/><T108/><D108/><U13/><E1/><V110/><F110/><W19/><G11/><T4/><D4/><N who="1" m="3239" /><E54/><N who="3" m="20522" /><G79/><T57/><D57/><N who="1" m="22091" /><E66/><V8/><F119/><W26/><G26/><T16/><D74/><U64/><E64/><V114/><F114/><W88/><G101/><T60/><REACH who="0" step="1"/><D75/><REACH who="0" ten="212,357,218,203" step="2"/><U29/><E69/><V47/><F47/><W92/><G93/><AGARI ba="1,1" hai="16,20,27,60,62,63,76,82,84,86,89,93,133,135" machi="93" ten="40,5200,0" yaku="1,1,2,1,54,1,53,0" doraHai="53" doraHaiUra="0" who="0" fromWho="3" sc="212,65,357,0,218,0,203,-55" /><INIT seed="2,0,0,1,2,78" ten="277,357,218,148" oya="2" hai0="70,94,26,104,64,58,9,118,54,115,53,5,48" hai1="41,33,32,56,132,18,124,17,122,128,77,120,134" hai2="16,29,65,82,83,107,62,127,123,38,111,11,6" hai3="47,42,3,117,20,25,129,10,57,130,55,45,119"/><V13/><F123/><N who="1" m="47145" /><E41/><V76/><F107/><W36/><G3/><T22/><D104/><U100/><E100/><V15/><F38/><W44/><G10/><T135/><D118/><U24/><E77/><V93/><F76/><W63/><G20/><T92/><D115/><U14/><E56/><N who="2" m="37063" /><F127/><W102/><G102/><T98/><D135/><N who="1" m="51755" /><E124/><V96/><F111/><W43/><G25/><T69/><D64/><U103/><E103/><N who="2" m="60815" /><F29/><W84/><G84/><T74/><D74/><U72/><E72/><V71/><F71/><W1/><G1/><T79/><D79/><U40/><E40/><V131/><F131/><W23/><G23/><AGARI ba="0,0" hai="6,11,13,15,16,23,82,83" m="60815,37063" machi="23" ten="30,11600,0" yaku="8,1,52,2,54,1" doraHai="78" who="2" fromWho="3" sc="277,0,357,0,218,116,148,-116" /><INIT seed="2,1,0,4,5,48" ten="277,357,334,32" oya="2" hai0="99,30,64,84,10,111,39,40,59,1,119,23,95" hai1="88,56,104,50,63,60,110,108,126,36,3,19,55" hai2="17,85,124,91,79,8,87,2,18,105,92,100,7" hai3="96,31,81,65,13,61,45,118,62,9,27,132,77"/><V128/><F128/><W16/><G118/><T37/><D119/><U90/><E36/><V133/><F124/><W135/><G96/><T98/><D111/><N who="1" m="42539" /><E104/><V131/><F131/><W102/><G135/><T69/><D69/><U109/><E109/><V46/><F133/><W117/><G117/><T25/><D40/><U94/><E3/><V0/><F0/><W66/><G132/><T47/><D47/><U67/><E126/><V93/><F46/><W14/><G102/><T115/><D115/><U33/><E33/><V28/><F28/><W41/><G62/><T6/><D99/><U72/><E72/><V57/><F57/><W107/><G107/><T20/><D84/><U78/><E78/><V52/><F105/><W129/><G129/><T43/><D43/><U74/><E74/><V22/><F22/><N who="3" m="15863" /><G61/><T130/><D130/><U24/><E63/><V121/><F121/><W15/><G77/><T120/><D120/><U58/><E94/><V76/><F93/><W83/><G45/><T26/><D59/><U49/><E49/><V68/><F79/><W80/><G41/><T116/><D64/><AGARI ba="1,0" hai="9,13,14,15,16,64,65,66,80,81,83" m="15863" machi="64" ten="30,2000,0" yaku="8,1,54,1" doraHai="48" who="3" fromWho="0" sc="277,-23,357,0,334,0,32,23" /><INIT seed="3,0,0,1,0,52" ten="254,357,334,55" oya="3" hai0="47,77,4,48,75,20,74,40,113,2,8,11,119" hai1="64,12,85,60,43,41,95,90,7,67,76,32,83" hai2="78,18,115,130,33,124,6,58,108,92,129,135,120" hai3="5,34,71,26,57,1,114,121,123,22,102,99,69"/><W10/><G114/><T107/><D113/><U0/><E32/><V55/><F115/><W106/><G57/><T87/><D119/><U79/><E0/><V133/><F108/><W39/><G22/><T132/><D132/><N who="2" m="50762" /><F120/><W116/><G116/><T28/><D28/><U101/><E101/><V109/><F109/><W53/><G53/><T16/><D11/><N who="1" m="4223" /><E60/><N who="2" m="35935" /><F33/><W125/><G125/><T112/><D112/><U61/><E61/><V63/><F63/><W104/><G104/><T51/><D107/><U93/><E79/><V14/><F124/><W100/><G102/><T96/><D96/><N who="1" m="57399" /><E95/><V54/><F78/><W13/><G13/><T73/><D51/><U110/><E110/><V36/><F36/><W68/><REACH who="3" step="1"/><G39/><REACH who="3" ten="254,357,334,45" step="2"/><T70/><D70/><U91/><E76/><V94/><F54/><W44/><G44/><T9/><D9/><U117/><E117/><V23/><F6/><W35/><G35/><T19/><D75/><U27/><E27/><V89/><F92/><W42/><G42/><AGARI ba="0,1" hai="41,42,43,64,67,83,85,91" m="57399,4223" machi="42" ten="30,1000,0" yaku="8,1" doraHai="52" who="1" fromWho="3" sc="254,0,357,20,334,0,45,-10" owari="254,-15.0,377,48.0,334,13.0,35,-46.0" /></mjloggm>