<mjloggm ver="2.3"><GO type="97" lobby="0"/><UN n0="%E3%82%A6%E3%83%AB%E3%83%88%E3%83%A9%E7%AB%8B%E7%9B%B4" n1="%70%6F%6B%6F" n2="%6F%6F%73%68%69%62%61" n3="%E6%B2%B3%E5%8E%9F%E6%9E%97%E5%88%A9%E6%88%90" dan="15,13,13,14" rate="1957.60,1827.49,1934.45,1955.73" sx="M,M,M,M"/><TAIKYOKU oya="0"/><INIT seed="0,0,0,5,2,60" ten="250,250,250,250" oya="0" hai0="3,72,26,61,30,120,47,34,32,82,17,49,33" hai1="23,35,134,76,104,45,21,73,114,116,7,110,63" hai2="96,19,5,119,67,39,57,38,86,133,102,127,36" hai3="22,106,2,28,8,92,42,89,105,77,109,74,50"/><T108/><D120/><U46/><E116/><V6/><F119/><W20/><G109/><T25/><D82/><U70/><E35/><V9/><F127/><W85/><G22/><T129/><D72/><U80/><E104/><V111/><F111/><W126/><G126/><T15/><D108/><U59/><E110/><V66/><F133/><W53/><G42/><T123/><D3/><U101/><E134/><V40/><F40/><W37/><G37/><T121/><D61/><U132/><E70/><V31/><F31/><W51/><G51/><T115/><D115/><U100/><E132/><V112/><F112/><W52/><G53/><T43/><D129/><U27/><E7/><V58/><F86/><W130/><G130/><T94/><D94/><U125/><E125/><V88/><F19/><W29/><G29/><T68/><D68/><U87/><E73/><V103/><F9/><W14/><G2/><T79/><D79/><U84/><E87/><V95/><F103/><W107/><G74/><T118/><D118/><U131/><E131/><V71/><F71/><W90/><G77/><T128/><D128/><U12/><E101/><V0/><F102/><W11/><G90/><T55/><D43/><U44/><E100/><V83/><F83/><W75/><G75/><T99/><D99/><U41/><E41/><V62/><F0/><W10/><G28/><N who="0" m="19471" /><D34/><U93/><E93/><V18/><F18/><N who="3" m="10327" /><G107/><T13/><D17/><N who="1" m="10407" /><E114/><V48/><F48/><W78/><G78/><T113/><D113/><U135/><E135/><V24/><F24/><W1/><G1/><T69/><D69/><RYUUKYOKU ba="0,0" sc="250,10,250,-30,250,10,250,10" hai0="13,15,26,30,33,47,49,55,121,123" hai2="5,6,36,38,39,57,58,62,66,67,88,95,96" hai3="8,10,11,50,52,85,89,92,105,106" /><INIT seed="0,1,0,3,0,39" ten="260,220,260,260" oya="0" hai0="130,76,0,75,70,104,121,124,44,48,93,27,40" hai1="120,49,55,8,107,99,15,73,103,9,53,79,12" hai2="60,100,131,77,74,17,108,86,67,80,98,90,21" hai3="128,46,122,89,47,58,91,54,69,4,34,133,1"/><T22/><D104/><U125/><E120/><V41/><F108/><W51/><G122/><T119/><D121/><U13/><E125/><V106/><F131/><W61/><G34/><T14/><D0/><U127/><E127/><V105/><F41/><W101/><G101/><T71/><D124/><U24/><E24/><V52/><F17/><W94/><G128/><T102/><D130/><U78/><E73/><V32/><F21/><W16/><G133/><T23/><D119/><U109/><E109/><V85/><F32/><W7/><G1/><T96/><D14/><U65/><E65/><V38/><F38/><W26/><G69/><T56/><D23/><U126/><E126/><V2/><F2/><W129/><G129/><T66/><D76/><U97/><E99/><V111/><F111/><W135/><G135/><T95/><D95/><U112/><E112/><V57/><F106/><W123/><G123/><T35/><D75/><U50/><E107/><V110/><F110/><W6/><G47/><T28/><REACH who="0" step="1"/><D35/><REACH who="0" ten="250,220,260,260" step="2"/><U84/><E78/><V11/><F11/><W118/><G118/><T82/><D82/><U81/><E9/><V43/><F43/><N who="3" m="25055" /><G94/><T10/><D10/><U30/><E8/><V88/><F67/><W117/><G117/><T92/><D92/><U83/><E81/><V59/><F59/><W33/><G33/><T134/><D134/><U25/><E83/><V31/><F31/><W62/><G58/><T5/><D5/><U18/><E30/><V29/><F29/><W45/><G7/><T68/><D68/><U63/><E79/><V20/><F20/><RYUUKYOKU ba="1,1" sc="250,15,220,-15,260,15,260,-15" hai0="22,27,28,40,44,48,56,66,70,71,93,96,102" hai2="52,57,60,74,77,80,85,86,88,90,98,100,105" /><INIT seed="0,2,1,3,5,69" ten="265,205,275,245" oya="0" hai0="108,133,103,78,80,23,18,16,126,0,54,25,32" hai1="6,66,74,88,5,96,49,24,122,124,91,64,87" hai2="59,1,68,116,36,119,28,44,77,81,65,33,95" hai3="75,53,82,134,13,121,17,60,56,79,12,127,132"/><T37/><D0/><U123/><E122/><V4/><F68/><W9/><G121/><T61/><D32/><U73/><E123/><V7/><F95/><W27/><G27/><T20/><D103/><U70/><E70/><V118/><F1/><W135/><REACH who="3" step="1"/><G13/><REACH who="3" ten="265,205,275,235" step="2"/><T63/><D25/><U26/><E124/><AGARI ba="2,2" hai="9,12,17,53,56,60,75,79,82,124,127,132,134,135" machi="124" ten="50,8000,1" yaku="1,1,2,1,20,1,53,1" doraHai="69" doraHaiUra="51" who="3" fromWho="1" sc="265,0,205,-86,275,0,235,106" /><INIT seed="1,0,0,2,1,93" ten="265,119,275,341" oya="1" hai0="47,128,108,57,132,68,55,87,3,9,118,81,121" hai1="65,60,26,103,1,25,74,4,6,67,77,133,38" hai2="31,0,73,106,123,70,96,134,48,97,89,105,79" hai3="91,85,61,119,80,125,52,14,131,64,127,76,83"/><U54/><E38/><V29/><F70/><W36/><G36/><T95/><D68/><U40/><E133/><V122/><F0/><W18/><G119/><T33/><D33/><U21/><E1/><V82/><F48/><W44/><G131/><T32/><D32/><U28/><E40/><V100/><F31/><W49/><G76/><T58/><D118/><U98/><E74/><V107/><F29/><W45/><G45/><T99/><D128/><U104/><E77/><V111/><F134/><W8/><REACH who="3" step="1"/><G80/><REACH who="3" ten="265,119,275,331" step="2"/><T42/><D47/><U66/><E54/><V113/><F113/><W62/><G62/><T16/><D55/><U129/><E129/><V43/><F43/><W24/><G24/><T69/><D42/><U135/><E135/><V78/><F111/><W11/><G11/><T39/><D108/><U53/><E53/><V124/><F124/><W126/><G126/><T51/><D132/><U101/><E60/><V56/><F56/><AGARI ba="0,1" hai="8,14,18,44,49,52,56,61,64,83,85,91,125,127" machi="56" ten="40,8000,1" yaku="1,1,25,2,54,1,53,1" doraHai="93" doraHaiUra="15" who="3" fromWho="2" sc="265,0,119,0,275,-80,331,90" /><INIT seed="2,0,0,1,2,133" ten="265,119,195,421" oya="2" hai0="89,113,126,2,54,83,84,42,100,121,56,10,128" hai1="70,108,45,73,114,12,55,49,25,20,17,87,19" hai2="132,30,130,13,82,117,76,51,105,43,131,90,11" hai3="15,109,50,46,75,40,53,118,61,67,94,63,81"/><V41/><F105/><W79/><G118/><T103/><D113/><U116/><E70/><V134/><F117/><W72/><G109/><T78/><D121/><U18/><E73/><V39/><F30/><W80/><G94/><T24/><D128/><N who="2" m="49194" /><F90/><W9/><G53/><T5/><D42/><N who="2" m="15882" /><F39/><W14/><G67/><T86/><D24/><U8/><E108/><V129/><F51/><W52/><G40/><T28/><D28/><U66/><E116/><V62/><F62/><W119/><G119/><T0/><D0/><U71/><E114/><V107/><F107/><W22/><G22/><T29/><D29/><U98/><E66/><V88/><N who="2" m="49202" /><V33/><DORA hai="115" /><F33/><W120/><G120/><T23/><D23/><U4/><E71/><V92/><F76/><W32/><G32/><T104/><D104/><U64/><E64/><V91/><F82/><W1/><G1/><T21/><D100/><U26/><E98/><N who="2" m="57607" /><F91/><W59/><G79/><T96/><D103/><U95/><E95/><V35/><F35/><W69/><G50/><T6/><D96/><U101/><E101/><V60/><F60/><W77/><G63/><T123/><D123/><U47/><E87/><V48/><F48/><W110/><G61/><N who="0" m="35991" /><D86/><U97/><E97/><V36/><F36/><W135/><G75/><T31/><D89/><U38/><E38/><V68/><F68/><W112/><G69/><T124/><D84/><U85/><E85/><V99/><F99/><W122/><G72/><T34/><D83/><U93/><E93/><V27/><F27/><W111/><G81/><T57/><D78/><RYUUKYOKU ba="0,0" sc="265,-10,119,-10,195,30,421,-10" hai2="11,13,132,134" /><INIT seed="2,1,0,5,5,109" ten="255,109,225,411" oya="2" hai0="123,21,97,80,28,111,42,94,100,120,0,22,4" hai1="10,64,74,40,125,127,103,107,115,5,17,88,79" hai2="118,38,75,124,26,76,65,35,34,91,73,105,102" hai3="52,24,117,129,30,2,116,9,3,1,27,126,82"/><V128/><F38/><W20/><G52/><T50/><D111/><U47/><E64/><V95/><F118/><N who="3" m="45675" /><G82/><T131/><D131/><U51/><E107/><V132/><F132/><W49/><G49/><T133/><D133/><U77/><E103/><V48/><F128/><W114/><G114/><T98/><D28/><U71/><E71/><V113/><F113/><W119/><G119/><T60/><D60/><U92/><E115/><V81/><F124/><W16/><G129/><T23/><D80/><U25/><E74/><V39/><F39/><W19/><G126/><T54/><D42/><U6/><E125/><V57/><F57/><W29/><G9/><T96/><D94/><U130/><E130/><V55/><F65/><W72/><G72/><T12/><D100/><U33/><E127/><V101/><F101/><W58/><G58/><T108/><D108/><U121/><E121/><V89/><F105/><W90/><G90/><T36/><D36/><U31/><E17/><V7/><F7/><W99/><G99/><T8/><D123/><U43/><E6/><V104/><F104/><W37/><G37/><T122/><D120/><U135/><E43/><V87/><F73/><W110/><G110/><T78/><D122/><U61/><E61/><V18/><F18/><W68/><G68/><T112/><D112/><U84/><REACH who="1" step="1"/><E135/><REACH who="1" ten="255,99,225,411" step="2"/><V45/><F102/><W67/><G67/><T83/><D4/><U59/><E59/><V63/><F63/><W32/><AGARI ba="1,1" hai="1,2,3,16,19,20,24,27,29,30,32" m="45675" machi="32" ten="40,5200,0" yaku="34,2,54,1" doraHai="109" who="3" fromWho="3" sc="255,-14,99,-14,225,-27,411,65" /><INIT seed="3,0,0,5,4,23" ten="241,85,198,476" oya="3" hai0="34,28,67,6,1,80,112,29,59,27,117,71,70" hai1="9,108,5,91,118,30,14,24,65,11,16,92,17" hai2="134,125,13,54,20,90,123,45,31,111,64,97,66" hai3="104,86,122,94,58,102,88,41,37,7,3,76,61"/><W116/><G122/><T106/><D117/><U114/><E65/><V40/><F123/><W32/><G116/><T124/><D106/><U82/><E118/><V100/><F100/><W135/><G32/><T69/><D112/><U93/><E114/><V84/><F111/><W74/><G135/><T44/><D6/><U89/><E108/><V47/><F134/><W131/><G131/><T33/><D1/><U121/><E121/><V10/><F125/><W115/><G115/><T39/><D80/><U72/><E72/><V85/><F97/><N who="3" m="61519" /><G7/><T62/><D124/><U130/><E130/><V36/><F36/><W52/><G3/><T51/><D51/><U19/><E82/><V56/><F31/><W48/><G37/><T2/><D2/><U15/><E19/><V98/><F20/><W120/><G120/><T60/><D59/><U35/><E5/><V78/><F78/><W128/><G128/><T4/><D4/><U107/><E107/><V126/><F126/><W110/><G110/><T113/><D113/><U38/><REACH who="1" step="1"/><E38/><REACH who="1" ten="241,75,198,476" step="2"/><V101/><F40/><W26/><G26/><T46/><D39/><U18/><E18/><N who="2" m="8503" /><F101/><W63/><G41/><T132/><D132/><U49/><E49/><N who="2" m="30799" /><F98/><W109/><G109/><T75/><D75/><U73/><E73/><V57/><F84/><W0/><G0/><T87/><D87/><U22/><E22/><V105/><F105/><W95/><G95/><AGARI ba="0,1" hai="9,11,14,15,16,17,24,30,35,89,91,92,93,95" machi="95" ten="40,8000,1" yaku="1,1,9,1,52,1,54,1,53,0" doraHai="23" doraHaiUra="96" who="1" fromWho="3" sc="241,0,75,90,198,0,476,-80" owari="241,4.0,165,-33.0,198,-20.0,396,49.0" /></mjloggm>