<mjloggm ver="2.3"><GO type="97" lobby="0"/><UN n0="%E8%97%A4%E6%9C%A8%E7%9B%B4%E4%BA%BA%3F" n1="%E3%82%A6%E3%83%AB%E3%83%88%E3%83%A9%E7%AB%8B%E7%9B%B4" n2="%74%6F%6D%75%74%6F%6D%69" n3="%E3%82%AB%E3%83%9D%E3%83%8D%E5%9B%A3%E3%81%AE%E5%85%84%E8%B2%B4" dan="15,14,14,15" rate="1964.79,1873.07,1907.94,2048.18" sx="M,M,M,M"/><TAIKYOKU oya="0"/><INIT seed="0,0,0,4,4,27" ten="250,250,250,250" oya="0" hai0="64,29,108,13,122,40,107,113,85,48,112,133,34" hai1="43,25,94,87,33,36,86,131,17,54,18,75,14" hai2="20,5,97,80,125,69,6,90,63,67,103,88,66" hai3="56,92,21,49,134,93,95,60,45,55,31,128,30"/><T111/><D122/><U28/><E75/><V71/><F125/><W42/><G128/><T68/><D107/><U41/><E131/><V7/><F80/><W110/><G110/><N who="0" m="42027" /><D133/><U127/><E127/><V132/><F20/><W19/><G134/><T22/><D85/><U98/><E54/><V38/><F38/><W15/><AGARI ba="0,0" hai="15,19,21,30,31,42,45,49,55,56,60,92,93,95" machi="15" ten="30,7900,0" yaku="0,1,8,1,52,2" doraHai="27" who="3" fromWho="3" sc="250,-39,250,-20,250,-20,250,79" /><INIT seed="1,0,0,2,5,80" ten="211,230,230,329" oya="1" hai0="104,113,110,27,13,67,55,73,133,5,49,62,63" hai1="85,101,43,30,94,50,39,52,58,72,100,92,115" hai2="32,2,12,74,117,44,78,125,68,33,108,98,119" hai3="91,112,21,42,107,134,81,82,36,87,75,6,66"/><U105/><E72/><V97/><F108/><W15/><G107/><T124/><D113/><U64/><E115/><V20/><F125/><W93/><G112/><T77/><D110/><U89/><E105/><V1/><F68/><W121/><G121/><T88/><D124/><U90/><E64/><V48/><F74/><W51/><G36/><T61/><D133/><U11/><E30/><V37/><F37/><W130/><G130/><T84/><D104/><U118/><E118/><V17/><F119/><W69/><G69/><T10/><D27/><U38/><E11/><V23/><F117/><W122/><G66/><T83/><D67/><U109/><E109/><V114/><F114/><W41/><G122/><T57/><D73/><U25/><E25/><V47/><F78/><AGARI ba="0,0" hai="5,10,13,49,55,57,61,62,63,77,78,83,84,88" machi="78" ten="40,5200,0" yaku="8,1,52,1,54,1" doraHai="80" who="0" fromWho="2" sc="211,52,230,0,230,-52,329,0" /><INIT seed="2,0,0,3,3,57" ten="263,230,178,329" oya="2" hai0="115,48,35,126,52,118,70,93,88,113,37,16,7" hai1="66,19,12,55,21,134,129,114,85,34,11,38,3" hai2="4,9,67,28,63,0,124,77,1,131,91,95,56" hai3="22,121,14,100,72,41,79,102,23,107,59,86,46"/><V27/><F124/><W104/><G72/><T75/><D37/><U62/><E114/><V97/><F131/><W98/><G121/><T5/><D35/><U71/><E129/><V73/><F73/><W25/><G79/><T31/><D31/><U36/><E134/><V103/><F77/><W101/><G86/><N who="0" m="52375" /><D75/><U105/><E105/><V8/><F91/><W106/><G14/><T128/><D70/><U83/><E34/><V29/><REACH who="2" step="1"/><F27/><REACH who="2" ten="263,230,168,329" step="2"/><W10/><G25/><T40/><D126/><U92/><E83/><V17/><F17/><W112/><G101/><T119/><D128/><U44/><E19/><V110/><F110/><W69/><G100/><T13/><D113/><U87/><E85/><V2/><F2/><W30/><G102/><T127/><D115/><U130/><E3/><V111/><F111/><W89/><G89/><T39/><D127/><U49/><E130/><V65/><F65/><W53/><G112/><T132/><D132/><U33/><E87/><V58/><F58/><W78/><G59/><N who="0" m="33159" /><D119/><U74/><E74/><V120/><F120/><W99/><G69/><T18/><D18/><U133/><E133/><V125/><F125/><W116/><G116/><T61/><D118/><U82/><E71/><V76/><F76/><W42/><G78/><T43/><D16/><U54/><E82/><V15/><F15/><W94/><G98/><T32/><D13/><U81/><E12/><V68/><F68/><W20/><G99/><T122/><D122/><U50/><E81/><V51/><F51/><W6/><G104/><T123/><D123/><U26/><E26/><RYUUKYOKU ba="0,1" sc="263,-10,230,-10,168,30,329,-10" hai2="0,1,4,8,9,28,29,56,63,67,95,97,103" /><INIT seed="2,1,1,4,3,75" ten="253,220,198,319" oya="2" hai0="93,135,88,24,37,72,36,125,86,17,50,126,25" hai1="78,60,77,117,16,4,35,118,95,121,45,104,112" hai2="108,99,115,105,1,80,44,103,46,22,132,23,42" hai3="41,100,55,53,89,57,85,8,81,27,67,18,102"/><V114/><F1/><W106/><G41/><T56/><D135/><U39/><E104/><V34/><F34/><W131/><G131/><T123/><D123/><U7/><E35/><V43/><F132/><W61/><G106/><T31/><D72/><U32/><E32/><V134/><F134/><W130/><G130/><T15/><D50/><U133/><E133/><V124/><F124/><N who="0" m="47722" /><D56/><U73/><E73/><V97/><F80/><W122/><G122/><T76/><D76/><N who="1" m="29291" /><E112/><V49/><F108/><W111/><G111/><T14/><D14/><U40/><E39/><N who="0" m="14921" /><D31/><U21/><E117/><V0/><F0/><W59/><G67/><T107/><D107/><U69/><E69/><V74/><F74/><W66/><G66/><T26/><D26/><N who="1" m="14631" /><E118/><V68/><F68/><W30/><G30/><T96/><D96/><U3/><E3/><V64/><F64/><W10/><G27/><T119/><D119/><U20/><E121/><V6/><F115/><W5/><G5/><T82/><D82/><U83/><E60/><V71/><F6/><W128/><G128/><T48/><D48/><N who="1" m="26663" /><E83/><V65/><F114/><W79/><G61/><T87/><D87/><U101/><E20/><AGARI ba="1,1" hai="15,17,20,24,25,86,88,93" m="14921,47722" machi="20" ten="30,2000,0" yaku="18,1,54,1" doraHai="75" who="0" fromWho="1" sc="253,33,220,-23,198,0,319,0" /><INIT seed="3,0,0,5,1,90" ten="286,197,198,319" oya="3" hai0="4,56,126,9,129,71,52,46,57,8,35,114,125" hai1="3,62,33,93,131,5,105,48,120,99,132,42,95" hai2="81,30,47,54,77,117,69,85,0,13,24,86,50" hai3="133,124,115,128,36,122,16,89,27,44,61,58,127"/><W12/><G122/><T26/><D71/><U88/><E33/><V65/><F117/><W23/><G115/><T72/><D72/><U110/><E105/><V64/><F0/><W21/><G128/><T109/><D129/><U107/><E107/><V55/><F69/><W41/><G133/><T51/><D114/><U60/><E131/><V34/><F13/><W15/><G89/><T130/><D130/><U102/><E120/><V134/><F134/><W78/><G78/><T63/><D109/><U66/><E132/><V25/><F25/><W29/><G15/><T100/><D56/><N who="1" m="37127" /><E3/><V84/><REACH who="2" step="1"/><F54/><REACH who="2" ten="286,197,188,319" step="2"/><W106/><G124/><T76/><D52/><U74/><E110/><V31/><F31/><W101/><G127/><T108/><D26/><U75/><E75/><AGARI ba="0,1" hai="24,30,34,47,50,55,64,65,75,77,81,84,85,86" machi="75" ten="40,1300,0" yaku="1,1,53,0" doraHai="90" doraHaiUra="103" who="2" fromWho="1" sc="286,0,197,-13,188,23,319,0" owari="286,9.0,184,-32.0,211,-19.0,319,42.0" /></mjloggm>