<mjloggm ver="2.3"><GO type="97" lobby="0"/><UN n0="%E4%BA%80%E5%8F%82" n1="%E3%82%A6%E3%83%AB%E3%83%88%E3%83%A9%E7%AB%8B%E7%9B%B4" n2="%4E%6F%4E%65%69%6D%65" n3="%E6%96%97%E5%BC%A5" dan="14,15,14,13" rate="1905.76,2007.35,2010.60,1868.97" sx="M,M,M,M"/><TAIKYOKU oya="0"/><INIT seed="0,0,0,1,1,60" ten="250,250,250,250" oya="0" hai0="15,88,44,5,13,114,20,95,41,108,33,48,24" hai1="45,67,36,124,19,66,79,43,73,61,56,116,103" hai2="62,82,84,21,34,132,120,133,54,134,130,53,110" hai3="26,74,71,31,55,63,68,126,6,97,51,32,131"/><T128/><D114/><U109/><E116/><V38/><F38/><W11/><G74/><T102/><D128/><U25/><E124/><V18/><F110/><W35/><G131/><T64/><D108/><U37/><E109/><V14/><F130/><W111/><G111/><T92/><D33/><U112/><E112/><V87/><F34/><W115/><G115/><T121/><D121/><U94/><E79/><V80/><F120/><W59/><G126/><T104/><D104/><U76/><E76/><V96/><F96/><W16/><G32/><T101/><D92/><U46/><E73/><V47/><F47/><W113/><G113/><T117/><D117/><U4/><E4/><V98/><F98/><W39/><G39/><T42/><D42/><N who="1" m="22727" /><E19/><V86/><REACH who="2" step="1"/><F62/><REACH who="2" ten="250,250,240,250" step="2"/><W99/><G71/><T89/><D102/><U69/><E103/><V9/><F9/><W75/><G75/><T2/><D101/><U49/><E94/><V23/><F23/><W122/><G122/><T119/><D95/><U129/><E25/><V22/><F22/><W125/><G125/><T10/><D119/><U17/><E17/><V0/><F0/><W83/><G68/><T27/><D2/><U78/><E129/><V127/><F127/><W50/><G83/><AGARI ba="0,1" hai="14,18,21,53,54,80,82,83,84,86,87,132,133,134" machi="83" ten="50,3200,0" yaku="1,1,20,1,53,0" doraHai="60" doraHaiUra="90" who="2" fromWho="3" sc="250,0,250,0,240,42,250,-32" /><INIT seed="1,0,0,0,1,17" ten="250,250,282,218" oya="1" hai0="43,115,79,53,135,12,46,58,131,128,31,45,51" hai1="42,24,63,95,98,8,123,124,62,41,129,29,64" hai2="15,40,72,66,127,103,4,126,80,25,121,110,82" hai3="68,111,14,59,36,47,38,9,91,30,122,1,21"/><U101/><E123/><V92/><F121/><W16/><G122/><T120/><D115/><U0/><E124/><N who="2" m="47659" /><F72/><W130/><G68/><T117/><D117/><U2/><E129/><N who="0" m="49737" /><D120/><U44/><E63/><V23/><F110/><W116/><G130/><T113/><D113/><U52/><E8/><N who="2" m="4487" /><F40/><W99/><G116/><T10/><D31/><U97/><E97/><N who="2" m="59815" /><F66/><W104/><G111/><T108/><D108/><U90/><E90/><V50/><F50/><W134/><G134/><T70/><D70/><U34/><E42/><V60/><F60/><W74/><G74/><T118/><D118/><U13/><E13/><V3/><F3/><W85/><G59/><T67/><D135/><U89/><E89/><V93/><F93/><W37/><G47/><T11/><D11/><U49/><REACH who="1" step="1"/><E41/><REACH who="1" ten="250,240,282,218" step="2"/><V56/><F56/><AGARI ba="0,1" hai="0,2,24,29,34,44,49,52,56,62,64,95,98,101" machi="56" ten="30,18000,2" yaku="1,1,2,1,7,1,54,1,53,2" doraHai="17" doraHaiUra="35" who="1" fromWho="2" sc="250,0,240,190,282,-180,218,0" /><INIT seed="1,1,0,1,5,96" ten="250,430,102,218" oya="1" hai0="7,78,29,37,54,46,95,92,127,89,10,64,93" hai1="1,16,117,40,94,65,58,44,106,116,126,71,63" hai2="74,121,24,79,11,33,30,134,9,87,5,45,70" hai3="91,67,14,53,83,97,42,73,50,22,112,56,52"/><U8/><E106/><V0/><F70/><W124/><G112/><T51/><D127/><U18/><E126/><V104/><F87/><W20/><G124/><T25/><D78/><U32/><E32/><V119/><F121/><W100/><G67/><T86/><D64/><U81/><E71/><V59/><F59/><W31/><G73/><T77/><D77/><U48/><E94/><V128/><F119/><W47/><G83/><T66/><D66/><U17/><E81/><V27/><F128/><W90/><G42/><T6/><D37/><U122/><E122/><V82/><F134/><W107/><G22/><T118/><D118/><U28/><E28/><V80/><F82/><W68/><G68/><T15/><REACH who="0" step="1"/><D6/><REACH who="0" ten="240,430,102,218" step="2"/><U2/><E116/><V72/><F9/><W131/><G131/><T109/><D109/><U19/><E117/><V12/><F5/><W84/><G84/><T101/><D101/><U98/><E98/><V105/><F74/><W113/><G113/><T55/><D55/><U21/><E8/><V85/><F11/><W26/><G14/><T110/><D110/><U57/><E2/><V123/><F12/><W115/><G115/><T39/><D39/><U34/><E1/><V129/><F0/><W69/><G69/><T43/><D43/><U49/><E40/><V103/><F123/><W61/><AGARI ba="1,1" hai="20,26,31,47,50,52,53,56,61,90,91,97,100,107" machi="61" ten="20,5200,0" yaku="0,1,7,1,52,1,54,1" doraHai="96" who="3" fromWho="3" sc="240,-14,430,-27,102,-14,218,65" /><INIT seed="2,0,0,1,1,88" ten="226,403,88,283" oya="2" hai0="120,114,123,73,19,62,134,121,97,124,63,26,37" hai1="92,111,11,51,67,78,0,70,79,116,95,25,40" hai2="93,2,135,75,72,50,20,89,71,54,55,122,5" hai3="56,31,59,119,125,7,28,84,42,3,87,38,61"/><V15/><F71/><W16/><G119/><T9/><D37/><U33/><E116/><V8/><F122/><W10/><G125/><T27/><D73/><U6/><E67/><V45/><F135/><W104/><G104/><T101/><D134/><U41/><E70/><V30/><F55/><W112/><G112/><T86/><D86/><U13/><E0/><V46/><F45/><W12/><G38/><T52/><D114/><U132/><E132/><V102/><F102/><W44/><G42/><T115/><D115/><U118/><E33/><V82/><F82/><W130/><G130/><T99/><D124/><U32/><E32/><V34/><F34/><W47/><G59/><T66/><D66/><U127/><E127/><V81/><F81/><W53/><G31/><T60/><D101/><U1/><E41/><V83/><F83/><W133/><G133/><T17/><D52/><U126/><E126/><V77/><F77/><W91/><G28/><T64/><D64/><U74/><E79/><V23/><F20/><W43/><G43/><T96/><REACH who="0" step="1"/><D9/><REACH who="0" ten="216,403,88,283" step="2"/><U29/><E11/><V14/><F2/><W21/><REACH who="3" step="1"/><G87/><REACH who="3" ten="216,403,88,273" step="2"/><T65/><D65/><U49/><E40/><V100/><F100/><W128/><G128/><T68/><D68/><U76/><E74/><V90/><F89/><W98/><G98/><T108/><D108/><U18/><E111/><V35/><F35/><W24/><G24/><AGARI ba="0,2" hai="17,19,24,26,27,60,62,63,96,97,99,120,121,123" machi="24" ten="50,12000,2" yaku="1,1,29,2,28,2,26,2,53,0" doraHai="88" doraHaiUra="105" who="0" fromWho="3" sc="216,140,403,0,88,0,273,-120" /><INIT seed="3,0,0,2,5,23" ten="356,403,88,153" oya="3" hai0="127,106,44,9,112,63,79,41,97,129,51,18,100" hai1="125,36,57,62,84,27,16,37,98,2,20,118,19" hai2="13,94,67,104,38,124,96,66,3,128,29,102,81" hai3="64,83,93,126,11,55,52,111,116,50,26,48,74"/><W30/><G116/><T109/><D112/><U91/><E2/><V69/><F3/><W119/><G119/><T70/><D129/><U68/><E68/><V80/><F124/><W88/><G126/><T24/><D127/><U10/><E125/><V49/><F128/><W25/><G111/><T73/><D109/><U87/><E118/><V71/><F38/><W82/><G64/><T61/><D70/><U101/><E87/><V90/><F49/><N who="3" m="19051" /><G11/><T85/><D73/><U32/><E32/><V6/><F13/><W95/><G74/><T113/><D113/><U58/><E58/><V15/><F6/><W105/><G105/><T120/><D120/><U42/><E42/><V54/><F15/><W99/><G30/><T134/><D134/><U65/><E10/><V0/><F54/><N who="3" m="20523" /><G95/><T92/><D106/><U35/><E35/><V72/><F0/><W78/><G78/><T40/><D40/><U4/><E4/><V8/><F8/><W60/><G60/><T77/><D9/><U108/><E108/><V46/><F46/><W33/><G33/><T53/><D85/><U45/><E45/><V12/><F12/><W1/><G1/><T7/><D7/><U89/><E19/><V28/><F72/><W135/><G135/><T86/><D86/><U131/><E131/><V22/><F71/><W47/><G47/><T115/><D115/><U110/><E110/><V34/><F34/><W123/><G123/><T21/><D41/><U17/><E84/><N who="2" m="52551" /><F69/><W59/><G59/><T103/><D103/><U75/><E75/><V5/><F29/><W107/><G107/><RYUUKYOKU ba="0,0" sc="356,15,403,-15,88,-15,153,15" hai0="18,21,24,44,51,53,61,63,77,79,92,97,100" hai3="25,26,82,83,88,93,99" /><INIT seed="3,1,0,2,0,67" ten="371,388,73,168" oya="3" hai0="111,116,74,48,22,32,78,70,0,10,56,99,11" hai1="112,103,105,84,104,17,89,4,131,132,135,65,62" hai2="25,47,54,92,106,88,75,12,36,26,44,45,20" hai3="71,18,133,42,76,9,83,80,128,2,46,21,6"/><W28/><G71/><T100/><D116/><U40/><E112/><V96/><F106/><W117/><G117/><T126/><D32/><U31/><E103/><V30/><F75/><W38/><G133/><N who="1" m="51274" /><E131/><V39/><F12/><W118/><G118/><T93/><D126/><U123/><E123/><V43/><F39/><W72/><G83/><T79/><D70/><N who="1" m="42295" /><E31/><V90/><F54/><W109/><G28/><T41/><D111/><U86/><E4/><V69/><F69/><W120/><G120/><T19/><D0/><U16/><E40/><V94/><REACH who="2" step="1"/><F26/><REACH who="2" ten="371,388,63,168" step="2"/><N who="3" m="14647" /><G128/><T108/><D108/><AGARI ba="1,1" hai="2,6,9,38,42,46,72,76,80,108,109" m="14647" machi="108" ten="30,1500,0" yaku="25,1" doraHai="67" who="3" fromWho="0" sc="371,-18,388,0,63,0,168,28" /><INIT seed="3,2,0,4,1,2" ten="353,388,63,196" oya="3" hai0="44,78,13,50,111,42,20,88,98,28,86,29,43" hai1="104,35,32,73,97,109,47,124,0,33,58,72,14" hai2="82,108,74,65,122,26,4,37,5,51,49,38,41" hai3="67,118,27,6,15,116,36,131,95,10,112,48,45"/><W40/><G112/><T75/><D75/><N who="1" m="28747" /><E58/><V81/><F26/><W132/><G132/><T87/><D111/><U77/><E77/><V21/><F21/><W110/><G110/><T99/><D42/><U1/><E14/><V9/><F108/><W19/><G131/><T55/><D43/><U93/><E93/><V31/><F41/><W119/><G67/><T59/><D44/><U71/><E47/><V12/><F65/><W92/><G36/><T64/><D64/><U90/><E90/><V53/><F74/><W96/><G27/><T79/><D86/><U134/><E109/><V113/><F31/><N who="0" m="11850" /><D78/><U126/><E71/><V57/><F122/><W56/><G56/><T39/><D39/><U16/><E16/><V127/><F127/><N who="1" m="48681" /><E134/><V18/><F113/><W11/><REACH who="3" step="1"/><G96/><REACH who="3" ten="353,388,63,186" step="2"/><T69/><D69/><U103/><AGARI ba="2,1" hai="0,1,32,33,35,97,103,104" m="48681,28747" machi="103" ten="40,2700,0" yaku="18,1,23,1" doraHai="2" who="1" fromWho="1" sc="353,-9,388,43,63,-9,186,-15" owari="344,14.0,431,54.0,54,-45.0,171,-23.0" /></mjloggm>