<mjloggm ver="2.3"><GO type="97" lobby="0"/><UN n0="%E6%88%B8%E6%84%9A%E5%91%82%E3%83%BB%E5%A7%89" n1="%E5%B2%A9%E5%80%89%E4%BA%BA" n2="%48%69%2D%6B%6F%7A%79" n3="%E3%82%A6%E3%83%AB%E3%83%88%E3%83%A9%E7%AB%8B%E7%9B%B4" dan="15,15,14,15" rate="1958.21,1990.69,1998.65,1998.70" sx="M,M,M,M"/><TAIKYOKU oya="0"/><INIT seed="0,0,0,4,1,115" ten="250,250,250,250" oya="0" hai0="91,77,41,35,54,13,98,75,83,37,30,68,124" hai1="24,47,12,126,120,89,29,103,123,59,95,46,134" hai2="104,53,63,129,99,18,112,2,17,133,84,118,51" hai3="21,79,16,22,69,93,101,6,130,26,9,100,66"/><T61/><D124/><U20/><E126/><V127/><F112/><W10/><G130/><T90/><D13/><U128/><E128/><V131/><F127/><W72/><G79/><T4/><D54/><U119/><E134/><V92/><F133/><W3/><G72/><T70/><D90/><U67/><E103/><V96/><F2/><W15/><G93/><T110/><D91/><U19/><E123/><V81/><F104/><W36/><G36/><T76/><D76/><U82/><E82/><V28/><F28/><W116/><G116/><T0/><D110/><U105/><E105/><V114/><F114/><W45/><G45/><N who="0" m="23727" /><D98/><U1/><E1/><V135/><F135/><W64/><G22/><T56/><D56/><U5/><E5/><V55/><F118/><W32/><G32/><T108/><D61/><N who="1" m="38335" /><E119/><V25/><F63/><W8/><G8/><N who="0" m="2055" /><D108/><U34/><E34/><V102/><F99/><W87/><G87/><T11/><D11/><N who="1" m="6559" /><E120/><V52/><F131/><W48/><G69/><T111/><D111/><U85/><AGARI ba="0,0" hai="20,24,29,46,47,85,89,95" m="6559,38335" machi="85" ten="30,1100,0" yaku="8,1" doraHai="115" who="1" fromWho="1" sc="250,-5,250,11,250,-3,250,-3" /><INIT seed="1,0,0,3,3,117" ten="245,261,247,247" oya="1" hai0="104,7,52,0,93,85,21,61,108,113,26,34,25" hai1="47,63,64,122,111,115,98,10,40,114,4,106,27" hai2="60,82,125,51,12,103,87,39,42,44,14,110,121" hai3="109,50,99,16,20,96,36,102,131,32,38,97,53"/><U1/><E122/><V19/><F110/><W123/><G32/><T76/><D104/><U94/><E111/><V128/><F125/><W72/><G72/><T5/><D108/><U84/><E84/><V17/><F128/><W135/><G131/><T48/><D113/><U90/><E27/><V15/><F121/><W75/><G75/><T78/><D61/><U6/><E6/><N who="0" m="2057" /><D34/><U54/><E54/><V118/><F118/><W56/><G123/><T67/><D67/><U120/><E120/><V92/><F60/><W11/><G109/><T83/><D0/><U18/><E18/><V77/><F39/><W101/><G11/><T70/><D70/><U86/><E86/><V43/><F43/><W9/><G9/><T79/><D93/><U28/><E28/><V130/><F130/><W126/><G126/><T100/><D100/><U58/><REACH who="1" step="1"/><E106/><REACH who="1" ten="245,251,247,247" step="2"/><V66/><F66/><W55/><G55/><T127/><D127/><U91/><E91/><V81/><F81/><W73/><G73/><T71/><D26/><U2/><E2/><V124/><F124/><W33/><G53/><T68/><D78/><U13/><E13/><V119/><F119/><W29/><G29/><N who="0" m="17583" /><D76/><U65/><E65/><V116/><F116/><W105/><G105/><T22/><D22/><U95/><E95/><V74/><F74/><W129/><G20/><T132/><D132/><U88/><E88/><V133/><F133/><W134/><G135/><T62/><D79/><U89/><E89/><V80/><F80/><W35/><G134/><T31/><D83/><U3/><E3/><V24/><F24/><RYUUKYOKU ba="0,1" sc="245,-15,251,15,247,15,247,-15" hai1="1,4,10,40,47,58,63,64,90,94,98,114,115" hai2="12,14,15,17,19,42,44,51,77,82,87,92,103" /><INIT seed="1,1,1,0,3,70" ten="230,266,262,232" oya="1" hai0="99,103,95,87,74,17,25,91,21,26,11,33,109" hai1="71,46,52,38,134,54,82,12,24,131,57,36,126" hai2="128,42,102,106,132,65,7,32,35,63,2,30,104" hai3="135,118,34,86,64,100,45,9,27,10,115,67,23"/><U49/><E82/><V29/><F132/><W69/><G34/><T111/><D74/><U1/><E1/><V96/><F128/><W61/><G135/><T121/><D121/><U66/><E12/><V73/><F106/><W20/><G115/><T123/><D123/><U90/><E90/><V75/><F42/><W80/><G118/><T55/><D11/><U77/><E24/><N who="2" m="18471" /><F30/><W127/><G127/><T0/><D0/><U16/><E16/><V130/><F130/><W5/><G100/><T117/><D117/><U8/><E8/><N who="2" m="2167" /><F35/><W133/><G133/><T76/><D76/><U56/><E77/><V85/><F85/><W51/><G67/><T41/><D41/><U19/><E19/><V94/><F94/><W114/><G114/><T78/><D78/><U89/><E89/><V39/><F39/><N who="1" m="14889" /><E134/><V97/><F97/><W13/><G9/><T22/><D55/><N who="1" m="21035" /><E131/><V129/><F129/><W108/><G27/><T53/><D53/><N who="1" m="29879" /><E126/><V31/><F31/><W28/><G28/><T93/><D33/><U119/><E119/><V3/><F3/><W98/><G20/><N who="0" m="7787" /><D17/><U40/><E40/><V58/><F75/><W47/><G23/><T88/><D103/><U105/><E105/><V60/><F73/><W107/><G107/><T125/><D125/><U112/><E112/><V15/><F15/><W120/><G13/><T110/><AGARI ba="1,1" hai="25,26,87,88,91,93,95,99,109,110,111" m="7787" machi="110" ten="40,2700,0" yaku="14,1,54,1" doraHai="70" who="0" fromWho="0" sc="230,40,266,-14,262,-8,232,-8" /><INIT seed="2,0,0,3,3,103" ten="270,252,254,224" oya="2" hai0="25,39,134,48,66,90,77,45,29,117,61,1,85" hai1="26,95,104,65,0,12,55,2,99,72,125,121,21" hai2="113,7,120,74,88,57,105,6,106,135,28,111,22" hai3="56,84,10,32,92,23,63,132,102,16,100,50,9"/><V122/><F113/><W42/><G32/><T129/><D39/><U35/><E72/><V19/><F74/><W124/><G132/><T131/><D1/><U58/><E125/><V11/><F28/><W27/><G124/><T93/><D134/><U97/><E121/><V123/><F135/><W109/><G109/><T54/><D117/><U49/><E65/><V14/><F7/><W80/><G50/><T18/><D18/><U60/><E49/><V40/><F40/><W30/><G42/><T128/><D77/><U108/><E108/><V69/><F69/><W73/><G73/><T91/><D90/><N who="1" m="55543" /><E12/><V44/><F44/><W133/><G133/><T51/><D51/><U78/><E78/><V86/><F57/><W43/><G43/><T115/><D115/><U79/><E79/><V126/><F126/><W15/><G10/><T47/><D47/><U38/><E35/><V37/><F37/><W75/><G75/><T98/><D85/><U68/><E68/><V116/><F116/><W67/><G92/><T81/><D81/><U53/><E53/><V96/><F96/><W8/><G8/><T114/><D114/><U82/><E82/><V110/><F110/><W71/><G71/><N who="0" m="42447" /><D25/><U3/><E38/><V101/><F101/><W59/><G59/><T70/><D70/><U4/><E4/><V130/><F130/><W36/><G36/><T62/><D62/><U107/><E99/><V24/><F111/><W127/><G127/><T20/><D29/><U17/><AGARI ba="0,0" hai="0,2,3,17,21,26,55,58,60,104,107" m="55543" machi="17" ten="30,4000,0" yaku="25,1,52,2" doraHai="103" who="1" fromWho="1" sc="270,-10,252,40,254,-20,224,-10" /><INIT seed="3,0,0,1,3,101" ten="260,292,234,214" oya="3" hai0="17,63,75,91,47,33,100,90,134,38,87,78,8" hai1="28,115,77,37,48,60,66,113,3,44,14,46,93" hai2="42,97,18,25,61,122,81,9,129,51,112,73,2" hai3="94,4,82,107,1,72,96,55,21,49,5,24,7"/><W130/><G130/><T40/><D33/><U29/><E3/><V31/><F112/><W13/><G1/><T74/><D134/><U41/><E113/><V110/><F110/><W32/><G32/><T95/><D100/><U132/><E115/><V116/><F116/><W69/><G69/><T80/><D63/><U106/><E106/><V43/><F129/><W6/><N who="3" m="1024" /><DORA hai="36" /><W79/><G13/><T34/><D34/><U105/><E105/><V50/><F2/><W88/><G107/><T102/><D102/><U59/><E132/><V27/><F122/><W0/><G0/><T111/><D111/><U26/><E14/><N who="2" m="7503" /><F73/><W133/><G133/><T76/><D8/><U117/><E117/><V68/><F68/><W16/><G49/><N who="2" m="18441" /><F61/><W45/><REACH who="3" step="1"/><G55/><REACH who="3" ten="260,292,234,204" step="2"/><T10/><D38/><U84/><E37/><V98/><F31/><W15/><G15/><T128/><D128/><U58/><E28/><V57/><F57/><W30/><G30/><T70/><D70/><U62/><E29/><V83/><F27/><W114/><G114/><T71/><D71/><U64/><E26/><V108/><F25/><W67/><G67/><T124/><D17/><U119/><E119/><V135/><F135/><W92/><G92/><T20/><D95/><U121/><E93/><V126/><F108/><W86/><G86/><T65/><D87/><U120/><E46/><AGARI ba="0,1" hai="16,21,24,45,46,72,79,82,88,94,96" m="1024" machi="46" ten="50,12000,1" yaku="1,1,54,2,53,1" doraHai="101,36" doraHaiUra="103,23" who="3" fromWho="1" sc="260,0,292,-120,234,0,204,130" owari="260,6.0,172,-33.0,234,-17.0,334,44.0" /></mjloggm>