<mjloggm ver="2.3"><GO type="97" lobby="0"/><UN n0="%E3%81%AD%E3%82%80%E3%82%8A%E3%82%93" n1="%E3%82%B7%E3%83%AD%E3%82%AF%E3%83%AD" n2="%E5%9C%9F%E6%B5%A6%E5%BD%A9%E8%8F%9C" n3="%E3%82%A6%E3%83%AB%E3%83%88%E3%83%A9%E7%AB%8B%E7%9B%B4" dan="14,15,14,15" rate="1916.46,2005.82,1909.82,1921.51" sx="F,M,F,M"/><TAIKYOKU oya="0"/><INIT seed="0,0,0,4,5,95" ten="250,250,250,250" oya="0" hai0="23,105,34,126,8,56,118,28,13,53,24,115,130" hai1="21,94,97,83,122,96,84,4,112,47,104,32,129" hai2="90,58,65,99,91,57,35,54,76,123,60,29,86" hai3="50,72,5,12,125,78,77,61,11,66,43,71,133"/><T87/><D118/><U26/><E32/><V0/><F123/><W48/><G72/><T62/><D105/><U75/><E122/><V31/><F0/><W89/><G125/><T124/><D115/><U131/><E104/><V132/><F132/><W25/><G133/><T67/><D130/><N who="1" m="49675" /><E75/><V127/><F127/><N who="0" m="48682" /><D87/><U128/><E4/><V64/><F76/><W88/><G78/><T80/><D80/><U68/><E68/><V98/><F35/><W1/><G77/><T9/><D34/><U100/><E112/><V46/><F46/><W2/><G25/><T102/><D102/><U42/><E94/><N who="2" m="54615" /><F91/><W55/><G2/><T107/><D107/><U114/><E100/><V79/><F79/><W3/><G3/><T109/><D109/><U10/><E10/><N who="0" m="4201" /><D13/><U17/><E114/><V69/><F69/><W121/><G1/><T108/><D108/><U49/><N who="1" m="49683" /><U70/><DORA hai="7" /><E70/><V44/><F44/><W92/><G121/><T117/><D117/><U6/><E6/><V16/><F16/><W41/><G71/><T27/><D27/><U81/><E84/><V73/><F73/><W113/><G5/><T33/><D33/><U39/><E83/><V45/><F45/><W30/><G113/><T103/><D103/><U134/><E81/><V120/><F120/><W135/><G135/><T52/><AGARI ba="0,0" hai="23,24,28,52,53,56,62,67" m="4201,48682" machi="52" ten="30,12000,1" yaku="18,1,52,3,54,1" doraHai="95,7" who="0" fromWho="0" sc="250,120,250,-40,250,-40,250,-40" /><INIT seed="0,1,0,5,2,82" ten="370,210,210,210" oya="0" hai0="37,66,3,123,85,47,102,17,61,7,74,0,49" hai1="122,15,25,18,6,34,54,45,75,69,134,33,110" hai2="81,104,41,42,114,43,35,105,117,55,95,70,65" hai3="59,87,5,9,89,113,124,100,97,2,101,119,94"/><T106/><D74/><U40/><E69/><V83/><F114/><W29/><G124/><T93/><D123/><U135/><E75/><V57/><F117/><W19/><G113/><T133/><D133/><N who="1" m="50699" /><E122/><V130/><F130/><W127/><G119/><T14/><D37/><U50/><E110/><V125/><F125/><W24/><G127/><T10/><D106/><U48/><E6/><V111/><F111/><W109/><G109/><T1/><D102/><U121/><E25/><V99/><F35/><W16/><G59/><T78/><D17/><U46/><E121/><V92/><F104/><W60/><G60/><T26/><D26/><U103/><E103/><V21/><F105/><W76/><G76/><T79/><D79/><U44/><E44/><V30/><F65/><W73/><G73/><T98/><D98/><U64/><E64/><V128/><F70/><W67/><G67/><T32/><D32/><U56/><E46/><V131/><F131/><W91/><G100/><T120/><D120/><U86/><E86/><V8/><F128/><W71/><G71/><T12/><D12/><U84/><E84/><V11/><F83/><W80/><REACH who="3" step="1"/><G101/><REACH who="3" ten="370,210,210,200" step="2"/><T108/><D108/><U53/><E40/><V23/><F57/><W77/><G77/><T39/><D78/><U96/><E56/><V58/><F58/><W132/><G132/><T38/><D66/><U62/><E62/><V27/><F42/><W107/><G107/><T22/><D61/><U36/><E45/><V13/><F41/><W51/><G51/><T88/><D22/><AGARI ba="1,1" hai="2,5,9,16,19,22,24,29,80,87,89,91,94,97" machi="22" ten="30,7700,0" yaku="1,1,7,1,52,1,54,1,53,0" doraHai="82" doraHaiUra="116" who="3" fromWho="0" sc="370,-80,210,0,210,0,200,90" /><INIT seed="1,0,0,3,2,43" ten="290,210,210,290" oya="1" hai0="57,38,25,0,63,103,10,46,75,121,112,109,96" hai1="8,31,9,90,98,89,133,35,105,85,87,26,92" hai2="70,7,61,86,100,42,116,14,106,32,125,110,135" hai3="113,60,124,24,118,134,71,126,77,62,22,128,66"/><U29/><E133/><V65/><F116/><W132/><G77/><T91/><D112/><U107/><E98/><V13/><F135/><N who="3" m="51755" /><G113/><T94/><D75/><U123/><E123/><V11/><F110/><W17/><G118/><T129/><D129/><U34/><E92/><V78/><F125/><N who="3" m="48235" /><G62/><T120/><D109/><U45/><E26/><V130/><F130/><AGARI ba="0,0" hai="17,22,24,60,66,71,128,130" m="48235,51755" machi="130" ten="40,8000,1" yaku="30,2,20,1,18,1" doraHai="43" who="3" fromWho="2" sc="290,0,210,0,210,-80,290,80" /><INIT seed="2,0,0,0,5,116" ten="290,210,130,370" oya="2" hai0="62,2,89,65,46,83,27,4,131,23,13,49,84" hai1="114,18,39,132,9,76,30,56,129,115,122,16,109" hai2="33,100,93,105,41,66,74,69,34,133,86,58,104" hai3="22,103,118,70,88,7,50,14,36,87,113,26,3"/><V67/><F133/><W110/><G36/><T77/><D2/><U135/><E39/><V21/><F74/><W99/><G70/><T102/><D102/><U25/><E76/><V111/><F111/><W20/><G3/><T15/><D131/><U127/><E56/><V54/><F69/><W96/><G118/><T11/><D15/><N who="1" m="7279" /><E109/><V81/><F41/><W42/><G110/><T10/><D10/><U5/><E5/><V1/><F1/><W57/><G99/><T59/><D89/><U90/><E90/><V97/><F21/><W51/><G51/><T6/><D6/><U80/><E80/><V32/><F105/><W8/><G113/><N who="1" m="43018" /><E129/><V112/><F104/><W68/><G68/><T94/><D94/><U117/><E117/><V45/><F45/><N who="3" m="25911" /><G57/><T38/><D38/><U106/><E106/><V126/><F126/><W63/><G63/><T108/><D108/><U72/><E72/><V73/><F73/><W60/><G60/><T121/><D121/><U47/><E47/><V75/><F75/><W71/><G103/><T64/><D64/><U61/><E61/><V124/><F124/><W85/><G96/><T12/><D12/><U28/><E127/><V119/><F119/><W125/><G87/><T43/><D23/><N who="1" m="13559" /><E122/><V52/><F112/><W0/><G85/><T130/><D130/><U95/><E95/><V134/><F134/><AGARI ba="0,0" hai="28,30,132,134,135" m="13559,43018,7279" machi="134" ten="30,7700,0" yaku="20,1,34,2,54,1" doraHai="116" who="1" fromWho="2" sc="290,0,210,77,130,-77,370,0" /><INIT seed="3,0,0,4,3,14" ten="290,287,53,370" oya="3" hai0="92,69,55,72,20,123,4,116,135,74,103,17,27" hai1="45,93,76,21,32,118,107,111,36,78,31,16,80" hai2="56,33,2,109,41,51,132,8,39,37,90,67,70" hai3="100,57,77,84,58,71,28,113,38,54,15,89,82"/><W91/><G71/><T86/><D116/><U18/><E107/><V50/><F90/><W34/><G28/><T30/><D69/><U40/><E118/><V108/><F8/><W81/><G34/><T59/><D123/><U79/><E111/><V24/><F24/><W43/><G43/><T117/><D117/><U3/><E3/><V6/><F6/><W49/><G38/><T88/><D135/><U5/><E5/><V9/><F9/><W133/><G133/><T130/><D130/><U42/><E42/><V73/><F33/><W94/><G100/><T129/><D129/><U126/><E126/><V47/><F73/><W106/><G106/><T11/><D103/><U124/><E124/><V63/><F2/><W25/><G25/><T97/><D30/><U61/><E61/><V13/><F13/><W0/><G0/><T60/><REACH who="0" step="1"/><D86/><REACH who="0" ten="280,287,53,370" step="2"/><U101/><E80/><V104/><F104/><W102/><G84/><T75/><D75/><U87/><E32/><V131/><F131/><W110/><G82/><T26/><D26/><N who="1" m="16847" /><E36/><V65/><F132/><W127/><G81/><T128/><D128/><U96/><E87/><V68/><F39/><W48/><G127/><T98/><D98/><U120/><E120/><V85/><F85/><W19/><G102/><T125/><D125/><U64/><E64/><V114/><F114/><W10/><G89/><T52/><D52/><U22/><E22/><V53/><REACH who="2" step="1"/><F37/><REACH who="2" ten="280,287,43,370" step="2"/><W134/><G91/><T46/><D46/><U44/><E45/><V66/><F66/><W7/><G134/><T115/><D115/><U119/><E119/><RYUUKYOKU ba="0,2" sc="280,10,287,10,43,10,370,-30" hai0="4,11,17,20,27,55,59,60,72,74,88,92,97" hai1="16,18,40,44,76,78,79,93,96,101" hai2="41,47,50,51,53,56,63,65,67,68,70,108,109" owari="290,-11.0,297,10.0,53,-45.0,360,46.0" /></mjloggm>