<mjloggm ver="2.3"><GO type="97" lobby="0"/><UN n0="%E6%9D%BE%E5%B3%B6" n1="%E7%A9%BA%E7%AC%91%E8%AD%A6%E5%A0%B1" n2="%E3%82%AD%E3%83%B3%E3%82%BF%E3%83%9E%E4%B9%B1%E5%A4%AA%E9%83%8E" n3="%E3%82%A6%E3%83%AB%E3%83%88%E3%83%A9%E7%AB%8B%E7%9B%B4" dan="14,13,14,14" rate="2119.42,1867.17,1941.57,1922.88" sx="M,F,M,M"/><TAIKYOKU oya="0"/><INIT seed="0,0,0,3,4,56" ten="250,250,250,250" oya="0" hai0="30,70,100,39,20,77,107,28,35,95,31,113,98" hai1="110,117,7,88,27,2,50,116,109,62,125,127,13" hai2="11,63,12,34,33,51,73,61,99,87,6,78,37" hai3="103,89,104,114,120,5,131,42,93,76,1,43,75"/><T79/><D113/><U49/><E2/><V81/><F37/><W122/><G114/><T46/><D70/><U97/><E27/><V59/><F73/><W105/><G5/><T118/><D118/><U129/><E13/><V9/><F99/><W80/><G1/><T106/><D35/><U112/><E7/><V90/><F78/><W8/><G8/><T26/><D106/><U132/><E112/><V119/><F119/><N who="1" m="45641" /><E132/><V21/><F21/><W29/><G29/><N who="0" m="17607" /><D107/><U115/><E115/><V91/><F91/><W24/><G24/><T41/><D39/><U94/><E129/><V40/><F11/><W72/><G105/><T102/><D102/><U23/><E62/><V86/><F86/><N who="3" m="52407" /><G75/><T85/><D85/><U3/><E23/><V65/><REACH who="2" step="1"/><F61/><REACH who="2" ten="250,250,240,250" step="2"/><W32/><G32/><T123/><D123/><U25/><E25/><V133/><F133/><W54/><G122/><T92/><D77/><U83/><E83/><V108/><F108/><N who="1" m="41577" /><E3/><V71/><F71/><W69/><G69/><T128/><D128/><U134/><E134/><V57/><F57/><W66/><G131/><T38/><D79/><U130/><E130/><V16/><F16/><W67/><G120/><T96/><D31/><U15/><E15/><V55/><F55/><W126/><G54/><T45/><D45/><AGARI ba="0,1" hai="6,9,12,33,34,40,45,51,59,63,65,81,87,90" machi="45" ten="40,2600,0" yaku="1,1,52,1,53,0" doraHai="56" doraHaiUra="64" who="2" fromWho="0" sc="250,-26,250,0,240,36,250,0" /><INIT seed="1,0,0,3,3,75" ten="224,250,276,250" oya="1" hai0="2,30,48,18,79,49,28,93,19,66,117,74,106" hai1="11,128,113,126,55,131,17,132,101,31,10,111,59" hai2="77,83,135,9,99,134,54,97,68,44,0,57,32" hai3="61,42,4,110,109,94,88,108,38,119,33,1,23"/><U123/><E123/><V12/><F68/><W41/><G33/><T70/><D70/><U50/><E113/><V112/><F32/><W121/><G121/><T125/><D2/><U107/><E31/><N who="0" m="11817" /><D106/><U72/><E72/><N who="2" m="43431" /><F44/><W51/><G38/><T5/><D74/><U40/><E111/><V60/><F112/><W78/><G119/><T133/><D117/><U62/><E132/><N who="2" m="50731" /><F0/><W92/><G92/><T6/><D125/><U100/><E126/><V35/><F35/><W69/><G23/><T129/><D66/><N who="1" m="39263" /><E107/><V45/><F45/><W91/><G42/><T73/><D93/><U53/><E53/><V20/><F20/><W87/><G94/><T84/><D73/><U81/><E81/><V89/><F89/><N who="3" m="34379" /><G1/><T96/><D96/><U39/><E40/><V104/><F104/><W36/><G36/><T103/><D103/><N who="1" m="39499" /><E39/><V122/><F122/><W86/><G69/><T25/><D133/><U85/><E85/><V22/><F22/><W76/><G87/><T16/><D84/><U3/><E17/><AGARI ba="0,0" hai="9,12,17,54,57,60,97,99" m="50731,43431" machi="17" ten="30,2000,0" yaku="20,1,52,1" doraHai="75" who="2" fromWho="1" sc="224,0,250,-20,276,20,250,0" /><INIT seed="2,0,0,1,4,115" ten="224,230,296,250" oya="2" hai0="68,5,75,73,119,105,71,11,60,106,120,110,89" hai1="81,82,6,39,111,25,1,61,55,9,10,103,19" hai2="96,80,116,17,114,52,117,16,112,84,46,118,53" hai3="57,90,104,59,127,134,72,79,63,62,36,86,83"/><V70/><F70/><N who="0" m="26666" /><D89/><U67/><E39/><V121/><F121/><W101/><G36/><T94/><D94/><U122/><E122/><V41/><F96/><W21/><G127/><T34/><D60/><U109/><E111/><V3/><F3/><W126/><G126/><T45/><D45/><U32/><E103/><V54/><F112/><W2/><G2/><N who="0" m="439" /><D110/><U124/><E109/><V78/><REACH who="2" step="1"/><F114/><REACH who="2" ten="224,230,286,250" step="2"/><W113/><G113/><T29/><D120/><U99/><E124/><V26/><F26/><W4/><G134/><T20/><D119/><U131/><E99/><V0/><F0/><W30/><G104/><N who="0" m="40043" /><D20/><U51/><E131/><V133/><F133/><W15/><G21/><T100/><D100/><U64/><E1/><V65/><F65/><W69/><G101/><T27/><AGARI ba="0,1" hai="27,29,34,73,75" m="40043,439,26666" machi="27" ten="40,2700,0" yaku="33,2" doraHai="115" who="0" fromWho="0" sc="224,37,230,-7,286,-13,250,-7" /><INIT seed="3,0,0,0,0,119" ten="261,223,273,243" oya="3" hai0="92,99,25,20,91,82,8,18,84,68,61,78,58" hai1="116,76,96,118,3,83,85,115,39,64,107,131,86" hai2="66,77,19,102,48,110,62,26,33,94,44,128,0" hai3="109,117,135,108,127,114,133,2,15,65,93,55,60"/><W59/><G2/><T7/><D68/><U90/><E64/><V70/><F0/><W32/><G32/><T75/><D7/><U88/><E3/><V89/><F128/><W57/><G117/><N who="1" m="45162" /><E131/><V49/><F110/><N who="3" m="42603" /><G114/><T6/><D6/><U56/><E56/><V103/><F77/><W80/><G127/><T43/><D43/><U98/><E39/><V67/><F67/><W95/><G15/><T51/><D51/><U105/><E115/><V29/><F19/><W41/><G80/><T71/><D71/><U45/><E45/><V36/><F36/><W69/><G41/><T106/><D8/><U74/><E74/><V53/><REACH who="2" step="1"/><F49/><REACH who="2" ten="261,223,263,243" step="2"/><N who="3" m="30959" /><G69/><T46/><D46/><U112/><E112/><V37/><F37/><W34/><G34/><T134/><D134/><AGARI ba="0,1" hai="59,60,65,93,95,133,134,135" m="30959,42603" machi="134" ten="30,5800,0" yaku="20,1,14,1,10,1" doraHai="119" who="3" fromWho="0" sc="261,-58,223,0,263,0,243,68" owari="203,-30.0,223,-18.0,263,6.0,311,42.0" /></mjloggm>