<mjloggm ver="2.3"><GO type="41" lobby="0"/><UN n0="%E3%82%BF%E3%83%BC%E3%83%AB%EF%BC%91%EF%BC%90%EF%BD%8D%EF%BD%87" n1="%E3%82%A6%E3%83%AB%E3%83%88%E3%83%A9%E7%AB%8B%E7%9B%B4" n2="%E3%81%A0%E3%81%A6%E3%83%A1%E3%82%AC%E3%83%8D" n3="%E2%80%90%E8%B5%A4%E7%8A%AC%E2%80%90" dan="15,16,15,13" rate="2008.83,2045.44,1989.44,1896.53" sx="M,M,M,F"/><TAIKYOKU oya="0"/><INIT seed="0,0,0,5,4,7" ten="250,250,250,250" oya="0" hai0="52,53,130,31,95,110,18,20,43,93,101,123,26" hai1="89,97,55,0,62,114,11,104,134,5,99,83,128" hai2="78,25,35,75,131,107,119,108,68,22,71,73,27" hai3="105,81,37,34,66,12,112,117,91,57,96,9,124"/><T76/><D123/><U32/><E32/><V10/><F107/><W3/><G117/><T21/><D130/><U90/><E128/><V100/><F131/><W58/><G112/><T121/><D121/><U14/><E114/><V15/><F119/><W6/><G37/><T126/><D126/><U40/><E134/><V109/><F100/><W2/><G34/><T70/><D70/><U50/><E104/><V39/><F39/><W80/><G124/><T129/><D129/><U69/><E40/><V38/><F38/><W8/><G105/><T74/><D43/><U59/><E0/><V115/><F27/><W86/><G96/><N who="0" m="59535" /><D110/><N who="2" m="42602" /><F35/><W13/><G80/><T135/><D95/><U132/><E132/><V60/><F60/><W77/><G77/><T94/><D94/><U125/><E125/><V24/><F24/><W106/><G106/><T64/><D74/><N who="2" m="28170" /><F78/><W103/><G103/><T92/><D76/><U65/><REACH who="1" step="1"/><E83/><REACH who="1" ten="250,240,250,250" step="2"/><V61/><F115/><W44/><G3/><T49/><D135/><U98/><AGARI ba="0,1" hai="5,11,14,50,55,59,62,65,69,89,90,97,98,99" machi="98" ten="30,7900,0" yaku="1,1,2,1,0,1,52,1,53,0" doraHai="7" doraHaiUra="102" who="1" fromWho="1" sc="250,-39,240,89,250,-20,250,-20" /><INIT seed="1,0,0,2,3,82" ten="211,329,230,230" oya="1" hai0="69,1,41,116,76,52,89,60,38,56,99,70,72" hai1="29,96,108,92,117,45,25,51,0,120,87,17,94" hai2="119,12,121,114,47,83,103,112,130,31,3,123,64" hai3="78,62,14,107,100,93,127,126,118,13,79,132,102"/><U53/><E0/><V66/><F3/><W104/><G62/><T73/><D116/><U71/><E71/><V36/><F31/><W57/><G57/><T2/><D76/><N who="3" m="29225" /><G14/><T6/><D73/><U26/><E117/><V109/><F12/><W81/><G13/><T7/><D72/><U35/><E120/><N who="2" m="46155" /><F103/><N who="3" m="39467" /><G118/><T63/><D56/><U9/><E108/><V80/><F119/><W23/><G23/><T86/><D99/><U67/><E67/><N who="2" m="25643" /><F109/><W75/><G132/><T125/><D89/><N who="1" m="53311" /><E35/><V15/><F15/><W74/><G81/><T110/><D110/><U55/><E9/><V39/><F130/><W106/><G93/><T24/><D24/><U135/><E135/><V122/><N who="2" m="46163" /><V44/><DORA hai="91" /><F83/><W105/><G104/><T65/><D65/><U28/><E17/><V54/><F80/><W98/><G98/><T97/><D97/><U58/><E26/><V33/><F54/><W85/><G85/><T49/><D52/><U43/><E25/><V32/><F32/><W133/><G133/><T124/><D86/><U5/><E55/><V61/><F61/><W10/><G10/><T11/><D11/><U95/><E96/><V19/><F19/><W50/><G50/><T37/><D49/><N who="1" m="28847" /><E5/><V68/><F33/><W101/><G101/><T128/><D128/><U115/><E28/><V90/><F68/><W111/><G111/><T18/><D18/><U21/><E29/><V4/><F4/><W42/><G42/><AGARI ba="0,0" hai="1,2,6,7,37,38,41,42,60,63,69,70,124,125" machi="42" ten="25,1600,0" yaku="22,2" doraHai="82,91" who="0" fromWho="3" sc="211,16,329,0,230,0,230,-16" /><INIT seed="2,0,0,3,5,56" ten="227,329,230,214" oya="2" hai0="43,26,108,124,24,7,64,90,111,83,109,15,122" hai1="36,126,42,57,94,87,8,92,89,80,52,58,47" hai2="18,116,78,68,114,27,41,37,104,39,130,106,2" hai3="60,110,131,73,107,1,69,81,115,34,32,95,10"/><V13/><F2/><W129/><G110/><T54/><D122/><U17/><E126/><V53/><F116/><W61/><G115/><T70/><D124/><U38/><E38/><V125/><F114/><W20/><G107/><T49/><D43/><U86/><E58/><V103/><F125/><W99/><G69/><T19/><D7/><U123/><E123/><V3/><F3/><W82/><G20/><N who="0" m="11391" /><D83/><N who="3" m="31753" /><G73/><T76/><D76/><U88/><E80/><V35/><F68/><W85/><G85/><T128/><D128/><N who="3" m="49225" /><G10/><T28/><D28/><U105/><E105/><V22/><F104/><W120/><G1/><T127/><D90/><U96/><E96/><V97/><F78/><W77/><G77/><T118/><D118/><U134/><E8/><V113/><F113/><W93/><G120/><T4/><D4/><U67/><E17/><V33/><F41/><W121/><G121/><T31/><D31/><U132/><E67/><V30/><F35/><N who="3" m="13355" /><G95/><T74/><D74/><U21/><E21/><V98/><F130/><W75/><G75/><T133/><D127/><U0/><E0/><V72/><F72/><W55/><G55/><T6/><D6/><U59/><E59/><V11/><F98/><W101/><AGARI ba="0,0" hai="60,61,93,99,101" m="13355,49225,31753" machi="101" ten="40,5200,0" yaku="19,1,52,2" doraHai="56" who="3" fromWho="3" sc="227,-13,329,-13,230,-26,214,52" /><INIT seed="3,0,0,1,3,95" ten="214,316,204,266" oya="3" hai0="107,128,96,40,77,46,110,34,73,120,112,125,22" hai1="24,84,97,109,122,30,81,0,99,19,103,134,17" hai2="79,43,71,52,117,86,87,123,41,124,9,6,121" hai3="2,64,101,4,56,116,16,83,38,67,132,53,100"/><W66/><G116/><T11/><D34/><U58/><E0/><V91/><F71/><W104/><G38/><T75/><D120/><N who="2" m="46154" /><F117/><W119/><G119/><T10/><D110/><U25/><E109/><V12/><F124/><W82/><G132/><T135/><D125/><U130/><E134/><V15/><F15/><W42/><G42/><T29/><D135/><U49/><E103/><N who="3" m="39498" /><G2/><T72/><D107/><U114/><E114/><V36/><F36/><W70/><G70/><T3/><D11/><U18/><E122/><V98/><F79/><W68/><G4/><T5/><D128/><U93/><E130/><V44/><F87/><W23/><G68/><T131/><D131/><U39/><E93/><N who="2" m="56639" /><F86/><W88/><G104/><T129/><D112/><U33/><E39/><V89/><F89/><W55/><G56/><T69/><D69/><U54/><REACH who="1" step="1"/><E25/><REACH who="1" ten="214,306,204,266" step="2"/><V76/><F76/><AGARI ba="0,1" hai="17,18,19,24,30,33,49,54,58,76,81,84,97,99" machi="76" ten="40,8000,1" yaku="1,1,2,1,52,2,53,0" doraHai="95" doraHaiUra="65" who="1" fromWho="2" sc="214,0,306,90,204,-80,266,0" /><INIT seed="4,0,0,2,3,20" ten="214,396,124,266" oya="0" hai0="120,25,118,99,66,67,62,33,100,32,122,64,17" hai1="134,94,87,128,101,106,37,76,112,57,129,92,117" hai2="39,103,72,4,18,11,115,24,133,123,19,48,132" hai3="0,82,81,75,121,97,113,104,130,105,26,131,124"/><T78/><D118/><U1/><E1/><V84/><F39/><W116/><G0/><T69/><D78/><U47/><E117/><V125/><F72/><W52/><G116/><T55/><D33/><U14/><E106/><N who="3" m="41066" /><G97/><T119/><D119/><U114/><E47/><V28/><F103/><W44/><G113/><N who="1" m="43626" /><E37/><V21/><F115/><W102/><G102/><T61/><D55/><U107/><E107/><V3/><F84/><W73/><G124/><T70/><D67/><U51/><E14/><V63/><F63/><W95/><G95/><T74/><D74/><N who="3" m="28169" /><G26/><T60/><D60/><U59/><E134/><N who="2" m="51819" /><F48/><N who="3" m="28679" /><G121/><T12/><D99/><N who="1" m="59623" /><E57/><V127/><F123/><W108/><G108/><T10/><REACH who="0" step="1"/><D100/><REACH who="0" ten="204,396,124,266" step="2"/><U5/><E76/><V58/><F58/><W90/><G90/><T98/><D98/><U49/><E87/><V40/><F40/><W45/><G45/><T135/><D135/><U13/><E128/><AGARI ba="0,1" hai="81,82,128,130,131" m="28679,28169,41066" machi="128" ten="40,2600,0" yaku="19,1,54,1" doraHai="20" who="3" fromWho="1" sc="204,0,396,-26,124,0,266,36" /><INIT seed="5,0,0,4,0,14" ten="204,370,124,302" oya="1" hai0="114,82,79,16,54,134,8,118,27,32,13,90,126" hai1="64,12,21,73,56,61,105,96,128,11,68,30,51" hai2="38,3,17,52,66,121,117,113,116,88,92,7,102" hai3="4,132,46,31,94,59,127,124,77,131,86,67,74"/><U35/><E73/><V63/><F121/><W25/><G46/><T99/><D114/><U6/><E128/><V26/><F38/><W107/><G107/><T84/><D118/><U24/><E51/><V87/><F113/><W55/><G4/><T108/><D108/><U80/><E80/><V71/><F102/><W81/><G67/><T1/><D134/><U20/><E56/><V91/><F7/><W40/><G40/><T19/><D126/><N who="3" m="48169" /><G132/><T111/><D1/><U122/><E122/><V60/><F3/><W34/><G94/><N who="0" m="56791" /><D32/><U85/><E85/><V50/><F91/><W129/><G74/><T100/><D100/><AGARI ba="0,0" hai="6,11,12,20,21,24,30,35,61,64,68,96,100,105" machi="100" ten="40,3900,0" yaku="25,2" doraHai="14" who="1" fromWho="0" sc="204,-39,370,39,124,0,302,0" /><INIT seed="5,1,0,4,5,4" ten="165,409,124,302" oya="1" hai0="97,58,132,5,19,22,112,18,12,27,115,39,99" hai1="56,127,49,110,33,40,55,0,85,64,37,131,122" hai2="50,23,128,32,51,118,8,116,31,2,117,54,98" hai3="75,73,124,11,38,15,101,9,45,102,21,90,114"/><U84/><E122/><V10/><F2/><W68/><G68/><T24/><D39/><U105/><E105/><V67/><F32/><W126/><G90/><T28/><D132/><U6/><E85/><V78/><F128/><W82/><G21/><T53/><D5/><U130/><E33/><V14/><F67/><W63/><G63/><T94/><D28/><U62/><E84/><V93/><F78/><W121/><G15/><T83/><D83/><U29/><E29/><V59/><F51/><W47/><G82/><T20/><D12/><U25/><E25/><V134/><F134/><W135/><G114/><T1/><D1/><U26/><E26/><V76/><F76/><W70/><G70/><T92/><D58/><U13/><E0/><V119/><N who="2" m="29696" /><DORA hai="34" /><V71/><F71/><W66/><G66/><T52/><AGARI ba="1,0" hai="18,19,20,22,24,27,52,53,92,94,97,99,112,115" machi="52" ten="25,6400,0" yaku="0,1,22,2,54,1" doraHai="4,34" who="0" fromWho="0" sc="165,67,409,-33,124,-17,302,-17" /><INIT seed="6,0,0,1,0,58" ten="232,376,107,285" oya="2" hai0="128,13,59,104,86,126,60,88,80,103,113,101,76" hai1="131,99,127,42,89,130,14,75,37,12,44,62,36" hai2="48,46,82,97,73,53,32,27,124,135,19,94,45" hai3="21,26,24,66,40,122,17,4,16,90,9,77,7"/><V81/><F135/><W22/><G122/><T41/><D113/><U34/><E34/><V84/><F124/><W10/><G77/><T107/><D126/><U74/><E127/><V109/><F109/><W116/><G116/><T23/><D128/><U50/><E99/><V95/><F73/><W85/><G40/><T15/><D104/><U57/><E89/><V68/><F68/><W91/><G66/><N who="0" m="39199" /><D41/><U31/><E31/><V92/><F46/><W119/><G119/><T11/><D107/><U83/><E12/><V93/><F32/><W96/><G85/><N who="0" m="48263" /><D23/><U18/><E37/><V106/><F106/><W39/><REACH who="3" step="1"/><G96/><REACH who="3" ten="232,376,107,275" step="2"/><T52/><D52/><N who="1" m="34087" /><E74/><V5/><F5/><W35/><G35/><T55/><D55/><U98/><E98/><V30/><F30/><W71/><G71/><T133/><D133/><U117/><E117/><V132/><F132/><W110/><G110/><T121/><D121/><U25/><E75/><V64/><F84/><W108/><G108/><T63/><D63/><U123/><E123/><V29/><F29/><W38/><AGARI ba="0,1" hai="4,7,9,10,16,17,21,22,24,26,38,39,90,91" machi="38" ten="25,8000,1" yaku="1,1,0,1,22,2,54,1,53,0" doraHai="58" doraHaiUra="105" who="3" fromWho="3" sc="232,-20,376,-20,107,-40,275,90" /><INIT seed="7,0,0,2,2,64" ten="212,356,67,365" oya="3" hai0="34,124,112,43,3,101,56,84,50,114,70,11,33" hai1="48,93,80,128,121,16,23,98,36,110,15,82,2" hai2="9,7,47,122,132,25,68,46,62,65,107,45,59" hai3="44,39,58,27,60,102,90,135,134,53,67,77,30"/><W31/><G102/><T86/><D101/><N who="1" m="60623" /><E36/><V13/><F107/><W127/><G127/><T19/><D124/><U79/><E2/><V113/><F113/><N who="0" m="43626" /><D70/><U111/><E121/><V51/><F25/><W117/><G117/><T94/><D94/><U71/><E71/><V5/><F122/><W66/><G77/><T42/><D56/><U105/><E105/><V99/><F99/><W72/><G72/><T74/><D74/><U26/><E128/><V55/><REACH who="2" step="1"/><F5/><REACH who="2" ten="212,356,57,365" step="2"/><W28/><G90/><T41/><D34/><U81/><E79/><V133/><AGARI ba="0,1" hai="7,9,13,45,46,47,51,55,59,62,65,68,132,133" machi="133" ten="30,7900,0" yaku="1,1,2,1,0,1,52,1,53,0" doraHai="64" doraHaiUra="12" who="2" fromWho="2" sc="212,-20,356,-20,57,89,365,-39" owari="192,-21.0,336,43.0,146,-35.0,326,13.0" /></mjloggm>