<mjloggm ver="2.3"><GO type="169" lobby="0"/><UN n0="%53%48%45%45%50%32%30%30" n1="%E3%81%8D%E3%81%BE%E3%81%99" n2="%E3%81%8B%E3%82%89%E3%81%8F%E3%82%8A%E5%B1%8B%E6%95%B7" n3="%EF%BC%88%E2%89%A7%E2%96%BD%E2%89%A6%EF%BC%89" dan="17,16,17,19" rate="2190.27,2096.18,2102.27,2269.03" sx="M,M,M,M"/><TAIKYOKU oya="0"/><INIT seed="0,0,0,5,0,56" ten="250,250,250,250" oya="0" hai0="81,126,3,18,11,27,94,104,71,60,52,22,55" hai1="87,43,101,120,57,95,64,37,49,75,74,50,108" hai2="31,77,42,135,82,88,119,28,13,32,86,35,1" hai3="65,85,116,128,21,61,39,132,97,79,90,8,26"/><T54/><D104/><U131/><E108/><V70/><F1/><W29/><G39/><T113/><D113/><U133/><E120/><V112/><F70/><W7/><G116/><T12/><D126/><U25/><E133/><V72/><F112/><W10/><G128/><T67/><D3/><U118/><E131/><V105/><F135/><W38/><G38/><T9/><D81/><U127/><E127/><V53/><F42/><W111/><G111/><T124/><D124/><U45/><E50/><V110/><F105/><W123/><G123/><T92/><REACH who="0" step="1"/><D9/><REACH who="0" ten="240,250,250,250" step="2"/><U106/><E106/><V73/><F110/><W30/><G132/><T89/><D89/><U130/><E130/><V91/><F91/><W36/><G10/><T98/><D98/><U41/><E118/><V17/><F119/><W58/><G97/><T134/><D134/><U20/><E101/><V117/><F117/><W121/><G121/><T4/><AGARI ba="0,1" hai="4,11,12,18,22,27,52,54,55,60,67,71,92,94" machi="4" ten="30,11700,0" yaku="1,1,0,1,52,1,54,1,53,0" doraHai="56" doraHaiUra="68" who="0" fromWho="0" sc="240,127,250,-39,250,-39,250,-39" /><INIT seed="0,1,0,3,0,36" ten="367,211,211,211" oya="0" hai0="120,81,71,0,52,5,10,103,2,95,88,42,70" hai1="100,82,38,48,8,102,34,79,59,14,31,50,20" hai2="58,76,57,30,26,16,90,96,135,86,67,94,15" hai3="43,37,47,119,133,97,35,78,85,22,56,89,115"/><T126/><D120/><U68/><E34/><V127/><F135/><W123/><G115/><T24/><D126/><U114/><E68/><V40/><F127/><W29/><G119/><T72/><D2/><U116/><E38/><V73/><F73/><W60/><G123/><T46/><D103/><U83/><E114/><V75/><F75/><W19/><G133/><T62/><D24/><U111/><E111/><V44/><F67/><W27/><G78/><T39/><D95/><U109/><E109/><V124/><F124/><W3/><G97/><T129/><D129/><U13/><E59/><V112/><F112/><W28/><G3/><T33/><D33/><U122/><E122/><V108/><F108/><W92/><REACH who="3" step="1"/><G35/><REACH who="3" ten="367,211,211,201" step="2"/><T113/><D113/><U49/><E79/><V6/><F76/><W21/><G21/><T64/><D72/><U132/><E116/><V55/><F96/><W32/><G32/><T69/><REACH who="0" step="1"/><D52/><AGARI ba="1,1" hai="19,22,27,28,29,37,43,47,52,56,60,85,89,92" machi="52" ten="30,7700,0" yaku="1,1,7,1,52,1,54,1,53,0" doraHai="36" doraHaiUra="131" who="3" fromWho="0" sc="367,-80,211,0,211,0,201,90" /><INIT seed="1,0,0,5,1,18" ten="287,211,211,291" oya="1" hai0="64,87,131,100,102,85,61,9,115,77,69,78,124" hai1="103,20,135,105,80,88,130,25,83,14,48,65,99" hai2="16,34,76,72,23,43,74,86,114,129,60,11,116" hai3="58,119,2,81,51,112,73,67,109,82,79,5,41"/><U52/><E65/><V96/><F34/><W6/><G112/><T62/><D115/><U39/><E39/><V121/><F116/><W89/><G119/><T45/><D131/><U55/><E135/><V37/><F121/><W30/><G109/><T57/><D124/><U38/><E38/><V93/><F129/><W95/><G2/><T8/><D45/><U26/><E55/><V27/><F43/><W110/><G110/><T90/><D69/><U127/><E127/><V12/><F37/><W28/><G81/><T3/><D3/><U10/><E130/><V106/><F114/><W91/><G91/><T66/><D57/><U47/><E88/><AGARI ba="0,0" hai="8,9,61,62,64,66,77,78,85,87,88,90,100,102" machi="88" ten="25,6400,0" yaku="22,2,8,1,54,1" doraHai="18" who="0" fromWho="1" sc="287,64,211,-64,211,0,291,0" /><INIT seed="2,0,0,3,3,81" ten="351,147,211,291" oya="2" hai0="109,44,90,27,124,49,41,78,85,130,12,93,117" hai1="82,133,29,4,103,57,51,94,0,54,75,43,119" hai2="131,134,68,39,122,66,48,87,28,3,102,77,46" hai3="23,22,111,125,92,76,115,38,110,106,64,101,95"/><V53/><F122/><W30/><G38/><T96/><D109/><N who="3" m="41481" /><G125/><T113/><D124/><U19/><E119/><V6/><F102/><W59/><G76/><T91/><D113/><U73/><E133/><V128/><F134/><W16/><G115/><T112/><D112/><U47/><E29/><V79/><F28/><W72/><G72/><T88/><D117/><U89/><E19/><V26/><F26/><N who="3" m="16735" /><G59/><T34/><D27/><U24/><E24/><V65/><F6/><W108/><G64/><T58/><D34/><U42/><E42/><N who="2" m="22879" /><F3/><W11/><G11/><T80/><D130/><N who="2" m="49706" /><F79/><W118/><G118/><T74/><D58/><U83/><E4/><V121/><F121/><W9/><G9/><T86/><REACH who="0" step="1"/><D12/><REACH who="0" ten="341,147,211,291" step="2"/><U1/><E0/><V33/><F33/><W107/><G108/><T20/><D20/><U21/><E21/><V31/><F31/><W69/><G22/><T14/><D14/><U60/><E1/><V37/><F68/><W129/><G69/><T62/><D62/><U70/><E70/><V52/><F37/><W36/><G36/><T100/><AGARI ba="0,1" hai="41,44,49,74,78,80,85,86,88,90,91,93,96,100" machi="100" ten="30,8000,1" yaku="1,1,0,1,52,2,54,1,53,0" doraHai="81" doraHaiUra="127" who="0" fromWho="0" sc="341,90,147,-20,211,-40,291,-20" /><INIT seed="3,0,0,4,5,35" ten="431,127,171,271" oya="3" hai0="135,92,7,69,81,71,57,22,31,128,9,91,39" hai1="53,76,106,84,58,110,97,74,86,66,12,0,113" hai2="43,118,23,129,27,4,44,88,121,25,134,21,115" hai3="37,19,101,1,94,63,46,55,62,80,41,103,119"/><W111/><G119/><T51/><D39/><U72/><E110/><V98/><F118/><W114/><G114/><T85/><D135/><U70/><E0/><V47/><F134/><W127/><G127/><T52/><D128/><U60/><E113/><V68/><F129/><W93/><G111/><T5/><D71/><U90/><E76/><V17/><F68/><W10/><G80/><T107/><D107/><U126/><E126/><V130/><F121/><W2/><G19/><T112/><D112/><U116/><E116/><V125/><F125/><W32/><G32/><T83/><D69/><U78/><E78/><V36/><F47/><W109/><G109/><T104/><D104/><U73/><E12/><V117/><F130/><W131/><G131/><T123/><D123/><U67/><E67/><V34/><F34/><W82/><G82/><N who="0" m="31243" /><D9/><U124/><E124/><V33/><F33/><W108/><G10/><T96/><D96/><U89/><E106/><V20/><F115/><W61/><G55/><T15/><D31/><U14/><E97/><V30/><F117/><W29/><G29/><T122/><D122/><U18/><E66/><V95/><F27/><W40/><G108/><T38/><D38/><U13/><E70/><V6/><F30/><W48/><G37/><T26/><D26/><U64/><E64/><V54/><F54/><W65/><G65/><T59/><D59/><U79/><E79/><V77/><F77/><W75/><G2/><T11/><D11/><N who="1" m="6463" /><E14/><V24/><F25/><W87/><G1/><T16/><AGARI ba="0,0" hai="5,7,15,16,22,51,52,57,85,91,92" m="31243" machi="16" ten="30,7900,0" yaku="25,1,8,1,54,2" doraHai="35" who="0" fromWho="0" sc="431,79,127,-20,171,-20,271,-39" /><INIT seed="4,0,0,4,0,27" ten="510,107,151,232" oya="0" hai0="95,83,106,102,22,93,84,33,15,2,110,85,124" hai1="20,115,10,94,6,69,44,39,57,97,88,108,19" hai2="76,111,43,71,40,47,31,38,127,130,58,135,18" hai3="72,132,42,99,101,4,56,36,103,1,119,59,61"/><T67/><D2/><U35/><E108/><V55/><F76/><W118/><G72/><T32/><D33/><U51/><E69/><V46/><F111/><W123/><G132/><T82/><D32/><U104/><E35/><V109/><F109/><W80/><G80/><N who="0" m="30763" /><D22/><U128/><E104/><V81/><F81/><W13/><G101/><T116/><D15/><U92/><E128/><V34/><F135/><W121/><G1/><T134/><D67/><U60/><E115/><V53/><F130/><W5/><G42/><T14/><D14/><U37/><E92/><N who="0" m="35401" /><D134/><U89/><E39/><V3/><F3/><W29/><G36/><T96/><D110/><U66/><E37/><V23/><F71/><W7/><G13/><T105/><D124/><U107/><E107/><N who="0" m="40969" /><D116/><U11/><E6/><V129/><F129/><W98/><G5/><T77/><D77/><U54/><REACH who="1" step="1"/><E89/><REACH who="1" ten="510,97,151,232" step="2"/><V9/><F38/><W117/><G4/><T86/><D102/><U75/><E75/><V52/><F34/><W131/><G103/><T100/><D100/><U120/><E120/><V49/><F127/><W48/><G131/><T112/><D112/><U91/><E91/><V87/><F58/><W41/><G121/><T68/><D68/><U17/><E17/><V0/><F18/><W113/><G123/><T28/><D28/><U64/><E64/><V62/><F47/><W122/><G122/><T16/><D16/><U30/><E30/><V12/><F31/><W70/><G29/><T79/><D79/><U90/><E90/><V63/><F46/><W114/><G113/><T24/><D86/><RYUUKYOKU ba="0,1" sc="510,-10,97,30,151,-10,232,-10" hai1="10,11,19,20,44,51,54,57,60,66,88,94,97" /><INIT seed="5,1,1,1,0,121" ten="500,127,141,222" oya="1" hai0="102,77,124,5,40,75,131,98,83,42,21,37,10" hai1="125,24,26,4,6,49,100,52,110,22,126,11,104" hai2="44,14,1,46,108,39,85,7,27,29,86,23,128" hai3="111,38,20,12,91,25,54,34,115,36,55,62,129"/><U133/><E133/><V107/><F107/><W84/><G111/><T0/><D131/><U69/><E69/><V63/><F128/><W57/><G129/><T47/><D42/><U116/><E116/><V16/><F108/><W99/><G115/><T31/><D21/><U81/><E110/><V135/><F135/><W18/><G99/><T76/><D76/><U114/><E114/><V43/><F44/><W9/><G34/><T106/><D31/><N who="1" m="17815" /><E81/><V109/><F109/><W53/><G38/><T48/><D48/><U127/><E26/><V92/><F92/><N who="3" m="54375" /><G36/><T132/><D132/><U35/><E11/><N who="2" m="2543" /><F63/><W73/><G73/><T51/><D51/><U130/><E35/><AGARI ba="1,1" hai="14,16,23,27,29,35,39,43,46,85,86" m="2543" machi="35" ten="30,2000,0" yaku="24,1,54,1" doraHai="121" who="2" fromWho="1" sc="500,0,127,-23,141,33,222,0" /><INIT seed="6,0,0,4,1,120" ten="500,104,174,222" oya="2" hai0="28,96,135,48,97,36,50,121,83,132,124,70,100" hai1="16,59,106,6,89,34,14,65,60,32,93,68,99" hai2="13,2,63,77,130,37,111,79,24,80,45,112,12" hai3="78,40,92,17,117,3,21,11,7,22,10,47,108"/><V131/><F2/><W82/><G108/><T109/><D121/><U127/><E127/><V73/><F79/><W87/><G117/><T85/><D109/><U1/><E106/><V44/><F111/><W52/><G92/><T116/><D70/><U95/><E68/><V75/><F75/><N who="3" m="43359" /><G52/><T91/><D36/><U23/><REACH who="1" step="1"/><E93/><REACH who="1" ten="500,94,174,222" step="2"/><V103/><F131/><W15/><G87/><T84/><D85/><U125/><E125/><V27/><F130/><W94/><G94/><T88/><D84/><U118/><E118/><V74/><F74/><W58/><G58/><T4/><D124/><U105/><E105/><V57/><F57/><W107/><G107/><T134/><D116/><U61/><E61/><V113/><F63/><W133/><G133/><T129/><D135/><U33/><E33/><V122/><F73/><W43/><G43/><T64/><D134/><U0/><E0/><V49/><F122/><W62/><G62/><T72/><D132/><U90/><E90/><V98/><F77/><W71/><G71/><T126/><D91/><U29/><E29/><V19/><F103/><W38/><AGARI ba="0,1" hai="3,7,10,11,15,17,21,22,38,40,47" m="43359" machi="38" ten="30,1100,0" yaku="25,1" doraHai="120" who="3" fromWho="3" sc="500,-3,94,-3,174,-5,222,21" /><INIT seed="7,0,0,5,3,28" ten="497,91,169,243" oya="3" hai0="65,117,27,80,61,64,103,110,79,70,60,23,2" hai1="4,88,94,41,118,78,33,45,92,53,89,90,58" hai2="122,50,16,95,59,51,100,104,86,129,119,74,111" hai3="11,96,82,124,38,134,83,120,5,10,76,130,18"/><W44/><G120/><T75/><D110/><U7/><E118/><V112/><F111/><W108/><G130/><T126/><D126/><U48/><E33/><V115/><F119/><W15/><G134/><T133/><D133/><U113/><E78/><V68/><F122/><W21/><G124/><T17/><D117/><U84/><E113/><N who="2" m="43595" /><F68/><W54/><G96/><T57/><D2/><U106/><E106/><V85/><F129/><W107/><G11/><T73/><D103/><U14/><E14/><V71/><F74/><AGARI ba="0,0" hai="17,23,27,57,60,61,64,65,70,73,74,75,79,80" machi="74" ten="30,1000,0" yaku="7,1" doraHai="28" who="0" fromWho="2" sc="497,10,91,0,169,-10,243,0" owari="507,61.0,91,-41.0,159,-24.0,243,4.0" /></mjloggm>