<mjloggm ver="2.3"><GO type="97" lobby="0"/><UN n0="%E3%82%A6%E3%83%AB%E3%83%88%E3%83%A9%E7%AB%8B%E7%9B%B4" n1="%E5%9B%B0%E3%81%A3%E3%81%9F%E3%81%AA%EF%BD%9E" n2="%E4%B8%8A%E6%9D%89%E8%AC%99%E7%8F%8D" n3="%E5%B2%A1%CF%80" dan="15,15,15,14" rate="2030.17,1961.52,1965.22,1872.25" sx="M,M,M,F"/><TAIKYOKU oya="0"/><INIT seed="0,0,0,2,3,91" ten="250,250,250,250" oya="0" hai0="50,106,131,24,66,28,25,53,12,30,76,95,135" hai1="81,101,84,61,1,16,74,123,32,69,31,27,44" hai2="51,64,17,87,18,4,59,120,41,130,65,47,129" hai3="94,67,48,102,8,105,60,71,45,23,43,58,2"/><T83/><D106/><U117/><E123/><V56/><F4/><W112/><G112/><T5/><D131/><N who="2" m="50186" /><F87/><W6/><G105/><T29/><D135/><U49/><E117/><V107/><F107/><W70/><REACH who="3" step="1"/><G23/><REACH who="3" ten="250,250,250,240" step="2"/><T98/><D66/><N who="2" m="25706" /><F120/><W73/><G73/><T35/><D35/><U37/><E74/><V15/><F18/><W36/><G36/><T132/><D132/><U113/><E37/><V116/><F116/><W126/><G126/><T42/><D5/><U62/><E113/><V125/><F125/><W21/><G21/><AGARI ba="0,1" hai="15,17,21,41,47,51,56,59" m="25706,50186" machi="21" ten="30,1000,0" yaku="19,1" doraHai="91" who="2" fromWho="3" sc="250,0,250,0,250,20,240,-10" /><INIT seed="1,0,0,0,0,68" ten="250,250,270,230" oya="1" hai0="122,76,89,81,16,85,95,77,118,54,74,123,100" hai1="60,38,10,93,25,39,50,119,117,43,62,53,112" hai2="47,132,1,106,17,90,3,120,67,22,5,113,37" hai3="127,69,14,4,109,35,30,99,86,133,78,7,24"/><U66/><E93/><V83/><F120/><N who="0" m="46122" /><D54/><U59/><E10/><V11/><F132/><W75/><G133/><T84/><D16/><U58/><E25/><V98/><F113/><W6/><G69/><T110/><D110/><U108/><E112/><V128/><F128/><W72/><G109/><T21/><D21/><U70/><E108/><V107/><F1/><W2/><G2/><T51/><D51/><U130/><E130/><V44/><F47/><W87/><G99/><N who="0" m="59519" /><D118/><N who="1" m="45067" /><E43/><V57/><F67/><AGARI ba="0,0" hai="38,39,50,53,58,59,60,62,66,67,70" m="45067" machi="67" ten="30,11600,0" yaku="34,2,52,2" doraHai="68" who="1" fromWho="2" sc="250,0,250,116,270,-116,230,0" /><INIT seed="1,1,0,2,0,126" ten="250,366,154,230" oya="1" hai0="79,2,15,86,129,132,134,3,127,32,23,111,40" hai1="130,77,55,13,89,63,31,83,18,117,36,95,121" hai2="123,90,56,42,27,85,20,8,48,114,118,62,9" hai3="76,25,6,128,72,84,69,30,119,47,60,43,98"/><U94/><E121/><V58/><F123/><W24/><G119/><T88/><D32/><U101/><E117/><V12/><F118/><W107/><G24/><T44/><D79/><U81/><E36/><V17/><F114/><W108/><G6/><T93/><D127/><U68/><E31/><V26/><F42/><W57/><G69/><T14/><D111/><U100/><E68/><V80/><F58/><W71/><G71/><T35/><D35/><U0/><E0/><N who="0" m="41" /><D23/><U29/><E29/><V70/><F70/><W52/><G108/><T102/><D102/><N who="1" m="39531" /><E55/><V61/><F61/><W133/><G72/><T103/><D103/><U97/><E63/><V19/><F48/><W67/><G107/><T16/><D16/><U53/><E53/><V54/><F27/><W50/><G98/><T64/><D64/><U87/><E18/><V59/><REACH who="2" step="1"/><F56/><REACH who="2" ten="250,366,144,230" step="2"/><W99/><G57/><T96/><D40/><U46/><E46/><V5/><F5/><W131/><G47/><T7/><D44/><U82/><E13/><V11/><AGARI ba="1,1" hai="8,9,11,12,17,19,20,26,54,59,62,80,85,90" machi="11" ten="20,5200,0" yaku="1,1,0,1,7,1,8,1,53,0" doraHai="126" doraHaiUra="104" who="2" fromWho="2" sc="250,-14,366,-27,144,65,230,-14" /><INIT seed="2,0,0,2,0,4" ten="236,339,209,216" oya="2" hai0="103,70,5,10,54,17,18,27,97,83,106,7,112" hai1="11,96,6,72,124,39,28,95,108,43,121,89,133" hai2="131,1,57,37,45,114,78,64,90,76,132,50,20" hai3="104,107,116,99,22,61,35,91,66,77,135,84,25"/><V118/><F118/><W67/><G116/><T19/><D70/><U12/><E72/><V9/><F114/><W127/><G35/><T94/><D112/><U92/><E121/><V119/><F119/><W23/><G77/><T113/><D113/><U46/><E133/><V49/><F132/><W32/><G135/><T81/><D106/><U0/><E124/><V62/><F131/><W125/><G32/><T41/><D41/><U48/><E108/><V117/><F117/><W87/><G25/><T129/><D129/><U102/><E28/><V69/><F69/><W100/><G99/><T56/><D27/><U63/><E63/><V47/><F37/><W73/><G61/><T42/><D42/><U85/><E39/><V31/><F1/><W55/><G100/><T110/><D110/><U38/><E38/><V53/><F90/><W8/><G73/><T16/><N who="0" m="4096" /><DORA hai="123" /><T115/><D115/><U40/><REACH who="1" step="1"/><E0/><REACH who="1" ten="236,329,209,216" step="2"/><V29/><F9/><W74/><G8/><T86/><D10/><U126/><E126/><V68/><F68/><W101/><G125/><T120/><D120/><U79/><E79/><N who="2" m="30251" /><F20/><W58/><G22/><T60/><D5/><U88/><E88/><V2/><F2/><W24/><G23/><T111/><D7/><U3/><E3/><V14/><F14/><W80/><G91/><N who="0" m="51663" /><D111/><U75/><E75/><V93/><F93/><W36/><G74/><T71/><D83/><U134/><E134/><V98/><F98/><W34/><G80/><T51/><D60/><U130/><E130/><V33/><F33/><W105/><G34/><T59/><D71/><RYUUKYOKU ba="0,1" sc="236,10,329,10,209,10,216,-30" hai0="51,54,56,59,94,97,103" hai1="6,11,12,40,43,46,48,85,89,92,95,96,102" hai2="29,31,45,47,49,50,53,57,62,64" /><INIT seed="2,1,1,0,3,69" ten="246,339,219,186" oya="2" hai0="116,105,13,51,129,11,128,81,43,72,57,38,10" hai1="74,118,132,82,56,29,89,104,42,73,53,16,45" hai2="50,33,2,4,92,19,77,133,123,86,90,58,9" hai3="98,24,91,78,37,115,23,44,117,130,127,94,83"/><V121/><F133/><W6/><G117/><T5/><D105/><U39/><E118/><V76/><F33/><W122/><G122/><T60/><D116/><U109/><E104/><V26/><F123/><W17/><G115/><T20/><D51/><U135/><E29/><V40/><F121/><W126/><G6/><T134/><D134/><N who="1" m="51243" /><E89/><V35/><F35/><W75/><REACH who="3" step="1"/><G130/><REACH who="3" ten="246,339,219,176" step="2"/><T36/><D128/><U14/><E109/><V8/><F26/><W80/><G80/><T114/><D129/><U15/><E82/><V101/><F101/><W41/><AGARI ba="1,2" hai="17,23,24,37,41,44,75,78,83,91,94,98,126,127" machi="41" ten="30,4000,0" yaku="1,1,0,1,52,1,53,0" doraHai="69" doraHaiUra="61" who="3" fromWho="3" sc="246,-11,339,-11,219,-21,176,63" /><INIT seed="3,0,0,4,5,40" ten="235,328,198,239" oya="3" hai0="52,26,44,111,30,19,71,84,89,104,33,28,85" hai1="93,36,115,106,102,22,2,25,34,127,11,3,97" hai2="80,72,114,121,65,15,67,39,56,12,31,32,87" hai3="98,16,120,48,7,74,35,73,123,133,78,23,53"/><W9/><G35/><T108/><D71/><U128/><E115/><V14/><F72/><W50/><G98/><T18/><D104/><U64/><E34/><V70/><F114/><W92/><G92/><N who="0" m="54311" /><D85/><U27/><E128/><V86/><F70/><W134/><G50/><N who="0" m="28743" /><D30/><U60/><E127/><V63/><F39/><W117/><G117/><T112/><D112/><U51/><E36/><V101/><F121/><W94/><G94/><T132/><D132/><N who="3" m="50793" /><G78/><T105/><D105/><U0/><E106/><V125/><F125/><W21/><G21/><T68/><D68/><U20/><E11/><V95/><F32/><W66/><G66/><T42/><D42/><U61/><E51/><V82/><F31/><W13/><G74/><T10/><D10/><U113/><E113/><V119/><F119/><W116/><G116/><T37/><D37/><U45/><E64/><V29/><F29/><W126/><G126/><T99/><D99/><U100/><E93/><V96/><F67/><W109/><G73/><T79/><D79/><U81/><E97/><V83/><REACH who="2" step="1"/><F101/><REACH who="2" ten="235,328,188,239" step="2"/><W131/><G131/><T75/><D75/><U124/><E102/><V24/><F24/><N who="3" m="14439" /><G109/><AGARI ba="0,1" hai="18,19,26,28,33,108,109,111" m="28743,54311" machi="109" ten="30,3900,0" yaku="14,1,52,1,54,1" doraHai="40" who="0" fromWho="3" sc="235,49,328,0,188,0,239,-39" owari="284,8.0,328,43.0,188,-31.0,200,-20.0" /></mjloggm>