<mjloggm ver="2.3"><GO type="97" lobby="0"/><UN n0="%43%79%2F%43%62" n1="%E3%82%A6%E3%83%AB%E3%83%88%E3%83%A9%E7%AB%8B%E7%9B%B4" n2="%53%71%75%69%72%72%65%6C" n3="%4D%75%6C%6C%65%72" dan="13,15,13,15" rate="1909.19,1970.03,1839.40,1984.56" sx="M,M,M,M"/><TAIKYOKU oya="0"/><INIT seed="0,0,0,2,1,93" ten="250,250,250,250" oya="0" hai0="91,117,2,28,36,112,129,118,26,44,42,92,1" hai1="25,15,38,7,41,23,121,82,45,14,31,60,29" hai2="18,101,21,131,125,110,104,34,97,51,134,30,53" hai3="106,77,56,8,87,10,27,99,109,116,63,19,22"/><T69/><D112/><U100/><E121/><V50/><F110/><W128/><G109/><T81/><D69/><U96/><E7/><V67/><F131/><W78/><G128/><T94/><D129/><U103/><E31/><V113/><F113/><W54/><G116/><T105/><D105/><U20/><E20/><V48/><F134/><W16/><G87/><T135/><D135/><U85/><E60/><V114/><F67/><W0/><G0/><T35/><D35/><U33/><E33/><V73/><F73/><W6/><G6/><T32/><D81/><U119/><E100/><V122/><F122/><W13/><G10/><T120/><D120/><U123/><E123/><V88/><F114/><W111/><G111/><T9/><D92/><U108/><E108/><V89/><F30/><W3/><G3/><T130/><D130/><U55/><E55/><V127/><F34/><W49/><REACH who="3" step="1"/><G63/><REACH who="3" ten="250,250,250,240" step="2"/><T66/><D9/><U65/><E119/><V74/><F74/><W52/><G52/><T57/><D118/><U61/><E61/><V70/><F53/><W107/><G107/><T115/><D117/><U39/><E85/><V37/><F125/><W62/><G62/><N who="0" m="38223" /><D115/><U98/><E65/><V76/><F127/><W46/><G46/><T12/><D2/><U11/><E45/><V79/><F104/><W75/><G75/><T133/><D1/><U64/><E64/><V68/><F70/><W83/><G83/><T5/><D133/><U84/><E82/><V4/><F68/><W132/><G132/><T86/><D5/><U71/><E71/><V47/><F4/><RYUUKYOKU ba="0,1" sc="250,15,250,-15,250,-15,240,15" hai0="12,26,28,32,36,42,44,86,91,94" hai3="8,13,16,19,22,27,49,54,56,77,78,99,106" /><INIT seed="0,1,1,2,3,7" ten="265,235,235,255" oya="0" hai0="20,56,63,104,127,116,67,126,101,48,113,70,107" hai1="33,109,14,38,106,130,27,134,60,44,117,124,41" hai2="18,11,32,39,24,78,77,6,120,75,87,89,119" hai3="12,131,133,135,45,85,47,110,19,72,49,66,22"/><T15/><D113/><U69/><E14/><V31/><F120/><W28/><G72/><T55/><D116/><U52/><E27/><V82/><F39/><W73/><G73/><T98/><D104/><U83/><E83/><V112/><F112/><W103/><G103/><T37/><D37/><U3/><E52/><V76/><F119/><W99/><G99/><T132/><D132/><N who="3" m="50761" /><G85/><T123/><D123/><U81/><E81/><V25/><F25/><N who="3" m="16439" /><G131/><T74/><REACH who="0" step="1"/><D74/><REACH who="0" ten="255,235,235,255" step="2"/><U59/><E38/><V125/><F75/><W26/><G110/><T65/><D65/><U4/><E117/><V64/><F64/><W53/><G66/><T114/><D114/><U102/><E109/><V8/><F125/><W71/><G71/><T92/><D92/><U122/><E124/><V21/><F82/><W62/><G26/><T115/><D115/><U79/><E134/><V100/><F32/><W1/><G1/><T57/><D57/><U121/><E59/><V2/><F2/><W23/><G45/><T17/><AGARI ba="1,2" hai="15,17,20,48,55,56,63,67,70,98,101,107,126,127" machi="17" ten="30,6000,0" yaku="1,1,0,1,53,1" doraHai="7" doraHaiUra="51" who="0" fromWho="0" sc="255,83,235,-21,235,-21,255,-21" /><INIT seed="0,2,0,4,5,6" ten="338,214,214,234" oya="0" hai0="55,115,53,2,86,50,111,21,104,58,20,101,66" hai1="25,109,16,72,96,95,40,33,103,23,124,1,60" hai2="91,37,84,13,12,107,87,44,83,112,76,64,62" hai3="39,116,68,38,70,106,17,8,88,31,7,118,3"/><T114/><D66/><U52/><E72/><V56/><F107/><W134/><G106/><T28/><D2/><U132/><E33/><V32/><F32/><W79/><G79/><T41/><D41/><U47/><E109/><V100/><F100/><W121/><G121/><T74/><D74/><U85/><E1/><V19/><F112/><W129/><G31/><T81/><D111/><U108/><E108/><V22/><F44/><W46/><G17/><T110/><D110/><U45/><E124/><V89/><F37/><W18/><G18/><T127/><D127/><U128/><E132/><V133/><F133/><W67/><G134/><T98/><D55/><U24/><E128/><V57/><F57/><W82/><G129/><T105/><D105/><U99/><E99/><V75/><F75/><W35/><G35/><T71/><D71/><U113/><E113/><V92/><REACH who="2" step="1"/><F89/><REACH who="2" ten="338,214,204,234" step="2"/><W120/><G46/><T117/><D114/><U51/><E47/><V42/><F42/><W54/><G39/><T65/><D115/><U63/><E40/><V119/><F119/><W43/><G43/><T130/><D117/><U131/><E131/><V125/><F125/><W102/><G38/><T135/><D135/><U15/><E85/><V34/><F34/><W14/><G118/><T30/><D130/><U90/><E103/><V94/><F94/><W123/><G116/><T0/><D101/><U5/><E25/><AGARI ba="2,1" hai="12,13,19,22,25,56,62,64,76,83,84,87,91,92" machi="25" ten="30,3900,0" yaku="1,1,7,1,8,1,53,0" doraHai="6" doraHaiUra="27" who="2" fromWho="1" sc="338,0,214,-45,204,55,234,0" /><INIT seed="1,0,0,2,4,118" ten="338,169,259,234" oya="1" hai0="28,131,4,59,54,83,26,104,114,61,2,112,35" hai1="9,111,31,89,102,108,15,113,45,65,57,10,120" hai2="87,130,109,41,71,68,5,76,64,81,51,125,124" hai3="99,117,116,93,100,103,20,77,50,129,74,12,123"/><U96/><E113/><V94/><F64/><W19/><G129/><T126/><D131/><U44/><E89/><V115/><F130/><W48/><G103/><T134/><D104/><U133/><E31/><V56/><F115/><W70/><G70/><T53/><D126/><N who="2" m="48746" /><F5/><W37/><G37/><T46/><D134/><U101/><E133/><V8/><F8/><W24/><G77/><T63/><D83/><U128/><E128/><V66/><F94/><W1/><G74/><T106/><D106/><U105/><E102/><V80/><F80/><W119/><G1/><T79/><D79/><U82/><E82/><V0/><F0/><W47/><G50/><T6/><D2/><U122/><E10/><V91/><F76/><W135/><G135/><T7/><D46/><N who="1" m="18027" /><E57/><AGARI ba="0,0" hai="4,6,7,26,28,35,53,54,57,59,61,63,112,114" machi="57" ten="40,1300,0" yaku="9,1" doraHai="118" who="0" fromWho="1" sc="338,13,169,-13,259,0,234,0" /><INIT seed="2,0,0,1,5,7" ten="351,156,259,234" oya="2" hai0="59,122,52,107,119,125,15,126,3,114,134,110,89" hai1="91,26,77,130,111,49,86,12,70,135,93,101,82" hai2="32,115,30,71,36,92,34,0,73,98,112,55,74" hai3="31,79,84,127,123,8,124,13,45,90,94,99,76"/><V128/><F36/><W67/><G123/><T40/><D122/><U47/><E70/><V78/><F71/><W66/><G31/><T68/><D114/><U25/><E111/><V11/><F73/><W117/><G117/><T113/><D110/><U133/><E130/><V121/><F34/><W64/><G45/><T14/><D113/><U4/><E133/><V62/><F121/><W21/><G21/><T120/><D120/><U106/><E135/><V17/><F78/><W9/><G13/><T48/><D134/><U29/><E29/><V50/><F74/><W53/><G53/><T44/><D3/><U85/><E101/><V46/><F128/><W75/><G75/><T10/><D119/><U88/><E106/><V20/><F62/><W1/><G1/><T38/><D107/><U103/><E103/><V18/><F18/><W83/><REACH who="3" step="1"/><G79/><REACH who="3" ten="351,156,259,224" step="2"/><T19/><D15/><U6/><E77/><V43/><F0/><W95/><G95/><T58/><D14/><U16/><E6/><V80/><F55/><W22/><G22/><T72/><D44/><U108/><E4/><V51/><F20/><W81/><G81/><T27/><D52/><N who="1" m="29759" /><E108/><V24/><F115/><W33/><G33/><T131/><D72/><U65/><E65/><V61/><F32/><W63/><G63/><T96/><D131/><U129/><E129/><V60/><F61/><W41/><G41/><T118/><D40/><U97/><E97/><V35/><F98/><W102/><G102/><T116/><D96/><U109/><E109/><V28/><F60/><W42/><G42/><T104/><D116/><RYUUKYOKU ba="0,1" sc="351,-15,156,15,259,-15,224,15" hai1="12,16,25,26,82,85,86,88,91,93" hai3="8,9,64,66,67,76,83,84,90,94,99,124,127" /><INIT seed="3,1,1,4,5,70" ten="336,171,244,239" oya="3" hai0="24,81,85,4,113,93,120,122,35,17,10,11,39" hai1="66,62,20,56,75,83,115,84,13,73,125,46,130" hai2="26,123,105,29,134,90,118,18,44,64,50,38,119" hai3="96,60,34,133,80,23,128,91,14,2,15,79,78"/><W16/><G2/><T76/><D39/><U106/><E106/><V0/><F134/><W3/><G3/><T49/><D113/><U25/><E115/><V89/><F0/><W40/><G34/><T126/><D126/><U32/><E125/><V65/><F105/><W5/><G133/><T131/><D131/><U48/><E130/><V100/><F100/><W12/><G128/><T54/><D35/><U135/><E135/><V103/><F103/><W51/><G60/><T45/><D93/><U77/><E32/><V7/><F7/><W109/><G109/><T127/><D127/><U57/><E75/><V98/><F98/><W69/><G69/><T22/><D11/><U30/><E73/><V41/><F123/><W47/><G5/><T67/><D67/><U129/><E129/><V52/><F90/><W86/><G79/><T132/><D132/><U87/><E87/><V58/><F65/><W92/><AGARI ba="1,1" hai="12,14,15,16,23,40,47,51,78,80,86,91,92,96" machi="92" ten="30,6000,0" yaku="0,1,8,1,54,1" doraHai="70" who="3" fromWho="3" sc="336,-21,171,-21,244,-21,239,73" /><INIT seed="3,2,0,1,1,58" ten="315,150,223,312" oya="3" hai0="112,120,87,89,105,40,98,19,125,5,23,62,24" hai1="118,74,95,8,35,61,21,13,113,88,85,121,25" hai2="70,26,22,69,100,133,10,52,78,73,63,36,99" hai3="29,83,27,4,129,128,33,57,124,116,38,1,16"/><W130/><G38/><T48/><D120/><U41/><E35/><V91/><F36/><W67/><G116/><T47/><D125/><U15/><E74/><V75/><F133/><W14/><G124/><T96/><D112/><U76/><E121/><V11/><F78/><W64/><G83/><N who="0" m="49407" /><D105/><U44/><E113/><V31/><F75/><W94/><G94/><T54/><D5/><U109/><E76/><V30/><F73/><W79/><G79/><T17/><D17/><U97/><E109/><V68/><F31/><W7/><G7/><T6/><D6/><U3/><E118/><V127/><F91/><W86/><G86/><T111/><D111/><U53/><E3/><V122/><F122/><W43/><G43/><T84/><D84/><U56/><E85/><V93/><F127/><W117/><G117/><T18/><D18/><U114/><E114/><V77/><F77/><W51/><G4/><T59/><AGARI ba="2,0" hai="19,23,24,40,47,48,54,59,62,96,98" m="49407" machi="59" ten="30,2000,0" yaku="8,1,52,1" doraHai="58" who="0" fromWho="0" sc="315,26,150,-7,223,-7,312,-12" owari="341,44.0,143,-36.0,216,-18.0,300,10.0" /></mjloggm>