<mjloggm ver="2.3"><GO type="169" lobby="0"/><UN n0="%E3%82%A6%E3%83%AB%E3%83%88%E3%83%A9%E7%AB%8B%E7%9B%B4" n1="%E3%81%B7%E3%81%AB%E3%81%B7%E3%81%AB%E2%99%AA%E2%99%AA" n2="%53%48%45%45%50%32%30%30" n3="%4A%55%4E%4B%45%52%53" dan="16,16,16,18" rate="2041.29,2120.46,2138.06,2221.84" sx="M,M,M,M"/><TAIKYOKU oya="0"/><INIT seed="0,0,0,4,3,94" ten="250,250,250,250" oya="0" hai0="35,130,87,58,78,43,5,88,82,79,85,45,128" hai1="47,131,1,3,135,60,106,123,13,15,112,62,95" hai2="44,83,59,50,7,69,107,134,2,111,37,36,31" hai3="80,16,51,24,10,102,19,9,75,0,54,110,14"/><T46/><D35/><U65/><E106/><V20/><F20/><W21/><G110/><T119/><D119/><U115/><E123/><V42/><F83/><W122/><G122/><T6/><D78/><U76/><E135/><V66/><F31/><W12/><G0/><T55/><D130/><U109/><E131/><V127/><F7/><W125/><G125/><T117/><D117/><U113/><E109/><V56/><F2/><N who="1" m="521" /><E76/><V124/><F107/><W105/><G75/><T52/><D128/><U28/><E28/><V81/><F81/><W97/><G80/><N who="0" m="47263" /><D55/><U48/><E95/><V22/><F22/><W17/><G17/><T84/><D84/><U61/><E65/><V70/><F134/><W91/><G91/><T41/><D46/><U53/><AGARI ba="0,0" hai="13,15,47,48,53,60,61,62,112,113,115" m="521" machi="53" ten="40,1500,0" yaku="11,1" doraHai="94" who="1" fromWho="1" sc="250,-7,250,15,250,-4,250,-4" /><INIT seed="1,0,0,4,1,87" ten="243,265,246,246" oya="1" hai0="125,116,39,108,41,76,7,114,27,107,83,13,129" hai1="79,47,50,95,29,128,64,10,23,106,118,91,78" hai2="17,75,86,123,113,131,109,45,44,15,51,85,82" hai3="122,126,26,53,33,127,69,22,103,70,58,104,110"/><U34/><E118/><V32/><F123/><W16/><G122/><T73/><D27/><N who="1" m="16639" /><E128/><V98/><F131/><W65/><G110/><T96/><D13/><U46/><E34/><V133/><F109/><W93/><G104/><T68/><D7/><U35/><E35/><V115/><F32/><W12/><G65/><T30/><D30/><U57/><E106/><V20/><F133/><W112/><G112/><N who="2" m="43081" /><F98/><N who="3" m="59855" /><G26/><T63/><D129/><U124/><E124/><N who="3" m="47658" /><G33/><T49/><D125/><U52/><E10/><V74/><F86/><W121/><G121/><T132/><D107/><U28/><E28/><V48/><F48/><AGARI ba="0,0" hai="12,16,22,48,53,58,69,70" m="47658,59855" machi="48" ten="30,2000,0" yaku="18,1,54,1" doraHai="87" who="3" fromWho="2" sc="243,0,265,0,246,-20,246,20" /><INIT seed="2,0,0,0,5,79" ten="243,265,226,266" oya="2" hai0="129,14,47,3,64,44,110,99,6,43,12,46,42" hai1="122,1,65,39,63,11,123,72,38,78,24,0,128" hai2="48,134,95,98,131,75,50,59,113,61,101,37,2" hai3="10,126,35,4,25,90,102,124,97,33,22,13,55"/><V87/><F75/><W30/><G55/><T76/><D129/><U132/><E24/><V56/><F113/><W89/><G102/><T117/><D117/><U105/><E105/><V49/><F131/><W18/><G97/><T118/><D118/><U34/><E34/><V28/><F134/><W77/><G77/><T91/><D3/><N who="1" m="1099" /><E11/><V45/><F2/><N who="3" m="279" /><G89/><T86/><D64/><U109/><E132/><V51/><F28/><W130/><G90/><T74/><D74/><U108/><E128/><V20/><F20/><N who="3" m="15655" /><G130/><T70/><D70/><N who="1" m="42303" /><E78/><V19/><F19/><W68/><G68/><T116/><D116/><U125/><E125/><AGARI ba="0,0" hai="13,18,22,33,35,124,125,126" m="15655,279" machi="125" ten="30,3900,0" yaku="18,1,34,2" doraHai="79" who="3" fromWho="1" sc="243,0,265,-39,226,0,266,39" /><INIT seed="3,0,0,2,2,56" ten="243,226,226,305" oya="3" hai0="85,30,37,70,98,106,43,38,53,120,99,111,22" hai1="66,45,5,7,100,44,27,40,21,4,130,58,39" hai2="12,49,25,0,96,82,93,110,33,132,31,76,90" hai3="20,115,112,72,62,48,133,29,127,126,75,50,57"/><W92/><G92/><T102/><D120/><U79/><E130/><V88/><F110/><W109/><G29/><T64/><D111/><U11/><E79/><V84/><F132/><W55/><G109/><T28/><D43/><U26/><E26/><V63/><F0/><W87/><G87/><T19/><D38/><U116/><E116/><V61/><F49/><N who="3" m="19051" /><G20/><T114/><D37/><U83/><E83/><V78/><F78/><W36/><G36/><T46/><D46/><U74/><E74/><V94/><REACH who="2" step="1"/><F12/><REACH who="2" ten="243,226,216,305" step="2"/><W134/><G75/><AGARI ba="0,1" hai="25,31,33,61,63,75,76,82,84,88,90,93,94,96" machi="75" ten="30,12000,2" yaku="1,1,2,1,7,1,52,2,54,1,53,0" doraHai="56" doraHaiUra="32" who="2" fromWho="3" sc="243,0,226,0,216,130,305,-120" /><INIT seed="4,0,0,1,1,84" ten="243,226,346,185" oya="0" hai0="65,81,66,87,118,22,92,104,19,121,62,10,21" hai1="108,34,113,110,71,129,42,48,115,3,125,39,24" hai2="59,35,79,46,100,80,53,12,106,4,23,36,128" hai3="127,11,15,25,2,43,60,68,117,120,50,101,55"/><T91/><D104/><U45/><E3/><V27/><F128/><W20/><G117/><T116/><D121/><U86/><E34/><V112/><F112/><N who="1" m="43081" /><E24/><V37/><F35/><W13/><G120/><T119/><D10/><U88/><E71/><V90/><F100/><W130/><G130/><T28/><D28/><U73/><E129/><V41/><F106/><W133/><G133/><T0/><D0/><U76/><E125/><V38/><F90/><W99/><G127/><T97/><D19/><U111/><E73/><V33/><F33/><W44/><G2/><T52/><D52/><U107/><E76/><V114/><F114/><W78/><G78/><T18/><D18/><U9/><E9/><V102/><F102/><W63/><G15/><T83/><D83/><N who="1" m="49247" /><E107/><V51/><F12/><W103/><G13/><T64/><D22/><U96/><E96/><V29/><F4/><W49/><G11/><T8/><D21/><U67/><E67/><V123/><F123/><W98/><G68/><T132/><D8/><U70/><E70/><V69/><F69/><W85/><G99/><T56/><REACH who="0" step="1"/><D132/><REACH who="0" ten="233,226,346,185" step="2"/><U14/><E14/><V124/><F124/><W58/><G20/><T75/><D75/><AGARI ba="0,1" hai="23,27,29,36,37,38,41,46,51,53,59,75,79,80" machi="75" ten="30,1000,0" yaku="7,1" doraHai="84" who="2" fromWho="0" sc="233,-10,226,0,346,20,185,0" /><INIT seed="5,0,0,1,5,131" ten="223,226,366,185" oya="1" hai0="64,5,72,18,82,89,8,121,26,118,77,39,113" hai1="130,101,111,105,128,80,83,47,34,68,29,125,61" hai2="46,120,40,59,7,110,36,94,117,93,109,76,70" hai3="66,127,78,6,104,28,86,55,45,129,44,4,35"/><U75/><E125/><V79/><F70/><W48/><G104/><T27/><D118/><U99/><E47/><V42/><F117/><W107/><G107/><T115/><D121/><U135/><E111/><V100/><F120/><W65/><G127/><T124/><D124/><U108/><E108/><V53/><F42/><W123/><G123/><T31/><D64/><N who="1" m="40975" /><E135/><V11/><F94/><W10/><G129/><N who="1" m="49770" /><E75/><V12/><F109/><W20/><G35/><T49/><D39/><U2/><E2/><V134/><F134/><W3/><G45/><T63/><D63/><U84/><E84/><V57/><F110/><W1/><G1/><T52/><D89/><U62/><E62/><V13/><F59/><W133/><G133/><T19/><D26/><AGARI ba="0,0" hai="26,29,34,80,83,99,101,105" m="49770,40975" machi="26" ten="30,2900,0" yaku="25,1,19,1" doraHai="131" who="1" fromWho="0" sc="223,-29,226,29,366,0,185,0" /><INIT seed="5,1,0,0,3,58" ten="194,255,366,185" oya="1" hai0="22,10,95,82,113,42,51,37,18,108,53,20,97" hai1="76,129,128,8,3,91,68,50,90,6,132,48,105" hai2="101,13,77,119,35,130,123,21,49,19,34,4,31" hai3="125,64,103,118,70,24,44,110,29,69,117,23,39"/><U74/><E105/><V9/><F101/><W12/><G110/><T0/><D108/><U111/><E111/><V57/><F123/><W107/><G125/><T88/><D113/><U1/><E68/><V124/><F119/><N who="3" m="45579" /><G12/><T96/><D42/><U26/><E26/><V25/><F124/><W27/><G64/><T84/><D37/><U32/><E32/><V134/><F134/><W80/><G80/><T106/><D106/><U94/><E132/><V83/><F130/><N who="1" m="50281" /><E1/><N who="2" m="143" /><F34/><N who="3" m="20775" /><G103/><T79/><D97/><N who="1" m="57559" /><E91/><V40/><F40/><N who="3" m="22559" /><G107/><T54/><D54/><U33/><E33/><V56/><F49/><W86/><G86/><AGARI ba="1,0" hai="13,19,21,25,31,35,56,57,77,83,86" m="143" machi="86" ten="30,1000,0" yaku="24,1" doraHai="58" who="2" fromWho="3" sc="194,0,255,0,366,13,185,-13" /><INIT seed="6,0,0,4,4,52" ten="194,255,379,172" oya="2" hai0="77,14,88,74,19,36,92,118,99,27,16,34,103" hai1="80,29,133,111,84,85,58,128,119,56,1,31,113" hai2="122,108,48,65,38,89,18,126,87,13,0,93,41" hai3="63,17,66,75,64,46,35,45,4,127,98,107,131"/><V21/><F122/><W24/><G75/><T95/><D36/><U134/><E111/><V3/><F38/><W120/><G120/><T79/><D74/><U78/><E1/><V8/><F108/><W67/><G131/><T11/><D118/><U125/><E119/><V60/><F126/><W91/><G127/><T115/><D115/><U130/><E125/><V9/><F3/><W15/><G4/><T37/><D37/><U82/><REACH who="1" step="1"/><E78/><REACH who="1" ten="194,245,379,172" step="2"/><V129/><F0/><W53/><G35/><T76/><D34/><U7/><E7/><V2/><F2/><W100/><G24/><T54/><D76/><U96/><E96/><V132/><F129/><W51/><G91/><T68/><D79/><U117/><E117/><V10/><F132/><W72/><G72/><T5/><D77/><U81/><E81/><V86/><F86/><W104/><G104/><T135/><D135/><U123/><E123/><V25/><F87/><W33/><G33/><T105/><D105/><U30/><E30/><V69/><F89/><W50/><G15/><T57/><D27/><U44/><E44/><V59/><F93/><W97/><G97/><N who="0" m="57479" /><D68/><U47/><E47/><N who="2" m="25711" /><F69/><W61/><REACH who="3" step="1"/><G17/><AGARI ba="0,1" hai="8,9,10,13,17,18,21,25,59,60,65" m="25711" machi="17" ten="30,2900,0" yaku="8,1,52,1" doraHai="52" who="2" fromWho="3" sc="194,0,245,0,379,39,172,-29" /><INIT seed="6,1,0,5,5,33" ten="194,245,418,143" oya="2" hai0="75,6,115,72,117,99,42,57,76,37,103,97,54" hai1="49,45,17,48,107,126,59,134,44,21,39,5,0" hai2="38,111,2,34,104,88,83,65,3,124,67,106,56" hai3="63,4,96,130,118,133,26,64,30,60,20,58,114"/><V7/><F7/><W36/><G118/><T77/><D42/><U28/><E107/><V129/><F34/><W71/><G36/><T112/><D37/><U92/><E28/><V73/><F38/><W66/><G130/><T127/><D6/><U119/><E119/><V91/><F56/><W41/><G133/><T29/><D29/><U13/><E134/><V113/><F83/><W11/><G114/><T120/><D117/><U52/><E126/><V105/><F113/><N who="0" m="43594" /><D127/><U12/><E39/><V135/><F135/><W128/><G128/><T25/><D25/><U116/><E116/><V47/><F129/><W80/><G41/><T18/><D18/><U35/><E35/><V86/><F106/><W14/><G80/><T132/><D99/><U89/><E0/><V98/><F98/><W1/><REACH who="3" step="1"/><G96/><REACH who="3" ten="194,245,418,133" step="2"/><T46/><D132/><U90/><E92/><V125/><F125/><W8/><G8/><T70/><D97/><U95/><E95/><V23/><F124/><W53/><G53/><T82/><D82/><U100/><E100/><V19/><F105/><W102/><G102/><T79/><D103/><U15/><E5/><V27/><F104/><W101/><G101/><T24/><D54/><N who="1" m="32207" /><E45/><V122/><F47/><W31/><G31/><T61/><D46/><U84/><E52/><V93/><F122/><W55/><G55/><T85/><D120/><U121/><E121/><V32/><F67/><W43/><G43/><T9/><D9/><U69/><E44/><V123/><F65/><W74/><G74/><T110/><D75/><U62/><E17/><V108/><F123/><RYUUKYOKU ba="1,1" sc="194,-10,245,-10,418,-10,133,30" hai3="1,4,11,14,20,26,30,58,60,63,64,66,71" /><INIT seed="7,2,1,0,3,18" ten="184,235,408,163" oya="3" hai0="106,130,45,43,66,75,117,28,94,25,114,63,96" hai1="91,59,119,6,42,89,87,99,79,30,108,12,20" hai2="21,40,35,8,85,70,4,29,83,73,23,24,101" hai3="115,84,52,90,2,112,14,74,55,58,34,127,131"/><W107/><G2/><T17/><D75/><U51/><E108/><V27/><F70/><W67/><G74/><T93/><D117/><U105/><E105/><V50/><F73/><W76/><G76/><T56/><D17/><U118/><E6/><V19/><F101/><W77/><G77/><T111/><D111/><U80/><E12/><V81/><F35/><W11/><G107/><T53/><D130/><U134/><E99/><V65/><F65/><W71/><G71/><T88/><D94/><U129/><E129/><V7/><F7/><W16/><G131/><T103/><D114/><N who="3" m="43561" /><G34/><T57/><D57/><U72/><E72/><V3/><F83/><N who="3" m="49439" /><G127/><T54/><D106/><U124/><E124/><V9/><F9/><W126/><G126/><T41/><D103/><U68/><E68/><V0/><F0/><W100/><G100/><T1/><D1/><U92/><E118/><V123/><F123/><W44/><G44/><T104/><D104/><U98/><E119/><V39/><F8/><W78/><G78/><T31/><D45/><N who="1" m="26039" /><E59/><V69/><F69/><W5/><G5/><T13/><D56/><U125/><E125/><V22/><F4/><W135/><G135/><T64/><D96/><U82/><E134/><V26/><F3/><W32/><G32/><T37/><D37/><U46/><E46/><V121/><F121/><W109/><G109/><T15/><D93/><N who="1" m="54463" /><E79/><V38/><F27/><AGARI ba="2,1" hai="20,27,30,80,82,91,92,98" m="54463,26039" machi="27" ten="30,2000,0" yaku="8,1,52,1" doraHai="18" who="1" fromWho="2" sc="184,0,235,36,408,-26,163,0" owari="184,-22.0,271,7.0,382,49.0,163,-34.0" /></mjloggm>