<mjloggm ver="2.3"><GO type="41" lobby="0"/><UN n0="%E3%82%A6%E3%83%AB%E3%83%88%E3%83%A9%E7%AB%8B%E7%9B%B4" n1="%6D%69%6B%6F%74%6F%40%6D" n2="%E3%83%A9%E3%82%A6%E3%83%BC%E3%83%AB%E2%85%A1" n3="%64%73%73%64%73%62" dan="15,13,15,14" rate="1994.07,1994.28,2050.88,1996.59" sx="M,F,M,M"/><TAIKYOKU oya="0"/><INIT seed="0,0,0,5,2,38" ten="250,250,250,250" oya="0" hai0="125,86,84,72,93,53,117,12,44,97,103,18,39" hai1="64,110,10,55,4,71,41,2,76,15,52,107,114" hai2="128,82,42,56,121,115,75,14,94,57,132,134,122" hai3="35,105,100,96,68,108,34,98,21,5,0,7,28"/><T25/><D72/><U13/><E107/><V120/><F115/><W30/><G108/><T17/><D117/><U92/><E76/><N who="2" m="44319" /><F128/><W8/><G5/><T65/><D65/><U113/><E110/><V43/><F14/><N who="1" m="5129" /><E92/><V59/><F94/><W22/><G22/><T73/><D73/><U67/><E71/><V31/><F31/><W47/><G21/><T104/><D104/><U26/><E26/><V119/><F119/><W116/><G96/><T111/><D111/><U129/><E129/><V33/><F33/><W83/><G28/><T69/><D69/><U36/><E67/><V11/><F11/><W40/><G116/><T80/><D25/><U24/><E64/><V20/><F20/><W131/><G131/><T91/><D18/><U48/><E48/><V29/><F29/><W90/><G68/><T19/><D19/><U50/><E36/><V126/><F126/><W70/><G70/><T89/><D125/><U27/><E27/><V51/><F51/><W87/><G30/><T6/><D6/><U88/><E24/><V37/><F37/><AGARI ba="0,0" hai="0,7,8,34,35,37,40,47,83,87,90,98,100,105" machi="37" ten="30,2000,0" yaku="7,1,52,1" doraHai="38" who="3" fromWho="2" sc="250,0,250,0,250,-20,250,20" /><INIT seed="1,0,0,5,0,14" ten="250,250,230,270" oya="1" hai0="39,33,83,102,92,132,8,87,31,85,110,44,42" hai1="24,119,81,57,71,36,120,74,73,22,9,50,3" hai2="101,54,86,123,113,0,16,116,40,131,61,30,29" hai3="90,10,107,65,109,124,7,118,49,100,25,79,96"/><U68/><E36/><V46/><F123/><W129/><G109/><T53/><D31/><U106/><E106/><V82/><F116/><W99/><G118/><T28/><D28/><U135/><E119/><V77/><F0/><W126/><G129/><T104/><D33/><U66/><E120/><V56/><F131/><W47/><G65/><T70/><D70/><U64/><E71/><V34/><F113/><W4/><G25/><T19/><D104/><U48/><E68/><V1/><F1/><W45/><G79/><T114/><D114/><U122/><E9/><V2/><F2/><W62/><G62/><T59/><D132/><U32/><E32/><V130/><F130/><W108/><G108/><T52/><D110/><U18/><E3/><V15/><F101/><W63/><G63/><T17/><D8/><U88/><E74/><V98/><F98/><W60/><G60/><N who="0" m="35943" /><D42/><U72/><E72/><V43/><F43/><W26/><G26/><T6/><D6/><U112/><E73/><V115/><F115/><W5/><G10/><T58/><D44/><U41/><E122/><V13/><F13/><W11/><G11/><T67/><D67/><U38/><E135/><V37/><F34/><W12/><G12/><T128/><D128/><U76/><E38/><V21/><AGARI ba="0,0" hai="15,16,21,29,30,37,40,46,54,56,61,77,82,86" machi="21" ten="20,5200,0" yaku="0,1,7,1,52,1,54,1" doraHai="14" who="2" fromWho="2" sc="250,-13,250,-26,230,52,270,-13" /><INIT seed="2,0,0,0,5,64" ten="237,224,282,257" oya="2" hai0="78,111,21,92,60,85,22,46,20,6,43,100,40" hai1="52,3,124,99,41,81,48,45,119,68,8,28,82" hai2="30,55,51,13,79,103,2,80,120,95,76,69,84" hai3="35,88,70,105,89,83,11,121,62,91,26,114,54"/><V116/><F2/><W34/><G121/><T50/><D111/><U134/><E119/><V17/><F120/><W0/><G114/><T108/><D108/><U96/><E28/><V39/><F39/><W42/><G35/><T9/><D60/><U132/><E124/><V130/><F116/><W36/><G105/><T123/><D123/><U109/><E109/><V131/><F30/><W23/><G34/><T90/><D100/><U129/><E129/><V32/><F32/><W58/><G42/><T104/><D104/><U5/><E41/><V127/><F127/><W31/><G36/><T117/><D117/><U86/><E68/><V19/><F79/><W18/><G70/><T122/><D122/><U128/><E128/><N who="2" m="49195" /><F13/><N who="3" m="7487" /><G0/><T47/><D78/><U107/><E82/><AGARI ba="0,0" hai="23,26,31,54,58,62,82,83,88,89,91" m="7487" machi="82" ten="30,2000,0" yaku="8,1,54,1" doraHai="64" who="3" fromWho="1" sc="237,0,224,-20,282,0,257,20" /><INIT seed="3,0,0,3,1,72" ten="237,204,282,277" oya="3" hai0="29,74,112,6,93,23,32,13,37,100,51,89,85" hai1="22,90,49,40,38,95,65,48,63,7,119,42,99" hai2="106,91,56,84,104,129,64,101,43,9,75,124,76" hai3="36,62,126,125,105,3,11,24,94,16,33,66,46"/><W44/><G105/><T121/><D37/><U54/><E38/><V53/><F64/><W27/><G94/><T108/><D32/><U45/><E119/><V20/><F101/><W73/><G73/><T131/><D74/><U111/><E111/><V26/><F43/><W79/><G79/><T19/><D108/><U4/><E22/><V118/><F118/><W57/><G27/><T96/><D112/><U78/><E78/><V71/><F71/><W47/><G36/><T31/><D121/><U122/><E122/><V60/><F9/><W135/><G135/><T34/><D34/><U117/><E117/><V82/><F124/><W5/><G33/><T50/><D6/><U30/><E30/><V109/><F109/><W123/><G123/><T52/><D51/><U58/><REACH who="1" step="1"/><E42/><REACH who="1" ten="237,194,282,277" step="2"/><V120/><F120/><W12/><REACH who="3" step="1"/><G24/><REACH who="3" ten="237,194,282,267" step="2"/><T134/><D134/><U98/><E98/><V130/><F26/><W28/><G28/><T39/><D39/><U81/><E81/><V17/><F82/><W86/><G86/><T67/><D31/><U68/><AGARI ba="0,2" hai="4,7,40,45,48,49,54,58,63,65,68,90,95,99" machi="68" ten="20,5200,0" yaku="1,1,0,1,7,1,53,1" doraHai="72" doraHaiUra="87" who="1" fromWho="1" sc="237,-13,194,72,282,-13,267,-26" /><INIT seed="4,0,0,0,0,25" ten="224,266,269,241" oya="0" hai0="30,32,4,63,36,50,47,77,64,11,41,122,17" hai1="108,72,81,90,31,107,130,127,132,7,67,114,97" hai2="69,13,8,80,123,60,134,105,75,120,35,26,76" hai3="101,3,29,49,113,85,43,135,28,51,40,128,133"/><T126/><D122/><U2/><E67/><V121/><F134/><N who="3" m="51211" /><G3/><T71/><D17/><U87/><E7/><V48/><F105/><W39/><G113/><T19/><D19/><U5/><E5/><V96/><F96/><W124/><G124/><T22/><D22/><U62/><E62/><V42/><F69/><W6/><G6/><T70/><D126/><U103/><E2/><V45/><F60/><W66/><G128/><T125/><D125/><U94/><E130/><V23/><F35/><W95/><G66/><T84/><D70/><U109/><E132/><V99/><F99/><N who="3" m="59647" /><G85/><T82/><D36/><U53/><E53/><V12/><REACH who="2" step="1"/><F8/><REACH who="2" ten="224,266,259,241" step="2"/><W52/><G49/><T116/><D32/><U93/><E127/><V115/><F115/><W9/><G9/><T118/><D118/><U58/><E114/><V21/><F21/><W83/><G83/><T86/><D116/><U73/><E81/><V34/><F34/><W68/><G68/><T10/><D10/><U91/><E107/><V14/><F14/><W56/><G39/><T65/><D71/><U92/><E97/><V112/><F112/><W117/><G117/><T18/><D11/><U16/><E103/><V1/><F1/><W46/><G56/><T111/><D63/><U100/><E58/><V44/><F44/><W24/><G24/><T74/><D47/><U129/><E100/><V110/><F110/><W27/><G27/><T20/><D111/><U78/><E109/><V102/><F102/><W106/><G106/><T55/><D20/><U15/><E108/><V38/><F38/><W59/><G59/><RYUUKYOKU ba="0,1" sc="224,-15,266,-15,259,15,241,15" hai2="12,13,23,26,42,45,48,75,76,80,120,121,123" hai3="28,29,40,43,46,51,52" /><INIT seed="5,1,1,4,3,102" ten="209,251,274,256" oya="1" hai0="73,81,112,45,23,57,89,110,30,42,104,116,55" hai1="92,51,32,47,35,105,83,44,120,66,114,28,134" hai2="98,6,107,1,24,90,64,5,126,95,20,76,15" hai3="79,34,48,7,87,80,18,99,63,22,91,14,52"/><U39/><E120/><V4/><F1/><W17/><G34/><T65/><D65/><U43/><E28/><V8/><F126/><W124/><G124/><T69/><D69/><U38/><E92/><V85/><F64/><W12/><G7/><T58/><D58/><U88/><E66/><V46/><F46/><W106/><G63/><T93/><D116/><U2/><E2/><V31/><F107/><W115/><G115/><T0/><D0/><U25/><E25/><V33/><F33/><W21/><G106/><T96/><D104/><U36/><E32/><V117/><F117/><W9/><G99/><T77/><D112/><U41/><E35/><V16/><F76/><W26/><G26/><T70/><D70/><U49/><E114/><V135/><F135/><W72/><G9/><T40/><D110/><U109/><E105/><V131/><F131/><W94/><G72/><T125/><D125/><U82/><E134/><V128/><F128/><W127/><G127/><T101/><D30/><U67/><E109/><V97/><AGARI ba="1,1" hai="4,5,6,8,15,16,20,24,31,85,90,95,97,98" machi="97" ten="30,4000,0" yaku="0,1,8,1,54,1" doraHai="102" who="2" fromWho="2" sc="209,-11,251,-21,274,53,256,-11" /><INIT seed="6,0,0,1,2,60" ten="198,230,327,245" oya="2" hai0="116,26,94,119,109,25,69,106,55,32,10,104,54" hai1="111,35,101,19,91,79,89,45,11,2,7,95,29" hai2="135,71,112,63,93,80,42,75,3,15,13,84,117" hai3="27,85,70,58,113,87,56,108,78,90,110,62,88"/><V73/><F3/><W83/><G27/><N who="0" m="10251" /><D94/><U128/><E111/><V9/><F42/><W124/><G62/><T132/><D109/><U61/><E29/><V82/><F117/><N who="0" m="45130" /><D10/><U131/><E35/><V134/><F93/><W51/><G51/><T118/><D118/><U34/><E34/><V28/><F28/><W130/><G70/><T24/><D24/><U36/><E61/><V12/><F9/><W30/><G30/><T99/><D99/><N who="1" m="59647" /><E79/><V40/><F40/><W77/><G83/><T97/><D97/><U43/><E19/><V122/><F122/><W16/><G16/><T20/><D20/><U127/><E127/><V68/><F63/><W53/><G53/><N who="0" m="19979" /><D32/><U67/><E91/><V57/><F15/><W74/><G74/><T120/><D120/><U31/><E89/><V49/><F49/><W125/><G56/><T52/><N who="0" m="19987" /><T50/><DORA hai="48" /><D50/><U5/><E31/><V107/><F57/><W0/><G58/><T33/><D33/><U14/><E7/><V39/><F75/><W46/><G46/><T66/><D132/><U47/><E47/><V123/><F123/><W64/><G0/><T81/><D81/><U121/><E2/><V114/><F82/><W37/><G108/><T59/><D59/><U102/><E121/><V44/><F80/><W92/><G92/><T76/><D76/><U100/><E100/><V38/><F44/><W8/><G8/><T86/><D86/><U17/><E102/><V4/><F73/><W22/><G110/><T72/><D72/><U41/><E41/><V115/><F135/><W129/><G85/><RYUUKYOKU ba="0,0" sc="198,30,230,-10,327,-10,245,-10" hai0="66,69,104,106" /><INIT seed="7,1,0,3,5,0" ten="228,220,317,235" oya="3" hai0="76,130,78,56,9,35,54,118,65,52,129,108,77" hai1="101,50,111,47,84,45,14,100,5,95,51,79,86" hai2="82,71,75,81,7,40,38,20,25,106,91,6,37" hai3="62,134,66,120,19,69,122,26,87,128,94,92,13"/><W49/><G134/><T68/><D35/><U59/><E111/><V64/><F106/><W10/><G128/><N who="0" m="49259" /><D108/><U12/><E59/><V83/><F75/><W1/><G1/><T55/><D118/><U121/><E121/><V103/><F103/><N who="1" m="39497" /><E95/><V105/><F105/><W131/><G131/><T126/><D126/><U58/><E58/><V80/><F71/><W99/><G49/><N who="1" m="18442" /><E79/><V93/><F38/><W39/><G39/><T72/><D68/><U28/><E28/><V112/><F64/><W88/><REACH who="3" step="1"/><G26/><REACH who="3" ten="228,220,317,225" step="2"/><T89/><D72/><U4/><E14/><V22/><F25/><W123/><G123/><T113/><D113/><U98/><E12/><V46/><F37/><W124/><G124/><T133/><D133/><U125/><E125/><V44/><F112/><W3/><G3/><T2/><D2/><U30/><E47/><V102/><F46/><W34/><G34/><T74/><D74/><U116/><E45/><V24/><F44/><W33/><G33/><T41/><D41/><U107/><E116/><V17/><F40/><W135/><G135/><T117/><D117/><U85/><E107/><V63/><F24/><W70/><G70/><T109/><D109/><U27/><E98/><V61/><F61/><W119/><G119/><T104/><D104/><U36/><E36/><V96/><F63/><W67/><G67/><T114/><D114/><U115/><E115/><V90/><F96/><W97/><G97/><T73/><D73/><U60/><E60/><V48/><F48/><W110/><G110/><T15/><D65/><U43/><E43/><V53/><F53/><RYUUKYOKU ba="1,1" sc="228,-15,220,15,317,-15,225,15" hai1="4,5,27,30,84,85,86" hai3="10,13,19,62,66,69,87,88,92,94,99,120,122" /><INIT seed="7,2,1,4,0,72" ten="213,235,302,240" oya="3" hai0="110,18,1,37,51,15,48,114,19,124,69,45,42" hai1="88,41,26,53,65,20,3,28,70,74,25,105,133" hai2="54,55,60,84,102,39,33,104,67,106,64,36,93" hai3="4,59,32,29,50,31,23,115,79,86,68,44,56"/><W126/><G68/><T80/><D1/><U46/><E105/><V122/><F60/><W24/><G115/><T101/><D69/><U40/><E3/><V21/><F21/><N who="3" m="15503" /><G126/><T92/><D110/><U57/><E74/><V107/><F33/><W109/><G32/><T131/><D124/><U89/><E133/><V8/><F122/><W16/><G109/><T2/><D2/><U87/><E70/><V98/><F39/><W121/><G31/><T12/><D114/><U35/><E65/><V7/><F36/><W96/><G4/><T120/><D120/><U118/><E46/><V100/><F100/><W75/><G75/><T22/><D131/><U103/><E103/><V66/><REACH who="2" step="1"/><F84/><REACH who="2" ten="213,235,292,240" step="2"/><W99/><G121/><T119/><D37/><U91/><E87/><V95/><F95/><W77/><G96/><T123/><D123/><U0/><E35/><V52/><F52/><N who="3" m="29767" /><G99/><N who="0" m="59623" /><D119/><U61/><E118/><V17/><F17/><W94/><G94/><T38/><D38/><U49/><E28/><V85/><F85/><W97/><G97/><T62/><D62/><U113/><E113/><V14/><AGARI ba="2,2" hai="7,8,14,54,55,64,66,67,93,98,102,104,106,107" machi="14" ten="40,2700,0" yaku="1,1,0,1,53,0" doraHai="72" doraHaiUra="30" who="2" fromWho="2" sc="213,-9,235,-9,292,53,240,-15" owari="204,-30.0,226,3.0,345,44.0,225,-17.0" /></mjloggm>