<mjloggm ver="2.3"><GO type="97" lobby="0"/><UN n0="%77%61%6B%61%31%32" n1="%E3%82%A6%E3%83%AB%E3%83%88%E3%83%A9%E7%AB%8B%E7%9B%B4" n2="%E5%AF%BE%E9%9D%A2%E3%81%AF%E3%83%A9%E3%82%B9" n3="%54%61%6B%61%79%75%6B%69" dan="13,14,14,13" rate="1833.86,1884.70,1857.22,1853.81" sx="M,M,M,M"/><TAIKYOKU oya="0"/><INIT seed="0,0,0,2,2,118" ten="250,250,250,250" oya="0" hai0="114,90,54,128,48,52,30,20,47,13,78,38,131" hai1="24,91,59,129,126,115,46,97,104,67,34,50,121" hai2="2,40,7,94,15,16,11,29,19,123,113,36,96" hai3="9,88,112,83,42,134,53,82,92,86,8,31,95"/><T68/><D114/><U119/><E115/><V93/><F113/><W101/><G42/><N who="0" m="24695" /><D78/><U22/><E119/><V74/><F74/><W51/><G31/><T84/><D30/><U1/><E1/><V81/><F123/><W6/><G112/><T71/><D20/><U125/><E34/><V133/><F133/><W23/><G23/><T102/><D13/><U135/><E135/><V44/><F81/><N who="3" m="30731" /><G134/><T66/><D102/><U14/><E14/><V60/><F29/><W100/><G95/><T87/><D90/><U117/><E117/><V57/><F94/><W106/><G106/><T108/><D87/><U124/><E121/><V18/><F2/><W120/><G120/><T56/><D84/><U69/><E91/><V25/><F25/><W76/><G76/><T64/><D108/><U4/><E22/><V58/><REACH who="2" step="1"/><F60/><REACH who="2" ten="250,250,240,250" step="2"/><W98/><G92/><T80/><D80/><U99/><E24/><V75/><F75/><W122/><G122/><T12/><D12/><U55/><E104/><V61/><F61/><W132/><G132/><T77/><D77/><U10/><E97/><V73/><F73/><W65/><G98/><T33/><D33/><U89/><E99/><V127/><F127/><W45/><G101/><AGARI ba="0,1" hai="7,11,15,16,18,19,36,40,44,57,58,93,96,101" machi="101" ten="40,5200,0" yaku="1,1,54,1,53,1" doraHai="118" doraHaiUra="70" who="2" fromWho="3" sc="250,0,250,0,240,62,250,-52" /><INIT seed="1,0,0,3,3,52" ten="250,250,302,198" oya="1" hai0="72,104,63,134,18,34,88,65,132,30,101,53,122" hai1="35,60,31,109,2,77,6,73,32,26,107,121,102" hai2="126,135,20,15,129,108,95,113,51,10,59,98,8" hai3="48,105,106,68,100,28,55,38,58,25,80,74,115"/><U82/><E121/><V103/><F113/><W46/><G115/><T84/><D72/><U116/><E116/><V45/><F135/><N who="0" m="51754" /><D122/><U49/><E49/><V36/><F36/><W81/><G68/><N who="0" m="42047" /><D18/><U17/><E17/><V67/><F20/><W111/><G111/><T1/><D1/><U0/><E109/><V42/><F108/><W47/><G100/><T87/><D53/><U76/><E76/><V27/><F27/><W123/><G123/><T39/><D39/><U112/><E112/><V11/><F8/><W54/><G46/><T12/><D12/><U61/><E61/><V110/><F10/><W62/><G38/><T43/><D43/><U90/><E32/><V19/><F11/><W24/><G24/><N who="0" m="18759" /><D88/><U22/><E6/><V3/><F3/><W125/><G125/><T40/><D40/><U44/><E22/><V29/><F126/><W83/><REACH who="3" step="1"/><G74/><REACH who="3" ten="250,250,302,188" step="2"/><T56/><D56/><U94/><E44/><V41/><F45/><W7/><G7/><T127/><D127/><U118/><E118/><V99/><F59/><W69/><G69/><T14/><D14/><U114/><E114/><V16/><F15/><W5/><G5/><T120/><D120/><U85/><E60/><V78/><F110/><W71/><G71/><T64/><D64/><U21/><E35/><AGARI ba="0,1" hai="25,28,35,47,48,54,55,58,62,80,81,83,105,106" machi="35" ten="40,2600,0" yaku="1,1,52,1,53,0" doraHai="52" doraHaiUra="13" who="3" fromWho="1" sc="250,0,250,-26,302,0,188,36" /><INIT seed="2,0,0,5,3,128" ten="250,224,302,224" oya="2" hai0="109,91,42,49,102,100,71,103,99,15,8,40,51" hai1="77,79,107,80,108,54,115,12,20,130,125,63,120" hai2="24,95,17,25,110,45,64,122,22,57,14,83,62" hai3="16,123,48,30,96,34,32,6,19,39,127,76,69"/><V70/><F122/><W117/><G39/><T47/><D71/><U37/><E107/><V0/><F0/><W78/><G69/><T114/><D114/><U29/><E37/><V90/><F70/><W73/><G123/><T66/><D109/><U97/><E120/><V87/><F110/><W5/><G117/><T116/><D116/><U75/><E108/><V23/><F45/><W119/><G119/><T131/><D131/><U124/><E130/><V27/><F23/><W21/><G96/><T104/><D91/><U81/><E115/><V28/><F28/><W26/><G48/><T65/><D104/><U55/><E97/><V74/><F74/><W18/><G76/><T43/><D99/><U112/><E112/><V1/><F1/><W85/><G73/><T84/><D84/><U98/><E98/><V135/><F135/><W9/><G78/><T133/><D133/><U13/><E29/><V60/><F60/><W129/><G85/><T88/><D88/><U101/><E101/><V52/><REACH who="2" step="1"/><F64/><REACH who="2" ten="250,224,292,224" step="2"/><N who="0" m="24682" /><D47/><U59/><E20/><V2/><F2/><W118/><G129/><T89/><D89/><U11/><E11/><V46/><F46/><W58/><G118/><T36/><D36/><U111/><E111/><V72/><F72/><W92/><G58/><T68/><D68/><U82/><E75/><V113/><F113/><W93/><G9/><T134/><D134/><U56/><E63/><V10/><F10/><W67/><G67/><T31/><D31/><U53/><E59/><V4/><F4/><AGARI ba="0,1" hai="4,8,15,40,42,43,49,51,100,102,103" m="24682" machi="4" ten="30,1000,0" yaku="8,1" doraHai="128" who="0" fromWho="2" sc="250,20,224,0,292,-10,224,0" /><INIT seed="3,0,0,4,1,53" ten="270,224,282,224" oya="3" hai0="113,109,20,85,125,115,131,62,123,36,16,45,75" hai1="5,4,114,32,47,126,128,66,34,58,31,14,33" hai2="17,29,28,130,26,74,96,52,81,111,98,127,129" hai3="120,87,70,12,15,41,99,35,100,83,124,42,55"/><W76/><G120/><T44/><D75/><U7/><E114/><N who="0" m="43529" /><D123/><U64/><E58/><V108/><F127/><W48/><G35/><T88/><D125/><U91/><E126/><V19/><F52/><W27/><G70/><T51/><D109/><N who="2" m="42058" /><F96/><W122/><G122/><T61/><D131/><N who="2" m="50186" /><F98/><W8/><G27/><N who="0" m="14727" /><D36/><U37/><E66/><V134/><F134/><W67/><G67/><T39/><D39/><U3/><E64/><V104/><F104/><W118/><G118/><T78/><D78/><U10/><E37/><V69/><F69/><W30/><G30/><N who="2" m="11881" /><F26/><W84/><G84/><T54/><D44/><U2/><E47/><V89/><F89/><W133/><G133/><T106/><D106/><U6/><E91/><V101/><F101/><W107/><G124/><T9/><D9/><U121/><E128/><V97/><F97/><W68/><G68/><T59/><D59/><U132/><E132/><V103/><F103/><W72/><G72/><T116/><D116/><U22/><E121/><V13/><F13/><W63/><G63/><T95/><AGARI ba="0,0" hai="45,51,54,61,62,85,88,95" m="14727,43529" machi="95" ten="30,4000,0" yaku="11,1,54,2" doraHai="53" who="0" fromWho="0" sc="270,40,224,-10,282,-10,224,-20" owari="310,42.0,214,-19.0,272,7.0,204,-30.0" /></mjloggm>