<mjloggm ver="2.3"><GO type="97" lobby="0"/><UN n0="%65%71%6D%6D" n1="%E6%9A%87%E4%BA%BA%32%38%E5%8F%B7" n2="%61%7A%75%72%65" n3="%E3%82%A6%E3%83%AB%E3%83%88%E3%83%A9%E7%AB%8B%E7%9B%B4" dan="14,14,13,15" rate="1932.79,1914.41,1841.12,2031.44" sx="M,M,M,M"/><TAIKYOKU oya="0"/><INIT seed="0,0,0,2,4,72" ten="250,250,250,250" oya="0" hai0="103,13,40,135,27,8,26,132,84,36,83,122,47" hai1="75,29,54,88,73,11,104,23,93,58,63,87,19" hai2="41,97,38,60,92,90,7,108,114,125,12,62,66" hai3="120,17,46,79,16,99,10,61,119,52,35,25,109"/><T51/><D122/><U91/><E104/><V102/><F114/><W101/><G119/><T20/><D103/><U81/><E29/><V42/><F125/><W107/><G109/><T6/><D36/><U55/><E11/><V9/><F38/><W106/><G106/><T77/><D26/><U115/><E115/><V14/><F108/><W5/><G120/><T59/><D59/><U33/><E33/><V45/><F45/><W0/><G79/><T117/><D117/><U2/><E2/><V57/><F14/><W111/><G111/><T3/><D3/><U31/><E31/><AGARI ba="0,0" hai="6,8,13,20,27,31,40,47,51,77,83,84,132,135" machi="31" ten="40,7700,0" yaku="25,2,52,1" doraHai="72" who="0" fromWho="1" sc="250,77,250,-77,250,0,250,0" /><INIT seed="0,1,0,3,2,94" ten="327,173,250,250" oya="0" hai0="2,27,65,25,7,97,69,42,34,135,59,111,112" hai1="127,62,95,89,125,64,76,0,4,73,70,129,63" hai2="31,23,52,78,116,85,15,58,130,37,105,26,5" hai3="28,107,109,10,33,30,35,96,86,41,12,98,102"/><T119/><D119/><U57/><E129/><V93/><F116/><W9/><G109/><T91/><D112/><U67/><E73/><V82/><F130/><W74/><G74/><T117/><D117/><U132/><E76/><V79/><F37/><W48/><G86/><T68/><D42/><U11/><REACH who="1" step="1"/><E132/><REACH who="1" ten="327,163,250,250" step="2"/><V121/><F121/><W51/><G41/><T113/><D135/><U6/><E6/><V87/><F78/><W114/><G114/><T39/><D7/><U54/><E54/><V106/><F5/><W88/><G107/><T75/><D75/><U110/><E110/><V17/><F106/><W38/><G38/><T21/><D39/><U118/><E118/><V45/><F105/><W92/><G33/><T49/><D34/><U43/><E43/><V32/><F79/><W19/><G35/><T133/><D133/><U83/><E83/><V131/><F131/><W99/><G102/><T72/><D72/><U40/><E40/><V81/><F82/><W50/><G10/><T53/><D53/><U100/><E100/><V124/><F81/><W47/><G47/><T56/><D111/><U128/><E128/><V46/><F93/><W20/><G28/><T115/><D115/><U122/><E122/><V36/><F32/><W1/><G1/><T13/><D2/><U101/><E101/><V104/><F104/><W123/><G123/><T22/><D113/><U80/><E80/><V44/><F31/><W8/><G8/><T77/><D77/><U126/><E126/><V14/><F124/><W18/><G30/><T84/><D65/><U24/><E24/><AGARI ba="1,1" hai="9,12,18,19,20,24,48,50,51,88,92,96,98,99" machi="24" ten="40,12000,2" yaku="6,1,8,1,52,3,54,1" doraHai="94" who="3" fromWho="1" sc="327,0,163,-123,250,0,250,133" /><INIT seed="1,0,0,1,0,37" ten="327,40,250,383" oya="1" hai0="42,123,73,95,124,22,35,43,76,32,77,92,23" hai1="100,135,60,91,110,33,13,128,11,125,84,39,79" hai2="55,131,16,68,134,82,64,87,103,119,78,86,69" hai3="58,34,4,18,40,88,14,26,25,94,109,75,129"/><U36/><E135/><V20/><F119/><W81/><G109/><T59/><D59/><U47/><E128/><V24/><F131/><W28/><G129/><T133/><D73/><U50/><E33/><V127/><F134/><W51/><G4/><T21/><D133/><U113/><E113/><V10/><F127/><W49/><G49/><T101/><D101/><U93/><E125/><V121/><F121/><W19/><G26/><T45/><D124/><U106/><E110/><V122/><F64/><W115/><G115/><T114/><D114/><U67/><E79/><N who="0" m="30281" /><D45/><U97/><E60/><V104/><F10/><W130/><G81/><T105/><D105/><U99/><E99/><V63/><F87/><W108/><G18/><T62/><D62/><U30/><E30/><V7/><F7/><W85/><G75/><T8/><D8/><U83/><E67/><V107/><F107/><W89/><G89/><T71/><D71/><U53/><REACH who="1" step="1"/><E106/><REACH who="1" ten="327,30,250,383" step="2"/><V6/><F122/><W118/><G108/><T112/><D112/><U120/><E120/><V31/><F31/><W1/><G130/><T29/><D29/><U17/><AGARI ba="0,1" hai="11,13,17,36,39,47,50,53,83,84,91,93,97,100" machi="17" ten="20,12000,1" yaku="1,1,0,1,7,1,25,2,53,0" doraHai="37" doraHaiUra="126" who="1" fromWho="1" sc="327,-40,30,130,250,-40,383,-40" /><INIT seed="1,1,0,1,1,93" ten="287,160,210,343" oya="1" hai0="104,73,59,110,28,127,119,68,35,22,21,52,42" hai1="108,36,71,114,86,88,60,48,117,90,3,41,18" hai2="12,74,57,94,113,118,40,13,82,87,6,121,37" hai3="29,2,17,135,99,9,109,8,11,134,129,89,77"/><U4/><E117/><V51/><F121/><W15/><G109/><T91/><D119/><U72/><E114/><V65/><F118/><W98/><G129/><T100/><D110/><U96/><E72/><V23/><F37/><W97/><G77/><T45/><D68/><U56/><E108/><V58/><F74/><W78/><G78/><T101/><D73/><U83/><E3/><V32/><F32/><W33/><G89/><T34/><D127/><U62/><E4/><V0/><F0/><W26/><G2/><T43/><D91/><U38/><E18/><V67/><F94/><W107/><REACH who="3" step="1"/><G107/><REACH who="3" ten="287,160,210,333" step="2"/><T20/><D104/><U120/><E120/><V30/><F113/><W128/><G128/><T133/><D35/><U49/><E71/><V124/><F124/><W54/><G54/><T84/><D34/><U31/><E31/><V81/><F40/><W19/><G19/><T69/><D69/><U63/><E63/><V64/><F6/><W112/><G112/><T25/><D43/><U27/><E62/><V50/><F67/><W116/><G116/><T14/><D52/><U122/><E122/><V46/><F30/><W125/><G125/><T5/><D42/><U115/><E115/><V126/><F65/><W66/><G66/><T92/><D5/><U102/><E41/><V53/><F64/><W75/><G75/><T123/><D123/><U16/><E90/><V70/><F70/><W79/><G79/><T85/><D28/><U103/><E36/><V76/><F126/><W7/><G7/><T106/><D106/><U55/><E38/><V111/><F111/><RYUUKYOKU ba="1,1" sc="287,-10,160,-10,210,-10,333,30" hai3="8,9,11,15,17,26,29,33,97,98,99,134,135" /><INIT seed="2,2,1,0,0,12" ten="277,150,200,363" oya="2" hai0="104,88,76,78,4,130,101,108,122,29,103,96,11" hai1="49,128,134,55,60,98,25,5,119,1,82,43,107" hai2="21,73,16,66,42,120,84,59,46,87,56,112,2" hai3="32,68,8,117,85,24,27,89,127,114,116,109,31"/><V118/><F120/><W52/><G68/><T39/><D122/><U36/><E119/><V54/><F2/><W100/><G100/><T18/><D39/><U15/><E134/><V72/><F112/><W75/><G75/><T97/><D108/><U38/><E128/><V14/><F72/><W40/><G40/><T64/><D29/><U0/><E60/><V9/><F73/><W91/><G91/><T133/><D133/><U110/><E110/><V44/><F66/><W61/><G109/><T58/><D130/><U65/><E65/><V129/><F129/><W123/><G123/><T47/><D47/><N who="2" m="17962" /><F42/><W45/><G127/><T80/><D64/><U90/><E43/><V34/><F34/><W77/><G114/><T74/><D58/><N who="2" m="22058" /><F118/><W7/><G32/><T6/><D78/><U132/><E132/><V135/><F135/><W92/><G117/><T70/><D70/><U19/><E0/><V69/><F69/><W71/><G71/><T50/><D76/><U62/><E62/><V124/><F124/><W53/><G77/><T121/><D74/><U22/><E1/><V63/><F63/><W33/><G61/><T81/><D121/><U111/><E111/><V113/><F54/><N who="3" m="21099" /><G45/><T51/><D51/><U23/><E107/><V13/><F113/><W115/><G115/><T10/><D50/><U37/><E5/><AGARI ba="2,1" hai="5,9,13,14,16,21,84,87" m="22058,17962" machi="5" ten="30,5800,0" yaku="8,1,52,1,54,1" doraHai="12" who="2" fromWho="1" sc="277,0,150,-64,200,74,363,0" /><INIT seed="2,3,0,4,4,118" ten="277,86,274,363" oya="2" hai0="95,63,34,38,35,123,101,112,135,13,92,107,84" hai1="15,2,127,12,103,87,105,120,124,46,73,78,104" hai2="28,132,11,57,52,71,129,17,51,99,55,93,77" hai3="48,50,111,20,114,89,115,109,59,81,1,125,75"/><V79/><F132/><W64/><G1/><T40/><D112/><N who="3" m="43049" /><G125/><N who="1" m="48202" /><E2/><V18/><F129/><W26/><G50/><T102/><D13/><U56/><E46/><V10/><F28/><W86/><G75/><T16/><D63/><U90/><E56/><V62/><F71/><W67/><G48/><T7/><D40/><U91/><E12/><V116/><F116/><W6/><G6/><T30/><D30/><U96/><E15/><N who="2" m="7415" /><F18/><N who="3" m="12567" /><G59/><T44/><D16/><U113/><E113/><V134/><F11/><W53/><G53/><T25/><D7/><U85/><E73/><V27/><F27/><W108/><AGARI ba="3,0" hai="64,67,81,86,89,108,109,111" m="12567,43049" machi="108" ten="40,2700,0" yaku="14,1,11,1" doraHai="118" who="3" fromWho="3" sc="277,-10,86,-10,274,-16,363,36" /><INIT seed="3,0,0,0,4,34" ten="267,76,258,399" oya="3" hai0="36,30,82,135,117,32,111,0,53,47,49,128,46" hai1="69,12,27,48,54,60,14,88,56,115,62,17,43" hai2="50,24,37,41,64,33,44,38,80,1,11,70,81" hai3="18,104,8,94,127,26,121,95,107,71,131,57,100"/><W91/><G57/><T68/><D117/><U78/><E115/><V52/><F37/><W28/><G18/><T76/><D68/><U45/><E78/><V109/><F109/><W93/><G26/><T51/><D111/><U42/><E27/><V35/><F24/><W133/><G8/><T66/><D66/><U2/><E2/><V96/><F96/><W99/><G94/><T101/><D101/><U118/><E118/><V86/><F80/><W22/><G95/><T110/><D110/><U77/><E77/><V75/><F64/><W39/><G93/><T97/><D97/><U15/><E69/><V74/><F70/><W106/><G91/><T20/><D128/><U108/><E108/><V59/><F35/><W130/><G22/><T92/><D92/><U98/><E98/><V83/><F33/><W13/><G28/><T16/><D135/><U134/><E134/><V112/><F112/><W29/><G104/><T114/><D114/><U126/><E126/><V25/><F25/><W5/><G106/><T58/><D36/><U89/><E62/><V65/><F81/><W113/><G107/><T122/><D122/><U3/><E3/><V7/><REACH who="2" step="1"/><F65/><REACH who="2" ten="267,76,248,399" step="2"/><W40/><G71/><T87/><D0/><U102/><E102/><V6/><F6/><W116/><G5/><T19/><D32/><U63/><E17/><V84/><F84/><W4/><G99/><T125/><D125/><U124/><E124/><V120/><F120/><W123/><G123/><T105/><D105/><U31/><E31/><V9/><F9/><W132/><G121/><T23/><D30/><RYUUKYOKU ba="0,1" sc="267,-10,76,-10,248,30,399,-10" hai2="1,7,11,38,41,44,50,52,59,74,75,83,86" owari="257,-14.0,66,-43.0,278,8.0,399,49.0" /></mjloggm>