<mjloggm ver="2.3"><GO type="97" lobby="0"/><UN n0="%E3%82%A2%E3%83%AC%E4%BB%81" n1="%E3%81%95%E3%82%89%E3%81%A7%E3%81%83%E3%81%82" n2="%70%6F%73%74" n3="%E3%82%A6%E3%83%AB%E3%83%88%E3%83%A9%E7%AB%8B%E7%9B%B4" dan="13,13,13,15" rate="1897.27,1824.20,1894.82,2000.57" sx="M,F,M,M"/><TAIKYOKU oya="0"/><INIT seed="0,0,0,2,0,99" ten="250,250,250,250" oya="0" hai0="109,81,66,7,85,121,51,77,17,21,9,45,120" hai1="96,113,103,129,100,61,111,130,94,43,114,46,59" hai2="60,38,89,92,41,115,122,15,36,64,126,2,53" hai3="72,27,93,102,49,4,58,13,47,11,108,18,70"/><T6/><D66/><N who="1" m="39231" /><E111/><V28/><F2/><W50/><G70/><T54/><D109/><U106/><E46/><V5/><F122/><W12/><G72/><T95/><D7/><U119/><E43/><V14/><F115/><N who="1" m="44041" /><E119/><V35/><F126/><W55/><G27/><T91/><D6/><U79/><E79/><V87/><F53/><W117/><G117/><T52/><D9/><U67/><E67/><V123/><F92/><W19/><G108/><T26/><REACH who="0" step="1"/><D54/><REACH who="0" ten="240,250,250,250" step="2"/><U22/><E22/><V131/><F123/><W33/><G4/><T29/><D29/><U25/><E25/><V133/><F5/><W135/><G11/><T97/><AGARI ba="0,1" hai="17,21,26,45,51,52,77,81,85,91,95,97,120,121" machi="97" ten="20,7800,0" yaku="1,1,0,1,7,1,54,1,53,0" doraHai="99" doraHaiUra="57" who="0" fromWho="0" sc="240,88,250,-26,250,-26,250,-26" /><INIT seed="0,1,0,5,5,80" ten="328,224,224,224" oya="0" hai0="68,55,40,32,89,109,104,72,1,117,59,56,99" hai1="126,28,51,33,58,24,52,49,133,46,127,29,65" hai2="10,81,75,16,129,2,38,93,45,128,8,18,0" hai3="123,82,111,96,73,130,23,114,44,27,125,35,122"/><T22/><D117/><U101/><E133/><V115/><F115/><W12/><G114/><T91/><D32/><U26/><E101/><V70/><F70/><W3/><G3/><N who="2" m="1065" /><F93/><W76/><G125/><T103/><D72/><U42/><REACH who="1" step="1"/><E65/><REACH who="1" ten="328,214,224,224" step="2"/><V86/><F75/><W30/><G130/><N who="2" m="50281" /><F38/><W90/><G111/><T50/><D1/><U36/><E36/><V94/><F45/><W4/><G44/><T34/><D68/><U87/><E87/><V53/><F94/><W118/><G118/><T85/><D104/><U74/><E74/><V77/><F53/><W6/><G123/><T88/><D103/><U121/><E121/><V98/><F98/><W25/><G122/><T107/><D107/><U66/><E66/><V92/><F92/><W131/><G131/><T17/><D99/><U124/><E124/><V64/><F64/><W54/><G54/><T110/><D40/><U106/><E106/><V20/><F18/><W21/><G96/><T31/><D85/><U69/><E69/><V37/><F37/><W135/><G73/><T19/><D19/><U119/><E119/><V15/><AGARI ba="1,1" hai="8,10,15,16,20,77,81,86" m="50281,1065" machi="15" ten="30,4000,0" yaku="19,1,52,1,54,1" doraHai="80" who="2" fromWho="2" sc="328,-21,214,-11,224,53,224,-11" /><INIT seed="1,0,0,5,0,12" ten="307,203,277,213" oya="1" hai0="102,27,132,114,133,72,95,134,81,103,98,4,59" hai1="83,29,47,108,16,44,116,17,20,10,0,109,50" hai2="86,15,68,123,48,113,101,69,46,77,22,66,122" hai3="43,75,135,82,28,130,65,120,121,55,49,23,89"/><U85/><E116/><V131/><F113/><W107/><G107/><T67/><D114/><U118/><E118/><V63/><F131/><W51/><G65/><T129/><D129/><U38/><E38/><V11/><F69/><W62/><G130/><T126/><D4/><N who="1" m="1287" /><E29/><V56/><F101/><W104/><G62/><N who="0" m="38367" /><D126/><U79/><E20/><V40/><F22/><W105/><G104/><T34/><D34/><U78/><E79/><V127/><F127/><W2/><G105/><T94/><D27/><U97/><E97/><V24/><F24/><W100/><G2/><T19/><D95/><U54/><E47/><V60/><F77/><W36/><G23/><T37/><D37/><U6/><E6/><V57/><F86/><W52/><G36/><T8/><D72/><U25/><E25/><V45/><F45/><W91/><G75/><T32/><D32/><U53/><E54/><V93/><F93/><W74/><G74/><T96/><D81/><U58/><E44/><V26/><F26/><W35/><G82/><T88/><D98/><U7/><E7/><V21/><F21/><W119/><G119/><T5/><D5/><U92/><E92/><V9/><F9/><W13/><G35/><T33/><D33/><U115/><E115/><V125/><F125/><W106/><G106/><T128/><D128/><U76/><E78/><V124/><F124/><W64/><G28/><T84/><D96/><U73/><E73/><V117/><F117/><W18/><G13/><AGARI ba="0,0" hai="8,13,19,84,88,94,102,103,132,133,134" m="38367" machi="13" ten="30,3900,0" yaku="20,1,52,1,54,1" doraHai="12" who="0" fromWho="3" sc="307,39,203,0,277,0,213,-39" /><INIT seed="2,0,0,1,0,49" ten="346,203,277,174" oya="2" hai0="103,33,21,10,135,30,124,9,88,102,107,65,85" hai1="120,131,50,115,36,101,0,109,123,26,40,59,44" hai2="14,82,55,2,37,54,46,1,66,43,63,111,20" hai3="58,6,110,116,19,61,99,105,74,67,3,129,100"/><V91/><F111/><W51/><G74/><T27/><D135/><U73/><E0/><V62/><F2/><W121/><G121/><N who="1" m="46666" /><E73/><V53/><F1/><W122/><G122/><T117/><D124/><U83/><E101/><V89/><F82/><W23/><G110/><T75/><D75/><U108/><E83/><V32/><F32/><W48/><G129/><T38/><D38/><U29/><E115/><V132/><F132/><W42/><G116/><T31/><D117/><U97/><E97/><V56/><F91/><W77/><G77/><T119/><D119/><U16/><E131/><V125/><F125/><W41/><G6/><T52/><D65/><U7/><E7/><V8/><F20/><W90/><G90/><T24/><D107/><U70/><E70/><V47/><F89/><W28/><G28/><T34/><D21/><N who="1" m="13607" /><E29/><V25/><F25/><W71/><G3/><T98/><D98/><U39/><E39/><V68/><F47/><W94/><G105/><T45/><D103/><U127/><E127/><V93/><REACH who="2" step="1"/><F93/><REACH who="2" ten="346,203,267,174" step="2"/><W4/><G94/><T95/><D102/><U104/><E104/><V80/><F80/><W22/><G100/><T96/><D96/><U57/><E57/><V106/><F106/><W84/><G99/><T60/><D45/><N who="1" m="23687" /><E59/><AGARI ba="0,1" hai="9,10,24,27,30,31,33,34,52,59,60,85,88,95" machi="59" ten="40,8000,1" yaku="9,1,52,1,54,2" doraHai="49" who="0" fromWho="1" sc="346,90,203,-80,267,0,174,0" /><INIT seed="3,0,0,0,2,49" ten="436,123,267,174" oya="3" hai0="70,78,124,34,67,100,69,85,106,83,126,9,50" hai1="46,120,0,15,94,65,63,68,101,79,115,125,84" hai2="6,105,53,30,102,99,76,3,62,52,58,64,132" hai3="24,35,91,75,43,122,14,40,98,87,66,54,10"/><W60/><G75/><T127/><D34/><U90/><E120/><V104/><F132/><W28/><G98/><N who="0" m="61719" /><D67/><U29/><E115/><V93/><F76/><W4/><G122/><T38/><D38/><U71/><E0/><V19/><F19/><W129/><G129/><T21/><D9/><U7/><E125/><V25/><F104/><W97/><G97/><T22/><D50/><U109/><E109/><V1/><F105/><W13/><G13/><T96/><D96/><U26/><E101/><V12/><F3/><W121/><G121/><T23/><AGARI ba="0,0" hai="21,22,23,69,70,78,83,85,124,126,127" m="61719" machi="23" ten="40,1500,0" yaku="18,1" doraHai="49" who="0" fromWho="0" sc="436,15,123,-4,267,-4,174,-7" owari="451,55.0,119,-38.0,263,6.0,167,-23.0" /></mjloggm>