<mjloggm ver="2.3"><GO type="97" lobby="0"/><UN n0="%E3%81%A7%E3%82%93%E3%81%A7%E3%82%93%E2%99%AA" n1="%E3%82%B7%E3%83%BC%E3%83%9E%31%38%36%36" n2="%E5%8C%97%E9%A2%A8%E4%B8%87%E4%BD%9C" n3="%E3%82%A6%E3%83%AB%E3%83%88%E3%83%A9%E7%AB%8B%E7%9B%B4" dan="13,13,13,15" rate="1878.24,1885.16,1891.50,2001.45" sx="F,M,M,M"/><TAIKYOKU oya="0"/><INIT seed="0,0,0,2,1,76" ten="250,250,250,250" oya="0" hai0="44,114,26,45,116,14,43,89,11,108,39,128,58" hai1="75,1,12,4,126,21,82,29,36,100,28,55,78" hai2="98,49,81,93,54,40,22,90,13,92,111,74,31" hai3="105,73,20,33,124,34,66,25,35,85,5,68,104"/><T48/><D114/><U96/><E36/><V107/><F111/><W72/><G5/><T42/><D116/><U6/><E126/><V129/><F129/><W16/><G124/><T57/><D128/><U8/><E1/><V47/><F107/><W102/><G66/><T60/><D108/><U77/><E77/><V51/><F74/><W63/><G63/><T132/><D132/><U46/><E46/><V86/><F98/><W79/><G68/><T61/><D26/><U65/><E65/><V115/><F115/><W117/><G117/><T69/><D89/><U87/><E55/><V56/><REACH who="2" step="1"/><F13/><REACH who="2" ten="250,250,240,250" step="2"/><W91/><G104/><T18/><D69/><U127/><E127/><V32/><F32/><W88/><G73/><T24/><D24/><AGARI ba="0,1" hai="22,24,31,40,47,49,51,54,56,81,86,90,92,93" machi="24" ten="40,5200,0" yaku="1,1,8,1,52,1,53,0" doraHai="76" doraHaiUra="67" who="2" fromWho="0" sc="250,-52,250,0,240,62,250,0" /><INIT seed="1,0,0,0,0,41" ten="198,250,302,250" oya="1" hai0="98,57,111,94,60,6,90,71,132,45,35,30,129" hai1="34,133,61,125,32,10,51,78,16,12,66,89,63" hai2="49,84,46,33,62,103,65,81,75,82,40,121,52" hai3="99,2,88,27,77,80,18,69,28,100,115,101,117"/><U122/><E122/><V97/><F33/><W76/><G2/><T23/><D35/><U130/><E130/><V106/><F121/><W124/><G69/><T1/><D71/><U17/><E133/><V24/><F75/><W114/><G18/><T85/><D132/><U116/><E116/><V13/><F24/><W83/><G27/><N who="0" m="16767" /><D129/><U39/><E39/><V134/><F134/><W5/><G5/><T55/><D111/><U87/><E125/><V110/><F110/><W92/><G28/><T127/><D127/><U131/><E78/><N who="3" m="30314" /><G124/><T56/><D1/><U14/><E131/><V91/><F82/><N who="3" m="31275" /><G117/><T86/><D6/><U58/><E63/><V31/><F31/><W67/><G67/><N who="0" m="39303" /><D57/><U102/><E102/><AGARI ba="0,0" hai="88,92,99,100,101,102,114,115" m="31275,30314" machi="102" ten="30,3900,0" yaku="34,2,54,1" doraHai="41" who="3" fromWho="1" sc="198,0,250,-39,302,0,250,39" /><INIT seed="2,0,0,0,1,95" ten="198,211,302,289" oya="2" hai0="113,75,79,127,96,1,80,19,59,101,131,129,45" hai1="36,77,102,35,40,31,3,78,14,22,104,46,48" hai2="99,124,16,28,30,66,65,27,60,51,121,74,52" hai3="70,108,20,119,34,32,114,8,82,69,72,112,56"/><V24/><F121/><W64/><G8/><T116/><D1/><U109/><E35/><V7/><F74/><W43/><G119/><T4/><D4/><U68/><E68/><V90/><F7/><W92/><G43/><T53/><D45/><U41/><E3/><V0/><F124/><W71/><G108/><T122/><D122/><U29/><E109/><V37/><F37/><W135/><G135/><T6/><D6/><U117/><E117/><V85/><F0/><W73/><G20/><T42/><D42/><U76/><E36/><V55/><F60/><W93/><G56/><T86/><D113/><N who="3" m="43625" /><G64/><T58/><D116/><U67/><E67/><N who="2" m="25611" /><F85/><W87/><G73/><T120/><D120/><U50/><E102/><V44/><F55/><W88/><G72/><T57/><D127/><U106/><E14/><V89/><F89/><N who="3" m="51447" /><G92/><T107/><D19/><U11/><E11/><V12/><F27/><W123/><G123/><T98/><D75/><U81/><E81/><V2/><F24/><W15/><G15/><T100/><D53/><U84/><E22/><N who="2" m="11527" /><F2/><W39/><G39/><T115/><D115/><U83/><E41/><V134/><F134/><W125/><G125/><T10/><D10/><U62/><E62/><V110/><F110/><W13/><G13/><T18/><D18/><U111/><E50/><V126/><F126/><W105/><G105/><AGARI ba="0,0" hai="57,58,59,79,80,86,96,98,100,101,105,107,129,131" machi="105" ten="40,5200,0" yaku="9,1,52,2" doraHai="95" who="0" fromWho="3" sc="198,52,211,0,302,0,289,-52" /><INIT seed="3,0,0,2,5,26" ten="250,211,302,237" oya="3" hai0="25,109,22,90,58,21,36,115,79,60,55,100,27" hai1="99,92,108,65,50,85,123,57,86,88,62,52,37" hai2="70,64,6,61,23,107,66,67,122,42,10,124,32" hai3="29,30,127,74,110,78,132,126,102,117,20,28,105"/><W63/><G117/><T135/><D36/><U87/><E108/><V113/><F32/><W120/><G120/><T119/><D119/><U0/><E0/><V69/><F107/><W4/><G110/><T75/><D109/><U35/><E35/><V116/><F42/><W118/><G118/><T49/><D135/><U128/><E128/><V96/><F116/><W17/><G4/><T81/><D115/><U7/><E7/><V19/><F113/><W73/><G132/><T15/><D100/><U114/><E114/><V94/><F124/><N who="3" m="47659" /><G78/><T13/><D90/><N who="1" m="55703" /><E123/><V31/><F122/><W103/><G63/><T3/><D3/><U80/><E37/><V82/><F61/><W83/><G83/><T68/><D68/><U2/><E2/><V12/><F82/><W44/><G44/><AGARI ba="0,0" hai="44,50,52,57,62,65,80,85,86,87,88" m="55703" machi="44" ten="30,3900,0" yaku="8,1,54,2" doraHai="26" who="1" fromWho="3" sc="250,0,211,39,302,0,237,-39" owari="250,5.0,250,-15.0,302,40.0,198,-30.0" /></mjloggm>