<mjloggm ver="2.3"><GO type="97" lobby="0"/><UN n0="%E3%82%A6%E3%83%AB%E3%83%88%E3%83%A9%E7%AB%8B%E7%9B%B4" n1="%54%4F%45" n2="%E8%8C%B6%E7%B2%A5" n3="%E3%81%93%E3%82%8C%E3%81%AF%E6%95%99%E8%82%B2%E3%82%84%E3%82%8D%E3%81%AA" dan="15,15,14,14" rate="1977.16,1962.88,1913.21,2049.69" sx="M,M,M,F"/><TAIKYOKU oya="0"/><INIT seed="0,0,0,2,5,96" ten="250,250,250,250" oya="0" hai0="64,73,76,29,88,79,124,102,1,111,117,66,31" hai1="53,71,7,107,129,36,50,134,30,77,94,58,21" hai2="72,6,25,69,41,99,93,33,22,5,61,2,49" hai3="95,123,116,135,80,125,35,98,83,74,103,17,52"/><T38/><BYE who="1" /><D1/><U0/><E0/><V55/><F72/><W115/><G116/><T75/><D38/><U90/><E90/><V59/><F33/><W68/><G115/><T85/><D85/><U14/><E14/><V127/><F2/><W131/><G68/><T56/><D56/><U18/><E18/><V118/><F118/><W100/><G35/><T54/><D117/><U24/><E24/><V108/><F108/><W26/><G123/><T10/><D10/><U106/><E106/><V13/><F13/><W16/><G131/><T110/><D88/><U11/><E11/><V28/><F127/><W4/><G125/><T104/><D124/><U78/><E78/><V126/><F126/><UN n1="%54%4F%45" /><W112/><G135/><T60/><D104/><U109/><E134/><V87/><F87/><W101/><G74/><T46/><D54/><U47/><E129/><V133/><F133/><W57/><G4/><T3/><D3/><U48/><E109/><V19/><F28/><W12/><G26/><T40/><D40/><U8/><E71/><V81/><F81/><N who="3" m="31307" /><G112/><T15/><D15/><N who="1" m="5535" /><E107/><V39/><F39/><W82/><G82/><T91/><D91/><U9/><E77/><V130/><F130/><W121/><G121/><T65/><D65/><U119/><E119/><V67/><F41/><W27/><G27/><T92/><D92/><U62/><E94/><V114/><F114/><W51/><G12/><T32/><D32/><U105/><E105/><V34/><F34/><W97/><G95/><T45/><D60/><U63/><E63/><V132/><F132/><W42/><G42/><RYUUKYOKU ba="0,0" sc="250,10,250,-30,250,10,250,10" hai0="29,31,45,46,64,66,73,75,76,79,102,110,111" hai2="5,6,19,22,25,49,55,59,61,67,69,93,99" hai3="16,17,51,52,57,97,98,100,101,103" /><INIT seed="0,1,0,3,5,113" ten="260,220,260,260" oya="0" hai0="129,115,112,72,101,16,34,32,58,80,122,9,37" hai1="100,0,131,77,22,18,42,24,17,127,116,4,128" hai2="76,27,12,108,133,92,28,59,120,94,90,70,96" hai3="71,135,41,107,83,60,47,110,46,81,38,2,68"/><T89/><D37/><U121/><E121/><V36/><F120/><W54/><G107/><T5/><D101/><U95/><E127/><V91/><F70/><W14/><G2/><N who="0" m="183" /><D58/><U123/><E123/><V48/><F36/><W134/><G110/><T117/><D89/><U57/><E116/><V56/><F108/><W21/><G81/><T118/><D122/><U79/><E42/><V43/><F76/><N who="1" m="29257" /><E57/><V67/><F133/><N who="3" m="50699" /><G83/><T7/><D80/><U106/><E106/><V111/><F111/><W103/><G103/><T23/><D7/><U8/><E95/><V82/><F82/><W61/><G47/><T73/><D73/><U53/><E53/><V109/><F109/><W30/><G54/><T55/><D55/><U98/><E98/><V88/><F67/><W50/><G38/><T126/><D72/><U1/><E100/><N who="2" m="60423" /><F94/><W45/><G46/><T84/><D84/><U15/><E18/><V85/><F85/><W13/><G68/><T26/><D126/><U105/><E105/><V86/><F86/><W44/><G45/><T52/><D52/><U39/><E39/><V10/><F43/><W20/><G71/><T11/><D11/><U19/><E0/><V97/><F48/><W49/><G50/><T102/><D102/><U124/><E124/><V75/><F75/><W132/><G132/><T6/><D6/><U99/><E99/><V119/><F97/><W29/><G61/><T93/><D93/><U114/><E131/><V63/><F63/><W51/><G51/><T33/><D129/><U130/><E114/><AGARI ba="1,0" hai="16,23,26,32,33,34,112,114,115,117,118" m="183" machi="114" ten="40,12000,1" yaku="34,2,52,2,54,1" doraHai="113" who="0" fromWho="1" sc="260,123,220,-123,260,0,260,0" /><INIT seed="0,2,0,0,3,17" ten="383,97,260,260" oya="0" hai0="2,112,128,47,90,42,81,133,44,41,120,21,96" hai1="22,52,12,109,6,102,84,48,86,80,126,88,132" hai2="14,31,95,8,46,130,62,26,73,11,10,129,99" hai3="118,35,119,43,83,45,92,72,124,121,135,24,58"/><T27/><D2/><U103/><E126/><V38/><F73/><W100/><G124/><T106/><D120/><U30/><E132/><V57/><F38/><W65/><G121/><T39/><D112/><U5/><E109/><V25/><F46/><W29/><G135/><T50/><D133/><U0/><E0/><V77/><F77/><BYE who="2" /><W85/><G72/><T61/><D128/><U59/><E86/><V94/><F94/><W36/><G92/><UN n2="%E8%8C%B6%E7%B2%A5" /><T53/><D106/><U37/><E37/><V69/><F69/><W54/><G65/><T23/><D27/><N who="1" m="16759" /><E12/><V60/><F14/><W7/><G7/><AGARI ba="2,0" hai="5,6,7,48,52,59,80,84,88,102,103" m="16759" machi="7" ten="30,7700,0" yaku="8,1,52,1,54,2" doraHai="17" who="1" fromWho="3" sc="383,0,97,83,260,0,260,-83" /><INIT seed="1,0,0,4,3,108" ten="383,180,260,177" oya="1" hai0="49,29,9,125,96,97,31,89,68,52,135,39,1" hai1="28,116,10,27,80,104,22,25,20,11,133,113,42" hai2="43,103,124,59,47,26,4,38,33,99,13,79,5" hai3="106,72,120,64,69,70,86,93,40,95,101,131,88"/><U30/><E104/><V83/><F124/><W3/><G3/><T121/><D68/><U134/><E42/><V105/><F59/><W87/><G120/><T71/><D39/><U44/><E44/><V128/><F128/><W8/><G131/><T91/><D71/><U46/><E46/><V63/><F63/><W119/><G119/><T60/><D1/><U12/><E80/><V62/><F62/><W65/><G40/><T66/><D9/><N who="1" m="3083" /><E116/><V57/><F57/><W74/><G8/><T94/><D125/><U54/><E54/><V118/><F13/><W58/><G58/><N who="0" m="37143" /><D121/><U82/><E82/><V114/><F118/><W53/><G53/><T98/><D135/><N who="1" m="51723" /><E12/><V17/><F5/><W123/><G123/><T77/><D77/><U34/><E113/><V45/><F45/><W110/><G106/><T111/><D94/><U6/><E6/><V61/><F61/><W32/><G110/><T19/><D111/><U92/><E92/><V2/><F4/><W0/><G0/><T100/><D52/><U24/><E34/><V18/><F2/><W109/><G109/><T84/><D49/><U75/><E75/><V85/><F114/><W36/><G32/><T117/><D117/><U48/><E48/><V81/><F81/><W16/><G36/><T73/><D73/><U107/><E107/><V112/><F112/><W7/><G7/><T37/><D37/><U51/><E51/><V76/><F76/><W41/><G41/><T55/><D55/><U35/><E35/><V14/><F14/><W122/><G122/><T21/><D100/><U126/><E126/><RYUUKYOKU ba="0,0" sc="383,-15,180,15,260,15,177,-15" hai1="20,22,24,25,27,28,30" hai2="17,18,26,33,38,43,47,79,83,85,99,103,105" /><INIT seed="1,1,0,3,4,60" ten="368,195,275,162" oya="1" hai0="43,21,106,101,11,81,56,20,128,97,58,34,35" hai1="99,70,78,127,55,18,126,66,14,133,112,80,119" hai2="88,68,130,95,38,107,102,37,2,108,134,117,79" hai3="132,94,27,17,123,32,15,10,93,52,9,54,104"/><U23/><E119/><V33/><RYUUKYOKU type="yao9" ba="1,0" sc="368,0,195,0,275,0,162,0" hai2="2,33,37,38,68,79,88,95,102,107,108,117,130,134" /><INIT seed="1,2,0,1,0,59" ten="368,195,275,162" oya="1" hai0="94,93,56,123,122,9,133,63,90,44,96,89,129" hai1="50,87,28,116,64,68,84,66,47,40,95,29,55" hai2="30,124,49,35,61,42,102,100,121,101,33,98,4" hai3="48,75,12,11,132,86,65,115,125,41,81,126,74"/><U103/><E116/><V62/><F121/><N who="0" m="46090" /><D129/><U78/><E68/><V97/><F4/><W52/><G115/><T51/><D9/><U130/><E130/><V58/><F35/><W80/><G132/><T79/><D79/><U46/><E78/><V31/><F33/><W20/><G20/><T111/><D111/><U15/><E15/><V23/><F124/><N who="3" m="47723" /><G41/><T110/><D110/><U36/><E103/><V37/><F37/><W27/><G27/><T26/><D26/><U128/><E128/><V1/><F1/><W3/><G3/><T117/><D117/><U18/><E18/><V0/><F0/><W60/><G11/><T19/><D19/><U32/><E32/><V135/><F135/><W118/><G12/><T57/><D57/><U119/><E119/><V99/><F23/><W131/><G131/><T71/><D71/><U106/><E106/><V85/><F85/><N who="1" m="32841" /><E95/><V54/><F42/><W114/><G114/><T21/><D21/><U112/><E112/><V92/><F92/><W108/><G108/><T113/><D113/><U45/><E36/><V83/><F83/><N who="3" m="31819" /><G118/><T22/><D22/><U25/><E40/><V2/><F2/><W53/><G86/><T134/><D133/><U7/><E7/><V91/><F91/><W43/><G43/><N who="0" m="24991" /><D134/><U14/><E14/><V6/><F6/><W5/><G5/><T127/><D127/><U72/><E29/><AGARI ba="2,0" hai="29,30,31,49,54,58,61,62,97,98,99,100,101,102" machi="29" ten="40,5200,0" yaku="8,1,52,2" doraHai="59" who="2" fromWho="1" sc="368,0,195,-58,275,58,162,0" /><INIT seed="2,0,0,4,2,84" ten="368,137,333,162" oya="2" hai0="101,20,112,10,103,104,118,14,128,130,95,58,41" hai1="32,52,73,2,114,29,131,67,15,99,116,102,94" hai2="26,62,89,34,46,16,44,75,54,115,92,117,72" hai3="106,74,113,30,40,11,31,68,38,19,129,64,17"/><V23/><F117/><W21/><G74/><T91/><D112/><U90/><E2/><V12/><F115/><W76/><G106/><T81/><D104/><U18/><E116/><V135/><F75/><W111/><G113/><T97/><D118/><U28/><E131/><N who="0" m="50217" /><D41/><U109/><E114/><V49/><F72/><W123/><G129/><T85/><D58/><U125/><E73/><V124/><F135/><W51/><G38/><T87/><D20/><U105/><E125/><V57/><F124/><W56/><G56/><T98/><D14/><U7/><E7/><V13/><F34/><W134/><G134/><T133/><D10/><U42/><E109/><V48/><F48/><W36/><G11/><T33/><D33/><U59/><E67/><N who="2" m="39375" /><F44/><W126/><G36/><T53/><D53/><U6/><E42/><V86/><AGARI ba="0,0" hai="12,13,16,23,26,46,49,54,86,89,92" m="39375" machi="86" ten="30,6000,0" yaku="8,1,52,1,54,1" doraHai="84" who="2" fromWho="2" sc="368,-20,137,-20,333,60,162,-20" /><INIT seed="2,1,0,3,5,23" ten="348,117,393,142" oya="2" hai0="63,84,98,25,104,100,112,70,54,10,124,51,92" hai1="77,87,83,53,7,4,46,13,107,61,36,113,106" hai2="117,80,44,62,33,9,40,135,75,101,89,127,128" hai3="29,31,57,102,12,94,16,79,109,71,76,56,126"/><V2/><F117/><W22/><G109/><T90/><D112/><U19/><E113/><V67/><F33/><W0/><G0/><T20/><D124/><U105/><E36/><V86/><F127/><W72/><G72/><T131/><D131/><U129/><E129/><V45/><F128/><W11/><G71/><T18/><D10/><U111/><E111/><V65/><F75/><W37/><G37/><T78/><D78/><N who="3" m="29737" /><G126/><T119/><D119/><U82/><E82/><V123/><F123/><W41/><G41/><T32/><D32/><U5/><E46/><V116/><F116/><W1/><G1/><T24/><D63/><U21/><E61/><V49/><F101/><W121/><G121/><T110/><D70/><U115/><E115/><V17/><F135/><W3/><G3/><T108/><D110/><U14/><REACH who="1" step="1"/><E53/><REACH who="1" ten="348,107,393,142" step="2"/><V66/><F45/><W85/><G57/><T93/><D108/><U27/><AGARI ba="1,1" hai="4,5,7,13,14,19,21,27,77,83,87,105,106,107" machi="27" ten="40,8000,1" yaku="1,1,2,1,0,1,52,1,53,0" doraHai="23" doraHaiUra="50" who="1" fromWho="1" sc="348,-21,107,93,393,-41,142,-21" /><INIT seed="3,0,0,0,5,102" ten="327,200,352,121" oya="3" hai0="68,47,131,87,95,19,1,100,72,78,35,10,128" hai1="135,17,124,93,22,123,103,56,129,21,89,32,59" hai2="133,50,18,5,29,66,84,122,97,101,61,57,27" hai3="92,15,33,38,9,34,118,115,12,77,3,70,8"/><W132/><G118/><T108/><D35/><U37/><E124/><V127/><F127/><W99/><G38/><T113/><D68/><U24/><E129/><V44/><F5/><W117/><G70/><T55/><D72/><U65/><E135/><V41/><F133/><W43/><G132/><T69/><D69/><U71/><E37/><V36/><F122/><W82/><G117/><T111/><D55/><U28/><E103/><V25/><F36/><W6/><G115/><T109/><D47/><U94/><E32/><V130/><F130/><N who="0" m="49706" /><D113/><U31/><E123/><V110/><F110/><W48/><G3/><T114/><D114/><U13/><E71/><V40/><F84/><W60/><G60/><T79/><D1/><U104/><E104/><V46/><F18/><W0/><G0/><T81/><D19/><N who="1" m="12351" /><E94/><N who="2" m="58551" /><F44/><W30/><G30/><N who="1" m="11306" /><E65/><V39/><F39/><W26/><G26/><N who="2" m="9737" /><F29/><W7/><G43/><AGARI ba="0,0" hai="40,41,43,46,50,57,61,66" m="9737,58551" machi="43" ten="30,1000,0" yaku="8,1" doraHai="102" who="2" fromWho="3" sc="327,0,200,0,352,10,121,-10" owari="327,13.0,200,-20.0,362,46.0,111,-39.0" /></mjloggm>