<mjloggm ver="2.3"><GO type="97" lobby="0"/><UN n0="%6D%6F%74%75%7A%75%72%65" n1="%73%61%72%61%7A%6F" n2="%E3%82%A6%E3%83%AB%E3%83%88%E3%83%A9%E7%AB%8B%E7%9B%B4" n3="%E5%8F%A4%E6%B2%A2%E4%BA%9C%E7%B4%94" dan="14,16,15,15" rate="1920.16,2049.41,1956.88,1964.54" sx="M,M,M,F"/><TAIKYOKU oya="0"/><INIT seed="0,0,0,0,0,82" ten="250,250,250,250" oya="0" hai0="57,117,123,116,92,48,105,20,59,131,124,8,53" hai1="41,112,4,85,14,29,70,45,32,3,50,84,76" hai2="62,74,2,61,10,40,120,71,60,58,114,28,34" hai3="89,127,6,17,94,101,129,108,118,65,39,103,79"/><T16/><D123/><U77/><E70/><V27/><F114/><W115/><G115/><T122/><D105/><U135/><E112/><V100/><F120/><W78/><G118/><T126/><D122/><U63/><E3/><V121/><F121/><W113/><G113/><T125/><D131/><U75/><E75/><V22/><F71/><W24/><G129/><T30/><D30/><U42/><E135/><V97/><F74/><W81/><G39/><T9/><D92/><U21/><E32/><V90/><F34/><W96/><G108/><T43/><D43/><U37/><E37/><V56/><F40/><W128/><G128/><T69/><D69/><U33/><E33/><V68/><F68/><W47/><G127/><N who="0" m="32515" /><T25/><DORA hai="66" /><D59/><U12/><E63/><V102/><F2/><W11/><G65/><T55/><D55/><U93/><E93/><N who="2" m="56503" /><F10/><AGARI ba="0,0" hai="8,9,10,16,20,25,48,53,57,116,117" m="32515" machi="10" ten="40,3900,0" yaku="18,1,54,1" doraHai="82,66" who="0" fromWho="2" sc="250,39,250,0,250,-39,250,0" /><INIT seed="0,1,0,5,1,121" ten="289,250,211,250" oya="0" hai0="134,111,81,15,71,63,24,105,69,11,34,77,86" hai1="54,42,97,92,82,28,31,65,41,19,8,124,118" hai2="57,49,13,133,102,115,51,0,78,112,45,98,93" hai3="64,66,108,87,107,39,94,125,25,33,44,29,100"/><T130/><D105/><U61/><E118/><V76/><F0/><W1/><G1/><T106/><D106/><U90/><E54/><N who="2" m="31967" /><F133/><W10/><G125/><T72/><D134/><U6/><E124/><V79/><F112/><W123/><G123/><T47/><D130/><U119/><E119/><V55/><F115/><W2/><G94/><T5/><D111/><U56/><E19/><V88/><F13/><W37/><G108/><T48/><D72/><U113/><E113/><V3/><F3/><W122/><G122/><T117/><D117/><U101/><E101/><AGARI ba="1,0" hai="45,49,55,76,78,79,88,93,98,101,102" m="31967" machi="101" ten="30,2000,0" yaku="8,1,54,1" doraHai="121" who="2" fromWho="1" sc="289,0,250,-23,211,23,250,0" /><INIT seed="1,0,0,1,3,32" ten="289,227,234,250" oya="1" hai0="36,81,112,30,22,11,103,126,28,115,99,68,113" hai1="120,45,24,49,52,122,9,72,105,59,107,29,100" hai2="3,80,91,79,110,42,26,41,76,93,73,67,83" hai3="13,10,86,51,1,124,57,46,35,63,127,131,69"/><U71/><E71/><V17/><F110/><W116/><G35/><T111/><D68/><U94/><E72/><V135/><F135/><W55/><G131/><T27/><D36/><U77/><E77/><V123/><F123/><W44/><G69/><T62/><D111/><U25/><E122/><V58/><F3/><W37/><G116/><T50/><D126/><N who="3" m="48169" /><G1/><T53/><D62/><U43/><E120/><V60/><F17/><N who="3" m="8375" /><G86/><T88/><D11/><U38/><E9/><V5/><F5/><W70/><G37/><T133/><D133/><U18/><E18/><V128/><F128/><W54/><G70/><T47/><D30/><U2/><E2/><V34/><F26/><W132/><G132/><T21/><D21/><U109/><E109/><V119/><F34/><W0/><G0/><T56/><D47/><AGARI ba="0,0" hai="44,46,47,51,54,55,57,63" m="8375,48169" machi="47" ten="30,1000,0" yaku="18,1" doraHai="32" who="3" fromWho="0" sc="289,-10,227,0,234,0,250,10" /><INIT seed="2,0,0,2,2,102" ten="279,227,234,260" oya="2" hai0="124,31,127,103,22,119,55,97,106,18,85,112,105" hai1="15,121,4,129,134,6,60,32,40,131,54,77,118" hai2="108,123,28,114,120,100,41,46,5,133,50,25,64" hai3="90,84,43,1,94,82,29,61,76,12,63,33,95"/><V71/><F114/><W57/><G1/><T47/><D112/><U128/><E32/><V10/><F133/><W68/><G68/><T89/><D31/><U30/><E30/><V107/><F108/><W86/><G43/><T67/><D67/><U96/><E134/><V88/><F88/><W73/><G29/><T17/><D119/><U26/><E26/><V49/><F49/><W91/><G33/><T13/><D17/><U70/><E118/><V122/><F64/><W2/><G2/><T52/><D47/><U99/><E40/><V78/><F71/><W111/><G111/><T20/><D20/><U109/><E109/><V35/><F78/><W59/><G12/><T113/><D113/><U79/><E70/><V7/><REACH who="2" step="1"/><F10/><REACH who="2" ten="279,227,224,260" step="2"/><W93/><G76/><N who="1" m="29258" /><E99/><AGARI ba="0,1" hai="5,7,25,28,35,41,46,50,99,100,107,120,122,123" machi="99" ten="40,3900,0" yaku="1,1,52,1,53,0" doraHai="102" doraHaiUra="80" who="2" fromWho="1" sc="279,0,227,-39,224,49,260,0" /><INIT seed="2,1,0,2,5,10" ten="279,188,273,260" oya="2" hai0="59,17,72,79,62,85,108,56,34,86,92,135,48" hai1="116,115,117,126,70,43,45,50,74,112,80,130,14" hai2="26,16,71,98,61,24,60,89,104,41,78,128,90" hai3="114,46,63,125,4,75,35,83,20,109,55,42,51"/><V111/><F128/><W102/><G35/><T29/><D108/><U133/><E74/><V118/><F118/><N who="1" m="45673" /><E80/><V88/><F111/><W3/><G109/><T124/><D124/><U57/><E14/><V67/><F78/><W100/><G125/><T2/><D135/><U101/><E101/><V68/><F41/><W134/><G134/><T32/><D2/><U66/><E126/><V64/><F16/><W52/><G114/><N who="1" m="43562" /><E133/><V9/><F9/><W21/><G4/><T132/><D132/><U123/><E130/><V97/><F104/><W31/><G3/><T1/><D1/><U65/><E123/><V107/><F107/><W82/><G75/><T84/><D17/><U95/><E95/><V96/><AGARI ba="1,0" hai="24,26,60,61,64,67,68,71,88,89,90,96,97,98" machi="96" ten="30,6000,0" yaku="0,1,9,1,54,1" doraHai="10" who="2" fromWho="2" sc="279,-21,188,-21,273,63,260,-21" /><INIT seed="2,2,0,1,5,128" ten="258,167,336,239" oya="2" hai0="11,122,34,92,86,71,58,88,97,57,14,116,93" hai1="25,55,5,129,115,83,27,90,76,13,118,64,121" hai2="26,10,59,30,77,8,70,47,124,3,62,101,127" hai3="42,98,53,1,135,9,68,108,104,31,74,19,114"/><V94/><F70/><W0/><G53/><T38/><D116/><U12/><E118/><V66/><F77/><W113/><G42/><T60/><D122/><U119/><E119/><V36/><F47/><W126/><G68/><T39/><D34/><U51/><E64/><V7/><F36/><W48/><G74/><T102/><D71/><U56/><E129/><V125/><F10/><W130/><G130/><T37/><REACH who="0" step="1"/><D60/><REACH who="0" ten="248,167,336,239" step="2"/><U110/><E121/><V80/><F62/><W75/><G114/><T73/><D73/><U6/><E115/><V67/><F125/><W21/><G126/><T79/><D79/><U106/><E76/><V120/><F124/><W133/><G75/><T89/><D89/><U96/><E110/><V49/><F127/><W95/><G108/><T69/><D69/><U28/><E106/><V50/><F120/><W15/><G104/><T18/><AGARI ba="2,1" hai="11,14,18,37,38,39,57,58,86,88,92,93,97,102" machi="18" ten="30,4000,0" yaku="1,1,0,1,54,1,53,0" doraHai="128" doraHaiUra="22" who="0" fromWho="0" sc="248,56,167,-12,336,-22,239,-12" /><INIT seed="3,0,0,5,2,104" ten="304,155,314,227" oya="3" hai0="81,53,30,0,100,72,115,68,42,21,60,38,20" hai1="5,4,73,132,82,54,25,56,29,122,96,110,43" hai2="94,11,34,48,18,44,126,7,119,55,33,89,93" hai3="108,113,127,36,134,131,52,64,66,59,112,85,46"/><W58/><G85/><T67/><D0/><U15/><E122/><V61/><F119/><W88/><G88/><T109/><D109/><U120/><E120/><V117/><F117/><W101/><G101/><T10/><D115/><U129/><E110/><V133/><F18/><W74/><G74/><T124/><D124/><U45/><E132/><V80/><F80/><W2/><G2/><T13/><D100/><U26/><E96/><V75/><F75/><W22/><G22/><T97/><D97/><U1/><E1/><V87/><F126/><W77/><G77/><T128/><D128/><U98/><E98/><V71/><F133/><W3/><G3/><T23/><D53/><U24/><E129/><V99/><F61/><N who="3" m="37951" /><G131/><T92/><D92/><U135/><E135/><V70/><F34/><W32/><G32/><T130/><D130/><U107/><E107/><V79/><F33/><W40/><G134/><T106/><D106/><U90/><E29/><V123/><F123/><W78/><G78/><T51/><D38/><U47/><E15/><V35/><F35/><W28/><G28/><T16/><D81/><U86/><E73/><V8/><F79/><W62/><G127/><T37/><D72/><U121/><E121/><V83/><F83/><W102/><G102/><T50/><REACH who="0" step="1"/><D30/><REACH who="0" ten="294,155,314,227" step="2"/><U84/><E84/><V57/><F93/><W69/><G108/><T6/><D6/><U65/><E65/><V125/><F125/><W91/><G91/><T41/><D41/><U31/><E31/><V95/><F95/><W9/><G9/><N who="2" m="3657" /><F7/><N who="1" m="2633" /><E43/><N who="2" m="24607" /><F99/><W12/><G112/><T105/><D105/><RYUUKYOKU ba="0,1" sc="294,10,155,10,314,10,227,-30" hai0="10,13,16,20,21,23,37,42,50,51,60,67,68" hai1="24,25,26,45,47,54,56,82,86,90" hai2="55,57,70,71,87,89,94" owari="304,10.0,165,-33.0,334,43.0,197,-20.0" /></mjloggm>