<mjloggm ver="2.3"><GO type="97" lobby="0"/><UN n0="%E3%82%A6%E3%83%AB%E3%83%88%E3%83%A9%E7%AB%8B%E7%9B%B4" n1="%E3%81%8A%E9%A1%98%E3%81%84%E3%81%97%E3%81%BE%E3%81%99" n2="%6D%61%72%75%70%65" n3="%67%65%72%6F%72%69%33%31" dan="15,13,14,13" rate="2020.35,1918.02,1855.09,1905.89" sx="M,M,M,M"/><TAIKYOKU oya="0"/><INIT seed="0,0,0,4,5,102" ten="250,250,250,250" oya="0" hai0="80,127,96,117,84,105,77,36,48,112,25,1,19" hai1="118,103,101,61,7,76,37,97,42,66,5,90,16" hai2="85,88,75,2,11,108,93,129,22,64,26,133,52" hai3="9,20,3,69,31,21,107,50,119,46,70,13,33"/><T10/><D36/><U27/><E118/><V120/><F75/><W15/><G119/><T73/><D117/><U68/><E76/><V134/><F120/><W126/><G3/><T47/><D112/><U39/><E90/><V106/><F129/><W24/><G15/><T71/><D71/><U131/><E131/><V121/><F121/><W99/><G69/><T79/><D127/><U83/><E83/><V63/><F108/><W43/><G70/><T65/><D65/><U12/><E101/><V57/><F106/><W95/><G126/><T100/><D73/><U41/><E27/><V72/><F72/><W125/><G125/><T30/><D79/><U18/><E18/><V58/><F11/><W62/><G62/><T38/><D38/><U130/><E130/><V114/><F2/><W132/><G132/><T111/><D111/><U29/><E29/><V91/><F91/><W78/><G78/><T55/><D1/><U104/><E39/><V92/><F114/><W53/><G43/><T6/><D6/><U44/><REACH who="1" step="1"/><E42/><REACH who="1" ten="250,240,250,250" step="2"/><V40/><F40/><W59/><G24/><T115/><D115/><U87/><E87/><V60/><REACH who="2" step="1"/><F93/><REACH who="2" ten="250,240,240,250" step="2"/><W35/><G95/><T56/><D10/><AGARI ba="0,2" hai="5,7,10,12,16,37,41,44,61,66,68,97,103,104" machi="10" ten="30,7700,0" yaku="1,1,7,1,52,1,54,1,53,0" doraHai="102" doraHaiUra="81" who="1" fromWho="0" sc="250,-77,240,97,240,0,250,0" /><INIT seed="1,0,0,3,2,61" ten="173,337,240,250" oya="1" hai0="106,71,111,134,117,5,84,72,102,99,29,59,27" hai1="63,121,76,7,126,24,14,2,62,15,122,108,77" hai2="44,110,133,20,115,13,94,9,26,109,46,1,107" hai3="80,40,119,95,120,123,42,127,47,33,65,8,3"/><U129/><E129/><V38/><F107/><W28/><G95/><T12/><D72/><U35/><E2/><V18/><F115/><W79/><G42/><T11/><D117/><U83/><E7/><V10/><F133/><W124/><G119/><T116/><D116/><U85/><E126/><N who="3" m="48170" /><G28/><T23/><D134/><U69/><E77/><V53/><F38/><N who="3" m="21911" /><G65/><T90/><D111/><N who="2" m="42506" /><F94/><W131/><G33/><T55/><D71/><U66/><E63/><V49/><F1/><W64/><G64/><T67/><D67/><U31/><REACH who="1" step="1"/><E108/><REACH who="1" ten="173,327,240,250" step="2"/><V48/><F26/><W41/><G131/><T73/><D73/><U97/><E97/><V81/><F81/><W75/><G41/><AGARI ba="0,1" hai="9,10,13,18,20,41,44,46,48,49,53" m="42506" machi="41" ten="30,1000,0" yaku="14,1" doraHai="61" who="2" fromWho="3" sc="173,0,327,0,240,20,250,-10" /><INIT seed="2,0,0,5,5,3" ten="173,327,260,240" oya="2" hai0="80,42,47,48,58,13,123,32,24,65,56,106,96" hai1="131,103,88,113,68,23,111,15,119,64,17,52,114" hai2="95,101,116,62,134,16,89,75,12,109,78,93,0" hai3="8,10,120,37,118,25,18,86,49,29,34,60,27"/><V1/><F116/><W84/><G118/><T102/><D123/><U87/><E119/><V97/><F134/><W121/><G37/><T14/><D58/><U57/><E131/><V128/><F128/><W82/><G60/><T5/><D56/><U74/><E74/><V105/><F105/><W63/><G63/><T7/><D65/><U4/><E103/><V99/><F109/><W90/><G84/><T28/><REACH who="0" step="1"/><D80/><REACH who="0" ten="163,327,260,240" step="2"/><U53/><E68/><V66/><F75/><W115/><G120/><T67/><D67/><U79/><E64/><V54/><F78/><W94/><G82/><T117/><D117/><U72/><E57/><V108/><F108/><W45/><G121/><T2/><D2/><U135/><E111/><V22/><F54/><W30/><G45/><T59/><D59/><AGARI ba="0,1" hai="0,1,12,16,22,59,62,66,89,93,95,97,99,101" machi="59" ten="30,2900,0" yaku="7,1,54,1" doraHai="3" who="2" fromWho="0" sc="163,-29,327,0,260,39,240,0" /><INIT seed="2,1,0,3,0,131" ten="134,327,299,240" oya="2" hai0="41,43,100,36,1,29,124,79,101,50,66,120,57" hai1="62,99,2,93,19,129,106,8,54,32,82,11,20" hai2="111,6,40,87,98,90,31,86,26,28,21,125,7" hai3="119,103,132,47,34,74,135,17,105,53,27,48,116"/><V130/><F130/><W55/><G74/><T126/><D1/><U107/><E129/><V44/><F125/><N who="0" m="48234" /><D36/><U42/><E32/><V109/><F31/><W78/><G78/><T75/><D75/><U110/><E110/><N who="2" m="41995" /><F98/><N who="3" m="61687" /><G17/><T92/><D92/><U23/><E42/><N who="0" m="15881" /><D79/><U128/><E128/><V102/><F102/><N who="0" m="39530" /><D120/><U81/><E2/><V9/><F9/><N who="1" m="3657" /><E106/><V127/><F127/><W97/><G97/><T67/><D29/><U12/><E107/><V0/><F0/><W121/><G121/><T49/><D57/><N who="1" m="35127" /><E23/><V96/><F96/><W113/><G34/><T69/><D69/><U73/><E73/><V65/><F65/><AGARI ba="1,0" hai="49,50,65,66,67" m="39530,15881,48234" machi="65" ten="30,3900,0" yaku="28,2,18,1" doraHai="131" who="0" fromWho="2" sc="134,42,327,0,299,-42,240,0" /><INIT seed="3,0,0,3,1,16" ten="176,327,257,240" oya="3" hai0="86,126,125,41,50,37,69,23,63,25,107,75,117" hai1="112,108,20,49,128,47,92,93,124,43,116,99,0" hai2="2,10,21,15,80,64,39,130,111,61,29,33,19" hai3="58,26,91,73,44,67,87,36,88,77,51,8,66"/><W9/><G36/><T62/><D75/><U103/><E116/><V46/><F130/><W11/><G73/><T18/><D107/><U133/><E128/><V1/><F80/><N who="3" m="47503" /><G26/><T40/><D117/><U98/><E133/><V106/><F106/><W114/><G114/><T53/><D86/><U97/><E112/><V7/><F39/><W94/><G58/><T24/><D37/><U28/><E0/><V81/><F81/><W79/><G79/><T109/><D109/><U113/><E108/><V56/><F111/><W90/><G94/><N who="1" m="36458" /><E124/><V100/><F100/><W52/><AGARI ba="0,0" hai="8,9,11,44,51,52,66,67,88,90,91" m="47503" machi="52" ten="30,6000,0" yaku="8,1,54,2" doraHai="16" who="3" fromWho="3" sc="176,-20,327,-20,257,-20,240,60" /><INIT seed="3,1,0,3,4,29" ten="156,307,237,300" oya="3" hai0="55,47,14,36,7,75,127,32,108,49,90,34,79" hai1="114,104,42,56,57,38,13,122,51,130,4,27,11" hai2="8,106,115,91,88,97,18,125,119,20,2,87,53" hai3="45,40,126,72,89,52,112,64,103,111,131,129,69"/><W25/><G112/><T95/><D36/><U9/><E104/><V63/><F119/><W28/><G72/><T59/><D127/><U24/><E38/><V105/><F115/><W30/><G126/><T76/><D108/><U50/><E130/><N who="3" m="49674" /><G111/><T71/><D71/><U66/><E122/><V80/><F125/><W0/><G0/><T5/><D76/><U1/><E114/><V92/><F2/><W128/><G128/><T81/><D7/><U100/><E100/><V82/><F8/><W110/><G103/><T70/><D70/><U17/><E66/><V39/><F39/><N who="3" m="21663" /><G89/><T23/><D47/><U132/><E132/><V62/><F62/><N who="3" m="40087" /><G110/><T117/><D117/><U109/><E109/><V68/><F82/><W94/><G94/><T113/><D113/><U124/><E124/><V133/><F133/><W54/><G28/><T83/><D83/><U123/><E123/><V84/><F68/><W77/><G77/><T22/><D22/><AGARI ba="1,0" hai="22,25,30,52,54" m="40087,21663,49674" machi="22" ten="30,2900,0" yaku="19,1,54,1" doraHai="29" who="3" fromWho="0" sc="156,-32,307,0,237,0,300,32" owari="124,-38.0,307,11.0,237,-16.0,332,43.0" /></mjloggm>