<mjloggm ver="2.3"><GO type="97" lobby="0"/><UN n0="%48%49%52%4F%59%41%53%55" n1="%E3%82%A6%E3%83%AB%E3%83%88%E3%83%A9%E7%AB%8B%E7%9B%B4" n2="%E3%81%A4%E3%81%B0%E3%82%81" n3="%4D%4F%32" dan="14,15,13,13" rate="1926.74,2001.69,1903.90,1800.57" sx="M,M,M,M"/><TAIKYOKU oya="0"/><INIT seed="0,0,0,3,4,1" ten="250,250,250,250" oya="0" hai0="14,87,77,0,40,43,19,119,129,105,115,121,111" hai1="78,127,113,58,67,47,22,114,133,29,11,90,32" hai2="25,75,79,23,16,70,63,62,64,100,53,81,123" hai3="31,60,66,126,37,80,82,56,135,103,109,124,71"/><T91/><D121/><U95/><E32/><V46/><F123/><W106/><G37/><T94/><D119/><U132/><E78/><V125/><F100/><W112/><G112/><N who="1" m="43114" /><E47/><V2/><F2/><W69/><G135/><N who="1" m="51786" /><E127/><N who="3" m="48682" /><G109/><T17/><D115/><U8/><E58/><V99/><F125/><W107/><G107/><T38/><D105/><U20/><E67/><V118/><F99/><N who="3" m="61823" /><G31/><T130/><D0/><U134/><N who="1" m="51794" /><U13/><DORA hai="35" /><E90/><V4/><F118/><W3/><G3/><T89/><D111/><U92/><E92/><V57/><REACH who="2" step="1"/><F46/><REACH who="2" ten="250,250,240,250" step="2"/><W86/><G80/><T10/><D130/><U36/><E95/><V88/><F88/><AGARI ba="0,1" hai="56,60,66,69,71,82,86,88" m="61823,48682" machi="88" ten="30,2000,0" yaku="18,1,54,1" doraHai="1,35" who="3" fromWho="2" sc="250,0,250,0,240,-20,250,30" /><INIT seed="1,0,0,5,2,93" ten="250,250,220,280" oya="1" hai0="85,25,108,102,87,30,109,68,5,94,105,49,132" hai1="90,50,51,88,129,100,78,38,62,89,55,79,123" hai2="24,14,27,118,115,53,127,34,47,135,31,130,22" hai3="99,21,1,11,16,72,44,52,75,104,42,124,119"/><U92/><E38/><V58/><F47/><W59/><G119/><T134/><D68/><U6/><E123/><V83/><F118/><W121/><G124/><T64/><D64/><U13/><E129/><V114/><F130/><W76/><G121/><T95/><D5/><U36/><E36/><V4/><F127/><W54/><G1/><T32/><D105/><U8/><E62/><V74/><F135/><N who="0" m="51754" /><D49/><U20/><E20/><V33/><F74/><W77/><G11/><T17/><D17/><U23/><E23/><V35/><F83/><W57/><G72/><T28/><D28/><U10/><E10/><N who="2" m="4423" /><F58/><W122/><G122/><T65/><D65/><U97/><E51/><V56/><F56/><AGARI ba="0,0" hai="6,8,13,50,55,56,78,79,88,89,90,92,97,100" machi="56" ten="40,7700,0" yaku="8,1,52,1,54,1" doraHai="93" who="1" fromWho="2" sc="250,0,250,77,220,-77,280,0" /><INIT seed="1,1,0,0,2,76" ten="250,327,143,280" oya="1" hai0="3,31,132,98,51,54,93,119,133,19,124,11,116" hai1="7,108,100,105,127,39,25,73,38,41,130,80,2" hai2="56,129,109,5,16,75,29,128,18,24,84,65,81" hai3="79,59,21,64,97,96,61,37,115,0,55,45,8"/><U47/><E127/><V94/><F5/><W131/><G131/><N who="2" m="50249" /><F109/><W48/><G115/><T36/><D36/><U10/><E25/><V66/><F75/><W33/><G33/><T28/><D124/><U9/><E9/><V82/><F94/><W71/><G79/><T107/><D107/><U53/><E53/><V101/><F101/><W52/><G21/><T17/><D3/><U12/><E12/><V85/><F85/><W58/><G37/><T78/><D78/><N who="1" m="44111" /><E130/><V43/><F43/><W117/><G117/><T46/><D11/><U44/><E108/><V126/><F84/><W63/><REACH who="3" step="1"/><G45/><REACH who="3" ten="250,327,143,270" step="2"/><T114/><D114/><U113/><E113/><V112/><F112/><W74/><G74/><T13/><D119/><U102/><E105/><V135/><F126/><W20/><G20/><T34/><D116/><U123/><E123/><V83/><F135/><N who="0" m="51786" /><D34/><U70/><E70/><V68/><F68/><W69/><G69/><T118/><D118/><U122/><E122/><V134/><F134/><W106/><G106/><T90/><D19/><N who="2" m="7210" /><F56/><W50/><G50/><T99/><D17/><U35/><E35/><AGARI ba="1,1" hai="24,29,35,65,66,81,82,83" m="7210,50249" machi="35" ten="30,8000,1" yaku="19,1,52,3,54,1" doraHai="76" who="2" fromWho="1" sc="250,0,327,-83,143,93,270,0" /><INIT seed="2,0,0,0,1,36" ten="250,244,236,270" oya="2" hai0="20,53,87,133,108,67,79,25,80,63,116,26,2" hai1="129,113,7,76,52,120,60,50,70,41,131,94,127" hai2="14,1,16,62,39,114,126,54,90,81,118,130,105" hai3="5,110,45,29,43,28,109,15,58,93,23,19,3"/><V75/><F105/><W46/><G58/><T91/><D2/><U122/><E94/><V89/><F1/><W71/><G71/><T135/><D116/><U6/><E76/><V121/><F114/><W83/><G46/><T40/><D108/><N who="3" m="41577" /><G93/><T22/><D40/><U49/><E7/><V74/><F121/><N who="1" m="46697" /><E6/><V69/><F118/><W8/><G83/><T61/><D53/><U73/><E73/><V123/><F130/><N who="1" m="49673" /><E113/><V125/><F123/><W66/><G66/><T84/><D63/><U0/><E0/><V72/><F39/><AGARI ba="0,0" hai="3,5,8,15,19,23,28,29,39,43,45" m="41577" machi="39" ten="30,2000,0" yaku="14,1,52,1" doraHai="36" who="3" fromWho="2" sc="250,0,244,0,236,-20,270,20" /><INIT seed="3,0,0,0,5,67" ten="250,244,216,290" oya="3" hai0="107,29,124,130,34,17,119,66,122,24,27,104,108" hai1="12,33,85,28,115,18,94,92,74,117,103,121,135" hai2="128,91,10,43,133,8,41,80,60,93,13,55,58" hai3="39,129,132,46,45,57,15,25,42,110,22,14,114"/><W84/><G114/><T16/><D122/><U100/><E74/><V76/><F133/><W47/><G132/><T53/><D119/><U6/><E135/><V123/><F128/><W89/><G129/><T62/><D130/><U82/><E121/><V72/><F123/><W116/><G116/><T31/><D124/><U83/><E117/><V88/><F91/><W23/><G110/><T68/><D108/><U109/><E109/><V134/><F134/><W0/><G0/><T127/><D127/><U2/><E115/><V26/><F26/><W81/><G39/><T99/><D53/><U90/><E2/><V101/><F101/><N who="1" m="38985" /><E33/><V86/><REACH who="2" step="1"/><F10/><REACH who="2" ten="250,244,206,290" step="2"/><W79/><G89/><T37/><D107/><U112/><E112/><V61/><F61/><W63/><G42/><T20/><D37/><U118/><E118/><V95/><F95/><W131/><G131/><T4/><D4/><AGARI ba="0,1" hai="4,8,13,41,43,55,58,60,72,76,80,86,88,93" machi="4" ten="30,3900,0" yaku="1,1,7,1,54,1,53,0" doraHai="67" doraHaiUra="126" who="2" fromWho="0" sc="250,-39,244,0,206,49,290,0" /><INIT seed="4,0,0,1,0,50" ten="211,244,255,290" oya="0" hai0="5,19,115,9,51,109,58,84,133,17,72,25,121" hai1="40,28,64,39,132,61,127,108,73,2,117,82,85" hai2="104,10,102,120,97,66,101,41,86,15,18,31,16" hai3="77,55,116,100,68,49,88,79,119,78,123,1,24"/><T48/><D121/><U0/><E108/><V47/><F120/><W106/><G1/><T60/><D72/><U128/><E117/><V46/><F31/><W13/><G123/><T134/><D109/><U74/><E85/><V52/><F66/><W44/><G68/><T107/><D107/><U38/><E28/><V99/><F86/><W130/><G130/><T126/><D126/><U89/><E89/><V114/><F114/><W113/><G113/><T122/><D122/><U35/><E82/><V90/><F90/><W62/><G62/><T110/><D110/><U11/><E11/><V105/><F41/><W21/><G13/><T23/><D115/><U22/><E22/><V71/><F71/><W96/><REACH who="3" step="1"/><G88/><REACH who="3" ten="211,244,255,280" step="2"/><T87/><D134/><U129/><E132/><V70/><F70/><W53/><G53/><N who="0" m="33871" /><D133/><U20/><E127/><V65/><F65/><W45/><G45/><T93/><D17/><AGARI ba="0,1" hai="17,21,24,44,49,55,77,78,79,96,100,106,116,119" machi="17" ten="40,2600,0" yaku="1,1,52,1,53,0" doraHai="50" doraHaiUra="32" who="3" fromWho="0" sc="211,-26,244,0,255,0,280,36" owari="185,-31.0,244,-16.0,255,6.0,316,41.0" /></mjloggm>