<mjloggm ver="2.3"><GO type="41" lobby="0"/><UN n0="%E2%98%86%E9%BB%92%E5%AD%90%E2%98%85" n1="%67%65%6D%73" n2="%E3%82%A6%E3%83%AB%E3%83%88%E3%83%A9%E7%AB%8B%E7%9B%B4" n3="%E3%82%81%E3%81%9F%E3%81%BC%E3%82%93" dan="15,15,16,13" rate="1899.12,1979.73,2072.74,1846.71" sx="F,F,M,M"/><TAIKYOKU oya="0"/><INIT seed="0,0,0,4,5,99" ten="250,250,250,250" oya="0" hai0="135,29,27,76,19,112,22,48,104,14,45,59,12" hai1="91,121,129,26,41,52,133,102,116,70,115,66,28" hai2="97,46,4,61,122,16,120,111,53,68,100,34,56" hai3="134,108,74,85,84,55,124,101,62,63,37,50,11"/><T51/><D104/><U119/><E121/><V71/><F4/><W23/><G37/><T6/><D112/><U113/><E41/><V57/><F34/><W60/><G74/><T54/><D135/><U25/><E133/><V31/><F31/><W132/><G134/><T3/><D76/><U65/><E129/><V8/><F111/><W118/><G108/><T127/><D127/><U125/><E125/><V103/><F71/><W18/><G124/><T39/><D39/><U44/><E70/><V10/><F68/><W30/><G118/><N who="1" m="45098" /><E91/><V43/><F97/><W78/><G30/><T83/><D83/><U105/><E26/><V128/><F128/><W98/><G11/><T1/><D6/><U117/><E25/><V110/><F110/><W114/><G114/><N who="1" m="43530" /><E28/><V5/><F120/><W40/><G40/><T33/><D14/><U93/><E105/><V38/><F122/><W106/><G78/><T0/><D3/><U88/><E102/><V86/><F38/><W82/><G82/><T69/><REACH who="0" step="1"/><D69/><REACH who="0" ten="240,250,250,250" step="2"/><U32/><E117/><V73/><F5/><W13/><G132/><T79/><D79/><U35/><E35/><V77/><F77/><W9/><G9/><T90/><D90/><U17/><E32/><V130/><F8/><W36/><G36/><T21/><D21/><U109/><E109/><V89/><F130/><W64/><G64/><T47/><D47/><U107/><E107/><V75/><F10/><W2/><G2/><T131/><D131/><U49/><E66/><V15/><F46/><W72/><G72/><T94/><D94/><U7/><E65/><RYUUKYOKU ba="0,1" sc="240,15,250,-15,250,-15,250,15" hai0="0,1,12,19,22,27,29,33,45,48,51,54,59" hai3="13,18,23,50,55,60,62,63,84,85,98,101,106" /><INIT seed="0,1,1,3,5,100" ten="255,235,235,265" oya="0" hai0="123,126,95,15,7,94,49,27,61,46,96,120,10" hai1="84,65,83,107,80,104,72,75,20,76,92,32,12" hai2="34,63,24,135,45,26,16,56,98,58,40,8,134" hai3="119,37,42,90,74,93,41,113,64,114,0,2,88"/><T117/><D117/><U1/><E32/><V54/><F34/><W99/><G64/><T131/><D131/><U127/><E1/><N who="3" m="618" /><G119/><T48/><D126/><U36/><E36/><V25/><F98/><W115/><G99/><T73/><D73/><N who="1" m="43023" /><E65/><V129/><F129/><W85/><G93/><T67/><D94/><U108/><E12/><V59/><F54/><W9/><G85/><T53/><D27/><U97/><E20/><V109/><F63/><W55/><G55/><T133/><D49/><U31/><E31/><V11/><F109/><W122/><G74/><N who="1" m="28202" /><E108/><V3/><F3/><W91/><G37/><T78/><D78/><N who="1" m="46199" /><E127/><V33/><F33/><W69/><G9/><T35/><D35/><U60/><E60/><V130/><F130/><W116/><G116/><T13/><D13/><U57/><E57/><V50/><F11/><W38/><G38/><T22/><D22/><U39/><E39/><V79/><F8/><W66/><G66/><T128/><D128/><U6/><E6/><V118/><F118/><W103/><G69/><T29/><D29/><U125/><E125/><V112/><F56/><W121/><G42/><T30/><D30/><U21/><E21/><V81/><F58/><W110/><G41/><T101/><D133/><U87/><E87/><N who="2" m="48575" /><F59/><AGARI ba="1,1" hai="7,10,15,46,48,53,59,61,67,95,96,101,120,123" machi="59" ten="30,1500,0" yaku="7,1" doraHai="100" who="0" fromWho="2" sc="255,28,235,0,235,-18,265,0" /><INIT seed="0,2,0,2,4,113" ten="283,235,217,265" oya="0" hai0="104,1,90,0,91,71,46,81,42,34,73,48,80" hai1="49,62,89,83,100,92,115,106,122,99,24,3,68" hai2="28,87,131,69,38,18,121,26,135,102,128,95,8" hai3="107,116,74,96,123,20,29,108,117,10,9,103,130"/><T72/><D71/><U13/><E122/><V101/><F38/><W25/><G123/><T75/><D34/><U21/><E115/><V105/><F69/><W86/><G130/><T98/><D1/><U112/><E112/><V82/><F121/><W65/><G65/><T30/><D30/><U15/><E3/><V127/><F105/><W132/><G74/><T41/><D0/><U61/><E49/><V109/><F102/><W125/><G108/><T45/><D104/><U50/><E50/><V126/><F109/><W120/><G120/><T31/><D31/><U70/><E70/><V133/><F18/><W43/><G43/><T57/><D57/><U51/><E51/><V63/><F8/><W78/><G132/><N who="2" m="50761" /><F63/><N who="1" m="24073" /><E68/><V58/><F58/><W76/><G125/><N who="2" m="47625" /><F26/><W11/><REACH who="3" step="1"/><G86/><REACH who="3" ten="283,235,217,255" step="2"/><T119/><D75/><U33/><E106/><V67/><F67/><W85/><G85/><T56/><D73/><U44/><E33/><V17/><F28/><W118/><AGARI ba="2,1" hai="9,10,11,20,25,29,76,78,96,103,107,116,117,118" machi="118" ten="40,8000,1" yaku="1,1,0,1,52,3,53,0" doraHai="113" doraHaiUra="2" who="3" fromWho="3" sc="283,-42,235,-22,217,-22,255,96" /><INIT seed="1,0,0,1,5,74" ten="241,213,195,351" oya="1" hai0="60,32,35,100,59,69,12,135,14,0,23,118,54" hai1="79,104,99,17,121,10,50,109,93,41,16,125,132" hai2="11,68,30,114,51,107,103,2,102,106,66,55,95" hai3="80,123,73,75,108,62,126,116,111,53,49,3,122"/><U40/><E121/><N who="3" m="46090" /><G62/><T47/><D118/><U1/><E104/><V63/><F114/><W84/><G53/><T22/><D0/><U48/><E125/><V98/><F11/><W7/><G49/><N who="1" m="19050" /><E1/><V20/><F2/><W43/><G43/><N who="1" m="16458" /><E132/><V76/><F103/><W120/><N who="3" m="46098" /><W8/><DORA hai="119" /><G126/><T65/><D100/><N who="1" m="60527" /><E109/><N who="3" m="42058" /><G116/><T70/><D135/><U15/><E17/><V46/><F30/><W37/><G37/><T64/><D35/><U78/><AGARI ba="0,0" hai="10,15,16,78,79" m="60527,16458,19050" machi="78" ten="30,11700,0" yaku="8,1,52,2,54,1" doraHai="74,119" who="1" fromWho="1" sc="241,-39,213,117,195,-39,351,-39" /><INIT seed="1,1,0,5,0,132" ten="202,330,156,312" oya="1" hai0="105,39,109,49,135,31,71,74,54,24,36,0,99" hai1="70,34,90,35,68,108,4,45,88,83,52,72,69" hai2="33,29,110,113,92,89,19,58,95,116,53,111,134" hai3="47,13,104,102,98,84,30,23,10,79,73,56,107"/><U126/><E4/><V62/><F116/><W41/><G56/><T121/><D99/><U51/><E108/><V11/><F134/><W15/><G98/><T103/><D103/><U101/><E101/><V17/><F113/><W40/><G41/><T106/><D24/><U76/><REACH who="1" step="1"/><E126/><REACH who="1" ten="202,320,156,312" step="2"/><V93/><F111/><W32/><G102/><T130/><D31/><U42/><E42/><V115/><F110/><W127/><G127/><T38/><D38/><U118/><E118/><V55/><F115/><W67/><G30/><T133/><D39/><U112/><E112/><V61/><F29/><W80/><G32/><AGARI ba="1,1" hai="32,34,35,45,51,52,68,69,70,72,76,83,88,90" machi="32" ten="50,9600,0" yaku="1,1,54,2,53,0" doraHai="132" doraHaiUra="96" who="1" fromWho="3" sc="202,0,320,109,156,0,312,-99" /><INIT seed="1,2,0,0,5,61" ten="202,429,156,213" oya="1" hai0="107,7,25,14,85,109,69,50,20,99,4,122,8" hai1="76,135,39,47,91,31,116,68,26,101,87,124,18" hai2="65,117,98,5,59,128,108,83,110,35,28,48,22" hai3="51,84,125,73,72,81,90,121,79,44,133,10,2"/><U119/><E76/><V17/><F117/><W1/><G121/><T114/><D114/><U126/><E101/><V88/><F5/><W34/><G34/><T66/><D122/><U67/><E18/><V30/><F128/><W63/><G133/><T3/><D109/><U41/><E135/><V131/><F131/><W24/><G125/><N who="1" m="48234" /><E68/><V40/><F35/><W112/><G24/><T104/><D99/><U32/><E67/><V43/><F30/><W29/><G112/><T70/><D66/><U127/><N who="1" m="48242" /><U80/><AGARI ba="2,0" hai="26,31,32,39,41,47,80,87,91,116,119" m="48242" machi="80" ten="40,3900,0" yaku="4,1,18,1" doraHai="61" who="1" fromWho="1" sc="202,-15,429,45,156,-15,213,-15" /><INIT seed="1,3,0,5,1,59" ten="187,474,141,198" oya="1" hai0="77,70,101,30,105,129,100,35,14,4,60,73,79" hai1="3,122,83,96,51,130,124,2,133,88,91,72,81" hai2="45,64,78,131,24,87,29,20,123,67,90,62,98" hai3="53,56,61,109,33,80,127,76,128,32,42,117,46"/><U94/><E122/><V132/><F123/><W39/><G109/><T52/><D129/><U74/><E51/><V0/><F131/><W112/><G128/><T43/><D43/><U17/><E130/><V111/><F132/><W89/><G112/><T97/><D100/><N who="1" m="60439" /><E17/><V113/><F111/><W36/><G36/><T47/><D73/><N who="1" m="28267" /><E3/><V5/><F113/><W126/><G117/><T119/><D119/><U120/><E2/><V118/><F118/><W65/><G89/><N who="1" m="34378" /><E120/><V40/><F5/><W9/><G9/><T102/><D14/><U54/><E54/><V41/><F0/><W31/><G31/><T23/><D4/><U7/><E7/><V66/><F45/><W75/><REACH who="3" step="1"/><G65/><REACH who="3" ten="187,474,141,188" step="2"/><T125/><D30/><U1/><E133/><V38/><F66/><W28/><G28/><T103/><D35/><AGARI ba="3,1" hai="32,33,35,39,42,46,53,56,61,75,76,80,126,127" machi="35" ten="40,2600,0" yaku="1,1,52,1,53,0" doraHai="59" doraHaiUra="21" who="3" fromWho="0" sc="187,-35,474,0,141,0,188,45" /><INIT seed="2,0,0,1,5,31" ten="152,474,141,233" oya="2" hai0="81,125,38,110,60,14,135,116,41,20,49,29,120" hai1="58,9,71,91,101,102,95,130,61,21,83,69,28" hai2="122,23,19,12,0,104,47,11,85,114,131,94,86" hai3="33,27,82,115,98,128,25,73,89,75,57,50,22"/><V80/><F104/><W48/><G128/><T77/><D120/><U43/><E130/><V54/><F131/><W1/><G115/><T68/><D116/><U78/><E43/><V45/><F122/><W103/><G1/><T117/><D117/><U105/><E105/><V119/><F119/><W59/><G82/><T79/><D110/><U126/><E126/><V5/><F114/><W13/><G89/><T4/><D38/><U84/><E69/><V70/><F70/><W76/><G76/><T55/><D135/><U37/><E71/><V44/><F94/><W51/><G33/><T87/><D125/><U112/><E112/><V90/><F85/><W15/><G103/><T53/><D79/><U32/><E32/><V36/><F36/><W17/><G98/><T93/><D93/><U24/><E37/><V100/><F100/><W72/><G17/><T127/><D60/><U7/><E9/><V2/><F2/><W121/><G22/><T8/><D68/><U118/><E7/><V18/><F18/><W26/><REACH who="3" step="1"/><G121/><REACH who="3" ten="152,474,141,223" step="2"/><T30/><D127/><U113/><E113/><V6/><F6/><W3/><G3/><T67/><D20/><U124/><E124/><V109/><F109/><W107/><G107/><T74/><D30/><U129/><E129/><V42/><F42/><W65/><G65/><T64/><D29/><U108/><E108/><V40/><F40/><W46/><G46/><N who="0" m="25807" /><D74/><U123/><E123/><V66/><F66/><AGARI ba="0,1" hai="4,8,14,53,55,64,66,67,77,81,87" m="25807" machi="66" ten="30,2000,0" yaku="25,1,8,1" doraHai="31" who="0" fromWho="2" sc="152,30,474,0,141,-20,223,0" /><INIT seed="3,0,0,4,3,46" ten="182,474,121,223" oya="3" hai0="128,8,71,28,54,4,42,123,130,32,85,104,109" hai1="76,40,122,95,120,37,66,90,125,94,72,115,91" hai2="126,101,19,110,15,64,111,92,13,27,29,18,102" hai3="9,50,103,62,127,57,98,31,107,38,63,118,12"/><W89/><G38/><T132/><D104/><U16/><E115/><V121/><F64/><W133/><G118/><T97/><D123/><U59/><E37/><V39/><F92/><W70/><G127/><T23/><D71/><U84/><E40/><V5/><F27/><W129/><G129/><T75/><D75/><U83/><E66/><V56/><F29/><W117/><G117/><T79/><D97/><U114/><E59/><V1/><F56/><W134/><G31/><T36/><D32/><U7/><E7/><V68/><F5/><N who="3" m="3119" /><G70/><T21/><D28/><U100/><E16/><V0/><F126/><W61/><G89/><T65/><D65/><U41/><E41/><V112/><F112/><W14/><G14/><T24/><D24/><U69/><E69/><V47/><F68/><W86/><G86/><T78/><D85/><N who="1" m="52559" /><E125/><V60/><F39/><W106/><G106/><T51/><D36/><U26/><E26/><V77/><F47/><W131/><G131/><T88/><D42/><U2/><E2/><V45/><F45/><W116/><G116/><T67/><D67/><U124/><E124/><V35/><F35/><W49/><G57/><T25/><D25/><U58/><E58/><V96/><F121/><N who="1" m="46697" /><E114/><V74/><F1/><W52/><G52/><T48/><D54/><U80/><E100/><V6/><F0/><W20/><G20/><T99/><D23/><U81/><AGARI ba="0,0" hai="72,76,80,81,83,84,91,95" m="46697,52559" machi="81" ten="30,2000,0" yaku="34,2" doraHai="46" who="1" fromWho="1" sc="182,-5,474,20,121,-5,223,-10" /><INIT seed="4,0,0,0,2,48" ten="177,494,116,213" oya="0" hai0="124,123,59,109,128,88,70,27,61,28,86,122,8" hai1="85,13,115,54,31,5,108,50,11,24,127,125,2" hai2="30,53,34,36,93,84,135,131,92,132,57,130,67" hai3="120,15,111,112,63,119,18,20,47,134,10,98,16"/><T58/><D124/><N who="1" m="47691" /><E108/><V114/><F30/><W94/><G111/><T41/><D109/><U42/><E42/><V21/><F21/><W126/><G119/><T49/><D128/><U107/><E107/><V56/><F34/><W72/><G120/><T121/><D70/><U71/><E71/><V64/><F84/><W79/><G126/><T105/><D105/><U77/><E77/><V89/><F89/><W25/><G72/><T23/><D8/><U51/><E85/><V74/><F74/><W37/><G112/><T22/><D41/><U117/><E117/><V17/><F17/><W19/><G79/><T52/><D123/><U7/><E7/><V90/><F90/><N who="3" m="55639" /><G37/><T66/><D22/><N who="1" m="15767" /><E115/><V12/><F114/><W104/><G104/><T110/><REACH who="0" step="1"/><D110/><REACH who="0" ten="167,494,116,213" step="2"/><U3/><E50/><V87/><F130/><W78/><G78/><T43/><D43/><U33/><E33/><V118/><F131/><W129/><G129/><T68/><D68/><U60/><E60/><V38/><F118/><W0/><G63/><T55/><D55/><U6/><E3/><V82/><F53/><W14/><G0/><T81/><AGARI ba="0,1" hai="23,27,28,49,52,58,59,61,66,81,86,88,121,122" machi="81" ten="20,18000,2" yaku="1,1,0,1,7,1,52,1,54,2,53,1" doraHai="48" doraHaiUra="80" who="0" fromWho="0" sc="167,190,494,-60,116,-60,213,-60" /><INIT seed="4,1,0,4,2,134" ten="357,434,56,153" oya="0" hai0="59,56,32,47,133,120,96,14,34,129,80,6,110" hai1="35,112,71,52,86,73,132,93,121,10,22,61,33" hai2="102,28,16,65,2,50,116,90,122,5,127,130,53" hai3="4,78,72,114,21,31,85,24,41,95,91,30,66"/><T26/><D120/><U103/><E73/><V126/><F122/><W46/><G114/><T97/><D133/><U19/><E121/><V74/><F74/><W118/><G118/><T37/><D110/><U68/><E132/><V82/><F28/><W119/><G119/><T115/><D115/><U100/><E112/><V51/><F5/><W13/><G66/><T8/><D129/><U15/><E35/><V89/><F2/><W98/><G72/><T88/><D96/><U131/><E33/><V1/><F1/><W77/><G77/><T0/><D0/><U111/><E111/><V12/><F116/><W113/><G113/><T117/><D117/><U38/><E38/><V43/><F130/><W94/><G21/><T124/><D124/><N who="2" m="47658" /><F65/><W40/><G41/><T42/><D26/><U49/><E131/><V29/><F29/><W54/><G24/><T20/><D34/><U69/><E61/><V9/><F102/><W44/><G54/><T3/><D32/><U128/><E128/><V104/><F104/><W109/><G109/><T84/><D97/><U17/><E86/><V23/><F82/><N who="3" m="47319" /><G46/><T64/><D64/><U81/><E93/><V63/><F23/><W105/><G94/><T55/><D20/><U70/><E81/><V135/><F135/><W125/><G105/><T101/><D3/><U39/><E39/><V58/><F63/><W123/><G123/><T79/><D101/><U57/><N who="1" m="17920" /><DORA hai="83" /><U27/><AGARI ba="1,0" hai="10,15,17,19,22,27,49,52,57,100,103" m="17920" machi="27" ten="60,7900,0" yaku="4,1,0,1,54,1" doraHai="134,83" who="1" fromWho="1" sc="357,-40,434,82,56,-21,153,-21" /><INIT seed="5,0,0,1,2,91" ten="317,516,35,132" oya="1" hai0="45,119,3,2,51,53,74,44,57,54,114,68,33" hai1="24,131,32,88,15,19,76,135,116,73,67,111,99" hai2="120,134,63,112,113,69,124,4,48,62,123,11,102" hai3="81,22,125,26,127,72,97,50,133,87,23,12,84"/><U107/><E116/><V101/><F11/><W79/><G50/><T29/><D74/><U90/><E135/><V43/><F4/><W60/><G133/><T7/><D119/><U83/><E131/><V92/><F134/><W128/><G60/><T94/><D68/><U93/><E111/><V42/><F48/><W61/><G128/><T36/><D7/><U20/><E67/><V96/><F96/><W52/><G12/><T104/><D104/><U86/><E32/><V106/><F106/><W89/><G22/><T66/><D29/><U132/><E132/><V121/><F124/><N who="3" m="47691" /><G72/><T47/><D33/><U130/><E130/><V31/><F31/><N who="3" m="17887" /><G97/><T115/><D36/><U126/><E126/><V56/><F56/><N who="3" m="34951" /><G84/><T14/><D14/><U40/><E40/><V25/><F25/><W41/><G41/><T59/><D51/><U55/><E107/><V16/><F121/><W10/><G10/><T17/><D47/><U95/><E55/><V6/><F6/><W117/><G117/><T27/><D27/><U85/><E73/><V118/><F118/><W105/><G105/><T100/><D66/><U129/><E129/><V64/><F64/><W21/><G21/><T65/><D65/><U39/><E39/><V34/><F34/><W49/><G49/><T1/><D1/><U35/><E35/><V71/><F16/><W78/><AGARI ba="0,0" hai="78,79,81,87,89" m="34951,17887,47691" machi="78" ten="30,2000,0" yaku="18,1,54,1" doraHai="91" who="3" fromWho="3" sc="317,-5,516,-10,35,-5,132,20" /><INIT seed="6,0,0,1,5,22" ten="312,506,30,152" oya="2" hai0="75,74,118,44,101,72,71,30,36,104,113,112,45" hai1="53,11,79,29,60,125,54,119,94,37,42,55,86" hai2="64,25,31,132,16,46,105,58,43,23,57,70,9" hai3="98,35,69,51,97,116,27,68,122,41,103,5,127"/><V52/><F105/><W88/><G116/><T15/><D15/><U47/><E119/><V39/><F132/><W40/><G122/><T33/><D118/><U135/><E135/><V100/><F100/><W48/><G127/><T106/><D101/><U18/><E125/><V131/><F131/><W63/><G5/><T10/><D10/><U19/><E29/><V26/><F70/><W81/><G68/><T133/><D133/><U62/><E11/><V90/><F64/><W85/><G97/><T95/><D95/><U6/><E6/><V126/><F126/><W17/><G51/><T107/><D71/><U96/><E79/><V34/><F9/><W102/><G103/><T76/><D76/><U83/><E83/><V2/><F2/><W65/><G48/><T109/><D36/><U61/><E86/><V115/><F115/><W87/><G87/><T0/><D0/><U13/><E13/><V117/><F117/><W1/><G1/><T32/><D109/><U110/><E110/><V89/><F58/><W20/><REACH who="3" step="1"/><G35/><REACH who="3" ten="312,506,30,142" step="2"/><N who="0" m="13387" /><D30/><U91/><AGARI ba="0,1" hai="18,19,37,42,47,53,54,55,60,61,62,91,94,96" machi="91" ten="30,1100,0" yaku="0,1" doraHai="22" who="1" fromWho="1" sc="312,-3,506,21,30,-5,142,-3" /><INIT seed="7,0,0,4,0,62" ten="309,527,25,139" oya="3" hai0="47,26,79,107,91,80,10,34,6,21,127,77,89" hai1="18,61,103,1,63,33,7,102,0,132,74,11,27" hai2="51,121,16,38,83,60,88,8,52,96,87,124,5" hai3="123,81,109,40,69,122,12,106,131,49,58,100,15"/><W9/><G131/><T84/><D127/><U112/><E74/><V14/><F38/><W72/><G69/><T2/><D107/><U3/><E112/><V118/><F124/><W4/><G109/><T101/><D34/><U82/><E132/><V30/><F121/><W42/><G106/><T44/><D101/><U28/><E82/><V115/><F115/><W73/><G100/><T22/><D22/><U108/><E108/><V133/><F133/><W95/><G95/><T53/><D79/><U97/><E103/><V45/><F118/><W130/><G130/><T105/><D105/><U46/><E46/><V71/><F96/><W57/><G15/><T86/><D53/><U126/><E126/><V64/><F30/><W55/><G57/><T99/><D99/><U23/><E102/><V41/><F5/><W54/><G54/><T25/><D77/><U48/><E97/><V43/><AGARI ba="0,0" hai="8,14,16,41,43,45,51,52,60,64,71,83,87,88" machi="43" ten="30,12000,2" yaku="0,1,25,2,52,1,54,3" doraHai="62" who="2" fromWho="2" sc="309,-30,527,-30,25,120,139,-60" owari="279,8.0,497,59.0,145,-25.0,79,-42.0" /></mjloggm>