<mjloggm ver="2.3"><GO type="169" lobby="0"/><UN n0="%E3%80%93%E6%9D%BE%E4%BA%95%EF%BC%A3%EF%BC%B3%E3%80%93" n1="%EF%BC%88%E2%89%A7%E2%96%BD%E2%89%A6%EF%BC%89" n2="%E3%82%B3%E3%83%AD%E3%83%A9%E3%83%89" n3="%E3%83%9A%E3%83%81%E3%83%A7%E3%83%BC%E3%83%AA%E3%83%B3" dan="17,19,17,17" rate="2155.20,2313.83,2208.35,2175.66" sx="M,M,M,M"/><TAIKYOKU oya="0"/><INIT seed="0,0,0,2,0,45" ten="250,250,250,250" oya="0" hai0="71,32,65,85,6,40,38,91,21,61,75,57,86" hai1="79,59,72,18,100,80,42,58,82,126,70,108,34" hai2="134,62,4,63,93,125,123,23,39,110,56,29,124" hai3="7,9,102,122,28,98,35,2,95,53,88,50,51"/><T132/><D32/><U31/><E70/><V99/><F123/><W67/><G122/><T5/><D75/><U117/><E117/><V116/><F110/><W14/><G67/><T133/><D85/><U8/><E108/><V96/><F39/><W81/><G35/><T46/><D21/><U47/><E100/><V55/><F116/><W25/><G2/><T69/><D69/><U41/><E41/><V104/><F134/><N who="0" m="51818" /><D71/><U84/><E126/><V89/><F23/><N who="3" m="15423" /><G53/><T118/><D118/><U105/><E31/><V11/><F29/><W19/><G7/><T52/><D65/><U90/><E34/><V36/><F125/><W13/><G14/><T30/><D30/><U74/><E74/><V15/><F124/><W115/><G115/><T128/><D128/><U24/><E24/><V27/><F27/><W33/><G33/><T114/><D114/><U20/><E20/><V106/><F36/><W49/><G81/><AGARI ba="0,0" hai="5,6,38,40,46,52,57,61,81,86,91" m="51818" machi="81" ten="30,2900,0" yaku="20,1,54,1" doraHai="45" who="0" fromWho="3" sc="250,29,250,0,250,0,250,-29" /><INIT seed="0,1,0,4,3,126" ten="279,250,250,221" oya="0" hai0="16,101,34,80,92,14,29,85,9,132,121,28,72" hai1="69,73,90,84,5,0,82,36,135,6,112,104,100" hai2="31,41,3,81,30,89,109,22,103,93,108,127,58" hai3="47,120,122,2,33,116,94,99,13,111,35,20,67"/><T115/><D115/><U131/><E69/><V133/><F127/><W55/><G116/><T59/><D121/><N who="3" m="46697" /><G2/><T78/><D132/><U24/><E36/><V60/><F3/><W61/><G111/><N who="2" m="42569" /><F133/><W15/><G47/><T48/><D34/><N who="3" m="12809" /><G55/><N who="0" m="32231" /><D72/><U98/><E0/><V56/><F41/><W130/><G20/><T50/><D50/><U40/><E73/><V74/><F22/><W83/><G83/><T53/><D53/><U76/><E82/><V62/><F81/><W117/><G117/><T4/><D4/><U26/><E5/><V88/><F74/><W107/><G107/><T49/><D49/><U7/><E104/><V66/><F60/><W91/><G130/><T8/><D8/><U44/><E131/><V39/><F39/><W37/><G37/><T38/><D38/><U68/><E135/><V65/><F65/><W134/><G134/><T64/><D64/><U123/><E123/><V79/><F58/><AGARI ba="1,0" hai="13,15,58,61,67,91,94,99" m="12809,46697" machi="58" ten="30,1000,0" yaku="13,1" doraHai="126" who="3" fromWho="2" sc="279,0,250,0,250,-13,221,13" /><INIT seed="1,0,0,5,5,68" ten="279,250,237,234" oya="1" hai0="32,106,101,47,17,78,89,112,129,85,66,102,45" hai1="41,96,20,122,115,81,25,109,77,98,80,27,1" hai2="64,56,21,60,130,133,107,12,70,113,121,14,5" hai3="83,36,97,42,73,33,84,43,23,99,6,29,69"/><U3/><E115/><V19/><F113/><W18/><G73/><T75/><D112/><U61/><E122/><V39/><F121/><W110/><G69/><T134/><D32/><U22/><E61/><V92/><F107/><W126/><G6/><T4/><D66/><U58/><E58/><V37/><F133/><W74/><G74/><T100/><D129/><U8/><E41/><V7/><F130/><W87/><G87/><T11/><D17/><U117/><E8/><V119/><F119/><W94/><G99/><T93/><D134/><U40/><E40/><V120/><F120/><W2/><G2/><T114/><D106/><U0/><E0/><V13/><F70/><W63/><G63/><T127/><D127/><U53/><E53/><V90/><F5/><W111/><G29/><T103/><D114/><U31/><E31/><V62/><F62/><W79/><G33/><T51/><D51/><U82/><E82/><V24/><REACH who="2" step="1"/><F7/><REACH who="2" ten="279,250,227,234" step="2"/><W104/><G104/><T30/><D4/><U34/><E117/><V72/><F72/><W15/><G126/><T128/><D75/><U67/><E1/><V38/><F38/><W131/><G131/><T88/><D128/><U118/><E3/><V124/><F124/><W55/><G36/><T48/><D48/><U91/><E118/><V135/><F135/><W16/><G111/><T10/><D10/><U28/><E109/><V50/><F50/><W9/><G110/><T26/><D11/><U65/><E65/><V76/><F76/><W125/><G125/><T35/><N who="0" m="26112" /><DORA hai="57" /><T123/><D123/><U86/><E67/><RYUUKYOKU ba="0,1" sc="279,-10,250,-10,227,30,234,-10" hai2="12,13,14,19,21,24,37,39,56,60,64,90,92" /><INIT seed="2,1,1,5,2,28" ten="269,240,257,224" oya="2" hai0="134,63,86,24,9,50,34,78,75,97,115,66,56" hai1="55,112,22,76,127,124,58,61,17,90,6,122,10" hai2="104,100,107,95,72,0,114,101,105,42,99,91,23" hai3="123,106,93,64,35,41,62,129,59,40,87,108,131"/><V126/><F0/><W32/><G106/><T69/><D115/><U65/><E76/><V71/><F71/><W16/><G123/><T120/><D120/><U21/><E122/><V31/><F114/><W26/><G108/><T12/><D134/><U25/><E112/><V70/><F70/><W2/><G2/><T68/><D75/><U43/><E43/><N who="3" m="16458" /><G93/><T39/><D39/><U49/><E21/><V54/><F42/><W73/><G73/><T119/><D119/><U128/><E128/><N who="3" m="49226" /><G87/><T51/><D97/><U46/><REACH who="1" step="1"/><E90/><REACH who="1" ten="269,230,257,224" step="2"/><V111/><F91/><W89/><G89/><T82/><D78/><U37/><E37/><V94/><F100/><W88/><G88/><T84/><D84/><U45/><E45/><V8/><F72/><W19/><G19/><T30/><D86/><U53/><E53/><V15/><F54/><W29/><G16/><T109/><D82/><U77/><E77/><V13/><F101/><W92/><G92/><T11/><D109/><U27/><E27/><N who="2" m="16895" /><F111/><W125/><G125/><T33/><D24/><U98/><E98/><V48/><F126/><W116/><G116/><T96/><D96/><U133/><E133/><V81/><F99/><W38/><G38/><T130/><D130/><U85/><E85/><V110/><F110/><W36/><G36/><T121/><D121/><U79/><E79/><V83/><F83/><W18/><G18/><T118/><D118/><U74/><E74/><V132/><F81/><W3/><G3/><AGARI ba="1,2" hai="3,6,10,17,22,25,46,49,55,58,61,65,124,127" machi="3" ten="40,2600,0" yaku="1,1,53,1" doraHai="28" doraHaiUra="47" who="1" fromWho="3" sc="269,0,230,49,257,0,224,-29" /><INIT seed="3,0,0,4,2,131" ten="269,279,257,195" oya="3" hai0="58,3,77,134,88,1,37,52,121,102,81,80,130" hai1="92,93,123,62,69,96,4,78,0,24,26,70,44" hai2="76,84,23,25,38,107,106,118,111,67,19,29,47" hai3="22,105,50,5,128,31,35,30,94,34,54,132,46"/><W59/><G105/><T33/><D121/><U11/><E123/><V83/><F118/><W114/><G114/><T56/><D33/><U27/><E78/><V129/><F111/><W48/><G128/><T49/><D37/><U18/><E44/><V115/><F129/><W45/><G5/><T6/><D130/><U91/><E62/><V43/><F115/><W79/><G79/><T42/><D42/><U127/><E127/><V20/><REACH who="2" step="1"/><F67/><REACH who="2" ten="269,279,247,195" step="2"/><W10/><G10/><T122/><D122/><U21/><REACH who="1" step="1"/><E93/><REACH who="1" ten="269,269,247,195" step="2"/><V101/><F101/><W16/><G94/><T112/><D102/><U65/><E65/><V119/><F119/><W135/><G35/><T72/><D112/><U40/><E40/><V32/><F32/><W126/><G34/><T74/><D81/><U86/><E86/><V57/><F57/><W89/><G126/><T110/><D58/><U73/><E73/><V55/><F55/><N who="3" m="30103" /><G59/><T109/><D109/><U13/><AGARI ba="0,2" hai="0,4,11,13,18,21,24,26,27,69,70,91,92,96" machi="13" ten="30,2000,0" yaku="1,1,0,1,53,0" doraHai="131" doraHaiUra="68" who="1" fromWho="1" sc="269,-5,269,40,247,-5,195,-10" /><INIT seed="4,0,0,0,4,91" ten="264,309,242,185" oya="0" hai0="1,125,11,84,76,49,20,31,13,19,14,58,129" hai1="130,113,33,22,24,7,128,123,39,105,54,87,5" hai2="21,95,8,119,9,111,50,64,121,6,88,62,100" hai3="43,12,110,81,36,80,18,51,28,114,55,90,132"/><T131/><D125/><U30/><E123/><V44/><F111/><W63/><G110/><T117/><D117/><U79/><E39/><V89/><F121/><W4/><G132/><T77/><D1/><U29/><E105/><V65/><F119/><W93/><G114/><T118/><D118/><U106/><E106/><V66/><F62/><W26/><G4/><T35/><D35/><U41/><E41/><N who="2" m="24847" /><F21/><N who="3" m="15439" /><G63/><T78/><D31/><U98/><E30/><V104/><F104/><W46/><G43/><T99/><D99/><U73/><E98/><N who="2" m="59487" /><F6/><W2/><G2/><T0/><D0/><U37/><E5/><V74/><F74/><W40/><G40/><T38/><D38/><U86/><E7/><V42/><F42/><W103/><G103/><T102/><D102/><U92/><E37/><V133/><F133/><W135/><G36/><T60/><D49/><U97/><E73/><V52/><F52/><N who="3" m="29815" /><G135/><T108/><D108/><U69/><E33/><V127/><F127/><W3/><G55/><T25/><D60/><U67/><E54/><V59/><F59/><W48/><G48/><T115/><D58/><U68/><E68/><V17/><F17/><W83/><G3/><T126/><D126/><U27/><E69/><V32/><F32/><W57/><G57/><T107/><D107/><U109/><E109/><V82/><F82/><W56/><G56/><T23/><D115/><U16/><E113/><V45/><F45/><W120/><G120/><T72/><D72/><U53/><E53/><V134/><F134/><W85/><G81/><T34/><D34/><U75/><E75/><RYUUKYOKU ba="0,0" sc="264,-15,309,-15,242,15,185,15" hai2="8,9,64,65,66,88,89" hai3="12,18,80,83,85,90,93" /><INIT seed="5,1,0,2,0,10" ten="249,294,257,200" oya="1" hai0="123,88,119,101,14,66,19,17,106,98,69,58,81" hai1="12,1,9,97,89,107,24,128,84,92,120,68,104" hai2="16,53,48,39,78,27,108,87,83,121,131,75,3" hai3="25,45,21,36,30,56,28,94,122,85,71,59,67"/><U42/><E68/><V65/><F108/><W80/><G122/><T40/><D119/><U35/><E1/><V6/><F121/><W72/><G72/><T134/><D123/><U100/><E42/><V15/><F39/><W76/><G71/><T62/><D134/><U126/><E126/><V111/><F111/><W18/><G36/><T54/><D19/><U7/><E128/><V55/><F131/><W109/><G109/><T44/><D40/><U2/><E120/><V112/><F112/><W11/><G45/><T91/><D81/><U105/><REACH who="1" step="1"/><E2/><REACH who="1" ten="249,284,257,200" step="2"/><V52/><F3/><W95/><G30/><AGARI ba="1,1" hai="7,9,12,24,30,35,84,89,92,97,100,104,105,107" machi="30" ten="40,18000,2" yaku="1,1,2,1,52,1,53,3" doraHai="10" doraHaiUra="102" who="1" fromWho="3" sc="249,0,284,193,257,0,200,-183" /><INIT seed="5,2,0,0,3,2" ten="249,477,257,17" oya="1" hai0="104,88,78,128,82,49,43,71,10,1,96,53,87" hai1="123,0,79,50,38,60,132,52,31,59,14,3,30" hai2="94,129,56,32,6,133,36,89,48,101,65,16,97" hai3="61,58,51,120,66,81,4,127,126,69,73,100,108"/><U114/><E38/><V91/><F36/><W75/><G120/><T5/><D128/><U115/><E79/><V83/><F129/><W8/><G100/><T106/><D71/><U41/><E132/><V124/><F133/><W24/><G108/><T28/><D43/><U98/><E123/><V117/><F117/><W54/><G24/><T42/><D42/><U44/><E14/><V46/><F32/><W84/><G127/><T121/><D28/><N who="1" m="10795" /><E98/><V25/><F124/><W110/><G110/><T22/><D22/><U20/><E20/><N who="2" m="13447" /><F83/><W57/><G69/><T47/><D121/><U90/><E90/><V27/><F27/><W15/><REACH who="3" step="1"/><G126/><REACH who="3" ten="249,477,257,7" step="2"/><T107/><REACH who="0" step="1"/><D78/><AGARI ba="2,1" hai="4,8,15,51,54,57,58,61,66,73,75,78,81,84" machi="78" ten="30,7700,0" yaku="1,1,2,1,7,1,52,1,53,0" doraHai="2" doraHaiUra="92" who="3" fromWho="0" sc="249,-83,477,0,257,0,7,93" /><INIT seed="6,0,0,2,5,12" ten="166,477,257,100" oya="2" hai0="106,64,126,42,129,30,117,115,41,50,119,33,38" hai1="58,37,21,47,32,108,70,132,112,121,23,118,76" hai2="103,18,130,2,79,71,97,67,40,66,133,0,95" hai3="59,69,81,52,9,135,96,3,39,89,1,78,65"/><V49/><F133/><W6/><G39/><T7/><D38/><U62/><E32/><V94/><F130/><W110/><G135/><T14/><D129/><U84/><E70/><V87/><F71/><W45/><G110/><T92/><D106/><U56/><E56/><V98/><F2/><W15/><G45/><T101/><D64/><U125/><E58/><V85/><F0/><W128/><G128/><T77/><D126/><U73/><E47/><N who="2" m="25831" /><F18/><W28/><G28/><T19/><D7/><U107/><E37/><V83/><F87/><W17/><G65/><T22/><D77/><U100/><E84/><V68/><F68/><W31/><G31/><T54/><D115/><U53/><E112/><V36/><F36/><W131/><G69/><T109/><D109/><U8/><E108/><V75/><F75/><W102/><G131/><T134/><D134/><U44/><E73/><V13/><F13/><W120/><G120/><T116/><D30/><U127/><E121/><V55/><F55/><W88/><G3/><T11/><D33/><U16/><E132/><V20/><F20/><W63/><G6/><T10/><D10/><U123/><E23/><V113/><F113/><W35/><G35/><T82/><D11/><U105/><E21/><V48/><F48/><W5/><G5/><T104/><D104/><U122/><E125/><V26/><F26/><W90/><G1/><T124/><D124/><U4/><E127/><V114/><F114/><W72/><G90/><AGARI ba="0,0" hai="66,67,79,83,85,90,94,95,97,98,103" m="25831" machi="90" ten="30,1500,0" yaku="8,1" doraHai="12" who="2" fromWho="3" sc="166,0,477,0,257,15,100,-15" /><INIT seed="6,1,0,5,0,19" ten="166,477,272,85" oya="2" hai0="14,48,96,41,37,10,119,12,21,105,104,1,60" hai1="50,67,27,95,79,74,45,68,86,102,24,110,17" hai2="31,123,87,63,101,52,89,85,125,92,58,134,15" hai3="23,66,108,100,128,44,38,64,81,83,32,29,11"/><V124/><F123/><W91/><G108/><T120/><D1/><U36/><E36/><V40/><F134/><W16/><G128/><T121/><D37/><U28/><E28/><V135/><F135/><W22/><G100/><T46/><D119/><U35/><E35/><V39/><F101/><W129/><G129/><T93/><D105/><U77/><E68/><V42/><F31/><W122/><G122/><T4/><D104/><U103/><E67/><N who="3" m="25642" /><G38/><T3/><D3/><U109/><E74/><V9/><F87/><N who="3" m="50671" /><G32/><T70/><D70/><U127/><E103/><V80/><F80/><W132/><G132/><T82/><D82/><U126/><E102/><V59/><F59/><W112/><G112/><T118/><D118/><U7/><E110/><V72/><F72/><W54/><G83/><T106/><D106/><U131/><E131/><V117/><F117/><W88/><G88/><N who="0" m="55335" /><D121/><U76/><E76/><V25/><F39/><W94/><G94/><T2/><D2/><U34/><E79/><V20/><F124/><W53/><G29/><T8/><D120/><U115/><E126/><V98/><F125/><W51/><G54/><T0/><D0/><U114/><E127/><V18/><REACH who="2" step="1"/><F85/><REACH who="2" ten="166,477,262,85" step="2"/><W90/><G90/><T43/><D46/><U78/><E45/><V99/><F99/><W57/><G57/><T55/><D60/><U73/><E86/><V130/><F130/><W6/><G6/><T5/><D5/><U84/><E7/><V62/><F62/><W133/><G133/><T69/><D4/><U47/><E84/><V33/><F33/><W113/><G113/><RYUUKYOKU ba="1,1" sc="166,-15,477,-15,262,15,85,15" hai2="9,15,18,20,25,40,42,52,58,63,89,92,98" hai3="11,16,22,23,44,51,53" /><INIT seed="6,2,1,0,5,27" ten="151,462,277,100" oya="2" hai0="63,129,132,117,86,32,39,82,109,77,35,36,26" hai1="87,113,9,71,61,79,28,67,44,18,76,21,75" hai2="4,22,23,120,102,106,116,60,91,89,13,114,103" hai3="43,53,12,88,6,133,128,100,134,5,105,16,20"/><V68/><F116/><W125/><G43/><T131/><D109/><U58/><E75/><V99/><F120/><W83/><G125/><T130/><D117/><U54/><E113/><V121/><F121/><W101/><G128/><T0/><D0/><U49/><E87/><V29/><F114/><W19/><G19/><T40/><D132/><N who="3" m="50793" /><G53/><T92/><D63/><U112/><E112/><V78/><F78/><W107/><G101/><T52/><D52/><U64/><E64/><V85/><F103/><W119/><G119/><T69/><D69/><U3/><E71/><V46/><F46/><W17/><G17/><T15/><D40/><U110/><E3/><V45/><F45/><W66/><G66/><T74/><D15/><N who="1" m="7535" /><E110/><V124/><F124/><W2/><G2/><T93/><D39/><U51/><E51/><V38/><F60/><W34/><G34/><T1/><D1/><U25/><AGARI ba="2,1" hai="21,25,28,44,49,54,58,61,67,76,79" m="7535" machi="25" ten="30,2000,0" yaku="8,1,52,1" doraHai="27" who="1" fromWho="1" sc="151,-7,462,36,277,-12,100,-7" /><INIT seed="7,0,0,2,0,76" ten="144,498,265,93" oya="3" hai0="135,79,17,35,7,129,67,61,109,125,74,68,44" hai1="97,85,127,27,42,84,53,29,105,13,52,31,103" hai2="5,14,98,122,91,9,112,1,49,41,46,78,3" hai3="118,4,126,60,22,33,10,86,96,70,38,117,51"/><W107/><G33/><T0/><D109/><U87/><E127/><V8/><F112/><W120/><G38/><T119/><D119/><U132/><E132/><V11/><F122/><W93/><G120/><T59/><D135/><U94/><E42/><V36/><F36/><W100/><G126/><T75/><D125/><U92/><E29/><V113/><F113/><W47/><G22/><T45/><D35/><U80/><E13/><V57/><F57/><W34/><G34/><T55/><D129/><U54/><E80/><V28/><F28/><W77/><G60/><T39/><D17/><U123/><E123/><V63/><F63/><W83/><G70/><T108/><D108/><U69/><E69/><V72/><F72/><W30/><G30/><T23/><D23/><U16/><E16/><V121/><F78/><W114/><G107/><T89/><D89/><N who="1" m="53311" /><E105/><V66/><F66/><W102/><G102/><T20/><D20/><AGARI ba="0,0" hai="20,27,31,52,53,54,84,85,94,97,103" m="53311" machi="20" ten="30,2000,0" yaku="8,1,54,1" doraHai="76" who="1" fromWho="0" sc="144,-20,498,20,265,0,93,0" owari="124,-28.0,518,62.0,265,7.0,93,-41.0" /></mjloggm>