<mjloggm ver="2.3"><GO type="97" lobby="0"/><UN n0="%E5%A1%A9%E9%85%B8%E3%81%94%E3%81%8F%E3%81%94%E3%81%8F" n1="%48%6F%6F%6B%61%68" n2="%E3%81%84%E3%81%BE%E3%82%A4%E3%83%81" n3="%E3%82%A6%E3%83%AB%E3%83%88%E3%83%A9%E7%AB%8B%E7%9B%B4" dan="14,14,15,15" rate="1953.91,1888.90,1953.36,1946.68" sx="M,M,M,M"/><TAIKYOKU oya="0"/><INIT seed="0,0,0,3,0,86" ten="250,250,250,250" oya="0" hai0="28,36,4,116,85,35,52,53,130,80,125,72,54" hai1="8,34,106,27,5,26,17,97,16,58,11,117,6" hai2="99,124,129,121,1,33,21,60,112,71,87,23,78" hai3="93,107,61,131,79,89,19,56,59,82,101,111,68"/><T70/><D116/><U10/><E106/><V30/><F1/><W88/><G131/><T90/><D70/><U49/><E97/><V3/><F3/><W57/><G111/><T62/><D36/><U123/><E49/><V7/><F7/><N who="1" m="2569" /><E58/><N who="3" m="22634" /><G107/><T25/><D62/><U103/><E103/><V96/><F129/><W41/><G68/><T14/><D130/><U55/><E55/><V110/><F110/><W76/><G41/><T102/><D125/><U119/><E123/><V66/><F124/><W22/><G101/><T122/><D122/><U50/><E50/><V98/><F121/><W48/><G48/><T108/><D108/><U32/><E117/><V77/><F112/><W120/><G93/><T81/><D102/><U100/><E100/><V105/><F105/><W18/><G120/><T133/><D133/><U74/><E74/><V45/><F45/><W135/><G135/><T63/><D63/><U94/><E94/><V39/><F39/><W118/><G118/><T67/><D67/><U115/><E115/><V13/><F33/><N who="1" m="12905" /><E119/><V132/><F132/><W31/><G79/><T134/><D134/><U127/><E127/><V43/><F77/><W20/><G76/><T2/><D72/><U104/><E104/><V73/><F78/><W91/><G82/><T84/><D2/><U0/><E0/><V114/><F73/><W95/><G95/><T113/><D113/><U12/><E12/><V24/><F114/><W64/><G61/><T69/><D69/><U128/><E128/><V51/><F51/><W126/><G126/><T37/><D37/><U40/><E40/><RYUUKYOKU ba="0,0" sc="250,-10,250,30,250,-10,250,-10" hai1="8,10,11,16,17,26,27" /><INIT seed="1,1,0,0,4,127" ten="240,280,240,240" oya="1" hai0="57,124,31,53,131,86,119,33,115,59,128,20,62" hai1="63,15,135,82,58,102,43,87,125,104,25,114,50" hai2="69,97,41,19,76,113,129,112,7,91,39,34,11" hai3="12,95,133,111,132,9,116,85,73,6,16,44,28"/><U72/><E114/><N who="2" m="44139" /><F69/><W64/><G73/><T99/><D115/><U4/><E125/><V21/><F34/><W23/><G111/><T120/><D124/><U46/><E72/><V26/><F76/><W35/><G64/><T68/><D119/><U92/><E104/><V100/><F41/><W75/><G75/><T45/><D33/><U134/><E25/><V65/><F65/><W108/><G44/><T83/><D99/><U80/><E92/><V88/><F129/><N who="0" m="49738" /><D120/><U42/><E42/><V0/><F39/><W48/><G108/><T52/><D45/><U3/><E3/><V32/><F32/><W5/><G116/><T36/><D36/><U55/><E102/><V118/><F118/><W29/><G35/><T90/><D68/><U8/><REACH who="1" step="1"/><E82/><REACH who="1" ten="240,270,240,240" step="2"/><V96/><F96/><W84/><G95/><AGARI ba="1,1" hai="0,7,11,19,21,26,88,91,95,97,100" m="44139" machi="95" ten="30,2000,0" yaku="11,1,54,1" doraHai="127" who="2" fromWho="3" sc="240,0,270,0,240,33,240,-23" /><INIT seed="2,0,0,1,1,52" ten="240,270,273,217" oya="2" hai0="30,76,124,22,26,125,44,107,12,21,42,126,118" hai1="123,66,83,79,15,109,84,14,74,77,129,128,61" hai2="65,23,82,99,27,71,73,122,105,20,56,64,63" hai3="25,108,5,106,36,104,59,60,40,85,48,18,96"/><V51/><F122/><W132/><G108/><T120/><D120/><U112/><E109/><V58/><F51/><W97/><G132/><T80/><D107/><U10/><E123/><V24/><F64/><W1/><G36/><T13/><D118/><U29/><E29/><V38/><F38/><W41/><G5/><T130/><D22/><U54/><E54/><V72/><F72/><W67/><G1/><T88/><D130/><N who="1" m="50283" /><E112/><V32/><F27/><W94/><G104/><T114/><D114/><U9/><E15/><V62/><F62/><W91/><G106/><T93/><D80/><N who="1" m="47119" /><E14/><V37/><F37/><W8/><G41/><T81/><D81/><U100/><E100/><N who="2" m="62623" /><F20/><N who="3" m="13463" /><G8/><T39/><REACH who="0" step="1"/><D76/><REACH who="0" ten="230,270,273,217" step="2"/><U133/><E133/><V31/><F23/><W111/><G111/><T121/><D121/><U78/><E78/><AGARI ba="0,1" hai="24,31,32,56,58,63,65,71,73,78,82" m="62623" machi="78" ten="30,5800,0" yaku="25,1,52,2" doraHai="52" who="2" fromWho="1" sc="230,0,270,-58,273,68,217,0" /><INIT seed="2,1,0,2,3,46" ten="230,212,341,217" oya="2" hai0="81,37,98,4,94,121,44,132,90,2,77,20,11" hai1="127,60,31,26,42,14,32,70,51,85,111,125,50" hai2="83,13,128,58,61,93,65,92,131,115,43,33,129" hai3="10,67,87,135,47,63,80,21,17,95,49,35,64"/><V1/><F1/><W23/><G35/><T40/><D132/><U7/><E111/><V113/><F33/><W108/><G108/><T107/><D121/><U66/><E42/><V104/><F104/><W101/><G135/><T45/><D107/><U27/><E27/><V3/><F3/><W114/><G114/><N who="2" m="43529" /><F43/><W122/><G122/><T134/><D134/><U15/><E85/><V118/><F118/><W133/><G133/><T88/><D44/><U39/><E39/><V119/><F119/><W54/><G95/><T84/><REACH who="0" step="1"/><D20/><REACH who="0" ten="220,212,341,217" step="2"/><U116/><E116/><V120/><F120/><W75/><G23/><T12/><D12/><U72/><E15/><V99/><F13/><W74/><G21/><T8/><D8/><U117/><E117/><V55/><F129/><W73/><G10/><T82/><D82/><U112/><E112/><V123/><F128/><W103/><G80/><T0/><D0/><U28/><E14/><V79/><F131/><W5/><G5/><T24/><D24/><N who="1" m="18439" /><E7/><V16/><F123/><W30/><G30/><T124/><D124/><N who="1" m="47691" /><E72/><V76/><F83/><W110/><G75/><T106/><D106/><U18/><E31/><V25/><F25/><W22/><G74/><T100/><AGARI ba="1,1" hai="2,4,11,37,40,45,77,81,84,88,90,94,98,100" machi="100" ten="20,5200,0" yaku="1,1,0,1,7,1,54,1,53,0" doraHai="46" doraHaiUra="29" who="0" fromWho="0" sc="220,65,212,-14,341,-27,217,-14" /><INIT seed="3,0,0,0,2,23" ten="285,198,314,203" oya="3" hai0="11,134,114,107,17,55,103,7,60,120,38,37,4" hai1="48,109,110,1,16,33,89,71,70,129,77,26,29" hai2="85,111,0,100,19,30,93,86,116,105,18,43,79" hai3="80,127,21,58,39,130,13,84,82,118,132,15,113"/><W10/><G39/><T40/><D120/><U41/><E1/><V133/><F116/><W112/><G118/><T135/><D114/><U57/><E129/><V61/><F0/><W22/><G113/><T91/><D91/><U73/><E73/><V3/><F3/><W123/><G112/><T81/><D81/><U14/><E77/><V53/><F111/><N who="1" m="42505" /><E89/><V28/><F43/><W20/><G123/><T59/><D103/><U92/><E92/><V125/><F133/><N who="0" m="50698" /><D107/><U31/><E31/><N who="2" m="11819" /><F105/><W42/><G127/><T63/><D17/><N who="2" m="6154" /><F79/><W131/><G132/><T108/><D108/><U104/><E104/><V99/><F125/><W87/><G42/><T52/><D40/><U88/><E88/><V56/><AGARI ba="0,0" hai="53,56,61,85,86,93,99,100" m="6154,11819" machi="56" ten="30,1100,0" yaku="8,1" doraHai="23" who="2" fromWho="2" sc="285,-3,198,-3,314,11,203,-5" owari="282,8.0,195,-30.0,325,42.0,198,-20.0" /></mjloggm>