<mjloggm ver="2.3"><GO type="97" lobby="0"/><UN n0="%E3%82%A6%E3%83%AB%E3%83%88%E3%83%A9%E7%AB%8B%E7%9B%B4" n1="%73%6B%69%70%62%65%61%74" n2="%47%52%41%4E%44%49%41%E2%85%A1" n3="%48%61%70%70%79%43%6F%77" dan="16,15,14,13" rate="1998.90,1973.50,1919.88,1822.66" sx="M,F,F,M"/><TAIKYOKU oya="0"/><INIT seed="0,0,0,0,3,15" ten="250,250,250,250" oya="0" hai0="95,77,53,124,117,26,31,96,113,64,127,110,135" hai1="8,1,20,112,24,45,47,9,14,123,59,63,39" hai2="89,34,46,37,90,86,30,125,23,93,16,27,4" hai3="6,92,69,49,74,18,88,51,133,84,66,107,3"/><T121/><D121/><U85/><E112/><V61/><F125/><N who="0" m="48202" /><D113/><U56/><E123/><V52/><F4/><W79/><G107/><T0/><D0/><U114/><E114/><V17/><F34/><W118/><G118/><T28/><D117/><U83/><E1/><V126/><F126/><W68/><G133/><T104/><D104/><U70/><E70/><V40/><REACH who="2" step="1"/><F90/><REACH who="2" ten="250,250,240,250" step="2"/><W57/><G6/><T54/><D135/><U116/><E116/><V65/><F65/><W13/><G3/><T58/><D110/><U81/><E39/><V128/><F128/><W109/><G109/><T80/><D64/><U102/><E102/><V21/><F21/><W131/><G131/><T122/><D122/><U134/><E134/><V97/><F97/><W132/><G132/><T36/><D36/><U11/><E20/><V105/><F105/><W120/><G120/><T82/><D96/><U62/><E8/><V72/><F72/><W94/><G74/><T71/><D95/><U41/><E85/><V50/><F50/><N who="3" m="18955" /><G69/><T103/><D82/><U7/><E7/><V5/><F5/><W98/><G68/><T22/><D71/><U111/><E111/><V12/><F12/><W101/><G79/><T76/><D103/><U130/><E130/><V60/><F60/><N who="3" m="38159" /><G13/><T115/><D115/><U108/><E14/><V129/><F129/><W29/><G29/><T99/><D31/><U44/><E108/><V87/><F87/><W78/><G78/><N who="0" m="30315" /><D80/><U67/><E83/><V42/><F42/><W91/><G91/><T100/><D58/><AGARI ba="0,1" hai="16,17,23,27,30,37,40,46,52,58,61,86,89,93" machi="58" ten="40,8000,1" yaku="1,1,52,2,54,2,53,0" doraHai="15" doraHaiUra="2" who="2" fromWho="0" sc="250,-80,250,0,240,90,250,0" /><INIT seed="1,0,0,4,0,4" ten="170,250,330,250" oya="1" hai0="33,72,54,101,55,41,83,112,130,79,99,11,69" hai1="64,8,126,42,47,120,70,40,34,128,110,19,122" hai2="93,2,73,1,29,135,118,53,108,50,21,84,68" hai3="78,9,32,67,105,134,39,15,56,100,44,30,26"/><U22/><E128/><V5/><F73/><W103/><G134/><T104/><D33/><U23/><E34/><V60/><F118/><W59/><G78/><T106/><D69/><U87/><E126/><V88/><F108/><W46/><G105/><T51/><D112/><U111/><E8/><V97/><F5/><W57/><G67/><T24/><D130/><U38/><E42/><V74/><F74/><W109/><G109/><N who="1" m="41482" /><E87/><V129/><F129/><W133/><G133/><T36/><D106/><U117/><E117/><V31/><F84/><W125/><G125/><T65/><D24/><N who="1" m="14431" /><E23/><V18/><F135/><W91/><G91/><T66/><D36/><U123/><E64/><V96/><F96/><W131/><G131/><T3/><D41/><U124/><E124/><V102/><F102/><W63/><G63/><T25/><D55/><U94/><E94/><V132/><F132/><W49/><G39/><T81/><D81/><U43/><E40/><V75/><F75/><W85/><G85/><T7/><REACH who="0" step="1"/><D25/><REACH who="0" ten="160,250,330,250" step="2"/><U77/><E70/><V6/><F68/><W95/><G95/><T52/><D52/><U17/><E77/><V114/><F114/><W82/><G82/><T98/><D98/><U89/><E89/><V92/><F92/><W10/><G32/><T127/><D127/><U62/><E123/><V0/><F97/><W61/><G26/><T35/><D35/><U121/><E122/><V76/><F76/><W71/><G71/><T14/><D14/><U48/><E121/><V113/><F113/><W80/><G15/><T58/><AGARI ba="0,1" hai="3,7,11,51,54,58,65,66,72,79,83,99,101,104" machi="58" ten="20,5200,0" yaku="1,1,0,1,7,1,52,1,53,0" doraHai="4" doraHaiUra="119" who="0" fromWho="0" sc="160,62,250,-26,330,-13,250,-13" /><INIT seed="2,0,0,3,5,8" ten="222,224,317,237" oya="2" hai0="39,65,92,25,56,81,70,38,22,107,10,106,11" hai1="128,84,47,79,57,31,85,132,89,59,68,80,17" hai2="67,127,61,43,62,117,126,64,105,3,53,66,9" hai3="75,116,42,88,18,58,130,97,6,14,83,111,135"/><V78/><F105/><W125/><G116/><T35/><D70/><U72/><E68/><V129/><F78/><W114/><G114/><T26/><D106/><U71/><E71/><V86/><F86/><N who="3" m="50271" /><G75/><T4/><D107/><U76/><E128/><V50/><F117/><W37/><G37/><T98/><D81/><U74/><E132/><V20/><F43/><W15/><G135/><T49/><D35/><U52/><E72/><V94/><F94/><W73/><G73/><T91/><D26/><U33/><E74/><V46/><F129/><W7/><G130/><T63/><D49/><N who="1" m="28735" /><E33/><V133/><F133/><W51/><G125/><N who="2" m="47625" /><F20/><W102/><G111/><T110/><D110/><U112/><E112/><V13/><F3/><W95/><G18/><AGARI ba="0,0" hai="9,13,18,46,50,53,61,62,64,66,67" m="47625" machi="18" ten="30,2900,0" yaku="18,1,52,1" doraHai="8" who="2" fromWho="3" sc="222,0,224,0,317,29,237,-29" /><INIT seed="2,1,0,5,1,109" ten="222,224,346,208" oya="2" hai0="130,3,37,127,67,94,16,7,20,83,71,126,33" hai1="21,60,74,101,117,25,112,119,85,48,38,63,15" hai2="76,103,49,129,87,82,14,50,2,12,10,22,4" hai3="5,92,91,23,52,18,72,106,86,114,1,128,111"/><V108/><F108/><W93/><G106/><T31/><D37/><U102/><E38/><V105/><F129/><W78/><G111/><T44/><D44/><U90/><E74/><V96/><F22/><W118/><G118/><T17/><D67/><U59/><E15/><V13/><AGARI ba="1,0" hai="2,4,10,12,13,14,49,50,76,82,87,96,103,105" machi="13" ten="30,1500,0" yaku="0,1" doraHai="109" who="2" fromWho="2" sc="222,-6,224,-6,346,18,208,-6" /><INIT seed="2,2,0,5,0,5" ten="216,218,364,202" oya="2" hai0="119,2,3,18,58,114,9,6,94,34,25,133,122" hai1="16,128,126,65,0,51,54,113,130,68,74,80,26" hai2="59,87,111,7,49,64,72,106,56,61,15,92,75" hai3="104,135,39,46,116,108,50,90,121,120,4,81,115"/><V79/><F106/><W124/><G39/><T129/><D94/><U27/><E113/><V40/><F111/><W83/><G4/><N who="0" m="1183" /><D58/><U103/><E0/><V32/><F32/><W47/><G104/><T102/><D102/><U1/><E1/><V24/><F24/><W107/><G107/><T76/><D76/><U21/><E126/><V77/><F75/><W20/><G108/><T29/><D114/><U33/><E103/><V85/><F72/><W105/><G105/><T28/><D122/><U31/><E65/><V132/><F132/><W98/><G115/><T55/><D55/><U69/><E80/><V10/><F87/><W13/><G116/><T96/><D96/><U89/><E89/><N who="2" m="53295" /><F59/><W131/><G131/><N who="1" m="50218" /><E74/><V112/><F112/><W73/><G73/><T23/><D129/><U88/><E88/><V91/><F91/><W45/><G135/><T95/><D95/><U30/><E31/><N who="0" m="11849" /><D133/><U60/><E60/><V11/><F40/><W78/><G124/><T37/><D37/><U14/><E69/><V66/><F66/><W109/><G109/><T12/><D119/><U71/><E68/><V127/><F127/><W117/><G117/><T134/><D134/><U84/><E71/><V99/><F49/><W67/><G67/><T36/><D36/><U38/><E38/><V53/><F99/><W8/><G121/><T70/><D70/><U118/><E118/><V86/><F64/><W62/><G120/><T35/><D2/><U41/><E41/><V19/><F86/><W101/><G62/><T63/><D63/><U97/><E97/><V123/><F123/><RYUUKYOKU ba="2,0" sc="216,15,218,-15,364,15,202,-15" hai0="6,12,18,23,25,34,35" hai2="7,10,11,15,19,53,56,61,77,79" /><INIT seed="2,3,0,0,4,124" ten="231,203,379,187" oya="2" hai0="88,100,112,17,64,18,98,67,11,121,107,120,59" hai1="13,123,9,58,19,38,74,46,39,43,102,117,73" hai2="41,37,47,7,23,24,54,133,42,99,14,103,131" hai3="0,108,105,83,126,135,48,129,3,82,97,118,86"/><V84/><F133/><W80/><G118/><T68/><D112/><U72/><E117/><V116/><F42/><W114/><G0/><T90/><D59/><U53/><E123/><V130/><F116/><W113/><G3/><T89/><D11/><U60/><REACH who="1" step="1"/><E102/><REACH who="1" ten="231,193,379,187" step="2"/><V32/><F103/><N who="3" m="62703" /><G48/><AGARI ba="3,1" hai="9,13,19,38,39,43,46,48,53,58,60,72,73,74" machi="48" ten="40,1300,0" yaku="1,1,53,0" doraHai="124" doraHaiUra="66" who="1" fromWho="3" sc="231,0,193,32,379,0,187,-22" /><INIT seed="3,0,0,3,3,73" ten="231,225,379,165" oya="3" hai0="104,111,81,85,91,61,88,92,90,31,134,74,95" hai1="53,129,36,64,2,71,18,76,58,80,38,25,42" hai2="13,126,112,125,0,130,22,96,55,62,23,132,24" hai3="103,93,20,113,83,46,35,78,8,26,107,17,21"/><W117/><G117/><T12/><D31/><U45/><E2/><V52/><F0/><W108/><G107/><T123/><D61/><U101/><E129/><V16/><F112/><W68/><G68/><T5/><D12/><U102/><E38/><V10/><F132/><W33/><G113/><T54/><D54/><U84/><E71/><V118/><F118/><W67/><G67/><T14/><D14/><U27/><E64/><V128/><F23/><W29/><G108/><T120/><D5/><U44/><E45/><V75/><F75/><W116/><G8/><T3/><D3/><U48/><E27/><V97/><F97/><W40/><G116/><T105/><D134/><U19/><E18/><N who="2" m="12375" /><F96/><W4/><G103/><T47/><D47/><U6/><E6/><V99/><F99/><W131/><G93/><N who="0" m="35915" /><D74/><U51/><E36/><V39/><F39/><W72/><G131/><N who="2" m="50217" /><F55/><W69/><G4/><T70/><D70/><U41/><E42/><V94/><F94/><W79/><G79/><N who="0" m="46271" /><D111/><U1/><E1/><V65/><F52/><W15/><REACH who="3" step="1"/><G69/><AGARI ba="0,0" hai="10,13,16,62,65,69,125,126" m="50217,12375" machi="69" ten="30,2000,0" yaku="19,1,54,1" doraHai="73" who="2" fromWho="3" sc="231,0,225,0,379,20,165,-20" owari="231,3.0,225,-17.0,399,49.0,145,-35.0" /></mjloggm>