<mjloggm ver="2.3"><GO type="169" lobby="0"/><UN n0="%EF%BC%88%E2%89%A7%E2%96%BD%E2%89%A6%EF%BC%89" n1="%6B%75%72%61%32%33%34%35" n2="%E5%A4%A9%E5%B2%A9%E6%88%B8" n3="%E2%99%AA%E3%83%A2%E3%83%8E%E3%82%AF%E3%83%AD" dan="19,16,17,18" rate="2328.40,2075.00,2132.39,2185.74" sx="M,M,M,F"/><TAIKYOKU oya="0"/><INIT seed="0,0,0,5,2,52" ten="250,250,250,250" oya="0" hai0="104,29,19,42,75,13,84,65,122,63,87,76,103" hai1="110,90,20,30,5,37,24,15,120,32,68,95,18" hai2="100,102,107,77,82,56,61,129,135,73,25,106,7" hai3="83,28,39,4,64,91,94,85,101,17,70,41,50"/><T109/><D122/><U6/><E120/><V134/><F7/><W27/><G39/><T118/><D118/><U124/><E37/><V131/><F25/><W81/><G4/><T45/><D29/><U16/><E68/><V35/><F35/><W86/><G17/><T3/><D3/><U111/><E90/><V34/><F34/><W108/><G108/><N who="1" m="41514" /><E95/><V126/><F126/><W60/><G101/><N who="2" m="39017" /><F107/><W48/><G41/><T22/><D109/><U62/><E62/><V31/><F31/><W59/><G70/><T71/><D75/><U53/><E53/><N who="2" m="33935" /><F106/><W105/><G105/><T40/><D40/><U96/><E96/><V79/><F79/><W23/><REACH who="3" step="1"/><G94/><REACH who="3" ten="250,250,250,240" step="2"/><T99/><REACH who="0" step="1"/><D76/><AGARI ba="0,1" hai="23,27,28,48,50,59,60,64,76,81,83,85,86,91" machi="76" ten="30,8000,1" yaku="1,1,2,1,7,1,8,1,52,1,53,0" doraHai="52" doraHaiUra="97" who="3" fromWho="0" sc="250,-80,250,0,250,0,240,90" /><INIT seed="1,0,0,5,2,110" ten="170,250,250,330" oya="1" hai0="118,84,86,76,96,69,117,124,23,59,5,66,15" hai1="125,20,1,64,121,42,108,0,37,62,105,39,113" hai2="8,107,7,101,60,11,33,99,21,120,70,31,82" hai3="89,22,32,41,115,36,2,123,114,47,74,73,14"/><U135/><E121/><V34/><F120/><W10/><G123/><T91/><D124/><U78/><E108/><V111/><F111/><W68/><G32/><T98/><D69/><U134/><E125/><V131/><F131/><W102/><G68/><T51/><D117/><U3/><E105/><V46/><F21/><W133/><G102/><T53/><D118/><U79/><E42/><V112/><F46/><W56/><G133/><N who="1" m="50698" /><E113/><V127/><F127/><W44/><G2/><T119/><D119/><U40/><E20/><V80/><F34/><W122/><G122/><T9/><D66/><U49/><E49/><V35/><F35/><W104/><G104/><T103/><D103/><U30/><E30/><V58/><F112/><W92/><G22/><T128/><D128/><U85/><E85/><V19/><F31/><W6/><G56/><T45/><D59/><N who="1" m="36959" /><E40/><V57/><F33/><W65/><G65/><T50/><D50/><U16/><E16/><V54/><F70/><W28/><G28/><T129/><D129/><U55/><E55/><V75/><F75/><W27/><G27/><T29/><D76/><AGARI ba="0,0" hai="0,1,3,37,39,76,78,79" m="36959,50698" machi="76" ten="40,2000,0" yaku="20,1" doraHai="110" who="1" fromWho="0" sc="170,-20,250,20,250,0,330,0" /><INIT seed="1,1,0,2,3,19" ten="150,270,250,330" oya="1" hai0="71,53,18,43,117,120,102,26,69,68,4,52,106" hai1="10,84,36,54,121,132,61,81,20,74,72,112,9" hai2="42,16,31,119,1,94,28,41,63,57,21,73,99" hai3="134,97,46,0,113,77,100,127,12,6,30,79,129"/><U51/><E121/><V2/><F73/><W25/><G113/><T103/><D117/><U11/><E112/><V109/><F119/><W27/><G0/><T122/><D4/><U92/><E36/><V37/><F109/><W78/><G127/><T89/><D43/><N who="2" m="16394" /><F1/><W65/><G129/><T114/><D114/><U115/><E115/><V70/><F70/><W85/><G134/><T123/><D89/><U60/><E132/><V14/><F2/><W56/><G46/><T59/><D106/><U17/><E72/><V80/><F80/><W96/><G85/><T90/><D90/><N who="1" m="53319" /><E74/><V76/><F76/><W93/><G97/><T47/><D47/><N who="1" m="28031" /><E81/><V33/><F33/><W95/><G95/><T48/><REACH who="0" step="1"/><D53/><REACH who="0" ten="140,270,250,330" step="2"/><U23/><E17/><V101/><F37/><W64/><G6/><T66/><D66/><AGARI ba="1,1" hai="14,16,21,28,31,57,63,66,94,99,101" m="16394" machi="66" ten="30,3900,0" yaku="8,1,52,1,54,1" doraHai="19" who="2" fromWho="0" sc="140,-42,270,0,250,52,330,0" /><INIT seed="2,0,0,5,4,107" ten="98,270,302,330" oya="2" hai0="78,108,130,133,70,53,61,124,81,76,63,50,36" hai1="104,45,44,126,113,134,10,106,23,38,6,121,85" hai2="83,56,13,39,131,92,46,42,119,117,32,15,110" hai3="25,54,57,72,73,129,43,55,69,12,28,100,96"/><V94/><F32/><W35/><G69/><T18/><D124/><U88/><E113/><V77/><F131/><W16/><G43/><T20/><D130/><U24/><E126/><V66/><F110/><W49/><G55/><T11/><D108/><U71/><E71/><V105/><F105/><W62/><G129/><T116/><D116/><U8/><E121/><V75/><F66/><W40/><G40/><T65/><D133/><U59/><E134/><V109/><F109/><W51/><G51/><T41/><D63/><U48/><E59/><V115/><F115/><W120/><G62/><T103/><D103/><U30/><E38/><V97/><F56/><W93/><G120/><T47/><D11/><AGARI ba="0,0" hai="11,12,16,25,28,35,49,54,57,72,73,93,96,100" machi="11" ten="30,7700,0" yaku="7,1,52,2,54,1" doraHai="107" who="3" fromWho="0" sc="98,-77,270,0,302,0,330,77" /><INIT seed="3,0,0,4,1,123" ten="21,270,302,407" oya="3" hai0="12,63,30,24,62,19,87,28,32,103,48,116,21" hai1="99,121,92,39,29,6,88,46,125,134,69,120,114" hai2="129,58,131,128,86,37,34,81,108,16,35,50,82" hai3="51,44,11,130,85,65,4,55,93,90,77,126,52"/><W2/><G130/><T83/><D116/><U104/><E114/><V56/><F37/><W133/><G133/><T79/><D103/><U20/><E134/><V3/><F3/><W14/><G126/><T66/><D66/><U23/><E125/><V73/><F73/><W27/><G65/><T8/><D30/><U98/><E69/><V13/><F108/><W110/><G110/><T64/><D64/><U60/><E6/><V101/><F101/><W45/><G2/><T95/><D95/><U107/><E60/><V118/><F118/><W17/><G77/><T127/><D127/><U25/><E20/><N who="2" m="11279" /><F81/><W132/><G132/><T40/><REACH who="0" step="1"/><D32/><REACH who="0" ten="11,270,302,407" step="2"/><U61/><E104/><V112/><F112/><W105/><G105/><T89/><D89/><U70/><E88/><N who="2" m="51287" /><F35/><W122/><G93/><T31/><D31/><U135/><E92/><V22/><F34/><W119/><G119/><T18/><D18/><U102/><E107/><V59/><F22/><W68/><G90/><T84/><D84/><U9/><E29/><V100/><F100/><W42/><G85/><T72/><D72/><U76/><E102/><V113/><F113/><W36/><G68/><T1/><D1/><U74/><E74/><V43/><F131/><W67/><G17/><T54/><D54/><U97/><E135/><V38/><F129/><W33/><G55/><T80/><D80/><U41/><E120/><V111/><F128/><W71/><G122/><T26/><D26/><U53/><E121/><V115/><F115/><W94/><G27/><T124/><D124/><U10/><E25/><V7/><F7/><RYUUKYOKU ba="0,1" sc="11,30,270,-10,302,-10,407,-10" hai0="8,12,19,21,24,28,40,48,62,63,79,83,87" /><INIT seed="4,1,1,0,1,72" ten="41,260,292,397" oya="0" hai0="32,38,117,15,103,5,39,53,6,84,57,40,71" hai1="100,113,69,79,95,108,42,18,135,114,134,68,59" hai2="73,63,56,3,110,50,89,7,2,75,8,49,96" hai3="67,52,44,123,76,19,78,16,109,28,21,127,1"/><T125/><D71/><N who="1" m="27211" /><E18/><N who="3" m="6698" /><G1/><T11/><D117/><U94/><E79/><N who="3" m="30250" /><G109/><T12/><D32/><U33/><E33/><V126/><F110/><W132/><G132/><N who="1" m="50730" /><E108/><V64/><F2/><W102/><G127/><T47/><D125/><U17/><E17/><V48/><F126/><W62/><G102/><T66/><D103/><U65/><E42/><V23/><F23/><W30/><G123/><T83/><D66/><U85/><E85/><V77/><F77/><W128/><G128/><T130/><D130/><U25/><E25/><V27/><F27/><W37/><G37/><T122/><D122/><U119/><E119/><V98/><F75/><W74/><G74/><T31/><D31/><U34/><E34/><V91/><F73/><W111/><G111/><T9/><D39/><U24/><E24/><V120/><F120/><W107/><G107/><T104/><D104/><U10/><E10/><V14/><F3/><W105/><G105/><T133/><D133/><U45/><E45/><V88/><AGARI ba="1,1" hai="7,8,14,48,49,50,56,63,64,88,89,91,96,98" machi="88" ten="30,4000,0" yaku="0,1,8,1,54,1" doraHai="72" who="2" fromWho="2" sc="41,-21,260,-11,292,53,397,-11" /><INIT seed="5,0,0,0,4,8" ten="20,249,345,386" oya="1" hai0="21,78,17,47,130,11,12,117,24,60,93,80,44" hai1="76,100,6,33,91,9,40,77,86,42,110,132,99" hai2="51,63,112,122,4,121,118,23,115,10,13,2,56" hai3="133,61,72,88,102,107,32,67,14,119,128,125,26"/><U81/><E132/><V127/><F118/><W129/><G72/><T15/><D130/><N who="3" m="50281" /><G125/><T96/><D117/><U20/><E110/><V1/><F127/><W29/><G119/><T104/><D104/><U101/><E33/><V62/><F51/><W30/><G30/><T94/><D60/><N who="2" m="23082" /><F56/><W59/><G133/><T103/><D93/><U35/><E35/><V74/><F74/><W68/><G88/><T134/><D134/><U45/><E20/><V113/><F23/><W64/><G14/><T84/><REACH who="0" step="1"/><D24/><REACH who="0" ten="10,249,345,386" step="2"/><U75/><E77/><V71/><F71/><W19/><G68/><T46/><D46/><U39/><E42/><V90/><F90/><W109/><G67/><T55/><D55/><U34/><E34/><V5/><F122/><W87/><G107/><T7/><AGARI ba="0,1" hai="7,11,12,15,17,21,44,47,78,80,84,94,96,103" machi="7" ten="20,12000,2" yaku="1,1,0,1,7,1,8,1,52,2,53,1" doraHai="8" doraHaiUra="95" who="0" fromWho="0" sc="10,130,249,-60,345,-30,386,-30" /><INIT seed="6,0,0,0,5,23" ten="140,189,315,356" oya="2" hai0="40,35,0,132,77,128,58,112,84,56,26,93,38" hai1="70,119,63,16,123,91,80,103,59,17,78,105,96" hai2="126,104,82,8,6,32,61,50,36,94,124,44,72" hai3="127,24,21,29,131,85,11,81,34,64,60,27,39"/><V129/><F104/><W15/><G39/><T87/><D0/><U109/><E109/><V99/><F32/><W25/><G127/><N who="2" m="48681" /><F129/><W95/><G95/><T12/><D128/><U31/><E119/><V14/><F61/><W20/><G131/><T37/><D132/><U2/><E2/><V52/><F36/><W9/><G34/><T53/><D112/><U22/><E70/><V122/><F122/><W111/><G111/><T76/><D40/><U116/><E116/><V46/><F82/><W7/><G9/><T42/><D42/><U54/><E123/><V73/><F46/><W66/><G20/><T67/><D67/><N who="3" m="25641" /><G60/><T5/><D38/><U74/><REACH who="1" step="1"/><E91/><AGARI ba="0,0" hai="6,8,14,44,50,52,72,73,91,94,99" m="48681" machi="91" ten="30,2900,0" yaku="18,1,54,1" doraHai="23" who="2" fromWho="1" sc="140,0,189,-29,315,29,356,0" /><AGARI ba="0,0" hai="7,11,15,21,24,25,27,29,81,85,91" m="25641" machi="91" ten="30,7700,0" yaku="8,1,52,3" doraHai="23" who="3" fromWho="1" sc="140,0,160,-77,344,0,356,77" /><INIT seed="6,1,0,5,4,106" ten="140,83,344,433" oya="2" hai0="105,36,132,115,103,35,49,8,127,93,66,50,39" hai1="120,48,14,6,75,10,4,43,61,13,133,80,57" hai2="15,100,104,24,22,102,89,63,59,82,124,84,128" hai3="96,32,97,131,25,44,134,114,91,116,37,55,42"/><V95/><F104/><W40/><G116/><T109/><D35/><U71/><E133/><V18/><F124/><W113/><G42/><T23/><D105/><U99/><E71/><V69/><F69/><W118/><G118/><T20/><D109/><U33/><E33/><V12/><F128/><W53/><G134/><T17/><D115/><N who="3" m="44041" /><G131/><T64/><D127/><U87/><E120/><V90/><F102/><W2/><G2/><T88/><D103/><U27/><E27/><V98/><REACH who="2" step="1"/><F100/><REACH who="2" ten="140,83,334,433" step="2"/><W123/><G123/><T74/><D132/><U110/><E110/><V51/><F51/><W135/><G135/><T67/><D49/><U81/><E75/><V78/><F78/><W16/><G91/><T21/><D50/><U70/><E70/><V19/><F19/><W73/><G73/><T38/><D74/><U11/><E99/><N who="3" m="37962" /><G16/><T126/><D17/><U107/><E107/><V56/><F56/><W34/><G34/><T68/><D126/><U65/><REACH who="1" step="1"/><E87/><REACH who="1" ten="140,73,334,433" step="2"/><V130/><F130/><W92/><G32/><T30/><D68/><U52/><E52/><AGARI ba="1,2" hai="12,15,18,22,24,52,59,63,82,84,89,90,95,98" machi="52" ten="30,18000,2" yaku="1,1,7,1,25,2,8,1,54,1,53,0" doraHai="106" doraHaiUra="3" who="2" fromWho="1" sc="140,0,73,-183,334,203,433,0" owari="140,-26.0,-110,-61.0,537,64.0,433,23.0" /></mjloggm>