<mjloggm ver="2.3"><GO type="169" lobby="0"/><UN n0="%E3%82%A6%E3%83%AB%E3%83%88%E3%83%A9%E7%AB%8B%E7%9B%B4" n1="%E7%B5%B6%E5%AF%BE%E4%B8%8D%E5%8F%AF%E4%BE%B5%E9%A0%98%E5%9F%9F" n2="%E5%BC%B1%E8%99%AB" n3="%38%38%32%33%E2%80%90%E9%9A%BC" dan="17,17,17,16" rate="2063.36,2153.38,2163.18,2000.15" sx="M,M,M,M"/><TAIKYOKU oya="0"/><INIT seed="0,0,0,1,3,39" ten="250,250,250,250" oya="0" hai0="29,121,105,11,127,5,90,83,129,30,34,61,104" hai1="91,22,132,58,19,37,32,6,70,98,79,31,124" hai2="63,133,92,134,50,10,93,48,119,131,66,55,12" hai3="16,25,113,97,65,33,118,72,7,21,45,114,110"/><T57/><D121/><U26/><E70/><V123/><F123/><W125/><G118/><T9/><D127/><U17/><E124/><V76/><F119/><W59/><G125/><T128/><D90/><U108/><E37/><V73/><F131/><N who="0" m="50250" /><D83/><U78/><E6/><V44/><F48/><W1/><G110/><T101/><D101/><U49/><E19/><V87/><F73/><W94/><G72/><T103/><D103/><U24/><E108/><V71/><F76/><W107/><G107/><N who="0" m="41035" /><D34/><U130/><E79/><V89/><REACH who="2" step="1"/><F93/><REACH who="2" ten="250,250,240,250" step="2"/><W115/><G94/><T8/><D5/><AGARI ba="0,1" hai="5,10,12,44,50,55,63,66,71,87,89,92,133,134" machi="5" ten="40,2600,0" yaku="1,1,2,1,53,0" doraHai="39" doraHaiUra="122" who="2" fromWho="0" sc="250,-26,250,0,240,36,250,0" /><INIT seed="1,0,0,5,5,55" ten="224,250,276,250" oya="1" hai0="52,65,87,86,77,128,10,134,125,93,23,34,85" hai1="4,70,124,12,107,112,11,22,32,8,39,14,96" hai2="21,62,89,64,131,90,53,26,35,88,72,67,1" hai3="83,81,36,3,17,61,51,100,113,31,114,84,48"/><U49/><E39/><V38/><F38/><W5/><G36/><T43/><D34/><U33/><E112/><V66/><F1/><W2/><G2/><T42/><D125/><U92/><E107/><V19/><F72/><W117/><G117/><T110/><D128/><U135/><E70/><V15/><F131/><W28/><G100/><T126/><D126/><U122/><E122/><V130/><F130/><W98/><G98/><T106/><D106/><U78/><E78/><V27/><REACH who="2" step="1"/><F35/><REACH who="2" ten="224,250,266,250" step="2"/><W20/><G3/><T118/><D118/><U58/><E124/><V120/><F120/><W108/><G114/><T57/><D134/><U56/><E135/><V18/><F18/><W9/><G113/><T63/><D110/><U29/><E33/><V95/><F95/><W97/><G108/><T46/><D93/><U44/><E32/><V75/><F75/><W54/><G17/><T121/><D121/><U79/><E29/><V105/><F105/><W73/><G73/><T30/><D30/><U91/><E22/><V74/><F74/><W76/><G20/><T6/><D23/><U94/><E92/><V82/><F82/><W13/><G28/><T109/><D109/><U116/><E116/><V60/><F60/><W45/><G31/><T41/><D10/><U24/><E11/><V37/><F37/><W16/><G61/><T50/><D6/><U71/><E4/><V80/><F80/><AGARI ba="0,1" hai="41,42,43,46,50,52,57,63,65,77,80,85,86,87" machi="80" ten="40,5200,0" yaku="8,1,52,1,54,1" doraHai="55" who="0" fromWho="2" sc="224,62,250,0,266,-52,250,0" /><INIT seed="2,0,0,4,1,66" ten="286,250,214,250" oya="2" hai0="76,81,29,36,33,96,44,95,87,49,94,18,107" hai1="109,42,108,131,30,90,20,116,19,13,40,53,100" hai2="16,102,99,39,93,38,52,31,58,22,71,79,83" hai3="47,32,112,34,113,124,26,92,11,117,89,56,111"/><V127/><F127/><W132/><G124/><T64/><D36/><U85/><E116/><V63/><F31/><W74/><G74/><T3/><D3/><U48/><E100/><V69/><F39/><W50/><G111/><N who="1" m="42570" /><E30/><V101/><F101/><W1/><G117/><T68/><D29/><U43/><E131/><V61/><F61/><W51/><G132/><T86/><D33/><U62/><E62/><V84/><F38/><W120/><G120/><T126/><D126/><U37/><E37/><V73/><F73/><W103/><G103/><T105/><D105/><U91/><E85/><V80/><F80/><W128/><G128/><T123/><D87/><U65/><E65/><V134/><F134/><W27/><G32/><T104/><D104/><U35/><E35/><V60/><F60/><W106/><G34/><T10/><D107/><U130/><E130/><V97/><F99/><N who="3" m="57743" /><G106/><T25/><D96/><U45/><AGARI ba="0,0" hai="13,19,20,40,42,43,45,48,53,90,91" m="42570" machi="45" ten="30,1100,0" yaku="14,1" doraHai="66" who="1" fromWho="1" sc="286,-3,250,11,214,-5,250,-3" /><INIT seed="3,0,0,4,1,121" ten="283,261,209,247" oya="3" hai0="3,36,51,134,52,39,65,23,49,7,114,55,16" hai1="20,29,53,61,72,83,11,80,116,100,38,93,127" hai2="30,8,57,22,129,42,119,77,81,94,48,44,95" hai3="98,126,12,133,130,6,105,124,34,86,110,122,31"/><W87/><G122/><T5/><D65/><U115/><E38/><V60/><F119/><W70/><G70/><T10/><D7/><U1/><E115/><V54/><F129/><W37/><G37/><T102/><D114/><U33/><E33/><V43/><F43/><W108/><G130/><T78/><D134/><U106/><E106/><V4/><F22/><W0/><G0/><T112/><D112/><U89/><E100/><V18/><F18/><W32/><G133/><T71/><D71/><U111/><E72/><V82/><F30/><W56/><G56/><T128/><D128/><U92/><E92/><V46/><F46/><W131/><G131/><T125/><D125/><N who="3" m="48233" /><G105/><T27/><D102/><U118/><E127/><V45/><F45/><W76/><G98/><T9/><D78/><U109/><E11/><V132/><F132/><W135/><G135/><T28/><D10/><U75/><E1/><V59/><F59/><W19/><G6/><T2/><D2/><U13/><E75/><V47/><F47/><W101/><G101/><T69/><D69/><U24/><E116/><V67/><F67/><W17/><G76/><T79/><D79/><U120/><E118/><V88/><F77/><W74/><G74/><T25/><D39/><U62/><E13/><N who="2" m="5255" /><F95/><W50/><G50/><T14/><D36/><U73/><E120/><V26/><F26/><N who="3" m="18551" /><G34/><N who="0" m="20751" /><D27/><U64/><E73/><V40/><F40/><W41/><G41/><T21/><D51/><U104/><E24/><V123/><F123/><W63/><G63/><T35/><D49/><U113/><E113/><V117/><F117/><RYUUKYOKU ba="0,0" sc="283,-10,261,-10,209,30,247,-10" hai2="42,44,48,54,57,60,81,82,88,94" /><INIT seed="4,1,0,3,0,58" ten="273,251,239,237" oya="0" hai0="54,0,71,119,75,84,47,90,35,128,20,129,70" hai1="74,36,95,112,107,49,25,131,30,113,53,122,19" hai2="101,63,15,40,11,99,125,67,34,120,51,69,46" hai3="5,76,33,27,65,108,130,7,41,4,126,66,26"/><T31/><D0/><U62/><E107/><V78/><F125/><W132/><G108/><T21/><D75/><U52/><E36/><V82/><F34/><W57/><G126/><T14/><D119/><U121/><E74/><V100/><F120/><W55/><G132/><T9/><D35/><U61/><E19/><V115/><F115/><N who="1" m="44105" /><E53/><V92/><F82/><W134/><G134/><T42/><D54/><U106/><E106/><V79/><REACH who="2" step="1"/><F101/><REACH who="2" ten="273,251,229,237" step="2"/><W45/><G33/><T135/><D135/><U91/><E121/><V73/><F73/><W29/><G130/><T13/><D129/><U109/><E122/><V85/><F85/><W32/><G76/><T77/><D77/><U93/><E131/><V116/><F116/><W44/><G27/><T118/><D84/><N who="1" m="52455" /><E109/><V39/><F39/><W102/><G102/><T88/><D128/><U97/><E97/><V2/><F2/><W111/><G111/><T56/><D118/><U68/><E95/><V28/><F28/><W80/><G80/><T117/><D117/><U48/><E30/><V10/><F10/><W64/><REACH who="3" step="1"/><G41/><REACH who="3" ten="273,251,229,227" step="2"/><T50/><D42/><U123/><E123/><V43/><F43/><W72/><G72/><T105/><D90/><U83/><E83/><V87/><F87/><W81/><G81/><T96/><D88/><U18/><E25/><V133/><F133/><W22/><G22/><T124/><D20/><U94/><E94/><V38/><F38/><W104/><G104/><T114/><D21/><U12/><E12/><V60/><F60/><AGARI ba="1,2" hai="4,5,7,26,29,32,44,45,55,57,60,64,65,66" machi="60" ten="40,2600,0" yaku="1,1,52,1,53,0" doraHai="58" doraHaiUra="17" who="3" fromWho="2" sc="273,0,251,0,229,-29,227,49" /><INIT seed="5,0,0,2,3,64" ten="273,251,200,276" oya="1" hai0="57,74,29,127,93,98,79,129,32,107,101,16,8" hai1="77,17,1,30,45,85,102,88,26,99,61,54,59" hai2="24,6,106,2,86,92,96,95,50,60,89,70,25" hai3="10,72,83,7,13,80,15,42,122,31,103,108,19"/><U39/><E1/><V0/><F106/><W68/><G108/><T78/><D127/><U134/><E77/><V63/><F50/><W75/><G122/><T27/><D129/><U132/><E17/><V112/><F112/><W53/><G31/><T94/><D74/><U97/><E39/><V51/><F51/><W18/><G103/><T41/><D41/><U52/><E45/><V121/><F121/><W9/><G42/><T4/><D57/><U58/><E102/><V40/><F40/><W135/><G53/><T81/><D81/><U133/><E26/><V90/><F60/><W20/><G135/><T124/><D124/><U69/><E30/><V84/><F96/><W35/><G35/><T36/><D36/><U73/><E73/><V118/><F118/><W115/><G115/><T66/><D66/><U87/><E69/><V49/><F49/><W120/><G120/><T62/><D62/><N who="1" m="36167" /><E87/><V65/><F0/><W28/><G28/><T23/><D79/><U109/><E109/><V119/><F119/><W47/><G47/><T76/><D76/><U126/><E126/><V100/><REACH who="2" step="1"/><F100/><REACH who="2" ten="273,251,190,276" step="2"/><W110/><G110/><T11/><D101/><U3/><E3/><V104/><F104/><W33/><G33/><T125/><D32/><U34/><E34/><V46/><F46/><W130/><G72/><T43/><D125/><U56/><E56/><V55/><F55/><W14/><G75/><T113/><D107/><U21/><E21/><V105/><F105/><W37/><G20/><T12/><D113/><U123/><E123/><V128/><F128/><W67/><G130/><RYUUKYOKU ba="0,1" sc="273,-15,251,15,190,15,276,-15" hai1="54,59,61,85,88,97,99,132,133,134" hai2="2,6,24,25,63,65,70,84,86,89,90,92,95" /><INIT seed="5,1,1,1,4,52" ten="258,266,205,261" oya="1" hai0="125,82,53,37,87,62,3,6,96,128,29,71,40" hai1="61,69,134,34,70,124,33,8,91,101,49,14,89" hai2="98,50,133,20,66,41,76,25,80,63,35,120,123" hai3="24,73,118,10,9,64,36,115,117,45,132,77,93"/><U55/><E124/><V106/><F133/><W7/><G115/><T57/><D125/><U5/><E134/><V17/><F35/><W111/><G132/><T100/><D128/><U21/><E101/><V84/><F41/><N who="3" m="22695" /><G111/><T48/><D29/><U11/><E33/><V51/><F106/><W135/><G135/><T85/><D6/><U42/><E42/><V43/><F98/><W83/><G93/><T12/><D12/><N who="1" m="5135" /><E61/><V56/><REACH who="2" step="1"/><F43/><REACH who="2" ten="258,266,195,261" step="2"/><W58/><G24/><T78/><D40/><U2/><E34/><V95/><F95/><W74/><G74/><T112/><D96/><U15/><E2/><V38/><F38/><W131/><G131/><T108/><D3/><U92/><E92/><V94/><F94/><W31/><G73/><T81/><D37/><U27/><E21/><V1/><F1/><W105/><G105/><T122/><D100/><U129/><E129/><V65/><F65/><W26/><G64/><T103/><D103/><U39/><E39/><V47/><F47/><W107/><G107/><T4/><D108/><U127/><E127/><V22/><F22/><W113/><G26/><T32/><D32/><U72/><E72/><V88/><F88/><N who="1" m="33865" /><E27/><V68/><F68/><W130/><G130/><T54/><D71/><U126/><E126/><V114/><F114/><W99/><G113/><T19/><D112/><U79/><E70/><V60/><F60/><W104/><G104/><T109/><D62/><U121/><E69/><V46/><F46/><W16/><G99/><T75/><D109/><U30/><E30/><V67/><F67/><W119/><G31/><RYUUKYOKU ba="1,2" sc="258,-10,266,-10,195,30,261,-10" hai2="17,20,25,50,51,56,63,66,76,80,84,120,123" /><INIT seed="6,2,2,5,1,25" ten="248,256,225,251" oya="2" hai0="87,35,107,28,4,23,110,38,71,29,121,47,134" hai1="62,22,72,90,18,126,102,13,103,130,43,74,89" hai2="124,51,68,125,109,42,17,96,36,31,93,48,104" hai3="91,97,85,50,99,59,123,115,111,76,108,52,40"/><V116/><F116/><W37/><G123/><T131/><D121/><U20/><E74/><V12/><F68/><W1/><G1/><T46/><D110/><U114/><E72/><V63/><F109/><W0/><G0/><T73/><D73/><U94/><E126/><N who="2" m="48747" /><F104/><W101/><G76/><T120/><D120/><U61/><E114/><V84/><F84/><W24/><G115/><T30/><D35/><U5/><E130/><V7/><F7/><W26/><G99/><T60/><D38/><U80/><E5/><V19/><F31/><N who="0" m="11850" /><D71/><U6/><E6/><V54/><F36/><W57/><G108/><T100/><D107/><U86/><E43/><V21/><F42/><W15/><G40/><T58/><D131/><U106/><E106/><V70/><F19/><W56/><G37/><T3/><D3/><U33/><E33/><V133/><F133/><W135/><G135/><T10/><D134/><U45/><E22/><V83/><F83/><W11/><G111/><T79/><D100/><N who="1" m="38443" /><E45/><V14/><F14/><W112/><G112/><T67/><D4/><U2/><E2/><V39/><F39/><W64/><G15/><T95/><D10/><U65/><E65/><N who="2" m="41279" /><F54/><W132/><G132/><T27/><D95/><U78/><E78/><V128/><F128/><W34/><G64/><T117/><D117/><U16/><E18/><V129/><F129/><W127/><G127/><T55/><D67/><U122/><E122/><V77/><F77/><W53/><G53/><T118/><D118/><U119/><E119/><V44/><F44/><N who="0" m="16938" /><D79/><U92/><E92/><V81/><F81/><RYUUKYOKU ba="2,2" sc="248,10,256,10,225,10,251,-30" hai0="23,27,30,55,58,60,87" hai1="13,16,20,61,62,80,86,89,90,94" hai2="12,17,21,48,51,93,96" /><INIT seed="6,3,2,0,0,120" ten="258,266,235,221" oya="2" hai0="1,7,130,117,85,122,60,46,72,48,134,93,21" hai1="81,66,132,0,70,91,5,100,109,51,127,128,89" hai2="77,47,115,92,65,95,15,69,57,112,40,78,135" hai3="29,124,22,31,96,52,27,36,105,12,19,41,20"/><V71/><F135/><W11/><G124/><T113/><D72/><U106/><E132/><V58/><F15/><W74/><G74/><T6/><D122/><U49/><E127/><V17/><F17/><W18/><G36/><T35/><D35/><U42/><E106/><V110/><F110/><W62/><G41/><T98/><D1/><U50/><E100/><V94/><F65/><W75/><G75/><T14/><D117/><U101/><E101/><V56/><F47/><W104/><G96/><T67/><D85/><U129/><E42/><V121/><F40/><W114/><G114/><N who="2" m="43561" /><F121/><W55/><G31/><T2/><D2/><U86/><E109/><V90/><F90/><W9/><G9/><T8/><D113/><U126/><E126/><V102/><F102/><W83/><G83/><T133/><D7/><U16/><E89/><V43/><F43/><W116/><G116/><T68/><D21/><U13/><E5/><V88/><F88/><W103/><G103/><T26/><D26/><U44/><E0/><V84/><F84/><W24/><REACH who="3" step="1"/><G62/><REACH who="3" ten="258,266,235,211" step="2"/><T59/><D134/><U33/><E81/><V80/><F80/><W39/><G39/><T30/><D133/><U131/><E131/><V76/><AGARI ba="3,3" hai="56,57,58,69,71,76,77,78,92,94,95" m="43561" machi="76" ten="40,12000,1" yaku="29,2,28,2,15,1" doraHai="120" who="2" fromWho="2" sc="258,-43,266,-43,235,159,211,-43" /><INIT seed="6,4,0,3,3,35" ten="215,223,394,168" oya="2" hai0="134,53,47,94,126,18,20,37,99,135,113,8,69" hai1="112,124,131,21,104,29,97,58,103,63,19,64,62" hai2="25,55,128,26,16,33,14,75,32,122,85,70,119" hai3="57,123,130,102,111,120,1,36,9,82,110,3,0"/><V92/><F75/><W108/><G36/><T109/><D69/><U5/><E112/><V76/><F122/><W86/><G130/><T39/><D109/><U59/><E131/><V114/><F119/><W13/><G102/><T31/><D113/><U6/><E29/><V100/><F128/><W10/><G57/><T67/><D67/><U80/><E80/><V125/><F70/><W79/><REACH who="3" step="1"/><G13/><REACH who="3" ten="215,223,394,158" step="2"/><T72/><D39/><U87/><E59/><V73/><F100/><W84/><G84/><T96/><D37/><U44/><E87/><V83/><F85/><W30/><G30/><T45/><D31/><U90/><E58/><V89/><F14/><W22/><G22/><T52/><D20/><U77/><E21/><V71/><F71/><W49/><G49/><T98/><D98/><U105/><E103/><V41/><F33/><W42/><G42/><T4/><D99/><U133/><E105/><V27/><F32/><W15/><G15/><T132/><D96/><U60/><E97/><V127/><F41/><W95/><G95/><T74/><D94/><U66/><E104/><V7/><F92/><W116/><G116/><T38/><D38/><U56/><E56/><V121/><F114/><W17/><G17/><T50/><D18/><U24/><E19/><V88/><F16/><W115/><G115/><T101/><D101/><U78/><E63/><V23/><F23/><W107/><G107/><T46/><D50/><U118/><E62/><V11/><F73/><N who="0" m="28266" /><D53/><U129/><E129/><V51/><F55/><W40/><G40/><T81/><D52/><U28/><E118/><RYUUKYOKU ba="4,1" sc="215,-10,223,-10,394,-10,158,30" hai3="0,1,3,9,10,79,82,86,108,110,111,120,123" /><INIT seed="7,5,1,0,2,100" ten="205,213,384,188" oya="3" hai0="52,124,7,115,60,126,43,91,86,47,117,4,51" hai1="131,123,14,37,8,50,101,114,33,127,95,122,128" hai2="119,61,46,30,97,134,24,39,28,56,49,113,89" hai3="70,65,69,16,125,92,112,135,48,77,66,107,5"/><W1/><G107/><T67/><D117/><U82/><E37/><V108/><F108/><W55/><G112/><T59/><D115/><U133/><E114/><V106/><F113/><W57/><G135/><T84/><D84/><U74/><E33/><V94/><F39/><W20/><G125/><N who="0" m="48235" /><D43/><U0/><E0/><V71/><F71/><W19/><G77/><T90/><D90/><U111/><E127/><V54/><F106/><W62/><G92/><AGARI ba="5,1" hai="4,7,47,51,52,59,60,67,86,91,92" m="48235" machi="92" ten="30,2000,0" yaku="18,1,54,1" doraHai="100" who="0" fromWho="3" sc="205,45,213,0,384,0,188,-35" owari="250,5.0,213,-19.0,384,49.0,153,-35.0" /></mjloggm>