<mjloggm ver="2.3"><GO type="41" lobby="0"/><UN n0="%E3%82%A6%E3%83%AB%E3%83%88%E3%83%A9%E7%AB%8B%E7%9B%B4" n1="%E3%83%9F%E3%83%83%E3%83%81%E3%83%A3%E3%83%B3" n2="%36%38%74%68%5F%4E" n3="%E5%8D%98%E5%93%81%E3%81%A3%E5%AD%90%E3%80%82" dan="16,13,13,14" rate="2047.45,1874.57,1867.83,1806.14" sx="M,M,M,M"/><TAIKYOKU oya="0"/><INIT seed="0,0,0,5,2,37" ten="250,250,250,250" oya="0" hai0="36,119,82,74,57,127,107,60,22,101,5,80,122" hai1="68,102,51,95,49,113,29,1,7,97,112,62,115" hai2="108,48,32,26,8,132,77,61,76,13,10,114,59" hai3="89,34,30,129,20,65,47,67,94,45,70,52,121"/><T87/><D122/><U16/><E29/><V33/><F114/><W6/><G34/><T4/><D119/><U104/><E1/><V56/><F108/><W135/><G70/><T24/><D127/><U69/><E7/><V23/><F132/><W40/><G121/><T100/><D74/><U103/><E104/><V66/><F33/><W44/><G6/><T28/><D36/><U58/><E103/><V75/><F75/><W105/><G105/><T92/><D107/><U21/><E69/><V130/><F32/><W118/><G118/><T15/><D101/><U14/><REACH who="1" step="1"/><E68/><REACH who="1" ten="250,240,250,250" step="2"/><V0/><F0/><W25/><G135/><T123/><D123/><U120/><E120/><V98/><F130/><W91/><G129/><T19/><D5/><U38/><E38/><V125/><F125/><W3/><G3/><T109/><D4/><U12/><E12/><V17/><F10/><W55/><G40/><T43/><D43/><U54/><AGARI ba="0,1" hai="14,16,21,49,51,54,58,62,95,97,102,112,113,115" machi="54" ten="30,7900,0" yaku="1,1,0,1,11,1,54,1,53,0" doraHai="37" doraHaiUra="2" who="1" fromWho="1" sc="250,-39,240,89,250,-20,250,-20" /><INIT seed="1,0,0,4,1,17" ten="211,329,230,230" oya="1" hai0="82,18,12,79,101,115,52,6,110,0,84,42,43" hai1="68,9,85,121,48,91,21,40,124,35,13,19,80" hai2="109,14,78,71,135,46,81,49,88,100,92,56,134" hai3="26,69,15,45,127,64,131,99,3,58,11,44,63"/><U83/><E121/><V31/><F71/><W86/><G3/><T27/><D0/><U75/><E68/><V8/><F100/><W95/><G131/><T62/><D115/><U50/><E35/><V89/><F31/><W34/><G127/><T23/><D110/><U59/><E124/><V41/><F109/><W116/><G116/><T106/><D106/><U1/><E1/><V72/><F56/><W90/><G34/><T7/><D101/><U114/><E114/><V119/><F119/><W94/><G26/><T133/><D133/><U126/><E126/><V117/><F117/><W16/><REACH who="3" step="1"/><G69/><REACH who="3" ten="211,329,230,220" step="2"/><T38/><D27/><U29/><E40/><V65/><F134/><W87/><G87/><T4/><D38/><U128/><E128/><V120/><F120/><W70/><G70/><T22/><D43/><U39/><E39/><V2/><F135/><W130/><G130/><T123/><D42/><U122/><E122/><V61/><F2/><W73/><G73/><T47/><D123/><U132/><E75/><V32/><F32/><W107/><G107/><T33/><D33/><U57/><E132/><V36/><F36/><W67/><G67/><T28/><D28/><U111/><E111/><V5/><REACH who="2" step="1"/><F92/><REACH who="2" ten="211,329,220,220" step="2"/><W20/><G20/><T125/><D125/><U113/><E21/><V103/><F103/><AGARI ba="0,2" hai="11,15,16,44,45,58,63,64,86,90,94,95,99,103" machi="103" ten="30,8000,1" yaku="1,1,7,1,8,1,54,1,53,1" doraHai="17" doraHaiUra="60" who="3" fromWho="2" sc="211,0,329,0,220,-80,220,100" /><INIT seed="2,0,0,0,3,116" ten="211,329,140,320" oya="2" hai0="112,128,37,6,40,103,46,76,111,96,18,86,63" hai1="121,42,131,109,119,45,48,91,113,53,51,33,75" hai2="35,120,78,130,88,15,41,124,90,67,106,55,54" hai3="38,23,92,108,117,69,77,20,74,28,49,89,44"/><V126/><F106/><W129/><G38/><T24/><D112/><U16/><E119/><V58/><F35/><W135/><G117/><T99/><D128/><U114/><E75/><V83/><F41/><W32/><G129/><T93/><D111/><U9/><E131/><V94/><F130/><W21/><G108/><T14/><D6/><U62/><E109/><V11/><F67/><W127/><G69/><T56/><D24/><U47/><E33/><V79/><F79/><W8/><G77/><T19/><D14/><N who="1" m="7247" /><E121/><V29/><F29/><W57/><G74/><T80/><D96/><U118/><E118/><V7/><F55/><AGARI ba="0,0" hai="18,19,37,40,46,55,56,63,76,80,86,93,99,103" machi="55" ten="30,1000,0" yaku="7,1" doraHai="116" who="0" fromWho="2" sc="211,10,329,0,140,-10,320,0" /><INIT seed="3,0,0,2,5,73" ten="221,329,130,320" oya="3" hai0="15,114,43,52,26,111,85,79,25,23,128,29,44" hai1="4,58,88,28,130,30,69,71,122,1,48,24,8" hai2="87,22,16,46,64,106,54,81,105,36,61,32,135" hai3="62,99,59,83,11,74,47,7,94,82,86,57,95"/><W41/><G59/><T116/><D114/><U56/><E122/><V50/><F36/><W19/><G19/><T55/><D116/><U97/><E130/><V38/><F38/><W90/><G74/><T17/><D128/><U113/><E113/><V53/><F32/><W107/><G107/><T93/><D111/><U72/><E72/><V104/><F135/><W14/><G47/><T92/><D92/><U6/><E6/><V35/><F35/><W76/><G41/><T121/><D121/><U103/><E71/><V12/><F54/><W78/><G83/><N who="0" m="47359" /><D93/><N who="1" m="56487" /><E69/><V39/><F39/><W21/><G21/><N who="0" m="11455" /><D25/><U98/><E1/><V67/><REACH who="2" step="1"/><F61/><REACH who="2" ten="221,329,120,320" step="2"/><W3/><G3/><T126/><D126/><U31/><E48/><AGARI ba="0,1" hai="23,26,29,43,44,48,52,55" m="11455,47359" machi="48" ten="30,3900,0" yaku="8,1,52,1,54,1" doraHai="73" who="0" fromWho="1" sc="221,49,329,-39,120,0,320,0" /><INIT seed="4,0,0,0,1,65" ten="270,290,120,320" oya="0" hai0="134,4,63,71,11,76,67,109,54,93,129,114,94" hai1="103,84,12,52,98,33,15,75,47,61,123,13,121" hai2="56,122,101,69,72,9,16,117,44,131,35,37,49" hai3="64,38,78,50,6,87,116,79,14,95,60,82,39"/><T42/><D109/><U51/><E75/><V108/><F37/><W66/><G116/><T48/><D129/><U126/><E33/><V104/><F108/><W29/><G66/><T120/><D120/><U85/><E126/><V21/><F122/><W0/><G0/><T30/><D134/><U24/><E123/><V34/><F72/><W23/><G95/><T26/><D76/><U45/><E121/><V74/><F74/><W3/><G3/><T130/><D42/><U118/><E118/><V28/><F131/><W110/><G110/><T31/><D130/><U20/><E61/><V97/><F117/><W124/><G79/><T58/><D114/><U80/><E80/><V115/><F115/><W133/><G133/><T111/><D111/><U25/><E45/><V132/><F132/><W55/><G29/><T5/><D31/><U8/><E8/><V86/><F35/><W70/><G124/><T127/><D127/><U91/><E91/><V77/><F34/><W1/><G1/><T112/><D112/><U92/><REACH who="1" step="1"/><E25/><REACH who="1" ten="270,280,120,320" step="2"/><V88/><F44/><W107/><G60/><T125/><D125/><U22/><E22/><V68/><F21/><W10/><G23/><T99/><D11/><U83/><E83/><V96/><F9/><W62/><G107/><T128/><D128/><U32/><E32/><V46/><F104/><W57/><AGARI ba="0,1" hai="6,10,14,38,39,50,55,57,62,64,70,78,82,87" machi="57" ten="20,2700,0" yaku="0,1,7,1,52,1" doraHai="65" who="3" fromWho="3" sc="270,-13,280,-7,120,-7,320,37" /><INIT seed="5,0,0,2,5,48" ten="257,273,113,357" oya="1" hai0="61,3,114,133,25,98,36,12,79,62,93,104,63" hai1="101,7,5,121,49,94,87,131,92,105,120,34,117" hai2="83,75,113,42,125,11,127,41,14,16,0,116,27" hai3="4,9,50,6,70,43,1,40,80,89,88,18,17"/><U24/><E117/><V90/><F116/><W96/><G70/><T10/><D3/><U68/><E87/><V45/><F0/><W23/><G4/><T60/><D36/><U65/><E131/><V86/><F75/><W58/><G18/><T19/><D104/><U28/><E49/><V91/><F27/><W33/><G33/><T38/><D38/><U8/><E7/><V22/><F11/><W31/><G31/><T122/><D122/><U39/><E39/><V134/><F134/><W110/><G89/><T56/><D133/><U97/><E94/><V123/><F123/><W13/><G110/><T57/><D114/><U15/><E92/><V119/><F119/><W100/><G80/><T20/><D79/><U103/><REACH who="1" step="1"/><E101/><REACH who="1" ten="257,263,113,357" step="2"/><V2/><F113/><W95/><G100/><T132/><D132/><U51/><E51/><V128/><F128/><W84/><G84/><T129/><D129/><U35/><E35/><V59/><F90/><W81/><G81/><T76/><D76/><U111/><E111/><V115/><F115/><W112/><G112/><T102/><N who="0" m="15872" /><DORA hai="109" /><T124/><REACH who="0" step="1"/><D124/><REACH who="0" ten="247,263,113,357" step="2"/><U46/><E46/><V66/><F125/><W78/><G78/><T73/><D73/><U21/><E21/><V77/><F127/><W126/><G126/><T30/><AGARI ba="0,2" hai="10,12,19,20,25,30,56,57,93,98,102" m="15872" machi="30" ten="40,5200,0" yaku="1,1,0,1,8,1,53,0" doraHai="48,109" doraHaiUra="135,118" who="0" fromWho="0" sc="247,72,263,-26,113,-13,357,-13" /><INIT seed="6,0,0,4,1,88" ten="319,237,100,344" oya="2" hai0="27,116,52,86,32,65,79,122,111,133,87,63,10" hai1="53,103,89,40,61,92,96,115,2,20,31,4,101" hai2="82,30,74,83,80,48,50,7,110,105,71,16,57" hai3="84,55,14,91,39,36,46,5,21,125,58,47,109"/><V23/><F105/><W38/><G109/><T67/><D122/><U124/><E124/><V72/><F71/><W34/><G125/><T54/><D111/><U6/><E115/><V100/><F30/><W33/><G34/><T70/><D116/><U68/><E2/><V118/><F110/><W121/><G33/><T25/><D133/><U12/><E40/><V45/><F118/><W59/><G121/><T98/><D32/><U123/><E123/><V41/><F7/><W3/><G3/><T11/><D79/><U9/><E68/><V22/><F100/><W128/><G58/><T102/><D70/><U77/><E77/><V15/><REACH who="2" step="1"/><F23/><REACH who="2" ten="319,237,90,344" step="2"/><W97/><G5/><T114/><D102/><U104/><E104/><V119/><F119/><W62/><G128/><T60/><D114/><U134/><E134/><V64/><F64/><W75/><G21/><T127/><D127/><U43/><E4/><V51/><F51/><W69/><G69/><T95/><D67/><U131/><E131/><V113/><F113/><W117/><G117/><T73/><D65/><U120/><E120/><V76/><F76/><W99/><G39/><T28/><D28/><U42/><E103/><V112/><F112/><W24/><G38/><T85/><D63/><U29/><E101/><V130/><F130/><W0/><G36/><T132/><D60/><U94/><E31/><V44/><F44/><W35/><G47/><T19/><D132/><U1/><E20/><V135/><F135/><W13/><G46/><T129/><D129/><U66/><E66/><V81/><N who="2" m="20992" /><DORA hai="18" /><V49/><F49/><RYUUKYOKU ba="0,1" sc="319,-10,237,-10,90,30,344,-10" hai2="15,16,22,41,45,48,50,57,72,74" /><INIT seed="6,1,1,3,0,118" ten="309,227,120,334" oya="2" hai0="1,73,87,67,30,131,77,72,116,86,88,43,93" hai1="20,92,97,46,31,17,42,81,114,119,18,34,56" hai2="44,103,84,7,79,132,134,125,37,8,13,62,51" hai3="105,55,69,101,91,129,39,12,98,0,96,26,90"/><V121/><F37/><W38/><G0/><T32/><D1/><U83/><E119/><V133/><F125/><W68/><G129/><T19/><D116/><U6/><E114/><V112/><F103/><W58/><G69/><T9/><D131/><U66/><E34/><V65/><F112/><W29/><G96/><T14/><D67/><U10/><E31/><V52/><F84/><W21/><G68/><T127/><D127/><U80/><E66/><V45/><F45/><W76/><G76/><T50/><D30/><U117/><E117/><V36/><F36/><W75/><G75/><T3/><D32/><U41/><E56/><N who="2" m="37063" /><F79/><W23/><G12/><T122/><D3/><U70/><E70/><V106/><F106/><W128/><G128/><T95/><D73/><U54/><E18/><V64/><F64/><W109/><G21/><T111/><D72/><U33/><E33/><V63/><F63/><W35/><G35/><T24/><D86/><U71/><E71/><V78/><F78/><W2/><G2/><T15/><D77/><U94/><E94/><V60/><F60/><W11/><G11/><T85/><D95/><U4/><E10/><V89/><F89/><W59/><G39/><T135/><D93/><U48/><E42/><V61/><F61/><W102/><G38/><T120/><D43/><U49/><E41/><V104/><F104/><W115/><G102/><T57/><D9/><U113/><E113/><V130/><F130/><W27/><G115/><T47/><D47/><U100/><E49/><V28/><F28/><W40/><G105/><T108/><D50/><RYUUKYOKU ba="1,1" sc="309,-15,227,15,120,15,334,-15" hai1="4,6,17,20,46,48,54,80,81,83,92,97,100" hai2="7,8,13,44,51,52,121,132,133,134" /><INIT seed="6,2,1,2,5,26" ten="294,242,135,319" oya="2" hai0="94,52,36,71,76,75,56,34,57,82,45,55,88" hai1="18,4,100,110,111,54,68,106,25,108,31,84,90" hai2="133,5,46,43,103,125,72,44,115,47,105,23,17" hai3="32,7,91,50,119,49,126,27,130,60,98,104,117"/><V123/><F72/><W134/><G7/><T61/><D34/><U128/><E128/><V41/><F123/><W21/><G130/><T97/><D71/><U51/><E4/><V89/><F5/><W42/><G126/><T14/><D14/><U53/><E18/><V73/><F73/><W30/><G134/><T95/><D95/><U12/><E12/><V15/><F125/><W62/><G49/><T118/><D118/><U40/><E68/><V99/><F133/><W129/><G129/><T67/><D67/><U65/><E65/><V114/><REACH who="2" step="1"/><F89/><REACH who="2" ten="294,242,125,319" step="2"/><W74/><G74/><T1/><D75/><U38/><E100/><V58/><F58/><W20/><G91/><T92/><D57/><U102/><E102/><V8/><F8/><W132/><G132/><T116/><D56/><U77/><E77/><V10/><F10/><W2/><G2/><T13/><D1/><U122/><E111/><V78/><F78/><W33/><G119/><T11/><D76/><U121/><E110/><V79/><F79/><W35/><G117/><T37/><D88/><U109/><E108/><V19/><F19/><W93/><G104/><T63/><D11/><U9/><E106/><V16/><F16/><W80/><G80/><T87/><D82/><U120/><E109/><V96/><F96/><W22/><G98/><T101/><D116/><U113/><E84/><V28/><F28/><W135/><G135/><T85/><D97/><U81/><E81/><V66/><F66/><W29/><G93/><T6/><D6/><U124/><E124/><V70/><F70/><W24/><G33/><RYUUKYOKU ba="2,2" sc="294,-15,242,-15,125,15,319,15" hai2="15,17,23,41,43,44,46,47,99,103,105,114,115" hai3="20,21,22,24,27,29,30,32,35,42,50,60,62" /><INIT seed="6,3,2,0,5,127" ten="279,227,140,334" oya="2" hai0="99,61,9,118,133,39,28,46,126,35,98,89,2" hai1="78,73,44,29,81,50,79,107,112,90,60,16,57" hai2="101,30,70,87,128,19,92,15,53,26,36,114,111" hai3="45,49,129,62,54,106,124,1,113,84,93,41,7"/><V34/><F70/><W74/><G106/><T123/><D123/><U55/><E107/><V48/><F36/><W104/><G104/><T56/><D126/><U103/><E112/><V72/><F114/><W109/><G113/><T105/><D133/><U102/><E29/><V20/><F72/><W63/><G124/><T33/><D118/><U27/><E90/><V64/><F64/><W95/><G74/><T132/><D132/><U68/><E68/><V76/><F111/><W37/><G109/><T52/><D28/><U11/><E79/><V42/><F42/><W31/><G7/><T23/><D35/><U117/><E117/><V47/><F128/><W86/><G129/><T94/><D33/><U97/><E97/><V134/><F134/><W18/><G1/><T75/><D75/><U71/><E71/><V58/><F76/><W96/><G18/><T12/><D2/><U116/><E116/><V82/><F82/><W8/><G8/><T77/><D77/><U22/><REACH who="1" step="1"/><E11/><REACH who="1" ten="279,217,140,334" step="2"/><V130/><F130/><W38/><G31/><T135/><D135/><U91/><E91/><V83/><F83/><W100/><G96/><T69/><D69/><U14/><E14/><V66/><F87/><W43/><G100/><T122/><D105/><U4/><E4/><V121/><F121/><W17/><G86/><T88/><D122/><U85/><E85/><V0/><F0/><W5/><G84/><T110/><D110/><U21/><E21/><V108/><F108/><W80/><G5/><N who="0" m="3119" /><D23/><U25/><E25/><V10/><F34/><W3/><G3/><T119/><D119/><RYUUKYOKU ba="3,3" sc="279,-10,217,30,140,-10,334,-10" hai1="16,22,27,44,50,55,57,60,73,78,81,102,103" /><INIT seed="7,4,3,2,1,48" ten="269,247,130,324" oya="3" hai0="99,134,69,123,90,21,103,57,6,58,97,87,38" hai1="32,76,120,108,27,82,19,34,132,95,64,9,116" hai2="72,119,84,55,22,127,117,14,37,40,77,0,66" hai3="68,7,131,50,98,43,100,54,23,33,75,46,52"/><W121/><G33/><T86/><D69/><U101/><E120/><V83/><F0/><W49/><G75/><T44/><D123/><U61/><E108/><V28/><F66/><W89/><G121/><T17/><D134/><U114/><E132/><V73/><F127/><W122/><G122/><T105/><D6/><U125/><E125/><V47/><F117/><W88/><G68/><T109/><D109/><U11/><E116/><V65/><F65/><W135/><G135/><T4/><D4/><U107/><E114/><V113/><F119/><W133/><G133/><T70/><D70/><U36/><E36/><V102/><F102/><W93/><G7/><T78/><D97/><U51/><E51/><V63/><F113/><W118/><G118/><T20/><D20/><U79/><E79/><V91/><F91/><N who="3" m="34891" /><G131/><T60/><D78/><U130/><E130/><V110/><F110/><W10/><G10/><T128/><D128/><U5/><E5/><V42/><F42/><W80/><G49/><T67/><D87/><U29/><E34/><V35/><F35/><W92/><G80/><T71/><D86/><U106/><E106/><V25/><REACH who="2" step="1"/><F14/><REACH who="2" ten="269,247,120,324" step="2"/><W112/><G112/><T111/><D111/><U59/><E107/><V129/><F129/><W94/><G23/><T31/><D90/><U85/><REACH who="1" step="1"/><E19/><REACH who="1" ten="269,237,120,324" step="2"/><V115/><F115/><W45/><G50/><T13/><D31/><U15/><E15/><V3/><F3/><W96/><G100/><T81/><D81/><U18/><E18/><V12/><F12/><W24/><G43/><N who="0" m="22647" /><D13/><U26/><E26/><V41/><F41/><RYUUKYOKU ba="4,5" sc="269,10,237,10,120,10,324,-30" hai0="17,21,57,58,60,67,71,99,103,105" hai1="9,11,27,29,32,59,61,64,76,82,85,95,101" hai2="22,25,28,37,40,47,55,63,72,73,77,83,84" /><INIT seed="8,5,5,4,5,22" ten="279,247,130,294" oya="0" hai0="121,19,105,101,32,56,49,28,53,116,135,5,124" hai1="41,72,36,27,61,104,86,71,93,110,78,44,90" hai2="119,106,39,24,8,70,75,37,58,6,18,99,29" hai3="118,1,54,120,25,111,126,107,45,123,77,3,46"/><T26/><D121/><N who="3" m="46665" /><G118/><T91/><D116/><U134/><E110/><V81/><F119/><W21/><G107/><T55/><D124/><U38/><E134/><V57/><F70/><W112/><G126/><T50/><D135/><U129/><E129/><V34/><F39/><W109/><G112/><T85/><D5/><U128/><E128/><V100/><F37/><W51/><G77/><T62/><D105/><U65/><E104/><V133/><F133/><W59/><G46/><T14/><D101/><U30/><E78/><V94/><F106/><W11/><G11/><T89/><D55/><U130/><E130/><V74/><F18/><N who="3" m="12471" /><G45/><T132/><D132/><U95/><E72/><V125/><F125/><W69/><G69/><T122/><D122/><U67/><E67/><V4/><F4/><W17/><G17/><T76/><D76/><U84/><E38/><V48/><F48/><W79/><G79/><T83/><D89/><U63/><E63/><V103/><F103/><W10/><G10/><AGARI ba="5,5" hai="10,14,19,26,28,32,49,50,53,56,62,83,85,91" machi="10" ten="30,2900,0" yaku="7,1,52,1" doraHai="22" who="0" fromWho="3" sc="279,94,247,0,130,0,294,-44" owari="373,47.0,247,-15.0,130,-37.0,250,5.0" /></mjloggm>