<mjloggm ver="2.3"><GO type="97" lobby="0"/><UN n0="%E8%9B%8D%E7%81%AB%E2%99%AA" n1="%E3%82%A6%E3%83%AB%E3%83%88%E3%83%A9%E7%AB%8B%E7%9B%B4" n2="%E3%82%A2%E3%82%B9%E3%83%91%E3%83%A0" n3="%E9%9B%80%E9%AC%BC%EF%BC%9F" dan="15,15,13,14" rate="2033.29,2000.13,1896.83,1898.55" sx="M,M,M,M"/><TAIKYOKU oya="0"/><INIT seed="0,0,0,4,5,114" ten="250,250,250,250" oya="0" hai0="86,135,18,88,92,17,8,24,84,107,123,120,71" hai1="78,46,117,106,33,15,104,132,29,91,40,61,77" hai2="42,103,85,35,50,30,47,48,105,1,3,19,58" hai3="57,11,38,113,99,83,10,121,22,2,124,73,34"/><T131/><D71/><U36/><E15/><V109/><F109/><W94/><G113/><T74/><D131/><U100/><E91/><V21/><F105/><W0/><G124/><T12/><D135/><U32/><E61/><V96/><F85/><W89/><G121/><T72/><D107/><U20/><E20/><V59/><F103/><W112/><G34/><T27/><D84/><U76/><E132/><V126/><F126/><W95/><G38/><T5/><D27/><U98/><E104/><V63/><F96/><W127/><G127/><T4/><D17/><U133/><E133/><V122/><F122/><W14/><G112/><T93/><D93/><U110/><E29/><V44/><F35/><W13/><G73/><T7/><REACH who="0" step="1"/><D24/><REACH who="0" ten="240,250,250,250" step="2"/><U53/><E106/><V28/><F1/><W64/><G0/><T67/><D67/><U39/><E98/><V128/><F3/><W90/><G2/><T51/><D51/><U26/><E26/><N who="2" m="14655" /><F128/><W79/><G64/><T9/><D9/><U125/><E39/><V66/><F59/><W6/><G11/><T45/><D45/><U55/><E125/><V65/><F65/><W108/><G57/><T116/><D116/><U43/><E117/><V75/><F75/><AGARI ba="0,1" hai="4,5,7,8,12,18,72,74,75,86,88,92,120,123" machi="75" ten="40,3900,0" yaku="1,1,54,1,53,0" doraHai="114" doraHaiUra="16" who="0" fromWho="2" sc="240,49,250,0,250,-39,250,0" /><INIT seed="0,1,0,5,5,35" ten="289,250,211,250" oya="0" hai0="38,104,93,57,126,48,111,102,108,129,10,100,5" hai1="33,72,64,68,16,61,99,81,85,39,63,40,107" hai2="31,22,86,18,30,7,75,26,88,109,122,87,70" hai3="135,34,49,20,53,91,117,125,45,44,130,25,32"/><T116/><D116/><U37/><E72/><V98/><F122/><W73/><G117/><T127/><D38/><U3/><E3/><V134/><F70/><W77/><G130/><T114/><D114/><U84/><E84/><V24/><F75/><W8/><G135/><T101/><D104/><U62/><E62/><V89/><F134/><W66/><G125/><N who="0" m="47627" /><D129/><U132/><E132/><V4/><F109/><N who="0" m="42058" /><D48/><U124/><E124/><V54/><F54/><W59/><G45/><T65/><D57/><U2/><E107/><V97/><F18/><W13/><G66/><T120/><D120/><U80/><E16/><V94/><F22/><W41/><G59/><T15/><D65/><U50/><E50/><V90/><F89/><W17/><G53/><T133/><D133/><U51/><E51/><V103/><REACH who="2" step="1"/><F94/><AGARI ba="1,0" hai="5,10,15,93,94,100,101,102" m="42058,47627" machi="94" ten="40,7700,0" yaku="18,1,14,1,10,1" doraHai="35" who="0" fromWho="2" sc="289,80,250,0,211,-80,250,0" /><INIT seed="0,2,0,3,3,58" ten="369,250,131,250" oya="0" hai0="12,35,122,65,36,32,0,50,10,77,101,75,31" hai1="103,37,126,49,66,88,16,125,13,56,68,129,106" hai2="38,81,28,123,131,42,70,135,89,15,78,7,128" hai3="115,98,95,14,51,64,124,105,1,94,74,43,130"/><T60/><D122/><U62/><E103/><V85/><F70/><W30/><G1/><T87/><D36/><U127/><E106/><V39/><F123/><W27/><G115/><T119/><D0/><U6/><E6/><V109/><F109/><W100/><G124/><T132/><D75/><U18/><E37/><V96/><F135/><W121/><G130/><T20/><D101/><U23/><E129/><N who="2" m="49739" /><F28/><W67/><G121/><T26/><D50/><U69/><E49/><V91/><F42/><W120/><G74/><T114/><D114/><U79/><E79/><V83/><F96/><W53/><G43/><T40/><D40/><U110/><E110/><V21/><F83/><W55/><G120/><T116/><D35/><U86/><E18/><N who="2" m="10463" /><F7/><W34/><G14/><T45/><D32/><U71/><E71/><V24/><F24/><W57/><REACH who="3" step="1"/><G53/><REACH who="3" ten="369,250,131,240" step="2"/><T104/><D12/><U97/><E97/><V48/><F38/><W9/><G9/><T133/><D10/><U4/><E4/><V33/><F39/><W107/><G107/><T80/><D104/><U117/><E117/><V63/><F33/><W11/><G11/><T47/><D119/><U73/><E73/><V2/><F2/><W59/><G59/><N who="0" m="37023" /><D116/><U41/><E41/><V61/><F48/><W76/><G76/><T44/><D133/><U19/><E19/><V29/><F29/><W111/><G111/><T46/><D132/><U118/><E118/><V90/><AGARI ba="2,1" hai="61,63,78,81,85,89,90,91" m="10463,49739" machi="90" ten="30,4000,0" yaku="19,1,52,2" doraHai="58" who="2" fromWho="2" sc="369,-22,250,-12,131,56,240,-12" /><INIT seed="1,0,0,0,1,6" ten="347,238,187,228" oya="1" hai0="19,118,124,76,60,50,126,17,121,65,130,90,72" hai1="111,26,5,39,120,24,43,36,53,81,88,84,27" hai2="47,95,86,87,75,114,132,135,45,80,127,63,129" hai3="68,104,52,14,7,61,49,35,112,122,54,125,103"/><U59/><E120/><V38/><F114/><W2/><G122/><T57/><D121/><U11/><E111/><V48/><F127/><N who="0" m="48682" /><D118/><U33/><E33/><V70/><F129/><W73/><G35/><T40/><D130/><U1/><REACH who="1" step="1"/><E43/><REACH who="1" ten="347,228,187,228" step="2"/><V96/><F132/><W44/><G125/><T67/><D40/><U113/><E113/><V41/><F135/><W108/><G112/><T20/><D65/><U101/><E101/><V98/><F75/><W34/><G108/><T119/><D72/><U37/><E37/><V4/><F38/><W74/><G34/><T66/><D67/><U78/><E78/><V21/><F41/><W3/><G74/><T116/><D76/><U102/><E102/><V12/><F98/><W109/><G73/><T115/><D115/><U30/><E30/><V55/><F96/><W56/><G109/><T128/><D128/><U42/><E42/><V32/><F87/><W15/><G103/><T79/><D79/><U29/><E29/><V93/><F86/><W18/><G104/><T64/><D64/><U91/><E91/><V107/><F107/><W8/><REACH who="3" step="1"/><G68/><REACH who="3" ten="347,228,187,218" step="2"/><N who="0" m="42055" /><D119/><U0/><E0/><V97/><F97/><W58/><G58/><T62/><D57/><U123/><E123/><V105/><F105/><W83/><G83/><T28/><D116/><U94/><E94/><V99/><F32/><W117/><G117/><T134/><D134/><U92/><E92/><V133/><F95/><W9/><AGARI ba="0,2" hai="2,3,7,8,9,14,15,18,44,49,52,54,56,61" machi="9" ten="20,16000,3" yaku="1,1,0,1,7,1,52,2,54,1,53,2" doraHai="6" doraHaiUra="10" who="3" fromWho="3" sc="347,-40,228,-80,187,-40,218,180" /><INIT seed="2,0,0,1,2,74" ten="307,148,147,398" oya="2" hai0="23,57,12,128,37,86,2,106,119,70,95,49,80" hai1="91,40,96,39,135,124,109,117,50,89,123,92,63" hai2="48,67,17,116,97,75,71,54,100,76,31,111,55" hai3="8,73,108,93,38,110,21,118,105,101,66,35,45"/><V34/><F116/><W11/><G73/><T69/><D37/><U1/><E1/><V33/><F111/><W24/><G110/><T133/><D2/><U122/><E39/><V102/><F31/><W15/><G118/><T104/><D119/><U4/><E4/><V68/><F67/><W87/><G105/><T56/><D95/><U51/><E109/><V59/><F75/><W126/><G35/><T18/><D133/><U3/><E3/><V98/><F17/><W28/><G38/><T115/><D56/><U22/><E117/><V107/><F59/><W14/><G126/><T9/><D23/><U61/><E124/><V58/><F58/><W129/><G66/><T81/><D81/><U114/><E22/><V43/><F107/><W42/><G129/><T0/><D0/><U60/><E114/><V44/><F48/><N who="1" m="18473" /><E40/><V79/><REACH who="2" step="1"/><F43/><REACH who="2" ten="307,148,137,398" step="2"/><W47/><G108/><T16/><D106/><U13/><E135/><V88/><F88/><N who="1" m="33865" /><E122/><V132/><F132/><W134/><G42/><T85/><D104/><U120/><E123/><V77/><F77/><W131/><G134/><T19/><D128/><U72/><E120/><V27/><F27/><W20/><G131/><T41/><D18/><U53/><E72/><V52/><F52/><W32/><G24/><T125/><D16/><U113/><E113/><V112/><F112/><W64/><G28/><T25/><D115/><U30/><E30/><V84/><F84/><W82/><G87/><T10/><D19/><U83/><E53/><V78/><F78/><W127/><G64/><T6/><D125/><U90/><E83/><RYUUKYOKU ba="0,1" sc="307,-15,148,15,137,15,398,-15" hai1="13,60,61,63,90,92,96" hai2="33,34,44,54,55,68,71,76,79,97,98,100,102" /><INIT seed="2,1,1,5,2,58" ten="292,163,152,383" oya="2" hai0="13,130,60,64,33,11,82,101,122,80,55,97,104" hai1="123,91,62,0,2,99,133,127,49,111,114,43,57" hai2="36,85,83,45,73,37,47,66,4,25,29,134,121" hai3="108,22,9,131,92,50,75,102,59,68,6,28,32"/><V118/><F121/><W51/><G108/><T119/><D122/><U30/><E114/><V40/><F118/><W52/><G131/><T42/><D130/><U132/><E123/><V90/><F134/><N who="1" m="51817" /><E111/><V126/><F126/><W70/><G68/><T71/><D119/><U41/><E30/><V31/><F73/><W103/><G70/><T129/><D129/><U38/><E38/><V109/><F109/><W8/><G75/><T87/><D42/><N who="1" m="15883" /><E49/><V67/><F36/><W84/><G32/><T117/><D117/><U116/><E116/><V115/><F47/><W77/><G51/><T79/><D33/><U74/><E74/><V72/><F115/><W100/><G6/><T26/><D26/><U86/><E99/><V48/><F72/><W120/><G120/><T81/><REACH who="0" step="1"/><D55/><REACH who="0" ten="282,163,152,383" step="2"/><N who="1" m="34111" /><E127/><V3/><F25/><W78/><G28/><T95/><D95/><AGARI ba="1,2" hai="0,2,86,91,95" m="34111,15883,51817" machi="95" ten="30,2000,0" yaku="20,1,52,1" doraHai="58" who="1" fromWho="0" sc="282,-23,163,43,152,0,383,0" /><INIT seed="3,0,0,2,0,83" ten="259,206,152,383" oya="3" hai0="15,115,14,67,128,75,133,43,105,1,26,32,50" hai1="64,125,37,90,80,40,77,110,132,116,94,120,122" hai2="78,106,35,113,131,114,16,121,71,44,69,13,4" hai3="130,59,12,99,98,100,5,112,62,42,47,103,93"/><W97/><G112/><T73/><D1/><U70/><E64/><V102/><F121/><W8/><G130/><T28/><D67/><U81/><E70/><V101/><F131/><W20/><G20/><T54/><D43/><U109/><E40/><V57/><F35/><W33/><G33/><T7/><D105/><U25/><E37/><V22/><F78/><W82/><G82/><T84/><D133/><U58/><E25/><V24/><F113/><W63/><G99/><T129/><D7/><U79/><E58/><V104/><F114/><W27/><G27/><T51/><D51/><U2/><E2/><V11/><F44/><W91/><G91/><T52/><D115/><U119/><E90/><V85/><F85/><W89/><G89/><T92/><D26/><U134/><E94/><V9/><F11/><W31/><G59/><T46/><D92/><U45/><E45/><V111/><F111/><W6/><G31/><T86/><D46/><U96/><E96/><V36/><F36/><W66/><G66/><T87/><D50/><U126/><AGARI ba="0,0" hai="77,79,80,81,109,110,116,119,120,122,125,126,132,134" machi="126" ten="25,12000,2" yaku="0,1,22,2,34,3" doraHai="83" who="1" fromWho="1" sc="259,-30,206,120,152,-30,383,-60" owari="229,-17.0,326,43.0,122,-38.0,323,12.0" /></mjloggm>