<mjloggm ver="2.3"><GO type="97" lobby="0"/><UN n0="%E3%82%A6%E3%83%AB%E3%83%88%E3%83%A9%E7%AB%8B%E7%9B%B4" n1="%E6%9C%AC%E5%A0%82%E6%B2%99%E4%B9%9F%E5%8A%A0" n2="%E3%81%8B%E3%81%B6%E3%81%AE%E4%B8%80%E5%A4%9C%E6%BC%AC%E3%81%91" n3="%E3%81%BE%E3%81%A3%E3%81%A1%E3%82%83%E3%82%93%E3%83%91%E3%83%91" dan="15,15,15,15" rate="1936.57,1993.14,1992.71,1994.26" sx="M,M,M,M"/><TAIKYOKU oya="0"/><INIT seed="0,0,0,4,2,7" ten="250,250,250,250" oya="0" hai0="118,98,25,45,109,117,67,42,75,84,41,61,27" hai1="77,31,73,104,8,89,114,6,29,74,66,0,81" hai2="60,124,47,10,30,4,12,95,127,134,121,48,62" hai3="100,19,96,103,122,94,99,126,82,58,13,105,86"/><T87/><D75/><U69/><E73/><V22/><F121/><W32/><G122/><T112/><D112/><U128/><E114/><V71/><F71/><W107/><G126/><N who="2" m="48169" /><F134/><W116/><G116/><T17/><D109/><U3/><E128/><V64/><F64/><W113/><G113/><T108/><D108/><U133/><E133/><V129/><F129/><W125/><G125/><T85/><D117/><U20/><E0/><V132/><F132/><W37/><G37/><T5/><D5/><U43/><E104/><V1/><F95/><W28/><G94/><T34/><D34/><U11/><E89/><V91/><F91/><W83/><G58/><T110/><D110/><U115/><E115/><V65/><F65/><W119/><G119/><T55/><D98/><U9/><E31/><V14/><F1/><W36/><G36/><T102/><D102/><U21/><E21/><V76/><F76/><W26/><REACH who="3" step="1"/><G86/><REACH who="3" ten="250,250,250,240" step="2"/><T35/><D85/><U97/><E97/><V53/><F30/><W92/><G92/><T50/><D118/><U38/><E69/><V39/><F39/><W72/><G72/><T33/><D84/><U88/><E66/><V131/><F131/><W18/><G18/><AGARI ba="0,1" hai="4,10,12,14,18,22,47,48,53,60,62" m="48169" machi="18" ten="30,2000,0" yaku="18,1,52,1" doraHai="7" who="2" fromWho="3" sc="250,0,250,0,250,30,240,-20" /><INIT seed="1,0,0,4,4,70" ten="250,250,280,220" oya="1" hai0="93,59,21,2,26,73,61,0,43,58,118,133,3" hai1="53,122,109,75,51,99,13,125,88,80,108,121,11" hai2="83,106,95,130,123,81,19,116,117,30,45,126,84" hai3="23,105,124,48,9,91,7,134,24,15,10,129,55"/><U6/><E125/><V87/><F123/><W94/><G124/><T89/><D73/><U32/><E32/><V82/><F126/><W34/><G134/><T86/><D118/><U110/><E75/><V65/><F30/><W49/><G129/><T18/><D133/><U102/><E80/><V77/><F65/><W131/><G131/><T16/><D43/><U113/><E113/><V119/><F19/><W31/><G105/><T71/><D71/><U52/><E53/><V47/><F45/><W104/><G104/><T90/><D61/><U128/><E128/><V76/><F47/><W85/><G55/><T22/><REACH who="0" step="1"/><D90/><REACH who="0" ten="240,250,280,220" step="2"/><U5/><E88/><V44/><F117/><W103/><G103/><T101/><D101/><U42/><E42/><V132/><F132/><W25/><REACH who="3" step="1"/><G9/><REACH who="3" ten="240,250,280,210" step="2"/><T8/><D8/><U64/><E64/><V1/><F119/><W46/><G46/><T36/><D36/><U115/><E115/><V60/><F44/><W69/><G69/><T57/><D57/><N who="1" m="32927" /><E5/><V39/><F39/><W114/><G114/><T4/><D4/><U92/><AGARI ba="0,2" hai="6,11,13,92,99,102,108,109,110,121,122" m="32927" machi="92" ten="30,6000,0" yaku="14,1,10,1,54,1" doraHai="70" who="1" fromWho="1" sc="240,-20,250,80,280,-20,210,-20" /><INIT seed="1,1,0,1,1,86" ten="220,330,260,190" oya="1" hai0="40,132,126,28,4,103,22,10,53,8,71,69,41" hai1="62,24,21,102,124,17,88,135,14,6,9,23,70" hai2="79,74,11,54,125,119,26,117,2,63,32,127,76" hai3="80,100,83,19,56,110,25,33,51,35,120,13,72"/><U97/><E135/><V31/><F54/><W114/><G120/><T113/><D22/><U107/><E124/><N who="2" m="47691" /><F63/><W92/><G114/><T29/><D103/><U38/><E38/><V57/><F57/><W59/><G110/><T91/><D126/><U98/><E21/><V131/><F131/><W128/><G72/><T3/><D53/><U37/><E37/><V84/><F84/><W82/><G128/><T44/><D4/><U15/><E15/><V121/><F121/><W118/><G118/><N who="2" m="45065" /><F74/><W61/><G51/><T12/><D12/><U90/><REACH who="1" step="1"/><E98/><REACH who="1" ten="220,320,260,190" step="2"/><V50/><F2/><W89/><G33/><T30/><D3/><U122/><E122/><V7/><F11/><W129/><G129/><T81/><D10/><U87/><E87/><V99/><F99/><W112/><G112/><T105/><D8/><U64/><AGARI ba="1,1" hai="6,9,14,17,23,24,62,64,70,88,90,97,102,107" machi="64" ten="30,12000,1" yaku="1,1,0,1,52,2,54,1,53,0" doraHai="86" doraHaiUra="34" who="1" fromWho="1" sc="220,-41,320,133,260,-41,190,-41" /><INIT seed="1,2,0,0,1,107" ten="179,453,219,149" oya="1" hai0="81,65,23,99,46,36,121,4,15,34,33,98,71" hai1="45,17,96,82,133,44,61,104,106,30,29,93,80" hai2="42,11,100,131,24,47,38,123,124,55,132,43,130" hai3="108,7,26,63,59,97,69,68,122,92,75,119,86"/><U1/><E1/><V37/><F123/><W118/><G122/><T66/><D46/><U22/><E106/><V125/><F100/><W126/><G7/><T111/><D81/><U88/><E104/><V101/><F101/><N who="3" m="60583" /><G108/><T60/><D60/><U54/><E133/><V49/><F24/><W74/><G86/><T87/><D87/><N who="1" m="50279" /><E82/><V73/><F11/><W9/><G9/><T90/><D23/><U25/><E44/><N who="2" m="23631" /><F73/><N who="3" m="27659" /><G26/><T109/><D4/><U105/><E105/><V134/><F55/><N who="3" m="34303" /><G126/><N who="2" m="48745" /><F49/><W62/><G62/><T5/><D5/><U89/><E61/><V28/><F28/><W91/><G91/><T21/><D90/><U6/><E6/><V64/><F64/><W127/><G127/><T113/><D66/><U114/><E114/><V115/><F115/><W128/><G128/><AGARI ba="2,0" hai="38,43,47,128,130,131,132,134" m="48745,23631" machi="128" ten="30,12000,2" yaku="30,2,19,1,18,1,23,1,34,2" doraHai="107" who="2" fromWho="3" sc="179,0,453,0,219,126,149,-126" /><INIT seed="2,0,0,2,0,99" ten="179,453,345,23" oya="2" hai0="88,106,62,72,59,41,127,14,111,92,15,78,12" hai1="131,126,117,27,46,81,13,40,128,34,23,85,125" hai2="33,79,91,67,36,120,0,66,2,96,69,6,26" hai3="94,113,45,97,28,54,29,19,116,87,102,16,68"/><V135/><F120/><W95/><G68/><T119/><D106/><U86/><E117/><V63/><F135/><W77/><G113/><T9/><D119/><U74/><E34/><V57/><F36/><W31/><G116/><T22/><D111/><U110/><E13/><V1/><F79/><W80/><G94/><T47/><D127/><N who="1" m="48651" /><E110/><V134/><F134/><W107/><G107/><T114/><D114/><U112/><E74/><V98/><F6/><W48/><AGARI ba="0,0" hai="16,19,28,29,31,45,48,54,77,80,87,95,97,102" machi="48" ten="30,7900,0" yaku="0,1,8,1,52,1,54,1" doraHai="99" who="3" fromWho="3" sc="179,-20,453,-20,345,-39,23,79" /><INIT seed="3,0,0,5,5,129" ten="159,433,306,102" oya="3" hai0="54,125,116,78,56,115,60,135,18,103,97,34,42" hai1="2,89,15,93,84,76,41,68,87,86,33,57,101" hai2="21,16,96,80,5,67,14,121,106,105,58,94,45" hai3="29,127,46,100,73,119,69,62,85,99,26,65,77"/><W88/><G119/><T132/><D34/><U47/><E2/><V118/><F118/><W133/><G127/><T130/><D116/><U128/><E33/><V134/><F80/><W112/><G112/><T120/><D120/><U19/><E68/><V40/><F5/><W63/><G63/><T32/><D32/><U110/><E110/><V107/><F67/><W39/><G133/><N who="0" m="51275" /><D130/><U108/><E108/><V25/><F58/><W122/><G122/><T24/><D125/><U7/><E57/><V72/><F72/><W0/><G0/><T55/><D42/><U12/><E101/><V13/><F121/><W126/><G126/><T104/><D78/><U9/><E76/><V113/><F113/><W35/><G77/><T49/><D115/><U8/><E128/><V11/><F134/><W131/><G73/><T81/><D81/><U50/><AGARI ba="0,0" hai="7,8,9,12,15,19,41,47,50,84,86,87,89,93" machi="50" ten="20,2700,0" yaku="0,1,7,1,8,1" doraHai="129" who="1" fromWho="1" sc="159,-7,433,27,306,-7,102,-13" owari="152,-25.0,460,56.0,299,10.0,89,-41.0" /></mjloggm>