<mjloggm ver="2.3"><GO type="41" lobby="0"/><UN n0="%E8%A7%92%E7%94%B0%E3%81%AF%E3%81%9C%E3%82%8D" n1="%E3%83%81%E3%83%A3%E3%82%A4" n2="%E3%82%A6%E3%83%AB%E3%83%88%E3%83%A9%E7%AB%8B%E7%9B%B4" n3="%66%6B%31%30%30%30" dan="14,13,16,16" rate="1950.13,1929.89,2017.88,2020.95" sx="M,M,M,M"/><TAIKYOKU oya="0"/><INIT seed="0,0,0,5,4,111" ten="250,250,250,250" oya="0" hai0="118,29,32,36,70,54,16,43,73,120,53,81,110" hai1="92,39,1,86,9,15,52,112,94,18,74,126,59" hai2="93,88,77,106,31,68,22,75,117,4,25,85,0" hai3="45,80,40,122,50,24,35,51,2,44,125,83,56"/><T135/><D118/><U34/><E74/><V57/><F68/><W132/><G2/><T46/><D120/><U10/><E39/><V41/><F117/><W38/><G122/><T129/><D110/><U104/><E104/><V133/><F133/><W128/><G132/><T8/><D135/><U100/><E34/><V98/><F41/><W67/><G128/><T17/><D129/><U76/><E1/><V109/><F109/><W127/><G35/><T71/><D29/><U37/><E37/><V116/><F116/><W30/><G30/><T95/><D32/><U27/><E27/><V79/><F4/><W91/><G24/><T78/><D95/><U13/><E126/><N who="3" m="48138" /><G91/><T14/><REACH who="0" step="1"/><D17/><REACH who="0" ten="240,250,250,250" step="2"/><U102/><E18/><V101/><F31/><W42/><G83/><T114/><D114/><U26/><E112/><V84/><F93/><W5/><G80/><T82/><D82/><U55/><E76/><V23/><F79/><W124/><G124/><T64/><D64/><U62/><E86/><V3/><F77/><W65/><G67/><T20/><D20/><U99/><E26/><V89/><F25/><W60/><G5/><T58/><D58/><U134/><E134/><V72/><F57/><W69/><G56/><T97/><D97/><U115/><E115/><V6/><F6/><W66/><G65/><T87/><D87/><U47/><E59/><V19/><F19/><W48/><AGARI ba="0,1" hai="38,40,42,44,45,48,50,51,60,66,69" m="48138" machi="48" ten="30,4000,0" yaku="18,1,34,2" doraHai="111" who="3" fromWho="3" sc="240,-20,250,-10,250,-10,250,50" /><INIT seed="1,0,0,3,3,37" ten="220,240,240,300" oya="1" hai0="83,14,16,109,41,86,98,103,80,124,121,72,134" hai1="53,38,85,113,1,22,69,60,15,133,20,120,12" hai2="104,117,51,35,21,13,112,6,0,101,123,44,2" hai3="84,17,91,108,110,77,71,55,116,100,106,23,67"/><U29/><E113/><V25/><F123/><W34/><G34/><T65/><D121/><U42/><E120/><V54/><F117/><W58/><G116/><T94/><D109/><U119/><E119/><V19/><F112/><W10/><G77/><T33/><D124/><U49/><E1/><V31/><F104/><W46/><G10/><T39/><D33/><U28/><E85/><V92/><F101/><W18/><G106/><T126/><D126/><U96/><E96/><V8/><F92/><W66/><G100/><T26/><D26/><U93/><E93/><V24/><AGARI ba="0,0" hai="0,2,6,8,13,19,21,24,25,31,35,44,51,54" machi="24" ten="20,1500,0" yaku="0,1,7,1" doraHai="37" who="2" fromWho="2" sc="220,-4,240,-7,240,15,300,-4" /><INIT seed="2,0,0,0,4,18" ten="216,233,255,296" oya="2" hai0="24,122,57,129,59,53,52,104,135,16,94,27,92" hai1="4,54,14,73,44,39,33,105,108,86,83,30,47" hai2="45,132,1,56,20,58,81,26,35,60,96,29,85" hai3="77,41,71,38,49,111,88,70,106,90,79,22,128"/><V125/><F1/><W10/><G106/><T114/><D114/><U124/><E105/><V50/><F125/><W134/><G111/><T31/><D104/><U74/><E108/><V23/><F132/><W119/><G119/><T0/><D122/><U101/><E101/><V80/><F96/><W116/><G116/><T36/><D36/><U42/><E124/><V130/><F130/><W25/><G128/><T100/><D0/><U55/><E33/><V62/><F45/><N who="3" m="25775" /><G38/><T7/><D129/><U127/><E127/><V133/><F133/><W15/><G134/><T76/><D7/><U107/><E107/><V61/><F50/><W34/><G34/><T11/><D76/><N who="3" m="29257" /><G70/><T118/><D118/><U40/><E30/><V93/><F93/><W9/><G71/><T17/><D135/><U103/><E103/><V109/><F109/><W12/><G15/><T72/><D72/><U46/><E14/><V117/><F117/><W5/><G9/><T75/><D75/><U32/><E32/><V97/><F97/><W91/><G90/><T120/><D120/><U131/><E47/><V102/><F102/><W28/><AGARI ba="0,0" hai="5,10,12,22,25,28,88,91" m="29257,25775" machi="28" ten="30,4000,0" yaku="8,1,52,1,54,1" doraHai="18" who="3" fromWho="3" sc="216,-10,233,-10,255,-20,296,40" /><INIT seed="3,0,0,0,1,125" ten="206,223,235,336" oya="3" hai0="88,122,116,27,77,29,31,105,6,114,55,0,75" hai1="3,130,16,92,109,7,23,63,90,80,42,70,58" hai2="119,46,102,82,134,120,11,115,51,106,67,126,103" hai3="28,62,33,79,24,25,96,117,56,112,36,98,32"/><W65/><G117/><T1/><D122/><U38/><E70/><V101/><F119/><W127/><G112/><T93/><D116/><U39/><E80/><V121/><F115/><W71/><G127/><T54/><D105/><U12/><E42/><V110/><F126/><W20/><G36/><T2/><D114/><U107/><E107/><V13/><F110/><W108/><G108/><T21/><D6/><U132/><E109/><V22/><F134/><W52/><G79/><T34/><D34/><U128/><E132/><V133/><F133/><W9/><G9/><T64/><D64/><U104/><E104/><V81/><F106/><W124/><G124/><T118/><D118/><U74/><E74/><V41/><F22/><W15/><G15/><T30/><D77/><U123/><E123/><N who="2" m="47179" /><F67/><W35/><REACH who="3" step="1"/><G25/><REACH who="3" ten="206,223,235,326" step="2"/><T48/><D75/><U60/><E3/><V69/><F69/><W37/><G37/><T76/><D76/><U44/><E7/><AGARI ba="0,1" hai="7,11,13,41,46,51,81,82,101,102,103" m="47179" machi="7" ten="30,1000,0" yaku="13,1" doraHai="125" who="2" fromWho="1" sc="206,0,223,-10,235,20,326,0" /><INIT seed="4,0,0,2,1,9" ten="206,213,255,326" oya="0" hai0="76,62,72,50,88,119,0,96,131,86,29,109,27" hai1="124,91,118,60,3,22,25,67,114,133,65,56,61" hai2="53,8,77,87,71,6,38,59,33,127,54,17,16" hai3="47,49,85,73,121,104,30,100,20,80,1,24,13"/><T94/><D119/><U51/><E118/><V40/><F33/><W123/><G1/><T2/><D131/><U128/><E3/><V28/><F71/><W21/><G73/><T92/><D109/><U74/><E128/><V110/><F28/><W115/><G115/><T120/><D120/><N who="3" m="46153" /><G104/><T31/><D31/><U126/><E74/><V89/><F77/><N who="3" m="46223" /><G100/><T103/><D50/><U58/><E114/><V63/><F110/><W5/><G5/><T102/><D72/><U81/><E133/><V44/><F54/><N who="3" m="30015" /><G13/><T78/><D2/><U46/><E81/><V108/><F108/><W45/><G45/><T15/><D102/><U125/><E91/><V122/><F122/><W32/><AGARI ba="0,0" hai="20,21,24,30,32" m="30015,46223,46153" machi="32" ten="30,1100,0" yaku="13,1" doraHai="9" who="3" fromWho="3" sc="206,-5,213,-3,255,-3,326,11" /><INIT seed="5,0,0,5,1,69" ten="201,210,252,337" oya="1" hai0="17,56,19,59,64,101,122,46,70,37,23,7,111" hai1="52,1,108,135,112,72,107,103,116,74,57,28,94" hai2="99,100,82,96,102,84,11,63,18,123,106,124,88" hai3="51,44,78,31,104,3,49,85,109,66,68,39,130"/><U125/><E28/><V67/><F123/><W47/><G104/><T98/><D122/><U126/><E107/><V61/><F124/><N who="1" m="47721" /><E1/><V0/><F67/><W86/><G3/><T73/><D111/><U92/><E116/><V36/><F36/><W27/><G109/><T114/><D114/><U32/><E108/><V26/><F0/><W40/><G130/><T33/><D33/><U42/><E32/><V12/><REACH who="2" step="1"/><F26/><REACH who="2" ten="201,210,242,337" step="2"/><W65/><G66/><T121/><D121/><U43/><E135/><V10/><F10/><W129/><G129/><T118/><D118/><U97/><E112/><V113/><F113/><W87/><G39/><T60/><D7/><U93/><E74/><V22/><F22/><W90/><G65/><T110/><D110/><U80/><E97/><V89/><F89/><W38/><G90/><T48/><D73/><U76/><E103/><V30/><F30/><W120/><G38/><T4/><D4/><U128/><E128/><V25/><F25/><W105/><G120/><T134/><D37/><U14/><E14/><V58/><F58/><N who="0" m="22058" /><D134/><U15/><E15/><V83/><F83/><N who="3" m="47351" /><G68/><T13/><D13/><U29/><E29/><V50/><F50/><AGARI ba="0,1" hai="42,43,50,52,57,72,76,80,92,93,94" m="47721" machi="50" ten="30,2900,0" yaku="18,1,54,1" doraHai="69" who="1" fromWho="2" sc="201,0,210,39,242,-29,337,0" /><INIT seed="5,1,0,4,5,95" ten="201,249,213,337" oya="1" hai0="61,9,114,122,51,31,64,47,101,116,75,112,110" hai1="131,74,7,48,54,32,79,62,86,36,8,33,133" hai2="37,21,17,40,92,99,67,25,115,44,4,81,135" hai3="2,11,53,87,50,68,10,71,16,29,134,66,1"/><U35/><E74/><V20/><F115/><N who="0" m="44074" /><D75/><U57/><E36/><V28/><F135/><W109/><G134/><T121/><D101/><U89/><E133/><V3/><F67/><W130/><G109/><T117/><D31/><U119/><E119/><N who="0" m="45641" /><D9/><U46/><E131/><V45/><F81/><W49/><G29/><T5/><D5/><U113/><E79/><V63/><F63/><W34/><G34/><T103/><D103/><U15/><E113/><V60/><F60/><W38/><G130/><T84/><D84/><U82/><REACH who="1" step="1"/><E33/><REACH who="1" ten="201,239,213,337" step="2"/><V128/><F128/><W18/><G38/><T56/><D110/><U88/><E88/><V73/><F73/><W12/><G71/><T76/><D76/><U22/><E22/><V69/><F21/><W39/><G39/><T42/><AGARI ba="1,1" hai="42,47,51,56,61,64,121,122" m="45641,44074" machi="42" ten="40,5200,0" yaku="15,1,34,2" doraHai="95" who="0" fromWho="0" sc="201,65,239,-27,213,-14,337,-14" /><INIT seed="6,0,0,1,5,43" ten="266,212,199,323" oya="2" hai0="106,6,14,3,73,99,92,53,18,66,95,56,63" hai1="111,23,42,49,104,130,124,30,64,44,91,52,59" hai2="69,96,110,102,70,45,134,87,83,46,74,19,10" hai3="60,131,22,129,38,114,113,12,133,51,116,77,13"/><V84/><F74/><W35/><G35/><T50/><D73/><U82/><E104/><V54/><F69/><W94/><G116/><T126/><D126/><U28/><E111/><V93/><F70/><W57/><G38/><T71/><D6/><U39/><E124/><V9/><F110/><W26/><G133/><T78/><D3/><U65/><E130/><N who="3" m="49674" /><G77/><T15/><D78/><U135/><E135/><V107/><F134/><W62/><G94/><T101/><D15/><N who="3" m="5705" /><G51/><T55/><D55/><U115/><E115/><N who="3" m="44042" /><G57/><T125/><D125/><U16/><E82/><V90/><F54/><W33/><G33/><T58/><D71/><U89/><E65/><V132/><F132/><W79/><G79/><T61/><D63/><U0/><E0/><V11/><REACH who="2" step="1"/><F19/><AGARI ba="0,0" hai="19,22,26,60,62" m="44042,5705,49674" machi="19" ten="30,3900,0" yaku="19,1,15,1,11,1" doraHai="43" who="3" fromWho="2" sc="266,0,212,0,199,-39,323,39" /><INIT seed="7,0,0,1,5,126" ten="266,212,160,362" oya="3" hai0="121,74,129,97,40,29,18,60,54,2,22,88,95" hai1="81,120,56,68,96,85,39,133,20,13,108,135,89" hai2="111,7,37,91,123,17,84,36,82,27,90,43,4" hai3="117,0,94,122,63,19,112,53,127,46,57,100,80"/><W64/><G122/><T33/><D121/><U16/><E68/><V115/><F111/><W109/><G117/><T83/><D40/><U110/><E120/><V26/><F123/><W99/><G127/><T38/><D38/><U134/><E39/><V28/><F115/><W69/><G0/><T87/><D2/><U93/><REACH who="1" step="1"/><E56/><REACH who="1" ten="266,202,160,362" step="2"/><V52/><F43/><W47/><G109/><T51/><D60/><U70/><E70/><V24/><F37/><W15/><G112/><T55/><D55/><U130/><E130/><V44/><F36/><W73/><G53/><T119/><D119/><U114/><E114/><V78/><F28/><W116/><G57/><T5/><D129/><U75/><E75/><V30/><F30/><W10/><G116/><T49/><D29/><U71/><E71/><V21/><F7/><W76/><AGARI ba="0,1" hai="10,15,19,46,47,63,64,69,73,76,80,94,99,100" machi="76" ten="30,1500,0" yaku="0,1" doraHai="126" who="3" fromWho="3" sc="266,-5,202,-5,160,-5,362,25" owari="261,6.0,197,-20.0,155,-34.0,387,48.0" /></mjloggm>