<mjloggm ver="2.3"><GO type="97" lobby="0"/><UN n0="%53%77%69%E2%80%A0%63%68" n1="%40%68%61%72%75%40" n2="%E3%83%87%E3%83%9C%E3%83%BC%E3%83%81%E3%82%AB" n3="%E3%82%A6%E3%83%AB%E3%83%88%E3%83%A9%E7%AB%8B%E7%9B%B4" dan="14,14,14,15" rate="1906.56,1922.90,1905.66,2007.02" sx="M,F,M,M"/><TAIKYOKU oya="0"/><INIT seed="0,0,0,0,0,9" ten="250,250,250,250" oya="0" hai0="24,117,131,52,107,28,51,79,76,33,77,112,84" hai1="108,95,43,91,32,102,54,104,119,71,83,45,34" hai2="58,2,127,80,20,87,26,135,25,111,14,65,8" hai3="134,78,64,123,61,96,98,122,70,103,38,75,7"/><T1/><D117/><U109/><E71/><V85/><F135/><W35/><G134/><T69/><D69/><U40/><E119/><V115/><F2/><W106/><G96/><T47/><D112/><U6/><E83/><V15/><F115/><W0/><G38/><T42/><D107/><U62/><E6/><V81/><F111/><N who="1" m="42569" /><E104/><V55/><F65/><W10/><REACH who="3" step="1"/><G35/><REACH who="3" ten="250,250,250,240" step="2"/><N who="1" m="13354" /><E102/><V82/><F127/><W100/><G100/><T48/><D131/><U92/><E92/><V128/><F128/><W46/><G46/><T57/><REACH who="0" step="1"/><D1/><REACH who="0" ten="240,250,250,240" step="2"/><U94/><E94/><V36/><F36/><W66/><G66/><T88/><D88/><U121/><E121/><V86/><F8/><W53/><G53/><T17/><D17/><U93/><E93/><V116/><F116/><W97/><G97/><T99/><D99/><U68/><E95/><V126/><F126/><W89/><G89/><T29/><D29/><U132/><E91/><V22/><F26/><W60/><G60/><T56/><D56/><N who="1" m="35095" /><E68/><V113/><F113/><W12/><G12/><N who="2" m="4649" /><F25/><W67/><G67/><T74/><D74/><U44/><E132/><V23/><F58/><W133/><G133/><T129/><D129/><U90/><E90/><N who="2" m="51495" /><F55/><W120/><G120/><T39/><D39/><U118/><E118/><V105/><F105/><W125/><G125/><T101/><D101/><U13/><E13/><V5/><F5/><W63/><G63/><T37/><D37/><U110/><E110/><V4/><F4/><W16/><G16/><T59/><D59/><U73/><E73/><V50/><F50/><W18/><G18/><RYUUKYOKU ba="0,2" sc="240,0,250,0,250,0,240,0" hai0="24,28,33,42,47,48,51,52,57,76,77,79,84" hai1="40,43,44,45" hai2="20,22,23,81,82,86,87" hai3="0,7,10,61,64,70,75,78,98,103,106,122,123" /><INIT seed="0,1,2,4,4,134" ten="240,250,250,240" oya="0" hai0="27,34,109,64,126,58,85,95,127,30,21,62,128" hai1="25,98,28,20,82,111,37,5,24,131,51,71,4" hai2="116,49,114,12,101,26,72,76,90,75,36,118,52" hai3="16,33,120,66,40,15,14,81,65,94,1,11,92"/><T18/><D128/><U47/><E131/><V96/><F36/><W61/><G33/><T50/><D50/><U89/><E71/><V53/><F114/><W41/><G1/><T13/><REACH who="0" step="1"/><D109/><REACH who="0" ten="230,250,250,240" step="2"/><U74/><E111/><V35/><F90/><AGARI ba="1,3" hai="13,18,21,27,30,34,58,62,64,85,90,95,126,127" machi="90" ten="40,12000,1" yaku="1,1,2,1,52,2,53,1" doraHai="134" doraHaiUra="10" who="0" fromWho="2" sc="230,153,250,0,250,-123,240,0" /><INIT seed="0,2,0,1,0,64" ten="383,250,127,240" oya="0" hai0="120,124,42,16,20,31,10,21,23,49,99,29,58" hai1="115,52,56,87,63,51,129,113,123,105,68,67,108" hai2="135,18,34,4,84,116,93,45,62,102,25,122,117" hai3="22,74,66,14,119,1,89,57,73,92,43,53,133"/><T47/><D120/><U79/><E105/><V132/><F122/><W98/><G1/><T111/><D124/><U130/><E123/><V96/><F45/><W107/><G133/><N who="2" m="51273" /><F62/><W114/><G119/><N who="2" m="45641" /><F4/><W128/><G114/><N who="1" m="43530" /><E108/><V106/><F18/><W7/><G128/><N who="1" m="49258" /><E79/><V2/><F2/><W121/><G121/><T80/><D111/><U17/><E87/><V85/><F25/><W26/><G66/><T11/><D80/><U95/><E95/><V86/><F34/><W70/><G43/><T39/><D39/><U24/><E24/><V104/><AGARI ba="2,0" hai="84,85,86,93,96,102,104,106" m="45641,51273" machi="104" ten="40,8000,1" yaku="20,1,12,1,34,2" doraHai="64" who="2" fromWho="2" sc="383,-42,250,-22,127,86,240,-22" /><INIT seed="1,0,0,3,1,42" ten="341,228,213,218" oya="1" hai0="119,2,130,118,5,33,36,10,96,44,89,99,129" hai1="38,69,9,72,40,132,101,7,60,1,28,58,113" hai2="18,84,86,102,27,53,32,13,56,104,100,51,3" hai3="123,8,85,87,134,117,67,25,6,127,105,30,110"/><U107/><E113/><V82/><F3/><W52/><G105/><T128/><D33/><U108/><E28/><V21/><F104/><W78/><G123/><T135/><D135/><U79/><E132/><V66/><F32/><W120/><G134/><T114/><D114/><U74/><E58/><V39/><F39/><W124/><G127/><T126/><D126/><U20/><E20/><V64/><F27/><W35/><G124/><T75/><D75/><U29/><E29/><V26/><F26/><W34/><G34/><T61/><D61/><U59/><E59/><V47/><F86/><W49/><G67/><N who="2" m="25641" /><F56/><W106/><G106/><T62/><D62/><U95/><E95/><V81/><F81/><W71/><G71/><T111/><D111/><U103/><E79/><AGARI ba="0,0" hai="13,18,21,47,51,53,79,82,84,100,102" m="25641" machi="79" ten="30,2000,0" yaku="8,1,52,1" doraHai="42" who="2" fromWho="1" sc="341,0,228,-20,213,20,218,0" /><INIT seed="2,0,0,1,1,118" ten="341,208,233,218" oya="2" hai0="68,83,91,119,55,9,95,29,26,81,109,94,21" hai1="106,125,30,110,120,10,46,63,1,47,3,15,18" hai2="62,48,17,35,43,53,121,123,7,75,40,27,115" hai3="61,59,88,37,24,64,77,132,135,128,101,38,122"/><V85/><F115/><W16/><G101/><T87/><D109/><U130/><E110/><V32/><F75/><W89/><G77/><T107/><D107/><U67/><E106/><V2/><F62/><W102/><G102/><T116/><D68/><U111/><E30/><V69/><F69/><W33/><G33/><T42/><D9/><U105/><E105/><V51/><F2/><W78/><G78/><T80/><D42/><U76/><E111/><V13/><F7/><W133/><G128/><T5/><D5/><U131/><E76/><V50/><F53/><W57/><G57/><T25/><D55/><U14/><E3/><V124/><F124/><W99/><G122/><N who="2" m="46601" /><F85/><W113/><G113/><T22/><REACH who="0" step="1"/><D95/><REACH who="0" ten="331,208,233,218" step="2"/><U11/><E120/><V72/><F72/><W45/><G133/><T104/><D104/><U28/><E125/><V84/><F43/><W108/><G135/><T129/><D129/><N who="1" m="49163" /><E1/><V79/><F40/><W65/><G108/><T56/><D56/><N who="1" m="37351" /><E28/><AGARI ba="0,1" hai="21,22,25,26,28,29,80,81,83,87,91,94,116,119" machi="28" ten="40,2600,0" yaku="1,1,9,1,53,0" doraHai="118" doraHaiUra="54" who="0" fromWho="1" sc="331,36,208,-26,233,0,218,0" /><INIT seed="3,0,0,0,5,135" ten="367,182,233,218" oya="3" hai0="122,81,123,101,102,15,105,62,104,28,125,116,71" hai1="84,29,8,114,51,76,36,128,30,96,25,37,115" hai2="33,55,18,52,91,26,131,72,117,103,42,107,49" hai3="97,27,118,79,83,61,108,130,90,59,60,99,113"/><W111/><G118/><T0/><D116/><U119/><E119/><V129/><F117/><RYUUKYOKU type="kaze4" ba="0,0" sc="367,0,182,0,233,0,218,0" /><INIT seed="3,1,0,4,2,96" ten="367,182,233,218" oya="3" hai0="71,59,19,42,3,13,30,56,72,51,1,66,47" hai1="25,24,128,73,126,101,129,5,87,45,70,68,28" hai2="115,93,11,81,105,114,108,50,103,16,122,84,33" hai3="48,21,41,99,118,134,32,26,104,69,130,74,107"/><W97/><G118/><T65/><D72/><U113/><E5/><V39/><F39/><W80/><G32/><T106/><D106/><N who="3" m="40489" /><G69/><T46/><D30/><U117/><E73/><V83/><F105/><W121/><G48/><T60/><D1/><U86/><E117/><V31/><F33/><W75/><G41/><T102/><D102/><U38/><E45/><V88/><F31/><W36/><G36/><T57/><D3/><U37/><E28/><V14/><F83/><W78/><G121/><T110/><D110/><U100/><REACH who="1" step="1"/><E126/><REACH who="1" ten="367,172,233,218" step="2"/><V79/><F122/><W135/><G74/><T18/><D47/><U77/><E77/><V7/><F108/><W132/><G130/><T94/><D46/><U95/><E95/><V6/><F79/><W17/><AGARI ba="1,1" hai="17,21,26,75,78,80,97,99,132,134,135" m="40489" machi="17" ten="40,2100,0" yaku="20,1" doraHai="96" who="3" fromWho="3" sc="367,-8,172,-8,233,-8,218,34" /><INIT seed="3,2,0,3,4,9" ten="359,164,225,252" oya="3" hai0="84,94,92,1,85,78,42,69,115,86,35,133,126" hai1="71,16,7,48,76,19,45,65,51,15,2,8,52" hai2="120,103,96,18,25,122,89,91,72,63,97,40,62" hai3="14,22,30,128,114,17,57,20,32,0,4,131,21"/><W127/><G57/><T101/><D1/><U70/><E76/><V23/><F72/><W105/><G105/><T77/><D35/><U31/><E31/><V59/><F40/><W64/><G64/><T83/><D42/><U12/><E2/><V95/><F91/><W93/><G93/><T135/><D69/><U3/><E65/><V125/><F125/><W113/><G127/><T47/><D47/><U28/><E28/><V123/><REACH who="2" step="1"/><F59/><REACH who="2" ten="359,164,215,252" step="2"/><W39/><G39/><T37/><D126/><U5/><E71/><V49/><F49/><W102/><G113/><T44/><D37/><U61/><E70/><V98/><F98/><W53/><G114/><T55/><D115/><U74/><E74/><V24/><F24/><N who="3" m="18503" /><G102/><T66/><D101/><U10/><E3/><V87/><F87/><W50/><G50/><T100/><D100/><U6/><E61/><V67/><F67/><W90/><G90/><T41/><D41/><U111/><REACH who="1" step="1"/><E48/><REACH who="1" ten="359,154,215,252" step="2"/><V75/><F75/><W68/><G68/><T117/><D77/><U107/><E107/><AGARI ba="2,2" hai="18,23,25,62,63,89,95,96,97,103,107,120,122,123" machi="107" ten="40,2600,0" yaku="1,1,13,1,53,0" doraHai="9" doraHaiUra="11" who="2" fromWho="1" sc="359,0,154,-32,215,52,252,0" owari="359,46.0,122,-38.0,267,7.0,252,-15.0" /></mjloggm>