<mjloggm ver="2.3"><GO type="97" lobby="0"/><UN n0="%E3%82%A6%E3%83%AB%E3%83%88%E3%83%A9%E7%AB%8B%E7%9B%B4" n1="%48%75%6D%61%6E%69%61" n2="%43%68%69%6B%61%70%79" n3="%E7%8C%AB%E4%BD%BF%E3%81%84" dan="15,15,13,13" rate="2011.14,1934.57,1976.55,1954.94" sx="M,M,M,F"/><TAIKYOKU oya="0"/><INIT seed="0,0,0,0,0,56" ten="250,250,250,250" oya="0" hai0="79,99,8,22,40,72,60,89,48,76,47,53,106" hai1="81,37,41,120,87,35,90,123,80,134,20,38,3" hai2="24,119,94,52,10,102,116,36,121,32,23,77,70" hai3="46,114,129,112,69,0,127,42,66,5,84,33,98"/><T58/><D72/><U78/><E3/><V62/><F36/><W96/><G33/><T2/><D2/><U11/><E11/><V45/><F32/><W122/><G129/><T30/><D8/><U28/><E35/><V83/><F121/><W55/><G127/><T103/><REACH who="0" step="1"/><D89/><REACH who="0" ten="240,250,250,250" step="2"/><U107/><E90/><V50/><F10/><W95/><G0/><T111/><D111/><U86/><E120/><V131/><F131/><W54/><G122/><T130/><D130/><U15/><E123/><V109/><F109/><W91/><G114/><T105/><D105/><U7/><E107/><V124/><F124/><W18/><G112/><T44/><D44/><U115/><E115/><V51/><F119/><W27/><G46/><T135/><D135/><U133/><E133/><V39/><F116/><W117/><G91/><T88/><D88/><U16/><E134/><V57/><F45/><W64/><G117/><T9/><D9/><U128/><E128/><V14/><F102/><W97/><G97/><T101/><D101/><U59/><E78/><V49/><F77/><W17/><G98/><T132/><D132/><U12/><E86/><V104/><F104/><W75/><G84/><T19/><D19/><U68/><E16/><V93/><F83/><W73/><G18/><T21/><D21/><U74/><E20/><V92/><F23/><W25/><G17/><T118/><D118/><U113/><E81/><V6/><F6/><W63/><G96/><T61/><D61/><U34/><E80/><V82/><F62/><W85/><G75/><T29/><D29/><U43/><E28/><RYUUKYOKU ba="0,1" sc="240,30,250,-10,250,-10,250,-10" hai0="22,30,40,47,48,53,58,60,76,79,99,103,106" /><INIT seed="0,1,1,1,5,121" ten="270,240,240,240" oya="0" hai0="7,57,27,91,22,133,10,61,83,52,62,13,134" hai1="108,132,66,95,45,127,104,42,36,59,56,4,82" hai2="40,16,65,55,116,70,90,126,23,30,131,128,130" hai3="31,24,41,125,26,28,33,79,19,97,124,0,2"/><T8/><D8/><U15/><E104/><V47/><F30/><W109/><G79/><T123/><D123/><U76/><E132/><N who="0" m="50793" /><D83/><U69/><E127/><N who="3" m="48714" /><G41/><T96/><D96/><U113/><E113/><V110/><F116/><W122/><G122/><T53/><D91/><U14/><E95/><V11/><F126/><W50/><G50/><N who="0" m="30871" /><D53/><U88/><E88/><V102/><F102/><W38/><G97/><T101/><D101/><U92/><E92/><V49/><F11/><W111/><G19/><AGARI ba="1,1" hai="7,10,13,19,22,27,61,62" m="30871,50793" machi="19" ten="30,2900,0" yaku="20,1,54,1" doraHai="121" who="0" fromWho="3" sc="270,42,240,0,240,0,240,-32" /><INIT seed="0,2,0,1,3,96" ten="312,240,240,208" oya="0" hai0="117,34,46,8,24,10,84,19,80,9,68,12,105" hai1="52,0,111,14,50,65,99,43,56,37,45,2,74" hai2="38,106,23,54,86,132,98,97,4,7,47,53,76" hai3="62,129,135,36,109,66,18,78,113,1,21,58,90"/><T40/><D68/><U3/><E74/><V33/><F33/><W6/><G109/><T26/><D105/><U94/><E111/><V114/><F114/><W107/><G113/><T67/><D67/><U123/><E123/><V73/><F73/><W134/><G107/><T100/><D117/><U115/><E115/><V118/><F118/><W125/><G36/><T72/><D72/><U69/><E14/><V133/><F38/><W31/><G78/><T112/><D112/><U48/><E48/><V17/><F76/><W28/><G6/><T82/><D82/><U110/><E110/><V128/><F128/><W41/><G1/><T5/><D100/><N who="1" m="60535" /><E3/><V131/><F131/><W25/><G129/><T130/><D130/><U75/><E75/><V101/><F97/><W104/><G41/><T126/><D126/><U35/><E35/><V55/><F86/><W71/><G104/><T70/><D70/><U95/><E95/><V15/><REACH who="2" step="1"/><F47/><REACH who="2" ten="312,240,230,208" step="2"/><W63/><G125/><T42/><D34/><U120/><E120/><V93/><F93/><W88/><G135/><AGARI ba="2,1" hai="4,7,15,17,23,53,54,55,98,101,106,132,133,135" machi="135" ten="40,5200,0" yaku="1,1,20,1,52,1,53,0" doraHai="96" doraHaiUra="59" who="2" fromWho="3" sc="312,0,240,0,230,68,208,-58" /><INIT seed="1,0,0,3,3,34" ten="312,240,298,150" oya="1" hai0="129,92,12,59,67,56,62,106,55,61,120,14,131" hai1="119,134,76,127,28,38,46,89,5,114,103,11,20" hai2="95,17,72,40,15,68,53,99,100,102,82,86,41" hai3="132,18,133,23,48,50,88,57,110,84,63,123,96"/><U80/><E114/><V93/><F68/><W33/><G123/><T8/><D106/><U71/><E119/><V35/><F35/><W52/><G110/><T25/><D120/><U22/><E71/><V21/><F72/><W54/><G33/><T31/><D92/><U16/><E28/><V24/><F15/><W32/><G32/><N who="0" m="20591" /><D8/><U107/><E134/><V65/><F65/><W116/><G116/><T37/><D37/><U122/><E122/><V124/><F124/><W128/><G128/><AGARI ba="0,0" hai="12,14,55,56,59,61,62,67,128,129,131" m="20591" machi="128" ten="30,1000,0" yaku="19,1" doraHai="34" who="0" fromWho="3" sc="312,10,240,0,298,0,150,-10" /><INIT seed="2,0,0,1,5,118" ten="322,240,298,140" oya="2" hai0="81,135,61,51,45,52,127,115,27,20,69,100,49" hai1="43,107,125,5,31,10,131,104,60,98,12,21,15" hai2="56,92,79,32,53,68,57,0,33,122,84,110,108" hai3="71,97,113,86,106,54,38,8,121,24,59,96,14"/><V16/><F68/><W123/><G71/><T99/><D115/><U19/><E43/><V1/><F79/><W63/><G38/><T64/><D127/><U88/><E125/><V75/><F75/><W41/><G113/><T23/><D135/><U111/><E111/><N who="2" m="42539" /><F84/><W76/><G41/><T47/><D81/><U126/><E126/><V90/><F90/><W95/><G106/><T2/><D2/><N who="2" m="1130" /><F92/><W58/><G24/><T134/><D134/><U119/><E119/><V48/><F122/><W25/><G25/><T7/><D27/><U117/><E117/><V18/><F57/><W133/><G133/><T65/><D7/><U73/><E73/><V102/><F102/><W30/><G30/><T11/><D65/><U132/><E31/><V85/><F85/><W6/><G97/><T62/><D62/><U13/><E132/><V9/><F9/><W83/><REACH who="3" step="1"/><G59/><REACH who="3" ten="322,240,298,130" step="2"/><T93/><D69/><U28/><E98/><V74/><F74/><W72/><G72/><T109/><D99/><U26/><E104/><V34/><AGARI ba="0,1" hai="16,18,32,33,34,48,53,56" m="1130,42539" machi="34" ten="40,7800,0" yaku="14,1,10,1,54,1" doraHai="118" who="2" fromWho="2" sc="322,-26,240,-26,298,88,130,-26" /><INIT seed="2,1,0,1,1,100" ten="296,214,386,104" oya="2" hai0="79,29,68,49,126,36,67,94,111,13,118,62,105" hai1="25,21,115,7,127,82,41,122,130,19,30,11,3" hai2="32,59,128,27,131,73,23,5,9,104,1,0,116" hai3="83,107,103,78,54,123,52,37,60,44,64,55,12"/><V17/><F104/><W24/><G123/><T120/><D120/><U57/><E122/><V61/><F73/><W129/><G129/><N who="2" m="49737" /><F61/><W86/><G24/><T72/><D36/><U22/><E130/><V117/><F59/><W93/><G37/><T15/><D118/><N who="2" m="45674" /><F32/><W48/><G12/><AGARI ba="1,0" hai="0,1,5,9,12,17,23,27" m="45674,49737" machi="12" ten="30,5800,0" yaku="19,1,34,2" doraHai="100" who="2" fromWho="3" sc="296,0,214,0,386,61,104,-61" /><INIT seed="2,2,0,0,0,119" ten="296,214,447,43" oya="2" hai0="7,134,4,123,38,60,110,135,93,76,42,14,88" hai1="86,90,82,35,89,63,24,71,96,57,11,30,3" hai2="102,6,62,133,97,126,36,100,105,34,131,48,70" hai3="77,120,129,91,22,81,58,107,13,75,53,47,115"/><V9/><F133/><N who="0" m="50698" /><D76/><U19/><E71/><V55/><F34/><W49/><G107/><T80/><D80/><U132/><E132/><V23/><F36/><W59/><G115/><T46/><D110/><U1/><E11/><V116/><F102/><W41/><G129/><T122/><D60/><U20/><E96/><V18/><F131/><W121/><G91/><T50/><D50/><U128/><E90/><V112/><F70/><W73/><G73/><T5/><D14/><U45/><E45/><V67/><F62/><W124/><G124/><T29/><D29/><U28/><E28/><V40/><F126/><W17/><REACH who="3" step="1"/><G59/><REACH who="3" ten="296,214,447,33" step="2"/><T74/><D74/><U61/><E128/><V12/><F112/><W25/><G25/><T37/><D37/><AGARI ba="2,1" hai="13,17,22,37,41,47,49,53,58,75,77,81,120,121" machi="37" ten="30,7700,0" yaku="1,1,7,1,52,2,53,0" doraHai="119" doraHaiUra="101" who="3" fromWho="0" sc="296,-83,214,0,447,0,33,93" /><INIT seed="3,0,0,1,2,21" ten="213,214,447,126" oya="3" hai0="71,72,98,66,111,84,80,63,121,97,88,89,53" hai1="82,109,59,10,73,78,92,13,101,95,132,51,130" hai2="3,55,61,110,40,20,58,45,68,65,105,134,87" hai3="135,70,44,81,29,9,12,60,128,86,38,28,16"/><W126/><G126/><T33/><D72/><U96/><E109/><V118/><F110/><W4/><G135/><T7/><D111/><U91/><E132/><V90/><F134/><W0/><G128/><T76/><D121/><U74/><E130/><V48/><F105/><W64/><G38/><T36/><D36/><U62/><E51/><V14/><F3/><W116/><G116/><T34/><D7/><U52/><E74/><V41/><F118/><W133/><G133/><T24/><D53/><U46/><E46/><V102/><F102/><W94/><G94/><T125/><D125/><U8/><E13/><V39/><F41/><W31/><G44/><T107/><D34/><U120/><E120/><V19/><F87/><AGARI ba="0,0" hai="8,10,52,59,62,73,78,82,87,91,92,95,96,101" machi="87" ten="30,2000,0" yaku="7,1,54,1" doraHai="21" who="1" fromWho="2" sc="213,0,214,20,447,-20,126,0" owari="213,-19.0,234,3.0,427,53.0,126,-37.0" /></mjloggm>