<mjloggm ver="2.3"><GO type="97" lobby="0"/><UN n0="%E3%83%8F%E3%82%B2%E5%B1%B1" n1="%E5%8F%A4%E6%98%8E%E6%B2%BB%E3%81%95%E3%81%A8%E3%82%8A" n2="%E3%82%A6%E3%83%AB%E3%83%88%E3%83%A9%E7%AB%8B%E7%9B%B4" n3="%40%74%6F%72%61" dan="14,13,15,15" rate="2051.93,1955.43,2012.22,2038.83" sx="M,F,M,M"/><TAIKYOKU oya="0"/><INIT seed="0,0,0,5,1,36" ten="250,250,250,250" oya="0" hai0="135,26,4,53,69,73,126,34,72,115,12,93,92" hai1="3,98,7,31,42,21,5,18,41,114,35,103,10" hai2="95,2,80,15,62,43,27,52,84,54,48,91,67" hai3="123,89,63,45,19,32,116,105,64,68,0,6,119"/><T86/><D115/><U25/><E114/><V97/><F2/><W111/><G105/><T108/><D69/><U106/><REACH who="1" step="1"/><E5/><REACH who="1" ten="250,240,250,250" step="2"/><V118/><F118/><W79/><G123/><T44/><D4/><U134/><E134/><V94/><F15/><AGARI ba="0,1" hai="3,7,10,15,18,21,25,31,35,41,42,98,103,106" machi="15" ten="30,12000,2" yaku="1,1,7,1,24,2,52,2,53,1" doraHai="36" doraHaiUra="100" who="1" fromWho="2" sc="250,0,240,130,250,-120,250,0" /><INIT seed="1,0,0,0,4,105" ten="250,370,130,250" oya="1" hai0="104,56,102,113,84,22,58,46,54,57,76,72,81" hai1="64,96,124,73,131,122,59,110,132,55,114,98,62" hai2="11,8,37,31,90,44,77,128,123,16,74,4,48" hai3="94,89,118,15,45,39,83,101,121,5,117,71,18"/><U6/><E114/><V53/><F123/><W91/><G71/><T35/><D35/><U134/><E122/><V108/><F128/><W33/><G5/><T133/><D113/><U66/><E131/><V78/><F108/><W129/><G33/><T67/><D133/><U25/><E110/><V40/><F31/><W41/><G129/><T10/><D67/><U14/><E124/><V3/><F90/><W99/><G121/><T13/><D22/><U88/><E73/><V82/><F77/><W23/><REACH who="3" step="1"/><G83/><REACH who="3" ten="250,370,130,240" step="2"/><T112/><D112/><U125/><E6/><V9/><REACH who="2" step="1"/><F16/><REACH who="2" ten="250,370,120,240" step="2"/><W29/><G29/><T7/><D7/><U24/><E132/><V69/><F69/><W36/><G36/><T111/><D111/><U103/><E134/><V12/><F12/><W38/><G38/><T79/><D13/><U95/><E14/><V126/><F126/><W26/><G26/><T87/><D81/><U27/><E125/><V34/><F34/><W20/><G20/><T65/><D10/><U68/><E68/><V50/><F50/><W52/><G52/><T70/><D54/><U85/><E24/><V80/><F80/><W47/><G47/><AGARI ba="0,2" hai="3,4,8,9,11,37,40,44,47,48,53,74,78,82" machi="47" ten="30,8000,1" yaku="1,1,7,1,25,2,52,1,53,0" doraHai="105" doraHaiUra="63" who="2" fromWho="3" sc="250,0,370,0,120,100,240,-80" /><INIT seed="2,0,0,5,3,122" ten="250,370,220,160" oya="2" hai0="94,113,53,70,101,37,121,47,81,110,97,19,91" hai1="22,57,48,85,105,5,31,114,10,115,58,28,23" hai2="16,59,34,90,120,125,26,55,51,21,77,11,98" hai3="4,73,38,20,130,87,69,84,67,118,126,116,75"/><V60/><F120/><W72/><G38/><T71/><D121/><U17/><E105/><V15/><F125/><W63/><G126/><T64/><D113/><U62/><E48/><V13/><F77/><W35/><G35/><T82/><D64/><U1/><E85/><V44/><F34/><W96/><G130/><T86/><D82/><U6/><E6/><V9/><F9/><W29/><G4/><T103/><D103/><U135/><E135/><V108/><F108/><W45/><G45/><T99/><D110/><U66/><E57/><V129/><F129/><W40/><G40/><T18/><D99/><U42/><E42/><V74/><F74/><W2/><G2/><T133/><D133/><U89/><E89/><V106/><F106/><W127/><G127/><T33/><D33/><U50/><E50/><V88/><F98/><W43/><G43/><T131/><D131/><U32/><E23/><V109/><F109/><W54/><G96/><T7/><D7/><U107/><E107/><V76/><F76/><W39/><G39/><T112/><D37/><U68/><E68/><V8/><F8/><W41/><G41/><T12/><D112/><U3/><E3/><V117/><F117/><N who="3" m="45163" /><G54/><T132/><D132/><U102/><E102/><V24/><F15/><W124/><G124/><T128/><D12/><N who="1" m="9511" /><E31/><N who="2" m="17807" /><F26/><AGARI ba="0,0" hai="1,5,10,26,28,32,58,62,66,114,115" m="9511" machi="26" ten="30,1000,0" yaku="24,1" doraHai="122" who="1" fromWho="2" sc="250,0,370,10,220,-10,160,0" /><INIT seed="3,0,0,4,3,120" ten="250,380,210,160" oya="3" hai0="20,135,55,67,70,92,75,93,34,90,118,21,132" hai1="123,79,98,7,76,23,63,68,102,133,111,3,17" hai2="119,122,81,54,96,36,45,28,124,106,60,18,42" hai3="13,91,1,95,24,74,114,56,77,38,11,89,44"/><W69/><G69/><T48/><D118/><U85/><E111/><V16/><F122/><W15/><G114/><T0/><D34/><U27/><E123/><V64/><F119/><W14/><G24/><T26/><D75/><U10/><E133/><N who="0" m="51273" /><D0/><U129/><E129/><V130/><F124/><W113/><G113/><T125/><D125/><U4/><E4/><V97/><F130/><W84/><G89/><T78/><D78/><U22/><E22/><N who="0" m="8809" /><D26/><U104/><E85/><V87/><F28/><W59/><G1/><T5/><D5/><U12/><E3/><V82/><F54/><W131/><G11/><T47/><D90/><U58/><E68/><V99/><F106/><W108/><G131/><T52/><D55/><AGARI ba="0,0" hai="7,10,12,17,23,27,55,58,63,76,79,98,102,104" machi="55" ten="30,1000,0" yaku="7,1" doraHai="120" who="1" fromWho="0" sc="250,-10,380,10,210,0,160,0" owari="240,4.0,390,49.0,210,-19.0,160,-34.0" /></mjloggm>