<mjloggm ver="2.3"><GO type="225" lobby="0"/><UN n0="%56%76%56%76%56" n1="%69%73%61%6B%75%79%61" n2="%E3%82%A6%E3%83%AB%E3%83%88%E3%83%A9%E7%AB%8B%E7%9B%B4" n3="%E4%BA%8C%E4%BB%A3%E7%9B%AE%E3%82%A2%E3%83%A1%E3%83%96%E3%83%A9" dan="16,17,16,16" rate="2039.51,2118.35,2003.82,2138.68" sx="M,M,M,M"/><TAIKYOKU oya="0"/><INIT seed="0,0,0,4,3,32" ten="250,250,250,250" oya="0" hai0="130,91,53,7,68,31,58,84,97,34,86,6,133" hai1="115,128,41,109,8,122,59,63,118,3,19,56,112" hai2="12,62,104,103,134,71,66,121,116,36,131,74,18" hai3="105,57,81,92,30,23,16,83,5,76,13,95,2"/><T15/><D68/><U90/><E122/><V40/><F121/><W101/><G105/><T120/><D120/><U9/><E118/><V60/><F74/><W28/><G2/><T45/><D45/><U73/><E73/><V52/><F131/><W61/><G5/><T132/><D130/><U88/><E41/><V127/><F103/><W129/><G129/><T54/><D97/><U44/><E44/><N who="2" m="23559" /><F104/><W42/><G42/><T93/><D54/><U37/><E37/><V51/><F12/><W35/><G35/><T43/><D43/><U38/><E38/><V87/><F18/><W102/><G102/><T46/><D46/><U50/><E128/><V22/><F22/><W85/><G81/><T20/><D86/><U0/><E19/><V114/><F87/><W113/><G113/><T64/><D64/><U94/><E50/><V1/><F1/><W80/><G80/><T100/><D100/><U111/><E63/><N who="2" m="40415" /><F114/><W67/><REACH who="3" step="1"/><G101/><REACH who="3" ten="250,250,250,240" step="2"/><T125/><D34/><U4/><E94/><AGARI ba="0,1" hai="13,16,23,28,30,57,61,67,76,83,85,92,94,95" machi="94" ten="40,8000,1" yaku="1,1,2,1,8,1,54,1,53,0" doraHai="32" doraHaiUra="65" who="3" fromWho="1" sc="250,0,250,-80,250,0,240,90" /><INIT seed="1,0,0,4,5,0" ten="250,170,250,330" oya="1" hai0="47,114,54,77,95,85,132,98,101,32,21,30,28" hai1="9,107,61,64,65,83,63,60,73,14,46,89,53" hai2="69,122,131,113,133,31,41,130,59,99,22,100,36" hai3="7,70,116,120,91,56,34,68,125,112,23,62,51"/><U102/><E107/><V124/><F69/><N who="3" m="26731" /><G23/><T43/><D32/><U38/><E102/><V78/><F78/><W57/><G91/><T29/><D114/><U79/><E89/><V71/><F71/><W86/><G86/><T15/><D54/><U33/><E33/><V74/><F74/><W121/><G7/><T82/><D132/><U135/><E135/><V42/><F59/><W2/><G2/><T10/><D21/><U117/><E117/><V128/><F42/><W27/><G27/><T12/><REACH who="0" step="1"/><D10/><REACH who="0" ten="240,170,250,330" step="2"/><U126/><E126/><V6/><F133/><W18/><G34/><T66/><D66/><U39/><E39/><AGARI ba="0,1" hai="12,15,28,29,30,39,43,47,77,82,85,95,98,101" machi="39" ten="40,2600,0" yaku="1,1,53,1" doraHai="0" doraHaiUra="76" who="0" fromWho="1" sc="240,36,170,-26,250,0,330,0" /><INIT seed="2,0,0,0,0,37" ten="276,144,250,330" oya="2" hai0="98,30,12,88,41,115,1,46,81,94,40,125,85" hai1="0,60,130,108,10,52,76,131,80,75,67,14,16" hai2="121,39,3,112,106,100,103,73,72,116,118,89,128" hai3="66,124,123,20,90,15,84,21,57,25,34,13,9"/><V104/><F39/><W53/><G123/><T133/><D1/><U77/><E108/><V48/><F48/><N who="3" m="30887" /><G34/><T38/><D115/><U109/><E109/><V134/><F3/><W2/><G2/><T49/><D133/><U28/><E76/><V51/><F51/><W68/><G68/><T26/><D12/><N who="3" m="4681" /><G124/><T4/><D4/><U36/><E0/><V17/><F17/><W114/><G114/><T59/><D125/><U6/><E6/><V27/><F27/><W23/><G66/><T54/><D40/><U132/><E28/><V135/><F112/><W8/><G25/><T110/><D110/><U95/><E132/><V56/><F56/><W71/><G71/><T70/><D70/><U18/><E18/><V101/><F89/><W61/><G61/><T82/><REACH who="0" step="1"/><D98/><REACH who="0" ten="266,144,250,330" step="2"/><U47/><E95/><AGARI ba="0,1" hai="8,9,20,21,23,84,90,95" m="4681,30887" machi="95" ten="30,1000,0" yaku="8,1" doraHai="37" who="3" fromWho="1" sc="266,0,144,-10,250,0,330,20" /><INIT seed="3,0,0,4,4,93" ten="266,134,250,350" oya="3" hai0="81,94,103,84,21,112,42,123,52,10,45,130,48" hai1="111,101,53,121,25,102,41,58,7,120,13,108,61" hai2="28,9,87,5,12,4,86,19,115,75,60,29,134" hai3="76,74,105,117,110,88,113,135,125,36,26,104,92"/><W91/><G36/><T71/><D71/><U34/><E41/><V131/><F75/><W23/><G117/><T33/><D33/><U2/><E121/><V55/><F115/><W14/><G113/><T6/><D123/><U65/><E120/><V54/><F131/><W44/><G44/><T17/><D130/><U15/><E65/><V85/><F134/><W90/><G135/><T89/><D112/><U57/><E57/><V78/><F78/><W80/><G125/><T107/><D107/><U119/><E119/><V30/><F60/><W100/><G14/><T22/><D42/><U79/><E79/><V56/><F56/><W114/><G114/><T77/><D103/><U47/><E47/><V27/><F27/><W133/><G133/><T132/><D17/><U31/><E13/><V118/><F118/><W96/><REACH who="3" step="1"/><G110/><REACH who="3" ten="266,134,250,340" step="2"/><T3/><REACH who="0" step="1"/><D132/><REACH who="0" ten="256,134,250,340" step="2"/><U116/><E116/><V97/><F5/><W106/><G106/><T37/><D37/><U49/><E49/><V66/><F4/><W72/><G72/><AGARI ba="0,2" hai="3,6,10,21,22,45,48,52,72,77,81,84,89,94" machi="72" ten="30,7700,0" yaku="1,1,7,1,54,1,53,1" doraHai="93" doraHaiUra="32" who="0" fromWho="3" sc="256,97,134,0,250,0,340,-77" owari="353,46.0,134,-37.0,250,-15.0,263,6.0" /></mjloggm>