<mjloggm ver="2.3"><GO type="97" lobby="0"/><UN n0="%E3%82%B9%E3%82%A4%E3%83%88" n1="%E3%82%BF%E3%82%B1%E3%82%AA" n2="%E3%82%A6%E3%83%AB%E3%83%88%E3%83%A9%E7%AB%8B%E7%9B%B4" n3="%E5%AE%AE%E6%B0%B8%E5%92%B2%2E%2E%2E%2E" dan="13,14,15,14" rate="1936.46,1926.86,2001.47,1948.77" sx="F,M,M,M"/><TAIKYOKU oya="0"/><INIT seed="0,0,0,5,3,98" ten="250,250,250,250" oya="0" hai0="8,110,114,36,104,116,120,86,27,91,3,13,14" hai1="76,75,79,95,126,26,28,107,123,111,132,65,102" hai2="16,108,80,85,81,11,70,133,113,22,44,97,59" hai3="55,88,40,103,12,127,67,1,31,60,53,101,77"/><T50/><D120/><U93/><E75/><V29/><F70/><W72/><G1/><T17/><D116/><U23/><E107/><V100/><F108/><W61/><G127/><T66/><D114/><U15/><E126/><V2/><F133/><W115/><G115/><T106/><D36/><U48/><E111/><V73/><F113/><W4/><G72/><T57/><D3/><U62/><E123/><V71/><F71/><W94/><G77/><T96/><D110/><U0/><E0/><V58/><F73/><W121/><G40/><T122/><D122/><U5/><E93/><N who="2" m="58415" /><F2/><W109/><G31/><T124/><D27/><U18/><E5/><V34/><F34/><W39/><G39/><T74/><D74/><U63/><E48/><V78/><F81/><W49/><G109/><T131/><D124/><U45/><E45/><V128/><F128/><W56/><G121/><T38/><D38/><U6/><E6/><V87/><F87/><N who="3" m="52511" /><G55/><N who="0" m="31991" /><D96/><N who="1" m="59679" /><E132/><V129/><F129/><W25/><G25/><T69/><D131/><U43/><E43/><V92/><F29/><W30/><G30/><T83/><D106/><U41/><E41/><V21/><F92/><W112/><G112/><T7/><D104/><U33/><E65/><V64/><F64/><W46/><G61/><N who="1" m="23050" /><E33/><V118/><F118/><W130/><G130/><T99/><D66/><U54/><E54/><V19/><F44/><W68/><G68/><T89/><D69/><U125/><E125/><V37/><F37/><W35/><G35/><T51/><D99/><U20/><AGARI ba="0,0" hai="15,18,20,23,26,28,76,79" m="23050,59679" machi="20" ten="30,2000,0" yaku="8,1,52,1" doraHai="98" who="1" fromWho="1" sc="250,-10,250,20,250,-5,250,-5" /><INIT seed="1,0,0,4,0,61" ten="240,270,245,245" oya="1" hai0="18,8,127,4,86,37,47,30,130,19,110,46,83" hai1="108,111,63,57,41,59,40,2,121,131,71,0,36" hai2="6,64,123,85,14,76,20,32,67,133,62,60,58" hai3="94,73,116,97,5,29,96,21,68,51,22,66,78"/><U117/><E117/><V24/><F133/><W82/><G116/><T120/><D110/><N who="1" m="42027" /><E121/><V95/><F123/><W3/><G3/><N who="1" m="1066" /><E36/><V31/><F32/><W103/><G5/><T124/><D120/><U28/><E28/><V34/><F34/><W74/><G74/><T35/><D130/><U125/><E125/><N who="0" m="48201" /><D30/><U56/><E131/><V129/><F129/><W7/><G7/><T100/><D100/><U27/><E27/><V102/><F14/><W26/><G97/><T1/><D35/><U72/><E72/><V48/><F6/><W104/><G51/><T49/><D37/><U114/><E114/><V101/><F48/><W81/><G81/><T39/><D39/><U79/><E79/><V15/><F15/><W135/><G135/><T12/><D1/><U132/><E132/><V42/><F76/><W54/><G54/><N who="0" m="30007" /><D47/><U128/><E128/><V16/><F31/><W105/><REACH who="3" step="1"/><G21/><REACH who="3" ten="240,270,245,235" step="2"/><T65/><D4/><U90/><E90/><N who="2" m="53711" /><F42/><N who="1" m="16489" /><E71/><V99/><F99/><W44/><G44/><T92/><D19/><U88/><E88/><V134/><F134/><W23/><G23/><T119/><D18/><U10/><E10/><V93/><F93/><W70/><G70/><T115/><D92/><U77/><E77/><V33/><F33/><W80/><G80/><T75/><D119/><U11/><E11/><V89/><F89/><W91/><G91/><T43/><D83/><U17/><E17/><V9/><F9/><W118/><G118/><T98/><D75/><U113/><E113/><V106/><F106/><W122/><G122/><T50/><D115/><U55/><AGARI ba="0,1" hai="55,56,57,59,63" m="16489,1066,42027" machi="55" ten="40,7800,0" yaku="5,1,14,1,10,1" doraHai="61" who="1" fromWho="1" sc="240,-26,270,88,245,-26,235,-26" /><INIT seed="1,1,0,5,3,90" ten="214,358,219,209" oya="1" hai0="85,49,77,37,78,97,25,62,10,119,12,122,3" hai1="118,80,71,6,45,72,81,101,66,63,51,125,86" hai2="82,13,53,1,98,4,102,11,39,35,8,48,9" hai3="104,41,61,93,113,79,43,38,36,54,115,40,7"/><U44/><E72/><V33/><F39/><W120/><G104/><T0/><D119/><U55/><E125/><V133/><F82/><W21/><G120/><T103/><D37/><U67/><E67/><V69/><F69/><W58/><G38/><T18/><D122/><U20/><E6/><V15/><F133/><W124/><G36/><T99/><D62/><U73/><E73/><V114/><F114/><W60/><G124/><T91/><D25/><U123/><E101/><V105/><F9/><W94/><G7/><T19/><D19/><U70/><E70/><V57/><F1/><W83/><G61/><T84/><D49/><U95/><E118/><V22/><F22/><W56/><G56/><T16/><D18/><AGARI ba="1,0" hai="4,8,11,13,15,18,33,35,48,53,57,98,102,105" machi="18" ten="30,1000,0" yaku="7,1" doraHai="90" who="2" fromWho="0" sc="214,-13,358,0,219,13,209,0" /><INIT seed="2,0,0,4,1,33" ten="201,358,232,209" oya="2" hai0="92,57,23,55,128,59,47,121,2,41,30,45,61" hai1="65,20,120,112,32,106,14,84,75,16,73,12,68" hai2="114,0,22,7,85,134,103,115,43,38,91,83,69" hai3="29,51,111,40,135,82,129,122,77,99,36,131,118"/><V132/><F69/><W96/><G36/><T80/><D121/><U5/><E32/><V1/><F103/><W53/><G40/><T95/><D128/><N who="3" m="49225" /><G122/><T116/><D116/><U70/><E106/><V27/><F43/><W108/><G29/><T71/><D80/><U15/><E70/><V119/><F7/><W49/><G118/><T93/><D71/><U89/><E75/><V6/><F6/><W125/><G51/><T66/><D41/><U133/><E73/><V90/><F38/><W78/><G53/><T58/><D58/><U86/><E68/><V8/><F8/><W124/><G49/><T25/><REACH who="0" step="1"/><D2/><REACH who="0" ten="191,358,232,209" step="2"/><U4/><E120/><V130/><F130/><W117/><G117/><T109/><D109/><N who="3" m="42057" /><G135/><N who="2" m="51753" /><F119/><W37/><G37/><T24/><D24/><U60/><E133/><V44/><F44/><W127/><G82/><T94/><N who="0" m="23552" /><DORA hai="52" /><T105/><D105/><U64/><E14/><V19/><F91/><W35/><G35/><T79/><D79/><AGARI ba="0,1" hai="77,78,79,96,99,124,125,127" m="42057,49225" machi="79" ten="40,12000,2" yaku="28,2,18,1,19,1,14,1,34,2" doraHai="33,52" who="3" fromWho="0" sc="191,-120,358,0,232,0,209,130" /><INIT seed="3,0,0,2,4,106" ten="71,358,232,339" oya="3" hai0="118,17,47,51,114,122,92,45,19,84,1,76,77" hai1="120,59,5,43,133,7,68,90,107,72,23,32,56" hai2="22,80,60,123,52,117,26,85,38,13,48,27,129" hai3="116,86,0,110,71,115,62,49,94,2,44,78,112"/><W95/><G116/><T124/><D118/><U54/><E32/><V3/><F3/><W87/><G71/><T55/><D122/><U4/><E68/><V6/><F38/><W66/><G49/><T61/><D1/><N who="3" m="617" /><G44/><T36/><D36/><U37/><E107/><V130/><F123/><W81/><G62/><T73/><D114/><N who="3" m="43561" /><G66/><T20/><D61/><U128/><E72/><V89/><F117/><W83/><G78/><T39/><D39/><U111/><E37/><V46/><F60/><W64/><G64/><T12/><D124/><U57/><E111/><V121/><F121/><W135/><G135/><T8/><D47/><U109/><E120/><V100/><F100/><W127/><G127/><T16/><D19/><U98/><E43/><V113/><F113/><W50/><G50/><T53/><D53/><U70/><E70/><V67/><F67/><W15/><G15/><T9/><D9/><U102/><E109/><V33/><F33/><W24/><G24/><T125/><D125/><U74/><E74/><V10/><REACH who="2" step="1"/><F22/><REACH who="2" ten="71,358,222,339" step="2"/><W29/><G110/><T91/><REACH who="0" step="1"/><D73/><REACH who="0" ten="61,358,222,339" step="2"/><U101/><E133/><V14/><F14/><AGARI ba="0,2" hai="8,12,14,16,17,20,45,51,55,76,77,84,91,92" machi="14" ten="30,12000,2" yaku="1,1,2,1,7,1,8,1,54,1,53,1" doraHai="106" doraHaiUra="18" who="0" fromWho="2" sc="61,140,358,0,222,-120,339,0" owari="201,-20.0,358,46.0,102,-40.0,339,14.0" /></mjloggm>