<mjloggm ver="2.3"><GO type="97" lobby="0"/><UN n0="%E3%81%82%E3%82%8B%E3%81%A1%E3%82%83%E3%82%93" n1="%E3%82%A6%E3%83%AB%E3%83%88%E3%83%A9%E7%AB%8B%E7%9B%B4" n2="%6C%69%6B%65%61%78%65" n3="%E3%81%B1%E3%82%93%E3%81%AB%E3%82%83" dan="14,15,14,13" rate="1921.33,1982.00,1933.20,1807.29" sx="M,M,M,M"/><TAIKYOKU oya="0"/><INIT seed="0,0,0,1,0,134" ten="250,250,250,250" oya="0" hai0="127,93,84,47,32,26,29,126,122,12,61,112,62" hai1="15,35,73,74,106,50,133,38,27,114,116,44,98" hai2="54,36,13,85,69,20,34,5,81,67,115,72,101" hai3="113,59,64,91,6,78,111,58,11,99,41,53,16"/><T82/><D122/><U22/><E116/><V119/><F115/><W75/><G113/><T0/><D0/><U110/><E114/><V129/><F36/><W18/><G41/><T66/><D112/><U39/><E133/><V7/><F72/><W3/><G75/><T21/><D47/><U92/><E110/><V118/><F34/><W100/><G111/><T124/><D93/><U77/><E106/><V56/><F129/><W55/><G78/><N who="0" m="46167" /><D66/><U17/><E74/><V43/><F43/><W108/><G91/><T109/><D109/><U71/><E71/><V45/><F101/><W30/><G30/><T65/><D65/><U103/><E73/><V1/><F1/><W37/><G37/><T130/><D130/><U48/><E77/><V128/><F128/><W121/><G64/><T79/><D79/><U87/><E39/><V83/><F67/><W86/><G121/><T14/><D32/><U132/><E132/><V19/><F69/><W2/><G86/><T80/><D80/><U94/><E38/><V60/><F83/><W96/><G2/><T88/><D88/><N who="1" m="53279" /><E35/><V63/><F119/><W70/><G70/><T90/><D90/><U135/><E135/><V120/><F118/><W123/><G123/><T89/><D89/><U52/><E44/><V31/><F45/><W23/><G108/><T4/><D4/><U8/><E52/><V10/><F120/><W117/><G55/><T131/><D131/><U68/><E68/><V42/><F42/><W95/><G53/><T28/><D28/><AGARI ba="0,0" hai="8,15,17,22,27,28,48,50,94,98,103" m="53279" machi="28" ten="30,2000,0" yaku="8,1,54,1" doraHai="134" who="1" fromWho="0" sc="250,-20,250,20,250,0,250,0" /><INIT seed="1,0,0,2,2,82" ten="230,270,250,250" oya="1" hai0="34,59,102,37,126,119,67,12,117,60,35,2,29" hai1="107,39,56,38,28,36,125,62,30,92,63,58,3" hai2="83,122,9,23,97,17,132,91,104,121,1,115,18" hai3="75,80,21,22,100,46,25,0,52,31,27,42,10"/><U129/><E107/><V101/><F115/><W13/><G100/><T85/><D2/><U57/><E3/><V127/><F127/><W95/><G0/><T44/><D126/><U6/><E125/><V66/><F66/><W49/><G95/><T106/><D12/><U54/><E6/><V8/><F132/><W74/><G42/><T96/><D35/><U123/><E92/><V103/><F1/><W131/><G80/><T87/><D34/><U19/><E19/><V51/><F51/><W48/><G49/><T116/><REACH who="0" step="1"/><D29/><REACH who="0" ten="220,270,250,250" step="2"/><U24/><E30/><V130/><F130/><W114/><G131/><T90/><D90/><U120/><E129/><V93/><F104/><W72/><G114/><T14/><D14/><U7/><E28/><V134/><F134/><W111/><G111/><T105/><D105/><U71/><E7/><V69/><F91/><W99/><G31/><T81/><D81/><U124/><E124/><V4/><F83/><W78/><G27/><T110/><D110/><U41/><E24/><V135/><F135/><W76/><G25/><T113/><D113/><U26/><E26/><V89/><F89/><W128/><G128/><T109/><D109/><U32/><E32/><V65/><F4/><W88/><G88/><T47/><D47/><U61/><E120/><V86/><F8/><W133/><G10/><T64/><D64/><U40/><E123/><V43/><F65/><W73/><G13/><T15/><D15/><U50/><E71/><V70/><F121/><W11/><G11/><T45/><D45/><AGARI ba="0,1" hai="36,38,39,40,41,45,50,54,56,57,58,61,62,63" machi="45" ten="50,24000,3" yaku="29,2,35,6" doraHai="82" who="1" fromWho="0" sc="220,-240,270,250,250,0,250,0" owari="-20,-52.0,520,62.0,250,5.0,250,-15.0" /></mjloggm>