<mjloggm ver="2.3"><GO type="97" lobby="0"/><UN n0="%E9%B0%BB%E5%B1%8B%E7%AB%9C%E7%8E%8B" n1="%E7%96%BE%E9%A2%A8%E7%9F%A5%E5%8B%81%E8%8D%89" n2="%E3%82%A6%E3%83%AB%E3%83%88%E3%83%A9%E7%AB%8B%E7%9B%B4" n3="%E3%80%93%53%48%45%56%E3%80%93" dan="14,15,15,14" rate="2003.78,2019.19,1985.71,1962.31" sx="M,F,M,M"/><TAIKYOKU oya="0"/><INIT seed="0,0,0,1,1,116" ten="250,250,250,250" oya="0" hai0="39,55,80,123,83,102,59,9,107,32,124,30,133" hai1="1,56,34,118,94,78,60,12,54,122,110,112,106" hai2="21,81,28,14,93,135,61,42,40,64,31,49,111" hai3="3,86,8,7,29,46,84,95,96,27,50,127,24"/><T108/><D123/><U89/><E118/><V47/><F135/><W69/><G69/><T87/><D124/><U66/><E1/><V126/><F111/><W91/><G127/><T67/><D133/><U120/><E106/><V41/><F126/><W10/><G10/><T22/><D39/><U103/><E34/><V44/><F81/><W53/><REACH who="3" step="1"/><G24/><REACH who="3" ten="250,250,250,240" step="2"/><T20/><D9/><U26/><E110/><V5/><F31/><W131/><G131/><T13/><D30/><U71/><E26/><V92/><F28/><W35/><AGARI ba="0,1" hai="3,7,8,27,29,35,46,50,53,84,86,91,95,96" machi="35" ten="20,5200,0" yaku="1,1,0,1,7,1,53,1" doraHai="116" doraHaiUra="90" who="3" fromWho="3" sc="250,-26,250,-13,250,-13,240,62" /><INIT seed="1,0,0,5,1,106" ten="224,237,237,302" oya="1" hai0="54,18,111,36,55,42,64,60,103,95,110,31,135" hai1="25,34,131,38,9,123,83,108,107,57,11,63,82" hai2="16,23,5,58,44,4,62,104,19,116,80,43,50" hai3="134,130,15,94,21,78,8,49,68,66,37,79,14"/><U88/><E123/><V46/><F104/><W47/><G37/><T28/><D135/><U52/><E107/><V90/><F116/><W96/><G134/><T133/><D133/><U105/><E105/><V126/><F126/><W91/><G130/><T17/><D42/><U61/><E38/><V0/><F0/><W27/><G68/><T30/><D36/><U48/><E131/><V113/><F113/><W128/><G66/><T53/><D95/><U35/><E108/><N who="0" m="41513" /><D103/><U76/><E35/><V87/><F46/><W22/><G128/><T109/><N who="0" m="41521" /><T100/><DORA hai="1" /><D100/><U77/><E34/><V71/><F71/><AGARI ba="0,0" hai="17,18,28,30,31,53,54,55,60,64,71" m="41521" machi="71" ten="50,1600,0" yaku="14,1" doraHai="106,1" who="0" fromWho="2" sc="224,16,237,0,237,-16,302,0" /><INIT seed="2,0,0,0,3,107" ten="240,237,221,302" oya="2" hai0="111,39,89,34,126,1,46,8,73,70,122,10,36" hai1="82,38,124,60,92,21,9,119,101,7,109,62,132" hai2="27,53,56,3,123,127,63,59,55,2,57,12,121" hai3="83,133,112,20,15,49,84,40,116,77,61,98,102"/><V16/><F59/><W90/><G116/><T26/><D111/><U0/><E119/><V91/><F27/><W69/><G112/><T33/><D126/><U115/><E115/><V99/><F127/><W17/><G133/><T114/><D122/><U79/><E124/><V103/><F91/><W134/><G134/><T76/><D70/><U125/><E125/><V41/><F41/><W25/><G69/><T71/><D71/><U95/><E132/><V87/><F87/><W106/><G61/><T130/><D130/><U81/><E109/><V75/><F75/><W120/><G120/><T66/><D66/><U54/><E38/><V52/><F55/><W67/><G67/><T80/><D114/><U110/><E110/><V29/><F29/><W100/><G100/><T47/><D26/><U31/><E82/><V48/><F123/><W93/><G40/><T118/><D118/><U51/><E31/><V86/><F86/><W28/><G49/><T78/><D1/><U19/><E101/><V30/><F30/><W24/><G28/><T4/><D4/><U108/><E108/><V65/><F65/><W13/><REACH who="3" step="1"/><G25/><REACH who="3" ten="240,237,221,292" step="2"/><T96/><D39/><U18/><E62/><V32/><F121/><W5/><G5/><T22/><D36/><U97/><E60/><V129/><F129/><W6/><G6/><T117/><D117/><U113/><E113/><V74/><F63/><W105/><G105/><T11/><D47/><U37/><E37/><V104/><F104/><W131/><G131/><T64/><D46/><U128/><E128/><V44/><F44/><W43/><G43/><RYUUKYOKU ba="0,1" sc="240,-10,237,-10,221,-10,292,30" hai3="13,15,17,20,24,77,83,84,90,93,98,102,106" /><INIT seed="3,1,1,2,4,48" ten="230,227,211,322" oya="3" hai0="83,56,51,97,64,3,93,63,133,86,127,52,71" hai1="30,20,70,6,4,129,120,73,45,109,99,91,113" hai2="0,126,47,115,27,132,60,24,15,36,68,116,103" hai3="114,104,49,77,5,44,50,82,8,42,105,38,123"/><W54/><G123/><T59/><D3/><U89/><E120/><V28/><F116/><W22/><G22/><T61/><D127/><U119/><E113/><V110/><F115/><W34/><G34/><T10/><D133/><U13/><E70/><V134/><F0/><W85/><G114/><T58/><D10/><N who="1" m="4295" /><E73/><V65/><F126/><W130/><G130/><T23/><D23/><U80/><E129/><V35/><F110/><W121/><G121/><T62/><D71/><U98/><E109/><V112/><F112/><W26/><G26/><T107/><D107/><U69/><E69/><V94/><F15/><N who="3" m="5519" /><G38/><T90/><REACH who="0" step="1"/><D64/><REACH who="0" ten="220,227,211,322" step="2"/><U25/><E119/><V106/><F27/><W135/><G135/><N who="2" m="51753" /><F106/><W53/><G105/><T76/><AGARI ba="1,2" hai="51,52,56,58,59,61,62,63,76,83,86,90,93,97" machi="76" ten="30,8000,1" yaku="1,1,0,1,8,1,52,1,54,1,53,0" doraHai="48" doraHaiUra="43" who="0" fromWho="0" sc="220,103,227,-21,211,-21,322,-41" owari="323,42.0,206,-19.0,190,-31.0,281,8.0" /></mjloggm>