<mjloggm ver="2.3"><GO type="97" lobby="0"/><UN n0="%73%79%6E%61%70%73%65" n1="%E8%8B%A5%E6%A7%BB%E5%8D%83%E5%A4%8F" n2="%E3%82%A6%E3%83%AB%E3%83%88%E3%83%A9%E7%AB%8B%E7%9B%B4" n3="%58%69" dan="14,15,15,14" rate="1843.98,1944.39,1951.85,1979.85" sx="M,M,M,M"/><TAIKYOKU oya="0"/><INIT seed="0,0,0,2,0,55" ten="250,250,250,250" oya="0" hai0="117,16,73,52,97,68,66,35,50,90,91,44,18" hai1="65,109,67,94,108,38,110,75,80,1,101,99,23" hai2="12,0,131,69,15,27,88,33,87,135,79,102,113" hai3="51,37,129,85,21,64,112,106,20,59,114,95,128"/><T34/><D117/><U74/><E38/><V26/><F0/><W83/><G37/><T133/><D73/><N who="1" m="27659" /><E1/><V3/><F3/><W81/><G106/><T70/><D66/><U53/><E80/><V84/><F69/><W39/><G39/><T32/><D133/><U46/><E23/><N who="3" m="8778" /><G95/><T56/><D91/><U54/><E53/><V19/><F33/><W49/><G49/><AGARI ba="0,0" hai="46,49,54,65,67,94,99,101,108,109,110" m="27659" machi="49" ten="40,1300,0" yaku="14,1" doraHai="55" who="1" fromWho="3" sc="250,0,250,13,250,0,250,-13" /><INIT seed="1,0,0,3,1,111" ten="250,263,250,237" oya="1" hai0="107,29,12,115,0,21,38,48,127,105,56,4,65" hai1="17,28,20,2,83,117,106,123,33,122,44,16,100" hai2="133,5,93,7,25,131,54,15,113,35,9,67,24" hai3="81,19,14,70,27,43,53,88,60,6,3,134,52"/><U61/><E117/><V36/><F36/><W89/><G3/><T13/><D38/><U91/><E2/><V76/><F67/><W125/><G43/><T40/><D0/><U69/><E17/><V41/><F41/><W45/><G70/><T112/><D65/><N who="1" m="41135" /><E44/><V87/><F54/><W30/><G6/><T18/><D29/><U82/><E82/><V66/><F66/><W90/><G125/><T86/><D127/><U75/><E91/><V58/><F58/><N who="3" m="34887" /><G134/><T101/><D86/><U116/><E83/><V64/><F64/><W31/><G27/><T37/><D37/><U85/><E85/><V39/><F39/><W8/><G81/><T109/><D109/><U71/><E75/><V68/><F68/><W114/><G114/><T92/><D107/><U84/><E84/><V62/><F25/><W98/><G98/><T97/><D105/><U99/><E71/><V121/><F24/><W50/><AGARI ba="0,0" hai="8,14,19,30,31,45,50,53,88,89,90" m="34887" machi="50" ten="30,4000,0" yaku="8,1,54,2" doraHai="111" who="3" fromWho="3" sc="250,-10,263,-20,250,-10,237,40" /><INIT seed="2,0,0,0,1,1" ten="240,243,240,277" oya="2" hai0="132,116,62,130,33,39,82,53,38,92,84,69,110" hai1="98,5,115,111,8,81,19,74,22,54,48,15,47" hai2="42,41,25,85,97,67,87,83,106,10,9,102,129" hai3="80,112,70,45,14,65,28,104,17,18,101,64,6"/><V58/><F129/><W30/><G70/><T122/><D33/><U43/><E115/><V75/><F75/><W46/><G104/><T60/><D122/><U91/><E111/><V57/><F25/><W113/><G101/><T32/><D32/><U4/><E74/><V124/><F124/><W127/><G80/><T105/><D105/><U36/><E22/><V23/><F23/><W77/><G77/><T55/><D92/><U35/><E35/><V86/><F83/><W121/><G127/><T37/><D82/><U71/><E71/><V12/><F9/><N who="3" m="4407" /><G121/><T49/><D84/><U13/><E13/><V79/><F79/><W2/><G2/><T94/><D94/><U118/><E118/><V125/><F125/><W66/><G112/><T29/><D29/><N who="3" m="11369" /><G113/><T20/><D110/><U107/><E107/><V117/><F117/><W126/><G126/><T68/><D20/><U51/><E36/><V44/><F67/><W72/><G72/><T131/><D116/><U52/><E43/><V63/><F42/><W123/><G123/><T34/><D34/><U0/><E0/><V76/><F76/><W27/><G27/><T11/><D37/><U128/><E128/><V135/><F135/><W24/><G24/><T26/><D26/><U134/><E134/><V31/><F31/><W108/><G108/><T100/><D132/><U7/><E19/><AGARI ba="0,0" hai="17,18,19,45,46,64,65,66" m="11369,4407" machi="19" ten="30,2000,0" yaku="8,1,52,1" doraHai="1" who="3" fromWho="1" sc="240,0,243,-20,240,0,277,20" /><INIT seed="3,0,0,4,5,124" ten="240,223,240,297" oya="3" hai0="40,117,39,34,94,38,35,22,88,25,18,50,15" hai1="53,63,57,1,66,43,108,101,32,27,131,65,51" hai2="2,130,58,73,31,83,56,19,21,91,54,114,61" hai3="12,41,109,122,134,120,48,33,118,133,80,82,26"/><W119/><G109/><T16/><D117/><N who="3" m="44553" /><G12/><T98/><D35/><U11/><E108/><V20/><F2/><W92/><G92/><T77/><D77/><U14/><E1/><V95/><F114/><W47/><G80/><T37/><D34/><U71/><E66/><V28/><F83/><W52/><G82/><T46/><REACH who="0" step="1"/><D38/><REACH who="0" ten="230,223,240,297" step="2"/><U76/><E76/><V62/><F73/><W104/><G33/><T86/><D86/><U105/><E32/><V125/><F125/><W72/><G72/><T103/><D103/><U112/><E112/><V100/><F100/><W55/><G104/><T115/><D115/><U64/><E101/><V5/><F91/><W90/><G90/><T81/><D81/><U102/><E102/><V99/><F95/><W49/><G120/><T113/><D113/><U30/><E105/><V89/><F89/><W96/><G96/><T67/><D67/><U74/><E65/><V107/><F99/><W13/><G122/><T45/><D45/><U93/><E74/><V0/><F107/><W36/><G36/><T23/><AGARI ba="0,1" hai="15,16,18,22,23,25,37,39,40,46,50,88,94,98" machi="23" ten="20,12000,2" yaku="1,1,0,1,7,1,54,2,53,2" doraHai="124" doraHaiUra="69" who="0" fromWho="0" sc="230,130,223,-30,240,-30,297,-60" owari="360,46.0,193,-31.0,210,-19.0,237,4.0" /></mjloggm>