<mjloggm ver="2.3"><GO type="97" lobby="0"/><UN n0="%52%41%44%49%41%4E%43%45" n1="%E5%A4%B1%E6%95%97%E2%98%86" n2="%E7%86%8A%E4%BA%95%E3%81%A1%E3%82%83%E3%82%93" n3="%E3%82%A6%E3%83%AB%E3%83%88%E3%83%A9%E7%AB%8B%E7%9B%B4" dan="15,14,14,15" rate="2002.75,1929.17,1966.43,1946.76" sx="M,M,F,M"/><TAIKYOKU oya="0"/><INIT seed="0,0,0,5,4,92" ten="250,250,250,250" oya="0" hai0="14,33,65,23,2,43,71,96,68,6,103,50,10" hai1="24,34,123,133,64,39,91,130,44,80,15,132,18" hai2="117,129,42,51,134,12,121,9,120,37,25,125,113" hai3="116,126,41,83,74,81,26,85,61,36,48,20,124"/><T16/><D65/><U101/><E123/><V93/><F37/><W98/><G36/><T13/><D14/><U7/><E7/><V86/><F51/><W114/><G61/><T29/><D43/><U35/><E130/><V62/><F42/><W11/><G11/><T40/><D40/><N who="1" m="22559" /><E64/><V70/><F62/><W128/><G74/><T57/><D50/><U79/><E24/><V38/><F70/><W106/><G128/><T53/><D53/><U102/><E91/><V76/><F38/><W108/><G83/><T119/><D57/><U89/><E89/><V88/><F25/><W32/><G32/><T4/><D4/><U58/><E58/><V67/><F67/><W115/><G116/><T100/><D103/><N who="1" m="39435" /><E80/><V3/><F117/><W105/><G81/><T94/><REACH who="0" step="1"/><D119/><REACH who="0" ten="240,250,250,250" step="2"/><U21/><E79/><V111/><F3/><W87/><G48/><T5/><D5/><U59/><E59/><V110/><F110/><W66/><G108/><T56/><D56/><U30/><E35/><V28/><F111/><W52/><G66/><T75/><D75/><U27/><E34/><V131/><F120/><W107/><G41/><T54/><D54/><U99/><E15/><V78/><F121/><W73/><G73/><T1/><D1/><U22/><E18/><V46/><F12/><W90/><G52/><T82/><D82/><U31/><E30/><V47/><F28/><W49/><G49/><T72/><D72/><U127/><E31/><V122/><F122/><W8/><G26/><AGARI ba="0,1" hai="2,6,10,13,16,23,26,29,33,68,71,94,96,100" machi="26" ten="40,12000,1" yaku="1,1,24,2,52,1,54,1,53,0" doraHai="92" doraHaiUra="55" who="0" fromWho="3" sc="240,130,250,0,250,0,250,-120" /><INIT seed="0,1,0,3,0,87" ten="370,250,250,130" oya="0" hai0="116,29,121,50,38,101,13,104,63,48,22,98,36" hai1="52,20,8,72,125,43,110,78,17,105,34,130,30" hai2="74,123,46,44,131,23,66,59,12,83,11,89,5" hai3="0,108,132,3,135,10,122,91,84,124,96,39,119"/><T120/><D116/><U64/><E130/><V42/><F123/><W99/><G39/><T24/><D38/><U68/><E110/><V112/><F74/><W109/><G119/><T97/><D36/><U71/><E125/><V57/><F112/><W25/><G25/><T55/><D98/><N who="3" m="37417" /><G124/><T19/><D63/><U111/><E111/><N who="3" m="42570" /><G122/><T16/><D19/><U62/><E105/><V49/><F131/><W41/><G41/><T106/><D106/><U85/><E72/><V45/><F23/><W75/><G75/><T93/><D104/><U79/><E43/><V129/><F129/><W32/><G32/><T6/><D6/><U100/><E100/><V2/><F2/><N who="3" m="555" /><G10/><T1/><D1/><U51/><E8/><V21/><F21/><W86/><G84/><T70/><D70/><U90/><E71/><V73/><F73/><W133/><G86/><T18/><D18/><U95/><E30/><V77/><F77/><W53/><G53/><T94/><D94/><U37/><E37/><V114/><F114/><W33/><G33/><T54/><D121/><U115/><E34/><V65/><F65/><W31/><G31/><T28/><D120/><U80/><E80/><V126/><F126/><W47/><G47/><N who="0" m="27935" /><D24/><U26/><E115/><V69/><F66/><W113/><G113/><T81/><D81/><U118/><E118/><V9/><F83/><W56/><G56/><AGARI ba="1,0" hai="13,16,22,28,29,50,55,56,93,97,101" m="27935" machi="56" ten="30,2900,0" yaku="8,1,54,1" doraHai="87" who="0" fromWho="3" sc="370,32,250,0,250,0,130,-32" /><AGARI ba="1,0" hai="17,20,26,51,52,56,62,64,68,78,79,85,90,95" machi="56" ten="30,3900,0" yaku="7,1,52,1,54,1" doraHai="87" who="1" fromWho="3" sc="402,0,250,39,250,0,98,-39" /><INIT seed="0,2,0,3,3,128" ten="402,289,250,59" oya="0" hai0="100,97,38,88,91,102,41,5,135,104,112,7,28" hai1="94,31,64,0,80,111,105,56,129,101,54,109,2" hai2="32,92,121,3,29,45,63,67,49,75,114,89,21" hai3="130,33,23,9,125,36,26,134,74,118,13,62,90"/><T70/><D70/><U72/><E129/><V30/><F75/><W14/><G36/><T46/><D112/><U116/><E116/><V18/><F3/><W65/><G74/><T107/><D28/><U61/><E105/><V79/><F114/><W93/><G118/><T84/><D135/><U131/><E131/><V57/><F79/><W8/><G130/><T24/><D24/><U69/><E31/><V16/><F32/><W10/><G33/><T98/><REACH who="0" step="1"/><D91/><REACH who="0" ten="392,289,250,59" step="2"/><U34/><E34/><V82/><F121/><W96/><G125/><T58/><D58/><U71/><E71/><V42/><F29/><W35/><G35/><T20/><D20/><U1/><E69/><V37/><F30/><N who="3" m="17759" /><G134/><T106/><D106/><U59/><E59/><AGARI ba="2,1" hai="8,9,10,13,14,59,62,65,90,93,96" m="17759" machi="59" ten="30,1000,0" yaku="8,1" doraHai="128" who="3" fromWho="1" sc="392,0,289,-16,250,0,59,26" /><INIT seed="1,0,0,1,2,133" ten="392,273,250,85" oya="1" hai0="125,35,129,54,39,47,86,21,62,85,76,88,131" hai1="90,63,74,58,72,83,17,27,121,61,118,117,73" hai2="127,29,25,106,56,52,11,26,134,41,8,84,123" hai3="65,30,81,64,49,0,99,13,107,122,1,5,103"/><U59/><E121/><V14/><F106/><W36/><G36/><T9/><D35/><U15/><E27/><V111/><F123/><W50/><G122/><T20/><D9/><U105/><E105/><V23/><F41/><W51/><G30/><T92/><D125/><U70/><E70/><V120/><F134/><W53/><G53/><T67/><D76/><U43/><E43/><V22/><F120/><W124/><G124/><T16/><D85/><U37/><E37/><V96/><F96/><W44/><G44/><T4/><D4/><U132/><E132/><V78/><F111/><W119/><G119/><T114/><D114/><U80/><E90/><V89/><F78/><W128/><G128/><N who="0" m="49227" /><D39/><U3/><E3/><V2/><F2/><W94/><G107/><T45/><D54/><U69/><E69/><V102/><F102/><W113/><G113/><T42/><D42/><U100/><E100/><V6/><F127/><W60/><G1/><T38/><D21/><U95/><E95/><V10/><F89/><W48/><N who="3" m="12288" /><DORA hai="104" /><W32/><G32/><T57/><D38/><U46/><E46/><V110/><F110/><W24/><G0/><T115/><D115/><U112/><E112/><V130/><F130/><W40/><G40/><T7/><D7/><U97/><E97/><V79/><F79/><W109/><G109/><T87/><D87/><U116/><E17/><N who="2" m="12495" /><F84/><W28/><G81/><N who="1" m="31306" /><E15/><AGARI ba="0,0" hai="15,16,20,45,47,57,62,67,86,88,92" m="49227" machi="15" ten="30,3900,0" yaku="19,1,54,2" doraHai="133,104" who="0" fromWho="1" sc="392,39,273,-39,250,0,85,0" /><INIT seed="2,0,0,4,3,69" ten="431,234,250,85" oya="2" hai0="6,22,130,56,53,48,89,125,47,122,105,77,1" hai1="76,23,120,71,92,124,27,32,114,14,96,50,75" hai2="66,98,72,87,0,126,86,57,26,113,101,70,20" hai3="10,128,28,109,110,34,129,63,132,16,60,40,21"/><V39/><F39/><W116/><G60/><T108/><D122/><U37/><E71/><V12/><F0/><W82/><G82/><T81/><D105/><U133/><E114/><V59/><F72/><W25/><G63/><T111/><D130/><N who="3" m="50281" /><G40/><T2/><D89/><U135/><E37/><V11/><F126/><W18/><G116/><T102/><D102/><U100/><E124/><V19/><F70/><W49/><G49/><T35/><D35/><U36/><E50/><V42/><F42/><W99/><G99/><T61/><D6/><U112/><E36/><V64/><F113/><W33/><G132/><N who="1" m="50762" /><E112/><V15/><F15/><N who="3" m="7287" /><G33/><T91/><D91/><U43/><E43/><V4/><F66/><W118/><G118/><T65/><D125/><U55/><E32/><V52/><F64/><W83/><G83/><T80/><D80/><N who="1" m="45087" /><E55/><V44/><F44/><W103/><G103/><T84/><REACH who="0" step="1"/><D22/><REACH who="0" ten="421,234,250,85" step="2"/><U51/><E120/><V30/><F4/><W5/><G5/><T8/><D8/><U38/><E23/><V107/><REACH who="2" step="1"/><F59/><REACH who="2" ten="421,234,240,85" step="2"/><W115/><G115/><T119/><D119/><U67/><E67/><V74/><F74/><W88/><G88/><T7/><D7/><U78/><E78/><V95/><F95/><W13/><AGARI ba="0,2" hai="13,18,21,25,28,34,109,110" m="7287,50281" machi="13" ten="30,7900,0" yaku="19,1,34,2,54,1" doraHai="69" who="3" fromWho="3" sc="421,-20,234,-20,240,-39,85,99" /><INIT seed="3,0,0,4,1,129" ten="401,214,201,184" oya="3" hai0="91,20,73,52,51,114,65,21,121,5,53,56,6" hai1="49,119,23,13,41,24,98,95,117,113,102,48,111" hai2="11,134,123,38,86,90,103,122,104,101,94,118,58" hai3="33,67,106,99,0,96,97,28,36,82,125,1,50"/><W18/><G36/><T14/><D121/><N who="2" m="46090" /><F38/><W39/><G39/><T93/><D73/><U130/><E113/><V57/><F11/><W71/><G106/><T22/><D114/><U81/><E130/><V72/><F118/><N who="1" m="45065" /><E111/><V76/><F58/><W88/><G125/><T42/><D42/><U69/><E69/><V105/><F57/><W44/><G28/><T16/><D65/><U135/><E135/><V126/><F134/><W10/><G33/><T100/><D100/><N who="2" m="38474" /><F126/><W107/><G107/><T32/><D32/><U132/><E132/><V124/><F124/><W30/><G30/><T63/><D53/><U87/><E13/><V80/><AGARI ba="0,0" hai="72,76,80,86,90,94,104,105" m="38474,46090" machi="80" ten="30,4000,0" yaku="13,1,34,2" doraHai="129" who="2" fromWho="2" sc="401,-10,214,-10,201,40,184,-20" owari="391,50.0,204,-20.0,241,4.0,164,-34.0" /></mjloggm>