<mjloggm ver="2.3"><GO type="97" lobby="0"/><UN n0="%E3%83%8F%E3%83%B3%E3%83%BB%E3%82%B8%E3%83%A5%E3%83%AA" n1="%E3%82%A6%E3%83%AB%E3%83%88%E3%83%A9%E7%AB%8B%E7%9B%B4" n2="%E3%81%B5%E3%82%8C%E3%81%84%E3%82%86" n3="%E9%81%93%E6%88%90" dan="14,15,13,13" rate="1956.63,1950.08,1871.27,1835.62" sx="F,M,F,M"/><TAIKYOKU oya="0"/><INIT seed="0,0,0,1,5,4" ten="250,250,250,250" oya="0" hai0="35,7,33,31,6,109,79,84,121,85,57,91,73" hai1="8,115,117,17,59,110,46,15,95,123,94,111,100" hai2="126,96,16,78,66,64,42,54,60,80,61,52,1" hai3="36,56,112,58,11,75,116,98,50,44,62,130,13"/><T40/><D121/><U105/><E117/><V67/><F126/><W55/><G112/><T120/><D120/><U69/><E69/><V135/><F135/><W68/><G116/><T20/><D73/><U113/><E123/><V76/><F1/><W90/><G75/><T5/><D40/><U38/><E105/><V99/><F42/><W28/><G130/><T23/><D109/><N who="1" m="41483" /><E46/><V32/><F32/><W19/><G28/><T74/><D74/><U24/><E38/><V22/><F80/><W83/><G36/><T92/><D57/><U119/><E119/><V10/><F78/><W21/><G83/><T133/><D133/><U27/><E59/><V37/><F37/><W39/><G39/><T108/><D108/><U53/><E53/><N who="2" m="20587" /><F76/><W30/><G68/><T14/><D79/><U93/><E100/><V128/><F128/><W102/><G62/><N who="2" m="24169" /><F10/><W43/><G43/><T51/><D33/><U47/><E47/><V127/><F127/><W77/><G77/><T45/><D35/><U86/><E86/><V48/><F48/><W103/><G90/><T41/><D84/><U104/><E104/><V29/><F29/><W81/><G81/><T12/><REACH who="0" step="1"/><D31/><REACH who="0" ten="240,250,250,250" step="2"/><U26/><AGARI ba="0,1" hai="8,15,17,24,26,27,93,94,95,113,115" m="41483" machi="26" ten="40,2700,0" yaku="14,1,52,1" doraHai="4" who="1" fromWho="1" sc="240,-13,250,37,250,-7,250,-7" /><INIT seed="1,0,0,5,5,115" ten="227,287,243,243" oya="1" hai0="86,42,45,64,102,121,38,76,4,0,3,95,29" hai1="67,85,40,125,82,117,88,14,50,1,96,13,81" hai2="10,69,27,70,43,100,68,22,126,23,111,92,58" hai3="63,26,47,99,9,31,120,66,75,54,135,30,24"/><U90/><E1/><V44/><F126/><W28/><G120/><T114/><D114/><U133/><E117/><V113/><F111/><W2/><G75/><T131/><D121/><U16/><E125/><V97/><F113/><W110/><G110/><T33/><D131/><U25/><E67/><V94/><F10/><W116/><G116/><T51/><D64/><U122/><E122/><V129/><F129/><W35/><G135/><T65/><D65/><U74/><E74/><V17/><F58/><W21/><G99/><T77/><D38/><U109/><E109/><V57/><F57/><W39/><G39/><T15/><D29/><U7/><E7/><V20/><REACH who="2" step="1"/><F94/><REACH who="2" ten="227,287,233,243" step="2"/><W53/><G9/><N who="0" m="4519" /><D33/><U6/><E133/><V5/><F5/><W91/><G35/><T101/><D0/><U62/><E6/><V105/><F105/><W128/><G2/><T11/><D3/><U34/><E34/><V89/><F89/><W73/><G91/><N who="0" m="53751" /><D11/><U80/><E90/><V32/><F32/><W60/><G128/><T130/><D130/><U132/><E132/><V118/><F118/><W106/><G106/><T52/><D42/><U71/><E88/><V61/><F61/><W127/><G60/><T37/><D37/><AGARI ba="0,1" hai="17,20,22,23,27,37,43,44,68,69,70,92,97,100" machi="37" ten="40,1300,0" yaku="1,1,53,0" doraHai="115" doraHaiUra="78" who="2" fromWho="0" sc="227,-13,287,0,233,23,243,0" /><INIT seed="2,0,0,2,5,111" ten="214,287,256,243" oya="2" hai0="59,110,62,75,74,30,53,114,19,20,2,124,84" hai1="40,48,18,21,90,86,81,72,33,66,80,55,29" hai2="67,73,76,47,106,134,70,132,88,10,78,103,122" hai3="96,65,116,8,37,123,119,98,133,51,36,12,108"/><V41/><F122/><W26/><G123/><T128/><D110/><U57/><E29/><V95/><F10/><W112/><G108/><T127/><D2/><U16/><E33/><V15/><F15/><W60/><G26/><T27/><D128/><U109/><E109/><V69/><F67/><W71/><G133/><N who="2" m="51305" /><F78/><W5/><G51/><T58/><D114/><U46/><E66/><V32/><F32/><W50/><G50/><T77/><D59/><U120/><E120/><V17/><F17/><W1/><G1/><T43/><D43/><U52/><E18/><V14/><F14/><W104/><G112/><T118/><D118/><U94/><E72/><V92/><F103/><W56/><G71/><N who="2" m="27145" /><F106/><W107/><G104/><T6/><D6/><U117/><E117/><V113/><F113/><W3/><G3/><T97/><D97/><U91/><E91/><V82/><F88/><W85/><G107/><T28/><D28/><U13/><E55/><V115/><F115/><W87/><G119/><T38/><D30/><U68/><E68/><V7/><F7/><W4/><G4/><T11/><D11/><U130/><E130/><V101/><F101/><W102/><G116/><T35/><D35/><U105/><E105/><V64/><F64/><W83/><G102/><T44/><D75/><U9/><E9/><V135/><F135/><W49/><G98/><T126/><D74/><U79/><E79/><V125/><F125/><W100/><G96/><T31/><D31/><U99/><E99/><V22/><F22/><W23/><G23/><T39/><D44/><U129/><E129/><RYUUKYOKU ba="0,0" sc="214,10,287,10,256,10,243,-30" hai0="19,20,27,38,39,53,58,62,77,84,124,126,127" hai1="13,16,21,40,46,48,52,57,80,81,86,90,94" hai2="41,47,73,76,82,92,95" /><INIT seed="2,1,0,0,2,81" ten="224,297,266,213" oya="2" hai0="71,65,15,55,11,87,3,54,130,56,37,19,88" hai1="75,42,41,135,111,122,17,128,50,96,60,90,1" hai2="30,57,21,103,2,120,16,31,133,108,119,62,115" hai3="46,69,80,35,18,73,47,97,53,28,38,64,7"/><V61/><F119/><W44/><G38/><T6/><D37/><U98/><E75/><V132/><F115/><W106/><G7/><T117/><D117/><U4/><E4/><V10/><F120/><W77/><G18/><T104/><D104/><U78/><E78/><V100/><F108/><W112/><G112/><T118/><D118/><U79/><E79/><V129/><F129/><W25/><G64/><T92/><D130/><U91/><E1/><V23/><F2/><W34/><G69/><T74/><D74/><U125/><E128/><V110/><F110/><W84/><G73/><T51/><D55/><U24/><E111/><V45/><F45/><W82/><G82/><T72/><D72/><U127/><E60/><N who="2" m="23147" /><F57/><W5/><G5/><T134/><D134/><N who="2" m="51818" /><F10/><W107/><G35/><T121/><D121/><U131/><E131/><V22/><F16/><W99/><REACH who="3" step="1"/><G53/><REACH who="3" ten="224,297,266,203" step="2"/><T26/><D65/><U68/><E135/><V83/><F83/><W123/><G123/><T43/><D71/><U12/><E68/><V109/><F109/><W116/><G116/><T67/><D67/><U93/><E122/><V126/><F126/><W76/><G76/><T94/><D43/><U29/><E42/><V13/><F13/><W105/><AGARI ba="1,1" hai="25,28,34,44,46,47,77,80,84,97,99,105,106,107" machi="105" ten="40,5200,0" yaku="1,1,0,1,52,1,53,0" doraHai="81" doraHaiUra="49" who="3" fromWho="3" sc="224,-14,297,-14,266,-27,203,65" /><INIT seed="3,0,0,1,1,23" ten="210,283,239,268" oya="3" hai0="75,74,126,79,0,29,119,34,6,17,86,1,35" hai1="37,24,73,44,72,33,7,108,26,62,110,114,91" hai2="103,102,88,113,101,9,84,60,66,132,43,38,50" hai3="71,134,48,55,131,68,13,87,45,105,76,97,21"/><W32/><G32/><N who="0" m="12331" /><D86/><U31/><E26/><V78/><F113/><W57/><G134/><T2/><D79/><U40/><E7/><V70/><F132/><W41/><G131/><T30/><D119/><U12/><E12/><V46/><F78/><W67/><G105/><T8/><D126/><U81/><E114/><V63/><F60/><W133/><G133/><T10/><D75/><U135/><E135/><V123/><F123/><W127/><G127/><T117/><D74/><N who="1" m="28779" /><E91/><V52/><F9/><W3/><G3/><T4/><D117/><U19/><E19/><V99/><F99/><W42/><G97/><T56/><D56/><U129/><E81/><V106/><F106/><W94/><G71/><T95/><D95/><U93/><E93/><N who="2" m="54407" /><F103/><W14/><G68/><T116/><D116/><U16/><E16/><V49/><F49/><W89/><G76/><T111/><D111/><N who="1" m="42539" /><E62/><V125/><F125/><W65/><G13/><N who="0" m="7351" /><D6/><U20/><E129/><V36/><F36/><W100/><G100/><T104/><D104/><U53/><E33/><V27/><F27/><W59/><G59/><AGARI ba="0,0" hai="38,43,46,50,52,59,63,66,70,101,102" m="54407" machi="59" ten="30,3900,0" yaku="24,1,54,2" doraHai="23" who="2" fromWho="3" sc="210,0,283,0,239,39,268,-39" /><INIT seed="4,0,0,3,5,98" ten="210,283,278,229" oya="0" hai0="104,0,1,7,14,84,23,89,29,100,21,87,93" hai1="91,70,90,51,12,97,72,133,99,75,115,86,40" hai2="20,63,109,10,46,55,120,34,123,77,85,106,61" hai3="43,54,35,32,36,129,132,125,92,78,105,13,68"/><T73/><D73/><U44/><E70/><V81/><F34/><W108/><G105/><T117/><D117/><U82/><E133/><V76/><F109/><W2/><G132/><T118/><D118/><U8/><E115/><V53/><F106/><W56/><G2/><T28/><D0/><U42/><E75/><V130/><F130/><W112/><G68/><T111/><D1/><U26/><E26/><V67/><F123/><W3/><G108/><T25/><D111/><U39/><E72/><V101/><F120/><W74/><G3/><T41/><D41/><N who="1" m="24975" /><E39/><V11/><F101/><W124/><G129/><T94/><D104/><U18/><E97/><V95/><F77/><W57/><G112/><T114/><D114/><U24/><E24/><V80/><F95/><AGARI ba="0,0" hai="8,12,18,40,42,82,86,90,91,95,99" m="24975" machi="95" ten="30,1000,0" yaku="8,1" doraHai="98" who="1" fromWho="2" sc="210,0,283,10,278,-10,229,0" /><INIT seed="5,0,0,5,3,68" ten="210,293,268,229" oya="1" hai0="16,12,101,134,0,94,79,40,9,120,66,115,31" hai1="44,17,27,119,46,96,132,87,19,41,52,128,100" hai2="1,89,37,58,14,57,62,81,25,3,110,30,6" hai3="21,67,131,22,48,53,70,97,103,126,111,55,24"/><U75/><E75/><V124/><F110/><W133/><G111/><T76/><D120/><U26/><E119/><V113/><F113/><W98/><G133/><T90/><D134/><U10/><E132/><V42/><F124/><W20/><G126/><T83/><D115/><U43/><E87/><V95/><F81/><W112/><G112/><T108/><D108/><U74/><E74/><V125/><F125/><W91/><G131/><T47/><D0/><U54/><E100/><V102/><F102/><W63/><G91/><T109/><D109/><U34/><E96/><V114/><F114/><W88/><G24/><T18/><D31/><U116/><E116/><V72/><F72/><W32/><G32/><T127/><D66/><U130/><E10/><V35/><F14/><W129/><G129/><T82/><D101/><U13/><E13/><V61/><F6/><W2/><G2/><T117/><D18/><U65/><E65/><V78/><F78/><N who="0" m="29738" /><D117/><U107/><E107/><V59/><F3/><W122/><G122/><T38/><D38/><U93/><E93/><V105/><F105/><W85/><G103/><T49/><D127/><U84/><E84/><AGARI ba="0,0" hai="9,12,16,40,47,49,82,83,84,90,94" m="29738" machi="84" ten="30,2000,0" yaku="8,1,54,1" doraHai="68" who="0" fromWho="1" sc="210,20,293,-20,268,0,229,0" /><INIT seed="6,0,0,0,0,27" ten="230,273,268,229" oya="2" hai0="114,66,108,33,38,79,135,105,35,97,56,109,133" hai1="34,104,54,85,10,82,71,74,103,31,130,18,19" hai2="115,91,70,15,8,39,37,57,117,78,21,6,127" hai3="118,49,101,119,73,13,89,106,96,46,2,43,1"/><V41/><F70/><W99/><G73/><T63/><D38/><U22/><E74/><V128/><F117/><W88/><G118/><T4/><D79/><U69/><E34/><N who="0" m="12809" /><D4/><U126/><E103/><V86/><F127/><W111/><G111/><N who="0" m="42571" /><D114/><U90/><E104/><V131/><F115/><W113/><G113/><T123/><D123/><U64/><E126/><V61/><F78/><W47/><G119/><T9/><D9/><U110/><E110/><V100/><F100/><W112/><G112/><T83/><D83/><U125/><E125/><V102/><F102/><W25/><G13/><T58/><D58/><U53/><E10/><V65/><F21/><W76/><G76/><T28/><D28/><U68/><E31/><V5/><F5/><W32/><G46/><T51/><D51/><U30/><E30/><V95/><REACH who="2" step="1"/><F41/><REACH who="2" ten="230,273,258,229" step="2"/><W44/><G32/><T0/><D133/><U67/><E22/><V122/><F122/><W107/><G43/><T94/><D135/><U121/><E121/><V124/><F124/><W23/><G101/><T132/><D132/><U48/><E69/><V36/><AGARI ba="0,1" hai="6,8,15,36,37,39,57,61,65,86,91,95,128,131" machi="36" ten="40,3900,0" yaku="1,1,0,1,53,0" doraHai="27" doraHaiUra="120" who="2" fromWho="2" sc="230,-13,273,-13,258,49,229,-13" owari="217,-18.0,260,6.0,307,40.0,216,-28.0" /></mjloggm>