<mjloggm ver="2.3"><GO type="97" lobby="0"/><UN n0="%E3%82%A6%E3%83%AB%E3%83%88%E3%83%A9%E7%AB%8B%E7%9B%B4" n1="%62%69%6B%6B%65%74%61%6E" n2="%43%61%6C%6B%61%6E" n3="%E9%87%91%E3%81%AE%E7%B3%B8%E9%8A%80%E3%81%AE%E7%B3%B8" dan="15,13,15,14" rate="1978.22,1845.71,1987.05,1912.97" sx="M,M,M,M"/><TAIKYOKU oya="0"/><INIT seed="0,0,0,1,1,122" ten="250,250,250,250" oya="0" hai0="18,50,42,17,24,67,116,29,108,8,127,119,100" hai1="89,111,135,79,56,75,124,105,30,46,129,94,90" hai2="57,58,40,70,85,110,81,66,37,53,104,120,106" hai3="49,87,74,19,55,99,113,33,32,7,131,80,23"/><T102/><D67/><U25/><E105/><V69/><F120/><W4/><G131/><T98/><D127/><U3/><E129/><V10/><F58/><W115/><G74/><T118/><D50/><U31/><E124/><V16/><F70/><W114/><G99/><T123/><D42/><U36/><E135/><V112/><F112/><W73/><G73/><T72/><D72/><U9/><E111/><V60/><F37/><W54/><G87/><T34/><D123/><U109/><E109/><V14/><F40/><W39/><G80/><T92/><D108/><U121/><E121/><V28/><F28/><W91/><G39/><T125/><D125/><U93/><E56/><V101/><F101/><W68/><G91/><T84/><D102/><U41/><E90/><V26/><F26/><W64/><G64/><T45/><D45/><U21/><E31/><V134/><F134/><W27/><G68/><T43/><D43/><U6/><REACH who="1" step="1"/><E89/><REACH who="1" ten="250,240,250,250" step="2"/><V86/><F110/><W51/><G113/><T95/><D95/><U11/><E11/><V13/><F104/><W76/><G115/><T15/><REACH who="0" step="1"/><D84/><REACH who="0" ten="240,240,250,250" step="2"/><U96/><E96/><V48/><F106/><W133/><G114/><T82/><D82/><AGARI ba="0,2" hai="3,6,9,21,25,30,36,41,46,75,79,82,93,94" machi="82" ten="40,5200,0" yaku="1,1,25,2,53,0" doraHai="122" doraHaiUra="103" who="1" fromWho="0" sc="240,-52,240,72,250,0,250,0" /><INIT seed="1,0,0,0,1,103" ten="188,312,250,250" oya="1" hai0="46,22,100,93,118,125,63,0,87,44,126,68,130" hai1="2,26,129,52,1,43,124,86,42,67,17,114,39" hai2="112,40,6,101,15,108,111,82,23,76,106,134,36" hai3="99,88,48,96,72,77,133,59,19,115,14,110,27"/><U20/><E114/><V92/><F112/><W58/><G110/><N who="2" m="42025" /><F92/><W13/><G133/><T83/><D0/><U62/><E129/><V31/><F134/><W69/><G115/><T34/><D34/><U78/><E124/><N who="0" m="47721" /><D118/><U123/><E123/><V25/><F40/><W132/><G69/><T12/><D130/><U94/><E52/><V79/><F36/><W9/><G72/><T90/><D63/><U37/><E2/><V102/><F102/><W56/><G77/><T80/><D68/><U57/><E1/><V60/><F60/><W50/><G99/><N who="0" m="59503" /><D80/><U119/><E119/><V104/><F101/><W81/><G132/><T74/><D74/><U8/><E8/><N who="2" m="4503" /><F76/><W91/><G27/><T66/><D66/><U38/><E94/><V117/><F117/><W109/><G109/><T49/><D49/><N who="3" m="19049" /><G96/><T47/><D47/><U61/><REACH who="1" step="1"/><E62/><REACH who="1" ten="188,302,250,250" step="2"/><V107/><F79/><W64/><G64/><T7/><D46/><U95/><E95/><V85/><F82/><AGARI ba="0,1" hai="17,20,26,37,38,39,42,43,57,61,67,78,82,86" machi="82" ten="40,2000,0" yaku="1,1,53,0" doraHai="103" doraHaiUra="131" who="1" fromWho="2" sc="188,0,302,30,250,-20,250,0" /><INIT seed="1,1,0,5,4,96" ten="188,332,230,250" oya="1" hai0="108,57,34,12,61,127,13,97,29,109,118,66,25" hai1="36,2,71,126,65,50,114,106,22,84,26,80,115" hai2="91,128,54,86,121,9,49,113,73,56,59,101,83" hai3="78,33,27,19,77,122,74,60,85,40,88,72,75"/><U104/><E2/><V1/><F121/><W68/><G122/><T11/><D118/><U7/><E7/><V16/><F128/><W58/><G40/><T43/><D127/><U81/><E126/><V130/><F130/><W131/><G68/><T102/><D43/><U134/><E36/><V107/><F113/><W135/><G135/><T132/><D132/><U117/><E117/><V31/><F31/><W70/><G70/><T89/><D89/><U30/><E134/><V125/><F125/><W90/><G90/><T100/><D13/><U10/><E10/><V133/><F133/><W63/><G63/><T116/><D116/><U46/><E106/><V20/><F73/><W95/><G131/><T112/><D112/><U129/><E104/><V111/><F111/><N who="0" m="42570" /><D97/><U79/><E80/><V124/><F124/><W67/><REACH who="3" step="1"/><G19/><AGARI ba="1,0" hai="11,12,19,25,29,34,57,61,66,100,102" m="42570" machi="19" ten="30,3900,0" yaku="14,1,52,2" doraHai="96" who="0" fromWho="3" sc="188,42,332,0,230,0,250,-42" /><INIT seed="2,0,0,3,5,59" ten="230,332,230,208" oya="2" hai0="93,39,35,11,85,32,72,75,47,0,31,127,101" hai1="99,131,54,123,18,121,116,4,19,36,43,33,110" hai2="7,5,57,94,16,107,65,79,15,134,40,81,92" hai3="9,117,113,84,25,129,58,10,14,67,37,90,115"/><V118/><F118/><W44/><G129/><T106/><D93/><U45/><E116/><V34/><F107/><W26/><G117/><T68/><D85/><U133/><E33/><N who="0" m="12873" /><D31/><U50/><E4/><V126/><F34/><W135/><G9/><T108/><D108/><U100/><E110/><V132/><F40/><W8/><G8/><T76/><D76/><U53/><E131/><V13/><F65/><W27/><G135/><N who="2" m="51753" /><F57/><W120/><G120/><N who="1" m="46154" /><E133/><V29/><F29/><W6/><G44/><T83/><D83/><U66/><E66/><V74/><F126/><W48/><G37/><T3/><D127/><U88/><E88/><V61/><F61/><N who="3" m="38327" /><G48/><T114/><D114/><N who="3" m="43529" /><G26/><T97/><D68/><U69/><E69/><V80/><F80/><AGARI ba="0,0" hai="6,10,14,25,27,80,84,90" m="43529,38327" machi="80" ten="30,2000,0" yaku="11,1,52,1" doraHai="59" who="3" fromWho="2" sc="230,0,332,0,230,-20,208,20" /><INIT seed="3,0,0,4,5,111" ten="230,332,210,228" oya="3" hai0="81,29,105,128,120,127,125,108,87,23,22,58,9" hai1="71,33,62,35,64,67,7,74,63,76,2,0,32" hai2="28,1,66,121,18,79,133,103,36,89,34,100,85" hai3="17,129,126,11,114,4,45,69,30,113,130,19,54"/><W55/><G69/><T118/><D105/><U123/><E123/><V41/><F121/><W42/><G30/><T98/><D120/><U135/><E7/><V51/><F36/><W131/><G19/><T82/><D108/><U134/><E76/><V16/><F1/><N who="1" m="617" /><E74/><V86/><F34/><W25/><G17/><N who="2" m="6761" /><F66/><W72/><G25/><T109/><D118/><U96/><E96/><V20/><F133/><N who="1" m="50697" /><E35/><V97/><F79/><W102/><G72/><T21/><D98/><U48/><E48/><V110/><F110/><W83/><G102/><N who="2" m="38953" /><F97/><W70/><G83/><T84/><D82/><U80/><E80/><V46/><F89/><W90/><G90/><T43/><D81/><U24/><E24/><AGARI ba="0,0" hai="20,24,28,41,46,51,85,86" m="38953,6761" machi="24" ten="30,2000,0" yaku="8,1,54,1" doraHai="111" who="2" fromWho="1" sc="230,0,332,-20,210,20,228,0" owari="230,3.0,312,41.0,230,-17.0,228,-27.0" /></mjloggm>