<mjloggm ver="2.3"><GO type="97" lobby="0"/><UN n0="%E3%82%A2%E3%83%95%E3%83%AD%EF%BC%A0%E5%A5%88%E8%89%AF" n1="%E3%81%A8%E3%81%8D%E3%81%95%E3%81%8B%E3%82%82" n2="%E3%81%BF%E3%82%84%E3%81%AA%E3%81%8C%E2%98%86%E3%81%95%E3%81%8D" n3="%E3%82%A6%E3%83%AB%E3%83%88%E3%83%A9%E7%AB%8B%E7%9B%B4" dan="13,15,14,15" rate="1817.96,1923.07,1936.27,1997.81" sx="M,M,M,M"/><TAIKYOKU oya="0"/><INIT seed="0,0,0,2,0,18" ten="250,250,250,250" oya="0" hai0="88,19,3,58,77,106,33,121,109,116,93,117,34" hai1="115,57,112,101,40,2,102,128,70,95,64,68,130" hai2="108,80,127,1,67,75,105,35,9,17,98,73,97" hai3="62,100,47,26,59,37,122,4,27,51,87,23,46"/><T29/><D121/><U13/><E2/><V78/><F35/><W56/><G122/><T42/><D3/><U71/><E95/><V39/><F39/><W83/><G4/><T119/><D106/><U113/><E13/><V15/><F108/><W52/><G37/><T99/><D109/><U69/><N who="1" m="17920" /><DORA hai="134" /><U20/><E20/><V38/><F127/><W76/><G100/><N who="1" m="38506" /><E40/><V30/><F38/><W28/><REACH who="3" step="1"/><G27/><REACH who="3" ten="250,250,250,240" step="2"/><T0/><D0/><U135/><E135/><V110/><F1/><W31/><G31/><T74/><D42/><U48/><E64/><AGARI ba="0,1" hai="23,26,28,46,47,51,52,56,59,62,64,76,83,87" machi="64" ten="30,8000,1" yaku="1,1,7,1,8,1,52,1,54,1,53,0" doraHai="18,134" doraHaiUra="32,107" who="3" fromWho="1" sc="250,0,250,-80,250,0,240,90" /><INIT seed="1,0,0,1,0,107" ten="250,170,250,330" oya="1" hai0="31,48,109,20,65,91,47,49,57,119,77,18,46" hai1="29,85,88,120,84,19,115,133,131,17,81,78,54" hai2="27,28,75,125,30,67,7,3,118,6,52,60,38" hai3="79,53,32,50,114,14,34,41,93,101,13,51,94"/><U103/><E120/><V35/><F118/><W70/><G70/><T23/><D119/><U44/><E131/><V21/><F38/><W0/><G79/><T98/><D109/><U104/><E115/><V82/><F125/><W61/><G61/><T64/><D77/><U95/><E29/><V126/><F126/><W110/><G110/><T116/><D116/><U102/><E133/><V106/><F106/><W132/><G132/><T72/><D72/><U129/><E129/><V96/><F96/><W92/><G0/><T68/><D68/><U108/><E108/><V24/><F3/><W66/><G66/><T36/><D36/><U43/><E54/><V12/><F12/><W58/><G101/><T123/><D123/><U40/><E40/><V80/><F80/><W56/><G114/><T71/><D71/><U1/><E1/><V124/><F124/><W117/><G117/><T63/><D65/><U83/><E83/><V121/><F121/><W39/><G39/><T25/><D91/><U11/><E11/><V69/><F52/><W100/><G100/><N who="1" m="38442" /><E104/><V89/><REACH who="2" step="1"/><F89/><REACH who="2" ten="250,170,240,330" step="2"/><W135/><G135/><T22/><D98/><U86/><E86/><V74/><F74/><W127/><G127/><T111/><D111/><U16/><E43/><V10/><F10/><W134/><G134/><T2/><D2/><U76/><E44/><V113/><F113/><W87/><G41/><N who="0" m="24655" /><D31/><U8/><E8/><V90/><F90/><AGARI ba="0,1" hai="16,17,19,76,78,81,84,85,88,90,95" m="38442" machi="90" ten="30,5800,0" yaku="8,1,54,2" doraHai="107" who="1" fromWho="2" sc="250,0,170,68,240,-58,330,0" /><INIT seed="1,1,0,0,5,68" ten="250,238,182,330" oya="1" hai0="66,26,22,34,42,128,39,59,5,98,90,71,60" hai1="2,117,18,108,88,13,24,91,3,37,109,97,40" hai2="30,102,44,61,1,15,120,113,9,99,135,133,129" hai3="81,116,85,17,130,87,19,74,126,53,80,65,123"/><U131/><E117/><V110/><F120/><W10/><G74/><T92/><D34/><U0/><E131/><V50/><F1/><W29/><G123/><T47/><D128/><U93/><E24/><V127/><F30/><W119/><G65/><T70/><REACH who="0" step="1"/><D5/><REACH who="0" ten="240,238,182,330" step="2"/><U122/><E122/><V21/><F129/><W103/><G130/><T75/><D75/><U94/><E109/><V57/><F110/><W107/><G119/><T111/><D111/><U58/><E108/><V4/><F113/><W82/><G116/><T79/><D79/><U105/><E105/><V56/><F133/><W33/><G107/><T52/><D52/><U54/><E54/><N who="2" m="30023" /><F135/><W83/><G53/><T45/><D45/><U48/><E40/><V51/><F127/><W104/><G33/><T76/><D76/><U41/><E41/><V86/><F86/><W32/><G87/><T95/><D95/><U49/><E94/><N who="2" m="58743" /><F61/><W20/><G32/><T115/><D115/><U36/><E93/><V125/><F125/><W100/><G104/><T7/><D7/><U112/><E112/><V118/><F118/><W89/><G126/><T27/><D27/><U28/><E97/><V63/><F63/><W62/><G62/><T96/><D96/><U67/><E67/><V12/><F51/><W46/><G46/><T69/><D69/><U55/><E49/><V25/><F25/><W121/><G121/><T101/><D101/><U6/><E6/><V11/><F21/><W14/><G100/><T77/><D77/><U38/><E28/><AGARI ba="1,1" hai="22,26,28,39,42,47,59,60,66,70,71,90,92,98" machi="28" ten="30,3900,0" yaku="1,1,7,1,52,1,53,0" doraHai="68" doraHaiUra="124" who="0" fromWho="1" sc="240,52,238,-42,182,0,330,0" /><INIT seed="2,0,0,2,1,62" ten="292,196,182,330" oya="2" hai0="56,10,86,79,28,133,128,76,21,30,124,89,114" hai1="38,43,19,75,102,103,120,54,49,105,69,70,135" hai2="8,25,100,26,1,77,78,74,34,33,85,50,52" hai3="129,95,134,63,31,99,110,40,116,13,17,98,6"/><V109/><F100/><W104/><G116/><T32/><D114/><U107/><E38/><V111/><F74/><W41/><G129/><T80/><D133/><U18/><E75/><V88/><F1/><W113/><G134/><T126/><D128/><U12/><E43/><V65/><F65/><W131/><G131/><T53/><D10/><U106/><E135/><V48/><F8/><W9/><G110/><N who="2" m="41993" /><F48/><W15/><G31/><N who="0" m="11819" /><D21/><U45/><E120/><V127/><F127/><N who="0" m="48682" /><D32/><N who="2" m="12394" /><F26/><W92/><G41/><T71/><D71/><U94/><E70/><V118/><F25/><W132/><G40/><T27/><D27/><U83/><E69/><V67/><F67/><W121/><G113/><T3/><D3/><U20/><E103/><V66/><F66/><W37/><G37/><T24/><D24/><U59/><E102/><V35/><F35/><W91/><G121/><T90/><D79/><U58/><E107/><V115/><F115/><W60/><G104/><T57/><D57/><U4/><E58/><N who="2" m="33047" /><F118/><W125/><G125/><T87/><D87/><U112/><E106/><V16/><F16/><W119/><G119/><T64/><D64/><U2/><E2/><V72/><F72/><W42/><G42/><T29/><N who="0" m="11827" /><T122/><DORA hai="123" /><D122/><U0/><E112/><V44/><F44/><W130/><G130/><T84/><D84/><U81/><E105/><V7/><F7/><W46/><G46/><T61/><AGARI ba="0,0" hai="53,56,61,76,80,86,89,90" m="48682,11827" machi="61" ten="40,1500,0" yaku="18,1" doraHai="62,123" who="0" fromWho="0" sc="292,15,196,-4,182,-7,330,-4" /><INIT seed="3,0,0,2,1,65" ten="307,192,175,326" oya="3" hai0="71,5,72,114,19,55,111,78,48,58,88,82,75" hai1="70,108,104,41,50,90,107,51,89,43,14,73,53" hai2="133,69,34,31,46,8,60,9,26,21,122,134,61" hai3="56,132,126,120,127,119,45,121,115,37,135,106,29"/><W59/><G106/><T64/><D5/><U57/><E14/><V22/><F46/><W1/><G1/><T92/><D111/><U93/><E108/><V27/><F122/><N who="3" m="47211" /><G119/><T129/><D129/><U74/><E57/><N who="3" m="22090" /><G29/><T131/><D131/><U36/><E93/><V49/><F49/><W2/><G2/><T84/><D19/><U95/><E95/><V24/><F34/><W47/><G115/><T87/><REACH who="0" step="1"/><D114/><REACH who="0" ten="297,192,175,326" step="2"/><U112/><E112/><V32/><F32/><W42/><G47/><T23/><D23/><N who="2" m="8714" /><F31/><W66/><G66/><T128/><D128/><U28/><E28/><V39/><F39/><W62/><G62/><AGARI ba="0,1" hai="48,55,58,62,64,71,72,75,78,82,84,87,88,92" machi="62" ten="40,5200,0" yaku="1,1,52,1,54,1,53,0" doraHai="65" doraHaiUra="18" who="0" fromWho="3" sc="297,62,192,0,175,0,326,-52" owari="359,46.0,192,-21.0,175,-32.0,274,7.0" /></mjloggm>