<mjloggm ver="2.3"><GO type="97" lobby="0"/><UN n0="%E3%82%A6%E3%83%AB%E3%83%88%E3%83%A9%E7%AB%8B%E7%9B%B4" n1="%72%61%74%69%6F" n2="%59%55%54%41%52%4F" n3="%E3%81%AA%E3%81%99%E3%81%B3%E3%81%AE%E5%A4%A9%E3%81%B7%E3%82%89" dan="15,14,13,15" rate="1985.15,1908.19,1908.66,2038.62" sx="M,M,M,F"/><TAIKYOKU oya="0"/><INIT seed="0,0,0,4,0,41" ten="250,250,250,250" oya="0" hai0="29,94,118,54,42,120,0,33,113,81,11,25,26" hai1="20,80,102,99,3,4,19,126,44,32,17,108,70" hai2="96,83,65,109,38,84,39,97,28,123,127,135,23" hai3="77,131,75,76,104,115,116,40,58,12,66,85,103"/><T35/><D120/><U10/><E70/><V51/><F123/><W82/><G115/><T21/><D113/><U130/><E32/><V124/><F109/><W121/><G116/><T91/><D118/><U92/><E108/><V68/><F135/><W49/><G121/><T18/><D81/><U105/><E130/><V5/><F5/><W64/><G131/><T101/><D101/><U16/><E126/><N who="2" m="48171" /><F51/><W30/><G30/><T112/><D112/><U71/><E71/><V98/><F68/><W86/><G104/><T13/><D54/><U52/><E80/><V37/><F65/><N who="3" m="25195" /><G103/><T55/><D55/><U100/><E100/><V45/><F23/><W57/><G75/><T110/><D110/><U89/><E89/><N who="2" m="51359" /><F28/><W47/><G12/><T27/><D42/><AGARI ba="0,0" hai="37,38,39,42,45,96,97,98" m="51359,48171" machi="42" ten="30,2000,0" yaku="18,1,52,1" doraHai="41" who="2" fromWho="0" sc="250,-20,250,0,250,20,250,0" /><INIT seed="1,0,0,3,0,65" ten="230,250,270,250" oya="1" hai0="23,28,1,85,86,75,14,92,63,106,58,9,135" hai1="5,101,79,107,119,17,96,74,37,82,134,99,2" hai2="6,57,83,117,67,38,110,0,59,33,73,88,12" hai3="91,109,80,43,22,36,15,116,46,114,41,105,62"/><U72/><E37/><V3/><F117/><W39/><G114/><T69/><D106/><N who="1" m="63783" /><E17/><V118/><F118/><W111/><G116/><T125/><D75/><N who="1" m="43391" /><E5/><V84/><F38/><W133/><G105/><T64/><D125/><U95/><E2/><V20/><F33/><W131/><G62/><T49/><D135/><U7/><E7/><V129/><F110/><W126/><G126/><T104/><D104/><U123/><E119/><V53/><F129/><W94/><G131/><T8/><D1/><U42/><E42/><V40/><F40/><W120/><G133/><T47/><D69/><U97/><E123/><V35/><F35/><W122/><G15/><T21/><D9/><U98/><E134/><V89/><F0/><W44/><G22/><T13/><D13/><U52/><E52/><V71/><F53/><W113/><G113/><T10/><D10/><U18/><E18/><V78/><F71/><W100/><G122/><T27/><D23/><U87/><E107/><V30/><F67/><W60/><G60/><T25/><D25/><U4/><E4/><V68/><F68/><W45/><G120/><T51/><D51/><U31/><E31/><V112/><F30/><W55/><G55/><T26/><D26/><U29/><E29/><V16/><F112/><W50/><G50/><T103/><D14/><U19/><E19/><V115/><F115/><W102/><G44/><T132/><D8/><U128/><E128/><V93/><F89/><AGARI ba="0,0" hai="72,74,87,89,95,97,98,99" m="43391,63783" machi="89" ten="30,18000,2" yaku="24,1,35,5" doraHai="65" who="1" fromWho="2" sc="230,0,250,180,270,-180,250,0" /><INIT seed="1,1,0,1,3,18" ten="230,430,90,250" oya="1" hai0="23,89,131,10,129,83,84,1,120,46,97,56,60" hai1="53,90,26,9,20,82,48,126,74,2,14,104,64" hai2="75,54,100,125,11,110,96,25,38,8,19,52,103" hai3="57,50,123,113,132,41,121,105,40,119,30,80,71"/><U69/><E2/><V7/><F38/><W15/><G105/><T12/><D120/><U47/><E104/><V114/><F125/><W17/><G113/><T33/><D33/><U116/><E116/><V99/><F114/><W59/><G71/><T66/><D1/><U67/><E69/><V76/><F75/><W135/><G119/><T73/><D73/><U79/><E90/><V88/><F76/><W31/><G80/><T13/><D97/><N who="2" m="37450" /><F110/><W0/><G0/><T24/><D46/><U102/><E126/><V108/><F7/><W29/><G59/><T3/><D3/><U28/><REACH who="1" step="1"/><E102/><REACH who="1" ten="230,420,90,250" step="2"/><N who="2" m="38955" /><F108/><W32/><G121/><T92/><D89/><U109/><E109/><V101/><N who="2" m="38963" /><V106/><DORA hai="36" /><F88/><W44/><G123/><T77/><D77/><U94/><E94/><V128/><F128/><W61/><G135/><T98/><D92/><U117/><E117/><V39/><F39/><W51/><G132/><T45/><D129/><U5/><AGARI ba="1,1" hai="5,9,14,20,26,28,47,48,53,64,67,74,79,82" machi="5" ten="20,7800,0" yaku="1,1,0,1,7,1,52,1,53,0" doraHai="18,36" doraHaiUra="93,65" who="1" fromWho="1" sc="230,-27,420,91,90,-27,250,-27" /><INIT seed="1,2,0,0,2,10" ten="203,511,63,223" oya="1" hai0="80,76,47,9,112,32,20,130,46,66,82,55,98" hai1="77,5,71,58,53,83,79,16,135,0,109,106,50" hai2="17,102,11,60,97,34,42,33,114,6,21,74,125" hai3="68,95,134,117,93,54,123,85,14,25,38,31,124"/><U37/><E37/><V65/><F74/><W39/><G68/><T87/><D32/><U108/><E71/><V121/><F114/><W61/><G123/><T69/><D112/><U99/><E135/><V43/><F121/><W110/><G110/><N who="1" m="42602" /><E0/><V81/><F125/><W27/><G134/><T119/><D66/><U115/><E5/><V64/><F81/><W3/><G124/><T70/><D69/><U113/><E106/><V90/><F90/><W44/><G3/><T7/><D70/><U13/><E99/><V15/><F64/><W2/><G2/><T111/><D111/><U86/><E79/><V128/><F128/><W127/><G127/><T28/><D130/><U67/><E67/><V107/><F34/><W131/><G131/><T12/><D119/><U29/><E29/><V19/><F33/><W118/><G31/><T22/><D98/><U73/><E73/><V57/><REACH who="2" step="1"/><F19/><REACH who="2" ten="203,511,53,223" step="2"/><W133/><G133/><T88/><D80/><U72/><E72/><V41/><F41/><W103/><G118/><T40/><D76/><U132/><E132/><V24/><AGARI ba="2,1" hai="6,11,15,17,21,24,42,43,57,60,65,97,102,107" machi="24" ten="20,5200,0" yaku="1,1,0,1,7,1,52,1,53,0" doraHai="10" doraHaiUra="120" who="2" fromWho="2" sc="203,-15,511,-28,53,68,223,-15" /><INIT seed="2,0,0,0,0,118" ten="188,483,121,208" oya="2" hai0="57,3,7,109,47,6,54,66,46,39,5,42,41" hai1="61,112,78,11,94,96,77,52,87,79,30,76,84" hai2="108,15,132,27,80,53,2,89,21,10,114,24,133" hai3="92,102,91,37,55,9,85,131,100,110,105,123,90"/><V29/><F80/><N who="3" m="49447" /><G37/><T38/><D66/><U32/><E112/><V70/><F89/><W81/><G9/><T86/><D86/><N who="1" m="32811" /><E32/><N who="2" m="20519" /><F70/><W26/><G26/><T45/><D45/><U60/><E30/><N who="2" m="17775" /><F53/><W22/><G22/><T111/><REACH who="0" step="1"/><D3/><REACH who="0" ten="178,483,121,208" step="2"/><U36/><E79/><V23/><F114/><W75/><G81/><T115/><D115/><U0/><E36/><V35/><F108/><W31/><G75/><T17/><D17/><U59/><E0/><V71/><F71/><W20/><G31/><T128/><D128/><U113/><E113/><V73/><F73/><W106/><G131/><T50/><AGARI ba="0,1" hai="5,6,7,38,39,41,42,46,47,50,54,57,109,111" machi="50" ten="30,4000,0" yaku="1,1,0,1,9,1,53,0" doraHai="118" doraHaiUra="63" who="0" fromWho="0" sc="178,50,483,-10,121,-20,208,-10" /><INIT seed="3,0,0,1,5,23" ten="228,473,101,198" oya="3" hai0="10,33,106,81,30,25,36,128,8,87,114,48,96" hai1="49,111,32,90,113,72,122,91,39,109,62,58,74" hai2="108,3,105,104,64,132,92,67,50,51,43,1,60" hai3="52,102,100,2,12,18,73,9,45,44,27,110,61"/><W29/><G73/><N who="1" m="28266" /><E113/><V53/><F92/><W103/><G2/><N who="2" m="521" /><F60/><W97/><G110/><N who="1" m="41994" /><E122/><V66/><F53/><W14/><G14/><T7/><D36/><U37/><E32/><V71/><F108/><W55/><G97/><T56/><D10/><U82/><E49/><N who="2" m="18443" /><F132/><W116/><G116/><T134/><D134/><U85/><E91/><V22/><F22/><N who="3" m="15607" /><G61/><T115/><D48/><U89/><E90/><V123/><F123/><W57/><G57/><T94/><D56/><U83/><E83/><V11/><F11/><W79/><G79/><N who="0" m="46527" /><D8/><U88/><E89/><V47/><F47/><AGARI ba="0,0" hai="9,12,18,44,45,47,52,55,100,102,103" m="15607" machi="47" ten="30,5800,0" yaku="8,1,52,1,54,1" doraHai="23" who="3" fromWho="2" sc="228,0,473,0,101,-58,198,58" /><INIT seed="3,1,0,1,1,91" ten="228,473,43,256" oya="3" hai0="48,82,39,32,114,51,80,115,92,117,63,87,3" hai1="64,68,30,118,58,72,49,83,41,55,57,42,16" hai2="4,52,74,40,128,129,131,78,112,60,101,123,46" hai3="38,37,25,36,125,105,99,21,70,18,113,44,47"/><W109/><G113/><T7/><D32/><U13/><E30/><V0/><F112/><N who="0" m="43050" /><D39/><U106/><E106/><V71/><F123/><W76/><G70/><T98/><D117/><U29/><E29/><V133/><F101/><W19/><G125/><T81/><D7/><U2/><E2/><V56/><F74/><W35/><G35/><T86/><D63/><N who="1" m="37999" /><E72/><V12/><F78/><W104/><G76/><T8/><D8/><N who="1" m="6183" /><E68/><V95/><F12/><W126/><G126/><T67/><D67/><U88/><E118/><V97/><F4/><W66/><G66/><T122/><D122/><U45/><E58/><V17/><F17/><W94/><G109/><T111/><D3/><U33/><E33/><V73/><F0/><W110/><G110/><T5/><D5/><U93/><E83/><N who="0" m="21249" /><T54/><DORA hai="24" /><D111/><U6/><E6/><V11/><F73/><W15/><G47/><N who="0" m="27935" /><D51/><U127/><E127/><V23/><F11/><W124/><G44/><T50/><D50/><U53/><E55/><V108/><F108/><W116/><G116/><T103/><AGARI ba="1,0" hai="86,87,92,98,103" m="27935,21249,43050" machi="103" ten="40,2700,0" yaku="11,1,52,1" doraHai="91,24" who="0" fromWho="0" sc="228,30,473,-8,43,-8,256,-14" owari="258,6.0,465,56.0,35,-46.0,242,-16.0" /></mjloggm>