<mjloggm ver="2.3"><GO type="97" lobby="0"/><UN n0="%E9%9F%B3%E7%84%A1%E5%B0%8F%E5%A4%9C" n1="%E3%82%89%E3%81%A3%E3%81%93" n2="%E7%9F%A2%E5%B3%B6%E8%88%9E%E7%BE%8E" n3="%E3%82%A6%E3%83%AB%E3%83%88%E3%83%A9%E7%AB%8B%E7%9B%B4" dan="15,15,15,15" rate="1983.65,2037.33,1976.36,1930.54" sx="F,M,F,M"/><TAIKYOKU oya="0"/><INIT seed="0,0,0,0,1,14" ten="250,250,250,250" oya="0" hai0="127,117,70,27,109,46,11,8,114,81,55,115,96" hai1="125,95,104,92,128,23,67,83,65,34,54,5,134" hai2="120,113,101,69,16,133,82,40,130,91,7,44,36" hai3="38,107,45,3,77,12,116,4,21,110,119,86,72"/><T47/><D117/><U129/><E34/><V89/><F120/><W102/><G86/><T41/><D70/><U71/><E104/><V28/><F113/><W98/><G110/><T19/><D127/><U66/><E125/><V62/><F101/><W94/><G94/><N who="1" m="35882" /><E71/><V53/><F130/><N who="1" m="50281" /><E134/><V122/><F122/><W48/><G48/><T108/><D96/><U79/><E5/><V26/><F133/><W15/><G116/><T31/><D115/><U25/><E54/><V0/><F0/><W68/><G68/><T76/><D55/><U56/><E56/><V43/><F43/><N who="3" m="22775" /><G119/><T30/><D114/><U78/><E83/><V35/><F7/><W106/><G106/><T99/><D99/><U6/><E6/><V121/><F121/><W9/><G21/><N who="0" m="13759" /><D109/><U2/><E2/><V20/><F82/><AGARI ba="0,0" hai="3,4,9,12,15,72,77,82,98,102,107" m="22775" machi="82" ten="30,1000,0" yaku="25,1" doraHai="14" who="3" fromWho="2" sc="250,0,250,0,250,-10,250,10" /><INIT seed="1,0,0,4,4,131" ten="250,250,240,260" oya="1" hai0="27,110,47,23,121,62,89,96,91,109,69,116,115" hai1="75,95,127,10,123,36,7,61,88,97,64,49,122" hai2="39,11,68,105,56,35,41,70,57,79,77,15,90" hai3="104,92,9,106,125,45,81,58,18,108,32,42,134"/><U66/><E36/><V118/><F118/><W53/><G32/><T65/><D116/><U29/><E75/><V26/><F105/><W132/><G81/><T112/><D47/><U98/><E127/><V107/><F107/><W37/><G106/><T19/><D121/><U126/><E126/><V93/><F39/><W34/><G34/><T83/><D91/><U78/><E78/><V103/><F41/><W114/><G104/><T20/><D23/><U14/><E98/><V43/><F43/><W101/><G114/><T117/><D117/><U24/><E49/><V8/><F103/><W44/><G44/><T71/><D69/><U54/><E54/><V133/><F35/><W25/><G125/><T33/><D33/><U128/><E128/><V130/><F26/><W4/><G92/><N who="0" m="56335" /><D83/><U3/><E3/><V5/><F130/><W38/><G101/><T13/><D27/><U17/><E7/><V60/><F11/><W31/><G37/><T6/><D6/><U63/><E122/><V100/><F100/><W85/><G31/><T22/><D22/><N who="1" m="15511" /><E123/><V59/><F68/><W50/><G85/><T73/><D73/><U55/><E55/><V135/><F70/><W82/><G82/><T80/><D80/><U28/><E28/><V51/><F51/><W124/><G124/><T74/><D74/><U67/><AGARI ba="0,0" hai="10,14,17,61,63,64,66,67,88,95,97" m="15511" machi="67" ten="30,3000,0" yaku="8,1,54,1" doraHai="131" who="1" fromWho="1" sc="250,-10,250,30,240,-10,260,-10" /><INIT seed="1,1,0,2,1,7" ten="240,280,230,250" oya="1" hai0="85,80,52,98,122,111,27,16,92,42,24,100,60" hai1="41,75,83,29,11,103,55,56,10,64,5,70,125" hai2="133,102,1,87,119,90,135,22,39,2,19,49,69" hai3="9,76,13,68,118,79,112,130,84,3,63,93,44"/><U131/><E41/><V25/><F119/><W6/><G112/><T18/><D111/><U48/><E131/><V12/><F39/><W105/><G105/><T38/><D122/><U47/><E125/><V126/><F126/><W71/><G130/><T95/><D95/><U15/><E70/><V73/><F73/><W115/><G115/><T129/><D129/><U59/><E103/><V132/><F69/><W35/><G35/><T30/><D42/><U36/><E36/><V72/><F72/><W86/><G118/><T62/><D38/><U8/><E29/><N who="2" m="17591" /><F102/><W78/><G3/><T32/><D27/><U17/><E75/><V128/><F49/><W37/><G37/><T109/><D109/><U23/><E83/><N who="2" m="49535" /><F128/><W0/><G0/><T65/><D60/><N who="1" m="37919" /><E47/><V34/><F34/><W58/><G44/><T45/><D45/><U50/><E48/><V82/><F82/><N who="3" m="47175" /><G68/><T54/><D62/><U46/><E46/><V31/><F31/><W14/><G71/><T66/><D32/><U110/><E110/><V117/><F117/><W106/><G106/><T53/><D30/><U114/><E114/><V67/><F67/><N who="0" m="25610" /><D24/><AGARI ba="1,0" hai="5,8,10,11,15,17,23,24,50,55,56" m="37919" machi="24" ten="30,11600,0" yaku="8,1,52,3" doraHai="7" who="1" fromWho="0" sc="240,-119,280,119,230,0,250,0" /><INIT seed="1,2,0,2,3,128" ten="121,399,230,250" oya="1" hai0="62,54,68,18,84,32,31,36,93,76,114,109,97" hai1="28,130,34,70,27,129,135,60,1,53,82,118,40" hai2="8,131,21,116,35,37,67,102,6,87,105,10,45" hai3="59,4,55,83,80,134,39,26,107,98,12,11,96"/><U52/><E118/><V126/><F116/><W108/><G39/><T132/><D114/><U78/><E1/><V7/><F35/><W74/><G74/><T22/><D36/><U75/><E40/><V47/><F131/><N who="1" m="50185" /><E135/><V13/><F105/><W113/><G107/><T65/><D109/><U85/><E75/><V99/><F126/><W86/><G134/><T0/><D0/><U119/><E119/><V48/><F37/><W111/><G113/><T124/><D124/><U121/><E121/><V89/><F67/><AGARI ba="2,0" hai="27,28,34,52,53,60,67,70,78,82,85" m="50185" machi="67" ten="30,2900,0" yaku="19,1,54,1" doraHai="128" who="1" fromWho="2" sc="121,0,399,35,230,-35,250,0" /><INIT seed="1,3,0,5,5,102" ten="121,434,195,250" oya="1" hai0="38,82,86,49,129,74,39,23,25,96,114,112,37" hai1="104,58,53,56,15,17,131,26,61,32,18,89,20" hai2="14,66,134,77,107,115,92,132,116,128,65,85,70" hai3="119,22,93,48,76,108,19,24,135,50,95,16,28"/><U7/><E131/><V105/><F116/><W121/><G121/><T41/><D129/><U30/><E104/><N who="2" m="40011" /><F128/><W125/><G76/><T31/><D74/><U133/><E133/><N who="2" m="51307" /><F115/><W106/><G106/><T29/><D96/><U54/><E89/><N who="2" m="53295" /><F70/><W103/><G135/><T51/><D31/><U80/><E80/><V87/><F14/><W52/><G119/><T97/><D97/><U12/><E7/><V78/><F87/><W88/><G125/><T11/><D11/><U59/><E53/><V127/><F127/><W98/><G108/><T117/><D117/><U101/><E101/><V8/><F8/><AGARI ba="3,0" hai="8,12,15,17,18,20,26,30,32,54,56,58,59,61" machi="8" ten="30,1500,0" yaku="7,1" doraHai="102" who="1" fromWho="2" sc="121,0,434,24,195,-24,250,0" /><INIT seed="1,4,0,0,2,24" ten="121,458,171,250" oya="1" hai0="1,42,38,47,39,81,33,135,50,113,48,83,82" hai1="63,117,87,126,71,51,75,35,8,14,68,52,25" hai2="67,17,18,94,115,34,12,128,118,109,16,105,60" hai3="110,102,120,122,62,46,91,28,11,129,97,106,36"/><U134/><E75/><V27/><F118/><W99/><G129/><T6/><D113/><U4/><E117/><V89/><F105/><W114/><G114/><T86/><D135/><U93/><E134/><V0/><F0/><W2/><G110/><T41/><D33/><U69/><E126/><V40/><F115/><W121/><G62/><T37/><D6/><U96/><E87/><V29/><F109/><W104/><G91/><T44/><REACH who="0" step="1"/><D1/><REACH who="0" ten="111,458,171,250" step="2"/><U130/><E130/><V112/><F112/><W70/><G2/><T32/><D32/><U10/><E63/><V85/><F128/><W65/><G121/><T23/><D23/><U78/><E10/><V43/><REACH who="2" step="1"/><F12/><REACH who="2" ten="111,458,161,250" step="2"/><W73/><G122/><T132/><D132/><U61/><E14/><V103/><F103/><W64/><G102/><T9/><D9/><U76/><E8/><V57/><AGARI ba="4,2" hai="16,17,18,27,29,34,40,43,57,60,67,85,89,94" machi="57" ten="30,8000,1" yaku="1,1,0,1,52,1,54,1,53,1" doraHai="24" doraHaiUra="80" who="2" fromWho="2" sc="111,-24,458,-44,161,112,250,-24" /><INIT seed="2,0,0,3,4,133" ten="87,414,273,226" oya="2" hai0="35,103,29,0,31,86,14,46,132,112,65,91,50" hai1="78,26,83,98,130,70,47,27,80,131,129,68,88" hai2="13,52,125,128,120,100,37,33,55,113,107,111,134" hai3="114,87,84,121,43,75,54,53,45,72,22,51,30"/><V96/><RYUUKYOKU type="yao9" ba="0,0" sc="87,0,414,0,273,0,226,0" hai2="13,33,37,52,55,96,100,107,111,113,120,125,128,134" /><INIT seed="2,1,0,4,0,17" ten="87,414,273,226" oya="2" hai0="99,74,23,87,18,79,111,104,127,72,93,120,64" hai1="38,63,95,11,118,133,13,92,32,134,70,77,105" hai2="37,121,50,43,34,122,80,84,96,71,129,62,113" hai3="75,0,82,66,107,58,103,68,33,123,115,119,94"/><V20/><F113/><W4/><G58/><T59/><D120/><U52/><E105/><V88/><F37/><W39/><G94/><T28/><D111/><U83/><E118/><V48/><F34/><W36/><G103/><T16/><D127/><U27/><E38/><V10/><F129/><W53/><G82/><T56/><D74/><U69/><E27/><V57/><F71/><W65/><G53/><T116/><D116/><U29/><E29/><V110/><F110/><W81/><G81/><N who="0" m="47551" /><D72/><U131/><E131/><V30/><F10/><W41/><G41/><T31/><D104/><U46/><E32/><V130/><F130/><W76/><G66/><T78/><D78/><U126/><E126/><V51/><F43/><W2/><G65/><T128/><D128/><U40/><E40/><V89/><F121/><W91/><G76/><T135/><D135/><N who="1" m="51723" /><E70/><V1/><F1/><W44/><G68/><T85/><D85/><N who="1" m="48367" /><E69/><V124/><F124/><W24/><G123/><T97/><D18/><N who="1" m="8511" /><E46/><V73/><F122/><W90/><G39/><T112/><D112/><U3/><E3/><V42/><F42/><W55/><G36/><T49/><D59/><AGARI ba="1,0" hai="52,59,63,92,95" m="8511,48367,51723" machi="59" ten="30,2000,0" yaku="20,1,54,1" doraHai="17" who="1" fromWho="0" sc="87,-23,414,23,273,0,226,0" /><INIT seed="3,0,0,4,4,56" ten="64,437,273,226" oya="3" hai0="72,62,32,13,94,25,19,99,81,131,45,4,9" hai1="84,117,115,108,58,60,38,129,1,36,101,10,133" hai2="90,78,59,76,40,7,0,29,116,70,52,14,57" hai3="114,120,69,82,43,111,77,42,93,54,113,79,106"/><W51/><G106/><T11/><D131/><U39/><E115/><V97/><F70/><W132/><G120/><T80/><D72/><U55/><E129/><V123/><F116/><W68/><G93/><T50/><D32/><U110/><E117/><V22/><F0/><W89/><G89/><T23/><D9/><U21/><E133/><V33/><F33/><W41/><G82/><T49/><D49/><U104/><E84/><V118/><F118/><W48/><G79/><T24/><D25/><U47/><E47/><V64/><F40/><W46/><G77/><T44/><D44/><U63/><E63/><N who="2" m="38015" /><F123/><W125/><G132/><T87/><D87/><U53/><E53/><V6/><F97/><W30/><G30/><T102/><D80/><U65/><E65/><V85/><F29/><W37/><G37/><T28/><D81/><U86/><E86/><V112/><F112/><N who="3" m="43115" /><G125/><T2/><D2/><U12/><E1/><V18/><F78/><W95/><G95/><T83/><D83/><U119/><E119/><V71/><F76/><W135/><G135/><T17/><D28/><U96/><REACH who="1" step="1"/><E21/><REACH who="1" ten="64,427,273,226" step="2"/><V16/><F22/><W121/><G121/><T107/><D107/><U100/><E100/><V5/><F85/><W75/><G75/><T35/><D35/><U128/><E128/><V26/><F71/><N who="3" m="27211" /><G111/><T66/><D23/><U91/><E91/><V130/><F90/><W127/><G127/><T109/><D109/><U88/><E88/><V20/><F130/><W73/><G73/><T34/><D34/><U8/><E8/><N who="2" m="6215" /><F5/><AGARI ba="0,1" hai="5,10,12,36,38,39,55,58,60,96,101,104,108,110" machi="5" ten="40,2600,0" yaku="1,1,52,1,53,0" doraHai="56" doraHaiUra="31" who="1" fromWho="2" sc="64,0,427,36,273,-26,226,0" owari="64,-44.0,463,56.0,247,5.0,226,-17.0" /></mjloggm>