<mjloggm ver="2.3"><GO type="97" lobby="0"/><UN n0="%E3%82%A6%E3%83%AB%E3%83%88%E3%83%A9%E7%AB%8B%E7%9B%B4" n1="%E8%91%B5%E6%9C%88" n2="%E6%BF%A1%E3%82%8C%E3%82%8B%E3%83%83%EF%BC%81" n3="%42%6C%61%63%6B%43%79%63" dan="15,15,13,14" rate="1993.69,1889.23,1991.29,1930.15" sx="M,M,M,M"/><TAIKYOKU oya="0"/><INIT seed="0,0,0,2,2,66" ten="250,250,250,250" oya="0" hai0="33,114,131,69,75,118,3,121,40,27,99,58,125" hai1="90,79,11,59,7,0,56,67,73,111,38,80,55" hai2="42,50,12,68,41,48,108,62,135,102,123,109,32" hai3="122,113,13,92,34,10,45,70,14,126,60,112,53"/><T31/><D58/><U43/><E111/><N who="2" m="42571" /><F32/><W100/><G34/><T17/><D17/><U86/><E67/><N who="2" m="41079" /><F102/><W36/><G122/><T25/><D25/><U8/><E11/><V57/><F123/><W133/><G133/><T65/><D40/><N who="2" m="15466" /><F12/><W82/><G82/><T101/><D121/><U91/><E91/><V21/><F21/><W120/><G100/><T81/><D3/><U106/><E106/><V20/><F20/><W63/><G14/><T93/><D93/><U28/><E28/><V104/><F104/><W61/><G13/><T64/><D99/><U5/><E7/><V52/><F135/><W105/><G92/><T30/><D101/><U77/><E77/><V89/><F89/><W98/><G105/><T18/><D30/><U4/><E4/><V29/><F29/><W6/><G98/><T9/><D31/><U54/><E90/><V107/><F107/><W16/><G6/><T49/><D33/><U130/><E86/><V39/><F39/><W115/><G16/><T71/><D18/><U19/><E19/><V2/><F48/><N who="3" m="28815" /><G10/><T44/><D9/><U94/><E94/><V116/><F116/><W35/><G120/><T15/><D118/><U119/><E119/><V23/><F23/><W128/><G35/><T117/><D15/><U134/><E134/><V97/><F97/><W129/><G36/><T110/><D117/><U37/><E37/><V85/><F85/><W132/><G132/><T83/><D110/><U84/><E73/><V46/><F2/><W95/><G95/><T88/><D75/><U76/><E38/><V96/><F96/><RYUUKYOKU ba="0,0" sc="250,-10,250,-10,250,30,250,-10" hai2="46,50,52,57" /><INIT seed="1,1,0,3,3,125" ten="240,240,280,240" oya="1" hai0="46,108,97,123,19,0,98,104,56,2,25,49,87" hai1="116,135,110,64,113,119,6,29,20,8,32,59,60" hai2="126,106,48,101,67,18,79,133,14,118,69,35,103" hai3="91,93,37,42,54,22,74,38,131,65,82,92,94"/><U132/><E113/><V81/><F118/><W44/><G65/><T21/><D108/><U3/><E110/><V63/><F35/><W102/><G102/><T70/><D70/><U66/><E32/><V15/><F126/><W41/><G54/><T27/><D123/><U111/><E111/><V71/><F133/><N who="1" m="51273" /><E66/><V33/><F33/><W45/><G22/><T105/><D56/><U130/><E130/><V99/><F101/><W51/><G51/><T84/><D21/><U134/><N who="1" m="51281" /><U9/><DORA hai="55" /><E8/><V7/><F48/><W24/><G24/><AGARI ba="1,0" hai="3,6,9,20,24,29,59,60,64,116,119" m="51281" machi="24" ten="40,3900,0" yaku="20,1,52,1" doraHai="125,55" who="1" fromWho="3" sc="240,0,240,42,280,0,240,-42" /><INIT seed="1,2,0,3,4,16" ten="240,282,280,198" oya="1" hai0="121,17,84,10,98,8,128,99,15,49,66,18,32" hai1="129,55,33,134,96,31,37,117,62,40,35,114,77" hai2="59,45,26,20,101,69,122,125,92,61,79,14,97" hai3="120,74,60,36,72,93,27,43,56,133,4,9,89"/><U28/><E117/><V52/><F122/><W53/><G120/><T19/><D32/><U38/><E114/><V107/><F125/><W110/><G110/><T51/><D121/><U75/><E134/><V109/><F109/><W29/><G133/><T39/><D39/><U41/><E129/><V0/><F0/><W113/><G113/><T76/><D128/><U116/><E116/><V11/><F69/><W67/><G67/><T44/><D66/><U3/><E3/><V58/><F107/><W131/><G131/><T6/><D10/><U21/><E75/><V1/><F1/><W73/><G43/><N who="0" m="24735" /><D51/><U108/><E108/><V65/><F79/><W2/><G36/><T5/><D5/><U102/><E77/><V91/><F45/><W118/><G118/><T25/><D25/><U81/><E62/><N who="2" m="36167" /><F14/><W48/><G60/><T88/><D76/><U42/><E55/><V78/><F78/><W95/><REACH who="3" step="1"/><G89/><REACH who="3" ten="240,282,280,188" step="2"/><T82/><AGARI ba="2,1" hai="6,8,15,17,18,19,82,84,88,98,99" m="24735" machi="82" ten="30,2000,0" yaku="8,1,54,1" doraHai="16" who="0" fromWho="0" sc="240,36,282,-12,280,-7,188,-7" /><INIT seed="2,0,0,4,0,36" ten="276,270,273,181" oya="2" hai0="122,4,63,112,134,114,55,33,132,12,76,70,130" hai1="129,103,125,6,71,105,81,62,48,58,45,68,66" hai2="86,90,115,8,120,42,28,29,39,46,118,92,38" hai3="41,57,19,10,80,135,102,37,77,73,13,116,25"/><V107/><F118/><W3/><G116/><T15/><D33/><U133/><E6/><V74/><F115/><W21/><G135/><N who="0" m="51755" /><D122/><U16/><E133/><V1/><F107/><W101/><G57/><N who="0" m="35263" /><D70/><U31/><E31/><V65/><F65/><W72/><G72/><T87/><D130/><U78/><E129/><V88/><F120/><W123/><G123/><T49/><D49/><U59/><E125/><V53/><F53/><W20/><G20/><T47/><D47/><U56/><E16/><V61/><F61/><W51/><G51/><T93/><D15/><U109/><E109/><V83/><F38/><W40/><G3/><T124/><D124/><U121/><E121/><V52/><F52/><W127/><G127/><T79/><D79/><U75/><E71/><V84/><REACH who="2" step="1"/><F74/><REACH who="2" ten="276,270,263,181" step="2"/><W104/><G104/><T91/><D76/><U11/><E68/><V32/><F32/><W69/><G69/><T43/><D43/><U22/><E66/><V89/><F89/><W95/><G37/><T85/><D85/><U34/><E62/><V106/><F106/><W26/><G102/><T54/><D54/><U60/><E34/><V119/><F119/><W9/><G101/><T94/><D114/><U131/><E60/><V23/><F23/><W113/><G113/><T128/><D112/><U24/><E131/><V14/><F14/><W64/><G64/><T98/><D128/><U99/><E11/><V117/><F117/><W2/><G9/><T111/><D91/><U0/><E0/><V108/><F108/><W17/><G2/><T50/><D12/><U100/><E100/><RYUUKYOKU ba="0,1" sc="276,-10,270,-10,263,30,181,-10" hai2="1,8,28,29,39,42,46,83,84,86,88,90,92" /><INIT seed="2,1,1,5,1,109" ten="266,260,293,171" oya="2" hai0="112,18,45,131,66,99,13,118,68,53,134,124,7" hai1="42,36,17,31,32,127,101,28,11,120,77,62,130" hai2="29,9,85,103,122,93,135,35,38,30,21,19,50" hai3="67,37,92,40,108,10,41,3,105,54,16,0,15"/><V72/><F122/><W63/><G105/><T25/><D118/><U78/><E120/><V23/><F72/><W119/><G119/><T111/><D66/><U116/><E116/><V76/><F38/><W114/><G108/><T98/><D68/><U60/><E127/><V6/><F35/><W56/><G114/><T84/><D112/><U34/><E130/><V22/><F135/><W132/><G132/><T133/><D131/><U47/><E101/><V1/><F19/><W58/><G92/><T48/><D124/><U81/><E11/><V83/><REACH who="2" step="1"/><F50/><REACH who="2" ten="266,260,283,171" step="2"/><W121/><G121/><T20/><D111/><U102/><E17/><V107/><F107/><W104/><G104/><T39/><D39/><U71/><E34/><V46/><F46/><W64/><G37/><T27/><D133/><U79/><E32/><V70/><F70/><W89/><G89/><T90/><D134/><U55/><E71/><V87/><F87/><W97/><G97/><AGARI ba="1,2" hai="1,6,9,21,22,23,29,30,76,83,85,93,97,103" machi="97" ten="40,3900,0" yaku="1,1,53,1" doraHai="109" doraHaiUra="74" who="2" fromWho="3" sc="266,0,260,0,283,62,171,-42" /><INIT seed="2,2,0,3,0,97" ten="266,260,345,129" oya="2" hai0="62,24,71,25,133,128,131,88,120,8,49,72,11" hai1="124,45,113,111,63,0,134,65,37,43,47,55,91" hai2="129,109,17,68,123,121,107,125,76,108,104,95,20" hai3="1,35,64,56,119,12,66,74,135,54,7,100,77"/><V40/><F68/><W70/><G1/><T94/><D72/><U26/><E0/><V52/><F40/><W16/><G119/><T41/><D120/><N who="2" m="46154" /><F129/><N who="0" m="49738" /><D133/><U53/><E26/><N who="0" m="10345" /><D62/><U130/><E91/><V115/><F115/><W31/><G35/><T101/><D71/><N who="1" m="42431" /><E130/><V98/><F125/><W27/><G31/><T50/><D101/><U89/><E89/><N who="2" m="55663" /><F52/><N who="1" m="20041" /><E113/><V34/><F34/><W112/><G70/><T42/><D88/><U4/><E4/><V51/><F51/><N who="0" m="19466" /><D94/><U85/><E85/><V118/><F118/><W80/><G112/><T15/><D15/><U106/><E124/><V92/><F76/><W116/><G27/><T28/><D28/><U3/><E134/><V79/><F79/><W6/><G116/><T32/><D32/><U83/><E3/><V19/><F104/><W127/><G135/><T60/><D60/><U114/><E106/><V29/><F107/><W84/><G127/><T46/><D46/><N who="1" m="23919" /><E114/><V126/><F126/><W14/><G74/><T132/><D132/><U117/><E117/><V33/><F92/><W110/><G6/><T93/><D93/><U22/><E22/><V102/><F102/><W90/><G100/><T38/><D38/><U81/><E47/><V82/><F33/><W73/><G7/><T59/><D11/><U10/><E45/><V87/><F29/><W78/><G73/><T36/><D8/><U86/><E10/><V30/><F30/><W23/><G12/><T13/><D13/><U75/><E75/><V122/><F122/><W96/><G96/><T5/><D5/><U99/><E99/><V48/><F20/><RYUUKYOKU ba="2,0" sc="266,0,260,0,345,0,129,0" /><INIT seed="3,3,0,3,4,71" ten="266,260,345,129" oya="3" hai0="133,25,67,122,69,17,116,82,10,38,110,55,95" hai1="121,120,124,130,18,54,0,118,99,58,87,100,126" hai2="113,85,26,97,11,45,43,119,129,105,106,48,107" hai3="4,75,53,36,128,8,20,21,42,114,74,61,86"/><W47/><G114/><T89/><D38/><U65/><E0/><V16/><F113/><W132/><G132/><T14/><D110/><U76/><E18/><V59/><F119/><W127/><G127/><N who="1" m="48682" /><E65/><V90/><F129/><W63/><G128/><T44/><D133/><U1/><E1/><V9/><F59/><W49/><G86/><T96/><D116/><U125/><E130/><V84/><F84/><W57/><G63/><T123/><D69/><U60/><N who="1" m="48690" /><U39/><DORA hai="64" /><E118/><V78/><F97/><W108/><G108/><T12/><D67/><U94/><E39/><V104/><F78/><W3/><REACH who="3" step="1"/><G61/><REACH who="3" ten="266,260,345,119" step="2"/><T15/><D123/><U2/><E121/><V101/><F85/><W62/><G62/><T34/><D122/><U98/><E120/><V32/><F107/><W111/><G111/><T5/><D82/><N who="1" m="47559" /><E99/><V70/><F106/><W91/><G91/><T81/><D81/><U112/><E112/><V109/><F70/><W35/><G35/><T68/><D34/><U33/><E33/><V23/><F32/><W102/><G102/><T135/><D135/><U31/><E60/><V92/><F109/><W115/><G115/><T80/><D80/><U72/><E98/><N who="2" m="61623" /><F104/><W30/><G30/><T22/><D68/><U40/><E31/><V56/><F90/><W52/><G52/><T19/><D55/><U83/><E54/><V28/><F28/><W37/><G37/><T77/><D89/><U66/><E66/><V134/><F134/><W117/><G117/><T6/><D96/><U93/><E100/><V88/><F92/><W50/><G50/><RYUUKYOKU ba="3,1" sc="266,-10,260,-10,345,-10,119,30" hai3="3,4,8,20,21,36,42,47,49,53,57,74,75" /><INIT seed="3,4,1,3,3,106" ten="256,250,335,149" oya="3" hai0="45,135,52,84,53,70,19,75,68,122,132,121,43" hai1="128,66,72,82,134,11,129,14,2,41,57,18,87" hai2="39,125,93,62,74,42,118,120,112,65,88,17,20" hai3="97,116,24,32,113,99,40,101,100,76,15,98,79"/><W37/><G113/><T6/><D6/><U8/><E72/><V61/><F112/><W73/><G116/><T50/><D84/><U109/><E109/><V126/><F118/><W102/><G37/><T33/><D19/><U21/><E134/><N who="0" m="51241" /><D75/><U94/><E41/><V123/><F74/><W28/><G40/><T127/><D33/><U114/><E114/><V103/><F103/><W30/><G15/><T44/><D127/><N who="2" m="48650" /><F42/><W81/><G79/><T27/><D27/><U133/><E133/><V3/><F3/><W119/><G119/><T130/><D130/><N who="1" m="50283" /><E94/><V10/><F39/><W31/><AGARI ba="4,1" hai="24,28,30,31,32,73,76,81,97,98,99,100,101,102" machi="31" ten="40,3900,0" yaku="0,1,52,1" doraHai="106" who="3" fromWho="3" sc="256,-17,250,-17,335,-17,149,61" /><INIT seed="3,5,0,4,1,12" ten="239,233,318,210" oya="3" hai0="26,55,57,115,45,13,30,116,131,24,62,33,59" hai1="3,119,22,94,27,41,53,40,74,28,7,123,80" hai2="44,112,98,51,18,42,106,66,90,37,9,11,1" hai3="121,118,113,102,87,86,58,126,91,111,47,79,76"/><W78/><G113/><T71/><D115/><U23/><E123/><V132/><F112/><W108/><G118/><T114/><D114/><U25/><E119/><V48/><F66/><W95/><G121/><T127/><D116/><U35/><E53/><V96/><F132/><W39/><G58/><T0/><D0/><U21/><E94/><V20/><F1/><W133/><G133/><T63/><D71/><U83/><E74/><V14/><F98/><N who="3" m="59743" /><G47/><T97/><D127/><U81/><REACH who="1" step="1"/><E27/><REACH who="1" ten="239,223,318,210" step="2"/><V124/><F124/><W84/><G126/><T75/><D75/><U72/><E72/><V109/><F106/><W89/><G39/><T82/><D26/><U73/><E73/><V8/><F109/><AGARI ba="5,1" hai="76,78,79,84,86,87,89,91,108,109,111" m="59743" machi="109" ten="40,12000,1" yaku="14,1,10,1,34,2" doraHai="12" who="3" fromWho="2" sc="239,0,223,0,318,-135,210,145" owari="239,4.0,223,-18.0,183,-32.0,355,46.0" /></mjloggm>