<mjloggm ver="2.3"><GO type="97" lobby="0"/><UN n0="%52%79%64%65%65%6E" n1="%E7%B5%82%E6%97%A5%E5%96%AB%E7%85%99" n2="%E5%90%8D%E5%89%8D%E3%81%8C%E3%81%AA%E3%81%84%E3%81%AE%EF%BC%9F" n3="%E3%82%A6%E3%83%AB%E3%83%88%E3%83%A9%E7%AB%8B%E7%9B%B4" dan="13,15,13,15" rate="1875.07,1984.21,1871.90,2002.76" sx="M,M,M,M"/><TAIKYOKU oya="0"/><INIT seed="0,0,0,1,3,114" ten="250,250,250,250" oya="0" hai0="67,46,57,26,80,73,94,61,105,126,51,10,121" hai1="104,78,19,7,40,5,48,33,75,39,30,28,36" hai2="98,117,76,38,102,58,97,11,89,25,45,110,119" hai3="87,130,120,115,128,83,72,125,107,32,34,1,96"/><T86/><D121/><U6/><E104/><V79/><F110/><W101/><G1/><T88/><D105/><U35/><E19/><V42/><F89/><N who="3" m="51455" /><G120/><T9/><D126/><U64/><E64/><V54/><F25/><W106/><G115/><T111/><D111/><U108/><E108/><V44/><F44/><W93/><G32/><T14/><D26/><U31/><E78/><V41/><F41/><W12/><G12/><T133/><D133/><U65/><E65/><V123/><F11/><W103/><G34/><T122/><D122/><U91/><E91/><V55/><F123/><W116/><G72/><T99/><D73/><U47/><REACH who="1" step="1"/><E75/><REACH who="1" ten="250,240,250,250" step="2"/><V59/><F79/><W118/><G125/><T129/><D129/><N who="3" m="49769" /><G107/><T4/><D4/><U109/><E109/><V69/><F76/><W60/><G106/><T131/><D131/><U52/><E52/><V85/><F54/><W15/><G103/><N who="0" m="60919" /><D14/><U77/><E77/><V13/><F102/><W68/><G15/><T18/><D18/><U82/><E82/><V92/><F13/><W127/><G127/><T134/><D134/><U17/><E17/><V20/><F55/><AGARI ba="0,1" hai="9,10,46,51,55,57,61,67,80,86,88" m="60919" machi="55" ten="30,2900,0" yaku="8,1,54,1" doraHai="114" who="0" fromWho="2" sc="250,39,240,0,250,-29,250,0" /><INIT seed="0,1,0,2,4,27" ten="289,240,221,250" oya="0" hai0="1,125,61,48,29,119,93,4,98,52,22,87,11" hai1="66,86,54,33,41,23,18,35,70,104,36,117,96" hai2="62,14,17,85,15,69,68,58,40,89,131,20,94" hai3="53,56,113,6,63,77,7,72,123,134,130,30,19"/><T126/><D119/><U84/><E117/><V112/><F131/><W57/><G113/><T107/><D87/><U91/><E84/><V106/><F112/><W12/><G130/><T129/><D61/><U108/><E66/><V49/><F106/><W105/><G105/><T114/><D129/><U76/><E76/><V65/><F40/><W92/><G134/><T43/><D114/><U34/><E70/><V10/><F49/><W50/><G77/><T39/><D107/><U9/><E9/><V5/><AGARI ba="1,0" hai="5,10,14,15,17,20,58,62,65,68,69,85,89,94" machi="5" ten="20,1500,0" yaku="0,1,7,1" doraHai="27" who="2" fromWho="2" sc="289,-8,240,-5,221,18,250,-5" /><INIT seed="1,0,0,2,0,32" ten="281,235,239,245" oya="1" hai0="106,11,15,52,54,107,81,122,59,45,74,55,61" hai1="117,34,113,64,134,103,77,46,79,21,4,135,124" hai2="57,70,89,127,80,18,28,13,108,19,111,2,49" hai3="41,116,20,29,68,94,88,101,98,35,24,14,25"/><U62/><E34/><V131/><F70/><W37/><G68/><T50/><D122/><U44/><E117/><V125/><F28/><W87/><G116/><T100/><D74/><U7/><E103/><V93/><F80/><W51/><G37/><T92/><D81/><U17/><E113/><V26/><F131/><W10/><G41/><T84/><D107/><U63/><E124/><V114/><F114/><W76/><G51/><T119/><D106/><U16/><E21/><V72/><F72/><W60/><G60/><T67/><D119/><U39/><E39/><V65/><F26/><W53/><G53/><T82/><D92/><U56/><E56/><V91/><F13/><W129/><G76/><T128/><D100/><U42/><E42/><V66/><F57/><W12/><G10/><T121/><D121/><U109/><E109/><V130/><F93/><W0/><G0/><T47/><D47/><U6/><E6/><V97/><F97/><W27/><G129/><T40/><D128/><U123/><E123/><V104/><F104/><W43/><G43/><T83/><D84/><U69/><E69/><V99/><F99/><W86/><G86/><T33/><D33/><U120/><E120/><V3/><F130/><W126/><G126/><T133/><D133/><U90/><E90/><V36/><REACH who="2" step="1"/><F49/><REACH who="2" ten="281,235,229,245" step="2"/><W30/><G27/><T115/><D115/><U31/><E64/><V5/><F5/><AGARI ba="0,1" hai="5,11,15,40,45,50,52,54,55,59,61,67,82,83" machi="5" ten="40,2600,0" yaku="8,1,54,1" doraHai="32" who="0" fromWho="2" sc="281,36,235,0,229,-26,245,0" /><INIT seed="2,0,0,0,3,60" ten="317,235,203,245" oya="2" hai0="119,43,108,118,65,115,33,58,38,30,47,87,125" hai1="129,89,48,83,24,91,72,0,110,66,54,100,64" hai2="68,20,46,86,85,98,102,105,26,10,5,71,45" hai3="29,94,133,21,70,135,28,9,90,37,39,80,73"/><V4/><F71/><W122/><G122/><T14/><D108/><U2/><E110/><V112/><F112/><W79/><G9/><T31/><D115/><U103/><E129/><V88/><F68/><W117/><G70/><T134/><D134/><N who="3" m="51209" /><G117/><N who="0" m="44555" /><D33/><U75/><E24/><V127/><F127/><W1/><G1/><T22/><D87/><U123/><E83/><V84/><F5/><W92/><G92/><T78/><D78/><U61/><E48/><V77/><F77/><W106/><G106/><T19/><D125/><U62/><REACH who="1" step="1"/><E54/><REACH who="1" ten="317,225,203,245" step="2"/><V121/><F121/><AGARI ba="0,1" hai="0,2,61,62,64,66,72,75,89,91,100,103,121,123" machi="121" ten="25,12000,2" yaku="1,1,2,1,22,2,52,2,53,0" doraHai="60" doraHaiUra="55" who="1" fromWho="2" sc="317,0,225,130,203,-120,245,0" /><INIT seed="3,0,0,3,5,85" ten="317,355,83,245" oya="3" hai0="22,40,23,45,46,13,48,30,88,80,16,76,39" hai1="9,4,108,125,89,28,109,34,84,49,20,117,10" hai2="130,134,65,67,96,37,3,126,133,38,35,118,57" hai3="14,114,66,18,132,71,64,17,55,83,101,43,58"/><W90/><G114/><T77/><D39/><N who="2" m="14858" /><F35/><W93/><G132/><N who="2" m="50793" /><F3/><W24/><G43/><T50/><D30/><U32/><E117/><V120/><F120/><W11/><BYE who="2" /><G71/><T131/><D131/><U79/><E79/><V128/><F128/><W59/><G59/><T70/><D70/><U53/><E125/><V29/><F29/><W95/><G83/><T107/><D107/><U8/><E4/><V87/><F87/><W103/><G103/><T98/><D23/><U69/><E69/><V127/><F127/><W129/><G129/><T41/><D80/><U42/><E42/><V63/><F63/><N who="3" m="36319" /><G95/><AGARI ba="0,0" hai="13,16,22,40,41,45,46,48,50,76,77,88,95,98" machi="95" ten="40,8000,1" yaku="9,1,8,1,52,1,54,2" doraHai="85" who="0" fromWho="3" sc="317,80,355,0,83,0,245,-80" owari="397,49.0,355,16.0,83,-42.0,165,-23.0" /></mjloggm>