<mjloggm ver="2.3"><GO type="97" lobby="0"/><UN n0="%E3%81%B1%E3%81%93%E3%81%B1%E3%81%93" n1="%6E%61%6F%6E%6F%72%69" n2="%E6%94%BE%E6%B5%AA%E3%81%AE%E3%83%97%E3%83%AA%E3%83%B3%E3%82%B9" n3="%E3%82%A6%E3%83%AB%E3%83%88%E3%83%A9%E7%AB%8B%E7%9B%B4" dan="13,15,15,15" rate="1855.12,2049.18,2051.19,1980.89" sx="M,M,M,M"/><TAIKYOKU oya="0"/><INIT seed="0,0,0,2,0,121" ten="250,250,250,250" oya="0" hai0="46,127,112,75,41,101,16,62,21,102,28,43,128" hai1="36,39,100,49,82,74,133,55,123,50,76,6,110" hai2="134,42,120,89,135,27,40,44,15,45,24,19,30" hai3="103,118,83,57,115,64,38,104,4,107,66,96,84"/><T11/><D11/><U67/><BYE who="0" /><E123/><V93/><F120/><W95/><G38/><T20/><D20/><U132/><E100/><V94/><F30/><W7/><G118/><T122/><D122/><U9/><E67/><V3/><F3/><W8/><G115/><T119/><D119/><U33/><E33/><V77/><F77/><W125/><G7/><T48/><D48/><U69/><E69/><V25/><F45/><W81/><G125/><T61/><D61/><U1/><E110/><V99/><F94/><W87/><G57/><T26/><D26/><UN n0="%E3%81%B1%E3%81%93%E3%81%B1%E3%81%93" /><U68/><E49/><V113/><F113/><W80/><G8/><T52/><D112/><U51/><E51/><V37/><REACH who="2" step="1"/><F42/><REACH who="2" ten="250,250,240,250" step="2"/><N who="0" m="15882" /><D127/><U79/><E79/><V59/><F59/><W86/><REACH who="3" step="1"/><G4/><REACH who="3" ten="250,250,240,240" step="2"/><T60/><D128/><U126/><E126/><V98/><F98/><W22/><G22/><AGARI ba="0,2" hai="15,19,22,24,25,27,37,40,44,89,93,99,134,135" machi="22" ten="40,1300,0" yaku="1,1,53,0" doraHai="121" doraHaiUra="2" who="2" fromWho="3" sc="250,0,250,0,240,33,240,-13" /><INIT seed="1,0,0,4,4,100" ten="250,250,273,227" oya="1" hai0="3,122,93,41,21,32,85,39,112,43,74,120,55" hai1="35,8,26,133,83,71,87,49,62,102,92,67,10" hai2="109,89,31,4,127,123,96,23,73,104,17,64,40" hai3="47,46,80,59,75,81,45,132,90,11,94,28,126"/><U134/><E35/><V103/><F123/><W65/><G126/><T135/><D74/><U15/><E26/><V5/><F127/><W129/><G129/><T113/><D32/><U68/><E68/><V108/><F73/><W91/><G132/><N who="1" m="50794" /><E49/><V52/><F31/><W114/><G114/><T33/><D33/><U111/><E111/><N who="2" m="42571" /><F40/><W130/><G130/><T30/><D135/><U58/><E71/><V97/><F64/><W121/><G121/><N who="0" m="46699" /><D3/><U6/><E6/><V77/><F77/><W70/><G70/><T66/><D39/><U7/><E7/><V16/><F17/><W78/><G28/><T44/><D66/><U84/><E15/><N who="2" m="9631" /><F52/><W86/><G65/><T20/><D30/><U61/><E61/><V36/><F36/><W29/><G29/><T106/><D55/><U48/><E48/><V34/><F34/><W13/><G59/><T56/><D56/><U116/><E116/><V9/><F9/><N who="1" m="3689" /><E83/><V25/><F25/><W72/><G13/><T63/><D63/><U88/><E102/><V76/><F76/><W118/><G11/><T128/><D128/><U54/><E54/><V51/><F51/><W110/><G118/><T38/><D43/><U124/><E124/><V27/><F27/><W95/><G110/><T2/><D2/><U131/><E131/><V42/><F42/><W22/><G22/><N who="0" m="8811" /><D113/><U119/><E119/><V50/><F50/><W12/><G12/><T60/><D112/><U53/><E53/><V117/><F117/><W98/><G98/><AGARI ba="0,0" hai="58,62,67,84,87,88,92,98" m="3689,50794" machi="98" ten="30,2900,0" yaku="20,1,54,1" doraHai="100" who="1" fromWho="3" sc="250,0,250,29,273,0,227,-29" /><INIT seed="1,1,0,5,1,126" ten="250,279,273,198" oya="1" hai0="8,121,5,29,135,39,63,28,68,128,54,17,60" hai1="78,34,59,7,1,33,107,123,83,51,88,23,65" hai2="9,119,96,4,132,46,94,13,69,67,48,45,50" hai3="27,111,79,108,90,130,56,100,117,42,14,3,116"/><U64/><E123/><V31/><F119/><N who="3" m="45643" /><G3/><T81/><D39/><U112/><E112/><V16/><F132/><W98/><G79/><T103/><D121/><U11/><E107/><V102/><F69/><W129/><G42/><T72/><D135/><U41/><E78/><V61/><F31/><W99/><G14/><T62/><D68/><U15/><E34/><V58/><F4/><W32/><G56/><T125/><D125/><U114/><E114/><V22/><REACH who="2" step="1"/><F9/><REACH who="2" ten="250,279,263,198" step="2"/><W12/><G12/><T75/><D28/><U49/><E33/><V101/><F101/><W122/><G122/><T52/><D29/><U113/><E113/><V120/><F120/><W93/><G27/><T21/><D8/><U86/><E1/><V133/><F133/><W109/><G32/><T0/><D5/><U20/><E20/><V106/><F106/><AGARI ba="1,1" hai="90,93,98,99,100,106,108,109,111,129,130" m="45643" machi="106" ten="40,12000,2" yaku="14,1,12,1,34,2,52,2" doraHai="126" who="3" fromWho="2" sc="250,0,279,0,263,-123,198,133" /><INIT seed="2,0,0,1,1,52" ten="250,279,140,331" oya="2" hai0="28,59,20,112,113,10,117,41,126,91,5,114,84" hai1="110,105,32,72,118,61,38,14,31,12,107,7,49" hai2="127,131,128,3,96,109,43,121,46,70,95,36,103" hai3="22,9,23,13,135,73,90,124,98,11,29,34,125"/><V116/><F121/><W26/><G73/><T81/><D126/><N who="3" m="48745" /><G90/><T120/><D41/><U63/><E118/><V79/><F127/><W42/><G42/><T123/><D20/><N who="3" m="7721" /><G98/><T56/><D28/><U62/><E72/><V77/><F116/><W101/><G101/><T119/><D10/><N who="3" m="3593" /><G13/><T47/><D5/><U19/><E38/><V55/><F3/><W133/><AGARI ba="0,0" hai="26,29,34,133,135" m="3593,7721,48745" machi="133" ten="40,5200,0" yaku="18,1,34,2" doraHai="52" who="3" fromWho="3" sc="250,-13,279,-13,140,-26,331,52" /><INIT seed="3,0,0,5,2,135" ten="237,266,114,383" oya="3" hai0="64,123,103,89,56,124,65,57,111,74,114,85,72" hai1="119,131,106,52,32,93,46,94,130,73,24,91,31" hai2="44,86,62,14,121,66,118,108,26,21,70,122,84" hai3="68,76,95,100,54,30,101,116,125,33,0,97,112"/><W104/><G125/><T35/><D123/><U37/><E37/><V120/><F108/><W82/><G0/><T6/><D114/><U63/><E106/><V126/><F118/><W42/><G42/><T96/><D111/><U18/><E73/><V3/><F3/><W133/><G54/><T127/><D35/><U8/><E119/><V45/><F14/><W29/><G29/><T51/><D6/><U1/><E1/><V134/><F134/><W115/><G95/><T113/><D113/><U78/><E78/><V99/><F99/><W12/><G101/><T27/><D27/><U15/><E91/><V17/><F86/><W34/><G12/><T69/><D69/><U55/><E55/><V16/><F84/><W43/><G43/><T98/><D103/><U38/><E38/><V13/><REACH who="2" step="1"/><F126/><REACH who="2" ten="237,266,104,383" step="2"/><N who="0" m="48170" /><D85/><U128/><E63/><V11/><AGARI ba="0,1" hai="11,13,16,17,21,26,44,45,62,66,70,120,121,122" machi="11" ten="30,7900,0" yaku="1,1,0,1,13,1,54,1,53,0" doraHai="135" doraHaiUra="28" who="2" fromWho="2" sc="237,-20,266,-20,104,89,383,-39" owari="217,-18.0,246,5.0,193,-31.0,344,44.0" /></mjloggm>