<mjloggm ver="2.3"><GO type="41" lobby="0"/><UN n0="%55%53%4B" n1="%62%61%79%6D%6F%6F%6E" n2="%E3%82%A6%E3%83%AB%E3%83%88%E3%83%A9%E7%AB%8B%E7%9B%B4" n3="%E5%BF%83%E5%A1%B5" dan="14,14,16,13" rate="1880.10,1953.95,2025.93,1834.48" sx="M,M,M,M"/><TAIKYOKU oya="0"/><INIT seed="0,0,0,5,5,54" ten="250,250,250,250" oya="0" hai0="65,13,101,55,115,80,91,64,88,58,4,71,14" hai1="94,132,32,53,110,62,92,84,78,47,98,66,52" hai2="133,79,100,124,89,26,27,69,85,29,6,68,35" hai3="108,10,49,3,134,113,1,125,33,99,112,40,76"/><T37/><D115/><U39/><E132/><V111/><F133/><W15/><G134/><T87/><D37/><U57/><E110/><V38/><F38/><W34/><G108/><T106/><D71/><U2/><E2/><V61/><F111/><W81/><G99/><T129/><D129/><U50/><E32/><V43/><F43/><W44/><G125/><T36/><D36/><U93/><E39/><V16/><F79/><W31/><G3/><T116/><D116/><U42/><E98/><V28/><F6/><W126/><G1/><T9/><D106/><U97/><E97/><V30/><F100/><W74/><G126/><T18/><D101/><U119/><E119/><V109/><F109/><W59/><G34/><T117/><D91/><U46/><E46/><V0/><F0/><W131/><G131/><T86/><D87/><U20/><E20/><V130/><F130/><W72/><G72/><T82/><D82/><AGARI ba="0,0" hai="42,47,50,52,53,57,62,66,78,82,84,92,93,94" machi="82" ten="40,5200,0" yaku="8,1,52,1,54,1" doraHai="54" who="1" fromWho="0" sc="250,-52,250,52,250,0,250,0" /><INIT seed="1,0,0,1,0,32" ten="198,302,250,250" oya="1" hai0="58,99,73,91,102,133,84,70,0,14,113,46,90" hai1="47,114,19,25,82,77,43,39,64,103,83,74,18" hai2="68,52,94,104,42,35,44,80,29,71,127,135,7" hai3="107,41,105,1,27,4,23,37,75,45,34,110,54"/><U16/><E114/><V130/><F104/><W65/><G110/><T61/><D70/><U124/><E124/><V118/><F118/><W87/><G54/><T26/><D113/><U36/><E64/><V3/><F127/><W97/><G87/><T81/><D91/><U66/><E66/><V30/><F68/><W48/><G48/><T60/><D61/><U85/><E103/><V63/><F30/><W128/><G128/><T108/><D46/><U15/><E25/><V56/><F130/><W40/><G40/><T88/><D90/><U22/><REACH who="1" step="1"/><E39/><REACH who="1" ten="198,292,250,250" step="2"/><V31/><F71/><W106/><G65/><T78/><D26/><U53/><E53/><V89/><F135/><W21/><G27/><T111/><D133/><U92/><E92/><V112/><F112/><W121/><G107/><T122/><D122/><U9/><E9/><V24/><F31/><W59/><G106/><T28/><D111/><U76/><AGARI ba="0,1" hai="15,16,18,19,22,36,43,47,74,76,77,82,83,85" machi="76" ten="20,7800,0" yaku="1,1,0,1,7,1,54,1,53,0" doraHai="32" doraHaiUra="62" who="1" fromWho="1" sc="198,-26,292,88,250,-26,250,-26" /><INIT seed="1,1,0,2,5,48" ten="172,380,224,224" oya="1" hai0="63,54,72,112,39,22,76,106,122,97,103,12,88" hai1="29,132,35,129,32,123,85,23,121,126,38,115,127" hai2="57,71,65,47,98,91,101,14,80,92,94,69,40" hai3="18,77,9,8,59,125,135,131,46,128,99,118,119"/><U104/><E104/><V5/><F80/><W2/><G77/><T15/><D39/><U130/><E38/><V50/><F57/><W53/><G46/><T114/><D122/><N who="1" m="46603" /><E115/><V33/><F33/><N who="1" m="12873" /><E85/><V56/><F56/><W111/><G99/><T86/><D72/><U28/><E23/><V24/><F65/><W30/><G111/><T7/><D76/><U68/><E68/><V26/><F69/><W19/><G53/><T113/><D22/><U49/><E49/><V4/><F71/><W75/><G59/><T67/><D67/><U11/><E11/><N who="3" m="4170" /><G75/><T36/><D36/><U61/><E61/><V108/><F108/><W52/><G52/><T70/><D70/><U34/><E132/><V93/><F93/><W120/><G135/><T87/><D86/><U81/><E81/><V21/><F94/><W79/><G79/><T43/><D87/><U20/><E20/><V51/><F51/><W105/><G105/><T1/><D106/><U44/><E44/><V10/><F50/><W82/><G82/><T90/><D113/><U16/><E16/><N who="3" m="6186" /><G120/><T31/><D112/><U60/><E60/><V116/><F47/><W109/><G109/><T74/><D63/><U133/><E133/><V62/><F62/><W107/><G107/><T0/><D114/><U64/><E64/><V73/><F73/><W55/><G55/><T96/><D54/><U78/><E78/><V42/><F98/><W100/><G100/><T27/><D103/><U83/><E83/><V58/><F101/><W41/><G41/><T95/><D97/><U13/><E29/><V117/><F42/><RYUUKYOKU ba="1,0" sc="172,0,380,0,224,0,224,0" /><INIT seed="2,2,0,2,2,130" ten="172,380,224,224" oya="2" hai0="121,125,106,16,68,57,64,13,82,67,36,58,113" hai1="95,116,81,131,108,41,5,52,107,4,28,15,21" hai2="96,102,30,72,87,100,31,33,48,118,99,124,112" hai3="9,12,80,127,119,22,92,132,120,53,70,14,46"/><V54/><F72/><W7/><G119/><T23/><D113/><U0/><E107/><V101/><F118/><W59/><G120/><T18/><D121/><U8/><E116/><V90/><F112/><W19/><G70/><T93/><D106/><U88/><E131/><V1/><F1/><W10/><G127/><T126/><D36/><U62/><E41/><V74/><F74/><W114/><G114/><T63/><D68/><U115/><E115/><V86/><F124/><W109/><G109/><T60/><D82/><U85/><E108/><V91/><F33/><W79/><G92/><T20/><REACH who="0" step="1"/><D93/><REACH who="0" ten="162,380,224,224" step="2"/><U47/><E95/><V76/><F31/><W104/><G104/><T51/><D51/><U45/><E28/><V78/><F30/><W49/><G80/><T97/><D97/><N who="2" m="37450" /><F48/><W11/><G79/><N who="2" m="30249" /><F54/><W75/><G75/><T25/><AGARI ba="2,1" hai="13,16,18,20,23,25,57,58,60,63,64,67,125,126" machi="25" ten="30,7900,0" yaku="1,1,0,1,9,1,54,1,53,0" doraHai="130" doraHaiUra="84" who="0" fromWho="0" sc="162,95,380,-22,224,-41,224,-22" /><INIT seed="3,0,0,4,1,31" ten="257,358,183,202" oya="3" hai0="54,69,64,118,86,87,67,68,19,77,16,120,107" hai1="28,105,101,52,6,49,91,65,117,30,114,109,104" hai2="41,33,85,99,32,56,15,55,3,17,11,74,106" hai3="70,5,131,130,25,24,50,103,43,108,66,53,22"/><W115/><G115/><T125/><D107/><U60/><E114/><V96/><F74/><W79/><G79/><T26/><D77/><U119/><E6/><V29/><F3/><W72/><G72/><T81/><D81/><U94/><E109/><V126/><F126/><W78/><G78/><T88/><D125/><U23/><E104/><V36/><F41/><W112/><G112/><T42/><D42/><U21/><E105/><V12/><F36/><W82/><G82/><T38/><D38/><U62/><E101/><V8/><F29/><N who="1" m="11369" /><E65/><V134/><F85/><W10/><G108/><T73/><D73/><U102/><E102/><V80/><F80/><W110/><G103/><T133/><D26/><U63/><E119/><V57/><F106/><W132/><G110/><T75/><D75/><U135/><E117/><V40/><F40/><W20/><G66/><T45/><D45/><N who="1" m="27695" /><E135/><V127/><F127/><W129/><G132/><T9/><D133/><U51/><E51/><V34/><F134/><W37/><G70/><T98/><D67/><U7/><E7/><V92/><F55/><W123/><G123/><T44/><D64/><U100/><E100/><V97/><F92/><W116/><G116/><T84/><D54/><U1/><E1/><V2/><F2/><W18/><G43/><T47/><D69/><U39/><E39/><V46/><F46/><N who="3" m="27863" /><G37/><T76/><D68/><U0/><E0/><V58/><F17/><N who="3" m="12303" /><G10/><AGARI ba="0,0" hai="8,10,11,12,15,32,33,34,56,57,58,96,97,99" machi="10" ten="50,12000,2" yaku="29,2,28,2,52,3" doraHai="31" who="2" fromWho="3" sc="257,0,358,0,183,120,202,-120" /><INIT seed="4,0,0,2,1,6" ten="257,358,303,82" oya="0" hai0="104,70,98,29,80,75,5,102,106,128,112,28,79" hai1="107,76,130,85,44,135,10,58,31,52,38,99,11" hai2="53,88,113,89,97,26,96,7,87,24,92,105,20" hai3="124,60,81,123,47,23,16,18,69,64,34,62,119"/><T77/><D70/><U37/><E31/><V78/><F113/><W82/><G119/><T36/><D36/><U91/><E130/><V73/><F73/><W71/><G34/><T59/><D128/><U3/><E3/><V55/><F78/><W65/><G123/><T134/><D106/><U84/><E135/><V22/><F7/><W90/><G124/><T35/><D134/><U46/><E38/><V41/><F41/><W25/><G47/><N who="1" m="17962" /><E37/><V95/><F87/><N who="1" m="33353" /><E76/><V32/><F32/><W14/><REACH who="3" step="1"/><G90/><REACH who="3" ten="257,358,303,72" step="2"/><T0/><D35/><U66/><E107/><AGARI ba="0,1" hai="20,22,24,26,53,55,88,89,92,95,96,97,105,107" machi="107" ten="25,3200,0" yaku="22,2,54,1" doraHai="6" who="2" fromWho="1" sc="257,0,358,-32,303,42,72,0" /><INIT seed="5,0,0,5,4,23" ten="257,326,345,72" oya="1" hai0="14,91,2,55,130,86,62,129,117,121,102,76,104" hai1="84,56,15,73,124,109,11,72,70,32,8,27,82" hai2="119,128,30,112,13,92,36,80,94,10,38,105,118" hai3="120,68,19,24,125,110,131,115,100,53,12,83,65"/><U9/><E70/><V42/><F105/><W111/><G120/><T33/><D2/><U89/><E124/><V74/><F128/><W77/><G125/><T71/><D33/><U122/><E122/><V107/><F107/><W106/><G131/><T101/><D71/><U132/><E132/><V50/><F38/><W113/><G53/><T22/><D55/><U61/><E109/><V69/><F36/><W116/><G65/><T0/><D0/><U99/><E99/><V40/><F69/><W44/><G68/><T64/><D64/><U75/><E75/><V85/><F74/><W123/><G44/><T134/><D102/><U16/><E72/><V93/><F112/><N who="3" m="43083" /><G123/><T26/><D101/><U54/><REACH who="1" step="1"/><E73/><REACH who="1" ten="257,316,345,72" step="2"/><V37/><F119/><W5/><G116/><T51/><D117/><U31/><AGARI ba="0,1" hai="8,9,11,15,16,27,31,32,54,56,61,82,84,89" machi="31" ten="30,12000,1" yaku="1,1,2,1,0,1,52,1,54,1,53,0" doraHai="23" doraHaiUra="135" who="1" fromWho="1" sc="257,-40,316,130,345,-40,72,-40" /><INIT seed="5,1,0,5,0,35" ten="217,446,305,32" oya="1" hai0="135,82,118,65,95,79,26,106,90,105,122,8,85" hai1="52,84,10,27,25,123,16,134,129,47,29,36,32" hai2="60,83,117,33,12,74,11,64,45,71,133,57,46" hai3="2,103,15,48,114,125,24,96,98,28,43,86,88"/><U104/><E104/><V119/><F33/><W124/><G15/><T41/><D41/><U1/><E123/><V69/><F83/><W19/><G114/><T67/><D122/><U89/><E134/><V126/><F74/><W38/><G38/><T99/><D26/><U0/><E129/><V78/><F78/><W3/><G19/><T108/><D135/><U53/><E36/><V75/><F75/><W80/><G43/><T59/><D8/><U91/><E91/><V120/><F133/><W14/><G14/><T77/><D59/><U20/><E10/><V93/><F120/><W42/><G42/><T30/><D30/><U111/><E111/><V81/><F81/><W61/><G61/><T9/><D9/><U58/><E47/><V7/><F126/><N who="3" m="48747" /><G48/><T50/><D50/><U21/><E32/><V70/><F46/><W115/><G115/><T5/><D108/><U62/><E53/><V54/><F45/><W34/><G98/><T128/><D5/><U18/><E29/><V121/><F121/><W44/><G44/><T23/><D65/><U110/><E110/><V112/><F112/><W56/><G56/><T63/><D67/><U87/><E87/><V31/><F31/><W37/><G37/><T49/><D85/><U76/><E76/><V22/><F22/><W55/><G55/><T4/><D23/><U107/><E107/><AGARI ba="1,0" hai="2,3,24,28,34,80,86,88,96,103,107" m="48747" machi="107" ten="30,7700,0" yaku="18,1,52,2,54,1" doraHai="35" who="3" fromWho="1" sc="217,0,446,-80,305,0,32,80" /><INIT seed="6,0,0,2,1,0" ten="217,366,305,112" oya="2" hai0="82,103,38,90,129,51,117,133,42,32,13,36,105" hai1="102,122,121,2,15,3,24,66,85,62,28,14,106" hai2="68,92,69,20,27,43,135,6,109,134,23,57,100" hai3="44,22,26,47,45,50,123,1,65,126,77,18,63"/><V25/><F43/><W76/><G123/><N who="1" m="47114" /><E85/><V60/><F109/><W93/><G1/><N who="1" m="10" /><E102/><V35/><F35/><W88/><G126/><T128/><D103/><U114/><E106/><V71/><F100/><W12/><G50/><T56/><D105/><U120/><E120/><V130/><F92/><W96/><REACH who="3" step="1"/><G12/><REACH who="3" ten="217,366,305,102" step="2"/><T7/><D51/><U58/><E114/><V37/><F37/><W72/><G72/><T87/><D13/><U118/><E118/><V116/><F116/><W132/><G132/><T91/><D38/><U112/><E112/><V74/><F74/><W86/><G86/><T83/><D36/><U115/><E115/><V17/><F134/><W113/><G113/><T10/><D133/><U81/><E15/><V9/><F135/><W131/><G131/><T110/><D117/><U119/><E14/><V124/><F124/><W80/><G80/><T52/><D87/><U11/><E81/><V73/><F73/><W84/><G84/><T29/><D83/><U107/><E119/><V99/><F130/><W48/><G48/><T108/><D82/><U34/><E11/><V125/><F125/><W104/><G104/><T101/><D10/><U127/><E107/><V59/><F99/><W75/><G75/><T21/><D129/><U41/><E127/><V67/><F9/><W5/><G5/><T70/><D7/><U55/><E41/><V89/><F6/><W49/><G49/><T64/><D42/><U8/><E8/><V40/><F40/><W95/><G95/><T16/><D128/><U4/><E4/><V19/><F89/><W97/><G97/><RYUUKYOKU ba="0,1" sc="217,-30,366,10,305,10,102,10" hai1="24,28,34,55,58,62,66" hai2="17,19,20,23,25,27,57,59,60,67,68,69,71" hai3="18,22,26,44,45,47,63,65,76,77,88,93,96" /><INIT seed="6,1,1,3,2,86" ten="187,376,315,112" oya="2" hai0="22,110,14,113,20,17,7,108,98,26,93,2,25" hai1="95,87,33,0,65,42,9,67,119,107,135,36,53" hai2="34,59,77,105,82,88,3,64,97,79,132,24,18" hai3="6,74,83,51,61,48,122,72,60,10,28,11,57"/><V62/><F3/><W70/><G122/><T12/><D98/><U102/><E119/><V71/><F132/><W21/><G70/><T55/><D93/><U32/><E135/><V121/><F121/><W128/><G128/><T133/><D55/><U4/><E107/><V99/><F99/><W106/><G106/><T38/><D38/><U29/><E36/><V126/><F126/><W27/><G11/><T35/><D133/><U90/><E42/><V124/><F124/><W92/><G92/><T75/><D75/><U129/><E102/><V96/><F96/><W116/><G116/><T89/><D89/><U94/><E94/><V78/><F59/><W41/><G74/><T69/><D69/><U54/><E129/><V47/><F47/><W103/><G103/><T134/><D134/><U63/><E65/><V120/><F120/><W23/><G23/><T44/><D44/><U127/><E127/><V101/><F18/><W131/><G131/><T66/><D66/><U30/><E30/><N who="2" m="19783" /><F88/><W56/><G72/><AGARI ba="1,1" hai="62,64,71,72,77,78,79,82,97,101,105" m="19783" machi="72" ten="30,1500,0" yaku="25,1" doraHai="86" who="2" fromWho="3" sc="187,0,376,0,315,28,112,-18" /><INIT seed="6,2,0,1,0,3" ten="187,376,343,94" oya="2" hai0="29,79,44,123,39,112,32,25,111,116,78,103,67" hai1="73,66,11,104,57,99,95,5,17,18,52,16,51" hai2="55,83,68,80,12,22,85,128,30,1,97,13,119" hai3="28,4,76,94,109,42,19,75,62,27,46,36,0"/><V106/><F1/><W86/><G109/><T93/><D111/><U121/><E104/><V49/><F68/><W77/><G62/><T26/><D123/><U23/><E73/><V124/><F119/><W98/><G19/><T101/><D103/><U100/><E121/><V127/><F83/><W65/><G65/><T14/><D67/><U20/><REACH who="1" step="1"/><E66/><REACH who="1" ten="187,366,343,94" step="2"/><V45/><F128/><W60/><G75/><T38/><D116/><U47/><E47/><V126/><F106/><W102/><G46/><T58/><D44/><U82/><E82/><V120/><F120/><W125/><G42/><T35/><D93/><U113/><E113/><V31/><F97/><W90/><G36/><T6/><D39/><U40/><E40/><V69/><F69/><W53/><G125/><T72/><D38/><U133/><E133/><V92/><F92/><W91/><G98/><T129/><D72/><U48/><E48/><V10/><F80/><W63/><G94/><T135/><D112/><U134/><E134/><V70/><F70/><W15/><G53/><T50/><D50/><U21/><E21/><V122/><F122/><W2/><G102/><T8/><D101/><U59/><E59/><V117/><F117/><W114/><G114/><T130/><D58/><U56/><E56/><V131/><F131/><N who="0" m="50186" /><D135/><U34/><E34/><V108/><F108/><W87/><G28/><AGARI ba="2,1" hai="6,8,14,25,26,28,29,32,35,78,79" m="50186" machi="28" ten="30,2000,0" yaku="19,1,52,1" doraHai="3" who="0" fromWho="3" sc="187,36,366,0,343,0,94,-26" /><INIT seed="7,0,0,2,0,109" ten="223,366,343,68" oya="3" hai0="101,79,6,117,18,87,128,11,85,49,36,106,99" hai1="65,82,58,22,125,51,14,114,71,35,76,108,44" hai2="124,78,64,55,84,42,83,69,10,26,9,111,48" hai3="1,122,95,96,38,16,7,47,53,74,29,123,15"/><W131/><G74/><T105/><D36/><U54/><E35/><V135/><F111/><W56/><G29/><T70/><D70/><U91/><E108/><V32/><F124/><W120/><G131/><T100/><D117/><U40/><E125/><V46/><F135/><W13/><G1/><T50/><D18/><N who="1" m="10583" /><E71/><V43/><F26/><W89/><G7/><T57/><D87/><N who="1" m="48583" /><E114/><V77/><F32/><W17/><G38/><T25/><D25/><U129/><E129/><V110/><F110/><W93/><G47/><T94/><D57/><U107/><E107/><V2/><F2/><W92/><G56/><T60/><D60/><N who="1" m="38039" /><E91/><V103/><F77/><W127/><G127/><T112/><D50/><U90/><E90/><V4/><F64/><W68/><G68/><T5/><D11/><U134/><E134/><V73/><F69/><W33/><G33/><T121/><D6/><U102/><E102/><V3/><F73/><W104/><G104/><T63/><D94/><U86/><E86/><V37/><F37/><W28/><G28/><T81/><D81/><U0/><E0/><V98/><REACH who="2" step="1"/><F9/><REACH who="2" ten="223,366,333,68" step="2"/><W27/><G27/><T8/><D79/><U59/><E59/><V62/><F62/><W31/><G31/><T52/><D8/><U130/><E130/><V30/><F30/><W21/><REACH who="3" step="1"/><G53/><AGARI ba="0,1" hai="40,44,51,53,54" m="38039,48583,10583" machi="53" ten="30,1000,0" yaku="8,1" doraHai="109" who="1" fromWho="3" sc="223,0,366,20,333,0,68,-10" owari="223,-18.0,386,49.0,333,13.0,58,-44.0" /></mjloggm>