<mjloggm ver="2.3"><GO type="97" lobby="0"/><UN n0="%43%46%76%E5%91%86%E5%91%86" n1="%E5%B9%B3%E7%94%B0%E8%A3%95%E9%A6%99" n2="%72%75%6C%79%30%32%30%38" n3="%E3%82%A6%E3%83%AB%E3%83%88%E3%83%A9%E7%AB%8B%E7%9B%B4" dan="15,15,14,15" rate="1981.11,1996.41,1885.12,1994.91" sx="F,F,M,M"/><TAIKYOKU oya="0"/><INIT seed="0,0,0,0,2,97" ten="250,250,250,250" oya="0" hai0="130,124,65,104,52,31,22,11,61,98,32,73,72" hai1="81,84,45,117,46,18,15,80,116,127,93,118,79" hai2="62,47,126,41,58,59,112,83,99,89,26,23,63" hai3="69,120,49,71,34,134,56,132,10,24,25,7,8"/><T123/><D123/><U77/><E93/><V57/><F112/><W40/><G120/><T5/><D22/><U17/><E127/><V9/><F126/><W70/><G40/><T64/><D124/><U54/><E54/><V29/><F9/><N who="3" m="3691" /><G7/><T4/><D130/><U92/><E92/><V16/><F99/><W67/><G67/><T129/><D129/><U35/><E35/><V3/><F3/><W102/><G34/><T33/><D32/><U113/><E113/><V75/><F29/><W121/><G49/><T106/><D64/><U108/><E108/><V85/><REACH who="2" step="1"/><F75/><REACH who="2" ten="250,250,240,250" step="2"/><W101/><G121/><T1/><D72/><U36/><E36/><AGARI ba="0,1" hai="16,23,26,36,41,47,57,58,59,62,63,83,85,89" machi="36" ten="40,5200,0" yaku="1,1,2,1,54,1,53,0" doraHai="97" doraHaiUra="114" who="2" fromWho="1" sc="250,0,250,-52,240,62,250,0" /><INIT seed="1,0,0,3,4,72" ten="250,198,302,250" oya="1" hai0="38,102,98,123,126,73,51,107,53,2,29,56,15" hai1="113,117,32,130,70,36,93,116,52,45,44,49,62" hai2="94,120,132,20,66,23,83,24,101,11,28,134,13" hai3="58,121,119,80,114,124,89,78,128,6,122,26,125"/><U1/><E32/><V30/><F120/><N who="3" m="46187" /><G6/><T40/><D123/><U127/><E1/><V65/><F83/><W60/><G114/><T64/><D2/><U75/><E75/><V41/><F41/><W86/><G26/><T115/><D115/><U91/><E113/><V21/><F101/><W112/><G112/><T68/><D29/><N who="2" m="11370" /><F94/><N who="3" m="54583" /><G58/><T17/><D126/><N who="3" m="48745" /><G60/><N who="0" m="39943" /><D73/><U31/><E127/><V92/><F65/><W77/><G128/><T46/><D15/><U71/><E130/><V135/><F66/><W110/><G110/><T55/><D53/><U84/><E31/><N who="2" m="17823" /><F92/><W104/><G119/><T39/><D38/><U12/><E12/><V105/><F105/><W81/><G104/><T69/><D69/><U19/><E19/><AGARI ba="0,0" hai="11,13,19,20,21,132,134,135" m="17823,11370" machi="19" ten="30,3900,0" yaku="20,1,34,2" doraHai="72" who="2" fromWho="1" sc="250,0,198,-39,302,39,250,0" /><AGARI ba="0,0" hai="17,19,39,40,46,51,55,56,98,102,107" m="39943" machi="19" ten="30,1000,0" yaku="24,1" doraHai="72" who="0" fromWho="1" sc="250,10,159,-10,341,0,250,0" /><INIT seed="2,0,0,1,5,80" ten="260,149,341,250" oya="2" hai0="115,12,34,65,14,4,50,106,47,107,124,19,90" hai1="94,79,105,66,134,18,23,99,121,75,133,129,58" hai2="89,122,40,56,21,59,110,102,127,77,62,87,74" hai3="2,117,43,84,36,9,86,135,112,126,96,31,26"/><V13/><F122/><W39/><G117/><T128/><D115/><U44/><E105/><V51/><F127/><W60/><G126/><T68/><D124/><U98/><E121/><V54/><F102/><W64/><G135/><T91/><D34/><U101/><E129/><V30/><F110/><W82/><G112/><T130/><D4/><U93/><E44/><V100/><F100/><W116/><G116/><T109/><D109/><U61/><E79/><V6/><F74/><W125/><G125/><T81/><D65/><U123/><E75/><V1/><F77/><W132/><G96/><T16/><D81/><U28/><E123/><V0/><F40/><W67/><G82/><T3/><D3/><U73/><E73/><V46/><F46/><W119/><G43/><T92/><D68/><U7/><E7/><V10/><F21/><W131/><G119/><T37/><D47/><U69/><E69/><V41/><F30/><W83/><G83/><T33/><D50/><U52/><E66/><V95/><REACH who="2" step="1"/><F41/><REACH who="2" ten="260,149,331,250" step="2"/><W78/><G78/><T17/><D33/><U35/><E35/><V97/><F97/><W24/><G31/><T114/><D114/><U55/><E28/><V104/><F104/><W72/><G72/><T53/><D107/><U15/><REACH who="1" step="1"/><E55/><AGARI ba="0,1" hai="0,1,6,10,13,51,54,55,56,59,62,87,89,95" machi="55" ten="30,5800,0" yaku="1,1,7,1,52,1,53,0" doraHai="80" doraHaiUra="42" who="2" fromWho="1" sc="260,0,149,-58,331,68,250,0" /><INIT seed="2,1,0,4,0,13" ten="260,91,399,250" oya="2" hai0="125,74,56,12,58,46,109,75,130,113,2,70,108" hai1="62,128,31,96,102,129,55,89,66,98,16,131,132" hai2="34,100,24,81,23,133,59,127,77,115,54,68,84" hai3="123,88,120,126,22,57,95,106,112,94,41,121,42"/><V80/><F115/><W73/><G106/><T38/><D113/><U17/><E31/><V27/><F68/><W97/><G112/><T26/><D2/><U111/><E132/><V134/><F127/><W114/><G114/><T78/><D70/><U65/><E111/><N who="0" m="42569" /><D125/><U14/><E14/><V52/><F100/><W69/><G69/><T76/><D130/><U20/><E20/><V91/><F34/><W47/><G126/><T107/><D107/><U39/><E39/><V19/><F27/><W43/><G73/><N who="0" m="27659" /><D26/><U90/><E55/><V117/><F117/><W86/><G57/><N who="0" m="22123" /><D12/><U40/><E40/><AGARI ba="1,0" hai="38,40,46,76,78" m="22123,27659,42569" machi="40" ten="40,1300,0" yaku="14,1" doraHai="13" who="0" fromWho="1" sc="260,16,91,-16,399,0,250,0" /><INIT seed="3,0,0,5,3,105" ten="276,75,399,250" oya="3" hai0="8,119,39,113,26,72,53,115,80,25,76,6,34" hai1="62,110,55,94,102,109,17,99,106,12,35,68,74" hai2="36,13,50,10,88,1,126,78,101,51,84,0,2" hai3="21,15,32,132,4,66,120,24,114,77,61,104,86"/><W96/><G120/><T60/><D119/><U128/><E128/><V27/><F36/><W56/><G114/><N who="0" m="43531" /><D39/><U111/><E35/><V63/><F78/><W82/><G132/><T28/><D25/><U108/><N who="1" m="28160" /><DORA hai="7" /><U20/><E106/><V122/><F101/><W33/><G104/><T130/><D130/><U54/><E68/><V92/><F126/><W107/><G107/><T95/><D95/><U57/><REACH who="1" step="1"/><E54/><REACH who="1" ten="276,65,399,250" step="2"/><V31/><F122/><W48/><G33/><T67/><D53/><U85/><E85/><V131/><F84/><W14/><G32/><T123/><D123/><U58/><E58/><V127/><F131/><W5/><G96/><T42/><D34/><U64/><E64/><V125/><F127/><W40/><G5/><T22/><D67/><U44/><E44/><V83/><F125/><W79/><G4/><T71/><D71/><U134/><E134/><V100/><F63/><W98/><G98/><T23/><D60/><U16/><E16/><V75/><F75/><AGARI ba="0,1" hai="12,17,20,55,57,62,74,75,94,99,102" m="28160" machi="75" ten="70,8000,1" yaku="1,1,14,1,52,2,53,1" doraHai="105,7" doraHaiUra="97,81" who="1" fromWho="2" sc="276,0,65,90,399,-80,250,0" owari="276,8.0,155,-34.0,319,41.0,250,-15.0" /></mjloggm>