<mjloggm ver="2.3"><GO type="169" lobby="0"/><UN n0="%E5%8E%9F%E4%BA%BA%E3%81%A1%E3%82%83%E3%82%93" n1="%E3%80%93%E6%9D%BE%E4%BA%95%EF%BC%A3%EF%BC%B3%E3%80%93" n2="%E3%82%A6%E3%83%AB%E3%83%88%E3%83%A9%E7%AB%8B%E7%9B%B4" n3="%E4%B8%8B%E6%AE%B5%E3%83%81%E3%82%A7%E3%83%AA%E3%83%BC" dan="17,18,17,16" rate="2132.06,2226.98,2068.77,2074.53" sx="M,M,M,M"/><TAIKYOKU oya="0"/><INIT seed="0,0,0,4,3,100" ten="250,250,250,250" oya="0" hai0="5,78,102,125,79,71,115,11,96,114,66,91,87" hai1="109,110,126,56,62,37,52,104,120,44,129,22,88" hai2="29,15,74,92,111,131,51,58,64,77,46,82,108" hai3="63,40,18,25,47,10,128,31,121,69,84,73,86"/><T132/><D125/><U13/><E120/><V39/><F131/><W32/><G73/><T9/><D132/><U55/><E129/><V35/><F29/><W112/><G128/><T16/><D79/><U118/><E118/><V1/><F35/><W70/><G112/><T116/><D78/><U61/><E126/><V107/><F1/><W3/><G121/><T106/><D116/><U103/><E37/><V41/><F92/><W30/><G30/><T6/><D66/><U134/><E134/><V113/><F113/><W59/><G69/><T75/><D75/><U130/><E130/><V98/><F15/><W68/><G68/><T19/><D71/><U0/><E0/><V72/><F72/><W50/><G70/><T123/><D123/><U85/><E44/><V60/><REACH who="2" step="1"/><F39/><REACH who="2" ten="250,250,240,250" step="2"/><W21/><G3/><T89/><D115/><U45/><E13/><V94/><F94/><W90/><G32/><T135/><D114/><U81/><E110/><V101/><AGARI ba="0,1" hai="41,46,51,58,60,64,74,77,82,98,101,107,108,111" machi="101" ten="30,7900,0" yaku="1,1,0,1,52,1,53,1" doraHai="100" doraHaiUra="99" who="2" fromWho="2" sc="250,-39,250,-20,240,89,250,-20" /><INIT seed="1,0,0,4,1,41" ten="211,230,329,230" oya="1" hai0="93,76,72,61,13,102,26,121,124,52,7,53,86" hai1="57,51,49,126,67,44,135,78,66,75,14,92,38" hai2="85,0,5,50,133,82,64,119,107,42,106,34,122" hai3="55,60,99,29,28,56,94,132,100,117,2,31,22"/><U112/><E112/><V59/><F34/><W47/><G2/><T40/><D121/><U89/><E38/><V21/><F119/><W105/><G117/><T25/><D124/><U54/><E126/><V69/><F69/><W11/><G132/><T109/><D72/><U36/><E36/><V118/><F118/><W58/><G105/><N who="2" m="39945" /><F5/><W48/><G11/><N who="0" m="4351" /><D109/><U101/><E135/><V70/><F21/><W125/><G125/><T123/><D123/><U43/><E101/><V120/><F0/><W45/><REACH who="3" step="1"/><G22/><REACH who="3" ten="211,230,329,220" step="2"/><T87/><D61/><U63/><E63/><V131/><F133/><W116/><G116/><T81/><D40/><U74/><E74/><V23/><F23/><W88/><G88/><N who="0" m="53407" /><D102/><U103/><E103/><V108/><F42/><W128/><G128/><T113/><D113/><U134/><E134/><V6/><F131/><W20/><G20/><T110/><D110/><U130/><E130/><V37/><F108/><W96/><G96/><T90/><D90/><U80/><E14/><V35/><F122/><W77/><G77/><T104/><D104/><U9/><E9/><V10/><F10/><W114/><G114/><T84/><D84/><AGARI ba="0,1" hai="43,44,49,51,54,57,66,67,75,78,80,84,89,92" machi="84" ten="30,2900,0" yaku="7,1,52,1" doraHai="41" who="1" fromWho="0" sc="211,-29,230,39,329,0,220,0" /><INIT seed="1,1,0,4,5,9" ten="182,269,329,220" oya="1" hai0="56,4,95,113,1,121,14,135,17,67,87,73,49" hai1="77,128,48,26,76,100,29,70,125,127,110,116,42" hai2="69,18,114,62,60,131,41,65,38,23,107,36,33" hai3="81,105,16,130,123,61,119,50,75,66,129,22,103"/><U10/><E116/><V134/><F33/><W63/><G123/><T57/><D73/><U89/><E70/><V133/><F107/><W12/><G119/><T90/><D121/><U27/><E128/><N who="3" m="49258" /><G105/><T53/><D113/><U7/><E100/><V25/><F131/><W45/><G103/><T99/><D135/><U13/><E110/><V102/><F102/><W44/><G50/><T92/><D1/><U109/><E109/><V122/><F122/><W126/><G126/><N who="1" m="48138" /><E89/><V51/><F114/><W34/><G34/><T2/><D2/><U71/><E71/><V21/><F62/><N who="3" m="23563" /><G66/><T37/><D37/><U101/><E101/><V40/><F38/><W3/><G3/><T86/><D4/><U82/><E29/><V39/><F39/><W124/><G124/><T0/><D0/><U111/><E111/><V6/><F36/><W55/><G55/><T28/><D28/><U117/><E117/><V43/><F6/><W96/><G96/><T72/><D72/><N who="1" m="43271" /><E77/><AGARI ba="1,0" hai="12,16,22,44,45,75,77,81" m="23563,49258" machi="77" ten="30,3900,0" yaku="19,1,52,1,54,1" doraHai="9" who="3" fromWho="1" sc="182,0,269,-42,329,0,220,42" /><INIT seed="2,0,0,3,1,53" ten="182,227,329,262" oya="2" hai0="96,111,58,106,67,37,60,89,45,123,29,76,11" hai1="35,127,9,59,100,87,7,104,21,93,113,134,34" hai2="121,105,15,68,0,48,77,46,28,24,36,56,103" hai3="101,132,88,110,50,30,65,62,115,5,85,84,57"/><V114/><F0/><W86/><G115/><T52/><D123/><U90/><E113/><V1/><F1/><W81/><G132/><T124/><D111/><U91/><E127/><V55/><F114/><W44/><G110/><T64/><D124/><U38/><E38/><V72/><F68/><W108/><G108/><T10/><D76/><U12/><E134/><V26/><F121/><W61/><G5/><T27/><D67/><U40/><E40/><V80/><F26/><W66/><G30/><T131/><D131/><U2/><E100/><V14/><F103/><W6/><G6/><T128/><D128/><U31/><E104/><V20/><F105/><W71/><REACH who="3" step="1"/><G101/><REACH who="3" ten="182,227,329,252" step="2"/><T99/><D106/><U73/><E31/><V32/><F32/><W13/><G13/><T39/><D29/><U126/><E126/><V119/><F119/><W49/><G49/><T16/><D39/><U130/><E130/><V25/><F25/><W4/><G4/><T95/><D37/><U33/><E2/><V97/><F36/><W129/><G129/><T79/><D79/><U116/><E116/><V63/><REACH who="2" step="1"/><F97/><REACH who="2" ten="182,227,319,252" step="2"/><W83/><G83/><T22/><D99/><U18/><E33/><V42/><AGARI ba="0,2" hai="14,15,20,24,28,42,46,48,55,56,63,72,77,80" machi="42" ten="20,12000,1" yaku="1,1,2,1,0,1,7,1,52,1,53,0" doraHai="53" doraHaiUra="82" who="2" fromWho="2" sc="182,-40,227,-40,319,140,252,-40" /><INIT seed="2,1,0,2,3,124" ten="142,187,459,212" oya="2" hai0="7,114,35,64,58,2,69,94,14,0,53,79,42" hai1="82,19,32,80,104,98,101,73,23,84,70,121,83" hai2="68,38,127,24,29,96,45,62,106,1,118,60,77" hai3="63,86,109,90,50,25,95,27,108,52,10,56,92"/><V12/><F118/><W57/><G10/><T132/><D35/><U33/><E70/><V87/><F1/><W81/><G109/><T97/><D114/><U134/><E134/><V72/><F72/><W74/><G108/><T26/><D132/><U116/><E116/><V123/><F123/><W37/><G37/><T126/><D42/><U107/><E121/><V59/><F127/><W9/><G9/><T115/><D115/><U13/><E107/><V89/><F12/><W8/><G8/><T61/><D79/><U85/><E73/><V122/><F122/><W93/><REACH who="3" step="1"/><G74/><REACH who="3" ten="142,187,459,202" step="2"/><T120/><D120/><U28/><E33/><V41/><F38/><W100/><G100/><T91/><D126/><U47/><E32/><V16/><F68/><W48/><G48/><T76/><D69/><U99/><E101/><V18/><F62/><W110/><G110/><T65/><D61/><U103/><E103/><V20/><F60/><W31/><G31/><T34/><D2/><U133/><E28/><V75/><F29/><W21/><G21/><T55/><D0/><U6/><E6/><V54/><F20/><W129/><G129/><T51/><D7/><U4/><E4/><V102/><F102/><W112/><G112/><T46/><D51/><U119/><E119/><V66/><F75/><W117/><G117/><T15/><D34/><U39/><E133/><V113/><F113/><W67/><AGARI ba="1,1" hai="25,27,50,52,56,57,63,67,81,86,90,92,93,95" machi="67" ten="30,7900,0" yaku="1,1,0,1,8,1,54,1,53,0" doraHai="124" doraHaiUra="3" who="3" fromWho="3" sc="142,-21,187,-21,459,-40,202,92" /><INIT seed="3,0,0,4,3,106" ten="121,166,419,294" oya="3" hai0="18,132,61,100,76,35,104,99,130,122,40,67,123" hai1="86,60,14,38,81,96,110,89,43,52,85,39,94" hai2="54,34,101,82,69,115,120,119,126,6,7,77,64" hai3="88,102,10,103,48,32,93,78,128,118,20,23,113"/><W27/><G118/><T11/><D132/><U105/><E110/><V33/><F115/><W114/><G32/><T17/><D130/><U50/><E43/><V21/><F119/><W9/><G128/><T90/><D40/><U87/><E60/><V66/><F69/><W31/><G78/><T127/><D127/><U22/><E105/><V134/><F101/><N who="3" m="38411" /><G114/><T98/><D35/><U73/><E73/><V55/><F126/><W8/><G113/><T74/><D90/><U44/><E39/><V46/><F77/><W29/><G48/><T2/><D98/><U19/><REACH who="1" step="1"/><E38/><REACH who="1" ten="121,156,419,294" step="2"/><V37/><F37/><W13/><G13/><T71/><D123/><U65/><E65/><V124/><F66/><W56/><G56/><T116/><D122/><U112/><E112/><V70/><F64/><W68/><G68/><T92/><D104/><U121/><E121/><V131/><F70/><W57/><G57/><T63/><D63/><U3/><E3/><V1/><F120/><W111/><G111/><T30/><D2/><U72/><E72/><V117/><F1/><W0/><G0/><T129/><D74/><U47/><E47/><V24/><F46/><W109/><G109/><T84/><D129/><U15/><E15/><V91/><F131/><W58/><G58/><T16/><D116/><U49/><E49/><V135/><F124/><W12/><G12/><T25/><D11/><U45/><E45/><V80/><F117/><W59/><G59/><T133/><D61/><U36/><E36/><V26/><F134/><W95/><G88/><AGARI ba="0,1" hai="14,19,22,44,50,52,81,85,86,87,88,89,94,96" machi="88" ten="30,8000,1" yaku="1,1,7,1,8,1,54,2,53,0" doraHai="106" doraHaiUra="75" who="1" fromWho="3" sc="121,0,156,90,419,0,294,-80" /><INIT seed="4,0,0,2,4,12" ten="121,246,419,214" oya="0" hai0="119,36,90,26,46,3,61,111,37,114,109,13,32" hai1="95,66,102,135,120,9,121,86,103,23,31,85,30" hai2="74,71,99,24,65,8,128,50,83,59,15,35,93" hai3="33,113,38,43,88,100,56,125,25,58,129,11,106"/><T6/><D3/><U1/><E135/><V97/><F128/><W18/><G113/><T19/><D119/><U41/><E41/><V55/><F97/><W96/><G129/><T91/><D6/><U62/><E31/><V127/><F127/><W78/><G125/><T73/><D73/><U27/><E103/><V94/><F94/><W116/><G116/><T51/><D114/><U0/><E0/><V42/><F42/><W126/><G126/><T92/><D61/><U47/><E47/><V75/><F65/><W82/><G43/><N who="0" m="25055" /><D26/><U10/><E121/><V131/><F71/><W81/><G38/><N who="0" m="14955" /><D92/><U108/><E1/><V5/><F131/><W101/><G101/><T76/><D76/><U122/><E102/><V28/><F83/><W118/><G118/><T2/><D2/><U20/><E95/><V112/><F112/><W123/><G123/><T87/><D87/><U89/><E62/><V44/><F75/><W14/><G82/><T22/><D32/><U84/><E84/><V98/><F74/><W132/><G132/><T40/><D40/><U115/><E27/><V54/><F93/><W107/><G107/><T4/><D4/><U53/><E115/><V52/><F99/><W130/><G130/><T69/><D69/><U133/><E133/><V110/><F98/><W72/><REACH who="3" step="1"/><G88/><REACH who="3" ten="121,246,419,204" step="2"/><T45/><D91/><U80/><E89/><V57/><F35/><W64/><G64/><T124/><D90/><U21/><E122/><V70/><F70/><W29/><AGARI ba="0,1" hai="11,14,18,25,29,33,56,58,72,78,81,96,100,106" machi="29" ten="30,4000,0" yaku="1,1,0,1,52,1,53,0" doraHai="12" doraHaiUra="63" who="3" fromWho="3" sc="121,-20,246,-10,419,-10,204,50" /><INIT seed="5,0,0,2,0,44" ten="101,236,409,254" oya="1" hai0="132,82,51,67,30,102,60,91,13,107,81,104,47" hai1="133,69,123,99,52,86,115,23,100,29,105,127,57" hai2="3,10,83,68,40,22,5,33,35,134,62,12,1" hai3="24,97,98,42,119,7,108,80,43,32,41,70,2"/><U9/><E123/><V20/><F83/><W48/><G70/><T116/><D116/><U79/><E69/><V66/><F40/><W128/><G108/><T0/><D0/><U38/><E38/><V11/><F62/><W130/><G119/><T65/><D132/><U14/><E133/><V4/><F66/><W31/><G80/><T25/><D13/><U106/><E79/><V125/><F68/><W114/><G114/><T21/><D107/><U28/><E115/><V6/><F134/><W27/><G27/><T19/><D19/><U45/><E45/><V96/><F96/><W39/><G39/><T121/><D121/><U131/><E106/><V101/><F101/><W74/><G74/><T58/><D67/><U117/><E117/><V56/><F56/><W85/><G85/><T122/><D122/><U46/><E46/><V113/><F113/><W118/><G118/><T110/><D110/><U71/><E71/><V34/><F125/><W73/><G73/><T37/><D37/><U124/><E86/><V63/><F63/><W54/><G7/><T84/><D104/><U89/><E127/><V50/><F50/><W77/><G2/><T90/><D102/><U53/><E100/><V95/><F95/><W36/><G77/><N who="0" m="46159" /><D81/><U109/><E105/><V16/><F6/><W120/><G36/><T126/><D126/><U8/><E109/><V93/><F93/><W103/><G120/><T129/><D129/><N who="3" m="49769" /><G103/><T17/><D30/><U59/><E124/><V26/><F35/><W64/><G64/><T135/><D135/><U112/><E131/><V88/><F88/><RYUUKYOKU ba="0,0" sc="101,10,236,-30,409,10,254,10" hai0="17,21,25,47,51,58,60,65,90,91" hai2="1,3,4,5,10,11,12,16,20,22,26,33,34" hai3="24,31,32,41,42,43,48,54,97,98" /><INIT seed="6,1,0,0,3,2" ten="111,206,419,264" oya="2" hai0="71,119,42,126,38,18,26,74,121,133,48,79,124" hai1="106,112,61,43,27,99,128,66,33,37,44,9,129" hai2="19,80,10,59,123,58,86,116,127,96,87,108,3" hai3="67,110,95,63,17,16,40,36,34,118,8,132,54"/><V72/><F123/><W46/><G34/><T81/><D121/><U98/><E112/><V76/><F116/><W90/><G118/><T85/><D119/><U50/><E50/><V134/><F127/><W23/><G132/><T29/><D133/><U57/><E106/><V73/><F134/><W109/><G54/><T15/><D71/><U104/><E104/><V101/><F73/><W117/><G117/><T31/><D74/><U28/><E9/><V14/><F3/><W4/><G109/><T13/><D38/><U39/><E39/><V5/><F19/><W130/><G130/><AGARI ba="1,0" hai="27,28,33,37,43,44,57,61,66,98,99,128,129,130" machi="130" ten="40,1300,0" yaku="19,1" doraHai="2" who="1" fromWho="3" sc="111,0,206,16,419,0,264,-16" /><INIT seed="7,0,0,1,0,21" ten="111,222,419,248" oya="3" hai0="75,20,108,24,78,14,60,12,50,107,34,104,68" hai1="39,128,79,135,122,80,11,84,126,59,64,110,30" hai2="47,7,5,33,38,131,123,52,98,29,130,92,87" hai3="17,31,116,4,85,22,105,124,8,63,19,48,73"/><W127/><G73/><T77/><D108/><U114/><E122/><V41/><F123/><W132/><G105/><T112/><D112/><U25/><E39/><V53/><F87/><W74/><G74/><T88/><D34/><U36/><E36/><V46/><F29/><W69/><G116/><T70/><D75/><U90/><E135/><V67/><F67/><W15/><G132/><T76/><D50/><U94/><E128/><V51/><F33/><W117/><G117/><T44/><D44/><U35/><E126/><N who="3" m="48170" /><G48/><T121/><D121/><U26/><E30/><V55/><F7/><W6/><G85/><T27/><D60/><N who="1" m="37919" /><E35/><V72/><F5/><N who="3" m="2155" /><G63/><T0/><D78/><U125/><E110/><V96/><F72/><W54/><G54/><T45/><D45/><U9/><E114/><V23/><F55/><W42/><G42/><T49/><D49/><U86/><E125/><V95/><F53/><W13/><G69/><T101/><D101/><U10/><AGARI ba="0,0" hai="9,10,11,25,26,79,80,84,86,90,94" m="37919" machi="10" ten="30,4000,0" yaku="8,1,52,2" doraHai="21" who="1" fromWho="1" sc="111,-10,222,40,419,-10,248,-20" owari="101,-40.0,262,6.0,409,51.0,228,-17.0" /></mjloggm>