<mjloggm ver="2.3"><GO type="41" lobby="0"/><UN n0="%E3%81%82%E3%81%A3%E3%81%8D%E3%83%BC%E3%82%89%EF%BC%97%EF%BC%97%EF%BC%97" n1="%E3%82%A6%E3%83%AB%E3%83%88%E3%83%A9%E7%AB%8B%E7%9B%B4" n2="%E3%82%AF%E3%83%AA%E3%83%BC%E3%83%B3%E5%B0%BE%E5%B4%8E" n3="%E3%83%95%E3%83%AC%E3%83%B3%E3%83%81%E3%83%96%E3%83%AB" dan="14,16,14,14" rate="1949.74,2095.40,1838.69,1992.45" sx="M,M,M,M"/><TAIKYOKU oya="0"/><INIT seed="0,0,0,1,3,69" ten="250,250,250,250" oya="0" hai0="8,94,25,17,124,47,92,48,78,35,44,103,80" hai1="51,61,38,120,76,113,39,73,63,21,16,33,79" hai2="58,102,128,62,5,134,32,2,89,66,123,109,23" hai3="68,119,52,117,100,60,90,22,133,65,34,126,36"/><T108/><D124/><U72/><E33/><V91/><F32/><W26/><G34/><T49/><D108/><U118/><E51/><V87/><F109/><W101/><G126/><T98/><D35/><U99/><E99/><V93/><F128/><W121/><G121/><T37/><D37/><U96/><E96/><V24/><F134/><W112/><G36/><N who="1" m="13866" /><E21/><V125/><F125/><W70/><G70/><T9/><D92/><U115/><E16/><V107/><F107/><W105/><G133/><T97/><D97/><U130/><E118/><V132/><F102/><W40/><G40/><T67/><D67/><U127/><E127/><V64/><F5/><W45/><G90/><T55/><D25/><U3/><E3/><V15/><F15/><W43/><G43/><N who="0" m="24607" /><D17/><U104/><E104/><V4/><F4/><W30/><G105/><T83/><D78/><N who="1" m="29739" /><E130/><V14/><F14/><W116/><G101/><T135/><D135/><U29/><E29/><V106/><F106/><W12/><G12/><T75/><D75/><N who="1" m="28747" /><E120/><V56/><F2/><W86/><G100/><T57/><D47/><U59/><E59/><V46/><F56/><W122/><G122/><T6/><D6/><U82/><E82/><AGARI ba="0,0" hai="8,9,49,55,57,80,82,83,94,98,103" m="24607" machi="82" ten="30,1500,0" yaku="8,1" doraHai="69" who="0" fromWho="1" sc="250,15,250,-15,250,0,250,0" /><INIT seed="0,1,0,2,1,12" ten="265,235,250,250" oya="0" hai0="44,48,19,126,92,50,47,106,58,112,40,39,83" hai1="123,57,131,99,18,127,107,4,117,118,26,38,33" hai2="104,23,97,63,16,31,114,68,75,80,37,93,29" hai3="1,105,54,46,35,87,51,25,88,66,110,70,53"/><T61/><D106/><U52/><E38/><V22/><F104/><W94/><G1/><T72/><D112/><U101/><E123/><V135/><F37/><W86/><G110/><T81/><D126/><U30/><E131/><V82/><F135/><W67/><G105/><T119/><D119/><U96/><E127/><V91/><F82/><W3/><G3/><T36/><D92/><U62/><E4/><V65/><F114/><W108/><G70/><T71/><D71/><U45/><E45/><V24/><F75/><W55/><G108/><T21/><D39/><U122/><E122/><V84/><REACH who="2" step="1"/><F23/><REACH who="2" ten="265,235,240,250" step="2"/><W124/><G124/><T0/><D36/><U79/><E79/><AGARI ba="1,1" hai="16,22,24,29,31,63,65,68,79,80,84,91,93,97" machi="79" ten="30,12000,2" yaku="1,1,2,1,7,1,52,1,54,1,53,1" doraHai="12" doraHaiUra="13" who="2" fromWho="1" sc="265,0,235,-123,240,133,250,0" /><INIT seed="1,0,0,3,3,74" ten="265,112,373,250" oya="1" hai0="17,50,75,49,19,83,80,81,4,44,114,12,57" hai1="26,72,108,48,94,16,99,14,103,54,60,29,112" hai2="40,89,24,131,1,84,102,34,95,25,20,132,104" hai3="123,71,119,47,120,10,100,33,67,28,125,43,36"/><U66/><E72/><V68/><F68/><W62/><G119/><T42/><D114/><U78/><E112/><V22/><F34/><W37/><G37/><T124/><D124/><U126/><E126/><V27/><F1/><W21/><G125/><T30/><D30/><U61/><E108/><V59/><F132/><W6/><G21/><T15/><D75/><U101/><E101/><V82/><F104/><W106/><G10/><N who="0" m="4167" /><D15/><U85/><E66/><V113/><F40/><W77/><G6/><T45/><D57/><U7/><E7/><V107/><F107/><W18/><G18/><T129/><D129/><U69/><E69/><V58/><F131/><W56/><G77/><T87/><D87/><U31/><E31/><V133/><F133/><W13/><G13/><T39/><D39/><U118/><E118/><V32/><F32/><W127/><G56/><N who="2" m="21545" /><F113/><W130/><G130/><T93/><D93/><U96/><E96/><AGARI ba="0,0" hai="20,22,24,25,27,82,84,89,95,96,102" m="21545" machi="96" ten="30,1000,0" yaku="8,1" doraHai="74" who="2" fromWho="1" sc="265,0,112,-10,373,10,250,0" /><INIT seed="2,0,0,3,1,46" ten="265,102,383,250" oya="2" hai0="16,43,21,41,110,94,96,34,66,91,99,52,65" hai1="82,18,40,2,5,125,102,133,39,83,7,106,117" hai2="74,44,71,134,124,61,60,57,87,73,62,104,19" hai3="118,97,72,12,109,105,36,81,20,98,107,33,93"/><V38/><F104/><W89/><G33/><T32/><D110/><U127/><E40/><V135/><F71/><W132/><G36/><T75/><D75/><U63/><E39/><V54/><F124/><N who="1" m="47689" /><E63/><V3/><F3/><W31/><G109/><T126/><D126/><U111/><E111/><V14/><F87/><W53/><G118/><T128/><D128/><U116/><E102/><V51/><F73/><W10/><G98/><T95/><D34/><U80/><E2/><V48/><F74/><W86/><G132/><N who="2" m="50729" /><F38/><W122/><G122/><T130/><D32/><U112/><E133/><V25/><F25/><W123/><G72/><T64/><D130/><U24/><E106/><V85/><F85/><W120/><G123/><T77/><D77/><U129/><E129/><V70/><F70/><W59/><G120/><T50/><D94/><U37/><E37/><V69/><F69/><W6/><G81/><N who="1" m="20738" /><U55/><DORA hai="100" /><E55/><N who="2" m="30087" /><F62/><W101/><G86/><T1/><D1/><U42/><E42/><V119/><F119/><N who="1" m="45641" /><E112/><V30/><F30/><W114/><G114/><T78/><D78/><U58/><E58/><V90/><F61/><W56/><G56/><N who="0" m="32791" /><D96/><U35/><E35/><V131/><F60/><W76/><G76/><T23/><D23/><AGARI ba="0,0" hai="5,7,18,23,24" m="45641,20738,47689" machi="23" ten="40,1300,0" yaku="18,1" doraHai="46,100" who="1" fromWho="0" sc="265,-13,102,13,383,0,250,0" /><INIT seed="3,0,0,1,1,53" ten="252,115,383,250" oya="3" hai0="74,135,18,1,72,40,65,105,10,32,90,0,109" hai1="111,85,41,114,86,11,119,121,7,50,54,106,99" hai2="30,83,134,129,68,61,3,102,15,131,6,21,25" hai3="130,94,88,79,47,2,60,93,98,43,46,76,128"/><W28/><G2/><T62/><D105/><U97/><E121/><V71/><F3/><W48/><G28/><T75/><D32/><U49/><E114/><V73/><F102/><W123/><G123/><T59/><D109/><U58/><E119/><V31/><F31/><W14/><G94/><T26/><D135/><U87/><E111/><V24/><F6/><W81/><G47/><T34/><D34/><U17/><E17/><N who="2" m="10431" /><F24/><W80/><G60/><T27/><D40/><U45/><REACH who="1" step="1"/><E106/><REACH who="1" ten="252,105,383,250" step="2"/><V64/><F134/><W69/><G76/><T95/><D18/><U133/><E133/><V101/><F30/><W92/><G79/><T16/><D16/><U66/><E66/><V118/><F64/><W33/><G130/><T39/><D26/><U77/><E77/><V42/><F25/><W122/><G128/><T100/><D27/><U23/><E23/><V13/><F118/><W12/><G122/><T5/><D65/><U19/><E19/><V51/><F129/><W125/><G33/><T116/><D116/><U22/><E22/><V52/><F131/><W44/><G43/><T55/><D5/><U84/><N who="1" m="22016" /><DORA hai="29" /><U38/><E38/><V103/><F42/><W120/><G120/><T104/><D39/><U63/><E63/><V8/><F61/><W70/><G48/><T89/><D62/><U9/><E9/><V35/><F51/><W20/><G20/><T37/><D10/><U115/><E115/><V91/><F35/><W112/><G112/><T96/><D37/><U57/><E57/><V110/><F8/><W107/><G107/><T56/><D104/><RYUUKYOKU ba="0,1" sc="252,-10,105,30,383,-10,250,-10" hai1="7,11,41,45,49,50,54,58,97,99" /><INIT seed="4,1,1,0,3,59" ten="242,135,373,240" oya="0" hai0="103,9,127,126,64,101,28,122,27,3,25,70,135" hai1="14,65,61,100,83,47,77,112,120,26,52,104,123" hai2="131,42,114,128,71,79,130,30,4,81,5,40,41" hai3="56,111,16,15,35,115,2,7,20,54,88,78,50"/><T96/><D122/><U37/><E112/><V134/><F134/><W86/><G111/><T57/><D135/><U53/><E120/><V18/><F71/><W97/><G115/><T1/><D70/><U67/><E123/><V74/><F114/><W66/><G35/><N who="0" m="20879" /><D27/><U68/><E65/><V33/><F18/><W8/><G78/><T105/><D101/><U24/><E26/><AGARI ba="1,1" hai="4,5,26,30,33,40,41,42,74,79,81,128,130,131" machi="26" ten="50,1600,0" yaku="19,1" doraHai="59" who="2" fromWho="1" sc="242,0,135,-19,373,29,240,0" /><INIT seed="5,0,0,4,1,43" ten="242,116,402,240" oya="1" hai0="11,94,13,24,50,112,1,61,2,126,77,114,31" hai1="90,71,91,122,131,97,21,8,124,9,134,33,52" hai2="39,23,115,100,89,22,92,20,128,108,27,121,83" hai3="120,113,110,36,53,46,51,75,4,60,66,130,7"/><U82/><E33/><V67/><F39/><W123/><G110/><T37/><D37/><U93/><E122/><V30/><F128/><W32/><G32/><N who="0" m="20583" /><D126/><U98/><E71/><V57/><F115/><N who="0" m="44074" /><D77/><U44/><E131/><V70/><F70/><W49/><G75/><T135/><D135/><U116/><E134/><V41/><F41/><W18/><G113/><T62/><D94/><U28/><E124/><V107/><F83/><W133/><G130/><T129/><D129/><U125/><E125/><V59/><F100/><W5/><G36/><T34/><D34/><U15/><E116/><V105/><F107/><W99/><G99/><T14/><D50/><N who="1" m="28743" /><E28/><V10/><F105/><W118/><G51/><T101/><D101/><U58/><E58/><V55/><F57/><W106/><G118/><T47/><D2/><U87/><E98/><V19/><F59/><W16/><G106/><T3/><D3/><U132/><E132/><V95/><F30/><W38/><G38/><T6/><D47/><U79/><E79/><V85/><F27/><W68/><REACH who="3" step="1"/><G133/><REACH who="3" ten="242,116,402,230" step="2"/><T76/><D61/><U86/><E97/><V81/><F121/><AGARI ba="0,1" hai="4,5,7,16,18,46,49,53,60,66,68,120,121,123" machi="121" ten="40,8000,1" yaku="1,1,2,1,52,1,54,1,53,0" doraHai="43" doraHaiUra="54" who="3" fromWho="2" sc="242,0,116,0,402,-80,230,90" /><INIT seed="6,0,0,3,2,2" ten="242,116,322,320" oya="2" hai0="8,115,81,100,124,67,71,37,129,53,133,7,75" hai1="57,43,13,130,27,114,6,61,97,116,21,4,51" hai2="17,52,66,38,94,46,92,32,99,104,25,40,44" hai3="107,26,82,131,119,54,73,59,135,34,58,64,30"/><V65/><F104/><W109/><G119/><T11/><D115/><U24/><E116/><V111/><F92/><W84/><G109/><T88/><D124/><U62/><E114/><V20/><F32/><W16/><G73/><T102/><D129/><U112/><E112/><V118/><F111/><W23/><G131/><T69/><D133/><U76/><E130/><V48/><REACH who="2" step="1"/><F118/><REACH who="2" ten="242,116,312,320" step="2"/><W50/><G107/><T98/><D81/><U10/><E97/><V42/><F42/><W35/><G135/><T91/><D98/><U15/><E43/><V132/><F132/><W120/><G120/><T19/><D37/><U22/><E10/><V74/><F74/><W87/><G35/><T77/><D75/><U134/><E134/><V123/><F123/><W79/><G34/><T103/><D11/><U1/><E1/><V9/><F9/><W128/><G128/><T28/><D8/><U33/><E33/><V105/><F105/><W63/><G87/><T12/><D69/><U113/><E113/><V93/><F93/><W86/><G86/><T83/><D71/><U110/><E110/><V41/><F41/><W39/><G39/><T85/><D83/><U49/><REACH who="1" step="1"/><E57/><REACH who="1" ten="242,106,312,320" step="2"/><V29/><F29/><AGARI ba="0,2" hai="16,23,26,29,30,50,54,58,59,63,64,79,82,84" machi="29" ten="40,2600,0" yaku="8,1,54,1" doraHai="2" who="3" fromWho="2" sc="242,0,106,0,312,-26,320,46" /><INIT seed="7,0,0,0,1,66" ten="242,106,286,366" oya="3" hai0="88,7,33,105,120,80,51,103,99,130,70,61,129" hai1="30,31,0,127,111,133,100,43,131,68,41,119,123" hai2="72,20,4,109,56,95,9,54,135,134,83,52,101" hai3="38,76,78,6,122,94,24,75,108,5,82,64,58"/><W55/><G38/><T14/><D120/><U42/><E123/><V85/><F72/><W22/><G122/><T27/><D51/><U32/><E111/><V73/><F73/><W1/><G78/><T132/><D132/><N who="2" m="50730" /><F20/><W25/><G1/><T17/><D7/><U39/><E133/><V21/><F109/><W48/><G25/><T13/><D13/><U67/><E39/><V110/><F21/><W53/><G64/><T35/><D35/><U8/><E67/><V36/><F36/><W63/><G94/><T91/><D91/><U87/><E32/><V2/><F110/><W114/><G114/><T112/><D112/><U45/><E45/><V93/><F101/><W74/><G74/><T81/><D81/><U3/><E8/><V11/><F11/><W115/><G115/><T97/><D14/><U106/><E100/><V107/><F107/><W84/><G75/><T18/><D18/><U47/><E47/><V71/><F71/><W77/><G77/><T98/><D98/><U128/><E106/><V62/><F54/><W102/><G102/><T37/><D37/><U104/><E104/><V34/><F34/><W86/><G86/><T46/><D46/><U126/><E43/><V28/><F28/><W89/><G76/><AGARI ba="0,0" hai="2,4,9,52,56,62,76,83,85,93,95" m="50730" machi="76" ten="30,2000,0" yaku="20,1,54,1" doraHai="66" who="2" fromWho="3" sc="242,0,106,0,286,20,366,-20" owari="242,-16.0,106,-39.0,306,11.0,346,44.0" /></mjloggm>