<mjloggm ver="2.3"><GO type="97" lobby="0"/><UN n0="%E5%8B%9D%E8%B2%A0%E5%B8%AB%E2%99%AA" n1="%E3%82%A6%E3%83%AB%E3%83%88%E3%83%A9%E7%AB%8B%E7%9B%B4" n2="%E3%81%A7%E3%82%93%E3%81%A7%E3%82%93%E2%99%AA" n3="%70%75%72%75%33%38%35" dan="15,15,13,15" rate="1971.37,2000.73,1912.84,1974.86" sx="M,M,F,M"/><TAIKYOKU oya="0"/><INIT seed="0,0,0,1,1,73" ten="250,250,250,250" oya="0" hai0="9,111,102,67,53,128,16,100,19,33,59,5,78" hai1="101,84,92,7,54,103,14,11,41,91,40,110,122" hai2="1,63,112,37,31,22,68,17,28,82,57,60,64" hai3="105,79,115,0,49,85,74,86,44,15,120,47,130"/><T99/><D33/><U55/><E110/><V94/><F112/><W3/><G115/><T52/><D128/><U66/><E66/><V90/><F37/><W58/><G105/><T61/><D111/><U72/><E72/><V46/><F1/><W56/><G130/><T23/><D5/><U20/><E20/><V131/><F131/><W97/><G120/><T106/><D102/><N who="1" m="38923" /><E122/><V29/><F46/><W65/><G97/><T113/><D113/><U135/><E135/><V76/><F90/><W12/><G74/><T4/><D19/><U81/><E92/><V124/><F94/><W129/><G129/><T36/><D36/><U62/><E62/><V96/><F96/><W39/><G39/><T30/><D30/><U21/><E21/><V2/><F2/><W108/><G108/><T123/><D123/><U32/><E32/><V87/><F124/><W118/><G65/><T89/><D89/><U83/><E83/><V70/><REACH who="2" step="1"/><F63/><REACH who="2" ten="250,250,240,250" step="2"/><W109/><G109/><T107/><D107/><U88/><E91/><V95/><F95/><W8/><G49/><T51/><D51/><U13/><E88/><V71/><F71/><W43/><G43/><T125/><D125/><U6/><E41/><V10/><F10/><W80/><G8/><T24/><D78/><N who="1" m="46135" /><E40/><V116/><F116/><W121/><G121/><T133/><D133/><U45/><E45/><V27/><AGARI ba="0,1" hai="17,22,27,28,29,31,57,60,64,68,70,76,82,87" machi="27" ten="30,4000,0" yaku="1,1,0,1,52,1,53,0" doraHai="73" doraHaiUra="98" who="2" fromWho="2" sc="250,-20,250,-10,240,50,250,-10" /><INIT seed="1,0,0,1,4,52" ten="230,240,290,240" oya="1" hai0="42,124,97,7,63,53,36,73,46,48,69,37,74" hai1="23,120,92,108,111,126,21,16,39,93,57,5,68" hai2="14,35,9,17,110,100,2,43,13,107,112,25,38" hai3="1,3,20,24,76,125,64,11,49,85,6,62,98"/><U65/><E68/><V32/><F43/><W18/><G125/><T26/><D124/><U50/><E39/><V86/><F38/><W60/><G60/><T70/><D7/><U45/><E5/><N who="2" m="1207" /><F86/><W28/><G49/><T99/><D37/><U87/><E126/><V104/><F100/><W135/><G135/><T54/><D26/><N who="1" m="14631" /><E120/><V134/><F104/><W12/><G98/><T109/><D109/><N who="1" m="42059" /><E23/><N who="2" m="13551" /><F107/><W31/><G3/><T121/><D121/><U102/><E102/><V30/><F134/><W66/><G66/><T118/><D118/><U114/><E114/><V19/><F110/><W130/><G130/><T55/><D36/><U91/><E93/><V4/><F112/><W119/><G119/><T131/><D131/><U8/><E8/><N who="2" m="4231" /><F30/><W132/><G132/><T90/><D90/><U129/><E129/><V44/><F44/><W127/><G127/><T128/><D128/><U95/><E95/><V59/><F59/><N who="3" m="36959" /><G1/><T67/><REACH who="0" step="1"/><D69/><REACH who="0" ten="220,240,290,240" step="2"/><U22/><E91/><V29/><F29/><W71/><G71/><T106/><D106/><U0/><E0/><V88/><F88/><W33/><G31/><T82/><D82/><U81/><E81/><V94/><F94/><W72/><G76/><T122/><D122/><U40/><E92/><V51/><F51/><W34/><G72/><AGARI ba="0,1" hai="42,46,48,53,54,55,63,67,70,72,73,74,97,99" machi="72" ten="40,1300,0" yaku="1,1,53,0" doraHai="52" doraHaiUra="80" who="0" fromWho="3" sc="220,23,240,0,290,0,240,-13" /><INIT seed="2,0,0,5,0,90" ten="243,240,290,227" oya="2" hai0="64,88,95,67,104,42,51,46,11,9,116,20,128" hai1="100,21,13,133,101,47,107,35,76,43,124,127,81" hai2="110,134,10,66,37,40,97,71,118,32,129,84,121" hai3="29,14,49,62,63,92,65,109,103,58,0,117,3"/><V39/><F121/><W26/><G117/><T45/><D104/><U114/><E35/><V91/><F118/><W125/><G125/><N who="1" m="48202" /><E114/><V126/><F32/><W38/><G38/><T112/><D128/><U123/><E123/><V22/><F129/><W57/><G109/><T82/><D82/><U18/><E107/><V86/><F110/><W55/><G14/><T131/><D131/><U94/><E94/><V96/><F126/><W48/><G3/><T12/><D112/><U106/><E106/><V1/><F1/><W60/><G60/><T74/><D74/><N who="1" m="43159" /><E133/><V120/><F120/><W23/><G0/><T83/><D83/><U50/><AGARI ba="0,0" hai="13,18,21,43,47,50,100,101" m="43159,48202" machi="50" ten="30,1100,0" yaku="18,1" doraHai="90" who="1" fromWho="1" sc="243,-3,240,11,290,-5,227,-3" /><INIT seed="3,0,0,4,3,134" ten="240,251,285,224" oya="3" hai0="115,81,12,33,64,49,62,6,79,73,125,103,27" hai1="123,34,135,100,3,32,0,109,89,2,54,97,98" hai2="127,90,1,133,5,63,53,25,104,86,128,8,44" hai3="42,120,74,37,50,21,22,80,78,102,58,118,116"/><W131/><G120/><T129/><D129/><U111/><E123/><V121/><F121/><W19/><G131/><T77/><D77/><U48/><E89/><V24/><F128/><W31/><G37/><T88/><D103/><U70/><E70/><V10/><F133/><W91/><G102/><T23/><D115/><U40/><E40/><V76/><F104/><W7/><G7/><T117/><D33/><N who="1" m="12907" /><E100/><V101/><F101/><W30/><G91/><T60/><D49/><U95/><E95/><V132/><F132/><W114/><G114/><T122/><D122/><U67/><E67/><V17/><F76/><W14/><G42/><T110/><D110/><N who="1" m="41995" /><E135/><V82/><F127/><W43/><G43/><T83/><D125/><U105/><E105/><V52/><F53/><W92/><G92/><T130/><D130/><U94/><E94/><V41/><F41/><W11/><G11/><T108/><D108/><U113/><E113/><V35/><F35/><W75/><G75/><T51/><D117/><U39/><E39/><V57/><REACH who="2" step="1"/><F44/><AGARI ba="0,0" hai="0,2,3,44,48,54,97,98" m="41995,12907" machi="44" ten="40,1300,0" yaku="14,1" doraHai="134" who="1" fromWho="2" sc="240,0,251,13,285,-13,224,0" /><INIT seed="4,0,0,0,2,22" ten="240,264,272,224" oya="0" hai0="119,23,126,125,2,6,98,132,67,8,47,89,17" hai1="7,105,131,46,93,30,54,56,21,70,59,124,65" hai2="92,118,106,122,107,129,112,29,72,114,134,11,49" hai3="76,52,130,109,77,4,13,99,36,79,102,85,127"/><T33/><D119/><U108/><E105/><N who="2" m="39947" /><F122/><W87/><G130/><T116/><D116/><U90/><E70/><V133/><F72/><W91/><G36/><T3/><D67/><U113/><E108/><V97/><F118/><W53/><G127/><N who="0" m="48651" /><D47/><U50/><E131/><V5/><F29/><W0/><G0/><N who="0" m="71" /><D89/><U48/><E124/><V63/><F63/><W83/><G109/><T115/><D98/><U39/><E39/><V62/><F62/><W71/><G71/><T84/><D84/><U25/><E113/><N who="2" m="43627" /><F49/><W81/><G102/><T37/><D37/><U101/><E101/><N who="2" m="60583" /><F129/><W15/><G99/><T19/><D115/><U128/><E128/><V88/><F88/><N who="3" m="51247" /><G4/><T61/><D61/><N who="1" m="38079" /><E7/><V35/><F35/><W117/><G117/><T60/><D60/><N who="1" m="35863" /><E46/><V42/><F42/><W18/><G13/><AGARI ba="0,0" hai="5,11,13,133,134" m="60583,43627,39947" machi="13" ten="30,1000,0" yaku="15,1" doraHai="22" who="2" fromWho="3" sc="240,0,264,0,272,10,224,-10" /><INIT seed="5,0,0,3,4,89" ten="240,264,282,214" oya="1" hai0="107,79,61,77,5,47,127,100,101,39,78,134,2" hai1="132,34,81,30,57,97,49,42,73,83,9,115,96" hai2="4,102,8,74,23,63,129,108,91,14,15,24,55" hai3="71,130,19,94,88,86,16,17,12,116,75,117,50"/><U119/><E30/><V40/><F74/><W66/><G75/><T10/><D61/><U112/><E34/><V22/><F108/><W33/><G33/><T48/><D134/><U105/><E119/><N who="3" m="45642" /><G130/><T62/><D62/><U52/><E132/><V3/><F129/><W124/><G124/><T65/><D65/><U93/><E105/><V87/><F102/><W35/><G35/><T131/><D127/><U104/><E104/><V68/><F40/><W121/><G121/><T72/><D131/><U110/><E96/><V95/><F22/><N who="3" m="11527" /><G71/><T45/><D107/><U43/><E9/><V18/><REACH who="2" step="1"/><F55/><REACH who="2" ten="240,264,272,214" step="2"/><W64/><G50/><T90/><D72/><U13/><E43/><V44/><F44/><W123/><G123/><T29/><D45/><U85/><E42/><V53/><F53/><W36/><G36/><T38/><D101/><N who="1" m="60591" /><E110/><V133/><F133/><W111/><G111/><T76/><D100/><U51/><E51/><V26/><F26/><W118/><G118/><T58/><D39/><U82/><E73/><V69/><F69/><W31/><G31/><T32/><D29/><U7/><E112/><V80/><F80/><W1/><G1/><T125/><D38/><U6/><E115/><V128/><F128/><W54/><G54/><T106/><D125/><U56/><E56/><V60/><F60/><W103/><G103/><T92/><D58/><U67/><E67/><AGARI ba="0,1" hai="3,4,8,14,15,18,23,24,63,67,68,87,91,95" machi="67" ten="40,5200,0" yaku="1,1,52,1,53,1" doraHai="89" doraHaiUra="84" who="2" fromWho="1" sc="240,0,264,-52,272,62,214,0" /><AGARI ba="0,0" hai="17,19,64,66,67,86,88,94" m="11527,45642" machi="67" ten="30,7700,0" yaku="12,1,52,1,54,2" doraHai="89" who="3" fromWho="1" sc="240,0,212,-77,334,0,214,77" owari="240,-16.0,135,-36.0,334,43.0,291,9.0" /></mjloggm>