<mjloggm ver="2.3"><GO type="41" lobby="0"/><UN n0="%73%65%69%30%32%31%32" n1="%6B%69%6B%69%31%39%38%37" n2="%E3%82%A6%E3%83%AB%E3%83%88%E3%83%A9%E7%AB%8B%E7%9B%B4" n3="%E3%81%BE%E3%81%81%E9%9B%80" dan="14,13,16,15" rate="2106.35,1814.71,2061.14,1996.66" sx="M,M,M,M"/><TAIKYOKU oya="0"/><INIT seed="0,0,0,5,2,8" ten="250,250,250,250" oya="0" hai0="16,84,68,49,52,97,124,88,60,48,47,85,17" hai1="42,96,1,107,62,18,131,106,82,61,31,102,133" hai2="103,26,74,11,89,55,64,94,21,29,15,54,130" hai3="56,122,117,4,27,113,0,119,81,111,115,109,120"/><T134/><D134/><U76/><E133/><V41/><F74/><W114/><G81/><T33/><D33/><U73/><E131/><V125/><F130/><W116/><G56/><N who="0" m="34823" /><D124/><U86/><E1/><V112/><F125/><W20/><G4/><T80/><D68/><U65/><E31/><V104/><F112/><W71/><G71/><T69/><D69/><U70/><E61/><V128/><F128/><W110/><G0/><T45/><D85/><U121/><E121/><V90/><F41/><W23/><G23/><T66/><D97/><U129/><E129/><V101/><F64/><W24/><G24/><T132/><D66/><U25/><E42/><V63/><F90/><W53/><G53/><N who="2" m="19977" /><F63/><W36/><G36/><T39/><D39/><U126/><E126/><V7/><F104/><W118/><N who="3" m="30208" /><DORA hai="83" /><W40/><G40/><N who="0" m="24615" /><D132/><U57/><E70/><V87/><AGARI ba="0,0" hai="7,11,15,21,26,29,87,89,94,101,103" m="19977" machi="87" ten="30,4000,0" yaku="8,1,52,2" doraHai="8,83" who="2" fromWho="2" sc="250,-20,250,-10,250,40,250,-10" /><INIT seed="1,0,0,3,4,58" ten="230,240,290,240" oya="1" hai0="93,48,60,26,111,15,101,63,65,135,68,31,56" hai1="14,71,78,49,62,12,80,44,89,61,125,27,73" hai2="103,11,25,57,20,96,29,59,122,54,116,129,81" hai3="72,3,42,121,69,86,115,24,8,38,112,28,43"/><U75/><E125/><V21/><F122/><W39/><G86/><T30/><D111/><U95/><E75/><V131/><F116/><W104/><G24/><T134/><D15/><U51/><E27/><V97/><F11/><W17/><G28/><T124/><D48/><U40/><E51/><V1/><F1/><W19/><G8/><T79/><D79/><U70/><E12/><V117/><F117/><W99/><G3/><T13/><D13/><U85/><REACH who="1" step="1"/><E14/><REACH who="1" ten="230,230,290,240" step="2"/><V83/><F25/><W36/><G72/><T123/><D123/><U113/><E113/><V90/><F20/><W120/><G39/><T108/><D108/><U33/><E33/><V67/><F21/><W16/><G115/><T53/><D124/><U109/><E109/><V132/><F29/><W55/><G112/><T126/><D126/><U46/><E46/><V64/><F131/><W0/><G38/><T94/><D26/><U100/><E100/><V9/><F103/><W127/><G36/><T98/><REACH who="0" step="1"/><D94/><REACH who="0" ten="220,230,290,240" step="2"/><U88/><E88/><V6/><F90/><W2/><G127/><T77/><D77/><U34/><E34/><V92/><F92/><W7/><G120/><T37/><D37/><U114/><E114/><V74/><F129/><W107/><G121/><T18/><D18/><U66/><E66/><V119/><F67/><W82/><G19/><T47/><D47/><U10/><E10/><V22/><F64/><W23/><G17/><T87/><D87/><U102/><E102/><V45/><F9/><W128/><G16/><T35/><D35/><U106/><E106/><V50/><F45/><RYUUKYOKU ba="0,2" sc="220,15,230,15,290,-15,240,-15" hai0="30,31,53,56,60,63,65,68,93,98,101,134,135" hai1="40,44,49,61,62,70,71,73,78,80,85,89,95" /><INIT seed="1,1,2,5,5,93" ten="235,245,275,225" oya="1" hai0="4,102,27,77,98,134,80,52,87,115,56,60,9" hai1="36,106,69,108,37,11,124,47,66,8,42,45,74" hai2="20,130,82,51,121,13,71,99,29,19,5,30,57" hai3="44,133,78,40,73,34,97,35,1,127,32,88,53"/><U14/><E106/><V61/><F71/><W50/><G1/><T107/><D115/><U67/><E74/><V3/><F121/><W83/><G133/><T114/><D114/><U0/><E14/><V118/><F118/><W68/><G68/><T104/><D134/><U128/><E128/><V17/><F130/><W22/><G127/><T39/><D39/><U75/><E75/><V132/><F132/><W15/><G15/><T54/><D27/><U55/><E0/><V21/><F51/><W33/><N who="3" m="8704" /><DORA hai="64" /><W92/><REACH who="3" step="1"/><G22/><REACH who="3" ten="235,245,275,215" step="2"/><T6/><D6/><U7/><E7/><V131/><F5/><W31/><G31/><T100/><D4/><U117/><E124/><V125/><F3/><W129/><G129/><T116/><D116/><U103/><E117/><V12/><F125/><W111/><G111/><T119/><D119/><U85/><E108/><V26/><F131/><W23/><G23/><T126/><D126/><U46/><E11/><V112/><F29/><W94/><G94/><T72/><D9/><U135/><E8/><V18/><F12/><W58/><G58/><T28/><D28/><U25/><E135/><V38/><F13/><W113/><G113/><T24/><D24/><U123/><E25/><V101/><F112/><W90/><G90/><T10/><D10/><U84/><E103/><V76/><F21/><W110/><G110/><T65/><D72/><U91/><E91/><V86/><F20/><W96/><G96/><AGARI ba="1,3" hai="52,54,56,60,65,77,80,87,96,98,100,102,104,107" machi="96" ten="40,8000,1" yaku="9,1,52,2,54,1" doraHai="93,64" who="0" fromWho="3" sc="235,113,245,0,275,0,215,-83" /><INIT seed="2,0,0,4,4,123" ten="348,245,275,132" oya="2" hai0="23,70,12,33,107,14,37,7,113,106,87,52,125" hai1="17,59,132,16,116,105,42,81,5,83,121,50,61" hai2="62,60,24,2,98,8,67,68,63,22,34,39,93" hai3="6,135,94,101,72,54,75,49,30,89,20,74,97"/><V117/><F34/><W120/><G120/><T10/><D113/><U0/><E121/><V104/><F39/><W40/><G135/><T31/><D33/><U13/><E132/><V56/><F104/><W110/><G6/><T19/><D70/><U100/><E116/><V1/><F117/><W66/><G40/><T102/><D37/><U45/><E0/><V26/><F26/><W9/><G66/><T90/><D31/><U92/><E105/><V29/><F68/><W27/><G9/><T36/><D36/><U91/><E100/><V28/><F28/><W112/><G112/><T11/><D23/><U114/><E114/><V126/><F126/><W86/><G110/><T32/><D32/><U108/><E108/><V4/><REACH who="2" step="1"/><F2/><REACH who="2" ten="348,245,265,132" step="2"/><W124/><G124/><T131/><D125/><U65/><E5/><V84/><F84/><W95/><G75/><T82/><D107/><U73/><E73/><V127/><F127/><W57/><AGARI ba="0,1" hai="20,27,30,49,54,57,72,74,86,89,94,95,97,101" machi="57" ten="20,1500,0" yaku="0,1,7,1" doraHai="123" who="3" fromWho="3" sc="348,-4,245,-4,265,-7,132,25" /><INIT seed="3,0,0,2,2,98" ten="344,241,258,157" oya="3" hai0="88,79,2,34,11,86,62,7,32,126,123,127,23" hai1="111,116,102,39,118,56,114,105,18,100,59,44,97" hai2="112,46,107,91,121,10,80,106,5,48,76,135,68" hai3="95,21,113,133,60,64,117,65,66,122,15,84,37"/><W61/><G122/><T124/><D123/><U89/><E18/><V3/><F68/><W94/><G37/><T54/><D79/><U26/><E26/><V12/><F112/><W78/><G113/><T74/><D74/><U42/><E114/><V17/><F121/><W9/><G117/><N who="1" m="45162" /><E111/><V49/><F135/><W41/><G41/><T115/><D23/><U6/><E89/><V58/><F58/><W87/><G21/><T82/><D115/><U83/><E83/><V28/><F49/><W109/><G109/><T14/><D2/><U50/><E6/><V67/><F67/><N who="3" m="17155" /><W20/><DORA hai="47" /><G20/><T33/><D62/><N who="3" m="24169" /><G133/><T93/><D54/><U85/><E85/><N who="3" m="32842" /><G78/><T19/><REACH who="0" step="1"/><D7/><AGARI ba="0,0" hai="7,9,15,94,95" m="32842,24169,17155" machi="7" ten="40,2000,0" yaku="8,1" doraHai="98,47" who="3" fromWho="0" sc="344,-20,241,0,258,0,157,20" /><INIT seed="3,1,0,5,3,7" ten="324,241,258,177" oya="3" hai0="46,20,100,11,23,103,109,36,28,122,113,49,55" hai1="15,1,9,59,56,96,80,62,47,111,85,3,61" hai2="0,125,18,19,44,26,25,73,101,53,81,2,14" hai3="48,118,126,31,77,107,83,29,90,135,67,10,127"/><W129/><G107/><T121/><D36/><U115/><E115/><V42/><F101/><W22/><G118/><T76/><D113/><U105/><E111/><V124/><F53/><W33/><G135/><T16/><D109/><U24/><E24/><V37/><F81/><W132/><G132/><T116/><D116/><U12/><E105/><V30/><F73/><W99/><G129/><T88/><D76/><U8/><E96/><V120/><F44/><W60/><G33/><T92/><D28/><U112/><E112/><V40/><F14/><N who="1" m="5161" /><E47/><V102/><F102/><N who="0" m="38954" /><D122/><U89/><E3/><V86/><F86/><N who="3" m="48495" /><G48/><T74/><D74/><U84/><E1/><V27/><F27/><W45/><G45/><T32/><D32/><U21/><E21/><V98/><F98/><W110/><G22/><T63/><D63/><N who="1" m="24075" /><E84/><V94/><F120/><W39/><G110/><T97/><D121/><U95/><E80/><V75/><F75/><W52/><G39/><T58/><D46/><U130/><E130/><V114/><F114/><W117/><G117/><T66/><D66/><U104/><E104/><V51/><F37/><W43/><G67/><T6/><D6/><U13/><N who="1" m="5169" /><AGARI ba="1,0" hai="11,13,16,20,23,49,55,58,88,92,97" m="38954" machi="13" ten="30,8000,1" yaku="3,1,8,1,52,1,54,2" doraHai="7" who="0" fromWho="1" sc="324,83,241,-83,258,0,177,0" /><INIT seed="4,0,0,1,1,32" ten="407,158,258,177" oya="0" hai0="5,71,75,54,117,6,100,132,108,130,79,109,103" hai1="123,30,97,49,46,38,42,40,80,18,111,104,48" hai2="99,121,93,53,61,63,59,68,1,58,14,16,122" hai3="66,90,85,76,107,135,118,114,55,3,119,11,112"/><T21/><D117/><N who="3" m="44553" /><G66/><T12/><D71/><U113/><E30/><V83/><F83/><N who="3" m="47335" /><G55/><T62/><D75/><U17/><E80/><V126/><F126/><W102/><G11/><T129/><D79/><U7/><E97/><V25/><F68/><W94/><G3/><T35/><D35/><U9/><E104/><V51/><F51/><W87/><G135/><T50/><D62/><U134/><E134/><V105/><F105/><W43/><G43/><T110/><D21/><U8/><E111/><V81/><F81/><W0/><G0/><T24/><D24/><U15/><E123/><V41/><F41/><W26/><G26/><T128/><D132/><U34/><E113/><N who="3" m="43626" /><G107/><T20/><D20/><U96/><E34/><V13/><F1/><W2/><G2/><T22/><D22/><U23/><E40/><V29/><F29/><W39/><G39/><T52/><D12/><U95/><E18/><V78/><F13/><W116/><N who="3" m="44561" /><W88/><DORA hai="72" /><G90/><T67/><D67/><U27/><REACH who="1" step="1"/><E9/><REACH who="1" ten="407,148,258,177" step="2"/><V69/><F16/><W125/><G102/><AGARI ba="0,1" hai="7,8,15,17,23,27,38,42,46,48,49,95,96,102" machi="102" ten="30,7700,0" yaku="1,1,2,1,7,1,53,1" doraHai="32,72" doraHaiUra="115,10" who="1" fromWho="3" sc="407,0,148,87,258,0,177,-77" /><INIT seed="5,0,0,0,3,79" ten="407,235,258,100" oya="1" hai0="86,105,96,94,14,23,20,48,127,76,17,74,28" hai1="112,98,0,95,65,13,37,24,19,83,114,31,62" hai2="22,120,99,113,121,45,124,55,66,117,106,72,11" hai3="110,6,118,111,41,44,33,89,61,53,97,82,129"/><U123/><E37/><V128/><F66/><W9/><G33/><T40/><D105/><U126/><E123/><V52/><F11/><W46/><G118/><T56/><D74/><U50/><E50/><V35/><F22/><W71/><G129/><T130/><D130/><U68/><E0/><V21/><F21/><W125/><G125/><T25/><D127/><U63/><E126/><V70/><F99/><W80/><G111/><T91/><D40/><U18/><E83/><N who="3" m="31786" /><G71/><T88/><D76/><U119/><E119/><V27/><F52/><W30/><G110/><T10/><D48/><U131/><E63/><V122/><F55/><W100/><G100/><T7/><D56/><U116/><E116/><V3/><F45/><N who="3" m="17515" /><G30/><T15/><REACH who="0" step="1"/><D86/><REACH who="0" ten="397,235,258,100" step="2"/><U109/><E131/><V78/><F121/><W133/><G41/><T135/><D135/><U132/><E109/><V69/><F122/><W54/><G133/><T108/><D108/><U73/><E132/><V47/><F120/><W85/><G61/><T29/><D29/><U81/><E112/><V34/><F124/><W101/><G97/><T60/><D60/><U49/><E114/><V59/><F113/><W104/><G104/><T92/><D92/><U4/><E49/><V134/><F106/><W42/><G42/><T102/><AGARI ba="0,1" hai="7,10,14,15,17,20,23,25,28,88,91,94,96,102" machi="102" ten="20,12000,2" yaku="1,1,0,1,7,1,8,1,54,1,53,1" doraHai="79" doraHaiUra="12" who="0" fromWho="0" sc="397,130,235,-60,258,-30,100,-30" /><INIT seed="6,0,0,1,4,37" ten="527,175,228,70" oya="2" hai0="113,68,135,22,128,92,21,44,77,67,38,33,134" hai1="87,14,98,36,64,105,121,29,31,66,130,131,3" hai2="97,27,115,49,43,0,132,89,54,39,80,129,51" hai3="117,125,34,8,11,26,86,15,4,126,23,123,122"/><V5/><F39/><W133/><G86/><T100/><D33/><U35/><E36/><V32/><F115/><W25/><G117/><T114/><D77/><U116/><E116/><V56/><F129/><N who="1" m="49161" /><E3/><V69/><F69/><W104/><G104/><T118/><D118/><U45/><E121/><N who="3" m="46090" /><G133/><N who="0" m="50699" /><D128/><U108/><E108/><V109/><F109/><W65/><G65/><N who="1" m="25194" /><E45/><V46/><F132/><W30/><G11/><T50/><D38/><U57/><E35/><V40/><F0/><W55/><G55/><T72/><D72/><U47/><E47/><V111/><F111/><W7/><G7/><T81/><D81/><U10/><E87/><N who="2" m="50407" /><F32/><W127/><G26/><T28/><D67/><U59/><E98/><V62/><F5/><W2/><G34/><T53/><D68/><U95/><E95/><V120/><F120/><W79/><G79/><T90/><D100/><U82/><E82/><V78/><F78/><W75/><G75/><T63/><D63/><U91/><E91/><V76/><F76/><W12/><AGARI ba="0,0" hai="2,4,8,12,15,23,25,30,125,126,127" m="46090" machi="12" ten="40,5200,0" yaku="18,1,34,2" doraHai="37" who="3" fromWho="3" sc="527,-13,175,-13,228,-26,70,52" /><INIT seed="7,0,0,0,4,41" ten="514,162,202,122" oya="3" hai0="84,40,111,19,51,28,105,65,72,117,110,49,91" hai1="127,98,62,69,75,29,131,34,115,8,99,80,116" hai2="77,129,50,39,90,15,126,1,54,12,83,89,33" hai3="42,45,74,35,121,63,113,70,67,76,44,32,106"/><W125/><G121/><T46/><D117/><U10/><E116/><V85/><F33/><W108/><G106/><T11/><D72/><U9/><E115/><V112/><F1/><W101/><G101/><T26/><D105/><U135/><E135/><V31/><F39/><W119/><G119/><T86/><D65/><U100/><E127/><V130/><F31/><W61/><G113/><T132/><D132/><U6/><E131/><N who="2" m="50187" /><F126/><W52/><G125/><T104/><D104/><U25/><E99/><V78/><F112/><W59/><G108/><T43/><D84/><U103/><E100/><V4/><F90/><W87/><G74/><T27/><D11/><U128/><E128/><V53/><F53/><W36/><REACH who="3" step="1"/><G45/><REACH who="3" ten="514,162,202,112" step="2"/><T20/><D110/><U47/><E47/><N who="2" m="27999" /><F4/><W57/><G57/><T7/><D111/><U13/><E75/><V22/><F78/><W118/><G118/><T93/><D7/><U73/><E73/><V102/><F102/><W24/><G24/><T3/><D27/><U109/><E109/><V14/><F77/><W123/><G123/><T48/><D46/><U107/><E80/><AGARI ba="0,1" hai="32,35,36,42,44,52,59,61,63,67,70,76,80,87" machi="80" ten="40,7700,0" yaku="1,1,52,1,54,1,53,0" doraHai="41" doraHaiUra="18" who="3" fromWho="1" sc="514,0,162,-77,202,0,112,87" /><INIT seed="7,1,0,1,5,123" ten="514,85,202,199" oya="3" hai0="126,69,91,21,98,83,40,19,18,120,43,5,12" hai1="1,81,7,87,0,8,65,119,41,54,124,77,33" hai2="74,48,14,53,104,49,112,101,72,70,107,94,56" hai3="117,71,79,106,28,63,102,130,32,113,64,125,121"/><W133/><RYUUKYOKU type="yao9" ba="1,0" sc="514,0,85,0,202,0,199,0" hai3="28,32,63,64,71,79,102,106,113,117,121,125,130,133" /><INIT seed="7,2,0,5,4,42" ten="514,85,202,199" oya="3" hai0="52,123,64,39,7,13,5,135,92,120,48,23,129" hai1="44,31,21,41,95,98,104,70,125,78,49,18,121" hai2="24,17,89,54,6,96,11,68,28,106,9,133,84" hai3="83,130,127,87,26,56,107,94,66,117,128,35,50"/><W114/><G107/><T85/><D39/><U16/><E121/><V80/><F68/><W55/><G117/><T93/><D64/><U61/><E104/><V126/><F126/><W112/><G127/><T131/><D23/><U113/><E78/><V77/><F133/><W134/><G66/><T4/><D13/><U22/><E125/><V90/><F106/><W33/><G94/><T34/><D34/><N who="3" m="12809" /><G26/><T12/><D12/><U100/><E113/><N who="3" m="43626" /><G134/><T62/><D62/><U36/><E36/><V32/><F32/><W105/><G105/><T15/><D15/><U14/><E18/><V119/><F119/><W58/><G58/><T101/><D135/><U109/><E109/><V51/><F28/><W108/><G108/><T63/><D92/><U115/><E115/><V88/><F96/><W132/><G132/><T1/><D93/><U99/><E98/><V57/><F6/><W27/><G27/><T60/><D5/><U76/><E76/><AGARI ba="2,0" hai="50,55,56,76,83,87,128,130" m="43626,12809" machi="76" ten="30,1500,0" yaku="15,1" doraHai="42" who="3" fromWho="1" sc="514,0,85,-21,202,0,199,21" /><INIT seed="7,3,0,3,4,99" ten="514,64,202,220" oya="3" hai0="22,111,21,119,129,89,49,17,95,54,87,72,82" hai1="115,6,7,66,68,124,3,70,109,132,26,57,97" hai2="56,80,50,35,19,25,8,27,69,104,63,20,86" hai3="58,65,55,92,103,52,98,134,78,125,83,108,118"/><W24/><G118/><T123/><D119/><U74/><E109/><V131/><F131/><W116/><G116/><T62/><D123/><U2/><E26/><V77/><F104/><W34/><G108/><T93/><D129/><U85/><E85/><V79/><F69/><W4/><G134/><T121/><D121/><U47/><E132/><V13/><F35/><W1/><G125/><T14/><D111/><U122/><E122/><V37/><F37/><W39/><G39/><T45/><D72/><U10/><E124/><V101/><F101/><W9/><G34/><T30/><D62/><U38/><E57/><V64/><F77/><W84/><REACH who="3" step="1"/><G24/><AGARI ba="3,0" hai="14,17,21,22,24,30,45,49,54,82,87,89,93,95" machi="24" ten="40,1300,0" yaku="8,1" doraHai="99" who="0" fromWho="3" sc="514,22,64,0,202,0,220,-22" owari="536,64.0,64,-44.0,202,0.0,198,-20.0" /></mjloggm>