<mjloggm ver="2.3"><GO type="97" lobby="0"/><UN n0="%E3%82%A6%E3%83%AB%E3%83%88%E3%83%A9%E7%AB%8B%E7%9B%B4" n1="%58%43%39%35%33%36%58%4C" n2="%6E%61%7A%6F%6F%75%6A%69" n3="%E3%82%8F%E3%81%A3%E3%81%8F%E3%82%93%31%32" dan="15,13,13,13" rate="1967.11,1838.01,1989.96,1978.08" sx="M,M,M,M"/><TAIKYOKU oya="0"/><INIT seed="0,0,0,1,0,72" ten="250,250,250,250" oya="0" hai0="107,33,75,88,70,21,100,121,9,119,97,39,122" hai1="38,54,46,84,78,50,77,49,58,73,31,10,11" hai2="56,43,17,90,71,12,117,86,63,35,61,3,41" hai3="101,0,44,36,29,18,95,64,81,127,123,82,118"/><T27/><D70/><U8/><E73/><V126/><F35/><W62/><G118/><T20/><D119/><U2/><E38/><V59/><F3/><W87/><G0/><T133/><D33/><U42/><E2/><V125/><F71/><W45/><G123/><T132/><D39/><U22/><E84/><V4/><F4/><W47/><G127/><N who="2" m="48649" /><F117/><W105/><G105/><T19/><D9/><U94/><E94/><V115/><F90/><W25/><G18/><T110/><D75/><U53/><REACH who="1" step="1"/><E42/><REACH who="1" ten="250,240,250,250" step="2"/><N who="2" m="15883" /><F86/><W13/><G36/><T76/><D121/><U65/><E65/><V83/><F83/><W30/><G82/><T60/><D122/><U85/><E85/><V69/><F69/><W109/><G81/><T80/><D80/><U15/><E15/><V32/><F32/><W23/><G87/><T92/><D92/><U99/><E99/><V102/><F102/><W108/><G101/><T79/><D100/><U96/><E96/><V57/><F115/><W98/><G95/><T124/><D124/><U89/><E89/><V51/><F51/><W130/><G98/><T106/><D97/><U16/><E16/><V114/><F114/><W28/><G13/><T128/><D88/><U66/><E66/><V93/><F93/><W37/><G37/><T67/><D19/><U5/><E5/><V40/><N who="2" m="15891" /><V129/><DORA hai="7" /><F12/><W52/><G64/><T74/><D67/><U68/><E68/><V112/><F17/><W131/><G109/><T48/><D110/><U6/><E6/><V113/><F113/><W14/><G108/><T91/><D74/><RYUUKYOKU ba="0,1" sc="250,-10,240,30,250,-10,250,-10" hai1="8,10,11,22,31,46,49,50,53,54,58,77,78" /><INIT seed="1,1,1,0,3,119" ten="240,270,240,240" oya="1" hai0="11,50,101,40,28,2,103,19,107,84,64,12,65" hai1="32,104,77,57,23,96,106,61,9,55,43,46,86" hai2="80,85,93,26,97,133,117,94,75,74,100,10,22" hai3="72,31,20,42,78,83,105,33,70,129,36,87,13"/><U51/><E32/><V54/><F117/><W120/><G70/><T99/><D2/><U16/><E9/><V3/><F3/><W124/><G105/><T59/><D28/><U111/><E111/><V45/><F133/><W69/><G69/><T108/><D108/><U21/><E96/><V35/><F35/><W134/><G124/><T25/><D25/><U79/><E23/><V29/><F10/><W0/><G134/><T115/><D115/><U122/><E122/><V113/><F113/><W41/><G0/><T7/><D19/><U4/><E4/><V62/><F93/><W34/><G120/><T56/><D103/><U114/><E114/><V121/><F121/><W30/><G129/><T92/><D107/><U91/><E104/><V53/><F45/><W48/><G36/><T127/><D127/><U118/><E118/><V73/><REACH who="2" step="1"/><F62/><REACH who="2" ten="240,270,230,240" step="2"/><W60/><G60/><T5/><D92/><N who="1" m="54391" /><E106/><V27/><F27/><AGARI ba="1,2" hai="16,21,27,43,46,51,55,57,61,77,79" m="54391" machi="27" ten="30,2900,0" yaku="8,1,54,1" doraHai="119" who="1" fromWho="2" sc="240,0,270,52,230,-32,240,0" /><INIT seed="1,2,0,5,3,15" ten="240,322,198,240" oya="1" hai0="1,71,104,61,52,21,105,40,42,9,102,76,28" hai1="88,89,80,131,38,54,20,81,68,39,82,91,125" hai2="115,132,57,135,77,63,22,78,35,85,24,2,114" hai3="95,72,37,64,3,87,34,134,66,32,41,55,53"/><U129/><E68/><V96/><F35/><W23/><G72/><T127/><D127/><U113/><E113/><N who="2" m="43019" /><F2/><W130/><G3/><T0/><D76/><U4/><E125/><V75/><F75/><W13/><G130/><N who="1" m="49674" /><E4/><V118/><F118/><W73/><G73/><T100/><D71/><U56/><E20/><V31/><F96/><W36/><G134/><N who="2" m="51241" /><F85/><W70/><G70/><T106/><D1/><U48/><AGARI ba="2,0" hai="38,39,48,54,56,80,81,82,88,89,91" m="49674" machi="48" ten="40,3900,0" yaku="19,1,54,1" doraHai="15" who="1" fromWho="1" sc="240,-15,322,45,198,-15,240,-15" /><INIT seed="1,3,0,3,0,90" ten="225,367,183,225" oya="1" hai0="24,69,19,18,107,60,92,63,116,40,103,14,50" hai1="4,12,124,49,32,99,44,7,29,26,21,74,131" hai2="129,45,47,77,35,66,54,2,15,28,84,76,132" hai3="51,93,118,112,3,38,46,110,102,86,67,33,111"/><U85/><E74/><V59/><F2/><W104/><G104/><T65/><D116/><U34/><E124/><V22/><F132/><W64/><G118/><T127/><D127/><U20/><E131/><V56/><F129/><W105/><G105/><T27/><D107/><U80/><E99/><V1/><F1/><W9/><G33/><T16/><D14/><U83/><E32/><V39/><F39/><W117/><G38/><T81/><D81/><U113/><E113/><V6/><F35/><W70/><G112/><T91/><D103/><U135/><E135/><V62/><F6/><W95/><G70/><T78/><D78/><U10/><E7/><V5/><F5/><W58/><G117/><T48/><D63/><U100/><E100/><V23/><F23/><W36/><G36/><T101/><D101/><U97/><E97/><V94/><F28/><W13/><G3/><T79/><D79/><U120/><E120/><V68/><F68/><W31/><G31/><T121/><D121/><U133/><E133/><V8/><F8/><W130/><G130/><T126/><D126/><U125/><E83/><V30/><F30/><W115/><G115/><T52/><D40/><U96/><E96/><V0/><F0/><W11/><G102/><T98/><REACH who="0" step="1"/><D50/><REACH who="0" ten="215,367,183,225" step="2"/><U128/><E125/><V134/><F77/><W122/><G122/><T114/><D114/><U88/><REACH who="1" step="1"/><E128/><REACH who="1" ten="215,357,183,225" step="2"/><V89/><F134/><W37/><G86/><T57/><AGARI ba="3,2" hai="16,18,19,24,27,48,52,57,60,65,69,91,92,98" machi="57" ten="30,8000,1" yaku="1,1,0,1,52,1,54,2,53,0" doraHai="90" doraHaiUra="43" who="0" fromWho="0" sc="215,109,357,-43,183,-23,225,-23" /><INIT seed="2,0,0,2,4,49" ten="324,314,160,202" oya="2" hai0="109,32,19,9,70,121,21,0,10,11,123,117,44" hai1="58,82,27,47,126,122,3,20,8,31,72,24,107" hai2="7,74,133,79,64,48,12,25,53,97,62,100,89" hai3="128,43,15,91,63,132,93,98,1,76,90,92,112"/><V124/><F124/><W18/><G1/><T28/><D44/><U73/><E107/><V69/><F133/><W131/><G112/><T57/><D57/><U54/><E126/><V103/><F25/><W16/><G76/><T65/><D65/><U51/><E122/><V114/><F114/><W85/><G43/><T60/><D60/><U120/><E120/><N who="0" m="46153" /><D70/><U22/><E3/><V83/><F7/><W111/><G111/><T101/><D101/><U67/><E82/><V6/><F6/><W14/><G132/><T135/><D109/><U110/><E8/><V129/><F129/><N who="3" m="49739" /><G63/><T37/><D37/><U134/><E134/><V33/><F33/><W39/><G39/><T87/><D135/><U94/><E110/><V95/><REACH who="2" step="1"/><F12/><AGARI ba="0,0" hai="12,14,15,16,18,85,90,91,92,93,98" m="49739" machi="12" ten="30,2000,0" yaku="19,1,54,1" doraHai="49" who="3" fromWho="2" sc="324,0,314,0,160,-20,202,20" /><INIT seed="3,0,0,3,0,37" ten="324,314,140,222" oya="3" hai0="118,112,95,72,67,87,63,43,106,98,94,47,60" hai1="89,82,46,68,57,49,96,64,97,3,28,29,59" hai2="15,25,19,36,16,35,93,99,73,9,39,75,22" hai3="122,120,53,109,88,66,129,58,5,13,90,70,40"/><W134/><G70/><T51/><D72/><U34/><E3/><V33/><F39/><W18/><G5/><T31/><D118/><U114/><E114/><V117/><F36/><W107/><G66/><T83/><D112/><U91/><E68/><V41/><F117/><W121/><G107/><T115/><D115/><U128/><E64/><V32/><F41/><W62/><G134/><T6/><D31/><U8/><E8/><V27/><F93/><W131/><G109/><T119/><D119/><U42/><E128/><N who="3" m="49226" /><G40/><T116/><D116/><U102/><E96/><V127/><F99/><W113/><G113/><T17/><D6/><U48/><E34/><V56/><F56/><W80/><G80/><T12/><D106/><U7/><E7/><N who="2" m="3519" /><F127/><W11/><AGARI ba="0,0" hai="11,13,18,53,58,62,88,90,120,121,122" m="49226" machi="11" ten="40,3900,0" yaku="19,1,54,1" doraHai="37" who="3" fromWho="3" sc="324,-13,314,-13,140,-13,222,39" /><INIT seed="3,1,0,5,5,130" ten="311,301,127,261" oya="3" hai0="9,39,60,108,5,19,69,16,53,125,115,33,68" hai1="123,116,81,105,113,129,47,84,6,13,36,118,132" hai2="18,95,50,35,103,42,91,86,133,27,107,56,34" hai3="87,37,2,4,94,71,44,46,109,41,74,128,96"/><W21/><G71/><T12/><D33/><U24/><E113/><V8/><F103/><W82/><G128/><T49/><D39/><U20/><E129/><V0/><F107/><W127/><G74/><T131/><D131/><U40/><E123/><V102/><F102/><W104/><G104/><T90/><D125/><U58/><E105/><V52/><F42/><W43/><G127/><T29/><D29/><U7/><E58/><V72/><F72/><W100/><G109/><T88/><D108/><U70/><E70/><V134/><F0/><W14/><G2/><T23/><D115/><U83/><E13/><N who="2" m="7463" /><F27/><W67/><G67/><T120/><D120/><U1/><E1/><V111/><F111/><W73/><G73/><T62/><D69/><U92/><E92/><V106/><F106/><W117/><G117/><N who="1" m="45162" /><E132/><V38/><F38/><W32/><G32/><T59/><D68/><U124/><E124/><V61/><F61/><N who="0" m="23658" /><D5/><N who="1" m="1547" /><E84/><V3/><F3/><W15/><G21/><T45/><D59/><U110/><E110/><V55/><F55/><W11/><G15/><AGARI ba="1,0" hai="9,12,15,16,19,23,45,49,53,88,90" m="23658" machi="15" ten="30,3900,0" yaku="8,1,54,2" doraHai="130" who="0" fromWho="3" sc="311,42,301,0,127,0,261,-42" owari="353,45.0,301,10.0,127,-37.0,219,-18.0" /></mjloggm>