<mjloggm ver="2.3"><GO type="41" lobby="0"/><UN n0="%62%6F%75%74%65%6E" n1="%E3%82%A6%E3%83%AB%E3%83%88%E3%83%A9%E7%AB%8B%E7%9B%B4" n2="%61%6B%6B%79%6F" n3="%6B%6F%62%61%2D%63%30%38" dan="13,15,15,15" rate="1942.90,1961.25,2031.88,2026.81" sx="M,M,M,M"/><TAIKYOKU oya="0"/><INIT seed="0,0,0,0,2,135" ten="250,250,250,250" oya="0" hai0="63,15,32,71,115,12,13,21,62,122,113,119,90" hai1="1,105,77,81,46,41,20,26,35,30,126,28,104" hai2="111,25,133,70,110,72,53,96,92,61,129,106,120" hai3="125,45,99,55,74,17,4,117,60,89,10,69,56"/><T112/><D32/><U94/><E1/><V123/><F133/><W73/><G117/><T134/><D119/><U102/><E35/><V2/><F2/><W38/><G17/><T19/><D134/><U127/><E30/><V118/><F118/><W116/><G116/><T107/><D122/><U79/><E94/><V101/><F72/><W131/><G131/><T37/><D37/><U128/><E128/><V83/><F83/><W11/><G11/><T121/><D121/><U23/><E23/><V108/><F129/><W39/><G39/><T75/><D107/><U95/><E95/><V97/><F25/><W43/><G99/><T58/><D75/><U86/><E79/><V31/><F31/><W88/><G69/><T9/><D90/><U80/><E80/><V24/><F24/><W47/><G74/><T51/><D71/><U27/><E27/><V59/><REACH who="2" step="1"/><F70/><REACH who="2" ten="250,250,240,250" step="2"/><W65/><G73/><T100/><D100/><AGARI ba="0,1" hai="53,59,61,92,96,97,100,101,106,108,110,111,120,123" machi="100" ten="40,5200,0" yaku="1,1,2,1,14,1,53,0" doraHai="135" doraHaiUra="68" who="2" fromWho="0" sc="250,-52,250,0,240,62,250,0" /><INIT seed="1,0,0,1,2,8" ten="198,250,302,250" oya="1" hai0="66,119,89,68,95,50,112,56,69,104,34,86,58" hai1="13,91,67,23,78,19,4,85,79,38,113,26,76" hai2="125,30,24,39,31,59,100,90,57,129,49,132,55" hai3="43,53,28,2,116,41,62,64,52,47,87,92,14"/><U73/><E38/><V32/><F125/><W18/><G2/><T10/><D119/><U133/><E113/><V120/><F120/><W102/><G28/><T44/><D112/><U5/><E73/><V37/><F129/><W35/><G35/><T29/><D104/><U114/><E114/><V131/><F131/><W20/><G116/><T6/><D29/><U109/><E133/><V118/><F118/><W61/><G41/><T126/><D34/><U81/><E109/><V99/><F31/><W98/><G62/><T110/><D126/><U106/><E106/><V1/><F1/><W115/><G87/><T123/><D110/><U111/><E111/><V108/><F132/><W46/><G115/><T16/><D123/><U105/><E105/><V7/><F7/><W36/><REACH who="3" step="1"/><G46/><REACH who="3" ten="198,250,302,240" step="2"/><T70/><D66/><U84/><E67/><V80/><F108/><W60/><G60/><T74/><D74/><U21/><E85/><V72/><F72/><W96/><G96/><T117/><D117/><U40/><E40/><V11/><F99/><W71/><AGARI ba="0,1" hai="14,18,20,36,43,47,52,53,61,64,71,92,98,102" machi="71" ten="20,8000,1" yaku="1,1,0,1,7,1,52,1,54,1,53,0" doraHai="8" doraHaiUra="103" who="3" fromWho="3" sc="198,-20,250,-40,302,-20,240,90" /><INIT seed="2,0,0,0,2,49" ten="178,210,282,330" oya="2" hai0="40,82,47,77,94,3,21,117,4,91,87,115,108" hai1="12,15,127,90,118,106,124,13,89,81,98,57,11" hai2="71,25,69,109,41,46,0,58,104,60,93,123,86" hai3="73,72,20,107,92,36,116,56,79,61,114,50,35"/><V122/><F104/><W103/><G35/><T44/><D115/><U37/><E37/><V18/><F0/><W83/><G36/><T74/><D117/><U66/><E118/><V95/><F109/><W62/><G116/><T24/><D108/><U68/><E68/><V135/><F135/><W53/><G114/><T121/><D121/><U38/><E38/><V110/><F110/><W97/><G72/><T33/><D33/><U48/><E11/><V132/><F132/><W14/><G14/><T102/><D4/><U31/><E31/><V45/><F71/><W75/><G75/><T30/><D3/><U113/><E113/><V112/><F69/><W22/><G107/><T133/><D133/><U9/><E9/><V16/><F112/><W111/><G111/><T134/><D134/><U29/><E29/><V8/><F18/><W131/><G131/><T2/><D2/><U54/><E66/><V80/><F46/><W17/><G17/><T7/><D7/><U65/><E65/><N who="2" m="39063" /><F123/><W85/><G73/><T129/><D129/><U101/><REACH who="1" step="1"/><E81/><REACH who="1" ten="178,200,282,330" step="2"/><V43/><F8/><W6/><G6/><T126/><D30/><U64/><E64/><V34/><F122/><W63/><AGARI ba="0,1" hai="20,22,50,53,56,61,62,63,79,83,85,92,97,103" machi="63" ten="30,4000,0" yaku="0,1,8,1,52,1" doraHai="49" who="3" fromWho="3" sc="178,-10,200,-10,282,-20,330,50" /><INIT seed="3,0,0,5,3,69" ten="168,190,262,380" oya="3" hai0="45,30,94,32,122,106,111,43,38,22,116,114,47" hai1="91,77,85,110,86,13,119,107,89,90,128,123,129" hai2="72,12,62,6,18,115,24,65,14,66,4,120,46" hai3="125,52,48,49,15,0,134,29,113,93,105,55,35"/><W96/><G113/><T28/><D122/><U73/><E13/><V83/><F115/><W9/><G0/><T17/><D114/><U135/><E123/><V67/><F120/><W23/><G105/><T26/><D116/><U121/><E121/><V78/><F62/><W103/><G35/><T132/><D106/><U99/><E119/><V133/><F133/><W44/><G134/><T124/><D132/><U36/><E36/><V34/><F14/><W57/><G125/><T41/><D124/><U58/><E58/><V74/><F74/><W20/><REACH who="3" step="1"/><G29/><REACH who="3" ten="168,190,262,370" step="2"/><T10/><D111/><U92/><E135/><V1/><F1/><W127/><G127/><T27/><D94/><U54/><E107/><V70/><F34/><W98/><G98/><T53/><D32/><U112/><E112/><V100/><F83/><W11/><G11/><T130/><D130/><U102/><E110/><V5/><F4/><AGARI ba="0,1" hai="4,9,15,20,23,44,48,49,52,55,57,93,96,103" machi="4" ten="30,11600,0" yaku="1,1,7,1,8,1,54,1,53,0" doraHai="69" doraHaiUra="37" who="3" fromWho="2" sc="168,0,190,0,262,-116,370,126" /><INIT seed="3,1,0,0,1,90" ten="168,190,146,496" oya="3" hai0="123,46,84,15,29,34,89,9,72,18,106,55,36" hai1="61,135,13,103,0,31,122,105,4,41,95,56,30" hai2="54,131,65,19,111,51,119,24,6,71,39,60,40" hai3="66,48,78,97,5,8,102,129,115,68,124,112,116"/><W10/><G116/><T21/><D123/><U58/><E105/><V2/><F119/><W75/><G68/><T28/><D106/><U44/><E0/><V120/><F120/><W127/><G66/><T76/><D34/><U26/><E122/><V92/><F111/><W113/><G48/><T117/><D117/><U1/><E1/><V35/><F131/><W37/><G37/><T22/><D72/><U99/><E135/><V132/><F132/><W96/><G5/><T126/><D76/><U49/><E58/><V7/><F2/><W17/><G17/><T80/><D36/><U64/><REACH who="1" step="1"/><E26/><REACH who="1" ten="168,180,146,496" step="2"/><V3/><F3/><W82/><G129/><T38/><D126/><N who="3" m="48169" /><G96/><T53/><D38/><U67/><E67/><V33/><F39/><W114/><G114/><T100/><D100/><U11/><AGARI ba="1,1" hai="4,11,13,30,31,41,44,49,56,61,64,95,99,103" machi="11" ten="30,7900,0" yaku="1,1,0,1,8,1,52,1,53,0" doraHai="90" doraHaiUra="69" who="1" fromWho="1" sc="168,-21,180,92,146,-21,496,-40" /><INIT seed="4,0,0,5,0,92" ten="147,272,125,456" oya="0" hai0="34,111,118,104,55,123,61,17,93,81,13,21,53" hai1="50,60,5,42,79,83,133,62,125,73,82,116,120" hai2="19,39,33,90,4,84,3,35,127,126,70,59,2" hai3="96,9,112,99,113,105,121,101,6,131,117,129,89"/><T49/><D123/><U66/><E116/><V69/><F39/><W67/><G67/><T44/><D118/><U20/><E120/><V28/><F70/><W71/><G71/><T106/><D34/><U7/><E62/><V64/><F69/><W122/><G9/><T31/><D111/><U88/><E125/><N who="2" m="47627" /><F59/><W103/><G6/><T26/><D81/><U36/><E36/><V109/><F64/><W98/><G117/><T74/><D74/><U27/><E50/><V45/><F45/><W8/><G8/><T130/><D130/><N who="3" m="49673" /><G89/><T78/><D78/><U114/><E42/><V24/><F35/><W87/><G87/><T18/><D93/><U22/><E22/><V43/><F43/><W80/><G80/><T54/><D61/><U95/><E60/><V40/><F40/><W76/><G76/><T86/><D86/><U72/><E66/><V63/><F109/><W30/><G30/><T23/><REACH who="0" step="1"/><D31/><REACH who="0" ten="137,272,125,456" step="2"/><N who="1" m="17895" /><E82/><V48/><F63/><W10/><G122/><T132/><D132/><U0/><E83/><V32/><F32/><W124/><G121/><T29/><D29/><U91/><E79/><V12/><F28/><W16/><G124/><T135/><D135/><U97/><E73/><V41/><F33/><W65/><G105/><AGARI ba="0,1" hai="13,17,18,21,23,26,44,49,53,54,55,104,105,106" machi="105" ten="40,2000,0" yaku="1,1,53,0" doraHai="92" doraHaiUra="38" who="0" fromWho="3" sc="137,30,272,0,125,0,456,-20" /><INIT seed="4,1,0,2,0,66" ten="167,272,125,436" oya="0" hai0="51,45,18,4,47,37,58,105,115,73,1,88,44" hai1="15,110,91,128,101,50,59,117,87,10,35,79,63" hai2="5,46,108,113,8,109,34,77,116,102,104,112,82" hai3="85,22,122,17,81,2,28,52,16,32,114,121,107"/><T68/><D105/><U12/><E35/><V99/><F34/><W111/><G111/><N who="2" m="42569" /><F46/><W39/><G39/><T132/><D73/><U24/><E110/><V64/><F64/><W41/><G41/><T49/><D37/><U36/><E36/><V103/><F116/><W57/><G107/><T3/><D4/><U9/><E79/><V134/><F103/><W55/><G2/><N who="0" m="523" /><D58/><U48/><E101/><V78/><F8/><W43/><G43/><T80/><D80/><U61/><E24/><V95/><F5/><W124/><G124/><T92/><D92/><U83/><E117/><V31/><F31/><W65/><G114/><N who="2" m="44137" /><F134/><W90/><G32/><T70/><D18/><N who="3" m="7273" /><G122/><T129/><D115/><U25/><E10/><V69/><F69/><N who="0" m="26730" /><D88/><U20/><E91/><N who="2" m="55807" /><F82/><W53/><G121/><T56/><D56/><U97/><E59/><V11/><F11/><W30/><G22/><T40/><D40/><U42/><E20/><V74/><F74/><W23/><G23/><T106/><D106/><U27/><E9/><V0/><F0/><W19/><N who="3" m="7281" /><W126/><DORA hai="33" /><G126/><T38/><D38/><U62/><E42/><V96/><AGARI ba="1,0" hai="77,78,96,102,104" m="55807,44137,42569" machi="96" ten="40,5200,0" yaku="15,1,34,2" doraHai="66,33" who="2" fromWho="2" sc="167,-27,272,-14,125,55,436,-14" /><INIT seed="5,0,0,4,5,72" ten="140,258,180,422" oya="1" hai0="59,38,83,113,46,13,65,30,80,101,2,117,49" hai1="119,121,104,19,69,57,5,50,93,16,75,31,115" hai2="84,122,58,73,26,78,123,44,110,129,9,66,111" hai3="4,55,53,14,125,29,79,87,77,118,33,23,43"/><U11/><E104/><V124/><F73/><W90/><G33/><T8/><D117/><U24/><E69/><V135/><F124/><W96/><G125/><T126/><D126/><U86/><E75/><V27/><F129/><W103/><G118/><T98/><D113/><U40/><E119/><V116/><F116/><W82/><G43/><T51/><D2/><U131/><E115/><V120/><F135/><W85/><G29/><T35/><D38/><U127/><E131/><V62/><F44/><W1/><G1/><T89/><D35/><U47/><E57/><V99/><F99/><W18/><G4/><T74/><D30/><U94/><E127/><V108/><REACH who="2" step="1"/><F9/><REACH who="2" ten="140,258,170,422" step="2"/><W56/><G56/><T71/><D74/><U21/><E121/><V128/><F128/><W42/><G42/><T100/><D71/><U95/><REACH who="1" step="1"/><E86/><REACH who="1" ten="140,248,170,422" step="2"/><V91/><F91/><W41/><G87/><T134/><D59/><U7/><E7/><V0/><F0/><AGARI ba="0,2" hai="0,5,11,16,19,21,24,31,40,47,50,93,94,95" machi="0" ten="40,3900,0" yaku="1,1,54,1,53,0" doraHai="72" doraHaiUra="60" who="1" fromWho="2" sc="140,0,248,59,170,-39,422,0" /><INIT seed="5,1,0,3,1,92" ten="140,307,131,422" oya="1" hai0="121,8,115,30,110,64,111,14,0,13,122,101,103" hai1="129,42,7,118,91,3,37,53,9,10,128,26,29" hai2="46,133,49,39,74,72,132,113,22,55,89,108,124" hai3="17,47,80,114,31,105,38,98,50,67,84,95,15"/><U12/><E42/><V78/><F108/><N who="0" m="41514" /><D64/><U61/><E37/><V68/><F68/><W107/><G38/><T109/><N who="0" m="41522" /><T2/><DORA hai="126" /><D103/><U65/><E53/><V58/><F124/><W5/><G114/><T120/><D101/><U28/><E91/><V41/><F113/><W69/><G69/><T66/><D66/><U83/><E83/><V77/><F89/><W93/><G67/><T40/><D40/><U79/><E79/><N who="2" m="30219" /><F22/><W82/><G31/><T123/><N who="0" m="31232" /><DORA hai="4" /><T119/><D115/><U130/><E118/><V34/><F34/><W20/><G107/><T21/><D119/><U25/><E29/><V56/><F56/><W44/><G105/><T76/><D76/><U117/><E28/><V71/><F71/><W70/><G70/><T85/><D85/><U35/><E35/><V125/><F125/><W52/><G47/><T131/><D131/><U88/><E88/><V48/><F39/><W104/><G104/><T45/><D45/><U134/><E117/><V19/><F19/><W135/><G84/><T32/><D32/><U43/><E129/><V60/><F60/><W63/><G63/><T100/><D100/><U127/><E61/><V23/><F72/><W11/><G98/><T16/><D30/><U33/><E128/><V102/><F74/><W97/><G95/><T73/><D73/><U59/><E130/><V24/><F102/><N who="3" m="60719" /><G135/><T57/><D57/><U81/><E134/><V112/><F112/><W87/><G87/><T86/><D86/><U75/><E75/><V36/><F36/><W51/><G51/><T106/><D106/><RYUUKYOKU ba="1,0" sc="140,10,307,-30,131,10,422,10" hai0="0,2,8,13,14,16,21" hai2="23,24,41,46,48,49,55,58,132,133" hai3="5,11,15,17,20,44,50,52,80,82" /><INIT seed="6,2,0,1,4,61" ten="150,277,141,432" oya="2" hai0="9,57,56,10,36,109,117,133,130,64,43,50,40" hai1="21,120,62,118,103,24,80,95,94,86,100,46,25" hai2="68,110,123,67,33,119,126,51,70,20,45,59,7" hai3="115,105,78,132,0,71,53,48,55,16,106,35,41"/><V17/><F119/><W101/><G0/><T27/><D117/><U47/><E118/><V124/><F123/><W42/><G35/><T77/><D109/><U84/><E62/><N who="2" m="38367" /><F33/><W49/><G132/><T90/><D133/><U15/><E15/><V63/><F63/><W113/><G78/><T5/><D130/><U116/><E116/><V111/><F7/><W18/><G101/><T14/><D36/><U134/><E134/><V66/><F66/><W22/><G22/><T121/><D27/><U73/><E73/><V1/><F1/><W19/><G19/><T74/><D74/><U114/><E21/><V98/><F98/><W88/><G71/><N who="2" m="27177" /><F17/><W135/><REACH who="3" step="1"/><G135/><REACH who="3" ten="150,277,141,422" step="2"/><T125/><D77/><U83/><E120/><V60/><F20/><W23/><G23/><T127/><D121/><U32/><E32/><V89/><F89/><AGARI ba="2,1" hai="16,18,41,42,48,49,53,55,88,89,105,106,113,115" machi="89" ten="25,8000,1" yaku="1,1,22,2,54,2,53,0" doraHai="61" doraHaiUra="6" who="3" fromWho="2" sc="150,0,277,0,141,-86,422,96" /><INIT seed="7,0,0,3,1,129" ten="150,277,55,518" oya="3" hai0="16,45,77,123,127,8,43,33,120,83,17,7,76" hai1="57,70,109,68,67,29,13,82,39,104,135,38,14" hai2="107,80,121,95,72,49,52,47,117,111,28,42,1" hai3="4,9,54,124,126,35,41,63,15,37,18,90,66"/><W12/><G35/><T46/><D33/><U3/><E82/><V118/><F117/><W134/><G54/><T71/><D71/><U64/><E57/><V105/><F111/><W133/><G41/><T99/><D127/><N who="3" m="48681" /><G90/><T130/><D130/><U44/><E44/><V131/><F131/><W86/><G37/><T23/><D23/><U114/><E3/><V125/><F125/><W34/><G86/><T128/><D128/><U81/><E81/><V116/><F116/><W132/><G34/><T108/><D99/><U11/><E109/><V25/><F1/><N who="3" m="143" /><G18/><T36/><D108/><U78/><E78/><V40/><F118/><W106/><G106/><T30/><D30/><U101/><E29/><V55/><F121/><W93/><G93/><T102/><D102/><U94/><E101/><V56/><F107/><W5/><G5/><T32/><D32/><U50/><E104/><V20/><F105/><W62/><G62/><T100/><D100/><U22/><E68/><AGARI ba="0,0" hai="12,15,63,66,68,132,133,134" m="143,48681" machi="68" ten="40,12000,1" yaku="20,1,18,1,52,3" doraHai="129" who="3" fromWho="1" sc="150,0,277,-120,55,0,518,120" owari="150,-25.0,157,-4.0,55,-44.0,638,73.0" /></mjloggm>