<mjloggm ver="2.3"><GO type="97" lobby="0"/><UN n0="%E7%9C%9F%E7%B4%85%E3%81%A3%E3%81%8F" n1="%E3%82%AD%E3%83%A9%E3%82%AD%E3%83%A9%EF%BC%93" n2="%48%75%6D%61%6E%69%61" n3="%E3%82%A6%E3%83%AB%E3%83%88%E3%83%A9%E7%AB%8B%E7%9B%B4" dan="17,14,15,15" rate="2057.63,1951.45,1943.25,1957.53" sx="F,M,M,M"/><TAIKYOKU oya="0"/><INIT seed="0,0,0,2,2,135" ten="250,250,250,250" oya="0" hai0="93,33,79,60,59,10,54,43,15,123,5,28,70" hai1="100,126,84,87,101,38,20,134,88,22,115,105,58" hai2="36,61,112,9,2,12,103,117,45,18,4,98,89" hai3="72,48,97,68,64,99,104,132,63,24,62,57,77"/><T109/><D123/><U14/><E134/><V7/><F112/><W55/><G132/><T32/><D109/><U81/><E38/><V51/><F36/><W6/><G77/><T11/><D28/><U113/><E126/><V118/><F89/><W34/><G72/><T25/><D25/><U78/><E105/><V21/><F61/><W31/><G6/><T73/><D43/><U75/><E58/><V108/><F108/><W8/><G8/><T53/><D70/><U128/><E128/><V67/><F67/><W92/><G92/><T69/><D69/><U26/><E87/><V127/><F127/><W66/><REACH who="3" step="1"/><G104/><REACH who="3" ten="250,250,250,240" step="2"/><T130/><D11/><U17/><E113/><V94/><REACH who="2" step="1"/><F7/><REACH who="2" ten="250,250,240,240" step="2"/><W16/><G16/><T131/><D5/><U71/><E115/><V91/><F91/><W30/><G30/><T86/><D130/><U110/><E110/><V29/><F29/><W83/><G83/><T50/><D131/><U122/><E122/><V65/><F65/><W85/><G85/><T56/><D86/><U3/><E88/><V76/><F76/><W116/><G116/><T133/><D133/><U19/><E84/><V52/><AGARI ba="0,2" hai="2,4,9,12,18,21,45,51,52,94,98,103,117,118" machi="52" ten="30,4000,0" yaku="1,1,0,1,54,1,53,0" doraHai="135" doraHaiUra="80" who="2" fromWho="2" sc="250,-20,250,-10,240,60,240,-10" /><INIT seed="1,0,0,2,5,59" ten="230,240,300,230" oya="1" hai0="22,37,7,50,97,5,132,30,43,9,100,16,113" hai1="68,65,35,64,52,89,55,87,119,6,72,83,123" hai2="32,38,63,86,96,15,31,122,54,116,62,42,33" hai3="66,78,0,134,120,14,20,128,69,111,23,95,46"/><U112/><E119/><V106/><F116/><W92/><G0/><T34/><D113/><U110/><E123/><V118/><F118/><W36/><G120/><T84/><D132/><U67/><E112/><V10/><F122/><W88/><G78/><T56/><D37/><U40/><E35/><V81/><F42/><W74/><G74/><T131/><D131/><U17/><E110/><V39/><F54/><W28/><G95/><N who="0" m="58431" /><D34/><U2/><E72/><V117/><F117/><W107/><G107/><T57/><D30/><U3/><E68/><V49/><F49/><W98/><G128/><T125/><D125/><U101/><E101/><V80/><F96/><W94/><G111/><T85/><D57/><U25/><E40/><V102/><F102/><W47/><G134/><T12/><D7/><U99/><E99/><V53/><F53/><W79/><G36/><T121/><D121/><U58/><E55/><V27/><F106/><W91/><G66/><T133/><D133/><U105/><E105/><V114/><F114/><W61/><G69/><T24/><D43/><U51/><REACH who="1" step="1"/><E6/><REACH who="1" ten="230,230,300,230" step="2"/><V115/><F115/><W71/><G71/><T8/><D5/><U21/><AGARI ba="0,1" hai="2,3,17,21,25,51,52,58,64,65,67,83,87,89" machi="21" ten="30,11700,0" yaku="1,1,2,1,0,1,54,1,53,0" doraHai="59" doraHaiUra="90" who="1" fromWho="1" sc="230,-39,230,127,300,-39,230,-39" /><INIT seed="1,1,0,5,1,101" ten="191,357,261,191" oya="1" hai0="75,36,133,71,126,13,20,17,134,6,10,83,9" hai1="112,12,132,86,111,73,70,30,53,34,37,4,77" hai2="1,33,128,66,62,93,63,91,23,57,35,108,79" hai3="11,49,16,117,67,19,60,135,99,44,95,40,51"/><U74/><E112/><V125/><F1/><W32/><G32/><T69/><D36/><U114/><E114/><V118/><F118/><W119/><G135/><N who="0" m="51723" /><D126/><U115/><E115/><V106/><BYE who="1" /><F125/><W45/><G117/><T43/><D43/><U24/><E24/><V127/><F127/><W100/><G119/><T46/><D46/><U2/><E2/><V81/><F108/><W50/><G11/><N who="0" m="4107" /><D6/><UN n1="%E3%82%AD%E3%83%A9%E3%82%AD%E3%83%A9%EF%BC%93" /><U121/><E121/><V92/><F128/><W78/><G78/><AGARI ba="1,0" hai="13,17,20,69,71,75,78,83" m="4107,51723" machi="78" ten="30,1000,0" yaku="20,1" doraHai="101" who="0" fromWho="3" sc="191,13,357,0,261,0,191,-13" /><INIT seed="2,0,0,4,3,7" ten="204,357,261,178" oya="2" hai0="126,115,66,3,10,8,6,14,59,19,49,92,53" hai1="45,100,32,108,75,67,20,61,109,13,119,31,1" hai2="42,39,22,116,40,125,23,134,124,77,69,37,38" hai3="128,98,70,89,83,76,46,78,73,130,99,51,0"/><V65/><F77/><N who="3" m="44463" /><G70/><T27/><D115/><U30/><E119/><V25/><BYE who="1" /><F116/><W101/><G0/><T107/><D107/><U135/><E135/><V79/><F79/><N who="3" m="30251" /><G51/><T56/><D126/><N who="2" m="48746" /><F134/><W55/><G55/><T104/><D104/><U68/><E68/><V58/><F69/><UN n1="%E3%82%AD%E3%83%A9%E3%82%AD%E3%83%A9%EF%BC%93" /><W81/><G46/><T84/><D27/><U113/><E75/><V132/><F132/><W103/><G130/><T114/><D114/><U34/><E113/><V72/><F72/><W11/><G11/><N who="0" m="6623" /><D3/><U91/><E1/><V74/><F74/><W17/><G17/><T50/><D6/><U60/><E67/><V110/><F110/><N who="1" m="42601" /><E100/><N who="3" m="38474" /><G128/><T85/><D50/><U63/><E45/><V57/><F65/><W106/><G106/><T12/><D12/><U9/><E20/><N who="2" m="7723" /><F25/><W48/><G48/><T36/><D36/><U88/><E31/><V86/><F86/><AGARI ba="0,0" hai="81,86,89,98,99" m="38474,30251,44463" machi="86" ten="30,8000,1" yaku="35,5" doraHai="7" who="3" fromWho="2" sc="204,0,357,0,261,-80,178,80" /><INIT seed="3,0,0,1,2,125" ten="204,357,181,258" oya="3" hai0="26,110,75,46,52,69,30,77,134,57,133,126,9" hai1="15,60,83,117,132,101,108,68,74,33,45,10,55" hai2="94,120,113,103,90,3,76,85,124,71,92,24,4" hai3="5,128,25,104,109,20,96,72,2,23,31,114,8"/><W86/><G72/><T95/><D69/><U49/><E117/><V106/><F71/><W43/><G43/><T63/><D126/><U130/><E33/><V111/><F24/><W80/><G114/><T56/><D110/><U59/><E108/><V38/><F38/><W32/><G109/><T13/><D95/><U40/><E130/><V21/><F21/><N who="3" m="8267" /><G96/><T0/><D0/><U122/><E132/><N who="0" m="50793" /><D77/><U131/><E122/><V100/><F111/><W93/><G93/><T65/><D75/><U99/><E131/><V62/><F62/><W84/><G104/><T115/><D115/><U11/><E68/><V58/><F58/><W118/><G84/><T28/><D26/><U6/><E11/><V51/><F94/><W64/><G86/><T41/><D57/><U22/><E22/><V39/><F85/><W129/><G80/><T116/><D65/><U73/><E83/><V79/><F92/><AGARI ba="0,0" hai="6,10,15,40,45,49,55,59,60,73,74,92,99,101" machi="92" ten="30,1000,0" yaku="7,1" doraHai="125" who="1" fromWho="2" sc="204,0,357,10,181,-10,258,0" owari="204,-20.0,367,47.0,171,-33.0,258,6.0" /></mjloggm>