<mjloggm ver="2.3"><GO type="41" lobby="0"/><UN n0="%E3%82%B5%E3%83%95%E3%82%A1%E3%82%A4%E3%82%A2%E2%98%85%E5%A7%AB" n1="%E3%82%A6%E3%83%AB%E3%83%88%E3%83%A9%E7%AB%8B%E7%9B%B4" n2="%E3%83%BB%CF%89%E3%83%BB%E3%81%A8%E3%81%BF%E2%99%AA" n3="%6D%6F%6E%74%61%67" dan="16,16,15,16" rate="2018.82,2007.33,2030.63,2086.62" sx="F,M,M,M"/><TAIKYOKU oya="0"/><INIT seed="0,0,0,1,4,91" ten="250,250,250,250" oya="0" hai0="15,6,126,55,61,68,14,29,1,101,83,20,78" hai1="98,99,16,56,108,40,75,19,127,104,100,95,111" hai2="53,134,132,107,49,69,121,109,23,44,35,0,42" hai3="10,114,34,120,7,4,124,118,123,116,131,105,67"/><T65/><D126/><U81/><E127/><V21/><F35/><W9/><G105/><T32/><D32/><U106/><E40/><V24/><F121/><N who="3" m="46667" /><G67/><T115/><D115/><U80/><E56/><V86/><F107/><N who="1" m="41001" /><E75/><V18/><F109/><N who="1" m="42057" /><E99/><V103/><F103/><W25/><G124/><T72/><D101/><U62/><E62/><V8/><F69/><W102/><G102/><T45/><D55/><U27/><E27/><V73/><F73/><W28/><G114/><T133/><D133/><U112/><E112/><V79/><F42/><W17/><G17/><AGARI ba="0,0" hai="16,17,19,80,81,95,98,100" m="42057,41001" machi="17" ten="30,3900,0" yaku="14,1,52,1,54,1" doraHai="91" who="1" fromWho="3" sc="250,0,250,39,250,0,250,-39" /><INIT seed="1,0,0,2,5,38" ten="250,289,250,211" oya="1" hai0="113,93,36,108,61,118,68,49,79,124,132,125,0" hai1="32,4,67,105,2,62,1,100,20,45,72,56,131" hai2="126,51,103,84,130,50,19,12,5,54,92,122,104" hai3="65,18,48,75,102,109,31,17,46,57,52,27,53"/><U128/><E72/><V43/><F122/><W37/><G75/><T77/><D93/><U116/><E32/><V22/><F130/><N who="1" m="49705" /><E116/><V120/><F120/><W69/><G109/><T88/><D118/><U134/><E134/><V76/><F126/><W119/><G119/><T28/><D28/><U83/><E83/><V21/><F104/><W95/><G37/><T101/><D125/><U15/><E45/><N who="2" m="25919" /><F5/><W26/><G69/><T114/><D68/><U135/><E135/><V80/><F22/><N who="3" m="15831" /><G27/><T70/><D124/><U89/><E89/><V47/><F92/><W9/><G9/><T63/><D70/><U86/><E86/><V33/><F33/><W16/><G65/><T98/><D132/><U40/><E40/><V91/><F103/><W11/><G11/><T107/><D101/><U35/><E35/><V14/><F91/><W123/><G123/><T58/><D88/><U44/><E44/><V94/><F94/><W34/><G34/><T117/><D107/><U23/><E100/><V29/><F29/><W24/><G24/><AGARI ba="0,0" hai="12,14,19,21,24,47,51,54,76,80,84" m="25919" machi="24" ten="30,2000,0" yaku="8,1,52,1" doraHai="38" who="2" fromWho="3" sc="250,0,289,0,250,20,211,-20" /><INIT seed="2,0,0,3,4,73" ten="250,289,270,191" oya="2" hai0="131,31,38,123,49,97,16,109,69,37,22,72,11" hai1="129,114,122,7,53,3,75,66,83,120,47,14,56" hai2="111,100,93,91,108,117,96,12,101,44,52,63,48" hai3="46,126,103,128,45,25,26,125,121,134,29,85,20"/><V57/><F117/><W70/><G121/><N who="1" m="46698" /><E129/><V94/><F12/><W32/><G70/><T80/><D123/><U88/><E114/><V0/><F0/><W30/><G128/><T17/><D131/><U105/><E105/><V55/><REACH who="2" step="1"/><F93/><REACH who="2" ten="250,289,260,191" step="2"/><W106/><G134/><T130/><D130/><U9/><E3/><V98/><F98/><N who="3" m="61815" /><G85/><T112/><D97/><U115/><E115/><V64/><F64/><W104/><G104/><T102/><D112/><U78/><E66/><V119/><F119/><W77/><G77/><T79/><D72/><U5/><E14/><V10/><F10/><W65/><G65/><T110/><D79/><U62/><E9/><V13/><F13/><W127/><AGARI ba="0,1" hai="20,25,26,29,30,32,45,46,125,126,127" m="61815" machi="127" ten="30,1100,0" yaku="18,1" doraHai="73" who="3" fromWho="3" sc="250,-3,289,-3,260,-5,191,21" /><INIT seed="3,0,0,2,5,59" ten="247,286,255,212" oya="3" hai0="128,49,85,1,0,113,65,38,23,66,110,47,82" hai1="56,78,64,93,114,68,28,55,34,32,31,106,80" hai2="54,6,118,87,12,70,17,57,115,58,126,69,105" hai3="127,101,90,42,71,19,96,94,117,83,116,21,7"/><W129/><G127/><T95/><D128/><U109/><E106/><V74/><F126/><W130/><G7/><T103/><D38/><U63/><E114/><V50/><F74/><W111/><G42/><T26/><D113/><U52/><E109/><V97/><F115/><W40/><G40/><T33/><D33/><U8/><E8/><V43/><F118/><N who="3" m="45675" /><G71/><T99/><D110/><U46/><E93/><V16/><F6/><W27/><G83/><T75/><D75/><U45/><E68/><V24/><F43/><W108/><G101/><T123/><D123/><U91/><E78/><V100/><F57/><W131/><AGARI ba="0,0" hai="19,21,27,90,94,96,108,111,129,130,131" m="45675" machi="131" ten="40,2100,0" yaku="19,1" doraHai="59" who="3" fromWho="3" sc="247,-7,286,-7,255,-7,212,21" /><INIT seed="3,1,0,0,0,49" ten="240,279,248,233" oya="3" hai0="6,104,19,37,28,32,30,115,82,14,73,107,105" hai1="135,65,75,126,40,100,129,47,118,4,3,27,95" hai2="44,22,71,62,63,17,41,39,9,97,124,33,68" hai3="58,121,86,26,92,123,113,45,101,74,18,1,130"/><W128/><G1/><T78/><D115/><U133/><E118/><V103/><F33/><W93/><G74/><T51/><D37/><U56/><E75/><V46/><F46/><W106/><G113/><T11/><D32/><U112/><E112/><V42/><F42/><W61/><G45/><T77/><D77/><U0/><E4/><V16/><F9/><W21/><G106/><T50/><D50/><N who="1" m="26983" /><E27/><V81/><F81/><W52/><G86/><T29/><REACH who="0" step="1"/><D51/><REACH who="0" ten="230,279,248,233" step="2"/><U20/><E126/><V132/><F124/><W69/><G69/><T111/><D111/><U55/><E129/><N who="3" m="49770" /><G101/><T125/><D125/><U79/><E79/><V7/><F71/><W114/><G114/><T134/><D134/><U64/><E135/><V80/><F132/><W131/><N who="3" m="49778" /><W24/><DORA hai="60" /><G24/><T89/><D89/><U90/><E100/><V99/><F68/><W36/><G36/><T5/><AGARI ba="1,1" hai="5,6,11,14,19,28,29,30,73,78,82,104,105,107" machi="5" ten="40,2700,0" yaku="1,1,0,1,53,0" doraHai="49,60" doraHaiUra="34,53" who="0" fromWho="0" sc="230,40,279,-8,248,-8,233,-14" /><INIT seed="4,0,0,2,1,67" ten="270,271,240,219" oya="0" hai0="46,109,21,91,35,1,9,69,23,84,94,52,14" hai1="77,50,65,47,6,38,89,0,32,105,93,96,17" hai2="5,97,74,121,107,70,131,3,122,113,19,125,51" hai3="126,110,25,40,124,15,60,108,11,111,12,56,99"/><T134/><D35/><U13/><E105/><V79/><F51/><W101/><G40/><T133/><D109/><N who="3" m="27905" /><W20/><DORA hai="58" /><G56/><T85/><D69/><U90/><E38/><V78/><F19/><N who="3" m="12447" /><G11/><T10/><D85/><U8/><E77/><V29/><F70/><W54/><G54/><T130/><D130/><U123/><E123/><V81/><F131/><W71/><G99/><T34/><D34/><U98/><E32/><V104/><F97/><W103/><G101/><T66/><D66/><U33/><E33/><V112/><F121/><W48/><G48/><N who="0" m="28695" /><D9/><U68/><E65/><V116/><F122/><W75/><G75/><T57/><D57/><U37/><E37/><V120/><F74/><W53/><G53/><T16/><D1/><U132/><E68/><V128/><F3/><W83/><G83/><T22/><D134/><U24/><E132/><V95/><F81/><W7/><G7/><N who="0" m="3423" /><D133/><U87/><E0/><V59/><F120/><W63/><G103/><T2/><D2/><U119/><E6/><V41/><F5/><W118/><G118/><T44/><D44/><U26/><E119/><V64/><F116/><W31/><G71/><T88/><D91/><U102/><E102/><V61/><F59/><W4/><G4/><T62/><D62/><N who="3" m="23593" /><G31/><T86/><D86/><U49/><E47/><V76/><F29/><W72/><G72/><T127/><D16/><U82/><E98/><V55/><F128/><W43/><G43/><T135/><D135/><U92/><E82/><V30/><F41/><W28/><G28/><T39/><D39/><U73/><E73/><RYUUKYOKU ba="0,0" sc="270,10,271,10,240,-30,219,10" hai0="21,22,23,84,88,94,127" hai1="8,13,17,24,26,49,50,87,89,90,92,93,96" hai3="12,15,124,126" /><INIT seed="4,1,0,4,1,54" ten="280,281,210,229" oya="0" hai0="12,41,21,125,50,120,106,64,67,128,44,14,107" hai1="68,114,34,119,116,94,42,98,95,129,39,56,29" hai2="36,88,25,134,111,6,123,76,3,110,84,55,90" hai3="105,46,8,16,93,31,10,2,38,104,91,102,109"/><T18/><D120/><U124/><E68/><V60/><F123/><W35/><G109/><T52/><D128/><U27/><E129/><V89/><F134/><W70/><G70/><T74/><D74/><U43/><E124/><V19/><F36/><W117/><G117/><T122/><D122/><U81/><E114/><V96/><F6/><W108/><G108/><T133/><D133/><U135/><E135/><V57/><F3/><W28/><G102/><T101/><D125/><U79/><E43/><V115/><F115/><W1/><G38/><T100/><D107/><U0/><E0/><V131/><F131/><W118/><G118/><T78/><D78/><U45/><E95/><V80/><REACH who="2" step="1"/><F96/><REACH who="2" ten="280,281,200,229" step="2"/><W82/><G2/><T130/><D130/><U20/><E116/><V77/><F77/><W132/><G1/><T7/><D106/><U126/><E126/><V86/><F86/><W26/><G104/><T17/><D7/><U24/><E79/><V121/><F121/><W62/><G105/><T112/><D112/><U66/><E98/><V63/><F63/><W40/><G132/><T71/><D71/><U87/><E87/><V11/><F11/><W30/><G62/><T53/><D101/><U59/><E39/><V61/><F61/><W48/><G35/><T15/><D100/><U65/><E34/><V73/><F73/><W5/><G5/><T127/><D127/><U103/><E103/><V23/><AGARI ba="1,1" hai="19,23,25,55,57,60,76,80,84,88,89,90,110,111" machi="23" ten="30,8000,1" yaku="1,1,0,1,52,1,54,1,53,1" doraHai="54" doraHaiUra="13" who="2" fromWho="2" sc="280,-41,281,-21,200,93,229,-21" /><INIT seed="5,0,0,3,1,38" ten="239,260,293,208" oya="1" hai0="61,132,58,92,76,42,83,96,79,29,1,78,40" hai1="127,135,24,17,84,47,133,33,104,65,98,54,111" hai2="125,112,73,22,39,20,26,134,122,128,75,34,44" hai3="19,0,108,48,77,21,5,35,95,56,81,82,85"/><U91/><E65/><V13/><F122/><W8/><G35/><T36/><D36/><U31/><E17/><V88/><F128/><W100/><G108/><T60/><D1/><U49/><E111/><V109/><F109/><W68/><G68/><T130/><D130/><U102/><REACH who="1" step="1"/><E127/><REACH who="1" ten="239,250,293,208" step="2"/><V94/><F125/><W110/><G110/><T123/><D123/><U67/><E67/><V52/><F134/><W57/><G82/><AGARI ba="0,1" hai="24,31,33,47,49,54,82,84,91,98,102,104,133,135" machi="82" ten="40,2000,0" yaku="1,1,53,0" doraHai="38" doraHaiUra="121" who="1" fromWho="3" sc="239,0,250,30,293,0,208,-20" /><INIT seed="5,1,0,3,2,43" ten="239,280,293,188" oya="1" hai0="53,116,127,131,90,87,81,2,110,105,68,10,102" hai1="115,63,24,11,84,71,93,22,64,23,69,86,57" hai2="25,21,123,134,32,118,113,9,117,121,40,59,44" hai3="46,20,92,119,7,42,41,27,99,128,52,14,80"/><U106/><E106/><V114/><F59/><W82/><G128/><T4/><D131/><U0/><E115/><N who="2" m="44043" /><F32/><W101/><G119/><N who="2" m="45577" /><F9/><W95/><G95/><T73/><D116/><U104/><E104/><V12/><F12/><W33/><G33/><T39/><D110/><U15/><E0/><V98/><F98/><W109/><G109/><T91/><D68/><U108/><E108/><V47/><F134/><W37/><G41/><T50/><D39/><U97/><E69/><V49/><F21/><W94/><G92/><T35/><D35/><U74/><E71/><V26/><F44/><W112/><G112/><T65/><D65/><U55/><E74/><V66/><F66/><W28/><G14/><T88/><D73/><U62/><E64/><V36/><F36/><W126/><G7/><T16/><D105/><U125/><E23/><V31/><F31/><W89/><G126/><T122/><D127/><U5/><E125/><V58/><F58/><W111/><G111/><T56/><D122/><AGARI ba="1,0" hai="25,26,40,47,49,121,122,123" m="45577,44043" machi="122" ten="40,5200,0" yaku="15,1,11,1,52,1" doraHai="43" who="2" fromWho="0" sc="239,-55,280,0,293,55,188,0" /><INIT seed="6,0,0,5,4,55" ten="184,280,348,188" oya="2" hai0="50,49,101,115,7,82,94,128,54,40,100,90,62" hai1="102,65,32,9,121,77,89,16,135,123,26,124,64" hai2="87,120,122,76,51,134,93,56,15,99,119,36,96" hai3="84,71,38,23,42,117,68,13,39,24,98,58,108"/><V43/><F119/><W3/><G3/><T131/><D115/><U47/><E124/><V17/><F134/><W110/><G13/><T105/><D105/><U41/><E135/><V95/><F36/><W67/><G98/><T25/><D82/><U88/><E102/><V92/><F122/><N who="1" m="46601" /><E77/><V112/><F112/><W118/><G84/><T106/><D106/><U2/><E32/><V104/><F104/><W20/><G24/><T33/><D7/><U52/><E52/><N who="2" m="31775" /><F43/><W28/><G67/><N who="1" m="25674" /><E2/><V12/><F120/><W86/><G86/><N who="0" m="52567" /><D40/><U44/><E44/><V75/><F75/><W79/><G42/><T29/><D101/><U78/><E78/><V132/><F132/><W1/><G79/><T18/><D100/><U31/><E47/><V111/><F111/><W109/><G1/><T48/><D18/><U53/><E53/><V30/><F30/><W126/><G109/><T73/><D73/><U11/><E41/><V45/><F45/><W85/><G85/><T0/><D0/><U6/><E31/><V127/><F127/><W8/><G28/><T70/><D70/><U61/><E6/><V116/><F116/><W35/><G126/><T10/><D10/><U83/><E9/><N who="2" m="6287" /><F15/><W97/><G8/><T133/><D133/><U46/><E46/><V129/><F129/><N who="0" m="49738" /><D62/><U107/><E61/><V57/><F57/><AGARI ba="0,0" hai="25,29,33,48,49,50,54,57" m="49738,52567" machi="57" ten="30,2000,0" yaku="19,1,52,1" doraHai="55" who="0" fromWho="2" sc="184,20,280,0,348,-20,188,0" /><INIT seed="7,0,0,5,5,44" ten="204,280,328,188" oya="3" hai0="96,100,135,33,22,84,134,125,23,69,29,49,128" hai1="111,3,0,74,64,6,124,99,117,133,91,1,109" hai2="17,85,97,77,87,57,132,114,42,30,12,60,81" hai3="58,78,76,48,118,8,61,110,86,72,68,19,83"/><W16/><G118/><T43/><D69/><U38/><E6/><V59/><F114/><W18/><G110/><T79/><D125/><U67/><E91/><V93/><F132/><N who="0" m="50730" /><D128/><U25/><E99/><V94/><F85/><W56/><G72/><T90/><D79/><U21/><E21/><N who="2" m="11431" /><F42/><W51/><G76/><T24/><D49/><N who="3" m="19017" /><G68/><T75/><D43/><U105/><E105/><V14/><F30/><W41/><G41/><T47/><D47/><U39/><E0/><V126/><F126/><W31/><G31/><T80/><D75/><U55/><E74/><V88/><F14/><N who="3" m="7239" /><G58/><N who="2" m="22025" /><F93/><AGARI ba="0,0" hai="22,23,24,29,33,80,84,90,93,96,100" m="50730" machi="93" ten="30,1000,0" yaku="20,1" doraHai="44" who="0" fromWho="2" sc="204,10,280,0,328,-10,188,0" owari="214,-19.0,280,8.0,318,42.0,188,-31.0" /></mjloggm>