<mjloggm ver="2.3"><GO type="169" lobby="0"/><UN n0="%E3%82%AE%E3%82%BF%E3%83%B3%E3%83%9E%E3%83%A0%E3%83%AB%E3%80%82" n1="%E3%82%A6%E3%83%AB%E3%83%88%E3%83%A9%E7%AB%8B%E7%9B%B4" n2="%56%45%4E%4F%4D" n3="%E3%82%86%E3%81%86%E3%81%9F%E3%82%93" dan="16,16,16,16" rate="2199.23,2044.59,2050.45,2093.90" sx="M,M,M,M"/><TAIKYOKU oya="0"/><INIT seed="0,0,0,2,4,83" ten="250,250,250,250" oya="0" hai0="11,35,89,121,34,117,115,66,1,133,49,81,52" hai1="25,93,120,24,80,29,15,116,87,19,88,123,102" hai2="122,45,126,31,7,130,58,33,16,110,111,14,77" hai3="114,119,72,103,96,70,82,84,91,59,113,127,9"/><T134/><D121/><U26/><E116/><V73/><F122/><W92/><G70/><T105/><D117/><U98/><REACH who="1" step="1"/><E29/><REACH who="1" ten="250,240,250,250" step="2"/><V95/><F31/><W129/><G119/><T3/><D115/><U74/><E74/><V64/><F73/><W61/><G129/><T54/><D35/><U5/><E5/><V13/><F7/><W23/><G127/><T12/><D34/><U6/><E6/><V65/><F33/><W44/><G72/><T40/><D3/><U76/><E76/><V18/><F77/><W94/><G114/><T128/><D1/><U20/><AGARI ba="0,1" hai="15,19,20,24,25,26,80,87,88,93,98,102,120,123" machi="20" ten="30,7900,0" yaku="1,1,0,1,52,1,54,1,53,0" doraHai="83" doraHaiUra="38" who="1" fromWho="1" sc="250,-39,240,89,250,-20,250,-20" /><INIT seed="1,0,0,0,4,20" ten="211,329,230,230" oya="1" hai0="18,125,107,13,101,83,84,60,116,85,87,78,35" hai1="30,28,34,33,96,51,110,112,103,10,69,57,50" hai2="94,86,12,47,88,91,82,62,95,90,74,118,89" hai3="109,48,42,121,100,133,49,64,46,59,54,135,72"/><U126/><E112/><V111/><F118/><W27/><G72/><T56/><D116/><U38/><E38/><V19/><F111/><W105/><G121/><T80/><D125/><U68/><E126/><V108/><F108/><W14/><G109/><T67/><D35/><U134/><E110/><V9/><F74/><W79/><G79/><T31/><D31/><U40/><E10/><V124/><F124/><W61/><G14/><T52/><D107/><U123/><E123/><V32/><F32/><W37/><G27/><T22/><D101/><U24/><E134/><N who="3" m="51210" /><G64/><T128/><D128/><U6/><E6/><V99/><F62/><W58/><G58/><T81/><REACH who="0" step="1"/><D67/><REACH who="0" ten="201,329,230,230" step="2"/><U66/><E30/><V43/><REACH who="2" step="1"/><F95/><REACH who="2" ten="201,329,220,230" step="2"/><W98/><AGARI ba="0,2" hai="37,42,46,48,49,54,59,61,98,100,105" m="51210" machi="98" ten="30,1100,0" yaku="20,1" doraHai="20" who="3" fromWho="3" sc="201,-3,329,-5,220,-3,230,31" /><INIT seed="2,0,0,2,1,133" ten="198,324,217,261" oya="2" hai0="110,36,106,57,96,80,32,55,19,16,53,14,51" hai1="88,85,33,61,111,112,29,116,105,41,130,74,15" hai2="118,40,20,59,104,63,135,125,79,92,22,66,49" hai3="123,89,35,71,27,108,76,77,101,107,56,10,94"/><V26/><F104/><W97/><G71/><T65/><D36/><U7/><E74/><V117/><F135/><W6/><G123/><T54/><D32/><U98/><E116/><V115/><F115/><W31/><G108/><T43/><D110/><U129/><E111/><V0/><F0/><W84/><G56/><T5/><D5/><U60/><E41/><V119/><F79/><W113/><REACH who="3" step="1"/><G113/><REACH who="3" ten="198,324,217,251" step="2"/><T93/><D57/><U131/><E112/><V87/><F119/><W46/><G46/><T102/><D65/><U86/><E129/><V34/><F118/><W90/><G90/><T28/><D102/><U17/><E88/><V30/><F117/><W100/><G100/><T39/><D39/><U38/><E38/><V62/><F59/><W122/><G122/><T78/><D78/><U24/><E130/><V126/><F66/><W72/><G72/><T69/><D69/><U1/><E131/><V127/><F87/><W70/><G70/><T95/><D96/><U48/><E86/><V52/><F92/><W134/><G134/><T2/><D95/><U4/><E85/><V12/><F40/><W44/><G44/><T13/><D93/><U18/><E98/><V9/><F62/><W11/><G11/><T3/><D43/><U68/><E61/><V50/><F63/><W103/><G103/><T45/><D45/><U37/><E60/><V58/><REACH who="2" step="1"/><F50/><REACH who="2" ten="198,324,207,251" step="2"/><W99/><G99/><T81/><D53/><U47/><E48/><V82/><F82/><W23/><G23/><T120/><D51/><U83/><E83/><V64/><F64/><W121/><G121/><RYUUKYOKU ba="0,2" sc="198,-15,324,-15,207,15,251,15" hai2="9,12,20,22,26,30,34,49,52,58,125,126,127" hai3="6,10,27,31,35,76,77,84,89,94,97,101,107" /><INIT seed="2,1,2,0,4,5" ten="183,309,222,266" oya="2" hai0="126,36,6,61,46,100,30,101,116,59,16,23,127" hai1="74,48,31,92,47,128,83,131,42,29,93,81,96" hai2="26,107,89,79,87,56,18,115,118,64,108,77,117" hai3="9,69,17,73,97,90,111,135,12,7,1,120,40"/><V4/><F107/><W24/><G69/><T20/><D116/><U15/><E15/><V11/><F115/><W58/><G73/><T91/><D6/><U62/><E62/><V129/><F129/><N who="1" m="49737" /><E92/><V50/><F108/><W112/><G120/><T133/><D133/><U53/><E53/><V57/><F118/><W85/><G135/><T67/><D30/><N who="1" m="11275" /><E74/><V68/><F68/><W27/><G112/><T63/><D91/><AGARI ba="1,2" hai="42,47,48,81,83,91,93,96" m="11275,49737" machi="91" ten="30,1000,0" yaku="19,1" doraHai="5" who="1" fromWho="0" sc="183,-13,309,33,222,0,266,0" /><INIT seed="3,0,0,5,3,20" ten="170,342,222,266" oya="3" hai0="90,64,31,80,28,118,39,117,122,95,8,1,110" hai1="126,121,74,83,0,50,45,4,128,42,109,22,81" hai2="60,76,5,107,86,65,130,75,29,123,84,88,124" hai3="26,134,23,72,71,21,15,13,62,129,92,97,120"/><W17/><G72/><T18/><D122/><U9/><E121/><V11/><F123/><W57/><G120/><T69/><D39/><U106/><E106/><V48/><F107/><W35/><G134/><T16/><D110/><U56/><E109/><V59/><F29/><W2/><G2/><T12/><D1/><U49/><E126/><V58/><F124/><W93/><G129/><T125/><D125/><U25/><E128/><V47/><F75/><W24/><G71/><T3/><D3/><U135/><E135/><V63/><F76/><W36/><G36/><T114/><D114/><U94/><E94/><N who="3" m="36458" /><G35/><T10/><D80/><U100/><E100/><V78/><F78/><W116/><G97/><T102/><D102/><U54/><E74/><V119/><F119/><W105/><G105/><T38/><D38/><U33/><REACH who="1" step="1"/><E33/><REACH who="1" ten="170,332,222,266" step="2"/><V103/><F103/><W44/><G116/><T41/><D117/><U37/><E37/><V77/><F130/><W70/><G70/><T82/><D118/><U133/><E133/><V87/><F77/><W101/><G101/><T32/><D69/><U89/><E89/><V132/><F132/><W108/><G108/><T40/><D32/><U61/><E61/><V30/><F88/><W113/><G113/><T52/><D95/><U68/><E68/><V85/><F63/><W111/><G111/><T43/><D90/><U112/><E112/><V67/><F60/><W51/><G62/><T34/><D34/><U104/><E104/><V131/><F131/><W91/><G91/><T115/><D115/><U14/><E14/><V6/><F67/><RYUUKYOKU ba="0,1" sc="170,-10,332,30,222,-10,266,-10" hai1="0,4,9,22,25,42,45,49,50,54,56,81,83" /><INIT seed="4,1,1,4,4,105" ten="160,362,212,256" oya="0" hai0="126,113,130,90,125,76,37,129,29,74,106,34,127" hai1="112,71,77,87,26,60,81,7,93,4,92,123,107" hai2="57,102,30,132,133,82,51,41,10,120,67,68,17" hai3="47,108,58,36,11,131,128,66,103,70,1,61,122"/><T21/><D37/><U104/><E71/><V78/><F68/><W99/><G108/><T83/><D34/><U13/><E26/><V65/><F120/><W115/><G122/><T73/><D29/><U50/><E60/><V25/><F102/><W114/><G11/><T22/><D113/><N who="3" m="43017" /><G1/><T27/><D106/><U8/><E7/><V23/><F17/><W54/><G99/><T121/><D121/><U35/><E35/><V118/><F118/><W20/><G20/><N who="0" m="7787" /><D27/><U32/><E32/><V3/><F10/><W14/><G14/><T119/><D119/><U55/><E123/><V116/><F3/><W40/><G103/><T52/><D90/><U31/><E31/><V100/><F100/><W45/><G45/><T33/><D33/><U53/><E112/><V16/><F30/><W42/><G42/><T89/><D89/><U56/><E104/><V111/><F41/><W18/><G18/><T88/><D88/><U96/><E107/><V69/><F116/><W46/><G46/><T101/><D101/><U6/><E6/><V84/><F111/><W12/><G12/><T94/><D94/><U91/><E93/><V43/><F43/><W0/><G0/><T9/><D9/><U135/><E92/><V75/><F75/><N who="0" m="28682" /><D52/><U39/><E55/><N who="2" m="31999" /><F69/><W15/><G15/><T19/><D19/><U72/><E8/><V59/><F59/><W62/><AGARI ba="1,1" hai="36,40,47,54,58,61,62,66,70,128,131" m="43017" machi="62" ten="30,4000,0" yaku="15,1,34,2" doraHai="105" who="3" fromWho="3" sc="160,-21,362,-11,212,-11,256,53" /><INIT seed="5,0,0,1,4,44" ten="139,351,201,309" oya="1" hai0="111,22,112,64,75,49,78,47,124,88,41,108,86" hai1="39,4,74,90,97,102,115,77,87,126,11,119,29" hai2="131,79,106,66,7,81,26,128,96,103,65,122,8" hai3="70,72,31,135,19,5,116,76,118,14,27,56,99"/><U45/><E119/><N who="3" m="45610" /><G70/><T32/><D32/><U100/><E126/><V59/><F122/><W17/><G135/><T114/><D124/><U107/><E102/><V42/><F26/><W21/><G99/><T53/><D64/><U38/><E115/><N who="0" m="44073" /><D75/><U0/><E29/><V33/><F33/><W80/><G56/><N who="0" m="32815" /><D22/><U62/><E62/><V113/><F113/><W121/><G121/><T61/><D61/><U20/><E20/><V92/><F59/><W28/><G5/><T89/><D78/><U85/><E85/><V84/><F42/><W6/><G6/><T69/><D69/><U23/><E23/><AGARI ba="0,0" hai="14,17,19,21,23,27,28,31,72,76,80" m="45610" machi="23" ten="30,1000,0" yaku="12,1" doraHai="44" who="3" fromWho="1" sc="139,0,351,-10,201,0,309,10" /><INIT seed="6,0,0,2,2,132" ten="139,341,201,319" oya="2" hai0="104,42,22,76,91,70,30,17,35,34,71,46,38" hai1="23,48,6,120,4,27,7,93,133,45,9,128,77" hai2="125,32,12,117,113,51,69,52,65,47,21,11,14" hai3="28,85,108,81,72,118,123,134,115,74,66,119,114"/><V111/><F111/><W78/><G66/><T37/><D104/><U75/><E128/><V96/><F117/><N who="3" m="44555" /><G28/><T80/><D38/><U88/><E133/><V106/><F32/><W87/><G134/><T124/><D30/><U41/><E120/><V68/><F113/><N who="3" m="43019" /><G123/><T62/><D70/><U63/><E63/><V130/><F130/><W99/><G108/><T79/><D79/><U94/><E94/><V83/><F65/><W95/><G87/><T129/><D129/><U110/><E110/><V19/><F68/><W15/><G15/><T3/><D3/><U67/><E67/><V33/><F69/><W89/><AGARI ba="0,0" hai="72,74,78,81,85,89,95,99" m="43019,44555" machi="89" ten="30,7900,0" yaku="15,1,11,1,34,2" doraHai="132" who="3" fromWho="3" sc="139,-20,341,-20,201,-39,319,79" /><INIT seed="7,0,0,5,4,24" ten="119,321,162,398" oya="3" hai0="4,103,126,51,89,84,5,23,110,77,29,32,47" hai1="20,36,60,59,73,96,40,52,102,71,131,9,91" hai2="7,114,122,86,108,43,132,6,46,90,127,67,13" hai3="21,55,68,85,2,69,38,31,113,28,8,106,0"/><W115/><G106/><T66/><D110/><U98/><E73/><V3/><F108/><W125/><G125/><T118/><D118/><U56/><E131/><V37/><F127/><W95/><G38/><T54/><D126/><U129/><E129/><V111/><F3/><W121/><G121/><T11/><D32/><U100/><E71/><V62/><F122/><W130/><G130/><T82/><D103/><U41/><E36/><V22/><F111/><W53/><G21/><T12/><D66/><U18/><E9/><V120/><F120/><W63/><G95/><T135/><D135/><U76/><E76/><V92/><F132/><W17/><G85/><T61/><D61/><U105/><E59/><V116/><F114/><N who="3" m="43531" /><G17/><T74/><D5/><U83/><E83/><V134/><F134/><W123/><G123/><T1/><D1/><N who="3" m="617" /><G8/><T39/><D39/><U99/><E99/><V128/><F128/><W78/><G78/><T70/><D70/><N who="3" m="27241" /><G63/><T44/><D74/><U27/><REACH who="1" step="1"/><E91/><REACH who="1" ten="119,311,162,398" step="2"/><V50/><F37/><W30/><AGARI ba="0,1" hai="28,30,31,53,55" m="27241,617,43531" machi="30" ten="40,18000,2" yaku="28,2,15,1,52,3" doraHai="24" who="3" fromWho="3" sc="119,-60,311,-60,162,-60,398,190" owari="59,-44.0,251,5.0,102,-30.0,588,69.0" /></mjloggm>