<mjloggm ver="2.3"><GO type="97" lobby="0"/><UN n0="%E3%82%A6%E3%83%AB%E3%83%88%E3%83%A9%E7%AB%8B%E7%9B%B4" n1="%74%61%6B%65%65" n2="%67%75%70%70%79%39%38" n3="%E3%8C%A7%E3%81%BE" dan="14,14,14,14" rate="1923.50,1930.21,1931.86,1900.67" sx="M,M,M,M"/><TAIKYOKU oya="0"/><INIT seed="0,0,0,5,5,123" ten="250,250,250,250" oya="0" hai0="91,58,1,71,130,56,129,35,134,121,29,92,45" hai1="64,76,102,18,88,49,94,0,80,39,111,114,34" hai2="5,106,83,17,41,25,84,20,62,11,40,70,30" hai3="125,19,6,79,59,89,13,135,74,110,22,48,109"/><T12/><D1/><U16/><E39/><V3/><F106/><W9/><G135/><T101/><D71/><U75/><E0/><V127/><F127/><W63/><G48/><T26/><D121/><U107/><E34/><V61/><F30/><W69/><G69/><T126/><D126/><U128/><E128/><N who="0" m="49257" /><D134/><U133/><E133/><V131/><F131/><W112/><G125/><T90/><D101/><U86/><E114/><V15/><F3/><W47/><G47/><T37/><D12/><U7/><E7/><V73/><F73/><W105/><G105/><T85/><D91/><U119/><E119/><V120/><F120/><W38/><G38/><T108/><D108/><N who="3" m="41577" /><G112/><T52/><D37/><U117/><E117/><V28/><F5/><W60/><G89/><T53/><D53/><U21/><E111/><V33/><F33/><W4/><G79/><T43/><D43/><N who="2" m="16458" /><F70/><W87/><G87/><T57/><D45/><U65/><E49/><V44/><F44/><W96/><G96/><T104/><D104/><U99/><E18/><V24/><F24/><AGARI ba="0,0" hai="16,21,24,64,65,75,76,80,86,88,94,99,102,107" machi="24" ten="30,8000,1" yaku="7,1,24,2,54,2" doraHai="123" who="1" fromWho="2" sc="250,0,250,80,250,-80,250,0" /><INIT seed="1,0,0,2,3,37" ten="250,330,170,250" oya="1" hai0="17,75,106,0,73,98,26,108,78,105,10,123,85" hai1="2,109,112,107,87,69,50,127,53,101,46,38,59" hai2="63,15,79,35,97,102,118,126,131,114,29,48,1" hai3="71,132,119,28,129,92,122,62,65,96,125,43,90"/><U76/><E2/><V95/><F118/><W19/><G122/><T99/><D26/><U40/><E112/><V128/><F114/><W86/><G119/><T133/><D17/><U11/><E127/><V124/><F1/><W5/><G125/><N who="2" m="48233" /><F63/><W67/><G129/><N who="2" m="49737" /><F79/><W100/><G132/><T3/><D133/><U68/><E11/><V82/><F82/><W22/><G5/><T116/><D10/><U93/><E109/><V24/><F48/><W8/><G8/><T64/><D78/><U113/><E113/><V56/><F56/><W66/><G28/><T49/><D49/><U83/><E107/><V7/><F15/><W42/><G67/><T20/><D64/><U89/><E101/><V60/><F60/><W45/><G66/><T41/><D116/><U88/><E89/><V111/><F7/><W44/><G45/><T25/><D3/><U81/><E81/><V58/><F58/><W117/><G44/><T110/><D0/><U14/><E14/><V16/><F111/><W23/><G117/><T121/><D110/><U18/><E18/><AGARI ba="0,0" hai="16,18,24,29,35,95,97,102" m="49737,48233" machi="18" ten="30,3900,0" yaku="18,1,19,1,54,1" doraHai="37" who="2" fromWho="1" sc="250,0,330,-39,170,39,250,0" /><INIT seed="2,0,0,2,1,114" ten="250,291,209,250" oya="2" hai0="58,41,15,111,109,14,69,17,89,46,8,5,59" hai1="56,113,60,87,71,128,126,49,6,50,13,82,81" hai2="45,20,38,31,68,130,61,54,121,104,95,26,99" hai3="123,77,110,16,11,75,115,37,32,67,84,44,22"/><V107/><F130/><W57/><G115/><T65/><D89/><U106/><E113/><V66/><F121/><W127/><G110/><N who="0" m="41995" /><D69/><U94/><E106/><V39/><F54/><W101/><G32/><T47/><D65/><N who="1" m="39047" /><E128/><V10/><F10/><W24/><G75/><T62/><D62/><U64/><E126/><V12/><F12/><W63/><G127/><T40/><D46/><U100/><E71/><V28/><F28/><W131/><G131/><T96/><D96/><N who="1" m="59415" /><E64/><V112/><F112/><W42/><G123/><T120/><D120/><U34/><E34/><V21/><F21/><W78/><G101/><T85/><D85/><U132/><E132/><V135/><F135/><W2/><G84/><T7/><D41/><U72/><E72/><V97/><F97/><W90/><G90/><T36/><D7/><U33/><E33/><V53/><F39/><W105/><G105/><T118/><D118/><U103/><E103/><V129/><F129/><W18/><G18/><T52/><D52/><U133/><E133/><V29/><F29/><W4/><AGARI ba="0,0" hai="2,4,11,16,22,24,37,42,44,57,63,67,77,78" machi="4" ten="30,2000,0" yaku="0,1,54,1" doraHai="114" who="3" fromWho="3" sc="250,-5,291,-5,209,-10,250,20" /><INIT seed="3,0,0,1,2,59" ten="245,286,199,270" oya="3" hai0="42,81,75,23,12,29,117,43,67,84,95,65,90" hai1="34,122,92,51,15,4,132,129,46,66,62,20,98" hai2="126,121,25,14,8,37,70,3,134,110,33,19,131" hai3="96,128,125,63,74,22,93,100,7,80,106,31,85"/><W123/><G123/><T127/><D117/><U73/><E122/><V91/><RYUUKYOKU type="yao9" ba="0,0" sc="245,0,286,0,199,0,270,0" hai2="3,8,14,19,25,33,37,70,91,110,121,126,131,134" /><INIT seed="3,1,0,2,1,8" ten="245,286,199,270" oya="3" hai0="15,129,122,82,102,66,55,29,25,87,83,21,92" hai1="49,64,36,101,44,70,12,30,26,95,61,50,79" hai2="77,78,22,93,71,16,133,46,5,28,119,1,110" hai3="11,35,99,126,63,117,48,123,90,108,54,38,113"/><W89/><G123/><T73/><D122/><U97/><E79/><V41/><F119/><W56/><G117/><T80/><D129/><U116/><E116/><V43/><F133/><W81/><G113/><T115/><D115/><U14/><E36/><V0/><F110/><W53/><G108/><T27/><D66/><U6/><E6/><V85/><F71/><W125/><G38/><T75/><D27/><U69/><E70/><V47/><F28/><W121/><G35/><T96/><D55/><U57/><E69/><V124/><F124/><N who="3" m="47723" /><G121/><T67/><D67/><U45/><E50/><V111/><F111/><W13/><G99/><T23/><D75/><U131/><E131/><V74/><F74/><W60/><G81/><T9/><D73/><U135/><E135/><V3/><F5/><N who="3" m="3311" /><G54/><T105/><D23/><N who="1" m="15711" /><E44/><V91/><F47/><W94/><G94/><T10/><D105/><U17/><E17/><V103/><F103/><W106/><G106/><T20/><D87/><U19/><E19/><AGARI ba="1,0" hai="9,10,15,19,20,21,25,29,80,82,83,92,96,102" machi="19" ten="40,2600,0" yaku="8,1,52,1" doraHai="8" who="0" fromWho="1" sc="245,29,286,-29,199,0,270,0" /><INIT seed="4,0,0,0,3,103" ten="274,257,199,270" oya="0" hai0="66,76,125,4,131,59,134,120,3,75,17,14,9" hai1="67,29,115,62,77,70,53,133,101,8,104,24,19" hai2="91,1,0,68,10,86,87,73,110,61,128,127,71" hai3="92,90,80,105,32,96,49,21,43,16,27,117,11"/><T23/><D120/><U54/><E133/><V33/><F33/><W119/><G32/><T58/><D134/><U78/><E115/><V126/><F110/><W5/><G80/><T63/><D125/><N who="2" m="47626" /><F73/><W20/><G20/><T64/><D131/><U112/><E112/><V74/><F74/><W44/><G105/><T85/><D75/><U28/><E78/><V118/><F61/><W123/><REACH who="3" step="1"/><G123/><REACH who="3" ten="274,257,199,260" step="2"/><T39/><D23/><U55/><E77/><V25/><F128/><W34/><G34/><T40/><D76/><U114/><E114/><V132/><F132/><W95/><G95/><T106/><D106/><U41/><E41/><V94/><F118/><W2/><AGARI ba="0,1" hai="2,5,11,16,21,27,43,44,49,90,92,96,117,119" machi="2" ten="20,8000,1" yaku="1,1,0,1,7,1,54,1,53,1" doraHai="103" doraHaiUra="35" who="3" fromWho="3" sc="274,-40,257,-20,199,-20,260,90" owari="234,-17.0,237,4.0,179,-32.0,350,45.0" /></mjloggm>