<mjloggm ver="2.3"><GO type="169" lobby="0"/><UN n0="%E5%A4%A9%E5%B2%A9%E6%88%B8" n1="%E9%AB%98%E7%94%BA%EF%BC%A0%E3%81%AA%E3%81%AE%E3%81%AF" n2="%EF%BC%88%E2%89%A7%E2%96%BD%E2%89%A6%EF%BC%89" n3="%E3%81%8B%E3%81%92%E3%81%8D%E3%82%85%E3%81%86" dan="16,16,19,17" rate="2168.54,2092.12,2275.57,2193.09" sx="M,F,M,M"/><TAIKYOKU oya="0"/><INIT seed="0,0,0,1,0,115" ten="250,250,250,250" oya="0" hai0="84,52,66,75,32,20,106,122,37,107,99,56,59" hai1="93,134,48,13,94,87,65,133,34,69,22,31,76" hai2="23,79,1,50,58,62,68,128,85,28,113,51,0" hai3="104,135,42,61,105,21,17,24,109,77,119,98,127"/><T108/><D75/><U102/><E34/><V83/><F113/><W12/><G127/><T90/><D32/><U29/><E65/><V74/><F128/><W103/><G135/><T123/><D37/><U30/><E69/><V43/><F68/><W89/><G109/><T35/><D35/><U36/><E36/><V111/><F111/><W14/><G77/><T110/><D110/><U39/><E39/><V80/><F1/><W121/><G42/><T92/><D108/><U27/><E13/><V96/><F0/><W101/><G89/><T54/><D66/><U129/><E129/><V9/><F9/><W10/><G14/><T55/><D20/><U91/><E76/><V118/><F96/><W41/><G41/><T7/><D7/><U40/><E102/><V49/><F43/><W33/><G33/><T67/><D67/><U73/><E73/><V46/><F46/><W18/><G61/><T5/><D5/><U125/><E125/><V3/><F3/><W11/><G11/><T100/><REACH who="0" step="1"/><D107/><REACH who="0" ten="240,250,250,250" step="2"/><U15/><E134/><V78/><F23/><W116/><G121/><AGARI ba="0,1" hai="52,54,55,56,59,84,90,92,99,100,106,121,122,123" machi="121" ten="40,7700,0" yaku="1,1,2,1,54,1,53,0" doraHai="115" doraHaiUra="4" who="0" fromWho="3" sc="240,87,250,0,250,0,250,-77" /><INIT seed="0,1,0,0,1,84" ten="327,250,250,173" oya="0" hai0="46,86,49,105,129,36,97,103,54,11,117,80,99" hai1="5,107,67,87,34,31,51,131,14,7,130,44,25" hai2="91,59,88,55,32,30,128,8,69,81,35,119,71" hai3="19,70,112,0,126,10,28,15,121,68,132,122,41"/><T42/><D129/><N who="1" m="49163" /><E107/><V57/><F128/><W94/><G41/><T61/><D117/><U12/><E67/><V75/><F119/><W124/><G94/><T100/><D11/><U96/><E96/><V58/><F75/><W9/><G70/><T56/><D99/><U43/><E87/><N who="2" m="50287" /><F69/><W74/><G68/><T1/><D1/><U2/><E2/><V17/><F32/><W113/><G74/><T13/><D13/><AGARI ba="1,0" hai="5,7,12,13,14,25,31,34,43,44,51" m="49163" machi="13" ten="30,1000,0" yaku="19,1" doraHai="84" who="1" fromWho="0" sc="327,-13,250,13,250,0,173,0" /><INIT seed="1,0,0,3,1,73" ten="314,263,250,173" oya="1" hai0="65,34,20,11,12,5,85,84,118,100,58,41,74" hai1="47,21,67,130,68,117,10,72,75,64,113,125,115" hai2="87,40,101,25,76,9,116,80,63,57,71,13,53" hai3="105,127,1,111,91,28,88,50,124,16,60,97,95"/><U0/><E117/><V15/><F116/><W49/><G1/><T44/><D34/><U89/><E89/><V45/><F71/><W96/><G28/><T108/><D118/><U135/><E21/><V52/><F101/><W133/><G60/><T8/><D74/><U66/><E68/><V35/><F35/><W30/><G30/><T90/><D100/><U38/><E130/><V39/><F25/><W55/><G133/><T107/><D107/><U27/><E27/><V78/><F53/><W3/><G3/><T29/><D108/><U86/><E86/><V121/><F121/><W22/><G111/><T54/><D65/><U129/><E129/><V112/><F112/><W18/><G105/><T126/><D126/><N who="3" m="48169" /><G55/><T119/><D119/><U37/><E135/><V2/><REACH who="2" step="1"/><F78/><REACH who="2" ten="314,263,240,173" step="2"/><W131/><G131/><T48/><D54/><U61/><E125/><V51/><F51/><N who="3" m="19467" /><G22/><T6/><D20/><U70/><E115/><V4/><AGARI ba="0,1" hai="2,4,9,13,15,39,40,45,52,57,63,76,80,87" machi="4" ten="30,7900,0" yaku="1,1,0,1,52,1,54,1,53,0" doraHai="73" doraHaiUra="104" who="2" fromWho="2" sc="314,-20,263,-39,240,89,173,-20" /><INIT seed="2,0,0,2,5,65" ten="294,224,329,153" oya="2" hai0="25,124,100,94,57,46,37,83,95,68,129,71,32" hai1="2,20,75,99,80,130,86,44,17,96,87,9,55" hai2="134,123,11,49,89,50,7,26,106,66,122,70,24" hai3="85,62,18,110,58,63,42,108,53,1,22,119,10"/><V4/><F106/><W79/><G119/><T31/><D124/><U93/><E75/><V19/><F89/><W13/><G42/><T29/><D29/><U112/><E112/><V131/><F131/><W72/><G72/><T116/><D129/><U43/><E55/><V61/><F134/><W104/><G104/><T114/><D114/><U120/><E130/><V30/><F19/><W60/><G79/><T36/><D116/><U47/><E9/><V102/><F102/><W107/><G85/><T97/><D94/><U77/><E2/><V48/><F24/><W39/><G39/><T21/><D32/><U67/><E67/><V98/><F98/><N who="1" m="37417" /><E43/><V52/><F52/><W111/><REACH who="3" step="1"/><G107/><REACH who="3" ten="294,224,329,143" step="2"/><T82/><D37/><U74/><E74/><V135/><F135/><W15/><G15/><T125/><D36/><U88/><E120/><V81/><F122/><W113/><G113/><T6/><D25/><AGARI ba="0,1" hai="17,20,25,44,47,77,80,86,87,88,93" m="37417" machi="25" ten="30,2000,0" yaku="8,1,54,1" doraHai="65" who="1" fromWho="0" sc="294,-20,224,30,329,0,143,0" /><INIT seed="3,0,0,5,0,45" ten="274,254,329,143" oya="3" hai0="97,22,86,113,1,116,19,61,59,131,49,9,48" hai1="114,85,100,38,98,99,119,53,20,68,14,112,36" hai2="87,122,54,78,135,4,88,81,73,3,126,101,60" hai3="8,104,16,56,125,25,7,129,110,93,43,31,94"/><W107/><G129/><T115/><D116/><U50/><E68/><V2/><F126/><W40/><G125/><T18/><D131/><U109/><E119/><V63/><F135/><W58/><G110/><T41/><D41/><N who="3" m="15945" /><G107/><T83/><D97/><U46/><E109/><V69/><F122/><W64/><G104/><T15/><D1/><U128/><E128/><V11/><F101/><W134/><G134/><T72/><D72/><U103/><E85/><V30/><F30/><W27/><G31/><T5/><D86/><U13/><E20/><V6/><F69/><W29/><G7/><T47/><D83/><U120/><E46/><V21/><F54/><W12/><G29/><T127/><D47/><U121/><E53/><V32/><F21/><W90/><G94/><T133/><D133/><U130/><E130/><V57/><F57/><N who="3" m="22123" /><G64/><N who="0" m="38975" /><D127/><U105/><E105/><V75/><F32/><W76/><G76/><T66/><D66/><U28/><E28/><V71/><F71/><W35/><G35/><T96/><D96/><AGARI ba="0,0" hai="8,12,16,25,27,90,93,96" m="22123,15945" machi="96" ten="30,2900,0" yaku="8,1,54,1" doraHai="45" who="3" fromWho="0" sc="274,-29,254,0,329,0,143,29" /><INIT seed="3,1,0,4,2,30" ten="245,254,329,172" oya="3" hai0="82,84,108,123,95,132,119,66,85,1,74,36,111" hai1="49,35,42,37,39,63,50,12,7,16,117,60,101" hai2="32,33,128,25,129,27,10,88,115,80,40,47,102" hai3="41,120,15,14,113,92,67,90,100,73,91,110,83"/><W72/><G41/><T94/><D36/><U124/><E7/><V9/><F102/><W59/><G120/><T45/><D1/><U55/><E101/><V107/><F107/><W56/><G113/><T58/><D45/><U134/><E35/><N who="2" m="13387" /><F115/><W68/><G100/><T61/><D119/><U86/><E117/><V112/><F112/><W96/><G68/><T21/><D21/><U28/><E28/><V122/><F80/><W24/><G24/><N who="2" m="9289" /><F88/><W78/><G83/><T69/><D69/><U127/><E86/><V18/><F122/><W116/><G116/><T8/><D123/><U76/><E76/><V0/><F0/><W22/><G22/><T126/><D82/><U13/><E55/><V104/><F104/><W6/><G78/><T2/><D2/><U135/><E42/><V105/><F18/><AGARI ba="1,0" hai="12,13,16,18,37,39,49,50,60,63,124,127,134,135" machi="18" ten="25,3200,0" yaku="22,2,54,1" doraHai="30" who="1" fromWho="2" sc="245,0,254,35,329,-35,172,0" /><INIT seed="4,0,0,0,3,67" ten="245,289,294,172" oya="0" hai0="93,104,74,51,82,88,30,8,47,87,72,103,135" hai1="79,68,57,120,113,15,23,116,125,129,97,110,29" hai2="85,9,76,115,13,89,2,53,20,105,11,18,50" hai3="31,107,66,0,63,112,62,25,119,71,83,27,133"/><T16/><D30/><U75/><E57/><N who="2" m="32951" /><F105/><W132/><G0/><T37/><D37/><U108/><E97/><V100/><F115/><W54/><G119/><T48/><D135/><N who="3" m="51785" /><G112/><T1/><D1/><U131/><E113/><V128/><F128/><N who="1" m="49225" /><E116/><V92/><F2/><W70/><G107/><T121/><D121/><U73/><E120/><V61/><F100/><W126/><G126/><T3/><D3/><U40/><E40/><V65/><F76/><W86/><G31/><T95/><D104/><U42/><E42/><V10/><F10/><W43/><G43/><T34/><D34/><U38/><E38/><V122/><F122/><W36/><G36/><T26/><D48/><U77/><E125/><V17/><F17/><W81/><G54/><N who="0" m="30079" /><D26/><N who="3" m="9737" /><G86/><T58/><D58/><AGARI ba="0,0" hai="9,11,13,18,20,58,61,65,85,89,92" m="32951" machi="58" ten="30,2000,0" yaku="25,1,8,1" doraHai="67" who="2" fromWho="0" sc="245,-20,289,0,294,20,172,0" /><INIT seed="5,0,0,5,2,35" ten="225,289,314,172" oya="1" hai0="51,23,10,47,28,34,104,78,103,85,101,2,77" hai1="87,81,57,44,69,25,29,80,17,8,102,50,123" hai2="48,125,93,41,100,115,128,49,124,105,59,1,74" hai3="129,16,30,18,119,89,68,110,133,33,27,54,43"/><U92/><E69/><V83/><F128/><W117/><G68/><T130/><D34/><U82/><E123/><V3/><F105/><W75/><G75/><T116/><D116/><N who="3" m="44617" /><G43/><T55/><D130/><U126/><E57/><V98/><F59/><W36/><G36/><T72/><D72/><U121/><E121/><V38/><F38/><W76/><G76/><T19/><D104/><U6/><E126/><N who="2" m="48747" /><F115/><W37/><G37/><T132/><D132/><U60/><E60/><V97/><F97/><W62/><G129/><T118/><D118/><U40/><E102/><V61/><F61/><W99/><G110/><T122/><D122/><U63/><E63/><V4/><F4/><W96/><G133/><T112/><D112/><U13/><E92/><V45/><F49/><W0/><G99/><T79/><D85/><U56/><E56/><V15/><F15/><W46/><G62/><T107/><D107/><U134/><E134/><V31/><F31/><W120/><G120/><T32/><D28/><U106/><E106/><V21/><F21/><W108/><G108/><T52/><D32/><U58/><E58/><V94/><F94/><N who="3" m="56399" /><G46/><T9/><D101/><U127/><E127/><V22/><F22/><W39/><G39/><T70/><D103/><U114/><E114/><V67/><F67/><W131/><G131/><T12/><D70/><U65/><E65/><V90/><F100/><W66/><G66/><T64/><D64/><U84/><E29/><V42/><F42/><W88/><G33/><T109/><D109/><U86/><E25/><V53/><F41/><W7/><G30/><RYUUKYOKU ba="0,0" sc="225,-15,289,15,314,15,172,-15" hai1="6,8,13,17,40,44,50,80,81,82,84,86,87" hai2="1,3,45,48,53,74,83,90,93,98" /><INIT seed="5,1,0,1,3,14" ten="210,304,329,157" oya="1" hai0="26,60,112,39,128,119,76,29,74,42,27,7,98" hai1="66,79,93,67,1,18,4,115,80,20,5,32,88" hai2="52,111,65,78,43,11,0,24,49,113,28,37,16" hai3="87,45,70,10,123,109,94,126,30,85,129,132,105"/><U86/><E32/><V114/><F111/><W135/><G70/><T131/><D119/><U62/><E115/><N who="2" m="44043" /><F65/><N who="1" m="24585" /><E62/><V6/><F78/><W73/><G30/><T133/><D112/><U84/><E1/><V56/><F28/><W31/><G45/><T9/><D133/><N who="3" m="51273" /><G10/><T3/><D98/><U35/><E35/><V22/><F43/><W77/><G31/><T81/><D60/><U68/><E68/><V69/><F69/><W47/><G47/><N who="0" m="24031" /><D27/><AGARI ba="1,0" hai="4,5,18,20,27,79,80,84,86,88,93" m="24585" machi="27" ten="30,5800,0" yaku="8,1,52,1,54,1" doraHai="14" who="1" fromWho="0" sc="210,-61,304,61,329,0,157,0" /><INIT seed="5,2,0,5,0,55" ten="149,365,329,157" oya="1" hai0="19,14,53,107,21,40,117,11,132,2,22,88,92" hai1="13,126,104,123,66,61,75,56,15,122,129,9,59" hai2="86,114,31,98,102,36,7,74,65,35,94,25,93" hai3="134,50,20,23,64,47,91,67,58,1,54,135,33"/><U68/><E75/><V18/><F36/><W87/><G33/><T69/><D117/><U108/><E104/><V96/><F74/><W44/><G1/><T3/><D107/><U82/><E82/><V124/><F124/><W81/><G134/><T84/><D69/><U6/><E126/><V49/><F7/><W113/><G113/><T118/><D118/><U103/><E103/><V41/><F65/><N who="3" m="25163" /><G135/><T112/><D112/><U121/><E129/><V63/><F63/><W78/><G78/><T62/><D40/><U27/><E108/><V115/><F18/><W30/><G30/><T37/><D37/><U57/><REACH who="1" step="1"/><E27/><REACH who="1" ten="149,355,329,157" step="2"/><V32/><F115/><W120/><G120/><T100/><D100/><U95/><E95/><V109/><F109/><W39/><G39/><T43/><D132/><U8/><E8/><V52/><F114/><W28/><G81/><T5/><D92/><U127/><E127/><V128/><F94/><W4/><G91/><T80/><D88/><U10/><E10/><V85/><F96/><W46/><G4/><T71/><D5/><U51/><E51/><V77/><F77/><W24/><G87/><T133/><D84/><U17/><E17/><V34/><F128/><W60/><G50/><T131/><D131/><U48/><E48/><V90/><F41/><W45/><N who="3" m="11264" /><DORA hai="119" /><W16/><G16/><T72/><D19/><U97/><E97/><V12/><F86/><W42/><G42/><T26/><D43/><U89/><E89/><V38/><F38/><W106/><G106/><T99/><D133/><U130/><E130/><V29/><F90/><RYUUKYOKU ba="2,1" sc="149,-15,355,15,329,-15,157,15" hai1="6,9,13,15,56,57,59,61,66,68,121,122,123" hai3="20,23,24,28,54,58,60" /><INIT seed="5,3,1,3,2,109" ten="134,370,314,172" oya="1" hai0="3,8,76,44,42,59,36,98,74,4,107,43,88" hai1="115,48,108,93,0,12,103,11,53,126,110,21,90" hai2="122,68,113,15,37,134,83,116,128,124,127,97,80" hai3="78,104,111,14,30,120,1,112,19,45,75,51,25"/><U18/><E103/><V117/><F37/><W89/><G111/><N who="1" m="42538" /><E126/><N who="2" m="48171" /><F68/><W63/><G1/><T24/><D43/><U17/><E0/><V133/><F15/><W114/><G104/><T105/><D24/><N who="1" m="14391" /><E115/><N who="3" m="44074" /><G63/><T9/><D9/><U33/><E33/><V6/><F113/><W62/><G62/><T52/><D76/><U102/><E102/><V100/><F6/><W64/><G64/><T10/><D10/><U118/><E118/><N who="2" m="45675" /><F128/><W119/><G119/><T67/><D74/><U31/><E31/><V121/><F121/><W86/><G78/><T35/><D67/><U123/><E123/><V70/><F70/><W96/><G75/><T85/><D98/><N who="1" m="57655" /><E48/><V84/><F122/><W92/><G120/><T50/><REACH who="0" step="1"/><D35/><REACH who="0" ten="124,370,314,172" step="2"/><U131/><E131/><V125/><F125/><W66/><G66/><T54/><D54/><AGARI ba="3,2" hai="11,12,17,53,54" m="57655,14391,42538" machi="54" ten="30,1500,0" yaku="10,1" doraHai="109" who="1" fromWho="0" sc="124,-24,370,44,314,0,172,0" /><INIT seed="5,4,0,5,3,77" ten="100,414,314,172" oya="1" hai0="3,47,92,102,125,31,96,39,99,66,25,84,109" hai1="11,37,54,118,80,44,91,28,0,69,52,81,26" hai2="1,97,12,112,33,98,68,83,19,104,48,60,64" hai3="16,82,107,87,79,45,4,17,93,49,127,126,116"/><U15/><E0/><V42/><F1/><W122/><G107/><T58/><D109/><U50/><E37/><V61/><F33/><W108/><G108/><T70/><D3/><U95/><E69/><V65/><F104/><W63/><G4/><T90/><D125/><N who="3" m="47625" /><G122/><T134/><D134/><U46/><E118/><V8/><F112/><W130/><G130/><T2/><D2/><U20/><E54/><V128/><F128/><W121/><G121/><T133/><D133/><U119/><E44/><V29/><F29/><W105/><G105/><T110/><D110/><U86/><E119/><V123/><F123/><W35/><G35/><T36/><D47/><U103/><E103/><V124/><F124/><W56/><G93/><T51/><D96/><U55/><E55/><V132/><F132/><W59/><G116/><T75/><D75/><U120/><E120/><V14/><F14/><W78/><G79/><T100/><D100/><U71/><E71/><V40/><F40/><N who="3" m="24743" /><G59/><T88/><D90/><U32/><E32/><V24/><F42/><W129/><G129/><T135/><D135/><U41/><E41/><V7/><F68/><W18/><G17/><AGARI ba="4,0" hai="11,15,17,20,26,28,46,50,52,80,81,86,91,95" machi="17" ten="30,12000,1" yaku="7,1,8,1,52,2,54,1" doraHai="77" who="1" fromWho="3" sc="100,0,414,132,314,0,172,-132" /><INIT seed="5,5,0,4,4,17" ten="100,546,314,40" oya="1" hai0="92,6,36,76,0,61,21,45,2,35,4,15,27" hai1="127,58,52,48,32,62,80,88,10,5,68,86,115" hai2="46,122,14,19,57,23,30,117,132,84,22,29,104" hai3="41,24,82,125,73,54,8,105,134,33,12,93,81"/><U50/><E32/><V44/><F104/><W16/><G105/><T55/><D35/><U37/><E37/><V26/><F122/><W28/><G125/><T123/><D123/><U99/><E127/><V85/><F132/><W91/><G134/><T87/><D2/><U121/><E121/><V3/><F3/><W101/><G101/><T131/><D0/><U129/><E129/><V90/><F117/><W9/><G73/><T66/><D131/><U75/><E75/><V38/><F38/><W111/><G111/><T79/><D36/><U43/><E43/><V102/><F102/><W108/><G108/><T18/><D15/><N who="1" m="5583" /><E68/><V13/><F57/><W34/><G34/><T126/><D126/><U1/><E115/><V20/><F30/><W47/><G9/><T113/><D113/><U130/><E130/><V78/><F78/><N who="0" m="29738" /><D66/><U97/><E1/><V74/><F74/><W53/><G82/><T110/><D110/><U56/><E48/><V120/><F120/><W83/><G81/><T59/><D45/><N who="2" m="17514" /><F90/><AGARI ba="5,0" hai="4,6,18,21,27,55,59,61,87,90,92" m="29738" machi="90" ten="30,2000,0" yaku="8,1,52,1" doraHai="17" who="0" fromWho="2" sc="100,35,546,0,314,-35,40,0" /><INIT seed="6,0,0,5,4,3" ten="135,546,279,40" oya="2" hai0="37,114,118,13,95,82,102,73,51,49,50,41,24" hai1="15,72,45,96,33,55,62,122,56,23,93,43,115" hai2="19,35,68,31,58,108,130,67,27,83,79,106,16" hai3="8,0,107,134,84,112,89,133,10,12,125,61,127"/><V104/><F130/><W52/><G107/><T30/><D114/><U63/><E33/><V6/><F58/><N who="3" m="35015" /><G0/><T44/><D13/><U91/><E72/><V29/><F29/><W101/><G101/><T121/><D121/><U78/><E78/><V17/><F108/><W38/><G38/><T132/><D132/><N who="3" m="50793" /><G112/><T98/><D118/><U74/><E74/><V36/><F36/><W32/><G32/><T124/><D124/><N who="3" m="47689" /><G12/><T128/><D128/><U40/><E115/><V120/><F106/><W117/><G117/><T54/><D73/><U85/><E122/><V59/><F104/><W53/><G53/><T64/><D64/><U81/><E63/><V57/><F120/><W76/><G76/><T80/><REACH who="0" step="1"/><D54/><REACH who="0" ten="125,546,279,40" step="2"/><U109/><E109/><V97/><F67/><W65/><G65/><T26/><D26/><U75/><E75/><V129/><F27/><W111/><G111/><T48/><N who="0" m="12800" /><DORA hai="126" /><T2/><D2/><U7/><E55/><V100/><F129/><W9/><G9/><T110/><D110/><U34/><E15/><V39/><F39/><W20/><G20/><AGARI ba="0,1" hai="20,24,30,37,41,44,80,82,95,98,102" m="12800" machi="20" ten="50,1600,0" yaku="1,1,53,0" doraHai="3,126" doraHaiUra="116,131" who="0" fromWho="3" sc="125,26,546,0,279,0,40,-16" /><INIT seed="7,0,0,1,4,16" ten="151,546,279,24" oya="3" hai0="66,56,64,135,107,91,11,67,25,1,71,94,65" hai1="17,46,90,121,30,24,35,43,42,84,87,3,123" hai2="37,127,38,51,9,116,23,63,69,7,119,76,80" hai3="134,99,41,130,78,60,106,111,79,14,53,125,34"/><W55/><G34/><T10/><D107/><U112/><E84/><V102/><F102/><W81/><G41/><T29/><D71/><U26/><E3/><N who="2" m="255" /><F51/><W54/><G111/><T28/><D135/><U89/><E89/><V88/><F88/><W12/><G134/><T97/><D1/><U95/><E17/><V19/><F127/><W92/><G106/><T32/><D29/><U115/><E24/><V70/><F19/><W75/><G125/><T68/><D68/><U108/><E43/><V0/><F69/><W44/><G130/><T5/><D5/><U21/><E35/><V74/><F23/><W62/><G44/><T132/><D132/><U126/><E108/><V131/><F0/><W82/><G92/><T45/><D45/><U96/><E96/><V27/><F27/><W100/><G99/><T129/><D129/><U114/><E126/><V6/><F6/><W2/><G100/><T124/><D124/><U103/><E103/><V105/><F105/><W20/><G2/><T18/><D18/><U128/><E128/><V73/><F73/><W118/><G118/><N who="2" m="45097" /><F131/><W59/><G59/><T98/><D98/><U117/><E117/><V133/><F133/><W49/><G49/><AGARI ba="0,0" hai="21,26,30,42,46,49,87,90,95,112,114,115,121,123" machi="49" ten="40,2600,0" yaku="15,1,52,1" doraHai="16" who="1" fromWho="3" sc="151,0,546,26,279,0,24,-26" owari="151,-25.0,572,67.0,279,8.0,-2,-50.0" /></mjloggm>