<mjloggm ver="2.3"><GO type="41" lobby="0"/><UN n0="%E6%AD%A3%E4%BD%93%E4%B8%8D%E6%98%8E" n1="%E7%9F%A2%E5%B3%B6%E8%88%9E%E7%BE%8E" n2="%E9%A3%9B%E3%81%B9%E3%81%AA%E3%81%84%E9%AD%9A%EF%BC%93" n3="%E3%82%A6%E3%83%AB%E3%83%88%E3%83%A9%E7%AB%8B%E7%9B%B4" dan="15,15,15,16" rate="2002.89,1994.45,2011.97,2015.81" sx="M,F,M,M"/><TAIKYOKU oya="0"/><INIT seed="0,0,0,1,3,35" ten="250,250,250,250" oya="0" hai0="101,53,132,39,121,78,86,40,33,79,90,4,29" hai1="107,61,89,22,108,75,104,83,68,1,117,131,46" hai2="98,81,71,3,24,76,6,85,64,110,54,9,95" hai3="94,74,97,60,103,2,65,26,12,31,27,55,5"/><T16/><D121/><U13/><E1/><V23/><F110/><W43/><G74/><T69/><D69/><U7/><E117/><V109/><F109/><W88/><G43/><T133/><D101/><U36/><E108/><V116/><F116/><W72/><G72/><T128/><D128/><U130/><E22/><V87/><F64/><W17/><G55/><T134/><D4/><U135/><E135/><V44/><F71/><W52/><G5/><T18/><D40/><N who="1" m="22791" /><E13/><V0/><F54/><W126/><G2/><T8/><D39/><U62/><E7/><V77/><F44/><W28/><G65/><T125/><D125/><U14/><E14/><V15/><F85/><W19/><G103/><T84/><D8/><U67/><E62/><V93/><F76/><N who="0" m="29226" /><D53/><U56/><E56/><V92/><REACH who="2" step="1"/><F98/><REACH who="2" ten="250,250,240,250" step="2"/><W37/><G52/><T73/><D84/><N who="1" m="50335" /><E75/><V58/><F58/><W127/><G126/><T10/><D73/><U42/><E42/><V102/><F102/><W66/><G127/><T129/><D133/><U11/><E68/><V114/><F114/><W51/><G66/><T48/><D132/><U119/><E67/><V34/><F34/><W100/><G100/><T105/><D33/><U30/><E119/><V32/><F32/><W118/><G118/><T82/><D134/><U45/><E45/><V112/><F112/><W115/><G115/><T63/><D86/><U21/><E107/><V124/><F124/><W99/><G99/><T50/><D105/><U47/><E104/><V80/><F80/><W120/><G97/><T91/><D82/><U59/><E47/><RYUUKYOKU ba="0,1" sc="250,-10,250,-10,240,30,250,-10" hai2="0,3,6,9,15,23,24,77,81,87,92,93,95" /><INIT seed="1,1,1,3,3,132" ten="240,240,270,240" oya="1" hai0="121,78,24,41,106,44,133,51,56,36,21,18,98" hai1="23,99,17,59,134,115,114,30,9,79,97,47,6" hai2="116,112,5,80,119,40,4,43,93,131,82,48,49" hai3="52,71,64,89,104,63,123,84,27,100,85,15,117"/><U22/><E79/><V28/><F28/><W92/><G123/><T74/><D133/><U0/><E47/><V103/><F103/><W54/><G117/><T81/><D121/><U16/><E59/><V118/><F93/><W76/><G15/><T69/><D69/><U34/><E97/><V29/><F29/><W25/><G85/><T125/><D125/><U19/><E99/><V32/><F32/><W37/><G76/><T108/><D108/><U33/><E134/><V31/><F31/><W83/><G92/><T91/><D56/><U73/><E73/><V50/><F112/><N who="1" m="43049" /><E30/><V77/><F77/><W122/><G37/><T86/><D98/><U3/><E0/><V45/><F45/><W110/><G110/><T105/><REACH who="0" step="1"/><D36/><REACH who="0" ten="230,240,270,240" step="2"/><U61/><E61/><V20/><F131/><W8/><G63/><T26/><D26/><N who="1" m="14663" /><E19/><V70/><F70/><W1/><G71/><T130/><D130/><U14/><AGARI ba="1,2" hai="3,6,9,14,17,23,33,34" m="14663,43049" machi="14" ten="30,6000,0" yaku="34,2,54,1" doraHai="132" who="1" fromWho="1" sc="230,-21,240,83,270,-21,240,-21" /><INIT seed="1,2,0,4,2,91" ten="209,323,249,219" oya="1" hai0="70,82,103,81,121,42,50,25,11,28,119,4,41" hai1="99,1,8,52,3,74,26,135,23,57,31,13,9" hai2="20,5,75,92,95,101,17,35,71,84,18,72,49" hai3="126,54,59,76,53,124,43,68,107,55,45,0,33"/><U134/><E74/><V6/><F71/><W29/><G107/><T39/><D70/><U69/><E69/><V85/><F35/><W131/><G0/><N who="1" m="74" /><E99/><V100/><F49/><W78/><G29/><T128/><D119/><U130/><E130/><V24/><F20/><W40/><G33/><T83/><D128/><U34/><E52/><N who="3" m="20074" /><G78/><T65/><D65/><U118/><E57/><V61/><F24/><W66/><G76/><T30/><D39/><U67/><E67/><V63/><AGARI ba="2,0" hai="5,6,17,18,61,63,72,75,84,85,92,95,100,101" machi="63" ten="25,8000,1" yaku="0,1,22,2,52,2" doraHai="91" who="2" fromWho="2" sc="209,-22,323,-42,249,86,219,-22" /><INIT seed="2,0,0,4,2,68" ten="187,281,335,197" oya="2" hai0="111,92,131,79,102,40,126,57,28,52,93,38,95" hai1="39,10,5,113,104,32,110,31,47,77,71,16,56" hai2="85,1,117,107,100,24,45,8,19,123,86,34,41" hai3="82,99,98,90,130,62,78,81,44,74,128,122,15"/><V124/><F123/><W3/><G3/><T67/><D67/><U18/><E71/><V42/><F117/><W83/><G62/><T48/><D131/><N who="3" m="50217" /><G44/><T135/><D135/><U66/><E104/><V106/><F124/><W108/><G15/><T72/><D126/><U65/><E113/><V2/><F41/><W87/><G122/><T101/><D111/><U129/><E110/><V23/><F34/><W13/><G13/><T29/><D79/><U115/><E115/><V73/><F73/><N who="3" m="43215" /><G108/><T109/><D72/><U80/><E129/><V59/><F59/><W105/><G105/><T96/><D109/><U63/><E65/><V43/><F43/><W103/><G103/><T70/><D70/><U89/><E89/><V53/><F53/><W33/><G33/><T51/><D51/><U30/><E32/><V127/><F127/><W21/><G21/><T36/><D40/><N who="1" m="22943" /><E30/><V114/><F114/><W132/><G132/><T58/><D58/><U7/><E31/><V94/><F107/><W60/><G60/><T133/><D133/><U125/><E125/><V12/><F106/><W50/><G50/><T4/><D4/><U6/><E7/><V120/><F120/><W118/><G118/><T91/><D102/><U49/><E6/><N who="2" m="3095" /><F1/><W76/><AGARI ba="0,0" hai="74,76,82,83,87,90,98,99" m="43215,50217" machi="76" ten="30,4000,0" yaku="19,1,34,2" doraHai="68" who="3" fromWho="3" sc="187,-10,281,-10,335,-20,197,40" /><INIT seed="3,0,0,0,2,116" ten="177,271,315,237" oya="3" hai0="76,114,11,78,83,68,127,47,124,36,71,33,23" hai1="103,133,24,90,70,5,81,104,97,4,56,79,16" hai2="110,31,45,43,10,82,49,132,98,15,37,84,12" hai3="99,130,42,51,92,107,72,64,117,27,22,131,94"/><W126/><G117/><T54/><D33/><U95/><E70/><V75/><F132/><W18/><G72/><T0/><D23/><U96/><E133/><V77/><F110/><W44/><G126/><N who="0" m="48171" /><D114/><U105/><E105/><V30/><F98/><W13/><G64/><T50/><D36/><U26/><E56/><V120/><F75/><W115/><G115/><T62/><D62/><U80/><E80/><V58/><F15/><W61/><G61/><T91/><D91/><U69/><E69/><N who="0" m="26697" /><D83/><U34/><E34/><V60/><F37/><W67/><G67/><T52/><D54/><U111/><E111/><V93/><F93/><W100/><G107/><T48/><D48/><U89/><E89/><V106/><F106/><W122/><G94/><T123/><D123/><U109/><E109/><V119/><F120/><W14/><G122/><T57/><D47/><U6/><REACH who="1" step="1"/><E16/><REACH who="1" ten="177,261,315,237" step="2"/><N who="2" m="8215" /><F119/><W1/><G1/><T87/><D87/><AGARI ba="0,1" hai="4,5,6,24,26,79,81,87,90,95,96,97,103,104" machi="87" ten="40,8000,1" yaku="1,1,53,3" doraHai="116" doraHaiUra="2" who="1" fromWho="0" sc="177,-80,261,90,315,0,237,0" /><INIT seed="4,0,0,3,1,74" ten="97,351,315,237" oya="0" hai0="89,118,19,103,25,27,84,55,50,83,11,131,132" hai1="68,73,129,43,56,77,122,114,96,28,128,120,78" hai2="45,81,14,12,59,61,88,31,124,52,44,76,130" hai3="39,72,3,115,54,30,101,37,91,116,13,1,32"/><T34/><D34/><U105/><E68/><V29/><F130/><N who="1" m="50281" /><E114/><V98/><F124/><W102/><G91/><T123/><D118/><U86/><E43/><V92/><F29/><W69/><G54/><T95/><D123/><N who="1" m="47147" /><E28/><V85/><F31/><W58/><G13/><AGARI ba="0,0" hai="12,13,14,44,45,52,59,61,76,81,85,88,92,98" machi="13" ten="40,8000,1" yaku="8,1,52,1,54,2" doraHai="74" who="2" fromWho="3" sc="97,0,351,0,315,80,237,-80" /><INIT seed="5,0,0,4,5,90" ten="97,351,395,157" oya="1" hai0="119,70,113,118,38,12,91,133,72,1,124,10,48" hai1="58,97,80,26,25,32,65,134,99,61,33,59,31" hai2="23,115,130,27,39,20,8,88,74,127,50,84,78" hai3="6,100,82,49,46,4,123,98,37,87,56,29,132"/><U83/><E134/><V52/><F39/><W104/><G123/><T71/><D133/><U40/><E40/><V126/><F130/><W64/><G132/><T122/><D122/><U47/><E47/><V102/><F115/><W3/><G3/><T94/><D1/><U28/><E61/><V73/><F102/><W76/><G29/><T120/><D120/><U13/><E13/><V66/><F66/><AGARI ba="0,0" hai="25,26,28,31,32,33,58,59,65,66,80,83,97,99" machi="66" ten="25,2400,0" yaku="22,2" doraHai="90" who="1" fromWho="2" sc="97,0,351,24,395,-24,157,0" /><INIT seed="5,1,0,3,4,52" ten="97,375,371,157" oya="1" hai0="106,112,126,51,76,44,49,113,123,69,66,35,13" hai1="83,8,75,100,122,78,25,98,0,40,134,42,14" hai2="58,17,114,95,97,62,80,47,29,103,68,77,24" hai3="39,132,56,118,46,4,96,74,30,53,10,110,45"/><U3/><E122/><V41/><F68/><W61/><G74/><T23/><D35/><U18/><E134/><V9/><F114/><W133/><G110/><T59/><D106/><U120/><E120/><V1/><F1/><W34/><G118/><T33/><D33/><U124/><E124/><V85/><F9/><W54/><G30/><T111/><D123/><U12/><E25/><V43/><F17/><W28/><G28/><T107/><D107/><U94/><REACH who="1" step="1"/><E14/><REACH who="1" ten="97,365,371,157" step="2"/><V119/><F119/><W67/><G133/><T5/><D126/><U105/><E105/><V81/><F81/><W129/><G132/><T15/><D112/><U6/><E6/><V82/><F82/><W127/><G127/><T91/><D13/><U38/><E38/><V102/><F24/><W92/><G39/><T71/><D15/><U27/><E27/><V117/><F117/><W11/><G4/><T65/><D5/><U60/><E60/><V48/><F29/><W86/><G61/><T88/><D88/><U55/><BYE who="0" /><E55/><N who="2" m="30111" /><F103/><W109/><G109/><T121/><D121/><U72/><E72/><V19/><F19/><W70/><G54/><AGARI ba="1,1" hai="41,43,54,58,62,77,80,85,95,97,102" m="30111" machi="54" ten="30,2000,0" yaku="8,1,52,1" doraHai="52" who="2" fromWho="3" sc="97,0,365,0,371,33,157,-23" /><UN n0="%E6%AD%A3%E4%BD%93%E4%B8%8D%E6%98%8E" /><INIT seed="6,0,0,0,0,106" ten="97,365,404,134" oya="2" hai0="54,61,119,128,5,42,35,25,18,64,33,51,135" hai1="3,45,7,91,14,39,47,27,19,16,96,41,20" hai2="105,125,75,93,24,71,72,104,21,56,99,65,69" hai3="63,127,2,4,77,38,55,81,67,43,15,23,82"/><V124/><F56/><W87/><G127/><N who="2" m="48713" /><F93/><W108/><G108/><T94/><D42/><U6/><E3/><V80/><F80/><W101/><G101/><T118/><D5/><U57/><E57/><V66/><F99/><W52/><G2/><T131/><D94/><N who="1" m="56415" /><E41/><V74/><F105/><W13/><G43/><T121/><D121/><U90/><E39/><V113/><F104/><W53/><G38/><T50/><D18/><U79/><E90/><V116/><F116/><N who="0" m="44586" /><D25/><U10/><E79/><V11/><F11/><W17/><G82/><T37/><D37/><U95/><E95/><V83/><F83/><W112/><G67/><N who="2" m="25609" /><F113/><W22/><G112/><T48/><D135/><U103/><E103/><V32/><F32/><N who="0" m="12362" /><D54/><U120/><E120/><V12/><F12/><W92/><G55/><T102/><D102/><U100/><E100/><V76/><F76/><W89/><G53/><T49/><N who="0" m="12288" /><DORA hai="58" /><T134/><D134/><U114/><E114/><V26/><F26/><W86/><G4/><AGARI ba="0,0" hai="4,6,7,10,14,16,19,20,27,45,47" m="56415" machi="4" ten="30,2000,0" yaku="8,1,54,1" doraHai="106,58" who="1" fromWho="3" sc="97,0,365,20,404,0,134,-20" /><INIT seed="7,0,0,2,4,134" ten="97,385,404,114" oya="3" hai0="42,98,57,128,131,47,126,117,90,116,14,40,13" hai1="5,111,63,122,108,97,123,71,114,65,50,62,112" hai2="21,31,48,69,130,23,118,100,84,74,41,58,87" hai3="52,26,22,38,0,86,121,85,16,11,33,79,4"/><W39/><G121/><N who="1" m="46090" /><E5/><V68/><F74/><W66/><G66/><T25/><D126/><U67/><E50/><V95/><F69/><W92/><G86/><N who="2" m="32809" /><F68/><W89/><G79/><T94/><D57/><N who="1" m="37071" /><E97/><N who="2" m="59455" /><F118/><W32/><REACH who="3" step="1"/><G52/><REACH who="3" ten="97,385,404,104" step="2"/><T19/><D116/><U106/><E106/><V83/><F41/><N who="0" m="15978" /><D117/><U125/><E125/><V43/><F43/><W28/><G28/><T27/><D47/><U75/><E75/><V124/><F31/><W73/><G73/><T82/><D82/><U17/><E17/><V2/><F83/><W107/><G107/><T36/><D36/><AGARI ba="0,1" hai="0,4,11,16,22,26,32,33,36,38,39,85,89,92" machi="36" ten="40,3900,0" yaku="1,1,54,1,53,0" doraHai="134" doraHaiUra="101" who="3" fromWho="0" sc="97,-39,385,0,404,0,104,49" /><INIT seed="7,1,0,5,1,130" ten="58,385,404,153" oya="3" hai0="109,133,88,44,71,4,77,52,34,66,128,43,106" hai1="3,19,131,40,10,20,117,64,62,97,123,101,57" hai2="92,87,76,108,100,78,126,24,82,80,134,93,122" hai3="25,47,15,45,36,50,31,49,113,79,17,111,102"/><W22/><G111/><T30/><D128/><U56/><E123/><V72/><F108/><W16/><G36/><T0/><D109/><U135/><E135/><V115/><F122/><W89/><G113/><T8/><D106/><U74/><E74/><V21/><F115/><W41/><G102/><T33/><D77/><U116/><E131/><V42/><F134/><W58/><G79/><T107/><D107/><N who="1" m="63919" /><E40/><V59/><F126/><W1/><G1/><T104/><D104/><U38/><E38/><V90/><F42/><W132/><G132/><T121/><D133/><U83/><E83/><V51/><F100/><W127/><G127/><T124/><D121/><U6/><E56/><V91/><F51/><W81/><G58/><T95/><D124/><U98/><E98/><V53/><F53/><W73/><G73/><T29/><D43/><U94/><E94/><V5/><F59/><W2/><G2/><T112/><D112/><U28/><E28/><V110/><F110/><W86/><G15/><T11/><D11/><U54/><E54/><AGARI ba="1,0" hai="16,17,22,25,31,41,45,47,49,50,54,81,86,89" machi="54" ten="30,5800,0" yaku="7,1,8,1,54,1" doraHai="130" who="3" fromWho="1" sc="58,0,385,-61,404,0,153,61" /><INIT seed="7,2,0,3,3,25" ten="58,324,404,214" oya="3" hai0="78,11,122,49,13,132,62,70,94,20,58,90,89" hai1="133,104,106,86,85,41,14,91,88,120,80,74,5" hai2="23,87,52,35,79,93,54,22,63,92,59,16,112" hai3="118,126,56,7,69,81,50,6,127,96,123,71,128"/><W17/><G123/><T66/><D122/><U55/><E41/><V68/><F35/><W117/><G128/><T135/><D78/><N who="1" m="44119" /><E55/><V98/><F68/><W102/><G81/><T84/><D132/><U64/><E14/><V33/><F33/><W10/><G17/><T15/><D135/><U124/><E5/><V37/><F37/><W9/><G50/><T44/><D70/><U32/><E64/><V130/><F112/><W40/><G96/><T26/><D89/><N who="1" m="34379" /><E32/><V19/><F130/><W42/><G102/><T134/><D134/><U129/><E133/><V75/><F75/><W107/><G107/><N who="1" m="41002" /><E129/><V73/><F73/><W29/><G56/><T82/><D94/><N who="2" m="36458" /><F98/><W109/><G109/><T125/><D125/><U46/><E46/><V77/><F54/><W1/><G1/><T21/><D11/><U72/><E124/><V101/><F101/><W131/><G131/><T24/><D21/><N who="2" m="7690" /><F87/><N who="1" m="33289" /><E72/><V121/><F121/><AGARI ba="2,0" hai="120,121" m="33289,41002,34379,44119" machi="121" ten="30,3900,0" yaku="34,2,54,1" doraHai="25" who="1" fromWho="2" sc="58,0,324,45,404,-45,214,0" owari="58,-44.0,369,47.0,359,16.0,214,-19.0" /></mjloggm>