<mjloggm ver="2.3"><GO type="169" lobby="0"/><UN n0="%EF%BC%88%E2%89%A7%E2%96%BD%E2%89%A6%EF%BC%89" n1="%E3%83%9A%E3%83%81%E3%83%A7%E3%83%BC%E3%83%AA%E3%83%B3" n2="%E3%82%B8%E3%83%A7%E3%83%AA%E3%83%BC%EF%BC%92" n3="%E3%81%94%E3%81%98%E3%82%83%E3%82%8B" dan="19,17,16,19" rate="2225.13,2148.64,2021.86,2245.41" sx="M,M,F,M"/><TAIKYOKU oya="0"/><INIT seed="0,0,0,2,1,95" ten="250,250,250,250" oya="0" hai0="105,80,70,122,44,113,54,58,132,108,123,3,16" hai1="81,42,57,5,60,6,52,130,134,51,84,56,19" hai2="48,104,75,28,89,85,38,135,35,116,61,88,118" hai3="32,66,36,74,78,73,33,71,2,120,79,106,87"/><T14/><D3/><U77/><E134/><V125/><F135/><W117/><G87/><T76/><D132/><U22/><E130/><V100/><F75/><W72/><G79/><T107/><D70/><U39/><E39/><V34/><F38/><W59/><G59/><T126/><D113/><U18/><E18/><V91/><F125/><W96/><G78/><T127/><D44/><U112/><E112/><V1/><F1/><W40/><G117/><N who="2" m="45161" /><F28/><W23/><G23/><T133/><D133/><U90/><E77/><V67/><F48/><W8/><G120/><T15/><D108/><U31/><E31/><V99/><F85/><W26/><G26/><T128/><D128/><U114/><E114/><V111/><F111/><W94/><G94/><T47/><D122/><U121/><E121/><V69/><AGARI ba="0,0" hai="34,35,61,67,69,88,89,91,99,100,104" m="45161" machi="69" ten="30,4000,0" yaku="12,1,52,1,54,1" doraHai="95" who="2" fromWho="2" sc="250,-20,250,-10,250,40,250,-10" /><INIT seed="1,0,0,2,2,27" ten="230,240,290,240" oya="1" hai0="101,96,55,48,58,16,62,81,18,106,119,41,46" hai1="121,80,34,22,114,49,79,111,130,2,82,9,100" hai2="71,128,93,108,70,1,7,105,43,113,112,23,129" hai3="84,29,66,11,52,91,109,21,31,40,51,94,53"/><U76/><E121/><V56/><F108/><W65/><G109/><T118/><REACH who="0" step="1"/><D81/><REACH who="0" ten="220,240,290,240" step="2"/><U45/><E111/><V24/><F112/><W25/><G40/><T92/><D92/><U12/><E114/><V30/><F43/><W10/><G53/><T64/><D64/><N who="3" m="24681" /><G31/><T26/><D26/><U122/><E82/><V67/><F93/><W102/><G102/><T88/><D88/><U125/><E80/><V74/><F113/><W44/><AGARI ba="0,1" hai="10,11,21,25,29,44,51,52,84,91,94" m="24681" machi="44" ten="30,4000,0" yaku="8,1,52,1,54,1" doraHai="27" who="3" fromWho="3" sc="220,-10,240,-20,290,-10,240,50" /><INIT seed="2,0,0,0,5,125" ten="210,220,280,290" oya="2" hai0="94,111,15,7,124,32,70,16,91,53,56,110,96" hai1="82,88,78,49,102,5,58,126,0,46,131,48,66" hai2="135,29,30,76,57,109,73,89,87,129,40,47,2" hai3="18,98,72,67,22,115,62,117,79,23,60,25,92"/><V34/><F2/><W106/><G117/><T112/><D112/><U71/><E126/><V11/><F135/><W6/><G115/><T93/><D124/><U120/><E120/><V21/><F34/><W75/><G106/><T85/><D70/><U81/><E102/><V104/><F104/><W43/><G6/><T37/><D32/><U28/><E28/><V33/><F33/><W54/><G43/><T101/><D7/><U121/><E121/><V52/><F76/><W133/><G133/><T10/><REACH who="0" step="1"/><D37/><REACH who="0" ten="200,220,280,290" step="2"/><U36/><E36/><V42/><F109/><W65/><G65/><T17/><D17/><U128/><E71/><V132/><F132/><W31/><G67/><T118/><D118/><U14/><E0/><V134/><F29/><W122/><G122/><T3/><D3/><U100/><E66/><V77/><F30/><W59/><G18/><T107/><D107/><U63/><E5/><V74/><F134/><W13/><G31/><T68/><D68/><U83/><E78/><V64/><F77/><W38/><G79/><T26/><D26/><U97/><E100/><V86/><F64/><W105/><G38/><T116/><D116/><U99/><E14/><V127/><F127/><W41/><G13/><T103/><D103/><U44/><E58/><V50/><F57/><W27/><G59/><T39/><D39/><U51/><E63/><AGARI ba="0,1" hai="10,15,16,53,56,63,85,91,93,94,96,101,110,111" machi="63" ten="40,2600,0" yaku="1,1,54,1,53,0" doraHai="125" doraHaiUra="1" who="0" fromWho="1" sc="200,36,220,-26,280,0,290,0" /><INIT seed="3,0,0,3,0,29" ten="236,194,280,290" oya="3" hai0="31,134,121,128,45,115,37,69,1,0,113,95,89" hai1="55,58,111,20,33,83,57,73,131,50,46,133,122" hai2="13,120,23,75,77,42,124,41,71,90,112,36,108" hai3="4,9,109,14,3,82,18,92,130,6,80,91,70"/><W64/><G130/><T81/><D121/><U38/><E122/><V34/><F112/><N who="0" m="43082" /><D128/><U110/><E131/><V129/><F129/><W43/><G109/><N who="1" m="41482" /><E133/><V85/><F34/><W67/><G43/><N who="0" m="22767" /><D134/><U76/><E20/><V87/><F108/><W12/><G3/><T94/><D69/><U72/><E72/><V17/><F71/><W15/><G6/><T27/><D81/><N who="3" m="31337" /><G70/><T132/><D95/><U88/><E33/><V25/><F120/><W7/><G7/><T61/><D61/><U53/><E38/><V54/><F36/><W51/><G51/><T49/><D49/><N who="1" m="30959" /><E88/><V125/><F90/><W119/><G119/><T68/><D68/><U135/><E135/><V48/><F42/><W28/><G28/><T84/><D132/><U26/><E26/><V2/><F41/><W96/><G15/><T86/><D84/><U10/><E10/><AGARI ba="0,0" hai="4,9,10,12,14,18,64,67,91,92,96" m="31337" machi="10" ten="30,1500,0" yaku="8,1" doraHai="29" who="3" fromWho="1" sc="236,0,194,-15,280,0,290,15" /><INIT seed="3,1,0,1,4,44" ten="236,179,280,305" oya="3" hai0="125,100,0,45,11,69,111,83,19,116,48,56,40" hai1="59,29,51,43,94,91,133,25,28,15,62,2,4" hai2="6,34,33,97,16,127,76,64,49,1,47,128,70" hai3="5,135,108,104,102,132,134,50,130,112,26,53,115"/><W41/><G5/><T12/><D116/><U72/><E72/><V82/><F128/><W124/><G130/><T121/><D121/><U3/><E133/><V22/><F127/><W123/><G123/><T99/><D125/><U42/><E3/><V57/><F70/><W31/><G41/><T10/><D69/><U114/><E2/><V17/><F97/><N who="3" m="61519" /><G124/><T81/><D111/><U46/><E114/><V20/><F34/><N who="3" m="20855" /><G108/><T63/><D10/><N who="1" m="4551" /><E25/><N who="2" m="14471" /><F33/><W65/><G65/><T8/><D8/><U9/><E9/><V30/><F6/><W71/><G71/><T14/><D14/><U88/><E43/><N who="2" m="24831" /><F30/><N who="1" m="11881" /><E94/><V96/><F1/><W107/><G107/><T84/><D0/><U87/><E87/><V37/><F96/><W58/><AGARI ba="1,0" hai="50,53,58,112,115,132,134,135" m="20855,61519" machi="58" ten="30,3000,0" yaku="20,1,52,1" doraHai="44" who="3" fromWho="3" sc="236,-11,179,-11,280,-11,305,33" /><INIT seed="3,2,0,3,0,44" ten="225,168,269,338" oya="3" hai0="68,64,41,113,38,102,52,97,27,110,16,66,106" hai1="75,18,46,60,135,72,92,28,25,115,58,49,79" hai2="19,108,83,42,105,24,35,96,61,124,67,29,94" hai3="90,21,2,15,134,14,117,104,8,101,91,119,87"/><W114/><G114/><T63/><D113/><U7/><E7/><V13/><F108/><W126/><G2/><T12/><D110/><U71/><E71/><V5/><F124/><W82/><G126/><T34/><D66/><U84/><E135/><V56/><F42/><W111/><G111/><T78/><D78/><U116/><E116/><V132/><F132/><W55/><G134/><T93/><D93/><U118/><E118/><V112/><F83/><W37/><G37/><T4/><D4/><U77/><E115/><V1/><F112/><W40/><G40/><T45/><D52/><U33/><E18/><V48/><F105/><W109/><G109/><T30/><D12/><U99/><E79/><V10/><F96/><W121/><G121/><T133/><D133/><U69/><E69/><V95/><REACH who="2" step="1"/><F48/><REACH who="2" ten="225,168,259,338" step="2"/><W73/><G104/><T31/><D31/><U107/><E107/><V11/><AGARI ba="2,1" hai="1,5,10,11,13,19,24,29,35,56,61,67,94,95" machi="11" ten="20,5200,0" yaku="1,1,2,1,0,1,7,1,53,0" doraHai="44" doraHaiUra="50" who="2" fromWho="2" sc="225,-15,168,-15,259,68,338,-28" /><INIT seed="4,0,0,2,1,124" ten="210,153,327,310" oya="0" hai0="85,84,46,57,0,72,1,38,39,47,107,32,52" hai1="15,19,120,75,40,121,10,115,49,66,91,68,70" hai2="74,42,112,104,62,22,21,81,125,86,88,50,80" hai3="69,77,23,114,117,37,135,8,34,119,97,122,48"/><T3/><D32/><U126/><E126/><V118/><F112/><W36/><G34/><T60/><D107/><U12/><E75/><V79/><F125/><W29/><G69/><T51/><D72/><U106/><E106/><V4/><F118/><W113/><G77/><T82/><D47/><U134/><E115/><N who="3" m="44042" /><G135/><T64/><REACH who="0" step="1"/><D85/><REACH who="0" ten="200,153,327,310" step="2"/><U102/><E134/><V100/><F104/><W25/><G119/><T94/><D94/><U131/><E121/><V111/><F74/><W41/><G122/><T83/><D83/><U61/><E120/><V93/><F81/><W30/><G117/><T98/><D98/><U11/><E102/><V132/><F100/><W31/><G97/><T123/><D123/><U101/><E101/><V14/><F132/><W89/><G37/><T92/><D92/><U43/><E70/><V33/><F33/><W63/><G36/><T28/><D28/><U127/><E127/><V17/><F80/><W71/><G31/><T56/><D56/><U109/><E68/><V65/><F93/><W2/><G30/><T13/><D13/><U96/><E12/><V133/><F86/><W105/><G105/><T9/><D9/><U59/><E15/><V129/><F14/><W55/><G8/><T7/><D7/><U18/><E10/><V110/><F4/><W67/><G71/><T90/><AGARI ba="0,1" hai="0,1,3,38,39,46,51,52,57,60,64,82,84,90" machi="90" ten="30,11700,0" yaku="1,1,0,1,54,1,53,1" doraHai="124" doraHaiUra="58" who="0" fromWho="0" sc="200,127,153,-39,327,-39,310,-39" /><INIT seed="4,1,0,5,0,44" ten="327,114,288,271" oya="0" hai0="1,74,83,116,84,6,78,130,58,132,128,129,38" hai1="51,20,24,66,15,75,56,4,61,99,120,5,94" hai2="107,111,26,114,35,73,22,123,60,135,72,57,29" hai3="30,112,34,0,16,125,80,117,67,47,69,124,87"/><T14/><D116/><U32/><E75/><V13/><F111/><W63/><G117/><T54/><D38/><U65/><E120/><V7/><F123/><W126/><G0/><T88/><D132/><U118/><E118/><V10/><F107/><W81/><G112/><T91/><D1/><U18/><E32/><V21/><F114/><W49/><G30/><T82/><D91/><U55/><E15/><V110/><F110/><W45/><G34/><T31/><D31/><U77/><E77/><V131/><F131/><W105/><G105/><T134/><D134/><U53/><E65/><V17/><F22/><W93/><G47/><T121/><D121/><U113/><E113/><V98/><F98/><W37/><G37/><T46/><D46/><U71/><REACH who="1" step="1"/><E55/><REACH who="1" ten="327,104,288,271" step="2"/><N who="2" m="33855" /><F135/><W70/><G126/><T85/><D14/><U33/><E33/><V43/><F72/><W27/><G125/><T127/><D127/><U103/><AGARI ba="1,1" hai="4,5,18,20,24,51,53,56,61,66,71,94,99,103" machi="103" ten="20,8000,1" yaku="1,1,0,1,7,1,52,1,53,1" doraHai="44" doraHaiUra="95" who="1" fromWho="1" sc="327,-41,104,93,288,-21,271,-21" /><INIT seed="5,0,0,0,5,35" ten="286,197,267,250" oya="1" hai0="42,100,122,70,65,33,19,131,43,129,9,3,34" hai1="132,62,6,111,114,91,15,106,38,41,4,53,69" hai2="135,20,51,31,92,89,81,21,124,7,57,49,77" hai3="44,99,40,25,82,5,55,104,8,28,50,93,26"/><U0/><E106/><V16/><F135/><W86/><G104/><T14/><D100/><U32/><E32/><V66/><F7/><W17/><G17/><T94/><D122/><U68/><E132/><V76/><F124/><W126/><G126/><T78/><D78/><N who="2" m="30314" /><F31/><W46/><G28/><T119/><D119/><U103/><E103/><V27/><F81/><W120/><G120/><T102/><D3/><U60/><E114/><V116/><F116/><W128/><G128/><N who="0" m="49227" /><D34/><U134/><E134/><V58/><F21/><W113/><G113/><T12/><D12/><U117/><E117/><V130/><F130/><W115/><G115/><T105/><D33/><U118/><E118/><V133/><F133/><W101/><G86/><T95/><D105/><U48/><E111/><V121/><F121/><W98/><G98/><N who="0" m="59735" /><D95/><U47/><E15/><V11/><F11/><W30/><G82/><T10/><D10/><U2/><E91/><V88/><F89/><W63/><G30/><T18/><D18/><U37/><E41/><V54/><F66/><W64/><G8/><T125/><D125/><U97/><E97/><N who="2" m="57479" /><F51/><W83/><G83/><T74/><D74/><U108/><E108/><V80/><F80/><W67/><G5/><T90/><D90/><U127/><E127/><V72/><F72/><W123/><G123/><T61/><AGARI ba="0,0" hai="9,14,19,42,43,61,65,70" m="59735,49227" machi="61" ten="30,1100,0" yaku="19,1" doraHai="35" who="0" fromWho="0" sc="286,11,197,-5,267,-3,250,-3" /><INIT seed="6,0,0,3,5,45" ten="297,192,264,247" oya="2" hai0="71,34,43,127,111,24,80,135,49,1,66,60,58" hai1="21,116,122,50,97,55,115,87,84,22,52,56,96" hai2="39,69,77,68,15,124,9,48,7,108,88,38,104" hai3="128,70,82,74,94,11,130,0,76,2,99,114,106"/><V133/><F104/><W65/><G106/><T25/><D111/><U102/><E116/><V20/><F108/><W93/><G93/><T78/><D1/><U105/><E115/><V112/><F77/><W73/><G73/><T95/><D34/><U42/><E122/><V109/><F109/><W29/><G29/><T27/><D135/><U54/><E97/><V41/><F112/><W53/><G114/><T26/><D26/><U101/><E101/><V40/><F133/><W31/><G31/><T32/><D32/><U46/><REACH who="1" step="1"/><E56/><REACH who="1" ten="297,182,264,247" step="2"/><V91/><F124/><W3/><G99/><T6/><D58/><U118/><E118/><V44/><F40/><W8/><G70/><T89/><D71/><U61/><E61/><V113/><F68/><W37/><G130/><T63/><D60/><U62/><E62/><V18/><F69/><W5/><G128/><T121/><D63/><U98/><E98/><V86/><F113/><W51/><G65/><T123/><D66/><U72/><E72/><V16/><F39/><W132/><G37/><T75/><D43/><U64/><E64/><V107/><F38/><W83/><G74/><T126/><D75/><U28/><E28/><V67/><F67/><W57/><G57/><T14/><D123/><U120/><E120/><V4/><F86/><AGARI ba="0,1" hai="21,22,42,46,50,52,54,55,84,86,87,96,102,105" machi="86" ten="40,5200,0" yaku="1,1,52,1,54,1,53,0" doraHai="45" doraHaiUra="85" who="1" fromWho="2" sc="297,0,182,62,264,-52,247,0" /><INIT seed="7,0,0,5,2,133" ten="297,244,212,247" oya="3" hai0="71,88,128,3,86,53,1,69,60,110,114,99,64" hai1="130,113,115,96,67,89,75,126,59,108,90,22,39" hai2="77,106,2,101,131,132,31,29,16,20,19,94,63" hai3="37,4,112,117,26,105,6,14,123,134,124,55,83"/><W74/><G117/><T38/><D110/><U47/><E75/><V27/><F2/><W8/><G105/><T66/><D38/><U95/><E108/><V49/><F132/><W121/><G134/><T61/><D128/><U68/><E68/><V91/><F131/><W111/><G111/><T92/><D114/><N who="1" m="43531" /><E130/><V10/><F77/><W107/><G107/><T52/><D99/><U56/><E90/><V109/><F109/><W118/><G112/><T87/><D87/><U93/><E93/><V35/><F63/><W100/><G100/><T36/><D36/><U120/><E120/><V23/><F101/><W85/><G74/><T12/><D12/><U41/><E126/><V104/><F31/><W13/><G37/><T40/><D40/><U78/><E78/><V65/><F65/><W84/><G118/><T72/><D72/><U30/><E67/><V34/><F34/><W15/><G124/><T58/><D53/><U5/><E5/><N who="3" m="2154" /><G8/><T103/><D103/><U45/><E45/><V43/><F104/><W76/><G85/><T18/><D18/><U127/><E127/><V125/><F125/><W116/><G116/><T82/><D92/><U54/><E54/><V44/><F106/><W28/><G55/><T42/><D42/><U51/><E39/><V57/><F10/><W62/><G62/><AGARI ba="0,0" hai="1,3,52,58,60,61,62,64,66,69,71,82,86,88" machi="62" ten="30,7700,0" yaku="7,1,9,1,54,2" doraHai="133" who="0" fromWho="3" sc="297,77,244,0,212,0,247,-77" owari="374,48.0,244,4.0,212,-19.0,170,-33.0" /></mjloggm>