<mjloggm ver="2.3"><GO type="97" lobby="0"/><UN n0="%61%61%61%73" n1="%E3%82%A6%E3%83%AB%E3%83%88%E3%83%A9%E7%AB%8B%E7%9B%B4" n2="%E5%8D%97%E5%A4%A9%E7%BF%94" n3="%E7%A4%BE%E4%BC%9A%E4%BF%9D%E9%99%BA%E5%BA%81%E8%81%B7%E5%93%A1" dan="14,15,15,13" rate="1860.02,2027.16,1955.74,1936.56" sx="M,M,M,M"/><TAIKYOKU oya="0"/><INIT seed="0,0,0,4,4,94" ten="250,250,250,250" oya="0" hai0="125,75,5,29,36,57,106,123,65,96,22,53,42" hai1="78,20,110,97,98,37,99,40,23,33,43,104,17" hai2="12,16,128,102,109,28,93,129,62,69,39,85,15" hai3="63,19,74,124,47,55,80,107,46,1,45,6,119"/><T118/><D118/><U67/><E33/><V117/><F39/><W100/><G119/><T13/><D123/><U130/><E104/><V21/><F117/><W59/><G124/><T89/><D125/><U127/><E127/><V25/><F109/><W132/><G132/><T111/><D75/><U73/><E110/><V82/><F28/><W49/><G19/><T108/><D42/><N who="1" m="15915" /><E73/><V50/><F50/><W122/><G122/><T113/><D36/><U41/><N who="1" m="15923" /><U34/><DORA hai="2" /><E34/><V64/><F102/><W90/><G100/><N who="0" m="62727" /><D65/><U131/><E78/><V58/><F93/><W56/><G107/><T4/><D89/><U116/><E116/><V91/><REACH who="2" step="1"/><F69/><REACH who="2" ten="250,250,240,250" step="2"/><W68/><G68/><T101/><D101/><U32/><E37/><V54/><F54/><W77/><G90/><T71/><D71/><U60/><E32/><V72/><F72/><W76/><G74/><T44/><D113/><U66/><E66/><V95/><F95/><W18/><G80/><T126/><D44/><U10/><E67/><V61/><F61/><W70/><G70/><T9/><D108/><U86/><E60/><V88/><F88/><W92/><G92/><T30/><D111/><U0/><E86/><V133/><F133/><W48/><G46/><T135/><D126/><U11/><E17/><V24/><F24/><W87/><G18/><N who="0" m="10575" /><D135/><U112/><E112/><V81/><F81/><W14/><G87/><T134/><D134/><U121/><E121/><V52/><F52/><N who="3" m="29711" /><G63/><N who="0" m="36271" /><D29/><U3/><E11/><V38/><F38/><W114/><G114/><T115/><D115/><U31/><E10/><RYUUKYOKU ba="0,1" sc="250,-10,250,-10,240,30,250,-10" hai2="12,15,16,21,25,58,62,64,82,85,91,128,129" /><INIT seed="1,1,1,5,0,45" ten="240,240,270,240" oya="1" hai0="101,59,1,102,55,47,79,107,105,89,84,3,54" hai1="29,15,30,20,52,21,17,94,32,74,35,66,6" hai2="39,24,121,108,100,46,83,64,28,99,130,73,67" hai3="113,43,53,87,106,4,80,92,103,77,127,34,114"/><U60/><E74/><V50/><F121/><W81/><G34/><N who="1" m="12842" /><E52/><N who="0" m="20009" /><D47/><U135/><E60/><V86/><F39/><W109/><G43/><T82/><D59/><U16/><E94/><V0/><F0/><N who="0" m="74" /><D79/><U31/><E66/><V33/><F73/><N who="3" m="43055" /><G4/><T41/><D82/><U95/><E95/><N who="2" m="58495" /><F86/><W19/><G53/><T125/><D84/><U12/><E135/><V129/><F83/><W118/><G19/><N who="1" m="7242" /><E6/><V117/><F67/><W58/><G58/><T126/><D89/><U93/><E93/><V90/><F64/><W115/><G118/><T120/><D41/><U49/><E49/><V2/><F90/><N who="3" m="51567" /><G106/><N who="0" m="40459" /><D120/><U128/><E128/><V5/><F130/><W38/><G38/><T8/><D8/><U62/><E62/><V112/><F117/><W116/><G116/><T40/><D40/><U134/><E134/><V122/><F129/><W72/><G72/><T22/><D22/><AGARI ba="1,1" hai="12,15,20,21,22,29,30,31" m="7242,12842" machi="22" ten="40,24000,3" yaku="28,2,35,5,54,1" doraHai="45" who="1" fromWho="0" sc="240,-243,240,253,270,0,240,0" owari="-3,-50.0,493,59.0,270,7.0,240,-16.0" /></mjloggm>