<mjloggm ver="2.3"><GO type="97" lobby="0"/><UN n0="%E8%BB%9F%E6%B0%B4" n1="%50%4F%4E%E3%81%A1%E3%82%83%E3%82%93" n2="%E3%82%A6%E3%83%AB%E3%83%88%E3%83%A9%E7%AB%8B%E7%9B%B4" n3="%E6%B0%B8%E4%B9%85%E5%B0%B1%E8%81%B7" dan="15,14,15,13" rate="2100.41,1965.00,1977.03,1894.13" sx="M,M,M,M"/><TAIKYOKU oya="0"/><INIT seed="0,0,0,5,1,36" ten="250,250,250,250" oya="0" hai0="41,101,115,42,114,11,83,4,133,19,29,22,51" hai1="34,48,125,46,31,35,63,56,116,96,104,27,50" hai2="38,97,47,79,43,102,59,28,74,117,71,122,61" hai3="8,64,95,58,24,20,124,16,10,18,12,126,134"/><T52/><D114/><U111/><E116/><V112/><F122/><W105/><G105/><T14/><D115/><U1/><E1/><V130/><F130/><W68/><G68/><T23/><D133/><U3/><E3/><V123/><F123/><W2/><G134/><T7/><D101/><U26/><E125/><N who="3" m="48234" /><G2/><T57/><D83/><U81/><E111/><V87/><F117/><W9/><G95/><T82/><D82/><U54/><E81/><V121/><F74/><W131/><G131/><T92/><D92/><U44/><E104/><V90/><F79/><W100/><G100/><T0/><REACH who="0" step="1"/><D7/><REACH who="0" ten="240,250,250,250" step="2"/><U13/><E35/><V40/><F112/><W86/><G86/><T85/><D85/><U6/><E96/><V109/><F121/><W113/><G113/><T75/><D75/><U91/><E91/><V32/><F97/><W128/><G128/><T94/><D94/><U78/><E78/><V67/><F102/><W120/><G120/><T72/><D72/><U21/><E34/><V119/><F119/><W25/><G64/><T66/><D66/><U5/><E27/><AGARI ba="0,1" hai="0,4,11,14,19,22,23,27,29,41,42,51,52,57" machi="27" ten="40,12000,1" yaku="1,1,52,2,54,1,53,0" doraHai="36" doraHaiUra="60" who="0" fromWho="1" sc="240,130,250,-120,250,0,250,0" /><INIT seed="0,1,0,3,1,103" ten="370,130,250,250" oya="0" hai0="15,44,120,81,100,67,5,84,28,16,132,129,38" hai1="56,78,134,99,34,43,25,122,40,88,61,119,31" hai2="18,91,8,89,58,114,131,126,48,116,54,20,19" hai3="32,97,90,33,102,6,69,26,94,105,2,39,47"/><T130/><D120/><U55/><E122/><V77/><F126/><W68/><G26/><T107/><D67/><U75/><E119/><V104/><F131/><N who="0" m="50186" /><D28/><U73/><E134/><V79/><F104/><W45/><G47/><T135/><D5/><U63/><E75/><V125/><F125/><W13/><G2/><T42/><D100/><U49/><E73/><V23/><F114/><W124/><G124/><T112/><D112/><U50/><E78/><V51/><F8/><W82/><G33/><T29/><D29/><U30/><E30/><V57/><REACH who="2" step="1"/><F116/><REACH who="2" ten="370,130,240,250" step="2"/><W93/><G105/><T24/><D107/><U92/><REACH who="1" step="1"/><E49/><REACH who="1" ten="370,120,240,250" step="2"/><V86/><F86/><W52/><G39/><T37/><D37/><U109/><E109/><V1/><F1/><W128/><G128/><T118/><D84/><U59/><E59/><V72/><F72/><W85/><G85/><T113/><D118/><U9/><E9/><V62/><F62/><AGARI ba="1,2" hai="25,31,34,40,43,50,55,56,61,62,63,88,92,99" machi="62" ten="40,2600,0" yaku="1,1,54,1,53,0" doraHai="103" doraHaiUra="11" who="1" fromWho="2" sc="370,0,120,49,240,-29,250,0" /><INIT seed="1,0,0,4,2,50" ten="370,169,211,250" oya="1" hai0="99,100,28,104,16,18,89,86,123,41,110,96,33" hai1="3,11,77,113,78,121,129,115,25,120,85,119,43" hai2="60,38,124,88,24,32,66,51,81,97,72,116,108" hai3="31,126,105,54,90,42,36,30,118,74,73,44,102"/><U98/><E119/><V84/><F38/><W69/><G69/><T15/><D110/><U62/><E43/><V21/><F124/><W45/><G118/><T135/><D135/><U103/><E25/><V56/><F108/><W8/><G126/><T106/><D41/><U82/><E62/><V80/><F116/><W93/><G8/><T53/><D123/><N who="1" m="47179" /><E11/><V68/><F32/><W9/><G9/><T6/><D28/><U94/><E3/><V23/><F97/><W134/><G102/><T112/><D33/><U128/><E77/><V117/><F117/><W46/><G105/><T91/><D112/><AGARI ba="0,0" hai="78,82,85,94,98,103,112,113,115,128,129" m="47179" machi="112" ten="30,2900,0" yaku="34,2" doraHai="50" who="1" fromWho="0" sc="370,-29,169,29,211,0,250,0" /><INIT seed="1,1,0,0,2,86" ten="341,198,211,250" oya="1" hai0="78,135,53,113,100,102,122,46,44,108,51,36,87" hai1="57,56,54,34,33,76,99,8,35,73,112,118,107" hai2="66,0,40,23,88,32,25,98,49,63,67,101,104" hai3="77,47,130,97,43,120,70,58,131,93,110,37,65"/><U91/><E118/><V69/><F0/><W61/><G77/><T119/><D113/><U116/><E116/><V10/><F67/><W71/><G120/><T17/><D119/><U64/><E112/><V41/><F10/><W2/><G2/><T68/><D68/><U134/><E134/><V9/><F9/><W84/><G84/><T39/><D108/><U27/><E76/><V1/><F1/><W103/><G110/><T125/><D125/><U62/><E73/><V114/><F114/><W79/><G79/><T128/><D135/><U3/><E3/><V105/><F105/><W133/><G133/><T42/><D128/><AGARI ba="1,0" hai="37,43,47,58,61,65,70,71,93,97,103,128,130,131" machi="128" ten="40,1300,0" yaku="19,1" doraHai="86" who="3" fromWho="0" sc="341,-16,198,0,211,0,250,16" /><INIT seed="2,0,0,3,0,28" ten="325,198,211,266" oya="2" hai0="132,46,94,91,95,15,126,10,104,87,67,85,38" hai1="44,129,21,117,88,77,4,52,89,50,20,27,17" hai2="99,31,83,124,45,84,54,133,121,111,112,23,7" hai3="113,97,76,115,35,64,3,82,49,127,81,73,130"/><V6/><F121/><W12/><G3/><T8/><D104/><U96/><E117/><V106/><F112/><N who="3" m="43083" /><G130/><T68/><D126/><U25/><E129/><V107/><F133/><W36/><G127/><T135/><D67/><U60/><E77/><V109/><F124/><W110/><G36/><T0/><D68/><U19/><E4/><V18/><F31/><W58/><G110/><N who="2" m="41993" /><F7/><W2/><G2/><T93/><D0/><U86/><E96/><V118/><F6/><W61/><G49/><T26/><D26/><U62/><E89/><N who="2" m="51359" /><F118/><W9/><G82/><AGARI ba="0,0" hai="17,19,20,21,25,27,44,50,52,60,62,82,86,88" machi="82" ten="30,8000,1" yaku="7,1,9,1,8,1,54,2" doraHai="28" who="1" fromWho="3" sc="325,0,198,80,211,0,266,-80" /><INIT seed="3,0,0,3,0,0" ten="325,278,211,186" oya="3" hai0="56,25,81,71,85,22,15,128,99,98,75,27,19" hai1="101,133,50,54,69,96,77,30,66,120,106,67,57" hai2="35,38,13,68,12,132,107,87,11,43,118,123,32" hai3="70,41,135,97,83,89,59,88,86,129,100,31,1"/><W4/><G70/><T23/><D75/><U62/><E120/><V104/><F38/><W82/><G135/><T18/><D71/><U63/><E133/><V65/><F43/><W134/><G134/><T125/><D125/><U60/><E77/><V51/><F132/><W102/><G129/><T45/><D128/><U39/><E39/><V40/><F68/><W79/><G31/><N who="0" m="17847" /><D56/><U28/><REACH who="1" step="1"/><E62/><REACH who="1" ten="325,268,211,186" step="2"/><V61/><F61/><W92/><G41/><T114/><D114/><U115/><E115/><V2/><F40/><W14/><G1/><T90/><D45/><AGARI ba="0,1" hai="28,30,45,50,54,57,60,63,66,67,69,96,101,106" machi="45" ten="30,3900,0" yaku="1,1,7,1,53,1" doraHai="0" doraHaiUra="64" who="1" fromWho="0" sc="325,-39,268,49,211,0,186,0" owari="286,9.0,317,41.0,211,-19.0,186,-31.0" /></mjloggm>