<mjloggm ver="2.3"><GO type="97" lobby="0"/><UN n0="%E3%82%B1%E3%83%B3%E5%9D%8A" n1="%48%49%4D%49%4D%49" n2="%E3%81%AA%E3%82%93%E3%81%9E%E3%81%AB%E3%82%83%E3%82%93" n3="%E3%82%A6%E3%83%AB%E3%83%88%E3%83%A9%E7%AB%8B%E7%9B%B4" dan="14,14,15,15" rate="1960.62,1938.97,1945.96,2049.51" sx="M,M,M,M"/><TAIKYOKU oya="0"/><INIT seed="0,0,0,4,4,40" ten="250,250,250,250" oya="0" hai0="98,43,125,35,23,94,69,120,52,4,22,49,9" hai1="110,59,75,16,1,47,77,30,65,123,100,84,95" hai2="45,8,63,76,102,88,79,3,5,109,67,86,111" hai3="113,129,130,46,26,27,117,91,6,44,112,57,38"/><T72/><D35/><U87/><E123/><V99/><F45/><N who="3" m="17515" /><G38/><T53/><D69/><U133/><E1/><V51/><F51/><W48/><G6/><T2/><D72/><U80/><E110/><N who="2" m="41995" /><F86/><W127/><G91/><T20/><D43/><U116/><E116/><V118/><F118/><W126/><G117/><T115/><D120/><U18/><E133/><V54/><F54/><N who="3" m="31943" /><G27/><T71/><D71/><U37/><E30/><V25/><F25/><W103/><G103/><T108/><D108/><U66/><E75/><V32/><F32/><W11/><G11/><T29/><D115/><N who="3" m="44105" /><G26/><T15/><D125/><AGARI ba="0,0" hai="125,126,127,129,130" m="44105,31943,17515" machi="125" ten="40,12000,2" yaku="18,1,34,2,52,3" doraHai="40" who="3" fromWho="0" sc="250,-120,250,0,250,0,250,120" /><INIT seed="1,0,0,0,2,117" ten="130,250,250,370" oya="1" hai0="23,48,10,116,0,74,103,49,15,81,52,133,27" hai1="94,2,96,36,41,78,76,135,54,53,86,98,90" hai2="14,6,22,108,3,5,84,107,46,26,101,85,16" hai3="127,44,104,11,34,93,45,114,102,43,51,89,25"/><U20/><E2/><V47/><F3/><W99/><G127/><T50/><D116/><U57/><E135/><V66/><F66/><W72/><G72/><T55/><D0/><U126/><E126/><V120/><F120/><W111/><G111/><T87/><D133/><U31/><E36/><V24/><F108/><W37/><G11/><T115/><D103/><N who="1" m="60823" /><E41/><V122/><F122/><W12/><G12/><T21/><D74/><U60/><E98/><V112/><F112/><W80/><G80/><T63/><D115/><U8/><E8/><N who="2" m="6215" /><F101/><W130/><G130/><T67/><D23/><U65/><E76/><V77/><F107/><W30/><G114/><T39/><D39/><U9/><E9/><V18/><F26/><W134/><G134/><T58/><D21/><U13/><E78/><V109/><F109/><W1/><G1/><T95/><D95/><N who="1" m="54743" /><E13/><V40/><F40/><W59/><G43/><T4/><REACH who="0" step="1"/><D27/><AGARI ba="0,0" hai="20,27,31,53,54,57,60,65" m="54743,60823" machi="27" ten="30,2900,0" yaku="25,1,8,1" doraHai="117" who="1" fromWho="0" sc="130,-29,250,29,250,0,370,0" /><INIT seed="1,1,0,5,5,116" ten="101,279,250,370" oya="1" hai0="112,78,131,8,123,85,121,129,91,107,16,20,119" hai1="58,95,102,71,104,106,27,63,64,56,52,19,31" hai2="135,57,61,105,68,117,1,4,35,36,12,81,42" hai3="14,86,3,94,25,21,29,89,37,75,103,111,125"/><U134/><E134/><V79/><F117/><W62/><G75/><T43/><D119/><U127/><E127/><V24/><F135/><W65/><G37/><T23/><D107/><U30/><E71/><V50/><F105/><W33/><G3/><T13/><D112/><U67/><E104/><V66/><F12/><W132/><G132/><T40/><D78/><U26/><E106/><V100/><F100/><W70/><G111/><T77/><D77/><U133/><E133/><V38/><F24/><N who="1" m="9257" /><E19/><V76/><F35/><W17/><G103/><T97/><D97/><N who="1" m="59711" /><E67/><V93/><F93/><W115/><G115/><T87/><D23/><U96/><E96/><V54/><F36/><W74/><G74/><T48/><D48/><AGARI ba="1,0" hai="30,31,48,52,56,58,63,64" m="59711,9257" machi="48" ten="30,2900,0" yaku="8,1,54,1" doraHai="116" who="1" fromWho="0" sc="101,-32,279,32,250,0,370,0" /><INIT seed="1,2,0,4,4,116" ten="69,311,250,370" oya="1" hai0="108,118,84,55,83,127,44,65,31,95,99,119,134" hai1="66,51,74,67,61,69,37,98,123,11,3,20,76" hai2="45,114,9,101,36,2,47,22,62,100,124,7,14" hai3="34,70,128,120,29,27,54,91,85,10,53,72,64"/><U104/><E37/><V81/><F124/><W12/><G72/><T131/><D31/><U46/><E123/><V33/><F33/><W6/><G128/><T92/><D65/><U115/><E115/><V52/><F114/><W87/><G120/><T35/><D35/><U28/><E67/><V16/><F81/><W17/><G70/><T0/><D0/><U132/><E132/><V58/><F36/><W109/><G64/><T41/><D55/><U39/><E39/><V103/><REACH who="2" step="1"/><F2/><REACH who="2" ten="69,311,240,370" step="2"/><N who="3" m="343" /><G109/><T68/><D68/><U94/><E104/><V49/><F49/><W71/><G71/><T125/><D44/><U121/><E121/><V135/><F135/><W90/><G54/><T79/><D41/><U23/><E3/><V25/><AGARI ba="2,1" hai="7,9,14,16,22,25,45,47,52,58,62,100,101,103" machi="25" ten="30,12000,2" yaku="1,1,0,1,8,1,54,2,53,1" doraHai="116" doraHaiUra="19" who="2" fromWho="2" sc="69,-32,311,-62,240,136,370,-32" /><INIT seed="2,0,0,5,3,95" ten="37,249,376,338" oya="2" hai0="27,87,113,41,43,25,105,60,37,81,44,2,67" hai1="55,98,22,15,108,72,97,125,61,88,119,16,94" hai2="115,33,107,99,130,35,121,126,7,117,57,11,10" hai3="78,101,21,63,18,48,135,6,29,116,45,82,86"/><V109/><F121/><W34/><G116/><T24/><D2/><U26/><E119/><V39/><F115/><W59/><G6/><T129/><D105/><U131/><E72/><V123/><F123/><W19/><G135/><T12/><D113/><U80/><E108/><V4/><F117/><W42/><G34/><T93/><D129/><U31/><E131/><V112/><F112/><W74/><G74/><T9/><D43/><U124/><E80/><V23/><F39/><W30/><G101/><T36/><D36/><U118/><E118/><V32/><F130/><W69/><G69/><T89/><D67/><U68/><E68/><V100/><F126/><N who="1" m="48745" /><E55/><V75/><F75/><W8/><G8/><T5/><D60/><U111/><E61/><V53/><F23/><W52/><REACH who="3" step="1"/><G18/><REACH who="3" ten="37,249,376,328" step="2"/><T70/><REACH who="0" step="1"/><D70/><REACH who="0" ten="27,249,376,328" step="2"/><U51/><E111/><V40/><F109/><W122/><G122/><T17/><D17/><U58/><E51/><V84/><F4/><W0/><G0/><T104/><D104/><U50/><E50/><V79/><F7/><W127/><G127/><T90/><D90/><U56/><E56/><V64/><F57/><W54/><G54/><T20/><D20/><N who="1" m="15815" /><E58/><V76/><F53/><W134/><G134/><T13/><D13/><AGARI ba="0,2" hai="13,19,21,29,30,42,45,48,52,59,63,78,82,86" machi="13" ten="30,7700,0" yaku="1,1,7,1,8,1,54,1,53,0" doraHai="95" doraHaiUra="3" who="3" fromWho="0" sc="27,-77,249,0,376,0,328,97" owari="-50,-55.0,249,-15.0,376,18.0,425,52.0" /></mjloggm>