<mjloggm ver="2.3"><GO type="41" lobby="0"/><UN n0="%E6%A8%AA%E6%B5%9C%E7%B1%B3%E6%98%9F%E9%81%94" n1="%26%73%70%31%31" n2="%74%61%6B%61%6A%61%6E%6B" n3="%E3%82%A6%E3%83%AB%E3%83%88%E3%83%A9%E7%AB%8B%E7%9B%B4" dan="13,14,13,15" rate="1945.49,1960.55,1992.15,1963.90" sx="M,M,M,M"/><TAIKYOKU oya="0"/><INIT seed="0,0,0,3,4,69" ten="250,250,250,250" oya="0" hai0="36,80,7,18,89,26,53,32,45,38,17,4,35" hai1="9,68,77,120,102,10,54,49,133,56,33,60,112" hai2="27,99,41,34,16,70,123,67,21,118,31,79,114" hai3="37,55,52,58,19,113,12,75,129,73,50,25,61"/><T46/><D53/><U78/><E120/><V110/><F79/><W62/><G113/><T104/><D104/><U24/><E112/><V20/><F114/><W44/><G129/><T135/><D89/><U57/><E68/><V130/><F41/><W124/><G124/><T65/><D80/><U107/><E133/><V29/><F70/><W28/><G37/><T127/><D26/><U83/><E78/><V43/><F67/><W117/><G117/><T71/><D71/><U111/><E111/><V11/><F43/><W0/><G0/><T84/><D84/><U13/><E13/><V48/><F48/><W47/><G47/><T76/><D76/><U59/><E59/><V128/><F99/><W115/><G115/><T23/><D23/><U74/><E107/><V39/><F39/><W88/><G62/><T86/><D86/><U131/><E102/><V3/><F123/><W15/><G15/><T93/><D93/><U98/><E98/><V95/><F95/><W87/><G25/><T82/><D82/><U105/><E105/><V2/><F110/><W64/><G28/><T94/><D94/><U51/><E131/><N who="2" m="50219" /><F118/><W91/><G55/><T92/><D92/><U6/><E6/><N who="2" m="1495" /><F3/><W66/><G66/><T14/><D65/><U134/><E134/><V100/><F100/><W122/><G122/><T109/><D135/><U132/><E132/><V8/><F34/><W101/><G101/><T96/><D109/><U125/><E125/><V126/><F126/><W22/><G91/><T63/><D127/><U106/><E106/><V108/><F108/><W30/><G30/><RYUUKYOKU ba="0,0" sc="250,-10,250,-10,250,-10,250,30" hai3="12,19,22,44,50,52,58,61,64,73,75,87,88" /><INIT seed="1,1,0,4,4,118" ten="240,240,240,280" oya="1" hai0="47,60,122,127,78,11,8,22,31,52,13,72,91" hai1="76,114,112,6,96,33,2,129,65,75,64,80,110" hai2="10,12,86,98,25,35,130,32,101,95,42,67,27" hai3="83,70,66,61,73,0,36,102,106,1,93,54,97"/><U116/><E116/><V124/><F130/><W46/><G93/><T53/><D127/><U58/><E129/><V103/><F124/><W50/><G54/><T108/><D108/><U99/><E33/><V4/><F42/><W49/><G50/><T121/><D78/><U85/><E75/><V40/><F67/><W16/><G49/><N who="0" m="28735" /><D72/><U113/><E110/><V120/><F120/><N who="0" m="46186" /><D91/><U7/><E58/><V57/><F40/><N who="3" m="22791" /><G16/><N who="0" m="10511" /><D31/><U23/><E2/><V74/><F74/><W135/><G135/><T44/><D44/><U87/><E112/><V79/><F79/><AGARI ba="1,0" hai="0,1,61,66,70,73,79,83,97,102,106" m="22791" machi="79" ten="30,2000,0" yaku="33,2" doraHai="118" who="3" fromWho="2" sc="240,0,240,0,240,-23,280,23" /><INIT seed="2,0,0,4,1,89" ten="240,240,217,303" oya="2" hai0="68,90,15,32,61,26,14,133,79,121,11,115,82" hai1="66,57,92,0,22,112,51,16,75,109,65,34,20" hai2="27,134,46,54,3,23,106,125,67,25,80,41,87" hai3="50,40,135,94,105,63,35,55,21,1,96,47,60"/><V77/><F3/><W113/><G1/><T36/><D36/><U56/><E75/><V52/><F106/><W24/><G35/><T130/><D115/><U31/><E112/><V128/><F134/><W48/><G105/><T43/><D133/><U132/><E132/><V101/><F128/><W99/><G99/><T83/><D43/><U9/><E109/><V4/><F125/><W76/><G76/><T13/><D130/><U69/><E34/><V114/><F114/><W45/><G113/><T103/><D103/><U123/><E123/><V59/><F4/><W119/><G119/><T93/><D83/><U44/><E69/><V131/><F131/><W53/><G40/><T10/><D61/><U12/><E0/><V84/><F101/><W102/><G135/><T5/><D68/><U2/><E2/><V58/><F87/><W129/><G129/><T81/><D81/><U49/><E92/><V38/><F67/><N who="1" m="25609" /><E31/><AGARI ba="0,0" hai="21,24,31,45,47,48,50,53,55,60,63,94,96,102" machi="31" ten="30,7700,0" yaku="7,1,9,1,8,1,52,1" doraHai="89" who="3" fromWho="1" sc="240,0,240,-77,217,0,303,77" /><INIT seed="3,0,0,4,4,19" ten="240,163,217,380" oya="3" hai0="43,99,87,97,23,12,84,130,111,83,93,63,49" hai1="54,129,110,35,60,34,15,121,105,1,61,44,114" hai2="125,101,2,133,117,41,88,113,33,102,107,122,65" hai3="16,85,51,104,46,55,127,26,78,36,86,7,120"/><W64/><G104/><T10/><D111/><U90/><E114/><V112/><F2/><W91/><G36/><T66/><D130/><U126/><E129/><V42/><F33/><W116/><G120/><T94/><D87/><U37/><E121/><V8/><F65/><W38/><G38/><T9/><D49/><U24/><E126/><V29/><F29/><W77/><G127/><T59/><D43/><U132/><E132/><V56/><F125/><W89/><G64/><T50/><D50/><U106/><E110/><V81/><F122/><W73/><G7/><T118/><D118/><U4/><E106/><V131/><F8/><W75/><G75/><T69/><D69/><U82/><E105/><V14/><F14/><W27/><G27/><T52/><D66/><U103/><E35/><V47/><F56/><W80/><G73/><T68/><D68/><U100/><E34/><V17/><F17/><W62/><G62/><T28/><D94/><U31/><E1/><V128/><F107/><W119/><G119/><T71/><D97/><U70/><E70/><V6/><F6/><W3/><G3/><T58/><D58/><U45/><E37/><N who="2" m="21935" /><F42/><W0/><G0/><T40/><D40/><U115/><E115/><N who="2" m="44107" /><F133/><W123/><G123/><T30/><D71/><U98/><E4/><V124/><F124/><W67/><G67/><T53/><D30/><U76/><E31/><V96/><F117/><W57/><G57/><T72/><D28/><U95/><E44/><V18/><F18/><W109/><G116/><T134/><D134/><U32/><E45/><V13/><F131/><RYUUKYOKU ba="0,0" sc="240,0,163,0,217,0,380,0" /><INIT seed="4,1,0,2,2,129" ten="240,163,217,380" oya="0" hai0="130,71,77,134,121,1,25,69,113,98,79,73,11" hai1="51,111,41,59,110,45,33,133,15,3,61,30,72" hai2="66,120,34,12,37,122,7,38,127,47,78,107,124" hai3="128,42,88,2,28,108,50,43,114,125,49,10,84"/><T9/><D130/><U131/><E72/><V75/><F107/><W62/><G2/><T6/><D121/><U14/><E131/><V105/><F105/><W46/><G28/><T54/><D113/><U112/><E3/><V116/><F34/><W58/><G108/><T76/><D11/><U118/><E118/><V96/><F96/><W92/><G114/><T87/><D73/><U17/><E33/><V65/><F75/><W81/><G10/><T36/><D36/><N who="2" m="13930" /><F12/><W22/><G22/><T104/><D87/><U102/><E102/><V29/><F29/><W123/><G123/><N who="2" m="47145" /><F7/><W52/><G128/><T85/><D85/><U32/><E30/><V26/><F26/><W67/><G125/><N who="2" m="48201" /><F78/><W100/><G100/><T99/><D25/><U27/><E32/><V93/><F93/><W0/><G0/><T135/><D104/><U63/><E27/><V94/><F94/><W5/><G5/><T89/><D89/><U82/><E17/><V117/><F47/><W48/><G92/><T95/><D95/><U56/><E82/><V53/><F53/><W23/><G23/><T31/><D54/><U97/><E97/><N who="0" m="36873" /><D31/><U24/><E24/><V35/><F35/><W119/><G84/><T19/><D19/><U55/><E55/><V132/><F132/><AGARI ba="1,0" hai="1,6,9,69,71,76,77,79,132,134,135" m="36873" machi="132" ten="30,11600,0" yaku="20,1,52,3" doraHai="129" who="0" fromWho="2" sc="240,119,163,0,217,-119,380,0" /><INIT seed="4,2,0,2,0,5" ten="359,163,98,380" oya="0" hai0="103,97,111,3,115,108,92,86,13,62,81,16,4" hai1="106,107,53,15,127,134,83,132,50,43,34,123,9" hai2="32,54,131,90,116,20,42,80,78,1,66,84,70" hai3="46,133,22,113,6,45,25,30,38,67,29,87,88"/><T64/><D115/><U44/><E123/><V105/><F32/><W39/><G133/><N who="1" m="51306" /><E34/><V110/><F1/><W102/><G102/><T61/><D4/><N who="1" m="3495" /><E127/><V8/><F105/><N who="1" m="39945" /><E83/><V2/><F116/><W120/><G113/><T121/><D3/><U79/><E79/><V69/><F110/><N who="0" m="42026" /><D64/><U40/><AGARI ba="2,0" hai="40,43,44,50,53" m="39945,3495,51306" machi="40" ten="40,2700,0" yaku="20,1,52,1" doraHai="5" who="1" fromWho="1" sc="359,-15,163,33,98,-9,380,-9" /><INIT seed="5,0,0,1,0,128" ten="344,196,89,371" oya="1" hai0="79,98,27,19,60,77,62,3,6,25,73,126,46" hai1="87,16,107,93,11,119,122,130,103,65,88,51,72" hai2="90,118,125,63,110,29,17,14,124,108,21,75,10" hai3="112,92,89,104,96,71,95,134,22,120,80,99,100"/><U115/><E122/><V76/><F75/><W129/><G71/><T49/><D126/><N who="2" m="48746" /><F76/><W105/><G22/><T50/><D73/><U85/><E119/><V37/><F37/><W111/><G111/><N who="2" m="42537" /><F90/><W109/><G109/><T0/><D6/><U44/><E130/><V12/><F63/><W101/><G129/><T131/><D19/><U70/><E115/><V42/><F42/><W7/><G7/><T102/><D131/><U132/><E107/><V55/><F55/><W33/><G33/><T26/><D102/><U113/><E113/><V66/><F66/><W53/><G53/><T83/><D98/><U35/><E35/><V54/><F54/><W94/><G112/><T123/><D123/><U69/><E69/><V41/><F41/><W2/><G120/><T106/><D106/><U82/><E70/><V52/><F52/><W97/><G2/><T59/><D77/><U38/><E72/><V45/><F45/><W8/><G104/><T74/><D46/><U43/><E38/><V47/><F47/><W117/><G105/><T24/><D60/><U121/><E121/><V81/><F81/><W67/><G80/><T32/><D62/><U64/><E132/><V114/><F114/><W58/><G134/><T1/><D49/><U57/><E103/><V56/><F56/><W34/><G100/><T68/><D59/><U9/><E57/><V78/><F78/><W23/><G101/><T127/><D50/><U116/><E116/><V31/><F118/><W15/><G58/><T84/><N who="0" m="6656" /><DORA hai="86" /><T28/><D127/><U13/><E9/><V5/><AGARI ba="0,0" hai="5,10,12,14,17,21,29,31" m="42537,48746" machi="5" ten="30,7900,0" yaku="5,1,18,1,34,2" doraHai="128,86" who="2" fromWho="2" sc="344,-20,196,-39,89,79,371,-20" /><INIT seed="6,0,0,5,5,77" ten="324,157,168,351" oya="2" hai0="53,100,28,123,115,16,88,122,39,35,48,85,67" hai1="89,90,58,83,41,51,106,75,117,113,57,78,56" hai2="103,131,32,36,134,110,125,91,44,25,30,65,92" hai3="66,112,87,130,50,37,63,47,120,15,107,72,111"/><V74/><F74/><W127/><G72/><T97/><D39/><U3/><E117/><V94/><F65/><W73/><G73/><T101/><D67/><U76/><E113/><V81/><F103/><W20/><G107/><T23/><D115/><U19/><E3/><V104/><F104/><W22/><G37/><T124/><D124/><U82/><E19/><V12/><F125/><W61/><G61/><T1/><D1/><U128/><E128/><V2/><F2/><W31/><G31/><T93/><D100/><U55/><E106/><V105/><F105/><W34/><G34/><T24/><D97/><U4/><E4/><V68/><F68/><W79/><G111/><T69/><D69/><U6/><E6/><V96/><F131/><W108/><G108/><T84/><D84/><U98/><E98/><V42/><F134/><W99/><G99/><T86/><D86/><U54/><E41/><V14/><F110/><W11/><G120/><T80/><D93/><U102/><E102/><V38/><F38/><W133/><G133/><T114/><D101/><U64/><E64/><V43/><F43/><W135/><G135/><T8/><D114/><U13/><E13/><N who="2" m="5227" /><F94/><W27/><G127/><T116/><D116/><U129/><E129/><V46/><F46/><W62/><G47/><N who="0" m="27807" /><D35/><U119/><E119/><V10/><F10/><W21/><G11/><T18/><D8/><U7/><E7/><V5/><F5/><W121/><G130/><T33/><D33/><U40/><E40/><V95/><F95/><W109/><G112/><T118/><D118/><U26/><E75/><RYUUKYOKU ba="0,0" sc="324,15,157,-15,168,15,351,-15" hai0="16,18,23,24,28,80,85,88,122,123" hai2="25,30,32,36,42,44,81,91,92,96" /><INIT seed="6,1,0,4,2,46" ten="339,142,183,336" oya="2" hai0="4,36,75,55,128,24,39,130,82,31,14,91,70" hai1="125,60,92,124,62,134,53,67,45,25,110,57,74" hai2="121,114,29,59,32,28,103,99,112,108,44,133,30" hai3="113,104,84,98,101,17,27,19,68,80,64,40,7"/><V111/><F121/><W8/><G113/><N who="2" m="43625" /><F59/><W135/><G135/><T11/><D70/><N who="1" m="42343" /><E74/><V9/><F9/><W106/><G106/><T1/><D55/><N who="1" m="34111" /><E92/><N who="2" m="58855" /><F133/><W5/><G5/><T71/><D71/><U90/><E25/><N who="2" m="18447" /><F44/><W102/><G64/><T41/><D41/><U33/><E90/><V15/><F15/><W18/><G68/><T2/><D91/><U109/><E33/><V115/><N who="2" m="43633" /><V54/><DORA hai="3" /><F54/><W12/><G40/><T66/><D14/><U118/><E134/><V127/><F127/><N who="1" m="48713" /><E118/><V63/><F63/><W38/><G101/><T119/><D1/><U95/><E95/><V79/><F79/><W73/><G27/><T123/><D119/><U89/><E89/><V61/><F61/><W86/><G12/><T51/><D24/><U77/><E77/><V122/><F122/><W131/><G8/><T22/><D11/><U83/><E83/><V116/><F116/><W132/><G80/><T52/><D82/><U72/><E72/><V56/><F56/><W47/><G73/><T117/><D75/><U13/><E13/><V21/><F21/><W97/><G132/><T35/><D22/><U48/><AGARI ba="1,0" hai="45,48,53,109,110" m="48713,34111,42343" machi="48" ten="30,7900,0" yaku="18,1,34,2,52,1" doraHai="46,3" who="1" fromWho="1" sc="339,-21,142,82,183,-40,336,-21" /><INIT seed="7,0,0,1,2,133" ten="318,224,143,315" oya="3" hai0="43,96,13,33,87,114,64,27,77,37,36,80,16" hai1="119,76,116,52,12,121,120,34,108,26,3,105,66" hai2="9,67,2,91,99,10,109,41,35,14,82,40,135" hai3="124,115,88,101,74,23,7,106,129,81,90,59,73"/><W75/><G7/><T56/><D114/><U127/><E105/><V93/><F35/><W20/><G59/><T98/><D43/><U78/><E66/><V38/><F109/><W25/><G23/><T42/><D42/><U53/><E12/><V131/><F135/><W70/><G70/><T24/><D33/><U18/><E18/><V132/><F132/><W31/><G115/><T47/><D47/><U84/><E84/><V49/><F131/><W65/><G65/><T6/><D6/><U128/><E26/><N who="0" m="9769" /><D37/><U69/><E34/><V50/><F38/><W28/><G28/><T62/><D36/><U125/><E128/><V79/><F67/><W29/><G29/><T54/><D54/><U0/><E69/><V30/><F2/><W8/><G129/><T57/><D57/><U100/><REACH who="1" step="1"/><E100/><REACH who="1" ten="318,214,143,315" step="2"/><V55/><F30/><W22/><G101/><T107/><D107/><U122/><E122/><V19/><F9/><AGARI ba="0,1" hai="9,13,16,56,62,64,77,80,87,96,98" m="9769" machi="9" ten="30,2000,0" yaku="8,1,54,1" doraHai="133" who="0" fromWho="2" sc="318,30,214,0,143,-20,315,0" owari="348,45.0,214,-19.0,123,-38.0,315,12.0" /></mjloggm>