<mjloggm ver="2.3"><GO type="97" lobby="0"/><UN n0="%E3%82%A2%E3%83%83%E3%83%97%E3%83%AB%E3%82%AD%E3%83%83%E3%83%89" n1="%43%4C%41%40%47%41%4D%45" n2="%E3%82%A6%E3%83%AB%E3%83%88%E3%83%A9%E7%AB%8B%E7%9B%B4" n3="%E6%84%9A%E5%9C%B0%E2%98%86%E3%81%A8%E3%81%A3%E3%81%BD" dan="15,13,15,16" rate="1987.65,1870.82,2009.28,2138.60" sx="M,M,M,M"/><TAIKYOKU oya="0"/><INIT seed="0,0,0,0,0,69" ten="250,250,250,250" oya="0" hai0="4,128,19,98,135,51,82,132,49,24,116,28,58" hai1="76,44,80,118,34,22,103,46,90,48,10,14,92" hai2="30,117,108,35,67,119,112,94,95,86,0,59,131" hai3="114,105,125,91,56,124,78,89,64,11,47,96,110"/><T129/><D116/><N who="2" m="44618" /><F0/><W121/><G114/><T2/><D98/><U1/><E118/><V77/><F112/><W84/><G11/><N who="0" m="2455" /><D82/><U60/><E34/><V79/><F131/><N who="0" m="50250" /><D58/><U81/><E1/><V73/><F73/><W55/><G64/><T127/><D51/><U88/><E22/><V107/><F107/><W87/><G47/><T85/><D49/><U66/><E103/><V21/><F35/><W72/><G56/><T7/><D85/><U99/><E90/><V54/><F67/><W71/><G71/><T32/><D7/><U6/><E76/><V74/><F74/><W23/><G55/><T13/><D127/><U3/><E3/><V17/><F86/><W37/><G78/><T113/><D113/><U31/><E31/><V29/><F79/><W109/><G72/><T16/><D19/><U9/><E9/><AGARI ba="0,0" hai="9,13,16,24,28,32,132,135" m="50250,2455" machi="9" ten="30,11600,0" yaku="19,1,34,2,54,1" doraHai="69" who="0" fromWho="1" sc="250,116,250,-116,250,0,250,0" /><INIT seed="0,1,0,2,4,65" ten="366,134,250,250" oya="0" hai0="125,58,86,75,48,56,111,116,103,64,41,130,25" hai1="69,98,105,81,34,72,77,19,131,100,17,120,122" hai2="104,47,91,60,67,54,108,88,71,68,87,135,124" hai3="112,63,107,29,53,52,129,132,2,15,27,57,33"/><T119/><D75/><U115/><E115/><V74/><F74/><W101/><G2/><T37/><D103/><U93/><E131/><V28/><F108/><W9/><G112/><T66/><D25/><U10/><E34/><V73/><F73/><W76/><G76/><T36/><D86/><U7/><E69/><V23/><F104/><W134/><G129/><T121/><D130/><U14/><E93/><V70/><F124/><W4/><REACH who="3" step="1"/><G53/><REACH who="3" ten="366,134,250,240" step="2"/><N who="0" m="31783" /><D121/><U22/><REACH who="1" step="1"/><E17/><REACH who="1" ten="366,124,250,240" step="2"/><V44/><F135/><W32/><G32/><T38/><D125/><U49/><E49/><V106/><F106/><W127/><G127/><T21/><D111/><U133/><E133/><V0/><F28/><W62/><G62/><T42/><D116/><U89/><E89/><V45/><F91/><W118/><G118/><T39/><D119/><U13/><AGARI ba="1,2" hai="7,10,13,14,19,22,72,77,81,98,100,105,120,122" machi="13" ten="20,2700,0" yaku="1,1,0,1,7,1,53,0" doraHai="65" doraHaiUra="46" who="1" fromWho="1" sc="366,-14,124,50,250,-8,240,-8" /><INIT seed="1,0,0,3,2,33" ten="352,174,242,232" oya="1" hai0="93,43,130,60,1,77,56,110,134,13,82,69,107" hai1="42,12,109,41,20,59,101,119,66,99,27,25,86" hai2="23,46,112,78,10,4,17,67,19,32,6,116,38" hai3="0,49,53,91,122,14,135,132,84,71,133,90,73"/><U30/><E119/><V70/><F32/><W68/><G73/><T97/><D130/><U115/><E115/><V50/><F116/><W96/><G122/><T37/><D134/><U113/><E113/><V34/><F34/><W44/><G14/><T79/><D107/><U36/><E36/><V16/><F38/><W3/><G96/><T87/><D69/><N who="3" m="26697" /><G91/><T95/><D1/><U72/><E72/><V51/><F6/><W100/><G100/><T76/><D110/><U80/><E109/><V28/><F112/><W85/><G85/><T21/><D37/><U35/><E35/><V127/><F127/><W89/><G89/><T15/><D43/><U58/><E12/><N who="0" m="4681" /><D21/><U7/><E7/><V29/><F78/><N who="0" m="30314" /><D97/><U131/><E131/><V62/><F23/><W45/><G45/><T102/><D102/><U5/><E5/><V24/><BYE who="1" /><F24/><W126/><G126/><T114/><D114/><U94/><E94/><AGARI ba="0,0" hai="0,3,44,49,53,84,90,94,132,133,135" m="26697" machi="94" ten="40,5200,0" yaku="20,1,52,2" doraHai="33" who="3" fromWho="1" sc="352,0,174,-52,242,0,232,52" /><INIT seed="2,0,0,2,1,75" ten="352,122,242,284" oya="2" hai0="96,71,2,4,62,94,74,35,16,95,101,32,128" hai1="54,120,126,20,67,68,44,82,66,78,131,26,52" hai2="53,135,58,113,47,19,110,29,108,42,46,56,107" hai3="9,64,60,123,5,57,118,25,21,43,39,0,73"/><V70/><F107/><W69/><G118/><T130/><D74/><U13/><E13/><V100/><F29/><W27/><G123/><T76/><D76/><U84/><E84/><V28/><F100/><W3/><G3/><T116/><D116/><U98/><E98/><V103/><F103/><W77/><G57/><N who="2" m="22121" /><F28/><W112/><G21/><T12/><D4/><U50/><E50/><N who="2" m="28895" /><F19/><W10/><G10/><T106/><D2/><U109/><E109/><N who="2" m="42091" /><F113/><W23/><G112/><T134/><D106/><U111/><E111/><V17/><F17/><W22/><G22/><T18/><D32/><U117/><E117/><V87/><F87/><W105/><G105/><T49/><D35/><U72/><E72/><V91/><F91/><W33/><G33/><T127/><D18/><U61/><E61/><V14/><F14/><W129/><G23/><T88/><D95/><U83/><E83/><V65/><F135/><W36/><G25/><T79/><D134/><U51/><E51/><N who="2" m="27095" /><F65/><W48/><G27/><T6/><D101/><U90/><E90/><V85/><F85/><W41/><G48/><T81/><D49/><U99/><E99/><V31/><F31/><W45/><G77/><T115/><D6/><U7/><E7/><V133/><F133/><W97/><G97/><T92/><D96/><U80/><E80/><V122/><F122/><W125/><G73/><T114/><D81/><U59/><E59/><V40/><F40/><W1/><G1/><T37/><D79/><U104/><E104/><V121/><F121/><W24/><G0/><T93/><D94/><U86/><E86/><RYUUKYOKU ba="0,0" sc="352,-10,122,-10,242,30,284,-10" hai2="70" /><INIT seed="2,1,0,5,3,64" ten="342,112,272,274" oya="2" hai0="43,8,7,120,51,85,70,6,25,121,4,111,54" hai1="30,74,16,29,94,53,79,88,58,115,118,57,83" hai2="71,100,11,28,76,12,95,55,5,65,82,86,19" hai3="75,67,44,134,102,39,46,98,56,87,17,15,110"/><V108/><F108/><W2/><G2/><T126/><D126/><U105/><E105/><V113/><F113/><W3/><G3/><T81/><D111/><U93/><E93/><V9/><F28/><W132/><G75/><T40/><D70/><U124/><E124/><V21/><F55/><W125/><G125/><T131/><D8/><U61/><E61/><V106/><F106/><W0/><G0/><T24/><D131/><U20/><E20/><V38/><F38/><W72/><G72/><T42/><D121/><U66/><E66/><V96/><REACH who="2" step="1"/><F5/><REACH who="2" ten="342,112,262,274" step="2"/><W22/><G110/><T41/><D120/><UN n1="%43%4C%41%40%47%41%4D%45" /><U1/><E1/><V26/><F26/><W23/><G39/><T32/><D32/><U130/><E115/><V47/><F47/><W135/><G46/><T33/><N who="0" m="10752" /><DORA hai="63" /><T36/><D33/><U80/><E118/><V127/><F127/><W116/><G44/><N who="0" m="28007" /><D36/><U34/><E130/><V77/><F77/><AGARI ba="1,1" hai="4,6,7,24,25,77,81,85" m="28007,10752" machi="77" ten="40,1300,0" yaku="8,1" doraHai="64,63" who="0" fromWho="2" sc="342,26,112,0,262,-16,274,0" /><INIT seed="3,0,0,5,1,109" ten="368,112,246,274" oya="3" hai0="133,29,48,114,101,121,125,112,130,43,99,69,58" hai1="119,54,71,16,134,44,89,102,74,27,8,49,123" hai2="31,86,79,51,129,24,62,106,36,113,12,57,50" hai3="1,110,108,45,42,90,85,15,78,63,30,103,135"/><W52/><G1/><T98/><D121/><U120/><E119/><V80/><F36/><W87/><G103/><T92/><D69/><U81/><E134/><V105/><F129/><W9/><G30/><T34/><D133/><U68/><E74/><V97/><F105/><W59/><G78/><T25/><D130/><U14/><E102/><V61/><F106/><W118/><G118/><T3/><D3/><U35/><E35/><V115/><F97/><W2/><G2/><T21/><D125/><U107/><E107/><V95/><F95/><W70/><G70/><T73/><D73/><U82/><E82/><V10/><F61/><W0/><G0/><T84/><D84/><U66/><E27/><V23/><F51/><N who="3" m="27063" /><G135/><T104/><D34/><U116/><E116/><V65/><REACH who="2" step="1"/><F50/><REACH who="2" ten="368,112,236,274" step="2"/><W64/><G108/><T39/><D39/><U122/><REACH who="1" step="1"/><E66/><REACH who="1" ten="368,102,236,274" step="2"/><V28/><F28/><W20/><G110/><T94/><D104/><U11/><E11/><V75/><F75/><W32/><G32/><T55/><D99/><U111/><E111/><V100/><F100/><W22/><G64/><T131/><D131/><U83/><E83/><V88/><F88/><W132/><G132/><T127/><D101/><U77/><E77/><V53/><F53/><W46/><G90/><T67/><D98/><U47/><E47/><V41/><F41/><W26/><G46/><T126/><D67/><U13/><E13/><V33/><F33/><W38/><G15/><T93/><D43/><U6/><E6/><AGARI ba="0,2" hai="6,10,12,23,24,31,57,62,65,79,80,86,113,115" machi="6" ten="30,7700,0" yaku="1,1,7,1,52,2,53,0" doraHai="109" doraHaiUra="96" who="2" fromWho="1" sc="368,0,102,-77,236,97,274,0" owari="368,47.0,25,-47.0,333,13.0,274,-13.0" /></mjloggm>