<mjloggm ver="2.3"><GO type="97" lobby="0"/><UN n0="%70%6F%63%68%69%6E%6F" n1="%4F%53%43%37%37%37" n2="%E3%82%86%E3%81%86%E3%81%8F%E3%82%93%CE%A9" n3="%E3%82%A6%E3%83%AB%E3%83%88%E3%83%A9%E7%AB%8B%E7%9B%B4" dan="14,15,13,15" rate="1915.23,2016.36,1835.67,1977.35" sx="M,M,M,M"/><TAIKYOKU oya="0"/><INIT seed="0,0,0,0,5,47" ten="250,250,250,250" oya="0" hai0="80,74,16,25,77,22,63,99,128,30,19,45,44" hai1="133,65,8,90,98,111,82,70,68,3,88,96,110" hai2="17,79,7,58,26,46,1,84,86,76,116,37,12" hai3="0,94,15,27,78,38,115,59,55,119,126,92,131"/><T113/><D113/><U57/><E133/><V10/><F116/><W83/><G0/><T109/><D128/><U41/><E41/><V5/><F5/><W69/><G69/><T67/><D99/><N who="1" m="37931" /><E3/><V4/><F4/><W100/><G100/><T123/><D123/><U95/><E8/><V106/><F106/><W32/><G38/><T64/><D109/><N who="1" m="41483" /><E82/><V48/><F37/><W66/><G83/><T53/><D45/><U101/><E101/><V85/><F58/><W52/><G59/><T129/><D129/><U6/><E6/><V135/><F135/><W72/><G131/><T103/><D103/><U71/><E95/><V117/><F117/><W60/><G94/><T49/><D67/><U97/><N who="1" m="37939" /><U112/><DORA hai="87" /><E112/><V28/><F1/><W127/><G92/><T40/><REACH who="0" step="1"/><D53/><REACH who="0" ten="240,250,250,250" step="2"/><U75/><E75/><V124/><F124/><W102/><G55/><T43/><D43/><U105/><E105/><V35/><REACH who="2" step="1"/><F7/><REACH who="2" ten="240,250,240,250" step="2"/><W20/><G127/><T50/><D50/><U132/><E132/><V18/><F18/><W104/><G126/><T134/><D134/><U36/><E36/><V91/><F91/><N who="1" m="34857" /><E57/><AGARI ba="0,2" hai="16,19,22,25,30,40,44,49,57,63,64,74,77,80" machi="57" ten="30,12000,1" yaku="1,1,7,1,52,1,54,1,53,1" doraHai="47,87" doraHaiUra="108,42" who="0" fromWho="1" sc="240,140,250,-120,240,0,250,0" /><INIT seed="0,1,0,5,1,87" ten="380,130,240,250" oya="0" hai0="21,85,23,67,12,9,13,82,62,45,47,19,135" hai1="98,4,7,50,27,80,6,24,32,55,122,105,58" hai2="79,20,8,132,116,73,115,90,107,68,60,28,89" hai3="65,54,44,83,95,104,2,84,40,92,11,77,91"/><T81/><D135/><U59/><E122/><V63/><F107/><W94/><G65/><T57/><D82/><U41/><E105/><V99/><F115/><W125/><G104/><T53/><D67/><U100/><E80/><V1/><F132/><W113/><G113/><T10/><D10/><U18/><E41/><V124/><F116/><W110/><G125/><T133/><D133/><U26/><E32/><V111/><F111/><W109/><G54/><T123/><D123/><U35/><E35/><V103/><F124/><W128/><G128/><T106/><D106/><U71/><E71/><V16/><F79/><W131/><G131/><T43/><D43/><U101/><E18/><V130/><F73/><W76/><G2/><T93/><D93/><N who="3" m="35945" /><G11/><T5/><D21/><U72/><E72/><V52/><F99/><N who="3" m="57855" /><G44/><T64/><D64/><U29/><E29/><V69/><F103/><W48/><G48/><T88/><AGARI ba="1,0" hai="5,9,12,13,19,23,45,47,53,57,62,81,85,88" machi="88" ten="20,12000,1" yaku="0,1,7,1,8,1,52,1,54,1" doraHai="87" who="0" fromWho="0" sc="380,123,130,-41,240,-41,250,-41" /><INIT seed="0,2,0,3,0,77" ten="503,89,199,209" oya="0" hai0="128,120,103,2,88,71,83,41,14,47,30,62,23" hai1="130,67,87,129,102,78,12,73,125,101,99,72,50" hai2="11,43,15,95,85,58,18,91,37,44,109,64,90" hai3="70,51,26,114,52,105,100,22,27,21,104,110,115"/><T4/><D120/><U97/><E67/><V65/><F109/><W96/><G70/><T127/><D127/><U16/><E125/><V117/><F117/><W94/><G110/><T33/><D33/><U59/><E59/><V34/><F34/><W13/><G13/><T28/><D128/><N who="1" m="49259" /><E50/><V31/><F31/><W46/><G104/><T124/><D2/><U76/><E12/><V48/><F37/><W3/><G105/><T6/><D71/><U82/><E16/><V36/><F36/><W54/><G3/><T60/><D124/><U20/><E20/><V35/><F35/><W133/><G133/><T5/><D14/><U116/><E116/><V111/><F111/><W9/><G9/><T80/><D103/><N who="1" m="39435" /><E76/><V123/><F123/><W68/><G68/><T10/><D10/><U61/><E61/><N who="0" m="23657" /><D47/><U132/><E132/><V75/><F58/><W135/><G135/><T32/><D32/><U122/><E122/><V69/><F69/><W55/><G22/><T8/><D8/><U53/><E53/><V134/><F134/><W39/><G27/><N who="0" m="16511" /><D41/><U106/><E106/><V7/><F75/><AGARI ba="2,0" hai="72,73,75,78,82,87,97,99" m="39435,49259" machi="75" ten="30,7700,0" yaku="19,1,34,2,52,1" doraHai="77" who="1" fromWho="2" sc="503,0,89,83,199,-83,209,0" /><INIT seed="1,0,0,0,5,119" ten="503,172,116,209" oya="1" hai0="120,21,94,44,106,61,10,115,50,64,113,89,112" hai1="73,35,121,60,81,105,131,68,117,86,67,79,75" hai2="12,54,96,129,13,124,16,77,11,103,5,88,29" hai3="0,7,41,71,135,130,27,102,39,85,133,83,93"/><U59/><E117/><V37/><F37/><W57/><G71/><T6/><D106/><U30/><E121/><V72/><F129/><W36/><G130/><T78/><D21/><U111/><E131/><V126/><F72/><W58/><G27/><T80/><D120/><U8/><E111/><V15/><F77/><W49/><G7/><T38/><D38/><U48/><E105/><V46/><F29/><W74/><G0/><T110/><D110/><U118/><E118/><V34/><F34/><W31/><G31/><T134/><D134/><U84/><E8/><V40/><F54/><W20/><G74/><T97/><D80/><U128/><E128/><V127/><F40/><W45/><G36/><T116/><D78/><U69/><E86/><V22/><F46/><W56/><G39/><T66/><D116/><U92/><E69/><V18/><F103/><W17/><G133/><T107/><D107/><U26/><REACH who="1" step="1"/><E92/><REACH who="1" ten="503,162,116,209" step="2"/><N who="2" m="56327" /><F5/><W23/><G135/><T114/><D114/><U91/><E91/><V132/><F132/><W4/><G93/><T42/><D115/><U9/><E9/><V90/><F90/><W98/><G98/><T19/><D113/><U1/><E1/><V24/><AGARI ba="0,1" hai="11,12,13,15,16,18,22,24,124,126,127" m="56327" machi="24" ten="30,4000,0" yaku="18,1,54,2" doraHai="119" who="2" fromWho="2" sc="503,-10,162,-20,116,50,209,-10" /><INIT seed="2,0,0,5,3,95" ten="493,142,166,199" oya="2" hai0="46,74,66,19,27,41,12,26,88,9,99,8,129" hai1="16,78,81,102,4,134,115,14,92,73,50,64,111" hai2="72,44,22,67,91,37,69,18,85,124,38,49,116" hai3="6,103,32,57,133,75,31,28,109,127,110,20,107"/><V43/><F72/><W79/><G6/><T29/><D74/><U90/><E115/><V126/><F116/><W15/><G32/><T53/><D129/><U10/><E134/><V47/><F69/><W118/><G118/><T63/><D53/><U71/><E111/><N who="3" m="42506" /><G133/><T131/><D131/><U21/><E102/><V105/><F105/><W96/><G127/><N who="2" m="48681" /><F67/><W76/><G57/><N who="0" m="37231" /><D9/><U101/><E101/><V130/><F130/><W34/><G34/><T93/><D29/><N who="3" m="11337" /><G75/><T11/><D11/><U51/><E71/><V87/><F47/><W104/><G104/><T128/><D128/><U62/><E62/><V86/><F91/><W70/><G70/><T25/><D46/><U23/><E64/><V1/><F1/><W3/><G3/><T123/><D123/><U13/><REACH who="1" step="1"/><E23/><REACH who="1" ten="493,132,166,199" step="2"/><V42/><F22/><W59/><G20/><T112/><D112/><U113/><E113/><V117/><F117/><W40/><G103/><T132/><D132/><U114/><E114/><V65/><F65/><W33/><G33/><T56/><D8/><U24/><E24/><V5/><F5/><W61/><G61/><T77/><D27/><U68/><E68/><V45/><F18/><W35/><G35/><T125/><D26/><U39/><E39/><AGARI ba="0,1" hai="37,38,39,42,43,44,45,49,85,86,87" m="48681" machi="39" ten="30,1500,0" yaku="18,1" doraHai="95" who="2" fromWho="1" sc="493,0,132,-15,166,25,199,0" /><INIT seed="2,1,0,3,1,49" ten="493,117,191,199" oya="2" hai0="84,111,125,123,18,80,106,0,50,2,16,60,116" hai1="118,75,99,43,1,102,51,93,30,92,63,86,53" hai2="107,26,72,128,114,133,112,47,11,66,124,23,117" hai3="57,39,8,13,98,94,5,9,10,24,91,35,41"/><V56/><F107/><W132/><G132/><T65/><D123/><U121/><E118/><V7/><F72/><W103/><G41/><T68/><D106/><U22/><E75/><V37/><F117/><W14/><G39/><T45/><D116/><U105/><E1/><V19/><F133/><W48/><G35/><T131/><D131/><U110/><E121/><V33/><F128/><W6/><G24/><T134/><D134/><U71/><E110/><V52/><F124/><W36/><G36/><T29/><D125/><U25/><E43/><V95/><F33/><W62/><G48/><T77/><D29/><U104/><E71/><V61/><F95/><W76/><G76/><T34/><D34/><U4/><E63/><V82/><F82/><W97/><G10/><T127/><D127/><U96/><E4/><V27/><F27/><W120/><G120/><T32/><D32/><U129/><E86/><V73/><F73/><W119/><G119/><T54/><D111/><U122/><E129/><V100/><F100/><W101/><REACH who="3" step="1"/><G98/><REACH who="3" ten="493,117,191,189" step="2"/><T126/><D126/><U69/><E122/><V87/><F37/><W42/><G42/><T67/><D67/><AGARI ba="1,1" hai="5,6,8,9,13,14,57,62,67,91,94,97,101,103" machi="67" ten="30,8000,1" yaku="1,1,7,1,9,1,8,1,53,1" doraHai="49" doraHaiUra="55" who="3" fromWho="0" sc="493,-83,117,0,191,0,189,93" /><INIT seed="3,0,0,4,1,68" ten="410,117,191,282" oya="3" hai0="65,106,109,95,117,37,112,17,28,21,26,49,15" hai1="80,116,70,110,108,100,73,6,96,9,2,123,91" hai2="19,58,101,92,1,64,131,124,35,57,8,53,122" hai3="14,67,105,135,90,84,86,29,111,44,79,0,78"/><W4/><G0/><T47/><D106/><U45/><E91/><V23/><F122/><W87/><G105/><T31/><D117/><U126/><E116/><V25/><F124/><W38/><G135/><T60/><D112/><U103/><E103/><V93/><F131/><W22/><G38/><T39/><D109/><U88/><E126/><V125/><F125/><W128/><G111/><T104/><D104/><U46/><E46/><V119/><F119/><W107/><G107/><T24/><D95/><U77/><E123/><V54/><F35/><W130/><G67/><T97/><D97/><U62/><E100/><V127/><F64/><W76/><G44/><T72/><D72/><U36/><E96/><V20/><F127/><W134/><G134/><T32/><D26/><U71/><E88/><V7/><F101/><W34/><G34/><T94/><D28/><U59/><E59/><V10/><F10/><W121/><G121/><T56/><D94/><U16/><E16/><V89/><F20/><W74/><G74/><T5/><D5/><U48/><E48/><V42/><F42/><AGARI ba="0,0" hai="15,17,21,24,31,32,37,39,42,47,49,56,60,65" machi="42" ten="30,3900,0" yaku="7,1,52,2" doraHai="68" who="0" fromWho="2" sc="410,39,117,0,191,-39,282,0" owari="449,55.0,117,-38.0,152,-25.0,282,8.0" /></mjloggm>