<mjloggm ver="2.3"><GO type="97" lobby="0"/><UN n0="%E3%82%A6%E3%83%AB%E3%83%88%E3%83%A9%E7%AB%8B%E7%9B%B4" n1="%58%69" n2="%E5%86%8D%E7%94%9F%E7%B4%99%E7%87%83" n3="%E3%83%A8%E3%83%B3%E3%82%B2%E3%82%AD" dan="15,15,15,13" rate="2011.22,2041.39,1975.48,1930.52" sx="M,M,M,M"/><TAIKYOKU oya="0"/><INIT seed="0,0,0,3,3,63" ten="250,250,250,250" oya="0" hai0="120,0,36,49,6,84,128,18,62,22,28,97,116" hai1="23,11,124,119,94,32,109,13,117,133,95,45,7" hai2="76,15,100,85,110,113,56,92,66,58,79,99,27" hai3="129,72,3,1,39,73,71,42,40,33,9,131,102"/><T29/><D36/><U104/><E104/><V8/><F113/><W51/><G33/><T93/><D120/><U115/><E32/><V80/><F110/><W135/><G102/><T87/><D116/><U134/><E94/><V53/><F27/><W61/><G51/><T44/><D128/><N who="3" m="49225" /><G9/><T35/><D35/><U105/><E105/><V78/><F66/><N who="3" m="41423" /><G135/><N who="1" m="51722" /><E95/><V20/><F20/><W21/><G21/><T118/><D118/><U46/><E109/><V55/><F58/><W74/><G39/><T26/><D6/><U57/><E57/><V14/><F14/><W64/><G64/><T91/><D0/><AGARI ba="0,0" hai="0,1,3,40,42,72,73,74" m="41423,49225" machi="0" ten="40,2600,0" yaku="19,1,52,1" doraHai="63" who="3" fromWho="0" sc="250,-26,250,0,250,0,250,26" /><INIT seed="1,0,0,1,5,75" ten="224,250,250,276" oya="1" hai0="102,49,20,86,61,83,95,51,106,1,89,19,12" hai1="24,118,53,115,67,107,120,80,47,28,103,87,36" hai2="125,38,26,35,7,11,16,112,129,72,123,133,58" hai3="44,85,34,0,119,21,132,69,32,55,109,17,4"/><U73/><E118/><V62/><F123/><W25/><G69/><T108/><D1/><U128/><E120/><V126/><F38/><W124/><G119/><T122/><D122/><U94/><E115/><V74/><F112/><W46/><G132/><T52/><D106/><U105/><E67/><V6/><F133/><W42/><G124/><N who="2" m="47721" /><F129/><W91/><G109/><T40/><D108/><U63/><E128/><V15/><F35/><W116/><G116/><T88/><D102/><U135/><E135/><V70/><F70/><W110/><G110/><T30/><D30/><U113/><E113/><V23/><F7/><W134/><G134/><T79/><D40/><U96/><E73/><V3/><F3/><W117/><G117/><T9/><D89/><U18/><E18/><V82/><F82/><W37/><G4/><T10/><D61/><U84/><E36/><V50/><F50/><N who="3" m="29127" /><G0/><T101/><D101/><U100/><E100/><V71/><F71/><W33/><G85/><N who="0" m="48383" /><D51/><U65/><E84/><V64/><AGARI ba="0,0" hai="6,11,15,16,23,26,58,62,64,72,74" m="47721" machi="64" ten="30,2000,0" yaku="18,1,54,1" doraHai="75" who="2" fromWho="2" sc="224,-5,250,-10,250,20,276,-5" /><INIT seed="2,0,0,1,1,40" ten="219,240,270,271" oya="2" hai0="80,35,77,122,126,76,18,101,33,25,20,31,110" hai1="88,134,87,73,9,96,22,82,100,61,105,133,132" hai2="54,12,95,60,34,28,57,74,21,89,109,103,118" hai3="45,90,29,32,23,4,59,107,15,42,13,72,127"/><V111/><F118/><W2/><G107/><T6/><D122/><U94/><E9/><V43/><F74/><W10/><G72/><T36/><D77/><N who="1" m="44335" /><E22/><V85/><F103/><W14/><G127/><T128/><D126/><U8/><E8/><V91/><F43/><W102/><G102/><T116/><D116/><U123/><E61/><V83/><F34/><W112/><G112/><T48/><D36/><U17/><E17/><V52/><F54/><W81/><G59/><T50/><D6/><U11/><E11/><V78/><F91/><W106/><G106/><T93/><D35/><U115/><E123/><V53/><F53/><W114/><G114/><AGARI ba="0,0" hai="87,88,94,96,100,105,114,115,132,133,134" m="44335" machi="114" ten="30,8000,1" yaku="24,1,20,1,34,2,54,1" doraHai="40" who="1" fromWho="3" sc="219,0,240,80,270,0,271,-80" /><INIT seed="3,0,0,5,0,81" ten="219,320,270,191" oya="3" hai0="87,107,15,40,90,98,101,58,89,131,42,62,41" hai1="133,65,55,32,45,74,21,35,38,54,3,119,114" hai2="91,18,76,33,96,7,83,97,103,9,130,117,30" hai3="84,110,71,125,53,78,50,120,123,59,23,14,61"/><W94/><G125/><T16/><D131/><U26/><E114/><V47/><F117/><W102/><G110/><T29/><D29/><U80/><E3/><V25/><F130/><W106/><G106/><T127/><D127/><U27/><E65/><V1/><F47/><W19/><G102/><T24/><D24/><U37/><E27/><V64/><F64/><N who="3" m="41359" /><G78/><T121/><D121/><U72/><E72/><V86/><F18/><W48/><G48/><T46/><D90/><AGARI ba="0,0" hai="14,19,23,50,53,59,84,90,94,120,123" m="41359" machi="90" ten="30,2900,0" yaku="25,1,52,1" doraHai="81" who="3" fromWho="0" sc="219,-29,320,0,270,0,191,29" /><INIT seed="3,1,0,5,4,132" ten="190,320,270,220" oya="3" hai0="32,81,66,73,65,129,20,63,99,86,115,112,67" hai1="116,113,62,107,85,41,117,24,89,15,57,93,48" hai2="122,111,83,101,133,21,118,55,102,40,72,30,31" hai3="131,46,109,110,27,29,25,34,59,96,70,38,91"/><W4/><G70/><T130/><D32/><U76/><E113/><N who="0" m="43593" /><D73/><U13/><E107/><V94/><F118/><N who="1" m="45673" /><E24/><V106/><F133/><W114/><G114/><T134/><D99/><U0/><E0/><V3/><F3/><W10/><G131/><N who="0" m="50187" /><D134/><U16/><E76/><V126/><F106/><W2/><G59/><N who="0" m="37119" /><D20/><U64/><E64/><N who="0" m="24617" /><D81/><U68/><E68/><V5/><F21/><W18/><G96/><T11/><D86/><U54/><E16/><V53/><F83/><W77/><G77/><T74/><D74/><U79/><E79/><V80/><F80/><W97/><G97/><T26/><D26/><U44/><AGARI ba="1,0" hai="13,15,41,44,48,54,57,62,85,89,93" m="45673" machi="44" ten="30,1100,0" yaku="12,1" doraHai="132" who="1" fromWho="1" sc="190,-4,320,14,270,-4,220,-6" owari="186,-31.0,334,43.0,266,7.0,214,-19.0" /></mjloggm>