<mjloggm ver="2.3"><GO type="169" lobby="0"/><UN n0="%E3%82%A6%E3%83%AB%E3%83%88%E3%83%A9%E7%AB%8B%E7%9B%B4" n1="%E3%82%8A%E3%81%9B%E3%81%8D%E3%81%A1" n2="%E3%81%A4%E3%81%B0%E3%81%8D%E3%81%A1%30%33" n3="%6B%65%69%6B%69" dan="17,16,17,16" rate="2064.79,2018.11,2195.39,2123.30" sx="M,M,M,M"/><TAIKYOKU oya="0"/><INIT seed="0,0,0,1,3,40" ten="250,250,250,250" oya="0" hai0="33,79,74,66,94,6,55,35,108,124,30,119,56" hai1="48,14,129,76,117,44,51,19,118,65,59,22,23" hai2="20,122,123,62,50,43,95,31,85,131,32,120,121" hai3="102,25,133,64,4,81,47,61,75,13,58,60,42"/><T7/><D119/><U112/><E129/><V39/><F39/><W130/><G130/><T107/><D107/><U24/><E112/><V67/><F131/><W21/><G133/><T41/><D66/><U26/><E76/><V37/><F37/><W53/><G102/><T73/><D41/><U83/><E83/><V8/><F32/><W114/><G114/><T84/><D124/><U99/><E14/><V16/><F31/><W18/><G75/><T63/><D108/><U29/><E99/><V10/><N who="2" m="30720" /><DORA hai="125" /><V127/><F127/><W46/><G81/><T54/><D79/><U71/><E71/><V80/><F95/><W103/><G103/><T2/><D2/><U97/><E97/><V70/><F50/><W78/><G78/><T82/><D82/><U0/><E0/><V88/><REACH who="2" step="1"/><F43/><REACH who="2" ten="250,250,240,250" step="2"/><W27/><G42/><T34/><D30/><U11/><E51/><V98/><F98/><W89/><G89/><T116/><D35/><U134/><E134/><V45/><F45/><N who="3" m="16907" /><G4/><T87/><D7/><U38/><E38/><V111/><F111/><W126/><G126/><T77/><D6/><U106/><E106/><V93/><F93/><W92/><G92/><T3/><D94/><U104/><E104/><V86/><F86/><W12/><G12/><AGARI ba="0,1" hai="8,10,12,16,20,62,67,70,80,85,88" m="30720" machi="12" ten="70,8000,1" yaku="1,1,54,2,53,0" doraHai="40,125" doraHaiUra="105,101" who="2" fromWho="3" sc="250,0,250,0,240,90,250,-80" /><INIT seed="1,0,0,1,1,27" ten="250,250,330,170" oya="1" hai0="26,87,80,69,75,127,39,5,64,52,50,96,133" hai1="58,8,115,62,116,110,40,94,112,20,77,12,91" hai2="74,88,86,38,72,67,31,103,7,129,21,0,16" hai3="46,128,84,48,134,105,70,56,66,78,130,68,57"/><U53/><E116/><V104/><F38/><W81/><G105/><T92/><D75/><U47/><E77/><V119/><F119/><W132/><G81/><T14/><D39/><U135/><E20/><V100/><F67/><W131/><G84/><T111/><D127/><U37/><E135/><N who="3" m="51754" /><G78/><T121/><D121/><U1/><E1/><V4/><F129/><W23/><G23/><T98/><D111/><U34/><E34/><V36/><F36/><W24/><G24/><T102/><D96/><U108/><E115/><V122/><F122/><W73/><G73/><T99/><D99/><U45/><E45/><V54/><F74/><W90/><G90/><T28/><D133/><U123/><E123/><V29/><F72/><W65/><G65/><T101/><D101/><N who="2" m="38986" /><F0/><W19/><G19/><T2/><D2/><U82/><E82/><N who="2" m="49239" /><F104/><W15/><G15/><T59/><D64/><U97/><REACH who="1" step="1"/><E112/><REACH who="1" ten="250,240,330,170" step="2"/><V109/><F109/><W3/><G3/><T120/><D120/><U22/><E22/><V125/><F125/><W43/><G66/><T85/><D80/><U35/><E35/><V30/><F54/><W49/><G49/><T95/><D95/><U9/><E9/><V118/><F118/><W11/><G11/><N who="0" m="4463" /><D69/><AGARI ba="0,1" hai="43,46,48,56,57,68,69,70,128,130,131" m="51754" machi="69" ten="40,8000,1" yaku="19,1,20,1,34,2" doraHai="27" who="3" fromWho="0" sc="250,-80,240,0,330,0,170,90" /><INIT seed="2,0,0,2,4,2" ten="170,240,330,260" oya="2" hai0="95,56,73,63,49,24,21,61,29,96,100,10,110" hai1="102,13,50,92,15,128,6,41,104,75,72,58,65" hai2="54,26,4,108,9,5,22,89,36,93,135,31,83" hai3="109,131,42,28,86,45,12,74,88,133,125,123,78"/><V85/><F36/><W19/><G123/><T16/><D73/><U101/><E128/><V39/><F39/><W67/><G131/><T57/><D110/><U32/><E32/><V117/><F117/><W35/><G109/><T126/><D126/><U98/><E104/><V40/><F135/><W134/><G125/><T69/><D69/><U20/><E102/><V51/><F108/><W121/><G121/><T59/><D49/><U33/><E33/><V0/><F40/><W80/><G67/><T27/><D27/><U97/><E97/><V23/><F0/><W79/><G28/><T1/><D1/><U14/><E20/><V76/><F9/><W116/><G35/><T106/><D106/><U30/><E30/><V129/><F22/><W7/><G116/><T52/><D63/><U90/><E101/><V114/><F114/><W46/><G46/><T105/><D105/><U37/><E37/><V44/><REACH who="2" step="1"/><F129/><REACH who="2" ten="170,240,320,260" step="2"/><W55/><G134/><T124/><D124/><U118/><E118/><V71/><F71/><W62/><G133/><T120/><D120/><U70/><E70/><V18/><F18/><W3/><G19/><T47/><D10/><N who="1" m="4311" /><E41/><V38/><F38/><W53/><G3/><T103/><D29/><U112/><E112/><V113/><F113/><W94/><G42/><T77/><D21/><U82/><E14/><V25/><F25/><W34/><G12/><T17/><D24/><U8/><E15/><V99/><AGARI ba="0,1" hai="4,5,23,26,31,44,51,54,76,83,85,89,93,99" machi="99" ten="20,18000,2" yaku="1,1,0,1,7,1,8,1,52,2,53,1" doraHai="2" doraHaiUra="48" who="2" fromWho="2" sc="170,-60,240,-60,320,190,260,-60" /><INIT seed="2,1,0,4,1,9" ten="110,180,510,200" oya="2" hai0="66,85,43,71,84,12,120,3,6,119,68,133,88" hai1="55,21,58,116,40,106,100,86,104,28,72,75,56" hai2="5,122,78,115,0,17,54,62,128,49,96,36,47" hai3="87,90,113,101,110,4,124,63,76,129,125,32,7"/><V77/><F122/><W94/><G32/><T102/><D3/><U127/><E116/><V25/><F115/><W97/><G113/><T93/><D120/><U44/><E127/><V61/><F36/><W10/><G129/><T16/><D119/><U60/><E75/><V80/><F128/><W123/><G123/><T118/><D118/><U130/><E72/><V19/><F0/><W8/><G110/><T59/><D6/><U13/><E130/><V73/><F5/><W35/><G35/><T41/><D102/><U18/><E28/><V31/><F96/><W26/><G76/><T121/><D121/><U46/><E46/><V103/><F103/><W67/><G26/><T37/><D37/><U134/><E134/><V15/><F77/><W114/><G114/><T70/><D133/><U91/><E58/><V64/><F15/><W22/><G22/><T81/><D59/><U111/><E100/><V109/><F61/><W53/><G8/><T107/><D66/><U57/><E57/><V45/><F45/><W131/><G131/><T135/><D107/><U79/><E79/><V126/><F126/><W30/><G67/><T108/><D108/><U42/><E42/><V33/><F109/><W82/><G4/><T24/><D24/><U99/><E99/><V11/><F11/><W20/><G10/><N who="0" m="6167" /><D135/><U69/><E69/><AGARI ba="1,0" hai="17,19,25,31,33,47,49,54,62,64,69,73,78,80" machi="69" ten="30,1500,0" yaku="7,1" doraHai="9" who="2" fromWho="1" sc="110,0,180,-18,510,18,200,0" /><INIT seed="2,2,0,5,0,39" ten="110,162,528,200" oya="2" hai0="111,61,110,54,56,86,64,85,5,13,108,112,11" hai1="52,88,43,73,72,107,131,103,97,48,45,24,93" hai2="59,44,29,1,28,2,84,75,90,32,116,74,36" hai3="14,7,6,91,96,60,77,122,34,40,100,132,89"/><V21/><F21/><W16/><G34/><T99/><D112/><U113/><E131/><V92/><F116/><W128/><G122/><T33/><D33/><U37/><E24/><V66/><F74/><W115/><G115/><T38/><D38/><U4/><E4/><V26/><F28/><W102/><G128/><T94/><REACH who="0" step="1"/><D64/><REACH who="0" ten="100,162,528,200" step="2"/><U120/><E113/><V106/><F36/><W3/><G132/><T69/><D69/><U70/><E70/><V104/><F66/><W76/><G3/><T130/><D130/><U50/><E120/><V134/><F134/><W0/><G0/><T18/><D18/><U133/><E37/><V30/><F1/><W114/><G114/><T118/><D118/><U67/><E133/><V31/><F2/><W49/><G16/><T35/><D35/><U68/><E67/><V105/><F75/><W51/><G7/><T124/><D124/><U8/><E68/><V47/><F30/><W10/><G6/><T57/><D57/><U123/><E123/><V20/><REACH who="2" step="1"/><F59/><REACH who="2" ten="100,162,518,200" step="2"/><W126/><G126/><T62/><D62/><U12/><E73/><V41/><F41/><W42/><G60/><T63/><D63/><U117/><E72/><V80/><F80/><W101/><G42/><T109/><N who="0" m="27648" /><DORA hai="9" /><T82/><D82/><U65/><E65/><V27/><AGARI ba="2,2" hai="20,26,27,29,31,32,44,47,84,90,92,104,105,106" machi="27" ten="40,7800,0" yaku="1,1,0,1,53,1" doraHai="39,9" doraHaiUra="17,95" who="2" fromWho="2" sc="100,-28,162,-28,518,104,200,-28" /><INIT seed="2,3,0,2,4,75" ten="72,134,622,172" oya="2" hai0="78,55,115,90,22,28,47,70,23,59,116,45,56" hai1="68,77,58,107,76,6,124,94,3,15,60,49,40" hai2="103,112,101,25,62,72,111,54,98,11,51,9,24" hai3="110,37,109,14,122,0,118,19,20,87,34,30,10"/><V108/><F112/><W96/><G37/><T131/><D70/><U53/><E107/><V126/><F72/><W57/><G96/><T1/><D1/><U16/><E124/><V65/><F126/><W93/><G93/><T66/><D115/><U50/><E94/><V133/><F133/><W134/><G87/><T129/><D116/><U2/><E2/><V12/><F54/><W38/><G38/><T63/><D90/><U114/><E114/><V71/><F51/><W74/><G74/><T32/><D32/><U117/><E117/><V84/><F84/><W128/><G57/><T102/><D102/><U48/><E40/><V35/><F9/><W36/><G36/><T95/><D95/><U4/><E3/><V105/><F103/><W31/><G118/><T43/><D28/><U86/><E68/><V41/><F41/><W130/><G122/><T113/><D113/><U123/><E86/><V21/><F21/><W97/><G97/><T92/><D92/><U67/><E67/><V81/><F81/><W99/><G99/><T26/><D26/><U8/><E123/><V73/><F73/><W127/><G134/><T7/><D22/><U89/><E89/><V80/><F80/><W61/><G61/><T69/><D23/><U91/><E91/><V52/><F52/><W83/><G83/><T82/><D82/><U42/><E42/><V119/><F119/><W88/><G88/><T46/><D43/><U79/><AGARI ba="3,0" hai="4,6,8,15,16,48,49,50,53,58,60,76,77,79" machi="79" ten="30,12000,2" yaku="0,1,8,1,52,3,54,1" doraHai="75" who="1" fromWho="1" sc="72,-33,134,129,622,-63,172,-33" /><INIT seed="3,0,0,4,5,78" ten="39,263,559,139" oya="3" hai0="30,27,64,12,33,58,108,115,105,50,7,76,81" hai1="32,73,0,134,22,5,48,68,62,14,87,16,18" hai2="41,3,119,79,132,109,65,72,116,1,97,39,42" hai3="135,47,124,90,17,56,101,100,53,35,10,74,123"/><W6/><G123/><T13/><D105/><U40/><E32/><V125/><F97/><W114/><G114/><T106/><D106/><U26/><E73/><V44/><F42/><W25/><G124/><T19/><D115/><U45/><E134/><V4/><F3/><W88/><G135/><T52/><D108/><U113/><E113/><V67/><F109/><W69/><G69/><T103/><D103/><U131/><E131/><V9/><F125/><W92/><G74/><T29/><D64/><N who="2" m="24650" /><F132/><W38/><G90/><T121/><D121/><U75/><E75/><V127/><F127/><W2/><G38/><T94/><D94/><U112/><E112/><V80/><AGARI ba="0,0" hai="1,4,9,39,41,44,72,79,80,116,119" m="24650" machi="80" ten="30,2000,0" yaku="25,1,52,1" doraHai="78" who="2" fromWho="2" sc="39,-5,263,-5,559,20,139,-10" /><INIT seed="4,0,0,1,0,121" ten="34,258,579,129" oya="0" hai0="34,77,123,127,118,132,23,55,79,9,81,36,14" hai1="6,29,4,13,8,103,47,66,18,130,133,88,69" hai2="117,83,28,99,68,26,37,91,73,135,100,125,111" hai3="1,63,89,97,59,52,60,106,54,35,95,104,3"/><T122/><D34/><U67/><E130/><V62/><F37/><W10/><G35/><T39/><D118/><U80/><E133/><V7/><F135/><W108/><G108/><T46/><D132/><U53/><E29/><V61/><F7/><W112/><G112/><T44/><D23/><U101/><E69/><V30/><F30/><W110/><G110/><T2/><D2/><U56/><E103/><V85/><F111/><W109/><G109/><T58/><D127/><U32/><E101/><V124/><F73/><W21/><G21/><T107/><D107/><U65/><E32/><N who="2" m="20503" /><F117/><W114/><G114/><T31/><D31/><U22/><E22/><V17/><F17/><W93/><G10/><T119/><D119/><U42/><E88/><V134/><F134/><W70/><G89/><T71/><D71/><U90/><E90/><V105/><F62/><W50/><G70/><T57/><D81/><U78/><E80/><V126/><F61/><W11/><G11/><T49/><D9/><U19/><E78/><V16/><F68/><W27/><G50/><T24/><D49/><N who="1" m="26871" /><E19/><V40/><F16/><W115/><G115/><T48/><D48/><AGARI ba="0,0" hai="4,6,8,13,18,48,53,56,65,66,67" m="26871" machi="48" ten="30,1000,0" yaku="8,1" doraHai="121" who="1" fromWho="0" sc="34,-10,258,10,579,0,129,0" /><INIT seed="5,0,0,2,4,122" ten="24,268,579,129" oya="1" hai0="93,87,133,1,96,2,104,118,134,3,28,63,101" hai1="55,58,51,102,24,40,39,91,48,27,97,107,0" hai2="120,128,130,45,106,52,16,81,35,44,99,127,22" hai3="42,98,23,17,124,95,56,80,6,37,126,76,18"/><U41/><E0/><V77/><F35/><W47/><G6/><T20/><D118/><U108/><E108/><V85/><F127/><W4/><G4/><T33/><D20/><U5/><E5/><V114/><F120/><W67/><G67/><T84/><D93/><U135/><E135/><V14/><F52/><W57/><G18/><T123/><D123/><U111/><E111/><V29/><F29/><W117/><G117/><T66/><D87/><U62/><E39/><V86/><F86/><W12/><G124/><T30/><D84/><U61/><E61/><V25/><F25/><W92/><G92/><T11/><D11/><U54/><E91/><V115/><F99/><W36/><G36/><T75/><D75/><U46/><REACH who="1" step="1"/><E40/><REACH who="1" ten="24,258,579,129" step="2"/><V71/><F115/><W7/><G7/><T21/><D133/><U121/><E121/><V60/><F114/><W59/><G126/><T110/><D134/><U88/><E88/><V82/><F60/><W132/><G132/><T8/><D110/><U94/><E94/><V34/><F82/><W119/><G119/><T100/><D2/><U131/><E131/><V72/><F81/><W69/><G80/><T125/><D1/><U65/><E65/><V113/><F130/><W74/><G74/><T15/><D125/><U68/><E68/><V19/><F128/><W13/><G69/><T103/><D3/><U53/><E53/><V64/><F71/><W79/><G95/><T90/><D63/><U31/><E31/><V70/><F72/><W10/><G98/><T26/><D66/><U50/><E50/><V73/><F64/><RYUUKYOKU ba="0,1" sc="24,-15,258,15,579,-15,129,15" hai1="24,27,41,46,48,51,54,55,58,62,97,102,107" hai3="10,12,13,17,23,37,42,47,56,57,59,76,79" /><INIT seed="5,1,1,3,4,50" ten="9,273,564,144" oya="1" hai0="2,56,120,72,40,105,51,64,47,49,122,58,113" hai1="67,59,39,4,18,70,33,78,66,61,125,11,108" hai2="96,74,16,93,107,123,1,95,97,82,31,130,116" hai3="133,14,71,35,76,92,134,89,15,43,73,109,111"/><U118/><E39/><V103/><F1/><W85/><G35/><T6/><D6/><U27/><E118/><V53/><F31/><W124/><G71/><T106/><D72/><U32/><E125/><V60/><F123/><N who="0" m="47146" /><D2/><U9/><E108/><N who="3" m="41546" /><G43/><T79/><D79/><U25/><E78/><V128/><F16/><W86/><G14/><T12/><D12/><U54/><E67/><V84/><F74/><W115/><G15/><T41/><D113/><U22/><E11/><V52/><F60/><W101/><G115/><T24/><D24/><U80/><E80/><V129/><F116/><W45/><G45/><N who="0" m="25767" /><D105/><U99/><E27/><V34/><F34/><W126/><G101/><T13/><D13/><U83/><E33/><V44/><F44/><W87/><G73/><T21/><D21/><U5/><E32/><V110/><F110/><W42/><G42/><N who="0" m="25079" /><D106/><U135/><E22/><V19/><F19/><W81/><G87/><T117/><D117/><U23/><E18/><V30/><F30/><W29/><G29/><T91/><D91/><U75/><E23/><V62/><F107/><W100/><G100/><T7/><D7/><U20/><E4/><V131/><F131/><W77/><G77/><T26/><D26/><U102/><E25/><V121/><F121/><W112/><G112/><T114/><D114/><U104/><E5/><V65/><F84/><W10/><G10/><T17/><D17/><U69/><E9/><V0/><F0/><W88/><G76/><T38/><D64/><U8/><E66/><V55/><F128/><W63/><G63/><T132/><D132/><AGARI ba="1,1" hai="81,85,86,88,89,92,124,126,132,133,134" m="41546" machi="132" ten="30,8000,1" yaku="6,1,20,1,34,2,54,1" doraHai="50" who="3" fromWho="0" sc="9,-83,273,0,564,0,144,93" owari="-74,-57.0,273,7.0,564,66.0,237,-16.0" /></mjloggm>