<mjloggm ver="2.3"><GO type="169" lobby="0"/><UN n0="%E3%82%A6%E3%83%AB%E3%83%88%E3%83%A9%E7%AB%8B%E7%9B%B4" n1="%48%41%52%45%4D" n2="%50%6F%6E%74%61" n3="%E3%80%93%E4%BD%90%E5%A4%A9%E3%81%95%E3%82%93%E3%80%93" dan="17,16,17,18" rate="2049.22,2183.41,2085.91,2250.71" sx="M,M,M,F"/><TAIKYOKU oya="0"/><INIT seed="0,0,0,5,0,14" ten="250,250,250,250" oya="0" hai0="82,135,37,93,53,106,8,79,95,6,110,114,89" hai1="52,66,7,92,123,18,1,44,36,24,64,85,55" hai2="125,30,11,56,67,47,39,111,90,98,70,72,124" hai3="10,42,57,17,34,116,130,120,13,22,101,9,38"/><T19/><D106/><U48/><E123/><V4/><F111/><W91/><G116/><T109/><D37/><U77/><E36/><V69/><F72/><W133/><G34/><T131/><D114/><U115/><E115/><V62/><F30/><W40/><G120/><T112/><D112/><U33/><E33/><V35/><F35/><W105/><G105/><T28/><D28/><U32/><E32/><V58/><F58/><W12/><G101/><T107/><D107/><U51/><E7/><V129/><F129/><W121/><G130/><T59/><D131/><U81/><E92/><N who="2" m="56599" /><F47/><W54/><G121/><T103/><D103/><U87/><E85/><V73/><F73/><W118/><G118/><T5/><D135/><U102/><E102/><V16/><F39/><W132/><G38/><T3/><D93/><U63/><E63/><V45/><F4/><W26/><G133/><T61/><D6/><U29/><E1/><V99/><F45/><W78/><G78/><T96/><REACH who="0" step="1"/><D19/><REACH who="0" ten="240,250,250,250" step="2"/><U97/><E29/><V71/><F124/><W21/><G132/><T94/><D94/><U2/><E2/><V43/><F125/><W23/><G26/><T100/><D100/><U65/><E97/><V84/><F99/><W128/><G128/><T49/><D49/><N who="1" m="19019" /><E44/><V88/><F16/><N who="3" m="8247" /><G91/><T0/><D0/><U75/><E75/><AGARI ba="0,1" hai="3,5,8,53,59,61,75,79,82,89,95,96,109,110" machi="75" ten="40,2000,0" yaku="1,1,53,0" doraHai="14" doraHaiUra="68" who="0" fromWho="1" sc="240,30,250,-20,250,0,250,0" /><INIT seed="0,1,0,3,3,73" ten="270,230,250,250" oya="0" hai0="94,89,126,37,119,90,87,49,77,99,36,134,57" hai1="106,104,30,124,28,122,111,130,80,75,128,70,78" hai2="2,50,26,42,27,117,103,125,121,83,13,33,8" hai3="56,102,58,11,3,72,41,112,19,108,51,68,131"/><T91/><D119/><U59/><E122/><V44/><F121/><W45/><G68/><T110/><D37/><U61/><E70/><V0/><F117/><W10/><G112/><T88/><D36/><U74/><E74/><V127/><F103/><W98/><G72/><T20/><D126/><N who="2" m="48138" /><F83/><W53/><G108/><T132/><D110/><U107/><E124/><V63/><F63/><W47/><G131/><N who="1" m="50218" /><E111/><V96/><F96/><W25/><G3/><N who="2" m="1065" /><F33/><W95/><G47/><T109/><D109/><U40/><E40/><V5/><AGARI ba="1,0" hai="5,8,13,26,27,42,44,50" m="1065,48138" machi="5" ten="30,1100,0" yaku="18,1" doraHai="73" who="2" fromWho="2" sc="270,-6,230,-4,250,14,250,-4" /><INIT seed="1,0,0,5,5,47" ten="264,226,264,246" oya="1" hai0="110,125,5,128,75,45,31,79,37,93,59,52,124" hai1="104,50,32,69,40,18,130,73,97,119,134,21,43" hai2="81,108,101,102,68,41,2,12,14,109,85,44,117" hai3="22,107,23,89,13,48,78,133,121,4,34,80,3"/><U39/><E69/><V115/><F117/><W46/><G34/><T118/><D118/><U64/><E119/><V57/><F68/><W42/><G107/><T66/><D5/><U91/><E73/><V106/><F2/><W15/><G121/><T36/><D66/><U49/><E32/><V60/><F115/><W71/><G71/><T84/><D75/><U82/><E39/><V135/><F135/><W77/><G3/><T72/><D72/><U33/><E33/><V29/><F29/><W96/><G133/><T112/><D112/><U86/><E134/><V55/><F102/><W120/><G120/><T105/><D105/><U98/><E130/><V65/><F65/><W87/><G15/><T100/><D31/><U53/><E64/><V116/><F116/><W11/><G78/><T114/><D114/><U67/><E67/><V30/><F30/><W88/><G96/><N who="1" m="36970" /><E104/><V24/><F106/><W99/><G89/><T127/><D128/><U27/><E53/><V8/><F101/><W123/><G123/><T76/><D100/><U25/><E27/><V61/><F24/><W58/><G58/><T126/><D126/><U63/><E63/><V26/><F61/><W9/><G9/><T7/><D125/><U122/><E122/><V103/><F26/><W113/><G113/><T111/><D124/><U90/><E91/><N who="2" m="51631" /><F103/><W132/><G132/><T38/><D127/><U10/><E10/><V70/><F70/><W74/><G74/><T35/><D35/><U20/><E20/><V62/><F8/><W56/><G56/><T16/><D59/><U51/><AGARI ba="0,0" hai="18,21,25,40,43,49,50,51,82,86,90" m="36970" machi="51" ten="30,12000,1" yaku="5,1,8,1,52,3" doraHai="47" who="1" fromWho="1" sc="264,-40,226,120,264,-40,246,-40" /><INIT seed="1,1,0,1,3,48" ten="224,346,224,206" oya="1" hai0="58,81,106,127,39,131,69,94,61,132,115,97,57" hai1="30,101,76,41,54,109,87,104,121,37,18,90,19" hai2="122,120,112,47,15,71,118,42,128,14,95,88,49" hai3="135,10,72,26,3,75,108,129,82,133,114,9,89"/><U12/><E121/><V13/><F118/><W2/><G114/><T124/><D106/><U125/><E76/><V43/><F112/><W29/><G89/><T96/><D39/><U33/><E125/><V113/><F113/><W86/><G86/><T35/><D35/><U40/><E109/><V63/><F128/><W70/><G70/><T25/><D115/><U77/><E77/><V123/><F71/><W22/><G82/><T100/><D69/><U79/><E79/><V50/><F63/><W110/><G75/><T56/><D97/><U93/><E19/><V27/><F27/><W1/><G72/><T102/><D81/><U59/><E37/><V117/><F117/><W23/><G129/><T119/><D119/><U134/><E134/><N who="3" m="51210" /><G22/><T105/><D132/><U24/><E101/><V74/><F74/><W51/><G51/><T17/><D131/><U130/><E104/><V34/><F34/><W46/><G46/><T52/><D105/><U91/><E91/><V73/><F73/><W99/><G99/><T84/><D84/><U60/><REACH who="1" step="1"/><E130/><REACH who="1" ten="224,336,224,206" step="2"/><V31/><F123/><W4/><G10/><AGARI ba="1,1" hai="10,12,18,24,30,33,40,41,54,59,60,87,90,93" machi="10" ten="30,12000,1" yaku="1,1,2,1,7,1,52,1,53,1" doraHai="48" doraHaiUra="80" who="1" fromWho="3" sc="224,0,336,133,224,0,206,-123" /><INIT seed="1,2,0,5,3,4" ten="224,469,224,83" oya="1" hai0="25,134,28,62,85,88,9,41,10,109,29,47,106" hai1="51,49,15,98,89,68,127,48,71,33,126,79,31" hai2="80,61,0,133,95,87,76,123,94,90,70,72,22" hai3="39,121,125,12,101,43,115,77,20,7,8,78,128"/><U26/><E79/><V38/><F123/><W54/><G121/><T86/><D106/><U124/><E15/><V3/><F133/><W117/><G115/><T34/><D134/><U107/><REACH who="1" step="1"/><E89/><REACH who="1" ten="224,459,224,83" step="2"/><V112/><F90/><W32/><G78/><T132/><D132/><U30/><E30/><V97/><F76/><W13/><G77/><T74/><D29/><U2/><E2/><V16/><F3/><W27/><G13/><T57/><D74/><U65/><E65/><V105/><F0/><W129/><G12/><T130/><D130/><U67/><E67/><V119/><F72/><W40/><G128/><T59/><D28/><U108/><E108/><V44/><F112/><W92/><G129/><T11/><D109/><U66/><E66/><V116/><F119/><W100/><G117/><T110/><D110/><U102/><AGARI ba="2,1" hai="26,31,33,48,49,51,68,71,98,102,107,124,126,127" machi="102" ten="40,7800,0" yaku="1,1,0,1,18,1,53,0" doraHai="4" doraHaiUra="122" who="1" fromWho="1" sc="224,-28,459,94,224,-28,83,-28" /><INIT seed="1,3,0,1,5,43" ten="196,553,196,55" oya="1" hai0="19,67,75,110,120,51,38,88,16,118,62,64,72" hai1="126,6,129,107,127,10,98,60,97,39,36,54,117" hai2="61,79,133,80,70,87,63,84,93,66,24,46,92" hai3="81,8,124,22,4,121,40,2,31,90,57,116,50"/><U65/><E117/><V3/><F133/><W42/><G121/><T104/><D38/><U44/><E129/><V9/><F63/><W14/><G116/><T123/><D104/><U47/><E107/><V5/><F87/><N who="3" m="50543" /><G2/><T45/><D118/><U86/><E86/><V48/><REACH who="2" step="1"/><F24/><REACH who="2" ten="196,553,186,55" step="2"/><N who="3" m="16791" /><G124/><T55/><D120/><U122/><E122/><V58/><F58/><W34/><G34/><T12/><D123/><U35/><E35/><V130/><F130/><W109/><G109/><T89/><D110/><U52/><E127/><V20/><F20/><W11/><G11/><N who="0" m="6175" /><D75/><U106/><E126/><V105/><F105/><W13/><G13/><T30/><D72/><U113/><E106/><V33/><F33/><W94/><G94/><T29/><D19/><U100/><E10/><V99/><F99/><W101/><G57/><N who="0" m="36943" /><D67/><U32/><E65/><V83/><F83/><W25/><G25/><T27/><D30/><U0/><E32/><V96/><F96/><W91/><G14/><T82/><D82/><U73/><E0/><V53/><AGARI ba="3,1" hai="3,5,9,46,48,53,61,66,70,79,80,84,92,93" machi="53" ten="20,5200,0" yaku="1,1,0,1,7,1,52,1,53,0" doraHai="43" doraHaiUra="15" who="2" fromWho="2" sc="196,-16,553,-29,186,71,55,-16" /><INIT seed="2,0,0,0,2,90" ten="180,524,257,39" oya="2" hai0="65,85,3,116,26,134,54,19,95,80,36,49,69" hai1="53,59,88,40,76,127,91,96,93,8,27,108,55" hai2="126,24,124,121,6,41,117,71,2,15,100,110,82" hai3="111,35,86,77,89,67,12,23,118,78,113,7,68"/><V11/><F121/><W34/><G118/><T30/><D36/><U5/><E108/><V18/><F117/><W128/><G111/><T87/><D3/><U133/><E133/><V132/><F110/><W81/><G128/><T79/><D134/><U120/><E120/><V66/><F132/><W109/><G109/><T22/><D116/><U28/><E127/><V0/><F24/><W16/><G113/><T39/><D39/><U10/><E76/><V70/><F2/><W130/><G130/><T1/><D1/><U75/><E40/><V60/><F41/><W101/><G7/><T51/><D65/><U112/><E75/><V104/><F82/><W119/><G119/><T106/><D69/><U74/><E74/><V44/><F44/><W123/><G123/><T4/><D106/><U38/><E38/><V125/><F71/><W84/><G101/><T42/><D4/><U129/><E129/><V45/><F45/><W131/><G131/><T17/><D42/><U46/><E46/><V64/><F64/><W105/><G105/><T83/><D51/><N who="1" m="31167" /><E55/><V61/><F61/><W107/><G107/><T31/><D31/><U43/><E43/><V47/><F47/><W97/><G67/><T114/><D114/><U103/><E112/><V73/><F73/><W135/><G68/><T98/><D54/><U122/><E5/><V21/><F104/><W33/><G135/><T62/><D49/><U50/><E50/><V14/><F0/><W25/><G78/><N who="0" m="46231" /><D62/><U102/><E122/><V94/><F126/><W37/><G37/><T32/><D32/><N who="3" m="12393" /><G77/><T13/><D79/><RYUUKYOKU ba="0,0" sc="180,-10,524,-10,257,30,39,-10" hai2="6,11,14,15,18,21,60,66,70,94,100,124,125" /><INIT seed="2,1,0,0,4,24" ten="170,514,287,29" oya="2" hai0="82,31,37,124,59,128,7,62,86,41,19,36,29" hai1="66,17,28,4,99,71,30,104,48,135,35,111,46" hai2="53,42,127,118,1,20,101,52,61,132,33,49,78" hai3="121,25,130,114,83,79,98,106,72,126,119,69,108"/><V129/><F118/><W92/><RYUUKYOKU type="yao9" ba="1,0" sc="170,0,514,0,287,0,29,0" hai3="25,69,72,79,83,92,98,106,108,114,119,121,126,130" /><INIT seed="2,2,0,5,2,65" ten="170,514,287,29" oya="2" hai0="54,82,78,21,56,132,50,112,36,53,29,93,117" hai1="72,3,13,71,83,126,0,17,7,109,8,25,27" hai2="20,12,47,57,100,79,58,70,106,39,31,4,49" hai3="105,67,23,111,114,1,99,45,135,127,91,18,37"/><V88/><F39/><W85/><G1/><T59/><D36/><U122/><E71/><V108/><F79/><W123/><G123/><T66/><D112/><U119/><E83/><V124/><F124/><W24/><G127/><T44/><D132/><U133/><E72/><V40/><F70/><W6/><G6/><T76/><D117/><U96/><E96/><V42/><F40/><W43/><G135/><T15/><D82/><U19/><E126/><V55/><F108/><W113/><G111/><T77/><D93/><U35/><E109/><V102/><F57/><W64/><G99/><T34/><D34/><U87/><E87/><V130/><F130/><W63/><G105/><T28/><D66/><U121/><E133/><V60/><F106/><W30/><G30/><T81/><D81/><U11/><E119/><V41/><F42/><W61/><G67/><T69/><D69/><U32/><E13/><V134/><F134/><W46/><G45/><T80/><D80/><U92/><E92/><V128/><F128/><W74/><G74/><T129/><D129/><U73/><E73/><V51/><F60/><W89/><G63/><T107/><D107/><U22/><E22/><V98/><F4/><AGARI ba="2,0" hai="0,3,4,7,8,11,17,19,25,27,32,35,121,122" machi="4" ten="25,8000,1" yaku="22,2,34,3" doraHai="65" who="1" fromWho="2" sc="170,0,514,86,287,-86,29,0" /><INIT seed="3,0,0,4,2,29" ten="170,600,201,29" oya="3" hai0="23,72,4,12,86,54,133,13,56,75,73,19,7" hai1="66,103,79,5,127,98,25,111,16,69,119,129,70" hai2="90,114,106,26,102,39,116,135,85,128,37,3,46" hai3="33,105,118,30,49,35,89,67,52,125,81,34,117"/><W8/><G105/><T20/><D133/><U48/><E66/><V50/><F116/><W88/><G125/><T113/><D113/><U126/><E5/><V63/><F114/><W31/><G67/><T17/><REACH who="0" step="1"/><D86/><REACH who="0" ten="160,600,201,29" step="2"/><U83/><E126/><V55/><F85/><W84/><G89/><T92/><D92/><U41/><E127/><V36/><F90/><W108/><G108/><T121/><D121/><U76/><E111/><V87/><F87/><W10/><G117/><T45/><D45/><U115/><E119/><V94/><F46/><W27/><G118/><T124/><D124/><U57/><E115/><V120/><F94/><W21/><REACH who="3" step="1"/><G31/><REACH who="3" ten="160,600,201,19" step="2"/><T134/><D134/><U110/><E110/><V15/><F135/><W44/><AGARI ba="0,2" hai="8,10,21,27,30,33,34,35,44,49,52,81,84,88" machi="44" ten="30,24000,3" yaku="1,1,2,1,0,1,52,3,54,2,53,0" doraHai="29" doraHaiUra="14" who="3" fromWho="3" sc="160,-80,600,-80,201,-80,19,260" /><INIT seed="3,1,0,3,0,118" ten="80,520,121,279" oya="3" hai0="112,84,56,132,38,26,22,105,52,117,106,108,7" hai1="48,116,30,31,1,42,70,124,122,39,33,121,125" hai2="49,128,3,10,76,35,64,19,2,73,14,75,36" hai3="50,123,90,115,81,107,45,54,77,92,88,60,68"/><W96/><G115/><T110/><D38/><U71/><E116/><V34/><F36/><W27/><G123/><N who="1" m="47114" /><E48/><V99/><F128/><W97/><G27/><T74/><D74/><U91/><E91/><V4/><F3/><W114/><G114/><T43/><D43/><U69/><E1/><V28/><F64/><W37/><G37/><T103/><D112/><U135/><E135/><V0/><F2/><W109/><G109/><N who="0" m="42091" /><D117/><U85/><E85/><V46/><F99/><W47/><G47/><T120/><D7/><U83/><E83/><V126/><F76/><W87/><G68/><T65/><D65/><U94/><E94/><V6/><F4/><W113/><G113/><T95/><D120/><U13/><E13/><V18/><F0/><W104/><G60/><N who="0" m="35847" /><D132/><U59/><E59/><V41/><F75/><W12/><G12/><T133/><D133/><U80/><E80/><V66/><F73/><W79/><G79/><T134/><D134/><U21/><E42/><V57/><F41/><W32/><G32/><T29/><D84/><U62/><E39/><V130/><F35/><W8/><G8/><T67/><D67/><U58/><E33/><V55/><F34/><W24/><G24/><T40/><D40/><U15/><E15/><V16/><F14/><W119/><G119/><T20/><D20/><U23/><E23/><V63/><F57/><W129/><G129/><T82/><D82/><U131/><E21/><V86/><F130/><W98/><G77/><T17/><D17/><U127/><E131/><V61/><F19/><W44/><G44/><T101/><D95/><RYUUKYOKU ba="1,0" sc="80,10,520,10,121,-30,279,10" hai0="22,26,29,101,103,105,106" hai1="30,31,58,62,69,70,71,124,125,127" hai3="45,50,54,81,87,88,90,92,96,97,98,104,107" /><INIT seed="3,2,0,4,3,44" ten="90,530,91,289" oya="3" hai0="89,20,83,115,27,129,93,85,33,120,25,65,118" hai1="133,59,39,126,97,49,15,56,116,55,0,6,74" hai2="26,99,73,31,67,19,7,82,117,111,66,121,42" hai3="75,23,100,53,69,103,72,47,60,14,95,112,68"/><W131/><G112/><T29/><D120/><U124/><E74/><V18/><F117/><W58/><G131/><T17/><D118/><U91/><E39/><V86/><F121/><W96/><G103/><T48/><D129/><U64/><E133/><V135/><F135/><W78/><G78/><T45/><D65/><U34/><E34/><V105/><F73/><W11/><G72/><T61/><D61/><N who="1" m="37951" /><E0/><V46/><F111/><W10/><G75/><T40/><D115/><U110/><E116/><V88/><F7/><W122/><G122/><T94/><AGARI ba="2,0" hai="17,20,25,27,29,33,40,45,48,83,85,89,93,94" machi="94" ten="30,2000,0" yaku="0,1,52,1" doraHai="44" who="0" fromWho="0" sc="90,26,530,-7,91,-7,289,-12" /><INIT seed="4,0,0,2,2,132" ten="116,523,84,277" oya="0" hai0="121,80,55,61,81,41,75,54,58,69,56,20,105" hai1="15,37,113,48,14,71,116,122,117,86,95,28,2" hai2="111,9,67,0,47,91,25,101,62,109,7,129,53" hai3="128,108,21,103,31,6,88,133,106,77,125,39,110"/><T24/><D105/><U17/><E71/><V46/><F129/><W32/><G39/><T76/><D69/><U90/><E37/><V92/><F101/><W33/><G77/><T35/><D35/><U50/><E2/><V102/><F102/><W23/><G103/><T84/><D41/><U30/><E122/><V87/><F25/><W93/><G106/><T134/><D134/><U97/><E113/><V22/><F22/><W112/><G6/><T79/><D121/><U65/><E65/><V124/><F124/><W73/><G73/><T70/><D70/><U38/><E38/><V16/><F16/><W63/><G63/><T12/><D12/><U85/><E17/><V43/><F53/><W44/><G44/><T99/><D99/><U96/><E95/><V45/><REACH who="2" step="1"/><F43/><REACH who="2" ten="116,523,74,277" step="2"/><W72/><G133/><T8/><D8/><U4/><E4/><V115/><F115/><W107/><G112/><T118/><D118/><U26/><E26/><V60/><F60/><W3/><G128/><T27/><D20/><U34/><E34/><V49/><F49/><AGARI ba="0,1" hai="24,27,49,54,55,56,58,61,75,76,79,80,81,84" machi="49" ten="30,1500,0" yaku="7,1" doraHai="132" who="0" fromWho="2" sc="116,25,523,0,74,-15,277,0" /><INIT seed="4,1,0,3,0,27" ten="141,523,59,277" oya="0" hai0="63,8,82,25,135,97,116,47,6,96,66,73,107" hai1="11,112,124,57,71,102,51,77,101,115,94,28,41" hai2="10,123,91,53,15,120,33,95,44,26,114,68,75" hai3="132,60,103,9,14,24,70,80,38,34,76,127,74"/><T23/><D116/><U52/><E71/><V119/><F119/><W104/><G38/><T133/><D47/><N who="1" m="26095" /><E77/><V43/><F75/><W16/><G127/><T20/><D20/><U50/><E124/><V69/><F114/><N who="1" m="43561" /><E11/><V99/><F53/><W131/><G131/><T29/><D107/><U46/><E94/><V42/><F42/><W86/><G132/><N who="0" m="50763" /><D82/><U59/><E28/><V39/><F68/><W5/><G74/><T18/><D73/><U79/><E79/><V67/><F69/><W113/><G113/><T85/><D18/><U37/><E37/><V56/><F123/><W81/><G81/><T88/><D8/><U126/><E126/><V105/><F120/><W62/><G70/><N who="0" m="42335" /><D6/><U129/><E129/><V61/><F105/><W87/><G104/><T100/><D100/><AGARI ba="1,0" hai="46,50,52,57,59,100,101,102" m="43561,26095" machi="100" ten="30,3900,0" yaku="15,1,11,1,54,1" doraHai="27" who="1" fromWho="0" sc="141,-42,523,42,59,0,277,0" /><INIT seed="5,0,0,1,5,7" ten="99,565,59,277" oya="1" hai0="100,59,98,46,64,66,19,47,129,63,4,112,18" hai1="71,103,48,127,101,117,90,121,110,13,20,54,56" hai2="107,17,74,95,93,114,16,14,96,1,124,81,24" hai3="123,78,3,99,97,35,84,104,5,69,0,15,33"/><U50/><E121/><V38/><F1/><W68/><G84/><T58/><D4/><U2/><E71/><V65/><F124/><W83/><G15/><T57/><D129/><U135/><E2/><V53/><F65/><W91/><G91/><T30/><D30/><U52/><E117/><V115/><F38/><W106/><G5/><T29/><D29/><U61/><E135/><V72/><F107/><N who="3" m="41003" /><G83/><T70/><D112/><N who="2" m="43050" /><F95/><W134/><G78/><T131/><D131/><U44/><E127/><V85/><F24/><W27/><G27/><T75/><D75/><N who="2" m="28714" /><F53/><W130/><G134/><T12/><D66/><U67/><E110/><V122/><F122/><W128/><G123/><T118/><D118/><U34/><E90/><N who="2" m="51503" /><F14/><W36/><G36/><T39/><D39/><U26/><E13/><V87/><F87/><W109/><G0/><T51/><D98/><U102/><E20/><V45/><F45/><W132/><G3/><T125/><D125/><U41/><REACH who="1" step="1"/><E48/><REACH who="1" ten="99,555,59,277" step="2"/><V21/><F21/><W28/><G132/><T8/><D51/><U120/><E120/><V10/><F10/><W89/><G128/><T79/><D8/><U111/><E111/><V60/><F60/><W31/><G109/><T76/><D12/><U32/><E32/><V25/><F25/><W105/><G35/><T86/><D70/><U94/><E94/><V55/><F55/><W42/><G130/><T37/><D63/><U108/><E108/><V73/><N who="2" m="28722" /><V113/><N who="2" m="43058" /><DORA hai="80" /><V43/><DORA hai="11" /><F43/><W88/><G33/><T116/><D37/><U40/><E40/><V23/><F23/><RYUUKYOKU ba="0,1" sc="99,-15,555,15,59,15,277,-15" hai1="26,34,41,44,50,52,54,56,61,67,101,102,103" hai2="16,17,93,96" /><INIT seed="5,1,1,4,5,72" ten="84,570,74,262" oya="1" hai0="25,73,5,105,133,113,2,3,109,98,0,107,48" hai1="106,33,6,129,130,69,81,31,111,102,53,45,89" hai2="29,43,60,41,128,135,20,47,104,114,123,119,134" hai3="26,4,8,75,71,55,51,77,131,126,40,110,32"/><U97/><E69/><V64/><F104/><N who="0" m="40010" /><D5/><U27/><E111/><V95/><F119/><W50/><G8/><T96/><D48/><U122/><E6/><V36/><F123/><W16/><G55/><T61/><D25/><U115/><E122/><V57/><F114/><W44/><G26/><T91/><D91/><U1/><E1/><V63/><F95/><W86/><G51/><T118/><D118/><U108/><E115/><V79/><F29/><W9/><G50/><T70/><D113/><U56/><E45/><N who="2" m="23719" /><F79/><W84/><G9/><T82/><D98/><U124/><E108/><V18/><F20/><W49/><G4/><T99/><D99/><U88/><E81/><V21/><F21/><W68/><G49/><T74/><D96/><U59/><E97/><V23/><F23/><W116/><G16/><T83/><D109/><U127/><E102/><V125/><F18/><W92/><G116/><T24/><D24/><U101/><E101/><V13/><F13/><W38/><G44/><T37/><D37/><U117/><E106/><V11/><F11/><W100/><G38/><T58/><D70/><U17/><E117/><V76/><F76/><W80/><G71/><T7/><D7/><U120/><E17/><V85/><F85/><W87/><G68/><T34/><D34/><U67/><E120/><V112/><F112/><W66/><G110/><T39/><D39/><U22/><E33/><V103/><F103/><W19/><G32/><T30/><D30/><U90/><E31/><V65/><F47/><W28/><G28/><T42/><D74/><U132/><E27/><RYUUKYOKU ba="1,1" sc="84,0,570,0,74,0,262,0" /><INIT seed="6,2,1,1,5,94" ten="84,570,74,262" oya="2" hai0="81,88,84,49,20,98,79,125,53,63,28,22,73" hai1="124,37,85,72,83,77,110,66,26,61,64,42,89" hai2="122,30,111,16,38,115,96,127,78,97,33,50,126" hai3="32,123,18,69,108,130,134,57,106,74,24,59,27"/><V62/><F122/><W131/><G18/><T65/><D125/><N who="2" m="47626" /><F38/><W103/><G59/><N who="0" m="37119" /><D73/><U71/><E124/><V1/><F111/><W91/><G69/><T39/><D39/><U23/><E110/><V128/><F128/><W35/><G32/><T8/><D8/><U3/><E64/><V90/><F115/><W2/><G35/><T10/><D10/><U4/><E4/><V70/><F78/><W118/><G74/><T87/><D28/><U13/><E77/><V113/><F113/><W25/><G123/><T114/><D114/><U52/><E72/><V80/><F1/><W17/><G2/><T34/><D34/><U21/><E3/><V15/><F50/><W105/><G130/><T132/><D132/><U102/><E42/><V5/><F5/><W44/><G134/><T135/><D135/><U82/><E37/><V109/><F109/><W48/><G48/><T68/><D68/><U76/><E71/><V36/><F36/><W31/><G131/><T40/><D40/><U11/><E76/><V19/><F19/><W7/><G17/><T99/><D22/><U104/><E21/><N who="2" m="11423" /><F62/><W119/><G7/><T43/><D20/><U112/><E23/><V60/><F60/><W129/><G108/><T45/><D43/><U75/><E61/><V133/><F70/><W95/><G129/><T101/><D101/><U47/><E112/><V56/><F133/><W121/><G121/><T100/><D100/><U55/><E11/><V93/><F56/><W107/><G57/><T9/><D9/><U58/><E58/><V29/><F33/><W6/><G6/><RYUUKYOKU ba="2,1" sc="84,30,570,-10,74,-10,262,-10" hai0="45,49,53,79,81,84,87,88,98,99" /><INIT seed="7,3,1,3,1,41" ten="114,560,64,252" oya="3" hai0="22,29,117,135,69,18,103,10,30,2,77,67,38" hai1="126,89,47,105,16,74,57,107,17,15,71,104,83" hai2="93,12,130,37,68,7,82,58,54,84,122,9,108" hai3="98,49,128,61,114,45,31,23,6,116,32,79,20"/><W55/><G32/><T39/><D117/><U42/><E71/><V13/><F108/><W106/><G106/><T96/><D39/><U86/><E57/><V50/><F122/><W0/><G0/><T53/><D38/><U132/><E132/><V70/><F130/><W100/><G6/><T88/><D67/><U75/><E126/><V112/><F112/><W120/><G79/><T5/><D69/><U95/><E95/><V4/><F93/><W76/><G76/><T63/><D77/><U90/><E90/><V56/><F37/><W123/><G23/><T131/><D135/><U111/><E111/><V102/><F102/><W109/><G128/><T94/><D103/><U52/><E42/><V91/><REACH who="2" step="1"/><F58/><REACH who="2" ten="114,560,54,252" step="2"/><W119/><G109/><T34/><D131/><U66/><E17/><V3/><F3/><W36/><G36/><T40/><D2/><U24/><E66/><V92/><F92/><W85/><G120/><T1/><D1/><U129/><E47/><V11/><AGARI ba="3,2" hai="4,7,9,11,12,13,50,54,56,68,70,82,84,91" machi="11" ten="30,8000,1" yaku="1,1,0,1,9,1,53,2" doraHai="41" doraHaiUra="64" who="2" fromWho="2" sc="114,-23,560,-23,54,109,252,-43" owari="91,-41.0,537,64.0,163,-24.0,209,1.0" /></mjloggm>