<mjloggm ver="2.3"><GO type="225" lobby="0"/><UN n0="%E5%8D%9A%E5%BE%92" n1="%E3%83%87%E3%83%8D%E3%83%9C%E3%83%A9" n2="%E6%A1%9C%E8%8A%B1%E9%96%83%E3%80%85" n3="%E3%82%A6%E3%83%AB%E3%83%88%E3%83%A9%E7%AB%8B%E7%9B%B4" dan="16,17,17,16" rate="2103.04,2146.08,2167.84,2025.32" sx="M,M,M,M"/><TAIKYOKU oya="0"/><INIT seed="0,0,0,1,0,89" ten="250,250,250,250" oya="0" hai0="52,62,38,63,90,83,106,110,104,14,21,45,17" hai1="12,82,71,114,39,6,48,25,28,4,109,132,42" hai2="125,70,123,66,18,16,113,128,36,126,102,51,9" hai3="98,119,44,131,29,32,75,99,133,10,0,8,41"/><T72/><D110/><U54/><E109/><V65/><F36/><W20/><G119/><T111/><D111/><U26/><E132/><V105/><F113/><W118/><G118/><T107/><D38/><U24/><E114/><V34/><F123/><W57/><G32/><T127/><D127/><N who="2" m="48650" /><F128/><W67/><G75/><T61/><D72/><U60/><E28/><V35/><F51/><W103/><G0/><T5/><D5/><U69/><E12/><N who="2" m="7183" /><F18/><W49/><G99/><T97/><D83/><U91/><E82/><V78/><F78/><W46/><G133/><T22/><D22/><U84/><E48/><V100/><F105/><W85/><G131/><T15/><D15/><U80/><E39/><V68/><F65/><W108/><G108/><T112/><D112/><U2/><E2/><V56/><F56/><W37/><G37/><T74/><D74/><U121/><E121/><V58/><F58/><W120/><G120/><T86/><D45/><U1/><E1/><V93/><F100/><W122/><G46/><T13/><D13/><U81/><E71/><N who="2" m="27179" /><F66/><W59/><G67/><T87/><REACH who="0" step="1"/><D52/><REACH who="0" ten="240,250,250,250" step="2"/><U115/><E54/><V55/><F55/><W101/><G44/><T130/><D130/><U95/><E115/><V7/><F7/><W19/><G122/><T27/><D27/><U94/><E6/><V31/><F31/><W77/><G29/><T73/><D73/><U134/><E4/><V124/><F124/><W30/><G30/><T23/><D23/><U43/><E134/><V50/><F50/><W88/><G49/><T76/><D76/><U53/><E53/><RYUUKYOKU ba="0,1" sc="240,15,250,-15,250,15,250,-15" hai0="14,17,21,61,62,63,86,87,90,97,104,106,107" hai2="34,35,93,102" /><INIT seed="0,1,1,2,0,88" ten="255,235,265,235" oya="0" hai0="61,51,18,74,75,125,5,55,86,48,117,44,127" hai1="130,89,95,56,100,129,109,113,6,124,69,7,90" hai2="40,64,98,110,27,45,33,58,39,35,15,12,79" hai3="36,81,111,118,13,52,80,126,101,120,123,108,84"/><T114/><D114/><U28/><E69/><V19/><F110/><N who="3" m="42027" /><G36/><T133/><D117/><U66/><E109/><V43/><F79/><W53/><G118/><T119/><D119/><U4/><E113/><V46/><F12/><W72/><G126/><N who="0" m="48139" /><D133/><U132/><E28/><V85/><F85/><W0/><G0/><T93/><D5/><U92/><E132/><V122/><F122/><N who="3" m="46635" /><G13/><T83/><D61/><N who="1" m="38183" /><E124/><V31/><F35/><W134/><G134/><T65/><D65/><U94/><E100/><V24/><F24/><W76/><G101/><T23/><D51/><U60/><E60/><V32/><F32/><W49/><G49/><T104/><D104/><U77/><E77/><AGARI ba="1,1" hai="52,53,72,76,77,80,81,84" m="46635,42027" machi="77" ten="30,3900,0" yaku="14,1,13,1,54,1" doraHai="88" who="3" fromWho="1" sc="255,0,235,-42,265,0,235,52" /><INIT seed="1,0,0,5,0,53" ten="255,193,265,287" oya="1" hai0="100,35,118,18,8,15,96,132,102,126,19,101,24" hai1="129,10,49,1,39,115,6,58,59,9,121,52,111" hai2="76,109,99,70,107,44,61,4,14,36,50,120,86" hai3="28,75,60,33,0,77,128,81,30,43,103,37,22"/><U104/><E39/><V127/><F36/><W106/><G22/><N who="0" m="13399" /><D118/><U74/><E121/><V123/><F109/><W41/><G30/><T122/><D35/><U45/><E115/><V65/><F127/><W91/><G91/><T72/><D72/><U34/><E34/><V67/><F67/><W12/><G12/><T114/><D114/><U89/><E111/><V80/><F107/><W83/><G83/><T90/><D126/><U71/><E71/><V23/><F99/><W135/><G41/><T32/><D32/><U124/><E124/><V5/><F5/><W113/><G0/><T134/><D122/><U27/><E104/><V31/><F31/><W66/><G113/><T68/><D90/><U131/><E74/><V78/><F78/><W62/><G62/><T82/><D82/><U51/><E27/><V105/><F105/><W112/><G112/><T20/><D68/><U26/><E26/><V84/><F84/><W108/><G108/><T125/><D125/><U38/><E10/><N who="2" m="4423" /><F23/><W85/><G85/><T47/><D8/><U21/><E21/><V7/><F7/><W133/><G28/><T93/><D47/><N who="1" m="27711" /><E89/><V17/><F17/><W55/><G33/><T92/><D96/><U25/><E25/><V42/><AGARI ba="0,0" hai="42,44,50,61,65,70,76,80,86,120,123" m="4423" machi="42" ten="30,1100,0" yaku="25,1" doraHai="53" who="2" fromWho="2" sc="255,-3,193,-5,265,11,287,-3" /><INIT seed="2,0,0,5,1,112" ten="252,188,276,284" oya="2" hai0="95,62,54,2,80,117,63,11,38,98,39,73,100" hai1="75,61,40,45,110,52,32,72,56,121,84,71,46" hai2="31,34,19,5,10,119,82,28,77,108,18,68,124" hai3="25,49,23,129,55,48,33,24,83,58,90,99,106"/><V35/><F68/><W131/><G33/><N who="2" m="12297" /><F82/><W118/><G25/><T74/><D2/><U60/><E32/><V4/><F77/><W37/><G37/><T113/><D11/><U122/><E110/><V115/><F115/><W132/><G49/><T16/><D113/><U64/><E84/><V51/><F51/><W93/><G106/><T89/><D73/><U41/><E75/><V127/><F108/><W8/><G8/><T42/><D42/><N who="1" m="16491" /><E72/><V3/><F4/><W50/><G50/><T70/><D74/><U96/><E96/><V103/><F103/><W101/><G101/><T102/><D102/><U59/><E71/><V17/><F119/><W21/><G83/><T125/><D117/><U43/><N who="1" m="16499" /><U107/><DORA hai="47" /><E107/><V67/><F67/><W12/><G118/><T120/><D70/><U109/><E109/><V53/><F53/><W65/><G65/><T20/><D100/><U130/><E130/><V126/><AGARI ba="0,0" hai="3,5,10,17,18,19,28,31,124,126,127" m="12297" machi="126" ten="40,7800,0" yaku="18,1,34,2" doraHai="112,47" who="2" fromWho="2" sc="252,-26,188,-26,276,78,284,-26" /><INIT seed="2,1,0,2,3,8" ten="226,162,354,258" oya="2" hai0="98,13,5,59,115,134,68,46,90,0,33,69,2" hai1="133,23,42,66,73,82,32,111,20,118,40,78,1" hai2="21,86,130,48,92,58,99,89,94,49,61,60,16" hai3="83,122,39,88,80,22,55,119,47,103,105,114,11"/><V10/><F130/><W44/><G122/><T29/><D115/><U116/><E32/><V74/><F74/><W95/><G119/><T71/><D134/><U76/><E133/><V31/><F10/><W102/><G105/><T24/><D46/><N who="3" m="17449" /><G39/><T97/><D59/><U84/><E1/><V120/><F31/><W79/><G79/><T65/><D65/><U85/><E66/><V132/><F120/><W54/><G11/><T62/><D62/><U77/><E73/><V109/><F109/><W113/><G22/><N who="1" m="8234" /><E82/><N who="3" m="31274" /><G113/><T64/><D64/><U51/><E51/><N who="2" m="19531" /><F58/><W128/><G128/><T52/><D0/><U106/><E106/><V19/><F132/><W91/><G114/><T131/><D2/><U50/><E50/><V12/><F19/><W57/><G57/><T100/><D131/><U75/><E75/><V123/><F123/><W72/><G72/><T26/><D71/><U35/><E35/><V36/><F36/><W126/><G126/><T135/><D135/><U30/><E30/><V107/><F107/><W7/><G7/><T121/><D69/><U87/><E111/><V3/><F3/><W41/><G41/><AGARI ba="1,0" hai="40,41,42,76,77,78,84,85,87,116,118" m="8234" machi="41" ten="40,2600,0" yaku="28,2" doraHai="8" who="1" fromWho="3" sc="226,0,162,29,354,0,258,-29" /><INIT seed="3,0,0,2,2,83" ten="226,191,354,229" oya="3" hai0="126,57,12,36,61,108,86,28,93,65,102,15,124" hai1="88,112,40,96,77,9,75,71,51,78,114,69,72" hai2="132,120,44,113,90,26,94,130,7,115,107,117,6" hai3="91,37,122,104,42,32,39,73,106,85,47,5,23"/><W33/><G122/><T125/><D108/><U27/><E27/><V109/><F107/><W3/><G39/><T34/><D36/><U128/><E9/><V48/><F117/><W14/><G73/><N who="1" m="28234" /><E96/><V123/><F109/><W2/><G2/><T127/><D127/><U53/><E88/><V4/><F26/><W13/><G3/><T19/><D102/><U68/><E40/><N who="2" m="24583" /><F132/><W59/><G104/><T89/><D19/><U133/><E133/><V50/><F50/><W10/><G106/><T60/><D61/><U56/><E51/><V81/><F81/><W105/><G105/><T64/><D64/><U62/><E128/><V95/><F95/><W92/><REACH who="3" step="1"/><G59/><REACH who="3" ten="226,191,354,219" step="2"/><T135/><D135/><U45/><E45/><V80/><F130/><W18/><AGARI ba="0,1" hai="5,10,13,14,18,23,32,33,37,42,47,85,91,92" machi="18" ten="30,11700,0" yaku="1,1,2,1,0,1,52,1,53,0" doraHai="83" doraHaiUra="74" who="3" fromWho="3" sc="226,-39,191,-39,354,-39,219,127" owari="187,-21.0,152,-35.0,315,12.0,346,44.0" /></mjloggm>