<mjloggm ver="2.3"><GO type="97" lobby="0"/><UN n0="%41%53%55%4B%41%40%E8%A3%8F" n1="%61%6B%69%79%61%6D%61%30" n2="%E3%82%A6%E3%83%AB%E3%83%88%E3%83%A9%E7%AB%8B%E7%9B%B4" n3="%E3%83%AF%E3%82%A4%E3%83%AB%E3%83%89" dan="15,13,15,15" rate="2008.61,1872.20,1999.55,2029.84" sx="F,M,M,M"/><TAIKYOKU oya="0"/><INIT seed="0,0,0,3,5,76" ten="250,250,250,250" oya="0" hai0="94,62,16,86,114,15,39,85,91,75,72,4,28" hai1="132,87,74,60,67,65,0,61,35,117,119,115,42" hai2="11,40,111,90,5,126,32,48,44,93,125,30,123" hai3="17,135,88,106,56,112,100,107,46,104,20,82,23"/><T131/><D131/><U37/><BYE who="0" /><E74/><UN n0="%41%53%55%4B%41%40%E8%A3%8F" /><V13/><F123/><W120/><G112/><T109/><D114/><U8/><E35/><V69/><F69/><W128/><G120/><T64/><D39/><U19/><E115/><V33/><F111/><W26/><G128/><T96/><D109/><U50/><E37/><V59/><F30/><W34/><G34/><T133/><D28/><U92/><E132/><V2/><F2/><W122/><G122/><T68/><D133/><U25/><E0/><V31/><F31/><W124/><G135/><T101/><D4/><U1/><E1/><V47/><F47/><W45/><G124/><N who="2" m="47721" /><F59/><W105/><G100/><T121/><D86/><AGARI ba="0,0" hai="5,11,13,32,33,40,44,48,86,90,93" m="47721" machi="86" ten="30,1000,0" yaku="18,1" doraHai="76" who="2" fromWho="0" sc="250,-10,250,0,250,10,250,0" /><INIT seed="1,0,0,5,2,55" ten="240,250,260,250" oya="1" hai0="82,109,113,18,62,1,38,94,40,85,131,43,56" hai1="29,34,95,57,71,88,69,75,100,20,14,31,26" hai2="65,99,9,70,110,35,107,90,17,72,101,48,67" hai3="21,12,119,93,27,121,51,116,33,60,129,63,6"/><U68/><E75/><V134/><F72/><W133/><G121/><T46/><D113/><U78/><E78/><V73/><F73/><W4/><G33/><T106/><D106/><U124/><E124/><V64/><F35/><W120/><G120/><T114/><D114/><U5/><E100/><V135/><F110/><W54/><G133/><N who="2" m="50697" /><F90/><W111/><G111/><T125/><D109/><U97/><E31/><V123/><F123/><W132/><G132/><T47/><D125/><U118/><E118/><N who="3" m="45098" /><G129/><T45/><D131/><U15/><E5/><N who="3" m="2154" /><G12/><T128/><D1/><U103/><E103/><V61/><F48/><W59/><G93/><T81/><D128/><U84/><E84/><V126/><F126/><W102/><G102/><T58/><D38/><U3/><E3/><V79/><F79/><W49/><G49/><T80/><D62/><U11/><E34/><V53/><F53/><W86/><G86/><T74/><D74/><U7/><REACH who="1" step="1"/><E14/><AGARI ba="0,0" hai="9,14,17,61,64,65,67,70,99,101,107" m="50697" machi="14" ten="30,1000,0" yaku="20,1" doraHai="55" who="2" fromWho="1" sc="240,0,250,-10,260,10,250,0" /><INIT seed="2,0,0,0,1,110" ten="240,240,270,250" oya="2" hai0="74,79,54,11,37,104,0,94,27,5,59,29,78" hai1="123,2,129,42,50,92,133,131,84,96,10,120,124" hai2="9,58,116,109,126,45,99,46,127,16,72,4,60" hai3="130,65,51,13,61,77,135,8,49,67,95,19,56"/><V107/><F72/><W76/><G130/><N who="1" m="49674" /><E124/><N who="2" m="47659" /><F116/><W28/><G135/><T134/><D104/><U98/><E133/><V118/><F118/><W88/><G67/><T100/><D134/><U25/><E2/><V83/><F83/><W117/><G117/><T30/><D37/><U39/><E39/><V70/><F70/><W53/><G28/><T23/><D30/><U101/><E25/><V81/><F81/><W26/><G26/><T69/><D69/><U14/><E42/><V17/><F109/><W48/><REACH who="3" step="1"/><G65/><REACH who="3" ten="240,240,270,240" step="2"/><T20/><D27/><U21/><E123/><V112/><F112/><W47/><G47/><T1/><D29/><U24/><E120/><V105/><F46/><W121/><G121/><T12/><D74/><U132/><E24/><V15/><F45/><W97/><AGARI ba="0,1" hai="8,13,19,48,49,51,53,56,61,76,77,88,95,97" machi="97" ten="30,7900,0" yaku="1,1,0,1,8,1,54,1,53,0" doraHai="110" doraHaiUra="32" who="3" fromWho="3" sc="240,-20,240,-20,270,-39,240,89" /><INIT seed="3,0,0,4,3,66" ten="220,220,231,329" oya="3" hai0="28,2,55,93,64,51,125,127,94,80,70,47,50" hai1="58,126,8,48,62,73,96,12,107,10,18,105,6" hai2="74,69,75,124,0,60,46,7,5,1,132,36,22" hai3="122,117,26,115,15,119,63,99,91,45,81,86,114"/><W121/><G26/><T32/><D2/><N who="2" m="1130" /><F22/><W133/><G15/><T54/><D80/><U9/><E73/><N who="2" m="27659" /><F7/><W118/><G45/><T31/><D32/><U33/><E126/><V25/><F25/><W100/><G63/><T59/><D64/><U85/><E33/><V29/><F5/><W68/><G68/><T83/><D83/><U98/><E48/><V39/><F29/><W17/><G17/><T110/><D47/><U77/><E6/><V97/><F97/><N who="1" m="37481" /><E105/><V49/><F124/><W123/><G133/><T76/><D76/><U34/><E34/><V116/><F132/><W23/><G23/><T19/><D19/><U108/><E108/><V61/><F116/><W102/><G102/><T89/><D110/><U113/><E107/><AGARI ba="0,0" hai="81,86,91,99,100,107,114,115,117,118,119,121,122,123" machi="107" ten="50,9600,0" yaku="34,3" doraHai="66" who="3" fromWho="1" sc="220,0,220,-96,231,0,329,96" owari="220,-18.0,124,-38.0,231,3.0,425,53.0" /></mjloggm>