<mjloggm ver="2.3"><GO type="97" lobby="0"/><UN n0="%E3%82%BF%E3%83%B3%E3%83%9D%E3%83%9D" n1="%E6%AF%98%E6%B2%99%E9%96%80%EF%BC%92%EF%BC%91" n2="%73%61%6D%6D%65%74" n3="%E3%82%A6%E3%83%AB%E3%83%88%E3%83%A9%E7%AB%8B%E7%9B%B4" dan="14,15,13,14" rate="1940.51,1970.83,1822.92,1918.80" sx="M,M,M,M"/><TAIKYOKU oya="0"/><INIT seed="0,0,0,2,4,35" ten="250,250,250,250" oya="0" hai0="76,128,1,14,135,49,65,120,111,106,74,63,23" hai1="68,54,30,67,64,132,99,58,55,25,57,107,60" hai2="31,46,40,105,119,96,93,72,7,78,73,80,79" hai3="98,43,101,103,52,10,32,97,70,44,15,77,83"/><T33/><D120/><U21/><E132/><V41/><F119/><W42/><G32/><T94/><D106/><U129/><E129/><V104/><F41/><W114/><G70/><T61/><D135/><U134/><E134/><V130/><F130/><W34/><G34/><T45/><D33/><U88/><E68/><V84/><F31/><W11/><G114/><T2/><D128/><U82/><E107/><N who="2" m="41035" /><F7/><W95/><G98/><T124/><D76/><N who="2" m="29226" /><F40/><W126/><G103/><T75/><D23/><U113/><E113/><V117/><F46/><W48/><G126/><T59/><D14/><U110/><E110/><V47/><F47/><W85/><REACH who="3" step="1"/><G11/><REACH who="3" ten="250,250,250,240" step="2"/><T19/><D124/><U20/><E20/><V29/><F117/><W112/><G112/><T39/><D39/><U4/><E4/><AGARI ba="0,1" hai="4,10,15,42,43,44,48,52,77,83,85,95,97,101" machi="4" ten="30,7700,0" yaku="1,1,7,1,8,1,54,1,53,0" doraHai="35" doraHaiUra="22" who="3" fromWho="1" sc="250,0,250,-77,250,0,240,87" /><INIT seed="1,0,0,2,0,6" ten="250,173,250,327" oya="1" hai0="134,83,49,51,71,25,85,33,24,64,97,125,105" hai1="78,61,127,69,90,9,4,66,79,28,100,19,1" hai2="88,135,68,86,26,58,113,37,72,84,52,50,130" hai3="47,29,73,16,104,94,116,13,44,77,109,103,110"/><U60/><E127/><V108/><F72/><W30/><G104/><T36/><D125/><U95/><E100/><V12/><F108/><N who="3" m="41579" /><G116/><T80/><D36/><U11/><E28/><V10/><F130/><W93/><G77/><T111/><D111/><U92/><E60/><V3/><F135/><W122/><G73/><T123/><D123/><U54/><E54/><V133/><F133/><W38/><G122/><T87/><D134/><U76/><REACH who="1" step="1"/><E90/><REACH who="1" ten="250,163,250,327" step="2"/><V42/><F113/><W132/><G103/><T39/><D33/><U75/><E75/><V56/><F68/><W35/><G132/><T34/><D71/><U101/><E101/><V21/><F3/><W40/><G35/><T117/><D34/><U115/><E115/><V8/><F37/><W119/><G119/><T70/><D39/><U5/><E5/><V63/><F42/><W59/><G30/><T22/><D117/><U128/><E128/><V7/><F7/><W107/><G29/><T53/><D53/><U14/><AGARI ba="0,1" hai="1,4,9,11,14,19,61,66,69,76,78,79,92,95" machi="14" ten="30,11700,0" yaku="1,1,0,1,52,2,53,0" doraHai="6" doraHaiUra="129" who="1" fromWho="1" sc="250,-39,163,127,250,-39,327,-39" /><INIT seed="1,1,0,5,0,3" ten="211,290,211,288" oya="1" hai0="93,122,50,44,111,30,46,49,13,37,28,125,35" hai1="133,62,64,54,19,86,98,118,92,74,45,88,99" hai2="60,38,18,14,32,128,130,85,113,131,58,70,24" hai3="112,73,102,87,120,15,110,90,76,57,26,114,7"/><U42/><E74/><V39/><F70/><W119/><G120/><T106/><D122/><U109/><E118/><V126/><F126/><W100/><G119/><T8/><D125/><U40/><E133/><V17/><F113/><W6/><G110/><T94/><D106/><U121/><E121/><V1/><F1/><W77/><G26/><T20/><D35/><U134/><E134/><V124/><F124/><W67/><G73/><T22/><D37/><N who="2" m="13834" /><F85/><W104/><G104/><T72/><D72/><U103/><E109/><V82/><F82/><W5/><G112/><T23/><D111/><U108/><E108/><V63/><F14/><W0/><G0/><T129/><D129/><U81/><E99/><V135/><F135/><W33/><G33/><T132/><D132/><U96/><E96/><V59/><F24/><W101/><G15/><T80/><D80/><U52/><E19/><N who="2" m="7179" /><F32/><W55/><G67/><T34/><D34/><U89/><E89/><V29/><F29/><W69/><G69/><T56/><D56/><AGARI ba="1,0" hai="56,58,59,60,63,128,130,131" m="7179,13834" machi="56" ten="40,5200,0" yaku="28,2,19,1" doraHai="3" who="2" fromWho="0" sc="211,-55,290,0,211,55,288,0" /><INIT seed="2,0,0,4,2,79" ten="156,290,266,288" oya="2" hai0="24,53,26,58,28,48,56,119,96,73,2,25,104" hai1="63,114,72,95,16,124,127,90,132,111,21,0,20" hai2="123,47,118,38,76,113,23,120,107,40,13,6,100" hai3="41,93,5,29,60,43,71,52,109,19,61,44,74"/><V32/><F118/><W11/><G109/><T78/><D2/><U133/><E72/><V70/><F113/><W36/><G29/><T89/><D119/><U17/><E0/><V18/><F32/><W125/><G125/><N who="1" m="48202" /><E114/><V87/><F70/><W62/><G43/><T106/><D28/><U83/><E111/><V59/><F6/><W42/><G42/><T51/><D73/><U101/><E63/><V35/><F35/><W128/><G128/><T66/><D78/><U130/><E101/><V33/><F33/><W22/><G74/><T1/><D1/><U131/><E83/><V84/><F107/><W54/><G71/><T14/><D14/><N who="1" m="9239" /><E90/><V85/><F100/><W34/><G93/><T7/><D7/><U102/><E95/><V37/><F37/><W99/><G99/><T4/><D4/><U81/><E81/><V86/><F59/><W3/><REACH who="3" step="1"/><G34/><REACH who="3" ten="156,290,266,278" step="2"/><T97/><D104/><U68/><E68/><V49/><F76/><W50/><G50/><T88/><D106/><U9/><E102/><V135/><F87/><W65/><G65/><T80/><D66/><U75/><E75/><V82/><F38/><W115/><G115/><T31/><D31/><U98/><E98/><N who="0" m="37993" /><D89/><U92/><E92/><V129/><F129/><N who="1" m="49161" /><E9/><V110/><F110/><W121/><G121/><T69/><D69/><U126/><E126/><V15/><F120/><W46/><G46/><N who="0" m="27799" /><D51/><U8/><E8/><V64/><F123/><W94/><G94/><T67/><D67/><U105/><E105/><V27/><F64/><W108/><G108/><T12/><D88/><U116/><E116/><RYUUKYOKU ba="0,1" sc="156,-15,290,15,266,-15,278,15" hai1="17,21,132,133" hai3="3,5,11,19,22,36,41,44,52,54,60,61,62" /><INIT seed="3,1,1,3,4,1" ten="141,305,251,293" oya="3" hai0="135,31,118,130,64,28,90,81,76,47,94,124,71" hai1="74,26,16,2,9,88,17,43,125,75,45,117,82" hai2="29,19,39,15,101,107,119,58,14,61,48,34,69" hai3="113,105,56,133,27,114,104,116,12,46,44,38,85"/><W112/><G116/><T24/><D118/><U7/><E117/><V3/><F119/><RYUUKYOKU type="kaze4" ba="1,1" sc="141,0,305,0,251,0,293,0" /><INIT seed="3,2,1,5,1,8" ten="141,305,251,293" oya="3" hai0="115,84,77,98,109,121,26,76,119,64,82,83,62" hai1="37,22,78,43,70,1,95,32,21,89,20,52,104" hai2="47,0,132,125,108,87,56,103,27,23,122,107,91" hai3="69,48,111,133,16,34,72,13,40,81,101,39,67"/><W114/><G114/><T65/><D119/><U112/><E70/><V100/><F108/><W35/><G39/><T54/><D109/><U113/><E104/><V36/><F132/><W118/><G118/><T9/><D121/><U17/><E32/><V50/><F122/><W4/><G111/><T73/><D115/><U63/><E1/><V96/><F125/><W75/><G4/><T116/><D116/><U120/><E78/><V10/><F103/><W59/><G69/><T19/><D98/><U49/><E120/><V42/><F0/><W74/><G101/><T57/><D26/><U33/><E33/><V66/><F10/><W124/><G35/><T79/><D79/><U129/><E63/><V55/><F66/><W85/><G34/><T31/><D31/><U7/><E7/><V92/><F27/><W14/><G16/><T12/><REACH who="0" step="1"/><D73/><REACH who="0" ten="131,305,251,293" step="2"/><U53/><E113/><V11/><F11/><W71/><G75/><T68/><D68/><U25/><E112/><V88/><F23/><W105/><G74/><T29/><D29/><U97/><E21/><V126/><F126/><W44/><G72/><T131/><D131/><U128/><E22/><V5/><F5/><W6/><G124/><T51/><D51/><U46/><E49/><V94/><REACH who="2" step="1"/><F107/><REACH who="2" ten="131,305,241,293" step="2"/><W130/><G105/><T61/><D61/><U2/><E2/><V3/><F3/><W90/><G130/><AGARI ba="2,3" hai="17,20,25,37,43,46,52,53,89,95,97,128,129,130" machi="130" ten="40,2600,0" yaku="19,1,54,1" doraHai="8" who="1" fromWho="3" sc="131,0,305,62,241,0,293,-32" owari="131,-37.0,367,47.0,241,-16.0,261,6.0" /></mjloggm>