<mjloggm ver="2.3"><GO type="97" lobby="0"/><UN n0="%E3%82%A6%E3%83%AB%E3%83%88%E3%83%A9%E7%AB%8B%E7%9B%B4" n1="%E3%81%BA%E3%82%8C%E3%83%9A%E3%83%AC" n2="%67%61%72%75%63%69%61" n3="%E7%A5%9E%E5%B4%8E%E3%83%BB%EF%BC%A8%E3%83%BB%E3%82%A2%E3%83%AA%E3%82%A2" dan="15,14,15,13" rate="1953.44,1889.01,2015.03,1879.03" sx="M,M,M,F"/><TAIKYOKU oya="0"/><INIT seed="0,0,0,0,5,27" ten="250,250,250,250" oya="0" hai0="11,112,17,72,126,42,109,39,101,35,120,86,107" hai1="3,130,47,57,6,128,74,1,124,134,113,60,99" hai2="94,28,7,33,68,88,38,127,96,51,66,122,31" hai3="37,92,123,63,16,30,64,100,129,22,50,49,21"/><T59/><D72/><U25/><E113/><V41/><F38/><W81/><G37/><T132/><D112/><U82/><E134/><V108/><F33/><W71/><G129/><N who="1" m="49770" /><E124/><V70/><F122/><W102/><G123/><T18/><D18/><U83/><BYE who="0" /><E47/><N who="2" m="26095" /><F70/><W125/><G125/><T53/><D53/><N who="1" m="33839" /><E99/><V133/><F68/><W110/><G110/><T84/><D84/><U32/><E74/><V131/><F127/><W69/><G69/><T85/><D85/><U78/><E78/><V90/><F133/><W91/><G102/><T119/><D119/><U0/><E6/><UN n0="%E3%82%A6%E3%83%AB%E3%83%88%E3%83%A9%E7%AB%8B%E7%9B%B4" /><V26/><F108/><W79/><G100/><T36/><D109/><U118/><E118/><V104/><F104/><W14/><G79/><T65/><D101/><U97/><E97/><V106/><F106/><W98/><REACH who="3" step="1"/><G81/><REACH who="3" ten="250,250,250,240" step="2"/><T13/><D126/><U23/><E32/><V117/><F131/><W48/><G48/><T43/><D35/><U55/><E55/><V8/><F117/><W46/><G46/><T45/><D120/><U15/><E15/><N who="2" m="5535" /><F66/><W95/><G95/><T73/><D107/><U87/><E87/><N who="2" m="52511" /><F26/><AGARI ba="0,1" hai="14,16,21,22,26,30,49,50,63,64,71,91,92,98" machi="26" ten="40,8000,1" yaku="1,1,52,1,54,1,53,1" doraHai="27" doraHaiUra="10" who="3" fromWho="2" sc="250,0,250,0,250,-80,240,90" /><INIT seed="1,0,0,2,0,93" ten="250,250,170,330" oya="1" hai0="89,42,61,79,129,11,84,76,68,57,15,46,23" hai1="126,59,27,58,38,5,92,52,87,107,43,119,98" hai2="132,51,96,112,95,69,54,35,60,85,9,44,125" hai3="12,86,70,17,40,131,104,10,71,50,123,33,18"/><U74/><E119/><V133/><F35/><W73/><G104/><T48/><D68/><U118/><E118/><V91/><F112/><W13/><G123/><T82/><D23/><U81/><E126/><V49/><F125/><W45/><G131/><T80/><D80/><U1/><E74/><V114/><F114/><W20/><G73/><T94/><D129/><U14/><E107/><V108/><F108/><W121/><G33/><T39/><D39/><U113/><E1/><V83/><F69/><W109/><G109/><T4/><REACH who="0" step="1"/><D94/><REACH who="0" ten="240,250,170,330" step="2"/><U117/><E117/><V2/><F60/><W30/><G121/><T36/><D36/><U25/><E113/><V41/><F9/><W124/><G124/><T28/><D28/><U16/><E38/><V122/><F122/><W116/><G116/><T127/><D127/><U111/><E111/><V110/><F110/><W134/><G134/><T105/><D105/><U90/><E5/><V26/><F26/><W135/><G135/><T34/><D34/><U37/><E37/><V19/><F133/><W101/><G70/><T0/><D0/><U97/><E92/><V103/><F132/><W47/><G71/><T88/><D88/><U120/><E120/><V8/><F2/><W115/><G115/><T3/><D3/><U63/><E27/><V64/><F8/><W106/><G106/><T31/><D31/><U6/><E25/><V62/><F19/><W24/><G24/><T67/><AGARI ba="0,1" hai="4,11,15,42,46,48,57,61,67,76,79,82,84,89" machi="67" ten="20,5200,0" yaku="1,1,0,1,7,1,8,1,53,0" doraHai="93" doraHaiUra="128" who="0" fromWho="0" sc="240,62,250,-26,170,-13,330,-13" /><INIT seed="2,0,0,0,5,116" ten="302,224,157,317" oya="2" hai0="115,47,2,10,32,67,122,101,12,118,64,75,29" hai1="35,106,126,125,89,9,87,25,104,112,69,30,71" hai2="117,14,13,105,108,133,102,66,100,77,8,21,96" hai3="109,53,130,123,107,83,127,135,33,111,55,98,76"/><V36/><F117/><W49/><G33/><T22/><D75/><U97/><E112/><V1/><F1/><W91/><G135/><T70/><D115/><U134/><E9/><V61/><F36/><W51/><G130/><T38/><D118/><U37/><E37/><V114/><F114/><W81/><G127/><N who="1" m="48650" /><E134/><V3/><F133/><W31/><G31/><T93/><D47/><U90/><E90/><V78/><F3/><W41/><G41/><T68/><D38/><U86/><E86/><V26/><F102/><W57/><G107/><N who="1" m="41002" /><E97/><V119/><F119/><W99/><G76/><T84/><D84/><U15/><E15/><V79/><F108/><W59/><G91/><T65/><D93/><AGARI ba="0,0" hai="25,30,35,69,71,87,89,93" m="41002,48650" machi="93" ten="30,1000,0" yaku="18,1" doraHai="116" who="1" fromWho="0" sc="302,-10,224,10,157,0,317,0" /><INIT seed="3,0,0,2,0,108" ten="292,234,157,317" oya="3" hai0="123,114,25,134,110,94,72,20,44,7,62,81,102" hai1="16,129,113,57,82,119,39,11,2,118,43,33,60" hai2="56,26,61,101,86,78,128,1,28,31,135,84,125" hai3="70,93,115,98,91,85,18,106,5,9,21,42,95"/><W80/><G70/><T51/><D123/><U13/><E129/><V71/><F71/><W87/><G42/><T54/><D134/><U27/><E39/><V65/><F1/><W55/><G55/><T79/><D110/><U36/><E36/><V126/><F128/><W58/><G58/><T50/><D7/><U29/><E43/><V23/><F135/><W96/><G115/><T127/><D127/><U83/><E2/><V3/><F3/><W92/><G106/><T90/><D102/><U40/><E40/><V8/><F8/><W116/><G116/><N who="1" m="44586" /><E113/><V12/><F12/><N who="3" m="5167" /><G87/><T17/><D114/><U49/><E49/><V107/><F31/><W117/><G117/><T121/><D121/><U132/><E132/><V64/><F107/><W45/><G45/><T109/><D109/><U124/><E124/><V46/><F46/><W38/><G38/><T35/><D35/><U103/><E103/><V30/><F101/><W0/><G0/><T34/><D34/><U99/><E99/><V89/><F30/><W41/><G41/><T15/><D51/><U59/><E59/><V122/><F122/><W37/><G37/><T14/><REACH who="0" step="1"/><D62/><REACH who="0" ten="282,234,157,317" step="2"/><U130/><E130/><V69/><F69/><W6/><G6/><T104/><D104/><U76/><E76/><V63/><F78/><W32/><G32/><T100/><D100/><U67/><AGARI ba="0,1" hai="11,13,16,27,29,33,57,60,67,82,83" m="44586" machi="67" ten="30,2000,0" yaku="12,1,54,1" doraHai="108" who="1" fromWho="1" sc="282,-5,234,30,157,-5,317,-10" owari="277,8.0,264,-14.0,152,-35.0,307,41.0" /></mjloggm>