<mjloggm ver="2.3"><GO type="225" lobby="0"/><UN n0="%E3%83%9E%E3%82%AF%E3%83%AD%E3%83%99%E3%83%BC%E3%82%BF" n1="%E3%82%A6%E3%83%AB%E3%83%88%E3%83%A9%E7%AB%8B%E7%9B%B4" n2="%E7%89%B9%E4%B8%8A%E3%81%AE%E9%A4%8A%E5%88%86" n3="%E3%81%84%E3%82%82%E3%82%8A" dan="17,16,16,16" rate="2121.09,2050.64,2061.44,2168.28" sx="M,M,M,M"/><TAIKYOKU oya="0"/><INIT seed="0,0,0,3,2,77" ten="250,250,250,250" oya="0" hai0="93,126,19,69,90,0,52,48,18,118,67,130,28" hai1="32,29,127,50,12,120,44,110,60,132,135,10,23" hai2="68,24,83,41,111,131,106,1,78,33,76,14,30" hai3="114,25,20,27,91,34,124,64,89,39,102,113,49"/><T119/><D126/><U134/><E120/><V40/><F1/><W88/><G39/><T37/><D37/><U22/><E127/><V16/><F106/><W101/><G124/><T47/><D0/><U81/><E60/><V42/><F68/><W128/><G128/><T62/><D130/><U82/><E32/><V129/><F78/><W117/><G117/><T9/><D28/><U63/><E63/><V6/><F6/><W80/><G34/><T11/><D11/><U17/><E110/><V103/><F103/><N who="3" m="39435" /><G114/><T61/><D61/><U58/><E58/><V38/><F38/><W95/><G95/><T45/><D45/><U35/><E35/><V54/><F54/><W7/><G7/><T72/><D72/><U36/><E36/><V121/><F121/><W104/><G104/><T74/><D74/><U51/><E51/><V2/><F2/><W115/><G115/><T8/><D8/><U13/><E29/><V85/><REACH who="2" step="1"/><F111/><REACH who="2" ten="250,250,240,250" step="2"/><W79/><G113/><T70/><D70/><U15/><E134/><V43/><N who="2" m="10240" /><DORA hai="86" /><V59/><F59/><W56/><G64/><T100/><D118/><U57/><E57/><V112/><F112/><W133/><G133/><T73/><D119/><U125/><E135/><V105/><F105/><W26/><G79/><T123/><D123/><U21/><E132/><V53/><F53/><N who="3" m="31791" /><G20/><AGARI ba="0,1" hai="14,16,20,24,30,33,76,83,85,129,131" m="10240" machi="20" ten="50,6400,0" yaku="1,1,52,1,54,1,53,0" doraHai="77,86" doraHaiUra="94,92" who="2" fromWho="3" sc="250,0,250,0,240,74,250,-64" /><INIT seed="1,0,0,2,0,60" ten="250,250,314,186" oya="1" hai0="87,39,112,103,113,115,133,117,34,44,92,89,14" hai1="57,15,64,71,116,23,12,29,1,106,95,52,90" hai2="68,132,91,111,86,122,36,85,50,48,79,102,67" hai3="43,41,108,2,72,81,135,110,40,127,78,125,120"/><U80/><E1/><V0/><F36/><W126/><G2/><T45/><D34/><U24/><E106/><V104/><F0/><W96/><G120/><T42/><D117/><U38/><E38/><V131/><F122/><W18/><G135/><T5/><D133/><U98/><E116/><V107/><F111/><W55/><G55/><T61/><D103/><U25/><E25/><V62/><F131/><W134/><G134/><T21/><D45/><U59/><E71/><V100/><F100/><W56/><G56/><T11/><D112/><U109/><E80/><V76/><F104/><W8/><REACH who="3" step="1"/><G96/><REACH who="3" ten="250,250,314,176" step="2"/><T97/><D97/><U46/><E109/><V49/><F132/><W70/><G70/><T31/><D113/><U74/><E46/><V65/><F68/><W28/><G28/><T19/><D31/><U35/><E35/><V73/><F65/><W7/><G7/><T51/><D115/><U33/><E33/><V83/><F67/><W75/><G75/><T114/><D114/><U17/><E74/><V10/><F73/><W130/><G130/><T58/><D5/><U13/><E29/><V77/><F62/><W53/><G53/><T101/><D61/><N who="1" m="36007" /><E59/><V66/><F66/><AGARI ba="0,1" hai="12,13,15,17,23,24,64,66,90,95,98" m="36007" machi="66" ten="30,12000,1" yaku="25,1,8,1,52,2,54,1" doraHai="60" who="1" fromWho="2" sc="250,0,250,130,314,-120,176,0" /><INIT seed="1,1,0,1,1,34" ten="250,380,194,176" oya="1" hai0="135,43,31,89,130,105,27,7,57,99,111,67,24" hai1="39,49,134,29,42,107,95,45,48,126,104,94,73" hai2="97,14,64,56,25,106,62,47,60,81,13,132,71" hai3="96,122,9,98,50,90,22,52,118,125,61,114,55"/><U8/><E73/><V20/><F132/><W92/><G122/><T91/><D135/><U1/><E29/><V79/><F47/><W23/><G114/><T101/><D43/><U82/><E82/><V30/><F97/><W103/><G125/><T26/><D130/><U11/><E45/><V36/><F36/><W87/><G118/><T119/><D119/><U123/><E42/><V40/><F40/><W37/><G37/><T3/><D31/><U102/><E102/><V0/><F106/><W78/><G78/><T108/><D57/><U28/><E28/><V124/><F0/><W66/><G9/><N who="0" m="2303" /><D67/><U127/><E39/><V131/><F124/><W116/><G98/><T6/><D6/><U33/><E134/><V129/><F129/><W54/><G50/><T68/><D68/><U72/><E72/><V32/><F32/><W16/><G116/><T70/><D70/><U63/><E33/><V59/><F131/><W117/><G117/><T2/><D2/><U112/><E1/><V80/><F71/><W15/><G66/><T5/><D5/><U74/><E74/><V46/><F46/><W44/><G44/><T77/><D77/><U128/><E128/><V21/><F79/><W84/><G84/><T17/><D17/><U115/><E63/><V76/><F76/><W88/><G90/><T100/><D101/><U121/><AGARI ba="1,0" hai="8,11,48,49,94,95,104,107,112,115,121,123,126,127" machi="121" ten="25,4800,0" yaku="0,1,22,2" doraHai="34" who="1" fromWho="1" sc="250,-17,380,51,194,-17,176,-17" /><INIT seed="1,2,0,1,2,20" ten="233,431,177,159" oya="1" hai0="27,4,123,128,87,133,22,131,6,55,74,127,53" hai1="73,35,9,58,11,104,132,70,62,101,43,124,121" hai2="37,94,115,5,30,72,107,60,57,97,85,65,45" hai3="47,36,111,41,66,106,98,96,78,110,61,59,34"/><U92/><E73/><V15/><F72/><W113/><G113/><T63/><D123/><U91/><E43/><V64/><F115/><W83/><G34/><T118/><D118/><U28/><E11/><V7/><F65/><W76/><G76/><T38/><D74/><U18/><E9/><V21/><F107/><W24/><G106/><T120/><D38/><U95/><E91/><V125/><F125/><W105/><G105/><T2/><D133/><U86/><E86/><V56/><F56/><W23/><G78/><T54/><D127/><U3/><E58/><V84/><F45/><W48/><G83/><T0/><D87/><U17/><E3/><V81/><F37/><W100/><G36/><T50/><D50/><U19/><E132/><V40/><F40/><W112/><G112/><T75/><D63/><U46/><E46/><V14/><F84/><W89/><G89/><T31/><D75/><U13/><E13/><V77/><F15/><W79/><G79/><T109/><D120/><U32/><E32/><V29/><F14/><W1/><G1/><T8/><D2/><U68/><E68/><V129/><F85/><W90/><G90/><T39/><D39/><U52/><E121/><V122/><F122/><W26/><G26/><T25/><D25/><U102/><E104/><V116/><F57/><W130/><G130/><N who="0" m="49707" /><D6/><U126/><E126/><V80/><F7/><W33/><G33/><T44/><D44/><U69/><E124/><V119/><F5/><W103/><G100/><T16/><D31/><N who="2" m="11786" /><F129/><W42/><G103/><T134/><D134/><U108/><E102/><RYUUKYOKU ba="2,0" sc="233,30,431,-10,177,-10,159,-10" hai0="0,4,8,16,22,27,53,54,55,109" /><INIT seed="2,3,0,0,0,73" ten="263,421,167,149" oya="2" hai0="15,61,79,31,0,106,69,14,44,42,86,116,54" hai1="72,26,124,99,125,25,113,94,47,87,74,114,122" hai2="20,126,89,2,23,7,127,78,131,34,96,12,60" hai3="109,32,76,104,135,53,21,71,93,130,97,88,112"/><V41/><F34/><W91/><G32/><T18/><D0/><U8/><E87/><V51/><F2/><W55/><G71/><T65/><D106/><U13/><E47/><N who="2" m="26095" /><F60/><W83/><G104/><T10/><D116/><U100/><E122/><V43/><F43/><W80/><G109/><T5/><D31/><U108/><E108/><V36/><F36/><W62/><G135/><T4/><D54/><U129/><E129/><V102/><F102/><W49/><G130/><T17/><D86/><U28/><E74/><V68/><F68/><W58/><G112/><T30/><D30/><U1/><E72/><V132/><F20/><W35/><G35/><T134/><D134/><U101/><E101/><V9/><F96/><W56/><G76/><T123/><D79/><U120/><E1/><V46/><F46/><W75/><G75/><T11/><D123/><U22/><E120/><V19/><F19/><W63/><G49/><AGARI ba="3,0" hai="4,5,10,11,14,15,17,18,42,44,49,61,65,69" machi="49" ten="30,2000,0" yaku="7,1,9,1" doraHai="73" who="0" fromWho="3" sc="263,29,421,0,167,0,149,-29" /><INIT seed="3,0,0,5,2,2" ten="292,421,167,120" oya="3" hai0="19,8,64,24,109,112,77,18,108,13,50,88,4" hai1="116,95,69,28,107,44,15,99,55,39,38,52,82" hai2="67,101,93,57,26,132,12,36,79,75,46,110,106" hai3="41,89,42,66,20,40,48,76,86,117,16,104,59"/><W90/><G104/><T51/><D77/><U7/><E69/><V17/><F26/><W120/><G117/><T98/><D64/><U128/><E82/><V81/><F106/><W135/><G120/><T125/><D125/><U29/><E107/><V78/><F78/><W9/><G135/><T133/><D133/><U23/><E39/><V37/><F110/><W118/><G118/><T27/><D112/><U92/><E38/><V115/><F37/><W31/><G31/><T100/><D88/><N who="3" m="33897" /><G9/><T43/><D27/><U49/><E95/><V84/><F36/><W74/><G74/><T91/><D91/><U56/><E128/><V58/><F75/><W134/><G134/><T21/><D19/><U111/><E111/><N who="0" m="42569" /><D43/><U87/><E87/><V126/><F115/><W105/><G105/><AGARI ba="0,0" hai="4,8,13,18,21,24,50,51,98,100,105" m="42569" machi="105" ten="30,2000,0" yaku="14,1,52,1" doraHai="2" who="0" fromWho="3" sc="292,20,421,0,167,0,120,-20" owari="312,11.0,421,52.0,167,-23.0,100,-40.0" /></mjloggm>