<mjloggm ver="2.3"><GO type="169" lobby="0"/><UN n0="%E7%A5%AD%E4%BA%BA" n1="%EF%BC%88%E2%89%A7%E2%96%BD%E2%89%A6%EF%BC%89" n2="%E3%83%87%E3%82%A3%E3%82%AA%E3%83%90%E3%83%B3" n3="%E8%B6%8A%E6%99%BA%E3%81%AB%E3%82%83%E3%82%93" dan="17,19,16,16" rate="2189.45,2296.57,2073.08,2027.73" sx="M,M,M,M"/><TAIKYOKU oya="0"/><INIT seed="0,0,0,5,2,25" ten="250,250,250,250" oya="0" hai0="80,15,20,37,27,66,90,16,13,10,84,46,50" hai1="87,2,74,96,75,111,34,60,52,100,88,39,12" hai2="42,133,61,55,11,21,121,26,4,95,72,93,53" hai3="119,104,22,126,49,98,59,81,110,31,77,9,92"/><T6/><D37/><U122/><E2/><V76/><F121/><W108/><G119/><T48/><D66/><U132/><E39/><V44/><F133/><W125/><G104/><T62/><D62/><U89/><E122/><V107/><F107/><W33/><G33/><T45/><D50/><U112/><E34/><V18/><F61/><W102/><G9/><T1/><REACH who="0" step="1"/><D46/><REACH who="0" ten="240,250,250,250" step="2"/><U14/><E60/><V71/><F44/><W118/><G49/><T115/><D115/><U32/><E112/><V131/><F71/><W28/><G59/><T3/><D3/><U78/><E132/><V83/><F131/><W120/><G120/><T23/><D23/><U117/><E32/><V54/><REACH who="2" step="1"/><F42/><AGARI ba="0,1" hai="1,6,10,13,15,16,20,27,42,45,48,80,84,90" machi="42" ten="30,5800,0" yaku="1,1,7,1,54,1,53,0" doraHai="25" doraHaiUra="116" who="0" fromWho="2" sc="240,68,250,0,250,-58,250,0" /><INIT seed="0,1,0,1,3,39" ten="308,250,192,250" oya="0" hai0="98,106,78,73,12,51,14,116,1,105,33,38,131" hai1="48,7,88,84,102,77,81,59,22,27,41,42,70" hai2="92,40,3,15,107,9,124,117,86,112,128,126,114" hai3="53,29,99,50,108,127,10,71,125,67,103,61,101"/><T90/><D38/><U60/><E7/><V5/><F107/><W30/><G108/><T46/><D1/><U24/><E70/><V54/><F54/><W119/><G10/><T8/><D33/><U132/><E132/><V76/><F76/><W21/><G119/><T32/><D32/><U36/><E36/><V123/><F123/><W134/><G134/><T83/><D116/><U96/><E77/><V19/><F117/><W89/><G89/><T57/><D57/><U113/><E113/><N who="2" m="43627" /><F40/><N who="1" m="15465" /><E48/><V6/><F86/><W31/><G21/><T104/><D78/><U52/><E22/><N who="2" m="11647" /><F92/><AGARI ba="1,0" hai="24,27,52,59,60,81,84,88,92,96,102" m="15465" machi="92" ten="30,12000,2" yaku="8,1,52,3,54,2" doraHai="39" who="1" fromWho="2" sc="308,0,250,123,192,-123,250,0" /><INIT seed="1,0,0,5,3,24" ten="308,373,69,250" oya="1" hai0="134,97,50,91,80,61,2,114,79,59,23,57,19" hai1="133,64,122,7,25,102,75,67,60,110,108,45,14" hai2="112,21,78,119,38,85,118,41,15,125,51,100,132" hai3="77,68,4,9,22,56,5,135,90,84,72,87,63"/><U95/><E75/><V55/><F38/><W96/><G68/><T30/><D2/><U81/><E122/><V128/><F41/><W109/><G109/><N who="1" m="42090" /><E133/><V37/><F100/><W1/><G135/><T123/><D114/><U69/><E81/><V28/><F37/><W106/><G4/><T48/><D134/><U73/><E73/><V12/><F132/><W10/><G9/><T127/><D127/><U31/><E67/><V65/><F125/><W117/><G117/><T66/><D123/><U35/><E45/><V76/><F65/><W54/><G72/><T99/><D59/><U89/><E102/><V116/><F112/><W82/><G22/><T13/><D91/><U120/><E120/><V34/><F34/><W26/><G26/><N who="0" m="16735" /><D80/><U104/><E104/><V115/><F115/><W32/><G32/><T44/><D79/><U17/><E7/><V53/><F116/><W121/><G121/><T40/><D50/><U93/><E89/><V88/><F88/><W71/><G106/><T103/><D103/><U18/><E18/><V107/><F107/><W83/><G96/><T11/><AGARI ba="0,0" hai="11,13,19,40,44,48,57,61,66,97,99" m="16735" machi="11" ten="30,2000,0" yaku="8,1,52,1" doraHai="24" who="0" fromWho="0" sc="308,20,373,-10,69,-5,250,-5" /><INIT seed="2,0,0,4,2,17" ten="328,363,64,245" oya="2" hai0="135,13,73,109,52,47,100,80,110,116,123,48,38" hai1="57,42,66,68,91,65,2,78,103,14,101,129,0" hai2="18,119,62,12,95,89,102,93,72,3,99,5,96" hai3="45,98,76,15,7,87,6,21,19,92,127,26,43"/><V8/><F119/><W4/><G127/><T90/><D123/><U23/><E68/><V94/><F72/><W132/><G132/><T75/><D100/><U106/><E129/><V79/><F79/><W41/><G76/><T50/><D38/><U30/><E78/><V71/><F95/><W56/><G87/><N who="0" m="50535" /><D135/><U59/><E42/><N who="3" m="15882" /><G56/><N who="0" m="32775" /><D13/><U97/><E2/><V9/><F71/><W84/><G84/><T11/><D11/><U28/><E0/><V115/><REACH who="2" step="1"/><F62/><REACH who="2" ten="328,363,54,245" step="2"/><W121/><G121/><T67/><D116/><U117/><E117/><V1/><F1/><W122/><G122/><T125/><D75/><U61/><E61/><V85/><F85/><W113/><G113/><AGARI ba="0,1" hai="3,5,8,9,12,18,89,93,94,96,99,102,113,115" machi="113" ten="40,2000,0" yaku="1,1,53,0" doraHai="17" doraHaiUra="74" who="2" fromWho="3" sc="328,0,363,0,54,30,245,-20" /><INIT seed="2,1,0,4,4,56" ten="328,363,84,225" oya="2" hai0="5,91,132,112,111,72,133,86,125,103,25,42,14" hai1="80,47,121,116,109,43,20,66,87,17,122,67,82" hai2="48,79,13,68,53,15,37,114,27,81,134,131,83" hai3="130,0,22,106,78,73,45,11,108,44,74,38,49"/><V71/><F114/><W29/><G106/><T31/><D72/><U62/><E109/><V10/><F37/><W30/><G108/><T55/><D111/><U113/><E116/><V61/><F27/><W129/><G38/><T57/><D112/><U16/><E113/><V6/><F131/><N who="3" m="50187" /><G45/><T3/><D3/><U12/><E17/><V97/><F97/><W93/><G93/><T118/><D103/><U60/><E80/><V36/><F36/><W120/><G120/><N who="1" m="46186" /><E67/><V23/><F134/><W40/><G78/><T123/><D123/><U32/><E66/><V76/><F68/><W41/><G41/><T65/><D42/><U46/><E32/><V89/><F71/><W7/><G22/><T2/><D132/><U102/><E102/><V51/><F89/><W104/><G104/><T18/><D91/><N who="1" m="51703" /><E46/><V54/><F23/><W63/><G30/><T64/><D31/><U88/><E88/><V34/><F34/><W75/><G29/><T99/><D133/><U96/><E96/><V28/><F28/><W105/><G105/><T95/><D99/><U119/><E119/><V98/><F98/><W101/><G101/><T92/><D118/><U107/><E107/><V117/><F117/><W4/><G4/><T39/><D5/><U128/><E128/><V19/><F6/><W90/><G90/><T135/><D135/><U94/><E94/><V58/><F19/><W9/><G9/><T8/><D8/><U77/><E77/><V100/><F10/><W50/><G74/><T1/><D92/><U115/><E115/><V35/><F100/><W26/><G75/><RYUUKYOKU ba="1,0" sc="328,-10,363,30,84,-10,225,-10" hai1="12,16,20,43,47,60,62" /><INIT seed="3,2,0,0,2,120" ten="318,393,74,215" oya="3" hai0="117,126,90,70,43,104,99,52,84,39,128,131,124" hai1="78,119,36,121,94,127,97,45,92,108,49,116,91" hai2="129,15,12,55,63,14,106,21,7,75,83,10,133" hai3="50,20,67,57,25,113,88,3,110,93,56,0,48"/><W66/><G113/><T11/><D117/><N who="1" m="45131" /><E108/><V71/><F106/><W115/><G115/><T73/><D73/><U35/><E35/><V132/><F129/><N who="0" m="49738" /><D70/><U4/><E127/><V111/><F21/><W122/><G122/><T51/><D11/><U32/><E32/><V59/><F71/><W65/><G110/><T95/><D43/><N who="1" m="22759" /><E78/><N who="2" m="44511" /><F111/><W135/><G135/><AGARI ba="2,0" hai="7,10,12,14,15,55,59,63,132,133,135" m="44511" machi="135" ten="30,1000,0" yaku="20,1" doraHai="120" who="2" fromWho="3" sc="318,0,393,0,74,16,215,-16" /><INIT seed="4,0,0,1,2,12" ten="318,393,90,199" oya="0" hai0="32,85,68,79,126,105,109,130,83,24,65,42,67" hai1="80,74,127,101,118,48,33,135,128,21,115,40,78" hai2="89,57,6,4,27,16,61,50,20,82,76,99,2" hai3="73,10,7,97,111,122,112,125,51,88,1,55,25"/><T129/><D126/><U19/><E33/><V47/><F2/><W77/><G111/><T64/><D109/><U117/><E128/><N who="0" m="49257" /><D105/><U52/><E127/><V72/><F99/><W15/><G125/><T43/><D68/><U60/><E135/><V91/><F91/><W120/><G112/><T56/><D56/><U116/><E101/><V95/><F95/><W87/><G73/><T93/><D93/><U121/><E121/><V17/><F89/><W104/><G77/><T11/><D11/><U86/><E115/><V39/><F39/><W58/><G25/><T96/><D96/><U3/><E60/><V94/><F94/><W110/><G110/><T34/><D34/><U124/><E124/><V35/><F17/><W90/><G1/><T69/><D69/><U9/><E9/><V13/><F27/><W37/><G37/><T41/><D43/><U36/><E3/><V70/><F70/><W114/><G114/><T131/><D131/><U38/><E40/><V107/><F107/><W49/><G49/><T0/><D0/><U62/><E62/><V54/><REACH who="2" step="1"/><F35/><REACH who="2" ten="318,393,80,199" step="2"/><W5/><G5/><T30/><AGARI ba="0,1" hai="24,30,32,41,42,64,65,67,79,83,85" m="49257" machi="30" ten="40,2100,0" yaku="19,1" doraHai="12" who="0" fromWho="0" sc="318,31,393,-7,80,-7,199,-7" /><INIT seed="4,1,0,3,0,33" ten="349,386,73,192" oya="0" hai0="2,56,10,57,19,94,13,106,100,128,127,58,4" hai1="77,110,35,30,20,87,71,131,99,70,3,69,98" hai2="45,92,90,40,11,88,38,97,107,82,22,133,43" hai3="31,21,7,129,0,105,96,75,116,109,114,42,5"/><T26/><D106/><U113/><E110/><V67/><F133/><W34/><G109/><T1/><D127/><U79/><E35/><V63/><F107/><W46/><G116/><T8/><D128/><U124/><E3/><V122/><F122/><W16/><G129/><T121/><D121/><U119/><E119/><V101/><F43/><W61/><G75/><T64/><D26/><U50/><E131/><V120/><F120/><W37/><G114/><T60/><REACH who="0" step="1"/><D2/><REACH who="0" ten="339,386,73,192" step="2"/><U132/><E124/><V123/><F123/><W47/><G105/><T65/><D65/><U18/><E132/><V93/><F82/><W6/><G0/><T111/><D111/><U103/><E113/><V74/><F74/><W91/><G34/><T41/><D41/><U95/><E30/><V130/><F130/><W51/><G31/><T62/><D62/><U66/><E66/><V73/><F73/><W112/><G61/><T27/><D27/><U54/><E87/><V108/><F108/><W78/><G112/><T44/><D44/><U126/><E126/><V102/><F11/><W118/><G118/><T49/><D49/><U36/><E50/><V14/><F14/><W29/><G29/><T32/><D32/><U125/><E125/><V48/><F22/><W28/><G28/><T25/><D25/><U72/><E20/><V76/><F76/><W59/><G78/><T89/><D89/><U55/><E77/><V17/><F48/><W53/><G46/><T134/><D134/><U9/><E79/><V15/><F90/><W68/><G91/><T39/><D39/><U80/><E36/><RYUUKYOKU ba="1,1" sc="339,30,386,-10,73,-10,192,-10" hai0="1,4,8,10,13,19,56,57,58,60,64,94,100" /><INIT seed="4,2,1,0,2,123" ten="369,376,63,182" oya="0" hai0="4,92,63,112,9,108,68,79,27,94,20,103,64" hai1="76,113,122,30,118,6,126,131,132,25,110,83,18" hai2="99,2,3,49,71,36,115,14,60,114,67,130,55" hai3="42,111,33,100,127,135,73,54,29,133,69,65,74"/><T70/><D70/><U26/><E122/><V66/><F36/><W121/><G121/><T109/><D112/><N who="2" m="43050" /><F67/><W7/><G127/><T85/><D103/><U120/><E6/><V106/><F130/><W21/><G42/><T57/><D68/><U91/><E91/><V40/><F40/><W61/><G33/><T98/><D98/><U88/><E26/><V72/><F72/><W56/><G7/><T129/><D129/><U128/><E83/><V13/><F106/><W95/><G100/><T22/><D79/><U46/><E46/><N who="2" m="28087" /><F99/><W31/><G73/><T53/><D64/><U44/><E128/><V101/><F101/><W93/><G74/><T48/><D63/><U90/><E131/><V10/><F13/><W86/><G65/><T134/><D134/><U96/><E132/><V16/><AGARI ba="2,1" hai="2,3,10,14,16,60,66,71" m="28087,43050" machi="16" ten="30,2000,0" yaku="15,1,54,1" doraHai="123" who="2" fromWho="2" sc="369,-12,376,-7,63,36,182,-7" /><INIT seed="5,0,0,4,4,35" ten="357,369,99,175" oya="1" hai0="104,15,5,120,114,100,30,49,131,116,13,40,98" hai1="58,24,12,4,60,73,22,86,78,23,80,99,26" hai2="110,89,54,70,93,75,108,17,19,63,41,14,95" hai3="119,28,3,71,132,125,135,10,37,90,72,124,43"/><U84/><E99/><V122/><F75/><W130/><G72/><T0/><D116/><U129/><E129/><V34/><F122/><W77/><G71/><T134/><D30/><U65/><E24/><V81/><F34/><W82/><G28/><T39/><D39/><U74/><E74/><V8/><F41/><W20/><G20/><T67/><D114/><U6/><E23/><V127/><F127/><N who="3" m="48715" /><G77/><T69/><D98/><U38/><E38/><V11/><F81/><W25/><G25/><T133/><D100/><U29/><REACH who="1" step="1"/><E12/><REACH who="1" ten="357,359,99,175" step="2"/><V105/><F14/><W57/><G119/><T59/><D15/><U61/><E61/><V9/><F63/><W45/><G130/><T87/><D131/><U51/><E51/><V83/><F108/><W36/><G36/><T62/><D49/><U27/><E27/><V48/><F110/><W91/><G37/><T50/><D13/><U128/><E128/><V2/><F48/><W32/><G32/><T102/><D50/><U96/><E96/><V103/><F2/><W85/><G43/><T106/><D40/><U68/><E68/><V94/><F70/><W42/><G42/><T79/><D69/><U44/><E44/><V115/><F115/><W126/><G45/><T66/><D62/><U16/><E16/><V1/><F19/><W53/><G126/><T123/><D0/><U111/><E111/><V109/><F17/><W55/><G57/><T21/><D21/><U47/><E47/><V88/><F1/><W121/><G121/><T18/><D120/><U112/><E112/><V107/><F109/><W101/><G3/><RYUUKYOKU ba="0,1" sc="357,-10,359,30,99,-10,175,-10" hai1="4,6,22,26,29,58,60,65,73,78,80,84,86" /><INIT seed="5,1,1,3,1,32" ten="347,389,89,165" oya="1" hai0="131,81,98,84,38,52,129,135,43,68,29,54,99" hai1="112,71,114,42,72,55,60,9,133,107,120,7,3" hai2="88,36,111,31,104,39,34,61,78,21,121,94,59" hai3="82,128,4,109,26,108,49,46,134,123,96,8,0"/><U25/><E120/><V90/><F121/><W33/><G123/><T30/><D68/><U95/><E107/><V115/><F111/><W125/><G128/><N who="0" m="49227" /><D135/><U116/><E116/><V87/><F104/><W117/><G134/><T10/><D10/><U73/><E133/><V27/><F115/><N who="1" m="44073" /><E42/><V105/><F105/><W67/><G117/><T57/><D43/><U92/><E25/><V66/><F78/><W51/><G125/><T132/><D38/><U35/><E35/><V56/><F34/><W86/><G67/><T5/><D5/><U70/><E70/><V44/><F44/><W48/><G96/><N who="0" m="36907" /><D132/><U74/><E55/><N who="0" m="21033" /><D57/><U20/><E20/><V18/><F59/><W12/><G46/><T11/><D11/><U83/><E83/><V127/><F127/><W113/><G113/><T126/><D126/><U24/><E24/><V64/><F64/><AGARI ba="1,1" hai="3,7,9,60,64,71,72,73,74,92,95" m="44073" machi="64" ten="40,3900,0" yaku="15,1,52,1" doraHai="32" who="1" fromWho="2" sc="347,0,389,52,89,-42,165,0" /><INIT seed="5,2,0,1,1,46" ten="347,441,47,165" oya="1" hai0="26,128,59,100,42,13,34,50,124,110,75,101,133" hai1="104,6,33,97,70,69,88,74,32,8,117,35,94" hai2="11,125,40,132,21,55,95,58,4,99,27,81,78" hai3="122,23,7,92,64,72,134,123,107,38,86,77,3"/><U47/><E117/><V60/><F125/><W51/><G38/><T5/><D75/><U127/><E127/><V63/><F132/><W44/><G107/><T116/><D116/><U114/><E114/><V76/><F40/><W135/><G72/><T19/><D5/><U118/><E118/><V1/><F63/><W106/><G106/><T9/><D110/><U25/><E74/><V20/><F81/><W28/><G64/><T98/><D128/><U113/><E113/><V82/><F82/><W56/><G56/><T109/><D109/><U102/><E25/><V84/><F84/><W2/><G28/><T120/><D133/><N who="3" m="50697" /><G23/><T62/><D124/><U121/><E47/><V54/><F54/><N who="3" m="30055" /><G7/><T10/><D34/><U79/><E121/><N who="3" m="46090" /><G77/><T14/><D26/><U57/><E79/><V16/><REACH who="2" step="1"/><F21/><REACH who="2" ten="347,441,37,165" step="2"/><W39/><G39/><T73/><D62/><U130/><E33/><V71/><F71/><W90/><AGARI ba="2,1" hai="2,3,86,90,92" m="46090,30055,50697" machi="90" ten="40,2700,0" yaku="20,1,52,1" doraHai="46" who="3" fromWho="3" sc="347,-9,441,-15,37,-9,165,43" /><INIT seed="6,0,0,4,0,64" ten="338,426,28,208" oya="2" hai0="124,46,52,127,51,27,61,119,8,104,130,80,60" hai1="65,42,105,2,85,14,50,109,89,76,45,88,87" hai2="131,95,79,97,68,129,22,69,35,31,5,126,75" hai3="23,125,72,4,99,0,77,24,34,40,33,118,66"/><V112/><F35/><W13/><G118/><T106/><D119/><U113/><E2/><V25/><F5/><W107/><G125/><N who="0" m="48203" /><D130/><N who="2" m="49674" /><F126/><W94/><G107/><N who="0" m="41003" /><D80/><N who="1" m="47239" /><E105/><V30/><F112/><W93/><G40/><T9/><D27/><U44/><E113/><V56/><F56/><W120/><G120/><T17/><D17/><U70/><E44/><V132/><F132/><W49/><G0/><T3/><D3/><U110/><E45/><V62/><F62/><AGARI ba="0,0" hai="8,9,46,51,52,60,61,62" m="41003,48203" machi="62" ten="30,2000,0" yaku="18,1,54,1" doraHai="64" who="0" fromWho="2" sc="338,20,426,0,28,-20,208,0" /><INIT seed="7,0,0,4,5,17" ten="358,426,8,208" oya="3" hai0="131,23,11,133,37,96,64,111,83,16,49,24,42" hai1="47,135,115,80,67,95,46,34,81,90,53,69,60" hai2="119,59,54,82,39,15,6,61,31,28,19,43,120" hai3="48,124,12,56,0,109,79,41,73,52,66,107,45"/><W116/><G116/><T65/><D111/><U13/><E34/><V78/><F119/><W57/><G0/><T76/><D37/><U70/><E70/><V130/><F130/><W38/><G107/><T35/><D133/><U88/><E115/><V72/><F120/><W98/><G109/><T104/><D131/><U126/><E126/><V99/><F6/><W127/><G79/><T113/><D113/><U123/><E135/><V58/><F43/><W75/><G98/><T14/><D35/><U44/><E123/><V68/><F39/><W132/><G12/><T91/><D104/><U30/><E30/><V97/><F68/><W33/><G33/><T102/><D102/><U63/><E13/><V40/><F40/><W32/><G32/><T7/><D91/><U118/><E118/><V93/><F59/><W89/><G89/><T3/><D96/><U55/><E90/><V117/><F117/><W22/><G22/><T108/><D108/><U62/><E69/><V85/><F72/><W9/><G9/><T101/><D101/><U129/><E129/><V36/><F36/><W94/><G94/><T121/><D121/><U8/><E88/><N who="2" m="55463" /><F99/><W4/><G4/><T27/><D27/><U92/><E92/><V20/><AGARI ba="0,0" hai="15,19,20,28,31,54,58,61,78,82,85" m="55463" machi="20" ten="30,4000,0" yaku="8,1,52,1,54,1" doraHai="17" who="2" fromWho="2" sc="358,-10,426,-10,8,40,208,-20" owari="348,15.0,416,51.0,48,-45.0,188,-21.0" /></mjloggm>