<mjloggm ver="2.3"><GO type="97" lobby="0"/><UN n0="%E3%81%A7%E3%82%93%E3%81%A7%E3%82%93%E2%99%AA" n1="%E3%81%A1%E3%81%8D%E3%81%9F%E6%94%B9" n2="%E6%B6%85%E7%9C%A0" n3="%E3%82%A6%E3%83%AB%E3%83%88%E3%83%A9%E7%AB%8B%E7%9B%B4" dan="14,13,13,15" rate="1940.81,1827.65,1841.51,1958.17" sx="F,M,M,M"/><TAIKYOKU oya="0"/><INIT seed="0,0,0,3,2,109" ten="250,250,250,250" oya="0" hai0="49,50,44,45,95,119,110,43,58,108,82,104,64" hai1="21,79,97,71,39,89,92,88,93,19,16,36,42" hai2="32,90,85,13,114,76,77,25,73,96,10,133,125" hai3="100,7,27,61,62,51,52,86,9,134,66,127,78"/><T59/><D104/><U5/><E71/><V33/><F133/><W34/><G134/><T55/><D82/><U126/><E126/><V105/><F125/><W18/><G127/><T4/><D4/><U75/><E5/><V129/><F129/><W3/><G100/><T87/><D95/><U101/><E101/><V128/><F128/><W38/><G38/><T103/><D87/><U131/><E131/><V67/><F67/><W40/><G40/><T83/><D83/><U118/><E118/><V57/><F57/><W35/><G78/><T53/><D103/><U48/><E79/><V91/><F114/><W122/><G86/><T72/><D72/><U98/><E75/><V113/><F113/><W22/><G122/><T12/><D12/><U6/><E6/><V56/><F56/><N who="0" m="21546" /><D64/><U28/><E28/><V115/><F115/><W29/><G66/><T63/><D63/><U74/><E74/><V8/><F105/><W31/><G61/><T20/><D20/><U123/><E123/><V135/><F135/><W124/><G62/><T41/><D119/><U11/><E11/><V1/><F1/><W84/><G84/><T69/><D69/><U2/><E2/><V132/><F132/><W112/><G112/><T130/><D130/><U94/><E94/><V24/><F96/><W47/><REACH who="3" step="1"/><G124/><REACH who="3" ten="250,250,250,240" step="2"/><T120/><D120/><U26/><E42/><AGARI ba="0,1" hai="41,42,43,44,45,49,50,53,55,108,110" m="21546" machi="42" ten="30,2900,0" yaku="34,2" doraHai="109" who="0" fromWho="1" sc="250,39,250,-29,250,0,240,0" /><INIT seed="0,1,0,3,5,124" ten="289,221,250,240" oya="0" hai0="108,135,35,80,27,24,94,130,104,37,102,32,133" hai1="26,83,79,134,16,43,86,48,90,75,125,81,20" hai2="11,19,93,23,12,98,55,101,61,120,103,119,54" hai3="107,39,59,30,114,109,99,95,6,76,3,0,60"/><T36/><D104/><U29/><E125/><V33/><F119/><W92/><G39/><N who="0" m="14923" /><D80/><U121/><E121/><V38/><F38/><W5/><G107/><T96/><D108/><U63/><E134/><N who="0" m="51209" /><D130/><U53/><E43/><V74/><F74/><W97/><G76/><T123/><D123/><U118/><E118/><V129/><F129/><W64/><G109/><T78/><D78/><U22/><E63/><V17/><F120/><W34/><G114/><T31/><D24/><U127/><E127/><V85/><F33/><AGARI ba="1,0" hai="27,31,32,33,35,94,96,102" m="51209,14923" machi="33" ten="30,1500,0" yaku="20,1" doraHai="124" who="0" fromWho="2" sc="289,18,221,0,250,-18,240,0" /><INIT seed="0,2,0,0,1,49" ten="307,221,232,240" oya="0" hai0="125,127,93,106,0,40,121,61,6,35,110,111,57" hai1="132,9,64,66,43,42,44,95,7,118,80,103,25" hai2="68,82,108,58,16,47,133,8,122,100,92,15,31" hai3="113,116,50,12,96,45,3,38,69,98,79,22,129"/><T89/><D106/><U117/><E118/><V88/><F108/><N who="0" m="41514" /><D121/><U63/><E117/><V4/><F122/><W34/><G3/><T55/><D35/><U67/><E132/><V91/><F68/><W120/><G34/><T36/><D36/><U19/><E80/><V10/><F58/><W33/><G33/><T85/><D40/><U27/><E63/><V1/><F31/><W53/><G69/><T28/><D28/><U112/><E112/><V130/><F130/><W97/><G38/><T76/><D76/><U59/><E59/><V41/><F133/><W39/><G39/><T86/><D86/><U60/><E60/><V29/><F29/><W11/><G116/><T124/><D0/><U23/><E25/><V74/><F100/><W83/><G120/><T24/><D24/><U131/><E131/><V2/><F2/><W104/><G104/><T84/><D84/><U56/><E56/><V37/><F92/><W20/><G129/><T46/><D46/><U81/><E81/><V72/><F72/><W54/><G113/><T17/><D17/><U109/><E109/><V115/><F115/><W13/><G79/><AGARI ba="2,0" hai="1,4,8,10,15,16,37,41,47,74,79,82,88,91" machi="79" ten="40,8000,1" yaku="25,2,54,2" doraHai="49" who="2" fromWho="3" sc="307,0,221,0,232,86,240,-86" /><INIT seed="1,0,0,2,2,29" ten="307,221,318,154" oya="1" hai0="34,105,54,58,134,67,104,32,120,127,76,38,0" hai1="21,55,91,14,132,101,86,131,3,2,114,12,30" hai2="20,63,97,9,44,90,31,7,116,125,68,72,40" hai3="53,48,122,129,121,59,98,123,57,118,79,10,88"/><U45/><E114/><V15/><F116/><W46/><G118/><T94/><D38/><U111/><E132/><V130/><F72/><W133/><G129/><T23/><D0/><U65/><E131/><V83/><F125/><W22/><G133/><T33/><D134/><U107/><E65/><V47/><F130/><W92/><G79/><T108/><D127/><U96/><E111/><V36/><F47/><W113/><G113/><T81/><D108/><U103/><E103/><V11/><F11/><W18/><REACH who="3" step="1"/><G10/><REACH who="3" ten="307,221,318,144" step="2"/><T89/><D120/><U99/><E3/><V115/><F115/><W82/><G82/><T109/><D109/><U1/><E2/><V60/><F83/><W64/><G64/><T28/><D67/><U8/><E1/><V56/><F68/><W61/><G61/><T43/><D81/><N who="1" m="49615" /><E107/><V85/><F63/><W135/><G135/><T74/><D76/><U13/><E8/><V84/><F60/><W6/><G6/><T100/><D104/><U71/><E71/><V37/><F9/><W27/><AGARI ba="0,1" hai="18,22,27,46,48,53,57,59,88,92,98,121,122,123" machi="27" ten="30,4000,0" yaku="1,1,0,1,54,1,53,0" doraHai="29" doraHaiUra="112" who="3" fromWho="3" sc="307,-10,221,-20,318,-10,144,50" /><INIT seed="2,0,0,5,0,71" ten="297,201,308,194" oya="2" hai0="91,15,12,42,79,64,14,9,101,6,131,3,82" hai1="57,13,58,87,70,49,45,132,43,97,128,117,32" hai2="74,4,80,22,24,99,78,127,23,0,100,118,44" hai3="104,34,27,112,31,68,41,135,36,119,109,47,54"/><V126/><F118/><W10/><G119/><T96/><D131/><U107/><E117/><V76/><F76/><W129/><G129/><T83/><D64/><U89/><E128/><V29/><F23/><W95/><G135/><T88/><D42/><U111/><E32/><V19/><F29/><W122/><G122/><T120/><D120/><U73/><E73/><V52/><F4/><W92/><G109/><T65/><D65/><U33/><E33/><V53/><F0/><W81/><G112/><T69/><D69/><U98/><E70/><V61/><F61/><W5/><G104/><T105/><REACH who="0" step="1"/><D83/><REACH who="0" ten="287,201,308,194" step="2"/><U59/><E111/><V103/><F53/><W63/><G81/><T38/><D38/><U2/><E132/><V11/><F11/><W116/><G116/><T121/><D121/><U39/><E39/><V28/><F127/><W108/><G108/><T134/><D134/><U35/><E35/><V18/><F126/><W30/><G68/><T48/><D48/><U123/><E123/><V7/><F52/><W113/><G113/><T86/><AGARI ba="0,1" hai="3,6,9,12,14,15,79,82,86,88,91,96,101,105" machi="86" ten="30,8000,1" yaku="1,1,0,1,54,1,53,2" doraHai="71" doraHaiUra="85" who="0" fromWho="0" sc="287,90,201,-20,308,-40,194,-20" /><INIT seed="3,0,0,3,3,67" ten="377,181,268,174" oya="3" hai0="1,72,7,32,94,73,135,60,75,38,131,45,4" hai1="26,99,17,16,24,57,118,134,93,123,55,28,71" hai2="44,30,18,2,104,43,48,6,3,133,23,77,120" hai3="19,35,109,82,108,41,100,40,36,21,112,116,14"/><W12/><G35/><T13/><D13/><U34/><E123/><V128/><F104/><W62/><G116/><T76/><D94/><U121/><E118/><V130/><F120/><W20/><G112/><T89/><D89/><U127/><E121/><V105/><F105/><W11/><G100/><T29/><D60/><U91/><E127/><V113/><F113/><W46/><G40/><N who="0" m="22679" /><D7/><U80/><E80/><V90/><F90/><W124/><G124/><T111/><D111/><N who="3" m="42569" /><G82/><N who="0" m="45319" /><D135/><U125/><E134/><V79/><F133/><W132/><G132/><T87/><D87/><U64/><E125/><V33/><F33/><W65/><G14/><T114/><D114/><U54/><E54/><V59/><F2/><W25/><G25/><N who="0" m="18479" /><D131/><U9/><E9/><AGARI ba="0,0" hai="1,4,9,73,75" m="18479,45319,22679" machi="9" ten="30,3900,0" yaku="25,1,33,2" doraHai="67" who="0" fromWho="1" sc="377,39,181,-39,268,0,174,0" owari="416,52.0,142,-36.0,268,7.0,174,-23.0" /></mjloggm>