<mjloggm ver="2.3"><GO type="97" lobby="0"/><UN n0="%61%70%6F%72%6F%6F%6F" n1="%66%75%6A%69%6D%75%72%61" n2="%E3%82%A6%E3%83%AB%E3%83%88%E3%83%A9%E7%AB%8B%E7%9B%B4" n3="%6F%6C%64%63%61%74" dan="13,15,15,14" rate="1939.95,2002.55,2012.34,1881.80" sx="M,M,M,F"/><TAIKYOKU oya="0"/><INIT seed="0,0,0,5,3,59" ten="250,250,250,250" oya="0" hai0="80,118,101,57,77,129,10,40,76,15,131,17,37" hai1="19,81,94,5,113,111,1,69,0,112,49,63,116" hai2="62,127,96,71,30,3,50,66,9,115,41,14,90" hai3="104,87,54,83,55,109,132,107,2,123,82,70,86"/><T34/><D34/><U39/><E39/><V53/><F3/><W16/><G2/><T28/><D118/><U67/><E116/><V84/><F30/><W100/><G70/><T75/><D101/><U130/><E81/><V64/><F96/><W27/><G109/><T26/><D77/><U128/><E111/><V92/><F115/><N who="1" m="44105" /><E94/><V98/><F127/><W126/><G126/><T48/><D37/><U93/><E93/><V119/><F119/><W74/><G74/><T56/><D40/><U4/><E49/><V65/><F41/><W46/><G132/><T88/><D88/><U20/><E0/><V32/><F32/><W8/><G123/><T120/><D120/><U6/><E1/><V36/><F98/><W45/><G100/><T133/><D133/><U25/><AGARI ba="0,0" hai="4,5,6,19,20,25,63,67,69,128,130" m="44105" machi="25" ten="40,2700,0" yaku="11,1,52,1" doraHai="59" who="1" fromWho="1" sc="250,-13,250,27,250,-7,250,-7" /><INIT seed="1,0,0,0,3,86" ten="237,277,243,243" oya="1" hai0="89,112,16,77,56,53,134,55,66,104,36,93,100" hai1="24,76,103,30,32,2,123,0,83,98,130,97,116" hai2="126,107,90,5,44,105,118,6,49,63,124,101,122" hai3="59,10,95,19,108,52,12,18,38,106,102,46,58"/><U82/><E116/><V28/><F28/><W57/><G108/><T23/><D112/><U72/><E123/><V128/><F63/><W14/><G106/><N who="2" m="40457" /><F101/><W25/><G25/><T74/><D36/><U54/><E130/><V9/><F9/><W13/><G38/><T21/><D134/><U127/><E127/><N who="2" m="48683" /><F128/><W92/><G102/><T1/><D1/><U22/><E83/><V35/><F35/><W47/><G10/><T7/><D23/><U61/><E98/><V4/><F122/><W131/><G131/><T64/><D55/><U78/><E78/><V120/><F120/><W115/><G115/><T15/><D7/><U85/><E32/><V119/><F90/><W33/><G33/><T62/><D104/><U79/><E79/><V27/><F27/><W70/><G70/><T60/><D100/><U87/><E0/><V34/><F34/><W17/><G52/><AGARI ba="0,0" hai="4,5,6,44,49,52,118,119" m="48683,40457" machi="52" ten="40,2600,0" yaku="18,1,54,1" doraHai="86" who="2" fromWho="3" sc="237,0,277,0,243,26,243,-26" /><INIT seed="2,0,0,1,5,83" ten="237,277,269,217" oya="2" hai0="120,119,73,34,80,89,21,133,124,64,125,111,105" hai1="38,70,74,23,41,135,65,123,60,84,0,122,76" hai2="85,100,95,102,131,91,109,49,62,1,132,112,48" hai3="20,79,10,58,98,69,53,78,113,96,6,42,59"/><V103/><F1/><W50/><G69/><T31/><D64/><U81/><E0/><V118/><F118/><W55/><G113/><T2/><D21/><U26/><E135/><V114/><F132/><W44/><G20/><T46/><D46/><U32/><E38/><V75/><F75/><W106/><G106/><T126/><D89/><U35/><E41/><V27/><F131/><W19/><G19/><T37/><D80/><U104/><E104/><V52/><F109/><W90/><G98/><T14/><D14/><U116/><E116/><V87/><F27/><W77/><G96/><T12/><D12/><U15/><E15/><V4/><F4/><W22/><G22/><T110/><D31/><U18/><REACH who="1" step="1"/><E74/><REACH who="1" ten="237,267,269,217" step="2"/><V63/><F114/><W29/><G42/><T99/><D111/><U17/><E17/><V94/><F112/><W134/><G134/><T36/><D125/><U72/><E72/><V117/><F117/><W57/><G29/><T86/><D126/><U129/><E129/><V40/><F40/><W68/><G6/><T43/><D43/><U93/><E93/><V16/><F16/><W128/><G128/><T82/><D124/><U56/><E56/><V108/><F108/><W127/><G127/><T25/><D110/><U7/><E7/><V51/><F94/><W3/><G68/><T30/><D119/><U28/><E28/><V121/><F95/><W67/><G67/><T11/><D105/><U71/><E71/><V107/><F107/><W97/><G55/><T5/><D133/><U54/><E54/><V39/><F52/><W13/><G3/><RYUUKYOKU ba="0,1" sc="237,-10,267,30,269,-10,217,-10" hai1="18,23,26,32,35,60,65,70,76,81,84,122,123" /><INIT seed="3,1,1,4,0,58" ten="227,297,259,207" oya="3" hai0="45,28,59,123,42,54,115,134,35,83,32,89,9" hai1="93,73,98,67,60,100,129,15,109,70,56,43,68" hai2="108,50,117,37,11,1,105,66,104,8,29,64,63" hai3="26,75,21,47,86,46,127,82,14,94,135,40,22"/><W80/><G127/><T30/><D123/><U17/><E73/><V110/><F37/><W4/><G135/><T96/><D9/><U12/><E43/><V87/><F117/><W6/><G75/><T20/><D134/><U51/><E109/><V130/><F29/><W61/><G94/><T85/><D115/><U52/><E129/><V72/><F72/><W76/><G82/><T10/><D10/><U55/><E70/><V23/><F23/><W5/><G14/><T27/><D30/><U122/><E122/><V39/><F50/><N who="3" m="26951" /><G47/><T18/><D96/><U95/><E95/><V74/><F74/><W77/><G77/><T49/><REACH who="0" step="1"/><D28/><REACH who="0" ten="217,297,259,207" step="2"/><U48/><E17/><V107/><F11/><W125/><G125/><T103/><D103/><U3/><E3/><V24/><F8/><W99/><G99/><T112/><D112/><U53/><E68/><V65/><F1/><W2/><G2/><T16/><D16/><U31/><E31/><V113/><F113/><W88/><G76/><T25/><D25/><U81/><E15/><V124/><F24/><W44/><G26/><T79/><D79/><U106/><E12/><V119/><F124/><W114/><G114/><T0/><D0/><U101/><E101/><V132/><F132/><W13/><G13/><T34/><D34/><U92/><E106/><V62/><F107/><W90/><G90/><T126/><D126/><U91/><E81/><V36/><F105/><W38/><G22/><T131/><D131/><U33/><E33/><V118/><F104/><W71/><G21/><T133/><D133/><U57/><E51/><AGARI ba="1,2" hai="18,20,27,32,35,42,45,49,51,54,59,83,85,89" machi="51" ten="30,3900,0" yaku="1,1,6,1,7,1,53,0" doraHai="58" doraHaiUra="102" who="0" fromWho="1" sc="217,62,297,-42,259,0,207,0" /><INIT seed="4,0,0,5,0,121" ten="279,255,259,207" oya="0" hai0="120,11,99,63,85,112,22,100,28,76,65,36,103" hai1="111,128,47,52,67,5,3,13,133,86,106,55,124" hai2="75,77,94,132,59,134,62,88,91,46,19,10,95" hai3="80,119,131,37,43,84,105,18,79,64,20,104,17"/><T109/><D36/><U71/><E106/><V54/><F77/><W117/><G131/><T7/><D120/><U4/><E3/><V69/><F75/><W35/><G35/><T114/><D103/><U98/><E128/><V26/><F69/><W12/><G37/><T127/><D127/><U27/><E124/><V38/><F46/><W90/><G43/><T45/><D45/><U129/><E129/><V107/><F107/><W32/><G32/><T2/><D76/><U14/><E71/><V56/><F56/><W113/><G113/><N who="0" m="43627" /><D109/><U44/><E111/><V73/><F73/><W15/><G64/><T1/><D85/><U58/><E133/><V21/><F10/><W42/><G42/><T89/><D28/><U116/><E98/><N who="2" m="57671" /><F38/><W70/><G70/><N who="0" m="42303" /><D22/><U135/><E135/><V118/><F118/><W25/><G25/><T83/><D89/><U78/><E47/><V93/><F93/><W53/><G119/><T72/><D72/><U40/><E116/><V57/><F57/><W81/><G53/><T41/><D83/><N who="1" m="47479" /><E67/><V126/><F126/><W60/><G60/><T48/><D48/><N who="1" m="28679" /><E40/><V74/><F74/><W123/><G117/><T24/><D24/><U101/><E101/><V30/><F30/><W6/><G6/><N who="1" m="2666" /><E27/><V23/><F23/><W130/><G130/><T92/><D41/><U16/><E14/><AGARI ba="0,0" hai="1,2,7,11,14,92,99,100" m="42303,43627" machi="14" ten="30,1500,0" yaku="15,1" doraHai="121" who="0" fromWho="1" sc="279,15,255,-15,259,0,207,0" /><INIT seed="4,1,0,5,4,100" ten="294,240,259,207" oya="0" hai0="80,45,38,96,62,76,33,129,126,40,13,73,107" hai1="7,4,125,130,79,39,81,30,67,109,6,134,75" hai2="3,91,18,5,11,29,94,98,24,22,99,21,120" hai3="95,36,9,82,20,63,51,70,1,8,34,121,60"/><T131/><D33/><U25/><E109/><V103/><F120/><W72/><G121/><T124/><D62/><U111/><E111/><V116/><F116/><W84/><G72/><T42/><D13/><U61/><E39/><V26/><F103/><W135/><G36/><T48/><D107/><U43/><E43/><V58/><F58/><W52/><G34/><T123/><D96/><AGARI ba="1,0" hai="3,5,11,18,21,22,24,26,29,91,94,96,98,99" machi="96" ten="30,1000,0" yaku="7,1" doraHai="100" who="2" fromWho="0" sc="294,-13,240,0,259,13,207,0" /><INIT seed="5,0,0,0,0,19" ten="281,240,272,207" oya="1" hai0="81,98,86,5,76,71,93,75,95,119,32,107,0" hai1="101,61,47,4,130,132,67,84,8,109,11,29,46" hai2="77,23,100,39,36,96,48,122,110,58,128,118,121" hai3="54,62,31,40,94,103,52,18,51,16,92,25,105"/><U114/><E114/><V20/><F110/><W45/><G105/><T59/><D32/><U111/><E101/><V37/><F118/><W66/><G103/><T44/><D71/><U78/><E29/><V127/><F77/><W12/><G18/><T125/><D119/><U123/><E123/><V87/><F87/><W116/><G116/><T82/><D44/><U41/><E11/><V65/><F122/><W83/><G83/><T7/><D0/><U9/><E9/><V6/><F6/><W102/><G102/><N who="0" m="62935" /><D59/><U68/><E130/><V17/><F17/><W126/><G126/><T131/><D7/><U72/><E72/><V57/><F57/><N who="3" m="37199" /><G25/><T33/><D33/><U15/><E132/><V55/><F121/><W104/><G104/><T129/><D5/><U63/><E63/><V34/><F34/><W124/><G31/><T113/><D113/><U112/><E112/><V108/><F65/><W60/><G124/><T26/><D26/><U22/><E22/><V56/><F56/><N who="3" m="34823" /><G40/><T79/><D125/><U73/><E73/><V88/><F108/><N who="1" m="41545" /><E41/><V90/><F127/><W91/><G91/><T43/><D43/><U89/><E78/><V70/><F90/><W24/><G24/><T21/><D21/><AGARI ba="0,0" hai="12,16,21,45,51,54,92,94" m="34823,37199" machi="21" ten="30,7700,0" yaku="8,1,52,1,54,2" doraHai="19" who="3" fromWho="0" sc="281,-77,240,0,272,0,207,77" /><INIT seed="6,0,0,3,5,90" ten="204,240,272,284" oya="2" hai0="61,77,58,131,39,63,11,132,59,25,48,130,113" hai1="60,51,127,81,104,93,37,73,10,99,92,18,32" hai2="16,71,96,44,65,133,120,95,5,85,29,101,118" hai3="24,72,34,42,53,114,91,100,56,9,87,105,55"/><V0/><F120/><W62/><G72/><T68/><D11/><U31/><E37/><V2/><F118/><W46/><G114/><T88/><D25/><N who="1" m="18543" /><E51/><V125/><F125/><W102/><G105/><T76/><D113/><U22/><E10/><V1/><F133/><W35/><G35/><T134/><D48/><U21/><E81/><V112/><F112/><W64/><G9/><T50/><D50/><U52/><E73/><V107/><F44/><W80/><G34/><T115/><D115/><U106/><E127/><V36/><F36/><W6/><G6/><T103/><D103/><N who="1" m="62591" /><E106/><V19/><F29/><W20/><G100/><T4/><D39/><U110/><E52/><V15/><F15/><W122/><G122/><T121/><D121/><U23/><E18/><V98/><F5/><W8/><G8/><T75/><D4/><U84/><E84/><V111/><F85/><W27/><G102/><T79/><D75/><U33/><E33/><V38/><F38/><W86/><G27/><T94/><D68/><U3/><E3/><V123/><F123/><W17/><G86/><N who="0" m="52503" /><D59/><U129/><E110/><V78/><F78/><N who="0" m="19970" /><T54/><DORA hai="109" /><D61/><U41/><E41/><V116/><F111/><W83/><G83/><T14/><D14/><U26/><E26/><V82/><F82/><W30/><G30/><T135/><AGARI ba="0,0" hai="54,58,63,130,131,132,134,135" m="19970,52503" machi="135" ten="40,5200,0" yaku="20,1,52,1,54,1" doraHai="90,109" who="0" fromWho="0" sc="204,52,240,-13,272,-26,284,-13" /><INIT seed="7,0,0,2,2,10" ten="256,227,246,271" oya="3" hai0="19,42,43,85,96,80,32,103,130,77,54,1,60" hai1="117,50,27,59,3,112,102,65,38,26,15,2,81" hai2="8,21,69,9,105,23,89,75,31,41,68,61,111" hai3="70,133,22,91,64,7,71,74,45,53,67,55,49"/><W37/><G74/><T115/><D32/><U30/><E38/><V29/><F105/><W95/><G7/><T107/><D1/><U33/><E2/><V122/><F75/><W6/><G133/><T92/><D130/><U44/><E3/><V14/><F41/><W11/><G37/><T125/><D125/><U66/><E27/><V114/><F61/><W13/><G22/><N who="2" m="8201" /><F14/><W25/><G25/><T109/><D109/><U52/><E117/><V82/><F114/><W88/><G91/><T58/><D19/><U17/><E112/><V18/><F18/><W34/><G34/><T106/><D115/><U16/><E102/><V101/><F101/><W87/><REACH who="3" step="1"/><G55/><REACH who="3" ten="256,227,246,261" step="2"/><T72/><D107/><U123/><E123/><V28/><F122/><W78/><G78/><T86/><D85/><U97/><E97/><V121/><F121/><W47/><G47/><T48/><D48/><U73/><E15/><V40/><F89/><AGARI ba="0,1" hai="42,43,54,58,60,72,77,80,86,89,92,96,103,106" machi="89" ten="40,2600,0" yaku="24,2" doraHai="10" who="0" fromWho="2" sc="256,36,227,0,246,-26,261,0" owari="292,39.0,227,-17.0,220,-28.0,261,6.0" /></mjloggm>