<mjloggm ver="2.3"><GO type="41" lobby="0"/><UN n0="%E3%82%A6%E3%83%AB%E3%83%88%E3%83%A9%E7%AB%8B%E7%9B%B4" n1="%46%72%61%69%73%69%6E" n2="%4D%49%53%48%49%4D%41" n3="%E8%A9%A6%E7%B7%B4%E3%81%AE%E9%BE%8D" dan="15,13,13,13" rate="1960.96,1864.92,1934.71,1830.92" sx="M,M,M,M"/><TAIKYOKU oya="0"/><INIT seed="0,0,0,5,5,27" ten="250,250,250,250" oya="0" hai0="125,37,56,9,6,115,118,117,12,21,19,105,122" hai1="13,35,63,66,60,7,85,88,84,112,43,57,131" hai2="48,107,82,110,106,18,96,87,42,41,2,97,90" hai3="119,24,128,98,133,76,53,3,36,116,71,120,26"/><T29/><D37/><U31/><E131/><V86/><F2/><W20/><G36/><T101/><D101/><U51/><E84/><V74/><F18/><W135/><G3/><T67/><D105/><N who="2" m="39946" /><F48/><W1/><G1/><N who="0" m="207" /><D56/><U108/><E108/><V102/><F110/><W14/><G71/><T33/><D67/><U127/><E127/><V22/><F22/><W38/><G38/><T64/><D64/><U81/><E112/><V58/><F58/><W95/><G76/><T93/><D93/><U68/><E43/><V47/><F41/><W92/><G128/><T55/><D55/><U28/><E35/><V49/><F47/><W104/><G104/><T10/><D115/><U70/><E51/><V73/><F49/><W94/><G53/><T69/><D69/><U54/><REACH who="1" step="1"/><E70/><REACH who="1" ten="250,240,250,250" step="2"/><V89/><F42/><W134/><G98/><N who="2" m="37993" /><F102/><W34/><G34/><T123/><D125/><U11/><AGARI ba="0,1" hai="7,11,13,28,31,54,57,60,63,66,68,81,85,88" machi="11" ten="30,8000,1" yaku="1,1,0,1,52,2,54,1,53,0" doraHai="27" doraHaiUra="30" who="1" fromWho="1" sc="250,-40,240,90,250,-20,250,-20" /><INIT seed="1,0,0,2,0,59" ten="210,330,230,230" oya="1" hai0="112,67,57,21,72,121,62,70,6,129,93,60,116" hai1="23,28,42,56,132,20,80,82,8,73,97,105,16" hai2="120,5,15,47,75,18,36,25,48,117,83,118,110" hai3="85,17,61,53,45,12,71,3,1,78,26,38,101"/><U88/><E42/><V103/><F120/><W44/><G101/><T86/><D72/><U4/><E105/><V29/><F110/><W52/><G38/><T89/><D121/><U107/><E132/><V127/><F127/><W84/><G26/><T115/><D116/><U24/><E107/><V81/><F103/><W76/><G17/><T41/><D129/><U104/><E104/><V77/><F83/><W13/><G71/><T54/><D6/><U11/><E73/><V27/><F25/><W30/><G30/><T114/><D41/><U128/><E128/><V130/><F130/><W33/><G33/><T43/><D43/><U7/><E80/><V10/><F36/><W122/><G122/><T63/><D67/><U98/><E98/><V51/><F48/><W2/><G1/><T79/><D70/><U123/><E123/><V102/><F102/><W125/><G125/><T64/><D64/><U65/><E4/><V96/><F96/><W111/><G111/><T69/><D69/><U131/><E7/><V109/><F109/><W46/><G45/><T22/><REACH who="0" step="1"/><D79/><REACH who="0" ten="200,330,230,230" step="2"/><U40/><E40/><V126/><F126/><W35/><REACH who="3" step="1"/><G35/><REACH who="3" ten="200,330,230,220" step="2"/><T49/><AGARI ba="0,2" hai="21,22,49,54,57,60,62,63,86,89,93,112,114,115" machi="49" ten="40,12000,2" yaku="1,1,2,1,0,1,52,3,53,1" doraHai="59" doraHaiUra="87" who="0" fromWho="0" sc="200,140,330,-60,230,-30,220,-30" /><INIT seed="2,0,0,0,3,4" ten="340,270,200,190" oya="2" hai0="34,50,124,103,18,38,129,41,93,131,5,51,58" hai1="45,28,83,89,91,101,35,127,118,24,116,121,20" hai2="111,1,92,109,47,102,86,67,113,107,39,15,21" hai3="132,122,54,10,79,37,32,25,43,100,96,94,95"/><V31/><F113/><W82/><G122/><T40/><D34/><U49/><E121/><V29/><F1/><W99/><G132/><T72/><D72/><U9/><E127/><V13/><F107/><W62/><G37/><T133/><D38/><U14/><E101/><V70/><F39/><W73/><G43/><T59/><D93/><U76/><E89/><N who="2" m="53303" /><F47/><W68/><G68/><T119/><D5/><U36/><E36/><V42/><F42/><W71/><G71/><T44/><D18/><U64/><E64/><V120/><F102/><W85/><G73/><T65/><D103/><U27/><E91/><V60/><F120/><W117/><G117/><T78/><D119/><U63/><E63/><V110/><F21/><W130/><G130/><T16/><D131/><U77/><E77/><V26/><F26/><W57/><G32/><T55/><D78/><U11/><E27/><V69/><F70/><W125/><G25/><T123/><D123/><U23/><E35/><V48/><F48/><W97/><G125/><T0/><D51/><U81/><E116/><V7/><F13/><W98/><G94/><T135/><D124/><U53/><E76/><V75/><F75/><W12/><REACH who="3" step="1"/><G98/><REACH who="3" ten="340,270,200,180" step="2"/><T19/><D129/><U105/><E118/><V52/><F52/><W17/><AGARI ba="0,1" hai="10,12,17,54,57,62,79,82,85,95,96,97,99,100" machi="17" ten="20,12000,2" yaku="1,1,2,1,0,1,7,1,8,1,52,1,53,1" doraHai="4" doraHaiUra="90" who="3" fromWho="3" sc="340,-30,270,-30,200,-60,180,130" /><INIT seed="3,0,0,3,0,73" ten="310,240,140,310" oya="3" hai0="11,81,14,44,71,63,88,33,3,84,79,125,95" hai1="29,113,112,37,50,106,32,127,80,70,87,23,123" hai2="26,67,82,1,41,40,18,105,64,17,118,5,51" hai3="124,58,20,75,49,132,31,62,45,69,85,102,43"/><W128/><G132/><T109/><D33/><U122/><E106/><V97/><F118/><W46/><G124/><T83/><D125/><U34/><E37/><V134/><F134/><W27/><G128/><T61/><D3/><U99/><E70/><V111/><F111/><W25/><G69/><T74/><D109/><U133/><E133/><V78/><F1/><W54/><G102/><T19/><D71/><U121/><E127/><V117/><F5/><W7/><G75/><T129/><D129/><U24/><E99/><V22/><F117/><W16/><G7/><T4/><D4/><U42/><E34/><V68/><F68/><W131/><G131/><T10/><D10/><U100/><E100/><V2/><F2/><W28/><G46/><T120/><D120/><U86/><E86/><N who="2" m="48471" /><F97/><W96/><G96/><T103/><D103/><U48/><E48/><V108/><F105/><W0/><G0/><T53/><D95/><U104/><E104/><V126/><F126/><W72/><G72/><T38/><D38/><U94/><E94/><V119/><F119/><W92/><G27/><T65/><D65/><N who="2" m="25162" /><F108/><W56/><G56/><T114/><D114/><U21/><E32/><V93/><F93/><W15/><G15/><T30/><D30/><U91/><REACH who="1" step="1"/><E21/><REACH who="1" ten="310,230,140,310" step="2"/><N who="2" m="13623" /><F51/><AGARI ba="0,1" hai="11,14,19,44,51,53,61,63,74,79,81,83,84,88" machi="51" ten="40,8000,1" yaku="25,2,52,1,54,1" doraHai="73" who="0" fromWho="2" sc="310,90,230,0,140,-80,310,0" /><INIT seed="4,0,0,4,2,16" ten="400,230,60,310" oya="0" hai0="79,9,78,64,60,97,40,111,39,25,130,23,99" hai1="76,102,128,24,82,6,53,46,110,2,49,93,91" hai2="54,21,129,118,95,27,84,70,43,22,134,61,66" hai3="73,100,29,122,92,44,109,33,63,14,106,135,36"/><T86/><D40/><U126/><E110/><V123/><F123/><W7/><G73/><T96/><D39/><U28/><E126/><V51/><F129/><W94/><G122/><T74/><D74/><U120/><E120/><V11/><F134/><W45/><G109/><T108/><D130/><U59/><E128/><V75/><F75/><W0/><G0/><T18/><D108/><U3/><E6/><V88/><F118/><W62/><G135/><T56/><D111/><U87/><E102/><V132/><F132/><W81/><G33/><T103/><D103/><U34/><REACH who="1" step="1"/><E46/><REACH who="1" ten="400,220,60,310" step="2"/><V4/><F27/><W112/><G45/><T15/><D86/><AGARI ba="0,1" hai="2,3,24,28,34,49,53,59,76,82,86,87,91,93" machi="86" ten="30,3900,0" yaku="1,1,2,1,7,1,53,0" doraHai="16" doraHaiUra="1" who="1" fromWho="0" sc="400,-39,220,49,60,0,310,0" /><INIT seed="5,0,0,5,2,15" ten="361,269,60,310" oya="1" hai0="93,20,60,67,47,135,112,108,75,126,69,26,28" hai1="52,54,119,44,88,122,80,105,72,79,92,111,123" hai2="5,76,48,73,106,124,6,128,38,27,21,89,14" hai3="117,133,24,129,9,33,17,94,31,2,18,125,98"/><U90/><E119/><V107/><F38/><W99/><G117/><T7/><D75/><U12/><E105/><V70/><F70/><W59/><G99/><T10/><D108/><U68/><E68/><V103/><F73/><W64/><G129/><T49/><D126/><U97/><E111/><V57/><F76/><W32/><G32/><T86/><D135/><U35/><E35/><V3/><F128/><W115/><G115/><T71/><D71/><U61/><E90/><V127/><F3/><W134/><G125/><T4/><D112/><U130/><E130/><V116/><F116/><W55/><G64/><T23/><D23/><U50/><REACH who="1" step="1"/><E12/><REACH who="1" ten="361,259,60,310" step="2"/><V101/><F14/><W19/><G2/><T0/><D0/><U118/><E118/><V114/><F89/><W110/><G110/><T25/><D69/><U56/><AGARI ba="0,1" hai="44,50,52,54,56,61,72,79,80,88,92,97,122,123" machi="56" ten="30,11700,0" yaku="1,1,0,1,54,2,53,0" doraHai="15" doraHaiUra="36" who="1" fromWho="1" sc="361,-39,259,127,60,-39,310,-39" /><INIT seed="5,1,0,1,2,125" ten="322,386,21,271" oya="1" hai0="131,4,108,80,23,22,40,104,109,119,115,72,26" hai1="117,112,113,132,54,50,29,64,68,94,62,11,89" hai2="42,5,43,123,15,97,7,44,75,41,79,77,0" hai3="38,120,16,81,134,102,55,93,103,35,17,107,69"/><U105/><E117/><V34/><F34/><W126/><G35/><T87/><D104/><U101/><E132/><V90/><F123/><W32/><G32/><T60/><D72/><U99/><E11/><V6/><F0/><W24/><G134/><T28/><D119/><U57/><REACH who="1" step="1"/><E29/><REACH who="1" ten="322,376,21,271" step="2"/><V124/><F124/><W10/><G126/><T133/><D133/><U36/><E36/><V27/><F75/><W67/><G38/><T61/><D28/><U110/><E110/><V39/><F39/><W30/><G10/><T96/><D109/><U25/><E25/><V78/><F27/><W20/><G120/><T8/><D26/><U59/><E59/><V48/><F15/><W128/><G30/><T88/><D8/><U127/><E127/><V71/><F71/><W95/><G24/><T114/><D108/><U63/><E63/><V118/><F118/><W106/><G69/><T121/><D60/><U84/><AGARI ba="1,1" hai="50,54,57,62,64,68,84,89,94,99,101,105,112,113" machi="84" ten="30,3000,0" yaku="1,1,0,1,53,0" doraHai="125" doraHaiUra="14" who="1" fromWho="1" sc="322,-11,376,43,21,-11,271,-11" /><INIT seed="5,2,0,2,0,112" ten="311,419,10,260" oya="1" hai0="125,75,94,92,56,32,30,31,12,2,24,90,65" hai1="113,67,91,59,36,117,23,93,98,111,106,22,53" hai2="11,72,97,80,39,17,63,19,131,118,64,14,132" hai3="130,57,5,28,8,109,102,100,83,110,74,3,129"/><U27/><E117/><V21/><F131/><W128/><G28/><T62/><D2/><U20/><E36/><V87/><F132/><W49/><G74/><T9/><D75/><U121/><E121/><V119/><F39/><W35/><G35/><T6/><D125/><U16/><E113/><V101/><F72/><W122/><G122/><T115/><D115/><U69/><E111/><V42/><F42/><W81/><G49/><T45/><D32/><U47/><E106/><V37/><F37/><W104/><G57/><T33/><D33/><U7/><E7/><V52/><F52/><W120/><G120/><T13/><D24/><U58/><E69/><V40/><F40/><W107/><G5/><T76/><D76/><U60/><REACH who="1" step="1"/><E47/><REACH who="1" ten="311,409,10,260" step="2"/><V38/><F38/><W114/><G114/><T79/><D45/><U54/><E54/><V133/><F133/><W73/><G3/><T29/><D65/><U108/><E108/><N who="3" m="41578" /><G8/><T116/><D6/><U134/><E134/><V26/><F64/><W46/><G46/><T61/><D9/><U96/><E96/><V50/><F63/><AGARI ba="2,1" hai="16,20,22,23,27,53,58,59,60,63,67,91,93,98" machi="63" ten="30,18000,2" yaku="1,1,7,1,25,2,8,1,54,1,53,0" doraHai="112" doraHaiUra="99" who="1" fromWho="2" sc="311,0,409,196,10,-186,260,0" owari="311,11.0,605,71.0,-176,-68.0,260,-14.0" /></mjloggm>