<mjloggm ver="2.3"><GO type="97" lobby="0"/><UN n0="%52%31%32%34%37" n1="%E5%BF%97%E4%BD%8D%E5%A7%94%E5%93%A1%E9%95%B7" n2="%6E%61%6F%6E%6F%72%69" n3="%E3%82%A6%E3%83%AB%E3%83%88%E3%83%A9%E7%AB%8B%E7%9B%B4" dan="13,15,14,15" rate="1827.24,2027.74,1994.93,1993.09" sx="M,M,M,M"/><TAIKYOKU oya="0"/><INIT seed="0,0,0,0,2,6" ten="250,250,250,250" oya="0" hai0="115,56,2,55,31,65,32,96,35,5,67,122,37" hai1="12,118,93,116,22,100,42,79,17,28,41,82,49" hai2="53,132,81,11,111,77,48,86,76,69,27,59,110" hai3="124,95,15,87,125,92,89,133,94,131,68,128,103"/><T91/><D115/><U18/><E28/><V23/><F69/><W75/><G68/><T40/><D122/><U38/><E38/><V109/><F132/><W16/><G75/><T72/><D72/><U46/><E116/><V44/><F76/><W14/><G14/><T104/><D31/><U8/><E118/><V60/><F11/><N who="3" m="6271" /><G133/><T105/><D105/><U57/><E57/><V30/><F44/><W21/><G21/><T121/><D104/><U70/><E70/><V33/><REACH who="2" step="1"/><F33/><REACH who="2" ten="250,250,240,250" step="2"/><W71/><G71/><T113/><D32/><U20/><E79/><V64/><F64/><W54/><G54/><T78/><D65/><U98/><E42/><V61/><AGARI ba="0,1" hai="23,27,30,48,53,59,60,61,77,81,86,109,110,111" machi="61" ten="40,8000,1" yaku="1,1,0,1,14,1,53,1" doraHai="6" doraHaiUra="25" who="2" fromWho="2" sc="250,-40,250,-20,240,90,250,-20" /><INIT seed="1,0,0,1,2,108" ten="210,230,330,230" oya="1" hai0="21,49,31,110,121,27,116,77,23,15,96,91,133" hai1="26,76,113,44,90,124,41,80,3,127,0,74,50" hai2="60,109,14,100,118,119,1,85,125,24,20,55,38" hai3="88,122,86,93,128,126,94,6,98,45,102,52,135"/><U8/><E26/><V66/><F38/><W11/><G122/><T99/><D116/><U97/><E8/><V30/><F1/><W61/><G126/><N who="1" m="48170" /><E113/><V132/><F125/><W131/><G135/><T53/><D121/><U40/><E40/><V32/><F132/><W106/><G106/><T83/><D133/><U25/><E25/><V37/><F37/><W82/><G82/><T29/><D29/><U36/><E50/><V10/><F109/><W19/><G19/><N who="0" m="10495" /><D110/><U62/><E62/><V35/><F55/><W68/><G68/><T34/><D34/><U115/><E115/><V107/><F35/><W57/><REACH who="3" step="1"/><G45/><REACH who="3" ten="210,230,330,220" step="2"/><T123/><D83/><U81/><E80/><V46/><F46/><W51/><G51/><T39/><D49/><U56/><E56/><V7/><F119/><W72/><G72/><T79/><D123/><U28/><E28/><V105/><F118/><W134/><G134/><T5/><D39/><U13/><E13/><AGARI ba="0,1" hai="6,11,13,52,57,61,86,88,93,94,98,102,128,131" machi="13" ten="40,5200,0" yaku="1,1,54,2,53,0" doraHai="108" doraHaiUra="33" who="3" fromWho="1" sc="210,0,230,-52,330,0,220,62" /><INIT seed="2,0,0,3,5,48" ten="210,178,330,282" oya="2" hai0="83,34,127,44,76,78,16,123,113,31,89,108,40" hai1="101,3,114,12,91,6,50,62,2,133,49,10,79" hai2="59,37,0,42,1,75,129,93,53,23,41,117,60" hai3="52,4,7,84,46,116,102,21,68,82,18,32,118"/><V104/><F117/><W126/><G68/><T98/><D113/><U87/><E114/><V130/><F104/><W112/><G32/><T28/><D123/><U22/><E79/><V122/><F75/><W17/><G112/><T61/><D108/><U66/><E101/><V13/><F122/><W5/><G126/><T27/><D28/><U135/><E49/><V121/><F121/><W11/><G102/><T43/><D61/><U54/><E22/><V56/><F93/><W64/><G64/><T73/><D78/><U26/><E26/><V99/><F99/><W35/><G35/><T92/><D44/><U20/><E20/><V128/><F37/><W94/><G94/><T124/><REACH who="0" step="1"/><D16/><REACH who="0" ten="200,178,330,282" step="2"/><U100/><E133/><V38/><F38/><W96/><G118/><T69/><D69/><U67/><E135/><V109/><F109/><W85/><G18/><T90/><D90/><U103/><E100/><V33/><F59/><W19/><G19/><T47/><D47/><U125/><E103/><V57/><F57/><W115/><G17/><T110/><D110/><U58/><E125/><AGARI ba="0,1" hai="27,31,34,40,43,73,76,83,89,92,98,124,125,127" machi="125" ten="40,5200,0" yaku="1,1,18,1,53,1" doraHai="48" doraHaiUra="105" who="0" fromWho="1" sc="200,62,178,-52,330,0,282,0" /><INIT seed="3,0,0,2,1,14" ten="262,126,330,282" oya="3" hai0="75,84,113,79,98,3,128,9,11,1,116,66,103" hai1="104,33,36,31,134,89,5,108,67,131,130,82,92" hai2="91,96,100,26,93,45,21,24,29,135,111,49,114" hai3="28,105,25,38,125,88,23,4,59,110,107,77,6"/><W43/><G125/><T85/><D116/><U112/><E67/><V61/><F114/><W102/><G105/><T124/><D124/><U22/><E36/><V19/><F111/><W106/><G106/><T8/><D128/><U115/><E89/><V63/><F135/><W51/><G102/><T64/><D113/><N who="1" m="43595" /><E92/><V123/><F100/><W86/><G107/><T46/><D46/><U72/><E82/><V60/><F123/><W127/><G127/><T126/><D126/><U7/><E72/><V109/><F109/><W56/><G110/><T18/><D75/><U90/><E90/><V80/><F80/><N who="3" m="49223" /><G77/><T94/><D79/><U129/><E104/><V57/><F57/><N who="3" m="22091" /><G38/><T35/><D66/><U53/><E53/><V58/><F58/><W20/><G20/><T122/><D64/><U78/><E78/><V120/><F120/><W13/><G13/><T97/><D103/><U132/><E108/><V37/><F37/><W39/><G39/><T34/><D122/><U2/><E33/><V16/><F26/><W54/><G43/><AGARI ba="0,0" hai="16,19,21,24,29,43,45,49,60,61,63,91,93,96" machi="43" ten="40,8000,1" yaku="8,1,52,2,54,1" doraHai="14" who="2" fromWho="3" sc="262,0,126,0,330,80,282,-80" owari="262,6.0,126,-37.0,410,51.0,202,-20.0" /></mjloggm>