<mjloggm ver="2.3"><GO type="41" lobby="0"/><UN n0="%E3%82%8C%E3%82%8D%E3%80%82" n1="%59%E2%80%99%EF%BD%93" n2="%73%61%66%65%74%79" n3="%E3%82%A6%E3%83%AB%E3%83%88%E3%83%A9%E7%AB%8B%E7%9B%B4" dan="13,13,13,15" rate="1830.41,1878.71,1845.95,1948.59" sx="M,M,M,M"/><TAIKYOKU oya="0"/><INIT seed="0,0,0,1,5,83" ten="250,250,250,250" oya="0" hai0="67,56,77,132,78,111,9,20,84,100,125,64,38" hai1="23,43,135,82,72,106,130,89,14,12,120,17,79" hai2="35,85,91,40,45,76,69,81,24,93,123,62,88" hai3="30,11,21,107,134,109,97,3,73,39,13,49,34"/><T127/><D38/><U121/><E106/><V48/><F123/><W133/><G73/><T92/><D9/><U54/><E130/><V26/><F35/><W128/><G39/><T1/><D1/><U110/><E110/><V114/><F114/><W58/><G34/><T103/><D20/><U46/><E135/><V108/><F108/><W122/><G109/><T63/><D132/><U10/><E89/><V19/><F69/><W101/><G128/><T61/><D111/><U75/><E54/><V44/><F62/><W60/><G122/><T117/><D117/><U6/><REACH who="1" step="1"/><E75/><REACH who="1" ten="250,240,250,250" step="2"/><V51/><F76/><W55/><G107/><T113/><D113/><U36/><AGARI ba="0,1" hai="6,10,12,14,17,23,36,43,46,72,79,82,120,121" machi="36" ten="20,8000,1" yaku="1,1,2,1,0,1,7,1,53,1" doraHai="83" doraHaiUra="7" who="1" fromWho="1" sc="250,-40,240,90,250,-20,250,-20" /><INIT seed="1,0,0,3,2,89" ten="210,330,230,230" oya="1" hai0="51,133,109,129,128,29,56,125,0,1,121,53,11" hai1="101,72,36,120,63,52,40,69,50,86,93,33,19" hai2="83,92,81,112,82,22,17,102,98,7,4,35,113" hai3="118,64,67,8,100,24,14,6,30,59,124,65,127"/><U114/><E72/><V39/><F39/><W135/><G118/><T32/><D121/><U79/><E120/><V20/><F35/><W37/><G37/><T126/><D109/><U55/><E33/><V47/><F47/><W34/><G135/><T16/><D29/><U80/><E114/><V107/><F107/><W108/><G108/><T10/><D32/><U62/><E55/><V9/><F9/><W71/><G59/><T26/><D10/><U130/><E130/><N who="0" m="50281" /><D26/><U38/><E38/><V5/><REACH who="2" step="1"/><F17/><REACH who="2" ten="210,330,220,230" step="2"/><W48/><G34/><T95/><D16/><U104/><E104/><V75/><F75/><W27/><G8/><T2/><D11/><U73/><E73/><V123/><F123/><W25/><G30/><T84/><D95/><U110/><E19/><V70/><F70/><W45/><G71/><T85/><D133/><U12/><E69/><V117/><F117/><W74/><G74/><T76/><D76/><U31/><E93/><V44/><F44/><W132/><G45/><T58/><D56/><U87/><E79/><V115/><AGARI ba="0,1" hai="4,5,7,20,22,81,82,83,92,98,102,112,113,115" machi="115" ten="40,12000,2" yaku="1,1,0,1,29,2,11,1,52,1,53,0" doraHai="89" doraHaiUra="54" who="2" fromWho="2" sc="210,-30,330,-60,220,130,230,-30" /><INIT seed="2,0,0,0,1,12" ten="180,270,350,200" oya="2" hai0="1,103,43,22,37,80,132,28,73,64,111,105,116" hai1="61,115,104,71,26,70,74,7,50,124,85,89,38" hai2="129,98,123,47,52,59,101,19,65,113,53,102,67" hai3="36,125,33,49,25,82,118,117,110,8,75,35,66"/><V46/><F113/><W96/><G49/><T121/><D121/><U122/><E115/><V48/><F123/><W29/><G33/><T23/><D111/><U3/><E74/><V69/><F69/><W13/><G36/><T128/><D132/><U83/><E38/><V57/><F129/><W93/><G66/><T131/><D116/><U130/><E104/><V11/><F98/><W18/><G110/><T21/><D64/><N who="2" m="24650" /><F11/><W126/><G82/><T14/><D1/><U62/><E130/><N who="0" m="49705" /><D37/><U16/><E122/><V114/><F114/><W31/><G75/><T78/><D43/><U5/><E50/><N who="2" m="30871" /><F19/><W55/><G31/><T32/><D32/><U54/><E3/><V127/><F127/><N who="3" m="48651" /><G55/><T120/><D120/><U58/><E124/><V68/><F68/><W17/><G17/><N who="0" m="10423" /><D28/><U97/><E54/><V100/><AGARI ba="0,0" hai="46,47,48,53,59,100,101,102" m="30871,24650" machi="100" ten="30,3000,0" yaku="8,1,54,1" doraHai="12" who="2" fromWho="2" sc="180,-10,270,-10,350,30,200,-10" /><INIT seed="2,1,0,2,3,87" ten="170,260,380,190" oya="2" hai0="92,75,51,45,132,5,102,66,98,95,111,65,23" hai1="9,89,43,17,48,85,106,62,76,59,1,79,121" hai2="44,3,104,113,81,122,107,31,13,73,30,109,78" hai3="40,42,69,91,64,123,100,6,114,125,63,93,38"/><V35/><F113/><W117/><G114/><T135/><D75/><U124/><E106/><V90/><F122/><W0/><G100/><T25/><D5/><U21/><E121/><V2/><F109/><W22/><G117/><T47/><D111/><U115/><E124/><V61/><F44/><W86/><G125/><T74/><D74/><U16/><E115/><V58/><F31/><W50/><G123/><T88/><D51/><U32/><E32/><V24/><F13/><W39/><G6/><T134/><D47/><U126/><E126/><V36/><F36/><W19/><G0/><T60/><D45/><U112/><E112/><V116/><F116/><W55/><G39/><T94/><D60/><U101/><E101/><V118/><F118/><W120/><G38/><T11/><D11/><U80/><E48/><V133/><F133/><N who="0" m="34050" /><T26/><DORA hai="110" /><D26/><U119/><E43/><V108/><F108/><W4/><G4/><T14/><D14/><N who="1" m="7375" /><E1/><V71/><F71/><W34/><G34/><T77/><D77/><U83/><E83/><V96/><F2/><W57/><G120/><T7/><D7/><U68/><E68/><V103/><F3/><W84/><G42/><T8/><D8/><U37/><E37/><V99/><F107/><W54/><G40/><T56/><D56/><U52/><E119/><V12/><F12/><AGARI ba="1,0" hai="12,16,21,52,59,62,76,79,80,85,89" m="7375" machi="12" ten="30,7700,0" yaku="8,1,52,1,54,2" doraHai="87,110" who="1" fromWho="2" sc="170,0,260,80,380,-80,190,0" /><INIT seed="3,0,0,0,0,112" ten="170,340,300,190" oya="3" hai0="57,20,15,70,21,38,56,35,126,5,81,85,109" hai1="113,65,108,72,107,99,74,86,14,67,80,106,16" hai2="36,18,114,94,88,43,22,11,48,28,82,120,7" hai3="115,117,26,87,133,73,83,123,53,132,98,3,116"/><W125/><G3/><T66/><D38/><U37/><E37/><V54/><F114/><W135/><G115/><T52/><D35/><U29/><E29/><V93/><F120/><W51/><G123/><T59/><D70/><U23/><E108/><V129/><F129/><W46/><G73/><T134/><D109/><U78/><E113/><V12/><F43/><W61/><G125/><T131/><D134/><U71/><E106/><V104/><F104/><W68/><G98/><T47/><D126/><U6/><E6/><V13/><F36/><W34/><G26/><T95/><D95/><U58/><E71/><V130/><F130/><W41/><G34/><T124/><D131/><U102/><E67/><V90/><F28/><W33/><G33/><T62/><D124/><U92/><E107/><V75/><F75/><W69/><G69/><T103/><D103/><U42/><E42/><V10/><F82/><W79/><G53/><T45/><D66/><AGARI ba="0,0" hai="41,46,51,61,66,68,79,83,87,116,117,132,133,135" machi="66" ten="40,7700,0" yaku="20,1,52,2" doraHai="112" who="3" fromWho="0" sc="170,-77,340,0,300,0,190,77" /><INIT seed="3,1,0,4,1,128" ten="93,340,300,267" oya="3" hai0="40,32,132,112,5,25,88,23,68,0,102,59,92" hai1="60,42,125,115,51,9,46,97,76,49,1,24,66" hai2="131,74,70,47,111,90,124,50,109,10,33,20,127" hai3="113,99,108,39,45,73,31,44,14,37,56,119,65"/><W43/><G73/><T130/><D32/><U118/><E115/><V96/><F74/><W116/><G31/><T126/><D68/><U122/><E122/><V34/><F70/><W86/><G14/><T7/><D132/><U54/><E125/><N who="2" m="48203" /><F96/><W93/><G86/><T64/><D126/><U12/><E1/><V57/><F90/><W62/><G113/><T17/><D130/><U105/><E76/><V69/><F69/><W28/><G28/><T104/><D104/><U22/><E118/><V135/><F57/><W121/><G121/><T120/><D120/><U80/><E80/><V38/><F38/><W55/><G108/><N who="2" m="41545" /><F50/><W94/><G94/><T16/><D112/><U61/><E97/><V29/><F47/><W82/><G82/><T98/><D40/><U101/><E105/><V79/><F79/><W26/><G93/><N who="0" m="58703" /><D0/><U4/><E101/><V27/><F131/><W11/><G99/><N who="0" m="57735" /><D17/><N who="1" m="12367" /><E66/><V41/><F41/><W21/><G65/><T107/><D107/><U13/><E51/><V67/><F67/><W8/><G116/><T72/><D72/><U117/><E117/><V52/><F52/><W35/><G119/><T129/><D129/><U83/><E54/><V3/><F135/><W100/><G43/><T114/><D114/><U89/><E42/><V36/><F36/><W78/><G39/><T71/><D71/><U91/><E83/><V15/><F3/><W110/><G37/><T103/><D103/><U77/><E77/><V81/><F81/><W30/><G100/><T48/><D64/><U106/><E106/><V75/><F75/><W53/><G110/><RYUUKYOKU ba="1,0" sc="93,15,340,-15,300,15,267,-15" hai0="5,7,16,23,25,48,59" hai2="10,15,20,27,29,33,34" /><INIT seed="4,2,0,1,5,62" ten="108,325,315,252" oya="0" hai0="114,43,132,27,53,84,56,69,23,119,37,49,90" hai1="73,21,77,13,9,108,72,98,0,82,22,48,87" hai2="94,100,54,52,26,4,95,85,1,75,76,111,103" hai3="47,124,18,10,57,29,70,81,71,134,115,8,64"/><T17/><D119/><U68/><E0/><V50/><F111/><W107/><G107/><T66/><D114/><U61/><E108/><V19/><F75/><W35/><G115/><T67/><D132/><U16/><E98/><V2/><F2/><W60/><G134/><T33/><D33/><U39/><E39/><V118/><F1/><W12/><G124/><T24/><D69/><U120/><E120/><V25/><F118/><W88/><G29/><T130/><D37/><U45/><E73/><V30/><F4/><W121/><G35/><T74/><D43/><U116/><E72/><V65/><F30/><W38/><G121/><T96/><D130/><U101/><E101/><N who="2" m="38987" /><F50/><W83/><G8/><T36/><D36/><U31/><E31/><V79/><F19/><W91/><G38/><T127/><D74/><U15/><E15/><V89/><F65/><N who="0" m="24586" /><D96/><U51/><E116/><V109/><F109/><W58/><G70/><T104/><D104/><U42/><E68/><V34/><F34/><W46/><G71/><T126/><D126/><U112/><E112/><V20/><F20/><W28/><G64/><T102/><D102/><U97/><E22/><V32/><F32/><W105/><G105/><T44/><D44/><U59/><E21/><V7/><F7/><W86/><G47/><T63/><D127/><U128/><E45/><V14/><F14/><W106/><G46/><T11/><D11/><U113/><E9/><V78/><F94/><W129/><G106/><T135/><D135/><U123/><E123/><V125/><F125/><W131/><G10/><T92/><D27/><AGARI ba="2,0" hai="25,26,27,52,54,76,78,79,85,89,95" m="38987" machi="27" ten="30,3900,0" yaku="6,1,8,1,54,1" doraHai="62" who="2" fromWho="0" sc="108,-45,325,0,315,45,252,0" /><INIT seed="5,0,0,4,4,35" ten="63,325,360,252" oya="1" hai0="135,66,114,23,98,21,14,72,48,108,19,49,51" hai1="11,103,64,56,83,99,29,47,132,8,53,20,58" hai2="124,105,67,18,5,43,7,38,52,76,12,93,45" hai3="10,90,126,28,75,33,117,55,69,96,60,125,130"/><U121/><E121/><V122/><F122/><W0/><G75/><T68/><D72/><U54/><E132/><V110/><F110/><W112/><G28/><T63/><D108/><U1/><E64/><V81/><F105/><W15/><G33/><T113/><D135/><U89/><E47/><V26/><F124/><N who="3" m="47723" /><G117/><T116/><D98/><U79/><E89/><V39/><F67/><N who="3" m="41191" /><G55/><T134/><D134/><U36/><E36/><V86/><F26/><W57/><G57/><T65/><D116/><U123/><E123/><V16/><F38/><W119/><G112/><T62/><REACH who="0" step="1"/><D23/><REACH who="0" ten="53,325,360,252" step="2"/><U118/><E118/><V27/><F39/><W59/><G119/><T17/><D17/><U37/><E37/><V82/><F43/><W73/><G73/><T129/><D129/><U91/><E20/><N who="2" m="13703" /><F81/><W109/><G130/><T120/><D120/><U6/><E83/><V34/><F34/><W30/><G109/><T131/><D131/><U88/><E11/><N who="2" m="6431" /><F93/><W22/><G10/><T3/><D3/><U25/><E1/><V92/><F92/><W102/><G0/><T84/><D84/><U106/><E8/><V87/><F86/><W85/><G22/><T46/><D46/><U50/><E99/><V97/><F97/><W78/><G96/><T32/><D32/><U127/><E127/><V100/><F100/><W13/><G102/><T71/><AGARI ba="0,1" hai="14,19,21,48,49,51,62,63,65,66,68,71,113,114" machi="71" ten="30,4000,0" yaku="1,1,0,1,9,1,53,0" doraHai="35" doraHaiUra="74" who="0" fromWho="0" sc="53,50,325,-20,360,-10,252,-10" /><INIT seed="6,0,0,0,3,98" ten="103,305,350,242" oya="2" hai0="23,130,78,82,132,112,15,60,38,77,7,122,53" hai1="58,107,89,30,134,61,91,96,20,39,47,0,97" hai2="56,50,46,94,99,52,36,113,11,55,25,76,84" hai3="37,90,18,27,126,21,118,102,93,68,41,116,106"/><V80/><F36/><W128/><G68/><T127/><D122/><U33/><E0/><V123/><F123/><W135/><G126/><T12/><D127/><U2/><E2/><V14/><F113/><W65/><G65/><T120/><D112/><U88/><E33/><V28/><F28/><W70/><G70/><T117/><D120/><U92/><E134/><V51/><F25/><W105/><G105/><T101/><D132/><U16/><E107/><V67/><F67/><W3/><G3/><T63/><D38/><U4/><E4/><V40/><F40/><W45/><G135/><T71/><D117/><U124/><E97/><V69/><F69/><W111/><G111/><T121/><D71/><U109/><E109/><V24/><F24/><W131/><G116/><T35/><D35/><U32/><E47/><V1/><F1/><W108/><G108/><T72/><D72/><U74/><E39/><V29/><F29/><W31/><G31/><T48/><D121/><U83/><E124/><V8/><F14/><W75/><G75/><T43/><D130/><N who="3" m="49705" /><G106/><T110/><D110/><U87/><E74/><V95/><F94/><W115/><G115/><T54/><D43/><U59/><E30/><V49/><F51/><W81/><G81/><T5/><D82/><U22/><E32/><V125/><F125/><W64/><G64/><T119/><D119/><U6/><E83/><V100/><AGARI ba="0,0" hai="8,11,46,49,50,52,55,56,76,80,84,95,99,100" machi="100" ten="20,12000,1" yaku="0,1,7,1,8,1,52,1,54,1" doraHai="98" who="2" fromWho="2" sc="103,-40,305,-40,350,120,242,-40" /><INIT seed="6,1,0,0,3,120" ten="63,265,470,202" oya="2" hai0="111,57,107,59,28,17,41,65,92,32,60,34,90" hai1="127,35,21,94,11,86,9,42,55,52,46,30,14" hai2="49,29,56,3,130,81,12,5,54,103,31,25,39" hai3="6,85,48,67,110,71,27,80,108,4,10,26,20"/><V15/><F39/><W134/><G67/><T115/><D111/><N who="3" m="42537" /><G48/><T119/><D119/><U87/><E35/><V112/><F112/><W118/><G71/><T83/><D115/><U37/><E127/><V98/><F3/><W18/><G85/><T64/><D83/><U47/><E9/><V51/><F130/><W69/><G80/><T133/><D41/><U105/><E105/><V106/><F81/><W8/><G69/><T123/><D107/><U74/><E74/><V75/><F75/><W72/><G72/><T13/><D123/><U50/><E94/><V62/><F5/><N who="3" m="2155" /><G118/><T116/><D133/><U7/><E55/><V73/><F73/><W66/><G66/><T38/><D38/><U114/><E114/><V70/><F31/><W1/><G134/><T82/><D28/><U95/><E95/><V19/><F70/><W88/><G88/><T121/><D82/><U63/><E63/><V100/><F103/><W53/><G53/><T125/><D125/><U2/><E30/><V109/><F12/><N who="3" m="9287" /><G1/><T97/><D116/><U91/><E91/><V126/><F126/><W93/><G93/><T40/><D121/><U122/><E122/><V96/><F106/><W113/><G113/><T131/><D131/><U124/><E124/><V77/><F109/><W101/><G101/><T44/><D59/><U84/><E2/><V24/><F77/><W61/><G61/><T78/><D64/><U16/><E86/><V117/><F117/><W58/><G58/><T22/><REACH who="0" step="1"/><D78/><REACH who="0" ten="53,265,470,202" step="2"/><U0/><AGARI ba="1,1" hai="0,7,11,14,16,21,37,42,46,47,50,52,84,87" machi="0" ten="20,5200,0" yaku="0,1,7,1,54,2" doraHai="120" who="1" fromWho="1" sc="53,-14,265,65,470,-27,202,-14" /><INIT seed="7,0,0,2,5,50" ten="39,330,443,188" oya="3" hai0="0,45,27,122,109,98,115,120,6,54,32,67,113" hai1="129,31,77,40,83,100,46,14,3,88,75,16,81" hai2="99,62,86,73,64,42,108,116,105,125,9,118,135" hai3="117,22,84,56,7,60,119,30,89,79,59,97,127"/><W66/><G127/><T133/><D67/><U124/><E3/><V15/><F86/><W26/><G7/><T126/><D98/><U68/><E68/><N who="2" m="42007" /><F15/><W130/><G130/><T95/><D95/><U57/><E124/><V82/><F125/><W29/><G117/><N who="2" m="45161" /><F9/><W58/><G119/><T33/><D45/><U13/><E31/><V69/><F42/><W63/><G79/><T52/><D109/><U25/><E25/><V28/><F28/><W93/><G30/><N who="0" m="19551" /><D126/><U78/><E100/><N who="2" m="62623" /><F108/><W90/><G63/><T2/><D133/><U8/><E57/><V71/><F135/><W39/><G39/><T123/><D6/><U18/><E129/><V35/><F35/><W87/><G87/><T110/><D33/><U114/><E88/><V48/><F48/><W72/><G72/><T65/><D65/><U92/><E92/><AGARI ba="0,0" hai="22,26,29,56,58,59,60,66,84,89,90,92,93,97" machi="92" ten="30,2900,0" yaku="7,1,8,1" doraHai="50" who="3" fromWho="1" sc="39,0,330,-29,443,0,188,29" /><INIT seed="7,1,0,3,0,97" ten="39,301,443,217" oya="3" hai0="70,80,123,108,75,45,98,85,32,58,18,66,92" hai1="111,90,63,91,88,105,117,115,99,64,107,51,13" hai2="44,133,129,119,30,52,109,112,67,22,120,127,36" hai3="62,101,104,134,61,0,12,81,96,1,37,126,33"/><W114/><G37/><T121/><D75/><U87/><E111/><V78/><F78/><W74/><G33/><T131/><D70/><U14/><E115/><V60/><F22/><W68/><G114/><T103/><D32/><U11/><E117/><V7/><F30/><W86/><G134/><T46/><D108/><U43/><E105/><V40/><F7/><W20/><G74/><T26/><D131/><U89/><E99/><V29/><F29/><W15/><G126/><T25/><D123/><U16/><E107/><V3/><F3/><W84/><G84/><T77/><D121/><U54/><E43/><V9/><F9/><W6/><G15/><T2/><D2/><U55/><E13/><V82/><F82/><W65/><G62/><T4/><D4/><U21/><E11/><V83/><F83/><W28/><G6/><T79/><D77/><U130/><E130/><V125/><F109/><W122/><G122/><T93/><D25/><U41/><E41/><V5/><F5/><W113/><G113/><T100/><D58/><N who="1" m="36983" /><E51/><V69/><F120/><W35/><G12/><T132/><D66/><U106/><E106/><V128/><F112/><W27/><G20/><T38/><D38/><U59/><E59/><V56/><F119/><W116/><G116/><T34/><D132/><U47/><E47/><V24/><F24/><W110/><G110/><T76/><D76/><AGARI ba="1,0" hai="0,1,27,28,35,61,65,68,76,81,86,96,101,104" machi="76" ten="30,11600,0" yaku="7,1,25,2,52,1" doraHai="97" who="3" fromWho="0" sc="39,-119,301,0,443,0,217,119" owari="-80,-58.0,301,-10.0,443,54.0,336,14.0" /></mjloggm>