<mjloggm ver="2.3"><GO type="97" lobby="0"/><UN n0="%E3%82%A6%E3%83%AB%E3%83%88%E3%83%A9%E7%AB%8B%E7%9B%B4" n1="%E3%82%AB%E3%83%84%E3%83%A9%E3%82%AE" n2="%79%79%36%36" n3="%E3%83%8F%E3%83%B3%E3%81%A1%E3%82%83%E3%82%93" dan="15,14,15,14" rate="1972.79,1886.87,2058.34,1868.52" sx="M,M,M,M"/><TAIKYOKU oya="0"/><INIT seed="0,0,0,2,1,2" ten="250,250,250,250" oya="0" hai0="43,104,91,45,21,5,79,122,76,36,105,127,83" hai1="52,97,93,78,65,14,74,19,68,47,85,30,124" hai2="23,70,0,84,1,114,88,12,33,38,50,48,103" hai3="121,81,31,71,49,57,87,72,62,128,61,58,89"/><T24/><D127/><U111/><E124/><V113/><F33/><W26/><G121/><T102/><D122/><U118/><E118/><V20/><F38/><W75/><G128/><T22/><D79/><U15/><E74/><V64/><F103/><W77/><G71/><T132/><D132/><U9/><E111/><V129/><F70/><W66/><G49/><T46/><D102/><U96/><E68/><V16/><F64/><W44/><G44/><T11/><D91/><U10/><E65/><V6/><F129/><W8/><G8/><T42/><D22/><U4/><E30/><V95/><F1/><W54/><REACH who="3" step="1"/><G77/><REACH who="3" ten="250,250,250,240" step="2"/><T119/><D119/><U99/><E78/><V7/><F114/><W109/><G109/><T60/><D60/><U35/><E35/><AGARI ba="0,1" hai="26,31,35,54,57,58,61,62,66,72,75,81,87,89" machi="35" ten="30,2000,0" yaku="1,1,7,1,53,0" doraHai="2" doraHaiUra="34" who="3" fromWho="1" sc="250,0,250,-20,250,0,240,30" /><INIT seed="1,0,0,3,5,2" ten="250,230,250,270" oya="1" hai0="99,128,68,69,10,60,112,113,72,119,115,82,19" hai1="135,34,55,66,40,39,53,132,45,129,48,127,5" hai2="16,122,14,80,133,107,116,124,3,74,103,81,100" hai3="12,37,65,126,108,38,56,93,92,20,117,114,51"/><U58/><E127/><V88/><F3/><W30/><G114/><T83/><D119/><U44/><E34/><V79/><F116/><W61/><G126/><T42/><D128/><U70/><E5/><V85/><F124/><W86/><G117/><T15/><D42/><U43/><E129/><V84/><F122/><W131/><G108/><T111/><D111/><U67/><E70/><V7/><F133/><N who="1" m="51273" /><E55/><V13/><F74/><W106/><G131/><T36/><D36/><AGARI ba="0,0" hai="36,39,40,43,44,45,48,53,58,66,67" m="51273" machi="36" ten="30,5800,0" yaku="20,1,34,2" doraHai="2" who="1" fromWho="0" sc="250,-58,230,58,250,0,270,0" /><INIT seed="1,1,0,1,0,71" ten="192,288,250,270" oya="1" hai0="111,78,37,68,134,89,36,87,131,103,96,83,73" hai1="12,58,34,127,91,26,123,2,27,20,18,23,69" hai2="90,121,79,86,135,75,70,108,116,95,11,85,41" hai3="67,16,21,14,0,39,80,117,72,22,7,57,130"/><U50/><E123/><V82/><F41/><W28/><G130/><T63/><D111/><U54/><E69/><V118/><F11/><W13/><G117/><T42/><D131/><U77/><E127/><V94/><F70/><W101/><G101/><T30/><D134/><U59/><E2/><V25/><F25/><W124/><G124/><T100/><D100/><U99/><E77/><V102/><F121/><W48/><G39/><T53/><D42/><U61/><E34/><V106/><F108/><W60/><G72/><T132/><D132/><U84/><E99/><N who="2" m="61791" /><F135/><W129/><G129/><T76/><D76/><U110/><E110/><V119/><F119/><W113/><G113/><T92/><D30/><U29/><E29/><V128/><F128/><W64/><G80/><T45/><D45/><U120/><E120/><V5/><F5/><W65/><G0/><T74/><D74/><U6/><E6/><V107/><F107/><W51/><G7/><T109/><D109/><U9/><E23/><V47/><F47/><W62/><G28/><T4/><D4/><U38/><E38/><V49/><F49/><N who="3" m="19019" /><G57/><T66/><REACH who="0" step="1"/><D53/><REACH who="0" ten="182,288,250,270" step="2"/><N who="1" m="33999" /><E9/><V15/><F15/><N who="3" m="5643" /><G16/><T56/><D56/><U1/><E1/><V133/><F133/><W114/><G114/><T24/><D24/><U46/><E46/><V52/><F52/><W19/><G19/><T98/><D98/><U10/><E10/><V81/><F95/><AGARI ba="1,1" hai="36,37,63,66,68,73,78,83,87,89,92,95,96,103" machi="95" ten="30,7700,0" yaku="1,1,7,1,52,2,53,0" doraHai="71" doraHaiUra="32" who="0" fromWho="2" sc="182,90,288,0,250,-80,270,0" /><AGARI ba="1,0" hai="12,18,20,26,27,50,54,59,84,91,95" m="33999" machi="95" ten="30,2900,0" yaku="25,1,8,1" doraHai="71" who="1" fromWho="2" sc="272,0,288,29,170,-29,270,0" /><INIT seed="1,2,0,0,3,93" ten="272,317,141,270" oya="1" hai0="71,90,18,50,97,83,81,49,87,66,35,48,62" hai1="22,130,122,117,128,9,109,56,7,34,20,120,17" hai2="37,53,55,135,116,10,33,96,111,40,59,47,42" hai3="100,105,114,61,2,124,60,1,6,110,89,115,94"/><U24/><E117/><V15/><F33/><W82/><G124/><T46/><D35/><U76/><E76/><V3/><F116/><W127/><G127/><T108/><D108/><U104/><E104/><V32/><F32/><W134/><G134/><T86/><D18/><N who="1" m="12311" /><E56/><V129/><F111/><W112/><G110/><T78/><REACH who="0" step="1"/><D97/><REACH who="0" ten="262,317,141,270" step="2"/><U101/><E109/><V80/><F135/><W29/><G114/><T57/><D57/><U74/><E34/><V12/><F129/><W4/><G115/><T36/><D36/><U106/><E130/><V31/><F31/><W63/><G112/><T43/><AGARI ba="2,1" hai="43,46,48,49,50,62,66,71,78,81,83,86,87,90" machi="43" ten="20,2700,0" yaku="1,1,0,1,7,1,53,0" doraHai="93" doraHaiUra="133" who="0" fromWho="0" sc="262,43,317,-15,141,-9,270,-9" /><INIT seed="2,0,0,3,5,131" ten="305,302,132,261" oya="2" hai0="17,59,10,12,16,130,70,60,36,100,107,103,51" hai1="109,83,74,105,97,95,44,78,53,128,91,32,66" hai2="5,108,104,80,117,15,56,89,65,48,18,6,31" hai3="77,75,54,4,20,63,39,86,122,121,40,50,23"/><V62/><F117/><W126/><G126/><T82/><D36/><U125/><E125/><V68/><F104/><W88/><G75/><T22/><D130/><U123/><E123/><V96/><F108/><W67/><G77/><T46/><D70/><U76/><E128/><V64/><F31/><W106/><G4/><T90/><D107/><U94/><E32/><V2/><F2/><W120/><G106/><T7/><D7/><U14/><E109/><V52/><F65/><W93/><G40/><N who="0" m="25031" /><D90/><U35/><E35/><V113/><F113/><W111/><G39/><T42/><D82/><U21/><E66/><V101/><F101/><W24/><G111/><T73/><D42/><U30/><E105/><V87/><REACH who="2" step="1"/><F96/><REACH who="2" ten="305,302,122,261" step="2"/><W0/><G0/><T34/><D100/><U33/><E30/><V81/><F81/><W112/><G112/><T61/><D103/><U119/><E97/><V114/><F114/><W29/><G121/><T135/><D34/><U55/><E119/><V19/><F19/><W116/><G116/><T57/><D16/><U1/><E1/><V129/><F129/><W85/><G122/><T41/><D17/><U72/><E83/><V71/><F71/><W28/><G120/><T45/><D22/><AGARI ba="0,1" hai="5,6,15,18,22,48,52,56,62,64,68,80,87,89" machi="22" ten="30,5800,0" yaku="1,1,7,1,54,1,53,0" doraHai="131" doraHaiUra="26" who="2" fromWho="0" sc="305,-58,302,0,122,68,261,0" /><INIT seed="2,1,0,2,0,80" ten="247,302,190,261" oya="2" hai0="33,114,49,25,29,104,133,95,116,5,8,82,79" hai1="6,47,99,96,11,118,89,111,101,117,74,86,7" hai2="15,53,26,27,113,78,59,28,92,124,107,19,36" hai3="31,125,2,93,91,22,30,35,60,66,48,13,94"/><V18/><F107/><W120/><G125/><T16/><D104/><U4/><E74/><V90/><F36/><W67/><G2/><T108/><D108/><U135/><E111/><V64/><F113/><W38/><G38/><T98/><D114/><U119/><E135/><V68/><F124/><W62/><G35/><T40/><D133/><U1/><E47/><V121/><F121/><W72/><G72/><T87/><D116/><U115/><E115/><V130/><F130/><W77/><G77/><T56/><D16/><U132/><E132/><V127/><F127/><W109/><G120/><T123/><D123/><U52/><E52/><V85/><F68/><W126/><G126/><T37/><D37/><U122/><E122/><V73/><F64/><W43/><G109/><T134/><D134/><U50/><E50/><V71/><F71/><W42/><G48/><T3/><D56/><U70/><E70/><V44/><F44/><W17/><G66/><T100/><REACH who="0" step="1"/><D49/><REACH who="0" ten="237,302,190,261" step="2"/><U54/><E54/><V51/><F28/><N who="3" m="10795" /><G62/><T65/><D65/><U102/><E119/><V110/><F110/><W103/><G60/><T14/><D14/><U57/><E57/><V83/><F19/><W32/><G67/><T20/><D20/><AGARI ba="1,1" hai="15,18,20,26,27,51,53,59,73,78,83,85,90,92" machi="20" ten="30,11600,0" yaku="7,1,25,2,52,1" doraHai="80" who="2" fromWho="0" sc="237,-119,302,0,190,129,261,0" /><INIT seed="2,2,0,3,0,64" ten="118,302,319,261" oya="2" hai0="126,44,113,77,63,82,47,123,2,110,127,85,86" hai1="120,54,92,24,124,60,62,65,16,72,39,73,97" hai2="3,45,20,9,30,134,95,107,88,29,130,11,26" hai3="133,38,36,40,56,131,0,41,42,18,115,59,8"/><V83/><F107/><W53/><G18/><T102/><D2/><U5/><E120/><V108/><F130/><W32/><G32/><T4/><D4/><U93/><E124/><N who="0" m="47657" /><D44/><U84/><E39/><N who="3" m="14890" /><G8/><T68/><D47/><U122/><E122/><V125/><F125/><W78/><G0/><T43/><D43/><N who="3" m="11009" /><W90/><DORA hai="6" /><G78/><N who="0" m="46295" /><D123/><U19/><E5/><V117/><F117/><W69/><G90/><T71/><D63/><U46/><E84/><V1/><F134/><W81/><G133/><T128/><D113/><U112/><E112/><V27/><F83/><W91/><G81/><N who="0" m="47407" /><D128/><U37/><E37/><V87/><F45/><W23/><G91/><T119/><D119/><U105/><E65/><V109/><F3/><W98/><G23/><T21/><D21/><U7/><E7/><V101/><F1/><W67/><G131/><T75/><D75/><U55/><E24/><V58/><F20/><W114/><G98/><T132/><D132/><U103/><E97/><V61/><F27/><W34/><G34/><T80/><D80/><U33/><E33/><V25/><F25/><W52/><G114/><T51/><D102/><U15/><E103/><V13/><F101/><W116/><G115/><T66/><D66/><U99/><E99/><V79/><F26/><W106/><G116/><T35/><D35/><U14/><E46/><V17/><F79/><W96/><G96/><T74/><D74/><U49/><E49/><V94/><F29/><W121/><G121/><T118/><D118/><U48/><E48/><V100/><F30/><W111/><G111/><T50/><D110/><RYUUKYOKU ba="2,0" sc="118,15,302,15,319,-15,261,-15" hai0="50,51,68,71" hai1="14,15,16,19,54,55,60,62,72,73,92,93,105" /><INIT seed="3,3,0,5,0,97" ten="133,317,304,246" oya="3" hai0="53,33,82,86,65,14,83,62,57,103,109,43,111" hai1="40,135,102,110,133,104,20,48,25,51,12,44,87" hai2="121,10,128,64,6,61,127,89,60,129,17,107,77" hai3="124,11,119,59,122,13,101,80,56,1,50,79,131"/><W105/><G122/><T39/><D33/><U63/><E110/><N who="0" m="41993" /><D14/><U35/><E35/><V22/><F107/><W84/><G119/><T29/><D29/><U5/><E63/><V130/><F121/><W126/><G131/><T115/><D43/><U54/><E87/><V24/><F77/><W41/><G1/><T73/><D39/><U71/><E71/><V26/><F127/><N who="3" m="48683" /><G101/><T27/><D27/><U98/><E54/><V132/><F132/><N who="1" m="50761" /><E12/><N who="2" m="5207" /><F89/><W7/><G105/><T72/><D65/><U19/><E5/><V2/><F2/><W74/><G74/><N who="0" m="28779" /><D86/><U94/><E104/><V112/><F112/><W37/><G37/><AGARI ba="3,0" hai="19,20,25,37,40,44,48,51,94,98,102" m="50761" machi="37" ten="30,2000,0" yaku="20,1,52,1" doraHai="97" who="1" fromWho="3" sc="133,0,317,29,304,0,246,-29" owari="133,-37.0,346,45.0,304,10.0,217,-18.0" /></mjloggm>