<mjloggm ver="2.3"><GO type="41" lobby="0"/><UN n0="%E9%B7%B9%E6%87%B2%E9%9A%8A" n1="%47%61%73%6F%6C%69%6E%65" n2="%E3%81%82%E3%81%8F%E3%81%86%E7%BC%B6" n3="%E3%82%A6%E3%83%AB%E3%83%88%E3%83%A9%E7%AB%8B%E7%9B%B4" dan="14,15,14,16" rate="1955.14,2029.44,2017.65,2024.11" sx="M,M,M,M"/><TAIKYOKU oya="0"/><INIT seed="0,0,0,2,2,35" ten="250,250,250,250" oya="0" hai0="18,68,121,126,110,66,36,77,86,58,90,127,32" hai1="97,93,133,51,120,4,47,54,104,122,41,69,62" hai2="22,88,70,95,105,1,55,85,39,27,56,98,96" hai3="125,14,132,49,103,13,119,102,100,9,60,135,109"/><T10/><D121/><U34/><E104/><V46/><F70/><W78/><G119/><T117/><D117/><U21/><E34/><V7/><F105/><W52/><G125/><N who="0" m="47627" /><D32/><U57/><E133/><N who="3" m="51274" /><G109/><T31/><D31/><U101/><E4/><V83/><F39/><W129/><G129/><T61/><D36/><U11/><E11/><V65/><F65/><W128/><G128/><T29/><D29/><U48/><E69/><V42/><F42/><W16/><G78/><T111/><D77/><U33/><E33/><V2/><F46/><N who="3" m="27703" /><G14/><N who="0" m="7511" /><D68/><U19/><REACH who="1" step="1"/><E62/><AGARI ba="0,0" hai="9,13,16,60,62,100,102,103" m="27703,51274" machi="62" ten="30,3900,0" yaku="20,1,54,2" doraHai="35" who="3" fromWho="1" sc="250,0,250,-39,250,0,250,39" /><INIT seed="1,0,0,3,1,88" ten="250,211,250,289" oya="1" hai0="86,94,14,100,75,30,77,87,126,51,108,16,42" hai1="7,118,56,2,67,54,103,91,116,101,31,82,133" hai2="53,66,10,46,99,27,55,132,112,39,26,127,50" hai3="98,69,33,97,47,34,63,15,36,84,28,107,83"/><U1/><E133/><V0/><F132/><W128/><G128/><T58/><D108/><U119/><E67/><V29/><F127/><W93/><G98/><T105/><D30/><U121/><E121/><V74/><F74/><W3/><G3/><T71/><D71/><U135/><E135/><V44/><F66/><W95/><G33/><T41/><D126/><U90/><E31/><V96/><F112/><W45/><G15/><T73/><D105/><U19/><E2/><V24/><F0/><W6/><G6/><T115/><D115/><U52/><E54/><V65/><F65/><N who="3" m="41151" /><G36/><T68/><D68/><U5/><E5/><V114/><F114/><W13/><G13/><T57/><D75/><U89/><E82/><V23/><F10/><W79/><G47/><T9/><D73/><U125/><E125/><V92/><F39/><W61/><G61/><T104/><D104/><U62/><REACH who="1" step="1"/><E19/><REACH who="1" ten="250,201,250,289" step="2"/><V70/><F70/><W117/><G28/><T85/><D77/><U49/><E49/><N who="2" m="28839" /><F29/><W102/><G79/><T120/><D120/><U123/><E123/><V11/><F11/><AGARI ba="0,1" hai="1,7,11,52,56,62,89,90,91,101,103,116,118,119" machi="11" ten="50,4800,0" yaku="1,1,54,1,53,0" doraHai="88" doraHaiUra="122" who="1" fromWho="2" sc="250,0,201,58,250,-48,289,0" /><INIT seed="1,1,0,5,5,26" ten="250,259,202,289" oya="1" hai0="106,119,62,98,23,44,91,15,56,127,30,34,21" hai1="68,11,17,0,126,19,18,63,69,99,8,109,29" hai2="78,3,33,5,76,54,88,84,46,128,72,120,133" hai3="113,74,49,117,39,51,59,107,31,132,24,94,2"/><U65/><E126/><V75/><F33/><W71/><G107/><T85/><D127/><U47/><E69/><V35/><F35/><W77/><G71/><T67/><D119/><U36/><E0/><V121/><F3/><W93/><G39/><T4/><D44/><U135/><E135/><V89/><F5/><W6/><G113/><T130/><D130/><U48/><E36/><V101/><F46/><W80/><G132/><T97/><D34/><U57/><E68/><V82/><F133/><W110/><G117/><T38/><D38/><U1/><E1/><V50/><F50/><W123/><G123/><N who="2" m="47177" /><F54/><W27/><G27/><N who="0" m="16751" /><D106/><U64/><E29/><V42/><F42/><W32/><G51/><T79/><D79/><N who="2" m="30250" /><F128/><W103/><G49/><T61/><D62/><U116/><E116/><V37/><F37/><W104/><G59/><T14/><D14/><U111/><E65/><V20/><F20/><W115/><G32/><T58/><D56/><U124/><E124/><V70/><F70/><W43/><G43/><T52/><D67/><U86/><E86/><N who="2" m="50263" /><F101/><W40/><G103/><T60/><D61/><U118/><E118/><V73/><F73/><W83/><G74/><T55/><D55/><N who="1" m="30111" /><E99/><V125/><F125/><W25/><G2/><T96/><D97/><U53/><E53/><V114/><F114/><W16/><G115/><T92/><D23/><U66/><E66/><V105/><F105/><W9/><G104/><T41/><D41/><U112/><E112/><V108/><F108/><AGARI ba="1,0" hai="8,11,17,18,19,57,63,64,108,109,111" m="30111" machi="108" ten="30,2900,0" yaku="14,1,10,1" doraHai="26" who="1" fromWho="2" sc="250,0,259,32,202,-32,289,0" /><INIT seed="1,2,0,4,3,133" ten="250,291,170,289" oya="1" hai0="39,16,102,67,129,107,120,72,108,53,43,0,74" hai1="96,109,115,65,111,70,73,7,49,77,14,125,40" hai2="103,101,99,135,3,13,90,118,95,124,24,87,59" hai3="30,45,121,100,92,81,91,131,63,44,106,122,76"/><U32/><E115/><V88/><F118/><W79/><G63/><T71/><D0/><U4/><E32/><V10/><F3/><W94/><G30/><T46/><D108/><N who="1" m="41547" /><E65/><V11/><F135/><W15/><G15/><T127/><D53/><U2/><E70/><V33/><F33/><W52/><G45/><T57/><D57/><U50/><E2/><V98/><F24/><W104/><G52/><T54/><D54/><U89/><E125/><V26/><F26/><W126/><G44/><T12/><D129/><U123/><E123/><V48/><F124/><W35/><G35/><T28/><D120/><U41/><E77/><V114/><F114/><W56/><G126/><T130/><D127/><U6/><E73/><V62/><F48/><N who="1" m="18537" /><E14/><V29/><F29/><W31/><G31/><T8/><D130/><U60/><E60/><V23/><F23/><W105/><G131/><T84/><D28/><U17/><E17/><V112/><F112/><W18/><G18/><T86/><D74/><U132/><E132/><V58/><F62/><W1/><G1/><T80/><D72/><U34/><E34/><V85/><F13/><W37/><G121/><T64/><D71/><U5/><E5/><V128/><F128/><W27/><G122/><T97/><D86/><U20/><E20/><V83/><F83/><W69/><G69/><T36/><REACH who="0" step="1"/><D39/><REACH who="0" ten="240,291,170,289" step="2"/><U21/><E21/><V9/><F9/><W47/><G37/><T38/><D38/><U75/><E75/><V19/><F19/><W25/><G56/><T22/><D22/><U113/><E113/><V119/><F119/><RYUUKYOKU ba="2,1" sc="240,10,291,10,170,10,289,-30" hai0="8,12,16,36,43,46,64,67,80,84,97,102,107" hai1="4,6,7,40,41,89,96" hai2="10,11,58,59,85,87,88,90,95,98,99,101,103" /><INIT seed="1,3,1,4,4,56" ten="250,301,180,259" oya="1" hai0="105,48,84,44,64,47,86,68,6,129,26,32,119" hai1="97,46,50,59,39,24,23,130,102,113,123,133,14" hai2="116,135,54,76,99,93,21,95,80,126,111,17,1" hai3="83,106,72,2,65,125,9,57,29,31,61,43,107"/><U98/><E123/><V108/><F1/><W100/><G125/><T36/><D119/><U73/><E113/><V4/><F4/><W128/><G128/><T19/><D105/><U114/><E114/><V92/><F116/><W34/><G34/><T27/><D129/><U75/><E130/><V69/><F69/><W38/><G106/><T71/><D6/><U85/><E39/><V41/><F41/><W118/><G100/><T15/><D36/><U62/><E14/><V101/><F126/><W7/><G107/><T45/><D48/><U121/><E85/><V33/><F33/><W134/><G118/><T115/><D115/><U63/><E133/><V124/><F124/><W122/><G134/><T58/><D68/><U66/><E63/><V8/><F8/><W10/><G10/><T94/><D71/><U13/><E13/><V20/><F135/><W67/><G67/><T49/><D32/><U131/><E98/><V89/><F54/><W78/><G122/><T3/><D3/><U110/><E110/><N who="2" m="42027" /><F17/><W77/><G77/><T104/><D104/><U28/><E131/><V88/><F21/><W42/><G42/><T35/><D35/><U52/><REACH who="1" step="1"/><E121/><REACH who="1" ten="250,291,180,259" step="2"/><V11/><F11/><W127/><G127/><T96/><D84/><U53/><E53/><V37/><F37/><W87/><G87/><T16/><D86/><U30/><E30/><V55/><F55/><W82/><G82/><T25/><D49/><U5/><E5/><V117/><F117/><W132/><G132/><T74/><D15/><U51/><E51/><V103/><F99/><W81/><G81/><RYUUKYOKU ba="3,2" sc="250,-15,291,15,180,-15,259,15" hai1="23,24,28,46,50,52,59,62,66,73,75,97,102" hai3="2,7,9,29,31,38,43,57,61,65,72,78,83" /><INIT seed="1,4,2,5,3,67" ten="235,306,165,274" oya="1" hai0="77,20,93,12,131,125,121,19,108,7,2,90,95" hai1="59,37,33,119,3,72,38,128,112,70,120,50,53" hai2="52,4,13,132,115,64,27,89,24,94,22,30,62" hai3="113,61,47,118,105,26,107,87,66,110,122,11,0"/><U86/><RYUUKYOKU type="yao9" ba="4,2" sc="235,0,306,0,165,0,274,0" hai1="3,33,37,38,50,53,59,70,72,86,112,119,120,128" /><INIT seed="1,5,2,1,4,114" ten="235,306,165,274" oya="1" hai0="33,1,75,58,76,127,110,10,63,89,48,31,93" hai1="20,46,16,49,17,112,135,56,18,51,81,42,132" hai2="70,107,102,99,131,38,23,92,113,22,72,85,45" hai3="26,55,52,125,91,87,129,109,4,50,5,130,60"/><U108/><E112/><V90/><F70/><W65/><G26/><T34/><D110/><U2/><E2/><V119/><F113/><W100/><G100/><T133/><D127/><U121/><E121/><V12/><F131/><N who="3" m="50187" /><G109/><T134/><D75/><U44/><E108/><V84/><F84/><W6/><G50/><T115/><D115/><U96/><E56/><V82/><F38/><W123/><G125/><T128/><D128/><U27/><E96/><V103/><F45/><W15/><G15/><T41/><D76/><U29/><REACH who="1" step="1"/><E81/><REACH who="1" ten="235,296,165,274" step="2"/><V97/><F72/><W106/><G123/><T105/><D1/><U104/><E104/><V73/><F73/><W40/><G106/><T67/><D105/><U79/><E79/><V95/><F107/><W36/><G87/><T14/><D133/><U30/><E30/><V39/><F39/><W8/><G91/><T77/><D31/><U13/><E13/><V116/><F12/><W80/><G80/><T37/><D77/><U21/><E21/><AGARI ba="5,3" hai="21,22,23,82,85,90,92,95,97,99,102,103,116,119" machi="21" ten="40,5200,0" yaku="9,1,52,2" doraHai="114" who="2" fromWho="1" sc="235,0,296,-67,165,97,274,0" /><INIT seed="2,0,0,3,4,133" ten="235,229,262,274" oya="2" hai0="48,32,82,35,105,66,83,24,21,89,0,58,125" hai1="88,87,65,9,5,75,124,123,93,134,28,100,96" hai2="43,101,54,68,70,78,84,13,132,126,80,10,116" hai3="57,113,20,41,118,94,59,71,135,31,92,95,73"/><V121/><F121/><W14/><G71/><T17/><D105/><U8/><E134/><V53/><F132/><W47/><G73/><T49/><D0/><U22/><E123/><V97/><F116/><W79/><G135/><T3/><D3/><U15/><E75/><V114/><F114/><W77/><G118/><T56/><D35/><U16/><E124/><V50/><F70/><W109/><G113/><T27/><D125/><U64/><E28/><V60/><F126/><W7/><G109/><T44/><D32/><U74/><E74/><V33/><F33/><W90/><G90/><T122/><D122/><U23/><E23/><V111/><F111/><W55/><G7/><T112/><D112/><U19/><E19/><V86/><F86/><W115/><G115/><T29/><D58/><N who="3" m="22025" /><G41/><T67/><D29/><U130/><E130/><V110/><F110/><W11/><G11/><N who="1" m="4170" /><E5/><N who="2" m="3279" /><F60/><W30/><G30/><T104/><D104/><U119/><E119/><V81/><F81/><AGARI ba="0,0" hai="15,16,22,64,65,81,87,88,93,96,100" m="4170" machi="81" ten="30,3900,0" yaku="8,1,54,2" doraHai="133" who="1" fromWho="2" sc="235,0,229,39,262,-39,274,0" /><INIT seed="3,0,0,5,2,53" ten="235,268,223,274" oya="3" hai0="42,6,49,116,82,102,77,84,128,83,23,115,9" hai1="127,36,109,57,17,31,33,88,124,62,110,61,79" hai2="98,5,75,71,130,0,44,132,85,92,8,1,59" hai3="60,131,64,68,13,73,76,78,125,50,10,26,129"/><W3/><G3/><T113/><D116/><U108/><E79/><V25/><F71/><W123/><G123/><T21/><D102/><U99/><E36/><V67/><F75/><W16/><G125/><N who="1" m="48202" /><E17/><V65/><F44/><W135/><G135/><T107/><D128/><N who="3" m="49225" /><G73/><T133/><D133/><U4/><E4/><V11/><F130/><W111/><G111/><T81/><D107/><U51/><E31/><V93/><F132/><W74/><G74/><T7/><D82/><U18/><E18/><V112/><F25/><W94/><G50/><T134/><D83/><U46/><E33/><V20/><F20/><N who="3" m="13575" /><G94/><T41/><D134/><U29/><E29/><V66/><F112/><N who="0" m="43082" /><D6/><AGARI ba="0,0" hai="6,10,13,60,64,68,76,78" m="13575,49225" machi="6" ten="30,2900,0" yaku="19,1,54,1" doraHai="53" who="3" fromWho="0" sc="235,-29,268,0,223,0,274,29" /><INIT seed="3,1,0,5,1,79" ten="206,268,223,303" oya="3" hai0="17,129,14,83,125,133,66,43,115,106,47,52,42" hai1="127,20,32,10,81,102,75,97,25,1,36,98,62" hai2="48,5,117,120,57,99,4,9,92,111,67,118,128" hai3="21,0,24,96,110,22,33,46,56,53,90,103,134"/><W19/><G0/><T30/><D106/><U63/><E127/><V80/><F111/><W6/><G6/><T109/><D109/><U39/><E32/><V108/><F108/><W116/><G116/><T45/><D125/><U85/><E75/><V73/><F128/><W100/><G33/><T3/><D129/><U60/><E98/><V87/><F73/><W35/><G35/><T112/><D3/><U29/><E10/><V2/><F5/><W121/><G121/><T131/><D30/><U38/><E1/><V58/><F120/><W123/><G123/><T113/><D131/><U104/><REACH who="1" step="1"/><E39/><REACH who="1" ten="206,258,223,303" step="2"/><V78/><F118/><W15/><G110/><T88/><D133/><U105/><E105/><V132/><F132/><W91/><G134/><T82/><D66/><U23/><E23/><V107/><F107/><W26/><G22/><N who="0" m="11575" /><D88/><AGARI ba="1,1" hai="20,25,29,36,38,60,62,63,81,85,88,97,102,104" machi="88" ten="40,8000,1" yaku="1,1,52,1,54,1,53,1" doraHai="79" doraHaiUra="27" who="1" fromWho="0" sc="206,-83,258,93,223,0,303,0" /><INIT seed="4,0,0,4,2,123" ten="123,351,223,303" oya="0" hai0="89,31,12,133,64,32,94,75,15,70,24,106,51" hai1="39,53,67,90,128,95,130,101,108,93,126,110,77" hai2="84,9,120,50,3,33,0,72,88,129,23,59,65" hai3="113,13,124,107,85,117,127,40,6,1,121,52,22"/><T29/><D75/><U44/><E77/><V54/><F72/><W119/><G107/><T36/><D36/><U25/><E67/><V112/><F33/><W35/><G35/><T8/><D106/><U20/><E126/><N who="3" m="48170" /><G121/><T10/><D133/><U47/><E101/><V114/><F120/><W86/><G113/><N who="2" m="43625" /><F129/><N who="1" m="49769" /><E95/><N who="2" m="54663" /><F65/><W60/><G40/><T34/><D64/><U27/><E39/><V5/><F23/><W30/><G85/><T58/><D70/><U71/><E71/><V92/><F92/><W43/><G86/><N who="0" m="52535" /><D32/><U55/><E27/><V21/><F21/><W66/><G66/><T69/><D69/><U82/><E82/><V2/><AGARI ba="0,0" hai="0,2,3,5,9,50,54,59" m="54663,43625" machi="2" ten="30,2000,0" yaku="15,1,54,1" doraHai="123" who="2" fromWho="2" sc="123,-10,351,-5,223,20,303,-5" /><INIT seed="5,0,0,0,1,66" ten="113,346,243,298" oya="1" hai0="8,111,31,98,75,46,100,21,128,119,29,125,89" hai1="115,123,13,39,34,102,76,37,4,87,65,74,51" hai2="52,133,101,64,110,22,17,134,54,20,109,108,40" hai3="36,53,79,27,33,124,129,94,122,107,131,99,30"/><U103/><E123/><V71/><F101/><W44/><G122/><T60/><D111/><U114/><E74/><V56/><F40/><W41/><G124/><T127/><D119/><U58/><E34/><V35/><F35/><W14/><G53/><N who="2" m="20585" /><F17/><W24/><G24/><T104/><D75/><U80/><E51/><V0/><F0/><W32/><G32/><T97/><D46/><U9/><E103/><V72/><F72/><W106/><G14/><T23/><D8/><U118/><E102/><V28/><F28/><N who="0" m="10826" /><D128/><N who="3" m="49225" /><G79/><T7/><D7/><U120/><E120/><V6/><F6/><W132/><G94/><N who="0" m="56527" /><D60/><N who="1" m="38039" /><E118/><V16/><F56/><W18/><G18/><T67/><D67/><U96/><E96/><V62/><F16/><W63/><G99/><T25/><D25/><U68/><E68/><V78/><F78/><W12/><G12/><T81/><D81/><U83/><E80/><V61/><F61/><W70/><G132/><AGARI ba="0,0" hai="20,22,62,64,71,108,109,110,132,133,134" m="20585" machi="132" ten="40,5200,0" yaku="20,1,52,1,54,1" doraHai="66" who="2" fromWho="3" sc="113,0,346,0,243,52,298,-52" /><INIT seed="6,0,0,1,3,27" ten="113,346,295,246" oya="2" hai0="74,128,131,34,70,101,129,115,76,46,114,100,5" hai1="107,71,60,113,14,108,124,49,73,96,87,20,22" hai2="132,36,39,28,31,67,135,63,105,40,4,6,11" hai3="51,23,93,61,32,47,52,98,68,56,80,82,121"/><V18/><F105/><W99/><G32/><T62/><D5/><N who="2" m="2154" /><F18/><W126/><G121/><T89/><D46/><U45/><E73/><V118/><F11/><W59/><G68/><T111/><D70/><U94/><E107/><V130/><F118/><W75/><G126/><T72/><D62/><U12/><E124/><V26/><F130/><N who="0" m="33282" /><T69/><DORA hai="33" /><D69/><U24/><E87/><V15/><F15/><W123/><G123/><T127/><D127/><U90/><E22/><V91/><F91/><W58/><G61/><T78/><D34/><U104/><E104/><V92/><F92/><W84/><G75/><N who="0" m="28715" /><D111/><U133/><E108/><V37/><F40/><W103/><G98/><T1/><D89/><U57/><E90/><V97/><F97/><W65/><G65/><T50/><D50/><U112/><E96/><V88/><F88/><W53/><G23/><T109/><D109/><U41/><E41/><V79/><F79/><N who="0" m="30250" /><D1/><U117/><E24/><V29/><F26/><W43/><G43/><T81/><D81/><U122/><E14/><V116/><F116/><W83/><G53/><T120/><D120/><U64/><E117/><V9/><F9/><W25/><G25/><T13/><D13/><U38/><E12/><V66/><F63/><W21/><G21/><T35/><D35/><U102/><E20/><V44/><F44/><W95/><G82/><T42/><D42/><U106/><E45/><V86/><F86/><W17/><G17/><T48/><D48/><U10/><E49/><V134/><AGARI ba="0,0" hai="28,29,31,36,37,39,66,67,132,134,135" m="2154" machi="134" ten="50,24000,3" yaku="29,2,28,2,20,1,52,3" doraHai="27,33" who="2" fromWho="2" sc="113,-80,346,-80,295,240,246,-80" /><INIT seed="6,1,0,4,2,51" ten="33,266,535,166" oya="2" hai0="97,108,40,62,0,72,101,5,30,117,79,55,118" hai1="3,14,134,24,114,23,123,68,33,44,13,71,17" hai2="46,54,18,22,130,31,59,52,20,61,93,132,115" hai3="37,11,1,63,47,16,94,124,91,110,111,126,28"/><V86/><F115/><W112/><G28/><T119/><D108/><U80/><E3/><V70/><F70/><W128/><G112/><T102/><D30/><U26/><E114/><V81/><F132/><W104/><G104/><T65/><D40/><U49/><E134/><V82/><F130/><W116/><G116/><N who="0" m="29699" /><T135/><DORA hai="74" /><D135/><U88/><E123/><V58/><F46/><W6/><G128/><T122/><D122/><U29/><E71/><V98/><F31/><W78/><G78/><T133/><D133/><U4/><E4/><V34/><F34/><W129/><G129/><T38/><D38/><U99/><E68/><V106/><F106/><W39/><G39/><T84/><D72/><U8/><E8/><V75/><F75/><W73/><G73/><T19/><D65/><U45/><E45/><V64/><F64/><W66/><G47/><T60/><D60/><U48/><E48/><N who="2" m="30983" /><F86/><W109/><G37/><T21/><D0/><U2/><E2/><V41/><F41/><W76/><G63/><T103/><D5/><U35/><E35/><V9/><F9/><W15/><G66/><T120/><D120/><U7/><E7/><V105/><F105/><W96/><REACH who="3" step="1"/><G76/><REACH who="3" ten="33,266,535,156" step="2"/><T87/><D97/><U50/><E99/><V90/><F18/><W25/><G25/><N who="0" m="14527" /><D79/><U125/><E29/><V131/><F131/><W57/><G57/><AGARI ba="1,1" hai="55,57,62,84,87,101,102,103" m="14527,29699" machi="57" ten="50,3200,0" yaku="12,1,52,1" doraHai="51,74" who="0" fromWho="3" sc="33,45,266,0,535,0,156,-35" /><INIT seed="7,0,0,0,1,108" ten="78,266,535,121" oya="3" hai0="128,69,17,62,111,113,95,0,39,135,91,26,82" hai1="53,30,93,20,106,68,90,51,115,41,92,105,48" hai2="87,118,37,19,14,10,73,7,13,47,133,72,129" hai3="11,98,31,24,49,2,112,121,119,22,8,27,34"/><W84/><G121/><T131/><D111/><U85/><E68/><V130/><F118/><W67/><G119/><T42/><D0/><U86/><E115/><V21/><F133/><W64/><G112/><T123/><D123/><U76/><E41/><N who="2" m="22959" /><F87/><W110/><G110/><T100/><D100/><U109/><E109/><V101/><F101/><W54/><G98/><T5/><D135/><U4/><E4/><V63/><F63/><W78/><G2/><T117/><D117/><U71/><E71/><V70/><F70/><W18/><G64/><T35/><D5/><U29/><E53/><V56/><F56/><W15/><G67/><T28/><D82/><U46/><E46/><V59/><F59/><W124/><G124/><T120/><D120/><U127/><E20/><V55/><F55/><W114/><G114/><T52/><D113/><U116/><E116/><V6/><F6/><W36/><G36/><T40/><D69/><U57/><E57/><V65/><F65/><W58/><G27/><T77/><D77/><U107/><E76/><V1/><F1/><W89/><REACH who="3" step="1"/><G78/><REACH who="3" ten="78,266,535,111" step="2"/><T43/><D39/><U66/><E66/><V9/><F130/><N who="0" m="49706" /><D40/><U126/><E107/><V75/><F129/><W23/><G23/><N who="0" m="13679" /><D35/><U33/><E33/><V80/><F21/><W44/><G44/><T122/><D122/><U83/><E106/><V94/><F10/><W99/><G99/><N who="0" m="57855" /><D28/><U125/><E105/><V97/><F97/><W32/><G32/><T50/><D62/><U79/><E125/><V74/><F9/><W134/><G134/><T81/><D43/><U61/><E79/><RYUUKYOKU ba="0,1" sc="78,-10,266,-10,535,-10,111,30" hai3="8,11,15,18,22,24,31,34,49,54,58,84,89" /><INIT seed="7,1,1,2,3,128" ten="68,256,525,141" oya="3" hai0="120,127,131,125,54,35,124,118,71,95,84,28,53" hai1="81,64,67,43,109,36,56,99,47,89,50,31,60" hai2="113,34,79,55,115,46,106,41,101,20,111,134,83" hai3="44,40,10,4,110,22,62,108,33,96,25,7,49"/><W123/><G33/><T103/><D35/><U68/><E109/><N who="3" m="42090" /><G123/><T82/><D28/><U104/><E67/><V9/><F111/><W13/><G96/><T80/><D71/><U74/><E31/><V59/><F34/><W98/><G98/><N who="0" m="59871" /><D54/><N who="1" m="31831" /><E74/><V65/><F65/><W11/><G62/><T70/><D70/><U39/><E39/><V90/><F90/><W135/><G22/><T57/><D57/><U26/><E26/><V32/><F20/><W37/><G25/><T5/><D5/><U105/><E99/><V51/><F32/><W126/><G37/><T19/><D19/><U107/><E89/><V76/><F9/><W117/><G117/><T2/><D53/><U0/><E81/><N who="0" m="31337" /><D2/><AGARI ba="1,1" hai="0,2,36,43,47,60,64,68,104,105,107" m="31831" machi="2" ten="30,1000,0" yaku="24,1" doraHai="128" who="1" fromWho="0" sc="68,-13,256,23,525,0,141,0" owari="55,-44.0,279,8.0,525,62.0,141,-26.0" /></mjloggm>