<mjloggm ver="2.3"><GO type="97" lobby="0"/><UN n0="%E3%83%A2%E3%82%B0%E3%83%9E%E3%83%AA%E3%83%A2" n1="%52%75%79" n2="%E3%82%A6%E3%83%AB%E3%83%88%E3%83%A9%E7%AB%8B%E7%9B%B4" n3="%E2%97%86%E7%9C%9F%E5%85%89%E6%AD%A6%E8%A1%86%E2%97%86" dan="14,14,15,13" rate="1969.26,1917.94,1933.46,1865.18" sx="M,M,M,M"/><TAIKYOKU oya="0"/><INIT seed="0,0,0,0,4,10" ten="250,250,250,250" oya="0" hai0="63,54,24,55,2,43,70,1,120,16,88,85,94" hai1="48,113,51,12,79,92,104,126,6,106,102,21,15" hai2="32,105,103,111,121,19,116,123,74,109,58,95,14" hai3="60,18,35,122,11,82,8,31,118,90,132,96,129"/><T93/><D120/><N who="2" m="46154" /><F58/><W110/><G118/><T134/><D134/><U25/><E79/><V34/><F95/><N who="3" m="56439" /><G35/><N who="2" m="13353" /><F103/><W87/><G31/><T135/><D135/><U81/><E106/><V23/><F105/><W3/><G3/><T47/><D93/><U91/><E104/><V78/><F78/><N who="3" m="46551" /><G110/><N who="2" m="41993" /><F74/><W17/><G129/><T53/><D70/><U29/><E81/><V117/><AGARI ba="0,0" hai="14,19,23,116,117" m="41993,13353,46154" machi="117" ten="40,8000,1" yaku="14,1,34,2,52,1" doraHai="10" who="2" fromWho="2" sc="250,-40,250,-20,250,80,250,-20" /><INIT seed="1,0,0,4,3,104" ten="210,230,330,230" oya="1" hai0="40,76,62,26,120,44,94,12,19,81,133,20,132" hai1="60,90,74,67,103,129,75,96,16,131,14,117,119" hai2="59,106,13,31,121,37,108,28,84,93,118,77,45" hai3="32,92,124,98,58,42,46,107,115,63,109,8,56"/><U134/><E134/><N who="0" m="51817" /><D94/><U0/><E0/><V71/><F84/><W53/><G115/><T38/><D62/><U111/><E90/><V17/><F28/><W25/><G109/><T78/><D120/><U52/><E52/><V34/><F13/><W123/><G124/><T128/><D128/><N who="1" m="49227" /><E111/><V57/><F108/><W6/><G107/><T43/><D43/><U110/><E110/><V50/><F45/><W48/><G123/><T66/><D66/><U41/><E41/><V80/><F93/><W23/><G32/><T72/><D76/><U105/><E60/><V114/><F106/><W30/><G63/><T86/><D26/><U82/><E82/><V18/><F80/><W36/><G36/><T127/><D127/><U39/><E67/><V21/><F121/><W54/><G42/><T9/><D9/><N who="1" m="6223" /><E39/><V69/><F37/><W125/><G125/><T47/><D47/><U10/><E10/><V27/><F57/><N who="3" m="22123" /><G54/><T79/><D79/><U116/><AGARI ba="0,0" hai="74,75,96,103,105,116,117,119" m="6223,49227" machi="116" ten="40,12000,1" yaku="19,1,52,2,54,1" doraHai="104" who="1" fromWho="1" sc="210,-40,230,120,330,-40,230,-40" /><INIT seed="1,1,0,1,2,122" ten="170,350,290,190" oya="1" hai0="110,29,129,67,18,105,113,66,17,13,43,102,41" hai1="131,56,101,96,121,38,60,1,71,75,6,59,128" hai2="91,9,37,92,63,62,28,21,81,133,61,104,54" hai3="118,39,135,93,80,132,48,107,85,86,22,99,76"/><U116/><E121/><V15/><F104/><W20/><G39/><T120/><D113/><U25/><E75/><V35/><F37/><W42/><G118/><T23/><D120/><U27/><E38/><V84/><F35/><W82/><G48/><T134/><D129/><N who="1" m="49739" /><E116/><V127/><F127/><W65/><G42/><N who="0" m="15883" /><D134/><N who="3" m="51241" /><G65/><N who="0" m="24587" /><D110/><U24/><E71/><V94/><F133/><W78/><G107/><T70/><D105/><N who="1" m="63655" /><E60/><V36/><F36/><W30/><G30/><T2/><D2/><U79/><E79/><V115/><F115/><W106/><G106/><T34/><D34/><U8/><AGARI ba="1,0" hai="1,6,8,24,25,27,56,59" m="63655,49739" machi="8" ten="40,2100,0" yaku="19,1" doraHai="122" who="1" fromWho="1" sc="170,-8,350,24,290,-8,190,-8" /><INIT seed="1,2,0,3,1,10" ten="162,374,282,182" oya="1" hai0="92,53,100,82,107,114,86,16,39,67,106,47,115" hai1="40,79,135,44,116,25,104,26,59,112,74,110,37" hai2="2,15,4,90,98,36,64,1,7,3,46,75,55" hai3="58,49,76,73,127,118,131,21,43,24,13,66,113"/><U60/><E116/><V84/><F98/><W99/><G113/><T130/><D106/><U56/><E112/><V0/><F75/><W63/><G131/><T30/><D107/><U95/><E104/><V22/><F64/><W124/><G118/><T109/><D30/><U54/><E74/><V35/><F35/><W65/><G99/><N who="0" m="59495" /><D109/><U119/><E79/><V69/><F69/><W96/><G96/><T23/><D39/><U128/><E119/><V72/><F72/><W28/><G76/><N who="0" m="46407" /><D130/><U93/><E128/><V125/><F125/><N who="3" m="48203" /><G73/><T101/><D115/><U85/><E110/><V83/><N who="2" m="0" /><DORA hai="94" /><V6/><F36/><W9/><G49/><N who="0" m="28863" /><D114/><U38/><E38/><V32/><F32/><W29/><G43/><T62/><D101/><U18/><E40/><V122/><F122/><W12/><G29/><T120/><D120/><U33/><E37/><V34/><F34/><W68/><G9/><T70/><D70/><U11/><E33/><V108/><F108/><W8/><G8/><T45/><D45/><U77/><E11/><V129/><F129/><W133/><G133/><T105/><D105/><U126/><E135/><V42/><F42/><W132/><G132/><T102/><D102/><U89/><E44/><V97/><F97/><W19/><G28/><T48/><D48/><U134/><E126/><V14/><REACH who="2" step="1"/><F22/><REACH who="2" ten="162,374,272,182" step="2"/><W87/><G68/><N who="0" m="42103" /><D23/><U80/><E134/><V61/><F61/><W111/><G66/><T91/><D91/><U17/><E89/><V31/><F31/><W50/><G111/><T117/><D117/><U5/><E60/><V57/><F57/><RYUUKYOKU ba="2,1" sc="162,15,374,-15,272,15,182,-15" hai0="16" hai2="4,6,7,14,15,46,55,83,84,90" /><INIT seed="2,3,1,2,1,78" ten="177,359,287,167" oya="2" hai0="69,13,98,62,7,51,130,14,131,2,54,77,117" hai1="99,11,95,75,26,33,106,15,74,31,133,47,80" hai2="86,104,43,65,73,126,72,132,119,123,24,22,6" hai3="64,94,55,68,97,5,38,63,61,16,21,112,127"/><V0/><F104/><W41/><G112/><T10/><D117/><U96/><E106/><V102/><F119/><W42/><G127/><T83/><D98/><U29/><E99/><V37/><F102/><W108/><G108/><T134/><D134/><U45/><E133/><V23/><F123/><W12/><G5/><T70/><D62/><U49/><E47/><V87/><F65/><W116/><G116/><T17/><D17/><U124/><E124/><V84/><F43/><W115/><G115/><T135/><D135/><U118/><E31/><V82/><F126/><W76/><G76/><T56/><D70/><U53/><E80/><V120/><F120/><W113/><G113/><T19/><D69/><U52/><E53/><V20/><F24/><W50/><G61/><T46/><D56/><U109/><E109/><V44/><F132/><W32/><G32/><T57/><D57/><U58/><E45/><V35/><F35/><W89/><G38/><T85/><REACH who="0" step="1"/><D19/><REACH who="0" ten="167,359,287,167" step="2"/><U39/><E118/><V60/><F60/><W30/><REACH who="3" step="1"/><G30/><REACH who="3" ten="167,359,287,157" step="2"/><T25/><D25/><U36/><E29/><V59/><F37/><W105/><G105/><T128/><AGARI ba="3,3" hai="2,7,10,13,14,46,51,54,77,83,85,128,130,131" machi="128" ten="30,7900,0" yaku="1,1,0,1,19,1,52,1,53,0" doraHai="78" doraHaiUra="110" who="0" fromWho="0" sc="167,118,359,-23,287,-42,157,-23" /><INIT seed="3,0,0,3,4,111" ten="285,336,245,134" oya="3" hai0="63,112,47,131,22,92,20,10,129,17,45,121,116" hai1="69,80,89,55,4,2,16,79,13,38,117,75,6" hai2="125,65,119,103,91,104,70,135,126,36,59,120,23" hai3="97,24,106,82,9,64,109,95,48,42,94,93,29"/><W122/><G122/><T84/><D116/><U28/><E69/><V77/><F23/><N who="0" m="8746" /><D121/><U132/><E28/><V26/><F26/><W41/><G64/><T100/><D63/><U18/><E117/><V57/><F120/><W14/><G109/><T11/><D100/><U114/><E114/><V15/><F15/><W67/><G67/><T66/><D66/><U105/><E105/><V110/><F110/><W46/><G82/><T33/><D33/><U115/><E115/><V0/><F0/><W101/><G42/><T96/><D112/><U5/><E5/><V31/><F31/><W113/><G113/><T37/><D37/><U99/><E6/><V54/><F103/><W35/><REACH who="3" step="1"/><G106/><REACH who="3" ten="285,336,245,124" step="2"/><T72/><D129/><U102/><E132/><V21/><F104/><W49/><G49/><T19/><D131/><U71/><E38/><V3/><F36/><W90/><G90/><T56/><D11/><U40/><E89/><V81/><F91/><W61/><G61/><T52/><D10/><U87/><E40/><V1/><F135/><W27/><G27/><T108/><D108/><U98/><E80/><V12/><F65/><W78/><G78/><T83/><D83/><U39/><E79/><V74/><F119/><W133/><G133/><T25/><D25/><U43/><E39/><V50/><F50/><W127/><G127/><T60/><D60/><U130/><E43/><V8/><F125/><W68/><G68/><T88/><D88/><U107/><E130/><V73/><F126/><W53/><G53/><T85/><D52/><U118/><E55/><V134/><F54/><RYUUKYOKU ba="0,1" sc="285,-10,336,-10,245,-10,124,30" hai3="9,14,24,29,35,41,46,48,93,94,95,97,101" /><INIT seed="3,1,1,0,3,11" ten="275,326,235,154" oya="3" hai0="57,84,36,29,60,135,75,109,65,38,80,77,43" hai1="26,20,105,132,49,115,133,72,2,33,129,68,25" hai2="3,30,82,81,37,9,51,53,64,21,131,69,15" hai3="18,39,28,103,130,92,55,66,50,7,41,56,48"/><W95/><G7/><T44/><D109/><U13/><E115/><V122/><F37/><W106/><G130/><T16/><D135/><N who="1" m="51787" /><E68/><V10/><F131/><W79/><G79/><T134/><D134/><U114/><E114/><V42/><F42/><W86/><G28/><T74/><D29/><U99/><E72/><V71/><F122/><W121/><G121/><T125/><D125/><U24/><E2/><V83/><F64/><W88/><G106/><T34/><D34/><U126/><E126/><V73/><F73/><W98/><G66/><T5/><D5/><U31/><E129/><V78/><F78/><W63/><REACH who="3" step="1"/><G18/><REACH who="3" ten="275,326,235,144" step="2"/><T54/><D16/><N who="1" m="10255" /><E49/><V58/><F30/><W47/><AGARI ba="1,2" hai="39,41,47,48,50,55,56,63,86,88,92,95,98,103" machi="47" ten="30,11700,0" yaku="1,1,0,1,54,1,53,1" doraHai="11" doraHaiUra="85" who="3" fromWho="3" sc="275,-40,326,-40,235,-40,144,140" /><INIT seed="3,2,0,5,3,103" ten="235,286,195,284" oya="3" hai0="122,46,120,72,16,92,97,71,67,32,128,21,84" hai1="101,64,13,93,109,50,68,78,28,133,87,60,20" hai2="83,129,30,61,77,51,86,5,29,117,121,123,75" hai3="81,80,118,135,104,39,23,49,95,114,8,74,31"/><W37/><G114/><T59/><D72/><U99/><E133/><V132/><F117/><W90/><G135/><T65/><D32/><U9/><E109/><V76/><F132/><W124/><G118/><T115/><D71/><U47/><E78/><V119/><F119/><W48/><G104/><T134/><D128/><U44/><E87/><V79/><F75/><W116/><G116/><T14/><D134/><U73/><E50/><N who="3" m="19562" /><G37/><T94/><D115/><U7/><REACH who="1" step="1"/><E73/><REACH who="1" ten="235,276,195,284" step="2"/><V130/><F51/><W113/><G74/><T24/><D84/><U6/><E6/><V53/><F5/><W66/><G113/><T106/><D46/><U1/><E1/><V102/><F86/><W127/><G127/><T91/><D120/><N who="2" m="46154" /><F83/><W15/><G80/><T4/><D122/><U17/><E17/><V89/><F89/><W63/><G124/><T0/><D0/><U18/><E18/><V19/><F19/><W107/><G81/><T40/><D91/><U125/><E125/><V25/><F102/><W33/><G90/><T43/><D4/><U131/><E131/><N who="2" m="50187" /><F25/><AGARI ba="2,1" hai="7,9,13,20,25,28,44,47,60,64,68,93,99,101" machi="25" ten="40,2600,0" yaku="1,1,53,1" doraHai="103" doraHaiUra="22" who="1" fromWho="2" sc="235,0,276,42,195,-32,284,0" owari="235,-16.0,318,42.0,163,-34.0,284,8.0" /></mjloggm>