<mjloggm ver="2.3"><GO type="97" lobby="0"/><UN n0="%70%6C%61%6B%31%31%30%35" n1="%6A%6F%6B%62%31%32%33%34" n2="%E3%82%A6%E3%83%AB%E3%83%88%E3%83%A9%E7%AB%8B%E7%9B%B4" n3="%4F%53%43%37%37%37" dan="14,13,16,14" rate="1874.44,1860.82,1994.49,1899.35" sx="M,M,M,M"/><TAIKYOKU oya="0"/><INIT seed="0,0,0,4,0,104" ten="250,250,250,250" oya="0" hai0="70,19,37,101,94,119,98,115,12,113,54,33,63" hai1="111,21,11,8,45,43,60,126,44,69,133,35,124" hai2="13,71,88,134,52,28,128,122,112,79,77,62,15" hai3="95,53,2,17,81,16,20,38,107,103,40,90,32"/><T68/><D33/><U65/><E35/><V102/><F71/><W75/><G32/><T56/><D119/><U46/><E111/><V96/><F112/><W34/><G2/><T118/><D37/><U86/><E21/><V3/><F3/><W59/><G34/><T67/><D118/><U135/><E86/><V105/><F28/><W57/><G59/><T109/><D70/><U50/><E8/><V4/><F122/><W121/><G103/><T25/><D25/><U0/><E11/><V58/><F128/><W72/><G17/><T23/><REACH who="0" step="1"/><D109/><REACH who="0" ten="240,250,250,250" step="2"/><U93/><E0/><V6/><F134/><N who="1" m="51209" /><E93/><N who="2" m="56359" /><F105/><W100/><G121/><T120/><D120/><U61/><E61/><AGARI ba="0,1" hai="12,19,23,54,56,61,63,67,68,94,98,101,113,115" machi="61" ten="30,2900,0" yaku="1,1,7,1,53,0" doraHai="104" doraHaiUra="125" who="0" fromWho="1" sc="240,39,250,-29,250,0,250,0" /><INIT seed="0,1,0,2,2,58" ten="279,221,250,250" oya="0" hai0="13,101,104,106,6,118,131,5,41,18,68,107,76" hai1="111,36,65,103,4,74,108,125,17,96,11,109,31" hai2="114,33,0,49,90,85,29,99,60,97,95,112,130" hai3="38,84,25,127,79,44,105,87,59,102,129,124,133"/><T2/><D118/><U50/><E74/><V37/><F37/><W86/><G133/><T110/><D68/><U120/><E36/><V61/><F0/><W122/><G122/><T134/><D134/><U128/><E120/><V14/><F33/><W100/><G25/><T62/><D131/><U54/><E31/><V47/><F130/><W9/><G9/><T1/><D76/><U91/><E128/><V81/><F29/><W16/><G79/><T66/><D41/><U57/><E125/><N who="3" m="48202" /><G105/><T121/><D101/><U63/><E17/><V7/><F112/><W42/><G129/><T3/><D110/><U123/><E91/><V93/><F114/><W98/><G98/><T75/><D75/><U135/><E135/><V48/><F97/><W71/><G71/><T56/><REACH who="0" step="1"/><D121/><REACH who="0" ten="269,221,250,250" step="2"/><U69/><E123/><V15/><F99/><W23/><G102/><T115/><D115/><U88/><E103/><V82/><F85/><W55/><G100/><T20/><AGARI ba="1,1" hai="1,2,3,5,6,13,18,20,56,62,66,104,106,107" machi="20" ten="40,7800,0" yaku="1,1,0,1,52,1,53,0" doraHai="58" doraHaiUra="89" who="0" fromWho="0" sc="269,91,221,-27,250,-27,250,-27" /><INIT seed="0,2,0,0,0,73" ten="360,194,223,223" oya="0" hai0="110,108,98,123,72,55,130,89,37,14,17,1,76" hai1="101,79,109,75,92,18,90,22,117,129,67,131,106" hai2="135,0,127,65,21,60,97,38,28,102,57,69,104" hai3="80,13,32,134,44,40,15,91,94,4,84,63,11"/><T99/><D1/><U41/><E117/><V114/><F114/><W49/><G134/><T126/><D123/><U71/><E109/><N who="0" m="42089" /><D37/><U111/><E111/><V59/><F135/><W83/><G32/><T16/><D130/><N who="1" m="49675" /><E41/><V25/><F127/><W58/><G15/><T66/><D66/><AGARI ba="2,0" hai="4,11,13,40,44,49,58,63,66,80,83,84,91,94" machi="66" ten="30,2000,0" yaku="7,1,8,1" doraHai="73" who="3" fromWho="0" sc="360,-26,194,0,223,0,223,26" /><INIT seed="1,0,0,5,1,85" ten="334,194,223,249" oya="1" hai0="33,92,0,40,86,98,121,96,57,126,12,124,28" hai1="20,39,29,116,41,13,89,60,87,63,64,77,66" hai2="23,97,18,75,11,127,103,32,52,15,49,118,21" hai3="74,115,59,55,88,102,72,135,50,94,101,68,134"/><U56/><E116/><V8/><F75/><W9/><G68/><T111/><D121/><U84/><E39/><V1/><F32/><W58/><G115/><T3/><D40/><U65/><E41/><V53/><F127/><W113/><G59/><T46/><D111/><U19/><E29/><V110/><F110/><W69/><G69/><T44/><D86/><U133/><E133/><N who="3" m="50698" /><G9/><T112/><D12/><U107/><E107/><V91/><F118/><W37/><G37/><T42/><D57/><U83/><REACH who="1" step="1"/><E60/><REACH who="1" ten="334,184,223,249" step="2"/><V4/><F53/><W38/><G113/><T95/><D42/><U54/><E54/><V62/><F62/><W61/><G38/><T114/><D28/><U27/><E27/><V119/><F119/><W76/><G61/><T35/><AGARI ba="0,1" hai="0,3,33,35,44,46,92,95,96,98,112,114,124,126" machi="35" ten="25,3200,0" yaku="0,1,22,2" doraHai="85" who="0" fromWho="0" sc="334,42,184,-16,223,-8,249,-8" /><INIT seed="2,0,0,0,4,110" ten="376,168,215,241" oya="2" hai0="8,12,39,119,126,3,107,18,77,75,91,103,114" hai1="122,128,76,89,99,121,7,101,78,24,83,57,2" hai2="48,131,29,90,86,80,71,61,30,64,65,82,9" hai3="6,35,115,133,134,0,116,97,118,15,20,27,74"/><V102/><F131/><W87/><G74/><T60/><D39/><U45/><E57/><V105/><F102/><W88/><G97/><T62/><D3/><U79/><E45/><V73/><F105/><W11/><G115/><T25/><D103/><U66/><E66/><V129/><F129/><W130/><G130/><T95/><D107/><N who="1" m="63935" /><E24/><V16/><F64/><W51/><G51/><T56/><D126/><U113/><E7/><V41/><F73/><W96/><G96/><T135/><D135/><N who="3" m="51721" /><G35/><T31/><D114/><U55/><E55/><V72/><F72/><W69/><G69/><T93/><D93/><U28/><E28/><V17/><F80/><N who="3" m="49255" /><G0/><T53/><D77/><N who="1" m="29803" /><E2/><V112/><F112/><W124/><G124/><T5/><D75/><N who="1" m="43519" /><E128/><V21/><F48/><W117/><G117/><T132/><D132/><U67/><E67/><V63/><F41/><W85/><G85/><T19/><D62/><N who="2" m="23562" /><F65/><W14/><G14/><T100/><D119/><U10/><E10/><V127/><F71/><W92/><G92/><T108/><D100/><U81/><E113/><V38/><F38/><W46/><G46/><T44/><D44/><U58/><E58/><V13/><F127/><W54/><G54/><T26/><D26/><AGARI ba="0,0" hai="9,13,16,17,21,26,29,30,82,86,90" m="23562" machi="26" ten="30,2900,0" yaku="8,1,54,1" doraHai="110" who="2" fromWho="0" sc="376,-29,168,0,215,29,241,0" /><INIT seed="2,1,0,3,5,44" ten="347,168,244,241" oya="2" hai0="36,55,129,95,133,26,130,94,37,128,4,120,25" hai1="38,126,88,51,31,123,103,50,20,134,108,40,121" hai2="75,106,23,66,21,104,80,1,61,62,24,117,72" hai3="101,116,112,42,35,84,86,87,2,96,111,22,135"/><V45/><F1/><W132/><G116/><T74/><D55/><U90/><E108/><V89/><F117/><W7/><G35/><T114/><D4/><U13/><E134/><N who="3" m="51242" /><G112/><T67/><D133/><U0/><E0/><V46/><F80/><W19/><G7/><T41/><D41/><U73/><E73/><V47/><F89/><N who="1" m="34409" /><E126/><V52/><F66/><W16/><G2/><T39/><D67/><U115/><E103/><V79/><F79/><W6/><G6/><T34/><D74/><N who="2" m="28202" /><F24/><N who="0" m="9322" /><D34/><U100/><E100/><V63/><F52/><W9/><G9/><T27/><N who="0" m="9330" /><T97/><DORA hai="109" /><D97/><U70/><E70/><V68/><F68/><W30/><G30/><T81/><D81/><U12/><E115/><V3/><F3/><W85/><G42/><T113/><D120/><N who="1" m="46155" /><E40/><V65/><F65/><W57/><G111/><T60/><D60/><U99/><E38/><N who="0" m="9729" /><T124/><DORA hai="15" /><D124/><U119/><E119/><V122/><F122/><W58/><N who="3" m="22016" /><DORA hai="105" /><W43/><G43/><T64/><D64/><U71/><E71/><V28/><F28/><W131/><G131/><N who="0" m="33539" /><T92/><AGARI ba="1,0" hai="92,94,95,113,114" m="33539,9729,9330" machi="92" ten="70,16000,3" yaku="4,1,27,2,28,2,19,1,52,2" doraHai="44,109,15,105" who="0" fromWho="0" sc="347,163,168,-41,244,-81,241,-41" /><INIT seed="3,0,0,1,5,21" ten="510,127,163,200" oya="3" hai0="16,22,74,10,7,46,44,82,49,131,43,35,28" hai1="121,110,53,84,34,73,89,33,78,118,54,26,117" hai2="27,23,75,114,130,103,109,31,60,32,87,38,63" hai3="64,65,41,108,20,88,132,101,45,98,69,71,1"/><W56/><G1/><T57/><D131/><U92/><E110/><V104/><F75/><W40/><G132/><T9/><D74/><U129/><E121/><V4/><F38/><W68/><G101/><T14/><D35/><U17/><E129/><V52/><F114/><W112/><G112/><T48/><D28/><U115/><E115/><V106/><F130/><W93/><G108/><T105/><D105/><U37/><E37/><V18/><F4/><W81/><G81/><T12/><D10/><U111/><E111/><V91/><F109/><W127/><G127/><T116/><D116/><N who="1" m="44651" /><E78/><V128/><F128/><W99/><G20/><T83/><REACH who="0" step="1"/><D57/><REACH who="0" ten="500,127,163,200" step="2"/><U0/><E73/><V126/><F32/><N who="1" m="12393" /><E0/><V120/><F120/><W113/><G113/><T29/><D29/><U100/><E100/><V135/><F103/><W107/><G107/><T77/><D77/><U86/><E86/><V8/><F104/><W62/><G69/><T79/><D79/><U72/><E72/><V55/><F106/><W124/><G71/><T122/><D122/><U67/><E67/><V96/><F87/><W50/><G68/><T119/><D119/><U123/><E123/><V2/><F2/><W13/><G65/><T47/><D47/><U30/><E30/><V66/><F66/><W125/><G98/><T19/><D19/><U51/><E51/><V3/><F3/><W11/><REACH who="3" step="1"/><G40/><AGARI ba="0,1" hai="7,9,12,14,16,22,40,43,44,46,48,49,82,83" machi="40" ten="30,8000,1" yaku="1,1,7,1,9,1,8,1,54,1,53,0" doraHai="21" doraHaiUra="133" who="0" fromWho="3" sc="500,90,127,0,163,0,200,-80" owari="590,69.0,127,-27.0,163,-4.0,120,-38.0" /></mjloggm>