<mjloggm ver="2.3"><GO type="97" lobby="0"/><UN n0="%CE%95%EF%BC%B4" n1="%E3%82%A6%E3%83%AB%E3%83%88%E3%83%A9%E7%AB%8B%E7%9B%B4" n2="%E5%A1%A9%E9%85%B8%E3%81%94%E3%81%8F%E3%81%94%E3%81%8F" n3="%61%61%61%73" dan="13,15,14,14" rate="1847.93,2040.67,2034.90,1881.99" sx="M,M,M,M"/><TAIKYOKU oya="0"/><INIT seed="0,0,0,5,0,107" ten="250,250,250,250" oya="0" hai0="49,43,67,42,27,102,87,84,116,126,36,113,98" hai1="12,65,8,79,57,24,62,11,20,56,58,15,2" hai2="17,50,29,66,108,18,14,125,71,75,51,104,106" hai3="97,77,99,101,112,134,53,72,44,85,40,122,54"/><T90/><D116/><U119/><E2/><V68/><F29/><W38/><G112/><T127/><D113/><U96/><E119/><V61/><F125/><N who="0" m="47626" /><D27/><U80/><E96/><V88/><F108/><W60/><G134/><T13/><D13/><U95/><E95/><V19/><F14/><W23/><G99/><T21/><D21/><U5/><E20/><V70/><F61/><W129/><G129/><T103/><D67/><U114/><E24/><V39/><F66/><W124/><G124/><T109/><D109/><U115/><E115/><V73/><F88/><W48/><G122/><T100/><D36/><U10/><E114/><V63/><F63/><W1/><G1/><T117/><D117/><U135/><E135/><V64/><F64/><W33/><G33/><T132/><D132/><U7/><REACH who="1" step="1"/><E10/><REACH who="1" ten="250,240,250,250" step="2"/><V52/><F106/><W78/><G23/><T59/><D49/><U28/><E28/><V121/><F51/><W133/><G133/><T26/><D26/><U131/><E131/><V69/><F50/><W0/><G0/><T4/><D98/><U83/><E83/><V76/><F104/><W94/><G60/><T89/><D87/><AGARI ba="0,1" hai="5,7,8,11,12,15,56,57,58,62,65,79,80,87" machi="87" ten="30,7700,0" yaku="1,1,7,1,9,1,8,1,53,0" doraHai="107" doraHaiUra="130" who="1" fromWho="0" sc="250,-77,240,87,250,0,250,0" /><INIT seed="1,0,0,0,0,70" ten="173,327,250,250" oya="1" hai0="82,100,127,109,96,108,125,119,36,44,40,21,45" hai1="101,79,7,63,93,126,78,15,4,118,75,47,51" hai2="41,114,35,18,54,29,25,14,66,17,89,98,31" hai3="117,48,97,132,3,19,111,120,68,133,74,135,57"/><U92/><E75/><V104/><F114/><W131/><G74/><T107/><D119/><U110/><E126/><N who="0" m="48137" /><D21/><U128/><E128/><V85/><F31/><W0/><G68/><T50/><D82/><U71/><E110/><N who="0" m="42601" /><D45/><U11/><E71/><V84/><F29/><W62/><G111/><T42/><D40/><U123/><E123/><V6/><F41/><W37/><G37/><AGARI ba="0,0" hai="36,37,42,44,50,96,100,107" m="42601,48137" machi="37" ten="30,7700,0" yaku="18,1,14,1,52,2" doraHai="70" who="0" fromWho="3" sc="173,77,327,0,250,0,250,-77" /><INIT seed="2,0,0,4,4,51" ten="250,327,250,173" oya="2" hai0="91,33,77,4,67,80,5,120,94,82,6,30,121" hai1="16,70,73,87,127,131,35,95,62,101,50,118,98" hai2="20,128,10,102,130,126,52,29,68,96,0,24,100" hai3="107,93,38,47,97,69,7,76,15,8,23,83,41"/><V34/><F68/><W44/><G107/><T21/><D33/><U117/><E73/><V84/><F84/><W115/><G115/><T32/><D32/><U25/><E127/><V103/><F126/><W109/><G109/><T64/><D30/><U112/><E112/><V19/><F96/><W65/><G47/><T124/><D124/><U55/><E131/><V18/><F0/><W99/><G23/><T9/><D21/><U106/><E87/><V27/><F10/><W122/><G122/><T66/><D9/><U63/><E95/><V125/><F125/><W85/><G93/><T74/><REACH who="0" step="1"/><D82/><REACH who="0" ten="240,327,250,173" step="2"/><U14/><E35/><V53/><F18/><W119/><REACH who="3" step="1"/><G119/><REACH who="3" ten="240,327,250,163" step="2"/><T78/><D78/><U45/><E117/><V116/><F116/><W88/><G88/><T42/><D42/><U129/><E118/><V2/><F2/><W114/><G114/><T113/><D113/><U58/><E129/><AGARI ba="0,2" hai="19,20,24,27,29,34,52,53,100,102,103,128,129,130" machi="129" ten="40,12000,1" yaku="19,1,52,2,54,1" doraHai="51" who="2" fromWho="1" sc="240,0,327,-120,250,140,163,0" /><INIT seed="2,1,0,2,2,59" ten="240,207,390,163" oya="2" hai0="75,3,22,112,28,4,48,54,86,82,106,15,56" hai1="109,72,114,113,91,49,119,134,23,68,25,9,30" hai2="46,58,55,16,124,87,115,65,71,51,118,107,21" hai3="90,131,103,121,89,92,35,116,37,2,97,34,36"/><V94/><F107/><W127/><G116/><T67/><D112/><U77/><E119/><V11/><F118/><W108/><G121/><T104/><D75/><U40/><E77/><V66/><F115/><W128/><G2/><T13/><D67/><U12/><E72/><V57/><F124/><W126/><G108/><T5/><D3/><U7/><E109/><V102/><F71/><W130/><G37/><T24/><D104/><U84/><E68/><V39/><F39/><W129/><N who="3" m="33280" /><DORA hai="27" /><W96/><G36/><T63/><D106/><U100/><E134/><V69/><F69/><W123/><G123/><T125/><D48/><U73/><E73/><V60/><F11/><W26/><G26/><T101/><D101/><U133/><E133/><V1/><F1/><W62/><G62/><T85/><D125/><N who="3" m="47625" /><G97/><T52/><D54/><U80/><REACH who="1" step="1"/><E100/><REACH who="1" ten="240,197,390,163" step="2"/><V29/><F102/><W64/><G64/><T81/><D81/><U99/><E99/><V93/><F65/><W88/><AGARI ba="1,1" hai="34,35,88,89,90,92,96,103" m="47625,33280" machi="88" ten="70,8000,1" yaku="19,1,18,1,54,1" doraHai="59,27" who="3" fromWho="3" sc="240,-21,197,-21,390,-41,163,93" /><INIT seed="3,0,0,0,5,23" ten="219,176,349,256" oya="3" hai0="109,75,24,16,98,87,29,78,130,107,110,1,60" hai1="123,52,118,54,32,13,64,81,99,121,112,34,90" hai2="43,12,9,69,18,10,6,5,119,40,55,4,92" hai3="39,51,101,41,103,26,117,72,127,19,70,48,37"/><W47/><G72/><T14/><D1/><U17/><E112/><V66/><F119/><W62/><G117/><T86/><D130/><U30/><E118/><V79/><F69/><W128/><G128/><T80/><D60/><U93/><E32/><V132/><F66/><N who="3" m="41303" /><G26/><T38/><D38/><N who="3" m="14345" /><G19/><T49/><D49/><N who="3" m="19017" /><G101/><T114/><D114/><U91/><E64/><V20/><F79/><W115/><G103/><T120/><D98/><U25/><E121/><V88/><F132/><W59/><G127/><T85/><D107/><U68/><E123/><V36/><F10/><W71/><G115/><T83/><D120/><U77/><E68/><V96/><F36/><N who="3" m="21927" /><G59/><T58/><D58/><U133/><E133/><V100/><F9/><W28/><G28/><T122/><D122/><U22/><REACH who="1" step="1"/><E91/><REACH who="1" ten="219,166,349,256" step="2"/><V73/><F88/><W74/><G71/><T35/><REACH who="0" step="1"/><D83/><REACH who="0" ten="209,166,349,256" step="2"/><U111/><E111/><V76/><F96/><W116/><G116/><T134/><D134/><U42/><E42/><V7/><F43/><W56/><G56/><T113/><D113/><U108/><E108/><V61/><F40/><W104/><G104/><T82/><D82/><U97/><E97/><V3/><F92/><W11/><G74/><AGARI ba="0,2" hai="13,17,22,25,30,34,52,54,74,77,81,90,93,99" machi="74" ten="30,7700,0" yaku="1,1,7,1,52,1,54,1,53,0" doraHai="23" doraHaiUra="129" who="1" fromWho="3" sc="209,0,166,97,349,0,256,-77" owari="209,-19.0,263,6.0,349,45.0,179,-32.0" /></mjloggm>