<mjloggm ver="2.3"><GO type="169" lobby="0"/><UN n0="%EF%BC%88%E2%89%A7%E2%96%BD%E2%89%A6%EF%BC%89" n1="%E3%83%97%E3%83%AD%E3%82%B8%E3%83%A3%E3%83%B3%E6%B0%8F" n2="%E9%81%8A%E8%B5%B0" n3="%E5%BC%8F%E8%A6%8B%E8%9B%8D" dan="19,16,16,17" rate="2223.61,2096.31,2122.85,2063.58" sx="M,M,F,M"/><TAIKYOKU oya="0"/><INIT seed="0,0,0,4,5,80" ten="250,250,250,250" oya="0" hai0="58,99,93,41,61,131,113,129,71,14,25,104,133" hai1="122,102,101,39,8,66,38,90,81,127,77,28,123" hai2="69,7,78,60,126,19,18,9,92,121,47,106,12" hai3="87,89,70,84,135,30,0,95,73,62,116,128,22"/><T111/><D104/><U10/><E127/><V50/><F106/><W4/><G116/><T35/><D113/><U52/><E66/><V42/><F121/><W103/><G73/><T82/><D71/><U43/><E28/><V11/><F126/><W109/><G103/><T83/><D41/><U76/><E81/><V5/><F92/><W79/><G79/><T56/><D133/><U115/><E43/><V130/><F130/><N who="0" m="49674" /><D14/><U86/><E90/><V98/><F98/><W57/><G128/><T33/><D111/><U27/><E27/><V110/><F110/><W75/><G70/><T63/><D58/><U17/><E17/><V13/><REACH who="2" step="1"/><F78/><REACH who="2" ten="250,250,240,250" step="2"/><W15/><G109/><T112/><D93/><U29/><E115/><V97/><F97/><W124/><G124/><T32/><D99/><U74/><E122/><V49/><F49/><W44/><G95/><T45/><D112/><U26/><E123/><V46/><F46/><W24/><G44/><T51/><D45/><U96/><E96/><V37/><F37/><W117/><G135/><T21/><D51/><U120/><E120/><V1/><F1/><W125/><G0/><T40/><D40/><U85/><E39/><V23/><F23/><W72/><G22/><T94/><D94/><U34/><E38/><V134/><F134/><W55/><G125/><T105/><D105/><U114/><E114/><V108/><F108/><W107/><G107/><T36/><D36/><U20/><E20/><V132/><F132/><W59/><G117/><T91/><D21/><U88/><E77/><V48/><F48/><W67/><G89/><RYUUKYOKU ba="0,1" sc="250,-10,250,-10,240,30,250,-10" hai2="5,7,9,11,12,13,18,19,42,47,50,60,69" /><INIT seed="1,1,1,0,1,106" ten="240,240,270,240" oya="1" hai0="20,81,63,76,7,120,3,5,71,23,59,98,112" hai1="95,17,90,85,49,14,60,135,100,65,9,101,44" hai2="102,125,87,11,24,66,58,16,104,30,123,116,114" hai3="50,56,84,57,103,109,117,118,32,33,34,72,62"/><U122/><E135/><V52/><F123/><W110/><G103/><T67/><D112/><U94/><E94/><V45/><F116/><N who="3" m="44651" /><G50/><T19/><D120/><U92/><E92/><V78/><F125/><W51/><G51/><T91/><D71/><U42/><REACH who="1" step="1"/><E122/><REACH who="1" ten="240,230,270,240" step="2"/><V121/><F114/><W68/><G109/><T82/><D98/><U88/><E88/><V131/><F121/><W37/><G110/><T108/><D91/><U4/><E4/><V10/><F104/><W119/><G119/><T0/><D7/><U133/><E133/><V73/><F102/><W107/><G107/><T115/><D5/><U96/><E96/><V70/><F131/><W48/><G33/><T53/><D115/><U128/><E128/><V127/><F127/><W77/><G32/><T99/><D99/><U89/><E89/><V26/><F78/><W105/><G34/><T22/><D108/><U2/><E2/><V55/><F70/><AGARI ba="1,2" hai="9,14,17,42,44,49,60,65,70,85,90,95,100,101" machi="70" ten="30,5800,0" yaku="1,1,7,1,53,1" doraHai="106" doraHaiUra="41" who="1" fromWho="2" sc="240,0,230,81,270,-61,240,0" /><INIT seed="1,2,0,3,1,52" ten="240,311,209,240" oya="1" hai0="101,9,95,64,82,53,30,55,49,68,77,134,38" hai1="69,13,39,15,34,0,56,84,47,114,105,89,17" hai2="48,12,50,25,109,51,23,24,100,92,98,40,54" hai3="41,128,129,83,90,99,18,31,57,107,20,81,106"/><U59/><E69/><V127/><F109/><W42/><G31/><T80/><D38/><U11/><E105/><V102/><F127/><W93/><G106/><T133/><D30/><U16/><E34/><V79/><F40/><N who="3" m="15467" /><G107/><T36/><D36/><U6/><E39/><V85/><F100/><W113/><G113/><T65/><D9/><N who="1" m="4279" /><E0/><V74/><F74/><W73/><G73/><T4/><D4/><N who="1" m="3559" /><E47/><V116/><F116/><W115/><G115/><T70/><D77/><U58/><E114/><V22/><F54/><W78/><G78/><T119/><D49/><U45/><E45/><V130/><F130/><W63/><G128/><T131/><D131/><U135/><E135/><V87/><F12/><N who="3" m="9287" /><G129/><T118/><D101/><U35/><E35/><V44/><F44/><W67/><AGARI ba="2,0" hai="57,63,67,81,83,90,93,99" m="9287,15467" machi="67" ten="30,2000,0" yaku="8,1,52,1" doraHai="52" who="3" fromWho="3" sc="240,-7,311,-12,209,-7,240,26" /><INIT seed="2,0,0,2,0,45" ten="233,299,202,266" oya="2" hai0="24,100,26,68,22,117,65,66,49,99,118,81,14" hai1="33,64,71,103,50,54,91,128,94,27,4,85,130" hai2="77,126,113,70,53,12,67,134,51,105,97,13,19" hai3="56,78,111,75,110,95,62,44,36,57,96,59,90"/><V89/><F113/><W84/><G75/><T135/><D135/><U104/><E4/><V42/><F134/><W88/><G78/><T86/><D14/><U92/><E104/><V7/><F126/><W108/><G36/><T129/><D129/><N who="1" m="49771" /><E64/><N who="0" m="24681" /><D68/><U5/><E5/><V61/><F42/><W16/><G44/><T37/><D37/><U83/><E71/><V46/><F7/><W106/><G106/><T9/><D9/><U40/><E40/><V121/><F121/><W3/><G3/><T101/><D26/><U112/><E103/><V8/><F77/><W124/><G124/><T114/><D99/><U122/><E112/><V127/><F127/><W120/><G120/><T11/><D11/><U58/><E122/><V47/><F12/><W125/><G125/><T38/><D38/><U55/><E55/><V52/><F105/><W1/><G1/><T72/><D114/><U116/><E116/><V87/><F97/><W28/><G28/><AGARI ba="0,0" hai="27,28,33,50,54,58,83,85,91,92,94" m="49771" machi="28" ten="30,2000,0" yaku="19,1,52,1" doraHai="45" who="1" fromWho="3" sc="233,0,299,20,202,0,266,-20" /><INIT seed="3,0,0,5,1,61" ten="233,319,202,246" oya="3" hai0="100,72,3,111,86,31,10,57,96,53,55,103,122" hai1="65,35,7,12,13,71,82,131,26,17,99,123,37" hai2="107,135,119,33,15,87,116,20,23,51,27,47,121" hai3="4,45,38,124,50,110,30,109,101,32,0,43,40"/><W5/><G101/><T108/><D72/><U115/><E115/><V59/><F107/><W2/><G124/><T34/><D122/><U98/><E123/><V77/><F121/><W14/><G14/><T9/><D86/><U48/><E37/><V56/><F135/><W94/><G94/><T52/><D57/><U67/><E131/><V76/><F33/><W88/><G88/><T42/><D42/><U79/><E71/><V120/><F120/><W62/><G62/><T24/><D103/><U130/><E130/><V28/><F119/><W91/><G91/><T66/><D66/><N who="1" m="25099" /><E35/><V106/><F106/><W16/><G2/><T70/><D70/><U127/><E127/><V8/><F20/><W113/><G113/><T125/><D125/><U112/><E112/><V117/><F117/><W75/><G75/><T95/><REACH who="0" step="1"/><D3/><REACH who="0" ten="223,319,202,246" step="2"/><U84/><E84/><V105/><F116/><W93/><G0/><T19/><D19/><U18/><E18/><V68/><F68/><W133/><G16/><T83/><D83/><U58/><E82/><N who="2" m="47559" /><F105/><W78/><G93/><T25/><D25/><U41/><E26/><V46/><F77/><W73/><G78/><T80/><D80/><U92/><E79/><V126/><F126/><W89/><G73/><T102/><D102/><U44/><E92/><V132/><F46/><N who="3" m="25951" /><G89/><T54/><N who="0" m="13312" /><DORA hai="74" /><T128/><D128/><U63/><E17/><N who="2" m="8423" /><F132/><W129/><G133/><T134/><D134/><U60/><E58/><N who="2" m="22059" /><F47/><W11/><G129/><T39/><D39/><U36/><E36/><V114/><F114/><W21/><G38/><T69/><D69/><RYUUKYOKU ba="0,1" sc="223,15,319,-15,202,15,246,-15" hai0="9,10,24,31,34,95,96,100,108,111" hai2="23,27,28,51" /><INIT seed="4,1,1,2,3,45" ten="238,304,217,231" oya="0" hai0="127,26,12,76,128,135,124,22,62,84,103,109,56" hai1="99,86,46,35,17,52,3,98,134,59,97,39,7" hai2="88,4,112,6,78,28,10,79,92,91,116,113,21" hai3="11,40,48,110,24,0,68,38,100,122,13,42,69"/><T53/><D135/><U61/><E35/><V2/><F116/><W34/><G38/><T50/><D128/><U74/><E74/><V106/><F106/><W64/><G110/><T9/><D109/><U14/><E134/><V27/><F4/><W87/><G100/><T75/><D75/><U54/><E7/><V25/><F25/><W16/><G0/><T89/><D103/><U70/><E70/><V58/><F91/><W119/><G119/><T30/><D76/><U66/><E3/><V80/><F58/><W111/><G111/><T114/><D114/><N who="2" m="44138" /><F80/><W36/><G122/><T44/><D56/><U132/><E132/><V77/><F77/><W126/><G68/><T95/><REACH who="0" step="1"/><D62/><REACH who="0" ten="228,304,217,231" step="2"/><U117/><E117/><V94/><F94/><W82/><G69/><T20/><D20/><U19/><E61/><V121/><F121/><W85/><G82/><T83/><D83/><U32/><E59/><V104/><F104/><W107/><G107/><T65/><D65/><U37/><E66/><V57/><F57/><W129/><G64/><T131/><D131/><U47/><E32/><V31/><F79/><W102/><G102/><T60/><D60/><U125/><E125/><V120/><F78/><W130/><G126/><T49/><D49/><U115/><E115/><V123/><F123/><W118/><G118/><T108/><D108/><U33/><E33/><N who="2" m="20639" /><F120/><W90/><G129/><T101/><D101/><U133/><E133/><V67/><F67/><W18/><G130/><T5/><AGARI ba="1,2" hai="5,9,12,22,26,30,44,50,53,84,89,95,124,127" machi="5" ten="30,6000,0" yaku="1,1,0,1,52,1,53,0" doraHai="45" doraHaiUra="72" who="0" fromWho="0" sc="228,83,304,-21,217,-21,231,-21" /><INIT seed="4,2,0,0,3,32" ten="311,283,196,210" oya="0" hai0="47,78,58,83,4,57,53,128,38,123,68,33,73" hai1="130,113,39,93,2,59,76,9,95,3,35,37,131" hai2="88,0,65,135,96,56,25,72,24,74,114,100,75" hai3="31,132,90,106,19,34,54,89,48,30,116,122,133"/><T71/><D123/><U8/><E76/><V121/><F121/><W124/><G122/><T81/><D33/><U51/><E51/><V41/><F135/><W60/><G116/><T104/><D104/><U27/><E59/><V87/><F114/><W67/><G106/><T105/><D105/><U7/><E113/><V55/><F65/><W16/><G124/><T36/><D128/><N who="1" m="49195" /><E27/><V126/><F41/><W28/><G34/><T86/><D57/><U26/><E26/><V43/><F43/><W14/><G48/><T109/><D109/><U98/><E35/><V5/><F126/><W77/><G54/><T42/><D4/><N who="1" m="1047" /><E95/><V1/><F5/><W61/><G77/><T127/><D36/><U97/><E97/><V118/><F118/><W50/><G50/><T63/><D127/><U62/><E62/><N who="3" m="24170" /><G67/><T11/><D11/><U134/><E134/><N who="3" m="51818" /><G14/><T117/><D117/><U64/><E64/><V17/><F1/><W94/><G94/><T10/><D10/><U79/><E79/><AGARI ba="2,0" hai="38,42,47,53,58,63,68,71,73,78,79,81,83,86" machi="79" ten="30,1500,0" yaku="7,1" doraHai="32" who="0" fromWho="1" sc="311,21,283,-21,196,0,210,0" /><INIT seed="4,3,0,5,3,92" ten="332,262,196,210" oya="0" hai0="101,19,94,115,38,45,133,73,21,61,0,104,48" hai1="43,72,120,108,66,9,41,60,63,82,57,110,47" hai2="58,75,6,95,56,112,16,109,1,46,67,102,87" hai3="74,80,119,123,90,52,100,117,69,79,31,5,134"/><T103/><D0/><U10/><E10/><V113/><F109/><N who="1" m="42089" /><E9/><V23/><F75/><W53/><G5/><T12/><D38/><U64/><E82/><V106/><F106/><W18/><G69/><T8/><D73/><U93/><E93/><V50/><F6/><W35/><G100/><T7/><D104/><U116/><E72/><V4/><F4/><W62/><G90/><T127/><D94/><U17/><E17/><V65/><F1/><W77/><G77/><T68/><D103/><U98/><E98/><N who="2" m="59743" /><F87/><W124/><G35/><T83/><D101/><U89/><E89/><V122/><F122/><W88/><G31/><T59/><D83/><U26/><E26/><N who="2" m="14695" /><F113/><W11/><G123/><T131/><D115/><U54/><E116/><V40/><F112/><W81/><G117/><T28/><D7/><U24/><E24/><V97/><F97/><W96/><G119/><T135/><D19/><U20/><E20/><V51/><F51/><W36/><G96/><T39/><D21/><U111/><E120/><V14/><F14/><W128/><G18/><T118/><D12/><U84/><E84/><V105/><F105/><W27/><G74/><T76/><D118/><U22/><E111/><V91/><F91/><W30/><G88/><T86/><D86/><U114/><E114/><V37/><F37/><W32/><G36/><T70/><D39/><U78/><E78/><V3/><F3/><W44/><G79/><T33/><D76/><U129/><E22/><V49/><F49/><W107/><G107/><T71/><D33/><U99/><E99/><V13/><F13/><RYUUKYOKU ba="3,0" sc="332,-10,262,-10,196,30,210,-10" hai2="40,46,50,56,58,65,67" /><INIT seed="5,4,0,3,3,4" ten="322,252,226,200" oya="1" hai0="26,38,95,94,119,96,107,43,63,60,53,5,18" hai1="22,62,69,128,110,91,27,135,70,78,41,82,21" hai2="122,116,9,24,121,131,112,39,120,89,44,72,115" hai3="97,7,103,86,61,132,73,31,6,16,88,35,101"/><U125/><E128/><V93/><F116/><W33/><G73/><T126/><D119/><U49/><E125/><V48/><F39/><W109/><G109/><T20/><D126/><U23/><E135/><V50/><F72/><W25/><G35/><T129/><D129/><U90/><E110/><V124/><F131/><W1/><G132/><T46/><D107/><U74/><E27/><V34/><F124/><W100/><G97/><T106/><D106/><U0/><E0/><V99/><F9/><W84/><G1/><T102/><D5/><U114/><E114/><N who="2" m="43563" /><F44/><W2/><G2/><T130/><D130/><U79/><E79/><V85/><F99/><W8/><G86/><T57/><D95/><U71/><REACH who="1" step="1"/><E62/><AGARI ba="4,0" hai="18,20,26,38,43,46,53,57,60,62,63,94,96,102" machi="62" ten="30,1000,0" yaku="7,1" doraHai="4" who="0" fromWho="1" sc="322,22,252,-22,226,0,200,0" /><INIT seed="6,0,0,3,2,33" ten="344,230,226,200" oya="2" hai0="81,79,18,127,98,32,56,74,12,73,13,31,89" hai1="6,130,126,125,107,88,55,106,53,5,72,65,112" hai2="62,105,93,77,63,28,75,132,100,85,26,115,9" hai3="8,135,67,111,87,108,114,80,30,59,86,134,103"/><V119/><F119/><W84/><G30/><T44/><D127/><N who="1" m="48651" /><E112/><V24/><F115/><W1/><G114/><T97/><D44/><U113/><E113/><V11/><F132/><N who="3" m="50731" /><G103/><T124/><D12/><U76/><E65/><V69/><F69/><W52/><G67/><T120/><D97/><U19/><E19/><V83/><F105/><W34/><G80/><T20/><D74/><U4/><E130/><V104/><F104/><N who="1" m="39977" /><E88/><V27/><F28/><W90/><G34/><T0/><D32/><U54/><E76/><V7/><F9/><W35/><G35/><T128/><D128/><U129/><E72/><V21/><F21/><W17/><G90/><T25/><D124/><U42/><E129/><V37/><F75/><W43/><G43/><AGARI ba="0,0" hai="4,5,6,42,43,53,54,55" m="39977,48651" machi="43" ten="40,5200,0" yaku="28,2,18,1" doraHai="33" who="1" fromWho="3" sc="344,0,230,52,226,0,200,-52" /><INIT seed="7,0,0,0,2,34" ten="344,282,226,148" oya="3" hai0="70,27,13,95,21,94,56,48,93,101,5,62,126" hai1="83,42,86,132,110,15,14,65,11,35,8,67,108" hai2="106,91,53,46,109,112,128,39,107,45,97,135,63" hai3="29,64,89,124,116,22,16,2,105,30,32,6,133"/><W4/><G105/><T58/><D126/><U20/><E35/><V66/><F109/><W115/><G64/><N who="0" m="38999" /><D70/><U68/><E68/><V104/><F112/><W18/><G116/><T84/><D5/><U121/><E132/><V76/><F135/><W36/><G133/><T71/><D13/><U123/><E42/><V47/><F128/><W88/><G36/><T19/><D71/><U118/><E20/><V54/><F39/><W111/><G32/><T79/><D101/><U40/><E40/><V10/><F76/><W69/><G69/><T120/><D120/><U90/><E118/><V49/><F66/><W81/><G115/><T1/><D1/><U7/><E67/><V31/><F31/><N who="3" m="11787" /><G2/><T9/><D9/><U60/><E121/><V75/><F75/><W44/><G124/><T122/><D122/><U41/><E123/><V12/><F63/><W100/><G111/><T72/><D72/><U99/><E110/><V52/><F49/><W74/><G100/><T85/><D79/><U28/><E108/><V103/><F91/><N who="3" m="34891" /><G44/><T92/><D92/><U57/><E65/><V78/><F78/><N who="3" m="44247" /><G22/><T37/><D37/><U73/><E73/><V55/><N who="2" m="13312" /><DORA hai="102" /><V127/><REACH who="2" step="1"/><F127/><REACH who="2" ten="344,282,216,148" step="2"/><W82/><G82/><T131/><D48/><U23/><E83/><V17/><AGARI ba="0,1" hai="10,12,17,45,46,47,97,103,104,106,107" m="13312" machi="17" ten="50,12000,2" yaku="1,1,2,1,0,1,52,3,54,1,53,0" doraHai="34,102" doraHaiUra="33,87" who="2" fromWho="2" sc="344,-30,282,-30,216,130,148,-60" owari="314,11.0,252,-15.0,346,45.0,88,-41.0" /></mjloggm>