<mjloggm ver="2.3"><GO type="97" lobby="0"/><UN n0="%E3%82%A6%E3%83%AB%E3%83%88%E3%83%A9%E7%AB%8B%E7%9B%B4" n1="%E3%82%AC%E3%82%B8%E3%82%AC%E3%82%B8" n2="%E8%8A%B1%E5%B7%BB%E3%81%95%E3%82%93" n3="%64%6F%6C%63%65%76%69" dan="15,15,14,14" rate="1935.77,2040.91,1938.12,1915.76" sx="M,M,M,M"/><TAIKYOKU oya="0"/><INIT seed="0,0,0,4,5,124" ten="250,250,250,250" oya="0" hai0="53,11,76,78,81,17,33,63,35,14,120,64,95" hai1="42,128,31,127,19,6,38,125,105,94,40,87,5" hai2="37,4,110,112,30,21,86,107,49,57,50,72,51" hai3="130,100,135,15,69,102,70,34,22,97,52,20,2"/><T133/><D120/><U16/><E105/><V122/><F122/><W91/><G34/><T59/><D133/><U118/><E31/><V116/><F112/><W28/><G135/><T75/><D78/><U24/><E118/><V93/><F116/><W29/><G2/><T114/><D114/><U82/><E94/><V113/><F113/><W36/><G36/><T80/><D80/><U77/><E128/><V8/><F107/><W25/><G130/><T74/><D74/><U45/><E42/><V65/><F72/><W67/><G70/><T117/><D117/><U115/><E115/><V10/><F37/><W134/><G134/><T61/><REACH who="0" step="1"/><D95/><REACH who="0" ten="240,250,250,250" step="2"/><U99/><E77/><V0/><F93/><W109/><G69/><AGARI ba="0,1" hai="11,14,17,33,35,53,59,61,63,64,69,75,76,81" machi="69" ten="30,5800,0" yaku="1,1,2,1,7,1,53,0" doraHai="124" doraHaiUra="129" who="0" fromWho="3" sc="240,68,250,0,250,0,250,-58" /><INIT seed="0,1,0,4,1,116" ten="308,250,250,192" oya="0" hai0="96,10,64,34,40,31,68,103,85,124,11,36,112" hai1="17,50,15,90,79,130,3,121,110,26,61,78,49" hai2="53,106,75,32,12,67,83,23,2,22,27,30,135" hai3="70,132,58,100,134,117,77,87,119,115,8,14,81"/><T60/><D112/><U102/><E3/><V80/><F106/><W84/><G115/><T7/><D85/><U56/><E102/><V38/><F135/><N who="3" m="51755" /><G70/><T44/><D124/><U43/><E130/><V19/><F38/><W118/><G58/><T126/><D126/><U66/><E110/><V97/><F2/><W76/><G14/><T48/><D48/><U109/><E109/><V133/><F133/><W131/><G8/><T91/><D91/><U57/><E121/><V55/><F67/><W104/><G131/><T28/><D28/><U35/><E90/><V99/><F75/><N who="3" m="43167" /><G77/><T114/><D114/><U101/><E101/><V129/><F129/><W127/><G127/><T16/><D16/><U93/><E93/><V125/><F125/><W88/><G104/><N who="0" m="63591" /><D7/><U82/><E79/><V54/><REACH who="2" step="1"/><F32/><REACH who="2" ten="308,250,240,192" step="2"/><W95/><G100/><T92/><D36/><U105/><E35/><V51/><F51/><W128/><G128/><T73/><D34/><U25/><E105/><V45/><F45/><W21/><G21/><T33/><D44/><U37/><E37/><V72/><F72/><W20/><G20/><T29/><D73/><U123/><E50/><V46/><F46/><W59/><G59/><T108/><D33/><U52/><E57/><V4/><F4/><W39/><G39/><T122/><D108/><U69/><E43/><V74/><F74/><W63/><G63/><T5/><D40/><U86/><REACH who="1" step="1"/><E123/><REACH who="1" ten="308,240,240,192" step="2"/><V13/><F13/><W24/><G24/><T107/><D122/><U1/><E1/><V0/><F0/><W65/><G119/><T9/><D107/><RYUUKYOKU ba="1,2" sc="308,-15,240,15,240,15,192,-15" hai1="15,17,25,26,49,52,56,61,66,69,78,82,86" hai2="12,19,22,23,27,30,53,54,55,80,83,97,99" /><INIT seed="1,2,2,1,0,4" ten="293,255,255,177" oya="1" hai0="77,13,26,133,30,132,102,99,50,116,8,32,80" hai1="103,59,22,2,122,113,124,39,123,65,119,98,66" hai2="15,34,85,112,135,53,104,100,121,97,71,87,70" hai3="14,16,69,88,90,79,57,101,127,94,86,129,48"/><U117/><E39/><V64/><F121/><W75/><G69/><T27/><D50/><U17/><E2/><V109/><F34/><W63/><G129/><T74/><D116/><U47/><E113/><V110/><F112/><W84/><G127/><T43/><D43/><U10/><E124/><V67/><F135/><N who="0" m="51786" /><D30/><U51/><E119/><V58/><F15/><W72/><G101/><T60/><D60/><U5/><E117/><V24/><F24/><W31/><G31/><T130/><D32/><U46/><E123/><V25/><F25/><W108/><G108/><N who="2" m="41577" /><F85/><W73/><G48/><T76/><D76/><U21/><E122/><V111/><N who="2" m="41585" /><V61/><DORA hai="91" /><F87/><W83/><G75/><T56/><D56/><U134/><E134/><V54/><F54/><W78/><G78/><T52/><D52/><N who="1" m="32159" /><E66/><AGARI ba="2,2" hai="53,58,61,64,66,67,70,71,97,100,104" m="41585" machi="66" ten="40,1300,0" yaku="14,1" doraHai="4,91" who="2" fromWho="1" sc="293,0,255,-19,255,39,177,0" /><INIT seed="2,0,0,5,5,48" ten="293,236,294,177" oya="2" hai0="125,116,65,24,0,42,100,69,13,86,7,59,88" hai1="114,17,39,127,101,85,67,45,123,118,44,75,99" hai2="57,15,131,119,63,3,89,43,73,61,50,1,19" hai3="58,70,93,9,82,36,27,94,14,115,11,28,60"/><V130/><F119/><W90/><G70/><T54/><D0/><U78/><E118/><V110/><F73/><W22/><G36/><T12/><D42/><U10/><E114/><V33/><F33/><W74/><G115/><T83/><D116/><U29/><E75/><V20/><F110/><W117/><G117/><T35/><D69/><U96/><E123/><V92/><F43/><W23/><G74/><T109/><D109/><U112/><E112/><V38/><F38/><W40/><G40/><T80/><D65/><U32/><E67/><V2/><F50/><W106/><G106/><T49/><D125/><U46/><E39/><V134/><F134/><W120/><G120/><T103/><D83/><U16/><E127/><V87/><REACH who="2" step="1"/><F63/><REACH who="2" ten="293,236,284,177" step="2"/><W81/><G60/><T108/><D108/><U98/><E32/><V129/><F129/><W71/><G71/><T111/><D111/><U66/><E66/><AGARI ba="0,1" hai="1,2,3,15,19,20,57,61,66,87,89,92,130,131" machi="66" ten="40,2000,0" yaku="1,1,53,0" doraHai="48" doraHaiUra="102" who="2" fromWho="1" sc="293,0,236,-20,284,30,177,0" /><INIT seed="2,1,0,3,4,112" ten="293,216,314,177" oya="2" hai0="132,109,39,106,104,35,18,111,60,33,1,65,40" hai1="68,116,9,74,32,15,30,31,127,20,11,125,53" hai2="47,67,114,83,118,56,23,26,55,94,43,117,71" hai3="82,12,42,69,119,129,50,79,122,10,28,76,4"/><V121/><F121/><W6/><G122/><T134/><D18/><N who="1" m="10335" /><E68/><V72/><F114/><W64/><G69/><T27/><D1/><U22/><E74/><V29/><F94/><W78/><G64/><T14/><D14/><U36/><E36/><V96/><F96/><W51/><G129/><T77/><D77/><U130/><E32/><N who="0" m="12361" /><D27/><N who="1" m="16759" /><E53/><V108/><F108/><N who="0" m="41546" /><D40/><U105/><E105/><N who="0" m="40553" /><D39/><U34/><E130/><V54/><F72/><W99/><G28/><T93/><D93/><U2/><E116/><V41/><F83/><W97/><G119/><N who="2" m="45577" /><F23/><W61/><G61/><T120/><D120/><U128/><E128/><V17/><F26/><W59/><G42/><N who="2" m="15881" /><F17/><W110/><G110/><T107/><N who="0" m="40561" /><T80/><DORA hai="63" /><D80/><U75/><E75/><V123/><F29/><W58/><G4/><T8/><D8/><N who="1" m="3147" /><E2/><V102/><F102/><W98/><G82/><T88/><D88/><U7/><E7/><V100/><F100/><W90/><G90/><T101/><D101/><U84/><E84/><V91/><F91/><W25/><G25/><AGARI ba="1,0" hai="25,31,34,125,127" m="3147,16759,10335" machi="25" ten="30,2000,0" yaku="34,2" doraHai="112,63" who="1" fromWho="3" sc="293,0,216,23,314,0,177,-23" /><INIT seed="3,0,0,3,5,76" ten="293,239,314,154" oya="3" hai0="40,39,18,46,95,83,44,126,119,32,103,75,116" hai1="93,13,64,125,20,123,62,67,12,99,27,33,48" hai2="43,102,56,82,59,87,15,51,135,52,29,100,85" hai3="9,6,19,72,96,60,110,38,10,91,58,112,22"/><W109/><G112/><T26/><D95/><U133/><E125/><V2/><F2/><N who="3" m="215" /><G72/><T45/><D103/><N who="2" m="39466" /><F135/><W49/><G10/><T35/><D46/><U28/><E133/><V124/><F124/><W70/><G49/><T37/><D126/><U117/><E123/><V25/><F43/><W130/><G70/><T21/><D35/><U105/><E117/><V127/><F127/><W115/><G115/><T69/><D69/><U101/><E48/><V24/><F15/><N who="3" m="9599" /><G96/><T107/><D107/><U8/><E67/><V53/><F29/><W5/><G91/><T71/><D32/><U42/><E42/><V17/><F17/><W80/><G80/><T16/><D71/><U78/><E78/><N who="2" m="46295" /><F87/><W36/><G5/><T77/><D18/><U31/><E105/><V131/><F131/><W47/><G130/><T113/><D113/><U88/><E101/><V74/><F74/><W68/><G47/><T89/><D89/><U128/><E128/><V11/><F11/><W1/><G1/><T92/><D92/><U129/><E129/><V134/><F134/><W61/><G61/><AGARI ba="0,0" hai="24,25,51,52,53,56,59,61" m="46295,39466" machi="61" ten="30,3900,0" yaku="8,1,52,1,54,1" doraHai="76" who="2" fromWho="3" sc="293,0,239,0,314,39,154,-39" owari="293,9.0,239,-16.0,353,45.0,115,-38.0" /></mjloggm>