<mjloggm ver="2.3"><GO type="97" lobby="0"/><UN n0="%4D%41%4E%41%42%55" n1="%E3%81%9F%E3%82%81%E6%81%AF" n2="%E6%9F%8A%E6%AD%A3%E5%8B%9D" n3="%E3%82%A6%E3%83%AB%E3%83%88%E3%83%A9%E7%AB%8B%E7%9B%B4" dan="13,14,13,15" rate="1888.86,1959.00,1866.44,1990.12" sx="M,F,M,M"/><TAIKYOKU oya="0"/><INIT seed="0,0,0,5,3,33" ten="250,250,250,250" oya="0" hai0="17,22,97,28,8,51,52,31,90,9,67,89,60" hai1="73,86,50,2,63,133,99,54,49,122,65,16,58" hai2="126,11,46,81,118,114,13,69,43,75,70,91,124" hai3="128,20,14,115,79,40,76,36,132,121,94,116,106"/><T105/><D105/><U109/><E73/><V30/><F114/><W71/><G94/><T44/><D28/><U56/><E122/><V107/><F107/><W15/><G20/><T34/><D34/><U55/><E109/><V125/><F30/><W112/><G40/><T19/><D31/><U7/><E133/><V120/><F120/><W23/><G23/><T45/><D45/><U35/><E35/><V26/><F26/><W72/><G79/><T39/><D39/><U96/><E86/><V48/><F118/><W74/><G76/><T117/><D117/><U53/><E16/><N who="0" m="6217" /><D22/><U12/><E12/><V123/><F123/><W110/><G14/><T27/><D27/><U93/><E93/><V0/><F13/><W66/><G15/><T98/><D67/><U102/><E102/><V61/><F61/><W47/><G66/><T130/><D130/><U113/><E113/><V5/><F91/><N who="0" m="34826" /><D60/><U62/><E63/><V127/><N who="2" m="32256" /><DORA hai="18" /><V38/><REACH who="2" step="1"/><F48/><REACH who="2" ten="250,250,240,250" step="2"/><W129/><G115/><T135/><D135/><U131/><E50/><V6/><F6/><W84/><G112/><T41/><D41/><U10/><E131/><V104/><F104/><W119/><G106/><T21/><D21/><U32/><E32/><V108/><F108/><W3/><G110/><T42/><D42/><U100/><E49/><V82/><F82/><W1/><G121/><T111/><D111/><U134/><E134/><V92/><F92/><W37/><G132/><T25/><D25/><U78/><E62/><V64/><F64/><W85/><G71/><T101/><D101/><U29/><E100/><RYUUKYOKU ba="0,1" sc="250,10,250,-30,240,10,250,10" hai0="8,9,44,51,52,97,98" hai2="0,5,11,38,43,46,69,70,75,81" hai3="1,3,36,37,47,72,74,84,85,116,119,128,129" /><INIT seed="0,1,1,3,5,27" ten="260,220,250,260" oya="0" hai0="26,122,72,29,89,42,112,98,67,16,2,74,21" hai1="49,92,75,11,5,12,50,18,45,38,69,31,15" hai2="101,82,23,114,30,14,1,88,28,71,135,52,126" hai3="133,22,81,66,58,70,127,94,130,63,123,96,100"/><T51/><D122/><U109/><E109/><V118/><F114/><W120/><G127/><T43/><D112/><U37/><E69/><V35/><F1/><W104/><G130/><T116/><D116/><U103/><E75/><V0/><F0/><W60/><G133/><T125/><D2/><U86/><E31/><N who="2" m="11819" /><F35/><W7/><G7/><T57/><D125/><U79/><E50/><V44/><F126/><W20/><G81/><T62/><D74/><U36/><E79/><V129/><F71/><W99/><G63/><T115/><D72/><U134/><E134/><V93/><F129/><W4/><G70/><T8/><D115/><U87/><E92/><V77/><F135/><W105/><G105/><T121/><D121/><N who="3" m="46665" /><G4/><T111/><D111/><U85/><E103/><AGARI ba="1,1" hai="20,22,58,60,66,94,96,99,100,103,104" m="46665" machi="103" ten="30,1000,0" yaku="13,1" doraHai="27" who="3" fromWho="1" sc="260,0,220,-13,250,0,260,23" /><INIT seed="1,0,0,0,3,73" ten="260,207,250,283" oya="1" hai0="7,86,39,75,13,133,116,91,25,129,24,135,134" hai1="115,128,84,30,127,16,46,22,94,117,32,63,124" hai2="120,78,126,102,62,35,79,87,105,43,69,89,52" hai3="20,36,82,98,74,27,49,3,80,107,29,77,57"/><U40/><E115/><V59/><F120/><W112/><G3/><T60/><D39/><U125/><E117/><V1/><F126/><W110/><G36/><T31/><D116/><U28/><E128/><V11/><F35/><W123/><G123/><T122/><D122/><U99/><E84/><V33/><F33/><N who="3" m="20671" /><G57/><T130/><D75/><U8/><E8/><V97/><F69/><W41/><G20/><T61/><D7/><U56/><E56/><V70/><F70/><W101/><G80/><T113/><D13/><N who="1" m="9487" /><E63/><N who="0" m="24137" /><D113/><U15/><E15/><V66/><F66/><W45/><G112/><T14/><D14/><U53/><E53/><V131/><F131/><N who="0" m="50186" /><D31/><U9/><E9/><V100/><F102/><W42/><G49/><T71/><D71/><U65/><E65/><V119/><F119/><W109/><G45/><T95/><AGARI ba="0,0" hai="24,25,86,91,95,133,134,135" m="50186,24137" machi="95" ten="40,2700,0" yaku="20,1,19,1" doraHai="73" who="0" fromWho="0" sc="260,27,207,-13,250,-7,283,-7" /><INIT seed="2,0,0,1,3,47" ten="287,194,243,276" oya="2" hai0="104,20,50,122,80,66,117,38,118,28,13,42,9" hai1="54,61,135,53,93,130,82,18,45,15,90,91,101" hai2="17,46,107,69,48,5,100,105,102,94,79,11,76" hai3="111,44,97,62,27,67,63,32,10,7,75,1,131"/><V43/><F69/><W35/><G75/><T14/><D104/><U116/><E116/><N who="0" m="44649" /><D122/><U51/><E130/><V84/><F17/><W6/><G111/><T3/><D38/><U24/><E135/><V36/><F36/><W23/><G131/><T72/><D66/><U120/><E120/><V0/><F79/><W127/><G127/><T86/><D72/><U60/><E24/><V33/><F33/><W31/><G7/><N who="0" m="1279" /><D28/><U113/><E113/><V58/><F58/><W49/><G97/><T99/><D99/><N who="1" m="59631" /><E82/><V132/><F132/><W115/><G115/><T95/><D95/><U134/><E134/><V16/><F16/><W70/><REACH who="3" step="1"/><G62/><REACH who="3" ten="287,194,243,266" step="2"/><N who="1" m="24170" /><E54/><AGARI ba="0,1" hai="1,6,10,23,27,31,32,35,44,49,54,63,67,70" machi="54" ten="30,3900,0" yaku="1,1,7,1,52,1,53,0" doraHai="47" doraHaiUra="126" who="3" fromWho="1" sc="287,0,194,-39,243,0,266,49" /><INIT seed="3,0,0,4,3,130" ten="287,155,243,315" oya="3" hai0="28,74,23,39,115,44,71,65,61,52,5,131,4" hai1="35,22,81,31,135,90,38,25,11,30,66,7,32" hai2="10,40,116,128,94,26,46,50,104,120,56,110,6" hai3="87,91,1,84,14,97,111,24,77,86,112,62,64"/><W3/><G112/><T123/><D131/><U80/><E38/><V0/><F116/><W101/><G3/><T124/><D123/><U106/><E106/><V107/><F120/><W33/><G1/><T41/><D74/><U103/><E103/><V36/><F110/><W105/><G14/><T75/><D75/><U100/><E100/><V113/><F113/><W63/><G63/><T127/><D115/><U59/><E135/><V47/><F128/><W20/><G77/><T102/><D102/><U76/><E90/><V73/><F56/><W58/><G33/><T78/><D78/><U121/><E121/><V89/><F26/><W34/><G34/><T108/><D108/><U16/><E31/><V49/><F73/><W43/><G43/><T79/><D79/><U18/><E32/><V126/><F36/><W42/><G42/><T57/><D23/><U55/><E66/><V88/><F126/><N who="0" m="48170" /><D28/><U60/><E35/><V122/><F122/><W99/><G111/><T21/><D21/><U54/><E54/><V69/><F69/><W134/><G134/><T12/><D12/><N who="1" m="5247" /><E76/><V48/><F89/><W133/><G133/><T37/><D37/><U117/><E117/><V95/><F95/><N who="3" m="54783" /><G105/><T68/><D68/><U114/><E114/><V132/><F49/><AGARI ba="0,0" hai="4,5,39,41,44,49,52,57,61,65,71" m="48170" machi="49" ten="30,3900,0" yaku="24,1,18,1,54,1" doraHai="130" who="0" fromWho="2" sc="287,39,155,0,243,-39,315,0" owari="326,42.0,155,-34.0,204,-20.0,315,12.0" /></mjloggm>