<mjloggm ver="2.3"><GO type="97" lobby="0"/><UN n0="%72%61%72%61%72%61%72%61" n1="%E3%82%A6%E3%83%AB%E3%83%88%E3%83%A9%E7%AB%8B%E7%9B%B4" n2="%E3%81%BE%E3%81%99%E3%81%AE%E3%81%99%E3%81%97" n3="%E7%81%AB%E9%87%8E%E6%98%A0%E5%8F%B8" dan="14,15,15,14" rate="1925.09,1982.62,1999.80,1920.59" sx="M,M,M,M"/><TAIKYOKU oya="0"/><INIT seed="0,0,0,5,0,117" ten="250,250,250,250" oya="0" hai0="7,91,39,8,64,17,72,36,20,52,133,104,129" hai1="12,50,55,27,106,65,47,115,25,28,87,29,95" hai2="88,56,33,90,30,43,99,86,118,125,93,135,112" hai3="81,111,62,98,2,40,31,61,13,41,24,18,37"/><T19/><D104/><U97/><E115/><V44/><F112/><W122/><G111/><T89/><D129/><U5/><E65/><V124/><F118/><W34/><G2/><T1/><D133/><U80/><E106/><V66/><F135/><W113/><G113/><T92/><D72/><U21/><E5/><V53/><F66/><W38/><G98/><T105/><D105/><U82/><E12/><V79/><F79/><W22/><G81/><T63/><D19/><U114/><E114/><V102/><F90/><W76/><G76/><T42/><D42/><U67/><E67/><V131/><F131/><W46/><REACH who="3" step="1"/><G122/><REACH who="3" ten="250,250,250,240" step="2"/><T58/><D64/><U11/><E87/><V110/><F110/><W23/><G23/><T35/><D35/><U54/><E82/><V77/><F77/><W9/><G9/><T49/><D63/><U134/><E80/><V126/><F33/><W60/><G60/><T68/><D68/><U101/><E11/><V71/><F71/><W120/><G120/><T85/><REACH who="0" step="1"/><D91/><REACH who="0" ten="240,250,250,240" step="2"/><U14/><E134/><V45/><F88/><W94/><G94/><T100/><D100/><U70/><E70/><V74/><F93/><W128/><G128/><T16/><D16/><N who="1" m="10391" /><E54/><V15/><F53/><W10/><G10/><T83/><D83/><U3/><E95/><V121/><F102/><W119/><G119/><T26/><AGARI ba="0,2" hai="1,7,8,17,20,26,36,39,49,52,58,85,89,92" machi="26" ten="20,7800,0" yaku="1,1,0,1,7,1,54,1,53,0" doraHai="117" doraHaiUra="57" who="0" fromWho="0" sc="240,98,250,-26,250,-26,240,-26" /><INIT seed="0,1,0,1,2,85" ten="338,224,224,214" oya="0" hai0="46,4,15,38,26,111,86,45,105,62,87,61,63" hai1="57,5,116,12,41,51,70,95,17,97,84,34,82" hai2="99,77,88,44,10,119,117,134,31,43,113,68,108" hai3="129,60,1,55,107,2,73,0,72,91,76,67,25"/><T103/><D105/><U47/><E70/><V66/><F113/><W124/><G129/><T69/><D69/><U90/><E34/><V7/><F108/><W75/><G124/><T39/><D111/><U19/><E116/><N who="2" m="44619" /><F134/><W29/><G107/><T135/><D135/><U127/><E127/><V64/><F77/><W11/><G55/><T81/><D103/><U49/><E57/><V93/><F31/><W20/><G76/><T120/><D120/><U74/><E74/><V37/><F68/><W8/><REACH who="3" step="1"/><G91/><REACH who="3" ten="338,224,224,204" step="2"/><T6/><D39/><U22/><E49/><V36/><F37/><W118/><G118/><T83/><D38/><U112/><E112/><V130/><F130/><W123/><G123/><T23/><D63/><U101/><E22/><V131/><F131/><W122/><G122/><T92/><D23/><U59/><E59/><AGARI ba="1,1" hai="0,1,2,8,11,20,25,29,59,60,67,72,73,75" machi="59" ten="50,1600,0" yaku="1,1,53,0" doraHai="85" doraHaiUra="126" who="3" fromWho="1" sc="338,0,224,-19,224,0,204,29" /><INIT seed="1,0,0,3,0,94" ten="338,205,224,233" oya="1" hai0="87,25,49,32,113,106,7,52,88,99,118,43,59" hai1="57,48,77,121,72,123,16,73,100,31,70,134,84" hai2="78,90,33,20,44,85,128,79,69,109,36,46,0" hai3="14,115,50,75,107,95,56,8,13,112,82,28,130"/><U42/><E70/><V91/><F33/><W83/><G107/><T129/><D118/><U38/><E38/><V89/><F69/><W23/><G130/><T80/><D113/><U17/><E134/><V63/><F0/><W61/><G115/><T26/><D129/><U47/><E31/><V3/><F3/><W98/><G112/><T37/><D7/><U9/><E73/><V21/><F128/><W86/><G75/><T125/><D125/><U5/><E72/><V101/><F101/><N who="3" m="60639" /><G50/><T2/><D2/><U124/><E124/><V12/><F109/><W105/><G105/><T117/><D117/><U64/><E100/><V65/><F36/><W71/><G71/><T108/><D108/><U111/><E111/><V116/><F116/><W6/><G86/><T119/><D119/><U103/><E103/><V18/><F21/><W58/><G58/><T39/><D32/><U110/><E110/><V24/><F12/><W132/><G132/><T4/><D39/><U74/><E74/><V67/><F67/><N who="3" m="39335" /><G14/><T102/><REACH who="0" step="1"/><D4/><REACH who="0" ten="328,205,224,233" step="2"/><U114/><E114/><V76/><REACH who="2" step="1"/><F85/><REACH who="2" ten="328,205,214,233" step="2"/><W35/><G35/><T131/><D131/><U51/><E84/><V10/><F10/><W68/><G68/><T29/><D29/><U133/><E9/><V120/><F120/><W62/><G62/><T45/><AGARI ba="0,2" hai="25,26,37,43,45,49,52,59,80,87,88,99,102,106" machi="45" ten="30,8000,1" yaku="1,1,0,1,52,1,54,2,53,0" doraHai="94" doraHaiUra="127" who="0" fromWho="0" sc="328,100,205,-40,214,-20,233,-20" /><INIT seed="2,0,0,4,4,69" ten="428,165,194,213" oya="2" hai0="67,126,135,105,11,56,77,72,74,48,94,96,17" hai1="124,35,107,102,134,21,57,52,83,3,27,9,130" hai2="49,68,66,71,36,51,62,122,26,2,109,78,63" hai3="37,117,132,24,6,34,16,90,14,20,112,50,64"/><V88/><F2/><W113/><G117/><T45/><D126/><U106/><E35/><V7/><F7/><W8/><G64/><T39/><D135/><U116/><E116/><V79/><F122/><W99/><G50/><T29/><D105/><U129/><E102/><V38/><F26/><W101/><G90/><T70/><D70/><U25/><E83/><V55/><F55/><W80/><G80/><T114/><D114/><N who="3" m="44137" /><G132/><T54/><D39/><U82/><E82/><V46/><F66/><W73/><G73/><T121/><D121/><U97/><E134/><V15/><F15/><W5/><G37/><T125/><D125/><U133/><E124/><V111/><F88/><W10/><G34/><T108/><D108/><U123/><E133/><V86/><F86/><W120/><G120/><T41/><D29/><U61/><E123/><V59/><F59/><W13/><G99/><T0/><D77/><U104/><E97/><V44/><AGARI ba="0,0" hai="36,38,44,46,49,51,62,63,68,71,78,79,109,111" machi="44" ten="25,12000,1" yaku="0,1,22,2,52,2" doraHai="69" who="2" fromWho="2" sc="428,-40,165,-40,194,120,213,-40" /><INIT seed="2,1,0,5,0,109" ten="388,125,314,173" oya="2" hai0="51,117,31,38,98,7,132,75,74,56,18,108,52" hai1="21,83,94,63,122,66,101,84,10,102,64,34,125" hai2="105,114,48,126,133,24,3,45,30,76,2,71,82" hai3="54,22,20,33,77,130,103,35,68,6,53,29,95"/><V80/><F114/><W134/><G68/><T27/><D108/><U16/><E34/><V131/><F105/><W25/><G134/><T60/><D132/><U58/><E122/><V96/><F133/><W120/><G130/><T100/><D117/><U107/><E107/><V87/><F71/><W128/><G120/><T8/><D38/><U41/><E125/><V4/><F4/><W118/><G128/><T28/><D18/><U135/><E135/><V57/><F57/><W5/><G118/><T69/><D69/><U123/><E123/><V79/><F96/><N who="3" m="59807" /><G77/><T97/><D60/><U124/><E124/><V32/><F126/><W67/><G35/><T110/><D110/><U115/><E115/><V121/><F121/><W39/><G33/><T40/><D40/><U93/><E10/><V15/><F15/><W44/><G39/><T73/><D31/><U19/><E41/><V113/><F113/><W129/><G67/><T78/><D78/><N who="1" m="46199" /><E66/><V72/><REACH who="2" step="1"/><F131/><REACH who="2" ten="388,125,304,173" step="2"/><W127/><G127/><T90/><D7/><N who="3" m="2569" /><G129/><T86/><D56/><U17/><E58/><V47/><F47/><W9/><G44/><T11/><D27/><U13/><E64/><V0/><F0/><W37/><G37/><T23/><D75/><U81/><E13/><V99/><F99/><W1/><G1/><T70/><D74/><U59/><E59/><V55/><AGARI ba="1,1" hai="2,3,24,30,32,45,48,55,72,76,79,80,82,87" machi="55" ten="20,3900,0" yaku="1,1,0,1,7,1,53,0" doraHai="109" doraHaiUra="65" who="2" fromWho="2" sc="388,-14,125,-14,304,52,173,-14" /><INIT seed="2,2,0,3,4,10" ten="374,111,356,159" oya="2" hai0="51,67,6,66,4,103,92,77,9,2,38,83,47" hai1="53,42,22,72,15,20,129,0,122,135,27,82,36" hai2="88,62,99,29,60,44,79,113,85,73,65,110,21" hai3="97,94,95,123,91,111,106,58,46,74,55,33,14"/><V89/><F113/><W23/><G123/><T126/><D126/><U115/><E115/><V105/><F73/><W1/><G74/><T41/><D51/><U35/><E35/><V87/><F79/><W3/><G33/><T134/><D134/><U104/><E104/><V63/><F44/><W68/><G106/><T81/><D6/><U19/><E122/><V130/><F130/><W17/><G68/><T118/><D118/><U76/><E135/><V48/><F48/><W131/><G131/><T84/><D81/><U52/><E0/><V5/><F5/><W100/><G46/><T26/><D26/><U13/><E129/><V57/><F110/><W114/><G111/><T18/><D18/><U39/><E42/><V59/><F105/><W75/><G75/><T8/><D8/><U121/><E121/><V45/><F45/><W98/><REACH who="3" step="1"/><G114/><REACH who="3" ten="374,111,356,149" step="2"/><T120/><D120/><U64/><E72/><V31/><F65/><W78/><G78/><T132/><D67/><U69/><E64/><V24/><F31/><W117/><G117/><T43/><D66/><U102/><E69/><V70/><F70/><W109/><G109/><T119/><D77/><U32/><E32/><V133/><F133/><W128/><G128/><T11/><D119/><U30/><E76/><V50/><F29/><W28/><G28/><T96/><D132/><U107/><E107/><V40/><F59/><W108/><G108/><T124/><D47/><U34/><E30/><V71/><F57/><W49/><AGARI ba="2,1" hai="1,3,14,17,23,49,55,58,91,94,95,97,98,100" machi="49" ten="20,5200,0" yaku="1,1,0,1,7,1,52,1,53,0" doraHai="10" doraHaiUra="61" who="3" fromWho="3" sc="374,-15,111,-15,356,-28,149,68" /><INIT seed="3,0,0,0,0,24" ten="359,96,328,217" oya="3" hai0="131,47,125,104,3,34,43,102,44,5,128,18,99" hai1="119,40,9,110,28,97,89,11,124,114,50,87,116" hai2="37,14,101,108,80,103,118,25,96,76,10,27,121" hai3="56,68,91,42,4,41,72,109,64,82,6,59,126"/><W134/><G134/><T61/><D125/><U83/><E50/><V85/><F118/><W90/><G126/><T31/><D61/><U22/><E40/><V112/><F112/><W79/><G109/><T69/><D69/><U135/><E124/><V95/><F108/><W86/><G68/><T115/><D115/><U98/><E110/><V52/><F37/><W60/><G59/><T106/><D106/><U93/><E114/><V7/><F121/><W29/><G29/><T113/><D113/><U57/><E135/><V20/><F103/><W1/><G91/><T71/><D71/><U62/><E98/><V39/><F39/><W17/><G17/><T33/><D18/><U26/><E119/><V58/><REACH who="2" step="1"/><F20/><REACH who="2" ten="359,96,318,217" step="2"/><W53/><G64/><T117/><D117/><U0/><E116/><V100/><F100/><W105/><G105/><T77/><D102/><U132/><E0/><V35/><F35/><W30/><G30/><T45/><D104/><U67/><REACH who="1" step="1"/><E132/><REACH who="1" ten="359,86,318,217" step="2"/><V75/><F75/><W66/><G1/><T12/><D3/><U48/><E48/><AGARI ba="0,2" hai="7,10,14,25,27,48,52,58,76,80,85,95,96,101" machi="48" ten="30,7700,0" yaku="1,1,7,1,8,1,54,1,53,0" doraHai="24" doraHaiUra="38" who="2" fromWho="1" sc="359,0,86,-77,318,97,217,0" owari="359,16.0,9,-49.0,415,51.0,217,-18.0" /></mjloggm>