<mjloggm ver="2.3"><GO type="169" lobby="0"/><UN n0="%EF%BC%88%E2%89%A7%E2%96%BD%E2%89%A6%EF%BC%89" n1="%E3%81%82%E3%81%84%E3%81%82%E3%81%8A%E3%81%84" n2="%E3%83%87%E3%82%B8%E3%82%BF%E3%83%AB%E4%BB%99%E4%BA%BA" n3="%E6%99%82%E5%9D%82%E7%A9%BA" dan="19,16,19,16" rate="2269.47,2104.58,2214.94,2078.98" sx="M,M,F,F"/><TAIKYOKU oya="0"/><INIT seed="0,0,0,4,5,79" ten="250,250,250,250" oya="0" hai0="47,7,111,34,11,130,96,128,114,69,72,86,13" hai1="125,18,131,89,121,29,10,46,71,84,12,95,124" hai2="59,41,118,135,5,50,91,30,100,63,123,88,60" hai3="37,105,127,33,2,108,55,14,42,15,38,25,74"/><T24/><D72/><U48/><E71/><V58/><F118/><W20/><G55/><T68/><D114/><U8/><E121/><V109/><F123/><W67/><G67/><T21/><D34/><U26/><E131/><N who="0" m="50217" /><D111/><U31/><E10/><V62/><F109/><W73/><G42/><T126/><D126/><U35/><REACH who="1" step="1"/><E29/><REACH who="1" ten="250,240,250,250" step="2"/><V22/><F30/><W4/><G108/><T75/><D69/><U110/><E110/><V81/><F135/><W82/><G127/><T116/><D68/><U56/><E56/><V52/><F59/><W104/><G2/><T101/><D116/><U122/><E122/><V107/><F5/><W99/><G4/><T90/><D7/><U76/><E76/><V36/><F22/><W97/><G20/><T85/><D11/><U0/><E0/><V23/><F23/><W16/><G33/><T45/><D21/><U77/><E77/><V113/><F113/><W115/><G115/><T61/><D13/><U119/><E119/><V54/><F58/><W64/><G25/><T93/><D24/><U57/><E57/><V133/><F133/><W134/><G134/><T43/><D61/><U83/><E83/><V66/><F81/><W98/><G64/><T6/><D6/><U102/><E102/><V53/><F66/><W28/><G28/><T65/><D65/><U19/><E19/><V78/><F78/><W32/><G32/><T17/><D17/><U94/><E94/><V1/><F1/><W117/><G82/><T87/><D101/><U44/><E44/><N who="0" m="16969" /><D75/><N who="3" m="28681" /><G117/><T132/><D132/><U39/><E39/><N who="3" m="14858" /><G16/><T106/><D106/><AGARI ba="0,1" hai="14,15,97,98,99,104,105,106" m="14858,28681" machi="106" ten="40,5200,0" yaku="6,1,28,2" doraHai="79" who="3" fromWho="0" sc="250,-52,240,0,250,0,250,62" /><INIT seed="1,0,0,1,1,24" ten="198,240,250,312" oya="1" hai0="40,47,114,19,0,127,92,45,113,46,99,28,88" hai1="61,12,22,107,14,38,134,5,94,81,101,3,23" hai2="63,11,37,27,86,100,80,6,115,4,77,130,121" hai3="74,59,83,69,126,124,20,30,62,118,2,71,64"/><U16/><E38/><V49/><F121/><W7/><G118/><T135/><D0/><U1/><E107/><V29/><F37/><W75/><G83/><T106/><D135/><U73/><E134/><V32/><F115/><W54/><G7/><T9/><D127/><N who="3" m="48681" /><G2/><T122/><D122/><U95/><E73/><N who="3" m="27658" /><G54/><T125/><D125/><U98/><E81/><V93/><F130/><W57/><G57/><T89/><D106/><U110/><E95/><V112/><F112/><W131/><G131/><T67/><D40/><U68/><E5/><V87/><F63/><W65/><G65/><T17/><D67/><U109/><E68/><N who="3" m="26186" /><G20/><T116/><D116/><U72/><E61/><V21/><F49/><W70/><G59/><T43/><D43/><U26/><E72/><V132/><F132/><W25/><G25/><T42/><D42/><U91/><E101/><V79/><F21/><W31/><AGARI ba="0,0" hai="30,31,62,64,70" m="26186,27658,48681" machi="31" ten="40,5200,0" yaku="18,1,52,2" doraHai="24" who="3" fromWho="3" sc="198,-13,240,-26,250,-13,312,52" /><INIT seed="2,0,0,0,2,44" ten="185,214,237,364" oya="2" hai0="64,120,72,49,55,50,118,124,60,126,130,8,14" hai1="121,18,87,70,80,26,42,36,22,100,111,83,39" hai2="53,116,91,46,114,67,102,134,66,106,95,84,43" hai3="71,127,33,6,110,31,78,99,24,75,19,98,81"/><V90/><F116/><W13/><G127/><N who="0" m="48683" /><D120/><U82/><E70/><V21/><F114/><W16/><G110/><T10/><D118/><U63/><E111/><V135/><F53/><W47/><G71/><N who="0" m="42375" /><D72/><U61/><E100/><V12/><F91/><W104/><G47/><N who="0" m="28095" /><D130/><U129/><E129/><V17/><F102/><W54/><G54/><T48/><D10/><U97/><E121/><V76/><F76/><W28/><G104/><T128/><D128/><U89/><E97/><V93/><F93/><W15/><G28/><T0/><D0/><U109/><E83/><V11/><F106/><W32/><G32/><T123/><D123/><U74/><E82/><V45/><F11/><W62/><G62/><T7/><AGARI ba="0,0" hai="7,8,14,48,50" m="28095,42375,48683" machi="7" ten="30,7900,0" yaku="18,1,52,3" doraHai="44" who="0" fromWho="0" sc="185,79,214,-20,237,-39,364,-20" /><INIT seed="3,0,0,3,0,26" ten="264,194,198,344" oya="3" hai0="104,91,60,102,11,83,129,118,106,66,69,74,131" hai1="128,29,113,97,17,6,133,105,25,98,134,2,63" hai2="87,94,44,15,49,88,135,73,114,107,122,28,52" hai3="99,9,85,95,103,47,32,13,35,125,130,53,3"/><W41/><G125/><T75/><D118/><U81/><E113/><V80/><F122/><W54/><G130/><N who="0" m="49675" /><D11/><N who="1" m="2519" /><E105/><N who="0" m="40553" /><D102/><U121/><E128/><V56/><F107/><W23/><G3/><T57/><D69/><U84/><E63/><V40/><F135/><N who="1" m="51721" /><E17/><V100/><F114/><W24/><G85/><AGARI ba="0,0" hai="57,60,66,74,75,83,85,91" m="40553,49675" machi="85" ten="30,1000,0" yaku="19,1" doraHai="26" who="0" fromWho="3" sc="264,10,194,0,198,0,344,-10" /><INIT seed="4,0,0,2,4,62" ten="274,194,198,334" oya="0" hai0="26,63,90,106,8,75,13,59,73,42,50,24,11" hai1="125,31,33,72,44,104,98,97,36,21,22,78,18" hai2="109,108,48,9,118,131,49,89,6,12,68,37,127" hai3="64,66,100,27,79,20,17,41,53,133,77,0,82"/><T126/><D106/><U92/><E125/><V120/><F120/><W71/><G0/><T105/><D105/><U86/><E72/><V110/><F37/><W15/><G71/><T46/><D126/><U19/><E33/><V81/><F127/><W5/><G133/><T23/><D75/><U123/><E31/><V115/><F115/><W135/><G135/><T38/><D73/><U58/><E123/><V1/><F131/><W101/><G41/><T93/><D38/><U25/><E104/><V129/><F129/><W88/><G53/><N who="0" m="34287" /><D13/><U34/><E34/><V114/><F114/><W16/><G5/><T95/><D95/><U112/><E112/><V76/><F118/><W4/><G4/><T134/><D134/><U29/><E29/><V35/><F35/><W43/><G43/><T39/><D39/><U91/><E78/><N who="3" m="29706" /><G101/><T52/><D42/><U14/><E36/><V83/><F1/><W54/><G54/><T67/><D67/><N who="3" m="25641" /><G100/><T69/><D69/><U94/><E44/><V10/><F68/><W7/><G7/><T70/><D70/><U122/><E122/><V60/><F6/><W121/><G121/><T45/><D45/><U102/><E102/><V130/><F130/><W99/><G99/><T74/><D74/><U40/><E40/><V61/><F110/><W111/><G111/><T107/><D107/><U80/><E98/><V56/><F109/><W124/><G124/><T55/><D55/><U128/><E128/><V87/><F108/><W84/><G15/><T2/><D2/><U47/><E97/><V119/><F12/><W116/><G116/><RYUUKYOKU ba="0,0" sc="274,-10,194,-10,198,-10,334,30" hai3="16,17,20,27,82,84,88" /><INIT seed="5,1,0,5,5,37" ten="264,184,188,364" oya="1" hai0="46,98,100,64,110,116,7,19,107,113,115,30,17" hai1="51,125,4,57,70,135,6,55,102,0,40,127,112" hai2="65,85,105,42,111,83,48,101,122,54,126,109,74" hai3="47,97,11,31,78,93,80,103,60,71,67,66,16"/><U118/><E102/><V33/><F122/><W130/><G130/><T18/><D116/><U82/><E118/><V35/><F74/><W52/><G31/><T95/><D110/><U86/><E70/><V49/><F126/><N who="1" m="48137" /><E135/><V2/><F2/><W133/><G133/><T41/><D7/><N who="1" m="2603" /><E0/><V96/><F65/><W79/><G67/><T84/><D30/><U121/><E121/><V119/><F119/><W117/><G117/><T29/><D29/><U88/><E112/><N who="0" m="43081" /><D64/><U50/><E40/><V20/><F20/><W62/><G80/><T44/><D41/><U34/><E34/><V81/><F35/><W94/><G94/><T120/><D120/><U76/><E51/><V58/><F33/><W5/><G5/><T56/><D56/><U10/><E10/><V69/><F81/><W8/><G8/><T129/><D129/><U87/><E87/><V108/><F69/><W90/><G103/><T14/><D14/><U3/><E3/><V114/><F114/><W124/><G124/><T73/><D73/><U99/><E99/><V45/><REACH who="2" step="1"/><F111/><REACH who="2" ten="264,184,178,364" step="2"/><W23/><G11/><T61/><D95/><U32/><E32/><V43/><F43/><W106/><G106/><T1/><D1/><U27/><E27/><V12/><F12/><N who="3" m="9607" /><G66/><T15/><D15/><U134/><E134/><V25/><F25/><W128/><G71/><T9/><D107/><U24/><E24/><V63/><F63/><N who="3" m="24107" /><G128/><T21/><D21/><U28/><E28/><V13/><F13/><W68/><G68/><T77/><D61/><U36/><E36/><V39/><F39/><W59/><G93/><RYUUKYOKU ba="1,1" sc="264,-15,184,15,178,15,364,-15" hai1="50,55,57,76,82,86,88" hai2="42,45,48,49,54,58,83,85,96,101,105,108,109" /><INIT seed="5,2,1,1,2,43" ten="249,199,193,349" oya="1" hai0="28,78,39,5,8,102,107,26,87,64,29,94,83" hai1="69,55,53,36,91,40,37,133,70,81,30,9,77" hai2="6,75,66,51,60,122,88,124,16,128,65,108,48" hai3="68,105,121,63,131,59,110,113,7,62,44,74,11"/><U76/><E30/><V46/><F122/><W97/><G121/><T27/><D39/><U99/><E99/><V85/><F75/><W90/><G110/><T19/><D107/><U111/><E111/><V57/><F108/><W89/><G113/><T119/><D119/><U33/><E33/><V17/><F128/><W135/><G131/><T42/><D42/><U23/><E23/><V106/><F106/><W98/><G135/><T132/><D64/><U80/><E40/><N who="2" m="24647" /><F124/><W93/><G74/><T126/><D126/><U61/><E9/><V20/><F6/><W47/><G105/><T109/><D132/><U41/><E41/><V130/><F51/><W114/><G114/><T125/><D125/><U56/><E133/><V12/><F130/><W50/><G68/><T21/><D109/><U103/><E103/><V115/><F115/><W73/><G73/><T18/><D102/><U116/><E116/><V92/><F17/><W49/><G7/><T45/><D19/><U13/><E61/><V117/><F117/><W38/><G38/><T1/><D18/><U25/><E36/><V127/><F127/><W3/><G3/><T34/><D34/><U54/><E37/><V32/><F32/><W100/><G11/><T22/><D94/><U31/><E70/><V58/><F58/><W79/><G59/><T123/><D123/><U24/><E69/><V101/><F101/><W4/><G4/><T71/><D71/><U82/><E56/><V2/><F2/><W118/><G100/><T67/><D67/><AGARI ba="2,1" hai="12,16,20,57,60,65,66,67,85,88,92" m="24647" machi="67" ten="30,7700,0" yaku="8,1,52,1,54,2" doraHai="43" who="2" fromWho="0" sc="249,-83,199,0,193,93,349,0" /><INIT seed="6,0,0,0,4,104" ten="166,199,286,349" oya="2" hai0="91,7,57,68,32,109,4,59,80,14,67,93,45" hai1="50,85,76,127,54,82,41,94,12,130,23,34,66" hai2="65,119,70,133,96,20,122,75,19,97,1,52,9" hai3="129,81,90,134,115,49,25,88,83,60,58,131,86"/><V51/><F119/><W132/><G49/><T26/><D109/><U84/><E34/><V35/><F35/><W124/><G25/><T116/><D116/><U47/><E127/><V8/><F122/><W112/><G124/><T43/><D68/><U46/><E130/><N who="3" m="49674" /><G60/><T121/><D121/><U95/><E66/><V69/><F65/><W11/><G11/><T6/><D80/><N who="3" m="30793" /><G86/><T71/><D71/><U27/><E12/><V105/><F69/><W113/><G58/><T39/><D67/><U102/><E85/><V33/><F8/><W126/><G126/><T106/><D14/><U13/><E13/><V37/><F9/><W62/><G62/><T28/><REACH who="0" step="1"/><D106/><REACH who="0" ten="156,199,286,349" step="2"/><U5/><E76/><V74/><F105/><W118/><G118/><T61/><D61/><U135/><E82/><V42/><F70/><W107/><G107/><T111/><D111/><U99/><E135/><AGARI ba="0,1" hai="88,90,112,113,115,132,134,135" m="30793,49674" machi="135" ten="40,16000,3" yaku="28,2,15,1,11,1,20,1,19,1,34,2,54,1" doraHai="104" who="3" fromWho="1" sc="156,0,199,-160,286,0,349,170" /><INIT seed="7,0,0,0,4,124" ten="156,39,286,519" oya="3" hai0="93,120,0,53,24,115,40,82,15,6,74,128,22" hai1="38,67,96,7,114,118,20,44,42,71,13,41,110" hai2="126,86,87,104,89,95,9,8,119,117,79,132,78" hai3="59,55,61,131,52,80,77,62,122,46,60,102,70"/><W113/><G122/><T130/><D0/><U56/><E110/><V57/><F104/><W75/><G102/><T5/><D40/><U54/><E7/><V45/><F126/><W76/><G113/><T25/><D25/><U2/><E2/><V48/><F132/><W51/><G131/><T10/><D120/><U127/><E127/><V100/><F100/><W133/><G133/><T31/><D115/><U99/><E114/><V92/><F57/><W33/><G33/><T108/><D93/><U125/><E125/><V123/><F123/><W66/><G77/><N who="2" m="29193" /><F119/><W106/><G106/><T58/><D82/><U28/><E118/><V21/><F21/><W30/><G30/><T91/><D91/><U103/><E42/><N who="2" m="24631" /><F117/><W32/><G32/><T39/><D39/><U35/><E35/><V84/><F92/><W14/><G14/><T63/><D74/><U129/><E129/><N who="0" m="49769" /><D108/><U18/><E28/><V49/><F49/><AGARI ba="0,0" hai="46,49,51,52,55,59,60,61,62,66,70,75,76,80" machi="49" ten="30,2900,0" yaku="7,1,54,1" doraHai="124" who="3" fromWho="2" sc="156,0,39,0,286,-29,519,29" owari="156,-24.0,39,-46.0,257,6.0,548,64.0" /></mjloggm>