<mjloggm ver="2.3"><GO type="97" lobby="0"/><UN n0="%41%71%75%CE%B1%72%69%75%73" n1="%7A%69%6B%6B%65%33%34" n2="%E3%82%A6%E3%83%AB%E3%83%88%E3%83%A9%E7%AB%8B%E7%9B%B4" n3="%6D%61%67%69%63%6F" dan="15,13,15,15" rate="2001.79,1896.11,1980.39,2005.12" sx="M,M,M,M"/><TAIKYOKU oya="0"/><INIT seed="0,0,0,0,5,133" ten="250,250,250,250" oya="0" hai0="127,37,89,135,80,4,117,1,49,5,84,3,134" hai1="123,63,76,64,9,40,125,105,22,75,44,6,25" hai2="33,32,15,66,52,129,102,29,36,85,74,14,88" hai3="112,46,42,106,87,12,38,90,79,69,8,60,56"/><T98/><D117/><U103/><E123/><V83/><F36/><W13/><G112/><T43/><D37/><U96/><E125/><V70/><F74/><W19/><G106/><T24/><D24/><U11/><E76/><V16/><F129/><W48/><G79/><T72/><D72/><U55/><E75/><V34/><F102/><W99/><G99/><T39/><D39/><U27/><E55/><V118/><F118/><W54/><G12/><T21/><D21/><U41/><E27/><V101/><F101/><W53/><G69/><T59/><D98/><U131/><E131/><V17/><F29/><W81/><REACH who="3" step="1"/><G38/><REACH who="3" ten="250,250,250,240" step="2"/><T109/><D134/><U10/><E6/><V124/><F15/><W115/><G115/><T113/><D135/><U47/><E41/><AGARI ba="0,1" hai="8,13,19,41,42,46,48,53,54,56,60,81,87,90" machi="41" ten="40,12000,2" yaku="1,1,25,2,8,1,53,2" doraHai="133" doraHaiUra="51" who="3" fromWho="1" sc="250,0,250,-120,250,0,240,130" /><INIT seed="1,0,0,3,1,53" ten="250,130,250,370" oya="1" hai0="54,103,51,84,79,1,12,94,14,42,91,111,39" hai1="24,130,7,102,15,44,92,80,2,100,121,135,70" hai2="115,27,76,128,32,104,88,10,41,6,99,74,72" hai3="61,16,8,56,46,96,108,116,43,67,18,31,82"/><U34/><E121/><V55/><F115/><W127/><G108/><T133/><D111/><U25/><E2/><V50/><F128/><W73/><G127/><T131/><D131/><U29/><E70/><V35/><F41/><W75/><G116/><T134/><D1/><U0/><E130/><V9/><F104/><W47/><G31/><T65/><D65/><U22/><E135/><N who="0" m="51721" /><D103/><U60/><E80/><V90/><F55/><W21/><G82/><N who="0" m="47199" /><D42/><U78/><E78/><V45/><F76/><W114/><G73/><T81/><D81/><U112/><E112/><V36/><F99/><W58/><G75/><T66/><D66/><U117/><E117/><V38/><F50/><W120/><G120/><T98/><D39/><U113/><E113/><V118/><F118/><W106/><G114/><T3/><D3/><U62/><E44/><AGARI ba="0,0" hai="12,14,44,51,54,91,94,98" m="47199,51721" machi="44" ten="30,1000,0" yaku="20,1" doraHai="53" who="0" fromWho="1" sc="250,10,130,-10,250,0,370,0" /><INIT seed="2,0,0,3,3,92" ten="260,120,250,370" oya="2" hai0="73,124,23,89,24,68,6,54,113,78,19,132,42" hai1="37,4,94,31,126,50,0,72,108,116,36,26,10" hai2="112,110,100,46,115,119,91,22,32,83,114,127,33" hai3="70,79,30,77,53,66,134,84,99,27,135,104,129"/><V61/><F119/><W106/><G129/><T58/><D113/><U12/><E116/><V49/><F127/><W82/><G77/><T52/><D68/><U29/><E108/><V43/><F110/><W1/><G1/><T3/><D124/><U55/><E126/><V109/><F109/><W7/><G7/><T71/><D71/><U62/><E31/><V117/><F117/><W85/><G85/><T87/><D42/><U14/><E72/><V125/><F125/><W56/><G66/><T45/><D45/><U74/><E74/><V44/><F61/><W25/><G25/><BYE who="3" /><T102/><D132/><U64/><E36/><UN n3="%6D%61%67%69%63%6F" /><V11/><F11/><W97/><G70/><T17/><D102/><U133/><E37/><V103/><F46/><W86/><G86/><T63/><D17/><U35/><E133/><N who="3" m="50698" /><G106/><T76/><D73/><U128/><E128/><V39/><F39/><W9/><G9/><T60/><D6/><U65/><E62/><N who="0" m="23593" /><D3/><U13/><REACH who="1" step="1"/><E94/><REACH who="1" ten="260,110,250,370" step="2"/><V105/><F115/><W8/><G104/><T18/><D19/><U57/><AGARI ba="0,1" hai="0,4,10,12,13,14,26,29,35,50,55,57,64,65" machi="57" ten="30,7900,0" yaku="1,1,2,1,0,1,53,1" doraHai="92" doraHaiUra="48" who="1" fromWho="1" sc="260,-20,110,89,250,-39,370,-20" /><INIT seed="3,0,0,0,5,110" ten="240,199,211,350" oya="3" hai0="66,108,124,84,54,114,68,26,90,113,98,126,32" hai1="65,67,22,45,64,120,24,102,75,119,2,42,70" hai2="13,127,80,5,76,99,27,30,51,35,118,6,86" hai3="94,96,81,100,50,1,77,3,133,25,43,58,20"/><W10/><G133/><T73/><D73/><U132/><E120/><V131/><F118/><W62/><G10/><T4/><D4/><U109/><E132/><V106/><F127/><N who="0" m="48682" /><D98/><U11/><E109/><V74/><F131/><W18/><G43/><T21/><D54/><U117/><E75/><V130/><F130/><W82/><G50/><T59/><D68/><U105/><E70/><V60/><F13/><W8/><G8/><T47/><D47/><U31/><E102/><V72/><F51/><W15/><G81/><N who="0" m="49423" /><D32/><U123/><E123/><V34/><F34/><W9/><G82/><T88/><D88/><U61/><E105/><V91/><F72/><W55/><G77/><T48/><D108/><U79/><E79/><V46/><F46/><W28/><AGARI ba="0,0" hai="1,3,9,15,18,20,25,28,55,58,62,94,96,100" machi="28" ten="20,2100,0" yaku="0,1,7,1" doraHai="110" who="3" fromWho="3" sc="240,-7,199,-7,211,-7,350,21" owari="233,3.0,192,-31.0,204,-20.0,371,48.0" /></mjloggm>