<mjloggm ver="2.3"><GO type="97" lobby="0"/><UN n0="%53%6F%6B%75%68%61%74%75" n1="%E9%82%A6%E6%9D%91%E9%95%B7" n2="%E3%82%A6%E3%83%AB%E3%83%88%E3%83%A9%E7%AB%8B%E7%9B%B4" n3="%41%64%65%6C%65%69%6E%65" dan="15,14,16,13" rate="1960.14,1903.99,2000.04,2015.34" sx="M,M,M,M"/><TAIKYOKU oya="0"/><INIT seed="0,0,0,5,2,30" ten="250,250,250,250" oya="0" hai0="118,49,62,90,88,57,101,37,119,128,5,27,11" hai1="29,87,8,7,107,60,44,42,24,35,4,130,68" hai2="45,103,89,80,51,1,116,98,134,126,2,115,54" hai3="18,21,22,86,75,74,91,113,95,3,121,108,84"/><T77/><D37/><U97/><E97/><V135/><F115/><W111/><G3/><T92/><D128/><U132/><E130/><V40/><F126/><W10/><G113/><T53/><D77/><U59/><E132/><N who="2" m="50731" /><F116/><W117/><G117/><T20/><D119/><U105/><E68/><V34/><F34/><W73/><G121/><T12/><D118/><U15/><E87/><N who="2" m="50407" /><F54/><W55/><G55/><T66/><D101/><U109/><E7/><V25/><F25/><W104/><G104/><AGARI ba="0,0" hai="1,2,40,45,51,98,103,104" m="50407,50731" machi="104" ten="30,1000,0" yaku="20,1" doraHai="30" who="2" fromWho="3" sc="250,0,250,0,250,10,250,-10" /><INIT seed="1,0,0,4,2,54" ten="250,250,260,240" oya="1" hai0="29,66,15,28,78,92,47,89,107,7,2,32,120" hai1="31,61,102,11,74,81,134,135,72,75,5,70,53" hai2="55,23,103,79,0,108,36,40,46,51,71,37,64" hai3="25,109,121,65,12,93,17,14,3,131,68,127,38"/><U1/><E102/><V24/><F0/><W91/><G3/><T76/><D107/><U95/><E95/><V118/><F118/><W132/><G121/><T123/><D66/><U34/><E81/><V112/><F112/><W84/><G38/><T122/><D2/><U101/><E101/><V115/><F115/><W126/><G109/><T99/><D47/><U26/><REACH who="1" step="1"/><E53/><REACH who="1" ten="250,240,260,240" step="2"/><V73/><F103/><W10/><G93/><T45/><D92/><U77/><E77/><V83/><F108/><W104/><G104/><T90/><D78/><U18/><E18/><V86/><F55/><W98/><G17/><T67/><D76/><U128/><E128/><V8/><F86/><W94/><G84/><T19/><D19/><U124/><E124/><V57/><F83/><W130/><G131/><T4/><D122/><U58/><E58/><V80/><F57/><W119/><G127/><T113/><D123/><U6/><E6/><V96/><F80/><W52/><G130/><T16/><D7/><U116/><E116/><V13/><F79/><W49/><G52/><T21/><D4/><U30/><E30/><V33/><F96/><W27/><G98/><T43/><D29/><U69/><E69/><V117/><F71/><W9/><G68/><T39/><D99/><U105/><E105/><V63/><F117/><W59/><G119/><T35/><D120/><U110/><E110/><V97/><F97/><W129/><G126/><T60/><D28/><U56/><E56/><V88/><F88/><N who="0" m="33898" /><D113/><U22/><E22/><V48/><F23/><W85/><G129/><T42/><D42/><RYUUKYOKU ba="0,1" sc="250,15,240,15,260,-15,240,-15" hai0="15,16,21,32,35,39,43,45,60,67" hai1="1,5,11,26,31,34,61,70,72,74,75,134,135" /><INIT seed="1,1,1,0,0,60" ten="265,255,245,225" oya="1" hai0="133,109,111,27,104,123,101,59,6,58,55,129,88" hai1="114,38,128,106,103,4,77,53,89,108,94,82,69" hai2="105,23,54,5,127,112,110,122,73,26,99,40,130" hai3="51,15,61,9,32,72,14,39,8,135,56,17,115"/><U79/><E38/><V83/><F122/><W132/><G39/><T43/><D123/><U18/><E69/><V125/><F40/><W16/><G115/><T87/><D43/><U121/><E4/><V96/><F105/><W86/><G72/><T68/><D68/><U66/><E66/><V102/><F102/><W134/><G32/><T97/><D129/><U28/><E28/><N who="2" m="17503" /><F110/><N who="0" m="41994" /><D133/><U11/><E108/><V118/><F130/><W20/><G86/><T7/><D27/><U100/><E128/><V52/><F5/><N who="0" m="1546" /><D55/><N who="2" m="21034" /><F118/><W113/><G113/><T107/><D104/><U31/><E121/><V93/><F93/><AGARI ba="1,1" hai="58,59,87,88,93,97,101,107" m="1546,41994" machi="93" ten="30,2000,0" yaku="14,1,54,1" doraHai="60" who="0" fromWho="2" sc="265,33,255,0,245,-23,225,0" /><INIT seed="2,0,0,0,5,4" ten="298,255,222,225" oya="2" hai0="27,24,129,118,42,135,28,119,117,121,58,47,1" hai1="3,63,35,9,54,72,112,92,55,50,93,108,41" hai2="77,16,94,98,132,11,30,82,91,76,122,8,20" hai3="83,130,0,106,103,67,7,111,131,17,48,90,34"/><V25/><F132/><W97/><G34/><T125/><D121/><U115/><E35/><V61/><F122/><W68/><G111/><T37/><D135/><U56/><E72/><V13/><F61/><W71/><G67/><T89/><D1/><U36/><E108/><V127/><F127/><W23/><G48/><T33/><D125/><U113/><E36/><V81/><F81/><W110/><G110/><T134/><D134/><U6/><REACH who="1" step="1"/><E41/><REACH who="1" ten="298,245,222,225" step="2"/><V40/><F40/><W49/><G131/><T66/><D33/><U45/><AGARI ba="0,1" hai="3,6,9,45,50,54,55,56,63,92,93,112,113,115" machi="45" ten="30,7900,0" yaku="1,1,2,1,0,1,52,1,53,0" doraHai="4" doraHaiUra="14" who="1" fromWho="1" sc="298,-20,245,89,222,-39,225,-20" /><INIT seed="3,0,0,5,1,51" ten="278,334,183,205" oya="3" hai0="25,133,7,2,44,103,43,32,53,58,84,46,106" hai1="116,127,94,105,123,99,125,38,65,3,85,55,128" hai2="134,75,56,42,64,72,27,28,71,39,63,11,33" hai3="60,34,0,8,79,70,62,73,132,74,10,67,36"/><W96/><G36/><T19/><D133/><U61/><E3/><V117/><F117/><W5/><G132/><T110/><D110/><U91/><E38/><V69/><F134/><W100/><G79/><T59/><D59/><U102/><E123/><V97/><F56/><W45/><G45/><T40/><D7/><U6/><E6/><V1/><F71/><W17/><G62/><T30/><D2/><U131/><E116/><V22/><F22/><W86/><G86/><T66/><D66/><U50/><E61/><V26/><F26/><W92/><G34/><T21/><D84/><U48/><E65/><V114/><F114/><W109/><G109/><T111/><D111/><U89/><E91/><V80/><F80/><W87/><G87/><T129/><D129/><N who="1" m="49739" /><E55/><V90/><F90/><W78/><G78/><T93/><D106/><U4/><E4/><N who="2" m="1423" /><F97/><W9/><G9/><T112/><D112/><U49/><AGARI ba="0,0" hai="48,49,50,85,89,94,99,102,105,125,127" m="49739" machi="49" ten="40,1500,0" yaku="19,1" doraHai="51" who="1" fromWho="1" sc="278,-4,334,15,183,-4,205,-7" owari="274,7.0,349,45.0,179,-32.0,198,-20.0" /></mjloggm>