<mjloggm ver="2.3"><GO type="97" lobby="0"/><UN n0="%52%79%6F%75%6D%61" n1="%E5%91%B3%E3%81%AE%E7%B4%A0%E3%81%AE%E7%B4%A0" n2="%E3%81%9F%E3%81%A0%E3%81%8A%E3%81%A0%E3%81%89" n3="%E3%82%A6%E3%83%AB%E3%83%88%E3%83%A9%E7%AB%8B%E7%9B%B4" dan="13,13,16,15" rate="1857.72,1835.45,1974.82,1954.88" sx="M,M,M,M"/><TAIKYOKU oya="0"/><INIT seed="0,0,0,0,0,73" ten="250,250,250,250" oya="0" hai0="114,47,84,9,86,23,15,81,2,104,88,123,50" hai1="109,60,89,35,135,55,31,74,113,10,133,24,90" hai2="33,65,7,28,46,118,63,59,100,80,103,75,41" hai3="40,49,107,131,102,129,4,21,18,19,66,72,42"/><T37/><D123/><U125/><E109/><V116/><F7/><W64/><G102/><T13/><D114/><U38/><E38/><V127/><F127/><W94/><G94/><N who="0" m="54535" /><D37/><U132/><E113/><V95/><F28/><W67/><G107/><T110/><D104/><U26/><E74/><V98/><F33/><W1/><G4/><N who="0" m="3239" /><D2/><U61/><E125/><V134/><F103/><W115/><G1/><T124/><D124/><U30/><E10/><V56/><F116/><W48/><G72/><T0/><D0/><U79/><E79/><V119/><F119/><W82/><G115/><T87/><D110/><U34/><E55/><V71/><F118/><W83/><G67/><T121/><D121/><U101/><E101/><V36/><F75/><W128/><G129/><T5/><D81/><U20/><E20/><AGARI ba="0,0" hai="18,19,20,21,40,42,48,49,64,66,82,83,128,131" machi="20" ten="25,1600,0" yaku="22,2" doraHai="73" who="3" fromWho="1" sc="250,0,250,-16,250,0,250,16" /><INIT seed="1,0,0,5,3,69" ten="250,234,250,266" oya="1" hai0="38,8,101,94,97,104,72,37,127,71,119,66,96" hai1="128,87,3,26,35,82,30,52,40,60,95,44,42" hai2="99,85,130,75,70,126,84,92,132,76,124,58,48" hai3="19,43,105,33,53,107,110,77,50,22,111,114,24"/><U14/><E3/><V56/><F70/><W27/><G114/><T63/><D119/><U2/><E2/><V133/><F48/><W106/><G77/><T16/><D127/><N who="2" m="48682" /><F58/><W121/><G43/><T89/><D72/><U57/><E128/><V29/><F56/><W20/><G33/><T47/><D47/><U11/><E95/><V109/><F29/><W115/><G115/><T36/><D8/><U102/><E102/><N who="2" m="60775" /><F109/><N who="3" m="41483" /><G121/><T116/><D116/><U131/><E131/><V88/><F75/><W25/><G19/><T34/><REACH who="0" step="1"/><D16/><REACH who="0" ten="240,234,250,266" step="2"/><U1/><E44/><AGARI ba="0,1" hai="20,22,24,25,27,44,50,53,105,106,107" m="41483" machi="44" ten="40,1300,0" yaku="14,1" doraHai="69" who="3" fromWho="1" sc="240,0,234,-13,250,0,266,23" /><INIT seed="2,0,0,3,4,107" ten="240,221,250,289" oya="2" hai0="120,96,132,40,110,19,88,86,70,79,24,30,62" hai1="129,74,66,42,135,69,7,47,85,72,39,123,25" hai2="31,15,81,118,71,44,60,75,4,20,104,64,115" hai3="33,93,27,9,56,109,3,67,43,68,45,11,49"/><V78/><F118/><W117/><G117/><T73/><D120/><U23/><E123/><V12/><F115/><W54/><G109/><T26/><D110/><U124/><E7/><V98/><F44/><W13/><G3/><T89/><D132/><U28/><E135/><V102/><REACH who="2" step="1"/><F4/><REACH who="2" ten="240,221,240,289" step="2"/><W8/><G45/><T108/><D108/><U103/><E129/><V58/><F58/><W17/><G43/><T0/><D40/><U99/><E69/><V34/><F34/><W51/><G68/><T14/><D70/><U114/><E114/><V127/><F127/><W52/><G33/><T53/><D0/><U116/><E124/><V36/><F36/><W16/><G56/><T80/><D30/><U91/><E116/><V122/><F122/><W76/><G17/><T46/><D46/><U128/><E128/><V10/><F10/><W63/><G11/><T77/><D62/><U29/><E29/><V22/><F22/><W48/><G8/><T111/><D111/><U18/><E28/><V126/><F126/><W106/><G9/><T61/><D61/><U83/><REACH who="1" step="1"/><E66/><REACH who="1" ten="240,211,240,289" step="2"/><V41/><F41/><W35/><G67/><T130/><D130/><U38/><E38/><V59/><F59/><W82/><G35/><T105/><D53/><U125/><E125/><V57/><F57/><W37/><G52/><T121/><D121/><U101/><E101/><V134/><F134/><W50/><G54/><T55/><D55/><U131/><E131/><V100/><F100/><W113/><G37/><T97/><D19/><U119/><E119/><V32/><F32/><W21/><G16/><RYUUKYOKU ba="0,2" sc="240,-15,211,15,240,15,289,-15" hai1="18,23,25,39,42,47,72,74,83,85,91,99,103" hai2="12,15,20,31,60,64,71,75,78,81,98,102,104" /><INIT seed="2,1,2,1,3,94" ten="225,226,255,274" oya="2" hai0="72,69,45,104,56,34,124,70,77,102,10,120,86" hai1="114,58,40,4,91,62,28,39,64,125,3,119,73" hai2="134,30,68,18,131,42,65,66,23,0,95,123,15" hai3="35,48,90,105,20,89,116,122,55,93,99,52,106"/><V47/><F123/><W75/><G35/><T44/><D120/><U133/><E114/><V49/><F0/><W6/><G75/><T51/><D34/><U113/><E119/><V110/><F68/><W13/><G122/><T112/><D112/><U103/><E113/><V129/><F134/><W9/><G116/><T32/><D32/><U108/><E108/><V115/><F115/><W79/><G79/><T17/><D124/><U26/><E125/><V41/><F41/><W21/><G105/><T22/><D10/><U57/><E133/><V74/><F74/><W85/><G106/><T92/><D56/><U130/><E73/><V33/><F110/><W76/><G76/><T2/><D2/><U37/><E40/><V128/><F95/><N who="3" m="56823" /><G55/><T121/><D121/><U127/><E127/><V60/><F60/><W16/><G6/><T98/><D45/><AGARI ba="1,2" hai="9,13,16,20,21,45,48,52,85,89,93" m="56823" machi="45" ten="30,7700,0" yaku="8,1,52,1,54,2" doraHai="94" who="3" fromWho="0" sc="225,-80,226,0,255,0,274,100" /><INIT seed="3,0,0,2,2,17" ten="145,226,255,374" oya="3" hai0="125,108,3,2,102,1,107,80,46,38,34,91,27" hai1="26,8,49,43,14,6,62,84,12,97,40,77,36" hai2="100,133,41,28,103,75,79,111,72,131,78,63,120" hai3="15,56,16,48,119,0,135,10,71,58,33,74,29"/><W35/><G71/><T22/><D108/><U69/><E97/><V55/><F41/><W42/><G74/><T123/><D123/><U96/><E96/><V121/><F28/><W127/><G119/><T106/><D125/><U5/><E36/><V47/><F111/><W110/><G135/><T134/><D134/><U101/><E101/><N who="2" m="38987" /><F131/><W39/><G39/><T115/><D115/><U114/><E114/><V67/><F75/><W32/><G0/><T130/><D130/><U89/><E77/><V30/><F30/><W105/><G105/><T19/><D34/><U85/><E26/><V18/><F72/><W37/><G37/><T4/><D4/><U88/><E69/><V13/><F55/><W126/><G29/><T124/><D102/><U73/><E73/><V66/><F47/><N who="3" m="25719" /><G110/><T113/><D124/><AGARI ba="0,0" hai="10,15,16,32,33,35,56,58,124,126,127" m="25719" machi="124" ten="40,3900,0" yaku="18,1,54,1" doraHai="17" who="3" fromWho="0" sc="145,-39,226,0,255,0,374,39" owari="106,-39.0,226,-17.0,255,6.0,413,50.0" /></mjloggm>