<mjloggm ver="2.3"><GO type="97" lobby="0"/><UN n0="%73%68%69%6E%31%32%32%32" n1="%E3%81%B3%E3%82%88%E3%81%93" n2="%E3%82%A6%E3%83%AB%E3%83%88%E3%83%A9%E7%AB%8B%E7%9B%B4" n3="%65%73%6F%72%61" dan="14,14,15,14" rate="1963.32,1885.36,1997.43,1955.66" sx="M,M,M,M"/><TAIKYOKU oya="0"/><INIT seed="0,0,0,1,1,93" ten="250,250,250,250" oya="0" hai0="52,77,18,50,53,48,7,102,3,10,83,73,95" hai1="45,21,28,44,127,1,114,92,130,70,100,113,64" hai2="86,17,22,106,12,9,104,33,91,134,62,60,110" hai3="32,125,117,87,105,97,38,69,90,120,122,13,11"/><T8/><D102/><U129/><E1/><V39/><F33/><W67/><G117/><T101/><D10/><U66/><E28/><V36/><F134/><W98/><G125/><T118/><D118/><U49/><E21/><V76/><F76/><W78/><G32/><T31/><D31/><U89/><E100/><V14/><F110/><W126/><G126/><T131/><D131/><N who="1" m="50187" /><E127/><V135/><F135/><W116/><G116/><T119/><D119/><U15/><E15/><V124/><F124/><W23/><G38/><T109/><D109/><U68/><E89/><V19/><F39/><W57/><G69/><N who="1" m="26730" /><E92/><V75/><F36/><W47/><G78/><T63/><D18/><U71/><N who="1" m="26738" /><U24/><DORA hai="84" /><E24/><V55/><F75/><W20/><G20/><T107/><D107/><U61/><E61/><V37/><F37/><W96/><G23/><T80/><D80/><U133/><E133/><V94/><F104/><W103/><G120/><T40/><D63/><U43/><E44/><V88/><F106/><W121/><G47/><N who="0" m="25703" /><D101/><U0/><E0/><V34/><F34/><W79/><G121/><T27/><D95/><U6/><E6/><V56/><F62/><N who="3" m="38351" /><G122/><T59/><D27/><U112/><AGARI ba="0,0" hai="43,45,49,64,66,112,113,114" m="26738,50187" machi="112" ten="50,8000,1" yaku="11,1,19,1,34,2" doraHai="93,84" who="1" fromWho="1" sc="250,-40,250,80,250,-20,250,-20" /><INIT seed="1,0,0,5,5,52" ten="210,330,230,230" oya="1" hai0="91,33,96,119,124,121,28,5,62,123,120,60,97" hai1="41,70,31,128,14,129,50,125,102,8,21,51,16" hai2="61,110,87,86,48,39,37,76,84,117,6,10,35" hai3="111,17,18,127,92,7,34,81,55,67,104,71,82"/><U53/><E70/><V9/><F35/><W47/><G111/><T133/><D119/><U30/><E125/><V29/><F29/><N who="1" m="10761" /><E102/><V2/><F117/><W42/><G127/><T94/><D124/><U0/><E41/><V15/><F110/><W95/><G104/><T131/><D5/><N who="1" m="1063" /><E53/><V74/><F48/><W43/><G34/><T24/><D133/><U105/><E105/><V93/><F93/><N who="3" m="35915" /><G71/><T75/><D131/><AGARI ba="0,0" hai="14,16,21,50,51,128,129,131" m="1063,10761" machi="131" ten="30,2900,0" yaku="19,1,54,1" doraHai="52" who="1" fromWho="0" sc="210,-29,330,29,230,0,230,0" /><INIT seed="1,1,0,0,1,41" ten="181,359,230,230" oya="1" hai0="114,121,22,80,64,113,87,10,130,47,46,126,14" hai1="12,132,17,106,117,40,86,97,36,45,18,43,75" hai2="62,13,77,65,73,51,108,59,135,25,15,8,50" hai3="125,91,1,16,101,42,68,5,24,58,102,94,78"/><U38/><E117/><V32/><F135/><W20/><G125/><T109/><D64/><U61/><E75/><V56/><F108/><W110/><G110/><T90/><D109/><U92/><E132/><V9/><F77/><W19/><G68/><T120/><D126/><U112/><E112/><N who="0" m="43113" /><D22/><U104/><E86/><V72/><F25/><W37/><G78/><T111/><D130/><U66/><E17/><V27/><F27/><W69/><G69/><T84/><D111/><U95/><E95/><V2/><F2/><W122/><G122/><N who="0" m="47211" /><D87/><U39/><E39/><V129/><F129/><W74/><G74/><T33/><D33/><U124/><E124/><V118/><F118/><W134/><G134/><T99/><D99/><U28/><E28/><V123/><F123/><W55/><G20/><T131/><D131/><U115/><E115/><V100/><F65/><W4/><G1/><T29/><D29/><U57/><E40/><V53/><F32/><W133/><G42/><T70/><D70/><U35/><E35/><V48/><F73/><W76/><G133/><T89/><D89/><U63/><E61/><V96/><F72/><W7/><G76/><T79/><D79/><U34/><E36/><V21/><F21/><N who="3" m="13351" /><G19/><AGARI ba="1,0" hai="10,14,19,46,47,80,84,90" m="47211,43113" machi="19" ten="30,3900,0" yaku="13,1,52,2" doraHai="41" who="0" fromWho="3" sc="181,42,359,0,230,0,230,-42" /><INIT seed="2,0,0,5,0,87" ten="223,359,230,188" oya="2" hai0="126,121,73,93,22,50,59,86,79,114,76,38,110" hai1="120,64,17,100,78,117,105,36,101,33,20,67,115" hai2="88,132,97,1,119,94,27,122,123,102,41,77,5" hai3="61,91,129,68,21,103,89,85,13,19,45,60,70"/><V95/><F119/><W112/><G129/><T25/><D38/><U111/><E117/><V131/><F131/><W32/><G112/><T2/><D2/><U56/><E115/><V10/><F132/><W71/><G32/><T74/><D110/><U104/><E33/><V84/><F41/><W0/><G0/><T48/><D74/><U125/><E36/><V7/><F7/><W30/><G103/><T11/><D73/><U14/><E111/><V23/><REACH who="2" step="1"/><F77/><REACH who="2" ten="223,359,220,188" step="2"/><W43/><G30/><AGARI ba="0,1" hai="1,5,10,23,27,30,84,88,94,95,97,102,122,123" machi="30" ten="30,18000,2" yaku="1,1,2,1,7,1,52,1,54,1,53,1" doraHai="87" doraHaiUra="16" who="2" fromWho="3" sc="223,0,359,0,220,190,188,-180" /><INIT seed="2,1,0,0,2,121" ten="223,359,410,8" oya="2" hai0="98,75,103,87,9,77,31,35,47,93,46,32,19" hai1="134,15,70,84,67,124,106,43,108,68,42,88,52" hai2="114,102,99,25,3,113,24,41,51,63,62,79,37" hai3="135,2,33,29,83,50,96,91,128,66,30,94,104"/><V59/><F3/><W95/><G2/><T16/><D75/><U28/><E106/><V97/><F37/><W14/><G33/><T131/><D131/><U6/><E134/><V64/><F79/><W12/><G66/><T82/><D32/><U60/><E124/><V45/><F97/><N who="3" m="57567" /><G50/><T44/><D35/><U85/><E28/><N who="3" m="10858" /><G135/><T120/><D31/><U116/><E116/><V5/><F5/><W20/><G104/><T78/><D120/><U133/><E133/><V8/><F8/><W74/><G74/><T38/><D38/><U27/><E68/><V76/><F76/><W18/><G128/><T105/><D9/><U81/><E27/><V69/><F24/><N who="3" m="14359" /><G83/><T132/><D132/><U127/><E127/><V48/><F25/><W65/><G65/><T129/><D129/><U1/><E1/><V26/><F26/><W72/><G72/><T61/><D105/><U10/><E84/><V123/><F51/><W125/><G125/><T39/><D39/><U22/><E22/><V89/><F123/><W130/><G130/><T21/><D61/><U23/><E23/><V101/><F63/><W117/><G117/><T90/><D82/><U40/><REACH who="1" step="1"/><E52/><REACH who="1" ten="223,349,410,8" step="2"/><N who="2" m="34151" /><F69/><W100/><AGARI ba="1,1" hai="12,14,95,96,100" m="14359,10858,57567" machi="100" ten="30,1100,0" yaku="8,1" doraHai="121" who="3" fromWho="3" sc="223,-4,349,-4,410,-6,8,24" /><INIT seed="3,0,0,5,2,118" ten="219,345,404,32" oya="3" hai0="41,36,112,108,29,107,91,131,37,87,18,40,66" hai1="105,114,60,19,58,69,102,27,89,109,16,90,73" hai2="86,135,106,54,35,104,77,123,126,8,9,124,20" hai3="17,39,1,0,80,11,22,55,32,48,61,119,110"/><W56/><G119/><T31/><D107/><N who="2" m="41002" /><F35/><W59/><G110/><T34/><D34/><U79/><E114/><V117/><F117/><W21/><G39/><T63/><D108/><U95/><E69/><V128/><F123/><W100/><G32/><T97/><D131/><U42/><E109/><V49/><F20/><W78/><G100/><T81/><D112/><U82/><E42/><V74/><F74/><W24/><G21/><T85/><D37/><U3/><E3/><V130/><F135/><W65/><REACH who="3" step="1"/><G11/><REACH who="3" ten="219,345,404,22" step="2"/><T28/><D36/><U83/><E102/><V7/><F9/><W25/><G25/><T129/><D129/><U64/><E27/><V23/><F23/><W93/><G93/><T15/><D81/><U30/><E82/><V68/><F128/><W57/><G57/><T103/><D103/><U62/><E105/><V127/><F130/><W67/><G67/><T33/><D66/><U70/><E58/><V133/><F68/><W4/><G4/><T116/><D33/><U44/><E64/><V71/><F71/><W72/><AGARI ba="0,1" hai="0,1,17,22,24,48,55,56,59,61,65,72,78,80" machi="72" ten="20,3900,0" yaku="1,1,0,1,7,1,53,0" doraHai="118" doraHaiUra="2" who="3" fromWho="3" sc="219,-13,345,-13,404,-13,22,49" /><INIT seed="3,1,0,2,1,105" ten="206,332,391,71" oya="3" hai0="63,101,117,81,88,80,29,94,12,116,112,122,1" hai1="41,14,78,18,127,104,110,21,5,134,58,56,57" hai2="133,71,42,9,17,60,102,50,67,36,10,70,93" hai3="69,66,118,27,40,72,119,39,34,124,130,65,38"/><W35/><G124/><T13/><D122/><U125/><E104/><V95/><F70/><W0/><G130/><T96/><D1/><U74/><E41/><V85/><F95/><W68/><G40/><T8/><D29/><U77/><E5/><V113/><F113/><W25/><G0/><T23/><D112/><U131/><E131/><V108/><F17/><W84/><G84/><T16/><D63/><U52/><E134/><V123/><F133/><W22/><REACH who="3" step="1"/><G22/><REACH who="3" ten="206,332,391,61" step="2"/><T31/><D117/><U132/><E132/><V75/><F85/><W64/><G64/><T11/><D116/><U106/><E125/><V48/><F67/><W20/><G20/><T55/><D8/><U121/><E127/><V99/><F10/><W26/><G26/><T73/><D73/><AGARI ba="1,1" hai="25,27,34,35,38,39,65,66,68,69,72,73,118,119" machi="73" ten="25,12000,1" yaku="1,1,22,2,52,2,53,0" doraHai="105" doraHaiUra="7" who="3" fromWho="0" sc="206,-123,332,0,391,0,61,133" /><INIT seed="3,2,0,3,5,85" ten="83,332,391,194" oya="3" hai0="123,12,96,121,87,0,45,102,19,6,111,43,79" hai1="20,98,89,35,26,83,11,80,69,97,56,5,113" hai2="54,28,29,74,52,122,25,81,2,55,51,57,125" hai3="31,68,94,14,106,77,34,73,4,59,7,36,37"/><W105/><G68/><T93/><D111/><U107/><E113/><V58/><F2/><W116/><G116/><T3/><D0/><U100/><E69/><V101/><F125/><W62/><G105/><T18/><D18/><U61/><E35/><V17/><F101/><W117/><G106/><T88/><D3/><U21/><E98/><V72/><F55/><W1/><G117/><T65/><D6/><U84/><E83/><V44/><F44/><W128/><G1/><T53/><D65/><U22/><E26/><V47/><F47/><W39/><G31/><T49/><D79/><U109/><E109/><V114/><F114/><W66/><G77/><T132/><D132/><U42/><E42/><V33/><F122/><W104/><G66/><T8/><REACH who="0" step="1"/><D43/><REACH who="0" ten="73,332,391,194" step="2"/><U75/><E75/><V70/><F29/><W24/><G7/><T124/><D124/><U27/><E27/><V50/><F70/><W40/><G24/><T13/><D13/><U30/><E30/><V134/><F134/><W90/><G14/><T127/><D127/><U118/><E118/><V15/><F15/><W60/><G40/><T119/><D119/><U71/><E71/><V9/><F17/><W82/><G4/><T64/><D64/><N who="1" m="38951" /><E5/><V99/><F25/><W41/><G41/><T48/><D48/><U10/><E107/><V91/><F28/><W110/><G104/><T16/><D16/><U63/><E63/><V112/><F33/><W130/><G62/><T131/><D131/><U135/><E135/><V67/><F112/><W32/><G128/><T108/><D108/><U120/><E10/><RYUUKYOKU ba="2,1" sc="73,30,332,-10,391,-10,194,-10" hai0="8,12,19,45,49,53,87,88,93,96,102,121,123" owari="103,-40.0,322,12.0,391,50.0,184,-22.0" /></mjloggm>