<mjloggm ver="2.3"><GO type="97" lobby="0"/><UN n0="%E3%82%A6%E3%83%AB%E3%83%88%E3%83%A9%E7%AB%8B%E7%9B%B4" n1="%E9%A6%AC%E7%8E%8B" n2="%68%61%74%61%68%69%74%6F" n3="%E4%BB%8E%2A%C2%B4%E2%88%87%EF%BD%80%EF%BC%89%EF%BC%9C%E9%BB%92" dan="15,15,13,14" rate="1990.87,2004.82,1889.99,1955.10" sx="M,M,M,M"/><TAIKYOKU oya="0"/><INIT seed="0,0,0,3,0,134" ten="250,250,250,250" oya="0" hai0="104,35,114,81,14,28,22,57,67,25,32,12,62" hai1="2,82,61,26,38,99,4,20,33,107,100,58,109" hai2="21,15,48,65,29,24,3,30,74,46,90,51,9" hai3="120,83,72,135,63,80,41,60,115,98,55,126,37"/><T112/><D104/><U69/><E33/><V85/><F74/><W101/><G135/><T49/><D35/><U125/><E69/><V93/><F3/><W59/><G115/><T23/><D32/><U124/><E109/><V52/><F65/><W8/><G63/><T84/><D114/><U17/><E38/><V94/><F30/><W7/><G80/><T111/><D111/><U89/><E2/><V68/><F68/><W79/><G120/><T45/><D23/><U39/><E39/><V40/><F51/><W10/><G8/><T105/><D105/><U127/><E4/><V43/><REACH who="2" step="1"/><F94/><REACH who="2" ten="250,250,240,250" step="2"/><W92/><G37/><T128/><D112/><U97/><E82/><V54/><F54/><W53/><G55/><N who="0" m="30127" /><D128/><U27/><E27/><V116/><F116/><W106/><G41/><T96/><D96/><U16/><E17/><AGARI ba="0,1" hai="9,15,17,21,24,29,40,43,46,48,52,85,90,93" machi="17" ten="30,7700,0" yaku="1,1,7,1,8,1,54,1,53,0" doraHai="134" doraHaiUra="77" who="2" fromWho="1" sc="250,0,250,-77,240,87,250,0" /><INIT seed="1,0,0,1,2,33" ten="250,173,327,250" oya="1" hai0="19,63,126,129,120,68,22,107,2,21,98,109,101" hai1="113,11,112,26,9,42,72,108,124,60,102,81,59" hai2="62,100,105,29,70,130,43,24,6,66,44,8,86" hai3="118,39,106,12,128,104,5,41,71,67,76,1,122"/><U135/><E124/><V16/><F130/><W18/><G122/><T134/><D21/><U51/><E135/><V40/><F86/><W28/><G18/><T27/><D129/><U117/><E117/><V87/><F87/><W88/><G128/><T94/><D109/><U115/><E108/><V47/><F44/><W74/><G12/><T57/><D126/><U52/><E102/><V99/><F47/><W77/><G76/><T90/><D68/><U82/><E42/><V65/><F66/><W4/><G5/><T10/><D134/><U58/><E26/><V89/><F89/><W30/><G28/><T48/><D48/><U114/><N who="1" m="29184" /><DORA hai="0" /><U23/><E23/><V78/><F78/><W123/><G123/><T73/><D73/><U97/><E97/><V125/><F125/><W64/><G67/><T121/><D107/><U34/><E34/><N who="2" m="20775" /><F6/><W116/><G64/><T132/><D101/><U69/><E69/><V84/><F84/><W95/><G71/><T119/><D119/><N who="3" m="45609" /><G30/><T15/><D132/><U55/><REACH who="1" step="1"/><E72/><REACH who="1" ten="250,163,327,250" step="2"/><V96/><F99/><N who="3" m="57831" /><G39/><T85/><D98/><U32/><E32/><V131/><F131/><W36/><G36/><T46/><D27/><U31/><E31/><V80/><F80/><AGARI ba="0,1" hai="9,11,51,52,55,58,59,60,80,81,82" m="29184" machi="80" ten="70,12000,1" yaku="1,1,54,1,53,1" doraHai="33,0" doraHaiUra="45,37" who="1" fromWho="2" sc="250,0,163,130,327,-120,250,0" /><INIT seed="1,1,0,0,5,50" ten="250,293,207,250" oya="1" hai0="133,31,63,38,107,135,68,81,54,52,4,26,123" hai1="104,100,92,16,60,18,80,115,21,14,10,85,0" hai2="65,24,134,2,69,9,55,111,61,83,12,39,8" hai3="58,76,114,74,101,118,20,37,7,87,98,112,109"/><U88/><E115/><V70/><F111/><W46/><G74/><T67/><D38/><U28/><E104/><V25/><F134/><N who="0" m="51210" /><D107/><U51/><E60/><V90/><F39/><W119/><G7/><T41/><D41/><U59/><E28/><V105/><F105/><W22/><G109/><T94/><D123/><U129/><E129/><V5/><F70/><W72/><G72/><T122/><D122/><U106/><E106/><V57/><F90/><W79/><G37/><T120/><D120/><U75/><E75/><V49/><REACH who="2" step="1"/><F83/><REACH who="2" ten="250,293,197,250" step="2"/><W124/><G124/><T128/><D81/><U56/><E80/><V36/><F36/><W45/><G79/><T3/><D94/><U44/><E100/><V1/><F1/><W29/><G76/><T99/><D99/><U82/><E0/><V84/><F84/><W86/><G98/><T6/><D128/><U131/><E131/><V27/><F27/><W93/><G93/><T73/><D73/><U11/><E92/><V32/><F32/><W23/><G101/><T62/><D3/><U42/><E10/><V30/><F30/><W13/><G29/><T17/><D31/><U40/><E42/><V125/><F125/><W47/><G13/><AGARI ba="1,1" hai="11,13,14,16,18,21,40,44,51,56,59,82,85,88" machi="13" ten="30,11600,0" yaku="7,1,8,1,54,2" doraHai="50" who="1" fromWho="3" sc="250,0,293,129,197,0,250,-119" /><INIT seed="1,2,0,2,2,92" ten="250,422,197,131" oya="1" hai0="126,70,127,78,128,40,1,121,3,111,119,36,73" hai1="38,76,64,5,91,54,43,71,133,8,66,96,87" hai2="106,15,86,99,77,53,58,6,67,112,45,51,7" hai3="25,109,89,52,124,16,122,30,130,49,22,134,34"/><U115/><E115/><V80/><F112/><W74/><G122/><T9/><D9/><U10/><E133/><V14/><F106/><W24/><G74/><T20/><D20/><U72/><E72/><V83/><F80/><W65/><G134/><T93/><D93/><U98/><E71/><V46/><F67/><W104/><G109/><T105/><D40/><U120/><E120/><V42/><F46/><W50/><G124/><T101/><D101/><U18/><E38/><V125/><F125/><W107/><G130/><T132/><D78/><U26/><E43/><V32/><F32/><W27/><G50/><T21/><D21/><U4/><E54/><V131/><F131/><W129/><G129/><T11/><D11/><U19/><E76/><V116/><F116/><W68/><G68/><T97/><D97/><U94/><E26/><V61/><REACH who="2" step="1"/><F99/><REACH who="2" ten="250,422,187,131" step="2"/><W108/><G65/><T135/><D126/><U123/><E123/><V60/><F60/><W88/><G108/><T95/><D135/><U28/><E94/><V12/><AGARI ba="2,1" hai="6,7,12,14,15,42,45,51,53,58,61,77,83,86" machi="12" ten="30,4000,0" yaku="1,1,0,1,8,1,53,0" doraHai="92" doraHaiUra="114" who="2" fromWho="2" sc="250,-12,422,-22,187,56,131,-12" /><INIT seed="2,0,0,3,3,93" ten="238,400,243,119" oya="2" hai0="3,79,104,15,31,13,33,46,65,50,100,59,36" hai1="67,113,105,41,54,94,5,58,60,61,17,133,51" hai2="125,29,45,95,63,68,43,12,32,89,23,74,27" hai3="19,48,37,20,96,14,52,121,53,114,2,130,92"/><V9/><F74/><W34/><G37/><T83/><D3/><U24/><E105/><V131/><F125/><W101/><G121/><T62/><D36/><U106/><E113/><V99/><F131/><W115/><G2/><T10/><D33/><U66/><E106/><V117/><F117/><W8/><G34/><T120/><D120/><U134/><E5/><V49/><F68/><W126/><G130/><T64/><D31/><U85/><E41/><V119/><F119/><W91/><G126/><T72/><D65/><U39/><E39/><V109/><F63/><W11/><G114/><T44/><D15/><U110/><E110/><V116/><F109/><W108/><G108/><T123/><D123/><U103/><E24/><V107/><F107/><W90/><G115/><T128/><D128/><U98/><E85/><V97/><F116/><W6/><G6/><T42/><D46/><U4/><E17/><N who="2" m="8335" /><F32/><W81/><G53/><T56/><D56/><U102/><E4/><V118/><F118/><W75/><G91/><T7/><REACH who="0" step="1"/><D104/><REACH who="0" ten="228,400,243,119" step="2"/><N who="1" m="63575" /><E66/><V16/><F29/><W71/><G71/><T70/><D70/><U47/><E67/><V30/><F30/><W112/><G112/><T84/><D84/><AGARI ba="0,1" hai="16,23,27,43,45,49,84,89,95,97,99" m="8335" machi="84" ten="30,11600,0" yaku="8,1,52,2,54,1" doraHai="93" who="2" fromWho="0" sc="228,-116,400,0,243,126,119,0" /><INIT seed="2,1,0,5,3,59" ten="112,400,369,119" oya="2" hai0="28,51,11,27,41,46,92,126,135,4,73,113,57" hai1="24,64,114,48,9,101,47,104,38,33,23,116,12" hai2="95,42,37,44,43,63,84,75,74,66,52,29,85" hai3="133,115,119,134,129,20,0,128,49,22,65,31,55"/><V80/><F29/><W14/><G0/><T125/><D73/><U70/><E116/><V71/><F43/><W120/><G31/><T96/><D135/><N who="3" m="51721" /><G14/><T1/><D113/><U83/><E114/><V88/><REACH who="2" step="1"/><F52/><REACH who="2" ten="112,400,359,119" step="2"/><W91/><G115/><T2/><D125/><U124/><E124/><V40/><F40/><W131/><G65/><T50/><D126/><U30/><E30/><V79/><AGARI ba="1,1" hai="37,42,44,63,66,71,74,75,79,80,84,85,88,95" machi="79" ten="20,12000,1" yaku="1,1,0,1,7,1,52,1,54,1,53,0" doraHai="59" doraHaiUra="8" who="2" fromWho="2" sc="112,-41,400,-41,359,133,119,-41" /><INIT seed="2,2,0,1,4,73" ten="71,359,492,78" oya="2" hai0="116,48,0,93,119,79,80,82,44,21,34,65,12" hai1="32,99,54,61,26,121,94,31,57,128,122,115,133" hai2="9,89,25,120,131,100,114,16,27,125,11,70,40" hai3="111,85,51,134,10,23,19,113,49,71,90,127,50"/><V52/><F120/><W129/><G111/><T118/><D34/><U87/><E115/><V4/><F70/><W123/><G123/><T97/><D0/><U3/><E3/><V95/><F114/><W8/><G71/><T105/><D105/><U55/><E133/><V117/><F40/><W67/><G134/><T78/><D65/><U53/><E128/><V6/><F100/><W7/><G113/><T74/><D21/><U5/><E5/><V14/><F117/><W1/><G10/><T15/><D48/><U38/><E122/><V66/><F66/><W46/><G127/><T96/><D44/><U18/><E38/><V43/><F43/><W108/><G129/><T86/><D97/><U60/><E121/><V2/><F131/><W91/><G108/><T29/><REACH who="0" step="1"/><D29/><REACH who="0" ten="61,359,492,78" step="2"/><U126/><E126/><V84/><F125/><W98/><G67/><T103/><AGARI ba="2,1" hai="12,15,74,78,79,80,82,86,93,96,103,116,118,119" machi="103" ten="30,12000,2" yaku="1,1,2,1,0,1,12,1,52,2,53,0" doraHai="73" doraHaiUra="41" who="0" fromWho="0" sc="61,136,359,-32,492,-62,78,-32" /><INIT seed="3,0,0,5,5,18" ten="197,327,430,46" oya="3" hai0="121,98,87,59,55,85,128,35,68,82,16,89,124" hai1="17,80,63,77,94,96,122,93,39,100,103,129,104" hai2="14,105,74,61,114,62,53,31,99,134,51,132,10" hai3="64,42,57,108,49,22,116,125,109,97,88,23,3"/><W1/><G116/><T135/><D68/><U25/><E39/><V66/><F74/><W70/><G70/><T126/><D35/><U5/><E5/><V81/><F114/><W91/><G125/><T19/><D121/><U83/><E63/><V7/><F31/><W4/><G4/><T50/><D128/><U84/><E122/><V65/><F81/><W13/><G13/><T6/><D135/><N who="2" m="51754" /><F62/><N who="3" m="37967" /><G42/><T78/><D98/><N who="1" m="61463" /><E17/><V44/><F61/><W102/><G49/><T33/><D33/><U131/><E25/><V112/><F112/><W69/><G69/><T11/><D124/><U115/><E115/><V48/><F51/><W46/><G46/><T24/><D126/><U113/><E113/><V123/><F123/><W67/><G67/><T40/><D40/><U37/><E37/><V20/><F20/><N who="3" m="7723" /><G3/><T28/><D24/><U29/><E131/><V92/><F105/><N who="3" m="63695" /><G1/><T95/><REACH who="0" step="1"/><D28/><REACH who="0" ten="187,327,430,46" step="2"/><U120/><E129/><V26/><F26/><W71/><G71/><T117/><D117/><U101/><E29/><V110/><F65/><W106/><G106/><T0/><AGARI ba="0,1" hai="0,6,11,16,19,50,55,59,78,82,85,87,89,95" machi="0" ten="20,5200,0" yaku="1,1,0,1,7,1,54,1,53,0" doraHai="18" doraHaiUra="27" who="0" fromWho="0" sc="187,62,327,-13,430,-13,46,-26" owari="249,-15.0,314,11.0,417,52.0,20,-48.0" /></mjloggm>