<mjloggm ver="2.3"><GO type="97" lobby="0"/><UN n0="%E3%82%A6%E3%83%AB%E3%83%88%E3%83%A9%E7%AB%8B%E7%9B%B4" n1="%E3%83%AA%E3%83%A9%E3%83%AA%E3%83%A9%E3%81%A3%E3%81%A1" n2="%E7%AD%89%E4%BE%A1%E4%BA%A4%E6%8F%9B" n3="%E5%B0%81%E7%A5%9E%E2%98%85%E3%81%99%E3%81%9A" dan="15,14,15,14" rate="1948.47,1970.93,1914.29,1963.35" sx="M,M,M,F"/><TAIKYOKU oya="0"/><INIT seed="0,0,0,5,5,131" ten="250,250,250,250" oya="0" hai0="83,28,126,42,97,30,48,69,0,46,13,61,59" hai1="45,99,75,56,71,52,23,90,74,33,49,103,27" hai2="21,67,72,63,53,1,11,123,44,135,19,82,25" hai3="81,111,12,65,47,29,15,26,6,80,34,10,24"/><T77/><D0/><U3/><E71/><V128/><F128/><W57/><G111/><T112/><D112/><U134/><E33/><V17/><F135/><W104/><G104/><T114/><D114/><U51/><E3/><V122/><F72/><W110/><G110/><T101/><D69/><U35/><E35/><V62/><F82/><W119/><G119/><T60/><D60/><U68/><E68/><V66/><F1/><W43/><G57/><T127/><D127/><U9/><E9/><V55/><F44/><W41/><G65/><T93/><D13/><U16/><E134/><V31/><F11/><W76/><G81/><T64/><REACH who="0" step="1"/><D126/><REACH who="0" ten="240,250,250,250" step="2"/><U8/><E8/><V107/><F122/><W89/><G15/><T78/><D78/><U88/><E75/><AGARI ba="0,1" hai="28,30,42,46,48,59,61,64,75,77,83,93,97,101" machi="75" ten="30,5800,0" yaku="1,1,7,1,53,1" doraHai="131" doraHaiUra="91" who="0" fromWho="1" sc="240,68,250,-58,250,0,250,0" /><INIT seed="0,1,0,3,0,56" ten="308,192,250,250" oya="0" hai0="104,127,124,130,92,135,58,4,43,22,64,73,99" hai1="115,37,100,5,63,44,23,32,97,60,66,26,13" hai2="2,112,6,53,61,84,102,129,94,114,67,86,35" hai3="107,39,108,57,69,120,96,14,1,19,71,95,103"/><T132/><D73/><U18/><E115/><V45/><F35/><W34/><G1/><T20/><D104/><U24/><E37/><V70/><F129/><W131/><G39/><T81/><D81/><U54/><E32/><V25/><F25/><W15/><G34/><T85/><D85/><U110/><E110/><V72/><F72/><W83/><G108/><T47/><D4/><U105/><E5/><V75/><F75/><W93/><G83/><T27/><D22/><U68/><REACH who="1" step="1"/><E44/><REACH who="1" ten="308,182,250,250" step="2"/><V11/><F112/><W89/><G131/><T38/><D130/><U59/><AGARI ba="1,1" hai="13,18,23,24,26,54,59,60,63,66,68,97,100,105" machi="59" ten="30,8000,1" yaku="1,1,2,1,0,1,52,2,53,0" doraHai="56" doraHaiUra="91" who="1" fromWho="1" sc="308,-41,182,93,250,-21,250,-21" /><INIT seed="1,0,0,1,4,116" ten="267,275,229,229" oya="1" hai0="75,76,59,33,8,19,13,97,69,57,113,22,58" hai1="135,41,12,11,92,119,117,91,56,40,34,134,9" hai2="53,96,132,109,4,47,18,82,62,66,94,28,78" hai3="24,73,26,81,122,50,110,121,16,6,85,106,55"/><U36/><E34/><V61/><F109/><W45/><G106/><T60/><D33/><U52/><E92/><V133/><F4/><W123/><G110/><T71/><D76/><U80/><E80/><V79/><F28/><W44/><G73/><T129/><D75/><U21/><E21/><V64/><F18/><W42/><G6/><T86/><D69/><U2/><E2/><V127/><F127/><W77/><REACH who="3" step="1"/><G16/><REACH who="3" ten="267,275,229,219" step="2"/><T3/><D19/><N who="1" m="8591" /><E11/><V51/><F133/><N who="1" m="50697" /><E36/><AGARI ba="0,1" hai="24,26,36,42,44,45,50,55,77,81,85,121,122,123" machi="36" ten="40,8000,1" yaku="1,1,52,3,53,0" doraHai="116" doraHaiUra="29" who="3" fromWho="1" sc="267,0,275,-80,229,0,219,90" /><INIT seed="2,0,0,5,0,37" ten="267,195,229,309" oya="2" hai0="11,26,86,13,6,21,131,52,96,99,117,7,89" hai1="14,39,57,123,0,100,98,73,63,91,44,93,113" hai2="126,75,122,46,34,29,31,19,33,104,134,135,66" hai3="107,92,84,49,106,24,42,127,74,41,87,61,80"/><V10/><F122/><W27/><G74/><T23/><D117/><U28/><E0/><V97/><F75/><W58/><G106/><T111/><D131/><U8/><E113/><V22/><F126/><W30/><G107/><T45/><D7/><U78/><E123/><V109/><F109/><W64/><G49/><N who="0" m="28719" /><D111/><U48/><E39/><V9/><F66/><W83/><G92/><N who="0" m="54327" /><D23/><U114/><E114/><V69/><F69/><W16/><G127/><T120/><D120/><U60/><E73/><V95/><F104/><W35/><G24/><T18/><AGARI ba="0,0" hai="6,11,13,18,21,26,96,99" m="54327,28719" machi="18" ten="30,2000,0" yaku="8,1,54,1" doraHai="37" who="0" fromWho="0" sc="267,20,195,-5,229,-10,309,-5" /><INIT seed="3,0,0,1,1,89" ten="287,190,219,304" oya="3" hai0="81,76,19,125,97,68,32,123,5,11,38,75,129" hai1="57,80,42,24,29,54,26,82,79,4,128,17,73" hai2="30,69,108,53,90,36,52,118,45,16,65,96,109" hai3="14,1,120,86,2,131,28,132,117,7,44,85,91"/><W115/><G117/><T116/><D116/><U104/><E128/><V100/><F118/><W62/><G120/><T135/><D123/><U21/><E104/><V25/><F90/><W8/><G115/><T111/><D68/><U112/><E112/><V60/><F36/><W77/><G131/><T113/><D113/><U134/><E134/><V12/><F45/><W59/><G132/><T37/><D135/><U10/><E80/><V67/><F65/><W41/><G28/><T84/><D32/><U92/><E42/><V13/><F12/><W72/><G72/><T22/><D129/><U64/><E64/><V101/><F100/><W106/><G86/><T35/><D35/><U56/><E54/><V3/><F3/><W31/><G106/><T121/><D75/><U20/><REACH who="1" step="1"/><E92/><REACH who="1" ten="287,180,219,304" step="2"/><N who="2" m="58503" /><F30/><W48/><G31/><T124/><D121/><U46/><E46/><V95/><F95/><W127/><G41/><T63/><D81/><U34/><E34/><V78/><F78/><W39/><G77/><T83/><D83/><U27/><E27/><V107/><F25/><W49/><G44/><T40/><D76/><U0/><AGARI ba="0,1" hai="0,4,10,17,20,21,24,26,29,56,57,73,79,82" machi="0" ten="20,2700,0" yaku="1,1,0,1,7,1,53,0" doraHai="89" doraHaiUra="58" who="1" fromWho="1" sc="287,-7,180,37,219,-7,304,-13" /><INIT seed="4,0,0,0,1,93" ten="280,217,212,291" oya="0" hai0="49,132,67,73,42,79,75,7,17,48,125,38,27" hai1="35,40,96,64,24,69,78,90,9,57,91,28,51" hai2="66,135,5,82,41,84,99,10,0,105,1,121,65" hai3="13,46,80,115,36,111,102,85,33,86,97,112,50"/><T8/><D38/><U63/><E9/><V39/><F121/><W118/><G33/><T110/><D79/><U68/><E78/><V98/><F135/><W19/><G118/><T106/><D106/><U2/><E2/><V6/><F105/><W59/><G59/><T25/><D132/><U92/><E40/><V20/><F20/><N who="3" m="11375" /><G36/><T74/><D42/><U61/><E51/><V32/><F32/><W56/><G56/><T55/><D67/><U71/><REACH who="1" step="1"/><E90/><REACH who="1" ten="280,207,212,291" step="2"/><V94/><F39/><W11/><G11/><T104/><D49/><U131/><E131/><V133/><F41/><W43/><G115/><T21/><D48/><U88/><E88/><V4/><F133/><W128/><G128/><T127/><D75/><U23/><E23/><V87/><F10/><W122/><G112/><T3/><D74/><U77/><E77/><V34/><F34/><W47/><G50/><T30/><D73/><U29/><E29/><V89/><F0/><W116/><G43/><T113/><D113/><U101/><E101/><V44/><F1/><W16/><G116/><T54/><D8/><U108/><E108/><V120/><F120/><W12/><G111/><T37/><D110/><U76/><E76/><N who="2" m="46151" /><F44/><W70/><G47/><T31/><D3/><U114/><E114/><V134/><F134/><W62/><G46/><T58/><D30/><U103/><E103/><V100/><F100/><W18/><G102/><T53/><D31/><U107/><E107/><V45/><F45/><W95/><G122/><T14/><D104/><U117/><E117/><V123/><F123/><W81/><G18/><RYUUKYOKU ba="0,1" sc="280,-15,207,15,212,15,291,-15" hai1="24,28,35,57,61,63,64,68,69,71,91,92,96" hai2="4,5,6,65,66,87,89,94,98,99" /><INIT seed="5,1,1,5,4,109" ten="265,222,227,276" oya="1" hai0="73,118,57,5,82,0,107,93,81,51,113,86,133" hai1="33,23,31,115,15,61,83,78,94,52,45,105,8" hai2="64,110,122,11,47,16,85,44,104,59,102,89,69" hai3="40,98,125,130,62,103,70,26,37,76,54,28,121"/><U75/><E115/><V90/><F110/><W29/><G121/><T17/><D113/><U97/><E33/><V18/><F122/><W88/><G88/><N who="0" m="53399" /><D5/><U117/><E105/><V132/><F132/><W32/><G29/><T7/><D7/><U38/><E117/><V67/><F69/><W53/><G76/><T128/><D0/><U27/><E38/><V100/><F104/><N who="3" m="63607" /><G130/><T68/><D68/><U1/><E1/><V21/><F11/><W123/><G125/><T3/><D3/><U6/><E61/><V119/><F119/><W49/><G49/><T48/><D73/><U2/><E2/><V126/><F126/><W4/><G4/><T63/><D107/><U22/><E22/><V10/><F10/><W71/><G71/><T111/><D111/><U74/><E74/><V13/><F18/><W129/><G129/><T30/><D30/><U124/><E124/><V46/><F89/><W120/><G53/><N who="0" m="34223" /><D118/><U55/><E45/><V95/><F59/><W99/><G54/><T108/><D108/><U96/><E96/><V101/><AGARI ba="1,1" hai="13,16,21,44,46,47,64,67,85,90,95,100,101,102" machi="101" ten="30,4000,0" yaku="0,1,8,1,54,1" doraHai="109" who="2" fromWho="2" sc="265,-11,222,-21,227,53,276,-11" /><INIT seed="6,0,0,4,1,77" ten="254,201,280,265" oya="2" hai0="101,36,104,58,131,86,17,116,91,84,108,89,40" hai1="115,39,135,48,28,134,10,68,38,31,37,21,130" hai2="0,13,44,70,105,25,26,111,85,80,126,120,35" hai3="69,16,9,100,50,45,128,18,123,127,87,54,109"/><V92/><F120/><W93/><G123/><T73/><D40/><U114/><E10/><V30/><F105/><W56/><G109/><T102/><D36/><U33/><E33/><V74/><F111/><W82/><G69/><T106/><D58/><U75/><E68/><V81/><F70/><W65/><G127/><T57/><D57/><U122/><E122/><V117/><F117/><W27/><G128/><T78/><D17/><U103/><E130/><V129/><F129/><W46/><G93/><N who="0" m="54439" /><D116/><U132/><E75/><V52/><F126/><W88/><G100/><N who="0" m="38507" /><D108/><U118/><E118/><V67/><F67/><W72/><G72/><T34/><D34/><U97/><E48/><V23/><F0/><W133/><G65/><T53/><D53/><U96/><E21/><V113/><F113/><N who="1" m="43017" /><E103/><V6/><F74/><W63/><G46/><T112/><D112/><U8/><E8/><N who="2" m="4247" /><F26/><W41/><G27/><T95/><D131/><U125/><E125/><V15/><F15/><W79/><G9/><T32/><D32/><U51/><E51/><N who="2" m="28775" /><F35/><W7/><G41/><T71/><D71/><U61/><E61/><V47/><F47/><W62/><G63/><T76/><D73/><U98/><AGARI ba="0,0" hai="28,31,37,38,39,96,97,98,132,134,135" m="43017" machi="98" ten="50,12000,2" yaku="29,2,28,2,20,1,15,1" doraHai="77" who="1" fromWho="1" sc="254,-30,201,120,280,-60,265,-30" owari="224,-18.0,321,42.0,220,-28.0,235,4.0" /></mjloggm>