<mjloggm ver="2.3"><GO type="97" lobby="0"/><UN n0="%E3%83%97%E3%82%AD%E3%83%A3%E3%83%8A%E3%83%B3" n1="%E3%82%A6%E3%83%AB%E3%83%88%E3%83%A9%E7%AB%8B%E7%9B%B4" n2="%62%6C%6F%63%6B%65%6E%4B" n3="%6B%6F%63%68%61%6E%6E" dan="14,15,14,14" rate="1988.46,1975.46,1952.09,1859.57" sx="M,M,M,M"/><TAIKYOKU oya="0"/><INIT seed="0,0,0,2,0,63" ten="250,250,250,250" oya="0" hai0="21,43,45,114,99,84,86,33,19,37,115,39,32" hai1="124,131,28,58,70,46,135,7,9,121,100,14,38" hai2="134,49,29,73,42,15,130,87,18,90,129,30,127" hai3="101,82,120,48,97,98,104,5,40,122,106,85,50"/><T53/><D39/><U71/><E121/><N who="3" m="46698" /><G5/><T44/><D114/><U35/><E28/><V80/><F73/><W91/><G40/><T113/><D115/><U111/><E35/><V117/><F127/><W0/><G0/><T31/><D113/><U12/><E100/><AGARI ba="0,0" hai="48,50,82,85,91,97,98,100,101,104,106" m="46698" machi="100" ten="30,1000,0" yaku="13,1" doraHai="63" who="3" fromWho="1" sc="250,0,250,-10,250,0,250,10" /><INIT seed="1,0,0,1,2,112" ten="250,240,250,260" oya="1" hai0="1,40,119,102,2,49,126,121,56,91,122,98,51" hai1="135,132,104,71,32,124,41,57,118,35,84,29,120" hai2="129,54,66,89,42,17,107,74,23,59,60,78,31" hai3="113,127,58,90,19,5,87,33,75,8,86,63,39"/><U11/><E71/><V6/><F6/><W0/><G113/><T100/><D126/><U81/><E104/><V46/><F107/><W80/><G127/><T73/><D73/><U117/><E124/><V64/><F31/><W69/><G33/><N who="1" m="12874" /><E29/><V115/><F115/><W114/><G114/><T24/><D119/><N who="1" m="45579" /><E41/><V77/><F129/><W13/><G39/><T95/><D24/><U18/><E57/><V76/><F74/><W134/><G75/><T62/><D40/><U105/><E105/><V47/><F89/><W128/><G128/><T12/><D12/><N who="1" m="7455" /><E84/><V65/><F42/><W38/><G38/><T96/><D49/><U16/><E81/><V88/><F88/><W110/><G69/><T27/><D51/><U70/><E70/><V14/><AGARI ba="0,0" hai="14,17,23,46,47,54,59,60,64,65,66,76,77,78" machi="14" ten="30,2000,0" yaku="0,1,8,1" doraHai="112" who="2" fromWho="2" sc="250,-5,240,-10,250,20,260,-5" /><INIT seed="2,0,0,3,1,81" ten="245,230,270,255" oya="2" hai0="106,68,124,12,117,28,8,34,58,109,71,79,24" hai1="99,25,11,111,59,7,104,37,80,39,36,5,128" hai2="53,29,95,76,123,108,22,131,16,118,96,67,64" hai3="40,55,4,72,86,119,93,26,70,41,102,98,105"/><V101/><F123/><W127/><G119/><T13/><D106/><U14/><E128/><V91/><F118/><W66/><G72/><T130/><D117/><U1/><E111/><V129/><F108/><W15/><G127/><T126/><D109/><U65/><E25/><N who="2" m="14535" /><F76/><W125/><G125/><N who="0" m="48235" /><D130/><N who="2" m="49674" /><F29/><W110/><G26/><T134/><D134/><U17/><E1/><V94/><F53/><W54/><G70/><N who="0" m="26667" /><D8/><U10/><E10/><V51/><F51/><W23/><G66/><T84/><D58/><U27/><E59/><V103/><F103/><W107/><G110/><T115/><D115/><U49/><E49/><V92/><F92/><W6/><G107/><T116/><D116/><U87/><E65/><V9/><F9/><N who="3" m="4519" /><G105/><T45/><D45/><U74/><E74/><V2/><F2/><W35/><G6/><T18/><D18/><U133/><E133/><V112/><F112/><W20/><G35/><T56/><D56/><U132/><E132/><V82/><F82/><AGARI ba="0,0" hai="12,13,24,28,34,79,82,84" m="26667,48235" machi="82" ten="30,2000,0" yaku="18,1,52,1" doraHai="81" who="0" fromWho="2" sc="245,20,230,0,270,-20,255,0" /><INIT seed="3,0,0,5,1,92" ten="265,230,250,255" oya="3" hai0="30,53,78,41,112,70,48,94,19,55,54,104,118" hai1="0,61,82,64,132,122,84,23,108,113,29,111,63" hai2="22,13,90,51,15,9,17,42,20,5,87,11,131" hai3="25,10,28,7,68,72,75,133,124,33,91,76,34"/><W117/><G117/><T101/><D118/><U123/><E0/><V4/><F131/><W116/><G68/><T59/><D104/><U49/><E49/><V93/><F17/><W8/><G116/><T115/><D70/><U62/><E64/><V57/><REACH who="2" step="1"/><F57/><REACH who="2" ten="265,230,240,255" step="2"/><W44/><G133/><T67/><D19/><U65/><E132/><V120/><F120/><W46/><G124/><T128/><D128/><U105/><E113/><V2/><F2/><W107/><G107/><T114/><D59/><U100/><E122/><V12/><F12/><W66/><G7/><T89/><D112/><U32/><E123/><V83/><F83/><W135/><G135/><T130/><D130/><U77/><E65/><V119/><F119/><W121/><G66/><T26/><D67/><U58/><E58/><V47/><AGARI ba="0,1" hai="4,5,9,11,13,15,20,22,42,47,51,87,90,93" machi="47" ten="30,7900,0" yaku="1,1,0,1,9,1,8,1,53,0" doraHai="92" doraHaiUra="129" who="2" fromWho="2" sc="265,-20,230,-20,240,89,255,-39" owari="245,5.0,210,-29.0,329,42.0,216,-18.0" /></mjloggm>