<mjloggm ver="2.3"><GO type="97" lobby="0"/><UN n0="%E3%82%A6%E3%83%AB%E3%83%88%E3%83%A9%E7%AB%8B%E7%9B%B4" n1="%E5%9B%BD%E5%A3%AB%6B%61%7A%75" n2="%E3%81%8D%E3%82%80%E3%81%AB%E3%83%BC%32%30%30%39" n3="%E3%81%99%E3%81%B9%E3%80%82" dan="15,13,13,15" rate="1993.25,1861.44,1852.43,1930.55" sx="M,M,M,M"/><TAIKYOKU oya="0"/><INIT seed="0,0,0,0,1,91" ten="250,250,250,250" oya="0" hai0="39,109,84,95,63,71,124,73,75,98,116,41,6" hai1="40,88,17,16,105,122,117,33,97,31,42,134,121" hai2="29,36,79,101,92,132,112,45,103,107,26,125,37" hai3="93,113,85,49,51,94,106,32,86,38,70,58,68"/><T20/><D116/><U0/><E0/><V64/><F112/><W19/><G113/><T115/><D115/><U96/><E117/><V34/><F132/><W56/><G19/><T25/><D124/><U13/><E134/><V27/><F125/><W46/><G46/><T69/><D109/><U129/><E129/><V90/><F79/><W9/><G9/><T62/><D6/><U133/><E133/><V2/><F2/><W123/><G38/><T8/><D8/><U61/><E61/><V82/><F82/><W72/><G32/><T99/><D41/><U114/><E114/><V50/><F64/><W74/><REACH who="3" step="1"/><G106/><REACH who="3" ten="250,250,250,240" step="2"/><T11/><D11/><U78/><E105/><V28/><F37/><W18/><G18/><T23/><D39/><U30/><E33/><V131/><F36/><W1/><G1/><T12/><D25/><U120/><E13/><V43/><F107/><W77/><G77/><T22/><D22/><U5/><E122/><AGARI ba="0,1" hai="49,51,56,58,68,70,72,74,85,86,93,94,122,123" machi="122" ten="25,8000,1" yaku="1,1,22,2,52,2,53,0" doraHai="91" doraHaiUra="57" who="3" fromWho="1" sc="250,0,250,-80,250,0,240,90" /><INIT seed="1,0,0,4,0,84" ten="250,170,250,330" oya="1" hai0="81,10,100,22,134,120,78,9,130,69,127,31,26" hai1="25,94,35,70,110,46,5,89,11,109,96,38,44" hai2="102,24,117,83,14,132,58,57,122,88,32,119,133" hai3="4,19,43,123,77,56,23,13,17,51,12,29,107"/><U99/><E70/><V86/><F32/><W108/><G108/><N who="1" m="41578" /><E99/><V90/><F24/><N who="3" m="16543" /><G123/><T52/><D69/><U18/><E38/><V66/><F122/><W87/><G107/><T68/><D127/><U80/><E80/><V40/><F40/><W0/><G0/><T91/><D130/><U64/><E64/><V93/><F14/><N who="3" m="5739" /><G4/><T2/><D134/><N who="2" m="51818" /><F66/><W49/><G56/><N who="2" m="21609" /><F102/><W105/><G105/><T101/><D68/><U112/><E112/><V28/><F28/><W8/><G43/><T62/><D78/><U114/><E114/><V21/><F21/><W16/><G8/><N who="0" m="3179" /><D2/><N who="1" m="439" /><E18/><V103/><F103/><W55/><G55/><T129/><D120/><U106/><E106/><V121/><F121/><W104/><G104/><T61/><D129/><U98/><E98/><AGARI ba="0,0" hai="83,86,88,90,93,98,117,119" m="21609,51818" machi="98" ten="30,7700,0" yaku="20,1,52,2,54,1" doraHai="84" who="2" fromWho="1" sc="250,0,170,-77,250,77,330,0" /><INIT seed="2,0,0,0,0,65" ten="250,93,327,330" oya="2" hai0="63,86,7,91,15,127,77,79,37,0,82,106,111" hai1="116,110,114,90,8,34,68,115,23,35,109,32,124" hai2="74,76,27,100,10,85,21,132,18,38,97,80,128" hai3="120,9,95,108,31,125,48,54,121,11,41,69,64"/><V1/><F38/><W78/><G108/><T24/><D0/><U12/><E90/><V42/><F132/><W3/><G125/><T92/><D37/><U40/><E40/><V49/><F128/><W129/><G129/><T39/><D39/><U59/><E59/><V103/><F1/><W44/><G31/><T75/><D111/><N who="1" m="42507" /><E124/><V123/><F123/><W22/><G78/><T118/><D118/><U36/><E36/><V26/><F74/><W87/><G22/><T71/><D127/><U61/><E116/><V33/><F33/><N who="1" m="8449" /><U101/><DORA hai="133" /><E101/><N who="2" m="38987" /><F97/><W126/><G126/><T96/><D106/><U73/><E73/><V25/><F10/><W70/><G9/><T135/><D135/><U30/><E61/><V20/><F18/><W51/><G11/><T88/><D75/><U46/><E46/><AGARI ba="0,0" hai="20,21,25,26,27,42,46,49,76,80,85" m="38987" machi="46" ten="30,1500,0" yaku="8,1" doraHai="65,133" who="2" fromWho="1" sc="250,0,93,-15,327,15,330,0" /><INIT seed="2,1,0,2,4,97" ten="250,78,342,330" oya="2" hai0="42,48,54,69,95,85,41,58,86,36,53,31,98" hai1="74,124,131,37,122,125,16,105,71,77,17,101,94" hai2="92,103,129,40,80,90,57,127,8,102,26,78,28" hai3="32,49,121,3,75,104,22,45,35,65,110,38,66"/><V33/><F129/><W72/><G110/><T5/><D69/><U63/><E37/><V135/><F40/><N who="0" m="15466" /><D36/><U87/><E71/><V24/><F135/><W99/><G38/><T60/><D5/><U64/><E63/><V7/><F127/><W11/><G121/><T133/><D31/><U39/><E64/><V93/><F26/><W120/><G120/><T46/><D133/><U100/><E39/><V82/><F93/><W50/><G3/><T70/><D70/><U56/><E56/><V106/><F57/><W52/><G11/><T23/><D23/><U79/><E122/><V96/><F106/><W21/><G104/><T91/><AGARI ba="1,0" hai="46,48,53,54,58,60,85,86,91,95,98" m="15466" machi="91" ten="30,1100,0" yaku="8,1" doraHai="97" who="0" fromWho="0" sc="250,14,78,-4,342,-6,330,-4" /><INIT seed="3,0,0,5,5,21" ten="264,74,336,326" oya="3" hai0="41,17,26,50,47,112,69,98,120,111,3,94,19" hai1="42,84,132,80,83,118,14,20,82,108,28,62,38" hai2="53,8,59,77,33,81,124,22,88,123,30,10,114" hai3="135,54,67,134,115,56,55,61,37,57,79,96,130"/><W25/><G130/><T113/><D120/><U1/><E1/><V92/><F114/><W64/><G115/><T7/><D111/><U87/><E108/><V46/><F123/><W91/><G37/><T51/><D69/><U70/><E118/><V86/><F124/><W15/><G79/><T48/><D113/><U44/><E132/><N who="3" m="50730" /><G25/><T23/><D112/><U65/><REACH who="1" step="1"/><E14/><REACH who="1" ten="264,64,336,326" step="2"/><V78/><F33/><W131/><G131/><T122/><D122/><U119/><E119/><V117/><F117/><W89/><G15/><T43/><D43/><U72/><E72/><V11/><F46/><W6/><G6/><T68/><D68/><U74/><E74/><V45/><F45/><W39/><G39/><T4/><D19/><U71/><E71/><V34/><F34/><W35/><G35/><T99/><D99/><U16/><E16/><V90/><F30/><W128/><G128/><T27/><D7/><U97/><E97/><N who="2" m="57479" /><F22/><W2/><G2/><T100/><D4/><U110/><E110/><V40/><F40/><W12/><G12/><N who="0" m="9639" /><D3/><U52/><E52/><N who="3" m="20010" /><G96/><T63/><D63/><AGARI ba="0,1" hai="8,10,11,53,59,63,77,78,81,86,90" m="57479" machi="63" ten="30,2000,0" yaku="8,1,54,1" doraHai="21" who="2" fromWho="0" sc="264,-20,64,0,336,30,326,0" /><AGARI ba="0,0" hai="56,57,61,63,64,67,89,91" m="20010,50730" machi="63" ten="30,2900,0" yaku="20,1,54,1" doraHai="21" who="3" fromWho="0" sc="244,-29,64,0,366,0,326,29" /><INIT seed="3,1,0,4,1,46" ten="215,64,366,355" oya="3" hai0="100,130,113,59,20,38,16,120,81,72,60,42,44" hai1="95,50,0,101,132,78,125,117,83,102,7,110,57" hai2="115,111,33,19,112,99,49,103,68,9,70,23,85" hai3="12,55,24,107,86,92,34,40,53,80,90,39,65"/><W69/><G107/><T84/><D120/><U28/><E7/><V121/><F121/><W134/><G39/><T8/><D130/><U129/><E0/><V89/><F33/><W4/><G134/><T63/><D72/><U25/><E117/><V29/><F111/><W94/><G40/><T21/><D100/><U87/><E132/><V32/><F32/><W6/><G94/><T135/><D135/><U43/><E129/><V56/><F70/><W10/><G4/><T37/><D37/><U27/><E125/><V36/><F36/><W3/><G3/><T13/><D113/><U109/><E25/><V14/><F68/><W15/><G15/><T54/><D63/><U114/><E114/><V122/><F122/><W133/><G133/><T76/><D38/><U104/><E104/><V58/><F115/><W93/><G93/><T106/><D106/><U105/><E105/><V77/><F77/><W61/><G92/><T17/><D17/><U51/><E43/><V88/><F49/><N who="1" m="18441" /><E57/><N who="2" m="22123" /><F103/><W71/><REACH who="3" step="1"/><G69/><REACH who="3" ten="215,64,366,345" step="2"/><T97/><D42/><U22/><E95/><N who="2" m="56807" /><F112/><W73/><G73/><T30/><D97/><U127/><E127/><V5/><F29/><AGARI ba="1,1" hai="6,10,12,24,29,34,53,55,61,65,71,80,86,90" machi="29" ten="40,3900,0" yaku="1,1,53,1" doraHai="46" doraHaiUra="26" who="3" fromWho="2" sc="215,0,64,0,366,-42,345,52" owari="215,-18.0,64,-44.0,324,12.0,397,50.0" /></mjloggm>