<mjloggm ver="2.3"><GO type="169" lobby="0"/><UN n0="%56%65%6E%75%73%53%61%79" n1="%E6%AF%94%E5%98%89%E7%A7%80%E4%BB%81" n2="%E3%82%A6%E3%83%AB%E3%83%88%E3%83%A9%E7%AB%8B%E7%9B%B4" n3="%EF%BC%B5%EF%BC%A4%EF%BC%AE%EF%BC%AB" dan="16,17,16,17" rate="2136.59,2269.78,2048.90,2141.64" sx="M,M,M,M"/><TAIKYOKU oya="0"/><INIT seed="0,0,0,2,0,128" ten="250,250,250,250" oya="0" hai0="119,95,5,125,129,42,50,71,66,81,58,123,8" hai1="34,63,16,54,6,45,26,103,73,3,41,74,21" hai2="87,69,14,88,107,111,77,76,101,4,113,89,120" hai3="133,57,33,22,84,80,114,17,2,105,106,110,85"/><T40/><D123/><U61/><E34/><V93/><F69/><W122/><G33/><T60/><D119/><U65/><E54/><V135/><F14/><W109/><G2/><T121/><D121/><U39/><E103/><V78/><F4/><W7/><G7/><T35/><D35/><U108/><E63/><V94/><F120/><W23/><G57/><T126/><D129/><U100/><E100/><V10/><F10/><W53/><G53/><N who="0" m="32055" /><D95/><N who="2" m="36362" /><F113/><W131/><G80/><T11/><D81/><U124/><E108/><V70/><F70/><W47/><G47/><T0/><D11/><U97/><E97/><N who="2" m="61871" /><F111/><W38/><G38/><T83/><D83/><U127/><E6/><V1/><F1/><W18/><G122/><T30/><D30/><U68/><REACH who="1" step="1"/><E3/><REACH who="1" ten="250,240,250,250" step="2"/><V99/><F99/><W62/><G62/><T13/><D0/><U29/><E29/><V82/><F89/><W48/><G131/><T37/><D42/><U132/><E132/><AGARI ba="0,1" hai="76,77,78,82,87,88,132,135" m="61871,36362" machi="132" ten="30,8000,1" yaku="34,2,52,2,54,1" doraHai="128" who="2" fromWho="1" sc="250,0,240,-80,250,90,250,0" /><INIT seed="1,0,0,3,3,120" ten="250,160,340,250" oya="1" hai0="25,18,117,23,132,90,42,97,73,15,128,82,108" hai1="40,67,45,53,20,3,33,124,6,66,92,57,35" hai2="29,32,110,99,44,118,55,14,10,7,19,72,123" hai3="64,88,84,17,5,51,28,30,114,9,105,87,69"/><U50/><E124/><V16/><F72/><W77/><G105/><T79/><D117/><U58/><E35/><V80/><F123/><W101/><G101/><T47/><D132/><U39/><E33/><V119/><F99/><W12/><G64/><T133/><D133/><U130/><E3/><V135/><F135/><W37/><G37/><T96/><D128/><U46/><E6/><V89/><F29/><W81/><G69/><T78/><D78/><U38/><E92/><V100/><F32/><W93/><G114/><T115/><D115/><U63/><E20/><V36/><F100/><W106/><G106/><T56/><D56/><U129/><E39/><V134/><F134/><W27/><G51/><T94/><D25/><U111/><E111/><V31/><F31/><W68/><G68/><T52/><D108/><U86/><E86/><N who="2" m="50375" /><F36/><W98/><G98/><T121/><D121/><U24/><E24/><V125/><F125/><W131/><G131/><T127/><D127/><U2/><E2/><V62/><F110/><W34/><G28/><T60/><D42/><U0/><E0/><V1/><F1/><W76/><REACH who="3" step="1"/><G77/><REACH who="3" ten="250,160,340,240" step="2"/><T116/><D97/><U21/><E21/><V59/><F118/><W4/><AGARI ba="0,1" hai="4,5,9,12,17,27,30,34,76,81,84,87,88,93" machi="4" ten="30,7900,0" yaku="1,1,2,1,0,1,54,1,53,0" doraHai="120" doraHaiUra="102" who="3" fromWho="3" sc="250,-20,160,-39,340,-20,240,89" /><INIT seed="2,0,0,5,4,120" ten="230,121,320,329" oya="2" hai0="51,28,133,18,100,97,36,82,110,103,130,19,11" hai1="33,90,41,24,105,47,116,125,115,14,43,119,42" hai2="46,55,53,3,6,92,23,71,112,7,74,127,128" hai3="8,124,107,5,38,88,44,52,27,16,32,0,45"/><V54/><F112/><W9/><G107/><T10/><D36/><U83/><E105/><V96/><F71/><W84/><G38/><T58/><D28/><U40/><E115/><V85/><F74/><W12/><G124/><T113/><D113/><U56/><E125/><V66/><F66/><W114/><G114/><T121/><D121/><U95/><E83/><V1/><F127/><W13/><G0/><T126/><D126/><U68/><E68/><V129/><F85/><W98/><G98/><T73/><D133/><U135/><E135/><V81/><F81/><W37/><G37/><T70/><D70/><U57/><E14/><V78/><F78/><W131/><G131/><N who="2" m="50249" /><F23/><W4/><G52/><N who="2" m="13313" /><V2/><DORA hai="109" /><F46/><W22/><G32/><T104/><D73/><U106/><E106/><V25/><F25/><W49/><G49/><T123/><D51/><U50/><E119/><V134/><F134/><W75/><G75/><T30/><D123/><U62/><E62/><V91/><AGARI ba="0,0" hai="1,2,3,6,7,91,92,96" m="13313,50249" machi="91" ten="50,4800,0" yaku="19,1,54,1" doraHai="120,109" who="2" fromWho="2" sc="230,-16,121,-16,320,48,329,-16" /><INIT seed="2,1,0,1,4,66" ten="214,105,368,313" oya="2" hai0="51,77,79,75,112,63,0,32,70,47,93,55,34" hai1="33,65,41,132,30,69,68,42,39,96,64,67,7" hai2="116,27,62,21,125,59,29,60,109,118,14,49,48" hai3="130,22,52,72,83,57,10,120,134,108,73,13,87"/><V25/><F116/><W58/><G120/><T114/><D0/><U43/><E7/><V26/><F118/><W11/><G130/><T71/><D93/><U31/><E33/><V35/><F125/><W104/><G104/><T50/><D63/><U107/><E39/><V54/><F109/><W19/><G134/><T1/><D1/><U111/><E111/><V123/><F123/><W106/><G106/><T12/><D12/><U99/><E107/><V94/><F14/><W20/><G22/><T82/><D79/><U127/><E127/><V128/><F128/><W80/><G58/><T15/><D51/><N who="2" m="19530" /><F35/><W2/><G80/><T133/><D133/><U78/><E78/><V5/><F5/><W92/><G83/><T6/><D34/><U28/><REACH who="1" step="1"/><E132/><REACH who="1" ten="214,95,368,313" step="2"/><V98/><F62/><W45/><G108/><T100/><D32/><U36/><E36/><V131/><F131/><W103/><G2/><T81/><D6/><U53/><E53/><V18/><F29/><W46/><G52/><T88/><D55/><U122/><E122/><V3/><F3/><W76/><G76/><T4/><D77/><U17/><E17/><V117/><F117/><W38/><G19/><T135/><D135/><U61/><E61/><V9/><F9/><W44/><G38/><T95/><D4/><U23/><E23/><V124/><F124/><W56/><G20/><T110/><D110/><U37/><E37/><V84/><F18/><N who="3" m="8503" /><G11/><T121/><D121/><U85/><E85/><V24/><F84/><W129/><G129/><T86/><D86/><U101/><E101/><N who="2" m="60631" /><F27/><W91/><G103/><RYUUKYOKU ba="1,1" sc="214,-30,95,10,368,10,313,10" hai1="28,30,31,41,42,43,64,65,67,68,69,96,99" hai2="21,24,25,26,54,59,60" hai3="44,45,46,56,57,72,73,87,91,92" /><INIT seed="2,2,1,4,1,37" ten="184,105,378,323" oya="2" hai0="130,118,95,3,122,93,82,74,60,0,100,11,61" hai1="16,59,35,52,72,123,75,43,64,73,68,28,91" hai2="104,10,81,27,105,102,96,98,30,94,50,77,119" hai3="129,15,112,58,113,80,44,5,2,36,21,110,115"/><V17/><F119/><W48/><G129/><T69/><D122/><U67/><E68/><V126/><F126/><W133/><G133/><T127/><D127/><U41/><E123/><V114/><F114/><W65/><G36/><T34/><D34/><U1/><E1/><V76/><F104/><W47/><G2/><T57/><D130/><U92/><E35/><V97/><F30/><W131/><G131/><T22/><D118/><U111/><E28/><V124/><F124/><W40/><G44/><T84/><D74/><U62/><E111/><V7/><F105/><W125/><G80/><T109/><D109/><U90/><E16/><V71/><F71/><W117/><G125/><T55/><D22/><U14/><E14/><V53/><F7/><W70/><G70/><T45/><D45/><U18/><E18/><V8/><F8/><N who="3" m="4495" /><G21/><T56/><D69/><U63/><E90/><V12/><F27/><W101/><G101/><T23/><D100/><U13/><E13/><V107/><F107/><W88/><G88/><N who="0" m="51223" /><D23/><U121/><E121/><V120/><F120/><W33/><G33/><T54/><D3/><U132/><E132/><V38/><F38/><W19/><G19/><T51/><D0/><U49/><E67/><V87/><F77/><W106/><G106/><T85/><D11/><U6/><E6/><V32/><F32/><W46/><G110/><T4/><D4/><U25/><E25/><V79/><F79/><W78/><G78/><T135/><D135/><U89/><E89/><V128/><F128/><W24/><G117/><T42/><D85/><N who="1" m="52335" /><E64/><V29/><F29/><RYUUKYOKU ba="2,1" sc="184,10,105,10,378,10,323,-30" hai0="42,51,54,55,56,57,60,61,93,95" hai1="41,43,49,52,59,62,63,72,73,75" hai2="10,12,17,50,53,76,81,87,94,96,97,98,102" /><INIT seed="2,3,1,2,0,103" ten="194,115,388,293" oya="2" hai0="67,36,29,71,135,27,57,112,72,130,128,68,133" hai1="51,17,18,97,38,22,125,30,84,12,37,42,107" hai2="54,91,4,26,6,9,39,10,41,123,20,80,47" hai3="70,75,78,102,59,109,100,55,77,65,126,74,90"/><V113/><F123/><W116/><G65/><T92/><D72/><U63/><E30/><V83/><F113/><W88/><G59/><T58/><D112/><U101/><E125/><V114/><F114/><W124/><G55/><T33/><D36/><U62/><E38/><V85/><F54/><W7/><G7/><T61/><D92/><U13/><E37/><V81/><F6/><W93/><G70/><N who="0" m="26667" /><D58/><U89/><E51/><V98/><F98/><W106/><G93/><T50/><D50/><U15/><E42/><V121/><F121/><W69/><G69/><T66/><D66/><U60/><REACH who="1" step="1"/><E22/><REACH who="1" ten="194,105,388,293" step="2"/><V23/><F20/><W2/><G116/><T14/><D14/><U105/><E105/><V111/><F39/><W35/><G2/><T56/><D56/><U28/><E28/><V129/><F41/><W48/><G48/><T87/><D57/><U64/><E64/><V45/><F23/><W110/><G35/><T5/><D67/><U34/><E34/><V25/><F47/><W24/><G24/><T127/><D127/><U8/><E8/><V53/><F10/><W44/><G44/><T19/><D29/><U79/><E79/><V119/><F119/><W95/><G95/><AGARI ba="3,2" hai="12,13,15,17,18,60,62,63,84,89,95,97,101,107" machi="95" ten="40,5200,0" yaku="1,1,52,1,53,1" doraHai="103" doraHaiUra="82" who="1" fromWho="3" sc="194,0,105,81,388,0,293,-61" /><INIT seed="3,0,0,1,2,108" ten="194,186,388,232" oya="3" hai0="18,46,122,22,104,35,53,32,57,51,92,126,128" hai1="0,47,102,41,12,6,85,103,4,76,119,135,38" hai2="44,21,97,107,106,37,109,81,82,45,110,25,48" hai3="132,94,66,30,49,31,117,130,10,14,73,16,2"/><W123/><G73/><T105/><D104/><U62/><E119/><V7/><F7/><W114/><G123/><T87/><D122/><U101/><E0/><V127/><F37/><W98/><G117/><T59/><D105/><U125/><E125/><V78/><F127/><W40/><G130/><T83/><D126/><U39/><E39/><V118/><F97/><W13/><G2/><T124/><D128/><U79/><E135/><V17/><F118/><W71/><G132/><T112/><D124/><U64/><E85/><N who="2" m="48311" /><F45/><W93/><G94/><T54/><D92/><U67/><E67/><V121/><F82/><W20/><G66/><T116/><D116/><U28/><E28/><V24/><F24/><W3/><G71/><T113/><D35/><U50/><E38/><V43/><F121/><W90/><G3/><T131/><D32/><U26/><E26/><V129/><F129/><W99/><G99/><T75/><D75/><U58/><REACH who="1" step="1"/><E6/><REACH who="1" ten="194,176,388,232" step="2"/><V11/><F109/><W34/><G34/><T115/><D131/><U96/><E96/><V84/><F110/><W5/><G114/><T77/><D54/><U120/><E120/><V52/><F84/><W55/><REACH who="3" step="1"/><G40/><REACH who="3" ten="194,176,388,222" step="2"/><T42/><REACH who="0" step="1"/><D42/><REACH who="0" ten="184,176,388,222" step="2"/><U56/><E56/><AGARI ba="0,3" hai="5,10,13,14,16,20,30,31,49,55,56,90,93,98" machi="56" ten="30,18000,2" yaku="1,1,2,1,7,1,8,1,54,1,53,1" doraHai="108" doraHaiUra="15" who="3" fromWho="1" sc="184,0,176,-180,388,0,222,210" owari="184,-22.0,-4,-50.0,388,19.0,432,53.0" /></mjloggm>