<mjloggm ver="2.3"><GO type="97" lobby="0"/><UN n0="%E3%81%8F%E3%82%8A%E3%81%93%E3%81%86%E3%81%A0" n1="%E3%82%A6%E3%83%AB%E3%83%88%E3%83%A9%E7%AB%8B%E7%9B%B4" n2="%E6%9D%B1%E9%A2%A8%E7%8E%8B%E5%AD%90" n3="%E4%BC%AF%E7%88%B5" dan="14,15,13,15" rate="1976.86,1997.51,1809.89,2073.60" sx="M,M,M,M"/><TAIKYOKU oya="0"/><INIT seed="0,0,0,4,3,33" ten="250,250,250,250" oya="0" hai0="90,105,14,31,57,45,44,111,10,65,21,64,69" hai1="61,43,82,23,133,107,119,72,19,73,134,104,63" hai2="22,15,89,95,51,9,13,91,35,85,79,2,6" hai3="84,70,80,108,25,102,1,75,48,12,101,125,20"/><T7/><D69/><U46/><E119/><V8/><F35/><W5/><G70/><T97/><D111/><U117/><E117/><V83/><F51/><W36/><G36/><T118/><D118/><U11/><E11/><V47/><F47/><W17/><G75/><N who="1" m="28746" /><E82/><V74/><F91/><W26/><G108/><T78/><D78/><U87/><E87/><V115/><F115/><W28/><G125/><T127/><D127/><U109/><E19/><V67/><F67/><W93/><G48/><T59/><D105/><N who="1" m="40523" /><E23/><V27/><REACH who="2" step="1"/><F9/><REACH who="2" ten="250,250,240,250" step="2"/><W81/><G102/><T29/><D45/><U92/><E109/><V0/><F0/><W32/><G101/><T38/><D44/><U121/><E46/><V124/><F124/><W94/><G1/><T129/><D65/><U128/><E61/><V50/><F50/><W62/><G62/><T71/><D64/><U100/><E63/><V76/><F76/><W130/><G32/><T106/><D10/><U58/><E43/><V98/><F98/><W37/><G37/><T113/><D97/><N who="1" m="59431" /><E58/><V112/><F112/><W123/><G20/><T24/><D113/><U120/><E128/><V56/><F56/><W68/><G130/><T30/><D21/><U34/><E34/><V66/><F66/><W39/><G68/><T52/><D57/><U122/><AGARI ba="0,1" hai="120,121,122,133,134" m="59431,40523,28746" machi="122" ten="40,2700,0" yaku="34,2" doraHai="33" who="1" fromWho="1" sc="250,-13,250,37,240,-7,250,-7" /><INIT seed="1,0,0,1,3,115" ten="237,287,233,243" oya="1" hai0="29,122,72,123,31,61,68,19,124,52,37,79,70" hai1="47,11,107,80,88,89,131,21,22,85,23,118,90" hai2="126,134,106,110,76,132,128,97,53,135,121,101,94" hai3="114,73,54,78,24,49,92,98,45,57,10,127,5"/><U14/><E107/><V112/><F121/><N who="0" m="46090" /><D37/><U69/><E69/><N who="0" m="26729" /><D124/><U51/><E118/><V82/><F112/><W75/><G114/><T7/><D7/><N who="1" m="3455" /><E131/><V71/><F71/><W66/><G127/><T8/><D79/><N who="1" m="46239" /><E23/><V100/><F126/><W67/><G24/><T116/><D72/><U99/><E99/><N who="2" m="61727" /><F128/><W50/><G78/><T17/><D116/><U87/><E87/><N who="2" m="48583" /><F53/><AGARI ba="0,0" hai="21,22,47,51,53,88,89,90" m="46239,3455" machi="53" ten="30,2900,0" yaku="8,1,54,1" doraHai="115" who="1" fromWho="2" sc="237,0,287,29,233,-29,243,0" /><INIT seed="1,1,0,4,3,43" ten="237,316,204,243" oya="1" hai0="73,82,87,91,99,51,57,127,42,58,72,86,35" hai1="113,111,132,90,100,74,13,121,81,16,46,22,60" hai2="78,34,103,39,50,89,44,15,21,25,68,118,126" hai3="17,69,71,65,67,104,23,131,83,85,133,79,53"/><U122/><E113/><V76/><F118/><W38/><G104/><T1/><D1/><U19/><E100/><V26/><F68/><W55/><G131/><T128/><D35/><U117/><E117/><V31/><F126/><W75/><G133/><T30/><D30/><U41/><E132/><V125/><F125/><W84/><G38/><T48/><D127/><U107/><E107/><V12/><F39/><W98/><G98/><T97/><D128/><U27/><E111/><V129/><F129/><W105/><G105/><T59/><D42/><U94/><E60/><V54/><F103/><W7/><G7/><T10/><D10/><U135/><E135/><V119/><F119/><W56/><G71/><T115/><D115/><U5/><E5/><V77/><REACH who="2" step="1"/><F89/><REACH who="2" ten="237,316,194,243" step="2"/><W29/><G69/><T6/><D91/><U28/><E122/><V14/><F14/><W33/><G79/><T108/><D108/><U95/><E121/><V62/><F62/><W101/><G101/><T124/><D124/><U47/><E13/><V40/><F40/><W66/><G66/><T130/><D130/><U109/><E41/><V116/><F116/><W70/><G65/><T80/><REACH who="0" step="1"/><D59/><REACH who="0" ten="227,316,194,243" step="2"/><U2/><E2/><V93/><F93/><N who="1" m="35337" /><E109/><V32/><F32/><W37/><G33/><T52/><D52/><U134/><E134/><V92/><F92/><W88/><G55/><T123/><D123/><U9/><E90/><V114/><F114/><W64/><G88/><T11/><D11/><U4/><E9/><V96/><F96/><W110/><G110/><T0/><D0/><U20/><E20/><RYUUKYOKU ba="1,2" sc="227,15,316,-15,194,15,243,-15" hai0="6,48,51,57,58,72,73,80,82,86,87,97,99" hai2="12,15,21,25,26,31,34,44,50,54,76,77,78" /><INIT seed="2,2,2,2,0,72" ten="242,301,209,228" oya="2" hai0="26,69,56,34,53,98,115,64,3,80,0,122,100" hai1="76,99,31,32,82,57,11,106,134,91,88,94,84" hai2="81,92,6,75,39,68,9,132,60,12,102,124,113" hai3="86,35,128,52,25,8,116,38,111,51,119,43,108"/><V10/><F113/><W50/><G128/><T127/><D115/><U1/><E32/><V74/><F132/><W18/><G38/><T27/><D122/><U13/><E31/><V22/><F124/><W23/><G35/><T135/><D64/><U21/><E106/><V28/><F39/><W110/><G8/><T129/><D69/><U78/><E134/><V117/><F117/><W67/><G67/><T44/><D44/><U30/><E1/><V46/><F75/><W101/><G101/><T2/><D135/><U15/><E57/><V58/><F46/><N who="3" m="25951" /><G86/><T65/><D65/><U61/><E61/><V24/><F68/><W59/><AGARI ba="2,2" hai="18,23,25,51,52,59,108,110,111,116,119" m="25951" machi="59" ten="30,2000,0" yaku="14,1,54,1" doraHai="72" who="3" fromWho="3" sc="242,-7,301,-7,209,-12,228,46" /><INIT seed="3,0,0,4,0,121" ten="235,294,197,274" oya="3" hai0="45,111,33,9,66,34,92,56,125,17,132,72,23" hai1="133,135,57,52,4,50,61,134,93,110,96,63,49" hai2="123,69,10,86,1,59,47,25,130,16,0,101,55" hai3="83,19,53,28,20,103,48,89,37,91,97,32,13"/><W82/><G37/><T79/><D9/><U60/><E110/><V7/><F130/><W75/><G28/><T76/><D92/><U116/><E116/><V65/><F123/><W117/><G32/><T68/><D68/><U99/><E4/><V18/><F1/><W70/><G70/><T122/><D122/><U129/><E129/><V80/><F101/><W12/><G117/><T36/><D125/><U102/><E50/><V100/><F100/><W26/><G75/><T8/><D8/><U105/><E99/><V74/><F74/><W119/><G119/><T44/><D66/><U128/><E128/><V24/><F47/><N who="3" m="27807" /><G103/><T107/><D56/><U35/><E35/><V54/><F69/><W124/><G124/><T115/><D107/><AGARI ba="0,0" hai="49,52,57,60,61,63,93,96,102,105,107,133,134,135" machi="107" ten="50,3200,0" yaku="20,1,54,1" doraHai="121" who="1" fromWho="0" sc="235,-32,294,32,197,0,274,0" owari="203,-20.0,326,43.0,197,-30.0,274,7.0" /></mjloggm>