<mjloggm ver="2.3"><GO type="97" lobby="0"/><UN n0="%6E%67%75%74%74%79" n1="%E3%82%A6%E3%83%AB%E3%83%88%E3%83%A9%E7%AB%8B%E7%9B%B4" n2="%55%6D%61%4E%49%75%73%21" n3="%E3%82%B0%E3%83%83%E3%83%91%E3%82%AA%E3%83%B3" dan="14,15,13,13" rate="1947.97,2037.14,1865.13,1913.63" sx="F,M,M,M"/><TAIKYOKU oya="0"/><INIT seed="0,0,0,0,5,122" ten="250,250,250,250" oya="0" hai0="33,119,124,128,84,58,81,45,54,95,64,30,62" hai1="51,127,39,107,103,6,115,133,36,94,40,65,102" hai2="78,69,134,86,72,21,83,132,8,118,27,101,75" hai3="4,43,57,120,5,97,37,125,18,24,48,15,77"/><T32/><D119/><U66/><E94/><V126/><F118/><W25/><G37/><T38/><D128/><U23/><E23/><V109/><F69/><W41/><G120/><T7/><D124/><U31/><E31/><V9/><F126/><W44/><G43/><T63/><D7/><N who="3" m="2633" /><G125/><T68/><D30/><U14/><E6/><V111/><F101/><W53/><G77/><T59/><D95/><U71/><E14/><V11/><F72/><W123/><G123/><T0/><D0/><U104/><E51/><V61/><F61/><N who="3" m="36015" /><G97/><T114/><D114/><U67/><E127/><V96/><F96/><W110/><G110/><N who="2" m="41993" /><F75/><W91/><G91/><T106/><D106/><U105/><E71/><V108/><N who="2" m="42001" /><V131/><DORA hai="100" /><F131/><W79/><G79/><T80/><D81/><U46/><E103/><V55/><F55/><W92/><G92/><T1/><D1/><U42/><E102/><V20/><F20/><AGARI ba="0,0" hai="15,18,20,24,25,41,44,48" m="36015,2633" machi="20" ten="30,1000,0" yaku="8,1" doraHai="122,100" who="3" fromWho="2" sc="250,0,250,0,250,-10,250,10" /><INIT seed="1,0,0,4,3,123" ten="250,250,240,260" oya="1" hai0="104,128,131,64,66,122,78,28,11,89,48,60,56" hai1="126,92,113,38,30,102,52,76,15,105,40,129,41" hai2="79,83,14,85,119,58,69,6,132,17,114,72,34" hai3="10,98,94,117,107,63,70,39,111,73,23,97,16"/><U87/><E105/><V36/><F69/><W99/><G73/><T96/><D122/><U32/><E113/><V24/><F119/><W67/><G39/><T103/><D78/><U82/><E126/><V2/><F36/><W88/><G117/><T71/><D28/><U77/><E129/><V19/><F114/><W51/><G10/><T33/><D33/><U90/><E30/><V1/><F132/><W18/><G18/><T91/><D11/><U45/><E32/><V54/><F72/><W116/><G116/><T12/><D12/><U27/><E27/><V13/><F1/><W124/><G124/><T125/><D125/><U108/><E108/><V109/><F2/><W37/><G111/><T4/><D4/><U68/><E68/><V55/><F109/><W9/><G9/><T130/><REACH who="0" step="1"/><D64/><REACH who="0" ten="240,250,240,260" step="2"/><U120/><E120/><V75/><F6/><W106/><G67/><T35/><D35/><U22/><E77/><V42/><F34/><W20/><G20/><T8/><D8/><U25/><E15/><V59/><F24/><W118/><G23/><T112/><D112/><U44/><E22/><V115/><F115/><W81/><G118/><T43/><D43/><U121/><E25/><V21/><F42/><W57/><G16/><T31/><D31/><U127/><E127/><V5/><F5/><W53/><G106/><T46/><D46/><U80/><E121/><V101/><F21/><W110/><G107/><T61/><D61/><U47/><E41/><V84/><F13/><W62/><G110/><T50/><D50/><N who="1" m="28767" /><E82/><V26/><F83/><W100/><G81/><RYUUKYOKU ba="0,1" sc="240,30,250,-10,240,-10,260,-10" hai0="48,56,60,66,71,89,91,96,103,104,128,130,131" /><INIT seed="2,1,1,0,2,24" ten="270,240,230,250" oya="2" hai0="72,67,91,9,56,63,108,104,2,117,44,47,94" hai1="69,32,106,120,109,110,43,17,86,111,8,50,35" hai2="118,6,95,51,119,46,20,23,92,18,122,79,36" hai3="123,66,26,135,93,98,30,76,57,15,10,96,87"/><V107/><F122/><W27/><G123/><T0/><D104/><U38/><E120/><V89/><F107/><W101/><G135/><T11/><D72/><U14/><E106/><V21/><F36/><W85/><G76/><T116/><D108/><U132/><E69/><V55/><F119/><N who="0" m="45642" /><D9/><U37/><E132/><V3/><F118/><W124/><G27/><T73/><D73/><U128/><E128/><V29/><F79/><W28/><G98/><N who="0" m="57695" /><D11/><U13/><E86/><N who="3" m="32778" /><G26/><T126/><D126/><U12/><E38/><V34/><F3/><AGARI ba="1,1" hai="0,2,3,44,47,56,63,67" m="57695,45642" machi="3" ten="30,1000,0" yaku="12,1" doraHai="24" who="0" fromWho="2" sc="270,23,240,0,230,-13,250,0" /><INIT seed="3,0,0,3,4,29" ten="293,240,217,250" oya="3" hai0="96,104,127,71,82,73,37,78,98,135,39,56,90" hai1="112,2,130,59,121,124,67,108,26,16,58,32,24" hai2="36,122,34,46,69,115,23,5,1,12,88,8,42" hai3="128,33,48,92,94,15,49,106,68,117,118,30,79"/><W76/><G106/><T43/><D71/><U38/><E38/><V119/><F69/><W61/><G15/><T86/><D135/><U52/><E2/><V74/><F115/><W85/><G68/><T101/><D127/><U44/><E44/><V129/><F74/><W21/><G21/><T99/><D56/><U54/><E67/><V47/><F122/><W53/><G128/><T83/><REACH who="0" step="1"/><D43/><REACH who="0" ten="283,240,217,250" step="2"/><U62/><E124/><V18/><F119/><W81/><G117/><T77/><D77/><U102/><E59/><V41/><F129/><W0/><G79/><T123/><D123/><U91/><E58/><V100/><F100/><W103/><G76/><T60/><D60/><U131/><E62/><V105/><F105/><W89/><G61/><T19/><D19/><U11/><E102/><V17/><F17/><W114/><G103/><T125/><D125/><U93/><E121/><V22/><F34/><W35/><G35/><T45/><D45/><U3/><E32/><V134/><F134/><W57/><G33/><T116/><D116/><U133/><E16/><V80/><F80/><W14/><G81/><T109/><D109/><U13/><E108/><V110/><F110/><W9/><G57/><T7/><D7/><U27/><E133/><V107/><F107/><W10/><G118/><T97/><AGARI ba="0,1" hai="37,39,73,78,82,83,86,90,96,97,98,99,101,104" machi="97" ten="30,2000,0" yaku="1,1,0,1,53,0" doraHai="29" doraHaiUra="63" who="0" fromWho="0" sc="283,30,240,-5,217,-5,250,-10" owari="313,41.0,235,-16.0,212,-29.0,240,4.0" /></mjloggm>