<mjloggm ver="2.3"><GO type="169" lobby="0"/><UN n0="%E3%82%8A%E3%81%9B%E3%81%8D%E3%81%A1" n1="%E3%82%A8%E3%83%88%E3%81%BA%E3%83%B3" n2="%E4%B8%83%E3%83%84%E7%9B%AE%E7%8E%89" n3="%E3%82%A6%E3%83%AB%E3%83%88%E3%83%A9%E7%AB%8B%E7%9B%B4" dan="16,17,17,17" rate="2016.88,2172.18,2117.33,2054.10" sx="M,F,M,M"/><TAIKYOKU oya="0"/><INIT seed="0,0,0,4,5,122" ten="250,250,250,250" oya="0" hai0="54,111,35,47,6,46,82,104,61,97,14,16,109" hai1="126,3,98,96,69,127,95,56,79,12,100,41,115" hai2="128,10,55,93,51,119,2,59,20,57,26,24,112" hai3="66,130,30,75,40,53,116,120,21,63,103,113,77"/><T78/><D35/><U118/><E69/><V65/><F112/><W60/><G113/><T4/><D97/><U15/><E3/><V123/><F123/><W27/><G120/><T81/><D104/><U114/><E118/><V62/><F128/><W39/><G116/><T8/><D47/><U22/><E79/><V99/><F119/><W13/><G130/><T110/><D78/><U9/><E41/><V85/><F2/><W42/><G39/><T70/><D70/><U5/><E56/><V107/><F107/><W58/><G77/><T11/><D11/><U36/><E36/><V106/><F106/><W124/><G75/><T19/><D19/><U74/><E74/><V121/><F121/><W45/><G103/><T135/><D135/><U64/><E64/><V94/><F10/><W31/><G31/><T91/><D91/><U80/><E80/><N who="0" m="30825" /><D46/><U38/><E38/><V87/><F94/><W105/><G105/><T72/><D72/><U28/><E98/><V133/><F133/><W18/><G45/><T67/><D67/><U117/><E117/><V76/><F76/><W33/><G33/><T44/><D44/><U37/><E37/><V43/><F43/><W102/><G102/><T1/><D1/><U7/><E115/><V86/><F20/><W90/><G90/><AGARI ba="0,0" hai="24,26,51,55,57,59,62,65,85,86,87,90,93,99" machi="90" ten="40,1300,0" yaku="8,1" doraHai="122" who="2" fromWho="3" sc="250,0,250,0,250,13,250,-13" /><INIT seed="1,0,0,1,5,130" ten="250,250,263,237" oya="1" hai0="86,120,81,77,111,124,132,12,15,101,91,116,134" hai1="35,30,98,17,67,92,69,5,65,118,20,19,73" hai2="90,58,88,109,102,38,57,64,16,55,125,131,60" hai3="7,9,33,2,104,50,79,21,43,113,11,135,103"/><U63/><E118/><V3/><F131/><W29/><G103/><T87/><D15/><U46/><E73/><V1/><F38/><W70/><G104/><T74/><D12/><U133/><E35/><V31/><F109/><W62/><G113/><T53/><D53/><U97/><E67/><V23/><F125/><W56/><G70/><T71/><D71/><U93/><E5/><V34/><F102/><W45/><G33/><T122/><D116/><U75/><E75/><V26/><F3/><W68/><G68/><T80/><D111/><U14/><E46/><V27/><REACH who="2" step="1"/><F1/><REACH who="2" ten="250,250,253,237" step="2"/><W128/><G128/><T99/><D124/><U89/><E14/><V8/><F8/><W112/><G2/><T59/><D120/><U25/><E133/><N who="0" m="51305" /><D122/><U108/><REACH who="1" step="1"/><E108/><REACH who="1" ten="250,240,253,237" step="2"/><V41/><F41/><W110/><G43/><T36/><D74/><U126/><E126/><V83/><F83/><W13/><G13/><T85/><D81/><U105/><E105/><V96/><F96/><W100/><G110/><T119/><D119/><U22/><E22/><V24/><F24/><W47/><G21/><T61/><D36/><U51/><E51/><AGARI ba="0,2" hai="16,23,26,27,31,34,51,55,57,58,60,64,88,90" machi="51" ten="30,7700,0" yaku="1,1,7,1,54,2,53,0" doraHai="130" doraHaiUra="6" who="2" fromWho="1" sc="250,0,240,-77,253,97,237,0" /><INIT seed="2,0,0,3,4,36" ten="250,163,350,237" oya="2" hai0="34,42,77,75,115,37,68,17,97,104,13,79,30" hai1="132,107,46,63,43,53,95,16,116,47,14,103,125" hai2="112,78,15,58,32,84,50,6,92,110,8,0,10" hai3="106,69,94,62,123,20,122,85,120,99,101,121,49"/><V96/><F112/><W130/><N who="3" m="30720" /><DORA hai="128" /><W102/><G130/><T22/><D68/><U117/><E107/><V31/><F110/><W18/><G62/><T4/><D115/><U57/><E125/><V127/><F127/><W73/><G73/><T82/><D79/><U87/><E47/><V109/><F109/><W5/><G69/><T126/><D126/><U81/><E132/><V60/><F32/><W11/><G85/><T134/><D134/><U131/><E131/><V72/><F31/><W2/><G49/><T89/><D30/><U56/><E56/><V45/><F72/><W129/><G129/><T12/><D34/><U44/><E44/><V118/><F118/><W111/><G111/><T61/><D75/><U108/><E108/><V83/><F0/><W40/><G40/><T7/><D42/><U41/><E117/><V105/><F105/><W35/><G35/><T90/><D104/><U19/><E46/><V91/><F10/><W3/><G3/><T33/><D37/><U27/><E116/><V70/><F70/><W119/><G119/><T65/><D33/><U9/><E103/><V39/><F39/><W1/><G1/><T59/><D61/><U54/><E54/><V114/><F114/><W113/><G113/><T133/><D133/><U48/><E63/><V93/><F60/><W88/><REACH who="3" step="1"/><G106/><REACH who="3" ten="250,163,350,227" step="2"/><T23/><D65/><U24/><E43/><N who="2" m="24895" /><F93/><W98/><G98/><T26/><D97/><U100/><E41/><V71/><F71/><W76/><G76/><T67/><D77/><N who="1" m="46511" /><E95/><V51/><F51/><W29/><G29/><T55/><D67/><RYUUKYOKU ba="0,1" sc="250,-15,163,-15,350,15,227,15" hai2="6,8,15,58,78,83,84,91,92,96" hai3="2,5,11,18,20,88,94,99,101,102" /><INIT seed="2,1,1,4,2,38" ten="235,148,365,242" oya="2" hai0="104,97,23,53,25,33,87,114,121,63,6,22,71" hai1="64,13,124,95,62,61,42,65,29,117,21,83,78" hai2="120,34,54,7,88,47,35,49,44,82,109,127,113" hai3="1,119,128,106,24,130,98,72,116,50,85,80,107"/><V92/><F113/><W52/><G1/><T4/><D121/><U68/><E117/><V56/><F120/><W27/><G72/><T103/><D114/><U26/><E124/><V73/><F127/><W76/><G119/><T132/><D132/><U15/><E95/><V133/><F133/><W17/><G116/><T48/><D33/><U75/><REACH who="1" step="1"/><E42/><REACH who="1" ten="235,138,365,242" step="2"/><V79/><F109/><W105/><G105/><T70/><D104/><U41/><E41/><V111/><F111/><W51/><G107/><T66/><D71/><AGARI ba="1,2" hai="13,15,21,26,29,61,62,64,65,68,71,75,78,83" machi="71" ten="30,3900,0" yaku="1,1,7,1,9,1,53,0" doraHai="38" doraHaiUra="28" who="1" fromWho="0" sc="235,-42,138,62,365,0,242,0" /><INIT seed="3,0,0,5,0,60" ten="193,200,365,242" oya="3" hai0="52,99,130,82,55,70,133,76,34,131,92,109,61" hai1="101,53,13,57,41,106,8,111,67,12,108,29,6" hai2="5,3,90,91,118,43,132,40,7,134,113,77,32" hai3="96,103,51,102,45,116,72,54,89,16,84,0,42"/><W46/><G72/><T14/><D34/><U68/><E41/><V74/><F113/><W129/><G0/><T123/><D123/><U105/><E29/><V37/><F32/><W17/><G116/><T87/><D109/><U39/><E39/><V28/><F28/><W50/><G129/><N who="0" m="49163" /><D14/><U69/><E12/><V22/><F118/><W36/><G36/><T18/><D18/><U33/><E33/><V79/><F37/><W135/><G135/><T15/><D15/><U11/><E11/><V126/><F74/><W78/><G78/><T94/><D133/><U31/><E31/><V107/><F107/><W64/><G64/><N who="0" m="41231" /><D92/><U49/><E68/><V124/><F22/><W4/><G4/><T59/><D59/><U44/><E69/><V24/><F24/><W114/><G114/><T122/><D122/><U110/><E101/><AGARI ba="0,0" hai="52,55,76,82,87,94,99,101" m="41231,49163" machi="101" ten="30,3900,0" yaku="19,1,52,1,54,1" doraHai="60" who="0" fromWho="1" sc="193,39,200,-39,365,0,242,0" /><INIT seed="4,0,0,5,4,83" ten="232,161,365,242" oya="0" hai0="88,33,79,23,62,66,120,31,67,48,81,124,1" hai1="29,86,130,64,36,34,3,35,47,22,21,54,37" hai2="14,70,27,15,63,117,94,98,55,106,131,91,113" hai3="76,0,74,99,17,71,89,43,134,13,87,115,121"/><T135/><D120/><U59/><E3/><V56/><F113/><W39/><G115/><T28/><D1/><U110/><E110/><V4/><F131/><W10/><G71/><T40/><D124/><U109/><E109/><V114/><F114/><W9/><G121/><T128/><D135/><U6/><E6/><V57/><F70/><W132/><G99/><T92/><D128/><U20/><E130/><V100/><F117/><W80/><G43/><T78/><D33/><U61/><E29/><V102/><F27/><W103/><G103/><N who="2" m="39465" /><F4/><W104/><G39/><T126/><D78/><U38/><E47/><V25/><F106/><W122/><G104/><T32/><D32/><U90/><REACH who="1" step="1"/><E64/><REACH who="1" ten="232,151,365,242" step="2"/><N who="2" m="39015" /><F25/><W18/><G122/><T129/><D129/><U119/><E119/><V11/><F11/><W93/><G0/><T118/><D118/><U77/><E77/><V5/><F5/><W82/><G10/><T123/><D126/><U30/><E30/><V41/><F41/><W112/><G112/><T58/><D31/><U52/><E52/><V116/><F116/><W75/><G18/><T49/><D67/><U105/><E105/><V133/><F133/><W45/><G45/><T95/><D40/><U72/><E72/><N who="3" m="27690" /><G76/><T84/><D123/><U7/><E7/><V127/><F127/><W12/><G12/><T101/><D28/><U44/><E44/><V96/><F15/><W60/><G134/><T46/><D46/><U26/><E26/><V42/><F14/><W125/><G132/><T69/><D23/><U8/><E8/><V111/><F42/><W50/><G9/><RYUUKYOKU ba="0,1" sc="232,-10,151,30,365,-10,242,-10" hai1="20,21,22,34,35,36,37,38,54,59,61,86,90" /><INIT seed="5,1,1,1,0,25" ten="222,181,355,232" oya="1" hai0="10,4,94,12,77,21,107,57,115,59,114,18,70" hai1="42,84,37,9,134,75,61,54,52,32,41,31,39" hai2="104,71,135,113,72,16,128,78,102,95,1,11,56" hai3="33,99,124,50,92,126,97,83,30,8,119,36,62"/><U43/><E75/><V2/><F71/><W132/><G36/><T19/><D70/><U49/><E9/><V5/><F104/><W63/><G119/><T125/><D107/><U117/><E117/><V101/><F2/><W26/><G132/><T105/><D105/><U133/><E84/><V0/><F0/><W29/><G83/><T20/><D125/><U24/><E61/><V69/><F69/><W14/><G50/><T123/><D77/><U35/><E35/><V89/><F78/><W86/><G86/><T27/><D94/><U67/><E67/><V79/><F79/><W68/><G68/><T122/><D122/><U66/><E66/><V55/><F72/><W80/><G80/><T112/><REACH who="0" step="1"/><D123/><REACH who="0" ten="212,181,355,232" step="2"/><U100/><E100/><V74/><F95/><W82/><G92/><T96/><D96/><U110/><E110/><V53/><F102/><W3/><G97/><T17/><D17/><U48/><E39/><V7/><F101/><W98/><G99/><T64/><D64/><U130/><E37/><V6/><F16/><W47/><G98/><T93/><D93/><U15/><E130/><V118/><F128/><W127/><G124/><T58/><D58/><U91/><E91/><V34/><F56/><W40/><G126/><T28/><D28/><U108/><E108/><V106/><F89/><W23/><G30/><T90/><D90/><U38/><E38/><V22/><F106/><W109/><G29/><T116/><D116/><U65/><E65/><V13/><F118/><W120/><G127/><T51/><D51/><N who="1" m="19531" /><E134/><V81/><F135/><W46/><G109/><RYUUKYOKU ba="1,2" sc="212,30,181,-10,355,-10,232,-10" hai0="4,10,12,18,19,20,21,27,57,59,112,114,115" /><INIT seed="6,2,2,1,5,37" ten="242,171,345,222" oya="2" hai0="100,125,102,104,120,99,14,49,29,113,61,92,87" hai1="36,48,63,116,31,60,126,101,131,115,15,6,91" hai2="98,33,4,50,110,90,25,111,53,133,46,108,135" hai3="26,119,64,27,44,114,38,55,128,13,84,43,117"/><V122/><F122/><W121/><G121/><T124/><D120/><U8/><E36/><V65/><F4/><W73/><G73/><T134/><D113/><U17/><E116/><V5/><F5/><W68/><G114/><T123/><D123/><U19/><E115/><V118/><F118/><W30/><G26/><T47/><D134/><N who="2" m="51210" /><F65/><W95/><G128/><T56/><D29/><U69/><E131/><V79/><F79/><W21/><G64/><T41/><D14/><U62/><E69/><V81/><F25/><W93/><G68/><T107/><D87/><U97/><E126/><N who="0" m="48745" /><D102/><U0/><E31/><V109/><F109/><W75/><G75/><T58/><D58/><U129/><E129/><V18/><F18/><W28/><G28/><T89/><D100/><U85/><E0/><V39/><F33/><W80/><G119/><T10/><D10/><U42/><E97/><V88/><F98/><W2/><G2/><T82/><D82/><N who="1" m="49591" /><E101/><V103/><F103/><W24/><G117/><T96/><D96/><U74/><E74/><V130/><F130/><W132/><G132/><T105/><D105/><U76/><E76/><V35/><F35/><W66/><G30/><T16/><D16/><N who="1" m="6219" /><E63/><V83/><F83/><W23/><G80/><T86/><D99/><U22/><E22/><V106/><F106/><W94/><G23/><T72/><D72/><U32/><E32/><V11/><F81/><W54/><G21/><T52/><AGARI ba="2,2" hai="41,47,49,52,56,61,86,89,92,104,107" m="48745" machi="52" ten="30,4000,0" yaku="18,1,52,1,54,1" doraHai="37" who="0" fromWho="0" sc="242,66,171,-12,345,-22,222,-12" /><INIT seed="7,0,0,0,1,24" ten="308,159,323,210" oya="3" hai0="71,9,94,52,131,111,101,100,53,79,56,61,13" hai1="121,5,86,90,46,32,127,35,76,103,120,55,26" hai2="45,1,135,28,57,12,115,34,73,43,33,134,6" hai3="23,125,107,38,118,27,59,133,91,78,18,82,31"/><W4/><G118/><T58/><D111/><U87/><E127/><V11/><F73/><W81/><G107/><T66/><D131/><U113/><E113/><V132/><F115/><W124/><G38/><T20/><D20/><U70/><E70/><V77/><F77/><W22/><G4/><T106/><D79/><U10/><E103/><V37/><F28/><W63/><G133/><T108/><D106/><U105/><E105/><V98/><F98/><W99/><G99/><T25/><D25/><U89/><E76/><V72/><F72/><W8/><G8/><T112/><D112/><U75/><E75/><V97/><F97/><W17/><G91/><T129/><D94/><U109/><E109/><V60/><F1/><W96/><G96/><T49/><D129/><U50/><E120/><V126/><F126/><N who="3" m="48747" /><G23/><T36/><D36/><U92/><E121/><V30/><F30/><W67/><G78/><T40/><D108/><U42/><E42/><V83/><F83/><AGARI ba="0,0" hai="17,18,22,27,31,59,63,67,81,82,83" m="48747" machi="83" ten="30,2900,0" yaku="18,1,52,1" doraHai="24" who="3" fromWho="2" sc="308,0,159,0,323,-29,210,29" /><INIT seed="7,1,0,4,4,89" ten="308,159,294,239" oya="3" hai0="15,92,75,38,96,87,72,88,127,97,37,112,71" hai1="94,52,80,116,117,22,5,76,43,68,115,30,101" hai2="9,69,18,90,109,54,78,44,40,113,39,67,32" hai3="27,46,49,50,110,48,126,79,51,70,129,21,106"/><W132/><G106/><T12/><D71/><U133/><E68/><V108/><F32/><W73/><G70/><T93/><D127/><U6/><E43/><V62/><F78/><W74/><G126/><T105/><D112/><U36/><E36/><V35/><F35/><W82/><G129/><T47/><D47/><U16/><E30/><V20/><F113/><W128/><G128/><T55/><D55/><U31/><E31/><V66/><F66/><W26/><G132/><T2/><D2/><U45/><E115/><V10/><F54/><W58/><G58/><T81/><D105/><U63/><E133/><V34/><F34/><W28/><G110/><T91/><D87/><U42/><E42/><V104/><F104/><W114/><G114/><T134/><REACH who="0" step="1"/><D81/><REACH who="0" ten="298,159,294,239" step="2"/><U23/><E23/><V41/><F41/><W121/><G74/><T100/><D100/><U95/><E101/><V8/><REACH who="2" step="1"/><F90/><REACH who="2" ten="298,159,284,239" step="2"/><W125/><G125/><T56/><D56/><N who="1" m="35207" /><E45/><V122/><F122/><W102/><G121/><T64/><D64/><U103/><E103/><V57/><F57/><W99/><G46/><T60/><D60/><U61/><E61/><V29/><F29/><W84/><G73/><T1/><D1/><U77/><E77/><V120/><F120/><W65/><G65/><T85/><D85/><N who="1" m="48263" /><E117/><V111/><F111/><W86/><N who="3" m="12288" /><DORA hai="119" /><W24/><G86/><T53/><D53/><U130/><E116/><V17/><F17/><W83/><G83/><T124/><D124/><U131/><E131/><V14/><AGARI ba="1,2" hai="8,9,10,14,18,20,39,40,44,62,67,69,108,109" machi="14" ten="30,12000,2" yaku="1,1,0,1,53,4" doraHai="89,119" doraHaiUra="19,7" who="2" fromWho="2" sc="298,-31,159,-31,284,143,239,-61" owari="267,7.0,128,-37.0,427,52.0,178,-22.0" /></mjloggm>