<mjloggm ver="2.3"><GO type="97" lobby="0"/><UN n0="%E5%A4%9A%E3%80%85%E8%89%AF%E5%B3%B6" n1="%E9%87%91%E3%81%AE%E7%B3%B8%E9%8A%80%E3%81%AE%E7%B3%B8" n2="%E9%9B%80%E3%82%B7%E3%83%AD%E5%AD%90" n3="%E3%82%A6%E3%83%AB%E3%83%88%E3%83%A9%E7%AB%8B%E7%9B%B4" dan="15,14,14,15" rate="2040.36,1979.04,1972.68,1984.51" sx="M,M,M,M"/><TAIKYOKU oya="0"/><INIT seed="0,0,0,0,3,112" ten="250,250,250,250" oya="0" hai0="48,66,122,117,124,60,1,11,100,116,62,7,38" hai1="16,99,135,45,78,90,121,36,81,119,104,120,9" hai2="94,30,40,26,91,47,76,0,129,53,82,33,92" hai3="101,69,98,93,123,131,87,111,49,67,97,52,102"/><T105/><D48/><U74/><E135/><V5/><F129/><W134/><G131/><T4/><D122/><U68/><E68/><V72/><F94/><W110/><G134/><T17/><D17/><U115/><E115/><V34/><F53/><W127/><G127/><T50/><D50/><U125/><E125/><V84/><F26/><W15/><G123/><T8/><D124/><U37/><E37/><V128/><F30/><W95/><G87/><T85/><D85/><U20/><E9/><V2/><F128/><W130/><G130/><T77/><D77/><U86/><E45/><V57/><F57/><W114/><G114/><T133/><D38/><U28/><E28/><V58/><F58/><W108/><G15/><T29/><D29/><U73/><E36/><V12/><F12/><W10/><G10/><T80/><D80/><U83/><E121/><V46/><F46/><W75/><G75/><T44/><D44/><U51/><E51/><V18/><F18/><W61/><G49/><T21/><D21/><U19/><E120/><V27/><F27/><W59/><G69/><N who="0" m="42183" /><D62/><U118/><E73/><V107/><F107/><W31/><G31/><T113/><D113/><U106/><E19/><V79/><F34/><W64/><AGARI ba="0,0" hai="52,59,61,64,67,93,95,97,98,101,102,108,110,111" machi="64" ten="40,8000,1" yaku="0,1,9,1,14,1,54,1" doraHai="112" who="3" fromWho="3" sc="250,-40,250,-20,250,-20,250,80" /><INIT seed="1,0,0,4,3,76" ten="210,230,230,330" oya="1" hai0="61,82,112,34,95,13,129,104,92,52,63,113,29" hai1="35,7,42,71,5,41,122,10,121,99,15,68,11" hai2="43,16,130,19,14,9,70,119,3,37,87,50,1" hai3="57,54,39,65,94,96,78,21,97,72,49,90,124"/><U26/><E99/><V32/><F119/><W110/><G39/><T126/><D104/><U45/><E26/><V27/><F70/><W109/><G124/><T103/><D126/><U6/><E35/><V77/><F130/><W98/><G65/><T125/><D125/><U128/><E45/><V75/><F75/><W89/><G78/><T127/><D127/><U53/><E53/><V30/><F37/><W23/><G72/><T36/><D36/><U100/><E100/><V123/><F19/><W81/><G21/><T118/><D118/><U83/><E7/><V58/><F123/><W69/><G23/><T105/><D129/><U46/><E46/><V102/><F102/><W55/><G55/><T74/><D105/><U25/><E25/><V133/><F133/><W93/><G69/><T107/><D107/><U31/><E15/><V135/><F135/><W111/><G98/><T114/><D74/><U56/><E56/><V80/><REACH who="2" step="1"/><F58/><REACH who="2" ten="210,230,220,330" step="2"/><W4/><G4/><T85/><D114/><U38/><E38/><V116/><F116/><W101/><G101/><T17/><D113/><U115/><E115/><V48/><F48/><W131/><G131/><T47/><D112/><U28/><REACH who="1" step="1"/><E128/><REACH who="1" ten="210,220,220,330" step="2"/><V73/><F73/><W20/><G57/><T12/><D34/><U67/><E67/><V8/><F8/><W132/><G132/><T79/><D47/><AGARI ba="0,2" hai="1,3,9,14,16,27,30,32,43,47,50,77,80,87" machi="47" ten="40,5200,0" yaku="1,1,52,1,54,1,53,0" doraHai="76" doraHaiUra="134" who="2" fromWho="0" sc="210,-52,220,0,220,72,330,0" /><INIT seed="2,0,0,1,3,36" ten="158,220,292,330" oya="2" hai0="43,8,37,114,57,133,106,60,132,72,34,69,24" hai1="71,68,88,129,13,96,82,91,109,31,102,104,50" hai2="32,94,67,93,120,53,28,59,51,101,70,19,40" hai3="89,18,9,116,15,123,121,92,64,73,4,112,42"/><V45/><F120/><W118/><G73/><T84/><D114/><U75/><E109/><V107/><F107/><W119/><G64/><T26/><D84/><U65/><E129/><V77/><F77/><W35/><G89/><T6/><D72/><U97/><E31/><V76/><F76/><W5/><G92/><T131/><D106/><U128/><E128/><V49/><F28/><W115/><G42/><T79/><D79/><U95/><E75/><V127/><F127/><W48/><G48/><T63/><D131/><U78/><E65/><V25/><F70/><W87/><G87/><T46/><D69/><U134/><E78/><V90/><F67/><W85/><G85/><T16/><D34/><U108/><E108/><V44/><F32/><W66/><G66/><T21/><D26/><U52/><E13/><V12/><F90/><W124/><G124/><T105/><D105/><U47/><E134/><N who="0" m="51817" /><D57/><U30/><E30/><V29/><F29/><W80/><G80/><T126/><D126/><U54/><E54/><N who="2" m="32207" /><F25/><W98/><G35/><T56/><D56/><U86/><AGARI ba="0,0" hai="47,50,52,68,71,82,86,88,91,95,96,97,102,104" machi="86" ten="30,4000,0" yaku="0,1,54,2" doraHai="36" who="1" fromWho="1" sc="158,-10,220,40,292,-20,330,-10" /><INIT seed="3,0,0,4,5,56" ten="148,260,272,320" oya="3" hai0="6,119,0,22,65,59,125,70,76,77,85,45,79" hai1="74,18,64,8,55,123,127,71,69,31,89,75,78" hai2="86,92,46,130,95,53,32,2,80,21,44,27,117" hai3="106,36,49,108,135,39,23,10,134,90,82,57,37"/><W47/><G106/><T126/><D119/><U105/><E127/><V33/><F130/><W63/><G23/><T115/><D70/><U114/><E123/><V109/><F109/><W104/><G10/><T87/><D45/><U3/><E114/><V24/><F117/><W7/><G7/><T132/><D22/><U97/><E31/><V121/><F121/><W51/><G104/><T35/><D35/><U129/><E129/><V91/><F2/><W112/><G112/><T29/><D29/><U113/><E113/><V131/><F131/><W133/><G108/><T43/><D43/><U73/><E78/><V62/><F33/><W103/><G103/><T81/><D115/><U40/><E40/><V67/><F27/><W120/><G120/><T101/><D0/><U124/><E124/><N who="0" m="47721" /><D6/><U60/><E71/><V88/><F53/><N who="3" m="34223" /><G47/><T42/><D42/><U11/><E55/><V118/><F80/><W34/><G34/><T4/><D4/><U94/><E105/><V102/><F102/><W100/><G100/><T96/><D59/><U111/><E3/><V52/><F52/><W17/><G17/><T116/><D65/><U110/><E111/><V38/><F32/><W30/><G30/><T83/><D116/><U128/><E128/><V68/><F118/><W20/><G20/><T16/><D16/><U84/><E110/><V66/><F66/><W5/><G5/><T15/><D15/><U61/><E18/><N who="2" m="12343" /><F38/><W122/><G122/><T41/><D41/><U12/><E64/><V25/><F25/><W93/><G39/><T72/><D132/><N who="3" m="33793" /><W28/><DORA hai="54" /><G37/><RYUUKYOKU ba="0,0" sc="148,-10,260,-10,272,30,320,-10" hai2="44,46,62,67,68,86,88,91,92,95" owari="138,-36.0,250,-15.0,302,10.0,310,41.0" /></mjloggm>