<mjloggm ver="2.3"><GO type="97" lobby="0"/><UN n0="%E3%81%BC%E3%81%A3%E3%81%A1%EF%BC%81" n1="%61%6B%61%6D%75%74%75%33" n2="%E3%82%A6%E3%83%AB%E3%83%88%E3%83%A9%E7%AB%8B%E7%9B%B4" n3="%4A%69%4E%46%49%7A%7A%7A" dan="14,14,15,13" rate="1943.53,1932.25,2017.54,1866.95" sx="F,M,M,M"/><TAIKYOKU oya="0"/><INIT seed="0,0,0,2,1,23" ten="250,250,250,250" oya="0" hai0="49,97,101,121,73,133,88,127,30,63,33,22,82" hai1="3,95,94,72,59,10,76,105,35,83,93,98,90" hai2="40,39,42,58,71,11,111,41,4,110,20,118,96" hai3="112,57,34,80,70,45,55,2,1,81,100,7,38"/><T91/><D121/><U125/><E35/><V43/><F71/><W77/><G70/><T69/><D33/><U24/><E3/><V126/><F118/><W116/><G112/><T120/><D120/><U0/><E0/><V104/><F58/><W103/><G34/><T16/><D30/><U37/><E37/><V50/><F50/><W65/><G65/><T124/><D133/><U85/><E10/><V99/><F126/><N who="0" m="48170" /><D49/><U32/><E125/><V62/><F62/><W109/><G116/><T47/><D47/><U134/><E59/><V17/><F39/><W36/><G109/><T129/><D129/><U15/><E15/><V51/><F51/><W25/><G25/><N who="0" m="14535" /><D63/><U12/><E12/><V113/><F113/><W54/><G57/><T21/><D21/><U53/><E53/><V9/><F20/><W102/><G77/><N who="0" m="44335" /><D69/><U60/><E60/><V46/><F46/><W87/><G103/><T61/><D61/><U44/><E44/><V75/><F111/><W64/><G64/><T132/><D132/><U52/><E134/><V31/><F31/><W74/><G45/><T114/><D114/><U128/><E128/><V131/><F42/><W29/><G29/><T56/><D56/><U26/><E32/><V28/><F43/><W67/><G67/><T119/><D119/><U130/><E130/><V108/><F41/><W14/><G14/><T135/><D135/><U8/><E8/><V115/><F40/><W84/><REACH who="3" step="1"/><G7/><REACH who="3" ten="250,250,250,240" step="2"/><T122/><D122/><U107/><E107/><AGARI ba="0,1" hai="88,91,97,101,107" m="44335,14535,48170" machi="107" ten="30,11600,0" yaku="18,1,52,1,54,2" doraHai="23" who="0" fromWho="1" sc="250,126,250,-116,250,0,240,0" /><INIT seed="0,1,0,4,4,21" ten="376,134,250,240" oya="0" hai0="135,1,62,23,60,13,67,93,105,24,29,74,12" hai1="88,111,118,70,121,72,30,134,2,94,106,61,39" hai2="96,7,98,116,33,120,119,103,129,76,100,38,19" hai3="54,65,112,27,59,18,40,51,44,95,63,75,9"/><T109/><D105/><U85/><RYUUKYOKU type="yao9" ba="1,0" sc="376,0,134,0,250,0,240,0" hai1="2,30,39,61,70,72,85,88,94,106,111,118,121,134" /><INIT seed="0,2,0,0,3,112" ten="376,134,250,240" oya="0" hai0="47,122,131,104,125,22,75,86,115,134,21,15,5" hai1="114,24,105,78,106,3,14,46,135,59,99,82,60" hai2="101,6,80,110,54,12,94,96,52,20,26,31,17" hai3="127,66,92,132,53,55,61,107,40,73,95,42,30"/><T124/><D122/><U69/><E69/><V90/><F110/><W100/><G73/><T18/><D115/><U123/><E123/><V38/><F38/><W88/><G127/><T91/><D75/><U35/><E3/><V126/><F126/><N who="0" m="48746" /><D104/><U33/><E135/><V57/><F6/><W23/><G132/><T93/><D134/><U72/><E114/><V16/><F17/><W81/><G107/><T65/><D131/><U37/><E14/><V41/><F41/><W71/><G100/><T19/><D65/><U76/><E76/><V8/><F57/><W113/><G113/><T58/><D58/><U103/><E106/><V116/><F116/><W48/><G53/><T102/><D102/><U83/><E83/><V130/><F130/><W27/><G95/><T97/><D47/><U49/><E37/><V108/><F108/><W120/><G81/><T56/><D56/><U117/><E117/><V62/><F62/><W98/><G120/><T118/><D118/><U44/><E24/><V45/><F45/><AGARI ba="2,0" hai="23,27,30,40,42,45,48,55,61,66,71,88,92,98" machi="45" ten="30,2000,0" yaku="7,1,54,1" doraHai="112" who="3" fromWho="2" sc="376,0,134,0,250,-26,240,26" /><INIT seed="1,0,0,0,2,60" ten="376,134,224,266" oya="1" hai0="112,13,106,51,16,129,32,66,115,30,102,120,94" hai1="7,84,63,26,6,126,105,95,22,69,74,132,100" hai2="25,71,52,33,78,56,135,34,12,123,86,41,1" hai3="45,39,89,5,107,97,59,85,61,64,31,81,122"/><U79/><E126/><V15/><F1/><W44/><G122/><T42/><D106/><U92/><E132/><V128/><F71/><W8/><G31/><T109/><D120/><U53/><E105/><V72/><F72/><W119/><G119/><T46/><D109/><U9/><E74/><V14/><F123/><W93/><G107/><T87/><D129/><U127/><E127/><V76/><F128/><W134/><G39/><T82/><D66/><U10/><E69/><V90/><F41/><W116/><G134/><T3/><D3/><U98/><E79/><V48/><F135/><W73/><G73/><T28/><D30/><U19/><E6/><V37/><F37/><W2/><REACH who="3" step="1"/><G116/><REACH who="3" ten="376,134,224,256" step="2"/><T114/><D28/><U67/><E7/><V54/><F33/><W36/><G36/><T35/><D32/><U21/><E21/><V11/><F11/><W43/><G43/><T110/><D35/><U104/><E104/><V4/><F4/><W99/><G99/><T38/><D38/><U70/><REACH who="1" step="1"/><E53/><REACH who="1" ten="376,124,224,256" step="2"/><V65/><F54/><W117/><G117/><T118/><D118/><U88/><AGARI ba="0,2" hai="9,10,19,22,26,63,67,70,84,88,92,95,98,100" machi="88" ten="30,18000,2" yaku="1,1,2,1,0,1,52,1,54,1,53,1" doraHai="60" doraHaiUra="18" who="1" fromWho="1" sc="376,-60,124,200,224,-60,256,-60" /><INIT seed="1,1,0,4,2,40" ten="316,324,164,196" oya="1" hai0="114,88,58,60,19,3,50,83,70,38,102,124,44" hai1="89,125,25,116,135,81,57,56,64,69,45,99,79" hai2="61,52,33,12,7,74,97,14,17,84,86,13,112" hai3="90,96,132,24,43,119,11,91,54,28,130,80,23"/><U62/><E116/><V39/><F33/><W129/><G119/><T18/><D114/><U94/><E125/><V5/><F74/><W36/><G132/><T127/><D3/><U98/><E135/><V87/><F39/><W47/><G11/><T42/><D102/><U26/><E99/><V34/><F34/><W73/><G96/><T103/><D103/><U8/><E8/><V113/><F97/><W9/><G9/><T106/><D106/><U110/><E110/><V123/><F17/><W0/><G54/><T122/><D122/><U67/><E45/><V131/><F131/><N who="3" m="50187" /><G0/><T31/><D31/><U1/><E1/><V133/><F133/><W82/><G82/><T107/><D107/><U4/><E4/><V121/><F61/><W100/><G100/><T41/><D41/><U16/><E69/><V120/><REACH who="2" step="1"/><F52/><REACH who="2" ten="316,324,154,196" step="2"/><W93/><G93/><T29/><D124/><U53/><E62/><V35/><F35/><W77/><AGARI ba="1,1" hai="23,24,28,36,43,47,73,77,80,90,91" m="50187" machi="77" ten="30,2000,0" yaku="19,1,52,1" doraHai="40" who="3" fromWho="3" sc="316,-6,324,-11,154,-6,196,33" /><INIT seed="2,0,0,5,4,54" ten="310,313,148,229" oya="2" hai0="81,91,92,94,52,113,43,13,71,97,1,75,26" hai1="70,32,72,24,115,89,124,128,3,69,47,118,53" hai2="130,36,33,119,127,44,49,58,34,10,46,61,135" hai3="100,87,86,59,133,105,116,131,2,85,114,90,29"/><V125/><F36/><W110/><G2/><T103/><D113/><U45/><E89/><V80/><F119/><W77/><G116/><T73/><D1/><U28/><E118/><V121/><F121/><W117/><G117/><T17/><D71/><U25/><E115/><V95/><F80/><W96/><G114/><T129/><D43/><U51/><E72/><V19/><F95/><W16/><G29/><T101/><D129/><U134/><E3/><V21/><F10/><W63/><G110/><T60/><D26/><U88/><E128/><V14/><F130/><W56/><G133/><T120/><D120/><U41/><E134/><V55/><F135/><W132/><G132/><T57/><D81/><U67/><E67/><V98/><F98/><W65/><G131/><T12/><D101/><U74/><E74/><V78/><F78/><W108/><G108/><T111/><D111/><U122/><E124/><V66/><REACH who="2" step="1"/><F46/><REACH who="2" ten="310,313,138,229" step="2"/><W40/><G77/><T106/><D94/><U30/><E122/><V99/><F99/><W83/><G96/><T82/><D82/><U93/><E45/><V76/><F76/><W112/><G100/><T8/><D75/><U23/><E41/><V48/><F48/><W4/><G105/><T0/><D73/><U6/><E6/><V15/><F15/><W22/><G40/><T102/><D103/><U31/><E31/><V7/><F7/><W109/><G112/><T20/><D0/><U62/><E62/><V50/><F50/><W37/><G4/><T5/><D106/><U68/><E68/><V64/><F64/><W38/><G109/><RYUUKYOKU ba="0,1" sc="310,10,313,10,138,10,229,-30" hai0="5,8,12,13,17,20,52,57,60,91,92,97,102" hai1="23,24,25,28,30,32,47,51,53,69,70,88,93" hai2="14,19,21,33,34,44,49,55,58,61,66,125,127" /><INIT seed="2,1,1,2,4,18" ten="320,323,148,199" oya="2" hai0="34,57,75,64,40,71,36,133,86,45,30,93,110" hai1="35,135,14,58,0,125,118,112,10,106,39,122,77" hai2="3,72,65,76,116,66,117,85,87,94,4,12,29" hai3="79,28,42,68,6,53,78,23,89,26,84,37,119"/><V61/><F3/><W62/><G119/><T54/><D75/><U123/><RYUUKYOKU type="yao9" ba="1,1" sc="320,0,323,0,148,0,199,0" hai1="0,10,14,35,39,58,77,106,112,118,122,123,125,135" /><INIT seed="2,2,1,1,4,48" ten="320,323,148,199" oya="2" hai0="61,40,33,99,7,85,106,87,54,21,102,122,113" hai1="120,77,93,121,46,28,111,100,91,52,135,42,124" hai2="96,22,57,131,59,81,56,88,130,64,105,129,5" hai3="27,70,86,10,44,0,116,17,1,43,35,38,18"/><V112/><F112/><W69/><G116/><T37/><D122/><U90/><E111/><V98/><F64/><W79/><G18/><T101/><D33/><U103/><E124/><V73/><F5/><W19/><G19/><T127/><D113/><U58/><E28/><V132/><F132/><W94/><G94/><T68/><D102/><U110/><E110/><V31/><F105/><W134/><G134/><T72/><D72/><U80/><E135/><V133/><F133/><W66/><G66/><T108/><D127/><U24/><E24/><N who="2" m="16791" /><F73/><W83/><G17/><T67/><D108/><U107/><E107/><V16/><F16/><W14/><G14/><T128/><D7/><U125/><E125/><V49/><F49/><W117/><G117/><T109/><D109/><U15/><E15/><V3/><F3/><W2/><G10/><T75/><D75/><U84/><E91/><V92/><F81/><W89/><G89/><T8/><D8/><U32/><E32/><V25/><F25/><W97/><G97/><AGARI ba="2,1" hai="56,57,59,88,92,96,97,98,129,130,131" m="16791" machi="97" ten="40,3900,0" yaku="19,1,54,1" doraHai="48" who="2" fromWho="3" sc="320,0,323,0,148,55,199,-45" /><INIT seed="2,3,0,1,0,108" ten="320,323,203,154" oya="2" hai0="5,57,81,128,27,134,112,118,91,117,73,8,55" hai1="2,53,78,14,89,116,56,32,95,130,44,103,31" hai2="25,37,20,114,111,50,123,85,133,40,82,86,24" hai3="96,46,94,3,84,107,28,21,12,105,42,75,113"/><V115/><F37/><W54/><G3/><T59/><D134/><U87/><E116/><N who="0" m="44649" /><D128/><U67/><E130/><V74/><F74/><W33/><G33/><T43/><D43/><U7/><E2/><V64/><F123/><W13/><G75/><T129/><D129/><U80/><E32/><V39/><F39/><W97/><G54/><T100/><D100/><U131/><E131/><V122/><F122/><W124/><G124/><T65/><D27/><U48/><E31/><V26/><F20/><W58/><G58/><T110/><D110/><U10/><E103/><V11/><F11/><W41/><G84/><N who="2" m="32361" /><F82/><W120/><G120/><T6/><D112/><N who="2" m="43050" /><F64/><W18/><G28/><T16/><D65/><U45/><REACH who="1" step="1"/><E67/><REACH who="1" ten="320,313,203,154" step="2"/><V30/><F30/><W102/><G113/><T47/><D73/><AGARI ba="3,1" hai="7,10,14,44,45,48,53,56,73,78,80,87,89,95" machi="73" ten="30,3900,0" yaku="1,1,2,1,7,1,53,0" doraHai="108" doraHaiUra="92" who="1" fromWho="0" sc="320,-48,313,58,203,0,154,0" /><INIT seed="3,0,0,5,5,55" ten="272,371,203,154" oya="3" hai0="68,116,43,81,41,87,122,60,3,61,22,67,36" hai1="23,113,40,38,15,69,21,77,29,34,100,30,9" hai2="72,127,51,94,1,132,66,96,70,74,115,37,49" hai3="18,11,102,131,105,135,129,91,84,97,99,109,2"/><W80/><G2/><T5/><D122/><U26/><E69/><V85/><F37/><W25/><G11/><T48/><D116/><U13/><E77/><V7/><F70/><W111/><G18/><T126/><D36/><U128/><E38/><V93/><F74/><W16/><G99/><T75/><D75/><U88/><E40/><V62/><F72/><W82/><G82/><T117/><D117/><U58/><E128/><N who="3" m="49226" /><G25/><T114/><D114/><U103/><E58/><V63/><F85/><W45/><G16/><T92/><D22/><U35/><E113/><V76/><F96/><W64/><G45/><T31/><D31/><U42/><E42/><V73/><F93/><W46/><G46/><T104/><D104/><U65/><E65/><V44/><F94/><W56/><G135/><T78/><D92/><U101/><E88/><V14/><F44/><W110/><G64/><T53/><D3/><U90/><E90/><V28/><F66/><W107/><G56/><T95/><D95/><AGARI ba="0,0" hai="80,84,91,95,97,102,105,107,109,110,111" m="49226" machi="95" ten="40,12000,1" yaku="14,1,10,1,19,1,34,2" doraHai="55" who="3" fromWho="0" sc="272,-120,371,0,203,0,154,120" /><INIT seed="3,1,0,1,1,54" ten="152,371,203,274" oya="3" hai0="19,90,17,77,39,85,0,132,35,38,121,60,9" hai1="72,18,62,14,1,120,10,52,50,74,117,95,30" hai2="105,75,114,78,93,27,53,128,127,82,104,109,12" hai3="118,73,32,28,129,51,49,29,83,80,87,119,55"/><W68/><G68/><T125/><D121/><U106/><E106/><V42/><F114/><W24/><G73/><T65/><D35/><U98/><E120/><V48/><F42/><W101/><G129/><T103/><D77/><U126/><E62/><V70/><F70/><W23/><G101/><T102/><D132/><U71/><E71/><V15/><F128/><W76/><G83/><T3/><D125/><U91/><E126/><V134/><F127/><W22/><G32/><T96/><D3/><U63/><E1/><V44/><F134/><W111/><G111/><T20/><D102/><U84/><E117/><V100/><F109/><W79/><G79/><T41/><D41/><U89/><E63/><V110/><F110/><W99/><G51/><T26/><D17/><U108/><E30/><V97/><F104/><W88/><G99/><T43/><D43/><U8/><E8/><V11/><F11/><W45/><G76/><T61/><D60/><U94/><E108/><V113/><F113/><W13/><G13/><T56/><D9/><U16/><E18/><V6/><F6/><W2/><G2/><T40/><D40/><U46/><AGARI ba="1,0" hai="10,14,16,46,50,52,72,74,84,89,91,94,95,98" machi="46" ten="20,5200,0" yaku="0,1,7,1,54,2" doraHai="54" who="1" fromWho="1" sc="152,-14,371,55,203,-14,274,-27" owari="138,-36.0,426,52.0,189,-21.0,247,5.0" /></mjloggm>