<mjloggm ver="2.3"><GO type="169" lobby="0"/><UN n0="%53%50%49%43%41%40%58" n1="%E3%82%BC%E3%83%B3%E3%83%84%E3%83%83%E3%83%91" n2="%EF%BC%88%E2%89%A7%E2%96%BD%E2%89%A6%EF%BC%89" n3="%53%48%45%45%50%32%30%30" dan="17,17,19,16" rate="2150.79,2115.19,2313.63,2133.62" sx="M,M,M,M"/><TAIKYOKU oya="0"/><INIT seed="0,0,0,4,2,116" ten="250,250,250,250" oya="0" hai0="67,104,33,65,61,110,60,124,34,45,7,10,58" hai1="66,72,19,26,87,49,130,16,44,132,89,75,15" hai2="128,77,9,111,123,103,12,93,62,54,102,52,25" hai3="64,88,74,134,120,28,22,97,24,23,47,20,131"/><T57/><D124/><U79/><E130/><V21/><F128/><W85/><G131/><T125/><D125/><U2/><E2/><V31/><F123/><W53/><G74/><T6/><D104/><U126/><E126/><V83/><F111/><W43/><G134/><T113/><D113/><U81/><E132/><V100/><F93/><W119/><G119/><T105/><D105/><U82/><E66/><V99/><F99/><W135/><G135/><T29/><D110/><U8/><E26/><V13/><F62/><W56/><G64/><T114/><D114/><U108/><E108/><V90/><F90/><W101/><G120/><T32/><D45/><U117/><E117/><V92/><F92/><W1/><G1/><T122/><D122/><U36/><E36/><V70/><F70/><W35/><G97/><T71/><D29/><U18/><REACH who="1" step="1"/><E72/><REACH who="1" ten="250,240,250,250" step="2"/><V95/><F13/><W112/><G112/><T118/><D118/><U86/><E86/><N who="2" m="48495" /><F95/><W38/><G101/><T30/><D71/><U46/><E46/><V133/><F133/><W42/><G47/><T37/><D37/><U107/><E107/><V0/><F0/><W39/><G39/><T27/><REACH who="0" step="1"/><D10/><REACH who="0" ten="240,240,250,250" step="2"/><U4/><E4/><AGARI ba="0,2" hai="4,9,12,21,25,31,52,54,100,102,103" m="48495" machi="4" ten="30,2000,0" yaku="8,1,54,1" doraHai="116" who="2" fromWho="1" sc="240,0,240,-20,250,40,250,0" /><AGARI ba="0,0" hai="4,6,7,27,30,32,33,34,57,58,60,61,65,67" machi="4" ten="40,7700,0" yaku="1,1,2,1,9,1,53,0" doraHai="116" doraHaiUra="94" who="0" fromWho="1" sc="240,77,220,-77,290,0,250,0" /><INIT seed="0,1,0,0,1,98" ten="317,143,290,250" oya="0" hai0="16,29,36,104,78,122,107,87,0,60,17,40,20" hai1="85,88,42,89,83,31,25,77,4,8,74,119,133" hai2="21,2,22,105,49,28,7,76,27,53,103,134,19" hai3="54,130,93,80,75,114,111,132,99,102,30,135,129"/><T41/><D0/><U43/><E133/><N who="3" m="51274" /><G30/><T109/><D122/><U95/><E119/><V67/><F67/><W79/><G114/><T121/><D121/><U63/><E63/><V97/><F76/><W124/><G111/><T94/><D109/><U101/><E89/><V44/><F134/><W131/><G54/><T51/><D36/><U12/><REACH who="1" step="1"/><E101/><REACH who="1" ten="317,133,290,250" step="2"/><V24/><F2/><W110/><G110/><T6/><D60/><U86/><E86/><V46/><REACH who="2" step="1"/><F7/><REACH who="2" ten="317,133,280,250" step="2"/><W128/><G128/><T23/><D6/><U11/><E11/><V48/><F48/><W39/><G39/><T73/><D51/><U115/><E115/><V106/><F106/><W70/><G70/><T5/><D5/><U14/><E14/><V58/><AGARI ba="1,2" hai="19,21,22,24,27,28,44,46,49,53,58,97,103,105" machi="58" ten="20,5200,0" yaku="1,1,0,1,7,1,52,1,53,0" doraHai="98" doraHaiUra="84" who="2" fromWho="2" sc="317,-27,133,-14,280,75,250,-14" /><INIT seed="1,0,0,1,3,9" ten="290,119,355,236" oya="1" hai0="78,50,8,76,10,28,70,33,26,58,62,127,7" hai1="116,47,68,120,63,36,110,71,81,73,12,91,59" hai2="49,15,86,27,80,1,18,3,112,102,75,21,95" hai3="104,84,135,105,13,32,131,72,93,25,77,54,60"/><U19/><E120/><V61/><F112/><W56/><G135/><T30/><D127/><U43/><E116/><V20/><F75/><W46/><G131/><T128/><D128/><U42/><E110/><V35/><F35/><W64/><G72/><T52/><D30/><U134/><E134/><V24/><F61/><W108/><G108/><T85/><D85/><U119/><E119/><V82/><F82/><W5/><G32/><T97/><D97/><U111/><E111/><V124/><F124/><W48/><G25/><T101/><D101/><U130/><E43/><V126/><F49/><W31/><G31/><T133/><D10/><U117/><E117/><V125/><F125/><W57/><G5/><T79/><D133/><U23/><E130/><V94/><F126/><W109/><G109/><T65/><REACH who="0" step="1"/><D76/><REACH who="0" ten="280,119,355,236" step="2"/><U107/><E107/><V113/><F86/><W4/><G84/><T90/><D90/><U22/><E91/><V53/><F102/><W17/><G77/><T118/><D118/><U98/><E98/><V14/><F113/><W29/><G105/><T37/><D37/><U123/><E123/><V41/><F94/><W96/><G93/><T67/><D67/><U55/><REACH who="1" step="1"/><E23/><REACH who="1" ten="280,109,355,236" step="2"/><V69/><F21/><W132/><G104/><T66/><D66/><U121/><E121/><V11/><F20/><W99/><G64/><T115/><D115/><U38/><E38/><V2/><F11/><W122/><G99/><T88/><D88/><U45/><E45/><V83/><F95/><W92/><G92/><T89/><D89/><U0/><E0/><AGARI ba="0,2" hai="0,7,8,26,28,33,50,52,58,62,65,70,78,79" machi="0" ten="30,7700,0" yaku="1,1,7,1,54,1,53,1" doraHai="9" doraHaiUra="44" who="0" fromWho="1" sc="280,97,109,-77,355,0,236,0" /><INIT seed="2,0,0,1,4,72" ten="377,32,355,236" oya="2" hai0="30,95,16,102,86,135,119,89,18,59,21,23,121" hai1="98,9,28,113,82,22,129,109,32,40,112,118,0" hai2="31,120,20,39,105,108,34,58,17,92,85,26,48" hai3="69,13,115,125,97,3,123,133,7,44,96,94,88"/><V101/><F39/><W106/><G123/><T52/><D121/><U60/><E118/><V103/><F120/><W80/><G133/><T45/><D135/><U74/><E109/><V81/><F105/><W73/><G125/><T43/><D119/><U100/><E129/><V5/><F5/><W51/><G115/><T75/><D75/><U2/><E40/><V33/><F108/><W117/><G117/><T47/><D30/><U67/><E22/><N who="0" m="8201" /><D102/><U63/><E63/><V128/><F128/><W46/><G69/><T14/><D43/><U93/><E9/><V25/><F92/><W110/><G110/><T57/><D59/><U38/><E38/><V27/><F34/><W127/><G127/><T65/><D65/><U62/><E62/><V55/><REACH who="2" step="1"/><F26/><REACH who="2" ten="377,32,345,236" step="2"/><W42/><G7/><T53/><D53/><U35/><E93/><V84/><F84/><W90/><G94/><T19/><D14/><U134/><E134/><V49/><F49/><AGARI ba="0,1" hai="16,18,19,45,47,49,52,57,86,89,95" m="8201" machi="49" ten="30,3900,0" yaku="8,1,54,2" doraHai="72" who="0" fromWho="2" sc="377,49,32,0,345,-39,236,0" /><INIT seed="3,0,0,4,2,134" ten="426,32,306,236" oya="3" hai0="113,39,131,0,67,135,126,73,110,52,119,36,121" hai1="98,4,89,129,117,91,106,128,1,53,83,127,68" hai2="97,74,13,60,21,115,35,51,96,48,125,122,30" hai3="59,95,75,47,101,77,104,102,22,78,71,94,99"/><W50/><G71/><T92/><RYUUKYOKU type="yao9" ba="0,0" sc="426,0,32,0,306,0,236,0" hai0="0,36,39,52,67,73,92,110,113,119,121,126,131,135" /><INIT seed="3,1,0,5,4,58" ten="426,32,306,236" oya="3" hai0="125,57,29,3,84,5,23,37,7,95,113,119,50" hai1="115,128,10,103,104,72,117,130,106,56,102,48,65" hai2="17,126,109,131,67,26,47,98,94,85,38,62,53" hai3="40,73,0,66,133,11,27,91,111,15,13,123,81"/><W28/><G133/><T93/><D37/><U33/><E33/><V110/><F131/><N who="1" m="50217" /><E10/><V108/><F126/><W18/><G123/><T120/><D125/><U92/><E48/><N who="2" m="28831" /><F38/><W134/><G111/><T122/><D84/><U25/><E25/><V76/><F85/><N who="3" m="50607" /><G134/><T63/><D93/><U4/><E4/><V105/><F76/><W14/><G73/><T101/><D101/><N who="1" m="38411" /><E56/><N who="2" m="37319" /><F105/><N who="1" m="40553" /><E65/><V83/><F83/><W49/><G0/><T80/><D80/><U36/><E36/><V45/><F45/><N who="3" m="25767" /><G66/><T124/><D124/><U112/><E92/><V97/><F94/><W86/><G28/><T52/><D29/><U129/><N who="1" m="50225" /><U6/><DORA hai="82" /><E6/><V19/><F19/><W74/><G27/><T32/><D7/><U78/><E117/><V118/><F118/><W99/><G18/><T71/><D5/><U51/><E51/><V16/><F17/><W34/><G34/><T54/><D32/><U44/><E44/><V41/><F41/><W31/><G31/><T55/><D3/><U21/><E21/><AGARI ba="1,0" hai="16,21,26,97,98,108,109,110" m="37319,28831" machi="21" ten="30,3900,0" yaku="14,1,52,1,54,1" doraHai="58,82" who="2" fromWho="1" sc="426,0,32,-42,306,42,236,0" owari="426,52.0,-10,-51.0,348,15.0,236,-16.0" /></mjloggm>