<mjloggm ver="2.3"><GO type="41" lobby="0"/><UN n0="%E3%82%BF%E3%82%A4%E3%82%AC%E3%83%BC%E3%82%B9%E3%82%BF%E3%82%A4%E3%83%AB" n1="%5F%6D%61%73%61%63%5F" n2="%E3%81%AD%E3%81%93%E3%81%AB%E3%82%83%E3%82%93" n3="%E3%82%A6%E3%83%AB%E3%83%88%E3%83%A9%E7%AB%8B%E7%9B%B4" dan="13,14,16,16" rate="1882.57,1831.99,1963.32,2067.62" sx="M,M,F,M"/><TAIKYOKU oya="0"/><INIT seed="0,0,0,4,2,17" ten="250,250,250,250" oya="0" hai0="59,53,40,128,60,85,37,62,12,82,52,27,28" hai1="107,49,135,16,4,123,7,25,45,93,115,132,94" hai2="84,41,80,3,10,23,0,126,91,6,71,134,67" hai3="95,88,9,92,11,68,5,90,122,33,86,42,24"/><T104/><D104/><U119/><E107/><V26/><F134/><N who="1" m="51241" /><E123/><V133/><F133/><W72/><G72/><T8/><D37/><U19/><E119/><V36/><F126/><W2/><G68/><T112/><D40/><N who="1" m="24743" /><E19/><V31/><F41/><W44/><G122/><T46/><D112/><U51/><E51/><V130/><F36/><W109/><G109/><T118/><D118/><U81/><E81/><V34/><F130/><W30/><G2/><T125/><D125/><U54/><E54/><N who="0" m="21097" /><D128/><U101/><E115/><V39/><F39/><W98/><REACH who="3" step="1"/><G5/><REACH who="3" ten="250,250,250,240" step="2"/><N who="1" m="2122" /><E101/><V61/><REACH who="2" step="1"/><F3/><REACH who="2" ten="250,250,240,240" step="2"/><W35/><G35/><AGARI ba="0,2" hai="0,6,10,23,26,31,34,35,61,67,71,80,84,91" machi="35" ten="40,5200,0" yaku="1,1,2,1,52,1,53,0" doraHai="17" doraHaiUra="48" who="2" fromWho="3" sc="250,0,250,0,240,72,240,-52" /><INIT seed="1,0,0,3,3,66" ten="250,250,312,188" oya="1" hai0="34,118,88,75,87,1,58,72,44,32,40,33,85" hai1="125,49,4,15,76,65,48,6,116,101,122,109,60" hai2="106,112,117,21,131,27,63,93,126,22,36,90,107" hai3="96,47,105,8,94,18,79,92,129,61,86,67,45"/><U57/><E122/><V78/><F36/><W62/><G105/><T26/><D118/><U35/><E116/><V104/><F117/><W31/><G129/><T95/><D1/><U52/><E35/><V70/><F131/><W113/><G113/><T54/><D26/><U3/><E3/><V68/><F112/><W59/><G31/><T20/><D20/><U123/><E123/><V99/><F126/><W56/><G92/><T121/><D85/><U73/><E125/><V130/><F130/><W23/><G8/><T16/><D121/><U69/><E109/><V133/><F133/><W53/><G86/><T17/><D72/><U2/><E2/><V30/><F78/><W74/><G79/><T7/><D7/><U135/><E135/><V14/><F63/><W39/><G39/><T110/><D110/><U89/><E49/><V9/><REACH who="2" step="1"/><F22/><REACH who="2" ten="250,250,302,188" step="2"/><W108/><G108/><T71/><D34/><U51/><E76/><V124/><F124/><W37/><G37/><T5/><D32/><U10/><E73/><V81/><F81/><W114/><G74/><T43/><D75/><U103/><E51/><V120/><F120/><W46/><G114/><T24/><D33/><U83/><E83/><V134/><F134/><W97/><REACH who="3" step="1"/><G94/><REACH who="3" ten="250,250,302,178" step="2"/><T41/><D95/><U119/><E119/><V127/><F127/><W111/><G111/><T42/><D42/><U64/><E10/><V100/><F100/><W13/><AGARI ba="0,2" hai="13,18,23,45,46,47,53,56,59,61,62,67,96,97" machi="13" ten="30,4000,0" yaku="1,1,0,1,8,1,53,0" doraHai="66" doraHaiUra="128" who="3" fromWho="3" sc="250,-10,250,-20,302,-10,178,60" /><INIT seed="2,0,0,4,2,44" ten="240,230,292,238" oya="2" hai0="46,125,10,61,14,17,53,69,20,105,39,60,75" hai1="128,27,49,9,112,7,66,16,77,23,118,72,111" hai2="89,48,120,8,70,102,58,26,109,98,59,62,31" hai3="83,71,81,64,52,115,4,67,74,63,42,113,47"/><V65/><F120/><W34/><G34/><T50/><D105/><U73/><E128/><V0/><F89/><W68/><G4/><T28/><D75/><U54/><E111/><V133/><F109/><W129/><G74/><T24/><D39/><U103/><E118/><V6/><F133/><W32/><G32/><T41/><D125/><U1/><E112/><N who="3" m="43082" /><G83/><T91/><D41/><U127/><E127/><V135/><F135/><W55/><G81/><T87/><REACH who="0" step="1"/><D69/><REACH who="0" ten="230,230,292,238" step="2"/><U121/><E121/><V92/><F48/><N who="3" m="26743" /><G129/><T80/><AGARI ba="0,1" hai="10,14,17,20,24,28,46,50,53,60,61,80,87,91" machi="80" ten="20,12000,2" yaku="1,1,0,1,7,1,25,2,8,1,52,1,53,0" doraHai="44" doraHaiUra="131" who="0" fromWho="0" sc="230,130,230,-30,292,-60,238,-30" /><INIT seed="3,0,0,5,0,36" ten="360,200,232,208" oya="3" hai0="20,24,85,22,112,33,72,91,49,92,117,23,113" hai1="67,95,63,28,73,47,114,109,86,111,89,71,44" hai2="122,37,131,69,39,105,57,88,51,127,58,1,118" hai3="128,132,134,130,16,18,21,62,26,124,79,120,84"/><W99/><G120/><T46/><D117/><U43/><E73/><V116/><F105/><W64/><G99/><T101/><D101/><U3/><E47/><V61/><F1/><W133/><G84/><T90/><D90/><U9/><E28/><V10/><F10/><W103/><G79/><T96/><D96/><U53/><E53/><N who="2" m="31935" /><F88/><W102/><G102/><T65/><D65/><U29/><E29/><V78/><F78/><W107/><G103/><T40/><D72/><U115/><E111/><V52/><F122/><W60/><G107/><T125/><D125/><U83/><E109/><V110/><F110/><W5/><G5/><T4/><D4/><U76/><E9/><V8/><F8/><W32/><G32/><T12/><D12/><U34/><E3/><V106/><F106/><W80/><G80/><T135/><D135/><U14/><E14/><V75/><F75/><W119/><G119/><N who="2" m="45609" /><F127/><W70/><G124/><T56/><D33/><U17/><E34/><V41/><F131/><W97/><G97/><T93/><D93/><U81/><E17/><V11/><F11/><W98/><G98/><T55/><REACH who="0" step="1"/><D24/><REACH who="0" ten="350,200,232,208" step="2"/><U15/><E15/><V108/><F108/><W104/><G104/><T6/><D6/><U77/><E76/><V38/><F69/><W82/><G82/><T123/><D123/><U48/><E81/><V7/><F7/><W59/><G18/><T126/><D126/><U50/><E83/><V42/><AGARI ba="0,1" hai="37,38,39,41,42,52,58,61" m="45609,31935" machi="42" ten="40,8000,1" yaku="34,2,52,2,54,1" doraHai="36" who="2" fromWho="2" sc="350,-20,200,-20,232,90,208,-40" /><INIT seed="4,0,0,3,4,68" ten="330,180,322,168" oya="0" hai0="133,126,59,42,116,70,79,39,9,115,117,24,29" hai1="111,20,57,55,88,108,74,118,110,132,135,25,6" hai2="15,112,31,30,119,46,49,96,54,102,101,50,113" hai3="17,2,33,120,77,73,76,75,22,11,26,5,89"/><T114/><D126/><U109/><E6/><V0/><F0/><W52/><G120/><T14/><D133/><U28/><E74/><V107/><F119/><W78/><G89/><T104/><D104/><U134/><N who="1" m="28160" /><DORA hai="129" /><U93/><E118/><V35/><F102/><W130/><G130/><T94/><D94/><U125/><E125/><V19/><F50/><W91/><G91/><T4/><D70/><U27/><E20/><V44/><F44/><W121/><G121/><T43/><D79/><U47/><E47/><V95/><F107/><W58/><REACH who="3" step="1"/><G33/><REACH who="3" ten="330,180,322,158" step="2"/><N who="0" m="20647" /><D116/><U131/><E131/><V124/><F35/><W32/><G32/><T40/><D117/><U53/><E28/><V37/><F31/><W105/><G105/><T23/><D39/><U41/><E55/><V1/><F37/><W8/><G8/><T45/><D114/><U106/><E41/><V60/><F54/><W98/><G98/><T82/><D115/><U92/><E106/><V62/><F96/><W34/><G34/><T3/><D43/><U103/><E103/><V90/><F101/><W66/><G66/><T10/><D42/><U86/><E93/><V18/><F95/><W83/><G83/><T72/><D40/><U80/><E80/><V87/><F113/><W56/><G56/><T63/><D82/><U122/><E122/><V67/><F112/><W12/><G12/><T128/><D14/><U69/><REACH who="1" step="1"/><E69/><REACH who="1" ten="330,170,322,158" step="2"/><N who="2" m="42215" /><F124/><W100/><G100/><T38/><D128/><U13/><E13/><V7/><F15/><W127/><G127/><T16/><D4/><U48/><AGARI ba="0,2" hai="25,27,48,53,57,86,88,92,132,134,135" m="28160" machi="48" ten="70,16000,3" yaku="1,1,0,1,20,1,52,3,54,1,53,1" doraHai="68,129" doraHaiUra="97,84" who="1" fromWho="1" sc="330,-80,170,180,322,-40,158,-40" /><INIT seed="5,0,0,0,5,125" ten="250,350,282,118" oya="1" hai0="91,63,18,102,48,59,58,61,35,135,65,84,7" hai1="66,131,92,93,73,3,4,11,42,21,8,118,15" hai2="99,54,70,94,47,121,72,83,79,90,89,97,107" hai3="38,50,104,133,101,129,105,62,28,98,80,126,12"/><U41/><E73/><V134/><F70/><W36/><G126/><T31/><D35/><U112/><E118/><V114/><F47/><W64/><G50/><T6/><D31/><U113/><E66/><V49/><F54/><W55/><G55/><T68/><D102/><U53/><E53/><V111/><F49/><W124/><G12/><T56/><D48/><U86/><E21/><V130/><F121/><W122/><G122/><T33/><D33/><U76/><E93/><V2/><F2/><W110/><G110/><T88/><D63/><U67/><E67/><V96/><F111/><W115/><G124/><T106/><D106/><U74/><E74/><V132/><F114/><W46/><G115/><N who="1" m="44106" /><E131/><V43/><F43/><W34/><G133/><N who="2" m="51305" /><F107/><W69/><G80/><N who="0" m="49159" /><D68/><U37/><E37/><V24/><F24/><N who="3" m="18695" /><G105/><T108/><D108/><U20/><E20/><V52/><F52/><W1/><G1/><T51/><D51/><U13/><E3/><V19/><F19/><W9/><G9/><T27/><D91/><N who="2" m="34826" /><F94/><W71/><G71/><T75/><D75/><U77/><E92/><V26/><F26/><W32/><G32/><T0/><D0/><U44/><E42/><V116/><F116/><W119/><G119/><T103/><D135/><U23/><E11/><V57/><F57/><N who="0" m="22122" /><D103/><U39/><E39/><N who="3" m="14890" /><G46/><T40/><D40/><U82/><E44/><V45/><F45/><W29/><G29/><T123/><D123/><U30/><E41/><V87/><F72/><W60/><G60/><T128/><D128/><AGARI ba="0,0" hai="79,83,87,96,97,99,128,130" m="34826,51305" machi="128" ten="40,8000,1" yaku="20,1,34,2,52,2" doraHai="125" who="2" fromWho="0" sc="250,-80,350,0,282,80,118,0" /><AGARI ba="0,0" hai="62,64,69,98,101,104,128,129" m="14890,18695" machi="128" ten="30,7700,0" yaku="25,1,23,1,52,2" doraHai="125" who="3" fromWho="0" sc="170,-77,350,0,362,0,118,77" /><INIT seed="6,0,0,1,0,62" ten="93,350,362,195" oya="2" hai0="23,111,60,98,125,101,122,100,94,85,11,82,16" hai1="17,18,72,67,15,131,126,73,128,25,64,134,84" hai2="132,115,77,21,97,29,79,7,3,105,26,1,129" hai3="74,57,89,65,108,45,51,12,32,47,107,87,75"/><V24/><F132/><W103/><G108/><T22/><D122/><U54/><E134/><V0/><F129/><N who="1" m="49737" /><E126/><V50/><F7/><W76/><G32/><T31/><D125/><U14/><E25/><V86/><F115/><W5/><G47/><T42/><D42/><U28/><E54/><V40/><F86/><W120/><G120/><T68/><D111/><U33/><E28/><V59/><F105/><W41/><G103/><T46/><D46/><U91/><E33/><V90/><F40/><W71/><G71/><T37/><D37/><U44/><E44/><V56/><F90/><W119/><G107/><T27/><D11/><U110/><E15/><V112/><F97/><W58/><G89/><T121/><D121/><U80/><E110/><V20/><F112/><W116/><G58/><T55/><D55/><U117/><E117/><V133/><F133/><W48/><G48/><T35/><D35/><U88/><E91/><V96/><F96/><W39/><G39/><T61/><D68/><U118/><E18/><V36/><F36/><W66/><G57/><T10/><D10/><N who="1" m="6359" /><E118/><V127/><F127/><W81/><G119/><T102/><D102/><U13/><E13/><V34/><F34/><W114/><G116/><T6/><D101/><U2/><E2/><V30/><F59/><W104/><G114/><T106/><D106/><U124/><E124/><V70/><F70/><W123/><G104/><T9/><D61/><U83/><E83/><V38/><F38/><W49/><G49/><T8/><D60/><U135/><E135/><V19/><F30/><W4/><G123/><RYUUKYOKU ba="0,0" sc="93,-15,350,15,362,15,195,-15" hai1="64,67,72,73,80,84,88" hai2="0,1,3,19,20,21,24,26,29,50,56,77,79" /><INIT seed="6,1,0,1,5,70" ten="78,365,377,180" oya="2" hai0="116,56,64,76,31,1,19,119,121,88,95,93,124" hai1="99,82,67,66,15,11,33,111,3,94,43,51,52" hai2="44,2,22,0,79,113,127,39,125,48,5,53,26" hai3="104,42,74,108,78,23,122,50,107,71,123,77,9"/><V86/><F113/><W46/><G108/><T49/><D1/><U131/><E33/><V85/><F39/><N who="3" m="21855" /><G23/><T91/><D31/><U34/><E3/><N who="2" m="1067" /><F5/><W72/><G50/><T118/><D121/><U130/><E34/><V36/><F36/><W17/><G17/><T61/><D124/><N who="2" m="47690" /><F79/><W89/><G9/><T105/><D105/><N who="3" m="40521" /><G89/><T60/><D76/><U47/><E43/><V75/><F75/><W84/><G84/><T87/><D60/><U103/><E82/><V41/><F53/><W126/><G126/><T54/><D19/><AGARI ba="1,0" hai="19,22,26,41,44,48,85,86" m="47690,1067" machi="19" ten="30,1500,0" yaku="18,1" doraHai="70" who="2" fromWho="0" sc="78,-18,365,0,377,18,180,0" /><INIT seed="6,2,0,4,3,5" ten="60,365,395,180" oya="2" hai0="11,3,86,117,79,26,77,32,40,63,96,37,123" hai1="85,54,62,34,48,110,30,76,73,9,55,130,75" hai2="99,81,28,74,13,118,71,2,125,67,120,56,111" hai3="134,25,66,100,82,6,91,87,116,49,64,46,106"/><V45/><F120/><W29/><G116/><T98/><D123/><U89/><E130/><V80/><F2/><W8/><G134/><T92/><D117/><U20/><E110/><V58/><F118/><W133/><G133/><T121/><D121/><U47/><E34/><V65/><F111/><W101/><G106/><T84/><D40/><U115/><E76/><V72/><F28/><W126/><G126/><T93/><D37/><U17/><E115/><V68/><F13/><W95/><G64/><T51/><D51/><U135/><E135/><V14/><F14/><W129/><G66/><T31/><D63/><U18/><E30/><V104/><F104/><W103/><G129/><T94/><D3/><U119/><E119/><V43/><F43/><W132/><G132/><T7/><D7/><U53/><E62/><V27/><F45/><W24/><G95/><T39/><D39/><U112/><E73/><V102/><F99/><W22/><G25/><T88/><D11/><U113/><E75/><V35/><F27/><W83/><G83/><T131/><D131/><U42/><E9/><V16/><F102/><W114/><G114/><N who="1" m="44138" /><E20/><V90/><F35/><W10/><REACH who="3" step="1"/><G6/><REACH who="3" ten="60,365,395,170" step="2"/><T50/><D50/><U97/><E97/><V105/><F105/><W36/><G36/><T128/><D128/><U0/><E0/><V107/><F107/><W109/><G109/><T59/><D59/><U124/><E124/><V78/><F125/><W12/><G12/><T23/><D32/><U57/><E57/><V44/><F56/><W15/><G15/><T69/><D69/><U41/><E47/><RYUUKYOKU ba="2,1" sc="60,-10,365,-10,395,-10,170,30" hai3="8,10,22,24,29,46,49,82,87,91,100,101,103" /><INIT seed="7,3,1,3,1,15" ten="50,355,385,200" oya="3" hai0="128,12,83,21,126,118,129,6,51,3,45,16,24" hai1="92,5,96,28,74,72,34,117,62,115,57,37,13" hai2="110,86,121,97,88,53,50,71,93,133,46,122,35" hai3="27,1,54,76,98,116,44,104,130,124,89,52,4"/><W67/><G116/><T91/><D118/><U47/><E115/><V14/><F71/><W120/><G120/><T102/><D102/><U11/><E117/><V109/><F35/><W114/><G114/><T100/><D100/><U132/><E132/><V106/><F133/><W20/><G67/><T43/><D128/><U38/><E34/><V41/><F106/><W2/><G124/><T22/><D126/><U95/><E92/><V94/><F41/><W42/><G2/><T68/><D68/><U125/><E125/><V112/><F14/><W113/><G113/><T39/><D39/><U10/><E28/><V123/><REACH who="2" step="1"/><F112/><REACH who="2" ten="50,355,375,200" step="2"/><W131/><G1/><T17/><D129/><N who="3" m="49161" /><G4/><T19/><D3/><U33/><E33/><V82/><F82/><W0/><G0/><T32/><D32/><U30/><E30/><V66/><F66/><W107/><G76/><T60/><D60/><U119/><E74/><V84/><F84/><W36/><G104/><T29/><REACH who="0" step="1"/><D6/><REACH who="0" ten="40,355,375,200" step="2"/><U26/><E5/><V69/><F69/><W103/><G89/><AGARI ba="3,3" hai="46,50,53,86,88,89,93,94,97,109,110,121,122,123" machi="89" ten="40,5200,0" yaku="1,1,13,1,54,1,53,0" doraHai="15" doraHaiUra="61" who="2" fromWho="3" sc="40,0,355,0,375,91,200,-61" owari="40,-46.0,355,16.0,466,56.0,139,-26.0" /></mjloggm>