<mjloggm ver="2.3"><GO type="97" lobby="0"/><UN n0="%E3%82%A6%E3%83%AB%E3%83%88%E3%83%A9%E7%AB%8B%E7%9B%B4" n1="%E7%B4%85%E3%81%84%E7%9E%B3%E3%81%AE%E6%AD%A6%E4%B8%B8" n2="%E5%AE%AE%E5%8F%A4%E8%8A%B3%E9%A6%99" n3="%E3%83%88%E3%83%AD%E3%83%88%E3%83%AD%32%30%31%31" dan="15,15,13,13" rate="1990.35,1974.17,2118.51,1839.84" sx="M,M,F,M"/><TAIKYOKU oya="0"/><INIT seed="0,0,0,4,3,121" ten="250,250,250,250" oya="0" hai0="49,73,114,40,52,113,86,53,80,120,28,93,67" hai1="109,15,57,134,133,21,117,33,60,72,62,50,108" hai2="129,76,118,3,88,0,132,13,55,18,34,4,119" hai3="6,36,107,27,128,79,110,78,7,69,87,68,51"/><T22/><D120/><U5/><E33/><V19/><F34/><W102/><G128/><T100/><D40/><U44/><E72/><V115/><F129/><W122/><G122/><T65/><D73/><U25/><E117/><N who="2" m="44555" /><F115/><W14/><G36/><T112/><D22/><U24/><E24/><V81/><F132/><N who="1" m="50793" /><E15/><V48/><F76/><W94/><G78/><T39/><D28/><N who="1" m="17455" /><E5/><V12/><F4/><W56/><G27/><T111/><D39/><U46/><E60/><V20/><F88/><W104/><G14/><N who="2" m="5737" /><F81/><W74/><G74/><T41/><D80/><U103/><E103/><V135/><F135/><W38/><G102/><T84/><D100/><U92/><E92/><V59/><F20/><W130/><G94/><T91/><D93/><U31/><E31/><V1/><AGARI ba="0,0" hai="0,1,3,18,19,48,55,59" m="5737,44555" machi="1" ten="40,1500,0" yaku="12,1" doraHai="121" who="2" fromWho="2" sc="250,-7,250,-4,250,15,250,-4" /><INIT seed="1,0,0,5,5,69" ten="243,246,265,246" oya="1" hai0="98,75,20,86,104,35,31,113,8,90,56,15,54" hai1="101,29,45,37,133,88,13,114,119,97,76,126,59" hai2="23,96,70,99,36,28,65,121,47,14,105,60,51" hai3="83,94,111,53,44,124,73,4,127,27,0,108,9"/><U72/><E114/><V42/><F121/><W63/><G94/><T33/><D75/><U89/><E119/><V5/><F105/><W78/><G27/><T77/><D113/><U3/><E3/><V2/><F2/><W80/><G83/><T131/><D131/><U135/><E29/><V46/><F28/><W7/><G4/><T52/><D77/><U49/><E13/><V67/><F67/><W22/><G22/><T116/><D116/><U66/><E126/><N who="3" m="48170" /><G44/><T24/><D98/><U61/><E76/><V110/><F110/><N who="3" m="42027" /><G63/><T106/><D20/><U91/><E72/><V38/><F23/><W95/><G95/><T82/><D35/><U12/><E12/><V87/><F87/><W109/><N who="3" m="42035" /><W48/><DORA hai="16" /><G48/><T129/><D129/><U25/><E25/><V130/><F130/><W118/><G53/><T74/><D54/><U41/><REACH who="1" step="1"/><E49/><REACH who="1" ten="243,236,265,246" step="2"/><V17/><F51/><W39/><G118/><T123/><D74/><U117/><E117/><V32/><F32/><W30/><G30/><T34/><D34/><U79/><E79/><V107/><F14/><W10/><G10/><T58/><D15/><U112/><E112/><V134/><F5/><W92/><G92/><AGARI ba="0,1" hai="37,41,45,59,61,66,88,89,91,92,97,101,133,135" machi="92" ten="40,7700,0" yaku="1,1,52,1,54,1,53,0" doraHai="69,16" doraHaiUra="50,11" who="1" fromWho="3" sc="243,0,236,87,265,0,246,-77" /><INIT seed="1,1,0,1,4,8" ten="243,323,265,169" oya="1" hai0="97,88,39,51,23,45,17,82,43,63,6,127,114" hai1="103,54,99,130,125,102,16,107,57,9,129,98,20" hai2="118,113,72,44,100,109,69,93,5,120,59,42,122" hai3="116,75,21,85,52,25,38,29,34,50,36,87,60"/><U112/><E112/><V131/><F72/><W28/><G75/><T68/><D114/><U78/><E78/><V18/><F113/><W46/><G116/><T76/><D127/><U49/><E9/><V121/><F118/><W94/><G60/><T73/><D6/><U86/><E86/><V135/><F69/><W62/><G62/><T101/><D63/><U70/><E70/><V40/><F120/><W83/><G34/><T134/><D68/><U133/><E133/><V33/><F33/><W81/><G29/><T11/><D11/><U90/><E90/><V19/><F5/><W126/><G94/><T55/><D134/><U56/><E56/><V110/><F135/><W77/><REACH who="3" step="1"/><G126/><REACH who="3" ten="243,323,265,159" step="2"/><T96/><D73/><U106/><REACH who="1" step="1"/><E125/><REACH who="1" ten="243,313,265,159" step="2"/><V65/><F121/><W22/><G22/><T48/><D23/><U0/><E0/><V14/><F122/><W7/><G7/><T95/><D82/><U79/><E79/><AGARI ba="1,2" hai="21,25,28,36,38,46,50,52,77,79,81,83,85,87" machi="79" ten="30,7700,0" yaku="1,1,7,1,9,1,54,1,53,0" doraHai="8" doraHaiUra="64" who="3" fromWho="1" sc="243,0,313,-80,265,0,159,100" /><INIT seed="2,0,0,1,3,106" ten="243,233,265,259" oya="2" hai0="71,73,54,69,45,40,56,7,49,80,105,112,93" hai1="43,15,2,23,102,61,51,38,9,104,117,122,100" hai2="121,83,131,12,113,60,19,97,58,134,42,126,125" hai3="82,5,46,34,89,52,72,133,48,79,16,13,101"/><V95/><F113/><W99/><G133/><T3/><D105/><U6/><E117/><V123/><F134/><W26/><G5/><T36/><D93/><U22/><E38/><V27/><F42/><W132/><G132/><T17/><D17/><U98/><E122/><V124/><F131/><W74/><G89/><T21/><D21/><U127/><E127/><V94/><F83/><W114/><G114/><T50/><D49/><U10/><E102/><V96/><F27/><W118/><G118/><T120/><D112/><U66/><E43/><V1/><F1/><W92/><G26/><T20/><D20/><U30/><E51/><V90/><F12/><W32/><G74/><T0/><D0/><U91/><E91/><N who="2" m="55423" /><F19/><W108/><G108/><T33/><D33/><U37/><E37/><V57/><F57/><W116/><G116/><T59/><D59/><U31/><E31/><V75/><F75/><W11/><AGARI ba="0,0" hai="11,13,16,32,34,46,48,52,72,79,82,92,99,101" machi="11" ten="20,8000,1" yaku="0,1,7,1,52,1,54,2" doraHai="106" who="3" fromWho="3" sc="243,-20,233,-20,265,-40,259,80" /><INIT seed="3,0,0,5,5,25" ten="223,213,225,339" oya="3" hai0="112,47,0,32,69,19,40,90,51,97,41,105,104" hai1="67,2,86,63,111,123,133,11,72,130,92,7,94" hai2="124,31,115,61,28,109,1,82,66,38,118,16,96" hai3="42,110,52,53,70,33,56,84,129,120,102,64,62"/><W127/><G84/><T5/><D69/><U8/><E123/><V135/><F115/><W57/><G102/><T34/><D5/><U116/><E111/><V60/><F118/><W117/><G33/><T43/><D0/><U68/><E72/><V59/><F109/><W71/><G110/><T128/><D112/><U29/><E130/><V126/><F1/><W73/><G73/><T121/><D121/><U85/><E133/><V107/><F38/><W10/><G10/><T79/><D34/><U119/><E29/><N who="2" m="11339" /><F135/><W46/><G120/><T23/><D32/><U49/><E11/><V74/><F74/><W55/><G117/><N who="1" m="45130" /><E49/><V108/><F108/><W21/><G21/><T54/><D128/><U24/><E24/><V78/><F61/><N who="3" m="40207" /><G129/><T77/><D104/><U106/><E106/><V48/><F48/><N who="3" m="26711" /><G127/><N who="2" m="48681" /><F107/><W125/><G125/><T95/><D105/><U44/><E44/><V103/><F16/><W18/><G18/><T98/><D19/><U89/><E86/><N who="2" m="48471" /><F96/><W91/><G91/><N who="0" m="55551" /><D23/><U131/><E131/><V20/><F20/><W30/><G30/><T88/><D98/><U101/><E101/><AGARI ba="0,0" hai="59,60,66,101,103" m="48471,48681,11339" machi="101" ten="30,7700,0" yaku="18,1,52,3" doraHai="25" who="2" fromWho="1" sc="223,0,213,-77,225,77,339,0" owari="223,-18.0,136,-36.0,302,10.0,339,44.0" /></mjloggm>