<mjloggm ver="2.3"><GO type="97" lobby="0"/><UN n0="%4D%E5%B8%9D%E2%85%A2" n1="%E3%82%A6%E3%83%AB%E3%83%88%E3%83%A9%E7%AB%8B%E7%9B%B4" n2="%E7%BF%BC%E3%82%92%E3%82%82%E3%81%8C%E3%82%8C%E3%81%9F%E5%A4%A9%E4%BD%BF" n3="%64%65%6F%6E%65" dan="14,15,14,15" rate="1944.26,2009.72,1943.95,1914.39" sx="M,M,M,M"/><TAIKYOKU oya="0"/><INIT seed="0,0,0,3,1,125" ten="250,250,250,250" oya="0" hai0="34,103,25,54,65,60,14,42,50,70,132,104,106" hai1="79,76,9,133,86,7,66,32,11,107,119,3,57" hai2="73,116,13,102,129,56,77,95,83,53,101,63,41" hai3="40,0,121,115,134,98,20,27,91,93,105,81,128"/><T80/><D80/><U111/><E32/><V29/><F116/><W15/><G115/><T124/><D124/><U112/><E107/><V94/><F29/><W48/><G0/><T12/><D132/><U89/><E119/><V22/><F41/><W2/><G2/><T82/><D82/><U64/><E133/><V114/><F114/><W68/><G68/><T18/><D42/><U58/><E111/><V92/><F129/><W99/><G134/><T100/><D100/><U84/><E112/><V8/><REACH who="2" step="1"/><F22/><REACH who="2" ten="250,250,240,250" step="2"/><W120/><G128/><T69/><D34/><U130/><E130/><V38/><F38/><W37/><G37/><T67/><D104/><U17/><E3/><V33/><F33/><W47/><G105/><T21/><D21/><U52/><E7/><AGARI ba="0,1" hai="7,8,13,53,56,63,73,77,83,92,94,95,101,102" machi="7" ten="40,1300,0" yaku="1,1,53,0" doraHai="125" doraHaiUra="24" who="2" fromWho="1" sc="250,0,250,-13,240,23,250,0" /><INIT seed="1,0,0,4,5,72" ten="250,237,263,250" oya="1" hai0="113,71,101,66,124,100,105,58,63,33,28,61,40" hai1="130,84,123,32,80,102,99,95,52,119,70,104,111" hai2="8,122,22,69,36,56,98,97,92,132,51,43,126" hai3="117,6,16,41,60,1,29,83,20,112,110,134,45"/><U27/><E123/><V91/><F69/><W9/><G112/><T73/><D73/><U115/><E70/><V5/><F122/><W90/><G134/><T15/><D15/><U53/><E119/><V11/><F132/><W37/><G117/><T67/><D67/><U118/><E118/><V12/><F126/><W42/><G110/><T131/><D131/><U54/><E115/><V85/><F36/><W107/><G107/><T50/><D50/><U44/><E130/><V49/><F11/><W74/><G42/><T75/><D75/><U125/><E125/><V26/><F51/><W81/><G60/><T82/><D82/><U10/><E111/><V94/><F94/><W25/><G83/><T31/><D31/><U34/><E104/><V24/><F24/><W57/><G57/><T7/><D7/><U19/><E44/><N who="2" m="25759" /><F56/><W21/><G90/><T128/><D128/><U17/><E10/><V68/><F68/><W47/><G47/><T4/><D105/><U77/><REACH who="1" step="1"/><E27/><REACH who="1" ten="250,227,263,250" step="2"/><V89/><F89/><W135/><G135/><T106/><D124/><U87/><E87/><V14/><F14/><W55/><G25/><T103/><D71/><U62/><E62/><V39/><F39/><W129/><G37/><T13/><D106/><U121/><E121/><V3/><F3/><W46/><G1/><T78/><D113/><U120/><E120/><V48/><F48/><W79/><G129/><T0/><D63/><U2/><E2/><V65/><F26/><W127/><G127/><T88/><D0/><U108/><E108/><V114/><F114/><W59/><G46/><RYUUKYOKU ba="0,1" sc="250,-10,227,30,263,-10,250,-10" hai1="17,19,32,34,52,53,54,77,80,84,95,99,102" /><INIT seed="1,1,1,5,2,84" ten="240,257,253,240" oya="1" hai0="34,114,45,61,87,63,110,80,122,6,94,97,1" hai1="50,75,72,112,21,32,95,31,40,76,111,119,79" hai2="121,135,57,109,93,68,105,8,60,62,81,66,69" hai3="106,15,10,51,2,126,134,54,16,129,89,39,82"/><U30/><E32/><V104/><F121/><W35/><G106/><T92/><D34/><U25/><E119/><V113/><F135/><W123/><G123/><T65/><D122/><U58/><E112/><V73/><F113/><W128/><G39/><T120/><D120/><U108/><E31/><V0/><F109/><N who="1" m="42057" /><E75/><V27/><F27/><W12/><G35/><T9/><D114/><U67/><E72/><V20/><F20/><W37/><G37/><T130/><D110/><U22/><E22/><V90/><F69/><W96/><G134/><T3/><D3/><U117/><E117/><V59/><F59/><N who="3" m="33247" /><G2/><T86/><D65/><U71/><E71/><V133/><F133/><W64/><G64/><T98/><D63/><N who="1" m="38391" /><E95/><V5/><F81/><W24/><G24/><T13/><D61/><U132/><E132/><V7/><F73/><W74/><G15/><T125/><D1/><U124/><E124/><V44/><F104/><W70/><G70/><T118/><D125/><U99/><E99/><V52/><F105/><W83/><G126/><T46/><D97/><U36/><E36/><V115/><F115/><W78/><G96/><T11/><D98/><U29/><E29/><V88/><F93/><W4/><G82/><T48/><D80/><U131/><E131/><V101/><F0/><N who="3" m="263" /><G128/><T43/><D130/><U41/><E50/><V91/><F68/><W77/><G129/><T38/><D118/><U17/><E30/><V49/><F49/><W53/><G74/><T85/><D11/><U28/><E28/><V55/><F8/><N who="3" m="6151" /><G53/><T18/><D6/><U116/><E116/><RYUUKYOKU ba="1,1" sc="240,10,257,10,253,-30,240,10" hai0="9,13,18,38,43,45,46,48,85,86,87,92,94" hai1="17,21,25,40,41,76,79" hai3="77,78,83,89" /><INIT seed="1,2,1,0,0,25" ten="250,267,223,250" oya="1" hai0="59,96,68,51,76,63,109,49,10,87,37,131,28" hai1="11,91,98,14,4,95,32,65,115,119,8,41,1" hai2="7,123,77,50,72,6,3,26,45,60,42,92,18" hai3="118,53,70,111,126,66,85,58,121,31,107,130,20"/><U34/><E119/><V30/><F123/><W97/><G121/><T29/><D37/><U74/><E74/><V57/><F3/><W55/><G118/><T64/><D131/><U94/><E115/><V44/><F44/><W106/><G130/><T71/><D71/><U124/><E124/><V101/><F72/><W114/><G114/><T19/><D109/><U12/><E1/><V90/><F77/><W112/><G112/><T48/><D68/><U23/><E41/><V100/><F6/><W116/><G126/><T125/><D96/><U88/><E23/><N who="2" m="15711" /><F18/><W86/><G70/><T79/><D125/><U84/><REACH who="1" step="1"/><E65/><REACH who="1" ten="250,257,223,250" step="2"/><N who="2" m="39055" /><F7/><AGARI ba="2,2" hai="4,7,8,11,12,14,32,34,84,88,91,94,95,98" machi="7" ten="30,11600,0" yaku="1,1,7,1,9,1,54,1,53,0" doraHai="25" doraHaiUra="104" who="1" fromWho="2" sc="250,0,257,142,223,-122,250,0" /><INIT seed="1,3,0,4,1,11" ten="250,399,101,250" oya="1" hai0="81,101,19,87,118,17,56,28,77,80,114,22,88" hai1="71,108,134,61,116,133,129,47,92,89,46,112,117" hai2="98,82,130,23,57,70,121,105,14,110,135,95,120" hai3="8,90,34,119,9,53,115,73,63,76,39,1,127"/><U27/><E27/><V83/><F70/><W91/><G39/><T30/><D101/><U125/><E112/><V32/><F32/><W104/><G115/><T96/><D96/><U97/><E71/><V37/><F37/><W68/><G104/><T33/><D33/><U54/><E125/><V64/><F135/><N who="1" m="51721" /><E129/><V41/><F130/><W44/><G34/><T86/><D114/><U43/><E108/><V113/><F113/><W25/><G25/><T40/><D40/><U21/><E21/><V16/><F110/><W69/><G127/><T111/><D111/><U102/><E46/><V48/><F105/><W10/><G1/><T62/><D118/><U132/><E132/><V24/><F121/><W0/><G0/><T72/><D72/><U20/><E20/><V124/><F124/><W122/><G122/><T94/><D94/><U31/><E31/><N who="2" m="17823" /><F120/><W74/><G10/><T35/><D35/><U49/><E102/><N who="2" m="60767" /><F41/><W100/><G100/><T60/><D60/><U55/><E61/><N who="2" m="37935" /><F48/><W67/><G119/><AGARI ba="3,0" hai="43,47,49,54,55,89,92,97,116,117,119" m="51721" machi="119" ten="30,1500,0" yaku="20,1" doraHai="11" who="1" fromWho="3" sc="250,0,399,24,101,0,250,-24" /><INIT seed="1,4,0,4,3,25" ten="250,423,101,226" oya="1" hai0="54,102,80,120,1,50,114,88,116,40,73,69,2" hai1="43,32,48,134,135,132,37,100,90,81,36,20,82" hai2="118,65,93,24,28,74,57,108,41,124,85,56,21" hai3="83,95,121,23,67,3,10,39,87,99,38,14,55"/><U62/><E32/><V15/><F74/><W31/><G3/><T72/><D69/><U96/><E62/><V105/><F118/><W51/><G121/><T70/><D70/><U111/><E111/><V119/><F108/><W75/><G75/><T78/><D40/><U19/><E48/><V58/><F105/><W46/><G67/><T33/><D33/><U107/><E43/><V101/><F119/><W92/><G38/><N who="1" m="14954" /><E90/><V12/><F124/><W30/><G39/><T127/><D116/><U0/><E0/><V89/><F101/><N who="3" m="60647" /><G23/><T34/><D102/><U109/><E109/><V49/><REACH who="2" step="1"/><F65/><REACH who="2" ten="250,423,91,226" step="2"/><W84/><G95/><T45/><D127/><U42/><E107/><V52/><F52/><W71/><G83/><T94/><D73/><U91/><E100/><V18/><F18/><N who="3" m="8535" /><G71/><T126/><D120/><U104/><E104/><V98/><F98/><W79/><G79/><T130/><D126/><U11/><E96/><V53/><F53/><W110/><G110/><T133/><D54/><U63/><E132/><V17/><F17/><W8/><G84/><T129/><D133/><U123/><E19/><V61/><F61/><W66/><G66/><T86/><D78/><U128/><E63/><V60/><F60/><W26/><G87/><T97/><D86/><U29/><E135/><V115/><F115/><W16/><G55/><T4/><D97/><U112/><E112/><V68/><F68/><W7/><G16/><T106/><D72/><U5/><E134/><V6/><F6/><W64/><G64/><T22/><D114/><U76/><E5/><V103/><F103/><RYUUKYOKU ba="4,1" sc="250,-10,423,-10,91,30,226,-10" hai2="12,15,21,24,28,41,49,56,57,58,85,89,93" /><INIT seed="2,5,1,5,5,77" ten="240,413,121,216" oya="2" hai0="38,109,29,81,84,57,48,53,22,87,101,41,27" hai1="46,32,130,134,9,78,67,70,69,99,97,7,118" hai2="60,12,108,26,11,88,95,64,86,124,47,16,75" hai3="4,59,110,98,42,71,68,18,2,121,3,100,24"/><V85/><F75/><W36/><G121/><T116/><D116/><U43/><E32/><V115/><F115/><W65/><G110/><T104/><D101/><U61/><E118/><V62/><F108/><W105/><G59/><T93/><D104/><U83/><E70/><N who="3" m="26666" /><G18/><T120/><D120/><U132/><E130/><V72/><F72/><W19/><G19/><T122/><D122/><U28/><E28/><V33/><F124/><W103/><G65/><T20/><D109/><U50/><E132/><V31/><F64/><W114/><G114/><T94/><D38/><U102/><E102/><V128/><F128/><W92/><G92/><T106/><D41/><U17/><E17/><V10/><F47/><N who="3" m="24007" /><G24/><T112/><D106/><U133/><E133/><V56/><F11/><N who="3" m="2455" /><G103/><T25/><D112/><U14/><E134/><V8/><F8/><W51/><G51/><T58/><D58/><U55/><E55/><V45/><F45/><W30/><G30/><T113/><D113/><U23/><E23/><V123/><F123/><W5/><G5/><T107/><D107/><U34/><E34/><V96/><REACH who="2" step="1"/><F56/><REACH who="2" ten="240,413,111,216" step="2"/><W127/><G127/><T79/><REACH who="0" step="1"/><D87/><AGARI ba="5,2" hai="7,9,14,43,46,50,61,67,69,78,83,87,97,99" machi="87" ten="30,7700,0" yaku="7,1,25,2,52,1" doraHai="77" who="1" fromWho="0" sc="240,-92,413,112,111,0,216,0" /><AGARI ba="5,0" hai="10,12,16,26,31,33,60,62,85,86,87,88,95,96" machi="87" ten="40,12000,1" yaku="1,1,2,1,54,2,53,0" doraHai="77" doraHaiUra="74" who="2" fromWho="0" sc="148,-120,525,0,111,120,216,0" /><INIT seed="2,6,0,1,2,108" ten="28,525,231,216" oya="2" hai0="14,37,99,122,3,9,17,49,98,62,2,15,19" hai1="128,96,18,97,70,51,38,124,66,61,134,60,125" hai2="25,13,127,68,54,31,102,33,6,58,73,106,119" hai3="117,30,129,47,74,131,71,93,77,78,16,36,126"/><V50/><F68/><W115/><G71/><T52/><D37/><U65/><E38/><V83/><F119/><W111/><G117/><T91/><D3/><U79/><E128/><N who="3" m="49226" /><G30/><T100/><D2/><U48/><E79/><N who="3" m="30218" /><G115/><T89/><D62/><U76/><E76/><V23/><F127/><W40/><G126/><T133/><D133/><U130/><E130/><V113/><F73/><W10/><G74/><T43/><D43/><U118/><E118/><V75/><F75/><W21/><G93/><T105/><D99/><U46/><E70/><V11/><F83/><W87/><G87/><T112/><D112/><U12/><E134/><V109/><F109/><W24/><G10/><T57/><REACH who="0" step="1"/><D122/><REACH who="0" ten="18,525,231,216" step="2"/><U103/><E97/><V135/><F113/><W56/><G111/><T27/><D27/><U132/><E96/><V80/><F135/><W20/><G24/><T32/><D32/><U26/><E26/><V107/><F33/><W110/><G110/><T39/><D39/><U69/><E132/><V29/><F25/><W59/><G36/><T85/><D85/><U0/><E125/><V7/><F13/><W64/><G40/><T121/><D121/><U22/><E0/><V63/><F63/><W94/><G64/><T67/><D67/><U41/><E124/><V53/><F50/><W114/><G114/><T5/><D5/><U42/><E69/><V55/><F7/><W86/><G86/><T4/><D4/><U72/><E61/><V81/><F6/><W34/><G34/><T44/><D44/><N who="1" m="25615" /><E60/><V45/><F45/><W123/><G47/><T82/><D82/><RYUUKYOKU ba="6,1" sc="18,30,525,-10,231,-10,216,-10" hai0="9,14,15,17,19,49,52,57,89,91,98,100,105" /><INIT seed="3,7,1,2,4,34" ten="48,515,221,206" oya="3" hai0="69,100,59,76,106,48,127,13,39,71,41,96,134" hai1="87,30,25,56,92,135,26,12,74,101,129,82,15" hai2="45,6,35,89,63,27,18,29,125,55,120,130,24" hai3="51,23,9,126,97,122,57,19,70,94,115,104,22"/><W2/><G122/><T75/><D13/><U1/><E1/><V78/><F120/><W37/><G115/><T50/><D48/><U31/><E74/><V83/><F130/><W111/><G104/><T102/><D50/><U61/><E129/><V0/><F125/><W131/><G126/><T52/><D59/><U54/><E135/><V86/><F0/><W4/><G131/><T72/><D52/><U98/><E30/><V17/><F6/><W133/><G133/><T93/><D93/><U99/><E99/><V110/><F110/><W14/><G111/><T40/><D127/><U117/><E117/><V64/><F55/><N who="3" m="31999" /><G70/><T132/><D96/><U16/><E31/><V85/><F45/><W103/><G37/><T46/><D46/><U114/><E114/><V33/><F27/><N who="1" m="10249" /><E16/><V10/><F10/><N who="3" m="4423" /><G2/><T38/><REACH who="0" step="1"/><D76/><AGARI ba="7,1" hai="12,15,54,56,61,76,82,87,92,98,101" m="10249" machi="76" ten="30,1000,0" yaku="8,1" doraHai="34" who="1" fromWho="0" sc="48,-31,515,41,221,0,206,0" owari="17,-48.0,556,65.0,221,2.0,206,-19.0" /></mjloggm>