<mjloggm ver="2.3"><GO type="97" lobby="0"/><UN n0="%4B%2E%6D%61%6D%69%79%61" n1="%E9%95%B7%E3%81%84%E5%A4%A2" n2="%73%75%6E%61%62%6F%75%7A" n3="%E3%82%A6%E3%83%AB%E3%83%88%E3%83%A9%E7%AB%8B%E7%9B%B4" dan="14,15,13,15" rate="1950.11,1999.06,1847.36,1987.87" sx="M,M,M,M"/><TAIKYOKU oya="0"/><INIT seed="0,0,0,1,0,84" ten="250,250,250,250" oya="0" hai0="12,1,88,26,125,72,62,104,119,51,78,58,70" hai1="50,25,96,133,44,120,42,108,121,94,103,112,66" hai2="21,55,65,131,115,18,117,130,24,36,92,135,127" hai3="32,109,100,60,93,4,63,64,6,41,28,29,97"/><T56/><D1/><U19/><E108/><V83/><F36/><W13/><G109/><T59/><D119/><U47/><E133/><V85/><F117/><W14/><G41/><T57/><D104/><U49/><E112/><V123/><F115/><W45/><G45/><T126/><D26/><U99/><E66/><V111/><F123/><W46/><G46/><T98/><D51/><U75/><E75/><V0/><F0/><W110/><G110/><T113/><D113/><U95/><E19/><V134/><F111/><W23/><G32/><T3/><D3/><U129/><E25/><V15/><F65/><W81/><G81/><T10/><D70/><U39/><E129/><N who="2" m="49163" /><F92/><W2/><G2/><T33/><D33/><U40/><REACH who="1" step="1"/><E39/><REACH who="1" ten="250,240,250,250" step="2"/><V71/><F127/><N who="0" m="48650" /><D72/><U76/><E76/><N who="2" m="46311" /><F71/><W37/><G37/><T52/><D78/><U11/><E11/><N who="2" m="6527" /><F55/><W79/><G64/><T54/><D54/><U128/><E128/><V106/><F106/><W82/><G79/><T67/><D67/><U89/><AGARI ba="0,1" hai="40,42,44,47,49,50,89,94,95,96,99,103,120,121" machi="89" ten="20,12000,2" yaku="1,1,0,1,7,1,9,1,52,1,53,2" doraHai="84" doraHaiUra="90" who="1" fromWho="1" sc="250,-60,240,130,250,-30,250,-30" /><INIT seed="1,0,0,5,4,52" ten="190,370,220,220" oya="1" hai0="48,71,82,124,26,93,24,64,46,110,112,58,40" hai1="135,39,15,115,114,6,43,23,125,86,72,41,116" hai2="94,20,56,123,69,131,107,2,3,25,104,130,55" hai3="1,101,18,83,92,17,90,84,98,81,122,45,127"/><U62/><E116/><V77/><F69/><W61/><G1/><T38/><D112/><U105/><E105/><V80/><F123/><W132/><G122/><T28/><D82/><U75/><E62/><V10/><F10/><W68/><G127/><T126/><D93/><U7/><E86/><V22/><F94/><W109/><G132/><T134/><D134/><U60/><E60/><V108/><F108/><W129/><G109/><T79/><D79/><U8/><E135/><V47/><F47/><W95/><G129/><N who="2" m="49161" /><F107/><W57/><G68/><T33/><D26/><U117/><E23/><N who="2" m="8747" /><F25/><W91/><G45/><T31/><D31/><U85/><E8/><V21/><N who="2" m="8755" /><V66/><DORA hai="65" /><F66/><N who="3" m="39215" /><G83/><T9/><D9/><U74/><E115/><V106/><F104/><W73/><G73/><T49/><D110/><U4/><E75/><N who="2" m="43071" /><F106/><W78/><G78/><T99/><D99/><AGARI ba="0,0" hai="17,18,81,84,90,91,92,95,98,99,101" m="39215" machi="99" ten="30,2000,0" yaku="8,1,52,1" doraHai="52,65" who="3" fromWho="0" sc="190,-20,370,0,220,0,220,20" /><INIT seed="2,0,0,0,3,85" ten="170,370,220,240" oya="2" hai0="19,68,54,38,104,64,22,121,78,57,32,79,42" hai1="133,25,40,109,41,127,123,36,115,83,102,33,4" hai2="55,21,5,98,35,105,23,67,62,49,117,74,88" hai3="2,118,103,101,122,8,6,44,107,130,12,124,134"/><V58/><F117/><W113/><G118/><T45/><D104/><U47/><E115/><V46/><F74/><W0/><G122/><T70/><D32/><U18/><E109/><V92/><F105/><W60/><G2/><T89/><D121/><U129/><E129/><V119/><F119/><W31/><G0/><T69/><D78/><U7/><E102/><V112/><F112/><W65/><G107/><T106/><D106/><U116/><E116/><V51/><F35/><W120/><G120/><T131/><D131/><U56/><E41/><N who="2" m="24783" /><F5/><W43/><G130/><T30/><D79/><U76/><E7/><V50/><F50/><W132/><G31/><T16/><D64/><U96/><E4/><V10/><F10/><W3/><G3/><T28/><D19/><U87/><E18/><V111/><F111/><W15/><G113/><T34/><D34/><U14/><E36/><V61/><F67/><W73/><G73/><T128/><D89/><U52/><E33/><V59/><F59/><N who="3" m="37023" /><G103/><T20/><D20/><AGARI ba="0,0" hai="20,21,23,51,55,58,61,62,88,92,98" m="24783" machi="20" ten="30,5800,0" yaku="8,1,52,1,54,1" doraHai="85" who="2" fromWho="0" sc="170,-58,370,0,220,58,240,0" /><INIT seed="2,1,0,5,0,23" ten="112,370,278,240" oya="2" hai0="117,66,56,79,113,57,100,80,50,32,126,17,35" hai1="101,75,59,8,123,67,116,103,74,34,133,27,106" hai2="68,121,91,43,2,71,96,60,21,3,120,122,40" hai3="5,4,29,63,99,10,16,93,102,65,0,52,39"/><V62/><F21/><W13/><G39/><T89/><D89/><U108/><E116/><V37/><F96/><W18/><G29/><T49/><D80/><U33/><E8/><V110/><F91/><W114/><G114/><T131/><D79/><U31/><E34/><V20/><F20/><W76/><G76/><T15/><D100/><N who="1" m="38475" /><E106/><V53/><F110/><W83/><G83/><T26/><D66/><U30/><E30/><V54/><F122/><W109/><G109/><T73/><D113/><U130/><E108/><V115/><F115/><W85/><G85/><T22/><D73/><U81/><E81/><V25/><F37/><W84/><G84/><T14/><D117/><U64/><E59/><V77/><F77/><W98/><G0/><T128/><D22/><U82/><E82/><V24/><AGARI ba="1,0" hai="2,3,24,25,40,43,53,54,60,62,68,71,120,121" machi="24" ten="25,12000,1" yaku="0,1,22,2,52,2" doraHai="23" who="2" fromWho="2" sc="112,-41,370,-41,278,123,240,-41" /><INIT seed="2,2,0,2,5,126" ten="71,329,401,199" oya="2" hai0="122,98,72,2,36,113,60,101,92,29,30,93,65" hai1="74,18,103,80,90,111,124,0,77,82,83,133,51" hai2="66,41,135,10,120,37,132,125,55,13,116,47,89" hai3="33,78,49,52,118,69,107,17,26,94,39,131,20"/><V121/><F116/><W6/><G107/><T88/><D36/><U109/><E0/><V63/><F89/><W130/><G39/><T12/><D113/><U28/><E28/><V59/><F13/><W40/><G40/><T32/><D72/><U38/><E38/><V95/><F95/><W70/><G33/><T57/><D122/><U112/><E112/><V56/><F10/><W100/><G78/><T54/><D2/><U127/><E18/><V85/><F85/><W50/><G50/><T105/><D32/><U102/><E51/><N who="2" m="30847" /><F125/><N who="1" m="48201" /><E133/><AGARI ba="2,0" hai="37,41,47,59,63,66,120,121,132,133,135" m="30847" machi="133" ten="30,5800,0" yaku="20,1,34,2" doraHai="126" who="2" fromWho="1" sc="71,0,329,-64,401,64,199,0" /><INIT seed="2,3,0,3,1,122" ten="71,265,465,199" oya="2" hai0="64,95,94,59,49,62,79,38,106,57,15,123,43" hai1="37,36,9,107,67,29,90,108,12,131,77,39,118" hai2="110,34,114,40,41,8,80,76,16,33,98,2,65" hai3="10,48,54,125,87,22,42,56,61,46,83,96,121"/><V134/><F114/><W81/><G121/><T85/><D123/><U72/><E29/><V17/><F134/><W100/><G125/><T21/><D106/><U133/><E67/><V103/><F65/><W23/><G10/><T129/><D129/><U66/><E66/><V127/><F127/><W68/><G68/><T53/><D79/><U71/><E71/><V45/><F40/><W19/><G19/><T11/><D38/><U119/><E90/><V20/><F17/><W93/><G83/><T84/><D43/><U102/><E12/><V73/><F20/><W92/><REACH who="3" step="1"/><G93/><REACH who="3" ten="71,265,465,189" step="2"/><T26/><D94/><U126/><E9/><V128/><F128/><W86/><G86/><T130/><D130/><U74/><E126/><V5/><F16/><W14/><G14/><T47/><D47/><U0/><E131/><V116/><F116/><W82/><G82/><T60/><D60/><U50/><E119/><V52/><F110/><W91/><AGARI ba="3,1" hai="22,23,42,46,48,54,56,61,81,87,91,92,96,100" machi="91" ten="20,5200,0" yaku="1,1,0,1,7,1,8,1,53,0" doraHai="122" doraHaiUra="104" who="3" fromWho="3" sc="71,-16,265,-16,465,-29,189,71" /><INIT seed="3,0,0,1,5,74" ten="55,249,436,260" oya="3" hai0="0,103,8,127,41,20,63,115,12,40,51,24,64" hai1="87,69,1,54,21,7,101,39,77,113,82,70,11" hai2="130,47,100,132,114,53,126,17,116,90,15,83,58" hai3="79,99,67,50,4,91,49,26,92,44,22,55,131"/><W56/><G131/><T106/><D127/><U84/><E113/><V80/><F116/><W32/><G32/><T81/><D115/><U68/><E39/><V104/><F114/><W93/><G4/><T118/><D118/><U98/><E54/><V111/><F126/><W125/><G125/><T10/><D0/><U75/><REACH who="1" step="1"/><E21/><REACH who="1" ten="55,239,436,260" step="2"/><V121/><F121/><W123/><G123/><T14/><D14/><U25/><E25/><V124/><F124/><W13/><G13/><T5/><D5/><U30/><E30/><V112/><F130/><W34/><G34/><T65/><D65/><U122/><E122/><V60/><F112/><W23/><G26/><T9/><D81/><U120/><E120/><V46/><F80/><W38/><G38/><T78/><D103/><U129/><E129/><V52/><F83/><W31/><G31/><T6/><D78/><U97/><E97/><V94/><F100/><W29/><G29/><T37/><D106/><AGARI ba="0,1" hai="1,7,11,68,69,70,75,77,82,84,87,98,101,106" machi="106" ten="40,2600,0" yaku="1,1,52,1,53,0" doraHai="74" doraHaiUra="135" who="1" fromWho="0" sc="55,-26,239,36,436,0,260,0" owari="29,-47.0,275,8.0,436,53.0,260,-14.0" /></mjloggm>