<mjloggm ver="2.3"><GO type="97" lobby="0"/><UN n0="%E3%82%A6%E3%83%AB%E3%83%88%E3%83%A9%E7%AB%8B%E7%9B%B4" n1="%6C%69%62%72%61%72%79" n2="%E6%9D%89%E6%B5%A6%E4%BC%8A%E6%BE%84" n3="%6F%E8%A5%BF%E5%9C%92%E5%AF%BA%E8%87%AA%E9%87%8D%6F" dan="15,15,13,14" rate="2003.33,1937.45,1898.56,1930.69" sx="M,M,M,M"/><TAIKYOKU oya="0"/><INIT seed="0,0,0,0,4,79" ten="250,250,250,250" oya="0" hai0="124,119,134,111,93,90,125,82,60,69,42,86,128" hai1="83,131,78,53,104,45,2,48,97,11,37,52,108" hai2="99,98,33,121,23,135,74,49,62,30,127,89,92" hai3="40,56,96,57,88,51,12,16,105,103,22,58,59"/><T13/><D119/><U106/><E108/><V44/><F74/><W68/><G68/><T64/><D111/><U66/><E131/><V39/><F39/><W61/><G40/><T75/><D128/><U18/><E66/><V101/><F33/><W26/><G51/><T28/><D134/><U87/><E97/><V1/><F1/><W17/><N who="3" m="14336" /><DORA hai="81" /><W70/><G70/><T29/><D13/><U15/><E53/><V109/><F121/><W36/><G36/><T102/><D42/><U114/><E114/><V116/><F109/><W72/><G72/><T112/><D112/><U132/><E37/><V95/><F135/><W65/><G65/><T5/><D5/><U133/><E133/><V7/><F7/><W41/><G41/><T43/><D43/><U27/><E132/><V34/><F34/><W80/><G61/><T84/><D102/><U47/><E47/><V50/><F62/><W46/><G46/><T115/><D75/><U25/><REACH who="1" step="1"/><E2/><REACH who="1" ten="250,240,250,250" step="2"/><V120/><F44/><W0/><G0/><T129/><D129/><U123/><E123/><V20/><F120/><W19/><REACH who="3" step="1"/><G12/><REACH who="3" ten="250,240,250,240" step="2"/><T110/><D110/><U91/><E91/><V38/><F38/><W71/><G71/><T117/><D115/><U21/><E21/><V85/><F89/><W31/><G31/><T14/><D14/><U77/><E77/><V73/><F23/><W107/><G107/><AGARI ba="0,2" hai="11,15,18,25,27,45,48,52,78,83,87,104,106,107" machi="107" ten="40,8000,1" yaku="1,1,52,2,54,1,53,0" doraHai="79,81" doraHaiUra="130,118" who="1" fromWho="3" sc="250,0,240,100,250,0,240,-80" /><INIT seed="1,0,0,2,3,86" ten="250,340,250,160" oya="1" hai0="46,25,19,111,81,16,75,114,72,124,131,101,133" hai1="108,14,123,42,122,125,84,98,28,29,10,126,17" hai2="5,44,37,70,1,40,109,4,71,135,118,49,66" hai3="132,91,69,102,41,129,99,112,38,23,60,34,87"/><U79/><E108/><V130/><F1/><W20/><G112/><T57/><D114/><U120/><E98/><V30/><F30/><W53/><G129/><T95/><D111/><U33/><E42/><V76/><F109/><W59/><G34/><T13/><D131/><U8/><E84/><V48/><F130/><W92/><G132/><T7/><D7/><U58/><E58/><V104/><F104/><W35/><G35/><T107/><D107/><U106/><E79/><V51/><F76/><W6/><G69/><N who="2" m="26121" /><F4/><W73/><G73/><T88/><D101/><U65/><E106/><V94/><F5/><W97/><G97/><T11/><D81/><U52/><E33/><V119/><F94/><W63/><G63/><T96/><D133/><U2/><E65/><V74/><F74/><W78/><G78/><T31/><D19/><U39/><E2/><V128/><F128/><W113/><G113/><T90/><D75/><U55/><E8/><V61/><F135/><W47/><REACH who="3" step="1"/><G6/><REACH who="3" ten="250,340,250,150" step="2"/><T82/><D72/><U100/><E120/><V21/><F61/><W77/><G77/><T15/><D96/><U0/><E122/><V22/><F66/><W9/><G9/><T27/><D11/><U56/><E10/><V115/><F115/><W36/><G36/><T18/><D31/><U80/><E29/><V45/><F45/><W93/><AGARI ba="0,1" hai="20,23,38,41,47,53,59,60,87,91,92,93,99,102" machi="93" ten="20,5200,0" yaku="1,1,0,1,7,1,52,1,53,0" doraHai="86" doraHaiUra="32" who="3" fromWho="3" sc="250,-13,340,-26,250,-13,150,62" /><INIT seed="2,0,0,2,2,55" ten="237,314,237,212" oya="2" hai0="30,74,59,5,108,107,34,101,89,7,128,131,69" hai1="124,60,113,37,85,109,43,19,94,0,52,84,134" hai2="115,97,6,20,9,125,51,78,27,87,33,98,50" hai3="66,47,62,135,58,102,24,36,45,82,114,99,86"/><V79/><F33/><W122/><G135/><T54/><D74/><U15/><E0/><V2/><F115/><W95/><G122/><T13/><D69/><U31/><E113/><V35/><F35/><W57/><G114/><T61/><D101/><U93/><E134/><V105/><F125/><W72/><G72/><T103/><D103/><U96/><E124/><V32/><F32/><W88/><G36/><T3/><D107/><U76/><E109/><V38/><F38/><W41/><G41/><T100/><D100/><U119/><E119/><V56/><F105/><W111/><G111/><T112/><D3/><U133/><E31/><V22/><F22/><W68/><G68/><T44/><D108/><U23/><E133/><V73/><F73/><W8/><G8/><T16/><D112/><U121/><E121/><V116/><F116/><W49/><G24/><N who="0" m="18759" /><D89/><U80/><E84/><V39/><F39/><W104/><G104/><T127/><D44/><U81/><E81/><N who="2" m="47543" /><F79/><W25/><G25/><T77/><D77/><U117/><E117/><V11/><F11/><W63/><G49/><N who="2" m="18441" /><F56/><W70/><G70/><T42/><D127/><U12/><E37/><V130/><F130/><N who="0" m="49706" /><D42/><U29/><E43/><V4/><F4/><W91/><G102/><T17/><D17/><U67/><E76/><V53/><F53/><AGARI ba="0,0" hai="45,47,53,57,58,62,63,66,82,86,88,91,95,99" machi="53" ten="30,8000,1" yaku="7,1,8,1,52,2,54,1" doraHai="55" who="3" fromWho="2" sc="237,0,314,0,237,-80,212,80" /><INIT seed="3,0,0,3,3,47" ten="237,314,157,292" oya="3" hai0="132,7,112,42,129,55,102,70,28,6,67,10,60" hai1="53,72,13,5,86,92,54,80,107,2,115,75,41" hai2="121,36,104,135,40,83,116,125,82,103,131,33,101" hai3="93,97,16,15,35,84,69,110,66,56,65,26,120"/><W100/><G120/><T98/><D112/><U9/><E107/><V130/><F40/><W19/><G69/><T73/><D73/><U61/><E115/><V62/><F62/><W114/><G114/><T127/><D127/><U31/><E41/><V111/><F36/><W68/><G68/><T117/><D117/><U106/><E106/><V78/><F33/><W91/><G110/><T109/><D109/><U108/><E108/><V34/><F34/><W44/><G44/><T14/><D129/><U3/><E31/><V43/><F43/><W24/><G35/><T118/><D118/><U11/><E2/><V22/><F22/><N who="3" m="11551" /><G19/><T64/><D28/><U48/><E61/><V0/><F111/><W23/><G23/><T90/><D70/><U79/><E92/><V45/><F45/><W8/><G8/><T37/><D37/><U87/><E72/><V38/><F38/><W17/><G17/><T12/><D42/><U25/><E25/><N who="3" m="9834" /><G56/><T81/><D10/><U85/><REACH who="1" step="1"/><E48/><REACH who="1" ten="237,304,157,292" step="2"/><V20/><F0/><W32/><G32/><T133/><D60/><U128/><E128/><V21/><F116/><W74/><G74/><T49/><D49/><U123/><E123/><V63/><F63/><W76/><G76/><T18/><D14/><U58/><E58/><V99/><F121/><W89/><G100/><T30/><D12/><U95/><E95/><AGARI ba="0,1" hai="65,66,84,89,91,93,95,97" m="9834,11551" machi="95" ten="30,2900,0" yaku="8,1,54,1" doraHai="47" who="3" fromWho="1" sc="237,0,304,-29,157,0,292,39" owari="237,-16.0,275,8.0,157,-34.0,331,42.0" /></mjloggm>