<mjloggm ver="2.3"><GO type="97" lobby="0"/><UN n0="%E3%81%A6%E3%82%93%E3%81%BB%E3%81%86%EF%BC%88%E7%AC%91%EF%BC%89" n1="%E3%82%A6%E3%83%AB%E3%83%88%E3%83%A9%E7%AB%8B%E7%9B%B4" n2="%E6%A9%9F%E9%96%A2%E8%BB%8A%E3%83%88%E3%83%BC%E3%83%AA%E3%83%9E%E3%82%B9" n3="%E6%AE%8B%E7%85%A7%E2%85%A1" dan="17,15,14,14" rate="2086.17,1992.45,2020.63,1886.20" sx="M,M,M,M"/><TAIKYOKU oya="0"/><INIT seed="0,0,0,5,3,4" ten="250,250,250,250" oya="0" hai0="63,72,123,42,118,24,113,126,114,0,57,78,90" hai1="116,81,98,16,11,18,76,103,110,69,73,124,130" hai2="120,39,74,86,83,30,135,15,34,122,37,62,14" hai3="111,101,9,134,60,36,7,2,117,100,28,12,65"/><T108/><D118/><U46/><E116/><V49/><F74/><W105/><G117/><T23/><D123/><U89/><E69/><V35/><F135/><W128/><G134/><T54/><D0/><U97/><E124/><V21/><F62/><W133/><G133/><T40/><D126/><U51/><E130/><V47/><F30/><W44/><G128/><T22/><D72/><U109/><E89/><V91/><F21/><W96/><G111/><N who="1" m="42506" /><E98/><V107/><F107/><W5/><G101/><T94/><D78/><U10/><E97/><V31/><F31/><W93/><G28/><T1/><D1/><U68/><E68/><V127/><F127/><W82/><G82/><T80/><D80/><U67/><E67/><V66/><F66/><W17/><G36/><T88/><D108/><U61/><E61/><V132/><F132/><W92/><G7/><T53/><D63/><U45/><E103/><V102/><F102/><W8/><G44/><N who="1" m="17002" /><E51/><V85/><F83/><W20/><G20/><T59/><REACH who="0" step="1"/><D94/><REACH who="0" ten="240,250,250,250" step="2"/><U3/><E3/><V71/><F122/><W32/><REACH who="3" step="1"/><G32/><REACH who="3" ten="240,250,250,240" step="2"/><T95/><D95/><U119/><E119/><V84/><F34/><W99/><G99/><T50/><D50/><U43/><E43/><V58/><F35/><W70/><AGARI ba="0,2" hai="2,5,8,9,12,17,60,65,70,92,93,96,100,105" machi="70" ten="20,8000,1" yaku="1,1,0,1,7,1,52,2,53,0" doraHai="4" doraHaiUra="29" who="3" fromWho="3" sc="240,-40,250,-20,250,-20,240,100" /><INIT seed="1,0,0,5,0,12" ten="200,230,230,340" oya="1" hai0="106,39,16,95,22,75,34,67,125,119,99,3,5" hai1="89,80,70,44,93,100,81,57,25,115,129,135,9" hai2="124,31,66,10,45,65,116,29,18,105,58,14,87" hai3="69,28,131,46,74,107,59,52,123,110,21,35,130"/><U72/><E70/><V4/><F105/><W17/><G123/><T48/><D119/><U85/><E115/><V43/><F116/><W33/><G69/><T11/><D39/><U56/><E129/><N who="3" m="49162" /><G110/><T61/><D34/><U92/><E135/><V49/><F124/><W117/><G117/><T54/><D75/><U36/><E36/><V76/><F66/><W134/><G134/><T112/><D106/><U8/><E44/><V24/><F24/><N who="3" m="14383" /><G74/><T97/><D125/><U38/><E38/><V19/><F31/><W98/><G46/><T0/><D0/><U13/><E72/><V94/><F29/><W40/><G40/><T51/><D112/><U132/><E132/><V30/><F30/><W114/><G28/><T104/><D104/><U1/><E25/><V86/><F86/><W68/><G68/><T42/><D42/><U109/><E109/><V63/><REACH who="2" step="1"/><F94/><REACH who="2" ten="200,230,220,340" step="2"/><W90/><G114/><T73/><D73/><U7/><E92/><V47/><F47/><W62/><G107/><T113/><D113/><U118/><E118/><V41/><F41/><W120/><G120/><T127/><D127/><U133/><E133/><V78/><F78/><W102/><G102/><T2/><D95/><AGARI ba="0,1" hai="33,35,52,59,62,90,95,98" m="14383,49162" machi="95" ten="30,7700,0" yaku="25,1,19,1,52,1,54,1" doraHai="12" who="3" fromWho="0" sc="200,-77,230,0,220,0,340,87" /><INIT seed="2,0,0,4,0,23" ten="123,230,220,427" oya="2" hai0="45,51,66,56,132,16,97,34,94,103,83,41,84" hai1="24,1,122,4,14,38,27,99,18,75,115,55,108" hai2="76,60,20,8,100,124,111,85,47,65,134,29,98" hai3="42,106,87,22,105,54,104,30,73,35,36,57,71"/><V81/><F134/><W25/><G73/><T33/><D132/><U82/><E115/><V80/><F124/><W63/><G71/><T21/><D56/><U128/><E122/><V46/><F111/><W28/><G36/><T88/><REACH who="0" step="1"/><D66/><REACH who="0" ten="113,230,220,427" step="2"/><U37/><E108/><V93/><F8/><W5/><G42/><T43/><D43/><U74/><E55/><V70/><F80/><W58/><G5/><T15/><AGARI ba="0,1" hai="15,16,21,33,34,41,45,51,83,84,88,94,97,103" machi="15" ten="20,8000,1" yaku="1,1,0,1,7,1,54,2,53,0" doraHai="23" doraHaiUra="61" who="0" fromWho="0" sc="113,90,230,-20,220,-40,427,-20" /><INIT seed="3,0,0,5,3,67" ten="203,210,180,407" oya="3" hai0="114,65,120,29,128,59,121,36,0,78,16,86,39" hai1="80,42,94,11,8,93,123,90,79,66,56,46,134" hai2="85,110,9,48,70,95,116,53,115,26,72,34,75" hai3="96,60,113,17,43,84,105,44,132,71,107,64,83"/><W18/><G113/><T135/><D114/><U102/><E134/><V88/><F116/><W104/><G132/><T35/><D135/><U125/><E125/><V82/><F115/><W87/><G96/><T38/><D0/><U40/><E102/><V47/><F110/><W74/><G74/><T111/><D111/><U103/><E103/><V97/><F70/><W10/><G87/><T98/><D98/><U130/><E130/><V1/><F34/><W101/><G101/><T45/><D128/><U133/><E133/><V57/><F26/><W99/><G99/><T118/><D118/><U112/><E112/><V68/><F68/><W54/><G54/><T20/><D29/><U58/><E90/><V89/><F1/><W62/><G62/><T5/><D35/><U81/><E66/><V63/><REACH who="2" step="1"/><F9/><REACH who="2" ten="203,210,170,407" step="2"/><W24/><G10/><T7/><D120/><U50/><E11/><V19/><F19/><W3/><G3/><T12/><D121/><U61/><E8/><V73/><F73/><W37/><REACH who="3" step="1"/><G24/><REACH who="3" ten="203,210,170,397" step="2"/><T13/><D5/><U51/><E123/><V25/><F25/><W129/><G129/><T122/><D7/><U30/><E61/><V22/><F22/><W6/><G6/><T92/><D20/><U28/><E79/><AGARI ba="0,2" hai="17,18,37,43,44,60,64,71,79,83,84,104,105,107" machi="79" ten="40,3900,0" yaku="1,1,52,1,53,0" doraHai="67" doraHaiUra="31" who="3" fromWho="1" sc="203,0,210,-39,170,0,397,59" owari="203,0.0,171,-23.0,170,-33.0,456,56.0" /></mjloggm>