<mjloggm ver="2.3"><GO type="41" lobby="0"/><UN n0="%6D%6F%74%6F%36" n1="%E3%82%82%E3%81%BF%E3%81%82%E3%81%92%EF%BD%9E%E3%82%8B" n2="%E3%83%A9%E3%83%95%E3%82%A3%E3%82%A2%E3%83%B3" n3="%E3%82%A6%E3%83%AB%E3%83%88%E3%83%A9%E7%AB%8B%E7%9B%B4" dan="15,13,15,15" rate="2018.42,1810.23,2081.74,1971.26" sx="M,M,F,M"/><TAIKYOKU oya="0"/><INIT seed="0,0,0,3,0,87" ten="250,250,250,250" oya="0" hai0="50,81,105,52,96,4,110,88,40,83,38,44,17" hai1="126,12,82,73,112,108,134,115,56,5,116,101,85" hai2="11,53,29,3,27,90,104,131,6,64,89,15,60" hai3="84,35,21,128,74,98,9,102,24,63,120,97,37"/><T43/><D4/><U106/><E116/><V62/><F104/><W127/><G74/><T122/><D122/><U123/><E123/><V94/><F131/><W61/><G37/><T1/><D1/><U119/><E119/><V58/><F3/><W26/><G128/><T71/><D71/><U133/><E56/><N who="2" m="36871" /><F94/><W91/><G127/><T47/><D110/><U54/><E54/><V129/><F129/><W23/><G9/><T113/><D113/><N who="1" m="43595" /><E5/><V80/><F80/><N who="0" m="30794" /><D38/><U117/><E117/><V18/><F29/><W100/><G120/><T114/><D105/><U36/><E36/><V0/><F0/><W69/><G69/><T72/><D72/><U92/><E12/><N who="2" m="5239" /><F27/><W107/><G107/><T79/><D114/><U46/><E46/><V30/><F30/><W67/><G35/><T34/><D34/><U51/><E51/><V33/><F33/><W32/><G32/><T55/><D79/><U39/><E39/><V121/><F121/><W57/><G57/><N who="0" m="32919" /><D17/><U109/><E126/><V41/><F41/><N who="0" m="15946" /><D55/><U31/><E31/><V99/><F99/><W7/><G7/><T66/><D66/><U20/><E20/><AGARI ba="0,0" hai="15,18,20,53,58,62,89,90" m="5239,36871" machi="20" ten="30,3900,0" yaku="8,1,52,2" doraHai="87" who="2" fromWho="1" sc="250,0,250,-39,250,39,250,0" /><INIT seed="1,0,0,3,3,1" ten="250,211,289,250" oya="1" hai0="28,104,111,33,74,126,13,45,27,37,49,6,2" hai1="82,64,121,128,108,57,14,84,132,53,55,24,83" hai2="50,109,0,25,23,135,99,89,46,91,58,32,51" hai3="124,18,52,17,15,100,80,96,62,119,68,106,70"/><U8/><E121/><V54/><F32/><W115/><G115/><T69/><D49/><U88/><E132/><V102/><F109/><W118/><G124/><T131/><D13/><U63/><E108/><V35/><F0/><W107/><G80/><T38/><D111/><U78/><E128/><V86/><F86/><W94/><G68/><T72/><D131/><U133/><E24/><V12/><F12/><W95/><G95/><T65/><D126/><U77/><E77/><V117/><F35/><W44/><G70/><T93/><D93/><U56/><E133/><V75/><F75/><N who="0" m="28714" /><D45/><U29/><E29/><N who="2" m="17599" /><F117/><N who="3" m="44555" /><G18/><T31/><D31/><U60/><E64/><V34/><F34/><W125/><G125/><T85/><D85/><U47/><E47/><V19/><F19/><W122/><G107/><T22/><D22/><U79/><REACH who="1" step="1"/><E83/><REACH who="1" ten="250,201,289,250" step="2"/><V10/><F135/><W73/><G44/><T112/><D112/><U61/><E61/><V67/><F67/><W20/><G62/><N who="0" m="40119" /><D104/><U16/><AGARI ba="0,1" hai="8,14,16,53,55,56,57,60,63,78,79,82,84,88" machi="16" ten="20,18000,2" yaku="1,1,0,1,7,1,9,1,8,1,54,2,53,0" doraHai="1" doraHaiUra="66" who="1" fromWho="1" sc="250,-60,201,190,289,-60,250,-60" /><INIT seed="1,1,0,2,4,114" ten="190,391,229,190" oya="1" hai0="134,98,66,83,133,33,50,77,4,127,21,109,75" hai1="113,99,30,36,31,1,121,52,87,51,8,0,16" hai2="10,93,129,105,117,73,49,63,106,20,108,29,80" hai3="125,90,14,9,27,25,17,111,45,7,94,6,55"/><U19/><E113/><V13/><F108/><W32/><G125/><T116/><D33/><U15/><E36/><V84/><F129/><W100/><G100/><T41/><D109/><U57/><E121/><V130/><F130/><W120/><G120/><T67/><D127/><U102/><E1/><V132/><F132/><N who="0" m="50794" /><D4/><U68/><E68/><V2/><F2/><W5/><G32/><T34/><D34/><U81/><E0/><V74/><F93/><W28/><G28/><T39/><D39/><U95/><REACH who="1" step="1"/><E19/><REACH who="1" ten="190,381,229,190" step="2"/><V103/><F29/><W82/><G111/><T97/><D21/><U123/><E123/><V53/><F20/><W122/><G122/><T35/><D35/><U112/><E112/><V18/><F18/><W44/><G17/><T110/><D110/><U62/><E62/><V43/><F63/><W69/><G69/><T86/><D50/><U48/><E48/><V12/><F49/><W61/><G61/><T70/><D70/><U85/><E85/><V88/><F84/><W3/><G3/><T22/><D86/><U64/><E64/><V119/><F74/><W24/><G6/><T118/><D67/><U72/><E72/><V65/><F65/><W79/><G7/><T26/><D66/><U40/><E40/><V58/><F43/><W59/><G5/><T38/><D41/><U92/><E92/><V76/><F73/><W60/><G94/><T104/><D38/><U56/><E56/><V131/><F58/><W91/><G59/><T46/><D75/><U124/><E124/><V37/><F37/><W54/><G60/><T107/><D22/><RYUUKYOKU ba="1,1" sc="190,-10,381,30,229,-10,190,-10" hai1="8,15,16,30,31,51,52,57,81,87,95,99,102" /><INIT seed="1,2,1,0,1,93" ten="180,411,219,180" oya="1" hai0="89,75,31,62,116,91,134,84,121,135,36,126,125" hai1="88,42,98,25,67,132,79,8,3,53,14,16,102" hai2="83,22,4,32,19,111,61,73,119,109,26,50,45" hai3="71,108,35,112,122,38,13,104,70,86,90,72,131"/><U27/><E3/><V52/><F119/><W78/><G13/><T130/><D36/><U1/><E1/><V55/><F32/><W51/><G51/><T18/><D31/><U21/><E132/><N who="0" m="50729" /><D62/><U43/><E79/><N who="2" m="44527" /><F4/><W28/><G28/><T113/><D18/><U118/><E118/><V64/><F61/><W120/><G120/><T96/><D116/><U56/><E67/><V106/><F64/><W110/><G71/><T103/><D75/><U57/><E57/><V39/><F106/><W60/><G60/><T133/><D133/><U92/><E27/><V127/><F127/><N who="0" m="48650" /><D121/><U29/><E102/><V115/><F39/><W37/><G122/><T10/><D10/><U15/><E15/><V76/><F19/><W128/><G37/><T66/><D66/><U47/><E47/><V46/><F45/><W105/><G38/><T99/><D113/><U44/><E44/><V2/><F46/><W107/><G70/><T124/><D124/><U59/><E59/><V58/><F58/><W9/><G9/><T20/><D20/><U7/><E29/><V101/><F22/><W77/><G35/><T129/><D91/><U65/><E65/><V5/><F115/><W6/><G112/><T94/><D103/><U69/><E69/><V49/><F101/><W97/><G6/><T41/><D41/><U33/><E33/><V0/><F5/><W100/><G72/><T80/><D80/><U63/><AGARI ba="2,1" hai="7,8,14,16,21,25,42,43,53,56,63,88,92,98" machi="63" ten="20,24000,3" yaku="0,1,7,1,25,2,8,1,52,1,54,2" doraHai="93" who="1" fromWho="1" sc="180,-82,411,256,219,-82,180,-82" /><INIT seed="1,3,0,0,5,29" ten="98,667,137,98" oya="1" hai0="11,122,111,15,47,18,69,92,14,28,67,118,53" hai1="65,50,42,116,23,74,73,99,9,24,22,121,3" hai2="49,86,126,62,21,105,117,114,78,82,71,33,79" hai3="98,4,93,70,8,55,35,34,30,19,16,52,58"/><U57/><E121/><V81/><F117/><W97/><G70/><T1/><D118/><U44/><E116/><V36/><F36/><W46/><G46/><T26/><D1/><U17/><E23/><V124/><F105/><W96/><G93/><T83/><D122/><U113/><E113/><V76/><F114/><W100/><G100/><T107/><D107/><U127/><E127/><N who="2" m="48683" /><F21/><W90/><G90/><T39/><D111/><U80/><E80/><V72/><F49/><W102/><G102/><T5/><D39/><U104/><E104/><V54/><F33/><W60/><G55/><T123/><D123/><U37/><E37/><V134/><F134/><W75/><G75/><T56/><D67/><U85/><E85/><V89/><F54/><W13/><G30/><T51/><D69/><U43/><E43/><V109/><F109/><W120/><G120/><T133/><D133/><U12/><E3/><V64/><AGARI ba="3,0" hai="62,64,71,72,76,78,79,81,82,86,89" m="48683" machi="64" ten="30,1100,0" yaku="18,1" doraHai="29" who="2" fromWho="2" sc="98,-6,667,-8,137,20,98,-6" /><INIT seed="2,0,0,5,3,27" ten="92,659,157,92" oya="2" hai0="118,9,94,101,84,11,80,127,18,69,102,133,62" hai1="67,3,37,93,10,112,77,116,72,2,60,20,96" hai2="47,55,41,126,83,100,14,129,42,13,36,75,22" hai3="12,48,23,85,57,106,50,113,97,121,45,0,92"/><V119/><F119/><W38/><G0/><T108/><D118/><U115/><E116/><V17/><F126/><W109/><G38/><T5/><D127/><U29/><E115/><V70/><F70/><W130/><G106/><T51/><D108/><U25/><E112/><V87/><F75/><W35/><G35/><T26/><D133/><U56/><E37/><V32/><F32/><W88/><G113/><T71/><D71/><U1/><E72/><V120/><F120/><W132/><G109/><T31/><D18/><U21/><E77/><V4/><F129/><W65/><G132/><T89/><D51/><U39/><E39/><V81/><F100/><W64/><G121/><T24/><D24/><U110/><E110/><V52/><F42/><W95/><G50/><T99/><D102/><U74/><E74/><V61/><F61/><W66/><G57/><T76/><D5/><U44/><E44/><V63/><F63/><W73/><G73/><T90/><D90/><U43/><E43/><V104/><F104/><W33/><G33/><T54/><D89/><U59/><E59/><V46/><F46/><W15/><G130/><T111/><D111/><U123/><E123/><V98/><F98/><W58/><G58/><N who="0" m="35159" /><D69/><U125/><E125/><V19/><F4/><W124/><G124/><T40/><D40/><U107/><E107/><V79/><REACH who="2" step="1"/><F83/><REACH who="2" ten="92,659,147,92" step="2"/><W117/><G117/><T28/><D26/><U91/><E60/><V135/><F135/><W6/><G6/><T16/><D101/><U103/><E103/><V131/><F131/><W8/><G97/><T105/><D80/><RYUUKYOKU ba="0,1" sc="92,-10,659,-10,147,30,92,-10" hai2="13,14,17,19,22,36,41,47,52,55,79,81,87" /><INIT seed="2,1,1,1,2,116" ten="82,649,177,82" oya="2" hai0="65,66,102,51,0,39,59,91,26,68,121,58,101" hai1="126,43,54,69,5,25,77,93,103,9,129,17,67" hai2="31,16,45,81,7,72,40,87,60,61,63,6,84" hai3="76,21,18,46,12,99,38,98,128,95,119,53,85"/><V41/><F72/><W15/><G119/><T22/><D0/><U86/><E43/><N who="2" m="16459" /><F45/><W37/><G128/><T123/><D39/><U47/><E129/><V27/><F31/><W32/><G32/><T127/><D68/><U75/><E75/><V104/><F104/><W14/><G38/><T55/><D127/><U97/><E69/><V109/><F109/><W105/><G105/><T8/><D8/><U135/><E126/><V96/><F96/><W130/><G130/><T114/><D114/><U19/><E67/><V71/><F71/><W122/><G37/><T35/><D35/><U92/><E25/><V28/><F28/><W70/><G70/><T79/><D79/><U107/><E135/><V132/><F132/><W13/><G98/><T11/><D11/><U30/><E30/><V52/><F52/><W106/><G106/><T88/><D55/><U4/><E4/><N who="2" m="1579" /><F81/><W113/><G53/><T62/><D51/><U115/><E115/><V111/><F111/><W117/><G46/><T131/><D131/><U56/><E47/><V110/><F110/><W50/><G50/><T48/><D48/><U100/><E107/><V78/><F78/><W29/><G29/><T89/><D89/><U94/><E77/><V74/><F74/><W20/><G113/><T90/><D102/><U44/><E44/><V64/><F64/><W73/><G73/><T33/><D101/><U57/><E57/><V49/><F49/><W42/><G76/><T124/><D124/><U23/><E103/><V108/><F108/><W82/><G42/><T118/><D33/><U36/><E100/><RYUUKYOKU ba="1,1" sc="82,-10,649,-10,177,30,82,-10" hai2="16,27,60,61,63,84,87" /><INIT seed="2,2,1,1,3,131" ten="72,639,207,72" oya="2" hai0="37,45,25,93,19,67,21,63,121,130,127,102,56" hai1="87,96,2,80,41,47,30,129,22,68,24,17,119" hai2="91,65,32,74,31,134,14,4,84,113,59,88,51" hai3="48,33,35,53,125,64,94,89,81,38,34,103,70"/><V79/><F134/><W6/><G38/><T106/><D130/><U132/><E119/><V43/><F113/><W117/><G117/><T104/><D127/><U54/><E129/><V28/><F74/><W40/><G40/><T135/><D121/><U77/><E68/><V12/><F32/><W69/><G125/><T92/><D135/><U90/><E132/><V73/><F73/><W26/><G6/><T110/><D110/><U112/><E112/><V98/><F79/><W50/><G81/><T29/><D93/><U128/><E2/><V115/><F115/><W8/><G103/><T5/><D5/><U61/><E128/><V75/><F75/><W76/><G76/><T52/><D19/><U116/><E116/><V27/><F98/><W111/><G111/><T49/><D37/><U85/><E96/><AGARI ba="2,1" hai="21,25,29,45,49,52,56,63,67,92,96,102,104,106" machi="96" ten="40,5200,0" yaku="25,2,54,1" doraHai="131" who="0" fromWho="1" sc="72,68,639,-58,207,0,72,0" /><INIT seed="3,0,0,4,0,103" ten="140,581,207,72" oya="3" hai0="24,27,0,51,20,7,17,1,47,121,55,9,2" hai1="3,131,100,93,65,104,127,59,36,120,74,19,118" hai2="99,119,53,63,14,133,31,46,77,57,62,84,109" hai3="83,101,85,80,10,98,25,37,54,125,42,128,112"/><W45/><G112/><T97/><D121/><U32/><RYUUKYOKU type="yao9" ba="0,0" sc="140,0,581,0,207,0,72,0" hai1="3,19,32,36,59,65,74,93,100,104,118,120,127,131" /><INIT seed="3,1,0,2,3,111" ten="140,581,207,72" oya="3" hai0="99,98,83,90,38,20,26,124,105,97,15,59,55" hai1="68,134,56,71,101,40,77,91,37,125,58,8,76" hai2="80,46,132,14,93,2,39,75,70,127,133,95,78" hai3="118,81,135,24,66,88,25,126,108,19,96,5,116"/><W73/><G108/><T41/><D124/><U87/><E125/><V114/><F127/><W31/><G126/><T34/><D105/><U1/><E101/><V109/><F109/><W29/><G5/><T92/><D34/><U54/><E1/><V6/><F70/><W94/><G19/><T50/><D38/><U11/><E37/><V79/><F79/><W130/><G130/><T104/><D104/><U121/><E121/><V69/><F69/><W107/><G107/><T30/><D41/><U45/><E45/><V9/><F14/><W61/><G135/><N who="2" m="51785" /><F114/><W12/><G12/><T32/><D32/><U86/><E40/><AGARI ba="1,0" hai="2,6,9,39,40,46,75,78,80,93,95" m="51785" machi="40" ten="30,2000,0" yaku="25,1,20,1" doraHai="111" who="2" fromWho="1" sc="140,0,581,-23,207,23,72,0" /><INIT seed="4,0,0,5,3,20" ten="140,558,230,72" oya="0" hai0="18,133,41,43,75,65,14,115,54,29,55,108,73" hai1="70,38,15,97,87,5,88,119,102,127,134,40,101" hai2="2,13,78,32,56,125,106,71,36,116,12,80,93" hai3="35,21,25,8,3,89,59,81,124,98,86,122,51"/><T57/><D75/><U105/><E70/><V74/><F106/><W53/><G35/><T77/><D73/><U84/><E119/><V126/><F71/><W9/><G3/><T107/><D107/><U1/><E1/><V28/><F116/><W46/><G122/><T47/><D115/><U72/><E38/><V11/><F36/><W50/><G98/><T82/><D133/><U131/><E40/><V100/><F56/><W99/><G124/><N who="2" m="47721" /><F2/><W128/><G128/><T96/><D108/><U68/><E68/><V31/><F32/><W120/><G120/><T104/><D104/><U26/><E127/><V16/><F13/><W76/><G76/><T4/><D65/><U69/><E69/><V52/><F52/><N who="3" m="29783" /><G99/><AGARI ba="0,0" hai="11,12,16,28,31,74,78,80,93,99,100" m="47721" machi="99" ten="30,2000,0" yaku="18,1,54,1" doraHai="20" who="2" fromWho="3" sc="140,0,558,0,230,20,72,-20" /><INIT seed="5,0,0,3,4,69" ten="140,558,250,52" oya="1" hai0="68,109,90,9,130,50,74,35,62,116,118,98,96" hai1="97,6,78,132,45,49,43,61,59,67,120,129,41" hai2="115,72,104,32,19,31,127,36,66,0,48,25,93" hai3="85,13,46,30,113,57,38,5,105,95,125,14,21"/><U16/><E120/><V83/><F36/><W108/><G105/><T107/><D50/><U52/><E129/><V29/><F104/><W70/><G70/><T56/><D90/><U53/><E132/><V2/><F127/><W73/><G73/><T75/><D56/><U4/><E78/><V26/><F115/><W89/><G113/><T88/><D88/><U123/><E123/><V103/><F66/><W22/><G125/><T124/><D124/><U102/><E43/><V58/><F19/><W33/><G108/><T86/><D86/><U92/><E16/><V80/><F48/><W12/><G5/><AGARI ba="0,0" hai="4,5,6,41,45,49,52,53,59,61,67,92,97,102" machi="5" ten="40,3900,0" yaku="8,1,54,1" doraHai="69" who="1" fromWho="3" sc="140,0,558,39,250,0,52,-39" /><INIT seed="5,1,0,5,4,14" ten="140,597,250,13" oya="1" hai0="110,72,71,62,98,111,31,5,116,42,79,109,27" hai1="16,132,83,17,56,102,18,21,60,12,38,53,66" hai2="23,117,22,19,94,73,3,67,25,81,95,105,43" hai3="108,11,85,90,114,76,10,45,33,131,88,0,20"/><U106/><E38/><V26/><F105/><W34/><G108/><T125/><D42/><U32/><E32/><V92/><F3/><W97/><G76/><T121/><D5/><U69/><E83/><V29/><F117/><W63/><G0/><T135/><D98/><U119/><E119/><V134/><F134/><W101/><G33/><N who="0" m="20735" /><D116/><U49/><E106/><V35/><F67/><W61/><G34/><T77/><D77/><U120/><E120/><V118/><F118/><W4/><G4/><T58/><D58/><U54/><E102/><V123/><F123/><W46/><G101/><T44/><D44/><U51/><E132/><V122/><F122/><W47/><G97/><T40/><D40/><U59/><AGARI ba="1,0" hai="12,16,17,18,21,49,51,53,54,56,59,60,66,69" machi="59" ten="20,18000,2" yaku="0,1,7,1,9,1,52,3,54,1" doraHai="14" who="1" fromWho="1" sc="140,-61,597,183,250,-61,13,-61" owari="79,-32.0,780,88.0,189,-1.0,-48,-55.0" /></mjloggm>