<mjloggm ver="2.3"><GO type="97" lobby="0"/><UN n0="%E3%81%A1%E3%81%B3%E3%81%B2%E3%81%AA" n1="%E8%A6%8B%E3%81%88%E3%81%96%E3%82%8B%E6%89%8B" n2="%E3%82%A6%E3%83%AB%E3%83%88%E3%83%A9%E7%AB%8B%E7%9B%B4" n3="%E5%A4%A7%E6%8E%88" dan="13,15,15,14" rate="1902.42,1982.88,2011.31,1932.56" sx="M,M,M,M"/><TAIKYOKU oya="0"/><INIT seed="0,0,0,4,4,132" ten="250,250,250,250" oya="0" hai0="58,69,18,68,88,11,128,17,64,42,131,100,4" hai1="54,2,33,108,113,82,34,125,89,123,7,24,47" hai2="67,50,53,122,116,76,106,23,133,37,105,48,12" hai3="73,70,135,86,74,80,117,10,55,28,87,83,15"/><T92/><D100/><U111/><E113/><V3/><F3/><W63/><G135/><T59/><D42/><U9/><E123/><V60/><F37/><W97/><G117/><T93/><D93/><U109/><E24/><V45/><F133/><W130/><G130/><N who="0" m="49707" /><D58/><U72/><E125/><V96/><F122/><W0/><G0/><N who="0" m="391" /><D59/><U44/><E89/><V52/><F116/><W95/><G70/><N who="0" m="27243" /><D64/><U16/><E16/><V8/><F96/><AGARI ba="0,0" hai="17,18,88,92,96" m="27243,391,49707" machi="96" ten="30,2900,0" yaku="19,1,54,1" doraHai="132" who="0" fromWho="2" sc="250,29,250,0,250,-29,250,0" /><INIT seed="0,1,0,5,5,34" ten="279,250,221,250" oya="0" hai0="85,64,35,101,63,98,26,135,60,28,72,79,37" hai1="41,48,1,97,115,27,111,5,74,44,4,2,51" hai2="19,95,71,117,130,59,54,83,38,68,96,129,65" hai3="103,8,106,119,40,80,77,36,93,87,76,113,55"/><T78/><D37/><U33/><E115/><V69/><F83/><W109/><G36/><T6/><D135/><U47/><E74/><V7/><F19/><W39/><G39/><T42/><D42/><U0/><E111/><V22/><F22/><W124/><G40/><T66/><D72/><U107/><E107/><V86/><F86/><W75/><G55/><T20/><D6/><U90/><E90/><V10/><F65/><W46/><G46/><T14/><D85/><U16/><E97/><V70/><N who="2" m="17408" /><DORA hai="88" /><V92/><F38/><W13/><G124/><T89/><D89/><U133/><E133/><V49/><F117/><W23/><G119/><T25/><D14/><U123/><E123/><V120/><F120/><W122/><G113/><T125/><D125/><U99/><E99/><V53/><F53/><W12/><G122/><T81/><D66/><U105/><E105/><V31/><F31/><W82/><G106/><T43/><D43/><U100/><E100/><V11/><F96/><W62/><G109/><T121/><D121/><U67/><E67/><V73/><F73/><W52/><G23/><T112/><D112/><U61/><E61/><V127/><F127/><W110/><G110/><T50/><D50/><U45/><E41/><V132/><F132/><W21/><G21/><T58/><D63/><U3/><N who="1" m="512" /><DORA hai="91" /><U94/><E94/><N who="2" m="35883" /><F7/><N who="1" m="2633" /><E16/><V9/><F49/><W24/><G75/><T15/><D81/><U18/><E18/><V108/><F108/><W128/><G82/><T116/><D98/><U131/><E131/><N who="2" m="50187" /><F54/><W126/><G128/><T57/><D64/><RYUUKYOKU ba="1,0" sc="279,-15,250,15,221,15,250,-15" hai1="27,33,44,45,47,48,51" hai2="9,10,11,59" /><INIT seed="1,2,0,5,4,126" ten="264,265,236,235" oya="1" hai0="52,135,132,116,128,133,120,82,41,2,31,70,100" hai1="5,110,24,91,50,19,51,20,53,115,125,74,48" hai2="8,84,101,44,13,71,105,119,79,92,66,29,114" hai3="55,62,97,89,83,76,64,17,112,80,45,118,56"/><U87/><E115/><V113/><F119/><W11/><G118/><T109/><D116/><U15/><E74/><V16/><F105/><W106/><G112/><N who="2" m="43113" /><F29/><W39/><G39/><T93/><D109/><U78/><E78/><V57/><F71/><W68/><G106/><T18/><D120/><U85/><E125/><V36/><F101/><W67/><G67/><T99/><D70/><U0/><E0/><V47/><F36/><W38/><G97/><T107/><D41/><U108/><E53/><V75/><F75/><W102/><G102/><T58/><D31/><U81/><E87/><V134/><F134/><W77/><G89/><T4/><D82/><U3/><E3/><V88/><F79/><W73/><G38/><T23/><D107/><U10/><AGARI ba="2,0" hai="5,10,15,19,20,24,48,50,51,81,85,91,108,110" machi="10" ten="40,2100,0" yaku="0,1" doraHai="126" who="1" fromWho="1" sc="264,-9,265,27,236,-9,235,-9" /><INIT seed="1,3,0,0,2,55" ten="255,292,227,226" oya="1" hai0="8,119,67,87,28,25,57,12,129,3,34,97,30" hai1="31,130,63,14,135,131,105,110,124,104,102,90,46" hai2="1,108,9,85,41,68,17,115,11,109,50,42,72" hai3="134,61,65,73,47,111,107,70,40,86,77,6,51"/><U26/><E135/><V44/><F72/><W59/><G134/><T121/><D119/><U76/><E124/><V127/><F68/><W123/><G123/><T2/><D121/><U133/><E133/><V126/><F115/><W98/><G111/><N who="2" m="42569" /><F41/><W20/><G73/><T23/><D129/><N who="1" m="49163" /><E110/><V62/><F62/><W122/><G122/><T22/><D87/><U128/><E76/><V74/><F74/><W75/><G75/><T60/><D97/><U48/><E102/><V53/><F42/><W118/><G118/><T132/><D132/><U15/><E90/><V92/><F11/><W112/><G112/><T0/><REACH who="0" step="1"/><D30/><REACH who="0" ten="245,292,227,226" step="2"/><U103/><E128/><V101/><F85/><W27/><G98/><T99/><D99/><U64/><E103/><V125/><F101/><W81/><G107/><T120/><D120/><U113/><E113/><V29/><F29/><W78/><G6/><AGARI ba="3,1" hai="0,2,3,6,8,12,22,23,25,28,34,57,60,67" machi="6" ten="40,5200,0" yaku="1,1,52,1,53,1" doraHai="55" doraHaiUra="52" who="0" fromWho="3" sc="245,71,292,0,227,0,226,-61" /><INIT seed="2,0,0,2,4,65" ten="316,292,227,165" oya="2" hai0="107,96,91,114,117,104,20,109,86,66,28,111,121" hai1="55,7,38,14,30,49,62,115,123,46,73,21,32" hai2="82,105,5,116,97,57,11,36,67,44,43,17,10" hai3="125,90,27,61,37,58,42,51,131,84,22,40,31"/><V50/><F116/><W9/><G131/><T80/><D117/><U16/><E115/><V103/><F17/><W128/><G37/><T15/><D114/><U102/><E73/><V63/><F82/><W135/><G128/><T19/><D121/><U95/><E123/><V53/><REACH who="2" step="1"/><F5/><REACH who="2" ten="316,292,217,165" step="2"/><W0/><G135/><T77/><D19/><U81/><E7/><V12/><F12/><W133/><G125/><T72/><D15/><U132/><E81/><V24/><F24/><W85/><G133/><T64/><D80/><U48/><E132/><V34/><F34/><W33/><G33/><T74/><D28/><U39/><E30/><V83/><F83/><W25/><G0/><T87/><D111/><U120/><E32/><V45/><AGARI ba="0,1" hai="10,11,36,43,44,45,50,53,57,63,67,97,103,105" machi="45" ten="20,3900,0" yaku="1,1,0,1,7,1,53,0" doraHai="65" doraHaiUra="122" who="2" fromWho="2" sc="316,-13,292,-13,217,49,165,-13" /><INIT seed="2,1,0,5,4,65" ten="303,279,266,152" oya="2" hai0="110,90,79,53,120,13,22,28,11,12,59,94,69" hai1="60,107,109,105,112,15,46,124,98,14,99,8,23" hai2="2,45,26,49,91,7,102,10,1,70,93,63,130" hai3="42,115,24,41,58,34,126,18,48,87,64,71,86"/><V113/><F102/><W132/><G126/><T51/><D120/><U104/><E112/><V37/><F37/><W121/><G121/><T103/><D110/><U66/><E109/><V117/><F117/><W30/><G132/><T54/><D79/><U57/><E124/><V96/><F113/><W133/><G115/><T52/><D103/><U114/><E114/><V135/><F135/><W16/><G133/><T32/><D32/><U33/><E33/><V80/><F130/><W43/><G58/><T73/><D69/><U134/><E134/><V101/><F26/><W82/><G48/><T131/><D73/><U95/><E46/><V68/><F2/><W56/><G56/><T5/><D131/><U128/><E128/><V19/><F19/><W85/><REACH who="3" step="1"/><G82/><REACH who="3" ten="303,279,266,142" step="2"/><T0/><D51/><U36/><E57/><V72/><F63/><AGARI ba="1,1" hai="16,18,24,30,34,41,42,43,63,64,71,85,86,87" machi="63" ten="40,8000,1" yaku="1,1,2,1,52,1,54,1,53,0" doraHai="65" doraHaiUra="44" who="3" fromWho="2" sc="303,0,279,0,266,-83,142,93" /><INIT seed="3,0,0,0,3,60" ten="303,279,183,235" oya="3" hai0="132,87,1,34,119,98,7,63,3,49,96,50,135" hai1="11,78,103,45,76,68,29,97,48,27,127,18,89" hai2="71,123,14,12,88,32,28,20,77,37,105,134,55" hai3="81,124,64,85,72,101,39,130,106,8,57,31,86"/><W115/><G115/><T83/><D34/><U121/><E121/><V126/><F123/><W62/><G39/><T84/><D119/><U122/><E122/><V80/><F37/><W66/><G130/><T24/><D63/><U43/><E127/><V100/><F126/><W113/><G113/><T23/><D96/><U109/><E89/><V91/><F134/><N who="0" m="51242" /><D98/><U59/><E109/><V52/><F32/><W94/><G124/><T35/><D35/><U67/><E18/><V107/><F71/><W70/><G72/><T61/><D61/><U46/><E11/><V92/><F28/><W90/><G70/><T82/><D84/><U47/><E59/><V128/><F20/><W133/><G133/><T36/><D36/><U117/><E117/><V99/><F128/><W112/><G112/><T4/><D4/><U116/><E116/><V114/><F114/><W41/><G41/><T9/><D3/><U17/><E29/><V108/><F108/><W104/><G8/><T30/><D83/><U44/><E67/><N who="3" m="25642" /><G106/><T38/><D38/><U19/><E68/><V95/><F80/><N who="3" m="49447" /><G104/><T25/><D25/><U120/><E120/><V42/><F42/><W58/><G31/><T53/><D53/><U10/><E10/><V26/><F99/><N who="3" m="59639" /><G62/><T15/><D1/><U125/><E125/><V131/><F131/><W111/><G111/><T54/><D54/><U0/><E0/><V2/><F2/><W6/><G6/><T22/><D22/><N who="1" m="13775" /><E19/><V21/><F21/><W102/><G102/><T65/><D65/><U40/><E43/><V69/><F100/><W5/><G5/><RYUUKYOKU ba="0,0" sc="303,10,279,10,183,-30,235,10" hai0="7,9,15,23,24,30,49,50,82,87" hai1="40,44,45,46,47,48,76,78,97,103" hai3="57,58,81,86" /><INIT seed="3,1,0,2,4,133" ten="313,289,153,245" oya="3" hai0="33,64,90,11,26,29,94,2,21,131,95,74,45" hai1="81,128,80,3,24,65,97,1,55,44,100,37,9" hai2="43,12,53,119,16,40,83,34,85,107,47,49,87" hai3="68,56,110,134,36,69,99,4,32,0,72,73,75"/><W63/><G36/><T79/><D131/><U62/><E128/><V93/><F34/><W8/><G134/><T5/><D64/><U70/><E9/><V89/><F107/><W91/><G110/><T104/><D104/><U59/><E24/><V61/><F61/><W42/><G42/><T123/><D123/><U66/><E66/><V77/><REACH who="2" step="1"/><F119/><REACH who="2" ten="313,289,143,245" step="2"/><W106/><G32/><T113/><D33/><U22/><E62/><V19/><F19/><W82/><G82/><T102/><D113/><U39/><E80/><V41/><F41/><W132/><G132/><T6/><D29/><U15/><E81/><V96/><F96/><W14/><G0/><T30/><D2/><U51/><E97/><V60/><F60/><W13/><G13/><T108/><D30/><U109/><E15/><V25/><F25/><W111/><G111/><T112/><D26/><U10/><E109/><V86/><F86/><W54/><REACH who="3" step="1"/><G91/><REACH who="3" ten="313,289,143,235" step="2"/><T130/><D90/><U124/><E1/><V118/><F118/><W125/><G125/><T28/><D108/><U52/><E124/><V127/><F127/><W101/><AGARI ba="1,2" hai="4,8,14,54,56,63,68,69,72,73,75,99,101,106" machi="101" ten="40,3900,0" yaku="1,1,0,1,53,0" doraHai="133" doraHaiUra="18" who="3" fromWho="3" sc="313,-14,289,-14,143,-14,235,62" /><INIT seed="3,2,0,4,1,86" ten="299,275,129,297" oya="3" hai0="66,87,97,120,84,58,104,73,122,30,102,25,5" hai1="88,48,49,67,69,59,132,85,36,108,50,28,83" hai2="72,38,119,19,31,37,68,131,80,70,4,126,113" hai3="56,15,106,16,57,46,64,118,133,44,26,10,42"/><W51/><G118/><T33/><D73/><U110/><E36/><V61/><F19/><W6/><G106/><T98/><D5/><U101/><E132/><V107/><F4/><W112/><G133/><T65/><D98/><U22/><E101/><V89/><F31/><W1/><G112/><T7/><D7/><U105/><E105/><V63/><F80/><W62/><G26/><T0/><D0/><U53/><E69/><V74/><F107/><W9/><G46/><T21/><D33/><U90/><E67/><V34/><F34/><W23/><G23/><T2/><D2/><U93/><E110/><V82/><F82/><W13/><G1/><T124/><D124/><U117/><E108/><V94/><F94/><W129/><G129/><T92/><D104/><U115/><E117/><V11/><F11/><W121/><G121/><N who="0" m="46699" /><D66/><U35/><E35/><V100/><F100/><W55/><G55/><T81/><D81/><U39/><E39/><V40/><F119/><W76/><G76/><T41/><D41/><U111/><E111/><V52/><F40/><W47/><G47/><T17/><D17/><U77/><E115/><V123/><F113/><W18/><G6/><T103/><D103/><U27/><E77/><V135/><F135/><W78/><G78/><T99/><D99/><AGARI ba="2,0" hai="22,27,28,48,49,50,53,59,83,85,88,90,93,99" machi="99" ten="30,8000,1" yaku="7,1,8,1,52,2,54,1" doraHai="86" who="1" fromWho="0" sc="299,-86,275,86,129,0,297,0" owari="213,-19.0,361,46.0,129,-37.0,297,10.0" /></mjloggm>