<mjloggm ver="2.3"><GO type="41" lobby="0"/><UN n0="%E8%80%83%E3%81%88%E3%82%8B%E3%81%AE%E3%82%92%E6%AD%A2%E3%82%81%E3%81%9F" n1="%E3%81%B5%E3%81%A8%E3%81%BE%E3%82%86%E3%81%8B%E3%82%8A%E3%82%93" n2="%E3%82%A6%E3%83%AB%E3%83%88%E3%83%A9%E7%AB%8B%E7%9B%B4" n3="%E3%82%BF%E3%82%B3%E3%82%B9%E3%81%A0%E3%81%98%E3%81%87%E3%83%BC%EF%BC%81" dan="13,14,16,14" rate="2077.84,1918.44,2062.81,1992.87" sx="M,M,M,M"/><TAIKYOKU oya="0"/><INIT seed="0,0,0,0,5,103" ten="250,250,250,250" oya="0" hai0="69,122,121,38,21,100,20,60,120,53,84,4,27" hai1="101,72,5,2,86,113,36,107,3,28,59,39,66" hai2="45,87,46,90,41,83,106,31,78,14,88,115,48" hai3="7,57,47,130,117,34,49,71,110,6,12,99,61"/><T11/><D38/><U114/><E86/><V131/><F115/><N who="1" m="44041" /><E72/><V126/><F126/><W116/><G34/><T91/><D100/><U67/><E59/><V54/><F131/><W119/><G71/><T104/><D104/><U52/><E28/><V35/><F106/><W95/><G130/><T75/><D75/><U128/><E128/><V56/><F31/><W15/><G110/><T118/><D118/><U23/><E23/><V10/><F35/><W9/><G12/><T135/><D135/><U85/><E85/><V51/><REACH who="2" step="1"/><F56/><REACH who="2" ten="250,250,240,250" step="2"/><W92/><G116/><T43/><D69/><U42/><E107/><V13/><F13/><W70/><G57/><T16/><D122/><U0/><E2/><V68/><F68/><W127/><G70/><T30/><D121/><U32/><E0/><V24/><F24/><W105/><G127/><T123/><D123/><U129/><E3/><V82/><F82/><W79/><G105/><T108/><D120/><U40/><E32/><V125/><F125/><W133/><G15/><T25/><D25/><U77/><E129/><V81/><F81/><W89/><G119/><T8/><D27/><U102/><E77/><V26/><F26/><W94/><G79/><T109/><D30/><U37/><E5/><AGARI ba="0,1" hai="5,10,14,41,45,46,48,51,54,78,83,87,88,90" machi="5" ten="30,12000,2" yaku="1,1,7,1,25,2,8,1,54,1,53,0" doraHai="103" doraHaiUra="97" who="2" fromWho="1" sc="250,0,250,-120,240,130,250,0" /><INIT seed="1,0,0,2,2,15" ten="250,130,370,250" oya="1" hai0="109,21,58,83,77,14,63,46,120,51,121,105,104" hai1="95,93,80,133,22,32,38,119,84,135,129,1,11" hai2="50,16,10,66,44,4,91,110,29,25,111,26,17" hai3="117,39,5,98,65,99,60,24,76,122,43,36,61"/><U23/><E119/><V69/><F66/><W13/><G122/><N who="0" m="47211" /><D109/><N who="2" m="41482" /><F91/><W6/><G76/><T45/><D58/><U123/><E38/><V35/><F26/><W34/><G65/><T54/><D63/><U125/><E123/><V30/><F30/><W85/><G43/><T33/><D33/><U130/><E32/><V75/><F75/><W7/><G85/><N who="0" m="48367" /><D46/><U42/><E42/><N who="2" m="24855" /><F69/><W56/><G34/><T131/><D131/><N who="1" m="50187" /><E11/><V102/><F102/><W118/><G24/><T132/><D132/><N who="1" m="50763" /><E1/><AGARI ba="0,0" hai="1,4,10,16,17,25,29,35" m="24855,41482" machi="1" ten="30,7700,0" yaku="14,1,52,2,54,1" doraHai="15" who="2" fromWho="1" sc="250,0,130,-77,370,77,250,0" /><INIT seed="2,0,0,1,3,51" ten="250,53,447,250" oya="2" hai0="95,128,49,16,37,38,15,20,117,47,25,125,112" hai1="119,132,72,65,33,24,91,103,69,26,134,53,44" hai2="130,78,55,93,100,86,63,98,124,18,109,120,43" hai3="85,6,40,0,5,84,88,59,102,60,123,1,113"/><V4/><F120/><W29/><G123/><T56/><D112/><U110/><E119/><V48/><F124/><W77/><G29/><T92/><D125/><U19/><E72/><V9/><F130/><W21/><G102/><T70/><D70/><U34/><E103/><V71/><F109/><W27/><G113/><T7/><D128/><U105/><E105/><V58/><F18/><N who="3" m="12727" /><G40/><N who="0" m="24807" /><D38/><U129/><E129/><V39/><F39/><W87/><G1/><T101/><D37/><U80/><E110/><V104/><F104/><W122/><G0/><T127/><D127/><U114/><E114/><V64/><F43/><W111/><G111/><T30/><D117/><U61/><E19/><V10/><REACH who="2" step="1"/><F4/><REACH who="2" ten="250,53,437,250" step="2"/><N who="3" m="1643" /><G122/><T82/><D7/><U54/><E132/><V45/><F45/><W89/><G77/><T46/><D46/><U81/><E134/><V41/><F41/><W66/><AGARI ba="0,1" hai="59,60,66,84,85,87,88,89" m="1643,12727" machi="66" ten="30,2000,0" yaku="8,1,54,1" doraHai="51" who="3" fromWho="3" sc="250,-5,53,-5,437,-10,250,30" /><INIT seed="3,0,0,2,1,26" ten="245,48,427,280" oya="3" hai0="112,23,122,128,129,76,85,124,65,43,89,17,94" hai1="45,88,75,114,100,35,97,48,29,16,79,66,117" hai2="60,67,125,93,36,59,13,38,82,49,71,119,109" hai3="86,96,62,2,33,0,7,6,77,10,87,9,99"/><W70/><G33/><T55/><D122/><U123/><E114/><V32/><F32/><W18/><G18/><T56/><D112/><U1/><E117/><V132/><F119/><W90/><G77/><T103/><D65/><U24/><E123/><V53/><F125/><W12/><G12/><T51/><D43/><U131/><E1/><V110/><F82/><W37/><G37/><T120/><D120/><U46/><E131/><N who="0" m="50249" /><D124/><U22/><E66/><V52/><F93/><W98/><G90/><T81/><D103/><U127/><E127/><V106/><F106/><W107/><G107/><T34/><D34/><U28/><E28/><V15/><F15/><W73/><G73/><T40/><D40/><U31/><E31/><V84/><F84/><W102/><G102/><T39/><D39/><N who="2" m="14890" /><F13/><W44/><G44/><T126/><D126/><U64/><E46/><N who="2" m="27703" /><F132/><W57/><G70/><T83/><D76/><U21/><E79/><V118/><F118/><W58/><G58/><T104/><D104/><N who="1" m="63503" /><E35/><V47/><F47/><W78/><G78/><T54/><D81/><U30/><E88/><V115/><F115/><W101/><G101/><T72/><D72/><U116/><E75/><V95/><F95/><W19/><G19/><T111/><D94/><U74/><E74/><V121/><F121/><W80/><G80/><T61/><D83/><U20/><E116/><V5/><F5/><W113/><G113/><T130/><D17/><U42/><E16/><V3/><F3/><W14/><G14/><T133/><D130/><U11/><E24/><V41/><F41/><W134/><G134/><RYUUKYOKU ba="0,0" sc="245,-15,48,-15,427,15,280,15" hai2="53,59,60,67,71,109,110" hai3="0,2,6,7,9,10,57,62,86,87,96,98,99" /><INIT seed="3,1,0,2,3,21" ten="230,33,442,295" oya="3" hai0="93,16,85,92,61,23,10,55,126,90,94,110,101" hai1="39,31,75,111,108,125,74,91,3,112,30,127,102" hai2="50,46,109,1,15,45,58,54,70,84,34,43,71" hai3="36,33,78,107,129,37,119,96,56,65,83,60,116"/><W133/><G133/><T35/><D35/><U69/><E69/><V121/><F1/><W7/><G7/><T100/><D126/><N who="1" m="48139" /><E39/><V104/><F104/><W20/><G33/><T113/><D113/><U124/><N who="1" m="48147" /><U12/><DORA hai="130" /><E3/><V105/><F105/><W42/><G129/><T5/><D110/><N who="1" m="42027" /><E102/><N who="0" m="39529" /><D5/><U53/><E112/><V117/><F71/><W118/><G107/><T27/><D10/><U103/><E103/><V77/><F70/><W97/><G20/><T22/><D22/><U13/><E91/><V89/><F34/><W66/><G66/><T73/><D73/><N who="1" m="27659" /><E53/><V38/><F89/><W24/><G116/><T81/><D81/><U52/><E52/><V134/><F38/><W25/><G118/><T49/><D61/><U11/><E11/><V44/><F117/><W122/><G119/><T59/><AGARI ba="1,0" hai="16,23,27,49,55,59,85,90,92,93,94" m="39529" machi="59" ten="30,4000,0" yaku="8,1,52,1,54,1" doraHai="21,130" who="0" fromWho="0" sc="230,43,33,-11,442,-11,295,-21" /><INIT seed="4,0,0,3,5,29" ten="273,22,431,274" oya="0" hai0="89,95,59,38,55,26,100,130,56,128,114,66,40" hai1="1,71,10,57,60,115,11,30,39,98,69,28,92" hai2="2,80,86,37,123,33,74,32,54,103,102,27,134" hai3="62,14,113,15,87,44,88,22,105,78,122,35,50"/><T75/><D75/><U90/><E115/><V96/><F123/><W58/><G105/><T23/><D114/><U84/><E39/><V106/><F2/><W121/><G113/><T133/><D133/><U104/><E104/><V131/><F102/><W9/><G35/><T17/><D100/><U99/><E1/><V109/><F109/><W31/><G78/><T127/><D127/><U65/><E71/><V41/><F74/><W64/><G121/><T18/><D40/><U36/><E36/><V120/><F120/><W72/><G72/><T7/><D7/><U76/><E69/><V67/><F67/><W101/><G101/><T125/><D38/><U47/><E47/><V63/><F131/><N who="0" m="50218" /><D125/><U97/><REACH who="1" step="1"/><E76/><REACH who="1" ten="273,12,431,274" step="2"/><V34/><F37/><W12/><G122/><T25/><D66/><U42/><E42/><V85/><F41/><W107/><G107/><T52/><D59/><U4/><E4/><V46/><F46/><W111/><G111/><T73/><D56/><U21/><E21/><V77/><F77/><W83/><G9/><AGARI ba="0,1" hai="9,10,11,28,30,57,60,65,84,90,92,97,98,99" machi="9" ten="40,2600,0" yaku="1,1,8,1,53,0" doraHai="29" doraHaiUra="19" who="1" fromWho="3" sc="273,0,12,36,431,0,274,-26" /><INIT seed="5,0,0,0,4,116" ten="273,48,431,248" oya="1" hai0="128,130,14,33,20,70,47,39,104,56,49,37,23" hai1="32,127,50,8,133,64,110,42,132,59,72,112,79" hai2="80,69,111,21,46,30,71,90,7,31,98,10,60" hai3="97,35,5,124,120,51,93,118,6,45,125,43,113"/><U85/><E32/><V92/><F111/><W83/><G35/><T13/><D33/><U84/><E110/><V9/><F71/><W1/><G113/><T117/><D70/><U100/><E112/><V103/><F69/><W131/><G131/><T106/><D117/><U34/><E34/><V108/><F108/><W25/><G25/><T24/><D56/><U77/><E100/><V18/><F60/><W101/><G118/><T16/><D49/><U41/><E72/><V82/><F46/><W27/><G27/><T3/><D24/><U2/><E127/><N who="3" m="48714" /><G83/><T55/><D47/><U88/><E84/><V73/><F73/><W15/><G15/><T44/><D44/><N who="1" m="25871" /><E42/><V63/><F82/><W87/><G87/><T65/><D3/><U17/><E2/><V40/><F40/><W68/><G68/><T123/><D65/><U29/><E29/><V114/><F30/><W115/><G115/><T126/><D126/><U76/><E17/><V19/><F31/><W0/><G0/><T61/><D16/><U95/><E8/><V67/><F19/><W28/><G28/><T109/><D109/><U75/><E75/><V99/><F114/><W48/><G1/><T102/><D102/><U38/><E38/><V91/><F10/><W86/><G86/><T66/><D13/><U62/><E77/><V81/><F9/><W96/><G96/><T12/><D12/><U58/><E58/><N who="2" m="37367" /><F99/><W52/><G5/><T11/><D11/><U26/><E26/><N who="2" m="14647" /><F7/><W94/><G6/><T89/><D37/><U36/><E36/><V134/><F98/><W78/><G78/><RYUUKYOKU ba="0,0" sc="273,-10,48,30,431,-10,248,-10" hai1="59,62,64,76,79,85,88,95,132,133" /><INIT seed="5,1,0,5,0,58" ten="263,78,421,238" oya="1" hai0="2,5,19,33,102,1,45,94,57,114,133,101,69" hai1="93,30,128,12,10,16,54,35,83,131,63,38,62" hai2="116,108,115,104,91,59,37,135,109,43,90,121,39" hai3="11,99,119,55,92,64,14,134,86,18,67,130,13"/><U9/><E38/><V127/><F59/><W84/><G134/><T79/><D69/><U82/><E93/><V29/><F43/><W31/><G130/><N who="1" m="49706" /><E9/><V113/><F29/><W65/><G31/><T120/><D133/><U25/><E54/><V105/><F135/><W103/><G119/><T47/><D79/><U123/><E123/><V26/><F26/><W118/><G118/><T51/><D120/><U28/><E28/><V32/><F116/><W17/><REACH who="3" step="1"/><G55/><REACH who="3" ten="263,78,421,228" step="2"/><T56/><D33/><U80/><AGARI ba="1,1" hai="10,12,16,25,30,35,62,63,80,82,83" m="49706" machi="80" ten="30,11700,0" yaku="19,1,52,2,54,1" doraHai="58" who="1" fromWho="1" sc="263,-40,78,130,421,-40,228,-40" /><INIT seed="5,2,0,5,1,62" ten="223,208,381,188" oya="1" hai0="122,2,106,79,130,127,64,55,85,121,117,45,84" hai1="110,14,105,11,15,16,111,70,27,133,69,65,112" hai2="68,93,53,19,97,104,50,72,24,129,35,28,76" hai3="0,34,3,90,81,98,115,9,103,5,12,95,4"/><U126/><E105/><V32/><F32/><W96/><G34/><T77/><D2/><U18/><E112/><V8/><F129/><W116/><G115/><T51/><D130/><U30/><E133/><V44/><F76/><W125/><G125/><T7/><D106/><U113/><E113/><V59/><F72/><W48/><G116/><T54/><D7/><U75/><E75/><V13/><F68/><W25/><G25/><T40/><D127/><U33/><E126/><V37/><F37/><W66/><G48/><T80/><D117/><U118/><E118/><V78/><F78/><W92/><G81/><T46/><D46/><U31/><E31/><V20/><F104/><W128/><G128/><T60/><D79/><U99/><E99/><V42/><F35/><W74/><G74/><T108/><D84/><U71/><REACH who="1" step="1"/><E65/><REACH who="1" ten="223,198,381,188" step="2"/><V47/><F42/><W119/><G119/><T49/><D121/><U58/><E58/><V91/><AGARI ba="2,1" hai="8,13,19,20,24,28,44,47,50,53,59,91,93,97" machi="91" ten="20,2700,0" yaku="0,1,7,1,8,1" doraHai="62" who="2" fromWho="2" sc="223,-9,198,-15,381,43,188,-9" /><INIT seed="6,0,0,3,0,59" ten="214,183,424,179" oya="2" hai0="78,106,90,122,69,99,17,98,34,39,19,120,27" hai1="87,55,101,114,44,118,20,113,12,40,61,79,6" hai2="22,23,11,93,45,37,134,111,60,3,64,58,38" hai3="63,4,84,83,16,105,94,124,54,57,110,126,8"/><V35/><F35/><W76/><G105/><T0/><D0/><U117/><E101/><V29/><F134/><W48/><G110/><T41/><D78/><U132/><E132/><V135/><F135/><W104/><G104/><T65/><D98/><U1/><E1/><V86/><F111/><W112/><G112/><N who="1" m="43114" /><E87/><V62/><F38/><W10/><G94/><T80/><D80/><U131/><E131/><V14/><F3/><W121/><G121/><T74/><D74/><U77/><E20/><V102/><F45/><W2/><REACH who="3" step="1"/><G48/><REACH who="3" ten="214,183,424,169" step="2"/><T26/><D120/><U71/><E118/><V96/><F93/><W28/><G28/><T36/><D122/><U92/><E117/><V9/><F29/><W46/><G46/><T15/><D106/><U31/><E92/><V30/><F30/><W66/><G66/><T91/><D65/><N who="1" m="41391" /><E31/><V21/><F64/><W70/><G70/><T115/><D69/><U97/><E97/><V133/><F96/><W25/><G25/><T49/><D99/><U85/><E85/><V89/><F86/><W47/><G47/><T125/><D34/><U128/><E128/><V103/><F133/><W52/><G52/><T127/><D27/><U75/><E55/><V53/><F53/><W129/><G129/><T88/><D26/><U116/><E116/><V82/><F82/><W108/><G108/><T7/><D49/><N who="1" m="26759" /><E75/><V95/><F95/><W68/><G68/><T107/><D107/><U109/><E109/><V123/><F123/><W100/><G100/><T130/><D130/><U50/><E50/><V43/><F103/><W18/><G18/><RYUUKYOKU ba="0,1" sc="214,-15,183,15,424,-15,169,15" hai1="6,12,77,79" hai3="2,4,8,10,16,54,57,63,76,83,84,124,126" /><INIT seed="7,1,1,3,5,120" ten="199,198,409,184" oya="3" hai0="128,103,108,32,12,133,78,42,63,35,57,125,0" hai1="82,52,59,119,132,41,49,71,109,44,38,56,1" hai2="79,69,101,34,130,26,50,66,33,123,58,55,118" hai3="67,84,105,48,51,121,36,14,99,92,68,111,18"/><W16/><G36/><T129/><D0/><U106/><E106/><V100/><F118/><W87/><G121/><T23/><D78/><U60/><E82/><V20/><F130/><N who="0" m="50282" /><D42/><U116/><E109/><V85/><F69/><W83/><G105/><T75/><D75/><U88/><E88/><V24/><F34/><W89/><G67/><T10/><D108/><U28/><E28/><V96/><F33/><W72/><G72/><T124/><D103/><U61/><E132/><V70/><F70/><W74/><G74/><T6/><D23/><U3/><E3/><V4/><F66/><W77/><G68/><T21/><D21/><U19/><E19/><N who="3" m="7210" /><G111/><T64/><D133/><U53/><E1/><V22/><F123/><W93/><G14/><T37/><D37/><U15/><E15/><V31/><F26/><W107/><G107/><T86/><D86/><U110/><E110/><V65/><F65/><AGARI ba="1,1" hai="38,41,44,49,52,53,56,59,60,61,65,71,116,119" machi="65" ten="40,12000,2" yaku="24,2,34,3,54,1" doraHai="120" who="1" fromWho="2" sc="199,0,198,133,409,-123,184,0" owari="199,-20.0,331,43.0,286,9.0,184,-32.0" /></mjloggm>