<mjloggm ver="2.3"><GO type="41" lobby="0"/><UN n0="%E3%82%AD%E3%83%A3%E3%82%BF%E3%83%8A%E9%9B%B6%E5%8F%B7%E6%A9%9F" n1="%79%6B%79%6B%6D%61%68%6A" n2="%E3%82%A6%E3%83%AB%E3%83%88%E3%83%A9%E7%AB%8B%E7%9B%B4" n3="%E3%81%95%E3%83%BC%E3%82%84" dan="13,13,16,14" rate="1918.13,1870.16,2023.10,2071.50" sx="F,M,M,F"/><TAIKYOKU oya="0"/><INIT seed="0,0,0,4,3,120" ten="250,250,250,250" oya="0" hai0="7,76,129,78,90,101,73,67,126,4,119,64,134" hai1="56,123,98,83,82,58,131,57,94,85,41,38,51" hai2="116,45,88,69,114,70,55,106,16,35,102,52,60" hai3="46,28,32,63,31,105,84,1,5,12,8,110,20"/><T24/><D119/><U36/><E123/><V121/><F121/><W86/><G105/><T3/><D129/><U133/><E131/><V26/><F114/><W25/><G31/><T91/><D101/><U50/><E133/><V9/><F116/><W104/><G104/><T18/><D24/><U97/><E38/><V112/><F112/><W92/><G63/><T27/><D27/><U96/><E36/><V135/><F69/><W68/><G68/><T11/><D134/><U47/><E51/><N who="2" m="28783" /><F70/><W93/><G46/><T54/><D3/><U48/><E48/><V15/><F35/><W103/><G110/><T71/><D71/><U99/><E85/><V59/><F106/><W113/><G113/><T34/><D34/><U62/><E62/><V14/><F102/><AGARI ba="0,0" hai="41,47,50,56,57,58,82,83,94,96,97,98,99,102" machi="102" ten="40,1300,0" yaku="8,1" doraHai="120" who="1" fromWho="2" sc="250,0,250,13,250,-13,250,0" /><INIT seed="1,0,0,2,1,63" ten="250,263,237,250" oya="1" hai0="37,18,96,51,19,59,56,101,85,75,69,105,120" hai1="10,70,62,87,126,122,20,8,93,66,102,128,40" hai2="88,116,48,57,27,80,34,67,124,78,9,68,39" hai3="46,55,22,11,81,113,86,2,76,3,44,15,111"/><U54/><E122/><V125/><F39/><W114/><G111/><T32/><D37/><U5/><E128/><V117/><F9/><W97/><G2/><T53/><D75/><U119/><E119/><V52/><F27/><W41/><G3/><T112/><D69/><U109/><E40/><V30/><F30/><W71/><G71/><T103/><D120/><U89/><E126/><N who="2" m="48747" /><F34/><W4/><G97/><T17/><D112/><U100/><E109/><V92/><F68/><W47/><G22/><T21/><D32/><U104/><E104/><V106/><F106/><W135/><G135/><T107/><D85/><U50/><E20/><V134/><F67/><W13/><G13/><T49/><D21/><U7/><E7/><V91/><F134/><W16/><G4/><T121/><D121/><U29/><E29/><V110/><F110/><W43/><REACH who="3" step="1"/><G55/><REACH who="3" ten="250,263,237,240" step="2"/><T12/><D12/><U42/><E5/><V73/><F91/><W115/><AGARI ba="0,1" hai="11,15,16,41,43,44,46,47,76,81,86,113,114,115" machi="115" ten="40,8000,1" yaku="1,1,2,1,0,1,54,1,53,1" doraHai="63" doraHaiUra="83" who="3" fromWho="3" sc="250,-20,263,-40,237,-20,240,90" /><INIT seed="2,0,0,5,5,124" ten="230,223,217,330" oya="2" hai0="65,59,41,87,43,51,109,85,10,53,2,102,32" hai1="133,121,31,108,90,134,81,23,68,8,100,127,46" hai2="131,104,3,33,54,66,95,9,112,106,98,42,120" hai3="67,12,89,14,48,55,45,38,86,123,39,15,27"/><V36/><F33/><W73/><G73/><T115/><D115/><U94/><E127/><V88/><F120/><W49/><G123/><T1/><D109/><U117/><E121/><V114/><F66/><W77/><G77/><T97/><D32/><U13/><E117/><V71/><F71/><W122/><G122/><T19/><D65/><U105/><E108/><V25/><F25/><W64/><G38/><T44/><D1/><U126/><E126/><V57/><F42/><W99/><G39/><T5/><D19/><U82/><E68/><V83/><F36/><W119/><G119/><T75/><D75/><U60/><E46/><V132/><F9/><W17/><G99/><T111/><D111/><U101/><E60/><V61/><F3/><W80/><G49/><T96/><D96/><U93/><E31/><V91/><F132/><N who="1" m="50793" /><E23/><AGARI ba="0,0" hai="12,14,15,17,23,27,45,48,55,64,67,80,86,89" machi="23" ten="40,1300,0" yaku="8,1" doraHai="124" who="3" fromWho="1" sc="230,0,223,-13,217,0,330,13" /><INIT seed="3,0,0,5,5,113" ten="230,210,217,343" oya="3" hai0="109,100,89,99,128,44,22,60,95,81,66,15,129" hai1="0,64,43,77,19,90,45,104,30,102,3,118,12" hai2="25,84,71,93,98,5,73,88,53,94,72,115,41" hai3="124,50,35,67,92,106,111,36,134,32,56,108,126"/><W79/><G106/><T31/><D109/><N who="3" m="42057" /><G36/><T131/><D44/><U65/><E30/><V78/><F115/><W62/><G134/><T116/><D116/><U33/><E33/><N who="3" m="12874" /><G79/><T107/><D81/><U2/><E77/><V122/><F122/><W74/><G74/><T125/><D125/><N who="3" m="48233" /><G92/><T49/><D107/><U120/><E120/><V55/><F78/><W110/><N who="3" m="42065" /><W87/><DORA hai="40" /><G50/><T59/><D49/><U26/><E104/><V51/><F73/><W83/><G87/><T8/><D128/><U23/><E102/><V96/><F72/><W42/><G42/><T17/><D100/><U130/><E130/><V76/><F76/><W114/><G114/><T47/><D129/><U85/><E43/><V135/><F135/><W133/><G133/><T123/><D131/><U27/><E45/><V101/><F84/><W29/><G29/><T13/><D123/><U46/><E46/><V132/><F132/><W103/><G103/><T86/><D47/><U1/><N who="1" m="512" /><DORA hai="14" /><U11/><E85/><V119/><F51/><W82/><AGARI ba="0,0" hai="56,62,67,82,83" m="48233,12874,42065" machi="82" ten="50,9600,0" yaku="14,1,10,1,18,1" doraHai="113,40,14" who="3" fromWho="3" sc="230,-32,210,-32,217,-32,343,96" /><INIT seed="3,1,0,5,1,41" ten="198,178,185,439" oya="3" hai0="10,117,113,11,0,23,3,104,38,135,5,92,73" hai1="80,2,4,79,57,13,21,18,87,15,99,106,9" hai2="127,112,27,93,120,95,123,30,72,97,67,71,19" hai3="8,36,83,26,119,116,51,94,31,40,14,1,63"/><W110/><G1/><T34/><D104/><U68/><E68/><V62/><F72/><W133/><G36/><T122/><D122/><U70/><E70/><V78/><F78/><W43/><G133/><T100/><D135/><U91/><E106/><V53/><F112/><W74/><G63/><T49/><D38/><U61/><E99/><V115/><F115/><W55/><G94/><T39/><D39/><U85/><E2/><V32/><F127/><W7/><G110/><T75/><D113/><U17/><E4/><V103/><F19/><W65/><G65/><T134/><D34/><U86/><E79/><V96/><F53/><AGARI ba="1,0" hai="9,13,15,17,18,21,53,57,61,80,85,86,87,91" machi="53" ten="30,2000,0" yaku="7,1,8,1" doraHai="41" who="1" fromWho="2" sc="198,0,178,23,185,-23,439,0" /><INIT seed="4,0,0,3,5,118" ten="198,201,162,439" oya="0" hai0="4,115,121,68,129,122,17,102,18,47,114,123,128" hai1="117,9,51,22,25,45,71,96,21,49,16,79,91" hai2="88,53,98,60,29,2,12,132,26,116,19,120,75" hai3="5,89,24,113,126,83,133,95,56,82,48,125,135"/><T61/><D102/><U0/><E117/><V92/><F75/><W57/><G5/><T13/><D47/><U33/><E71/><V58/><F2/><W69/><G69/><T109/><D61/><U11/><E0/><V76/><F116/><W31/><G113/><N who="0" m="43019" /><D68/><U101/><E33/><V105/><F105/><W36/><G36/><T50/><D50/><U119/><E119/><V43/><F132/><N who="3" m="50763" /><G83/><T67/><D67/><U65/><E65/><V130/><F130/><N who="0" m="50282" /><D109/><U80/><E101/><V41/><F120/><W42/><G82/><T46/><D46/><U104/><E104/><V37/><F76/><W66/><G42/><T1/><D1/><U103/><E103/><V72/><F72/><W107/><G107/><T111/><D111/><U77/><E45/><V97/><F97/><N who="3" m="57583" /><G66/><T112/><D112/><U93/><E22/><N who="2" m="15575" /><F37/><W40/><G40/><T15/><D4/><U81/><E77/><V108/><F108/><W55/><G57/><T110/><D110/><U87/><E80/><V38/><F38/><W28/><G48/><AGARI ba="0,0" hai="9,11,16,21,25,48,49,51,79,81,87,91,93,96" machi="48" ten="40,2600,0" yaku="8,1,54,1" doraHai="118" who="1" fromWho="3" sc="198,0,201,26,162,0,439,-26" /><INIT seed="5,0,0,3,0,98" ten="198,227,162,413" oya="1" hai0="8,44,4,72,74,130,94,73,39,41,36,109,11" hai1="6,102,132,48,43,57,63,108,116,62,28,15,46" hai2="0,23,10,83,27,121,133,5,30,69,135,115,20" hai3="114,7,129,77,84,81,120,122,64,105,59,128,78"/><U131/><E116/><V2/><F69/><W101/><G7/><T103/><D109/><U22/><E132/><N who="2" m="50763" /><F83/><W40/><G40/><T26/><D130/><N who="3" m="50281" /><G114/><T106/><D106/><U68/><E131/><V14/><F121/><W54/><G64/><T89/><D26/><N who="1" m="16471" /><E108/><V67/><F67/><W17/><G17/><T51/><D103/><U112/><E112/><V124/><F115/><W35/><G78/><T31/><D31/><U56/><E68/><V82/><F82/><W37/><G37/><T52/><D36/><U55/><E102/><V125/><F23/><W134/><G35/><T18/><D18/><U42/><E6/><V111/><F111/><W66/><G66/><T90/><D4/><U86/><E15/><V53/><F53/><W13/><G13/><T16/><D41/><N who="1" m="24655" /><E86/><V25/><F25/><W123/><G134/><T113/><D39/><U71/><E71/><V24/><F24/><W96/><G123/><T19/><D113/><U33/><E33/><V32/><F32/><W92/><G105/><T45/><D74/><U65/><AGARI ba="0,0" hai="42,43,55,56,57,62,63,65" m="24655,16471" machi="65" ten="30,1500,0" yaku="8,1" doraHai="98" who="1" fromWho="1" sc="198,-5,227,15,162,-5,413,-5" /><INIT seed="5,1,0,4,0,86" ten="193,242,157,408" oya="1" hai0="122,48,38,91,61,78,120,5,47,10,7,92,106" hai1="101,135,57,3,95,52,117,89,63,88,27,85,68" hai2="112,111,129,109,77,37,90,42,39,43,131,11,100" hai3="126,21,44,0,98,62,55,24,73,29,97,49,8"/><U15/><E117/><V32/><F100/><W19/><G73/><T69/><D106/><U40/><E3/><V115/><F77/><W28/><G126/><T81/><D38/><N who="2" m="14346" /><F11/><W25/><G62/><T125/><D125/><U64/><E135/><V58/><F90/><W36/><G36/><T65/><D81/><U123/><E123/><N who="0" m="47145" /><D78/><U83/><E40/><N who="2" m="15403" /><F58/><W12/><G0/><N who="0" m="295" /><D7/><U76/><E27/><V105/><F105/><W127/><G127/><T110/><D110/><N who="2" m="41994" /><F32/><AGARI ba="1,0" hai="8,12,19,21,24,25,28,29,32,44,49,55,97,98" machi="32" ten="30,1000,0" yaku="7,1" doraHai="86" who="3" fromWho="2" sc="193,0,242,0,157,-13,408,13" /><INIT seed="6,0,0,3,1,121" ten="193,242,144,421" oya="2" hai0="16,77,31,60,34,109,99,88,119,75,84,103,9" hai1="80,68,22,70,120,100,129,32,48,115,116,5,127" hai2="33,57,95,108,91,94,126,44,25,52,125,135,62" hai3="114,19,45,42,58,97,40,54,123,13,90,64,67"/><V55/><F135/><W124/><G123/><T8/><D109/><U82/><E116/><V118/><F118/><W134/><G134/><T96/><D119/><U71/><E120/><V53/><F25/><W69/><G69/><T130/><D130/><U56/><E115/><V63/><F33/><W37/><G114/><T4/><D75/><U20/><E32/><V15/><F15/><W110/><G110/><T128/><D128/><U132/><E129/><V66/><F108/><W112/><G42/><T117/><D117/><U43/><E132/><V26/><F26/><W111/><G111/><T50/><D77/><U76/><E127/><N who="2" m="48651" /><F44/><W27/><G27/><T113/><D113/><U98/><E5/><V72/><F72/><W38/><G38/><T23/><D34/><U0/><E0/><V36/><F36/><W49/><G124/><T2/><D31/><U3/><E3/><V51/><F51/><N who="3" m="31071" /><G37/><T18/><D50/><U89/><E100/><V21/><F21/><N who="3" m="11503" /><G112/><T107/><D23/><U105/><E105/><V79/><F79/><W73/><G73/><T47/><D9/><U78/><E78/><V86/><F95/><AGARI ba="0,0" hai="40,45,49,64,67,90,95,97" m="11503,31071" machi="95" ten="30,1000,0" yaku="8,1" doraHai="121" who="3" fromWho="2" sc="193,0,242,0,144,-10,421,10" /><INIT seed="7,0,0,2,3,59" ten="193,242,134,431" oya="3" hai0="52,108,55,86,116,105,0,50,26,90,8,110,48" hai1="106,20,29,28,64,104,42,7,99,62,123,63,88" hai2="109,70,129,4,60,103,80,82,31,56,111,120,32" hai3="36,43,53,113,14,3,76,19,1,46,73,121,44"/><W51/><G121/><T23/><D116/><U72/><E123/><V9/><F120/><W85/><G73/><T77/><D105/><U114/><E72/><V98/><F129/><W132/><G113/><T95/><D77/><U17/><E114/><V130/><F130/><W92/><G132/><T21/><D108/><U18/><E7/><V65/><F80/><W35/><G35/><T131/><D110/><U69/><E42/><V27/><F82/><W126/><G126/><T75/><D75/><U22/><E106/><V125/><F56/><W135/><G135/><T54/><D131/><U93/><E104/><V97/><F97/><W37/><G37/><T112/><D112/><U25/><E63/><V89/><F89/><W117/><G117/><T134/><D134/><U39/><E39/><V49/><F49/><W124/><G124/><T118/><D118/><U122/><E122/><V96/><F96/><W16/><G19/><T133/><D133/><U11/><E11/><V2/><F125/><W38/><G38/><T87/><D8/><U84/><E84/><V13/><F13/><AGARI ba="0,0" hai="13,17,18,20,22,25,28,29,62,64,69,88,93,99" machi="13" ten="30,3900,0" yaku="7,1,52,1,54,1" doraHai="59" who="1" fromWho="2" sc="193,0,242,39,134,-39,431,0" owari="193,-21.0,281,8.0,95,-40.0,431,53.0" /></mjloggm>