<mjloggm ver="2.3"><GO type="169" lobby="0"/><UN n0="%E3%82%A6%E3%83%AB%E3%83%88%E3%83%A9%E7%AB%8B%E7%9B%B4" n1="%4D%61%72%6C%69%6E" n2="%E5%86%97%E8%AB%87%E7%AC%91%E6%AD%A2%EF%BC%81" n3="%50%6F%6E%74%61" dan="17,16,17,17" rate="2053.42,2033.54,2141.61,2111.85" sx="M,M,F,M"/><TAIKYOKU oya="0"/><INIT seed="0,0,0,1,1,0" ten="250,250,250,250" oya="0" hai0="115,15,18,69,59,135,122,52,103,26,93,97,5" hai1="81,47,123,3,7,108,40,74,80,53,1,107,109" hai2="117,56,90,4,68,94,43,45,105,130,55,119,87" hai3="13,114,104,95,24,84,70,76,51,57,12,133,66"/><T116/><D122/><U98/><E123/><V8/><F68/><W85/><G104/><T11/><D69/><U124/><E53/><V61/><F105/><W92/><G114/><T78/><D116/><U9/><E1/><V17/><F17/><W44/><G70/><T31/><D115/><U41/><E124/><V30/><F30/><W10/><G133/><T110/><D135/><U16/><E41/><V28/><F28/><W42/><G24/><T63/><D110/><N who="1" m="42603" /><E74/><V113/><F130/><W38/><G13/><T65/><D78/><U23/><E98/><V6/><F113/><W60/><G38/><T64/><REACH who="0" step="1"/><D18/><REACH who="0" ten="240,250,250,250" step="2"/><U91/><E107/><V128/><F117/><W27/><G76/><T36/><D36/><N who="1" m="21895" /><E91/><V129/><F119/><W20/><G85/><T19/><D19/><U48/><E48/><V72/><F72/><W125/><G84/><T2/><D2/><U37/><E37/><V102/><F128/><W126/><G126/><T22/><AGARI ba="0,1" hai="5,11,15,22,26,31,52,59,63,64,65,93,97,103" machi="22" ten="20,18000,2" yaku="1,1,0,1,7,1,8,1,52,1,54,1,53,1" doraHai="0" doraHaiUra="25" who="0" fromWho="0" sc="240,190,250,-60,250,-60,250,-60" /><INIT seed="0,1,0,5,5,0" ten="430,190,190,190" oya="0" hai0="20,40,80,84,44,76,73,129,4,39,7,114,35" hai1="90,88,37,96,112,3,127,121,98,67,24,9,78" hai2="81,6,104,123,64,46,18,68,92,86,99,107,118" hai3="130,94,66,54,16,48,52,27,5,34,26,51,55"/><T11/><D35/><U105/><E37/><V110/><F123/><W82/><G130/><T63/><D114/><U45/><E121/><V61/><F110/><W28/><G66/><T43/><D43/><U87/><E112/><V95/><F95/><W21/><G94/><T50/><D129/><U116/><E116/><V108/><F108/><W83/><REACH who="3" step="1"/><G5/><REACH who="3" ten="430,190,190,180" step="2"/><T125/><D7/><U36/><E67/><V97/><F6/><W109/><G109/><T41/><D4/><U2/><E3/><V117/><F92/><W77/><G77/><T62/><D76/><U106/><E2/><V47/><F107/><W19/><G19/><T102/><D80/><AGARI ba="1,1" hai="16,21,26,27,28,34,48,51,52,54,55,80,82,83" machi="80" ten="40,5200,0" yaku="1,1,54,2,53,0" doraHai="0" doraHaiUra="85" who="3" fromWho="0" sc="430,-55,190,0,190,0,180,65" /><INIT seed="1,0,0,2,4,115" ten="375,190,190,245" oya="1" hai0="34,64,70,127,108,25,135,123,73,67,128,60,57" hai1="49,36,98,107,79,8,40,7,59,9,102,53,126" hai2="21,16,77,30,72,32,76,56,39,82,121,22,48" hai3="110,87,26,35,132,5,103,105,117,20,131,90,106"/><U68/><E126/><V43/><F121/><W13/><G35/><T23/><D73/><U46/><E68/><V28/><F32/><W12/><G110/><T88/><D34/><U130/><E130/><V6/><F76/><W74/><G74/><T50/><D123/><U86/><REACH who="1" step="1"/><E7/><REACH who="1" ten="375,180,190,245" step="2"/><V11/><F6/><W97/><G5/><T119/><D70/><U80/><AGARI ba="0,1" hai="8,9,36,40,46,49,53,59,79,80,86,98,102,107" machi="80" ten="30,11700,0" yaku="1,1,2,1,0,1,53,1" doraHai="115" doraHaiUra="92" who="1" fromWho="1" sc="375,-39,180,127,190,-39,245,-39" /><INIT seed="1,1,0,0,1,99" ten="336,307,151,206" oya="1" hai0="135,109,30,112,83,124,79,60,117,80,77,126,5" hai1="1,35,89,132,129,94,64,61,110,56,66,41,103" hai2="90,70,72,101,95,67,28,57,106,13,42,69,22" hai3="76,116,115,24,62,7,14,55,2,130,121,36,87"/><U33/><E1/><V44/><F72/><W93/><G121/><T84/><D117/><U125/><E125/><V4/><F57/><W43/><G115/><T58/><D112/><U50/><E66/><V133/><F133/><W118/><G2/><T53/><D135/><U11/><E132/><V71/><F67/><W119/><G130/><T78/><D5/><U96/><E129/><V32/><F32/><W107/><G107/><T51/><D109/><U81/><E110/><V131/><F131/><W105/><G105/><T63/><D30/><U85/><REACH who="1" step="1"/><E11/><REACH who="1" ten="336,297,151,206" step="2"/><V6/><F70/><W3/><G3/><T17/><D126/><U59/><E59/><V9/><F71/><W128/><G128/><T82/><D124/><U0/><E0/><V92/><F69/><W18/><G119/><T65/><D65/><U98/><E98/><V134/><F134/><W104/><G118/><T100/><D84/><U45/><AGARI ba="1,1" hai="33,35,41,45,50,56,61,64,81,85,89,94,96,103" machi="45" ten="30,12000,1" yaku="1,1,0,1,52,1,53,2" doraHai="99" doraHaiUra="29" who="1" fromWho="1" sc="336,-41,297,133,151,-41,206,-41" /><INIT seed="1,2,0,5,5,78" ten="295,430,110,165" oya="1" hai0="115,43,13,35,128,3,45,96,81,93,86,118,24" hai1="109,89,60,49,114,74,116,80,62,108,31,38,53" hai2="94,28,104,73,126,2,110,112,20,103,127,113,91" hai3="122,111,75,42,90,27,21,70,132,52,117,7,79"/><U99/><E38/><V22/><F2/><W30/><G122/><T119/><D3/><U32/><E114/><N who="2" m="44139" /><F28/><W17/><G111/><N who="1" m="42570" /><E116/><V71/><F71/><W100/><G42/><T72/><D72/><U46/><E32/><V63/><F63/><W64/><G7/><T11/><D115/><U25/><E99/><N who="2" m="61567" /><F73/><W0/><G117/><T67/><D119/><U88/><E60/><V39/><F110/><W85/><G100/><T1/><D35/><N who="1" m="20975" /><E62/><V92/><F39/><W48/><G70/><T4/><D118/><U105/><E105/><V37/><F37/><W9/><G64/><T33/><D67/><U95/><E95/><V44/><F94/><W36/><G36/><T50/><D33/><U15/><E15/><V8/><F8/><W65/><G9/><T55/><D24/><U87/><E74/><V106/><F106/><W29/><G27/><T76/><D1/><U107/><E107/><V5/><F5/><W59/><G0/><T40/><REACH who="0" step="1"/><D128/><REACH who="0" ten="285,430,110,165" step="2"/><U6/><E6/><V57/><F127/><W125/><G125/><T133/><D133/><U83/><E89/><AGARI ba="2,1" hai="4,11,13,40,43,45,50,55,76,81,86,89,93,96" machi="89" ten="30,8000,1" yaku="1,1,7,1,8,1,52,1,53,1" doraHai="78" doraHaiUra="84" who="0" fromWho="1" sc="285,96,430,-86,110,0,165,0" /><INIT seed="2,0,0,0,5,49" ten="381,344,110,165" oya="2" hai0="113,34,11,98,82,109,100,12,91,55,120,75,69" hai1="110,45,114,122,14,118,56,74,43,59,41,6,116" hai2="58,81,20,38,47,128,84,42,95,115,62,94,131" hai3="51,27,23,32,4,112,107,106,71,2,79,102,90"/><V15/><F115/><W73/><G112/><T57/><D34/><U50/><E114/><V30/><F15/><W86/><G32/><T28/><D28/><U67/><E110/><V72/><F72/><W83/><G71/><T108/><D69/><U31/><E74/><V18/><F30/><W88/><G90/><T132/><D113/><U126/><E126/><V104/><F104/><W80/><G102/><T117/><D117/><U3/><E3/><V127/><F127/><W7/><G51/><T125/><D125/><U8/><E122/><V5/><F5/><W135/><G135/><T87/><D75/><U119/><E31/><V53/><F18/><W111/><G111/><T22/><D22/><U134/><E134/><V130/><REACH who="2" step="1"/><F20/><REACH who="2" ten="381,344,100,165" step="2"/><W1/><G4/><T76/><D109/><U77/><E6/><V26/><F26/><W105/><REACH who="3" step="1"/><G7/><REACH who="3" ten="381,344,100,155" step="2"/><T133/><D108/><U52/><E116/><V61/><F61/><W33/><G33/><T40/><D132/><U85/><E118/><V123/><F123/><W129/><G129/><T16/><D133/><U60/><E119/><V93/><F93/><W36/><G36/><T17/><D120/><U54/><E60/><V39/><F39/><W92/><G92/><T101/><D12/><U13/><E14/><V37/><F37/><W64/><G64/><T24/><D24/><U25/><E25/><V9/><F9/><W78/><G78/><AGARI ba="0,2" hai="38,42,47,53,58,62,78,81,84,94,95,128,130,131" machi="78" ten="40,7700,0" yaku="1,1,19,1,52,1,53,0" doraHai="49" doraHaiUra="10" who="2" fromWho="3" sc="381,0,344,0,100,97,155,-77" /><INIT seed="2,1,0,3,0,55" ten="381,344,197,78" oya="2" hai0="100,18,15,10,32,20,113,35,95,72,119,74,98" hai1="126,70,23,133,34,31,40,76,2,122,8,135,30" hai2="118,3,71,26,51,86,37,85,1,46,63,0,60" hai3="92,128,105,27,93,14,115,5,6,116,9,17,56"/><V87/><F118/><W48/><G116/><T36/><D36/><U108/><E70/><V67/><F63/><W121/><G121/><T130/><D113/><U107/><E107/><V33/><F37/><W101/><G115/><T49/><D119/><U45/><E122/><V21/><F33/><W65/><G128/><T132/><D35/><U43/><E34/><V13/><F13/><W134/><G134/><N who="1" m="51210" /><E108/><V131/><F131/><W106/><G106/><T39/><D32/><U80/><E126/><V29/><REACH who="2" step="1"/><F0/><REACH who="2" ten="381,344,187,78" step="2"/><W96/><G27/><T89/><D39/><U75/><E2/><V50/><F50/><W110/><G110/><T73/><D49/><U64/><E64/><V54/><AGARI ba="1,1" hai="1,3,21,26,29,46,51,54,60,67,71,85,86,87" machi="54" ten="30,3000,0" yaku="1,1,0,1,53,0" doraHai="55" doraHaiUra="38" who="2" fromWho="2" sc="381,-11,344,-11,187,43,78,-11" /><INIT seed="2,2,0,2,0,41" ten="370,333,230,67" oya="2" hai0="62,48,134,30,29,44,66,58,99,51,127,108,132" hai1="10,57,69,102,27,63,65,1,17,93,19,100,80" hai2="89,24,46,118,53,128,71,5,70,14,105,130,36" hai3="98,56,110,104,129,12,95,82,6,85,94,18,135"/><V109/><F118/><W26/><G110/><T45/><D99/><U84/><E69/><V77/><F105/><W35/><G129/><N who="2" m="49769" /><F77/><W73/><G73/><T83/><D83/><U37/><E37/><V78/><F78/><W87/><G135/><N who="0" m="51755" /><D108/><U67/><E67/><V112/><F112/><W3/><G104/><T43/><D127/><U39/><E39/><V107/><F107/><W52/><G3/><T103/><D103/><U60/><E60/><V40/><F24/><W50/><G6/><T74/><D74/><U34/><E100/><V20/><F109/><W121/><G121/><T23/><D23/><U47/><E102/><V111/><F111/><W22/><G98/><T90/><D90/><U13/><E34/><V55/><F89/><W49/><G85/><T28/><D28/><U54/><E1/><V15/><F20/><W42/><G35/><T79/><D79/><N who="1" m="46111" /><E27/><V38/><F38/><W126/><G126/><T122/><D122/><U32/><E32/><V101/><F101/><W86/><G26/><T114/><D114/><U75/><E75/><V31/><F31/><W25/><G25/><T59/><D29/><U119/><E119/><V92/><F92/><N who="3" m="35371" /><G82/><T133/><D30/><U9/><E93/><V16/><F5/><W115/><G115/><T97/><D97/><U64/><E17/><V8/><F14/><W11/><G22/><T21/><D21/><N who="1" m="11503" /><E65/><V96/><F96/><W7/><G18/><T81/><D133/><U61/><E61/><V68/><AGARI ba="2,0" hai="8,15,16,36,40,46,53,55,68,70,71" m="49769" machi="68" ten="40,7800,0" yaku="19,1,52,1,54,1" doraHai="41" who="2" fromWho="2" sc="370,-28,333,-28,230,84,67,-28" /><INIT seed="2,3,0,5,1,27" ten="342,305,314,39" oya="2" hai0="48,133,30,49,59,23,35,40,6,16,93,94,42" hai1="55,64,5,111,10,100,63,44,97,95,60,15,58" hai2="86,2,119,65,124,70,57,54,4,66,89,32,33" hai3="79,24,43,87,109,92,121,99,78,0,120,25,108"/><V37/><F119/><W67/><G0/><T34/><D6/><U115/><E111/><N who="3" m="42570" /><G67/><T17/><D59/><U123/><E123/><N who="3" m="47178" /><G43/><T88/><D133/><U103/><E115/><V20/><F124/><W3/><G3/><T107/><D107/><U56/><REACH who="1" step="1"/><E44/><REACH who="1" ten="342,295,314,39" step="2"/><V46/><F46/><W96/><G99/><T47/><D47/><U117/><E117/><V31/><F37/><W77/><G87/><T73/><D73/><U13/><E13/><V29/><F2/><W101/><AGARI ba="3,1" hai="24,25,77,78,79,92,96,101" m="47178,42570" machi="101" ten="40,1500,0" yaku="14,1" doraHai="27" who="3" fromWho="3" sc="342,-7,295,-7,314,-10,39,34" /><INIT seed="3,0,0,2,4,95" ten="335,288,304,73" oya="3" hai0="60,24,28,13,39,42,61,12,64,34,129,120,36" hai1="119,125,59,57,122,19,45,132,35,7,105,3,54" hai2="93,50,113,88,52,75,9,80,124,49,111,46,85" hai3="79,90,58,53,121,128,31,101,66,47,63,123,106"/><W2/><G128/><T68/><D120/><U25/><E122/><V87/><F113/><W67/><G123/><T48/><D129/><U73/><E73/><V30/><F111/><W40/><G121/><T94/><D12/><U55/><E125/><V112/><F112/><W96/><G2/><T15/><D15/><U97/><E132/><V118/><F118/><W76/><G31/><T133/><D133/><U62/><E119/><V22/><F75/><W41/><G41/><T103/><D13/><U82/><E82/><V131/><F131/><W18/><G18/><T83/><D83/><U130/><E130/><V110/><F110/><W56/><G90/><T16/><D16/><U117/><E117/><V107/><F107/><W98/><G98/><T65/><D48/><U114/><E114/><V51/><F9/><W38/><REACH who="3" step="1"/><G67/><REACH who="3" ten="335,288,304,63" step="2"/><T78/><D42/><U115/><E97/><V134/><F134/><W69/><G69/><T126/><D126/><U1/><E19/><V44/><F124/><W71/><G71/><T89/><D78/><U109/><E3/><V11/><F46/><W86/><G86/><T6/><D103/><U23/><E45/><V32/><F11/><W26/><G26/><T5/><D5/><U27/><E7/><V14/><F14/><W29/><G29/><T77/><D6/><U72/><E1/><V100/><F87/><W104/><G104/><T135/><D77/><U116/><E105/><V102/><F85/><W99/><G99/><N who="0" m="57807" /><D135/><U33/><E27/><V20/><F88/><W81/><G81/><T10/><D10/><U91/><E115/><RYUUKYOKU ba="0,1" sc="335,15,288,-15,304,-15,63,15" hai0="24,28,34,36,39,60,61,64,65,68" hai3="38,40,47,53,56,58,63,66,76,79,96,101,106" /><INIT seed="3,1,1,3,0,78" ten="350,273,289,78" oya="3" hai0="49,95,12,24,120,75,31,87,79,113,13,54,104" hai1="7,28,91,124,105,106,34,50,74,47,71,48,11" hai2="23,16,33,73,21,66,126,3,51,85,56,107,15" hai3="111,117,122,32,94,52,92,89,30,129,115,76,65"/><W17/><G115/><T19/><D104/><U10/><E71/><V80/><F107/><W119/><G122/><T53/><D120/><U114/><E114/><V123/><F33/><W134/><G129/><T67/><D67/><U37/><E37/><V20/><F3/><W88/><G65/><T99/><D75/><U46/><E124/><V132/><F123/><W4/><G134/><T6/><D6/><U98/><E74/><V121/><F121/><W9/><G17/><T70/><D70/><U110/><E110/><V77/><F126/><W42/><G42/><T103/><D54/><U82/><E34/><V45/><F132/><W69/><G69/><T108/><D108/><U135/><E135/><V84/><F56/><W40/><G40/><T86/><D13/><N who="1" m="5343" /><E106/><V5/><F66/><W36/><G36/><T72/><D72/><U8/><E105/><V59/><F59/><W118/><G111/><T61/><D61/><U1/><E1/><V112/><F5/><W102/><G76/><T18/><D79/><U68/><E28/><V109/><F112/><W26/><G52/><T2/><D2/><U25/><E68/><V116/><F109/><W43/><G43/><T35/><D113/><U128/><E128/><V96/><F116/><W64/><G64/><T14/><D19/><U57/><E57/><V41/><F96/><N who="3" m="59671" /><G92/><T131/><D131/><U60/><E47/><V101/><F101/><W100/><G100/><T130/><D130/><U90/><E46/><V55/><F41/><W63/><G63/><T62/><D62/><U39/><E60/><V44/><F44/><RYUUKYOKU ba="1,1" sc="350,-15,273,-15,289,15,78,15" hai2="15,16,20,21,23,45,51,55,73,77,80,84,85" hai3="4,9,26,30,32,88,89,117,118,119" /><INIT seed="3,2,1,5,4,86" ten="335,258,304,93" oya="3" hai0="25,89,9,129,105,97,79,0,90,40,81,34,124" hai1="3,107,120,30,123,95,41,35,96,63,19,20,58" hai2="29,46,131,108,60,37,13,8,78,38,106,80,116" hai3="62,101,88,112,94,119,31,2,36,104,69,100,118"/><W130/><G112/><T52/><D124/><U109/><E109/><V7/><F116/><W28/><G104/><T12/><D0/><U91/><E3/><V24/><F108/><W125/><G125/><T54/><D129/><U134/><E134/><V43/><F106/><W128/><G2/><T110/><D110/><U10/><E10/><V122/><F131/><N who="3" m="50219" /><G36/><T76/><D40/><U113/><E113/><V111/><F111/><W21/><G119/><T47/><D34/><U132/><E132/><V4/><F60/><W135/><G135/><T98/><D105/><U84/><E41/><V127/><F127/><W114/><G114/><T17/><D25/><U44/><E44/><V74/><F122/><W66/><G118/><T49/><D54/><U6/><E6/><V45/><F45/><W1/><G1/><T39/><D39/><U50/><E50/><V99/><F37/><W11/><G11/><T64/><D64/><U73/><E73/><V56/><F7/><W103/><G21/><T26/><D26/><U68/><E68/><V92/><F24/><W16/><G16/><T87/><D79/><U48/><E107/><V23/><F23/><W121/><G121/><T67/><D67/><N who="1" m="39415" /><E123/><V27/><F27/><W15/><G15/><T93/><D76/><U71/><E120/><V33/><F33/><W72/><G72/><T75/><D75/><U14/><E35/><V70/><F70/><W65/><G65/><T22/><D22/><N who="1" m="11639" /><E71/><V51/><F38/><W133/><G133/><T77/><D77/><U117/><E117/><V85/><F74/><W59/><G69/><RYUUKYOKU ba="2,1" sc="335,15,258,-15,304,-15,93,15" hai0="9,12,17,47,49,52,81,87,89,90,93,97,98" hai3="28,31,59,62,66,88,94,100,101,103" /><INIT seed="3,3,1,4,2,6" ten="350,243,289,108" oya="3" hai0="118,22,17,135,23,49,64,4,68,134,106,89,50" hai1="55,57,58,88,76,60,27,67,132,8,124,105,10" hai2="32,126,41,117,52,51,73,43,127,102,79,29,70" hai3="63,74,86,45,99,40,120,28,62,34,69,94,97"/><W47/><G120/><T61/><D106/><U59/><E124/><V9/><F102/><W46/><G74/><T13/><D118/><U110/><E110/><V11/><F70/><W123/><G123/><T1/><D89/><U82/><E132/><N who="0" m="50729" /><D1/><U42/><E105/><V103/><F103/><W18/><G40/><N who="2" m="15433" /><F117/><W92/><G86/><T48/><D4/><U7/><E42/><V133/><F133/><W83/><G83/><T113/><D23/><U91/><E27/><N who="2" m="18495" /><F79/><W19/><G34/><T39/><D39/><U121/><E121/><V31/><F31/><W114/><G28/><T85/><D85/><N who="1" m="48327" /><E58/><N who="2" m="33055" /><F73/><W112/><G46/><T21/><D21/><U5/><E5/><V116/><F116/><W101/><G101/><T16/><D17/><U35/><E35/><V26/><F26/><W81/><G81/><T107/><D107/><U129/><E129/><V115/><F115/><AGARI ba="3,1" hai="13,16,22,48,49,50,61,64,68,113,115" m="50729" machi="115" ten="40,2600,0" yaku="20,1,54,1" doraHai="6" who="0" fromWho="2" sc="350,45,243,0,289,-35,108,0" /><INIT seed="4,0,0,0,4,84" ten="395,243,254,108" oya="0" hai0="66,114,93,23,94,111,3,26,28,2,16,0,47" hai1="4,55,8,85,71,48,75,11,43,25,1,21,123" hai2="87,38,18,46,83,124,37,78,64,117,82,116,106" hai3="119,91,63,35,120,44,115,61,97,105,51,130,135"/><T69/><D114/><U17/><E123/><V102/><F124/><W73/><G120/><T88/><D111/><U39/><E75/><V109/><F109/><W104/><G119/><T52/><D66/><U32/><E71/><V68/><F82/><W13/><G115/><T30/><D69/><U89/><E32/><V125/><F125/><W12/><G130/><T74/><D74/><U77/><E77/><V10/><F46/><W33/><G135/><T126/><D126/><U36/><E11/><V9/><F9/><W14/><G73/><T49/><REACH who="0" step="1"/><D94/><REACH who="0" ten="385,243,254,108" step="2"/><U65/><E65/><V118/><F64/><W122/><G122/><T70/><D70/><U101/><E43/><V22/><F68/><W5/><G105/><T86/><AGARI ba="0,1" hai="0,2,3,16,23,26,28,30,47,49,52,86,88,93" machi="86" ten="30,24000,3" yaku="1,1,0,1,52,1,54,3,53,3" doraHai="84" doraHaiUra="34" who="0" fromWho="0" sc="385,250,243,-80,254,-80,108,-80" /><INIT seed="4,1,0,1,4,76" ten="635,163,174,28" oya="0" hai0="22,46,50,65,2,125,119,49,92,21,74,39,43" hai1="29,56,121,9,111,82,8,69,108,112,102,20,131" hai2="14,106,59,44,57,79,107,17,58,81,127,77,126" hai3="100,129,132,78,12,73,113,25,94,96,5,62,87"/><T36/><D2/><U104/><E69/><V128/><F44/><W90/><G113/><T116/><D74/><U37/><E121/><V95/><F95/><W40/><G129/><T88/><D65/><U33/><E33/><V38/><F38/><W91/><G132/><T41/><D125/><N who="2" m="47626" /><F128/><W105/><G40/><T68/><D68/><U98/><E131/><V53/><F53/><W0/><G0/><T133/><D133/><U42/><E112/><V30/><F30/><W6/><G91/><T31/><D31/><U4/><E8/><N who="2" m="6343" /><F79/><W124/><G124/><T85/><D22/><U15/><E56/><V64/><F64/><W55/><G25/><T16/><D39/><U24/><REACH who="1" step="1"/><E82/><REACH who="1" ten="635,153,174,28" step="2"/><V109/><F109/><W75/><G73/><AGARI ba="1,1" hai="57,58,59,73,77,81,106,107" m="6343,47626" machi="73" ten="30,2000,0" yaku="18,1,52,1" doraHai="76" who="2" fromWho="3" sc="635,0,153,0,174,33,28,-23" /><INIT seed="5,0,0,5,1,125" ten="635,153,207,5" oya="1" hai0="39,64,122,58,70,104,81,19,130,49,57,68,62" hai1="52,24,74,129,10,51,36,31,96,23,111,0,18" hai2="25,80,37,20,92,67,118,75,34,131,32,78,77" hai3="50,60,127,123,46,113,134,69,55,79,42,107,30"/><U45/><E74/><V87/><F118/><W110/><G107/><T103/><D103/><U27/><E111/><V16/><F37/><N who="3" m="21839" /><G79/><T6/><D104/><U7/><E36/><V86/><F131/><W54/><G30/><T102/><D102/><U12/><E129/><V65/><F75/><W100/><G100/><T71/><D19/><U9/><E96/><V94/><F32/><W63/><G110/><T93/><D93/><N who="2" m="35946" /><F34/><W26/><G26/><T120/><D81/><AGARI ba="0,0" hai="16,20,25,65,67,77,78,80,81,86,87" m="35946" machi="81" ten="30,2000,0" yaku="8,1,54,1" doraHai="125" who="2" fromWho="0" sc="635,-20,153,0,207,20,5,0" /><INIT seed="6,0,0,2,3,15" ten="615,153,227,5" oya="2" hai0="65,5,93,98,18,50,78,21,42,124,96,54,130" hai1="106,81,70,30,91,28,129,1,100,94,75,33,32" hai2="102,79,125,85,47,24,68,11,56,39,66,128,45" hai3="9,101,95,31,43,92,55,60,118,114,88,10,64"/><V108/><F68/><W109/><G109/><T87/><D124/><U83/><E70/><V122/><F122/><W16/><G118/><T6/><D65/><U90/><E1/><V19/><F125/><W104/><G104/><T53/><D42/><U62/><E106/><V22/><F39/><W46/><G55/><T12/><D54/><U134/><E100/><V123/><F123/><W49/><G31/><T7/><D130/><U51/><E51/><V67/><F128/><W74/><G74/><T57/><D78/><U107/><E107/><V13/><F102/><W3/><G3/><T126/><D126/><U76/><E76/><V119/><F119/><W20/><G114/><T71/><D71/><U73/><E129/><V38/><F38/><W48/><G48/><T36/><D36/><U77/><E77/><V84/><F108/><W4/><G4/><T52/><D53/><U121/><E121/><V105/><F105/><W127/><G127/><T61/><D61/><U25/><E62/><N who="2" m="38215" /><F67/><W0/><G0/><T110/><D110/><U37/><E37/><V97/><F97/><N who="3" m="59583" /><G60/><T44/><D44/><N who="2" m="16970" /><F79/><W58/><G58/><T116/><D116/><U59/><E59/><V23/><F23/><W69/><G64/><T27/><D27/><U35/><E25/><V34/><F34/><W99/><G69/><T131/><D131/><U8/><E35/><V117/><F117/><W80/><G80/><T17/><D96/><U86/><E33/><V40/><F40/><W103/><G103/><T14/><D98/><U2/><E32/><V72/><F72/><W135/><G135/><RYUUKYOKU ba="0,0" sc="615,-15,153,-15,227,15,5,15" hai2="11,13,19,22,24,84,85" hai3="9,10,16,20,43,46,49,88,92,99" /><INIT seed="6,1,0,3,1,126" ten="600,138,242,20" oya="2" hai0="14,105,39,133,25,40,88,4,52,6,73,15,56" hai1="110,134,107,125,20,115,36,38,96,60,7,97,17" hai2="62,0,83,68,9,85,127,37,99,116,66,44,129" hai3="106,13,11,89,2,51,43,3,124,19,117,100,32"/><V65/><F116/><W84/><G117/><T112/><D105/><U21/><E110/><V98/><F66/><W63/><G124/><T128/><D73/><U131/><E125/><V12/><F127/><W75/><G75/><T78/><D78/><U90/><E7/><N who="0" m="2601" /><D40/><U109/><E109/><V53/><F0/><W28/><G63/><T57/><D39/><U50/><E60/><V42/><F53/><W64/><G64/><T92/><D128/><U41/><E131/><V132/><F132/><W54/><G43/><T46/><D112/><U24/><E134/><V76/><F129/><W81/><G100/><T104/><D104/><U82/><E115/><V5/><AGARI ba="1,0" hai="5,9,12,37,42,44,62,65,68,76,83,85,98,99" machi="5" ten="20,2100,0" yaku="0,1,7,1" doraHai="126" who="2" fromWho="2" sc="600,-8,138,-8,242,24,20,-8" /><INIT seed="6,2,0,0,5,107" ten="592,130,266,12" oya="2" hai0="120,22,126,100,117,50,64,36,5,19,63,9,84" hai1="94,58,116,115,33,129,17,77,130,49,121,87,124" hai2="44,127,81,46,114,26,112,61,98,48,31,24,56" hai3="15,57,34,133,65,42,47,66,20,16,90,88,135"/><V76/><F98/><W97/><G34/><T27/><D36/><U108/><E17/><V82/><F127/><W99/><G99/><T73/><D73/><U96/><E49/><V131/><F131/><W95/><G90/><T68/><D120/><U4/><E58/><V52/><F31/><W128/><G128/><N who="1" m="49258" /><E4/><V54/><F46/><W132/><G57/><T125/><D100/><U41/><E41/><V32/><F82/><W74/><REACH who="3" step="1"/><G74/><REACH who="3" ten="592,130,266,2" step="2"/><T118/><D84/><U113/><E33/><V122/><F32/><W106/><G106/><T35/><D35/><U6/><E121/><V67/><F122/><W92/><G92/><T39/><D125/><U123/><E123/><V23/><F56/><W7/><G7/><T78/><D5/><U71/><E6/><V21/><F67/><W75/><G75/><T12/><D64/><U30/><E124/><V105/><F105/><W93/><G93/><T25/><D126/><U40/><E94/><V38/><F61/><W55/><G55/><T2/><D63/><U0/><E96/><V85/><F54/><W14/><G14/><T28/><D12/><U111/><E111/><V43/><F52/><W59/><G59/><T72/><D72/><U109/><E108/><V91/><F91/><W13/><G13/><T45/><D27/><U29/><E109/><V102/><F26/><W104/><G104/><T1/><D25/><U8/><E71/><V37/><F24/><W134/><N who="3" m="33792" /><DORA hai="119" /><W80/><G80/><T83/><D83/><U79/><E0/><N who="0" m="105" /><D68/><U60/><E60/><V51/><F81/><W69/><G69/><RYUUKYOKU ba="2,1" sc="592,-10,130,-10,266,-10,2,30" hai3="15,16,20,42,47,65,66,88,95,97" /><INIT seed="7,3,1,5,1,91" ten="582,120,256,32" oya="3" hai0="33,101,24,99,107,130,102,86,34,88,21,15,129" hai1="44,0,1,28,95,48,100,29,57,70,105,121,75" hai2="39,40,123,87,98,83,92,6,5,35,63,20,97" hai3="58,47,115,3,49,46,2,109,37,78,71,74,67"/><W54/><G109/><T68/><D68/><U116/><E70/><V31/><F35/><W127/><G127/><T134/><D15/><U110/><E110/><V13/><F39/><W104/><G104/><T117/><D102/><U43/><E121/><V76/><F40/><N who="3" m="22799" /><G115/><T11/><D11/><U108/><E108/><V112/><F123/><W72/><G47/><T16/><D117/><U111/><E111/><V85/><F112/><W60/><G78/><T80/><D134/><U26/><E105/><V4/><F63/><W27/><G27/><T7/><D7/><U133/><E75/><AGARI ba="3,1" hai="2,3,49,54,58,60,67,71,72,74,75" m="22799" machi="75" ten="30,1500,0" yaku="24,1" doraHai="91" who="3" fromWho="1" sc="582,0,120,-24,256,0,32,34" /><INIT seed="7,4,0,5,1,72" ten="582,96,256,66" oya="3" hai0="75,87,110,74,101,111,126,107,52,13,134,125,43" hai1="39,97,89,9,81,22,130,3,54,102,94,82,33" hai2="103,0,48,85,63,46,65,41,24,42,16,128,11" hai3="133,31,95,67,14,100,18,71,50,83,29,38,104"/><W25/><G38/><T122/><D122/><U131/><E33/><V135/><F103/><W58/><G71/><T119/><D119/><U26/><E39/><V120/><F135/><W129/><G133/><T56/><D134/><U45/><E3/><V92/><F128/><N who="1" m="49193" /><E9/><V123/><F42/><W19/><G129/><T108/><D43/><U47/><E54/><V4/><F24/><W15/><G104/><T76/><D101/><U28/><E82/><V80/><F16/><N who="3" m="6187" /><G83/><N who="0" m="47591" /><D107/><N who="1" m="63951" /><E81/><V49/><F123/><W62/><G50/><N who="0" m="30743" /><D13/><N who="3" m="4617" /><G25/><T132/><D132/><U79/><E79/><V106/><F120/><W70/><G70/><T84/><D84/><AGARI ba="4,0" hai="22,26,28,45,47,84,89,94" m="63951,49193" machi="84" ten="30,1000,0" yaku="19,1" doraHai="72" who="1" fromWho="0" sc="582,-22,96,22,256,0,66,0" owari="560,65.0,118,-28.0,256,6.0,66,-43.0" /></mjloggm>