<mjloggm ver="2.3"><GO type="169" lobby="0"/><UN n0="%E3%81%8F%E3%82%8D%E3%81%B5%E3%81%AD%74%6B" n1="%6D%69%6E%6F%72%69%74%79" n2="%E3%82%A6%E3%83%AB%E3%83%88%E3%83%A9%E7%AB%8B%E7%9B%B4" n3="%E7%AB%8B%E8%8F%AF%E5%A5%8F" dan="18,17,16,17" rate="2192.79,2159.23,2023.95,2228.00" sx="M,M,M,F"/><TAIKYOKU oya="0"/><INIT seed="0,0,0,3,2,131" ten="250,250,250,250" oya="0" hai0="54,74,127,27,49,29,31,78,41,68,51,16,77" hai1="123,118,44,46,83,98,132,35,63,60,72,57,22" hai2="12,50,71,26,101,125,114,69,59,15,1,130,53" hai3="9,113,45,105,42,104,52,62,126,110,20,47,28"/><T92/><D68/><U36/><E35/><V124/><F1/><W85/><G113/><T90/><D127/><N who="2" m="48714" /><F114/><W76/><G126/><T39/><D39/><U64/><E118/><V102/><F130/><W10/><G110/><T115/><D115/><U4/><E123/><V81/><F81/><W17/><G28/><N who="0" m="10827" /><D74/><U108/><E108/><V25/><F15/><W30/><G30/><T79/><D41/><U116/><E116/><V120/><F12/><W48/><G105/><T129/><D129/><U99/><E22/><V55/><F120/><W119/><G104/><T18/><D27/><N who="2" m="10250" /><F55/><W37/><G119/><T87/><D51/><U0/><E83/><V58/><F58/><AGARI ba="0,0" hai="16,18,49,54,58,77,78,79,87,90,92" m="10827" machi="58" ten="30,2900,0" yaku="8,1,54,1" doraHai="131" who="0" fromWho="2" sc="250,29,250,0,250,-29,250,0" /><INIT seed="0,1,0,4,3,118" ten="279,250,221,250" oya="0" hai0="27,1,82,119,18,96,15,9,79,20,5,72,78" hai1="80,84,81,70,94,87,28,54,135,33,10,130,68" hai2="107,17,108,76,58,77,109,92,112,32,6,24,116" hai3="122,63,101,83,39,123,31,64,55,104,99,36,7"/><T121/><D119/><U57/><E130/><V98/><F107/><W73/><G7/><T11/><D79/><U120/><E120/><N who="3" m="46122" /><G31/><T67/><D121/><U114/><E114/><V30/><F6/><W56/><G73/><T52/><D67/><U113/><E113/><V129/><F129/><W71/><G83/><T25/><D96/><U131/><E131/><V8/><F8/><W16/><G16/><T88/><D88/><U40/><E40/><V62/><F17/><W34/><G34/><T59/><REACH who="0" step="1"/><D11/><REACH who="0" ten="269,250,221,250" step="2"/><U0/><E10/><V42/><F116/><W21/><G21/><T100/><D100/><U60/><E81/><V89/><F112/><W93/><G104/><T128/><D128/><U65/><E80/><V47/><F77/><W45/><G45/><T46/><D46/><U69/><E84/><V23/><F76/><W90/><G101/><T117/><D117/><U50/><E87/><V133/><F47/><W37/><G37/><T66/><D66/><U44/><E94/><V74/><F92/><W12/><G12/><T125/><D125/><U126/><E126/><V19/><F24/><W86/><G86/><T61/><AGARI ba="1,1" hai="1,5,9,15,18,20,25,27,52,59,61,72,78,82" machi="61" ten="20,7800,0" yaku="1,1,0,1,7,1,54,1,53,0" doraHai="118" doraHaiUra="26" who="0" fromWho="0" sc="269,91,250,-27,221,-27,250,-27" /><INIT seed="0,2,0,2,0,46" ten="360,223,194,223" oya="0" hai0="77,95,4,132,120,125,115,36,19,135,99,92,128" hai1="74,70,122,51,68,6,126,62,2,123,8,49,37" hai2="66,91,112,30,114,103,65,71,124,119,80,133,48" hai3="127,17,89,85,35,57,75,110,100,23,58,31,116"/><T117/><D36/><U108/><E37/><V50/><F103/><W45/><G116/><T79/><D4/><U82/><E108/><V81/><F91/><W106/><G75/><T63/><D117/><U90/><E126/><V1/><F30/><W9/><G127/><T96/><D125/><U43/><E43/><V134/><F124/><W10/><G110/><T42/><D42/><U29/><E29/><V32/><F119/><W41/><G35/><T25/><D63/><U83/><E62/><V64/><F32/><W55/><G31/><T86/><D120/><U20/><E20/><V67/><F67/><W118/><G118/><T56/><D56/><U13/><E2/><V40/><F40/><W38/><G58/><T69/><D69/><U97/><E74/><V102/><F102/><W121/><G100/><T54/><D54/><U88/><E97/><V5/><F5/><W44/><G44/><T60/><D60/><U76/><E6/><V98/><F98/><N who="0" m="37418" /><D115/><U130/><E8/><V21/><F21/><W16/><G106/><T105/><D105/><U33/><E33/><V11/><F11/><W113/><G121/><T47/><D47/><U72/><E72/><V131/><F66/><W104/><G104/><T73/><D73/><U7/><E7/><V14/><F14/><N who="3" m="9623" /><G17/><T34/><D19/><U109/><E109/><V61/><F71/><W15/><G15/><T101/><D101/><U84/><E13/><V28/><F28/><W87/><G113/><T18/><D18/><U24/><E123/><V129/><F61/><N who="3" m="36031" /><G89/><T107/><D34/><U53/><E122/><RYUUKYOKU ba="2,0" sc="360,-15,223,-15,194,15,223,15" hai2="1,48,50,64,65,80,81,112,114,129,131,133,134" hai3="9,10,38,41,45,85,87" /><INIT seed="1,3,0,4,1,69" ten="345,208,209,238" oya="1" hai0="23,16,47,102,8,30,70,0,134,68,119,97,131" hai1="100,45,63,65,80,99,76,116,13,32,34,57,129" hai2="54,101,43,128,20,115,85,55,33,83,98,62,126" hai3="93,81,25,42,28,78,127,130,61,56,121,36,135"/><U5/><E116/><V26/><F33/><W86/><G121/><T12/><D119/><U66/><E129/><V64/><F115/><W120/><G120/><T39/><D131/><U67/><E45/><V72/><F72/><W11/><G130/><T89/><D89/><U49/><E49/><V107/><F43/><W94/><G127/><T87/><D87/><U52/><E5/><V109/><F126/><W79/><G79/><T22/><D134/><U3/><E13/><V58/><F109/><W18/><G135/><T117/><D117/><U46/><E3/><V122/><F122/><W77/><G77/><T44/><D44/><U35/><E46/><V111/><F111/><W132/><G132/><T19/><D30/><U113/><E113/><V48/><F128/><W38/><G42/><T59/><D59/><U9/><E9/><V6/><F6/><W110/><G110/><T17/><D0/><U105/><REACH who="1" step="1"/><E65/><REACH who="1" ten="345,198,209,238" step="2"/><V108/><F108/><W118/><G118/><T90/><D8/><U7/><E7/><V104/><F64/><W1/><G1/><T51/><D12/><U24/><E24/><V125/><F48/><W53/><G11/><T73/><D51/><U82/><E82/><V133/><F133/><W40/><G40/><T124/><D124/><U96/><E96/><V106/><F125/><W41/><G41/><T84/><D97/><U112/><E112/><V37/><F26/><W123/><G123/><T4/><D4/><U10/><E10/><V74/><F83/><W29/><G81/><T103/><D47/><U71/><E71/><V50/><F98/><RYUUKYOKU ba="3,1" sc="345,-10,198,30,209,-10,238,-10" hai1="32,34,35,52,57,63,66,67,76,80,99,100,105" /><INIT seed="1,4,1,3,2,45" ten="335,228,199,228" oya="1" hai0="25,31,11,135,92,42,16,51,52,44,30,41,29" hai1="48,71,76,94,123,55,23,67,69,109,0,87,101" hai2="100,17,131,107,20,98,95,27,91,33,127,68,39" hai3="7,86,21,2,115,38,43,4,88,63,9,72,5"/><U54/><E123/><V80/><F39/><W57/><G72/><T124/><D135/><U50/><E0/><V58/><F127/><W59/><G115/><T36/><D124/><U113/><E113/><V10/><F68/><W83/><G43/><N who="0" m="16395" /><D36/><U62/><E71/><V6/><F33/><W97/><G38/><T96/><D11/><U40/><E40/><V118/><F118/><W93/><G21/><N who="0" m="13479" /><D31/><U85/><E109/><V15/><F131/><W104/><G104/><T82/><D82/><U24/><E76/><V73/><F73/><W116/><G116/><T102/><AGARI ba="4,1" hai="29,30,44,51,52,92,96,102" m="13479,16395" machi="102" ten="30,7900,0" yaku="8,1,52,1,54,2" doraHai="45" who="0" fromWho="0" sc="335,101,228,-43,199,-24,228,-24" /><INIT seed="2,0,0,5,2,135" ten="436,185,175,204" oya="2" hai0="66,21,27,47,36,79,34,4,88,1,15,32,84" hai1="46,102,57,99,30,129,65,24,110,101,97,71,90" hai2="62,123,52,108,68,18,74,28,41,111,54,121,106" hai3="61,83,60,53,37,78,8,125,126,104,51,43,67"/><V119/><F106/><W50/><G104/><T85/><D1/><U56/><E110/><N who="2" m="42027" /><F74/><W131/><G131/><T82/><D66/><U72/><E72/><V10/><F28/><W94/><G94/><T13/><D36/><U116/><E116/><V114/><F119/><W0/><G0/><T11/><D47/><U112/><E112/><V98/><F114/><W20/><G8/><T117/><D15/><U107/><E129/><V16/><F98/><W103/><G103/><T40/><D40/><U33/><E46/><V76/><F76/><W25/><G37/><T91/><D117/><U45/><E45/><V130/><F41/><W55/><G43/><T87/><D87/><U2/><E90/><V81/><F81/><W120/><G120/><N who="2" m="46153" /><F130/><W35/><G35/><T42/><D42/><U75/><E75/><V132/><F132/><W31/><G83/><T48/><D48/><N who="3" m="18473" /><G78/><T23/><D79/><U58/><E2/><V109/><N who="2" m="42035" /><V113/><DORA hai="70" /><F113/><W69/><G61/><T38/><D38/><U17/><E99/><V105/><F105/><W127/><AGARI ba="0,0" hai="20,25,31,53,55,60,67,69,125,126,127" m="18473" machi="127" ten="40,8000,1" yaku="18,1,52,3" doraHai="135,70" who="3" fromWho="3" sc="436,-20,185,-20,175,-40,204,80" /><INIT seed="3,0,0,4,1,57" ten="416,165,135,284" oya="3" hai0="33,44,100,132,11,81,66,48,119,6,7,5,96" hai1="105,14,67,93,56,78,114,16,0,90,84,9,71" hai2="49,55,36,95,83,112,116,118,107,94,2,91,129" hai3="22,106,47,128,123,50,61,104,113,102,58,135,68"/><W97/><G113/><T98/><D119/><U13/><E105/><V43/><F2/><W74/><G123/><T125/><D33/><U92/><E114/><V101/><F43/><W109/><G68/><T35/><D35/><U51/><E0/><V88/><F36/><W77/><G128/><T28/><D28/><U130/><E130/><V29/><F112/><W120/><G120/><T20/><D125/><U30/><E30/><V3/><F3/><W124/><G124/><T134/><D20/><U32/><E32/><V133/><F29/><W127/><G127/><T10/><D66/><U19/><E78/><V17/><F83/><W72/><G135/><N who="0" m="51755" /><D81/><U75/><E75/><V64/><F64/><W69/><G69/><T82/><D82/><U54/><E71/><V110/><F129/><W103/><G77/><T24/><D24/><U39/><E39/><V4/><F133/><W126/><G126/><T79/><D79/><U85/><E67/><V99/><F116/><W21/><G109/><T115/><D115/><U41/><E41/><V37/><F110/><W108/><G108/><T40/><D98/><U73/><E73/><V18/><F37/><W26/><G103/><T89/><D89/><U87/><E92/><AGARI ba="0,0" hai="5,6,7,10,11,40,44,48,92,96,100" m="51755" machi="92" ten="30,1000,0" yaku="20,1" doraHai="57" who="0" fromWho="1" sc="416,10,165,-10,135,0,284,0" /><INIT seed="4,0,0,2,0,8" ten="426,155,135,284" oya="0" hai0="86,9,119,17,11,65,5,105,102,111,124,52,22" hai1="88,12,31,56,57,41,87,121,81,54,131,3,127" hai2="98,6,92,42,71,16,85,59,94,83,1,7,32" hai3="76,14,79,61,2,4,43,69,25,106,15,48,60"/><T73/><D119/><U72/><E3/><V74/><F71/><W104/><G2/><T58/><D73/><U66/><E121/><V44/><F32/><W122/><G122/><T100/><D124/><U103/><E127/><V130/><F1/><W80/><G25/><N who="0" m="14543" /><D105/><U112/><E131/><V62/><F74/><W95/><G4/><T77/><D65/><U101/><E41/><V21/><F130/><W67/><G95/><T53/><D111/><U68/><E72/><V110/><F110/><W117/><G117/><T24/><D24/><U97/><E112/><V78/><F44/><W96/><G96/><T120/><D120/><U89/><E31/><V70/><F70/><W19/><G19/><T51/><D53/><U109/><E109/><V46/><F46/><W33/><G33/><T29/><D29/><U99/><E68/><V90/><F94/><W30/><G30/><T13/><D11/><U38/><E38/><V64/><F42/><W55/><G43/><T27/><D27/><AGARI ba="0,0" hai="6,7,16,21,27,59,62,64,78,83,85,90,92,98" machi="27" ten="30,3900,0" yaku="7,1,8,1,54,1" doraHai="8" who="2" fromWho="0" sc="426,-39,155,0,135,39,284,0" /><INIT seed="5,0,0,1,1,115" ten="387,155,174,284" oya="1" hai0="28,6,103,32,128,87,86,1,53,21,75,4,82" hai1="40,26,15,2,74,97,51,47,71,94,68,31,58" hai2="102,43,92,134,48,133,77,69,7,35,59,109,8" hai3="67,112,118,23,14,93,70,95,116,129,125,124,85"/><U61/><E2/><V110/><F35/><W81/><G112/><T13/><D1/><U91/><E74/><V90/><F69/><W19/><G129/><T12/><D128/><U78/><E78/><V34/><F34/><W46/><G46/><T49/><D103/><U64/><REACH who="1" step="1"/><E15/><REACH who="1" ten="387,145,174,284" step="2"/><N who="2" m="5535" /><F77/><N who="3" m="46255" /><G67/><T79/><D75/><U135/><E135/><N who="2" m="51723" /><F102/><W123/><G123/><T41/><D13/><U52/><E52/><N who="2" m="32135" /><F43/><W63/><G70/><T10/><D41/><U0/><E0/><V101/><F101/><W130/><G130/><T100/><D100/><U11/><E11/><V57/><F57/><W106/><G106/><T73/><D10/><U29/><E29/><V122/><F122/><W36/><G14/><T108/><D12/><U131/><E131/><V121/><F121/><W9/><G9/><T56/><D56/><U89/><E89/><V111/><F111/><W114/><G114/><T117/><D108/><U44/><E44/><V127/><F127/><W3/><G125/><T107/><D79/><U84/><E84/><AGARI ba="0,1" hai="84,90,92,109,110" m="32135,51723,5535" machi="84" ten="30,2000,0" yaku="20,1,54,1" doraHai="115" who="2" fromWho="1" sc="387,0,145,-20,174,30,284,0" /><INIT seed="6,0,0,2,1,30" ten="387,125,204,284" oya="2" hai0="38,28,114,20,13,18,119,116,8,127,111,92,41" hai1="77,131,75,91,46,57,10,50,68,118,24,85,6" hai2="110,83,16,71,7,63,64,70,23,27,36,32,107" hai3="108,99,40,0,76,74,86,19,53,2,62,37,96"/><V14/><F36/><W132/><G74/><T101/><D111/><U35/><E68/><V56/><F107/><W106/><G108/><T78/><D114/><U59/><E118/><N who="0" m="45097" /><D127/><U113/><E113/><V49/><F110/><W123/><G123/><T120/><D120/><U103/><E131/><V45/><F83/><W90/><G132/><T117/><D117/><U130/><E103/><V97/><F97/><W39/><G76/><T109/><D109/><U25/><E130/><V128/><F128/><W112/><G112/><T61/><D78/><U21/><E77/><V51/><F51/><W9/><G106/><T31/><D61/><U122/><E75/><V33/><F71/><W34/><G40/><T69/><D69/><U129/><E129/><V126/><F70/><W115/><G115/><T65/><D65/><U4/><E122/><V105/><F105/><W73/><G73/><T125/><D125/><U82/><E24/><V29/><F7/><W15/><G99/><N who="0" m="59623" /><D8/><U93/><E82/><V58/><F58/><W95/><G96/><T43/><D43/><U79/><E79/><V67/><F126/><W80/><G80/><T55/><D55/><U5/><E10/><V48/><F48/><W135/><G135/><T12/><D12/><U42/><REACH who="1" step="1"/><E35/><REACH who="1" ten="387,115,204,284" step="2"/><V47/><F33/><W121/><G34/><T100/><D100/><U94/><E94/><V88/><F32/><W1/><G121/><T98/><D98/><U52/><E52/><V104/><F14/><W72/><G72/><T3/><D13/><U11/><E11/><V22/><F27/><W87/><G87/><RYUUKYOKU ba="0,1" sc="387,-15,115,15,204,-15,284,15" hai1="4,5,6,21,25,42,46,50,57,59,85,91,93" hai3="0,1,2,9,15,19,37,39,53,62,86,90,95" /><INIT seed="7,1,1,0,3,71" ten="372,130,189,299" oya="3" hai0="122,133,44,90,6,106,31,84,18,13,7,40,55" hai1="88,4,99,126,36,27,97,57,26,121,108,95,30" hai2="135,115,128,116,35,59,42,102,76,67,66,113,64" hai3="78,131,81,112,120,28,107,21,134,83,46,49,62"/><W11/><G120/><T132/><D122/><U93/><E121/><V37/><F35/><W129/><G107/><T89/><D106/><U43/><E108/><V48/><F102/><W9/><G134/><N who="0" m="51819" /><D55/><U103/><E126/><V1/><F1/><W98/><G112/><N who="2" m="43081" /><F76/><W2/><G98/><T50/><D31/><U14/><E57/><V125/><F135/><W79/><G62/><T114/><D114/><U109/><E109/><V86/><F86/><W22/><G28/><T94/><D90/><U85/><E30/><V5/><F5/><W24/><G24/><T82/><D82/><U58/><E58/><V19/><F19/><W39/><G49/><T117/><D117/><U92/><E4/><V16/><F16/><W118/><G46/><T75/><D75/><U34/><E34/><V123/><F123/><W47/><G47/><T73/><D73/><U72/><E72/><V51/><F116/><W56/><G118/><T87/><D87/><U60/><E60/><N who="2" m="37919" /><F125/><W0/><G56/><T8/><AGARI ba="1,1" hai="6,7,8,13,18,40,44,50,84,89,94" m="51819" machi="8" ten="30,1100,0" yaku="20,1" doraHai="71" who="0" fromWho="0" sc="372,24,130,-4,189,-4,299,-6" owari="396,49.0,126,-37.0,185,-21.0,293,9.0" /></mjloggm>