<mjloggm ver="2.3"><GO type="97" lobby="0"/><UN n0="%E5%A6%82%E6%9C%88%E5%BC%A6%E5%A4%AA%E6%9C%97" n1="%E5%91%B3%E3%81%AE%E7%B4%A0%E3%81%AE%E7%B4%A0" n2="%E6%9A%B4%E5%8A%9B%E6%9F%94%E8%A1%93" n3="%E3%82%A6%E3%83%AB%E3%83%88%E3%83%A9%E7%AB%8B%E7%9B%B4" dan="14,13,14,15" rate="1988.62,1833.18,1929.60,1948.79" sx="M,M,M,M"/><TAIKYOKU oya="0"/><INIT seed="0,0,0,3,0,26" ten="250,250,250,250" oya="0" hai0="130,98,103,107,69,97,81,4,40,100,78,126,76" hai1="89,1,29,25,13,16,115,30,47,109,35,119,54" hai2="84,45,49,88,96,118,59,61,86,95,85,83,87" hai3="72,66,55,131,58,133,34,102,41,71,108,73,117"/><T52/><D69/><U28/><E119/><V122/><F118/><W12/><G117/><T46/><D130/><U9/><E109/><V42/><F122/><W120/><G120/><T51/><D126/><U74/><E115/><V44/><F44/><W75/><G108/><T94/><D4/><U7/><E74/><V105/><F105/><W92/><G131/><T60/><REACH who="0" step="1"/><D81/><REACH who="0" ten="240,250,250,250" step="2"/><U68/><E68/><V33/><F33/><W18/><G133/><T62/><D62/><U123/><E123/><V19/><F19/><W80/><G34/><T21/><D21/><N who="1" m="11407" /><E89/><V39/><F39/><W114/><G80/><T24/><D24/><U99/><E99/><V31/><F31/><W17/><G17/><T56/><AGARI ba="0,1" hai="40,46,51,52,56,60,76,78,94,97,98,100,103,107" machi="56" ten="30,11700,0" yaku="1,1,0,1,54,1,53,1" doraHai="26" doraHaiUra="53" who="0" fromWho="0" sc="240,127,250,-39,250,-39,250,-39" /><INIT seed="0,1,0,5,5,100" ten="367,211,211,211" oya="0" hai0="40,125,1,114,116,56,106,79,92,26,13,117,67" hai1="130,121,86,48,89,14,38,16,51,35,39,72,87" hai2="45,123,90,73,111,105,120,25,57,124,4,43,108" hai3="132,18,7,82,113,134,9,75,95,32,11,78,133"/><T6/><D114/><U28/><E72/><V37/><F73/><W69/><G69/><T77/><D1/><U131/><E121/><V98/><F4/><W20/><G32/><T97/><D106/><U44/><E35/><V19/><F124/><W93/><G113/><T33/><D125/><U15/><E28/><V112/><F112/><W119/><G119/><T91/><D40/><U49/><E44/><V85/><F57/><W102/><G102/><T29/><D117/><U22/><E14/><V99/><F19/><W21/><G11/><T2/><D2/><U76/><E76/><V12/><F12/><N who="3" m="9287" /><G21/><T41/><D41/><U42/><E42/><V70/><F25/><W54/><G54/><T50/><D116/><U81/><REACH who="1" step="1"/><E86/><REACH who="1" ten="367,201,211,211" step="2"/><V122/><F70/><W17/><G17/><T8/><REACH who="0" step="1"/><D50/><REACH who="0" ten="357,201,211,211" step="2"/><U135/><E135/><V58/><F123/><W0/><AGARI ba="1,2" hai="0,7,9,75,78,82,93,95,132,133,134" m="9287" machi="0" ten="30,1100,0" yaku="20,1" doraHai="100" who="3" fromWho="3" sc="357,-6,201,-4,211,-4,211,34" /><INIT seed="1,0,0,0,1,42" ten="351,197,207,245" oya="1" hai0="87,23,51,116,102,5,68,14,24,54,37,10,89" hai1="48,29,19,59,125,33,105,130,20,95,117,2,38" hai2="132,21,26,45,101,133,93,7,96,111,58,66,113" hai3="16,85,31,22,118,92,3,41,36,91,1,39,86"/><U53/><E105/><V135/><F113/><W115/><G31/><T18/><D116/><U63/><E117/><V109/><F7/><W79/><G118/><T17/><D37/><U75/><E75/><V50/><F66/><W129/><G115/><T78/><D68/><U100/><E38/><V44/><F58/><W110/><G129/><T73/><D102/><U25/><E130/><V71/><F71/><W134/><G110/><N who="2" m="41993" /><F50/><W128/><G134/><T47/><D73/><U99/><E2/><V27/><F27/><W98/><G128/><T57/><D78/><U90/><E125/><V106/><F106/><W120/><G120/><T40/><D40/><U107/><E63/><V9/><F9/><W81/><G39/><T32/><D32/><U121/><E121/><V8/><F8/><W123/><G123/><T69/><D69/><U114/><E114/><V72/><F72/><W103/><G36/><T60/><D60/><U65/><E65/><V15/><F15/><W124/><G124/><T70/><D70/><U119/><E119/><V94/><F93/><W0/><G41/><T108/><D108/><U46/><E107/><V4/><F4/><W43/><G43/><T61/><D61/><U82/><E82/><V88/><F101/><W28/><G1/><T64/><D64/><U97/><E100/><V112/><F112/><W62/><G0/><T35/><D35/><U126/><E126/><V77/><F77/><W122/><G3/><T12/><D12/><N who="1" m="9319" /><E99/><V56/><F56/><W76/><G122/><T13/><D13/><U34/><E33/><V74/><F74/><RYUUKYOKU ba="0,0" sc="351,-15,197,15,207,15,245,-15" hai1="25,29,34,46,48,53,59,90,95,97" hai2="21,26,44,45,88,94,96,132,133,135" /><INIT seed="1,1,0,1,1,101" ten="336,212,222,230" oya="1" hai0="45,49,80,113,129,91,70,48,108,107,99,7,92" hai1="73,53,67,90,95,27,115,5,86,83,100,19,119" hai2="22,47,43,126,106,132,133,111,41,123,44,25,98" hai3="117,76,8,59,33,50,60,78,56,62,89,88,128"/><U85/><E115/><V0/><F0/><W52/><G33/><T39/><D113/><U87/><E119/><V3/><F3/><W28/><G117/><T40/><D70/><U112/><E112/><V122/><F126/><W77/><G128/><T42/><D129/><U79/><E67/><V64/><F64/><N who="3" m="38919" /><G28/><T20/><D7/><U13/><E5/><V68/><F68/><W114/><G114/><T75/><D108/><U118/><E118/><V72/><F72/><W66/><G8/><T55/><D107/><U74/><E27/><V71/><F71/><W110/><G110/><T65/><D65/><U34/><E34/><V30/><F111/><W96/><G96/><T116/><D116/><U94/><E53/><V63/><F63/><W2/><G2/><T4/><D4/><U57/><E57/><AGARI ba="1,0" hai="50,52,57,59,62,66,76,77,78,88,89" m="38919" machi="57" ten="30,3900,0" yaku="8,1,54,2" doraHai="101" who="3" fromWho="1" sc="336,0,212,-42,222,0,230,42" /><INIT seed="2,0,0,1,5,7" ten="336,170,222,272" oya="2" hai0="38,115,87,24,22,94,47,13,33,58,98,61,110" hai1="4,34,127,78,8,84,32,130,67,91,48,9,122" hai2="117,75,20,53,59,105,107,99,19,49,15,106,52" hai3="29,109,124,95,41,131,12,70,50,129,80,132,116"/><V39/><F39/><W120/><G29/><T0/><D115/><U36/><E36/><V11/><F75/><W40/><G95/><T76/><D0/><U14/><E122/><V21/><F117/><W27/><G27/><T83/><D110/><U1/><E78/><V77/><F77/><W55/><G80/><T90/><D33/><U35/><E130/><V43/><F43/><W73/><G12/><T74/><D13/><U57/><E127/><V101/><REACH who="2" step="1"/><F53/><REACH who="2" ten="336,170,212,272" step="2"/><W44/><G73/><T51/><D38/><U54/><E67/><V104/><AGARI ba="0,1" hai="11,15,19,20,21,49,52,59,99,101,104,105,106,107" machi="104" ten="30,12000,1" yaku="1,1,2,1,0,1,52,1,54,1,53,0" doraHai="7" doraHaiUra="66" who="2" fromWho="2" sc="336,-40,170,-40,212,130,272,-40" /><INIT seed="2,1,0,1,0,88" ten="296,130,342,232" oya="2" hai0="102,65,19,15,44,112,20,21,127,45,54,81,12" hai1="67,130,109,39,95,36,110,7,124,64,90,60,82" hai2="94,83,107,106,72,31,125,111,42,50,76,6,10" hai3="28,135,25,104,121,126,105,59,47,116,13,74,3"/><V129/><F31/><W117/><G59/><T78/><D112/><U93/><E7/><V91/><F129/><W68/><G47/><T34/><D34/><U43/><E130/><V96/><F125/><W98/><G13/><T40/><D127/><U9/><E124/><V103/><F111/><N who="1" m="42505" /><E9/><V77/><F77/><W123/><G25/><T113/><D113/><U99/><E82/><V5/><F107/><W46/><G28/><T22/><D65/><N who="1" m="25163" /><E60/><V69/><F69/><W63/><G63/><T100/><D54/><U132/><E132/><V17/><F17/><W79/><G126/><T37/><D45/><N who="1" m="23783" /><E39/><V92/><F6/><W84/><G135/><T108/><D108/><U32/><E32/><V71/><F71/><W2/><G68/><T66/><D66/><U53/><E53/><V120/><F120/><W119/><G123/><T8/><REACH who="0" step="1"/><D15/><REACH who="0" ten="286,130,342,232" step="2"/><U86/><E99/><V27/><F42/><W128/><G98/><T23/><N who="0" m="5632" /><DORA hai="49" /><T52/><D52/><U4/><E4/><V56/><F27/><W38/><G128/><T1/><D1/><U115/><E115/><V55/><F91/><W101/><G2/><AGARI ba="1,1" hai="2,5,10,50,55,56,72,76,83,92,94,96,103,106" machi="2" ten="30,11600,0" yaku="7,1,52,3" doraHai="88,49" who="2" fromWho="3" sc="286,0,130,0,342,129,232,-119" /><INIT seed="2,2,0,4,2,83" ten="286,130,471,113" oya="2" hai0="93,88,13,24,103,67,114,98,2,62,72,35,65" hai1="41,108,17,109,47,20,78,52,104,68,69,71,46" hai2="120,95,9,73,87,81,127,34,97,23,30,118,70" hai3="51,125,33,40,94,92,115,80,55,29,5,84,124"/><V82/><F70/><W131/><G115/><T54/><D114/><U50/><E104/><V135/><F34/><W107/><G107/><T26/><D2/><U22/><E78/><V32/><F32/><W57/><G5/><T101/><D72/><U89/><E89/><V79/><F120/><W119/><G119/><T16/><D54/><U37/><REACH who="1" step="1"/><E22/><REACH who="1" ten="286,120,471,113" step="2"/><V128/><F118/><W49/><G33/><T58/><D35/><U64/><E64/><V12/><F135/><W75/><G75/><T44/><D67/><U48/><E48/><V99/><F128/><W91/><G131/><T15/><D103/><U4/><E4/><V45/><F127/><N who="3" m="48715" /><G29/><T28/><D28/><U14/><AGARI ba="2,1" hai="14,17,20,37,41,46,47,50,52,68,69,71,108,109" machi="14" ten="40,8000,1" yaku="1,1,0,1,54,1,53,1" doraHai="83" doraHaiUra="39" who="1" fromWho="1" sc="286,-22,120,96,471,-42,113,-22" /><INIT seed="3,0,0,1,2,26" ten="264,216,429,91" oya="3" hai0="19,68,17,104,86,79,112,24,124,122,55,64,74" hai1="53,103,71,110,66,42,10,92,106,56,77,135,13" hai2="62,11,95,27,102,94,131,43,57,80,33,82,31" hai3="85,105,45,96,121,72,87,89,76,3,39,32,130"/><W126/><G121/><T46/><D122/><U116/><E110/><V93/><F43/><W4/><G126/><T37/><D124/><U22/><E116/><V129/><F11/><W128/><G32/><T38/><D104/><U119/><E119/><V133/><F133/><W114/><G114/><T35/><D74/><U61/><E135/><V58/><F102/><W120/><G120/><T109/><D109/><U60/><E77/><V132/><F132/><W65/><G65/><T49/><D112/><U125/><E125/><V8/><F8/><N who="3" m="2079" /><G89/><T5/><D5/><U127/><E127/><V69/><F69/><W107/><G85/><T63/><D19/><U84/><E106/><N who="3" m="40458" /><G87/><T101/><D101/><U2/><E2/><V9/><F9/><W78/><G96/><T118/><D118/><U36/><E22/><V91/><F91/><W111/><G111/><T98/><D98/><U90/><E103/><V7/><F7/><W115/><G115/><T88/><D79/><U83/><E36/><V29/><F33/><W50/><G50/><T34/><D34/><U15/><E42/><V134/><F134/><W73/><G78/><T18/><D18/><U1/><E1/><V108/><F108/><W20/><G20/><T48/><D48/><U14/><REACH who="1" step="1"/><E92/><REACH who="1" ten="264,206,429,91" step="2"/><V113/><F113/><W99/><G99/><T12/><D35/><U75/><E75/><N who="3" m="28746" /><G76/><T123/><D123/><U67/><E67/><V41/><F57/><W0/><G0/><T44/><D38/><U81/><E81/><V23/><F62/><W70/><G70/><T30/><D68/><U47/><E47/><RYUUKYOKU ba="0,1" sc="264,-15,206,15,429,-15,91,15" hai1="10,13,14,15,53,56,60,61,66,71,83,84,90" hai3="39,45,128,130" /><INIT seed="3,1,1,2,2,47" ten="249,221,414,106" oya="3" hai0="17,117,80,14,58,35,11,12,38,59,69,20,124" hai1="64,65,101,21,99,5,57,29,131,97,32,61,106" hai2="76,26,89,118,113,44,71,15,110,119,43,87,121" hai3="126,66,94,7,91,74,56,90,60,42,45,10,16"/><W77/><G126/><T30/><D124/><U67/><E131/><V122/><F71/><W130/><G130/><T88/><D117/><U13/><E99/><V114/><F26/><W31/><G31/><T95/><D69/><U51/><E51/><N who="2" m="27039" /><F76/><W92/><G77/><T98/><D38/><U85/><E85/><V28/><F28/><W49/><G74/><T63/><D80/><U127/><E127/><V52/><F15/><N who="3" m="7287" /><G7/><T48/><D48/><U83/><E83/><V0/><F0/><W100/><G100/><T40/><D40/><U68/><E32/><V120/><F89/><AGARI ba="1,1" hai="42,45,49,56,60,66,89,90,91,92,94" m="7287" machi="89" ten="30,5800,0" yaku="8,1,52,1,54,1" doraHai="47" who="3" fromWho="2" sc="249,0,221,0,414,-61,106,71" /><INIT seed="3,2,0,4,3,37" ten="249,221,353,177" oya="3" hai0="96,100,28,30,95,40,61,8,98,17,105,46,63" hai1="134,127,89,23,44,22,82,81,110,50,66,49,113" hai2="74,108,36,124,60,99,70,131,10,119,18,75,73" hai3="111,85,7,35,118,15,128,112,76,68,4,88,51"/><W62/><G118/><T54/><D30/><U132/><E113/><V71/><F36/><W32/><G112/><T121/><D121/><U48/><E110/><V45/><F119/><W52/><G76/><T6/><D28/><U58/><E127/><V72/><F108/><W25/><G111/><T129/><D129/><U0/><E0/><V1/><F131/><W86/><G128/><T53/><D17/><U102/><E102/><V101/><F124/><W26/><G62/><T67/><D63/><N who="1" m="38263" /><E44/><V3/><F75/><W130/><G130/><T120/><D120/><U24/><E89/><V20/><F45/><N who="3" m="27759" /><G68/><T69/><D105/><U59/><E59/><V55/><F71/><W133/><G35/><T56/><D69/><U33/><E33/><V12/><F55/><W92/><G32/><T38/><REACH who="0" step="1"/><D98/><REACH who="0" ten="239,221,353,177" step="2"/><U115/><E115/><V77/><F70/><W42/><G133/><N who="1" m="51306" /><E23/><V39/><F20/><W114/><G114/><T64/><D64/><U27/><E22/><V41/><F99/><N who="3" m="57735" /><G42/><T125/><D125/><U47/><E27/><N who="3" m="10250" /><G15/><AGARI ba="2,1" hai="6,8,15,38,40,46,53,54,56,61,67,95,96,100" machi="15" ten="30,3900,0" yaku="1,1,7,1,52,1,53,0" doraHai="37" doraHaiUra="87" who="0" fromWho="3" sc="239,55,221,0,353,0,177,-45" owari="294,9.0,221,-18.0,353,46.0,132,-37.0" /></mjloggm>