<mjloggm ver="2.3"><GO type="97" lobby="0"/><UN n0="%E7%96%BE%E9%A2%A8%E7%9F%A5%E5%8B%81%E8%8D%89" n1="%E3%81%84%E3%82%93%E3%81%B1%E3%82%89" n2="%E5%8D%B5%E3%81%A8%E3%81%98" n3="%E3%82%A6%E3%83%AB%E3%83%88%E3%83%A9%E7%AB%8B%E7%9B%B4" dan="15,13,15,15" rate="2005.47,1921.43,1960.85,1960.39" sx="F,M,M,M"/><TAIKYOKU oya="0"/><INIT seed="0,0,0,3,3,95" ten="250,250,250,250" oya="0" hai0="129,21,77,100,101,94,17,66,1,49,28,92,131" hai1="2,132,43,84,3,56,118,57,42,35,67,18,93" hai2="87,135,10,134,113,98,54,64,122,22,74,119,102" hai3="72,14,63,59,88,90,32,25,20,0,82,48,96"/><T126/><D1/><U38/><E38/><V111/><F113/><W15/><G0/><T85/><D66/><U37/><E37/><V51/><F122/><W58/><G32/><T107/><D28/><U114/><E118/><V68/><F119/><W65/><G72/><T110/><D49/><U109/><E35/><V117/><F117/><W11/><G90/><N who="0" m="53327" /><D17/><U34/><E34/><V123/><F123/><W62/><G48/><T124/><D21/><U41/><E114/><V91/><F10/><W80/><G15/><T44/><D44/><U86/><E18/><V125/><F125/><N who="0" m="48234" /><D77/><U112/><E112/><V106/><F22/><W9/><G14/><T16/><D16/><U6/><E67/><V27/><F64/><W40/><G65/><T23/><D23/><U89/><E132/><V52/><F135/><W81/><G20/><T30/><D30/><U47/><E109/><V50/><F134/><W128/><G25/><T29/><D29/><U46/><E6/><V105/><F27/><W78/><G9/><T83/><D110/><U120/><E120/><V97/><F111/><W71/><G11/><T79/><D107/><U130/><E2/><V108/><F106/><W104/><G104/><T19/><D19/><U7/><E3/><V45/><F105/><W115/><G78/><T31/><D31/><U12/><E7/><V103/><F108/><W4/><G4/><T60/><D60/><U75/><E47/><V36/><F45/><W8/><G63/><T99/><D101/><U55/><E46/><V26/><F103/><W53/><G62/><T121/><D121/><RYUUKYOKU ba="0,0" sc="250,30,250,-10,250,-10,250,-10" hai0="79,83,94,99,100,129,131" /><INIT seed="0,1,0,1,3,61" ten="280,240,240,240" oya="0" hai0="44,133,11,12,84,23,64,103,33,59,49,21,93" hai1="6,36,66,5,45,125,127,121,126,102,15,92,111" hai2="2,113,31,22,7,114,107,72,63,99,108,55,20" hai3="104,70,86,30,78,37,43,1,39,96,105,132,13"/><T79/><D33/><U26/><E121/><V51/><F72/><W118/><G118/><T62/><D133/><U67/><E111/><V46/><F108/><W16/><G1/><T52/><D103/><U87/><E26/><V131/><F131/><W82/><G132/><T100/><D100/><U19/><E36/><V32/><F107/><W24/><G70/><T50/><D50/><U97/><E45/><V115/><F99/><W88/><G43/><T17/><D93/><U71/><E87/><V128/><F128/><W101/><G78/><T129/><D129/><U58/><E71/><V112/><N who="2" m="29184" /><DORA hai="48" /><V76/><F76/><W116/><G105/><T56/><D44/><U69/><E69/><V110/><F110/><W42/><G42/><T9/><D9/><N who="1" m="6639" /><E58/><V77/><F77/><W14/><G116/><T35/><D35/><U89/><E102/><V123/><F123/><W120/><G120/><T47/><D47/><U119/><E119/><V90/><F90/><W27/><G14/><T98/><D98/><U38/><E38/><V134/><F134/><W0/><G0/><T94/><D94/><U34/><E34/><V10/><REACH who="2" step="1"/><F63/><REACH who="2" ten="280,240,230,240" step="2"/><W81/><G96/><T4/><D4/><AGARI ba="1,1" hai="4,5,6,66,67,89,92,97,125,126,127" m="6639" machi="4" ten="30,3900,0" yaku="18,1,52,2" doraHai="61,48" who="1" fromWho="0" sc="280,-42,240,52,230,0,240,0" /><INIT seed="1,0,0,0,1,128" ten="238,292,230,240" oya="1" hai0="54,36,114,98,116,81,39,47,49,130,59,124,69" hai1="32,24,103,20,105,7,16,112,121,11,43,41,93" hai2="101,109,6,111,19,80,42,29,90,12,51,9,79" hai3="131,108,23,17,75,86,99,97,77,21,78,84,119"/><U73/><E121/><V62/><F101/><W107/><G17/><T83/><D116/><U65/><E112/><V104/><F104/><W58/><G58/><T31/><D114/><U134/><E105/><V132/><F132/><W14/><G14/><T25/><D69/><U52/><E134/><V33/><F90/><W125/><G107/><T106/><D130/><U60/><E73/><V57/><F19/><W89/><G75/><T30/><D124/><U71/><E32/><V10/><F10/><W55/><G89/><T44/><D106/><U35/><E35/><V110/><F29/><W22/><G131/><T53/><D98/><N who="3" m="37385" /><G55/><T34/><D59/><U95/><E103/><V27/><F27/><W28/><G28/><T3/><D3/><U0/><REACH who="1" step="1"/><E52/><REACH who="1" ten="238,282,230,240" step="2"/><V15/><F111/><W1/><G108/><T118/><D34/><U88/><E88/><V63/><F33/><W46/><G119/><T61/><D118/><U2/><E2/><V72/><F110/><W67/><G1/><T123/><D123/><U26/><E26/><V70/><F109/><W96/><G125/><T94/><D25/><U100/><E100/><V117/><F117/><W8/><G78/><T76/><D76/><U122/><E122/><V45/><F79/><W68/><G77/><T4/><D61/><U82/><E82/><V87/><F80/><W5/><G46/><T66/><D83/><U50/><E50/><V37/><F51/><W64/><G64/><T135/><D66/><U127/><E127/><V40/><F45/><W113/><G67/><T115/><D47/><U92/><AGARI ba="0,1" hai="0,7,11,16,20,24,41,43,60,65,71,92,93,95" machi="92" ten="30,11700,0" yaku="1,1,5,1,0,1,54,1,53,0" doraHai="128" doraHaiUra="74" who="1" fromWho="1" sc="238,-39,282,127,230,-39,240,-39" /><INIT seed="1,1,0,5,3,64" ten="199,409,191,201" oya="1" hai0="32,49,88,84,103,34,70,16,42,127,130,4,58" hai1="28,96,79,92,18,81,112,98,99,114,74,65,69" hai2="91,131,66,3,10,113,12,26,93,41,36,72,86" hai3="15,126,14,117,62,29,54,35,95,51,82,2,56"/><U129/><E129/><V60/><F113/><W132/><G2/><T38/><D130/><U48/><E48/><V100/><F72/><W106/><G106/><T27/><D103/><U121/><E121/><V7/><F131/><W17/><G117/><T97/><D127/><U133/><E133/><V83/><F36/><W59/><G126/><T0/><D97/><U23/><E28/><V44/><F26/><W101/><G132/><T9/><D38/><U111/><E111/><V19/><F44/><W24/><G82/><T90/><D70/><U1/><E1/><V102/><F41/><W94/><G15/><T50/><D50/><U134/><E134/><V52/><F83/><W33/><G101/><T25/><D90/><U104/><E104/><V45/><F45/><W61/><G35/><T128/><D128/><U5/><E5/><V77/><F77/><W124/><G124/><T47/><D58/><U40/><E40/><V116/><F116/><W75/><G75/><T123/><D123/><U120/><E120/><V30/><F30/><W53/><REACH who="3" step="1"/><G51/><REACH who="3" ten="199,409,191,191" step="2"/><T76/><D25/><U11/><E74/><V6/><F3/><W107/><G107/><T63/><D27/><U115/><E81/><V125/><F125/><W85/><G85/><T43/><D34/><U67/><E115/><V39/><F39/><W87/><G87/><T68/><D32/><U80/><E114/><V105/><F105/><W118/><G118/><T135/><D135/><U20/><E112/><V109/><F102/><W46/><G46/><T55/><D0/><U122/><E80/><V57/><F100/><RYUUKYOKU ba="1,1" sc="199,-10,409,-10,191,-10,191,30" hai3="14,17,24,29,33,53,54,56,59,61,62,94,95" /><INIT seed="2,2,1,1,4,133" ten="189,399,181,221" oya="2" hai0="63,32,88,48,51,97,5,36,15,109,98,20,16" hai1="60,115,27,0,120,94,37,118,1,29,45,123,28" hai2="9,62,25,31,3,129,46,22,4,105,56,85,73" hai3="33,18,61,7,17,84,21,134,125,41,96,86,67"/><V126/><F105/><W127/><G33/><T113/><D113/><U74/><E118/><V10/><F73/><W44/><G7/><T90/><D36/><U107/><E115/><V92/><F129/><W95/><G134/><T108/><D32/><U128/><E128/><V19/><F126/><N who="3" m="48139" /><G86/><T69/><D5/><U100/><E74/><V119/><F119/><W122/><G84/><T93/><D69/><U130/><E130/><V104/><F104/><W40/><G122/><N who="1" m="46634" /><E94/><V87/><F92/><W117/><G117/><T82/><D63/><U102/><E60/><V66/><F46/><W54/><G54/><T76/><D98/><N who="1" m="61847" /><E102/><V99/><F99/><W68/><G21/><T81/><D90/><U131/><E131/><V24/><REACH who="2" step="1"/><F9/><REACH who="2" ten="189,399,171,221" step="2"/><W14/><G44/><T8/><D8/><U12/><E45/><V42/><F42/><N who="3" m="16491" /><G14/><T50/><D76/><U65/><E12/><V53/><F53/><W71/><G71/><T114/><REACH who="0" step="1"/><D114/><REACH who="0" ten="179,399,171,221" step="2"/><U6/><E6/><V34/><AGARI ba="2,3" hai="3,4,10,19,22,24,25,31,34,56,62,66,85,87" machi="34" ten="20,3900,0" yaku="1,1,0,1,7,1,53,0" doraHai="133" doraHaiUra="89" who="2" fromWho="2" sc="179,-15,399,-15,171,75,221,-15" /><INIT seed="2,3,0,2,5,24" ten="164,384,246,206" oya="2" hai0="70,108,35,67,10,37,36,130,107,77,80,59,91" hai1="73,48,96,54,60,86,31,126,33,62,5,113,112" hai2="120,55,117,101,40,43,4,75,58,8,135,18,104" hai3="57,128,116,122,41,111,52,34,131,71,28,65,132"/><V121/><F75/><W63/><G116/><T45/><D107/><U79/><E73/><V47/><F117/><W89/><G122/><T123/><D123/><U93/><E33/><V46/><F135/><W7/><G7/><T124/><D70/><U92/><E31/><V78/><F78/><W53/><G89/><T110/><D130/><N who="3" m="49705" /><G34/><T38/><D124/><U12/><E126/><V74/><F74/><W106/><G106/><T9/><D45/><N who="1" m="27919" /><E113/><V127/><F127/><W13/><G13/><T105/><D105/><U66/><E112/><V49/><F18/><W0/><G0/><T103/><D103/><N who="1" m="60807" /><E66/><V21/><F21/><W114/><G28/><T129/><D129/><U119/><E119/><V50/><F101/><W56/><G114/><T118/><D118/><U25/><E25/><V95/><F95/><W42/><G132/><T51/><D91/><N who="1" m="53495" /><E79/><V84/><F84/><W14/><G14/><T30/><D108/><U99/><E99/><V76/><F76/><W109/><G71/><T100/><D110/><N who="3" m="41993" /><G65/><T20/><D35/><U69/><E69/><V115/><F104/><W133/><G133/><T15/><D100/><U97/><E97/><V85/><F85/><W32/><G32/><T6/><D9/><AGARI ba="3,0" hai="5,9,12,60,62" m="53495,60807,27919" machi="9" ten="30,1000,0" yaku="8,1" doraHai="24" who="1" fromWho="0" sc="164,-19,384,19,246,0,206,0" /><INIT seed="3,0,0,3,2,38" ten="145,403,246,206" oya="3" hai0="116,7,42,96,110,23,80,54,36,56,117,108,32" hai1="111,98,40,107,2,113,83,121,105,30,18,114,63" hai2="66,82,94,37,120,41,1,97,52,8,35,21,87" hai3="76,115,75,127,86,55,73,34,90,69,85,103,43"/><W47/><G115/><T45/><D32/><U19/><E121/><V133/><F120/><W79/><G34/><T130/><D7/><U124/><E2/><V71/><F35/><W60/><G127/><T16/><D80/><U135/><E114/><V13/><F133/><W89/><G103/><T72/><D72/><U112/><E113/><V134/><F134/><W26/><G26/><T118/><D96/><U28/><E112/><V17/><F71/><W0/><G0/><T62/><REACH who="0" step="1"/><D130/><REACH who="0" ten="135,403,246,206" step="2"/><U131/><E135/><V57/><F82/><N who="3" m="49367" /><G75/><T5/><D5/><U65/><E83/><V126/><F97/><W78/><G73/><T125/><D125/><U77/><E124/><V101/><F126/><W11/><G78/><T48/><D48/><U14/><E77/><V44/><F37/><W132/><G79/><T109/><D109/><U29/><E111/><V10/><F1/><W12/><G76/><T93/><D93/><U88/><E131/><V4/><F94/><W70/><G132/><T3/><D3/><U102/><E107/><V74/><F4/><W15/><G85/><T50/><D50/><U84/><E84/><V24/><F87/><W68/><G90/><T100/><D100/><U128/><E88/><V81/><F74/><W64/><G60/><T61/><D61/><U106/><E63/><V53/><F101/><W119/><G69/><T67/><D67/><U9/><E65/><V27/><F66/><W104/><G68/><T123/><D123/><U46/><E128/><V95/><F81/><W92/><G64/><T6/><D6/><U122/><E122/><RYUUKYOKU ba="0,1" sc="135,30,403,-10,246,-10,206,-10" hai0="16,23,36,42,45,54,56,62,108,110,116,117,118" owari="165,-33.0,403,49.0,236,4.0,196,-20.0" /></mjloggm>