<mjloggm ver="2.3"><GO type="97" lobby="0"/><UN n0="%E3%82%A6%E3%83%AB%E3%83%88%E3%83%A9%E7%AB%8B%E7%9B%B4" n1="%E3%82%B7%E3%83%AD%E3%82%AF%E3%83%AD" n2="%E3%82%BF%E3%82%B1%E3%83%8E%E3%82%B3%28%E6%94%B9%29" n3="%62%69%6E%6E%68%6F" dan="15,14,14,13" rate="1974.44,1904.73,1907.75,1846.57" sx="M,M,F,M"/><TAIKYOKU oya="0"/><INIT seed="0,0,0,0,4,32" ten="250,250,250,250" oya="0" hai0="112,91,98,46,11,83,12,19,4,121,76,1,124" hai1="64,65,35,52,44,33,9,2,31,14,5,114,62" hai2="29,56,61,51,119,21,57,71,109,129,127,42,128" hai3="77,122,115,88,131,16,117,78,100,81,110,48,102"/><T50/><D124/><U13/><E114/><V108/><F29/><W116/><G115/><T22/><D121/><U133/><E133/><V30/><F30/><W63/><G63/><T60/><D112/><U123/><E123/><V75/><F21/><W53/><G122/><T86/><D60/><U20/><E35/><V107/><F107/><W49/><G110/><N who="2" m="42601" /><F75/><W24/><G131/><N who="2" m="50249" /><F127/><W28/><G28/><T87/><D98/><U25/><E14/><V23/><F23/><N who="3" m="13415" /><G116/><T85/><REACH who="0" step="1"/><D76/><REACH who="0" ten="240,250,250,250" step="2"/><N who="3" m="29289" /><G117/><T72/><D72/><U130/><E130/><V47/><F119/><W96/><G49/><T10/><D10/><U99/><E99/><V69/><F61/><W135/><G135/><T82/><D82/><U18/><REACH who="1" step="1"/><E62/><REACH who="1" ten="240,240,250,250" step="2"/><V80/><F80/><W118/><G118/><T55/><AGARI ba="0,2" hai="1,4,11,12,19,22,46,50,55,83,85,86,87,91" machi="55" ten="20,7800,0" yaku="1,1,0,1,7,1,52,1,53,0" doraHai="32" doraHaiUra="134" who="0" fromWho="0" sc="240,98,240,-26,250,-26,250,-26" /><INIT seed="0,1,0,2,2,132" ten="338,214,224,224" oya="0" hai0="31,43,116,30,84,13,129,6,104,95,102,4,21" hai1="53,67,75,134,108,83,26,79,25,41,72,61,39" hai2="18,56,65,93,112,91,99,81,1,109,87,34,44" hai3="70,111,92,77,128,126,32,106,11,110,94,38,73"/><T124/><D104/><U19/><E134/><V14/><F1/><W29/><G106/><T12/><D43/><U40/><E108/><N who="3" m="41514" /><G38/><T130/><D84/><U59/><E72/><V96/><F34/><W2/><G70/><T78/><D95/><U50/><E19/><V90/><F112/><W98/><G94/><T8/><D102/><U127/><E127/><V119/><F109/><W52/><G128/><T7/><D78/><U133/><E133/><V66/><F119/><W88/><G29/><N who="0" m="10763" /><D116/><U55/><E55/><V51/><F56/><W48/><G32/><T76/><D76/><U117/><E117/><V10/><REACH who="2" step="1"/><F96/><REACH who="2" ten="338,214,214,224" step="2"/><W36/><G2/><T0/><D0/><U123/><E123/><V114/><F114/><W62/><G126/><T22/><D124/><U74/><E75/><V131/><F131/><W101/><G73/><T60/><D130/><U57/><E39/><V20/><F20/><W80/><G36/><T37/><D37/><U46/><E40/><AGARI ba="1,1" hai="10,14,18,40,44,51,65,66,81,87,90,91,93,99" machi="40" ten="30,3900,0" yaku="1,1,7,1,8,1,53,0" doraHai="132" doraHaiUra="33" who="2" fromWho="1" sc="338,0,214,-42,214,52,224,0" /><INIT seed="1,0,0,4,3,38" ten="338,172,266,224" oya="1" hai0="46,106,93,133,42,87,70,11,67,98,36,123,17" hai1="116,60,47,135,49,10,39,75,62,132,31,97,113" hai2="15,25,107,122,68,29,85,9,130,64,96,104,53" hai3="59,40,44,34,63,94,90,105,18,66,13,74,79"/><U78/><E113/><V121/><F130/><W6/><G105/><T77/><D106/><U127/><E116/><V26/><F107/><W3/><G34/><T102/><D67/><U99/><E39/><V32/><F53/><W109/><G109/><T22/><D70/><U16/><E31/><V92/><F25/><W41/><G44/><T103/><D11/><U100/><E127/><V117/><F85/><W8/><G79/><T131/><D131/><U88/><E78/><V43/><F43/><W61/><G61/><T56/><D56/><U57/><E75/><V71/><F117/><W5/><G74/><T21/><D87/><U51/><E100/><N who="2" m="62471" /><F92/><W52/><G66/><T33/><D93/><N who="1" m="56487" /><E99/><V23/><F23/><W37/><G37/><T1/><D36/><U7/><E7/><N who="3" m="2570" /><G3/><T35/><D1/><U45/><E135/><V55/><F55/><W0/><G0/><T124/><D102/><U120/><E132/><V24/><F71/><W134/><G134/><T69/><D103/><U27/><E120/><V65/><F122/><W81/><G81/><T108/><D123/><U28/><E28/><V83/><F29/><W114/><G114/><T89/><D133/><U119/><E57/><V82/><F121/><W129/><G129/><T110/><D69/><U30/><E30/><N who="2" m="19543" /><F68/><W48/><G48/><N who="1" m="18506" /><E119/><V115/><F115/><W12/><G12/><T14/><D35/><U4/><E4/><N who="2" m="3495" /><F24/><W101/><G101/><T54/><D33/><U58/><E27/><V76/><F76/><W72/><G72/><T118/><D77/><U86/><E86/><AGARI ba="0,0" hai="8,13,18,40,41,52,59,63,86,90,94" m="2570" machi="86" ten="30,7700,0" yaku="8,1,52,2,54,1" doraHai="38" who="3" fromWho="1" sc="338,0,172,-77,266,0,224,77" /><INIT seed="2,0,0,3,0,67" ten="338,95,266,301" oya="2" hai0="22,78,28,14,19,60,9,112,62,25,26,82,71" hai1="8,2,94,104,39,132,61,100,34,124,72,103,47" hai2="76,13,16,119,66,29,88,86,134,109,107,31,117" hai3="85,44,95,30,89,75,96,54,57,12,70,32,120"/><V65/><F107/><W63/><G120/><T35/><D112/><U97/><E132/><V0/><F0/><W15/><G75/><T36/><D36/><U24/><E124/><V102/><F134/><W46/><G70/><T73/><D71/><U128/><E94/><V33/><F33/><W130/><G130/><T127/><D127/><U21/><E100/><V27/><F76/><W79/><G30/><AGARI ba="0,0" hai="9,14,19,22,25,26,28,30,35,60,62,73,78,82" machi="30" ten="30,1000,0" yaku="7,1" doraHai="67" who="0" fromWho="3" sc="338,10,95,0,266,0,301,-10" /><INIT seed="3,0,0,4,1,30" ten="348,95,266,291" oya="3" hai0="57,47,106,52,32,35,76,131,121,3,93,18,40" hai1="81,1,10,113,100,38,103,0,24,60,36,123,112" hai2="73,25,58,68,7,8,87,15,33,9,45,22,70" hai3="127,130,53,37,104,109,83,98,63,59,26,23,94"/><W50/><G37/><T88/><D106/><U65/><E123/><V17/><F73/><W111/><G104/><T6/><D6/><U119/><E81/><V46/><F33/><W44/><G83/><T14/><D3/><U92/><E119/><V39/><F68/><W4/><G4/><T126/><D126/><U116/><E116/><V78/><F9/><W48/><G127/><T16/><D76/><U54/><E24/><V95/><F70/><W72/><G72/><T51/><D18/><U19/><E92/><V101/><F39/><W79/><G79/><T118/><D118/><U75/><E75/><V2/><F2/><W90/><G130/><T125/><D131/><U77/><E77/><V49/><F101/><W114/><G114/><T128/><D128/><U91/><E91/><V66/><F66/><W110/><G44/><T71/><D71/><U41/><E41/><V28/><F7/><W124/><G124/><T27/><D27/><U129/><E129/><V67/><F67/><W134/><G134/><T132/><D121/><U82/><E82/><V89/><REACH who="2" step="1"/><F78/><REACH who="2" ten="348,95,256,291" step="2"/><W80/><G80/><T86/><D125/><U99/><E113/><V69/><F69/><W61/><G61/><T107/><D35/><U120/><E60/><V115/><F115/><W64/><G64/><T42/><D32/><U43/><E112/><V85/><F85/><W135/><G135/><T84/><D132/><U5/><E103/><V105/><F105/><W62/><G62/><N who="0" m="36135" /><D86/><U55/><E100/><V34/><F34/><W97/><G97/><T11/><D107/><U96/><E120/><RYUUKYOKU ba="0,1" sc="348,10,95,-30,256,10,291,10" hai0="11,14,16,40,42,47,51,84,88,93" hai2="8,15,17,22,25,28,45,46,49,58,87,89,95" hai3="23,26,48,50,53,59,63,90,94,98,109,110,111" /><INIT seed="3,1,1,2,2,21" ten="358,65,266,301" oya="3" hai0="131,37,19,78,125,83,93,124,27,134,59,24,92" hai1="77,17,118,113,7,70,50,82,122,100,9,3,121" hai2="75,85,102,33,45,94,1,106,30,53,108,14,39" hai3="127,22,36,5,57,6,60,89,103,95,13,117,56"/><W119/><G36/><T47/><D19/><U26/><E118/><V0/><F108/><W107/><G107/><T91/><D131/><U29/><E113/><V88/><F75/><W28/><G127/><N who="0" m="48715" /><D134/><U35/><E50/><V40/><F53/><W2/><G2/><T126/><N who="0" m="48723" /><T44/><DORA hai="63" /><D59/><U98/><E17/><V43/><F43/><W10/><G119/><T116/><D116/><U101/><E101/><V84/><F84/><W18/><G117/><T48/><D37/><U109/><E109/><V58/><F58/><W4/><G103/><T54/><D47/><U76/><E76/><V96/><REACH who="2" step="1"/><F14/><REACH who="2" ten="358,65,256,301" step="2"/><W32/><G57/><T115/><D115/><U65/><E82/><V12/><F12/><W86/><G56/><T133/><D133/><U62/><REACH who="1" step="1"/><E77/><REACH who="1" ten="358,55,256,301" step="2"/><V128/><F128/><W71/><G60/><T61/><D61/><U112/><E112/><V66/><F66/><W25/><REACH who="3" step="1"/><G71/><REACH who="3" ten="358,55,256,291" step="2"/><T46/><D46/><U11/><E11/><V20/><F20/><W129/><G129/><T110/><D44/><U130/><E130/><V52/><F52/><W41/><G41/><T49/><D54/><U74/><E74/><V23/><F23/><W31/><G31/><T120/><D110/><U114/><E114/><V99/><F99/><W132/><G132/><T105/><D49/><U135/><E135/><V73/><F73/><W8/><AGARI ba="1,4" hai="4,5,6,8,10,13,18,22,25,28,32,86,89,95" machi="8" ten="30,12000,1" yaku="1,1,0,1,52,1,53,2" doraHai="21,63" doraHaiUra="90,87" who="3" fromWho="3" sc="358,-41,55,-41,256,-41,291,163" owari="317,12.0,14,-49.0,215,-18.0,454,55.0" /></mjloggm>