<mjloggm ver="2.3"><GO type="169" lobby="0"/><UN n0="%35%35%35%35%35" n1="%E3%81%B5%E3%81%8B%E3%81%BF" n2="%E7%8B%AC%E6%AD%A9" n3="%EF%BC%88%E2%89%A7%E2%96%BD%E2%89%A6%EF%BC%89" dan="16,16,18,19" rate="2019.90,2078.45,2262.56,2334.97" sx="M,F,M,M"/><TAIKYOKU oya="0"/><INIT seed="0,0,0,4,3,54" ten="250,250,250,250" oya="0" hai0="13,18,79,135,47,23,57,63,35,75,60,102,44" hai1="46,81,108,84,90,51,42,86,91,8,29,121,10" hai2="78,40,70,49,106,87,107,105,115,114,125,45,119" hai3="20,37,56,110,97,41,77,128,89,68,30,32,98"/><T130/><D35/><U25/><E121/><V104/><F70/><W131/><G68/><T80/><D135/><U71/><E71/><V73/><F73/><W43/><G32/><T19/><D130/><N who="3" m="49705" /><G77/><T88/><D102/><U21/><REACH who="1" step="1"/><E108/><REACH who="1" ten="250,240,250,250" step="2"/><V48/><F119/><W117/><G110/><T109/><D109/><U1/><E1/><V36/><F115/><W129/><G117/><T120/><D120/><U74/><E74/><V64/><F114/><W100/><G129/><T53/><D88/><U17/><E17/><V85/><F107/><W82/><G89/><T94/><D94/><AGARI ba="0,1" hai="8,10,21,25,29,42,46,51,81,84,86,90,91,94" machi="94" ten="30,3900,0" yaku="1,1,7,1,8,1,53,0" doraHai="54" doraHaiUra="127" who="1" fromWho="0" sc="250,-39,240,49,250,0,250,0" /><INIT seed="1,0,0,1,4,131" ten="211,289,250,250" oya="1" hai0="40,3,45,102,113,56,84,79,17,59,9,67,121" hai1="11,77,46,114,36,51,87,108,86,70,7,37,22" hai2="29,82,135,130,10,91,105,92,27,64,6,35,48" hai3="119,14,104,13,76,124,117,65,18,2,20,89,109"/><U60/><E114/><V62/><F105/><W21/><G104/><T4/><D121/><U50/><E108/><V39/><F39/><W75/><G2/><T111/><D111/><U42/><E22/><V94/><F48/><W63/><G124/><T47/><D113/><U88/><E51/><V49/><F49/><W126/><G126/><T101/><D17/><U103/><E103/><V116/><F130/><W12/><G109/><T132/><D132/><U44/><E44/><V110/><F110/><W99/><G76/><T90/><D79/><U15/><E86/><V107/><F107/><W58/><G75/><T80/><D45/><U74/><E74/><V72/><F135/><W34/><G34/><T33/><D33/><U112/><E112/><V115/><F116/><N who="3" m="44619" /><G21/><T83/><D83/><U71/><E77/><V128/><F128/><W123/><G123/><T133/><D133/><U73/><E73/><V85/><F72/><W38/><G38/><T93/><D67/><U95/><REACH who="1" step="1"/><E71/><REACH who="1" ten="211,279,250,250" step="2"/><V118/><F118/><W53/><G99/><T0/><D102/><U100/><E100/><V16/><F115/><W43/><G89/><T26/><D101/><U134/><E134/><V54/><F91/><W32/><G32/><T25/><D90/><U98/><E98/><V30/><F85/><W8/><G20/><T24/><D84/><U41/><E41/><V31/><F35/><W78/><G43/><T127/><D40/><U19/><E19/><V81/><F16/><W106/><G78/><T97/><D127/><U57/><E57/><V5/><F31/><W61/><G106/><RYUUKYOKU ba="0,1" sc="211,-15,279,15,250,-15,250,15" hai1="7,11,15,36,37,42,46,50,60,70,87,88,95" hai3="8,12,13,14,18,53,58,61,63,65" /><INIT seed="1,1,1,0,1,127" ten="196,294,235,265" oya="1" hai0="83,1,129,95,3,111,9,97,13,34,16,50,20" hai1="6,79,77,107,66,100,49,132,109,48,40,88,82" hai2="102,85,69,30,51,90,103,26,135,43,123,33,44" hai3="113,101,59,94,56,87,128,45,78,117,17,23,22"/><U106/><E132/><V119/><F119/><W27/><G113/><T96/><D111/><U24/><E109/><V65/><F123/><W74/><G117/><T64/><D34/><U55/><E66/><V131/><F135/><W41/><G74/><T8/><D64/><U91/><E6/><V10/><F10/><W39/><G128/><T52/><D129/><U89/><E40/><V58/><F131/><W31/><G101/><T92/><D83/><U75/><E79/><V60/><REACH who="2" step="1"/><F69/><REACH who="2" ten="196,294,225,265" step="2"/><W118/><G118/><T133/><D133/><U76/><E107/><V0/><F0/><W15/><G94/><AGARI ba="1,2" hai="26,30,33,43,44,51,58,60,65,85,90,94,102,103" machi="94" ten="30,2000,0" yaku="1,1,7,1,53,0" doraHai="127" doraHaiUra="68" who="2" fromWho="3" sc="196,0,294,0,225,43,265,-23" /><INIT seed="2,0,0,3,1,1" ten="196,294,268,242" oya="2" hai0="81,65,115,113,29,124,85,44,92,41,18,67,96" hai1="54,103,10,33,28,91,50,107,14,49,48,34,130" hai2="121,51,106,19,123,132,16,15,39,90,63,46,71" hai3="25,89,128,66,24,2,0,26,56,55,6,93,88"/><V69/><F39/><W32/><G128/><T119/><D124/><U38/><E38/><V120/><F106/><W118/><G118/><T13/><D119/><U125/><E130/><V60/><F132/><W7/><G32/><T73/><D29/><U104/><E125/><V74/><F74/><W127/><G127/><T83/><D73/><U11/><E11/><V99/><F71/><W101/><G66/><T135/><D135/><U111/><E111/><V27/><F27/><W114/><G114/><T129/><D129/><U53/><E91/><N who="3" m="34890" /><G2/><T84/><D115/><U126/><E126/><V77/><F77/><W102/><G0/><T117/><D117/><U52/><E28/><V110/><F69/><W87/><G87/><N who="0" m="33355" /><D113/><U20/><E20/><V116/><F116/><W57/><G57/><T72/><D72/><U43/><E43/><V97/><F110/><W94/><G94/><T59/><D44/><U21/><E21/><V45/><F90/><W95/><G95/><T80/><D41/><U98/><REACH who="1" step="1"/><E107/><REACH who="1" ten="196,284,268,242" step="2"/><V112/><F112/><W37/><G37/><T109/><D109/><U105/><E105/><V8/><F123/><W108/><G108/><T12/><D92/><U31/><E31/><V22/><F121/><W35/><G35/><T134/><D134/><U75/><E75/><V23/><F120/><W82/><G93/><T100/><D83/><U133/><E133/><V9/><F15/><W17/><G82/><T61/><D81/><U3/><E3/><V78/><F78/><W30/><G30/><T4/><D80/><U70/><E70/><V5/><F5/><AGARI ba="0,1" hai="5,10,14,33,34,48,49,50,52,53,54,98,103,104" machi="5" ten="40,8000,1" yaku="1,1,6,1,52,1,54,1,53,0" doraHai="1" doraHaiUra="42" who="1" fromWho="2" sc="196,0,284,90,268,-80,242,0" /><INIT seed="3,0,0,3,3,98" ten="196,374,188,242" oya="3" hai0="119,2,100,3,129,18,14,35,61,88,105,24,96" hai1="5,21,125,17,23,15,44,8,115,134,16,1,79" hai2="116,127,13,66,53,43,34,41,87,38,62,51,0" hai3="109,9,20,55,120,36,69,26,103,11,126,64,29"/><W76/><G120/><T78/><D119/><U71/><E71/><V93/><F34/><W89/><G36/><T37/><D37/><U107/><E107/><V99/><F0/><W111/><G76/><T46/><D78/><U67/><E67/><V82/><F116/><W22/><G126/><T113/><D113/><U131/><E115/><V104/><F104/><W128/><G128/><T101/><D129/><U49/><E131/><V40/><F127/><W130/><G130/><T97/><D46/><U42/><E125/><V56/><F13/><W90/><G55/><T72/><D72/><U114/><E114/><V65/><F38/><W85/><G103/><T10/><D61/><U110/><E134/><V25/><F25/><W59/><G69/><T33/><D88/><N who="3" m="33897" /><G85/><T27/><D27/><U7/><E79/><N who="2" m="46559" /><F62/><N who="3" m="37983" /><G22/><T73/><D73/><U124/><E124/><V70/><F70/><W112/><G112/><T106/><D24/><U84/><E84/><V6/><F6/><W39/><G39/><T118/><D118/><U108/><REACH who="1" step="1"/><E5/><REACH who="1" ten="196,364,188,242" step="2"/><V4/><F4/><W132/><G132/><T81/><D81/><U54/><E54/><V63/><F66/><W68/><G68/><T135/><D135/><U77/><E77/><V74/><F74/><W58/><G58/><T57/><D57/><U123/><E123/><V86/><F86/><W95/><G95/><T80/><D80/><U31/><E31/><V60/><F65/><W117/><G117/><T47/><D47/><U28/><E28/><V50/><F63/><W30/><G29/><T45/><D45/><U19/><E19/><RYUUKYOKU ba="0,1" sc="196,0,364,0,188,0,242,0" hai0="2,3,10,14,18,33,35,96,97,100,101,105,106" hai1="1,7,8,15,16,17,21,23,42,44,49,108,110" hai2="40,41,43,50,51,53,56,60,93,99" hai3="9,11,20,26,30,109,111" /><INIT seed="3,1,1,0,0,90" ten="196,364,188,242" oya="3" hai0="7,61,8,18,69,59,74,34,64,5,1,15,124" hai1="87,83,135,113,13,52,123,98,128,132,32,133,84" hai2="99,33,53,95,57,36,120,112,17,88,71,47,101" hai3="100,119,27,125,9,60,29,58,93,102,80,117,50"/><W111/><G125/><T129/><D124/><U85/><E113/><V30/><F71/><W86/><G111/><T73/><D129/><U26/><E123/><V23/><F112/><W94/><G119/><T0/><D34/><U3/><E128/><V78/><F78/><N who="3" m="46359" /><G117/><T67/><D67/><U46/><E3/><V121/><F33/><W89/><G9/><T14/><D69/><U122/><E122/><N who="2" m="47211" /><F30/><W82/><G50/><T105/><D105/><U20/><E32/><V25/><F36/><W49/><G49/><T108/><D108/><U24/><E83/><V22/><F22/><N who="3" m="15607" /><G82/><T21/><REACH who="0" step="1"/><D7/><REACH who="0" ten="186,364,188,242" step="2"/><U127/><E127/><V11/><F47/><W130/><G130/><T43/><D43/><U31/><E46/><V109/><F109/><W106/><G106/><T42/><D42/><U81/><E133/><V126/><F126/><W39/><G39/><T66/><D66/><U68/><E135/><V62/><F11/><W92/><G89/><AGARI ba="1,2" hai="17,23,25,53,57,62,88,89,95,99,101" m="47211" machi="89" ten="30,3900,0" yaku="13,1,52,1,54,1" doraHai="90" who="2" fromWho="3" sc="186,0,364,0,188,62,242,-42" /><INIT seed="4,0,0,1,0,64" ten="186,364,250,200" oya="0" hai0="30,132,15,28,117,31,5,10,25,74,40,68,130" hai1="63,20,120,58,42,0,23,99,66,97,104,116,43" hai2="76,36,29,4,86,115,71,60,8,34,11,85,54" hai3="61,16,75,131,46,2,121,92,79,100,52,107,88"/><T103/><D74/><U89/><E116/><V26/><F36/><W49/><G2/><T135/><D103/><U65/><E0/><V91/><F115/><W129/><G121/><T82/><D82/><U53/><E120/><V48/><F76/><W122/><G122/><T87/><D87/><U22/><E104/><V51/><F51/><W38/><G38/><T50/><D117/><U21/><E21/><V134/><F134/><N who="0" m="51242" /><D130/><N who="3" m="49673" /><G107/><T125/><D125/><U57/><E89/><V37/><F37/><W13/><G61/><T133/><D133/><U19/><E19/><V72/><F72/><W127/><G100/><T102/><D102/><U55/><E22/><V101/><F101/><W84/><G127/><T18/><D68/><U7/><REACH who="1" step="1"/><E63/><REACH who="1" ten="186,354,250,200" step="2"/><V94/><F60/><W14/><G16/><T47/><D18/><U39/><E39/><V41/><F4/><AGARI ba="0,1" hai="4,7,20,23,42,43,53,55,57,58,65,66,97,99" machi="4" ten="25,6400,0" yaku="1,1,22,2,8,1,53,0" doraHai="64" doraHaiUra="119" who="1" fromWho="2" sc="186,0,354,74,250,-64,200,0" /><INIT seed="5,0,0,2,5,68" ten="186,428,186,200" oya="1" hai0="35,52,18,34,108,65,3,53,72,81,73,40,6" hai1="46,113,0,107,60,1,118,112,79,63,80,25,82" hai2="119,115,15,13,76,122,24,43,28,125,49,2,135" hai3="27,58,12,100,54,8,97,103,131,91,134,36,75"/><U7/><E107/><V23/><F2/><W127/><G75/><T126/><D108/><U69/><E25/><V83/><F122/><W57/><G36/><T98/><D65/><U31/><E31/><V29/><F119/><W84/><G134/><T51/><D126/><U94/><E94/><V59/><F125/><W114/><G131/><T55/><D98/><U86/><E46/><V116/><F116/><W47/><G27/><T130/><D130/><U95/><E95/><V33/><F135/><W10/><G10/><T109/><D109/><U123/><E118/><V78/><F115/><W41/><G114/><T128/><D128/><U22/><E22/><V101/><F101/><N who="3" m="38987" /><G41/><T70/><D70/><U124/><E69/><V38/><F33/><W121/><G97/><T74/><D3/><U26/><E26/><V17/><F13/><W42/><G42/><T104/><D104/><U120/><E124/><V87/><F38/><W129/><G121/><T88/><D6/><U85/><E7/><V50/><F43/><W39/><G39/><T64/><D35/><U89/><E89/><V117/><F117/><W106/><G106/><T5/><D5/><U105/><E105/><V66/><F78/><AGARI ba="0,0" hai="0,1,60,63,78,79,80,82,85,86,112,113,120,123" machi="78" ten="25,2400,0" yaku="22,2" doraHai="68" who="1" fromWho="2" sc="186,0,428,24,186,-24,200,0" /><INIT seed="5,1,0,4,5,75" ten="186,452,162,200" oya="1" hai0="24,126,49,57,129,23,80,63,42,22,17,29,14" hai1="54,120,77,38,27,18,131,96,110,71,103,62,84" hai2="33,73,132,119,99,134,90,127,26,35,46,37,58" hai3="112,15,56,6,115,30,0,34,122,64,70,59,79"/><U11/><E38/><V48/><F119/><W91/><G0/><T50/><D129/><U94/><E120/><V2/><F2/><W130/><G122/><T116/><D126/><U40/><E40/><V82/><F127/><W36/><G36/><T41/><D116/><U89/><E131/><V108/><F108/><W74/><G130/><T117/><D117/><U107/><E110/><V44/><F37/><W28/><G70/><T39/><D39/><U8/><E27/><V20/><F58/><W10/><G91/><T69/><D69/><U25/><E25/><V51/><F99/><W7/><G7/><T19/><D80/><U66/><E18/><V135/><F51/><N who="0" m="19466" /><D29/><U43/><E43/><V61/><F61/><N who="3" m="37927" /><G59/><T97/><D97/><U1/><E1/><V16/><F46/><W98/><G98/><T111/><D111/><U100/><E54/><AGARI ba="1,0" hai="14,17,19,22,23,24,41,42,54,57,63" m="19466" machi="54" ten="30,1000,0" yaku="8,1" doraHai="75" who="0" fromWho="1" sc="186,13,452,-13,162,0,200,0" /><INIT seed="6,0,0,5,5,70" ten="199,439,162,200" oya="2" hai0="28,130,15,57,107,134,113,105,90,94,118,16,0" hai1="93,67,85,38,106,13,103,35,43,59,50,61,11" hai2="29,120,56,24,95,51,111,96,36,47,116,132,19" hai3="102,122,76,18,109,23,84,92,31,7,77,30,80"/><V64/><F120/><W5/><G109/><T73/><D73/><U121/><E35/><V8/><F111/><W129/><G129/><T125/><D0/><U48/><E106/><V115/><F116/><W22/><G76/><T26/><D130/><U82/><E38/><V75/><F75/><W32/><G32/><T71/><D71/><U87/><E43/><V127/><F127/><W99/><G122/><T37/><D37/><U45/><E45/><V60/><F132/><W81/><G81/><T39/><D39/><U86/><E82/><V65/><F115/><W42/><G42/><T104/><D113/><U2/><E2/><V100/><F36/><W1/><G23/><N who="0" m="15455" /><D57/><U9/><E121/><V119/><F119/><W63/><G63/><T44/><D44/><U6/><E9/><V108/><F108/><W74/><G74/><T131/><D131/><U112/><E112/><V20/><F8/><W52/><G52/><T49/><D49/><U135/><E135/><V27/><F65/><W54/><G54/><T62/><D62/><U114/><E114/><V3/><F3/><W124/><G124/><T66/><D66/><U72/><E72/><V133/><F133/><W89/><G77/><T10/><D134/><U88/><E103/><V53/><F27/><N who="3" m="14807" /><G1/><T79/><D125/><U69/><E69/><V97/><F97/><AGARI ba="0,0" hai="6,11,13,48,50,59,61,67,85,86,87,88,93,97" machi="97" ten="40,2600,0" yaku="8,1,54,1" doraHai="70" who="1" fromWho="2" sc="199,0,439,26,162,-26,200,0" /><INIT seed="7,0,0,5,3,15" ten="199,465,136,200" oya="3" hai0="6,68,95,74,50,130,29,97,49,134,40,48,9" hai1="104,72,109,16,70,13,57,23,62,82,76,132,8" hai2="135,128,124,79,26,122,129,51,44,56,2,55,22" hai3="94,28,17,59,20,69,36,83,63,121,89,93,71"/><W87/><G36/><T102/><D74/><U88/><E104/><V14/><F2/><W37/><G37/><T7/><D68/><U117/><E70/><V58/><F122/><W120/><G71/><T114/><D114/><U80/><E109/><V111/><F111/><W5/><G5/><N who="0" m="1547" /><D130/><U100/><E100/><V54/><F79/><W43/><G43/><T38/><D38/><U110/><E110/><V27/><F124/><W21/><G69/><T91/><D134/><U33/><E33/><V86/><F135/><W81/><G94/><N who="0" m="58679" /><D29/><U65/><E117/><V73/><F73/><W34/><G34/><T77/><D77/><U106/><E106/><V41/><F86/><W24/><G120/><T108/><D108/><U53/><E132/><V47/><F41/><W98/><G87/><N who="0" m="52735" /><D9/><U90/><E16/><V42/><F42/><AGARI ba="0,0" hai="40,42,48,49,50" m="52735,58679,1547" machi="42" ten="30,1000,0" yaku="8,1" doraHai="15" who="0" fromWho="2" sc="199,10,465,0,136,-10,200,0" owari="209,1.0,465,56.0,126,-37.0,200,-20.0" /></mjloggm>