<mjloggm ver="2.3"><GO type="97" lobby="0"/><UN n0="%E3%82%AB%E3%83%A1" n1="%E3%82%A6%E3%83%AB%E3%83%88%E3%83%A9%E7%AB%8B%E7%9B%B4" n2="%48%65%6E%72%79%32%6E%64" n3="%E9%BE%8D%E9%96%80%E6%B8%95%E9%AB%98%E6%A0%A1%E7%B7%8F%E5%90%88" dan="14,15,14,14" rate="1950.72,2002.53,1923.92,1935.04" sx="M,M,M,M"/><TAIKYOKU oya="0"/><INIT seed="0,0,0,1,5,9" ten="250,250,250,250" oya="0" hai0="73,132,4,99,65,13,40,11,14,42,30,15,115" hai1="24,34,98,84,46,38,128,97,64,68,50,25,130" hai2="78,117,85,58,91,127,0,87,2,7,81,54,57" hai3="12,112,69,19,5,79,67,77,62,126,129,17,100"/><T86/><D73/><U104/><E38/><V71/><F71/><W51/><G112/><T95/><D115/><U72/><E72/><V23/><F117/><W75/><G126/><T119/><D119/><U18/><E64/><V59/><F127/><W121/><G121/><T88/><D132/><U80/><E68/><V16/><F7/><W82/><G129/><N who="1" m="49770" /><E34/><V61/><F0/><W120/><G120/><T110/><D110/><U60/><E60/><V106/><F106/><W103/><G79/><T109/><D109/><U63/><E63/><V105/><F105/><W47/><G5/><T45/><D30/><U53/><E104/><V107/><F107/><W49/><G19/><T124/><D124/><U29/><E29/><V43/><F43/><N who="0" m="16426" /><D65/><U20/><E25/><N who="2" m="14567" /><F2/><W118/><G118/><T116/><D116/><U28/><E28/><V41/><F41/><W8/><REACH who="3" step="1"/><G51/><REACH who="3" ten="250,250,250,240" step="2"/><T26/><D26/><U21/><E21/><V6/><F6/><W32/><G32/><T1/><D1/><U74/><E74/><V134/><F134/><W111/><G111/><T3/><D3/><U33/><E33/><V36/><F36/><W27/><G27/><T133/><D133/><U83/><E24/><V122/><F122/><W92/><G92/><AGARI ba="0,1" hai="54,57,58,59,61,78,81,85,87,91,92" m="14567" machi="92" ten="30,2000,0" yaku="8,1,54,1" doraHai="9" who="2" fromWho="3" sc="250,0,250,0,250,30,240,-20" /><INIT seed="1,0,0,3,3,114" ten="250,250,280,220" oya="1" hai0="121,23,98,69,10,5,87,11,135,104,77,102,103" hai1="63,65,96,124,40,21,99,71,58,7,18,50,56" hai2="52,118,90,112,24,84,116,117,32,132,82,119,54" hai3="3,2,31,45,60,76,120,48,13,85,83,128,73"/><U22/><E124/><V97/><N who="2" m="30208" /><DORA hai="26" /><V46/><F112/><W14/><G120/><T42/><D121/><U57/><E7/><V55/><F132/><W68/><G3/><T25/><D135/><U38/><E22/><V74/><F74/><W78/><G2/><T51/><D69/><U64/><E38/><V49/><REACH who="2" step="1"/><F97/><REACH who="2" ten="250,250,270,220" step="2"/><W94/><G73/><T6/><D98/><U115/><E115/><V37/><F37/><W28/><G128/><T131/><D131/><U89/><E96/><V133/><F133/><W86/><G68/><T110/><D102/><U17/><E71/><V123/><F123/><W53/><G60/><T15/><D103/><U39/><E39/><V106/><F106/><W67/><G67/><T81/><D104/><U44/><E63/><V16/><F16/><W109/><G109/><T12/><D110/><U91/><E18/><V101/><F101/><W34/><G34/><T126/><D126/><U61/><E61/><V130/><F130/><W43/><G43/><T93/><D42/><U41/><E41/><V0/><F0/><W27/><G27/><T19/><D51/><U9/><E65/><V30/><AGARI ba="0,1" hai="24,30,32,46,49,52,54,55,82,84,90" m="30208" machi="30" ten="60,32000,5" yaku="1,1,0,1,52,5,54,1,53,5" doraHai="114,26" doraHaiUra="113,20" who="2" fromWho="2" sc="250,-80,250,-160,270,330,220,-80" /><INIT seed="2,0,0,5,3,94" ten="170,90,600,140" oya="2" hai0="47,44,125,133,85,4,19,113,62,20,10,57,9" hai1="11,76,28,95,80,50,17,84,79,129,119,54,43" hai2="68,103,104,8,5,126,12,98,41,13,128,7,73" hai3="61,100,108,3,0,40,118,90,32,81,78,2,86"/><V63/><F128/><W46/><G118/><T56/><D113/><U77/><E119/><V92/><F126/><W16/><G32/><T36/><D125/><U97/><E28/><V131/><F131/><W14/><G108/><T66/><D133/><U65/><E65/><V74/><F41/><W25/><G25/><T124/><D124/><U48/><E129/><V114/><F114/><W107/><G61/><T34/><D34/><U51/><E43/><V117/><F117/><W75/><G100/><T111/><D111/><U127/><E54/><V64/><REACH who="2" step="1"/><F92/><REACH who="2" ten="170,90,590,140" step="2"/><W109/><G107/><T93/><D93/><U39/><E127/><V115/><F115/><W1/><G109/><T89/><D36/><U123/><E123/><V116/><F116/><W102/><N who="3" m="512" /><DORA hai="135" /><W23/><G102/><T49/><D66/><U6/><E39/><V30/><F30/><W130/><G130/><T87/><D62/><U122/><E122/><V121/><F121/><W82/><REACH who="3" step="1"/><G46/><REACH who="3" ten="170,90,590,130" step="2"/><T88/><D47/><U99/><E51/><V69/><F69/><W96/><G96/><T24/><D44/><U106/><E50/><V110/><F110/><W18/><G18/><T105/><D49/><U59/><E17/><V132/><F132/><W101/><G101/><T27/><D105/><U134/><E134/><V37/><F37/><W33/><G33/><T71/><D19/><U38/><E38/><V21/><F21/><W29/><G29/><T22/><D4/><U58/><E48/><V91/><F91/><W26/><G26/><T52/><D89/><N who="1" m="51335" /><E106/><V45/><F45/><W35/><G35/><RYUUKYOKU ba="0,2" sc="170,-15,90,-15,590,15,130,15" hai2="5,7,8,12,13,63,64,68,73,74,98,103,104" hai3="14,16,23,40,75,78,81,82,86,90" /><INIT seed="2,1,2,4,2,81" ten="155,75,605,145" oya="2" hai0="121,107,33,119,125,135,5,15,86,67,17,4,1" hai1="118,109,8,96,120,92,124,2,29,127,75,9,111" hai2="14,16,126,115,60,53,48,64,84,106,32,40,28" hai3="95,44,25,94,39,85,6,50,88,128,98,76,74"/><V43/><F106/><W26/><G39/><T134/><D121/><U51/><E75/><V47/><F115/><W117/><G117/><T54/><D119/><U36/><E36/><V56/><F126/><N who="1" m="48169" /><E118/><V122/><F122/><W123/><G123/><T59/><D125/><U61/><E120/><V70/><F32/><W22/><G74/><T102/><D33/><U24/><E61/><V97/><F28/><W37/><G37/><T83/><D67/><U7/><E51/><V130/><F130/><W100/><G6/><T31/><D31/><U52/><E52/><V129/><F129/><W41/><G128/><T55/><D102/><N who="1" m="60679" /><E9/><N who="2" m="6223" /><F70/><W79/><G26/><T57/><D107/><U110/><E24/><V23/><F23/><W103/><G100/><T63/><D1/><N who="1" m="111" /><E29/><AGARI ba="1,2" hai="22,25,29,41,44,50,76,79,85,88,94,95,98,103" machi="29" ten="30,7700,0" yaku="7,1,8,1,52,1,54,1" doraHai="81" who="3" fromWho="1" sc="155,0,75,-80,605,0,145,100" owari="155,-24.0,-5,-51.0,605,70.0,245,5.0" /></mjloggm>