<mjloggm ver="2.3"><GO type="97" lobby="0"/><UN n0="%E3%82%A6%E3%83%AB%E3%83%88%E3%83%A9%E7%AB%8B%E7%9B%B4" n1="%E7%8E%8B%E5%BA%9C%E4%B8%BC" n2="%46%55%53%45%4B%49%54%49" n3="%74%73%75%6B%75%73%68" dan="15,13,13,13" rate="2031.73,1862.64,1820.49,1832.47" sx="M,M,M,M"/><TAIKYOKU oya="0"/><INIT seed="0,0,0,1,2,67" ten="250,250,250,250" oya="0" hai0="49,83,2,25,127,43,102,98,66,135,124,71,86" hai1="6,95,45,19,50,57,111,55,92,74,13,60,64" hai2="15,133,63,42,48,107,20,87,52,4,72,123,126" hai3="8,46,26,14,122,68,5,27,91,16,129,53,3"/><T30/><D2/><U93/><E74/><V121/><F107/><W38/><G129/><T120/><D120/><U81/><E111/><V10/><F72/><W59/><G122/><T80/><D49/><U40/><E81/><N who="0" m="31305" /><D86/><U32/><E32/><V76/><F126/><N who="0" m="48170" /><D43/><U131/><E131/><V119/><F133/><W75/><G75/><T9/><D9/><U41/><REACH who="1" step="1"/><E6/><REACH who="1" ten="250,240,250,250" step="2"/><V94/><F119/><W47/><G38/><T104/><D135/><U132/><E132/><V90/><F121/><W79/><G79/><T100/><D100/><U110/><E110/><V125/><F123/><W78/><G78/><T12/><D12/><U62/><E62/><V33/><F125/><W65/><G91/><T113/><D113/><U11/><AGARI ba="0,1" hai="11,13,19,40,41,45,50,55,57,60,64,92,93,95" machi="11" ten="30,4000,0" yaku="1,1,0,1,8,1,53,0" doraHai="67" doraHaiUra="106" who="1" fromWho="1" sc="250,-20,240,50,250,-10,250,-10" /><INIT seed="1,0,0,0,4,97" ten="230,290,240,240" oya="1" hai0="91,15,42,132,54,98,69,38,56,53,13,20,99" hai1="32,52,131,79,80,43,75,11,41,118,34,60,82" hai2="68,112,2,93,105,50,28,24,134,108,4,86,90" hai3="124,71,17,8,133,23,76,37,104,126,77,111,14"/><U16/><E118/><V5/><F134/><W10/><G104/><T66/><D69/><U45/><E131/><V130/><F108/><W81/><G37/><T117/><D42/><U85/><E60/><V35/><F130/><W39/><G39/><T21/><D38/><U26/><E34/><V115/><F68/><W1/><G71/><T87/><D66/><U58/><E32/><V12/><F105/><W102/><G102/><T44/><D132/><U6/><E6/><V33/><F50/><W18/><G133/><T57/><D44/><U89/><E26/><V63/><F63/><W128/><G111/><T40/><D40/><U46/><E46/><V122/><F122/><W106/><G106/><T70/><D70/><U119/><E119/><V113/><F2/><W95/><G95/><T116/><D87/><U121/><E121/><V19/><REACH who="2" step="1"/><F33/><REACH who="2" ten="230,290,230,240" step="2"/><W30/><G128/><T109/><D109/><U9/><E58/><V135/><F135/><W51/><G1/><T83/><D117/><U101/><E43/><V74/><F74/><W25/><G51/><T55/><D116/><U61/><E41/><V73/><F73/><W22/><G126/><T94/><D56/><N who="1" m="34951" /><E45/><V29/><F29/><W92/><G124/><T49/><D57/><U64/><E64/><V120/><F120/><W129/><G129/><T127/><D127/><U114/><E114/><V110/><F110/><W47/><G47/><T27/><D49/><U96/><E75/><V59/><F59/><W7/><G30/><T0/><D0/><U72/><E72/><V84/><F84/><W107/><G107/><RYUUKYOKU ba="0,1" sc="230,-10,290,-10,230,30,240,-10" hai2="4,5,12,19,24,28,35,86,90,93,112,113,115" /><INIT seed="2,1,1,1,0,42" ten="220,280,260,230" oya="2" hai0="100,19,51,129,77,109,117,16,112,43,26,1,11" hai1="58,27,36,93,104,33,85,130,23,90,64,48,52" hai2="55,21,99,56,65,63,15,98,34,31,118,61,39" hai3="124,44,5,73,121,10,35,97,0,101,28,114,125"/><V110/><F118/><W24/><G121/><T107/><D112/><U20/><E104/><V69/><F34/><W72/><G114/><T70/><D70/><U30/><E130/><V62/><F110/><W81/><G44/><N who="0" m="26015" /><D107/><U96/><E36/><V120/><F120/><W127/><G81/><T108/><D100/><U60/><REACH who="1" step="1"/><E96/><REACH who="1" ten="220,270,260,230" step="2"/><V131/><F39/><W119/><G119/><T91/><D117/><U14/><E14/><V8/><F131/><W134/><G134/><T3/><D129/><U41/><E41/><V53/><F99/><W46/><G46/><AGARI ba="1,2" hai="20,23,27,30,33,46,48,52,58,60,64,85,90,93" machi="46" ten="30,7700,0" yaku="1,1,7,1,52,1,54,1,53,0" doraHai="42" doraHaiUra="12" who="1" fromWho="3" sc="220,0,270,100,260,0,230,-80" /><INIT seed="3,0,0,0,0,87" ten="220,370,260,150" oya="3" hai0="26,8,21,101,47,2,118,10,50,59,129,20,83" hai1="92,27,57,71,107,110,134,43,30,63,65,33,1" hai2="126,95,16,54,79,45,62,102,11,131,67,113,81" hai3="39,128,85,46,94,78,49,133,97,135,12,24,68"/><W121/><G68/><T125/><D118/><U40/><E107/><V64/><F131/><W34/><G39/><T48/><D125/><U100/><E1/><V91/><F126/><W109/><G128/><T32/><D32/><U82/><E71/><V122/><F113/><W96/><G12/><T106/><D101/><U42/><E134/><N who="3" m="51210" /><G121/><T80/><D106/><U84/><E110/><V69/><F122/><W7/><G7/><T112/><D112/><U35/><E35/><V117/><F102/><W17/><G109/><T74/><D74/><U4/><E4/><V5/><F117/><W22/><G34/><T61/><D129/><U115/><E115/><V73/><F69/><W44/><G49/><T90/><D2/><U75/><E75/><V108/><F108/><W99/><G78/><T37/><D37/><U98/><E43/><V93/><F95/><W111/><G111/><T51/><D47/><N who="3" m="17961" /><G85/><N who="0" m="50471" /><D83/><U41/><E41/><V31/><F31/><W116/><G116/><T72/><D72/><U88/><AGARI ba="0,0" hai="27,30,33,40,42,57,63,65,82,84,88,92,98,100" machi="88" ten="20,5200,0" yaku="0,1,7,1,52,1,54,1" doraHai="87" who="1" fromWho="1" sc="220,-13,370,52,260,-13,150,-26" owari="207,-19.0,422,52.0,247,5.0,124,-38.0" /></mjloggm>