<mjloggm ver="2.3"><GO type="225" lobby="0"/><UN n0="%E4%B8%AD%E3%81%AE%E4%B8%8A" n1="%31%73%E3%81%A7%E3%81%84%E3%81%84%E3%81%9D%E3%81%86" n2="%E3%82%A6%E3%83%AB%E3%83%88%E3%83%A9%E7%AB%8B%E7%9B%B4" n3="%6D%61%62%6F%6F%6F" dan="16,17,16,16" rate="2107.67,2143.23,2024.81,2111.17" sx="M,M,M,M"/><TAIKYOKU oya="0"/><INIT seed="0,0,0,3,2,125" ten="250,250,250,250" oya="0" hai0="132,38,84,25,42,44,97,104,117,5,37,72,24" hai1="135,40,113,39,19,86,123,20,30,10,26,51,101" hai2="73,66,54,106,50,90,94,9,126,93,80,65,119" hai3="110,131,85,53,122,16,118,78,7,15,98,124,114"/><T111/><D72/><U133/><E39/><V134/><F106/><W41/><G114/><T121/><D117/><U99/><E123/><V89/><F126/><W112/><G41/><T69/><D121/><U21/><E113/><V18/><F134/><N who="1" m="51209" /><E86/><N who="2" m="50375" /><F73/><W32/><G7/><T63/><D38/><U95/><E10/><V22/><F9/><W68/><G32/><T35/><D132/><U48/><E40/><V45/><F119/><W82/><G68/><T75/><D75/><U92/><E92/><N who="2" m="35435" /><F90/><W120/><G124/><T17/><D5/><U23/><E23/><V109/><F109/><W12/><G110/><T60/><D111/><U64/><E64/><V62/><F62/><W76/><G112/><T71/><D63/><U57/><E57/><V103/><F103/><W127/><G118/><T6/><D6/><U52/><E52/><V28/><F28/><W2/><G53/><T1/><D60/><U96/><E96/><V8/><F8/><W115/><G98/><T70/><D71/><U83/><E83/><V87/><F87/><W43/><G85/><T34/><D70/><U31/><E31/><V79/><F79/><W46/><G82/><T55/><D69/><U49/><E49/><V105/><F105/><W14/><G115/><T128/><D104/><U100/><E100/><V36/><F36/><W108/><G120/><T56/><D35/><U129/><E51/><V130/><F66/><W91/><G108/><T102/><D34/><U61/><E48/><V47/><F65/><W67/><G122/><T27/><D37/><U74/><E61/><V116/><F50/><RYUUKYOKU ba="0,0" sc="250,0,250,0,250,0,250,0" /><INIT seed="1,1,0,2,5,50" ten="250,250,250,250" oya="1" hai0="30,8,92,0,60,93,82,131,21,105,29,43,35" hai1="88,96,3,71,123,81,87,51,31,37,120,107,109" hai2="62,115,89,74,19,118,54,110,117,121,23,75,55" hai3="53,128,100,86,12,2,4,61,101,32,36,111,84"/><U52/><E37/><V48/><F121/><W42/><G36/><T40/><D105/><U34/><E71/><V106/><F106/><W98/><G32/><T63/><D35/><U91/><E3/><V28/><F75/><W94/><G42/><N who="0" m="15915" /><D131/><U25/><E109/><V133/><F74/><W134/><G2/><T72/><D72/><U44/><REACH who="1" step="1"/><E91/><REACH who="1" ten="250,240,250,250" step="2"/><V73/><F110/><W1/><G111/><T127/><D0/><U16/><E16/><V24/><F117/><W17/><G1/><T27/><D127/><U90/><E90/><V68/><F118/><W77/><G17/><T7/><D30/><U130/><E130/><V41/><F68/><W78/><G128/><T6/><D29/><U18/><E18/><V108/><F108/><W5/><G5/><T116/><D7/><U9/><E9/><V80/><F19/><W79/><G4/><T39/><D8/><U113/><E113/><V38/><F38/><W58/><G134/><T67/><D6/><U132/><E132/><V13/><F133/><W59/><G12/><T10/><D10/><U124/><E124/><V126/><F13/><W129/><G129/><T83/><D39/><U114/><E114/><V99/><F115/><W46/><G101/><AGARI ba="1,1" hai="25,31,34,44,51,52,81,87,88,96,101,107,120,123" machi="101" ten="40,12000,1" yaku="1,1,52,1,54,2,53,1" doraHai="50" doraHaiUra="102" who="1" fromWho="3" sc="250,0,240,133,250,0,250,-123" /><INIT seed="1,2,0,0,3,10" ten="250,373,250,127" oya="1" hai0="107,135,14,130,134,69,122,111,59,30,36,108,24" hai1="64,15,12,50,101,119,78,77,28,114,100,89,90" hai2="13,48,8,32,118,105,124,80,40,128,4,97,1" hai3="68,113,25,7,76,109,11,93,75,22,87,33,52"/><U86/><E114/><V6/><F32/><W126/><G68/><T45/><D69/><U9/><E119/><V21/><F118/><W88/><G113/><T70/><D70/><U5/><E64/><V99/><F124/><W110/><G126/><T51/><D107/><U39/><E39/><V65/><F65/><W17/><G33/><T129/><D36/><U49/><E28/><V106/><F128/><N who="0" m="49258" /><D59/><U133/><E133/><N who="0" m="50697" /><D122/><U16/><E5/><V41/><F6/><W104/><G104/><T82/><D82/><U115/><E115/><V102/><F80/><W67/><G67/><T43/><D14/><U91/><E15/><V121/><F121/><W0/><G75/><T20/><AGARI ba="2,0" hai="20,24,30,43,45,51,108,111" m="50697,49258" machi="20" ten="40,2700,0" yaku="19,1,20,1" doraHai="10" who="0" fromWho="0" sc="250,33,373,-15,250,-9,127,-9" /><INIT seed="2,0,0,4,1,98" ten="283,358,241,118" oya="2" hai0="61,57,106,73,83,76,130,126,118,69,119,29,133" hai1="53,68,102,48,112,121,8,91,7,28,74,70,56" hai2="117,63,120,89,86,54,4,79,90,5,6,34,23" hai3="122,123,99,27,3,11,62,43,128,24,40,82,58"/><V115/><F34/><W92/><G128/><T17/><D69/><U111/><E74/><V71/><F120/><W39/><G123/><T2/><D130/><U10/><E112/><V25/><F115/><W65/><G122/><T12/><D2/><U35/><E121/><V67/><F117/><N who="0" m="44554" /><D126/><U131/><E131/><V14/><F54/><W55/><G39/><T93/><D106/><U1/><E111/><V64/><F64/><W116/><G116/><T101/><D133/><U46/><E10/><V125/><F125/><W26/><G82/><T50/><D50/><U113/><E113/><V44/><F44/><W49/><G11/><N who="0" m="6303" /><D29/><U31/><E31/><V114/><F114/><W59/><REACH who="3" step="1"/><G3/><REACH who="3" ten="283,358,241,108" step="2"/><T88/><D83/><U107/><E1/><V84/><F6/><W127/><G127/><T37/><D37/><U134/><E7/><V104/><F4/><W97/><G97/><T81/><D81/><U60/><E8/><V110/><F5/><W22/><G22/><T108/><D108/><U87/><E35/><V95/><F110/><W42/><G42/><T52/><D73/><U129/><E129/><V15/><F23/><W80/><G80/><T66/><D76/><U36/><E36/><V32/><F79/><W132/><G132/><T96/><D96/><N who="1" m="61895" /><E134/><V77/><F77/><W51/><G51/><T94/><D61/><U38/><E38/><V18/><F32/><W41/><G41/><T105/><D105/><U72/><E72/><V30/><F104/><W103/><AGARI ba="0,1" hai="24,26,27,40,43,49,55,58,59,62,65,92,99,103" machi="103" ten="30,7900,0" yaku="1,1,0,1,8,1,52,1,53,0" doraHai="98" doraHaiUra="0" who="3" fromWho="3" sc="283,-20,358,-20,241,-39,108,89" /><INIT seed="3,0,0,2,2,40" ten="263,338,202,197" oya="3" hai0="53,13,68,110,133,20,18,0,123,125,10,98,114" hai1="22,121,86,41,50,66,89,32,46,132,23,36,52" hai2="111,37,28,95,79,55,126,84,54,7,82,5,77" hai3="47,131,12,35,109,51,130,76,97,103,16,92,59"/><W74/><G35/><T6/><D68/><U99/><E121/><V29/><F37/><W4/><G74/><T108/><D123/><U39/><E32/><V70/><F70/><W21/><G76/><T3/><D98/><U116/><E132/><V102/><F111/><N who="0" m="42538" /><D53/><N who="2" m="19978" /><F126/><W30/><G109/><T8/><D125/><U67/><E23/><V87/><F79/><W61/><G4/><N who="2" m="1609" /><F87/><W42/><REACH who="3" step="1"/><G30/><REACH who="3" ten="263,338,202,187" step="2"/><T26/><D3/><U25/><E116/><V129/><F129/><W62/><G62/><T44/><D0/><U1/><E1/><V63/><F63/><W78/><G78/><T91/><D6/><U124/><E124/><V60/><F60/><W80/><G80/><T69/><D133/><U96/><E67/><AGARI ba="0,1" hai="12,16,21,42,47,51,59,61,67,92,97,103,130,131" machi="67" ten="40,7700,0" yaku="1,1,52,1,54,1,53,0" doraHai="40" doraHaiUra="48" who="3" fromWho="1" sc="263,0,338,-77,202,0,187,87" /><INIT seed="3,1,0,2,4,67" ten="263,261,202,274" oya="3" hai0="18,89,112,111,55,5,106,102,84,60,118,51,66" hai1="52,127,83,59,31,133,109,107,30,14,42,128,69" hai2="17,22,94,80,126,78,95,77,70,56,79,90,65" hai3="91,48,34,103,50,104,38,3,54,108,131,25,19"/><W41/><G3/><T37/><D37/><U130/><E107/><V117/><F126/><W26/><G104/><T81/><D118/><U72/><E127/><V105/><F105/><W113/><G103/><T9/><D111/><U123/><E123/><V125/><F125/><W15/><G38/><T122/><D112/><U28/><E109/><V2/><F2/><W61/><G108/><T82/><D122/><U132/><E42/><V33/><F33/><W115/><G34/><T58/><D18/><U10/><E69/><V0/><F0/><W6/><G6/><T16/><D5/><U64/><E64/><V74/><F70/><W87/><G61/><T21/><D9/><U114/><E114/><V119/><F119/><W110/><G110/><T73/><D102/><U49/><E83/><V62/><F117/><W45/><G131/><N who="1" m="50218" /><E72/><V71/><F71/><W53/><G115/><T44/><D106/><U68/><E68/><V23/><F23/><N who="3" m="11775" /><G113/><T43/><D73/><U11/><E11/><V40/><F40/><W129/><G129/><T39/><D39/><U120/><E120/><V29/><F29/><N who="1" m="7425" /><U13/><DORA hai="20" /><E13/><N who="2" m="9519" /><F74/><W99/><G99/><T86/><D43/><U134/><E134/><V35/><F35/><W76/><G41/><T12/><D86/><AGARI ba="1,0" hai="56,62,65,77,78,79,80,86,90,94,95" m="9519" machi="86" ten="30,1000,0" yaku="8,1" doraHai="67,20" who="2" fromWho="0" sc="263,-13,261,0,202,13,274,0" /><INIT seed="4,0,0,1,5,41" ten="250,261,215,274" oya="0" hai0="64,31,14,27,124,50,33,65,15,58,114,81,36" hai1="115,59,109,99,104,37,86,23,80,76,74,61,24" hai2="4,123,119,75,108,78,44,20,6,94,17,10,38" hai3="3,22,107,72,97,84,68,30,95,135,52,12,63"/><T34/><D114/><U69/><E109/><V77/><F108/><W73/><G3/><T82/><D36/><U122/><E122/><V18/><F123/><W39/><G39/><T25/><D50/><U55/><E37/><V90/><F119/><W105/><G68/><T67/><D58/><U87/><E69/><V92/><F38/><W32/><G32/><T85/><D124/><U42/><E42/><V133/><F75/><W100/><G107/><T5/><D5/><U70/><E70/><V111/><F111/><W8/><G135/><T28/><REACH who="0" step="1"/><D82/><REACH who="0" ten="240,261,215,274" step="2"/><U118/><E115/><V19/><F4/><W62/><G62/><T120/><D120/><U51/><E118/><V56/><F56/><W40/><G63/><T89/><AGARI ba="0,1" hai="14,15,25,27,28,31,33,34,64,65,67,81,85,89" machi="89" ten="30,12000,1" yaku="1,1,0,1,9,1,53,2" doraHai="41" doraHaiUra="21" who="0" fromWho="0" sc="240,130,261,-40,215,-40,274,-40" owari="370,47.0,221,-18.0,175,-32.0,234,3.0" /></mjloggm>