<mjloggm ver="2.3"><GO type="97" lobby="0"/><UN n0="%E3%82%A6%E3%83%AB%E3%83%88%E3%83%A9%E7%AB%8B%E7%9B%B4" n1="%E3%81%A6%E3%81%A3%E3%81%8B%E3%82%93" n2="%E9%81%8B%E3%82%B2%E3%83%BC%E4%B9%99" n3="%E3%82%AA%E3%83%BC%E3%83%A9%E7%8E%89" dan="15,15,14,15" rate="1981.05,1951.34,1952.69,1986.87" sx="M,M,F,M"/><TAIKYOKU oya="0"/><INIT seed="0,0,0,0,3,63" ten="250,250,250,250" oya="0" hai0="132,73,85,61,76,105,131,99,14,2,34,102,57" hai1="55,68,38,23,30,16,72,67,127,84,93,107,124" hai2="50,100,77,111,8,75,6,46,134,25,87,81,15" hai3="10,41,89,115,101,103,54,130,22,120,52,49,106"/><T44/><D2/><U113/><E72/><V45/><F134/><W133/><G130/><T128/><D34/><U78/><E107/><V58/><F111/><W91/><G133/><T135/><D73/><U59/><E38/><V4/><F75/><W95/><G115/><T48/><D135/><U66/><E30/><V33/><F100/><N who="3" m="38475" /><G106/><T37/><D37/><U71/><E113/><V96/><F96/><N who="3" m="57455" /><G120/><T5/><D132/><U65/><E93/><V19/><F58/><N who="3" m="33039" /><G54/><T74/><D74/><U123/><E123/><V104/><F104/><W121/><G121/><T20/><D105/><U39/><E84/><V26/><F45/><W0/><G0/><T51/><D99/><U118/><E78/><V114/><F114/><W21/><G41/><T40/><D102/><U110/><E39/><V13/><F33/><W56/><G56/><T80/><D51/><N who="1" m="31231" /><E110/><V119/><F119/><W94/><G10/><N who="0" m="4431" /><D20/><U28/><E28/><V108/><F108/><W27/><G27/><T7/><D7/><U98/><E98/><AGARI ba="0,0" hai="21,22,91,94,98" m="33039,57455,38475" machi="98" ten="30,2000,0" yaku="8,1,54,1" doraHai="63" who="3" fromWho="1" sc="250,0,250,-20,250,0,250,20" /><INIT seed="1,0,0,0,0,80" ten="250,230,250,270" oya="1" hai0="42,25,133,103,126,92,108,79,91,93,121,96,127" hai1="1,68,30,65,38,66,37,114,102,3,124,53,54" hai2="11,104,94,14,100,125,13,132,61,45,88,131,10" hai3="23,57,120,101,52,98,116,97,83,112,31,21,22"/><U58/><E114/><V60/><F125/><N who="0" m="47626" /><D42/><U107/><E30/><V86/><F131/><W63/><G112/><T46/><D46/><U62/><E102/><V84/><F132/><W130/><G120/><T39/><D39/><N who="1" m="14859" /><E107/><V106/><F45/><W64/><G130/><T50/><D50/><U128/><E1/><V0/><F0/><W19/><G116/><T95/><D25/><U129/><E3/><V69/><F69/><W56/><G31/><T111/><D133/><U118/><E124/><V33/><F33/><W4/><G4/><T81/><D121/><U134/><E118/><V35/><F35/><W74/><G74/><N who="0" m="43255" /><D93/><U18/><E18/><N who="2" m="8503" /><F104/><W89/><G19/><T9/><D9/><U28/><E28/><V49/><F106/><W110/><G110/><T55/><D55/><N who="1" m="21003" /><E134/><V82/><F100/><W85/><REACH who="3" step="1"/><G101/><REACH who="3" ten="250,230,250,260" step="2"/><T36/><D36/><U24/><E128/><V119/><F119/><W16/><G16/><T6/><D6/><U78/><E129/><V2/><F2/><W43/><G43/><T135/><D135/><U12/><E12/><V29/><F29/><W20/><N who="3" m="5632" /><DORA hai="105" /><W117/><G117/><T44/><D44/><U27/><E27/><V67/><F14/><W51/><AGARI ba="0,1" hai="51,52,56,57,63,64,83,85,89,97,98" m="5632" machi="51" ten="40,12000,2" yaku="1,1,0,1,8,1,52,1,54,1,53,1" doraHai="80,105" doraHaiUra="48,123" who="3" fromWho="3" sc="250,-30,230,-60,250,-30,260,130" /><INIT seed="2,0,0,0,0,100" ten="220,170,220,390" oya="2" hai0="93,111,133,28,75,17,126,109,33,55,63,34,5" hai1="3,15,16,80,52,54,7,36,82,11,79,8,64" hai2="69,46,45,128,56,25,6,24,44,2,12,91,104" hai3="135,68,134,101,108,27,35,40,66,4,99,9,37"/><V50/><F2/><N who="3" m="151" /><G108/><N who="0" m="41547" /><D75/><U130/><E36/><V92/><F69/><W60/><G40/><T38/><D38/><U132/><E132/><N who="3" m="50730" /><G37/><T94/><D133/><U39/><E39/><V127/><F127/><W113/><G113/><T32/><D126/><U62/><E130/><V22/><F128/><W57/><G57/><N who="0" m="35263" /><D5/><U119/><E119/><V96/><F56/><W13/><G13/><T88/><D17/><U26/><E26/><V61/><F25/><W110/><G110/><T90/><D28/><U30/><E30/><V117/><F117/><W131/><G131/><T106/><D94/><U58/><REACH who="1" step="1"/><E82/><REACH who="1" ten="220,160,220,390" step="2"/><V105/><F24/><W18/><G27/><T48/><D33/><U29/><E29/><V43/><F6/><W31/><G31/><T49/><D32/><U125/><E125/><V123/><F123/><W73/><G35/><T89/><D34/><U70/><E70/><V1/><F1/><W81/><G18/><T59/><D93/><U51/><E51/><V116/><F116/><W14/><G14/><T41/><D49/><U21/><E21/><V95/><F22/><W76/><G68/><T120/><D120/><U47/><E47/><V71/><F12/><W97/><G81/><T10/><D10/><U20/><E20/><V23/><F23/><W72/><G60/><T129/><D129/><U102/><E102/><V85/><F61/><W53/><G101/><T124/><D124/><U19/><E19/><V114/><F71/><W86/><G72/><AGARI ba="0,1" hai="3,7,8,11,15,16,52,54,58,62,64,72,79,80" machi="72" ten="30,8000,1" yaku="1,1,7,1,54,2,53,1" doraHai="100" doraHaiUra="0" who="1" fromWho="3" sc="220,0,160,90,220,0,390,-80" /><INIT seed="3,0,0,2,1,96" ten="220,250,220,310" oya="3" hai0="16,73,64,90,78,104,111,55,103,10,59,95,86" hai1="38,52,26,81,112,127,3,40,43,133,9,84,108" hai2="72,2,124,70,76,117,122,56,79,80,99,7,71" hai3="42,63,67,28,77,24,114,8,53,39,50,118,23"/><W97/><G114/><T107/><D64/><U113/><E108/><V48/><F117/><W6/><G118/><T27/><D111/><U68/><E68/><V13/><F2/><W91/><G39/><T88/><D73/><U130/><E113/><V54/><F122/><W49/><G42/><T12/><D78/><U17/><E112/><V5/><F124/><W41/><G41/><T47/><D47/><U125/><E133/><V14/><F76/><W44/><G77/><T19/><D90/><U93/><E130/><V0/><F0/><W66/><G50/><T101/><D104/><U61/><E38/><V21/><F13/><N who="3" m="5271" /><G63/><N who="0" m="36351" /><D107/><U82/><E43/><V32/><F32/><W29/><G29/><T135/><D135/><U57/><E40/><V134/><F134/><W75/><G75/><T110/><D110/><U106/><E106/><V94/><F70/><W58/><G44/><T36/><D36/><U35/><E35/><V83/><F71/><W20/><G66/><T128/><D128/><U92/><E3/><V87/><F72/><W100/><G67/><T131/><D131/><U25/><E127/><V11/><F79/><W46/><G91/><T34/><D34/><U65/><E65/><V74/><F74/><W98/><G46/><T121/><D121/><U116/><E116/><V37/><F37/><W22/><G97/><T109/><D109/><U123/><E123/><V120/><F120/><W62/><G62/><T85/><D85/><U15/><E125/><V102/><F87/><W33/><G33/><T105/><D105/><U45/><E84/><V4/><F21/><AGARI ba="0,0" hai="10,12,16,19,21,27,86,88,95,101,103" m="36351" machi="21" ten="30,12000,2" yaku="6,1,8,1,52,2,54,2" doraHai="96" who="0" fromWho="2" sc="220,120,250,0,220,-120,310,0" owari="340,44.0,250,-15.0,100,-40.0,310,11.0" /></mjloggm>