<mjloggm ver="2.3"><GO type="97" lobby="0"/><UN n0="%E3%82%A6%E3%83%AB%E3%83%88%E3%83%A9%E7%AB%8B%E7%9B%B4" n1="%6B%79%6F%6E%31%30%35%34" n2="%E5%85%AC%E5%8B%99%E5%93%A1%E3%81%8F%E3%82%93" n3="%E6%88%B8%E6%84%9A%E5%91%82%E3%83%BB%E5%A7%89" dan="15,15,15,15" rate="1988.43,1925.20,2034.53,2005.52" sx="M,M,F,M"/><TAIKYOKU oya="0"/><INIT seed="0,0,0,3,1,69" ten="250,250,250,250" oya="0" hai0="11,134,49,67,51,21,126,25,33,63,135,12,100" hai1="107,74,43,101,116,117,64,91,85,109,15,31,48" hai2="106,103,17,41,94,55,7,38,2,37,28,1,93" hai3="131,23,83,79,132,56,46,62,32,80,59,88,113"/><T118/><D118/><U45/><E74/><V26/><F17/><W14/><G32/><T39/><D33/><U96/><E64/><V112/><F112/><W60/><G113/><T18/><D100/><U36/><E109/><V92/><F55/><N who="3" m="33823" /><G131/><T98/><D98/><U52/><E31/><V68/><F68/><W58/><G132/><N who="0" m="50731" /><D126/><U111/><E15/><V115/><F115/><W89/><G46/><T44/><D44/><U133/><E133/><V3/><F7/><W75/><G75/><T61/><D39/><U19/><E19/><V8/><F8/><W114/><G114/><T54/><D54/><U5/><E5/><V30/><F41/><W78/><G58/><N who="0" m="37303" /><D63/><U0/><E111/><V104/><F103/><W125/><G125/><T110/><D110/><U129/><E129/><V76/><F76/><W95/><G78/><T53/><D53/><U130/><E130/><V84/><F84/><N who="3" m="52615" /><G89/><T47/><D47/><U24/><E117/><V29/><F26/><W40/><G40/><T127/><D127/><U65/><E116/><V10/><F10/><W90/><G90/><T4/><AGARI ba="0,0" hai="4,11,12,18,21,25,49,51" m="37303,50731" machi="4" ten="30,1500,0" yaku="20,1" doraHai="69" who="0" fromWho="0" sc="250,15,250,-5,250,-5,250,-5" /><INIT seed="0,1,0,1,2,106" ten="265,245,245,245" oya="0" hai0="47,8,122,36,38,6,67,98,21,17,18,61,46" hai1="1,129,105,71,103,43,116,5,131,113,66,100,9" hai2="128,60,73,37,32,101,49,63,114,27,34,14,58" hai3="50,2,26,15,130,29,23,133,76,22,30,35,111"/><T7/><D98/><N who="1" m="61591" /><E116/><V52/><F37/><W72/><G50/><T112/><D112/><U45/><E103/><V41/><F114/><W94/><G94/><T115/><D115/><U64/><E113/><V74/><F101/><W90/><G90/><T16/><D122/><U75/><E75/><V39/><F14/><W117/><G76/><T83/><D83/><U85/><E85/><V135/><F135/><W102/><G102/><T134/><D134/><U118/><E118/><V95/><F95/><W4/><G72/><T54/><D21/><N who="3" m="7689" /><G133/><T87/><D87/><U13/><E13/><V40/><F39/><N who="0" m="14890" /><D8/><U108/><E108/><V62/><F128/><N who="1" m="49225" /><E71/><V91/><F91/><W69/><G69/><T99/><D99/><U24/><E24/><V107/><F107/><W33/><G117/><T92/><D92/><U10/><E10/><V70/><F70/><W28/><G130/><T79/><D79/><U59/><E59/><V25/><F58/><W77/><G111/><T65/><D61/><U127/><E9/><V126/><F62/><W42/><G77/><T123/><D123/><U86/><E86/><V84/><F84/><W125/><G26/><T11/><D11/><U80/><E80/><V110/><F110/><W78/><G78/><T51/><D51/><U89/><E89/><V88/><F88/><W48/><G48/><T0/><D0/><U12/><E1/><V109/><F109/><W82/><G82/><T44/><D54/><U120/><E120/><V132/><F132/><W121/><G121/><T31/><D31/><U20/><E5/><AGARI ba="1,0" hai="5,6,7,16,17,18,44,46,47,65,67" m="14890" machi="5" ten="40,7700,0" yaku="28,2,54,1" doraHai="106" who="0" fromWho="1" sc="265,80,245,-80,245,0,245,0" /><INIT seed="0,2,0,1,5,13" ten="345,165,245,245" oya="0" hai0="26,126,133,78,107,0,59,30,66,1,40,28,119" hai1="75,118,84,86,124,68,113,8,14,38,92,69,43" hai2="72,46,99,89,95,111,67,80,109,110,64,116,102" hai3="16,42,106,52,51,71,60,117,48,10,18,134,76"/><T104/><D59/><U123/><E118/><V25/><F116/><W7/><G117/><T81/><D66/><U3/><E123/><V54/><F25/><W128/><G106/><N who="0" m="40491" /><D119/><U20/><E124/><V115/><F115/><W93/><G128/><T87/><D30/><U77/><E113/><V98/><F54/><W19/><G134/><T65/><D65/><U11/><E3/><V9/><F46/><N who="3" m="25687" /><G71/><T132/><D40/><U6/><E20/><V74/><F9/><W32/><G32/><N who="0" m="20503" /><D126/><U34/><E34/><V55/><F55/><W127/><G127/><T33/><D33/><U4/><E43/><V35/><F35/><W91/><G76/><T29/><D29/><U41/><E77/><N who="2" m="44071" /><F74/><W23/><G60/><T90/><D90/><U83/><E75/><V97/><F67/><W36/><G36/><T45/><D45/><U50/><E38/><V39/><F39/><W82/><G23/><T125/><D125/><U88/><E69/><V129/><F64/><W5/><G10/><T96/><D96/><N who="2" m="36970" /><F129/><W37/><G37/><T31/><D31/><U120/><E68/><V108/><N who="2" m="27648" /><DORA hai="122" /><V22/><F22/><W79/><G7/><T105/><N who="0" m="40499" /><T73/><DORA hai="44" /><D87/><U112/><E120/><V62/><F62/><W135/><G5/><T63/><D63/><U2/><E112/><V56/><F56/><W47/><G47/><T103/><D1/><U53/><E41/><V130/><F130/><W58/><G58/><T121/><D0/><U12/><E2/><V21/><F21/><W101/><G52/><T49/><D121/><U24/><E53/><RYUUKYOKU ba="2,0" sc="345,-10,165,-10,245,30,245,-10" hai2="89,95,99,102" /><INIT seed="1,3,0,2,1,127" ten="335,155,275,235" oya="1" hai0="10,121,131,5,23,77,111,76,16,8,3,53,122" hai1="104,85,18,101,119,128,91,64,12,93,20,99,107" hai2="63,43,72,98,11,125,87,124,95,71,32,9,34" hai3="81,57,29,55,15,80,118,120,89,48,50,66,59"/><U60/><E119/><V46/><F72/><W40/><G120/><N who="0" m="46187" /><D111/><U61/><E61/><V13/><F87/><W126/><G126/><N who="2" m="48745" /><F63/><N who="3" m="38271" /><G118/><T90/><D131/><U58/><REACH who="1" step="1"/><E128/><REACH who="1" ten="335,145,275,235" step="2"/><V88/><F71/><W69/><G69/><T78/><D53/><U54/><E54/><V56/><F56/><W134/><G57/><T21/><D90/><U22/><E22/><V103/><F103/><W117/><G89/><T49/><D49/><U68/><E68/><V92/><F34/><W135/><G55/><T130/><D130/><U51/><E51/><V19/><F32/><W73/><G48/><T100/><D100/><U112/><E112/><V41/><F11/><W110/><G50/><T35/><D35/><U96/><E96/><N who="2" m="57351" /><F46/><W14/><G117/><T70/><D70/><U133/><E133/><V28/><F9/><W109/><G134/><T97/><D97/><U38/><E38/><V2/><F98/><W45/><G135/><T74/><D10/><U0/><E0/><V62/><F62/><W108/><G45/><T7/><D23/><U47/><E47/><V25/><F2/><W17/><G108/><T129/><D129/><U84/><E84/><V6/><F43/><W4/><G40/><T31/><D7/><U115/><E115/><V24/><F6/><W26/><G110/><T86/><D86/><U75/><E75/><V123/><F41/><W65/><G73/><T114/><D74/><U83/><AGARI ba="3,1" hai="12,18,20,58,60,64,83,85,91,93,99,101,104,107" machi="83" ten="20,3900,0" yaku="1,1,0,1,7,1,53,0" doraHai="127" doraHaiUra="42" who="1" fromWho="1" sc="335,-16,145,58,275,-16,235,-16" /><INIT seed="1,4,0,5,0,124" ten="319,203,259,219" oya="1" hai0="31,70,119,67,40,113,10,98,49,75,59,57,103" hai1="125,22,126,84,65,78,62,15,58,54,8,107,99" hai2="117,24,3,91,30,7,121,93,60,101,37,61,82" hai3="131,26,135,97,4,66,46,134,23,122,89,80,123"/><U112/><E112/><V111/><F121/><W25/><G66/><T79/><D119/><U90/><E78/><V77/><F117/><W129/><G4/><T36/><D59/><U105/><E22/><N who="2" m="15639" /><F3/><W88/><G46/><N who="0" m="23815" /><D10/><U72/><E72/><V41/><F37/><W14/><G14/><T85/><D85/><U35/><E35/><V83/><F111/><W94/><G80/><N who="2" m="30761" /><F41/><W96/><G23/><T12/><D12/><U17/><E65/><V128/><F7/><W114/><G94/><T71/><D49/><U120/><E120/><V32/><F32/><W64/><G64/><T68/><D57/><U55/><E55/><V102/><F128/><W51/><G51/><T63/><D31/><U16/><E17/><V13/><F13/><W19/><G19/><T21/><D21/><U116/><E116/><V108/><F108/><W48/><G48/><T11/><D11/><U0/><E0/><V74/><F74/><W69/><G69/><T47/><D47/><U2/><E2/><V42/><F42/><W20/><G20/><T110/><D110/><U132/><E126/><V73/><F73/><W95/><G95/><N who="0" m="58847" /><D71/><U130/><E125/><V52/><F77/><W45/><G45/><T104/><D70/><U81/><E130/><V92/><F92/><W6/><G6/><T115/><D104/><U1/><E1/><V27/><F27/><W106/><G106/><T118/><D118/><U50/><E107/><V127/><F127/><W133/><G133/><T87/><D75/><U9/><E132/><V29/><F29/><W18/><G18/><T76/><D76/><RYUUKYOKU ba="4,0" sc="319,15,203,-15,259,-15,219,15" hai0="63,67,68,79,87,113,115" hai3="25,26,88,89,96,97,114,122,123,129,131,134,135" /><INIT seed="2,5,0,0,3,116" ten="334,188,244,234" oya="2" hai0="62,134,94,71,48,102,22,107,70,28,3,127,120" hai1="105,60,30,5,16,123,39,128,20,40,78,23,6" hai2="115,133,92,117,37,44,15,11,34,95,73,19,118" hai3="46,82,87,85,135,96,58,31,99,1,63,53,64"/><V110/><F115/><W106/><G1/><T51/><D107/><U52/><E105/><V129/><F73/><W32/><G135/><T68/><D3/><U12/><E78/><V72/><F72/><W25/><G106/><T119/><D119/><U2/><E2/><V35/><F133/><W18/><G18/><T56/><D134/><U98/><E128/><V42/><F129/><W24/><G24/><T111/><D94/><U131/><E131/><V55/><F117/><W9/><G9/><T38/><D102/><U36/><E98/><V124/><F118/><W89/><G85/><T65/><D22/><N who="1" m="11527" /><E39/><V93/><F124/><W109/><G109/><T103/><D28/><U88/><E36/><V21/><F110/><W47/><G47/><T0/><D0/><U100/><E100/><V90/><F90/><W54/><G54/><T33/><D103/><U108/><E40/><V132/><F132/><W101/><G101/><T130/><D33/><U66/><E108/><V83/><F83/><W112/><G112/><T86/><D86/><U91/><E66/><V121/><F55/><W97/><G97/><T10/><D130/><U75/><E75/><V80/><F80/><W59/><REACH who="3" step="1"/><G46/><REACH who="3" ten="334,188,244,224" step="2"/><T50/><D111/><U122/><E30/><V79/><F11/><W69/><G69/><T61/><D71/><U84/><E84/><V27/><F19/><W104/><G104/><T67/><D10/><U8/><E8/><V14/><F27/><W17/><G17/><T81/><D68/><U76/><E5/><V126/><F15/><W114/><G114/><T74/><D70/><RYUUKYOKU ba="5,1" sc="334,-10,188,-10,244,-10,224,30" hai3="25,31,32,53,58,59,63,64,82,87,89,96,99" /><INIT seed="3,6,1,3,5,38" ten="324,178,234,254" oya="3" hai0="48,129,57,125,33,44,25,29,1,74,53,126,118" hai1="61,72,96,68,128,75,91,102,22,86,80,40,85" hai2="46,55,133,83,32,37,73,8,12,99,124,41,106" hai3="92,0,19,104,51,93,90,16,20,70,123,112,39"/><W117/><G104/><T14/><D1/><U97/><E128/><V11/><F32/><W65/><G39/><T54/><D118/><U114/><E114/><V113/><F113/><W63/><G112/><T84/><D74/><U3/><E3/><V135/><F124/><N who="0" m="47722" /><D129/><U15/><E68/><V31/><F31/><W134/><G93/><T34/><D14/><U27/><E15/><V77/><F55/><W58/><G19/><T110/><D110/><U131/><E131/><V121/><F121/><W5/><G134/><N who="2" m="51209" /><F12/><W88/><G117/><T120/><D120/><U127/><E127/><V130/><F130/><W45/><G123/><T94/><D34/><U49/><E61/><V111/><F111/><W67/><G65/><T87/><D94/><U132/><E132/><V89/><F89/><W119/><G90/><T28/><D28/><U95/><E86/><V35/><F35/><W59/><G119/><T69/><D69/><U9/><E9/><V42/><F42/><W26/><G0/><T10/><D10/><U13/><E13/><V76/><F76/><W71/><G71/><T17/><D17/><U4/><E4/><V103/><AGARI ba="6,1" hai="8,11,37,41,46,73,77,83,99,103,106" m="51209" machi="103" ten="30,2000,0" yaku="20,1,52,1" doraHai="38" who="2" fromWho="2" sc="324,-11,178,-11,234,48,254,-16" owari="313,41.0,167,-33.0,282,8.0,238,-16.0" /></mjloggm>