<mjloggm ver="2.3"><GO type="97" lobby="0"/><UN n0="%E3%82%A6%E3%83%AB%E3%83%88%E3%83%A9%E7%AB%8B%E7%9B%B4" n1="%E5%A4%9A%E4%BA%95%E9%9A%86%E6%99%B4%E9%96%80%E4%B8%8B%E7%94%9F" n2="%EF%BC%A5%EF%BC%AC%EF%BC%AD%EF%BC%AF" n3="%E8%B1%AA%E8%B1%AA%E4%B8%B8" dan="15,14,14,15" rate="2019.29,1954.40,1920.83,1952.11" sx="M,M,M,M"/><TAIKYOKU oya="0"/><INIT seed="0,0,0,4,4,42" ten="250,250,250,250" oya="0" hai0="54,8,41,32,79,20,78,52,105,14,67,103,57" hai1="12,92,62,102,24,71,109,64,6,89,11,31,36" hai2="66,68,69,135,13,48,106,101,81,95,26,77,22" hai3="121,21,132,124,91,51,55,118,53,131,134,39,117"/><T4/><D32/><U56/><E109/><V107/><F13/><W128/><G21/><T10/><D41/><U82/><E36/><V65/><F48/><W25/><G25/><T19/><D67/><U63/><E82/><V70/><F95/><W104/><G104/><T125/><D125/><U58/><E102/><V2/><F2/><W90/><G124/><T127/><D127/><U130/><E130/><N who="3" m="49706" /><G91/><T7/><D103/><U110/><E110/><V72/><F135/><N who="3" m="51755" /><G90/><T43/><D43/><U114/><E114/><V3/><F3/><W60/><G39/><T85/><D105/><U73/><E73/><V80/><F80/><W29/><G29/><T87/><D20/><U98/><E63/><V27/><F27/><W126/><G126/><T9/><D9/><U16/><REACH who="1" step="1"/><E6/><REACH who="1" ten="250,240,250,250" step="2"/><V122/><F101/><W59/><G121/><T37/><D37/><U30/><E30/><V115/><F115/><W119/><G118/><T46/><D7/><U74/><E74/><V49/><F122/><W15/><G15/><N who="0" m="7655" /><D79/><U129/><E129/><V33/><F33/><AGARI ba="0,1" hai="11,12,16,24,31,33,56,58,62,64,71,89,92,98" machi="33" ten="30,3900,0" yaku="1,1,7,1,54,1,53,0" doraHai="42" doraHaiUra="35" who="1" fromWho="2" sc="250,0,240,49,250,-39,250,0" /><INIT seed="1,0,0,1,1,120" ten="250,289,211,250" oya="1" hai0="80,95,33,66,79,3,22,70,28,103,48,11,37" hai1="61,75,129,21,53,60,58,69,115,30,57,83,99" hai2="116,110,52,46,132,10,107,1,112,26,133,100,94" hai3="19,38,20,51,25,6,108,34,4,35,56,85,76"/><U2/><E2/><V49/><F107/><W102/><G38/><T126/><D33/><U17/><E115/><V5/><F116/><W92/><G108/><T74/><D66/><U78/><E69/><V42/><F112/><W54/><G35/><T88/><D70/><U82/><E82/><V71/><F71/><W14/><G34/><T18/><D126/><U31/><E129/><V55/><F26/><W130/><G130/><T87/><D37/><U123/><E99/><N who="2" m="59511" /><F110/><W36/><G36/><T117/><D117/><U63/><E123/><V106/><F106/><W47/><G102/><T98/><D48/><U15/><E63/><V91/><F91/><W24/><G47/><T89/><D28/><U32/><REACH who="1" step="1"/><E32/><REACH who="1" ten="250,279,211,250" step="2"/><V43/><F43/><W122/><G122/><T86/><D3/><U41/><E41/><V127/><F127/><W9/><G4/><T72/><D72/><U121/><E121/><V131/><F131/><W65/><G65/><AGARI ba="0,1" hai="15,17,21,30,31,53,57,58,60,61,65,75,78,83" machi="65" ten="30,2900,0" yaku="1,1,7,1,53,0" doraHai="120" doraHaiUra="7" who="1" fromWho="3" sc="250,0,279,39,211,0,250,-29" /><INIT seed="1,1,0,4,1,1" ten="250,318,211,221" oya="1" hai0="14,96,13,132,90,55,124,116,10,127,111,72,109" hai1="74,4,92,58,65,64,71,56,133,44,67,113,54" hai2="121,34,101,26,30,107,2,61,22,118,6,91,0" hai3="29,46,36,105,80,88,122,82,134,32,19,78,93"/><U89/><E74/><V135/><F118/><W66/><G122/><T51/><D72/><U98/><E71/><V86/><F121/><W100/><G134/><T41/><D41/><U69/><E69/><V130/><F135/><W104/><G66/><T28/><D28/><U35/><E35/><V33/><F61/><W79/><G19/><T84/><D96/><U16/><E133/><V11/><F2/><W31/><G36/><T62/><D62/><U39/><E113/><V24/><F130/><W8/><G8/><T27/><D27/><U12/><E4/><V87/><F91/><W131/><G46/><T38/><D38/><U85/><E98/><V42/><F42/><W95/><G131/><T110/><D116/><U59/><E44/><V115/><F115/><W97/><G32/><T123/><D123/><U103/><E103/><V83/><F83/><N who="3" m="31787" /><G31/><T43/><D43/><U73/><E73/><V126/><F126/><N who="0" m="48170" /><D132/><U77/><E77/><N who="3" m="29194" /><G29/><T106/><D106/><U125/><E39/><V25/><F107/><N who="3" m="41035" /><G95/><N who="0" m="54727" /><D10/><N who="1" m="6167" /><E125/><V128/><F128/><W40/><G40/><T48/><D48/><AGARI ba="1,0" hai="48,54,56,58,59,64,65,67,85,89,92" m="6167" machi="48" ten="30,2900,0" yaku="8,1,54,1" doraHai="1" who="1" fromWho="0" sc="250,-32,318,32,211,0,221,0" /><INIT seed="1,2,0,5,2,127" ten="218,350,211,221" oya="1" hai0="89,62,68,105,81,106,100,101,133,63,97,118,103" hai1="49,93,126,122,13,44,12,64,121,69,92,88,17" hai2="80,35,14,0,135,8,28,31,70,94,83,67,114" hai3="54,73,5,59,130,22,82,3,71,2,128,98,20"/><U86/><E126/><V6/><F135/><W1/><G71/><T41/><D41/><U120/><E93/><V104/><F104/><N who="0" m="40042" /><D62/><U33/><E33/><V95/><F114/><W87/><G73/><T110/><D63/><U16/><E64/><V61/><F0/><W51/><G5/><T65/><D65/><U38/><E38/><V134/><F134/><W79/><REACH who="3" step="1"/><G98/><REACH who="3" ten="218,350,211,211" step="2"/><T58/><D68/><U113/><E69/><V57/><F70/><W21/><AGARI ba="2,1" hai="1,2,3,20,21,22,51,54,59,79,82,87,128,130" machi="21" ten="40,8000,1" yaku="1,1,2,1,0,1,52,2,53,0" doraHai="127" doraHaiUra="25" who="3" fromWho="3" sc="218,-22,350,-42,211,-22,211,96" /><INIT seed="2,0,0,2,1,91" ten="196,308,189,307" oya="2" hai0="99,103,33,109,50,100,16,135,94,22,93,105,8" hai1="83,43,20,61,21,4,28,117,13,112,3,69,59" hai2="95,7,48,62,115,18,132,19,97,57,134,9,27" hai3="29,56,73,35,87,53,32,119,108,126,55,64,104"/><V86/><F115/><W68/><G104/><T5/><D33/><U44/><E3/><V66/><F86/><W10/><G73/><T85/><D135/><N who="2" m="51754" /><F48/><W88/><G119/><T98/><D109/><U74/><E69/><V41/><F41/><W26/><G108/><T114/><D114/><U113/><E117/><V67/><F67/><W42/><G126/><T39/><D39/><U122/><E122/><V54/><F66/><W133/><G133/><T1/><D50/><N who="1" m="26911" /><E74/><V17/><F7/><W128/><G128/><T121/><D121/><U2/><E4/><V12/><F27/><W40/><G35/><T82/><D105/><U6/><E6/><V65/><F65/><W107/><G107/><T25/><D85/><U70/><E113/><V14/><F9/><W63/><G10/><T116/><D116/><U76/><E70/><V120/><F120/><W72/><G72/><T124/><REACH who="0" step="1"/><D82/><REACH who="0" ten="186,308,189,307" step="2"/><U45/><E83/><V31/><F31/><W123/><G123/><T23/><D23/><U78/><E21/><V129/><F129/><W89/><G32/><T111/><D111/><U101/><E28/><V15/><F18/><W37/><G37/><T52/><D52/><N who="3" m="20041" /><G68/><T0/><D0/><U46/><E2/><V51/><F51/><W131/><G131/><T77/><D77/><U84/><E76/><V80/><F80/><N who="3" m="49255" /><G89/><AGARI ba="0,1" hai="12,14,15,17,19,54,57,62,89,95,97" m="51754" machi="89" ten="30,2900,0" yaku="20,1,52,1" doraHai="91" who="2" fromWho="3" sc="186,0,308,0,189,39,307,-29" /><INIT seed="2,1,0,2,3,117" ten="186,308,228,278" oya="2" hai0="130,26,131,23,121,36,1,34,91,100,58,21,101" hai1="48,16,80,66,61,74,135,18,118,110,50,112,29" hai2="54,43,44,128,62,14,70,37,56,0,106,115,125" hai3="116,77,94,52,35,83,20,9,10,88,28,73,81"/><V67/><F115/><W98/><G116/><T104/><D1/><U95/><E112/><V24/><F0/><W68/><G68/><T45/><D34/><U5/><E5/><V11/><F24/><W53/><G35/><T39/><D58/><N who="1" m="37175" /><E74/><V65/><F106/><W64/><G64/><T32/><D32/><U13/><E29/><V25/><F25/><N who="3" m="16423" /><G73/><T40/><D39/><U19/><E135/><V69/><F67/><W126/><G126/><T55/><D55/><N who="3" m="21065" /><G77/><T72/><D72/><U107/><E107/><V46/><F125/><W7/><G7/><T105/><D91/><U129/><E110/><V120/><F128/><N who="0" m="49194" /><D104/><U42/><E129/><V132/><F132/><W12/><G12/><T99/><D101/><U89/><E13/><V38/><F120/><W75/><G75/><T63/><D63/><U27/><E27/><V119/><F119/><W109/><G109/><T114/><D114/><U103/><E103/><V134/><F134/><W57/><G57/><T82/><D82/><AGARI ba="1,0" hai="9,10,81,82,83,88,94,98" m="21065,16423" machi="82" ten="30,3900,0" yaku="8,1,54,2" doraHai="117" who="3" fromWho="0" sc="186,-42,308,0,228,0,278,42" /><INIT seed="3,0,0,3,5,72" ten="144,308,228,320" oya="3" hai0="39,20,97,88,126,86,125,10,7,104,33,129,74" hai1="92,34,44,115,11,68,55,16,132,26,131,62,13" hai2="84,28,2,100,99,69,43,22,130,113,119,8,46" hai3="15,18,127,66,38,93,96,63,79,135,36,0,56"/><W32/><G32/><T54/><D33/><U48/><E115/><V58/><F113/><W77/><G0/><T37/><D74/><U71/><E131/><V17/><F119/><W41/><G135/><T83/><D129/><U49/><E132/><V57/><F130/><W52/><G127/><T6/><D6/><U50/><E71/><V9/><F69/><W76/><G66/><T60/><D125/><U30/><E68/><V5/><F9/><W105/><G105/><T82/><D126/><U23/><E34/><V121/><F121/><W112/><G112/><T114/><D114/><U124/><E124/><V123/><F123/><W108/><G108/><T64/><D54/><U80/><E80/><V120/><F120/><W65/><G65/><T24/><D82/><U106/><E106/><V118/><F118/><W19/><G19/><T91/><D104/><U4/><E92/><V21/><F84/><W1/><G1/><T14/><D97/><U85/><E85/><V94/><F28/><W12/><G12/><T98/><D98/><U51/><E62/><V134/><F22/><W73/><G73/><T40/><D40/><U110/><E110/><V29/><F29/><AGARI ba="0,0" hai="4,11,13,16,23,26,29,30,44,48,49,50,51,55" machi="29" ten="40,2600,0" yaku="8,1,54,1" doraHai="72" who="1" fromWho="2" sc="144,0,308,26,228,-26,320,0" owari="144,-36.0,334,44.0,202,-20.0,320,12.0" /></mjloggm>