<mjloggm ver="2.3"><GO type="97" lobby="0"/><UN n0="%72%79%6F%72%79%6F%72" n1="%73%75%6E%61%62%6F%75%7A" n2="%E3%81%BE%E3%81%99%E3%81%AE%E3%81%99%E3%81%97" n3="%E3%82%A6%E3%83%AB%E3%83%88%E3%83%A9%E7%AB%8B%E7%9B%B4" dan="13,14,15,15" rate="1882.54,1990.04,2039.89,1990.26" sx="M,M,M,M"/><TAIKYOKU oya="0"/><INIT seed="0,0,0,5,0,77" ten="250,250,250,250" oya="0" hai0="2,6,134,30,45,94,61,82,117,23,112,19,91" hai1="60,9,93,74,59,36,28,64,44,95,73,98,76" hai2="16,5,1,87,102,51,38,104,119,99,88,105,20" hai3="22,125,31,89,47,97,116,127,52,3,78,32,135"/><T0/><D117/><U67/><E28/><V106/><F38/><W43/><G3/><T81/><D112/><U34/><E34/><V109/><F119/><W107/><G32/><T85/><D134/><U113/><E113/><V17/><F109/><W25/><G116/><T129/><D129/><U13/><E95/><V110/><F110/><W75/><G135/><T65/><D30/><U29/><E67/><V118/><F118/><W27/><G27/><T35/><D35/><U79/><E29/><V130/><F130/><W62/><G107/><T58/><D45/><U122/><E122/><V54/><F5/><W70/><G70/><T132/><D132/><U11/><E11/><V96/><F96/><W69/><G69/><T120/><D120/><U86/><E36/><V24/><F17/><W26/><G26/><T128/><D128/><U71/><E44/><V90/><F1/><W100/><G100/><T14/><REACH who="0" step="1"/><D6/><REACH who="0" ten="240,250,250,250" step="2"/><U21/><E71/><V66/><F66/><W50/><G31/><T41/><D41/><U114/><E114/><V80/><F90/><W53/><G43/><T111/><D111/><U18/><E79/><V33/><F33/><W126/><G78/><T49/><D49/><U92/><E9/><V37/><F37/><W108/><G108/><T42/><D42/><U12/><E76/><V56/><AGARI ba="0,1" hai="16,20,24,51,54,56,80,87,88,99,102,104,105,106" machi="56" ten="20,8000,1" yaku="0,1,7,1,52,1,54,2" doraHai="77" who="2" fromWho="2" sc="240,-40,250,-20,250,90,250,-20" /><INIT seed="1,0,0,0,0,59" ten="200,230,340,230" oya="1" hai0="50,26,28,33,117,118,53,4,109,38,100,129,69" hai1="77,42,48,35,23,2,16,128,5,76,104,55,74" hai2="132,84,78,46,37,61,19,0,92,88,121,98,126" hai3="24,67,14,11,135,133,66,32,105,80,90,124,108"/><U70/><E104/><V73/><F121/><W113/><G105/><T27/><D129/><U131/><E70/><V134/><F0/><W81/><G24/><T20/><D38/><U63/><E35/><V1/><F1/><W21/><G21/><T44/><D109/><U68/><E42/><V89/><F126/><W30/><G30/><T120/><D120/><U41/><E41/><V15/><F37/><W3/><G3/><T86/><D4/><U56/><E74/><V75/><F46/><W112/><G14/><T122/><D122/><U102/><E102/><V123/><F123/><W94/><G11/><T31/><D100/><U85/><E85/><V43/><F43/><W45/><G94/><T72/><D72/><U125/><E5/><V110/><F110/><W97/><G97/><T127/><D127/><U115/><E2/><V119/><F119/><W7/><G7/><T8/><D8/><U57/><E68/><V79/><F79/><W106/><G106/><T114/><D114/><U96/><E96/><V99/><F84/><W36/><G124/><T22/><D69/><U103/><E103/><V47/><F47/><W111/><G45/><T62/><D62/><U64/><E115/><V65/><F78/><W12/><G36/><T25/><D86/><U51/><E51/><V83/><F83/><W82/><G82/><T9/><D9/><U17/><E17/><AGARI ba="0,0" hai="17,20,22,25,26,27,28,31,33,44,50,53,117,118" machi="17" ten="30,1000,0" yaku="7,1" doraHai="59" who="0" fromWho="1" sc="200,10,230,-10,340,0,230,0" /><INIT seed="2,0,0,0,4,130" ten="210,220,340,230" oya="2" hai0="58,111,124,86,108,41,109,46,110,48,18,34,77" hai1="7,20,52,81,105,68,76,79,100,73,115,61,71" hai2="134,22,15,36,54,97,75,127,64,60,2,31,12" hai3="13,96,16,94,117,65,80,70,119,107,114,40,118"/><V106/><F75/><W8/><G107/><T33/><N who="0" m="28160" /><DORA hai="57" /><T14/><D124/><U21/><E115/><V133/><F2/><W104/><G104/><T53/><D77/><U27/><E7/><V132/><F127/><W3/><G3/><T99/><D86/><U67/><E79/><V43/><F54/><W45/><G114/><T62/><REACH who="0" step="1"/><D99/><REACH who="0" ten="200,220,340,230" step="2"/><U101/><E105/><V30/><F97/><W89/><G118/><T135/><D135/><U17/><E21/><AGARI ba="0,1" hai="14,18,21,33,34,41,46,48,53,58,62" m="28160" machi="21" ten="70,8000,1" yaku="1,1,14,1,52,1,53,0" doraHai="130,57" doraHaiUra="83,95" who="0" fromWho="1" sc="200,90,220,-80,340,0,230,0" /><INIT seed="3,0,0,1,5,69" ten="290,140,340,230" oya="3" hai0="82,50,126,78,129,56,29,66,72,46,92,123,125" hai1="26,98,121,30,59,55,111,122,75,4,84,68,77" hai2="100,57,118,2,110,90,135,105,49,65,12,99,133" hai3="80,42,28,6,73,117,34,15,132,7,5,131,87"/><W54/><G73/><T11/><D123/><U48/><E68/><V63/><F118/><W95/><G117/><T44/><D129/><U79/><E111/><V40/><F110/><W91/><G131/><T10/><D29/><U104/><E4/><V35/><F2/><W31/><G132/><N who="2" m="50761" /><F35/><W71/><G71/><T81/><D92/><U89/><E75/><V109/><F109/><W0/><G0/><T14/><D66/><U19/><E19/><V8/><F90/><W101/><G34/><T96/><D96/><U102/><E122/><V18/><F49/><W127/><G127/><N who="0" m="48651" /><D56/><U43/><E43/><AGARI ba="0,0" hai="8,12,18,40,43,57,63,65,99,100,105" m="50761" machi="43" ten="30,1000,0" yaku="20,1" doraHai="69" who="2" fromWho="1" sc="290,0,140,-10,340,10,230,0" owari="290,9.0,130,-37.0,350,45.0,230,-17.0" /></mjloggm>