<mjloggm ver="2.3"><GO type="97" lobby="0"/><UN n0="%76%66%72%6E%6F%72%69" n1="%E3%82%82%E3%81%A3%E3%81%A6%E3%81%83%E3%83%BC" n2="%E3%82%A6%E3%83%AB%E3%83%88%E3%83%A9%E7%AB%8B%E7%9B%B4" n3="%E3%83%AA%E3%83%92%E3%83%A3" dan="15,13,15,14" rate="2057.31,1913.89,1963.04,1937.97" sx="M,M,M,M"/><TAIKYOKU oya="0"/><INIT seed="0,0,0,0,5,48" ten="250,250,250,250" oya="0" hai0="31,89,27,135,51,54,96,77,33,108,107,32,23" hai1="45,131,122,8,69,71,17,42,132,93,25,67,121" hai2="126,92,85,79,103,99,98,76,73,100,119,37,62" hai3="44,26,59,1,22,120,101,88,30,3,113,112,82"/><T13/><D135/><U64/><E132/><V11/><F37/><W90/><G120/><T74/><D108/><U9/><E131/><V16/><F73/><W70/><G70/><T78/><D74/><U46/><E93/><V12/><F119/><W87/><G101/><T52/><D33/><U110/><E42/><V57/><F85/><W18/><G44/><T66/><D66/><U58/><E25/><V14/><F14/><W105/><G105/><T34/><D34/><U86/><E86/><V20/><F11/><W134/><G134/><T38/><D38/><U128/><E128/><V125/><F125/><W127/><G127/><T117/><D32/><U95/><E95/><N who="2" m="58463" /><F126/><W133/><G133/><T19/><D117/><U50/><E50/><V36/><F36/><W68/><G68/><T75/><D51/><U91/><E58/><V6/><F6/><W47/><G47/><T28/><D75/><U10/><E17/><V39/><F39/><W35/><G90/><T114/><D114/><U15/><E15/><V53/><AGARI ba="0,0" hai="12,16,20,53,57,62,76,79,92,99,103" m="58463" machi="53" ten="30,4000,0" yaku="8,1,52,1,54,1" doraHai="48" who="2" fromWho="2" sc="250,-20,250,-10,250,40,250,-10" /><INIT seed="1,0,0,3,0,69" ten="230,240,290,240" oya="1" hai0="118,77,4,36,60,95,100,62,33,85,26,93,131" hai1="24,132,42,79,91,38,67,99,23,63,30,113,48" hai2="105,41,3,80,32,13,75,11,31,57,10,114,22" hai3="106,66,126,90,121,74,43,35,122,68,29,89,20"/><U94/><E113/><V44/><F105/><W117/><G74/><T39/><D118/><U53/><E132/><V58/><F11/><W51/><G126/><T15/><D131/><U134/><E134/><V9/><F9/><W110/><G110/><T112/><D112/><U116/><E116/><V55/><F55/><W1/><G1/><T50/><D50/><U82/><E42/><V56/><F32/><W46/><G117/><T123/><D123/><U98/><E98/><V47/><F47/><W83/><G83/><T7/><D26/><U73/><E38/><V120/><F120/><W103/><G20/><T96/><D33/><U27/><E27/><V5/><F114/><W59/><G59/><T8/><D4/><U109/><E109/><V111/><F111/><W97/><G121/><T87/><D87/><U65/><REACH who="1" step="1"/><E63/><REACH who="1" ten="230,230,290,240" step="2"/><V52/><F41/><W92/><G122/><T135/><D135/><U17/><E17/><V115/><F115/><W104/><G97/><T119/><D119/><U127/><E127/><V12/><F31/><W61/><G43/><T78/><D62/><U28/><E28/><V129/><F5/><W49/><G29/><T72/><D60/><U34/><E34/><V2/><F129/><W25/><G61/><T107/><D107/><U102/><E102/><V84/><F52/><W130/><G106/><T81/><D95/><U40/><E40/><V45/><F80/><W0/><G92/><T101/><D101/><U21/><E21/><V19/><F22/><W37/><G35/><T125/><D125/><U71/><E71/><V133/><F133/><RYUUKYOKU ba="0,1" sc="230,15,230,15,290,-15,240,-15" hai0="7,8,15,36,39,72,77,78,81,85,93,96,100" hai1="23,24,30,48,53,65,67,73,79,82,91,94,99" /><INIT seed="1,1,1,5,1,12" ten="245,245,275,225" oya="1" hai0="38,112,27,39,125,76,61,135,129,128,8,115,34" hai1="98,62,43,56,28,124,126,116,93,24,96,47,37" hai2="83,86,5,10,53,20,4,19,95,40,114,88,113" hai3="118,14,1,2,70,67,73,6,92,45,120,109,75"/><U106/><E116/><V51/><F40/><W102/><G120/><T41/><D76/><U81/><E81/><V63/><F63/><W107/><G109/><T132/><D61/><U33/><E106/><V65/><F65/><W64/><G64/><T99/><D99/><U35/><E35/><V22/><F22/><W29/><G29/><T104/><D104/><U57/><E96/><V97/><F10/><W31/><G31/><N who="0" m="19839" /><D41/><U54/><REACH who="1" step="1"/><E57/><REACH who="1" ten="245,235,275,225" step="2"/><N who="2" m="32959" /><F114/><N who="0" m="43562" /><D125/><U122/><E122/><V68/><F113/><W48/><G118/><T79/><D79/><U25/><E25/><N who="2" m="14495" /><F68/><W72/><G70/><T90/><D90/><AGARI ba="1,2" hai="24,28,33,37,43,47,54,56,62,90,93,98,124,126" machi="90" ten="40,2000,0" yaku="1,1,53,0" doraHai="12" doraHaiUra="15" who="1" fromWho="0" sc="245,-23,235,43,275,0,225,0" /><AGARI ba="1,0" hai="4,5,83,86,88,90,95,97" m="14495,32959" machi="90" ten="30,3900,0" yaku="8,1,52,1,54,1" doraHai="12" who="2" fromWho="0" sc="222,-39,278,0,275,39,225,0" /><INIT seed="1,2,0,5,4,91" ten="183,278,314,225" oya="1" hai0="55,25,11,5,111,0,65,58,31,134,3,14,20" hai1="62,29,116,127,90,76,110,32,132,73,42,4,37" hai2="124,70,72,121,38,61,104,75,98,105,80,89,133" hai3="9,103,54,44,16,22,118,17,79,81,68,60,109"/><U106/><E116/><V94/><F38/><W71/><G109/><T21/><D111/><U96/><E4/><V10/><F121/><W122/><G122/><T77/><D65/><U47/><E110/><V114/><F70/><W135/><G118/><T129/><D134/><U123/><E123/><V102/><F61/><W51/><G135/><T69/><D69/><U49/><E132/><V56/><F56/><W40/><G103/><T117/><D117/><U95/><E127/><V100/><F10/><W34/><G34/><T35/><D129/><U28/><E62/><V46/><F46/><W66/><G68/><T24/><D77/><U63/><E63/><V128/><F133/><W23/><G9/><T8/><D58/><U92/><E32/><V87/><F128/><W119/><G119/><T112/><D55/><U74/><E74/><N who="2" m="28203" /><F124/><W57/><G23/><N who="0" m="8779" /><D112/><U126/><E126/><V82/><F114/><W43/><G43/><T85/><D85/><U52/><E106/><V48/><F48/><W107/><G107/><T67/><D67/><U78/><E73/><V26/><F26/><W13/><G17/><N who="0" m="8391" /><D25/><U15/><E37/><V50/><F50/><W93/><G93/><T36/><D36/><U84/><E42/><V83/><F102/><W45/><REACH who="3" step="1"/><G40/><REACH who="3" ten="183,278,314,215" step="2"/><T88/><D88/><N who="1" m="55303" /><E15/><AGARI ba="2,1" hai="0,3,5,11,15,24,31,35" m="8391,8779" machi="15" ten="30,8000,1" yaku="35,5" doraHai="91" who="0" fromWho="1" sc="183,96,278,-86,314,0,215,0" /><INIT seed="2,0,0,1,1,81" ten="279,192,314,215" oya="2" hai0="132,113,97,6,114,116,109,93,25,40,103,14,84" hai1="73,75,74,65,71,94,53,28,120,55,121,92,62" hai2="108,58,64,44,86,52,13,47,119,18,34,43,70" hai3="127,15,78,60,87,49,61,123,51,3,104,24,135"/><V31/><F119/><W10/><G123/><T9/><D109/><U76/><E28/><V124/><F108/><W12/><G104/><T79/><D116/><U16/><E76/><V80/><F124/><W39/><G39/><T69/><D69/><U99/><E16/><V54/><F70/><W37/><G37/><T68/><D68/><U131/><E131/><V45/><F31/><W91/><G3/><T56/><D132/><U1/><E1/><V106/><F106/><W38/><G38/><T23/><D56/><U50/><E50/><N who="3" m="18954" /><G135/><T8/><D8/><U30/><E30/><V48/><F34/><W82/><G127/><T133/><D133/><U42/><E42/><V59/><F43/><W67/><G67/><T110/><D40/><U89/><REACH who="1" step="1"/><E94/><REACH who="1" ten="279,182,314,215" step="2"/><V122/><F48/><W57/><G78/><T19/><D110/><U5/><E5/><V46/><F46/><W85/><G24/><T105/><D79/><U126/><E126/><V26/><F47/><W7/><G15/><T72/><D72/><U95/><E95/><V88/><F26/><W4/><G4/><T128/><D128/><U11/><E11/><V134/><F134/><W41/><G41/><T96/><D96/><U33/><E33/><V111/><F45/><W83/><G61/><T2/><D2/><U35/><E35/><V115/><F44/><W102/><G60/><T77/><D77/><U117/><E117/><V98/><F111/><W118/><G118/><T32/><D32/><U125/><E125/><V17/><F98/><W107/><G107/><T21/><D21/><U129/><E129/><RYUUKYOKU ba="0,1" sc="279,15,182,15,314,-15,215,-15" hai0="6,9,14,19,23,25,84,93,97,103,105,113,114" hai1="53,55,62,65,71,73,74,75,89,92,99,120,121" /><INIT seed="3,1,1,5,3,73" ten="294,197,299,200" oya="3" hai0="88,32,69,96,27,63,74,14,12,67,36,122,92" hai1="25,102,110,68,26,109,7,103,75,79,101,51,43" hai2="39,112,47,44,107,18,87,128,116,125,15,76,124" hai3="21,83,4,58,20,9,0,70,66,62,114,72,98"/><W85/><G114/><T8/><D36/><U40/><E68/><V94/><F107/><W121/><G121/><T95/><D74/><U22/><E7/><V35/><F35/><W45/><G98/><T33/><D122/><U113/><E113/><V30/><F30/><W31/><G31/><T55/><D12/><U130/><E130/><V48/><F39/><W54/><G45/><T120/><D120/><U86/><E75/><V78/><F44/><W23/><G72/><T29/><D55/><U77/><E86/><V118/><F112/><W80/><REACH who="3" step="1"/><G85/><REACH who="3" ten="294,197,299,190" step="2"/><T11/><D29/><U106/><E106/><V50/><F47/><W117/><G117/><T17/><D33/><U126/><E126/><V46/><F46/><W127/><G127/><T60/><D32/><U91/><E91/><N who="2" m="53631" /><F124/><W131/><G131/><T89/><D89/><U108/><E22/><V90/><F125/><W65/><G65/><T53/><D8/><U49/><E26/><V97/><F128/><W38/><G38/><T104/><D27/><U1/><E25/><V82/><F116/><W19/><G19/><T71/><D104/><U100/><E1/><V10/><F118/><W84/><G84/><T81/><D95/><U28/><E28/><V34/><F34/><W129/><G129/><T57/><D81/><U16/><E16/><V37/><F37/><W93/><G93/><T41/><D41/><N who="1" m="15947" /><E103/><V105/><F105/><W13/><G13/><T52/><D67/><U5/><E5/><V134/><F18/><W132/><G132/><T64/><D64/><U135/><E135/><V56/><F134/><RYUUKYOKU ba="1,2" sc="294,10,197,10,299,-30,190,10" hai0="11,14,17,52,53,57,60,63,69,71,88,92,96" hai1="49,51,77,79,100,101,102,108,109,110" hai3="0,4,9,20,21,23,54,58,62,66,70,80,83" /><INIT seed="3,2,2,3,5,38" ten="304,207,269,200" oya="3" hai0="123,19,111,54,52,66,69,35,107,98,83,48,130" hai1="117,16,31,92,11,124,7,101,89,81,15,2,75" hai2="51,85,87,62,1,113,55,59,6,39,50,23,34" hai3="99,8,32,95,100,79,27,103,13,70,26,133,112"/><W119/><G70/><T121/><D35/><U131/><E124/><V68/><F34/><W58/><G119/><T21/><D111/><U73/><E117/><V67/><F39/><W88/><G112/><T127/><D127/><U43/><E131/><V110/><F110/><W63/><G32/><T91/><D107/><U86/><E31/><V76/><F113/><W93/><G133/><T57/><D130/><U14/><E43/><V20/><F85/><N who="3" m="52367" /><G100/><T74/><D69/><U96/><REACH who="1" step="1"/><E2/><REACH who="1" ten="304,197,269,200" step="2"/><V30/><F30/><W122/><G122/><T9/><D123/><U72/><E72/><V36/><F1/><W126/><G126/><T129/><D74/><U42/><E42/><V41/><F41/><W125/><G125/><T24/><D129/><U25/><E25/><V80/><F36/><W135/><G135/><T105/><D121/><U84/><E84/><V115/><F115/><W114/><G114/><T18/><D24/><U94/><E94/><V40/><F40/><W47/><G47/><T82/><D105/><U0/><E0/><V46/><F46/><W37/><G37/><T10/><D98/><U102/><E102/><V108/><F108/><W106/><G106/><T29/><D29/><U97/><E97/><V77/><F87/><W109/><G109/><T33/><D82/><U132/><E132/><V28/><F80/><W78/><G27/><T56/><D83/><U64/><E64/><V45/><F28/><W3/><G3/><T128/><D66/><U120/><E120/><V22/><F67/><N who="3" m="39415" /><G26/><T61/><D128/><U65/><E65/><V4/><F68/><RYUUKYOKU ba="2,3" sc="304,-15,197,15,269,-15,200,15" hai1="7,11,14,15,16,73,75,81,86,89,92,96,101" hai3="8,13,78,79,95,99,103" /><INIT seed="3,3,3,2,2,78" ten="289,212,254,215" oya="3" hai0="131,89,109,22,64,46,67,50,66,108,96,75,70" hai1="52,88,32,25,98,118,19,80,1,90,38,134,10" hai2="20,40,112,45,99,81,49,74,114,33,11,84,34" hai3="29,115,12,69,133,79,135,6,3,119,47,91,113"/><W62/><G119/><T56/><D75/><U7/><E38/><V129/><F74/><W127/><G127/><T97/><D70/><U14/><E118/><V54/><F33/><W111/><G111/><N who="0" m="42571" /><D131/><U71/><E71/><V77/><F34/><W102/><G102/><T39/><D39/><U31/><E134/><N who="3" m="51210" /><G3/><T30/><D56/><U27/><E27/><V43/><F129/><W9/><G29/><T126/><D126/><U125/><E125/><V107/><F107/><W41/><G91/><T58/><D58/><U57/><E98/><V68/><F68/><W92/><G92/><T122/><D89/><U120/><E80/><V26/><F99/><W116/><G116/><T18/><D30/><U53/><E53/><V55/><F55/><W61/><G79/><T13/><D122/><U2/><E2/><V72/><F112/><N who="3" m="43083" /><G69/><T44/><D44/><U123/><E123/><V83/><F114/><W76/><G76/><T82/><D82/><U36/><E36/><AGARI ba="3,3" hai="6,9,12,36,41,47,61,62" m="43083,51210" machi="36" ten="30,1500,0" yaku="20,1" doraHai="78" who="3" fromWho="1" sc="289,0,212,-24,254,0,215,54" /><INIT seed="3,4,0,1,3,73" ten="289,188,254,269" oya="3" hai0="110,109,72,36,101,33,79,76,7,125,92,39,108" hai1="27,8,6,40,120,81,93,10,123,17,57,30,53" hai2="64,60,68,80,14,131,42,4,44,84,58,67,23" hai3="12,71,25,2,97,132,135,32,37,5,121,26,116"/><W122/><G37/><N who="0" m="14411" /><D33/><U13/><E40/><V29/><F131/><W69/><G97/><N who="0" m="59559" /><D72/><U133/><E133/><N who="3" m="51274" /><G116/><T1/><D125/><U90/><E81/><V52/><F68/><N who="3" m="26187" /><G2/><T34/><D34/><U99/><E30/><V113/><F113/><W112/><G112/><T70/><D70/><U16/><E17/><V98/><F98/><W86/><G86/><T124/><D124/><U62/><REACH who="1" step="1"/><E27/><REACH who="1" ten="289,178,254,269" step="2"/><N who="3" m="10250" /><G32/><T46/><D46/><U77/><E77/><N who="2" m="46095" /><F29/><W102/><G102/><T75/><D75/><U50/><E50/><N who="2" m="26903" /><F23/><W89/><G89/><T87/><D87/><U19/><E19/><V0/><F0/><AGARI ba="4,1" hai="0,6,8,10,13,16,53,57,62,90,93,99,120,123" machi="0" ten="30,7700,0" yaku="1,1,7,1,54,1,53,1" doraHai="73" doraHaiUra="15" who="1" fromWho="2" sc="289,0,178,99,254,-89,269,0" /><INIT seed="4,0,0,1,3,110" ten="289,277,165,269" oya="0" hai0="88,71,75,114,35,32,68,47,50,11,76,38,84" hai1="37,133,63,122,62,24,77,79,6,0,40,135,22" hai2="94,78,102,21,130,101,111,19,118,42,48,60,36" hai3="93,7,29,90,8,85,53,30,100,34,28,65,69"/><T115/><D38/><U113/><E122/><V66/><F36/><W20/><G34/><T107/><D107/><U5/><E37/><V41/><F111/><W46/><G100/><T2/><D75/><U80/><E40/><V86/><F118/><W18/><G69/><T97/><D76/><U87/><E79/><V103/><F130/><W33/><G33/><T96/><D35/><U10/><E6/><V56/><F48/><N who="3" m="28823" /><G65/><T13/><D2/><U105/><E105/><V31/><F31/><W73/><G73/><T26/><D26/><U64/><E113/><N who="0" m="43017" /><D32/><U54/><E54/><V128/><F128/><W91/><G91/><T129/><D129/><U44/><E44/><V74/><F74/><W51/><G51/><T45/><D71/><U70/><REACH who="1" step="1"/><E63/><REACH who="1" ten="289,267,165,269" step="2"/><V39/><F39/><W16/><G7/><N who="0" m="3327" /><D45/><U27/><E27/><V67/><F78/><W72/><G72/><T14/><D68/><U106/><E106/><V83/><F66/><W17/><G8/><T119/><D119/><U95/><E95/><V4/><F94/><W132/><G132/><T126/><D126/><U52/><E52/><V58/><F58/><W112/><G112/><T117/><D117/><U108/><E108/><V12/><F4/><W55/><G55/><N who="0" m="30175" /><D14/><AGARI ba="0,1" hai="14,16,17,18,20,28,29,30,85,90,93" m="28823" machi="14" ten="30,2000,0" yaku="8,1,54,1" doraHai="110" who="3" fromWho="0" sc="289,-20,267,0,165,0,269,30" /><INIT seed="5,0,0,1,1,61" ten="269,267,165,299" oya="1" hai0="37,95,126,49,58,19,100,65,91,107,40,73,14" hai1="98,124,47,50,101,99,57,105,3,64,68,110,106" hai2="102,4,96,25,127,16,33,6,109,132,112,45,43" hai3="75,39,60,7,63,5,76,11,36,90,18,62,117"/><U21/><E3/><V121/><F121/><W69/><G117/><T89/><D73/><U66/><E68/><V8/><F109/><W77/><G69/><T115/><D37/><U13/><E110/><V29/><F127/><W83/><G76/><T122/><D122/><U118/><E118/><V103/><F132/><W74/><G74/><T104/><D126/><U116/><E116/><V27/><F112/><W53/><G53/><T85/><D115/><U79/><E79/><V80/><F80/><W108/><G108/><T24/><D24/><U26/><E13/><V32/><F102/><W130/><G130/><T71/><D71/><U114/><E114/><V119/><F119/><W94/><G18/><T1/><D1/><U92/><E124/><V82/><F82/><W84/><REACH who="3" step="1"/><G5/><REACH who="3" ten="269,267,165,289" step="2"/><T67/><D107/><U51/><E106/><V28/><F16/><W97/><G97/><N who="0" m="57599" /><D104/><U133/><E99/><V131/><F131/><W81/><G81/><N who="0" m="49327" /><D100/><U125/><E105/><V42/><F42/><W10/><G10/><N who="0" m="6615" /><D40/><N who="1" m="24935" /><E133/><V86/><F96/><W59/><G59/><T70/><D70/><U0/><E0/><AGARI ba="0,1" hai="0,7,11,36,39,60,62,63,75,77,83,84,90,94" machi="0" ten="40,1300,0" yaku="1,1,53,0" doraHai="61" doraHaiUra="93" who="3" fromWho="1" sc="269,0,267,-13,165,0,289,23" owari="269,7.0,254,-15.0,165,-33.0,312,41.0" /></mjloggm>