<mjloggm ver="2.3"><GO type="97" lobby="0"/><UN n0="%E3%82%A6%E3%83%AB%E3%83%88%E3%83%A9%E7%AB%8B%E7%9B%B4" n1="%E3%83%8F%E3%83%AB%E3%83%9C%E3%83%BC" n2="%72%61%70%75%6E%7A%65%6C" n3="%E3%82%86%E3%81%86%E3%81%93%E3%82%8A%E3%82%93" dan="15,14,14,14" rate="1999.05,1861.11,1972.05,1941.40" sx="M,M,M,F"/><TAIKYOKU oya="0"/><INIT seed="0,0,0,5,1,119" ten="250,250,250,250" oya="0" hai0="54,36,67,111,120,38,24,84,17,65,74,126,13" hai1="117,52,47,16,98,104,135,44,46,56,11,3,100" hai2="27,86,8,26,51,107,112,55,132,63,41,114,88" hai3="77,81,73,69,60,37,53,124,2,66,59,127,1"/><T94/><D74/><U89/><E117/><V71/><F107/><W131/><G37/><T105/><D105/><U42/><E135/><V99/><F99/><W87/><G131/><T6/><D38/><U50/><E89/><V102/><F102/><W110/><G87/><T23/><D36/><U48/><E3/><V28/><F41/><W85/><G85/><T72/><D72/><U32/><E32/><V9/><F132/><W78/><G78/><T10/><D126/><N who="3" m="48169" /><G110/><T93/><D111/><U33/><E33/><V96/><F96/><W92/><G92/><N who="0" m="35435" /><D120/><U91/><REACH who="1" step="1"/><E91/><REACH who="1" ten="250,240,250,250" step="2"/><V79/><F88/><W34/><G34/><T64/><D84/><U90/><E90/><V22/><F86/><W29/><G2/><T7/><D54/><U0/><E0/><V43/><F55/><W122/><G1/><T95/><D95/><U128/><E128/><V25/><F79/><W70/><G53/><T133/><D133/><U130/><E130/><V101/><F101/><W123/><G29/><AGARI ba="0,1" hai="6,7,10,13,17,23,24,29,64,65,67" m="35435" machi="29" ten="30,1500,0" yaku="8,1" doraHai="119" who="0" fromWho="3" sc="250,25,240,0,250,0,250,-15" /><INIT seed="0,1,0,5,2,93" ten="275,240,250,235" oya="0" hai0="123,117,20,1,23,95,85,131,124,69,44,16,90" hai1="9,100,53,38,65,57,2,87,61,24,129,109,21" hai2="43,67,114,120,3,103,35,128,59,133,81,8,134" hai3="119,28,66,73,102,78,94,98,121,101,18,62,83"/><T22/><D1/><U5/><E129/><V68/><F35/><W50/><G119/><T15/><D123/><U7/><E109/><V39/><F114/><W104/><G121/><T80/><D117/><U91/><E38/><V45/><F128/><W49/><G28/><T132/><D69/><U122/><E122/><V56/><F120/><W71/><REACH who="3" step="1"/><G18/><REACH who="3" ten="275,240,250,225" step="2"/><T14/><D131/><U0/><E7/><V116/><F116/><W112/><G112/><T52/><D124/><U31/><E2/><V75/><F3/><W10/><G10/><T89/><D132/><U26/><E26/><V63/><F8/><W106/><G106/><T13/><D16/><U86/><E65/><V37/><F134/><W11/><G11/><T70/><D70/><U130/><E130/><V41/><F133/><W107/><G107/><T36/><D36/><U108/><E108/><V92/><F68/><W76/><G76/><T113/><D113/><U25/><E25/><V34/><F37/><W118/><G118/><T96/><D15/><U54/><E9/><V42/><F39/><W33/><G33/><T79/><D79/><U125/><E5/><V84/><F34/><W51/><G51/><AGARI ba="1,1" hai="13,14,20,22,23,44,51,52,80,85,89,90,95,96" machi="51" ten="40,7700,0" yaku="8,1,52,1,54,1" doraHai="93" who="0" fromWho="3" sc="275,90,240,0,250,0,225,-80" /><INIT seed="0,2,0,5,3,54" ten="365,240,250,145" oya="0" hai0="47,45,28,58,68,102,1,24,48,9,73,36,78" hai1="77,87,121,135,50,134,98,93,128,3,123,107,15" hai2="11,96,116,113,60,101,76,2,23,122,94,83,132" hai3="105,130,112,19,38,25,89,53,103,100,34,70,16"/><T67/><D68/><U95/><E50/><V29/><F113/><W57/><G112/><T49/><D36/><U114/><E15/><V119/><F122/><N who="1" m="46601" /><E3/><V72/><F132/><N who="1" m="50729" /><E114/><V52/><F11/><W65/><G38/><T13/><D1/><U115/><E115/><V21/><F29/><W22/><G34/><T82/><D49/><U74/><E74/><V39/><F39/><W59/><G70/><T40/><D47/><U91/><E128/><V126/><F2/><W99/><G130/><T10/><D13/><U63/><E63/><V88/><F126/><W111/><G111/><T133/><D133/><U41/><E41/><V31/><F31/><W131/><G131/><T125/><D125/><U43/><E43/><V104/><F21/><W90/><G103/><T17/><D17/><U92/><E77/><V0/><F23/><W32/><G32/><T5/><D5/><U14/><E14/><V86/><F0/><W127/><G127/><T66/><D9/><U12/><E12/><V106/><F106/><W62/><REACH who="3" step="1"/><G19/><REACH who="3" ten="365,240,250,135" step="2"/><T42/><D28/><U26/><E26/><V69/><F69/><W35/><G35/><T80/><D24/><U75/><E75/><V61/><F61/><AGARI ba="2,1" hai="16,22,25,53,57,59,61,62,65,89,90,99,100,105" machi="61" ten="30,8000,1" yaku="1,1,7,1,52,2,54,1,53,0" doraHai="54" doraHaiUra="71" who="3" fromWho="2" sc="365,0,240,0,250,-86,135,96" /><INIT seed="1,0,0,2,4,11" ten="365,240,164,231" oya="1" hai0="32,52,55,42,74,100,20,43,77,61,107,17,88" hai1="82,36,116,39,7,25,106,24,87,19,31,79,69" hai2="5,102,27,22,94,53,135,89,38,84,64,48,70" hai3="92,67,121,45,59,28,68,30,101,124,33,104,51"/><U122/><E106/><V1/><F38/><W40/><G121/><T114/><D32/><U49/><E122/><V12/><F1/><W134/><G124/><T91/><D77/><U21/><E69/><V123/><F123/><W57/><G134/><T73/><D100/><U85/><E116/><V46/><F135/><W111/><G111/><T16/><D20/><U26/><E7/><V35/><F35/><W113/><G113/><T4/><D4/><U18/><E39/><V117/><F117/><W14/><G92/><T97/><D61/><U72/><E36/><V78/><F70/><W119/><G119/><T83/><D83/><U76/><E49/><V133/><F64/><W93/><G93/><T34/><D34/><U75/><E31/><N who="2" m="17911" /><F133/><W37/><G37/><T63/><D63/><U60/><E60/><V130/><F130/><W47/><G68/><T96/><D107/><U90/><E19/><V6/><F102/><W131/><G101/><T98/><D98/><U62/><E62/><V41/><F78/><W110/><G104/><T23/><D23/><U128/><E79/><V44/><F44/><W86/><G47/><T105/><D105/><U129/><E129/><V127/><F127/><W2/><G45/><T109/><D109/><U54/><E54/><V15/><F53/><W80/><G33/><T9/><D9/><U118/><E118/><V10/><F10/><W115/><G110/><T95/><D95/><U3/><E3/><V66/><F66/><W8/><G2/><T29/><D29/><U112/><E112/><AGARI ba="0,0" hai="16,17,42,43,52,55,73,74,88,91,96,97,112,114" machi="112" ten="25,8000,1" yaku="22,2,54,3" doraHai="11" who="0" fromWho="1" sc="365,80,240,-80,164,0,231,0" /><INIT seed="2,0,0,2,0,64" ten="445,160,164,231" oya="2" hai0="7,22,9,98,21,78,119,31,41,135,39,0,62" hai1="54,13,3,91,49,115,27,24,32,79,67,111,56" hai2="93,55,105,81,28,30,128,61,120,94,58,132,95" hai3="123,23,73,70,53,85,101,11,109,37,25,114,84"/><V74/><F120/><W26/><G123/><T10/><D119/><U8/><E115/><V71/><F132/><W127/><G73/><T16/><D135/><U118/><E118/><V107/><F128/><W38/><G127/><T59/><D78/><U124/><E124/><V117/><F117/><W47/><G109/><T76/><D76/><U48/><E111/><V1/><F74/><W89/><G114/><T86/><D86/><U12/><E3/><V126/><F81/><W104/><G70/><T102/><D31/><U72/><E49/><V110/><F126/><W18/><G26/><T134/><D134/><U43/><E43/><V33/><F110/><W113/><G113/><T129/><D129/><U6/><E91/><V35/><F71/><W87/><G89/><T15/><D41/><U14/><E67/><V4/><F4/><W66/><G66/><T99/><D39/><U133/><E133/><V112/><F1/><W63/><G11/><T60/><D60/><U80/><REACH who="1" step="1"/><E27/><REACH who="1" ten="445,150,164,231" step="2"/><V121/><F112/><W131/><G25/><T52/><D99/><U69/><E69/><V88/><F121/><W20/><G38/><T40/><D40/><U5/><E5/><V34/><REACH who="2" step="1"/><F88/><REACH who="2" ten="445,150,154,231" step="2"/><W130/><G130/><T51/><D0/><U75/><E75/><V44/><F44/><W77/><G47/><N who="0" m="27775" /><D7/><U65/><E65/><V29/><AGARI ba="0,2" hai="28,29,30,33,34,35,55,58,61,93,94,95,105,107" machi="29" ten="40,12000,1" yaku="1,1,0,1,29,2,53,0" doraHai="64" doraHaiUra="97" who="2" fromWho="2" sc="445,-40,150,-40,154,140,231,-40" /><INIT seed="2,1,0,5,3,64" ten="405,110,294,191" oya="2" hai0="123,45,6,99,79,62,118,14,95,15,47,34,77" hai1="102,85,12,97,121,61,21,27,50,116,91,46,4" hai2="36,104,120,111,110,83,48,105,128,60,53,22,84" hai3="67,80,9,66,68,32,31,5,16,33,55,86,100"/><V74/><F120/><W54/><G100/><T17/><D34/><U35/><E121/><V125/><F74/><W98/><G33/><T96/><D123/><U40/><E116/><V87/><F36/><W90/><G32/><T82/><D62/><U39/><E39/><V38/><F38/><W37/><G37/><T43/><D96/><U2/><E2/><V115/><F115/><W20/><G31/><T0/><D0/><U26/><E35/><V89/><F125/><W29/><G29/><T23/><D43/><U63/><E27/><V1/><F128/><W24/><G98/><T129/><D129/><U73/><E73/><V109/><F60/><W7/><G7/><T135/><D135/><U117/><E117/><V28/><F1/><W101/><G101/><N who="0" m="60671" /><D82/><U92/><E4/><V65/><F65/><W78/><G78/><N who="0" m="29707" /><D118/><U130/><E12/><V132/><F132/><W49/><G49/><T69/><D69/><U88/><E130/><V93/><F22/><W103/><G67/><T8/><AGARI ba="1,0" hai="6,8,14,15,17,23,45,47" m="29707,60671" machi="8" ten="30,1100,0" yaku="8,1" doraHai="64" who="0" fromWho="0" sc="405,14,110,-4,294,-6,191,-4" /><INIT seed="3,0,0,2,5,67" ten="419,106,288,187" oya="3" hai0="26,27,124,66,11,62,19,45,5,39,118,68,54" hai1="133,112,1,72,91,83,58,105,49,41,96,103,7" hai2="89,50,69,76,15,131,70,92,108,42,84,0,94" hai3="22,33,123,71,36,65,43,126,125,14,101,28,132"/><W21/><G123/><T55/><D118/><U35/><E112/><V47/><F0/><W97/><G132/><T95/><D124/><N who="3" m="47721" /><G33/><T110/><D110/><U107/><E35/><V129/><F108/><W17/><G28/><T119/><D119/><U61/><E107/><V23/><F94/><W98/><G22/><T24/><D19/><U46/><E133/><V87/><F23/><W8/><G21/><T4/><D4/><U18/><E7/><V104/><F104/><W93/><G98/><T85/><D85/><U78/><E1/><V29/><F29/><W81/><G81/><T122/><D95/><U111/><E111/><V9/><F129/><W74/><G74/><T32/><D32/><U130/><E130/><V10/><F131/><W134/><G134/><T102/><D102/><U48/><E18/><V60/><F10/><W79/><G79/><T40/><REACH who="0" step="1"/><D122/><REACH who="0" ten="409,106,288,187" step="2"/><U127/><E127/><V37/><F84/><W99/><G93/><T128/><D128/><U114/><E114/><V25/><F92/><W16/><G17/><T51/><D51/><U57/><E49/><V34/><F50/><W30/><G101/><T31/><D31/><U109/><E109/><V53/><F34/><W82/><G30/><T13/><AGARI ba="0,1" hai="5,11,13,24,26,27,39,40,45,54,55,62,66,68" machi="13" ten="30,4000,0" yaku="1,1,0,1,52,1,53,0" doraHai="67" doraHaiUra="100" who="0" fromWho="0" sc="409,50,106,-10,288,-10,187,-20" owari="459,55.0,96,-40.0,278,8.0,167,-23.0" /></mjloggm>