<mjloggm ver="2.3"><GO type="169" lobby="0"/><UN n0="%E3%82%A6%E3%83%AB%E3%83%88%E3%83%A9%E7%AB%8B%E7%9B%B4" n1="%6B%6E%6A%31%30%35%30" n2="%E8%B5%A4%E6%9C%A8%E3%81%97%E3%81%92%E3%82%8B%61%73" n3="%E3%81%84%E3%81%AE%E3%81%91%E3%82%93" dan="16,16,16,16" rate="2034.86,2070.28,2022.42,2154.26" sx="M,M,M,F"/><TAIKYOKU oya="0"/><INIT seed="0,0,0,3,3,111" ten="250,250,250,250" oya="0" hai0="18,103,27,91,1,125,124,2,24,130,115,126,53" hai1="44,108,131,35,19,99,88,31,116,39,60,48,61" hai2="135,90,55,83,122,68,29,9,84,3,77,54,87" hai3="129,46,59,12,10,65,30,45,128,95,75,73,100"/><T132/><BYE who="2" /><D103/><U36/><E116/><V21/><F21/><W72/><G30/><T8/><D91/><U109/><E131/><N who="3" m="50250" /><G65/><T63/><D130/><U70/><E35/><V4/><F4/><N who="3" m="3143" /><G59/><UN n2="%E8%B5%A4%E6%9C%A8%E3%81%97%E3%81%92%E3%82%8B%61%73" /><T121/><D53/><U37/><E31/><V66/><F135/><W33/><G33/><T42/><D42/><U16/><E61/><V23/><F122/><W22/><G22/><N who="0" m="13399" /><D63/><U97/><E60/><V112/><F66/><W76/><G76/><T123/><D132/><U6/><E70/><V57/><F68/><W28/><G28/><T117/><D117/><U78/><E6/><V133/><F133/><W89/><G100/><T105/><D105/><U114/><E78/><V34/><F34/><W98/><AGARI ba="0,0" hai="45,46,72,73,75,89,95,98" m="3143,50250" machi="98" ten="40,1500,0" yaku="19,1" doraHai="111" who="3" fromWho="3" sc="250,-7,250,-4,250,-4,250,15" /><INIT seed="1,0,0,3,2,86" ten="243,246,246,265" oya="1" hai0="51,12,44,41,132,74,118,100,28,112,13,32,31" hai1="27,60,23,70,38,1,98,66,130,11,104,135,97" hai2="63,92,4,9,30,80,79,96,37,6,109,119,45" hai3="73,29,126,99,114,117,120,64,34,26,57,52,35"/><U17/><E38/><V56/><F119/><W105/><G120/><T2/><D2/><U85/><E130/><V54/><F109/><W62/><G114/><T124/><D74/><U77/><E135/><V48/><F37/><W121/><G121/><T111/><D118/><U22/><E104/><V125/><F125/><W50/><G126/><T76/><D112/><U134/><E134/><V103/><F30/><W90/><G73/><T53/><D132/><U71/><E71/><V131/><F131/><W133/><G133/><T55/><D124/><U65/><E65/><V123/><F9/><W67/><G67/><T107/><D111/><U40/><E40/><V88/><F103/><W24/><G117/><T83/><D100/><U59/><E70/><V18/><F18/><W36/><G36/><T115/><D107/><U84/><E85/><N who="2" m="48287" /><F123/><W69/><G26/><T15/><D32/><U58/><E58/><V49/><F49/><W128/><G128/><T102/><D102/><U0/><E0/><V39/><F39/><W78/><G78/><T7/><D115/><U25/><E11/><V91/><F91/><W46/><G35/><T14/><N who="0" m="3072" /><DORA hai="8" /><T127/><D7/><U3/><E3/><V16/><F16/><W106/><G69/><T47/><D127/><U33/><E33/><V43/><AGARI ba="0,0" hai="4,6,43,45,48,54,56,63,88,92,96" m="48287" machi="43" ten="30,4000,0" yaku="8,1,52,1,54,1" doraHai="86,8" who="2" fromWho="2" sc="243,-10,246,-20,246,40,265,-10" /><INIT seed="2,0,0,5,4,54" ten="233,226,286,255" oya="2" hai0="6,26,118,15,34,45,119,41,23,106,100,76,102" hai1="86,43,65,114,107,93,32,13,113,72,97,46,73" hai2="1,129,64,25,28,69,101,117,68,112,61,59,127" hai3="7,133,53,0,92,17,80,130,49,62,122,11,81"/><V132/><F117/><N who="0" m="44554" /><D106/><U9/><E32/><V121/><F112/><W2/><G122/><T19/><D76/><U96/><E72/><V12/><F121/><W4/><G133/><T22/><D34/><U35/><E35/><V63/><F1/><W33/><G130/><T20/><D6/><U8/><E8/><V89/><F132/><W71/><G33/><T98/><D98/><U47/><E47/><V57/><F129/><W88/><G7/><T105/><D105/><U21/><E21/><N who="0" m="8297" /><D15/><U58/><E73/><V55/><F127/><W44/><G2/><T108/><D108/><U74/><E74/><V16/><F101/><W83/><G17/><T10/><D10/><U91/><E97/><V79/><F79/><W37/><G37/><AGARI ba="0,0" hai="19,23,26,37,41,45,100,102" m="8297,44554" machi="37" ten="30,1000,0" yaku="12,1" doraHai="54" who="0" fromWho="3" sc="233,10,226,0,286,0,255,-10" /><INIT seed="3,0,0,2,0,130" ten="243,226,286,245" oya="3" hai0="69,32,7,13,23,50,42,22,53,73,124,41,48" hai1="14,64,116,47,107,83,117,43,74,103,84,67,44" hai2="110,24,112,108,2,81,27,66,129,71,25,51,82" hai3="93,29,80,37,76,127,104,26,58,21,46,63,132"/><W40/><G104/><T35/><D69/><U125/><E74/><V96/><F112/><W79/><G127/><T15/><D73/><U113/><E125/><V12/><F2/><W52/><G132/><T92/><D92/><U54/><E113/><V1/><F1/><W111/><G111/><T134/><D53/><U131/><E54/><V5/><F129/><W3/><G3/><T72/><D72/><U62/><E131/><V10/><F96/><W86/><REACH who="3" step="1"/><G93/><REACH who="3" ten="243,226,286,235" step="2"/><T36/><D124/><U70/><E107/><V128/><F128/><W57/><G57/><T4/><D36/><U102/><E70/><V39/><F110/><W11/><G11/><T122/><D122/><U68/><E68/><V30/><F39/><W94/><G94/><T105/><D105/><U97/><E117/><V123/><F108/><W101/><G101/><T61/><D134/><U120/><E102/><V90/><F123/><W49/><G49/><T17/><D61/><U77/><E116/><V89/><F51/><W87/><G87/><T59/><D59/><U45/><E120/><V56/><F71/><W115/><G115/><T85/><D85/><U20/><E62/><N who="2" m="38215" /><F30/><W106/><G106/><T88/><D50/><U121/><E121/><V65/><F65/><W100/><G100/><T75/><D48/><U118/><E118/><V34/><F34/><W31/><G31/><T95/><D75/><U6/><E67/><V78/><F82/><W135/><G135/><T98/><D35/><U19/><E64/><V28/><F28/><W33/><G33/><T9/><D32/><U16/><E83/><RYUUKYOKU ba="0,1" sc="243,-15,226,-15,286,15,235,15" hai2="5,10,12,24,25,27,78,81,89,90" hai3="21,26,29,37,40,46,52,58,63,76,79,80,86" /><INIT seed="3,1,1,3,3,86" ten="228,211,301,250" oya="3" hai0="132,43,73,98,22,102,106,42,101,34,93,9,36" hai1="6,95,3,90,124,77,79,19,31,126,33,0,91" hai2="109,27,56,71,82,21,11,103,119,39,129,130,107" hai3="80,100,115,118,128,10,40,29,51,23,12,121,122"/><W18/><G115/><T87/><D36/><U127/><E19/><V72/><F119/><W32/><G118/><T54/><D34/><U69/><E69/><V75/><F71/><W114/><G114/><T37/><D37/><U57/><E57/><V48/><F39/><W92/><G128/><N who="2" m="49257" /><F109/><W50/><G32/><T97/><D73/><U133/><E133/><V20/><F11/><W131/><G131/><T55/><D132/><U49/><E49/><V41/><F21/><W116/><G116/><T24/><D9/><U88/><E95/><V53/><F41/><W58/><G122/><T61/><D87/><U7/><E31/><N who="2" m="17895" /><F82/><W105/><G105/><T120/><D120/><U66/><E66/><V16/><F16/><N who="3" m="8215" /><G29/><T110/><D110/><U74/><E33/><V4/><F4/><N who="1" m="1577" /><E74/><V112/><F112/><W70/><G70/><T63/><D106/><U99/><E99/><AGARI ba="1,1" hai="48,53,56,72,75,99,103,107" m="17895,49257" machi="99" ten="30,1000,0" yaku="19,1" doraHai="86" who="2" fromWho="1" sc="228,0,211,-13,301,23,250,0" /><INIT seed="4,0,0,4,3,132" ten="228,198,324,250" oya="0" hai0="61,51,74,99,3,16,50,77,110,13,47,27,71" hai1="18,20,131,32,4,91,92,9,26,135,42,54,106" hai2="43,104,63,130,65,94,96,56,2,84,38,52,80" hai3="88,0,72,95,79,37,81,11,62,85,40,68,122"/><T5/><D110/><U90/><E106/><V100/><F2/><W115/><G115/><T41/><D27/><U21/><E135/><V112/><F112/><W103/><G122/><T46/><D5/><U89/><E131/><V64/><F130/><W126/><G68/><T31/><D31/><U93/><E42/><V22/><F104/><W118/><G62/><T23/><D3/><U109/><E109/><V24/><F43/><W73/><G118/><T1/><D1/><U127/><E32/><V98/><F98/><W124/><G103/><T70/><D61/><U123/><E123/><V12/><F12/><W114/><G114/><T6/><D6/><U67/><E67/><V129/><F38/><W30/><G30/><T107/><D77/><U111/><E111/><V44/><F44/><N who="3" m="23567" /><G73/><T69/><D74/><U10/><E54/><V87/><F87/><W117/><G117/><T53/><REACH who="0" step="1"/><D71/><REACH who="0" ten="218,198,324,250" step="2"/><U36/><E4/><AGARI ba="0,1" hai="0,4,11,72,79,81,85,88,95,124,126" m="23567" machi="4" ten="30,7700,0" yaku="25,1,52,2,54,1" doraHai="132" who="3" fromWho="1" sc="218,0,198,-77,324,0,250,87" /><INIT seed="5,0,0,2,3,117" ten="218,121,324,337" oya="1" hai0="89,9,131,72,66,6,5,67,40,103,87,39,4" hai1="135,78,36,57,46,61,28,130,109,110,71,35,68" hai2="99,112,1,54,134,47,105,113,3,55,50,37,59" hai3="108,65,81,49,132,27,90,84,125,76,85,52,107"/><U31/><E78/><V20/><F134/><W77/><G132/><T33/><D33/><U14/><E135/><V62/><F37/><W74/><G108/><T98/><D72/><U63/><E14/><V111/><F111/><N who="1" m="42505" /><E130/><V96/><F20/><W22/><G125/><T79/><D79/><U104/><E104/><V24/><F24/><W82/><G107/><T122/><D131/><U0/><E0/><N who="2" m="75" /><F105/><W16/><G65/><N who="0" m="24587" /><D9/><U80/><E80/><V48/><F48/><W73/><G90/><T115/><D115/><AGARI ba="0,0" hai="47,50,54,55,59,62,96,99,112,113,115" m="75" machi="115" ten="30,2000,0" yaku="15,1,11,1" doraHai="117" who="2" fromWho="0" sc="218,-20,121,0,324,20,337,0" /><INIT seed="6,0,0,3,2,17" ten="198,121,344,337" oya="2" hai0="116,125,4,33,117,113,66,13,36,58,61,128,79" hai1="51,22,5,83,59,118,10,14,110,126,90,96,23" hai2="39,84,46,106,54,89,28,71,31,87,123,43,27" hai3="65,94,20,103,18,2,70,99,82,64,44,132,78"/><V97/><F123/><W93/><G132/><T24/><D36/><U85/><E110/><V74/><F71/><W42/><G2/><T6/><D125/><U57/><E126/><V50/><F74/><W80/><G70/><T88/><D79/><U41/><E118/><N who="0" m="45673" /><D128/><U9/><E9/><V8/><F8/><W16/><G18/><T122/><D122/><U81/><E81/><N who="3" m="31338" /><G78/><T95/><D13/><U108/><E108/><V77/><F77/><W60/><G94/><T73/><D73/><U48/><E96/><V7/><F7/><W91/><G103/><T21/><D113/><U29/><E29/><V40/><F40/><W100/><G100/><T133/><D33/><U115/><E115/><V134/><F134/><W1/><G1/><T47/><D47/><U0/><E0/><V53/><F53/><W112/><G112/><T49/><D49/><U102/><E102/><V69/><F69/><W120/><G120/><T104/><D104/><U55/><REACH who="1" step="1"/><E57/><REACH who="1" ten="198,111,344,337" step="2"/><V135/><F135/><W119/><G119/><T101/><D101/><U98/><E98/><V62/><F97/><W72/><G72/><T131/><D133/><U32/><E32/><V124/><F31/><W37/><G99/><N who="0" m="57831" /><D131/><U107/><E107/><V76/><F28/><AGARI ba="0,1" hai="4,6,21,24,28,58,61,66" m="57831,45673" machi="28" ten="30,3900,0" yaku="12,1,52,1,54,1" doraHai="17" who="0" fromWho="2" sc="198,49,111,0,344,-39,337,0" /><INIT seed="7,0,0,1,1,70" ten="247,111,305,337" oya="3" hai0="130,93,104,108,14,107,89,1,120,18,87,117,21" hai1="51,115,19,48,126,90,77,34,84,45,6,25,129" hai2="30,131,75,71,121,85,52,83,114,47,20,63,116" hai3="22,9,97,8,33,66,135,122,12,98,64,100,91"/><W73/><G122/><T65/><D1/><U2/><E115/><V127/><F121/><W7/><G33/><T101/><D120/><U3/><E126/><V133/><F116/><W82/><G135/><T40/><D108/><U13/><E129/><V112/><F131/><W86/><G73/><T56/><D117/><U78/><E3/><V105/><F105/><W57/><G9/><T46/><D130/><U69/><E69/><V106/><F106/><W61/><G66/><T79/><D79/><U53/><E2/><V39/><F75/><W55/><G100/><T125/><D125/><U95/><E34/><V94/><F133/><W58/><G22/><T102/><D107/><U110/><E110/><V118/><F118/><W24/><G24/><T80/><D80/><U36/><E36/><V44/><F127/><W5/><G5/><T62/><REACH who="0" step="1"/><D104/><REACH who="0" ten="237,111,305,337" step="2"/><U68/><E68/><V4/><F94/><W16/><G7/><T124/><D124/><U42/><E6/><V128/><F128/><W96/><G96/><T72/><D72/><U43/><E25/><N who="2" m="16679" /><F4/><W134/><G134/><T103/><D103/><U50/><E50/><AGARI ba="0,1" hai="8,12,16,50,55,57,58,61,64,82,86,91,97,98" machi="50" ten="30,5800,0" yaku="7,1,8,1,54,1" doraHai="70" who="3" fromWho="1" sc="237,0,111,-58,305,0,337,68" /><AGARI ba="0,0" hai="14,18,21,40,46,50,56,62,65,87,89,93,101,102" machi="50" ten="30,3900,0" yaku="1,1,7,1,8,1,53,0" doraHai="70" doraHaiUra="113" who="0" fromWho="1" sc="237,39,53,-39,305,0,405,0" owari="276,-12.0,14,-49.0,305,11.0,405,50.0" /></mjloggm>