<mjloggm ver="2.3"><GO type="169" lobby="0"/><UN n0="%E3%83%99%E3%83%AB%E3%82%92%E7%9B%97%E3%82%81%EF%BC%81" n1="%E3%83%9D%E3%83%B3%E5%8A%A9" n2="%E3%82%A6%E3%83%AB%E3%83%88%E3%83%A9%E7%AB%8B%E7%9B%B4" n3="%E4%BC%8F%E8%99%8E" dan="16,18,16,16" rate="2071.14,2233.34,2021.74,2102.93" sx="M,M,M,M"/><TAIKYOKU oya="0"/><INIT seed="0,0,0,4,4,126" ten="250,250,250,250" oya="0" hai0="33,99,61,105,11,89,69,10,51,44,96,17,37" hai1="3,123,19,29,109,102,87,21,26,38,134,120,57" hai2="5,60,66,6,106,83,131,7,39,47,72,82,20" hai3="129,64,110,77,93,27,114,92,101,62,12,4,49"/><T18/><D33/><U115/><E38/><V86/><F106/><W71/><G114/><T94/><D37/><U34/><E115/><V100/><F100/><W63/><G77/><T22/><D69/><U9/><E109/><V67/><F72/><W74/><G74/><T45/><D61/><U25/><E102/><V128/><F20/><W135/><G135/><T73/><D73/><U14/><E134/><V113/><F113/><W108/><G63/><T1/><D45/><U54/><E87/><V42/><F67/><W8/><G27/><T88/><D1/><U107/><E107/><V32/><F32/><W48/><G110/><T2/><D2/><U55/><E3/><V90/><REACH who="2" step="1"/><F83/><REACH who="2" ten="250,250,240,250" step="2"/><W59/><G101/><T111/><D105/><U119/><E119/><V50/><F50/><W58/><G49/><T79/><D111/><U41/><E41/><V125/><F125/><W28/><G48/><T133/><D133/><U124/><E124/><V122/><F122/><W112/><G112/><T98/><D22/><U81/><E81/><V97/><F97/><W52/><G108/><T76/><D99/><U117/><E117/><V36/><F36/><W31/><G64/><T103/><D103/><U95/><E55/><V85/><F85/><W0/><G8/><T23/><D23/><U16/><E95/><V104/><F104/><W13/><G92/><T75/><D94/><U91/><E120/><V56/><AGARI ba="0,1" hai="5,6,7,39,42,47,56,60,66,82,86,90,128,131" machi="56" ten="30,7900,0" yaku="1,1,0,1,52,2,53,0" doraHai="126" doraHaiUra="121" who="2" fromWho="2" sc="250,-39,250,-20,240,89,250,-20" /><INIT seed="1,0,0,3,1,132" ten="211,230,329,230" oya="1" hai0="56,33,81,64,113,78,109,66,61,105,129,119,25" hai1="4,70,77,35,85,23,107,101,2,5,75,108,125" hai2="117,44,92,133,48,130,38,72,46,112,45,63,90" hai3="29,65,68,88,8,18,98,126,99,34,122,73,43"/><U39/><E85/><V110/><F72/><W15/><G122/><T123/><D123/><U83/><E23/><V89/><F92/><W16/><G73/><T26/><D113/><U82/><E82/><V57/><F90/><W54/><G43/><T32/><D119/><U86/><E86/><V96/><F89/><W42/><G42/><T49/><D105/><U116/><E5/><V59/><F96/><W60/><G54/><T21/><D109/><U11/><E116/><V53/><F117/><W124/><G18/><T19/><D129/><U94/><E94/><V91/><F91/><W71/><G71/><T128/><D128/><U30/><E108/><V7/><F7/><W118/><G118/><T95/><D66/><U93/><E93/><V131/><F110/><W41/><G41/><T84/><D26/><U111/><E111/><V0/><F0/><W13/><G13/><T9/><D9/><U135/><E135/><V31/><F31/><W102/><G88/><T74/><D74/><U104/><E104/><V87/><F87/><W20/><G20/><T37/><D37/><U52/><E39/><V80/><F80/><W14/><G14/><T79/><D79/><U62/><E101/><V22/><F133/><W58/><G58/><N who="0" m="36919" /><D95/><U51/><E107/><V36/><F130/><W76/><G76/><T55/><D33/><U114/><E35/><V103/><F131/><W106/><G99/><T12/><D32/><U10/><E75/><V69/><F36/><W97/><G97/><T67/><D12/><U134/><E77/><V1/><F38/><W115/><G115/><RYUUKYOKU ba="0,0" sc="211,15,230,-15,329,-15,230,15" hai0="19,21,25,49,55,56,67,78,81,84" hai3="8,15,16,29,34,60,65,68,98,102,106,124,126" /><INIT seed="2,1,0,1,3,128" ten="226,215,314,245" oya="2" hai0="52,3,58,53,65,1,130,23,17,62,126,25,57" hai1="50,123,88,124,105,82,89,2,133,42,70,5,41" hai2="38,113,4,9,35,15,24,34,115,135,74,99,93" hai3="95,79,67,100,47,87,129,75,106,49,121,27,101"/><V29/><F38/><W111/><G121/><T8/><D130/><U117/><E117/><V11/><F74/><W22/><G129/><T63/><D126/><U76/><E70/><V33/><F93/><W125/><G125/><T31/><D65/><U97/><E124/><V37/><F99/><W96/><G111/><T102/><D102/><U36/><E123/><V7/><F37/><W107/><G67/><T119/><D119/><U132/><E50/><V32/><F135/><N who="1" m="51785" /><E105/><V51/><F51/><W71/><G71/><T21/><REACH who="0" step="1"/><D8/><REACH who="0" ten="216,215,314,245" step="2"/><N who="1" m="2103" /><E97/><V56/><REACH who="2" step="1"/><F56/><REACH who="2" ten="216,215,304,245" step="2"/><W85/><G96/><T86/><D86/><N who="1" m="48455" /><E36/><V103/><F103/><W80/><G100/><T66/><D66/><U43/><AGARI ba="1,2" hai="41,42,43,88,89" m="48455,2103,51785" machi="43" ten="30,8000,1" yaku="20,1,52,3,54,1" doraHai="128" who="1" fromWho="1" sc="216,-21,215,103,304,-41,245,-21" /><INIT seed="3,0,0,4,0,133" ten="195,318,263,224" oya="3" hai0="0,119,129,69,121,66,97,98,118,49,5,109,4" hai1="134,9,76,101,15,71,44,62,95,88,105,93,11" hai2="43,80,30,68,22,112,102,41,23,64,8,17,127" hai3="34,21,25,114,50,18,100,125,122,106,13,70,94"/><W135/><G70/><T111/><D121/><U1/><E134/><V91/><F112/><W29/><G114/><T16/><D69/><U73/><E105/><V38/><F102/><W96/><G135/><T61/><D129/><U116/><E116/><V92/><F80/><W60/><G125/><T14/><D49/><U103/><E1/><V79/><F79/><W131/><G131/><T120/><D120/><U130/><E130/><V58/><F38/><W27/><G122/><T42/><D42/><N who="2" m="15882" /><F68/><W87/><G50/><T40/><D40/><U110/><E44/><V67/><F127/><W53/><G27/><T33/><D33/><U126/><E126/><V89/><F58/><W54/><G60/><T85/><D85/><U46/><E46/><V81/><F81/><W51/><G51/><T52/><D66/><N who="2" m="25130" /><F30/><W115/><G115/><T63/><D0/><U35/><E76/><V56/><F56/><W10/><G34/><T31/><D31/><U65/><E35/><V108/><F92/><W12/><G12/><T132/><D132/><U74/><E15/><V2/><F2/><W20/><G20/><N who="2" m="7721" /><F108/><W24/><G24/><T37/><D37/><U32/><E110/><N who="0" m="41993" /><D119/><U82/><E32/><V84/><F84/><W86/><G106/><T113/><D113/><U28/><E28/><V3/><F3/><W128/><G128/><T124/><D118/><U26/><E65/><V75/><F75/><W117/><G117/><T107/><D124/><U83/><E71/><V19/><F8/><W123/><G123/><T7/><D107/><U59/><E74/><V39/><F39/><RYUUKYOKU ba="0,0" sc="195,-15,318,-15,263,15,224,15" hai2="17,19,89,91" hai3="10,13,18,21,25,29,53,54,86,87,94,96,100" /><INIT seed="3,1,0,4,5,39" ten="180,303,278,239" oya="3" hai0="108,74,60,129,121,82,25,97,56,54,126,71,124" hai1="123,45,115,6,78,51,0,90,58,37,44,79,75" hai2="72,103,116,93,53,95,89,32,26,52,111,131,64" hai3="113,14,132,118,20,73,128,68,62,34,4,134,35"/><W63/><G73/><T33/><D121/><U15/><E123/><V105/><F105/><W38/><G118/><T133/><D108/><U66/><E0/><V125/><F72/><W114/><G38/><T91/><D129/><U13/><E37/><V18/><F111/><W31/><G128/><T83/><D133/><N who="3" m="51305" /><G68/><T102/><D71/><U55/><E115/><N who="3" m="44042" /><G63/><T1/><D1/><U122/><E122/><V130/><F116/><W29/><G62/><T3/><D3/><U67/><E75/><V106/><F64/><W104/><G104/><T135/><D135/><U59/><E55/><V50/><F106/><W87/><G87/><T30/><D74/><U127/><E51/><V12/><F50/><W84/><G84/><T112/><D112/><U110/><E110/><V41/><F53/><W61/><G61/><T21/><D60/><U70/><E70/><V65/><F52/><W85/><G85/><T27/><D54/><U76/><E76/><V10/><F65/><W19/><G4/><T101/><D56/><U42/><E6/><V46/><F131/><W119/><G119/><T40/><D40/><U5/><E5/><V80/><F41/><W96/><G96/><T2/><D97/><U36/><E36/><V92/><F130/><W100/><G100/><T8/><D101/><U69/><E69/><V17/><F103/><W43/><G43/><T9/><D102/><U48/><E42/><V16/><F46/><W57/><G57/><T24/><D82/><U49/><E90/><V81/><F81/><W47/><G47/><T94/><D83/><U86/><E86/><RYUUKYOKU ba="1,0" sc="180,-15,303,15,278,-15,239,15" hai1="13,15,44,45,48,49,58,59,66,67,78,79,127" hai3="14,19,20,29,31,34,35" /><INIT seed="3,2,0,4,4,121" ten="165,318,263,254" oya="3" hai0="12,102,34,37,53,103,65,25,1,41,93,85,130" hai1="32,3,81,36,17,29,117,39,50,69,122,110,99" hai2="132,70,35,129,55,127,101,16,76,18,97,74,49" hai3="113,47,80,30,116,59,57,92,31,118,78,38,106"/><W66/><G106/><T54/><D1/><U112/><E50/><V44/><F70/><W75/><G113/><T79/><D130/><U52/><E52/><V23/><F35/><W98/><G116/><T14/><D65/><U134/><E17/><V133/><F129/><W0/><G0/><T107/><D107/><U119/><E81/><N who="2" m="45207" /><F23/><W43/><G118/><T45/><D79/><U48/><E48/><V40/><F40/><W84/><G75/><T120/><D120/><U95/><E29/><V124/><F97/><W68/><G68/><T64/><D64/><U94/><E94/><V88/><F101/><W58/><REACH who="3" step="1"/><G66/><REACH who="3" ten="165,318,263,244" step="2"/><T33/><D33/><U67/><E67/><V83/><F127/><W123/><G123/><T5/><D34/><U109/><E69/><V111/><F124/><W24/><G24/><T4/><D25/><U6/><E32/><V13/><F13/><W2/><G2/><T71/><D71/><U8/><E122/><V20/><F132/><W77/><G77/><T63/><D12/><U89/><E134/><V21/><F133/><W73/><G73/><T135/><D14/><U105/><E112/><V100/><F20/><W72/><G72/><T82/><D135/><U96/><E119/><V42/><F21/><W11/><G11/><T7/><D7/><U86/><E117/><V128/><F128/><W26/><G26/><T22/><D4/><U126/><E126/><V114/><F114/><W115/><G115/><T90/><D5/><U87/><E105/><V28/><F28/><W9/><G9/><T51/><D22/><U104/><E8/><RYUUKYOKU ba="2,1" sc="165,-10,318,-10,263,-10,244,30" hai3="30,31,38,43,47,57,58,59,78,80,84,92,98" /><INIT seed="3,3,1,0,5,60" ten="155,308,253,274" oya="3" hai0="132,53,103,121,61,57,128,32,11,24,110,69,70" hai1="22,2,12,126,14,65,62,133,49,59,66,124,40" hai2="1,93,94,21,74,87,79,68,30,129,16,120,119" hai3="46,3,96,83,26,84,107,29,38,23,117,112,78"/><W17/><G112/><T15/><D121/><U122/><E122/><V127/><F68/><W88/><G117/><T50/><D110/><U45/><E2/><V39/><F1/><W108/><G3/><T48/><D103/><U36/><E133/><V80/><F39/><W101/><G108/><T97/><D97/><U75/><E75/><V54/><F120/><W28/><G38/><T6/><D132/><U10/><E22/><V90/><F119/><W100/><G100/><T25/><D128/><U99/><E99/><V56/><F30/><W27/><G46/><T113/><D113/><U102/><E102/><V89/><F129/><W51/><G51/><T52/><D32/><U8/><E36/><V67/><F67/><N who="1" m="25609" /><E59/><V85/><F127/><N who="1" m="48681" /><E62/><V35/><F35/><W18/><G78/><T135/><D135/><U123/><E123/><V58/><F54/><W41/><G41/><T37/><D37/><U13/><AGARI ba="3,1" hai="8,10,12,13,14,40,45,49" m="48681,25609" machi="13" ten="40,8000,1" yaku="18,1,52,3" doraHai="60" who="1" fromWho="1" sc="155,-23,308,99,253,-23,274,-43" /><INIT seed="4,0,0,0,3,111" ten="132,407,230,231" oya="0" hai0="107,84,104,92,129,95,115,29,110,48,12,8,47" hai1="72,87,16,39,96,108,61,103,75,36,83,5,78" hai2="74,9,99,55,62,93,119,121,33,131,51,82,22" hai3="40,133,97,18,120,56,57,79,134,19,116,25,17"/><T60/><D29/><U32/><E108/><V41/><F33/><W2/><G116/><T24/><D110/><U135/><E32/><V15/><F119/><W124/><G2/><T85/><D129/><U66/><E5/><V45/><F121/><W77/><G120/><T128/><D128/><U81/><E135/><N who="3" m="51722" /><G40/><T34/><D34/><U35/><E35/><V132/><F132/><W38/><G38/><T31/><D31/><U86/><E16/><V54/><F22/><W130/><G130/><T98/><D24/><U70/><E86/><V94/><F94/><W43/><G43/><T30/><D30/><U46/><E46/><V53/><F82/><W10/><G10/><T109/><D109/><U68/><E68/><V80/><F80/><W123/><G123/><T89/><D60/><U52/><E52/><V11/><F74/><W26/><G97/><T105/><D95/><U6/><E6/><V67/><F15/><W91/><G91/><T13/><D13/><U28/><E28/><V42/><F42/><W118/><G118/><T101/><D85/><U0/><E0/><V106/><F106/><W27/><G124/><T21/><D21/><U126/><E126/><V3/><F3/><W4/><G4/><T44/><D44/><U125/><E125/><V1/><F1/><W114/><G114/><T50/><D115/><U63/><E63/><V100/><REACH who="2" step="1"/><F131/><REACH who="2" ten="132,407,220,231" step="2"/><W69/><G26/><T64/><D105/><N who="1" m="63719" /><E75/><V117/><F117/><W7/><G27/><T73/><D107/><U59/><E72/><V76/><F76/><W122/><G77/><T23/><D73/><RYUUKYOKU ba="0,1" sc="132,-10,407,-10,220,30,231,-10" hai2="9,11,41,45,51,53,54,55,62,67,93,99,100" /><INIT seed="5,1,1,3,5,34" ten="122,397,250,221" oya="1" hai0="70,85,36,102,38,11,133,101,13,22,110,75,104" hai1="15,5,50,131,19,72,113,44,132,62,2,1,123" hai2="116,122,3,37,24,82,56,31,80,125,114,91,105" hai3="18,109,23,10,40,27,78,94,68,51,107,47,54"/><U25/><E72/><V112/><F105/><W21/><G107/><T117/><D110/><U106/><E106/><V7/><F37/><W103/><G68/><T26/><D117/><U48/><E123/><V134/><F116/><W135/><G135/><T0/><D75/><U73/><E73/><V118/><F118/><W108/><G78/><T67/><D133/><U71/><E132/><V89/><F56/><W14/><G23/><T90/><D104/><U29/><E5/><V4/><F134/><W100/><G108/><T20/><D38/><U77/><E77/><V9/><F7/><W69/><G69/><T12/><D36/><U119/><E119/><V42/><F42/><W57/><G94/><T126/><D126/><U76/><E76/><V46/><F46/><W39/><REACH who="3" step="1"/><G109/><REACH who="3" ten="122,397,250,211" step="2"/><T88/><D70/><U28/><E71/><V86/><F122/><W63/><G63/><T59/><D22/><U115/><E62/><V130/><F125/><W64/><G64/><T93/><D67/><U127/><E127/><V30/><F130/><W83/><G83/><T61/><D61/><U60/><E60/><V92/><F82/><W16/><AGARI ba="1,2" hai="10,14,16,18,21,27,39,40,47,51,54,57,100,103" machi="16" ten="20,5200,0" yaku="1,1,0,1,7,1,54,1,53,0" doraHai="34" doraHaiUra="128" who="3" fromWho="3" sc="122,-14,397,-27,250,-14,211,75" /><INIT seed="6,0,0,3,4,114" ten="108,370,236,286" oya="2" hai0="67,71,123,5,127,8,10,101,32,27,135,7,133" hai1="85,31,129,15,96,39,43,94,121,17,89,73,83" hai2="55,72,4,81,64,87,103,49,3,6,44,120,52" hai3="131,104,57,90,109,11,126,61,86,20,54,112,12"/><V125/><F72/><W59/><G104/><T48/><D101/><U26/><E129/><V35/><F120/><W0/><G109/><T56/><D71/><U42/><E73/><V66/><F35/><W100/><G100/><T76/><D76/><U92/><E92/><V110/><F110/><W111/><G111/><T22/><D67/><N who="2" m="25642" /><F3/><W34/><G34/><T51/><D56/><U116/><E39/><V79/><F125/><W13/><G131/><T84/><D84/><U24/><E121/><V124/><F124/><W108/><G108/><T68/><D68/><U119/><E43/><N who="2" m="24735" /><F103/><W75/><G75/><T106/><D106/><U130/><E42/><V128/><F128/><W122/><G122/><T41/><D127/><U36/><E36/><V38/><F38/><W91/><G0/><N who="0" m="39" /><D48/><U60/><E60/><V118/><F118/><W77/><G61/><T23/><D51/><U28/><E119/><V37/><F37/><W14/><G126/><T134/><D41/><U95/><E116/><V33/><F33/><W18/><G54/><AGARI ba="0,0" hai="4,6,52,54,55,79,81,87" m="24735,25642" machi="54" ten="30,2900,0" yaku="8,1,54,1" doraHai="114" who="2" fromWho="3" sc="108,0,370,0,236,29,286,-29" /><INIT seed="6,1,0,0,4,131" ten="108,370,265,257" oya="2" hai0="109,62,97,57,120,107,47,0,22,98,116,58,48" hai1="99,54,11,45,38,84,25,6,85,56,106,126,135" hai2="72,77,33,4,82,95,74,7,103,133,19,43,89" hai3="104,27,37,8,1,14,73,67,90,40,29,41,132"/><V64/><F33/><W28/><G104/><T128/><D109/><U21/><E126/><V76/><F43/><W117/><G117/><T69/><D120/><U118/><E118/><V9/><F64/><W123/><G123/><T119/><D0/><U115/><E38/><V79/><F19/><W101/><G101/><T96/><D107/><U35/><E45/><V30/><F30/><W105/><G105/><T26/><D128/><U50/><E35/><V100/><F7/><W2/><G73/><N who="2" m="28265" /><F9/><W110/><G67/><T121/><D121/><U112/><E21/><V108/><F4/><W71/><G71/><T5/><D5/><U51/><E51/><V81/><F108/><W93/><G110/><T12/><D12/><U134/><E25/><V32/><F32/><W102/><G2/><T49/><D119/><U3/><E112/><V92/><F95/><W122/><G1/><T130/><D130/><U13/><E3/><V91/><F133/><N who="1" m="50697" /><E115/><V63/><F63/><W125/><G132/><T68/><D116/><U34/><E34/><V127/><F127/><W55/><G125/><T88/><D68/><U15/><E13/><V10/><F10/><W83/><G8/><T60/><D69/><U86/><E106/><V124/><F124/><W52/><G14/><T80/><D62/><U66/><E66/><V59/><F59/><N who="0" m="22538" /><D60/><U129/><E129/><V20/><F20/><W61/><G61/><T42/><D48/><U114/><E114/><V24/><F24/><W87/><G27/><T17/><D80/><N who="2" m="30826" /><F92/><W113/><G93/><T16/><D17/><U18/><E18/><RYUUKYOKU ba="1,0" sc="108,10,370,10,265,10,257,-30" hai0="16,22,26,42,47,49,88,96,97,98" hai1="6,11,15,50,54,56,84,85,86,99" hai2="76,77,79,89,91,100,103" /><INIT seed="6,2,0,4,5,82" ten="118,380,275,227" oya="2" hai0="36,60,109,105,118,20,98,64,88,47,93,11,43" hai1="51,122,66,114,71,33,108,80,102,101,69,39,1" hai2="72,87,74,106,17,67,4,68,50,61,90,49,75" hai3="48,2,21,58,126,103,54,120,52,15,38,96,22"/><V94/><F106/><W63/><G2/><T135/><D109/><U23/><E80/><V62/><F4/><W0/><G0/><T55/><D135/><U37/><E51/><V16/><F62/><W26/><G120/><T57/><D118/><U59/><E59/><V78/><F78/><W89/><G38/><T25/><D11/><U5/><E23/><V110/><F110/><W7/><G126/><T34/><D34/><U97/><E97/><V29/><F29/><W79/><G79/><T99/><D64/><U104/><E66/><V45/><REACH who="2" step="1"/><F50/><REACH who="2" ten="118,380,265,227" step="2"/><W8/><G63/><T32/><D105/><U53/><E5/><V84/><F84/><W121/><G121/><T100/><D32/><U95/><E33/><V133/><F133/><W65/><G48/><T127/><D127/><U76/><E76/><V86/><F86/><W111/><G111/><T85/><REACH who="0" step="1"/><D100/><REACH who="0" ten="108,380,265,227" step="2"/><U56/><E104/><V130/><F130/><W119/><G103/><T92/><D92/><U131/><E95/><V19/><F19/><AGARI ba="2,2" hai="19,20,25,36,43,47,55,57,60,85,88,93,98,99" machi="19" ten="30,8000,1" yaku="1,1,7,1,52,1,54,1,53,1" doraHai="82" doraHaiUra="81" who="0" fromWho="2" sc="108,106,380,0,265,-86,227,0" /><INIT seed="7,0,0,5,4,10" ten="214,380,179,227" oya="3" hai0="66,19,12,130,88,55,36,87,106,24,124,113,84" hai1="131,129,34,101,77,52,53,9,0,62,127,13,76" hai2="82,111,128,102,72,31,30,33,70,15,91,115,83" hai3="74,29,39,95,64,80,58,92,117,50,45,28,23"/><W85/><G117/><T90/><D106/><U14/><E34/><V46/><F70/><W105/><G105/><T108/><D108/><U121/><E121/><V98/><F111/><W26/><G74/><T3/><D3/><U6/><E101/><V47/><F33/><W71/><G71/><T20/><D36/><U103/><E103/><V100/><F72/><W94/><G39/><T60/><D130/><N who="1" m="49675" /><E127/><V17/><F128/><W32/><G32/><T116/><D116/><U81/><E76/><V96/><F115/><W73/><G73/><T89/><D124/><U37/><E37/><V61/><F61/><N who="3" m="37943" /><G29/><T59/><D113/><U35/><E35/><V133/><F133/><W56/><G56/><N who="0" m="37127" /><D24/><U51/><E62/><AGARI ba="0,0" hai="12,19,20,55,59,62,84,87,88,89,90" m="37127" machi="62" ten="30,3900,0" yaku="8,1,52,1,54,1" doraHai="10" who="0" fromWho="1" sc="214,39,380,-39,179,0,227,0" owari="253,5.0,341,44.0,179,-32.0,227,-17.0" /></mjloggm>