<mjloggm ver="2.3"><GO type="169" lobby="0"/><UN n0="%E3%83%AA%E3%83%95%E3%83%AC%E3%82%AF%E3%83%86%E3%82%A3%E3%82%A2" n1="%53%79%75%32" n2="%76%66%72%6E%6F%72%69" n3="%E3%82%A6%E3%83%AB%E3%83%88%E3%83%A9%E7%AB%8B%E7%9B%B4" dan="17,17,16,16" rate="2127.72,2109.53,2081.17,2016.39" sx="F,M,M,M"/><TAIKYOKU oya="0"/><INIT seed="0,0,0,4,1,15" ten="250,250,250,250" oya="0" hai0="57,116,133,62,86,34,27,32,14,90,66,10,105" hai1="109,25,123,127,121,132,41,102,43,119,99,69,24" hai2="53,95,115,114,49,112,9,47,130,0,94,125,59" hai3="122,37,50,92,18,8,79,4,91,72,51,36,5"/><T76/><D116/><U16/><E119/><V19/><F130/><W56/><G122/><T124/><D105/><U67/><E109/><V110/><F125/><W40/><G51/><T29/><D124/><U128/><E127/><V100/><F110/><W58/><G58/><T60/><D133/><U7/><E132/><V33/><F33/><W104/><G104/><T11/><D76/><U28/><E128/><V88/><F100/><W48/><G48/><T64/><D32/><U45/><E7/><V98/><F95/><W77/><G37/><T42/><D42/><U107/><E43/><V70/><F70/><W87/><G36/><T3/><D3/><U83/><E83/><V31/><F31/><W103/><G103/><T39/><D39/><U126/><E126/><V73/><F73/><W80/><G79/><T74/><D74/><U54/><E54/><V13/><F0/><W118/><G118/><T89/><D10/><U6/><E6/><V63/><REACH who="2" step="1"/><F115/><REACH who="2" ten="250,250,240,250" step="2"/><W68/><G68/><T30/><D30/><U44/><E123/><V75/><F75/><W55/><G72/><T17/><D86/><U2/><E2/><V21/><F21/><W111/><G111/><T113/><REACH who="0" step="1"/><D113/><REACH who="0" ten="240,250,240,250" step="2"/><U117/><E121/><V81/><F81/><W35/><G35/><T101/><D101/><U46/><E117/><V129/><F129/><W120/><G120/><T96/><D96/><U61/><E28/><V108/><F108/><W106/><G106/><T131/><D131/><U82/><E82/><V97/><F97/><N who="3" m="57503" /><G40/><AGARI ba="0,2" hai="9,13,19,40,47,49,53,59,63,88,94,98,112,114" machi="40" ten="30,7700,0" yaku="1,1,7,1,52,1,54,1,53,0" doraHai="15" doraHaiUra="20" who="2" fromWho="3" sc="240,0,250,0,240,97,250,-77" /><INIT seed="1,0,0,1,5,86" ten="240,250,337,173" oya="1" hai0="74,87,63,3,22,94,111,14,77,65,29,67,75" hai1="20,125,84,16,21,23,96,38,107,40,43,90,11" hai2="102,48,68,109,36,98,106,12,58,69,49,35,97" hai3="4,99,30,132,54,66,131,78,113,120,62,59,17"/><U64/><E125/><V50/><F36/><W110/><G120/><T55/><D3/><U116/><E116/><V52/><F35/><W122/><G122/><T114/><D114/><U61/><E107/><V80/><F109/><W83/><G113/><T33/><D111/><U95/><E38/><V70/><F97/><W1/><G110/><T46/><D33/><U51/><E51/><V117/><F117/><W119/><G119/><T18/><D29/><U32/><E32/><V79/><REACH who="2" step="1"/><F12/><REACH who="2" ten="240,250,327,173" step="2"/><W0/><G99/><T121/><D14/><N who="1" m="7263" /><E96/><V44/><F44/><W13/><G13/><T112/><D46/><U39/><E39/><V24/><F24/><W76/><G1/><T27/><D27/><U92/><E92/><V15/><F15/><W42/><G0/><T118/><D94/><U72/><E72/><AGARI ba="0,1" hai="48,49,50,52,58,68,69,70,72,79,80,98,102,106" machi="72" ten="40,2600,0" yaku="1,1,54,1,53,0" doraHai="86" doraHaiUra="91" who="2" fromWho="1" sc="240,0,250,-26,327,36,173,0" /><INIT seed="2,0,0,3,0,105" ten="240,224,363,173" oya="2" hai0="10,6,117,65,20,106,108,22,66,68,84,30,81" hai1="109,27,21,92,5,32,110,36,56,102,97,59,60" hai2="54,46,7,67,73,71,43,94,104,57,50,31,0" hai3="35,53,83,61,18,3,134,124,116,101,89,111,9"/><V80/><F104/><W129/><G18/><T4/><D106/><U95/><E36/><V77/><F31/><W114/><G53/><T107/><D107/><U120/><E32/><V14/><F94/><W127/><G61/><T33/><D33/><U24/><E5/><V122/><F14/><W1/><G35/><T135/><D135/><U82/><E82/><V133/><F133/><W119/><G101/><T90/><D117/><U49/><E120/><V121/><F67/><W123/><G134/><T132/><D132/><U88/><E49/><V55/><F55/><W74/><G9/><T72/><D68/><U100/><E24/><V85/><F85/><W34/><G34/><T63/><D6/><U64/><E56/><V8/><REACH who="2" step="1"/><F71/><REACH who="2" ten="240,224,353,173" step="2"/><W70/><G70/><T96/><D66/><U17/><E95/><V48/><AGARI ba="0,1" hai="0,7,8,43,46,48,50,54,57,73,77,80,121,122" machi="48" ten="20,12000,1" yaku="1,1,2,1,0,1,7,1,52,1,53,0" doraHai="105" doraHaiUra="131" who="2" fromWho="2" sc="240,-40,224,-40,353,130,173,-40" /><INIT seed="2,1,0,5,2,67" ten="200,184,483,133" oya="2" hai0="103,0,69,109,76,99,135,106,27,87,49,134,122" hai1="104,19,48,14,13,34,2,28,9,70,86,116,95" hai2="119,92,72,112,58,8,7,129,120,64,130,73,36" hai3="133,5,18,22,52,80,40,77,114,51,6,61,4"/><V127/><F36/><W33/><G33/><T62/><D0/><U91/><E104/><V107/><F107/><W17/><G114/><T121/><D27/><U54/><E116/><V59/><F120/><W97/><G133/><N who="0" m="50699" /><D49/><U117/><E117/><V65/><F119/><W83/><G97/><T124/><D124/><U132/><E132/><V66/><F112/><W12/><G77/><T37/><D37/><U16/><E2/><V56/><F92/><W131/><G131/><N who="2" m="50185" /><F127/><W100/><G100/><T50/><D50/><U113/><E113/><V128/><F128/><W46/><G18/><T47/><D47/><U75/><E75/><N who="2" m="28747" /><F8/><W26/><G26/><T45/><D45/><U43/><E43/><V71/><F7/><W125/><G125/><T10/><D10/><U11/><E34/><V32/><F32/><W98/><G98/><T41/><D41/><U42/><E42/><V101/><F101/><W24/><G24/><T53/><D99/><U96/><E28/><V123/><F123/><W102/><G102/><T111/><D106/><U84/><E70/><AGARI ba="1,0" hai="56,58,59,64,65,66,70,71" m="28747,50185" machi="70" ten="40,12000,1" yaku="28,2,19,1,52,2" doraHai="67" who="2" fromWho="1" sc="200,0,184,-123,483,123,133,0" /><INIT seed="2,2,0,2,1,36" ten="200,61,606,133" oya="2" hai0="10,38,23,110,111,9,53,112,32,109,106,28,66" hai1="8,16,14,35,88,134,56,37,74,94,97,133,118" hai2="55,115,119,64,41,60,44,13,39,105,67,15,116" hai3="2,1,70,46,5,77,101,54,117,29,24,102,34"/><V21/><F105/><W130/><G117/><T78/><D32/><U84/><E118/><V124/><F115/><W72/><G101/><T86/><D106/><U61/><E74/><V113/><F113/><W100/><G54/><T107/><D107/><U69/><E35/><V122/><F122/><W50/><G100/><T49/><D112/><U131/><E69/><V73/><F73/><W11/><G102/><T48/><D66/><U57/><E131/><V62/><F124/><W80/><G70/><T58/><D38/><U104/><E104/><V65/><F21/><W33/><G130/><T17/><D28/><U4/><E37/><V42/><F13/><W30/><G50/><T7/><D49/><U51/><E97/><V98/><F98/><W45/><G2/><T120/><D120/><U114/><E114/><V82/><F15/><W85/><G85/><T92/><D78/><U125/><E125/><V127/><F82/><W126/><G126/><T103/><D103/><U43/><E4/><V3/><F3/><W123/><G123/><T63/><D7/><U83/><E94/><V87/><F87/><W25/><AGARI ba="2,0" hai="1,5,11,24,25,29,30,33,34,45,46,72,77,80" machi="25" ten="30,2000,0" yaku="0,1,9,1" doraHai="36" who="3" fromWho="3" sc="200,-7,61,-7,606,-12,133,26" /><INIT seed="3,0,0,4,3,55" ten="193,54,594,159" oya="3" hai0="119,38,61,94,26,67,32,104,0,129,63,64,122" hai1="75,85,95,76,100,4,65,7,79,39,124,127,96" hai2="73,18,78,9,30,36,70,41,37,91,1,113,107" hai3="34,23,132,111,60,115,98,10,120,51,16,68,13"/><W57/><G34/><T101/><D119/><U86/><E39/><V131/><F107/><W52/><G120/><T125/><D122/><U20/><E65/><V2/><F70/><W121/><G121/><T46/><D125/><N who="1" m="48203" /><E20/><V42/><F113/><W5/><G115/><T87/><D87/><N who="1" m="33291" /><E4/><V82/><F30/><W135/><G111/><T8/><D8/><U83/><E7/><V43/><F91/><W106/><G68/><T66/><D0/><U118/><E76/><V103/><F103/><W97/><G60/><T11/><D11/><U114/><E114/><V29/><F29/><W123/><G123/><T99/><D63/><U90/><E118/><V31/><F31/><W44/><G44/><T47/><D61/><U134/><E134/><N who="3" m="51242" /><G106/><T84/><D38/><U74/><E74/><V69/><F69/><W77/><G77/><T109/><D47/><U58/><E58/><V22/><F37/><W48/><G48/><T3/><D46/><U93/><E93/><V21/><F36/><W6/><G6/><T128/><D104/><U81/><E81/><V108/><F108/><W88/><G88/><AGARI ba="0,0" hai="75,79,83,88,90,95,96,100" m="33291,48203" machi="88" ten="30,7700,0" yaku="18,1,34,2,54,1" doraHai="55" who="1" fromWho="3" sc="193,0,54,77,594,0,159,-77" /><INIT seed="4,0,0,0,0,16" ten="193,131,594,82" oya="0" hai0="118,88,54,53,40,32,46,123,48,113,15,82,74" hai1="94,72,99,67,38,65,132,102,95,129,125,9,7" hai2="92,11,0,66,18,1,22,62,109,57,30,34,13" hai3="119,105,101,19,42,51,98,75,90,5,69,6,80"/><T135/><D123/><U35/><E125/><V122/><F109/><W108/><G69/><T111/><D118/><U31/><E129/><V68/><F122/><W96/><G108/><T71/><D111/><U97/><E132/><V47/><F47/><W126/><G119/><T121/><D121/><U133/><E133/><V76/><F76/><W20/><G126/><T33/><D135/><U107/><E72/><V131/><F131/><W43/><G43/><T4/><D71/><U45/><E107/><V23/><F68/><W128/><G128/><T55/><D113/><U37/><E35/><V124/><F124/><W83/><G83/><T10/><REACH who="0" step="1"/><D74/><REACH who="0" ten="183,131,594,82" step="2"/><U8/><E31/><V29/><F29/><W110/><G110/><T130/><D130/><U100/><E45/><V64/><F30/><W26/><G75/><T77/><D77/><U87/><E87/><AGARI ba="0,1" hai="4,10,15,32,33,40,46,48,53,54,55,82,87,88" machi="87" ten="40,3900,0" yaku="1,1,54,1,53,0" doraHai="16" doraHaiUra="134" who="0" fromWho="1" sc="183,49,131,-39,594,0,82,0" /><INIT seed="4,1,0,5,2,69" ten="232,92,594,82" oya="0" hai0="2,120,98,127,43,32,76,22,40,10,104,60,106" hai1="33,124,38,93,46,128,96,103,122,53,116,129,81" hai2="21,68,66,109,20,92,44,114,58,4,94,25,6" hai3="30,108,35,37,119,131,23,86,121,111,102,112,64"/><T87/><D120/><U90/><E122/><V67/><F68/><W26/><G86/><T12/><D32/><U45/><E33/><V19/><F109/><W72/><G102/><T15/><D127/><U29/><E29/><V135/><F135/><W133/><G64/><T42/><D60/><U134/><E116/><V31/><F114/><W126/><G23/><T56/><D56/><U13/><E134/><V0/><F44/><W88/><G88/><T59/><D59/><U115/><E124/><V113/><F113/><W14/><G14/><T84/><D2/><U110/><E115/><V74/><F74/><W125/><G26/><T52/><D52/><U24/><E110/><V49/><F0/><W77/><G30/><T82/><D22/><U54/><E81/><V39/><F39/><W28/><G77/><T73/><D15/><U51/><E13/><V99/><F49/><W75/><G28/><T95/><D73/><U7/><E24/><N who="2" m="14367" /><F94/><W79/><G79/><T71/><D71/><U36/><E7/><V63/><F67/><W78/><G78/><T11/><D87/><U80/><E80/><V1/><F1/><W55/><G75/><T62/><D62/><U107/><E128/><V105/><F105/><W85/><G125/><T5/><REACH who="0" step="1"/><D11/><REACH who="0" ten="222,92,594,82" step="2"/><U117/><E117/><V9/><F9/><W83/><G126/><T47/><D47/><U97/><E129/><V130/><F130/><W65/><G131/><T101/><AGARI ba="1,1" hai="5,10,12,40,42,43,76,82,84,95,98,101,104,106" machi="101" ten="30,3000,0" yaku="1,1,0,1,53,0" doraHai="69" doraHaiUra="34" who="0" fromWho="0" sc="222,43,92,-11,594,-11,82,-11" /><INIT seed="4,2,0,2,0,16" ten="265,81,583,71" oya="0" hai0="117,98,36,128,43,88,53,67,9,68,56,76,94" hai1="90,95,103,41,31,114,123,93,45,78,102,62,71" hai2="100,99,20,87,50,126,63,73,82,79,5,108,27" hai3="131,30,64,25,118,125,24,89,38,116,8,80,39"/><T81/><D117/><U69/><E123/><V135/><F108/><W47/><G39/><T1/><D128/><U4/><E78/><V48/><F135/><W42/><G131/><T17/><D68/><U28/><E4/><V134/><F134/><W83/><G83/><T46/><D67/><U51/><E114/><V133/><F133/><W85/><G125/><T84/><D1/><U13/><E69/><V11/><F126/><W122/><G122/><T7/><D7/><U57/><E71/><V119/><F73/><W124/><G64/><T106/><D9/><U92/><E90/><V120/><F120/><W49/><G124/><T14/><D14/><U6/><E6/><V74/><F74/><W37/><G8/><T105/><D17/><U3/><E3/><V0/><F63/><AGARI ba="2,0" hai="36,43,46,53,56,63,76,81,84,88,94,98,105,106" machi="63" ten="30,2900,0" yaku="7,1,54,1" doraHai="16" who="0" fromWho="2" sc="265,35,81,0,583,-35,71,0" /><INIT seed="4,3,0,2,2,21" ten="300,81,548,71" oya="0" hai0="63,59,99,107,106,53,101,75,110,87,130,24,57" hai1="25,14,4,102,43,134,120,0,66,86,28,88,11" hai2="135,1,3,23,40,94,12,54,98,105,17,100,104" hai3="44,84,96,95,116,36,56,74,127,72,114,85,5"/><T71/><D71/><U83/><E120/><V34/><F34/><W62/><G116/><T126/><D75/><U82/><E134/><V123/><F123/><W119/><G119/><T52/><D110/><U118/><E118/><V79/><F40/><W32/><G74/><T31/><D130/><U29/><E102/><V49/><F135/><W90/><G72/><T22/><D126/><U42/><E66/><V111/><F79/><W20/><G32/><T64/><D87/><U6/><E28/><V117/><F111/><W70/><G70/><T50/><D53/><U91/><E4/><V33/><F33/><W51/><G36/><T27/><D27/><U69/><E69/><V60/><F60/><W48/><G5/><T89/><D89/><U133/><E133/><V122/><F122/><W115/><G127/><T80/><D80/><U19/><E91/><V68/><F68/><W38/><G38/><T103/><D103/><U15/><E83/><V93/><F117/><W76/><G76/><T132/><D132/><U125/><E125/><V46/><REACH who="2" step="1"/><F94/><AGARI ba="3,0" hai="22,24,31,50,52,57,59,63,64,94,99,101,106,107" machi="94" ten="30,12000,1" yaku="7,1,25,2,52,1,54,1" doraHai="21" who="0" fromWho="2" sc="300,129,81,0,548,-129,71,0" /><INIT seed="4,4,0,1,3,110" ten="429,81,419,71" oya="0" hai0="6,103,66,91,47,16,70,68,111,131,45,132,128" hai1="71,72,12,19,48,38,98,15,104,109,99,3,24" hai2="51,106,11,80,42,46,119,13,26,33,112,30,27" hai3="100,79,125,82,23,85,53,75,90,124,5,86,0"/><T69/><D111/><U116/><E109/><V1/><F106/><W74/><G5/><T65/><D103/><U55/><E38/><V93/><F27/><W107/><G0/><T92/><D6/><U127/><E3/><V36/><F119/><W21/><G53/><T10/><D132/><U97/><E116/><V108/><F108/><W9/><G9/><T61/><D10/><U39/><E39/><V31/><F31/><W62/><G62/><N who="0" m="40023" /><D92/><U57/><E71/><V88/><F112/><W83/><G23/><T7/><D7/><U52/><E72/><N who="3" m="27690" /><G21/><T130/><D91/><U102/><E127/><N who="3" m="48714" /><G100/><T20/><D69/><U4/><E24/><AGARI ba="4,0" hai="16,20,24,45,47,61,65,70,128,130,131" m="40023" machi="24" ten="30,2900,0" yaku="19,1,54,1" doraHai="110" who="0" fromWho="1" sc="429,41,81,-41,419,0,71,0" /><INIT seed="4,5,0,1,2,27" ten="470,40,419,71" oya="0" hai0="130,17,15,34,108,31,65,95,123,39,57,22,4" hai1="32,44,93,61,86,24,76,63,112,26,41,75,85" hai2="10,67,35,78,29,3,74,106,83,54,115,101,117" hai3="71,52,62,91,11,80,87,131,96,89,6,92,129"/><T102/><D123/><U28/><E75/><V124/><F67/><W20/><G20/><T13/><D39/><U88/><E112/><V113/><F54/><W40/><G40/><T8/><D130/><U2/><E2/><V5/><F117/><W64/><REACH who="3" step="1"/><G52/><REACH who="3" ten="470,40,419,61" step="2"/><T50/><D34/><U7/><E7/><V59/><F59/><W126/><G126/><T49/><D108/><U45/><E45/><V114/><F124/><W23/><G23/><T79/><D57/><U53/><E53/><V103/><F106/><W125/><G125/><T110/><D22/><U33/><E33/><V107/><REACH who="2" step="1"/><F107/><REACH who="2" ten="470,40,409,61" step="2"/><W68/><G68/><T14/><D110/><U19/><E24/><AGARI ba="5,2" hai="3,5,10,24,29,35,74,78,83,101,103,113,114,115" machi="24" ten="40,8000,1" yaku="1,1,2,1,15,1,52,1,53,0" doraHai="27" doraHaiUra="120" who="2" fromWho="1" sc="470,0,40,-95,409,115,61,0" owari="470,27.0,-55,-56.0,524,63.0,61,-34.0" /></mjloggm>