<mjloggm ver="2.3"><GO type="97" lobby="0"/><UN n0="%E3%82%A6%E3%83%AB%E3%83%88%E3%83%A9%E7%AB%8B%E7%9B%B4" n1="%E6%9D%A5%E6%A0%96%E9%B3%A5" n2="%44%72%E2%98%85%E3%82%A4%E3%83%81%E3%82%AC%E3%82%AD" n3="%50%4F%4E%E3%81%A1%E3%82%83%E3%82%93" dan="15,15,15,14" rate="1989.78,1963.02,1911.81,1992.03" sx="M,M,M,M"/><TAIKYOKU oya="0"/><INIT seed="0,0,0,0,1,10" ten="250,250,250,250" oya="0" hai0="25,23,17,126,4,34,112,72,33,111,2,68,44" hai1="78,130,55,83,48,125,131,81,106,99,133,59,57" hai2="107,31,97,84,102,8,6,27,58,134,124,50,100" hai3="24,70,19,135,105,38,40,110,93,69,101,51,22"/><T119/><D72/><U67/><E133/><V95/><F134/><W30/><G38/><T115/><D68/><U92/><E106/><V49/><F124/><W87/><G135/><T46/><D46/><U45/><E125/><V5/><F5/><W16/><G110/><T65/><D44/><U62/><E59/><V35/><F58/><W80/><G105/><T103/><D103/><U39/><E39/><V109/><F109/><W90/><G70/><T42/><D42/><U123/><E123/><V82/><F95/><W26/><G69/><T7/><D65/><U127/><E127/><V89/><REACH who="2" step="1"/><F102/><REACH who="2" ten="250,250,240,250" step="2"/><W9/><G101/><T18/><D126/><U32/><E92/><V116/><F116/><W41/><G93/><T37/><D111/><U71/><E99/><V1/><AGARI ba="0,1" hai="1,6,8,27,31,35,49,50,82,84,89,97,100,107" machi="1" ten="20,2700,0" yaku="1,1,0,1,7,1,53,0" doraHai="10" doraHaiUra="11" who="2" fromWho="2" sc="250,-13,250,-7,240,37,250,-7" /><INIT seed="1,0,0,3,5,39" ten="237,243,277,243" oya="1" hai0="113,16,36,2,125,33,127,115,126,46,24,76,98" hai1="90,66,123,73,100,77,75,44,84,50,129,26,81" hai2="28,110,96,38,7,116,80,83,59,34,82,57,134" hai3="5,88,78,94,63,45,1,130,61,35,10,43,4"/><U119/><E119/><V120/><F116/><W101/><G35/><T65/><D2/><U79/><E123/><V121/><F38/><W108/><G108/><T105/><D76/><U0/><E0/><V13/><F110/><W25/><G130/><T30/><D65/><U31/><E129/><V128/><F128/><W131/><G131/><T106/><D16/><U67/><E100/><V32/><F134/><W70/><G4/><T92/><D92/><U54/><E75/><V135/><F135/><W64/><G101/><T68/><D68/><U85/><E73/><V103/><F57/><W56/><G25/><T23/><D23/><N who="1" m="15839" /><E77/><V69/><F69/><W48/><G78/><T132/><D132/><U72/><E72/><V60/><F7/><W97/><G63/><T107/><D98/><U71/><E71/><V52/><F13/><W86/><G70/><T11/><D11/><U117/><E117/><V74/><F74/><W37/><REACH who="3" step="1"/><G97/><REACH who="3" ten="237,243,277,233" step="2"/><T53/><D115/><U124/><E124/><V15/><F34/><W99/><G99/><T102/><D113/><U29/><E29/><V91/><F103/><W118/><G118/><T114/><D114/><U93/><AGARI ba="0,1" hai="44,50,54,66,67,79,81,84,85,90,93" m="15839" machi="93" ten="30,1500,0" yaku="8,1" doraHai="39" who="1" fromWho="1" sc="237,-5,243,25,277,-5,233,-5" /><INIT seed="1,1,0,3,1,104" ten="232,268,272,228" oya="1" hai0="119,3,22,127,71,63,43,11,121,113,18,120,62" hai1="74,61,124,19,90,52,23,93,41,134,25,37,53" hai2="118,58,51,57,89,101,82,125,2,65,9,115,108" hai3="69,24,95,130,13,103,33,81,76,70,54,112,91"/><U126/><E74/><V38/><F38/><W0/><G112/><T14/><D113/><U99/><E134/><V30/><F118/><W86/><G0/><T6/><D119/><U44/><REACH who="1" step="1"/><E61/><REACH who="1" ten="232,258,272,228" step="2"/><V5/><F115/><W21/><G130/><T42/><D63/><U106/><E106/><V32/><F125/><AGARI ba="1,1" hai="19,23,25,37,41,44,52,53,90,93,99,124,125,126" machi="125" ten="40,7700,0" yaku="1,1,18,1,54,1,53,0" doraHai="104" doraHaiUra="110" who="1" fromWho="2" sc="232,0,258,90,272,-80,228,0" /><INIT seed="1,2,0,2,0,64" ten="232,348,192,228" oya="1" hai0="40,126,119,81,93,74,76,9,29,72,129,73,25" hai1="68,21,47,82,110,8,3,51,70,112,43,22,85" hai2="106,45,113,108,86,92,2,32,56,132,7,130,11" hai3="36,97,41,5,4,59,84,60,87,46,15,77,80"/><U105/><E112/><V98/><F113/><W18/><G97/><T114/><D119/><U27/><E105/><V6/><F32/><W62/><G62/><T57/><D114/><U125/><E125/><V54/><F108/><W115/><G87/><T111/><D111/><U101/><E101/><V28/><F28/><W88/><G77/><T135/><D135/><U65/><E65/><V17/><F132/><W24/><G24/><T118/><D118/><U35/><E35/><V66/><F130/><W127/><G127/><T83/><D83/><U52/><E110/><V75/><F75/><W63/><G63/><T19/><D57/><U100/><E100/><V50/><F106/><W99/><G99/><T131/><D40/><U122/><E43/><V61/><F6/><W124/><G115/><T71/><D93/><U79/><E122/><V95/><F86/><W103/><G103/><T13/><D71/><U102/><E102/><V31/><F31/><W58/><G124/><T67/><D67/><U133/><E133/><V14/><REACH who="2" step="1"/><F98/><REACH who="2" ten="232,348,182,228" step="2"/><W109/><G109/><T94/><D126/><U38/><E85/><V107/><F107/><W89/><G4/><T91/><D129/><U0/><E79/><V10/><AGARI ba="2,1" hai="2,7,10,11,14,17,45,50,54,56,61,66,92,95" machi="10" ten="20,5200,0" yaku="1,1,0,1,7,1,53,1" doraHai="64" doraHaiUra="55" who="2" fromWho="2" sc="232,-15,348,-28,182,68,228,-15" /><INIT seed="2,0,0,4,5,103" ten="217,320,250,213" oya="2" hai0="57,108,23,105,29,123,54,50,39,58,125,44,135" hai1="124,7,114,73,102,100,88,112,65,61,10,28,63" hai2="37,21,128,41,80,94,104,111,107,49,82,40,133" hai3="127,115,67,130,121,55,51,20,95,60,117,81,35"/><V53/><F128/><W43/><G117/><T116/><D123/><U46/><E73/><V38/><F94/><W90/><G121/><T16/><D116/><U0/><E124/><V75/><F21/><W110/><G35/><T14/><D125/><U22/><E63/><V98/><F98/><W48/><G127/><T69/><D69/><U13/><E112/><V129/><F129/><W9/><G110/><T42/><D108/><U77/><E77/><V2/><F111/><W74/><G130/><T12/><D135/><U32/><E46/><V83/><F75/><W45/><G9/><T47/><D29/><U34/><E34/><V8/><F133/><W87/><G115/><T27/><D105/><U31/><E31/><V118/><F118/><W33/><G33/><T85/><D85/><U72/><E72/><V122/><F122/><W52/><G74/><T3/><D3/><U131/><E131/><V84/><F84/><W126/><G126/><T36/><D36/><U97/><E114/><V68/><F68/><W17/><G81/><T91/><D91/><U56/><E32/><V101/><F2/><W113/><G113/><T86/><D86/><U11/><E28/><V6/><F37/><W106/><G106/><T93/><D93/><N who="1" m="56487" /><E22/><V15/><F38/><W89/><G89/><T5/><D5/><N who="1" m="3279" /><E102/><V25/><F101/><W30/><G30/><T24/><D24/><U66/><E100/><V92/><F25/><N who="3" m="14479" /><G51/><N who="0" m="29031" /><D39/><U79/><E79/><V4/><F104/><W119/><G119/><T18/><D27/><U120/><E120/><V70/><F107/><W134/><G134/><RYUUKYOKU ba="0,0" sc="217,10,320,10,250,-30,213,10" hai0="12,14,16,18,23,42,47,50,57,58" hai1="0,7,11,56,61,65,66" hai3="43,45,48,52,55,60,67,87,90,95" /><INIT seed="3,1,0,0,2,108" ten="227,330,220,223" oya="3" hai0="112,88,117,55,133,57,128,8,129,14,22,11,32" hai1="86,70,3,105,6,102,131,60,107,38,41,66,64" hai2="85,110,124,63,46,59,99,47,87,10,135,19,92" hai3="109,82,52,93,83,44,126,50,119,62,28,53,84"/><W73/><G119/><T127/><D32/><U20/><E20/><V71/><F71/><W34/><G109/><T114/><D117/><U17/><E17/><V98/><F135/><W5/><G126/><T69/><D69/><U58/><E58/><V12/><F124/><W24/><G73/><T9/><D133/><U123/><E86/><N who="2" m="32779" /><F110/><W96/><G5/><T51/><D127/><U25/><E66/><N who="2" m="39295" /><F99/><W0/><G0/><T75/><D75/><U132/><E102/><AGARI ba="1,0" hai="10,12,19,46,47,92,98,102" m="39295,32779" machi="102" ten="30,1000,0" yaku="8,1" doraHai="108" who="2" fromWho="1" sc="227,0,330,-13,220,13,223,0" owari="227,-17.0,317,42.0,233,3.0,223,-28.0" /></mjloggm>