<mjloggm ver="2.3"><GO type="97" lobby="0"/><UN n0="%E3%81%86%E3%81%84%EF%BC%A0%E3%81%82%E3%81%9A" n1="%E3%82%A6%E3%83%AB%E3%83%88%E3%83%A9%E7%AB%8B%E7%9B%B4" n2="%6D%6F%63%68%69%32%31%35" n3="%EF%BC%AB%EF%BC%A0%E7%BF%A0%E6%98%9F%E7%9F%B3" dan="13,15,14,14" rate="1879.97,1981.14,1918.45,1936.70" sx="F,M,F,M"/><TAIKYOKU oya="0"/><INIT seed="0,0,0,3,0,125" ten="250,250,250,250" oya="0" hai0="59,29,38,73,41,99,37,2,85,40,21,6,90" hai1="16,104,18,55,120,7,25,67,89,124,117,114,92" hai2="34,106,100,31,74,53,69,8,12,95,75,58,118" hai3="77,64,36,56,97,63,101,5,111,96,28,83,130"/><T127/><D73/><U80/><E104/><V132/><F69/><W115/><G115/><T72/><D72/><U48/><E124/><V47/><F118/><W14/><G36/><T4/><D2/><U46/><E117/><V19/><F106/><W45/><G45/><T1/><D1/><U33/><E120/><V20/><F132/><W9/><G28/><T126/><D99/><U49/><E114/><V112/><F112/><W17/><G111/><T22/><D29/><U98/><E67/><V105/><F105/><W119/><G119/><T30/><D30/><U88/><E33/><V79/><F47/><W0/><G101/><T51/><D59/><U3/><E7/><V122/><F122/><W62/><G62/><T66/><D66/><U52/><E25/><V110/><F110/><W32/><G32/><T13/><D13/><U123/><E3/><V54/><F34/><W15/><G0/><T128/><D51/><U76/><E89/><V135/><F135/><W81/><G97/><T11/><D11/><U131/><E131/><V94/><F79/><W65/><G96/><T102/><D85/><N who="1" m="48263" /><E123/><V24/><F75/><W134/><G130/><T84/><D84/><U129/><E129/><V35/><F74/><N who="3" m="43191" /><G65/><T26/><D128/><U113/><E113/><V78/><F100/><W10/><G134/><T86/><D102/><U44/><AGARI ba="0,0" hai="16,18,44,46,48,49,52,55,88,92,98" m="48263" machi="44" ten="30,7900,0" yaku="8,1,54,3" doraHai="125" who="1" fromWho="1" sc="250,-39,250,79,250,-20,250,-20" /><INIT seed="1,0,0,2,0,58" ten="211,329,230,230" oya="1" hai0="30,96,14,124,45,81,57,86,40,121,91,105,128" hai1="75,6,118,5,19,72,102,49,65,135,122,20,101" hai2="9,113,73,120,117,34,12,31,59,74,51,125,50" hai3="43,4,84,68,133,13,108,112,39,87,104,21,119"/><U28/><E75/><V64/><F120/><W48/><G48/><T63/><D121/><U83/><E122/><V79/><F117/><W129/><G43/><T99/><D105/><U46/><E135/><V78/><F113/><W16/><G87/><T44/><D30/><U100/><E118/><V24/><F125/><W2/><G84/><T131/><D124/><U15/><E72/><V60/><F74/><W33/><G16/><T22/><D45/><U106/><E106/><V110/><F110/><W3/><G21/><T47/><D47/><U111/><E28/><V52/><F73/><W109/><G13/><T54/><D22/><U35/><E35/><V17/><REACH who="2" step="1"/><F50/><REACH who="2" ten="211,329,220,230" step="2"/><W107/><G39/><T37/><REACH who="0" step="1"/><D14/><REACH who="0" ten="201,329,220,230" step="2"/><U53/><E111/><V11/><F11/><W103/><G119/><T7/><D7/><U132/><E5/><V89/><F89/><W126/><G4/><T38/><D38/><U36/><E36/><V67/><F67/><W8/><G109/><T70/><D70/><AGARI ba="0,2" hai="9,12,17,24,31,34,51,52,59,60,64,70,78,79" machi="70" ten="30,7700,0" yaku="1,1,7,1,52,1,54,1,53,0" doraHai="58" doraHaiUra="80" who="2" fromWho="0" sc="201,-77,329,0,220,97,230,0" /><INIT seed="2,0,0,5,1,102" ten="124,329,317,230" oya="2" hai0="99,10,127,72,107,4,87,134,23,53,11,34,6" hai1="89,69,126,96,74,17,121,85,42,98,108,40,14" hai2="110,45,61,100,33,25,133,131,62,128,27,115,51" hai3="3,80,24,46,113,0,60,123,36,56,117,39,65"/><V12/><F115/><W83/><G117/><T75/><D34/><U101/><E74/><V130/><F100/><W13/><G123/><T124/><D99/><U58/><E69/><V1/><F133/><W28/><G113/><T66/><D66/><U30/><E121/><V78/><F110/><W9/><G0/><T88/><D134/><U71/><E71/><V84/><F1/><W18/><G3/><T5/><D23/><U112/><E112/><V32/><F12/><W54/><G36/><T97/><D53/><U82/><E126/><V44/><F78/><W37/><G37/><T91/><D6/><U52/><E30/><V29/><F84/><W16/><G18/><T35/><D35/><N who="2" m="13386" /><F29/><W31/><G31/><T86/><REACH who="0" step="1"/><D97/><REACH who="0" ten="114,329,317,230" step="2"/><U2/><E98/><V95/><F95/><W48/><G28/><T20/><D20/><U63/><E108/><V104/><F104/><AGARI ba="0,1" hai="4,5,10,11,72,75,86,87,88,91,104,107,124,127" machi="104" ten="25,12000,2" yaku="1,1,22,2,52,2,54,1,53,0" doraHai="102" doraHaiUra="47" who="0" fromWho="2" sc="114,130,329,0,317,-120,230,0" /><INIT seed="3,0,0,5,4,77" ten="244,329,197,230" oya="3" hai0="60,125,5,67,37,97,20,58,112,118,92,53,104" hai1="113,29,44,79,8,62,127,30,122,18,1,114,33" hai2="90,106,32,109,82,25,41,54,128,129,34,50,134" hai3="6,117,100,26,89,69,9,24,119,45,56,126,101"/><W12/><G69/><T115/><D37/><U27/><E122/><V102/><F106/><W19/><G126/><T51/><D125/><U31/><E127/><V40/><F102/><W135/><G135/><T52/><D5/><N who="1" m="1071" /><E62/><V17/><F134/><W46/><G56/><T43/><D104/><U133/><E44/><N who="3" m="17002" /><G119/><T93/><D118/><U73/><E79/><V59/><F109/><W121/><G121/><T83/><D43/><N who="2" m="16458" /><F17/><W71/><G71/><T0/><D0/><U35/><E73/><V13/><F13/><N who="3" m="5303" /><G117/><T70/><D115/><U72/><E72/><V23/><F23/><N who="3" m="11751" /><G89/><T15/><D112/><U42/><E133/><V111/><F111/><W123/><G123/><T105/><D70/><U88/><E88/><V66/><F25/><AGARI ba="0,0" hai="24,25,26,100,101" m="11751,5303,17002" machi="25" ten="30,1500,0" yaku="8,1" doraHai="77" who="3" fromWho="2" sc="244,0,329,0,197,-15,230,15" /><INIT seed="3,1,0,4,3,118" ten="244,329,182,245" oya="3" hai0="82,84,56,74,93,128,10,123,131,40,27,100,44" hai1="90,14,94,58,32,49,70,9,132,25,71,101,13" hai2="135,108,6,42,95,55,48,16,86,0,67,122,2" hai3="63,29,91,87,35,89,109,88,129,59,12,8,52"/><W96/><G129/><N who="0" m="49739" /><D74/><U31/><E101/><V72/><F72/><W1/><G1/><T51/><D27/><U121/><E13/><V57/><F135/><W41/><G41/><T83/><D123/><U33/><E58/><V28/><F108/><W23/><G35/><T37/><D10/><U78/><E49/><V97/><F28/><W133/><G96/><N who="0" m="59407" /><D84/><U103/><E121/><V112/><F122/><W38/><G38/><T7/><D7/><U26/><E25/><V127/><F127/><W11/><G133/><T66/><D51/><U81/><E31/><V120/><F120/><W18/><G109/><T79/><D79/><U19/><E26/><V106/><F112/><W99/><G99/><T102/><D102/><U92/><E103/><V76/><F106/><W68/><G68/><T85/><D85/><U77/><E78/><V64/><F2/><W111/><G111/><T61/><AGARI ba="1,0" hai="37,40,44,56,61,66,82,83" m="59407,49739" machi="61" ten="30,1100,0" yaku="19,1" doraHai="118" who="0" fromWho="0" sc="244,14,329,-4,182,-4,245,-6" owari="258,6.0,325,42.0,178,-32.0,239,-16.0" /></mjloggm>