<mjloggm ver="2.3"><GO type="169" lobby="0"/><UN n0="%E3%82%A6%E3%83%AB%E3%83%88%E3%83%A9%E7%AB%8B%E7%9B%B4" n1="%E6%97%A5%E5%A5%88%E6%A3%AE%E3%81%82%E3%82%80" n2="%63%69%73%63%69%73" n3="%E3%81%9F%E3%81%AC%E3%81%95%E3%82%93" dan="17,17,17,17" rate="2046.74,2122.80,2158.91,2034.05" sx="M,F,M,M"/><TAIKYOKU oya="0"/><INIT seed="0,0,0,0,3,12" ten="250,250,250,250" oya="0" hai0="45,124,7,80,6,40,13,103,23,42,120,75,26" hai1="59,129,100,8,132,9,52,68,4,133,90,62,54" hai2="61,122,131,71,115,93,37,58,21,109,82,78,123" hai3="17,86,34,81,99,48,38,66,113,96,39,53,125"/><T35/><D120/><U30/><E129/><V15/><F115/><W60/><G113/><T24/><D124/><U67/><E100/><V3/><F3/><W135/><G34/><T5/><D42/><U33/><E90/><V32/><F32/><W49/><G125/><T31/><D103/><U85/><E85/><V91/><F37/><W63/><G135/><N who="1" m="51786" /><E68/><V1/><F1/><W102/><G99/><T106/><D106/><U126/><E126/><V79/><F71/><W20/><G63/><T55/><D75/><U105/><E105/><V69/><F69/><W27/><G39/><T43/><D80/><U29/><E8/><V11/><F21/><W14/><G38/><T10/><D55/><N who="1" m="21035" /><E33/><V44/><F82/><W97/><G97/><T101/><D101/><U28/><E28/><V77/><F77/><W108/><G96/><T112/><D112/><U111/><E111/><V121/><F78/><W74/><G108/><T50/><REACH who="0" step="1"/><D43/><REACH who="0" ten="240,250,250,250" step="2"/><U83/><E83/><V92/><F122/><W2/><G74/><T72/><D72/><U36/><E36/><V98/><F121/><W117/><G102/><T94/><D94/><U18/><E67/><V88/><F92/><W118/><G66/><T51/><D51/><U119/><E62/><V46/><F93/><W19/><G60/><T107/><D107/><U22/><E119/><V16/><F61/><W130/><G117/><T84/><D84/><U70/><E70/><V47/><F123/><W64/><G118/><T127/><D127/><U57/><E57/><V95/><F95/><W104/><G81/><T73/><D73/><RYUUKYOKU ba="0,1" sc="240,30,250,-10,250,-10,250,-10" hai0="5,6,7,10,13,23,24,26,31,35,40,45,50" /><INIT seed="0,1,1,4,1,115" ten="270,240,240,240" oya="0" hai0="91,18,75,119,8,130,39,28,99,50,73,21,105" hai1="3,109,35,46,38,47,4,124,1,78,54,42,23" hai2="81,126,65,16,57,107,122,83,74,58,20,113,120" hai3="64,34,55,17,82,104,132,71,131,37,25,29,15"/><T9/><D39/><U7/><E35/><V134/><F113/><W103/><G37/><T93/><D105/><U117/><E117/><V89/><F107/><W51/><G132/><T94/><D119/><U13/><E109/><V86/><F134/><W72/><G131/><T68/><D68/><U97/><E124/><V70/><F126/><W44/><G82/><T88/><D130/><U116/><E116/><V11/><F11/><W45/><G72/><T108/><D108/><U62/><E78/><V14/><F70/><W24/><G24/><T76/><D28/><U31/><E97/><V12/><F12/><W135/><G135/><T32/><D32/><U80/><E80/><V2/><F2/><W48/><G103/><T56/><D75/><U100/><E100/><V98/><F98/><W102/><G71/><T114/><D114/><U53/><E62/><V36/><F36/><W133/><G133/><T84/><D76/><U123/><E123/><V30/><F30/><W87/><G87/><T0/><D0/><U52/><E46/><V110/><F110/><W19/><G15/><N who="0" m="9439" /><D73/><U125/><E125/><V61/><REACH who="2" step="1"/><F58/><REACH who="2" ten="270,240,230,240" step="2"/><W96/><REACH who="3" step="1"/><G64/><REACH who="3" ten="270,240,230,230" step="2"/><T26/><D26/><U128/><E38/><V106/><F106/><W127/><G127/><T66/><D66/><U79/><E1/><V5/><F5/><W67/><G67/><T49/><D56/><U59/><E3/><V69/><F69/><W40/><AGARI ba="1,3" hai="17,19,25,29,34,40,44,45,48,51,55,96,102,104" machi="40" ten="20,2700,0" yaku="1,1,0,1,7,1,53,0" doraHai="115" doraHaiUra="129" who="3" fromWho="3" sc="270,-14,240,-8,230,-8,230,60" /><INIT seed="1,0,0,4,3,85" ten="256,232,222,290" oya="1" hai0="125,103,55,108,124,109,59,74,117,118,99,98,121" hai1="120,44,50,95,110,86,94,40,128,10,0,119,82" hai2="134,81,88,42,45,68,71,56,47,126,52,113,34" hai3="132,53,36,78,106,41,9,105,92,19,127,83,64"/><U17/><E119/><V63/><F34/><W39/><G64/><T13/><D13/><U135/><E120/><V129/><F134/><W16/><G132/><T46/><D46/><U25/><E135/><V30/><F30/><W130/><G130/><T49/><D74/><U133/><E133/><V23/><F129/><W21/><G127/><N who="0" m="48715" /><D121/><U3/><E128/><V26/><F126/><W97/><G53/><T112/><D112/><U12/><E110/><N who="0" m="42601" /><D99/><U35/><E35/><V29/><F113/><W54/><G54/><T48/><D48/><U93/><REACH who="1" step="1"/><E25/><REACH who="1" ten="256,222,222,290" step="2"/><V37/><REACH who="2" step="1"/><F45/><REACH who="2" ten="256,222,212,290" step="2"/><W8/><G36/><T111/><D111/><U123/><E123/><V116/><F116/><W104/><G39/><T32/><D32/><U28/><E28/><V1/><F1/><W24/><G24/><T15/><D15/><U79/><AGARI ba="0,2" hai="0,3,10,12,17,40,44,50,79,82,86,93,94,95" machi="79" ten="30,6000,0" yaku="1,1,0,1,53,1" doraHai="85" doraHaiUra="77" who="1" fromWho="1" sc="256,-20,222,80,212,-20,290,-20" /><INIT seed="1,1,0,0,2,1" ten="236,302,192,270" oya="1" hai0="130,72,113,53,110,111,29,98,18,77,6,39,8" hai1="33,66,69,26,131,101,107,133,116,64,71,22,122" hai2="123,35,121,44,37,70,2,124,24,63,75,62,13" hai3="5,67,115,31,55,94,78,61,89,88,128,92,9"/><U105/><E116/><V99/><F2/><W36/><G115/><T134/><D113/><U38/><E122/><V10/><F75/><W34/><G36/><T129/><D39/><U28/><E38/><V57/><F124/><W96/><G78/><T68/><D68/><U23/><E131/><V126/><F126/><W80/><G80/><N who="0" m="45095" /><D29/><U7/><E133/><V43/><F70/><W45/><G128/><N who="0" m="49259" /><D18/><U15/><E69/><V19/><F99/><W17/><G34/><T30/><D30/><U109/><E109/><V79/><F79/><W14/><G31/><T41/><D41/><U60/><E66/><V104/><F104/><W97/><G67/><T59/><D98/><N who="1" m="61623" /><E107/><V12/><F62/><W50/><G61/><N who="0" m="36079" /><D134/><U120/><E120/><V81/><F81/><W16/><AGARI ba="1,0" hai="5,9,14,16,17,45,50,55,88,89,92,94,96,97" machi="16" ten="30,12000,2" yaku="0,1,9,1,8,1,52,1,54,2" doraHai="1" who="3" fromWho="3" sc="236,-31,302,-61,192,-31,270,123" /><INIT seed="2,0,0,2,0,22" ten="205,241,161,393" oya="2" hai0="99,40,47,70,120,62,96,133,85,83,112,29,82" hai1="130,0,119,17,2,103,33,94,75,15,106,127,63" hai2="56,16,68,4,13,9,52,123,21,11,77,129,91" hai3="51,71,64,110,49,28,80,109,108,128,97,81,32"/><V34/><F68/><W115/><G128/><T126/><D112/><U132/><E119/><V7/><F123/><W98/><G115/><T86/><D120/><U43/><E75/><V55/><F34/><W107/><G71/><T57/><D70/><U39/><E130/><V72/><F129/><W114/><G64/><T102/><D126/><U25/><E106/><V92/><F77/><W125/><G114/><T54/><D133/><U100/><E127/><V23/><F72/><W37/><G37/><T78/><D29/><U46/><E132/><V3/><F56/><W41/><G125/><T124/><D102/><U67/><E94/><V135/><F135/><W58/><G107/><T88/><REACH who="0" step="1"/><D124/><REACH who="0" ten="195,241,161,393" step="2"/><U69/><E103/><V87/><REACH who="2" step="1"/><F23/><REACH who="2" ten="195,241,151,393" step="2"/><W74/><G32/><T134/><D134/><U90/><E33/><V60/><F60/><W38/><G109/><T26/><D26/><AGARI ba="0,2" hai="3,4,7,9,11,13,16,21,26,52,55,87,91,92" machi="26" ten="30,18000,2" yaku="1,1,7,1,52,1,54,2,53,2" doraHai="22" doraHaiUra="5" who="2" fromWho="0" sc="195,-180,241,0,151,200,393,0" /><INIT seed="2,1,0,1,0,83" ten="15,241,351,393" oya="2" hai0="38,31,42,33,133,94,111,39,102,124,120,77,80" hai1="113,17,37,11,134,51,66,85,131,92,90,78,14" hai2="112,132,97,72,0,28,30,27,103,52,44,41,69" hai3="115,4,9,46,82,8,118,57,36,121,6,104,59"/><V73/><F112/><W15/><G118/><T13/><D120/><U56/><E37/><V34/><F0/><W55/><G121/><T21/><D124/><U100/><E113/><V74/><F69/><W10/><G115/><T76/><D133/><U105/><E131/><V43/><F132/><W108/><G104/><T5/><D111/><U48/><E134/><V88/><F28/><W110/><G36/><T89/><D102/><U61/><REACH who="1" step="1"/><E78/><REACH who="1" ten="15,231,351,393" step="2"/><V3/><F3/><W20/><G110/><T16/><D77/><U79/><E79/><V68/><F68/><W130/><G108/><T127/><D127/><U129/><E129/><V93/><REACH who="2" step="1"/><F103/><REACH who="2" ten="15,231,341,393" step="2"/><W107/><G130/><T96/><D31/><U135/><E135/><V54/><F54/><W50/><G55/><T86/><D33/><U91/><E91/><V70/><F70/><W1/><G1/><T95/><D42/><U117/><E117/><V62/><F62/><W25/><G4/><T125/><D125/><U128/><E128/><V109/><F109/><W32/><G6/><T106/><D5/><U119/><E119/><V67/><F67/><W40/><G32/><T19/><D19/><U47/><E47/><V65/><F65/><W98/><G46/><T26/><D16/><U99/><AGARI ba="1,2" hai="11,14,17,48,51,56,61,66,85,90,92,99,100,105" machi="99" ten="30,7900,0" yaku="1,1,0,1,52,1,53,1" doraHai="83" doraHaiUra="53" who="1" fromWho="1" sc="15,-21,231,102,341,-40,393,-21" owari="-6,-51.0,333,13.0,301,-10.0,372,48.0" /></mjloggm>