<mjloggm ver="2.3"><GO type="97" lobby="0"/><UN n0="%E5%85%AC%E5%9C%92%E5%AF%BA" n1="%73%68%61%6E%6B%61%72" n2="%E3%82%A6%E3%83%AB%E3%83%88%E3%83%A9%E7%AB%8B%E7%9B%B4" n3="%73%68%73%72" dan="14,14,15,14" rate="1820.38,1852.02,1972.43,1896.00" sx="M,M,M,M"/><TAIKYOKU oya="0"/><INIT seed="0,0,0,0,0,105" ten="250,250,250,250" oya="0" hai0="74,30,16,18,78,92,95,33,86,2,110,85,79" hai1="111,76,68,1,46,41,56,4,60,66,73,63,116" hai2="77,52,104,72,97,42,128,103,106,126,123,53,118" hai3="31,26,9,13,129,36,131,28,44,83,82,117,50"/><T94/><D2/><U70/><E116/><V17/><F118/><W135/><G117/><T49/><D110/><U61/><E111/><V3/><F123/><W69/><G36/><T114/><D114/><U71/><E4/><V19/><F3/><W113/><G69/><N who="1" m="26730" /><E1/><V5/><F5/><W40/><G113/><T122/><D122/><U15/><E15/><V27/><F126/><W47/><G135/><T127/><D127/><U80/><E80/><V88/><F128/><N who="3" m="49227" /><G47/><T6/><D6/><U37/><E76/><V14/><F104/><W57/><G57/><T65/><D65/><N who="1" m="41383" /><E73/><V98/><F27/><W29/><G26/><T125/><D125/><U96/><E96/><V32/><F32/><W90/><G90/><T8/><D33/><U102/><E102/><V59/><F98/><W134/><G134/><T87/><D30/><U133/><E133/><V23/><F88/><W34/><G34/><T130/><D130/><U11/><E11/><V119/><F119/><W107/><G107/><T64/><D64/><U25/><E25/><V100/><F97/><W45/><G45/><T132/><D132/><U39/><E63/><V0/><F106/><W75/><G75/><T10/><D74/><U51/><AGARI ba="0,0" hai="37,39,41,46,51,56,61,66" m="41383,26730" machi="51" ten="30,8000,1" yaku="35,5" doraHai="105" who="1" fromWho="1" sc="250,-40,250,80,250,-20,250,-20" /><INIT seed="1,0,0,1,4,66" ten="210,330,230,230" oya="1" hai0="102,133,90,72,0,135,40,131,28,14,95,33,69" hai1="70,73,63,89,88,114,61,86,16,127,57,48,76" hai2="80,65,42,62,17,32,124,58,55,108,45,82,107" hai3="53,116,60,37,31,68,113,105,77,132,100,24,121"/><U93/><E114/><V99/><F124/><W101/><G121/><T59/><D0/><U115/><E115/><V35/><F108/><W126/><G113/><T74/><D131/><U118/><E118/><V54/><F35/><N who="3" m="20967" /><G126/><T104/><D40/><U83/><E127/><V3/><F32/><W29/><G132/><N who="0" m="50763" /><D14/><U75/><E75/><N who="0" m="28713" /><D59/><U64/><E89/><V41/><F3/><W110/><G29/><T10/><D10/><U87/><E73/><V112/><F112/><W103/><G116/><T123/><D123/><U30/><E30/><V56/><F17/><W38/><G110/><T119/><D119/><U20/><E48/><V122/><F122/><W92/><G53/><T27/><D102/><N who="3" m="39529" /><G77/><T8/><D8/><U97/><E97/><V2/><F99/><N who="3" m="61695" /><G92/><T111/><D104/><U71/><E63/><V1/><F107/><W19/><G19/><T67/><D111/><U18/><E18/><V51/><F2/><W50/><G50/><T117/><D117/><U134/><E134/><V4/><F1/><W43/><G43/><T11/><D11/><U49/><E49/><V26/><F26/><AGARI ba="0,0" hai="16,20,26,57,61,64,70,71,76,83,86,87,88,93" machi="26" ten="30,12000,1" yaku="7,1,52,2,54,2" doraHai="66" who="1" fromWho="2" sc="210,0,330,120,230,-120,230,0" /><INIT seed="1,1,0,4,4,82" ten="210,450,110,230" oya="1" hai0="84,98,41,81,75,70,92,113,128,35,11,133,16" hai1="64,13,62,135,5,125,53,18,118,20,66,116,129" hai2="122,7,52,78,27,60,49,32,14,101,36,56,0" hai3="108,1,40,44,4,94,33,83,2,115,25,103,30"/><U124/><E135/><V117/><F36/><W54/><G115/><T95/><D70/><U102/><E102/><V57/><F0/><W127/><G127/><N who="1" m="48714" /><E129/><V63/><F122/><W21/><G108/><T73/><D133/><U86/><E5/><V85/><F117/><N who="1" m="45161" /><E86/><V3/><F3/><W130/><G130/><T97/><D35/><U134/><E134/><V23/><F101/><W9/><G54/><T74/><D113/><U96/><E96/><V51/><F32/><W89/><G103/><T100/><D128/><U58/><AGARI ba="1,0" hai="13,18,20,53,58,62,64,66" m="45161,48714" machi="58" ten="40,2100,0" yaku="18,1" doraHai="82" who="1" fromWho="1" sc="210,-8,450,24,110,-8,230,-8" /><INIT seed="1,2,0,4,1,1" ten="202,474,102,222" oya="1" hai0="89,112,64,27,43,131,63,82,117,53,125,109,37" hai1="3,116,101,13,110,84,127,47,44,79,91,120,45" hai2="46,39,17,69,29,111,0,88,130,121,12,10,103" hai3="56,15,35,77,54,78,30,90,28,14,105,16,11"/><U50/><E120/><V2/><F121/><W115/><G105/><T19/><D112/><U72/><E116/><V51/><F130/><W34/><G115/><T126/><D117/><U33/><E33/><V58/><F111/><W99/><G35/><T81/><D131/><U48/><E127/><N who="0" m="48649" /><D109/><U61/><E3/><V74/><F69/><W42/><G42/><T73/><D53/><U65/><E110/><V41/><F74/><W23/><G34/><T83/><D73/><U9/><E101/><V134/><F134/><W38/><G38/><T75/><D75/><U94/><E79/><N who="3" m="30218" /><G90/><T68/><D89/><U135/><E72/><V80/><F103/><W76/><N who="3" m="30226" /><W119/><DORA hai="49" /><G99/><T67/><D67/><U106/><E106/><V124/><F124/><W85/><G85/><T107/><D107/><U92/><E92/><V129/><F129/><W95/><G95/><T18/><D27/><U26/><E26/><V31/><F2/><W24/><G119/><T97/><D97/><U40/><E135/><V52/><REACH who="2" step="1"/><F0/><REACH who="2" ten="202,474,92,222" step="2"/><W5/><G24/><T32/><D68/><U8/><E40/><V122/><F122/><W133/><G133/><T55/><D43/><U62/><E13/><V104/><F104/><W4/><G4/><T66/><D37/><U59/><E62/><AGARI ba="2,1" hai="5,11,14,15,16,23,28,30,54,56,62" m="30226" machi="62" ten="30,7700,0" yaku="8,1,52,2,54,1" doraHai="1,49" who="3" fromWho="1" sc="202,0,474,-83,92,0,222,93" /><INIT seed="2,0,0,2,5,128" ten="202,391,92,315" oya="2" hai0="117,46,56,99,132,79,9,3,30,48,61,29,135" hai1="63,24,55,12,98,59,15,71,53,18,33,13,58" hai2="94,129,131,67,70,123,42,113,122,110,11,111,49" hai3="100,134,23,44,68,36,107,14,62,105,86,52,26"/><V103/><F11/><W6/><G134/><N who="0" m="51243" /><D117/><U5/><E71/><V108/><F94/><W7/><G36/><T82/><D99/><U120/><E120/><N who="2" m="46123" /><F103/><W72/><G72/><N who="0" m="43367" /><D9/><U76/><E76/><V60/><F113/><W97/><G68/><T35/><D3/><U114/><E114/><V118/><F118/><W41/><G107/><T89/><D89/><U2/><E2/><V87/><F87/><W34/><G34/><T43/><D35/><U83/><E83/><V64/><F64/><AGARI ba="0,0" hai="29,30,43,46,48,56,61,64" m="43367,51243" machi="64" ten="30,7700,0" yaku="20,1,52,3" doraHai="128" who="0" fromWho="2" sc="202,77,391,0,92,-77,315,0" /><INIT seed="3,0,0,5,4,135" ten="279,391,15,315" oya="3" hai0="98,39,3,100,107,65,121,46,90,105,115,94,87" hai1="97,45,69,63,85,117,54,111,2,20,101,9,76" hai2="4,53,116,27,91,42,43,11,0,59,86,62,132" hai3="120,70,38,13,118,71,61,82,96,110,66,24,128"/><W60/><G82/><T124/><D3/><U49/><E117/><V104/><F104/><W50/><G96/><T125/><D65/><U8/><E111/><V99/><F132/><W23/><G118/><T51/><D39/><U16/><E2/><V64/><F116/><W113/><G120/><T26/><D121/><U95/><E69/><V129/><F129/><W122/><G113/><T112/><D105/><U102/><E102/><V81/><F0/><W19/><G122/><T47/><D26/><N who="1" m="14599" /><E63/><V119/><F119/><W79/><G110/><T92/><D107/><U78/><E85/><V114/><F114/><N who="0" m="43562" /><D51/><U93/><E93/><V37/><F37/><W5/><G128/><T127/><AGARI ba="0,0" hai="46,47,87,90,92,94,98,100,124,125,127" m="43562" machi="127" ten="40,8000,1" yaku="18,1,11,1,52,3" doraHai="135" who="0" fromWho="0" sc="279,80,391,-20,15,-20,315,-40" owari="359,16.0,371,47.0,-5,-51.0,275,-12.0" /></mjloggm>