<mjloggm ver="2.3"><GO type="97" lobby="0"/><UN n0="%69%6E%65%33%30%30" n1="%E9%95%B7%E3%81%84%E5%A4%A2" n2="%E3%82%A6%E3%83%AB%E3%83%88%E3%83%A9%E7%AB%8B%E7%9B%B4" n3="%E3%81%9D%E3%81%AE%E6%A7%93%E6%88%90%E7%AB%8B%E3%81%9B%E3%81%9A" dan="13,16,15,14" rate="1850.76,2066.54,1938.81,1992.70" sx="M,M,M,M"/><TAIKYOKU oya="0"/><INIT seed="0,0,0,5,0,80" ten="250,250,250,250" oya="0" hai0="1,66,19,77,60,119,13,129,86,134,29,16,37" hai1="0,122,131,103,52,43,113,67,57,58,102,64,68" hai2="5,123,2,90,40,132,31,24,11,20,32,85,84" hai3="93,9,76,63,4,51,10,114,121,110,25,130,61"/><T89/><D119/><U6/><E122/><V95/><F123/><W127/><G114/><T117/><D117/><U71/><E6/><V100/><F132/><W8/><G121/><T98/><D134/><U126/><E0/><V26/><F40/><W101/><G110/><T97/><D37/><U96/><E96/><V30/><REACH who="2" step="1"/><F100/><REACH who="2" ten="250,250,240,250" step="2"/><W45/><G101/><T7/><D129/><U12/><E43/><V78/><F78/><W33/><G130/><T82/><D77/><U128/><E103/><V69/><F69/><W23/><G76/><T38/><D38/><U70/><E102/><V99/><AGARI ba="0,1" hai="2,5,11,20,24,26,30,31,32,84,85,90,95,99" machi="99" ten="20,12000,2" yaku="1,1,0,1,7,1,52,2,53,1" doraHai="80" doraHaiUra="18" who="2" fromWho="2" sc="250,-60,250,-30,240,130,250,-30" /><INIT seed="1,0,0,5,1,65" ten="190,220,370,220" oya="1" hai0="122,62,119,95,61,21,59,47,129,109,8,116,124" hai1="84,71,33,31,72,10,74,37,75,103,134,42,28" hai2="35,85,97,58,105,113,41,63,94,64,12,99,5" hai3="81,114,18,48,87,16,57,106,121,44,68,127,66"/><U54/><E134/><V82/><F35/><W76/><G121/><T67/><D95/><U27/><E31/><V91/><F113/><W96/><G114/><T86/><D86/><U43/><E103/><V73/><F73/><W100/><G127/><T108/><D21/><U104/><E104/><V80/><F105/><W55/><REACH who="3" step="1"/><G57/><REACH who="3" ten="190,220,370,210" step="2"/><N who="0" m="37295" /><D124/><U101/><E75/><V15/><F58/><W6/><G6/><T38/><D122/><U29/><E74/><V14/><F5/><W123/><G123/><T0/><D8/><U130/><E72/><V135/><F135/><W117/><G117/><N who="0" m="45131" /><D0/><U125/><E10/><V19/><F19/><W2/><G2/><T56/><D129/><U17/><E130/><V77/><F14/><W32/><G32/><T11/><D11/><U52/><E17/><V88/><F12/><W89/><G89/><T7/><D59/><U34/><E125/><V111/><F88/><W115/><G115/><T93/><D7/><U40/><E34/><V92/><F91/><W51/><G51/><T120/><D120/><U4/><E4/><V98/><F15/><W132/><G132/><T24/><D56/><U26/><E33/><V90/><F90/><W36/><G36/><T107/><D62/><AGARI ba="0,1" hai="16,18,44,48,55,62,66,68,76,81,87,96,100,106" machi="62" ten="40,8000,1" yaku="1,1,52,1,54,1,53,1" doraHai="65" doraHaiUra="79" who="3" fromWho="0" sc="190,-80,220,0,370,0,210,90" /><INIT seed="2,0,0,5,3,71" ten="110,220,370,300" oya="2" hai0="13,3,7,51,111,85,26,78,38,18,121,67,5" hai1="27,132,102,31,130,73,77,49,118,108,10,122,0" hai2="84,28,17,135,60,65,119,43,47,54,12,53,114" hai3="128,88,57,106,90,1,68,104,117,75,44,21,113"/><V9/><F114/><W64/><G117/><T15/><D38/><U96/><E118/><V120/><F120/><W133/><G133/><T134/><D134/><U83/><E132/><V105/><F105/><W92/><G128/><T30/><D121/><U101/><E49/><V100/><F135/><W24/><G75/><T80/><D111/><U22/><E122/><V11/><F100/><W58/><G1/><T36/><D36/><U2/><E108/><V14/><F28/><W4/><G4/><T61/><D51/><U116/><E116/><V70/><F84/><W110/><G110/><T48/><D48/><U41/><E41/><V63/><F119/><W6/><G6/><T99/><D3/><U20/><E102/><V33/><F33/><W52/><G113/><T89/><D99/><U45/><E45/><V79/><F79/><W46/><G68/><T124/><D124/><U37/><E2/><V35/><F35/><W16/><G64/><T59/><D78/><U66/><E96/><V34/><F34/><W81/><G106/><T29/><D29/><U95/><E31/><V56/><F54/><W72/><G104/><T126/><D126/><U23/><E77/><V82/><F82/><W50/><G58/><T69/><D69/><U42/><E83/><V109/><F109/><W76/><G90/><T39/><D39/><U86/><E37/><V32/><F32/><W125/><G125/><T87/><D87/><AGARI ba="0,0" hai="16,21,24,44,46,50,52,57,72,76,81,87,88,92" machi="87" ten="30,7700,0" yaku="7,1,54,3" doraHai="71" who="3" fromWho="0" sc="110,-77,220,0,370,0,300,77" /><INIT seed="3,0,0,4,4,72" ten="33,220,370,377" oya="3" hai0="55,87,52,84,112,76,106,26,89,2,109,39,34" hai1="91,123,33,113,24,36,134,50,98,7,35,18,53" hai2="41,60,108,23,97,13,99,131,45,48,135,20,77" hai3="75,133,42,82,12,64,63,118,71,47,83,130,129"/><W66/><G118/><T25/><D109/><U86/><E53/><V46/><F108/><W74/><G133/><T124/><D112/><U103/><E91/><V9/><F135/><W125/><G125/><T102/><D124/><U114/><E18/><N who="2" m="8495" /><F131/><N who="3" m="50187" /><G12/><T107/><D39/><U57/><E86/><V5/><F5/><W30/><G30/><T17/><D2/><U122/><E57/><V54/><F77/><W88/><G66/><T10/><D34/><U56/><E56/><N who="2" m="34839" /><F46/><W65/><G65/><T31/><D31/><U62/><E103/><V11/><F11/><W43/><G43/><T110/><D102/><U101/><E101/><V116/><F116/><W111/><G111/><T100/><D110/><U92/><E36/><V96/><AGARI ba="0,0" hai="20,23,41,45,48,96,97,99" m="34839,8495" machi="96" ten="30,1100,0" yaku="8,1" doraHai="72" who="2" fromWho="2" sc="33,-3,220,-3,370,11,377,-5" owari="30,-47.0,217,-18.0,381,48.0,372,17.0" /></mjloggm>