<mjloggm ver="2.3"><GO type="169" lobby="0"/><UN n0="%E3%82%A6%E3%83%AB%E3%83%88%E3%83%A9%E7%AB%8B%E7%9B%B4" n1="%6B%65%69%72%79%6F" n2="%4A%55%4E%4B%45%52%53" n3="%E3%82%AF%E3%83%83%E3%83%91%E8%A3%8F" dan="17,16,17,16" rate="2058.61,2052.44,2186.32,2090.56" sx="M,F,M,F"/><TAIKYOKU oya="0"/><INIT seed="0,0,0,3,0,30" ten="250,250,250,250" oya="0" hai0="48,35,103,62,25,17,6,117,77,16,67,38,85" hai1="95,64,13,63,81,18,96,44,106,71,119,83,111" hai2="5,7,21,127,94,122,66,133,53,86,84,98,73" hai3="121,26,105,46,4,40,88,12,2,100,50,3,125"/><T47/><D38/><U39/><E119/><V8/><F73/><W59/><G100/><T54/><D117/><U31/><E106/><V104/><F122/><W61/><G105/><T37/><D37/><U68/><E68/><V36/><F36/><W113/><G113/><T33/><D6/><U34/><E111/><V90/><F133/><W135/><G135/><T93/><D77/><U27/><E44/><V49/><F127/><W114/><G114/><T28/><D35/><U58/><E71/><V69/><F66/><W32/><G125/><T79/><D79/><U99/><E39/><V29/><F69/><W9/><G121/><T78/><D78/><U112/><E112/><V56/><F104/><W22/><G88/><T57/><REACH who="0" step="1"/><D85/><REACH who="0" ten="240,250,250,250" step="2"/><U45/><E34/><V75/><F75/><W134/><G32/><T0/><D0/><U72/><E72/><V124/><F124/><W23/><G134/><T60/><D60/><U108/><E63/><V80/><F86/><W129/><G3/><T89/><D89/><U132/><E132/><V1/><F7/><W91/><G91/><T41/><D41/><U131/><E108/><V92/><F98/><AGARI ba="0,1" hai="16,17,25,28,33,47,48,54,57,62,67,93,98,103" machi="98" ten="40,12000,1" yaku="1,1,52,1,54,1,53,2" doraHai="30" doraHaiUra="14" who="0" fromWho="2" sc="240,130,250,0,250,-120,250,0" /><INIT seed="0,1,0,1,2,111" ten="370,250,130,250" oya="0" hai0="64,38,92,125,63,30,85,55,122,130,72,121,95" hai1="45,94,126,115,71,119,128,43,76,109,103,74,24" hai2="112,5,40,1,100,31,7,58,132,134,135,79,56" hai3="83,41,82,117,3,52,44,46,96,97,23,93,89"/><T22/><D72/><U116/><E76/><V67/><F79/><W110/><G3/><T91/><D125/><U80/><E80/><V98/><F40/><W39/><G110/><T86/><D130/><U35/><E94/><V69/><F31/><W65/><G65/><T27/><D55/><U87/><E87/><V66/><F1/><W84/><G117/><T0/><D38/><U26/><E26/><V53/><F69/><W2/><G2/><T29/><D29/><U99/><E109/><V61/><F112/><W18/><G83/><T20/><D20/><U108/><E108/><V106/><REACH who="2" step="1"/><F67/><REACH who="2" ten="370,250,120,250" step="2"/><W47/><G41/><T81/><D0/><U28/><E115/><V54/><F54/><W70/><G70/><T4/><D64/><U131/><E28/><V19/><F19/><W62/><G39/><T60/><D30/><U25/><E43/><V57/><F57/><N who="3" m="35111" /><G82/><T127/><D81/><U101/><E71/><V21/><F21/><W32/><G32/><T123/><D22/><U11/><E35/><V10/><F10/><W9/><G9/><T15/><D122/><U104/><E11/><V36/><F36/><W102/><G102/><T114/><D121/><U51/><E103/><V133/><N who="2" m="33792" /><DORA hai="14" /><V50/><AGARI ba="1,1" hai="5,7,50,53,56,58,61,66,98,100,106" m="33792" machi="50" ten="60,8000,1" yaku="1,1,4,1,0,1,20,1,53,0" doraHai="111,14" doraHaiUra="8,68" who="2" fromWho="2" sc="370,-41,250,-21,120,93,250,-21" /><INIT seed="1,0,0,3,3,35" ten="329,229,213,229" oya="1" hai0="81,91,122,71,17,113,40,73,77,27,107,116,32" hai1="102,98,11,88,18,1,111,28,68,69,83,121,86" hai2="93,126,43,44,103,20,87,110,101,37,56,42,89" hai3="78,26,66,109,29,65,125,14,92,85,31,76,7"/><U33/><E121/><V36/><F110/><W12/><G109/><T120/><D116/><U59/><E111/><V84/><F126/><W60/><G125/><T118/><D118/><U130/><E130/><V106/><F56/><W97/><G31/><N who="0" m="19583" /><D113/><U21/><E33/><V24/><F106/><W94/><G65/><T75/><D91/><U25/><E59/><V3/><F3/><W53/><G53/><T132/><D17/><U127/><E127/><V135/><F135/><W62/><G66/><T114/><D114/><U104/><REACH who="1" step="1"/><E18/><REACH who="1" ten="329,219,213,229" step="2"/><V46/><REACH who="2" step="1"/><F87/><REACH who="2" ten="329,219,203,229" step="2"/><W96/><G85/><N who="0" m="48303" /><D122/><U47/><E47/><V99/><F99/><W108/><G96/><T80/><D120/><U22/><E22/><V74/><F74/><W72/><G97/><T63/><D75/><U0/><E0/><V117/><F117/><W41/><G72/><T70/><D73/><U54/><E54/><V133/><F133/><W115/><G108/><T79/><D132/><U100/><E100/><V128/><F128/><W105/><G115/><T13/><D71/><U51/><E51/><V30/><AGARI ba="0,2" hai="20,24,30,36,37,42,43,44,46,84,89,93,101,103" machi="30" ten="20,5200,0" yaku="1,1,0,1,7,1,9,1,53,0" doraHai="35" doraHaiUra="5" who="2" fromWho="2" sc="329,-13,219,-26,203,72,229,-13" /><INIT seed="2,0,0,5,3,18" ten="316,193,275,216" oya="2" hai0="2,59,16,30,45,71,90,5,132,127,119,57,107" hai1="69,122,102,88,32,135,56,67,66,60,130,36,81" hai2="73,54,99,14,15,4,98,109,63,29,101,47,85" hai3="84,17,22,11,0,113,87,13,58,9,62,27,72"/><V12/><F73/><W134/><G72/><T86/><D71/><U28/><E36/><V70/><F109/><W40/><G113/><T110/><D107/><U112/><E112/><V43/><F29/><W52/><G134/><T6/><D110/><U125/><E135/><V123/><F123/><W77/><G40/><T21/><D132/><U94/><E122/><V48/><F4/><N who="0" m="1642" /><D2/><U74/><E102/><V104/><F99/><W25/><G0/><T96/><D127/><U7/><E7/><V105/><F85/><N who="3" m="32843" /><G77/><T31/><D96/><U34/><E125/><V3/><F3/><W23/><G25/><N who="0" m="14503" /><D45/><U114/><E114/><V97/><F70/><W103/><G103/><T50/><D119/><U44/><E44/><V93/><F98/><W35/><G35/><T37/><D37/><U118/><E118/><V46/><F46/><W80/><G80/><N who="0" m="49479" /><D59/><U38/><E56/><N who="2" m="35223" /><F105/><W115/><G115/><T129/><D129/><U121/><E38/><V33/><F33/><W100/><G100/><T83/><D83/><U111/><E81/><V108/><F108/><W126/><G126/><T64/><D64/><U92/><E66/><V117/><F117/><W116/><G116/><T128/><D128/><U106/><E67/><V19/><F104/><W76/><G76/><T41/><D41/><U120/><E106/><V82/><F82/><W42/><G42/><T8/><D8/><AGARI ba="0,0" hai="8,12,14,15,19,43,47,48,93,97,101" m="35223" machi="8" ten="30,1500,0" yaku="8,1" doraHai="18" who="2" fromWho="0" sc="316,-15,193,0,275,15,216,0" /><INIT seed="2,1,0,5,5,57" ten="301,193,290,216" oya="2" hai0="101,48,45,21,129,41,90,119,22,13,117,61,40" hai1="6,78,88,34,29,63,28,42,110,113,109,128,124" hai2="94,89,12,114,100,46,47,105,7,55,35,39,51" hai3="54,103,84,43,79,11,107,10,123,83,68,64,16"/><V80/><F114/><W75/><G123/><T38/><D129/><U49/><E113/><V97/><F35/><W131/><G131/><T14/><D101/><U25/><E128/><V20/><F80/><W62/><G43/><T76/><D76/><U67/><E124/><V31/><F39/><W130/><G130/><T4/><D90/><U112/><E112/><V93/><F105/><W56/><G75/><T17/><D4/><U9/><E78/><V69/><F69/><W66/><G66/><T98/><D98/><U85/><E42/><V74/><F74/><W99/><REACH who="3" step="1"/><G16/><REACH who="3" ten="301,193,290,206" step="2"/><N who="0" m="10383" /><D38/><U70/><E67/><V3/><F31/><W72/><G72/><T133/><D133/><U52/><E28/><V32/><F7/><W122/><G122/><T81/><D41/><U96/><E29/><V18/><F32/><W116/><G116/><T86/><D117/><U0/><E34/><V44/><REACH who="2" step="1"/><F3/><REACH who="2" ten="301,193,280,206" step="2"/><W125/><G125/><T73/><D73/><U126/><E0/><V30/><F30/><W121/><G121/><T106/><D119/><U118/><E118/><V50/><F50/><AGARI ba="1,2" hai="10,11,50,54,56,62,64,68,79,83,84,99,103,107" machi="50" ten="30,3900,0" yaku="1,1,7,1,52,1,53,0" doraHai="57" doraHaiUra="135" who="3" fromWho="2" sc="301,0,193,0,280,-42,206,62" /><INIT seed="3,0,0,3,0,12" ten="301,193,238,268" oya="3" hai0="64,9,55,120,109,43,94,25,88,125,5,66,95" hai1="20,83,123,75,89,23,72,103,80,82,47,131,130" hai2="11,106,118,46,135,13,3,122,129,22,69,38,71" hai3="56,98,39,42,57,0,85,92,30,50,36,105,32"/><W19/><G0/><T49/><D120/><U16/><E123/><V99/><F122/><W15/><G32/><T127/><D43/><U41/><E103/><V119/><F129/><N who="1" m="49161" /><E89/><V73/><F73/><W76/><G30/><T58/><D95/><U79/><E23/><V87/><F69/><W70/><G70/><T114/><D114/><U115/><E115/><V101/><F71/><W113/><G113/><T28/><D109/><U54/><E54/><V1/><F1/><W126/><G126/><T35/><D125/><U134/><E134/><V45/><F3/><W104/><G104/><T29/><D29/><U128/><N who="1" m="49169" /><U65/><DORA hai="93" /><E65/><V59/><F135/><W91/><G105/><T21/><D35/><U90/><E90/><V96/><F22/><W4/><G4/><T34/><D34/><U8/><E8/><V10/><F10/><W63/><G39/><T74/><D74/><U62/><E62/><V6/><F38/><W97/><G36/><T37/><D37/><N who="1" m="21935" /><E75/><V2/><F106/><W117/><G117/><T111/><D127/><U18/><E18/><V14/><F101/><W17/><G17/><T116/><D116/><U107/><E107/><V60/><F119/><W27/><G27/><AGARI ba="0,0" hai="16,20,27,72,79,80,82,83" m="21935,49169" machi="27" ten="40,5200,0" yaku="19,1,52,1,54,1" doraHai="12,93" who="1" fromWho="3" sc="301,0,193,52,238,0,268,-52" /><INIT seed="4,0,0,5,3,67" ten="301,245,238,216" oya="0" hai0="122,28,98,104,42,92,117,31,48,70,129,12,91" hai1="36,120,37,11,64,66,105,84,30,14,46,41,1" hai2="134,96,17,76,86,110,125,99,100,40,74,123,16" hai3="57,63,44,112,83,106,133,126,19,121,128,69,116"/><T7/><D122/><U103/><E120/><V87/><F123/><W10/><G106/><T94/><D104/><U35/><E1/><V8/><F110/><W135/><G121/><T61/><D117/><U29/><E36/><V80/><F40/><W131/><G116/><T115/><D129/><N who="3" m="49737" /><G83/><T102/><D115/><U60/><E35/><V50/><F134/><N who="3" m="51211" /><G44/><N who="0" m="25623" /><D70/><U51/><E37/><V108/><F108/><W132/><N who="3" m="51219" /><W34/><DORA hai="52" /><G34/><T93/><D61/><U18/><E84/><V54/><F87/><W59/><G112/><T119/><D119/><U56/><REACH who="1" step="1"/><E66/><REACH who="1" ten="301,235,238,216" step="2"/><V2/><F86/><W85/><G85/><N who="0" m="52335" /><D94/><U32/><E32/><V47/><F74/><W97/><G97/><AGARI ba="0,1" hai="11,14,18,29,30,41,46,51,56,60,64,97,103,105" machi="97" ten="40,2600,0" yaku="1,1,52,1,53,0" doraHai="67,52" doraHaiUra="73,22" who="1" fromWho="3" sc="301,0,235,36,238,0,216,-26" /><INIT seed="5,0,0,1,4,106" ten="301,271,238,190" oya="1" hai0="24,3,95,104,76,28,14,115,135,118,128,131,77" hai1="78,15,51,79,46,84,132,83,33,99,114,119,26" hai2="56,125,17,91,89,92,81,100,39,11,126,110,112" hai3="69,88,9,35,63,103,37,111,6,36,108,43,48"/><U93/><E119/><V120/><F39/><W130/><G35/><T124/><D104/><U7/><E114/><V34/><F34/><W31/><G31/><T107/><D107/><U67/><E132/><V134/><F56/><W70/><G103/><T94/><D3/><U59/><E33/><V57/><F57/><W85/><G130/><T44/><D118/><U102/><E26/><V73/><F11/><W129/><G129/><N who="0" m="49739" /><D115/><U23/><E59/><V87/><F17/><W127/><G127/><N who="2" m="48649" /><F110/><W25/><G25/><T49/><D14/><U0/><E0/><V86/><F120/><W45/><G37/><T60/><D60/><U22/><E67/><V71/><F71/><W61/><G69/><T133/><D124/><U113/><E78/><N who="0" m="30313" /><D24/><U47/><E113/><V65/><F112/><W116/><G116/><T13/><D13/><U109/><E109/><V27/><F27/><W96/><G36/><T98/><D28/><U1/><E1/><V66/><F134/><N who="0" m="51210" /><D98/><U38/><E15/><V101/><F66/><W20/><G96/><T2/><D2/><U12/><E12/><V80/><F65/><W82/><G70/><T58/><D58/><U97/><E97/><N who="2" m="57503" /><F81/><W62/><REACH who="3" step="1"/><G20/><REACH who="3" ten="301,271,238,180" step="2"/><T30/><D30/><U40/><REACH who="1" step="1"/><E7/><REACH who="1" ten="301,261,238,180" step="2"/><V4/><F4/><W8/><G8/><T121/><D121/><U21/><E21/><V52/><F87/><W122/><G122/><T74/><D44/><U41/><AGARI ba="0,2" hai="22,23,38,40,41,46,47,51,79,83,84,93,99,102" machi="41" ten="20,7800,0" yaku="1,1,0,1,7,1,53,1" doraHai="106" doraHaiUra="72" who="1" fromWho="1" sc="301,-26,261,98,238,-26,180,-26" /><INIT seed="5,1,0,2,3,78" ten="275,359,212,154" oya="1" hai0="72,37,130,49,1,89,50,116,128,112,54,30,60" hai1="45,101,77,10,125,90,59,85,65,121,19,126,81" hai2="80,47,97,51,109,75,31,133,83,129,79,8,44" hai3="108,42,124,99,68,52,53,123,61,17,15,93,41"/><U24/><E121/><V13/><F109/><W36/><G123/><T22/><D1/><U127/><E101/><V110/><F110/><W132/><G108/><T55/><D37/><U18/><E45/><V98/><F31/><W95/><G124/><T46/><D116/><U28/><E10/><V5/><F133/><W131/><G132/><T107/><D107/><U48/><E77/><V94/><F129/><W58/><G131/><T134/><D72/><U34/><REACH who="1" step="1"/><E65/><REACH who="1" ten="275,349,212,154" step="2"/><V135/><F135/><W3/><G3/><T69/><D134/><U66/><E66/><V100/><F47/><W29/><G36/><T70/><D128/><U82/><E82/><N who="2" m="31275" /><F75/><W63/><G93/><T84/><D130/><U91/><E91/><N who="2" m="55519" /><F79/><W27/><G42/><T7/><D46/><U0/><E0/><V43/><F100/><W92/><G41/><T96/><D89/><U103/><E103/><V122/><F122/><W16/><G16/><T33/><D30/><U120/><E120/><V102/><F102/><W73/><G17/><T104/><D104/><U9/><E9/><V62/><F43/><W88/><G73/><T106/><D106/><U25/><E25/><V113/><F44/><W14/><G27/><T6/><D69/><U87/><E87/><V114/><F98/><W57/><G99/><T21/><D96/><U64/><E64/><V105/><F105/><W38/><G68/><T39/><D70/><U71/><E71/><V118/><F8/><W67/><G67/><T56/><D39/><U26/><E26/><V23/><F118/><W119/><G119/><T2/><D2/><RYUUKYOKU ba="1,1" sc="275,-10,349,30,212,-10,154,-10" hai1="18,19,24,28,34,48,59,81,85,90,125,126,127" /><INIT seed="5,2,1,1,4,71" ten="265,379,202,144" oya="1" hai0="111,83,97,114,79,132,72,123,2,18,6,80,10" hai1="113,85,54,88,52,7,116,115,125,100,31,15,43" hai2="8,112,57,49,4,91,118,129,64,108,48,20,40" hai3="45,130,87,77,62,122,127,35,61,104,98,75,41"/><U89/><E116/><V107/><F118/><W109/><G122/><T32/><D111/><U13/><E125/><V90/><F108/><W120/><G35/><T59/><D123/><U44/><E100/><V29/><F107/><W16/><G120/><T28/><D132/><U70/><E70/><V33/><F33/><W95/><G109/><T26/><D114/><N who="1" m="43531" /><E31/><V110/><F110/><W23/><G127/><T66/><D83/><N who="1" m="49215" /><E89/><V103/><F91/><W124/><G124/><T30/><D30/><U92/><E92/><V5/><F90/><W82/><G130/><T133/><D97/><U58/><E7/><V86/><F5/><W53/><G53/><N who="1" m="20586" /><E58/><V102/><F57/><W42/><G104/><T24/><D133/><U37/><AGARI ba="2,1" hai="13,15,37,43,44" m="20586,49215,43531" machi="37" ten="30,11700,0" yaku="15,1,52,1,54,2" doraHai="71" who="1" fromWho="1" sc="265,-41,379,133,202,-41,144,-41" /><INIT seed="5,3,0,1,5,129" ten="224,512,161,103" oya="1" hai0="32,133,37,31,17,40,89,51,42,134,62,21,34" hai1="82,61,35,47,49,55,132,25,66,39,45,106,7" hai2="9,97,88,107,99,119,50,85,91,101,135,90,108" hai3="69,53,93,41,80,4,0,46,123,100,73,71,113"/><U120/><E106/><V19/><F50/><W26/><G123/><T115/><D31/><U67/><E7/><V2/><F2/><W6/><G113/><T130/><D37/><U125/><E82/><V79/><F9/><W44/><G53/><T76/><D76/><U105/><E105/><V59/><F59/><W104/><G104/><T103/><D103/><U70/><E25/><V78/><F19/><W98/><G26/><T29/><D29/><U48/><E35/><V20/><F20/><W112/><G112/><T127/><D115/><U131/><E120/><V60/><F60/><W3/><G6/><T43/><D51/><U28/><E28/><V16/><F16/><W86/><G73/><T15/><D130/><U14/><E14/><V38/><F38/><W111/><G111/><T94/><D62/><N who="1" m="40279" /><E131/><V122/><F122/><W57/><G57/><T95/><D95/><U5/><E5/><V36/><F119/><W54/><G54/><T8/><D21/><U114/><E114/><V23/><F23/><W30/><G30/><T102/><D102/><U126/><E39/><V128/><F36/><W12/><G3/><T87/><REACH who="0" step="1"/><D127/><REACH who="0" ten="214,512,161,103" step="2"/><U18/><E126/><V109/><F107/><W68/><G0/><T24/><D24/><U118/><E125/><V13/><F128/><W77/><REACH who="3" step="1"/><G41/><REACH who="3" ten="214,512,161,93" step="2"/><T56/><D56/><U110/><E110/><V75/><F108/><W11/><AGARI ba="3,2" hai="4,11,12,44,46,68,69,71,77,80,86,93,98,100" machi="11" ten="40,8000,1" yaku="1,1,2,1,0,1,53,1" doraHai="129" doraHaiUra="72" who="3" fromWho="3" sc="214,-23,512,-43,161,-23,93,109" /><INIT seed="6,0,0,0,1,51" ten="191,469,138,202" oya="2" hai0="124,3,101,36,87,17,85,38,116,9,62,58,11" hai1="47,79,5,1,20,0,90,66,78,21,127,56,84" hai2="8,59,83,35,97,30,55,94,82,45,4,77,10" hai3="43,120,33,24,73,52,89,100,16,63,39,25,60"/><V2/><F10/><W18/><G73/><T95/><D116/><U135/><E21/><V115/><F115/><W110/><G120/><T88/><D124/><U128/><E127/><V99/><F35/><W121/><G121/><T6/><D101/><U81/><E128/><V69/><F30/><W107/><G110/><T92/><D17/><N who="3" m="6761" /><G33/><T71/><D71/><U50/><E135/><V86/><F69/><W19/><G39/><T133/><D133/><U12/><E1/><V61/><F94/><W125/><G43/><T105/><D105/><U57/><E0/><V117/><F117/><W7/><G7/><T40/><D40/><U70/><E70/><V13/><F2/><W108/><G108/><T53/><D11/><N who="1" m="4207" /><E20/><V118/><F118/><W96/><G107/><T76/><D76/><N who="1" m="29227" /><E66/><V126/><F126/><W26/><G125/><T114/><D114/><U98/><E98/><V42/><REACH who="2" step="1"/><F83/><REACH who="2" ten="191,469,128,202" step="2"/><W106/><G106/><T112/><D112/><U29/><E29/><V49/><AGARI ba="0,1" hai="4,8,13,42,45,49,55,59,61,77,82,86,97,99" machi="49" ten="20,24000,3" yaku="1,1,2,1,0,1,7,1,25,2,8,1,52,1,53,1" doraHai="51" doraHaiUra="44" who="2" fromWho="2" sc="191,-80,469,-80,128,250,202,-80" /><INIT seed="6,1,0,1,5,13" ten="111,389,378,122" oya="2" hai0="115,128,7,113,129,20,46,100,85,109,107,42,81" hai1="18,11,1,135,35,77,112,23,49,70,122,73,76" hai2="93,51,47,80,90,63,94,104,62,12,133,64,96" hai3="108,121,58,24,3,4,68,37,52,123,110,106,71"/><V124/><F104/><W86/><G106/><T27/><D7/><U6/><E35/><V118/><F118/><W53/><G86/><T120/><D100/><U66/><E112/><N who="0" m="43081" /><D107/><U69/><E122/><N who="3" m="46602" /><G24/><T59/><D59/><U75/><E135/><V54/><F133/><W32/><G4/><T84/><D120/><U45/><E76/><V57/><F124/><W17/><G17/><N who="0" m="12687" /><D84/><U25/><E66/><V15/><F80/><W26/><G26/><T102/><D102/><U39/><E39/><V105/><F105/><W0/><G32/><T28/><D28/><U111/><E111/><N who="3" m="42538" /><G58/><T40/><D109/><U125/><E125/><V134/><F134/><W92/><G92/><T132/><D132/><U127/><E127/><V89/><REACH who="2" step="1"/><F63/><REACH who="2" ten="111,389,368,122" step="2"/><W21/><G37/><T34/><D81/><U48/><E73/><V38/><F38/><W119/><G119/><T50/><D34/><U9/><E75/><V98/><AGARI ba="1,1" hai="12,15,47,51,54,57,62,64,89,90,93,94,96,98" machi="98" ten="20,12000,1" yaku="1,1,0,1,7,1,9,1,8,1,53,0" doraHai="13" doraHaiUra="130" who="2" fromWho="2" sc="111,-41,389,-41,368,133,122,-41" /><INIT seed="6,2,0,2,4,88" ten="70,348,501,81" oya="2" hai0="72,49,16,89,123,57,75,102,65,44,83,68,120" hai1="105,39,31,45,36,55,87,2,22,74,11,13,48" hai2="93,59,85,29,134,43,3,52,41,30,63,56,116" hai3="54,129,98,86,121,50,99,114,34,124,10,17,42"/><V81/><F3/><W58/><G34/><T110/><D68/><U4/><E74/><V53/><F116/><W107/><G107/><T37/><D102/><U23/><E105/><V62/><F134/><W38/><G121/><T127/><D110/><U67/><E67/><V97/><F85/><W69/><G69/><T95/><D37/><U91/><E2/><V25/><F81/><W47/><G124/><T9/><D127/><U21/><REACH who="1" step="1"/><E31/><REACH who="1" ten="70,338,501,81" step="2"/><V71/><F30/><W115/><G129/><T118/><D75/><U26/><E26/><V79/><F25/><W82/><G115/><T130/><D130/><U135/><E135/><V104/><F29/><W122/><G114/><T119/><D72/><U51/><E51/><V96/><F104/><W28/><G122/><T126/><D123/><U78/><E78/><V61/><F79/><W35/><G28/><T6/><D120/><U70/><E70/><V77/><F77/><W109/><G50/><T15/><D126/><U103/><E103/><V19/><F71/><W101/><G38/><T0/><D0/><U100/><E100/><V66/><F66/><W27/><G101/><T7/><D119/><U133/><E133/><V32/><F32/><W117/><G35/><T24/><D24/><U20/><N who="1" m="5632" /><DORA hai="112" /><U131/><E131/><V80/><F62/><W46/><G27/><T18/><D118/><U33/><E33/><V12/><F61/><W60/><G60/><T76/><D65/><U94/><AGARI ba="2,1" hai="4,11,13,36,39,45,48,55,87,91,94" m="5632" machi="94" ten="40,8000,1" yaku="1,1,0,1,52,1,53,1" doraHai="88,112" doraHaiUra="111,40" who="1" fromWho="1" sc="70,-22,338,96,501,-42,81,-22" /><INIT seed="7,0,0,1,2,44" ten="48,434,459,59" oya="3" hai0="51,83,19,95,6,116,43,87,64,129,45,59,109" hai1="50,107,93,5,84,53,94,0,28,85,32,10,131" hai2="75,132,68,33,74,17,77,2,118,60,86,113,119" hai3="37,108,104,101,69,79,128,91,120,35,46,58,106"/><W78/><G69/><T8/><D109/><U31/><E107/><V30/><F2/><W133/><G35/><T100/><D116/><U73/><E73/><V29/><F113/><W98/><G108/><T23/><D129/><U92/><E131/><V12/><F132/><W24/><G120/><T105/><D105/><U122/><E122/><V39/><F39/><W135/><G128/><T103/><D95/><U110/><E110/><V14/><F86/><W54/><G24/><T127/><D127/><U52/><E53/><V117/><F12/><W114/><G104/><T72/><D72/><U34/><E34/><V70/><F75/><W18/><G18/><T82/><D82/><U99/><E99/><V56/><F77/><W11/><G11/><T13/><D59/><U47/><REACH who="1" step="1"/><E32/><REACH who="1" ten="48,424,459,59" step="2"/><V76/><F74/><W1/><G98/><T102/><D64/><U9/><E9/><V62/><F76/><W63/><G79/><T61/><D61/><U26/><E26/><N who="2" m="18647" /><F62/><W115/><G63/><T16/><D23/><U130/><E130/><V49/><F29/><AGARI ba="0,1" hai="0,5,10,28,29,31,47,50,52,84,85,92,93,94" machi="29" ten="40,5200,0" yaku="1,1,52,1,54,1,53,0" doraHai="44" doraHaiUra="21" who="1" fromWho="2" sc="48,0,424,62,459,-52,59,0" owari="48,-45.0,486,58.0,407,21.0,59,-34.0" /></mjloggm>