<mjloggm ver="2.3"><GO type="97" lobby="0"/><UN n0="%63%61%63%61%6F" n1="%E9%82%A6%E6%9D%91%E9%95%B7" n2="%6C%75%6C%75%E2%98%85" n3="%E3%82%A6%E3%83%AB%E3%83%88%E3%83%A9%E7%AB%8B%E7%9B%B4" dan="15,13,13,15" rate="1944.34,1900.02,1968.39,1969.77" sx="M,M,F,M"/><TAIKYOKU oya="0"/><INIT seed="0,0,0,4,3,43" ten="250,250,250,250" oya="0" hai0="45,36,132,64,2,55,61,54,85,51,18,77,130" hai1="86,30,97,28,0,119,113,60,89,5,135,27,81" hai2="40,38,125,72,14,82,37,9,65,47,31,15,129" hai3="3,34,92,22,120,134,87,33,123,35,91,117,126"/><T88/><D2/><U48/><E119/><V124/><F65/><W78/><G117/><T20/><D132/><U1/><E135/><V96/><F31/><W128/><G134/><T95/><D130/><U42/><E113/><V102/><F38/><W17/><G3/><T100/><D36/><U99/><E60/><V59/><F59/><W80/><G126/><N who="2" m="48745" /><F129/><W133/><G128/><T52/><D77/><U76/><E1/><V84/><F72/><W11/><G11/><T103/><D103/><U57/><E5/><V53/><F53/><W44/><G133/><T58/><D100/><U110/><E0/><V68/><F68/><W115/><G115/><T66/><REACH who="0" step="1"/><D64/><REACH who="0" ten="240,250,250,250" step="2"/><U21/><E110/><V46/><F37/><W74/><G123/><T50/><D50/><U111/><E111/><V93/><F102/><W63/><G120/><T127/><D127/><U101/><E76/><V13/><F9/><W90/><G78/><T24/><AGARI ba="0,1" hai="18,20,24,45,51,52,54,55,58,61,66,85,88,95" machi="24" ten="20,18000,2" yaku="1,1,0,1,7,1,8,1,52,1,54,2,53,0" doraHai="43" doraHaiUra="79" who="0" fromWho="0" sc="240,190,250,-60,250,-60,250,-60" /><INIT seed="0,1,0,3,5,134" ten="430,190,190,190" oya="0" hai0="66,40,9,124,129,56,93,5,78,16,19,83,95" hai1="67,24,3,70,109,69,26,81,54,23,36,51,127" hai2="107,122,45,92,25,42,119,6,2,97,112,18,80" hai3="50,47,85,104,110,65,84,60,31,121,48,21,8"/><T32/><D32/><U111/><E3/><V74/><F107/><W123/><G104/><T52/><D40/><U100/><E81/><V64/><F64/><W0/><G110/><N who="1" m="41994" /><E100/><V132/><F122/><N who="3" m="46603" /><G48/><T77/><D66/><U75/><E75/><V7/><F112/><W94/><G94/><T49/><D129/><U99/><E99/><V108/><F132/><W37/><G37/><T130/><D130/><U116/><E116/><V15/><F108/><W135/><G135/><T12/><D124/><U118/><E118/><V71/><F71/><N who="1" m="27145" /><E67/><V113/><F25/><N who="1" m="9833" /><E23/><V34/><F34/><W17/><G0/><T89/><D95/><U30/><E36/><V46/><F2/><W72/><G72/><T58/><D77/><U96/><E96/><V55/><F119/><W38/><G38/><T29/><D78/><U33/><E33/><V44/><F42/><W73/><G73/><T101/><D101/><U82/><E82/><V27/><F27/><W128/><G128/><T39/><D83/><U28/><E127/><V13/><F74/><W79/><G79/><T120/><D39/><U41/><E41/><V62/><F80/><W125/><G125/><T86/><D120/><U133/><E133/><V98/><F98/><W14/><G21/><T76/><D76/><U87/><E87/><V22/><F97/><W90/><G85/><T63/><D29/><U59/><AGARI ba="1,0" hai="28,30,51,54,59" m="9833,27145,41994" machi="59" ten="40,1500,0" yaku="14,1" doraHai="134" who="1" fromWho="1" sc="430,-8,190,18,190,-5,190,-5" /><INIT seed="1,0,0,2,5,131" ten="422,208,185,185" oya="1" hai0="11,3,28,24,44,126,72,35,121,12,17,62,23" hai1="117,96,106,66,114,63,67,103,124,50,102,60,74" hai2="80,115,76,86,52,56,39,107,58,15,64,6,73" hai3="125,57,32,99,45,97,82,127,49,119,10,37,47"/><U14/><E114/><V105/><F107/><W20/><G32/><T7/><D121/><U122/><E117/><V134/><F105/><W79/><G119/><T29/><D72/><U77/><E122/><V89/><F39/><W98/><G20/><T31/><D44/><N who="3" m="16969" /><G37/><T16/><D62/><U112/><E112/><V55/><F115/><W43/><G43/><T68/><D68/><U22/><E50/><V59/><F64/><W95/><G10/><N who="0" m="6167" /><D126/><N who="3" m="48137" /><G57/><T94/><D94/><U133/><E124/><V100/><F100/><N who="3" m="60479" /><G49/><T75/><D75/><AGARI ba="0,0" hai="75,79,82,98,99" m="60479,48137,16969" machi="75" ten="30,1000,0" yaku="18,1" doraHai="131" who="3" fromWho="0" sc="422,-10,208,0,185,0,185,10" /><INIT seed="2,0,0,3,2,76" ten="412,208,185,195" oya="2" hai0="0,113,116,66,131,128,1,120,80,135,12,59,130" hai1="57,54,78,102,103,75,22,105,64,19,30,48,41" hai2="61,97,111,114,89,31,6,119,45,21,36,68,104" hai3="108,28,107,117,8,90,50,37,98,51,53,18,26"/><V23/><F104/><W58/><G37/><T69/><D120/><U17/><E105/><V83/><F119/><W100/><G117/><T3/><D116/><U121/><E121/><V4/><F114/><W7/><G108/><T47/><D113/><U124/><E124/><V84/><F68/><W49/><G18/><N who="1" m="6666" /><E41/><V125/><F36/><W93/><G100/><N who="1" m="38442" /><E75/><V52/><F125/><W33/><REACH who="3" step="1"/><G107/><REACH who="3" ten="412,208,185,185" step="2"/><T39/><D39/><U71/><E71/><V72/><F111/><W60/><G60/><T67/><D135/><U94/><E64/><V14/><F61/><W44/><G44/><T134/><D134/><U27/><E78/><V88/><F31/><W123/><G123/><T13/><D69/><U126/><E126/><V40/><F45/><W73/><G73/><T86/><D47/><U87/><E48/><V112/><F72/><W38/><G38/><T32/><D67/><U79/><E57/><V16/><F112/><W10/><G10/><T92/><D66/><U63/><E63/><V2/><F40/><W46/><G46/><T43/><D59/><U15/><E54/><V118/><F118/><W110/><G110/><T106/><D43/><U56/><E56/><V24/><F52/><W133/><G133/><T55/><D106/><U11/><E11/><V81/><F24/><W99/><G99/><T35/><D55/><U62/><E62/><V20/><F97/><W34/><G34/><T29/><D35/><U129/><E129/><V65/><F65/><W77/><G77/><T70/><D70/><U25/><E79/><V74/><F74/><W5/><G5/><RYUUKYOKU ba="0,1" sc="412,-10,208,-10,185,-10,185,30" hai3="7,8,26,28,33,49,50,51,53,58,90,93,98" /><INIT seed="3,1,1,4,5,105" ten="402,198,175,215" oya="3" hai0="125,97,14,75,92,61,10,37,3,51,98,47,12" hai1="100,33,128,66,4,120,124,111,83,122,45,81,28" hai2="29,49,40,34,38,80,31,116,2,1,102,20,131" hai3="25,6,78,84,35,64,11,52,15,63,69,99,109"/><W133/><G133/><T53/><D75/><U68/><E111/><V72/><F38/><W96/><G109/><T67/><D125/><U121/><E124/><V26/><F116/><W27/><G52/><T9/><D37/><U118/><E118/><V103/><F131/><W56/><G69/><T71/><D3/><U101/><E45/><V77/><F2/><W134/><G134/><T76/><D76/><U19/><E4/><V108/><F1/><W57/><G57/><T79/><D79/><U87/><E19/><V48/><F108/><W55/><G64/><T60/><D60/><U23/><E33/><V85/><F85/><W88/><G78/><T0/><D0/><U22/><E128/><V91/><F91/><W30/><G27/><T65/><D65/><U36/><E36/><V117/><F117/><W126/><G126/><T112/><D112/><U93/><E66/><V8/><F8/><W13/><G13/><T135/><D135/><U46/><E68/><V5/><F5/><W42/><G42/><T24/><D24/><U44/><E28/><V50/><F40/><W107/><G107/><T89/><D98/><U21/><E87/><V39/><F39/><W119/><G119/><T130/><D130/><U95/><E101/><V58/><F58/><W59/><G59/><T70/><D70/><U18/><E100/><V43/><F43/><W17/><G6/><T132/><D132/><U82/><E18/><V123/><F123/><W86/><G86/><T113/><D113/><U115/><E115/><V73/><F73/><W110/><G110/><T16/><D14/><RYUUKYOKU ba="1,1" sc="402,0,198,0,175,0,215,0" hai0="9,10,12,16,47,51,53,61,67,71,89,92,97" hai1="21,22,23,44,46,81,82,83,93,95,120,121,122" hai2="20,26,29,31,34,48,49,50,72,77,80,102,103" hai3="11,15,17,25,30,35,55,56,63,84,88,96,99" /><INIT seed="3,2,1,2,1,28" ten="402,198,175,215" oya="3" hai0="53,97,71,29,107,91,46,105,63,134,19,41,90" hai1="64,82,20,57,95,135,40,22,4,83,14,23,89" hai2="13,76,96,94,38,74,21,69,93,85,99,127,112" hai3="27,111,123,50,51,16,113,61,17,72,108,132,110"/><W119/><G72/><T100/><D134/><U103/><E135/><V120/><F69/><W56/><G132/><T2/><D2/><U65/><E40/><V104/><F38/><W101/><G123/><T79/><D79/><U54/><E103/><V12/><F112/><W118/><G101/><T35/><D19/><N who="3" m="7241" /><G27/><N who="0" m="18879" /><D53/><U84/><E14/><N who="2" m="5739" /><F74/><W42/><G113/><T9/><D9/><U121/><E4/><V59/><F104/><W78/><G78/><T30/><D30/><U55/><E121/><V62/><F21/><W31/><G31/><T73/><D73/><U52/><REACH who="1" step="1"/><E57/><REACH who="1" ten="402,188,175,215" step="2"/><V45/><F120/><W11/><G42/><T43/><D43/><U67/><AGARI ba="2,2" hai="20,22,23,52,54,55,64,65,67,82,83,84,89,95" machi="67" ten="40,16000,3" yaku="1,1,2,1,0,1,29,2,8,1,54,1,53,3" doraHai="28" doraHaiUra="18" who="1" fromWho="1" sc="402,-42,188,186,175,-42,215,-82" owari="360,16.0,374,48.0,133,-27.0,133,-37.0" /></mjloggm>