<mjloggm ver="2.3"><GO type="97" lobby="0"/><UN n0="%74%6F%6D%6F%74%65%6E" n1="%6D%75%6B%65%6D%69%6E%67" n2="%E3%82%A6%E3%83%AB%E3%83%88%E3%83%A9%E7%AB%8B%E7%9B%B4" n3="%CE%B4%D0%BE%D1%8F%D1%8F%D1%83%22" dan="13,13,15,13" rate="1833.04,1863.16,1983.20,1863.31" sx="M,M,M,F"/><TAIKYOKU oya="0"/><INIT seed="0,0,0,1,2,121" ten="250,250,250,250" oya="0" hai0="43,62,25,84,82,118,52,49,58,78,5,38,22" hai1="46,61,32,120,24,10,48,92,117,116,91,119,134" hai2="133,35,57,11,63,0,26,87,44,105,104,77,135" hai3="72,85,56,128,109,126,86,4,79,14,93,45,125"/><T31/><D118/><U59/><E120/><V19/><F44/><W123/><G123/><T98/><D5/><U21/><E32/><V90/><F77/><W33/><G33/><T42/><D38/><U27/><E134/><V65/><F0/><W115/><G115/><T29/><D29/><U94/><E10/><V95/><F11/><N who="3" m="4455" /><G128/><T111/><D111/><U67/><E27/><V129/><F129/><W54/><G109/><T12/><D12/><U18/><REACH who="1" step="1"/><E91/><REACH who="1" ten="250,240,250,250" step="2"/><V75/><F35/><W53/><G125/><T132/><D132/><U39/><E39/><V47/><F90/><W34/><G34/><T16/><D31/><U23/><E23/><V55/><F26/><W102/><G126/><T122/><D122/><U112/><E112/><V6/><F135/><W40/><G79/><T101/><D62/><U73/><E73/><V37/><F75/><W30/><G72/><T28/><D28/><U50/><E50/><V106/><F63/><W20/><G30/><T124/><D124/><U15/><E15/><V103/><F133/><W51/><G20/><T97/><D97/><U66/><E66/><V13/><F65/><W1/><G1/><T81/><D81/><U100/><E100/><V17/><F103/><W127/><G127/><T68/><D68/><U69/><E69/><V3/><F13/><W8/><G8/><T80/><D80/><U110/><E110/><V131/><F3/><W36/><G36/><T107/><AGARI ba="0,1" hai="16,22,25,42,43,49,52,58,78,82,84,98,101,107" machi="107" ten="20,7800,0" yaku="0,1,7,1,54,2" doraHai="121" who="0" fromWho="0" sc="250,88,240,-26,250,-26,250,-26" /><INIT seed="0,1,0,0,1,89" ten="338,214,224,224" oya="0" hai0="134,105,121,18,113,29,36,9,19,69,61,106,41" hai1="116,104,135,56,85,52,112,25,60,11,33,67,98" hai2="97,43,58,70,90,24,78,7,74,115,71,35,42" hai3="72,47,37,103,53,84,15,23,14,114,133,34,76"/><T22/><D121/><U31/><E116/><V122/><F78/><W12/><G34/><T30/><D113/><U95/><E104/><V0/><F74/><W59/><G133/><T132/><D36/><U96/><E135/><N who="0" m="51753" /><D41/><U1/><E112/><V62/><F122/><W81/><G72/><T75/><D75/><U125/><E125/><V49/><F115/><W109/><G109/><T50/><D50/><U94/><E85/><V3/><F3/><W28/><G103/><T20/><D9/><U40/><E40/><V130/><F130/><W99/><G99/><T111/><D61/><U86/><E86/><V92/><F49/><W119/><G119/><T66/><D66/><U68/><E98/><V101/><F43/><W8/><G47/><T13/><D69/><U5/><E96/><V45/><F42/><W110/><G37/><T91/><D91/><U79/><E79/><V51/><F45/><W131/><G131/><T77/><D77/><U17/><E17/><N who="0" m="6153" /><D111/><U2/><E2/><V57/><F51/><AGARI ba="1,0" hai="1,5,11,25,31,33,51,52,56,60,67,68,94,95" machi="51" ten="30,7700,0" yaku="7,1,52,2,54,1" doraHai="89" who="1" fromWho="2" sc="338,0,214,80,224,-80,224,0" /><INIT seed="1,0,0,3,5,32" ten="338,294,144,224" oya="1" hai0="76,46,3,8,49,96,83,89,21,65,135,7,10" hai1="68,15,20,94,57,119,28,2,40,41,1,4,120" hai2="26,116,101,58,69,127,30,73,113,72,16,75,79" hai3="129,6,38,31,80,33,128,98,18,44,23,25,124"/><U29/><E120/><V117/><F69/><W78/><G124/><T66/><D135/><U47/><E119/><V111/><F113/><W36/><G98/><T64/><D21/><U92/><E68/><V14/><F127/><W130/><G44/><T104/><D10/><U103/><E92/><V0/><F111/><W84/><REACH who="3" step="1"/><G6/><REACH who="3" ten="338,294,144,214" step="2"/><T37/><D96/><U133/><E133/><V100/><F116/><W11/><G11/><T118/><D118/><U13/><E47/><V35/><F117/><W81/><G81/><T125/><D125/><U17/><E41/><V51/><F79/><W88/><G88/><T62/><D89/><U82/><E40/><V42/><F0/><N who="1" m="105" /><E82/><V53/><REACH who="2" step="1"/><F42/><REACH who="2" ten="338,294,134,214" step="2"/><W90/><G90/><T91/><D91/><U52/><E103/><V107/><F107/><W22/><G22/><AGARI ba="0,2" hai="14,16,22,26,30,35,51,53,58,72,73,75,100,101" machi="22" ten="40,2600,0" yaku="1,1,54,1,53,0" doraHai="32" doraHaiUra="109" who="2" fromWho="3" sc="338,0,294,0,134,46,214,-26" /><INIT seed="2,0,0,2,5,129" ten="338,294,180,188" oya="2" hai0="62,97,94,135,90,32,59,20,46,47,89,38,81" hai1="114,77,36,87,27,117,26,4,93,63,106,121,104" hai2="7,118,108,115,24,52,122,128,21,23,60,57,86" hai3="15,53,40,101,14,43,125,9,116,0,107,35,100"/><V41/><F122/><W68/><G116/><T74/><D32/><U134/><E117/><V84/><F118/><W92/><G68/><T49/><D38/><U113/><E121/><V131/><F115/><W37/><G35/><T17/><D135/><U11/><E36/><V54/><F41/><W96/><G125/><T98/><D49/><U78/><E63/><V6/><F108/><W111/><G111/><T67/><D74/><U10/><E134/><V44/><F44/><W29/><G29/><T72/><D72/><U120/><E120/><V130/><F54/><W25/><G25/><T48/><D48/><U19/><E93/><V69/><F69/><W133/><G133/><T2/><D2/><U58/><E87/><N who="2" m="33323" /><F23/><W61/><G0/><T3/><D3/><U55/><E58/><V112/><F112/><W83/><G37/><T132/><D132/><U99/><E99/><V51/><F51/><W73/><G43/><T5/><D5/><U124/><E4/><V8/><F8/><W70/><G9/><T109/><D109/><U45/><E45/><N who="0" m="16905" /><D81/><U105/><E105/><V65/><F65/><N who="3" m="41263" /><G83/><T102/><D98/><U12/><E124/><V127/><F127/><W123/><G123/><T64/><D64/><U79/><E55/><V56/><F56/><W18/><G73/><T50/><D50/><U80/><E80/><V28/><AGARI ba="0,0" hai="6,7,21,24,28,52,57,60,128,130,131" m="33323" machi="28" ten="40,3900,0" yaku="19,1,54,1" doraHai="129" who="2" fromWho="2" sc="338,-13,294,-13,180,39,188,-13" /><INIT seed="2,1,0,2,2,132" ten="325,281,219,175" oya="2" hai0="0,55,133,38,122,128,131,7,52,97,109,118,108" hai1="11,72,69,29,119,130,51,56,101,50,13,102,121" hai2="98,4,89,96,75,12,126,34,8,59,9,67,19" hai3="22,135,23,49,115,127,54,18,78,62,58,106,100"/><V31/><F75/><W114/><G135/><T46/><D0/><U10/><E69/><V26/><F89/><W60/><G78/><T111/><D133/><U28/><E119/><V33/><F96/><W53/><G106/><T61/><D97/><U32/><E72/><V35/><F98/><W129/><G100/><N who="1" m="38506" /><E32/><N who="2" m="12395" /><F59/><W95/><G95/><T6/><D6/><N who="1" m="3287" /><E130/><N who="0" m="49705" /><D7/><U103/><E121/><V25/><F67/><W80/><G80/><T92/><D92/><U41/><N who="1" m="38514" /><U47/><DORA hai="57" /><E11/><N who="2" m="4199" /><F126/><W76/><G76/><T88/><D88/><U71/><E71/><V44/><F44/><W42/><G129/><T20/><D20/><AGARI ba="1,0" hai="8,9,19,20,25,26,31,35" m="4199,12395" machi="20" ten="30,12000,1" yaku="35,5" doraHai="132,57" who="2" fromWho="0" sc="325,-123,281,0,219,123,175,0" /><INIT seed="2,2,0,3,3,113" ten="202,281,342,175" oya="2" hai0="28,109,13,121,34,90,64,135,61,46,86,0,38" hai1="114,101,130,108,53,84,3,100,40,1,105,65,87" hai2="63,33,70,55,19,58,110,52,9,85,39,112,18" hai3="7,60,82,51,102,54,116,95,132,35,128,47,117"/><V49/><F33/><W30/><G128/><T78/><D121/><U67/><E114/><V48/><F39/><W71/><G132/><T4/><D0/><U83/><E130/><V37/><F37/><W126/><G126/><T26/><D135/><U17/><E108/><V68/><F112/><W24/><G7/><T31/><D109/><U32/><E32/><V99/><F110/><W91/><G82/><T45/><D28/><U66/><E105/><V2/><F99/><W80/><G80/><T20/><D78/><U16/><E40/><V125/><F125/><W59/><G71/><T119/><D119/><U81/><E67/><V122/><F122/><W79/><G102/><T69/><D38/><U56/><E56/><V133/><F133/><W15/><G15/><T27/><D27/><U42/><E42/><V75/><F75/><W129/><G79/><T11/><D34/><U36/><E36/><V43/><F43/><W106/><G106/><T92/><AGARI ba="2,0" hai="4,11,13,20,26,31,45,46,61,64,69,86,90,92" machi="92" ten="20,1500,0" yaku="0,1,7,1" doraHai="113" who="0" fromWho="0" sc="202,21,281,-6,342,-9,175,-6" /><INIT seed="3,0,0,4,1,55" ten="223,275,333,169" oya="3" hai0="46,9,69,111,62,10,3,53,79,89,51,63,37" hai1="134,42,26,130,30,64,124,131,61,78,112,32,105" hai2="103,57,94,13,18,76,92,87,60,118,33,133,85" hai3="96,81,5,99,38,104,48,4,106,16,128,121,54"/><W49/><G38/><T77/><D111/><U50/><E112/><V117/><F33/><W35/><G35/><T43/><D9/><U1/><E105/><V41/><F41/><W24/><G121/><T109/><D109/><U91/><E78/><V17/><F133/><W88/><G128/><N who="1" m="49194" /><E1/><V98/><F17/><W11/><G104/><T90/><D77/><U84/><E124/><V2/><F2/><W58/><G49/><T39/><D79/><U21/><E134/><V47/><F47/><W101/><G99/><T71/><D89/><U125/><E125/><V122/><F122/><W44/><G44/><N who="0" m="23663" /><D90/><U66/><E32/><V19/><F76/><W102/><G102/><T7/><D7/><U115/><E115/><V132/><F132/><W28/><G11/><T100/><D100/><U40/><E66/><V86/><F118/><W31/><G31/><T70/><D10/><U123/><E50/><V97/><F13/><W126/><G126/><T23/><D23/><U27/><E27/><V20/><F20/><W95/><G28/><T113/><D3/><U135/><E135/><V67/><F117/><W36/><G36/><T107/><D107/><U74/><E74/><V116/><F116/><W12/><G12/><T0/><D0/><U14/><E14/><V93/><F103/><W110/><G110/><T52/><D113/><U129/><N who="1" m="49202" /><U108/><DORA hai="82" /><E108/><V15/><F15/><W72/><G106/><T59/><D39/><U65/><E123/><V75/><F75/><W80/><G72/><T68/><D68/><N who="1" m="41999" /><E65/><AGARI ba="0,0" hai="46,51,52,53,59,62,63,65,69,70,71" m="23663" machi="65" ten="30,12000,2" yaku="35,5,52,1,54,1" doraHai="55,82" who="0" fromWho="1" sc="223,120,275,-120,333,0,169,0" owari="343,44.0,155,-34.0,333,13.0,169,-23.0" /></mjloggm>