<mjloggm ver="2.3"><GO type="97" lobby="0"/><UN n0="%E3%82%A6%E3%83%AB%E3%83%88%E3%83%A9%E7%AB%8B%E7%9B%B4" n1="%6B%65%69%6D%61%73%6B" n2="%E8%B6%85%E8%83%BD%E5%8A%9B%E8%80%85" n3="%79%75%7A%75%6B%6F%68%61" dan="15,13,15,13" rate="1988.27,1854.19,1911.04,1817.81" sx="M,M,F,M"/><TAIKYOKU oya="0"/><INIT seed="0,0,0,3,5,38" ten="250,250,250,250" oya="0" hai0="72,2,60,109,101,14,55,98,32,66,89,113,21" hai1="69,78,129,104,67,122,88,97,30,132,93,81,99" hai2="63,51,120,3,8,11,125,5,0,119,85,35,90" hai3="96,44,65,102,73,59,15,37,82,79,108,116,1"/><T28/><D2/><U27/><E132/><V127/><F120/><W64/><G116/><T57/><D72/><U131/><E122/><V52/><F119/><W128/><G108/><T54/><D109/><U33/><E104/><V12/><F35/><W124/><G128/><T135/><D113/><U68/><E99/><V112/><F63/><W77/><G124/><N who="2" m="47689" /><F8/><W43/><G1/><T31/><D135/><U49/><E49/><V6/><F6/><W53/><G79/><T95/><D32/><U4/><E4/><V111/><F111/><W17/><G53/><T71/><D71/><U86/><REACH who="1" step="1"/><E67/><REACH who="1" ten="250,240,250,250" step="2"/><V19/><F5/><W29/><G64/><T123/><D123/><U7/><E7/><V107/><F107/><W56/><G65/><T106/><D106/><U45/><E45/><N who="2" m="27759" /><F112/><W94/><REACH who="3" step="1"/><G29/><REACH who="3" ten="250,240,250,240" step="2"/><T18/><D31/><U20/><E20/><AGARI ba="0,2" hai="15,17,20,37,43,44,56,59,73,77,82,94,96,102" machi="20" ten="30,7700,0" yaku="1,1,2,1,7,1,52,1,53,0" doraHai="38" doraHaiUra="117" who="3" fromWho="1" sc="250,0,240,-77,250,0,240,97" /><INIT seed="1,0,0,1,1,13" ten="250,163,250,337" oya="1" hai0="103,17,86,108,10,116,92,99,35,61,2,67,56" hai1="109,129,133,39,122,3,106,118,102,101,44,94,71" hai2="120,31,60,54,115,65,8,95,104,1,93,114,112" hai3="55,59,119,124,19,80,37,123,110,52,49,111,132"/><U72/><E101/><V36/><F120/><W82/><G123/><T79/><D35/><U128/><E102/><V85/><F104/><W34/><G119/><T5/><D116/><U130/><E44/><V41/><F31/><W48/><G34/><T135/><D135/><U62/><E62/><V25/><F25/><W84/><G132/><T90/><D108/><N who="3" m="41513" /><G124/><T15/><D79/><U100/><E94/><V46/><F54/><N who="3" m="20523" /><G37/><T91/><REACH who="0" step="1"/><D86/><REACH who="0" ten="240,163,250,337" step="2"/><U53/><E129/><V50/><F85/><W24/><G84/><T42/><D42/><U40/><E40/><V30/><F41/><W45/><G59/><T14/><D14/><U64/><E53/><V63/><F115/><W131/><G131/><T7/><D7/><U58/><E64/><V105/><F65/><W16/><G45/><T66/><D66/><U47/><E47/><V43/><F46/><W27/><G27/><T33/><D33/><U126/><E58/><V51/><F43/><W121/><G24/><T73/><D73/><U28/><E28/><V69/><F30/><W22/><G121/><T97/><D97/><U127/><E127/><V107/><F114/><W98/><G98/><T74/><D74/><U75/><E75/><V23/><F112/><W38/><G38/><T68/><D68/><U26/><E26/><V96/><F69/><W21/><G49/><T29/><D29/><U77/><E77/><V113/><F50/><W0/><G48/><T117/><D117/><U76/><E76/><V88/><F51/><W81/><G0/><T12/><D12/><U6/><E6/><V78/><F113/><RYUUKYOKU ba="0,1" sc="240,15,163,-15,250,-15,337,15" hai0="2,5,10,15,17,56,61,67,90,91,92,99,103" hai3="16,19,21,22,80,81,82" /><INIT seed="2,1,1,2,2,134" ten="255,148,235,352" oya="2" hai0="68,71,104,86,85,125,98,120,73,46,117,26,108" hai1="30,12,95,81,79,61,127,36,19,10,17,25,90" hai2="91,11,76,70,50,49,97,96,78,67,60,33,29" hai3="126,129,48,113,99,131,69,124,92,101,40,6,47"/><V75/><F11/><W15/><G69/><T13/><D73/><U111/><E36/><V53/><F50/><W16/><G113/><T23/><D120/><U94/><E127/><N who="3" m="48682" /><G6/><T0/><D13/><U84/><E111/><V102/><F91/><W43/><G43/><T4/><D26/><U105/><E105/><N who="2" m="63687" /><F75/><W77/><G77/><T14/><D104/><U7/><E61/><V22/><F22/><AGARI ba="1,1" hai="15,16,22,40,47,48,92,99,101,129,131" m="48682" machi="22" ten="30,8000,1" yaku="18,1,52,3,54,1" doraHai="134" who="3" fromWho="2" sc="255,0,148,0,235,-83,352,93" /><INIT seed="3,0,0,2,5,96" ten="255,148,152,445" oya="3" hai0="31,79,59,91,83,23,33,16,64,17,66,68,26" hai1="122,99,34,14,93,88,114,29,28,94,121,90,8" hai2="81,9,43,54,46,50,72,18,100,113,102,110,120" hai3="58,112,56,6,67,3,57,128,60,42,111,74,77"/><W106/><G112/><T104/><D104/><U55/><E114/><V21/><F113/><W4/><G128/><T123/><D68/><U5/><E55/><V133/><F110/><W24/><G111/><T89/><D33/><U25/><REACH who="1" step="1"/><E28/><REACH who="1" ten="255,138,152,445" step="2"/><V70/><F133/><W11/><G42/><T51/><D31/><U49/><E49/><V131/><F120/><W98/><G6/><T71/><D51/><U39/><E39/><V20/><F131/><W117/><G117/><T15/><D123/><U97/><AGARI ba="0,1" hai="5,8,14,25,29,34,88,90,93,94,97,99,121,122" machi="97" ten="20,8000,1" yaku="1,1,0,1,7,1,9,1,54,1,53,0" doraHai="96" doraHaiUra="108" who="1" fromWho="1" sc="255,-20,138,90,152,-20,445,-40" owari="235,4.0,228,-17.0,132,-37.0,405,50.0" /></mjloggm>