<mjloggm ver="2.3"><GO type="41" lobby="0"/><UN n0="%61%6B%6B%79%6F" n1="%E3%83%A9%E3%82%A6%E3%83%BC%E3%83%AB" n2="%E3%82%A8%E3%83%AA%E3%82%A2%EF%BC%95%EF%BC%91" n3="%E3%82%A6%E3%83%AB%E3%83%88%E3%83%A9%E7%AB%8B%E7%9B%B4" dan="15,14,13,16" rate="1928.54,1898.76,1831.48,2051.04" sx="M,M,M,M"/><TAIKYOKU oya="0"/><INIT seed="0,0,0,2,5,26" ten="250,250,250,250" oya="0" hai0="32,22,33,65,49,48,93,106,88,100,61,28,20" hai1="57,38,115,31,40,113,21,101,45,25,62,92,123" hai2="39,133,119,129,127,43,114,42,73,76,120,58,47" hai3="78,7,109,104,131,54,35,10,91,132,75,63,105"/><T87/><D106/><U8/><E123/><V79/><F58/><W41/><G54/><T67/><D100/><U99/><REACH who="1" step="1"/><E8/><REACH who="1" ten="250,240,250,250" step="2"/><V13/><F120/><W37/><G10/><T122/><D122/><U44/><E44/><V60/><F47/><W124/><G124/><T0/><D0/><U18/><E18/><V34/><F127/><W4/><G4/><T128/><D128/><U71/><E71/><V117/><F129/><W9/><G7/><T80/><D67/><AGARI ba="0,1" hai="21,25,31,38,40,45,57,62,67,92,99,101,113,115" machi="67" ten="40,8000,1" yaku="1,1,25,2,52,1,53,1" doraHai="26" doraHaiUra="16" who="1" fromWho="0" sc="250,-80,240,90,250,0,250,0" /><INIT seed="1,0,0,5,4,135" ten="170,330,250,250" oya="1" hai0="45,121,19,128,32,79,91,67,68,116,43,15,97" hai1="115,29,61,126,33,122,42,0,41,129,134,3,95" hai2="72,80,98,106,112,35,12,123,74,92,87,117,73" hai3="125,66,69,103,88,65,63,85,130,77,58,60,25"/><U114/><E61/><V86/><F35/><W40/><G130/><T8/><D121/><U44/><E95/><V111/><F123/><W101/><G40/><T6/><D32/><U30/><E44/><V52/><F117/><W23/><G77/><T56/><D128/><U20/><E20/><V16/><F112/><W64/><G64/><T9/><D116/><U10/><E10/><V17/><F106/><W7/><G7/><T105/><D79/><U11/><E11/><V14/><F111/><W48/><G48/><T54/><D68/><U110/><E129/><V70/><F70/><W84/><G84/><T53/><D105/><U57/><E57/><V94/><F98/><W99/><G99/><T96/><D67/><U71/><E71/><V118/><F118/><W21/><G21/><T108/><D91/><U5/><E33/><V27/><F27/><W78/><G78/><T38/><D54/><U62/><E62/><V93/><F52/><W18/><G125/><T2/><REACH who="0" step="1"/><D108/><REACH who="0" ten="160,330,250,250" step="2"/><U107/><E107/><V34/><F34/><W132/><REACH who="3" step="1"/><G132/><REACH who="3" ten="160,330,250,240" step="2"/><T82/><D82/><AGARI ba="0,2" hai="18,23,25,58,60,63,65,66,69,82,85,88,101,103" machi="82" ten="30,8000,1" yaku="1,1,2,1,7,1,54,1,53,1" doraHai="135" doraHaiUra="22" who="3" fromWho="0" sc="160,-80,330,0,250,0,240,100" /><INIT seed="2,0,0,0,4,45" ten="80,330,250,340" oya="2" hai0="84,125,117,90,100,29,131,130,43,8,71,9,72" hai1="99,30,65,122,66,33,101,80,70,3,46,110,116" hai2="0,83,75,6,27,64,81,89,25,94,49,126,51" hai3="2,88,91,132,107,61,42,120,20,85,98,109,39"/><V128/><F126/><W55/><G120/><T63/><D72/><U106/><E66/><V16/><F128/><N who="0" m="49194" /><D125/><U18/><E116/><V10/><F64/><W113/><G113/><T69/><D117/><U4/><E18/><V53/><F51/><W73/><G73/><T13/><D100/><U32/><E122/><V87/><F75/><W24/><G2/><T47/><D29/><U34/><E80/><V93/><F83/><W129/><G129/><T14/><D63/><U38/><E110/><V41/><F41/><W1/><G1/><T76/><D76/><U124/><E124/><V118/><F118/><W74/><G109/><T127/><D127/><U68/><E30/><V60/><F60/><W59/><G74/><T114/><D13/><U108/><E65/><V111/><F111/><W121/><G121/><T26/><D26/><U134/><E134/><V103/><F103/><W40/><G39/><T58/><D58/><U57/><E57/><V44/><REACH who="2" step="1"/><F27/><REACH who="2" ten="80,330,240,340" step="2"/><W97/><G40/><T12/><D114/><U79/><E108/><V112/><F112/><W36/><G42/><T35/><D71/><U67/><E67/><V104/><F104/><W56/><G107/><T11/><D69/><U105/><E105/><V77/><F77/><W52/><G36/><T50/><D35/><U54/><E79/><V82/><F82/><AGARI ba="0,1" hai="8,9,11,12,14,43,47,50,82,84,90" m="49194" machi="82" ten="30,2000,0" yaku="19,1,52,1" doraHai="45" who="0" fromWho="2" sc="80,30,330,0,240,-20,340,0" /><INIT seed="3,0,0,5,3,4" ten="110,330,220,340" oya="3" hai0="133,73,128,110,134,96,37,91,117,56,113,16,118" hai1="60,132,82,51,121,74,130,57,126,92,41,127,48" hai2="17,108,46,80,44,65,29,109,59,68,31,3,72" hai3="99,58,34,11,67,53,116,103,1,64,27,43,131"/><W106/><G116/><T120/><D37/><U84/><E121/><V12/><F68/><W38/><G131/><T45/><D73/><U5/><E130/><V23/><F3/><W122/><G122/><T18/><D128/><U26/><E132/><N who="0" m="50793" /><D120/><U129/><E129/><V86/><F72/><W36/><G67/><T71/><D71/><U111/><E111/><V78/><F109/><W124/><G64/><T30/><D110/><U90/><E41/><V87/><F108/><W98/><G124/><N who="1" m="47658" /><E26/><V8/><F87/><W77/><G43/><T32/><D45/><N who="2" m="17514" /><F23/><W7/><G98/><T94/><D56/><U114/><E114/><V85/><F86/><W22/><G34/><T15/><D113/><U89/><E5/><V125/><F125/><W61/><REACH who="3" step="1"/><G77/><REACH who="3" ten="110,330,220,330" step="2"/><T28/><D32/><U19/><E90/><V66/><F65/><W0/><G0/><T33/><D33/><U50/><E89/><V13/><F66/><W93/><G93/><T9/><D117/><U135/><E92/><V62/><F62/><W10/><G10/><N who="0" m="6263" /><D118/><U81/><E135/><V54/><F54/><W105/><G105/><T35/><D35/><U6/><E82/><V2/><F59/><W115/><G115/><T52/><D52/><U107/><E57/><V20/><F2/><W79/><G79/><T76/><D76/><U63/><E107/><V25/><F8/><W24/><G24/><T104/><D104/><U47/><E63/><V55/><F55/><W40/><G40/><T69/><D69/><U123/><E60/><V95/><F95/><W88/><G88/><T14/><AGARI ba="0,1" hai="9,14,18,28,30,91,94,96" m="6263,50793" machi="14" ten="30,8000,1" yaku="5,1,20,1,52,2,54,1" doraHai="4" who="0" fromWho="0" sc="110,90,330,-20,220,-20,330,-40" /><INIT seed="4,0,0,5,0,0" ten="200,310,200,290" oya="0" hai0="73,135,1,42,9,11,91,69,117,96,39,2,63" hai1="52,41,67,26,89,92,123,128,24,101,17,126,64" hai2="84,47,35,86,51,14,93,88,12,40,25,99,127" hai3="16,49,118,68,29,80,32,76,114,46,74,22,111"/><T57/><D117/><U70/><E123/><V100/><F127/><W60/><G68/><T6/><D73/><U61/><E126/><V58/><F58/><W38/><G38/><T104/><D135/><U132/><E132/><V120/><F120/><W115/><G60/><T131/><D131/><U95/><E128/><V83/><F86/><W72/><G111/><T18/><D69/><U102/><E41/><V54/><F40/><W79/><G118/><T119/><D119/><U3/><E3/><V133/><F133/><W78/><G29/><T65/><D42/><U129/><E129/><V45/><F45/><W23/><G32/><T31/><D31/><U21/><E67/><V108/><F108/><W20/><G16/><T112/><D39/><U44/><E26/><V134/><F134/><W13/><G13/><T50/><D112/><U75/><E75/><N who="3" m="28714" /><G49/><T53/><D91/><U125/><E95/><V94/><F35/><W33/><G33/><T82/><D82/><U27/><E27/><V105/><F25/><W5/><G46/><T66/><D63/><U48/><REACH who="1" step="1"/><E125/><REACH who="1" ten="200,300,200,290" step="2"/><V71/><F71/><W98/><G80/><T34/><D34/><U4/><E4/><V30/><F30/><W8/><G114/><T90/><D2/><U36/><E36/><V55/><F54/><W124/><G124/><T106/><D66/><U37/><E37/><V28/><F28/><W116/><G115/><T62/><D65/><U19/><E19/><V56/><F47/><W7/><G116/><T121/><D121/><U81/><E81/><V15/><AGARI ba="0,1" hai="12,14,15,51,55,56,83,84,88,93,94,99,100,105" machi="15" ten="30,2000,0" yaku="0,1,54,1" doraHai="0" who="2" fromWho="2" sc="200,-10,300,-5,200,30,290,-5" /><INIT seed="5,0,0,3,3,126" ten="190,295,230,285" oya="1" hai0="48,29,127,125,67,66,43,123,33,107,36,98,30" hai1="7,111,76,91,61,122,6,75,20,26,79,109,74" hai2="41,55,13,51,39,102,47,65,24,44,59,11,71" hai3="73,63,70,2,112,1,38,132,3,69,8,35,93"/><U52/><E122/><V19/><F102/><W87/><G87/><T117/><D117/><U89/><E26/><V133/><F133/><W9/><G93/><T31/><D33/><U121/><E121/><V99/><F99/><W57/><G132/><T113/><D36/><U68/><E20/><V81/><F81/><W25/><G112/><T15/><D123/><U5/><E68/><V46/><F24/><W100/><G100/><N who="0" m="62871" /><D15/><U110/><E61/><AGARI ba="0,0" hai="11,13,19,39,41,44,46,47,51,55,59,61,65,71" machi="61" ten="40,2600,0" yaku="24,2" doraHai="126" who="2" fromWho="1" sc="190,0,295,-26,230,26,285,0" /><INIT seed="6,0,0,1,4,54" ten="190,269,256,285" oya="2" hai0="92,115,56,131,104,100,22,133,35,19,83,84,73" hai1="112,20,76,25,10,18,67,62,45,114,102,37,96" hai2="15,72,101,120,78,98,109,110,14,30,46,43,12" hai3="41,111,32,1,17,105,21,23,13,125,57,118,103"/><V97/><F78/><W134/><G32/><T81/><D35/><U66/><E76/><V58/><F72/><W7/><G118/><T2/><D2/><U48/><E37/><V75/><F75/><W113/><G111/><N who="2" m="42505" /><F30/><W49/><G125/><T68/><D68/><U79/><E79/><V65/><F120/><W80/><G134/><T88/><D115/><N who="1" m="44075" /><E10/><V127/><F127/><W26/><G113/><T94/><D73/><U132/><E132/><V106/><F98/><W60/><G1/><T34/><D104/><N who="1" m="63559" /><E62/><N who="2" m="38103" /><F15/><W90/><G103/><T0/><D0/><U9/><E9/><V39/><AGARI ba="0,0" hai="12,14,39,43,46,97,101,106" m="38103,42505" machi="39" ten="30,3000,0" yaku="10,1,52,1" doraHai="54" who="2" fromWho="2" sc="190,-10,269,-10,256,30,285,-10" /><INIT seed="6,1,0,5,3,135" ten="180,259,286,275" oya="2" hai0="76,132,52,64,21,80,122,131,112,30,50,65,31" hai1="115,110,22,101,37,103,85,54,3,45,98,66,19" hai2="2,109,41,89,116,14,125,94,75,106,7,43,126" hai3="4,5,123,12,107,111,29,28,95,100,0,67,93"/><V77/><F106/><W82/><G123/><T13/><D122/><U118/><E118/><V78/><F116/><W47/><G107/><T133/><D112/><U51/><E115/><V129/><F2/><W23/><G0/><T26/><D131/><U17/><E110/><V96/><F129/><W59/><G100/><T120/><D120/><U91/><E3/><V90/><F109/><W124/><G82/><T134/><D31/><U18/><E37/><V8/><F75/><W71/><G71/><T84/><REACH who="0" step="1"/><D13/><REACH who="0" ten="170,259,286,275" step="2"/><U104/><E103/><V72/><F72/><W57/><G12/><T46/><AGARI ba="1,1" hai="21,26,30,46,50,52,64,65,76,80,84,132,133,134" machi="46" ten="30,8000,1" yaku="1,1,2,1,0,1,20,1,54,1,53,0" doraHai="135" doraHaiUra="113" who="0" fromWho="0" sc="170,93,259,-21,286,-41,275,-21" /><INIT seed="7,0,0,1,4,94" ten="263,238,245,254" oya="3" hai0="107,7,122,91,132,111,66,46,25,17,1,11,15" hai1="130,14,9,19,116,52,106,85,118,41,32,13,131" hai2="40,24,39,110,81,4,16,109,105,64,22,83,77" hai3="30,120,115,23,2,36,112,29,56,123,121,129,18"/><W42/><G42/><T90/><D122/><U73/><E73/><V95/><F105/><W33/><G36/><T80/><D107/><U70/><E70/><V89/><F64/><W26/><G56/><T57/><D111/><U69/><E69/><V20/><F4/><W6/><G129/><N who="1" m="49162" /><E41/><V12/><F81/><W128/><G128/><T49/><D132/><U103/><E85/><V93/><F95/><W113/><G33/><T38/><D38/><U67/><E67/><V124/><F124/><W68/><G68/><T71/><D71/><U50/><E32/><V119/><F119/><N who="1" m="45609" /><E14/><V62/><F62/><W104/><G104/><T99/><D25/><U61/><E61/><V58/><F58/><W72/><G72/><T27/><D27/><U108/><E108/><V92/><F93/><W117/><G117/><T76/><D57/><N who="1" m="32919" /><E106/><V45/><F83/><W100/><G2/><T59/><D59/><U96/><E103/><V35/><F77/><W53/><G100/><T55/><D66/><U8/><E96/><V127/><F35/><W114/><G114/><T74/><REACH who="0" step="1"/><D99/><REACH who="0" ten="253,238,245,254" step="2"/><U125/><E125/><V86/><REACH who="2" step="1"/><F127/><REACH who="2" ten="253,238,235,254" step="2"/><W65/><G65/><T87/><D87/><U75/><E75/><V60/><F60/><W82/><G112/><T44/><D44/><U28/><E28/><AGARI ba="0,2" hai="12,16,20,22,24,28,39,40,45,86,89,92,109,110" machi="28" ten="30,3900,0" yaku="1,1,7,1,54,1,53,0" doraHai="94" doraHaiUra="98" who="2" fromWho="1" sc="253,0,238,-39,235,59,254,0" /><INIT seed="8,0,0,5,3,23" ten="253,199,294,254" oya="0" hai0="79,126,45,82,129,47,110,10,119,31,72,8,17" hai1="21,14,71,107,74,117,48,90,115,28,104,1,125" hai2="75,55,52,101,13,67,54,58,98,12,86,51,60" hai3="42,108,63,43,96,91,5,18,78,99,0,40,46"/><T32/><D119/><U44/><E117/><V122/><F75/><W38/><G108/><T81/><D110/><U94/><E1/><V73/><F73/><W87/><G5/><T88/><D126/><U36/><E74/><V114/><F122/><W16/><G0/><T77/><D129/><U50/><E71/><V105/><F114/><W7/><G7/><T76/><D72/><U25/><E36/><V95/><F105/><W3/><G3/><T27/><D17/><N who="3" m="6761" /><G78/><T84/><REACH who="0" step="1"/><D82/><REACH who="0" ten="243,199,294,254" step="2"/><U111/><E125/><V61/><F67/><W11/><G38/><T109/><D109/><U83/><E111/><V97/><F86/><W116/><G116/><T131/><D131/><U85/><E115/><V24/><F98/><W130/><G130/><T30/><D30/><U70/><E70/><V106/><F106/><W100/><G96/><T103/><D103/><U15/><E107/><V120/><F120/><W34/><G99/><T121/><D121/><U22/><E104/><V57/><F24/><W66/><G100/><T39/><D39/><U35/><E83/><V2/><F2/><W33/><G87/><T29/><D29/><U135/><E135/><V89/><F101/><W56/><G91/><T59/><D59/><AGARI ba="0,1" hai="12,13,51,52,54,55,57,58,59,60,61,89,95,97" machi="59" ten="30,7700,0" yaku="7,1,9,1,8,1,54,1" doraHai="23" who="2" fromWho="0" sc="243,-77,199,0,294,87,254,0" owari="166,-33.0,199,-20.0,381,48.0,254,5.0" /></mjloggm>