<mjloggm ver="2.3"><GO type="97" lobby="0"/><UN n0="%E3%81%8B%E3%81%B6%E3%81%AE%E4%B8%80%E5%A4%9C%E6%BC%AC%E3%81%91" n1="%E3%82%A6%E3%83%AB%E3%83%88%E3%83%A9%E7%AB%8B%E7%9B%B4" n2="%E3%83%95%E3%83%9F%E3%82%B5%E3%82%AB" n3="%65%62%69%65%6C" dan="15,15,14,14" rate="1990.97,2066.27,1925.57,1945.55" sx="M,M,M,M"/><TAIKYOKU oya="0"/><INIT seed="0,0,0,1,3,58" ten="250,250,250,250" oya="0" hai0="110,101,96,112,54,50,120,60,123,35,102,78,2" hai1="130,16,57,59,53,61,98,128,46,122,49,28,15" hai2="115,107,84,56,45,125,6,113,121,34,104,20,94" hai3="51,41,133,118,13,93,26,87,103,83,17,74,7"/><T92/><D112/><U90/><E122/><V79/><F121/><W22/><G74/><T126/><D2/><U97/><E28/><V44/><F56/><W11/><G133/><T33/><D78/><U29/><E29/><V69/><F125/><W39/><G39/><T70/><D126/><U100/><E59/><V38/><F6/><W30/><G118/><T81/><D81/><U86/><E100/><V106/><F69/><W48/><G93/><T105/><D110/><U108/><E108/><V111/><F38/><W31/><G103/><T135/><D135/><U64/><E128/><V27/><F34/><W36/><G36/><T88/><D35/><U14/><E14/><V1/><F1/><W3/><G3/><T23/><D33/><U65/><E65/><V76/><F94/><W73/><G73/><T116/><D116/><U12/><E12/><V18/><F111/><W129/><G129/><T80/><D80/><N who="1" m="49479" /><E130/><V66/><F66/><W10/><G10/><AGARI ba="0,0" hai="10,15,16,46,49,53,57,61,64,97,98" m="49479" machi="10" ten="30,7700,0" yaku="25,1,8,1,52,1,54,1" doraHai="58" who="1" fromWho="3" sc="250,0,250,77,250,0,250,-77" /><INIT seed="1,0,0,5,4,0" ten="250,327,250,173" oya="1" hai0="120,78,63,67,57,5,27,131,54,1,36,42,49" hai1="56,13,86,37,50,22,35,124,122,104,48,106,75" hai2="72,7,109,51,18,90,135,119,68,97,121,38,8" hai3="40,87,33,132,130,111,60,65,77,128,134,29,11"/><U103/><E35/><V88/><F38/><W21/><G77/><T92/><D27/><U100/><E37/><V6/><F68/><W61/><G87/><T102/><D78/><U108/><E75/><V41/><F72/><W44/><G33/><T64/><D92/><U16/><E122/><V96/><F121/><W126/><G21/><T85/><D85/><U62/><E124/><V10/><F119/><W19/><G29/><T39/><D102/><N who="1" m="38955" /><E104/><V81/><F109/><W3/><G19/><T73/><D73/><U112/><E106/><V76/><F76/><W84/><G84/><T93/><D93/><U83/><E112/><V32/><F32/><W95/><G95/><T115/><D115/><U2/><E2/><V129/><F129/><N who="3" m="49771" /><G111/><T4/><D1/><U127/><E127/><V123/><F123/><W107/><G107/><T101/><D101/><U69/><E69/><V28/><F28/><W17/><G17/><T59/><D131/><U105/><E105/><V94/><F18/><W99/><G99/><N who="2" m="37961" /><F135/><N who="3" m="51755" /><G65/><T20/><D120/><U133/><E133/><V116/><F116/><W31/><G31/><T110/><D67/><N who="1" m="39367" /><E108/><V82/><F94/><W26/><G26/><T91/><D110/><U71/><E86/><V117/><F117/><W52/><G126/><T70/><D64/><U30/><E83/><N who="2" m="31755" /><F10/><W89/><G11/><T74/><D74/><U55/><E30/><V53/><F8/><W80/><G3/><T47/><D20/><U12/><E71/><V15/><F15/><N who="1" m="5705" /><E55/><V118/><F53/><W45/><G52/><N who="0" m="34279" /><D70/><U98/><E98/><V9/><F118/><RYUUKYOKU ba="0,0" sc="250,-10,327,30,250,-10,173,-10" hai1="16,22,48,50" /><INIT seed="1,1,0,5,5,22" ten="240,357,240,163" oya="1" hai0="91,14,76,125,32,64,77,130,61,107,1,99,88" hai1="83,114,25,112,82,95,101,13,97,20,43,35,38" hai2="69,63,3,51,59,45,80,16,8,34,111,94,58" hai3="122,57,104,92,56,89,11,30,31,135,55,127,17"/><U110/><E38/><V84/><F34/><W67/><G104/><T116/><D116/><U53/><E43/><V48/><F111/><W41/><G122/><T109/><D1/><U131/><E131/><V100/><F69/><W33/><G33/><T28/><D14/><U18/><E110/><V117/><F117/><W70/><G70/><T103/><D109/><U47/><E35/><V6/><F100/><W62/><G127/><T90/><D125/><U52/><E114/><V105/><F94/><W113/><G135/><T118/><D130/><U96/><E96/><V98/><F98/><W19/><G113/><T71/><D118/><U23/><E112/><V21/><F105/><W36/><G41/><T124/><REACH who="0" step="1"/><D124/><REACH who="0" ten="230,357,240,163" step="2"/><U26/><E13/><V87/><F45/><W75/><G36/><T42/><D42/><U133/><E133/><V9/><F3/><W10/><G10/><T126/><D126/><U0/><E0/><V66/><F8/><W27/><G11/><T121/><D121/><U115/><E115/><V102/><F9/><W73/><G73/><T128/><D128/><U120/><E120/><V93/><F6/><W7/><G75/><T78/><D78/><U49/><E53/><V129/><F129/><W86/><G7/><T123/><D123/><U5/><E5/><V37/><F37/><W108/><G108/><T81/><D81/><U106/><E106/><V44/><F80/><W72/><G72/><T2/><D2/><U68/><E83/><V132/><F132/><W4/><G4/><T79/><D79/><U12/><E82/><V15/><F93/><RYUUKYOKU ba="1,1" sc="230,30,357,-10,240,-10,163,-10" hai0="28,32,61,64,71,76,77,88,90,91,99,103,107" /><INIT seed="2,2,1,5,0,120" ten="260,347,230,153" oya="2" hai0="11,51,35,56,70,96,90,80,129,31,50,37,111" hai1="40,17,55,53,64,102,81,109,99,79,48,62,49" hai2="7,107,78,69,114,106,117,28,1,101,10,24,108" hai3="124,46,19,25,32,126,100,30,3,74,72,0,38"/><V5/><F117/><W63/><G19/><T21/><D70/><U58/><E109/><V110/><F114/><W127/><G63/><T66/><D37/><U130/><E130/><V8/><F69/><W16/><G100/><T113/><D35/><U134/><E134/><V39/><F39/><W85/><G85/><T61/><D113/><U42/><E17/><V29/><F78/><W47/><G16/><T119/><D119/><U6/><E6/><V68/><F68/><W20/><G20/><T88/><D129/><U60/><E64/><V103/><F24/><W67/><G67/><T116/><D116/><U45/><E62/><V27/><F27/><W135/><G135/><T34/><D34/><U75/><E60/><V118/><F118/><W84/><G84/><N who="0" m="50183" /><D111/><U9/><E9/><V4/><F5/><W76/><G47/><T128/><D128/><U121/><E121/><V132/><F132/><W97/><G97/><T122/><D122/><U52/><E53/><V73/><F73/><W112/><G112/><T71/><D71/><U91/><E91/><V26/><F26/><W15/><G15/><T65/><D11/><U98/><E98/><V125/><REACH who="2" step="1"/><F1/><REACH who="2" ten="260,347,220,153" step="2"/><N who="3" m="587" /><G76/><T115/><D115/><U33/><E33/><V77/><F77/><W13/><G13/><T22/><D31/><U89/><E89/><V94/><F94/><AGARI ba="2,2" hai="40,42,45,48,49,52,55,58,75,79,81,94,99,102" machi="94" ten="30,2000,0" yaku="7,1,54,1" doraHai="120" who="1" fromWho="2" sc="260,0,347,46,220,-26,153,0" /><INIT seed="3,0,0,5,4,14" ten="260,393,194,153" oya="3" hai0="44,102,0,77,55,89,46,126,80,59,103,128,22" hai1="18,134,15,8,10,51,104,122,27,76,6,135,112" hai2="23,111,17,57,96,33,99,133,70,73,52,88,2" hai3="97,119,30,75,48,19,47,83,24,9,65,85,110"/><W115/><G119/><T5/><D126/><U31/><E104/><V36/><F70/><W37/><G75/><T108/><D128/><U107/><E107/><V72/><F36/><W4/><G37/><T71/><D108/><U41/><E76/><V100/><F33/><W127/><G115/><T16/><D71/><U21/><E51/><V120/><F2/><W42/><G127/><T34/><D34/><U54/><E54/><V13/><F111/><W93/><G110/><T60/><D5/><U62/><E62/><V130/><F130/><W86/><G65/><T98/><D0/><N who="1" m="71" /><E41/><V131/><F133/><N who="1" m="50697" /><E122/><V12/><F131/><W78/><G86/><N who="0" m="48399" /><D46/><U106/><E106/><V58/><F100/><W113/><G113/><AGARI ba="0,0" hai="10,15,18,21,27,31,112,113" m="50697,71" machi="113" ten="30,7700,0" yaku="20,1,34,2,52,1" doraHai="14" who="1" fromWho="3" sc="260,0,393,77,194,0,153,-77" owari="260,6.0,470,57.0,194,-21.0,76,-42.0" /></mjloggm>