<mjloggm ver="2.3"><GO type="41" lobby="0"/><UN n0="%E9%BE%8D%E6%B6%8E%E9%A6%99" n1="%4B%6F%6A%6F%6E%6F" n2="%28%CE%93%E3%83%BB%CF%89%E3%83%BB%29%CE%93" n3="%E3%82%A6%E3%83%AB%E3%83%88%E3%83%A9%E7%AB%8B%E7%9B%B4" dan="14,15,15,16" rate="1866.35,1975.59,2032.72,2065.50" sx="M,M,F,M"/><TAIKYOKU oya="0"/><INIT seed="0,0,0,4,3,31" ten="250,250,250,250" oya="0" hai0="95,71,43,20,64,38,94,117,113,70,82,51,101" hai1="7,132,16,125,100,129,14,19,115,112,6,89,80" hai2="41,61,131,120,46,63,77,66,56,119,103,58,122" hai3="84,60,52,2,83,67,55,118,25,102,12,44,96"/><T75/><D117/><U126/><E100/><V11/><F103/><W48/><G2/><T13/><D38/><U110/><E80/><V49/><F77/><W88/><G118/><T17/><D113/><N who="1" m="43595" /><E89/><V86/><F86/><W97/><G25/><T69/><D101/><U5/><E110/><V62/><F119/><W116/><G116/><T130/><D130/><U50/><E129/><V26/><F131/><W21/><G102/><T73/><D64/><U0/><E0/><V74/><F74/><W111/><G111/><T36/><D36/><U109/><E109/><V1/><F26/><W124/><G124/><N who="1" m="47722" /><E132/><V91/><F91/><W53/><G97/><T47/><REACH who="0" step="1"/><D82/><REACH who="0" ten="240,250,250,250" step="2"/><U34/><E7/><V87/><F66/><W79/><G67/><T127/><D127/><U105/><E6/><V30/><F122/><W9/><G60/><T42/><D42/><U128/><E5/><V135/><F120/><W59/><G55/><T45/><D45/><U4/><E4/><V37/><F46/><W92/><G53/><T72/><AGARI ba="0,1" hai="13,17,20,43,47,51,69,70,71,72,73,75,94,95" machi="72" ten="40,3900,0" yaku="1,1,0,1,53,0" doraHai="31" doraHaiUra="29" who="0" fromWho="0" sc="240,49,250,-13,250,-13,250,-13" /><INIT seed="0,1,0,2,4,109" ten="289,237,237,237" oya="0" hai0="108,9,68,62,82,56,120,42,55,24,26,7,131" hai1="29,41,95,58,85,72,81,64,13,6,54,77,11" hai2="67,19,66,133,27,32,105,97,103,118,65,121,16" hai3="34,25,31,57,129,89,122,4,113,119,15,12,110"/><T21/><D120/><U107/><E107/><V53/><F121/><W114/><G122/><T116/><D116/><U33/><E41/><V14/><F118/><W38/><G38/><T83/><D42/><U117/><E117/><V115/><F133/><W78/><G119/><T106/><D106/><U37/><E37/><V127/><F127/><W20/><G78/><T132/><D132/><U134/><E134/><V99/><F99/><W10/><G89/><T91/><D131/><U96/><E64/><V60/><F53/><W44/><G44/><T130/><D130/><U69/><E69/><V2/><F2/><W74/><G74/><T63/><D108/><U76/><E33/><V48/><F48/><W98/><G98/><T0/><D26/><U8/><E29/><V28/><F115/><N who="3" m="44043" /><G57/><T59/><D91/><N who="1" m="51631" /><E72/><V70/><F19/><N who="3" m="10343" /><G129/><T128/><D128/><U75/><E75/><V61/><F61/><W100/><G100/><T111/><D111/><AGARI ba="1,0" hai="4,10,15,25,31,34,110,111" m="10343,44043" machi="111" ten="30,8000,1" yaku="34,2,52,3" doraHai="109" who="3" fromWho="0" sc="289,-83,237,0,237,0,237,83" /><INIT seed="1,0,0,3,0,119" ten="206,237,237,320" oya="1" hai0="34,10,118,57,6,58,67,112,74,55,104,19,80" hai1="14,96,27,91,25,132,84,17,56,114,64,61,54" hai2="52,93,1,41,85,123,65,89,72,9,88,86,38" hai3="124,51,33,63,133,106,110,102,105,60,68,113,16"/><U40/><E114/><V15/><F1/><W99/><G113/><T134/><D104/><U117/><E117/><V18/><F72/><W36/><G36/><T39/><D34/><U53/><E40/><V44/><F123/><W131/><G106/><T116/><D39/><U129/><E96/><V127/><F127/><W31/><G124/><T78/><D112/><U115/><E115/><V100/><F100/><W35/><G131/><T81/><D134/><U95/><E132/><V32/><F32/><W82/><G110/><T70/><D118/><U62/><E129/><V42/><F65/><W69/><G133/><T26/><D70/><U49/><E62/><V108/><F108/><W21/><G63/><T75/><D67/><U23/><REACH who="1" step="1"/><E53/><REACH who="1" ten="206,227,237,320" step="2"/><V8/><F38/><W45/><G60/><T11/><D55/><U43/><E43/><V22/><F41/><W97/><G97/><T7/><D116/><U0/><E0/><V46/><F42/><W5/><G99/><T30/><D78/><U128/><E128/><V47/><REACH who="2" step="1"/><F52/><REACH who="2" ten="206,227,227,320" step="2"/><W48/><G48/><T125/><D125/><U24/><E24/><V12/><F12/><W73/><G51/><T101/><D26/><U37/><E37/><V98/><F98/><W94/><G105/><T135/><D135/><U3/><E3/><V29/><F29/><W2/><G31/><T130/><D130/><U87/><E87/><V28/><F28/><W103/><G2/><T59/><D30/><U77/><E77/><V76/><F76/><W111/><G111/><T126/><D126/><U107/><E107/><V66/><F66/><RYUUKYOKU ba="0,2" sc="206,-15,227,15,227,15,320,-15" hai1="14,17,23,25,27,49,54,56,61,64,84,91,95" hai2="8,9,15,18,22,44,46,47,85,86,88,89,93" /><INIT seed="1,1,2,1,3,64" ten="191,242,242,305" oya="1" hai0="8,65,34,85,20,57,97,101,27,21,116,110,129" hai1="15,5,118,93,115,46,114,11,108,22,88,109,133" hai2="69,55,72,37,135,89,96,121,19,99,3,125,61" hai3="30,134,73,119,18,44,112,14,70,102,81,100,39"/><U94/><E118/><V7/><F37/><W75/><G112/><T78/><D116/><U82/><E133/><V122/><F72/><W45/><G119/><T1/><D129/><U16/><E46/><V29/><F29/><W66/><G30/><T92/><D110/><N who="1" m="42603" /><E82/><V42/><F42/><W107/><G134/><T48/><D34/><U76/><E76/><V12/><F135/><W51/><G107/><T132/><D132/><U53/><E53/><V26/><F55/><W60/><G75/><T123/><D123/><U105/><E105/><V54/><F54/><W77/><G39/><T25/><D48/><U13/><E94/><V130/><F122/><W86/><G73/><T50/><D50/><U23/><E23/><V49/><F49/><W84/><G45/><T2/><D8/><U98/><AGARI ba="1,2" hai="5,11,13,15,16,22,88,93,98,114,115" m="42603" machi="98" ten="30,11700,0" yaku="14,1,10,1,54,2" doraHai="64" who="1" fromWho="1" sc="191,-40,242,140,242,-40,305,-40" /><INIT seed="1,2,0,4,2,66" ten="151,382,202,265" oya="1" hai0="46,40,15,106,126,10,58,34,13,37,74,105,54" hai1="120,52,107,91,1,36,69,64,133,21,100,96,132" hai2="99,2,129,56,109,12,50,77,25,92,27,123,79" hai3="88,125,130,87,85,115,94,86,60,103,76,59,134"/><U108/><E120/><V127/><F123/><W48/><G115/><T57/><D74/><U41/><E1/><V78/><F2/><W16/><G125/><T8/><D34/><U75/><E75/><V45/><F127/><W49/><G130/><T14/><D126/><U110/><E36/><V93/><F129/><W102/><G134/><N who="1" m="51818" /><E41/><V98/><F109/><N who="1" m="42089" /><E21/><V29/><F56/><W68/><G68/><T33/><D33/><U82/><E52/><V24/><F12/><W23/><G49/><T26/><D26/><U3/><E3/><V119/><F29/><W111/><G111/><T53/><D8/><U121/><E121/><V104/><F119/><W65/><G48/><T0/><D0/><U116/><E116/><V83/><F104/><W47/><G47/><T101/><D10/><U51/><E51/><V30/><F30/><W39/><G39/><T80/><D106/><U6/><E6/><V122/><F122/><W17/><G17/><T38/><D15/><U44/><E44/><V135/><F135/><W84/><G76/><T5/><D5/><U18/><E18/><V63/><F63/><W55/><G55/><T128/><D46/><U89/><E82/><V20/><F20/><W72/><G72/><T113/><D40/><U118/><E118/><V32/><F32/><W4/><G4/><T90/><D38/><U43/><E43/><V131/><F50/><W97/><N who="3" m="22016" /><DORA hai="31" /><W35/><G35/><T9/><D37/><U73/><E73/><N who="2" m="43439" /><F45/><W19/><G19/><T7/><D54/><U71/><E71/><V112/><F131/><W95/><G16/><RYUUKYOKU ba="2,0" sc="151,-10,382,30,202,-10,265,-10" hai1="64,69,89,91,96,100,107" /><INIT seed="1,3,0,3,5,125" ten="141,412,192,255" oya="1" hai0="24,48,114,128,37,53,32,113,135,20,85,94,112" hai1="34,66,96,40,104,95,109,117,38,69,3,79,98" hai2="55,43,61,58,30,50,80,110,78,103,10,99,26" hai3="15,121,39,54,74,132,127,65,76,86,7,120,35"/><U90/><E34/><V25/><F110/><W116/><G35/><T6/><D37/><U63/><E117/><V36/><F36/><W111/><G39/><T17/><D135/><U0/><E79/><V129/><F10/><W87/><G74/><T47/><D32/><U13/><E109/><V102/><F129/><W88/><G111/><T59/><D6/><U41/><E13/><V5/><F5/><W131/><G132/><T11/><D11/><U77/><E77/><V134/><F134/><W16/><G127/><T56/><D94/><U106/><E106/><V123/><F123/><W107/><G107/><T21/><D85/><U83/><E98/><V44/><F30/><W4/><G116/><T52/><D128/><U81/><E81/><V1/><F1/><W18/><G65/><T105/><D105/><U67/><E67/><V97/><F97/><W29/><G29/><T64/><D64/><U70/><E70/><V28/><F28/><W27/><G131/><T2/><D2/><U124/><E124/><V12/><F12/><W122/><G122/><T115/><N who="0" m="28672" /><DORA hai="91" /><T46/><REACH who="0" step="1"/><D21/><REACH who="0" ten="131,412,192,255" step="2"/><U126/><E38/><V119/><F119/><W68/><G86/><T118/><D118/><U51/><E126/><V100/><REACH who="2" step="1"/><F99/><REACH who="2" ten="131,412,182,255" step="2"/><W73/><G121/><T75/><D75/><AGARI ba="3,2" hai="25,26,43,44,50,55,58,61,75,78,80,100,102,103" machi="75" ten="40,2600,0" yaku="1,1,2,1,53,0" doraHai="125,91" doraHaiUra="82,31" who="2" fromWho="0" sc="131,-35,412,0,182,55,255,0" /><INIT seed="2,0,0,2,3,10" ten="96,412,237,255" oya="2" hai0="97,53,93,5,22,106,78,101,86,116,125,7,69" hai1="57,28,9,11,123,118,109,20,15,90,62,73,124" hai2="58,33,130,108,105,55,63,88,48,132,37,117,127" hai3="44,107,64,122,4,13,52,87,27,131,30,82,121"/><V100/><F117/><W110/><G107/><T98/><D69/><U43/><E118/><V25/><F37/><W66/><G122/><T112/><D112/><U104/><E73/><V2/><F2/><W46/><G121/><T67/><D116/><U39/><E123/><V83/><F132/><W134/><G134/><T23/><D125/><U34/><E34/><V89/><F127/><W60/><G131/><T115/><D67/><U119/><E119/><V12/><F130/><W16/><G4/><T79/><D115/><U8/><E104/><V126/><F126/><W40/><G110/><T17/><D23/><U128/><E128/><V38/><F38/><W91/><G40/><T65/><D65/><N who="3" m="25193" /><G27/><T113/><D113/><U70/><E70/><V18/><F108/><W41/><G30/><T71/><D71/><U84/><E109/><V54/><F33/><W133/><G41/><T99/><D53/><U36/><E124/><V21/><F105/><W96/><G96/><T51/><D51/><U49/><E49/><V45/><F100/><W129/><G129/><T1/><D1/><U103/><E103/><V72/><REACH who="2" step="1"/><F25/><REACH who="2" ten="96,412,227,255" step="2"/><W56/><G133/><T42/><D101/><U77/><E36/><V75/><F75/><W80/><G80/><T24/><D106/><U81/><E39/><V3/><F3/><W74/><G74/><T111/><D111/><U14/><E81/><V120/><F120/><W92/><G82/><T114/><D114/><U95/><E77/><AGARI ba="0,1" hai="12,18,21,45,48,54,55,58,63,72,77,83,88,89" machi="77" ten="40,7700,0" yaku="1,1,52,1,54,1,53,0" doraHai="10" doraHaiUra="94" who="2" fromWho="1" sc="96,0,412,-77,227,87,255,0" /><INIT seed="2,1,0,2,3,19" ten="96,335,314,255" oya="2" hai0="14,7,115,11,89,49,79,133,126,71,68,93,32" hai1="55,35,72,60,104,46,65,30,86,91,116,87,70" hai2="95,125,25,52,75,24,84,110,10,66,117,106,123" hai3="53,23,18,28,124,26,114,44,39,108,107,51,45"/><V41/><F117/><W64/><G114/><T17/><D32/><U98/><E72/><V82/><F123/><W88/><G107/><T135/><D115/><U22/><E35/><V127/><F106/><W37/><G124/><N who="2" m="47689" /><F41/><W69/><G108/><T43/><D79/><U40/><E116/><V134/><F66/><W16/><G64/><T85/><D126/><U38/><E55/><V21/><F10/><W13/><G69/><T9/><D49/><U29/><E29/><N who="2" m="17551" /><F134/><N who="0" m="51210" /><D43/><U94/><E104/><V103/><F75/><W122/><G122/><T5/><D5/><U34/><E34/><V101/><F110/><W92/><G37/><T77/><D77/><U120/><E120/><V8/><F8/><N who="3" m="6183" /><G39/><T112/><D112/><U47/><E38/><V50/><F25/><W15/><G28/><T100/><D100/><U131/><E40/><V2/><F2/><AGARI ba="1,0" hai="2,7,9,11,14,17,68,71,85,89,93" m="51210" machi="2" ten="30,1000,0" yaku="20,1" doraHai="19" who="0" fromWho="2" sc="96,13,335,0,314,-13,255,0" /><INIT seed="3,0,0,5,0,45" ten="109,335,301,255" oya="3" hai0="129,118,124,84,117,58,133,62,52,102,15,30,37" hai1="5,67,120,113,68,10,1,51,83,122,95,126,25" hai2="115,89,31,4,18,64,66,61,44,60,40,101,32" hai3="70,86,76,106,116,3,56,107,47,55,108,91,119"/><W21/><G70/><T114/><D37/><U93/><E113/><V8/><F115/><W112/><G3/><T131/><D114/><U33/><E126/><V46/><F101/><W50/><G112/><T98/><D124/><U73/><E68/><V49/><F18/><W7/><G7/><T82/><D30/><U111/><E67/><V19/><F19/><W2/><G2/><T27/><D27/><U130/><E33/><V9/><F89/><W65/><G108/><T59/><D15/><U36/><E36/><V79/><F79/><W43/><G65/><T78/><D133/><U22/><E111/><V13/><F8/><W123/><G123/><T109/><D109/><U99/><E130/><N who="0" m="49673" /><D59/><U92/><E99/><V48/><F32/><W77/><G21/><T105/><AGARI ba="0,0" hai="52,58,62,78,82,84,98,102,105,117,118" m="49673" machi="105" ten="30,2000,0" yaku="19,1,54,1" doraHai="45" who="0" fromWho="0" sc="109,20,335,-5,301,-5,255,-10" /><INIT seed="4,0,0,4,1,85" ten="129,330,296,245" oya="0" hai0="59,57,97,27,43,96,23,113,130,104,92,49,17" hai1="63,42,32,109,64,118,134,11,65,123,36,82,88" hai2="116,0,7,44,14,112,50,28,126,19,54,107,87" hai3="106,67,20,121,31,2,98,93,80,10,25,74,37"/><T99/><D113/><U66/><E32/><V129/><F112/><W119/><G119/><T115/><D115/><U5/><E118/><V9/><F107/><W55/><G106/><T47/><D104/><U69/><E123/><V6/><F126/><W131/><G37/><T132/><D132/><U133/><E109/><V51/><F129/><W24/><G131/><T122/><D130/><U110/><E110/><V103/><F116/><W29/><G67/><T72/><D72/><U12/><E133/><V62/><F103/><W124/><G124/><T128/><D122/><U125/><E125/><V33/><F62/><W4/><G55/><T18/><D128/><U15/><E134/><V35/><F6/><W78/><G121/><T21/><REACH who="0" step="1"/><D92/><REACH who="0" ten="119,330,296,245" step="2"/><U89/><E69/><V94/><F94/><W48/><G74/><T86/><D86/><U120/><E120/><V71/><F87/><W56/><G93/><T60/><D60/><U61/><E61/><V95/><F95/><W8/><G98/><T101/><D101/><U76/><E63/><V41/><F71/><W30/><G80/><T105/><D105/><U114/><E114/><V100/><F100/><W68/><G68/><T52/><D52/><U77/><E65/><V58/><F54/><W127/><G127/><T1/><D1/><U53/><E53/><V26/><F0/><W81/><G2/><T84/><D84/><U46/><E66/><V70/><F70/><W102/><G102/><T22/><D22/><U90/><E64/><V39/><F35/><W73/><G73/><T135/><D135/><U75/><E75/><RYUUKYOKU ba="0,1" sc="119,30,330,-10,296,-10,245,-10" hai0="17,18,21,23,27,43,47,49,57,59,96,97,99" /><INIT seed="4,1,1,4,3,31" ten="149,320,286,235" oya="0" hai0="6,20,52,69,35,60,1,30,79,114,38,40,49" hai1="108,47,16,45,121,91,119,64,111,18,73,42,96" hai2="66,50,99,24,34,44,97,32,133,27,75,51,28" hai3="9,95,123,83,2,88,105,29,21,59,36,104,101"/><T80/><D114/><U131/><E121/><V93/><F75/><W37/><G123/><T87/><D20/><U77/><E119/><V57/><F133/><W5/><G104/><T33/><D30/><U113/><E64/><V78/><F78/><W120/><G120/><T11/><D40/><U112/><E131/><V132/><F132/><W134/><G134/><T53/><D38/><U98/><E73/><V22/><F99/><N who="1" m="37929" /><E91/><V125/><F125/><W55/><G101/><T19/><D19/><N who="1" m="7211" /><E77/><V0/><F0/><W117/><G83/><T109/><D109/><N who="1" m="42059" /><E42/><N who="2" m="24855" /><F51/><W72/><G72/><T126/><D126/><U12/><E12/><V106/><F106/><W48/><G105/><T25/><D25/><U118/><E118/><V13/><F27/><W76/><G76/><T65/><REACH who="0" step="1"/><D52/><REACH who="0" ten="139,320,286,235" step="2"/><U85/><E112/><V129/><F129/><W81/><G117/><T107/><D107/><U46/><E113/><V82/><F28/><W26/><G81/><T84/><D84/><AGARI ba="1,2" hai="45,46,47,84,85" m="42059,7211,37929" machi="84" ten="40,5200,0" yaku="28,2,54,1" doraHai="31" who="1" fromWho="0" sc="139,-55,320,75,286,0,235,0" /><AGARI ba="1,0" hai="2,5,9,21,26,29,36,37,48,55,59,84,88,95" machi="84" ten="30,2000,0" yaku="7,1,54,1" doraHai="31" who="3" fromWho="0" sc="84,-20,395,0,286,0,235,20" /><INIT seed="5,0,0,3,3,85" ten="64,395,286,255" oya="1" hai0="106,113,62,91,116,127,108,84,18,103,24,134,58" hai1="82,64,13,68,83,35,17,4,53,54,41,77,109" hai2="102,118,67,23,21,88,43,52,38,31,10,36,9" hai3="55,125,72,89,119,79,100,80,50,37,107,70,45"/><U135/><E35/><V92/><F102/><W8/><G70/><T2/><D2/><U126/><E41/><V61/><F118/><W98/><G119/><T95/><D116/><U16/><E83/><V28/><F38/><W56/><G125/><T40/><D127/><U60/><E126/><V105/><F105/><W133/><G133/><T71/><D113/><U128/><E135/><V6/><F36/><W46/><G37/><T114/><D114/><U19/><E128/><V66/><F43/><W5/><G89/><T20/><D134/><U49/><E109/><V111/><F111/><W51/><G51/><T48/><D108/><U104/><E104/><V30/><F23/><W47/><G47/><T57/><D71/><U14/><E4/><V81/><F81/><W121/><G121/><T87/><D106/><U129/><E129/><V42/><F42/><W59/><G46/><N who="0" m="25671" /><D103/><U27/><E27/><V74/><F74/><W7/><G7/><T65/><D58/><U130/><E130/><V132/><F132/><W99/><G99/><AGARI ba="0,0" hai="18,20,24,57,62,65,84,87,91,95,99" m="25671" machi="99" ten="30,2000,0" yaku="8,1,52,1" doraHai="85" who="0" fromWho="3" sc="64,20,395,0,286,0,255,-20" /><INIT seed="6,0,0,5,1,50" ten="84,395,286,235" oya="2" hai0="81,41,38,116,25,135,100,44,88,40,16,32,130" hai1="112,82,13,5,115,111,114,101,80,87,61,93,52" hai2="47,29,91,34,19,134,68,123,95,54,42,60,10" hai3="92,45,78,24,118,129,4,3,99,9,31,90,97"/><V70/><F123/><W128/><G118/><T113/><D116/><U59/><E111/><V75/><F75/><W103/><G78/><T96/><D113/><U69/><E69/><V102/><F102/><W7/><G7/><T58/><D135/><U76/><E82/><V1/><F134/><W86/><G45/><T43/><D130/><U107/><E107/><V72/><F72/><W108/><G108/><T85/><D58/><U84/><E101/><V63/><F63/><W62/><G62/><T127/><D127/><U51/><E93/><V64/><F70/><W104/><REACH who="3" step="1"/><G97/><REACH who="3" ten="84,395,286,225" step="2"/><T77/><D77/><U83/><E61/><V55/><F47/><W124/><G124/><T74/><D74/><U132/><E132/><V56/><F68/><W48/><G48/><T49/><D38/><U37/><E37/><V28/><F42/><W110/><G110/><T12/><D32/><AGARI ba="0,1" hai="3,4,9,24,31,32,86,90,92,99,103,104,128,129" machi="32" ten="40,1300,0" yaku="1,1,53,0" doraHai="50" doraHaiUra="53" who="3" fromWho="0" sc="84,-13,395,0,286,0,225,23" /><INIT seed="7,0,0,1,5,90" ten="71,395,286,248" oya="3" hai0="74,92,39,48,116,64,121,98,95,65,96,120,16" hai1="113,49,101,56,69,71,36,99,118,1,53,77,3" hai2="67,110,13,129,89,86,0,52,66,42,31,73,125" hai3="45,124,122,68,63,109,93,114,131,6,19,21,41"/><W51/><G122/><T62/><D74/><U8/><E77/><V87/><F110/><W34/><G34/><T29/><D48/><U60/><E36/><V107/><F107/><W47/><G109/><T88/><D116/><U27/><E113/><V46/><F73/><W24/><G114/><T37/><D29/><U108/><E108/><V130/><F125/><W5/><G124/><T132/><D132/><U22/><E71/><V32/><F0/><W83/><G131/><N who="2" m="50185" /><F52/><W14/><G83/><T85/><D85/><N who="2" m="32266" /><F89/><W111/><G111/><T75/><D75/><U40/><E8/><V84/><F84/><W123/><G123/><T30/><D30/><U82/><E82/><V61/><F61/><W134/><G134/><T7/><D88/><U76/><E76/><V135/><F135/><W23/><G47/><T50/><D50/><U81/><E81/><V127/><F127/><W79/><G79/><T54/><D54/><U38/><E38/><N who="2" m="21847" /><F13/><W11/><G23/><T26/><D62/><U126/><E126/><V15/><F15/><W35/><G35/><T72/><D72/><U28/><E118/><V55/><F55/><W10/><G10/><T102/><D102/><U104/><E69/><V103/><F103/><W43/><G43/><T91/><D91/><U115/><E115/><V33/><F33/><W18/><REACH who="3" step="1"/><G93/><REACH who="3" ten="71,395,286,238" step="2"/><T20/><D20/><U12/><E40/><V119/><F119/><W128/><G128/><T94/><D94/><U9/><E22/><V57/><F32/><W80/><G80/><T4/><D26/><U78/><E78/><V117/><F117/><RYUUKYOKU ba="0,1" sc="71,15,395,-15,286,-15,238,15" hai0="4,7,16,37,39,64,65,92,95,96,98,120,121" hai3="5,6,11,14,18,19,21,24,41,45,51,63,68" /><INIT seed="7,1,1,5,4,67" ten="86,380,271,253" oya="3" hai0="21,29,16,112,54,38,93,50,43,84,40,31,98" hai1="113,24,127,32,80,101,56,79,2,99,64,90,95" hai2="15,19,92,66,118,91,49,82,20,115,44,46,63" hai3="97,35,110,100,71,114,131,3,68,62,60,104,94"/><W123/><G123/><T116/><D116/><U7/><E113/><V125/><F115/><W59/><G114/><T124/><D124/><U83/><E127/><V87/><F125/><W26/><G3/><T51/><D112/><U81/><E7/><V88/><F118/><W128/><G110/><T61/><D38/><U52/><E64/><V4/><F4/><W129/><G104/><T78/><D61/><N who="3" m="23657" /><G59/><T76/><D43/><U12/><E2/><V119/><F119/><W69/><G26/><T111/><D111/><U117/><E117/><V96/><REACH who="2" step="1"/><F49/><REACH who="2" ten="86,380,261,253" step="2"/><W103/><G35/><T70/><D51/><U109/><E32/><V10/><F10/><W1/><G1/><T105/><D40/><U55/><E109/><V6/><F6/><W5/><G5/><T8/><D8/><U48/><E48/><V18/><F18/><W11/><G11/><T30/><D105/><U42/><E42/><V86/><F86/><W45/><G45/><T58/><D70/><AGARI ba="1,2" hai="15,19,20,44,46,63,66,70,82,87,88,91,92,96" machi="70" ten="30,8000,1" yaku="1,1,7,1,52,1,54,1,53,1" doraHai="67" doraHaiUra="89" who="2" fromWho="0" sc="86,-83,380,0,261,103,253,0" owari="3,-50.0,380,49.0,364,16.0,253,-15.0" /></mjloggm>