<mjloggm ver="2.3"><GO type="169" lobby="0"/><UN n0="%54%4C%49%43%30%33" n1="%E3%81%BE%E3%81%81%E9%9B%80" n2="%E3%82%A6%E3%83%AB%E3%83%88%E3%83%A9%E7%AB%8B%E7%9B%B4" n3="%E3%81%BA%E3%82%8A%E3%81%8B%E3%82%93" dan="16,16,16,17" rate="2108.11,2160.10,2021.26,2184.98" sx="M,M,M,F"/><TAIKYOKU oya="0"/><INIT seed="0,0,0,4,4,3" ten="250,250,250,250" oya="0" hai0="42,124,43,64,129,85,31,7,32,109,105,95,101" hai1="108,98,16,133,132,48,134,33,102,131,96,53,67" hai2="24,84,65,1,52,11,8,9,5,28,29,23,77" hai3="30,39,87,2,56,112,75,55,100,61,49,83,60"/><T92/><D105/><U110/><E33/><V91/><F65/><W15/><G2/><T12/><D124/><U18/><E67/><V68/><F68/><W123/><G75/><T120/><D120/><U80/><E80/><V34/><F77/><W40/><G112/><T130/><D32/><U58/><E131/><N who="0" m="50185" /><D64/><U66/><E66/><V14/><F52/><W17/><G30/><T126/><D126/><U114/><E114/><V135/><F135/><W103/><G123/><T44/><D31/><U97/><REACH who="1" step="1"/><E102/><REACH who="1" ten="250,240,250,250" step="2"/><V127/><F127/><W93/><G103/><T38/><D101/><U82/><E82/><V94/><F29/><W73/><G83/><T118/><D95/><U128/><E128/><V54/><F54/><W59/><G93/><T45/><D92/><U86/><E86/><V41/><F41/><W70/><G87/><T50/><D85/><U57/><E57/><V20/><F34/><W113/><G100/><T106/><D106/><U25/><E25/><V89/><F89/><W81/><G81/><T10/><D118/><U78/><E78/><V71/><F71/><W74/><G113/><T79/><D79/><U90/><E90/><V0/><F0/><W121/><G70/><T88/><D88/><U36/><E36/><V21/><F1/><W19/><G121/><T63/><D109/><AGARI ba="0,1" hai="16,18,48,53,58,96,97,98,108,109,110,132,133,134" machi="109" ten="50,8000,1" yaku="1,1,14,1,20,1,54,1,53,0" doraHai="3" doraHaiUra="76" who="1" fromWho="0" sc="250,-80,240,90,250,0,250,0" /><INIT seed="1,0,0,2,3,45" ten="170,330,250,250" oya="1" hai0="112,16,72,131,94,127,100,11,135,1,126,20,25" hai1="5,113,114,44,7,84,33,69,125,54,52,132,83" hai2="53,121,43,66,42,62,124,46,65,12,67,82,133" hai3="107,63,32,39,31,79,80,8,29,59,116,3,15"/><U14/><E33/><V56/><F121/><W90/><G3/><T57/><D72/><U0/><E69/><V48/><F124/><W103/><G39/><T50/><D112/><U34/><E34/><V102/><F133/><W28/><G116/><T9/><D135/><U77/><E132/><V75/><F102/><W41/><G41/><N who="2" m="15369" /><F75/><W99/><G90/><T89/><D100/><U4/><E125/><N who="0" m="47625" /><D131/><U38/><E0/><V101/><F101/><W119/><G119/><T95/><D95/><U109/><E109/><V60/><F82/><W92/><G107/><T91/><D91/><U58/><E14/><V93/><F93/><W123/><G123/><T108/><D108/><U96/><E96/><V120/><F120/><W49/><G32/><T47/><D57/><U10/><E10/><V30/><F30/><W17/><G80/><T19/><D1/><U13/><E13/><V104/><F104/><W134/><G79/><T78/><D78/><U35/><E35/><V97/><F97/><W128/><G128/><T87/><D19/><U110/><E110/><V21/><F21/><W27/><G27/><T6/><D6/><U61/><REACH who="1" step="1"/><E38/><REACH who="1" ten="170,320,250,250" step="2"/><V51/><F12/><W68/><G68/><T86/><D86/><U76/><E76/><V122/><F122/><W36/><G36/><T85/><D85/><U2/><E2/><V106/><F106/><W73/><G134/><T98/><D87/><U71/><E71/><V81/><F81/><W37/><G37/><T105/><D105/><U111/><E111/><V26/><F26/><W118/><G73/><T18/><D18/><RYUUKYOKU ba="0,1" sc="170,10,320,10,250,10,250,-30" hai0="9,11,16,20,25,47,50,89,94,98" hai1="4,5,7,44,52,54,58,61,77,83,84,113,114" hai2="46,48,51,53,56,60,62,65,66,67" /><INIT seed="1,1,1,0,5,8" ten="180,330,260,220" oya="1" hai0="132,18,40,87,117,15,50,29,47,119,52,105,93" hai1="127,26,14,17,77,2,112,31,115,9,96,131,128" hai2="78,7,32,124,110,12,36,73,72,22,11,109,28" hai3="70,91,39,5,107,134,60,104,45,21,135,66,94"/><U89/><E77/><V49/><F36/><W102/><G5/><T46/><D105/><U92/><E2/><V37/><F37/><W114/><G114/><T76/><D132/><N who="3" m="50729" /><G102/><T95/><D29/><U123/><E123/><V85/><F32/><W53/><G21/><T67/><D67/><U20/><REACH who="1" step="1"/><E127/><REACH who="1" ten="180,320,260,220" step="2"/><V81/><F124/><W61/><G107/><T113/><D119/><U118/><E118/><V64/><F78/><W83/><G104/><T4/><D117/><U63/><E63/><V82/><F73/><W120/><G120/><T43/><D113/><AGARI ba="1,2" hai="9,14,17,20,26,31,89,92,96,112,113,115,128,131" machi="113" ten="40,7700,0" yaku="1,1,52,1,53,1" doraHai="8" doraHaiUra="10" who="1" fromWho="0" sc="180,-80,320,100,260,0,220,0" /><INIT seed="1,2,0,5,2,14" ten="100,420,260,220" oya="1" hai0="19,79,16,133,51,71,131,18,38,46,42,125,13" hai1="129,114,31,76,96,67,17,66,103,85,62,94,121" hai2="101,81,122,47,90,2,88,49,55,82,107,48,56" hai3="87,132,86,22,43,21,70,123,33,37,93,98,9"/><U23/><E121/><V135/><F2/><W4/><G123/><T10/><D71/><U120/><E114/><V109/><F122/><W63/><G33/><T54/><D125/><U1/><E120/><V110/><F135/><W5/><G132/><T30/><D133/><U102/><E1/><V128/><F128/><W92/><G37/><T115/><D115/><U97/><E129/><V29/><F29/><W118/><G118/><T25/><D131/><U6/><E6/><V24/><F24/><W7/><G43/><T75/><D75/><U65/><E31/><V64/><F64/><W11/><G63/><T84/><D79/><U50/><E50/><V36/><F36/><W106/><G106/><T34/><REACH who="0" step="1"/><D84/><REACH who="0" ten="90,420,260,220" step="2"/><N who="3" m="32297" /><G70/><T20/><D20/><N who="3" m="7785" /><G98/><T44/><AGARI ba="2,1" hai="10,13,16,18,19,25,30,34,38,42,44,46,51,54" machi="44" ten="20,16000,3" yaku="1,1,0,1,7,1,52,3,54,1,53,1" doraHai="14" doraHaiUra="26" who="0" fromWho="0" sc="90,176,420,-82,260,-42,220,-42" /><INIT seed="2,0,0,1,2,35" ten="266,338,218,178" oya="2" hai0="50,51,5,30,18,62,74,93,119,80,7,24,83" hai1="58,109,22,8,94,100,75,76,111,26,61,65,87" hai2="31,92,135,84,68,79,10,2,108,17,67,85,63" hai3="116,104,21,34,37,103,9,38,45,88,82,29,59"/><V105/><F105/><W118/><G34/><T125/><D74/><U123/><E75/><V131/><F131/><W72/><G29/><T114/><D114/><U13/><E123/><V28/><F135/><W44/><G21/><N who="0" m="15631" /><D125/><U15/><E15/><V48/><F108/><W20/><G20/><T23/><D119/><U132/><E132/><V71/><F71/><W25/><G25/><N who="0" m="14583" /><D62/><U81/><E22/><V53/><F84/><W124/><G124/><T91/><D83/><U110/><E26/><V3/><F28/><W130/><G130/><T107/><D80/><U90/><E100/><V52/><F31/><W66/><G103/><T133/><D107/><U95/><REACH who="1" step="1"/><E76/><REACH who="1" ten="266,328,218,178" step="2"/><V40/><F79/><W11/><G72/><T27/><D133/><U129/><E129/><V126/><F126/><W86/><G116/><T46/><D27/><U16/><AGARI ba="0,1" hai="8,13,16,58,61,65,81,87,90,94,95,109,110,111" machi="16" ten="30,7900,0" yaku="1,1,0,1,14,1,54,1,53,0" doraHai="35" doraHaiUra="0" who="1" fromWho="1" sc="266,-20,328,89,218,-39,178,-20" /><INIT seed="3,0,0,2,5,45" ten="246,417,179,158" oya="3" hai0="88,107,63,112,24,12,44,97,103,110,26,132,1" hai1="108,74,117,87,96,129,128,0,11,95,19,58,42" hai2="69,41,16,75,3,115,90,99,37,105,113,106,66" hai3="18,38,111,49,34,40,70,98,28,122,102,130,13"/><W31/><G122/><T124/><D1/><U84/><E74/><V25/><F3/><W53/><G70/><T78/><D110/><U56/><E108/><V51/><F75/><W120/><G120/><T71/><D78/><U59/><E42/><V86/><F37/><W135/><G111/><T83/><D132/><U131/><E117/><V133/><F106/><W43/><G135/><T85/><D124/><U121/><E121/><V10/><F133/><W109/><G109/><T60/><D112/><U101/><E19/><V61/><F99/><W77/><G77/><T123/><D123/><U20/><E20/><V47/><F105/><W5/><G5/><AGARI ba="0,0" hai="0,5,11,56,58,59,84,87,95,96,101,128,129,131" machi="5" ten="50,1600,0" yaku="19,1" doraHai="45" who="1" fromWho="3" sc="246,0,417,16,179,0,158,-16" /><INIT seed="4,0,0,1,1,37" ten="246,433,179,142" oya="0" hai0="124,0,96,55,31,125,34,26,52,17,56,42,7" hai1="61,80,63,60,115,64,133,108,69,127,54,59,109" hai2="119,120,112,126,84,74,88,102,77,4,105,21,87" hai3="128,86,14,24,107,85,89,11,65,116,123,130,121"/><T44/><D0/><U43/><E80/><N who="2" m="45111" /><F21/><W134/><G116/><T76/><D76/><U95/><E95/><V97/><F4/><W45/><G107/><T99/><D7/><U104/><E104/><V129/><F120/><N who="3" m="46155" /><G134/><T94/><D17/><U27/><E27/><V15/><F15/><W46/><G65/><T6/><D6/><U83/><E83/><N who="2" m="49183" /><F119/><W30/><G86/><T9/><D9/><U66/><E133/><V39/><F39/><W70/><G70/><T79/><D79/><U10/><E10/><V68/><F68/><W98/><G98/><N who="0" m="37419" /><D94/><U13/><E13/><V72/><F72/><W12/><G11/><T51/><D56/><U3/><E3/><V114/><F126/><AGARI ba="0,0" hai="26,31,34,42,44,51,52,55,124,125,126" m="37419" machi="126" ten="30,5800,0" yaku="18,1,52,1,54,1" doraHai="37" who="0" fromWho="2" sc="246,58,433,0,179,-58,142,0" /><INIT seed="4,1,0,3,2,125" ten="304,433,121,142" oya="0" hai0="74,119,93,121,21,94,82,37,3,57,88,124,67" hai1="89,38,128,12,117,49,6,13,105,54,108,72,81" hai2="52,92,84,112,1,107,120,77,19,69,113,27,99" hai3="2,20,16,0,53,115,28,31,60,109,111,23,18"/><T103/><D119/><U51/><E108/><V65/><F1/><N who="3" m="619" /><G60/><N who="0" m="38287" /><D3/><U45/><E105/><V39/><F39/><W35/><G53/><T97/><D37/><U73/><E117/><V134/><F120/><W34/><G115/><N who="2" m="44105" /><F134/><W101/><G111/><T62/><D74/><U130/><E38/><V116/><F116/><W106/><G106/><T132/><D124/><U26/><E26/><V8/><F65/><W64/><G101/><T24/><D132/><U41/><E6/><V61/><F69/><W30/><G64/><T100/><D121/><U123/><E123/><V71/><F71/><W9/><G9/><T90/><D62/><U29/><E29/><V11/><F107/><W15/><G109/><T32/><D32/><U7/><E7/><V47/><F11/><W14/><AGARI ba="1,0" hai="14,15,16,18,20,23,28,30,31,34,35" m="619" machi="14" ten="30,12000,2" yaku="35,5,54,1" doraHai="125" who="3" fromWho="3" sc="304,-61,433,-31,121,-31,142,123" /><INIT seed="5,0,0,4,5,133" ten="243,402,90,265" oya="1" hai0="14,16,93,129,45,37,7,35,23,107,116,111,40" hai1="103,55,0,121,79,60,82,109,63,110,50,15,54" hai2="43,99,18,3,125,80,87,61,76,106,52,88,69" hai3="29,24,48,38,20,101,97,104,123,135,115,118,128"/><U90/><E0/><V113/><F3/><W10/><G123/><T4/><D107/><U57/><E121/><V53/><F113/><W117/><G38/><T32/><D116/><N who="3" m="44649" /><G135/><T124/><D111/><N who="1" m="42507" /><E103/><V22/><F43/><W17/><G115/><T132/><D132/><U72/><E90/><V11/><F11/><W1/><G48/><T2/><D124/><U12/><E63/><V46/><F46/><AGARI ba="0,0" hai="12,15,46,50,54,55,57,60,72,79,82" m="42507" machi="46" ten="30,1500,0" yaku="10,1" doraHai="133" who="1" fromWho="2" sc="243,0,402,15,90,-15,265,0" /><INIT seed="5,1,0,5,0,122" ten="243,417,75,265" oya="1" hai0="40,38,3,37,61,21,65,42,129,116,105,104,109" hai1="133,54,78,2,7,26,30,106,64,135,43,124,53" hai2="97,12,134,36,125,44,23,16,86,114,63,76,81" hai3="22,120,91,130,112,79,49,70,83,73,98,35,32"/><U115/><E106/><V4/><F134/><N who="1" m="51209" /><E64/><V118/><F118/><W111/><G70/><T121/><D3/><U14/><E43/><V74/><F125/><W128/><G49/><T80/><D116/><U13/><E78/><V45/><F114/><W72/><G22/><T5/><D5/><U11/><E54/><V24/><F36/><W127/><G35/><T60/><D80/><U92/><E53/><V48/><F74/><W57/><G32/><T10/><D21/><N who="1" m="15695" /><E92/><V47/><F97/><W69/><G69/><T20/><D20/><U84/><E84/><V50/><F63/><W41/><G41/><T107/><D121/><U31/><E115/><V75/><F75/><W96/><G57/><T58/><D58/><U85/><E85/><V33/><F33/><W51/><G51/><T99/><D99/><U62/><E62/><V93/><F93/><W59/><G59/><T94/><D94/><U8/><E124/><V123/><F123/><W71/><G71/><T17/><D65/><U77/><E77/><V100/><F100/><W119/><G120/><T39/><D61/><U0/><E31/><V1/><F1/><W15/><G119/><T95/><D60/><U9/><E9/><AGARI ba="1,0" hai="4,9,12,16,23,24,44,45,47,48,50,76,81,86" machi="9" ten="40,2600,0" yaku="8,1,54,1" doraHai="122" who="2" fromWho="1" sc="243,0,417,-29,75,29,265,0" /><INIT seed="6,0,0,3,0,52" ten="243,388,104,265" oya="2" hai0="111,123,60,64,49,3,106,100,13,107,8,74,26" hai1="103,78,11,70,75,58,57,9,12,5,121,73,55" hai2="35,61,81,98,79,0,89,126,40,10,87,72,129" hai3="4,23,125,96,28,119,46,93,51,31,62,36,95"/><V20/><F35/><W65/><G119/><T110/><D111/><U131/><E70/><V113/><F126/><W38/><G125/><T71/><D110/><U90/><E103/><V53/><F129/><W77/><G4/><T115/><D123/><U85/><E131/><V91/><F113/><W130/><G77/><T116/><D3/><U68/><E68/><V124/><F124/><W84/><G130/><T118/><D74/><U120/><E55/><V32/><F32/><W133/><G84/><T15/><D115/><U25/><E25/><V76/><F40/><W80/><G80/><T1/><D1/><U66/><E66/><V47/><F72/><W92/><G96/><T7/><D100/><U127/><E127/><V59/><F47/><W101/><G101/><T69/><D71/><U14/><E90/><V43/><F43/><W82/><G82/><T6/><D26/><U41/><E41/><V128/><F128/><W27/><G31/><T16/><D49/><U17/><E85/><V97/><F97/><W45/><G133/><T37/><D37/><U42/><E42/><V33/><F33/><W102/><G102/><T54/><D54/><U56/><E78/><V135/><F135/><W117/><G117/><N who="0" m="45163" /><D6/><U30/><E30/><V114/><F114/><W48/><G36/><T108/><D108/><U50/><E50/><N who="3" m="18986" /><G38/><T18/><D7/><U132/><E132/><V67/><F67/><W34/><G34/><T122/><D122/><AGARI ba="0,0" hai="5,9,11,12,14,17,56,57,58,73,75,120,121,122" machi="122" ten="40,8000,1" yaku="13,1,52,3" doraHai="52" who="1" fromWho="0" sc="243,-80,388,80,104,0,265,0" /><INIT seed="7,0,0,2,2,125" ten="163,468,104,265" oya="3" hai0="131,38,32,25,45,103,62,49,16,74,106,69,72" hai1="36,7,64,81,113,123,14,77,90,73,27,128,132" hai2="127,88,122,129,100,111,48,65,55,10,114,119,94" hai3="21,102,54,117,59,79,30,2,133,6,67,19,60"/><W50/><G133/><T86/><D38/><U135/><E36/><V115/><F119/><W53/><G117/><T51/><D86/><U58/><E123/><V26/><F127/><W95/><G79/><T87/><D87/><U66/><E27/><V29/><F111/><W120/><G120/><T91/><D91/><U41/><E41/><V1/><F65/><W68/><G30/><T46/><D16/><U61/><E66/><V0/><F100/><W17/><G21/><T40/><D62/><U63/><E63/><V31/><F122/><W28/><G28/><T57/><D57/><U118/><E118/><V112/><F31/><W15/><G2/><T96/><D69/><U126/><E126/><V70/><F70/><W116/><G116/><T34/><D25/><U89/><E113/><V42/><F42/><W121/><G121/><T43/><D131/><U35/><E128/><V47/><F10/><W12/><G54/><T101/><D96/><U18/><E7/><V98/><REACH who="2" step="1"/><F129/><REACH who="2" ten="163,468,94,265" step="2"/><W75/><G102/><N who="0" m="38923" /><D43/><U9/><E35/><V83/><F83/><W97/><G68/><T85/><D40/><U104/><E104/><V13/><F13/><W4/><G12/><T8/><D106/><U44/><E44/><V92/><F92/><W99/><G95/><T134/><D46/><U105/><E105/><V80/><F80/><W76/><G15/><T82/><D45/><U108/><E108/><V71/><F71/><W130/><G130/><T24/><D82/><U110/><E110/><V84/><F84/><W93/><G93/><T124/><D85/><U56/><E56/><RYUUKYOKU ba="0,1" sc="163,-15,468,15,94,15,265,-15" hai1="9,14,18,58,61,64,73,77,81,89,90,132,135" hai2="0,1,26,29,47,48,55,88,94,98,112,114,115" owari="148,-25.0,493,59.0,109,-39.0,250,5.0" /></mjloggm>