<mjloggm ver="2.3"><GO type="97" lobby="0"/><UN n0="%41%42%41%52%41" n1="%E3%81%8B%E3%81%BF%E3%81%8B%E3%81%BF" n2="%41%4B%42%2D%34%38" n3="%E3%82%A6%E3%83%AB%E3%83%88%E3%83%A9%E7%AB%8B%E7%9B%B4" dan="13,14,14,15" rate="1850.31,1885.40,1953.07,1941.64" sx="M,F,M,M"/><TAIKYOKU oya="0"/><INIT seed="0,0,0,4,1,61" ten="250,250,250,250" oya="0" hai0="23,107,76,14,33,41,17,47,19,70,126,37,57" hai1="2,36,132,73,105,135,72,81,35,116,84,52,90" hai2="55,7,125,8,59,91,80,62,130,21,89,124,134" hai3="112,111,98,94,96,29,77,109,44,118,16,129,102"/><T39/><D126/><U26/><E2/><V122/><F122/><W28/><G118/><T45/><D107/><U60/><E116/><V67/><F134/><N who="1" m="51241" /><E105/><V54/><F130/><W15/><G129/><T113/><D33/><U30/><E36/><V68/><F21/><W32/><G112/><T120/><D120/><U85/><E85/><V100/><F100/><W65/><G77/><T11/><D113/><U97/><E97/><V95/><F80/><W48/><G98/><T82/><D70/><U121/><E121/><V87/><F91/><W13/><G94/><T79/><D57/><AGARI ba="0,0" hai="26,30,35,52,57,60,72,73,81,84,90" m="51241" machi="57" ten="30,2000,0" yaku="20,1,54,1" doraHai="61" who="1" fromWho="0" sc="250,-20,250,20,250,0,250,0" /><INIT seed="1,0,0,5,0,43" ten="230,270,250,250" oya="1" hai0="8,52,88,97,133,6,28,33,108,122,83,124,104" hai1="128,135,81,79,59,73,35,130,23,131,80,19,55" hai2="41,127,112,57,48,132,26,14,39,78,7,25,32" hai3="92,42,36,113,109,9,46,99,11,1,119,15,13"/><U51/><E35/><V72/><F132/><W50/><G113/><T22/><D133/><U70/><E70/><V75/><F127/><W64/><G109/><T18/><D124/><U118/><E118/><V90/><F90/><W17/><G1/><T134/><D122/><U0/><E0/><V116/><F116/><W107/><G107/><T91/><D134/><U106/><E106/><V63/><F39/><W2/><G2/><T71/><D71/><U5/><E5/><V12/><F12/><W101/><G119/><T86/><D108/><U121/><E135/><V102/><F102/><W111/><G111/><T24/><D104/><U16/><E121/><V103/><F103/><W27/><G27/><T56/><D97/><U21/><E81/><V67/><F26/><W105/><G64/><T74/><D74/><U77/><E77/><V54/><F41/><W66/><G66/><T38/><D38/><U120/><E120/><V115/><F78/><W20/><G105/><T82/><D33/><U125/><REACH who="1" step="1"/><E125/><REACH who="1" ten="230,260,250,250" step="2"/><V3/><F3/><W129/><G92/><T29/><D83/><U85/><E85/><V31/><F75/><W60/><G99/><T76/><D76/><U117/><E117/><V10/><REACH who="2" step="1"/><F72/><REACH who="2" ten="230,260,240,250" step="2"/><W89/><G36/><T94/><D94/><U93/><E93/><V30/><F30/><W100/><G17/><AGARI ba="0,2" hai="16,17,19,21,23,51,55,59,73,79,80,128,130,131" machi="17" ten="40,12000,1" yaku="1,1,19,1,54,1,53,1" doraHai="43" doraHaiUra="53" who="1" fromWho="3" sc="230,0,260,140,240,0,250,-120" /><INIT seed="1,1,0,3,4,8" ten="230,400,240,130" oya="1" hai0="17,90,65,74,7,75,5,3,36,77,131,82,103" hai1="106,129,117,84,35,97,122,113,107,118,76,132,12" hai2="59,51,46,19,96,99,23,130,25,42,125,33,60" hai3="79,80,38,101,91,128,18,26,123,40,121,73,133"/><U115/><E35/><V29/><F130/><W41/><G128/><T0/><D65/><U70/><E70/><V110/><F110/><W22/><G133/><T100/><D131/><U93/><E129/><V92/><F125/><W66/><G101/><T119/><D119/><N who="1" m="45579" /><E12/><V135/><F135/><W81/><G66/><T64/><D64/><U31/><E31/><V134/><F134/><W49/><G38/><T20/><D36/><U104/><E132/><V15/><F92/><W30/><G49/><T43/><D43/><U54/><E54/><AGARI ba="1,0" hai="15,19,23,25,29,33,42,46,51,54,59,60,96,99" machi="54" ten="30,2000,0" yaku="7,1,52,1" doraHai="8" who="2" fromWho="1" sc="230,0,400,-23,240,23,130,0" /><INIT seed="2,0,0,0,3,14" ten="230,377,263,130" oya="2" hai0="81,100,23,38,57,96,120,114,117,74,43,51,94" hai1="36,9,44,119,70,27,11,129,18,17,62,79,71" hai2="20,5,132,102,115,31,88,19,47,60,86,105,95" hai3="133,1,99,63,46,35,30,45,82,78,50,116,41"/><V72/><F115/><W28/><G1/><T40/><D117/><U123/><E119/><V130/><F132/><W125/><G116/><T66/><D120/><U104/><E104/><V3/><F31/><W53/><G133/><T52/><D114/><U24/><E123/><V131/><F72/><W83/><G125/><T25/><D38/><U7/><E79/><V33/><F33/><W64/><G99/><T55/><D66/><U34/><E129/><V121/><F121/><W56/><G35/><T10/><D10/><U49/><E36/><V26/><F47/><W97/><G97/><T106/><D106/><U48/><E34/><V77/><F77/><W90/><G90/><T4/><D4/><U126/><E44/><V13/><F3/><W61/><G82/><T54/><D74/><U22/><E7/><V112/><F60/><W111/><G111/><T89/><D55/><U67/><E126/><V84/><F84/><W91/><G91/><T12/><D12/><U76/><E76/><V85/><F85/><W134/><G134/><T118/><D118/><U16/><E70/><V69/><F69/><W21/><G63/><N who="0" m="36263" /><D89/><U2/><E2/><V15/><F112/><W135/><G135/><T37/><D81/><U101/><E101/><V108/><F108/><W98/><G98/><T8/><D8/><N who="1" m="3147" /><E22/><V68/><F68/><W6/><G21/><T75/><D37/><U127/><E127/><V80/><F105/><W39/><G6/><T73/><D73/><AGARI ba="0,0" hai="28,30,39,41,45,46,50,53,56,61,64,73,78,83" machi="73" ten="30,1000,0" yaku="7,1" doraHai="14" who="3" fromWho="0" sc="230,-10,377,0,263,0,130,10" /><INIT seed="3,0,0,0,2,108" ten="220,377,263,140" oya="3" hai0="117,56,26,73,7,106,41,97,116,75,10,126,123" hai1="74,98,21,11,49,118,51,120,8,133,48,2,65" hai2="110,15,17,4,66,127,22,82,28,29,76,23,114" hai3="61,46,102,45,6,112,1,58,18,33,96,16,113"/><W36/><G33/><T54/><D123/><U30/><E120/><V90/><F110/><W32/><G32/><T63/><D126/><U47/><E118/><V9/><F127/><W50/><G6/><T0/><D41/><U86/><E74/><V40/><F66/><W20/><G1/><T107/><D26/><N who="1" m="16719" /><E2/><V14/><F40/><W55/><G36/><T91/><D73/><U125/><E125/><V13/><F90/><W60/><G60/><T84/><D75/><U135/><E86/><V64/><F64/><W92/><G46/><T53/><D107/><U62/><E98/><V67/><F67/><W81/><G81/><T103/><REACH who="0" step="1"/><D53/><REACH who="0" ten="210,377,263,140" step="2"/><U132/><E47/><V34/><F4/><W77/><G77/><T80/><AGARI ba="0,1" hai="0,7,10,54,56,63,80,84,91,97,103,106,116,117" machi="80" ten="20,5200,0" yaku="1,1,2,1,0,1,7,1,53,0" doraHai="108" doraHaiUra="122" who="0" fromWho="0" sc="210,62,377,-13,263,-13,140,-26" owari="272,7.0,364,47.0,250,-15.0,114,-39.0" /></mjloggm>