<mjloggm ver="2.3"><GO type="169" lobby="0"/><UN n0="%70%70%61%61%6F%6F" n1="%E9%81%8A%E8%B5%B0" n2="%E3%82%A6%E3%83%AB%E3%83%88%E3%83%A9%E7%AB%8B%E7%9B%B4" n3="%E3%83%87%E3%82%B8%E3%82%BF%E3%83%AB%E4%BB%99%E4%BA%BA" dan="16,16,16,18" rate="2015.74,2087.81,2054.10,2161.25" sx="M,F,M,F"/><TAIKYOKU oya="0"/><INIT seed="0,0,0,0,5,109" ten="250,250,250,250" oya="0" hai0="33,38,60,29,70,62,127,78,125,5,130,86,54" hai1="48,104,19,9,87,111,133,56,65,101,72,35,74" hai2="25,16,46,12,103,47,0,84,13,98,71,20,110" hai3="79,14,55,123,75,99,67,83,28,91,44,105,107"/><T26/><D38/><U96/><E111/><V42/><F0/><W30/><G123/><T126/><D130/><U116/><E116/><V23/><F71/><W114/><G67/><T63/><D5/><U61/><E133/><V21/><F110/><W50/><G114/><T120/><D120/><U2/><E35/><V118/><F118/><W129/><G129/><T100/><D100/><U22/><E87/><V45/><F84/><W68/><G68/><T93/><D54/><U81/><E81/><V135/><F135/><W8/><G107/><T108/><D108/><U106/><E106/><V94/><F42/><W92/><REACH who="3" step="1"/><G105/><REACH who="3" ten="250,250,250,240" step="2"/><T88/><D78/><U90/><E65/><AGARI ba="0,1" hai="26,29,33,60,62,63,65,70,86,88,93,125,126,127" machi="65" ten="40,3900,0" yaku="18,1,54,1" doraHai="109" who="0" fromWho="1" sc="250,49,250,-39,250,0,240,0" /><INIT seed="0,1,0,5,4,30" ten="299,211,250,240" oya="0" hai0="34,106,96,5,18,50,35,2,135,25,134,87,83" hai1="8,24,6,115,60,122,23,86,112,22,10,90,69" hai2="31,121,55,62,89,110,119,67,32,40,44,48,16" hai3="85,132,73,100,107,29,36,33,123,54,101,104,125"/><T12/><D2/><U53/><E122/><V45/><F121/><W38/><G123/><T72/><D72/><U71/><E10/><V108/><F89/><W1/><G73/><T91/><D5/><U93/><E23/><V14/><F119/><W61/><G1/><T49/><D25/><U88/><E90/><V37/><F31/><W27/><G85/><T102/><D50/><U80/><E80/><V75/><F75/><W77/><G77/><T116/><D49/><U59/><E8/><V130/><F32/><W94/><G94/><T21/><REACH who="0" step="1"/><D116/><REACH who="0" ten="289,211,250,240" step="2"/><U109/><E6/><V105/><F105/><W118/><G118/><T7/><D7/><U13/><E13/><V131/><F45/><W70/><G104/><T114/><D114/><N who="1" m="43563" /><E109/><V41/><F110/><W98/><G107/><T26/><D26/><U120/><E120/><V133/><F108/><W64/><G27/><T4/><D4/><U15/><E15/><V95/><F14/><W74/><G74/><T57/><D57/><U129/><E129/><V127/><F130/><W63/><G70/><T124/><D124/><U65/><E24/><V56/><F131/><W28/><G125/><T19/><D19/><U11/><E71/><V20/><F16/><W0/><G0/><T99/><D99/><U39/><E69/><V128/><F128/><W51/><G98/><T84/><D84/><U111/><E86/><V66/><F127/><W9/><G28/><T52/><D52/><U58/><E111/><V3/><F3/><W117/><G29/><T81/><D81/><U76/><E58/><V68/><F56/><RYUUKYOKU ba="1,1" sc="289,30,211,-10,250,-10,240,-10" hai0="12,18,21,34,35,83,87,91,96,102,106,134,135" /><INIT seed="0,2,1,2,4,8" ten="319,201,240,230" oya="0" hai0="61,110,9,72,128,127,48,39,111,132,63,35,99" hai1="89,44,12,31,108,92,103,45,79,101,36,51,97" hai2="15,16,29,19,114,64,49,124,73,96,112,113,94" hai3="125,24,102,54,105,5,67,133,2,42,86,32,119"/><T130/><D39/><U106/><E108/><N who="0" m="41513" /><D127/><U30/><E36/><V23/><F73/><W126/><G119/><T37/><D37/><U115/><E115/><V135/><F29/><N who="1" m="10761" /><E106/><V120/><F120/><W25/><G42/><T21/><D35/><U34/><E34/><V56/><F124/><N who="3" m="47723" /><G32/><T17/><D132/><U83/><E45/><V11/><F135/><W88/><G67/><T131/><D72/><U117/><E117/><V55/><F64/><W76/><G76/><T129/><N who="0" m="32768" /><DORA hai="116" /><T22/><D48/><U46/><E46/><V52/><F55/><W65/><G54/><T10/><D99/><U100/><E79/><V60/><F49/><W20/><G65/><T57/><D57/><U109/><E109/><V91/><REACH who="2" step="1"/><F114/><REACH who="2" ten="319,201,230,230" step="2"/><W107/><G133/><T53/><D53/><U62/><E51/><V70/><F70/><W121/><G121/><T1/><D1/><U6/><E62/><N who="0" m="23561" /><D22/><U33/><E33/><V95/><F95/><W3/><G20/><T27/><AGARI ba="2,2" hai="9,10,17,21,27" m="23561,32768,41513" machi="27" ten="60,11700,0" yaku="14,1,10,1,19,1" doraHai="8,116" who="0" fromWho="0" sc="319,143,201,-41,230,-41,230,-41" /><INIT seed="0,3,0,5,2,36" ten="462,160,189,189" oya="0" hai0="0,27,68,99,6,128,71,9,13,125,17,75,87" hai1="18,117,63,119,92,26,131,16,74,108,102,110,126" hai2="83,51,42,78,47,48,120,122,88,43,80,116,38" hai3="37,5,53,40,90,93,86,34,64,115,57,73,45"/><T32/><D75/><U100/><E74/><V54/><F116/><N who="1" m="44617" /><E92/><V11/><F38/><W56/><G115/><T132/><D125/><U124/><E63/><V31/><F31/><W3/><G73/><T60/><D128/><U107/><E107/><V105/><F105/><W127/><G34/><T109/><D132/><U49/><E49/><V98/><F78/><W69/><G127/><N who="1" m="48682" /><E131/><V113/><F113/><W41/><G69/><T104/><D109/><N who="1" m="42091" /><E26/><V22/><F51/><W121/><G64/><T2/><D60/><U1/><E1/><V19/><F83/><W14/><G3/><T20/><D2/><U114/><E114/><V103/><F80/><W30/><G37/><T28/><D87/><U24/><E24/><V118/><F118/><W23/><G93/><T21/><D68/><U46/><E46/><V4/><F47/><W8/><G86/><T50/><D71/><U134/><E134/><V44/><F44/><W123/><G45/><T59/><D59/><U129/><E129/><V89/><F48/><W61/><G57/><T79/><D50/><U81/><E81/><V111/><F111/><W133/><G133/><T135/><D135/><U52/><E52/><V91/><F54/><W84/><G84/><T106/><D79/><U33/><E33/><V12/><F98/><W10/><G53/><T130/><D130/><U70/><E70/><V58/><F58/><W82/><G56/><T15/><D99/><U35/><E35/><V62/><F62/><W97/><G61/><T96/><D96/><U65/><E65/><V72/><F72/><W67/><G67/><RYUUKYOKU ba="3,0" sc="462,15,160,15,189,-15,189,-15" hai0="0,6,9,13,15,17,20,21,27,28,32,104,106" hai1="16,18,100,102" /><INIT seed="0,4,0,1,3,30" ten="477,175,174,174" oya="0" hai0="127,12,20,83,48,123,16,21,99,11,74,60,14" hai1="132,125,41,113,26,19,73,29,100,121,104,58,47" hai2="51,53,116,40,4,24,89,119,95,79,107,33,126" hai3="52,86,84,10,9,92,118,93,36,22,42,3,103"/><T78/><D123/><U102/><E121/><V110/><F107/><W23/><G118/><T114/><D114/><U129/><E113/><V38/><F79/><W18/><G36/><T45/><D127/><U5/><E132/><V85/><F4/><W63/><G42/><T62/><D99/><U1/><E73/><V61/><F38/><W88/><G3/><T75/><D75/><U67/><E125/><V15/><F15/><W101/><G23/><T106/><D106/><U56/><E19/><V31/><F126/><W44/><G101/><T54/><REACH who="0" step="1"/><D21/><REACH who="0" ten="467,175,174,174" step="2"/><U76/><E104/><V17/><F116/><W13/><G86/><T50/><D50/><U128/><E128/><V135/><F119/><W122/><G122/><T133/><D133/><U134/><E129/><V65/><F135/><W46/><G22/><T96/><D96/><U71/><E134/><V8/><F85/><W37/><G37/><T55/><D55/><U7/><E102/><V91/><F53/><W81/><G103/><T94/><D94/><N who="3" m="36457" /><G10/><T28/><D28/><U131/><E29/><V0/><F31/><W66/><G66/><T35/><D35/><U25/><E100/><V124/><F33/><W117/><G117/><T108/><D108/><U64/><E67/><V57/><F65/><W109/><G109/><T97/><D97/><U68/><E64/><V2/><F110/><W82/><G82/><T77/><D77/><U111/><E131/><V43/><F124/><W32/><G32/><T87/><D87/><U27/><E111/><V80/><F80/><W70/><G52/><T90/><D90/><RYUUKYOKU ba="4,1" sc="467,15,175,-15,174,-15,174,15" hai0="11,12,14,16,20,45,48,54,60,62,74,78,83" hai3="9,13,18,44,46,63,70,81,84,88" /><INIT seed="0,5,1,0,2,45" ten="482,160,159,189" oya="0" hai0="115,96,131,79,98,129,25,80,68,13,10,112,108" hai1="117,107,54,17,7,81,42,24,100,6,27,19,0" hai2="93,90,113,82,69,133,95,48,23,35,101,134,38" hai3="119,43,14,97,84,103,37,125,52,55,11,126,75"/><T8/><D68/><U88/><E117/><V130/><F38/><W127/><G75/><T102/><D25/><N who="1" m="9803" /><E0/><V76/><F35/><W104/><G119/><T57/><D108/><U86/><E107/><V16/><F69/><W109/><G109/><T33/><D33/><U106/><E106/><V120/><F120/><W122/><G122/><T2/><D2/><U92/><E42/><V18/><F101/><W1/><G1/><T31/><D31/><U135/><E135/><N who="2" m="51723" /><F113/><W132/><G132/><T15/><D57/><U105/><E105/><V111/><F111/><W46/><REACH who="3" step="1"/><G84/><REACH who="3" ten="482,160,159,179" step="2"/><T78/><D112/><U32/><E86/><N who="2" m="52439" /><F130/><W5/><AGARI ba="5,2" hai="5,11,14,37,43,46,52,55,97,103,104,125,126,127" machi="5" ten="30,7900,0" yaku="1,1,0,1,18,1,54,1,53,0" doraHai="45" doraHaiUra="123" who="3" fromWho="3" sc="482,-44,160,-25,159,-25,179,114" /><INIT seed="1,0,0,1,3,98" ten="438,135,134,293" oya="1" hai0="127,13,111,99,46,5,69,17,91,37,88,58,8" hai1="132,12,79,33,22,30,76,7,129,89,50,1,70" hai2="131,120,119,105,65,18,3,28,11,0,52,47,103" hai3="19,31,81,64,135,34,25,90,32,95,97,72,14"/><U96/><E70/><V51/><F119/><W15/><G135/><T109/><D69/><U126/><E132/><V29/><F120/><W128/><G128/><T24/><D127/><U83/><E129/><V9/><F131/><W73/><G34/><T77/><D77/><U117/><E126/><V85/><F65/><W27/><G64/><T40/><D58/><U6/><E117/><V49/><F85/><W74/><G81/><T71/><D71/><U93/><E1/><V66/><F66/><W80/><G80/><T113/><D113/><U108/><E33/><V107/><F18/><W42/><G42/><T53/><D53/><U10/><E108/><N who="0" m="41545" /><D99/><U112/><E112/><V133/><F133/><W43/><G43/><T102/><D102/><U39/><E39/><V100/><REACH who="2" step="1"/><F52/><REACH who="2" ten="438,135,124,293" step="2"/><W86/><G86/><T116/><D116/><U23/><E7/><V87/><F87/><W121/><G121/><T115/><D115/><U41/><E30/><V101/><F101/><W54/><G54/><T61/><D61/><U45/><E79/><V55/><F55/><W35/><G19/><T67/><D67/><U21/><E76/><V60/><F60/><W63/><G63/><T124/><D124/><U4/><E83/><V125/><F125/><W92/><G95/><T44/><D44/><AGARI ba="0,1" hai="0,3,9,11,28,29,44,47,49,51,100,103,105,107" machi="44" ten="25,8000,1" yaku="1,1,22,2,52,2,53,0" doraHai="98" doraHaiUra="38" who="2" fromWho="0" sc="438,-80,135,0,124,90,293,0" /><INIT seed="2,0,0,5,5,23" ten="358,135,214,293" oya="2" hai0="102,97,98,121,76,28,110,4,27,26,130,115,18" hai1="42,16,71,103,96,56,64,124,66,40,7,22,116" hai2="65,52,19,63,94,125,46,117,37,57,17,78,82" hai3="126,25,122,72,54,67,108,111,24,3,99,85,128"/><V129/><F117/><W50/><G122/><T101/><D121/><U44/><E116/><V33/><F33/><W34/><G72/><T118/><D115/><U112/><E112/><V73/><F125/><W95/><G34/><T83/><D118/><U132/><E71/><V69/><F129/><W5/><G126/><T79/><D4/><U86/><E124/><V114/><F94/><W74/><G74/><T8/><D130/><U35/><E35/><V31/><F31/><W133/><G128/><T15/><D110/><N who="3" m="42025" /><G67/><T75/><D79/><U113/><E132/><V13/><F13/><W106/><G85/><T51/><D51/><U81/><E113/><V62/><REACH who="2" step="1"/><F114/><REACH who="2" ten="358,135,204,293" step="2"/><W89/><G133/><T134/><D134/><U88/><E7/><V119/><F119/><W127/><G127/><T32/><D28/><U21/><E21/><V120/><F120/><W60/><G106/><T20/><D32/><U92/><E56/><V84/><F84/><W41/><G5/><T59/><D75/><U6/><E6/><V45/><F45/><N who="3" m="25903" /><G3/><T93/><D15/><U29/><E29/><V11/><F11/><W107/><G107/><T87/><D8/><U0/><E0/><V61/><F61/><W123/><G123/><T100/><D59/><AGARI ba="0,1" hai="24,25,54,59,60,89,95,99" m="25903,42025" machi="59" ten="30,3900,0" yaku="14,1,52,2" doraHai="23" who="3" fromWho="0" sc="358,-39,135,0,204,0,293,49" /><INIT seed="3,0,0,3,4,30" ten="319,135,204,342" oya="3" hai0="1,12,54,50,92,86,35,115,64,55,57,74,114" hai1="61,67,113,93,112,123,6,78,33,43,10,101,75" hai2="16,69,134,14,95,0,118,125,62,85,126,107,13" hai3="116,68,42,91,132,87,71,58,52,25,59,44,76"/><W11/><G116/><T23/><D74/><U135/><E123/><V83/><F0/><W45/><G132/><T47/><D1/><U117/><E117/><V100/><F118/><W130/><G76/><T34/><D64/><U8/><E43/><V77/><F107/><W72/><G72/><T27/><D12/><U84/><E75/><V31/><F13/><W120/><G120/><T56/><D86/><U90/><E135/><V40/><F40/><W111/><G130/><T70/><D92/><U19/><E78/><V89/><F100/><W96/><G96/><T103/><D103/><U63/><E33/><V82/><F31/><W7/><G25/><T73/><D70/><U46/><E46/><V124/><F134/><W28/><G28/><T133/><D73/><U4/><E101/><V36/><F36/><W3/><G59/><T81/><D81/><U106/><E106/><V37/><F37/><W17/><G17/><N who="0" m="12783" /><D133/><U49/><E19/><V2/><F2/><W65/><G65/><T109/><D109/><U110/><E49/><V24/><F24/><W48/><G111/><T5/><D5/><N who="1" m="2155" /><E110/><V98/><F82/><W18/><G18/><T97/><D97/><U15/><E15/><V22/><REACH who="2" step="1"/><F62/><REACH who="2" ten="319,135,194,342" step="2"/><W94/><G42/><T51/><D115/><N who="1" m="44107" /><E63/><V102/><F102/><W129/><G129/><T21/><D114/><U29/><E29/><V104/><F104/><W108/><G108/><T26/><D26/><U80/><E80/><V39/><F39/><W53/><G3/><T9/><D50/><U128/><E128/><V127/><N who="2" m="31744" /><DORA hai="105" /><V122/><F122/><RYUUKYOKU ba="0,1" sc="319,-15,135,15,194,15,342,-15" hai1="8,10,61,67,84,90,93" hai2="14,16,22,69,77,83,85,89,95,98" /><INIT seed="4,1,1,2,1,95" ten="304,150,209,327" oya="0" hai0="28,87,49,52,1,20,78,109,83,13,89,110,62" hai1="98,46,132,73,16,41,118,80,59,38,30,35,53" hai2="40,0,22,106,75,10,97,90,63,11,61,120,133" hai3="127,45,58,94,32,101,21,17,2,100,105,39,117"/><T112/><D1/><U111/><E118/><V5/><F120/><W23/><G117/><T25/><D112/><U51/><E111/><N who="0" m="42505" /><D62/><U70/><E132/><V72/><F133/><W71/><G32/><T67/><D13/><U96/><E70/><V66/><F63/><W4/><G71/><T74/><D67/><U3/><E3/><V24/><F11/><W134/><G105/><T43/><D43/><U119/><E119/><V33/><F40/><W131/><G134/><T26/><D26/><U123/><E123/><V88/><F33/><W56/><G2/><T36/><D36/><U114/><E114/><V37/><F37/><W130/><G39/><T126/><D126/><U54/><E16/><V57/><F90/><W121/><G127/><T84/><D89/><U8/><E8/><V129/><F129/><W77/><G121/><T15/><D15/><U92/><E54/><V50/><F50/><W7/><G131/><T14/><D14/><U12/><E12/><V82/><F24/><W85/><G130/><T9/><D9/><U113/><E113/><V125/><F125/><W81/><G7/><T91/><D91/><U107/><E107/><V6/><F6/><W19/><G4/><T47/><AGARI ba="1,1" hai="20,25,28,47,49,52,74,78,83,84,87" m="42505" machi="47" ten="30,3000,0" yaku="10,1,54,1" doraHai="95" who="0" fromWho="0" sc="304,43,150,-11,209,-11,327,-11" /><INIT seed="4,2,0,1,4,59" ten="347,139,198,316" oya="0" hai0="132,62,94,91,55,88,126,97,64,109,74,5,77" hai1="70,16,73,60,69,135,12,110,6,119,57,42,37" hai2="101,30,35,87,102,129,106,46,58,14,36,95,28" hai3="112,41,38,32,115,96,105,45,11,124,20,107,7"/><T48/><D126/><U26/><E119/><V84/><F106/><W100/><G124/><T21/><D132/><U127/><E110/><V90/><F129/><W56/><G20/><T79/><D5/><U53/><E127/><V82/><F46/><W25/><G107/><T22/><D91/><U2/><E2/><V75/><F36/><W118/><G118/><T4/><D4/><U61/><E73/><V133/><F75/><W40/><G40/><T43/><D43/><U17/><E135/><V93/><F133/><W10/><G56/><N who="0" m="36935" /><D74/><U67/><E70/><V99/><F35/><W72/><G72/><T121/><D121/><U34/><E42/><V39/><F39/><W114/><G7/><T52/><D109/><U81/><E81/><V0/><F0/><W31/><AGARI ba="2,0" hai="10,11,25,31,32,38,41,45,96,100,105,112,114,115" machi="31" ten="40,2700,0" yaku="0,1,15,1" doraHai="59" who="3" fromWho="3" sc="347,-15,139,-9,198,-9,316,33" /><INIT seed="5,0,0,5,1,3" ten="332,130,189,349" oya="1" hai0="35,56,127,21,7,37,60,134,47,94,131,26,85" hai1="97,17,117,83,51,75,93,87,128,79,76,59,65" hai2="89,101,88,133,34,49,107,45,130,82,108,124,80" hai3="1,109,135,28,70,132,98,112,129,81,115,62,66"/><U69/><E117/><V29/><F108/><W19/><G109/><T106/><D106/><U116/><E116/><V11/><F29/><W122/><G122/><T102/><D35/><U110/><E110/><V78/><F34/><W23/><G28/><T43/><D134/><N who="3" m="51241" /><G129/><T72/><D72/><U95/><E128/><V118/><F118/><W41/><G41/><T50/><D131/><U86/><E69/><V64/><F130/><W119/><G119/><T53/><D127/><U0/><E0/><V113/><F124/><W14/><G1/><T24/><D7/><U39/><E39/><V5/><F113/><W16/><G98/><T105/><D105/><U77/><E75/><V61/><F107/><W38/><G38/><T8/><D8/><U13/><E83/><V58/><F101/><W9/><G81/><T6/><D6/><U120/><E120/><V32/><F32/><W42/><G42/><T18/><D37/><U52/><E65/><V48/><F133/><W2/><G2/><T55/><D55/><U67/><E67/><V103/><F103/><W68/><G68/><T73/><D73/><U125/><E125/><V92/><F92/><N who="1" m="35401" /><E97/><V100/><F100/><W54/><G54/><T25/><REACH who="0" step="1"/><D85/><REACH who="0" ten="322,130,189,349" step="2"/><N who="1" m="32267" /><E79/><V90/><F78/><W31/><G115/><T57/><D57/><U91/><E91/><V126/><F126/><W44/><G112/><T4/><D4/><U40/><E40/><V22/><F5/><N who="3" m="3375" /><G44/><T71/><D71/><U10/><AGARI ba="0,1" hai="10,13,17,51,52,59,76,77" m="32267,35401" machi="10" ten="30,3000,0" yaku="8,1,54,1" doraHai="3" who="1" fromWho="1" sc="322,-10,130,40,189,-10,349,-10" /><INIT seed="5,1,0,3,2,50" ten="312,170,179,339" oya="1" hai0="41,23,9,18,87,97,39,113,51,20,118,79,83" hai1="60,47,48,116,133,132,54,129,27,58,105,68,29" hai2="28,114,49,92,89,80,17,111,121,37,12,24,71" hai3="135,100,19,123,1,106,64,53,76,45,126,32,40"/><U26/><E105/><V10/><F37/><W86/><G123/><T77/><D39/><U117/><E27/><V66/><F121/><W6/><G32/><T124/><D118/><U56/><E129/><V131/><F131/><W102/><G64/><T42/><D124/><U120/><E120/><V34/><F111/><W22/><G106/><T108/><D108/><U82/><E82/><V70/><F66/><W122/><G126/><T21/><D97/><U81/><E81/><V110/><F110/><W90/><G122/><T13/><D113/><U134/><E68/><V55/><F114/><W127/><G76/><N who="0" m="46567" /><D42/><U99/><E99/><V93/><F80/><W73/><G127/><T74/><D74/><U59/><REACH who="1" step="1"/><E60/><REACH who="1" ten="312,160,179,339" step="2"/><V3/><F93/><W91/><G73/><T43/><D79/><U35/><AGARI ba="1,1" hai="26,29,35,47,48,54,56,58,59,116,117,132,133,134" machi="35" ten="40,12000,1" yaku="1,1,2,1,0,1,20,1,52,1,53,0" doraHai="50" doraHaiUra="85" who="1" fromWho="1" sc="312,-41,160,133,179,-41,339,-41" /><INIT seed="5,2,0,0,1,110" ten="271,293,138,298" oya="1" hai0="73,121,119,62,4,97,35,63,59,108,18,130,29" hai1="8,48,127,90,45,13,124,81,84,25,92,68,99" hai2="79,116,2,88,32,10,125,91,14,46,132,76,20" hai3="126,22,70,118,34,131,69,12,1,107,16,101,33"/><U120/><E68/><V128/><F32/><W75/><G75/><T53/><D119/><U52/><E25/><V89/><F116/><W3/><G118/><T9/><D108/><U66/><E66/><V6/><F125/><W26/><G70/><T114/><D130/><U87/><E120/><V80/><F128/><W71/><G71/><T24/><D73/><U135/><E135/><V17/><F132/><W58/><G69/><T19/><D121/><U7/><REACH who="1" step="1"/><E87/><REACH who="1" ten="271,283,138,298" step="2"/><V28/><F28/><W55/><G131/><T111/><D111/><U115/><E115/><V100/><F80/><W51/><G126/><T37/><D114/><U60/><E60/><V36/><F100/><AGARI ba="2,1" hai="7,8,13,45,48,52,81,84,90,92,99,100,124,127" machi="100" ten="40,3900,0" yaku="1,1,54,1,53,0" doraHai="110" doraHaiUra="54" who="1" fromWho="2" sc="271,0,283,55,138,-45,298,0" /><INIT seed="5,3,0,1,3,54" ten="271,338,93,298" oya="1" hai0="98,42,94,99,47,127,18,28,58,68,83,2,132" hai1="5,102,109,39,122,125,111,100,107,103,117,134,6" hai2="62,45,36,71,7,22,131,27,53,66,64,90,70" hai3="37,112,4,20,50,114,76,29,82,0,52,13,93"/><U49/><E122/><V108/><F108/><N who="1" m="41545" /><E117/><V10/><F131/><W77/><G37/><T120/><D68/><U110/><E125/><V3/><F90/><W30/><G93/><T119/><D119/><U26/><E134/><V15/><F3/><W63/><G63/><T35/><D2/><U51/><N who="1" m="41553" /><U23/><DORA hai="126" /><E39/><V34/><F34/><W128/><G128/><T46/><D132/><U121/><E121/><V75/><F75/><W12/><G0/><T24/><D58/><U96/><E96/><V101/><F101/><W32/><G32/><T81/><D120/><U78/><E78/><V106/><F106/><W73/><G77/><T61/><D98/><U31/><E107/><V123/><F123/><W57/><G4/><AGARI ba="3,0" hai="4,5,6,23,26,31,49,51,100,102,103" m="41553" machi="4" ten="50,2400,0" yaku="10,1" doraHai="54,126" who="1" fromWho="3" sc="271,0,338,33,93,0,298,-33" /><INIT seed="5,4,0,3,5,103" ten="271,371,93,265" oya="1" hai0="106,133,90,132,23,11,89,37,39,30,95,111,9" hai1="100,102,79,0,87,12,104,83,130,96,1,43,119" hai2="60,24,16,78,68,99,45,33,62,109,19,131,124" hai3="126,101,54,49,42,105,110,71,53,93,125,44,46"/><U35/><E35/><V108/><F78/><W115/><G110/><T57/><D111/><U77/><E119/><V26/><F99/><N who="3" m="61631" /><G71/><T20/><D57/><U112/><E112/><V22/><F45/><W5/><G5/><T40/><D95/><U94/><E130/><V34/><F22/><W64/><G64/><T59/><D59/><U63/><E77/><V74/><F74/><W10/><G10/><T58/><D58/><U56/><E43/><V51/><F51/><W2/><G2/><T88/><D40/><U117/><E117/><V121/><F124/><N who="3" m="47723" /><G115/><T8/><D106/><U73/><E12/><V81/><F81/><W116/><G116/><T120/><D120/><U122/><E122/><V32/><F32/><W28/><G28/><T70/><D70/><U76/><E100/><V65/><F121/><W7/><G7/><T38/><REACH who="0" step="1"/><D30/><REACH who="0" ten="261,371,93,265" step="2"/><U13/><E56/><V52/><F68/><W134/><G93/><T27/><D27/><U15/><E63/><V86/><F108/><W31/><G31/><T128/><D128/><U92/><E92/><V80/><F109/><W84/><G42/><T69/><D69/><U113/><E113/><V85/><F131/><W66/><G66/><T14/><D14/><N who="1" m="5131" /><E1/><V25/><F65/><W82/><G46/><T29/><D29/><U123/><E0/><V50/><F34/><W55/><G44/><T91/><N who="0" m="22528" /><DORA hai="107" /><T3/><D3/><U48/><E123/><V97/><F33/><W36/><G55/><T67/><D67/><U18/><E94/><V127/><F127/><W21/><G54/><T4/><D4/><RYUUKYOKU ba="4,1" sc="261,30,371,-10,93,-10,265,-10" hai0="8,9,11,20,23,37,38,39,132,133" /><INIT seed="6,5,1,2,3,42" ten="291,361,83,255" oya="2" hai0="84,98,19,77,46,26,0,67,88,105,44,113,109" hai1="29,15,23,12,40,54,41,1,60,5,76,91,81" hai2="106,62,21,59,10,133,130,112,36,43,45,27,64" hai3="115,97,124,53,33,95,61,14,63,56,17,119,87"/><V6/><F106/><W9/><G119/><T13/><D0/><U20/><E1/><V49/><F130/><W18/><G33/><T85/><D109/><U123/><E123/><V122/><F122/><W89/><G124/><T68/><D113/><U93/><E60/><V107/><F107/><W101/><G115/><T134/><D67/><U129/><E54/><V82/><F112/><W11/><G63/><T117/><D68/><U24/><E129/><V118/><F118/><W37/><G37/><T104/><D26/><U110/><E110/><V114/><F114/><W70/><G70/><T111/><D111/><U39/><E39/><V72/><F133/><W83/><REACH who="3" step="1"/><G11/><REACH who="3" ten="291,361,83,245" step="2"/><T100/><D117/><U99/><E23/><V16/><F36/><W8/><G8/><T78/><D134/><U47/><E20/><V71/><F71/><W94/><G94/><T92/><D104/><U38/><E93/><V50/><F50/><W31/><G31/><T103/><D105/><U30/><E29/><V22/><F22/><W131/><G131/><T55/><D92/><U7/><E30/><V65/><F65/><W121/><G121/><T51/><D100/><U120/><E38/><V125/><F125/><W32/><G32/><T34/><D34/><U73/><E120/><V4/><REACH who="2" step="1"/><F10/><REACH who="2" ten="291,361,73,245" step="2"/><W69/><G69/><T48/><D48/><U52/><E24/><V2/><F2/><W74/><G74/><T135/><D51/><U86/><E73/><V127/><F127/><W116/><G116/><T25/><D135/><U96/><E12/><V28/><F28/><W132/><G132/><RYUUKYOKU ba="5,3" sc="291,-15,361,-15,73,15,245,15" hai2="4,6,16,21,27,43,45,49,59,62,64,72,82" hai3="9,14,17,18,53,56,61,83,87,89,95,97,101" /><INIT seed="6,6,3,2,0,83" ten="276,346,88,260" oya="2" hai0="101,86,119,31,120,77,118,47,40,72,103,125,51" hai1="18,56,59,58,50,55,95,54,13,11,69,87,61" hai2="2,81,19,126,1,100,128,96,21,78,60,68,15" hai3="66,62,6,24,121,117,74,46,99,28,76,114,49"/><V130/><F126/><W9/><G121/><T36/><D120/><U65/><E69/><V135/><F135/><W64/><G117/><N who="0" m="44555" /><D125/><U127/><E127/><V41/><F41/><W73/><G114/><T0/><D72/><U113/><E113/><V3/><F60/><W105/><G76/><T12/><D0/><U106/><E106/><V123/><F68/><W124/><G124/><T8/><D31/><U70/><E95/><V38/><F38/><W34/><G64/><T112/><D36/><U122/><E122/><V102/><F123/><W45/><G45/><T30/><D30/><U80/><E55/><V42/><F42/><W85/><G85/><T75/><D75/><U84/><E84/><V26/><F26/><W17/><G17/><N who="0" m="8327" /><D112/><U132/><E132/><V44/><F44/><W43/><G99/><T110/><D110/><U98/><E98/><V79/><F79/><AGARI ba="6,3" hai="11,13,18,50,54,56,58,59,61,65,70,79,80,87" machi="79" ten="30,2000,0" yaku="7,1,52,1" doraHai="83" who="1" fromWho="2" sc="276,0,346,68,88,-38,260,0" /><INIT seed="7,0,0,3,1,5" ten="276,414,50,260" oya="3" hai0="44,48,108,112,116,117,64,11,38,34,24,31,22" hai1="41,30,120,104,42,16,81,17,94,35,114,124,13" hai2="119,58,93,57,127,3,126,89,83,14,70,98,59" hai3="130,52,67,132,28,85,73,39,101,66,123,99,26"/><W60/><G123/><T49/><D108/><U106/><E120/><V43/><F3/><W90/><G73/><T20/><D38/><U18/><E81/><V95/><F70/><W111/><G39/><T56/><D112/><U113/><E124/><V129/><F83/><W102/><G111/><T37/><D37/><U6/><E94/><V121/><F121/><W91/><G132/><T40/><D11/><N who="1" m="4343" /><E30/><V78/><F78/><W9/><G130/><T71/><D71/><U115/><E35/><V74/><F74/><W107/><G102/><T105/><D105/><AGARI ba="0,0" hai="16,17,18,41,42,104,105,106,113,114,115" m="4343" machi="105" ten="40,5200,0" yaku="15,1,52,1,54,1" doraHai="5" who="1" fromWho="0" sc="276,-52,414,52,50,0,260,0" owari="224,-18.0,466,57.0,50,-45.0,260,6.0" /></mjloggm>