<mjloggm ver="2.3"><GO type="97" lobby="0"/><UN n0="%E3%82%A6%E3%83%AB%E3%83%88%E3%83%A9%E7%AB%8B%E7%9B%B4" n1="%E5%90%89%E7%95%99%E6%9C%AA%E6%98%A5" n2="%E3%83%9B%E3%83%BC%E3%83%A0%E3%83%A9%E3%83%B3%E7%8E%8B" n3="%E4%B8%87%E5%B9%B4%34%E4%BD%8D" dan="15,13,13,13" rate="1999.74,1845.37,1834.52,1833.53" sx="M,M,M,M"/><TAIKYOKU oya="0"/><INIT seed="0,0,0,4,2,111" ten="250,250,250,250" oya="0" hai0="133,123,100,49,31,90,35,60,80,55,106,64,45" hai1="89,76,124,27,56,85,58,70,107,36,129,99,24" hai2="40,44,95,25,120,112,115,21,62,135,87,86,93" hai3="128,2,98,41,8,101,82,13,61,32,17,46,47"/><T130/><D123/><U72/><E129/><V78/><F120/><W88/><G128/><T83/><D130/><U69/><E36/><V7/><F7/><W20/><G32/><T97/><D133/><U73/><E124/><V22/><F135/><W116/><G116/><T38/><D38/><U66/><E89/><V84/><F62/><W113/><G61/><T15/><D15/><U79/><E66/><V12/><F78/><W103/><G103/><T92/><D90/><U105/><REACH who="1" step="1"/><E85/><REACH who="1" ten="250,240,250,250" step="2"/><V57/><F57/><W28/><G47/><T54/><D92/><U11/><E11/><V65/><F65/><W118/><G8/><T50/><D64/><U134/><E134/><V77/><F77/><W114/><G88/><T117/><D117/><U9/><E9/><V34/><F95/><W37/><G118/><T104/><D104/><U4/><E4/><V18/><F93/><W5/><G2/><T39/><D39/><U51/><E51/><V10/><F10/><W67/><G5/><T42/><D60/><U126/><E126/><V131/><F131/><W127/><G67/><T94/><D106/><U16/><E16/><V81/><F81/><W53/><G82/><T91/><D91/><U119/><E119/><V6/><F6/><W71/><G127/><T23/><D83/><U43/><E43/><V68/><F40/><W63/><G41/><T30/><D80/><U59/><E59/><V48/><F86/><W121/><G37/><T74/><D49/><U1/><E1/><V33/><F87/><W132/><G132/><T122/><D50/><U96/><AGARI ba="0,1" hai="24,27,56,58,69,70,72,73,76,79,96,99,105,107" machi="96" ten="25,8000,1" yaku="1,1,5,1,0,1,22,2,53,0" doraHai="111" doraHaiUra="109" who="1" fromWho="1" sc="250,-40,240,90,250,-20,250,-20" /><INIT seed="1,0,0,2,4,71" ten="210,330,230,230" oya="1" hai0="124,92,62,33,11,60,66,123,111,99,58,40,47" hai1="110,38,91,104,87,18,98,128,127,56,51,12,19" hai2="120,129,106,0,43,3,84,46,95,88,16,15,37" hai3="108,9,103,53,82,39,23,44,131,78,55,24,83"/><U89/><E128/><V65/><F106/><W132/><G131/><T61/><D33/><U49/><E127/><V20/><F120/><W10/><G103/><T105/><D105/><U63/><E110/><V52/><F129/><W118/><G108/><T79/><D111/><U90/><E18/><V101/><F101/><W59/><G132/><T113/><D113/><U112/><E112/><V13/><F65/><W86/><G118/><T6/><D124/><U117/><E117/><V57/><F13/><W2/><G83/><T36/><D123/><U116/><E116/><V85/><F84/><W4/><G10/><T68/><D68/><U28/><E28/><V94/><F94/><W31/><G59/><T119/><D119/><U70/><E70/><V125/><F125/><W130/><G130/><T93/><D93/><U45/><E104/><V67/><F67/><W27/><G27/><T69/><D69/><U64/><E98/><V54/><F54/><W41/><AGARI ba="0,0" hai="2,4,9,23,24,31,39,41,44,53,55,78,82,86" machi="41" ten="30,2000,0" yaku="0,1,52,1" doraHai="71" who="3" fromWho="3" sc="210,-5,330,-10,230,-5,230,20" /><INIT seed="2,0,0,0,3,121" ten="205,320,225,250" oya="2" hai0="82,4,115,70,114,80,55,15,85,3,22,104,75" hai1="128,119,79,6,10,87,25,17,71,42,52,43,111" hai2="127,48,7,16,14,83,20,32,49,117,39,109,134" hai3="30,122,27,36,51,29,100,74,37,120,107,24,1"/><V77/><F117/><W90/><G74/><T12/><D104/><U135/><E111/><V54/><F39/><W97/><G1/><T112/><D70/><U108/><E108/><V98/><F32/><W84/><G51/><T103/><D103/><U18/><E119/><V110/><F127/><W130/><G130/><T123/><D123/><U129/><E71/><V102/><F134/><W101/><G107/><T28/><D3/><U69/><E135/><V35/><F35/><W40/><G97/><T126/><D126/><U56/><E69/><V78/><F7/><W2/><G2/><T125/><D125/><U68/><E68/><V131/><F131/><N who="1" m="50249" /><E79/><V93/><F78/><W124/><G124/><T0/><D0/><N who="1" m="327" /><E87/><V113/><F113/><W92/><G92/><T61/><D75/><U91/><E91/><V31/><F31/><W81/><G90/><T19/><D28/><U65/><E65/><V57/><REACH who="2" step="1"/><F48/><REACH who="2" ten="205,320,215,250" step="2"/><W72/><G122/><T59/><D4/><U86/><E25/><V41/><F41/><N who="1" m="15369" /><E86/><AGARI ba="0,1" hai="14,16,20,49,54,57,77,83,86,93,98,102,109,110" machi="86" ten="40,12000,1" yaku="1,1,52,2,54,1,53,1" doraHai="121" doraHaiUra="95" who="2" fromWho="1" sc="205,0,320,-120,215,130,250,0" /><INIT seed="2,1,0,0,0,124" ten="205,200,345,250" oya="2" hai0="106,109,61,50,14,22,40,4,53,35,135,100,129" hai1="68,121,88,97,132,16,83,28,49,60,26,98,108" hai2="87,76,8,102,57,2,72,93,126,0,103,64,43" hai3="130,82,33,86,3,99,80,81,37,67,51,65,58"/><V29/><F72/><W123/><G37/><T127/><D35/><U125/><E108/><V94/><F29/><W7/><G33/><T111/><D127/><U46/><E125/><V13/><F126/><W27/><G123/><T128/><D135/><U52/><E121/><V59/><F43/><W95/><G27/><T119/><D119/><U91/><E132/><V23/><F23/><W73/><G73/><T63/><D100/><N who="2" m="38442" /><F0/><W79/><G3/><T84/><D84/><N who="1" m="50207" /><E28/><V5/><F2/><W113/><G113/><T15/><D106/><U90/><E68/><V117/><F117/><W85/><G7/><T115/><D115/><U11/><E60/><N who="0" m="23113" /><D40/><U18/><E91/><V105/><F105/><W69/><G69/><T78/><D78/><U9/><E90/><V48/><F64/><W6/><G6/><T55/><D4/><U32/><E32/><V1/><F1/><W116/><G116/><T34/><D34/><U39/><E39/><V20/><F20/><W101/><G82/><T104/><D104/><U45/><E46/><V21/><F21/><W42/><G42/><T24/><D109/><U74/><E74/><V71/><F71/><W25/><G25/><T38/><D38/><U56/><E56/><N who="2" m="21579" /><F48/><W122/><G122/><T134/><D111/><U112/><E112/><V89/><F76/><N who="3" m="46215" /><G67/><T36/><D36/><U47/><E45/><V92/><AGARI ba="1,0" hai="5,8,13,87,89,92,93,94" m="21579,38442" machi="92" ten="30,1500,0" yaku="8,1" doraHai="124" who="2" fromWho="2" sc="205,-6,200,-6,345,18,250,-6" /><INIT seed="2,2,0,2,1,70" ten="199,194,363,244" oya="2" hai0="130,75,69,44,53,17,71,36,127,117,101,94,32" hai1="54,108,2,8,107,89,24,47,79,25,129,18,27" hai2="39,87,19,38,60,13,135,12,120,35,106,41,102" hai3="78,81,72,97,6,115,14,90,61,3,131,98,84"/><V21/><F35/><W67/><G3/><T114/><D114/><U46/><E108/><V45/><F120/><W133/><G131/><T126/><D75/><U80/><E129/><V59/><F135/><W124/><G133/><T99/><D130/><U121/><E121/><V26/><F106/><W113/><G124/><N who="0" m="47659" /><D117/><U11/><E107/><V91/><F102/><W7/><G115/><T5/><D32/><U1/><E89/><V64/><F39/><W37/><G113/><T100/><D5/><U88/><E88/><V128/><REACH who="2" step="1"/><F128/><REACH who="2" ten="199,194,353,244" step="2"/><W76/><G37/><T125/><D101/><U57/><E1/><V112/><F112/><W55/><G6/><T29/><D125/><U10/><E2/><V22/><F22/><W50/><G7/><T118/><D118/><U110/><E110/><V92/><AGARI ba="2,1" hai="12,13,19,21,26,38,41,45,59,60,64,87,91,92" machi="92" ten="20,7800,0" yaku="1,1,0,1,7,1,52,1,53,0" doraHai="70" doraHaiUra="34" who="2" fromWho="2" sc="199,-28,194,-28,353,94,244,-28" /><INIT seed="2,3,0,3,1,47" ten="171,166,447,216" oya="2" hai0="86,45,75,84,60,85,106,74,9,6,101,30,14" hai1="111,38,129,108,27,7,31,78,24,57,76,15,28" hai2="46,95,41,80,131,90,87,4,119,19,124,34,128" hai3="92,79,50,114,88,21,42,5,8,37,10,55,123"/><V133/><F34/><W49/><G123/><T116/><D116/><U81/><E38/><V35/><F119/><W82/><G114/><T72/><D30/><N who="1" m="11307" /><E57/><V83/><F35/><W110/><G110/><N who="1" m="42026" /><E81/><V97/><F4/><W11/><G21/><T20/><D20/><U98/><E98/><V126/><F19/><W121/><G121/><T102/><D106/><U71/><E71/><V94/><F46/><N who="3" m="25815" /><G37/><T13/><D60/><U130/><E7/><V115/><F41/><W22/><G22/><T3/><REACH who="0" step="1"/><D45/><REACH who="0" ten="161,166,447,216" step="2"/><U29/><E29/><V105/><F115/><W16/><G5/><T58/><D58/><U70/><E70/><V100/><F105/><W66/><G79/><N who="1" m="30250" /><E15/><AGARI ba="3,1" hai="3,6,9,13,14,15,72,74,75,84,85,86,101,102" machi="15" ten="50,1600,0" yaku="1,1,53,0" doraHai="47" doraHaiUra="18" who="0" fromWho="1" sc="161,35,166,-25,447,0,216,0" /><INIT seed="3,0,0,3,2,87" ten="196,141,447,216" oya="3" hai0="32,9,98,129,125,64,8,52,90,63,128,14,33" hai1="31,84,11,100,70,124,76,62,123,113,122,99,73" hai2="1,97,69,106,3,10,109,37,131,93,111,6,134" hai3="2,79,71,130,29,35,54,26,83,119,86,67,133"/><W135/><G119/><T13/><D52/><U94/><E124/><V92/><F134/><W34/><G130/><N who="0" m="50283" /><D125/><U23/><E113/><V24/><F131/><W88/><G54/><T60/><D14/><U46/><E73/><V126/><F69/><W5/><G35/><N who="0" m="13387" /><D13/><U45/><E123/><V16/><F126/><W36/><G36/><T75/><D75/><U118/><E122/><V51/><F37/><W95/><G67/><T20/><D20/><U27/><E118/><V103/><F1/><W107/><G71/><N who="0" m="42375" /><D63/><U127/><E127/><V110/><F51/><W80/><G107/><T59/><D59/><U58/><E70/><V4/><F4/><W85/><G83/><T0/><D0/><U96/><E11/><V48/><F48/><W47/><REACH who="3" step="1"/><G47/><REACH who="3" ten="196,141,447,206" step="2"/><T55/><D55/><U89/><E76/><V116/><F116/><W53/><G53/><T72/><D72/><U17/><E100/><V115/><F115/><W18/><G18/><T41/><D41/><U40/><E45/><V114/><F114/><W105/><G105/><T120/><D120/><U57/><E17/><V108/><F108/><W102/><G102/><T28/><D28/><U15/><E15/><V39/><F39/><W132/><G132/><T38/><D38/><U7/><E7/><V19/><F19/><W82/><G82/><T68/><D68/><U42/><E58/><V66/><F66/><W78/><G78/><T101/><D90/><U56/><E46/><V44/><F44/><W104/><G104/><AGARI ba="0,1" hai="8,9,98,101,104" m="42375,13387,50283" machi="104" ten="30,1000,0" yaku="19,1" doraHai="87" who="0" fromWho="3" sc="196,20,141,0,447,0,206,-10" owari="216,2.0,141,-36.0,447,54.0,196,-20.0" /></mjloggm>