<mjloggm ver="2.3"><GO type="97" lobby="0"/><UN n0="%E3%81%9F%E3%81%AD%E3%82%84%E3%82%93%EF%BC%92" n1="%63%6F%76%61%79%61%2B%2B" n2="%E3%82%A6%E3%83%AB%E3%83%88%E3%83%A9%E7%AB%8B%E7%9B%B4" n3="%E6%98%8E%E6%99%82" dan="13,15,15,13" rate="1880.44,1978.04,1975.07,1836.56" sx="M,M,M,M"/><TAIKYOKU oya="0"/><INIT seed="0,0,0,1,0,99" ten="250,250,250,250" oya="0" hai0="128,103,126,102,4,42,61,89,41,111,60,66,134" hai1="88,46,30,132,100,40,80,44,74,69,27,58,1" hai2="11,0,15,63,71,108,113,19,96,31,116,64,52" hai3="23,5,121,9,24,26,125,107,106,38,43,35,86"/><T94/><D126/><U57/><E69/><V48/><F113/><W25/><G125/><T6/><D128/><U36/><E1/><V105/><F0/><W101/><G121/><T90/><D134/><U47/><E132/><V2/><F2/><W85/><G38/><T50/><D111/><U21/><E74/><V12/><F108/><W81/><G35/><T16/><D50/><U91/><E36/><V95/><F105/><W124/><G124/><T114/><D114/><U22/><E40/><N who="0" m="15465" /><D16/><N who="1" m="12711" /><E100/><N who="0" m="38441" /><D66/><U82/><E30/><V54/><F64/><W73/><G73/><T78/><D78/><U127/><E22/><V79/><F48/><W133/><G133/><T13/><D13/><U45/><E127/><V109/><F19/><W92/><G107/><T130/><D130/><U87/><N who="1" m="11776" /><DORA hai="120" /><U123/><E123/><V97/><F12/><W8/><G106/><T131/><D131/><U33/><E33/><V28/><F15/><W75/><G75/><T20/><D20/><U14/><E14/><V93/><F79/><W119/><G43/><T3/><D3/><U49/><E49/><V68/><F68/><W39/><G119/><T104/><D104/><U112/><E112/><V65/><F71/><W70/><G39/><T18/><D18/><U37/><E37/><V32/><F116/><W84/><G70/><T55/><D90/><U135/><E135/><V98/><F32/><W72/><G72/><T59/><D61/><U62/><E62/><V129/><F63/><W115/><G115/><T118/><D118/><U117/><E117/><V76/><F129/><W17/><G17/><RYUUKYOKU ba="0,0" sc="250,15,250,15,250,-15,250,-15" hai0="4,6,55,59,60,89,94" hai1="57,58,80,82,87,88,91" /><INIT seed="0,1,0,3,1,44" ten="265,265,235,235" oya="0" hai0="9,109,43,24,78,108,101,55,97,15,96,75,115" hai1="12,73,29,5,113,27,122,112,21,105,120,114,19" hai2="31,74,103,57,82,26,52,1,0,23,17,20,94" hai3="16,117,121,85,51,123,95,3,72,107,7,77,131"/><T48/><D115/><U68/><E68/><V45/><F45/><W62/><G107/><N who="0" m="63911" /><D43/><U25/><E105/><V110/><F110/><N who="0" m="42602" /><D97/><U28/><E73/><V53/><F103/><W69/><G117/><T38/><D38/><U50/><E50/><V86/><F74/><W35/><G35/><T37/><D37/><U80/><E80/><V61/><F94/><W84/><G131/><T128/><D128/><U11/><REACH who="1" step="1"/><E25/><REACH who="1" ten="265,255,235,235" step="2"/><V10/><F82/><W2/><G72/><T56/><D24/><U22/><E22/><V135/><F20/><W79/><G123/><AGARI ba="1,1" hai="5,11,12,19,21,27,28,29,112,113,114,120,122,123" machi="123" ten="50,8000,1" yaku="1,1,11,1,34,3,53,0" doraHai="44" doraHaiUra="59" who="1" fromWho="3" sc="265,0,255,93,235,0,235,-83" /><INIT seed="1,0,0,3,0,10" ten="265,348,235,152" oya="1" hai0="5,43,14,88,52,108,26,130,72,84,107,59,103" hai1="28,9,126,44,6,3,8,92,33,15,112,63,113" hai2="22,42,106,79,101,30,41,31,48,120,54,81,86" hai3="116,94,90,97,32,96,37,19,74,13,11,117,34"/><U25/><E126/><V73/><F120/><W99/><G37/><T85/><D72/><U4/><E92/><V110/><F73/><W121/><G74/><T109/><D43/><U87/><E87/><V105/><F110/><N who="0" m="42602" /><D26/><U95/><E95/><V61/><F106/><W57/><G57/><T20/><D130/><U0/><E63/><V98/><F61/><W134/><G121/><T133/><D133/><U55/><E55/><V129/><F129/><W53/><G53/><T67/><D67/><U68/><E44/><V65/><F65/><W104/><G134/><T50/><D85/><U75/><E68/><V7/><F42/><W46/><G46/><T27/><D103/><U122/><E75/><V91/><F41/><W69/><G69/><T29/><D107/><U24/><E122/><V39/><F39/><W18/><G18/><N who="0" m="10327" /><D5/><U135/><E135/><V21/><F7/><W93/><G104/><T64/><D64/><U35/><E15/><V1/><F105/><W77/><G77/><T51/><D27/><U76/><E76/><V132/><F132/><W114/><G114/><T36/><D29/><AGARI ba="0,0" hai="0,3,4,6,8,9,24,25,28,29,33,35,112,113" machi="29" ten="40,24000,3" yaku="32,3,23,2,34,3" doraHai="10" who="1" fromWho="0" sc="265,-240,348,240,235,0,152,0" /><INIT seed="1,1,0,1,1,91" ten="25,588,235,152" oya="1" hai0="102,39,114,0,97,75,89,24,132,104,11,112,73" hai1="96,74,18,59,30,110,130,27,51,36,67,56,52" hai2="133,117,120,135,87,9,72,34,109,41,57,116,20" hai3="64,92,13,40,17,103,54,66,100,65,15,50,82"/><U98/><E130/><V69/><F20/><W26/><G40/><T23/><D132/><U88/><E36/><V58/><F9/><W38/><G38/><T48/><D39/><U49/><E74/><N who="0" m="28169" /><D48/><U35/><E110/><V70/><F72/><W108/><G108/><T21/><D24/><U1/><E1/><V43/><F87/><W28/><G82/><T7/><D23/><U29/><E67/><V2/><F34/><W107/><G107/><N who="0" m="63951" /><D21/><U105/><E105/><V129/><F2/><W79/><G79/><T94/><D11/><U46/><E30/><V12/><F12/><W10/><G15/><T6/><D7/><U131/><E131/><V81/><F81/><W124/><G28/><T113/><D6/><U5/><E5/><V8/><F8/><W122/><G26/><T16/><D16/><U44/><E18/><V134/><F129/><W33/><G33/><T37/><D0/><U55/><E88/><V32/><F32/><W90/><G50/><T99/><D37/><U126/><E126/><V63/><F133/><W119/><G119/><T68/><D68/><U45/><AGARI ba="1,0" hai="27,29,35,44,45,46,49,51,52,55,56,59,96,98" machi="45" ten="30,6000,0" yaku="0,1,9,1,54,1" doraHai="91" who="1" fromWho="1" sc="25,-21,588,63,235,-21,152,-21" /><INIT seed="1,2,0,3,3,84" ten="4,651,214,131" oya="1" hai0="96,112,120,35,80,111,67,1,46,128,51,18,17" hai1="12,103,85,59,94,97,15,4,75,91,43,9,132" hai2="6,34,58,24,48,89,21,104,115,47,7,119,82" hai3="100,74,8,27,10,69,116,101,98,78,25,14,135"/><U99/><E132/><V126/><F34/><W36/><G69/><T41/><D112/><U29/><E75/><V62/><F104/><W107/><G101/><T42/><D35/><U83/><E29/><N who="2" m="17551" /><F126/><W3/><G36/><T79/><D1/><U50/><E97/><V53/><F115/><W71/><G116/><T57/><D111/><U31/><E31/><V40/><F119/><W117/><G71/><T125/><D128/><U19/><E59/><V131/><F131/><W37/><G117/><T134/><D125/><U45/><E19/><N who="0" m="7177" /><D134/><U44/><E44/><V114/><F114/><W64/><G37/><T90/><D120/><U127/><E127/><V86/><AGARI ba="2,0" hai="6,7,40,47,48,53,58,62,82,86,89" m="17551" machi="86" ten="30,2000,0" yaku="8,1,52,1" doraHai="84" who="2" fromWho="2" sc="4,-7,651,-12,214,26,131,-7" owari="-3,-50.0,639,74.0,240,4.0,124,-28.0" /></mjloggm>