<mjloggm ver="2.3"><GO type="97" lobby="0"/><UN n0="%6B%6F%62%79" n1="%E3%82%A6%E3%83%AB%E3%83%88%E3%83%A9%E7%AB%8B%E7%9B%B4" n2="%E5%8D%83%E5%B9%B4%E5%B9%BB%E6%83%B3%E5%8D%BF" n3="%73%61%69%73%73%37%37%37" dan="14,15,13,15" rate="1922.06,1970.44,1949.93,1999.99" sx="M,M,M,M"/><TAIKYOKU oya="0"/><INIT seed="0,0,0,0,5,56" ten="250,250,250,250" oya="0" hai0="10,67,106,116,24,110,101,79,70,59,125,14,2" hai1="73,124,76,115,1,118,89,39,47,46,29,99,92" hai2="41,43,28,114,126,100,97,111,121,108,86,58,19" hai3="11,52,134,66,72,34,128,82,25,21,18,35,45"/><T8/><D116/><U31/><E118/><V85/><F114/><W16/><G134/><T3/><D125/><U7/><E115/><V60/><F121/><W44/><G128/><T81/><D110/><N who="2" m="42026" /><F126/><W94/><G66/><T129/><D129/><U48/><E124/><V102/><F19/><W37/><G94/><T135/><D135/><U80/><E48/><V26/><F26/><W64/><G64/><T49/><D70/><U74/><E47/><V55/><F28/><W9/><G37/><T53/><D24/><U109/><E74/><V15/><F15/><W87/><G44/><T133/><D67/><U30/><E30/><V132/><F132/><W95/><G95/><T20/><D133/><U96/><E96/><V54/><F54/><W51/><G72/><T123/><D123/><U61/><E61/><V33/><F33/><W122/><G122/><T113/><D20/><U63/><E63/><V5/><F5/><W131/><G131/><T98/><D113/><U17/><E17/><V4/><F4/><W71/><G71/><T12/><D14/><U104/><E104/><N who="2" m="63503" /><F102/><W105/><G35/><T42/><D10/><N who="1" m="2415" /><E109/><V36/><F36/><W120/><G34/><T130/><D42/><AGARI ba="0,0" hai="29,31,39,42,46,73,76,80,89,92,99" m="2415" machi="42" ten="30,1000,0" yaku="25,1" doraHai="56" who="1" fromWho="0" sc="250,-10,250,10,250,0,250,0" /><AGARI ba="0,0" hai="41,42,43,55,58,60,85,86" m="63503,42026" machi="42" ten="30,2000,0" yaku="14,1,52,1" doraHai="56" who="2" fromWho="0" sc="240,-20,260,0,250,20,250,0" /><INIT seed="1,0,0,5,0,126" ten="220,260,270,250" oya="1" hai0="44,7,31,74,85,134,8,76,16,3,68,88,28" hai1="15,57,91,53,121,78,35,4,45,96,113,5,129" hai2="42,112,6,39,36,135,130,43,77,37,14,79,18" hai3="59,122,71,101,93,99,2,90,95,125,22,33,97"/><U105/><E35/><V1/><F112/><W131/><G122/><T34/><D68/><U50/><E121/><V127/><F127/><W65/><G125/><T107/><D107/><U94/><E113/><V73/><F135/><W75/><G33/><T0/><D134/><U67/><E105/><V19/><F130/><W133/><G131/><T120/><D0/><U30/><E129/><V119/><F119/><W100/><G2/><T64/><D120/><U102/><E78/><V63/><F63/><W55/><G75/><T13/><D64/><U41/><E67/><V10/><F19/><W72/><G72/><T104/><D104/><U46/><E30/><V29/><F29/><W23/><G90/><T123/><D123/><U83/><E15/><V66/><F66/><W114/><G114/><T81/><D44/><N who="1" m="17003" /><E41/><V70/><F70/><W61/><REACH who="3" step="1"/><G133/><REACH who="3" ten="220,260,270,240" step="2"/><T12/><D3/><U24/><E24/><V48/><F73/><W118/><G118/><T80/><D34/><U52/><E53/><V69/><F1/><W21/><G21/><AGARI ba="0,1" hai="7,8,12,13,16,21,28,31,74,76,80,81,85,88" machi="21" ten="30,3900,0" yaku="7,1,54,2" doraHai="126" who="0" fromWho="3" sc="220,49,260,0,270,0,240,-39" /><INIT seed="2,0,0,0,1,31" ten="269,260,270,201" oya="2" hai0="16,44,123,32,43,96,115,126,72,33,53,92,95" hai1="22,13,37,119,68,5,114,45,88,26,70,61,10" hai2="133,58,87,24,85,23,94,97,47,57,98,118,79" hai3="20,102,14,132,125,130,49,59,113,1,103,69,109"/><V38/><F118/><W81/><G49/><T12/><D115/><U99/><E119/><V15/><F133/><W76/><G59/><T27/><D72/><U9/><E114/><V0/><F0/><W54/><G14/><T129/><D123/><U116/><E116/><V29/><F38/><W3/><G20/><T117/><D117/><U7/><E61/><V60/><F47/><W8/><G54/><T104/><D126/><U52/><E37/><V19/><F79/><W56/><G8/><T108/><D104/><U74/><E74/><V2/><F2/><W71/><G56/><T111/><D129/><U91/><E99/><V55/><F58/><W135/><G113/><T101/><D92/><U110/><E68/><V100/><REACH who="2" step="1"/><F97/><REACH who="2" ten="269,260,260,201" step="2"/><W134/><G3/><T4/><D53/><U105/><E70/><V25/><F25/><W41/><G1/><T17/><D27/><U42/><E42/><V65/><F65/><W28/><G41/><T18/><D44/><U78/><E78/><V121/><F121/><W127/><G76/><T73/><D43/><U84/><E52/><V122/><F122/><W112/><G135/><T64/><D64/><U67/><E45/><V120/><F120/><W30/><G134/><T6/><D73/><U106/><E67/><V66/><F66/><W83/><G132/><T46/><D46/><U128/><E26/><V39/><F39/><W35/><G112/><T107/><D12/><U34/><E13/><V124/><F124/><W11/><G127/><T80/><D107/><U131/><E105/><V75/><F75/><W62/><G125/><RYUUKYOKU ba="0,1" sc="269,-10,260,-10,260,30,201,-10" hai2="15,19,23,24,29,55,57,60,85,87,94,98,100" /><INIT seed="2,1,1,4,5,35" ten="259,250,290,191" oya="2" hai0="86,135,49,19,69,99,14,41,52,112,76,53,59" hai1="36,134,46,98,44,130,95,110,6,129,133,91,122" hai2="67,21,18,55,66,42,94,26,64,0,40,63,71" hai3="34,125,58,92,13,65,10,101,48,119,4,79,90"/><V72/><F72/><W5/><G125/><T45/><D69/><U68/><E68/><V33/><F33/><W12/><G119/><T100/><D112/><U51/><E122/><V23/><F71/><W121/><G79/><T132/><D86/><U15/><E36/><V93/><F0/><W97/><G34/><T27/><D27/><U96/><E96/><V2/><F2/><W61/><G121/><T43/><D76/><U124/><E124/><V62/><F55/><W108/><G108/><T17/><D17/><U116/><E110/><V88/><F23/><W1/><G48/><T89/><D89/><U70/><E70/><V38/><F38/><W11/><G1/><T118/><D118/><U73/><E73/><V74/><F74/><W75/><G75/><T113/><D113/><U82/><E82/><V77/><F77/><W83/><G83/><T109/><D109/><U30/><E30/><V28/><F94/><W8/><REACH who="3" step="1"/><G11/><REACH who="3" ten="259,250,290,181" step="2"/><T87/><D135/><N who="1" m="51723" /><E116/><V20/><F62/><W81/><G81/><T120/><D132/><U123/><E123/><V60/><F60/><W127/><G127/><T57/><D120/><U47/><E51/><V105/><F63/><W117/><G117/><T115/><D115/><U111/><E111/><V32/><F32/><W103/><AGARI ba="1,2" hai="4,5,8,10,12,13,58,61,65,90,92,97,101,103" machi="103" ten="30,7900,0" yaku="1,1,0,1,9,1,8,1,53,0" doraHai="35" doraHaiUra="24" who="3" fromWho="3" sc="259,-21,250,-21,290,-40,181,102" /><INIT seed="3,0,0,2,1,73" ten="238,229,250,283" oya="3" hai0="51,17,74,131,125,52,92,8,71,20,87,55,48" hai1="84,13,4,28,7,114,45,47,90,36,111,38,5" hai2="95,34,113,93,27,61,89,107,67,97,70,43,134" hai3="127,22,40,79,77,121,101,60,31,99,112,15,78"/><W109/><G121/><T68/><D74/><U83/><E114/><V81/><F113/><W124/><G112/><T58/><D125/><N who="3" m="48201" /><G109/><T0/><D131/><U63/><E111/><V106/><F134/><W110/><G40/><T29/><D29/><U11/><E28/><V98/><F81/><W54/><G110/><T135/><D135/><U120/><E120/><V82/><F43/><W12/><G22/><T49/><D49/><U103/><E103/><V41/><F41/><W66/><G54/><T132/><D132/><U128/><E128/><V133/><F133/><W119/><G31/><T130/><D130/><U76/><E90/><V3/><F3/><W42/><G42/><T33/><D33/><U85/><E85/><V53/><F53/><W94/><G119/><T44/><D8/><U102/><E102/><V32/><F82/><W116/><G116/><T80/><D0/><U39/><REACH who="1" step="1"/><E63/><REACH who="1" ten="238,219,250,283" step="2"/><V96/><F89/><W23/><G23/><T25/><D92/><U2/><E2/><V59/><F34/><W10/><G10/><T122/><D122/><U26/><E26/><V86/><F32/><W37/><G37/><T24/><D25/><U72/><E72/><V129/><F129/><W118/><G118/><T62/><D62/><U75/><E75/><V16/><F61/><W64/><G64/><T126/><D126/><U19/><AGARI ba="0,1" hai="4,5,7,11,13,19,36,38,39,45,47,76,83,84" machi="19" ten="40,5200,0" yaku="1,1,0,1,52,1,53,0" doraHai="73" doraHaiUra="123" who="1" fromWho="1" sc="238,-13,219,62,250,-13,283,-26" /><INIT seed="4,0,0,2,1,65" ten="225,281,237,257" oya="0" hai0="87,117,105,132,46,118,74,49,122,5,41,0,89" hai1="80,53,107,108,3,127,85,69,103,63,33,2,10" hai2="15,26,1,7,21,128,17,44,20,123,83,121,11" hai3="45,71,31,57,66,119,91,72,131,84,9,101,81"/><T61/><D122/><N who="2" m="46602" /><F44/><W75/><G119/><T115/><D105/><U116/><E108/><V37/><F37/><W77/><G131/><T38/><D132/><U47/><E116/><V59/><F59/><W12/><G71/><T98/><D115/><U104/><E33/><V73/><F83/><W88/><G31/><T42/><D98/><U126/><E103/><V125/><F73/><W130/><G101/><T86/><D74/><U30/><E30/><N who="2" m="17735" /><F125/><N who="1" m="47625" /><E10/><V68/><F68/><W43/><G130/><AGARI ba="0,0" hai="1,7,11,15,17,21,128,130" m="17735,46602" machi="130" ten="30,2000,0" yaku="34,2" doraHai="65" who="2" fromWho="3" sc="225,0,281,0,237,20,257,-20" /><INIT seed="5,0,0,0,1,75" ten="225,281,257,237" oya="1" hai0="122,82,88,125,98,23,21,27,26,64,46,80,91" hai1="100,11,134,52,109,39,0,112,59,126,34,135,14" hai2="132,61,41,106,93,8,45,55,24,35,108,124,129" hai3="17,101,48,38,105,73,89,111,53,114,28,94,19"/><U102/><E0/><V99/><F106/><W57/><G111/><T54/><D122/><U113/><E39/><V6/><F108/><W84/><G38/><T68/><D68/><U40/><E40/><V123/><F123/><W67/><G114/><N who="1" m="44138" /><E34/><V116/><F116/><W110/><G28/><T130/><D64/><U103/><E109/><V62/><F132/><W133/><G73/><T37/><D125/><U96/><E96/><V95/><F129/><W7/><G133/><T86/><D130/><U90/><E90/><N who="0" m="34345" /><D37/><U118/><E118/><V117/><F117/><W10/><G67/><T63/><D98/><U18/><E126/><V4/><F124/><W92/><G105/><T25/><D86/><U3/><E3/><V70/><F62/><AGARI ba="0,0" hai="11,14,18,52,59,62,100,102,103,134,135" m="44138" machi="62" ten="30,2900,0" yaku="15,1,54,1" doraHai="75" who="1" fromWho="2" sc="225,0,281,29,257,-29,237,0" owari="225,-27.0,310,40.0,228,-17.0,237,4.0" /></mjloggm>