<mjloggm ver="2.3"><GO type="97" lobby="0"/><UN n0="%44%51%4E%32%32%37%37" n1="%4D%41%4E%41%42%55" n2="%76%61%6E%69%6C%6C%65" n3="%E3%82%A6%E3%83%AB%E3%83%88%E3%83%A9%E7%AB%8B%E7%9B%B4" dan="13,13,15,15" rate="1809.05,1893.75,1967.86,2020.80" sx="M,M,M,M"/><TAIKYOKU oya="0"/><INIT seed="0,0,0,1,2,12" ten="250,250,250,250" oya="0" hai0="71,72,7,132,60,61,19,88,121,27,16,4,17" hai1="44,119,135,113,103,70,9,18,37,66,43,102,20" hai2="95,33,108,62,8,116,35,91,1,130,23,120,76" hai3="127,115,51,56,85,57,68,100,54,105,50,80,32"/><T73/><D121/><U59/><E119/><V125/><F120/><W2/><G68/><T129/><D71/><U74/><E113/><V117/><F108/><W48/><G2/><T92/><D27/><U106/><E74/><V65/><F125/><W126/><G32/><T82/><D82/><U0/><E135/><V84/><F130/><W45/><G115/><T101/><D101/><U104/><E0/><V30/><F76/><W40/><G100/><T52/><D132/><U25/><E9/><V64/><F1/><W128/><G105/><T111/><D111/><U123/><E123/><V3/><F3/><W34/><G34/><T5/><D129/><U28/><E106/><V93/><F8/><W69/><G69/><T90/><D92/><U47/><E47/><V96/><F35/><W77/><G128/><T94/><D94/><U86/><E104/><V15/><F33/><W112/><G112/><T63/><D52/><AGARI ba="0,0" hai="40,45,48,50,51,52,54,56,57,77,80,85,126,127" machi="52" ten="40,2600,0" yaku="9,1,54,1" doraHai="12" who="3" fromWho="0" sc="250,-26,250,0,250,0,250,26" /><INIT seed="1,0,0,4,2,90" ten="224,250,250,276" oya="1" hai0="17,25,109,130,106,84,52,55,120,3,48,80,125" hai1="79,83,89,31,23,24,71,41,8,33,86,133,115" hai2="101,28,112,2,127,58,1,72,111,100,15,96,132" hai3="49,10,95,11,32,110,64,108,74,12,123,22,69"/><U104/><E71/><V87/><F72/><W5/><G32/><T35/><D106/><U53/><E115/><V40/><F111/><N who="3" m="42539" /><G74/><T103/><D109/><U121/><E104/><V54/><F101/><W46/><G123/><T51/><D103/><U30/><E121/><V37/><F127/><W57/><G57/><T122/><D3/><U21/><E133/><V4/><F132/><W94/><G11/><T56/><D125/><U77/><E41/><V36/><F28/><W29/><G22/><T63/><D130/><U67/><E67/><V68/><F68/><W131/><G29/><T20/><D35/><U50/><E33/><V26/><F26/><W62/><G131/><T27/><D25/><N who="1" m="16687" /><E8/><V114/><F2/><W75/><G75/><T78/><REACH who="0" step="1"/><D63/><REACH who="0" ten="214,250,250,276" step="2"/><U16/><E31/><V19/><F1/><W81/><G62/><T98/><D98/><U18/><E18/><V88/><F4/><W65/><G5/><T119/><D119/><U117/><E117/><V99/><F114/><W92/><G69/><T66/><D66/><U39/><E39/><V59/><F112/><W45/><G64/><T85/><D85/><U135/><E135/><V134/><F134/><W91/><G65/><T6/><D6/><U82/><E83/><N who="2" m="49279" /><F37/><W93/><G81/><T73/><D73/><U76/><E76/><V60/><F99/><N who="3" m="57759" /><G49/><T129/><D129/><U43/><E43/><V13/><F36/><W7/><AGARI ba="0,1" hai="7,10,12,45,46,93,94,95" m="57759,42539" machi="7" ten="30,8000,1" yaku="14,1,52,4" doraHai="90" who="3" fromWho="3" sc="214,-20,250,-40,250,-20,276,90" /><INIT seed="2,0,0,2,1,16" ten="194,210,230,366" oya="2" hai0="109,105,82,130,111,108,121,104,92,75,76,40,3" hai1="18,103,90,8,58,47,129,119,123,128,112,32,88" hai2="135,116,26,81,73,6,72,25,101,86,21,9,44" hai3="67,0,133,84,100,65,5,118,80,127,66,13,38"/><V125/><F116/><W15/><G38/><T56/><D3/><U10/><E32/><V14/><F26/><W46/><G118/><T24/><D40/><U52/><E119/><V22/><F25/><W11/><G127/><T113/><D121/><U35/><E112/><V115/><F73/><W34/><G34/><T117/><D117/><U39/><E35/><V91/><F72/><W59/><G100/><T99/><D56/><U29/><E29/><V64/><F115/><W93/><G93/><T134/><D113/><U83/><E123/><V33/><F33/><W55/><G46/><T45/><D45/><U68/><E68/><V69/><F125/><W23/><G133/><T98/><D134/><U50/><E103/><V96/><F135/><W107/><G107/><N who="0" m="41035" /><D24/><U41/><E10/><V48/><F64/><W132/><G132/><T37/><D37/><U63/><E39/><V28/><F69/><W131/><G0/><T20/><D20/><N who="2" m="7786" /><F28/><W36/><G36/><T70/><D70/><U7/><E7/><V19/><F6/><W102/><G5/><T94/><D130/><N who="1" m="50283" /><E83/><V106/><F106/><W74/><G80/><T114/><D114/><U87/><E87/><V49/><F44/><W57/><G66/><T122/><D122/><U79/><E79/><N who="2" m="46399" /><F101/><W97/><G102/><T30/><D30/><U53/><E41/><V61/><F61/><W78/><G67/><T85/><D75/><U1/><E1/><V43/><F43/><W42/><G74/><T27/><D27/><U110/><E110/><N who="0" m="28161" /><T12/><DORA hai="17" /><D12/><AGARI ba="0,0" hai="8,12,18,47,50,52,53,58,63,88,90" m="50283" machi="12" ten="30,3900,0" yaku="19,1,54,2" doraHai="16,17" who="1" fromWho="0" sc="194,-39,210,39,230,0,366,0" /><INIT seed="3,0,0,1,5,86" ten="155,249,230,366" oya="3" hai0="82,87,19,77,44,4,131,52,66,98,71,130,73" hai1="96,25,59,41,13,45,110,78,40,5,120,32,108" hai2="47,126,116,75,33,39,107,67,8,34,92,46,104" hai3="63,88,24,72,0,127,16,121,50,103,58,26,53"/><W133/><G88/><T70/><D4/><U94/><E120/><V124/><F75/><W11/><G16/><T30/><D30/><U102/><E78/><V9/><F116/><W91/><G91/><T111/><D111/><U55/><E5/><V74/><F74/><W12/><G53/><T85/><D98/><U119/><E13/><V31/><F92/><W97/><G97/><T38/><D19/><U100/><E119/><V42/><F67/><W43/><G50/><T95/><D38/><U105/><E105/><V68/><F68/><W135/><G26/><T2/><D2/><U56/><E32/><V69/><F69/><W61/><G12/><T17/><D17/><U37/><E25/><V122/><F31/><W90/><G24/><T27/><D27/><U22/><E22/><V106/><F122/><W109/><G121/><T48/><D66/><U81/><E81/><V80/><F80/><W64/><G64/><T60/><D60/><U1/><E1/><V89/><F89/><W128/><G90/><N who="0" m="53711" /><D73/><U7/><E7/><V65/><F65/><W10/><G72/><T114/><D114/><U20/><E20/><V101/><F101/><W54/><G103/><T28/><D28/><U35/><E102/><V23/><F23/><W83/><G83/><T15/><D15/><U113/><E40/><V84/><F84/><W57/><G43/><T118/><D118/><U117/><E117/><V3/><F3/><W125/><G0/><T51/><D51/><N who="1" m="29167" /><E35/><N who="2" m="13323" /><F47/><W21/><G21/><T129/><AGARI ba="0,0" hai="44,48,52,70,71,77,82,87,129,130,131" m="53711" machi="129" ten="30,4000,0" yaku="19,1,52,1,54,1" doraHai="86" who="0" fromWho="0" sc="155,40,249,-10,230,-10,366,-20" owari="195,-30.0,239,4.0,220,-18.0,346,44.0" /></mjloggm>