<mjloggm ver="2.3"><GO type="97" lobby="0"/><UN n0="%E3%81%BE%E3%81%98%E3%81%8B%E3%82%8B%E3%81%8F%E3%81%A3%E3%81%8D%E3%83%BC" n1="%E6%8C%AF%E8%BE%BC%E3%83%9E%E3%82%B7%E3%83%BC%E3%83%B3" n2="%E3%82%AD%E3%83%A9%E3%82%AD%E3%83%A9%EF%BC%93" n3="%E3%82%A6%E3%83%AB%E3%83%88%E3%83%A9%E7%AB%8B%E7%9B%B4" dan="14,14,13,14" rate="1875.98,1929.35,1853.00,1916.95" sx="M,M,M,M"/><TAIKYOKU oya="0"/><INIT seed="0,0,0,0,5,64" ten="250,250,250,250" oya="0" hai0="103,74,3,67,9,75,25,49,20,42,96,29,11" hai1="135,4,31,56,76,14,53,59,69,54,116,37,1" hai2="115,112,89,92,13,107,66,97,72,109,80,0,65" hai3="39,12,34,132,40,83,98,99,44,87,51,24,94"/><T2/><D67/><U95/><E116/><V5/><F0/><W118/><G118/><T50/><D2/><U110/><E1/><V35/><F35/><W85/><G132/><T26/><D26/><U17/><E37/><V93/><F107/><W27/><G39/><T77/><D50/><U41/><E4/><V126/><F126/><W127/><G127/><T33/><D33/><U104/><E104/><V128/><F109/><W130/><G130/><T100/><D100/><U114/><E41/><V46/><F128/><W86/><G27/><T18/><D77/><U102/><E110/><V22/><F93/><W6/><G24/><T70/><D70/><U88/><E76/><V7/><F7/><W129/><G34/><T28/><D3/><U58/><E31/><N who="0" m="11849" /><D75/><U119/><E119/><V43/><F66/><W73/><G73/><T90/><D103/><U71/><E135/><V32/><F32/><W84/><G94/><N who="0" m="56407" /><D74/><U47/><E102/><V15/><F65/><W81/><G129/><T91/><D91/><U52/><E47/><AGARI ba="0,0" hai="9,11,18,20,25,42,47,49" m="56407,11849" machi="47" ten="30,1500,0" yaku="8,1" doraHai="64" who="0" fromWho="1" sc="250,15,250,-15,250,0,250,0" /><INIT seed="0,1,0,0,1,15" ten="265,235,250,250" oya="0" hai0="84,64,35,60,31,76,100,106,30,104,23,128,91" hai1="3,85,123,133,103,95,78,118,113,124,41,48,39" hai2="65,117,132,101,89,90,70,38,28,108,11,12,56" hai3="94,116,112,99,73,134,58,114,36,75,19,50,4"/><T83/><D128/><U122/><E118/><V33/><F70/><W22/><G36/><T79/><D23/><U44/><E3/><V130/><F38/><W29/><G116/><T55/><D55/><U43/><E133/><V88/><F130/><W131/><G134/><T52/><D30/><U8/><E124/><V32/><F117/><W87/><G131/><T25/><D106/><U42/><E113/><V107/><F108/><W74/><G29/><T2/><D2/><U18/><E103/><V67/><F132/><W86/><G4/><T27/><D27/><U51/><E95/><V37/><F37/><W129/><G129/><T59/><REACH who="0" step="1"/><D64/><REACH who="0" ten="255,235,250,250" step="2"/><U71/><E123/><V105/><F67/><W126/><G114/><T9/><D9/><U77/><E122/><V21/><F28/><W97/><G112/><T40/><D40/><U92/><E39/><V61/><F11/><W66/><G66/><T45/><D45/><U16/><E8/><V111/><F107/><W80/><G22/><T119/><D119/><U82/><E71/><V34/><F111/><W120/><G120/><T54/><D54/><N who="1" m="29959" /><E51/><V121/><F121/><W102/><G50/><T115/><D115/><U49/><E49/><V96/><F34/><W47/><G47/><T24/><D24/><U26/><E26/><V14/><F14/><W127/><G127/><T63/><D63/><U5/><E5/><V10/><F21/><W46/><G126/><T135/><D135/><U6/><E6/><V98/><F98/><AGARI ba="1,1" hai="25,31,35,52,59,60,76,79,83,84,91,98,100,104" machi="98" ten="40,12000,1" yaku="1,1,54,1,53,2" doraHai="15" doraHaiUra="72" who="0" fromWho="2" sc="255,133,235,0,250,-123,250,0" /><INIT seed="0,2,0,2,5,11" ten="388,235,127,250" oya="0" hai0="26,130,131,107,19,12,59,88,66,92,2,120,21" hai1="61,116,37,129,43,109,95,114,5,87,44,117,69" hai2="96,41,75,135,112,123,39,14,10,54,20,83,36" hai3="45,132,125,25,90,93,89,119,22,35,16,52,51"/><T62/><D107/><U74/><E74/><V67/><F112/><W97/><G119/><T7/><D120/><U99/><E109/><V100/><F123/><W48/><G125/><T121/><D121/><U126/><E114/><V81/><F135/><W68/><G68/><T50/><D50/><U40/><E126/><V118/><F118/><W46/><G132/><T13/><D2/><U133/><E133/><V32/><F32/><W80/><G35/><T31/><D7/><U76/><E5/><V30/><F41/><N who="3" m="24623" /><G80/><T101/><D101/><AGARI ba="2,0" hai="16,22,25,46,51,52,89,90,93,97,101" m="24623" machi="101" ten="30,3900,0" yaku="8,1,54,2" doraHai="11" who="3" fromWho="0" sc="388,-45,235,0,127,0,250,45" /><INIT seed="1,0,0,1,3,126" ten="343,235,127,295" oya="1" hai0="56,61,124,84,65,57,128,101,105,31,83,19,24" hai1="132,38,89,90,127,2,106,93,97,122,40,91,86" hai2="11,115,76,95,41,5,119,20,25,67,74,37,35" hai3="118,107,36,28,15,52,30,131,9,110,66,104,79"/><U23/><E2/><V62/><F119/><W108/><G36/><T46/><D124/><U82/><E38/><V81/><F35/><W130/><G66/><T55/><D46/><U18/><E40/><V71/><F115/><W48/><G79/><T98/><D19/><U51/><E127/><V80/><F80/><W123/><G123/><T45/><D45/><U4/><E4/><V134/><F134/><W53/><G118/><T58/><D128/><N who="3" m="49193" /><G107/><T47/><D47/><U50/><E122/><V120/><F120/><W0/><G0/><T1/><D1/><U87/><E132/><V117/><F117/><W102/><G102/><T34/><D65/><U43/><E43/><V69/><F95/><W29/><G104/><T26/><D26/><U49/><E106/><V27/><F27/><W6/><G48/><T72/><D72/><U100/><REACH who="1" step="1"/><E82/><REACH who="1" ten="343,225,127,295" step="2"/><V114/><F114/><W54/><AGARI ba="0,1" hai="6,9,15,28,29,30,52,53,54,108,110" m="49193" machi="54" ten="40,8000,1" yaku="19,1,52,3,54,1" doraHai="126" who="3" fromWho="3" sc="343,-20,225,-40,127,-20,295,90" /><INIT seed="2,0,0,3,5,93" ten="323,185,107,385" oya="2" hai0="22,124,6,92,68,65,99,48,77,114,75,61,91" hai1="110,120,44,32,101,74,59,81,122,12,2,53,30" hai2="88,8,45,66,107,41,117,76,72,84,33,52,97" hai3="111,79,42,135,67,70,109,17,85,49,9,0,27"/><V63/><F117/><W3/><G135/><T123/><D123/><U102/><E2/><V1/><F33/><W57/><G70/><T7/><D114/><U58/><E110/><V83/><F107/><W78/><G79/><T14/><D124/><U103/><E74/><V130/><F130/><W35/><G35/><T126/><D126/><U15/><E81/><V121/><F121/><W21/><G9/><T43/><D77/><U31/><E32/><V69/><F1/><W38/><G38/><T87/><D75/><U71/><E71/><V108/><F108/><N who="3" m="41547" /><G42/><T119/><D119/><U39/><E101/><V46/><F8/><W16/><G17/><T86/><D6/><U113/><E113/><V94/><F72/><W56/><G57/><T28/><D7/><U95/><E95/><V24/><F41/><W55/><G67/><T29/><D14/><U5/><E5/><V37/><F37/><W40/><G40/><T4/><D4/><U89/><E39/><V73/><F24/><W60/><G49/><T18/><D29/><U20/><E44/><V134/><F134/><W80/><AGARI ba="0,0" hai="0,3,16,21,27,55,56,60,78,80,85" m="41547" machi="80" ten="30,2000,0" yaku="14,1,54,1" doraHai="93" who="3" fromWho="3" sc="323,-5,185,-5,107,-10,385,20" /><INIT seed="3,0,0,2,4,94" ten="318,180,97,405" oya="3" hai0="8,50,25,0,47,58,80,96,64,31,26,85,18" hai1="107,99,45,53,61,5,101,51,122,133,70,39,115" hai2="117,67,19,7,2,49,66,23,112,102,116,105,128" hai3="114,123,89,13,41,15,68,69,97,27,17,95,4"/><W87/><G123/><T57/><D64/><U60/><E122/><V130/><F112/><W44/><G114/><T90/><D0/><U98/><E115/><V73/><F73/><W132/><G132/><T34/><D25/><U74/><E74/><V131/><F7/><W33/><G15/><T134/><D134/><U40/><E133/><V62/><F2/><W3/><G3/><T126/><D126/><U104/><E5/><V29/><F29/><W12/><G13/><T46/><D46/><U127/><E127/><V109/><F109/><W32/><G32/><T16/><D8/><U28/><E28/><V30/><F30/><W129/><G129/><T82/><D82/><U81/><E81/><V35/><F35/><W79/><G4/><T54/><D58/><U14/><E14/><V21/><F21/><W36/><G27/><T106/><REACH who="0" step="1"/><D57/><REACH who="0" ten="308,180,97,405" step="2"/><U6/><E70/><V77/><F77/><W113/><G113/><T125/><D125/><U91/><E6/><V22/><F22/><W38/><G33/><T43/><D43/><U52/><E53/><V103/><F103/><W120/><G120/><T1/><D1/><U78/><E78/><V83/><F83/><W10/><G38/><T71/><D71/><U93/><REACH who="1" step="1"/><E107/><REACH who="1" ten="308,170,97,405" step="2"/><V84/><F84/><W88/><G79/><T65/><D65/><U135/><E135/><V56/><F67/><W124/><G124/><T72/><D72/><U86/><E86/><V92/><F105/><W48/><G36/><T111/><D111/><U63/><E63/><V55/><F116/><W20/><G10/><T59/><D59/><AGARI ba="0,2" hai="39,40,45,51,52,59,60,61,91,93,98,99,101,104" machi="59" ten="30,12000,2" yaku="1,1,6,1,7,1,52,2,54,1,53,1" doraHai="94" doraHaiUra="42" who="1" fromWho="0" sc="308,-120,170,140,97,0,405,0" owari="188,-21.0,310,11.0,97,-40.0,405,50.0" /></mjloggm>