<mjloggm ver="2.3"><GO type="169" lobby="0"/><UN n0="%E3%83%87%E3%82%A3%E3%82%AA%E3%83%90%E3%83%B3" n1="%4B%E3%80%82" n2="%EF%BC%88%E2%89%A7%E2%96%BD%E2%89%A6%EF%BC%89" n3="%57%65%68%65%72%7A%6F%67" dan="16,17,19,16" rate="2035.22,2181.87,2246.68,2028.50" sx="M,M,M,M"/><TAIKYOKU oya="0"/><INIT seed="0,0,0,4,0,90" ten="250,250,250,250" oya="0" hai0="0,123,72,89,80,107,47,11,104,120,69,30,59" hai1="49,66,33,58,131,31,82,52,88,128,26,34,100" hai2="15,23,103,77,93,119,39,8,71,84,37,1,134" hai3="41,95,76,110,122,19,130,87,113,102,68,53,101"/><T9/><D69/><U106/><E66/><V118/><F71/><W83/><G68/><T116/><D116/><N who="2" m="44586" /><F134/><W97/><G113/><T6/><D30/><U94/><E82/><N who="2" m="47183" /><F23/><W105/><G41/><T54/><D47/><U46/><E46/><V133/><F1/><W3/><G3/><T126/><D126/><U13/><E13/><V61/><F61/><W57/><G122/><T91/><D11/><U135/><E135/><V27/><F27/><W48/><G130/><N who="1" m="49706" /><E106/><V21/><F21/><W22/><G110/><T64/><D64/><U12/><E100/><V73/><F73/><W16/><G105/><T81/><D107/><U112/><E112/><V98/><F133/><W42/><G42/><T96/><D104/><U86/><E12/><V132/><F132/><W18/><G102/><T7/><D7/><AGARI ba="0,0" hai="7,8,15,37,39,93,98,103" m="47183,44586" machi="7" ten="30,2000,0" yaku="12,1,52,1" doraHai="90" who="2" fromWho="0" sc="250,-20,250,0,250,20,250,0" /><INIT seed="1,0,0,5,0,38" ten="230,250,270,250" oya="1" hai0="50,85,59,47,28,119,62,93,31,120,84,46,14" hai1="23,103,69,72,37,113,68,134,129,89,20,132,116" hai2="99,39,60,11,81,18,92,98,22,27,87,112,41" hai3="1,5,19,75,105,67,77,24,44,130,102,7,40"/><U124/><E116/><V106/><F112/><W30/><G67/><N who="0" m="39391" /><D119/><U54/><E113/><V115/><F115/><W12/><G130/><T21/><D120/><U127/><E72/><V34/><F34/><W45/><G1/><T61/><D61/><U71/><E103/><V78/><F106/><W96/><G77/><T58/><D58/><U91/><E37/><V121/><F121/><W88/><G75/><T126/><D126/><N who="1" m="48171" /><E54/><V35/><F35/><W49/><G45/><N who="0" m="16907" /><D50/><U80/><E129/><V70/><F39/><W122/><G122/><T64/><D64/><U16/><E80/><V73/><F70/><W55/><G55/><T2/><D2/><U33/><E33/><V10/><F60/><W56/><G56/><T109/><D109/><U108/><E108/><V36/><F36/><W83/><G83/><T110/><D110/><U128/><E128/><V0/><F0/><W13/><G7/><T48/><D48/><U90/><E16/><V15/><F73/><W57/><G5/><T114/><D114/><U104/><E104/><V82/><F82/><W97/><G57/><T53/><D53/><U123/><E123/><V131/><F131/><W74/><G19/><N who="0" m="10487" /><D93/><U29/><E29/><AGARI ba="0,0" hai="28,29,31,84,85" m="10487,16907,39391" machi="29" ten="30,1000,0" yaku="8,1" doraHai="38" who="0" fromWho="1" sc="230,10,250,-10,270,0,250,0" /><INIT seed="2,0,0,4,3,79" ten="240,240,270,250" oya="2" hai0="96,104,118,73,78,123,16,128,70,62,4,105,1" hai1="68,102,15,85,121,26,125,24,8,28,17,84,55" hai2="87,6,91,134,93,19,103,101,116,58,75,122,119" hai3="12,94,63,65,108,37,18,36,97,57,35,100,20"/><V31/><F122/><W5/><G108/><T48/><D123/><U38/><E121/><V33/><F75/><W42/><G35/><T0/><D128/><U92/><E38/><V81/><F134/><W135/><G135/><T133/><D133/><U112/><E112/><V90/><F6/><W56/><G42/><T72/><D118/><N who="2" m="45098" /><F19/><W54/><REACH who="3" step="1"/><G5/><REACH who="3" ten="240,240,270,240" step="2"/><T77/><D4/><N who="1" m="3463" /><E68/><V80/><F33/><W98/><G98/><T11/><D70/><U129/><E129/><V74/><F31/><W69/><G69/><T124/><D96/><N who="1" m="59655" /><E28/><V50/><F58/><W43/><G43/><T76/><D16/><U32/><E32/><V99/><F50/><AGARI ba="0,1" hai="12,18,20,36,37,50,54,56,57,63,65,94,97,100" machi="50" ten="30,2000,0" yaku="1,1,7,1,53,0" doraHai="79" doraHaiUra="111" who="3" fromWho="2" sc="240,0,240,0,270,-20,240,30" /><INIT seed="3,0,0,0,0,0" ten="240,240,250,270" oya="3" hai0="42,82,30,121,34,1,102,35,68,5,40,92,18" hai1="41,74,116,22,52,71,54,130,17,113,101,104,85" hai2="93,124,117,126,29,131,49,15,27,75,118,50,24" hai3="43,48,88,9,134,59,23,3,125,70,14,103,96"/><W123/><G123/><T87/><D121/><U98/><E113/><V91/><F75/><W37/><G70/><T25/><D68/><U60/><E74/><V57/><F131/><W46/><G3/><T4/><D35/><U94/><E130/><V16/><F57/><W55/><G134/><T51/><D18/><U6/><E116/><N who="2" m="44651" /><F50/><W115/><G115/><T122/><D122/><U56/><E71/><V105/><F49/><W76/><G76/><T36/><D36/><U119/><E119/><V69/><F105/><W127/><G23/><N who="0" m="15679" /><D1/><U12/><E41/><N who="0" m="15977" /><D34/><U58/><E104/><V7/><F69/><W90/><G103/><T66/><D66/><U79/><E6/><N who="0" m="2665" /><D51/><N who="1" m="30751" /><E79/><V32/><F32/><W112/><G112/><T110/><D110/><U26/><E26/><V133/><F27/><W84/><G9/><T2/><D2/><U65/><E65/><V53/><F24/><W78/><G14/><T99/><D99/><U63/><E63/><V8/><F15/><W108/><G108/><T97/><D87/><AGARI ba="0,0" hai="12,17,22,54,58,60,85,87,94,98,101" m="30751" machi="87" ten="30,2000,0" yaku="8,1,54,1" doraHai="0" who="1" fromWho="0" sc="240,-20,240,20,250,0,270,0" /><INIT seed="4,0,0,5,0,0" ten="220,260,250,270" oya="0" hai0="95,67,81,3,82,38,109,36,114,90,5,96,105" hai1="131,17,19,55,72,130,28,22,54,34,128,69,125" hai2="61,44,117,121,77,133,106,86,1,124,108,98,23" hai3="103,46,29,71,56,31,119,111,12,11,7,35,10"/><T97/><D67/><U70/><E72/><V89/><F121/><W73/><G71/><N who="1" m="27146" /><E34/><V51/><F1/><W25/><G73/><T104/><D109/><U101/><E101/><V129/><F108/><W2/><G111/><T49/><D114/><U42/><E42/><V76/><F117/><W80/><G119/><T123/><D123/><U132/><E132/><V18/><F133/><W134/><G134/><T60/><D60/><U13/><E125/><V100/><F124/><W33/><G103/><T53/><D105/><U135/><E135/><V14/><F61/><W83/><G56/><T113/><D113/><U9/><E28/><V39/><F39/><W40/><G31/><T94/><D104/><U43/><E43/><V66/><F66/><W102/><G102/><N who="0" m="60695" /><D38/><U62/><E62/><V15/><F106/><W6/><REACH who="3" step="1"/><G35/><REACH who="3" ten="220,260,250,260" step="2"/><T47/><D36/><AGARI ba="0,1" hai="2,6,7,10,11,12,25,29,33,36,40,46,80,83" machi="36" ten="30,8000,1" yaku="1,1,2,1,7,1,52,2,53,0" doraHai="0" doraHaiUra="122" who="3" fromWho="0" sc="220,-80,260,0,250,0,260,90" /><INIT seed="5,0,0,0,3,20" ten="140,260,250,350" oya="1" hai0="47,4,0,33,88,16,98,109,116,111,62,106,12" hai1="73,60,99,42,104,100,32,87,45,77,125,68,103" hai2="23,67,122,61,26,71,29,115,84,91,96,81,24" hai3="40,94,127,90,95,54,126,130,28,19,76,52,56"/><U117/><E117/><V119/><F122/><W55/><G76/><T102/><D116/><U38/><E125/><V112/><F119/><W35/><G40/><T110/><D33/><U43/><E43/><V10/><F10/><W72/><G72/><T101/><D0/><U15/><E100/><V51/><F96/><W6/><G6/><T63/><D4/><U58/><E15/><V36/><F36/><W133/><G130/><T113/><D113/><N who="2" m="43594" /><F29/><W85/><G133/><T123/><D123/><U1/><E87/><V30/><F30/><W27/><G19/><T89/><D102/><U48/><E1/><V107/><F107/><W121/><G121/><T14/><D47/><U129/><E129/><V21/><F51/><W2/><G2/><T18/><D12/><U135/><E135/><V17/><F21/><W41/><G41/><T9/><REACH who="0" step="1"/><D18/><REACH who="0" ten="130,260,250,350" step="2"/><U86/><E32/><V50/><F50/><W75/><G127/><T131/><D131/><U108/><E48/><V124/><F124/><W97/><G126/><T31/><D31/><U114/><E114/><V69/><F26/><W93/><G27/><T65/><D65/><U8/><E103/><V39/><F39/><W5/><G28/><T74/><D74/><U53/><E73/><V37/><F37/><W70/><G75/><T82/><D82/><U118/><E118/><V49/><F49/><W46/><G35/><T128/><D128/><U66/><E66/><V22/><F22/><W79/><G5/><T92/><D92/><U59/><E38/><V83/><F81/><W11/><G95/><T132/><D132/><RYUUKYOKU ba="0,1" sc="130,15,260,-15,250,15,350,-15" hai0="9,14,16,62,63,88,89,98,101,106,109,110,111" hai2="17,23,24,61,67,69,71,83,84,91" /><INIT seed="6,1,1,1,1,105" ten="145,245,265,335" oya="2" hai0="97,93,48,58,123,10,18,101,26,110,57,102,63" hai1="59,65,27,131,43,19,98,21,107,66,54,47,117" hai2="31,81,7,109,120,34,2,83,80,84,129,64,9" hai3="42,6,35,36,44,37,79,75,122,45,115,14,95"/><V135/><F120/><W104/><G104/><T76/><D123/><U118/><E131/><V119/><F119/><W49/><G122/><T20/><D110/><U126/><E126/><V90/><F109/><W38/><G35/><T116/><D116/><U52/><E117/><V125/><F125/><W41/><G115/><T130/><D130/><U33/><E33/><V86/><F135/><W70/><G70/><T77/><D101/><U108/><E108/><V124/><F124/><W11/><G95/><T91/><D10/><U99/><E118/><V32/><F129/><W61/><G61/><T16/><D18/><U111/><E111/><V127/><F127/><W67/><G67/><N who="1" m="25610" /><E107/><V29/><F64/><W89/><G89/><T94/><D48/><N who="1" m="28703" /><E43/><V46/><F46/><W17/><G17/><T114/><D114/><U87/><E87/><V51/><F51/><AGARI ba="1,1" hai="19,21,27,51,54,59,98,99" m="28703,25610" machi="51" ten="30,2000,0" yaku="8,1,54,1" doraHai="105" who="1" fromWho="2" sc="145,0,245,33,265,-23,335,0" /><INIT seed="7,0,0,5,3,51" ten="145,278,242,335" oya="3" hai0="68,82,52,5,92,97,107,90,123,30,49,25,121" hai1="99,105,111,55,43,75,113,16,57,27,79,21,32" hai2="10,61,26,24,124,34,119,134,132,131,93,88,38" hai3="22,33,70,120,1,84,3,77,67,98,129,0,71"/><W6/><G33/><T56/><D68/><U104/><E111/><V12/><F38/><W114/><G120/><T14/><D107/><U64/><E64/><V63/><F119/><W106/><G67/><T42/><D42/><U37/><E32/><V73/><F73/><W39/><G39/><T100/><D5/><U28/><E28/><N who="2" m="19719" /><F26/><W128/><G114/><T117/><D117/><U109/><E109/><V110/><F131/><N who="3" m="50251" /><G6/><T103/><D14/><U17/><E17/><V101/><F101/><N who="3" m="62775" /><G22/><T69/><D69/><U4/><E4/><V108/><F108/><W35/><G35/><T41/><D41/><U18/><E18/><V59/><F110/><W46/><G46/><T11/><D11/><U91/><E43/><V85/><F10/><W40/><G40/><T60/><D60/><N who="1" m="35903" /><E113/><V72/><F63/><W126/><G71/><T62/><D62/><U23/><E23/><V50/><F72/><W2/><G70/><T7/><D7/><U94/><E37/><V125/><F12/><W66/><G66/><T95/><D82/><AGARI ba="0,0" hai="16,21,27,75,79,82,91,94,99,104,105" m="35903" machi="82" ten="30,3900,0" yaku="25,1,52,1,54,1" doraHai="51" who="1" fromWho="0" sc="145,-39,278,39,242,0,335,0" owari="106,-39.0,317,12.0,242,-16.0,335,43.0" /></mjloggm>