<mjloggm ver="2.3"><GO type="97" lobby="0"/><UN n0="%E8%97%8F%E5%BF%83" n1="%E3%82%A6%E3%83%AB%E3%83%88%E3%83%A9%E7%AB%8B%E7%9B%B4" n2="%4E%6F%2E%31%30" n3="%6D%61%62%6F%6F%6F" dan="15,15,14,13" rate="1993.87,2029.23,1996.83,1944.70" sx="M,M,M,M"/><TAIKYOKU oya="0"/><INIT seed="0,0,0,2,5,122" ten="250,250,250,250" oya="0" hai0="60,78,20,119,66,120,123,87,83,2,31,97,76" hai1="106,12,135,29,24,133,62,19,96,43,69,132,101" hai2="52,41,40,116,4,50,5,56,89,37,129,82,10" hai3="11,93,13,88,6,81,77,17,3,23,44,63,79"/><T105/><D119/><U115/><E115/><V70/><F70/><W51/><G63/><T45/><D2/><U128/><E128/><V8/><F129/><W92/><G92/><T22/><D45/><U28/><E43/><N who="2" m="16459" /><F116/><W68/><G68/><T127/><D127/><U103/><E103/><V108/><F37/><W47/><G51/><T102/><D78/><U34/><E28/><V109/><F82/><W111/><G111/><N who="2" m="42569" /><F89/><W124/><G124/><T71/><REACH who="0" step="1"/><D31/><REACH who="0" ten="240,250,250,250" step="2"/><U16/><E12/><V114/><F114/><W117/><G117/><T57/><D57/><U54/><E69/><V14/><F14/><W18/><G79/><T104/><D104/><U131/><E131/><V91/><F91/><W98/><REACH who="3" step="1"/><G17/><REACH who="3" ten="240,250,250,240" step="2"/><T64/><D64/><U113/><E113/><V126/><F126/><W26/><G26/><T49/><D49/><U61/><E61/><V67/><F67/><W15/><G15/><T25/><D25/><U39/><E39/><V32/><F32/><W118/><G118/><T130/><D130/><U55/><E62/><V72/><F4/><W58/><G58/><T99/><D99/><U125/><E125/><V7/><F5/><W1/><G1/><T112/><D112/><U38/><E38/><V90/><F7/><W48/><G48/><T21/><AGARI ba="0,2" hai="20,21,22,60,66,71,76,83,87,97,102,105,120,123" machi="21" ten="30,6000,0" yaku="1,1,0,1,53,1" doraHai="122" doraHaiUra="74" who="0" fromWho="0" sc="240,80,250,-20,250,-20,240,-20" /><INIT seed="0,1,0,3,4,113" ten="320,230,230,220" oya="0" hai0="44,9,39,115,91,41,24,121,11,13,35,66,132" hai1="118,110,37,129,26,47,2,63,101,30,120,81,36" hai2="29,95,130,57,119,77,131,51,67,64,125,112,69" hai3="17,107,96,59,25,60,83,55,98,128,100,20,88"/><T114/><D121/><U45/><E2/><V18/><F112/><W76/><G128/><N who="2" m="49193" /><F69/><W90/><REACH who="3" step="1"/><G98/><REACH who="3" ten="320,230,230,210" step="2"/><T5/><D115/><U10/><E129/><V135/><F119/><W105/><G105/><T108/><D114/><U79/><E118/><V1/><F135/><W40/><G40/><T109/><D132/><U94/><E120/><V21/><F125/><W43/><G43/><T116/><D11/><U75/><E10/><V97/><F1/><W8/><G8/><T72/><D9/><U87/><E37/><V133/><F133/><W19/><G19/><T103/><D39/><U123/><E36/><V78/><F18/><W71/><G71/><T28/><D41/><U12/><E123/><V117/><F117/><W70/><G70/><T65/><D116/><U31/><E31/><V33/><F29/><W52/><G52/><T7/><D28/><U15/><E30/><V49/><F97/><W122/><G122/><T80/><D5/><U92/><E75/><AGARI ba="1,1" hai="17,20,25,55,59,60,75,76,83,88,90,96,100,107" machi="75" ten="30,3900,0" yaku="1,1,7,1,54,1,53,0" doraHai="113" doraHaiUra="34" who="3" fromWho="1" sc="320,0,230,-42,230,0,210,52" /><INIT seed="1,0,0,5,3,99" ten="320,188,230,262" oya="1" hai0="114,92,129,56,14,51,25,130,74,62,106,39,108" hai1="109,30,87,15,101,88,8,123,68,52,57,115,94" hai2="66,85,124,127,46,50,80,76,11,67,0,126,113" hai3="82,77,38,111,72,107,58,63,32,18,79,31,90"/><U59/><E68/><V135/><F135/><W70/><G38/><T64/><D114/><U28/><E109/><V34/><F34/><W98/><G70/><T37/><D106/><U12/><E115/><V42/><F113/><W119/><G111/><T23/><D74/><U20/><E123/><V96/><F96/><W75/><G32/><T41/><D108/><U19/><E101/><V21/><F21/><W29/><G119/><T24/><D14/><U13/><E59/><V71/><F71/><W132/><G132/><T117/><D117/><U16/><E15/><V48/><REACH who="2" step="1"/><F50/><AGARI ba="0,0" hai="8,12,13,16,19,20,28,30,50,52,57,87,88,94" machi="50" ten="30,18000,2" yaku="7,1,25,2,8,1,54,3" doraHai="99" who="1" fromWho="2" sc="320,0,188,180,230,-180,262,0" /><INIT seed="1,1,0,4,0,86" ten="320,368,50,262" oya="1" hai0="81,96,5,123,77,122,6,12,59,85,121,41,11" hai1="35,34,60,24,37,30,119,20,13,61,15,76,71" hai2="39,58,68,43,92,22,25,75,89,54,83,134,55" hai3="18,93,126,26,38,128,103,28,67,72,51,4,116"/><U112/><E37/><V111/><F68/><W0/><G116/><T101/><D59/><U36/><E36/><V80/><F134/><W78/><G38/><T16/><D41/><U109/><E119/><V62/><F111/><W47/><G72/><T2/><D2/><U8/><E112/><V32/><F32/><W97/><G78/><T104/><AGARI ba="1,0" hai="5,6,11,12,16,77,81,85,96,101,104,121,122,123" machi="104" ten="30,4000,0" yaku="0,1,13,1,54,1" doraHai="86" who="0" fromWho="0" sc="320,43,368,-21,50,-11,262,-11" /><INIT seed="2,0,0,4,0,41" ten="363,347,39,251" oya="2" hai0="81,28,29,114,105,90,35,52,107,118,85,111,0" hai1="60,84,110,33,69,125,13,82,78,123,135,31,72" hai2="92,134,120,98,43,12,34,45,25,104,27,40,50" hai3="59,103,88,132,71,2,89,5,46,109,44,58,11"/><V36/><F120/><W75/><G75/><T68/><D114/><U80/><E110/><V86/><F134/><W122/><G71/><T54/><D68/><U21/><E135/><V48/><F104/><W83/><G132/><T10/><D111/><U130/><E125/><V76/><F34/><W26/><G122/><T7/><D35/><U55/><E130/><V18/><F36/><W73/><G103/><T15/><D118/><U96/><E96/><V65/><F65/><W19/><G109/><T22/><D107/><U106/><E106/><V100/><F48/><W94/><G73/><T117/><D117/><U97/><E97/><V38/><F43/><W99/><G59/><T6/><D6/><U16/><E123/><V101/><F38/><W4/><G58/><T126/><D126/><U17/><E33/><V129/><F101/><W32/><G32/><T108/><D105/><U24/><E13/><V53/><F40/><W113/><G113/><T116/><D116/><U124/><E124/><V77/><F129/><W30/><G30/><T70/><D108/><U3/><E3/><V39/><F39/><W23/><REACH who="3" step="1"/><G5/><REACH who="3" ten="363,347,39,241" step="2"/><T119/><D119/><U112/><E112/><V8/><REACH who="2" step="1"/><F86/><AGARI ba="0,1" hai="2,4,11,19,23,26,44,46,83,86,88,89,94,99" machi="86" ten="40,8000,1" yaku="1,1,2,1,52,2,54,1,53,0" doraHai="41" doraHaiUra="66" who="3" fromWho="2" sc="363,0,347,0,39,-80,241,90" owari="363,46.0,347,15.0,-41,-54.0,331,-7.0" /></mjloggm>