<mjloggm ver="2.3"><GO type="225" lobby="0"/><UN n0="%6D%61%62%6F%6F%6F" n1="%E3%82%A6%E3%83%AB%E3%83%88%E3%83%A9%E7%AB%8B%E7%9B%B4" n2="%E9%A3%9B%E7%BE%BD%E6%84%9B%E6%AD%8C" n3="%E3%81%8A%E3%81%BE%E3%81%A4%E3%82%8A" dan="16,16,16,16" rate="2113.50,2035.57,2080.60,2135.15" sx="M,M,M,F"/><TAIKYOKU oya="0"/><INIT seed="0,0,0,1,5,128" ten="250,250,250,250" oya="0" hai0="46,39,120,66,134,40,32,14,87,59,9,5,27" hai1="98,103,26,2,112,133,37,105,114,63,19,75,100" hai2="76,70,83,68,13,111,71,107,3,67,77,51,129" hai3="41,60,8,29,88,58,78,72,18,11,130,95,127"/><T102/><D120/><U97/><E37/><V31/><F3/><W89/><G29/><T7/><D102/><U84/><E2/><V113/><F107/><W42/><G130/><T15/><D32/><U92/><E63/><V48/><F113/><N who="1" m="43625" /><E75/><V17/><F31/><W47/><G127/><T34/><D34/><U44/><E44/><V125/><F129/><W24/><G78/><T21/><D87/><U10/><E84/><V86/><F77/><W96/><G72/><T30/><D66/><U122/><E122/><V62/><F125/><W65/><G89/><T101/><D59/><U106/><E92/><V6/><F6/><W124/><G124/><T109/><D101/><U99/><E99/><V108/><F70/><W90/><G90/><T94/><D94/><U79/><E79/><V123/><F71/><W118/><G118/><T0/><D109/><N who="2" m="42058" /><F123/><W135/><G47/><T45/><D45/><U12/><E26/><V38/><F38/><W91/><G91/><T25/><D25/><U43/><E43/><V54/><F54/><W104/><G42/><T52/><D52/><U119/><E119/><V110/><F110/><W74/><G41/><T73/><D73/><U33/><E33/><V57/><F68/><W121/><G74/><T16/><D30/><U50/><E50/><V49/><F51/><W56/><G121/><T55/><D55/><U22/><E10/><AGARI ba="0,0" hai="10,13,17,48,49,57,62,67,76,83,86" m="42058" machi="10" ten="30,1000,0" yaku="14,1" doraHai="128" who="2" fromWho="1" sc="250,0,250,-10,250,10,250,0" /><INIT seed="1,0,0,1,1,45" ten="250,240,260,250" oya="1" hai0="12,54,40,99,36,120,28,21,65,75,16,104,14" hai1="95,63,123,86,98,96,114,85,50,118,43,0,38" hai2="108,73,119,81,127,44,30,26,9,37,133,131,125" hai3="59,83,31,122,94,117,6,67,32,15,5,87,22"/><U11/><E38/><V34/><F119/><W48/><G122/><T56/><D75/><U76/><E114/><V33/><F108/><W4/><G117/><T101/><D120/><U51/><E123/><V1/><F133/><W25/><G94/><T124/><D65/><U39/><E39/><V121/><F34/><W8/><G32/><T91/><D124/><U100/><E118/><V66/><F66/><W74/><G74/><T128/><D128/><U116/><E116/><V78/><F131/><W23/><G23/><T35/><D91/><U53/><E43/><N who="2" m="22639" /><F121/><W105/><G105/><T110/><D110/><U111/><E111/><V68/><F68/><W89/><REACH who="3" step="1"/><G67/><REACH who="3" ten="250,240,260,240" step="2"/><T72/><D72/><U29/><E95/><V17/><F73/><W129/><G129/><T97/><D35/><U134/><E100/><V84/><F33/><W92/><G92/><T3/><D101/><U52/><E134/><V107/><F107/><W77/><G77/><T130/><D104/><U7/><E76/><V70/><F78/><W80/><G80/><T113/><D130/><U57/><E98/><V90/><F81/><W115/><G115/><T71/><D113/><U42/><E96/><V58/><F127/><W132/><G132/><T88/><D99/><U64/><E64/><V10/><F125/><W27/><G27/><T19/><D97/><U41/><E86/><V102/><F84/><W82/><G82/><T135/><D135/><U55/><E85/><V13/><F26/><W47/><G47/><T79/><D79/><U62/><E11/><V20/><F9/><W103/><G103/><RYUUKYOKU ba="0,1" sc="250,-10,240,-10,260,-10,240,30" hai3="4,5,6,8,15,22,25,31,48,59,83,87,89" /><INIT seed="2,1,1,1,1,125" ten="240,230,250,270" oya="2" hai0="122,54,61,83,47,25,37,56,43,128,118,46,75" hai1="111,88,2,59,119,77,66,26,41,32,31,14,95" hai2="62,55,76,110,134,105,36,107,104,90,74,102,64" hai3="96,114,70,113,4,57,28,84,103,0,73,117,133"/><V60/><F36/><W72/><G117/><T127/><D122/><U115/><E2/><V93/><F60/><W38/><G70/><T53/><D118/><U121/><E115/><N who="3" m="44042" /><G38/><T92/><D92/><U6/><E119/><V106/><F55/><W19/><G28/><T45/><D83/><U20/><E111/><V40/><F40/><W101/><G84/><T1/><D75/><N who="3" m="28745" /><G96/><T35/><D35/><U5/><E77/><V16/><F76/><W109/><G109/><T9/><D1/><U112/><E112/><V24/><F110/><W89/><G89/><T68/><D9/><U94/><E32/><V12/><F90/><W50/><G19/><T49/><D25/><U67/><E121/><V130/><F24/><W11/><G133/><T30/><D30/><U58/><E31/><V51/><F74/><W86/><G86/><T78/><D78/><U63/><E26/><V123/><F134/><W80/><G80/><T131/><D127/><U3/><E88/><V42/><F102/><W87/><G87/><T21/><D21/><U126/><E20/><V65/><F16/><W34/><G34/><T18/><D18/><U85/><E85/><V7/><F123/><W13/><G0/><T15/><D15/><U27/><E14/><V48/><F12/><W52/><AGARI ba="1,1" hai="4,11,13,50,52,57,101,103" m="28745,44042" machi="52" ten="40,2700,0" yaku="11,1,54,1" doraHai="125" who="3" fromWho="3" sc="240,-8,230,-8,250,-14,270,40" /><INIT seed="3,0,0,2,5,65" ten="232,222,236,310" oya="3" hai0="130,50,24,108,120,133,64,46,7,55,5,17,74" hai1="37,44,81,97,122,43,2,99,19,87,53,113,16" hai2="71,112,85,40,56,70,72,105,129,76,12,47,21" hai3="35,132,3,6,34,127,26,106,30,60,66,58,77"/><W23/><G77/><T41/><D120/><U101/><E113/><V39/><F72/><W33/><G106/><T128/><D74/><U86/><E2/><V116/><F105/><W67/><G132/><T102/><D133/><U91/><E122/><V110/><F112/><W98/><G127/><T63/><D108/><U22/><E101/><V103/><F103/><W13/><G98/><T68/><D102/><U52/><E87/><V94/><F116/><W78/><G78/><T15/><D24/><U134/><E134/><V8/><F110/><W1/><REACH who="3" step="1"/><G67/><REACH who="3" ten="232,222,236,300" step="2"/><T84/><D84/><U124/><E124/><V62/><F85/><W92/><G92/><T4/><REACH who="0" step="1"/><D41/><REACH who="0" ten="222,222,236,300" step="2"/><U38/><E97/><V25/><F40/><W88/><G88/><T54/><D54/><U83/><E99/><V80/><F76/><W114/><G114/><T93/><D93/><U125/><E125/><V57/><F94/><W9/><AGARI ba="0,2" hai="1,3,6,9,13,23,26,30,33,34,35,58,60,66" machi="9" ten="40,3900,0" yaku="1,1,0,1,53,0" doraHai="65" doraHaiUra="121" who="3" fromWho="3" sc="222,-13,222,-13,236,-13,300,59" owari="209,-19.0,209,-29.0,223,2.0,359,46.0" /></mjloggm>