<mjloggm ver="2.3"><GO type="97" lobby="0"/><UN n0="%E3%83%A9%E3%83%93%E3%83%83%E3%83%88" n1="%E5%AF%BE%E9%9D%A2%E3%81%AF%E3%83%A9%E3%82%B9" n2="%44%65%65%70%2D%4F%6E%65" n3="%E3%82%A6%E3%83%AB%E3%83%88%E3%83%A9%E7%AB%8B%E7%9B%B4" dan="15,13,14,15" rate="1979.41,1914.53,1926.79,1989.17" sx="F,M,M,M"/><TAIKYOKU oya="0"/><INIT seed="0,0,0,5,5,62" ten="250,250,250,250" oya="0" hai0="34,51,64,93,129,48,3,20,127,32,92,87,5" hai1="73,108,86,35,116,110,41,37,89,47,63,131,90" hai2="66,78,72,57,128,23,112,118,28,71,95,115,94" hai3="105,25,0,134,10,52,39,33,50,88,74,125,104"/><T2/><D129/><U7/><E73/><V76/><F128/><W98/><G74/><T114/><D114/><U120/><E131/><V122/><F122/><W45/><G39/><T107/><D107/><U77/><E120/><V44/><F118/><W79/><G79/><T68/><D20/><U31/><E116/><V70/><F72/><W14/><G0/><T21/><D21/><U55/><E7/><V59/><F44/><W49/><G125/><T56/><D68/><U117/><E117/><V61/><F23/><W54/><G134/><T97/><D87/><U19/><E19/><V81/><F61/><W123/><G123/><T8/><D2/><U36/><E36/><V27/><F27/><W40/><G40/><T96/><D93/><U100/><E100/><V65/><F81/><W53/><G104/><T29/><D127/><U24/><E77/><V83/><F83/><W103/><G88/><N who="0" m="55303" /><D97/><U9/><E9/><V43/><F43/><W69/><G69/><T80/><D80/><U11/><E11/><V102/><F102/><W18/><REACH who="3" step="1"/><G45/><REACH who="3" ten="250,250,250,240" step="2"/><T101/><D101/><U130/><E130/><V13/><F13/><W46/><G46/><T17/><D3/><U38/><E38/><V75/><F75/><W111/><G111/><T26/><D34/><U12/><E37/><V16/><REACH who="2" step="1"/><F16/><REACH who="2" ten="250,250,240,240" step="2"/><W85/><G85/><T126/><D126/><U60/><E41/><V1/><F1/><W6/><G6/><T58/><D17/><U91/><E12/><V30/><AGARI ba="0,2" hai="28,30,57,59,65,66,70,71,76,78,94,95,112,115" machi="30" ten="25,12000,2" yaku="1,1,0,1,22,2,52,2,53,0" doraHai="62" doraHaiUra="121" who="2" fromWho="2" sc="250,-60,250,-30,240,140,240,-30" /><INIT seed="1,0,0,0,3,66" ten="190,220,380,210" oya="1" hai0="0,117,129,59,120,4,15,90,122,108,78,61,115" hai1="98,123,29,16,32,20,107,82,65,100,109,54,30" hai2="79,121,42,56,55,103,38,68,31,64,2,12,134" hai3="101,34,24,37,40,119,49,10,116,73,5,112,57"/><U47/><E123/><N who="0" m="47145" /><D78/><U36/><E32/><V35/><F2/><W75/><G112/><T53/><D115/><U33/><E33/><V58/><F35/><W39/><G101/><T133/><D117/><N who="3" m="45129" /><G57/><T89/><D129/><U128/><E128/><V127/><F31/><N who="3" m="19815" /><G49/><T27/><D0/><U84/><E65/><V94/><F79/><W13/><G40/><T6/><D108/><U95/><E107/><V26/><F121/><W87/><G87/><T97/><D133/><U9/><E9/><V41/><F134/><W3/><G13/><T45/><D45/><U106/><E106/><V77/><F42/><W86/><G86/><T114/><D114/><U11/><E36/><AGARI ba="0,0" hai="3,5,10,36,37,39,73,75" m="19815,45129" machi="36" ten="30,2000,0" yaku="12,1,23,1" doraHai="66" who="3" fromWho="1" sc="190,0,220,-20,380,0,210,20" /><INIT seed="2,0,0,3,0,104" ten="190,200,380,230" oya="2" hai0="16,81,63,84,20,54,119,72,75,109,131,111,5" hai1="65,18,45,124,80,127,38,123,0,24,133,121,95" hai2="4,36,89,126,77,39,98,44,78,70,102,132,105" hai3="35,41,115,13,117,100,103,52,48,88,116,53,69"/><V3/><F70/><W134/><G41/><T114/><D114/><U47/><E0/><V59/><F126/><N who="1" m="48169" /><E133/><V6/><F132/><W83/><G69/><T128/><D5/><U33/><E65/><V51/><F78/><W91/><G48/><T40/><D40/><U106/><E106/><V125/><F77/><W43/><G43/><T14/><D119/><U79/><E95/><V92/><F125/><W17/><G13/><T90/><D54/><U46/><E38/><V60/><F36/><W49/><G49/><T22/><D63/><U15/><E24/><V76/><F39/><W57/><G134/><T37/><D37/><U99/><E99/><V74/><F3/><W10/><G116/><T21/><D111/><U2/><E33/><V23/><F23/><N who="0" m="8778" /><D109/><U107/><E107/><V110/><F110/><W108/><G35/><T50/><D50/><U86/><E2/><V113/><F51/><W7/><G108/><T61/><D61/><U130/><E130/><AGARI ba="0,0" hai="14,16,22,72,75,81,84,90,128,130,131" m="8778" machi="130" ten="30,7700,0" yaku="19,1,52,2,54,1" doraHai="104" who="0" fromWho="1" sc="190,77,200,-77,380,0,230,0" /><INIT seed="3,0,0,0,3,135" ten="267,123,380,230" oya="3" hai0="3,92,55,128,41,111,119,70,50,32,4,11,23" hai1="107,57,66,36,78,75,127,71,120,10,73,18,115" hai2="114,65,12,60,47,104,126,2,26,110,74,0,105" hai3="19,116,101,76,8,69,13,97,132,21,15,117,38"/><W79/><G69/><T56/><D119/><U37/><E18/><V63/><F110/><W129/><G38/><T100/><D70/><U6/><E115/><V109/><F109/><W130/><G132/><T39/><D111/><U121/><E57/><V123/><F74/><W61/><G61/><T118/><D118/><U7/><E66/><V72/><F114/><W31/><G116/><T9/><D32/><U24/><E24/><V113/><F113/><W83/><G117/><T134/><D134/><U27/><E27/><V51/><F26/><W68/><G68/><T35/><D35/><U87/><E71/><V59/><F59/><W86/><G76/><T64/><D64/><U99/><E87/><V1/><F65/><W67/><G67/><T95/><D11/><U106/><E78/><V81/><F63/><W45/><G45/><T43/><D128/><N who="3" m="49257" /><G31/><T108/><D108/><U28/><E28/><V88/><F60/><W85/><G85/><T80/><D80/><U40/><E40/><N who="0" m="15433" /><D39/><U54/><E54/><V84/><F84/><W5/><G5/><T20/><D100/><U25/><E25/><V16/><F47/><W90/><G79/><T93/><D95/><U29/><E29/><V58/><F81/><W33/><G33/><T44/><D44/><U17/><E17/><V77/><F77/><W42/><G42/><T103/><D103/><U98/><REACH who="1" step="1"/><E10/><REACH who="1" ten="267,113,380,230" step="2"/><V34/><F16/><W49/><G8/><T48/><D56/><U53/><E53/><V94/><F58/><W102/><G19/><T22/><D55/><U124/><AGARI ba="0,1" hai="6,7,36,37,73,75,98,99,106,107,120,121,124,127" machi="124" ten="25,12000,2" yaku="1,1,0,1,22,2,52,2,53,0" doraHai="135" doraHaiUra="131" who="1" fromWho="1" sc="267,-30,113,130,380,-30,230,-60" owari="237,-16.0,243,4.0,350,45.0,170,-33.0" /></mjloggm>