<mjloggm ver="2.3"><GO type="97" lobby="0"/><UN n0="%E2%98%85%E3%83%AB%E3%83%AB%E3%83%86%E3%82%A3%E3%82%A2" n1="%E5%A1%9A%E6%9C%AC%E2%98%86%E5%A4%A9%E6%BA%80" n2="%6B%6F%2D%73%68%69%72%6F" n3="%E3%82%A6%E3%83%AB%E3%83%88%E3%83%A9%E7%AB%8B%E7%9B%B4" dan="15,14,14,15" rate="1983.17,1994.84,1960.63,1920.85" sx="M,F,M,M"/><TAIKYOKU oya="0"/><INIT seed="0,0,0,0,0,19" ten="250,250,250,250" oya="0" hai0="24,107,119,126,102,122,104,8,99,131,36,59,26" hai1="124,12,86,110,135,30,43,121,95,46,63,16,68" hai2="32,39,94,130,87,55,101,60,51,41,48,27,22" hai3="33,69,6,66,82,92,75,109,84,61,34,89,79"/><T10/><D122/><U0/><E121/><V20/><F130/><W113/><G113/><T65/><D119/><U5/><E30/><V134/><F134/><W54/><G109/><T57/><D131/><U116/><E116/><V76/><F32/><W53/><G6/><T44/><D126/><U45/><E110/><V62/><F39/><W28/><G28/><T14/><D36/><U132/><E124/><V112/><F112/><W80/><G54/><T70/><D44/><U15/><E0/><V105/><F105/><W29/><G29/><T35/><D70/><U100/><E5/><V31/><F22/><W50/><G82/><T106/><D35/><U23/><E12/><V9/><F9/><W52/><G53/><T97/><D107/><U81/><E95/><V18/><F31/><W3/><G3/><T7/><D7/><U128/><E100/><V1/><F1/><W56/><AGARI ba="0,0" hai="33,34,50,52,56,61,66,69,75,79,80,84,89,92" machi="56" ten="20,2700,0" yaku="0,1,7,1,54,1" doraHai="19" who="3" fromWho="3" sc="250,-13,250,-7,250,-7,250,27" /><INIT seed="1,0,0,5,3,22" ten="237,243,243,277" oya="1" hai0="67,83,108,59,87,112,98,76,69,66,113,56,107" hai1="21,60,2,58,40,75,0,68,63,29,122,105,51" hai2="79,106,13,37,55,15,39,57,24,9,134,70,120" hai3="48,14,94,86,132,61,89,91,93,8,12,27,119"/><U32/><E122/><V129/><F120/><W88/><G119/><T135/><D108/><U38/><E75/><V92/><F106/><W99/><G132/><T115/><D135/><U54/><E105/><V46/><F134/><W31/><G61/><T41/><D41/><U50/><E32/><V101/><F70/><W26/><G14/><T102/><REACH who="0" step="1"/><D69/><REACH who="0" ten="227,243,243,277" step="2"/><U126/><E68/><V28/><F129/><W125/><G125/><T42/><D42/><U78/><E126/><V97/><F39/><W33/><G48/><T17/><D17/><U100/><E50/><V62/><F37/><W65/><G31/><T103/><D103/><U72/><E100/><V36/><F36/><W95/><G33/><T74/><D74/><U84/><E72/><V73/><F46/><W117/><G117/><T133/><D133/><U47/><E38/><V6/><F73/><W77/><G65/><AGARI ba="0,1" hai="56,59,65,66,67,76,83,87,98,102,107,112,113,115" machi="65" ten="40,1300,0" yaku="1,1,53,0" doraHai="22" doraHaiUra="19" who="0" fromWho="3" sc="227,23,243,0,243,0,277,-13" /><INIT seed="2,0,0,0,4,88" ten="250,243,243,264" oya="2" hai0="109,89,60,80,33,37,67,125,48,115,113,134,19" hai1="76,114,26,49,17,68,119,46,53,38,120,131,87" hai2="100,92,81,98,94,55,35,22,123,107,29,84,127" hai3="4,75,5,122,132,25,70,31,10,104,126,74,97"/><V93/><F123/><W9/><G122/><T45/><D33/><U54/><E120/><V73/><F35/><W82/><G126/><T57/><D125/><U28/><E114/><V103/><F127/><W30/><G82/><T15/><D109/><U99/><E119/><V128/><F55/><W85/><G85/><T71/><D134/><U59/><E68/><V42/><F42/><W86/><G86/><T69/><D80/><U130/><E17/><V47/><F47/><W23/><G70/><T21/><D71/><U72/><E72/><V64/><F64/><W116/><G116/><T102/><D102/><N who="2" m="38954" /><F22/><W118/><G118/><T44/><D44/><U129/><E99/><V34/><F29/><W18/><G97/><T112/><D89/><U16/><E16/><V106/><F34/><W0/><G104/><N who="2" m="39977" /><F128/><W105/><G105/><T121/><D121/><U108/><E38/><V36/><F36/><W63/><G63/><T56/><D37/><U110/><E54/><V90/><F73/><W43/><G43/><T12/><D113/><U65/><E65/><V14/><F14/><N who="3" m="5455" /><G74/><T7/><D112/><U2/><E2/><V27/><F27/><N who="3" m="14839" /><G75/><T39/><D115/><U95/><E46/><V101/><AGARI ba="0,0" hai="81,84,90,92,93,94,98,101" m="39977,38954" machi="101" ten="30,24000,3" yaku="35,5,52,3" doraHai="88" who="2" fromWho="2" sc="250,-80,243,-80,243,240,264,-80" /><INIT seed="2,1,0,3,5,70" ten="170,163,483,184" oya="2" hai0="116,36,122,76,118,113,87,26,1,109,46,65,88" hai1="133,11,55,35,13,64,12,128,6,41,57,94,73" hai2="68,39,49,7,32,75,134,99,58,10,71,124,33" hai3="8,54,2,77,102,50,61,37,101,84,114,129,40"/><V110/><F75/><W30/><G114/><T83/><D113/><U79/><E35/><V106/><F134/><W97/><G30/><T42/><D122/><U74/><E133/><V85/><F124/><W22/><G22/><T90/><D109/><U125/><E125/><V112/><F112/><W115/><G115/><T4/><D65/><U119/><E119/><N who="0" m="45609" /><D26/><U108/><E64/><V82/><F110/><W14/><G2/><T67/><D67/><U53/><E108/><V98/><F39/><W9/><G9/><AGARI ba="1,0" hai="1,4,9,36,42,46,76,83,87,88,90" m="45609" machi="9" ten="30,3900,0" yaku="12,1,52,1,54,1" doraHai="70" who="0" fromWho="3" sc="170,42,163,0,483,0,184,-42" /><INIT seed="3,0,0,2,0,125" ten="212,163,483,142" oya="3" hai0="6,133,58,36,13,55,61,40,78,23,106,101,15" hai1="50,94,32,88,10,119,90,53,113,17,68,74,27" hai2="130,123,96,69,131,47,51,91,26,120,9,34,87" hai3="132,3,62,75,109,42,48,112,103,129,20,43,92"/><W86/><G75/><T118/><D118/><U79/><E113/><V114/><F69/><W135/><G3/><T134/><D78/><U100/><E68/><V93/><F114/><W124/><G112/><T21/><D106/><U111/><E119/><V52/><F9/><W28/><G124/><T19/><D101/><U64/><E64/><V46/><F46/><W104/><G104/><T54/><D40/><N who="3" m="15401" /><G48/><T105/><D36/><U95/><E111/><V72/><F72/><W128/><G62/><T99/><D99/><N who="1" m="59511" /><E74/><V115/><F115/><W81/><G109/><T22/><D105/><U71/><E71/><V83/><F26/><N who="3" m="16455" /><G92/><T0/><D0/><U107/><E107/><V59/><F34/><W77/><G103/><T127/><D127/><U25/><E32/><V110/><F47/><W84/><G84/><T33/><D33/><U37/><E37/><V35/><F35/><W2/><G2/><T38/><D38/><U41/><E41/><V30/><F30/><W39/><G39/><T45/><D45/><N who="1" m="27855" /><E79/><N who="2" m="46591" /><F110/><W44/><G44/><T24/><D55/><U80/><E80/><V31/><F31/><W18/><G18/><T57/><D57/><U14/><E90/><V116/><F116/><W121/><G121/><AGARI ba="0,0" hai="51,52,59,91,93,96,120,121,123,130,131" m="46591" machi="121" ten="30,7700,0" yaku="13,1,52,2,54,1" doraHai="125" who="2" fromWho="3" sc="212,0,163,0,483,77,142,-77" owari="212,1.0,163,-24.0,560,66.0,65,-43.0" /></mjloggm>