<mjloggm ver="2.3"><GO type="97" lobby="0"/><UN n0="%E5%9B%B0%E3%81%A3%E3%81%9F%E3%81%AA%EF%BD%9E" n1="%E3%81%8A%E9%A1%98%E3%81%84%E3%81%97%E3%81%BE%E3%81%99" n2="%E3%82%A6%E3%83%AB%E3%83%88%E3%83%A9%E7%AB%8B%E7%9B%B4" n3="%E3%82%A8%E3%83%B3%E3%82%B8" dan="14,13,15,15" rate="1970.80,1913.57,1930.42,1910.76" sx="M,M,M,M"/><TAIKYOKU oya="0"/><INIT seed="0,0,0,3,1,17" ten="250,250,250,250" oya="0" hai0="83,76,117,21,96,107,79,54,113,45,62,51,125" hai1="42,87,24,13,134,124,49,19,119,65,48,82,37" hai2="133,70,104,71,103,126,80,94,15,95,5,26,102" hai3="30,40,27,66,11,132,50,89,110,74,90,12,18"/><T135/><D117/><U28/><E37/><V55/><F104/><W116/><G74/><T6/><D113/><U63/><E124/><V43/><F43/><W91/><G116/><T8/><D125/><U109/><E134/><V118/><F126/><W44/><G132/><T57/><D135/><U85/><E109/><V60/><F133/><W3/><G3/><T106/><D96/><U73/><E119/><V78/><F118/><W92/><G110/><T108/><D108/><U16/><E73/><V47/><F26/><W128/><G128/><T97/><D97/><U122/><E122/><V58/><F47/><W25/><G66/><T1/><D79/><U121/><E121/><V123/><F123/><W72/><G72/><T41/><REACH who="0" step="1"/><D21/><REACH who="0" ten="240,250,250,250" step="2"/><N who="1" m="15375" /><E42/><V53/><F78/><W38/><G38/><T69/><D69/><U120/><E120/><V67/><F71/><W14/><G14/><T98/><D98/><U81/><E13/><V111/><F70/><W105/><G105/><T7/><D7/><U64/><E64/><V2/><F67/><W129/><G129/><T29/><D29/><U0/><E65/><V56/><F15/><W93/><G30/><T127/><D127/><U75/><E75/><AGARI ba="0,1" hai="1,6,8,41,45,51,54,57,62,75,76,83,106,107" machi="75" ten="30,2900,0" yaku="1,1,7,1,53,0" doraHai="17" doraHaiUra="88" who="0" fromWho="1" sc="240,39,250,-29,250,0,250,0" /><INIT seed="0,1,0,4,1,53" ten="279,221,250,250" oya="0" hai0="99,14,127,65,50,82,8,21,129,28,30,110,56" hai1="24,0,23,77,81,4,118,132,74,13,133,108,102" hai2="105,130,57,126,52,116,20,109,68,94,55,96,43" hai3="122,51,98,1,36,22,85,6,9,89,88,44,66"/><T15/><D127/><U124/><E118/><V11/><F105/><W83/><G122/><T45/><D129/><U54/><E124/><V90/><F68/><W3/><G36/><T40/><D110/><U32/><E108/><V114/><F114/><W59/><G3/><T97/><D82/><U17/><E102/><V10/><F116/><W69/><G69/><T113/><D113/><U72/><E72/><V76/><F126/><W16/><G98/><T92/><D99/><U79/><E79/><V117/><F117/><W101/><G101/><T61/><D21/><U42/><E42/><V112/><F112/><W31/><G31/><T62/><D62/><U63/><E32/><V67/><F130/><W29/><G29/><T38/><D38/><U103/><E103/><V7/><F109/><W34/><G34/><T115/><D115/><U25/><E0/><V91/><F76/><W49/><G89/><T75/><D75/><U95/><E95/><N who="2" m="56439" /><F43/><W33/><G33/><T71/><D71/><U5/><E5/><V104/><F104/><W26/><REACH who="3" step="1"/><G44/><REACH who="3" ten="279,221,250,240" step="2"/><T123/><D123/><U64/><E64/><V60/><F91/><W41/><G41/><T131/><D131/><U46/><E46/><V12/><F94/><W121/><G121/><T35/><D35/><U134/><REACH who="1" step="1"/><E4/><REACH who="1" ten="279,211,250,240" step="2"/><V70/><F7/><W100/><G100/><N who="0" m="60455" /><D14/><U58/><AGARI ba="1,2" hai="13,17,23,24,25,54,58,63,74,77,81,132,133,134" machi="58" ten="40,8000,1" yaku="1,1,0,1,20,1,52,1,53,1" doraHai="53" doraHaiUra="18" who="1" fromWho="1" sc="279,-41,211,103,250,-21,240,-21" /><INIT seed="1,0,0,0,1,6" ten="238,314,229,219" oya="1" hai0="99,105,0,5,87,17,83,60,32,42,9,43,66" hai1="90,72,92,129,82,62,79,91,70,78,131,29,114" hai2="120,67,103,41,84,127,59,134,34,24,23,26,56" hai3="81,69,107,65,46,15,16,49,33,68,52,64,14"/><U117/><E70/><V12/><F120/><W109/><G33/><T44/><D32/><U98/><E29/><V51/><F127/><W86/><G107/><T54/><D105/><U123/><E117/><V102/><F134/><W30/><G109/><T35/><D35/><U108/><E123/><V94/><F34/><W39/><G39/><T110/><D110/><U22/><E22/><V89/><F24/><W125/><G125/><T132/><D132/><U55/><E108/><V18/><F26/><W119/><G119/><T106/><D106/><U104/><E62/><V97/><F67/><W28/><G14/><T96/><D17/><U25/><E55/><V126/><F126/><W112/><G112/><T10/><D5/><U37/><E37/><V1/><F1/><W75/><G75/><T80/><D0/><U111/><E25/><V8/><F102/><W4/><G4/><T27/><D27/><U122/><E122/><V50/><F23/><N who="3" m="11679" /><G68/><T3/><D3/><U38/><E38/><V7/><F7/><W130/><G130/><N who="1" m="49674" /><E111/><V124/><F124/><W73/><G73/><T31/><D31/><N who="3" m="11817" /><G69/><T11/><D66/><U100/><E114/><V61/><F12/><W76/><AGARI ba="0,0" hai="46,49,52,64,65,76,81,86" m="11817,11679" machi="76" ten="30,4000,0" yaku="8,1,54,2" doraHai="6" who="3" fromWho="3" sc="238,-10,314,-20,229,-10,219,40" /><INIT seed="2,0,0,4,5,15" ten="228,294,219,259" oya="2" hai0="61,117,81,7,116,27,52,37,13,45,92,42,17" hai1="1,84,57,11,32,19,20,133,12,103,50,56,109" hai2="132,10,88,24,125,49,30,48,123,75,44,78,122" hai3="76,102,82,25,23,96,35,54,87,51,126,16,70"/><V4/><F78/><W77/><G70/><T26/><D7/><U3/><E109/><V0/><F75/><W72/><G35/><T21/><D81/><U108/><E133/><V93/><F125/><W112/><G112/><T62/><D92/><U119/><E32/><V95/><F95/><N who="3" m="58655" /><G72/><T68/><D68/><U97/><E119/><N who="0" m="45641" /><D62/><U74/><E74/><V85/><F132/><W40/><G40/><T129/><D129/><U79/><E108/><V115/><F115/><W114/><G114/><T6/><D6/><U83/><E50/><V124/><F124/><W34/><G34/><T91/><D91/><U121/><E121/><V39/><F39/><W64/><G64/><T59/><AGARI ba="0,0" hai="13,17,21,26,27,37,42,45,52,59,61" m="45641" machi="59" ten="30,4000,0" yaku="12,1,52,1,54,1" doraHai="15" who="0" fromWho="0" sc="228,40,294,-10,219,-20,259,-10" /><INIT seed="3,0,0,2,5,72" ten="268,284,199,249" oya="3" hai0="101,46,27,49,117,126,9,32,96,48,64,127,82" hai1="25,98,130,86,85,56,0,58,70,131,116,65,36" hai2="95,83,81,55,79,108,31,125,21,24,59,18,11" hai3="10,87,92,134,69,15,133,99,118,113,124,20,120"/><W28/><G69/><T4/><D117/><U88/><E36/><V16/><F108/><W115/><G120/><T39/><D64/><U35/><E0/><V3/><F125/><N who="0" m="47626" /><D39/><U109/><E109/><V51/><F83/><W94/><G118/><T68/><D68/><U7/><E7/><V73/><F3/><W40/><G40/><T12/><D32/><U76/><E116/><V71/><F71/><W129/><G129/><N who="1" m="49162" /><E70/><V37/><F37/><W19/><G124/><T91/><D27/><U47/><E47/><V60/><F11/><W132/><G87/><N who="0" m="50679" /><D46/><U6/><E6/><V26/><F26/><N who="3" m="16455" /><G99/><T33/><D33/><U104/><E85/><V50/><REACH who="2" step="1"/><F95/><AGARI ba="0,0" hai="10,15,19,92,94,95,113,115,132,133,134" m="16455" machi="95" ten="30,1500,0" yaku="20,1" doraHai="72" who="3" fromWho="2" sc="268,0,284,0,199,-15,249,15" /><AGARI ba="0,0" hai="4,9,12,48,49,95,96,101" m="50679,47626" machi="95" ten="30,1000,0" yaku="18,1" doraHai="72" who="0" fromWho="2" sc="268,10,284,0,184,-10,264,0" /><INIT seed="3,1,0,3,4,99" ten="278,284,174,264" oya="3" hai0="17,93,20,11,101,116,127,2,66,59,91,82,86" hai1="18,51,103,135,70,85,133,94,89,21,97,73,109" hai2="4,27,34,10,12,1,134,74,111,78,63,117,50" hai3="45,22,57,125,114,54,41,102,62,48,30,120,40"/><W98/><G120/><T84/><D116/><U43/><E70/><V3/><F78/><W92/><G114/><T115/><D115/><U36/><E36/><V16/><F74/><W61/><G125/><T26/><D127/><U31/><E73/><V67/><F117/><W33/><G33/><T60/><D2/><U44/><E31/><V128/><F128/><W113/><G113/><T13/><D101/><U7/><E7/><V69/><F111/><W131/><G131/><T29/><D82/><U107/><E109/><V39/><F39/><W112/><G112/><T28/><D86/><U24/><AGARI ba="1,0" hai="18,21,24,43,44,51,85,89,94,97,103,107,133,135" machi="24" ten="30,2000,0" yaku="0,1,52,1" doraHai="99" who="1" fromWho="1" sc="278,-6,284,23,174,-6,264,-11" owari="272,7.0,307,41.0,168,-33.0,253,-15.0" /></mjloggm>