<mjloggm ver="2.3"><GO type="97" lobby="0"/><UN n0="%E6%B6%85%E7%9C%A0" n1="%E3%82%A6%E3%83%AB%E3%83%88%E3%83%A9%E7%AB%8B%E7%9B%B4" n2="%73%65%76%65%6E" n3="%E3%82%AB%E3%83%84%E3%83%A9%E3%82%B9%E3%82%BF%E3%83%B3%E3%83%89" dan="14,15,15,14" rate="1886.73,2003.96,2009.37,1919.22" sx="M,M,M,F"/><TAIKYOKU oya="0"/><INIT seed="0,0,0,1,0,20" ten="250,250,250,250" oya="0" hai0="31,50,36,6,127,78,81,86,16,100,89,14,73" hai1="124,13,58,133,83,64,63,125,55,26,102,19,56" hai2="104,97,22,30,111,17,107,119,74,85,70,92,123" hai3="52,57,117,12,29,42,11,23,93,10,25,75,44"/><T71/><D36/><U3/><E3/><V128/><F70/><W84/><G75/><T87/><D127/><U106/><E102/><V54/><F74/><W109/><G109/><T105/><D6/><U48/><E106/><V61/><F123/><W5/><G117/><T47/><D71/><U77/><E133/><V32/><F111/><W72/><G72/><T130/><D130/><U129/><E129/><V114/><F114/><W46/><G10/><T33/><D105/><U101/><E101/><V126/><F119/><W40/><G40/><T24/><D100/><U108/><E108/><V91/><F126/><W8/><G8/><T94/><D47/><U82/><E77/><V18/><F128/><W37/><G37/><T90/><D50/><U49/><E49/><V120/><F120/><W35/><G35/><T113/><D113/><U0/><E0/><V43/><F43/><W59/><G59/><T96/><REACH who="0" step="1"/><D90/><REACH who="0" ten="240,250,250,250" step="2"/><U38/><E125/><V4/><F91/><N who="3" m="53479" /><G42/><T115/><D115/><U118/><E38/><V135/><F107/><W39/><G39/><T69/><D69/><U21/><E124/><V60/><F104/><W34/><G44/><T41/><D41/><U79/><E118/><V62/><F135/><W131/><G46/><T27/><D27/><U80/><E79/><V95/><F62/><N who="3" m="36135" /><G131/><T99/><D99/><U98/><E98/><V1/><F97/><W28/><G5/><T110/><D110/><U88/><E88/><V112/><F4/><W9/><G12/><AGARI ba="0,1" hai="12,13,19,21,26,48,55,56,58,63,64,80,82,83" machi="12" ten="40,2600,0" yaku="8,1,52,1" doraHai="20" who="1" fromWho="3" sc="240,0,250,36,250,0,250,-26" /><INIT seed="1,0,0,4,3,19" ten="240,286,250,224" oya="1" hai0="69,39,93,11,67,83,60,111,2,127,84,118,109" hai1="33,126,68,100,1,80,36,88,70,28,34,117,59" hai2="101,86,30,21,131,58,89,0,38,103,16,3,90" hai3="51,92,65,45,132,113,20,123,15,125,121,44,29"/><U96/><E36/><V49/><F38/><W25/><G113/><T7/><D39/><U5/><E117/><V79/><F131/><W110/><G110/><N who="0" m="41995" /><D118/><U8/><E126/><V4/><F30/><W78/><G125/><T66/><D66/><U22/><E68/><V48/><F4/><W47/><G132/><T14/><D127/><U85/><E70/><V37/><F37/><W120/><G65/><T73/><D73/><U62/><E62/><V40/><F3/><W99/><G78/><N who="0" m="46199" /><D93/><U114/><E59/><V115/><F0/><AGARI ba="0,0" hai="0,2,7,11,14,60,67,69" m="46199,41995" machi="0" ten="30,1000,0" yaku="14,1" doraHai="19" who="0" fromWho="2" sc="240,10,286,0,250,-10,224,0" /><INIT seed="2,0,0,4,3,92" ten="250,286,240,224" oya="2" hai0="3,24,73,41,7,75,39,48,91,125,98,65,114" hai1="51,71,25,88,90,67,62,93,20,30,63,102,79" hai2="130,96,56,121,37,86,129,122,118,95,74,53,132" hai3="55,4,87,64,70,14,69,76,36,54,99,18,103"/><V16/><F37/><W60/><G36/><T10/><D114/><U83/><E62/><N who="2" m="36111" /><F74/><W23/><G4/><T94/><D39/><U135/><E135/><V44/><F44/><W97/><G69/><T58/><D125/><U50/><E102/><N who="2" m="60703" /><F118/><W9/><G9/><T78/><D78/><U82/><E82/><V104/><F104/><W46/><G103/><T133/><D133/><U49/><REACH who="1" step="1"/><E93/><REACH who="1" ten="250,276,240,224" step="2"/><V124/><F132/><W101/><G101/><T11/><D94/><U107/><E107/><V89/><F124/><W22/><G22/><T109/><D11/><U34/><E34/><V12/><F122/><W119/><G119/><T68/><D10/><U35/><E35/><V116/><F121/><W111/><G23/><T113/><D113/><U5/><E5/><V40/><F116/><W120/><G60/><T84/><D7/><U131/><E131/><V110/><F130/><W13/><G120/><T19/><D3/><U123/><E123/><V27/><F129/><W42/><G76/><T105/><D105/><U81/><E81/><V52/><F110/><W127/><G111/><T45/><D109/><U28/><E28/><V77/><F77/><W80/><G80/><T72/><D19/><U31/><E31/><V117/><F117/><W106/><G18/><T100/><D100/><U59/><E59/><V85/><F16/><W15/><G106/><T17/><D58/><U0/><E0/><V6/><F6/><W61/><G127/><T108/><D108/><U128/><E128/><V1/><F1/><W112/><G112/><T134/><D134/><U26/><E26/><RYUUKYOKU ba="0,1" sc="250,-10,276,30,240,-10,224,-10" hai1="20,25,30,49,50,51,63,67,71,79,83,88,90" /><INIT seed="3,1,1,3,4,102" ten="240,306,230,214" oya="3" hai0="129,45,74,71,126,22,65,58,114,18,2,33,91" hai1="125,38,9,108,127,59,20,135,68,100,13,120,77" hai2="67,15,30,57,53,110,21,11,95,66,84,87,39" hai3="28,79,105,51,61,26,80,98,106,118,116,97,36"/><W32/><G36/><T0/><D114/><U90/><E68/><V99/><F39/><W43/><G61/><T37/><D74/><U96/><E38/><V119/><F110/><W25/><G25/><T23/><D126/><U63/><E90/><N who="2" m="55799" /><F119/><W31/><G31/><T122/><D122/><U46/><E77/><V62/><F30/><W107/><G116/><T121/><D121/><U117/><E46/><V131/><F21/><W12/><G12/><T69/><D71/><U81/><E81/><V70/><F70/><W113/><G113/><T7/><D69/><U130/><E20/><V3/><F3/><W41/><G118/><T124/><D124/><N who="1" m="47691" /><E130/><V35/><F35/><W55/><G97/><T115/><D129/><U1/><E1/><V133/><F131/><W112/><G98/><T40/><D115/><U24/><E24/><V73/><F73/><W16/><G16/><T82/><D33/><U5/><E135/><V56/><F133/><W54/><G112/><T29/><D18/><U134/><E134/><V104/><F104/><W50/><G41/><T42/><D42/><U132/><E132/><V10/><F67/><W128/><G128/><T64/><D29/><U17/><E17/><N who="2" m="8439" /><F11/><W86/><REACH who="3" step="1"/><G43/><REACH who="3" ten="240,306,230,204" step="2"/><T109/><D2/><U93/><E117/><V85/><F87/><W44/><G44/><T52/><D0/><U88/><E120/><V83/><F83/><W94/><G94/><T123/><D123/><U14/><E14/><V8/><F8/><W101/><G101/><T27/><D82/><U76/><E100/><V92/><F92/><W60/><G60/><AGARI ba="1,2" hai="53,56,57,60,62,66,84,85" m="8439,55799" machi="60" ten="30,2000,0" yaku="6,1,8,1" doraHai="102" who="2" fromWho="3" sc="240,0,306,0,230,43,204,-23" owari="240,-16.0,306,41.0,273,7.0,181,-32.0" /></mjloggm>