<mjloggm ver="2.3"><GO type="169" lobby="0"/><UN n0="%E2%98%85%E7%8E%89%E9%9F%BF%E2%98%85" n1="%E5%8F%AF%E7%87%83%E6%80%A7%E9%AB%98%E5%9C%A7%E3%82%AC%E3%82%B9" n2="%41%72%63%61%64%65" n3="%E3%82%A6%E3%83%AB%E3%83%88%E3%83%A9%E7%AB%8B%E7%9B%B4" dan="16,17,16,17" rate="2166.11,2171.70,2082.89,2076.29" sx="M,M,M,M"/><TAIKYOKU oya="0"/><INIT seed="0,0,0,0,4,132" ten="250,250,250,250" oya="0" hai0="91,92,58,111,62,19,110,18,79,3,75,133,7" hai1="102,9,43,41,129,65,44,53,109,134,29,113,135" hai2="17,57,77,72,24,71,70,95,82,108,119,73,94" hai3="32,39,104,33,27,51,78,38,45,47,2,30,28"/><T46/><D133/><N who="1" m="50699" /><E29/><V88/><F108/><N who="0" m="41514" /><D46/><U55/><E102/><V25/><F119/><W100/><G2/><T12/><D3/><U61/><E109/><V11/><F95/><W87/><G47/><T93/><D75/><U123/><E9/><V90/><F73/><W21/><G39/><T26/><D79/><U5/><E5/><V0/><F90/><W63/><G38/><T14/><D7/><U84/><E84/><V103/><F103/><W99/><G87/><N who="0" m="52351" /><D93/><U15/><E15/><N who="0" m="5673" /><D26/><U67/><E123/><V116/><F116/><W115/><G78/><T125/><D125/><U121/><E121/><V131/><F25/><W80/><G80/><T37/><D37/><N who="1" m="21551" /><E43/><V56/><F24/><W8/><G8/><T60/><D60/><U13/><E13/><V89/><F0/><W66/><G30/><T4/><D4/><U36/><E36/><V105/><F11/><W107/><G107/><T126/><D126/><U16/><E16/><V76/><F17/><W68/><G115/><T6/><D6/><U48/><E113/><V35/><F72/><W52/><AGARI ba="0,0" hai="21,27,28,32,33,45,51,52,63,66,68,99,100,104" machi="52" ten="20,2700,0" yaku="0,1,7,1,54,1" doraHai="132" who="3" fromWho="3" sc="250,-13,250,-7,250,-7,250,27" /><INIT seed="1,0,0,5,3,2" ten="237,243,243,277" oya="1" hai0="30,5,78,118,17,81,73,27,110,28,135,15,34" hai1="103,31,10,36,8,20,67,38,4,129,97,101,83" hai2="29,19,96,65,52,89,132,75,109,128,60,7,59" hai3="116,122,11,133,121,51,102,131,86,42,85,134,76"/><U77/><E129/><V117/><F117/><W126/><G116/><T16/><D118/><U47/><E67/><V100/><F128/><W57/><G131/><T39/><D39/><U74/><E10/><V35/><F75/><W12/><G126/><T113/><D113/><U61/><E61/><V56/><F109/><W94/><G86/><T111/><D135/><U48/><E20/><V120/><F120/><W66/><G122/><T63/><D63/><U68/><E31/><V98/><F132/><W93/><G121/><T70/><D70/><U40/><E68/><V23/><F89/><W99/><G66/><T53/><D53/><U54/><E97/><V95/><F98/><W64/><G64/><T41/><D41/><U79/><E79/><V3/><F35/><W37/><G37/><T25/><D5/><U112/><E112/><V92/><F29/><W45/><G57/><T33/><REACH who="0" step="1"/><D17/><REACH who="0" ten="227,243,243,277" step="2"/><U106/><E38/><V123/><F123/><W1/><G134/><T125/><D125/><U26/><E106/><V62/><F7/><W50/><G133/><T80/><D80/><U44/><REACH who="1" step="1"/><E26/><REACH who="1" ten="227,233,243,277" step="2"/><V9/><F62/><W22/><G51/><T82/><D82/><U46/><E46/><V90/><F60/><W107/><G50/><T24/><D24/><U69/><E69/><V6/><F65/><W127/><G45/><T32/><D32/><U14/><AGARI ba="0,2" hai="4,8,14,36,40,44,47,48,54,74,77,83,101,103" machi="14" ten="20,7800,0" yaku="1,1,0,1,7,1,52,1,53,0" doraHai="2" doraHaiUra="18" who="1" fromWho="1" sc="227,-26,233,98,243,-26,277,-26" /><INIT seed="1,1,0,4,1,110" ten="201,331,217,251" oya="1" hai0="34,68,70,67,101,25,126,102,11,29,56,21,87" hai1="96,109,52,65,38,19,99,131,78,108,66,76,118" hai2="90,20,130,98,39,134,95,97,0,32,26,22,63" hai3="28,77,125,79,117,27,31,59,9,81,48,1,69"/><U73/><E118/><V30/><F130/><W115/><G69/><T72/><D72/><U8/><E38/><V24/><F134/><W36/><G36/><T113/><D126/><U3/><E131/><V33/><F39/><W82/><G117/><T47/><D11/><U86/><E73/><V62/><F0/><W46/><G125/><T121/><D121/><U80/><E78/><V16/><REACH who="2" step="1"/><F97/><REACH who="2" ten="201,331,207,251" step="2"/><W17/><G1/><T2/><D2/><U49/><E96/><V51/><F51/><W74/><G48/><T104/><D104/><U13/><E99/><V94/><F94/><W92/><G92/><T4/><D101/><U54/><E3/><V12/><F12/><W37/><G37/><T35/><D102/><U133/><E133/><V93/><F93/><W89/><G81/><T103/><D103/><U42/><E109/><V58/><F58/><W132/><G82/><T128/><D128/><U111/><E111/><V43/><F43/><W129/><G59/><T23/><D56/><U40/><E108/><V53/><F53/><N who="1" m="20585" /><E42/><V105/><F105/><W88/><G129/><T7/><D68/><U6/><E40/><V71/><F71/><W85/><G132/><T64/><D70/><U91/><E49/><V84/><F84/><W5/><G85/><T57/><D87/><U122/><E86/><V10/><F10/><W135/><G9/><T119/><D119/><U60/><E8/><V75/><F75/><W61/><G74/><T50/><D50/><U127/><E13/><V100/><F100/><W120/><G135/><T55/><D55/><U116/><E127/><RYUUKYOKU ba="1,1" sc="201,-10,331,-10,207,30,251,-10" hai2="16,20,22,24,26,30,32,33,62,63,90,95,98" /><INIT seed="2,2,1,0,1,135" ten="191,321,237,241" oya="2" hai0="75,68,19,84,110,60,120,43,1,127,36,95,104" hai1="103,89,86,81,92,115,2,105,22,10,122,30,102" hai2="56,5,96,71,0,58,125,26,91,101,64,41,25" hai3="123,53,8,24,80,42,117,130,128,85,46,82,109"/><V131/><F131/><W23/><G123/><T11/><D84/><U9/><E115/><V108/><F91/><W65/><G117/><T76/><D95/><U13/><E105/><V62/><F108/><W124/><G109/><T31/><D31/><U63/><E122/><V21/><F41/><W48/><G65/><T37/><D76/><U70/><E2/><V61/><F125/><W32/><G32/><T98/><D98/><U79/><E70/><V33/><F33/><W129/><G8/><N who="1" m="3178" /><E63/><V54/><F21/><W20/><G42/><T12/><D43/><U57/><E57/><V52/><F5/><W40/><G40/><T93/><D1/><U111/><E111/><V7/><F7/><W17/><G23/><T107/><D60/><U133/><E133/><V38/><F38/><W134/><G134/><T97/><D68/><U28/><E13/><V18/><F0/><W51/><G51/><T66/><D12/><U78/><E78/><V35/><F35/><W77/><G82/><T87/><D104/><U34/><E34/><V4/><F4/><W47/><G47/><T118/><D107/><U113/><E113/><V3/><F3/><W99/><G99/><T15/><D37/><U55/><E55/><V67/><F71/><W100/><G100/><N who="1" m="38442" /><E22/><N who="2" m="13527" /><F101/><W106/><G106/><T6/><D36/><U121/><E121/><V114/><F114/><W69/><G69/><T83/><D120/><U27/><E27/><V16/><F96/><AGARI ba="2,1" hai="28,30,79,81,86,89,92,96" m="38442,3178" machi="96" ten="30,1000,0" yaku="8,1" doraHai="135" who="1" fromWho="2" sc="191,0,321,26,237,-16,241,0" /><INIT seed="3,0,0,0,5,124" ten="191,347,221,241" oya="3" hai0="62,69,82,35,67,76,132,57,126,110,95,103,33" hai1="111,26,30,116,48,122,64,75,83,121,123,19,90" hai2="131,128,71,47,61,104,105,17,65,24,27,107,134" hai3="31,13,79,28,120,115,87,81,74,51,23,7,42"/><W15/><G120/><T60/><D126/><U84/><E64/><V32/><F134/><W21/><G115/><T3/><D132/><U70/><E70/><V41/><F17/><W127/><G74/><T93/><D110/><U58/><E111/><V97/><F97/><W130/><G130/><N who="2" m="49705" /><F32/><W5/><G127/><T18/><D3/><U117/><E19/><V16/><F16/><N who="3" m="10383" /><G23/><T40/><D40/><U135/><E135/><V92/><F92/><W112/><G112/><T59/><D18/><U22/><E75/><V49/><AGARI ba="0,0" hai="24,27,41,47,49,61,65,71,104,105,107" m="49705" machi="49" ten="40,8000,1" yaku="19,1,52,3" doraHai="124" who="2" fromWho="2" sc="191,-20,347,-20,221,80,241,-40" /><INIT seed="4,0,0,1,0,119" ten="171,327,301,201" oya="0" hai0="60,2,65,37,62,66,120,70,44,73,128,125,7" hai1="96,93,16,1,3,32,121,22,109,46,102,107,45" hai2="81,64,67,133,71,31,111,114,11,77,20,95,79" hai3="10,48,27,110,17,105,78,43,50,21,126,106,88"/><T116/><D73/><U42/><E32/><V40/><F111/><W68/><G110/><T53/><D116/><U54/><E109/><V124/><F124/><W61/><G126/><T87/><D125/><U0/><E121/><V33/><F114/><W23/><G78/><T38/><D120/><U34/><E34/><V49/><F33/><W63/><G105/><T24/><D128/><U26/><E54/><V82/><F71/><W36/><G106/><T72/><D72/><U100/><E107/><V127/><F127/><W4/><G36/><T132/><D132/><U52/><E100/><V113/><F113/><W90/><G23/><T9/><D24/><U122/><E122/><V108/><F108/><W85/><G90/><T39/><D87/><U56/><REACH who="1" step="1"/><E42/><REACH who="1" ten="171,317,301,201" step="2"/><V29/><F40/><W15/><G43/><T58/><REACH who="0" step="1"/><D53/><REACH who="0" ten="161,317,301,201" step="2"/><U13/><E13/><V104/><F133/><W131/><G15/><T28/><D28/><U101/><E101/><V19/><F31/><W76/><G27/><T55/><D55/><U47/><E47/><AGARI ba="0,2" hai="2,7,9,37,38,39,44,47,58,60,62,65,66,70" machi="47" ten="40,2000,0" yaku="1,1,53,0" doraHai="119" doraHaiUra="97" who="0" fromWho="1" sc="161,40,317,-20,301,0,201,0" /><INIT seed="4,1,0,0,1,135" ten="201,297,301,201" oya="0" hai0="131,117,2,76,59,121,79,25,106,129,23,132,41" hai1="51,56,6,54,73,93,113,35,82,126,10,125,119" hai2="99,115,62,120,68,17,30,38,124,34,92,15,14" hai3="16,103,60,116,55,32,42,96,95,47,49,71,18"/><T40/><D121/><U118/><E35/><V7/><F120/><W8/><G116/><T111/><D117/><U21/><E21/><V24/><F38/><W128/><G32/><T80/><D132/><U58/><E93/><V37/><F37/><W90/><G128/><N who="0" m="49227" /><D2/><N who="1" m="343" /><E58/><V70/><F62/><W1/><G1/><T5/><D5/><U48/><E48/><V53/><F53/><W81/><G8/><T31/><D106/><U104/><E104/><V9/><F70/><W97/><G81/><T83/><D111/><U27/><E27/><V110/><F68/><W85/><G97/><T77/><D59/><U112/><E118/><V52/><F110/><W107/><REACH who="3" step="1"/><G55/><REACH who="3" ten="201,297,301,191" step="2"/><T57/><D80/><U22/><E119/><V87/><F52/><W66/><AGARI ba="1,1" hai="16,18,42,47,49,60,66,71,85,90,95,96,103,107" machi="66" ten="30,8000,1" yaku="1,1,2,1,0,1,54,1,53,1" doraHai="135" doraHaiUra="65" who="3" fromWho="3" sc="201,-41,297,-21,301,-21,191,93" /><INIT seed="5,0,0,4,1,3" ten="160,276,280,284" oya="1" hai0="80,119,126,50,8,94,33,87,34,91,106,113,98" hai1="22,100,51,19,18,78,45,28,56,131,89,69,74" hai2="11,10,102,30,104,121,54,13,107,127,17,52,39" hai3="32,44,86,120,84,97,21,128,95,58,124,93,42"/><U5/><E69/><V132/><F121/><W40/><G32/><T90/><D119/><U49/><E100/><V109/><F109/><W38/><G120/><T6/><D113/><U20/><E74/><V82/><F39/><W99/><G124/><T47/><D126/><U88/><E78/><V53/><F127/><W116/><G116/><T125/><D106/><U65/><E131/><V60/><F132/><W108/><G108/><T15/><REACH who="0" step="1"/><D125/><REACH who="0" ten="150,276,280,284" step="2"/><U0/><E28/><V79/><F30/><W4/><G128/><T2/><D2/><U76/><E0/><V46/><F107/><W70/><G38/><T114/><D114/><U14/><E76/><V64/><F104/><W27/><G70/><T110/><D110/><U31/><E31/><V103/><F79/><W37/><G37/><T68/><D68/><U81/><E81/><V85/><F82/><W77/><G77/><T101/><D101/><U23/><E89/><V61/><F103/><W1/><G1/><T35/><D35/><U96/><E88/><V41/><F102/><W63/><G95/><T48/><D48/><U24/><E49/><V36/><F36/><W130/><G93/><T112/><D112/><U7/><E51/><V12/><F60/><W57/><G63/><T92/><D92/><U129/><E129/><V43/><F61/><W133/><G130/><T118/><D118/><U83/><E83/><V62/><F62/><W111/><G111/><T75/><D75/><U135/><E135/><V26/><F46/><W66/><G44/><T9/><D9/><U59/><E45/><V72/><F72/><RYUUKYOKU ba="0,1" sc="150,30,276,-10,280,-10,284,-10" hai0="6,8,15,33,34,47,50,80,87,90,91,94,98" /><INIT seed="6,1,1,0,4,27" ten="180,266,270,274" oya="2" hai0="108,23,88,93,35,112,129,92,30,81,57,90,22" hai1="125,5,110,55,75,43,31,36,111,59,62,74,106" hai2="53,128,0,45,40,32,99,116,94,72,85,86,50" hai3="127,100,126,130,39,77,8,119,107,47,18,16,1"/><V104/><F116/><W135/><G119/><T48/><D108/><U118/><E106/><V65/><F72/><W73/><G130/><T3/><D3/><U113/><E118/><V103/><F128/><W114/><G135/><T37/><D37/><U44/><E5/><V96/><F0/><W109/><G109/><T64/><D129/><U79/><E75/><V54/><F32/><W52/><G114/><T20/><D112/><U33/><E113/><V68/><F54/><W12/><G1/><T38/><D38/><U69/><E125/><N who="3" m="47626" /><G100/><T134/><D134/><U60/><E79/><V9/><F9/><W84/><G107/><T4/><D4/><U6/><E6/><V34/><F34/><W58/><G73/><T132/><D132/><U101/><E74/><V91/><REACH who="2" step="1"/><F53/><REACH who="2" ten="180,266,260,274" step="2"/><W10/><G10/><T61/><D35/><U121/><E111/><V11/><F11/><W19/><G8/><T17/><D22/><U63/><E110/><V51/><F51/><W67/><G52/><T66/><D48/><U2/><E2/><V117/><F117/><W14/><G39/><T15/><D66/><U25/><E63/><AGARI ba="1,2" hai="40,45,50,63,65,68,85,86,91,94,96,99,103,104" machi="63" ten="40,2000,0" yaku="1,1,53,0" doraHai="27" doraHaiUra="124" who="2" fromWho="1" sc="180,0,266,-23,260,43,274,0" /><INIT seed="6,2,0,3,5,84" ten="180,243,303,274" oya="2" hai0="124,104,60,72,66,99,100,10,17,83,97,127,75" hai1="126,33,116,43,35,54,103,59,68,36,18,61,9" hai2="37,122,114,29,7,92,115,109,93,119,8,129,73" hai3="51,90,107,23,65,81,39,3,133,62,76,106,31"/><V80/><F119/><W79/><G39/><T12/><D97/><U47/><E116/><V13/><F122/><W16/><G3/><T117/><D117/><U22/><E126/><V74/><F129/><W78/><G31/><T112/><D112/><N who="2" m="43050" /><F109/><W102/><G51/><T55/><D55/><U111/><E111/><V14/><F37/><W88/><G133/><T46/><D46/><U44/><E44/><V67/><F67/><W113/><G113/><T91/><D124/><U101/><E9/><N who="2" m="4287" /><F29/><W2/><G2/><T70/><REACH who="0" step="1"/><D127/><REACH who="0" ten="170,243,303,274" step="2"/><U30/><E30/><V95/><F80/><W98/><G81/><T128/><D128/><U94/><E94/><V108/><F108/><W77/><N who="3" m="19456" /><DORA hai="121" /><W120/><G120/><T135/><D135/><U131/><E131/><V89/><F74/><W28/><G107/><T110/><D110/><U118/><E118/><V86/><F73/><W50/><G106/><T42/><D42/><U21/><E43/><V53/><F53/><W0/><G98/><T15/><D15/><U40/><E40/><V82/><F93/><W26/><G0/><T20/><D20/><U45/><E45/><V52/><F52/><W132/><G132/><T105/><D105/><U69/><E47/><V87/><F87/><AGARI ba="2,1" hai="10,12,17,60,66,70,72,75,83,87,91,99,100,104" machi="87" ten="40,5200,0" yaku="1,1,52,1,53,1" doraHai="84,121" doraHaiUra="125,11" who="0" fromWho="2" sc="170,68,243,0,303,-58,274,0" /><INIT seed="7,0,0,1,4,23" ten="238,243,245,274" oya="3" hai0="116,40,3,94,103,90,130,104,25,128,80,108,54" hai1="106,37,32,126,92,42,81,77,44,109,114,74,72" hai2="18,135,95,17,60,26,66,107,76,35,59,124,30" hai3="122,79,39,2,67,31,68,38,50,14,134,47,46"/><W86/><G2/><T43/><D108/><U82/><E109/><V34/><F107/><W88/><G122/><T101/><D116/><U45/><E126/><V58/><F124/><W91/><G134/><T24/><D3/><U63/><E114/><V9/><F135/><W89/><G31/><T41/><D54/><U132/><E132/><V98/><F76/><W119/><G119/><T1/><D1/><U22/><E106/><V120/><F120/><W49/><G14/><T19/><D80/><U5/><E32/><V27/><F9/><W123/><G67/><T10/><D10/><U6/><E92/><V96/><F96/><W99/><G99/><T127/><D19/><N who="2" m="7178" /><F30/><W8/><G68/><T13/><D13/><U56/><E22/><V97/><F35/><W52/><G8/><T113/><D113/><U12/><E12/><V65/><F34/><W20/><G20/><T129/><D127/><U111/><E111/><V64/><F98/><W133/><G133/><T87/><D104/><U36/><E63/><N who="2" m="38007" /><F66/><W73/><G73/><T110/><REACH who="0" step="1"/><D110/><REACH who="0" ten="228,243,245,274" step="2"/><U78/><E56/><V69/><F69/><W93/><G123/><T62/><D62/><U118/><E118/><V51/><F60/><W33/><G52/><T16/><D16/><U29/><E29/><V102/><F65/><W105/><G105/><T55/><D55/><AGARI ba="0,1" hai="26,27,51,55,59,95,97,102" m="38007,7178" machi="55" ten="30,3900,0" yaku="8,1,52,2" doraHai="23" who="2" fromWho="0" sc="228,-39,243,0,245,49,274,0" /><INIT seed="8,0,0,0,4,83" ten="189,243,294,274" oya="0" hai0="35,104,22,106,64,103,93,54,123,0,59,1,118" hai1="78,73,19,97,67,18,24,28,131,62,115,47,119" hai2="69,85,32,21,4,36,125,76,39,120,15,23,31" hai3="3,45,17,81,116,91,11,99,44,27,117,51,61"/><T127/><D35/><U74/><E119/><V77/><F120/><W48/><G61/><T14/><D118/><U132/><E132/><V8/><F69/><W2/><G2/><T49/><D123/><U55/><E131/><V107/><F107/><W38/><G38/><T53/><D127/><U34/><E115/><V129/><F129/><W82/><G3/><T80/><D64/><U134/><E134/><V128/><F128/><W72/><G72/><T109/><D109/><U60/><E78/><V5/><F125/><W79/><G79/><T133/><D133/><U65/><E97/><V101/><F101/><W37/><G37/><T41/><D41/><U114/><E114/><V126/><F126/><W57/><G57/><T40/><D40/><U110/><E110/><V9/><F32/><W86/><G99/><T89/><D80/><U63/><E73/><V111/><F31/><W42/><G82/><T30/><D54/><U88/><E74/><V58/><F58/><W98/><G98/><T112/><D112/><U25/><E88/><V71/><F111/><W66/><G66/><T10/><D103/><U29/><E67/><V102/><F102/><W46/><G117/><T105/><D30/><U20/><E65/><V84/><F71/><W90/><G116/><T108/><D108/><U95/><E95/><V26/><F26/><W92/><G42/><T52/><D53/><U121/><E121/><V68/><F68/><W130/><G130/><T56/><D56/><U75/><E75/><V135/><F135/><W6/><G27/><T124/><D124/><U100/><E100/><RYUUKYOKU ba="0,0" sc="189,-15,243,15,294,15,274,-15" hai1="18,19,20,24,25,28,29,34,47,55,60,62,63" hai2="4,5,8,9,15,21,23,36,39,76,77,84,85" owari="174,-33.0,258,-14.0,309,41.0,259,6.0" /></mjloggm>