<mjloggm ver="2.3"><GO type="41" lobby="0"/><UN n0="%E3%82%BB%E3%82%B5%E3%83%AB" n1="%E5%A4%AA%E9%99%BD%E3%81%AE%E7%A5%9E" n2="%E3%81%AC%E3%81%9F" n3="%E3%82%A6%E3%83%AB%E3%83%88%E3%83%A9%E7%AB%8B%E7%9B%B4" dan="14,15,14,16" rate="1919.78,2033.22,1873.56,2054.51" sx="M,M,M,M"/><TAIKYOKU oya="0"/><INIT seed="0,0,0,2,5,88" ten="250,250,250,250" oya="0" hai0="7,20,24,63,6,115,39,112,128,29,120,14,46" hai1="36,73,94,42,2,23,92,52,84,25,122,60,34" hai2="102,64,66,21,99,18,33,32,26,77,76,79,103" hai3="121,15,49,83,100,81,58,47,97,70,22,62,117"/><T124/><D120/><U116/><E73/><V61/><F103/><W123/><G70/><T41/><D124/><U5/><E122/><V16/><F66/><W56/><G117/><T78/><D128/><U113/><E116/><V1/><F1/><W82/><G121/><T28/><D78/><U118/><E34/><V126/><F126/><W74/><G74/><T48/><D63/><U127/><E127/><V12/><F12/><W65/><G58/><T71/><D71/><U129/><E118/><V3/><F3/><W130/><G130/><T11/><D39/><U134/><E129/><V110/><F110/><W80/><G123/><T95/><D7/><U106/><E106/><V114/><F18/><W17/><G80/><T38/><D38/><U10/><E113/><V87/><F87/><W9/><G22/><T54/><D41/><U67/><E84/><V105/><REACH who="2" step="1"/><F114/><REACH who="2" ten="250,250,240,250" step="2"/><W69/><G69/><AGARI ba="0,1" hai="16,21,26,32,33,61,64,69,76,77,79,99,102,105" machi="69" ten="40,8000,1" yaku="1,1,2,1,54,1,53,2" doraHai="88" doraHaiUra="31" who="2" fromWho="3" sc="250,0,250,0,240,90,250,-80" /><INIT seed="1,0,0,2,0,25" ten="250,250,330,170" oya="1" hai0="90,86,117,35,127,97,132,21,133,13,120,19,76" hai1="30,105,126,55,103,36,77,118,27,82,6,75,121" hai2="109,99,80,5,16,85,74,60,34,46,111,17,62" hai3="7,107,69,38,130,101,51,37,84,23,26,8,29"/><U115/><E121/><V15/><F74/><W134/><G69/><T78/><D117/><U91/><E118/><V94/><F34/><W95/><G130/><T4/><D120/><U31/><E115/><V56/><F46/><W122/><G122/><T10/><D127/><U48/><E36/><V125/><F125/><W72/><G72/><T83/><D97/><N who="1" m="61679" /><E27/><V0/><F0/><W70/><G70/><T58/><D35/><U52/><E6/><V104/><F104/><W89/><G134/><N who="0" m="51819" /><D58/><N who="1" m="33031" /><E55/><N who="2" m="33823" /><F62/><W14/><REACH who="3" step="1"/><G51/><REACH who="3" ten="250,250,330,160" step="2"/><T135/><D135/><U116/><E126/><V110/><F110/><W45/><G45/><T50/><D50/><U129/><E116/><V68/><F111/><W18/><G18/><T96/><D96/><AGARI ba="0,1" hai="7,8,14,23,26,29,37,38,84,89,95,96,101,107" machi="96" ten="40,2600,0" yaku="1,1,52,1,53,0" doraHai="25" doraHaiUra="131" who="3" fromWho="0" sc="250,-26,250,0,330,0,160,36" /><INIT seed="2,0,0,5,0,15" ten="224,250,330,196" oya="2" hai0="52,24,25,93,73,121,120,17,56,31,133,69,98" hai1="76,65,72,16,126,103,12,46,96,28,23,71,22" hai2="49,61,36,64,116,127,108,79,44,124,131,32,100" hai3="6,87,123,135,45,78,101,118,83,0,11,110,62"/><V85/><F32/><W55/><G118/><T53/><D73/><U50/><E126/><N who="2" m="48171" /><F100/><W60/><G123/><T67/><D69/><U40/><E72/><V134/><F116/><W33/><G33/><T34/><D133/><U122/><E122/><V81/><F134/><W68/><G135/><T74/><D74/><U86/><E71/><N who="2" m="42383" /><F131/><W43/><G101/><T109/><D109/><U90/><E65/><V113/><F113/><W8/><G110/><T10/><D121/><U106/><E76/><V132/><F132/><W26/><G68/><T70/><D120/><U117/><E117/><V128/><F128/><W37/><G55/><T107/><D70/><U38/><E28/><V9/><F9/><W105/><G105/><T59/><D107/><U54/><E23/><V99/><F99/><W88/><G11/><T21/><D10/><U84/><REACH who="1" step="1"/><E90/><REACH who="1" ten="224,240,330,196" step="2"/><V7/><F108/><W125/><G125/><T66/><D67/><U35/><E35/><V29/><F29/><W19/><REACH who="3" step="1"/><G78/><REACH who="3" ten="224,240,330,186" step="2"/><T2/><D66/><U63/><E63/><V82/><F79/><W91/><G91/><T94/><D34/><U13/><E13/><V97/><F7/><W112/><G112/><T80/><D2/><U104/><E104/><V3/><F3/><W18/><G18/><T27/><D17/><U42/><E42/><V119/><F119/><W102/><G102/><T130/><D130/><U30/><E30/><V57/><F85/><W111/><G111/><T75/><D31/><U48/><E48/><V1/><F1/><W95/><G95/><T5/><D93/><U4/><E4/><RYUUKYOKU ba="0,2" sc="224,-15,240,15,330,-15,186,15" hai1="12,16,22,38,40,46,50,54,84,86,96,103,106" hai3="0,6,8,19,26,37,43,45,60,62,83,87,88" /><INIT seed="3,1,2,3,5,124" ten="209,255,315,201" oya="3" hai0="132,79,5,88,58,111,96,36,34,60,72,31,42" hai1="52,75,112,92,6,12,125,28,57,73,69,107,82" hai2="126,83,29,77,22,14,117,45,128,16,108,67,19" hai3="50,3,56,41,4,54,15,109,95,11,66,105,55"/><W106/><G109/><T40/><D111/><U98/><E107/><V127/><F108/><W63/><G41/><T93/><D132/><U24/><E69/><V81/><F117/><W23/><G55/><T21/><D34/><U78/><E112/><V122/><F122/><W120/><G120/><T115/><D115/><U47/><E47/><V32/><F67/><W85/><G3/><T118/><D118/><U90/><E125/><N who="2" m="47627" /><F128/><W33/><G33/><T113/><D113/><U37/><E37/><V10/><F45/><W8/><G8/><T91/><D36/><U97/><E12/><N who="2" m="9479" /><F77/><W43/><G43/><T49/><D5/><U94/><E6/><V119/><F119/><W121/><G121/><T116/><D116/><U84/><E75/><V103/><F103/><W18/><G4/><T26/><D91/><U61/><REACH who="1" step="1"/><E94/><REACH who="1" ten="209,245,315,201" step="2"/><V30/><F32/><AGARI ba="1,3" hai="24,28,32,52,57,61,73,78,82,84,90,92,97,98" machi="32" ten="30,8000,1" yaku="1,1,2,1,7,1,54,1,53,1" doraHai="124" doraHaiUra="87" who="1" fromWho="2" sc="209,0,245,113,315,-83,201,0" /><INIT seed="4,0,0,1,0,25" ten="209,358,232,201" oya="0" hai0="41,58,45,106,94,62,42,82,81,35,92,86,1" hai1="44,85,83,68,56,11,66,12,34,16,95,73,69" hai2="84,63,120,75,50,119,116,31,93,60,131,128,10" hai3="103,65,108,51,89,48,121,102,109,96,70,135,99"/><T20/><D106/><U38/><E73/><V71/><F75/><W107/><G121/><T113/><D35/><U47/><E34/><V111/><F120/><W88/><G65/><T28/><D113/><U7/><E56/><V100/><F10/><W79/><G70/><T77/><D1/><U32/><E32/><V37/><F37/><W134/><G79/><T104/><D104/><AGARI ba="0,0" hai="48,51,88,89,96,99,102,103,104,107,108,109,134,135" machi="104" ten="25,3200,0" yaku="22,2,54,1" doraHai="25" who="3" fromWho="0" sc="209,-32,358,0,232,0,201,32" /><INIT seed="5,0,0,4,4,32" ten="177,358,232,233" oya="1" hai0="5,33,51,39,118,79,122,74,94,105,3,120,43" hai1="70,114,22,31,106,82,58,76,84,67,112,121,131" hai2="88,104,116,63,77,100,24,108,30,10,40,53,46" hai3="7,15,78,99,21,71,6,134,110,8,27,109,103"/><U115/><E106/><V128/><F116/><W83/><G71/><T55/><D118/><U0/><E70/><V11/><F108/><W85/><G134/><T34/><D105/><U25/><E121/><N who="0" m="46697" /><D94/><U38/><E38/><V93/><F77/><W101/><G109/><T26/><D26/><U117/><E117/><V37/><F128/><W129/><G110/><T87/><D87/><U19/><E131/><V1/><F1/><W72/><G129/><T48/><D48/><U2/><E67/><V107/><F107/><W95/><G72/><T47/><D55/><U123/><E123/><V97/><F53/><W127/><G127/><T9/><D51/><U86/><E58/><V12/><F63/><W61/><G61/><T102/><D102/><U23/><E86/><V90/><F11/><W29/><REACH who="3" step="1"/><G101/><REACH who="3" ten="177,358,232,223" step="2"/><T92/><D92/><U125/><E125/><V65/><F104/><W45/><G45/><T20/><D20/><U124/><E124/><V66/><F90/><W119/><G119/><T69/><D69/><U4/><E4/><AGARI ba="0,1" hai="4,6,7,8,15,21,27,29,78,83,85,95,99,103" machi="4" ten="30,3900,0" yaku="1,1,7,1,8,1,53,0" doraHai="32" doraHaiUra="54" who="3" fromWho="1" sc="177,0,358,-39,232,0,223,49" /><INIT seed="6,0,0,0,5,67" ten="177,319,232,272" oya="2" hai0="58,105,116,45,112,121,2,4,5,131,60,64,133" hai1="68,6,37,81,75,46,8,84,51,107,110,79,48" hai2="38,50,44,19,54,32,43,76,111,31,78,102,115" hai3="59,41,120,125,33,83,20,30,101,99,122,113,57"/><V88/><F111/><W28/><G125/><T123/><D112/><U0/><E110/><V129/><F115/><W52/><G41/><T87/><D131/><U98/><E84/><V10/><F129/><W80/><G113/><T92/><D116/><U73/><E73/><V109/><F102/><W17/><G57/><T12/><D133/><U77/><E77/><V66/><F109/><W65/><G65/><T132/><D132/><U128/><E128/><V74/><F74/><W9/><G9/><T18/><D105/><U114/><E68/><V117/><F117/><W135/><G135/><T89/><D2/><U39/><E114/><V71/><F88/><W40/><G40/><T90/><D45/><U61/><E61/><N who="2" m="40399" /><F31/><W91/><G30/><T1/><D1/><U94/><E107/><V104/><F104/><W100/><G100/><T11/><REACH who="0" step="1"/><D90/><REACH who="0" ten="167,319,232,272" step="2"/><N who="1" m="55639" /><E39/><V130/><F130/><W55/><G91/><T7/><AGARI ba="0,1" hai="4,5,7,11,12,18,58,60,64,87,89,92,121,123" machi="7" ten="30,2000,0" yaku="1,1,0,1,53,0" doraHai="67" doraHaiUra="23" who="0" fromWho="0" sc="167,30,319,-5,232,-10,272,-5" /><INIT seed="7,0,0,1,3,42" ten="197,314,222,267" oya="3" hai0="132,48,127,96,40,97,91,11,113,66,94,109,50" hai1="110,88,10,90,45,87,86,43,116,32,19,105,71" hai2="52,89,106,34,0,49,117,98,17,13,93,92,61" hai3="58,57,125,53,44,62,5,64,27,119,84,7,78"/><W2/><G119/><T37/><D109/><U4/><E110/><V39/><F39/><W18/><G2/><T67/><D127/><U79/><E105/><V76/><F0/><W85/><G125/><T26/><D113/><U55/><E71/><V59/><F34/><W1/><G1/><T8/><D132/><U120/><E32/><V69/><F117/><W3/><G3/><T22/><D37/><U6/><E116/><V126/><F126/><W20/><G44/><T103/><D66/><U25/><E43/><V35/><F35/><W111/><G111/><T23/><D67/><U101/><E101/><V95/><F106/><W36/><G36/><T77/><D77/><U118/><E79/><V102/><F69/><W63/><REACH who="3" step="1"/><G85/><REACH who="3" ten="197,314,222,257" step="2"/><T30/><D23/><N who="1" m="13567" /><E118/><V122/><F122/><W46/><G46/><T133/><D133/><U115/><E115/><V108/><F108/><W82/><AGARI ba="0,1" hai="5,7,18,20,27,53,57,58,62,63,64,78,82,84" machi="82" ten="30,6000,0" yaku="1,1,0,1,8,1,53,0" doraHai="42" doraHaiUra="112" who="3" fromWho="3" sc="197,-20,314,-20,222,-20,257,70" owari="177,-32.0,294,9.0,202,-20.0,327,43.0" /></mjloggm>