<mjloggm ver="2.3"><GO type="225" lobby="0"/><UN n0="%E7%99%BD%E6%B0%B4%E3%82%82%E3%81%AB" n1="%6E%61%72%72%6F%77%31%39" n2="%E8%97%8D%E5%B7%9D%E7%B5%86" n3="%E3%82%A6%E3%83%AB%E3%83%88%E3%83%A9%E7%AB%8B%E7%9B%B4" dan="17,16,17,16" rate="2140.62,2087.64,2110.93,2016.40" sx="F,F,F,M"/><TAIKYOKU oya="0"/><INIT seed="0,0,0,5,1,31" ten="250,250,250,250" oya="0" hai0="51,116,27,19,53,95,100,129,39,105,37,13,66" hai1="85,106,16,35,125,54,72,124,5,114,128,113,78" hai2="33,44,91,93,101,11,60,73,50,77,103,52,115" hai3="24,38,84,3,134,67,8,7,14,32,10,96,1"/><T80/><D116/><U108/><E106/><V121/><F115/><N who="1" m="44041" /><E72/><V30/><F121/><W46/><G67/><T23/><D105/><U107/><E107/><V58/><F11/><N who="3" m="4479" /><G84/><T127/><D127/><N who="1" m="48715" /><E5/><V34/><F77/><W110/><G46/><T109/><D129/><U87/><E128/><V123/><F73/><W86/><G38/><T42/><D39/><U131/><E131/><V36/><F36/><W104/><G86/><N who="1" m="32778" /><E78/><V89/><F123/><W6/><G104/><T117/><D37/><U48/><E108/><V28/><F28/><N who="3" m="19463" /><G96/><T57/><D109/><U90/><E90/><V20/><F91/><W61/><G61/><T75/><D75/><U64/><E64/><V56/><F89/><W98/><G98/><T0/><D66/><U55/><E35/><V81/><F34/><W22/><G110/><T45/><D100/><U29/><E29/><V71/><F33/><W69/><G22/><T92/><D23/><U83/><E83/><V111/><F81/><W68/><G6/><T135/><D80/><U126/><N who="1" m="48723" /><U122/><DORA hai="65" /><E122/><V49/><F111/><W119/><G8/><T88/><D88/><U59/><E55/><N who="2" m="30119" /><F20/><W18/><G10/><T21/><D21/><U43/><E43/><V76/><F76/><W70/><G18/><AGARI ba="0,0" hai="16,18,48,54,59" m="32778,48723,44041" machi="18" ten="50,6400,0" yaku="11,1,18,1,54,1" doraHai="31,65" who="1" fromWho="3" sc="250,0,250,64,250,0,250,-64" /><INIT seed="1,0,0,5,1,133" ten="250,314,250,186" oya="1" hai0="19,38,113,22,134,92,109,123,72,34,13,86,107" hai1="35,135,65,33,87,47,23,52,94,0,118,77,114" hai2="104,27,81,71,48,17,10,73,67,2,25,1,46" hai3="130,9,14,105,103,108,28,84,63,32,49,129,68"/><U60/><E118/><V69/><F104/><W111/><G103/><T93/><D107/><U89/><E135/><V124/><F124/><W106/><G84/><T125/><D113/><U91/><E114/><V39/><F39/><W61/><G106/><T41/><D72/><U120/><E120/><V70/><F67/><W128/><G105/><T96/><D134/><U26/><E0/><V83/><F2/><W80/><G80/><T21/><D34/><U51/><E77/><V31/><F73/><W29/><G49/><T59/><D109/><N who="3" m="42057" /><G32/><T82/><D82/><U112/><E91/><V8/><F83/><W6/><G68/><T37/><D86/><U62/><E62/><AGARI ba="0,0" hai="6,9,14,28,29,61,62,63,128,129,130" m="42057" machi="62" ten="40,2600,0" yaku="19,1,14,1" doraHai="133" who="3" fromWho="1" sc="250,0,314,-26,250,0,186,26" /><INIT seed="2,0,0,5,5,91" ten="250,288,250,212" oya="2" hai0="42,93,51,38,18,15,35,86,24,28,40,117,8" hai1="47,63,27,116,13,107,45,41,88,17,78,133,84" hai2="105,100,23,124,66,82,72,50,87,20,132,71,120" hai3="11,80,92,57,85,36,97,56,19,94,31,33,101"/><V135/><F120/><W44/><G36/><T126/><D126/><U69/><E116/><V49/><F72/><W21/><G33/><T26/><D117/><U128/><E78/><V58/><F71/><W22/><G44/><T3/><D38/><U74/><E74/><V83/><F124/><W109/><G109/><T134/><D134/><N who="2" m="51242" /><F100/><W52/><G57/><T46/><D24/><U121/><E133/><V112/><F105/><W130/><G130/><T96/><D86/><U104/><E121/><V77/><F112/><W53/><G53/><T67/><D67/><U111/><E128/><V127/><F127/><W62/><G31/><T125/><D125/><U32/><E111/><V98/><F98/><W60/><G60/><T34/><D3/><U110/><E110/><V95/><F82/><W65/><G65/><T48/><D35/><U59/><E69/><V2/><F2/><W0/><G92/><T73/><D73/><U5/><E107/><V123/><F95/><W106/><G106/><T119/><D119/><U118/><E104/><V108/><F123/><W68/><G68/><T70/><D70/><U79/><E118/><V1/><F1/><W12/><G0/><T55/><REACH who="0" step="1"/><D51/><REACH who="0" ten="240,288,250,212" step="2"/><N who="2" m="19466" /><F108/><W113/><G113/><T4/><D4/><U102/><E5/><V75/><F75/><W122/><G122/><T30/><D30/><U7/><E7/><V131/><F131/><W10/><REACH who="3" step="1"/><G22/><REACH who="3" ten="240,288,250,202" step="2"/><T14/><D14/><U90/><E13/><V114/><F114/><W81/><G81/><T37/><D37/><U61/><E32/><V103/><F66/><W25/><G25/><RYUUKYOKU ba="0,2" sc="240,15,288,-15,250,-15,202,15" hai0="8,15,18,26,28,34,40,42,46,48,55,93,96" hai3="10,11,12,19,21,52,56,62,80,85,94,97,101" /><INIT seed="3,1,2,2,3,73" ten="255,273,235,217" oya="3" hai0="36,86,133,61,132,3,48,18,93,99,70,52,50" hai1="10,66,120,37,74,59,56,125,68,76,21,24,25" hai2="43,82,35,40,104,105,81,46,90,103,112,22,38" hai3="121,55,127,91,67,16,117,118,23,71,72,129,97"/><W94/><G121/><T80/><D36/><U33/><E120/><V26/><F112/><W119/><G72/><T65/><D3/><U63/><E37/><V20/><F35/><W108/><G127/><T7/><D7/><U44/><E44/><V45/><F20/><W106/><G106/><T30/><D30/><U131/><E125/><V134/><F134/><N who="0" m="51818" /><D18/><U27/><E10/><V88/><F103/><W111/><G129/><T100/><D52/><U5/><E131/><V62/><F62/><W98/><G55/><T110/><D110/><N who="3" m="42025" /><G67/><T92/><D92/><U2/><E2/><V57/><F104/><W101/><G71/><T28/><D28/><U95/><E5/><V114/><F105/><N who="3" m="63663" /><G119/><T107/><D107/><U34/><E95/><V115/><F115/><W31/><G31/><T42/><D42/><U60/><E68/><V17/><F114/><W14/><AGARI ba="1,2" hai="14,16,23,91,94,98,117,118" m="63663,42025" machi="14" ten="30,6000,0" yaku="14,1,10,1,54,1" doraHai="73" who="3" fromWho="3" sc="255,-21,273,-21,235,-21,217,83" owari="234,-17.0,252,5.0,214,-29.0,300,41.0" /></mjloggm>