<mjloggm ver="2.3"><GO type="97" lobby="0"/><UN n0="%E3%82%A6%E3%83%AB%E3%83%88%E3%83%A9%E7%AB%8B%E7%9B%B4" n1="%E5%8F%A4%E6%B2%A2%E4%BA%9C%E7%B4%94" n2="%7A%69%6B%6B%65%33%34" n3="%67%75%70%70%79%39%38" dan="15,15,13,14" rate="1968.80,1945.93,1849.49,1934.18" sx="M,F,M,M"/><TAIKYOKU oya="0"/><INIT seed="0,0,0,3,1,65" ten="250,250,250,250" oya="0" hai0="113,59,92,72,21,7,114,38,12,135,110,61,128" hai1="82,37,111,88,22,50,39,107,19,79,120,100,51" hai2="27,81,58,102,121,25,56,103,115,44,132,24,48" hai3="127,9,125,33,126,63,104,85,78,30,74,124,116"/><T60/><D72/><U119/><E120/><V101/><F121/><W55/><G116/><T31/><D38/><U131/><E119/><V23/><F115/><W6/><G74/><T67/><D114/><U98/><E111/><V62/><F132/><W133/><G133/><T91/><D113/><U122/><E122/><V5/><F5/><W87/><G104/><T86/><D135/><U93/><E131/><V105/><F105/><W109/><G109/><T80/><D128/><U26/><E39/><V77/><F23/><W42/><G42/><T96/><D110/><U94/><E94/><V35/><F35/><W46/><N who="3" m="32256" /><DORA hai="20" /><W76/><G30/><T49/><D49/><U99/><REACH who="1" step="1"/><E37/><REACH who="1" ten="250,240,250,250" step="2"/><V10/><F62/><W134/><G134/><T70/><D61/><U130/><E130/><V95/><F95/><W90/><G63/><T75/><D70/><U36/><E36/><V29/><F29/><W16/><G33/><T3/><D3/><U66/><E66/><V64/><F64/><W53/><G6/><T84/><D7/><U68/><E68/><V2/><F2/><W18/><G9/><T0/><D0/><U52/><E52/><N who="3" m="20042" /><G46/><T34/><D34/><U83/><E83/><V118/><F10/><W73/><G73/><AGARI ba="0,1" hai="19,22,26,50,51,73,79,82,88,93,98,99,100,107" machi="73" ten="30,8000,1" yaku="1,1,7,1,52,1,54,1,53,1" doraHai="65,20" doraHaiUra="106,4" who="1" fromWho="3" sc="250,0,240,90,250,0,250,-80" /><INIT seed="1,0,0,2,2,91" ten="250,330,250,170" oya="1" hai0="41,103,35,124,57,51,7,107,66,24,61,9,86" hai1="11,47,31,114,58,135,80,10,60,48,111,69,90" hai2="30,128,19,16,89,125,110,37,119,8,102,123,23" hai3="34,43,62,40,98,104,85,68,74,83,4,134,81"/><U33/><E69/><V77/><F123/><W82/><G134/><T26/><D124/><U13/><E13/><V88/><F119/><W15/><G34/><T21/><D35/><U79/><E90/><V49/><F37/><W133/><G133/><T72/><D72/><U73/><E114/><V14/><F125/><W95/><G104/><T121/><D121/><U63/><E63/><V108/><F77/><W46/><G74/><T112/><D112/><U6/><E6/><V132/><F132/><W3/><G3/><T78/><D107/><U28/><E28/><V12/><F128/><W109/><G109/><N who="2" m="42089" /><F30/><W25/><G68/><T105/><D105/><U27/><E111/><V113/><F113/><W36/><G40/><T29/><D26/><U54/><E135/><V44/><F102/><W93/><G25/><T116/><D103/><U1/><E1/><V122/><F122/><W87/><G62/><T64/><D116/><U32/><REACH who="1" step="1"/><E33/><REACH who="1" ten="250,320,250,170" step="2"/><V96/><F96/><W131/><G131/><T100/><D29/><U59/><E59/><V75/><F75/><W71/><G71/><T115/><D57/><U126/><E126/><V106/><F106/><W18/><G4/><T50/><D7/><U39/><E39/><V55/><AGARI ba="0,1" hai="8,12,14,16,19,23,44,49,55,88,89" m="42089" machi="55" ten="30,4000,0" yaku="14,1,54,2" doraHai="91" who="2" fromWho="2" sc="250,-10,320,-20,250,50,170,-10" /><INIT seed="2,0,0,1,5,120" ten="240,300,300,160" oya="2" hai0="65,115,5,119,22,53,89,9,84,6,35,114,106" hai1="26,31,134,131,93,16,100,113,96,82,40,95,123" hai2="49,90,88,125,7,107,76,14,54,1,39,85,73" hai3="94,45,81,92,64,38,32,42,91,68,59,20,10"/><V44/><F125/><W30/><G32/><T99/><D35/><U97/><E113/><V51/><F107/><W102/><G68/><T126/><D126/><U132/><E131/><V111/><F39/><W129/><G129/><T83/><D119/><U58/><E123/><V41/><F1/><W18/><G81/><T48/><D65/><U105/><E82/><N who="2" m="47303" /><F73/><W15/><G102/><T50/><D106/><U87/><E40/><V47/><F111/><W8/><G30/><T66/><D66/><U75/><E75/><V133/><F133/><N who="1" m="51305" /><E87/><V23/><F23/><W122/><G122/><T63/><D114/><U135/><E97/><V62/><F62/><W101/><G101/><T79/><D115/><U98/><E98/><V25/><F25/><W121/><G121/><T19/><D9/><AGARI ba="0,0" hai="7,9,14,41,44,47,49,51,54,88,90" m="47303" machi="9" ten="30,5800,0" yaku="25,1,8,1,54,1" doraHai="120" who="2" fromWho="0" sc="240,-58,300,0,300,58,160,0" /><INIT seed="2,1,0,1,4,114" ten="182,300,358,160" oya="2" hai0="37,8,69,67,111,79,84,21,26,112,62,1,130" hai1="131,83,120,25,105,113,89,101,82,56,104,103,76" hai2="60,96,38,134,133,124,119,126,78,102,123,118,117" hai3="97,32,91,52,95,45,116,42,3,9,48,13,90"/><V99/><F38/><W29/><G3/><T72/><D112/><U107/><E56/><V44/><F44/><W24/><G116/><T110/><D130/><U54/><E54/><V122/><F60/><W68/><G68/><T20/><D37/><U74/><E25/><V81/><F81/><W71/><G71/><T53/><D72/><U98/><E113/><V46/><F46/><W66/><G66/><T40/><D40/><U23/><E23/><V34/><F78/><W39/><G39/><T63/><D21/><U132/><E131/><V49/><F49/><W127/><G127/><N who="2" m="48681" /><F34/><W73/><G73/><T16/><D62/><U43/><E43/><V92/><F99/><W75/><G75/><T2/><D53/><U88/><E132/><AGARI ba="1,0" hai="92,96,102,117,118,119,122,123,132,133,134" m="48681" machi="132" ten="40,18000,2" yaku="20,1,18,1,34,2,52,3" doraHai="114" who="2" fromWho="1" sc="182,0,300,-183,358,183,160,0" /><INIT seed="2,2,0,4,0,0" ten="182,117,541,160" oya="2" hai0="113,114,40,120,15,31,75,78,59,37,51,54,76" hai1="81,42,131,103,72,112,43,45,26,33,53,50,5" hai2="24,46,122,10,118,48,128,49,1,35,9,135,61" hai3="80,134,66,104,93,94,100,8,82,99,86,18,2"/><V106/><F122/><W69/><G134/><T41/><D120/><U116/><E112/><V71/><F118/><W127/><G127/><T14/><D75/><U96/><E116/><V110/><F106/><W129/><G129/><T88/><D37/><U109/><E131/><V44/><F128/><W87/><G66/><T38/><D38/><U63/><E109/><V47/><F135/><W108/><G69/><T20/><D114/><U126/><E126/><V29/><F110/><W68/><G68/><T85/><D113/><U27/><E27/><V95/><F95/><N who="3" m="36363" /><G18/><N who="0" m="10335" /><D31/><U132/><E132/><V23/><F35/><W115/><G8/><T62/><D14/><U11/><E63/><V101/><F101/><W74/><G2/><T52/><D76/><U83/><E33/><V77/><F77/><N who="3" m="44087" /><G108/><T67/><D78/><U19/><E72/><V64/><F10/><W36/><G36/><T13/><D13/><U22/><E43/><N who="0" m="16457" /><D51/><U25/><E25/><V102/><REACH who="2" step="1"/><F102/><REACH who="2" ten="182,117,531,160" step="2"/><W105/><G115/><T97/><D97/><U55/><E103/><V133/><F133/><W119/><G105/><T65/><D65/><U6/><E11/><V89/><F89/><N who="3" m="51415" /><G119/><T92/><AGARI ba="2,1" hai="52,54,59,62,67,85,88,92" m="16457,10335" machi="92" ten="30,4000,0" yaku="8,1,54,2" doraHai="0" who="0" fromWho="0" sc="182,56,117,-12,531,-22,160,-12" /><INIT seed="3,0,0,3,0,18" ten="238,105,509,148" oya="3" hai0="66,38,93,105,3,68,78,85,10,70,77,99,100" hai1="114,52,17,124,33,102,97,106,84,121,113,2,135" hai2="64,55,81,40,24,73,123,1,119,32,42,28,115" hai3="74,8,53,21,86,57,26,104,45,87,101,79,34"/><W12/><G34/><T69/><D93/><U16/><E121/><V62/><F119/><W95/><G45/><T43/><D85/><U35/><E2/><V63/><F115/><W39/><G39/><T7/><D78/><U15/><E135/><V36/><F123/><W117/><G117/><T126/><D77/><U59/><E124/><V11/><F36/><W83/><G104/><T51/><D51/><U110/><E110/><V5/><F55/><W29/><G101/><T91/><D91/><U90/><E33/><V129/><F62/><W127/><G127/><T46/><REACH who="0" step="1"/><D126/><REACH who="0" ten="228,105,509,148" step="2"/><U80/><E35/><V22/><F129/><W47/><G95/><T30/><D30/><U107/><E107/><V92/><F32/><W132/><G132/><T134/><D134/><U19/><REACH who="1" step="1"/><E15/><REACH who="1" ten="228,95,509,148" step="2"/><V130/><F130/><W122/><G122/><T118/><D118/><U94/><E94/><V109/><F92/><W60/><REACH who="3" step="1"/><G47/><REACH who="3" ten="228,95,509,138" step="2"/><T128/><D128/><U54/><E54/><V82/><F1/><W65/><G65/><AGARI ba="0,3" hai="3,7,10,38,43,46,65,66,68,69,70,99,100,105" machi="65" ten="40,1300,0" yaku="1,1,53,0" doraHai="18" doraHaiUra="49" who="0" fromWho="3" sc="228,43,95,0,509,0,138,-13" owari="271,7.0,95,-40.0,509,60.0,125,-27.0" /></mjloggm>