<mjloggm ver="2.3"><GO type="97" lobby="0"/><UN n0="%E3%82%A6%E3%83%AB%E3%83%88%E3%83%A9%E7%AB%8B%E7%9B%B4" n1="%E3%81%B3%E3%82%88%E3%81%93" n2="%68%6B%75%63%6C%69%6F%6E" n3="%E3%81%A1%E3%81%8B%EF%BC%A0" dan="15,14,13,13" rate="1975.35,1886.66,1875.51,1992.95" sx="M,M,M,M"/><TAIKYOKU oya="0"/><INIT seed="0,0,0,4,4,16" ten="250,250,250,250" oya="0" hai0="98,19,12,1,91,92,46,44,35,20,132,105,45" hai1="62,107,68,121,87,64,40,52,104,100,70,109,54" hai2="124,43,96,65,115,24,97,14,3,129,22,78,34" hai3="4,111,130,133,27,8,31,37,73,116,50,63,23"/><T38/><D1/><U47/><E121/><V88/><F3/><W69/><G73/><T76/><D35/><U86/><E109/><V77/><F115/><W122/><G37/><T119/><D119/><U30/><E30/><V135/><F135/><W134/><G116/><T106/><D132/><N who="3" m="50793" /><G69/><T60/><D38/><U48/><E68/><V120/><F120/><W83/><G63/><T57/><REACH who="0" step="1"/><D76/><REACH who="0" ten="240,250,250,250" step="2"/><U117/><E117/><V32/><F77/><W17/><G122/><T56/><D56/><U84/><E70/><V81/><F78/><W5/><G83/><T85/><D85/><U36/><E86/><V29/><F81/><W25/><G111/><T59/><D59/><U67/><E84/><V41/><F96/><W127/><G50/><T55/><AGARI ba="0,1" hai="12,19,20,44,45,46,55,57,60,91,92,98,105,106" machi="55" ten="30,11700,0" yaku="1,1,0,1,52,1,53,1" doraHai="16" doraHaiUra="18" who="0" fromWho="0" sc="240,127,250,-39,250,-39,250,-39" /><INIT seed="0,1,0,1,5,127" ten="367,211,211,211" oya="0" hai0="110,31,29,121,112,2,51,10,81,135,114,49,50" hai1="7,102,111,122,94,55,105,64,103,18,78,71,89" hai2="133,13,73,86,108,62,115,107,4,1,118,17,57" hai3="95,82,37,116,12,25,59,0,100,30,8,26,20"/><T56/><D121/><U21/><E122/><V124/><F108/><W70/><G37/><T38/><D38/><U40/><E7/><V42/><F115/><W131/><G70/><T32/><D110/><U58/><E40/><V125/><F73/><W119/><G82/><T96/><D135/><U98/><E111/><V80/><F133/><W41/><G41/><T35/><D56/><U126/><E126/><V9/><F42/><W132/><G100/><T93/><D81/><U24/><E78/><V83/><F107/><W68/><G95/><T69/><D69/><U52/><E71/><V36/><F36/><W23/><G68/><T43/><D43/><U65/><E55/><V90/><F124/><W67/><G67/><N who="1" m="25674" /><E105/><V134/><F125/><W6/><G59/><T63/><D63/><AGARI ba="1,0" hai="18,21,24,52,58,63,89,94,98,102,103" m="25674" machi="63" ten="30,3900,0" yaku="25,1,8,1,54,1" doraHai="127" who="1" fromWho="0" sc="367,-42,211,42,211,0,211,0" /><INIT seed="1,0,0,2,1,8" ten="325,253,211,211" oya="1" hai0="70,130,124,94,86,73,65,53,128,129,1,115,98" hai1="93,24,37,104,132,20,134,54,79,29,35,78,121" hai2="33,57,97,92,102,40,25,89,75,43,103,9,51" hai3="34,119,11,85,107,80,28,55,81,71,109,82,47"/><U120/><E37/><V127/><F75/><W21/><G71/><T90/><D1/><U135/><E104/><V59/><F127/><W50/><G107/><T48/><D73/><U22/><E93/><V77/><F77/><N who="1" m="29193" /><E54/><V14/><F25/><N who="3" m="16431" /><G34/><T19/><D124/><U122/><AGARI ba="0,0" hai="20,22,24,29,35,120,121,122,132,134,135" m="29193" machi="122" ten="40,2100,0" yaku="20,1" doraHai="8" who="1" fromWho="1" sc="325,-7,253,21,211,-7,211,-7" /><INIT seed="1,1,0,1,3,25" ten="318,274,204,204" oya="1" hai0="88,48,133,22,84,73,32,51,1,55,34,89,83" hai1="9,44,18,38,57,85,86,27,0,50,130,40,132" hai2="90,112,87,17,125,46,16,39,94,91,107,104,69" hai3="82,70,122,61,67,26,127,66,106,4,62,7,77"/><U19/><E132/><V74/><F74/><W93/><G122/><T33/><D1/><U35/><E130/><V52/><F69/><W64/><G127/><T108/><D133/><U95/><E0/><V31/><F125/><W15/><G106/><T113/><D113/><U68/><E68/><V78/><F78/><W41/><G41/><T53/><D73/><U134/><E134/><V97/><F112/><W10/><G93/><T20/><D108/><U23/><E35/><V123/><F123/><W99/><G99/><T96/><D96/><U14/><E38/><V116/><F39/><W129/><G129/><T6/><D6/><U135/><E135/><V5/><F5/><W118/><G118/><T131/><D131/><U63/><REACH who="1" step="1"/><E95/><REACH who="1" ten="318,264,204,204" step="2"/><N who="2" m="54751" /><F104/><W58/><G67/><AGARI ba="1,1" hai="9,14,18,19,23,27,40,44,50,57,63,67,85,86" machi="67" ten="30,11600,0" yaku="1,1,7,1,8,1,53,1" doraHai="25" doraHaiUra="45" who="1" fromWho="3" sc="318,0,264,129,204,0,204,-119" /><INIT seed="1,2,0,0,5,39" ten="318,393,204,85" oya="1" hai0="38,101,1,41,57,69,124,51,59,80,27,118,58" hai1="108,34,46,77,95,21,112,123,15,6,42,17,84" hai2="78,79,76,94,90,122,61,20,133,116,82,37,81" hai3="126,19,29,113,56,23,50,44,66,134,35,12,100"/><U65/><E112/><V45/><F61/><W73/><G113/><T99/><D1/><U96/><E96/><N who="2" m="57431" /><F45/><W98/><G73/><T75/><D69/><U102/><E123/><V111/><F37/><W135/><G126/><T64/><D38/><U110/><E34/><V13/><F13/><W16/><G35/><T83/><D124/><U129/><E6/><V53/><F53/><W3/><G3/><T25/><D64/><U131/><E65/><V132/><F20/><W128/><G128/><N who="1" m="49226" /><E102/><V104/><F122/><W120/><G120/><T97/><D118/><U24/><E15/><V36/><F36/><W109/><G109/><N who="1" m="42090" /><E77/><V18/><F111/><W130/><G130/><T114/><D25/><U30/><E30/><V105/><F116/><W26/><G66/><T62/><D27/><U115/><E115/><V106/><F18/><W55/><G56/><T103/><D114/><U33/><E33/><V31/><F31/><W119/><G119/><T70/><D59/><U85/><E95/><V60/><F60/><W32/><REACH who="3" step="1"/><G19/><REACH who="3" ten="318,393,204,75" step="2"/><T89/><D58/><U22/><E22/><V40/><F81/><W48/><G48/><AGARI ba="2,1" hai="17,21,24,42,46,48,84,85" m="42090,49226" machi="48" ten="30,11600,0" yaku="19,1,14,1,10,1,52,1" doraHai="39" who="1" fromWho="3" sc="318,0,393,132,204,0,75,-122" owari="318,12.0,525,63.0,204,-20.0,-47,-55.0" /></mjloggm>