<mjloggm ver="2.3"><GO type="169" lobby="0"/><UN n0="%47%33%E9%BE%8D%E9%96%80" n1="%E3%81%A8%E3%81%AA%E3%81%BF" n2="%E4%BF%A1%E7%94%B7" n3="%E3%82%A6%E3%83%AB%E3%83%88%E3%83%A9%E7%AB%8B%E7%9B%B4" dan="18,17,16,17" rate="2205.44,2183.85,2068.59,2060.39" sx="M,M,F,M"/><TAIKYOKU oya="0"/><INIT seed="0,0,0,1,3,56" ten="250,250,250,250" oya="0" hai0="39,114,22,78,133,107,5,111,47,19,11,86,67" hai1="95,34,87,7,48,43,126,50,105,128,16,80,101" hai2="20,35,82,123,44,33,58,32,10,117,73,6,61" hai3="130,46,45,121,72,83,18,104,109,13,14,4,116"/><T119/><D119/><U29/><E105/><V38/><F123/><W53/><G104/><T120/><D120/><U134/><E7/><V125/><F117/><W118/><G121/><T23/><D114/><U66/><E134/><V89/><F125/><W113/><G113/><T3/><D133/><U0/><E0/><V63/><F20/><W37/><G72/><T131/><D131/><U103/><E126/><V59/><F38/><W99/><G37/><T30/><D107/><U85/><E128/><V64/><F44/><W27/><G109/><T115/><D115/><U41/><E29/><V17/><F17/><W94/><G130/><T100/><D100/><U124/><E34/><V106/><F106/><W28/><G118/><T70/><D70/><U65/><E124/><V62/><F64/><W9/><G83/><N who="0" m="47479" /><D67/><U26/><E26/><V81/><F82/><W36/><G36/><T55/><D39/><U90/><E80/><V122/><F122/><W135/><G135/><T57/><D47/><U25/><E25/><V84/><REACH who="2" step="1"/><F73/><REACH who="2" ten="250,250,240,250" step="2"/><W49/><G46/><T91/><D23/><U88/><E95/><V74/><F74/><W97/><G116/><T127/><D127/><U54/><E54/><V12/><AGARI ba="0,1" hai="6,10,12,32,33,35,58,59,61,62,63,81,84,89" machi="12" ten="40,8000,1" yaku="1,1,0,1,52,3,53,0" doraHai="56" doraHaiUra="112" who="2" fromWho="2" sc="250,-40,250,-20,240,90,250,-20" /><INIT seed="1,0,0,2,3,119" ten="210,230,330,230" oya="1" hai0="15,126,48,52,57,30,54,117,49,107,0,67,133" hai1="116,50,84,17,68,94,80,122,16,129,33,14,114" hai2="73,22,99,70,77,123,102,9,64,53,111,36,108" hai3="93,8,89,29,106,41,35,31,130,112,131,42,56"/><U44/><E68/><V69/><F36/><W12/><G106/><T105/><D117/><U132/><E33/><V63/><F70/><W95/><G56/><T20/><D0/><U6/><E114/><V120/><F53/><W121/><G112/><T4/><D67/><U96/><E132/><V103/><F9/><W21/><G21/><T88/><D133/><U18/><E129/><V62/><F22/><W87/><G95/><T128/><D128/><N who="3" m="49193" /><G35/><T5/><D126/><U11/><E116/><V134/><F134/><W46/><G121/><N who="2" m="46665" /><F63/><W92/><G92/><T85/><D107/><U37/><E37/><V13/><F13/><W51/><G42/><T76/><D76/><U91/><E122/><V124/><F124/><W78/><G78/><T2/><D2/><U60/><E60/><V66/><F66/><W110/><G31/><T74/><D74/><U61/><E61/><V34/><F34/><W109/><G29/><T27/><D105/><U32/><E32/><V1/><F1/><W98/><G98/><T55/><D15/><U71/><E71/><V10/><F10/><W7/><AGARI ba="0,0" hai="7,8,12,41,46,51,87,89,93,109,110" m="49193" machi="7" ten="30,1100,0" yaku="19,1" doraHai="119" who="3" fromWho="3" sc="210,-3,230,-5,330,-3,230,11" /><INIT seed="2,0,0,2,2,90" ten="207,225,327,241" oya="2" hai0="42,81,10,4,57,43,5,109,134,12,115,33,70" hai1="107,61,132,67,50,117,131,135,92,73,95,66,54" hai2="106,119,85,49,83,102,75,37,118,29,80,51,121" hai3="55,17,112,24,69,123,58,26,8,47,0,65,104"/><V20/><F121/><W124/><G123/><T68/><D109/><U127/><E107/><V22/><F37/><W76/><G124/><T79/><D115/><U9/><E73/><V19/><F75/><W7/><G104/><T44/><D134/><N who="1" m="51243" /><E127/><V38/><F38/><W113/><G69/><T93/><D33/><U11/><E131/><V13/><F83/><W130/><G130/><T46/><D93/><N who="1" m="35915" /><E117/><V128/><F128/><W25/><G112/><T78/><D57/><N who="1" m="32983" /><E67/><V97/><F118/><W28/><G65/><T125/><D125/><U94/><N who="1" m="35923" /><U74/><DORA hai="52" /><E74/><V111/><F119/><W6/><G113/><T89/><D68/><AGARI ba="0,0" hai="9,11,61,66,68" m="32983,35923,51243" machi="68" ten="40,12000,2" yaku="20,1,52,5" doraHai="90,52" who="1" fromWho="0" sc="207,-120,225,120,327,0,241,0" /><INIT seed="3,0,0,4,2,92" ten="87,345,327,241" oya="3" hai0="77,50,130,122,133,38,117,67,108,111,45,79,105" hai1="113,54,118,27,90,102,44,63,112,51,8,103,56" hai2="125,53,82,47,43,135,73,86,49,101,94,36,39" hai3="110,100,69,129,123,22,78,61,46,93,124,89,115"/><W74/><G123/><T126/><D67/><U9/><E118/><V15/><F125/><W97/><G115/><T91/><D91/><U11/><E27/><V120/><F135/><W19/><G124/><T96/><D96/><U66/><E113/><V85/><F120/><W75/><G129/><T23/><D23/><U0/><E0/><V99/><F73/><W128/><G128/><T58/><D58/><U41/><E112/><V55/><F15/><W87/><G110/><T64/><D64/><U13/><E13/><V62/><F85/><W52/><G78/><T131/><D50/><U72/><E72/><V104/><F104/><W65/><G46/><T107/><D45/><U28/><E28/><V1/><F1/><W6/><G6/><T24/><D24/><U88/><E103/><V83/><F83/><W25/><REACH who="3" step="1"/><G52/><REACH who="3" ten="87,345,327,231" step="2"/><T18/><D126/><U26/><E54/><V29/><F53/><W3/><G3/><T37/><D122/><U132/><E44/><V70/><F55/><W33/><G33/><T84/><D130/><U48/><E63/><V116/><F116/><W121/><G121/><T68/><D131/><U12/><E51/><V31/><F62/><W119/><G119/><T21/><D117/><U81/><E48/><V34/><F34/><W42/><G42/><T40/><D40/><U134/><E41/><V80/><F39/><W10/><G10/><T59/><D37/><U2/><E11/><V35/><F36/><W14/><G14/><T7/><D38/><U98/><E2/><V17/><F35/><W20/><G20/><T4/><D21/><RYUUKYOKU ba="0,1" sc="87,-10,345,-10,327,-10,231,30" hai3="19,22,25,61,65,69,74,75,87,89,93,97,100" /><INIT seed="3,1,1,5,0,88" ten="77,335,317,261" oya="3" hai0="73,85,47,112,91,35,17,100,25,94,63,57,120" hai1="106,23,22,42,7,129,24,21,93,98,26,70,41" hai2="2,74,9,43,126,67,28,82,105,110,52,128,51" hai3="134,10,66,59,79,83,16,115,89,124,127,90,48"/><W58/><G115/><T72/><D120/><U101/><E70/><V18/><F105/><W32/><G32/><T77/><D112/><U55/><E129/><V87/><F128/><W40/><G59/><T8/><D77/><U37/><E7/><V121/><F74/><W27/><G134/><T95/><D47/><U46/><E42/><V1/><F110/><W119/><G119/><T84/><D35/><U34/><E34/><V86/><F126/><N who="3" m="48171" /><G40/><T92/><D100/><U69/><E69/><V81/><F43/><W11/><G11/><T4/><D17/><U3/><E3/><V60/><F121/><W104/><G104/><T99/><D25/><U54/><E106/><V13/><F28/><W20/><G10/><T122/><D122/><U38/><E38/><V39/><F39/><W114/><G114/><T71/><D71/><U68/><E68/><V133/><F133/><W107/><G107/><T64/><D99/><U135/><E135/><V15/><F1/><W50/><G50/><T123/><D123/><U97/><E97/><V78/><F2/><W75/><G48/><T130/><D130/><U65/><E65/><V5/><F67/><W102/><G102/><T108/><D108/><U113/><E113/><V116/><F116/><W12/><G27/><T36/><D36/><U49/><E37/><V109/><F109/><W44/><G44/><T53/><D64/><U19/><E22/><N who="2" m="11615" /><F60/><AGARI ba="1,1" hai="12,16,20,58,60,66,75,79,83,89,90" m="48171" machi="60" ten="30,2900,0" yaku="18,1,54,1" doraHai="88" who="3" fromWho="2" sc="77,0,335,0,317,-32,261,42" /><INIT seed="3,2,0,4,2,44" ten="77,335,285,303" oya="3" hai0="28,89,38,16,34,65,51,127,59,24,58,41,126" hai1="21,74,130,97,92,106,61,135,75,80,94,50,115" hai2="11,134,77,114,23,18,103,133,113,79,37,124,53" hai3="63,84,78,43,88,46,22,99,5,105,62,42,119"/><W40/><G119/><T33/><D33/><U91/><E106/><V14/><F37/><W73/><G5/><T122/><D122/><U107/><E107/><V131/><F103/><W93/><G22/><T123/><D123/><U48/><E115/><V19/><F77/><W60/><G73/><T17/><D38/><U56/><E135/><N who="2" m="51723" /><F79/><W29/><G29/><T116/><D116/><U81/><E130/><V8/><F131/><W129/><G129/><T64/><D89/><N who="1" m="55439" /><E21/><N who="2" m="11479" /><F124/><N who="0" m="47658" /><D58/><U55/><E75/><V104/><F53/><W71/><G71/><T70/><D70/><U109/><E74/><V86/><F86/><W95/><G105/><T85/><D85/><N who="1" m="52591" /><E109/><V20/><F23/><W45/><G78/><T39/><D39/><U54/><E61/><V25/><F104/><W83/><G83/><T118/><D118/><U96/><E96/><V112/><AGARI ba="2,0" hai="8,11,19,20,25,112,113,114" m="11479,51723" machi="112" ten="40,5200,0" yaku="20,1,34,2" doraHai="44" who="2" fromWho="2" sc="77,-15,335,-15,285,58,303,-28" /><INIT seed="4,0,0,4,3,120" ten="62,320,343,275" oya="0" hai0="91,123,106,62,64,60,4,108,17,126,46,36,79" hai1="21,20,38,14,90,9,31,45,77,135,51,118,49" hai2="112,124,53,19,76,11,43,28,127,87,12,5,97" hai3="15,107,69,130,58,109,29,94,95,129,18,100,22"/><T8/><D123/><U54/><E38/><V41/><F112/><W82/><G69/><T56/><D126/><N who="2" m="48170" /><F28/><W98/><G29/><T34/><D34/><U134/><E118/><V63/><F97/><W48/><G82/><T84/><D106/><U86/><E51/><V50/><F63/><W70/><G70/><T47/><D79/><U114/><E114/><V35/><F35/><W55/><REACH who="3" step="1"/><G109/><REACH who="3" ten="62,320,343,265" step="2"/><T74/><D74/><U30/><E30/><V59/><F5/><W68/><G68/><T26/><D36/><U13/><E31/><V104/><F104/><W73/><G73/><T78/><D78/><U121/><E77/><V27/><F27/><W99/><G99/><T88/><D108/><U57/><E121/><V66/><F66/><W81/><G81/><AGARI ba="0,1" hai="11,12,19,41,43,50,53,59,76,81,87" m="48170" machi="81" ten="30,1000,0" yaku="18,1" doraHai="120" who="2" fromWho="3" sc="62,0,320,0,343,20,265,-10" /><INIT seed="5,0,0,1,3,121" ten="62,320,363,255" oya="1" hai0="80,132,81,25,114,22,77,5,128,52,70,16,85" hai1="67,97,53,62,116,88,106,60,120,84,1,127,90" hai2="93,61,78,36,65,2,110,91,3,107,72,12,28" hai3="8,125,124,39,43,95,4,68,103,58,109,101,108"/><U112/><E1/><V123/><F110/><N who="3" m="42603" /><G68/><T94/><D114/><U46/><E120/><V13/><F123/><W74/><G74/><T92/><D132/><U66/><E112/><V73/><F107/><W117/><G43/><T59/><D128/><U79/><E79/><V18/><F36/><W27/><G39/><T45/><D70/><U57/><E46/><V130/><F130/><W14/><G95/><T133/><D133/><U47/><E47/><V71/><F72/><W75/><G75/><T86/><D45/><U51/><E106/><V105/><F105/><W118/><G58/><T135/><D5/><U15/><E15/><V26/><F73/><W100/><G27/><T10/><D10/><U126/><E97/><V21/><F78/><W49/><G49/><T44/><D44/><U33/><E66/><V9/><REACH who="2" step="1"/><F13/><REACH who="2" ten="62,320,353,255" step="2"/><W20/><G20/><T55/><D135/><U31/><E127/><AGARI ba="0,1" hai="4,8,14,100,101,103,117,118,124,125,127" m="42603" machi="127" ten="40,8000,1" yaku="18,1,52,3" doraHai="121" who="3" fromWho="1" sc="62,0,320,-80,353,0,255,90" /><INIT seed="6,0,0,4,2,41" ten="62,240,353,345" oya="2" hai0="7,108,8,81,83,87,101,30,47,84,115,78,109" hai1="65,27,43,39,79,6,121,114,22,10,9,126,53" hai2="92,95,19,102,105,25,77,119,46,107,37,103,3" hai3="0,125,21,38,29,99,40,124,18,69,106,32,112"/><V88/><F3/><W50/><G38/><T127/><D115/><U117/><E79/><V128/><F119/><W13/><G69/><T36/><D127/><N who="3" m="48713" /><G0/><T93/><D30/><U48/><E126/><V14/><F128/><W52/><G40/><T64/><D64/><U110/><E53/><V71/><F71/><W73/><G73/><T59/><D59/><U132/><E132/><V133/><F133/><W33/><G29/><T118/><D118/><U49/><E121/><V91/><F25/><W104/><G112/><T1/><D101/><U54/><E65/><V51/><F37/><W75/><G75/><T4/><D4/><U74/><E74/><V23/><F77/><W42/><G42/><T26/><D26/><U61/><E61/><V45/><F51/><W120/><G120/><T58/><D58/><U97/><E39/><V20/><F19/><W122/><G122/><T123/><D123/><U116/><E97/><V68/><F68/><W135/><G135/><T76/><REACH who="0" step="1"/><D93/><REACH who="0" ten="52,240,353,345" step="2"/><U98/><E27/><V66/><F66/><W5/><G5/><T89/><D89/><U55/><E6/><V72/><F72/><W28/><G28/><T86/><D86/><U44/><E114/><V80/><F14/><W16/><G18/><T24/><D24/><U70/><E70/><V113/><F113/><W134/><G134/><T11/><D11/><U15/><E10/><V17/><F17/><W85/><G85/><T67/><D67/><U129/><E117/><V35/><F35/><N who="3" m="13387" /><G99/><T63/><D63/><U131/><E116/><V31/><F31/><W2/><G2/><RYUUKYOKU ba="0,1" sc="52,10,240,-30,353,10,345,10" hai0="1,7,8,36,47,76,78,81,83,84,87,108,109" hai2="20,23,45,46,80,88,91,92,95,102,103,105,107" hai3="13,16,21,50,52,104,106" /><INIT seed="6,1,1,0,1,31" ten="62,210,363,355" oya="2" hai0="121,52,127,58,30,128,126,50,66,26,60,120,28" hai1="97,23,76,15,73,133,102,122,17,108,114,89,7" hai2="119,10,35,38,132,88,43,55,86,48,118,95,3" hai3="1,64,16,47,83,112,90,21,130,36,104,68,34"/><V19/><F35/><W54/><G1/><T129/><D28/><U109/><E7/><V8/><F132/><W85/><G104/><T75/><D75/><U74/><E133/><V78/><F78/><W57/><G34/><T32/><D120/><U110/><E122/><V2/><F43/><W62/><G130/><T99/><D99/><U87/><E76/><V70/><F70/><W105/><G105/><T39/><D39/><U91/><E114/><V25/><F38/><W84/><G84/><T79/><D79/><U61/><E61/><V117/><F8/><W0/><G0/><T53/><D121/><U123/><E123/><V33/><F33/><W5/><G5/><T46/><REACH who="0" step="1"/><D66/><REACH who="0" ten="52,210,363,355" step="2"/><U81/><E74/><V11/><F2/><W111/><G36/><T49/><D49/><U13/><E73/><V125/><F3/><W131/><G64/><T92/><D92/><U37/><E97/><V94/><F95/><W116/><G112/><T135/><D135/><U72/><E72/><V4/><F117/><W6/><G116/><T22/><D22/><U63/><E23/><V12/><F119/><W106/><G106/><T82/><D82/><U59/><E81/><V24/><F118/><W42/><G83/><T96/><D96/><U98/><E98/><V77/><F77/><W27/><G21/><T100/><D100/><U44/><E102/><V14/><F125/><AGARI ba="1,2" hai="26,30,32,46,50,52,53,58,60,125,126,127,128,129" machi="125" ten="40,8000,1" yaku="1,1,18,1,52,1,54,1,53,0" doraHai="31" doraHaiUra="18" who="0" fromWho="2" sc="52,103,210,0,363,-83,355,0" /><INIT seed="7,0,0,1,5,92" ten="155,210,280,355" oya="3" hai0="34,125,132,127,114,44,12,17,7,122,90,121,64" hai1="20,1,82,2,76,45,86,102,91,54,128,36,96" hai2="18,60,59,46,97,119,40,14,43,16,94,104,37" hai3="21,130,120,71,38,23,108,112,19,3,50,41,69"/><W47/><G3/><N who="1" m="1034" /><E54/><V95/><F119/><W100/><G120/><N who="0" m="46187" /><D90/><U129/><E20/><V117/><F117/><W98/><G23/><N who="0" m="11687" /><D44/><U67/><E67/><V81/><F81/><W135/><G135/><T68/><D64/><U113/><E36/><V5/><F5/><W11/><G11/><T72/><D68/><U80/><E45/><V28/><F28/><W9/><G9/><T27/><D72/><U26/><E26/><V133/><F133/><W109/><G50/><T110/><D132/><U103/><E96/><V66/><F43/><W53/><G53/><T42/><D42/><U134/><E134/><V93/><REACH who="2" step="1"/><F14/><REACH who="2" ten="155,210,270,355" step="2"/><N who="3" m="9463" /><G130/><N who="1" m="50282" /><E113/><V105/><F105/><N who="3" m="63639" /><G112/><T62/><D114/><U8/><E8/><V74/><F74/><AGARI ba="0,1" hai="74,76,80,82,86,91,102,103" m="50282,1034" machi="74" ten="30,1000,0" yaku="19,1" doraHai="92" who="1" fromWho="2" sc="155,0,210,20,270,-10,355,0" owari="155,-34.0,230,-17.0,260,6.0,355,45.0" /></mjloggm>